Gmt time,Ask,Bid,AskVolume,BidVolume
24.06.2021 03:00:06.030,0.75753,0.75743,1500000,1000000
24.06.2021 03:00:07.191,0.75752,0.75743,1000000,1000000
24.06.2021 03:00:09.659,0.75753,0.75743,1500000,1000000
24.06.2021 03:00:13.388,0.75752,0.75743,1000000,1000000
24.06.2021 03:00:17.703,0.75753,0.75743,1690000.0572,1000000
24.06.2021 03:00:20.578,0.75753,0.75743,4000000,1000000
24.06.2021 03:00:26.138,0.75753,0.75741,2500000,1000000
24.06.2021 03:00:33.810,0.7575000000000001,0.75742,1250000,1000000
24.06.2021 03:00:33.911,0.7575100000000001,0.75742,1000000,1000000
24.06.2021 03:00:34.012,0.75753,0.75741,1690000.0572,1000000
24.06.2021 03:00:34.114,0.7575100000000001,0.75742,1000000,1000000
24.06.2021 03:00:47.353,0.75752,0.75742,1690000.0572,1000000
24.06.2021 03:00:47.454,0.75752,0.75743,1250000,1000000
24.06.2021 03:00:51.049,0.75752,0.75743,1000000,2750000
24.06.2021 03:00:51.100,0.75754,0.75744,1690000.0572,1250000
24.06.2021 03:00:51.150,0.7575500000000001,0.75746,1000000,1000000
24.06.2021 03:00:51.252,0.7575600000000001,0.75747,1250000,1000000
24.06.2021 03:00:54.789,0.75758,0.75749,2500000,1000000
24.06.2021 03:00:59.440,0.75758,0.75746,1250000,1000000
24.06.2021 03:00:59.794,0.7575600000000001,0.75747,1000000,1000000
24.06.2021 03:01:03.199,0.75758,0.75746,1690000.0572,1000000
24.06.2021 03:01:17.278,0.75758,0.75746,3250000,1000000
24.06.2021 03:01:24.033,0.75757,0.75747,1690000.0572,1000000
24.06.2021 03:01:37.634,0.75758,0.75748,2500000,1500000
24.06.2021 03:01:38.189,0.75758,0.75748,1000000,1500000
24.06.2021 03:01:44.106,0.75757,0.75748,1000000,1000000
24.06.2021 03:01:44.208,0.75757,0.75747,1000000,1500000
24.06.2021 03:02:03.051,0.7575600000000001,0.75746,2440000.0572,1500000
24.06.2021 03:02:26.818,0.75758,0.75749,1309999.9428,1000000
24.06.2021 03:02:26.970,0.75759,0.75749,3190000.0572,1000000
24.06.2021 03:02:28.134,0.7576100000000001,0.7575100000000001,1690000.0572,1000000
24.06.2021 03:02:29.582,0.7576200000000001,0.75753,2440000.0572,1000000
24.06.2021 03:02:29.683,0.75763,0.75753,3190000.0572,1000000
24.06.2021 03:02:32.836,0.75763,0.75752,1250000,1000000
24.06.2021 03:02:32.937,0.75759,0.75749,2440000.0572,1620000.0048
24.06.2021 03:02:33.038,0.75759,0.75749,3250000,1000000
24.06.2021 03:02:46.964,0.7576100000000001,0.7575100000000001,1000000,1950000.0477
24.06.2021 03:02:47.065,0.7576200000000001,0.75752,1309999.9428,1000000
24.06.2021 03:02:47.484,0.75763,0.75753,3250000,1000000
24.06.2021 03:02:47.586,0.75763,0.75753,1500000,1100000.0238
24.06.2021 03:02:54.547,0.75763,0.75753,2500000,1500000
24.06.2021 03:02:54.649,0.7576200000000001,0.7575100000000001,1690000.0572,3450000.0477
24.06.2021 03:02:57.467,0.7576200000000001,0.7575100000000001,4750000,1500000
24.06.2021 03:02:57.569,0.7576,0.7575000000000001,1250000,1500000
24.06.2021 03:03:00.910,0.7576100000000001,0.75749,4000000,1000000
24.06.2021 03:03:05.228,0.75759,0.7575000000000001,1250000,1000000
24.06.2021 03:03:17.745,0.7576,0.7575000000000001,2500000,1000000
24.06.2021 03:03:19.849,0.7576100000000001,0.7575000000000001,3250000,1500000
24.06.2021 03:03:19.950,0.7576100000000001,0.7575100000000001,3250000,1000000
24.06.2021 03:03:25.021,0.7576200000000001,0.75753,1250000,1000000
24.06.2021 03:03:26.746,0.75763,0.75753,1690000.0572,1570000.0525
24.06.2021 03:03:26.848,0.75765,0.75753,4000000,1000000
24.06.2021 03:03:30.119,0.75763,0.75753,1250000,1500000
24.06.2021 03:03:31.428,0.75764,0.75754,4000000,1000000
24.06.2021 03:03:35.254,0.75764,0.75752,1250000,1500000
24.06.2021 03:04:15.157,0.75763,0.75754,1250000,1000000
24.06.2021 03:04:26.754,0.75764,0.75754,1000000,1000000
24.06.2021 03:04:30.467,0.75763,0.75754,1250000,1000000
24.06.2021 03:04:31.153,0.75763,0.75753,1250000,1000000
24.06.2021 03:04:31.255,0.75759,0.7575000000000001,1000000,1500000
24.06.2021 03:04:31.356,0.75759,0.7575000000000001,1000000,1000000
24.06.2021 03:04:31.974,0.75759,0.75749,1000000,1000000
24.06.2021 03:04:33.309,0.75759,0.7575000000000001,1000000,1000000
24.06.2021 03:04:33.410,0.7576,0.7575000000000001,1690000.0572,1500000
24.06.2021 03:04:56.875,0.7576,0.75748,1000000,1000000
24.06.2021 03:04:57.306,0.75759,0.7575000000000001,1000000,1000000
24.06.2021 03:05:00.701,0.75758,0.75748,1000000,1000000
24.06.2021 03:05:01.628,0.75757,0.75748,1000000,1000000
24.06.2021 03:05:08.097,0.75757,0.75747,1000000,1000000
24.06.2021 03:05:08.198,0.7575600000000001,0.75747,1000000,1000000
24.06.2021 03:05:12.622,0.75757,0.75747,1000000,1000000
24.06.2021 03:05:14.671,0.75758,0.75748,1000000,2059999.9428
24.06.2021 03:05:20.854,0.75759,0.75749,1000000,1500000
24.06.2021 03:05:20.905,0.7576100000000001,0.75752,2059999.9428,1000000
24.06.2021 03:05:25.150,0.7576100000000001,0.75753,1690000.0572,1000000
24.06.2021 03:05:33.668,0.75765,0.75753,1690000.0572,2059999.9428
24.06.2021 03:05:33.769,0.7576600000000001,0.7575500000000001,1309999.9428,1000000
24.06.2021 03:05:36.145,0.7576600000000001,0.75757,2569999.9332,1000000
24.06.2021 03:05:36.246,0.7576700000000001,0.7575600000000001,1250000,1000000
24.06.2021 03:05:37.249,0.75765,0.7575600000000001,1000000,1000000
24.06.2021 03:05:37.842,0.75764,0.7575600000000001,1000000,1000000
24.06.2021 03:05:38.145,0.75764,0.7575500000000001,1250000,1000000
24.06.2021 03:05:38.247,0.7576200000000001,0.75754,1000000,1000000
24.06.2021 03:05:44.611,0.75763,0.7575500000000001,1000000,1000000
24.06.2021 03:05:46.346,0.75764,0.7575500000000001,1000000,1000000
24.06.2021 03:05:46.448,0.75765,0.75757,1690000.0572,1000000
24.06.2021 03:05:51.502,0.75769,0.75758,2140000.1049,1000000
24.06.2021 03:05:53.322,0.75768,0.7576,1100000.0238,1000000
24.06.2021 03:05:59.032,0.7577100000000001,0.7576200000000001,1120000.0048,1000000
24.06.2021 03:05:59.587,0.7577200000000001,0.75763,1000000,1000000
24.06.2021 03:05:59.689,0.7577200000000001,0.7576100000000001,1000000,1000000
24.06.2021 03:05:59.791,0.7577,0.7576100000000001,1250000,1000000
24.06.2021 03:05:59.892,0.75769,0.7576,1000000,1000000
24.06.2021 03:06:05.131,0.7577,0.7576,1690000.0572,1000000
24.06.2021 03:06:05.232,0.7577100000000001,0.7576100000000001,1690000.0572,1000000
24.06.2021 03:06:05.333,0.7577100000000001,0.7576200000000001,1120000.0048,1000000
24.06.2021 03:06:05.434,0.7577100000000001,0.75763,1120000.0048,1000000
24.06.2021 03:06:05.536,0.7577100000000001,0.7576200000000001,1000000,1000000
24.06.2021 03:06:05.637,0.7577200000000001,0.7576200000000001,1000000,1000000
24.06.2021 03:06:06.239,0.7577,0.7576200000000001,1000000,1000000
24.06.2021 03:06:06.493,0.7577,0.75763,1000000,1000000
24.06.2021 03:06:06.646,0.7577,0.7576200000000001,1000000,1000000
24.06.2021 03:06:08.113,0.7577,0.7576100000000001,1000000,1000000
24.06.2021 03:06:12.156,0.7577,0.7576200000000001,1000000,1000000
24.06.2021 03:06:12.308,0.7577100000000001,0.75759,1000000,1000000
24.06.2021 03:06:12.358,0.7577,0.7576200000000001,1000000,1000000
24.06.2021 03:06:13.535,0.7577100000000001,0.7576,1250000,1000000
24.06.2021 03:06:13.637,0.7577,0.7576,1009999.9905,1000000
24.06.2021 03:06:13.995,0.75769,0.7576,1250000,1000000
24.06.2021 03:06:14.199,0.7577,0.75759,1750000,1000000
24.06.2021 03:06:14.300,0.75769,0.7576,1009999.9905,1000000
24.06.2021 03:06:16.582,0.75768,0.7576,1000000,1000000
24.06.2021 03:06:16.684,0.7576600000000001,0.7575600000000001,1000000,1000000
24.06.2021 03:06:16.785,0.75764,0.7575600000000001,1000000,1000000
24.06.2021 03:06:18.598,0.7576200000000001,0.75753,1000000,1000000
24.06.2021 03:06:18.699,0.7576200000000001,0.7575100000000001,1000000,1120000.0048
24.06.2021 03:06:22.901,0.7576,0.7575100000000001,1000000,1000000
24.06.2021 03:06:23.156,0.7576100000000001,0.7575100000000001,1000000,1000000
24.06.2021 03:06:24.410,0.75763,0.7575000000000001,2059999.9428,1500000
24.06.2021 03:06:24.512,0.7576200000000001,0.7575000000000001,1000000,1000000
24.06.2021 03:06:29.922,0.7576100000000001,0.75752,1000000,1000000
24.06.2021 03:06:30.023,0.7576200000000001,0.75752,1250000,1000000
24.06.2021 03:06:30.226,0.7576200000000001,0.75753,1250000,1000000
24.06.2021 03:06:30.328,0.75763,0.7575100000000001,1250000,1000000
24.06.2021 03:06:30.530,0.7576100000000001,0.75752,1000000,1000000
24.06.2021 03:06:38.743,0.7576200000000001,0.75752,1009999.9905,1000000
24.06.2021 03:06:39.976,0.75763,0.75753,1759999.9905,1000000
24.06.2021 03:06:40.077,0.7576200000000001,0.75753,1000000,1000000
24.06.2021 03:06:44.904,0.75763,0.7575100000000001,1250000,1000000
24.06.2021 03:06:47.469,0.7576200000000001,0.75753,2059999.9428,1000000
24.06.2021 03:06:47.621,0.75763,0.7575500000000001,2190000.0572,1000000
24.06.2021 03:06:47.722,0.75764,0.75754,1690000.0572,1000000
24.06.2021 03:06:48.147,0.7576600000000001,0.7575500000000001,2869999.8856,1000000
24.06.2021 03:06:48.249,0.7576600000000001,0.75757,2319999.9332,1000000
24.06.2021 03:06:48.351,0.75764,0.7575500000000001,1250000,1000000
24.06.2021 03:06:48.503,0.75764,0.7575500000000001,2009999.9905,1000000
24.06.2021 03:06:49.116,0.75765,0.7575600000000001,2059999.9428,1000000
24.06.2021 03:06:49.167,0.75769,0.75757,4699999.8093,1000000
24.06.2021 03:06:49.319,0.75768,0.75758,1009999.9905,1000000
24.06.2021 03:06:50.815,0.75768,0.75759,1690000.0572,1000000
24.06.2021 03:06:56.740,0.7577,0.75758,1100000.0238,1000000
24.06.2021 03:06:56.841,0.75769,0.7576100000000001,1000000,1000000
24.06.2021 03:07:00.121,0.75769,0.75759,2200000.0477,1000000
24.06.2021 03:07:00.273,0.75768,0.75758,1009999.9905,1000000
24.06.2021 03:07:05.702,0.7576700000000001,0.75758,1000000,1000000
24.06.2021 03:07:05.914,0.75768,0.75759,1250000,1000000
24.06.2021 03:07:06.017,0.75769,0.7576,1000000,1000000
24.06.2021 03:07:09.871,0.7577,0.7576100000000001,1250000,1000000
24.06.2021 03:07:15.370,0.75769,0.7576100000000001,1000000,1000000
24.06.2021 03:07:18.410,0.75768,0.75759,1250000,1000000
24.06.2021 03:07:21.173,0.75769,0.75758,1750000,1000000
24.06.2021 03:07:22.793,0.7577,0.75758,1690000.0572,1000000
24.06.2021 03:07:23.046,0.75769,0.7576100000000001,1000000,1000000
24.06.2021 03:07:25.482,0.75768,0.7576100000000001,1000000,1000000
24.06.2021 03:07:25.584,0.75768,0.75759,1250000,1000000
24.06.2021 03:07:26.393,0.75769,0.7576,1000000,1000000
24.06.2021 03:07:27.785,0.7577,0.75759,2009999.9905,1000000
24.06.2021 03:07:28.353,0.75768,0.7576100000000001,1000000,1000000
24.06.2021 03:07:28.454,0.75769,0.7576100000000001,1000000,1000000
24.06.2021 03:07:38.639,0.75769,0.7576100000000001,1750000,1000000
24.06.2021 03:07:38.690,0.75769,0.75758,2569999.9332,1000000
24.06.2021 03:07:38.842,0.7576700000000001,0.75758,1250000,1000000
24.06.2021 03:07:38.943,0.7576600000000001,0.75757,1009999.9905,1000000
24.06.2021 03:07:39.095,0.7576600000000001,0.75757,2009999.9905,1000000
24.06.2021 03:07:41.476,0.75765,0.7575600000000001,1250000,1000000
24.06.2021 03:07:41.577,0.75764,0.7575500000000001,1250000,1000000
24.06.2021 03:07:41.678,0.75765,0.75757,1000000,1000000
24.06.2021 03:07:43.209,0.7576700000000001,0.75758,2509999.9905,1000000
24.06.2021 03:07:47.169,0.7576700000000001,0.75757,1000000,1000000
24.06.2021 03:07:47.270,0.75768,0.75758,1120000.0048,1000000
24.06.2021 03:07:50.574,0.75768,0.7576,1250000,1000000
24.06.2021 03:07:51.068,0.7576700000000001,0.7576,1250000,1000000
24.06.2021 03:07:54.700,0.75768,0.7576,1009999.9905,1000000
24.06.2021 03:07:54.902,0.75768,0.7576,1820000.0525,1000000
24.06.2021 03:07:55.800,0.7576700000000001,0.75759,1250000,1000000
24.06.2021 03:08:15.066,0.7576700000000001,0.75758,1250000,1000000
24.06.2021 03:08:17.258,0.7576700000000001,0.75759,1250000,1000000
24.06.2021 03:08:27.035,0.75768,0.75758,1820000.0525,1000000
24.06.2021 03:08:27.500,0.7576700000000001,0.75758,1750000,1000000
24.06.2021 03:08:28.566,0.75769,0.75758,1820000.0525,1000000
24.06.2021 03:08:28.920,0.75768,0.75757,1250000,1000000
24.06.2021 03:08:35.284,0.75764,0.7575600000000001,1000000,1000000
24.06.2021 03:08:35.385,0.75765,0.75754,1250000,1000000
24.06.2021 03:08:37.183,0.75763,0.7575500000000001,1000000,1000000
24.06.2021 03:08:38.693,0.75763,0.75754,1009999.9905,1000000
24.06.2021 03:08:44.903,0.7576100000000001,0.75753,1000000,1000000
24.06.2021 03:08:46.752,0.75764,0.75754,2200000.0477,1000000
24.06.2021 03:08:46.853,0.75764,0.75754,1389999.9857,1000000
24.06.2021 03:08:47.211,0.75764,0.75753,1000000,1000000
24.06.2021 03:08:55.946,0.75764,0.75754,1000000,1000000
24.06.2021 03:08:58.642,0.75768,0.75759,2000000,1690000.0572
24.06.2021 03:08:58.744,0.7577,0.7576,1809999.9428,1250000
24.06.2021 03:08:58.846,0.7577100000000001,0.75763,1100000.0238,1000000
24.06.2021 03:08:59.252,0.7577200000000001,0.75763,1250000,1000000
24.06.2021 03:08:59.354,0.75775,0.75765,1500000,1000000
24.06.2021 03:08:59.455,0.75774,0.7576700000000001,1000000,1000000
24.06.2021 03:08:59.607,0.75775,0.75765,1250000,1000000
24.06.2021 03:09:01.268,0.7577200000000001,0.75765,1000000,1000000
24.06.2021 03:09:10.966,0.75775,0.7576700000000001,1100000.0238,1000000
24.06.2021 03:09:11.271,0.75775,0.7576600000000001,1000000,1000000
24.06.2021 03:09:11.322,0.7577600000000001,0.75768,1009999.9905,1000000
24.06.2021 03:09:11.753,0.75775,0.7576600000000001,1000000,1000000
24.06.2021 03:09:12.070,0.75774,0.7576600000000001,1000000,1000000
24.06.2021 03:09:12.171,0.75775,0.75764,1000000,1000000
24.06.2021 03:09:16.182,0.75774,0.75764,1100000.0238,1000000
24.06.2021 03:09:16.283,0.75774,0.75764,2539999.9619,1000000
24.06.2021 03:09:17.336,0.7577200000000001,0.75764,1000000,1000000
24.06.2021 03:09:20.575,0.7577100000000001,0.7576200000000001,1000000,1000000
24.06.2021 03:09:20.677,0.7577,0.7576200000000001,1000000,1000000
24.06.2021 03:09:20.778,0.75769,0.7576100000000001,1000000,1000000
24.06.2021 03:09:21.004,0.7577100000000001,0.7576100000000001,1000000,1000000
24.06.2021 03:09:21.105,0.7577100000000001,0.7576200000000001,1389999.9857,1000000
24.06.2021 03:09:22.399,0.7577200000000001,0.75759,1009999.9905,1500000
24.06.2021 03:09:22.450,0.75769,0.7576,1000000,1000000
24.06.2021 03:09:22.551,0.75768,0.7576,1000000,1000000
24.06.2021 03:09:26.215,0.75768,0.75759,1000000,1000000
24.06.2021 03:09:32.525,0.75768,0.7576,1000000,1000000
24.06.2021 03:09:32.677,0.75769,0.7576,1250000,1000000
24.06.2021 03:09:34.234,0.7577,0.7576,1250000,1000000
24.06.2021 03:09:34.340,0.75769,0.7576,1250000,1000000
24.06.2021 03:09:35.639,0.75769,0.7576100000000001,1250000,1000000
24.06.2021 03:09:42.736,0.7577,0.7576100000000001,1000000,1000000
24.06.2021 03:09:42.837,0.7577100000000001,0.75763,1250000,1000000
24.06.2021 03:09:48.846,0.7577200000000001,0.75763,2319999.9332,1000000
24.06.2021 03:09:49.258,0.75773,0.75763,1120000.0048,1000000
24.06.2021 03:09:49.360,0.75774,0.75763,1120000.0048,1000000
24.06.2021 03:09:49.461,0.7577200000000001,0.7576200000000001,1000000,1000000
24.06.2021 03:09:50.083,0.7577,0.7576100000000001,1000000,1940000.0572
24.06.2021 03:09:53.465,0.75774,0.7576100000000001,8949999.8093,1940000.0572
24.06.2021 03:09:53.567,0.7577200000000001,0.7576100000000001,4039999.9619,1000000
24.06.2021 03:09:53.668,0.7577200000000001,0.7576200000000001,1789999.9619,1000000
24.06.2021 03:09:56.026,0.7576700000000001,0.7576,1000000,1250000
24.06.2021 03:09:56.127,0.7577,0.7576,2890000.1049,1000000
24.06.2021 03:09:56.228,0.7577,0.7576,2910000.0858,1000000
24.06.2021 03:09:58.393,0.7577,0.7576,1389999.9857,1000000
24.06.2021 03:09:58.581,0.7577100000000001,0.7576100000000001,3039999.9619,1000000
24.06.2021 03:09:58.834,0.7577100000000001,0.7576,2539999.9619,1000000
24.06.2021 03:09:58.884,0.7577100000000001,0.7576200000000001,1100000.0238,1000000
24.06.2021 03:09:59.361,0.7577100000000001,0.7576,17290000.9155,1000000
24.06.2021 03:09:59.462,0.7577200000000001,0.75759,14659999.8474,1000000
24.06.2021 03:10:00.477,0.7577200000000001,0.7576,1350000.0238,1000000
24.06.2021 03:10:03.284,0.7577100000000001,0.7576,1600000.0238,1000000
24.06.2021 03:10:03.385,0.7577100000000001,0.7576100000000001,2539999.9619,1000000
24.06.2021 03:10:04.079,0.7577100000000001,0.7576,1600000.0238,1000000
24.06.2021 03:10:04.612,0.7577,0.7576,3099999.9046,1000000
24.06.2021 03:10:05.955,0.7576600000000001,0.75758,1009999.9905,1000000
24.06.2021 03:10:06.007,0.7576700000000001,0.7575500000000001,3900000.0954,1000000
24.06.2021 03:10:06.109,0.7576700000000001,0.75754,4960000.0381,1000000
24.06.2021 03:10:06.211,0.7576600000000001,0.75757,1100000.0238,1000000
24.06.2021 03:10:06.313,0.75768,0.75757,3109999.8951,1000000
24.06.2021 03:10:06.414,0.7576700000000001,0.75758,2509999.9905,1000000
24.06.2021 03:10:11.752,0.75763,0.75754,1000000,2200000.0477
24.06.2021 03:10:15.099,0.7576200000000001,0.75754,1000000,2119999.8856
24.06.2021 03:10:19.268,0.7576700000000001,0.75757,1759999.9905,1000000
24.06.2021 03:10:20.932,0.7576200000000001,0.75754,1000000,2200000.0477
24.06.2021 03:10:25.255,0.75763,0.7575600000000001,1000000,1000000
24.06.2021 03:10:25.306,0.7576700000000001,0.75757,2910000.0858,1000000
24.06.2021 03:10:25.783,0.7576700000000001,0.75757,2890000.1049,1000000
24.06.2021 03:10:26.791,0.75768,0.7575600000000001,2910000.0858,1000000
24.06.2021 03:10:28.276,0.7576700000000001,0.75757,1200000.0477,1000000
24.06.2021 03:10:28.377,0.7576700000000001,0.75757,1000000,1000000
24.06.2021 03:10:28.479,0.75769,0.75758,2549999.9523,1000000
24.06.2021 03:10:35.554,0.75763,0.7575600000000001,1000000,1690000.0572
24.06.2021 03:10:38.968,0.75763,0.75757,1000000,1000000
24.06.2021 03:10:39.118,0.75768,0.75757,1570000.0525,1000000
24.06.2021 03:10:39.402,0.75768,0.75757,1600000.0238,1000000
24.06.2021 03:10:40.125,0.75768,0.75757,1570000.0525,1000000
24.06.2021 03:10:41.731,0.75764,0.7575500000000001,1000000,1690000.0572
24.06.2021 03:10:47.779,0.75768,0.75757,1600000.0238,1000000
24.06.2021 03:10:48.863,0.75763,0.7575600000000001,1000000,1690000.0572
24.06.2021 03:10:48.964,0.7576600000000001,0.7575500000000001,4789999.9619,1000000
24.06.2021 03:10:53.744,0.7576200000000001,0.75753,1000000,1000000
24.06.2021 03:10:56.924,0.75765,0.7575500000000001,1000000,1000000
24.06.2021 03:10:57.325,0.75763,0.75754,1000000,1000000
24.06.2021 03:10:57.427,0.75763,0.7575600000000001,1000000,1000000
24.06.2021 03:11:02.244,0.7576600000000001,0.7575500000000001,4789999.9619,1000000
24.06.2021 03:11:03.928,0.7576200000000001,0.7575500000000001,1000000,1000000
24.06.2021 03:11:04.918,0.7576100000000001,0.75753,1000000,1940000.0572
24.06.2021 03:11:05.643,0.7576100000000001,0.75753,1000000,1250000
24.06.2021 03:11:05.744,0.7576100000000001,0.75754,1000000,1000000
24.06.2021 03:11:06.564,0.7576200000000001,0.75754,1000000,1000000
24.06.2021 03:11:09.688,0.7576200000000001,0.75753,1000000,1000000
24.06.2021 03:11:13.367,0.7576,0.75753,1000000,1000000
24.06.2021 03:11:14.472,0.7576200000000001,0.75752,1000000,1250000
24.06.2021 03:11:20.038,0.7576100000000001,0.75752,1000000,1250000
24.06.2021 03:11:26.627,0.7576100000000001,0.75753,1000000,1250000
24.06.2021 03:11:28.469,0.7576200000000001,0.7575500000000001,1000000,1000000
24.06.2021 03:11:35.968,0.75764,0.75754,1000000,1000000
24.06.2021 03:11:37.532,0.75765,0.75757,1000000,1000000
24.06.2021 03:11:38.038,0.7576600000000001,0.75757,1000000,1000000
24.06.2021 03:11:46.030,0.75769,0.75759,1000000,1000000
24.06.2021 03:11:46.132,0.7577,0.7576,1000000,1000000
24.06.2021 03:11:55.892,0.75768,0.75759,1000000,1690000.0572
24.06.2021 03:11:58.647,0.7577,0.75759,1000000,1000000
24.06.2021 03:11:59.896,0.7577,0.75758,1000000,2509999.9905
24.06.2021 03:12:00.475,0.75768,0.75758,1000000,1309999.9428
24.06.2021 03:12:00.526,0.7576700000000001,0.7575600000000001,1000000,1750000
24.06.2021 03:12:00.627,0.7576600000000001,0.7575600000000001,1000000,2500000
24.06.2021 03:12:02.708,0.75765,0.7575600000000001,1000000,2500000
24.06.2021 03:12:03.171,0.75765,0.7575600000000001,1000000,1250000
24.06.2021 03:12:03.272,0.7576600000000001,0.7575600000000001,1000000,1250000
24.06.2021 03:12:06.926,0.7576600000000001,0.75754,1000000,3509999.9905
24.06.2021 03:12:08.300,0.75765,0.7575500000000001,1500000,1500000
24.06.2021 03:12:08.401,0.75763,0.75754,1000000,1000000
24.06.2021 03:12:11.953,0.7576200000000001,0.75753,1000000,1690000.0572
24.06.2021 03:12:12.256,0.75763,0.75753,1000000,1690000.0572
24.06.2021 03:12:16.709,0.75763,0.75754,1000000,1000000
24.06.2021 03:12:26.057,0.75763,0.7575600000000001,1000000,1000000
24.06.2021 03:12:26.366,0.7576600000000001,0.75757,2700000.0477,1000000
24.06.2021 03:12:26.519,0.7576600000000001,0.75757,2049999.9523,1000000
24.06.2021 03:12:26.914,0.75763,0.7575600000000001,1000000,1000000
24.06.2021 03:12:32.846,0.7576200000000001,0.75753,1000000,1250000
24.06.2021 03:12:37.982,0.75763,0.7575500000000001,1000000,1000000
24.06.2021 03:12:38.235,0.7576200000000001,0.7575500000000001,1000000,1000000
24.06.2021 03:12:43.879,0.7576200000000001,0.75754,1000000,1000000
24.06.2021 03:12:44.612,0.75763,0.75754,1000000,1690000.0572
24.06.2021 03:12:44.714,0.75764,0.75754,1000000,2009999.9905
24.06.2021 03:12:46.282,0.7576600000000001,0.75757,1000000,1000000
24.06.2021 03:12:54.798,0.75765,0.75757,1000000,1000000
24.06.2021 03:12:54.902,0.75764,0.75757,1000000,1000000
24.06.2021 03:12:55.004,0.75765,0.7575500000000001,1000000,1000000
24.06.2021 03:12:55.106,0.75763,0.7575500000000001,1000000,1000000
24.06.2021 03:12:55.338,0.75763,0.75754,1000000,1000000
24.06.2021 03:12:58.734,0.7576100000000001,0.75753,1000000,1250000
24.06.2021 03:12:58.785,0.7576200000000001,0.7575500000000001,1000000,1000000
24.06.2021 03:13:00.635,0.7576100000000001,0.75753,1000000,1250000
24.06.2021 03:13:03.716,0.7576600000000001,0.7575500000000001,5360000.1335,1000000
24.06.2021 03:13:04.699,0.7576100000000001,0.75753,1000000,1250000
24.06.2021 03:13:05.790,0.7576200000000001,0.7575500000000001,1000000,1000000
24.06.2021 03:13:07.141,0.75763,0.7575500000000001,1000000,1000000
24.06.2021 03:13:07.243,0.75765,0.75754,1000000,1000000
24.06.2021 03:13:07.395,0.75764,0.7575500000000001,1000000,2009999.9905
24.06.2021 03:13:08.290,0.75765,0.75758,1000000,1000000
24.06.2021 03:13:10.412,0.7576600000000001,0.7575600000000001,1000000,1000000
24.06.2021 03:13:10.930,0.75764,0.75757,1000000,1000000
24.06.2021 03:13:12.064,0.75765,0.7575500000000001,1000000,1000000
24.06.2021 03:13:12.165,0.75764,0.75754,1000000,1000000
24.06.2021 03:13:12.420,0.7576200000000001,0.7575500000000001,1000000,1000000
24.06.2021 03:13:16.156,0.75763,0.75753,1000000,1120000.0048
24.06.2021 03:13:16.257,0.75763,0.75754,1000000,1250000
24.06.2021 03:13:18.626,0.75763,0.7575600000000001,1000000,1000000
24.06.2021 03:13:26.561,0.75763,0.75754,1000000,1000000
24.06.2021 03:13:26.781,0.75764,0.7575500000000001,1600000.0238,1000000
24.06.2021 03:13:27.686,0.75765,0.75754,1570000.0525,1000000
24.06.2021 03:13:28.574,0.75764,0.7575500000000001,2069999.9332,1000000
24.06.2021 03:13:28.748,0.75764,0.7575500000000001,2319999.9332,1000000
24.06.2021 03:13:28.999,0.75764,0.7575600000000001,1500000,1000000
24.06.2021 03:13:29.100,0.75765,0.7575600000000001,1500000,1000000
24.06.2021 03:13:29.202,0.75763,0.7575600000000001,1000000,1000000
24.06.2021 03:13:30.373,0.7576600000000001,0.7575500000000001,2069999.9332,1000000
24.06.2021 03:13:31.394,0.7576600000000001,0.7575500000000001,3109999.8951,1000000
24.06.2021 03:13:31.596,0.7576200000000001,0.7575500000000001,1000000,1000000
24.06.2021 03:13:39.792,0.75763,0.7575100000000001,1000000,2009999.9905
24.06.2021 03:13:39.949,0.75764,0.75753,1000000,1250000
24.06.2021 03:13:40.253,0.75765,0.7575600000000001,1000000,1000000
24.06.2021 03:13:41.509,0.7576600000000001,0.75757,3569999.9332,1000000
24.06.2021 03:13:41.713,0.7576600000000001,0.75757,2150000.0954,1000000
24.06.2021 03:13:41.891,0.75765,0.75757,1000000,1000000
24.06.2021 03:13:42.073,0.7576600000000001,0.75757,2150000.0954,1000000
24.06.2021 03:13:42.935,0.75763,0.75753,1000000,2009999.9905
24.06.2021 03:13:43.138,0.75764,0.75754,1000000,1000000
24.06.2021 03:13:46.562,0.75764,0.75757,1000000,1000000
24.06.2021 03:13:46.664,0.7576700000000001,0.75759,1120000.0048,1000000
24.06.2021 03:13:46.816,0.7576600000000001,0.75757,1000000,1000000
24.06.2021 03:13:50.273,0.75764,0.7575600000000001,1000000,1250000
24.06.2021 03:13:52.639,0.75764,0.75757,1000000,1000000
24.06.2021 03:13:53.877,0.75763,0.7575500000000001,1000000,1500000
24.06.2021 03:13:54.574,0.75763,0.75754,1000000,1000000
24.06.2021 03:14:00.607,0.7576200000000001,0.7575100000000001,1000000,1250000
24.06.2021 03:14:00.759,0.7576200000000001,0.75754,1100000.0238,1000000
24.06.2021 03:14:00.861,0.75759,0.75752,1000000,1000000
24.06.2021 03:14:00.962,0.7576,0.75753,1000000,1000000
24.06.2021 03:14:01.569,0.7576,0.7575000000000001,1000000,2009999.9905
24.06.2021 03:14:01.872,0.7576,0.7575100000000001,1000000,1940000.0572
24.06.2021 03:14:10.533,0.7576100000000001,0.75752,1000000,1000000
24.06.2021 03:14:11.787,0.7576,0.75752,1000000,1250000
24.06.2021 03:14:17.711,0.7576100000000001,0.75752,1000000,1250000
24.06.2021 03:14:21.969,0.7576200000000001,0.75752,1000000,1000000
24.06.2021 03:14:23.274,0.75763,0.75753,1000000,1000000
24.06.2021 03:14:23.477,0.75763,0.75754,1000000,1000000
24.06.2021 03:14:23.578,0.7576200000000001,0.75754,1000000,1000000
24.06.2021 03:14:23.987,0.75763,0.7575500000000001,1000000,1000000
24.06.2021 03:14:27.359,0.75763,0.75754,1000000,1000000
24.06.2021 03:14:27.461,0.7576100000000001,0.75754,1000000,1000000
24.06.2021 03:14:27.512,0.7576,0.75752,1000000,1000000
24.06.2021 03:14:27.969,0.7576100000000001,0.7575000000000001,1000000,1690000.0572
24.06.2021 03:14:28.071,0.7576,0.7575000000000001,1000000,1690000.0572
24.06.2021 03:14:28.172,0.7576100000000001,0.75752,1000000,1000000
24.06.2021 03:14:29.161,0.7576,0.75752,1000000,1000000
24.06.2021 03:14:30.152,0.7576,0.7575100000000001,1000000,1690000.0572
24.06.2021 03:14:34.886,0.7576,0.75752,1000000,1000000
24.06.2021 03:14:37.939,0.7576,0.7575100000000001,1000000,1690000.0572
24.06.2021 03:14:38.040,0.75759,0.7575100000000001,1000000,1690000.0572
24.06.2021 03:14:38.243,0.75758,0.7575000000000001,1000000,1000000
24.06.2021 03:14:46.263,0.75758,0.75749,1000000,1000000
24.06.2021 03:14:48.968,0.7576200000000001,0.75753,1100000.0238,1690000.0572
24.06.2021 03:14:49.019,0.7576600000000001,0.7575500000000001,3670000.0763,1250000
24.06.2021 03:14:49.070,0.7576700000000001,0.75757,1870000.0048,1000000
24.06.2021 03:14:55.185,0.7576600000000001,0.75757,1000000,1250000
24.06.2021 03:14:55.286,0.75769,0.75758,1000000,1000000
24.06.2021 03:15:00.436,0.7576700000000001,0.75759,1000000,1000000
24.06.2021 03:15:01.258,0.7577200000000001,0.75764,2250000,1120000.0048
24.06.2021 03:15:01.361,0.75775,0.7576700000000001,1000000,1690000.0572
24.06.2021 03:15:02.204,0.75774,0.7576700000000001,1000000,1000000
24.06.2021 03:15:03.030,0.75774,0.7576600000000001,1000000,1000000
24.06.2021 03:15:04.717,0.7577600000000001,0.7576700000000001,1000000,1250000
24.06.2021 03:15:04.841,0.75778,0.7576600000000001,1500000,1250000
24.06.2021 03:15:04.993,0.75774,0.7576600000000001,1000000,1000000
24.06.2021 03:15:05.195,0.75774,0.75764,1000000,1500000
24.06.2021 03:15:05.400,0.75773,0.75764,1000000,1500000
24.06.2021 03:15:08.630,0.75775,0.75763,1120000.0048,1500000
24.06.2021 03:15:17.105,0.75774,0.75763,1000000,1000000
24.06.2021 03:15:18.083,0.7577200000000001,0.75764,1000000,1000000
24.06.2021 03:15:18.285,0.75774,0.75763,1000000,1000000
24.06.2021 03:15:19.375,0.7577200000000001,0.75764,1000000,1000000
24.06.2021 03:15:20.537,0.75773,0.75764,1000000,1000000
24.06.2021 03:15:21.348,0.75773,0.75763,1000000,1000000
24.06.2021 03:15:21.866,0.75774,0.75763,1000000,1000000
24.06.2021 03:15:24.003,0.75773,0.75763,1000000,1000000
24.06.2021 03:15:24.202,0.75774,0.75763,1000000,1000000
24.06.2021 03:15:24.442,0.7577200000000001,0.75764,1000000,1000000
24.06.2021 03:15:27.052,0.7577100000000001,0.7576100000000001,5070000.1717,1500000
24.06.2021 03:15:27.103,0.75768,0.75759,1000000,1500000
24.06.2021 03:15:27.307,0.7576700000000001,0.75757,1870000.0048,1000000
24.06.2021 03:15:27.409,0.7576600000000001,0.7575600000000001,1000000,1000000
24.06.2021 03:15:38.442,0.7576600000000001,0.75757,1500000,1000000
24.06.2021 03:15:38.652,0.7576600000000001,0.75757,1500000,1000000
24.06.2021 03:15:38.804,0.7576600000000001,0.75757,1500000,1000000
24.06.2021 03:15:39.775,0.75764,0.7575500000000001,1120000.0048,1000000
24.06.2021 03:15:39.876,0.75763,0.75754,1000000,1000000
24.06.2021 03:15:42.692,0.75764,0.75754,1870000.0048,1000000
24.06.2021 03:15:43.278,0.75764,0.75754,2000000,1000000
24.06.2021 03:15:43.430,0.75765,0.75753,1870000.0048,1000000
24.06.2021 03:15:44.015,0.75764,0.75754,2000000,1000000
24.06.2021 03:15:44.218,0.75764,0.75754,1870000.0048,1000000
24.06.2021 03:15:44.598,0.75764,0.75754,2000000,1000000
24.06.2021 03:15:44.842,0.75764,0.75754,1870000.0048,1000000
24.06.2021 03:15:44.998,0.75764,0.75754,2000000,1000000
24.06.2021 03:15:45.122,0.75764,0.75754,1870000.0048,1000000
24.06.2021 03:15:45.452,0.75764,0.75754,2000000,1000000
24.06.2021 03:15:45.911,0.75764,0.75754,1870000.0048,1000000
24.06.2021 03:15:46.048,0.75764,0.75754,2000000,1000000
24.06.2021 03:15:46.522,0.75764,0.75754,1870000.0048,1000000
24.06.2021 03:15:46.624,0.75765,0.75753,2000000,1000000
24.06.2021 03:15:46.896,0.75764,0.75754,1870000.0048,1000000
24.06.2021 03:15:47.050,0.75764,0.75754,2000000,1000000
24.06.2021 03:15:47.435,0.75764,0.75754,1870000.0048,1000000
24.06.2021 03:15:47.898,0.75765,0.75753,2000000,1000000
24.06.2021 03:15:48.045,0.75764,0.75754,1870000.0048,1000000
24.06.2021 03:15:48.178,0.75764,0.75754,2000000,1000000
24.06.2021 03:15:49.158,0.75764,0.75754,1870000.0048,1000000
24.06.2021 03:15:49.261,0.75764,0.75754,2000000,1000000
24.06.2021 03:15:49.380,0.75764,0.75754,1870000.0048,1000000
24.06.2021 03:15:49.582,0.75764,0.75754,2000000,1000000
24.06.2021 03:15:49.835,0.75764,0.75754,1870000.0048,1000000
24.06.2021 03:15:59.015,0.75764,0.75754,2000000,1000000
24.06.2021 03:15:59.575,0.75764,0.75754,1870000.0048,1000000
24.06.2021 03:15:59.750,0.75764,0.75754,2000000,1000000
24.06.2021 03:16:00.021,0.75764,0.75754,1870000.0048,1000000
24.06.2021 03:16:13.297,0.75764,0.75753,1000000,1000000
24.06.2021 03:16:32.973,0.75764,0.75754,1500000,1250000
24.06.2021 03:16:38.396,0.75764,0.75754,2000000,1000000
24.06.2021 03:16:38.679,0.75764,0.75754,1870000.0048,1000000
24.06.2021 03:16:44.397,0.75765,0.75753,2000000,1000000
24.06.2021 03:16:44.756,0.75765,0.75753,1870000.0048,1000000
24.06.2021 03:16:50.720,0.75763,0.75753,1120000.0048,1500000
24.06.2021 03:17:01.475,0.75763,0.75752,3640000.1049,1500000
24.06.2021 03:17:03.600,0.75764,0.75752,1870000.0048,1000000
24.06.2021 03:17:20.811,0.7576700000000001,0.7575500000000001,2450000.0477,1500000
24.06.2021 03:17:20.912,0.7576700000000001,0.7575600000000001,1120000.0048,1000000
24.06.2021 03:17:21.014,0.75768,0.75758,1500000,1500000
24.06.2021 03:17:22.200,0.75768,0.75757,1870000.0048,3190000.0572
24.06.2021 03:17:23.797,0.75768,0.75757,2069999.9332,1500000
24.06.2021 03:17:24.154,0.75768,0.75757,2319999.9332,1500000
24.06.2021 03:17:24.674,0.75768,0.75757,2069999.9332,1500000
24.06.2021 03:18:00.707,0.7576700000000001,0.75757,1500000,1000000
24.06.2021 03:18:04.722,0.7576700000000001,0.75757,1500000,1000000
24.06.2021 03:18:04.823,0.75765,0.75754,2150000.0954,3559999.9428
24.06.2021 03:18:04.924,0.7576600000000001,0.75754,1120000.0048,1000000
24.06.2021 03:18:05.178,0.7576600000000001,0.7575600000000001,2000000,1000000
24.06.2021 03:18:06.023,0.75765,0.7575500000000001,1000000,1500000
24.06.2021 03:18:17.303,0.75765,0.75752,2509999.9905,1500000
24.06.2021 03:18:17.708,0.75765,0.75752,2190000.0572,1500000
24.06.2021 03:18:27.132,0.75764,0.75754,1750000,1000000
24.06.2021 03:18:37.824,0.7576600000000001,0.75754,1000000,1000000
24.06.2021 03:19:00.428,0.75764,0.75754,1500000,1000000
24.06.2021 03:19:00.530,0.75764,0.75753,1000000,1000000
24.06.2021 03:19:02.415,0.75764,0.75754,1870000.0048,1000000
24.06.2021 03:19:11.097,0.7576600000000001,0.75753,1870000.0048,1500000
24.06.2021 03:19:17.331,0.75765,0.75754,2000000,1500000
24.06.2021 03:19:18.847,0.75763,0.75754,1000000,1000000
24.06.2021 03:19:22.018,0.75764,0.75754,1120000.0048,1000000
24.06.2021 03:19:38.842,0.7576600000000001,0.7575600000000001,1500000,1000000
24.06.2021 03:19:49.156,0.75764,0.7575500000000001,1000000,1000000
24.06.2021 03:19:49.208,0.7576200000000001,0.75752,1500000,2059999.9428
24.06.2021 03:20:12.066,0.7576200000000001,0.7575100000000001,2140000.1049,2250000
24.06.2021 03:20:12.319,0.75759,0.75749,1500000,1620000.0048
24.06.2021 03:20:12.421,0.7576,0.75748,1500000,1120000.0048
24.06.2021 03:20:14.598,0.75758,0.75749,1000000,1000000
24.06.2021 03:20:18.199,0.75757,0.75748,1000000,1000000
24.06.2021 03:20:18.301,0.75758,0.75746,1000000,1000000
24.06.2021 03:20:30.294,0.75757,0.75748,1000000,1000000
24.06.2021 03:20:59.873,0.75758,0.75749,1120000.0048,1000000
24.06.2021 03:21:00.076,0.75759,0.75749,1759999.9905,1000000
24.06.2021 03:21:11.475,0.7576,0.75748,1500000,1000000
24.06.2021 03:21:12.233,0.75759,0.75749,1200000.0477,1000000
24.06.2021 03:21:12.595,0.75759,0.75749,1500000,1000000
24.06.2021 03:21:13.724,0.75759,0.75749,1120000.0048,1000000
24.06.2021 03:21:14.576,0.75759,0.75747,1870000.0048,1500000
24.06.2021 03:21:14.679,0.7575500000000001,0.7574500000000001,1870000.0048,1500000
24.06.2021 03:21:14.781,0.7575500000000001,0.7574500000000001,1200000.0477,1000000
24.06.2021 03:21:28.065,0.7575600000000001,0.7574500000000001,1870000.0048,2509999.9905
24.06.2021 03:21:29.363,0.7575600000000001,0.75746,1000000,1000000
24.06.2021 03:21:39.007,0.75758,0.7574500000000001,2509999.9905,1000000
24.06.2021 03:21:40.555,0.75758,0.7574500000000001,3950000.0477,1000000
24.06.2021 03:21:41.134,0.75758,0.7574500000000001,3259999.9905,1000000
24.06.2021 03:21:42.732,0.75757,0.75746,3759999.9905,1000000
24.06.2021 03:21:44.268,0.75757,0.75746,4010000.2289,1000000
24.06.2021 03:21:48.301,0.7575600000000001,0.75746,1000000,1000000
24.06.2021 03:21:51.020,0.75757,0.75744,1870000.0048,2440000.0572
24.06.2021 03:21:53.906,0.75754,0.75744,1000000,1690000.0572
24.06.2021 03:21:56.441,0.7575500000000001,0.7574500000000001,1000000,1000000
24.06.2021 03:21:57.207,0.7575500000000001,0.75744,2700000.0477,2250000
24.06.2021 03:22:12.843,0.7575500000000001,0.7574500000000001,1500000,1000000
24.06.2021 03:22:24.082,0.75757,0.75746,2619999.8856,1500000
24.06.2021 03:22:34.570,0.75758,0.75746,1000000,1000000
24.06.2021 03:22:37.108,0.75757,0.75746,2619999.8856,1500000
24.06.2021 03:22:37.210,0.75757,0.7574500000000001,1000000,1000000
24.06.2021 03:22:37.362,0.7575600000000001,0.7574500000000001,1500000,3190000.0572
24.06.2021 03:22:37.950,0.7575500000000001,0.7574500000000001,1100000.0238,1000000
24.06.2021 03:22:38.052,0.7575500000000001,0.75744,4760000.2289,1500000
24.06.2021 03:22:42.336,0.75754,0.75744,1000000,1000000
24.06.2021 03:22:44.997,0.7575600000000001,0.75743,3640000.1049,1500000
24.06.2021 03:22:46.768,0.7575500000000001,0.7574500000000001,1500000,1000000
24.06.2021 03:22:46.869,0.7575600000000001,0.7574500000000001,1000000,2440000.0572
24.06.2021 03:22:49.603,0.7575500000000001,0.7574500000000001,1100000.0238,1000000
24.06.2021 03:22:49.704,0.7575500000000001,0.75744,2319999.9332,1500000
24.06.2021 03:22:52.864,0.7575600000000001,0.7574500000000001,3640000.1049,1000000
24.06.2021 03:22:53.016,0.7575600000000001,0.75744,1000000,1500000
24.06.2021 03:22:53.117,0.75757,0.75744,4389999.8665,1500000
24.06.2021 03:22:56.188,0.7575600000000001,0.7574500000000001,1500000,2000000
24.06.2021 03:22:56.819,0.75757,0.75744,1500000,1570000.0525
24.06.2021 03:23:06.372,0.7575600000000001,0.7574500000000001,1500000,4449999.8093
24.06.2021 03:23:06.474,0.75757,0.75746,2250000,1690000.0572
24.06.2021 03:23:10.311,0.75759,0.75747,2059999.9428,1000000
24.06.2021 03:23:10.412,0.75759,0.75749,1000000,1000000
24.06.2021 03:23:10.514,0.7576,0.75749,1500000,2059999.9428
24.06.2021 03:23:12.708,0.7576,0.7575000000000001,1000000,1000000
24.06.2021 03:23:13.553,0.7576100000000001,0.75748,2890000.1049,1500000
24.06.2021 03:23:14.244,0.7576,0.7575100000000001,1000000,1000000
24.06.2021 03:23:14.712,0.75759,0.75749,1000000,1000000
24.06.2021 03:23:16.238,0.75759,0.75748,1000000,2440000.0572
24.06.2021 03:23:21.303,0.75759,0.75749,1000000,1000000
24.06.2021 03:23:21.404,0.75763,0.7575100000000001,1500000,1000000
24.06.2021 03:23:21.506,0.75763,0.75752,3640000.1049,1000000
24.06.2021 03:23:26.703,0.7576200000000001,0.7575100000000001,1000000,1690000.0572
24.06.2021 03:23:30.412,0.75763,0.75752,3640000.1049,1000000
24.06.2021 03:23:30.622,0.75764,0.75754,1250000,1000000
24.06.2021 03:23:30.723,0.7576700000000001,0.7575500000000001,2440000.0572,1000000
24.06.2021 03:23:31.318,0.75765,0.75754,2950000.0477,1500000
24.06.2021 03:23:32.336,0.75765,0.75754,1690000.0572,1500000
24.06.2021 03:23:37.804,0.7576700000000001,0.75754,1309999.9428,1500000
24.06.2021 03:23:39.712,0.7576700000000001,0.7575600000000001,4639999.8665,1000000
24.06.2021 03:23:58.740,0.7576600000000001,0.75753,1759999.9905,1500000
24.06.2021 03:24:00.952,0.75765,0.75754,2259999.9905,1000000
24.06.2021 03:24:01.857,0.75765,0.75754,2509999.9905,1000000
24.06.2021 03:24:03.851,0.75765,0.75754,2259999.9905,1000000
24.06.2021 03:24:06.399,0.75765,0.75754,2059999.9428,1500000
24.06.2021 03:24:09.854,0.75765,0.75754,2069999.9332,1690000.0572
24.06.2021 03:24:12.620,0.7576600000000001,0.75753,1870000.0048,1690000.0572
24.06.2021 03:24:12.755,0.7576600000000001,0.75754,1120000.0048,1000000
24.06.2021 03:24:13.238,0.75765,0.75754,1570000.0525,1690000.0572
24.06.2021 03:24:13.440,0.7576600000000001,0.75754,1200000.0477,1000000
24.06.2021 03:24:13.542,0.7576700000000001,0.75757,1000000,1000000
24.06.2021 03:24:18.713,0.75768,0.75757,2890000.1049,1000000
24.06.2021 03:24:22.824,0.75768,0.75758,1690000.0572,1000000
24.06.2021 03:24:30.416,0.75769,0.75758,2440000.0572,1500000
24.06.2021 03:24:38.915,0.75769,0.75759,2509999.9905,1000000
24.06.2021 03:24:44.801,0.75768,0.75759,1000000,1000000
24.06.2021 03:24:50.391,0.7577,0.75758,2059999.9428,1000000
24.06.2021 03:25:27.258,0.75769,0.75758,1500000,1690000.0572
24.06.2021 03:25:27.632,0.75768,0.75758,1000000,1000000
24.06.2021 03:25:32.704,0.75769,0.7575600000000001,1500000,1500000
24.06.2021 03:25:33.126,0.75768,0.7575600000000001,1000000,1000000
24.06.2021 03:25:33.229,0.7576600000000001,0.7575600000000001,2250000,1500000
24.06.2021 03:25:33.332,0.7576600000000001,0.75754,2440000.0572,1000000
24.06.2021 03:25:33.664,0.75764,0.75753,2440000.0572,1500000
24.06.2021 03:25:33.766,0.7576200000000001,0.75752,1000000,1500000
24.06.2021 03:25:36.398,0.7576100000000001,0.7575100000000001,1000000,1250000
24.06.2021 03:25:55.825,0.7576200000000001,0.7575100000000001,1950000.0477,1750000
24.06.2021 03:26:04.404,0.7576200000000001,0.7575100000000001,1950000.0477,1690000.0572
24.06.2021 03:26:04.505,0.7576100000000001,0.7575100000000001,1759999.9905,1000000
24.06.2021 03:26:05.072,0.75759,0.75748,1000000,1690000.0572
24.06.2021 03:26:05.228,0.75758,0.7575000000000001,1000000,1000000
24.06.2021 03:26:09.164,0.75757,0.75748,1000000,2690000.0572
24.06.2021 03:26:09.265,0.75757,0.75748,1000000,1690000.0572
24.06.2021 03:26:17.367,0.75758,0.75748,1000000,1000000
24.06.2021 03:26:23.747,0.75759,0.75748,1000000,1309999.9428
24.06.2021 03:26:23.849,0.7576100000000001,0.75753,1000000,1000000
24.06.2021 03:26:25.165,0.75759,0.75752,1000000,1250000
24.06.2021 03:26:25.266,0.7576100000000001,0.7575000000000001,1000000,2869999.8856
24.06.2021 03:26:34.571,0.7576100000000001,0.7575000000000001,1000000,1690000.0572
24.06.2021 03:26:38.114,0.75758,0.75749,1000000,1000000
24.06.2021 03:26:38.215,0.75757,0.75748,1000000,1000000
24.06.2021 03:26:39.257,0.75758,0.75748,1000000,1000000
24.06.2021 03:26:45.083,0.75758,0.75749,1000000,1000000
24.06.2021 03:26:51.950,0.75758,0.75748,1000000,1009999.9905
24.06.2021 03:26:53.103,0.75757,0.75747,1000000,2009999.9905
24.06.2021 03:26:53.204,0.7575600000000001,0.75747,1000000,1500000
24.06.2021 03:26:57.114,0.7575600000000001,0.75746,1000000,2009999.9905
24.06.2021 03:27:02.499,0.75757,0.75747,1000000,1250000
24.06.2021 03:27:02.600,0.75758,0.75748,1500000,1000000
24.06.2021 03:27:12.467,0.75758,0.75746,1000000,1250000
24.06.2021 03:27:37.601,0.75758,0.75748,1000000,1000000
24.06.2021 03:27:37.703,0.75759,0.75749,2140000.1049,1000000
24.06.2021 03:27:44.587,0.7576200000000001,0.75752,2059999.9428,1000000
24.06.2021 03:27:44.739,0.75763,0.75753,2069999.9332,1250000
24.06.2021 03:27:44.841,0.75763,0.75753,1100000.0238,1250000
24.06.2021 03:27:49.070,0.7576100000000001,0.7575000000000001,1000000,1250000
24.06.2021 03:27:49.172,0.7576,0.7575000000000001,1100000.0238,1250000
24.06.2021 03:27:49.323,0.7576100000000001,0.7575000000000001,1000000,1250000
24.06.2021 03:27:55.716,0.7576200000000001,0.7575000000000001,1000000,1250000
24.06.2021 03:27:57.587,0.7576,0.7575100000000001,1000000,1250000
24.06.2021 03:28:02.392,0.7576,0.75749,1000000,1750000
24.06.2021 03:28:04.198,0.7576100000000001,0.7575100000000001,1200000.0477,1250000
24.06.2021 03:28:06.303,0.75763,0.7575100000000001,1000000,1000000
24.06.2021 03:28:06.405,0.75763,0.75753,1120000.0048,1250000
24.06.2021 03:28:06.506,0.75764,0.75753,1000000,1000000
24.06.2021 03:28:11.109,0.75763,0.75753,1000000,1250000
24.06.2021 03:28:11.412,0.75763,0.75754,1000000,1000000
24.06.2021 03:28:12.919,0.75763,0.75753,1000000,1000000
24.06.2021 03:28:28.866,0.75764,0.75753,1000000,1000000
24.06.2021 03:28:45.426,0.75765,0.75754,3099999.9046,1690000.0572
24.06.2021 03:28:45.527,0.7576600000000001,0.75753,3069999.9332,1690000.0572
24.06.2021 03:28:47.659,0.75765,0.7575600000000001,1500000,1000000
24.06.2021 03:28:47.760,0.75768,0.7575500000000001,2069999.9332,2500000
24.06.2021 03:28:47.861,0.75768,0.7575500000000001,1570000.0525,2500000
24.06.2021 03:28:47.963,0.7576600000000001,0.7575600000000001,3819999.9332,1000000
24.06.2021 03:28:51.290,0.75765,0.75754,1100000.0238,1690000.0572
24.06.2021 03:29:26.200,0.75765,0.75754,2349999.9046,1690000.0572
24.06.2021 03:29:30.146,0.75765,0.75754,2319999.9332,1690000.0572
24.06.2021 03:29:31.512,0.75765,0.75754,2349999.9046,1690000.0572
24.06.2021 03:29:46.914,0.75763,0.75754,1000000,1000000
24.06.2021 03:29:46.965,0.75763,0.7575000000000001,3849999.9046,1500000
24.06.2021 03:30:00.127,0.7576100000000001,0.7575000000000001,1000000,1000000
24.06.2021 03:30:00.209,0.7576,0.75749,2319999.9332,1690000.0572
24.06.2021 03:30:09.724,0.7576,0.75749,2700000.0477,2500000
24.06.2021 03:30:15.274,0.7576100000000001,0.7575000000000001,3450000.0477,1690000.0572
24.06.2021 03:30:15.376,0.7576100000000001,0.7575000000000001,2720000.0286,1250000
24.06.2021 03:30:15.773,0.7576100000000001,0.7575000000000001,2700000.0477,1250000
24.06.2021 03:30:18.323,0.7576100000000001,0.7575000000000001,2720000.0286,1250000
24.06.2021 03:30:20.137,0.7576100000000001,0.7575000000000001,2319999.9332,2500000
24.06.2021 03:30:31.610,0.7576200000000001,0.7575100000000001,1570000.0525,1690000.0572
24.06.2021 03:30:31.661,0.7576,0.75752,1000000,1000000
24.06.2021 03:30:37.768,0.7576100000000001,0.75752,1000000,1250000
24.06.2021 03:30:40.380,0.7576,0.7575000000000001,1000000,2500000
24.06.2021 03:30:40.633,0.75759,0.75749,1000000,2500000
24.06.2021 03:31:40.608,0.75759,0.75748,1500000,2440000.0572
24.06.2021 03:31:40.970,0.75757,0.75748,1000000,1500000
24.06.2021 03:31:44.517,0.75758,0.75748,1000000,1870000.0048
24.06.2021 03:31:53.055,0.75759,0.75747,1000000,2190000.0572
24.06.2021 03:31:53.356,0.75758,0.75748,1000000,2059999.9428
24.06.2021 03:31:54.567,0.75758,0.75748,1000000,2940000.0572
24.06.2021 03:31:54.668,0.75759,0.75747,1000000,3369999.8856
24.06.2021 03:31:54.769,0.75758,0.75748,1000000,2940000.0572
24.06.2021 03:31:54.870,0.75759,0.75747,1000000,3369999.8856
24.06.2021 03:31:55.022,0.75758,0.75748,1000000,3569999.9332
24.06.2021 03:31:55.128,0.75759,0.75748,1500000,4320000.1717
24.06.2021 03:31:55.229,0.75759,0.75748,1500000,5139999.8665
24.06.2021 03:32:02.241,0.75759,0.75748,1500000,4000000
24.06.2021 03:32:07.790,0.75759,0.75749,1500000,1500000
24.06.2021 03:32:07.892,0.7576100000000001,0.75752,1120000.0048,1250000
24.06.2021 03:32:08.568,0.75759,0.75749,1000000,1309999.9428
24.06.2021 03:32:08.670,0.7576,0.75748,1500000,2309999.9428
24.06.2021 03:32:08.771,0.75759,0.75749,1500000,1250000
24.06.2021 03:33:26.086,0.75759,0.7575100000000001,1000000,1250000
24.06.2021 03:33:26.137,0.7576100000000001,0.7575100000000001,1000000,1690000.0572
24.06.2021 03:33:34.519,0.7576100000000001,0.7575100000000001,1000000,2869999.8856
24.06.2021 03:33:34.620,0.75763,0.7575000000000001,1500000,3619999.8856
24.06.2021 03:33:42.436,0.7576200000000001,0.7575000000000001,1000000,1940000.0572
24.06.2021 03:33:46.800,0.7576200000000001,0.7575000000000001,1000000,1250000
24.06.2021 03:33:50.415,0.7576,0.7575100000000001,1000000,1000000
24.06.2021 03:33:50.516,0.7576,0.7575000000000001,1500000,1690000.0572
24.06.2021 03:33:50.668,0.7576,0.75748,1000000,2440000.0572
24.06.2021 03:33:55.765,0.75758,0.75748,1000000,4190000.0572
24.06.2021 03:33:55.867,0.75758,0.75748,1000000,2440000.0572
24.06.2021 03:34:02.073,0.75759,0.75747,1000000,3619999.8856
24.06.2021 03:34:16.494,0.75758,0.75747,1000000,1000000
24.06.2021 03:34:17.045,0.7575500000000001,0.75746,1000000,1000000
24.06.2021 03:34:17.146,0.75754,0.75746,1000000,1000000
24.06.2021 03:34:18.497,0.7575500000000001,0.7574500000000001,1000000,1690000.0572
24.06.2021 03:34:18.599,0.75754,0.7574500000000001,1000000,2059999.9428
24.06.2021 03:34:19.598,0.7575600000000001,0.75744,1000000,2059999.9428
24.06.2021 03:34:19.809,0.75754,0.7574500000000001,1000000,2059999.9428
24.06.2021 03:34:21.584,0.75757,0.75746,2250000,4190000.0572
24.06.2021 03:34:26.569,0.75758,0.75748,1500000,2309999.9428
24.06.2021 03:34:37.474,0.7575600000000001,0.75747,1000000,1000000
24.06.2021 03:34:37.576,0.75758,0.75747,1500000,2059999.9428
24.06.2021 03:34:37.678,0.75759,0.75747,1500000,1000000
24.06.2021 03:34:40.346,0.7575500000000001,0.75746,1000000,1870000.0048
24.06.2021 03:34:40.670,0.7575500000000001,0.7574500000000001,1000000,1690000.0572
24.06.2021 03:34:40.871,0.75758,0.75748,3000000,1250000
24.06.2021 03:34:40.972,0.75758,0.75746,1000000,1690000.0572
24.06.2021 03:35:08.939,0.7575600000000001,0.75746,1000000,2569999.9332
24.06.2021 03:35:22.330,0.7575600000000001,0.75747,1000000,2500000
24.06.2021 03:35:33.678,0.7575600000000001,0.75747,1000000,1500000
24.06.2021 03:35:39.234,0.75757,0.7574500000000001,1000000,1500000
24.06.2021 03:35:39.336,0.7575600000000001,0.75746,1000000,2690000.0572
24.06.2021 03:36:14.069,0.7575500000000001,0.7574500000000001,3940000.0572,1750000
24.06.2021 03:36:14.170,0.75753,0.75744,1000000,1120000.0048
24.06.2021 03:36:15.638,0.75753,0.7574500000000001,1000000,1000000
24.06.2021 03:36:24.667,0.7575600000000001,0.75747,1000000,1250000
24.06.2021 03:36:24.768,0.75758,0.75748,1500000,1250000
24.06.2021 03:36:24.873,0.75758,0.75748,1500000,1250000
24.06.2021 03:36:31.499,0.75754,0.7574500000000001,1500000,1250000
24.06.2021 03:36:31.600,0.75754,0.75744,1500000,1690000.0572
24.06.2021 03:37:09.480,0.75753,0.75744,1000000,1250000
24.06.2021 03:37:13.303,0.75753,0.75742,1000000,1940000.0572
24.06.2021 03:37:13.354,0.7575100000000001,0.75741,1000000,3819999.9332
24.06.2021 03:37:13.455,0.7575100000000001,0.75741,1500000,2119999.8856
24.06.2021 03:37:21.023,0.7575100000000001,0.7574000000000001,1500000,2569999.9332
24.06.2021 03:37:23.994,0.75752,0.75742,1000000,2569999.9332
24.06.2021 03:37:24.096,0.75753,0.75743,1000000,1690000.0572
24.06.2021 03:37:24.600,0.75754,0.75743,2250000,2500000
24.06.2021 03:37:29.699,0.75753,0.75743,1000000,2569999.9332
24.06.2021 03:37:34.003,0.75754,0.75744,2250000,1750000
24.06.2021 03:37:34.105,0.75754,0.75744,2250000,1690000.0572
24.06.2021 03:37:34.661,0.75754,0.75743,2250000,1690000.0572
24.06.2021 03:37:41.347,0.75754,0.75742,1000000,1000000
24.06.2021 03:37:43.357,0.75752,0.75743,1000000,1000000
24.06.2021 03:37:45.522,0.7575100000000001,0.75741,1000000,3440000.0572
24.06.2021 03:37:45.624,0.7575100000000001,0.75741,1500000,1690000.0572
24.06.2021 03:37:51.648,0.7575100000000001,0.7574000000000001,1000000,1250000
24.06.2021 03:38:02.666,0.7575100000000001,0.75742,1000000,1690000.0572
24.06.2021 03:38:02.767,0.7575100000000001,0.75742,1000000,2119999.8856
24.06.2021 03:38:08.541,0.7575100000000001,0.75742,1000000,1250000
24.06.2021 03:38:20.540,0.7575100000000001,0.7574000000000001,1000000,2690000.0572
24.06.2021 03:38:25.902,0.75749,0.75739,1000000,2390000.1049
24.06.2021 03:38:30.296,0.7575100000000001,0.75738,1500000,2690000.0572
24.06.2021 03:38:30.450,0.75749,0.75739,1500000,2690000.0572
24.06.2021 03:38:55.670,0.75749,0.75739,1000000,1690000.0572
24.06.2021 03:38:55.874,0.75748,0.75739,1000000,1250000
24.06.2021 03:38:55.976,0.75749,0.75737,1000000,1250000
24.06.2021 03:39:01.151,0.75748,0.75739,1000000,1000000
24.06.2021 03:39:22.305,0.75748,0.75738,4119999.8856,1000000
24.06.2021 03:39:22.407,0.75747,0.75737,1500000,1690000.0572
24.06.2021 03:40:03.987,0.75748,0.75737,1000000,1000000
24.06.2021 03:40:41.798,0.75749,0.75739,2809999.9428,1500000
24.06.2021 03:40:43.210,0.75749,0.7574000000000001,1000000,1000000
24.06.2021 03:40:43.261,0.75752,0.75743,1500000,1000000
24.06.2021 03:40:43.413,0.75753,0.75743,2250000,1500000
24.06.2021 03:40:45.452,0.7575100000000001,0.75742,1000000,1250000
24.06.2021 03:40:45.503,0.7575000000000001,0.7574000000000001,1570000.0525,1250000
24.06.2021 03:40:45.605,0.75749,0.75739,1000000,1750000
24.06.2021 03:41:20.722,0.7575000000000001,0.7574000000000001,1500000,1500000
24.06.2021 03:41:20.823,0.75752,0.75742,1000000,1000000
24.06.2021 03:41:20.925,0.7575500000000001,0.75746,1500000,1000000
24.06.2021 03:41:21.026,0.7575500000000001,0.7574500000000001,1500000,1250000
24.06.2021 03:41:21.127,0.75754,0.7574500000000001,1000000,1250000
24.06.2021 03:41:29.682,0.75754,0.75746,1000000,1000000
24.06.2021 03:41:29.733,0.75759,0.75749,3950000.0477,1250000
24.06.2021 03:41:29.935,0.75759,0.75749,1500000,1690000.0572
24.06.2021 03:41:46.935,0.75759,0.75749,1000000,2500000
24.06.2021 03:41:51.747,0.75759,0.7575000000000001,1000000,1250000
24.06.2021 03:41:51.849,0.7576100000000001,0.75753,1120000.0048,1750000
24.06.2021 03:41:51.950,0.7576100000000001,0.75752,1000000,1250000
24.06.2021 03:41:56.205,0.7576,0.7575000000000001,1500000,1250000
24.06.2021 03:42:06.988,0.75759,0.7575000000000001,1000000,1250000
24.06.2021 03:42:11.724,0.75763,0.7575100000000001,1870000.0048,1120000.0048
24.06.2021 03:42:11.825,0.7576200000000001,0.75752,1120000.0048,1940000.0572
24.06.2021 03:42:12.669,0.7576100000000001,0.7575100000000001,1000000,1000000
24.06.2021 03:42:12.720,0.7576100000000001,0.75749,1000000,1690000.0572
24.06.2021 03:42:12.821,0.75759,0.75749,1000000,2500000
24.06.2021 03:42:13.780,0.7576,0.7575000000000001,1000000,2569999.9332
24.06.2021 03:42:31.986,0.7576,0.75749,1000000,1820000.0525
24.06.2021 03:42:32.238,0.7576,0.7575000000000001,1000000,1009999.9905
24.06.2021 03:42:32.340,0.75759,0.7575000000000001,1000000,1250000
24.06.2021 03:42:36.268,0.75759,0.7575000000000001,1000000,1750000
24.06.2021 03:42:38.765,0.7576,0.7575000000000001,1000000,1820000.0525
24.06.2021 03:43:00.650,0.7576,0.7575100000000001,1000000,1250000
24.06.2021 03:43:03.027,0.7576200000000001,0.75752,2250000,1250000
24.06.2021 03:43:36.798,0.7576200000000001,0.75753,1000000,2119999.8856
24.06.2021 03:43:36.899,0.75763,0.75753,1000000,1750000
24.06.2021 03:43:37.001,0.7576100000000001,0.7575100000000001,1870000.0048,1120000.0048
24.06.2021 03:43:37.051,0.75759,0.7575100000000001,1000000,1000000
24.06.2021 03:43:37.153,0.75759,0.75748,1000000,1750000
24.06.2021 03:44:00.981,0.75758,0.7575000000000001,1000000,1250000
24.06.2021 03:44:22.177,0.75758,0.75749,1000000,2309999.9428
24.06.2021 03:44:56.285,0.75757,0.75749,1000000,1250000
24.06.2021 03:44:59.586,0.7575500000000001,0.75747,1570000.0525,1750000
24.06.2021 03:44:59.688,0.75753,0.75743,1000000,1870000.0048
24.06.2021 03:44:59.739,0.7575100000000001,0.75741,1000000,2000000
24.06.2021 03:45:00.195,0.7575100000000001,0.75739,1500000,2950000.0477
24.06.2021 03:45:00.297,0.7575000000000001,0.75741,1500000,1250000
24.06.2021 03:45:06.300,0.75748,0.75739,1000000,1370000.0048
24.06.2021 03:45:06.402,0.75747,0.75739,1000000,1250000
24.06.2021 03:45:06.554,0.75748,0.75739,1500000,1250000
24.06.2021 03:45:07.783,0.75748,0.75738,1000000,1690000.0572
24.06.2021 03:45:09.217,0.75748,0.75738,1000000,1750000
24.06.2021 03:45:10.290,0.75749,0.75738,1000000,1250000
24.06.2021 03:45:18.051,0.75748,0.75738,1000000,2500000
24.06.2021 03:45:29.744,0.75746,0.75736,1500000,1559999.9428
24.06.2021 03:45:29.846,0.75747,0.75737,1000000,1950000.0477
24.06.2021 03:45:29.947,0.75748,0.75737,1500000,4010000.2289
24.06.2021 03:45:30.048,0.75748,0.75738,1500000,1370000.0048
24.06.2021 03:45:39.258,0.7574500000000001,0.75737,1000000,3190000.0572
24.06.2021 03:45:39.309,0.75747,0.75737,2250000,1250000
24.06.2021 03:45:39.411,0.75747,0.75737,1000000,1820000.0525
24.06.2021 03:45:46.367,0.75744,0.75736,1000000,1750000
24.06.2021 03:45:46.469,0.7574500000000001,0.75736,1000000,1750000
24.06.2021 03:45:46.520,0.75747,0.75737,1870000.0048,1820000.0525
24.06.2021 03:45:55.129,0.7574500000000001,0.75737,1000000,1750000
24.06.2021 03:45:55.180,0.75746,0.75734,1000000,2569999.9332
24.06.2021 03:45:56.268,0.75747,0.75737,1500000,1940000.0572
24.06.2021 03:46:02.897,0.75748,0.75739,1000000,1250000
24.06.2021 03:46:07.217,0.75747,0.75738,1000000,1120000.0048
24.06.2021 03:46:07.319,0.75747,0.75738,1000000,1940000.0572
24.06.2021 03:46:07.774,0.75747,0.75739,1000000,1500000
24.06.2021 03:46:07.925,0.75747,0.75738,1000000,1940000.0572
24.06.2021 03:46:08.434,0.75747,0.75738,1000000,1250000
24.06.2021 03:46:09.205,0.75747,0.75738,1000000,1940000.0572
24.06.2021 03:46:12.872,0.75747,0.75738,1000000,1250000
24.06.2021 03:46:13.024,0.75748,0.75738,1500000,1250000
24.06.2021 03:46:24.311,0.75749,0.75737,1500000,2869999.8856
24.06.2021 03:46:29.988,0.75747,0.75738,1000000,1940000.0572
24.06.2021 03:46:30.595,0.75746,0.75736,1000000,2500000
24.06.2021 03:46:30.696,0.75746,0.75736,1000000,1250000
24.06.2021 03:46:30.747,0.75747,0.75738,1000000,1250000
24.06.2021 03:46:30.899,0.75748,0.75738,1000000,1250000
24.06.2021 03:46:32.557,0.75747,0.75737,2250000,1250000
24.06.2021 03:46:32.658,0.75746,0.75736,1000000,1820000.0525
24.06.2021 03:46:32.710,0.75749,0.75736,1500000,1820000.0525
24.06.2021 03:46:40.764,0.75748,0.75738,1000000,1940000.0572
24.06.2021 03:47:03.352,0.75748,0.75738,1000000,1250000
24.06.2021 03:47:06.119,0.75748,0.75739,1000000,1250000
24.06.2021 03:47:06.221,0.75749,0.75738,1000000,2809999.9428
24.06.2021 03:47:11.377,0.75749,0.75738,1000000,2119999.8856
24.06.2021 03:47:14.202,0.75748,0.75739,1000000,1250000
24.06.2021 03:47:16.024,0.75749,0.75738,1000000,2119999.8856
24.06.2021 03:47:16.158,0.75749,0.75738,1000000,1250000
24.06.2021 03:47:28.162,0.75747,0.75737,1789999.9619,1000000
24.06.2021 03:47:28.264,0.75747,0.75738,1000000,1250000
24.06.2021 03:47:28.365,0.75748,0.75738,1000000,1250000
24.06.2021 03:47:31.052,0.75748,0.75738,1000000,1750000
24.06.2021 03:47:41.852,0.75749,0.75739,1000000,1250000
24.06.2021 03:48:01.218,0.7575000000000001,0.75738,1000000,1940000.0572
24.06.2021 03:48:01.320,0.7575100000000001,0.7574000000000001,1000000,3700000.0477
24.06.2021 03:48:01.421,0.75752,0.75742,1120000.0048,2869999.8856
24.06.2021 03:48:01.522,0.75754,0.75742,1000000,2200000.0477
24.06.2021 03:48:02.028,0.75752,0.75743,1000000,1500000
24.06.2021 03:48:02.130,0.75752,0.75742,1000000,2009999.9905
24.06.2021 03:48:17.137,0.7575100000000001,0.75741,1000000,1370000.0048
24.06.2021 03:48:17.239,0.75749,0.7574000000000001,1000000,1750000
24.06.2021 03:48:18.589,0.75749,0.75739,1000000,1750000
24.06.2021 03:48:22.219,0.7575000000000001,0.75739,1000000,2759999.9905
24.06.2021 03:48:22.320,0.7575100000000001,0.75741,1120000.0048,1750000
24.06.2021 03:48:22.624,0.7575000000000001,0.75741,1000000,1250000
24.06.2021 03:48:22.675,0.7575000000000001,0.75739,1000000,1820000.0525
24.06.2021 03:48:22.776,0.75748,0.75739,1000000,1750000
24.06.2021 03:48:53.753,0.7575100000000001,0.75739,1000000,1370000.0048
24.06.2021 03:48:53.854,0.75752,0.75739,1870000.0048,1820000.0525
24.06.2021 03:48:54.961,0.7575100000000001,0.75738,1570000.0525,1750000
24.06.2021 03:49:10.536,0.75749,0.75738,2250000,1350000.0238
24.06.2021 03:49:14.446,0.75748,0.75738,1000000,1250000
24.06.2021 03:49:56.318,0.7574500000000001,0.75734,1500000,5260000.2289
24.06.2021 03:49:56.420,0.7574500000000001,0.7573500000000001,1000000,2500000
24.06.2021 03:49:56.521,0.75749,0.75736,2250000,2009999.9905
24.06.2021 03:49:58.233,0.75748,0.75738,1000000,1500000
24.06.2021 03:50:00.603,0.75748,0.75737,2319999.9332,1940000.0572
24.06.2021 03:50:08.192,0.75748,0.75738,1500000,1370000.0048
24.06.2021 03:50:10.958,0.75749,0.75738,2250000,2200000.0477
24.06.2021 03:50:28.133,0.7575000000000001,0.7574000000000001,1000000,1500000
24.06.2021 03:50:43.762,0.75753,0.75741,1000000,1250000
24.06.2021 03:50:43.864,0.75753,0.75742,1500000,1250000
24.06.2021 03:50:45.525,0.75753,0.75742,2250000,1940000.0572
24.06.2021 03:50:45.626,0.75753,0.75742,2250000,1120000.0048
24.06.2021 03:50:45.728,0.75753,0.75742,2250000,1940000.0572
24.06.2021 03:50:45.829,0.75753,0.75742,2250000,1250000
24.06.2021 03:50:49.138,0.75753,0.75742,2250000,1940000.0572
24.06.2021 03:50:50.067,0.75753,0.75742,2250000,1250000
24.06.2021 03:50:50.168,0.75753,0.75743,2250000,1250000
24.06.2021 03:50:50.270,0.75753,0.75742,2250000,1750000
24.06.2021 03:50:55.672,0.75753,0.75742,2400000.0954,1250000
24.06.2021 03:50:55.774,0.75753,0.75741,1000000,1250000
24.06.2021 03:51:02.739,0.75753,0.75741,1000000,1750000
24.06.2021 03:51:04.785,0.75752,0.75742,1000000,1250000
24.06.2021 03:51:04.891,0.75752,0.75742,1000000,1750000
24.06.2021 03:51:07.136,0.75752,0.75742,1500000,1250000
24.06.2021 03:51:22.942,0.75752,0.75742,1000000,2500000
24.06.2021 03:51:23.145,0.75753,0.75744,1000000,1250000
24.06.2021 03:51:23.246,0.75754,0.75743,1500000,1750000
24.06.2021 03:51:23.347,0.75753,0.75743,1000000,1750000
24.06.2021 03:51:25.748,0.75753,0.75742,1500000,2500000
24.06.2021 03:51:28.021,0.75752,0.75742,1000000,2500000
24.06.2021 03:51:28.365,0.75754,0.75741,2319999.9332,2500000
24.06.2021 03:51:30.213,0.75752,0.75741,3069999.9332,1750000
24.06.2021 03:51:30.315,0.7575100000000001,0.75738,2250000,3190000.0572
24.06.2021 03:51:36.549,0.75749,0.75739,1000000,1250000
24.06.2021 03:51:46.260,0.75748,0.75737,1000000,3440000.0572
24.06.2021 03:51:46.361,0.75749,0.75737,3069999.9332,2690000.0572
24.06.2021 03:51:49.909,0.7575000000000001,0.75739,1000000,2009999.9905
24.06.2021 03:51:50.011,0.75753,0.75741,2819999.9332,1750000
24.06.2021 03:51:50.061,0.75752,0.75742,2319999.9332,1750000
24.06.2021 03:51:58.044,0.75753,0.75744,1000000,1250000
24.06.2021 03:51:59.537,0.75754,0.75744,1500000,1250000
24.06.2021 03:52:03.734,0.75754,0.75744,1500000,1750000
24.06.2021 03:52:03.835,0.75754,0.75744,1500000,1250000
24.06.2021 03:52:53.044,0.7575100000000001,0.75744,1000000,1000000
24.06.2021 03:52:53.096,0.75752,0.75742,2250000,1000000
24.06.2021 03:52:56.878,0.75752,0.75743,1000000,1000000
24.06.2021 03:52:56.979,0.75753,0.75743,2250000,1250000
24.06.2021 03:53:11.092,0.75752,0.75742,1500000,1750000
24.06.2021 03:53:12.468,0.7575100000000001,0.75742,1000000,1250000
24.06.2021 03:53:19.375,0.7575100000000001,0.7574000000000001,1500000,2569999.9332
24.06.2021 03:53:19.477,0.75752,0.75739,1500000,1759999.9905
24.06.2021 03:53:19.931,0.7575000000000001,0.75737,1000000,3539999.9619
24.06.2021 03:53:23.827,0.75749,0.75737,1500000,3539999.9619
24.06.2021 03:53:25.539,0.75749,0.75738,1500000,1259999.9905
24.06.2021 03:53:26.770,0.75749,0.75737,1000000,1259999.9905
24.06.2021 03:53:36.619,0.75748,0.75737,1500000,2569999.9332
24.06.2021 03:53:37.151,0.75747,0.75737,1000000,1250000
24.06.2021 03:54:01.812,0.75746,0.7573500000000001,4199999.8093,2119999.8856
24.06.2021 03:54:01.863,0.75744,0.7573500000000001,1000000,2119999.8856
24.06.2021 03:54:03.032,0.75746,0.7573500000000001,1000000,3700000.0477
24.06.2021 03:54:14.057,0.75747,0.75736,1570000.0525,2500000
24.06.2021 03:54:15.003,0.75747,0.75737,1500000,1250000
24.06.2021 03:54:23.627,0.75747,0.75738,1500000,1250000
24.06.2021 03:54:30.786,0.75748,0.75736,1500000,1259999.9905
24.06.2021 03:54:33.901,0.7574500000000001,0.7573500000000001,1000000,3700000.0477
24.06.2021 03:54:35.843,0.75747,0.75736,1500000,4659999.8474
24.06.2021 03:54:45.270,0.75749,0.75736,1500000,2200000.0477
24.06.2021 03:54:56.434,0.75748,0.75737,1500000,1009999.9905
24.06.2021 03:54:56.644,0.75746,0.75736,1000000,1250000
24.06.2021 03:54:56.746,0.7574500000000001,0.7573500000000001,1000000,1940000.0572
24.06.2021 03:54:56.849,0.75746,0.7573500000000001,1100000.0238,2690000.0572
24.06.2021 03:54:57.945,0.75747,0.75734,1500000,1009999.9905
24.06.2021 03:54:58.046,0.75746,0.75734,1000000,1009999.9905
24.06.2021 03:55:04.159,0.7574500000000001,0.7573500000000001,1000000,2500000
24.06.2021 03:55:18.205,0.7574500000000001,0.7573500000000001,1500000,1250000
24.06.2021 03:55:18.661,0.75746,0.7573500000000001,1570000.0525,3059999.9428
24.06.2021 03:55:18.762,0.7574500000000001,0.7573500000000001,1000000,2500000
24.06.2021 03:55:18.872,0.75746,0.7573500000000001,1570000.0525,3619999.8856
24.06.2021 03:55:19.025,0.7574500000000001,0.7573500000000001,1000000,2500000
24.06.2021 03:55:32.319,0.75746,0.75734,1000000,1009999.9905
24.06.2021 03:55:34.621,0.75746,0.75734,1000000,3059999.9428
24.06.2021 03:55:34.774,0.75746,0.75734,1000000,1250000
24.06.2021 03:55:38.076,0.75746,0.7573500000000001,1570000.0525,2809999.9428
24.06.2021 03:55:38.178,0.75747,0.75738,1000000,1250000
24.06.2021 03:55:38.279,0.75748,0.75736,1500000,1350000.0238
24.06.2021 03:55:50.437,0.75747,0.75736,1500000,3890000.1049
24.06.2021 03:56:08.957,0.75747,0.75737,1500000,1250000
24.06.2021 03:56:34.842,0.75747,0.75738,1000000,1370000.0048
24.06.2021 03:56:34.943,0.75748,0.75738,1500000,1370000.0048
24.06.2021 03:56:39.736,0.75748,0.75739,1000000,1250000
24.06.2021 03:56:40.845,0.7575000000000001,0.75738,1500000,1820000.0525
24.06.2021 03:56:41.643,0.75747,0.75739,1000000,1750000
24.06.2021 03:56:41.745,0.75747,0.75739,1000000,1250000
24.06.2021 03:56:53.511,0.75749,0.75738,1000000,1250000
24.06.2021 03:56:58.011,0.75747,0.75739,1000000,1250000
24.06.2021 03:56:58.113,0.75743,0.7573500000000001,4500000,1120000.0048
24.06.2021 03:56:59.884,0.75743,0.75736,1000000,1000000
24.06.2021 03:57:02.707,0.7574500000000001,0.7573500000000001,1000000,1000000
24.06.2021 03:57:03.182,0.75746,0.75737,1000000,1250000
24.06.2021 03:57:20.736,0.75747,0.75739,1000000,1250000
24.06.2021 03:57:20.938,0.75747,0.75738,1000000,1250000
24.06.2021 03:57:26.017,0.75747,0.75737,2250000,1759999.9905
24.06.2021 03:57:26.119,0.75747,0.75736,1000000,1690000.0572
24.06.2021 03:57:29.730,0.75747,0.75737,1500000,1250000
24.06.2021 03:57:42.480,0.75747,0.75738,1000000,1000000
24.06.2021 03:57:47.708,0.75748,0.75738,1500000,1250000
24.06.2021 03:58:16.334,0.75748,0.75739,1000000,2119999.8856
24.06.2021 03:58:16.435,0.75749,0.75739,1000000,2200000.0477
24.06.2021 03:58:16.839,0.75749,0.75739,1000000,1309999.9428
24.06.2021 03:58:27.930,0.75749,0.75738,1000000,1250000
24.06.2021 03:58:35.804,0.75749,0.75739,1570000.0525,1000000
24.06.2021 03:58:52.170,0.75748,0.75739,1000000,1000000
24.06.2021 03:58:52.272,0.75752,0.75742,3269999.9809,1250000
24.06.2021 03:58:52.375,0.75753,0.75741,2250000,1250000
24.06.2021 03:58:58.073,0.75752,0.75744,1000000,1000000
24.06.2021 03:58:58.482,0.75752,0.75743,1000000,1000000
24.06.2021 03:58:59.877,0.7575000000000001,0.75741,1100000.0238,1000000
24.06.2021 03:59:00.029,0.7575100000000001,0.75739,1100000.0238,1000000
24.06.2021 03:59:01.324,0.7575000000000001,0.75739,1000000,1000000
24.06.2021 03:59:01.426,0.7575000000000001,0.7574000000000001,1570000.0525,1000000
24.06.2021 03:59:08.155,0.75749,0.7574000000000001,1000000,1000000
24.06.2021 03:59:08.257,0.7575000000000001,0.7574000000000001,1570000.0525,1250000
24.06.2021 03:59:16.124,0.75749,0.75739,1000000,1750000
24.06.2021 03:59:22.607,0.75749,0.75739,1100000.0238,1250000
24.06.2021 03:59:48.460,0.75748,0.75738,1000000,2569999.9332
24.06.2021 03:59:50.360,0.75748,0.75739,1000000,1750000
24.06.2021 04:00:00.300,0.75749,0.75737,1000000,3319999.9332
24.06.2021 04:00:06.927,0.75748,0.75738,1000000,1690000.0572
24.06.2021 04:00:07.029,0.7575000000000001,0.75737,1100000.0238,1250000
24.06.2021 04:00:08.001,0.75749,0.75737,1000000,1250000
24.06.2021 04:00:18.853,0.75748,0.75738,1000000,2569999.9332
24.06.2021 04:00:34.368,0.75749,0.75739,1500000,1370000.0048
24.06.2021 04:00:43.020,0.7575000000000001,0.75739,1570000.0525,2690000.0572
24.06.2021 04:00:45.859,0.7575100000000001,0.75738,2319999.9332,1250000
24.06.2021 04:00:46.864,0.7575100000000001,0.75738,2349999.9046,1000000
24.06.2021 04:00:47.664,0.75748,0.75739,1000000,1000000
24.06.2021 04:00:49.453,0.75749,0.75739,1100000.0238,1000000
24.06.2021 04:00:59.758,0.75748,0.75739,1000000,1000000
24.06.2021 04:01:07.575,0.7575000000000001,0.7574000000000001,1000000,1940000.0572
24.06.2021 04:01:07.677,0.7575100000000001,0.7574000000000001,1000000,1940000.0572
24.06.2021 04:01:08.082,0.7575000000000001,0.7574000000000001,1000000,1940000.0572
24.06.2021 04:01:08.334,0.7575000000000001,0.7574000000000001,1000000,1250000
24.06.2021 04:01:10.260,0.75749,0.7574000000000001,1000000,1250000
24.06.2021 04:01:23.585,0.75749,0.75739,1000000,1250000
24.06.2021 04:01:23.687,0.75748,0.75739,1000000,1000000
24.06.2021 04:01:28.243,0.75749,0.75739,1000000,1000000
24.06.2021 04:01:29.254,0.75748,0.75739,1000000,1000000
24.06.2021 04:01:29.673,0.7575000000000001,0.75738,1000000,1000000
24.06.2021 04:01:31.837,0.75749,0.75739,1000000,2869999.8856
24.06.2021 04:01:38.665,0.7575000000000001,0.75739,1000000,1940000.0572
24.06.2021 04:01:38.767,0.7575000000000001,0.7574000000000001,1000000,1940000.0572
24.06.2021 04:01:40.101,0.7575000000000001,0.7574000000000001,1000000,1250000
24.06.2021 04:01:45.413,0.75749,0.7574000000000001,1000000,1250000
24.06.2021 04:01:45.515,0.7575000000000001,0.75738,1000000,1250000
24.06.2021 04:01:45.796,0.75748,0.75739,1000000,1250000
24.06.2021 04:01:49.343,0.75749,0.75737,1000000,1000000
24.06.2021 04:01:49.647,0.75747,0.75738,1100000.0238,1000000
24.06.2021 04:01:49.751,0.75748,0.75736,1100000.0238,1000000
24.06.2021 04:01:50.071,0.75748,0.75738,1870000.0048,1000000
24.06.2021 04:02:06.301,0.75748,0.75738,1000000,1940000.0572
24.06.2021 04:02:06.511,0.75749,0.75739,1000000,1940000.0572
24.06.2021 04:02:11.704,0.75749,0.75738,1000000,1250000
24.06.2021 04:02:13.107,0.75749,0.75739,1000000,1250000
24.06.2021 04:02:19.760,0.75748,0.75739,1000000,1250000
24.06.2021 04:02:28.294,0.75749,0.75739,1000000,1250000
24.06.2021 04:02:35.087,0.75748,0.75739,1000000,1250000
24.06.2021 04:02:35.417,0.75749,0.75739,1000000,1250000
24.06.2021 04:02:40.362,0.75749,0.75738,1000000,1000000
24.06.2021 04:02:43.753,0.75748,0.75737,1500000,3700000.0477
24.06.2021 04:02:53.902,0.75748,0.75738,1500000,1500000
24.06.2021 04:03:13.288,0.75749,0.75736,1000000,4260000.2289
24.06.2021 04:03:32.154,0.75749,0.75737,1000000,1940000.0572
24.06.2021 04:03:39.423,0.75748,0.75738,1000000,2440000.0572
24.06.2021 04:04:26.450,0.75748,0.75738,1000000,2869999.8856
24.06.2021 04:04:26.551,0.75748,0.75739,1000000,1940000.0572
24.06.2021 04:04:26.602,0.7575100000000001,0.75742,1120000.0048,1250000
24.06.2021 04:04:26.704,0.75752,0.75743,1000000,1250000
24.06.2021 04:05:29.203,0.75752,0.75742,1000000,1759999.9905
24.06.2021 04:05:32.673,0.75752,0.75743,1000000,1000000
24.06.2021 04:05:33.091,0.75749,0.7574000000000001,1000000,1000000
24.06.2021 04:05:33.193,0.75748,0.75737,1000000,2259999.9905
24.06.2021 04:05:33.295,0.75749,0.75736,1000000,1759999.9905
24.06.2021 04:05:33.629,0.75748,0.75737,1000000,2759999.9905
24.06.2021 04:05:52.463,0.75748,0.75738,1000000,2009999.9905
24.06.2021 04:05:52.713,0.75748,0.75738,1000000,1009999.9905
24.06.2021 04:06:01.281,0.75748,0.75737,1000000,1009999.9905
24.06.2021 04:06:23.551,0.75748,0.75738,1000000,1759999.9905
24.06.2021 04:06:35.233,0.75748,0.75739,1000000,2200000.0477
24.06.2021 04:06:42.494,0.75749,0.75739,1000000,6070000.1717
24.06.2021 04:06:42.595,0.7575100000000001,0.75739,1000000,1250000
24.06.2021 04:06:48.769,0.75753,0.75742,3819999.9332,1250000
24.06.2021 04:06:48.870,0.75753,0.7574000000000001,2250000,1009999.9905
24.06.2021 04:06:49.183,0.75753,0.75739,2509999.9905,1009999.9905
24.06.2021 04:06:50.899,0.75752,0.7574000000000001,3660000.0858,1250000
24.06.2021 04:06:53.552,0.7575100000000001,0.75738,1000000,3509999.9905
24.06.2021 04:06:53.764,0.75749,0.75739,1500000,1000000
24.06.2021 04:08:04.913,0.7575000000000001,0.7574000000000001,1500000,2059999.9428
24.06.2021 04:08:05.135,0.75752,0.75742,1000000,1570000.0525
24.06.2021 04:08:05.337,0.75754,0.75741,1000000,2509999.9905
24.06.2021 04:08:05.439,0.75753,0.75743,1000000,1000000
24.06.2021 04:08:23.918,0.75754,0.75744,1500000,1000000
24.06.2021 04:08:27.818,0.7575500000000001,0.75744,2400000.0954,1690000.0572
24.06.2021 04:08:27.920,0.7575600000000001,0.75744,2509999.9905,1000000
24.06.2021 04:08:29.502,0.7575600000000001,0.75746,1000000,1000000
24.06.2021 04:08:30.119,0.7575600000000001,0.7574500000000001,1009999.9905,1500000
24.06.2021 04:08:30.783,0.7575500000000001,0.7574500000000001,1000000,1500000
24.06.2021 04:08:32.487,0.7575600000000001,0.75746,1100000.0238,1000000
24.06.2021 04:08:32.589,0.7575500000000001,0.7574500000000001,1250000,1500000
24.06.2021 04:08:33.048,0.7575500000000001,0.7574500000000001,3509999.9905,1000000
24.06.2021 04:08:33.907,0.7575500000000001,0.75744,4099999.9046,1000000
24.06.2021 04:08:34.009,0.7575500000000001,0.75742,2539999.9619,1500000
24.06.2021 04:08:35.083,0.7575500000000001,0.75742,2509999.9905,1500000
24.06.2021 04:08:39.312,0.75754,0.75743,2759999.9905,1500000
24.06.2021 04:08:39.848,0.75754,0.75743,2509999.9905,1500000
24.06.2021 04:09:09.696,0.75754,0.75744,1000000,1000000
24.06.2021 04:09:09.826,0.7575500000000001,0.75744,2509999.9905,1000000
24.06.2021 04:09:31.427,0.75754,0.75744,1000000,1000000
24.06.2021 04:09:31.621,0.75753,0.75743,1000000,1500000
24.06.2021 04:10:09.370,0.7575000000000001,0.7574000000000001,2440000.0572,1620000.0048
24.06.2021 04:10:09.472,0.75749,0.7574000000000001,1000000,1120000.0048
24.06.2021 04:10:13.985,0.7575100000000001,0.75742,1500000,1500000
24.06.2021 04:10:14.036,0.75753,0.75743,1500000,4119999.8856
24.06.2021 04:10:14.138,0.75754,0.75744,1000000,2250000
24.06.2021 04:10:14.340,0.75754,0.75743,1000000,1500000
24.06.2021 04:10:15.570,0.7575500000000001,0.75743,1500000,1500000
24.06.2021 04:10:43.038,0.75753,0.75744,1000000,1000000
24.06.2021 04:10:43.469,0.75753,0.75743,1500000,1000000
24.06.2021 04:11:20.866,0.75753,0.7574000000000001,1570000.0525,2000000
24.06.2021 04:11:20.917,0.7575000000000001,0.7574000000000001,1000000,1000000
24.06.2021 04:11:20.968,0.75749,0.75739,1500000,1100000.0238
24.06.2021 04:11:23.008,0.75748,0.75738,1000000,1570000.0525
24.06.2021 04:11:24.204,0.75749,0.75738,1500000,2509999.9905
24.06.2021 04:11:32.846,0.75748,0.75738,1000000,1570000.0525
24.06.2021 04:11:34.090,0.75749,0.75738,1000000,2509999.9905
24.06.2021 04:11:41.803,0.7575000000000001,0.75738,1570000.0525,2509999.9905
24.06.2021 04:11:43.748,0.75749,0.75737,1000000,1759999.9905
24.06.2021 04:12:28.403,0.75748,0.75738,1000000,1940000.0572
24.06.2021 04:12:28.708,0.75747,0.75738,1000000,1250000
24.06.2021 04:12:28.912,0.75747,0.75739,1000000,1000000
24.06.2021 04:12:29.133,0.75747,0.75738,1000000,1690000.0572
24.06.2021 04:12:46.620,0.75748,0.75736,1000000,1759999.9905
24.06.2021 04:12:53.521,0.75748,0.75737,1000000,2789999.9619
24.06.2021 04:13:21.601,0.75747,0.75737,1000000,1100000.0238
24.06.2021 04:13:21.702,0.75747,0.75736,1000000,2509999.9905
24.06.2021 04:13:41.395,0.75747,0.75737,1000000,1009999.9905
24.06.2021 04:13:50.761,0.75749,0.75736,1000000,1759999.9905
24.06.2021 04:13:50.862,0.75748,0.75738,1000000,1000000
24.06.2021 04:13:56.372,0.75748,0.75737,1500000,1759999.9905
24.06.2021 04:14:14.002,0.75749,0.75737,1500000,1250000
24.06.2021 04:14:29.200,0.75749,0.75736,1500000,3259999.9905
24.06.2021 04:14:32.267,0.75748,0.75738,1000000,1000000
24.06.2021 04:14:40.677,0.75747,0.75737,1570000.0525,1000000
24.06.2021 04:14:40.778,0.75746,0.75737,1000000,1000000
24.06.2021 04:14:43.446,0.75747,0.75737,1100000.0238,1000000
24.06.2021 04:14:51.697,0.75748,0.75737,2319999.9332,1500000
24.06.2021 04:14:55.387,0.75749,0.75737,1000000,1000000
24.06.2021 04:15:00.363,0.75752,0.75741,1000000,1100000.0238
24.06.2021 04:15:00.414,0.75753,0.75742,3069999.9332,1570000.0525
24.06.2021 04:15:00.616,0.75752,0.75739,2250000,2819999.9332
24.06.2021 04:15:00.718,0.7575100000000001,0.7574000000000001,2319999.9332,2250000
24.06.2021 04:15:00.819,0.7575000000000001,0.75739,1500000,3069999.9332
24.06.2021 04:15:00.971,0.7575100000000001,0.75739,1000000,1100000.0238
24.06.2021 04:15:05.602,0.7575100000000001,0.75741,1570000.0525,1000000
24.06.2021 04:15:11.955,0.7575100000000001,0.7574000000000001,2250000,1570000.0525
24.06.2021 04:15:18.246,0.7575000000000001,0.7574000000000001,1000000,1000000
24.06.2021 04:15:18.348,0.75748,0.75738,1000000,1870000.0048
24.06.2021 04:15:20.763,0.75749,0.75736,2319999.9332,1500000
24.06.2021 04:15:33.648,0.75747,0.75737,1000000,1500000
24.06.2021 04:15:39.137,0.75748,0.75738,1500000,1000000
24.06.2021 04:15:39.650,0.7575000000000001,0.7574000000000001,1500000,2440000.0572
24.06.2021 04:15:39.753,0.75752,0.75741,1649999.9762,1000000
24.06.2021 04:15:40.220,0.7575100000000001,0.7574000000000001,1000000,3259999.9905
24.06.2021 04:15:44.122,0.75752,0.75742,2319999.9332,1000000
24.06.2021 04:15:45.239,0.7575100000000001,0.75742,1000000,1000000
24.06.2021 04:15:46.695,0.7575100000000001,0.75741,1570000.0525,1000000
24.06.2021 04:15:47.149,0.75752,0.75742,1950000.0477,1000000
24.06.2021 04:16:02.273,0.75752,0.75741,1000000,1000000
24.06.2021 04:16:02.325,0.75749,0.75739,1000000,2140000.1049
24.06.2021 04:16:20.780,0.75748,0.75739,1000000,1000000
24.06.2021 04:16:24.907,0.75749,0.75739,1100000.0238,1000000
24.06.2021 04:16:25.161,0.75749,0.75738,1570000.0525,1690000.0572
24.06.2021 04:16:26.108,0.7575000000000001,0.75737,3099999.9046,1000000
24.06.2021 04:16:26.475,0.75747,0.75738,1000000,1000000
24.06.2021 04:16:30.848,0.75748,0.75736,1500000,1250000
24.06.2021 04:16:43.944,0.75747,0.75738,1000000,1000000
24.06.2021 04:16:49.292,0.75748,0.75736,1500000,1250000
24.06.2021 04:17:03.908,0.75749,0.75737,1000000,1000000
24.06.2021 04:17:11.756,0.75747,0.75738,1000000,1000000
24.06.2021 04:17:31.475,0.75749,0.75737,1000000,1000000
24.06.2021 04:17:31.627,0.75748,0.75738,1000000,1940000.0572
24.06.2021 04:17:31.935,0.75748,0.75738,1000000,1250000
24.06.2021 04:17:41.514,0.75748,0.75738,1000000,2119999.8856
24.06.2021 04:17:41.667,0.75749,0.75737,1000000,1690000.0572
24.06.2021 04:18:37.318,0.75748,0.75739,1000000,1000000
24.06.2021 04:19:22.307,0.75748,0.75738,1000000,1000000
24.06.2021 04:19:32.949,0.75747,0.75738,1000000,1000000
24.06.2021 04:19:33.252,0.75748,0.75738,1000000,1000000
24.06.2021 04:20:04.613,0.75747,0.75737,1000000,2440000.0572
24.06.2021 04:20:50.855,0.7574500000000001,0.75736,1000000,1000000
24.06.2021 04:20:50.957,0.75747,0.75738,1000000,1000000
24.06.2021 04:20:56.589,0.7574500000000001,0.75736,1000000,1120000.0048
24.06.2021 04:20:58.861,0.75746,0.75737,1000000,1250000
24.06.2021 04:20:59.430,0.75747,0.75737,1000000,1690000.0572
24.06.2021 04:21:34.325,0.75746,0.75736,1500000,1000000
24.06.2021 04:21:35.124,0.7574500000000001,0.7573500000000001,1000000,1759999.9905
24.06.2021 04:21:35.378,0.7574500000000001,0.75736,1000000,1000000
24.06.2021 04:21:38.761,0.75747,0.75737,1500000,1250000
24.06.2021 04:21:38.862,0.75748,0.75737,1500000,1759999.9905
24.06.2021 04:21:50.710,0.75748,0.75738,1000000,1000000
24.06.2021 04:22:00.291,0.75749,0.75736,1570000.0525,2440000.0572
24.06.2021 04:22:00.342,0.75747,0.75736,1000000,1000000
24.06.2021 04:22:02.254,0.75749,0.75736,2319999.9332,1690000.0572
24.06.2021 04:22:20.004,0.75748,0.75736,1000000,1009999.9905
24.06.2021 04:22:53.761,0.75747,0.75737,1000000,1789999.9619
24.06.2021 04:23:12.634,0.75748,0.75736,1000000,1570000.0525
24.06.2021 04:23:12.736,0.75744,0.7573500000000001,1000000,2210000.0381
24.06.2021 04:23:13.041,0.75747,0.7573500000000001,1000000,2509999.9905
24.06.2021 04:23:13.092,0.75747,0.75738,1120000.0048,1000000
24.06.2021 04:23:18.855,0.75747,0.75736,1500000,5139999.8665
24.06.2021 04:23:28.356,0.75747,0.75737,1500000,1009999.9905
24.06.2021 04:23:30.483,0.75747,0.75736,1500000,3640000.1049
24.06.2021 04:23:34.863,0.7574500000000001,0.75736,1000000,1000000
24.06.2021 04:23:35.908,0.75746,0.75734,1500000,1759999.9905
24.06.2021 04:23:38.743,0.75744,0.7573500000000001,1000000,1690000.0572
24.06.2021 04:23:46.410,0.75746,0.75736,1000000,2910000.0858
24.06.2021 04:23:46.512,0.75746,0.75736,1000000,1759999.9905
24.06.2021 04:23:48.875,0.75747,0.75736,1500000,3069999.9332
24.06.2021 04:23:50.037,0.75747,0.7573500000000001,1000000,2509999.9905
24.06.2021 04:24:04.194,0.7574500000000001,0.75736,1000000,1009999.9905
24.06.2021 04:24:04.296,0.7574500000000001,0.7573500000000001,1000000,2509999.9905
24.06.2021 04:24:05.501,0.7574500000000001,0.75734,1500000,1250000
24.06.2021 04:24:05.603,0.75744,0.75732,1000000,1100000.0238
24.06.2021 04:24:05.704,0.75742,0.75731,1500000,3789999.9619
24.06.2021 04:24:05.906,0.75741,0.75731,1000000,2539999.9619
24.06.2021 04:24:06.058,0.75739,0.7573000000000001,1000000,2059999.9428
24.06.2021 04:24:06.260,0.75739,0.7572800000000001,1500000,2140000.1049
24.06.2021 04:24:06.831,0.7574000000000001,0.75727,1500000,2950000.0477
24.06.2021 04:24:10.469,0.75737,0.7572800000000001,1000000,2009999.9905
24.06.2021 04:24:10.571,0.75738,0.75726,1000000,2970000.0286
24.06.2021 04:24:16.688,0.7574000000000001,0.75727,1500000,1009999.9905
24.06.2021 04:24:30.884,0.75739,0.7572800000000001,1500000,2009999.9905
24.06.2021 04:24:31.825,0.7574000000000001,0.75729,1000000,1500000
24.06.2021 04:24:31.876,0.75741,0.75731,1000000,1009999.9905
24.06.2021 04:24:31.977,0.75742,0.75731,2619999.8856,1759999.9905
24.06.2021 04:24:43.089,0.75743,0.75732,1500000,1000000
24.06.2021 04:25:02.505,0.75743,0.7573300000000001,1570000.0525,1000000
24.06.2021 04:25:02.606,0.75744,0.7573500000000001,1690000.0572,1000000
24.06.2021 04:25:27.386,0.75743,0.7573500000000001,1000000,1000000
24.06.2021 04:25:29.367,0.75744,0.7573500000000001,1570000.0525,1000000
24.06.2021 04:25:55.931,0.7574500000000001,0.7573500000000001,1100000.0238,1000000
24.06.2021 04:26:05.035,0.7574500000000001,0.75737,1100000.0238,1000000
24.06.2021 04:26:06.126,0.75748,0.75738,2940000.0572,1000000
24.06.2021 04:26:06.278,0.75747,0.75738,1000000,1000000
24.06.2021 04:26:07.224,0.75747,0.75737,1100000.0238,1000000
24.06.2021 04:26:07.326,0.75748,0.75737,1100000.0238,1000000
24.06.2021 04:26:08.439,0.75747,0.75737,1100000.0238,1000000
24.06.2021 04:26:08.541,0.75748,0.75737,1100000.0238,1000000
24.06.2021 04:26:09.366,0.75748,0.75736,1100000.0238,1000000
24.06.2021 04:26:11.827,0.75747,0.75737,1100000.0238,1000000
24.06.2021 04:26:12.909,0.75747,0.75737,1570000.0525,1000000
24.06.2021 04:26:18.827,0.75746,0.75736,1000000,1000000
24.06.2021 04:26:19.418,0.7574500000000001,0.75736,1000000,1000000
24.06.2021 04:26:21.749,0.7574500000000001,0.75737,1000000,1000000
24.06.2021 04:26:21.799,0.75744,0.7573500000000001,1000000,1000000
24.06.2021 04:26:21.951,0.75744,0.7573300000000001,1000000,1000000
24.06.2021 04:26:23.430,0.75743,0.7573500000000001,1000000,1000000
24.06.2021 04:26:23.481,0.7574500000000001,0.75736,1000000,1000000
24.06.2021 04:26:23.583,0.75746,0.75736,1000000,1000000
24.06.2021 04:26:23.837,0.75746,0.7573500000000001,1000000,1000000
24.06.2021 04:26:23.938,0.7574500000000001,0.7573500000000001,1000000,1000000
24.06.2021 04:26:24.192,0.75744,0.7573500000000001,1000000,1000000
24.06.2021 04:26:27.493,0.75744,0.75734,1000000,1000000
24.06.2021 04:26:27.594,0.75744,0.7573500000000001,1000000,1000000
24.06.2021 04:26:41.077,0.75743,0.7573500000000001,1000000,1000000
24.06.2021 04:26:41.610,0.7574500000000001,0.75737,1000000,1000000
24.06.2021 04:26:41.712,0.75747,0.75736,1200000.0477,1690000.0572
24.06.2021 04:26:41.763,0.75747,0.75737,1000000,1000000
24.06.2021 04:26:42.016,0.75747,0.75736,1000000,1000000
24.06.2021 04:26:46.015,0.7574500000000001,0.7573500000000001,1000000,1000000
24.06.2021 04:26:46.117,0.75744,0.7573500000000001,1000000,1000000
24.06.2021 04:27:16.449,0.75743,0.7573500000000001,1000000,1000000
24.06.2021 04:27:28.068,0.75743,0.75734,1000000,1000000
24.06.2021 04:27:28.361,0.75744,0.75734,1100000.0238,1000000
24.06.2021 04:28:41.334,0.75744,0.7573500000000001,1000000,1000000
24.06.2021 04:28:55.629,0.7574500000000001,0.7573300000000001,1500000,1000000
24.06.2021 04:29:50.240,0.75743,0.75734,1000000,1000000
24.06.2021 04:29:52.215,0.75744,0.75734,2250000,1000000
24.06.2021 04:30:08.587,0.75744,0.7573500000000001,1570000.0525,1000000
24.06.2021 04:30:15.699,0.75743,0.75734,1100000.0238,1000000
24.06.2021 04:30:19.533,0.75744,0.75734,1100000.0238,1000000
24.06.2021 04:30:27.985,0.75743,0.75734,1000000,1000000
24.06.2021 04:30:28.643,0.75742,0.75731,1009999.9905,1000000
24.06.2021 04:30:28.745,0.7574000000000001,0.75731,1000000,1000000
24.06.2021 04:30:29.202,0.75743,0.7573300000000001,1500000,1100000.0238
24.06.2021 04:30:29.304,0.75744,0.7573500000000001,1000000,1000000
24.06.2021 04:30:29.709,0.75743,0.7573500000000001,1000000,1000000
24.06.2021 04:30:38.691,0.75743,0.75734,1000000,1000000
24.06.2021 04:30:40.000,0.75744,0.75734,1000000,1000000
24.06.2021 04:30:57.125,0.75743,0.75734,1000000,1000000
24.06.2021 04:30:58.199,0.75744,0.75734,1000000,1000000
24.06.2021 04:30:58.401,0.7574500000000001,0.7573300000000001,2690000.0572,1000000
24.06.2021 04:30:58.654,0.75742,0.75734,1000000,1000000
24.06.2021 04:30:59.444,0.75743,0.75734,1250000,1000000
24.06.2021 04:31:04.128,0.75742,0.75734,1000000,1000000
24.06.2021 04:31:06.294,0.75743,0.75734,1250000,1000000
24.06.2021 04:31:47.754,0.75743,0.75734,1000000,5869999.8856
24.06.2021 04:31:47.881,0.75743,0.75734,1000000,1690000.0572
24.06.2021 04:31:54.582,0.75744,0.75734,1000000,1250000
24.06.2021 04:32:05.050,0.75746,0.7573300000000001,1000000,1250000
24.06.2021 04:32:05.202,0.7574500000000001,0.75736,1000000,1000000
24.06.2021 04:32:05.304,0.75748,0.75739,3869999.8856,1000000
24.06.2021 04:32:05.355,0.75748,0.75739,1000000,1000000
24.06.2021 04:32:05.456,0.75749,0.75739,1500000,1000000
24.06.2021 04:32:06.106,0.75749,0.75738,1000000,1000000
24.06.2021 04:32:07.199,0.7574500000000001,0.7573500000000001,1000000,1500000
24.06.2021 04:32:07.300,0.75746,0.7573500000000001,1200000.0477,1500000
24.06.2021 04:32:07.402,0.75746,0.75737,1000000,1000000
24.06.2021 04:32:07.506,0.75748,0.75736,2809999.9428,1000000
24.06.2021 04:32:07.608,0.75747,0.75736,1000000,1000000
24.06.2021 04:32:08.282,0.75748,0.75737,1000000,1000000
24.06.2021 04:32:08.383,0.75749,0.75738,1120000.0048,1000000
24.06.2021 04:32:08.767,0.75749,0.75739,1000000,1000000
24.06.2021 04:32:08.869,0.75749,0.7574000000000001,1000000,1000000
24.06.2021 04:32:28.008,0.75749,0.75741,1000000,1000000
24.06.2021 04:32:28.110,0.75754,0.75743,19440000.5341,2250000
24.06.2021 04:32:28.212,0.75754,0.75744,1250000,1000000
24.06.2021 04:32:40.915,0.75754,0.75743,1000000,1000000
24.06.2021 04:32:48.261,0.75753,0.7574500000000001,1000000,1000000
24.06.2021 04:33:01.974,0.75753,0.75744,1000000,1000000
24.06.2021 04:33:02.330,0.75753,0.75744,1000000,1009999.9905
24.06.2021 04:33:02.431,0.75754,0.7574500000000001,1000000,1000000
24.06.2021 04:33:04.154,0.75753,0.7574500000000001,1000000,1000000
24.06.2021 04:33:18.947,0.75752,0.7574500000000001,1000000,1000000
24.06.2021 04:33:19.200,0.75752,0.75744,1000000,1000000
24.06.2021 04:33:19.302,0.75749,0.7574000000000001,1000000,1000000
24.06.2021 04:33:19.404,0.75747,0.7574000000000001,1000000,1000000
24.06.2021 04:33:19.507,0.75747,0.75739,1000000,1000000
24.06.2021 04:33:36.131,0.75748,0.75739,1000000,1000000
24.06.2021 04:33:36.233,0.75748,0.7574000000000001,1000000,1000000
24.06.2021 04:33:37.057,0.75749,0.75741,1000000,1000000
24.06.2021 04:33:40.077,0.75748,0.7574000000000001,1000000,1000000
24.06.2021 04:33:40.280,0.75749,0.7574000000000001,1000000,1000000
24.06.2021 04:33:58.795,0.75748,0.7574000000000001,1000000,1000000
24.06.2021 04:34:00.821,0.7575000000000001,0.75739,1000000,1000000
24.06.2021 04:34:00.923,0.7575000000000001,0.75738,1000000,1000000
24.06.2021 04:34:01.282,0.75749,0.7574000000000001,1000000,1000000
24.06.2021 04:34:02.956,0.7575000000000001,0.7574000000000001,1000000,1000000
24.06.2021 04:34:08.741,0.7575100000000001,0.7574000000000001,1000000,1000000
24.06.2021 04:34:15.809,0.7575100000000001,0.75741,1000000,1000000
24.06.2021 04:34:16.214,0.75752,0.75742,1000000,1000000
24.06.2021 04:34:24.962,0.7575100000000001,0.75741,1000000,1500000
24.06.2021 04:34:25.063,0.75752,0.75741,1000000,1500000
24.06.2021 04:34:25.215,0.75752,0.7574000000000001,1000000,1000000
24.06.2021 04:34:25.316,0.7575000000000001,0.75739,1000000,1000000
24.06.2021 04:34:25.417,0.7575100000000001,0.75739,1250000,1000000
24.06.2021 04:34:27.995,0.7575100000000001,0.7574000000000001,1759999.9905,1000000
24.06.2021 04:34:29.469,0.7575000000000001,0.75739,1500000,1000000
24.06.2021 04:34:32.804,0.75752,0.75739,1000000,1500000
24.06.2021 04:34:32.905,0.75753,0.75741,1870000.0048,1000000
24.06.2021 04:34:33.811,0.7575100000000001,0.75741,1000000,1000000
24.06.2021 04:34:46.989,0.75752,0.75741,1500000,1000000
24.06.2021 04:34:49.619,0.7575500000000001,0.75743,2190000.0572,1000000
24.06.2021 04:34:49.821,0.7575500000000001,0.75743,1250000,1000000
24.06.2021 04:34:55.152,0.7575500000000001,0.75744,1000000,1000000
24.06.2021 04:34:57.616,0.7575500000000001,0.7574500000000001,1690000.0572,1000000
24.06.2021 04:35:14.939,0.75758,0.75748,1500000,1000000
24.06.2021 04:35:15.041,0.7576,0.75747,1690000.0572,1000000
24.06.2021 04:35:15.142,0.75758,0.7574500000000001,1000000,3259999.9905
24.06.2021 04:35:16.973,0.75759,0.75748,2509999.9905,1000000
24.06.2021 04:35:17.481,0.75758,0.75747,3799999.9523,1500000
24.06.2021 04:35:17.635,0.7575600000000001,0.75746,1000000,1000000
24.06.2021 04:35:17.787,0.7575500000000001,0.75746,1000000,1000000
24.06.2021 04:35:18.193,0.75757,0.7574500000000001,1000000,1000000
24.06.2021 04:35:18.295,0.7575500000000001,0.7574500000000001,1000000,1500000
24.06.2021 04:35:21.956,0.7575600000000001,0.7574500000000001,2809999.9428,1000000
24.06.2021 04:35:22.209,0.7575600000000001,0.75744,1000000,1000000
24.06.2021 04:35:23.522,0.75757,0.75744,1000000,1759999.9905
24.06.2021 04:35:23.624,0.75758,0.75746,1120000.0048,1000000
24.06.2021 04:35:24.844,0.7575500000000001,0.7574500000000001,1000000,1000000
24.06.2021 04:35:24.946,0.7575600000000001,0.75743,1500000,1009999.9905
24.06.2021 04:35:37.058,0.7575600000000001,0.7574500000000001,1120000.0048,1759999.9905
24.06.2021 04:35:37.210,0.75757,0.75746,1750000,1500000
24.06.2021 04:35:37.311,0.75757,0.75746,1250000,1500000
24.06.2021 04:35:46.256,0.75758,0.75748,1690000.0572,1000000
24.06.2021 04:35:46.564,0.7576,0.75747,2809999.9428,1000000
24.06.2021 04:35:46.666,0.7576,0.75746,2809999.9428,2509999.9905
24.06.2021 04:35:46.783,0.75759,0.75749,1120000.0048,1000000
24.06.2021 04:36:29.969,0.7576100000000001,0.75748,3000000,1000000
24.06.2021 04:36:30.071,0.7576100000000001,0.7575000000000001,1000000,1000000
24.06.2021 04:36:30.122,0.75764,0.7575100000000001,2619999.8856,1759999.9905
24.06.2021 04:36:30.680,0.75764,0.7575000000000001,1690000.0572,2509999.9905
24.06.2021 04:36:31.742,0.7576200000000001,0.7575000000000001,1000000,1000000
24.06.2021 04:36:31.844,0.7576100000000001,0.75749,1250000,1000000
24.06.2021 04:36:35.043,0.75759,0.75749,1000000,1000000
24.06.2021 04:36:53.463,0.7576,0.7575000000000001,1000000,1000000
24.06.2021 04:36:53.565,0.75763,0.7575100000000001,1500000,1000000
24.06.2021 04:36:53.666,0.75763,0.75752,2440000.0572,1000000
24.06.2021 04:36:53.768,0.75763,0.75753,1690000.0572,1000000
24.06.2021 04:36:56.503,0.75763,0.75752,1690000.0572,1000000
24.06.2021 04:36:58.219,0.7576100000000001,0.75752,1000000,1000000
24.06.2021 04:36:58.321,0.7576,0.75748,1000000,1600000.0238
24.06.2021 04:36:58.371,0.75763,0.7575000000000001,2619999.8856,1100000.0238
24.06.2021 04:36:58.473,0.75763,0.75753,2059999.9428,1000000
24.06.2021 04:37:05.744,0.75765,0.75752,1690000.0572,1000000
24.06.2021 04:37:07.674,0.75764,0.75754,1690000.0572,1000000
24.06.2021 04:37:13.109,0.75765,0.75754,1870000.0048,4260000.2289
24.06.2021 04:37:13.262,0.7576600000000001,0.75753,3190000.0572,1000000
24.06.2021 04:37:13.364,0.75764,0.75754,1000000,1000000
24.06.2021 04:37:46.188,0.75764,0.75753,3000000,1009999.9905
24.06.2021 04:37:46.290,0.7576200000000001,0.7575100000000001,1690000.0572,1570000.0525
24.06.2021 04:37:59.649,0.7576200000000001,0.75752,1500000,1009999.9905
24.06.2021 04:38:01.489,0.75763,0.75753,1000000,1000000
24.06.2021 04:38:05.990,0.75763,0.7575100000000001,1500000,4659999.8474
24.06.2021 04:38:06.092,0.7576200000000001,0.7575100000000001,1000000,2160000.0858
24.06.2021 04:38:06.193,0.7576200000000001,0.7575100000000001,1000000,1759999.9905
24.06.2021 04:38:09.511,0.7576100000000001,0.7575100000000001,1000000,1250000
24.06.2021 04:38:14.744,0.7576200000000001,0.7575100000000001,1500000,1009999.9905
24.06.2021 04:38:17.387,0.7576200000000001,0.75752,1000000,1000000
24.06.2021 04:38:17.489,0.75764,0.7575100000000001,2440000.0572,1100000.0238
24.06.2021 04:38:18.073,0.75763,0.75753,1000000,1570000.0525
24.06.2021 04:38:20.069,0.75764,0.75753,1690000.0572,1570000.0525
24.06.2021 04:38:26.787,0.7576100000000001,0.75749,1500000,1100000.0238
24.06.2021 04:38:26.888,0.75759,0.75749,1000000,1700000.0477
24.06.2021 04:38:26.994,0.75759,0.75749,1000000,1100000.0238
24.06.2021 04:38:27.837,0.75759,0.75748,1500000,1759999.9905
24.06.2021 04:39:08.599,0.75758,0.75748,1000000,1570000.0525
24.06.2021 04:39:14.711,0.75759,0.75748,1500000,1570000.0525
24.06.2021 04:39:15.980,0.75759,0.75748,1500000,1789999.9619
24.06.2021 04:39:34.008,0.75758,0.75748,1000000,1789999.9619
24.06.2021 04:39:38.212,0.7576,0.75747,1500000,3099999.9046
24.06.2021 04:40:01.353,0.75758,0.75748,1000000,2539999.9619
24.06.2021 04:40:01.867,0.75758,0.75748,1500000,1000000
24.06.2021 04:40:03.072,0.7575500000000001,0.7574500000000001,1000000,1120000.0048
24.06.2021 04:40:03.174,0.7575500000000001,0.75746,1000000,1000000
24.06.2021 04:40:13.026,0.7575600000000001,0.75746,3559999.9428,1000000
24.06.2021 04:40:20.800,0.7575500000000001,0.7574500000000001,1000000,1100000.0238
24.06.2021 04:40:28.256,0.75759,0.75748,2369999.8856,2349999.9046
24.06.2021 04:40:28.358,0.7576,0.75747,1120000.0048,3289999.9619
24.06.2021 04:40:39.619,0.75759,0.75748,1000000,3259999.9905
24.06.2021 04:40:53.434,0.7576,0.75747,1500000,4449999.8093
24.06.2021 04:40:54.412,0.75759,0.75748,1500000,2509999.9905
24.06.2021 04:40:54.588,0.75759,0.75748,1500000,3509999.9905
24.06.2021 04:40:55.541,0.75759,0.75748,1500000,2509999.9905
24.06.2021 04:40:57.406,0.75759,0.75748,1500000,4260000.2289
24.06.2021 04:40:57.508,0.7576,0.75747,1500000,3259999.9905
24.06.2021 04:40:57.610,0.75759,0.75748,1500000,5219999.7902
24.06.2021 04:41:03.837,0.75759,0.75748,1500000,2509999.9905
24.06.2021 04:41:04.055,0.7576,0.75747,1500000,3509999.9905
24.06.2021 04:41:06.463,0.75759,0.75748,1500000,2509999.9905
24.06.2021 04:41:06.613,0.75759,0.75748,1500000,4260000.2289
24.06.2021 04:41:15.845,0.7576,0.7575000000000001,1500000,1000000
24.06.2021 04:41:15.947,0.7576,0.7575100000000001,1000000,1000000
24.06.2021 04:41:16.048,0.7576,0.7575000000000001,1000000,1000000
24.06.2021 04:41:16.149,0.75759,0.7575000000000001,1000000,1000000
24.06.2021 04:41:45.149,0.75759,0.75749,1000000,1759999.9905
24.06.2021 04:42:04.782,0.75759,0.75748,1500000,2250000
24.06.2021 04:42:09.251,0.75759,0.75748,1500000,4449999.8093
24.06.2021 04:42:09.554,0.75759,0.75748,1500000,3259999.9905
24.06.2021 04:42:14.404,0.75758,0.75748,1000000,1500000
24.06.2021 04:42:33.985,0.75759,0.75747,1000000,4449999.8093
24.06.2021 04:42:34.970,0.75759,0.75748,1000000,4260000.2289
24.06.2021 04:42:52.306,0.75758,0.75749,1000000,1000000
24.06.2021 04:42:56.546,0.75757,0.75747,1000000,1000000
24.06.2021 04:42:56.648,0.75758,0.75746,1000000,1000000
24.06.2021 04:43:01.379,0.75758,0.75749,1000000,1000000
24.06.2021 04:43:38.764,0.75758,0.75748,1000000,1500000
24.06.2021 04:44:00.829,0.75759,0.75749,1500000,1000000
24.06.2021 04:44:06.495,0.75759,0.75748,1500000,2509999.9905
24.06.2021 04:44:14.610,0.75758,0.75748,1000000,3259999.9905
24.06.2021 04:44:27.388,0.7575500000000001,0.75747,1000000,1250000
24.06.2021 04:44:27.489,0.75754,0.75746,1000000,1000000
24.06.2021 04:44:28.645,0.7575500000000001,0.75746,1000000,1000000
24.06.2021 04:44:28.953,0.75754,0.75746,1000000,1000000
24.06.2021 04:44:38.208,0.75754,0.7574500000000001,1500000,1000000
24.06.2021 04:44:38.309,0.75754,0.75744,2250000,1000000
24.06.2021 04:44:38.912,0.7575500000000001,0.75744,1500000,3640000.1049
24.06.2021 04:44:45.700,0.7575500000000001,0.7574500000000001,1000000,1000000
24.06.2021 04:44:45.801,0.7575500000000001,0.75746,1000000,1000000
24.06.2021 04:44:45.964,0.75758,0.75748,2619999.8856,1000000
24.06.2021 04:45:46.114,0.75758,0.75749,1000000,1000000
24.06.2021 04:45:52.564,0.75758,0.75748,1500000,1570000.0525
24.06.2021 04:46:07.694,0.75758,0.75749,1500000,1000000
24.06.2021 04:46:07.897,0.7576200000000001,0.7575000000000001,3750000,1000000
24.06.2021 04:46:07.998,0.7576,0.7575100000000001,1000000,1000000
24.06.2021 04:46:08.314,0.7576100000000001,0.75752,1000000,1500000
24.06.2021 04:46:08.416,0.75763,0.75752,1500000,3259999.9905
24.06.2021 04:46:08.517,0.75763,0.75753,1000000,1000000
24.06.2021 04:46:08.876,0.75763,0.75754,1000000,1000000
24.06.2021 04:46:08.978,0.75763,0.75753,1000000,1759999.9905
24.06.2021 04:46:22.830,0.75763,0.7575500000000001,1000000,1000000
24.06.2021 04:46:22.932,0.75769,0.7575600000000001,2000000,2319999.9332
24.06.2021 04:46:23.033,0.75769,0.75759,1309999.9428,1100000.0238
24.06.2021 04:46:23.135,0.75769,0.75757,1000000,2210000.0381
24.06.2021 04:46:28.524,0.75769,0.7575600000000001,1500000,2509999.9905
24.06.2021 04:46:32.574,0.75768,0.75757,1000000,4409999.8474
24.06.2021 04:46:41.360,0.75768,0.75759,1000000,1870000.0048
24.06.2021 04:46:42.479,0.75769,0.75759,1000000,2440000.0572
24.06.2021 04:46:44.756,0.7577,0.75759,1500000,1250000
24.06.2021 04:46:45.256,0.75769,0.75758,1500000,4260000.2289
24.06.2021 04:46:46.138,0.75769,0.75758,1500000,3450000.0477
24.06.2021 04:46:49.278,0.75768,0.75758,1000000,1500000
24.06.2021 04:47:01.243,0.75769,0.75758,1500000,1690000.0572
24.06.2021 04:48:03.761,0.75769,0.75758,1500000,2009999.9905
24.06.2021 04:48:04.278,0.7577,0.75757,1500000,1200000.0477
24.06.2021 04:48:04.379,0.75769,0.75758,1000000,1250000
24.06.2021 04:48:34.189,0.75768,0.75758,1000000,3259999.9905
24.06.2021 04:48:49.355,0.75769,0.75758,1500000,3450000.0477
24.06.2021 04:48:59.563,0.75769,0.75759,1500000,1009999.9905
24.06.2021 04:49:11.175,0.7577,0.75759,2250000,2890000.1049
24.06.2021 04:49:11.277,0.7577200000000001,0.7576200000000001,1120000.0048,2509999.9905
24.06.2021 04:49:11.378,0.75773,0.7576200000000001,1120000.0048,1000000
24.06.2021 04:49:11.480,0.7577200000000001,0.7576200000000001,1000000,2509999.9905
24.06.2021 04:49:11.582,0.75773,0.7576200000000001,1500000,2509999.9905
24.06.2021 04:49:13.037,0.75774,0.7576600000000001,1000000,1250000
24.06.2021 04:49:13.088,0.7577600000000001,0.7576600000000001,1000000,1009999.9905
24.06.2021 04:49:13.291,0.75777,0.75765,1000000,2009999.9905
24.06.2021 04:49:17.419,0.75777,0.7576600000000001,1500000,5670000.0763
24.06.2021 04:49:19.487,0.75774,0.7576600000000001,1000000,1370000.0048
24.06.2021 04:49:19.589,0.75774,0.75765,1000000,1009999.9905
24.06.2021 04:49:19.690,0.75775,0.75764,1500000,3740000.0095
24.06.2021 04:49:19.791,0.75775,0.75764,1500000,1759999.9905
24.06.2021 04:49:28.190,0.7577600000000001,0.75764,1500000,1250000
24.06.2021 04:49:29.559,0.75774,0.75765,1500000,1250000
24.06.2021 04:49:30.222,0.75774,0.7576600000000001,1500000,1250000
24.06.2021 04:49:30.686,0.7577600000000001,0.75765,1500000,1250000
24.06.2021 04:49:36.095,0.75775,0.75764,1000000,1250000
24.06.2021 04:49:36.247,0.75773,0.75765,1000000,1250000
24.06.2021 04:49:38.702,0.75773,0.75764,1500000,1250000
24.06.2021 04:49:44.080,0.75773,0.75763,1570000.0525,1750000
24.06.2021 04:49:44.182,0.7577,0.7576,1000000,3690000.0572
24.06.2021 04:49:44.284,0.75768,0.75759,1000000,1250000
24.06.2021 04:49:44.386,0.75768,0.75758,1500000,1250000
24.06.2021 04:49:46.597,0.75769,0.7576200000000001,1000000,1250000
24.06.2021 04:49:46.649,0.7577100000000001,0.7576200000000001,1000000,1250000
24.06.2021 04:49:58.569,0.7577200000000001,0.75763,1000000,1250000
24.06.2021 04:49:58.670,0.75773,0.75763,2250000,1250000
24.06.2021 04:50:00.782,0.75773,0.75764,1000000,1250000
24.06.2021 04:50:01.216,0.75774,0.75764,1500000,1250000
24.06.2021 04:50:03.779,0.75773,0.75764,1000000,1250000
24.06.2021 04:50:07.775,0.75774,0.75764,1500000,1250000
24.06.2021 04:50:11.715,0.75773,0.75764,1000000,1250000
24.06.2021 04:50:11.893,0.75773,0.75763,1000000,1690000.0572
24.06.2021 04:50:12.095,0.7577200000000001,0.75763,1500000,1250000
24.06.2021 04:50:12.146,0.7577100000000001,0.7576100000000001,1000000,1309999.9428
24.06.2021 04:50:12.886,0.7577100000000001,0.7576200000000001,1000000,1250000
24.06.2021 04:50:16.539,0.75773,0.75763,1500000,1250000
24.06.2021 04:50:24.964,0.7577200000000001,0.75763,1000000,1250000
24.06.2021 04:50:25.579,0.75773,0.75763,1500000,1250000
24.06.2021 04:51:19.618,0.75773,0.75764,1000000,1250000
24.06.2021 04:51:19.721,0.7577600000000001,0.75768,1120000.0048,1250000
24.06.2021 04:51:19.823,0.75777,0.75768,1500000,1250000
24.06.2021 04:51:19.928,0.75777,0.7576700000000001,1500000,1250000
24.06.2021 04:51:23.724,0.75777,0.75768,1000000,1250000
24.06.2021 04:51:25.764,0.75777,0.7576700000000001,1500000,1250000
24.06.2021 04:51:25.866,0.7577600000000001,0.75764,1570000.0525,1309999.9428
24.06.2021 04:51:29.712,0.75774,0.75765,1000000,1250000
24.06.2021 04:51:35.218,0.75774,0.75763,1500000,1250000
24.06.2021 04:51:35.427,0.75773,0.75763,1500000,1690000.0572
24.06.2021 04:51:37.542,0.75773,0.75764,1500000,1250000
24.06.2021 04:51:45.911,0.75773,0.75765,1000000,1250000
24.06.2021 04:51:46.176,0.75773,0.75764,1000000,1250000
24.06.2021 04:52:21.720,0.75773,0.75763,1000000,1690000.0572
24.06.2021 04:52:37.258,0.75773,0.75764,1000000,1759999.9905
24.06.2021 04:52:37.309,0.75775,0.75764,1500000,2509999.9905
24.06.2021 04:52:41.712,0.75775,0.75763,1000000,1000000
24.06.2021 04:52:41.814,0.75774,0.75765,1000000,1000000
24.06.2021 04:52:41.916,0.75775,0.75765,1500000,1000000
24.06.2021 04:52:42.706,0.75774,0.75764,1000000,1000000
24.06.2021 04:53:02.350,0.75773,0.75763,1000000,1570000.0525
24.06.2021 04:53:11.818,0.75773,0.75764,1000000,1000000
24.06.2021 04:53:13.608,0.75773,0.75763,1000000,1759999.9905
24.06.2021 04:53:18.515,0.75774,0.75763,1000000,1000000
24.06.2021 04:53:18.617,0.75775,0.75764,2440000.0572,1570000.0525
24.06.2021 04:53:30.318,0.75774,0.75763,1250000,2319999.9332
24.06.2021 04:53:38.588,0.75774,0.75763,2569999.9332,1000000
24.06.2021 04:53:39.133,0.75774,0.75763,1759999.9905,1500000
24.06.2021 04:53:39.588,0.75773,0.75763,1000000,1500000
24.06.2021 04:53:44.760,0.75773,0.7576200000000001,1000000,1000000
24.06.2021 04:53:47.679,0.7577200000000001,0.7576200000000001,1000000,2700000.0477
24.06.2021 04:53:49.642,0.75774,0.7576100000000001,1690000.0572,2319999.9332
24.06.2021 04:54:19.163,0.7577,0.7576,1000000,1870000.0048
24.06.2021 04:54:19.264,0.75768,0.75759,1000000,1620000.0048
24.06.2021 04:54:19.366,0.75768,0.75759,1000000,1500000
24.06.2021 04:54:20.148,0.75768,0.75758,1000000,1000000
24.06.2021 04:54:20.352,0.75768,0.75759,1000000,1000000
