Gmt time,Ask,Bid,AskVolume,BidVolume
24.06.2021 00:00:00.174,1.193,1.19297,819999.9928,750000
24.06.2021 00:00:00.275,1.1930100000000001,1.19297,6070000.1717,750000
24.06.2021 00:00:00.377,1.1930200000000002,1.19299,100000.0015,750000
24.06.2021 00:00:00.478,1.1930200000000002,1.193,5699999.8093,750000
24.06.2021 00:00:00.964,1.19303,1.19298,4570000.1717,1309999.9428
24.06.2021 00:00:02.286,1.1930200000000002,1.19298,819999.9928,6289999.9619
24.06.2021 00:00:03.496,1.19303,1.19298,819999.9928,750000
24.06.2021 00:00:04.497,1.19303,1.19299,819999.9928,370000.0048
24.06.2021 00:00:05.448,1.19304,1.1930100000000001,1500000,750000
24.06.2021 00:00:05.550,1.1930500000000002,1.1930200000000002,750000,750000
24.06.2021 00:00:05.656,1.19306,1.19303,1500000,750000
24.06.2021 00:00:11.231,1.19306,1.1930200000000002,1570000.0525,750000
24.06.2021 00:00:12.805,1.1930500000000002,1.1930200000000002,370000.0048,750000
24.06.2021 00:00:12.958,1.19304,1.1930200000000002,2319999.9332,750000
24.06.2021 00:00:13.059,1.19304,1.193,750000,1120000.0048
24.06.2021 00:00:15.198,1.1930100000000001,1.19297,1500000,4400000.0954
24.06.2021 00:00:15.300,1.1930100000000001,1.19296,750000,1690000.0572
24.06.2021 00:00:16.455,1.1930200000000002,1.19298,3819999.9332,750000
24.06.2021 00:00:16.556,1.1930200000000002,1.193,2400000.0954,750000
24.06.2021 00:00:20.509,1.19304,1.193,750000,750000
24.06.2021 00:00:20.611,1.1930500000000002,1.1930100000000001,1500000,750000
24.06.2021 00:00:21.822,1.19308,1.19304,2319999.9332,750000
24.06.2021 00:00:21.924,1.19308,1.1930500000000002,750000,750000
24.06.2021 00:00:22.076,1.19309,1.1930500000000002,2250000,750000
24.06.2021 00:00:22.329,1.1931,1.19306,1500000,939999.9976
24.06.2021 00:00:29.588,1.1931,1.1930500000000002,5699999.8093,939999.9976
24.06.2021 00:00:30.120,1.19309,1.1930500000000002,750000,939999.9976
24.06.2021 00:00:31.535,1.1931,1.19306,4500000,939999.9976
24.06.2021 00:00:37.210,1.1931100000000001,1.19307,750000,750000
24.06.2021 00:00:37.312,1.1931200000000002,1.1931,6179999.8283,750000
24.06.2021 00:00:40.082,1.1931200000000002,1.19309,100000.0015,2059999.9428
24.06.2021 00:00:40.285,1.19313,1.1931,100000.0015,1690000.0572
24.06.2021 00:00:44.889,1.19314,1.1931100000000001,819999.9928,189999.9976
24.06.2021 00:00:48.853,1.19313,1.1931100000000001,100000.0015,750000
24.06.2021 00:00:48.904,1.1931500000000002,1.1931100000000001,9930000.3052,750000
24.06.2021 00:00:48.954,1.1931200000000002,1.1931,100000.0015,750000
24.06.2021 00:00:53.012,1.19313,1.1931,100000.0015,750000
24.06.2021 00:01:00.084,1.19313,1.19309,819999.9928,2440000.0572
24.06.2021 00:01:00.330,1.1931,1.19307,100000.0015,370000.0048
24.06.2021 00:01:00.431,1.19309,1.19307,819999.9928,5329999.9237
24.06.2021 00:01:00.533,1.19308,1.1930500000000002,750000,370000.0048
24.06.2021 00:01:00.635,1.19308,1.19304,819999.9928,7260000.2289
24.06.2021 00:01:00.990,1.19308,1.1930500000000002,819999.9928,939999.9976
24.06.2021 00:01:01.092,1.19307,1.19304,100000.0015,750000
24.06.2021 00:01:02.606,1.19307,1.19306,100000.0015,939999.9976
24.06.2021 00:01:02.708,1.19309,1.19306,100000.0015,750000
24.06.2021 00:01:02.809,1.1931,1.19306,100000.0015,1690000.0572
24.06.2021 00:01:07.092,1.1931100000000001,1.19308,100000.0015,750000
24.06.2021 00:01:07.194,1.1931200000000002,1.19308,100000.0015,1500000
24.06.2021 00:01:07.296,1.19313,1.19309,819999.9928,750000
24.06.2021 00:01:07.755,1.1931200000000002,1.19309,100000.0015,750000
24.06.2021 00:01:10.207,1.19313,1.19309,819999.9928,189999.9976
24.06.2021 00:01:10.562,1.19313,1.1931,819999.9928,189999.9976
24.06.2021 00:01:13.026,1.19313,1.19309,819999.9928,6079999.9237
24.06.2021 00:01:14.271,1.19313,1.1931,100000.0015,750000
24.06.2021 00:01:14.856,1.1931200000000002,1.19309,100000.0015,750000
24.06.2021 00:01:16.752,1.19309,1.19306,100000.0015,5150000.0954
24.06.2021 00:01:16.854,1.19308,1.19306,100000.0015,4400000.0954
24.06.2021 00:01:16.955,1.19307,1.19304,100000.0015,750000
24.06.2021 00:01:17.057,1.19307,1.19303,100000.0015,6510000.2289
24.06.2021 00:01:18.141,1.19307,1.19304,100000.0015,750000
24.06.2021 00:01:19.043,1.19306,1.19304,750000,750000
24.06.2021 00:01:19.095,1.1930500000000002,1.1930200000000002,100000.0015,750000
24.06.2021 00:01:19.348,1.19303,1.193,100000.0015,5150000.0954
24.06.2021 00:01:19.450,1.1930200000000002,1.19298,819999.9928,750000
24.06.2021 00:01:19.551,1.193,1.19299,100000.0015,750000
24.06.2021 00:01:19.653,1.1930100000000001,1.19297,2319999.9332,750000
24.06.2021 00:01:19.754,1.193,1.19297,100000.0015,750000
24.06.2021 00:01:21.185,1.1930200000000002,1.19299,100000.0015,750000
24.06.2021 00:01:21.337,1.19303,1.19299,1649999.9762,750000
24.06.2021 00:01:21.438,1.19304,1.1930100000000001,5500000,750000
24.06.2021 00:01:21.591,1.1930500000000002,1.1930200000000002,100000.0015,1500000
24.06.2021 00:01:21.692,1.1930500000000002,1.19304,519999.9809,750000
24.06.2021 00:01:22.936,1.1930500000000002,1.19303,819999.9928,8850000.3815
24.06.2021 00:01:23.038,1.19304,1.193,819999.9928,5150000.0954
24.06.2021 00:01:23.241,1.19304,1.1930200000000002,819999.9928,750000
24.06.2021 00:01:23.494,1.1930500000000002,1.1930200000000002,819999.9928,189999.9976
24.06.2021 00:01:27.709,1.19304,1.1930100000000001,100000.0015,939999.9976
24.06.2021 00:01:28.014,1.1930500000000002,1.1930100000000001,819999.9928,1690000.0572
24.06.2021 00:01:28.782,1.19306,1.19303,100000.0015,750000
24.06.2021 00:01:29.679,1.19304,1.193,1570000.0525,5900000.0954
24.06.2021 00:01:29.730,1.1930200000000002,1.19299,819999.9928,4400000.0954
24.06.2021 00:01:29.782,1.193,1.19297,100000.0015,11199999.8093
24.06.2021 00:01:29.886,1.19298,1.19295,100000.0015,750000
24.06.2021 00:01:29.988,1.19297,1.19295,100000.0015,750000
24.06.2021 00:01:30.090,1.19296,1.1929400000000001,100000.0015,750000
24.06.2021 00:01:30.393,1.19297,1.1929400000000001,100000.0015,1690000.0572
24.06.2021 00:01:30.646,1.19298,1.1929400000000001,819999.9928,1690000.0572
24.06.2021 00:01:31.227,1.19299,1.19296,100000.0015,1690000.0572
24.06.2021 00:01:31.329,1.193,1.19296,750000,4710000.0381
24.06.2021 00:01:34.837,1.1930200000000002,1.193,8500000,1690000.0572
24.06.2021 00:01:34.938,1.19303,1.193,4679999.8283,2509999.9905
24.06.2021 00:01:35.040,1.1930500000000002,1.1930100000000001,750000,1759999.9905
24.06.2021 00:01:35.444,1.19307,1.19303,819999.9928,819999.9928
24.06.2021 00:01:35.546,1.19307,1.1930500000000002,100000.0015,750000
24.06.2021 00:01:35.649,1.19309,1.1930500000000002,819999.9928,1690000.0572
24.06.2021 00:01:36.831,1.19308,1.19304,4650000.0954,750000
24.06.2021 00:01:37.033,1.19307,1.19304,100000.0015,750000
24.06.2021 00:01:37.387,1.19308,1.19304,4269999.9809,750000
24.06.2021 00:01:38.786,1.19308,1.1930500000000002,819999.9928,750000
24.06.2021 00:01:39.764,1.19308,1.19306,899999.9762,750000
24.06.2021 00:01:40.220,1.19307,1.1930500000000002,2700000.0477,750000
24.06.2021 00:01:40.321,1.19308,1.1930500000000002,3069999.9332,750000
24.06.2021 00:01:40.423,1.19307,1.1930500000000002,100000.0015,750000
24.06.2021 00:01:40.525,1.19308,1.1930500000000002,100000.0015,750000
24.06.2021 00:01:45.798,1.19306,1.1930200000000002,1570000.0525,5150000.0954
24.06.2021 00:01:45.950,1.19304,1.1930200000000002,1269999.9809,4400000.0954
24.06.2021 00:01:46.001,1.19304,1.193,1269999.9809,750000
24.06.2021 00:01:52.123,1.19303,1.19299,1950000.0477,750000
24.06.2021 00:01:52.225,1.1930200000000002,1.19299,100000.0015,750000
24.06.2021 00:01:53.239,1.1930100000000001,1.19298,100000.0015,750000
24.06.2021 00:01:54.792,1.1930200000000002,1.19299,899999.9762,750000
24.06.2021 00:01:54.894,1.19303,1.193,4570000.1717,750000
24.06.2021 00:02:02.994,1.19303,1.19299,2400000.0954,750000
24.06.2021 00:02:03.096,1.1930100000000001,1.19298,3069999.9332,750000
24.06.2021 00:02:03.147,1.193,1.19296,1570000.0525,750000
24.06.2021 00:02:03.300,1.193,1.19298,3150000.0954,750000
24.06.2021 00:02:03.351,1.19299,1.19297,750000,750000
24.06.2021 00:02:03.858,1.19296,1.19293,1500000,750000
24.06.2021 00:02:03.909,1.1929400000000001,1.1929200000000002,819999.9928,750000
24.06.2021 00:02:03.960,1.19296,1.19293,6150000.0954,750000
24.06.2021 00:02:04.062,1.19296,1.1929200000000002,3519999.9809,750000
24.06.2021 00:02:04.213,1.19295,1.1929200000000002,750000,750000
24.06.2021 00:02:04.618,1.19295,1.1929100000000001,1570000.0525,750000
24.06.2021 00:02:04.967,1.1929400000000001,1.1929100000000001,750000,750000
24.06.2021 00:02:13.196,1.19295,1.1929100000000001,1570000.0525,750000
24.06.2021 00:02:13.297,1.19295,1.1929200000000002,750000,750000
24.06.2021 00:02:13.759,1.19295,1.19293,750000,939999.9976
24.06.2021 00:02:15.932,1.19297,1.1929400000000001,819999.9928,750000
24.06.2021 00:02:21.556,1.19298,1.1929400000000001,2400000.0954,750000
24.06.2021 00:02:30.677,1.19297,1.1929400000000001,750000,750000
24.06.2021 00:02:30.779,1.19296,1.1929200000000002,100000.0015,750000
24.06.2021 00:02:31.235,1.19295,1.1929200000000002,100000.0015,750000
24.06.2021 00:02:31.641,1.19296,1.1929200000000002,2400000.0954,750000
24.06.2021 00:02:31.793,1.19295,1.1929200000000002,100000.0015,750000
24.06.2021 00:02:31.894,1.19296,1.1929200000000002,3519999.9809,750000
24.06.2021 00:02:31.995,1.1929400000000001,1.1929200000000002,1570000.0525,750000
24.06.2021 00:02:32.097,1.1929400000000001,1.1929100000000001,150000.006,750000
24.06.2021 00:02:33.927,1.1929400000000001,1.1929,2019999.9809,750000
24.06.2021 00:02:39.504,1.19293,1.1929,100000.0015,750000
24.06.2021 00:02:39.605,1.19293,1.19289,819999.9928,750000
24.06.2021 00:02:43.127,1.1929,1.19287,750000,2950000.0477
24.06.2021 00:02:43.228,1.19289,1.19286,1570000.0525,4400000.0954
24.06.2021 00:02:43.330,1.19288,1.1928400000000001,750000,750000
24.06.2021 00:02:54.085,1.19289,1.19285,819999.9928,750000
24.06.2021 00:03:01.389,1.1929,1.19285,6179999.8283,1690000.0572
24.06.2021 00:03:01.491,1.1929,1.19286,5349999.9046,750000
24.06.2021 00:03:06.110,1.1929100000000001,1.19287,1570000.0525,750000
24.06.2021 00:03:13.528,1.1929100000000001,1.19286,1570000.0525,2440000.0572
24.06.2021 00:03:19.733,1.19289,1.19287,1120000.0048,750000
24.06.2021 00:03:19.834,1.19289,1.19285,750000,5329999.9237
24.06.2021 00:03:19.936,1.19288,1.1928400000000001,750000,2440000.0572
24.06.2021 00:03:25.106,1.19287,1.1928400000000001,750000,939999.9976
24.06.2021 00:03:27.219,1.19289,1.1928400000000001,4949999.8093,1759999.9905
24.06.2021 00:03:27.604,1.19289,1.19285,1500000,189999.9976
24.06.2021 00:03:28.512,1.1929,1.19286,1500000,939999.9976
24.06.2021 00:03:32.592,1.1929100000000001,1.19288,750000,189999.9976
24.06.2021 00:03:32.694,1.1929200000000002,1.19289,750000,939999.9976
24.06.2021 00:03:32.795,1.19293,1.19289,750000,1759999.9905
24.06.2021 00:03:39.743,1.1929,1.19288,750000,750000
24.06.2021 00:03:39.845,1.19289,1.19286,750000,189999.9976
24.06.2021 00:03:39.947,1.1929,1.19286,750000,1759999.9905
24.06.2021 00:03:42.598,1.1929,1.19287,750000,750000
24.06.2021 00:03:43.846,1.19289,1.19285,819999.9928,5900000.0954
24.06.2021 00:03:43.896,1.19287,1.19283,2250000,5150000.0954
24.06.2021 00:03:43.998,1.19286,1.19283,750000,4400000.0954
24.06.2021 00:03:44.100,1.19285,1.1928100000000001,750000,1690000.0572
24.06.2021 00:03:45.467,1.19285,1.1928200000000002,750000,750000
24.06.2021 00:03:51.110,1.19286,1.19283,750000,189999.9976
24.06.2021 00:03:51.213,1.19288,1.1928400000000001,4500000,939999.9976
24.06.2021 00:03:55.872,1.19289,1.19285,3819999.9332,750000
24.06.2021 00:03:55.975,1.1929,1.19287,750000,939999.9976
24.06.2021 00:03:59.525,1.1929100000000001,1.19287,750000,750000
24.06.2021 00:04:03.085,1.1929,1.19286,750000,5389999.8665
24.06.2021 00:04:10.685,1.1929,1.19287,750000,750000
24.06.2021 00:04:10.787,1.1929100000000001,1.19288,5429999.8283,939999.9976
24.06.2021 00:04:10.839,1.1929400000000001,1.1929,5500000,750000
24.06.2021 00:04:11.092,1.19295,1.1929100000000001,750000,750000
24.06.2021 00:04:11.499,1.19295,1.19293,750000,2440000.0572
24.06.2021 00:04:13.550,1.19296,1.19293,4199999.8093,750000
24.06.2021 00:04:16.435,1.19295,1.1929100000000001,819999.9928,750000
24.06.2021 00:04:27.135,1.1929400000000001,1.1929100000000001,750000,750000
24.06.2021 00:04:29.066,1.19293,1.1929,750000,750000
24.06.2021 00:04:29.117,1.1929100000000001,1.19288,750000,750000
24.06.2021 00:04:29.273,1.1929100000000001,1.19287,5320000.1717,750000
24.06.2021 00:04:34.187,1.1929100000000001,1.1929,899999.9762,750000
24.06.2021 00:04:35.002,1.19293,1.19289,4570000.1717,750000
24.06.2021 00:04:35.257,1.1929400000000001,1.1929,1200000.0477,750000
24.06.2021 00:04:35.358,1.19293,1.1929200000000002,750000,750000
24.06.2021 00:04:35.860,1.19295,1.1929200000000002,3819999.9332,750000
24.06.2021 00:04:38.906,1.19296,1.19293,750000,1500000
24.06.2021 00:04:39.008,1.19298,1.1929400000000001,1200000.0477,1690000.0572
24.06.2021 00:04:39.110,1.19299,1.19295,819999.9928,750000
24.06.2021 00:04:44.001,1.19297,1.19296,100000.0015,750000
24.06.2021 00:04:44.103,1.19299,1.19295,3819999.9332,750000
24.06.2021 00:04:56.597,1.19297,1.19296,100000.0015,750000
24.06.2021 00:04:57.120,1.19299,1.19297,449999.9881,750000
24.06.2021 00:04:57.171,1.1930100000000001,1.19298,5429999.8283,750000
24.06.2021 00:04:57.273,1.1930200000000002,1.19299,469999.9988,1690000.0572
24.06.2021 00:04:57.324,1.19304,1.1930200000000002,7500000,939999.9976
24.06.2021 00:04:57.426,1.19309,1.19306,1870000.0048,939999.9976
24.06.2021 00:04:57.527,1.1931,1.19307,4679999.8283,1690000.0572
24.06.2021 00:04:57.629,1.1931,1.19308,4599999.9046,750000
24.06.2021 00:04:57.680,1.1931200000000002,1.19308,750000,1500000
24.06.2021 00:04:58.896,1.1931100000000001,1.19308,750000,1500000
24.06.2021 00:04:58.998,1.1931100000000001,1.19307,1570000.0525,1500000
24.06.2021 00:04:59.099,1.1931,1.19307,819999.9928,1500000
24.06.2021 00:04:59.504,1.1931100000000001,1.19307,3150000.0954,1500000
24.06.2021 00:05:02.408,1.1931100000000001,1.19309,6550000.1907,1500000
24.06.2021 00:05:02.510,1.1931200000000002,1.19309,5050000.1907,1500000
24.06.2021 00:05:02.612,1.19313,1.19309,1500000,1500000
24.06.2021 00:05:02.713,1.19313,1.1931,1500000,750000
24.06.2021 00:05:09.223,1.19313,1.1931100000000001,750000,750000
24.06.2021 00:05:09.274,1.1931500000000002,1.1931200000000002,4949999.8093,750000
24.06.2021 00:05:09.375,1.1931500000000002,1.1931100000000001,3069999.9332,750000
24.06.2021 00:05:09.477,1.19314,1.1931100000000001,100000.0015,750000
24.06.2021 00:05:09.578,1.19314,1.1931,819999.9928,750000
24.06.2021 00:05:10.661,1.1931100000000001,1.19308,1500000,750000
24.06.2021 00:05:10.762,1.1931100000000001,1.19307,1649999.9762,750000
24.06.2021 00:05:18.381,1.1931,1.19307,4199999.8093,750000
24.06.2021 00:05:24.291,1.19309,1.19307,1500000,939999.9976
24.06.2021 00:05:24.703,1.19309,1.1930500000000002,750000,1690000.0572
24.06.2021 00:05:31.798,1.19306,1.1930200000000002,1500000,1500000
24.06.2021 00:05:31.950,1.1930500000000002,1.1930100000000001,750000,2440000.0572
24.06.2021 00:05:32.761,1.19306,1.1930200000000002,4650000.0954,750000
24.06.2021 00:05:37.804,1.19304,1.1930100000000001,750000,1500000
24.06.2021 00:05:37.907,1.19304,1.193,819999.9928,1500000
24.06.2021 00:05:38.009,1.19303,1.193,100000.0015,1500000
24.06.2021 00:05:38.646,1.19304,1.193,5400000.0954,1500000
24.06.2021 00:05:38.807,1.19303,1.193,750000,1500000
24.06.2021 00:05:38.960,1.1930200000000002,1.19299,750000,750000
24.06.2021 00:05:40.031,1.19303,1.193,1200000.0477,750000
24.06.2021 00:05:47.872,1.19303,1.19299,750000,2440000.0572
24.06.2021 00:05:47.973,1.19303,1.193,750000,750000
24.06.2021 00:05:48.085,1.19304,1.193,1570000.0525,1500000
24.06.2021 00:05:52.148,1.19304,1.1930100000000001,1500000,750000
24.06.2021 00:05:54.007,1.19303,1.193,750000,750000
24.06.2021 00:05:54.109,1.19303,1.19299,750000,6079999.9237
24.06.2021 00:05:54.211,1.1930100000000001,1.19299,750000,750000
24.06.2021 00:05:54.262,1.1930100000000001,1.19297,1500000,5900000.0954
24.06.2021 00:05:54.365,1.19299,1.19297,750000,4400000.0954
24.06.2021 00:05:54.416,1.19299,1.19295,819999.9928,750000
24.06.2021 00:05:54.468,1.19297,1.1929400000000001,750000,750000
24.06.2021 00:05:54.672,1.19297,1.19295,3900000.0954,750000
24.06.2021 00:06:03.186,1.19297,1.1929400000000001,750000,1500000
24.06.2021 00:06:13.085,1.19299,1.19295,1200000.0477,1500000
24.06.2021 00:06:13.191,1.19299,1.19297,1200000.0477,750000
24.06.2021 00:06:13.292,1.193,1.19297,750000,1500000
24.06.2021 00:06:14.712,1.193,1.19296,750000,4010000.2289
24.06.2021 00:06:15.585,1.193,1.19297,750000,750000
24.06.2021 00:06:18.054,1.1930100000000001,1.19297,5769999.9809,750000
24.06.2021 00:06:18.157,1.193,1.19296,2019999.9809,750000
24.06.2021 00:06:18.365,1.19298,1.19296,100000.0015,750000
24.06.2021 00:06:19.249,1.19299,1.19296,519999.9809,750000
24.06.2021 00:06:19.794,1.19298,1.19296,100000.0015,750000
24.06.2021 00:06:20.713,1.19299,1.19296,519999.9809,750000
24.06.2021 00:06:21.129,1.19297,1.19296,100000.0015,750000
24.06.2021 00:06:21.231,1.19299,1.19295,819999.9928,750000
24.06.2021 00:06:21.332,1.19298,1.1929400000000001,899999.9762,1500000
24.06.2021 00:06:21.459,1.19297,1.1929400000000001,100000.0015,1500000
24.06.2021 00:06:21.662,1.19298,1.1929400000000001,899999.9762,1500000
24.06.2021 00:06:23.124,1.19299,1.19295,4949999.8093,750000
24.06.2021 00:06:23.226,1.193,1.19296,1570000.0525,750000
24.06.2021 00:06:25.540,1.193,1.19297,750000,4400000.0954
24.06.2021 00:06:25.794,1.19299,1.19297,750000,2509999.9905
24.06.2021 00:06:27.124,1.1930100000000001,1.19297,750000,750000
24.06.2021 00:06:27.283,1.1930200000000002,1.19298,750000,750000
24.06.2021 00:06:27.385,1.1930200000000002,1.19299,750000,750000
24.06.2021 00:06:27.436,1.19304,1.193,1500000,1500000
24.06.2021 00:06:27.537,1.1930500000000002,1.1930100000000001,1950000.0477,750000
24.06.2021 00:06:31.870,1.19306,1.1930200000000002,1500000,1500000
24.06.2021 00:06:41.449,1.19307,1.19306,4599999.9046,750000
24.06.2021 00:06:41.551,1.19309,1.1930500000000002,819999.9928,750000
24.06.2021 00:06:43.974,1.1931,1.19306,750000,2440000.0572
24.06.2021 00:06:44.076,1.1931,1.19307,750000,750000
24.06.2021 00:06:46.635,1.19307,1.1930500000000002,819999.9928,4400000.0954
24.06.2021 00:06:46.687,1.19307,1.19303,819999.9928,1570000.0525
24.06.2021 00:06:54.981,1.19309,1.19306,4599999.9046,1759999.9905
24.06.2021 00:06:55.722,1.1931,1.19306,750000,1759999.9905
24.06.2021 00:07:08.530,1.19313,1.1931,5429999.8283,1690000.0572
24.06.2021 00:07:08.733,1.19314,1.1931,1500000,1690000.0572
24.06.2021 00:07:11.214,1.1931200000000002,1.1931100000000001,750000,1690000.0572
24.06.2021 00:07:15.085,1.19314,1.1931,750000,1690000.0572
24.06.2021 00:07:17.743,1.1931200000000002,1.19309,750000,750000
24.06.2021 00:07:17.845,1.19313,1.1931,1570000.0525,750000
24.06.2021 00:07:19.097,1.19314,1.1931,1500000,1690000.0572
24.06.2021 00:07:20.096,1.1931500000000002,1.1931100000000001,750000,1009999.9905
24.06.2021 00:07:20.199,1.19317,1.19313,5880000.1144,1690000.0572
24.06.2021 00:07:26.736,1.1931500000000002,1.1931200000000002,1200000.0477,750000
24.06.2021 00:07:26.838,1.1931500000000002,1.1931100000000001,2700000.0477,5150000.0954
24.06.2021 00:07:26.940,1.19314,1.1931100000000001,3069999.9332,750000
24.06.2021 00:07:27.042,1.19314,1.1931200000000002,5769999.9809,750000
24.06.2021 00:07:27.449,1.19314,1.1931100000000001,100000.0015,750000
24.06.2021 00:07:27.551,1.1931500000000002,1.1931100000000001,6150000.0954,750000
24.06.2021 00:07:27.654,1.19314,1.1931,750000,939999.9976
24.06.2021 00:07:28.214,1.1931500000000002,1.1931100000000001,5400000.0954,750000
24.06.2021 00:07:28.316,1.19313,1.1931200000000002,750000,750000
24.06.2021 00:07:28.418,1.19316,1.19313,1950000.0477,750000
24.06.2021 00:07:33.035,1.19318,1.19314,1570000.0525,939999.9976
24.06.2021 00:07:33.136,1.1931500000000002,1.19314,1500000,750000
24.06.2021 00:07:33.238,1.1931500000000002,1.19313,1500000,1500000
24.06.2021 00:07:41.143,1.1931500000000002,1.1931200000000002,750000,1500000
24.06.2021 00:07:46.601,1.19317,1.1931500000000002,449999.9881,750000
24.06.2021 00:07:46.754,1.19318,1.1931500000000002,750000,750000
24.06.2021 00:07:48.855,1.19317,1.19314,750000,750000
24.06.2021 00:07:52.163,1.19318,1.19314,1500000,1500000
24.06.2021 00:07:54.312,1.19318,1.1931500000000002,750000,750000
24.06.2021 00:07:55.174,1.1932,1.19317,750000,750000
24.06.2021 00:07:55.276,1.19321,1.19317,1570000.0525,1500000
24.06.2021 00:07:55.377,1.1932,1.19317,750000,1500000
24.06.2021 00:07:56.316,1.19321,1.19317,750000,1690000.0572
24.06.2021 00:08:02.275,1.19321,1.19318,750000,750000
24.06.2021 00:08:03.771,1.1932200000000002,1.19318,750000,4519999.9809
24.06.2021 00:08:03.873,1.1932200000000002,1.19319,750000,189999.9976
24.06.2021 00:08:03.975,1.19323,1.19319,750000,1690000.0572
24.06.2021 00:08:05.926,1.19323,1.1932,750000,750000
24.06.2021 00:08:06.248,1.19323,1.19321,750000,750000
24.06.2021 00:08:09.483,1.19323,1.19319,750000,1690000.0572
24.06.2021 00:08:09.585,1.1932,1.19317,750000,1009999.9905
24.06.2021 00:08:13.580,1.19318,1.1931500000000002,750000,939999.9976
24.06.2021 00:08:13.682,1.19317,1.1931500000000002,750000,1690000.0572
24.06.2021 00:08:27.547,1.19317,1.19314,750000,189999.9976
24.06.2021 00:08:50.993,1.19316,1.19314,750000,189999.9976
24.06.2021 00:08:53.198,1.19313,1.1931100000000001,750000,4400000.0954
24.06.2021 00:08:53.300,1.1931200000000002,1.19309,750000,7500000
24.06.2021 00:08:53.401,1.1931100000000001,1.19308,750000,259999.9905
24.06.2021 00:08:53.503,1.1931200000000002,1.19309,750000,259999.9905
24.06.2021 00:08:57.085,1.1931100000000001,1.19309,750000,939999.9976
24.06.2021 00:08:58.806,1.1931100000000001,1.19308,750000,1759999.9905
24.06.2021 00:09:00.232,1.19309,1.19306,750000,6719999.7902
24.06.2021 00:09:00.334,1.19307,1.19304,750000,12909999.8474
24.06.2021 00:09:00.437,1.19306,1.19304,750000,12079999.9237
24.06.2021 00:09:02.160,1.19304,1.1930200000000002,750000,4659999.8474
24.06.2021 00:09:07.666,1.1930500000000002,1.1930200000000002,750000,259999.9905
24.06.2021 00:09:30.970,1.19304,1.1930100000000001,750000,189999.9976
24.06.2021 00:09:31.072,1.19303,1.193,750000,4400000.0954
24.06.2021 00:09:31.173,1.19303,1.19299,750000,1759999.9905
24.06.2021 00:09:31.275,1.1930200000000002,1.19299,750000,1759999.9905
24.06.2021 00:09:32.897,1.19303,1.1930100000000001,750000,939999.9976
24.06.2021 00:09:32.948,1.1930500000000002,1.1930100000000001,750000,4010000.2289
24.06.2021 00:09:33.051,1.19304,1.19303,750000,1009999.9905
24.06.2021 00:09:33.152,1.1930500000000002,1.19303,750000,1009999.9905
24.06.2021 00:09:38.291,1.1930500000000002,1.1930200000000002,750000,1759999.9905
24.06.2021 00:09:38.968,1.19304,1.1930100000000001,750000,5900000.0954
24.06.2021 00:09:39.069,1.19303,1.1930100000000001,750000,4400000.0954
24.06.2021 00:09:39.171,1.19303,1.19299,750000,6210000.0381
24.06.2021 00:09:47.849,1.1930100000000001,1.19298,750000,1570000.0525
24.06.2021 00:09:47.952,1.19299,1.19295,750000,1570000.0525
24.06.2021 00:09:48.054,1.19297,1.1929400000000001,750000,1570000.0525
24.06.2021 00:09:54.122,1.19299,1.19297,750000,1009999.9905
24.06.2021 00:09:54.224,1.193,1.19298,100000.0015,1759999.9905
24.06.2021 00:09:54.276,1.1930200000000002,1.19298,750000,5460000.0381
24.06.2021 00:09:54.378,1.1930200000000002,1.19299,750000,1009999.9905
24.06.2021 00:10:08.660,1.19304,1.1930100000000001,750000,2319999.9332
24.06.2021 00:10:08.762,1.19304,1.19303,750000,1009999.9905
24.06.2021 00:10:08.864,1.1930500000000002,1.19304,5349999.9046,1759999.9905
24.06.2021 00:10:15.736,1.19308,1.19304,750000,1570000.0525
24.06.2021 00:10:16.545,1.19307,1.19304,750000,750000
24.06.2021 00:10:24.362,1.19306,1.19304,750000,750000
24.06.2021 00:10:25.270,1.19306,1.19303,750000,5460000.0381
24.06.2021 00:10:54.282,1.19307,1.19304,750000,100000.0015
24.06.2021 00:10:57.306,1.19308,1.19304,750000,100000.0015
24.06.2021 00:10:57.677,1.19307,1.19304,750000,100000.0015
24.06.2021 00:10:57.886,1.19308,1.19304,750000,100000.0015
24.06.2021 00:10:58.089,1.19307,1.19304,750000,819999.9928
24.06.2021 00:10:58.241,1.19308,1.19304,750000,819999.9928
24.06.2021 00:11:00.995,1.19307,1.19304,750000,819999.9928
24.06.2021 00:11:01.147,1.19304,1.19303,370000.0048,5219999.7902
24.06.2021 00:11:01.248,1.1930500000000002,1.1930100000000001,519999.9809,7500000
24.06.2021 00:11:01.350,1.1930200000000002,1.19299,750000,6159999.8474
24.06.2021 00:11:01.755,1.19299,1.19298,750000,750000
24.06.2021 00:11:17.894,1.19298,1.19296,750000,189999.9976
24.06.2021 00:11:18.045,1.19299,1.19296,750000,189999.9976
24.06.2021 00:11:28.440,1.19297,1.19295,750000,189999.9976
24.06.2021 00:11:28.541,1.19296,1.1929400000000001,750000,4579999.9237
24.06.2021 00:11:28.643,1.19297,1.1929400000000001,750000,189999.9976
24.06.2021 00:11:28.744,1.19295,1.1929200000000002,750000,4579999.9237
24.06.2021 00:11:28.795,1.19297,1.19293,1570000.0525,939999.9976
24.06.2021 00:11:28.897,1.19295,1.1929200000000002,750000,6079999.9237
24.06.2021 00:11:28.998,1.19297,1.19293,750000,939999.9976
24.06.2021 00:11:29.100,1.19296,1.19293,750000,939999.9976
24.06.2021 00:11:29.201,1.19297,1.19293,750000,1009999.9905
24.06.2021 00:11:29.252,1.19296,1.19293,750000,1009999.9905
24.06.2021 00:11:29.303,1.19297,1.19293,750000,1009999.9905
24.06.2021 00:11:29.454,1.19296,1.19293,750000,1009999.9905
24.06.2021 00:11:30.560,1.19297,1.1929400000000001,750000,939999.9976
24.06.2021 00:11:33.916,1.1929400000000001,1.1929200000000002,750000,5329999.9237
24.06.2021 00:11:33.967,1.19296,1.1929200000000002,750000,5329999.9237
24.06.2021 00:11:34.068,1.19295,1.1929200000000002,750000,4400000.0954
24.06.2021 00:11:34.119,1.19293,1.1929100000000001,750000,939999.9976
24.06.2021 00:11:35.846,1.1929200000000002,1.1929,750000,939999.9976
24.06.2021 00:11:35.998,1.1929200000000002,1.19289,750000,6079999.9237
24.06.2021 00:11:36.099,1.1929100000000001,1.19289,750000,1690000.0572
24.06.2021 00:11:36.200,1.19289,1.19286,750000,1759999.9905
24.06.2021 00:11:36.403,1.19289,1.19285,1500000,2509999.9905
24.06.2021 00:11:36.453,1.19287,1.19285,750000,1759999.9905
24.06.2021 00:11:36.555,1.19287,1.1928400000000001,1500000,939999.9976
24.06.2021 00:11:36.656,1.19286,1.19283,750000,1690000.0572
24.06.2021 00:11:36.758,1.19285,1.19283,1500000,2440000.0572
24.06.2021 00:11:36.860,1.19285,1.1928200000000002,750000,939999.9976
24.06.2021 00:11:36.962,1.19285,1.1928100000000001,750000,2509999.9905
24.06.2021 00:11:37.923,1.19285,1.1928200000000002,750000,750000
24.06.2021 00:11:53.866,1.19286,1.1928200000000002,750000,819999.9928
24.06.2021 00:11:53.968,1.19285,1.1928200000000002,750000,750000
24.06.2021 00:11:55.707,1.1928400000000001,1.1928,1500000,9859999.6567
24.06.2021 00:11:56.065,1.1928200000000002,1.19279,750000,1759999.9905
24.06.2021 00:11:56.218,1.1928200000000002,1.19278,1500000,2890000.1049
24.06.2021 00:11:56.321,1.19279,1.19277,750000,100000.0015
24.06.2021 00:12:00.655,1.19278,1.19276,750000,370000.0048
24.06.2021 00:12:00.756,1.19277,1.19274,750000,1759999.9905
24.06.2021 00:12:00.858,1.19277,1.19273,1500000,6909999.8474
24.06.2021 00:12:00.959,1.19277,1.19274,1500000,1009999.9905
24.06.2021 00:12:01.628,1.19277,1.19273,1500000,1759999.9905
24.06.2021 00:12:01.831,1.19277,1.19275,750000,939999.9976
24.06.2021 00:12:01.933,1.19278,1.19275,1500000,819999.9928
24.06.2021 00:12:02.673,1.19278,1.19274,1500000,1009999.9905
24.06.2021 00:12:03.179,1.19278,1.19275,1500000,100000.0015
24.06.2021 00:12:06.981,1.19278,1.19274,1500000,6159999.8474
24.06.2021 00:12:07.697,1.19279,1.19277,750000,259999.9905
24.06.2021 00:12:07.748,1.19283,1.1928100000000001,4599999.9046,1200000.0477
24.06.2021 00:12:07.799,1.19287,1.19285,750000,750000
24.06.2021 00:12:07.901,1.19289,1.19287,819999.9928,189999.9976
24.06.2021 00:12:08.155,1.1929,1.19287,750000,750000
24.06.2021 00:12:08.307,1.19289,1.19287,750000,750000
24.06.2021 00:12:08.621,1.1929,1.19286,750000,4710000.0381
24.06.2021 00:12:08.875,1.1929,1.19287,750000,750000
24.06.2021 00:12:08.978,1.19289,1.19286,750000,4710000.0381
24.06.2021 00:12:09.079,1.1929,1.19286,1500000,4710000.0381
24.06.2021 00:12:09.181,1.19289,1.19286,750000,4710000.0381
24.06.2021 00:12:09.283,1.1929100000000001,1.19287,1500000,750000
24.06.2021 00:12:09.384,1.19289,1.19287,750000,4710000.0381
24.06.2021 00:12:09.486,1.1929,1.19287,750000,750000
24.06.2021 00:12:09.588,1.19289,1.19287,750000,4710000.0381
24.06.2021 00:12:09.690,1.1929,1.19287,750000,189999.9976
24.06.2021 00:12:09.791,1.1929,1.19286,750000,3960000.0381
24.06.2021 00:12:14.353,1.19289,1.19286,750000,4639999.8665
24.06.2021 00:12:37.801,1.1929,1.19286,750000,1759999.9905
24.06.2021 00:12:41.267,1.1929,1.19287,750000,750000
24.06.2021 00:12:54.084,1.1929100000000001,1.19287,750000,1759999.9905
24.06.2021 00:12:57.633,1.1929,1.19287,750000,1570000.0525
24.06.2021 00:13:08.441,1.1929100000000001,1.19287,750000,1570000.0525
24.06.2021 00:13:12.984,1.1929100000000001,1.19288,750000,750000
24.06.2021 00:13:24.084,1.1929100000000001,1.19289,750000,1500000
24.06.2021 00:13:37.539,1.19293,1.19289,1500000,750000
24.06.2021 00:13:39.282,1.19293,1.1929,750000,189999.9976
24.06.2021 00:13:40.521,1.1929400000000001,1.1929,750000,1690000.0572
24.06.2021 00:13:40.572,1.19295,1.1929200000000002,750000,4519999.9809
24.06.2021 00:13:40.673,1.19296,1.19293,100000.0015,939999.9976
24.06.2021 00:13:40.775,1.19296,1.1929400000000001,750000,1690000.0572
24.06.2021 00:13:45.556,1.19296,1.19293,750000,1500000
24.06.2021 00:13:45.709,1.19296,1.1929200000000002,750000,9779999.733
24.06.2021 00:13:45.984,1.19296,1.19293,750000,750000
24.06.2021 00:13:46.370,1.19297,1.19293,750000,750000
24.06.2021 00:13:54.349,1.19298,1.1929400000000001,750000,750000
24.06.2021 00:13:55.911,1.19299,1.19295,750000,750000
24.06.2021 00:13:56.013,1.193,1.19296,750000,750000
24.06.2021 00:13:56.114,1.19299,1.19296,1500000,750000
24.06.2021 00:13:56.216,1.19298,1.19295,750000,750000
24.06.2021 00:13:56.368,1.19298,1.1929400000000001,750000,2809999.9428
24.06.2021 00:13:59.478,1.19298,1.19295,750000,750000
24.06.2021 00:14:01.951,1.19298,1.1929400000000001,819999.9928,750000
24.06.2021 00:14:03.682,1.19297,1.19293,750000,2440000.0572
24.06.2021 00:14:23.607,1.19297,1.19295,750000,750000
24.06.2021 00:14:24.629,1.19297,1.19293,750000,4449999.8093
24.06.2021 00:14:41.537,1.19298,1.1929400000000001,750000,4710000.0381
24.06.2021 00:14:41.689,1.19299,1.19295,750000,750000
24.06.2021 00:14:48.136,1.19299,1.19296,750000,750000
24.06.2021 00:14:48.238,1.193,1.19296,750000,5090000.1526
24.06.2021 00:14:48.289,1.1930200000000002,1.193,4599999.9046,2440000.0572
24.06.2021 00:14:48.391,1.19304,1.1930100000000001,449999.9881,939999.9976
24.06.2021 00:14:48.492,1.19306,1.1930200000000002,6099999.9046,750000
24.06.2021 00:14:48.644,1.1930500000000002,1.1930200000000002,750000,750000
24.06.2021 00:14:57.718,1.1930500000000002,1.1930100000000001,750000,1500000
24.06.2021 00:14:57.820,1.19303,1.193,750000,750000
24.06.2021 00:15:00.317,1.19304,1.193,1200000.0477,2059999.9428
24.06.2021 00:15:00.418,1.19304,1.1930100000000001,449999.9881,4710000.0381
24.06.2021 00:15:00.520,1.1930500000000002,1.1930100000000001,750000,4710000.0381
24.06.2021 00:15:00.621,1.1930500000000002,1.1930200000000002,750000,750000
24.06.2021 00:15:03.213,1.19304,1.1930100000000001,750000,3890000.1049
24.06.2021 00:15:03.365,1.1930500000000002,1.1930100000000001,1500000,3890000.1049
24.06.2021 00:15:03.568,1.19304,1.1930100000000001,750000,3769999.9809
24.06.2021 00:15:03.720,1.1930500000000002,1.1930100000000001,750000,3960000.0381
24.06.2021 00:15:03.821,1.19304,1.1930100000000001,750000,4710000.0381
24.06.2021 00:15:04.125,1.1930500000000002,1.1930100000000001,750000,4710000.0381
24.06.2021 00:15:06.551,1.19304,1.193,750000,4710000.0381
24.06.2021 00:15:06.652,1.19303,1.193,750000,750000
24.06.2021 00:15:06.956,1.19303,1.19299,750000,2140000.1049
24.06.2021 00:15:07.108,1.19303,1.193,750000,189999.9976
24.06.2021 00:15:10.693,1.19303,1.1930200000000002,3750000,750000
24.06.2021 00:15:10.845,1.19304,1.193,4500000,1009999.9905
24.06.2021 00:15:16.837,1.19303,1.193,750000,750000
24.06.2021 00:15:16.989,1.19304,1.1930100000000001,4500000,750000
24.06.2021 00:15:17.243,1.1930500000000002,1.1930100000000001,750000,1009999.9905
24.06.2021 00:15:17.344,1.1930500000000002,1.1930200000000002,750000,750000
24.06.2021 00:15:18.559,1.1930500000000002,1.1930100000000001,750000,3960000.0381
24.06.2021 00:15:19.173,1.1930500000000002,1.1930200000000002,750000,750000
24.06.2021 00:15:19.780,1.1930500000000002,1.1930100000000001,750000,3960000.0381
24.06.2021 00:15:21.824,1.19303,1.193,750000,939999.9976
24.06.2021 00:15:24.426,1.19303,1.19299,750000,1009999.9905
24.06.2021 00:15:33.049,1.1930200000000002,1.19299,750000,1009999.9905
24.06.2021 00:15:38.755,1.193,1.19297,750000,6159999.8474
24.06.2021 00:15:58.641,1.19299,1.19296,750000,750000
24.06.2021 00:15:58.743,1.19299,1.19295,750000,1009999.9905
24.06.2021 00:16:04.612,1.19298,1.19297,750000,1009999.9905
24.06.2021 00:16:04.714,1.193,1.19297,819999.9928,939999.9976
24.06.2021 00:16:04.816,1.1930100000000001,1.19297,750000,1009999.9905
24.06.2021 00:16:07.457,1.1930100000000001,1.19298,750000,750000
24.06.2021 00:16:13.511,1.19303,1.19299,1570000.0525,750000
24.06.2021 00:16:34.817,1.1930200000000002,1.19298,750000,1759999.9905
24.06.2021 00:16:35.006,1.1930200000000002,1.19299,750000,750000
24.06.2021 00:16:35.158,1.1930200000000002,1.19298,750000,1759999.9905
24.06.2021 00:16:35.259,1.1930200000000002,1.19299,750000,750000
24.06.2021 00:16:35.728,1.1930200000000002,1.19298,750000,1759999.9905
24.06.2021 00:16:35.848,1.1930200000000002,1.19299,750000,750000
24.06.2021 00:16:36.017,1.1930200000000002,1.19298,750000,1759999.9905
24.06.2021 00:16:50.382,1.1930200000000002,1.19299,750000,100000.0015
24.06.2021 00:16:59.020,1.19303,1.193,750000,750000
24.06.2021 00:16:59.515,1.19304,1.1930100000000001,750000,939999.9976
24.06.2021 00:16:59.617,1.19306,1.19303,5349999.9046,750000
24.06.2021 00:16:59.719,1.19306,1.1930200000000002,819999.9928,750000
24.06.2021 00:16:59.871,1.1930500000000002,1.1930200000000002,750000,750000
24.06.2021 00:17:06.994,1.19306,1.19303,750000,819999.9928
24.06.2021 00:17:08.901,1.19307,1.19303,750000,3769999.9809
24.06.2021 00:17:09.003,1.19307,1.19304,750000,189999.9976
24.06.2021 00:17:18.059,1.19306,1.19303,750000,750000
24.06.2021 00:17:18.161,1.19308,1.19304,1009999.9905,750000
24.06.2021 00:17:18.876,1.1930500000000002,1.1930100000000001,1200000.0477,5150000.0954
24.06.2021 00:17:18.978,1.19304,1.1930100000000001,3750000,5150000.0954
24.06.2021 00:17:19.029,1.1930100000000001,1.19298,1759999.9905,7500000
24.06.2021 00:17:19.131,1.19299,1.19296,750000,750000
24.06.2021 00:17:19.232,1.19298,1.19296,100000.0015,750000
24.06.2021 00:17:19.283,1.19297,1.1929400000000001,750000,750000
24.06.2021 00:17:37.274,1.19297,1.19293,750000,1009999.9905
24.06.2021 00:17:37.325,1.19299,1.19296,1200000.0477,750000
24.06.2021 00:17:37.427,1.193,1.19297,4500000,750000
24.06.2021 00:17:40.579,1.19298,1.19297,750000,750000
24.06.2021 00:17:58.230,1.1930100000000001,1.19298,750000,750000
24.06.2021 00:18:09.808,1.1930200000000002,1.19298,750000,750000
24.06.2021 00:18:09.966,1.1930100000000001,1.19298,750000,819999.9928
24.06.2021 00:18:10.428,1.1930100000000001,1.19299,750000,819999.9928
24.06.2021 00:18:10.630,1.1930100000000001,1.19298,750000,819999.9928
24.06.2021 00:18:10.815,1.19303,1.19299,4690000.0572,750000
24.06.2021 00:18:11.023,1.193,1.19299,750000,819999.9928
24.06.2021 00:18:11.184,1.1930200000000002,1.19298,750000,819999.9928
24.06.2021 00:18:11.335,1.1930100000000001,1.19298,750000,819999.9928
24.06.2021 00:18:11.538,1.1930200000000002,1.19298,750000,819999.9928
24.06.2021 00:18:11.652,1.193,1.19299,750000,819999.9928
24.06.2021 00:18:23.449,1.19304,1.193,750000,750000
24.06.2021 00:18:23.551,1.19303,1.1930200000000002,750000,750000
24.06.2021 00:18:31.173,1.19303,1.193,750000,750000
24.06.2021 00:18:31.275,1.1930200000000002,1.19299,750000,819999.9928
24.06.2021 00:18:36.129,1.1930200000000002,1.193,3750000,750000
24.06.2021 00:18:42.287,1.19303,1.193,750000,750000
24.06.2021 00:18:44.278,1.19304,1.193,1500000,750000
24.06.2021 00:18:44.468,1.19303,1.193,750000,750000
24.06.2021 00:18:44.620,1.19304,1.193,1500000,750000
24.06.2021 00:18:44.723,1.19303,1.193,750000,750000
24.06.2021 00:18:50.161,1.1930100000000001,1.19299,750000,4400000.0954
24.06.2021 00:18:50.363,1.1930100000000001,1.19298,750000,819999.9928
24.06.2021 00:19:01.971,1.193,1.19297,750000,819999.9928
24.06.2021 00:19:02.123,1.193,1.19296,750000,5900000.0954
24.06.2021 00:19:15.070,1.1930100000000001,1.19297,2319999.9332,750000
24.06.2021 00:19:15.172,1.1930100000000001,1.19298,750000,750000
24.06.2021 00:19:15.476,1.1930200000000002,1.19299,750000,750000
24.06.2021 00:19:15.713,1.1930200000000002,1.19298,750000,750000
24.06.2021 00:19:22.055,1.1930100000000001,1.19298,100000.0015,750000
24.06.2021 00:19:22.223,1.1930200000000002,1.19298,5889999.8665,750000
24.06.2021 00:19:22.324,1.1930100000000001,1.19298,819999.9928,750000
24.06.2021 00:19:30.072,1.1930100000000001,1.19297,750000,750000
24.06.2021 00:19:30.174,1.1930200000000002,1.19298,750000,750000
24.06.2021 00:19:30.591,1.19303,1.19299,4570000.1717,750000
24.06.2021 00:19:32.291,1.19303,1.193,4500000,750000
24.06.2021 00:19:37.773,1.19304,1.193,6070000.1717,750000
24.06.2021 00:19:37.876,1.1930500000000002,1.19303,4599999.9046,750000
24.06.2021 00:19:37.928,1.19307,1.19304,750000,750000
24.06.2021 00:19:38.182,1.19308,1.1930500000000002,1500000,750000
24.06.2021 00:19:43.909,1.19309,1.1930500000000002,5320000.1717,750000
24.06.2021 00:19:45.925,1.19309,1.19306,750000,750000
24.06.2021 00:19:46.563,1.19309,1.19307,750000,750000
24.06.2021 00:19:47.734,1.1931100000000001,1.19308,750000,750000
24.06.2021 00:19:47.988,1.19313,1.19309,1570000.0525,750000
24.06.2021 00:20:05.225,1.19313,1.1931,750000,750000
24.06.2021 00:20:11.088,1.19313,1.19309,750000,750000
24.06.2021 00:20:11.258,1.19313,1.1931,750000,750000
24.06.2021 00:20:11.731,1.19313,1.19309,750000,750000
24.06.2021 00:20:11.897,1.19313,1.1931,750000,750000
24.06.2021 00:20:18.021,1.1931,1.19308,449999.9881,750000
24.06.2021 00:20:18.123,1.1931,1.19307,819999.9928,750000
24.06.2021 00:20:18.224,1.1931,1.19308,100000.0015,750000
24.06.2021 00:20:23.560,1.1931200000000002,1.19308,5429999.8283,1500000
24.06.2021 00:20:23.662,1.1931200000000002,1.19309,5429999.8283,750000
24.06.2021 00:20:26.096,1.19313,1.19309,4500000,750000
24.06.2021 00:20:32.639,1.1931500000000002,1.1931200000000002,5429999.8283,819999.9928
24.06.2021 00:20:33.127,1.1931500000000002,1.19314,819999.9928,750000
24.06.2021 00:20:34.225,1.19316,1.1931200000000002,819999.9928,819999.9928
24.06.2021 00:20:35.342,1.1931500000000002,1.1931200000000002,819999.9928,750000
24.06.2021 00:20:36.765,1.19314,1.1931,3750000,750000
24.06.2021 00:20:36.968,1.19313,1.1931,750000,750000
24.06.2021 00:20:37.866,1.19314,1.1931,3819999.9332,750000
24.06.2021 00:20:46.035,1.1931500000000002,1.1931100000000001,1570000.0525,819999.9928
24.06.2021 00:20:46.238,1.19314,1.19313,1570000.0525,750000
24.06.2021 00:20:47.172,1.19316,1.1931200000000002,819999.9928,819999.9928
24.06.2021 00:20:47.273,1.19316,1.19313,819999.9928,750000
24.06.2021 00:20:47.426,1.1931500000000002,1.1931200000000002,750000,819999.9928
24.06.2021 00:20:55.008,1.19314,1.1931100000000001,750000,750000
24.06.2021 00:20:55.262,1.19314,1.1931,750000,750000
24.06.2021 00:20:59.541,1.19314,1.1931100000000001,750000,750000
24.06.2021 00:20:59.642,1.1931500000000002,1.1931100000000001,3819999.9332,750000
24.06.2021 00:21:02.428,1.19314,1.1931,3750000,750000
24.06.2021 00:21:02.530,1.19314,1.1931100000000001,750000,750000
24.06.2021 00:21:06.304,1.1931200000000002,1.1931100000000001,750000,750000
24.06.2021 00:21:06.662,1.1931100000000001,1.19307,1460000.0381,819999.9928
24.06.2021 00:21:06.814,1.1931,1.19307,750000,750000
24.06.2021 00:21:11.366,1.1931,1.19306,750000,750000
24.06.2021 00:21:14.462,1.1931100000000001,1.19308,100000.0015,750000
24.06.2021 00:21:14.564,1.1931200000000002,1.19308,5349999.9046,750000
24.06.2021 00:21:20.517,1.1931,1.19309,819999.9928,750000
24.06.2021 00:21:22.113,1.1931100000000001,1.1931,750000,750000
24.06.2021 00:21:23.003,1.19313,1.1931,100000.0015,750000
24.06.2021 00:21:23.106,1.19314,1.1931,5500000,819999.9928
24.06.2021 00:21:25.510,1.19313,1.1931,750000,750000
24.06.2021 00:21:28.172,1.1931100000000001,1.1931,750000,750000
24.06.2021 00:21:30.133,1.1931200000000002,1.19308,819999.9928,750000
24.06.2021 00:21:30.285,1.1931,1.19307,100000.0015,750000
24.06.2021 00:21:30.387,1.1931,1.19306,819999.9928,1570000.0525
24.06.2021 00:21:41.317,1.1931100000000001,1.19309,5500000,750000
24.06.2021 00:21:58.354,1.19313,1.19309,750000,750000
24.06.2021 00:22:16.261,1.19314,1.1931,100000.0015,2509999.9905
24.06.2021 00:22:16.363,1.1931500000000002,1.1931100000000001,750000,750000
24.06.2021 00:22:20.860,1.19314,1.1931100000000001,3069999.9332,750000
24.06.2021 00:22:21.569,1.1931500000000002,1.1931100000000001,819999.9928,819999.9928
24.06.2021 00:22:27.348,1.19316,1.19313,3819999.9332,750000
24.06.2021 00:22:27.550,1.1931500000000002,1.19313,4570000.1717,819999.9928
24.06.2021 00:22:27.702,1.19316,1.19313,3819999.9332,750000
24.06.2021 00:22:28.090,1.19316,1.1931200000000002,3819999.9332,100000.0015
24.06.2021 00:22:28.900,1.19316,1.19313,100000.0015,750000
24.06.2021 00:22:29.001,1.19316,1.1931200000000002,100000.0015,819999.9928
24.06.2021 00:22:35.327,1.19316,1.19313,100000.0015,750000
24.06.2021 00:22:35.428,1.19316,1.19314,3069999.9332,819999.9928
24.06.2021 00:22:35.709,1.19316,1.1931200000000002,750000,750000
24.06.2021 00:22:35.811,1.19316,1.1931100000000001,750000,6590000.1526
24.06.2021 00:22:35.913,1.19317,1.1931200000000002,3819999.9332,750000
24.06.2021 00:22:36.014,1.19316,1.1931100000000001,3750000,2319999.9332
24.06.2021 00:22:37.026,1.1931500000000002,1.1931100000000001,100000.0015,1570000.0525
24.06.2021 00:22:59.144,1.1931500000000002,1.1931200000000002,100000.0015,750000
24.06.2021 00:22:59.245,1.19316,1.1931200000000002,819999.9928,819999.9928
24.06.2021 00:23:00.805,1.19317,1.19313,3819999.9332,819999.9928
24.06.2021 00:23:01.740,1.19318,1.19314,819999.9928,100000.0015
24.06.2021 00:23:04.351,1.19321,1.19317,899999.9762,819999.9928
24.06.2021 00:23:04.452,1.1932200000000002,1.19318,819999.9928,100000.0015
24.06.2021 00:23:04.558,1.19323,1.19319,1570000.0525,100000.0015
24.06.2021 00:23:15.190,1.19323,1.19318,1759999.9905,2319999.9332
24.06.2021 00:23:18.399,1.1932,1.19316,819999.9928,5219999.7902
24.06.2021 00:23:18.501,1.19319,1.19316,100000.0015,4400000.0954
24.06.2021 00:23:18.604,1.19318,1.19314,100000.0015,2319999.9332
24.06.2021 00:23:20.852,1.19317,1.19314,750000,4519999.9809
24.06.2021 00:23:20.998,1.19318,1.19314,819999.9928,5269999.9809
24.06.2021 00:23:26.198,1.19319,1.19314,939999.9976,4519999.9809
24.06.2021 00:23:34.284,1.19318,1.19314,750000,4449999.8093
24.06.2021 00:23:47.381,1.19318,1.1931500000000002,189999.9976,750000
24.06.2021 00:23:47.482,1.19319,1.1931500000000002,3259999.9905,750000
24.06.2021 00:23:53.326,1.19318,1.1931500000000002,4010000.2289,750000
24.06.2021 00:23:53.453,1.19318,1.19314,189999.9976,750000
24.06.2021 00:24:12.407,1.19318,1.1931500000000002,189999.9976,750000
24.06.2021 00:24:12.634,1.19318,1.19314,189999.9976,750000
24.06.2021 00:24:26.698,1.19317,1.19314,189999.9976,750000
24.06.2021 00:24:29.326,1.19317,1.19313,189999.9976,5199999.8093
24.06.2021 00:24:34.249,1.19319,1.1931500000000002,100000.0015,1570000.0525
24.06.2021 00:24:34.351,1.1932,1.19316,5429999.8283,750000
24.06.2021 00:24:34.453,1.19321,1.19318,3259999.9905,750000
24.06.2021 00:24:35.104,1.19321,1.19317,3259999.9905,750000
24.06.2021 00:24:40.325,1.19321,1.19316,4010000.2289,1870000.0048
24.06.2021 00:24:45.217,1.1932,1.19316,750000,1500000
24.06.2021 00:24:48.053,1.19319,1.1931500000000002,100000.0015,4519999.9809
24.06.2021 00:25:03.010,1.19319,1.19314,1009999.9905,4449999.8093
24.06.2021 00:25:05.618,1.19318,1.19314,750000,4449999.8093
24.06.2021 00:25:06.318,1.19319,1.19314,1009999.9905,4449999.8093
24.06.2021 00:25:06.458,1.19318,1.19314,750000,4449999.8093
24.06.2021 00:25:06.608,1.19319,1.19314,1009999.9905,4449999.8093
24.06.2021 00:25:06.977,1.19318,1.19314,750000,4449999.8093
24.06.2021 00:25:07.079,1.19319,1.19314,1009999.9905,4449999.8093
24.06.2021 00:25:13.032,1.19318,1.19314,750000,750000
24.06.2021 00:25:20.938,1.1931500000000002,1.19313,2509999.9905,4400000.0954
24.06.2021 00:25:21.090,1.19314,1.1931200000000002,100000.0015,750000
24.06.2021 00:25:21.443,1.19316,1.1931100000000001,5510000.2289,819999.9928
24.06.2021 00:25:26.191,1.19318,1.19314,5920000.0763,819999.9928
24.06.2021 00:25:26.293,1.19318,1.1931500000000002,4599999.9046,750000
24.06.2021 00:25:26.394,1.19319,1.1931500000000002,4570000.1717,750000
24.06.2021 00:25:36.940,1.19319,1.19316,750000,100000.0015
24.06.2021 00:25:37.042,1.1932,1.19316,750000,819999.9928
24.06.2021 00:25:38.098,1.19321,1.19317,939999.9976,819999.9928
24.06.2021 00:25:39.555,1.19323,1.19318,9369999.8856,1570000.0525
24.06.2021 00:25:39.809,1.19323,1.19319,4760000.2289,750000
24.06.2021 00:25:42.856,1.19324,1.19319,4760000.2289,819999.9928
24.06.2021 00:25:46.481,1.19321,1.19317,750000,1570000.0525
24.06.2021 00:25:47.118,1.1932200000000002,1.19317,4760000.2289,1570000.0525
24.06.2021 00:25:48.797,1.1932200000000002,1.19318,939999.9976,819999.9928
24.06.2021 00:25:52.428,1.1932,1.19319,750000,819999.9928
24.06.2021 00:25:54.352,1.1932200000000002,1.19318,750000,3769999.9809
24.06.2021 00:25:54.454,1.1932200000000002,1.19319,750000,100000.0015
24.06.2021 00:25:54.658,1.1932200000000002,1.19318,750000,3769999.9809
24.06.2021 00:25:59.671,1.1932200000000002,1.19319,750000,100000.0015
24.06.2021 00:26:02.438,1.1932200000000002,1.19318,750000,819999.9928
24.06.2021 00:26:03.370,1.1932200000000002,1.19319,750000,750000
24.06.2021 00:26:04.428,1.1932200000000002,1.19318,750000,819999.9928
24.06.2021 00:26:07.742,1.1932200000000002,1.19319,750000,750000
24.06.2021 00:26:11.814,1.19323,1.19321,750000,819999.9928
24.06.2021 00:26:11.916,1.19324,1.19321,750000,819999.9928
24.06.2021 00:26:12.017,1.19323,1.19321,750000,750000
24.06.2021 00:26:12.118,1.19323,1.1932,750000,819999.9928
24.06.2021 00:26:12.321,1.19323,1.19319,1500000,1759999.9905
24.06.2021 00:26:25.074,1.19323,1.1932,750000,819999.9928
24.06.2021 00:26:25.427,1.19323,1.19319,4500000,819999.9928
24.06.2021 00:26:26.188,1.1932200000000002,1.19319,750000,750000
24.06.2021 00:26:26.340,1.1932200000000002,1.19318,1500000,1570000.0525
24.06.2021 00:26:32.871,1.19318,1.19316,750000,4400000.0954
24.06.2021 00:26:33.077,1.19318,1.1931500000000002,750000,1500000
24.06.2021 00:26:33.179,1.19319,1.1931500000000002,1500000,819999.9928
24.06.2021 00:26:33.281,1.19319,1.19316,1500000,100000.0015
24.06.2021 00:26:40.300,1.19321,1.19317,1870000.0048,819999.9928
24.06.2021 00:26:45.629,1.19321,1.19318,1500000,100000.0015
24.06.2021 00:26:46.319,1.19321,1.19319,750000,100000.0015
24.06.2021 00:26:52.926,1.19321,1.19318,750000,819999.9928
24.06.2021 00:27:02.113,1.19321,1.19319,750000,100000.0015
24.06.2021 00:27:02.447,1.19321,1.19318,750000,1570000.0525
24.06.2021 00:27:04.379,1.19321,1.19319,750000,100000.0015
24.06.2021 00:27:06.474,1.19323,1.19319,4500000,100000.0015
24.06.2021 00:27:07.713,1.19324,1.1932,1500000,819999.9928
24.06.2021 00:27:07.966,1.19323,1.1932,750000,100000.0015
24.06.2021 00:27:08.272,1.19323,1.19319,3750000,819999.9928
24.06.2021 00:27:09.149,1.19323,1.19318,1570000.0525,2319999.9332
24.06.2021 00:27:12.062,1.19323,1.19319,1500000,100000.0015
24.06.2021 00:27:12.488,1.19324,1.1932,6289999.9619,100000.0015
24.06.2021 00:27:12.641,1.19324,1.19321,1500000,100000.0015
24.06.2021 00:27:12.744,1.19324,1.1932,750000,819999.9928
24.06.2021 00:27:12.998,1.19323,1.19319,750000,1570000.0525
24.06.2021 00:27:14.208,1.19323,1.1932,750000,100000.0015
24.06.2021 00:27:14.518,1.19324,1.19321,3750000,819999.9928
24.06.2021 00:27:15.321,1.19324,1.1932,750000,819999.9928
24.06.2021 00:27:19.096,1.19323,1.19319,259999.9905,750000
24.06.2021 00:27:19.198,1.1932200000000002,1.19319,750000,750000
24.06.2021 00:27:19.299,1.1932200000000002,1.19318,750000,2319999.9332
24.06.2021 00:27:19.839,1.1932200000000002,1.19319,750000,100000.0015
24.06.2021 00:27:20.147,1.1932200000000002,1.19318,750000,2319999.9332
24.06.2021 00:27:24.455,1.19321,1.19317,1120000.0048,1500000
24.06.2021 00:27:26.236,1.1932,1.19317,750000,750000
24.06.2021 00:27:26.337,1.19318,1.1931500000000002,750000,750000
24.06.2021 00:27:26.439,1.19318,1.19314,2890000.1049,4400000.0954
24.06.2021 00:27:26.540,1.19316,1.19313,959999.9785,750000
24.06.2021 00:27:26.642,1.1931500000000002,1.1931100000000001,939999.9976,5150000.0954
24.06.2021 00:27:26.693,1.19313,1.19308,1690000.0572,2250000
24.06.2021 00:27:28.746,1.1931200000000002,1.19307,750000,2619999.8856
24.06.2021 00:27:29.004,1.1931200000000002,1.19308,750000,750000
24.06.2021 00:27:38.265,1.19313,1.19309,750000,750000
24.06.2021 00:27:40.729,1.1931500000000002,1.1931,8239999.7711,1500000
24.06.2021 00:27:41.033,1.19314,1.1931,100000.0015,750000
24.06.2021 00:27:41.906,1.19313,1.19309,750000,750000
24.06.2021 00:27:42.109,1.19313,1.1931,750000,750000
24.06.2021 00:27:42.210,1.19313,1.19309,1500000,1500000
24.06.2021 00:27:44.241,1.19313,1.19308,2250000,2250000
24.06.2021 00:27:44.403,1.19314,1.1931100000000001,750000,370000.0048
24.06.2021 00:27:44.505,1.1931500000000002,1.1931100000000001,1500000,1870000.0048
24.06.2021 00:27:44.607,1.19316,1.1931100000000001,9850000.3815,3000000
24.06.2021 00:27:44.708,1.19316,1.1931200000000002,750000,1500000
24.06.2021 00:27:50.761,1.1931500000000002,1.19314,750000,750000
24.06.2021 00:27:51.231,1.19316,1.1931200000000002,750000,2619999.8856
24.06.2021 00:27:52.301,1.1931500000000002,1.19314,750000,1500000
24.06.2021 00:27:52.663,1.19318,1.19313,1500000,5949999.8093
24.06.2021 00:27:53.269,1.19317,1.19313,3000000,1570000.0525
24.06.2021 00:27:53.371,1.19318,1.19313,1500000,1570000.0525
24.06.2021 00:27:54.189,1.19317,1.19313,750000,750000
24.06.2021 00:27:54.392,1.19317,1.1931200000000002,5139999.8665,1500000
24.06.2021 00:27:54.544,1.19316,1.1931200000000002,750000,750000
24.06.2021 00:27:56.292,1.19316,1.1931100000000001,750000,3750000
24.06.2021 00:27:57.397,1.19313,1.1931100000000001,5809999.9428,2440000.0572
24.06.2021 00:27:57.449,1.19313,1.19309,5889999.8665,750000
24.06.2021 00:27:57.552,1.1931200000000002,1.19308,750000,1500000
24.06.2021 00:27:59.195,1.1931100000000001,1.19308,4599999.9046,750000
24.06.2021 00:27:59.858,1.1931100000000001,1.19307,750000,6320000.1717
24.06.2021 00:28:00.551,1.1931200000000002,1.19307,5690000.0572,6320000.1717
24.06.2021 00:28:00.952,1.1931100000000001,1.19307,4599999.9046,6320000.1717
24.06.2021 00:28:01.397,1.1931100000000001,1.19308,5690000.0572,6320000.1717
24.06.2021 00:28:03.911,1.19313,1.19308,10000000,1500000
24.06.2021 00:28:05.503,1.1931200000000002,1.19308,939999.9976,1500000
24.06.2021 00:28:09.122,1.19313,1.19308,7190000.0572,1500000
24.06.2021 00:28:12.162,1.19313,1.19309,2250000,750000
24.06.2021 00:28:12.213,1.1931500000000002,1.1931100000000001,7119999.8856,1120000.0048
24.06.2021 00:28:12.315,1.1931500000000002,1.1931200000000002,5429999.8283,750000
24.06.2021 00:28:12.418,1.19316,1.1931200000000002,1500000,1500000
24.06.2021 00:28:12.571,1.19316,1.1931100000000001,2509999.9905,3000000
24.06.2021 00:28:12.674,1.19316,1.1931200000000002,5510000.2289,750000
24.06.2021 00:28:12.775,1.19316,1.1931100000000001,5510000.2289,2250000
24.06.2021 00:28:14.262,1.1931500000000002,1.19313,1500000,2809999.9428
24.06.2021 00:28:16.892,1.19316,1.1931100000000001,4500000,7400000.0954
24.06.2021 00:28:16.994,1.19316,1.1931200000000002,1500000,1120000.0048
24.06.2021 00:28:17.096,1.19316,1.1931100000000001,4500000,3000000
24.06.2021 00:28:17.250,1.19316,1.1931200000000002,4500000,750000
24.06.2021 00:28:17.352,1.1931500000000002,1.1931200000000002,1500000,3000000
24.06.2021 00:28:17.454,1.19316,1.1931200000000002,1500000,750000
24.06.2021 00:28:17.911,1.19316,1.1931100000000001,1500000,3000000
24.06.2021 00:28:18.611,1.1931500000000002,1.1931100000000001,189999.9976,1870000.0048
24.06.2021 00:28:18.713,1.1931100000000001,1.1931,189999.9976,5519999.9809
24.06.2021 00:28:18.764,1.1931,1.19308,1500000,750000
24.06.2021 00:28:18.866,1.1931,1.19306,750000,2250000
24.06.2021 00:28:19.171,1.1931100000000001,1.19306,9369999.8856,3000000
24.06.2021 00:28:19.375,1.1931100000000001,1.19307,939999.9976,750000
24.06.2021 00:28:19.477,1.1931200000000002,1.19307,1690000.0572,750000
24.06.2021 00:28:20.872,1.1931200000000002,1.1931100000000001,5349999.9046,750000
24.06.2021 00:28:20.974,1.19314,1.19309,5250000,4309999.9428
24.06.2021 00:28:21.075,1.19314,1.1931100000000001,750000,750000
24.06.2021 00:28:21.179,1.1931500000000002,1.1931,9369999.8856,4119999.8856
24.06.2021 00:28:21.281,1.1931500000000002,1.1931100000000001,9289999.9619,750000
24.06.2021 00:28:21.549,1.19313,1.19309,1690000.0572,1500000
24.06.2021 00:28:21.651,1.1931200000000002,1.19309,1500000,750000
24.06.2021 00:28:21.753,1.1931200000000002,1.19308,1500000,1500000
24.06.2021 00:28:21.955,1.1931200000000002,1.19307,1500000,4820000.1717
24.06.2021 00:28:22.057,1.1931100000000001,1.19306,5440000.0572,2619999.8856
24.06.2021 00:28:22.158,1.1931,1.19306,750000,2619999.8856
24.06.2021 00:28:22.820,1.19309,1.19306,750000,2250000
24.06.2021 00:28:22.972,1.19309,1.1930500000000002,2509999.9905,750000
24.06.2021 00:28:23.074,1.19307,1.19303,1200000.0477,750000
24.06.2021 00:28:23.175,1.19306,1.1930200000000002,939999.9976,1500000
24.06.2021 00:28:23.277,1.1930500000000002,1.1930100000000001,100000.0015,3190000.0572
24.06.2021 00:28:24.126,1.19304,1.1930100000000001,100000.0015,2250000
24.06.2021 00:28:24.340,1.1930500000000002,1.1930100000000001,1389999.9857,1500000
24.06.2021 00:28:25.690,1.19303,1.1930200000000002,750000,750000
24.06.2021 00:28:25.793,1.19304,1.19299,1840000.0334,2250000
24.06.2021 00:28:25.896,1.19303,1.19299,2140000.1049,750000
24.06.2021 00:28:25.998,1.1930200000000002,1.19298,1950000.0477,5150000.0954
24.06.2021 00:28:26.153,1.1930100000000001,1.19298,100000.0015,750000
24.06.2021 00:28:26.567,1.1930100000000001,1.19297,750000,1500000
24.06.2021 00:28:29.540,1.1930100000000001,1.19298,750000,750000
24.06.2021 00:28:29.643,1.19303,1.19299,4599999.9046,750000
24.06.2021 00:28:29.745,1.19303,1.193,2250000,750000
24.06.2021 00:28:36.719,1.1930500000000002,1.1930100000000001,2250000,1500000
24.06.2021 00:28:36.972,1.19306,1.1930100000000001,750000,2250000
24.06.2021 00:28:42.480,1.1930500000000002,1.1930100000000001,750000,3450000.0477
24.06.2021 00:28:49.390,1.19303,1.19299,1759999.9905,6650000.0954
24.06.2021 00:28:49.492,1.1930200000000002,1.19299,750000,750000
24.06.2021 00:28:49.595,1.1930200000000002,1.19298,750000,2319999.9332
24.06.2021 00:28:49.951,1.19303,1.19298,1570000.0525,4010000.2289
24.06.2021 00:28:50.053,1.19303,1.19299,750000,750000
24.06.2021 00:28:51.441,1.19303,1.19298,750000,4690000.0572
24.06.2021 00:28:51.672,1.19303,1.19299,750000,939999.9976
24.06.2021 00:28:52.650,1.1930500000000002,1.1930100000000001,1840000.0334,750000
24.06.2021 00:28:56.062,1.19307,1.19303,5429999.8283,750000
24.06.2021 00:28:56.164,1.19307,1.1930200000000002,5429999.8283,2319999.9332
24.06.2021 00:28:56.266,1.19306,1.1930200000000002,750000,2319999.9332
24.06.2021 00:29:01.145,1.19306,1.1930100000000001,1840000.0334,6019999.9809
24.06.2021 00:29:01.247,1.1930500000000002,1.1930100000000001,750000,2319999.9332
24.06.2021 00:29:01.349,1.19304,1.193,3819999.9332,1570000.0525
24.06.2021 00:29:01.450,1.19303,1.193,4599999.9046,750000
24.06.2021 00:29:01.552,1.19303,1.19299,4599999.9046,750000
24.06.2021 00:29:01.858,1.19304,1.19299,1690000.0572,750000
24.06.2021 00:29:02.945,1.19303,1.19298,750000,2619999.8856
24.06.2021 00:29:07.277,1.19303,1.19299,750000,750000
24.06.2021 00:29:07.437,1.1930200000000002,1.19299,750000,2619999.8856
24.06.2021 00:29:07.568,1.1930200000000002,1.193,750000,750000
24.06.2021 00:29:07.730,1.19303,1.19298,750000,2619999.8856
24.06.2021 00:29:07.831,1.19303,1.19299,750000,750000
24.06.2021 00:29:07.933,1.1930100000000001,1.19299,750000,750000
24.06.2021 00:29:15.989,1.1930200000000002,1.19297,750000,2250000
24.06.2021 00:29:16.090,1.1930100000000001,1.19297,750000,750000
24.06.2021 00:29:16.192,1.19299,1.19296,750000,750000
24.06.2021 00:29:16.294,1.1930100000000001,1.19296,4840000.1526,1570000.0525
24.06.2021 00:29:18.618,1.19299,1.19297,750000,1570000.0525
24.06.2021 00:29:22.727,1.193,1.19298,750000,750000
24.06.2021 00:29:24.080,1.1930200000000002,1.19297,3750000,1500000
24.06.2021 00:29:26.534,1.1930100000000001,1.19297,189999.9976,1500000
24.06.2021 00:29:26.787,1.1930100000000001,1.19296,1009999.9905,3450000.0477
24.06.2021 00:29:27.090,1.1930100000000001,1.19297,1009999.9905,750000
24.06.2021 00:29:27.202,1.19299,1.19297,4010000.2289,750000
24.06.2021 00:29:27.354,1.19299,1.1929400000000001,939999.9976,4820000.1717
24.06.2021 00:29:27.510,1.19298,1.1929400000000001,750000,1500000
24.06.2021 00:29:28.017,1.19297,1.19293,750000,2250000
24.06.2021 00:29:29.379,1.19297,1.1929400000000001,750000,189999.9976
24.06.2021 00:29:29.430,1.19299,1.19296,4599999.9046,750000
24.06.2021 00:29:29.633,1.1930100000000001,1.19296,819999.9928,6400000.0954
24.06.2021 00:29:29.937,1.1930100000000001,1.19297,819999.9928,750000
24.06.2021 00:29:34.184,1.1930100000000001,1.19296,2059999.9428,4449999.8093
24.06.2021 00:29:39.204,1.1930200000000002,1.19297,1759999.9905,750000
24.06.2021 00:29:57.637,1.1930100000000001,1.19297,750000,4449999.8093
24.06.2021 00:29:57.818,1.1930200000000002,1.19297,1759999.9905,4449999.8093
24.06.2021 00:29:57.937,1.1930100000000001,1.19297,750000,1500000
24.06.2021 00:29:58.089,1.1930100000000001,1.19298,1759999.9905,1500000
24.06.2021 00:30:00.105,1.193,1.19298,939999.9976,750000
24.06.2021 00:30:00.307,1.1930200000000002,1.19297,4760000.2289,750000
24.06.2021 00:30:00.408,1.1930200000000002,1.19298,3819999.9332,750000
24.06.2021 00:30:00.559,1.1930100000000001,1.19297,750000,9670000.0763
24.06.2021 00:30:00.660,1.1930200000000002,1.19298,819999.9928,750000
24.06.2021 00:30:02.597,1.19304,1.1930200000000002,6929999.8283,1500000
24.06.2021 00:30:02.699,1.1930500000000002,1.1930200000000002,8439999.5804,7519999.9809
24.06.2021 00:30:02.801,1.19306,1.19303,7500000,750000
24.06.2021 00:30:02.902,1.19307,1.19303,939999.9976,750000
24.06.2021 00:30:03.458,1.19306,1.1930200000000002,939999.9976,5900000.0954
24.06.2021 00:30:18.405,1.19304,1.193,1009999.9905,5900000.0954
24.06.2021 00:30:18.513,1.19303,1.193,1759999.9905,4400000.0954
24.06.2021 00:30:18.615,1.1930200000000002,1.19298,1759999.9905,7500000
24.06.2021 00:30:18.716,1.1930200000000002,1.19297,1759999.9905,9600000.3815
24.06.2021 00:30:23.234,1.1930100000000001,1.19297,819999.9928,750000
24.06.2021 00:30:23.335,1.1930100000000001,1.19296,1759999.9905,9600000.3815
24.06.2021 00:30:23.487,1.1930100000000001,1.19297,1759999.9905,750000
24.06.2021 00:30:25.638,1.19298,1.19296,819999.9928,5150000.0954
24.06.2021 00:30:25.739,1.193,1.19296,2700000.0477,750000
24.06.2021 00:30:25.841,1.193,1.19295,3710000.0381,750000
24.06.2021 00:30:26.044,1.19299,1.19295,100000.0015,750000
24.06.2021 00:30:26.145,1.193,1.19295,6639999.8665,750000
24.06.2021 00:30:26.247,1.19299,1.19295,939999.9976,750000
24.06.2021 00:30:28.647,1.19299,1.1929400000000001,2509999.9905,3700000.0477
24.06.2021 00:30:28.749,1.19298,1.1929400000000001,1570000.0525,750000
24.06.2021 00:30:28.851,1.19298,1.19293,5510000.2289,750000
24.06.2021 00:30:28.952,1.19296,1.1929200000000002,939999.9976,750000
24.06.2021 00:30:31.059,1.19297,1.1929200000000002,1009999.9905,750000
24.06.2021 00:30:37.639,1.19297,1.19293,819999.9928,939999.9976
24.06.2021 00:30:38.171,1.19297,1.1929200000000002,819999.9928,1690000.0572
24.06.2021 00:30:38.484,1.19296,1.1929400000000001,819999.9928,2950000.0477
24.06.2021 00:30:39.059,1.19297,1.1929200000000002,819999.9928,1690000.0572
24.06.2021 00:30:42.701,1.19297,1.19293,819999.9928,2950000.0477
24.06.2021 00:30:44.152,1.19297,1.1929200000000002,4090000.1526,1500000
24.06.2021 00:30:45.736,1.19297,1.19293,819999.9928,2440000.0572
24.06.2021 00:30:51.119,1.19296,1.1929200000000002,750000,2250000
24.06.2021 00:30:52.508,1.19297,1.1929200000000002,3900000.0954,2250000
24.06.2021 00:30:52.609,1.19297,1.19293,819999.9928,750000
24.06.2021 00:30:52.886,1.19296,1.1929200000000002,819999.9928,750000
24.06.2021 00:30:53.039,1.19297,1.19293,5590000.1526,750000
24.06.2021 00:30:54.072,1.19296,1.19293,100000.0015,750000
24.06.2021 00:30:54.225,1.19296,1.1929200000000002,100000.0015,1500000
24.06.2021 00:30:54.327,1.19297,1.1929200000000002,3900000.0954,1500000
24.06.2021 00:31:13.389,1.19296,1.1929200000000002,100000.0015,1500000
24.06.2021 00:31:13.909,1.19297,1.1929200000000002,8880000.1144,1500000
24.06.2021 00:31:14.656,1.19296,1.1929200000000002,100000.0015,1500000
24.06.2021 00:31:15.049,1.19296,1.1929100000000001,4570000.1717,2250000
24.06.2021 00:31:15.201,1.19295,1.1929100000000001,100000.0015,1500000
24.06.2021 00:31:19.328,1.1929400000000001,1.1929100000000001,3069999.9332,750000
24.06.2021 00:31:19.429,1.1929400000000001,1.1929,4010000.2289,750000
24.06.2021 00:31:24.714,1.19293,1.1929,100000.0015,750000
24.06.2021 00:31:24.816,1.19293,1.19289,259999.9905,750000
24.06.2021 00:31:24.917,1.1929200000000002,1.19289,4010000.2289,2250000
24.06.2021 00:31:25.271,1.19293,1.19289,819999.9928,750000
24.06.2021 00:31:25.378,1.1929400000000001,1.19289,4389999.8665,750000
24.06.2021 00:31:27.329,1.19293,1.19289,100000.0015,750000
24.06.2021 00:31:28.090,1.19293,1.1929,100000.0015,750000
24.06.2021 00:31:28.811,1.19296,1.1929100000000001,5880000.1144,3190000.0572
24.06.2021 00:31:28.912,1.19296,1.1929200000000002,5800000.1907,750000
24.06.2021 00:31:29.065,1.19297,1.19293,4010000.2289,750000
24.06.2021 00:31:32.998,1.19296,1.1929200000000002,819999.9928,2250000
24.06.2021 00:31:33.152,1.19297,1.19293,4010000.2289,750000
24.06.2021 00:31:33.253,1.19297,1.1929200000000002,4010000.2289,2250000
24.06.2021 00:31:33.804,1.19297,1.19293,100000.0015,750000
24.06.2021 00:31:35.120,1.19298,1.19293,1009999.9905,4449999.8093
24.06.2021 00:31:35.734,1.19298,1.1929400000000001,259999.9905,750000
24.06.2021 00:31:40.555,1.19298,1.19293,1009999.9905,8850000.3815
24.06.2021 00:31:59.759,1.19297,1.1929200000000002,1009999.9905,3000000
24.06.2021 00:32:01.351,1.19295,1.1929100000000001,100000.0015,1500000
24.06.2021 00:32:01.962,1.19297,1.1929200000000002,1840000.0334,1500000
24.06.2021 00:32:02.677,1.19296,1.1929200000000002,819999.9928,2250000
24.06.2021 00:32:08.434,1.19295,1.1929200000000002,100000.0015,750000
24.06.2021 00:32:09.676,1.19295,1.1929100000000001,449999.9881,750000
24.06.2021 00:32:09.828,1.1929400000000001,1.1929100000000001,100000.0015,750000
24.06.2021 00:32:10.757,1.1929400000000001,1.1929,100000.0015,1500000
24.06.2021 00:32:16.892,1.19293,1.1929,100000.0015,750000
24.06.2021 00:32:17.606,1.19293,1.19289,100000.0015,1500000
24.06.2021 00:32:19.416,1.19293,1.1929,100000.0015,750000
24.06.2021 00:32:19.840,1.1929400000000001,1.1929,519999.9809,750000
24.06.2021 00:32:19.941,1.19293,1.19289,100000.0015,750000
24.06.2021 00:32:20.144,1.1929400000000001,1.19289,1009999.9905,750000
24.06.2021 00:32:22.790,1.1929400000000001,1.1929,2890000.1049,750000
24.06.2021 00:32:23.490,1.19295,1.1929200000000002,100000.0015,1120000.0048
24.06.2021 00:32:23.592,1.19296,1.1929400000000001,4599999.9046,939999.9976
24.06.2021 00:32:23.642,1.19297,1.19295,100000.0015,939999.9976
24.06.2021 00:32:25.394,1.19297,1.1929400000000001,100000.0015,1500000
24.06.2021 00:32:25.708,1.19298,1.1929400000000001,3150000.0954,1500000
24.06.2021 00:32:26.066,1.19297,1.1929400000000001,100000.0015,1500000
24.06.2021 00:32:26.370,1.19298,1.1929400000000001,4269999.9809,1500000
24.06.2021 00:32:26.522,1.19297,1.19296,519999.9809,750000
24.06.2021 00:32:27.159,1.19298,1.1929400000000001,150000.006,1500000
24.06.2021 00:32:27.564,1.19299,1.19295,3519999.9809,750000
24.06.2021 00:32:30.000,1.1930100000000001,1.19297,4599999.9046,1009999.9905
24.06.2021 00:32:30.101,1.19304,1.19299,6630000.1144,3190000.0572
24.06.2021 00:32:30.203,1.19304,1.1930100000000001,4679999.8283,939999.9976
24.06.2021 00:32:30.305,1.19306,1.19303,449999.9881,1500000
24.06.2021 00:32:30.407,1.19307,1.19303,100000.0015,1500000
24.06.2021 00:32:30.509,1.19307,1.19304,819999.9928,2250000
24.06.2021 00:32:30.827,1.19307,1.19303,100000.0015,1500000
24.06.2021 00:32:31.080,1.19307,1.19304,100000.0015,750000
24.06.2021 00:32:31.181,1.19308,1.19304,819999.9928,750000
24.06.2021 00:32:35.807,1.19307,1.19304,750000,1500000
24.06.2021 00:32:35.858,1.19306,1.1930200000000002,1009999.9905,5150000.0954
24.06.2021 00:32:35.959,1.1930500000000002,1.1930200000000002,100000.0015,4400000.0954
24.06.2021 00:32:36.061,1.19306,1.1930100000000001,819999.9928,2440000.0572
24.06.2021 00:32:36.163,1.19306,1.1930200000000002,100000.0015,750000
24.06.2021 00:32:36.386,1.19307,1.1930200000000002,819999.9928,2440000.0572
24.06.2021 00:32:43.901,1.19307,1.1930500000000002,819999.9928,939999.9976
24.06.2021 00:32:46.631,1.19308,1.19303,819999.9928,3190000.0572
24.06.2021 00:32:48.109,1.19308,1.19304,100000.0015,750000
24.06.2021 00:33:07.892,1.19308,1.19303,1009999.9905,1500000
24.06.2021 00:33:07.994,1.19307,1.19303,100000.0015,1500000
24.06.2021 00:33:09.677,1.1930500000000002,1.1930100000000001,819999.9928,2440000.0572
24.06.2021 00:33:10.296,1.19304,1.1930100000000001,100000.0015,750000
24.06.2021 00:33:11.163,1.19304,1.193,150000.006,1690000.0572
24.06.2021 00:33:12.985,1.1930500000000002,1.193,2019999.9809,3960000.0381
24.06.2021 00:33:13.134,1.1930500000000002,1.1930100000000001,1200000.0477,750000
24.06.2021 00:33:13.392,1.19304,1.1930100000000001,100000.0015,750000
24.06.2021 00:33:19.773,1.19304,1.193,100000.0015,939999.9976
24.06.2021 00:33:45.572,1.19303,1.19299,100000.0015,750000
24.06.2021 00:33:45.673,1.19303,1.193,100000.0015,750000
24.06.2021 00:33:45.775,1.19303,1.19299,100000.0015,939999.9976
24.06.2021 00:33:45.876,1.19303,1.193,100000.0015,750000
24.06.2021 00:33:45.978,1.19303,1.1930100000000001,1200000.0477,750000
24.06.2021 00:33:46.938,1.1930200000000002,1.1930100000000001,100000.0015,750000
24.06.2021 00:33:47.041,1.19303,1.19299,100000.0015,939999.9976
24.06.2021 00:33:47.143,1.19303,1.193,100000.0015,750000
24.06.2021 00:33:47.435,1.19304,1.193,1200000.0477,750000
24.06.2021 00:33:47.537,1.1930500000000002,1.1930200000000002,750000,939999.9976
24.06.2021 00:33:47.588,1.19307,1.1930200000000002,5769999.9809,1759999.9905
24.06.2021 00:33:47.691,1.19307,1.19303,1269999.9809,750000
24.06.2021 00:33:47.793,1.19308,1.19304,1200000.0477,750000
24.06.2021 00:33:50.778,1.19309,1.1930500000000002,1759999.9905,750000
24.06.2021 00:33:51.458,1.19308,1.1930500000000002,100000.0015,750000
24.06.2021 00:33:51.560,1.19308,1.19304,1009999.9905,750000
24.06.2021 00:33:52.735,1.19306,1.1930500000000002,100000.0015,750000
24.06.2021 00:33:52.955,1.19308,1.19304,819999.9928,750000
24.06.2021 00:33:53.903,1.19306,1.19303,2700000.0477,2950000.0477
24.06.2021 00:33:53.954,1.19306,1.1930100000000001,3259999.9905,7960000.0381
24.06.2021 00:33:54.055,1.19306,1.1930200000000002,819999.9928,750000
24.06.2021 00:33:54.157,1.19307,1.19303,899999.9762,750000
24.06.2021 00:33:54.258,1.19307,1.19304,150000.006,750000
24.06.2021 00:33:54.366,1.19308,1.19304,1570000.0525,750000
24.06.2021 00:33:55.100,1.19306,1.1930200000000002,819999.9928,750000
24.06.2021 00:33:55.609,1.19307,1.19303,819999.9928,750000
24.06.2021 00:33:55.863,1.19308,1.19303,1759999.9905,750000
24.06.2021 00:33:56.389,1.19306,1.1930200000000002,1570000.0525,8100000.3815
24.06.2021 00:33:56.543,1.19307,1.19303,819999.9928,750000
24.06.2021 00:33:56.645,1.19306,1.1930200000000002,819999.9928,750000
24.06.2021 00:33:57.262,1.19307,1.1930200000000002,819999.9928,5389999.8665
24.06.2021 00:33:57.473,1.19308,1.19304,1500000,750000
24.06.2021 00:33:57.828,1.19306,1.1930500000000002,750000,750000
24.06.2021 00:33:57.947,1.19306,1.19303,819999.9928,4400000.0954
24.06.2021 00:33:58.049,1.19306,1.1930200000000002,819999.9928,1500000
24.06.2021 00:33:58.792,1.19306,1.19304,819999.9928,750000
24.06.2021 00:33:59.098,1.19307,1.19304,1690000.0572,750000
24.06.2021 00:33:59.150,1.19306,1.1930200000000002,819999.9928,8850000.3815
24.06.2021 00:33:59.354,1.1930500000000002,1.1930100000000001,1570000.0525,1690000.0572
24.06.2021 00:33:59.558,1.1930500000000002,1.1930200000000002,750000,189999.9976
24.06.2021 00:33:59.609,1.19307,1.19303,5050000.1907,2440000.0572
24.06.2021 00:33:59.712,1.19307,1.19304,449999.9881,939999.9976
24.06.2021 00:33:59.814,1.19308,1.19304,819999.9928,939999.9976
24.06.2021 00:34:01.326,1.19309,1.1930500000000002,1269999.9809,750000
24.06.2021 00:34:03.012,1.19308,1.1930500000000002,259999.9905,750000
24.06.2021 00:34:05.867,1.19309,1.1930500000000002,819999.9928,750000
24.06.2021 00:34:28.532,1.19307,1.19306,750000,750000
24.06.2021 00:34:28.583,1.19307,1.19303,100000.0015,6650000.0954
24.06.2021 00:34:30.212,1.19308,1.19304,1200000.0477,750000
24.06.2021 00:34:30.678,1.19307,1.19304,100000.0015,750000
24.06.2021 00:34:32.055,1.19307,1.19303,100000.0015,4639999.8665
24.06.2021 00:34:38.857,1.1930500000000002,1.1930100000000001,2509999.9905,5900000.0954
24.06.2021 00:34:38.958,1.19304,1.1930100000000001,1269999.9809,4400000.0954
24.06.2021 00:34:39.061,1.19303,1.19299,100000.0015,2250000
24.06.2021 00:34:40.084,1.1930200000000002,1.19299,100000.0015,750000
24.06.2021 00:34:40.578,1.1930200000000002,1.19298,1200000.0477,1570000.0525
24.06.2021 00:34:44.374,1.19303,1.19299,2210000.0381,750000
24.06.2021 00:35:00.190,1.19303,1.19298,1090000.0334,1570000.0525
24.06.2021 00:35:04.539,1.19304,1.19299,1840000.0334,3769999.9809
24.06.2021 00:35:08.228,1.19303,1.19298,1840000.0334,1570000.0525
24.06.2021 00:35:11.340,1.1930200000000002,1.19298,1009999.9905,1500000
24.06.2021 00:35:11.443,1.19303,1.19298,709999.9785,2319999.9332
24.06.2021 00:35:11.545,1.19303,1.19299,259999.9905,750000
24.06.2021 00:35:15.370,1.1930200000000002,1.19299,1200000.0477,750000
24.06.2021 00:35:15.421,1.193,1.19296,2140000.1049,100000.0015
24.06.2021 00:35:15.523,1.19299,1.19295,1009999.9905,7420000.0763
24.06.2021 00:35:15.776,1.19298,1.19295,189999.9976,100000.0015
24.06.2021 00:35:17.156,1.1929400000000001,1.1929200000000002,2140000.1049,5969999.7902
24.06.2021 00:35:17.258,1.1929400000000001,1.1929100000000001,939999.9976,4400000.0954
24.06.2021 00:35:17.359,1.19293,1.19289,100000.0015,6719999.7902
24.06.2021 00:35:20.278,1.1929400000000001,1.19289,189999.9976,6719999.7902
24.06.2021 00:35:22.096,1.19295,1.1929,1570000.0525,1500000
24.06.2021 00:35:23.984,1.1929400000000001,1.1929,3339999.9142,2319999.9332
24.06.2021 00:35:24.812,1.1929400000000001,1.19289,100000.0015,2319999.9332
24.06.2021 00:35:24.914,1.19293,1.19289,100000.0015,2319999.9332
24.06.2021 00:35:38.061,1.1929200000000002,1.19289,189999.9976,100000.0015
24.06.2021 00:35:40.855,1.1929200000000002,1.1929,259999.9905,100000.0015
24.06.2021 00:36:18.486,1.19295,1.1929100000000001,819999.9928,100000.0015
24.06.2021 00:36:18.587,1.19295,1.19293,100000.0015,1570000.0525
24.06.2021 00:36:18.690,1.19298,1.19293,750000,3769999.9809
24.06.2021 00:36:19.263,1.19298,1.1929400000000001,750000,5150000.0954
24.06.2021 00:36:19.365,1.19299,1.1929400000000001,819999.9928,6650000.0954
24.06.2021 00:36:19.467,1.193,1.19295,819999.9928,750000
24.06.2021 00:36:19.569,1.193,1.19296,819999.9928,819999.9928
24.06.2021 00:36:19.721,1.19299,1.19295,100000.0015,8170000.0763
24.06.2021 00:36:22.496,1.1930100000000001,1.19298,449999.9881,819999.9928
24.06.2021 00:36:22.597,1.19303,1.19299,819999.9928,189999.9976
24.06.2021 00:36:22.648,1.1930500000000002,1.1930100000000001,519999.9809,2059999.9428
24.06.2021 00:36:23.056,1.1930500000000002,1.193,819999.9928,2509999.9905
24.06.2021 00:36:23.478,1.19304,1.193,100000.0015,2250000
24.06.2021 00:36:38.119,1.19304,1.19299,1269999.9809,1009999.9905
24.06.2021 00:36:38.221,1.193,1.19296,1200000.0477,100000.0015
24.06.2021 00:36:38.323,1.19299,1.19295,100000.0015,1009999.9905
24.06.2021 00:36:39.385,1.19299,1.1929400000000001,639999.9857,750000
24.06.2021 00:36:39.638,1.19297,1.1929400000000001,100000.0015,750000
24.06.2021 00:36:42.206,1.19298,1.1929400000000001,189999.9976,750000
24.06.2021 00:36:43.156,1.19299,1.1929400000000001,1389999.9857,750000
24.06.2021 00:36:45.084,1.19299,1.19293,1950000.0477,1570000.0525
24.06.2021 00:36:46.773,1.19299,1.1929400000000001,2700000.0477,750000
24.06.2021 00:36:46.874,1.19299,1.19293,2700000.0477,1570000.0525
24.06.2021 00:36:47.345,1.19299,1.1929400000000001,1200000.0477,750000
24.06.2021 00:36:49.625,1.19298,1.1929400000000001,100000.0015,1500000
24.06.2021 00:36:54.260,1.19299,1.1929400000000001,519999.9809,1500000
24.06.2021 00:37:04.425,1.193,1.1929400000000001,2400000.0954,1690000.0572
24.06.2021 00:37:05.835,1.193,1.19295,1950000.0477,750000
24.06.2021 00:37:11.311,1.19299,1.19295,100000.0015,1009999.9905
24.06.2021 00:37:11.421,1.1930100000000001,1.19298,100000.0015,750000
24.06.2021 00:37:11.523,1.1930200000000002,1.19299,100000.0015,370000.0048
24.06.2021 00:37:11.625,1.19304,1.193,100000.0015,100000.0015
24.06.2021 00:37:17.340,1.19304,1.1930100000000001,100000.0015,750000
24.06.2021 00:37:18.771,1.19304,1.1930200000000002,100000.0015,819999.9928
24.06.2021 00:37:18.975,1.19306,1.1930100000000001,6449999.8093,750000
24.06.2021 00:37:19.127,1.19307,1.1930200000000002,9550000.1907,750000
24.06.2021 00:37:19.279,1.19308,1.19303,4869999.8856,750000
24.06.2021 00:37:19.382,1.19308,1.19304,750000,1500000
24.06.2021 00:37:21.602,1.19309,1.19304,750000,2440000.0572
24.06.2021 00:37:21.703,1.19309,1.1930500000000002,819999.9928,100000.0015
24.06.2021 00:37:26.276,1.19309,1.19304,4460000.0381,750000
24.06.2021 00:37:26.378,1.19308,1.19303,1870000.0048,4400000.0954
24.06.2021 00:37:28.823,1.19306,1.19303,750000,750000
24.06.2021 00:37:28.874,1.1930200000000002,1.1930100000000001,750000,4469999.7902
24.06.2021 00:37:28.976,1.19304,1.193,819999.9928,4400000.0954
24.06.2021 00:37:29.078,1.19304,1.19299,4199999.8093,1759999.9905
24.06.2021 00:37:29.384,1.19303,1.19299,100000.0015,939999.9976
24.06.2021 00:37:31.963,1.1930200000000002,1.19299,100000.0015,750000
24.06.2021 00:37:36.575,1.1930200000000002,1.193,3819999.9332,750000
24.06.2021 00:37:42.783,1.19304,1.193,4750000,939999.9976
24.06.2021 00:37:45.603,1.1930500000000002,1.193,2319999.9332,1759999.9905
24.06.2021 00:38:01.791,1.19304,1.193,100000.0015,1690000.0572
24.06.2021 00:38:11.284,1.1930500000000002,1.193,1950000.0477,1759999.9905
24.06.2021 00:38:12.057,1.1930500000000002,1.1930100000000001,449999.9881,189999.9976
24.06.2021 00:38:12.209,1.1930500000000002,1.193,100000.0015,2890000.1049
24.06.2021 00:38:13.070,1.19304,1.193,100000.0015,1690000.0572
24.06.2021 00:38:14.499,1.1930500000000002,1.193,4570000.1717,1009999.9905
24.06.2021 00:38:18.588,1.19304,1.193,100000.0015,939999.9976
24.06.2021 00:38:21.700,1.19304,1.19299,100000.0015,2509999.9905
24.06.2021 00:38:22.923,1.1930500000000002,1.1930200000000002,449999.9881,4710000.0381
24.06.2021 00:38:22.974,1.19307,1.1930200000000002,6929999.8283,4710000.0381
24.06.2021 00:38:23.126,1.19307,1.19303,1570000.0525,750000
24.06.2021 00:38:25.779,1.19308,1.19303,100000.0015,2509999.9905
24.06.2021 00:38:31.080,1.1930500000000002,1.1930100000000001,750000,1200000.0477
24.06.2021 00:38:31.182,1.19304,1.193,3819999.9332,5329999.9237
24.06.2021 00:38:31.334,1.19304,1.19299,4570000.1717,2509999.9905
24.06.2021 00:38:32.013,1.19303,1.19299,3819999.9332,1690000.0572
24.06.2021 00:38:32.860,1.1930200000000002,1.19299,100000.0015,750000
24.06.2021 00:38:33.114,1.1930200000000002,1.19298,819999.9928,189999.9976
24.06.2021 00:38:35.098,1.1930100000000001,1.19297,750000,1009999.9905
24.06.2021 00:38:36.651,1.1930100000000001,1.19298,750000,189999.9976
24.06.2021 00:38:38.103,1.1930200000000002,1.19299,1570000.0525,1009999.9905
24.06.2021 00:38:38.777,1.1930200000000002,1.19298,750000,1009999.9905
24.06.2021 00:38:39.434,1.19303,1.19298,1570000.0525,1009999.9905
24.06.2021 00:38:39.788,1.1930100000000001,1.19297,819999.9928,7349999.9046
24.06.2021 00:38:39.890,1.193,1.19297,1570000.0525,4400000.0954
24.06.2021 00:38:39.941,1.19299,1.19295,100000.0015,750000
24.06.2021 00:38:40.143,1.193,1.19296,2400000.0954,189999.9976
24.06.2021 00:38:44.198,1.193,1.19295,819999.9928,2509999.9905
24.06.2021 00:38:44.299,1.19299,1.19295,819999.9928,1500000
24.06.2021 00:38:44.451,1.19299,1.1929400000000001,819999.9928,1690000.0572
24.06.2021 00:38:47.822,1.19297,1.19293,1570000.0525,939999.9976
24.06.2021 00:38:47.974,1.19297,1.1929200000000002,1570000.0525,939999.9976
24.06.2021 00:38:48.126,1.19295,1.1929,1570000.0525,4820000.1717
24.06.2021 00:38:48.229,1.1929400000000001,1.19289,819999.9928,750000
24.06.2021 00:38:48.331,1.19289,1.19287,750000,4400000.0954
24.06.2021 00:38:48.433,1.19289,1.1928400000000001,1570000.0525,750000
24.06.2021 00:38:48.535,1.19288,1.1928400000000001,2319999.9332,1690000.0572
24.06.2021 00:38:48.891,1.19288,1.19283,750000,1690000.0572
24.06.2021 00:38:48.993,1.19289,1.1928400000000001,1570000.0525,939999.9976
24.06.2021 00:38:49.195,1.19289,1.19285,1500000,750000
24.06.2021 00:38:49.677,1.19288,1.19285,1570000.0525,750000
24.06.2021 00:38:53.642,1.1929,1.19285,1570000.0525,750000
24.06.2021 00:38:53.794,1.19289,1.19285,750000,939999.9976
24.06.2021 00:38:54.063,1.1929100000000001,1.19287,750000,750000
24.06.2021 00:39:00.129,1.1929200000000002,1.19287,750000,6320000.1717
24.06.2021 00:39:00.891,1.1929200000000002,1.19288,750000,3890000.1049
24.06.2021 00:39:01.042,1.19293,1.19289,2400000.0954,5010000.2289
24.06.2021 00:39:01.144,1.1929400000000001,1.19289,2400000.0954,189999.9976
24.06.2021 00:39:01.838,1.1929200000000002,1.19288,750000,3700000.0477
24.06.2021 00:39:04.095,1.1929100000000001,1.19287,750000,4400000.0954
24.06.2021 00:39:04.197,1.1929,1.19287,1200000.0477,4400000.0954
24.06.2021 00:39:04.300,1.19289,1.19285,819999.9928,750000
24.06.2021 00:39:04.402,1.19289,1.1928400000000001,819999.9928,939999.9976
24.06.2021 00:39:04.909,1.1929,1.1928400000000001,2319999.9332,4639999.8665
24.06.2021 00:39:05.011,1.1929,1.19285,2400000.0954,750000
24.06.2021 00:39:05.535,1.19289,1.19285,750000,1500000
24.06.2021 00:39:05.638,1.19288,1.1928400000000001,750000,939999.9976
24.06.2021 00:39:05.741,1.19289,1.1928400000000001,1570000.0525,1690000.0572
24.06.2021 00:39:05.996,1.19289,1.19285,750000,750000
24.06.2021 00:39:06.553,1.1929,1.19285,1500000,2250000
24.06.2021 00:39:06.656,1.19289,1.19285,750000,750000
24.06.2021 00:39:07.574,1.19289,1.1928400000000001,819999.9928,4639999.8665
24.06.2021 00:39:07.777,1.19289,1.19285,750000,750000
24.06.2021 00:39:08.131,1.1929,1.19285,2319999.9332,1690000.0572
24.06.2021 00:39:09.272,1.19289,1.19285,819999.9928,750000
24.06.2021 00:39:09.374,1.19289,1.1928400000000001,819999.9928,939999.9976
24.06.2021 00:39:10.035,1.19289,1.19285,819999.9928,750000
24.06.2021 00:39:12.471,1.1929,1.19285,1570000.0525,1690000.0572
24.06.2021 00:39:13.702,1.1929100000000001,1.19286,819999.9928,1690000.0572
24.06.2021 00:39:20.709,1.1929100000000001,1.19287,750000,1120000.0048
24.06.2021 00:39:20.812,1.1929200000000002,1.19288,750000,3960000.0381
24.06.2021 00:39:20.965,1.19293,1.19289,750000,750000
24.06.2021 00:39:21.581,1.19293,1.1929,750000,750000
24.06.2021 00:39:21.633,1.19295,1.1929,2019999.9809,750000
24.06.2021 00:39:24.743,1.19296,1.1929200000000002,449999.9881,750000
24.06.2021 00:39:24.945,1.19297,1.1929200000000002,2319999.9332,750000
24.06.2021 00:39:26.398,1.19298,1.19293,2319999.9332,3700000.0477
24.06.2021 00:39:27.971,1.19296,1.1929100000000001,750000,9670000.0763
24.06.2021 00:39:30.757,1.19297,1.1929100000000001,2019999.9809,8090000.1526
24.06.2021 00:39:30.858,1.19296,1.19293,2019999.9809,750000
24.06.2021 00:39:33.191,1.19297,1.19293,819999.9928,750000
24.06.2021 00:39:33.740,1.19296,1.1929200000000002,100000.0015,3700000.0477
24.06.2021 00:39:33.892,1.19296,1.1929100000000001,1570000.0525,1690000.0572
24.06.2021 00:39:33.993,1.19297,1.1929200000000002,3150000.0954,750000
24.06.2021 00:39:34.096,1.19296,1.1929200000000002,750000,750000
24.06.2021 00:39:34.249,1.19296,1.19293,1570000.0525,4449999.8093
24.06.2021 00:39:35.299,1.19293,1.1929100000000001,750000,5900000.0954
24.06.2021 00:39:35.503,1.1929400000000001,1.19289,1269999.9809,4639999.8665
24.06.2021 00:39:35.860,1.19293,1.19289,100000.0015,3700000.0477
24.06.2021 00:39:36.384,1.19293,1.19288,819999.9928,4760000.2289
24.06.2021 00:39:37.622,1.19293,1.19289,819999.9928,189999.9976
24.06.2021 00:39:37.724,1.19293,1.1929,819999.9928,750000
24.06.2021 00:39:37.775,1.19293,1.19288,819999.9928,5090000.1526
24.06.2021 00:39:45.111,1.19293,1.19289,449999.9881,189999.9976
24.06.2021 00:39:45.213,1.1929400000000001,1.1929,819999.9928,750000
24.06.2021 00:39:45.314,1.1929400000000001,1.19289,1570000.0525,750000
24.06.2021 00:39:45.416,1.19293,1.19289,100000.0015,750000
24.06.2021 00:39:45.618,1.1929400000000001,1.19289,2019999.9809,750000
24.06.2021 00:39:46.224,1.19293,1.1929100000000001,750000,750000
24.06.2021 00:39:47.267,1.19296,1.1929200000000002,2400000.0954,750000
24.06.2021 00:39:48.260,1.19297,1.1929200000000002,5400000.0954,750000
24.06.2021 00:39:48.567,1.19297,1.19293,819999.9928,750000
24.06.2021 00:39:50.672,1.19298,1.19293,5510000.2289,1500000
24.06.2021 00:40:01.170,1.19298,1.1929400000000001,4570000.1717,750000
24.06.2021 00:40:09.336,1.19299,1.1929400000000001,1759999.9905,1500000
24.06.2021 00:40:09.640,1.19299,1.19295,819999.9928,750000
24.06.2021 00:40:09.843,1.193,1.19295,1389999.9857,3700000.0477
24.06.2021 00:40:09.945,1.19299,1.19295,1009999.9905,750000
24.06.2021 00:40:10.046,1.19297,1.19295,1009999.9905,750000
24.06.2021 00:40:10.599,1.19298,1.19293,1090000.0334,5199999.8093
24.06.2021 00:40:10.753,1.19296,1.1929200000000002,4570000.1717,750000
24.06.2021 00:40:11.008,1.19296,1.19293,8430000.3052,1500000
24.06.2021 00:40:12.091,1.19296,1.1929400000000001,100000.0015,750000
24.06.2021 00:40:12.930,1.19295,1.1929400000000001,1009999.9905,750000
24.06.2021 00:40:12.981,1.19295,1.1929100000000001,1570000.0525,5150000.0954
24.06.2021 00:40:13.083,1.1929400000000001,1.1929100000000001,3819999.9332,4400000.0954
24.06.2021 00:40:13.186,1.1929400000000001,1.1929,3900000.0954,750000
24.06.2021 00:40:13.994,1.19295,1.1929,819999.9928,1690000.0572
24.06.2021 00:40:14.096,1.19295,1.1929100000000001,750000,750000
24.06.2021 00:40:14.249,1.19297,1.1929200000000002,10569999.6948,1500000
24.06.2021 00:40:16.713,1.19297,1.19293,100000.0015,750000
24.06.2021 00:40:16.815,1.19298,1.19293,1759999.9905,4519999.9809
24.06.2021 00:40:16.917,1.19298,1.1929400000000001,1570000.0525,750000
24.06.2021 00:40:40.633,1.19298,1.19295,819999.9928,750000
24.06.2021 00:40:40.734,1.19299,1.19295,1570000.0525,100000.0015
24.06.2021 00:40:40.886,1.19298,1.1929400000000001,100000.0015,3769999.9809
24.06.2021 00:40:43.377,1.19298,1.19295,100000.0015,750000
24.06.2021 00:40:43.481,1.19298,1.1929400000000001,100000.0015,3960000.0381
24.06.2021 00:40:43.584,1.19299,1.19295,819999.9928,100000.0015
24.06.2021 00:40:43.940,1.1930100000000001,1.19297,5500000,100000.0015
24.06.2021 00:40:45.702,1.19299,1.19296,100000.0015,4400000.0954
24.06.2021 00:40:45.804,1.19298,1.19296,750000,4400000.0954
24.06.2021 00:40:45.905,1.19297,1.19295,1009999.9905,750000
24.06.2021 00:40:51.099,1.19297,1.1929400000000001,939999.9976,4449999.8093
24.06.2021 00:40:54.132,1.19298,1.1929400000000001,750000,750000
24.06.2021 00:40:54.977,1.19298,1.19295,750000,100000.0015
24.06.2021 00:40:55.648,1.19299,1.19295,819999.9928,819999.9928
24.06.2021 00:40:55.953,1.19298,1.1929400000000001,100000.0015,1570000.0525
24.06.2021 00:40:57.820,1.19299,1.1929400000000001,1570000.0525,1500000
24.06.2021 00:40:57.922,1.19299,1.19295,819999.9928,750000
24.06.2021 00:41:06.991,1.193,1.19295,1759999.9905,750000
24.06.2021 00:41:13.297,1.19299,1.19295,750000,750000
24.06.2021 00:41:13.601,1.19299,1.1929400000000001,750000,4449999.8093
24.06.2021 00:41:13.803,1.19299,1.19295,750000,750000
24.06.2021 00:41:14.107,1.193,1.19295,750000,1500000
24.06.2021 00:41:17.319,1.19299,1.1929400000000001,750000,1500000
24.06.2021 00:41:17.421,1.19298,1.19295,750000,750000
24.06.2021 00:41:18.832,1.19298,1.1929400000000001,750000,750000
24.06.2021 00:41:21.388,1.19298,1.19295,750000,750000
24.06.2021 00:41:21.540,1.19299,1.19295,100000.0015,1500000
24.06.2021 00:41:21.953,1.1930100000000001,1.19297,100000.0015,750000
24.06.2021 00:41:22.156,1.193,1.19299,100000.0015,750000
24.06.2021 00:41:22.207,1.19303,1.19298,100000.0015,5389999.8665
24.06.2021 00:41:22.359,1.19304,1.19298,4570000.1717,9779999.733
24.06.2021 00:41:26.399,1.19304,1.19299,1570000.0525,750000
24.06.2021 00:41:31.508,1.19303,1.19298,750000,5199999.8093
24.06.2021 00:41:31.992,1.1930200000000002,1.19298,1500000,750000
24.06.2021 00:41:32.043,1.1930100000000001,1.19296,1570000.0525,9479999.5422
24.06.2021 00:41:32.195,1.193,1.19296,750000,100000.0015
24.06.2021 00:41:35.913,1.19299,1.19295,750000,819999.9928
24.06.2021 00:41:36.014,1.19299,1.1929400000000001,819999.9928,10609999.6567
24.06.2021 00:41:40.563,1.19298,1.1929400000000001,100000.0015,5199999.8093
24.06.2021 00:41:44.741,1.19299,1.19295,819999.9928,750000
24.06.2021 00:41:44.843,1.193,1.19295,6550000.1907,750000
24.06.2021 00:41:44.944,1.1930100000000001,1.19296,100000.0015,6590000.1526
24.06.2021 00:41:45.046,1.1930100000000001,1.19297,100000.0015,3700000.0477
24.06.2021 00:41:45.248,1.1930100000000001,1.19296,100000.0015,10609999.6567
24.06.2021 00:41:45.299,1.19299,1.19295,2509999.9905,4400000.0954
24.06.2021 00:41:45.400,1.19297,1.19295,750000,4400000.0954
24.06.2021 00:41:45.502,1.19297,1.1929200000000002,750000,4820000.1717
24.06.2021 00:41:45.704,1.19297,1.19293,750000,750000
24.06.2021 00:41:45.957,1.19296,1.19293,750000,4070000.1717
24.06.2021 00:41:46.059,1.19297,1.19293,750000,750000
24.06.2021 00:41:46.160,1.19297,1.1929200000000002,750000,9220000.267
24.06.2021 00:41:46.464,1.19297,1.19293,750000,750000
24.06.2021 00:41:54.966,1.19298,1.19293,750000,2440000.0572
24.06.2021 00:41:55.119,1.19298,1.1929400000000001,750000,750000
24.06.2021 00:42:00.073,1.19298,1.19293,750000,5199999.8093
24.06.2021 00:42:05.926,1.19297,1.19293,100000.0015,3700000.0477
24.06.2021 00:42:10.553,1.19298,1.19293,1570000.0525,4519999.9809
24.06.2021 00:42:13.684,1.19297,1.19293,750000,750000
24.06.2021 00:42:17.251,1.19298,1.19293,1570000.0525,2890000.1049
24.06.2021 00:42:50.749,1.19298,1.1929200000000002,1950000.0477,6590000.1526
24.06.2021 00:42:52.020,1.19298,1.19293,819999.9928,4260000.2289
24.06.2021 00:42:52.273,1.19297,1.19293,1570000.0525,12029999.733
24.06.2021 00:42:55.311,1.19298,1.19293,819999.9928,2950000.0477
24.06.2021 00:43:19.711,1.193,1.19296,4599999.9046,5320000.1717
24.06.2021 00:43:19.813,1.193,1.19297,4599999.9046,1120000.0048
24.06.2021 00:43:19.915,1.1930100000000001,1.19297,750000,819999.9928
24.06.2021 00:43:26.808,1.1930100000000001,1.19298,750000,100000.0015
24.06.2021 00:43:30.134,1.1930100000000001,1.19297,819999.9928,100000.0015
24.06.2021 00:43:30.795,1.1930100000000001,1.19296,819999.9928,8460000.0381
24.06.2021 00:43:33.131,1.19299,1.19295,819999.9928,4400000.0954
24.06.2021 00:43:33.232,1.19299,1.1929400000000001,819999.9928,4519999.9809
24.06.2021 00:43:33.435,1.19298,1.1929400000000001,100000.0015,1500000
24.06.2021 00:43:57.267,1.19298,1.19296,100000.0015,1120000.0048
24.06.2021 00:43:57.369,1.19299,1.19296,100000.0015,370000.0048
24.06.2021 00:43:57.471,1.193,1.19296,819999.9928,370000.0048
24.06.2021 00:43:57.673,1.1930100000000001,1.19296,819999.9928,3069999.9332
24.06.2021 00:43:57.775,1.1930100000000001,1.19297,819999.9928,370000.0048
24.06.2021 00:43:58.892,1.1930100000000001,1.19296,819999.9928,5969999.7902
24.06.2021 00:44:10.235,1.1930100000000001,1.19297,819999.9928,370000.0048
24.06.2021 00:44:11.996,1.193,1.19295,100000.0015,10420000.0763
24.06.2021 00:44:12.577,1.193,1.19296,100000.0015,370000.0048
24.06.2021 00:44:12.678,1.193,1.19295,100000.0015,10800000.1907
24.06.2021 00:44:17.875,1.193,1.19296,100000.0015,3000000
24.06.2021 00:44:17.977,1.1930100000000001,1.19296,100000.0015,8270000.4578
24.06.2021 00:44:18.078,1.1930100000000001,1.19297,100000.0015,750000
24.06.2021 00:44:19.973,1.1930200000000002,1.19297,1009999.9905,8550000.1907
24.06.2021 00:44:23.121,1.1930100000000001,1.19297,819999.9928,750000
24.06.2021 00:44:27.119,1.1930100000000001,1.19296,3819999.9332,1570000.0525
24.06.2021 00:44:33.859,1.19299,1.1929400000000001,819999.9928,10350000.3815
24.06.2021 00:44:34.416,1.19298,1.1929400000000001,100000.0015,1500000
24.06.2021 00:44:39.084,1.19298,1.19293,100000.0015,1500000
24.06.2021 00:44:41.110,1.1929400000000001,1.1929200000000002,1200000.0477,5949999.8093
24.06.2021 00:44:41.226,1.19293,1.1929100000000001,100000.0015,5900000.0954
24.06.2021 00:44:41.379,1.1929400000000001,1.1929100000000001,4570000.1717,2809999.9428
24.06.2021 00:44:41.480,1.19295,1.1929100000000001,750000,1500000
24.06.2021 00:44:41.850,1.19296,1.1929100000000001,3069999.9332,1500000
24.06.2021 00:44:43.397,1.19295,1.19293,3000000,370000.0048
24.06.2021 00:44:43.498,1.19296,1.19293,4650000.0954,750000
24.06.2021 00:45:00.333,1.19296,1.1929100000000001,639999.9857,1500000
24.06.2021 00:45:00.486,1.19295,1.1929,2140000.1049,5150000.0954
24.06.2021 00:45:00.690,1.1929400000000001,1.1929,100000.0015,750000
24.06.2021 00:45:06.084,1.1929400000000001,1.19289,819999.9928,750000
24.06.2021 00:45:11.363,1.19293,1.19288,100000.0015,5199999.8093
24.06.2021 00:45:31.574,1.1929200000000002,1.19288,100000.0015,1500000
24.06.2021 00:45:50.572,1.1929200000000002,1.19287,5769999.9809,1500000
24.06.2021 00:45:50.824,1.1929100000000001,1.19287,100000.0015,1500000
24.06.2021 00:45:51.027,1.1929200000000002,1.19287,9250000,1500000
24.06.2021 00:45:57.586,1.1929100000000001,1.19287,100000.0015,1500000
24.06.2021 00:45:57.794,1.1929200000000002,1.19287,4650000.0954,1500000
24.06.2021 00:46:01.315,1.19289,1.19286,100000.0015,750000
24.06.2021 00:46:01.417,1.19289,1.19285,100000.0015,750000
24.06.2021 00:46:01.519,1.19288,1.1928400000000001,100000.0015,750000
24.06.2021 00:46:01.774,1.19287,1.1928400000000001,100000.0015,750000
24.06.2021 00:46:06.273,1.19286,1.1928400000000001,100000.0015,1500000
24.06.2021 00:46:41.706,1.19288,1.19283,259999.9905,1500000
24.06.2021 00:46:42.010,1.19288,1.1928400000000001,100000.0015,750000
24.06.2021 00:46:42.061,1.19289,1.19286,2769999.9809,750000
24.06.2021 00:46:42.162,1.1929100000000001,1.19286,4760000.2289,1500000
24.06.2021 00:46:43.951,1.1929100000000001,1.19287,939999.9976,750000
24.06.2021 00:46:47.330,1.1929200000000002,1.19288,3000000,1500000
24.06.2021 00:46:47.432,1.19293,1.19288,2509999.9905,1500000
24.06.2021 00:46:47.533,1.1929200000000002,1.19288,100000.0015,750000
24.06.2021 00:46:51.111,1.1929100000000001,1.19286,4010000.2289,1500000
24.06.2021 00:46:51.213,1.1929,1.19286,100000.0015,750000
24.06.2021 00:46:51.316,1.19289,1.19285,449999.9881,750000
24.06.2021 00:46:51.417,1.19288,1.1928400000000001,100000.0015,750000
24.06.2021 00:46:53.154,1.19288,1.19283,100000.0015,750000
24.06.2021 00:46:57.868,1.19288,1.1928400000000001,100000.0015,750000
24.06.2021 00:46:57.969,1.19289,1.1928400000000001,4650000.0954,750000
24.06.2021 00:46:58.071,1.19288,1.1928400000000001,100000.0015,750000
24.06.2021 00:47:02.535,1.19288,1.19283,100000.0015,1500000
24.06.2021 00:47:04.927,1.19289,1.19283,5320000.1717,4519999.9809
24.06.2021 00:47:04.979,1.19289,1.19285,750000,2250000
24.06.2021 00:47:05.738,1.19288,1.19285,100000.0015,750000
24.06.2021 00:47:06.399,1.19288,1.1928400000000001,100000.0015,1500000
24.06.2021 00:47:14.003,1.19289,1.1928400000000001,10189999.5804,1500000
24.06.2021 00:47:15.522,1.19289,1.19285,1570000.0525,750000
24.06.2021 00:47:16.574,1.19289,1.19287,100000.0015,750000
24.06.2021 00:47:16.676,1.1929100000000001,1.19286,4090000.1526,750000
24.06.2021 00:47:16.828,1.1929,1.19286,100000.0015,1500000
24.06.2021 00:47:16.929,1.1929100000000001,1.19286,259999.9905,750000
24.06.2021 00:47:17.031,1.1929,1.19287,100000.0015,750000
24.06.2021 00:47:17.132,1.1929100000000001,1.19287,259999.9905,750000
24.06.2021 00:47:17.234,1.1929100000000001,1.19286,100000.0015,1870000.0048
24.06.2021 00:47:17.336,1.1929100000000001,1.19287,100000.0015,750000
24.06.2021 00:47:17.437,1.1929100000000001,1.19286,259999.9905,1870000.0048
24.06.2021 00:47:17.538,1.1929,1.19288,3069999.9332,750000
24.06.2021 00:47:28.134,1.1929100000000001,1.19286,100000.0015,1500000
24.06.2021 00:47:28.236,1.1929200000000002,1.19288,100000.0015,750000
24.06.2021 00:47:28.339,1.19293,1.19288,819999.9928,750000
24.06.2021 00:47:28.493,1.1929200000000002,1.1929,819999.9928,750000
24.06.2021 00:47:28.595,1.19293,1.1929,750000,750000
24.06.2021 00:47:28.647,1.19295,1.1929100000000001,7750000,750000
24.06.2021 00:47:28.750,1.19295,1.1929200000000002,4599999.9046,750000
24.06.2021 00:47:28.852,1.19297,1.1929200000000002,1200000.0477,750000
24.06.2021 00:47:29.919,1.1929400000000001,1.1929100000000001,100000.0015,750000
24.06.2021 00:47:30.071,1.1929400000000001,1.1929,100000.0015,750000
24.06.2021 00:47:30.476,1.1929400000000001,1.19289,100000.0015,750000
24.06.2021 00:47:30.578,1.1929400000000001,1.19288,819999.9928,3259999.9905
24.06.2021 00:47:32.030,1.19293,1.19288,100000.0015,1500000
24.06.2021 00:47:34.784,1.1929200000000002,1.19288,259999.9905,750000
24.06.2021 00:47:39.083,1.1929200000000002,1.19287,100000.0015,1500000
24.06.2021 00:47:40.585,1.1929100000000001,1.19287,819999.9928,750000
24.06.2021 00:47:40.687,1.19289,1.19285,259999.9905,5150000.0954
24.06.2021 00:47:40.789,1.19288,1.1928400000000001,259999.9905,750000
24.06.2021 00:47:40.992,1.19287,1.1928400000000001,100000.0015,750000
24.06.2021 00:47:41.503,1.19288,1.1928400000000001,340000.0036,750000
24.06.2021 00:47:41.706,1.19289,1.1928400000000001,4840000.1526,750000
24.06.2021 00:47:41.807,1.19288,1.19283,100000.0015,8850000.3815
24.06.2021 00:47:43.842,1.19289,1.19285,5880000.1144,750000
24.06.2021 00:47:43.994,1.19288,1.19287,449999.9881,750000
24.06.2021 00:47:44.095,1.1929100000000001,1.19286,3940000.0572,750000
24.06.2021 00:47:49.071,1.1929200000000002,1.19286,5699999.8093,4449999.8093
24.06.2021 00:47:49.174,1.1929200000000002,1.19288,100000.0015,100000.0015
24.06.2021 00:47:49.429,1.1929,1.19287,449999.9881,750000
24.06.2021 00:47:49.531,1.19289,1.19286,100000.0015,1500000
24.06.2021 00:47:49.633,1.19288,1.19286,100000.0015,750000
24.06.2021 00:47:49.684,1.19288,1.1928400000000001,100000.0015,1570000.0525
24.06.2021 00:47:51.023,1.19288,1.19283,100000.0015,4449999.8093
24.06.2021 00:47:55.704,1.19289,1.19283,7570000.1717,4639999.8665
24.06.2021 00:47:55.806,1.19287,1.19283,100000.0015,1570000.0525
24.06.2021 00:47:56.062,1.19288,1.1928400000000001,12180000.3052,1690000.0572
24.06.2021 00:48:00.191,1.19287,1.19283,100000.0015,4519999.9809
24.06.2021 00:48:00.495,1.19286,1.19283,100000.0015,1500000
24.06.2021 00:48:03.046,1.19288,1.19283,8619999.8856,1500000
24.06.2021 00:48:11.841,1.19288,1.1928400000000001,100000.0015,1759999.9905
24.06.2021 00:48:11.893,1.19289,1.19286,100000.0015,370000.0048
24.06.2021 00:48:11.995,1.1929,1.19286,100000.0015,1200000.0477
24.06.2021 00:48:12.096,1.1929100000000001,1.19286,3750000,1500000
24.06.2021 00:48:12.293,1.1929,1.19288,750000,750000
24.06.2021 00:48:12.394,1.1929200000000002,1.19288,819999.9928,1570000.0525
24.06.2021 00:48:18.311,1.1929400000000001,1.1929,4199999.8093,100000.0015
24.06.2021 00:48:20.398,1.1929400000000001,1.1929200000000002,100000.0015,100000.0015
24.06.2021 00:48:20.500,1.19296,1.19293,100000.0015,750000
24.06.2021 00:48:20.602,1.19297,1.19293,750000,750000
24.06.2021 00:48:23.356,1.19296,1.19295,750000,750000
24.06.2021 00:48:23.458,1.19297,1.19293,750000,750000
24.06.2021 00:48:25.958,1.19298,1.19293,8619999.8856,750000
24.06.2021 00:48:29.023,1.19296,1.19293,100000.0015,750000
24.06.2021 00:48:29.882,1.19298,1.19293,8989999.7711,750000
24.06.2021 00:48:34.925,1.19297,1.19293,189999.9976,750000
24.06.2021 00:48:47.434,1.19299,1.19293,5769999.9809,4710000.0381
24.06.2021 00:48:47.535,1.19299,1.19295,3150000.0954,100000.0015
24.06.2021 00:48:50.566,1.193,1.19296,100000.0015,819999.9928
24.06.2021 00:48:50.667,1.1930100000000001,1.19296,750000,819999.9928
24.06.2021 00:48:51.071,1.1930200000000002,1.19298,100000.0015,1570000.0525
24.06.2021 00:48:51.173,1.19303,1.19299,100000.0015,819999.9928
24.06.2021 00:48:54.535,1.1930100000000001,1.19297,100000.0015,5219999.7902
24.06.2021 00:49:03.155,1.19299,1.19297,449999.9881,819999.9928
24.06.2021 00:49:03.256,1.19299,1.19296,100000.0015,750000
24.06.2021 00:49:03.358,1.19298,1.19295,100000.0015,750000
24.06.2021 00:49:07.123,1.193,1.19295,5139999.8665,750000
24.06.2021 00:49:07.225,1.1930100000000001,1.19298,4750000,750000
24.06.2021 00:49:09.290,1.1930100000000001,1.19297,100000.0015,819999.9928
24.06.2021 00:49:10.882,1.19303,1.19297,5960000.0381,819999.9928
24.06.2021 00:49:17.323,1.193,1.19296,1200000.0477,5150000.0954
24.06.2021 00:49:17.476,1.193,1.19295,4269999.9809,1500000
24.06.2021 00:49:20.668,1.19299,1.1929400000000001,100000.0015,2250000
24.06.2021 00:49:20.921,1.193,1.1929400000000001,4090000.1526,2319999.9332
24.06.2021 00:49:22.941,1.193,1.19295,819999.9928,1500000
24.06.2021 00:49:24.426,1.19299,1.19297,750000,750000
24.06.2021 00:49:27.085,1.1930100000000001,1.19298,100000.0015,750000
24.06.2021 00:49:31.375,1.1930200000000002,1.19298,100000.0015,819999.9928
24.06.2021 00:49:43.053,1.1930100000000001,1.19298,100000.0015,750000
24.06.2021 00:49:46.105,1.1930200000000002,1.19298,3000000,750000
24.06.2021 00:49:50.901,1.1930100000000001,1.19298,3000000,1950000.0477
24.06.2021 00:50:02.088,1.1930200000000002,1.19298,3000000,750000
24.06.2021 00:50:03.918,1.1930100000000001,1.19298,100000.0015,750000
24.06.2021 00:50:04.070,1.19299,1.19296,819999.9928,4400000.0954
24.06.2021 00:50:04.172,1.19298,1.19295,100000.0015,750000
24.06.2021 00:50:04.274,1.19297,1.19293,100000.0015,5969999.7902
24.06.2021 00:50:06.145,1.19298,1.1929400000000001,189999.9976,819999.9928
24.06.2021 00:50:06.247,1.19299,1.1929400000000001,4840000.1526,819999.9928
24.06.2021 00:50:06.348,1.19299,1.19295,4760000.2289,750000
24.06.2021 00:50:06.753,1.19298,1.19295,100000.0015,750000
24.06.2021 00:50:08.535,1.19299,1.19295,6519999.9809,750000
24.06.2021 00:50:08.637,1.19298,1.19295,100000.0015,750000
24.06.2021 00:50:08.739,1.19298,1.1929400000000001,150000.006,750000
24.06.2021 00:50:18.130,1.19299,1.19295,1500000,819999.9928
24.06.2021 00:50:18.333,1.19299,1.19296,750000,2950000.0477
24.06.2021 00:50:18.434,1.19299,1.19295,750000,1200000.0477
24.06.2021 00:50:22.016,1.19299,1.19297,750000,750000
24.06.2021 00:50:22.695,1.193,1.19297,750000,750000
24.06.2021 00:50:22.968,1.193,1.19298,750000,750000
24.06.2021 00:50:23.862,1.1930100000000001,1.19298,4570000.1717,750000
24.06.2021 00:50:27.068,1.1930100000000001,1.19299,1570000.0525,750000
24.06.2021 00:50:27.642,1.19303,1.193,5210000.0381,750000
24.06.2021 00:50:27.745,1.19303,1.193,1950000.0477,750000
24.06.2021 00:50:30.245,1.193,1.19297,1200000.0477,750000
24.06.2021 00:50:30.346,1.193,1.19298,1200000.0477,750000
24.06.2021 00:50:31.353,1.1930100000000001,1.193,150000.006,750000
24.06.2021 00:50:31.454,1.19303,1.19299,5320000.1717,750000
24.06.2021 00:50:31.556,1.19303,1.193,5320000.1717,750000
24.06.2021 00:50:31.709,1.1930200000000002,1.193,100000.0015,750000
24.06.2021 00:50:35.251,1.19303,1.1930100000000001,819999.9928,750000
24.06.2021 00:50:38.451,1.1930200000000002,1.193,259999.9905,750000
24.06.2021 00:50:38.552,1.1930100000000001,1.19299,100000.0015,750000
24.06.2021 00:50:38.603,1.1930100000000001,1.19297,100000.0015,750000
24.06.2021 00:50:40.802,1.1930200000000002,1.193,259999.9905,750000
