Gmt time,Ask,Bid,AskVolume,BidVolume
24.06.2021 00:00:02.309,0.9183100000000001,0.9182200000000001,1100000.0238,1000000
24.06.2021 00:00:05.032,0.9183,0.9182200000000001,1000000,1000000
24.06.2021 00:00:05.259,0.9183,0.9182100000000001,1500000,1000000
24.06.2021 00:00:05.360,0.9183,0.9182200000000001,2250000,1000000
24.06.2021 00:00:05.461,0.91829,0.9182100000000001,1000000,1000000
24.06.2021 00:00:12.399,0.9183,0.9182100000000001,3190000.0572,1000000
24.06.2021 00:00:12.812,0.9183,0.9182200000000001,1690000.0572,1000000
24.06.2021 00:00:12.914,0.9183100000000001,0.9182200000000001,1500000,1500000
24.06.2021 00:00:13.243,0.9183200000000001,0.91823,2250000,1009999.9905
24.06.2021 00:00:13.344,0.91833,0.91825,2250000,1000000
24.06.2021 00:00:13.445,0.9183200000000001,0.9182400000000001,1000000,1100000.0238
24.06.2021 00:00:13.597,0.9183100000000001,0.91823,1000000,1759999.9905
24.06.2021 00:00:15.164,0.9183200000000001,0.91825,1000000,1000000
24.06.2021 00:00:15.266,0.91834,0.9182400000000001,1500000,1000000
24.06.2021 00:00:16.022,0.9183200000000001,0.9182400000000001,1000000,1000000
24.06.2021 00:00:16.386,0.9183100000000001,0.91823,1000000,1100000.0238
24.06.2021 00:00:16.487,0.9183,0.91823,1000000,1000000
24.06.2021 00:00:16.538,0.91829,0.9182100000000001,1000000,1000000
24.06.2021 00:00:21.676,0.91829,0.9182100000000001,2940000.0572,1000000
24.06.2021 00:00:21.879,0.91829,0.9182100000000001,2890000.1049,1000000
24.06.2021 00:00:21.981,0.91829,0.9182100000000001,3009999.9905,1000000
24.06.2021 00:00:22.095,0.91825,0.9181700000000002,1500000,1000000
24.06.2021 00:00:22.197,0.91823,0.91814,1570000.0525,1500000
24.06.2021 00:00:22.248,0.9182100000000001,0.91814,1000000,1500000
24.06.2021 00:00:22.350,0.9182200000000001,0.91814,1100000.0238,1000000
24.06.2021 00:00:25.440,0.91823,0.91814,1500000,1000000
24.06.2021 00:00:34.626,0.9182,0.9181200000000002,1000000,1500000
24.06.2021 00:00:34.728,0.9181900000000001,0.91809,1000000,1000000
24.06.2021 00:00:34.779,0.91818,0.91808,2319999.9332,2319999.9332
24.06.2021 00:00:34.893,0.91818,0.91808,2250000,2349999.9046
24.06.2021 00:00:37.301,0.9181600000000001,0.91808,1000000,1000000
24.06.2021 00:00:37.453,0.9181600000000001,0.9180700000000002,1500000,1000000
24.06.2021 00:00:37.554,0.91815,0.9180700000000002,1000000,1000000
24.06.2021 00:00:42.182,0.9181700000000002,0.9180600000000001,1500000,1000000
24.06.2021 00:00:48.845,0.91818,0.91809,1000000,1690000.0572
24.06.2021 00:00:50.176,0.9181900000000001,0.91809,1500000,2890000.1049
24.06.2021 00:01:00.304,0.9182100000000001,0.9181100000000001,2950000.0477,1000000
24.06.2021 00:01:00.405,0.9182200000000001,0.91813,1100000.0238,1500000
24.06.2021 00:01:00.807,0.91823,0.91813,2509999.9905,1000000
24.06.2021 00:01:00.959,0.9182200000000001,0.91813,1000000,1000000
24.06.2021 00:01:01.061,0.91823,0.91813,1570000.0525,1500000
24.06.2021 00:01:01.163,0.91823,0.91814,1100000.0238,1000000
24.06.2021 00:01:02.623,0.91823,0.91813,2509999.9905,1000000
24.06.2021 00:01:02.775,0.9182200000000001,0.9181200000000002,1100000.0238,1000000
24.06.2021 00:01:02.882,0.9182200000000001,0.9181100000000001,2319999.9332,2509999.9905
24.06.2021 00:01:03.747,0.9182200000000001,0.9181200000000002,1100000.0238,1000000
24.06.2021 00:01:07.091,0.9182200000000001,0.9181100000000001,2910000.0858,1500000
24.06.2021 00:01:09.514,0.9182200000000001,0.9181100000000001,1000000,1000000
24.06.2021 00:01:10.743,0.9182100000000001,0.9181,1759999.9905,2259999.9905
24.06.2021 00:01:13.032,0.9182100000000001,0.9181100000000001,1759999.9905,1500000
24.06.2021 00:01:14.903,0.9182200000000001,0.9181200000000002,1009999.9905,1500000
24.06.2021 00:01:15.005,0.9182200000000001,0.91813,1100000.0238,1500000
24.06.2021 00:01:16.758,0.9182400000000001,0.91815,1759999.9905,1000000
24.06.2021 00:01:16.860,0.9182400000000001,0.91815,1000000,1600000.0238
24.06.2021 00:01:16.961,0.91825,0.91815,1000000,2069999.9332
24.06.2021 00:01:19.071,0.91825,0.91815,1000000,2069999.9332
24.06.2021 00:01:19.354,0.9183,0.91818,1950000.0477,1000000
24.06.2021 00:01:19.455,0.91829,0.9181900000000001,1100000.0238,1500000
24.06.2021 00:01:19.556,0.9183,0.9181900000000001,2509999.9905,3200000.0477
24.06.2021 00:01:19.657,0.9183100000000001,0.9182200000000001,1100000.0238,1000000
24.06.2021 00:01:21.178,0.9183700000000001,0.9183,1120000.0048,1000000
24.06.2021 00:01:21.279,0.91838,0.9183200000000001,1000000,1000000
24.06.2021 00:01:21.330,0.91843,0.91834,1200000.0477,1250000
24.06.2021 00:01:21.381,0.9184,0.91833,1000000,1000000
24.06.2021 00:01:21.482,0.91843,0.91834,1100000.0238,1000000
24.06.2021 00:01:21.533,0.91846,0.91835,1350000.0238,1000000
24.06.2021 00:01:21.634,0.9184700000000001,0.9183700000000001,1100000.0238,1000000
24.06.2021 00:01:21.735,0.91848,0.91835,2039999.9619,1000000
24.06.2021 00:01:26.800,0.91846,0.91835,1009999.9905,1009999.9905
24.06.2021 00:01:27.711,0.91846,0.9183600000000001,1309999.9428,1100000.0238
24.06.2021 00:01:27.862,0.91846,0.91835,1009999.9905,1009999.9905
24.06.2021 00:01:28.877,0.91845,0.91835,2509999.9905,1000000
24.06.2021 00:01:29.685,0.9184700000000001,0.9183600000000001,2950000.0477,1000000
24.06.2021 00:01:29.787,0.91846,0.9183700000000001,1000000,1100000.0238
24.06.2021 00:01:30.090,0.9184700000000001,0.9183700000000001,1200000.0477,1000000
24.06.2021 00:01:30.191,0.9184700000000001,0.9183600000000001,2390000.1049,1200000.0477
24.06.2021 00:01:31.331,0.9184700000000001,0.91834,1759999.9905,2140000.1049
24.06.2021 00:01:34.807,0.9184,0.9183100000000001,1570000.0525,1000000
24.06.2021 00:01:34.910,0.9183600000000001,0.91828,1000000,1200000.0477
24.06.2021 00:01:35.013,0.91834,0.9182700000000001,1500000,1000000
24.06.2021 00:01:35.115,0.91835,0.9182700000000001,1200000.0477,1000000
24.06.2021 00:01:35.166,0.91835,0.91825,1100000.0238,1570000.0525
24.06.2021 00:01:35.475,0.91834,0.91823,1759999.9905,2559999.9428
24.06.2021 00:01:35.578,0.91833,0.91823,1789999.9619,1120000.0048
24.06.2021 00:01:36.942,0.91833,0.9182400000000001,1000000,1000000
24.06.2021 00:01:38.876,0.91833,0.91823,2539999.9619,1620000.0048
24.06.2021 00:01:39.179,0.91833,0.91823,2539999.9619,1000000
24.06.2021 00:01:45.815,0.91833,0.91823,1100000.0238,2140000.1049
24.06.2021 00:01:45.916,0.91835,0.91825,1000000,1570000.0525
24.06.2021 00:01:46.018,0.91839,0.9183,1250000,1120000.0048
24.06.2021 00:01:47.892,0.91839,0.91829,1570000.0525,1000000
24.06.2021 00:01:52.233,0.91839,0.9183,1000000,1000000
24.06.2021 00:01:52.385,0.91839,0.9183100000000001,1000000,1000000
24.06.2021 00:01:53.375,0.9184,0.9183100000000001,1000000,1100000.0238
24.06.2021 00:01:55.132,0.9184,0.9183,1000000,1759999.9905
24.06.2021 00:01:55.485,0.91839,0.9183,1000000,1100000.0238
24.06.2021 00:01:55.586,0.9184,0.9183,1000000,1570000.0525
24.06.2021 00:01:58.688,0.91839,0.9183,1000000,1100000.0238
24.06.2021 00:01:58.789,0.9184,0.9183,1000000,1570000.0525
24.06.2021 00:02:02.998,0.9184,0.9183100000000001,1000000,1250000
24.06.2021 00:02:03.112,0.9184100000000001,0.9183100000000001,1500000,1759999.9905
24.06.2021 00:02:03.847,0.9184100000000001,0.91834,1000000,1000000
24.06.2021 00:02:03.898,0.91844,0.91835,1250000,1600000.0238
24.06.2021 00:02:04.000,0.9184700000000001,0.91838,1250000,1000000
24.06.2021 00:02:04.051,0.9184700000000001,0.91838,1250000,1000000
24.06.2021 00:02:04.152,0.9184700000000001,0.9183700000000001,1250000,1570000.0525
24.06.2021 00:02:04.253,0.9184700000000001,0.9183700000000001,1250000,1600000.0238
24.06.2021 00:02:05.237,0.9184700000000001,0.91838,1000000,1100000.0238
24.06.2021 00:02:05.350,0.91848,0.91838,1690000.0572,1600000.0238
24.06.2021 00:02:06.339,0.91849,0.9183700000000001,1690000.0572,1570000.0525
24.06.2021 00:02:13.184,0.91846,0.9183600000000001,1690000.0572,1570000.0525
24.06.2021 00:02:13.285,0.91845,0.91835,1500000,1570000.0525
24.06.2021 00:02:30.778,0.91846,0.9183600000000001,1570000.0525,1000000
24.06.2021 00:02:30.880,0.9184700000000001,0.9183700000000001,1950000.0477,1000000
24.06.2021 00:02:31.133,0.9184700000000001,0.91835,1000000,1500000
24.06.2021 00:02:31.235,0.91846,0.91835,1000000,1000000
24.06.2021 00:02:31.819,0.91846,0.9183600000000001,1870000.0048,1500000
24.06.2021 00:02:32.043,0.9184700000000001,0.91838,1100000.0238,1000000
24.06.2021 00:02:42.938,0.91848,0.91839,1100000.0238,1000000
24.06.2021 00:02:43.040,0.91848,0.9184,1000000,1000000
24.06.2021 00:02:43.141,0.9185200000000001,0.9184200000000001,1100000.0238,1500000
24.06.2021 00:02:43.242,0.9185200000000001,0.9184200000000001,1100000.0238,1570000.0525
24.06.2021 00:02:43.960,0.91853,0.91843,1600000.0238,1250000
24.06.2021 00:03:01.500,0.9185200000000001,0.9184200000000001,1100000.0238,1570000.0525
24.06.2021 00:03:19.813,0.9185200000000001,0.91843,1000000,1000000
24.06.2021 00:03:28.534,0.9185200000000001,0.9184200000000001,1250000,1500000
24.06.2021 00:03:32.773,0.9185000000000001,0.9184100000000001,1250000,1000000
24.06.2021 00:03:32.877,0.9185000000000001,0.9184100000000001,1350000.0238,1000000
24.06.2021 00:03:35.647,0.9185000000000001,0.9184100000000001,1100000.0238,1000000
24.06.2021 00:03:35.995,0.9185000000000001,0.9184,1100000.0238,1000000
24.06.2021 00:03:36.096,0.91851,0.9184200000000001,1759999.9905,1000000
24.06.2021 00:03:36.147,0.91853,0.9184200000000001,1950000.0477,1690000.0572
24.06.2021 00:03:36.249,0.91853,0.91843,1120000.0048,1000000
24.06.2021 00:03:37.947,0.91853,0.9184200000000001,1870000.0048,1690000.0572
24.06.2021 00:03:39.765,0.91853,0.91843,1000000,1000000
24.06.2021 00:03:43.914,0.9185500000000001,0.91846,1100000.0238,1000000
24.06.2021 00:03:44.015,0.91858,0.9184700000000001,3369999.8856,1500000
24.06.2021 00:03:44.116,0.91858,0.91848,1250000,1000000
24.06.2021 00:03:51.114,0.9185700000000001,0.91845,1000000,2059999.9428
24.06.2021 00:03:51.382,0.91856,0.9184700000000001,1250000,1000000
24.06.2021 00:03:52.558,0.91858,0.9184700000000001,2059999.9428,1009999.9905
24.06.2021 00:03:52.659,0.9185700000000001,0.9184700000000001,1250000,1100000.0238
24.06.2021 00:03:52.778,0.9185700000000001,0.91848,1250000,1000000
24.06.2021 00:03:55.799,0.9185700000000001,0.91846,2140000.1049,1000000
24.06.2021 00:03:55.901,0.91856,0.91846,1470000.0286,1000000
24.06.2021 00:03:56.002,0.91856,0.91845,2720000.0286,1000000
24.06.2021 00:03:56.104,0.9185500000000001,0.91845,1789999.9619,1000000
24.06.2021 00:03:56.154,0.9185500000000001,0.9184200000000001,1200000.0477,1690000.0572
24.06.2021 00:03:56.259,0.91854,0.91843,1220000.0286,1690000.0572
24.06.2021 00:03:56.360,0.9185500000000001,0.91845,2289999.9619,1000000
24.06.2021 00:03:56.411,0.9185500000000001,0.9184200000000001,1100000.0238,1000000
24.06.2021 00:03:56.512,0.91853,0.9184200000000001,1789999.9619,1500000
24.06.2021 00:04:01.922,0.91853,0.91843,2539999.9619,1000000
24.06.2021 00:04:10.674,0.9185200000000001,0.9184200000000001,1600000.0238,1500000
24.06.2021 00:04:10.775,0.9185200000000001,0.9184200000000001,2099999.9046,1500000
24.06.2021 00:04:10.877,0.9185000000000001,0.9184,1200000.0477,1500000
24.06.2021 00:04:10.978,0.9185000000000001,0.9184,1220000.0286,1500000
24.06.2021 00:04:13.587,0.9185000000000001,0.9184,2319999.9332,1000000
24.06.2021 00:04:21.094,0.9185000000000001,0.9184,2349999.9046,1000000
24.06.2021 00:04:21.327,0.9185000000000001,0.9184,1950000.0477,1250000
24.06.2021 00:04:22.657,0.91854,0.91843,1100000.0238,1850000.0238
24.06.2021 00:04:22.759,0.9185500000000001,0.91844,1000000,2599999.9046
24.06.2021 00:04:22.810,0.91858,0.9184700000000001,4309999.9428,1000000
24.06.2021 00:04:23.012,0.91859,0.91849,1970000.0286,1000000
24.06.2021 00:04:33.770,0.91858,0.91848,1100000.0238,1570000.0525
24.06.2021 00:04:34.190,0.91858,0.91848,1600000.0238,1000000
24.06.2021 00:04:34.291,0.9185700000000001,0.91846,2539999.9619,1570000.0525
24.06.2021 00:04:35.048,0.9185500000000001,0.91845,1000000,1500000
24.06.2021 00:04:35.150,0.91854,0.91845,1870000.0048,1500000
24.06.2021 00:04:35.204,0.9185200000000001,0.9184200000000001,1389999.9857,1570000.0525
24.06.2021 00:04:35.305,0.91851,0.9184100000000001,1100000.0238,1570000.0525
24.06.2021 00:04:35.356,0.91853,0.91843,1690000.0572,1000000
24.06.2021 00:04:35.458,0.91854,0.91845,1000000,1000000
24.06.2021 00:04:37.059,0.91856,0.91845,2619999.8856,1500000
24.06.2021 00:04:37.574,0.91856,0.91846,1500000,1000000
24.06.2021 00:04:37.676,0.9185700000000001,0.9184700000000001,1690000.0572,1500000
24.06.2021 00:04:38.905,0.9185500000000001,0.91844,1000000,1120000.0048
24.06.2021 00:04:39.007,0.9185500000000001,0.91845,1100000.0238,1500000
24.06.2021 00:04:39.109,0.9185000000000001,0.9184,1100000.0238,1570000.0525
24.06.2021 00:04:39.489,0.9185000000000001,0.9184100000000001,1100000.0238,1000000
24.06.2021 00:04:39.741,0.9185000000000001,0.9184100000000001,1100000.0238,1000000
24.06.2021 00:04:41.131,0.91851,0.91839,1600000.0238,1690000.0572
24.06.2021 00:04:56.391,0.91851,0.9184200000000001,1100000.0238,1250000
24.06.2021 00:04:56.492,0.91853,0.9184200000000001,1500000,1690000.0572
24.06.2021 00:04:56.543,0.91853,0.9184200000000001,1600000.0238,1690000.0572
24.06.2021 00:04:56.695,0.91853,0.9184200000000001,1600000.0238,1759999.9905
24.06.2021 00:04:56.861,0.91853,0.9184200000000001,1600000.0238,1690000.0572
24.06.2021 00:04:57.055,0.91853,0.9184200000000001,1600000.0238,2559999.9428
24.06.2021 00:04:57.158,0.91858,0.91851,1600000.0238,1120000.0048
24.06.2021 00:04:57.209,0.91861,0.91851,3819999.9332,1309999.9428
24.06.2021 00:04:57.315,0.9185700000000001,0.91848,2319999.9332,1870000.0048
24.06.2021 00:04:57.416,0.91858,0.91846,1570000.0525,1000000
24.06.2021 00:04:57.518,0.91851,0.9184200000000001,1350000.0238,1309999.9428
24.06.2021 00:04:57.569,0.9185000000000001,0.91839,1100000.0238,2599999.9046
24.06.2021 00:04:57.670,0.91849,0.91839,1100000.0238,1000000
24.06.2021 00:05:02.412,0.91848,0.91838,1000000,1250000
24.06.2021 00:05:07.771,0.91848,0.91838,1000000,2759999.9905
24.06.2021 00:05:09.350,0.91849,0.91839,1000000,1690000.0572
24.06.2021 00:05:24.268,0.9185000000000001,0.91839,1000000,1000000
24.06.2021 00:05:31.808,0.91849,0.9184,1000000,1250000
24.06.2021 00:05:31.910,0.9185000000000001,0.9184,1000000,2950000.0477
24.06.2021 00:05:37.778,0.9185000000000001,0.9184,1000000,1759999.9905
24.06.2021 00:05:39.034,0.9185000000000001,0.9184,1000000,2569999.9332
24.06.2021 00:05:54.103,0.9185000000000001,0.9184,1000000,2509999.9905
24.06.2021 00:05:54.155,0.9185500000000001,0.91845,2470000.0286,2500000
24.06.2021 00:05:54.206,0.91856,0.91846,2720000.0286,1250000
24.06.2021 00:05:54.257,0.91856,0.91848,1000000,1750000
24.06.2021 00:05:54.309,0.91858,0.91848,1100000.0238,2569999.9332
24.06.2021 00:05:54.513,0.91858,0.91848,1100000.0238,1759999.9905
24.06.2021 00:05:59.920,0.91858,0.91848,1789999.9619,1500000
24.06.2021 00:06:00.072,0.9185700000000001,0.91848,1350000.0238,1000000
24.06.2021 00:06:00.224,0.9185700000000001,0.91848,1009999.9905,1000000
24.06.2021 00:06:03.280,0.91858,0.91849,1100000.0238,1000000
24.06.2021 00:06:03.432,0.91859,0.91849,1100000.0238,2509999.9905
24.06.2021 00:06:03.533,0.91859,0.91849,1600000.0238,1500000
24.06.2021 00:06:13.059,0.91858,0.91848,1789999.9619,1000000
24.06.2021 00:06:13.161,0.91856,0.9184700000000001,1100000.0238,1000000
24.06.2021 00:06:14.719,0.9185500000000001,0.9184700000000001,1000000,1000000
24.06.2021 00:06:15.023,0.91856,0.9184700000000001,1100000.0238,1000000
24.06.2021 00:06:15.642,0.91856,0.91848,1000000,1000000
24.06.2021 00:06:18.267,0.91858,0.91848,1600000.0238,1690000.0572
24.06.2021 00:06:21.111,0.91858,0.91848,1570000.0525,2509999.9905
24.06.2021 00:06:21.416,0.91858,0.91849,1000000,1100000.0238
24.06.2021 00:06:21.518,0.91858,0.9185000000000001,1000000,1000000
24.06.2021 00:06:23.126,0.91858,0.91849,1100000.0238,1690000.0572
24.06.2021 00:06:27.318,0.91858,0.91848,1570000.0525,1759999.9905
24.06.2021 00:06:27.420,0.91858,0.9184700000000001,1100000.0238,1000000
24.06.2021 00:06:27.521,0.9185700000000001,0.9184700000000001,1970000.0286,1500000
24.06.2021 00:06:31.876,0.91856,0.91846,1759999.9905,1500000
24.06.2021 00:06:31.977,0.91856,0.91845,1200000.0477,1000000
24.06.2021 00:06:41.458,0.91854,0.91845,1100000.0238,1000000
24.06.2021 00:06:41.870,0.91854,0.91846,1000000,1000000
24.06.2021 00:06:43.941,0.9185200000000001,0.91846,1000000,1000000
24.06.2021 00:06:43.992,0.9185200000000001,0.9184200000000001,3470000.0286,1250000
24.06.2021 00:06:44.094,0.9185200000000001,0.9184,1600000.0238,1690000.0572
24.06.2021 00:06:45.111,0.9185000000000001,0.9184100000000001,1100000.0238,1000000
24.06.2021 00:06:45.666,0.9185000000000001,0.9184100000000001,1100000.0238,1000000
24.06.2021 00:06:46.645,0.91851,0.9184200000000001,1000000,2140000.1049
24.06.2021 00:06:46.746,0.9185200000000001,0.91843,1100000.0238,1000000
24.06.2021 00:06:47.616,0.91853,0.91843,1009999.9905,1570000.0525
24.06.2021 00:06:54.994,0.91851,0.9184100000000001,1570000.0525,1759999.9905
24.06.2021 00:06:55.096,0.9185000000000001,0.9184100000000001,1100000.0238,1250000
24.06.2021 00:07:03.412,0.9185000000000001,0.9184,1950000.0477,1500000
24.06.2021 00:07:14.522,0.9185000000000001,0.9184,2450000.0477,1500000
24.06.2021 00:07:14.674,0.9185000000000001,0.9184,1950000.0477,1690000.0572
24.06.2021 00:07:20.231,0.91849,0.9184,1000000,1000000
24.06.2021 00:07:20.413,0.91849,0.91839,1950000.0477,1500000
24.06.2021 00:07:33.317,0.91849,0.9184,1100000.0238,1000000
24.06.2021 00:07:52.315,0.91849,0.91839,1759999.9905,1500000
24.06.2021 00:07:52.899,0.91849,0.9184,1100000.0238,1000000
24.06.2021 00:07:55.184,0.91845,0.91835,3849999.9046,2809999.9428
24.06.2021 00:07:55.286,0.91845,0.91835,2319999.9332,1759999.9905
24.06.2021 00:07:55.388,0.91848,0.9183700000000001,2140000.1049,1250000
24.06.2021 00:07:55.490,0.91846,0.91838,1000000,1000000
24.06.2021 00:07:55.541,0.91848,0.91838,1570000.0525,1690000.0572
24.06.2021 00:08:03.764,0.91846,0.91838,1000000,1690000.0572
24.06.2021 00:08:06.296,0.91848,0.91839,1100000.0238,1000000
24.06.2021 00:08:09.481,0.91849,0.91839,2319999.9332,1500000
24.06.2021 00:08:13.591,0.91849,0.9184,1000000,1000000
24.06.2021 00:08:53.206,0.9185000000000001,0.9184100000000001,1570000.0525,1000000
24.06.2021 00:08:56.963,0.9185000000000001,0.9184200000000001,1000000,1000000
24.06.2021 00:09:00.251,0.9185200000000001,0.91844,1000000,1000000
24.06.2021 00:09:00.353,0.91854,0.91844,1500000,1690000.0572
24.06.2021 00:09:00.403,0.91854,0.91846,1000000,1000000
24.06.2021 00:09:02.161,0.91856,0.91848,1100000.0238,1000000
24.06.2021 00:09:02.212,0.91858,0.91848,2319999.9332,1009999.9905
24.06.2021 00:09:02.313,0.91859,0.9185000000000001,1100000.0238,1690000.0572
24.06.2021 00:09:31.085,0.91859,0.9185000000000001,1000000,3009999.9905
24.06.2021 00:09:31.136,0.91859,0.9185000000000001,1000000,2890000.1049
24.06.2021 00:09:31.237,0.91859,0.9185000000000001,1000000,3009999.9905
24.06.2021 00:09:31.338,0.9186000000000001,0.91849,1000000,2890000.1049
24.06.2021 00:09:32.942,0.91859,0.91851,1570000.0525,1000000
24.06.2021 00:09:33.043,0.91858,0.91849,1100000.0238,1000000
24.06.2021 00:09:33.599,0.91859,0.9185000000000001,1570000.0525,1250000
24.06.2021 00:09:38.935,0.91859,0.9185200000000001,1000000,1000000
24.06.2021 00:09:38.986,0.91863,0.91854,1100000.0238,1000000
24.06.2021 00:09:39.037,0.9186500000000001,0.91856,2160000.0858,1000000
24.06.2021 00:09:39.089,0.9186500000000001,0.91853,1350000.0238,1500000
24.06.2021 00:09:39.191,0.9186500000000001,0.9185500000000001,1500000,1309999.9428
24.06.2021 00:09:39.293,0.9186700000000001,0.9185500000000001,1690000.0572,1000000
24.06.2021 00:09:47.741,0.91871,0.91861,5849999.9046,1500000
24.06.2021 00:09:47.842,0.9187200000000001,0.91864,1000000,1750000
24.06.2021 00:09:47.893,0.91874,0.9186500000000001,1000000,1000000
24.06.2021 00:09:48.045,0.9187500000000001,0.9186500000000001,2250000,1690000.0572
24.06.2021 00:09:48.146,0.9187500000000001,0.91866,1000000,1000000
24.06.2021 00:09:48.248,0.91874,0.9186500000000001,1000000,1100000.0238
24.06.2021 00:09:54.134,0.9187299999999999,0.9186500000000001,1000000,1000000
24.06.2021 00:09:54.286,0.91871,0.91861,3000000,1100000.0238
24.06.2021 00:09:54.337,0.9187200000000001,0.91863,1000000,1000000
24.06.2021 00:09:54.539,0.9187200000000001,0.91864,1000000,1000000
24.06.2021 00:09:58.012,0.9187200000000001,0.91863,1000000,1000000
24.06.2021 00:10:00.116,0.9187200000000001,0.9186200000000001,1500000,1000000
24.06.2021 00:10:02.000,0.9187000000000001,0.9186200000000001,1000000,1120000.0048
24.06.2021 00:10:08.656,0.91869,0.91859,3819999.9332,3000000
24.06.2021 00:10:08.758,0.91869,0.9185700000000001,1570000.0525,2440000.0572
24.06.2021 00:10:08.859,0.9186799999999999,0.91858,1600000.0238,2440000.0572
24.06.2021 00:10:16.414,0.91871,0.91863,1000000,1690000.0572
24.06.2021 00:10:16.515,0.91874,0.9186500000000001,1100000.0238,1250000
24.06.2021 00:10:16.617,0.91874,0.91864,1000000,2809999.9428
24.06.2021 00:10:16.718,0.9187500000000001,0.91863,1000000,2940000.0572
24.06.2021 00:10:16.944,0.91874,0.9186500000000001,1000000,1309999.9428
24.06.2021 00:10:24.778,0.91874,0.91864,1570000.0525,3190000.0572
24.06.2021 00:10:29.459,0.91874,0.9186500000000001,1100000.0238,1000000
24.06.2021 00:11:00.115,0.9187299999999999,0.91864,1000000,1500000
24.06.2021 00:11:01.028,0.9187299999999999,0.9186500000000001,1000000,1000000
24.06.2021 00:11:01.131,0.91874,0.9186500000000001,2250000,1250000
24.06.2021 00:11:01.778,0.91874,0.9186500000000001,1000000,3819999.9332
24.06.2021 00:11:01.924,0.91874,0.9186500000000001,1000000,3819999.9332
24.06.2021 00:11:02.158,0.9187500000000001,0.9186500000000001,1000000,3069999.9332
24.06.2021 00:11:02.260,0.9187500000000001,0.9186500000000001,1000000,3069999.9332
24.06.2021 00:11:28.570,0.9187500000000001,0.9186500000000001,1500000,3069999.9332
24.06.2021 00:11:28.773,0.9187500000000001,0.9186500000000001,1500000,3819999.9332
24.06.2021 00:11:28.874,0.9187500000000001,0.9186500000000001,1500000,3819999.9332
24.06.2021 00:11:29.184,0.9187500000000001,0.9186500000000001,1500000,3069999.9332
24.06.2021 00:11:29.437,0.9187500000000001,0.9186500000000001,1500000,3069999.9332
24.06.2021 00:11:30.540,0.9187500000000001,0.9186500000000001,1500000,3069999.9332
24.06.2021 00:11:33.795,0.9187500000000001,0.9186500000000001,1000000,3069999.9332
24.06.2021 00:11:33.922,0.9187500000000001,0.9186500000000001,1000000,3819999.9332
24.06.2021 00:11:34.685,0.9187500000000001,0.9186500000000001,1000000,3819999.9332
24.06.2021 00:11:34.856,0.9187500000000001,0.9186500000000001,1000000,3819999.9332
24.06.2021 00:11:35.862,0.9187500000000001,0.91866,1000000,2119999.8856
24.06.2021 00:11:36.172,0.9187700000000001,0.9186700000000001,1950000.0477,1750000
24.06.2021 00:11:36.335,0.9187700000000001,0.9186700000000001,1570000.0525,1750000
24.06.2021 00:11:36.488,0.9187799999999999,0.9186799999999999,1000000,3700000.0477
24.06.2021 00:11:36.539,0.9188100000000001,0.91871,1100000.0238,2200000.0477
24.06.2021 00:11:36.640,0.9188200000000001,0.9187299999999999,1000000,1009999.9905
24.06.2021 00:11:48.481,0.9188299999999999,0.9187500000000001,1000000,1309999.9428
24.06.2021 00:11:53.821,0.9188299999999999,0.9187500000000001,1000000,1509999.9905
24.06.2021 00:11:56.100,0.9188500000000001,0.9187700000000001,1000000,1309999.9428
24.06.2021 00:11:56.303,0.9188500000000001,0.9187700000000001,1000000,1509999.9905
24.06.2021 00:11:56.404,0.9188600000000001,0.9187600000000001,1000000,1389999.9857
24.06.2021 00:11:56.506,0.91884,0.9187600000000001,1000000,2319999.9332
24.06.2021 00:11:56.607,0.91884,0.9187600000000001,1000000,1250000
24.06.2021 00:11:56.708,0.9188299999999999,0.91874,1000000,2200000.0477
24.06.2021 00:12:00.808,0.9188299999999999,0.9187500000000001,1500000,1750000
24.06.2021 00:12:01.696,0.9188299999999999,0.9187500000000001,1500000,1309999.9428
24.06.2021 00:12:07.702,0.9188200000000001,0.9187500000000001,1000000,1000000
24.06.2021 00:12:07.753,0.9187799999999999,0.9187000000000001,1500000,1750000
24.06.2021 00:12:07.854,0.9187500000000001,0.9186700000000001,1000000,2059999.9428
24.06.2021 00:12:07.955,0.9187600000000001,0.91866,1500000,1750000
24.06.2021 00:12:08.056,0.9187500000000001,0.91866,1000000,1250000
24.06.2021 00:12:08.158,0.9187299999999999,0.91866,1000000,2500000
24.06.2021 00:12:08.209,0.9187200000000001,0.9186500000000001,1000000,1000000
24.06.2021 00:12:11.963,0.9187299999999999,0.9186500000000001,2250000,1000000
24.06.2021 00:12:17.280,0.9187299999999999,0.9186500000000001,2250000,1500000
24.06.2021 00:12:37.474,0.9187299999999999,0.91864,1500000,3000000
24.06.2021 00:13:38.054,0.9187299999999999,0.91864,1500000,1570000.0525
24.06.2021 00:13:40.520,0.9187000000000001,0.91864,1000000,1500000
24.06.2021 00:13:40.622,0.91866,0.91859,1000000,1600000.0238
24.06.2021 00:13:40.673,0.91866,0.91858,1500000,2809999.9428
24.06.2021 00:13:40.776,0.9186500000000001,0.91858,1000000,3009999.9905
24.06.2021 00:13:45.566,0.91866,0.91859,1500000,1250000
24.06.2021 00:13:54.356,0.91866,0.91858,1500000,2809999.9428
24.06.2021 00:14:02.066,0.91866,0.91858,1500000,2259999.9905
24.06.2021 00:14:02.167,0.91866,0.91858,1500000,2259999.9905
24.06.2021 00:14:02.987,0.91866,0.91858,1500000,2259999.9905
24.06.2021 00:14:06.799,0.91866,0.91858,1500000,2059999.9428
24.06.2021 00:14:48.228,0.9186500000000001,0.91858,1000000,1690000.0572
24.06.2021 00:14:48.329,0.9186500000000001,0.9185500000000001,1500000,1000000
24.06.2021 00:14:53.963,0.91863,0.91856,1000000,1000000
24.06.2021 00:15:03.150,0.9186000000000001,0.91854,1000000,1000000
24.06.2021 00:15:03.251,0.91861,0.9185500000000001,1000000,1000000
24.06.2021 00:15:03.352,0.91863,0.9185700000000001,1000000,1000000
24.06.2021 00:15:38.730,0.9186500000000001,0.91856,1000000,1120000.0048
24.06.2021 00:15:38.881,0.91864,0.9185700000000001,1000000,3000000
24.06.2021 00:15:39.105,0.91866,0.9185700000000001,1500000,3069999.9332
24.06.2021 00:15:39.251,0.91866,0.9185700000000001,1500000,3069999.9332
24.06.2021 00:15:45.079,0.91866,0.9185700000000001,1500000,3069999.9332
24.06.2021 00:15:58.402,0.91866,0.9185700000000001,1500000,3000000
24.06.2021 00:15:58.623,0.9186700000000001,0.91856,1500000,3000000
24.06.2021 00:15:58.836,0.91866,0.9185700000000001,1500000,3000000
24.06.2021 00:16:04.726,0.91866,0.91858,1500000,2190000.0572
24.06.2021 00:16:05.388,0.91866,0.91858,1500000,2059999.9428
24.06.2021 00:16:05.791,0.91866,0.91858,1500000,2190000.0572
24.06.2021 00:16:07.350,0.91866,0.91859,1500000,1750000
24.06.2021 00:16:08.076,0.91866,0.91859,1500000,1309999.9428
24.06.2021 00:16:08.212,0.91866,0.91859,1500000,1750000
24.06.2021 00:16:09.888,0.91866,0.91858,1500000,2940000.0572
24.06.2021 00:16:11.282,0.91866,0.91858,1500000,2940000.0572
24.06.2021 00:16:13.212,0.91866,0.91858,1500000,1120000.0048
24.06.2021 00:16:13.314,0.9186700000000001,0.9185700000000001,1500000,1500000
24.06.2021 00:16:17.234,0.91866,0.91858,1500000,1750000
24.06.2021 00:16:17.610,0.91866,0.91858,1500000,1750000
24.06.2021 00:16:52.196,0.9186700000000001,0.9185700000000001,1500000,1120000.0048
24.06.2021 00:16:55.394,0.91866,0.91858,1500000,1500000
24.06.2021 00:16:59.170,0.91866,0.91858,1500000,1120000.0048
24.06.2021 00:16:59.569,0.9186500000000001,0.91858,1000000,1000000
24.06.2021 00:16:59.670,0.9186500000000001,0.91856,1000000,1690000.0572
24.06.2021 00:17:16.060,0.91863,0.9185500000000001,1000000,1250000
24.06.2021 00:17:16.212,0.9186200000000001,0.9185500000000001,1000000,1250000
24.06.2021 00:17:18.889,0.91863,0.91856,1000000,1250000
24.06.2021 00:17:18.990,0.91863,0.9185700000000001,1000000,1690000.0572
24.06.2021 00:17:19.041,0.91866,0.91859,1000000,1250000
24.06.2021 00:17:19.329,0.91866,0.91859,1000000,1750000
24.06.2021 00:17:22.935,0.9186799999999999,0.9186200000000001,1000000,3250000
24.06.2021 00:17:22.986,0.9187200000000001,0.91866,1000000,1250000
24.06.2021 00:17:23.087,0.9187299999999999,0.9186500000000001,1000000,2190000.0572
24.06.2021 00:17:23.251,0.9187299999999999,0.9186500000000001,1000000,2059999.9428
24.06.2021 00:17:23.383,0.9187299999999999,0.9186500000000001,1000000,2190000.0572
24.06.2021 00:17:34.488,0.91874,0.91864,1000000,2059999.9428
24.06.2021 00:17:44.918,0.9187299999999999,0.9186500000000001,1000000,2190000.0572
24.06.2021 00:17:45.449,0.9187299999999999,0.9186500000000001,1000000,2059999.9428
24.06.2021 00:18:06.697,0.91874,0.9186500000000001,1500000,2059999.9428
24.06.2021 00:18:23.571,0.9186799999999999,0.9186200000000001,1000000,1000000
24.06.2021 00:18:23.673,0.9186799999999999,0.91861,1000000,1000000
24.06.2021 00:18:23.808,0.91869,0.91861,1500000,1000000
24.06.2021 00:18:26.607,0.9187000000000001,0.91861,1500000,2869999.8856
24.06.2021 00:18:26.709,0.9187000000000001,0.91863,1000000,1000000
24.06.2021 00:18:29.962,0.91871,0.91863,1500000,1120000.0048
24.06.2021 00:18:31.186,0.91871,0.91864,1000000,1000000
24.06.2021 00:18:31.287,0.9187200000000001,0.91864,1500000,1009999.9905
24.06.2021 00:18:31.389,0.9187299999999999,0.9186500000000001,1000000,1200000.0477
24.06.2021 00:18:35.058,0.91874,0.91866,2250000,1000000
24.06.2021 00:19:00.064,0.9187200000000001,0.91864,1000000,2700000.0477
24.06.2021 00:19:00.833,0.9187200000000001,0.91863,1000000,1309999.9428
24.06.2021 00:19:00.935,0.9187200000000001,0.91863,1000000,1370000.0048
24.06.2021 00:19:01.508,0.9187299999999999,0.91863,1500000,2569999.9332
24.06.2021 00:19:07.883,0.9187299999999999,0.91864,1000000,1750000
24.06.2021 00:19:09.386,0.9187299999999999,0.91864,1000000,1250000
24.06.2021 00:19:15.172,0.91871,0.91863,1000000,1309999.9428
24.06.2021 00:19:15.324,0.91871,0.9186200000000001,1000000,1250000
24.06.2021 00:19:18.884,0.9187000000000001,0.9186200000000001,1000000,1009999.9905
24.06.2021 00:19:21.480,0.91866,0.91859,1500000,1250000
24.06.2021 00:19:21.582,0.9186700000000001,0.91858,1000000,1820000.0525
24.06.2021 00:19:21.684,0.9186799999999999,0.91858,1000000,3289999.9619
24.06.2021 00:19:22.090,0.9186799999999999,0.9186000000000001,1000000,2009999.9905
24.06.2021 00:19:22.141,0.9187000000000001,0.91861,1000000,1100000.0238
24.06.2021 00:19:22.242,0.91869,0.91861,1000000,1820000.0525
24.06.2021 00:19:22.703,0.91869,0.9186000000000001,1000000,1850000.0238
24.06.2021 00:19:23.674,0.91869,0.9186000000000001,1000000,1250000
24.06.2021 00:19:25.936,0.9186799999999999,0.9186000000000001,1000000,1250000
24.06.2021 00:19:37.663,0.91866,0.91858,1000000,1009999.9905
24.06.2021 00:19:37.815,0.91866,0.91856,1000000,1009999.9905
24.06.2021 00:19:37.967,0.91863,0.91851,4010000.2289,2569999.9332
24.06.2021 00:19:38.068,0.91858,0.9185000000000001,1000000,1789999.9619
24.06.2021 00:19:38.170,0.9185700000000001,0.9185000000000001,1000000,1009999.9905
24.06.2021 00:19:40.335,0.9185700000000001,0.91849,1000000,1000000
24.06.2021 00:19:41.192,0.9185500000000001,0.91845,1570000.0525,2509999.9905
24.06.2021 00:19:41.294,0.91854,0.91846,1000000,1250000
24.06.2021 00:19:41.497,0.9185500000000001,0.91846,1000000,1389999.9857
24.06.2021 00:19:43.920,0.9185500000000001,0.91846,1000000,1409999.9666
24.06.2021 00:19:46.564,0.9185700000000001,0.91846,1000000,1009999.9905
24.06.2021 00:19:48.223,0.91856,0.9184700000000001,1000000,2039999.9619
24.06.2021 00:19:48.340,0.91858,0.9184700000000001,1000000,1350000.0238
24.06.2021 00:20:18.055,0.91858,0.91849,1000000,1820000.0525
24.06.2021 00:20:23.574,0.91858,0.91848,1000000,2569999.9332
24.06.2021 00:20:32.641,0.9185700000000001,0.91848,1500000,1250000
24.06.2021 00:20:32.692,0.9185700000000001,0.9184700000000001,1500000,1690000.0572
24.06.2021 00:20:32.743,0.9185500000000001,0.91846,1000000,2789999.9619
24.06.2021 00:20:32.794,0.91854,0.91843,1500000,1100000.0238
24.06.2021 00:20:35.347,0.91854,0.91844,1500000,1759999.9905
24.06.2021 00:20:36.798,0.91854,0.91845,1500000,1000000
24.06.2021 00:20:36.900,0.9185500000000001,0.91846,1500000,1309999.9428
24.06.2021 00:20:45.999,0.91853,0.91845,1000000,1690000.0572
24.06.2021 00:20:46.101,0.91854,0.91844,1500000,3509999.9905
24.06.2021 00:20:46.354,0.91853,0.91844,1000000,1009999.9905
24.06.2021 00:20:47.172,0.9185000000000001,0.9184200000000001,1000000,1000000
24.06.2021 00:20:47.274,0.91849,0.9184200000000001,1000000,1000000
24.06.2021 00:20:50.720,0.9185200000000001,0.91843,1000000,1250000
24.06.2021 00:20:50.821,0.91853,0.91845,1000000,1250000
24.06.2021 00:20:50.922,0.9185500000000001,0.91844,1000000,1250000
24.06.2021 00:20:57.917,0.9185500000000001,0.91846,1000000,1250000
24.06.2021 00:20:58.019,0.91856,0.91846,1000000,2869999.8856
24.06.2021 00:20:58.171,0.9185500000000001,0.91846,1000000,2569999.9332
24.06.2021 00:20:58.272,0.9185500000000001,0.91846,1000000,1690000.0572
24.06.2021 00:20:58.374,0.91856,0.91846,1000000,2140000.1049
24.06.2021 00:20:58.475,0.9185500000000001,0.91846,1000000,1690000.0572
24.06.2021 00:20:58.678,0.9185500000000001,0.91846,1000000,3140000.1049
24.06.2021 00:20:59.273,0.9185500000000001,0.91846,1000000,2140000.1049
24.06.2021 00:20:59.424,0.91854,0.91846,1000000,1000000
24.06.2021 00:20:59.526,0.9185500000000001,0.91846,1500000,1000000
24.06.2021 00:21:02.632,0.91854,0.91846,1000000,1250000
24.06.2021 00:21:02.733,0.9185500000000001,0.91846,1500000,1009999.9905
24.06.2021 00:21:05.014,0.91856,0.91845,1000000,2009999.9905
24.06.2021 00:21:05.130,0.91856,0.91846,1000000,2759999.9905
24.06.2021 00:21:06.326,0.91858,0.91845,1500000,3539999.9619
24.06.2021 00:21:06.428,0.9185700000000001,0.91848,1500000,1009999.9905
24.06.2021 00:21:06.681,0.91858,0.91848,1000000,2509999.9905
24.06.2021 00:21:06.832,0.9185700000000001,0.91848,1000000,1759999.9905
24.06.2021 00:21:08.813,0.91858,0.91848,1000000,1759999.9905
24.06.2021 00:21:11.720,0.91859,0.91848,1000000,1000000
24.06.2021 00:21:14.516,0.9185700000000001,0.91849,1000000,1000000
24.06.2021 00:21:17.952,0.91858,0.91849,1000000,1000000
24.06.2021 00:21:18.452,0.9185700000000001,0.91849,1000000,1000000
24.06.2021 00:21:20.408,0.91858,0.91849,1000000,1000000
24.06.2021 00:21:20.510,0.9185700000000001,0.91849,1000000,1000000
24.06.2021 00:21:23.114,0.91856,0.91846,1500000,2509999.9905
24.06.2021 00:21:23.225,0.9185500000000001,0.91846,1000000,1759999.9905
24.06.2021 00:21:23.487,0.91854,0.91845,1000000,1759999.9905
24.06.2021 00:21:28.089,0.91856,0.9184700000000001,1000000,1250000
24.06.2021 00:21:28.191,0.91856,0.9184700000000001,1000000,2759999.9905
24.06.2021 00:21:30.179,0.9185700000000001,0.9184700000000001,1500000,2569999.9332
24.06.2021 00:21:30.281,0.91858,0.91849,1000000,1250000
24.06.2021 00:21:30.686,0.91859,0.9184700000000001,1500000,1759999.9905
24.06.2021 00:21:30.876,0.91858,0.91848,1500000,2569999.9332
24.06.2021 00:21:31.785,0.91858,0.91848,1500000,1759999.9905
24.06.2021 00:21:32.044,0.91858,0.91848,1500000,2569999.9332
24.06.2021 00:21:33.036,0.91858,0.91848,1500000,1759999.9905
24.06.2021 00:21:33.176,0.91858,0.91848,1500000,2569999.9332
24.06.2021 00:21:41.310,0.9185700000000001,0.91848,1000000,1690000.0572
24.06.2021 00:21:41.411,0.91856,0.91848,1000000,1250000
24.06.2021 00:21:41.513,0.91856,0.9184700000000001,1000000,1690000.0572
24.06.2021 00:21:48.841,0.9185700000000001,0.9184700000000001,1500000,2759999.9905
24.06.2021 00:21:52.290,0.91858,0.91848,2250000,1009999.9905
24.06.2021 00:21:55.803,0.9185700000000001,0.9184700000000001,1000000,2690000.0572
24.06.2021 00:21:56.311,0.9185700000000001,0.9184700000000001,1000000,1690000.0572
24.06.2021 00:21:56.614,0.9185700000000001,0.9184700000000001,1000000,2789999.9619
24.06.2021 00:22:00.664,0.9185700000000001,0.9184700000000001,1000000,3539999.9619
24.06.2021 00:22:16.276,0.9185700000000001,0.9184700000000001,1000000,2440000.0572
24.06.2021 00:22:16.377,0.91856,0.9184700000000001,1000000,1759999.9905
24.06.2021 00:22:17.190,0.91856,0.9184700000000001,1000000,1789999.9619
24.06.2021 00:22:20.926,0.91858,0.91848,1500000,2789999.9619
24.06.2021 00:22:21.027,0.9185700000000001,0.91848,1000000,2789999.9619
24.06.2021 00:22:21.693,0.9185700000000001,0.91848,1000000,1759999.9905
24.06.2021 00:22:21.996,0.91856,0.91848,1000000,1759999.9905
24.06.2021 00:22:27.357,0.91858,0.91848,1500000,1789999.9619
24.06.2021 00:22:27.512,0.9185700000000001,0.91848,1500000,1009999.9905
24.06.2021 00:22:27.866,0.91856,0.91848,1000000,1009999.9905
24.06.2021 00:22:35.428,0.9185700000000001,0.91848,1500000,1009999.9905
24.06.2021 00:22:35.529,0.9185700000000001,0.91848,1000000,1350000.0238
24.06.2021 00:22:40.379,0.91858,0.91848,1500000,1350000.0238
24.06.2021 00:22:53.863,0.91858,0.91848,1500000,1009999.9905
24.06.2021 00:22:59.235,0.9185700000000001,0.91848,1000000,1250000
24.06.2021 00:22:59.336,0.91856,0.91846,1500000,1259999.9905
24.06.2021 00:22:59.438,0.9185700000000001,0.91845,1000000,1690000.0572
24.06.2021 00:22:59.539,0.91856,0.91846,1500000,1500000
24.06.2021 00:22:59.640,0.9185500000000001,0.91845,1000000,3809999.9428
24.06.2021 00:23:00.284,0.9185500000000001,0.91845,1000000,2809999.9428
24.06.2021 00:23:00.385,0.91854,0.91845,1000000,2059999.9428
24.06.2021 00:23:00.638,0.9185500000000001,0.91845,1000000,3819999.9332
24.06.2021 00:23:01.491,0.9185500000000001,0.91845,1000000,2619999.8856
24.06.2021 00:23:04.374,0.91854,0.91845,1000000,1870000.0048
24.06.2021 00:23:15.251,0.91856,0.91845,1500000,3619999.8856
24.06.2021 00:23:15.403,0.91856,0.91846,1000000,1750000
24.06.2021 00:23:15.504,0.91856,0.91846,1000000,1250000
24.06.2021 00:23:15.605,0.9185500000000001,0.91845,1000000,1690000.0572
24.06.2021 00:23:15.706,0.91854,0.91845,1000000,1250000
24.06.2021 00:23:16.780,0.9185500000000001,0.91843,1500000,1690000.0572
24.06.2021 00:23:18.409,0.9185500000000001,0.91845,1000000,4469999.7902
24.06.2021 00:23:18.511,0.91856,0.9184700000000001,1000000,1100000.0238
24.06.2021 00:23:18.613,0.9185700000000001,0.9184700000000001,1500000,1250000
24.06.2021 00:23:19.356,0.91856,0.91846,1000000,2140000.1049
24.06.2021 00:23:19.458,0.91856,0.91846,1000000,2200000.0477
24.06.2021 00:23:20.071,0.91856,0.91846,1000000,2140000.1049
24.06.2021 00:23:20.173,0.91856,0.91846,1000000,2200000.0477
24.06.2021 00:23:20.690,0.91856,0.91846,1000000,2140000.1049
24.06.2021 00:23:20.792,0.91856,0.91846,1000000,2200000.0477
24.06.2021 00:23:21.045,0.91856,0.91846,1000000,2140000.1049
24.06.2021 00:23:21.157,0.9185700000000001,0.91845,1000000,2200000.0477
24.06.2021 00:23:22.532,0.91856,0.91846,1000000,2140000.1049
24.06.2021 00:23:22.634,0.91856,0.91846,1000000,2200000.0477
24.06.2021 00:23:25.500,0.91856,0.91846,1000000,2890000.1049
24.06.2021 00:23:26.340,0.91856,0.91846,1000000,2950000.0477
24.06.2021 00:23:27.376,0.9185700000000001,0.9184700000000001,1000000,2789999.9619
24.06.2021 00:23:27.789,0.91858,0.91848,1000000,1350000.0238
24.06.2021 00:23:38.042,0.9185700000000001,0.91848,1000000,1350000.0238
24.06.2021 00:23:41.172,0.91858,0.91848,1000000,1350000.0238
24.06.2021 00:23:47.381,0.9185700000000001,0.91848,1000000,2160000.0858
24.06.2021 00:23:47.488,0.91858,0.91848,1000000,1350000.0238
24.06.2021 00:23:47.610,0.9185700000000001,0.9184700000000001,1000000,3349999.9046
24.06.2021 00:24:09.361,0.91858,0.9184700000000001,1500000,3910000.0858
24.06.2021 00:24:20.312,0.91856,0.91845,1000000,1409999.9666
24.06.2021 00:24:20.413,0.9185500000000001,0.91845,1000000,2599999.9046
24.06.2021 00:24:20.464,0.91854,0.91845,1000000,1009999.9905
24.06.2021 00:24:26.648,0.9185500000000001,0.91846,1000000,1009999.9905
24.06.2021 00:24:26.749,0.9185500000000001,0.91846,1000000,1350000.0238
24.06.2021 00:24:33.369,0.9185500000000001,0.9184700000000001,1000000,1350000.0238
24.06.2021 00:24:33.420,0.9185700000000001,0.9184700000000001,1500000,2200000.0477
24.06.2021 00:24:34.443,0.9185500000000001,0.91846,1000000,1820000.0525
24.06.2021 00:24:34.545,0.91856,0.91845,1000000,1009999.9905
24.06.2021 00:24:34.664,0.9185200000000001,0.91844,1000000,2039999.9619
24.06.2021 00:24:40.332,0.91854,0.91844,1000000,2410000.0858
24.06.2021 00:24:40.485,0.9185500000000001,0.91844,1000000,1350000.0238
24.06.2021 00:24:40.840,0.91854,0.91844,1500000,2059999.9428
24.06.2021 00:24:46.405,0.9185500000000001,0.91845,1500000,1450000.0477
24.06.2021 00:24:47.808,0.91856,0.91846,1000000,2539999.9619
24.06.2021 00:24:50.332,0.91856,0.91846,1000000,2970000.0286
24.06.2021 00:24:58.040,0.9185700000000001,0.9184700000000001,1500000,1850000.0238
24.06.2021 00:24:58.447,0.9185700000000001,0.9184700000000001,1000000,3720000.0286
24.06.2021 00:25:02.978,0.9185700000000001,0.9184700000000001,1000000,2539999.9619
24.06.2021 00:25:03.080,0.91856,0.9184700000000001,1000000,1009999.9905
24.06.2021 00:25:03.182,0.91854,0.91845,1000000,1570000.0525
24.06.2021 00:25:13.031,0.9185500000000001,0.91845,1120000.0048,4909999.8474
24.06.2021 00:25:13.133,0.9185700000000001,0.91848,1000000,1009999.9905
24.06.2021 00:25:13.335,0.91858,0.91848,1500000,1759999.9905
24.06.2021 00:25:13.386,0.9185700000000001,0.91848,1000000,1789999.9619
24.06.2021 00:25:13.487,0.9185700000000001,0.91848,1000000,2599999.9046
24.06.2021 00:25:20.885,0.9185500000000001,0.91844,1500000,2220000.0286
24.06.2021 00:25:20.986,0.9185500000000001,0.91846,1000000,1789999.9619
24.06.2021 00:25:21.138,0.91856,0.9184700000000001,1500000,1350000.0238
24.06.2021 00:25:21.353,0.91856,0.9184700000000001,1500000,1350000.0238
24.06.2021 00:25:21.404,0.91858,0.91849,1000000,1350000.0238
24.06.2021 00:25:21.505,0.91858,0.91849,1000000,1009999.9905
24.06.2021 00:25:26.195,0.9185700000000001,0.91848,1000000,1350000.0238
24.06.2021 00:25:26.296,0.9185700000000001,0.91848,1000000,1000000
24.06.2021 00:25:26.398,0.91858,0.91845,1500000,3910000.0858
24.06.2021 00:25:26.650,0.91858,0.91846,1500000,1250000
24.06.2021 00:25:26.802,0.91858,0.91846,1500000,1000000
24.06.2021 00:25:26.954,0.9185700000000001,0.9184700000000001,1500000,1750000
24.06.2021 00:25:27.125,0.9185700000000001,0.9184700000000001,1500000,1000000
24.06.2021 00:25:28.506,0.9185700000000001,0.9184700000000001,1500000,1250000
24.06.2021 00:25:29.775,0.9185700000000001,0.9184700000000001,1500000,1000000
24.06.2021 00:25:31.567,0.9185700000000001,0.9184700000000001,1500000,1750000
24.06.2021 00:25:31.669,0.91858,0.91846,1500000,1000000
24.06.2021 00:25:31.770,0.9185700000000001,0.9184700000000001,1500000,1750000
24.06.2021 00:25:31.877,0.91858,0.91848,1000000,3349999.9046
24.06.2021 00:25:39.556,0.9185700000000001,0.91848,1000000,1250000
24.06.2021 00:25:39.660,0.91856,0.91848,1000000,1250000
24.06.2021 00:25:44.602,0.9185500000000001,0.91845,1500000,2539999.9619
24.06.2021 00:25:44.754,0.91854,0.91844,1000000,2539999.9619
24.06.2021 00:25:44.856,0.91854,0.91844,1000000,2440000.0572
24.06.2021 00:25:46.483,0.9185500000000001,0.91846,1000000,1500000
24.06.2021 00:25:46.584,0.9185500000000001,0.9184700000000001,1000000,1009999.9905
24.06.2021 00:25:46.686,0.91856,0.9184700000000001,1500000,1009999.9905
24.06.2021 00:25:47.121,0.9185500000000001,0.91845,1500000,2569999.9332
24.06.2021 00:25:47.222,0.9185500000000001,0.91845,1500000,2509999.9905
24.06.2021 00:25:52.910,0.91854,0.91845,1000000,1000000
24.06.2021 00:25:55.257,0.9185500000000001,0.91846,1000000,1009999.9905
24.06.2021 00:25:58.522,0.9185500000000001,0.91845,1500000,1100000.0238
24.06.2021 00:26:02.068,0.91856,0.9184700000000001,1500000,1100000.0238
24.06.2021 00:26:02.172,0.9185500000000001,0.91846,1500000,1000000
24.06.2021 00:26:07.434,0.91854,0.91846,1000000,1000000
24.06.2021 00:26:09.335,0.9185500000000001,0.91846,1500000,1000000
24.06.2021 00:26:11.870,0.91856,0.91846,2619999.8856,1600000.0238
24.06.2021 00:26:12.072,0.9185700000000001,0.9184700000000001,1570000.0525,1009999.9905
24.06.2021 00:26:16.243,0.91856,0.9184700000000001,1000000,1009999.9905
24.06.2021 00:26:16.472,0.9185700000000001,0.9184700000000001,1570000.0525,1009999.9905
24.06.2021 00:26:18.605,0.91856,0.9184700000000001,1000000,1009999.9905
24.06.2021 00:26:18.707,0.9185500000000001,0.91846,1000000,1570000.0525
24.06.2021 00:26:18.808,0.91856,0.91846,1870000.0048,2539999.9619
24.06.2021 00:26:25.343,0.9185700000000001,0.91848,1000000,1009999.9905
24.06.2021 00:26:25.445,0.91858,0.91848,1500000,1789999.9619
24.06.2021 00:27:08.016,0.91859,0.9185000000000001,1100000.0238,1250000
24.06.2021 00:27:13.126,0.91858,0.91849,1000000,1350000.0238
24.06.2021 00:27:19.114,0.91859,0.91849,1570000.0525,1350000.0238
24.06.2021 00:27:19.780,0.91858,0.91849,1000000,1350000.0238
24.06.2021 00:27:22.858,0.91859,0.91849,1570000.0525,1350000.0238
24.06.2021 00:27:26.596,0.9186000000000001,0.9185000000000001,2700000.0477,1009999.9905
24.06.2021 00:27:26.697,0.9186200000000001,0.91853,1120000.0048,1570000.0525
24.06.2021 00:27:26.799,0.91864,0.9185200000000001,1100000.0238,2890000.1049
24.06.2021 00:27:31.397,0.91863,0.91853,1500000,1350000.0238
24.06.2021 00:27:53.351,0.91863,0.91853,1000000,1000000
24.06.2021 00:27:57.252,0.91864,0.91853,1500000,3509999.9905
24.06.2021 00:27:57.419,0.9186500000000001,0.9185500000000001,1500000,1100000.0238
24.06.2021 00:27:57.811,0.9186500000000001,0.9185500000000001,1500000,1350000.0238
24.06.2021 00:28:01.577,0.9186500000000001,0.9185500000000001,1000000,1759999.9905
24.06.2021 00:28:12.216,0.91864,0.91853,1500000,3539999.9619
24.06.2021 00:28:12.317,0.91864,0.91853,1570000.0525,1690000.0572
24.06.2021 00:28:12.419,0.91863,0.91853,1500000,1250000
24.06.2021 00:28:13.486,0.91863,0.91853,1500000,1350000.0238
24.06.2021 00:28:13.588,0.91863,0.91853,1500000,1759999.9905
24.06.2021 00:28:13.689,0.91863,0.91853,1500000,1820000.0525
24.06.2021 00:28:14.385,0.91863,0.91853,1500000,1690000.0572
24.06.2021 00:28:14.486,0.91863,0.91853,1500000,1820000.0525
24.06.2021 00:28:14.638,0.91863,0.91853,1870000.0048,1690000.0572
24.06.2021 00:28:14.739,0.91863,0.91853,1870000.0048,1820000.0525
24.06.2021 00:28:15.201,0.91863,0.91853,1870000.0048,1759999.9905
24.06.2021 00:28:15.569,0.91863,0.91853,1870000.0048,1820000.0525
24.06.2021 00:28:15.671,0.91863,0.91853,1500000,1759999.9905
24.06.2021 00:28:15.773,0.91863,0.91853,1500000,1820000.0525
24.06.2021 00:28:15.874,0.91863,0.91853,1500000,1759999.9905
24.06.2021 00:28:15.975,0.91863,0.91853,1500000,1820000.0525
24.06.2021 00:28:16.671,0.91863,0.91853,1500000,1759999.9905
24.06.2021 00:28:16.806,0.91863,0.91853,1500000,1820000.0525
24.06.2021 00:28:16.974,0.91863,0.91853,1500000,1759999.9905
24.06.2021 00:28:17.076,0.91863,0.91853,1500000,1820000.0525
24.06.2021 00:28:17.410,0.91864,0.9185200000000001,1500000,1759999.9905
24.06.2021 00:28:17.519,0.91863,0.91853,1500000,1820000.0525
24.06.2021 00:28:18.703,0.91864,0.91854,1500000,1759999.9905
24.06.2021 00:28:18.805,0.9186500000000001,0.9185500000000001,1500000,1690000.0572
24.06.2021 00:28:18.906,0.9186500000000001,0.91856,1500000,1100000.0238
24.06.2021 00:28:19.323,0.91864,0.9185500000000001,1000000,1570000.0525
24.06.2021 00:28:19.424,0.91864,0.91854,1500000,1009999.9905
24.06.2021 00:28:19.475,0.9186200000000001,0.91854,1000000,1100000.0238
24.06.2021 00:28:22.011,0.91864,0.91854,1500000,1009999.9905
24.06.2021 00:28:22.979,0.9186500000000001,0.9185500000000001,1500000,1759999.9905
24.06.2021 00:28:23.080,0.9186500000000001,0.9185500000000001,1000000,2910000.0858
24.06.2021 00:28:23.282,0.91866,0.91856,2250000,1789999.9619
24.06.2021 00:28:28.157,0.9186799999999999,0.91859,1000000,1000000
24.06.2021 00:28:28.258,0.9186799999999999,0.91859,1000000,1350000.0238
24.06.2021 00:28:28.360,0.91869,0.91859,2250000,1789999.9619
24.06.2021 00:28:29.586,0.9186799999999999,0.91859,1500000,1100000.0238
24.06.2021 00:28:29.865,0.9186799999999999,0.91858,2319999.9332,1009999.9905
24.06.2021 00:28:36.855,0.9186799999999999,0.91858,2539999.9619,1000000
24.06.2021 00:28:41.594,0.91869,0.9185700000000001,2509999.9905,1100000.0238
24.06.2021 00:28:41.917,0.9186799999999999,0.9186000000000001,1759999.9905,1000000
24.06.2021 00:28:42.658,0.9186799999999999,0.91859,2140000.1049,1000000
24.06.2021 00:28:43.609,0.9186799999999999,0.91859,2259999.9905,1000000
24.06.2021 00:28:49.393,0.9186799999999999,0.9186000000000001,1570000.0525,1000000
24.06.2021 00:28:52.796,0.91866,0.91858,1100000.0238,1000000
24.06.2021 00:28:52.897,0.91864,0.91856,1120000.0048,1000000
24.06.2021 00:28:56.083,0.91863,0.91856,1000000,1000000
24.06.2021 00:29:00.049,0.91864,0.9185700000000001,1000000,1000000
24.06.2021 00:29:00.150,0.91866,0.9185700000000001,1870000.0048,1000000
24.06.2021 00:29:01.280,0.91866,0.91858,1500000,1000000
24.06.2021 00:29:07.065,0.9186700000000001,0.91859,1500000,1000000
24.06.2021 00:29:07.955,0.9186799999999999,0.91861,1500000,1000000
24.06.2021 00:29:08.459,0.9186799999999999,0.9186000000000001,1570000.0525,1000000
24.06.2021 00:29:16.862,0.9186700000000001,0.9186000000000001,1000000,1000000
24.06.2021 00:29:22.587,0.9186700000000001,0.91859,1000000,1000000
24.06.2021 00:29:22.739,0.91864,0.9185700000000001,1120000.0048,1000000
24.06.2021 00:29:22.840,0.91864,0.91856,1120000.0048,1000000
24.06.2021 00:29:26.521,0.9186500000000001,0.91858,1000000,1000000
24.06.2021 00:29:26.622,0.9186700000000001,0.91858,1500000,1000000
24.06.2021 00:29:26.672,0.9186500000000001,0.91858,1000000,1000000
24.06.2021 00:29:29.563,0.9186500000000001,0.9185700000000001,1000000,1000000
24.06.2021 00:29:29.664,0.91864,0.9185700000000001,1000000,1000000
24.06.2021 00:29:34.282,0.91866,0.9185700000000001,1500000,1000000
24.06.2021 00:30:02.621,0.91864,0.9185700000000001,1000000,1000000
24.06.2021 00:30:02.824,0.91861,0.91853,1000000,2250000
24.06.2021 00:30:03.506,0.9186200000000001,0.91853,2700000.0477,1690000.0572
24.06.2021 00:30:03.709,0.9186200000000001,0.91854,2319999.9332,1000000
24.06.2021 00:30:06.201,0.91861,0.91854,1000000,1000000
24.06.2021 00:30:07.807,0.91861,0.91853,1000000,1500000
24.06.2021 00:30:08.154,0.9186200000000001,0.91853,2319999.9332,1500000
24.06.2021 00:30:08.309,0.9186200000000001,0.91854,1000000,1000000
24.06.2021 00:30:08.735,0.91863,0.91854,1100000.0238,1000000
24.06.2021 00:30:11.163,0.91863,0.9185500000000001,1570000.0525,1000000
24.06.2021 00:30:18.421,0.9186500000000001,0.9185500000000001,1000000,1500000
24.06.2021 00:30:18.523,0.9186500000000001,0.9185700000000001,1500000,1000000
24.06.2021 00:30:20.804,0.91866,0.9185700000000001,1500000,1000000
24.06.2021 00:30:25.699,0.91866,0.91858,1500000,1000000
24.06.2021 00:30:28.773,0.9186799999999999,0.91861,1000000,1000000
24.06.2021 00:30:28.874,0.91871,0.91863,1309999.9428,1000000
24.06.2021 00:30:28.976,0.9187200000000001,0.91863,1570000.0525,1000000
24.06.2021 00:30:29.128,0.9187200000000001,0.91863,1970000.0286,1000000
24.06.2021 00:30:29.865,0.9187200000000001,0.91863,1950000.0477,1000000
24.06.2021 00:30:31.867,0.9187200000000001,0.9186200000000001,1000000,1000000
24.06.2021 00:30:32.962,0.91871,0.9186200000000001,1000000,1009999.9905
24.06.2021 00:30:44.149,0.9187299999999999,0.91864,1570000.0525,1000000
24.06.2021 00:30:45.829,0.9187200000000001,0.91861,1000000,1570000.0525
24.06.2021 00:30:50.963,0.91871,0.91863,1000000,1000000
24.06.2021 00:31:16.386,0.9187299999999999,0.91864,1500000,1100000.0238
24.06.2021 00:31:17.060,0.9187299999999999,0.91863,1570000.0525,2509999.9905
24.06.2021 00:31:17.161,0.9187299999999999,0.91863,1500000,2539999.9619
24.06.2021 00:31:19.434,0.91874,0.91864,1570000.0525,2319999.9332
24.06.2021 00:31:19.825,0.91874,0.91866,1500000,1000000
24.06.2021 00:31:19.977,0.9187500000000001,0.91866,1500000,1009999.9905
24.06.2021 00:31:28.810,0.91874,0.91866,1000000,1000000
24.06.2021 00:31:28.911,0.9187500000000001,0.91864,1570000.0525,1000000
24.06.2021 00:31:33.005,0.91874,0.91866,1500000,1000000
24.06.2021 00:31:35.725,0.91874,0.9186500000000001,1500000,1000000
24.06.2021 00:32:01.468,0.91874,0.91866,1000000,1000000
24.06.2021 00:32:02.086,0.9187299999999999,0.9186500000000001,1000000,1000000
24.06.2021 00:32:02.696,0.91874,0.9186500000000001,1500000,1000000
24.06.2021 00:32:02.942,0.91874,0.9186500000000001,2000000,1000000
24.06.2021 00:32:03.647,0.91874,0.9186500000000001,1500000,1000000
24.06.2021 00:32:07.870,0.91874,0.9186500000000001,2000000,1000000
24.06.2021 00:32:08.123,0.9187200000000001,0.91864,1100000.0238,1000000
24.06.2021 00:32:08.224,0.9187200000000001,0.91863,1100000.0238,1000000
24.06.2021 00:32:08.484,0.91874,0.91863,1509999.9905,1500000
24.06.2021 00:32:08.585,0.91874,0.91864,2319999.9332,2319999.9332
24.06.2021 00:32:08.687,0.91874,0.91864,2539999.9619,2250000
24.06.2021 00:32:13.238,0.91874,0.91864,2509999.9905,2319999.9332
24.06.2021 00:32:20.250,0.91871,0.9186200000000001,1500000,1100000.0238
24.06.2021 00:32:23.492,0.9187000000000001,0.9186200000000001,1100000.0238,1000000
24.06.2021 00:32:23.593,0.9187000000000001,0.91861,1570000.0525,1500000
24.06.2021 00:32:23.845,0.91869,0.91861,1000000,1500000
24.06.2021 00:32:23.946,0.9187000000000001,0.91861,1570000.0525,1500000
24.06.2021 00:32:25.354,0.9187000000000001,0.9186200000000001,1000000,1000000
24.06.2021 00:32:25.901,0.9187000000000001,0.91861,1500000,1759999.9905
24.06.2021 00:32:30.001,0.91869,0.91861,1200000.0477,1000000
24.06.2021 00:32:30.102,0.9186799999999999,0.9185700000000001,1000000,2509999.9905
24.06.2021 00:32:30.204,0.91864,0.9185500000000001,1500000,1570000.0525
24.06.2021 00:32:30.306,0.91864,0.91853,1570000.0525,2250000
24.06.2021 00:32:32.055,0.9186200000000001,0.91854,1000000,1500000
24.06.2021 00:33:07.345,0.9186200000000001,0.91853,2319999.9332,1690000.0572
24.06.2021 00:33:08.044,0.9186200000000001,0.91853,2250000,2569999.9332
24.06.2021 00:33:27.055,0.91863,0.9185500000000001,1000000,1000000
24.06.2021 00:33:27.106,0.91866,0.91856,2250000,1759999.9905
24.06.2021 00:33:45.760,0.9186500000000001,0.91856,1000000,1009999.9905
24.06.2021 00:33:47.548,0.91864,0.9185500000000001,1000000,1570000.0525
24.06.2021 00:33:52.880,0.9186500000000001,0.9185500000000001,1000000,2789999.9619
24.06.2021 00:33:53.941,0.91866,0.91856,1000000,1759999.9905
24.06.2021 00:33:56.362,0.91866,0.91856,1100000.0238,2500000
24.06.2021 00:33:56.464,0.91866,0.91856,1100000.0238,1690000.0572
24.06.2021 00:33:56.605,0.9186700000000001,0.9185500000000001,1100000.0238,2500000
24.06.2021 00:33:57.257,0.91866,0.91856,1100000.0238,1690000.0572
24.06.2021 00:33:57.382,0.91866,0.91856,1909999.9666,1500000
24.06.2021 00:33:57.492,0.9186500000000001,0.9185500000000001,1200000.0477,1500000
24.06.2021 00:33:57.602,0.91864,0.9185500000000001,1000000,1000000
24.06.2021 00:33:59.382,0.91864,0.91856,1000000,1000000
24.06.2021 00:33:59.707,0.9186500000000001,0.91854,1000000,1000000
24.06.2021 00:34:00.292,0.91864,0.91856,1000000,1000000
24.06.2021 00:34:01.441,0.9186500000000001,0.91856,1000000,1000000
24.06.2021 00:34:03.868,0.9186500000000001,0.9185500000000001,1000000,1690000.0572
24.06.2021 00:34:04.004,0.91864,0.9185500000000001,1000000,1000000
24.06.2021 00:34:21.924,0.9186500000000001,0.91856,1120000.0048,1000000
24.06.2021 00:34:28.647,0.91866,0.9185700000000001,1000000,1000000
24.06.2021 00:34:45.735,0.91866,0.9185700000000001,1000000,2569999.9332
24.06.2021 00:34:46.241,0.9186799999999999,0.9185700000000001,1000000,1009999.9905
24.06.2021 00:35:04.629,0.91866,0.91858,1000000,1000000
24.06.2021 00:35:08.802,0.9186700000000001,0.91858,1000000,1570000.0525
24.06.2021 00:35:15.426,0.9186799999999999,0.91859,1120000.0048,1000000
24.06.2021 00:35:16.474,0.9186700000000001,0.91859,1000000,1000000
24.06.2021 00:35:17.150,0.9187000000000001,0.91863,1000000,1250000
24.06.2021 00:35:17.201,0.91874,0.9186200000000001,3069999.9332,1690000.0572
24.06.2021 00:35:17.302,0.9187299999999999,0.91864,1000000,1500000
24.06.2021 00:35:17.555,0.9187299999999999,0.91864,1000000,1789999.9619
24.06.2021 00:35:21.171,0.91874,0.9186500000000001,1000000,1570000.0525
24.06.2021 00:35:22.639,0.9187299999999999,0.9186500000000001,1000000,1500000
24.06.2021 00:35:25.011,0.91874,0.9186500000000001,1000000,1500000
24.06.2021 00:35:36.884,0.91874,0.91866,1500000,1000000
24.06.2021 00:36:18.631,0.91874,0.91866,2000000,1000000
24.06.2021 00:36:19.115,0.91874,0.91866,1500000,1000000
24.06.2021 00:36:19.359,0.91874,0.91864,1500000,1000000
24.06.2021 00:36:19.460,0.9187299999999999,0.9186500000000001,1120000.0048,1000000
24.06.2021 00:36:22.565,0.9187299999999999,0.9186500000000001,1500000,1000000
24.06.2021 00:36:23.154,0.91874,0.91864,1120000.0048,1000000
24.06.2021 00:36:36.684,0.91874,0.9186500000000001,1500000,1500000
24.06.2021 00:36:37.259,0.91874,0.91866,1000000,1000000
24.06.2021 00:36:38.128,0.9187500000000001,0.91866,1500000,1000000
24.06.2021 00:37:11.436,0.91874,0.91866,1120000.0048,1000000
24.06.2021 00:37:11.545,0.91874,0.91866,1500000,1000000
24.06.2021 00:37:11.646,0.91874,0.91866,1120000.0048,1000000
24.06.2021 00:37:11.747,0.91874,0.91866,1500000,1000000
24.06.2021 00:37:18.724,0.91874,0.91866,1000000,1000000
24.06.2021 00:37:18.912,0.91874,0.91866,1500000,1000000
24.06.2021 00:37:19.226,0.9187500000000001,0.9186500000000001,1120000.0048,1000000
24.06.2021 00:37:19.328,0.9187299999999999,0.91866,1000000,1000000
24.06.2021 00:37:26.285,0.91874,0.91866,1000000,1000000
24.06.2021 00:37:26.395,0.91874,0.9186500000000001,1570000.0525,1000000
24.06.2021 00:37:26.496,0.9187500000000001,0.91864,2259999.9905,1000000
24.06.2021 00:37:28.639,0.9187500000000001,0.91864,2069999.9332,1000000
24.06.2021 00:37:28.791,0.9187500000000001,0.91864,1500000,1100000.0238
24.06.2021 00:37:28.893,0.91874,0.91866,1000000,1000000
24.06.2021 00:37:28.994,0.9187600000000001,0.9186500000000001,1120000.0048,1500000
24.06.2021 00:37:37.098,0.9187500000000001,0.91866,1500000,1500000
24.06.2021 00:37:42.860,0.9187500000000001,0.91866,2069999.9332,1000000
24.06.2021 00:37:42.961,0.9187500000000001,0.91866,2069999.9332,1000000
24.06.2021 00:37:43.191,0.9187500000000001,0.91866,2069999.9332,1000000
24.06.2021 00:37:56.838,0.9187500000000001,0.91866,2069999.9332,1000000
24.06.2021 00:37:59.466,0.9187500000000001,0.91866,1950000.0477,1000000
24.06.2021 00:37:59.696,0.9187500000000001,0.91866,2069999.9332,1000000
24.06.2021 00:38:01.757,0.9187500000000001,0.91866,1950000.0477,1000000
24.06.2021 00:38:11.423,0.9187500000000001,0.91866,2069999.9332,1000000
24.06.2021 00:38:12.184,0.9187500000000001,0.91866,1950000.0477,1000000
24.06.2021 00:38:12.286,0.9187500000000001,0.91866,2069999.9332,1000000
24.06.2021 00:38:12.451,0.9187500000000001,0.91866,1950000.0477,1000000
24.06.2021 00:38:12.574,0.9187500000000001,0.91866,2069999.9332,1000000
24.06.2021 00:38:13.754,0.9187500000000001,0.91866,1950000.0477,1000000
24.06.2021 00:38:14.363,0.9187500000000001,0.91866,2069999.9332,1000000
24.06.2021 00:38:18.328,0.9187500000000001,0.91866,2069999.9332,1000000
24.06.2021 00:38:18.379,0.9187500000000001,0.91866,1950000.0477,1000000
24.06.2021 00:38:23.013,0.9187600000000001,0.9186500000000001,2069999.9332,1000000
24.06.2021 00:38:31.188,0.9187500000000001,0.91866,1570000.0525,1000000
24.06.2021 00:38:38.035,0.9187500000000001,0.91866,2000000,1000000
24.06.2021 00:38:38.856,0.9187500000000001,0.91866,1950000.0477,1000000
24.06.2021 00:38:39.831,0.9187500000000001,0.91866,2069999.9332,1000000
24.06.2021 00:38:39.940,0.9187500000000001,0.91866,1570000.0525,1000000
24.06.2021 00:38:48.160,0.9187700000000001,0.91871,1000000,1100000.0238
24.06.2021 00:38:48.211,0.9188000000000001,0.9187299999999999,1000000,1000000
24.06.2021 00:38:48.312,0.91884,0.91874,1870000.0048,1000000
24.06.2021 00:38:54.092,0.9188200000000001,0.9187500000000001,1000000,1000000
24.06.2021 00:38:54.193,0.9188299999999999,0.9187500000000001,1200000.0477,1000000
24.06.2021 00:38:54.496,0.9188299999999999,0.9187500000000001,1600000.0238,1000000
24.06.2021 00:38:54.597,0.9188000000000001,0.9187200000000001,1000000,2319999.9332
24.06.2021 00:38:58.841,0.9188200000000001,0.9187200000000001,1000000,1100000.0238
24.06.2021 00:39:04.186,0.9188299999999999,0.91874,1100000.0238,1000000
24.06.2021 00:39:04.288,0.91884,0.91874,1950000.0477,1570000.0525
24.06.2021 00:39:04.390,0.91884,0.9187500000000001,1000000,1100000.0238
24.06.2021 00:39:06.553,0.9188299999999999,0.9187500000000001,1000000,1000000
24.06.2021 00:39:06.704,0.9188299999999999,0.91874,1000000,1100000.0238
24.06.2021 00:39:06.805,0.9188299999999999,0.9187500000000001,1000000,1000000
24.06.2021 00:39:07.940,0.9188500000000001,0.91874,1570000.0525,1000000
24.06.2021 00:39:12.793,0.9188200000000001,0.9187299999999999,1000000,1100000.0238
24.06.2021 00:39:12.899,0.9188299999999999,0.9187299999999999,1950000.0477,1570000.0525
24.06.2021 00:39:19.066,0.9188299999999999,0.9187299999999999,2069999.9332,1570000.0525
24.06.2021 00:39:19.167,0.9188299999999999,0.9187299999999999,2069999.9332,1570000.0525
24.06.2021 00:39:19.274,0.9188299999999999,0.9187299999999999,2069999.9332,1570000.0525
24.06.2021 00:39:19.501,0.9188299999999999,0.9187299999999999,1950000.0477,1759999.9905
24.06.2021 00:39:19.613,0.9188299999999999,0.9187299999999999,2069999.9332,1759999.9905
24.06.2021 00:39:20.730,0.91884,0.9187200000000001,2069999.9332,1759999.9905
24.06.2021 00:39:21.564,0.9188200000000001,0.9187299999999999,1500000,1100000.0238
24.06.2021 00:39:24.816,0.9188200000000001,0.9187299999999999,1000000,1100000.0238
24.06.2021 00:39:25.346,0.9188100000000001,0.9187200000000001,1000000,2349999.9046
24.06.2021 00:39:25.397,0.9188100000000001,0.9187200000000001,1500000,1570000.0525
24.06.2021 00:39:26.382,0.9187799999999999,0.9187200000000001,1870000.0048,1000000
24.06.2021 00:39:26.433,0.9187700000000001,0.9186799999999999,1570000.0525,1000000
24.06.2021 00:39:26.484,0.9187600000000001,0.91866,1500000,2319999.9332
24.06.2021 00:39:26.585,0.9187600000000001,0.91866,2450000.0477,2250000
24.06.2021 00:39:26.796,0.9187600000000001,0.91866,2319999.9332,2250000
24.06.2021 00:39:26.897,0.9187500000000001,0.91866,1120000.0048,2250000
24.06.2021 00:39:27.970,0.9187700000000001,0.9186700000000001,1950000.0477,1500000
24.06.2021 00:39:28.072,0.9188000000000001,0.9186799999999999,1870000.0048,2319999.9332
24.06.2021 00:39:28.174,0.91879,0.9187000000000001,1000000,1100000.0238
24.06.2021 00:39:33.164,0.91879,0.91869,3470000.0286,1500000
24.06.2021 00:39:33.416,0.9187799999999999,0.9187000000000001,1000000,1000000
24.06.2021 00:39:33.517,0.91879,0.91871,1000000,1000000
24.06.2021 00:39:33.738,0.9188000000000001,0.91871,1570000.0525,1000000
24.06.2021 00:39:33.839,0.9188000000000001,0.9187000000000001,1570000.0525,1759999.9905
24.06.2021 00:39:48.694,0.9188000000000001,0.91869,1120000.0048,1000000
24.06.2021 00:39:48.816,0.91879,0.91869,1000000,2509999.9905
24.06.2021 00:40:09.687,0.9187799999999999,0.91869,1100000.0238,1500000
24.06.2021 00:40:09.788,0.9187799999999999,0.9186799999999999,2160000.0858,1500000
24.06.2021 00:40:09.889,0.9187600000000001,0.9186500000000001,2000000,2569999.9332
24.06.2021 00:40:09.991,0.9187799999999999,0.91869,2069999.9332,1000000
24.06.2021 00:40:10.092,0.9187799999999999,0.91869,1000000,1000000
24.06.2021 00:40:10.193,0.9188000000000001,0.9186799999999999,1000000,1789999.9619
24.06.2021 00:40:10.774,0.9188000000000001,0.9187000000000001,1100000.0238,1009999.9905
24.06.2021 00:40:12.107,0.9187799999999999,0.91869,1100000.0238,1000000
24.06.2021 00:40:12.209,0.9187799999999999,0.9186799999999999,1570000.0525,1759999.9905
24.06.2021 00:40:13.061,0.91879,0.91869,1500000,2160000.0858
24.06.2021 00:40:16.753,0.9187799999999999,0.9186799999999999,2700000.0477,1759999.9905
24.06.2021 00:40:16.855,0.9187700000000001,0.9186700000000001,1570000.0525,1100000.0238
24.06.2021 00:40:16.956,0.9187600000000001,0.91866,1500000,1000000
24.06.2021 00:40:17.058,0.9187600000000001,0.91866,2000000,1000000
24.06.2021 00:40:20.945,0.9187600000000001,0.9186500000000001,1600000.0238,1690000.0572
24.06.2021 00:40:21.312,0.9187500000000001,0.9186500000000001,1500000,1000000
24.06.2021 00:40:21.463,0.9187500000000001,0.9186500000000001,1120000.0048,1000000
24.06.2021 00:40:22.250,0.91874,0.91863,1000000,1100000.0238
24.06.2021 00:40:22.491,0.91874,0.91864,1120000.0048,1570000.0525
24.06.2021 00:40:26.944,0.9187299999999999,0.91864,1000000,1100000.0238
24.06.2021 00:40:33.013,0.9186799999999999,0.9186000000000001,1000000,2500000
24.06.2021 00:40:33.064,0.9186799999999999,0.91858,1000000,1789999.9619
24.06.2021 00:40:33.115,0.9186799999999999,0.9185700000000001,1570000.0525,1009999.9905
24.06.2021 00:40:33.217,0.9186700000000001,0.9185700000000001,1100000.0238,1000000
24.06.2021 00:40:41.237,0.9186700000000001,0.91859,1200000.0477,1000000
24.06.2021 00:40:41.441,0.9186700000000001,0.9185700000000001,1200000.0477,1000000
24.06.2021 00:40:43.838,0.9186500000000001,0.9185500000000001,1100000.0238,2319999.9332
24.06.2021 00:40:45.723,0.91866,0.91856,2000000,1250000
24.06.2021 00:40:45.824,0.91866,0.91856,1500000,1690000.0572
24.06.2021 00:40:45.925,0.91866,0.9185700000000001,1000000,1009999.9905
24.06.2021 00:40:54.103,0.91866,0.91856,1500000,1500000
24.06.2021 00:40:57.948,0.91866,0.91856,2000000,1500000
24.06.2021 00:41:03.189,0.9186500000000001,0.9185500000000001,1120000.0048,1100000.0238
24.06.2021 00:41:06.770,0.9186500000000001,0.9185500000000001,1000000,2319999.9332
24.06.2021 00:41:08.216,0.91866,0.9185500000000001,2750000,2509999.9905
24.06.2021 00:41:08.478,0.91866,0.9185500000000001,2250000,2509999.9905
24.06.2021 00:41:13.922,0.91866,0.9185500000000001,2000000,2509999.9905
24.06.2021 00:41:14.170,0.9186500000000001,0.9185500000000001,1500000,1690000.0572
24.06.2021 00:41:16.368,0.9186500000000001,0.9185500000000001,1000000,2440000.0572
24.06.2021 00:41:17.284,0.91866,0.91856,1120000.0048,1000000
24.06.2021 00:41:17.385,0.9186700000000001,0.9185700000000001,1500000,1000000
24.06.2021 00:41:18.679,0.9186700000000001,0.9185500000000001,1000000,1950000.0477
24.06.2021 00:41:18.781,0.9186700000000001,0.9185700000000001,1500000,1000000
24.06.2021 00:41:18.882,0.91866,0.91856,1000000,1950000.0477
24.06.2021 00:41:18.984,0.9186700000000001,0.9185700000000001,1500000,1000000
24.06.2021 00:41:21.545,0.9186500000000001,0.9185700000000001,1000000,1000000
24.06.2021 00:41:22.169,0.9186500000000001,0.91856,1200000.0477,1000000
24.06.2021 00:41:22.373,0.9186500000000001,0.91856,2069999.9332,1000000
24.06.2021 00:41:28.982,0.9186500000000001,0.91856,1600000.0238,1000000
24.06.2021 00:41:29.312,0.9186500000000001,0.91856,1200000.0477,1000000
24.06.2021 00:41:31.670,0.9186500000000001,0.9185700000000001,1000000,1000000
24.06.2021 00:41:32.177,0.91866,0.9185700000000001,1000000,1100000.0238
24.06.2021 00:41:40.279,0.9186799999999999,0.9186000000000001,1000000,1500000
24.06.2021 00:41:40.389,0.91871,0.91863,1000000,1570000.0525
24.06.2021 00:41:40.491,0.91871,0.9186200000000001,1120000.0048,1100000.0238
24.06.2021 00:41:40.592,0.91871,0.9186200000000001,1600000.0238,1000000
24.06.2021 00:41:41.689,0.91871,0.9186200000000001,1200000.0477,1000000
24.06.2021 00:41:44.778,0.91869,0.9186000000000001,1120000.0048,1570000.0525
24.06.2021 00:41:44.930,0.91869,0.91859,1950000.0477,2509999.9905
24.06.2021 00:41:45.031,0.91869,0.91859,2450000.0477,2319999.9332
24.06.2021 00:41:45.133,0.9186700000000001,0.91858,1000000,2319999.9332
24.06.2021 00:41:45.284,0.9186700000000001,0.91856,1120000.0048,1570000.0525
24.06.2021 00:41:45.386,0.9186700000000001,0.91858,1200000.0477,1500000
24.06.2021 00:41:45.487,0.91869,0.91859,1950000.0477,1690000.0572
24.06.2021 00:41:49.535,0.9187000000000001,0.91859,1570000.0525,1500000
24.06.2021 00:42:05.655,0.9187000000000001,0.9186000000000001,1570000.0525,2440000.0572
24.06.2021 00:42:10.683,0.91869,0.9186000000000001,1000000,1759999.9905
24.06.2021 00:42:10.784,0.9187000000000001,0.9186000000000001,1870000.0048,1759999.9905
24.06.2021 00:42:15.297,0.9187000000000001,0.9186000000000001,1500000,3009999.9905
24.06.2021 00:42:17.596,0.91871,0.91859,1000000,3009999.9905
24.06.2021 00:42:17.875,0.9187000000000001,0.9186000000000001,1000000,3009999.9905
24.06.2021 00:42:22.311,0.9187000000000001,0.9186000000000001,1000000,3009999.9905
24.06.2021 00:42:29.226,0.9187000000000001,0.9186000000000001,1000000,3009999.9905
24.06.2021 00:42:31.704,0.9187000000000001,0.9186000000000001,1000000,2890000.1049
24.06.2021 00:42:34.641,0.9187000000000001,0.9186000000000001,1000000,3009999.9905
24.06.2021 00:42:42.982,0.9187000000000001,0.9186000000000001,1000000,2890000.1049
24.06.2021 00:42:43.335,0.9187000000000001,0.9186000000000001,1000000,3009999.9905
24.06.2021 00:42:50.394,0.91871,0.9186000000000001,1950000.0477,3009999.9905
24.06.2021 00:42:51.975,0.91871,0.9186000000000001,1570000.0525,2890000.1049
24.06.2021 00:42:52.076,0.9187000000000001,0.9186000000000001,1000000,1389999.9857
24.06.2021 00:42:55.661,0.91871,0.91859,1000000,2069999.9332
24.06.2021 00:42:55.812,0.9187000000000001,0.9186000000000001,1000000,1950000.0477
24.06.2021 00:42:55.913,0.9187000000000001,0.9186000000000001,1000000,2069999.9332
24.06.2021 00:42:59.150,0.9187000000000001,0.9186000000000001,1000000,1950000.0477
24.06.2021 00:43:19.712,0.91869,0.91859,1950000.0477,1950000.0477
24.06.2021 00:43:19.814,0.9186799999999999,0.91858,1570000.0525,1570000.0525
24.06.2021 00:43:27.636,0.9186799999999999,0.91858,1570000.0525,1509999.9905
24.06.2021 00:43:32.941,0.9186700000000001,0.91859,1000000,1120000.0048
24.06.2021 00:43:33.043,0.9186700000000001,0.9185700000000001,1500000,2069999.9332
24.06.2021 00:43:33.094,0.9186700000000001,0.91856,2940000.0572,1500000
24.06.2021 00:43:33.195,0.91863,0.9185200000000001,1000000,2099999.9046
24.06.2021 00:43:33.296,0.9186200000000001,0.9185200000000001,1500000,2849999.9046
24.06.2021 00:43:33.649,0.91861,0.9185200000000001,1000000,1600000.0238
24.06.2021 00:43:33.751,0.9186200000000001,0.9185200000000001,1000000,1950000.0477
24.06.2021 00:43:33.853,0.9186200000000001,0.9185200000000001,1620000.0048,1950000.0477
24.06.2021 00:43:34.066,0.9186200000000001,0.9185200000000001,1620000.0048,2069999.9332
24.06.2021 00:43:36.575,0.9186200000000001,0.9185200000000001,1000000,1600000.0238
24.06.2021 00:43:41.107,0.9186200000000001,0.9185200000000001,1250000,1200000.0477
24.06.2021 00:43:57.269,0.91861,0.9185200000000001,1000000,1100000.0238
24.06.2021 00:43:58.624,0.91861,0.9185200000000001,1620000.0048,1100000.0238
24.06.2021 00:43:59.332,0.9186200000000001,0.9185200000000001,1870000.0048,1100000.0238
24.06.2021 00:44:00.333,0.9186200000000001,0.9185200000000001,2000000,1100000.0238
24.06.2021 00:44:06.960,0.91863,0.91851,2369999.8856,1009999.9905
24.06.2021 00:44:07.960,0.9186200000000001,0.9185200000000001,2369999.8856,1009999.9905
24.06.2021 00:44:08.960,0.9186200000000001,0.9185200000000001,2369999.8856,1009999.9905
24.06.2021 00:44:09.961,0.9186200000000001,0.9185200000000001,2369999.8856,1009999.9905
24.06.2021 00:44:10.961,0.9186200000000001,0.9185200000000001,2369999.8856,1009999.9905
24.06.2021 00:44:11.813,0.9186200000000001,0.9185200000000001,2369999.8856,1009999.9905
24.06.2021 00:44:12.804,0.91863,0.91851,2250000,1100000.0238
24.06.2021 00:44:17.842,0.9186200000000001,0.9185200000000001,2369999.8856,1100000.0238
24.06.2021 00:44:20.726,0.9186200000000001,0.9185200000000001,1500000,1100000.0238
24.06.2021 00:44:33.735,0.9186200000000001,0.91851,1000000,1690000.0572
24.06.2021 00:44:33.887,0.9186200000000001,0.91851,1000000,2500000
24.06.2021 00:44:41.132,0.91864,0.9185500000000001,1000000,1000000
24.06.2021 00:44:41.280,0.9186500000000001,0.9185500000000001,1000000,2259999.9905
24.06.2021 00:44:41.433,0.9186500000000001,0.9185500000000001,1000000,2140000.1049
24.06.2021 00:44:43.415,0.91864,0.9185500000000001,1000000,1250000
24.06.2021 00:44:43.517,0.91864,0.91854,1120000.0048,1309999.9428
24.06.2021 00:44:43.935,0.91863,0.91853,1000000,3700000.0477
24.06.2021 00:44:51.427,0.91863,0.91853,1500000,3700000.0477
24.06.2021 00:44:51.621,0.91863,0.91853,1000000,3700000.0477
24.06.2021 00:44:52.921,0.91863,0.91853,1000000,3819999.9332
24.06.2021 00:44:55.533,0.91863,0.91853,1000000,3819999.9332
24.06.2021 00:45:00.224,0.91863,0.91853,1000000,3819999.9332
24.06.2021 00:45:00.326,0.91864,0.9185500000000001,1000000,1950000.0477
24.06.2021 00:45:00.427,0.91864,0.9185500000000001,1000000,2069999.9332
24.06.2021 00:45:00.528,0.9186500000000001,0.9185500000000001,1000000,3009999.9905
24.06.2021 00:45:11.427,0.9186500000000001,0.9185500000000001,1000000,2819999.9332
24.06.2021 00:45:31.443,0.9186500000000001,0.9185500000000001,1500000,3259999.9905
24.06.2021 00:45:31.647,0.9186500000000001,0.9185500000000001,1000000,3259999.9905
24.06.2021 00:45:31.982,0.9186500000000001,0.9185500000000001,1000000,2059999.9428
24.06.2021 00:45:32.083,0.9186500000000001,0.9185500000000001,1000000,2940000.0572
24.06.2021 00:45:37.470,0.91866,0.91854,1000000,2809999.9428
24.06.2021 00:45:45.572,0.9186500000000001,0.9185500000000001,1000000,3200000.0477
24.06.2021 00:45:55.403,0.9186500000000001,0.91856,1000000,1750000
24.06.2021 00:45:55.747,0.91866,0.91856,1000000,2190000.0572
24.06.2021 00:46:01.323,0.91869,0.91858,1000000,1500000
24.06.2021 00:46:01.424,0.9187000000000001,0.9186000000000001,1000000,1600000.0238
24.06.2021 00:46:01.526,0.91871,0.91861,1000000,1389999.9857
24.06.2021 00:46:02.011,0.91871,0.91861,1000000,1820000.0525
24.06.2021 00:46:02.141,0.91871,0.91861,1000000,1570000.0525
24.06.2021 00:46:23.315,0.9186700000000001,0.91859,1000000,2099999.9046
24.06.2021 00:46:23.366,0.9186700000000001,0.9185700000000001,1120000.0048,2140000.1049
24.06.2021 00:46:23.467,0.9186700000000001,0.9185700000000001,1120000.0048,2160000.0858
24.06.2021 00:46:23.854,0.9186799999999999,0.91858,1120000.0048,1389999.9857
24.06.2021 00:46:23.904,0.91869,0.91859,1620000.0048,1720000.0286
24.06.2021 00:46:24.006,0.91869,0.9186000000000001,1000000,1600000.0238
24.06.2021 00:46:24.107,0.91869,0.9186000000000001,1000000,1200000.0477
24.06.2021 00:46:24.248,0.9187000000000001,0.9186000000000001,1870000.0048,1200000.0477
24.06.2021 00:46:33.698,0.91871,0.91859,1500000,1600000.0238
24.06.2021 00:46:41.911,0.9187000000000001,0.9186000000000001,1000000,1309999.9428
24.06.2021 00:46:42.063,0.91869,0.91859,1000000,1200000.0477
24.06.2021 00:46:42.165,0.9186799999999999,0.91859,1000000,1000000
24.06.2021 00:46:47.317,0.91869,0.91856,2000000,1720000.0286
24.06.2021 00:46:47.519,0.9186799999999999,0.9185700000000001,2750000,1720000.0286
24.06.2021 00:46:47.722,0.9186799999999999,0.9185700000000001,2250000,1720000.0286
24.06.2021 00:46:51.156,0.91869,0.91858,1000000,1720000.0286
24.06.2021 00:46:51.207,0.9187000000000001,0.9186000000000001,1120000.0048,1850000.0238
24.06.2021 00:46:51.259,0.9187000000000001,0.9186000000000001,1120000.0048,1309999.9428
24.06.2021 00:46:51.360,0.9187000000000001,0.9186000000000001,1120000.0048,1850000.0238
24.06.2021 00:46:51.613,0.91871,0.91861,1000000,1389999.9857
24.06.2021 00:46:53.183,0.91871,0.91861,1000000,1509999.9905
24.06.2021 00:46:53.450,0.9187000000000001,0.9186000000000001,1000000,1720000.0286
24.06.2021 00:47:01.017,0.91871,0.91861,1000000,1509999.9905
24.06.2021 00:47:04.928,0.91871,0.91861,1000000,1389999.9857
24.06.2021 00:47:08.184,0.91871,0.91861,1000000,1600000.0238
24.06.2021 00:47:14.335,0.91871,0.91861,1000000,1200000.0477
24.06.2021 00:47:17.127,0.9187000000000001,0.9186000000000001,1000000,1120000.0048
24.06.2021 00:47:17.638,0.9187000000000001,0.9186000000000001,1000000,1750000
24.06.2021 00:47:17.739,0.9187000000000001,0.9186000000000001,1000000,1389999.9857
24.06.2021 00:47:28.187,0.91869,0.91858,1000000,2349999.9046
24.06.2021 00:47:28.289,0.9186700000000001,0.9185700000000001,1000000,2539999.9619
24.06.2021 00:47:29.080,0.9186700000000001,0.9185700000000001,1000000,1009999.9905
24.06.2021 00:47:29.932,0.9186700000000001,0.9185700000000001,1000000,1220000.0286
24.06.2021 00:47:30.033,0.9186700000000001,0.9185700000000001,1000000,2349999.9046
24.06.2021 00:47:30.426,0.9186700000000001,0.9185700000000001,1000000,2349999.9046
24.06.2021 00:47:34.812,0.91869,0.9185700000000001,1000000,2289999.9619
24.06.2021 00:47:35.508,0.9186700000000001,0.91858,1000000,1100000.0238
24.06.2021 00:47:35.659,0.9186700000000001,0.9185700000000001,1000000,1720000.0286
24.06.2021 00:47:38.817,0.9186799999999999,0.91856,1000000,1720000.0286
24.06.2021 00:47:38.919,0.9186700000000001,0.9185700000000001,1000000,1720000.0286
24.06.2021 00:47:40.583,0.9186700000000001,0.91858,1000000,1350000.0238
24.06.2021 00:47:40.634,0.91871,0.91861,1120000.0048,1100000.0238
24.06.2021 00:47:40.735,0.91871,0.91861,1120000.0048,1850000.0238
24.06.2021 00:47:43.864,0.91871,0.91861,1100000.0238,1389999.9857
24.06.2021 00:47:44.940,0.9187000000000001,0.9186000000000001,1000000,3349999.9046
24.06.2021 00:47:45.624,0.9187200000000001,0.9186200000000001,1100000.0238,1000000
24.06.2021 00:47:49.069,0.9187200000000001,0.91859,1100000.0238,3349999.9046
24.06.2021 00:47:49.170,0.9186799999999999,0.91858,1200000.0477,2509999.9905
24.06.2021 00:47:49.272,0.9186799999999999,0.91858,1950000.0477,1200000.0477
24.06.2021 00:47:49.373,0.9187200000000001,0.91861,1000000,1200000.0477
24.06.2021 00:47:49.475,0.91874,0.9186500000000001,1120000.0048,1009999.9905
24.06.2021 00:47:49.628,0.9187600000000001,0.9186500000000001,1120000.0048,4599999.9046
24.06.2021 00:47:49.729,0.9187600000000001,0.9186500000000001,3099999.9046,1100000.0238
24.06.2021 00:47:55.131,0.9187500000000001,0.91863,1000000,1850000.0238
24.06.2021 00:48:00.394,0.9187500000000001,0.9186500000000001,1250000,1409999.9666
24.06.2021 00:48:07.855,0.9187500000000001,0.9186500000000001,1200000.0477,1570000.0525
24.06.2021 00:48:10.765,0.9187500000000001,0.9186500000000001,1700000.0477,1200000.0477
24.06.2021 00:48:11.556,0.9187500000000001,0.91864,1000000,1200000.0477
24.06.2021 00:48:11.793,0.9187500000000001,0.9186500000000001,1700000.0477,1200000.0477
24.06.2021 00:48:11.894,0.91874,0.91864,1200000.0477,1009999.9905
24.06.2021 00:48:12.292,0.9187200000000001,0.91864,1000000,1100000.0238
24.06.2021 00:48:12.718,0.9187200000000001,0.91863,1000000,2349999.9046
24.06.2021 00:48:20.503,0.9187200000000001,0.91863,1000000,1570000.0525
24.06.2021 00:48:21.348,0.91871,0.9186200000000001,1000000,2720000.0286
24.06.2021 00:48:26.198,0.91871,0.9186200000000001,1000000,1570000.0525
24.06.2021 00:48:26.885,0.9187000000000001,0.9186200000000001,1000000,1100000.0238
24.06.2021 00:48:29.560,0.9187000000000001,0.9186200000000001,1000000,1100000.0238
24.06.2021 00:48:35.078,0.9187200000000001,0.9186200000000001,1200000.0477,1100000.0238
24.06.2021 00:48:38.037,0.9187200000000001,0.9186200000000001,1700000.0477,1100000.0238
24.06.2021 00:48:47.432,0.9187000000000001,0.9186000000000001,1000000,4159999.8474
24.06.2021 00:48:47.546,0.9187000000000001,0.9186000000000001,1000000,3789999.9619
24.06.2021 00:48:48.267,0.91871,0.9186000000000001,1700000.0477,3789999.9619
24.06.2021 00:48:49.938,0.9187000000000001,0.9186000000000001,1000000,4159999.8474
24.06.2021 00:48:51.085,0.9186799999999999,0.91858,1100000.0238,1509999.9905
24.06.2021 00:48:51.186,0.9186799999999999,0.91856,1500000,1350000.0238
24.06.2021 00:48:52.150,0.9186799999999999,0.91856,1120000.0048,1409999.9666
24.06.2021 00:48:52.382,0.9186700000000001,0.9185700000000001,1200000.0477,1389999.9857
24.06.2021 00:48:52.483,0.9186700000000001,0.9185700000000001,1120000.0048,1409999.9666
24.06.2021 00:48:54.395,0.9186700000000001,0.9185700000000001,1200000.0477,1389999.9857
24.06.2021 00:48:54.542,0.9186799999999999,0.91856,1120000.0048,2410000.0858
24.06.2021 00:48:54.796,0.9186799999999999,0.91858,1700000.0477,1509999.9905
24.06.2021 00:48:54.897,0.91869,0.9185700000000001,1700000.0477,1570000.0525
24.06.2021 00:48:54.998,0.9186799999999999,0.91858,1100000.0238,1700000.0477
24.06.2021 00:48:55.715,0.9186799999999999,0.91858,1100000.0238,1570000.0525
24.06.2021 00:49:03.170,0.9186799999999999,0.91858,1000000,2349999.9046
24.06.2021 00:49:03.271,0.9186799999999999,0.91858,1000000,1850000.0238
24.06.2021 00:49:03.322,0.9187000000000001,0.91859,1100000.0238,2720000.0286
24.06.2021 00:49:03.626,0.9187000000000001,0.9186000000000001,1100000.0238,1509999.9905
24.06.2021 00:49:03.727,0.9187000000000001,0.91859,1100000.0238,2720000.0286
24.06.2021 00:49:07.186,0.91869,0.91859,1000000,1850000.0238
24.06.2021 00:49:07.287,0.9186700000000001,0.9185700000000001,1000000,2289999.9619
24.06.2021 00:49:07.389,0.9186799999999999,0.91856,1100000.0238,1389999.9857
24.06.2021 00:49:07.711,0.91866,0.91856,1000000,2470000.0286
24.06.2021 00:49:08.088,0.9186799999999999,0.91858,1600000.0238,1000000
24.06.2021 00:49:08.190,0.9186700000000001,0.9185700000000001,1100000.0238,1570000.0525
24.06.2021 00:49:08.443,0.9186799999999999,0.91856,1000000,2349999.9046
24.06.2021 00:49:08.544,0.9186799999999999,0.91858,1100000.0238,1200000.0477
24.06.2021 00:49:12.740,0.9186799999999999,0.91858,1220000.0286,1000000
24.06.2021 00:49:13.414,0.9186799999999999,0.9185500000000001,1100000.0238,3220000.0286
24.06.2021 00:49:17.222,0.9186799999999999,0.91858,1100000.0238,1200000.0477
24.06.2021 00:49:17.323,0.91869,0.91859,1120000.0048,2099999.9046
24.06.2021 00:49:17.425,0.9187200000000001,0.91861,2890000.1049,1500000
24.06.2021 00:49:17.526,0.91871,0.91861,1000000,1120000.0048
24.06.2021 00:49:17.936,0.9187000000000001,0.9186000000000001,1100000.0238,1389999.9857
24.06.2021 00:49:19.821,0.9187000000000001,0.9186000000000001,1700000.0477,1389999.9857
24.06.2021 00:49:20.653,0.9187000000000001,0.9186000000000001,1100000.0238,1389999.9857
24.06.2021 00:49:27.115,0.91869,0.91858,1100000.0238,1389999.9857
24.06.2021 00:49:27.217,0.9186700000000001,0.9185700000000001,1000000,1009999.9905
24.06.2021 00:49:28.214,0.9186700000000001,0.9185700000000001,1000000,1570000.0525
24.06.2021 00:49:29.229,0.91866,0.91856,1000000,2720000.0286
24.06.2021 00:49:30.177,0.9186700000000001,0.91856,1500000,2720000.0286
24.06.2021 00:49:32.791,0.9186700000000001,0.91856,1620000.0048,2720000.0286
24.06.2021 00:49:32.892,0.9186700000000001,0.91858,1000000,1000000
24.06.2021 00:49:33.823,0.9186799999999999,0.91858,1700000.0477,1000000
24.06.2021 00:49:38.239,0.9186799999999999,0.91856,1500000,1570000.0525
24.06.2021 00:49:38.968,0.9186700000000001,0.9185700000000001,1620000.0048,1570000.0525
24.06.2021 00:49:39.958,0.9186799999999999,0.91856,1120000.0048,1570000.0525
24.06.2021 00:49:41.146,0.9186700000000001,0.9185700000000001,1620000.0048,1570000.0525
24.06.2021 00:49:42.493,0.9186500000000001,0.9185700000000001,1000000,1200000.0477
24.06.2021 00:49:42.796,0.91866,0.9185700000000001,1000000,1000000
24.06.2021 00:49:43.109,0.91866,0.91858,1000000,1120000.0048
24.06.2021 00:49:43.210,0.91866,0.9185700000000001,1000000,1009999.9905
24.06.2021 00:49:43.773,0.9186700000000001,0.9185700000000001,1500000,1389999.9857
24.06.2021 00:49:49.180,0.9186700000000001,0.9185700000000001,1500000,1700000.0477
24.06.2021 00:49:51.882,0.9186799999999999,0.9185700000000001,1000000,2259999.9905
24.06.2021 00:49:54.321,0.91869,0.9185700000000001,1000000,1509999.9905
24.06.2021 00:49:58.215,0.91866,0.91858,1000000,1509999.9905
24.06.2021 00:50:00.883,0.91866,0.91858,1000000,1120000.0048
24.06.2021 00:50:02.112,0.91864,0.9185700000000001,1000000,1570000.0525
24.06.2021 00:50:03.939,0.91864,0.9185700000000001,1000000,1700000.0477
24.06.2021 00:50:04.040,0.9186500000000001,0.9185700000000001,1000000,2470000.0286
24.06.2021 00:50:04.192,0.91864,0.91858,1000000,1120000.0048
24.06.2021 00:50:06.254,0.91864,0.91856,1000000,1850000.0238
24.06.2021 00:50:06.809,0.91866,0.91856,1000000,1100000.0238
24.06.2021 00:50:07.012,0.91864,0.91856,1000000,1850000.0238
24.06.2021 00:50:11.657,0.91863,0.91853,1000000,3970000.0286
24.06.2021 00:50:11.759,0.9186200000000001,0.91853,1000000,3039999.9619
24.06.2021 00:50:11.860,0.91861,0.91851,1309999.9428,1350000.0238
24.06.2021 00:50:11.962,0.9186200000000001,0.91848,5969999.7902,2539999.9619
24.06.2021 00:50:12.013,0.9185700000000001,0.91851,1000000,1259999.9905
24.06.2021 00:50:12.114,0.91859,0.91851,1000000,1850000.0238
24.06.2021 00:50:18.247,0.9185700000000001,0.91851,1000000,1120000.0048
24.06.2021 00:50:20.004,0.91861,0.91851,1500000,1009999.9905
24.06.2021 00:50:22.676,0.9186000000000001,0.9185000000000001,1000000,1120000.0048
24.06.2021 00:50:22.777,0.9186000000000001,0.9185000000000001,2190000.0572,1000000
24.06.2021 00:50:26.982,0.91854,0.91848,1000000,1559999.9428
24.06.2021 00:50:27.651,0.91854,0.91848,1000000,1250000
24.06.2021 00:50:27.804,0.9185500000000001,0.91848,1000000,1370000.0048
24.06.2021 00:50:27.956,0.9185500000000001,0.91848,1000000,1250000
24.06.2021 00:50:28.057,0.91854,0.9184700000000001,1000000,2190000.0572
24.06.2021 00:50:28.998,0.9185500000000001,0.9184700000000001,1000000,2440000.0572
24.06.2021 00:50:29.200,0.9185500000000001,0.91846,1000000,2559999.9428
24.06.2021 00:50:30.250,0.91858,0.91851,1000000,2250000
24.06.2021 00:50:30.401,0.91859,0.91851,1000000,1870000.0048
24.06.2021 00:50:30.822,0.91858,0.91848,1000000,3500000
24.06.2021 00:50:31.024,0.91858,0.91848,1000000,2809999.9428
24.06.2021 00:50:31.125,0.9185700000000001,0.91849,1000000,2750000
24.06.2021 00:50:31.229,0.9185700000000001,0.91849,1000000,2809999.9428
24.06.2021 00:50:31.330,0.91856,0.91846,1000000,2940000.0572
24.06.2021 00:50:31.431,0.91854,0.9184700000000001,1000000,1500000
24.06.2021 00:50:31.583,0.91854,0.9184700000000001,1000000,2500000
24.06.2021 00:50:34.966,0.91854,0.91849,1000000,1000000
24.06.2021 00:50:38.161,0.91859,0.91849,1200000.0477,1100000.0238
24.06.2021 00:50:38.489,0.91859,0.91849,1120000.0048,1350000.0238
24.06.2021 00:50:41.999,0.91859,0.91849,1500000,1350000.0238
24.06.2021 00:50:42.283,0.91854,0.91849,1000000,1000000
24.06.2021 00:50:42.824,0.91854,0.91848,1000000,1250000
24.06.2021 00:50:43.699,0.91858,0.91848,1600000.0238,1000000
24.06.2021 00:50:43.750,0.91854,0.91848,1000000,1100000.0238
24.06.2021 00:50:43.902,0.91854,0.91846,1000000,2660000.0858
24.06.2021 00:50:44.508,0.9185200000000001,0.91846,1000000,1009999.9905
24.06.2021 00:50:44.559,0.9185000000000001,0.91843,1000000,1200000.0477
24.06.2021 00:50:44.660,0.91849,0.9184100000000001,1000000,1470000.0286
24.06.2021 00:50:44.761,0.9185000000000001,0.9184,1000000,1220000.0286
24.06.2021 00:50:44.863,0.91849,0.9184,1000000,1600000.0238
24.06.2021 00:50:45.368,0.91849,0.91838,1000000,3410000.0858
24.06.2021 00:50:45.469,0.91851,0.91838,1970000.0286,2289999.9619
24.06.2021 00:50:45.520,0.91844,0.9183700000000001,1000000,1259999.9905
24.06.2021 00:50:47.088,0.91844,0.9183700000000001,1000000,1009999.9905
24.06.2021 00:50:47.139,0.9184100000000001,0.9183200000000001,1000000,4159999.8474
24.06.2021 00:50:47.191,0.9184,0.9183,1000000,1570000.0525
24.06.2021 00:50:47.243,0.9184200000000001,0.9183100000000001,1100000.0238,1250000
24.06.2021 00:50:47.344,0.9184,0.91829,1120000.0048,2349999.9046
24.06.2021 00:50:47.995,0.9183600000000001,0.91829,1000000,2259999.9905
24.06.2021 00:50:48.097,0.91835,0.91828,1000000,2470000.0286
24.06.2021 00:50:48.148,0.91834,0.91825,1000000,5039999.9619
24.06.2021 00:50:48.199,0.9183200000000001,0.91825,1000000,3720000.0286
24.06.2021 00:50:48.484,0.9183200000000001,0.9182400000000001,1000000,1450000.0477
24.06.2021 00:50:48.737,0.9183600000000001,0.91823,3849999.9046,1450000.0477
24.06.2021 00:50:48.839,0.9183200000000001,0.91825,1000000,3200000.0477
24.06.2021 00:50:48.940,0.9183700000000001,0.9182600000000001,1750000,2470000.0286
24.06.2021 00:50:49.217,0.91838,0.9182700000000001,1009999.9905,1700000.0477
24.06.2021 00:50:51.552,0.91839,0.9182700000000001,1850000.0238,2450000.0477
24.06.2021 00:50:51.654,0.91839,0.9182700000000001,1850000.0238,3259999.9905
24.06.2021 00:50:53.662,0.91839,0.9182700000000001,1720000.0286,1450000.0477
24.06.2021 00:50:54.713,0.91838,0.9182600000000001,1750000,2890000.1049
24.06.2021 00:50:54.865,0.91838,0.9182700000000001,1750000,1250000
24.06.2021 00:50:55.561,0.91838,0.9182700000000001,1750000,1350000.0238
24.06.2021 00:50:55.662,0.91838,0.9182700000000001,1750000,1350000.0238
24.06.2021 00:50:55.942,0.91838,0.9182700000000001,1750000,1350000.0238
24.06.2021 00:50:56.044,0.91838,0.9182700000000001,1750000,1350000.0238
24.06.2021 00:50:56.461,0.91839,0.9182700000000001,1750000,1950000.0477
24.06.2021 00:50:56.697,0.91839,0.91828,1750000,1250000
24.06.2021 00:50:56.798,0.91839,0.91828,1750000,1250000
24.06.2021 00:50:57.014,0.91839,0.91828,1750000,1250000
24.06.2021 00:50:57.115,0.91839,0.91829,1000000,1250000
24.06.2021 00:50:57.706,0.91839,0.91829,1500000,1250000
24.06.2021 00:51:07.918,0.91838,0.91828,1600000.0238,1250000
24.06.2021 00:51:08.019,0.91838,0.91828,1509999.9905,1250000
24.06.2021 00:51:08.486,0.9183700000000001,0.91828,1000000,1250000
24.06.2021 00:51:09.238,0.9183700000000001,0.91828,1500000,1100000.0238
24.06.2021 00:51:09.340,0.91833,0.9182700000000001,1000000,1000000
24.06.2021 00:51:09.442,0.9183200000000001,0.9182400000000001,1000000,2220000.0286
24.06.2021 00:51:09.544,0.9183,0.9182200000000001,1000000,1009999.9905
24.06.2021 00:51:11.120,0.91829,0.9182400000000001,1000000,1000000
24.06.2021 00:51:11.694,0.91833,0.9182400000000001,1120000.0048,1200000.0477
24.06.2021 00:51:11.745,0.91834,0.9182700000000001,1000000,1570000.0525
24.06.2021 00:51:11.846,0.91835,0.9183,1000000,1000000
24.06.2021 00:51:25.672,0.91838,0.9183100000000001,1000000,1000000
24.06.2021 00:51:27.515,0.9183600000000001,0.9183100000000001,1000000,1000000
24.06.2021 00:51:27.566,0.91838,0.9183100000000001,1000000,1000000
24.06.2021 00:51:30.503,0.91835,0.91829,1000000,1009999.9905
24.06.2021 00:51:30.734,0.91838,0.9183100000000001,1000000,1000000
24.06.2021 00:51:33.011,0.91835,0.91829,1000000,1009999.9905
24.06.2021 00:51:35.973,0.91838,0.9183100000000001,1000000,1000000
24.06.2021 00:51:40.314,0.9184100000000001,0.9183,1500000,1000000
24.06.2021 00:51:40.364,0.9183600000000001,0.9183100000000001,1000000,1000000
24.06.2021 00:51:49.344,0.91835,0.9183,1000000,1100000.0238
24.06.2021 00:51:52.409,0.9184,0.9183,1600000.0238,1009999.9905
24.06.2021 00:51:53.147,0.91835,0.9183,1000000,1100000.0238
24.06.2021 00:51:56.331,0.9184,0.9183,1600000.0238,1100000.0238
24.06.2021 00:51:57.100,0.9184,0.9183,1200000.0477,1009999.9905
24.06.2021 00:51:57.201,0.91835,0.91829,1000000,1950000.0477
24.06.2021 00:51:57.507,0.9184,0.9183,1600000.0238,1570000.0525
24.06.2021 00:51:57.558,0.9183700000000001,0.9183200000000001,1000000,1759999.9905
24.06.2021 00:51:57.659,0.91839,0.9183200000000001,1000000,1759999.9905
24.06.2021 00:51:57.811,0.9184100000000001,0.9183200000000001,1120000.0048,1000000
24.06.2021 00:51:58.069,0.9184100000000001,0.9183200000000001,1500000,1250000
24.06.2021 00:52:00.268,0.9184100000000001,0.9183200000000001,1000000,1250000
24.06.2021 00:52:03.271,0.9183600000000001,0.9183100000000001,1000000,1000000
24.06.2021 00:52:03.629,0.9184100000000001,0.9183100000000001,2890000.1049,1250000
24.06.2021 00:52:04.421,0.9184,0.9183,1000000,1759999.9905
24.06.2021 00:52:06.030,0.9183600000000001,0.9183,1000000,1759999.9905
24.06.2021 00:52:09.811,0.9184,0.9183,1690000.0572,1759999.9905
24.06.2021 00:52:14.962,0.91835,0.9183,1000000,1759999.9905
24.06.2021 00:52:18.226,0.9183600000000001,0.9183,1000000,1759999.9905
24.06.2021 00:52:18.328,0.9183600000000001,0.9183100000000001,1000000,1000000
24.06.2021 00:52:21.326,0.9184100000000001,0.9183100000000001,2700000.0477,1250000
24.06.2021 00:52:22.492,0.9184,0.9183,1120000.0048,1009999.9905
24.06.2021 00:52:22.694,0.91835,0.9183,1000000,1100000.0238
24.06.2021 00:52:24.681,0.9184,0.9183,1120000.0048,1009999.9905
24.06.2021 00:52:24.732,0.9183700000000001,0.91829,1000000,1009999.9905
24.06.2021 00:52:30.117,0.9184100000000001,0.91834,1000000,1500000
24.06.2021 00:52:30.219,0.9184100000000001,0.91835,1000000,1570000.0525
24.06.2021 00:52:30.321,0.9184100000000001,0.9183600000000001,1000000,1759999.9905
24.06.2021 00:52:30.422,0.91846,0.91838,2619999.8856,1000000
24.06.2021 00:52:30.954,0.91845,0.9183700000000001,1500000,1000000
24.06.2021 00:52:31.056,0.9184100000000001,0.9183600000000001,1000000,1500000
24.06.2021 00:52:35.937,0.91839,0.91833,1000000,1759999.9905
24.06.2021 00:52:36.039,0.9184100000000001,0.91833,1500000,1000000
24.06.2021 00:52:37.924,0.9184,0.9183200000000001,1500000,1000000
24.06.2021 00:52:38.868,0.91839,0.9183100000000001,1500000,1000000
24.06.2021 00:52:40.487,0.91839,0.9183,2890000.1049,1000000
24.06.2021 00:52:40.538,0.9183700000000001,0.91829,2250000,1000000
24.06.2021 00:52:41.045,0.91839,0.9183100000000001,1500000,1000000
24.06.2021 00:52:41.945,0.9184,0.9183100000000001,1500000,1500000
24.06.2021 00:52:42.713,0.91839,0.9183100000000001,1500000,1000000
24.06.2021 00:52:47.011,0.91835,0.9183,1000000,1000000
24.06.2021 00:52:48.835,0.91839,0.9183100000000001,1500000,1000000
24.06.2021 00:52:49.280,0.9183600000000001,0.9183100000000001,1000000,1000000
24.06.2021 00:52:49.381,0.91839,0.9183100000000001,1500000,2250000
24.06.2021 00:52:49.482,0.91839,0.9183100000000001,1500000,2369999.8856
24.06.2021 00:52:49.766,0.9184,0.9183100000000001,1500000,2619999.8856
24.06.2021 00:52:50.167,0.9184,0.9183100000000001,1500000,2809999.9428
24.06.2021 00:52:50.268,0.9184,0.9183200000000001,1500000,1000000
24.06.2021 00:52:56.315,0.9183600000000001,0.9183100000000001,1000000,1250000
24.06.2021 00:52:56.804,0.9184,0.9183200000000001,1500000,1870000.0048
24.06.2021 00:52:57.072,0.9184,0.91834,1000000,1500000
24.06.2021 00:52:57.174,0.9184200000000001,0.91835,1000000,1000000
24.06.2021 00:53:00.380,0.91845,0.9183700000000001,1500000,1000000
24.06.2021 00:53:02.411,0.91844,0.91839,1000000,1500000
24.06.2021 00:53:02.512,0.9185000000000001,0.9184,3569999.9332,1009999.9905
24.06.2021 00:53:02.614,0.9185000000000001,0.9184,2819999.9332,1009999.9905
24.06.2021 00:53:03.694,0.91851,0.9184100000000001,2849999.9046,1250000
24.06.2021 00:53:03.796,0.91849,0.91843,1000000,1100000.0238
24.06.2021 00:53:05.453,0.91854,0.91844,2819999.9332,1009999.9905
24.06.2021 00:53:05.555,0.91854,0.91844,2700000.0477,1100000.0238
24.06.2021 00:53:07.211,0.91849,0.91844,1000000,1000000
24.06.2021 00:53:08.861,0.91854,0.91844,2700000.0477,1100000.0238
24.06.2021 00:53:08.962,0.91849,0.91844,1000000,1000000
24.06.2021 00:53:09.240,0.91854,0.91844,2700000.0477,1009999.9905
24.06.2021 00:53:09.341,0.91849,0.91844,1000000,1000000
24.06.2021 00:53:09.640,0.91851,0.9184100000000001,2319999.9332,2069999.9332
24.06.2021 00:53:09.741,0.9185000000000001,0.9184,2319999.9332,1100000.0238
24.06.2021 00:53:13.254,0.91849,0.91839,1000000,1350000.0238
24.06.2021 00:53:13.355,0.9185000000000001,0.91839,2319999.9332,1789999.9619
24.06.2021 00:53:14.962,0.91845,0.91839,1000000,1759999.9905
24.06.2021 00:53:16.547,0.9185000000000001,0.9184100000000001,1950000.0477,1000000
24.06.2021 00:53:16.749,0.9185000000000001,0.91839,2319999.9332,2220000.0286
24.06.2021 00:53:17.322,0.91846,0.91838,1000000,2140000.1049
24.06.2021 00:53:19.648,0.9185000000000001,0.91839,2319999.9332,2220000.0286
24.06.2021 00:53:20.598,0.91845,0.91839,1000000,2140000.1049
24.06.2021 00:53:23.057,0.9185000000000001,0.91839,2319999.9332,2220000.0286
24.06.2021 00:53:23.729,0.9185000000000001,0.9184100000000001,1570000.0525,1000000
24.06.2021 00:53:23.988,0.91845,0.91839,1000000,2950000.0477
24.06.2021 00:53:24.096,0.91845,0.91839,1000000,1950000.0477
24.06.2021 00:53:26.251,0.91844,0.91839,1000000,1570000.0525
24.06.2021 00:53:26.302,0.91844,0.9183700000000001,1000000,1570000.0525
24.06.2021 00:53:26.403,0.9184200000000001,0.9183700000000001,1000000,1000000
24.06.2021 00:53:26.504,0.9184200000000001,0.9183600000000001,1000000,1100000.0238
24.06.2021 00:53:26.555,0.91845,0.91835,1000000,1759999.9905
24.06.2021 00:53:26.606,0.9184200000000001,0.9183600000000001,1000000,1500000
24.06.2021 00:53:28.938,0.9184200000000001,0.91835,1000000,1500000
24.06.2021 00:53:29.711,0.9184200000000001,0.9183700000000001,1000000,1870000.0048
24.06.2021 00:53:29.812,0.9184700000000001,0.9183600000000001,1000000,1759999.9905
24.06.2021 00:53:33.291,0.9184100000000001,0.9183600000000001,1000000,1000000
24.06.2021 00:53:34.116,0.9184100000000001,0.91835,1000000,1500000
24.06.2021 00:53:34.268,0.9184100000000001,0.9183600000000001,1000000,1100000.0238
24.06.2021 00:53:37.464,0.91845,0.9183600000000001,1000000,1100000.0238
24.06.2021 00:53:37.565,0.9184100000000001,0.9183600000000001,1000000,1000000
24.06.2021 00:53:38.509,0.91845,0.9183600000000001,1000000,1100000.0238
24.06.2021 00:53:41.541,0.9184100000000001,0.9183600000000001,1000000,1100000.0238
24.06.2021 00:53:45.673,0.9184700000000001,0.9183600000000001,1000000,1100000.0238
24.06.2021 00:53:46.080,0.9184700000000001,0.9183700000000001,1100000.0238,1950000.0477
24.06.2021 00:53:48.804,0.9184200000000001,0.9183700000000001,1000000,1570000.0525
24.06.2021 00:53:50.506,0.9184700000000001,0.9183700000000001,1100000.0238,1570000.0525
24.06.2021 00:53:50.962,0.9184200000000001,0.9183700000000001,1000000,1570000.0525
24.06.2021 00:53:52.660,0.9184200000000001,0.9183600000000001,1000000,1120000.0048
24.06.2021 00:53:54.794,0.91844,0.91839,1000000,1000000
24.06.2021 00:53:57.792,0.9184700000000001,0.91839,1500000,1759999.9905
24.06.2021 00:53:58.668,0.91844,0.91839,1000000,1570000.0525
24.06.2021 00:54:01.349,0.91848,0.91839,1500000,1570000.0525
24.06.2021 00:54:02.962,0.91844,0.91839,1000000,1570000.0525
24.06.2021 00:54:04.982,0.91846,0.91838,1000000,1100000.0238
24.06.2021 00:54:08.002,0.91849,0.9184100000000001,2509999.9905,1000000
24.06.2021 00:54:08.997,0.91845,0.91839,1000000,1100000.0238
24.06.2021 00:54:12.467,0.91849,0.9184100000000001,2509999.9905,1000000
24.06.2021 00:54:14.732,0.91848,0.91843,1000000,1000000
24.06.2021 00:54:15.611,0.91849,0.9184,1000000,1600000.0238
24.06.2021 00:54:15.662,0.9185000000000001,0.9184100000000001,1500000,1570000.0525
24.06.2021 00:54:15.713,0.9184700000000001,0.9184,1000000,1690000.0572
24.06.2021 00:54:18.393,0.9185000000000001,0.9184100000000001,2319999.9332,1000000
24.06.2021 00:54:23.962,0.91845,0.9184,1000000,1000000
24.06.2021 00:54:27.104,0.9185000000000001,0.9184100000000001,2319999.9332,1000000
24.06.2021 00:54:29.962,0.91845,0.9184,1000000,1000000
24.06.2021 00:54:32.998,0.9185000000000001,0.9184100000000001,2319999.9332,1000000
24.06.2021 00:54:34.272,0.91849,0.9184,1500000,1570000.0525
24.06.2021 00:54:40.802,0.91844,0.91839,1000000,1000000
24.06.2021 00:54:41.505,0.91844,0.9183700000000001,1000000,1600000.0238
24.06.2021 00:54:42.601,0.91843,0.9183700000000001,1000000,1250000
24.06.2021 00:54:43.667,0.91844,0.9183600000000001,1000000,1850000.0238
24.06.2021 00:54:43.768,0.91844,0.9183600000000001,1000000,2220000.0286
24.06.2021 00:54:44.749,0.91843,0.9183700000000001,1000000,1000000
24.06.2021 00:54:44.901,0.9184200000000001,0.91835,1000000,1389999.9857
24.06.2021 00:54:48.700,0.9184200000000001,0.91834,1000000,1009999.9905
24.06.2021 00:54:48.801,0.91839,0.9183200000000001,1000000,1100000.0238
24.06.2021 00:54:51.063,0.9183700000000001,0.91829,1000000,1509999.9905
24.06.2021 00:54:51.165,0.9184,0.9183,1100000.0238,1009999.9905
24.06.2021 00:54:53.235,0.91839,0.91829,1009999.9905,1100000.0238
24.06.2021 00:54:53.336,0.91838,0.91828,1000000,1970000.0286
24.06.2021 00:54:53.839,0.91839,0.91829,1009999.9905,1100000.0238
24.06.2021 00:54:54.140,0.91839,0.91829,1000000,1350000.0238
24.06.2021 00:54:54.713,0.91839,0.91829,1100000.0238,1009999.9905
24.06.2021 00:54:55.781,0.91839,0.91829,1000000,1350000.0238
24.06.2021 00:54:55.883,0.9184100000000001,0.9183,1789999.9619,1100000.0238
24.06.2021 00:54:56.136,0.91839,0.91829,1000000,1409999.9666
24.06.2021 00:54:56.288,0.9184,0.9183,1100000.0238,1100000.0238
24.06.2021 00:54:57.353,0.91839,0.91829,1000000,1409999.9666
24.06.2021 00:54:59.066,0.9184100000000001,0.9183,1789999.9619,1100000.0238
24.06.2021 00:55:00.143,0.91839,0.9182700000000001,1570000.0525,1100000.0238
24.06.2021 00:55:00.245,0.91839,0.91829,1200000.0477,1009999.9905
24.06.2021 00:55:00.346,0.9184,0.9183,1409999.9666,1000000
24.06.2021 00:55:00.548,0.9184,0.9183,1100000.0238,1100000.0238
24.06.2021 00:55:00.650,0.9184,0.9183,1100000.0238,1000000
24.06.2021 00:55:00.751,0.9184100000000001,0.91829,1100000.0238,1100000.0238
24.06.2021 00:55:00.853,0.91845,0.9183600000000001,3000000,3660000.0858
24.06.2021 00:55:00.954,0.9184700000000001,0.91839,1000000,1000000
24.06.2021 00:55:01.055,0.9185000000000001,0.9184,1100000.0238,1009999.9905
24.06.2021 00:55:01.409,0.9185000000000001,0.91838,1000000,1350000.0238
24.06.2021 00:55:03.012,0.91849,0.91839,1100000.0238,1009999.9905
24.06.2021 00:55:03.113,0.9184700000000001,0.91839,1000000,1009999.9905
24.06.2021 00:55:04.635,0.91848,0.91839,1000000,1100000.0238
24.06.2021 00:55:06.662,0.9185000000000001,0.91839,1000000,1009999.9905
24.06.2021 00:55:06.763,0.91849,0.9184,1000000,1100000.0238
