Gmt time,Ask,Bid,AskVolume,BidVolume
24.06.2021 00:00:00.273,293.82599999999996,293.35200000000003,370000.0048,1600000.0238
24.06.2021 00:00:00.408,293.82599999999996,293.35200000000003,370000.0048,1500000
24.06.2021 00:00:00.459,293.873,293.34200000000004,699999.9881,1700000.0477
24.06.2021 00:00:01.068,293.816,293.34200000000004,370000.0048,1700000.0477
24.06.2021 00:00:05.056,293.816,293.34200000000004,370000.0048,1700000.0477
24.06.2021 00:00:05.508,293.816,293.34200000000004,370000.0048,1700000.0477
24.06.2021 00:00:05.609,293.865,293.35200000000003,699999.9881,1100000.0238
24.06.2021 00:00:05.743,293.862,293.314,699999.9881,1950000.0477
24.06.2021 00:00:05.844,293.806,293.314,370000.0048,1950000.0477
24.06.2021 00:00:06.485,293.796,293.392,370000.0048,1000000
24.06.2021 00:00:06.636,293.81,293.392,1600000.0238,1200000.0477
24.06.2021 00:00:06.801,293.746,293.392,370000.0048,1200000.0477
24.06.2021 00:00:08.927,293.873,293.406,1700000.0477,1200000.0477
24.06.2021 00:00:08.977,293.819,293.406,1600000.0238,1200000.0477
24.06.2021 00:00:09.082,293.819,293.406,1600000.0238,1200000.0477
24.06.2021 00:00:09.237,293.756,293.406,370000.0048,1200000.0477
24.06.2021 00:00:09.426,293.812,293.406,1600000.0238,1200000.0477
24.06.2021 00:00:09.633,293.746,293.406,370000.0048,1200000.0477
24.06.2021 00:00:11.482,293.736,293.348,370000.0048,1450000.0477
24.06.2021 00:00:11.698,293.786,293.34200000000004,370000.0048,1450000.0477
24.06.2021 00:00:12.969,293.796,293.307,370000.0048,1700000.0477
24.06.2021 00:00:14.943,293.786,293.348,370000.0048,1700000.0477
24.06.2021 00:00:15.107,293.736,293.346,370000.0048,1700000.0477
24.06.2021 00:00:15.276,293.796,293.362,370000.0048,1600000.0238
24.06.2021 00:00:15.477,293.746,293.325,370000.0048,1700000.0477
24.06.2021 00:00:15.667,293.796,293.325,370000.0048,1700000.0477
24.06.2021 00:00:16.623,293.756,293.369,370000.0048,1700000.0477
24.06.2021 00:00:17.620,293.756,293.406,370000.0048,1200000.0477
24.06.2021 00:00:18.048,293.756,293.406,370000.0048,1200000.0477
24.06.2021 00:00:18.629,293.815,293.406,1600000.0238,1200000.0477
24.06.2021 00:00:18.679,293.815,293.406,1600000.0238,1200000.0477
24.06.2021 00:00:18.785,293.815,293.406,1600000.0238,1200000.0477
24.06.2021 00:00:18.947,293.756,293.426,370000.0048,1200000.0477
24.06.2021 00:00:19.102,293.756,293.426,370000.0048,1200000.0477
24.06.2021 00:00:19.239,293.776,293.426,370000.0048,1200000.0477
24.06.2021 00:00:19.676,293.776,293.426,370000.0048,1200000.0477
24.06.2021 00:00:19.799,293.776,293.426,370000.0048,1200000.0477
24.06.2021 00:00:20.532,293.776,293.426,370000.0048,1200000.0477
24.06.2021 00:00:20.748,293.766,293.426,370000.0048,1200000.0477
24.06.2021 00:00:21.548,293.795,293.391,1500000,1500000
24.06.2021 00:00:21.599,293.736,293.381,370000.0048,1500000
24.06.2021 00:00:22.001,293.746,293.371,370000.0048,1500000
24.06.2021 00:00:22.202,293.777,293.444,1509999.9905,370000.0048
24.06.2021 00:00:22.604,293.736,293.371,370000.0048,1500000
24.06.2021 00:00:22.806,293.726,293.35200000000003,370000.0048,1750000
24.06.2021 00:00:23.007,293.716,293.356,370000.0048,1750000
24.06.2021 00:00:23.410,293.716,293.454,370000.0048,370000.0048
24.06.2021 00:00:23.612,293.716,293.382,370000.0048,1500000
24.06.2021 00:00:23.813,293.781,293.444,1600000.0238,370000.0048
24.06.2021 00:00:24.014,293.783,293.444,1600000.0238,370000.0048
24.06.2021 00:00:24.216,293.716,293.454,370000.0048,370000.0048
24.06.2021 00:00:24.668,293.726,293.374,370000.0048,1500000
24.06.2021 00:00:24.870,293.783,293.381,1750000,1500000
24.06.2021 00:00:25.071,293.77500000000003,293.38599999999997,1250000,1500000
24.06.2021 00:00:25.273,293.726,293.388,370000.0048,1500000
24.06.2021 00:00:25.474,293.716,293.454,370000.0048,370000.0048
24.06.2021 00:00:25.675,293.726,293.454,370000.0048,370000.0048
24.06.2021 00:00:25.876,293.716,293.454,370000.0048,370000.0048
24.06.2021 00:00:26.178,293.736,293.373,370000.0048,1600000.0238
24.06.2021 00:00:26.429,293.785,293.444,1600000.0238,370000.0048
24.06.2021 00:00:26.631,293.716,293.454,370000.0048,370000.0048
24.06.2021 00:00:30.246,293.746,293.373,370000.0048,1600000.0238
24.06.2021 00:00:30.708,293.746,293.399,370000.0048,1700000.0477
24.06.2021 00:00:31.289,293.746,293.399,370000.0048,1700000.0477
24.06.2021 00:00:35.154,293.736,293.47400000000005,370000.0048,370000.0048
24.06.2021 00:00:37.284,293.726,293.464,370000.0048,370000.0048
24.06.2021 00:00:41.005,293.736,293.379,370000.0048,1500000
24.06.2021 00:00:42.659,293.736,293.378,370000.0048,1700000.0477
24.06.2021 00:00:45.986,293.726,293.464,370000.0048,370000.0048
24.06.2021 00:00:48.705,293.736,293.464,370000.0048,370000.0048
24.06.2021 00:00:48.900,293.736,293.47400000000005,370000.0048,370000.0048
24.06.2021 00:01:00.401,293.746,293.48400000000004,370000.0048,370000.0048
24.06.2021 00:01:04.276,293.746,293.47400000000005,370000.0048,370000.0048
24.06.2021 00:01:07.135,293.736,293.47400000000005,370000.0048,370000.0048
24.06.2021 00:01:16.932,293.746,293.48400000000004,370000.0048,370000.0048
24.06.2021 00:01:19.098,293.756,293.494,370000.0048,370000.0048
24.06.2021 00:01:19.471,293.766,293.494,370000.0048,370000.0048
24.06.2021 00:01:19.764,293.766,293.504,370000.0048,370000.0048
24.06.2021 00:01:21.437,293.756,293.494,370000.0048,370000.0048
24.06.2021 00:01:21.752,293.756,293.48400000000004,370000.0048,370000.0048
24.06.2021 00:01:22.971,293.756,293.494,370000.0048,370000.0048
24.06.2021 00:01:28.948,293.756,293.48400000000004,370000.0048,370000.0048
24.06.2021 00:01:29.689,293.756,293.494,370000.0048,370000.0048
24.06.2021 00:01:29.890,293.776,293.504,370000.0048,370000.0048
24.06.2021 00:01:30.105,293.776,293.514,370000.0048,370000.0048
24.06.2021 00:01:31.240,293.766,293.504,370000.0048,370000.0048
24.06.2021 00:01:34.827,293.766,293.494,370000.0048,370000.0048
24.06.2021 00:01:35.032,293.756,293.494,370000.0048,370000.0048
24.06.2021 00:01:35.473,293.746,293.48400000000004,370000.0048,370000.0048
24.06.2021 00:01:37.002,293.756,293.48400000000004,370000.0048,370000.0048
24.06.2021 00:01:38.893,293.746,293.48400000000004,370000.0048,370000.0048
24.06.2021 00:01:45.827,293.756,293.494,370000.0048,370000.0048
24.06.2021 00:01:52.132,293.766,293.504,370000.0048,370000.0048
24.06.2021 00:01:56.219,293.766,293.494,370000.0048,370000.0048
24.06.2021 00:02:03.036,293.766,293.504,370000.0048,370000.0048
24.06.2021 00:02:03.741,293.776,293.504,370000.0048,370000.0048
24.06.2021 00:02:03.842,293.776,293.514,370000.0048,370000.0048
24.06.2021 00:02:03.993,293.786,293.514,370000.0048,370000.0048
24.06.2021 00:02:04.245,293.786,293.524,370000.0048,370000.0048
24.06.2021 00:02:04.520,293.786,293.514,370000.0048,370000.0048
24.06.2021 00:02:04.677,293.786,293.524,370000.0048,370000.0048
24.06.2021 00:02:13.223,293.786,293.514,370000.0048,370000.0048
24.06.2021 00:02:13.411,293.776,293.514,370000.0048,370000.0048
24.06.2021 00:02:31.439,293.786,293.514,370000.0048,370000.0048
24.06.2021 00:02:31.988,293.786,293.524,370000.0048,370000.0048
24.06.2021 00:02:43.258,293.796,293.53400000000005,370000.0048,370000.0048
24.06.2021 00:03:25.651,293.796,293.53400000000005,569999.9928,370000.0048
24.06.2021 00:03:25.752,293.75,293.53400000000005,1000000,370000.0048
24.06.2021 00:03:26.074,293.72400000000005,293.53400000000005,1000000,370000.0048
24.06.2021 00:03:32.627,293.72400000000005,293.524,1000000,370000.0048
24.06.2021 00:03:39.972,293.72400000000005,293.53400000000005,1000000,370000.0048
24.06.2021 00:03:40.950,293.72400000000005,293.524,1000000,370000.0048
24.06.2021 00:03:42.589,293.75,293.524,1000000,370000.0048
24.06.2021 00:03:44.017,293.75,293.54400000000004,1000000,370000.0048
24.06.2021 00:03:44.117,293.771,293.54400000000004,1000000,370000.0048
24.06.2021 00:03:51.117,293.771,293.53400000000005,1000000,370000.0048
24.06.2021 00:03:56.118,293.771,293.524,1000000,370000.0048
24.06.2021 00:03:56.169,293.72400000000005,293.524,1000000,370000.0048
24.06.2021 00:04:03.289,293.72400000000005,293.53400000000005,1000000,370000.0048
24.06.2021 00:04:10.794,293.771,293.524,1000000,370000.0048
24.06.2021 00:04:11.069,293.771,293.514,1000000,370000.0048
24.06.2021 00:04:14.015,293.732,293.514,1000000,370000.0048
24.06.2021 00:04:16.547,293.732,293.524,1000000,370000.0048
24.06.2021 00:04:26.226,293.72400000000005,293.524,1000000,370000.0048
24.06.2021 00:04:29.382,293.72400000000005,293.53400000000005,1000000,370000.0048
24.06.2021 00:04:29.648,293.728,293.53400000000005,1000000,370000.0048
24.06.2021 00:04:34.295,293.728,293.524,1000000,370000.0048
24.06.2021 00:04:35.855,293.728,293.514,1000000,370000.0048
24.06.2021 00:04:39.283,293.728,293.504,1000000,370000.0048
24.06.2021 00:04:39.923,293.759,293.504,1000000,370000.0048
24.06.2021 00:04:56.509,293.759,293.514,1000000,370000.0048
24.06.2021 00:04:57.126,293.759,293.504,1000000,370000.0048
24.06.2021 00:04:57.378,293.759,293.48400000000004,1500000,370000.0048
24.06.2021 00:04:57.593,293.759,293.47400000000005,1500000,370000.0048
24.06.2021 00:04:57.750,293.759,293.47400000000005,1500000,370000.0048
24.06.2021 00:04:58.902,293.759,293.47400000000005,1500000,370000.0048
24.06.2021 00:04:59.097,293.759,293.48400000000004,1500000,370000.0048
24.06.2021 00:04:59.738,293.728,293.48400000000004,1000000,370000.0048
24.06.2021 00:05:02.526,293.728,293.47400000000005,1000000,370000.0048
24.06.2021 00:05:09.304,293.728,293.464,1000000,370000.0048
24.06.2021 00:05:09.505,293.728,293.47400000000005,1000000,370000.0048
24.06.2021 00:05:10.673,293.759,293.47400000000005,1500000,370000.0048
24.06.2021 00:05:10.724,293.759,293.47400000000005,1500000,370000.0048
24.06.2021 00:05:11.132,293.759,293.48400000000004,1500000,370000.0048
24.06.2021 00:05:19.758,293.759,293.48400000000004,1500000,370000.0048
24.06.2021 00:05:19.962,293.759,293.48400000000004,1500000,370000.0048
24.06.2021 00:05:29.972,293.728,293.48400000000004,1000000,370000.0048
24.06.2021 00:05:31.868,293.728,293.494,1000000,370000.0048
24.06.2021 00:05:37.886,293.759,293.494,1500000,370000.0048
24.06.2021 00:05:38.038,293.759,293.494,1000000,370000.0048
24.06.2021 00:05:38.988,293.759,293.504,1000000,370000.0048
24.06.2021 00:05:40.055,293.759,293.494,1000000,370000.0048
24.06.2021 00:05:52.148,293.759,293.494,1500000,370000.0048
24.06.2021 00:05:54.156,293.759,293.504,1000000,370000.0048
24.06.2021 00:05:54.570,293.759,293.514,1000000,370000.0048
24.06.2021 00:06:00.004,293.728,293.514,1000000,370000.0048
24.06.2021 00:06:12.990,293.759,293.514,1000000,370000.0048
24.06.2021 00:06:13.119,293.759,293.504,1000000,370000.0048
24.06.2021 00:06:21.319,293.759,293.514,1000000,370000.0048
24.06.2021 00:06:23.217,293.759,293.504,1000000,370000.0048
24.06.2021 00:06:27.501,293.759,293.494,1500000,370000.0048
24.06.2021 00:06:30.225,293.728,293.494,1000000,370000.0048
24.06.2021 00:06:38.957,293.675,293.494,1000000,370000.0048
24.06.2021 00:06:41.453,293.675,293.48400000000004,1000000,370000.0048
24.06.2021 00:06:46.846,293.675,293.494,1000000,370000.0048
24.06.2021 00:06:47.802,293.675,293.48400000000004,1000000,370000.0048
24.06.2021 00:06:50.010,293.70099999999996,293.48400000000004,1000000,370000.0048
24.06.2021 00:07:08.543,293.70099999999996,293.47400000000005,1000000,370000.0048
24.06.2021 00:07:09.339,293.675,293.47400000000005,1000000,370000.0048
24.06.2021 00:07:20.121,293.70099999999996,293.464,1000000,370000.0048
24.06.2021 00:07:26.841,293.689,293.464,1000000,370000.0048
24.06.2021 00:07:26.943,293.66200000000003,293.47400000000005,1000000,370000.0048
24.06.2021 00:07:28.352,293.66200000000003,293.464,1000000,370000.0048
24.06.2021 00:07:38.505,293.689,293.464,1000000,370000.0048
24.06.2021 00:07:55.185,293.689,293.454,1000000,370000.0048
24.06.2021 00:07:57.035,293.66200000000003,293.454,1000000,370000.0048
24.06.2021 00:08:03.824,293.66200000000003,293.444,1000000,370000.0048
24.06.2021 00:08:09.519,293.66200000000003,293.454,1000000,370000.0048
24.06.2021 00:08:12.741,293.689,293.454,1000000,370000.0048
24.06.2021 00:08:13.779,293.689,293.464,1000000,370000.0048
24.06.2021 00:08:27.247,293.66200000000003,293.464,1000000,370000.0048
24.06.2021 00:08:53.152,293.689,293.464,1000000,370000.0048
24.06.2021 00:08:53.354,293.68,293.464,1000000,370000.0048
24.06.2021 00:08:53.505,293.68,293.47400000000005,1000000,370000.0048
24.06.2021 00:08:57.265,293.66200000000003,293.47400000000005,1000000,370000.0048
24.06.2021 00:09:00.260,293.66400000000004,293.47400000000005,1250000,370000.0048
24.06.2021 00:09:00.361,293.66400000000004,293.48400000000004,1000000,370000.0048
24.06.2021 00:09:02.225,293.66400000000004,293.494,1000000,370000.0048
24.06.2021 00:09:14.929,293.68,293.494,1000000,370000.0048
24.06.2021 00:09:21.124,293.713,293.494,1000000,370000.0048
24.06.2021 00:09:30.480,293.66400000000004,293.494,1100000.0238,370000.0048
24.06.2021 00:09:31.093,293.686,293.494,1000000,370000.0048
24.06.2021 00:09:33.195,293.686,293.48400000000004,1000000,370000.0048
24.06.2021 00:09:38.923,293.686,293.494,1000000,370000.0048
24.06.2021 00:09:43.372,293.716,293.494,1000000,370000.0048
24.06.2021 00:09:47.878,293.684,293.494,1000000,370000.0048
24.06.2021 00:09:47.979,293.684,293.504,1000000,370000.0048
24.06.2021 00:09:48.132,293.684,293.514,1000000,370000.0048
24.06.2021 00:09:54.108,293.684,293.504,1000000,370000.0048
24.06.2021 00:09:54.418,293.684,293.494,1000000,370000.0048
24.06.2021 00:10:02.056,293.709,293.494,1870000.0048,370000.0048
24.06.2021 00:10:08.839,293.709,293.48400000000004,1000000,370000.0048
24.06.2021 00:10:18.080,293.684,293.48400000000004,1000000,370000.0048
24.06.2021 00:10:40.408,293.709,293.48400000000004,1000000,370000.0048
24.06.2021 00:10:48.103,293.684,293.48400000000004,1000000,370000.0048
24.06.2021 00:11:01.208,293.709,293.494,1000000,370000.0048
24.06.2021 00:11:01.309,293.682,293.494,1000000,370000.0048
24.06.2021 00:11:01.762,293.682,293.504,1000000,370000.0048
24.06.2021 00:11:08.247,293.682,293.44,1000000,1000000
24.06.2021 00:11:08.747,293.682,293.47400000000005,1000000,370000.0048
24.06.2021 00:11:08.904,293.682,293.464,1000000,370000.0048
24.06.2021 00:11:09.858,293.682,293.47400000000005,1000000,370000.0048
24.06.2021 00:11:10.314,293.707,293.47400000000005,1000000,370000.0048
24.06.2021 00:11:19.182,293.707,293.454,1000000,370000.0048
24.06.2021 00:11:24.394,293.707,293.47400000000005,1000000,370000.0048
24.06.2021 00:11:28.624,293.707,293.48400000000004,1000000,370000.0048
24.06.2021 00:11:29.715,293.707,293.464,1000000,370000.0048
24.06.2021 00:11:29.815,293.707,293.454,1000000,370000.0048
24.06.2021 00:11:31.795,293.707,293.464,1000000,370000.0048
24.06.2021 00:11:32.877,293.682,293.464,1000000,370000.0048
24.06.2021 00:11:34.096,293.682,293.47400000000005,1000000,370000.0048
24.06.2021 00:11:34.295,293.682,293.454,1000000,370000.0048
24.06.2021 00:11:34.813,293.682,293.48400000000004,1000000,370000.0048
24.06.2021 00:11:36.215,293.653,293.494,750000,370000.0048
24.06.2021 00:11:36.675,293.653,293.504,1000000,370000.0048
24.06.2021 00:11:36.777,293.67,293.504,1000000,370000.0048
24.06.2021 00:11:43.755,293.67,293.48400000000004,1000000,370000.0048
24.06.2021 00:11:45.854,293.67900000000003,293.48400000000004,1000000,370000.0048
24.06.2021 00:11:48.753,293.67900000000003,293.504,1000000,370000.0048
24.06.2021 00:11:53.873,293.676,293.504,1000000,370000.0048
24.06.2021 00:11:56.329,293.676,293.514,1000000,370000.0048
24.06.2021 00:11:57.142,293.676,293.494,1000000,370000.0048
24.06.2021 00:12:00.627,293.682,293.494,1000000,370000.0048
24.06.2021 00:12:00.779,293.682,293.504,1000000,370000.0048
24.06.2021 00:12:01.242,293.682,293.524,1000000,370000.0048
24.06.2021 00:12:03.178,293.682,293.514,1000000,370000.0048
24.06.2021 00:12:07.759,293.682,293.455,1000000,1500000
24.06.2021 00:12:07.860,293.682,293.494,1000000,370000.0048
24.06.2021 00:12:08.061,293.682,293.504,1000000,370000.0048
24.06.2021 00:12:08.773,293.694,293.504,1000000,370000.0048
24.06.2021 00:12:10.082,293.694,293.514,1000000,370000.0048
24.06.2021 00:12:31.125,293.682,293.514,750000,370000.0048
24.06.2021 00:12:37.483,293.682,293.504,750000,370000.0048
24.06.2021 00:12:43.933,293.694,293.504,1000000,370000.0048
24.06.2021 00:13:01.155,293.682,293.504,1000000,370000.0048
24.06.2021 00:13:19.028,293.694,293.504,1000000,370000.0048
24.06.2021 00:13:31.185,293.682,293.504,1000000,370000.0048
24.06.2021 00:13:40.768,293.682,293.494,1000000,370000.0048
24.06.2021 00:13:45.515,293.694,293.494,750000,370000.0048
24.06.2021 00:13:55.960,293.694,293.48400000000004,750000,370000.0048
24.06.2021 00:13:56.747,293.694,293.494,750000,370000.0048
24.06.2021 00:14:01.406,293.682,293.494,1000000,370000.0048
24.06.2021 00:14:18.964,293.756,293.494,569999.9928,370000.0048
24.06.2021 00:14:24.692,293.694,293.494,750000,370000.0048
24.06.2021 00:14:31.533,293.682,293.494,1000000,370000.0048
24.06.2021 00:14:41.685,293.682,293.48400000000004,1000000,370000.0048
24.06.2021 00:14:41.829,293.694,293.48400000000004,750000,370000.0048
24.06.2021 00:14:48.432,293.694,293.47400000000005,1000000,370000.0048
24.06.2021 00:14:48.862,293.694,293.454,1000000,370000.0048
24.06.2021 00:14:57.848,293.668,293.464,750000,370000.0048
24.06.2021 00:14:58.706,293.637,293.464,1000000,370000.0048
24.06.2021 00:15:00.477,293.637,293.454,1000000,370000.0048
24.06.2021 00:15:06.760,293.637,293.464,1000000,370000.0048
24.06.2021 00:15:06.915,293.637,293.454,1000000,370000.0048
24.06.2021 00:15:07.119,293.637,293.464,1000000,370000.0048
24.06.2021 00:15:10.637,293.668,293.464,750000,370000.0048
24.06.2021 00:15:10.700,293.668,293.454,750000,370000.0048
24.06.2021 00:15:22.040,293.668,293.464,750000,370000.0048
24.06.2021 00:15:28.963,293.637,293.464,1000000,370000.0048
24.06.2021 00:15:39.938,293.668,293.464,1000000,370000.0048
24.06.2021 00:15:58.506,293.668,293.47400000000005,1000000,370000.0048
24.06.2021 00:15:59.019,293.637,293.47400000000005,1000000,370000.0048
24.06.2021 00:16:04.780,293.637,293.464,1000000,370000.0048
24.06.2021 00:16:13.124,293.668,293.464,1000000,370000.0048
24.06.2021 00:16:29.221,293.637,293.464,1000000,370000.0048
24.06.2021 00:16:59.020,293.668,293.464,1000000,370000.0048
24.06.2021 00:16:59.434,293.637,293.464,1000000,370000.0048
24.06.2021 00:16:59.485,293.637,293.454,1000000,370000.0048
24.06.2021 00:17:09.055,293.637,293.444,1000000,370000.0048
24.06.2021 00:17:13.104,293.668,293.444,1000000,370000.0048
24.06.2021 00:17:18.117,293.668,293.454,1000000,370000.0048
24.06.2021 00:17:19.230,293.668,293.47400000000005,1000000,370000.0048
24.06.2021 00:17:19.765,293.705,293.47400000000005,1000000,370000.0048
24.06.2021 00:17:35.708,293.708,293.47400000000005,1000000,370000.0048
24.06.2021 00:17:37.470,293.708,293.464,1000000,370000.0048
24.06.2021 00:17:38.489,293.736,293.464,1120000.0048,370000.0048
24.06.2021 00:17:44.781,293.736,293.47400000000005,1120000.0048,370000.0048
24.06.2021 00:17:58.240,293.738,293.464,1500000,370000.0048
24.06.2021 00:18:23.630,293.738,293.454,1500000,370000.0048
24.06.2021 00:18:31.338,293.738,293.464,1500000,370000.0048
24.06.2021 00:18:43.134,293.736,293.454,1500000,370000.0048
24.06.2021 00:18:50.178,293.738,293.464,1500000,370000.0048
24.06.2021 00:19:22.994,293.738,293.464,1500000,370000.0048
24.06.2021 00:19:30.037,293.738,293.464,1500000,370000.0048
24.06.2021 00:19:37.951,293.738,293.454,1500000,370000.0048
24.06.2021 00:19:43.969,293.736,293.444,1500000,370000.0048
24.06.2021 00:19:46.569,293.736,293.444,1500000,370000.0048
24.06.2021 00:19:47.913,293.736,293.434,1500000,370000.0048
24.06.2021 00:20:18.051,293.736,293.444,1500000,370000.0048
24.06.2021 00:20:23.779,293.738,293.434,1500000,370000.0048
24.06.2021 00:20:32.644,293.738,293.434,1500000,370000.0048
24.06.2021 00:20:33.196,293.738,293.42400000000004,1500000,370000.0048
24.06.2021 00:20:34.242,293.738,293.434,1500000,370000.0048
24.06.2021 00:20:47.182,293.686,293.42400000000004,370000.0048,370000.0048
24.06.2021 00:20:47.427,293.736,293.434,1500000,370000.0048
24.06.2021 00:21:06.772,293.738,293.444,1500000,370000.0048
24.06.2021 00:21:20.368,293.736,293.434,1500000,370000.0048
24.06.2021 00:21:20.470,293.738,293.444,1500000,370000.0048
24.06.2021 00:21:22.230,293.738,293.434,1500000,370000.0048
24.06.2021 00:21:23.049,293.738,293.434,1500000,370000.0048
24.06.2021 00:21:28.222,293.738,293.444,1500000,370000.0048
24.06.2021 00:21:30.381,293.738,293.464,1500000,370000.0048
24.06.2021 00:21:41.323,293.736,293.454,1500000,370000.0048
24.06.2021 00:22:16.284,293.736,293.444,1500000,370000.0048
24.06.2021 00:22:20.777,293.738,293.454,1500000,370000.0048
24.06.2021 00:22:21.591,293.738,293.444,1500000,370000.0048
24.06.2021 00:22:25.520,293.738,293.444,1500000,370000.0048
24.06.2021 00:22:30.434,293.738,293.444,1500000,370000.0048
24.06.2021 00:22:35.388,293.738,293.444,1500000,370000.0048
24.06.2021 00:22:37.126,293.738,293.444,1500000,370000.0048
24.06.2021 00:22:59.186,293.738,293.444,1500000,370000.0048
24.06.2021 00:23:04.408,293.738,293.434,1500000,370000.0048
24.06.2021 00:23:04.610,293.738,293.42400000000004,1500000,370000.0048
24.06.2021 00:23:05.416,293.666,293.404,370000.0048,370000.0048
24.06.2021 00:23:10.262,293.686,293.42400000000004,370000.0048,370000.0048
24.06.2021 00:23:17.402,293.666,293.404,370000.0048,370000.0048
24.06.2021 00:23:18.398,293.77500000000003,293.404,1700000.0477,370000.0048
24.06.2021 00:23:18.590,293.676,293.41400000000004,370000.0048,370000.0048
24.06.2021 00:23:18.983,293.77500000000003,293.41400000000004,1700000.0477,370000.0048
24.06.2021 00:23:22.400,293.738,293.434,1500000,370000.0048
24.06.2021 00:23:30.461,293.676,293.41400000000004,370000.0048,370000.0048
24.06.2021 00:23:35.458,293.738,293.434,1500000,370000.0048
24.06.2021 00:23:42.457,293.676,293.41400000000004,370000.0048,370000.0048
24.06.2021 00:23:47.456,293.736,293.434,1500000,370000.0048
24.06.2021 00:23:53.782,293.676,293.41400000000004,370000.0048,370000.0048
24.06.2021 00:23:58.326,293.738,293.42400000000004,1500000,370000.0048
24.06.2021 00:24:26.728,293.736,293.434,1500000,370000.0048
24.06.2021 00:24:34.216,293.738,293.42400000000004,1500000,370000.0048
24.06.2021 00:24:34.417,293.686,293.42400000000004,370000.0048,370000.0048
24.06.2021 00:24:48.405,293.736,293.42400000000004,1500000,370000.0048
24.06.2021 00:25:12.988,293.736,293.434,1500000,370000.0048
24.06.2021 00:25:26.356,293.69599999999997,293.42400000000004,370000.0048,370000.0048
24.06.2021 00:25:30.739,293.686,293.42400000000004,370000.0048,370000.0048
24.06.2021 00:25:39.714,293.686,293.41400000000004,370000.0048,370000.0048
24.06.2021 00:25:42.427,293.676,293.41400000000004,370000.0048,370000.0048
24.06.2021 00:25:46.480,293.686,293.42400000000004,370000.0048,370000.0048
24.06.2021 00:25:49.455,293.686,293.41400000000004,370000.0048,370000.0048
24.06.2021 00:25:54.381,293.676,293.41400000000004,370000.0048,370000.0048
24.06.2021 00:26:32.872,293.686,293.41400000000004,370000.0048,370000.0048
24.06.2021 00:26:33.073,293.69599999999997,293.42400000000004,370000.0048,370000.0048
24.06.2021 00:26:33.174,293.686,293.42400000000004,370000.0048,370000.0048
24.06.2021 00:26:45.648,293.676,293.41400000000004,370000.0048,370000.0048
24.06.2021 00:26:46.359,293.686,293.41400000000004,370000.0048,370000.0048
24.06.2021 00:26:55.379,293.676,293.41400000000004,370000.0048,370000.0048
24.06.2021 00:27:19.510,293.686,293.41400000000004,370000.0048,370000.0048
24.06.2021 00:27:19.830,293.676,293.41400000000004,370000.0048,370000.0048
24.06.2021 00:27:22.955,293.686,293.41400000000004,370000.0048,370000.0048
24.06.2021 00:27:24.475,293.686,293.42400000000004,370000.0048,370000.0048
24.06.2021 00:27:24.683,293.686,293.41400000000004,370000.0048,370000.0048
24.06.2021 00:27:26.279,293.686,293.42400000000004,370000.0048,370000.0048
24.06.2021 00:27:26.480,293.69599999999997,293.434,370000.0048,370000.0048
24.06.2021 00:27:26.799,293.706,293.444,370000.0048,370000.0048
24.06.2021 00:27:38.446,293.706,293.434,370000.0048,370000.0048
24.06.2021 00:27:39.019,293.706,293.444,370000.0048,370000.0048
24.06.2021 00:27:39.786,293.706,293.434,370000.0048,370000.0048
24.06.2021 00:27:40.736,293.69599999999997,293.434,370000.0048,370000.0048
24.06.2021 00:27:41.645,293.706,293.434,370000.0048,370000.0048
24.06.2021 00:27:42.048,293.706,293.444,370000.0048,370000.0048
24.06.2021 00:27:44.457,293.69599999999997,293.434,370000.0048,370000.0048
24.06.2021 00:27:52.469,293.69599999999997,293.42400000000004,370000.0048,370000.0048
24.06.2021 00:27:53.621,293.69599999999997,293.434,370000.0048,370000.0048
24.06.2021 00:27:57.414,293.706,293.444,370000.0048,370000.0048
24.06.2021 00:28:12.379,293.69599999999997,293.434,370000.0048,370000.0048
24.06.2021 00:28:18.832,293.706,293.444,370000.0048,370000.0048
24.06.2021 00:28:21.030,293.706,293.434,370000.0048,370000.0048
24.06.2021 00:28:21.281,293.69599999999997,293.434,370000.0048,370000.0048
24.06.2021 00:28:21.731,293.706,293.444,370000.0048,370000.0048
24.06.2021 00:28:22.872,293.716,293.454,370000.0048,370000.0048
24.06.2021 00:28:23.210,293.774,293.454,1700000.0477,370000.0048
24.06.2021 00:28:23.965,293.774,293.464,1700000.0477,370000.0048
24.06.2021 00:28:24.123,293.774,293.454,1700000.0477,370000.0048
24.06.2021 00:28:25.690,293.774,293.464,1700000.0477,370000.0048
24.06.2021 00:28:26.570,293.736,293.464,370000.0048,370000.0048
24.06.2021 00:28:29.577,293.726,293.464,370000.0048,370000.0048
24.06.2021 00:28:36.907,293.726,293.454,370000.0048,370000.0048
24.06.2021 00:28:37.149,293.716,293.454,370000.0048,370000.0048
24.06.2021 00:28:48.801,293.726,293.454,370000.0048,370000.0048
24.06.2021 00:28:49.393,293.726,293.464,370000.0048,370000.0048
24.06.2021 00:28:52.840,293.726,293.454,370000.0048,370000.0048
24.06.2021 00:28:56.083,293.716,293.454,370000.0048,370000.0048
24.06.2021 00:29:01.173,293.726,293.454,370000.0048,370000.0048
24.06.2021 00:29:01.354,293.726,293.464,370000.0048,370000.0048
24.06.2021 00:29:15.988,293.736,293.464,370000.0048,370000.0048
24.06.2021 00:29:16.156,293.736,293.47400000000005,370000.0048,370000.0048
24.06.2021 00:29:22.706,293.736,293.464,370000.0048,370000.0048
24.06.2021 00:29:26.539,293.736,293.47400000000005,370000.0048,370000.0048
24.06.2021 00:29:26.993,293.736,293.464,370000.0048,370000.0048
24.06.2021 00:29:27.241,293.736,293.47400000000005,370000.0048,370000.0048
24.06.2021 00:29:28.021,293.746,293.48400000000004,370000.0048,370000.0048
24.06.2021 00:29:29.456,293.736,293.47400000000005,370000.0048,370000.0048
24.06.2021 00:29:36.540,293.736,293.464,370000.0048,370000.0048
24.06.2021 00:29:58.954,293.736,293.47400000000005,370000.0048,370000.0048
24.06.2021 00:30:02.633,293.726,293.464,370000.0048,370000.0048
24.06.2021 00:30:02.785,293.716,293.454,370000.0048,370000.0048
24.06.2021 00:30:03.517,293.726,293.454,370000.0048,370000.0048
24.06.2021 00:30:18.477,293.726,293.464,370000.0048,370000.0048
24.06.2021 00:30:18.679,293.736,293.464,370000.0048,370000.0048
24.06.2021 00:30:23.256,293.736,293.47400000000005,370000.0048,370000.0048
24.06.2021 00:30:28.665,293.746,293.47400000000005,370000.0048,370000.0048
24.06.2021 00:30:28.878,293.746,293.48400000000004,370000.0048,370000.0048
24.06.2021 00:31:19.327,293.756,293.48400000000004,370000.0048,370000.0048
24.06.2021 00:31:19.530,293.756,293.494,370000.0048,370000.0048
24.06.2021 00:31:28.814,293.756,293.48400000000004,370000.0048,370000.0048
24.06.2021 00:31:29.019,293.746,293.48400000000004,370000.0048,370000.0048
24.06.2021 00:32:09.866,293.756,293.48400000000004,370000.0048,370000.0048
24.06.2021 00:32:11.493,293.756,293.494,370000.0048,370000.0048
24.06.2021 00:32:23.536,293.746,293.48400000000004,370000.0048,370000.0048
24.06.2021 00:32:24.016,293.746,293.47400000000005,370000.0048,370000.0048
24.06.2021 00:32:24.735,293.746,293.48400000000004,370000.0048,370000.0048
24.06.2021 00:32:26.561,293.746,293.47400000000005,370000.0048,370000.0048
24.06.2021 00:32:27.055,293.746,293.48400000000004,370000.0048,370000.0048
24.06.2021 00:32:29.994,293.746,293.47400000000005,370000.0048,370000.0048
24.06.2021 00:32:30.196,293.726,293.464,370000.0048,370000.0048
24.06.2021 00:32:30.399,293.726,293.454,370000.0048,370000.0048
24.06.2021 00:32:30.605,293.716,293.454,370000.0048,370000.0048
24.06.2021 00:32:30.817,293.726,293.454,370000.0048,370000.0048
24.06.2021 00:32:31.220,293.716,293.454,370000.0048,370000.0048
24.06.2021 00:32:36.058,293.726,293.464,370000.0048,370000.0048
24.06.2021 00:32:36.412,293.726,293.454,370000.0048,370000.0048
24.06.2021 00:32:43.927,293.716,293.454,370000.0048,370000.0048
24.06.2021 00:33:09.683,293.726,293.454,370000.0048,370000.0048
24.06.2021 00:33:09.840,293.726,293.464,370000.0048,370000.0048
24.06.2021 00:33:46.914,293.736,293.464,370000.0048,370000.0048
24.06.2021 00:33:47.117,293.726,293.464,370000.0048,370000.0048
24.06.2021 00:33:47.745,293.716,293.454,370000.0048,370000.0048
24.06.2021 00:33:53.940,293.726,293.454,370000.0048,370000.0048
24.06.2021 00:33:54.309,293.716,293.454,370000.0048,370000.0048
24.06.2021 00:33:55.119,293.726,293.454,370000.0048,370000.0048
24.06.2021 00:33:55.322,293.726,293.464,370000.0048,370000.0048
24.06.2021 00:33:55.616,293.726,293.454,370000.0048,370000.0048
24.06.2021 00:33:55.778,293.716,293.454,370000.0048,370000.0048
24.06.2021 00:33:56.395,293.726,293.454,370000.0048,370000.0048
24.06.2021 00:33:56.748,293.726,293.464,370000.0048,370000.0048
24.06.2021 00:33:57.273,293.726,293.454,370000.0048,370000.0048
24.06.2021 00:33:57.477,293.716,293.454,370000.0048,370000.0048
24.06.2021 00:33:57.876,293.726,293.464,370000.0048,370000.0048
24.06.2021 00:33:58.845,293.726,293.454,370000.0048,370000.0048
24.06.2021 00:33:59.001,293.716,293.454,370000.0048,370000.0048
24.06.2021 00:33:59.208,293.726,293.464,370000.0048,370000.0048
24.06.2021 00:33:59.694,293.716,293.454,370000.0048,370000.0048
24.06.2021 00:34:38.864,293.726,293.454,370000.0048,370000.0048
24.06.2021 00:34:39.019,293.726,293.464,370000.0048,370000.0048
24.06.2021 00:34:39.955,293.736,293.464,370000.0048,370000.0048
24.06.2021 00:35:04.388,293.726,293.464,370000.0048,370000.0048
24.06.2021 00:35:11.376,293.736,293.464,370000.0048,370000.0048
24.06.2021 00:35:15.414,293.736,293.47400000000005,370000.0048,370000.0048
24.06.2021 00:35:15.616,293.746,293.47400000000005,370000.0048,370000.0048
24.06.2021 00:35:17.160,293.746,293.48400000000004,370000.0048,370000.0048
24.06.2021 00:35:17.313,293.756,293.494,370000.0048,370000.0048
24.06.2021 00:35:22.103,293.756,293.48400000000004,370000.0048,370000.0048
24.06.2021 00:35:24.919,293.756,293.494,370000.0048,370000.0048
24.06.2021 00:36:18.668,293.746,293.48400000000004,370000.0048,370000.0048
24.06.2021 00:36:19.272,293.746,293.47400000000005,370000.0048,370000.0048
24.06.2021 00:36:19.322,293.736,293.47400000000005,370000.0048,370000.0048
24.06.2021 00:36:19.814,293.746,293.47400000000005,370000.0048,370000.0048
24.06.2021 00:36:20.014,293.736,293.47400000000005,370000.0048,370000.0048
24.06.2021 00:36:22.688,293.726,293.464,370000.0048,370000.0048
24.06.2021 00:36:38.332,293.746,293.47400000000005,370000.0048,370000.0048
24.06.2021 00:36:39.406,293.746,293.48400000000004,370000.0048,370000.0048
24.06.2021 00:36:42.166,293.746,293.47400000000005,370000.0048,370000.0048
24.06.2021 00:36:42.772,293.746,293.48400000000004,370000.0048,370000.0048
24.06.2021 00:37:05.956,293.746,293.47400000000005,370000.0048,370000.0048
24.06.2021 00:37:11.422,293.736,293.47400000000005,370000.0048,370000.0048
24.06.2021 00:37:11.624,293.726,293.464,370000.0048,370000.0048
24.06.2021 00:37:19.351,293.716,293.454,370000.0048,370000.0048
24.06.2021 00:37:26.390,293.726,293.454,370000.0048,370000.0048
24.06.2021 00:37:28.869,293.726,293.464,370000.0048,370000.0048
24.06.2021 00:37:30.234,293.736,293.464,370000.0048,370000.0048
24.06.2021 00:37:42.719,293.726,293.464,370000.0048,370000.0048
24.06.2021 00:38:23.095,293.716,293.454,370000.0048,370000.0048
24.06.2021 00:38:31.120,293.726,293.454,370000.0048,370000.0048
24.06.2021 00:38:31.318,293.726,293.464,370000.0048,370000.0048
24.06.2021 00:38:32.875,293.736,293.464,370000.0048,370000.0048
24.06.2021 00:38:34.818,293.736,293.47400000000005,370000.0048,370000.0048
24.06.2021 00:38:35.014,293.736,293.464,370000.0048,370000.0048
24.06.2021 00:38:35.202,293.736,293.47400000000005,370000.0048,370000.0048
24.06.2021 00:38:36.657,293.736,293.464,370000.0048,370000.0048
24.06.2021 00:38:37.793,293.726,293.464,370000.0048,370000.0048
24.06.2021 00:38:38.784,293.736,293.464,370000.0048,370000.0048
24.06.2021 00:38:39.419,293.726,293.464,370000.0048,370000.0048
24.06.2021 00:38:39.863,293.736,293.47400000000005,370000.0048,370000.0048
24.06.2021 00:38:47.804,293.746,293.47400000000005,370000.0048,370000.0048
24.06.2021 00:38:47.966,293.746,293.48400000000004,370000.0048,370000.0048
24.06.2021 00:38:48.277,293.756,293.494,370000.0048,370000.0048
24.06.2021 00:38:48.497,293.766,293.504,370000.0048,370000.0048
24.06.2021 00:38:53.732,293.766,293.494,370000.0048,370000.0048
24.06.2021 00:38:54.137,293.756,293.494,370000.0048,370000.0048
24.06.2021 00:39:04.252,293.766,293.504,370000.0048,370000.0048
24.06.2021 00:39:13.512,293.766,293.494,370000.0048,370000.0048
24.06.2021 00:39:13.749,293.756,293.494,370000.0048,370000.0048
24.06.2021 00:39:21.135,293.756,293.48400000000004,370000.0048,370000.0048
24.06.2021 00:39:21.516,293.756,293.494,370000.0048,370000.0048
24.06.2021 00:39:21.717,293.746,293.48400000000004,370000.0048,370000.0048
24.06.2021 00:39:35.471,293.756,293.494,370000.0048,370000.0048
24.06.2021 00:39:46.137,293.756,293.48400000000004,370000.0048,370000.0048
24.06.2021 00:39:46.873,293.746,293.48400000000004,370000.0048,370000.0048
24.06.2021 00:40:03.553,293.746,293.47400000000005,370000.0048,370000.0048
24.06.2021 00:40:04.567,293.746,293.48400000000004,370000.0048,370000.0048
24.06.2021 00:40:05.687,293.746,293.47400000000005,370000.0048,370000.0048
24.06.2021 00:40:05.917,293.746,293.48400000000004,370000.0048,370000.0048
24.06.2021 00:40:09.171,293.746,293.47400000000005,370000.0048,370000.0048
24.06.2021 00:40:09.735,293.736,293.47400000000005,370000.0048,370000.0048
24.06.2021 00:40:10.127,293.746,293.47400000000005,370000.0048,370000.0048
24.06.2021 00:40:10.555,293.746,293.48400000000004,370000.0048,370000.0048
24.06.2021 00:40:13.121,293.756,293.48400000000004,370000.0048,370000.0048
24.06.2021 00:40:13.988,293.746,293.48400000000004,370000.0048,370000.0048
24.06.2021 00:40:16.767,293.746,293.47400000000005,370000.0048,370000.0048
24.06.2021 00:40:25.516,293.736,293.47400000000005,370000.0048,370000.0048
24.06.2021 00:40:45.866,293.746,293.47400000000005,370000.0048,370000.0048
24.06.2021 00:40:46.069,293.746,293.48400000000004,370000.0048,370000.0048
24.06.2021 00:40:54.999,293.746,293.47400000000005,370000.0048,370000.0048
24.06.2021 00:40:55.721,293.736,293.47400000000005,370000.0048,370000.0048
24.06.2021 00:41:17.483,293.746,293.47400000000005,370000.0048,370000.0048
24.06.2021 00:41:21.409,293.736,293.47400000000005,370000.0048,370000.0048
24.06.2021 00:41:22.140,293.736,293.464,370000.0048,370000.0048
24.06.2021 00:41:22.342,293.726,293.464,370000.0048,370000.0048
24.06.2021 00:41:32.073,293.736,293.47400000000005,370000.0048,370000.0048
24.06.2021 00:41:41.732,293.746,293.47400000000005,370000.0048,370000.0048
24.06.2021 00:41:41.925,293.736,293.47400000000005,370000.0048,370000.0048
24.06.2021 00:41:45.378,293.746,293.48400000000004,370000.0048,370000.0048
24.06.2021 00:42:00.463,293.746,293.47400000000005,370000.0048,370000.0048
24.06.2021 00:42:01.068,293.746,293.48400000000004,370000.0048,370000.0048
24.06.2021 00:42:02.603,293.746,293.47400000000005,370000.0048,370000.0048
24.06.2021 00:42:10.559,293.746,293.48400000000004,370000.0048,370000.0048
24.06.2021 00:42:10.797,293.746,293.47400000000005,370000.0048,370000.0048
24.06.2021 00:42:11.891,293.746,293.48400000000004,370000.0048,370000.0048
24.06.2021 00:42:42.972,293.746,293.47400000000005,370000.0048,370000.0048
24.06.2021 00:42:52.257,293.746,293.48400000000004,370000.0048,370000.0048
24.06.2021 00:42:55.508,293.746,293.47400000000005,370000.0048,370000.0048
24.06.2021 00:42:55.687,293.746,293.48400000000004,370000.0048,370000.0048
24.06.2021 00:42:56.566,293.736,293.47400000000005,370000.0048,370000.0048
24.06.2021 00:43:19.874,293.736,293.464,370000.0048,370000.0048
24.06.2021 00:43:27.954,293.736,293.47400000000005,370000.0048,370000.0048
24.06.2021 00:44:10.350,293.736,293.464,370000.0048,370000.0048
24.06.2021 00:44:12.002,293.736,293.47400000000005,370000.0048,370000.0048
24.06.2021 00:44:18.080,293.736,293.464,370000.0048,370000.0048
24.06.2021 00:44:20.738,293.736,293.47400000000005,370000.0048,370000.0048
24.06.2021 00:44:34.540,293.746,293.47400000000005,370000.0048,370000.0048
24.06.2021 00:44:41.279,293.756,293.48400000000004,370000.0048,370000.0048
24.06.2021 00:44:41.451,293.746,293.48400000000004,370000.0048,370000.0048
24.06.2021 00:45:00.524,293.756,293.48400000000004,370000.0048,370000.0048
24.06.2021 00:45:00.727,293.756,293.494,370000.0048,370000.0048
24.06.2021 00:46:01.335,293.766,293.494,370000.0048,370000.0048
24.06.2021 00:46:01.536,293.766,293.504,370000.0048,370000.0048
24.06.2021 00:46:42.073,293.766,293.494,370000.0048,370000.0048
24.06.2021 00:46:42.274,293.756,293.494,370000.0048,370000.0048
24.06.2021 00:46:51.123,293.766,293.494,370000.0048,370000.0048
24.06.2021 00:46:51.325,293.766,293.504,370000.0048,370000.0048
24.06.2021 00:47:16.784,293.756,293.494,370000.0048,370000.0048
24.06.2021 00:47:17.035,293.766,293.494,370000.0048,370000.0048
24.06.2021 00:47:17.974,293.756,293.494,370000.0048,370000.0048
24.06.2021 00:47:28.643,293.756,293.48400000000004,370000.0048,370000.0048
24.06.2021 00:47:28.845,293.746,293.48400000000004,370000.0048,370000.0048
24.06.2021 00:47:29.979,293.756,293.494,370000.0048,370000.0048
24.06.2021 00:47:40.773,293.766,293.504,370000.0048,370000.0048
24.06.2021 00:47:44.036,293.756,293.494,370000.0048,370000.0048
24.06.2021 00:47:49.510,293.766,293.504,370000.0048,370000.0048
24.06.2021 00:48:12.043,293.766,293.494,370000.0048,370000.0048
24.06.2021 00:48:12.291,293.756,293.494,370000.0048,370000.0048
24.06.2021 00:48:20.359,293.756,293.48400000000004,370000.0048,370000.0048
24.06.2021 00:48:20.561,293.746,293.48400000000004,370000.0048,370000.0048
24.06.2021 00:48:47.444,293.746,293.47400000000005,370000.0048,370000.0048
24.06.2021 00:48:47.648,293.736,293.47400000000005,370000.0048,370000.0048
24.06.2021 00:48:51.188,293.726,293.464,370000.0048,370000.0048
24.06.2021 00:48:54.494,293.736,293.464,370000.0048,370000.0048
24.06.2021 00:48:54.746,293.736,293.47400000000005,370000.0048,370000.0048
24.06.2021 00:49:07.371,293.726,293.464,370000.0048,370000.0048
24.06.2021 00:49:07.578,293.736,293.464,370000.0048,370000.0048
24.06.2021 00:49:08.339,293.736,293.47400000000005,370000.0048,370000.0048
24.06.2021 00:49:11.007,293.726,293.464,370000.0048,370000.0048
24.06.2021 00:49:17.194,293.736,293.464,370000.0048,370000.0048
24.06.2021 00:49:17.367,293.736,293.47400000000005,370000.0048,370000.0048
24.06.2021 00:49:29.074,293.726,293.464,370000.0048,370000.0048
24.06.2021 00:49:32.996,293.736,293.47400000000005,370000.0048,370000.0048
24.06.2021 00:49:33.997,293.726,293.464,370000.0048,370000.0048
24.06.2021 00:49:43.103,293.736,293.47400000000005,370000.0048,370000.0048
24.06.2021 00:49:46.114,293.736,293.464,370000.0048,370000.0048
24.06.2021 00:50:03.883,293.736,293.47400000000005,370000.0048,370000.0048
24.06.2021 00:50:04.317,293.746,293.47400000000005,370000.0048,370000.0048
24.06.2021 00:50:04.536,293.746,293.48400000000004,370000.0048,370000.0048
24.06.2021 00:50:06.214,293.746,293.47400000000005,370000.0048,370000.0048
24.06.2021 00:50:06.419,293.736,293.47400000000005,370000.0048,370000.0048
24.06.2021 00:50:06.758,293.746,293.47400000000005,370000.0048,370000.0048
24.06.2021 00:50:08.721,293.746,293.48400000000004,370000.0048,370000.0048
24.06.2021 00:50:09.990,293.746,293.47400000000005,370000.0048,370000.0048
24.06.2021 00:50:18.160,293.736,293.47400000000005,370000.0048,370000.0048
24.06.2021 00:50:27.863,293.726,293.464,370000.0048,370000.0048
24.06.2021 00:50:30.408,293.736,293.47400000000005,370000.0048,370000.0048
24.06.2021 00:50:31.484,293.726,293.464,370000.0048,370000.0048
24.06.2021 00:50:38.497,293.736,293.47400000000005,370000.0048,370000.0048
24.06.2021 00:50:42.975,293.726,293.464,370000.0048,370000.0048
24.06.2021 00:50:44.761,293.716,293.454,370000.0048,370000.0048
24.06.2021 00:50:46.354,293.716,293.444,370000.0048,370000.0048
24.06.2021 00:50:46.990,293.706,293.444,370000.0048,370000.0048
24.06.2021 00:50:47.192,293.69599999999997,293.434,370000.0048,370000.0048
24.06.2021 00:50:47.753,293.69599999999997,293.42400000000004,370000.0048,370000.0048
24.06.2021 00:50:47.955,293.686,293.42400000000004,370000.0048,370000.0048
24.06.2021 00:50:48.156,293.686,293.41400000000004,370000.0048,370000.0048
24.06.2021 00:50:48.381,293.676,293.41400000000004,370000.0048,370000.0048
24.06.2021 00:50:48.532,293.666,293.404,370000.0048,370000.0048
24.06.2021 00:50:48.935,293.676,293.41400000000004,370000.0048,370000.0048
24.06.2021 00:51:11.738,293.686,293.42400000000004,370000.0048,370000.0048
24.06.2021 00:51:25.772,293.69599999999997,293.434,370000.0048,370000.0048
24.06.2021 00:51:38.673,293.69599999999997,293.42400000000004,370000.0048,370000.0048
24.06.2021 00:51:39.019,293.69599999999997,293.434,370000.0048,370000.0048
24.06.2021 00:51:42.025,293.69599999999997,293.42400000000004,370000.0048,370000.0048
24.06.2021 00:51:44.803,293.686,293.42400000000004,370000.0048,370000.0048
24.06.2021 00:51:45.717,293.69599999999997,293.42400000000004,370000.0048,370000.0048
24.06.2021 00:51:45.885,293.686,293.42400000000004,370000.0048,370000.0048
24.06.2021 00:51:49.485,293.676,293.41400000000004,370000.0048,370000.0048
24.06.2021 00:51:57.059,293.686,293.42400000000004,370000.0048,370000.0048
24.06.2021 00:51:57.260,293.686,293.41400000000004,370000.0048,370000.0048
24.06.2021 00:51:57.416,293.676,293.41400000000004,370000.0048,370000.0048
24.06.2021 00:51:57.667,293.686,293.42400000000004,370000.0048,370000.0048
24.06.2021 00:51:57.819,293.69599999999997,293.42400000000004,370000.0048,370000.0048
24.06.2021 00:52:00.310,293.69599999999997,293.434,370000.0048,370000.0048
24.06.2021 00:52:03.297,293.686,293.42400000000004,370000.0048,370000.0048
24.06.2021 00:52:16.553,293.686,293.41400000000004,370000.0048,370000.0048
24.06.2021 00:52:18.161,293.686,293.42400000000004,370000.0048,370000.0048
24.06.2021 00:52:18.362,293.69599999999997,293.42400000000004,370000.0048,370000.0048
24.06.2021 00:52:18.540,293.69599999999997,293.434,370000.0048,370000.0048
24.06.2021 00:52:23.066,293.69599999999997,293.42400000000004,370000.0048,370000.0048
24.06.2021 00:52:23.648,293.686,293.42400000000004,370000.0048,370000.0048
24.06.2021 00:52:24.705,293.69599999999997,293.42400000000004,370000.0048,370000.0048
24.06.2021 00:52:30.268,293.69599999999997,293.434,370000.0048,370000.0048
24.06.2021 00:52:30.470,293.706,293.444,370000.0048,370000.0048
24.06.2021 00:52:31.089,293.706,293.434,370000.0048,370000.0048
24.06.2021 00:52:31.278,293.69599999999997,293.434,370000.0048,370000.0048
24.06.2021 00:52:31.498,293.706,293.444,370000.0048,370000.0048
24.06.2021 00:52:33.569,293.69599999999997,293.434,370000.0048,370000.0048
24.06.2021 00:52:36.110,293.69599999999997,293.42400000000004,370000.0048,370000.0048
24.06.2021 00:52:37.893,293.686,293.42400000000004,370000.0048,370000.0048
24.06.2021 00:52:39.052,293.676,293.41400000000004,370000.0048,370000.0048
24.06.2021 00:52:40.658,293.676,293.404,370000.0048,370000.0048
24.06.2021 00:52:40.859,293.676,293.41400000000004,370000.0048,370000.0048
24.06.2021 00:52:42.359,293.686,293.41400000000004,370000.0048,370000.0048
24.06.2021 00:52:42.691,293.676,293.41400000000004,370000.0048,370000.0048
24.06.2021 00:52:49.335,293.686,293.42400000000004,370000.0048,370000.0048
24.06.2021 00:52:51.462,293.69599999999997,293.42400000000004,370000.0048,370000.0048
24.06.2021 00:52:55.122,293.69599999999997,293.434,370000.0048,370000.0048
24.06.2021 00:53:00.523,293.706,293.444,370000.0048,370000.0048
24.06.2021 00:53:04.372,293.716,293.444,370000.0048,370000.0048
24.06.2021 00:53:06.191,293.706,293.444,370000.0048,370000.0048
24.06.2021 00:53:09.799,293.69599999999997,293.434,370000.0048,370000.0048
24.06.2021 00:53:16.683,293.706,293.444,370000.0048,370000.0048
24.06.2021 00:53:17.575,293.69599999999997,293.434,370000.0048,370000.0048
24.06.2021 00:53:28.775,293.69599999999997,293.42400000000004,370000.0048,370000.0048
24.06.2021 00:53:28.976,293.686,293.42400000000004,370000.0048,370000.0048
24.06.2021 00:53:29.851,293.69599999999997,293.434,370000.0048,370000.0048
24.06.2021 00:53:37.618,293.69599999999997,293.42400000000004,370000.0048,370000.0048
24.06.2021 00:53:37.820,293.686,293.42400000000004,370000.0048,370000.0048
24.06.2021 00:53:38.668,293.69599999999997,293.434,370000.0048,370000.0048
24.06.2021 00:53:39.679,293.69599999999997,293.42400000000004,370000.0048,370000.0048
24.06.2021 00:53:39.836,293.686,293.42400000000004,370000.0048,370000.0048
24.06.2021 00:53:44.568,293.69599999999997,293.42400000000004,370000.0048,370000.0048
24.06.2021 00:53:44.770,293.686,293.42400000000004,370000.0048,370000.0048
24.06.2021 00:53:44.946,293.69599999999997,293.42400000000004,370000.0048,370000.0048
24.06.2021 00:53:46.200,293.69599999999997,293.434,370000.0048,370000.0048
24.06.2021 00:53:57.928,293.706,293.434,370000.0048,370000.0048
24.06.2021 00:54:04.044,293.706,293.444,370000.0048,370000.0048
24.06.2021 00:54:16.162,293.716,293.444,370000.0048,370000.0048
24.06.2021 00:54:18.400,293.706,293.444,370000.0048,370000.0048
24.06.2021 00:54:34.268,293.69599999999997,293.434,370000.0048,370000.0048
24.06.2021 00:54:41.213,293.686,293.42400000000004,370000.0048,370000.0048
24.06.2021 00:54:43.390,293.676,293.41400000000004,370000.0048,370000.0048
24.06.2021 00:54:43.600,293.686,293.41400000000004,370000.0048,370000.0048
24.06.2021 00:54:46.306,293.676,293.41400000000004,370000.0048,370000.0048
24.06.2021 00:54:48.921,293.666,293.404,370000.0048,370000.0048
24.06.2021 00:54:49.314,293.676,293.404,370000.0048,370000.0048
24.06.2021 00:54:49.465,293.676,293.41400000000004,370000.0048,370000.0048
24.06.2021 00:54:51.067,293.72,293.404,1500000,370000.0048
24.06.2021 00:54:51.269,293.666,293.404,370000.0048,370000.0048
24.06.2021 00:54:53.418,293.656,293.394,370000.0048,370000.0048
24.06.2021 00:54:55.913,293.666,293.404,370000.0048,370000.0048
24.06.2021 00:55:00.143,293.656,293.384,370000.0048,370000.0048
24.06.2021 00:55:00.294,293.656,293.394,370000.0048,370000.0048
24.06.2021 00:55:01.630,293.666,293.394,370000.0048,370000.0048
24.06.2021 00:55:02.979,293.656,293.394,370000.0048,370000.0048
24.06.2021 00:55:04.678,293.666,293.404,370000.0048,370000.0048
24.06.2021 00:55:06.650,293.676,293.41400000000004,370000.0048,370000.0048
24.06.2021 00:55:08.341,293.686,293.41400000000004,370000.0048,370000.0048
24.06.2021 00:55:08.575,293.686,293.42400000000004,370000.0048,370000.0048
24.06.2021 00:55:08.751,293.69599999999997,293.42400000000004,370000.0048,370000.0048
24.06.2021 00:55:09.220,293.69599999999997,293.434,370000.0048,370000.0048
24.06.2021 00:55:14.256,293.686,293.42400000000004,370000.0048,370000.0048
24.06.2021 00:55:14.692,293.69599999999997,293.42400000000004,370000.0048,370000.0048
24.06.2021 00:55:16.618,293.686,293.41400000000004,370000.0048,370000.0048
24.06.2021 00:55:19.881,293.686,293.42400000000004,370000.0048,370000.0048
24.06.2021 00:55:20.083,293.69599999999997,293.434,370000.0048,370000.0048
24.06.2021 00:55:20.284,293.686,293.42400000000004,370000.0048,370000.0048
24.06.2021 00:55:20.482,293.69599999999997,293.42400000000004,370000.0048,370000.0048
24.06.2021 00:55:21.220,293.686,293.42400000000004,370000.0048,370000.0048
24.06.2021 00:55:21.462,293.69599999999997,293.42400000000004,370000.0048,370000.0048
24.06.2021 00:55:22.316,293.686,293.42400000000004,370000.0048,370000.0048
24.06.2021 00:55:23.842,293.69599999999997,293.42400000000004,370000.0048,370000.0048
24.06.2021 00:55:24.092,293.69599999999997,293.434,370000.0048,370000.0048
24.06.2021 00:55:24.726,293.686,293.42400000000004,370000.0048,370000.0048
24.06.2021 00:55:30.165,293.676,293.41400000000004,370000.0048,370000.0048
24.06.2021 00:55:33.996,293.686,293.42400000000004,370000.0048,370000.0048
24.06.2021 00:55:34.154,293.686,293.41400000000004,370000.0048,370000.0048
24.06.2021 00:55:34.405,293.686,293.42400000000004,370000.0048,370000.0048
24.06.2021 00:55:34.684,293.686,293.41400000000004,370000.0048,370000.0048
24.06.2021 00:55:34.885,293.676,293.41400000000004,370000.0048,370000.0048
24.06.2021 00:55:44.161,293.686,293.42400000000004,370000.0048,370000.0048
24.06.2021 00:55:44.498,293.69599999999997,293.434,370000.0048,370000.0048
24.06.2021 00:55:44.847,293.69599999999997,293.42400000000004,370000.0048,370000.0048
24.06.2021 00:55:45.574,293.69599999999997,293.434,370000.0048,370000.0048
24.06.2021 00:55:53.363,293.686,293.42400000000004,370000.0048,370000.0048
24.06.2021 00:55:54.163,293.69599999999997,293.434,370000.0048,370000.0048
24.06.2021 00:55:54.314,293.686,293.434,370000.0048,370000.0048
24.06.2021 00:55:58.266,293.686,293.42400000000004,370000.0048,370000.0048
24.06.2021 00:55:58.496,293.69599999999997,293.434,370000.0048,370000.0048
24.06.2021 00:55:58.900,293.706,293.444,370000.0048,370000.0048
24.06.2021 00:56:01.393,293.69599999999997,293.444,370000.0048,370000.0048
24.06.2021 00:56:16.593,293.69599999999997,293.434,370000.0048,370000.0048
24.06.2021 00:56:26.603,293.686,293.378,370000.0048,1500000
24.06.2021 00:56:27.501,293.69599999999997,293.378,370000.0048,1500000
24.06.2021 00:56:27.702,293.69599999999997,293.434,370000.0048,370000.0048
24.06.2021 00:57:02.939,293.706,293.444,370000.0048,370000.0048
24.06.2021 00:57:10.972,293.716,293.454,370000.0048,370000.0048
24.06.2021 00:57:27.745,293.726,293.464,370000.0048,370000.0048
24.06.2021 00:57:29.007,293.736,293.464,370000.0048,370000.0048
24.06.2021 00:57:30.756,293.726,293.464,370000.0048,370000.0048
24.06.2021 00:57:45.144,293.736,293.464,370000.0048,370000.0048
24.06.2021 00:57:47.879,293.736,293.47400000000005,370000.0048,370000.0048
24.06.2021 00:57:48.696,293.736,293.41900000000004,370000.0048,1500000
24.06.2021 00:57:51.059,293.736,293.47400000000005,370000.0048,370000.0048
24.06.2021 00:57:56.087,293.736,293.41900000000004,370000.0048,1500000
24.06.2021 00:57:58.635,293.736,293.47400000000005,370000.0048,370000.0048
24.06.2021 00:57:59.806,293.736,293.41900000000004,370000.0048,1500000
24.06.2021 00:58:07.309,293.726,293.423,370000.0048,1500000
24.06.2021 00:58:07.511,293.716,293.423,370000.0048,1500000
24.06.2021 00:58:08.511,293.726,293.423,370000.0048,1500000
24.06.2021 00:58:20.107,293.736,293.423,370000.0048,1500000
24.06.2021 00:58:23.768,293.726,293.423,370000.0048,1500000
24.06.2021 00:58:24.130,293.726,293.423,370000.0048,1500000
24.06.2021 00:58:24.580,293.716,293.423,370000.0048,1500000
24.06.2021 00:58:25.922,293.726,293.423,370000.0048,1500000
24.06.2021 00:58:27.586,293.736,293.423,370000.0048,1500000
24.06.2021 00:58:28.516,293.726,293.423,370000.0048,1500000
24.06.2021 00:58:32.107,293.736,293.423,370000.0048,1500000
24.06.2021 00:58:32.308,293.726,293.423,370000.0048,1500000
24.06.2021 00:58:43.055,293.736,293.423,370000.0048,1500000
24.06.2021 00:58:43.991,293.726,293.423,370000.0048,1500000
24.06.2021 00:58:44.192,293.726,293.423,370000.0048,1500000
24.06.2021 00:58:44.293,293.716,293.423,370000.0048,1500000
24.06.2021 00:58:44.590,293.726,293.423,370000.0048,1500000
24.06.2021 00:58:45.168,293.716,293.423,370000.0048,1500000
24.06.2021 00:59:09.658,293.706,293.403,370000.0048,1500000
24.06.2021 00:59:22.424,293.716,293.454,370000.0048,370000.0048
24.06.2021 00:59:31.033,293.706,293.403,370000.0048,1500000
24.06.2021 00:59:31.237,293.716,293.454,370000.0048,370000.0048
24.06.2021 00:59:46.252,293.706,293.403,370000.0048,1500000
24.06.2021 01:00:00.846,293.69599999999997,293.403,370000.0048,1500000
24.06.2021 01:00:01.197,293.754,293.403,1500000,1500000
24.06.2021 01:00:01.297,293.754,293.403,1500000,1500000
24.06.2021 01:00:10.836,293.716,293.454,370000.0048,370000.0048
24.06.2021 01:00:16.487,293.774,293.454,1500000,370000.0048
24.06.2021 01:00:16.638,293.726,293.464,370000.0048,370000.0048
24.06.2021 01:00:17.231,293.736,293.464,370000.0048,370000.0048
24.06.2021 01:00:20.397,293.736,293.47400000000005,370000.0048,370000.0048
24.06.2021 01:00:27.037,293.736,293.464,370000.0048,370000.0048
24.06.2021 01:00:27.188,293.726,293.454,370000.0048,370000.0048
24.06.2021 01:00:27.416,293.716,293.454,370000.0048,370000.0048
24.06.2021 01:00:32.578,293.726,293.454,370000.0048,370000.0048
24.06.2021 01:00:32.794,293.726,293.464,370000.0048,370000.0048
24.06.2021 01:00:41.317,293.736,293.464,370000.0048,370000.0048
24.06.2021 01:00:49.831,293.736,293.428,370000.0048,1500000
24.06.2021 01:00:50.033,293.79400000000004,293.428,1500000,1500000
24.06.2021 01:00:50.185,293.736,293.428,370000.0048,1500000
24.06.2021 01:00:53.493,293.746,293.428,370000.0048,1500000
24.06.2021 01:00:56.456,293.736,293.428,370000.0048,1500000
24.06.2021 01:00:58.781,293.736,293.428,370000.0048,1500000
24.06.2021 01:00:59.530,293.736,293.428,370000.0048,1500000
24.06.2021 01:00:59.874,293.736,293.428,370000.0048,1500000
24.06.2021 01:01:00.030,293.726,293.428,370000.0048,1500000
24.06.2021 01:01:01.335,293.78400000000005,293.428,1500000,1500000
24.06.2021 01:01:01.744,293.726,293.428,370000.0048,1500000
24.06.2021 01:01:02.770,293.736,293.428,370000.0048,1500000
24.06.2021 01:01:02.933,293.736,293.428,370000.0048,1500000
24.06.2021 01:01:04.601,293.736,293.428,370000.0048,1500000
24.06.2021 01:01:19.990,293.726,293.428,370000.0048,1500000
24.06.2021 01:01:21.949,293.736,293.428,370000.0048,1500000
24.06.2021 01:01:31.564,293.726,293.428,370000.0048,1500000
24.06.2021 01:01:31.950,293.716,293.428,370000.0048,1500000
24.06.2021 01:01:33.261,293.726,293.428,370000.0048,1500000
24.06.2021 01:01:35.820,293.726,293.428,370000.0048,1500000
24.06.2021 01:01:35.921,293.716,293.428,370000.0048,1500000
24.06.2021 01:01:36.262,293.774,293.428,1500000,1500000
24.06.2021 01:01:36.464,293.716,293.428,370000.0048,1500000
24.06.2021 01:01:40.502,293.726,293.428,370000.0048,1500000
24.06.2021 01:01:40.705,293.726,293.428,370000.0048,1500000
24.06.2021 01:01:42.782,293.736,293.428,370000.0048,1500000
24.06.2021 01:01:53.020,293.736,293.428,370000.0048,1500000
24.06.2021 01:01:53.374,293.736,293.428,370000.0048,1500000
24.06.2021 01:02:15.391,293.726,293.428,370000.0048,1500000
24.06.2021 01:02:58.775,293.736,293.428,370000.0048,1500000
24.06.2021 01:02:58.979,293.736,293.428,370000.0048,1500000
24.06.2021 01:02:59.724,293.736,293.428,370000.0048,1500000
24.06.2021 01:03:01.176,293.736,293.428,370000.0048,1500000
24.06.2021 01:03:02.622,293.746,293.428,370000.0048,1500000
24.06.2021 01:03:05.977,293.736,293.428,370000.0048,1500000
24.06.2021 01:03:06.191,293.736,293.428,370000.0048,1500000
24.06.2021 01:03:06.355,293.726,293.428,370000.0048,1500000
24.06.2021 01:03:10.792,293.736,293.428,370000.0048,1500000
24.06.2021 01:03:13.985,293.736,293.428,370000.0048,1500000
24.06.2021 01:03:14.427,293.79400000000004,293.428,1500000,1500000
24.06.2021 01:03:14.920,293.746,293.48400000000004,370000.0048,370000.0048
24.06.2021 01:03:20.973,293.80400000000003,293.494,1500000,370000.0048
24.06.2021 01:03:25.724,293.746,293.44,370000.0048,1500000
24.06.2021 01:03:30.457,293.80400000000003,293.44,1500000,1500000
24.06.2021 01:03:30.659,293.756,293.494,370000.0048,370000.0048
24.06.2021 01:03:32.448,293.756,293.44,370000.0048,1500000
24.06.2021 01:03:32.601,293.756,293.494,370000.0048,370000.0048
24.06.2021 01:03:32.808,293.756,293.44,370000.0048,1500000
24.06.2021 01:03:33.202,293.756,293.494,370000.0048,370000.0048
24.06.2021 01:03:33.801,293.756,293.44,370000.0048,1500000
24.06.2021 01:03:33.955,293.746,293.44,370000.0048,1500000
24.06.2021 01:03:35.990,293.80400000000003,293.44,1500000,1500000
24.06.2021 01:03:36.215,293.746,293.44,370000.0048,1500000
24.06.2021 01:03:38.553,293.746,293.44,370000.0048,1500000
24.06.2021 01:03:38.704,293.736,293.44,370000.0048,1500000
24.06.2021 01:03:38.908,293.746,293.44,370000.0048,1500000
24.06.2021 01:03:39.119,293.736,293.44,370000.0048,1500000
24.06.2021 01:03:40.976,293.736,293.423,370000.0048,1500000
24.06.2021 01:03:41.330,293.726,293.423,370000.0048,1500000
24.06.2021 01:03:49.639,293.736,293.423,370000.0048,1500000
24.06.2021 01:03:50.927,293.736,293.47400000000005,370000.0048,370000.0048
24.06.2021 01:03:51.177,293.736,293.423,370000.0048,1500000
24.06.2021 01:03:51.878,293.726,293.423,370000.0048,1500000
24.06.2021 01:03:57.466,293.78400000000005,293.423,1500000,1500000
24.06.2021 01:04:03.414,293.726,293.423,370000.0048,1500000
24.06.2021 01:04:03.829,293.716,293.423,370000.0048,1500000
24.06.2021 01:04:09.619,293.716,293.401,370000.0048,1500000
24.06.2021 01:04:09.843,293.716,293.454,370000.0048,370000.0048
24.06.2021 01:04:12.863,293.764,293.401,1500000,1500000
24.06.2021 01:04:13.064,293.706,293.401,370000.0048,1500000
24.06.2021 01:04:16.738,293.716,293.401,370000.0048,1500000
24.06.2021 01:04:20.769,293.706,293.401,370000.0048,1500000
24.06.2021 01:04:20.982,293.69599999999997,293.401,370000.0048,1500000
24.06.2021 01:04:25.673,293.706,293.401,370000.0048,1500000
24.06.2021 01:04:38.227,293.69599999999997,293.401,370000.0048,1500000
24.06.2021 01:04:41.416,293.754,293.401,1500000,1500000
24.06.2021 01:04:57.732,293.716,293.454,370000.0048,370000.0048
24.06.2021 01:04:58.144,293.706,293.401,370000.0048,1500000
24.06.2021 01:05:25.370,293.69599999999997,293.401,370000.0048,1500000
24.06.2021 01:05:32.082,293.686,293.381,370000.0048,1500000
24.06.2021 01:05:32.259,293.744,293.381,1500000,1500000
24.06.2021 01:05:32.491,293.69599999999997,293.434,370000.0048,370000.0048
24.06.2021 01:05:33.330,293.69599999999997,293.381,370000.0048,1500000
24.06.2021 01:05:35.957,293.69599999999997,293.434,370000.0048,370000.0048
24.06.2021 01:05:43.426,293.69599999999997,293.381,370000.0048,1500000
24.06.2021 01:05:44.910,293.69599999999997,293.434,370000.0048,370000.0048
24.06.2021 01:05:45.123,293.69599999999997,293.381,370000.0048,1500000
24.06.2021 01:05:48.888,293.744,293.434,1500000,370000.0048
24.06.2021 01:05:49.041,293.686,293.381,370000.0048,1500000
24.06.2021 01:05:49.872,293.686,293.381,370000.0048,1500000
24.06.2021 01:06:00.731,293.676,293.381,370000.0048,1500000
24.06.2021 01:06:00.887,293.676,293.356,370000.0048,1500000
24.06.2021 01:06:01.050,293.666,293.356,370000.0048,1500000
24.06.2021 01:06:01.151,293.676,293.356,370000.0048,1500000
24.06.2021 01:06:01.304,293.676,293.41400000000004,370000.0048,370000.0048
24.06.2021 01:06:03.943,293.73400000000004,293.41400000000004,1500000,370000.0048
24.06.2021 01:06:13.584,293.676,293.41400000000004,370000.0048,370000.0048
24.06.2021 01:06:27.153,293.686,293.42400000000004,370000.0048,370000.0048
24.06.2021 01:06:27.790,293.686,293.41400000000004,370000.0048,370000.0048
24.06.2021 01:06:32.060,293.686,293.42400000000004,370000.0048,370000.0048
24.06.2021 01:06:32.453,293.744,293.434,1500000,370000.0048
24.06.2021 01:06:46.051,293.686,293.42400000000004,370000.0048,370000.0048
24.06.2021 01:06:46.366,293.69599999999997,293.42400000000004,370000.0048,370000.0048
24.06.2021 01:07:11.969,293.686,293.381,370000.0048,1500000
24.06.2021 01:07:12.630,293.69599999999997,293.381,370000.0048,1500000
24.06.2021 01:07:13.247,293.69599999999997,293.434,370000.0048,370000.0048
24.06.2021 01:07:14.240,293.754,293.434,1500000,370000.0048
24.06.2021 01:07:15.908,293.69599999999997,293.434,370000.0048,370000.0048
24.06.2021 01:07:16.360,293.686,293.381,370000.0048,1500000
24.06.2021 01:07:25.288,293.69599999999997,293.381,370000.0048,1500000
24.06.2021 01:07:26.371,293.69599999999997,293.434,370000.0048,370000.0048
24.06.2021 01:07:27.092,293.69599999999997,293.381,370000.0048,1500000
24.06.2021 01:07:29.832,293.69599999999997,293.434,370000.0048,370000.0048
24.06.2021 01:08:22.338,293.754,293.434,1500000,370000.0048
24.06.2021 01:08:25.967,293.706,293.444,370000.0048,370000.0048
24.06.2021 01:08:38.734,293.69599999999997,293.434,370000.0048,370000.0048
24.06.2021 01:08:41.580,293.706,293.444,370000.0048,370000.0048
24.06.2021 01:08:52.867,293.764,293.444,1500000,370000.0048
24.06.2021 01:08:54.150,293.716,293.454,370000.0048,370000.0048
24.06.2021 01:08:55.459,293.706,293.404,370000.0048,1500000
24.06.2021 01:09:01.033,293.716,293.404,370000.0048,1500000
24.06.2021 01:09:01.184,293.716,293.454,370000.0048,370000.0048
24.06.2021 01:09:13.706,293.774,293.454,1500000,370000.0048
24.06.2021 01:09:13.907,293.726,293.464,370000.0048,370000.0048
24.06.2021 01:09:43.264,293.736,293.464,370000.0048,370000.0048
24.06.2021 01:09:43.458,293.736,293.47400000000005,370000.0048,370000.0048
24.06.2021 01:09:48.092,293.736,293.464,370000.0048,370000.0048
24.06.2021 01:09:51.165,293.736,293.47400000000005,370000.0048,370000.0048
24.06.2021 01:09:58.508,293.736,293.464,370000.0048,370000.0048
24.06.2021 01:10:03.749,293.726,293.464,370000.0048,370000.0048
24.06.2021 01:10:23.310,293.716,293.454,370000.0048,370000.0048
24.06.2021 01:10:41.876,293.774,293.454,1500000,370000.0048
24.06.2021 01:10:42.381,293.716,293.454,370000.0048,370000.0048
24.06.2021 01:11:03.627,293.726,293.464,370000.0048,370000.0048
24.06.2021 01:11:03.824,293.726,293.454,370000.0048,370000.0048
24.06.2021 01:11:04.025,293.716,293.454,370000.0048,370000.0048
24.06.2021 01:11:11.089,293.726,293.454,370000.0048,370000.0048
24.06.2021 01:11:11.240,293.726,293.464,370000.0048,370000.0048
24.06.2021 01:11:31.284,293.736,293.47400000000005,370000.0048,370000.0048
24.06.2021 01:11:31.685,293.736,293.428,370000.0048,1500000
24.06.2021 01:11:31.887,293.726,293.428,370000.0048,1500000
24.06.2021 01:11:33.975,293.736,293.428,370000.0048,1500000
24.06.2021 01:11:34.548,293.726,293.428,370000.0048,1500000
24.06.2021 01:11:34.749,293.736,293.428,370000.0048,1500000
24.06.2021 01:11:39.007,293.746,293.48400000000004,370000.0048,370000.0048
24.06.2021 01:11:52.671,293.80400000000003,293.48400000000004,1500000,370000.0048
24.06.2021 01:11:52.919,293.756,293.494,370000.0048,370000.0048
24.06.2021 01:11:56.867,293.814,293.504,1500000,370000.0048
24.06.2021 01:12:00.676,293.776,293.504,370000.0048,370000.0048
24.06.2021 01:12:00.877,293.776,293.514,370000.0048,370000.0048
24.06.2021 01:12:04.499,293.786,293.514,370000.0048,370000.0048
24.06.2021 01:12:04.663,293.776,293.514,370000.0048,370000.0048
24.06.2021 01:12:13.133,293.786,293.524,370000.0048,370000.0048
24.06.2021 01:12:21.501,293.786,293.47200000000004,370000.0048,1500000
24.06.2021 01:12:25.210,293.776,293.47200000000004,370000.0048,1500000
24.06.2021 01:12:28.854,293.786,293.524,370000.0048,370000.0048
24.06.2021 01:12:28.954,293.786,293.47200000000004,370000.0048,1500000
24.06.2021 01:12:29.156,293.786,293.524,370000.0048,370000.0048
24.06.2021 01:12:29.313,293.786,293.47200000000004,370000.0048,1500000
24.06.2021 01:12:30.206,293.786,293.524,370000.0048,370000.0048
24.06.2021 01:12:30.407,293.786,293.47200000000004,370000.0048,1500000
24.06.2021 01:12:31.205,293.786,293.524,370000.0048,370000.0048
24.06.2021 01:12:53.664,293.786,293.47200000000004,370000.0048,1500000
24.06.2021 01:12:55.550,293.786,293.524,370000.0048,370000.0048
24.06.2021 01:12:55.962,293.844,293.524,1500000,370000.0048
24.06.2021 01:13:03.671,293.796,293.53400000000005,370000.0048,370000.0048
24.06.2021 01:13:25.198,293.85400000000004,293.54400000000004,1500000,370000.0048
24.06.2021 01:13:37.310,293.806,293.53400000000005,370000.0048,370000.0048
24.06.2021 01:13:37.485,293.796,293.53400000000005,370000.0048,370000.0048
24.06.2021 01:13:40.200,293.806,293.53400000000005,370000.0048,370000.0048
24.06.2021 01:13:40.352,293.806,293.54400000000004,370000.0048,370000.0048
24.06.2021 01:13:41.525,293.796,293.53400000000005,370000.0048,370000.0048
24.06.2021 01:13:54.332,293.796,293.524,370000.0048,370000.0048
24.06.2021 01:13:59.544,293.796,293.53400000000005,370000.0048,370000.0048
24.06.2021 01:14:25.181,293.796,293.524,370000.0048,370000.0048
24.06.2021 01:14:25.371,293.796,293.53400000000005,370000.0048,370000.0048
24.06.2021 01:15:03.949,293.85400000000004,293.53400000000005,1500000,370000.0048
24.06.2021 01:15:04.151,293.85400000000004,293.54400000000004,1500000,370000.0048
24.06.2021 01:15:18.446,293.796,293.53400000000005,370000.0048,370000.0048
24.06.2021 01:15:22.630,293.786,293.524,370000.0048,370000.0048
24.06.2021 01:15:24.618,293.786,293.47200000000004,370000.0048,1500000
24.06.2021 01:15:27.156,293.776,293.47200000000004,370000.0048,1500000
24.06.2021 01:15:30.368,293.786,293.524,370000.0048,370000.0048
24.06.2021 01:15:30.526,293.786,293.47200000000004,370000.0048,1500000
24.06.2021 01:15:30.770,293.776,293.47200000000004,370000.0048,1500000
24.06.2021 01:15:31.365,293.786,293.524,370000.0048,370000.0048
24.06.2021 01:15:31.782,293.776,293.47200000000004,370000.0048,1500000
24.06.2021 01:15:32.806,293.786,293.524,370000.0048,370000.0048
24.06.2021 01:15:33.009,293.786,293.47200000000004,370000.0048,1500000
24.06.2021 01:15:33.411,293.786,293.524,370000.0048,370000.0048
24.06.2021 01:15:33.564,293.786,293.47200000000004,370000.0048,1500000
24.06.2021 01:15:34.376,293.776,293.47200000000004,370000.0048,1500000
24.06.2021 01:16:25.384,293.766,293.47200000000004,370000.0048,1500000
24.06.2021 01:17:49.498,293.776,293.47200000000004,370000.0048,1500000
24.06.2021 01:17:51.091,293.766,293.47200000000004,370000.0048,1500000
24.06.2021 01:18:00.931,293.776,293.47200000000004,370000.0048,1500000
24.06.2021 01:18:23.539,293.766,293.47200000000004,370000.0048,1500000
24.06.2021 01:18:59.581,293.824,293.475,1500000,1500000
24.06.2021 01:18:59.833,293.776,293.475,370000.0048,1500000
24.06.2021 01:19:20.974,293.766,293.475,370000.0048,1500000
24.06.2021 01:19:33.964,293.756,293.455,370000.0048,1500000
24.06.2021 01:20:01.382,293.756,293.455,370000.0048,1500000
24.06.2021 01:20:02.626,293.756,293.455,370000.0048,1500000
24.06.2021 01:20:06.797,293.766,293.455,370000.0048,1500000
24.06.2021 01:20:07.890,293.756,293.455,370000.0048,1500000
24.06.2021 01:20:33.468,293.756,293.455,370000.0048,1500000
24.06.2021 01:20:33.673,293.756,293.455,370000.0048,1500000
24.06.2021 01:20:33.876,293.756,293.455,370000.0048,1500000
24.06.2021 01:20:34.094,293.746,293.455,370000.0048,1500000
24.06.2021 01:20:34.438,293.756,293.455,370000.0048,1500000
24.06.2021 01:20:35.315,293.746,293.455,370000.0048,1500000
24.06.2021 01:20:49.708,293.756,293.455,370000.0048,1500000
24.06.2021 01:20:56.165,293.756,293.455,370000.0048,1500000
24.06.2021 01:21:15.852,293.756,293.455,370000.0048,1500000
24.06.2021 01:21:30.438,293.746,293.455,370000.0048,1500000
24.06.2021 01:21:36.186,293.756,293.455,370000.0048,1500000
24.06.2021 01:21:39.187,293.746,293.455,370000.0048,1500000
24.06.2021 01:21:48.988,293.756,293.455,370000.0048,1500000
24.06.2021 01:21:54.732,293.756,293.455,370000.0048,1500000
24.06.2021 01:21:59.581,293.746,293.46500000000003,370000.0048,1500000
24.06.2021 01:22:08.778,293.756,293.46500000000003,370000.0048,1500000
24.06.2021 01:23:41.468,293.746,293.46500000000003,370000.0048,1500000
24.06.2021 01:23:41.910,293.746,293.44,370000.0048,1500000
24.06.2021 01:23:42.069,293.736,293.44,370000.0048,1500000
24.06.2021 01:23:49.031,293.726,293.44,370000.0048,1500000
24.06.2021 01:23:51.046,293.716,293.418,370000.0048,1500000
24.06.2021 01:23:52.276,293.726,293.418,370000.0048,1500000
24.06.2021 01:23:52.428,293.726,293.418,370000.0048,1500000
24.06.2021 01:23:54.392,293.726,293.418,370000.0048,1500000
24.06.2021 01:23:57.267,293.716,293.418,370000.0048,1500000
24.06.2021 01:24:05.418,293.726,293.418,370000.0048,1500000
24.06.2021 01:24:05.916,293.716,293.418,370000.0048,1500000
24.06.2021 01:24:06.118,293.726,293.418,370000.0048,1500000
24.06.2021 01:24:06.905,293.736,293.47400000000005,370000.0048,370000.0048
24.06.2021 01:24:09.412,293.746,293.438,370000.0048,1500000
24.06.2021 01:24:11.094,293.736,293.438,370000.0048,1500000
24.06.2021 01:24:31.611,293.746,293.438,370000.0048,1500000
24.06.2021 01:24:31.800,293.746,293.438,370000.0048,1500000
24.06.2021 01:24:50.963,293.756,293.494,370000.0048,370000.0048
24.06.2021 01:24:57.818,293.766,293.457,370000.0048,1500000
24.06.2021 01:24:57.969,293.756,293.457,370000.0048,1500000
24.06.2021 01:24:58.533,293.766,293.457,370000.0048,1500000
24.06.2021 01:25:04.739,293.756,293.457,370000.0048,1500000
24.06.2021 01:25:18.370,293.756,293.457,370000.0048,1500000
24.06.2021 01:25:18.772,293.746,293.457,370000.0048,1500000
24.06.2021 01:25:19.710,293.756,293.457,370000.0048,1500000
24.06.2021 01:25:19.911,293.756,293.457,370000.0048,1500000
24.06.2021 01:25:23.882,293.766,293.457,370000.0048,1500000
24.06.2021 01:25:25.871,293.776,293.514,370000.0048,370000.0048
24.06.2021 01:25:30.430,293.766,293.457,370000.0048,1500000
24.06.2021 01:25:36.708,293.766,293.457,370000.0048,1500000
24.06.2021 01:25:38.508,293.766,293.457,370000.0048,1500000
24.06.2021 01:25:40.782,293.766,293.457,370000.0048,1500000
24.06.2021 01:25:40.976,293.756,293.457,370000.0048,1500000
24.06.2021 01:25:55.774,293.766,293.457,370000.0048,1500000
24.06.2021 01:25:56.463,293.756,293.457,370000.0048,1500000
24.06.2021 01:25:58.826,293.746,293.457,370000.0048,1500000
24.06.2021 01:25:59.529,293.756,293.457,370000.0048,1500000
24.06.2021 01:26:05.232,293.766,293.457,370000.0048,1500000
24.06.2021 01:26:09.655,293.766,293.457,370000.0048,1500000
24.06.2021 01:26:11.179,293.766,293.457,370000.0048,1500000
24.06.2021 01:26:11.548,293.756,293.457,370000.0048,1500000
24.06.2021 01:26:11.799,293.766,293.457,370000.0048,1500000
24.06.2021 01:26:12.412,293.756,293.457,370000.0048,1500000
24.06.2021 01:26:12.815,293.766,293.457,370000.0048,1500000
24.06.2021 01:26:22.530,293.776,293.457,370000.0048,1500000
24.06.2021 01:26:24.120,293.766,293.457,370000.0048,1500000
24.06.2021 01:26:40.005,293.776,293.457,370000.0048,1500000
24.06.2021 01:26:40.206,293.776,293.514,370000.0048,370000.0048
24.06.2021 01:26:41.099,293.776,293.457,370000.0048,1500000
24.06.2021 01:26:41.304,293.766,293.457,370000.0048,1500000
24.06.2021 01:26:43.632,293.776,293.457,370000.0048,1500000
24.06.2021 01:26:43.834,293.776,293.514,370000.0048,370000.0048
24.06.2021 01:27:20.154,293.766,293.47900000000004,370000.0048,1500000
24.06.2021 01:27:20.305,293.776,293.47900000000004,370000.0048,1500000
24.06.2021 01:27:22.486,293.766,293.47900000000004,370000.0048,1500000
24.06.2021 01:27:32.937,293.776,293.47900000000004,370000.0048,1500000
24.06.2021 01:27:33.138,293.776,293.47900000000004,370000.0048,1500000
24.06.2021 01:28:02.114,293.766,293.47900000000004,370000.0048,1500000
24.06.2021 01:28:48.700,293.756,293.47900000000004,370000.0048,1500000
24.06.2021 01:28:50.258,293.766,293.47900000000004,370000.0048,1500000
24.06.2021 01:29:01.233,293.756,293.455,370000.0048,1500000
24.06.2021 01:29:14.740,293.756,293.455,370000.0048,1500000
24.06.2021 01:29:14.841,293.756,293.455,370000.0048,1500000
24.06.2021 01:29:27.133,293.766,293.455,370000.0048,1500000
24.06.2021 01:29:45.751,293.84200000000004,293.455,1070000.0525,1500000
24.06.2021 01:29:53.180,293.766,293.455,370000.0048,1500000
24.06.2021 01:29:54.215,293.776,293.455,370000.0048,1500000
24.06.2021 01:30:00.032,293.766,293.455,370000.0048,1500000
24.06.2021 01:30:01.098,293.84700000000004,293.514,1200000.0477,370000.0048
24.06.2021 01:30:03.160,293.786,293.47700000000003,370000.0048,1500000
24.06.2021 01:30:05.396,293.796,293.47700000000003,370000.0048,1500000
24.06.2021 01:30:10.506,293.796,293.53400000000005,370000.0048,370000.0048
24.06.2021 01:30:12.454,293.806,293.499,370000.0048,1500000
24.06.2021 01:30:12.663,293.796,293.499,370000.0048,1500000
24.06.2021 01:30:28.782,293.806,293.499,370000.0048,1500000
24.06.2021 01:30:28.983,293.806,293.499,370000.0048,1500000
24.06.2021 01:30:31.953,293.816,293.55400000000003,370000.0048,370000.0048
24.06.2021 01:30:33.569,293.82599999999996,293.519,370000.0048,1500000
24.06.2021 01:30:34.255,293.836,293.519,370000.0048,1500000
24.06.2021 01:30:34.729,293.82599999999996,293.519,370000.0048,1500000
24.06.2021 01:30:35.355,293.836,293.519,370000.0048,1500000
24.06.2021 01:30:35.599,293.836,293.574,370000.0048,370000.0048
24.06.2021 01:30:35.800,293.846,293.538,370000.0048,1500000
24.06.2021 01:30:36.187,293.836,293.538,370000.0048,1500000
24.06.2021 01:30:36.389,293.82599999999996,293.538,370000.0048,1500000
24.06.2021 01:30:37.434,293.836,293.538,370000.0048,1500000
24.06.2021 01:30:37.636,293.836,293.538,370000.0048,1500000
24.06.2021 01:30:38.432,293.846,293.538,370000.0048,1500000
24.06.2021 01:30:40.692,293.836,293.538,370000.0048,1500000
24.06.2021 01:30:45.469,293.856,293.538,370000.0048,1500000
24.06.2021 01:30:48.932,293.846,293.538,370000.0048,1500000
24.06.2021 01:30:49.955,293.856,293.538,370000.0048,1500000
24.06.2021 01:30:50.668,293.846,293.538,370000.0048,1500000
24.06.2021 01:30:53.453,293.856,293.538,370000.0048,1500000
24.06.2021 01:30:56.265,293.846,293.538,370000.0048,1500000
24.06.2021 01:31:00.466,293.836,293.538,370000.0048,1500000
24.06.2021 01:31:00.874,293.846,293.538,370000.0048,1500000
24.06.2021 01:31:08.259,293.846,293.538,370000.0048,1500000
24.06.2021 01:31:08.931,293.856,293.538,370000.0048,1500000
24.06.2021 01:31:14.380,293.846,293.538,370000.0048,1500000
24.06.2021 01:31:17.332,293.856,293.538,370000.0048,1500000
24.06.2021 01:31:17.484,293.856,293.594,370000.0048,370000.0048
24.06.2021 01:31:19.973,293.846,293.538,370000.0048,1500000
24.06.2021 01:31:24.440,293.856,293.538,370000.0048,1500000
24.06.2021 01:31:27.355,293.846,293.538,370000.0048,1500000
24.06.2021 01:31:30.929,293.836,293.538,370000.0048,1500000
24.06.2021 01:31:31.353,293.846,293.538,370000.0048,1500000
24.06.2021 01:31:34.730,293.846,293.538,370000.0048,1500000
24.06.2021 01:31:34.931,293.856,293.538,370000.0048,1500000
24.06.2021 01:31:39.314,293.856,293.594,370000.0048,370000.0048
24.06.2021 01:31:42.643,293.856,293.538,370000.0048,1500000
24.06.2021 01:31:42.853,293.846,293.538,370000.0048,1500000
24.06.2021 01:31:43.961,293.856,293.594,370000.0048,370000.0048
24.06.2021 01:31:44.378,293.856,293.538,370000.0048,1500000
24.06.2021 01:31:55.843,293.846,293.538,370000.0048,1500000
24.06.2021 01:32:04.061,293.846,293.538,370000.0048,1500000
24.06.2021 01:32:04.598,293.846,293.538,370000.0048,1500000
24.06.2021 01:32:06.158,293.856,293.538,370000.0048,1500000
24.06.2021 01:32:06.553,293.846,293.538,370000.0048,1500000
24.06.2021 01:32:07.040,293.856,293.538,370000.0048,1500000
24.06.2021 01:32:07.244,293.856,293.594,370000.0048,370000.0048
24.06.2021 01:32:08.448,293.866,293.561,370000.0048,1500000
24.06.2021 01:32:12.614,293.876,293.561,370000.0048,1500000
24.06.2021 01:32:13.203,293.866,293.561,370000.0048,1500000
24.06.2021 01:32:13.368,293.876,293.561,370000.0048,1500000
24.06.2021 01:32:13.591,293.876,293.61400000000003,370000.0048,370000.0048
24.06.2021 01:32:14.176,293.88599999999997,293.575,370000.0048,1500000
24.06.2021 01:32:14.377,293.876,293.575,370000.0048,1500000
24.06.2021 01:32:17.792,293.866,293.575,370000.0048,1500000
24.06.2021 01:32:18.237,293.876,293.575,370000.0048,1500000
24.06.2021 01:32:18.438,293.866,293.575,370000.0048,1500000
24.06.2021 01:32:18.607,293.876,293.575,370000.0048,1500000
24.06.2021 01:32:19.826,293.876,293.575,370000.0048,1500000
24.06.2021 01:32:24.637,293.88599999999997,293.575,370000.0048,1500000
24.06.2021 01:32:25.446,293.876,293.575,370000.0048,1500000
24.06.2021 01:32:25.698,293.88599999999997,293.575,370000.0048,1500000
24.06.2021 01:32:27.226,293.876,293.575,370000.0048,1500000
24.06.2021 01:32:29.509,293.88599999999997,293.575,370000.0048,1500000
24.06.2021 01:32:29.906,293.88599999999997,293.575,370000.0048,1500000
24.06.2021 01:32:30.274,293.896,293.575,370000.0048,1500000
24.06.2021 01:32:30.430,293.896,293.634,370000.0048,370000.0048
24.06.2021 01:32:41.629,293.896,293.575,370000.0048,1500000
24.06.2021 01:32:41.859,293.88599999999997,293.575,370000.0048,1500000
24.06.2021 01:32:43.908,293.896,293.575,370000.0048,1500000
24.06.2021 01:32:44.109,293.896,293.634,370000.0048,370000.0048
24.06.2021 01:32:49.609,293.896,293.575,370000.0048,1500000
24.06.2021 01:32:50.122,293.896,293.634,370000.0048,370000.0048
24.06.2021 01:32:51.003,293.896,293.575,370000.0048,1500000
24.06.2021 01:32:51.617,293.88599999999997,293.575,370000.0048,1500000
24.06.2021 01:32:51.768,293.896,293.634,370000.0048,370000.0048
24.06.2021 01:33:00.695,293.906,293.598,370000.0048,1500000
24.06.2021 01:33:01.056,293.906,293.598,370000.0048,1500000
24.06.2021 01:33:03.947,293.916,293.654,370000.0048,370000.0048
24.06.2021 01:33:15.316,293.916,293.615,370000.0048,1500000
24.06.2021 01:33:17.033,293.906,293.615,370000.0048,1500000
24.06.2021 01:33:21.430,293.916,293.615,370000.0048,1500000
24.06.2021 01:33:21.632,293.916,293.615,370000.0048,1500000
24.06.2021 01:33:27.384,293.926,293.615,370000.0048,1500000
24.06.2021 01:33:27.589,293.926,293.615,370000.0048,1500000
24.06.2021 01:33:31.462,293.916,293.615,370000.0048,1500000
24.06.2021 01:33:37.229,293.926,293.615,370000.0048,1500000
24.06.2021 01:33:40.792,293.916,293.615,370000.0048,1500000
24.06.2021 01:33:58.748,293.916,293.615,370000.0048,1500000
24.06.2021 01:33:59.100,293.906,293.615,370000.0048,1500000
24.06.2021 01:34:00.351,293.906,293.615,370000.0048,1500000
24.06.2021 01:34:00.792,293.906,293.595,370000.0048,1500000
24.06.2021 01:34:01.044,293.916,293.654,370000.0048,370000.0048
24.06.2021 01:34:04.963,293.936,293.644,370000.0048,1500000
24.06.2021 01:34:05.556,293.94599999999997,293.644,370000.0048,1500000
24.06.2021 01:34:05.971,293.936,293.644,370000.0048,1500000
24.06.2021 01:34:06.173,293.94599999999997,293.644,370000.0048,1500000
24.06.2021 01:34:11.337,293.94599999999997,293.644,370000.0048,1500000
24.06.2021 01:34:11.490,293.936,293.644,370000.0048,1500000
24.06.2021 01:34:13.540,293.94599999999997,293.644,370000.0048,1500000
24.06.2021 01:34:14.977,293.94599999999997,293.644,370000.0048,1500000
24.06.2021 01:34:15.178,293.999,293.644,1500000,1500000
24.06.2021 01:34:15.329,293.999,293.694,1500000,370000.0048
24.06.2021 01:34:21.080,293.94599999999997,293.644,370000.0048,1500000
24.06.2021 01:34:21.282,293.999,293.694,1500000,370000.0048
24.06.2021 01:34:24.988,293.999,293.644,1500000,1500000
24.06.2021 01:34:25.329,293.999,293.694,1500000,370000.0048
24.06.2021 01:34:33.722,293.999,293.644,1500000,1500000
24.06.2021 01:34:35.690,293.94599999999997,293.644,370000.0048,1500000
24.06.2021 01:34:35.860,293.936,293.644,370000.0048,1500000
24.06.2021 01:34:40.228,293.94599999999997,293.644,370000.0048,1500000
24.06.2021 01:34:40.432,293.94599999999997,293.644,370000.0048,1500000
24.06.2021 01:34:44.648,293.94599999999997,293.644,370000.0048,1500000
24.06.2021 01:34:48.034,293.999,293.668,1500000,1500000
24.06.2021 01:34:48.236,293.999,293.668,1500000,1500000
24.06.2021 01:34:48.437,293.999,293.668,1500000,1500000
24.06.2021 01:34:48.768,293.999,293.668,1500000,1500000
24.06.2021 01:34:50.045,293.999,293.668,1500000,1500000
24.06.2021 01:34:50.246,293.999,293.668,1500000,1500000
24.06.2021 01:35:00.485,293.999,293.72400000000005,1500000,370000.0048
24.06.2021 01:35:02.220,293.999,293.72400000000005,1250000,370000.0048
24.06.2021 01:35:03.927,293.999,293.72400000000005,1250000,370000.0048
24.06.2021 01:35:06.443,293.999,293.69,1500000,1500000
24.06.2021 01:35:06.644,293.999,293.69,1500000,1500000
24.06.2021 01:35:19.783,293.999,293.69,1500000,1500000
24.06.2021 01:35:19.953,293.999,293.69,1500000,1500000
24.06.2021 01:35:20.556,293.999,293.69,1500000,1500000
24.06.2021 01:35:52.745,293.999,293.66900000000004,1500000,1500000
24.06.2021 01:35:52.947,293.999,293.66900000000004,1500000,1500000
24.06.2021 01:35:53.148,293.999,293.66900000000004,1500000,1500000
24.06.2021 01:35:53.702,293.999,293.66900000000004,1500000,1500000
24.06.2021 01:36:13.600,293.999,293.647,1500000,1500000
24.06.2021 01:36:13.852,293.999,293.647,1500000,1500000
24.06.2021 01:37:01.152,293.94599999999997,293.649,370000.0048,1500000
24.06.2021 01:37:01.354,293.936,293.625,370000.0048,1500000
24.06.2021 01:37:01.592,293.926,293.625,370000.0048,1500000
24.06.2021 01:37:01.764,293.936,293.625,370000.0048,1500000
24.06.2021 01:37:02.553,293.94599999999997,293.633,370000.0048,1500000
24.06.2021 01:37:02.754,293.999,293.694,1500000,370000.0048
24.06.2021 01:37:02.956,293.999,293.65500000000003,1500000,1500000
24.06.2021 01:37:03.287,293.999,293.65500000000003,1500000,1500000
24.06.2021 01:37:03.499,293.999,293.65500000000003,1500000,1500000
24.06.2021 01:37:04.477,293.999,293.65500000000003,1500000,1500000
24.06.2021 01:37:04.680,293.999,293.65500000000003,1500000,1500000
24.06.2021 01:37:04.781,293.999,293.65500000000003,1500000,1500000
24.06.2021 01:37:05.157,293.999,293.65500000000003,1500000,1500000
24.06.2021 01:37:12.232,293.999,293.676,1500000,1500000
24.06.2021 01:37:13.923,293.999,293.676,1500000,1500000
24.06.2021 01:37:14.477,293.999,293.676,1500000,1500000
24.06.2021 01:37:18.979,293.999,293.676,1500000,1500000
24.06.2021 01:37:19.157,293.999,293.676,1500000,1500000
24.06.2021 01:37:29.344,293.999,293.676,1500000,1500000
24.06.2021 01:37:29.546,293.999,293.676,1500000,1500000
24.06.2021 01:37:32.362,293.999,293.676,1500000,1500000
24.06.2021 01:37:36.270,293.999,293.676,1500000,1500000
24.06.2021 01:37:38.139,293.94599999999997,293.676,370000.0048,1500000
24.06.2021 01:37:38.534,293.94599999999997,293.656,370000.0048,1500000
24.06.2021 01:37:39.065,293.94599999999997,293.656,370000.0048,1500000
24.06.2021 01:37:39.468,293.999,293.656,1500000,1500000
24.06.2021 01:37:39.782,293.94599999999997,293.656,370000.0048,1500000
24.06.2021 01:37:40.930,293.999,293.656,1500000,1500000
24.06.2021 01:37:41.171,293.999,293.673,1500000,1500000
24.06.2021 01:37:41.372,293.999,293.673,1500000,1500000
24.06.2021 01:37:43.193,294.009,293.72400000000005,1500000,370000.0048
24.06.2021 01:37:50.974,294.009,293.73400000000004,1250000,370000.0048
24.06.2021 01:37:51.909,293.999,293.72400000000005,1250000,370000.0048
24.06.2021 01:37:54.953,293.999,293.673,1500000,1500000
24.06.2021 01:37:59.639,293.999,293.673,1500000,1500000
24.06.2021 01:37:59.841,293.999,293.673,1500000,1500000
24.06.2021 01:38:00.042,293.999,293.673,1500000,1500000
24.06.2021 01:38:25.649,294.009,293.65700000000004,1500000,1500000
24.06.2021 01:38:30.316,294.009,293.65700000000004,1500000,1500000
24.06.2021 01:38:34.174,294.009,293.65700000000004,1500000,1500000
24.06.2021 01:38:56.528,294.009,293.676,1500000,1500000
24.06.2021 01:38:56.729,294.009,293.676,1500000,1500000
24.06.2021 01:39:01.777,294.009,293.714,1500000,370000.0048
24.06.2021 01:39:01.978,294.009,293.714,1500000,370000.0048
24.06.2021 01:39:02.907,294.009,293.714,1500000,370000.0048
24.06.2021 01:39:03.112,294.009,293.72400000000005,1500000,370000.0048
24.06.2021 01:39:03.473,294.009,293.714,1500000,370000.0048
24.06.2021 01:39:14.938,294.009,293.677,1500000,1500000
24.06.2021 01:39:21.798,293.999,293.714,1500000,370000.0048
24.06.2021 01:39:23.955,293.999,293.672,1500000,1500000
24.06.2021 01:39:34.540,293.999,293.672,1500000,1500000
24.06.2021 01:39:39.533,293.999,293.72400000000005,1500000,370000.0048
24.06.2021 01:39:40.766,293.999,293.672,1500000,1500000
24.06.2021 01:39:45.266,293.999,293.72400000000005,1500000,370000.0048
24.06.2021 01:39:45.987,293.999,293.672,1500000,1500000
24.06.2021 01:39:47.910,293.999,293.72400000000005,1500000,370000.0048
24.06.2021 01:39:48.113,293.999,293.672,1500000,1500000
24.06.2021 01:39:51.584,293.999,293.72400000000005,1500000,370000.0048
24.06.2021 01:39:53.180,293.999,293.672,1500000,1500000
24.06.2021 01:39:54.654,293.999,293.72400000000005,1500000,370000.0048
24.06.2021 01:40:02.923,293.999,293.73400000000004,1250000,370000.0048
24.06.2021 01:40:03.525,293.999,293.72400000000005,1250000,370000.0048
24.06.2021 01:40:03.786,293.999,293.72400000000005,1500000,370000.0048
24.06.2021 01:40:07.649,293.999,293.73400000000004,1250000,370000.0048
24.06.2021 01:40:11.982,293.999,293.72400000000005,1250000,370000.0048
24.06.2021 01:40:12.137,293.999,293.72400000000005,1500000,370000.0048
24.06.2021 01:40:45.016,293.999,293.672,1500000,1500000
24.06.2021 01:40:51.228,293.999,293.72400000000005,1500000,370000.0048
24.06.2021 01:40:54.389,293.999,293.672,1500000,1500000
24.06.2021 01:41:02.820,293.999,293.72400000000005,1500000,370000.0048
24.06.2021 01:41:22.698,293.999,293.73400000000004,1250000,370000.0048
24.06.2021 01:41:25.900,293.999,293.72400000000005,1500000,370000.0048
24.06.2021 01:41:34.607,293.999,293.672,1500000,1500000
24.06.2021 01:41:46.455,293.999,293.72400000000005,1500000,370000.0048
24.06.2021 01:41:46.809,293.999,293.672,1500000,1500000
24.06.2021 01:42:41.063,293.999,293.693,1500000,1500000
24.06.2021 01:42:47.932,293.999,293.693,1500000,1500000
24.06.2021 01:42:48.092,293.999,293.693,1500000,1500000
24.06.2021 01:43:00.893,293.999,293.676,1500000,1500000
24.06.2021 01:43:01.094,293.999,293.676,1500000,1500000
24.06.2021 01:44:06.498,293.999,293.66700000000003,1500000,1500000
24.06.2021 01:44:06.701,293.999,293.66700000000003,1500000,1500000
24.06.2021 01:44:16.299,293.94599999999997,293.66700000000003,370000.0048,1500000
24.06.2021 01:44:17.079,293.936,293.647,370000.0048,1500000
24.06.2021 01:44:31.990,293.936,293.65000000000003,370000.0048,1500000
24.06.2021 01:44:32.159,293.926,293.65000000000003,370000.0048,1500000
24.06.2021 01:44:50.345,293.926,293.63,370000.0048,1500000
24.06.2021 01:44:52.184,293.97400000000005,293.63,1500000,1500000
24.06.2021 01:44:52.887,293.926,293.63,370000.0048,1500000
24.06.2021 01:44:55.216,293.916,293.63,370000.0048,1500000
24.06.2021 01:44:56.321,293.97400000000005,293.63,1500000,1500000
24.06.2021 01:44:56.715,293.97400000000005,293.63,1500000,1500000
24.06.2021 01:44:59.839,293.916,293.63,370000.0048,1500000
24.06.2021 01:45:01.547,293.906,293.61,370000.0048,1500000
24.06.2021 01:45:01.941,293.964,293.61,1500000,1500000
24.06.2021 01:45:02.372,293.906,293.61,370000.0048,1500000
24.06.2021 01:45:08.621,293.964,293.61,1500000,1500000
24.06.2021 01:45:14.642,293.906,293.61,370000.0048,1500000
24.06.2021 01:45:46.331,293.896,293.61,370000.0048,1500000
24.06.2021 01:45:50.945,293.88599999999997,293.593,370000.0048,1500000
24.06.2021 01:45:52.926,293.944,293.593,1500000,1500000
24.06.2021 01:46:08.306,293.906,293.644,370000.0048,370000.0048
24.06.2021 01:46:09.246,293.906,293.593,370000.0048,1500000
24.06.2021 01:46:14.930,293.896,293.593,370000.0048,1500000
24.06.2021 01:46:23.755,293.896,293.593,370000.0048,1500000
24.06.2021 01:46:23.805,293.88599999999997,293.593,370000.0048,1500000
24.06.2021 01:46:52.741,293.896,293.593,370000.0048,1500000
24.06.2021 01:46:53.357,293.944,293.593,1500000,1500000
24.06.2021 01:46:53.559,293.88599999999997,293.593,370000.0048,1500000
24.06.2021 01:46:55.618,293.896,293.593,370000.0048,1500000
24.06.2021 01:47:07.174,293.954,293.644,1500000,370000.0048
24.06.2021 01:47:07.375,293.964,293.613,1500000,1500000
24.06.2021 01:47:08.372,293.97400000000005,293.66400000000004,1500000,370000.0048
24.06.2021 01:47:09.420,293.926,293.613,370000.0048,1500000
24.06.2021 01:47:13.985,293.926,293.633,370000.0048,1500000
24.06.2021 01:47:14.186,293.98400000000004,293.633,1500000,1500000
24.06.2021 01:48:09.622,293.926,293.633,370000.0048,1500000
24.06.2021 01:48:09.823,293.916,293.633,370000.0048,1500000
24.06.2021 01:48:14.445,293.906,293.611,370000.0048,1500000
24.06.2021 01:48:20.320,293.896,293.611,370000.0048,1500000
24.06.2021 01:48:20.522,293.906,293.611,370000.0048,1500000
24.06.2021 01:48:23.003,293.954,293.611,1500000,1500000
24.06.2021 01:48:23.205,293.896,293.611,370000.0048,1500000
24.06.2021 01:48:36.609,293.954,293.611,1500000,1500000
24.06.2021 01:48:41.610,293.964,293.611,1500000,1500000
24.06.2021 01:48:42.506,293.906,293.611,370000.0048,1500000
24.06.2021 01:48:54.304,293.896,293.611,370000.0048,1500000
24.06.2021 01:49:02.313,293.88599999999997,293.591,370000.0048,1500000
24.06.2021 01:49:06.759,293.876,293.591,370000.0048,1500000
24.06.2021 01:49:18.575,293.876,293.591,370000.0048,1500000
24.06.2021 01:49:24.751,293.866,293.57099999999997,370000.0048,1500000
24.06.2021 01:49:35.481,293.866,293.57099999999997,370000.0048,1500000
24.06.2021 01:49:36.258,293.866,293.57099999999997,370000.0048,1500000
24.06.2021 01:49:39.126,293.866,293.57099999999997,370000.0048,1500000
24.06.2021 01:49:40.977,293.91400000000004,293.57099999999997,1500000,1500000
24.06.2021 01:50:00.796,293.92400000000004,293.57099999999997,1500000,1500000
24.06.2021 01:50:01.141,293.876,293.57099999999997,370000.0048,1500000
24.06.2021 01:50:19.694,293.92400000000004,293.57099999999997,1500000,1500000
24.06.2021 01:50:19.899,293.866,293.57099999999997,370000.0048,1500000
24.06.2021 01:50:32.697,293.92400000000004,293.57099999999997,1500000,1500000
24.06.2021 01:50:36.664,293.876,293.57099999999997,370000.0048,1500000
24.06.2021 01:50:36.866,293.934,293.57099999999997,1500000,1500000
24.06.2021 01:50:37.067,293.876,293.57099999999997,370000.0048,1500000
24.06.2021 01:50:58.406,293.876,293.57099999999997,370000.0048,1500000
24.06.2021 01:51:04.610,293.866,293.57099999999997,370000.0048,1500000
24.06.2021 01:51:11.650,293.866,293.57099999999997,370000.0048,1500000
24.06.2021 01:51:11.851,293.856,293.57099999999997,370000.0048,1500000
24.06.2021 01:51:44.920,293.846,293.551,370000.0048,1500000
24.06.2021 01:51:46.228,293.856,293.551,370000.0048,1500000
24.06.2021 01:51:46.599,293.846,293.551,370000.0048,1500000
24.06.2021 01:51:52.634,293.856,293.551,370000.0048,1500000
24.06.2021 01:52:02.321,293.856,293.551,370000.0048,1500000
24.06.2021 01:52:02.528,293.856,293.551,370000.0048,1500000
24.06.2021 01:52:02.960,293.846,293.551,370000.0048,1500000
24.06.2021 01:52:03.161,293.904,293.551,1500000,1500000
24.06.2021 01:52:16.267,293.866,293.60400000000004,370000.0048,370000.0048
24.06.2021 01:52:16.519,293.92400000000004,293.573,1500000,1500000
24.06.2021 01:52:19.955,293.866,293.573,370000.0048,1500000
24.06.2021 01:52:26.773,293.856,293.573,370000.0048,1500000
24.06.2021 01:52:31.533,293.91400000000004,293.573,1500000,1500000
24.06.2021 01:52:32.367,293.856,293.573,370000.0048,1500000
24.06.2021 01:52:42.484,293.866,293.573,370000.0048,1500000
24.06.2021 01:52:42.685,293.92400000000004,293.573,1500000,1500000
24.06.2021 01:52:50.758,293.866,293.573,370000.0048,1500000
24.06.2021 01:52:56.525,293.856,293.573,370000.0048,1500000
24.06.2021 01:52:56.763,293.91400000000004,293.573,1500000,1500000
24.06.2021 01:52:59.207,293.866,293.573,370000.0048,1500000
24.06.2021 01:53:00.240,293.866,293.573,370000.0048,1500000
24.06.2021 01:53:01.217,293.856,293.573,370000.0048,1500000
24.06.2021 01:53:23.818,293.846,293.551,370000.0048,1500000
24.06.2021 01:53:40.466,293.836,293.551,370000.0048,1500000
24.06.2021 01:53:40.895,293.894,293.551,1500000,1500000
24.06.2021 01:53:44.620,293.846,293.551,370000.0048,1500000
24.06.2021 01:53:48.258,293.836,293.551,370000.0048,1500000
24.06.2021 01:53:50.758,293.846,293.551,370000.0048,1500000
24.06.2021 01:54:27.257,293.904,293.551,1500000,1500000
24.06.2021 01:54:27.459,293.856,293.551,370000.0048,1500000
24.06.2021 01:54:27.828,293.846,293.551,370000.0048,1500000
24.06.2021 01:54:31.376,293.856,293.551,370000.0048,1500000
24.06.2021 01:54:45.274,293.91400000000004,293.60400000000004,1500000,370000.0048
24.06.2021 01:54:45.476,293.866,293.551,370000.0048,1500000
24.06.2021 01:54:46.250,293.856,293.551,370000.0048,1500000
24.06.2021 01:54:46.412,293.91400000000004,293.551,1500000,1500000
24.06.2021 01:54:47.190,293.856,293.551,370000.0048,1500000
24.06.2021 01:54:47.347,293.866,293.551,370000.0048,1500000
24.06.2021 01:54:48.494,293.866,293.60400000000004,370000.0048,370000.0048
24.06.2021 01:54:50.316,293.866,293.551,370000.0048,1500000
24.06.2021 01:54:50.475,293.91400000000004,293.60400000000004,1500000,370000.0048
24.06.2021 01:54:50.691,293.91400000000004,293.551,1500000,1500000
24.06.2021 01:54:51.327,293.866,293.60400000000004,370000.0048,370000.0048
24.06.2021 01:54:51.427,293.866,293.551,370000.0048,1500000
24.06.2021 01:54:51.940,293.856,293.551,370000.0048,1500000
24.06.2021 01:54:52.349,293.91400000000004,293.60400000000004,1500000,370000.0048
24.06.2021 01:54:56.629,293.92400000000004,293.60400000000004,1500000,370000.0048
24.06.2021 01:54:56.881,293.876,293.573,370000.0048,1500000
24.06.2021 01:54:58.922,293.934,293.573,1500000,1500000
24.06.2021 01:54:59.124,293.876,293.573,370000.0048,1500000
24.06.2021 01:54:59.847,293.88599999999997,293.624,370000.0048,370000.0048
24.06.2021 01:55:00.746,293.934,293.573,1500000,1500000
24.06.2021 01:55:01.193,293.934,293.624,1500000,370000.0048
24.06.2021 01:55:01.352,293.876,293.573,370000.0048,1500000
24.06.2021 01:55:01.453,293.876,293.573,370000.0048,1500000
24.06.2021 01:55:01.859,293.876,293.573,370000.0048,1500000
24.06.2021 01:55:02.515,293.876,293.573,370000.0048,1500000
24.06.2021 01:55:05.065,293.866,293.573,370000.0048,1500000
24.06.2021 01:55:05.492,293.866,293.573,370000.0048,1500000
24.06.2021 01:55:05.693,293.856,293.573,370000.0048,1500000
24.06.2021 01:55:08.366,293.846,293.552,370000.0048,1500000
24.06.2021 01:55:36.989,293.836,293.53200000000004,370000.0048,1500000
24.06.2021 01:55:37.931,293.82599999999996,293.53200000000004,370000.0048,1500000
24.06.2021 01:55:38.799,293.884,293.53200000000004,1500000,1500000
24.06.2021 01:55:40.126,293.894,293.584,1500000,370000.0048
24.06.2021 01:55:41.874,293.846,293.53200000000004,370000.0048,1500000
24.06.2021 01:55:42.103,293.836,293.53200000000004,370000.0048,1500000
24.06.2021 01:55:59.106,293.846,293.584,370000.0048,370000.0048
24.06.2021 01:56:06.032,293.836,293.53200000000004,370000.0048,1500000
24.06.2021 01:56:06.986,293.894,293.584,1500000,370000.0048
24.06.2021 01:56:08.480,293.846,293.53200000000004,370000.0048,1500000
24.06.2021 01:56:10.488,293.836,293.53200000000004,370000.0048,1500000
24.06.2021 01:56:10.694,293.894,293.584,1500000,370000.0048
24.06.2021 01:56:13.392,293.894,293.53200000000004,1500000,1500000
24.06.2021 01:56:14.785,293.836,293.53200000000004,370000.0048,1500000
24.06.2021 01:56:14.993,293.846,293.53200000000004,370000.0048,1500000
24.06.2021 01:56:15.196,293.846,293.584,370000.0048,370000.0048
24.06.2021 01:56:15.400,293.846,293.53200000000004,370000.0048,1500000
24.06.2021 01:56:15.771,293.836,293.53200000000004,370000.0048,1500000
24.06.2021 01:56:24.374,293.894,293.53200000000004,1500000,1500000
24.06.2021 01:56:24.974,293.836,293.53200000000004,370000.0048,1500000
24.06.2021 01:56:57.894,293.836,293.53200000000004,370000.0048,1500000
24.06.2021 01:56:58.096,293.884,293.53200000000004,1500000,1500000
24.06.2021 01:56:58.772,293.836,293.53200000000004,370000.0048,1500000
24.06.2021 01:56:59.036,293.82599999999996,293.53200000000004,370000.0048,1500000
24.06.2021 01:57:01.288,293.82599999999996,293.53200000000004,370000.0048,1500000
24.06.2021 01:57:01.886,293.82599999999996,293.53200000000004,370000.0048,1500000
24.06.2021 01:57:04.661,293.836,293.53200000000004,370000.0048,1500000
24.06.2021 01:57:18.850,293.836,293.53200000000004,370000.0048,1500000
24.06.2021 01:57:20.497,293.836,293.53200000000004,370000.0048,1500000
24.06.2021 01:57:26.726,293.884,293.53200000000004,1500000,1500000
24.06.2021 01:57:26.916,293.82599999999996,293.53200000000004,370000.0048,1500000
24.06.2021 01:57:29.005,293.884,293.53200000000004,1500000,1500000
24.06.2021 01:57:29.207,293.82599999999996,293.53200000000004,370000.0048,1500000
24.06.2021 01:57:30.257,293.884,293.53200000000004,1500000,1500000
24.06.2021 01:57:30.698,293.82599999999996,293.53200000000004,370000.0048,1500000
24.06.2021 01:57:35.549,293.884,293.53200000000004,1500000,1500000
24.06.2021 01:57:37.100,293.884,293.53200000000004,1500000,1500000
24.06.2021 01:57:37.811,293.836,293.53200000000004,370000.0048,1500000
24.06.2021 01:57:45.643,293.894,293.53200000000004,1500000,1500000
24.06.2021 01:57:45.844,293.836,293.53200000000004,370000.0048,1500000
24.06.2021 01:57:49.226,293.836,293.53200000000004,370000.0048,1500000
24.06.2021 01:57:49.447,293.836,293.53200000000004,370000.0048,1500000
24.06.2021 01:57:50.031,293.884,293.53200000000004,1500000,1500000
24.06.2021 01:57:50.945,293.884,293.53200000000004,1500000,1500000
24.06.2021 01:57:51.226,293.884,293.53200000000004,1500000,1500000
24.06.2021 01:57:51.435,293.836,293.53200000000004,370000.0048,1500000
24.06.2021 01:57:52.367,293.884,293.53200000000004,1500000,1500000
24.06.2021 01:57:53.677,293.884,293.53200000000004,1500000,1500000
24.06.2021 01:57:53.878,293.894,293.53200000000004,1500000,1500000
24.06.2021 01:57:54.304,293.836,293.53200000000004,370000.0048,1500000
24.06.2021 01:58:14.723,293.836,293.53200000000004,370000.0048,1500000
24.06.2021 01:58:15.996,293.836,293.53200000000004,370000.0048,1500000
24.06.2021 01:58:27.369,293.836,293.53200000000004,370000.0048,1500000
24.06.2021 01:58:27.579,293.836,293.53200000000004,370000.0048,1500000
24.06.2021 01:58:29.614,293.836,293.53200000000004,370000.0048,1500000
24.06.2021 01:58:29.768,293.82599999999996,293.53200000000004,370000.0048,1500000
24.06.2021 01:58:30.812,293.884,293.53200000000004,1500000,1500000
24.06.2021 01:58:34.451,293.836,293.53200000000004,370000.0048,1500000
24.06.2021 01:58:36.024,293.82599999999996,293.53200000000004,370000.0048,1500000
24.06.2021 01:58:37.955,293.836,293.53200000000004,370000.0048,1500000
24.06.2021 01:58:41.634,293.884,293.53200000000004,1500000,1500000
24.06.2021 01:58:42.232,293.884,293.53200000000004,1500000,1500000
24.06.2021 01:58:43.513,293.82599999999996,293.53200000000004,370000.0048,1500000
24.06.2021 01:58:45.327,293.884,293.53200000000004,1500000,1500000
24.06.2021 01:58:46.505,293.884,293.53200000000004,1500000,1500000
24.06.2021 01:58:46.663,293.82599999999996,293.53200000000004,370000.0048,1500000
24.06.2021 01:58:47.912,293.884,293.53200000000004,1500000,1500000
24.06.2021 01:58:48.068,293.884,293.53200000000004,1500000,1500000
24.06.2021 01:58:53.472,293.836,293.53200000000004,370000.0048,1500000
24.06.2021 01:58:53.624,293.82599999999996,293.53200000000004,370000.0048,1500000
24.06.2021 01:58:54.460,293.884,293.53200000000004,1500000,1500000
24.06.2021 01:59:03.134,293.82599999999996,293.53200000000004,370000.0048,1500000
24.06.2021 01:59:21.032,293.884,293.53200000000004,1500000,1500000
24.06.2021 01:59:21.287,293.836,293.53200000000004,370000.0048,1500000
24.06.2021 01:59:23.208,293.836,293.53200000000004,370000.0048,1500000
24.06.2021 01:59:27.431,293.836,293.53200000000004,370000.0048,1500000
24.06.2021 01:59:29.051,293.836,293.53200000000004,370000.0048,1500000
24.06.2021 01:59:29.253,293.82599999999996,293.53200000000004,370000.0048,1500000
24.06.2021 01:59:29.462,293.816,293.53200000000004,370000.0048,1500000
24.06.2021 01:59:37.946,293.82599999999996,293.53200000000004,370000.0048,1500000
24.06.2021 01:59:49.818,293.884,293.53200000000004,1500000,1500000
24.06.2021 01:59:51.064,293.836,293.53200000000004,370000.0048,1500000
24.06.2021 01:59:51.265,293.836,293.53200000000004,370000.0048,1500000
24.06.2021 01:59:51.505,293.836,293.53200000000004,370000.0048,1500000
24.06.2021 01:59:52.397,293.82599999999996,293.53200000000004,370000.0048,1500000
24.06.2021 01:59:55.545,293.836,293.53200000000004,370000.0048,1500000
24.06.2021 02:00:00.241,293.836,293.53200000000004,370000.0048,1500000
24.06.2021 02:00:00.442,293.82599999999996,293.53200000000004,370000.0048,1500000
24.06.2021 02:00:02.103,293.836,293.53200000000004,370000.0048,1500000
24.06.2021 02:00:11.536,293.836,293.53200000000004,370000.0048,1500000
24.06.2021 02:00:12.914,293.82599999999996,293.53200000000004,370000.0048,1500000
24.06.2021 02:00:13.116,293.884,293.53200000000004,1500000,1500000
24.06.2021 02:00:21.295,293.884,293.53200000000004,1500000,1500000
