Gmt time,Ask,Bid,AskVolume,BidVolume
24.06.2021 00:00:00.288,7.765660000000001,7.7647,370000.0048,750000
24.06.2021 00:00:00.438,7.76569,7.76467,1870000.0048,750000
24.06.2021 00:00:01.661,7.76567,7.76467,1870000.0048,750000
24.06.2021 00:00:01.867,7.765639999999999,7.7647,370000.0048,750000
24.06.2021 00:00:03.998,7.765639999999999,7.7648600000000005,370000.0048,370000.0048
24.06.2021 00:00:05.574,7.765630000000001,7.7648600000000005,370000.0048,370000.0048
24.06.2021 00:00:06.099,7.765630000000001,7.76487,370000.0048,370000.0048
24.06.2021 00:00:06.279,7.7657300000000005,7.764710000000001,370000.0048,750000
24.06.2021 00:00:06.379,7.7658000000000005,7.764710000000001,370000.0048,750000
24.06.2021 00:00:06.430,7.765860000000001,7.7648,370000.0048,370000.0048
24.06.2021 00:00:06.627,7.76595,7.764889999999999,370000.0048,370000.0048
24.06.2021 00:00:07.027,7.765980000000001,7.76492,370000.0048,370000.0048
24.06.2021 00:00:07.132,7.76597,7.764910000000001,370000.0048,370000.0048
24.06.2021 00:00:07.235,7.765980000000001,7.76492,370000.0048,370000.0048
24.06.2021 00:00:08.763,7.76597,7.764910000000001,370000.0048,370000.0048
24.06.2021 00:00:09.070,7.765980000000001,7.76492,370000.0048,370000.0048
24.06.2021 00:00:12.945,7.7659899999999995,7.7649300000000006,370000.0048,370000.0048
24.06.2021 00:00:13.430,7.765980000000001,7.76492,370000.0048,370000.0048
24.06.2021 00:00:13.934,7.7659899999999995,7.7649300000000006,370000.0048,370000.0048
24.06.2021 00:00:16.929,7.7659899999999995,7.7649300000000006,589999.9738,370000.0048
24.06.2021 00:00:17.079,7.76565,7.764710000000001,370000.0048,750000
24.06.2021 00:00:17.166,7.76567,7.7647,370000.0048,370000.0048
24.06.2021 00:00:17.217,7.76567,7.76468,370000.0048,1120000.0048
24.06.2021 00:00:17.872,7.765700000000001,7.76468,750000,1120000.0048
24.06.2021 00:00:18.282,7.765630000000001,7.76468,370000.0048,750000
24.06.2021 00:00:19.286,7.76562,7.76468,370000.0048,750000
24.06.2021 00:00:23.609,7.765639999999999,7.76468,370000.0048,750000
24.06.2021 00:00:24.765,7.76562,7.76468,750000,750000
24.06.2021 00:00:24.866,7.765639999999999,7.76468,370000.0048,750000
24.06.2021 00:00:24.967,7.76577,7.7647200000000005,370000.0048,750000
24.06.2021 00:00:25.067,7.76589,7.764830000000001,370000.0048,370000.0048
24.06.2021 00:00:25.168,7.765960000000001,7.764900000000001,370000.0048,370000.0048
24.06.2021 00:00:25.274,7.765980000000001,7.76492,370000.0048,370000.0048
24.06.2021 00:00:25.375,7.7659899999999995,7.7649300000000006,370000.0048,370000.0048
24.06.2021 00:00:25.477,7.765980000000001,7.76492,370000.0048,370000.0048
24.06.2021 00:00:25.676,7.7659899999999995,7.7649300000000006,370000.0048,370000.0048
24.06.2021 00:00:25.777,7.765980000000001,7.76492,370000.0048,370000.0048
24.06.2021 00:00:26.523,7.7659899999999995,7.7649300000000006,370000.0048,370000.0048
24.06.2021 00:00:34.237,7.7660100000000005,7.764950000000001,370000.0048,370000.0048
24.06.2021 00:00:43.831,7.766,7.764950000000001,370000.0048,370000.0048
24.06.2021 00:00:46.847,7.766,7.76498,370000.0048,370000.0048
24.06.2021 00:01:07.698,7.7660100000000005,7.764950000000001,370000.0048,370000.0048
24.06.2021 00:01:12.621,7.76602,7.764960000000001,370000.0048,370000.0048
24.06.2021 00:02:18.968,7.766110000000001,7.76492,589999.9738,370000.0048
24.06.2021 00:02:30.148,7.766110000000001,7.76492,370000.0048,370000.0048
24.06.2021 00:02:30.199,7.766039999999999,7.765280000000001,370000.0048,200000.003
24.06.2021 00:02:30.300,7.76614,7.765280000000001,370000.0048,200000.003
24.06.2021 00:02:30.394,7.766160000000001,7.765280000000001,370000.0048,200000.003
24.06.2021 00:02:30.494,7.76618,7.765280000000001,449999.9881,200000.003
24.06.2021 00:02:30.697,7.76619,7.765130000000001,469999.9988,370000.0048
24.06.2021 00:02:30.798,7.76619,7.765130000000001,370000.0048,370000.0048
24.06.2021 00:02:30.848,7.7661500000000006,7.765480000000001,370000.0048,200000.003
24.06.2021 00:02:30.949,7.766380000000001,7.765480000000001,370000.0048,200000.003
24.06.2021 00:02:31.050,7.7664,7.765480000000001,370000.0048,200000.003
24.06.2021 00:02:31.104,7.766410000000001,7.765350000000001,589999.9738,370000.0048
24.06.2021 00:02:31.205,7.76637,7.765580000000001,370000.0048,200000.003
24.06.2021 00:02:31.314,7.76647,7.765580000000001,370000.0048,200000.003
24.06.2021 00:02:31.599,7.76649,7.765580000000001,370000.0048,200000.003
24.06.2021 00:02:31.702,7.7664800000000005,7.76542,600000.0238,370000.0048
24.06.2021 00:02:31.853,7.76647,7.7657300000000005,370000.0048,200000.003
24.06.2021 00:02:31.905,7.7665500000000005,7.7657300000000005,370000.0048,200000.003
24.06.2021 00:03:00.102,7.76654,7.765480000000001,370000.0048,370000.0048
24.06.2021 00:03:00.203,7.76649,7.76543,469999.9988,370000.0048
24.06.2021 00:03:00.304,7.76647,7.765410000000001,370000.0048,370000.0048
24.06.2021 00:03:00.490,7.766450000000001,7.76539,370000.0048,370000.0048
24.06.2021 00:03:12.418,7.766460000000001,7.7654000000000005,370000.0048,370000.0048
24.06.2021 00:03:18.607,7.766460000000001,7.7654000000000005,469999.9988,370000.0048
24.06.2021 00:03:19.719,7.766460000000001,7.7654000000000005,370000.0048,370000.0048
24.06.2021 00:03:19.859,7.766450000000001,7.76539,370000.0048,370000.0048
24.06.2021 00:03:25.753,7.766460000000001,7.7654000000000005,370000.0048,370000.0048
24.06.2021 00:03:29.510,7.76624,7.765510000000001,370000.0048,370000.0048
24.06.2021 00:03:29.660,7.76624,7.765510000000001,469999.9988,370000.0048
24.06.2021 00:03:29.807,7.76622,7.765510000000001,370000.0048,370000.0048
24.06.2021 00:03:29.858,7.7662,7.76514,370000.0048,370000.0048
24.06.2021 00:03:29.908,7.7662,7.76514,469999.9988,370000.0048
24.06.2021 00:03:30.009,7.76617,7.765110000000001,469999.9988,370000.0048
24.06.2021 00:03:30.059,7.76609,7.76503,469999.9988,370000.0048
24.06.2021 00:03:30.113,7.766060000000001,7.765000000000001,370000.0048,560000.0024
24.06.2021 00:03:30.215,7.76607,7.765010000000001,370000.0048,370000.0048
24.06.2021 00:03:30.416,7.766050000000001,7.76499,370000.0048,370000.0048
24.06.2021 00:03:30.518,7.766039999999999,7.76498,370000.0048,370000.0048
24.06.2021 00:03:30.621,7.766030000000001,7.76497,370000.0048,370000.0048
24.06.2021 00:03:30.750,7.76602,7.764960000000001,370000.0048,370000.0048
24.06.2021 00:03:31.589,7.7660100000000005,7.764950000000001,370000.0048,370000.0048
24.06.2021 00:03:31.851,7.766,7.76494,370000.0048,370000.0048
24.06.2021 00:03:42.580,7.7660100000000005,7.764950000000001,370000.0048,370000.0048
24.06.2021 00:03:43.086,7.766,7.76494,370000.0048,370000.0048
24.06.2021 00:03:48.867,7.7660100000000005,7.764950000000001,370000.0048,370000.0048
24.06.2021 00:03:49.380,7.766,7.764950000000001,370000.0048,370000.0048
24.06.2021 00:03:54.251,7.7660100000000005,7.764950000000001,370000.0048,750000
24.06.2021 00:03:55.036,7.7660100000000005,7.764960000000001,370000.0048,370000.0048
24.06.2021 00:03:55.172,7.766,7.76494,370000.0048,370000.0048
24.06.2021 00:04:05.532,7.766030000000001,7.764889999999999,370000.0048,370000.0048
24.06.2021 00:04:05.634,7.7660100000000005,7.76487,370000.0048,370000.0048
24.06.2021 00:04:06.040,7.7660100000000005,7.7648600000000005,370000.0048,370000.0048
24.06.2021 00:04:07.060,7.765980000000001,7.76485,370000.0048,370000.0048
24.06.2021 00:04:20.757,7.76597,7.76485,370000.0048,370000.0048
24.06.2021 00:04:35.279,7.765980000000001,7.7648600000000005,370000.0048,370000.0048
24.06.2021 00:04:37.305,7.765980000000001,7.76485,370000.0048,370000.0048
24.06.2021 00:04:38.125,7.76597,7.76485,370000.0048,370000.0048
24.06.2021 00:05:06.286,7.76597,7.7648399999999995,370000.0048,370000.0048
24.06.2021 00:05:06.793,7.76597,7.764830000000001,370000.0048,370000.0048
24.06.2021 00:05:06.897,7.76597,7.76482,370000.0048,370000.0048
24.06.2021 00:05:07.513,7.765930000000001,7.764810000000001,370000.0048,370000.0048
24.06.2021 00:05:07.616,7.765930000000001,7.76482,370000.0048,370000.0048
24.06.2021 00:05:07.721,7.765930000000001,7.764810000000001,370000.0048,370000.0048
24.06.2021 00:05:07.928,7.765930000000001,7.76482,370000.0048,370000.0048
24.06.2021 00:05:08.030,7.765930000000001,7.764830000000001,370000.0048,750000
24.06.2021 00:05:08.135,7.765960000000001,7.76482,370000.0048,370000.0048
24.06.2021 00:05:08.339,7.765960000000001,7.764810000000001,370000.0048,370000.0048
24.06.2021 00:05:12.500,7.76594,7.7648,370000.0048,370000.0048
24.06.2021 00:05:36.943,7.76594,7.76479,370000.0048,370000.0048
24.06.2021 00:05:37.659,7.76594,7.764810000000001,370000.0048,370000.0048
24.06.2021 00:05:40.107,7.76595,7.764810000000001,370000.0048,370000.0048
24.06.2021 00:05:42.046,7.7659899999999995,7.76485,370000.0048,370000.0048
24.06.2021 00:05:42.146,7.76602,7.76487,370000.0048,750000
24.06.2021 00:05:42.272,7.766030000000001,7.76487,750000,750000
24.06.2021 00:05:45.928,7.766039999999999,7.76497,1120000.0048,750000
24.06.2021 00:05:46.065,7.766039999999999,7.76494,750000,1500000
24.06.2021 00:05:46.137,7.766039999999999,7.764960000000001,750000,750000
24.06.2021 00:05:46.341,7.766060000000001,7.764950000000001,370000.0048,750000
24.06.2021 00:05:46.546,7.766060000000001,7.76497,370000.0048,750000
24.06.2021 00:05:47.266,7.76607,7.76497,370000.0048,750000
24.06.2021 00:05:49.787,7.76607,7.76507,1120000.0048,750000
24.06.2021 00:05:49.894,7.76607,7.76504,750000,750000
24.06.2021 00:05:50.270,7.766039999999999,7.76504,370000.0048,750000
24.06.2021 00:05:51.154,7.766039999999999,7.765300000000001,370000.0048,370000.0048
24.06.2021 00:05:51.272,7.766050000000001,7.765300000000001,370000.0048,370000.0048
24.06.2021 00:05:56.924,7.766050000000001,7.765310000000001,370000.0048,370000.0048
24.06.2021 00:05:58.353,7.766050000000001,7.76538,370000.0048,370000.0048
24.06.2021 00:06:01.297,7.7660800000000005,7.76538,1120000.0048,370000.0048
24.06.2021 00:06:07.050,7.7660800000000005,7.76539,1120000.0048,370000.0048
24.06.2021 00:06:07.306,7.766039999999999,7.76539,370000.0048,370000.0048
24.06.2021 00:06:08.310,7.766050000000001,7.76539,370000.0048,370000.0048
24.06.2021 00:06:08.549,7.766050000000001,7.76544,370000.0048,370000.0048
24.06.2021 00:06:13.318,7.766039999999999,7.76544,370000.0048,370000.0048
24.06.2021 00:06:18.169,7.766039999999999,7.76545,370000.0048,370000.0048
24.06.2021 00:06:18.382,7.766,7.76545,370000.0048,370000.0048
24.06.2021 00:06:19.618,7.766,7.7654000000000005,370000.0048,370000.0048
24.06.2021 00:06:24.349,7.7659899999999995,7.7654000000000005,370000.0048,370000.0048
24.06.2021 00:06:25.339,7.76595,7.7654000000000005,370000.0048,370000.0048
24.06.2021 00:06:31.880,7.766030000000001,7.7654000000000005,750000,370000.0048
24.06.2021 00:06:31.980,7.766050000000001,7.7654000000000005,370000.0048,370000.0048
24.06.2021 00:06:32.132,7.76595,7.7654000000000005,370000.0048,370000.0048
24.06.2021 00:06:33.341,7.76595,7.765460000000001,370000.0048,370000.0048
24.06.2021 00:06:36.330,7.76595,7.76545,370000.0048,370000.0048
24.06.2021 00:06:36.619,7.76597,7.76545,370000.0048,370000.0048
24.06.2021 00:06:38.366,7.765980000000001,7.76545,370000.0048,370000.0048
24.06.2021 00:06:39.814,7.765980000000001,7.765460000000001,370000.0048,370000.0048
24.06.2021 00:06:39.915,7.76582,7.765460000000001,750000,370000.0048
24.06.2021 00:06:40.903,7.76582,7.765480000000001,750000,370000.0048
24.06.2021 00:07:00.177,7.765980000000001,7.765480000000001,370000.0048,370000.0048
24.06.2021 00:07:09.935,7.76582,7.765480000000001,750000,370000.0048
24.06.2021 00:07:39.960,7.76582,7.76544,750000,370000.0048
24.06.2021 00:07:40.010,7.76574,7.76543,750000,370000.0048
24.06.2021 00:07:41.460,7.76574,7.765410000000001,750000,370000.0048
24.06.2021 00:08:00.633,7.765910000000001,7.765410000000001,370000.0048,370000.0048
24.06.2021 00:08:09.998,7.76574,7.765410000000001,750000,370000.0048
24.06.2021 00:08:43.173,7.76574,7.765360000000001,750000,370000.0048
24.06.2021 00:08:51.464,7.76594,7.765360000000001,469999.9988,370000.0048
24.06.2021 00:08:59.655,7.765930000000001,7.76537,259999.9905,370000.0048
24.06.2021 00:09:02.395,7.765930000000001,7.76537,349999.994,370000.0048
24.06.2021 00:09:10.322,7.76574,7.76537,750000,370000.0048
24.06.2021 00:09:36.468,7.76594,7.76537,589999.9738,370000.0048
24.06.2021 00:09:38.395,7.76594,7.76537,469999.9988,370000.0048
24.06.2021 00:09:40.569,7.76574,7.76537,750000,370000.0048
24.06.2021 00:09:56.473,7.76594,7.76537,469999.9988,370000.0048
24.06.2021 00:10:04.495,7.765980000000001,7.765230000000001,349999.994,850000.0238
24.06.2021 00:10:10.685,7.76574,7.765230000000001,750000,1600000.0238
24.06.2021 00:10:14.395,7.76574,7.765230000000001,750000,1600000.0238
24.06.2021 00:10:26.473,7.7659899999999995,7.765230000000001,469999.9988,850000.0238
24.06.2021 00:10:39.279,7.765980000000001,7.76532,349999.994,349999.994
24.06.2021 00:10:39.859,7.765930000000001,7.76538,469999.9988,370000.0048
24.06.2021 00:10:40.907,7.76592,7.76542,469999.9988,370000.0048
24.06.2021 00:10:41.008,7.76574,7.76542,750000,370000.0048
24.06.2021 00:10:59.178,7.76592,7.76542,850000.0238,370000.0048
24.06.2021 00:11:13.639,7.76574,7.76542,939999.9976,370000.0048
24.06.2021 00:11:43.964,7.76574,7.765300000000001,750000,750000
24.06.2021 00:11:51.469,7.76574,7.76525,750000,1000000
24.06.2021 00:11:55.597,7.765980000000001,7.765300000000001,250000,939999.9976
24.06.2021 00:11:56.850,7.765980000000001,7.76532,250000,250000
24.06.2021 00:12:14.166,7.76574,7.76525,1000000,1000000
24.06.2021 00:12:25.600,7.76574,7.765300000000001,750000,750000
24.06.2021 00:12:26.929,7.765980000000001,7.765300000000001,250000,1250000
24.06.2021 00:12:27.083,7.765910000000001,7.76539,370000.0048,370000.0048
24.06.2021 00:12:39.735,7.765910000000001,7.76542,370000.0048,370000.0048
24.06.2021 00:12:39.836,7.76583,7.76555,750000,370000.0048
24.06.2021 00:12:40.216,7.76583,7.765530000000001,750000,370000.0048
24.06.2021 00:12:51.774,7.76583,7.76552,750000,370000.0048
24.06.2021 00:12:52.026,7.76583,7.765480000000001,750000,819999.9928
24.06.2021 00:13:11.888,7.765880000000001,7.76543,370000.0048,469999.9988
24.06.2021 00:13:14.400,7.765880000000001,7.76543,370000.0048,469999.9988
24.06.2021 00:13:17.810,7.76583,7.765480000000001,750000,750000
24.06.2021 00:13:41.890,7.765880000000001,7.76543,370000.0048,469999.9988
24.06.2021 00:13:46.579,7.76589,7.76544,370000.0048,469999.9988
24.06.2021 00:13:46.630,7.76589,7.765580000000001,370000.0048,750000
24.06.2021 00:13:46.968,7.765930000000001,7.765580000000001,750000,750000
24.06.2021 00:13:47.849,7.765880000000001,7.765530000000001,750000,819999.9928
24.06.2021 00:13:50.024,7.765930000000001,7.765580000000001,750000,1120000.0048
24.06.2021 00:13:51.096,7.765930000000001,7.765610000000001,750000,370000.0048
24.06.2021 00:13:59.109,7.765930000000001,7.765660000000001,750000,370000.0048
24.06.2021 00:13:59.160,7.765980000000001,7.765660000000001,750000,370000.0048
24.06.2021 00:14:03.415,7.765980000000001,7.76565,750000,370000.0048
24.06.2021 00:14:03.516,7.766030000000001,7.765680000000001,1120000.0048,750000
24.06.2021 00:14:07.501,7.766030000000001,7.765750000000001,750000,370000.0048
24.06.2021 00:14:07.551,7.7660800000000005,7.765750000000001,1120000.0048,370000.0048
24.06.2021 00:14:09.017,7.7660800000000005,7.765760000000001,750000,370000.0048
24.06.2021 00:14:14.186,7.766100000000001,7.7657300000000005,750000,1220000.0286
24.06.2021 00:14:14.321,7.76618,7.76583,750000,750000
24.06.2021 00:14:14.422,7.76614,7.76582,750000,370000.0048
24.06.2021 00:14:14.661,7.76614,7.76578,750000,850000.0238
24.06.2021 00:14:14.761,7.76613,7.76578,750000,850000.0238
24.06.2021 00:14:15.013,7.76613,7.765810000000001,750000,370000.0048
24.06.2021 00:14:30.286,7.766100000000001,7.765810000000001,750000,370000.0048
24.06.2021 00:14:30.336,7.766100000000001,7.76578,750000,370000.0048
24.06.2021 00:14:30.441,7.7660800000000005,7.76578,750000,370000.0048
24.06.2021 00:14:30.754,7.7660800000000005,7.7657300000000005,750000,819999.9928
24.06.2021 00:14:35.696,7.766110000000001,7.765660000000001,370000.0048,850000.0238
24.06.2021 00:14:35.796,7.766110000000001,7.765660000000001,370000.0048,850000.0238
24.06.2021 00:14:36.679,7.766160000000001,7.765660000000001,370000.0048,469999.9988
24.06.2021 00:14:38.211,7.7661500000000006,7.765630000000001,370000.0048,469999.9988
24.06.2021 00:14:42.908,7.7661500000000006,7.765630000000001,370000.0048,469999.9988
24.06.2021 00:14:47.403,7.7661500000000006,7.765630000000001,370000.0048,469999.9988
24.06.2021 00:14:51.595,7.7661500000000006,7.765630000000001,370000.0048,850000.0238
24.06.2021 00:14:51.846,7.7661500000000006,7.765630000000001,370000.0048,850000.0238
24.06.2021 00:14:54.760,7.766160000000001,7.765639999999999,449999.9881,469999.9988
24.06.2021 00:14:55.089,7.766160000000001,7.765639999999999,469999.9988,469999.9988
24.06.2021 00:14:56.133,7.766160000000001,7.765639999999999,449999.9881,469999.9988
24.06.2021 00:14:59.431,7.766160000000001,7.765639999999999,469999.9988,469999.9988
24.06.2021 00:15:07.307,7.766160000000001,7.765639999999999,469999.9988,469999.9988
24.06.2021 00:15:07.510,7.766160000000001,7.765639999999999,469999.9988,469999.9988
24.06.2021 00:15:12.436,7.766160000000001,7.765639999999999,850000.0238,469999.9988
24.06.2021 00:15:13.675,7.766160000000001,7.765639999999999,850000.0238,469999.9988
24.06.2021 00:15:16.253,7.766160000000001,7.765639999999999,850000.0238,469999.9988
24.06.2021 00:15:16.812,7.766160000000001,7.765639999999999,469999.9988,469999.9988
24.06.2021 00:15:17.884,7.765980000000001,7.76565,750000,370000.0048
24.06.2021 00:15:18.035,7.765930000000001,7.765580000000001,750000,850000.0238
24.06.2021 00:15:18.213,7.765930000000001,7.765580000000001,750000,750000
24.06.2021 00:15:38.765,7.766050000000001,7.765530000000001,469999.9988,469999.9988
24.06.2021 00:15:41.395,7.766050000000001,7.765530000000001,469999.9988,469999.9988
24.06.2021 00:15:48.117,7.765930000000001,7.765580000000001,750000,750000
24.06.2021 00:16:16.239,7.76594,7.765610000000001,750000,750000
24.06.2021 00:16:46.565,7.76602,7.7655,449999.9881,469999.9988
24.06.2021 00:16:46.666,7.76602,7.7655,370000.0048,370000.0048
24.06.2021 00:16:47.902,7.766030000000001,7.76545,370000.0048,469999.9988
24.06.2021 00:16:50.396,7.766030000000001,7.76545,370000.0048,469999.9988
24.06.2021 00:16:56.395,7.766030000000001,7.76545,370000.0048,469999.9988
24.06.2021 00:17:04.237,7.766030000000001,7.76545,469999.9988,469999.9988
24.06.2021 00:17:04.706,7.766030000000001,7.76545,469999.9988,469999.9988
24.06.2021 00:18:02.395,7.766030000000001,7.76545,469999.9988,469999.9988
24.06.2021 00:18:06.690,7.76613,7.76543,349999.994,469999.9988
24.06.2021 00:18:12.425,7.76613,7.76543,349999.994,469999.9988
24.06.2021 00:18:15.447,7.766,7.76543,370000.0048,469999.9988
24.06.2021 00:18:36.767,7.766,7.76543,370000.0048,469999.9988
24.06.2021 00:19:07.871,7.76602,7.76542,370000.0048,589999.9738
24.06.2021 00:19:09.001,7.76602,7.76542,370000.0048,1220000.0286
24.06.2021 00:19:20.407,7.76602,7.76542,370000.0048,1200000.0477
24.06.2021 00:19:21.909,7.7660100000000005,7.76542,370000.0048,1009999.9905
24.06.2021 00:19:38.395,7.7660100000000005,7.765410000000001,370000.0048,449999.9881
24.06.2021 00:19:39.211,7.7660100000000005,7.76542,370000.0048,750000
24.06.2021 00:19:56.971,7.766,7.76542,370000.0048,1120000.0048
24.06.2021 00:19:58.206,7.766060000000001,7.765410000000001,469999.9988,449999.9881
24.06.2021 00:20:04.998,7.76602,7.765410000000001,370000.0048,449999.9881
24.06.2021 00:20:05.998,7.7660100000000005,7.765410000000001,370000.0048,449999.9881
24.06.2021 00:20:06.539,7.76578,7.76542,750000,750000
24.06.2021 00:20:06.690,7.7657300000000005,7.76537,750000,1120000.0048
24.06.2021 00:20:06.740,7.76583,7.765180000000001,370000.0048,469999.9988
24.06.2021 00:20:06.791,7.76583,7.765180000000001,370000.0048,370000.0048
24.06.2021 00:20:07.027,7.76583,7.765180000000001,469999.9988,370000.0048
24.06.2021 00:20:08.131,7.765860000000001,7.765110000000001,469999.9988,370000.0048
24.06.2021 00:20:09.632,7.765860000000001,7.7651200000000005,469999.9988,370000.0048
24.06.2021 00:20:12.086,7.765860000000001,7.765110000000001,850000.0238,370000.0048
24.06.2021 00:20:12.315,7.76578,7.765110000000001,850000.0238,370000.0048
24.06.2021 00:20:12.489,7.76574,7.765160000000001,449999.9881,370000.0048
24.06.2021 00:20:13.288,7.76574,7.765160000000001,469999.9988,370000.0048
24.06.2021 00:20:13.691,7.76574,7.765160000000001,449999.9881,370000.0048
24.06.2021 00:20:14.065,7.76574,7.765160000000001,469999.9988,370000.0048
24.06.2021 00:20:14.745,7.76574,7.765160000000001,449999.9881,370000.0048
24.06.2021 00:20:18.002,7.765760000000001,7.7652,469999.9988,370000.0048
24.06.2021 00:20:18.298,7.765760000000001,7.7652,469999.9988,370000.0048
24.06.2021 00:20:18.666,7.765760000000001,7.7652,469999.9988,370000.0048
24.06.2021 00:20:18.980,7.76572,7.76514,370000.0048,370000.0048
24.06.2021 00:20:24.254,7.765700000000001,7.7651200000000005,370000.0048,370000.0048
24.06.2021 00:20:24.355,7.76549,7.76504,370000.0048,370000.0048
24.06.2021 00:20:24.859,7.765560000000001,7.76504,370000.0048,370000.0048
24.06.2021 00:20:32.440,7.76555,7.76503,370000.0048,370000.0048
24.06.2021 00:20:33.940,7.765560000000001,7.76504,370000.0048,370000.0048
24.06.2021 00:20:50.909,7.765630000000001,7.76498,469999.9988,370000.0048
24.06.2021 00:20:51.010,7.765630000000001,7.76498,370000.0048,469999.9988
24.06.2021 00:20:51.532,7.765630000000001,7.76498,370000.0048,469999.9988
24.06.2021 00:20:51.732,7.765630000000001,7.76498,370000.0048,469999.9988
24.06.2021 00:20:52.368,7.76569,7.76504,469999.9988,370000.0048
24.06.2021 00:20:56.899,7.76567,7.76502,370000.0048,469999.9988
24.06.2021 00:20:56.950,7.765580000000001,7.76502,939999.9976,370000.0048
24.06.2021 00:20:57.304,7.765560000000001,7.76504,370000.0048,370000.0048
24.06.2021 00:21:04.559,7.765580000000001,7.76499,750000,370000.0048
24.06.2021 00:21:04.610,7.765639999999999,7.76499,449999.9881,370000.0048
24.06.2021 00:21:04.711,7.765639999999999,7.76499,370000.0048,469999.9988
24.06.2021 00:21:05.883,7.76569,7.76504,469999.9988,370000.0048
24.06.2021 00:21:20.395,7.76569,7.76504,449999.9881,370000.0048
24.06.2021 00:22:04.740,7.765700000000001,7.7650500000000005,469999.9988,370000.0048
24.06.2021 00:22:05.242,7.765639999999999,7.7650500000000005,370000.0048,370000.0048
24.06.2021 00:22:05.789,7.765630000000001,7.7650500000000005,370000.0048,370000.0048
24.06.2021 00:22:06.788,7.76562,7.7650500000000005,370000.0048,370000.0048
24.06.2021 00:22:14.206,7.765700000000001,7.7650500000000005,469999.9988,370000.0048
24.06.2021 00:22:21.516,7.765700000000001,7.7650500000000005,469999.9988,370000.0048
24.06.2021 00:22:22.021,7.765700000000001,7.7650500000000005,469999.9988,370000.0048
24.06.2021 00:22:23.482,7.765630000000001,7.7650500000000005,370000.0048,370000.0048
24.06.2021 00:22:43.319,7.76567,7.7650500000000005,370000.0048,370000.0048
24.06.2021 00:23:10.793,7.765660000000001,7.7650500000000005,370000.0048,370000.0048
24.06.2021 00:23:12.376,7.76565,7.7650500000000005,370000.0048,370000.0048
24.06.2021 00:23:15.381,7.765639999999999,7.7650500000000005,370000.0048,370000.0048
24.06.2021 00:24:08.968,7.765639999999999,7.76502,370000.0048,370000.0048
24.06.2021 00:24:10.749,7.76574,7.76492,469999.9988,1220000.0286
24.06.2021 00:24:20.407,7.76574,7.76492,370000.0048,1120000.0048
24.06.2021 00:24:23.396,7.76574,7.76492,469999.9988,1220000.0286
24.06.2021 00:24:34.219,7.76572,7.76507,370000.0048,370000.0048
24.06.2021 00:24:35.692,7.765700000000001,7.7650500000000005,370000.0048,370000.0048
24.06.2021 00:24:51.245,7.76565,7.765000000000001,370000.0048,370000.0048
24.06.2021 00:24:51.547,7.76565,7.765000000000001,469999.9988,370000.0048
24.06.2021 00:24:52.746,7.765610000000001,7.76503,370000.0048,370000.0048
24.06.2021 00:24:59.995,7.7655899999999995,7.76503,370000.0048,370000.0048
24.06.2021 00:25:01.001,7.7656,7.76503,370000.0048,370000.0048
24.06.2021 00:25:02.006,7.7655899999999995,7.76503,370000.0048,370000.0048
24.06.2021 00:25:04.020,7.7656,7.76503,370000.0048,370000.0048
24.06.2021 00:25:05.021,7.7655899999999995,7.76503,370000.0048,370000.0048
24.06.2021 00:25:08.033,7.7656,7.76503,370000.0048,370000.0048
24.06.2021 00:25:09.039,7.7655899999999995,7.76503,370000.0048,370000.0048
24.06.2021 00:25:12.619,7.765580000000001,7.76503,370000.0048,370000.0048
24.06.2021 00:25:13.623,7.76557,7.76503,370000.0048,370000.0048
24.06.2021 00:25:14.626,7.765560000000001,7.76503,370000.0048,370000.0048
24.06.2021 00:25:16.631,7.76554,7.76503,370000.0048,370000.0048
24.06.2021 00:25:18.344,7.76554,7.765010000000001,370000.0048,370000.0048
24.06.2021 00:25:18.395,7.7655899999999995,7.765010000000001,370000.0048,370000.0048
24.06.2021 00:25:18.527,7.7655899999999995,7.765010000000001,469999.9988,370000.0048
24.06.2021 00:25:18.779,7.765530000000001,7.764880000000001,370000.0048,370000.0048
24.06.2021 00:25:20.654,7.765530000000001,7.76492,370000.0048,939999.9976
24.06.2021 00:25:20.939,7.765530000000001,7.764880000000001,370000.0048,370000.0048
24.06.2021 00:25:22.124,7.76552,7.76487,370000.0048,370000.0048
24.06.2021 00:25:22.175,7.76527,7.764880000000001,750000,750000
24.06.2021 00:25:22.593,7.76532,7.7649300000000006,750000,750000
24.06.2021 00:25:22.643,7.765350000000001,7.764830000000001,370000.0048,370000.0048
24.06.2021 00:25:22.694,7.76527,7.764880000000001,750000,750000
24.06.2021 00:25:44.177,7.765350000000001,7.7648600000000005,370000.0048,370000.0048
24.06.2021 00:25:47.407,7.76538,7.7648600000000005,370000.0048,370000.0048
24.06.2021 00:25:52.859,7.76527,7.764880000000001,750000,750000
24.06.2021 00:26:11.563,7.765350000000001,7.7648600000000005,370000.0048,370000.0048
24.06.2021 00:26:22.988,7.76527,7.764880000000001,750000,750000
24.06.2021 00:26:31.565,7.765180000000001,7.764780000000001,750000,1120000.0048
24.06.2021 00:26:31.616,7.7651200000000005,7.764780000000001,750000,370000.0048
24.06.2021 00:26:31.910,7.7651200000000005,7.764730000000001,750000,1120000.0048
24.06.2021 00:26:41.359,7.7651200000000005,7.76477,750000,370000.0048
24.06.2021 00:26:41.889,7.76522,7.76477,370000.0048,370000.0048
24.06.2021 00:26:50.659,7.765210000000001,7.764760000000001,370000.0048,370000.0048
24.06.2021 00:26:50.710,7.76502,7.764730000000001,750000,370000.0048
24.06.2021 00:26:50.760,7.76509,7.764730000000001,370000.0048,750000
24.06.2021 00:26:50.918,7.7651200000000005,7.764730000000001,750000,750000
24.06.2021 00:26:58.695,7.76507,7.76469,750000,370000.0048
24.06.2021 00:26:58.968,7.76507,7.7647200000000005,750000,370000.0048
24.06.2021 00:26:59.834,7.76507,7.764710000000001,750000,370000.0048
24.06.2021 00:27:00.008,7.76507,7.7647200000000005,750000,370000.0048
24.06.2021 00:27:13.749,7.76507,7.764710000000001,750000,370000.0048
24.06.2021 00:27:13.900,7.76509,7.764730000000001,370000.0048,750000
24.06.2021 00:27:13.951,7.7651200000000005,7.76475,750000,370000.0048
24.06.2021 00:27:15.410,7.7651200000000005,7.76477,750000,370000.0048
24.06.2021 00:27:20.859,7.7651200000000005,7.764780000000001,750000,370000.0048
24.06.2021 00:27:20.960,7.76507,7.764780000000001,750000,370000.0048
24.06.2021 00:27:21.343,7.76507,7.7647200000000005,750000,370000.0048
24.06.2021 00:27:40.925,7.7651,7.7647200000000005,370000.0048,370000.0048
24.06.2021 00:27:51.184,7.76507,7.7647200000000005,750000,370000.0048
24.06.2021 00:27:54.385,7.76507,7.764780000000001,750000,370000.0048
24.06.2021 00:27:54.436,7.7651200000000005,7.764780000000001,750000,370000.0048
24.06.2021 00:28:08.752,7.7651200000000005,7.76474,750000,370000.0048
24.06.2021 00:28:14.466,7.76519,7.76474,370000.0048,370000.0048
24.06.2021 00:28:19.853,7.7652,7.76475,370000.0048,370000.0048
24.06.2021 00:28:19.904,7.76517,7.764780000000001,750000,750000
24.06.2021 00:28:20.005,7.76527,7.764880000000001,750000,750000
24.06.2021 00:28:20.055,7.765360000000001,7.764780000000001,370000.0048,469999.9988
24.06.2021 00:28:20.106,7.76527,7.764880000000001,750000,819999.9928
24.06.2021 00:28:20.207,7.76532,7.76494,750000,370000.0048
24.06.2021 00:28:22.610,7.76527,7.7649300000000006,750000,370000.0048
24.06.2021 00:28:22.925,7.76532,7.7649300000000006,750000,1120000.0048
24.06.2021 00:28:24.119,7.76527,7.764880000000001,750000,819999.9928
24.06.2021 00:28:24.275,7.76532,7.7649300000000006,750000,750000
24.06.2021 00:28:24.481,7.76532,7.76494,750000,370000.0048
24.06.2021 00:28:24.817,7.76537,7.76498,750000,750000
24.06.2021 00:28:24.868,7.765460000000001,7.76494,449999.9881,370000.0048
24.06.2021 00:28:24.968,7.76532,7.76494,750000,370000.0048
24.06.2021 00:28:25.851,7.76532,7.76497,750000,370000.0048
24.06.2021 00:28:26.231,7.76537,7.76498,750000,750000
24.06.2021 00:28:26.282,7.76542,7.76497,370000.0048,370000.0048
24.06.2021 00:28:26.332,7.76527,7.764880000000001,750000,850000.0238
24.06.2021 00:28:26.890,7.76527,7.764880000000001,750000,750000
24.06.2021 00:28:42.845,7.7654000000000005,7.764880000000001,370000.0048,370000.0048
24.06.2021 00:28:42.969,7.765410000000001,7.764889999999999,819999.9928,370000.0048
24.06.2021 00:28:43.019,7.76532,7.7649300000000006,750000,750000
24.06.2021 00:28:43.120,7.76527,7.764889999999999,750000,370000.0048
24.06.2021 00:28:44.470,7.76527,7.764880000000001,750000,1120000.0048
24.06.2021 00:28:50.359,7.765180000000001,7.76485,750000,370000.0048
24.06.2021 00:28:50.717,7.76517,7.76485,750000,370000.0048
24.06.2021 00:28:51.590,7.76517,7.764810000000001,750000,370000.0048
24.06.2021 00:29:07.886,7.765260000000001,7.764810000000001,370000.0048,370000.0048
24.06.2021 00:29:20.827,7.76517,7.764810000000001,750000,370000.0048
24.06.2021 00:29:42.289,7.765260000000001,7.764810000000001,370000.0048,750000
24.06.2021 00:29:44.668,7.76527,7.76482,370000.0048,370000.0048
24.06.2021 00:29:51.039,7.76517,7.76482,750000,370000.0048
24.06.2021 00:30:36.469,7.76527,7.76482,370000.0048,370000.0048
24.06.2021 00:30:48.968,7.76538,7.7648,469999.9988,469999.9988
24.06.2021 00:30:51.279,7.76517,7.7648,750000,469999.9988
24.06.2021 00:31:09.064,7.76517,7.764810000000001,750000,469999.9988
24.06.2021 00:31:38.100,7.7651200000000005,7.764810000000001,750000,370000.0048
24.06.2021 00:31:38.400,7.7651200000000005,7.7648,750000,449999.9881
24.06.2021 00:31:58.137,7.76525,7.7648,370000.0048,370000.0048
24.06.2021 00:32:08.280,7.7651200000000005,7.7648,939999.9976,370000.0048
24.06.2021 00:32:28.137,7.76525,7.7648,370000.0048,449999.9881
24.06.2021 00:32:38.606,7.7651200000000005,7.764760000000001,750000,469999.9988
24.06.2021 00:32:51.500,7.76543,7.76477,349999.994,349999.994
24.06.2021 00:33:08.833,7.7651200000000005,7.7647200000000005,750000,850000.0238
24.06.2021 00:33:21.520,7.7651200000000005,7.7647200000000005,750000,750000
24.06.2021 00:33:26.880,7.7651200000000005,7.764780000000001,750000,469999.9988
24.06.2021 00:34:28.968,7.7651200000000005,7.7647200000000005,750000,750000
24.06.2021 00:35:00.123,7.7651200000000005,7.7647200000000005,750000,850000.0238
24.06.2021 00:35:51.459,7.7651200000000005,7.7648,750000,370000.0048
24.06.2021 00:36:52.226,7.7651200000000005,7.7647200000000005,750000,850000.0238
24.06.2021 00:37:28.784,7.7651200000000005,7.76477,750000,370000.0048
24.06.2021 00:37:39.908,7.76522,7.76477,370000.0048,370000.0048
24.06.2021 00:37:40.767,7.765230000000001,7.764780000000001,370000.0048,370000.0048
24.06.2021 00:38:22.363,7.7651200000000005,7.764780000000001,750000,370000.0048
24.06.2021 00:38:22.565,7.765230000000001,7.764780000000001,370000.0048,370000.0048
24.06.2021 00:38:39.865,7.7651200000000005,7.764780000000001,750000,370000.0048
24.06.2021 00:38:39.966,7.765230000000001,7.764780000000001,370000.0048,370000.0048
24.06.2021 00:38:40.971,7.7652,7.76475,370000.0048,370000.0048
24.06.2021 00:39:47.559,7.7652,7.76477,250000,370000.0048
24.06.2021 00:39:58.968,7.76522,7.76477,449999.9881,370000.0048
24.06.2021 00:40:41.455,7.765230000000001,7.764780000000001,370000.0048,370000.0048
24.06.2021 00:41:41.617,7.765280000000001,7.764660000000001,850000.0238,469999.9988
24.06.2021 00:41:58.967,7.765280000000001,7.764660000000001,750000,370000.0048
24.06.2021 00:42:18.059,7.765280000000001,7.764660000000001,850000.0238,469999.9988
24.06.2021 00:42:22.215,7.765280000000001,7.764660000000001,850000.0238,449999.9881
24.06.2021 00:42:46.854,7.76522,7.76477,370000.0048,370000.0048
24.06.2021 00:42:47.005,7.7652,7.76477,250000,370000.0048
24.06.2021 00:42:48.355,7.76519,7.76474,370000.0048,370000.0048
24.06.2021 00:42:58.832,7.765180000000001,7.76474,370000.0048,370000.0048
24.06.2021 00:43:06.738,7.76517,7.76474,200000.003,370000.0048
24.06.2021 00:43:51.302,7.76515,7.76474,200000.003,370000.0048
24.06.2021 00:44:08.967,7.76515,7.764710000000001,200000.003,370000.0048
24.06.2021 00:44:50.777,7.76514,7.764710000000001,200000.003,370000.0048
24.06.2021 00:44:50.999,7.76514,7.7647,200000.003,370000.0048
24.06.2021 00:44:54.574,7.76514,7.76474,200000.003,370000.0048
24.06.2021 00:45:03.170,7.76514,7.76477,200000.003,370000.0048
24.06.2021 00:45:04.173,7.765080000000001,7.764780000000001,370000.0048,370000.0048
24.06.2021 00:45:16.242,7.76514,7.76474,899999.9762,370000.0048
24.06.2021 00:45:17.224,7.76514,7.764710000000001,200000.003,370000.0048
24.06.2021 00:45:20.930,7.76515,7.76475,899999.9762,370000.0048
24.06.2021 00:45:35.104,7.76517,7.764760000000001,899999.9762,370000.0048
24.06.2021 00:45:36.024,7.76517,7.76469,519999.9809,1120000.0048
24.06.2021 00:45:49.612,7.76515,7.76469,200000.003,370000.0048
24.06.2021 00:45:50.118,7.76515,7.76475,200000.003,370000.0048
24.06.2021 00:45:53.603,7.765110000000001,7.76475,370000.0048,370000.0048
24.06.2021 00:46:24.029,7.76515,7.76468,200000.003,370000.0048
24.06.2021 00:46:51.465,7.76519,7.76467,750000,750000
24.06.2021 00:46:53.221,7.76522,7.76464,750000,850000.0238
24.06.2021 00:46:53.391,7.76515,7.76464,200000.003,850000.0238
24.06.2021 00:47:24.081,7.76515,7.76464,200000.003,850000.0238
24.06.2021 00:47:24.182,7.76514,7.7646500000000005,200000.003,819999.9928
24.06.2021 00:47:27.802,7.76514,7.76468,200000.003,370000.0048
24.06.2021 00:47:57.763,7.76514,7.76467,200000.003,370000.0048
24.06.2021 00:47:58.506,7.76514,7.764730000000001,200000.003,370000.0048
24.06.2021 00:48:28.967,7.765160000000001,7.764730000000001,370000.0048,370000.0048
24.06.2021 00:48:58.967,7.7652,7.7646500000000005,750000,750000
24.06.2021 00:49:30.599,7.765160000000001,7.76467,370000.0048,370000.0048
24.06.2021 00:49:30.925,7.765160000000001,7.76474,370000.0048,370000.0048
24.06.2021 00:49:32.099,7.765180000000001,7.76474,370000.0048,370000.0048
24.06.2021 00:49:50.095,7.7651200000000005,7.76474,750000,370000.0048
24.06.2021 00:49:51.594,7.76514,7.76475,370000.0048,750000
24.06.2021 00:49:51.645,7.76517,7.7648,750000,370000.0048
24.06.2021 00:49:52.497,7.76517,7.76477,1120000.0048,750000
24.06.2021 00:49:54.172,7.76517,7.764830000000001,370000.0048,750000
24.06.2021 00:49:54.222,7.76522,7.7648600000000005,750000,370000.0048
24.06.2021 00:49:55.445,7.76522,7.7648399999999995,750000,750000
24.06.2021 00:49:56.043,7.7652399999999995,7.76487,370000.0048,750000
24.06.2021 00:49:56.144,7.76527,7.764910000000001,750000,370000.0048
24.06.2021 00:49:57.550,7.76527,7.764889999999999,750000,750000
24.06.2021 00:50:01.070,7.76527,7.764960000000001,750000,370000.0048
24.06.2021 00:50:04.638,7.76527,7.76497,750000,370000.0048
24.06.2021 00:50:05.635,7.76527,7.76498,750000,370000.0048
24.06.2021 00:50:06.637,7.76527,7.76499,750000,370000.0048
24.06.2021 00:50:07.640,7.76527,7.765000000000001,750000,370000.0048
24.06.2021 00:50:13.582,7.765289999999999,7.765000000000001,750000,370000.0048
24.06.2021 00:50:26.230,7.76527,7.765000000000001,750000,370000.0048
24.06.2021 00:50:31.689,7.76527,7.76498,750000,370000.0048
24.06.2021 00:50:32.693,7.76527,7.76499,750000,370000.0048
24.06.2021 00:50:33.885,7.76527,7.765010000000001,1120000.0048,370000.0048
24.06.2021 00:50:34.889,7.765260000000001,7.765010000000001,370000.0048,370000.0048
24.06.2021 00:50:39.784,7.76522,7.76487,750000,1870000.0048
24.06.2021 00:50:39.835,7.765110000000001,7.76487,750000,750000
24.06.2021 00:50:39.886,7.765110000000001,7.76479,750000,370000.0048
24.06.2021 00:50:41.392,7.765110000000001,7.7647,750000,1120000.0048
24.06.2021 00:50:44.715,7.765110000000001,7.76469,750000,1120000.0048
24.06.2021 00:51:06.509,7.765110000000001,7.7647,750000,370000.0048
24.06.2021 00:51:07.527,7.765160000000001,7.764730000000001,750000,370000.0048
24.06.2021 00:51:08.528,7.76515,7.764730000000001,370000.0048,370000.0048
24.06.2021 00:51:10.005,7.765110000000001,7.764730000000001,750000,370000.0048
24.06.2021 00:51:20.222,7.76515,7.76474,939999.9976,370000.0048
24.06.2021 00:51:20.296,7.76517,7.76474,370000.0048,370000.0048
24.06.2021 00:51:21.415,7.76517,7.7647200000000005,370000.0048,370000.0048
24.06.2021 00:51:21.709,7.765160000000001,7.7647200000000005,370000.0048,370000.0048
24.06.2021 00:51:48.036,7.76517,7.7647200000000005,370000.0048,370000.0048
24.06.2021 00:51:49.537,7.76515,7.7647200000000005,370000.0048,370000.0048
24.06.2021 00:51:52.078,7.765130000000001,7.7647200000000005,370000.0048,370000.0048
24.06.2021 00:51:57.159,7.76517,7.7647200000000005,370000.0048,370000.0048
24.06.2021 00:51:57.863,7.76517,7.76474,370000.0048,370000.0048
24.06.2021 00:52:10.453,7.765160000000001,7.76474,750000,370000.0048
24.06.2021 00:52:10.889,7.7651,7.764780000000001,370000.0048,370000.0048
24.06.2021 00:52:13.473,7.76509,7.76479,370000.0048,370000.0048
24.06.2021 00:52:17.948,7.765110000000001,7.76482,370000.0048,370000.0048
24.06.2021 00:52:18.943,7.7651,7.764810000000001,370000.0048,370000.0048
24.06.2021 00:52:25.924,7.76509,7.76482,370000.0048,370000.0048
24.06.2021 00:52:52.014,7.7651,7.764810000000001,370000.0048,370000.0048
24.06.2021 00:53:57.152,7.76517,7.764730000000001,750000,750000
24.06.2021 00:54:28.040,7.76517,7.76474,750000,370000.0048
24.06.2021 00:55:13.318,7.765160000000001,7.76474,750000,370000.0048
24.06.2021 00:55:13.369,7.7651200000000005,7.76474,750000,370000.0048
24.06.2021 00:55:14.412,7.7651200000000005,7.7647200000000005,750000,1120000.0048
24.06.2021 00:55:16.264,7.7651200000000005,7.764730000000001,750000,370000.0048
24.06.2021 00:55:18.272,7.7651200000000005,7.76474,750000,370000.0048
24.06.2021 00:55:32.790,7.765130000000001,7.76474,370000.0048,370000.0048
24.06.2021 00:55:33.753,7.765130000000001,7.7647,370000.0048,370000.0048
24.06.2021 00:55:43.381,7.7651200000000005,7.7647,750000,370000.0048
24.06.2021 00:55:50.334,7.7651200000000005,7.764710000000001,750000,370000.0048
24.06.2021 00:56:19.885,7.765080000000001,7.764710000000001,370000.0048,370000.0048
24.06.2021 00:56:19.986,7.765060000000001,7.764710000000001,750000,370000.0048
24.06.2021 00:56:21.397,7.765060000000001,7.7647,750000,370000.0048
24.06.2021 00:56:26.409,7.765060000000001,7.76469,1120000.0048,370000.0048
24.06.2021 00:56:27.428,7.765060000000001,7.7647,750000,370000.0048
24.06.2021 00:56:28.603,7.76507,7.7647,370000.0048,370000.0048
24.06.2021 00:56:29.890,7.76509,7.7647,370000.0048,370000.0048
24.06.2021 00:56:30.417,7.76509,7.76469,370000.0048,370000.0048
24.06.2021 00:56:33.422,7.76509,7.7647,370000.0048,370000.0048
24.06.2021 00:56:37.131,7.76509,7.764710000000001,370000.0048,750000
24.06.2021 00:56:38.431,7.76509,7.76475,370000.0048,370000.0048
24.06.2021 00:56:39.134,7.765110000000001,7.76475,370000.0048,370000.0048
24.06.2021 00:56:39.335,7.765110000000001,7.764730000000001,370000.0048,750000
24.06.2021 00:56:40.147,7.7651200000000005,7.764730000000001,750000,750000
24.06.2021 00:57:09.215,7.76514,7.764730000000001,370000.0048,750000
24.06.2021 00:57:09.351,7.7651200000000005,7.764730000000001,750000,750000
24.06.2021 00:57:30.084,7.765160000000001,7.7648,750000,370000.0048
24.06.2021 00:57:31.313,7.765160000000001,7.764810000000001,750000,370000.0048
24.06.2021 00:57:31.520,7.765160000000001,7.764830000000001,750000,750000
24.06.2021 00:57:31.621,7.765160000000001,7.7648399999999995,750000,750000
24.06.2021 00:57:31.722,7.765160000000001,7.764810000000001,750000,1120000.0048
24.06.2021 00:57:33.544,7.765160000000001,7.764830000000001,750000,370000.0048
24.06.2021 00:58:18.124,7.76522,7.76487,1120000.0048,750000
24.06.2021 00:58:18.225,7.76522,7.764880000000001,1120000.0048,819999.9928
24.06.2021 00:58:38.155,7.76527,7.764880000000001,1120000.0048,819999.9928
24.06.2021 00:58:48.154,7.76522,7.764880000000001,750000,750000
24.06.2021 00:59:02.986,7.7652399999999995,7.764950000000001,750000,750000
24.06.2021 00:59:03.689,7.765310000000001,7.76504,370000.0048,750000
24.06.2021 00:59:03.790,7.765310000000001,7.76492,370000.0048,850000.0238
24.06.2021 00:59:03.963,7.765310000000001,7.76492,370000.0048,850000.0238
24.06.2021 00:59:04.038,7.765360000000001,7.76492,750000,850000.0238
24.06.2021 00:59:04.212,7.76538,7.76492,750000,850000.0238
24.06.2021 00:59:06.584,7.76538,7.76492,750000,850000.0238
24.06.2021 00:59:11.393,7.76538,7.7649300000000006,750000,469999.9988
24.06.2021 00:59:12.509,7.76539,7.7651,750000,750000
24.06.2021 00:59:29.100,7.76543,7.7650500000000005,370000.0048,370000.0048
24.06.2021 00:59:30.452,7.76543,7.76504,370000.0048,370000.0048
24.06.2021 00:59:30.779,7.76547,7.76504,1120000.0048,370000.0048
24.06.2021 00:59:33.926,7.76547,7.765060000000001,750000,370000.0048
24.06.2021 00:59:41.416,7.765480000000001,7.765060000000001,939999.9976,370000.0048
24.06.2021 00:59:42.435,7.765480000000001,7.7650500000000005,560000.0024,370000.0048
24.06.2021 00:59:42.593,7.76539,7.7651,750000,750000
24.06.2021 00:59:45.529,7.76534,7.7650500000000005,750000,1120000.0048
24.06.2021 00:59:45.580,7.765480000000001,7.76503,560000.0024,370000.0048
24.06.2021 00:59:45.897,7.765460000000001,7.764950000000001,370000.0048,469999.9988
24.06.2021 00:59:48.485,7.765480000000001,7.7650500000000005,250000,370000.0048
24.06.2021 00:59:49.985,7.765480000000001,7.76504,250000,370000.0048
24.06.2021 00:59:52.986,7.765480000000001,7.76503,259999.9905,370000.0048
24.06.2021 00:59:55.988,7.765480000000001,7.76502,259999.9905,370000.0048
24.06.2021 01:00:02.044,7.76547,7.76502,370000.0048,370000.0048
24.06.2021 01:00:02.909,7.76539,7.7651,750000,750000
24.06.2021 01:00:19.804,7.76544,7.76515,750000,750000
24.06.2021 01:00:52.390,7.765480000000001,7.76515,250000,370000.0048
24.06.2021 01:00:56.554,7.765480000000001,7.765110000000001,250000,370000.0048
24.06.2021 01:00:56.604,7.7654000000000005,7.765110000000001,750000,370000.0048
24.06.2021 01:00:56.705,7.765480000000001,7.765110000000001,250000,370000.0048
24.06.2021 01:00:56.957,7.765480000000001,7.76502,250000,370000.0048
24.06.2021 01:01:12.425,7.765480000000001,7.76502,349999.994,370000.0048
24.06.2021 01:01:14.404,7.76539,7.7651,750000,750000
24.06.2021 01:01:26.610,7.76539,7.765080000000001,750000,1120000.0048
24.06.2021 01:01:31.603,7.76544,7.765130000000001,750000,750000
24.06.2021 01:01:31.927,7.76544,7.76515,750000,370000.0048
24.06.2021 01:01:47.338,7.76544,7.76514,750000,1120000.0048
24.06.2021 01:01:54.331,7.765530000000001,7.76514,370000.0048,370000.0048
24.06.2021 01:01:54.515,7.76552,7.76514,370000.0048,370000.0048
24.06.2021 01:01:56.802,7.76552,7.7651200000000005,370000.0048,370000.0048
24.06.2021 01:01:56.853,7.76544,7.7651200000000005,750000,1120000.0048
24.06.2021 01:02:05.912,7.76544,7.76515,750000,370000.0048
24.06.2021 01:02:09.084,7.7654000000000005,7.76509,750000,370000.0048
24.06.2021 01:02:09.135,7.765510000000001,7.76509,370000.0048,370000.0048
24.06.2021 01:02:09.185,7.765480000000001,7.76509,250000,370000.0048
24.06.2021 01:02:09.236,7.76552,7.7650500000000005,370000.0048,370000.0048
24.06.2021 01:02:09.387,7.76552,7.7650500000000005,469999.9988,370000.0048
24.06.2021 01:02:09.522,7.76552,7.7650500000000005,469999.9988,370000.0048
24.06.2021 01:02:09.752,7.765480000000001,7.7650500000000005,250000,370000.0048
24.06.2021 01:02:10.708,7.765480000000001,7.76502,250000,370000.0048
24.06.2021 01:02:15.505,7.765530000000001,7.76502,469999.9988,370000.0048
24.06.2021 01:02:20.449,7.765530000000001,7.76504,469999.9988,370000.0048
24.06.2021 01:02:20.550,7.76544,7.76515,750000,750000
24.06.2021 01:02:24.904,7.76544,7.76517,750000,370000.0048
24.06.2021 01:02:24.955,7.76549,7.7652,750000,750000
24.06.2021 01:02:25.056,7.7655,7.7652,750000,750000
24.06.2021 01:02:50.629,7.76562,7.7652,469999.9988,370000.0048
24.06.2021 01:02:50.679,7.76549,7.7652,750000,1120000.0048
24.06.2021 01:02:56.637,7.765480000000001,7.7652,250000,1309999.9428
24.06.2021 01:03:20.323,7.7655,7.7652,750000,1120000.0048
24.06.2021 01:03:40.870,7.765630000000001,7.7651,469999.9988,469999.9988
24.06.2021 01:03:40.971,7.765630000000001,7.7651,660000.0262,449999.9881
24.06.2021 01:03:46.078,7.765630000000001,7.7651200000000005,349999.994,370000.0048
24.06.2021 01:03:48.593,7.765630000000001,7.7651200000000005,349999.994,370000.0048
24.06.2021 01:03:50.514,7.765630000000001,7.76504,349999.994,469999.9988
24.06.2021 01:03:51.545,7.765580000000001,7.7651,370000.0048,469999.9988
24.06.2021 01:03:53.379,7.765580000000001,7.765110000000001,370000.0048,469999.9988
24.06.2021 01:03:53.496,7.7655,7.7652,750000,750000
24.06.2021 01:04:50.168,7.7655,7.76527,750000,370000.0048
24.06.2021 01:04:50.219,7.765639999999999,7.765350000000001,750000,750000
24.06.2021 01:04:50.320,7.76569,7.7654000000000005,750000,750000
24.06.2021 01:05:06.253,7.765580000000001,7.765350000000001,750000,370000.0048
24.06.2021 01:05:06.304,7.76554,7.76525,750000,1120000.0048
24.06.2021 01:05:21.891,7.76562,7.76525,370000.0048,370000.0048
24.06.2021 01:05:22.426,7.765610000000001,7.76525,370000.0048,750000
24.06.2021 01:05:23.427,7.7656,7.76525,370000.0048,750000
24.06.2021 01:05:32.512,7.7655899999999995,7.765260000000001,370000.0048,370000.0048
24.06.2021 01:05:36.491,7.76554,7.765260000000001,750000,370000.0048
24.06.2021 01:05:37.563,7.76554,7.76527,750000,370000.0048
24.06.2021 01:05:41.545,7.76554,7.76525,750000,1500000
24.06.2021 01:05:55.683,7.76554,7.765280000000001,750000,370000.0048
24.06.2021 01:05:55.734,7.765639999999999,7.765350000000001,750000,750000
24.06.2021 01:06:15.777,7.76578,7.76534,660000.0262,370000.0048
24.06.2021 01:06:19.698,7.76578,7.7653300000000005,660000.0262,370000.0048
24.06.2021 01:06:20.653,7.76577,7.76532,469999.9988,370000.0048
24.06.2021 01:06:22.423,7.765750000000001,7.765310000000001,449999.9881,370000.0048
24.06.2021 01:06:22.474,7.7655899999999995,7.765310000000001,750000,370000.0048
24.06.2021 01:06:22.726,7.7655899999999995,7.765300000000001,750000,750000
24.06.2021 01:06:24.729,7.76554,7.765260000000001,750000,370000.0048
24.06.2021 01:06:26.179,7.76554,7.76525,750000,750000
24.06.2021 01:06:44.148,7.765580000000001,7.765230000000001,370000.0048,370000.0048
24.06.2021 01:06:45.128,7.76567,7.765230000000001,850000.0238,750000
24.06.2021 01:06:53.252,7.76554,7.76525,750000,750000
24.06.2021 01:06:57.278,7.76549,7.765230000000001,750000,750000
24.06.2021 01:06:57.868,7.76549,7.7652,750000,750000
24.06.2021 01:06:57.918,7.76544,7.76515,750000,750000
24.06.2021 01:07:36.763,7.76544,7.765160000000001,750000,370000.0048
24.06.2021 01:07:36.814,7.765530000000001,7.7652,370000.0048,750000
24.06.2021 01:07:36.864,7.76554,7.76525,750000,750000
24.06.2021 01:07:37.065,7.76554,7.765310000000001,750000,370000.0048
24.06.2021 01:07:37.116,7.7655899999999995,7.765310000000001,750000,370000.0048
24.06.2021 01:07:37.217,7.7657300000000005,7.765310000000001,469999.9988,370000.0048
24.06.2021 01:07:37.418,7.7657300000000005,7.765310000000001,469999.9988,370000.0048
24.06.2021 01:07:37.975,7.7657300000000005,7.765310000000001,469999.9988,370000.0048
24.06.2021 01:07:38.323,7.76578,7.76534,1220000.0286,370000.0048
24.06.2021 01:07:38.424,7.76578,7.76534,469999.9988,370000.0048
24.06.2021 01:07:38.525,7.76578,7.76534,449999.9881,370000.0048
24.06.2021 01:07:39.451,7.76584,7.76534,469999.9988,370000.0048
24.06.2021 01:07:39.824,7.76584,7.76538,469999.9988,370000.0048
24.06.2021 01:07:41.298,7.76584,7.76543,469999.9988,370000.0048
24.06.2021 01:07:41.399,7.76579,7.7655,750000,750000
24.06.2021 01:07:41.500,7.7658700000000005,7.76543,469999.9988,370000.0048
24.06.2021 01:07:41.550,7.76579,7.7655,750000,750000
24.06.2021 01:07:41.651,7.7658700000000005,7.76543,469999.9988,370000.0048
24.06.2021 01:07:41.701,7.76579,7.7655,750000,750000
24.06.2021 01:07:41.752,7.7658700000000005,7.76543,469999.9988,370000.0048
24.06.2021 01:07:41.803,7.76579,7.7655,750000,750000
24.06.2021 01:07:41.863,7.7658700000000005,7.76543,469999.9988,370000.0048
24.06.2021 01:07:41.914,7.7658700000000005,7.76543,469999.9988,370000.0048
24.06.2021 01:07:41.964,7.7658700000000005,7.76543,469999.9988,370000.0048
24.06.2021 01:07:42.266,7.76579,7.7655,750000,750000
24.06.2021 01:07:42.317,7.7658700000000005,7.76543,469999.9988,370000.0048
24.06.2021 01:07:42.367,7.7658700000000005,7.76543,469999.9988,370000.0048
24.06.2021 01:07:42.766,7.76579,7.7655,750000,750000
24.06.2021 01:07:42.817,7.76585,7.765460000000001,469999.9988,370000.0048
24.06.2021 01:07:42.879,7.76585,7.765460000000001,370000.0048,370000.0048
24.06.2021 01:07:43.777,7.765880000000001,7.765460000000001,349999.994,370000.0048
24.06.2021 01:07:44.007,7.765880000000001,7.76544,349999.994,370000.0048
24.06.2021 01:07:50.501,7.765880000000001,7.76544,349999.994,370000.0048
24.06.2021 01:07:50.551,7.765880000000001,7.765460000000001,349999.994,370000.0048
24.06.2021 01:07:51.905,7.7659,7.765460000000001,469999.9988,370000.0048
24.06.2021 01:07:57.993,7.765930000000001,7.76542,469999.9988,370000.0048
24.06.2021 01:07:58.043,7.7656,7.76534,750000,750000
24.06.2021 01:07:58.144,7.7656,7.765300000000001,750000,1120000.0048
24.06.2021 01:08:01.949,7.76549,7.765260000000001,750000,370000.0048
24.06.2021 01:08:02.050,7.76544,7.765260000000001,750000,370000.0048
24.06.2021 01:08:02.100,7.76544,7.765160000000001,750000,819999.9928
24.06.2021 01:08:02.201,7.76544,7.76515,750000,750000
24.06.2021 01:08:18.573,7.76555,7.7651200000000005,469999.9988,370000.0048
24.06.2021 01:08:19.828,7.765560000000001,7.765110000000001,469999.9988,370000.0048
24.06.2021 01:08:19.879,7.76534,7.765110000000001,750000,370000.0048
24.06.2021 01:08:20.609,7.76534,7.7650500000000005,750000,1120000.0048
24.06.2021 01:08:22.005,7.765300000000001,7.765010000000001,750000,750000
24.06.2021 01:08:24.254,7.7652399999999995,7.76497,750000,370000.0048
24.06.2021 01:08:25.704,7.7652399999999995,7.764950000000001,750000,1120000.0048
24.06.2021 01:08:28.004,7.7652,7.76494,750000,370000.0048
24.06.2021 01:08:28.054,7.76525,7.76494,750000,370000.0048
24.06.2021 01:08:28.155,7.7652399999999995,7.764950000000001,750000,750000
24.06.2021 01:08:33.061,7.7652399999999995,7.764960000000001,750000,370000.0048
24.06.2021 01:08:34.785,7.765300000000001,7.765000000000001,750000,750000
24.06.2021 01:08:34.836,7.76534,7.7650500000000005,1120000.0048,750000
24.06.2021 01:08:46.259,7.765300000000001,7.76503,750000,370000.0048
24.06.2021 01:08:46.359,7.765300000000001,7.765010000000001,750000,750000
24.06.2021 01:08:49.020,7.7652399999999995,7.764960000000001,750000,370000.0048
24.06.2021 01:08:49.071,7.765300000000001,7.765010000000001,750000,750000
24.06.2021 01:08:53.253,7.765289999999999,7.76502,750000,750000
24.06.2021 01:08:56.585,7.765300000000001,7.765010000000001,750000,750000
24.06.2021 01:09:03.164,7.76534,7.7650500000000005,750000,750000
24.06.2021 01:09:14.976,7.76539,7.7651,750000,750000
24.06.2021 01:09:15.090,7.76557,7.765130000000001,469999.9988,370000.0048
24.06.2021 01:09:15.366,7.76557,7.765130000000001,469999.9988,370000.0048
24.06.2021 01:09:16.555,7.765580000000001,7.76509,850000.0238,370000.0048
24.06.2021 01:09:18.593,7.765580000000001,7.76509,850000.0238,370000.0048
24.06.2021 01:09:21.066,7.765580000000001,7.76509,850000.0238,370000.0048
24.06.2021 01:09:21.250,7.765580000000001,7.76509,850000.0238,370000.0048
24.06.2021 01:09:34.573,7.765580000000001,7.7651,850000.0238,370000.0048
24.06.2021 01:09:34.623,7.76549,7.7652,750000,750000
24.06.2021 01:09:47.888,7.76544,7.765180000000001,750000,370000.0048
24.06.2021 01:09:48.182,7.76544,7.76515,750000,1120000.0048
24.06.2021 01:09:49.369,7.76539,7.765110000000001,750000,370000.0048
24.06.2021 01:09:49.834,7.76539,7.76514,750000,370000.0048
24.06.2021 01:09:51.039,7.76539,7.765110000000001,750000,370000.0048
24.06.2021 01:09:51.089,7.76534,7.765110000000001,750000,370000.0048
24.06.2021 01:09:51.190,7.7654000000000005,7.765110000000001,750000,370000.0048
24.06.2021 01:09:53.874,7.765350000000001,7.765110000000001,750000,370000.0048
24.06.2021 01:09:53.924,7.7654000000000005,7.765110000000001,819999.9928,370000.0048
24.06.2021 01:09:53.975,7.7654000000000005,7.76507,1570000.0525,370000.0048
24.06.2021 01:09:55.323,7.7654000000000005,7.765080000000001,750000,370000.0048
24.06.2021 01:09:56.604,7.7654000000000005,7.765060000000001,750000,750000
24.06.2021 01:09:58.774,7.7654000000000005,7.76509,750000,370000.0048
24.06.2021 01:09:58.824,7.7655,7.7651,1870000.0048,750000
24.06.2021 01:09:58.875,7.7655,7.765160000000001,1120000.0048,750000
24.06.2021 01:09:59.026,7.76555,7.765210000000001,750000,750000
24.06.2021 01:09:59.177,7.7655899999999995,7.765260000000001,370000.0048,750000
24.06.2021 01:09:59.328,7.7656,7.765260000000001,750000,750000
24.06.2021 01:09:59.975,7.7656,7.76527,750000,370000.0048
24.06.2021 01:10:06.303,7.7656,7.765280000000001,750000,370000.0048
24.06.2021 01:10:06.354,7.76565,7.765310000000001,750000,750000
24.06.2021 01:10:09.239,7.76555,7.765280000000001,750000,370000.0048
24.06.2021 01:10:09.390,7.76555,7.76522,750000,370000.0048
24.06.2021 01:10:10.543,7.76555,7.765210000000001,750000,750000
24.06.2021 01:10:12.854,7.76545,7.76517,750000,370000.0048
24.06.2021 01:10:12.904,7.7655,7.76517,750000,370000.0048
24.06.2021 01:10:12.955,7.76554,7.765210000000001,750000,750000
24.06.2021 01:10:13.056,7.76555,7.765210000000001,750000,750000
24.06.2021 01:10:15.732,7.7655,7.765180000000001,750000,370000.0048
24.06.2021 01:10:15.869,7.7655,7.76517,750000,370000.0048
24.06.2021 01:10:17.259,7.7655,7.765160000000001,750000,750000
24.06.2021 01:10:19.954,7.7655,7.76522,750000,370000.0048
24.06.2021 01:10:20.004,7.76555,7.7652399999999995,370000.0048,750000
24.06.2021 01:10:20.055,7.7655899999999995,7.7652399999999995,750000,750000
24.06.2021 01:10:20.105,7.7655899999999995,7.765260000000001,750000,370000.0048
24.06.2021 01:10:20.206,7.7656,7.765260000000001,750000,1120000.0048
24.06.2021 01:10:22.729,7.76565,7.76532,750000,370000.0048
24.06.2021 01:10:22.881,7.76567,7.765360000000001,370000.0048,750000
24.06.2021 01:10:22.981,7.765750000000001,7.765410000000001,2250000,750000
24.06.2021 01:10:23.610,7.7658000000000005,7.765460000000001,1120000.0048,750000
24.06.2021 01:10:29.374,7.7658000000000005,7.76547,750000,370000.0048
24.06.2021 01:10:29.424,7.76582,7.76547,750000,370000.0048
24.06.2021 01:10:29.475,7.7658000000000005,7.76547,750000,370000.0048
24.06.2021 01:10:29.525,7.7658700000000005,7.76547,1500000,370000.0048
24.06.2021 01:10:29.576,7.76589,7.76547,1120000.0048,370000.0048
24.06.2021 01:10:30.509,7.765860000000001,7.76547,370000.0048,370000.0048
24.06.2021 01:10:30.662,7.765860000000001,7.76544,370000.0048,750000
24.06.2021 01:10:33.267,7.765860000000001,7.76543,370000.0048,449999.9881
24.06.2021 01:10:33.368,7.765860000000001,7.765480000000001,370000.0048,750000
24.06.2021 01:10:34.052,7.76589,7.765480000000001,370000.0048,750000
24.06.2021 01:10:35.010,7.765880000000001,7.765480000000001,370000.0048,750000
24.06.2021 01:10:39.240,7.765880000000001,7.765480000000001,370000.0048,1220000.0286
24.06.2021 01:10:39.347,7.7658700000000005,7.765480000000001,370000.0048,1220000.0286
24.06.2021 01:10:42.137,7.765930000000001,7.765480000000001,370000.0048,850000.0238
24.06.2021 01:10:42.593,7.765930000000001,7.765480000000001,370000.0048,850000.0238
24.06.2021 01:10:43.139,7.76592,7.765480000000001,370000.0048,850000.0238
24.06.2021 01:10:50.993,7.76592,7.765480000000001,370000.0048,850000.0238
24.06.2021 01:10:52.154,7.76592,7.765480000000001,370000.0048,850000.0238
24.06.2021 01:10:53.393,7.76592,7.765480000000001,370000.0048,850000.0238
24.06.2021 01:10:53.444,7.765910000000001,7.765460000000001,750000,449999.9881
24.06.2021 01:10:53.495,7.76565,7.765460000000001,750000,449999.9881
24.06.2021 01:10:53.596,7.76565,7.765350000000001,750000,370000.0048
24.06.2021 01:10:53.697,7.76567,7.76532,370000.0048,2349999.9046
24.06.2021 01:10:54.163,7.765680000000001,7.76532,750000,850000.0238
24.06.2021 01:11:00.852,7.765630000000001,7.765300000000001,750000,469999.9988
24.06.2021 01:11:03.367,7.765630000000001,7.76527,750000,850000.0238
24.06.2021 01:11:09.192,7.76562,7.76527,370000.0048,850000.0238
24.06.2021 01:11:13.242,7.76562,7.76527,370000.0048,750000
24.06.2021 01:11:23.329,7.76562,7.76525,370000.0048,750000
24.06.2021 01:11:29.999,7.765639999999999,7.76525,750000,750000
24.06.2021 01:11:31.137,7.765630000000001,7.76527,750000,750000
24.06.2021 01:11:33.468,7.7656,7.76527,370000.0048,750000
24.06.2021 01:11:37.564,7.765610000000001,7.76527,370000.0048,1120000.0048
24.06.2021 01:11:39.253,7.7656,7.76527,370000.0048,750000
24.06.2021 01:11:40.277,7.765610000000001,7.76527,370000.0048,750000
24.06.2021 01:12:14.271,7.76557,7.76527,370000.0048,750000
24.06.2021 01:13:10.227,7.76557,7.765260000000001,370000.0048,750000
24.06.2021 01:13:10.979,7.765630000000001,7.765230000000001,750000,370000.0048
24.06.2021 01:13:23.641,7.765630000000001,7.76527,750000,750000
24.06.2021 01:13:33.916,7.765610000000001,7.76527,750000,750000
24.06.2021 01:13:35.988,7.765630000000001,7.76527,2250000,750000
24.06.2021 01:13:48.737,7.765610000000001,7.76527,750000,750000
24.06.2021 01:13:50.384,7.765630000000001,7.76527,750000,750000
24.06.2021 01:13:55.151,7.765610000000001,7.76527,750000,750000
24.06.2021 01:13:57.142,7.765630000000001,7.76527,750000,750000
24.06.2021 01:14:00.271,7.765610000000001,7.76527,370000.0048,750000
24.06.2021 01:14:01.943,7.765660000000001,7.76532,750000,750000
24.06.2021 01:14:02.044,7.765680000000001,7.76537,750000,750000
24.06.2021 01:14:02.095,7.765700000000001,7.76537,750000,750000
24.06.2021 01:14:04.312,7.7657300000000005,7.76537,2250000,750000
24.06.2021 01:14:22.113,7.7657300000000005,7.76532,370000.0048,370000.0048
24.06.2021 01:14:23.172,7.76578,7.76552,1500000,750000
24.06.2021 01:14:23.273,7.7658700000000005,7.76552,750000,750000
24.06.2021 01:14:23.323,7.7658700000000005,7.76557,750000,750000
24.06.2021 01:14:23.535,7.765880000000001,7.76557,750000,750000
24.06.2021 01:14:23.642,7.765880000000001,7.76562,750000,750000
24.06.2021 01:14:23.693,7.76594,7.76562,370000.0048,750000
24.06.2021 01:14:24.518,7.765980000000001,7.76562,750000,750000
24.06.2021 01:14:26.174,7.765980000000001,7.76567,750000,370000.0048
24.06.2021 01:14:26.275,7.766030000000001,7.76572,370000.0048,750000
24.06.2021 01:14:26.596,7.7660800000000005,7.76572,750000,750000
24.06.2021 01:14:40.594,7.766050000000001,7.76569,750000,370000.0048
24.06.2021 01:14:40.695,7.766050000000001,7.765710000000001,750000,370000.0048
24.06.2021 01:14:42.109,7.766050000000001,7.76572,750000,370000.0048
24.06.2021 01:14:43.883,7.766050000000001,7.765710000000001,750000,370000.0048
24.06.2021 01:14:43.984,7.765980000000001,7.765710000000001,750000,370000.0048
24.06.2021 01:14:44.034,7.765980000000001,7.76562,750000,750000
24.06.2021 01:14:44.264,7.76602,7.76572,750000,750000
24.06.2021 01:14:45.049,7.766030000000001,7.76572,750000,750000
24.06.2021 01:14:47.937,7.7660100000000005,7.76572,370000.0048,750000
24.06.2021 01:14:55.954,7.765980000000001,7.765710000000001,750000,370000.0048
24.06.2021 01:14:56.127,7.765980000000001,7.76562,750000,750000
24.06.2021 01:14:56.282,7.765980000000001,7.76567,370000.0048,750000
24.06.2021 01:14:56.575,7.76597,7.76567,750000,750000
24.06.2021 01:15:01.099,7.765960000000001,7.765630000000001,750000,370000.0048
24.06.2021 01:15:01.263,7.765960000000001,7.76562,750000,750000
24.06.2021 01:15:01.988,7.76594,7.76562,750000,750000
24.06.2021 01:15:02.093,7.76592,7.76562,370000.0048,750000
24.06.2021 01:15:10.920,7.76592,7.765580000000001,370000.0048,370000.0048
24.06.2021 01:15:10.970,7.7659,7.765580000000001,750000,370000.0048
24.06.2021 01:15:11.822,7.7659,7.76557,750000,750000
24.06.2021 01:15:15.128,7.76592,7.76557,370000.0048,750000
24.06.2021 01:15:15.338,7.765930000000001,7.76557,2250000,750000
24.06.2021 01:15:20.834,7.765880000000001,7.76552,750000,750000
24.06.2021 01:15:22.129,7.765880000000001,7.76554,1120000.0048,370000.0048
24.06.2021 01:15:23.049,7.765880000000001,7.76552,1120000.0048,750000
24.06.2021 01:15:29.018,7.7658700000000005,7.76552,370000.0048,750000
24.06.2021 01:15:32.028,7.765880000000001,7.76552,1120000.0048,750000
24.06.2021 01:15:33.037,7.7658700000000005,7.76552,370000.0048,750000
24.06.2021 01:15:35.749,7.765880000000001,7.76552,1120000.0048,750000
24.06.2021 01:15:36.229,7.765880000000001,7.76557,1120000.0048,370000.0048
24.06.2021 01:15:36.279,7.765910000000001,7.765580000000001,750000,750000
24.06.2021 01:15:36.330,7.765930000000001,7.765580000000001,750000,750000
24.06.2021 01:16:02.759,7.765960000000001,7.76555,469999.9988,370000.0048
24.06.2021 01:16:02.820,7.765960000000001,7.76557,469999.9988,370000.0048
24.06.2021 01:16:06.334,7.76595,7.765580000000001,1200000.0477,750000
24.06.2021 01:16:18.103,7.76595,7.76557,449999.9881,370000.0048
24.06.2021 01:16:18.759,7.76595,7.76555,370000.0048,370000.0048
24.06.2021 01:16:18.809,7.76579,7.76542,750000,3450000.0477
24.06.2021 01:16:23.983,7.76579,7.765480000000001,750000,370000.0048
24.06.2021 01:16:24.034,7.76589,7.76552,1500000,750000
24.06.2021 01:16:24.144,7.765880000000001,7.76552,250000,939999.9976
24.06.2021 01:16:33.569,7.76584,7.76547,750000,750000
24.06.2021 01:16:40.698,7.76582,7.76547,750000,750000
24.06.2021 01:16:45.782,7.76579,7.76547,370000.0048,750000
24.06.2021 01:17:03.702,7.76578,7.765410000000001,250000,370000.0048
24.06.2021 01:17:06.424,7.76578,7.76543,250000,370000.0048
24.06.2021 01:17:10.864,7.76578,7.76547,250000,939999.9976
24.06.2021 01:17:24.821,7.765810000000001,7.76547,370000.0048,750000
24.06.2021 01:17:24.871,7.76579,7.76547,370000.0048,750000
24.06.2021 01:17:32.754,7.76578,7.76547,370000.0048,750000
24.06.2021 01:17:32.804,7.76577,7.76542,750000,750000
24.06.2021 01:17:32.855,7.76572,7.7654000000000005,750000,370000.0048
24.06.2021 01:17:33.067,7.76572,7.76537,750000,750000
24.06.2021 01:17:56.874,7.7657300000000005,7.765280000000001,370000.0048,370000.0048
24.06.2021 01:17:58.323,7.76577,7.76525,370000.0048,469999.9988
24.06.2021 01:18:03.011,7.76572,7.76537,750000,750000
24.06.2021 01:18:06.606,7.76567,7.76532,750000,750000
24.06.2021 01:18:07.793,7.76572,7.76537,750000,750000
24.06.2021 01:18:07.843,7.76577,7.765230000000001,370000.0048,469999.9988
24.06.2021 01:18:07.968,7.76577,7.765230000000001,370000.0048,449999.9881
24.06.2021 01:18:08.940,7.76578,7.765230000000001,250000,449999.9881
24.06.2021 01:18:09.080,7.765760000000001,7.765180000000001,370000.0048,469999.9988
24.06.2021 01:18:10.580,7.76577,7.76519,370000.0048,469999.9988
24.06.2021 01:18:14.758,7.765760000000001,7.765180000000001,370000.0048,469999.9988
24.06.2021 01:18:14.903,7.76567,7.76532,750000,750000
24.06.2021 01:18:21.854,7.76562,7.765260000000001,750000,750000
24.06.2021 01:18:21.904,7.76567,7.76532,750000,750000
24.06.2021 01:18:22.005,7.765700000000001,7.765180000000001,370000.0048,469999.9988
24.06.2021 01:18:22.055,7.76562,7.76527,750000,750000
24.06.2021 01:18:22.165,7.76567,7.76532,750000,750000
24.06.2021 01:18:32.894,7.765680000000001,7.765260000000001,750000,750000
24.06.2021 01:18:32.944,7.765680000000001,7.76532,750000,750000
24.06.2021 01:18:32.995,7.76572,7.7652,370000.0048,469999.9988
24.06.2021 01:18:33.045,7.765680000000001,7.76532,750000,750000
24.06.2021 01:18:48.561,7.765750000000001,7.765230000000001,469999.9988,370000.0048
24.06.2021 01:18:49.228,7.765710000000001,7.76519,370000.0048,469999.9988
24.06.2021 01:18:52.509,7.76565,7.7652,370000.0048,469999.9988
24.06.2021 01:18:52.621,7.765630000000001,7.76527,750000,750000
24.06.2021 01:18:58.261,7.76557,7.76522,370000.0048,750000
24.06.2021 01:18:58.362,7.76557,7.765260000000001,370000.0048,750000
24.06.2021 01:18:58.470,7.76557,7.76527,370000.0048,750000
24.06.2021 01:18:58.571,7.765630000000001,7.76527,750000,750000
24.06.2021 01:19:08.179,7.7656,7.76527,370000.0048,750000
24.06.2021 01:19:08.230,7.765580000000001,7.76522,750000,750000
24.06.2021 01:19:26.543,7.765580000000001,7.765160000000001,250000,370000.0048
24.06.2021 01:19:30.189,7.76557,7.76514,370000.0048,370000.0048
24.06.2021 01:19:31.659,7.76557,7.765130000000001,370000.0048,370000.0048
24.06.2021 01:19:32.209,7.765580000000001,7.765130000000001,939999.9976,370000.0048
24.06.2021 01:19:36.277,7.765560000000001,7.765130000000001,370000.0048,370000.0048
24.06.2021 01:19:38.459,7.765560000000001,7.76522,370000.0048,750000
24.06.2021 01:20:08.414,7.76555,7.765060000000001,370000.0048,469999.9988
24.06.2021 01:20:08.680,7.76555,7.765060000000001,370000.0048,469999.9988
24.06.2021 01:20:23.348,7.76555,7.76522,370000.0048,750000
24.06.2021 01:20:53.467,7.76552,7.765210000000001,750000,750000
24.06.2021 01:21:22.230,7.765560000000001,7.76507,370000.0048,750000
24.06.2021 01:21:24.709,7.76552,7.765210000000001,750000,750000
24.06.2021 01:21:40.491,7.765560000000001,7.76509,370000.0048,370000.0048
24.06.2021 01:21:40.542,7.765580000000001,7.765260000000001,1120000.0048,750000
24.06.2021 01:21:41.263,7.765630000000001,7.765310000000001,750000,750000
24.06.2021 01:21:42.285,7.765660000000001,7.765360000000001,370000.0048,750000
24.06.2021 01:21:42.336,7.765680000000001,7.765360000000001,750000,750000
24.06.2021 01:21:43.031,7.765700000000001,7.7654000000000005,370000.0048,750000
24.06.2021 01:21:43.132,7.7657300000000005,7.765410000000001,750000,750000
24.06.2021 01:21:58.570,7.765760000000001,7.765280000000001,370000.0048,370000.0048
24.06.2021 01:21:59.274,7.765750000000001,7.765280000000001,370000.0048,370000.0048
24.06.2021 01:21:59.324,7.765680000000001,7.765360000000001,750000,750000
24.06.2021 01:21:59.713,7.76567,7.765360000000001,370000.0048,750000
24.06.2021 01:22:00.644,7.765680000000001,7.765360000000001,750000,750000
24.06.2021 01:22:01.875,7.765700000000001,7.76537,750000,750000
24.06.2021 01:22:12.539,7.76569,7.76537,370000.0048,750000
24.06.2021 01:22:15.700,7.765700000000001,7.76537,750000,750000
24.06.2021 01:22:19.559,7.76567,7.76537,370000.0048,750000
24.06.2021 01:22:19.660,7.76567,7.765260000000001,370000.0048,370000.0048
24.06.2021 01:22:20.451,7.765710000000001,7.765300000000001,370000.0048,370000.0048
24.06.2021 01:22:29.809,7.765680000000001,7.765300000000001,250000,370000.0048
24.06.2021 01:22:32.115,7.765680000000001,7.76537,250000,939999.9976
24.06.2021 01:22:33.242,7.76567,7.76537,370000.0048,939999.9976
24.06.2021 01:22:36.947,7.765700000000001,7.76537,750000,750000
24.06.2021 01:22:36.997,7.765680000000001,7.76537,250000,939999.9976
24.06.2021 01:22:37.793,7.76567,7.76537,370000.0048,939999.9976
24.06.2021 01:22:56.899,7.76567,7.765260000000001,370000.0048,750000
24.06.2021 01:23:02.248,7.76567,7.76537,370000.0048,750000
24.06.2021 01:23:30.381,7.765700000000001,7.76537,1120000.0048,750000
24.06.2021 01:23:30.484,7.765680000000001,7.765289999999999,250000,370000.0048
24.06.2021 01:23:31.611,7.76567,7.765260000000001,370000.0048,750000
24.06.2021 01:23:32.372,7.76567,7.76537,370000.0048,939999.9976
24.06.2021 01:23:51.521,7.76567,7.765260000000001,370000.0048,750000
24.06.2021 01:24:02.492,7.76567,7.76537,370000.0048,750000
24.06.2021 01:24:23.980,7.76567,7.765260000000001,370000.0048,370000.0048
24.06.2021 01:24:32.506,7.765700000000001,7.76537,750000,750000
24.06.2021 01:24:42.219,7.765660000000001,7.76537,370000.0048,750000
24.06.2021 01:24:42.270,7.7656,7.765260000000001,750000,750000
24.06.2021 01:24:55.625,7.7656,7.76527,750000,370000.0048
24.06.2021 01:25:17.040,7.76569,7.76527,370000.0048,370000.0048
24.06.2021 01:25:17.909,7.765680000000001,7.765280000000001,370000.0048,370000.0048
24.06.2021 01:25:18.956,7.765660000000001,7.765289999999999,370000.0048,370000.0048
24.06.2021 01:25:19.929,7.76567,7.765300000000001,370000.0048,370000.0048
24.06.2021 01:25:24.919,7.76569,7.765310000000001,750000,370000.0048
24.06.2021 01:25:29.135,7.7656,7.765310000000001,750000,370000.0048
24.06.2021 01:25:39.925,7.765580000000001,7.765310000000001,750000,370000.0048
24.06.2021 01:25:44.420,7.76569,7.765360000000001,750000,750000
24.06.2021 01:25:44.522,7.7657300000000005,7.765410000000001,370000.0048,750000
24.06.2021 01:25:45.499,7.765750000000001,7.765460000000001,370000.0048,750000
24.06.2021 01:25:46.460,7.765760000000001,7.765460000000001,370000.0048,750000
24.06.2021 01:25:47.465,7.76577,7.765460000000001,750000,750000
24.06.2021 01:25:49.970,7.765760000000001,7.765460000000001,370000.0048,750000
24.06.2021 01:25:51.975,7.765750000000001,7.765460000000001,370000.0048,939999.9976
24.06.2021 01:26:09.455,7.765750000000001,7.76544,370000.0048,370000.0048
24.06.2021 01:26:13.534,7.765760000000001,7.76544,370000.0048,370000.0048
24.06.2021 01:26:15.599,7.765760000000001,7.765460000000001,370000.0048,750000
24.06.2021 01:26:20.036,7.765750000000001,7.765460000000001,370000.0048,750000
24.06.2021 01:26:27.311,7.765760000000001,7.765460000000001,370000.0048,750000
24.06.2021 01:26:28.316,7.765750000000001,7.765460000000001,370000.0048,750000
24.06.2021 01:26:31.331,7.765760000000001,7.765460000000001,370000.0048,750000
24.06.2021 01:26:32.336,7.765750000000001,7.765460000000001,370000.0048,750000
24.06.2021 01:26:34.348,7.765760000000001,7.765460000000001,370000.0048,750000
24.06.2021 01:26:35.353,7.765750000000001,7.765460000000001,370000.0048,750000
24.06.2021 01:26:38.361,7.765760000000001,7.765460000000001,370000.0048,750000
24.06.2021 01:26:39.361,7.765750000000001,7.765460000000001,370000.0048,750000
24.06.2021 01:26:42.368,7.765760000000001,7.765460000000001,370000.0048,750000
24.06.2021 01:26:43.369,7.765750000000001,7.765460000000001,370000.0048,750000
24.06.2021 01:26:45.378,7.765760000000001,7.765460000000001,370000.0048,750000
24.06.2021 01:26:46.380,7.765750000000001,7.765460000000001,370000.0048,750000
24.06.2021 01:26:49.393,7.765760000000001,7.765460000000001,370000.0048,750000
24.06.2021 01:26:51.094,7.765750000000001,7.765460000000001,370000.0048,750000
24.06.2021 01:26:57.107,7.765760000000001,7.765460000000001,370000.0048,750000
24.06.2021 01:26:58.112,7.765750000000001,7.765460000000001,370000.0048,750000
24.06.2021 01:27:00.431,7.765760000000001,7.765460000000001,370000.0048,750000
24.06.2021 01:27:01.434,7.765750000000001,7.765460000000001,370000.0048,750000
24.06.2021 01:27:03.440,7.765760000000001,7.765460000000001,370000.0048,750000
24.06.2021 01:27:04.445,7.765750000000001,7.765460000000001,370000.0048,750000
24.06.2021 01:27:07.452,7.765760000000001,7.765460000000001,370000.0048,750000
24.06.2021 01:27:08.455,7.765750000000001,7.765460000000001,370000.0048,750000
24.06.2021 01:27:10.135,7.7657300000000005,7.76549,370000.0048,370000.0048
24.06.2021 01:27:13.245,7.76578,7.765460000000001,750000,750000
24.06.2021 01:28:06.549,7.76577,7.765460000000001,750000,750000
24.06.2021 01:28:10.709,7.76572,7.765410000000001,750000,2250000
24.06.2021 01:29:23.200,7.7657300000000005,7.765410000000001,750000,2250000
24.06.2021 01:29:59.584,7.76578,7.765460000000001,2619999.8856,750000
24.06.2021 01:29:59.744,7.7657300000000005,7.765410000000001,750000,2250000
24.06.2021 01:30:23.419,7.76569,7.76538,750000,750000
24.06.2021 01:30:23.520,7.76569,7.76537,2250000,750000
24.06.2021 01:30:24.171,7.76567,7.76537,370000.0048,750000
24.06.2021 01:30:25.624,7.76569,7.76537,2250000,750000
24.06.2021 01:30:25.675,7.765700000000001,7.765410000000001,370000.0048,750000
24.06.2021 01:30:25.725,7.76572,7.765410000000001,370000.0048,750000
24.06.2021 01:30:26.636,7.76574,7.765410000000001,2250000,750000
24.06.2021 01:30:45.673,7.76574,7.76539,750000,750000
24.06.2021 01:30:55.858,7.76574,7.765410000000001,2250000,750000
24.06.2021 01:31:30.700,7.76569,7.765410000000001,370000.0048,750000
24.06.2021 01:31:30.750,7.76569,7.76539,370000.0048,750000
24.06.2021 01:31:30.801,7.76569,7.765410000000001,370000.0048,750000
24.06.2021 01:31:31.035,7.765700000000001,7.765410000000001,1120000.0048,750000
24.06.2021 01:31:33.241,7.76574,7.76542,370000.0048,750000
24.06.2021 01:31:34.824,7.765750000000001,7.76542,2250000,750000
24.06.2021 01:31:55.013,7.765750000000001,7.765410000000001,370000.0048,750000
24.06.2021 01:32:03.194,7.765750000000001,7.76542,370000.0048,750000
24.06.2021 01:32:07.290,7.76572,7.76542,370000.0048,750000
24.06.2021 01:33:33.200,7.765750000000001,7.76542,750000,750000
24.06.2021 01:33:37.624,7.765760000000001,7.76547,1120000.0048,750000
24.06.2021 01:33:37.780,7.765750000000001,7.76542,750000,750000
24.06.2021 01:33:38.479,7.765710000000001,7.76542,370000.0048,750000
24.06.2021 01:34:02.422,7.765710000000001,7.765410000000001,370000.0048,2250000
24.06.2021 01:34:21.287,7.76572,7.765410000000001,1120000.0048,2250000
24.06.2021 01:34:40.179,7.7657300000000005,7.765510000000001,370000.0048,750000
24.06.2021 01:34:40.330,7.765750000000001,7.765460000000001,750000,750000
24.06.2021 01:34:55.809,7.76572,7.765410000000001,750000,750000
24.06.2021 01:34:57.076,7.765710000000001,7.765410000000001,370000.0048,750000
24.06.2021 01:35:03.898,7.76572,7.765410000000001,1120000.0048,750000
24.06.2021 01:35:10.800,7.765750000000001,7.765360000000001,370000.0048,750000
24.06.2021 01:35:12.027,7.765750000000001,7.765410000000001,370000.0048,370000.0048
24.06.2021 01:35:14.117,7.76574,7.76542,370000.0048,370000.0048
24.06.2021 01:35:16.037,7.765750000000001,7.76543,750000,370000.0048
24.06.2021 01:35:17.042,7.76574,7.76544,370000.0048,370000.0048
24.06.2021 01:35:33.154,7.7657300000000005,7.76545,370000.0048,370000.0048
24.06.2021 01:35:35.160,7.765710000000001,7.765460000000001,370000.0048,370000.0048
24.06.2021 01:35:53.192,7.765710000000001,7.76547,370000.0048,370000.0048
24.06.2021 01:36:03.899,7.765760000000001,7.765510000000001,370000.0048,750000
24.06.2021 01:36:04.058,7.76578,7.765460000000001,3000000,750000
24.06.2021 01:36:05.521,7.76577,7.765460000000001,370000.0048,750000
24.06.2021 01:36:10.133,7.765760000000001,7.765460000000001,370000.0048,750000
24.06.2021 01:36:11.137,7.765750000000001,7.765460000000001,370000.0048,750000
24.06.2021 01:36:32.299,7.765750000000001,7.76538,370000.0048,750000
24.06.2021 01:36:34.277,7.765750000000001,7.765460000000001,370000.0048,750000
24.06.2021 01:36:54.886,7.765750000000001,7.76537,370000.0048,750000
24.06.2021 01:36:55.046,7.76577,7.765360000000001,370000.0048,370000.0048
24.06.2021 01:36:55.462,7.76577,7.76538,370000.0048,750000
24.06.2021 01:36:56.047,7.76577,7.76545,370000.0048,370000.0048
24.06.2021 01:37:01.343,7.76577,7.765460000000001,370000.0048,370000.0048
24.06.2021 01:37:02.333,7.76577,7.76545,370000.0048,370000.0048
24.06.2021 01:37:04.491,7.76577,7.765460000000001,370000.0048,750000
24.06.2021 01:37:06.842,7.76578,7.765460000000001,1120000.0048,750000
24.06.2021 01:37:11.740,7.76578,7.765510000000001,939999.9976,939999.9976
24.06.2021 01:37:12.350,7.76577,7.765510000000001,370000.0048,750000
24.06.2021 01:37:14.355,7.76578,7.765510000000001,560000.0024,939999.9976
24.06.2021 01:37:16.360,7.76577,7.765510000000001,370000.0048,939999.9976
24.06.2021 01:37:17.361,7.765760000000001,7.765510000000001,370000.0048,939999.9976
24.06.2021 01:37:17.462,7.76578,7.765560000000001,250000,939999.9976
24.06.2021 01:37:17.563,7.76574,7.76545,750000,750000
24.06.2021 01:37:24.376,7.7657300000000005,7.76545,370000.0048,750000
24.06.2021 01:37:33.393,7.76572,7.76545,370000.0048,750000
24.06.2021 01:37:33.853,7.76572,7.7654000000000005,370000.0048,370000.0048
24.06.2021 01:37:34.395,7.76569,7.7654000000000005,370000.0048,370000.0048
24.06.2021 01:37:35.397,7.765680000000001,7.7654000000000005,370000.0048,370000.0048
24.06.2021 01:37:38.850,7.76567,7.7654000000000005,370000.0048,370000.0048
24.06.2021 01:37:39.566,7.76567,7.76545,370000.0048,750000
24.06.2021 01:37:42.193,7.765750000000001,7.765560000000001,370000.0048,750000
24.06.2021 01:37:42.294,7.76585,7.765560000000001,899999.9762,750000
24.06.2021 01:37:42.345,7.76579,7.7655,750000,750000
24.06.2021 01:37:42.449,7.76585,7.765560000000001,750000,750000
24.06.2021 01:37:46.568,7.7659,7.765610000000001,750000,750000
24.06.2021 01:37:51.133,7.76594,7.76565,750000,750000
24.06.2021 01:37:58.959,7.765930000000001,7.76565,370000.0048,750000
24.06.2021 01:37:59.548,7.7659,7.765580000000001,750000,370000.0048
24.06.2021 01:37:59.649,7.76585,7.765560000000001,750000,750000
24.06.2021 01:38:19.306,7.765880000000001,7.765410000000001,850000.0238,370000.0048
24.06.2021 01:38:19.407,7.765810000000001,7.765410000000001,370000.0048,370000.0048
24.06.2021 01:38:19.613,7.765810000000001,7.765560000000001,370000.0048,750000
24.06.2021 01:38:29.509,7.76579,7.765560000000001,370000.0048,750000
24.06.2021 01:38:32.865,7.765810000000001,7.765560000000001,370000.0048,750000
24.06.2021 01:38:34.048,7.765810000000001,7.76549,370000.0048,750000
24.06.2021 01:38:42.829,7.765810000000001,7.76534,370000.0048,469999.9988
24.06.2021 01:38:42.880,7.7657300000000005,7.76539,750000,750000
24.06.2021 01:38:42.981,7.76578,7.76544,750000,750000
24.06.2021 01:38:43.132,7.7657300000000005,7.76539,750000,750000
24.06.2021 01:38:50.999,7.76578,7.76534,449999.9881,370000.0048
24.06.2021 01:38:51.953,7.76578,7.76539,449999.9881,370000.0048
24.06.2021 01:38:52.958,7.765750000000001,7.76539,370000.0048,370000.0048
24.06.2021 01:38:53.120,7.7657300000000005,7.76539,750000,370000.0048
24.06.2021 01:38:53.248,7.7657300000000005,7.76538,750000,370000.0048
24.06.2021 01:39:04.114,7.7657300000000005,7.765360000000001,750000,750000
24.06.2021 01:39:06.057,7.76578,7.76532,370000.0048,819999.9928
24.06.2021 01:39:07.447,7.76579,7.76532,449999.9881,819999.9928
24.06.2021 01:39:07.965,7.76579,7.76534,449999.9881,370000.0048
24.06.2021 01:39:21.457,7.76578,7.765360000000001,370000.0048,370000.0048
24.06.2021 01:39:22.461,7.76578,7.765460000000001,370000.0048,370000.0048
24.06.2021 01:39:23.185,7.7657300000000005,7.765460000000001,750000,370000.0048
24.06.2021 01:39:26.622,7.7657300000000005,7.76544,750000,370000.0048
24.06.2021 01:39:27.466,7.7657300000000005,7.765360000000001,750000,750000
24.06.2021 01:39:37.781,7.76579,7.76534,370000.0048,370000.0048
24.06.2021 01:39:38.807,7.76579,7.7653300000000005,370000.0048,449999.9881
24.06.2021 01:39:39.808,7.76579,7.76534,370000.0048,370000.0048
24.06.2021 01:39:41.815,7.76579,7.7653300000000005,370000.0048,449999.9881
24.06.2021 01:39:42.822,7.76579,7.76534,370000.0048,370000.0048
24.06.2021 01:39:45.835,7.76579,7.7653300000000005,370000.0048,449999.9881
24.06.2021 01:39:46.839,7.76579,7.76534,370000.0048,370000.0048
24.06.2021 01:39:49.851,7.76579,7.7653300000000005,370000.0048,449999.9881
24.06.2021 01:39:50.857,7.76579,7.76534,370000.0048,370000.0048
24.06.2021 01:39:52.868,7.76579,7.7653300000000005,370000.0048,449999.9881
24.06.2021 01:39:53.411,7.7657300000000005,7.765360000000001,750000,750000
24.06.2021 01:39:53.924,7.765680000000001,7.76534,750000,370000.0048
24.06.2021 01:39:53.974,7.765680000000001,7.765310000000001,750000,850000.0238
24.06.2021 01:40:02.913,7.7657300000000005,7.76532,370000.0048,819999.9928
24.06.2021 01:40:05.927,7.7657300000000005,7.76542,370000.0048,370000.0048
24.06.2021 01:40:22.003,7.7657300000000005,7.76543,370000.0048,370000.0048
24.06.2021 01:40:24.019,7.765680000000001,7.76543,750000,370000.0048
24.06.2021 01:40:35.432,7.7657300000000005,7.76543,370000.0048,370000.0048
24.06.2021 01:40:54.239,7.765680000000001,7.76543,750000,370000.0048
24.06.2021 01:40:56.477,7.765639999999999,7.765280000000001,750000,850000.0238
24.06.2021 01:40:57.503,7.765639999999999,7.7653300000000005,750000,370000.0048
24.06.2021 01:41:01.832,7.765680000000001,7.7653300000000005,750000,370000.0048
24.06.2021 01:41:02.844,7.765680000000001,7.765360000000001,750000,370000.0048
24.06.2021 01:41:04.819,7.765680000000001,7.76534,750000,370000.0048
24.06.2021 01:41:07.827,7.765680000000001,7.765350000000001,750000,370000.0048
24.06.2021 01:41:15.808,7.76569,7.765350000000001,370000.0048,370000.0048
24.06.2021 01:41:17.847,7.76569,7.765360000000001,370000.0048,370000.0048
24.06.2021 01:41:27.333,7.76567,7.765360000000001,370000.0048,370000.0048
24.06.2021 01:41:27.434,7.765580000000001,7.76532,750000,370000.0048
24.06.2021 01:41:28.408,7.765580000000001,7.765310000000001,750000,370000.0048
24.06.2021 01:41:28.825,7.76552,7.765310000000001,750000,370000.0048
24.06.2021 01:41:28.876,7.76555,7.765160000000001,469999.9988,750000
24.06.2021 01:41:28.926,7.765480000000001,7.76515,750000,370000.0048
24.06.2021 01:41:28.977,7.76543,7.765060000000001,750000,750000
24.06.2021 01:41:42.388,7.76545,7.7650500000000005,819999.9928,370000.0048
24.06.2021 01:41:42.514,7.76545,7.7650500000000005,850000.0238,370000.0048
24.06.2021 01:41:42.935,7.765460000000001,7.76502,850000.0238,370000.0048
24.06.2021 01:41:43.901,7.76545,7.76503,850000.0238,370000.0048
24.06.2021 01:41:44.900,7.76545,7.76504,850000.0238,370000.0048
24.06.2021 01:41:45.904,7.76545,7.7650500000000005,850000.0238,370000.0048
24.06.2021 01:41:46.961,7.76545,7.765060000000001,850000.0238,370000.0048
24.06.2021 01:41:47.393,7.76545,7.765060000000001,850000.0238,370000.0048
24.06.2021 01:41:52.720,7.765460000000001,7.765060000000001,469999.9988,370000.0048
24.06.2021 01:41:52.926,7.76544,7.765060000000001,850000.0238,370000.0048
24.06.2021 01:41:55.686,7.76538,7.765060000000001,370000.0048,370000.0048
24.06.2021 01:42:11.955,7.76537,7.76504,370000.0048,370000.0048
24.06.2021 01:42:12.371,7.76542,7.76504,850000.0238,370000.0048
24.06.2021 01:42:13.375,7.76542,7.7650500000000005,850000.0238,370000.0048
24.06.2021 01:42:16.055,7.76542,7.7650500000000005,850000.0238,370000.0048
24.06.2021 01:42:29.190,7.76543,7.765060000000001,1600000.0238,750000
24.06.2021 01:42:33.190,7.76543,7.765060000000001,1600000.0238,750000
24.06.2021 01:42:33.588,7.7654000000000005,7.765060000000001,750000,750000
24.06.2021 01:42:33.693,7.76542,7.765060000000001,850000.0238,750000
24.06.2021 01:42:34.617,7.76543,7.765060000000001,3470000.0286,750000
24.06.2021 01:42:35.020,7.76543,7.765060000000001,2720000.0286,750000
24.06.2021 01:42:35.454,7.76543,7.765060000000001,1220000.0286,750000
24.06.2021 01:42:42.318,7.76543,7.765060000000001,819999.9928,750000
24.06.2021 01:42:42.373,7.76545,7.76498,469999.9988,850000.0238
24.06.2021 01:42:43.676,7.76545,7.76498,370000.0048,850000.0238
24.06.2021 01:42:44.395,7.765460000000001,7.76499,750000,469999.9988
24.06.2021 01:42:59.415,7.76543,7.765060000000001,750000,750000
24.06.2021 01:43:00.838,7.765480000000001,7.7651200000000005,750000,750000
24.06.2021 01:43:00.939,7.76549,7.76517,370000.0048,750000
24.06.2021 01:43:01.156,7.765530000000001,7.76517,750000,750000
24.06.2021 01:43:21.395,7.765580000000001,7.765130000000001,750000,370000.0048
24.06.2021 01:43:25.148,7.7655899999999995,7.765130000000001,449999.9881,370000.0048
24.06.2021 01:43:25.222,7.7655899999999995,7.7651,449999.9881,469999.9988
24.06.2021 01:43:27.163,7.765580000000001,7.7651,370000.0048,469999.9988
24.06.2021 01:43:30.556,7.765580000000001,7.7651,750000,469999.9988
24.06.2021 01:43:31.025,7.765530000000001,7.76517,750000,750000
24.06.2021 01:43:38.377,7.765480000000001,7.7651200000000005,750000,750000
24.06.2021 01:43:59.018,7.76552,7.7650500000000005,370000.0048,370000.0048
24.06.2021 01:44:08.622,7.765480000000001,7.7651200000000005,750000,750000
24.06.2021 01:44:44.193,7.765480000000001,7.765160000000001,750000,370000.0048
24.06.2021 01:44:46.368,7.765480000000001,7.7651200000000005,750000,750000
24.06.2021 01:44:58.884,7.76547,7.7651200000000005,370000.0048,750000
24.06.2021 01:44:58.935,7.76543,7.76509,750000,370000.0048
24.06.2021 01:44:59.095,7.76543,7.765080000000001,750000,750000
24.06.2021 01:45:16.480,7.765480000000001,7.76499,370000.0048,469999.9988
24.06.2021 01:45:17.333,7.765480000000001,7.76499,370000.0048,469999.9988
24.06.2021 01:45:18.492,7.765480000000001,7.76504,370000.0048,370000.0048
24.06.2021 01:45:19.733,7.76547,7.76504,370000.0048,370000.0048
24.06.2021 01:45:19.834,7.76534,7.76504,750000,370000.0048
24.06.2021 01:45:19.884,7.765280000000001,7.764950000000001,750000,370000.0048
24.06.2021 01:45:20.036,7.765280000000001,7.76492,750000,750000
24.06.2021 01:45:22.338,7.76525,7.76492,370000.0048,1120000.0048
24.06.2021 01:45:22.439,7.765180000000001,7.76492,750000,370000.0048
24.06.2021 01:45:23.341,7.765180000000001,7.76485,750000,370000.0048
24.06.2021 01:45:24.342,7.765180000000001,7.7648600000000005,750000,370000.0048
24.06.2021 01:45:26.346,7.765180000000001,7.76485,750000,370000.0048
24.06.2021 01:45:31.471,7.76522,7.76485,370000.0048,370000.0048
24.06.2021 01:45:36.166,7.76522,7.76487,370000.0048,370000.0048
24.06.2021 01:45:37.171,7.76522,7.764880000000001,370000.0048,370000.0048
24.06.2021 01:45:38.172,7.76522,7.764889999999999,370000.0048,370000.0048
24.06.2021 01:45:43.380,7.76517,7.764880000000001,370000.0048,370000.0048
24.06.2021 01:45:44.386,7.765180000000001,7.764889999999999,370000.0048,370000.0048
24.06.2021 01:45:45.445,7.76517,7.76487,370000.0048,370000.0048
24.06.2021 01:45:51.456,7.765160000000001,7.764830000000001,370000.0048,370000.0048
24.06.2021 01:45:52.487,7.76515,7.764830000000001,370000.0048,370000.0048
24.06.2021 01:45:55.848,7.765080000000001,7.764830000000001,370000.0048,370000.0048
24.06.2021 01:45:56.439,7.765080000000001,7.76482,370000.0048,370000.0048
24.06.2021 01:45:57.349,7.7651,7.76482,370000.0048,370000.0048
24.06.2021 01:45:57.452,7.7651,7.764810000000001,370000.0048,370000.0048
24.06.2021 01:45:58.957,7.765060000000001,7.76475,370000.0048,370000.0048
24.06.2021 01:45:59.068,7.76503,7.7647,750000,370000.0048
24.06.2021 01:46:00.419,7.76503,7.76468,750000,370000.0048
24.06.2021 01:46:01.418,7.76503,7.76467,750000,1120000.0048
24.06.2021 01:46:02.445,7.76503,7.76468,750000,370000.0048
24.06.2021 01:46:06.483,7.76503,7.76467,1120000.0048,750000
24.06.2021 01:46:07.879,7.76503,7.7647,750000,370000.0048
24.06.2021 01:46:08.306,7.765080000000001,7.7647200000000005,750000,750000
24.06.2021 01:46:12.227,7.765110000000001,7.76477,370000.0048,750000
24.06.2021 01:46:12.277,7.765130000000001,7.76477,750000,750000
24.06.2021 01:46:13.288,7.7651200000000005,7.76477,370000.0048,750000
24.06.2021 01:46:14.840,7.7651200000000005,7.764810000000001,370000.0048,750000
24.06.2021 01:46:15.436,7.7651200000000005,7.76482,370000.0048,750000
24.06.2021 01:46:20.863,7.765130000000001,7.76482,750000,750000
24.06.2021 01:46:20.964,7.765180000000001,7.764880000000001,750000,750000
24.06.2021 01:47:08.638,7.765160000000001,7.7648399999999995,750000,750000
24.06.2021 01:47:08.951,7.765130000000001,7.76485,370000.0048,370000.0048
24.06.2021 01:47:09.556,7.765160000000001,7.764900000000001,1120000.0048,370000.0048
24.06.2021 01:47:13.739,7.765230000000001,7.76492,1120000.0048,750000
24.06.2021 01:47:13.840,7.76527,7.76492,750000,750000
24.06.2021 01:47:13.891,7.76527,7.76497,750000,750000
24.06.2021 01:47:13.941,7.765289999999999,7.76497,370000.0048,750000
24.06.2021 01:47:14.158,7.7653300000000005,7.76497,750000,750000
24.06.2021 01:47:21.177,7.765280000000001,7.76497,750000,750000
24.06.2021 01:47:21.848,7.765280000000001,7.7648600000000005,750000,370000.0048
24.06.2021 01:47:21.953,7.765280000000001,7.76487,939999.9976,250000
24.06.2021 01:47:22.172,7.765260000000001,7.76487,939999.9976,250000
24.06.2021 01:47:22.453,7.765260000000001,7.7648600000000005,750000,370000.0048
24.06.2021 01:47:22.703,7.765260000000001,7.76485,750000,370000.0048
24.06.2021 01:47:26.178,7.765310000000001,7.76485,1500000,370000.0048
24.06.2021 01:47:26.229,7.765310000000001,7.764889999999999,1690000.0572,370000.0048
24.06.2021 01:47:26.675,7.76534,7.764889999999999,1009999.9905,370000.0048
24.06.2021 01:47:31.383,7.76534,7.76487,1009999.9905,250000
24.06.2021 01:47:31.433,7.7652399999999995,7.76487,750000,2250000
24.06.2021 01:47:31.804,7.765230000000001,7.76487,750000,2250000
24.06.2021 01:47:40.179,7.765230000000001,7.76492,750000,370000.0048
24.06.2021 01:47:40.621,7.765210000000001,7.76492,370000.0048,370000.0048
24.06.2021 01:47:41.620,7.7652,7.76492,370000.0048,370000.0048
24.06.2021 01:47:46.165,7.7652,7.764889999999999,370000.0048,370000.0048
24.06.2021 01:47:47.126,7.76519,7.764880000000001,370000.0048,370000.0048
24.06.2021 01:47:48.130,7.765180000000001,7.764880000000001,370000.0048,370000.0048
24.06.2021 01:47:51.047,7.76525,7.764889999999999,370000.0048,370000.0048
24.06.2021 01:47:51.148,7.7652399999999995,7.764889999999999,370000.0048,370000.0048
24.06.2021 01:47:52.122,7.765230000000001,7.7649300000000006,370000.0048,370000.0048
24.06.2021 01:47:57.491,7.76522,7.764900000000001,370000.0048,370000.0048
24.06.2021 01:47:58.453,7.7652,7.764889999999999,370000.0048,370000.0048
24.06.2021 01:47:59.456,7.76519,7.764889999999999,370000.0048,370000.0048
24.06.2021 01:48:00.659,7.765210000000001,7.764900000000001,370000.0048,370000.0048
24.06.2021 01:48:06.670,7.7652,7.764910000000001,370000.0048,370000.0048
24.06.2021 01:48:07.671,7.765180000000001,7.7649300000000006,370000.0048,370000.0048
24.06.2021 01:48:12.683,7.765180000000001,7.76494,370000.0048,370000.0048
24.06.2021 01:48:25.798,7.765210000000001,7.76494,370000.0048,370000.0048
24.06.2021 01:48:28.715,7.7652,7.76494,370000.0048,370000.0048
24.06.2021 01:48:35.702,7.765230000000001,7.76494,750000,370000.0048
24.06.2021 01:49:04.854,7.765230000000001,7.764950000000001,750000,370000.0048
24.06.2021 01:49:19.821,7.765230000000001,7.76497,750000,370000.0048
24.06.2021 01:49:24.767,7.7652399999999995,7.76497,449999.9881,370000.0048
24.06.2021 01:49:32.131,7.765230000000001,7.76497,750000,370000.0048
24.06.2021 01:49:37.174,7.765230000000001,7.7649300000000006,750000,370000.0048
24.06.2021 01:49:39.749,7.7652399999999995,7.7649300000000006,370000.0048,370000.0048
24.06.2021 01:49:40.613,7.765230000000001,7.764950000000001,370000.0048,370000.0048
24.06.2021 01:49:41.613,7.76522,7.764950000000001,370000.0048,370000.0048
24.06.2021 01:50:15.384,7.7652399999999995,7.76492,750000,750000
24.06.2021 01:50:23.083,7.7652399999999995,7.764910000000001,750000,2250000
24.06.2021 01:50:46.814,7.76522,7.764910000000001,370000.0048,2250000
24.06.2021 01:50:47.886,7.7652399999999995,7.764910000000001,750000,750000
24.06.2021 01:51:06.829,7.765280000000001,7.76497,370000.0048,750000
24.06.2021 01:51:07.313,7.765289999999999,7.76497,750000,750000
24.06.2021 01:51:20.302,7.765310000000001,7.7649300000000006,1120000.0048,850000.0238
24.06.2021 01:51:21.063,7.765280000000001,7.76497,370000.0048,370000.0048
24.06.2021 01:51:22.065,7.765289999999999,7.76498,370000.0048,370000.0048
24.06.2021 01:51:22.915,7.765280000000001,7.76498,750000,370000.0048
24.06.2021 01:51:23.069,7.76527,7.765000000000001,370000.0048,370000.0048
24.06.2021 01:51:25.354,7.765260000000001,7.76497,370000.0048,370000.0048
24.06.2021 01:51:26.311,7.76525,7.764960000000001,370000.0048,370000.0048
24.06.2021 01:51:34.339,7.7652399999999995,7.76497,370000.0048,370000.0048
24.06.2021 01:51:35.453,7.765260000000001,7.76499,370000.0048,370000.0048
24.06.2021 01:51:39.501,7.765260000000001,7.764960000000001,370000.0048,370000.0048
24.06.2021 01:51:43.693,7.765310000000001,7.76498,370000.0048,750000
24.06.2021 01:51:43.744,7.7653300000000005,7.76498,750000,750000
24.06.2021 01:51:43.794,7.7653300000000005,7.76503,750000,370000.0048
24.06.2021 01:51:43.845,7.7653300000000005,7.76498,750000,750000
24.06.2021 01:51:46.832,7.7653300000000005,7.76499,750000,750000
24.06.2021 01:51:47.117,7.7653300000000005,7.765000000000001,750000,370000.0048
24.06.2021 01:51:49.820,7.7653300000000005,7.765010000000001,750000,370000.0048
24.06.2021 01:51:56.735,7.765350000000001,7.765010000000001,370000.0048,370000.0048
24.06.2021 01:51:56.786,7.765350000000001,7.76497,370000.0048,819999.9928
24.06.2021 01:51:59.141,7.76534,7.76497,370000.0048,819999.9928
24.06.2021 01:51:59.720,7.76534,7.76499,370000.0048,750000
24.06.2021 01:51:59.821,7.76532,7.765010000000001,370000.0048,370000.0048
24.06.2021 01:52:01.144,7.765310000000001,7.76502,370000.0048,370000.0048
24.06.2021 01:52:11.349,7.765300000000001,7.76494,750000,1220000.0286
24.06.2021 01:52:11.450,7.765280000000001,7.76494,750000,449999.9881
24.06.2021 01:52:11.665,7.7653300000000005,7.76498,1120000.0048,750000
24.06.2021 01:52:12.392,7.7653300000000005,7.76499,1120000.0048,750000
24.06.2021 01:52:14.019,7.7653300000000005,7.76499,750000,850000.0238
24.06.2021 01:52:21.107,7.7653300000000005,7.76502,750000,750000
24.06.2021 01:52:21.208,7.765350000000001,7.76502,1120000.0048,750000
24.06.2021 01:52:21.259,7.765350000000001,7.76507,1120000.0048,370000.0048
24.06.2021 01:52:23.115,7.765350000000001,7.765060000000001,1120000.0048,370000.0048
24.06.2021 01:52:24.119,7.765350000000001,7.7650500000000005,1120000.0048,370000.0048
24.06.2021 01:52:25.121,7.765350000000001,7.765060000000001,1120000.0048,370000.0048
24.06.2021 01:52:27.129,7.765350000000001,7.7650500000000005,1120000.0048,370000.0048
24.06.2021 01:52:28.132,7.765350000000001,7.765060000000001,1120000.0048,370000.0048
24.06.2021 01:52:34.194,7.765360000000001,7.765060000000001,370000.0048,370000.0048
24.06.2021 01:52:34.245,7.76537,7.76504,370000.0048,370000.0048
24.06.2021 01:52:39.905,7.76539,7.76504,750000,370000.0048
24.06.2021 01:52:40.524,7.76538,7.76504,250000,370000.0048
24.06.2021 01:52:41.443,7.765360000000001,7.76504,370000.0048,370000.0048
24.06.2021 01:52:41.874,7.7653300000000005,7.76504,750000,370000.0048
24.06.2021 01:53:02.816,7.765360000000001,7.76504,370000.0048,469999.9988
24.06.2021 01:53:02.916,7.765350000000001,7.7651,370000.0048,370000.0048
24.06.2021 01:53:04.270,7.765360000000001,7.76509,370000.0048,370000.0048
24.06.2021 01:53:06.832,7.76537,7.7651,370000.0048,370000.0048
24.06.2021 01:53:09.018,7.76538,7.765110000000001,750000,370000.0048
24.06.2021 01:53:13.925,7.76539,7.765110000000001,370000.0048,370000.0048
24.06.2021 01:53:19.018,7.76537,7.765130000000001,370000.0048,370000.0048
24.06.2021 01:53:20.017,7.765360000000001,7.765130000000001,370000.0048,370000.0048
24.06.2021 01:53:22.029,7.765360000000001,7.76514,370000.0048,370000.0048
24.06.2021 01:53:24.037,7.765350000000001,7.76514,370000.0048,370000.0048
24.06.2021 01:53:36.340,7.76537,7.7651200000000005,370000.0048,370000.0048
24.06.2021 01:53:48.245,7.7653300000000005,7.7650500000000005,750000,370000.0048
24.06.2021 01:53:48.295,7.765310000000001,7.7650500000000005,370000.0048,370000.0048
24.06.2021 01:53:48.396,7.765280000000001,7.765010000000001,750000,750000
24.06.2021 01:53:51.292,7.765280000000001,7.765000000000001,750000,449999.9881
24.06.2021 01:53:59.421,7.765289999999999,7.765000000000001,750000,449999.9881
24.06.2021 01:54:02.393,7.765289999999999,7.765000000000001,750000,469999.9988
24.06.2021 01:54:02.673,7.765289999999999,7.765000000000001,750000,449999.9881
24.06.2021 01:54:02.774,7.765289999999999,7.765010000000001,750000,370000.0048
24.06.2021 01:54:04.343,7.765289999999999,7.76502,750000,370000.0048
24.06.2021 01:54:05.343,7.765289999999999,7.765060000000001,750000,370000.0048
24.06.2021 01:54:06.623,7.7652399999999995,7.765010000000001,750000,370000.0048
24.06.2021 01:54:06.775,7.765210000000001,7.76494,370000.0048,750000
24.06.2021 01:54:07.193,7.765180000000001,7.76494,250000,939999.9976
24.06.2021 01:54:07.987,7.7652399999999995,7.76494,1120000.0048,750000
24.06.2021 01:54:08.141,7.765180000000001,7.76494,250000,939999.9976
24.06.2021 01:54:08.386,7.7652399999999995,7.76494,1120000.0048,750000
24.06.2021 01:54:08.588,7.765180000000001,7.76494,250000,939999.9976
24.06.2021 01:54:08.981,7.7652399999999995,7.76494,1120000.0048,750000
24.06.2021 01:54:09.085,7.765180000000001,7.76494,250000,939999.9976
24.06.2021 01:54:09.259,7.7652399999999995,7.76494,750000,750000
24.06.2021 01:54:11.500,7.765180000000001,7.76494,250000,939999.9976
24.06.2021 01:54:11.551,7.7652399999999995,7.76494,750000,750000
24.06.2021 01:54:11.828,7.7652399999999995,7.76497,750000,370000.0048
24.06.2021 01:54:11.929,7.765280000000001,7.765000000000001,250000,939999.9976
24.06.2021 01:54:19.394,7.765280000000001,7.765010000000001,250000,370000.0048
24.06.2021 01:54:19.445,7.7653300000000005,7.7650500000000005,370000.0048,750000
24.06.2021 01:54:19.724,7.76534,7.7650500000000005,750000,750000
24.06.2021 01:54:24.427,7.7653300000000005,7.7650500000000005,370000.0048,750000
24.06.2021 01:54:27.044,7.765289999999999,7.765000000000001,750000,1220000.0286
24.06.2021 01:54:27.094,7.765289999999999,7.765000000000001,750000,1200000.0477
24.06.2021 01:54:32.428,7.765289999999999,7.765000000000001,750000,850000.0238
24.06.2021 01:54:36.329,7.765289999999999,7.765000000000001,750000,819999.9928
24.06.2021 01:54:36.842,7.765289999999999,7.765000000000001,750000,850000.0238
24.06.2021 01:54:39.196,7.765289999999999,7.76502,750000,370000.0048
24.06.2021 01:54:40.464,7.765280000000001,7.76504,370000.0048,370000.0048
24.06.2021 01:54:41.179,7.76534,7.7650500000000005,1120000.0048,750000
24.06.2021 01:54:42.145,7.7653300000000005,7.7650500000000005,370000.0048,819999.9928
24.06.2021 01:54:43.151,7.7653300000000005,7.7650500000000005,370000.0048,850000.0238
24.06.2021 01:54:44.153,7.76534,7.7650500000000005,1120000.0048,850000.0238
24.06.2021 01:54:51.098,7.76534,7.7651,370000.0048,939999.9976
24.06.2021 01:54:51.199,7.765360000000001,7.7651,370000.0048,750000
24.06.2021 01:54:52.490,7.76537,7.7651,370000.0048,750000
24.06.2021 01:54:53.492,7.76538,7.7651,370000.0048,750000
24.06.2021 01:55:06.521,7.76537,7.7651,370000.0048,1120000.0048
24.06.2021 01:55:11.528,7.76537,7.765110000000001,370000.0048,370000.0048
24.06.2021 01:55:12.532,7.76538,7.765110000000001,370000.0048,370000.0048
24.06.2021 01:55:13.135,7.76538,7.76514,370000.0048,370000.0048
24.06.2021 01:55:18.543,7.76538,7.7651200000000005,370000.0048,370000.0048
24.06.2021 01:55:25.277,7.76537,7.7651,370000.0048,750000
24.06.2021 01:55:25.558,7.765360000000001,7.7651,370000.0048,750000
24.06.2021 01:55:26.126,7.76534,7.76509,750000,370000.0048
24.06.2021 01:55:26.177,7.76534,7.7650500000000005,750000,850000.0238
24.06.2021 01:55:26.292,7.76534,7.7650500000000005,750000,750000
24.06.2021 01:55:35.985,7.76534,7.765060000000001,750000,200000.003
24.06.2021 01:55:36.578,7.76534,7.76509,750000,370000.0048
24.06.2021 01:55:37.581,7.76534,7.7651,750000,370000.0048
24.06.2021 01:55:38.014,7.76534,7.765060000000001,750000,519999.9809
24.06.2021 01:55:44.328,7.765360000000001,7.765060000000001,370000.0048,1269999.9809
24.06.2021 01:55:49.024,7.765350000000001,7.765080000000001,750000,750000
24.06.2021 01:55:50.025,7.76534,7.765060000000001,750000,1269999.9809
24.06.2021 01:56:04.789,7.76534,7.765060000000001,750000,1000000
24.06.2021 01:56:06.820,7.76534,7.765060000000001,750000,970000.0286
24.06.2021 01:56:08.755,7.76534,7.765080000000001,750000,370000.0048
24.06.2021 01:56:27.811,7.76539,7.765080000000001,370000.0048,370000.0048
24.06.2021 01:56:28.683,7.76537,7.76509,370000.0048,370000.0048
24.06.2021 01:56:29.684,7.765360000000001,7.765080000000001,370000.0048,370000.0048
24.06.2021 01:56:41.025,7.76534,7.765080000000001,750000,370000.0048
24.06.2021 01:56:42.093,7.765360000000001,7.7651,370000.0048,750000
24.06.2021 01:56:42.244,7.76539,7.765130000000001,750000,370000.0048
24.06.2021 01:56:44.717,7.76539,7.7651200000000005,1120000.0048,370000.0048
24.06.2021 01:56:48.188,7.76539,7.765130000000001,750000,370000.0048
24.06.2021 01:57:16.700,7.76539,7.76514,750000,370000.0048
24.06.2021 01:57:31.299,7.765410000000001,7.76514,370000.0048,370000.0048
24.06.2021 01:57:32.071,7.76539,7.76514,370000.0048,370000.0048
24.06.2021 01:57:43.118,7.76538,7.76515,370000.0048,370000.0048
24.06.2021 01:58:25.775,7.76544,7.76515,850000.0238,750000
24.06.2021 01:58:25.825,7.76539,7.76514,750000,370000.0048
24.06.2021 01:58:28.929,7.76539,7.76515,750000,370000.0048
24.06.2021 01:58:38.123,7.76539,7.7651,750000,750000
24.06.2021 01:58:54.389,7.76539,7.7651,750000,850000.0238
24.06.2021 01:58:55.185,7.76538,7.7651,370000.0048,850000.0238
