Gmt time,Ask,Bid,AskVolume,BidVolume
24.06.2021 00:00:00.976,111.015,111.01299999999999,1000000,1250000
24.06.2021 00:00:02.845,111.015,111.01299999999999,1220000.0286,1250000
24.06.2021 00:00:04.929,111.014,111.01200000000001,1000000,1000000
24.06.2021 00:00:04.980,111.015,111.009,1100000.0238,2509999.9905
24.06.2021 00:00:05.132,111.014,111.01,1220000.0286,2440000.0572
24.06.2021 00:00:05.435,111.01100000000001,111.009,1309999.9428,1000000
24.06.2021 00:00:05.536,111.01,111.007,1100000.0238,1000000
24.06.2021 00:00:05.638,111.01,111.005,1950000.0477,1000000
24.06.2021 00:00:05.739,111.008,111.005,1100000.0238,1200000.0477
24.06.2021 00:00:05.841,111.007,111.003,3849999.9046,1000000
24.06.2021 00:00:05.942,111.004,111.001,1009999.9905,1500000
24.06.2021 00:00:06.370,111.005,111.001,1570000.0525,1690000.0572
24.06.2021 00:00:06.573,111.004,111.001,1000000,1250000
24.06.2021 00:00:07.007,111.005,111.001,1500000,2509999.9905
24.06.2021 00:00:08.722,111.006,111.00200000000001,4570000.1717,1000000
24.06.2021 00:00:09.391,111.007,111.00200000000001,3069999.9332,1000000
24.06.2021 00:00:10.123,111.005,111.003,1120000.0048,1000000
24.06.2021 00:00:10.225,111.005,111,1950000.0477,1690000.0572
24.06.2021 00:00:10.276,111.004,111.003,1000000,1000000
24.06.2021 00:00:10.377,111.005,111.003,1200000.0477,1000000
24.06.2021 00:00:10.479,111.006,111.003,1950000.0477,1000000
24.06.2021 00:00:11.032,111.008,111.00200000000001,3069999.9332,1500000
24.06.2021 00:00:11.964,111.006,111.003,1000000,2440000.0572
24.06.2021 00:00:12.065,111.008,111.005,3849999.9046,1000000
24.06.2021 00:00:12.167,111.008,111.005,1950000.0477,1000000
24.06.2021 00:00:12.268,111.01,111.007,1100000.0238,1250000
24.06.2021 00:00:12.420,111.01200000000001,111.007,5159999.8474,1750000
24.06.2021 00:00:12.673,111.014,111.01,2400000.0954,1000000
24.06.2021 00:00:12.775,111.015,111.01200000000001,1889999.9857,1000000
24.06.2021 00:00:12.876,111.018,111.015,3160000.0858,1000000
24.06.2021 00:00:13.028,111.02,111.016,1200000.0477,1000000
24.06.2021 00:00:13.180,111.02,111.016,1009999.9905,1500000
24.06.2021 00:00:13.281,111.02,111.018,1000000,1000000
24.06.2021 00:00:13.911,111.022,111.018,3099999.9046,1000000
24.06.2021 00:00:14.012,111.024,111.02,7460000.0381,2440000.0572
24.06.2021 00:00:14.114,111.024,111.02,4610000.1335,1000000
24.06.2021 00:00:14.215,111.024,111.021,2140000.1049,1500000
24.06.2021 00:00:14.266,111.025,111.023,1000000,1000000
24.06.2021 00:00:14.367,111.02700000000002,111.023,1649999.9762,2440000.0572
24.06.2021 00:00:14.569,111.02700000000002,111.024,1000000,1500000
24.06.2021 00:00:14.671,111.03,111.024,3670000.0763,1690000.0572
24.06.2021 00:00:14.822,111.03,111.024,1409999.9666,1000000
24.06.2021 00:00:15.028,111.03,111.02799999999999,1500000,1250000
24.06.2021 00:00:15.130,111.03200000000001,111.03,1570000.0525,1000000
24.06.2021 00:00:15.231,111.033,111.031,1000000,1000000
24.06.2021 00:00:15.282,111.033,111.02799999999999,3700000.0477,2140000.1049
24.06.2021 00:00:15.587,111.03200000000001,111.02799999999999,5389999.8665,1500000
24.06.2021 00:00:15.953,111.031,111.02799999999999,3140000.1049,1500000
24.06.2021 00:00:16.056,111.029,111.02700000000002,1500000,1500000
24.06.2021 00:00:16.107,111.029,111.025,2910000.0858,1500000
24.06.2021 00:00:16.209,111.02799999999999,111.025,2970000.0286,1000000
24.06.2021 00:00:16.362,111.02700000000002,111.024,3849999.9046,1000000
24.06.2021 00:00:16.515,111.029,111.024,1220000.0286,1000000
24.06.2021 00:00:16.921,111.02799999999999,111.024,1970000.0286,1000000
24.06.2021 00:00:17.276,111.02799999999999,111.023,3099999.9046,2890000.1049
24.06.2021 00:00:17.378,111.02799999999999,111.024,1970000.0286,1690000.0572
24.06.2021 00:00:17.481,111.02799999999999,111.024,1570000.0525,2140000.1049
24.06.2021 00:00:18.211,111.02799999999999,111.024,2160000.0858,1000000
24.06.2021 00:00:19.278,111.02600000000001,111.024,1100000.0238,1000000
24.06.2021 00:00:19.329,111.02600000000001,111.022,1409999.9666,1870000.0048
24.06.2021 00:00:19.430,111.02600000000001,111.021,4469999.7902,1000000
24.06.2021 00:00:19.869,111.024,111.02,2240000.0095,1500000
24.06.2021 00:00:20.594,111.024,111.019,4510000.2289,1950000.0477
24.06.2021 00:00:21.570,111.023,111.018,2220000.0286,2319999.9332
24.06.2021 00:00:21.672,111.02,111.018,1250000,1000000
24.06.2021 00:00:21.773,111.019,111.016,1250000,1570000.0525
24.06.2021 00:00:21.824,111.01700000000001,111.015,1690000.0572,1500000
24.06.2021 00:00:21.875,111.01700000000001,111.01299999999999,2440000.0572,1100000.0238
24.06.2021 00:00:22.027,111.016,111.01200000000001,1000000,1009999.9905
24.06.2021 00:00:22.078,111.01100000000001,111.01,1000000,1120000.0048
24.06.2021 00:00:22.129,111.01100000000001,111.007,1000000,1950000.0477
24.06.2021 00:00:22.331,111.01200000000001,111.007,3819999.9332,2509999.9905
24.06.2021 00:00:22.433,111.01200000000001,111.006,2509999.9905,1000000
24.06.2021 00:00:22.586,111.01100000000001,111.006,3259999.9905,1100000.0238
24.06.2021 00:00:22.687,111.01100000000001,111.007,1000000,1100000.0238
24.06.2021 00:00:22.788,111.01200000000001,111.008,2700000.0477,1250000
24.06.2021 00:00:23.091,111.01,111.007,1250000,1570000.0525
24.06.2021 00:00:23.193,111.009,111.007,1250000,1000000
24.06.2021 00:00:23.294,111.01,111.006,1690000.0572,2509999.9905
24.06.2021 00:00:27.528,111.01100000000001,111.006,3640000.1049,2950000.0477
24.06.2021 00:00:27.681,111.01100000000001,111.007,1000000,3509999.9905
24.06.2021 00:00:27.782,111.01200000000001,111.007,1500000,4469999.7902
24.06.2021 00:00:31.414,111.01200000000001,111.005,2619999.8856,3660000.0858
24.06.2021 00:00:31.516,111.01,111.006,2890000.1049,1000000
24.06.2021 00:00:31.617,111.008,111.004,1840000.0334,1570000.0525
24.06.2021 00:00:31.820,111.008,111.004,1950000.0477,1500000
24.06.2021 00:00:32.078,111.007,111.004,1500000,1000000
24.06.2021 00:00:34.150,111.005,111.003,1600000.0238,1000000
24.06.2021 00:00:34.251,111.003,111,1250000,1000000
24.06.2021 00:00:34.302,111.00200000000001,110.999,1500000,1000000
24.06.2021 00:00:34.454,110.99799999999999,110.995,1500000,4199999.8093
24.06.2021 00:00:34.555,110.99700000000001,110.994,1500000,1120000.0048
24.06.2021 00:00:34.607,110.99600000000001,110.992,1259999.9905,3000000
24.06.2021 00:00:34.708,110.994,110.991,2009999.9905,1500000
24.06.2021 00:00:34.911,110.994,110.991,1000000,1500000
24.06.2021 00:00:36.061,110.995,110.991,1690000.0572,1500000
24.06.2021 00:00:37.004,110.991,110.989,1500000,1029999.9714
24.06.2021 00:00:37.106,110.991,110.98700000000001,3640000.1049,1120000.0048
24.06.2021 00:00:37.157,110.989,110.986,1000000,1500000
24.06.2021 00:00:37.207,110.989,110.985,1000000,2509999.9905
24.06.2021 00:00:37.310,110.986,110.98299999999999,1000000,1500000
24.06.2021 00:00:37.412,110.985,110.98100000000001,3640000.1049,1500000
24.06.2021 00:00:37.514,110.984,110.98,2140000.1049,1500000
24.06.2021 00:00:37.768,110.984,110.98,1000000,2539999.9619
24.06.2021 00:00:37.870,110.984,110.98,1000000,3259999.9905
24.06.2021 00:00:39.649,110.984,110.98100000000001,1950000.0477,1250000
24.06.2021 00:00:39.872,110.984,110.98200000000001,1500000,1250000
24.06.2021 00:00:39.923,110.986,110.98299999999999,3150000.0954,1500000
24.06.2021 00:00:39.974,110.988,110.985,1700000.0477,1000000
24.06.2021 00:00:40.075,110.989,110.986,1950000.0477,1250000
24.06.2021 00:00:40.228,110.991,110.986,4449999.8093,1750000
24.06.2021 00:00:40.380,110.991,110.986,2700000.0477,2950000.0477
24.06.2021 00:00:42.121,110.994,110.989,1970000.0286,2440000.0572
24.06.2021 00:00:42.172,110.995,110.991,1500000,1009999.9905
24.06.2021 00:00:42.273,110.99799999999999,110.992,2019999.9809,1690000.0572
24.06.2021 00:00:42.375,110.99799999999999,110.994,3170000.0763,1000000
24.06.2021 00:00:42.476,110.99799999999999,110.994,2700000.0477,1000000
24.06.2021 00:00:44.336,110.99799999999999,110.994,1500000,1450000.0477
24.06.2021 00:00:44.438,111.001,110.99700000000001,1000000,1820000.0525
24.06.2021 00:00:44.539,111.00200000000001,110.99799999999999,1200000.0477,1690000.0572
24.06.2021 00:00:44.640,111.00200000000001,110.99700000000001,1000000,1250000
24.06.2021 00:00:44.742,111.001,110.99700000000001,2700000.0477,1690000.0572
24.06.2021 00:00:44.843,111.001,110.995,1000000,2509999.9905
24.06.2021 00:00:47.788,110.999,110.993,1000000,2509999.9905
24.06.2021 00:00:47.889,110.99700000000001,110.993,1500000,2509999.9905
24.06.2021 00:00:47.990,110.99700000000001,110.991,1500000,1820000.0525
24.06.2021 00:00:48.193,110.99600000000001,110.992,1500000,1759999.9905
24.06.2021 00:00:48.344,110.99600000000001,110.993,1500000,1250000
24.06.2021 00:00:48.446,110.99700000000001,110.992,2769999.9809,3259999.9905
24.06.2021 00:00:48.547,110.99600000000001,110.992,1000000,1840000.0334
24.06.2021 00:00:49.254,110.99700000000001,110.992,3640000.1049,1009999.9905
24.06.2021 00:00:50.457,110.99600000000001,110.992,1000000,1570000.0525
24.06.2021 00:00:50.559,110.992,110.99000000000001,1000000,1500000
24.06.2021 00:00:50.660,110.992,110.988,2200000.0477,3369999.8856
24.06.2021 00:00:50.813,110.991,110.98700000000001,4639999.8665,1000000
24.06.2021 00:00:50.914,110.989,110.986,1000000,1000000
24.06.2021 00:00:51.703,110.989,110.985,1000000,1759999.9905
24.06.2021 00:00:51.805,110.989,110.985,1250000,1570000.0525
24.06.2021 00:00:52.234,110.99000000000001,110.986,3769999.9809,1000000
24.06.2021 00:00:52.336,110.99000000000001,110.986,1250000,1759999.9905
24.06.2021 00:00:52.437,110.991,110.98700000000001,1570000.0525,1759999.9905
24.06.2021 00:00:54.668,110.992,110.98700000000001,2440000.0572,2910000.0858
24.06.2021 00:00:54.769,110.993,110.991,1950000.0477,1000000
24.06.2021 00:00:54.922,110.99600000000001,110.992,2690000.0572,1100000.0238
24.06.2021 00:00:56.449,110.99700000000001,110.992,2950000.0477,1570000.0525
24.06.2021 00:00:56.780,110.99700000000001,110.992,2140000.1049,1759999.9905
24.06.2021 00:00:56.882,110.99700000000001,110.992,1500000,3160000.0858
24.06.2021 00:01:00.333,110.99799999999999,110.993,3640000.1049,1759999.9905
24.06.2021 00:01:00.435,110.99799999999999,110.994,1000000,1759999.9905
24.06.2021 00:01:00.536,110.999,110.995,1500000,1009999.9905
24.06.2021 00:01:00.840,110.99700000000001,110.993,1250000,1570000.0525
24.06.2021 00:01:00.941,110.99700000000001,110.993,4070000.1717,1000000
24.06.2021 00:01:01.143,110.99600000000001,110.992,1250000,1100000.0238
24.06.2021 00:01:01.346,110.99799999999999,110.993,4409999.8474,1500000
24.06.2021 00:01:01.551,110.999,110.993,2140000.1049,1000000
24.06.2021 00:01:02.308,110.99799999999999,110.994,3509999.9905,1000000
24.06.2021 00:01:02.410,110.99600000000001,110.992,1250000,1570000.0525
24.06.2021 00:01:02.612,110.995,110.992,1120000.0048,1000000
24.06.2021 00:01:02.713,110.99600000000001,110.991,4539999.9619,1690000.0572
24.06.2021 00:01:02.815,110.99600000000001,110.991,3640000.1049,2140000.1049
24.06.2021 00:01:02.966,110.99600000000001,110.991,5199999.8093,1950000.0477
24.06.2021 00:01:03.098,110.99700000000001,110.99000000000001,4460000.0381,2140000.1049
24.06.2021 00:01:03.199,110.99600000000001,110.991,5420000.0763,1500000
24.06.2021 00:01:03.616,110.99600000000001,110.991,3710000.0381,2140000.1049
24.06.2021 00:01:03.718,110.99600000000001,110.991,4519999.9809,1950000.0477
24.06.2021 00:01:04.805,110.994,110.991,1250000,1000000
24.06.2021 00:01:04.906,110.992,110.989,1250000,1100000.0238
24.06.2021 00:01:05.008,110.991,110.988,1250000,1570000.0525
24.06.2021 00:01:06.970,110.989,110.986,1250000,1100000.0238
24.06.2021 00:01:07.071,110.988,110.986,1250000,1000000
24.06.2021 00:01:07.173,110.989,110.986,2440000.0572,1000000
24.06.2021 00:01:07.274,110.988,110.986,1000000,1000000
24.06.2021 00:01:07.376,110.988,110.985,1000000,1500000
24.06.2021 00:01:07.477,110.99000000000001,110.984,2509999.9905,3000000
24.06.2021 00:01:07.579,110.99000000000001,110.986,1759999.9905,1500000
24.06.2021 00:01:10.163,110.989,110.986,1250000,3000000
24.06.2021 00:01:10.366,110.988,110.986,1250000,1000000
24.06.2021 00:01:10.985,110.99000000000001,110.986,1009999.9905,1500000
24.06.2021 00:01:11.036,110.991,110.988,1840000.0334,1000000
24.06.2021 00:01:11.530,110.992,110.988,1759999.9905,1000000
24.06.2021 00:01:12.117,110.993,110.989,2509999.9905,1000000
24.06.2021 00:01:12.219,110.993,110.99000000000001,1009999.9905,1000000
24.06.2021 00:01:12.320,110.994,110.99000000000001,1009999.9905,1500000
24.06.2021 00:01:12.422,110.995,110.991,4550000.1907,1000000
24.06.2021 00:01:13.024,110.99600000000001,110.991,6909999.8474,2250000
24.06.2021 00:01:13.126,110.99600000000001,110.991,1009999.9905,3640000.1049
24.06.2021 00:01:13.380,110.99600000000001,110.992,1009999.9905,1000000
24.06.2021 00:01:13.482,110.99700000000001,110.992,1009999.9905,1000000
24.06.2021 00:01:14.116,110.99799999999999,110.992,1690000.0572,1570000.0525
24.06.2021 00:01:14.270,110.999,110.99700000000001,1250000,1000000
24.06.2021 00:01:14.372,111.001,110.99700000000001,3140000.1049,1500000
24.06.2021 00:01:14.474,111.001,110.99700000000001,1000000,2509999.9905
24.06.2021 00:01:14.946,111.001,110.99700000000001,1000000,2650000.0954
24.06.2021 00:01:15.381,111.00200000000001,110.99799999999999,1389999.9857,1250000
24.06.2021 00:01:16.623,111.004,111,3819999.9332,1250000
24.06.2021 00:01:16.725,111.007,111.004,1000000,1000000
24.06.2021 00:01:16.827,111.009,111.007,1000000,1000000
24.06.2021 00:01:16.879,111.01200000000001,111.008,7519999.9809,1250000
24.06.2021 00:01:17.082,111.01200000000001,111.008,2140000.1049,1250000
24.06.2021 00:01:17.188,111.01200000000001,111.008,1950000.0477,1750000
24.06.2021 00:01:18.025,111.01200000000001,111.008,1570000.0525,1690000.0572
24.06.2021 00:01:18.128,111.014,111.008,1200000.0477,1500000
24.06.2021 00:01:18.229,111.016,111.01100000000001,1100000.0238,1500000
24.06.2021 00:01:18.331,111.01700000000001,111.01100000000001,3099999.9046,2890000.1049
24.06.2021 00:01:18.795,111.018,111.01200000000001,1970000.0286,1000000
24.06.2021 00:01:18.896,111.018,111.01299999999999,5699999.8093,1690000.0572
24.06.2021 00:01:18.947,111.018,111.015,2779999.9714,1250000
24.06.2021 00:01:19.049,111.021,111.016,2250000,4090000.1526
24.06.2021 00:01:19.099,111.021,111.019,1000000,1000000
24.06.2021 00:01:19.150,111.024,111.019,1500000,2509999.9905
24.06.2021 00:01:19.252,111.024,111.02,1200000.0477,2890000.1049
24.06.2021 00:01:19.303,111.025,111.022,2069999.9332,1250000
24.06.2021 00:01:19.404,111.02600000000001,111.023,1000000,1250000
24.06.2021 00:01:19.455,111.029,111.02600000000001,1600000.0238,1000000
24.06.2021 00:01:19.556,111.029,111.02799999999999,1000000,3640000.1049
24.06.2021 00:01:19.607,111.03399999999999,111.029,2349999.9046,2950000.0477
24.06.2021 00:01:19.709,111.035,111.031,1950000.0477,1000000
24.06.2021 00:01:20.013,111.035,111.03200000000001,1000000,1000000
24.06.2021 00:01:20.114,111.038,111.036,1000000,1000000
24.06.2021 00:01:20.216,111.04,111.036,2319999.9332,1000000
24.06.2021 00:01:20.317,111.04,111.037,1200000.0477,1500000
24.06.2021 00:01:20.945,111.039,111.037,1000000,1500000
24.06.2021 00:01:21.364,111.035,111.033,1940000.0572,2700000.0477
24.06.2021 00:01:21.466,111.035,111.031,1409999.9666,1500000
24.06.2021 00:01:21.618,111.03200000000001,111.03,1350000.0238,1120000.0048
24.06.2021 00:01:21.720,111.031,111.02700000000002,4409999.8474,1000000
24.06.2021 00:01:21.821,111.03,111.02600000000001,1409999.9666,1000000
24.06.2021 00:01:21.923,111.03,111.025,2160000.0858,2700000.0477
24.06.2021 00:01:22.024,111.029,111.025,3569999.9332,1500000
24.06.2021 00:01:22.125,111.029,111.025,4599999.9046,1120000.0048
24.06.2021 00:01:22.227,111.02799999999999,111.025,1250000,1120000.0048
24.06.2021 00:01:22.329,111.02799999999999,111.025,1139999.9857,1000000
24.06.2021 00:01:22.834,111.029,111.02600000000001,1330000.0429,1000000
24.06.2021 00:01:22.935,111.03,111.025,3430000.0668,2140000.1049
24.06.2021 00:01:23.037,111.03200000000001,111.02600000000001,1450000.0477,2019999.9809
24.06.2021 00:01:23.190,111.03,111.02600000000001,2390000.1049,2400000.0954
24.06.2021 00:01:23.292,111.029,111.02600000000001,1450000.0477,1200000.0477
24.06.2021 00:01:23.393,111.029,111.025,1450000.0477,1200000.0477
24.06.2021 00:01:25.036,111.029,111.025,1250000,1970000.0286
24.06.2021 00:01:25.188,111.02799999999999,111.025,1250000,1570000.0525
24.06.2021 00:01:27.608,111.02700000000002,111.025,1250000,1500000
24.06.2021 00:01:28.455,111.02700000000002,111.023,1250000,2799999.9523
24.06.2021 00:01:28.557,111.025,111.022,1250000,2420000.0763
24.06.2021 00:01:28.659,111.025,111.021,3319999.9332,1570000.0525
24.06.2021 00:01:28.711,111.023,111.021,1250000,1100000.0238
24.06.2021 00:01:28.812,111.022,111.02,1250000,1570000.0525
24.06.2021 00:01:28.914,111.022,111.02,1250000,1000000
24.06.2021 00:01:29.016,111.022,111.018,1250000,3099999.9046
24.06.2021 00:01:29.793,111.024,111.021,1250000,1000000
24.06.2021 00:01:29.844,111.024,111.022,1000000,1100000.0238
24.06.2021 00:01:29.946,111.02799999999999,111.025,1009999.9905,1000000
24.06.2021 00:01:30.099,111.031,111.02799999999999,2500000,2019999.9809
24.06.2021 00:01:30.200,111.03200000000001,111.029,1000000,1970000.0286
24.06.2021 00:01:30.302,111.03399999999999,111.031,1250000,1649999.9762
24.06.2021 00:01:30.455,111.036,111.03200000000001,2140000.1049,1100000.0238
24.06.2021 00:01:30.556,111.035,111.031,1000000,2049999.9523
24.06.2021 00:01:31.011,111.035,111.03,1250000,1200000.0477
24.06.2021 00:01:31.113,111.031,111.03,1250000,1000000
24.06.2021 00:01:31.165,111.03,111.02600000000001,1759999.9905,3670000.0763
24.06.2021 00:01:31.267,111.031,111.02700000000002,2569999.9332,1950000.0477
24.06.2021 00:01:31.369,111.031,111.02799999999999,1100000.0238,1000000
24.06.2021 00:01:31.521,111.03200000000001,111.02799999999999,1690000.0572,1200000.0477
24.06.2021 00:01:32.277,111.031,111.02700000000002,1100000.0238,1269999.9809
24.06.2021 00:01:34.321,111.03,111.02700000000002,1759999.9905,1000000
24.06.2021 00:01:34.423,111.02799999999999,111.02600000000001,2509999.9905,1000000
24.06.2021 00:01:34.473,111.02600000000001,111.023,1250000,1950000.0477
24.06.2021 00:01:34.575,111.025,111.022,1759999.9905,1100000.0238
24.06.2021 00:01:34.676,111.025,111.02,2509999.9905,4539999.9619
24.06.2021 00:01:34.777,111.024,111.02,1009999.9905,3200000.0477
24.06.2021 00:01:35.030,111.022,111.019,1009999.9905,1500000
24.06.2021 00:01:35.132,111.021,111.018,1100000.0238,1000000
24.06.2021 00:01:35.233,111.021,111.01700000000001,2509999.9905,1649999.9762
24.06.2021 00:01:35.335,111.019,111.01700000000001,1000000,1120000.0048
24.06.2021 00:01:35.537,111.019,111.015,1820000.0525,1389999.9857
24.06.2021 00:01:35.639,111.01700000000001,111.015,1250000,1000000
24.06.2021 00:01:35.740,111.018,111.015,1690000.0572,1000000
24.06.2021 00:01:36.345,111.019,111.015,1690000.0572,1200000.0477
24.06.2021 00:01:36.446,111.021,111.019,1000000,1200000.0477
24.06.2021 00:01:36.497,111.024,111.02,2509999.9905,1200000.0477
24.06.2021 00:01:36.599,111.025,111.021,1000000,3170000.0763
24.06.2021 00:01:36.650,111.02700000000002,111.023,2319999.9332,1950000.0477
24.06.2021 00:01:36.751,111.02799999999999,111.023,4389999.8665,1389999.9857
24.06.2021 00:01:37.729,111.02600000000001,111.023,1250000,1200000.0477
24.06.2021 00:01:37.831,111.02600000000001,111.022,1250000,1200000.0477
24.06.2021 00:01:38.235,111.02799999999999,111.021,1000000,3660000.0858
24.06.2021 00:01:38.706,111.02700000000002,111.022,1750000,1970000.0286
24.06.2021 00:01:38.807,111.02600000000001,111.022,2500000,1100000.0238
24.06.2021 00:01:38.909,111.024,111.02,1250000,3599999.9046
24.06.2021 00:01:39.010,111.023,111.02,1250000,1950000.0477
24.06.2021 00:01:39.112,111.023,111.019,2890000.1049,1120000.0048
24.06.2021 00:01:39.264,111.022,111.018,1000000,1700000.0477
24.06.2021 00:01:39.377,111.022,111.018,1000000,1200000.0477
24.06.2021 00:01:39.749,111.021,111.01700000000001,1000000,1759999.9905
24.06.2021 00:01:40.649,111.021,111.016,1009999.9905,2700000.0477
24.06.2021 00:01:40.751,111.019,111.015,1250000,1200000.0477
24.06.2021 00:01:42.324,111.018,111.015,1250000,1000000
24.06.2021 00:01:42.426,111.018,111.014,1250000,3450000.0477
24.06.2021 00:01:43.747,111.019,111.014,2509999.9905,3069999.9332
24.06.2021 00:01:43.848,111.019,111.015,2509999.9905,1000000
24.06.2021 00:01:43.949,111.02,111.016,1000000,2700000.0477
24.06.2021 00:01:44.875,111.021,111.016,2140000.1049,3519999.9809
24.06.2021 00:01:45.654,111.023,111.018,3640000.1049,4199999.8093
24.06.2021 00:01:45.755,111.024,111.018,1200000.0477,1120000.0048
24.06.2021 00:01:45.857,111.024,111.02,1690000.0572,3450000.0477
24.06.2021 00:01:45.959,111.02600000000001,111.021,1500000,5539999.9619
24.06.2021 00:01:50.350,111.02600000000001,111.023,1500000,1000000
24.06.2021 00:01:52.126,111.02799999999999,111.024,4389999.8665,1950000.0477
24.06.2021 00:01:54.679,111.02700000000002,111.023,1500000,6860000.1335
24.06.2021 00:01:54.780,111.02700000000002,111.023,1950000.0477,1389999.9857
24.06.2021 00:01:57.135,111.02799999999999,111.025,2140000.1049,1000000
24.06.2021 00:01:59.092,111.029,111.025,2140000.1049,1950000.0477
24.06.2021 00:01:59.194,111.03,111.02700000000002,2960000.0381,1000000
24.06.2021 00:01:59.807,111.029,111.025,2140000.1049,2019999.9809
24.06.2021 00:02:00.272,111.02799999999999,111.025,1250000,1950000.0477
24.06.2021 00:02:01.018,111.02700000000002,111.025,1250000,1000000
24.06.2021 00:02:02.996,111.03,111.02600000000001,4110000.1335,2029999.9714
24.06.2021 00:02:03.098,111.03200000000001,111.02799999999999,4489999.7711,2700000.0477
24.06.2021 00:02:03.200,111.03200000000001,111.029,1250000,1950000.0477
24.06.2021 00:02:03.301,111.03399999999999,111.03,2140000.1049,2890000.1049
24.06.2021 00:02:03.403,111.035,111.031,2200000.0477,1950000.0477
24.06.2021 00:02:03.605,111.036,111.03,2140000.1049,1570000.0525
24.06.2021 00:02:03.757,111.03399999999999,111.031,1250000,1570000.0525
24.06.2021 00:02:03.858,111.035,111.031,2140000.1049,1570000.0525
24.06.2021 00:02:03.959,111.035,111.03200000000001,1250000,1100000.0238
24.06.2021 00:02:04.111,111.036,111.03200000000001,1950000.0477,1389999.9857
24.06.2021 00:02:04.313,111.036,111.033,1500000,1200000.0477
24.06.2021 00:02:04.776,111.036,111.03399999999999,1000000,1000000
24.06.2021 00:02:04.878,111.039,111.035,7599999.9046,1000000
24.06.2021 00:02:04.979,111.04100000000001,111.037,2720000.0286,1250000
24.06.2021 00:02:05.081,111.04299999999999,111.04200000000002,5619999.8856,1000000
24.06.2021 00:02:05.131,111.045,111.04200000000002,1950000.0477,1000000
24.06.2021 00:02:05.284,111.046,111.04299999999999,1950000.0477,1000000
24.06.2021 00:02:05.385,111.046,111.04200000000002,1389999.9857,1000000
24.06.2021 00:02:05.587,111.046,111.04100000000001,1389999.9857,1000000
24.06.2021 00:02:05.941,111.046,111.04100000000001,2690000.0572,1100000.0238
24.06.2021 00:02:06.044,111.04200000000002,111.04,1250000,1500000
24.06.2021 00:02:06.146,111.04200000000002,111.038,2200000.0477,2319999.9332
24.06.2021 00:02:06.249,111.04,111.037,1250000,1100000.0238
24.06.2021 00:02:06.300,111.039,111.036,1940000.0572,1100000.0238
24.06.2021 00:02:06.503,111.039,111.035,2200000.0477,1100000.0238
24.06.2021 00:02:06.708,111.04100000000001,111.036,2500000,1100000.0238
24.06.2021 00:02:06.810,111.04,111.038,1250000,1000000
24.06.2021 00:02:07.433,111.04200000000002,111.037,2140000.1049,1000000
24.06.2021 00:02:08.336,111.04200000000002,111.038,1200000.0477,1100000.0238
24.06.2021 00:02:10.177,111.04200000000002,111.038,1000000,1220000.0286
24.06.2021 00:02:15.357,111.04200000000002,111.038,1940000.0572,2720000.0286
24.06.2021 00:02:15.458,111.04,111.037,1000000,1100000.0238
24.06.2021 00:02:15.559,111.038,111.035,2440000.0572,1570000.0525
24.06.2021 00:02:15.661,111.038,111.03399999999999,1250000,1000000
24.06.2021 00:02:15.914,111.036,111.03200000000001,2890000.1049,2480000.0191
24.06.2021 00:02:16.116,111.03399999999999,111.031,1250000,1570000.0525
24.06.2021 00:02:16.939,111.035,111.031,2289999.9619,1250000
24.06.2021 00:02:16.990,111.036,111.03200000000001,3819999.9332,2890000.1049
24.06.2021 00:02:17.092,111.038,111.036,2509999.9905,1000000
24.06.2021 00:02:17.194,111.038,111.03399999999999,1570000.0525,1269999.9809
24.06.2021 00:02:17.396,111.038,111.033,1250000,1200000.0477
24.06.2021 00:02:17.503,111.036,111.03200000000001,2500000,3849999.9046
24.06.2021 00:02:17.604,111.035,111.03200000000001,1250000,1950000.0477
24.06.2021 00:02:17.705,111.035,111.03200000000001,1750000,1570000.0525
24.06.2021 00:02:18.652,111.035,111.03200000000001,1000000,1100000.0238
24.06.2021 00:02:18.754,111.036,111.03200000000001,1690000.0572,1970000.0286
24.06.2021 00:02:19.221,111.035,111.03200000000001,1250000,1220000.0286
24.06.2021 00:02:19.327,111.035,111.031,1690000.0572,2910000.0858
24.06.2021 00:02:25.446,111.03399999999999,111.03,1940000.0572,3670000.0763
24.06.2021 00:02:25.547,111.03399999999999,111.03,2390000.1049,1570000.0525
24.06.2021 00:02:27.611,111.033,111.03,1690000.0572,1220000.0286
24.06.2021 00:02:27.763,111.03399999999999,111.03,1690000.0572,2720000.0286
24.06.2021 00:02:27.916,111.033,111.03,1250000,3470000.0286
24.06.2021 00:02:28.069,111.03399999999999,111.03,1690000.0572,2720000.0286
24.06.2021 00:02:28.171,111.033,111.03,1250000,2720000.0286
24.06.2021 00:02:31.131,111.03200000000001,111.03,1250000,1500000
24.06.2021 00:02:32.009,111.033,111.03,1759999.9905,1500000
24.06.2021 00:02:32.161,111.033,111.031,1000000,1000000
24.06.2021 00:02:35.539,111.033,111.03200000000001,1000000,1000000
24.06.2021 00:02:35.742,111.03399999999999,111.03200000000001,1100000.0238,1000000
24.06.2021 00:02:38.721,111.03399999999999,111.033,2700000.0477,1000000
24.06.2021 00:02:39.362,111.035,111.033,2509999.9905,1000000
24.06.2021 00:02:39.465,111.037,111.035,2589999.9142,1000000
24.06.2021 00:02:39.567,111.038,111.036,1759999.9905,1000000
24.06.2021 00:02:39.669,111.038,111.036,1820000.0525,1000000
24.06.2021 00:02:40.272,111.038,111.036,2140000.1049,1000000
24.06.2021 00:02:41.167,111.038,111.035,1250000,1000000
24.06.2021 00:02:42.653,111.037,111.03399999999999,1250000,2720000.0286
24.06.2021 00:02:43.217,111.038,111.035,1000000,2470000.0286
24.06.2021 00:02:43.319,111.039,111.037,1000000,1570000.0525
24.06.2021 00:02:43.420,111.04200000000002,111.038,1690000.0572,1000000
24.06.2021 00:02:44.956,111.04100000000001,111.04,1690000.0572,1000000
24.06.2021 00:02:47.136,111.04100000000001,111.039,1690000.0572,1000000
24.06.2021 00:02:50.740,111.04,111.038,1690000.0572,1000000
24.06.2021 00:02:50.842,111.039,111.038,1690000.0572,1000000
24.06.2021 00:02:52.463,111.038,111.037,1250000,1000000
24.06.2021 00:02:52.615,111.037,111.03399999999999,1250000,2319999.9332
24.06.2021 00:02:52.783,111.038,111.035,1250000,1000000
24.06.2021 00:02:52.985,111.036,111.033,1250000,1570000.0525
24.06.2021 00:02:53.086,111.035,111.03399999999999,1250000,1000000
24.06.2021 00:02:54.602,111.035,111.033,1250000,1000000
24.06.2021 00:02:57.586,111.036,111.03399999999999,1250000,1100000.0238
24.06.2021 00:02:57.688,111.038,111.035,4150000.0954,1000000
24.06.2021 00:02:57.790,111.038,111.036,1750000,1000000
24.06.2021 00:02:58.155,111.038,111.036,2059999.9428,1000000
24.06.2021 00:02:58.308,111.036,111.033,1750000,2470000.0286
24.06.2021 00:02:58.409,111.036,111.03399999999999,2809999.9428,1000000
24.06.2021 00:02:58.511,111.035,111.033,1750000,1000000
24.06.2021 00:03:04.892,111.03399999999999,111.03200000000001,1250000,1000000
24.06.2021 00:03:04.943,111.036,111.03399999999999,1759999.9905,1000000
24.06.2021 00:03:05.094,111.037,111.035,1690000.0572,1100000.0238
24.06.2021 00:03:05.196,111.037,111.036,1000000,1000000
24.06.2021 00:03:05.348,111.04,111.035,2500000,1100000.0238
24.06.2021 00:03:05.550,111.039,111.036,1690000.0572,1570000.0525
24.06.2021 00:03:08.756,111.039,111.037,1250000,1000000
24.06.2021 00:03:12.302,111.039,111.037,1750000,1000000
24.06.2021 00:03:12.403,111.038,111.036,1250000,1000000
24.06.2021 00:03:12.761,111.037,111.035,1250000,1570000.0525
24.06.2021 00:03:19.714,111.039,111.036,2509999.9905,1100000.0238
24.06.2021 00:03:19.815,111.04,111.035,1250000,1970000.0286
24.06.2021 00:03:20.270,111.04,111.035,1250000,1570000.0525
24.06.2021 00:03:20.371,111.039,111.036,1250000,1570000.0525
24.06.2021 00:03:23.507,111.038,111.035,1250000,1570000.0525
24.06.2021 00:03:23.610,111.037,111.035,1250000,1570000.0525
24.06.2021 00:03:23.763,111.038,111.036,1250000,1000000
24.06.2021 00:03:23.865,111.039,111.036,2140000.1049,1000000
24.06.2021 00:03:23.916,111.04200000000002,111.037,3660000.0858,1100000.0238
24.06.2021 00:03:24.018,111.04100000000001,111.038,1690000.0572,1100000.0238
24.06.2021 00:03:24.222,111.04200000000002,111.038,2140000.1049,1100000.0238
24.06.2021 00:03:24.475,111.04100000000001,111.038,1250000,1100000.0238
24.06.2021 00:03:24.828,111.04100000000001,111.037,1250000,1100000.0238
24.06.2021 00:03:25.579,111.04,111.038,1250000,1000000
24.06.2021 00:03:25.681,111.04,111.037,2200000.0477,1000000
24.06.2021 00:03:25.783,111.039,111.037,1250000,1000000
24.06.2021 00:03:25.884,111.039,111.037,1250000,1100000.0238
24.06.2021 00:03:25.934,111.04100000000001,111.038,1690000.0572,1100000.0238
24.06.2021 00:03:26.353,111.04,111.038,1250000,1570000.0525
24.06.2021 00:03:26.454,111.038,111.037,1250000,1000000
24.06.2021 00:03:26.758,111.039,111.037,1120000.0048,1000000
24.06.2021 00:03:27.163,111.039,111.037,1250000,1000000
24.06.2021 00:03:27.366,111.038,111.036,1250000,1000000
24.06.2021 00:03:28.039,111.037,111.036,1250000,1000000
24.06.2021 00:03:28.525,111.037,111.035,1250000,1570000.0525
24.06.2021 00:03:36.082,111.038,111.035,1250000,1100000.0238
24.06.2021 00:03:36.184,111.04100000000001,111.036,2890000.1049,1000000
24.06.2021 00:03:37.043,111.039,111.037,1000000,1500000
24.06.2021 00:03:39.763,111.04200000000002,111.039,1690000.0572,1000000
24.06.2021 00:03:39.865,111.04299999999999,111.04,1690000.0572,1000000
24.06.2021 00:03:39.966,111.04299999999999,111.04100000000001,1000000,1000000
24.06.2021 00:03:40.069,111.045,111.04,2440000.0572,1200000.0477
24.06.2021 00:03:40.272,111.044,111.04200000000002,1250000,1000000
24.06.2021 00:03:43.345,111.044,111.04100000000001,1250000,1950000.0477
24.06.2021 00:03:43.662,111.04299999999999,111.04100000000001,1250000,1950000.0477
24.06.2021 00:03:43.764,111.044,111.04100000000001,1120000.0048,1950000.0477
24.06.2021 00:03:43.815,111.048,111.044,1250000,1000000
24.06.2021 00:03:43.917,111.048,111.046,2500000,1000000
24.06.2021 00:03:44.020,111.04899999999999,111.046,1750000,1000000
24.06.2021 00:03:44.172,111.048,111.046,1250000,1500000
24.06.2021 00:03:44.274,111.048,111.045,1750000,1500000
24.06.2021 00:03:45.514,111.048,111.046,1250000,1500000
24.06.2021 00:03:48.210,111.04899999999999,111.04700000000001,1000000,1000000
24.06.2021 00:03:48.312,111.04899999999999,111.048,1000000,1000000
24.06.2021 00:03:48.363,111.051,111.048,3190000.0572,1000000
24.06.2021 00:03:48.617,111.051,111.04700000000001,3259999.9905,1950000.0477
24.06.2021 00:03:48.922,111.05,111.04700000000001,1250000,1950000.0477
24.06.2021 00:03:50.501,111.05,111.046,1250000,1000000
24.06.2021 00:03:50.602,111.04899999999999,111.046,1250000,1950000.0477
24.06.2021 00:03:50.849,111.048,111.046,1250000,1950000.0477
24.06.2021 00:03:51.102,111.048,111.046,1100000.0238,1500000
24.06.2021 00:03:51.204,111.046,111.044,1250000,1649999.9762
24.06.2021 00:03:51.333,111.04700000000001,111.04299999999999,2950000.0477,1200000.0477
24.06.2021 00:03:51.435,111.046,111.04200000000002,2569999.9332,1200000.0477
24.06.2021 00:03:55.515,111.046,111.04299999999999,1250000,1950000.0477
24.06.2021 00:03:55.617,111.046,111.04200000000002,2200000.0477,4019999.9809
24.06.2021 00:03:55.768,111.044,111.04100000000001,1690000.0572,2319999.9332
24.06.2021 00:03:55.870,111.04299999999999,111.04100000000001,1250000,1000000
24.06.2021 00:03:55.971,111.04299999999999,111.04,1250000,3069999.9332
24.06.2021 00:03:59.321,111.04299999999999,111.04,1250000,3470000.0286
24.06.2021 00:03:59.676,111.044,111.04100000000001,1250000,1570000.0525
24.06.2021 00:04:04.112,111.04200000000002,111.04,1750000,2250000
24.06.2021 00:04:04.214,111.04100000000001,111.039,1820000.0525,1000000
24.06.2021 00:04:04.315,111.04100000000001,111.038,1820000.0525,1649999.9762
24.06.2021 00:04:04.416,111.039,111.038,1250000,1000000
24.06.2021 00:04:04.517,111.039,111.036,1250000,3819999.9332
24.06.2021 00:04:04.840,111.039,111.036,1250000,2700000.0477
24.06.2021 00:04:05.148,111.039,111.035,1820000.0525,3450000.0477
24.06.2021 00:04:05.300,111.038,111.035,1899999.9762,1000000
24.06.2021 00:04:05.401,111.038,111.03399999999999,1899999.9762,1950000.0477
24.06.2021 00:04:05.502,111.037,111.03399999999999,1250000,1200000.0477
24.06.2021 00:04:06.247,111.036,111.03399999999999,1250000,1000000
24.06.2021 00:04:10.616,111.03399999999999,111.03200000000001,1009999.9905,1500000
24.06.2021 00:04:10.718,111.03399999999999,111.029,1250000,1200000.0477
24.06.2021 00:04:10.872,111.035,111.03,3710000.0381,3039999.9619
24.06.2021 00:04:11.590,111.035,111.031,2910000.0858,1000000
24.06.2021 00:04:13.876,111.033,111.03,1009999.9905,2440000.0572
24.06.2021 00:04:20.657,111.03399999999999,111.03200000000001,1000000,1000000
24.06.2021 00:04:20.810,111.036,111.03399999999999,1000000,1940000.0572
24.06.2021 00:04:20.911,111.038,111.035,1009999.9905,1000000
24.06.2021 00:04:21.012,111.039,111.035,1100000.0238,2880000.1144
24.06.2021 00:04:22.645,111.04,111.038,1500000,1000000
24.06.2021 00:04:22.747,111.04,111.036,1250000,1000000
24.06.2021 00:04:22.848,111.04299999999999,111.037,3799999.9523,2250000
24.06.2021 00:04:22.899,111.04,111.038,1350000.0238,1500000
24.06.2021 00:04:23.001,111.04,111.037,1690000.0572,1190000.0572
24.06.2021 00:04:23.102,111.04299999999999,111.039,3420000.0763,1000000
24.06.2021 00:04:23.204,111.04100000000001,111.038,1250000,1570000.0525
24.06.2021 00:04:23.355,111.04,111.037,1690000.0572,1190000.0572
24.06.2021 00:04:25.982,111.04100000000001,111.037,3259999.9905,1190000.0572
24.06.2021 00:04:32.085,111.04,111.037,1009999.9905,1000000
24.06.2021 00:04:32.768,111.04100000000001,111.035,1009999.9905,3440000.0572
24.06.2021 00:04:34.840,111.04,111.03399999999999,1100000.0238,3630000.1144
24.06.2021 00:04:34.941,111.038,111.035,1820000.0525,1000000
24.06.2021 00:04:35.043,111.039,111.033,2569999.9332,1190000.0572
24.06.2021 00:04:36.499,111.037,111.035,1009999.9905,1000000
24.06.2021 00:04:36.601,111.036,111.035,1250000,1000000
24.06.2021 00:04:37.082,111.038,111.037,1000000,1000000
24.06.2021 00:04:37.133,111.04,111.037,1000000,1090000.0334
24.06.2021 00:04:37.234,111.04100000000001,111.038,3640000.1049,1000000
24.06.2021 00:04:37.386,111.04100000000001,111.039,1000000,4570000.1717
24.06.2021 00:04:37.437,111.04299999999999,111.039,3710000.0381,1570000.0525
24.06.2021 00:04:37.488,111.044,111.04,1009999.9905,1000000
24.06.2021 00:04:37.992,111.04200000000002,111.04100000000001,1250000,1000000
24.06.2021 00:04:38.043,111.04200000000002,111.039,1250000,2319999.9332
24.06.2021 00:04:38.981,111.04100000000001,111.038,2950000.0477,1000000
24.06.2021 00:04:39.083,111.04100000000001,111.037,2950000.0477,1570000.0525
24.06.2021 00:04:39.184,111.04,111.037,1250000,1570000.0525
24.06.2021 00:04:39.615,111.039,111.036,1250000,2319999.9332
24.06.2021 00:04:55.595,111.04,111.036,4409999.8474,1000000
24.06.2021 00:04:56.346,111.04,111.038,1200000.0477,1000000
24.06.2021 00:04:56.448,111.04299999999999,111.04100000000001,1000000,1000000
24.06.2021 00:04:56.549,111.044,111.04100000000001,1000000,1200000.0477
24.06.2021 00:04:56.702,111.045,111.04200000000002,2140000.1049,1000000
24.06.2021 00:04:56.904,111.045,111.04100000000001,2140000.1049,1950000.0477
24.06.2021 00:04:57.309,111.044,111.04100000000001,1000000,1100000.0238
24.06.2021 00:04:57.511,111.044,111.04,3640000.1049,1100000.0238
24.06.2021 00:04:57.613,111.045,111.039,5289999.9619,1000000
24.06.2021 00:04:57.765,111.044,111.04,4389999.8665,1100000.0238
24.06.2021 00:04:57.867,111.04299999999999,111.04,1200000.0477,1000000
24.06.2021 00:05:00.569,111.04100000000001,111.038,1000000,1950000.0477
24.06.2021 00:05:08.722,111.04,111.038,1250000,1000000
24.06.2021 00:05:09.045,111.04,111.037,2140000.1049,1000000
24.06.2021 00:05:09.147,111.039,111.037,1690000.0572,1000000
24.06.2021 00:05:09.255,111.04,111.03399999999999,1690000.0572,2849999.9046
24.06.2021 00:05:33.162,111.039,111.035,2890000.1049,2319999.9332
24.06.2021 00:05:38.665,111.039,111.038,1250000,1000000
24.06.2021 00:05:38.771,111.04200000000002,111.039,2440000.0572,1950000.0477
24.06.2021 00:05:38.872,111.044,111.039,1000000,1200000.0477
24.06.2021 00:05:38.973,111.044,111.04,2440000.0572,2470000.0286
24.06.2021 00:05:45.530,111.044,111.04,1389999.9857,2319999.9332
24.06.2021 00:05:46.923,111.044,111.04100000000001,1389999.9857,1000000
24.06.2021 00:05:47.025,111.045,111.04200000000002,1389999.9857,1000000
24.06.2021 00:05:47.126,111.046,111.04200000000002,1389999.9857,1570000.0525
24.06.2021 00:05:47.228,111.046,111.04200000000002,1250000,1970000.0286
24.06.2021 00:05:54.475,111.04899999999999,111.044,2950000.0477,1000000
24.06.2021 00:05:54.576,111.04899999999999,111.046,2200000.0477,1000000
24.06.2021 00:05:56.412,111.04899999999999,111.04700000000001,1350000.0238,1000000
24.06.2021 00:05:56.463,111.05,111.04700000000001,1009999.9905,1000000
24.06.2021 00:05:56.716,111.052,111.051,1250000,1000000
24.06.2021 00:05:56.818,111.054,111.051,1350000.0238,2250000
24.06.2021 00:05:56.919,111.05600000000001,111.05,2569999.9332,2700000.0477
24.06.2021 00:05:57.021,111.054,111.051,1350000.0238,2250000
24.06.2021 00:05:57.937,111.054,111.05,3720000.0286,2250000
24.06.2021 00:05:58.240,111.052,111.048,1250000,1000000
24.06.2021 00:05:58.342,111.05,111.04700000000001,1250000,2019999.9809
24.06.2021 00:05:58.494,111.04899999999999,111.04700000000001,1250000,1000000
24.06.2021 00:05:58.595,111.04899999999999,111.046,1250000,2700000.0477
24.06.2021 00:06:01.124,111.04899999999999,111.046,1250000,1970000.0286
24.06.2021 00:06:03.128,111.052,111.048,1820000.0525,2720000.0286
24.06.2021 00:06:03.229,111.052,111.04899999999999,1009999.9905,1970000.0286
24.06.2021 00:06:03.827,111.051,111.04899999999999,1250000,1570000.0525
24.06.2021 00:06:04.982,111.051,111.04700000000001,1250000,1570000.0525
24.06.2021 00:06:05.084,111.05,111.046,2440000.0572,2799999.9523
24.06.2021 00:06:07.152,111.051,111.04700000000001,1690000.0572,4219999.7902
24.06.2021 00:06:07.253,111.051,111.046,1250000,2720000.0286
24.06.2021 00:06:07.455,111.05,111.04700000000001,1250000,1570000.0525
24.06.2021 00:06:13.108,111.051,111.045,2890000.1049,2319999.9332
24.06.2021 00:06:15.607,111.05,111.046,3190000.0572,1970000.0286
24.06.2021 00:06:15.712,111.05,111.046,3640000.1049,1570000.0525
24.06.2021 00:06:18.806,111.05,111.046,3660000.0858,1500000
24.06.2021 00:06:20.288,111.05,111.046,2509999.9905,2700000.0477
24.06.2021 00:06:20.582,111.05,111.04700000000001,2509999.9905,1500000
24.06.2021 00:06:20.935,111.052,111.04899999999999,1600000.0238,1000000
24.06.2021 00:06:21.037,111.054,111.048,2990000.0095,1500000
24.06.2021 00:06:21.139,111.054,111.051,3660000.0858,1000000
24.06.2021 00:06:21.240,111.054,111.05,2509999.9905,2700000.0477
24.06.2021 00:06:21.341,111.053,111.05,1250000,2700000.0477
24.06.2021 00:06:22.972,111.052,111.04899999999999,1000000,1950000.0477
24.06.2021 00:06:23.075,111.052,111.04700000000001,1100000.0238,1500000
24.06.2021 00:06:23.278,111.05,111.04700000000001,1009999.9905,1000000
24.06.2021 00:06:23.380,111.05,111.046,1009999.9905,2700000.0477
24.06.2021 00:06:23.482,111.04899999999999,111.046,1250000,2700000.0477
24.06.2021 00:06:24.963,111.05,111.04700000000001,1460000.0381,1000000
24.06.2021 00:06:25.451,111.05,111.046,1460000.0381,2700000.0477
24.06.2021 00:06:26.272,111.054,111.052,2089999.9142,1000000
24.06.2021 00:06:26.375,111.055,111.052,2089999.9142,1000000
24.06.2021 00:06:26.477,111.055,111.051,2819999.9332,2250000
24.06.2021 00:06:26.630,111.053,111.051,1250000,1500000
24.06.2021 00:06:26.732,111.053,111.05,1009999.9905,3750000
24.06.2021 00:06:27.287,111.053,111.05,4409999.8474,1000000
24.06.2021 00:06:27.388,111.05,111.048,1000000,1000000
24.06.2021 00:06:27.489,111.05,111.04700000000001,1000000,1200000.0477
24.06.2021 00:06:29.456,111.05,111.046,1100000.0238,3450000.0477
24.06.2021 00:06:29.557,111.05,111.04700000000001,1100000.0238,1000000
24.06.2021 00:06:29.808,111.05,111.04700000000001,1100000.0238,1500000
24.06.2021 00:06:30.011,111.05,111.04700000000001,1100000.0238,1000000
24.06.2021 00:06:31.184,111.05,111.046,1100000.0238,2700000.0477
24.06.2021 00:06:31.438,111.04899999999999,111.046,1250000,2700000.0477
24.06.2021 00:06:38.691,111.04899999999999,111.046,1490000.0095,1000000
24.06.2021 00:06:38.894,111.05,111.045,1009999.9905,1000000
24.06.2021 00:06:40.742,111.04899999999999,111.045,1840000.0334,1570000.0525
24.06.2021 00:06:40.844,111.048,111.044,2140000.1049,2250000
24.06.2021 00:06:40.945,111.04899999999999,111.04299999999999,3740000.0095,1500000
24.06.2021 00:06:41.147,111.048,111.044,3339999.9142,1500000
24.06.2021 00:06:41.275,111.04700000000001,111.044,1200000.0477,1000000
24.06.2021 00:06:43.822,111.045,111.04200000000002,2140000.1049,1250000
24.06.2021 00:06:43.923,111.044,111.04,1690000.0572,3450000.0477
24.06.2021 00:06:44.025,111.044,111.04,3359999.8951,2319999.9332
24.06.2021 00:06:44.126,111.044,111.04,2539999.9619,2720000.0286
24.06.2021 00:06:44.246,111.044,111.04,2589999.9142,2319999.9332
24.06.2021 00:06:47.902,111.044,111.04,2609999.8951,2319999.9332
24.06.2021 00:06:53.186,111.044,111.04,1000000,2720000.0286
24.06.2021 00:06:53.287,111.045,111.04100000000001,3519999.9809,1100000.0238
24.06.2021 00:06:53.388,111.045,111.04,1250000,1100000.0238
24.06.2021 00:06:53.540,111.046,111.04,2890000.1049,1100000.0238
24.06.2021 00:06:54.344,111.044,111.04,1250000,2720000.0286
24.06.2021 00:06:55.105,111.044,111.04,2140000.1049,2319999.9332
24.06.2021 00:06:55.207,111.04299999999999,111.04,1250000,2319999.9332
24.06.2021 00:06:56.074,111.04200000000002,111.04,1690000.0572,1500000
24.06.2021 00:06:56.125,111.04,111.038,1690000.0572,1500000
24.06.2021 00:06:56.227,111.039,111.036,1690000.0572,2700000.0477
24.06.2021 00:07:00.587,111.037,111.03399999999999,1000000,3039999.9619
24.06.2021 00:07:00.688,111.037,111.03399999999999,1690000.0572,2720000.0286
24.06.2021 00:07:00.789,111.037,111.03399999999999,1250000,2319999.9332
24.06.2021 00:07:08.657,111.036,111.033,1750000,1570000.0525
24.06.2021 00:07:08.759,111.03399999999999,111.031,1000000,1580000.0429
24.06.2021 00:07:08.860,111.033,111.03,1250000,1570000.0525
24.06.2021 00:07:09.735,111.033,111.03,2950000.0477,1000000
24.06.2021 00:07:10.571,111.033,111.03,1389999.9857,1500000
24.06.2021 00:07:11.010,111.033,111.03,2200000.0477,1500000
24.06.2021 00:07:11.194,111.033,111.029,3700000.0477,1570000.0525
24.06.2021 00:07:18.977,111.03200000000001,111.029,1250000,1570000.0525
24.06.2021 00:07:21.090,111.03200000000001,111.02799999999999,2950000.0477,2319999.9332
24.06.2021 00:07:37.689,111.03,111.02600000000001,1690000.0572,7300000.1907
24.06.2021 00:07:40.796,111.033,111.02799999999999,2609999.8951,1000000
24.06.2021 00:07:40.999,111.03200000000001,111.03,1000000,1000000
24.06.2021 00:07:44.598,111.03200000000001,111.02799999999999,1690000.0572,2720000.0286
24.06.2021 00:07:44.701,111.031,111.02799999999999,1250000,1570000.0525
24.06.2021 00:07:44.803,111.03,111.02700000000002,2440000.0572,1200000.0477
24.06.2021 00:07:50.756,111.03,111.02799999999999,1500000,1000000
24.06.2021 00:08:00.235,111.03200000000001,111.02799999999999,1570000.0525,1990000.0095
24.06.2021 00:08:00.387,111.03399999999999,111.03,2769999.9809,2799999.9523
24.06.2021 00:08:00.489,111.03200000000001,111.03,1000000,1250000
24.06.2021 00:08:00.590,111.033,111.03,1100000.0238,1250000
24.06.2021 00:08:00.692,111.03399999999999,111.03,1759999.9905,1240000.0095
24.06.2021 00:08:00.794,111.033,111.03,1009999.9905,1000000
24.06.2021 00:08:00.895,111.03200000000001,111.029,1100000.0238,1690000.0572
24.06.2021 00:08:03.644,111.033,111.02700000000002,1759999.9905,1990000.0095
24.06.2021 00:08:03.747,111.03,111.02700000000002,1000000,2359999.8951
24.06.2021 00:08:08.090,111.031,111.02700000000002,1570000.0525,3549999.9523
24.06.2021 00:08:08.393,111.031,111.029,1000000,1000000
24.06.2021 00:08:13.510,111.03200000000001,111.029,1009999.9905,1000000
24.06.2021 00:08:15.069,111.03200000000001,111.02799999999999,1759999.9905,2740000.0095
24.06.2021 00:08:23.072,111.03200000000001,111.02799999999999,2160000.0858,2440000.0572
24.06.2021 00:08:27.432,111.029,111.02600000000001,1820000.0525,1000000
24.06.2021 00:08:27.685,111.03,111.02600000000001,2970000.0286,1500000
24.06.2021 00:08:27.787,111.02799999999999,111.025,1250000,3900000.0954
24.06.2021 00:08:27.888,111.02700000000002,111.025,1820000.0525,1000000
24.06.2021 00:08:27.939,111.025,111.023,1250000,1000000
24.06.2021 00:08:28.041,111.024,111.023,1690000.0572,1000000
24.06.2021 00:08:28.243,111.024,111.021,1009999.9905,1500000
24.06.2021 00:08:28.345,111.024,111.021,1750000,1950000.0477
24.06.2021 00:08:33.422,111.023,111.019,1000000,1000000
24.06.2021 00:08:33.524,111.022,111.019,1000000,4199999.8093
24.06.2021 00:08:33.625,111.023,111.02,2500000,1200000.0477
24.06.2021 00:08:37.631,111.023,111.019,2569999.9332,4949999.8093
24.06.2021 00:08:39.599,111.022,111.019,1820000.0525,1000000
24.06.2021 00:08:39.752,111.02,111.018,1250000,1120000.0048
24.06.2021 00:08:39.804,111.019,111.016,1250000,1950000.0477
24.06.2021 00:08:39.907,111.018,111.015,1250000,2319999.9332
24.06.2021 00:08:44.067,111.018,111.014,2200000.0477,2250000
24.06.2021 00:08:44.219,111.01700000000001,111.014,1350000.0238,2250000
24.06.2021 00:08:44.504,111.018,111.014,2200000.0477,2700000.0477
24.06.2021 00:08:44.960,111.018,111.01299999999999,1250000,2700000.0477
24.06.2021 00:08:46.309,111.018,111.014,2650000.0954,2250000
24.06.2021 00:08:46.745,111.01700000000001,111.014,1250000,2700000.0477
24.06.2021 00:08:49.830,111.018,111.014,1820000.0525,2700000.0477
24.06.2021 00:08:50.975,111.018,111.016,1750000,1000000
24.06.2021 00:08:52.525,111.019,111.015,1690000.0572,1000000
24.06.2021 00:08:53.501,111.01700000000001,111.016,1250000,1000000
24.06.2021 00:08:56.551,111.018,111.016,1200000.0477,1000000
24.06.2021 00:08:58.965,111.018,111.015,1200000.0477,1000000
24.06.2021 00:08:59.066,111.018,111.016,1000000,1000000
24.06.2021 00:09:00.248,111.019,111.01700000000001,1000000,1690000.0572
24.06.2021 00:09:00.350,111.02,111.01700000000001,1000000,1750000
24.06.2021 00:09:00.452,111.021,111.01700000000001,1500000,2200000.0477
24.06.2021 00:09:00.553,111.023,111.019,2920000.0763,1690000.0572
24.06.2021 00:09:01.709,111.022,111.02,1100000.0238,1000000
24.06.2021 00:09:01.814,111.023,111.021,1000000,1000000
24.06.2021 00:09:01.915,111.025,111.022,2319999.9332,1750000
24.06.2021 00:09:02.111,111.02600000000001,111.024,1100000.0238,3190000.0572
24.06.2021 00:09:02.162,111.029,111.02700000000002,1100000.0238,1000000
24.06.2021 00:09:02.263,111.03,111.02799999999999,1100000.0238,1250000
24.06.2021 00:09:02.364,111.03,111.02700000000002,1100000.0238,2440000.0572
24.06.2021 00:09:02.718,111.03,111.02799999999999,1000000,1000000
24.06.2021 00:09:03.821,111.03,111.02700000000002,1100000.0238,3190000.0572
24.06.2021 00:09:03.922,111.029,111.02700000000002,1000000,1500000
24.06.2021 00:09:04.176,111.029,111.02600000000001,1970000.0286,1000000
24.06.2021 00:09:07.594,111.02600000000001,111.025,1000000,1000000
24.06.2021 00:09:07.696,111.02600000000001,111.024,1000000,1500000
24.06.2021 00:09:07.797,111.025,111.023,1100000.0238,1500000
24.06.2021 00:09:07.898,111.025,111.022,1220000.0286,1500000
24.06.2021 00:09:14.963,111.025,111.022,1100000.0238,1000000
24.06.2021 00:09:19.951,111.025,111.021,1570000.0525,4389999.8665
24.06.2021 00:09:30.970,111.029,111.02600000000001,4199999.8093,1000000
24.06.2021 00:09:31.072,111.031,111.025,1120000.0048,3849999.9046
24.06.2021 00:09:31.174,111.031,111.02600000000001,1570000.0525,1250000
24.06.2021 00:09:32.653,111.03,111.02700000000002,1200000.0477,1250000
24.06.2021 00:09:32.755,111.03,111.02600000000001,1000000,1250000
24.06.2021 00:09:33.592,111.029,111.02799999999999,1000000,1000000
24.06.2021 00:09:33.694,111.031,111.02700000000002,1000000,1500000
24.06.2021 00:09:50.756,111.03,111.02700000000002,1100000.0238,2440000.0572
24.06.2021 00:09:56.756,111.03,111.02799999999999,1000000,1000000
24.06.2021 00:09:58.078,111.03,111.02700000000002,1000000,3640000.1049
24.06.2021 00:10:08.780,111.03,111.02799999999999,1000000,1250000
24.06.2021 00:10:08.939,111.031,111.02799999999999,1100000.0238,1250000
24.06.2021 00:10:11.936,111.031,111.029,1100000.0238,1250000
24.06.2021 00:10:12.038,111.033,111.031,1000000,1200000.0477
24.06.2021 00:10:12.140,111.03399999999999,111.031,1570000.0525,1250000
24.06.2021 00:10:12.242,111.03399999999999,111.03200000000001,1570000.0525,1250000
24.06.2021 00:10:12.343,111.035,111.033,1100000.0238,1250000
24.06.2021 00:10:12.445,111.038,111.033,2420000.0763,1000000
24.06.2021 00:10:12.547,111.037,111.033,1570000.0525,2140000.1049
24.06.2021 00:10:15.455,111.035,111.033,1000000,1000000
24.06.2021 00:10:15.960,111.035,111.03399999999999,1000000,1000000
24.06.2021 00:10:18.230,111.035,111.03200000000001,1000000,3640000.1049
24.06.2021 00:10:18.332,111.036,111.03200000000001,1000000,1000000
24.06.2021 00:10:19.747,111.03399999999999,111.03200000000001,1100000.0238,1000000
24.06.2021 00:10:19.798,111.03399999999999,111.03,2640000.1049,3190000.0572
24.06.2021 00:10:19.899,111.03200000000001,111.029,1100000.0238,2250000
24.06.2021 00:10:20.001,111.03200000000001,111.029,2049999.9523,2250000
24.06.2021 00:10:23.759,111.03200000000001,111.02799999999999,2049999.9523,3190000.0572
24.06.2021 00:10:29.756,111.03200000000001,111.029,2049999.9523,1000000
24.06.2021 00:10:33.989,111.03200000000001,111.029,1950000.0477,1000000
24.06.2021 00:10:50.775,111.03200000000001,111.029,1970000.0286,1000000
24.06.2021 00:11:20.894,111.031,111.02799999999999,1100000.0238,1690000.0572
24.06.2021 00:11:23.546,111.03,111.02799999999999,1000000,1250000
24.06.2021 00:11:23.597,111.03,111.02600000000001,1970000.0286,3190000.0572
24.06.2021 00:11:23.750,111.029,111.02600000000001,2910000.0858,1000000
24.06.2021 00:11:23.954,111.029,111.025,3740000.0095,1500000
24.06.2021 00:11:27.579,111.029,111.02600000000001,2319999.9332,1000000
24.06.2021 00:11:27.681,111.03,111.02600000000001,2769999.9809,2890000.1049
24.06.2021 00:11:27.782,111.03,111.02700000000002,1570000.0525,1250000
24.06.2021 00:11:28.587,111.031,111.02700000000002,2319999.9332,3700000.0477
24.06.2021 00:11:30.823,111.031,111.029,1100000.0238,1000000
24.06.2021 00:11:33.340,111.03200000000001,111.029,2250000,1000000
24.06.2021 00:11:33.751,111.03200000000001,111.029,2910000.0858,1000000
24.06.2021 00:11:33.853,111.03200000000001,111.02799999999999,2910000.0858,1500000
24.06.2021 00:11:40.728,111.031,111.02700000000002,2140000.1049,2319999.9332
24.06.2021 00:11:44.095,111.031,111.02700000000002,1250000,2720000.0286
24.06.2021 00:11:53.768,111.03200000000001,111.02700000000002,2440000.0572,4159999.8474
24.06.2021 00:11:54.121,111.03200000000001,111.02799999999999,1389999.9857,1100000.0238
24.06.2021 00:11:55.354,111.031,111.02700000000002,1000000,2910000.0858
24.06.2021 00:11:56.446,111.031,111.02700000000002,2140000.1049,1570000.0525
24.06.2021 00:11:56.700,111.03,111.02600000000001,1250000,2910000.0858
24.06.2021 00:12:01.686,111.02700000000002,111.025,1000000,3750000
24.06.2021 00:12:01.737,111.02700000000002,111.023,3140000.1049,1570000.0525
24.06.2021 00:12:01.839,111.025,111.021,1250000,2910000.0858
24.06.2021 00:12:02.267,111.024,111.021,1000000,2160000.0858
24.06.2021 00:12:02.368,111.024,111.021,1250000,1100000.0238
24.06.2021 00:12:02.469,111.023,111.021,1690000.0572,1100000.0238
24.06.2021 00:12:03.148,111.019,111.01700000000001,1690000.0572,1570000.0525
24.06.2021 00:12:03.249,111.01700000000001,111.015,2440000.0572,1100000.0238
24.06.2021 00:12:06.284,111.01700000000001,111.014,1000000,2890000.1049
24.06.2021 00:12:11.712,111.018,111.014,1500000,2890000.1049
24.06.2021 00:12:22.321,111.018,111.014,1500000,2950000.0477
24.06.2021 00:12:24.125,111.018,111.014,1500000,2890000.1049
24.06.2021 00:12:26.618,111.018,111.015,1000000,1000000
24.06.2021 00:12:28.871,111.018,111.015,1000000,2200000.0477
24.06.2021 00:12:29.124,111.018,111.015,1000000,1690000.0572
24.06.2021 00:12:48.281,111.018,111.014,1500000,3640000.1049
24.06.2021 00:12:57.631,111.018,111.014,2250000,3700000.0477
24.06.2021 00:13:14.080,111.019,111.015,3259999.9905,2250000
24.06.2021 00:13:18.862,111.018,111.015,1000000,1500000
24.06.2021 00:13:20.371,111.019,111.015,4389999.8665,1500000
24.06.2021 00:13:20.774,111.018,111.015,1000000,1500000
24.06.2021 00:13:35.196,111.019,111.015,4389999.8665,1500000
24.06.2021 00:13:36.476,111.019,111.015,4539999.9619,1500000
24.06.2021 00:13:36.629,111.019,111.015,5139999.8665,1500000
24.06.2021 00:13:36.730,111.018,111.015,1200000.0477,1500000
24.06.2021 00:13:36.926,111.019,111.015,4389999.8665,1500000
24.06.2021 00:13:37.028,111.019,111.015,4539999.9619,1500000
24.06.2021 00:13:37.801,111.019,111.015,4760000.2289,1500000
24.06.2021 00:13:40.570,111.018,111.015,2140000.1049,1000000
24.06.2021 00:13:49.284,111.019,111.015,2890000.1049,1500000
24.06.2021 00:13:49.385,111.019,111.015,3890000.1049,1500000
24.06.2021 00:13:49.588,111.019,111.015,2890000.1049,1500000
24.06.2021 00:13:49.689,111.019,111.015,3890000.1049,1500000
24.06.2021 00:13:52.837,111.019,111.015,2890000.1049,1500000
24.06.2021 00:13:56.033,111.018,111.015,1000000,1500000
24.06.2021 00:13:58.272,111.019,111.015,3710000.0381,1500000
24.06.2021 00:13:58.373,111.019,111.015,4789999.9619,1500000
24.06.2021 00:14:02.161,111.019,111.015,3640000.1049,1690000.0572
24.06.2021 00:14:02.481,111.02,111.014,4639999.8665,1500000
24.06.2021 00:14:04.674,111.01700000000001,111.01299999999999,1000000,4389999.8665
24.06.2021 00:14:04.877,111.016,111.01299999999999,1000000,2140000.1049
24.06.2021 00:14:05.534,111.01700000000001,111.014,1500000,1000000
24.06.2021 00:14:05.636,111.018,111.014,3710000.0381,1000000
24.06.2021 00:14:07.461,111.01700000000001,111.014,1000000,1690000.0572
24.06.2021 00:14:07.587,111.018,111.014,3519999.9809,1690000.0572
24.06.2021 00:14:07.739,111.01700000000001,111.014,1500000,1690000.0572
24.06.2021 00:14:11.756,111.018,111.014,2700000.0477,1690000.0572
24.06.2021 00:14:32.266,111.01700000000001,111.014,1000000,2440000.0572
24.06.2021 00:14:32.790,111.018,111.014,3519999.9809,2440000.0572
24.06.2021 00:14:35.866,111.018,111.01299999999999,1000000,2440000.0572
24.06.2021 00:14:38.169,111.018,111.014,3619999.8856,2500000
24.06.2021 00:14:42.511,111.019,111.01299999999999,2440000.0572,1389999.9857
24.06.2021 00:14:48.149,111.014,111.01200000000001,1000000,1750000
24.06.2021 00:14:48.251,111.014,111.009,2210000.0381,6699999.8093
24.06.2021 00:14:48.302,111.01100000000001,111.008,1000000,2509999.9905
24.06.2021 00:14:48.403,111.01299999999999,111.007,3000000,2630000.1144
24.06.2021 00:15:00.445,111.01299999999999,111.007,3640000.1049,1690000.0572
24.06.2021 00:15:03.824,111.01100000000001,111.008,1500000,1250000
24.06.2021 00:15:03.976,111.009,111.007,1000000,2119999.8856
24.06.2021 00:15:04.077,111.01,111.007,1000000,1750000
24.06.2021 00:15:07.715,111.01100000000001,111.007,3000000,3630000.1144
24.06.2021 00:15:10.525,111.01200000000001,111.01,1000000,1000000
24.06.2021 00:15:10.626,111.01299999999999,111.01,1269999.9809,1750000
24.06.2021 00:15:11.655,111.014,111.01,2700000.0477,1750000
24.06.2021 00:15:13.552,111.01100000000001,111.009,1000000,1000000
24.06.2021 00:15:13.654,111.01200000000001,111.007,1000000,1690000.0572
24.06.2021 00:15:14.241,111.01200000000001,111.008,2700000.0477,1690000.0572
24.06.2021 00:15:19.312,111.01100000000001,111.008,1500000,1250000
24.06.2021 00:15:19.414,111.01100000000001,111.009,1000000,1000000
24.06.2021 00:15:19.464,111.01100000000001,111.007,1500000,3259999.9905
24.06.2021 00:15:19.566,111.01,111.007,1000000,3259999.9905
24.06.2021 00:15:19.668,111.01100000000001,111.007,1950000.0477,3190000.0572
24.06.2021 00:15:19.770,111.01200000000001,111.007,1200000.0477,1000000
24.06.2021 00:15:19.922,111.01100000000001,111.007,1950000.0477,2809999.9428
24.06.2021 00:15:20.691,111.01100000000001,111.006,1000000,2890000.1049
24.06.2021 00:15:22.928,111.01200000000001,111.009,1610000.0143,1250000
24.06.2021 00:15:28.517,111.01,111.009,1000000,1000000
24.06.2021 00:15:31.099,111.01,111.008,1000000,2440000.0572
24.06.2021 00:15:40.484,111.01200000000001,111.009,1000000,1690000.0572
24.06.2021 00:15:40.586,111.01299999999999,111.01,1100000.0238,2440000.0572
24.06.2021 00:15:40.636,111.01299999999999,111.01100000000001,1100000.0238,1750000
24.06.2021 00:15:40.738,111.01299999999999,111.01,1000000,2500000
24.06.2021 00:15:40.840,111.014,111.01,2319999.9332,2500000
24.06.2021 00:15:40.992,111.015,111.009,1970000.0286,2500000
24.06.2021 00:15:41.094,111.014,111.01,2910000.0858,1250000
24.06.2021 00:15:51.508,111.014,111.01100000000001,1500000,1250000
24.06.2021 00:16:02.340,111.014,111.01200000000001,1000000,1000000
24.06.2021 00:16:02.796,111.015,111.01200000000001,1000000,1000000
24.06.2021 00:16:07.201,111.016,111.01200000000001,3069999.9332,1000000
24.06.2021 00:16:07.303,111.01700000000001,111.016,1000000,1690000.0572
24.06.2021 00:16:07.353,111.019,111.016,1000000,1690000.0572
24.06.2021 00:16:17.056,111.02,111.01700000000001,1000000,3140000.1049
24.06.2021 00:16:17.159,111.024,111.019,1570000.0525,1250000
24.06.2021 00:16:17.260,111.024,111.021,2589999.9142,1000000
24.06.2021 00:16:17.565,111.024,111.021,2910000.0858,1000000
24.06.2021 00:16:17.668,111.023,111.02,1100000.0238,1250000
24.06.2021 00:16:18.150,111.022,111.019,1000000,2890000.1049
24.06.2021 00:16:18.455,111.021,111.018,1100000.0238,1500000
24.06.2021 00:16:26.624,111.021,111.018,2720000.0286,1000000
24.06.2021 00:16:26.726,111.021,111.01700000000001,2720000.0286,2440000.0572
24.06.2021 00:16:26.827,111.02,111.016,1970000.0286,3190000.0572
24.06.2021 00:16:28.800,111.02,111.016,4840000.1526,1000000
24.06.2021 00:16:29.002,111.019,111.016,1000000,2140000.1049
24.06.2021 00:16:29.103,111.02,111.016,3069999.9332,2140000.1049
24.06.2021 00:16:29.297,111.02,111.016,3470000.0286,1690000.0572
24.06.2021 00:16:48.695,111.02,111.016,4389999.8665,1500000
24.06.2021 00:16:48.797,111.02,111.016,2250000,3890000.1049
24.06.2021 00:16:59.099,111.02,111.016,2720000.0286,2690000.0572
24.06.2021 00:16:59.493,111.02,111.016,3660000.0858,1500000
24.06.2021 00:16:59.645,111.02,111.016,3259999.9905,1950000.0477
24.06.2021 00:17:00.799,111.02,111.016,3660000.0858,1500000
24.06.2021 00:17:02.221,111.021,111.01700000000001,3470000.0286,1690000.0572
24.06.2021 00:17:18.907,111.021,111.01700000000001,3069999.9332,2140000.1049
24.06.2021 00:17:19.009,111.021,111.01700000000001,3069999.9332,3140000.1049
24.06.2021 00:17:19.061,111.021,111.02,1000000,2890000.1049
24.06.2021 00:17:19.111,111.024,111.02,2319999.9332,1389999.9857
24.06.2021 00:17:19.213,111.025,111.021,2319999.9332,2140000.1049
24.06.2021 00:17:19.825,111.025,111.021,1570000.0525,4639999.8665
24.06.2021 00:17:21.439,111.02600000000001,111.022,1570000.0525,2890000.1049
24.06.2021 00:17:22.573,111.02600000000001,111.023,1100000.0238,1250000
24.06.2021 00:17:22.625,111.02600000000001,111.025,1000000,1250000
24.06.2021 00:17:22.677,111.02799999999999,111.025,2319999.9332,1250000
24.06.2021 00:17:22.779,111.029,111.02600000000001,2720000.0286,1000000
24.06.2021 00:17:22.916,111.03,111.025,2319999.9332,1000000
24.06.2021 00:17:29.292,111.029,111.02700000000002,1000000,1000000
24.06.2021 00:17:32.062,111.03,111.02700000000002,2319999.9332,1000000
24.06.2021 00:17:36.981,111.031,111.02700000000002,2319999.9332,2140000.1049
24.06.2021 00:17:37.082,111.031,111.02600000000001,2910000.0858,1000000
24.06.2021 00:17:37.183,111.029,111.025,1100000.0238,3640000.1049
24.06.2021 00:17:37.587,111.03,111.025,2890000.1049,4539999.9619
24.06.2021 00:17:38.130,111.029,111.025,1009999.9905,3069999.9332
24.06.2021 00:17:39.432,111.02799999999999,111.025,1000000,2700000.0477
24.06.2021 00:17:40.521,111.02799999999999,111.02700000000002,1000000,1000000
24.06.2021 00:17:44.350,111.02700000000002,111.02600000000001,1000000,1000000
24.06.2021 00:17:44.806,111.02600000000001,111.025,1000000,1000000
24.06.2021 00:17:45.009,111.02700000000002,111.025,1100000.0238,1000000
24.06.2021 00:17:45.110,111.025,111.023,1000000,1000000
24.06.2021 00:17:48.770,111.025,111.024,1000000,1000000
24.06.2021 00:17:53.940,111.02700000000002,111.025,1000000,1000000
24.06.2021 00:17:54.041,111.02600000000001,111.025,1000000,1000000
24.06.2021 00:18:15.587,111.02700000000002,111.025,1000000,1000000
24.06.2021 00:18:23.292,111.02600000000001,111.025,1000000,1000000
24.06.2021 00:18:23.601,111.02600000000001,111.024,1100000.0238,1000000
24.06.2021 00:18:28.663,111.02799999999999,111.025,2910000.0858,1000000
24.06.2021 00:18:28.765,111.029,111.02700000000002,1090000.0334,1000000
24.06.2021 00:18:28.868,111.03,111.02700000000002,1759999.9905,1000000
24.06.2021 00:18:34.769,111.029,111.02700000000002,1000000,1500000
24.06.2021 00:19:03.715,111.02799999999999,111.02700000000002,1000000,1000000
24.06.2021 00:19:03.817,111.02600000000001,111.024,1000000,1000000
24.06.2021 00:19:03.868,111.025,111.022,1009999.9905,1570000.0525
24.06.2021 00:19:03.969,111.024,111.022,1389999.9857,1100000.0238
24.06.2021 00:19:04.357,111.023,111.022,1000000,1000000
24.06.2021 00:19:05.475,111.023,111.02,1000000,1950000.0477
24.06.2021 00:19:06.827,111.024,111.02,1389999.9857,1950000.0477
24.06.2021 00:19:06.928,111.024,111.021,1250000,1200000.0477
24.06.2021 00:19:15.169,111.022,111.02,1250000,1000000
24.06.2021 00:19:15.271,111.021,111.019,2690000.0572,1000000
24.06.2021 00:19:15.373,111.02,111.018,1250000,1000000
24.06.2021 00:19:15.476,111.018,111.016,1000000,1000000
24.06.2021 00:19:15.579,111.018,111.014,1690000.0572,2700000.0477
24.06.2021 00:19:15.681,111.01700000000001,111.014,1000000,1200000.0477
24.06.2021 00:19:21.508,111.016,111.014,1000000,1000000
24.06.2021 00:19:21.612,111.016,111.01200000000001,1690000.0572,1950000.0477
24.06.2021 00:19:21.764,111.014,111.01200000000001,1000000,1000000
24.06.2021 00:19:21.865,111.01299999999999,111.01,1250000,2700000.0477
24.06.2021 00:19:21.966,111.01200000000001,111.009,1000000,1000000
24.06.2021 00:19:28.476,111.01200000000001,111.008,1690000.0572,1950000.0477
24.06.2021 00:19:30.141,111.01100000000001,111.008,1250000,1000000
24.06.2021 00:19:33.226,111.01200000000001,111.008,1690000.0572,1100000.0238
24.06.2021 00:19:33.327,111.01200000000001,111.009,1250000,1100000.0238
24.06.2021 00:19:33.580,111.01299999999999,111.009,1309999.9428,1009999.9905
24.06.2021 00:19:34.808,111.01299999999999,111.01,1250000,1000000
24.06.2021 00:19:34.910,111.014,111.01,1250000,2160000.0858
24.06.2021 00:19:35.013,111.015,111.01100000000001,1000000,1409999.9666
24.06.2021 00:19:38.044,111.015,111.01100000000001,1500000,1759999.9905
24.06.2021 00:19:41.508,111.015,111.01100000000001,1000000,1409999.9666
24.06.2021 00:19:47.762,111.016,111.01200000000001,2440000.0572,1100000.0238
24.06.2021 00:19:47.863,111.015,111.01100000000001,1000000,4409999.8474
24.06.2021 00:19:48.699,111.015,111.01100000000001,1000000,1759999.9905
24.06.2021 00:19:52.200,111.015,111.01100000000001,1000000,2910000.0858
24.06.2021 00:19:57.713,111.01700000000001,111.014,1250000,1100000.0238
24.06.2021 00:19:58.274,111.01700000000001,111.015,1000000,1000000
24.06.2021 00:20:00.109,111.019,111.014,1000000,1759999.9905
24.06.2021 00:20:00.262,111.02,111.01700000000001,1000000,1820000.0525
24.06.2021 00:20:00.415,111.02,111.01700000000001,1500000,1009999.9905
24.06.2021 00:20:05.303,111.02,111.016,2700000.0477,2509999.9905
24.06.2021 00:20:05.404,111.019,111.015,1000000,1690000.0572
24.06.2021 00:20:06.071,111.018,111.015,1000000,1759999.9905
24.06.2021 00:20:06.304,111.019,111.016,1500000,1250000
24.06.2021 00:20:08.216,111.02,111.018,1000000,1250000
24.06.2021 00:20:08.317,111.021,111.018,1500000,2140000.1049
24.06.2021 00:20:08.418,111.021,111.019,1500000,1250000
24.06.2021 00:20:09.290,111.02,111.01700000000001,1000000,3039999.9619
24.06.2021 00:20:09.391,111.02,111.01700000000001,1000000,2890000.1049
24.06.2021 00:20:09.544,111.02,111.015,1500000,2210000.0381
24.06.2021 00:20:10.151,111.02,111.01700000000001,1500000,1009999.9905
24.06.2021 00:20:23.629,111.02,111.01700000000001,2099999.9046,1000000
24.06.2021 00:20:23.932,111.018,111.01700000000001,1000000,1000000
24.06.2021 00:20:25.218,111.019,111.01700000000001,1000000,1000000
24.06.2021 00:20:25.513,111.019,111.016,1000000,1000000
24.06.2021 00:20:26.397,111.019,111.01700000000001,1000000,1250000
24.06.2021 00:20:27.099,111.02,111.015,1000000,2890000.1049
24.06.2021 00:20:27.201,111.019,111.016,1000000,2200000.0477
24.06.2021 00:20:27.878,111.019,111.016,1000000,2140000.1049
24.06.2021 00:20:34.285,111.018,111.016,1000000,1000000
24.06.2021 00:20:34.790,111.02,111.015,1000000,2440000.0572
24.06.2021 00:20:37.529,111.019,111.01700000000001,1000000,1000000
24.06.2021 00:20:37.681,111.019,111.016,1200000.0477,1690000.0572
24.06.2021 00:20:37.883,111.018,111.016,1100000.0238,1000000
24.06.2021 00:20:39.749,111.018,111.01700000000001,1000000,1250000
24.06.2021 00:20:39.851,111.019,111.015,1000000,1690000.0572
24.06.2021 00:20:43.058,111.018,111.015,1000000,3190000.0572
24.06.2021 00:20:46.178,111.01700000000001,111.015,1000000,1500000
24.06.2021 00:20:47.787,111.01700000000001,111.014,1000000,3640000.1049
24.06.2021 00:20:49.196,111.01700000000001,111.015,1000000,1000000
24.06.2021 00:20:55.140,111.019,111.01700000000001,1000000,1250000
24.06.2021 00:20:59.510,111.019,111.016,1000000,1690000.0572
24.06.2021 00:20:59.694,111.019,111.01700000000001,1000000,1250000
24.06.2021 00:20:59.796,111.019,111.016,1000000,1250000
24.06.2021 00:20:59.898,111.019,111.01700000000001,1000000,1250000
24.06.2021 00:21:09.065,111.02,111.01700000000001,1200000.0477,1250000
24.06.2021 00:21:14.355,111.02,111.016,2319999.9332,1250000
24.06.2021 00:21:14.557,111.02,111.016,2700000.0477,1250000
24.06.2021 00:21:14.660,111.021,111.015,2700000.0477,1250000
24.06.2021 00:21:14.761,111.02,111.015,1000000,1250000
24.06.2021 00:21:14.862,111.019,111.016,1000000,1250000
24.06.2021 00:21:15.065,111.018,111.016,1000000,1250000
24.06.2021 00:21:15.217,111.018,111.016,1000000,1250000
24.06.2021 00:21:22.954,111.018,111.016,1000000,1250000
24.06.2021 00:21:23.056,111.016,111.01200000000001,3000000,4010000.2289
24.06.2021 00:21:23.107,111.014,111.01200000000001,1000000,1250000
24.06.2021 00:21:23.208,111.014,111.01100000000001,1000000,1690000.0572
24.06.2021 00:21:23.310,111.01299999999999,111.01,1000000,1690000.0572
24.06.2021 00:21:25.224,111.014,111.01,1000000,1250000
24.06.2021 00:21:25.750,111.014,111.01100000000001,1500000,1250000
24.06.2021 00:21:28.078,111.016,111.01100000000001,1500000,1690000.0572
24.06.2021 00:21:28.230,111.015,111.01299999999999,1000000,1250000
24.06.2021 00:21:28.433,111.015,111.014,1000000,1250000
24.06.2021 00:21:35.613,111.016,111.01299999999999,1500000,1750000
24.06.2021 00:21:41.474,111.016,111.01200000000001,1500000,4070000.1717
24.06.2021 00:21:54.320,111.014,111.01100000000001,1000000,1250000
24.06.2021 00:21:54.421,111.014,111.01,1570000.0525,2500000
24.06.2021 00:22:16.364,111.014,111.01,1690000.0572,1009999.9905
24.06.2021 00:22:20.869,111.014,111.01,1500000,2569999.9332
24.06.2021 00:22:24.140,111.014,111.01,1690000.0572,1759999.9905
24.06.2021 00:22:27.881,111.01100000000001,111.008,1000000,3259999.9905
24.06.2021 00:22:33.039,111.01200000000001,111.008,1500000,2509999.9905
24.06.2021 00:23:01.301,111.009,111.007,1000000,2619999.8856
24.06.2021 00:23:01.403,111.008,111.005,1500000,1690000.0572
24.06.2021 00:23:01.734,111.007,111.004,1500000,2059999.9428
24.06.2021 00:23:01.836,111.006,111.003,1000000,1690000.0572
24.06.2021 00:23:04.609,111.006,111.00200000000001,1950000.0477,2440000.0572
24.06.2021 00:23:11.907,111.006,111.00200000000001,1500000,4039999.9619
24.06.2021 00:23:12.402,111.006,111.00200000000001,1000000,2890000.1049
24.06.2021 00:23:12.553,111.006,111.003,1000000,1000000
24.06.2021 00:23:18.516,111.007,111.004,1000000,1250000
24.06.2021 00:23:18.617,111.008,111.004,1500000,3640000.1049
24.06.2021 00:23:18.718,111.008,111.005,1000000,2890000.1049
24.06.2021 00:23:19.103,111.009,111.005,1500000,4010000.2289
24.06.2021 00:23:27.077,111.008,111.004,1500000,3460000.0381
24.06.2021 00:23:27.178,111.008,111.004,1500000,2890000.1049
24.06.2021 00:23:34.321,111.009,111.006,1500000,1250000
24.06.2021 00:23:34.423,111.01,111.006,1500000,4820000.1717
24.06.2021 00:23:41.978,111.01299999999999,111.009,1000000,4639999.8665
24.06.2021 00:23:42.080,111.014,111.01,2440000.0572,3259999.9905
24.06.2021 00:23:42.181,111.015,111.01100000000001,1690000.0572,2140000.1049
24.06.2021 00:23:42.283,111.015,111.01200000000001,1690000.0572,1000000
24.06.2021 00:23:42.485,111.015,111.01100000000001,1690000.0572,2890000.1049
24.06.2021 00:23:42.789,111.015,111.01200000000001,1690000.0572,1000000
24.06.2021 00:23:46.263,111.014,111.01100000000001,1690000.0572,1000000
24.06.2021 00:23:49.710,111.01299999999999,111.01100000000001,1000000,1000000
24.06.2021 00:23:49.811,111.014,111.01,2440000.0572,2140000.1049
24.06.2021 00:23:50.014,111.01299999999999,111.01,1250000,1950000.0477
24.06.2021 00:23:59.508,111.01299999999999,111.009,1690000.0572,3640000.1049
24.06.2021 00:24:05.013,111.01299999999999,111.01,1250000,1000000
24.06.2021 00:24:09.352,111.015,111.01100000000001,3640000.1049,2440000.0572
24.06.2021 00:24:11.360,111.016,111.01200000000001,3940000.0572,2140000.1049
24.06.2021 00:24:12.591,111.01700000000001,111.01299999999999,1250000,1000000
24.06.2021 00:24:12.693,111.01700000000001,111.014,1250000,1000000
24.06.2021 00:24:15.970,111.02,111.014,3000000,2140000.1049
24.06.2021 00:24:16.072,111.019,111.016,1000000,1000000
24.06.2021 00:24:16.173,111.02,111.01700000000001,2440000.0572,1000000
24.06.2021 00:24:20.946,111.021,111.018,1000000,1100000.0238
24.06.2021 00:24:21.048,111.022,111.018,1500000,2910000.0858
24.06.2021 00:24:26.585,111.022,111.019,1000000,1970000.0286
24.06.2021 00:24:26.636,111.025,111.02,1690000.0572,1100000.0238
24.06.2021 00:24:26.738,111.024,111.022,1690000.0572,1000000
24.06.2021 00:24:26.840,111.025,111.022,2890000.1049,1000000
24.06.2021 00:24:29.263,111.02600000000001,111.022,2890000.1049,1100000.0238
24.06.2021 00:24:34.342,111.02600000000001,111.023,2140000.1049,1000000
24.06.2021 00:24:54.329,111.02700000000002,111.023,2140000.1049,2319999.9332
24.06.2021 00:25:03.574,111.02700000000002,111.023,1690000.0572,2720000.0286
24.06.2021 00:25:04.045,111.02700000000002,111.023,2140000.1049,2319999.9332
24.06.2021 00:25:13.029,111.029,111.02600000000001,1250000,1220000.0286
24.06.2021 00:25:13.131,111.03,111.02700000000002,1000000,1100000.0238
24.06.2021 00:25:13.948,111.031,111.02600000000001,1000000,1220000.0286
24.06.2021 00:25:16.164,111.03200000000001,111.02700000000002,1000000,1009999.9905
24.06.2021 00:25:16.215,111.031,111.03,1000000,1000000
24.06.2021 00:25:16.265,111.033,111.03,2890000.1049,1000000
24.06.2021 00:25:26.195,111.033,111.029,1950000.0477,3259999.9905
24.06.2021 00:25:26.651,111.033,111.029,2910000.0858,2250000
24.06.2021 00:25:30.793,111.033,111.029,2509999.9905,2700000.0477
24.06.2021 00:25:31.498,111.033,111.029,3660000.0858,2250000
24.06.2021 00:25:31.656,111.033,111.03,1970000.0286,1000000
24.06.2021 00:25:31.788,111.033,111.03,1100000.0238,1000000
24.06.2021 00:25:45.643,111.033,111.03,2160000.0858,1000000
24.06.2021 00:25:45.819,111.033,111.03,1759999.9905,1000000
24.06.2021 00:25:52.479,111.03399999999999,111.03,3640000.1049,1570000.0525
24.06.2021 00:25:54.623,111.035,111.031,2250000,4659999.8474
24.06.2021 00:25:54.725,111.036,111.03200000000001,1009999.9905,2160000.0858
24.06.2021 00:25:54.826,111.038,111.03399999999999,1000000,1100000.0238
24.06.2021 00:25:54.928,111.039,111.035,4710000.0381,1570000.0525
24.06.2021 00:25:55.130,111.04,111.036,3000000,2910000.0858
24.06.2021 00:25:55.281,111.04100000000001,111.037,1950000.0477,1759999.9905
24.06.2021 00:25:55.383,111.04200000000002,111.038,3190000.0572,1970000.0286
24.06.2021 00:25:56.367,111.04299999999999,111.039,3190000.0572,1220000.0286
24.06.2021 00:25:56.469,111.044,111.04,3940000.0572,1220000.0286
24.06.2021 00:25:56.672,111.044,111.04,2890000.1049,1570000.0525
24.06.2021 00:25:58.153,111.04299999999999,111.039,3640000.1049,2319999.9332
24.06.2021 00:25:58.256,111.04,111.037,3640000.1049,1500000
24.06.2021 00:25:58.358,111.039,111.035,1000000,6789999.9619
24.06.2021 00:26:04.732,111.04100000000001,111.038,2250000,1409999.9666
24.06.2021 00:26:04.834,111.04200000000002,111.038,1250000,2910000.0858
24.06.2021 00:26:04.935,111.04200000000002,111.04,1000000,1100000.0238
24.06.2021 00:26:07.733,111.04100000000001,111.038,1690000.0572,1100000.0238
24.06.2021 00:26:07.886,111.04200000000002,111.036,2890000.1049,1759999.9905
24.06.2021 00:26:08.040,111.04200000000002,111.036,2440000.0572,2160000.0858
24.06.2021 00:26:12.413,111.04100000000001,111.037,2140000.1049,1250000
24.06.2021 00:26:12.581,111.04100000000001,111.037,2950000.0477,1000000
24.06.2021 00:26:12.795,111.04100000000001,111.037,2140000.1049,1000000
24.06.2021 00:26:31.637,111.04,111.036,1690000.0572,2700000.0477
24.06.2021 00:26:32.857,111.039,111.036,1000000,1570000.0525
24.06.2021 00:26:32.959,111.04,111.036,2500000,3220000.0286
24.06.2021 00:26:33.163,111.04,111.036,2950000.0477,2319999.9332
24.06.2021 00:26:36.195,111.04100000000001,111.039,1000000,2319999.9332
24.06.2021 00:26:36.246,111.04299999999999,111.039,2440000.0572,2720000.0286
24.06.2021 00:26:36.979,111.04299999999999,111.04100000000001,1250000,1000000
24.06.2021 00:26:37.081,111.045,111.04100000000001,2500000,1970000.0286
24.06.2021 00:26:37.458,111.045,111.04100000000001,2950000.0477,1570000.0525
24.06.2021 00:26:43.839,111.045,111.04100000000001,2440000.0572,1399999.9762
24.06.2021 00:26:43.994,111.045,111.04100000000001,2890000.1049,1000000
24.06.2021 00:26:45.610,111.045,111.04100000000001,3700000.0477,1090000.0334
24.06.2021 00:26:57.271,111.044,111.04100000000001,2910000.0858,1000000
24.06.2021 00:27:02.918,111.045,111.04,1009999.9905,1000000
24.06.2021 00:27:04.853,111.045,111.04299999999999,1100000.0238,1000000
24.06.2021 00:27:07.551,111.046,111.04200000000002,3660000.0858,1500000
24.06.2021 00:27:12.681,111.048,111.044,3069999.9332,1000000
24.06.2021 00:27:12.984,111.04700000000001,111.044,1570000.0525,1690000.0572
24.06.2021 00:27:26.335,111.048,111.044,1950000.0477,1759999.9905
24.06.2021 00:27:36.039,111.046,111.04200000000002,1500000,1220000.0286
24.06.2021 00:27:36.300,111.046,111.04200000000002,2700000.0477,1570000.0525
24.06.2021 00:27:36.453,111.045,111.04200000000002,1000000,1100000.0238
24.06.2021 00:27:39.735,111.045,111.04100000000001,1389999.9857,1759999.9905
24.06.2021 00:27:41.491,111.046,111.04,2950000.0477,1100000.0238
24.06.2021 00:27:51.510,111.044,111.04,2950000.0477,2319999.9332
24.06.2021 00:27:51.662,111.039,111.038,1000000,1000000
24.06.2021 00:27:51.713,111.039,111.036,1000000,2319999.9332
24.06.2021 00:27:58.916,111.04,111.036,2890000.1049,1019999.9809
24.06.2021 00:27:59.022,111.04,111.036,1690000.0572,1139999.9857
24.06.2021 00:28:01.010,111.038,111.03399999999999,1690000.0572,3619999.8856
24.06.2021 00:28:06.162,111.038,111.03200000000001,1000000,3710000.0381
24.06.2021 00:28:06.264,111.037,111.033,1000000,3579999.9237
24.06.2021 00:28:06.466,111.037,111.03399999999999,1000000,1139999.9857
24.06.2021 00:28:12.306,111.037,111.033,1000000,3660000.0858
24.06.2021 00:28:12.408,111.035,111.033,1250000,1000000
24.06.2021 00:28:12.661,111.036,111.033,1500000,2910000.0858
24.06.2021 00:28:21.785,111.036,111.033,1000000,3849999.9046
24.06.2021 00:28:21.835,111.038,111.03399999999999,1250000,6039999.9619
24.06.2021 00:28:23.290,111.039,111.035,1690000.0572,2910000.0858
24.06.2021 00:28:23.392,111.04,111.036,2500000,1970000.0286
24.06.2021 00:28:25.263,111.04,111.036,1690000.0572,2160000.0858
24.06.2021 00:28:26.784,111.04100000000001,111.038,1000000,2910000.0858
24.06.2021 00:28:28.414,111.04299999999999,111.037,1500000,4409999.8474
24.06.2021 00:28:29.985,111.04299999999999,111.039,1000000,2890000.1049
24.06.2021 00:28:35.601,111.044,111.04,1389999.9857,1000000
24.06.2021 00:28:35.753,111.045,111.04,2890000.1049,2890000.1049
24.06.2021 00:28:35.854,111.045,111.04100000000001,1000000,1409999.9666
24.06.2021 00:28:36.006,111.046,111.04100000000001,3640000.1049,2160000.0858
24.06.2021 00:28:36.855,111.045,111.04,2140000.1049,2910000.0858
24.06.2021 00:28:36.957,111.04299999999999,111.04,1000000,1009999.9905
24.06.2021 00:28:49.356,111.04299999999999,111.039,1000000,4539999.9619
24.06.2021 00:28:49.508,111.045,111.04,2890000.1049,3660000.0858
24.06.2021 00:28:49.761,111.04299999999999,111.04,1000000,1570000.0525
24.06.2021 00:28:52.187,111.04100000000001,111.038,1250000,1570000.0525
24.06.2021 00:28:52.289,111.04,111.037,1500000,1100000.0238
24.06.2021 00:28:52.582,111.04,111.036,2890000.1049,1570000.0525
24.06.2021 00:28:52.684,111.039,111.035,1690000.0572,2720000.0286
24.06.2021 00:28:52.786,111.038,111.035,1000000,1100000.0238
24.06.2021 00:28:53.771,111.038,111.035,1000000,1409999.9666
24.06.2021 00:28:53.929,111.04,111.036,1000000,3660000.0858
24.06.2021 00:28:59.754,111.04100000000001,111.037,1500000,2910000.0858
24.06.2021 00:28:59.855,111.04200000000002,111.038,1500000,2910000.0858
24.06.2021 00:28:59.961,111.04200000000002,111.039,1000000,1409999.9666
24.06.2021 00:29:00.062,111.044,111.04,1500000,2160000.0858
24.06.2021 00:29:08.631,111.04299999999999,111.04,1250000,2319999.9332
24.06.2021 00:29:08.782,111.04299999999999,111.038,1250000,3099999.9046
24.06.2021 00:29:08.884,111.04200000000002,111.039,1250000,2700000.0477
24.06.2021 00:29:09.086,111.04,111.038,1250000,1570000.0525
24.06.2021 00:29:09.288,111.04100000000001,111.036,1250000,1950000.0477
24.06.2021 00:29:13.768,111.04,111.039,1000000,1100000.0238
24.06.2021 00:29:15.012,111.04100000000001,111.039,1250000,1100000.0238
24.06.2021 00:29:15.115,111.04200000000002,111.039,1690000.0572,1100000.0238
24.06.2021 00:29:16.147,111.04299999999999,111.039,2140000.1049,1759999.9905
24.06.2021 00:29:16.249,111.04200000000002,111.039,1250000,1950000.0477
24.06.2021 00:29:26.624,111.04299999999999,111.039,1500000,2140000.1049
24.06.2021 00:29:27.003,111.04299999999999,111.04,1000000,1250000
24.06.2021 00:29:30.055,111.04200000000002,111.039,1000000,3069999.9332
24.06.2021 00:29:30.156,111.04299999999999,111.038,3890000.1049,1000000
24.06.2021 00:29:30.674,111.04200000000002,111.037,2140000.1049,1000000
24.06.2021 00:29:31.244,111.04100000000001,111.037,2140000.1049,1570000.0525
24.06.2021 00:29:34.160,111.04100000000001,111.037,1000000,4159999.8474
24.06.2021 00:29:34.262,111.04200000000002,111.039,1000000,1100000.0238
24.06.2021 00:29:34.413,111.04299999999999,111.039,2140000.1049,1570000.0525
24.06.2021 00:30:00.109,111.04299999999999,111.039,1000000,3789999.9619
24.06.2021 00:30:01.122,111.044,111.04,1000000,2140000.1049
24.06.2021 00:30:02.632,111.04299999999999,111.039,1759999.9905,3450000.0477
24.06.2021 00:30:18.428,111.04299999999999,111.039,1000000,3789999.9619
24.06.2021 00:30:18.479,111.045,111.04100000000001,1570000.0525,3640000.1049
24.06.2021 00:30:18.530,111.046,111.044,1000000,2140000.1049
24.06.2021 00:30:18.581,111.048,111.045,1009999.9905,1000000
24.06.2021 00:30:18.682,111.04899999999999,111.045,1759999.9905,3640000.1049
24.06.2021 00:30:23.375,111.04899999999999,111.045,1690000.0572,4409999.8474
24.06.2021 00:30:28.837,111.04899999999999,111.04700000000001,1000000,1100000.0238
24.06.2021 00:30:28.888,111.051,111.04899999999999,1000000,2140000.1049
24.06.2021 00:30:28.990,111.054,111.052,3450000.0477,1000000
24.06.2021 00:30:29.091,111.05600000000001,111.052,3849999.9046,1500000
24.06.2021 00:30:29.194,111.05600000000001,111.052,2140000.1049,1950000.0477
24.06.2021 00:30:30.921,111.05600000000001,111.052,1000000,2289999.9619
24.06.2021 00:30:31.805,111.05700000000002,111.053,1389999.9857,1200000.0477
24.06.2021 00:30:34.584,111.05700000000002,111.053,3039999.9619,1000000
24.06.2021 00:30:36.600,111.05700000000002,111.052,3039999.9619,1389999.9857
24.06.2021 00:30:44.151,111.05700000000002,111.052,2140000.1049,2289999.9619
24.06.2021 00:30:44.270,111.059,111.05600000000001,1500000,2140000.1049
24.06.2021 00:30:44.371,111.061,111.05700000000002,2140000.1049,1389999.9857
24.06.2021 00:30:45.826,111.059,111.05600000000001,1820000.0525,1120000.0048
24.06.2021 00:30:45.927,111.05700000000002,111.053,1000000,1500000
24.06.2021 00:30:46.028,111.05600000000001,111.053,1000000,1250000
24.06.2021 00:30:50.210,111.05600000000001,111.052,1389999.9857,1009999.9905
24.06.2021 00:30:50.312,111.055,111.051,1250000,2160000.0858
24.06.2021 00:30:51.270,111.055,111.051,2140000.1049,2509999.9905
24.06.2021 00:30:51.422,111.055,111.051,1500000,3910000.0858
24.06.2021 00:30:51.725,111.05700000000002,111.052,2660000.0858,1759999.9905
24.06.2021 00:30:51.843,111.05700000000002,111.052,2509999.9905,2160000.0858
24.06.2021 00:30:57.034,111.05700000000002,111.052,2660000.0858,1759999.9905
24.06.2021 00:31:05.277,111.05700000000002,111.052,1500000,4039999.9619
24.06.2021 00:31:05.646,111.05799999999999,111.055,1200000.0477,1250000
24.06.2021 00:31:05.748,111.06,111.054,1950000.0477,1759999.9905
24.06.2021 00:31:05.849,111.061,111.05700000000002,2700000.0477,1389999.9857
24.06.2021 00:31:05.950,111.061,111.05700000000002,1500000,1850000.0238
24.06.2021 00:31:06.152,111.061,111.05700000000002,1000000,4159999.8474
24.06.2021 00:31:08.434,111.061,111.05700000000002,1100000.0238,4010000.2289
24.06.2021 00:31:32.958,111.06200000000001,111.05799999999999,1759999.9905,1950000.0477
24.06.2021 00:31:33.212,111.061,111.05799999999999,1100000.0238,1500000
24.06.2021 00:31:38.805,111.061,111.05700000000002,1570000.0525,2890000.1049
24.06.2021 00:32:01.570,111.06,111.05700000000002,1000000,1389999.9857
24.06.2021 00:32:01.672,111.05799999999999,111.055,1009999.9905,2000000
24.06.2021 00:32:01.775,111.05600000000001,111.052,1759999.9905,3259999.9905
24.06.2021 00:32:01.978,111.052,111.04899999999999,1000000,5139999.8665
24.06.2021 00:32:02.131,111.051,111.048,1570000.0525,1250000
24.06.2021 00:32:02.709,111.051,111.04700000000001,2319999.9332,2059999.9428
24.06.2021 00:32:03.399,111.05,111.04700000000001,1000000,1000000
24.06.2021 00:32:08.435,111.05,111.046,1500000,1309999.9428
24.06.2021 00:32:18.234,111.05,111.045,1950000.0477,4309999.9428
24.06.2021 00:32:19.846,111.05,111.045,1500000,4440000.0572
24.06.2021 00:32:23.444,111.04899999999999,111.045,1000000,2849999.9046
24.06.2021 00:32:23.495,111.04700000000001,111.04299999999999,1200000.0477,3710000.0381
24.06.2021 00:32:23.647,111.045,111.04100000000001,1000000,3289999.9619
24.06.2021 00:32:23.753,111.044,111.04100000000001,1000000,1009999.9905
24.06.2021 00:32:23.905,111.044,111.039,1389999.9857,3470000.0286
24.06.2021 00:32:24.006,111.04299999999999,111.039,1000000,2289999.9619
24.06.2021 00:32:24.107,111.04299999999999,111.039,1200000.0477,2140000.1049
24.06.2021 00:32:24.619,111.04299999999999,111.039,1000000,2539999.9619
24.06.2021 00:32:24.720,111.04299999999999,111.04,1000000,1450000.0477
24.06.2021 00:32:24.821,111.044,111.04100000000001,1000000,1450000.0477
24.06.2021 00:32:24.923,111.045,111.04100000000001,1000000,2349999.9046
24.06.2021 00:32:25.024,111.045,111.04200000000002,1000000,2099999.9046
24.06.2021 00:32:25.597,111.046,111.04200000000002,1500000,2099999.9046
24.06.2021 00:32:25.698,111.046,111.04200000000002,1000000,4409999.8474
24.06.2021 00:32:26.924,111.04700000000001,111.04299999999999,1000000,3910000.0858
24.06.2021 00:32:28.183,111.048,111.04299999999999,1000000,2160000.0858
24.06.2021 00:32:28.284,111.04700000000001,111.044,1000000,2039999.9619
24.06.2021 00:32:30.179,111.04700000000001,111.04299999999999,1000000,4469999.7902
24.06.2021 00:32:30.331,111.048,111.04100000000001,2140000.1049,2349999.9046
24.06.2021 00:32:30.433,111.044,111.04100000000001,1000000,1450000.0477
24.06.2021 00:32:30.484,111.04299999999999,111.04,1000000,1950000.0477
24.06.2021 00:32:30.586,111.04299999999999,111.039,1100000.0238,2509999.9905
24.06.2021 00:32:30.689,111.04299999999999,111.04,1100000.0238,1000000
24.06.2021 00:32:30.791,111.044,111.04,2319999.9332,1389999.9857
24.06.2021 00:32:30.842,111.044,111.04100000000001,1500000,2200000.0477
24.06.2021 00:32:30.944,111.045,111.04200000000002,1100000.0238,1250000
24.06.2021 00:32:31.046,111.046,111.04200000000002,1570000.0525,2390000.1049
24.06.2021 00:32:32.472,111.046,111.04200000000002,1970000.0286,1250000
24.06.2021 00:32:37.249,111.044,111.04100000000001,1000000,1389999.9857
24.06.2021 00:32:40.291,111.04299999999999,111.04,1100000.0238,1000000
24.06.2021 00:32:42.109,111.044,111.04,2319999.9332,3140000.1049
24.06.2021 00:32:42.212,111.045,111.04100000000001,1570000.0525,2950000.0477
24.06.2021 00:32:42.314,111.046,111.04200000000002,2319999.9332,2200000.0477
24.06.2021 00:32:47.683,111.045,111.04200000000002,1000000,3140000.1049
24.06.2021 00:32:47.785,111.046,111.04100000000001,1000000,1389999.9857
24.06.2021 00:32:53.624,111.046,111.04200000000002,1100000.0238,2140000.1049
24.06.2021 00:33:00.224,111.048,111.044,3069999.9332,2890000.1049
24.06.2021 00:33:03.841,111.04899999999999,111.044,1570000.0525,1000000
24.06.2021 00:33:03.942,111.04899999999999,111.045,1570000.0525,1950000.0477
24.06.2021 00:33:11.540,111.04899999999999,111.046,1100000.0238,1000000
24.06.2021 00:33:22.894,111.051,111.045,1000000,3640000.1049
24.06.2021 00:33:27.091,111.051,111.04700000000001,2700000.0477,1000000
24.06.2021 00:33:30.718,111.05,111.04700000000001,1000000,1690000.0572
24.06.2021 00:33:35.119,111.04899999999999,111.046,1100000.0238,2440000.0572
24.06.2021 00:33:38.057,111.048,111.045,1570000.0525,1690000.0572
24.06.2021 00:33:38.160,111.048,111.044,2319999.9332,2140000.1049
24.06.2021 00:33:38.313,111.048,111.045,1570000.0525,1690000.0572
24.06.2021 00:33:39.678,111.05,111.045,2319999.9332,1250000
24.06.2021 00:33:40.033,111.05,111.04700000000001,2319999.9332,1250000
24.06.2021 00:33:41.888,111.05,111.04700000000001,1570000.0525,1750000
24.06.2021 00:33:47.028,111.04899999999999,111.046,1000000,2890000.1049
24.06.2021 00:33:47.130,111.04899999999999,111.046,1100000.0238,2500000
24.06.2021 00:33:47.656,111.04899999999999,111.046,1570000.0525,1690000.0572
24.06.2021 00:33:48.366,111.04899999999999,111.04700000000001,1570000.0525,1250000
24.06.2021 00:33:53.921,111.05,111.04700000000001,2319999.9332,1250000
24.06.2021 00:33:58.393,111.05,111.048,1570000.0525,1250000
24.06.2021 00:33:59.483,111.05,111.04700000000001,1100000.0238,1690000.0572
24.06.2021 00:34:02.858,111.04899999999999,111.04700000000001,1759999.9905,1000000
24.06.2021 00:34:03.231,111.04899999999999,111.046,1500000,1200000.0477
24.06.2021 00:34:03.985,111.04700000000001,111.045,1100000.0238,1000000
24.06.2021 00:34:04.086,111.04700000000001,111.044,1100000.0238,1000000
24.06.2021 00:34:04.238,111.04700000000001,111.04200000000002,1100000.0238,1000000
24.06.2021 00:34:04.340,111.045,111.04200000000002,1000000,2140000.1049
24.06.2021 00:34:28.589,111.046,111.04200000000002,2319999.9332,2140000.1049
24.06.2021 00:34:32.046,111.04700000000001,111.044,1000000,1389999.9857
24.06.2021 00:34:32.147,111.048,111.044,1500000,3789999.9619
24.06.2021 00:34:33.622,111.05,111.046,3069999.9332,3140000.1049
24.06.2021 00:34:38.090,111.051,111.04700000000001,3069999.9332,3140000.1049
24.06.2021 00:34:44.167,111.051,111.04700000000001,2509999.9905,2890000.1049
24.06.2021 00:34:45.997,111.05,111.046,1000000,4039999.9619
24.06.2021 00:34:46.099,111.04899999999999,111.045,2509999.9905,1200000.0477
24.06.2021 00:34:50.994,111.048,111.044,1000000,4909999.8474
24.06.2021 00:34:57.440,111.048,111.044,1100000.0238,4760000.2289
24.06.2021 00:35:04.403,111.045,111.04299999999999,1000000,1120000.0048
24.06.2021 00:35:04.505,111.04700000000001,111.04100000000001,1570000.0525,1200000.0477
24.06.2021 00:35:04.607,111.045,111.04100000000001,1000000,4159999.8474
24.06.2021 00:35:04.810,111.046,111.04,1100000.0238,2890000.1049
24.06.2021 00:35:05.421,111.045,111.04100000000001,1000000,4599999.9046
24.06.2021 00:35:05.578,111.046,111.04200000000002,2319999.9332,2140000.1049
24.06.2021 00:35:11.857,111.04700000000001,111.044,1000000,2140000.1049
24.06.2021 00:35:11.959,111.048,111.045,1000000,2019999.9809
24.06.2021 00:35:12.062,111.05,111.045,1000000,2140000.1049
24.06.2021 00:35:12.928,111.05,111.046,1570000.0525,2890000.1049
24.06.2021 00:35:13.512,111.05,111.045,1100000.0238,1000000
24.06.2021 00:35:20.369,111.05,111.046,1570000.0525,2890000.1049
24.06.2021 00:35:21.268,111.05,111.04700000000001,1000000,2390000.1049
24.06.2021 00:35:21.369,111.051,111.04700000000001,1000000,3849999.9046
24.06.2021 00:35:31.024,111.051,111.04700000000001,1000000,3660000.0858
24.06.2021 00:35:31.227,111.051,111.04700000000001,1000000,3160000.0858
24.06.2021 00:35:32.490,111.052,111.04899999999999,2140000.1049,1000000
24.06.2021 00:35:32.592,111.053,111.05,1000000,1789999.9619
24.06.2021 00:35:32.694,111.055,111.051,2250000,2910000.0858
24.06.2021 00:35:32.796,111.055,111.052,1000000,1409999.9666
24.06.2021 00:35:34.625,111.05600000000001,111.053,1500000,1100000.0238
24.06.2021 00:35:47.132,111.055,111.051,1000000,2910000.0858
24.06.2021 00:36:02.083,111.05600000000001,111.051,1000000,2910000.0858
24.06.2021 00:36:10.399,111.05700000000002,111.054,2250000,1409999.9666
24.06.2021 00:36:10.500,111.05600000000001,111.054,1000000,1000000
24.06.2021 00:36:10.602,111.05600000000001,111.053,1000000,1100000.0238
24.06.2021 00:36:10.704,111.05600000000001,111.052,2890000.1049,1100000.0238
24.06.2021 00:36:11.631,111.05600000000001,111.052,1500000,2910000.0858
24.06.2021 00:36:16.406,111.05600000000001,111.052,2890000.1049,1570000.0525
24.06.2021 00:36:18.534,111.054,111.051,1690000.0572,1570000.0525
24.06.2021 00:36:18.687,111.053,111.05,1250000,2319999.9332
24.06.2021 00:36:22.510,111.052,111.048,2140000.1049,2509999.9905
24.06.2021 00:36:22.611,111.052,111.04899999999999,1389999.9857,1000000
24.06.2021 00:36:27.831,111.053,111.04899999999999,2890000.1049,1009999.9905
24.06.2021 00:36:32.079,111.053,111.04899999999999,2440000.0572,2160000.0858
24.06.2021 00:36:32.283,111.053,111.04899999999999,2140000.1049,4010000.2289
24.06.2021 00:36:36.013,111.053,111.04899999999999,2200000.0477,1100000.0238
24.06.2021 00:36:36.509,111.054,111.05,2440000.0572,2160000.0858
24.06.2021 00:36:36.662,111.055,111.051,2690000.0572,2720000.0286
24.06.2021 00:36:36.763,111.05600000000001,111.051,1250000,1220000.0286
24.06.2021 00:36:38.075,111.05700000000002,111.051,1250000,2160000.0858
24.06.2021 00:36:53.121,111.05700000000002,111.053,1000000,4409999.8474
24.06.2021 00:36:53.222,111.05700000000002,111.053,1000000,4539999.9619
24.06.2021 00:36:59.525,111.06,111.05600000000001,2440000.0572,2720000.0286
24.06.2021 00:36:59.627,111.06,111.05600000000001,1500000,3789999.9619
24.06.2021 00:37:01.749,111.06,111.05700000000002,2140000.1049,1000000
24.06.2021 00:37:01.851,111.059,111.05700000000002,1690000.0572,1000000
24.06.2021 00:37:02.210,111.06,111.054,2140000.1049,2319999.9332
24.06.2021 00:37:02.459,111.059,111.055,1500000,2910000.0858
24.06.2021 00:37:04.401,111.059,111.055,1570000.0525,2140000.1049
24.06.2021 00:37:11.596,111.059,111.055,1970000.0286,1690000.0572
24.06.2021 00:37:21.540,111.05700000000002,111.054,1409999.9666,1500000
24.06.2021 00:37:21.641,111.05600000000001,111.053,1009999.9905,1500000
24.06.2021 00:37:21.843,111.05600000000001,111.052,1570000.0525,1200000.0477
24.06.2021 00:37:34.761,111.05600000000001,111.052,1500000,1409999.9666
24.06.2021 00:37:59.268,111.05600000000001,111.052,1759999.9905,1200000.0477
24.06.2021 00:38:01.997,111.05700000000002,111.051,2569999.9332,1200000.0477
24.06.2021 00:38:08.576,111.055,111.051,1820000.0525,3450000.0477
24.06.2021 00:38:12.933,111.05600000000001,111.052,3720000.0286,1000000
24.06.2021 00:38:30.971,111.05799999999999,111.054,1000000,1000000
24.06.2021 00:38:31.072,111.059,111.05700000000002,1250000,1000000
24.06.2021 00:38:33.440,111.059,111.05700000000002,2569999.9332,1000000
24.06.2021 00:38:33.542,111.05799999999999,111.055,1009999.9905,1500000
24.06.2021 00:38:38.634,111.059,111.05600000000001,1250000,2700000.0477
24.06.2021 00:38:38.736,111.061,111.05799999999999,1250000,1950000.0477
24.06.2021 00:38:41.587,111.06200000000001,111.059,1250000,1200000.0477
24.06.2021 00:38:44.321,111.064,111.05799999999999,1750000,2720000.0286
24.06.2021 00:38:44.524,111.064,111.06200000000001,1690000.0572,1100000.0238
24.06.2021 00:38:44.576,111.06299999999999,111.06,1000000,1100000.0238
24.06.2021 00:39:00.656,111.06200000000001,111.059,1250000,1100000.0238
24.06.2021 00:39:00.862,111.061,111.05799999999999,1250000,2319999.9332
24.06.2021 00:39:01.892,111.061,111.05799999999999,1250000,1970000.0286
24.06.2021 00:39:04.098,111.061,111.05799999999999,1250000,1570000.0525
24.06.2021 00:39:04.304,111.06200000000001,111.05799999999999,1690000.0572,1970000.0286
24.06.2021 00:39:05.795,111.06200000000001,111.05799999999999,1000000,2470000.0286
24.06.2021 00:39:05.897,111.06200000000001,111.05799999999999,1690000.0572,2720000.0286
24.06.2021 00:39:16.281,111.06,111.05700000000002,1250000,3470000.0286
24.06.2021 00:39:16.331,111.061,111.05700000000002,3190000.0572,3470000.0286
24.06.2021 00:39:16.483,111.06,111.05700000000002,1250000,1970000.0286
24.06.2021 00:39:16.585,111.059,111.05600000000001,1250000,2720000.0286
24.06.2021 00:39:16.686,111.06,111.055,1250000,1570000.0525
24.06.2021 00:39:33.191,111.05799999999999,111.05600000000001,1250000,1000000
24.06.2021 00:39:33.293,111.059,111.05600000000001,2890000.1049,1000000
24.06.2021 00:39:33.394,111.059,111.055,3640000.1049,1570000.0525
24.06.2021 00:39:48.680,111.059,111.054,1250000,1570000.0525
24.06.2021 00:40:00.251,111.06,111.055,2509999.9905,1500000
24.06.2021 00:40:00.707,111.06,111.05600000000001,3259999.9905,1200000.0477
24.06.2021 00:40:04.554,111.06,111.05700000000002,1000000,2700000.0477
24.06.2021 00:40:04.655,111.06299999999999,111.05600000000001,3720000.0286,6820000.1717
24.06.2021 00:40:04.807,111.06200000000001,111.05799999999999,2970000.0286,1000000
24.06.2021 00:40:05.872,111.06299999999999,111.059,2319999.9332,1570000.0525
24.06.2021 00:40:05.974,111.06299999999999,111.059,2160000.0858,1000000
24.06.2021 00:40:06.076,111.06299999999999,111.059,1759999.9905,1200000.0477
24.06.2021 00:40:06.178,111.06299999999999,111.059,2160000.0858,1000000
24.06.2021 00:40:07.025,111.06299999999999,111.059,1759999.9905,1200000.0477
24.06.2021 00:40:11.284,111.06200000000001,111.059,1250000,1950000.0477
24.06.2021 00:40:11.385,111.06299999999999,111.059,2220000.0286,1000000
24.06.2021 00:40:11.486,111.06299999999999,111.05799999999999,2970000.0286,2700000.0477
24.06.2021 00:40:12.971,111.06299999999999,111.05799999999999,2569999.9332,6599999.9046
24.06.2021 00:40:14.356,111.06299999999999,111.05799999999999,2970000.0286,3450000.0477
24.06.2021 00:40:15.153,111.06299999999999,111.059,2970000.0286,1000000
24.06.2021 00:40:16.500,111.06,111.05799999999999,1350000.0238,1000000
24.06.2021 00:40:16.602,111.059,111.05600000000001,1759999.9905,1000000
24.06.2021 00:40:16.653,111.05799999999999,111.05600000000001,1250000,1000000
24.06.2021 00:40:16.755,111.05799999999999,111.055,1250000,2700000.0477
24.06.2021 00:40:18.408,111.059,111.055,2970000.0286,2250000
24.06.2021 00:40:18.611,111.06,111.054,1759999.9905,2700000.0477
24.06.2021 00:40:18.712,111.059,111.05600000000001,1009999.9905,1000000
24.06.2021 00:40:45.861,111.06,111.05700000000002,1470000.0286,1000000
24.06.2021 00:40:45.963,111.061,111.05799999999999,1350000.0238,1000000
24.06.2021 00:40:46.064,111.06299999999999,111.05700000000002,3720000.0286,1000000
24.06.2021 00:41:06.529,111.06200000000001,111.05799999999999,1570000.0525,2890000.1049
24.06.2021 00:41:06.630,111.06200000000001,111.06,1000000,1000000
24.06.2021 00:41:10.282,111.06299999999999,111.06,1100000.0238,1000000
24.06.2021 00:41:13.448,111.064,111.06200000000001,2910000.0858,1000000
24.06.2021 00:41:13.886,111.064,111.06200000000001,2509999.9905,1000000
24.06.2021 00:41:16.351,111.066,111.06299999999999,2019999.9809,1100000.0238
24.06.2021 00:41:16.554,111.068,111.066,1950000.0477,1000000
24.06.2021 00:41:16.656,111.069,111.066,2140000.1049,1000000
24.06.2021 00:41:16.757,111.069,111.06700000000001,1250000,1000000
24.06.2021 00:41:17.175,111.07000000000001,111.066,1200000.0477,1759999.9905
24.06.2021 00:41:17.226,111.073,111.07100000000001,1870000.0048,1000000
24.06.2021 00:41:17.328,111.074,111.07100000000001,1500000,1100000.0238
24.06.2021 00:41:17.429,111.07600000000001,111.072,2140000.1049,1100000.0238
24.06.2021 00:41:17.531,111.07600000000001,111.07100000000001,3789999.9619,1759999.9905
24.06.2021 00:41:18.459,111.075,111.072,1200000.0477,1000000
24.06.2021 00:41:18.561,111.075,111.073,1000000,1000000
24.06.2021 00:41:18.662,111.074,111.072,1000000,1000000
24.06.2021 00:41:19.069,111.075,111.072,3450000.0477,1000000
24.06.2021 00:41:19.273,111.075,111.073,1500000,1000000
24.06.2021 00:41:19.425,111.075,111.072,1000000,1000000
24.06.2021 00:41:19.627,111.075,111.074,1000000,1000000
24.06.2021 00:41:21.937,111.075,111.072,1000000,1000000
24.06.2021 00:41:28.923,111.074,111.072,1000000,1000000
24.06.2021 00:41:29.948,111.075,111.072,2890000.1049,1000000
24.06.2021 00:41:30.149,111.074,111.072,1000000,1000000
24.06.2021 00:41:30.965,111.075,111.072,2890000.1049,1000000
24.06.2021 00:41:31.169,111.074,111.072,1000000,1000000
24.06.2021 00:41:32.738,111.075,111.072,2140000.1049,1500000
24.06.2021 00:41:32.940,111.074,111.072,1000000,1500000
24.06.2021 00:41:35.111,111.075,111.072,2140000.1049,1500000
24.06.2021 00:41:35.313,111.074,111.072,1000000,1500000
24.06.2021 00:41:36.015,111.075,111.072,1389999.9857,1000000
24.06.2021 00:41:36.689,111.075,111.073,1389999.9857,1000000
24.06.2021 00:41:37.711,111.075,111.072,1250000,1000000
24.06.2021 00:41:38.691,111.075,111.073,1690000.0572,1000000
24.06.2021 00:41:39.860,111.075,111.072,1690000.0572,1000000
24.06.2021 00:41:44.694,111.07600000000001,111.074,1009999.9905,1000000
24.06.2021 00:41:44.796,111.07600000000001,111.073,2140000.1049,1000000
24.06.2021 00:41:44.898,111.07600000000001,111.073,2950000.0477,1000000
24.06.2021 00:41:45.000,111.075,111.072,1000000,1570000.0525
24.06.2021 00:41:46.065,111.075,111.073,1000000,1000000
24.06.2021 00:41:51.437,111.07600000000001,111.073,1200000.0477,1000000
24.06.2021 00:41:59.408,111.07700000000001,111.073,1759999.9905,1570000.0525
24.06.2021 00:41:59.971,111.07799999999999,111.07600000000001,1759999.9905,1000000
24.06.2021 00:42:00.072,111.079,111.07700000000001,1389999.9857,1000000
24.06.2021 00:42:00.275,111.08,111.07700000000001,1389999.9857,1000000
24.06.2021 00:42:00.942,111.079,111.07700000000001,1250000,1000000
24.06.2021 00:42:02.570,111.07799999999999,111.07600000000001,1350000.0238,1000000
24.06.2021 00:42:02.722,111.07799999999999,111.075,1350000.0238,1000000
24.06.2021 00:42:02.823,111.07700000000001,111.074,1200000.0477,1500000
24.06.2021 00:42:03.938,111.07799999999999,111.074,1200000.0477,1000000
24.06.2021 00:42:15.210,111.07700000000001,111.074,1200000.0477,1500000
24.06.2021 00:42:17.121,111.07700000000001,111.073,3150000.0954,2319999.9332
24.06.2021 00:42:17.223,111.07600000000001,111.073,1000000,2319999.9332
24.06.2021 00:42:17.405,111.07700000000001,111.073,3150000.0954,2319999.9332
24.06.2021 00:42:17.728,111.07600000000001,111.073,1000000,2319999.9332
24.06.2021 00:42:27.329,111.07700000000001,111.073,1500000,2720000.0286
24.06.2021 00:42:31.666,111.07700000000001,111.073,1200000.0477,2319999.9332
24.06.2021 00:42:31.818,111.07600000000001,111.072,1250000,3099999.9046
24.06.2021 00:42:34.788,111.07700000000001,111.073,2140000.1049,1570000.0525
