Gmt time,Ask,Bid,AskVolume,BidVolume
24.06.2021 00:00:00.115,3.7991300000000003,3.79492,1000000,1000000
24.06.2021 00:00:02.286,3.79906,3.7949100000000002,1000000,1000000
24.06.2021 00:00:02.567,3.79982,3.7949100000000002,1500000,1000000
24.06.2021 00:00:02.906,3.79982,3.7949100000000002,1500000,1000000
24.06.2021 00:00:03.623,3.79982,3.7949100000000002,1500000,1000000
24.06.2021 00:00:04.308,3.79982,3.7949100000000002,1500000,1000000
24.06.2021 00:00:05.481,3.79982,3.7949100000000002,1500000,1000000
24.06.2021 00:00:05.556,3.79982,3.7949100000000002,1500000,1000000
24.06.2021 00:00:05.656,3.79962,3.79492,1000000,1000000
24.06.2021 00:00:06.231,3.79982,3.7949100000000002,1500000,1000000
24.06.2021 00:00:08.146,3.79967,3.7950300000000006,1500000,1000000
24.06.2021 00:00:12.527,3.79966,3.79504,1500000,1000000
24.06.2021 00:00:12.578,3.79967,3.7950300000000006,1500000,1000000
24.06.2021 00:00:21.814,3.7994800000000004,3.7948300000000006,1500000,1000000
24.06.2021 00:00:22.527,3.79945,3.7948300000000006,1000000,1000000
24.06.2021 00:00:23.020,3.7988000000000004,3.79484,1000000,1000000
24.06.2021 00:00:24.123,3.79881,3.7948300000000006,1500000,1000000
24.06.2021 00:00:28.115,3.7989800000000007,3.79492,1500000,1000000
24.06.2021 00:00:34.780,3.79876,3.7949100000000002,1500000,1000000
24.06.2021 00:00:37.292,3.79884,3.79469,1000000,1000000
24.06.2021 00:00:37.443,3.79884,3.79469,1000000,1000000
24.06.2021 00:01:00.285,3.7986400000000002,3.79469,1500000,1000000
24.06.2021 00:01:00.603,3.79872,3.79469,1000000,1000000
24.06.2021 00:01:02.678,3.7987400000000004,3.79469,1500000,1000000
24.06.2021 00:01:10.332,3.7987400000000004,3.79469,1500000,1000000
24.06.2021 00:01:14.291,3.79866,3.79469,1500000,1000000
24.06.2021 00:01:16.770,3.79866,3.79469,1500000,1000000
24.06.2021 00:01:19.048,3.79866,3.7948800000000005,1500000,1000000
24.06.2021 00:01:19.099,3.79875,3.7948800000000005,1000000,1000000
24.06.2021 00:01:19.347,3.7987800000000003,3.7948800000000005,1500000,1000000
24.06.2021 00:01:19.448,3.79901,3.7948900000000005,1500000,1000000
24.06.2021 00:01:19.558,3.79911,3.7950800000000005,1500000,1000000
24.06.2021 00:01:21.534,3.79911,3.7950800000000005,1500000,1000000
24.06.2021 00:01:21.584,3.79916,3.79486,1500000,1000000
24.06.2021 00:01:22.224,3.7989400000000004,3.79432,1500000,1000000
24.06.2021 00:01:22.275,3.7989300000000004,3.7943300000000004,1000000,1000000
24.06.2021 00:01:29.835,3.7989400000000004,3.7945800000000003,1000000,1000000
24.06.2021 00:01:32.572,3.7990300000000006,3.7945900000000004,1000000,1000000
24.06.2021 00:01:35.481,3.79904,3.79432,1000000,1000000
24.06.2021 00:01:35.831,3.7990300000000006,3.7943300000000004,1500000,1000000
24.06.2021 00:01:36.806,3.79904,3.79432,1000000,1000000
24.06.2021 00:01:42.571,3.7989699999999997,3.79432,1000000,1000000
24.06.2021 00:01:42.771,3.79896,3.79432,1000000,1000000
24.06.2021 00:01:44.327,3.7989300000000004,3.7943300000000004,1000000,1000000
24.06.2021 00:01:49.943,3.7989300000000004,3.79432,1000000,1000000
24.06.2021 00:01:50.784,3.79892,3.79432,1000000,1000000
24.06.2021 00:01:52.529,3.7989400000000004,3.79432,1000000,1000000
24.06.2021 00:01:54.629,3.79895,3.79432,1000000,1000000
24.06.2021 00:01:57.112,3.79896,3.79432,1000000,1000000
24.06.2021 00:01:59.985,3.7989699999999997,3.79432,1000000,1000000
24.06.2021 00:02:00.129,3.7989800000000007,3.79432,1000000,1000000
24.06.2021 00:02:02.528,3.79911,3.79432,1000000,1000000
24.06.2021 00:02:02.579,3.79915,3.7943300000000004,1500000,1000000
24.06.2021 00:02:03.037,3.79916,3.79432,1000000,1000000
24.06.2021 00:02:03.102,3.79915,3.79462,1000000,1000000
24.06.2021 00:02:03.153,3.7993800000000006,3.79462,1000000,1000000
24.06.2021 00:02:03.756,3.79952,3.79462,1500000,1000000
24.06.2021 00:02:03.857,3.7995300000000003,3.79461,1500000,1000000
24.06.2021 00:02:03.958,3.7999199999999997,3.79462,1500000,1000000
24.06.2021 00:02:04.008,3.7999300000000003,3.79461,1500000,1000000
24.06.2021 00:02:04.487,3.79945,3.79461,1000000,1000000
24.06.2021 00:02:05.003,3.7995400000000004,3.79461,1500000,1000000
24.06.2021 00:02:05.539,3.79945,3.79461,1000000,1000000
24.06.2021 00:02:06.080,3.7993400000000004,3.79461,1000000,1000000
24.06.2021 00:02:06.612,3.79931,3.79462,1000000,1000000
24.06.2021 00:02:07.169,3.7992900000000005,3.79462,1000000,1000000
24.06.2021 00:02:09.630,3.79926,3.79461,1000000,1000000
24.06.2021 00:02:09.826,3.7991900000000003,3.79462,1000000,1000000
24.06.2021 00:02:10.630,3.7991900000000003,3.79461,1000000,1000000
24.06.2021 00:02:11.826,3.7991800000000007,3.79461,1000000,1000000
24.06.2021 00:02:12.529,3.79922,3.79461,1000000,1000000
24.06.2021 00:02:12.630,3.7993300000000003,3.79462,1000000,1000000
24.06.2021 00:02:17.110,3.7993400000000004,3.79461,1500000,1000000
24.06.2021 00:02:25.561,3.79907,3.79461,1000000,1000000
24.06.2021 00:02:26.632,3.79904,3.79461,1000000,1000000
24.06.2021 00:02:32.529,3.7991400000000004,3.79461,1000000,1000000
24.06.2021 00:02:43.133,3.7991300000000003,3.79487,1000000,1000000
24.06.2021 00:02:52.574,3.7993400000000004,3.79486,1000000,1000000
24.06.2021 00:03:20.385,3.79946,3.79486,1500000,1000000
24.06.2021 00:03:24.411,3.79944,3.79486,1000000,1000000
24.06.2021 00:03:25.635,3.7994300000000005,3.79486,1000000,1000000
24.06.2021 00:03:26.046,3.79942,3.79486,1000000,1000000
24.06.2021 00:03:28.491,3.79941,3.79487,1500000,1000000
24.06.2021 00:03:32.604,3.79935,3.79486,1500000,1000000
24.06.2021 00:03:39.935,3.79935,3.79486,1120000.0048,1000000
24.06.2021 00:03:43.991,3.7996000000000003,3.79486,1500000,1000000
24.06.2021 00:03:44.042,3.7993800000000006,3.79486,1000000,1000000
24.06.2021 00:03:44.142,3.79945,3.79486,1120000.0048,1000000
24.06.2021 00:03:44.684,3.79941,3.79486,1000000,1000000
24.06.2021 00:03:44.734,3.79944,3.79486,1000000,1000000
24.06.2021 00:03:46.059,3.79946,3.79486,1000000,1000000
24.06.2021 00:03:46.514,3.7994900000000005,3.79486,1000000,1000000
24.06.2021 00:03:46.690,3.7995,3.79486,1000000,1000000
24.06.2021 00:03:47.318,3.7995,3.79486,1500000,1000000
24.06.2021 00:03:49.777,3.79945,3.79486,1500000,1500000
24.06.2021 00:03:51.079,3.79935,3.79486,1500000,1500000
24.06.2021 00:03:51.277,3.79935,3.79486,1500000,1500000
24.06.2021 00:03:55.963,3.79942,3.79486,1500000,1500000
24.06.2021 00:04:03.246,3.79942,3.79486,1500000,1500000
24.06.2021 00:04:07.298,3.79942,3.79486,1500000,1500000
24.06.2021 00:04:10.809,3.79936,3.79487,1500000,1500000
24.06.2021 00:04:11.065,3.79926,3.79487,1500000,1500000
24.06.2021 00:04:11.559,3.79926,3.79487,1500000,1000000
24.06.2021 00:04:11.992,3.79887,3.79486,1500000,1500000
24.06.2021 00:04:12.291,3.79887,3.79486,1500000,1500000
24.06.2021 00:04:13.292,3.79887,3.79486,1500000,1500000
24.06.2021 00:04:13.710,3.7989699999999997,3.79486,1500000,1500000
24.06.2021 00:04:24.893,3.79916,3.79516,1500000,1500000
24.06.2021 00:04:25.110,3.79927,3.79515,1500000,1500000
24.06.2021 00:04:27.295,3.7993400000000004,3.79515,1500000,1500000
24.06.2021 00:04:29.220,3.79946,3.79516,1500000,1500000
24.06.2021 00:04:29.354,3.79946,3.79516,1500000,1500000
24.06.2021 00:04:34.049,3.79926,3.79531,1500000,1500000
24.06.2021 00:04:34.265,3.79916,3.79531,1500000,1500000
24.06.2021 00:04:34.502,3.79932,3.7953,1500000,1500000
24.06.2021 00:04:34.804,3.79932,3.7953,1500000,1500000
24.06.2021 00:04:35.885,3.79922,3.7953,1500000,1500000
24.06.2021 00:04:39.030,3.79922,3.79515,1500000,1500000
24.06.2021 00:04:44.758,3.79907,3.79515,1500000,1500000
24.06.2021 00:04:56.531,3.79907,3.7952300000000005,1500000,1500000
24.06.2021 00:04:57.136,3.79907,3.7952300000000005,1500000,1500000
24.06.2021 00:04:57.342,3.79886,3.7950800000000005,1500000,1000000
24.06.2021 00:04:57.419,3.79887,3.79481,1500000,1500000
24.06.2021 00:04:57.520,3.79867,3.79481,1500000,1500000
24.06.2021 00:04:57.700,3.79867,3.79481,1500000,1500000
24.06.2021 00:04:58.899,3.79866,3.79482,1500000,1500000
24.06.2021 00:04:59.088,3.79867,3.79481,1500000,1500000
24.06.2021 00:05:02.550,3.79867,3.79481,1500000,1500000
24.06.2021 00:05:09.267,3.79857,3.79481,1500000,1500000
24.06.2021 00:05:09.467,3.79857,3.79481,1500000,1500000
24.06.2021 00:05:10.724,3.79862,3.79481,1500000,1500000
24.06.2021 00:05:18.522,3.79861,3.79482,1500000,1500000
24.06.2021 00:05:19.758,3.79862,3.79481,1500000,1500000
24.06.2021 00:05:19.963,3.79862,3.79481,1500000,1500000
24.06.2021 00:05:20.017,3.79862,3.79481,1500000,1500000
24.06.2021 00:05:24.674,3.79862,3.79481,1500000,1500000
24.06.2021 00:05:31.863,3.79872,3.79486,1500000,1500000
24.06.2021 00:05:37.993,3.79882,3.79502,1500000,1500000
24.06.2021 00:05:38.976,3.79882,3.79502,1500000,1500000
24.06.2021 00:05:40.055,3.79882,3.79502,1500000,1500000
24.06.2021 00:05:54.156,3.79881,3.7950300000000006,1500000,1500000
24.06.2021 00:05:54.399,3.7989100000000002,3.79522,1500000,1500000
24.06.2021 00:05:54.606,3.79902,3.79521,1500000,1500000
24.06.2021 00:05:54.761,3.79901,3.79522,1500000,1500000
24.06.2021 00:06:13.319,3.7989699999999997,3.79521,1500000,1500000
24.06.2021 00:06:18.021,3.7989699999999997,3.79521,1500000,1500000
24.06.2021 00:06:21.326,3.79902,3.79521,1500000,1500000
24.06.2021 00:06:23.187,3.79901,3.79522,1500000,1500000
24.06.2021 00:06:23.386,3.79896,3.79522,1500000,1500000
24.06.2021 00:06:24.100,3.7987699999999998,3.79521,1500000,1000000
24.06.2021 00:06:27.275,3.7987699999999998,3.79521,1500000,1000000
24.06.2021 00:06:31.879,3.79857,3.79502,1500000,1000000
24.06.2021 00:06:41.424,3.79857,3.79502,1500000,1000000
24.06.2021 00:06:44.041,3.79847,3.79486,1500000,1000000
24.06.2021 00:06:46.694,3.79852,3.7947900000000003,1500000,1000000
24.06.2021 00:06:46.795,3.79851,3.7948000000000004,1500000,1500000
24.06.2021 00:06:54.989,3.79852,3.7947900000000003,1500000,1000000
24.06.2021 00:07:08.498,3.79847,3.7947900000000003,1500000,1000000
24.06.2021 00:07:19.139,3.7982199999999997,3.7946300000000006,1500000,1500000
24.06.2021 00:07:19.190,3.7980199999999997,3.7946300000000006,1500000,1000000
24.06.2021 00:07:20.127,3.79806,3.7944199999999997,1500000,1000000
24.06.2021 00:07:22.983,3.79806,3.7944199999999997,1500000,1000000
24.06.2021 00:07:26.942,3.79812,3.79441,1500000,1500000
24.06.2021 00:07:28.399,3.79811,3.7944199999999997,1500000,1500000
24.06.2021 00:07:28.556,3.79806,3.7944199999999997,1500000,1000000
24.06.2021 00:07:29.001,3.79812,3.79441,1500000,1500000
24.06.2021 00:07:32.670,3.79807,3.79441,1500000,1000000
24.06.2021 00:07:46.604,3.7980199999999997,3.79441,1500000,1000000
24.06.2021 00:07:49.016,3.7980199999999997,3.79441,1500000,1000000
24.06.2021 00:07:49.273,3.7980199999999997,3.79441,1500000,1000000
24.06.2021 00:07:55.207,3.79797,3.79441,1500000,1000000
24.06.2021 00:07:55.359,3.79797,3.79441,1500000,1500000
24.06.2021 00:08:02.289,3.79801,3.7944199999999997,1500000,1500000
24.06.2021 00:08:02.441,3.7980199999999997,3.7947300000000004,1500000,1000000
24.06.2021 00:08:03.809,3.7982199999999997,3.7947300000000004,1500000,1000000
24.06.2021 00:08:09.766,3.7982199999999997,3.7947300000000004,1500000,1000000
24.06.2021 00:08:13.797,3.7982199999999997,3.7947300000000004,1500000,1000000
24.06.2021 00:08:53.205,3.79832,3.7947300000000004,1500000,1500000
24.06.2021 00:08:53.305,3.7984199999999997,3.79492,1500000,1000000
24.06.2021 00:08:53.406,3.7984199999999997,3.79492,1500000,1000000
24.06.2021 00:08:53.561,3.7984199999999997,3.79492,1500000,1000000
24.06.2021 00:09:00.316,3.7984199999999997,3.79492,1500000,1500000
24.06.2021 00:09:00.367,3.79851,3.7949300000000004,1500000,1500000
24.06.2021 00:09:02.122,3.79851,3.79516,1500000,1000000
24.06.2021 00:09:02.223,3.79852,3.79515,1500000,1000000
24.06.2021 00:09:31.399,3.79861,3.79516,1500000,1120000.0048
24.06.2021 00:09:33.003,3.79862,3.79515,1500000,1000000
24.06.2021 00:09:33.185,3.79861,3.79516,1500000,1000000
24.06.2021 00:09:38.925,3.79861,3.79516,1500000,1000000
24.06.2021 00:09:47.888,3.7987100000000003,3.79532,1500000,1000000
24.06.2021 00:09:48.089,3.79882,3.79531,1500000,1500000
24.06.2021 00:09:54.154,3.7987100000000003,3.79532,1500000,1000000
24.06.2021 00:10:02.077,3.79872,3.79531,1500000,1000000
24.06.2021 00:10:02.235,3.79872,3.79531,1500000,1000000
24.06.2021 00:10:08.614,3.79872,3.79531,1500000,1000000
24.06.2021 00:10:08.715,3.79861,3.7951,1500000,1500000
24.06.2021 00:10:08.864,3.79862,3.7950900000000005,1500000,1000000
24.06.2021 00:10:16.998,3.79862,3.7950900000000005,1500000,1000000
24.06.2021 00:10:18.000,3.79861,3.7951,1500000,1000000
24.06.2021 00:11:01.220,3.79851,3.7951,1500000,1500000
24.06.2021 00:11:01.409,3.79862,3.7950900000000005,1500000,1500000
24.06.2021 00:11:01.742,3.79862,3.7950900000000005,1500000,1500000
24.06.2021 00:11:17.869,3.79872,3.7953400000000004,1500000,1000000
24.06.2021 00:11:17.919,3.7987100000000003,3.79535,1500000,1000000
24.06.2021 00:11:28.614,3.79882,3.7953400000000004,1500000,1500000
24.06.2021 00:11:28.795,3.79881,3.79535,1500000,1500000
24.06.2021 00:11:28.845,3.79882,3.7953400000000004,1500000,1500000
24.06.2021 00:11:28.896,3.79882,3.7953400000000004,1500000,1500000
24.06.2021 00:11:29.803,3.79882,3.7953400000000004,1500000,1500000
24.06.2021 00:11:33.946,3.79881,3.79551,1500000,1000000
24.06.2021 00:11:34.055,3.79882,3.7955,1500000,1000000
24.06.2021 00:11:36.017,3.79892,3.7955,1500000,1000000
24.06.2021 00:11:36.199,3.79902,3.7956900000000005,1500000,1000000
24.06.2021 00:11:36.249,3.79901,3.7957,1500000,1000000
24.06.2021 00:11:36.649,3.79904,3.7956900000000005,1000000,1000000
24.06.2021 00:11:36.847,3.7990300000000006,3.7957,1000000,1500000
24.06.2021 00:11:43.733,3.79922,3.79585,1500000,1000000
24.06.2021 00:11:55.877,3.79922,3.79585,1500000,1000000
24.06.2021 00:11:56.277,3.79927,3.7960400000000005,1000000,1000000
24.06.2021 00:11:56.328,3.79927,3.7960400000000005,1000000,1000000
24.06.2021 00:12:00.936,3.79942,3.7960400000000005,1500000,1000000
24.06.2021 00:12:01.067,3.7995300000000003,3.7958300000000005,1000000,1500000
24.06.2021 00:12:02.447,3.7994900000000005,3.7957400000000003,1000000,1500000
24.06.2021 00:12:02.808,3.79952,3.7957400000000003,1000000,1500000
24.06.2021 00:12:03.163,3.7994800000000004,3.7959800000000006,1000000,1000000
24.06.2021 00:12:03.415,3.7994900000000005,3.79597,1000000,1500000
24.06.2021 00:12:07.811,3.79921,3.79582,1000000,1500000
24.06.2021 00:12:07.862,3.79921,3.79582,1500000,1500000
24.06.2021 00:12:08.063,3.79922,3.79562,1500000,1500000
24.06.2021 00:12:08.264,3.79921,3.7956300000000005,1500000,1500000
24.06.2021 00:12:08.465,3.79922,3.79562,1500000,1500000
24.06.2021 00:12:10.155,3.79931,3.7955300000000003,1000000,1500000
24.06.2021 00:12:11.766,3.79926,3.7957400000000003,1000000,1000000
24.06.2021 00:12:11.920,3.79926,3.7957400000000003,1000000,1500000
24.06.2021 00:12:18.922,3.7990900000000005,3.7957400000000003,1000000,1000000
24.06.2021 00:12:18.973,3.7990900000000005,3.79562,1000000,1000000
24.06.2021 00:12:19.104,3.7990800000000005,3.7956300000000005,1000000,1500000
24.06.2021 00:12:29.486,3.7992500000000002,3.79564,1000000,1000000
24.06.2021 00:12:29.642,3.7992500000000002,3.79564,1000000,1500000
24.06.2021 00:12:30.536,3.7992500000000002,3.79564,1000000,1500000
24.06.2021 00:12:34.109,3.7990900000000005,3.79564,1000000,1000000
24.06.2021 00:12:41.325,3.79906,3.79562,1000000,1000000
24.06.2021 00:12:50.282,3.79904,3.7956300000000005,1000000,1000000
24.06.2021 00:12:50.455,3.7990300000000006,3.7956300000000005,1000000,1000000
24.06.2021 00:12:51.877,3.7992000000000004,3.79562,1000000,1500000
24.06.2021 00:12:53.648,3.7991900000000003,3.7956900000000005,1000000,1000000
24.06.2021 00:12:56.230,3.79912,3.7956800000000004,1500000,1000000
24.06.2021 00:12:57.025,3.79911,3.7956900000000005,1500000,1000000
24.06.2021 00:13:01.689,3.79912,3.79565,1500000,1120000.0048
24.06.2021 00:13:19.132,3.79911,3.7956600000000003,1500000,1120000.0048
24.06.2021 00:13:40.564,3.79902,3.7954300000000005,1500000,1500000
24.06.2021 00:13:40.740,3.7990000000000004,3.7954300000000005,1000000,1500000
24.06.2021 00:13:48.702,3.79881,3.7954300000000005,1000000,1000000
24.06.2021 00:13:54.275,3.79881,3.7954300000000005,1000000,1000000
24.06.2021 00:14:01.267,3.7987800000000003,3.79544,1000000,1000000
24.06.2021 00:14:01.765,3.7987900000000003,3.7954300000000005,1000000,1000000
24.06.2021 00:14:02.025,3.79881,3.7954300000000005,1000000,1000000
24.06.2021 00:14:31.915,3.7989699999999997,3.7957400000000003,1500000,1000000
24.06.2021 00:14:31.965,3.79896,3.7954800000000004,1000000,1000000
24.06.2021 00:14:32.322,3.79896,3.7953800000000006,1000000,1500000
24.06.2021 00:14:41.335,3.79895,3.79521,1000000,1500000
24.06.2021 00:14:48.122,3.79892,3.79521,1000000,1500000
24.06.2021 00:14:48.374,3.7987699999999998,3.7949900000000003,1000000,1500000
24.06.2021 00:14:48.525,3.7986800000000005,3.7949900000000003,1000000,1500000
24.06.2021 00:14:57.699,3.79887,3.7951,1500000,1500000
24.06.2021 00:14:57.947,3.7989699999999997,3.7951,1500000,1500000
24.06.2021 00:15:00.523,3.79887,3.7951,1500000,1500000
24.06.2021 00:15:03.344,3.79887,3.7951,1500000,1500000
24.06.2021 00:15:03.497,3.79887,3.7951,1500000,1500000
24.06.2021 00:15:06.511,3.79887,3.7951,1500000,1500000
24.06.2021 00:15:06.760,3.7989699999999997,3.7951,1500000,1500000
24.06.2021 00:15:06.914,3.7989699999999997,3.7951,1500000,1500000
24.06.2021 00:15:07.116,3.7989699999999997,3.7951,1500000,1500000
24.06.2021 00:15:10.716,3.79886,3.79511,1500000,1500000
24.06.2021 00:15:10.919,3.7989699999999997,3.7951,1500000,1500000
24.06.2021 00:15:17.034,3.79886,3.79511,1500000,1500000
24.06.2021 00:15:19.188,3.79887,3.7951,1500000,1500000
24.06.2021 00:15:21.836,3.79886,3.79511,1500000,1500000
24.06.2021 00:15:22.043,3.79896,3.79511,1500000,1500000
24.06.2021 00:15:38.913,3.79884,3.7951,1000000,1500000
24.06.2021 00:15:58.469,3.7988900000000005,3.79511,1000000,1500000
24.06.2021 00:15:58.746,3.79892,3.7951,1000000,1500000
24.06.2021 00:16:04.578,3.79892,3.7951,1000000,1500000
24.06.2021 00:16:04.779,3.7988300000000006,3.79511,1000000,1500000
24.06.2021 00:16:13.511,3.7987900000000003,3.7951,1000000,1500000
24.06.2021 00:16:59.525,3.79872,3.7951,1000000,1500000
24.06.2021 00:16:59.673,3.79869,3.7951,1000000,1500000
24.06.2021 00:17:07.140,3.7986500000000003,3.7951,1000000,1000000
24.06.2021 00:17:18.017,3.79862,3.7951,1000000,1500000
24.06.2021 00:17:18.239,3.7986300000000006,3.79511,1000000,1000000
24.06.2021 00:17:18.941,3.79875,3.79511,1000000,1500000
24.06.2021 00:17:19.098,3.7988800000000005,3.7951,1000000,1500000
24.06.2021 00:17:19.258,3.79895,3.79511,1000000,1500000
24.06.2021 00:17:20.205,3.7989400000000004,3.7951,1000000,1500000
24.06.2021 00:17:22.597,3.7989400000000004,3.7951,1000000,1500000
24.06.2021 00:17:37.516,3.79887,3.79511,1000000,1500000
24.06.2021 00:17:44.955,3.79892,3.7951,1000000,1500000
24.06.2021 00:17:45.432,3.79892,3.7951,1000000,1500000
24.06.2021 00:17:58.190,3.7988900000000005,3.7951,1000000,1500000
24.06.2021 00:17:58.592,3.7987900000000003,3.7951,1000000,1500000
24.06.2021 00:18:15.265,3.7989400000000004,3.7951,1000000,1500000
24.06.2021 00:18:23.594,3.7988800000000005,3.7951,1000000,1500000
24.06.2021 00:18:30.886,3.79886,3.7951,1000000,1500000
24.06.2021 00:18:31.087,3.7988300000000006,3.79511,1000000,1500000
24.06.2021 00:18:31.290,3.79884,3.7951,1000000,1500000
24.06.2021 00:18:50.184,3.79892,3.7950800000000005,1000000,1500000
24.06.2021 00:18:56.859,3.7989699999999997,3.79502,1000000,1000000
24.06.2021 00:19:02.058,3.7989699999999997,3.79506,1000000,1000000
24.06.2021 00:19:15.128,3.79901,3.79506,1000000,1000000
24.06.2021 00:19:15.530,3.7989400000000004,3.7949900000000003,1000000,1620000.0048
24.06.2021 00:19:15.779,3.7989400000000004,3.79504,1000000,1000000
24.06.2021 00:19:18.366,3.7988000000000004,3.7949900000000003,1000000,1500000
24.06.2021 00:19:21.856,3.79881,3.7949900000000003,1000000,1500000
24.06.2021 00:19:30.241,3.79875,3.7949900000000003,1000000,1500000
24.06.2021 00:19:37.961,3.7985900000000004,3.7949900000000003,1000000,1500000
24.06.2021 00:19:46.567,3.79855,3.7948000000000004,1000000,1500000
24.06.2021 00:19:47.714,3.7985400000000005,3.79481,1000000,1500000
24.06.2021 00:19:47.915,3.7984300000000006,3.7948000000000004,1000000,1500000
24.06.2021 00:20:18.010,3.7984199999999997,3.79481,1000000,1500000
24.06.2021 00:20:23.525,3.79852,3.7948000000000004,1000000,1500000
24.06.2021 00:20:23.726,3.7984400000000003,3.7948000000000004,1000000,1500000
24.06.2021 00:20:32.650,3.7984199999999997,3.79461,1000000,1500000
24.06.2021 00:20:32.802,3.7983300000000004,3.79462,1000000,1500000
24.06.2021 00:20:35.455,3.79837,3.79462,1000000,1500000
24.06.2021 00:20:36.983,3.79841,3.79462,1000000,1500000
24.06.2021 00:20:45.966,3.79837,3.79461,1000000,1500000
24.06.2021 00:20:47.185,3.79831,3.79461,1000000,1500000
24.06.2021 00:20:50.733,3.7983900000000004,3.79461,1000000,1500000
24.06.2021 00:20:55.374,3.7984199999999997,3.79461,1000000,1500000
24.06.2021 00:20:59.543,3.79837,3.79462,1000000,1500000
24.06.2021 00:21:06.500,3.7984199999999997,3.79461,1000000,1500000
24.06.2021 00:21:06.721,3.79851,3.79461,1000000,1500000
24.06.2021 00:21:14.562,3.79846,3.79461,1000000,1500000
24.06.2021 00:21:20.370,3.7984400000000003,3.79461,1000000,1500000
24.06.2021 00:21:20.523,3.79846,3.79461,1000000,1500000
24.06.2021 00:21:22.230,3.7984500000000003,3.79461,1000000,1500000
24.06.2021 00:21:24.397,3.79862,3.79467,1000000,1000000
24.06.2021 00:21:28.171,3.7986400000000002,3.7947,1000000,1000000
24.06.2021 00:21:30.388,3.7987,3.7947900000000003,1000000,1000000
24.06.2021 00:21:31.555,3.79852,3.79462,1000000,1500000
24.06.2021 00:21:41.284,3.7985300000000004,3.79461,1000000,1500000
24.06.2021 00:21:54.413,3.7984500000000003,3.79461,1000000,1500000
24.06.2021 00:22:16.271,3.79856,3.79462,1500000,1500000
24.06.2021 00:22:25.476,3.79857,3.79461,1500000,1500000
24.06.2021 00:22:30.434,3.79857,3.79461,1500000,1500000
24.06.2021 00:22:35.353,3.79857,3.79461,1500000,1500000
24.06.2021 00:22:37.078,3.79856,3.79462,1500000,1500000
24.06.2021 00:22:59.138,3.79857,3.79461,1500000,1500000
24.06.2021 00:23:01.830,3.79846,3.79462,1500000,1500000
24.06.2021 00:23:04.411,3.7981800000000003,3.7943900000000004,1000000,1500000
24.06.2021 00:23:04.612,3.79812,3.7943900000000004,1000000,1500000
24.06.2021 00:23:09.462,3.79812,3.7943900000000004,1000000,1500000
24.06.2021 00:23:15.216,3.79812,3.7943900000000004,1000000,1500000
24.06.2021 00:23:18.556,3.7982500000000003,3.7943900000000004,1000000,1500000
24.06.2021 00:23:19.017,3.79827,3.7943900000000004,1000000,1500000
24.06.2021 00:23:26.156,3.79826,3.7943900000000004,1000000,1500000
24.06.2021 00:23:27.496,3.79827,3.7944,1000000,1500000
24.06.2021 00:24:34.419,3.79821,3.7943900000000004,1000000,1500000
24.06.2021 00:24:38.888,3.79821,3.7943900000000004,1000000,1500000
24.06.2021 00:24:48.401,3.79826,3.7943900000000004,1000000,1500000
24.06.2021 00:25:21.045,3.7983800000000003,3.79461,1000000,1500000
24.06.2021 00:25:26.153,3.7983800000000003,3.79461,1000000,1500000
24.06.2021 00:25:26.354,3.79826,3.79462,1000000,1500000
24.06.2021 00:25:30.785,3.7982400000000003,3.79462,1000000,1500000
24.06.2021 00:25:38.111,3.7981800000000003,3.7944300000000006,1000000,1500000
24.06.2021 00:25:39.714,3.7981300000000005,3.7944199999999997,1000000,1500000
24.06.2021 00:25:46.439,3.79811,3.7944199999999997,1000000,1500000
24.06.2021 00:25:49.446,3.79816,3.7944199999999997,1000000,1500000
24.06.2021 00:26:11.986,3.79811,3.7944199999999997,1000000,1500000
24.06.2021 00:26:12.157,3.79811,3.7944199999999997,1000000,1500000
24.06.2021 00:26:25.110,3.7980800000000006,3.7944199999999997,1000000,1500000
24.06.2021 00:26:25.310,3.7981000000000003,3.7944300000000006,1000000,1500000
24.06.2021 00:26:33.042,3.79826,3.7944199999999997,1000000,1500000
24.06.2021 00:26:33.239,3.7984300000000006,3.7944800000000005,1000000,1620000.0048
24.06.2021 00:26:37.528,3.79827,3.7944800000000005,1000000,1500000
24.06.2021 00:26:40.270,3.79827,3.7944800000000005,1000000,1500000
24.06.2021 00:26:45.684,3.7981800000000003,3.7944800000000005,1000000,1500000
24.06.2021 00:27:07.720,3.7981400000000005,3.7944800000000005,1000000,1500000
24.06.2021 00:27:07.918,3.7981400000000005,3.7944800000000005,1000000,1500000
24.06.2021 00:27:12.545,3.7981300000000005,3.79449,1000000,1500000
24.06.2021 00:27:12.726,3.7981400000000005,3.7944800000000005,1000000,1500000
24.06.2021 00:27:14.222,3.7981300000000005,3.79449,1000000,1500000
24.06.2021 00:27:15.272,3.7979800000000004,3.7944800000000005,1000000,1000000
24.06.2021 00:27:19.267,3.79801,3.7944800000000005,1000000,1000000
24.06.2021 00:27:23.791,3.79817,3.79441,1500000,1500000
24.06.2021 00:27:23.926,3.79816,3.7944199999999997,1500000,1500000
24.06.2021 00:27:26.285,3.7982500000000003,3.79441,1000000,1500000
24.06.2021 00:27:26.487,3.79837,3.7945400000000005,1000000,1500000
24.06.2021 00:27:26.587,3.7984300000000006,3.7945400000000005,1000000,1500000
24.06.2021 00:27:26.762,3.7984400000000003,3.7945699999999998,1000000,1000000
24.06.2021 00:27:38.232,3.7985300000000004,3.79455,1000000,1000000
24.06.2021 00:27:39.203,3.79847,3.79455,1000000,1620000.0048
24.06.2021 00:27:39.582,3.7985,3.7945400000000005,1000000,1500000
24.06.2021 00:27:40.736,3.79847,3.7945400000000005,1500000,1500000
24.06.2021 00:27:41.692,3.7984800000000005,3.7945400000000005,1000000,1500000
24.06.2021 00:27:42.538,3.79846,3.7945400000000005,1000000,1500000
24.06.2021 00:27:44.493,3.7984500000000003,3.7945400000000005,1000000,1500000
24.06.2021 00:27:44.694,3.7983800000000003,3.79455,1000000,1500000
24.06.2021 00:27:52.517,3.79835,3.7945400000000005,1000000,1500000
24.06.2021 00:27:53.620,3.7983300000000004,3.7945400000000005,1000000,1500000
24.06.2021 00:27:57.259,3.79841,3.79455,1000000,1500000
24.06.2021 00:27:57.422,3.7984500000000003,3.7945400000000005,1000000,1500000
24.06.2021 00:28:12.231,3.7984199999999997,3.79455,1000000,1500000
24.06.2021 00:28:12.432,3.7983800000000003,3.79455,1000000,1500000
24.06.2021 00:28:12.600,3.7983900000000004,3.7945400000000005,1000000,1500000
24.06.2021 00:28:14.244,3.79837,3.79455,1000000,1500000
24.06.2021 00:28:17.188,3.79837,3.79451,1000000,1500000
24.06.2021 00:28:17.559,3.79837,3.79451,1000000,1500000
24.06.2021 00:28:18.815,3.79855,3.7947800000000003,1000000,1500000
24.06.2021 00:28:19.433,3.7985400000000005,3.7947699999999998,1000000,1500000
24.06.2021 00:28:20.830,3.7985300000000004,3.7947800000000003,1000000,1500000
24.06.2021 00:28:21.229,3.7984199999999997,3.7947699999999998,1500000,1500000
24.06.2021 00:28:21.730,3.7984199999999997,3.7947699999999998,1500000,1500000
24.06.2021 00:28:22.135,3.7986400000000002,3.7947699999999998,1000000,1500000
24.06.2021 00:28:22.323,3.79861,3.7947699999999998,1000000,1500000
24.06.2021 00:28:22.873,3.7986300000000006,3.7947699999999998,1000000,1500000
24.06.2021 00:28:23.024,3.7986300000000006,3.7947699999999998,1000000,1500000
24.06.2021 00:28:23.157,3.79875,3.7947800000000003,1000000,1500000
24.06.2021 00:28:23.325,3.79876,3.7947800000000003,1000000,1000000
24.06.2021 00:28:25.893,3.79882,3.7949900000000003,1000000,1500000
24.06.2021 00:28:26.575,3.79892,3.7950800000000005,1000000,1500000
24.06.2021 00:28:29.589,3.7989,3.7950800000000005,1000000,1500000
24.06.2021 00:28:29.742,3.7988500000000003,3.7950900000000005,1000000,1500000
24.06.2021 00:28:36.705,3.79886,3.7950800000000005,1000000,1500000
24.06.2021 00:28:38.753,3.79876,3.7950900000000005,1000000,1500000
24.06.2021 00:28:48.752,3.79876,3.7950900000000005,1000000,1500000
24.06.2021 00:28:49.351,3.7987900000000003,3.7950900000000005,1000000,1500000
24.06.2021 00:28:49.576,3.7988900000000005,3.7950800000000005,1000000,1500000
24.06.2021 00:28:52.788,3.7988000000000004,3.7950800000000005,1000000,1500000
24.06.2021 00:28:56.032,3.7988000000000004,3.7950800000000005,1000000,1500000
24.06.2021 00:29:01.129,3.7987800000000003,3.7949300000000004,1000000,1500000
24.06.2021 00:29:01.365,3.79886,3.79492,1000000,1500000
24.06.2021 00:29:07.900,3.79887,3.79492,1000000,1500000
24.06.2021 00:29:16.182,3.7989900000000003,3.7951800000000007,1000000,1500000
24.06.2021 00:29:16.353,3.79896,3.7951800000000007,1000000,1500000
24.06.2021 00:29:22.794,3.79892,3.7951800000000007,1000000,1500000
24.06.2021 00:29:26.498,3.79892,3.7951800000000007,1000000,1500000
24.06.2021 00:29:27.042,3.79892,3.7951800000000007,1000000,1500000
24.06.2021 00:29:27.232,3.7989800000000007,3.7951800000000007,1000000,1500000
24.06.2021 00:29:27.972,3.79902,3.7951800000000007,1000000,1500000
24.06.2021 00:29:29.405,3.79906,3.7951800000000007,1000000,1500000
24.06.2021 00:29:29.621,3.7989300000000004,3.7951800000000007,1000000,1500000
24.06.2021 00:29:36.586,3.79892,3.7951800000000007,1000000,1500000
24.06.2021 00:29:52.103,3.79852,3.79506,1500000,1500000
24.06.2021 00:29:52.305,3.79852,3.79506,1500000,1000000
24.06.2021 00:29:54.197,3.7987900000000003,3.79504,1000000,1500000
24.06.2021 00:29:54.372,3.79881,3.7951400000000004,1500000,1500000
24.06.2021 00:29:56.324,3.79841,3.7950800000000005,1500000,1500000
24.06.2021 00:29:58.454,3.79861,3.7950800000000005,1000000,1000000
24.06.2021 00:30:00.336,3.79862,3.79502,1500000,1500000
24.06.2021 00:30:02.500,3.79832,3.79496,1000000,1000000
24.06.2021 00:30:02.554,3.79832,3.79504,1000000,1000000
24.06.2021 00:30:02.655,3.7982199999999997,3.79482,1500000,1000000
24.06.2021 00:30:04.065,3.79851,3.79482,1000000,1500000
24.06.2021 00:30:04.698,3.79821,3.7947400000000004,1500000,1500000
24.06.2021 00:30:04.859,3.7982199999999997,3.7947300000000004,1000000,1000000
24.06.2021 00:30:05.197,3.79821,3.7947400000000004,1500000,1500000
24.06.2021 00:30:05.560,3.79821,3.7947400000000004,1500000,1500000
24.06.2021 00:30:07.844,3.7982199999999997,3.7949100000000002,1500000,1000000
24.06.2021 00:30:07.894,3.79821,3.7948500000000003,1500000,1000000
24.06.2021 00:30:07.945,3.7982199999999997,3.79481,1500000,1000000
24.06.2021 00:30:08.019,3.7982199999999997,3.79481,1500000,1500000
24.06.2021 00:30:08.825,3.7982199999999997,3.7947400000000004,1500000,1500000
24.06.2021 00:30:09.067,3.7982199999999997,3.7947400000000004,1500000,1500000
24.06.2021 00:30:10.734,3.79855,3.7948300000000006,1500000,1500000
24.06.2021 00:30:10.885,3.79856,3.7948500000000003,1000000,1500000
24.06.2021 00:30:10.936,3.79855,3.79486,1000000,1500000
24.06.2021 00:30:12.722,3.79855,3.79506,1500000,1000000
24.06.2021 00:30:12.926,3.7991699999999997,3.79562,1500000,1000000
24.06.2021 00:30:12.977,3.79921,3.79561,1000000,1000000
24.06.2021 00:30:13.419,3.79941,3.7958400000000005,1500000,1000000
24.06.2021 00:30:14.897,3.79922,3.7958400000000005,1000000,1000000
24.06.2021 00:30:14.947,3.7989400000000004,3.79521,1000000,1000000
24.06.2021 00:30:14.998,3.79895,3.7952800000000004,1000000,1000000
24.06.2021 00:30:15.232,3.79901,3.7952800000000004,1000000,1000000
24.06.2021 00:30:15.498,3.7987100000000003,3.7952900000000005,1000000,1000000
24.06.2021 00:30:16.228,3.79872,3.79516,1000000,1000000
24.06.2021 00:30:16.999,3.79872,3.7955,1000000,1000000
24.06.2021 00:30:17.049,3.7990900000000005,3.7957199999999998,1000000,1000000
24.06.2021 00:30:17.100,3.7991,3.7959,1000000,1000000
24.06.2021 00:30:17.460,3.7993,3.7959,1000000,1000000
24.06.2021 00:30:18.092,3.79942,3.7959,1500000,1000000
24.06.2021 00:30:18.427,3.79945,3.7959,1500000,1000000
24.06.2021 00:30:18.576,3.7994000000000003,3.7959199999999997,1000000,1000000
24.06.2021 00:30:18.677,3.79942,3.79579,1500000,1000000
24.06.2021 00:30:19.169,3.79906,3.7953800000000006,1000000,1500000
24.06.2021 00:30:19.547,3.7989400000000004,3.7953800000000006,1000000,1000000
24.06.2021 00:30:20.130,3.7989400000000004,3.79532,1000000,1500000
24.06.2021 00:30:21.293,3.7988800000000005,3.7956800000000004,1000000,1000000
24.06.2021 00:30:21.394,3.79907,3.79591,1500000,1000000
24.06.2021 00:30:21.495,3.79912,3.79591,1500000,1000000
24.06.2021 00:30:22.115,3.79912,3.7960000000000003,1500000,1000000
24.06.2021 00:30:22.542,3.7995699999999997,3.7960000000000003,1500000,1000000
24.06.2021 00:30:23.239,3.79962,3.7961400000000003,1500000,1000000
24.06.2021 00:30:23.433,3.79921,3.7957,1000000,1000000
24.06.2021 00:30:23.537,3.7989699999999997,3.7953800000000006,1000000,1500000
24.06.2021 00:30:23.611,3.7989699999999997,3.7953800000000006,1000000,1000000
24.06.2021 00:30:24.510,3.7989699999999997,3.79526,1000000,1500000
24.06.2021 00:30:25.460,3.79896,3.7956600000000003,1000000,1000000
24.06.2021 00:30:25.510,3.79911,3.7959199999999997,1500000,1000000
24.06.2021 00:30:25.611,3.79947,3.7960800000000003,1500000,1000000
24.06.2021 00:30:25.727,3.79952,3.7960800000000003,1500000,1000000
24.06.2021 00:30:26.088,3.79951,3.7960900000000004,1500000,1000000
24.06.2021 00:30:26.352,3.79962,3.79617,1500000,1000000
24.06.2021 00:30:27.055,3.7995699999999997,3.79617,1000000,1000000
24.06.2021 00:30:27.440,3.79956,3.79627,1000000,1000000
24.06.2021 00:30:27.541,3.79975,3.79626,1500000,1000000
24.06.2021 00:30:27.641,3.79935,3.7956800000000004,1000000,1500000
24.06.2021 00:30:28.829,3.7993400000000004,3.7953900000000003,1000000,1000000
24.06.2021 00:30:29.646,3.7994000000000003,3.7960000000000003,1000000,1000000
24.06.2021 00:30:29.824,3.79952,3.79621,1500000,1000000
24.06.2021 00:30:31.792,3.7994300000000005,3.7956800000000004,1000000,1500000
24.06.2021 00:30:32.391,3.79927,3.7954300000000005,1000000,1500000
24.06.2021 00:30:51.160,3.79926,3.7952800000000004,1000000,1000000
24.06.2021 00:31:17.114,3.79932,3.79542,1000000,1500000
24.06.2021 00:31:19.491,3.7993400000000004,3.7954300000000005,1000000,1500000
24.06.2021 00:31:29.016,3.79924,3.79542,1000000,1500000
24.06.2021 00:31:30.481,3.7992300000000006,3.79541,1000000,1500000
24.06.2021 00:31:59.717,3.79922,3.79541,1000000,1500000
24.06.2021 00:32:01.323,3.79926,3.79541,1000000,1500000
24.06.2021 00:32:02.002,3.79927,3.79541,1000000,1500000
24.06.2021 00:32:02.157,3.79924,3.79541,1000000,1500000
24.06.2021 00:32:02.685,3.7992500000000002,3.79541,1000000,1500000
24.06.2021 00:32:08.401,3.79927,3.79541,1000000,1500000
24.06.2021 00:32:11.495,3.7993300000000003,3.79541,1000000,1500000
24.06.2021 00:32:23.640,3.79922,3.79541,1500000,1500000
24.06.2021 00:32:26.486,3.79902,3.79541,1000000,1500000
24.06.2021 00:32:26.587,3.7990000000000004,3.79541,1000000,1500000
24.06.2021 00:32:27.011,3.7990000000000004,3.79541,1000000,1500000
24.06.2021 00:32:27.396,3.7989900000000003,3.79542,1000000,1500000
24.06.2021 00:32:30.148,3.79881,3.79526,1000000,1120000.0048
24.06.2021 00:32:30.355,3.7987400000000004,3.7950300000000006,1000000,1500000
24.06.2021 00:32:34.453,3.79869,3.79504,1000000,1500000
24.06.2021 00:32:35.815,3.7987,3.7950300000000006,1000000,1500000
24.06.2021 00:32:36.016,3.7987699999999998,3.7950300000000006,1000000,1500000
24.06.2021 00:32:36.428,3.7987300000000004,3.7950300000000006,1000000,1500000
24.06.2021 00:32:43.931,3.79869,3.79504,1000000,1500000
24.06.2021 00:33:07.940,3.7987,3.79504,1000000,1500000
24.06.2021 00:33:09.840,3.7988000000000004,3.79504,1000000,1500000
24.06.2021 00:33:43.086,3.7990000000000004,3.7950500000000003,1000000,1000000
24.06.2021 00:33:45.404,3.7988500000000003,3.79501,1000000,1500000
24.06.2021 00:33:45.580,3.79887,3.7951400000000004,1000000,1500000
24.06.2021 00:33:47.547,3.7988300000000006,3.7951400000000004,1000000,1500000
24.06.2021 00:33:47.749,3.7987100000000003,3.7951400000000004,1000000,1500000
24.06.2021 00:33:50.956,3.7986800000000005,3.7949800000000007,1000000,1500000
24.06.2021 00:33:51.458,3.79867,3.7948800000000005,1000000,1500000
24.06.2021 00:33:55.275,3.7987699999999998,3.7948800000000005,1000000,1500000
24.06.2021 00:33:55.778,3.7987300000000004,3.79487,1000000,1500000
24.06.2021 00:33:56.345,3.7987300000000004,3.79487,1000000,1500000
24.06.2021 00:33:56.594,3.7987300000000004,3.79487,1000000,1500000
24.06.2021 00:33:56.795,3.7987699999999998,3.7948800000000005,1000000,1500000
24.06.2021 00:33:57.484,3.7987100000000003,3.79487,1000000,1500000
24.06.2021 00:33:57.933,3.79875,3.7948800000000005,1000000,1500000
24.06.2021 00:33:58.839,3.7987400000000004,3.79487,1500000,1500000
24.06.2021 00:33:59.212,3.7987400000000004,3.79487,1000000,1500000
24.06.2021 00:33:59.420,3.7987400000000004,3.79487,1000000,1500000
24.06.2021 00:33:59.697,3.79869,3.7948800000000005,1000000,1500000
24.06.2021 00:34:03.575,3.79869,3.7948800000000005,1000000,1500000
24.06.2021 00:34:03.730,3.79872,3.79487,1500000,1500000
24.06.2021 00:34:21.520,3.79869,3.79487,1000000,1500000
24.06.2021 00:34:28.542,3.79869,3.79487,1000000,1500000
24.06.2021 00:34:38.988,3.79887,3.7949100000000002,1000000,1000000
24.06.2021 00:34:39.155,3.79887,3.7949100000000002,1000000,1000000
24.06.2021 00:35:04.611,3.7988500000000003,3.79506,1000000,1500000
24.06.2021 00:35:08.183,3.7988500000000003,3.79506,1000000,1500000
24.06.2021 00:35:15.393,3.7988900000000005,3.79506,1000000,1500000
24.06.2021 00:35:15.601,3.79901,3.79506,1000000,1500000
24.06.2021 00:35:17.314,3.79916,3.7952500000000002,1000000,1500000
24.06.2021 00:35:22.110,3.79915,3.7952500000000002,1000000,1500000
24.06.2021 00:35:24.904,3.7991699999999997,3.7952500000000002,1000000,1500000
24.06.2021 00:36:18.386,3.7993400000000004,3.7953900000000003,1000000,1000000
24.06.2021 00:36:18.637,3.7991900000000003,3.7952500000000002,1000000,1500000
24.06.2021 00:36:18.814,3.7991800000000007,3.79526,1000000,1500000
24.06.2021 00:36:19.337,3.79916,3.7952500000000002,1000000,1500000
24.06.2021 00:36:19.814,3.79912,3.7952500000000002,1000000,1500000
24.06.2021 00:36:22.440,3.7991699999999997,3.7952500000000002,1000000,1500000
24.06.2021 00:36:22.672,3.7989699999999997,3.7950900000000005,1000000,1500000
24.06.2021 00:36:37.313,3.79902,3.7950900000000005,1000000,1500000
24.06.2021 00:36:38.321,3.79915,3.7951900000000003,1000000,1000000
24.06.2021 00:36:39.678,3.79916,3.79524,1000000,1000000
24.06.2021 00:36:42.199,3.7991800000000007,3.7952000000000004,1000000,1000000
24.06.2021 00:37:11.426,3.79912,3.7951900000000003,1000000,1000000
24.06.2021 00:37:11.627,3.7989800000000007,3.7950900000000005,1000000,1500000
24.06.2021 00:37:11.779,3.7989699999999997,3.7951,1000000,1500000
24.06.2021 00:37:19.127,3.7989300000000004,3.7950900000000005,1000000,1500000
24.06.2021 00:37:19.328,3.79887,3.7949400000000004,1000000,1000000
24.06.2021 00:37:21.470,3.79884,3.7948900000000005,1000000,1000000
24.06.2021 00:37:26.370,3.79886,3.79495,1000000,1000000
24.06.2021 00:37:29.024,3.79896,3.79506,1000000,1000000
24.06.2021 00:37:42.869,3.7989900000000003,3.79504,1000000,1000000
24.06.2021 00:37:43.181,3.7989900000000003,3.79504,1000000,1000000
24.06.2021 00:37:43.336,3.7989800000000007,3.7950500000000003,1000000,1000000
24.06.2021 00:38:01.893,3.7990000000000004,3.79507,1000000,1000000
24.06.2021 00:38:06.922,3.7989800000000007,3.79507,1000000,1500000
24.06.2021 00:38:18.697,3.79881,3.79506,1000000,1500000
24.06.2021 00:38:23.054,3.7987100000000003,3.79506,1000000,1500000
24.06.2021 00:38:23.263,3.7987,3.79506,1500000,1500000
24.06.2021 00:38:28.629,3.79882,3.79507,1000000,1500000
24.06.2021 00:38:29.185,3.7988300000000006,3.79506,1000000,1500000
24.06.2021 00:38:31.176,3.7989400000000004,3.79506,1000000,1500000
24.06.2021 00:38:31.349,3.7989300000000004,3.79507,1000000,1500000
24.06.2021 00:38:32.881,3.7989800000000007,3.79507,1000000,1620000.0048
24.06.2021 00:38:37.793,3.7989800000000007,3.79507,1000000,1500000
24.06.2021 00:38:38.896,3.7990000000000004,3.79507,1000000,1620000.0048
24.06.2021 00:38:39.472,3.7989900000000003,3.79506,1000000,1500000
24.06.2021 00:38:39.867,3.7989699999999997,3.79515,1000000,1000000
24.06.2021 00:38:40.327,3.79896,3.7952900000000005,1000000,1500000
24.06.2021 00:38:41.652,3.7990800000000005,3.7952800000000004,1000000,1500000
24.06.2021 00:38:41.877,3.7990800000000005,3.7952800000000004,1000000,1500000
24.06.2021 00:38:44.172,3.7990900000000005,3.7952800000000004,1000000,1500000
24.06.2021 00:38:47.885,3.7991900000000003,3.7952800000000004,1000000,1500000
24.06.2021 00:38:48.276,3.7993400000000004,3.79544,1000000,1500000
24.06.2021 00:38:48.462,3.79944,3.7954900000000005,1000000,1000000
24.06.2021 00:38:54.137,3.7993400000000004,3.79544,1000000,1500000
24.06.2021 00:39:01.042,3.79932,3.79544,1000000,1500000
24.06.2021 00:39:01.787,3.7993,3.79544,1000000,1500000
24.06.2021 00:39:04.254,3.79944,3.79546,1000000,1000000
24.06.2021 00:39:10.001,3.79942,3.7954900000000005,1000000,1000000
24.06.2021 00:39:10.202,3.79942,3.7955,1000000,1000000
24.06.2021 00:39:13.797,3.79936,3.79544,1000000,1500000
24.06.2021 00:39:20.681,3.7993699999999997,3.79544,1000000,1500000
24.06.2021 00:39:21.084,3.7992800000000004,3.79545,1000000,1500000
24.06.2021 00:39:24.765,3.7991900000000003,3.79545,1000000,1500000
24.06.2021 00:39:28.093,3.7991900000000003,3.79544,1000000,1500000
24.06.2021 00:39:30.618,3.7991900000000003,3.79544,1000000,1500000
24.06.2021 00:39:33.858,3.79916,3.79545,1000000,1500000
24.06.2021 00:39:34.060,3.79916,3.79545,1000000,1500000
24.06.2021 00:39:35.474,3.79927,3.79545,1000000,1500000
24.06.2021 00:39:37.925,3.7993,3.79544,1000000,1500000
24.06.2021 00:39:45.217,3.7993,3.79544,1000000,1500000
24.06.2021 00:39:47.228,3.79926,3.79544,1000000,1500000
24.06.2021 00:39:48.174,3.79921,3.79544,1000000,1500000
24.06.2021 00:39:48.328,3.79921,3.79545,1000000,1500000
24.06.2021 00:39:48.531,3.7992000000000004,3.79544,1000000,1500000
24.06.2021 00:40:03.551,3.79916,3.79544,1500000,1500000
24.06.2021 00:40:04.565,3.79915,3.79545,1000000,1500000
24.06.2021 00:40:05.756,3.79915,3.79545,1500000,1500000
24.06.2021 00:40:05.959,3.79916,3.79544,1000000,1500000
24.06.2021 00:40:09.169,3.79916,3.79544,1500000,1500000
24.06.2021 00:40:10.555,3.7991400000000004,3.79526,1000000,1500000
24.06.2021 00:40:10.765,3.7992300000000006,3.79527,1000000,1000000
24.06.2021 00:40:10.958,3.7991900000000003,3.7952500000000002,1000000,1500000
24.06.2021 00:40:13.121,3.79921,3.79531,1000000,1000000
24.06.2021 00:40:14.264,3.79922,3.7952500000000002,1000000,1500000
24.06.2021 00:40:14.418,3.79921,3.7952500000000002,1000000,1500000
24.06.2021 00:40:16.813,3.79916,3.7952500000000002,1000000,1500000
24.06.2021 00:40:44.115,3.79904,3.7952500000000002,1000000,1500000
24.06.2021 00:40:45.866,3.79906,3.7952500000000002,1000000,1500000
24.06.2021 00:40:46.069,3.79906,3.7952500000000002,1000000,1500000
24.06.2021 00:40:55.045,3.7991400000000004,3.7952500000000002,1000000,1500000
24.06.2021 00:41:14.177,3.79907,3.79526,1000000,1500000
24.06.2021 00:41:16.689,3.7990900000000005,3.79526,1000000,1500000
24.06.2021 00:41:21.938,3.79911,3.7952500000000002,1000000,1500000
24.06.2021 00:41:22.342,3.7989900000000003,3.7952500000000002,1000000,1500000
24.06.2021 00:41:31.827,3.7990000000000004,3.79526,1000000,1500000
24.06.2021 00:41:32.490,3.79901,3.7952500000000002,1000000,1500000
24.06.2021 00:41:36.094,3.7991,3.7952500000000002,1000000,1500000
24.06.2021 00:41:44.988,3.7990500000000003,3.7952500000000002,1000000,1500000
24.06.2021 00:41:45.383,3.79912,3.79532,1000000,1500000
24.06.2021 00:42:00.464,3.79915,3.79531,1000000,1500000
24.06.2021 00:42:01.046,3.79915,3.79531,1000000,1500000
24.06.2021 00:42:02.554,3.7991699999999997,3.79531,1000000,1500000
24.06.2021 00:42:10.560,3.79915,3.79531,1000000,1500000
24.06.2021 00:42:10.843,3.79912,3.79532,1000000,1500000
24.06.2021 00:42:11.870,3.79915,3.79531,1000000,1500000
24.06.2021 00:42:43.012,3.7991300000000003,3.79531,1000000,1500000
24.06.2021 00:42:52.304,3.7991400000000004,3.79532,1000000,1500000
24.06.2021 00:42:55.508,3.79912,3.79532,1000000,1500000
24.06.2021 00:42:55.660,3.7991300000000003,3.79531,1000000,1500000
24.06.2021 00:42:56.531,3.79912,3.79531,1000000,1500000
24.06.2021 00:43:19.899,3.79901,3.79532,1000000,1500000
24.06.2021 00:43:32.937,3.7988900000000005,3.79522,1000000,1500000
24.06.2021 00:43:33.227,3.7989699999999997,3.79522,1000000,1500000
24.06.2021 00:43:57.423,3.79895,3.7951900000000003,1000000,1500000
24.06.2021 00:43:57.826,3.7988900000000005,3.7951800000000007,1000000,1500000
24.06.2021 00:43:59.048,3.7989100000000002,3.7951800000000007,1000000,1500000
24.06.2021 00:44:10.150,3.7988900000000005,3.7951800000000007,1000000,1500000
24.06.2021 00:44:12.154,3.7989100000000002,3.7951800000000007,1000000,1500000
24.06.2021 00:44:17.875,3.7989300000000004,3.7951800000000007,1000000,1500000
24.06.2021 00:44:23.259,3.7989300000000004,3.7951800000000007,1000000,1500000
24.06.2021 00:44:34.032,3.7989900000000003,3.7951800000000007,1000000,1500000
24.06.2021 00:44:41.279,3.7991300000000003,3.7951800000000007,1000000,1500000
24.06.2021 00:44:41.413,3.7991,3.7951800000000007,1000000,1500000
24.06.2021 00:44:43.576,3.7990500000000003,3.7951800000000007,1000000,1500000
24.06.2021 00:45:00.515,3.79912,3.7951800000000007,1000000,1500000
24.06.2021 00:45:11.692,3.7992000000000004,3.7954800000000004,1000000,1500000
24.06.2021 00:45:50.545,3.7991900000000003,3.7954800000000004,1000000,1500000
24.06.2021 00:46:01.509,3.7992500000000002,3.7954800000000004,1000000,1500000
24.06.2021 00:46:42.063,3.7992500000000002,3.7954900000000005,1000000,1500000
24.06.2021 00:46:47.309,3.7992300000000006,3.7954800000000004,1000000,1500000
24.06.2021 00:46:51.127,3.7992500000000002,3.7954800000000004,1000000,1500000
24.06.2021 00:46:51.315,3.79931,3.7954800000000004,1000000,1500000
24.06.2021 00:46:53.160,3.7993300000000003,3.7954900000000005,1500000,1500000
24.06.2021 00:46:58.091,3.79931,3.7954800000000004,1000000,1500000
24.06.2021 00:47:05.726,3.79926,3.7954800000000004,1000000,1500000
24.06.2021 00:47:14.680,3.7993,3.7954800000000004,1000000,1500000
24.06.2021 00:47:16.741,3.7992300000000006,3.7954900000000005,1000000,1500000
24.06.2021 00:47:28.145,3.79922,3.7954800000000004,1000000,1500000
24.06.2021 00:47:28.398,3.79916,3.7954900000000005,1000000,1500000
24.06.2021 00:47:28.806,3.79906,3.7954800000000004,1000000,1000000
24.06.2021 00:47:30.082,3.7991400000000004,3.7954800000000004,1000000,1500000
24.06.2021 00:47:34.764,3.7991699999999997,3.7954800000000004,1000000,1500000
24.06.2021 00:47:40.771,3.79932,3.7954800000000004,1000000,1500000
24.06.2021 00:47:43.818,3.79932,3.7954800000000004,1000000,1500000
24.06.2021 00:47:44.050,3.7992500000000002,3.7954800000000004,1000000,1500000
24.06.2021 00:47:49.118,3.7991800000000007,3.7954900000000005,1000000,1500000
24.06.2021 00:47:49.519,3.7992800000000004,3.7954800000000004,1000000,1500000
24.06.2021 00:47:50.227,3.79932,3.7954900000000005,1000000,1500000
24.06.2021 00:48:12.016,3.79926,3.7954800000000004,1000000,1500000
24.06.2021 00:48:12.500,3.7991699999999997,3.7954800000000004,1000000,1500000
24.06.2021 00:48:18.422,3.79915,3.7954800000000004,1000000,1500000
24.06.2021 00:48:20.517,3.7990300000000006,3.7953,1000000,1500000
24.06.2021 00:48:47.446,3.79901,3.7952900000000005,1000000,1500000
24.06.2021 00:48:50.530,3.7989900000000003,3.7952900000000005,1000000,1500000
24.06.2021 00:48:51.156,3.79884,3.7953,1000000,1000000
24.06.2021 00:48:54.695,3.7989100000000002,3.7952900000000005,1000000,1500000
24.06.2021 00:48:54.922,3.7989300000000004,3.7952900000000005,1000000,1500000
24.06.2021 00:49:03.439,3.7989900000000003,3.7952900000000005,1000000,1500000
24.06.2021 00:49:07.383,3.7988500000000003,3.7953,1000000,1000000
24.06.2021 00:49:07.566,3.7988800000000005,3.7952900000000005,1000000,1500000
24.06.2021 00:49:11.059,3.79884,3.79531,1000000,1000000
24.06.2021 00:49:17.146,3.7988500000000003,3.7953,1000000,1500000
24.06.2021 00:49:17.382,3.79896,3.79531,1000000,1500000
24.06.2021 00:49:17.432,3.79895,3.7953,1000000,1500000
24.06.2021 00:49:17.623,3.79895,3.7953,1000000,1500000
24.06.2021 00:49:17.964,3.79895,3.7953,1000000,1500000
24.06.2021 00:49:20.512,3.7989400000000004,3.79531,1000000,1500000
24.06.2021 00:49:22.964,3.7989400000000004,3.79531,1000000,1500000
24.06.2021 00:49:27.117,3.7989300000000004,3.79511,1000000,1500000
24.06.2021 00:49:29.121,3.7988500000000003,3.79511,1000000,1500000
24.06.2021 00:49:32.803,3.7988500000000003,3.79511,1000000,1500000
24.06.2021 00:49:33.997,3.7988500000000003,3.79511,1000000,1500000
24.06.2021 00:49:43.103,3.79887,3.79512,1000000,1500000
24.06.2021 00:49:46.067,3.7988800000000005,3.79511,1000000,1500000
24.06.2021 00:50:03.883,3.79886,3.79511,1000000,1500000
24.06.2021 00:50:04.112,3.79887,3.79512,1000000,1500000
24.06.2021 00:50:04.288,3.79887,3.79531,1000000,1500000
24.06.2021 00:50:04.489,3.79887,3.79531,1000000,1500000
24.06.2021 00:50:06.120,3.79902,3.7953,1000000,1500000
24.06.2021 00:50:08.671,3.7990000000000004,3.7953,1000000,1500000
24.06.2021 00:50:09.965,3.7990000000000004,3.7953,1000000,1500000
24.06.2021 00:50:18.266,3.79895,3.7953,1000000,1500000
24.06.2021 00:50:18.669,3.7989400000000004,3.79531,1000000,1500000
24.06.2021 00:50:19.028,3.79895,3.7953,1000000,1500000
24.06.2021 00:50:27.615,3.7989300000000004,3.7953,1000000,1500000
24.06.2021 00:50:27.815,3.7988500000000003,3.7953,1000000,1000000
24.06.2021 00:50:30.400,3.79887,3.7953,1000000,1500000
24.06.2021 00:50:31.344,3.7988900000000005,3.7953,1000000,1500000
24.06.2021 00:50:31.537,3.7988500000000003,3.7953,1000000,1000000
24.06.2021 00:50:35.217,3.7988500000000003,3.7950800000000005,1000000,1500000
24.06.2021 00:50:38.499,3.79886,3.7950800000000005,1000000,1500000
24.06.2021 00:50:42.973,3.7988300000000006,3.7950800000000005,1000000,1500000
24.06.2021 00:50:43.681,3.7987400000000004,3.7950900000000005,1000000,1500000
24.06.2021 00:50:44.764,3.79872,3.7950800000000005,1000000,1500000
24.06.2021 00:50:45.136,3.7986300000000006,3.79486,1000000,1500000
24.06.2021 00:50:46.457,3.79862,3.7948500000000003,1500000,1500000
24.06.2021 00:50:47.229,3.79837,3.79467,1000000,1500000
24.06.2021 00:50:47.768,3.79835,3.79466,1000000,1500000
24.06.2021 00:50:48.145,3.7982800000000005,3.79466,1000000,1000000
24.06.2021 00:50:48.246,3.7982199999999997,3.79447,1500000,1500000
24.06.2021 00:50:48.382,3.79815,3.7944800000000005,1000000,1500000
24.06.2021 00:50:48.533,3.7980300000000007,3.7942500000000003,1000000,1500000
24.06.2021 00:50:48.935,3.7981800000000003,3.7942500000000003,1000000,1500000
24.06.2021 00:50:49.118,3.7981800000000003,3.7944400000000003,1000000,1500000
24.06.2021 00:50:53.831,3.79815,3.7944400000000003,1000000,1500000
24.06.2021 00:50:56.645,3.79817,3.7944400000000003,1000000,1500000
24.06.2021 00:51:09.484,3.7981900000000004,3.7944500000000003,1000000,1500000
24.06.2021 00:51:09.640,3.7981800000000003,3.7944400000000003,1000000,1500000
24.06.2021 00:51:11.754,3.7981900000000004,3.7944400000000003,1000000,1500000
24.06.2021 00:51:25.526,3.7983000000000002,3.7945,1000000,1500000
24.06.2021 00:51:25.725,3.79832,3.7945,1000000,1500000
24.06.2021 00:51:30.812,3.79837,3.7945,1000000,1500000
24.06.2021 00:51:44.961,3.79831,3.79451,1000000,1500000
24.06.2021 00:51:45.515,3.79831,3.79451,1000000,1500000
24.06.2021 00:51:45.962,3.79831,3.7945,1000000,1500000
24.06.2021 00:51:49.491,3.79821,3.7945,1000000,1500000
24.06.2021 00:51:57.061,3.7982300000000007,3.7945,1000000,1500000
24.06.2021 00:51:57.326,3.7982199999999997,3.79451,1500000,1500000
24.06.2021 00:51:57.507,3.7982500000000003,3.7945,1000000,1500000
24.06.2021 00:51:57.691,3.7982800000000005,3.7945,1000000,1500000
24.06.2021 00:52:03.279,3.79831,3.7945,1000000,1500000
24.06.2021 00:52:16.356,3.79831,3.7945,1000000,1500000
24.06.2021 00:52:18.289,3.7982500000000003,3.7945,1000000,1500000
24.06.2021 00:52:18.535,3.7982400000000003,3.79451,1000000,1500000
24.06.2021 00:52:19.016,3.7982500000000003,3.7945,1000000,1500000
24.06.2021 00:52:22.455,3.79846,3.7945,1000000,1500000
24.06.2021 00:52:23.059,3.79836,3.7945,1000000,1500000
24.06.2021 00:52:23.802,3.79832,3.7945,1000000,1500000
24.06.2021 00:52:24.702,3.7982800000000005,3.79451,1000000,1500000
24.06.2021 00:52:30.263,3.79847,3.79451,1000000,1500000
24.06.2021 00:52:30.453,3.7984800000000005,3.79469,1000000,1500000
24.06.2021 00:52:31.171,3.79847,3.7947,1500000,1500000
24.06.2021 00:52:31.402,3.7984800000000005,3.79469,1500000,1500000
24.06.2021 00:52:31.604,3.79849,3.79469,1000000,1500000
24.06.2021 00:52:33.323,3.7985300000000004,3.79469,1000000,1500000
24.06.2021 00:52:33.542,3.79847,3.79469,1000000,1500000
24.06.2021 00:52:34.349,3.7984,3.79469,1000000,1500000
24.06.2021 00:52:35.929,3.79836,3.79469,1000000,1500000
24.06.2021 00:52:38.094,3.79831,3.7945400000000005,1000000,1500000
24.06.2021 00:52:38.837,3.79829,3.7945300000000004,1000000,1500000
24.06.2021 00:52:39.014,3.7982199999999997,3.7945300000000004,1000000,1500000
24.06.2021 00:52:40.662,3.79807,3.7943400000000005,1000000,1500000
24.06.2021 00:52:40.857,3.79807,3.7943400000000005,1000000,1500000
24.06.2021 00:52:41.938,3.7981300000000005,3.7943400000000005,1000000,1500000
24.06.2021 00:52:42.504,3.7981300000000005,3.7943400000000005,1000000,1500000
24.06.2021 00:52:42.731,3.79816,3.79435,1000000,1500000
24.06.2021 00:52:43.725,3.79816,3.79435,1000000,1500000
24.06.2021 00:52:49.346,3.79821,3.7943400000000005,1000000,1500000
24.06.2021 00:52:51.214,3.7982800000000005,3.7944800000000005,1000000,1500000
24.06.2021 00:52:55.076,3.7983400000000005,3.7944800000000005,1000000,1500000
24.06.2021 00:52:56.870,3.7983900000000004,3.79447,1000000,1620000.0048
24.06.2021 00:53:00.373,3.79846,3.79466,1000000,1500000
24.06.2021 00:53:00.528,3.79846,3.79466,1000000,1500000
24.06.2021 00:53:03.837,3.79851,3.79466,1000000,1500000
24.06.2021 00:53:04.920,3.79861,3.79466,1000000,1500000
24.06.2021 00:53:06.197,3.7985400000000005,3.79466,1000000,1500000
24.06.2021 00:53:06.392,3.7985300000000004,3.79467,1000000,1500000
24.06.2021 00:53:06.592,3.79852,3.79466,1000000,1500000
24.06.2021 00:53:07.289,3.79851,3.79467,1000000,1500000
24.06.2021 00:53:09.198,3.79855,3.79466,1000000,1500000
24.06.2021 00:53:09.711,3.79841,3.79466,1000000,1500000
24.06.2021 00:53:09.927,3.79836,3.79466,1000000,1500000
24.06.2021 00:53:12.878,3.7983800000000003,3.79466,1000000,1500000
24.06.2021 00:53:13.043,3.7983800000000003,3.79466,1000000,1500000
24.06.2021 00:53:16.033,3.7984199999999997,3.79467,1000000,1500000
24.06.2021 00:53:16.669,3.7984300000000006,3.79466,1000000,1500000
24.06.2021 00:53:16.867,3.7984300000000006,3.79466,1000000,1500000
24.06.2021 00:53:17.333,3.79851,3.79466,1000000,1500000
24.06.2021 00:53:17.532,3.7984400000000003,3.79466,1000000,1500000
24.06.2021 00:53:26.246,3.7984199999999997,3.79466,1000000,1500000
24.06.2021 00:53:28.730,3.79835,3.79466,1000000,1500000
24.06.2021 00:53:28.955,3.79827,3.79466,1000000,1500000
24.06.2021 00:53:29.888,3.79826,3.79467,1000000,1500000
24.06.2021 00:53:30.048,3.79836,3.79467,1000000,1500000
24.06.2021 00:53:31.322,3.7983400000000005,3.79466,1000000,1500000
24.06.2021 00:53:32.353,3.7983400000000005,3.79466,1000000,1500000
24.06.2021 00:53:32.552,3.7983300000000004,3.79467,1000000,1500000
24.06.2021 00:53:36.784,3.7983400000000005,3.79466,1000000,1500000
24.06.2021 00:53:37.591,3.7983400000000005,3.79466,1000000,1500000
24.06.2021 00:53:38.101,3.79829,3.7945,1000000,1500000
24.06.2021 00:53:38.623,3.7982800000000005,3.79451,1000000,1500000
24.06.2021 00:53:39.632,3.7983400000000005,3.79451,1000000,1500000
24.06.2021 00:53:40.082,3.79829,3.7945,1000000,1500000
24.06.2021 00:53:40.995,3.7982800000000005,3.79451,1000000,1500000
24.06.2021 00:53:41.876,3.79829,3.7945,1000000,1500000
24.06.2021 00:53:44.574,3.79827,3.7945,1000000,1500000
24.06.2021 00:53:46.206,3.79837,3.79451,1000000,1500000
24.06.2021 00:53:54.940,3.7983800000000003,3.7945,1000000,1000000
24.06.2021 00:53:57.930,3.79846,3.7946400000000002,1000000,1500000
24.06.2021 00:54:07.257,3.7985,3.7946400000000002,1000000,1500000
24.06.2021 00:54:14.874,3.79851,3.7946500000000003,1000000,1500000
24.06.2021 00:54:15.740,3.7985300000000004,3.7946400000000002,1000000,1500000
24.06.2021 00:54:16.155,3.79852,3.7946500000000003,1000000,1620000.0048
24.06.2021 00:54:18.384,3.7985300000000004,3.7946400000000002,1000000,1500000
24.06.2021 00:54:29.832,3.79849,3.7946400000000002,1000000,1500000
24.06.2021 00:54:34.279,3.7984300000000006,3.7946500000000003,1000000,1500000
24.06.2021 00:54:34.454,3.7983800000000003,3.7946500000000003,1000000,1500000
24.06.2021 00:54:36.645,3.7983400000000005,3.7946400000000002,1000000,1500000
24.06.2021 00:54:41.225,3.7982300000000007,3.7945,1000000,1500000
24.06.2021 00:54:42.094,3.7982400000000003,3.79449,1000000,1500000
24.06.2021 00:54:43.362,3.7981900000000004,3.7945,1000000,1500000
24.06.2021 00:54:43.596,3.7982,3.79449,1000000,1500000
24.06.2021 00:54:46.290,3.7981900000000004,3.7945,1000000,1500000
24.06.2021 00:54:48.719,3.7980400000000003,3.79449,1000000,1500000
24.06.2021 00:54:48.879,3.7980300000000007,3.79429,1000000,1500000
24.06.2021 00:54:49.081,3.7980300000000007,3.79429,1000000,1500000
24.06.2021 00:54:49.481,3.7980300000000007,3.79429,1000000,1500000
24.06.2021 00:54:51.188,3.7978800000000006,3.7940500000000004,1000000,1500000
24.06.2021 00:54:52.777,3.7980500000000004,3.79426,1000000,1500000
24.06.2021 00:54:53.428,3.79789,3.79426,1000000,1500000
24.06.2021 00:54:55.920,3.7979000000000003,3.7940800000000006,1000000,1500000
24.06.2021 00:54:59.115,3.7979900000000004,3.79407,1000000,1500000
24.06.2021 00:54:59.967,3.7979900000000004,3.79426,1000000,1500000
24.06.2021 00:55:00.123,3.79792,3.79426,1500000,1000000
24.06.2021 00:55:00.174,3.79791,3.79392,1500000,1500000
24.06.2021 00:55:00.274,3.7977800000000004,3.79391,1000000,1500000
24.06.2021 00:55:00.454,3.79777,3.79392,1000000,1620000.0048
24.06.2021 00:55:00.900,3.7977800000000004,3.7941000000000003,1000000,1500000
24.06.2021 00:55:01.004,3.79777,3.79411,1000000,1500000
24.06.2021 00:55:01.370,3.79787,3.79411,1000000,1500000
24.06.2021 00:55:02.840,3.79795,3.7941000000000003,1000000,1500000
24.06.2021 00:55:02.991,3.7979300000000005,3.7941000000000003,1500000,1500000
24.06.2021 00:55:03.153,3.79789,3.79411,1000000,1500000
24.06.2021 00:55:04.274,3.7979000000000003,3.7941000000000003,1000000,1500000
24.06.2021 00:55:04.691,3.7978800000000006,3.79411,1000000,1500000
24.06.2021 00:55:05.454,3.7978800000000006,3.79411,1000000,1620000.0048
24.06.2021 00:55:06.099,3.79806,3.7941000000000003,1000000,1500000
24.06.2021 00:55:06.654,3.79817,3.7943300000000004,1000000,1500000
24.06.2021 00:55:06.813,3.79817,3.7943300000000004,1000000,1500000
24.06.2021 00:55:08.363,3.7981900000000004,3.7942500000000003,1000000,1000000
24.06.2021 00:55:08.610,3.7982,3.79441,1000000,1500000
24.06.2021 00:55:09.215,3.7983400000000005,3.7944199999999997,1000000,1500000
24.06.2021 00:55:14.262,3.79827,3.79447,1000000,1500000
24.06.2021 00:55:14.500,3.79827,3.79447,1000000,1500000
24.06.2021 00:55:16.590,3.79821,3.79446,1000000,1500000
24.06.2021 00:55:19.755,3.79821,3.79446,1000000,1500000
24.06.2021 00:55:19.958,3.79821,3.79446,1000000,1500000
24.06.2021 00:55:20.148,3.7982,3.79447,1000000,1500000
24.06.2021 00:55:24.043,3.7983300000000004,3.79446,1000000,1500000
24.06.2021 00:55:24.731,3.79831,3.79446,1000000,1500000
24.06.2021 00:55:24.949,3.79829,3.79446,1000000,1500000
24.06.2021 00:55:25.395,3.79829,3.79446,1000000,1500000
24.06.2021 00:55:26.010,3.79829,3.79446,1000000,1500000
24.06.2021 00:55:26.730,3.79827,3.79446,1000000,1500000
24.06.2021 00:55:27.233,3.79827,3.79446,1000000,1500000
24.06.2021 00:55:29.931,3.7982800000000005,3.79446,1000000,1500000
24.06.2021 00:55:30.167,3.7981800000000003,3.79447,1000000,1500000
24.06.2021 00:55:33.977,3.7982,3.79447,1000000,1500000
24.06.2021 00:55:34.808,3.7981800000000003,3.79446,1000000,1500000
24.06.2021 00:55:44.146,3.7981800000000003,3.79447,1000000,1500000
24.06.2021 00:55:44.370,3.7981900000000004,3.79446,1000000,1500000
24.06.2021 00:55:44.545,3.7981800000000003,3.79447,1000000,1500000
24.06.2021 00:55:44.826,3.7981900000000004,3.79446,1000000,1500000
24.06.2021 00:55:45.578,3.7983800000000003,3.79446,1000000,1500000
24.06.2021 00:55:53.382,3.79829,3.79446,1000000,1500000
24.06.2021 00:55:53.960,3.79829,3.79446,1000000,1500000
24.06.2021 00:55:54.151,3.79829,3.79446,1000000,1500000
24.06.2021 00:55:58.257,3.7983800000000003,3.79446,1000000,1500000
24.06.2021 00:55:58.491,3.7982500000000003,3.79447,1000000,1500000
24.06.2021 00:55:58.688,3.79826,3.79446,1000000,1500000
24.06.2021 00:55:58.897,3.7982500000000003,3.79467,1000000,1500000
24.06.2021 00:56:16.592,3.7984500000000003,3.79467,1000000,1500000
24.06.2021 00:56:16.800,3.7984500000000003,3.79466,1000000,1500000
24.06.2021 00:56:26.556,3.79835,3.79466,1000000,1500000
24.06.2021 00:56:27.668,3.79837,3.79467,1000000,1500000
24.06.2021 00:57:02.939,3.7984,3.79466,1000000,1500000
24.06.2021 00:57:10.728,3.79857,3.79466,1000000,1500000
24.06.2021 00:57:10.945,3.7985800000000003,3.79482,1000000,1500000
24.06.2021 00:57:15.301,3.7987100000000003,3.79481,1000000,1500000
24.06.2021 00:57:17.686,3.7987100000000003,3.79482,1500000,1500000
24.06.2021 00:57:27.732,3.79872,3.79481,1000000,1620000.0048
24.06.2021 00:57:27.933,3.79872,3.79507,1000000,1500000
24.06.2021 00:57:29.028,3.79886,3.79507,1000000,1500000
24.06.2021 00:57:29.662,3.7986800000000005,3.7950800000000005,1000000,1500000
24.06.2021 00:57:30.757,3.79867,3.79507,1000000,1000000
24.06.2021 00:57:45.141,3.79866,3.7950800000000005,1000000,1500000
24.06.2021 00:57:47.983,3.79872,3.79507,1000000,1500000
24.06.2021 00:57:48.437,3.79869,3.7950800000000005,1000000,1500000
24.06.2021 00:58:07.264,3.7986800000000005,3.7950800000000005,1000000,1000000
24.06.2021 00:58:07.479,3.7985300000000004,3.7950800000000005,1000000,1000000
24.06.2021 00:58:08.711,3.7986400000000002,3.7950800000000005,1000000,1000000
24.06.2021 00:58:20.079,3.7986800000000005,3.7950800000000005,1000000,1500000
24.06.2021 00:58:23.771,3.7986,3.7950900000000005,1000000,1000000
24.06.2021 00:58:24.065,3.79861,3.7949300000000004,1000000,1500000
24.06.2021 00:58:24.166,3.79856,3.79492,1000000,1500000
24.06.2021 00:58:25.881,3.7985900000000004,3.79492,1000000,1500000
24.06.2021 00:58:26.460,3.7986300000000006,3.79492,1000000,1500000
24.06.2021 00:58:27.608,3.7986800000000005,3.7949300000000004,1000000,1500000
24.06.2021 00:58:28.514,3.79869,3.79492,1000000,1500000
24.06.2021 00:58:32.104,3.79869,3.79492,1000000,1500000
24.06.2021 00:58:32.305,3.79867,3.79492,1000000,1500000
24.06.2021 00:58:43.018,3.7986800000000005,3.7949699999999997,1000000,1500000
24.06.2021 00:58:43.994,3.7986400000000002,3.7949699999999997,1000000,1500000
24.06.2021 00:58:44.150,3.79855,3.7949699999999997,1000000,1000000
24.06.2021 00:58:48.894,3.7985300000000004,3.7949699999999997,1000000,1000000
24.06.2021 00:58:56.902,3.79852,3.7949699999999997,1000000,1000000
24.06.2021 00:59:02.717,3.79852,3.7949699999999997,1000000,1000000
24.06.2021 00:59:09.617,3.7983800000000003,3.7949699999999997,1000000,1000000
24.06.2021 00:59:09.668,3.79837,3.7947900000000003,1000000,1500000
24.06.2021 00:59:09.819,3.79835,3.7947900000000003,1000000,1000000
24.06.2021 00:59:17.563,3.7983000000000002,3.7947900000000003,1000000,1000000
24.06.2021 00:59:17.765,3.7983300000000004,3.7947800000000003,1000000,1000000
24.06.2021 00:59:22.445,3.7984400000000003,3.7947800000000003,1000000,1500000
24.06.2021 00:59:23.634,3.7984800000000005,3.7947800000000003,1000000,1500000
24.06.2021 00:59:31.039,3.7984800000000005,3.7947800000000003,1000000,1500000
24.06.2021 00:59:31.220,3.7985,3.7947800000000003,1000000,1500000
24.06.2021 00:59:31.472,3.79851,3.7947900000000003,1000000,1500000
24.06.2021 00:59:44.150,3.7985,3.7947800000000003,1000000,1500000
24.06.2021 00:59:46.161,3.79847,3.7947900000000003,1000000,1500000
24.06.2021 00:59:46.261,3.7983900000000004,3.7947900000000003,1000000,1500000
24.06.2021 00:59:46.544,3.79835,3.7947800000000003,1000000,1000000
24.06.2021 00:59:51.846,3.79837,3.7947800000000003,1000000,1500000
24.06.2021 00:59:52.198,3.79835,3.7947800000000003,1000000,1000000
24.06.2021 01:00:00.446,3.79831,3.7947800000000003,1000000,1000000
24.06.2021 01:00:03.576,3.7983400000000005,3.7947800000000003,1000000,1000000
24.06.2021 01:00:03.763,3.79831,3.7947900000000003,1000000,1000000
24.06.2021 01:00:04.212,3.7983400000000005,3.7947800000000003,1000000,1000000
24.06.2021 01:00:05.271,3.7983800000000003,3.7947800000000003,1000000,1500000
24.06.2021 01:00:07.078,3.79836,3.7947800000000003,1000000,1000000
24.06.2021 01:00:10.683,3.79841,3.7947900000000003,1000000,1500000
24.06.2021 01:00:10.835,3.7984400000000003,3.7947800000000003,1000000,1500000
24.06.2021 01:00:13.075,3.79849,3.7947800000000003,1000000,1500000
24.06.2021 01:00:16.443,3.7985300000000004,3.7947800000000003,1000000,1500000
24.06.2021 01:00:16.543,3.79856,3.7950000000000004,1000000,1000000
24.06.2021 01:00:16.644,3.79862,3.7950000000000004,1000000,1500000
24.06.2021 01:00:17.231,3.7986500000000003,3.79501,1000000,1500000
24.06.2021 01:00:27.187,3.79852,3.7950000000000004,1000000,1000000
24.06.2021 01:00:27.367,3.7985,3.7950000000000004,1000000,1000000
24.06.2021 01:00:31.458,3.79851,3.79501,1000000,1000000
24.06.2021 01:00:32.822,3.7986,3.79501,1000000,1500000
24.06.2021 01:00:41.164,3.79866,3.7950000000000004,1000000,1500000
24.06.2021 01:00:49.884,3.79875,3.7951699999999997,1000000,1000000
24.06.2021 01:00:49.985,3.7987699999999998,3.7951699999999997,1000000,1500000
24.06.2021 01:00:50.185,3.7987,3.7951800000000007,1000000,1000000
24.06.2021 01:00:50.973,3.7987699999999998,3.7951699999999997,1000000,1500000
24.06.2021 01:00:58.180,3.79892,3.7951699999999997,1000000,1500000
24.06.2021 01:00:58.531,3.7989100000000002,3.7951800000000007,1000000,1500000
24.06.2021 01:00:58.731,3.7988500000000003,3.7951699999999997,1000000,1500000
24.06.2021 01:00:59.535,3.79887,3.7951699999999997,1000000,1500000
24.06.2021 01:00:59.876,3.79882,3.7951800000000007,1000000,1500000
24.06.2021 01:01:01.054,3.79876,3.7951699999999997,1000000,1500000
24.06.2021 01:01:01.305,3.7987900000000003,3.7951699999999997,1000000,1500000
24.06.2021 01:01:01.457,3.7987900000000003,3.7951699999999997,1000000,1500000
24.06.2021 01:01:01.697,3.7987800000000003,3.7951800000000007,1000000,1500000
24.06.2021 01:01:02.933,3.7988300000000006,3.7951800000000007,1000000,1500000
24.06.2021 01:01:03.567,3.7989100000000002,3.7951699999999997,1000000,1500000
24.06.2021 01:01:04.546,3.7988300000000006,3.7952800000000004,1000000,1000000
24.06.2021 01:01:31.762,3.7987699999999998,3.7952800000000004,1000000,1000000
24.06.2021 01:01:31.896,3.7987400000000004,3.7951300000000003,1000000,1500000
24.06.2021 01:01:31.946,3.7987,3.79512,1000000,1500000
24.06.2021 01:01:33.256,3.7987300000000004,3.79512,1000000,1500000
24.06.2021 01:01:34.576,3.79876,3.79512,1000000,1500000
24.06.2021 01:01:35.905,3.7986800000000005,3.7951300000000003,1500000,1500000
24.06.2021 01:01:40.720,3.7988000000000004,3.79512,1000000,1500000
24.06.2021 01:01:42.583,3.7987900000000003,3.7951300000000003,1000000,1500000
24.06.2021 01:01:52.972,3.7988300000000006,3.79512,1000000,1500000
24.06.2021 01:01:53.373,3.7988500000000003,3.79512,1000000,1500000
24.06.2021 01:02:04.344,3.7989699999999997,3.79522,1000000,1500000
24.06.2021 01:02:31.858,3.7989300000000004,3.79521,1000000,1500000
24.06.2021 01:02:34.053,3.7989699999999997,3.79521,1000000,1500000
24.06.2021 01:02:34.628,3.79895,3.79521,1000000,1500000
24.06.2021 01:02:34.812,3.7989699999999997,3.79521,1000000,1500000
24.06.2021 01:02:58.934,3.79906,3.79521,1000000,1500000
24.06.2021 01:02:59.624,3.7989900000000003,3.79521,1000000,1500000
24.06.2021 01:03:01.139,3.79901,3.79521,1000000,1500000
24.06.2021 01:03:01.391,3.7990800000000005,3.7953699999999997,1000000,1500000
24.06.2021 01:03:02.619,3.79911,3.7953800000000006,1000000,1500000
24.06.2021 01:03:05.979,3.7990900000000005,3.7953699999999997,1000000,1500000
24.06.2021 01:03:06.157,3.7990000000000004,3.7953699999999997,1000000,1500000
24.06.2021 01:03:13.959,3.79904,3.7953699999999997,1000000,1500000
24.06.2021 01:03:14.178,3.79904,3.7953699999999997,1000000,1500000
24.06.2021 01:03:14.392,3.7991300000000003,3.7954300000000005,1000000,1500000
24.06.2021 01:03:21.016,3.79926,3.79544,1500000,1500000
24.06.2021 01:03:21.444,3.7992800000000004,3.7956300000000005,1000000,1500000
24.06.2021 01:03:25.487,3.79931,3.79562,1000000,1500000
24.06.2021 01:03:25.739,3.79916,3.79562,1000000,1500000
24.06.2021 01:03:27.204,3.7989800000000007,3.7956300000000005,1000000,1000000
24.06.2021 01:03:30.458,3.79901,3.7956300000000005,1000000,1000000
24.06.2021 01:03:33.955,3.79902,3.79562,1000000,1000000
24.06.2021 01:03:34.006,3.79902,3.79562,1000000,1000000
24.06.2021 01:03:34.245,3.79902,3.79562,1000000,1000000
24.06.2021 01:03:34.645,3.7990000000000004,3.79562,1000000,1000000
24.06.2021 01:03:35.589,3.7990000000000004,3.79562,1000000,1000000
24.06.2021 01:03:35.861,3.7990000000000004,3.79532,1000000,1000000
24.06.2021 01:03:35.993,3.7989900000000003,3.7953300000000003,1000000,1500000
24.06.2021 01:03:36.211,3.7990000000000004,3.79532,1000000,1000000
24.06.2021 01:03:36.614,3.7989900000000003,3.7953300000000003,1000000,1500000
24.06.2021 01:03:37.039,3.79906,3.79532,1000000,1000000
24.06.2021 01:03:38.544,3.7990300000000006,3.79532,1000000,1000000
24.06.2021 01:03:38.595,3.7990000000000004,3.7951400000000004,1000000,1500000
24.06.2021 01:03:38.729,3.7989800000000007,3.7951400000000004,1000000,1500000
24.06.2021 01:03:38.883,3.7989699999999997,3.79515,1000000,1500000
24.06.2021 01:03:39.107,3.7989699999999997,3.79515,1000000,1500000
24.06.2021 01:03:41.026,3.79884,3.7950000000000004,1000000,1500000
24.06.2021 01:03:50.929,3.79886,3.7950000000000004,1000000,1500000
24.06.2021 01:03:51.283,3.7988300000000006,3.79501,1000000,1500000
24.06.2021 01:03:51.409,3.7988300000000006,3.79516,1000000,1000000
24.06.2021 01:03:59.086,3.7989,3.79515,1000000,1500000
24.06.2021 01:04:03.415,3.7989,3.79515,1000000,1500000
24.06.2021 01:04:03.626,3.7986400000000002,3.79516,1000000,1000000
24.06.2021 01:04:03.858,3.7985800000000003,3.79515,1000000,1000000
24.06.2021 01:04:03.908,3.79857,3.7949699999999997,1000000,1500000
24.06.2021 01:04:09.216,3.79855,3.79496,1000000,1000000
24.06.2021 01:04:09.426,3.7984199999999997,3.7949699999999997,1000000,1000000
24.06.2021 01:04:13.005,3.7983900000000004,3.79481,1500000,1500000
24.06.2021 01:04:13.056,3.7983900000000004,3.79481,1500000,1500000
24.06.2021 01:04:16.187,3.7983900000000004,3.79481,1500000,1500000
24.06.2021 01:04:16.738,3.79841,3.7948000000000004,1000000,1500000
24.06.2021 01:04:18.312,3.79846,3.7948500000000003,1000000,1500000
24.06.2021 01:04:20.776,3.7985,3.7948500000000003,1000000,1500000
24.06.2021 01:04:20.937,3.79847,3.79486,1000000,1500000
24.06.2021 01:04:25.626,3.79847,3.79486,1000000,1500000
24.06.2021 01:04:38.227,3.7984300000000006,3.7948500000000003,1000000,1120000.0048
24.06.2021 01:04:41.264,3.79851,3.7948500000000003,1000000,1500000
24.06.2021 01:04:42.486,3.7985400000000005,3.7948500000000003,1000000,1500000
24.06.2021 01:04:47.490,3.79856,3.7948500000000003,1500000,1500000
24.06.2021 01:04:49.425,3.79856,3.7948500000000003,1000000,1500000
24.06.2021 01:04:57.685,3.7985900000000004,3.7948500000000003,1000000,1500000
24.06.2021 01:04:57.885,3.79866,3.7948500000000003,1000000,1500000
24.06.2021 01:04:58.146,3.7985900000000004,3.7948500000000003,1000000,1500000
24.06.2021 01:05:02.159,3.7985400000000005,3.7948500000000003,1000000,1500000
24.06.2021 01:05:13.410,3.7984,3.7948500000000003,1000000,1120000.0048
24.06.2021 01:05:20.267,3.7984199999999997,3.7948500000000003,1000000,1120000.0048
24.06.2021 01:05:23.723,3.7985800000000003,3.79486,1000000,1500000
24.06.2021 01:05:25.329,3.79852,3.79486,1000000,1500000
24.06.2021 01:05:25.531,3.7984500000000003,3.7948500000000003,1000000,1120000.0048
24.06.2021 01:05:25.582,3.7984500000000003,3.7950300000000006,1000000,1000000
24.06.2021 01:05:27.384,3.79841,3.79487,1000000,1000000
24.06.2021 01:05:30.071,3.7983900000000004,3.79487,1000000,1000000
24.06.2021 01:05:32.442,3.79841,3.79487,1000000,1000000
24.06.2021 01:05:33.332,3.7983800000000003,3.7948800000000005,1000000,1000000
24.06.2021 01:05:35.993,3.7984,3.7948800000000005,1000000,1000000
24.06.2021 01:05:39.114,3.7984199999999997,3.7949699999999997,1000000,1000000
24.06.2021 01:05:43.461,3.7983800000000003,3.79496,1000000,1000000
24.06.2021 01:05:49.818,3.79827,3.79476,1000000,1000000
24.06.2021 01:05:49.919,3.79827,3.79476,1000000,1000000
24.06.2021 01:06:00.887,3.79812,3.79476,1000000,1000000
24.06.2021 01:06:03.089,3.7982199999999997,3.79476,1000000,1000000
24.06.2021 01:06:13.746,3.7982,3.79476,1000000,1000000
24.06.2021 01:06:13.941,3.7982199999999997,3.79476,1000000,1000000
24.06.2021 01:06:20.431,3.7982199999999997,3.79487,1000000,1000000
24.06.2021 01:06:27.152,3.79831,3.7948800000000005,1000000,1000000
24.06.2021 01:06:27.353,3.7983000000000002,3.79487,1000000,1000000
24.06.2021 01:06:32.215,3.79832,3.79487,1000000,1000000
24.06.2021 01:06:32.467,3.7983800000000003,3.79449,1000000,1500000
24.06.2021 01:06:32.618,3.7982199999999997,3.7941900000000004,1500000,1500000
24.06.2021 01:06:33.206,3.7982199999999997,3.79447,1500000,1500000
24.06.2021 01:06:33.575,3.79855,3.79484,1000000,1500000
24.06.2021 01:06:45.750,3.7987100000000003,3.79481,1000000,1500000
24.06.2021 01:06:46.007,3.7987100000000003,3.79481,1000000,1500000
24.06.2021 01:06:46.208,3.79861,3.79481,1000000,1500000
24.06.2021 01:06:46.410,3.7986,3.79484,1000000,1500000
24.06.2021 01:07:11.957,3.7987,3.7948300000000006,1000000,1500000
24.06.2021 01:07:12.630,3.79869,3.79484,1500000,1500000
24.06.2021 01:07:14.042,3.79872,3.7948300000000006,1000000,1500000
24.06.2021 01:07:15.861,3.79882,3.79511,1000000,1500000
24.06.2021 01:07:16.095,3.7987300000000004,3.79511,1000000,1500000
24.06.2021 01:07:16.467,3.79867,3.7951,1000000,1500000
24.06.2021 01:07:26.325,3.7987100000000003,3.7951,1000000,1500000
24.06.2021 01:07:27.093,3.7987100000000003,3.7951,1000000,1500000
24.06.2021 01:07:29.708,3.79866,3.79511,1000000,1500000
24.06.2021 01:07:29.911,3.7987300000000004,3.7951,1000000,1500000
24.06.2021 01:07:37.107,3.7987300000000004,3.7951,1000000,1500000
24.06.2021 01:07:40.583,3.7987300000000004,3.7951,1000000,1500000
24.06.2021 01:07:40.783,3.7987300000000004,3.7951,1000000,1500000
24.06.2021 01:08:08.582,3.79876,3.79506,1000000,1500000
24.06.2021 01:08:11.495,3.79875,3.79506,1000000,1500000
24.06.2021 01:08:22.182,3.79881,3.79506,1000000,1500000
24.06.2021 01:08:22.347,3.7988300000000006,3.79507,1000000,1500000
24.06.2021 01:08:25.960,3.79887,3.79506,1000000,1500000
24.06.2021 01:08:38.728,3.79884,3.79506,1000000,1500000
24.06.2021 01:08:41.533,3.7988500000000003,3.79506,1000000,1500000
24.06.2021 01:08:52.886,3.79895,3.7952500000000002,1000000,1500000
24.06.2021 01:08:54.307,3.7989699999999997,3.7950900000000005,1000000,1620000.0048
24.06.2021 01:08:55.462,3.79892,3.7950900000000005,1000000,1500000
24.06.2021 01:09:00.989,3.79892,3.7951800000000007,1000000,1500000
24.06.2021 01:09:06.430,3.7989800000000007,3.7951900000000003,1000000,1500000
24.06.2021 01:09:11.631,3.79902,3.7951800000000007,1500000,1500000
24.06.2021 01:09:13.930,3.7991699999999997,3.7953699999999997,1000000,1500000
24.06.2021 01:09:14.109,3.7991699999999997,3.7953699999999997,1000000,1500000
24.06.2021 01:09:43.418,3.79921,3.79542,1000000,1500000
24.06.2021 01:09:47.888,3.79926,3.79542,1000000,1500000
24.06.2021 01:10:03.749,3.7991900000000003,3.79542,1000000,1500000
24.06.2021 01:10:05.059,3.7991900000000003,3.79542,1000000,1500000
24.06.2021 01:10:05.681,3.7991300000000003,3.7954300000000005,1000000,1500000
24.06.2021 01:10:05.915,3.7991,3.7954300000000005,1000000,1500000
24.06.2021 01:10:15.866,3.79912,3.7955,1000000,1500000
24.06.2021 01:10:23.314,3.79906,3.7954900000000005,1000000,1500000
24.06.2021 01:10:23.512,3.7990300000000006,3.7955,1000000,1000000
24.06.2021 01:10:37.448,3.79906,3.7954900000000005,1000000,1500000
24.06.2021 01:10:50.738,3.7990500000000003,3.7955,1000000,1000000
24.06.2021 01:10:51.384,3.79904,3.7954900000000005,1000000,1500000
24.06.2021 01:10:54.431,3.7990300000000006,3.7955,1000000,1000000
24.06.2021 01:11:03.420,3.79906,3.7954900000000005,1000000,1500000
24.06.2021 01:11:03.580,3.79906,3.7954900000000005,1000000,1500000
24.06.2021 01:11:03.780,3.79906,3.7954900000000005,1000000,1500000
24.06.2021 01:11:11.241,3.79907,3.7955,1000000,1500000
24.06.2021 01:11:15.160,3.7991400000000004,3.7954900000000005,1000000,1500000
24.06.2021 01:11:31.292,3.7992500000000002,3.7954900000000005,1000000,1500000
24.06.2021 01:11:31.342,3.7992300000000006,3.7956800000000004,1000000,1000000
24.06.2021 01:11:31.493,3.7992300000000006,3.7956800000000004,1000000,1500000
24.06.2021 01:11:31.730,3.7992300000000006,3.7956800000000004,1500000,1000000
24.06.2021 01:11:31.890,3.7991800000000007,3.7956900000000005,1000000,1000000
24.06.2021 01:11:33.931,3.7991900000000003,3.7956800000000004,1000000,1000000
24.06.2021 01:11:34.810,3.7991900000000003,3.7956900000000005,1000000,1500000
24.06.2021 01:11:35.691,3.79927,3.7956900000000005,1000000,1500000
24.06.2021 01:11:38.962,3.79931,3.7956900000000005,1000000,1500000
24.06.2021 01:11:49.814,3.7994000000000003,3.7956800000000004,1000000,1500000
24.06.2021 01:11:52.668,3.79942,3.7958400000000005,1000000,1500000
24.06.2021 01:11:56.623,3.7994900000000005,3.7958400000000005,1000000,1500000
24.06.2021 01:11:56.874,3.7995,3.79585,1000000,1500000
24.06.2021 01:11:57.075,3.79951,3.7960300000000005,1000000,1500000
24.06.2021 01:12:00.629,3.79966,3.7960400000000005,1000000,1500000
24.06.2021 01:12:00.871,3.79967,3.7960300000000005,1000000,1500000
24.06.2021 01:12:04.450,3.7998300000000005,3.79616,1000000,1500000
24.06.2021 01:12:04.625,3.7998300000000005,3.79616,1000000,1500000
24.06.2021 01:12:13.109,3.7999,3.79616,1000000,1500000
24.06.2021 01:12:21.254,3.7999199999999997,3.7960400000000005,1000000,1500000
24.06.2021 01:12:25.169,3.79985,3.7960400000000005,1000000,1500000
24.06.2021 01:12:28.730,3.79984,3.79605,1000000,1500000
24.06.2021 01:12:31.050,3.79991,3.7960400000000005,1000000,1500000
24.06.2021 01:12:36.400,3.79997,3.79605,1000000,1500000
24.06.2021 01:12:43.105,3.79996,3.7960400000000005,1000000,1500000
24.06.2021 01:12:52.494,3.7998900000000004,3.7960400000000005,1000000,1500000
24.06.2021 01:12:53.002,3.7998800000000004,3.79605,1000000,1500000
24.06.2021 01:12:53.635,3.79985,3.7960400000000005,1000000,1500000
24.06.2021 01:12:55.555,3.79985,3.7960400000000005,1000000,1500000
24.06.2021 01:12:55.757,3.79987,3.7960400000000005,1000000,1500000
24.06.2021 01:12:55.978,3.79987,3.7962300000000004,1000000,1500000
24.06.2021 01:13:03.671,3.79999,3.7962300000000004,1000000,1500000
24.06.2021 01:13:03.886,3.8000000000000003,3.7962400000000005,1000000,1500000
24.06.2021 01:13:06.142,3.80002,3.7962300000000004,1000000,1500000
24.06.2021 01:13:09.332,3.8000400000000005,3.7962400000000005,1000000,1500000
24.06.2021 01:13:15.983,3.80001,3.7962400000000005,1000000,1500000
24.06.2021 01:13:25.157,3.8000800000000003,3.7962400000000005,1000000,1500000
24.06.2021 01:13:30.399,3.8001300000000007,3.7962300000000004,1000000,1500000
24.06.2021 01:13:37.261,3.8001400000000003,3.7962400000000005,1000000,1500000
24.06.2021 01:13:37.462,3.8000900000000004,3.7962300000000004,1000000,1500000
24.06.2021 01:13:40.152,3.8000800000000003,3.7962400000000005,1000000,1500000
24.06.2021 01:13:41.568,3.80001,3.7962400000000005,1000000,1500000
24.06.2021 01:13:54.286,3.8000000000000003,3.7962400000000005,1000000,1500000
24.06.2021 01:13:59.496,3.79999,3.7962300000000004,1000000,1500000
24.06.2021 01:14:05.350,3.8000300000000005,3.7962300000000004,1000000,1500000
24.06.2021 01:14:24.459,3.80001,3.7962300000000004,1000000,1500000
24.06.2021 01:15:00.738,3.80007,3.7962300000000004,1000000,1500000
24.06.2021 01:15:03.947,3.8001,3.7962300000000004,1000000,1500000
24.06.2021 01:15:09.084,3.8001400000000003,3.7962300000000004,1000000,1500000
24.06.2021 01:15:18.230,3.80016,3.7962300000000004,1000000,1500000
24.06.2021 01:15:18.452,3.80007,3.7962400000000005,1000000,1500000
24.06.2021 01:15:18.662,3.80007,3.7962400000000005,1000000,1500000
24.06.2021 01:15:18.855,3.80007,3.7962400000000005,1000000,1500000
24.06.2021 01:15:22.376,3.8000800000000003,3.7962300000000004,1000000,1500000
24.06.2021 01:15:22.627,3.7999300000000003,3.7962300000000004,1000000,1500000
24.06.2021 01:15:24.466,3.7998600000000002,3.7962400000000005,1000000,1500000
24.06.2021 01:15:27.110,3.79984,3.7962300000000004,1000000,1500000
24.06.2021 01:15:30.167,3.7998900000000004,3.79605,1000000,1500000
24.06.2021 01:15:30.722,3.79984,3.79605,1000000,1500000
24.06.2021 01:15:31.313,3.79987,3.7960400000000005,1000000,1500000
24.06.2021 01:15:34.424,3.7998300000000005,3.7960400000000005,1000000,1500000
24.06.2021 01:16:25.596,3.7996800000000004,3.7960400000000005,1000000,1500000
24.06.2021 01:16:36.234,3.79966,3.7960400000000005,1000000,1500000
24.06.2021 01:16:47.524,3.7997,3.7960400000000005,1000000,1500000
24.06.2021 01:16:47.762,3.79962,3.79605,1000000,1500000
24.06.2021 01:16:49.340,3.79965,3.7960400000000005,1000000,1500000
24.06.2021 01:17:11.022,3.7996800000000004,3.7960400000000005,1000000,1500000
24.06.2021 01:17:15.156,3.79967,3.79605,1000000,1500000
24.06.2021 01:17:15.359,3.7996800000000004,3.7960400000000005,1000000,1500000
24.06.2021 01:17:19.439,3.79967,3.79605,1000000,1500000
24.06.2021 01:17:38.871,3.7996800000000004,3.7960400000000005,1000000,1500000
24.06.2021 01:17:49.499,3.79981,3.7960400000000005,1000000,1500000
24.06.2021 01:17:50.487,3.7997900000000002,3.7960400000000005,1000000,1500000
24.06.2021 01:17:51.091,3.79971,3.7960400000000005,1000000,1500000
24.06.2021 01:17:51.839,3.7996900000000005,3.7960400000000005,1000000,1500000
24.06.2021 01:17:55.460,3.7997199999999998,3.7960400000000005,1000000,1500000
24.06.2021 01:17:58.742,3.7996900000000005,3.7960400000000005,1000000,1500000
24.06.2021 01:18:00.723,3.7996900000000005,3.7960400000000005,1000000,1500000
24.06.2021 01:18:02.498,3.79975,3.7960400000000005,1000000,1500000
24.06.2021 01:18:11.701,3.79976,3.79605,1000000,1500000
24.06.2021 01:18:22.239,3.79977,3.7960400000000005,1500000,1500000
24.06.2021 01:18:23.539,3.7996800000000004,3.79605,1000000,1500000
24.06.2021 01:18:23.724,3.7996900000000005,3.7960400000000005,1000000,1500000
24.06.2021 01:18:53.291,3.7997,3.7960400000000005,1000000,1500000
24.06.2021 01:18:59.835,3.79981,3.79605,1000000,1500000
24.06.2021 01:19:00.474,3.7997800000000006,3.79605,1000000,1500000
24.06.2021 01:19:20.959,3.7997,3.7961400000000003,1000000,1500000
24.06.2021 01:19:33.989,3.79956,3.7959500000000004,1000000,1500000
24.06.2021 01:19:34.259,3.79955,3.7959500000000004,1000000,1120000.0048
24.06.2021 01:20:01.459,3.7994800000000004,3.7959500000000004,1000000,1120000.0048
24.06.2021 01:20:02.628,3.7995,3.7959500000000004,1000000,1120000.0048
24.06.2021 01:20:06.593,3.7995300000000003,3.79596,1000000,1500000
24.06.2021 01:20:06.795,3.79962,3.7959500000000004,1000000,1500000
24.06.2021 01:20:07.039,3.7996900000000005,3.7959500000000004,1000000,1500000
24.06.2021 01:20:07.688,3.7996300000000005,3.7959500000000004,1500000,1500000
24.06.2021 01:20:07.876,3.79955,3.7959500000000004,1000000,1120000.0048
24.06.2021 01:20:33.791,3.79947,3.79596,1000000,1120000.0048
24.06.2021 01:20:35.542,3.7993900000000003,3.79577,1000000,1500000
24.06.2021 01:20:49.665,3.79944,3.79576,1000000,1500000
24.06.2021 01:20:49.868,3.79945,3.79577,1000000,1500000
24.06.2021 01:21:16.000,3.7994900000000005,3.79576,1000000,1500000
24.06.2021 01:21:18.065,3.79951,3.79576,1000000,1500000
24.06.2021 01:21:19.926,3.7995,3.79577,1000000,1500000
24.06.2021 01:21:30.401,3.7994900000000005,3.79576,1000000,1500000
24.06.2021 01:21:31.669,3.7992900000000005,3.79565,1000000,1500000
24.06.2021 01:21:35.116,3.79944,3.7956600000000003,1000000,1500000
24.06.2021 01:21:36.286,3.79947,3.79565,1000000,1500000
24.06.2021 01:21:38.365,3.79951,3.79565,1000000,1500000
24.06.2021 01:21:39.197,3.79941,3.79565,1000000,1500000
24.06.2021 01:21:39.372,3.7993900000000003,3.79565,1000000,1500000
24.06.2021 01:21:44.720,3.79921,3.79556,1000000,1500000
24.06.2021 01:21:44.923,3.79906,3.79545,1000000,1500000
24.06.2021 01:21:45.037,3.79922,3.7957300000000003,1000000,1000000
24.06.2021 01:21:45.087,3.79922,3.7957199999999998,1000000,1500000
24.06.2021 01:21:46.599,3.7992000000000004,3.79562,1000000,1500000
24.06.2021 01:21:48.642,3.79927,3.7956300000000005,1000000,1500000
24.06.2021 01:21:48.862,3.7993300000000003,3.79562,1000000,1500000
24.06.2021 01:21:54.728,3.7992800000000004,3.7956300000000005,1000000,1500000
24.06.2021 01:21:55.211,3.7994300000000005,3.79562,1000000,1500000
24.06.2021 01:21:58.461,3.7992500000000002,3.79562,1000000,1500000
24.06.2021 01:21:59.584,3.7991900000000003,3.7952500000000002,1000000,1000000
24.06.2021 01:22:00.354,3.7991699999999997,3.7956800000000004,1000000,1000000
24.06.2021 01:22:00.516,3.7991699999999997,3.7956800000000004,1000000,1500000
24.06.2021 01:22:00.986,3.7991800000000007,3.79556,1000000,1500000
24.06.2021 01:22:01.179,3.7991800000000007,3.79567,1000000,1000000
24.06.2021 01:22:01.287,3.79936,3.79567,1000000,1500000
24.06.2021 01:22:08.658,3.7993900000000003,3.79567,1000000,1500000
24.06.2021 01:22:08.838,3.7993900000000003,3.79567,1000000,1500000
24.06.2021 01:22:14.264,3.79932,3.79567,1000000,1500000
24.06.2021 01:22:14.419,3.79947,3.79567,1500000,1500000
24.06.2021 01:22:14.885,3.79931,3.79567,1000000,1500000
24.06.2021 01:22:21.450,3.79955,3.79567,1000000,1500000
24.06.2021 01:22:59.244,3.7993800000000006,3.79567,1000000,1500000
24.06.2021 01:23:41.027,3.79952,3.7956800000000004,1000000,1500000
24.06.2021 01:23:41.510,3.7993800000000006,3.7956800000000004,1000000,1500000
24.06.2021 01:23:42.070,3.79935,3.79567,1500000,1500000
24.06.2021 01:23:48.842,3.7992300000000006,3.7954800000000004,1000000,1500000
24.06.2021 01:23:49.019,3.79916,3.7954800000000004,1000000,1500000
24.06.2021 01:23:49.191,3.7991400000000004,3.7954800000000004,1000000,1500000
24.06.2021 01:23:51.017,3.79906,3.7953,1000000,1500000
24.06.2021 01:23:52.277,3.7991,3.7952900000000005,1000000,1500000
24.06.2021 01:23:52.430,3.7990900000000005,3.7953,1000000,1500000
24.06.2021 01:23:54.377,3.7990900000000005,3.7952900000000005,1000000,1500000
24.06.2021 01:23:59.017,3.79904,3.7952900000000005,1000000,1500000
24.06.2021 01:24:03.385,3.79904,3.7952900000000005,1000000,1500000
24.06.2021 01:24:05.375,3.7990800000000005,3.7952900000000005,1000000,1500000
24.06.2021 01:24:05.920,3.79907,3.7953,1000000,1500000
24.06.2021 01:24:06.107,3.7990800000000005,3.7952900000000005,1000000,1500000
24.06.2021 01:24:06.931,3.7992800000000004,3.79545,1000000,1500000
24.06.2021 01:24:07.100,3.7992800000000004,3.79545,1000000,1500000
24.06.2021 01:24:09.412,3.79932,3.79545,1000000,1500000
24.06.2021 01:24:11.002,3.79932,3.79545,1000000,1500000
24.06.2021 01:24:22.796,3.79932,3.79545,1000000,1500000
24.06.2021 01:24:28.097,3.7992800000000004,3.79545,1000000,1500000
24.06.2021 01:24:31.566,3.7993400000000004,3.79545,1000000,1500000
24.06.2021 01:24:48.103,3.7993800000000006,3.79561,1000000,1500000
24.06.2021 01:24:48.304,3.7993900000000003,3.79561,1000000,1500000
24.06.2021 01:24:49.071,3.7993900000000003,3.79561,1000000,1500000
24.06.2021 01:24:49.271,3.7993900000000003,3.79561,1000000,1500000
24.06.2021 01:24:49.994,3.7994000000000003,3.79562,1000000,1500000
24.06.2021 01:24:50.901,3.79947,3.79561,1000000,1500000
24.06.2021 01:24:51.072,3.79947,3.79561,1000000,1500000
24.06.2021 01:24:53.623,3.7995300000000003,3.79561,1000000,1500000
24.06.2021 01:24:57.774,3.7995699999999997,3.7958000000000003,1000000,1500000
24.06.2021 01:24:57.928,3.7995699999999997,3.7958000000000003,1000000,1500000
24.06.2021 01:24:58.533,3.79964,3.7958000000000003,1500000,1500000
24.06.2021 01:25:04.696,3.7996900000000005,3.7958000000000003,1500000,1500000
24.06.2021 01:25:04.948,3.79951,3.7958000000000003,1000000,1500000
24.06.2021 01:25:18.326,3.7995,3.79581,1000000,1500000
24.06.2021 01:25:18.733,3.79944,3.79581,1000000,1500000
24.06.2021 01:25:19.661,3.79941,3.79564,1000000,1500000
24.06.2021 01:25:19.862,3.7994000000000003,3.79565,1000000,1500000
24.06.2021 01:25:23.906,3.79952,3.7958300000000005,1000000,1500000
24.06.2021 01:25:25.632,3.79967,3.7958400000000005,1000000,1500000
24.06.2021 01:25:25.834,3.79976,3.7958400000000005,1000000,1500000
24.06.2021 01:25:30.427,3.79971,3.7960000000000003,1000000,1500000
24.06.2021 01:25:30.559,3.7996900000000005,3.79599,1000000,1500000
24.06.2021 01:25:36.734,3.79962,3.7958400000000005,1000000,1500000
24.06.2021 01:25:38.460,3.79962,3.7958400000000005,1000000,1500000
24.06.2021 01:25:40.778,3.7996000000000003,3.79585,1000000,1500000
24.06.2021 01:25:41.024,3.79956,3.79585,1000000,1500000
24.06.2021 01:25:45.867,3.79955,3.7958400000000005,1000000,1500000
24.06.2021 01:25:46.316,3.7995699999999997,3.7958400000000005,1000000,1500000
24.06.2021 01:25:50.641,3.7995400000000004,3.7958400000000005,1000000,1500000
24.06.2021 01:25:51.473,3.7993699999999997,3.7958400000000005,1000000,1500000
24.06.2021 01:25:52.513,3.7994300000000005,3.7958400000000005,1000000,1500000
24.06.2021 01:25:55.724,3.79946,3.7958400000000005,1000000,1500000
24.06.2021 01:25:56.462,3.79945,3.79585,1000000,1500000
24.06.2021 01:25:56.700,3.7994000000000003,3.7958400000000005,1000000,1500000
24.06.2021 01:25:58.466,3.79935,3.7958400000000005,1000000,1000000
24.06.2021 01:25:58.791,3.79935,3.7957,1000000,1500000
24.06.2021 01:25:59.526,3.79942,3.7957,1000000,1500000
24.06.2021 01:26:01.323,3.79962,3.7957,1000000,1500000
24.06.2021 01:26:05.208,3.7996300000000005,3.7957199999999998,1000000,1000000
24.06.2021 01:26:05.688,3.7996300000000005,3.7959400000000003,1000000,1500000
24.06.2021 01:26:06.558,3.7996800000000004,3.7959300000000007,1000000,1500000
24.06.2021 01:26:08.343,3.79964,3.7959300000000007,1000000,1500000
24.06.2021 01:26:12.769,3.79962,3.7959400000000003,1000000,1500000
24.06.2021 01:26:13.940,3.79971,3.7959300000000007,1000000,1500000
24.06.2021 01:26:17.150,3.79971,3.7959300000000007,1000000,1500000
24.06.2021 01:26:21.832,3.7996900000000005,3.7959300000000007,1000000,1500000
24.06.2021 01:26:22.487,3.7997199999999998,3.7959300000000007,1000000,1500000
24.06.2021 01:26:24.037,3.79971,3.7959300000000007,1000000,1500000
24.06.2021 01:26:39.899,3.7997199999999998,3.7959400000000003,1000000,1500000
24.06.2021 01:26:41.343,3.7997300000000003,3.7959300000000007,1000000,1500000
24.06.2021 01:26:43.225,3.79975,3.7959300000000007,1000000,1500000
24.06.2021 01:26:43.834,3.7997400000000003,3.7959400000000003,1000000,1500000
24.06.2021 01:26:44.036,3.7997400000000003,3.7961,1000000,1500000
24.06.2021 01:26:59.310,3.79985,3.7960900000000004,1000000,1500000
24.06.2021 01:27:00.970,3.79977,3.7961,1000000,1500000
24.06.2021 01:27:05.163,3.7998000000000003,3.7960900000000004,1000000,1500000
24.06.2021 01:27:11.030,3.79977,3.7960900000000004,1000000,1500000
24.06.2021 01:27:22.437,3.79977,3.7960900000000004,1000000,1500000
24.06.2021 01:27:31.956,3.79971,3.7959300000000007,1000000,1500000
24.06.2021 01:27:32.943,3.7996900000000005,3.7959300000000007,1000000,1500000
24.06.2021 01:27:41.872,3.7997800000000006,3.7959400000000003,1000000,1500000
24.06.2021 01:27:42.075,3.7998000000000003,3.7961,1000000,1500000
24.06.2021 01:27:44.151,3.79962,3.7959,1500000,1500000
24.06.2021 01:27:44.356,3.79961,3.79591,1500000,1000000
24.06.2021 01:27:45.011,3.79942,3.7959,1000000,1000000
24.06.2021 01:27:45.112,3.79942,3.7957500000000004,1000000,1500000
24.06.2021 01:27:45.212,3.79942,3.7957500000000004,1000000,1000000
24.06.2021 01:27:45.698,3.79942,3.7957400000000003,1000000,1000000
24.06.2021 01:27:45.748,3.79941,3.7960000000000003,1000000,1000000
24.06.2021 01:27:45.849,3.79922,3.79607,1000000,1000000
24.06.2021 01:27:45.956,3.79921,3.7961199999999997,1500000,1000000
24.06.2021 01:27:46.076,3.79921,3.7961199999999997,1000000,1500000
24.06.2021 01:27:46.269,3.7992800000000004,3.79611,1000000,1500000
24.06.2021 01:27:46.320,3.79971,3.79611,1000000,1500000
24.06.2021 01:28:01.610,3.79971,3.79611,1000000,1500000
24.06.2021 01:28:02.095,3.79965,3.7961199999999997,1000000,1000000
24.06.2021 01:28:43.636,3.7995699999999997,3.7959800000000006,1000000,1500000
24.06.2021 01:28:48.684,3.79947,3.79599,1000000,1000000
24.06.2021 01:28:49.016,3.7994900000000005,3.79596,1000000,1000000
24.06.2021 01:29:10.909,3.7994300000000005,3.7957800000000006,1000000,1500000
24.06.2021 01:29:14.733,3.7993699999999997,3.7957800000000006,1000000,1500000
24.06.2021 01:29:15.137,3.79942,3.79577,1000000,1500000
24.06.2021 01:29:27.145,3.79955,3.79577,1000000,1500000
24.06.2021 01:29:27.346,3.7995900000000002,3.79577,1000000,1500000
24.06.2021 01:29:45.528,3.7996000000000003,3.7957800000000006,1000000,1500000
24.06.2021 01:30:00.250,3.7995800000000006,3.7959300000000007,1000000,1500000
24.06.2021 01:30:00.899,3.7995800000000006,3.7959300000000007,1000000,1500000
24.06.2021 01:30:01.151,3.7995800000000006,3.7959300000000007,1000000,1500000
24.06.2021 01:30:02.771,3.79975,3.7959300000000007,1000000,1500000
24.06.2021 01:30:03.058,3.79975,3.7959400000000003,1000000,1500000
24.06.2021 01:30:04.589,3.7997800000000006,3.7961500000000004,1000000,1500000
24.06.2021 01:30:05.196,3.7998000000000003,3.7961500000000004,1000000,1500000
24.06.2021 01:30:10.304,3.7999,3.7961500000000004,1000000,1500000
24.06.2021 01:30:12.443,3.7999800000000006,3.7963400000000003,1000000,1500000
24.06.2021 01:30:12.614,3.79999,3.7963400000000003,1000000,1500000
24.06.2021 01:30:15.254,3.80001,3.7963400000000003,1000000,1500000
24.06.2021 01:30:16.640,3.79997,3.7963400000000003,1000000,1500000
24.06.2021 01:30:17.937,3.80001,3.7963400000000003,1000000,1500000
24.06.2021 01:30:20.850,3.8000000000000003,3.7963500000000003,1000000,1500000
24.06.2021 01:30:21.051,3.7999400000000003,3.7963400000000003,1000000,1500000
24.06.2021 01:30:22.063,3.7999400000000003,3.7963400000000003,1000000,1500000
24.06.2021 01:30:25.680,3.7999300000000003,3.7963500000000003,1000000,1500000
24.06.2021 01:30:26.169,3.7999400000000003,3.7963400000000003,1000000,1500000
24.06.2021 01:30:26.467,3.8000000000000003,3.7963400000000003,1000000,1500000
24.06.2021 01:30:28.062,3.7999800000000006,3.7963500000000003,1000000,1500000
24.06.2021 01:30:28.312,3.79999,3.7963400000000003,1000000,1500000
24.06.2021 01:30:28.943,3.80005,3.7964300000000004,1000000,1500000
24.06.2021 01:30:29.339,3.8000400000000005,3.7964400000000005,1000000,1500000
24.06.2021 01:30:31.943,3.80011,3.7966300000000004,1000000,1500000
24.06.2021 01:30:32.112,3.80021,3.79662,1000000,1500000
24.06.2021 01:30:32.312,3.8001800000000006,3.7966300000000004,1000000,1500000
24.06.2021 01:30:32.514,3.8001800000000006,3.7966300000000004,1000000,1500000
24.06.2021 01:30:33.580,3.8003,3.7966300000000004,1000000,1500000
24.06.2021 01:30:33.756,3.80031,3.79662,1000000,1500000
24.06.2021 01:30:34.210,3.80039,3.79676,1000000,1500000
24.06.2021 01:30:34.729,3.80039,3.79676,1000000,1500000
24.06.2021 01:30:35.305,3.80039,3.79676,1000000,1500000
24.06.2021 01:30:35.553,3.80042,3.79676,1000000,1500000
24.06.2021 01:30:36.290,3.80042,3.79676,1000000,1500000
24.06.2021 01:30:36.504,3.8004000000000002,3.79676,1000000,1500000
24.06.2021 01:30:37.385,3.8004000000000002,3.79676,1000000,1500000
24.06.2021 01:30:37.601,3.80047,3.79676,1000000,1500000
24.06.2021 01:30:38.239,3.8004900000000004,3.79676,1000000,1500000
24.06.2021 01:30:40.922,3.8005,3.79676,1000000,1500000
24.06.2021 01:30:41.804,3.8005300000000006,3.79676,1000000,1500000
24.06.2021 01:30:44.446,3.80051,3.79676,1000000,1500000
24.06.2021 01:30:44.858,3.80051,3.79676,1000000,1500000
24.06.2021 01:30:46.386,3.80046,3.79676,1000000,1500000
24.06.2021 01:30:46.644,3.80051,3.79676,1000000,1500000
24.06.2021 01:30:46.829,3.80047,3.79676,1000000,1500000
24.06.2021 01:30:49.943,3.8004800000000003,3.79676,1000000,1500000
24.06.2021 01:30:53.502,3.8005199999999997,3.79677,1000000,1500000
24.06.2021 01:30:56.261,3.80051,3.79676,1000000,1500000
24.06.2021 01:31:00.266,3.8004300000000004,3.79676,1000000,1500000
24.06.2021 01:31:01.031,3.80051,3.79676,1000000,1500000
24.06.2021 01:31:08.260,3.80057,3.79676,1000000,1500000
24.06.2021 01:31:08.731,3.80065,3.7969800000000005,1000000,1500000
24.06.2021 01:31:13.021,3.8006699999999998,3.7969800000000005,1000000,1500000
24.06.2021 01:31:14.345,3.8006699999999998,3.7969800000000005,1000000,1500000
24.06.2021 01:31:17.334,3.8007,3.7969800000000005,1000000,1500000
24.06.2021 01:31:19.976,3.80065,3.7969800000000005,1000000,1500000
24.06.2021 01:31:20.164,3.80059,3.7969800000000005,1000000,1500000
24.06.2021 01:31:20.364,3.80061,3.7969900000000005,1500000,1500000
24.06.2021 01:31:20.566,3.80059,3.7969900000000005,1000000,1500000
24.06.2021 01:31:20.767,3.80062,3.7969800000000005,1500000,1500000
24.06.2021 01:31:20.970,3.8006,3.7969800000000005,1000000,1500000
24.06.2021 01:31:23.141,3.80061,3.7969900000000005,1500000,1500000
24.06.2021 01:31:24.314,3.8006800000000003,3.7969800000000005,1000000,1500000
24.06.2021 01:31:27.558,3.8006400000000005,3.7969800000000005,1000000,1500000
24.06.2021 01:31:30.146,3.8005800000000005,3.7969900000000005,1000000,1500000
24.06.2021 01:31:30.907,3.8005199999999997,3.7969900000000005,1000000,1000000
24.06.2021 01:31:34.686,3.8005300000000006,3.7969900000000005,1000000,1500000
24.06.2021 01:31:34.885,3.80066,3.7969800000000005,1000000,1500000
24.06.2021 01:31:42.802,3.8006300000000004,3.7969800000000005,1000000,1500000
24.06.2021 01:31:43.813,3.8006300000000004,3.7969800000000005,1000000,1500000
24.06.2021 01:31:55.804,3.80065,3.7969900000000005,1000000,1500000
24.06.2021 01:31:57.669,3.8005800000000005,3.7969800000000005,1000000,1500000
24.06.2021 01:32:01.293,3.8006,3.7969900000000005,1000000,1500000
24.06.2021 01:32:04.022,3.8005300000000006,3.7969800000000005,1000000,1000000
24.06.2021 01:32:04.554,3.8005199999999997,3.7969900000000005,1000000,1500000
24.06.2021 01:32:06.128,3.80062,3.7969800000000005,1000000,1500000
24.06.2021 01:32:06.537,3.80061,3.7969900000000005,1000000,1500000
24.06.2021 01:32:06.960,3.80062,3.7969800000000005,1000000,1500000
24.06.2021 01:32:07.177,3.80066,3.7969900000000005,1000000,1500000
24.06.2021 01:32:08.268,3.8008100000000002,3.7971800000000004,1000000,1000000
24.06.2021 01:32:08.413,3.80082,3.79717,1000000,1500000
24.06.2021 01:32:09.793,3.8008400000000004,3.79717,1000000,1500000
24.06.2021 01:32:11.955,3.8008800000000003,3.7971800000000004,1000000,1500000
24.06.2021 01:32:13.591,3.80094,3.79717,1000000,1500000
24.06.2021 01:32:13.742,3.80094,3.79717,1000000,1500000
24.06.2021 01:32:14.164,3.80094,3.79736,1000000,1500000
24.06.2021 01:32:14.365,3.80094,3.79736,1000000,1500000
24.06.2021 01:32:17.809,3.8008900000000003,3.79737,1000000,1000000
24.06.2021 01:32:17.994,3.80091,3.79736,1000000,1000000
24.06.2021 01:32:18.412,3.8008900000000003,3.79736,1000000,1000000
24.06.2021 01:32:18.631,3.8008900000000003,3.79737,1000000,1000000
24.06.2021 01:32:19.814,3.80096,3.79736,1000000,1500000
24.06.2021 01:32:23.694,3.80096,3.79736,1000000,1000000
24.06.2021 01:32:23.918,3.8009500000000003,3.79737,1000000,1500000
24.06.2021 01:32:24.119,3.80102,3.7974,1000000,1500000
24.06.2021 01:32:24.640,3.80105,3.79741,1000000,1500000
24.06.2021 01:32:24.842,3.8011800000000004,3.7975300000000005,1000000,1500000
24.06.2021 01:32:25.287,3.8011300000000006,3.7975300000000005,1000000,1500000
24.06.2021 01:32:25.446,3.8010400000000004,3.79754,1000000,1000000
24.06.2021 01:32:25.647,3.80106,3.79754,1000000,1500000
24.06.2021 01:32:27.178,3.8010699999999997,3.7975300000000005,1000000,1000000
24.06.2021 01:32:29.511,3.8010699999999997,3.7975300000000005,1000000,1500000
24.06.2021 01:32:30.058,3.80112,3.7975300000000005,1000000,1500000
24.06.2021 01:32:30.228,3.8012,3.7975300000000005,1000000,1500000
24.06.2021 01:32:30.429,3.80121,3.79754,1000000,1500000
24.06.2021 01:32:37.712,3.8012800000000007,3.7975300000000005,1000000,1500000
24.06.2021 01:32:38.501,3.8012699999999997,3.79754,1000000,1500000
24.06.2021 01:32:41.579,3.80122,3.7975300000000005,1000000,1500000
24.06.2021 01:32:44.110,3.80122,3.7975300000000005,1000000,1500000
24.06.2021 01:32:49.066,3.80091,3.79741,1500000,1000000
24.06.2021 01:32:49.600,3.80092,3.7974,2000000,1000000
24.06.2021 01:32:50.076,3.80092,3.7974,1500000,1000000
24.06.2021 01:32:50.414,3.80091,3.79741,2000000,1000000
24.06.2021 01:32:50.929,3.80071,3.79757,1500000,1000000
24.06.2021 01:32:51.030,3.80072,3.79756,1000000,1500000
24.06.2021 01:32:51.878,3.8008400000000004,3.79756,1000000,1500000
24.06.2021 01:32:52.597,3.8013300000000005,3.79756,1000000,1500000
