Gmt time,Ask,Bid,AskVolume,BidVolume
24.06.2021 00:00:04.228,1.3459,1.34574,1120000.0048,1000000
24.06.2021 00:00:04.329,1.3459,1.34576,1620000.0048,1000000
24.06.2021 00:00:05.227,1.3459,1.34576,1120000.0048,1000000
24.06.2021 00:00:05.508,1.34583,1.3457100000000002,1000000,1500000
24.06.2021 00:00:05.609,1.34583,1.3456700000000001,1120000.0048,1000000
24.06.2021 00:00:06.170,1.3458100000000002,1.34568,1000000,1000000
24.06.2021 00:00:06.279,1.3458,1.34564,1000000,1000000
24.06.2021 00:00:06.330,1.34579,1.3456299999999999,1500000,1000000
24.06.2021 00:00:09.048,1.34578,1.34564,1120000.0048,1000000
24.06.2021 00:00:11.008,1.34579,1.3456299999999999,1500000,1000000
24.06.2021 00:00:12.027,1.34578,1.34564,1120000.0048,1000000
24.06.2021 00:00:12.344,1.3458,1.34565,1000000,1000000
24.06.2021 00:00:13.284,1.3458100000000002,1.34565,1500000,1000000
24.06.2021 00:00:14.275,1.3458100000000002,1.34565,1620000.0048,1000000
24.06.2021 00:00:18.625,1.3458100000000002,1.34565,1120000.0048,1000000
24.06.2021 00:00:18.749,1.3458100000000002,1.3456700000000001,1620000.0048,1000000
24.06.2021 00:00:21.603,1.3458200000000002,1.34566,1500000,1000000
24.06.2021 00:00:22.139,1.3458,1.34566,1500000,1000000
24.06.2021 00:00:22.190,1.34579,1.34564,1120000.0048,1000000
24.06.2021 00:00:22.441,1.34578,1.3456299999999999,1000000,1000000
24.06.2021 00:00:23.373,1.34578,1.34562,1620000.0048,1000000
24.06.2021 00:00:23.474,1.34576,1.3456299999999999,1000000,1000000
24.06.2021 00:00:25.493,1.3457700000000001,1.3456299999999999,1620000.0048,1000000
24.06.2021 00:00:35.546,1.34575,1.34562,1000000,1000000
24.06.2021 00:00:36.001,1.34575,1.3456299999999999,1000000,1000000
24.06.2021 00:00:36.875,1.34574,1.3456299999999999,1000000,1000000
24.06.2021 00:00:37.679,1.34575,1.3456299999999999,1000000,1000000
24.06.2021 00:00:40.509,1.34575,1.34562,1000000,1000000
24.06.2021 00:00:40.610,1.34574,1.3456000000000001,1620000.0048,1000000
24.06.2021 00:00:41.510,1.34573,1.34559,1000000,1000000
24.06.2021 00:00:42.003,1.34574,1.34559,1000000,1000000
24.06.2021 00:00:44.039,1.34572,1.3456000000000001,1000000,1000000
24.06.2021 00:00:45.040,1.34573,1.3456000000000001,1000000,1000000
24.06.2021 00:00:46.216,1.34573,1.3456100000000002,1000000,1000000
24.06.2021 00:00:46.317,1.34578,1.3457000000000001,1500000,1000000
24.06.2021 00:00:46.368,1.34579,1.34565,1500000,1000000
24.06.2021 00:00:46.469,1.34579,1.34565,1000000,1000000
24.06.2021 00:00:46.822,1.3458100000000002,1.34568,1500000,1000000
24.06.2021 00:00:47.805,1.3458100000000002,1.34569,1000000,1000000
24.06.2021 00:00:48.544,1.34584,1.34568,1000000,1000000
24.06.2021 00:01:00.545,1.34585,1.34568,2000000,1000000
24.06.2021 00:01:00.836,1.3458200000000002,1.34569,1000000,1000000
24.06.2021 00:01:00.937,1.3458200000000002,1.3456700000000001,1500000,1000000
24.06.2021 00:01:06.184,1.3458200000000002,1.34566,1000000,1000000
24.06.2021 00:01:07.185,1.3458100000000002,1.3456700000000001,1000000,1000000
24.06.2021 00:01:08.241,1.3458200000000002,1.3456700000000001,1620000.0048,1000000
24.06.2021 00:01:09.039,1.3458,1.34566,1000000,1000000
24.06.2021 00:01:09.890,1.3458,1.34564,1000000,1000000
24.06.2021 00:01:09.941,1.34578,1.34562,1000000,1000000
24.06.2021 00:01:10.238,1.3457700000000001,1.3456000000000001,1000000,1000000
24.06.2021 00:01:10.339,1.3457700000000001,1.3456000000000001,1500000,1000000
24.06.2021 00:01:10.649,1.34574,1.34558,1000000,1000000
24.06.2021 00:01:10.891,1.34573,1.34559,1620000.0048,1000000
24.06.2021 00:01:11.276,1.34572,1.34558,1120000.0048,1000000
24.06.2021 00:01:14.951,1.34574,1.34559,1000000,1000000
24.06.2021 00:01:16.902,1.34574,1.3456000000000001,1120000.0048,1000000
24.06.2021 00:01:17.006,1.34575,1.3456100000000002,1620000.0048,1000000
24.06.2021 00:01:17.164,1.34575,1.34562,1000000,1000000
24.06.2021 00:01:17.533,1.3457700000000001,1.34562,1120000.0048,1000000
24.06.2021 00:01:21.335,1.34576,1.3456100000000002,1000000,1000000
24.06.2021 00:01:26.388,1.3457700000000001,1.34562,1620000.0048,1000000
24.06.2021 00:01:27.340,1.3457700000000001,1.34562,1120000.0048,1000000
24.06.2021 00:01:31.427,1.34578,1.3456100000000002,1500000,1000000
24.06.2021 00:01:31.528,1.3457700000000001,1.3456000000000001,1500000,1000000
24.06.2021 00:01:32.428,1.3457700000000001,1.3456000000000001,1120000.0048,1000000
24.06.2021 00:01:34.903,1.34574,1.34558,1000000,1000000
24.06.2021 00:01:35.344,1.34572,1.34559,1000000,1000000
24.06.2021 00:01:35.762,1.34574,1.34558,1120000.0048,1000000
24.06.2021 00:01:36.481,1.34574,1.3456100000000002,1000000,1000000
24.06.2021 00:01:36.689,1.34576,1.3456000000000001,1700000.0477,1000000
24.06.2021 00:01:36.790,1.34575,1.3456100000000002,1120000.0048,1000000
24.06.2021 00:01:37.331,1.34576,1.3456100000000002,1000000,1000000
24.06.2021 00:01:37.432,1.34578,1.3456299999999999,1620000.0048,1000000
24.06.2021 00:01:38.369,1.34579,1.34562,1000000,1000000
24.06.2021 00:01:42.098,1.34576,1.3456000000000001,1000000,1000000
24.06.2021 00:01:43.568,1.34574,1.3456000000000001,1000000,1000000
24.06.2021 00:01:47.053,1.34576,1.34562,1870000.0048,1000000
24.06.2021 00:01:50.430,1.34578,1.34562,1120000.0048,1000000
24.06.2021 00:01:54.310,1.3457700000000001,1.3456000000000001,1120000.0048,1000000
24.06.2021 00:01:59.360,1.34578,1.34562,1500000,1000000
24.06.2021 00:02:00.310,1.34578,1.3456299999999999,1120000.0048,1000000
24.06.2021 00:02:16.424,1.3458,1.34565,1000000,1000000
24.06.2021 00:02:16.474,1.34586,1.3456700000000001,2069999.9332,1000000
24.06.2021 00:02:16.741,1.3458700000000001,1.34569,1500000,1000000
24.06.2021 00:02:16.915,1.34588,1.3457100000000002,2069999.9332,1000000
24.06.2021 00:02:16.966,1.3459100000000002,1.34572,1509999.9905,1000000
24.06.2021 00:02:17.641,1.34589,1.34573,1120000.0048,1000000
24.06.2021 00:02:28.316,1.34589,1.34578,1120000.0048,1000000
24.06.2021 00:02:28.846,1.3459100000000002,1.34578,1000000,1000000
24.06.2021 00:02:30.398,1.3459400000000001,1.34578,1100000.0238,1000000
24.06.2021 00:02:30.549,1.34593,1.3458,1000000,1000000
24.06.2021 00:02:32.515,1.34596,1.34579,1500000,1000000
24.06.2021 00:02:38.650,1.34595,1.3458200000000002,1500000,1000000
24.06.2021 00:02:38.751,1.346,1.3458700000000001,1600000.0238,1000000
24.06.2021 00:02:38.902,1.34603,1.34586,1500000,1000000
24.06.2021 00:02:39.004,1.346,1.34586,1000000,1000000
24.06.2021 00:02:39.105,1.3460400000000001,1.34589,1500000,1000000
24.06.2021 00:02:39.156,1.34603,1.34586,1500000,1000000
24.06.2021 00:02:40.301,1.34603,1.34586,1000000,1000000
24.06.2021 00:02:41.737,1.34605,1.3458700000000001,1500000,1000000
24.06.2021 00:02:43.201,1.34605,1.3458700000000001,1000000,1000000
24.06.2021 00:02:44.734,1.34605,1.3459,1000000,1000000
24.06.2021 00:02:55.109,1.34603,1.34589,1000000,1000000
24.06.2021 00:03:29.020,1.3460100000000002,1.34588,1000000,1000000
24.06.2021 00:03:29.523,1.3460100000000002,1.34586,1000000,1000000
24.06.2021 00:03:30.051,1.3460100000000002,1.34585,1500000,1000000
24.06.2021 00:03:31.040,1.34599,1.34585,1000000,1000000
24.06.2021 00:03:32.849,1.34598,1.3458200000000002,1000000,1000000
24.06.2021 00:03:34.271,1.34596,1.3458200000000002,1000000,1500000
24.06.2021 00:03:34.536,1.3460100000000002,1.34583,2099999.9046,1000000
24.06.2021 00:03:34.637,1.346,1.34584,2349999.9046,1000000
24.06.2021 00:03:35.636,1.34593,1.34584,1000000,1000000
24.06.2021 00:03:35.737,1.34593,1.34583,1000000,1000000
24.06.2021 00:03:39.973,1.3459400000000001,1.34584,1000000,1000000
24.06.2021 00:03:42.419,1.3459400000000001,1.34585,1000000,1000000
24.06.2021 00:03:42.470,1.34598,1.3458700000000001,1120000.0048,1000000
24.06.2021 00:03:42.520,1.34599,1.34588,1120000.0048,1000000
24.06.2021 00:03:42.722,1.34599,1.3459,1000000,1000000
24.06.2021 00:03:42.974,1.3460200000000002,1.3459200000000002,1000000,1000000
24.06.2021 00:03:43.025,1.34608,1.3459200000000002,2099999.9046,1000000
24.06.2021 00:03:43.176,1.34609,1.3459100000000002,1600000.0238,1000000
24.06.2021 00:03:43.227,1.3461100000000001,1.34595,1100000.0238,1000000
24.06.2021 00:03:43.394,1.3461100000000001,1.34595,1100000.0238,1000000
24.06.2021 00:03:43.444,1.34608,1.34595,1000000,1000000
24.06.2021 00:03:43.908,1.34607,1.34598,1000000,1000000
24.06.2021 00:03:44.009,1.34607,1.34599,1000000,1000000
24.06.2021 00:03:44.110,1.34607,1.346,1000000,1000000
24.06.2021 00:03:45.701,1.34615,1.346,2750000,1000000
24.06.2021 00:03:45.921,1.34616,1.34599,1120000.0048,1000000
24.06.2021 00:03:48.657,1.34615,1.346,1000000,1000000
24.06.2021 00:03:48.758,1.3461400000000001,1.34605,1000000,1000000
24.06.2021 00:03:48.809,1.3462200000000002,1.3460400000000001,1509999.9905,1000000
24.06.2021 00:03:48.910,1.3462100000000001,1.34605,1509999.9905,1000000
24.06.2021 00:03:48.960,1.34623,1.34608,3099999.9046,1000000
24.06.2021 00:03:49.061,1.34624,1.34609,1600000.0238,1000000
24.06.2021 00:03:52.721,1.34626,1.3461100000000001,2069999.9332,1000000
24.06.2021 00:03:52.822,1.34629,1.3461100000000001,2259999.9905,1000000
24.06.2021 00:03:52.923,1.34628,1.3461200000000002,1759999.9905,1000000
24.06.2021 00:03:53.081,1.34628,1.3461200000000002,1509999.9905,1000000
24.06.2021 00:03:53.182,1.34626,1.3461200000000002,1000000,1000000
24.06.2021 00:03:55.906,1.34626,1.3461100000000001,1500000,1000000
24.06.2021 00:03:55.956,1.3462500000000002,1.34609,1500000,1000000
24.06.2021 00:03:56.057,1.34623,1.34606,2250000,1000000
24.06.2021 00:03:56.108,1.3462100000000001,1.34605,1000000,1000000
24.06.2021 00:03:56.209,1.34618,1.34606,1000000,1000000
24.06.2021 00:03:57.079,1.3462100000000001,1.34605,1850000.0238,1000000
24.06.2021 00:03:58.251,1.3462100000000001,1.34605,1850000.0238,1000000
24.06.2021 00:04:01.640,1.3462,1.34603,1600000.0238,1000000
24.06.2021 00:04:02.644,1.34618,1.3460200000000002,1000000,1000000
24.06.2021 00:04:02.745,1.34616,1.3460100000000002,2000000,1000000
24.06.2021 00:04:02.847,1.3461400000000001,1.3460100000000002,1000000,1000000
24.06.2021 00:04:02.948,1.34615,1.34599,1100000.0238,1000000
24.06.2021 00:04:03.382,1.34616,1.34599,1950000.0477,1000000
24.06.2021 00:04:05.581,1.34616,1.34599,1970000.0286,1000000
24.06.2021 00:04:10.788,1.34613,1.34597,1100000.0238,1000000
24.06.2021 00:04:10.838,1.3461100000000001,1.34596,1000000,1000000
24.06.2021 00:04:10.939,1.3461100000000001,1.34595,1000000,1000000
24.06.2021 00:04:11.051,1.3461100000000001,1.34596,1200000.0477,1000000
24.06.2021 00:04:11.152,1.3461100000000001,1.3459400000000001,1570000.0525,1000000
24.06.2021 00:04:11.253,1.3461100000000001,1.3459400000000001,2069999.9332,1000000
24.06.2021 00:04:33.173,1.34607,1.34593,1000000,1000000
24.06.2021 00:04:34.218,1.34607,1.3459100000000002,1000000,1000000
24.06.2021 00:04:34.620,1.34605,1.34589,1000000,1000000
24.06.2021 00:04:35.398,1.34603,1.34589,1000000,1000000
24.06.2021 00:04:35.499,1.3460100000000002,1.34585,1000000,1000000
24.06.2021 00:04:35.751,1.346,1.34584,1000000,1000000
24.06.2021 00:04:36.783,1.346,1.34583,1000000,1000000
24.06.2021 00:04:36.884,1.34597,1.34583,1000000,1000000
24.06.2021 00:04:38.865,1.34596,1.3458200000000002,1000000,1000000
24.06.2021 00:04:38.966,1.34595,1.34579,1000000,1000000
24.06.2021 00:04:57.331,1.3459200000000002,1.34578,1000000,1000000
24.06.2021 00:04:57.482,1.3459,1.34576,1000000,1000000
24.06.2021 00:04:58.522,1.34588,1.34574,1000000,1000000
24.06.2021 00:05:02.697,1.34588,1.34572,1000000,1000000
24.06.2021 00:05:05.158,1.34589,1.34574,1000000,1000000
24.06.2021 00:05:05.259,1.34586,1.34575,1000000,1000000
24.06.2021 00:05:05.410,1.34586,1.34574,1000000,1000000
24.06.2021 00:05:05.461,1.34586,1.34572,1100000.0238,1000000
24.06.2021 00:05:06.026,1.34585,1.3457100000000002,1000000,1000000
24.06.2021 00:05:31.987,1.34584,1.34575,1000000,1000000
24.06.2021 00:05:32.239,1.3459,1.34578,1000000,1000000
24.06.2021 00:05:33.211,1.3458700000000001,1.3457700000000001,1000000,1000000
24.06.2021 00:05:34.826,1.34595,1.3457700000000001,2099999.9046,1000000
24.06.2021 00:05:39.782,1.3459400000000001,1.34578,1600000.0238,1000000
24.06.2021 00:05:47.057,1.34595,1.34579,1850000.0238,1000000
24.06.2021 00:05:47.158,1.3459200000000002,1.3458,1000000,1000000
24.06.2021 00:05:47.310,1.3459200000000002,1.3458200000000002,1000000,1000000
24.06.2021 00:05:47.411,1.34593,1.34583,1000000,1000000
24.06.2021 00:05:47.612,1.34599,1.34584,1200000.0477,1000000
24.06.2021 00:05:47.714,1.34599,1.34585,1120000.0048,1000000
24.06.2021 00:05:47.815,1.346,1.34585,1120000.0048,1000000
24.06.2021 00:05:48.208,1.34599,1.34588,1120000.0048,1000000
24.06.2021 00:05:49.172,1.34603,1.3458700000000001,2069999.9332,1000000
24.06.2021 00:05:49.273,1.34603,1.34589,2069999.9332,1000000
24.06.2021 00:05:49.374,1.3460400000000001,1.34588,1950000.0477,1000000
24.06.2021 00:05:49.481,1.34608,1.3459,2849999.9046,1000000
24.06.2021 00:05:49.582,1.34609,1.3459,1250000,1000000
24.06.2021 00:05:49.683,1.3461,1.3459400000000001,1820000.0525,1000000
24.06.2021 00:05:49.784,1.34613,1.34596,1389999.9857,1000000
24.06.2021 00:05:49.938,1.3461400000000001,1.34598,1970000.0286,1000000
24.06.2021 00:05:49.989,1.3461400000000001,1.346,1200000.0477,1000000
24.06.2021 00:05:50.090,1.34618,1.34599,2160000.0858,1000000
24.06.2021 00:05:50.191,1.34618,1.34599,1100000.0238,1000000
24.06.2021 00:05:50.242,1.3462,1.34605,2160000.0858,1000000
24.06.2021 00:05:50.343,1.3462,1.34605,1100000.0238,1000000
24.06.2021 00:05:50.444,1.34623,1.34605,1789999.9619,1000000
24.06.2021 00:05:50.545,1.34624,1.34607,1470000.0286,1000000
24.06.2021 00:05:50.696,1.34624,1.3461,1850000.0238,1000000
24.06.2021 00:05:50.798,1.3462500000000002,1.34609,1100000.0238,1000000
24.06.2021 00:05:50.984,1.34626,1.34609,1100000.0238,1000000
24.06.2021 00:05:51.991,1.34623,1.3461,1000000,1000000
24.06.2021 00:05:54.529,1.34627,1.34609,1409999.9666,1000000
24.06.2021 00:06:00.077,1.3462100000000001,1.34607,1000000,1000000
24.06.2021 00:06:00.181,1.3462,1.34606,1000000,1000000
24.06.2021 00:06:08.277,1.34618,1.34603,1000000,1500000
24.06.2021 00:06:12.939,1.34617,1.346,1000000,1500000
24.06.2021 00:06:13.140,1.34615,1.3460100000000002,1000000,1500000
24.06.2021 00:06:13.242,1.3461,1.3460100000000002,1000000,1000000
24.06.2021 00:06:13.393,1.34615,1.3460100000000002,1100000.0238,1000000
24.06.2021 00:06:13.443,1.34615,1.3460100000000002,1600000.0238,1000000
24.06.2021 00:06:13.494,1.34607,1.3459,1000000,1000000
24.06.2021 00:06:13.595,1.3460400000000001,1.3458700000000001,1000000,1000000
24.06.2021 00:06:13.746,1.3460100000000002,1.34586,1000000,1000000
24.06.2021 00:06:13.847,1.3460100000000002,1.34584,1000000,1120000.0048
24.06.2021 00:06:13.949,1.34597,1.3458,1000000,3309999.9428
24.06.2021 00:06:14.168,1.34596,1.3458,1000000,1000000
24.06.2021 00:06:14.219,1.3459400000000001,1.3458,1000000,1000000
24.06.2021 00:06:14.716,1.34593,1.3458,1000000,1000000
24.06.2021 00:06:16.286,1.3459400000000001,1.34578,1000000,1000000
24.06.2021 00:06:16.387,1.3459400000000001,1.3457700000000001,1000000,1120000.0048
24.06.2021 00:06:21.356,1.3459400000000001,1.3458,1000000,1000000
24.06.2021 00:06:24.596,1.3459400000000001,1.34579,1000000,1000000
24.06.2021 00:06:24.697,1.34593,1.34576,1000000,1000000
24.06.2021 00:06:25.269,1.3459,1.34575,1000000,1500000
24.06.2021 00:06:25.319,1.34589,1.34574,1000000,1870000.0048
24.06.2021 00:06:25.420,1.34589,1.34573,1000000,1120000.0048
24.06.2021 00:06:25.521,1.34588,1.34573,1000000,1120000.0048
24.06.2021 00:06:27.419,1.3458700000000001,1.34573,1000000,1000000
24.06.2021 00:06:29.539,1.34589,1.34575,1000000,1000000
24.06.2021 00:06:41.119,1.3459100000000002,1.34574,1500000,1000000
24.06.2021 00:06:42.327,1.3459,1.34575,1100000.0238,1000000
24.06.2021 00:06:43.012,1.34589,1.34574,1100000.0238,1000000
24.06.2021 00:06:43.275,1.3458700000000001,1.34572,1000000,1000000
24.06.2021 00:07:55.411,1.34586,1.3457000000000001,1000000,1000000
24.06.2021 00:07:55.758,1.34585,1.3457100000000002,1100000.0238,1000000
24.06.2021 00:07:55.871,1.34584,1.3457000000000001,1100000.0238,1000000
24.06.2021 00:07:56.317,1.34585,1.34569,1200000.0477,1000000
24.06.2021 00:07:56.566,1.34584,1.3457000000000001,1220000.0286,1000000
24.06.2021 00:08:00.901,1.34584,1.3457000000000001,1200000.0477,1000000
24.06.2021 00:08:12.585,1.34585,1.34569,1100000.0238,1000000
24.06.2021 00:08:13.141,1.34585,1.34569,1100000.0238,1000000
24.06.2021 00:08:13.472,1.34584,1.3457000000000001,1100000.0238,1000000
24.06.2021 00:08:13.703,1.34585,1.34569,1100000.0238,1000000
24.06.2021 00:08:14.938,1.34584,1.3457000000000001,1100000.0238,1000000
24.06.2021 00:08:15.505,1.34584,1.3457000000000001,1100000.0238,1000000
24.06.2021 00:08:21.425,1.34586,1.34569,1100000.0238,1000000
24.06.2021 00:08:53.358,1.34586,1.3457000000000001,1100000.0238,1000000
24.06.2021 00:08:54.274,1.3458700000000001,1.34572,1100000.0238,1000000
24.06.2021 00:08:54.375,1.3458700000000001,1.3457100000000002,1000000,1000000
24.06.2021 00:08:54.526,1.3458700000000001,1.34572,1000000,1500000
24.06.2021 00:08:54.694,1.34589,1.34574,1000000,1000000
24.06.2021 00:08:54.845,1.3459,1.34576,1100000.0238,1000000
24.06.2021 00:08:58.799,1.3459200000000002,1.3457700000000001,2069999.9332,1000000
24.06.2021 00:08:58.966,1.3459200000000002,1.3457700000000001,1100000.0238,1000000
24.06.2021 00:08:59.442,1.3459400000000001,1.3457700000000001,1100000.0238,1000000
24.06.2021 00:08:59.546,1.3459100000000002,1.3457700000000001,1000000,1000000
24.06.2021 00:09:00.516,1.3459100000000002,1.34579,1000000,1000000
24.06.2021 00:09:00.566,1.34596,1.34579,1600000.0238,1000000
24.06.2021 00:09:02.217,1.34599,1.3458100000000002,2700000.0477,1000000
24.06.2021 00:09:02.268,1.34596,1.34583,1000000,1000000
24.06.2021 00:09:02.419,1.3460100000000002,1.34584,3789999.9619,1000000
24.06.2021 00:09:02.520,1.3460200000000002,1.34583,2099999.9046,1000000
24.06.2021 00:09:30.940,1.3460100000000002,1.34584,1200000.0477,1000000
24.06.2021 00:09:30.991,1.3460100000000002,1.34586,1200000.0477,1000000
24.06.2021 00:09:31.216,1.3460400000000001,1.3458700000000001,2069999.9332,1000000
24.06.2021 00:09:31.367,1.34603,1.34588,1570000.0525,1000000
24.06.2021 00:09:32.219,1.3460400000000001,1.34589,1950000.0477,1000000
24.06.2021 00:09:32.270,1.34605,1.34588,2069999.9332,1000000
24.06.2021 00:09:33.804,1.3460400000000001,1.34588,1100000.0238,1000000
24.06.2021 00:09:39.284,1.346,1.34589,1000000,1000000
24.06.2021 00:09:43.484,1.34603,1.34589,1500000,1000000
24.06.2021 00:09:44.726,1.34603,1.3459100000000002,1500000,1000000
24.06.2021 00:09:46.525,1.34606,1.3459100000000002,3599999.9046,1000000
24.06.2021 00:09:47.396,1.3460100000000002,1.3459100000000002,1000000,1000000
24.06.2021 00:09:47.771,1.3460100000000002,1.34593,1000000,1000000
24.06.2021 00:09:48.899,1.3460200000000002,1.34593,1000000,1000000
24.06.2021 00:09:48.950,1.3460200000000002,1.34583,1000000,1720000.0286
24.06.2021 00:09:49.051,1.34607,1.34597,1000000,1000000
24.06.2021 00:09:49.203,1.34613,1.34596,1100000.0238,1000000
24.06.2021 00:09:52.495,1.34613,1.34596,1500000,1000000
24.06.2021 00:10:06.257,1.3461,1.3459400000000001,1000000,1000000
24.06.2021 00:10:07.197,1.34608,1.3459400000000001,1000000,1000000
24.06.2021 00:10:08.654,1.34607,1.3459100000000002,1000000,1000000
24.06.2021 00:10:52.313,1.34606,1.3459,1000000,1500000
24.06.2021 00:11:01.239,1.34608,1.3459200000000002,1000000,1000000
24.06.2021 00:11:12.733,1.34609,1.34595,1000000,1000000
24.06.2021 00:11:12.834,1.34609,1.34597,1000000,1000000
24.06.2021 00:11:13.101,1.3461200000000002,1.34596,1000000,1000000
24.06.2021 00:11:13.152,1.3461400000000001,1.34598,1000000,1000000
24.06.2021 00:11:14.118,1.34615,1.3460100000000002,1500000,1000000
24.06.2021 00:11:28.794,1.34616,1.34603,1000000,1000000
24.06.2021 00:11:28.895,1.34618,1.3460200000000002,1000000,1000000
24.06.2021 00:11:33.851,1.34616,1.3460200000000002,1000000,1000000
24.06.2021 00:11:36.172,1.34618,1.3460200000000002,1000000,1000000
24.06.2021 00:11:36.787,1.3462,1.34606,1000000,1000000
24.06.2021 00:11:36.888,1.3462200000000002,1.34607,1000000,1000000
24.06.2021 00:11:36.989,1.34623,1.34609,1000000,1000000
24.06.2021 00:11:41.455,1.3462500000000002,1.34609,1000000,1000000
24.06.2021 00:11:42.263,1.34627,1.3461200000000002,1000000,1000000
24.06.2021 00:11:53.929,1.34626,1.3461400000000001,1000000,1000000
24.06.2021 00:11:56.077,1.34626,1.34615,1000000,1000000
24.06.2021 00:11:56.128,1.3463100000000001,1.3461400000000001,1120000.0048,1000000
24.06.2021 00:11:57.183,1.3463200000000002,1.34617,1000000,1000000
24.06.2021 00:11:57.334,1.34633,1.34618,3369999.8856,1000000
24.06.2021 00:11:58.503,1.34634,1.3462,2000000,1000000
24.06.2021 00:12:00.300,1.34636,1.3462,1000000,1000000
24.06.2021 00:12:00.401,1.34636,1.3462100000000001,1000000,1000000
24.06.2021 00:12:00.452,1.34639,1.3462200000000002,1000000,1000000
24.06.2021 00:12:00.603,1.3464200000000002,1.34626,1500000,1000000
24.06.2021 00:12:00.654,1.34643,1.34628,1500000,1000000
24.06.2021 00:12:00.755,1.3464500000000001,1.34628,1500000,1000000
24.06.2021 00:12:01.387,1.34646,1.34629,1120000.0048,1000000
24.06.2021 00:12:01.635,1.34646,1.3463100000000001,1000000,1000000
24.06.2021 00:12:05.049,1.3464500000000001,1.34629,1000000,1000000
24.06.2021 00:12:05.150,1.34639,1.34623,1000000,1000000
24.06.2021 00:12:05.251,1.34637,1.3462100000000001,1000000,1000000
24.06.2021 00:12:10.815,1.3463500000000002,1.3462100000000001,1000000,1000000
24.06.2021 00:12:11.780,1.34634,1.34618,1000000,1000000
24.06.2021 00:12:12.042,1.34633,1.34617,1000000,1000000
24.06.2021 00:12:26.835,1.34634,1.34618,1000000,1000000
24.06.2021 00:12:27.630,1.34636,1.3462,1100000.0238,1000000
24.06.2021 00:13:02.710,1.3463500000000002,1.34619,1000000,1000000
24.06.2021 00:13:04.065,1.34633,1.34619,1000000,1000000
24.06.2021 00:13:45.352,1.3463200000000002,1.34616,1000000,1500000
24.06.2021 00:13:45.453,1.3463,1.3461400000000001,1000000,1000000
24.06.2021 00:13:48.150,1.3463,1.34616,1000000,1000000
24.06.2021 00:13:48.302,1.34629,1.34613,1000000,1000000
24.06.2021 00:14:07.087,1.3462500000000002,1.3461100000000001,1000000,1120000.0048
24.06.2021 00:14:07.188,1.3462500000000002,1.34609,1000000,1500000
24.06.2021 00:14:07.469,1.34624,1.3461,1000000,1000000
24.06.2021 00:14:07.715,1.34623,1.34607,1000000,1500000
24.06.2021 00:14:08.320,1.34623,1.34607,1000000,1120000.0048
24.06.2021 00:14:12.311,1.3462200000000002,1.34606,1000000,1120000.0048
24.06.2021 00:14:12.412,1.34617,1.3460200000000002,1000000,1870000.0048
24.06.2021 00:14:12.514,1.34613,1.34599,1000000,1120000.0048
24.06.2021 00:14:36.396,1.34616,1.346,1570000.0525,1000000
24.06.2021 00:14:36.497,1.34616,1.346,1220000.0286,1000000
24.06.2021 00:14:36.547,1.34613,1.34599,1000000,1000000
24.06.2021 00:14:36.648,1.34613,1.34598,1000000,1000000
24.06.2021 00:14:38.024,1.3461200000000002,1.34598,1950000.0477,1000000
24.06.2021 00:14:38.125,1.3461200000000002,1.34598,1970000.0286,1000000
24.06.2021 00:14:48.250,1.3461200000000002,1.34598,1720000.0286,1000000
24.06.2021 00:14:48.434,1.3461,1.3459400000000001,1220000.0286,1000000
24.06.2021 00:14:48.535,1.34609,1.34595,1850000.0238,1000000
24.06.2021 00:14:48.686,1.34608,1.34593,1100000.0238,1000000
24.06.2021 00:14:48.736,1.34607,1.3459200000000002,1100000.0238,1000000
24.06.2021 00:14:48.787,1.3460400000000001,1.3459,1200000.0477,1000000
24.06.2021 00:14:48.838,1.34603,1.34589,1000000,1000000
24.06.2021 00:14:49.890,1.34605,1.34589,1600000.0238,1000000
24.06.2021 00:14:49.991,1.34605,1.34589,1200000.0477,1000000
24.06.2021 00:14:51.786,1.3460400000000001,1.3459,1600000.0238,1000000
24.06.2021 00:14:56.360,1.34605,1.34589,1120000.0048,1000000
24.06.2021 00:14:57.082,1.34603,1.34589,1000000,1000000
24.06.2021 00:14:57.865,1.3460400000000001,1.3459,1000000,1000000
24.06.2021 00:15:01.354,1.34605,1.34589,1220000.0286,1000000
24.06.2021 00:15:01.405,1.3460400000000001,1.3458700000000001,1600000.0238,1000000
24.06.2021 00:15:02.354,1.3460200000000002,1.34586,1000000,1000000
24.06.2021 00:15:03.038,1.346,1.34586,1100000.0238,1000000
24.06.2021 00:15:03.088,1.34599,1.34585,1000000,1000000
24.06.2021 00:15:03.367,1.3460100000000002,1.34585,1570000.0525,1000000
24.06.2021 00:15:08.723,1.346,1.34586,1500000,1000000
24.06.2021 00:15:12.294,1.34599,1.34583,1000000,1000000
24.06.2021 00:15:12.395,1.34596,1.3458200000000002,1000000,1500000
24.06.2021 00:15:13.551,1.34596,1.3458100000000002,1000000,1000000
24.06.2021 00:15:38.790,1.34596,1.3458200000000002,1000000,1500000
24.06.2021 00:15:47.665,1.34598,1.34584,1000000,1000000
24.06.2021 00:15:47.917,1.346,1.34586,1000000,1000000
24.06.2021 00:15:51.282,1.34599,1.34583,1000000,1000000
24.06.2021 00:16:04.790,1.34598,1.3458200000000002,1000000,1000000
24.06.2021 00:16:13.621,1.34595,1.3458100000000002,1000000,1000000
24.06.2021 00:16:20.113,1.34598,1.3458200000000002,1000000,1000000
24.06.2021 00:16:49.695,1.346,1.34584,1000000,1000000
24.06.2021 00:16:50.051,1.346,1.34586,1000000,1000000
24.06.2021 00:16:50.432,1.34598,1.34584,1000000,1000000
24.06.2021 00:16:51.702,1.3460100000000002,1.3458700000000001,1500000,1000000
24.06.2021 00:16:51.804,1.3460200000000002,1.34589,1120000.0048,1000000
24.06.2021 00:16:52.413,1.34603,1.34589,1000000,1000000
24.06.2021 00:16:55.258,1.3460400000000001,1.3459,1000000,1000000
24.06.2021 00:16:55.386,1.34605,1.3459,1000000,1000000
24.06.2021 00:17:19.218,1.34607,1.3459100000000002,1000000,1000000
24.06.2021 00:17:20.990,1.3461,1.3459400000000001,1000000,1000000
24.06.2021 00:17:21.091,1.34613,1.34597,1000000,1000000
24.06.2021 00:17:22.110,1.3461100000000001,1.34598,1000000,1000000
24.06.2021 00:17:22.160,1.34608,1.3459400000000001,1000000,1000000
24.06.2021 00:17:22.513,1.34608,1.3459200000000002,1000000,1000000
24.06.2021 00:17:23.001,1.34609,1.34593,1000000,1000000
24.06.2021 00:17:25.151,1.3461,1.34596,1570000.0525,1000000
24.06.2021 00:17:37.627,1.3461,1.34595,1000000,1000000
24.06.2021 00:17:37.748,1.34609,1.34595,1500000,1000000
24.06.2021 00:17:40.595,1.34609,1.34595,1700000.0477,1000000
24.06.2021 00:17:44.811,1.34609,1.34595,1000000,1000000
24.06.2021 00:17:45.242,1.3461,1.34596,1500000,1000000
24.06.2021 00:17:45.901,1.3461,1.34596,1600000.0238,1000000
24.06.2021 00:17:48.771,1.3461,1.34596,2619999.8856,1000000
24.06.2021 00:17:50.751,1.34609,1.34596,1000000,1000000
24.06.2021 00:17:54.829,1.3461100000000001,1.34595,1870000.0048,1000000
24.06.2021 00:17:55.143,1.34609,1.34593,1000000,1000000
24.06.2021 00:18:00.193,1.34607,1.3459200000000002,1000000,1000000
24.06.2021 00:18:23.431,1.34605,1.3459100000000002,1000000,1000000
24.06.2021 00:18:31.919,1.34606,1.3459200000000002,1870000.0048,1000000
24.06.2021 00:18:33.185,1.34609,1.34593,1000000,1000000
24.06.2021 00:19:02.547,1.3461,1.34596,1000000,1000000
24.06.2021 00:19:21.846,1.34613,1.34597,1000000,1000000
24.06.2021 00:19:27.182,1.34613,1.34599,1000000,1000000
24.06.2021 00:19:28.097,1.34613,1.34599,1000000,1500000
24.06.2021 00:19:28.198,1.34613,1.34599,1000000,1100000.0238
24.06.2021 00:19:37.843,1.3461200000000002,1.34598,1000000,1500000
24.06.2021 00:19:38.943,1.3461200000000002,1.34598,1000000,1120000.0048
24.06.2021 00:19:42.845,1.34613,1.34599,1000000,1000000
24.06.2021 00:19:50.177,1.3461100000000001,1.34596,1000000,1000000
24.06.2021 00:19:50.672,1.3461,1.34595,1000000,1000000
24.06.2021 00:19:50.773,1.3461,1.3459400000000001,1000000,1000000
24.06.2021 00:19:52.222,1.34608,1.3459400000000001,1000000,1000000
24.06.2021 00:20:21.125,1.34606,1.3459200000000002,1000000,1000000
24.06.2021 00:20:25.870,1.34605,1.3459100000000002,1000000,1000000
24.06.2021 00:20:44.709,1.346,1.3458700000000001,1250000,1000000
24.06.2021 00:20:44.810,1.34595,1.3458200000000002,1100000.0238,1000000
24.06.2021 00:20:44.861,1.34593,1.34579,1000000,1500000
24.06.2021 00:20:44.912,1.34593,1.3457700000000001,1000000,1000000
24.06.2021 00:20:45.165,1.3459400000000001,1.34578,1000000,1000000
24.06.2021 00:20:45.266,1.3459200000000002,1.34578,1000000,1000000
24.06.2021 00:20:47.232,1.3459100000000002,1.3457700000000001,1000000,1000000
24.06.2021 00:20:49.001,1.34589,1.34575,1000000,1000000
24.06.2021 00:20:49.266,1.34588,1.34574,1000000,1000000
24.06.2021 00:20:50.702,1.3459100000000002,1.34575,1000000,1000000
24.06.2021 00:20:54.282,1.3459200000000002,1.34578,1000000,1000000
24.06.2021 00:20:54.383,1.3459400000000001,1.34578,1000000,1000000
24.06.2021 00:20:55.323,1.34595,1.3458100000000002,1000000,1000000
24.06.2021 00:20:56.716,1.34593,1.34579,1000000,1500000
24.06.2021 00:21:02.427,1.34595,1.3458100000000002,1000000,1000000
24.06.2021 00:21:06.303,1.34596,1.3458200000000002,1000000,1000000
24.06.2021 00:21:06.645,1.34598,1.34584,1000000,1000000
24.06.2021 00:21:09.320,1.3460200000000002,1.34586,1000000,1000000
24.06.2021 00:21:11.201,1.3460200000000002,1.34588,1000000,1000000
24.06.2021 00:21:14.526,1.3460100000000002,1.3458700000000001,1000000,1120000.0048
24.06.2021 00:21:24.320,1.3460200000000002,1.34588,1000000,1500000
24.06.2021 00:21:24.371,1.34606,1.3459,1000000,1000000
24.06.2021 00:21:25.059,1.3460400000000001,1.3459,1000000,1000000
24.06.2021 00:21:27.515,1.3460400000000001,1.34588,1000000,1000000
24.06.2021 00:21:28.112,1.34605,1.34589,1000000,1000000
24.06.2021 00:21:28.940,1.34608,1.3459100000000002,1500000,1120000.0048
24.06.2021 00:21:28.991,1.34608,1.3459400000000001,1000000,1000000
24.06.2021 00:21:29.041,1.3461,1.3459400000000001,1000000,1000000
24.06.2021 00:21:30.087,1.34609,1.34598,1000000,1000000
24.06.2021 00:21:30.279,1.3461,1.34598,1000000,1000000
24.06.2021 00:21:32.913,1.3461,1.34596,1000000,1000000
24.06.2021 00:22:04.703,1.3461200000000002,1.34595,1000000,1120000.0048
24.06.2021 00:22:04.754,1.3461100000000001,1.3460100000000002,1000000,1000000
24.06.2021 00:22:04.804,1.3461100000000001,1.34597,1000000,1100000.0238
24.06.2021 00:22:04.855,1.34615,1.34599,1000000,1000000
24.06.2021 00:22:04.956,1.3461200000000002,1.34598,1000000,1000000
24.06.2021 00:22:05.057,1.34615,1.346,1000000,2059999.9428
24.06.2021 00:22:05.158,1.34618,1.34605,1000000,1000000
24.06.2021 00:22:05.309,1.3462,1.34606,1000000,1000000
24.06.2021 00:22:20.857,1.34618,1.3460400000000001,1000000,1500000
24.06.2021 00:22:20.958,1.34616,1.346,1000000,1000000
24.06.2021 00:22:21.059,1.34613,1.34597,1000000,1600000.0238
24.06.2021 00:22:21.110,1.34615,1.34599,1000000,1500000
24.06.2021 00:22:21.161,1.3461200000000002,1.34598,1000000,1500000
24.06.2021 00:22:21.312,1.3461200000000002,1.3460100000000002,1000000,1000000
24.06.2021 00:22:22.377,1.3461100000000001,1.346,1000000,1000000
24.06.2021 00:22:25.601,1.3461,1.34596,1000000,1500000
24.06.2021 00:22:25.779,1.3461200000000002,1.34598,1000000,1120000.0048
24.06.2021 00:23:16.625,1.3461400000000001,1.346,1000000,1000000
24.06.2021 00:23:16.726,1.34615,1.3460100000000002,1000000,1000000
24.06.2021 00:23:17.298,1.34619,1.3460200000000002,1000000,1500000
24.06.2021 00:23:17.449,1.3462,1.34603,1000000,1500000
24.06.2021 00:23:17.600,1.3462100000000001,1.34606,1000000,1000000
24.06.2021 00:23:18.449,1.3462200000000002,1.34606,1000000,1000000
24.06.2021 00:23:22.433,1.3462200000000002,1.34605,1000000,1500000
24.06.2021 00:23:27.409,1.3462100000000001,1.34606,1000000,1500000
24.06.2021 00:23:36.862,1.3462200000000002,1.34608,1000000,1000000
24.06.2021 00:23:36.912,1.34624,1.3461,1000000,1309999.9428
24.06.2021 00:23:36.963,1.34627,1.34613,1000000,1120000.0048
24.06.2021 00:23:37.013,1.3463,1.3461400000000001,1909999.9666,1120000.0048
24.06.2021 00:23:37.114,1.34629,1.34615,1000000,1000000
24.06.2021 00:23:37.215,1.34626,1.3461,1000000,1000000
24.06.2021 00:23:37.316,1.34623,1.34609,1000000,1000000
24.06.2021 00:23:39.091,1.34627,1.3461200000000002,1000000,1000000
24.06.2021 00:23:39.192,1.3463,1.3461400000000001,1000000,1000000
24.06.2021 00:23:39.243,1.3463100000000001,1.34617,1000000,1000000
24.06.2021 00:23:47.527,1.34634,1.34619,1000000,1250000
24.06.2021 00:23:47.578,1.34636,1.3462200000000002,1500000,1000000
24.06.2021 00:23:47.629,1.3464,1.34624,1909999.9666,1000000
24.06.2021 00:23:47.679,1.3463500000000002,1.3462200000000002,1000000,1000000
24.06.2021 00:23:47.780,1.34636,1.3462,1000000,1000000
24.06.2021 00:24:08.426,1.34638,1.3462200000000002,1000000,1000000
24.06.2021 00:24:11.671,1.3463500000000002,1.3462100000000001,1000000,1000000
24.06.2021 00:24:13.278,1.34634,1.3462,1000000,1000000
24.06.2021 00:24:26.748,1.34636,1.3462,1000000,1000000
24.06.2021 00:25:04.600,1.34637,1.3462100000000001,1000000,1000000
24.06.2021 00:25:05.026,1.34639,1.34623,1000000,1000000
24.06.2021 00:25:13.332,1.3464,1.34626,1000000,1000000
24.06.2021 00:25:26.210,1.34638,1.34624,1000000,1000000
24.06.2021 00:25:41.049,1.3464,1.34626,1000000,1000000
24.06.2021 00:25:41.302,1.3464,1.34624,1000000,1000000
24.06.2021 00:25:43.669,1.3464,1.3462500000000002,1000000,1000000
24.06.2021 00:25:44.187,1.34638,1.34623,1000000,1600000.0238
24.06.2021 00:25:44.288,1.34638,1.34623,1000000,1100000.0238
24.06.2021 00:25:53.681,1.34637,1.3462100000000001,1000000,1000000
24.06.2021 00:25:53.832,1.3463500000000002,1.3462,1000000,1120000.0048
24.06.2021 00:25:54.034,1.3463500000000002,1.34619,1000000,1000000
24.06.2021 00:25:54.386,1.34634,1.34618,1000000,1000000
24.06.2021 00:26:09.591,1.3463200000000002,1.34616,1000000,1500000
24.06.2021 00:26:11.551,1.3463100000000001,1.34616,1000000,1220000.0286
24.06.2021 00:26:11.652,1.3463,1.34615,1000000,2470000.0286
24.06.2021 00:26:12.555,1.3463100000000001,1.3461400000000001,1000000,1600000.0238
24.06.2021 00:26:14.612,1.3463200000000002,1.34617,1000000,1000000
24.06.2021 00:26:22.544,1.34629,1.34615,1000000,2470000.0286
24.06.2021 00:26:23.785,1.3463,1.3461400000000001,1000000,1500000
24.06.2021 00:26:27.546,1.3463200000000002,1.34616,1000000,1000000
24.06.2021 00:26:36.980,1.3463200000000002,1.34618,1000000,1100000.0238
24.06.2021 00:26:37.262,1.3463200000000002,1.34616,1000000,1120000.0048
24.06.2021 00:26:42.227,1.34633,1.34618,1000000,1000000
24.06.2021 00:26:56.089,1.3463500000000002,1.34619,1000000,1000000
24.06.2021 00:27:12.581,1.34633,1.34617,1000000,1000000
24.06.2021 00:27:26.333,1.3463200000000002,1.3462,1000000,1000000
24.06.2021 00:27:26.635,1.3463200000000002,1.3462200000000002,1000000,1000000
24.06.2021 00:27:26.736,1.34633,1.3462200000000002,1000000,1000000
24.06.2021 00:27:30.078,1.34638,1.3462200000000002,1000000,1000000
24.06.2021 00:28:00.754,1.34637,1.3462200000000002,1000000,1000000
24.06.2021 00:28:02.861,1.34637,1.34623,1000000,1000000
24.06.2021 00:28:08.912,1.3463200000000002,1.3462200000000002,1000000,1000000
24.06.2021 00:28:09.020,1.34638,1.3462200000000002,1000000,1000000
24.06.2021 00:28:31.293,1.3464,1.34624,1000000,1000000
24.06.2021 00:28:32.248,1.34638,1.34624,1000000,1000000
24.06.2021 00:29:04.566,1.34641,1.3462500000000002,1000000,1000000
24.06.2021 00:29:04.667,1.34644,1.34628,1500000,1000000
24.06.2021 00:29:04.768,1.34644,1.3463,1000000,1000000
24.06.2021 00:29:05.277,1.34648,1.3463200000000002,1000000,1000000
24.06.2021 00:29:05.378,1.34649,1.3463500000000002,1500000,1000000
24.06.2021 00:29:05.910,1.34653,1.34637,1000000,1000000
24.06.2021 00:29:06.533,1.34651,1.34637,1000000,1000000
24.06.2021 00:29:21.630,1.3465200000000002,1.34638,1000000,1000000
24.06.2021 00:29:24.131,1.34651,1.34637,1000000,2000000
24.06.2021 00:29:24.232,1.34651,1.3463500000000002,1120000.0048,1000000
24.06.2021 00:29:24.334,1.3465,1.3463500000000002,1000000,1000000
24.06.2021 00:29:24.435,1.34649,1.34634,1000000,1000000
24.06.2021 00:29:24.830,1.34649,1.3463200000000002,1000000,1000000
24.06.2021 00:29:26.026,1.34646,1.3463200000000002,1000000,1000000
24.06.2021 00:29:27.045,1.34646,1.3463100000000001,1000000,1000000
24.06.2021 00:29:27.196,1.34646,1.34629,1000000,1120000.0048
24.06.2021 00:29:28.316,1.34644,1.34629,1000000,1000000
24.06.2021 00:29:41.384,1.3464200000000002,1.34628,1000000,1100000.0238
24.06.2021 00:29:43.463,1.3464200000000002,1.34628,1000000,1620000.0048
24.06.2021 00:29:43.514,1.3464200000000002,1.34628,1000000,1500000
24.06.2021 00:29:47.785,1.34643,1.34627,1000000,1220000.0286
24.06.2021 00:29:49.079,1.3464200000000002,1.34628,1000000,1120000.0048
24.06.2021 00:29:51.435,1.3464200000000002,1.34628,1000000,1500000
24.06.2021 00:29:55.213,1.34643,1.34627,1000000,1000000
24.06.2021 00:30:01.377,1.34644,1.3463,1000000,1000000
24.06.2021 00:30:05.491,1.34643,1.34627,1000000,1500000
24.06.2021 00:30:05.934,1.3464200000000002,1.34628,1000000,1120000.0048
24.06.2021 00:30:18.420,1.34644,1.34628,1000000,1000000
24.06.2021 00:30:18.576,1.3464500000000001,1.34629,1000000,1000000
24.06.2021 00:30:18.778,1.34649,1.3463200000000002,1620000.0048,1000000
24.06.2021 00:30:18.929,1.34648,1.34636,1000000,1000000
24.06.2021 00:30:19.255,1.3465,1.34636,1000000,1000000
24.06.2021 00:30:19.689,1.3465200000000002,1.34636,1500000,1000000
24.06.2021 00:30:21.287,1.34654,1.34638,1500000,1000000
24.06.2021 00:30:22.652,1.34653,1.34639,1000000,1000000
24.06.2021 00:30:25.663,1.3465500000000001,1.34641,1000000,1000000
24.06.2021 00:30:28.601,1.3465600000000002,1.3464200000000002,1120000.0048,1000000
24.06.2021 00:30:28.765,1.34659,1.34643,1620000.0048,1000000
24.06.2021 00:30:29.017,1.3465799999999999,1.34646,1000000,1000000
24.06.2021 00:30:29.118,1.3465799999999999,1.34648,1000000,1000000
24.06.2021 00:30:29.269,1.3465799999999999,1.3464500000000001,1000000,1000000
24.06.2021 00:30:29.611,1.3466,1.34644,1500000,1000000
24.06.2021 00:30:30.755,1.3465799999999999,1.3464200000000002,1000000,1000000
24.06.2021 00:30:37.949,1.34657,1.34641,1000000,1000000
24.06.2021 00:30:38.050,1.3465600000000002,1.34639,1000000,1120000.0048
24.06.2021 00:30:39.520,1.34654,1.34638,1000000,1000000
24.06.2021 00:30:49.261,1.34654,1.3464,1000000,1000000
24.06.2021 00:30:59.070,1.34653,1.34639,1000000,1000000
24.06.2021 00:31:03.850,1.34654,1.3464,1120000.0048,1000000
24.06.2021 00:31:07.158,1.34653,1.3464,1000000,1000000
24.06.2021 00:31:08.165,1.3465500000000001,1.34639,1120000.0048,1000000
24.06.2021 00:31:21.298,1.3465600000000002,1.3464,1620000.0048,1000000
24.06.2021 00:31:25.039,1.3465600000000002,1.3464,1000000,1000000
24.06.2021 00:31:28.851,1.34654,1.3464,1000000,1120000.0048
24.06.2021 00:31:40.879,1.34657,1.34641,1000000,1000000
24.06.2021 00:31:41.245,1.34657,1.34644,1120000.0048,1000000
24.06.2021 00:31:43.807,1.3465799999999999,1.34644,1000000,1000000
24.06.2021 00:31:43.908,1.3465799999999999,1.3464500000000001,1000000,1000000
24.06.2021 00:31:49.840,1.3466,1.34646,1000000,1500000
24.06.2021 00:31:49.891,1.34663,1.34647,1500000,1000000
24.06.2021 00:32:01.162,1.34663,1.34648,1120000.0048,1000000
24.06.2021 00:32:01.308,1.3466200000000002,1.34651,1120000.0048,1000000
24.06.2021 00:32:01.480,1.34664,1.34651,1000000,1000000
24.06.2021 00:32:02.450,1.3466600000000002,1.3465,1620000.0048,1000000
24.06.2021 00:32:05.069,1.34663,1.34649,1000000,1120000.0048
24.06.2021 00:32:19.701,1.34661,1.34647,1000000,1500000
24.06.2021 00:32:20.403,1.3466200000000002,1.34646,1000000,1500000
24.06.2021 00:32:29.101,1.3466200000000002,1.34646,1000000,1000000
24.06.2021 00:32:29.202,1.34657,1.34641,1000000,2190000.0572
24.06.2021 00:32:29.303,1.34654,1.34638,1000000,1000000
24.06.2021 00:32:30.330,1.34648,1.34634,1000000,1000000
24.06.2021 00:32:30.431,1.34646,1.3463200000000002,1000000,1000000
24.06.2021 00:32:30.532,1.3464500000000001,1.3463100000000001,1000000,1500000
24.06.2021 00:32:30.633,1.34643,1.3463,1000000,1000000
24.06.2021 00:32:30.684,1.34643,1.34628,1000000,1120000.0048
24.06.2021 00:32:30.788,1.34643,1.34626,1000000,1000000
24.06.2021 00:32:30.889,1.34644,1.34628,1000000,1000000
24.06.2021 00:32:30.990,1.3464200000000002,1.34627,1000000,1000000
24.06.2021 00:32:31.951,1.3464200000000002,1.34628,1000000,1000000
24.06.2021 00:32:32.052,1.34644,1.34627,1000000,1000000
24.06.2021 00:32:32.350,1.34644,1.34628,1000000,1000000
24.06.2021 00:32:32.400,1.3464500000000001,1.3463100000000001,1000000,1000000
24.06.2021 00:32:32.552,1.34647,1.3463100000000001,1000000,1000000
24.06.2021 00:32:36.311,1.34646,1.3463100000000001,1000000,1000000
24.06.2021 00:32:36.361,1.34641,1.34626,1000000,3220000.0286
24.06.2021 00:32:36.513,1.34641,1.34626,1000000,3069999.9332
24.06.2021 00:32:55.157,1.3464200000000002,1.3462500000000002,1000000,2950000.0477
24.06.2021 00:32:55.265,1.3464,1.34627,1000000,1309999.9428
24.06.2021 00:32:58.649,1.34639,1.34626,1000000,1250000
24.06.2021 00:33:02.857,1.34638,1.3462500000000002,1000000,1000000
24.06.2021 00:33:03.696,1.34638,1.3462500000000002,1000000,1000000
24.06.2021 00:33:03.880,1.34639,1.3462500000000002,1000000,1000000
24.06.2021 00:33:25.622,1.34639,1.3463,1000000,1000000
24.06.2021 00:33:26.193,1.34638,1.34626,1000000,1000000
24.06.2021 00:33:47.660,1.34641,1.3462500000000002,1000000,1870000.0048
24.06.2021 00:33:47.912,1.34641,1.3462500000000002,1000000,2289999.9619
24.06.2021 00:33:48.207,1.34641,1.34627,1000000,1000000
24.06.2021 00:34:01.966,1.34641,1.3462500000000002,1000000,1690000.0572
24.06.2021 00:34:05.307,1.34639,1.34624,1000000,1500000
24.06.2021 00:34:05.566,1.3464,1.34623,1500000,1000000
24.06.2021 00:34:05.616,1.3463500000000002,1.3462100000000001,1000000,1000000
24.06.2021 00:34:05.717,1.34626,1.34615,1000000,1000000
24.06.2021 00:34:05.768,1.34626,1.3461200000000002,1000000,1000000
24.06.2021 00:34:05.869,1.3462200000000002,1.34609,1000000,1500000
24.06.2021 00:34:05.920,1.34623,1.34606,1000000,1120000.0048
24.06.2021 00:34:11.203,1.3462100000000001,1.34606,1000000,1000000
24.06.2021 00:34:11.304,1.3462100000000001,1.3460400000000001,1000000,1500000
24.06.2021 00:34:11.976,1.34619,1.3460400000000001,1000000,1500000
24.06.2021 00:34:12.127,1.34619,1.3460100000000002,1000000,1500000
24.06.2021 00:34:12.178,1.34618,1.3460200000000002,1000000,1500000
24.06.2021 00:34:13.142,1.34617,1.3460200000000002,1000000,1500000
24.06.2021 00:34:13.455,1.3461400000000001,1.346,1000000,1250000
24.06.2021 00:34:14.580,1.34613,1.346,1000000,1250000
24.06.2021 00:34:14.830,1.3461200000000002,1.346,1000000,1250000
24.06.2021 00:34:14.981,1.34613,1.34595,1000000,1120000.0048
24.06.2021 00:34:15.769,1.3461200000000002,1.34596,1000000,1500000
24.06.2021 00:34:21.631,1.3461200000000002,1.34598,1000000,1000000
24.06.2021 00:34:30.694,1.3461400000000001,1.34598,1000000,1000000
24.06.2021 00:35:17.228,1.34616,1.346,1120000.0048,1000000
24.06.2021 00:35:22.067,1.34618,1.3460200000000002,1120000.0048,1000000
24.06.2021 00:35:32.160,1.34619,1.3460200000000002,1500000,1000000
24.06.2021 00:35:36.121,1.34617,1.34603,1000000,1000000
24.06.2021 00:35:37.111,1.34619,1.3460200000000002,1620000.0048,1000000
24.06.2021 00:35:47.231,1.34619,1.3460200000000002,1500000,1000000
24.06.2021 00:35:51.146,1.3462,1.3460400000000001,1500000,1000000
24.06.2021 00:35:57.714,1.3462100000000001,1.34608,1000000,1000000
24.06.2021 00:36:16.016,1.34623,1.34607,1000000,1000000
24.06.2021 00:36:16.120,1.3462100000000001,1.34605,1000000,1000000
24.06.2021 00:36:16.765,1.34619,1.34605,1120000.0048,1000000
24.06.2021 00:36:16.866,1.34618,1.3460400000000001,1000000,1000000
24.06.2021 00:37:09.952,1.34623,1.34607,1620000.0048,1000000
24.06.2021 00:37:10.053,1.34623,1.34607,1000000,1000000
24.06.2021 00:38:35.058,1.3462500000000002,1.34613,1000000,1000000
24.06.2021 00:38:35.109,1.34629,1.34615,1809999.9428,1000000
24.06.2021 00:38:35.260,1.3463,1.3461400000000001,1500000,1000000
24.06.2021 00:38:35.411,1.3463100000000001,1.34616,1000000,1000000
24.06.2021 00:38:35.562,1.3463,1.3462,1000000,1000000
24.06.2021 00:38:35.807,1.3463,1.3462100000000001,1000000,1000000
24.06.2021 00:38:36.633,1.3463,1.3462,1000000,1000000
24.06.2021 00:38:36.684,1.34638,1.3462100000000001,1750000,1000000
24.06.2021 00:38:36.885,1.34634,1.3462,1000000,1000000
24.06.2021 00:38:36.986,1.34633,1.34619,1000000,1000000
24.06.2021 00:38:37.087,1.3463100000000001,1.34619,1000000,1000000
24.06.2021 00:38:37.289,1.3463,1.34618,1000000,1000000
24.06.2021 00:38:37.340,1.34629,1.34617,1000000,1000000
24.06.2021 00:38:37.440,1.3463100000000001,1.34617,1000000,1000000
24.06.2021 00:38:37.541,1.3463200000000002,1.34616,1000000,1000000
24.06.2021 00:38:38.851,1.3463200000000002,1.34615,1000000,1000000
24.06.2021 00:38:42.905,1.34633,1.34616,1000000,1000000
24.06.2021 00:38:43.006,1.3463500000000002,1.34619,1000000,1000000
24.06.2021 00:38:43.157,1.34638,1.3462200000000002,1000000,1000000
24.06.2021 00:38:43.765,1.34639,1.34623,1000000,1000000
24.06.2021 00:38:43.916,1.3464,1.34623,1000000,1000000
24.06.2021 00:38:44.143,1.34639,1.34623,1000000,1000000
24.06.2021 00:38:47.895,1.34636,1.3462200000000002,1000000,1000000
24.06.2021 00:39:07.215,1.34636,1.34623,1000000,1000000
24.06.2021 00:39:20.711,1.34636,1.3462200000000002,1000000,1620000.0048
24.06.2021 00:39:23.003,1.34636,1.3462200000000002,1000000,1000000
24.06.2021 00:39:23.293,1.34636,1.3462,1000000,1500000
24.06.2021 00:39:27.970,1.34638,1.3462200000000002,1000000,1000000
24.06.2021 00:39:28.071,1.34638,1.3462100000000001,1000000,1000000
24.06.2021 00:39:54.551,1.34636,1.3462,1000000,1500000
24.06.2021 00:40:06.947,1.34636,1.3462,1000000,1620000.0048
24.06.2021 00:40:10.826,1.34636,1.3462,1000000,1000000
24.06.2021 00:40:19.166,1.3463500000000002,1.3462100000000001,1000000,1620000.0048
24.06.2021 00:40:20.219,1.34636,1.3462,1000000,1000000
24.06.2021 00:40:33.316,1.34636,1.3462,1000000,1500000
24.06.2021 00:40:39.217,1.34636,1.3462,1000000,1000000
24.06.2021 00:40:43.942,1.3463500000000002,1.34619,1000000,1000000
24.06.2021 00:40:55.719,1.34636,1.34619,1000000,1500000
24.06.2021 00:41:21.685,1.3463,1.34615,1000000,1500000
24.06.2021 00:41:21.735,1.34628,1.3461200000000002,1000000,1000000
24.06.2021 00:41:21.836,1.3462500000000002,1.34609,1000000,1500000
24.06.2021 00:41:21.887,1.34624,1.3461,1000000,1000000
24.06.2021 00:41:21.937,1.3462200000000002,1.34608,1000000,1000000
24.06.2021 00:41:22.038,1.3462200000000002,1.34606,1000000,1000000
24.06.2021 00:41:22.147,1.34623,1.34607,1000000,1000000
24.06.2021 00:41:22.248,1.3462200000000002,1.34606,1000000,1000000
24.06.2021 00:41:23.238,1.3462200000000002,1.34608,1000000,1000000
24.06.2021 00:41:33.751,1.34624,1.3461,1000000,1000000
24.06.2021 00:41:33.852,1.34626,1.3461200000000002,1000000,1000000
24.06.2021 00:41:44.776,1.34626,1.34609,1000000,1000000
24.06.2021 00:41:45.439,1.34628,1.3461100000000001,1000000,1000000
24.06.2021 00:41:45.540,1.3463100000000001,1.34617,1000000,1000000
24.06.2021 00:41:48.468,1.3463200000000002,1.34618,1000000,1000000
24.06.2021 00:41:49.981,1.34634,1.3462,1000000,1000000
24.06.2021 00:42:08.471,1.34633,1.34619,1000000,1000000
24.06.2021 00:42:57.335,1.3463100000000001,1.34617,1000000,1500000
24.06.2021 00:42:57.436,1.34628,1.3461400000000001,1000000,1000000
24.06.2021 00:42:57.537,1.3462100000000001,1.34609,1000000,1500000
24.06.2021 00:42:57.638,1.3462,1.34606,1000000,1000000
24.06.2021 00:42:58.084,1.34619,1.34603,1000000,1000000
24.06.2021 00:42:58.783,1.34618,1.3460200000000002,1000000,1000000
24.06.2021 00:43:02.413,1.34618,1.3460400000000001,1000000,1000000
24.06.2021 00:43:03.845,1.3462,1.34606,1000000,1000000
24.06.2021 00:43:13.795,1.3462200000000002,1.34608,1000000,1000000
24.06.2021 00:43:33.368,1.34623,1.34609,1000000,1000000
24.06.2021 00:43:33.570,1.3462500000000002,1.3461100000000001,1000000,1000000
24.06.2021 00:43:34.598,1.34626,1.3461100000000001,1000000,1000000
24.06.2021 00:43:36.531,1.34626,1.3461,1000000,1000000
24.06.2021 00:43:51.584,1.34623,1.3461,1000000,1000000
24.06.2021 00:43:53.008,1.34624,1.34608,1000000,1120000.0048
24.06.2021 00:43:57.389,1.3462200000000002,1.34606,1000000,2000000
24.06.2021 00:43:58.646,1.3462200000000002,1.34606,1000000,1870000.0048
24.06.2021 00:44:10.413,1.3462200000000002,1.34605,1000000,1120000.0048
24.06.2021 00:44:10.463,1.3462,1.3460400000000001,1000000,1500000
24.06.2021 00:44:10.962,1.34619,1.34605,1000000,1120000.0048
24.06.2021 00:44:12.552,1.3462200000000002,1.34605,1000000,1000000
24.06.2021 00:44:41.123,1.3462100000000001,1.34607,1000000,1000000
24.06.2021 00:44:41.174,1.3462200000000002,1.34609,1000000,1120000.0048
24.06.2021 00:44:42.133,1.3462500000000002,1.3461100000000001,1000000,1250000
24.06.2021 00:44:42.184,1.3463,1.3461400000000001,1000000,1500000
24.06.2021 00:44:42.285,1.34629,1.3461400000000001,1000000,1000000
24.06.2021 00:44:42.387,1.34626,1.3461100000000001,1000000,1000000
24.06.2021 00:44:42.842,1.34624,1.34609,1000000,1950000.0477
24.06.2021 00:44:42.944,1.34623,1.34609,1000000,1120000.0048
24.06.2021 00:44:44.813,1.34624,1.34606,1000000,1870000.0048
24.06.2021 00:45:00.320,1.34623,1.34608,1000000,1000000
24.06.2021 00:45:00.421,1.3462500000000002,1.3461100000000001,1000000,1500000
24.06.2021 00:45:06.136,1.34624,1.34609,1000000,1500000
24.06.2021 00:45:06.614,1.3462200000000002,1.34609,1000000,1500000
24.06.2021 00:45:22.655,1.3462200000000002,1.3461,1000000,1000000
24.06.2021 00:45:27.048,1.34627,1.3461,1000000,1000000
24.06.2021 00:45:27.099,1.34628,1.3461200000000002,1000000,1000000
24.06.2021 00:45:50.945,1.34628,1.34613,1000000,1000000
24.06.2021 00:45:51.274,1.34628,1.3461400000000001,1000000,1000000
24.06.2021 00:45:52.630,1.34629,1.3461400000000001,1000000,1000000
24.06.2021 00:45:52.779,1.34628,1.3461400000000001,1000000,1000000
24.06.2021 00:45:56.064,1.34628,1.34613,1000000,1000000
24.06.2021 00:45:56.165,1.34629,1.34613,1000000,2000000
24.06.2021 00:45:56.646,1.3463,1.34613,1000000,2000000
24.06.2021 00:45:57.227,1.3463,1.34616,1000000,1000000
24.06.2021 00:45:57.328,1.3463200000000002,1.34615,1000000,1000000
24.06.2021 00:45:57.480,1.34634,1.34617,1000000,1000000
24.06.2021 00:45:57.588,1.34634,1.3462,1000000,1000000
24.06.2021 00:46:01.060,1.34636,1.3462,1000000,1000000
24.06.2021 00:46:01.463,1.3464200000000002,1.34626,1120000.0048,1000000
24.06.2021 00:46:53.144,1.3464,1.34626,1000000,1000000
24.06.2021 00:46:53.246,1.34639,1.34623,1000000,1000000
24.06.2021 00:46:53.397,1.34637,1.34623,1000000,1120000.0048
24.06.2021 00:46:53.859,1.34634,1.3462200000000002,1000000,1000000
24.06.2021 00:46:53.960,1.34634,1.3462100000000001,1000000,1000000
24.06.2021 00:46:54.062,1.3463100000000001,1.34615,1000000,1620000.0048
24.06.2021 00:46:54.466,1.34628,1.34616,1000000,1000000
24.06.2021 00:46:54.517,1.34629,1.34613,1000000,1000000
24.06.2021 00:48:01.502,1.34629,1.34613,1000000,1620000.0048
24.06.2021 00:48:05.644,1.34628,1.3461400000000001,1000000,1000000
24.06.2021 00:48:08.828,1.34628,1.3461400000000001,1000000,1620000.0048
24.06.2021 00:48:11.820,1.34629,1.34613,1000000,1000000
24.06.2021 00:48:12.359,1.34627,1.34613,1000000,1120000.0048
24.06.2021 00:48:12.811,1.34627,1.34613,1000000,1620000.0048
24.06.2021 00:49:04.078,1.34627,1.34613,1000000,1500000
24.06.2021 00:49:07.110,1.3463,1.34616,1000000,1000000
24.06.2021 00:49:07.709,1.3463200000000002,1.34616,1200000.0477,1000000
24.06.2021 00:49:13.294,1.3463100000000001,1.34615,1000000,1000000
24.06.2021 00:49:39.958,1.34628,1.3461400000000001,1000000,1120000.0048
24.06.2021 00:50:04.095,1.3463100000000001,1.34615,1000000,1000000
24.06.2021 00:50:05.602,1.3463100000000001,1.34616,1000000,1000000
24.06.2021 00:50:06.110,1.3463100000000001,1.34615,1000000,1120000.0048
24.06.2021 00:50:06.212,1.34628,1.34615,1000000,1000000
24.06.2021 00:50:08.344,1.34629,1.34613,1000000,1000000
24.06.2021 00:50:29.004,1.34627,1.34613,1000000,1000000
24.06.2021 00:50:29.467,1.34626,1.3461,1000000,1000000
24.06.2021 00:50:32.073,1.34626,1.3461,1000000,1620000.0048
24.06.2021 00:50:33.934,1.34626,1.3461,1000000,1120000.0048
24.06.2021 00:50:43.599,1.3462500000000002,1.34609,1000000,1000000
24.06.2021 00:50:57.865,1.34623,1.34607,1000000,1000000
24.06.2021 00:50:58.498,1.34619,1.34605,1000000,1000000
24.06.2021 00:50:58.766,1.34617,1.34605,1000000,1000000
24.06.2021 00:50:58.918,1.34618,1.3460200000000002,1000000,1620000.0048
24.06.2021 00:51:00.295,1.34617,1.34603,1000000,1000000
24.06.2021 00:51:34.062,1.3461400000000001,1.3460100000000002,1000000,1000000
24.06.2021 00:51:34.264,1.34613,1.3460100000000002,1000000,1000000
24.06.2021 00:51:34.747,1.3461400000000001,1.34599,1000000,1000000
24.06.2021 00:51:34.848,1.3461200000000002,1.34599,1000000,1000000
24.06.2021 00:51:35.477,1.3461100000000001,1.34597,1000000,1000000
24.06.2021 00:51:35.872,1.3461100000000001,1.34595,1000000,1500000
24.06.2021 00:51:36.402,1.3461100000000001,1.34598,1000000,1000000
24.06.2021 00:51:39.123,1.34609,1.34599,1000000,1000000
24.06.2021 00:51:39.502,1.34607,1.34599,1000000,1000000
24.06.2021 00:51:40.493,1.34607,1.34593,1000000,1500000
24.06.2021 00:51:52.559,1.34607,1.34593,1000000,1000000
24.06.2021 00:51:53.675,1.34605,1.3459400000000001,1000000,1000000
24.06.2021 00:51:57.494,1.34605,1.34593,1000000,1000000
24.06.2021 00:52:02.331,1.34606,1.3459400000000001,1000000,1000000
24.06.2021 00:52:07.844,1.34605,1.3459400000000001,1000000,1000000
24.06.2021 00:52:09.866,1.34605,1.34593,1000000,1000000
24.06.2021 00:52:10.746,1.3460400000000001,1.3459,1000000,1000000
24.06.2021 00:52:12.834,1.34605,1.34589,1000000,1620000.0048
24.06.2021 00:52:15.433,1.3460400000000001,1.3459,1000000,1120000.0048
24.06.2021 00:52:16.103,1.34605,1.34589,1000000,1620000.0048
24.06.2021 00:52:16.658,1.3460400000000001,1.3459,1000000,1000000
24.06.2021 00:52:30.311,1.34606,1.3459,1000000,1000000
24.06.2021 00:52:30.533,1.34606,1.34593,1000000,1000000
24.06.2021 00:52:30.976,1.34607,1.34593,1000000,1000000
24.06.2021 00:52:33.463,1.34606,1.3459100000000002,1000000,1000000
24.06.2021 00:52:34.313,1.34605,1.3459100000000002,1000000,1120000.0048
24.06.2021 00:52:35.779,1.34605,1.3459100000000002,1000000,1620000.0048
24.06.2021 00:52:36.560,1.34605,1.3459100000000002,1000000,1120000.0048
24.06.2021 00:53:03.758,1.34606,1.3459200000000002,1000000,1000000
24.06.2021 00:53:04.062,1.3461,1.3459400000000001,1000000,1000000
24.06.2021 00:53:17.292,1.34607,1.34593,1000000,1000000
24.06.2021 00:53:24.867,1.34607,1.3459100000000002,1000000,1500000
24.06.2021 00:53:26.492,1.34605,1.3459100000000002,1000000,1000000
24.06.2021 00:53:27.293,1.3460400000000001,1.3459,1000000,1500000
24.06.2021 00:53:29.380,1.3460400000000001,1.3459,1000000,1120000.0048
24.06.2021 00:53:31.488,1.34605,1.3459,1000000,1000000
24.06.2021 00:53:33.686,1.34605,1.3459,1000000,1000000
24.06.2021 00:53:36.819,1.34605,1.3459,1000000,1000000
24.06.2021 00:53:37.698,1.34605,1.34589,1500000,1000000
24.06.2021 00:53:54.787,1.34607,1.3459100000000002,1000000,1000000
24.06.2021 00:54:03.967,1.34607,1.34593,1000000,1000000
24.06.2021 00:54:04.382,1.34609,1.34593,1000000,1000000
24.06.2021 00:54:05.101,1.34606,1.3459400000000001,1000000,1000000
24.06.2021 00:54:05.202,1.34607,1.34598,1000000,1000000
24.06.2021 00:54:05.253,1.34615,1.34599,1000000,1000000
24.06.2021 00:54:05.304,1.34617,1.3460100000000002,1500000,1000000
24.06.2021 00:54:13.741,1.34617,1.34603,1500000,1000000
24.06.2021 00:54:14.680,1.34617,1.3460400000000001,1000000,1000000
24.06.2021 00:54:15.555,1.34618,1.3460400000000001,1000000,1000000
24.06.2021 00:54:15.656,1.34618,1.34603,1000000,1000000
24.06.2021 00:54:40.030,1.34616,1.3460200000000002,1000000,1000000
24.06.2021 00:54:40.372,1.3461400000000001,1.346,1000000,1000000
24.06.2021 00:54:41.312,1.3461200000000002,1.34598,1000000,1000000
24.06.2021 00:54:42.443,1.3461100000000001,1.34595,1000000,1000000
24.06.2021 00:54:42.645,1.3461,1.3459400000000001,1000000,1000000
24.06.2021 00:54:44.367,1.34609,1.3459200000000002,1000000,1000000
24.06.2021 00:54:50.369,1.34607,1.3459100000000002,1000000,1000000
24.06.2021 00:54:50.544,1.34607,1.34593,1000000,1000000
24.06.2021 00:54:57.121,1.34607,1.3459100000000002,1000000,1000000
24.06.2021 00:55:00.204,1.34606,1.3459,1000000,1000000
24.06.2021 00:55:03.184,1.34605,1.3459,1000000,1000000
24.06.2021 00:55:03.486,1.3460400000000001,1.3459,1000000,1000000
24.06.2021 00:55:04.011,1.34605,1.3459,1000000,1000000
24.06.2021 00:55:05.062,1.34605,1.3459100000000002,1000000,1000000
24.06.2021 00:55:09.278,1.34607,1.3459200000000002,1000000,1000000
24.06.2021 00:55:09.530,1.34609,1.3459400000000001,2250000,1000000
24.06.2021 00:55:09.690,1.34607,1.34593,1000000,1000000
24.06.2021 00:55:13.679,1.34609,1.3459400000000001,1000000,1000000
24.06.2021 00:55:21.119,1.34608,1.3459100000000002,1000000,1000000
24.06.2021 00:55:21.239,1.34606,1.3459200000000002,1000000,1000000
24.06.2021 00:55:24.273,1.34608,1.3459100000000002,1000000,1000000
24.06.2021 00:55:25.636,1.34607,1.3459100000000002,1000000,1000000
24.06.2021 00:55:29.979,1.34605,1.34589,1000000,1000000
24.06.2021 00:55:31.259,1.34603,1.34589,1000000,1000000
24.06.2021 00:55:32.327,1.34603,1.3458700000000001,1000000,1000000
24.06.2021 00:55:40.224,1.3460100000000002,1.3458700000000001,1000000,1000000
24.06.2021 00:55:44.478,1.34603,1.3458700000000001,1500000,1000000
24.06.2021 00:55:51.174,1.3460100000000002,1.34588,1000000,1000000
24.06.2021 00:55:51.288,1.34603,1.3458700000000001,1000000,1000000
24.06.2021 00:56:01.748,1.3460200000000002,1.3459,1000000,1000000
24.06.2021 00:56:16.799,1.34603,1.3458700000000001,1500000,1000000
24.06.2021 00:56:25.396,1.34605,1.34588,1000000,1000000
24.06.2021 00:56:39.943,1.34605,1.3459100000000002,1000000,1000000
24.06.2021 00:56:46.373,1.34603,1.3459100000000002,1000000,1000000
24.06.2021 00:56:46.637,1.34606,1.3459,1000000,1000000
24.06.2021 00:56:49.582,1.34605,1.34588,1000000,1000000
24.06.2021 00:56:56.695,1.34603,1.3458700000000001,1000000,1000000
24.06.2021 00:56:56.814,1.34603,1.34588,1000000,1000000
24.06.2021 00:57:02.953,1.34605,1.34588,1120000.0048,1000000
24.06.2021 00:57:08.134,1.34606,1.3459100000000002,1000000,1000000
24.06.2021 00:57:10.595,1.34607,1.3459200000000002,1000000,1000000
24.06.2021 00:57:10.696,1.3461100000000001,1.34593,1500000,1000000
24.06.2021 00:57:10.798,1.3461100000000001,1.3459400000000001,2619999.8856,1000000
24.06.2021 00:57:13.478,1.3461200000000002,1.3459400000000001,1120000.0048,1000000
24.06.2021 00:57:13.528,1.3461200000000002,1.34597,1000000,1000000
24.06.2021 00:57:27.204,1.3461400000000001,1.34599,1000000,1000000
24.06.2021 00:57:27.305,1.34616,1.3460100000000002,1000000,1000000
24.06.2021 00:57:27.507,1.34619,1.34603,2000000,1000000
24.06.2021 00:57:27.709,1.34617,1.3460200000000002,1000000,1000000
24.06.2021 00:57:27.810,1.34616,1.34605,1000000,1000000
24.06.2021 00:57:27.911,1.3462,1.34605,1000000,1000000
24.06.2021 00:57:51.054,1.34619,1.34605,1000000,1000000
24.06.2021 00:57:51.155,1.34619,1.34607,1000000,1000000
24.06.2021 00:58:00.591,1.34619,1.3460100000000002,1000000,1000000
24.06.2021 00:58:00.642,1.34618,1.34608,1000000,1000000
24.06.2021 00:58:00.743,1.34619,1.34608,1000000,1000000
24.06.2021 00:58:31.742,1.3462500000000002,1.34607,2849999.9046,1000000
24.06.2021 00:58:56.298,1.3462200000000002,1.34605,1000000,1000000
24.06.2021 00:58:56.348,1.34618,1.34606,1000000,1000000
24.06.2021 00:58:56.740,1.34618,1.34605,1000000,1000000
24.06.2021 00:59:00.490,1.34616,1.34599,1000000,1000000
24.06.2021 00:59:12.394,1.34616,1.34598,1000000,1000000
24.06.2021 01:00:00.143,1.3461400000000001,1.34597,1000000,2000000
24.06.2021 01:00:00.245,1.34613,1.34598,1000000,1870000.0048
24.06.2021 01:00:00.616,1.3461100000000001,1.34597,1000000,1000000
24.06.2021 01:00:00.991,1.34608,1.34598,1000000,1000000
24.06.2021 01:00:01.042,1.34609,1.3459400000000001,1000000,1620000.0048
24.06.2021 01:00:01.193,1.34607,1.34595,1000000,1620000.0048
24.06.2021 01:00:01.294,1.34606,1.34595,1000000,1620000.0048
24.06.2021 01:00:01.801,1.34606,1.34595,1000000,1000000
24.06.2021 01:00:03.307,1.34606,1.3459100000000002,1000000,1500000
24.06.2021 01:00:07.091,1.34605,1.34588,1000000,2750000
24.06.2021 01:00:07.192,1.34605,1.34588,1000000,2750000
24.06.2021 01:00:07.720,1.3460400000000001,1.34589,1000000,2000000
24.06.2021 01:00:07.826,1.3460400000000001,1.34589,1000000,2190000.0572
24.06.2021 01:00:08.297,1.34605,1.34588,1000000,2190000.0572
24.06.2021 01:00:13.340,1.3460400000000001,1.3459200000000002,1000000,1000000
24.06.2021 01:00:16.412,1.34606,1.3459200000000002,1000000,1120000.0048
24.06.2021 01:00:16.742,1.34607,1.3459100000000002,1000000,1500000
24.06.2021 01:00:16.793,1.3461,1.34593,1000000,1000000
24.06.2021 01:00:16.894,1.3461,1.34593,1000000,1500000
24.06.2021 01:00:16.995,1.34609,1.34593,1000000,1500000
24.06.2021 01:00:17.096,1.34608,1.3459200000000002,1000000,2369999.8856
24.06.2021 01:00:17.505,1.34609,1.3459100000000002,1000000,2369999.8856
24.06.2021 01:00:18.044,1.34608,1.3459400000000001,1000000,1120000.0048
24.06.2021 01:00:18.328,1.34608,1.3459400000000001,1000000,1500000
24.06.2021 01:00:20.204,1.34609,1.34593,1000000,1120000.0048
24.06.2021 01:00:20.313,1.34608,1.3459400000000001,1000000,1500000
24.06.2021 01:00:27.028,1.34608,1.3459400000000001,1000000,1120000.0048
24.06.2021 01:00:27.129,1.34609,1.3459200000000002,1000000,1000000
24.06.2021 01:00:27.281,1.34606,1.34593,1000000,1000000
24.06.2021 01:00:27.432,1.34607,1.3459100000000002,1000000,1000000
24.06.2021 01:00:27.565,1.34607,1.34589,1000000,1500000
24.06.2021 01:00:27.966,1.34605,1.34589,1000000,1500000
24.06.2021 01:00:28.091,1.34606,1.34588,1000000,1500000
24.06.2021 01:00:31.367,1.3460400000000001,1.34589,1000000,1620000.0048
24.06.2021 01:01:00.979,1.34605,1.34589,1000000,1000000
24.06.2021 01:01:01.259,1.3460400000000001,1.34589,1000000,1620000.0048
24.06.2021 01:01:03.063,1.34606,1.34589,1000000,1620000.0048
24.06.2021 01:01:03.434,1.34606,1.34589,1000000,1620000.0048
24.06.2021 01:01:03.535,1.34608,1.3459200000000002,1000000,1120000.0048
24.06.2021 01:01:03.636,1.34607,1.34593,1000000,1500000
24.06.2021 01:01:03.842,1.34607,1.34593,1000000,1500000
24.06.2021 01:01:04.286,1.3461,1.34595,1000000,1120000.0048
24.06.2021 01:01:04.387,1.3461100000000001,1.3459400000000001,1000000,1500000
24.06.2021 01:01:04.759,1.3461100000000001,1.3459400000000001,1000000,1500000
24.06.2021 01:01:08.769,1.3461,1.34595,1000000,2000000
24.06.2021 01:01:26.749,1.3461,1.34597,1000000,1000000
24.06.2021 01:01:31.678,1.3461,1.34596,1000000,1000000
24.06.2021 01:01:31.779,1.3461,1.3459400000000001,1000000,1000000
24.06.2021 01:01:31.880,1.34608,1.34595,1000000,1000000
24.06.2021 01:01:32.615,1.34609,1.3459100000000002,1000000,1500000
24.06.2021 01:01:46.632,1.34606,1.3459200000000002,1000000,1000000
24.06.2021 01:01:47.277,1.34606,1.3459100000000002,1000000,1620000.0048
24.06.2021 01:01:47.607,1.34607,1.3459,1000000,1620000.0048
24.06.2021 01:01:47.709,1.34608,1.3459200000000002,1000000,1120000.0048
24.06.2021 01:01:47.936,1.34607,1.34593,1000000,1500000
24.06.2021 01:01:52.960,1.34609,1.3459400000000001,1000000,1120000.0048
24.06.2021 01:01:53.061,1.3461,1.34593,1000000,1500000
24.06.2021 01:01:53.217,1.34609,1.3459400000000001,1000000,1500000
24.06.2021 01:01:53.600,1.34609,1.34595,1000000,1000000
24.06.2021 01:01:53.937,1.34609,1.34595,1000000,1000000
24.06.2021 01:01:57.079,1.3461,1.34596,1000000,1120000.0048
24.06.2021 01:01:57.187,1.3461,1.34596,1000000,1500000
24.06.2021 01:01:57.288,1.3461100000000001,1.34596,1000000,1000000
24.06.2021 01:02:33.116,1.3461100000000001,1.34595,1000000,1500000
24.06.2021 01:02:45.255,1.34613,1.34596,1000000,1000000
24.06.2021 01:02:45.356,1.34613,1.34599,1500000,1000000
24.06.2021 01:02:46.702,1.34615,1.346,1000000,1000000
24.06.2021 01:02:58.781,1.34616,1.3460100000000002,1000000,1000000
24.06.2021 01:03:01.179,1.34618,1.3460200000000002,1000000,1000000
24.06.2021 01:03:05.498,1.3462,1.34603,1000000,1000000
24.06.2021 01:03:31.082,1.3462,1.3460200000000002,1000000,1000000
24.06.2021 01:03:34.903,1.34618,1.3460100000000002,1000000,1000000
24.06.2021 01:03:38.627,1.34616,1.346,1000000,1000000
24.06.2021 01:03:38.728,1.3461200000000002,1.3460100000000002,1000000,1000000
24.06.2021 01:03:38.829,1.3461100000000001,1.346,1000000,1000000
24.06.2021 01:03:38.930,1.3461100000000001,1.34596,1000000,1000000
24.06.2021 01:03:39.031,1.34609,1.34596,1000000,1000000
24.06.2021 01:03:39.132,1.34606,1.34597,1000000,1000000
24.06.2021 01:03:39.233,1.34605,1.34597,1000000,1000000
24.06.2021 01:03:39.385,1.34605,1.3459,1000000,1120000.0048
24.06.2021 01:03:40.598,1.34603,1.3459,1000000,1000000
24.06.2021 01:03:40.699,1.34603,1.34588,1000000,2000000
24.06.2021 01:03:40.800,1.34603,1.3458700000000001,1000000,1500000
24.06.2021 01:03:41.920,1.3460200000000002,1.3458700000000001,1000000,1620000.0048
24.06.2021 01:03:42.021,1.346,1.3458700000000001,1000000,1000000
24.06.2021 01:03:42.122,1.346,1.3458700000000001,1000000,1000000
24.06.2021 01:03:42.223,1.3460100000000002,1.3458700000000001,1000000,1620000.0048
24.06.2021 01:03:42.569,1.3460200000000002,1.34586,1000000,1620000.0048
24.06.2021 01:03:42.670,1.3460100000000002,1.34586,1000000,1000000
24.06.2021 01:03:42.871,1.346,1.3458700000000001,1000000,1000000
24.06.2021 01:03:43.123,1.3460100000000002,1.34585,1000000,1500000
24.06.2021 01:03:43.224,1.346,1.34586,1000000,1500000
24.06.2021 01:03:49.677,1.3460100000000002,1.3458700000000001,1000000,1500000
24.06.2021 01:03:49.778,1.34603,1.34586,1000000,1500000
24.06.2021 01:03:54.332,1.34603,1.3458700000000001,1000000,1120000.0048
24.06.2021 01:03:54.736,1.3460100000000002,1.34586,1000000,1500000
24.06.2021 01:03:57.006,1.3460100000000002,1.34586,1000000,1000000
24.06.2021 01:03:57.436,1.346,1.3458700000000001,1000000,1500000
24.06.2021 01:03:57.744,1.346,1.3458700000000001,1000000,1120000.0048
24.06.2021 01:03:58.148,1.346,1.34586,1000000,1000000
24.06.2021 01:03:58.249,1.346,1.34583,1000000,1500000
24.06.2021 01:03:58.414,1.346,1.34585,1000000,1500000
24.06.2021 01:04:03.277,1.346,1.34585,1000000,1120000.0048
24.06.2021 01:04:03.480,1.34595,1.3458,1000000,1120000.0048
24.06.2021 01:04:03.581,1.34596,1.3458200000000002,1000000,1000000
24.06.2021 01:04:03.783,1.34595,1.34578,1000000,1500000
24.06.2021 01:04:03.985,1.3459400000000001,1.34578,1000000,1500000
24.06.2021 01:04:04.514,1.3459200000000002,1.3457700000000001,1000000,1000000
24.06.2021 01:04:04.615,1.3459,1.3457700000000001,1000000,1000000
24.06.2021 01:04:04.665,1.34589,1.34572,1000000,1620000.0048
24.06.2021 01:04:04.716,1.34586,1.34573,1000000,1000000
24.06.2021 01:04:04.922,1.34586,1.3457100000000002,1000000,1500000
24.06.2021 01:04:05.031,1.34586,1.3457100000000002,1000000,1120000.0048
24.06.2021 01:04:05.300,1.34586,1.3457100000000002,1000000,1620000.0048
24.06.2021 01:04:05.524,1.34586,1.3457100000000002,1000000,1620000.0048
24.06.2021 01:04:05.666,1.34586,1.3457100000000002,1000000,1500000
24.06.2021 01:04:09.320,1.34586,1.3457000000000001,1000000,1000000
24.06.2021 01:04:14.502,1.3458700000000001,1.3457100000000002,1000000,1000000
24.06.2021 01:04:16.592,1.34588,1.34572,1000000,1000000
24.06.2021 01:04:17.059,1.34586,1.34572,1000000,1000000
24.06.2021 01:04:30.020,1.34585,1.34569,1000000,1000000
24.06.2021 01:04:30.121,1.34584,1.34568,1000000,1500000
24.06.2021 01:04:30.273,1.3458200000000002,1.34569,1000000,1000000
24.06.2021 01:04:31.873,1.34583,1.3456700000000001,1000000,1000000
24.06.2021 01:04:41.626,1.34583,1.34568,1000000,1000000
24.06.2021 01:04:41.768,1.34583,1.34569,1000000,1620000.0048
24.06.2021 01:04:42.516,1.34585,1.3457100000000002,1000000,1000000
24.06.2021 01:04:43.654,1.34585,1.34572,1000000,1000000
24.06.2021 01:04:45.816,1.34586,1.3457000000000001,1000000,1000000
24.06.2021 01:04:57.765,1.3458700000000001,1.34573,1000000,1000000
24.06.2021 01:04:57.867,1.3459,1.34574,1120000.0048,1000000
24.06.2021 01:05:07.666,1.3459,1.34574,1000000,1620000.0048
24.06.2021 01:05:08.138,1.34589,1.34575,1000000,1120000.0048
24.06.2021 01:05:12.139,1.3459200000000002,1.34576,1500000,1000000
24.06.2021 01:05:12.189,1.3459400000000001,1.3457700000000001,1000000,1000000
24.06.2021 01:05:12.290,1.3459400000000001,1.34579,1000000,1000000
24.06.2021 01:05:12.391,1.34595,1.3458,1000000,1000000
24.06.2021 01:05:12.664,1.34599,1.3458200000000002,1000000,1000000
24.06.2021 01:05:12.765,1.346,1.34583,1500000,1000000
24.06.2021 01:05:14.585,1.3460200000000002,1.34585,1000000,1000000
24.06.2021 01:05:16.976,1.34603,1.34586,1120000.0048,1000000
24.06.2021 01:05:17.077,1.3460400000000001,1.34588,1000000,1000000
24.06.2021 01:05:17.178,1.3460400000000001,1.34589,1120000.0048,1000000
24.06.2021 01:05:17.279,1.34606,1.34589,1000000,1000000
24.06.2021 01:05:20.304,1.34606,1.3459100000000002,2250000,1000000
24.06.2021 01:05:25.819,1.34605,1.3459100000000002,1000000,1000000
24.06.2021 01:05:59.020,1.34605,1.34588,1000000,1000000
24.06.2021 01:05:59.071,1.3460100000000002,1.3458700000000001,1000000,1500000
24.06.2021 01:05:59.222,1.3460200000000002,1.34588,1000000,1500000
24.06.2021 01:05:59.323,1.3460200000000002,1.34586,1000000,1000000
24.06.2021 01:05:59.374,1.3460100000000002,1.34584,1000000,1000000
24.06.2021 01:06:09.640,1.346,1.34585,1500000,1000000
24.06.2021 01:06:11.207,1.34598,1.34584,1000000,1000000
24.06.2021 01:06:26.031,1.34596,1.3458200000000002,1000000,1500000
24.06.2021 01:06:26.183,1.34595,1.3458200000000002,1000000,1000000
24.06.2021 01:06:26.352,1.34595,1.3458100000000002,1120000.0048,1000000
24.06.2021 01:06:32.734,1.34597,1.3458100000000002,1000000,1000000
24.06.2021 01:06:44.299,1.34599,1.34583,1500000,1000000
24.06.2021 01:06:45.500,1.34598,1.34584,1500000,1000000
24.06.2021 01:06:45.601,1.34598,1.34584,1500000,1000000
24.06.2021 01:06:45.702,1.34598,1.34584,1500000,1000000
24.06.2021 01:06:45.803,1.34599,1.34583,1500000,1000000
24.06.2021 01:06:45.853,1.34597,1.3458100000000002,1000000,1000000
24.06.2021 01:06:45.904,1.34595,1.3458100000000002,1000000,1000000
24.06.2021 01:06:52.059,1.34596,1.3458200000000002,1500000,1000000
24.06.2021 01:06:53.054,1.34596,1.3458200000000002,1500000,1000000
24.06.2021 01:06:56.018,1.3459400000000001,1.3458100000000002,1500000,1000000
24.06.2021 01:06:56.119,1.3459400000000001,1.3458100000000002,1500000,1000000
24.06.2021 01:06:57.008,1.3459400000000001,1.3458,1500000,1120000.0048
24.06.2021 01:07:06.516,1.3459400000000001,1.34583,1000000,1000000
24.06.2021 01:07:12.701,1.34595,1.34583,1000000,1000000
24.06.2021 01:07:13.304,1.34598,1.34584,1500000,1000000
24.06.2021 01:07:16.154,1.34599,1.34583,1500000,1000000
24.06.2021 01:07:16.255,1.34598,1.34584,1500000,1000000
24.06.2021 01:07:16.689,1.34598,1.34584,1500000,1000000
24.06.2021 01:07:19.390,1.34596,1.3458200000000002,1500000,1000000
24.06.2021 01:07:20.116,1.34596,1.3458200000000002,1500000,1000000
24.06.2021 01:07:20.657,1.34597,1.3458100000000002,1120000.0048,1000000
24.06.2021 01:07:33.526,1.34597,1.34585,1000000,1000000
24.06.2021 01:07:36.578,1.34596,1.34585,1000000,1000000
24.06.2021 01:07:41.939,1.34597,1.34585,1000000,1000000
24.06.2021 01:07:42.040,1.3460200000000002,1.3458700000000001,1500000,1000000
24.06.2021 01:07:47.574,1.3460200000000002,1.3458700000000001,1500000,1000000
24.06.2021 01:07:48.342,1.3460200000000002,1.3458700000000001,1500000,1000000
24.06.2021 01:07:48.443,1.3460200000000002,1.3458700000000001,1500000,1000000
24.06.2021 01:07:48.544,1.3460100000000002,1.34586,2000000,1000000
24.06.2021 01:07:50.613,1.3460200000000002,1.3458100000000002,1620000.0048,1120000.0048
24.06.2021 01:07:50.766,1.34597,1.3458,1000000,1120000.0048
24.06.2021 01:07:53.000,1.34597,1.34584,1000000,1000000
24.06.2021 01:07:54.110,1.34596,1.34586,1000000,1000000
24.06.2021 01:07:59.020,1.34597,1.34584,1000000,1000000
24.06.2021 01:07:59.125,1.34597,1.34583,1000000,1000000
24.06.2021 01:08:02.220,1.34597,1.34584,1000000,1000000
24.06.2021 01:08:10.079,1.34597,1.34583,1000000,1000000
24.06.2021 01:08:17.853,1.34596,1.34586,1000000,1000000
24.06.2021 01:08:19.253,1.34596,1.34585,1000000,1000000
24.06.2021 01:08:23.499,1.34597,1.34585,1000000,1000000
24.06.2021 01:08:41.505,1.34597,1.34583,1000000,1000000
24.06.2021 01:08:47.750,1.34596,1.34585,1000000,1000000
24.06.2021 01:08:53.275,1.34599,1.34585,1000000,1000000
24.06.2021 01:09:01.088,1.346,1.34585,1000000,1000000
24.06.2021 01:09:01.289,1.346,1.34584,1120000.0048,1000000
24.06.2021 01:09:01.788,1.34599,1.34585,1000000,1620000.0048
24.06.2021 01:09:02.839,1.346,1.34584,1000000,1000000
24.06.2021 01:09:03.628,1.34596,1.34584,1000000,1000000
24.06.2021 01:09:06.222,1.34597,1.34584,1000000,1000000
24.06.2021 01:09:13.347,1.34599,1.34585,1000000,1000000
24.06.2021 01:09:13.768,1.3460200000000002,1.3458700000000001,1000000,1000000
24.06.2021 01:09:14.952,1.3460100000000002,1.34589,1000000,1000000
24.06.2021 01:09:59.439,1.3460200000000002,1.34586,1500000,1000000
24.06.2021 01:10:23.234,1.346,1.34584,1000000,1500000
24.06.2021 01:10:23.405,1.34598,1.34585,1120000.0048,1000000
24.06.2021 01:10:23.506,1.34598,1.34584,1120000.0048,1000000
24.06.2021 01:10:24.934,1.34597,1.3458200000000002,1000000,1000000
24.06.2021 01:10:25.185,1.34597,1.3458100000000002,1000000,1000000
24.06.2021 01:10:29.455,1.34598,1.3458200000000002,1000000,1000000
24.06.2021 01:10:29.997,1.34597,1.3458100000000002,1000000,1000000
24.06.2021 01:10:44.065,1.34595,1.3458100000000002,1000000,1500000
24.06.2021 01:10:44.217,1.34593,1.3458100000000002,1000000,1000000
24.06.2021 01:10:44.830,1.34593,1.34579,1000000,1000000
24.06.2021 01:11:03.522,1.34595,1.3458200000000002,1000000,1000000
24.06.2021 01:11:33.638,1.34596,1.3458,1500000,1000000
24.06.2021 01:11:35.675,1.34596,1.3458200000000002,1000000,1000000
24.06.2021 01:11:39.221,1.34595,1.34584,1000000,1000000
24.06.2021 01:11:39.322,1.34595,1.34585,1000000,1000000
24.06.2021 01:11:39.422,1.34599,1.34585,1500000,1000000
24.06.2021 01:11:39.524,1.34599,1.34585,1120000.0048,1000000
24.06.2021 01:11:39.675,1.346,1.34584,1500000,1000000
24.06.2021 01:11:39.909,1.34599,1.34585,1120000.0048,1000000
24.06.2021 01:11:40.412,1.34596,1.34585,1000000,1000000
24.06.2021 01:11:43.298,1.34599,1.34585,1120000.0048,1000000
24.06.2021 01:12:04.169,1.3460200000000002,1.34585,1500000,1000000
24.06.2021 01:12:04.219,1.3460400000000001,1.3458700000000001,1500000,1000000
24.06.2021 01:12:30.073,1.3460400000000001,1.3458700000000001,1500000,1120000.0048
24.06.2021 01:12:31.044,1.3460400000000001,1.3459,2000000,1000000
24.06.2021 01:12:39.181,1.3460200000000002,1.34588,1500000,1000000
24.06.2021 01:12:42.690,1.34603,1.3458700000000001,1120000.0048,1000000
24.06.2021 01:12:55.595,1.3460400000000001,1.34588,1000000,1000000
24.06.2021 01:12:55.646,1.34605,1.3459100000000002,1500000,1000000
24.06.2021 01:13:01.103,1.3460400000000001,1.3459,1000000,1000000
24.06.2021 01:13:01.254,1.34606,1.3459,1000000,1000000
24.06.2021 01:13:01.305,1.34609,1.34593,1120000.0048,1000000
24.06.2021 01:13:02.106,1.3461,1.34596,1620000.0048,1000000
24.06.2021 01:13:03.726,1.3461200000000002,1.34597,1750000,1000000
24.06.2021 01:13:03.827,1.34609,1.34597,1000000,1000000
24.06.2021 01:13:04.029,1.34613,1.34596,1809999.9428,1000000
24.06.2021 01:13:06.536,1.3461200000000002,1.34597,1620000.0048,1000000
24.06.2021 01:13:06.638,1.3461200000000002,1.34599,1000000,1000000
24.06.2021 01:13:25.026,1.34613,1.34598,1000000,1000000
24.06.2021 01:13:33.390,1.3461100000000001,1.34598,1000000,1000000
24.06.2021 01:13:41.822,1.34609,1.34596,1000000,1000000
24.06.2021 01:13:41.923,1.3461200000000002,1.34596,1500000,1000000
24.06.2021 01:13:42.101,1.3461200000000002,1.34596,1620000.0048,1000000
24.06.2021 01:13:42.202,1.3461200000000002,1.34596,1500000,1000000
24.06.2021 01:13:42.303,1.34609,1.34597,1000000,1000000
24.06.2021 01:13:43.300,1.34613,1.34597,1000000,1000000
24.06.2021 01:13:43.401,1.34613,1.34597,1000000,1000000
24.06.2021 01:13:44.081,1.3461200000000002,1.34598,1000000,1000000
24.06.2021 01:13:47.722,1.34613,1.34597,1500000,1000000
24.06.2021 01:13:47.823,1.3461200000000002,1.34598,1750000,1000000
24.06.2021 01:13:56.198,1.3461200000000002,1.34598,1500000,1000000
24.06.2021 01:13:56.462,1.3461200000000002,1.34598,1500000,1000000
24.06.2021 01:13:56.663,1.34613,1.34597,1620000.0048,1000000
24.06.2021 01:13:56.764,1.3461200000000002,1.34598,1500000,1000000
24.06.2021 01:13:57.460,1.3461200000000002,1.34598,1500000,1000000
24.06.2021 01:13:57.874,1.3461200000000002,1.34598,1500000,1000000
24.06.2021 01:13:58.335,1.3461100000000001,1.34595,1500000,1120000.0048
24.06.2021 01:13:59.642,1.3461,1.34596,1500000,1120000.0048
24.06.2021 01:14:01.138,1.3461,1.34596,1500000,1000000
24.06.2021 01:14:01.239,1.3461,1.34596,1500000,1000000
24.06.2021 01:14:03.742,1.3461,1.34596,1500000,1000000
24.06.2021 01:14:08.050,1.3461,1.34596,1500000,1000000
24.06.2021 01:14:09.020,1.3461100000000001,1.34595,1120000.0048,1000000
24.06.2021 01:14:09.477,1.3461,1.34596,1500000,1000000
24.06.2021 01:14:25.096,1.3461100000000001,1.34595,1120000.0048,1000000
24.06.2021 01:14:25.245,1.3461100000000001,1.34595,1500000,1000000
24.06.2021 01:14:25.346,1.3461,1.34596,1120000.0048,1000000
24.06.2021 01:14:25.781,1.3461,1.34596,1500000,1000000
24.06.2021 01:14:26.331,1.3461,1.34596,1120000.0048,1000000
24.06.2021 01:14:29.152,1.3461100000000001,1.34595,1500000,1000000
24.06.2021 01:14:29.288,1.3461100000000001,1.34595,1120000.0048,1000000
24.06.2021 01:14:35.558,1.3461,1.3459400000000001,1120000.0048,1000000
24.06.2021 01:14:35.659,1.34609,1.34593,1120000.0048,1000000
24.06.2021 01:14:39.593,1.34607,1.34593,1000000,1000000
24.06.2021 01:14:59.792,1.34606,1.3459,1000000,1000000
24.06.2021 01:15:00.500,1.34605,1.3459100000000002,1500000,1000000
24.06.2021 01:15:00.620,1.34606,1.3459,1120000.0048,1000000
24.06.2021 01:15:21.215,1.3460400000000001,1.3459,1000000,1000000
24.06.2021 01:15:22.468,1.34603,1.34589,1120000.0048,1000000
24.06.2021 01:15:22.569,1.3460200000000002,1.34586,1000000,1000000
24.06.2021 01:15:23.043,1.3460200000000002,1.34586,1500000,1000000
24.06.2021 01:15:23.093,1.34598,1.34584,1000000,1120000.0048
24.06.2021 01:15:23.195,1.34597,1.34583,1000000,1500000
24.06.2021 01:15:23.780,1.34597,1.34583,1000000,1000000
24.06.2021 01:15:23.855,1.34596,1.3458,1000000,1000000
24.06.2021 01:15:24.921,1.3459400000000001,1.3458,1000000,1000000
24.06.2021 01:15:29.954,1.34595,1.3458100000000002,1000000,1000000
24.06.2021 01:15:30.056,1.34596,1.34583,1000000,1000000
24.06.2021 01:15:30.107,1.34598,1.34584,1000000,1000000
24.06.2021 01:15:30.502,1.34597,1.34583,1000000,1000000
24.06.2021 01:15:30.603,1.34598,1.34584,1000000,1000000
24.06.2021 01:15:40.626,1.34598,1.3458200000000002,1000000,1000000
24.06.2021 01:15:40.728,1.34597,1.3458200000000002,1000000,1000000
24.06.2021 01:15:41.169,1.34598,1.3458200000000002,1120000.0048,1000000
24.06.2021 01:15:45.767,1.34598,1.34584,1120000.0048,1000000
24.06.2021 01:15:46.023,1.3460100000000002,1.34584,1600000.0238,1000000
24.06.2021 01:15:46.146,1.34598,1.34584,1500000,1000000
24.06.2021 01:15:46.818,1.34598,1.34584,1120000.0048,1000000
24.06.2021 01:15:47.558,1.34599,1.34583,1500000,1000000
24.06.2021 01:15:48.449,1.34596,1.3458200000000002,1120000.0048,1000000
24.06.2021 01:15:53.917,1.34596,1.3458200000000002,1500000,1000000
24.06.2021 01:15:54.019,1.34597,1.3458100000000002,1500000,1000000
24.06.2021 01:16:02.820,1.3459400000000001,1.34578,1500000,1000000
24.06.2021 01:16:02.922,1.34593,1.34579,1500000,1000000
24.06.2021 01:16:03.073,1.3459200000000002,1.34576,1500000,1000000
24.06.2021 01:16:03.921,1.3459100000000002,1.34575,1500000,1000000
24.06.2021 01:16:04.022,1.3459100000000002,1.34575,1500000,1000000
24.06.2021 01:16:04.346,1.3459,1.34576,1500000,1000000
24.06.2021 01:16:11.487,1.3459100000000002,1.3457700000000001,1500000,1000000
24.06.2021 01:16:11.588,1.3459200000000002,1.34576,1500000,1000000
24.06.2021 01:16:15.199,1.3459100000000002,1.3457700000000001,1500000,1000000
24.06.2021 01:16:15.300,1.3459,1.34576,1500000,1000000
24.06.2021 01:16:15.351,1.34588,1.34574,1500000,1000000
24.06.2021 01:16:15.739,1.3458700000000001,1.34573,1120000.0048,1000000
24.06.2021 01:16:16.462,1.3458700000000001,1.34574,1000000,1000000
24.06.2021 01:16:17.426,1.34589,1.34574,1500000,1000000
24.06.2021 01:16:17.527,1.34589,1.34574,1500000,1000000
24.06.2021 01:16:39.826,1.3459,1.34573,2069999.9332,1000000
24.06.2021 01:16:39.934,1.34588,1.34572,1500000,1000000
24.06.2021 01:16:40.086,1.3458700000000001,1.34573,1600000.0238,1000000
24.06.2021 01:16:40.243,1.34585,1.3457100000000002,1500000,1000000
24.06.2021 01:16:40.344,1.34585,1.3457100000000002,1600000.0238,1000000
24.06.2021 01:16:40.450,1.34586,1.3457000000000001,1600000.0238,1000000
24.06.2021 01:16:42.574,1.34584,1.3457000000000001,1500000,1000000
24.06.2021 01:16:46.463,1.3458100000000002,1.34569,1000000,1000000
24.06.2021 01:16:46.565,1.3458200000000002,1.34566,1500000,1000000
24.06.2021 01:16:46.666,1.3458100000000002,1.34565,1500000,1000000
24.06.2021 01:16:46.767,1.3458100000000002,1.34565,1500000,1000000
24.06.2021 01:16:47.126,1.3458100000000002,1.34565,1500000,1000000
24.06.2021 01:16:47.227,1.3458200000000002,1.34568,1500000,1000000
24.06.2021 01:16:47.601,1.34583,1.3456700000000001,1500000,1000000
24.06.2021 01:16:48.387,1.3458200000000002,1.34568,1500000,1000000
24.06.2021 01:16:48.538,1.34583,1.3456700000000001,1500000,1000000
24.06.2021 01:17:01.845,1.34583,1.34568,1500000,1000000
24.06.2021 01:17:01.946,1.34583,1.34568,1500000,1000000
24.06.2021 01:17:02.787,1.34583,1.34568,1500000,1000000
24.06.2021 01:17:02.939,1.34585,1.34569,1500000,1000000
24.06.2021 01:17:03.090,1.34584,1.3457100000000002,1000000,1000000
24.06.2021 01:17:03.191,1.34586,1.34572,1500000,1000000
24.06.2021 01:17:21.141,1.34586,1.34572,1500000,1000000
24.06.2021 01:17:24.027,1.34586,1.34572,1500000,1000000
24.06.2021 01:17:24.128,1.34586,1.34572,1500000,1000000
24.06.2021 01:17:24.280,1.34586,1.34572,1500000,1000000
24.06.2021 01:17:24.392,1.3458700000000001,1.3457100000000002,1500000,1000000
24.06.2021 01:17:25.234,1.34586,1.34572,1600000.0238,1000000
24.06.2021 01:17:32.929,1.34585,1.34569,1500000,1000000
24.06.2021 01:17:33.030,1.34583,1.34569,1500000,1000000
24.06.2021 01:17:33.409,1.34584,1.34568,1500000,1000000
24.06.2021 01:17:39.698,1.34583,1.34569,1500000,1000000
24.06.2021 01:17:40.090,1.34586,1.34569,1500000,1000000
24.06.2021 01:17:40.418,1.34585,1.34569,1750000,1000000
24.06.2021 01:17:40.519,1.34584,1.34569,1750000,1000000
24.06.2021 01:17:41.246,1.34586,1.34569,2190000.0572,1000000
24.06.2021 01:17:41.632,1.34585,1.3457000000000001,1500000,1000000
24.06.2021 01:17:42.649,1.34584,1.3457000000000001,1500000,1000000
24.06.2021 01:17:43.586,1.34585,1.3457000000000001,2000000,1000000
24.06.2021 01:17:43.687,1.34584,1.34569,2369999.8856,1000000
24.06.2021 01:17:44.048,1.34585,1.34568,1620000.0048,1000000
24.06.2021 01:17:44.532,1.34585,1.34568,1620000.0048,1000000
24.06.2021 01:17:49.749,1.34584,1.34569,1620000.0048,1000000
24.06.2021 01:17:49.850,1.34585,1.3457000000000001,1500000,1000000
24.06.2021 01:17:49.978,1.34586,1.34569,1500000,1000000
24.06.2021 01:17:50.080,1.34585,1.3457000000000001,1500000,1000000
24.06.2021 01:17:50.231,1.34585,1.3457000000000001,1500000,1000000
24.06.2021 01:17:50.332,1.34585,1.3457000000000001,1500000,1000000
24.06.2021 01:17:50.886,1.34586,1.34569,1500000,1000000
24.06.2021 01:17:50.987,1.34586,1.34569,1500000,1000000
24.06.2021 01:17:53.231,1.34586,1.34569,1500000,1000000
24.06.2021 01:17:54.041,1.34586,1.34569,1500000,1000000
24.06.2021 01:17:54.142,1.34586,1.34569,2000000,1000000
24.06.2021 01:17:54.252,1.34585,1.3457000000000001,2000000,1000000
24.06.2021 01:17:54.462,1.34585,1.3457000000000001,1500000,1000000
24.06.2021 01:17:54.613,1.34585,1.3457000000000001,1500000,1000000
24.06.2021 01:17:55.141,1.34585,1.3457000000000001,1500000,1000000
24.06.2021 01:17:55.242,1.34585,1.3457000000000001,1500000,1000000
24.06.2021 01:17:56.172,1.34585,1.3457000000000001,2000000,1000000
24.06.2021 01:17:56.274,1.34584,1.34569,1500000,1000000
24.06.2021 01:17:56.712,1.34585,1.3457000000000001,1500000,1000000
24.06.2021 01:17:57.065,1.34584,1.3457000000000001,1500000,1000000
24.06.2021 01:17:57.173,1.34583,1.3457000000000001,1500000,1000000
24.06.2021 01:17:57.274,1.34585,1.3457000000000001,1500000,1000000
24.06.2021 01:17:57.581,1.34585,1.3457000000000001,1500000,1000000
24.06.2021 01:17:57.997,1.34584,1.3457000000000001,1500000,1000000
24.06.2021 01:17:58.148,1.34585,1.34569,1500000,1000000
24.06.2021 01:17:58.252,1.34585,1.3457000000000001,1500000,1000000
24.06.2021 01:18:00.088,1.34586,1.34569,1500000,1000000
24.06.2021 01:18:01.084,1.34585,1.3457000000000001,2190000.0572,1000000
24.06.2021 01:18:03.339,1.3458100000000002,1.3457000000000001,1000000,1000000
24.06.2021 01:18:27.489,1.3458100000000002,1.34569,1000000,1000000
24.06.2021 01:18:27.590,1.34584,1.34569,1500000,1000000
24.06.2021 01:18:29.775,1.3458200000000002,1.3456700000000001,1500000,1000000
24.06.2021 01:18:39.087,1.3458,1.34564,1000000,1000000
24.06.2021 01:18:46.660,1.34578,1.34564,1000000,1000000
24.06.2021 01:18:46.934,1.3458100000000002,1.34566,2069999.9332,1000000
24.06.2021 01:18:47.035,1.3458200000000002,1.34566,1500000,1000000
24.06.2021 01:18:47.136,1.3458200000000002,1.34566,1000000,1000000
24.06.2021 01:18:47.294,1.34584,1.3457000000000001,1000000,1000000
24.06.2021 01:19:40.524,1.3458700000000001,1.3457100000000002,1120000.0048,1000000
24.06.2021 01:20:13.363,1.34584,1.3457000000000001,1000000,1120000.0048
24.06.2021 01:20:13.596,1.34584,1.3457100000000002,1000000,1000000
24.06.2021 01:20:16.924,1.34584,1.3457000000000001,1000000,1120000.0048
24.06.2021 01:21:19.929,1.3458700000000001,1.3457100000000002,1000000,1000000
24.06.2021 01:21:28.329,1.3458700000000001,1.3457100000000002,1000000,1620000.0048
24.06.2021 01:21:30.065,1.34586,1.34572,1000000,1120000.0048
24.06.2021 01:21:34.378,1.34586,1.34572,1000000,1620000.0048
24.06.2021 01:21:34.529,1.34589,1.34572,1000000,1120000.0048
24.06.2021 01:21:34.766,1.3459,1.34574,1120000.0048,1000000
24.06.2021 01:21:58.691,1.34589,1.34574,1100000.0238,1000000
24.06.2021 01:21:58.851,1.3459100000000002,1.34576,1100000.0238,1000000
24.06.2021 01:21:59.562,1.34589,1.34575,1100000.0238,1000000
24.06.2021 01:22:22.069,1.3459,1.34575,1000000,1000000
24.06.2021 01:22:22.292,1.3459200000000002,1.34576,1100000.0238,1120000.0048
24.06.2021 01:22:22.393,1.34593,1.34576,1700000.0477,1120000.0048
24.06.2021 01:22:22.495,1.34593,1.34576,1570000.0525,1000000
24.06.2021 01:22:26.721,1.34589,1.34575,1000000,1620000.0048
24.06.2021 01:22:27.671,1.34589,1.34576,1000000,1000000
24.06.2021 01:22:32.183,1.34589,1.34575,1000000,1000000
24.06.2021 01:22:32.481,1.3458700000000001,1.34574,1000000,1000000
24.06.2021 01:22:32.738,1.3458700000000001,1.34573,1000000,1000000
24.06.2021 01:22:32.889,1.34585,1.3457000000000001,1000000,1500000
24.06.2021 01:22:33.182,1.34588,1.3457100000000002,1000000,1000000
24.06.2021 01:22:33.283,1.34588,1.34572,1000000,1000000
24.06.2021 01:22:33.788,1.34586,1.34573,1000000,1000000
24.06.2021 01:22:34.213,1.3458700000000001,1.3457100000000002,1000000,1000000
24.06.2021 01:22:34.467,1.34585,1.34569,1000000,1500000
24.06.2021 01:22:40.338,1.34584,1.3457100000000002,1000000,1000000
24.06.2021 01:22:41.997,1.34585,1.34569,1000000,1120000.0048
24.06.2021 01:23:22.198,1.34584,1.3457100000000002,1000000,1000000
24.06.2021 01:23:24.702,1.34585,1.34569,1000000,1000000
24.06.2021 01:23:52.419,1.34583,1.3456700000000001,1000000,1000000
24.06.2021 01:24:02.607,1.3458200000000002,1.34566,1000000,1120000.0048
24.06.2021 01:24:54.082,1.3458100000000002,1.34564,1000000,1500000
24.06.2021 01:24:54.605,1.3458100000000002,1.34566,1000000,1000000
24.06.2021 01:24:55.157,1.3458100000000002,1.34568,1000000,1000000
24.06.2021 01:24:56.131,1.3458200000000002,1.34568,1000000,1000000
24.06.2021 01:24:56.541,1.3458100000000002,1.34569,1000000,1000000
24.06.2021 01:25:00.709,1.3458100000000002,1.3457100000000002,1000000,1000000
24.06.2021 01:25:02.557,1.3458100000000002,1.34568,1000000,2000000
24.06.2021 01:25:23.700,1.3458100000000002,1.3457000000000001,1000000,1000000
24.06.2021 01:25:23.902,1.3458200000000002,1.3457000000000001,1000000,1000000
24.06.2021 01:25:24.003,1.34584,1.34569,1000000,1500000
24.06.2021 01:25:24.733,1.34583,1.34572,1000000,1000000
24.06.2021 01:25:25.649,1.34584,1.34572,1000000,1000000
24.06.2021 01:25:25.750,1.34586,1.34572,1000000,1000000
24.06.2021 01:25:26.206,1.34586,1.34572,1000000,1000000
24.06.2021 01:25:30.575,1.34585,1.3457100000000002,1000000,2000000
24.06.2021 01:25:31.527,1.34586,1.34572,1000000,1000000
24.06.2021 01:25:41.725,1.34586,1.3457000000000001,1000000,1620000.0048
24.06.2021 01:25:43.375,1.34585,1.3457100000000002,1000000,1620000.0048
24.06.2021 01:25:44.376,1.34586,1.34572,1000000,1000000
24.06.2021 01:25:45.377,1.34586,1.3457000000000001,1000000,1620000.0048
24.06.2021 01:25:52.539,1.34585,1.34573,1000000,1000000
24.06.2021 01:25:54.718,1.34585,1.34572,1000000,1000000
24.06.2021 01:25:55.585,1.3458700000000001,1.3457100000000002,1000000,1000000
24.06.2021 01:25:58.733,1.34586,1.34573,1000000,1000000
24.06.2021 01:25:59.539,1.3458700000000001,1.34573,1000000,1500000
24.06.2021 01:26:00.079,1.34589,1.34572,1870000.0048,1500000
24.06.2021 01:26:00.230,1.34589,1.34574,1000000,1500000
24.06.2021 01:26:00.417,1.3459200000000002,1.34576,1500000,1000000
24.06.2021 01:26:00.518,1.3459,1.34574,1000000,1000000
24.06.2021 01:26:00.670,1.34589,1.34578,1000000,1000000
24.06.2021 01:26:01.408,1.34589,1.34576,1000000,1000000
24.06.2021 01:26:02.392,1.3459,1.34574,1000000,1000000
24.06.2021 01:26:05.096,1.34589,1.34574,1000000,1000000
24.06.2021 01:26:12.766,1.3459,1.34575,1000000,1000000
24.06.2021 01:26:12.949,1.3459100000000002,1.34576,1000000,1000000
24.06.2021 01:26:13.844,1.3459,1.34575,1000000,1000000
24.06.2021 01:26:28.175,1.34589,1.34573,1000000,1000000
24.06.2021 01:26:28.277,1.3458700000000001,1.34573,1000000,1000000
24.06.2021 01:26:30.732,1.34589,1.34574,1500000,1000000
24.06.2021 01:26:31.335,1.3459100000000002,1.34575,1000000,1000000
24.06.2021 01:26:55.072,1.3459200000000002,1.34576,1500000,1000000
24.06.2021 01:26:55.312,1.3459200000000002,1.34578,1000000,1000000
24.06.2021 01:26:55.413,1.34595,1.34579,1200000.0477,1000000
24.06.2021 01:26:59.914,1.3459400000000001,1.3457700000000001,1120000.0048,1000000
24.06.2021 01:27:00.015,1.3459100000000002,1.3457700000000001,1000000,1000000
24.06.2021 01:27:00.579,1.3459400000000001,1.3457700000000001,1120000.0048,1000000
24.06.2021 01:27:01.349,1.3459400000000001,1.3457700000000001,1500000,1000000
24.06.2021 01:27:01.450,1.34593,1.3457700000000001,2000000,1000000
24.06.2021 01:27:01.893,1.3459200000000002,1.34578,1120000.0048,1000000
24.06.2021 01:27:02.161,1.34593,1.3457700000000001,1500000,1000000
24.06.2021 01:27:02.510,1.3459200000000002,1.34578,1120000.0048,1000000
24.06.2021 01:27:03.226,1.3459400000000001,1.34579,1720000.0286,1000000
24.06.2021 01:27:03.488,1.3459400000000001,1.34579,1700000.0477,1000000
24.06.2021 01:27:03.896,1.34595,1.34578,1700000.0477,1000000
24.06.2021 01:27:05.101,1.3459400000000001,1.34579,1570000.0525,1000000
24.06.2021 01:27:10.858,1.3459400000000001,1.34579,1500000,1000000
24.06.2021 01:27:10.959,1.3459400000000001,1.34578,1000000,1000000
24.06.2021 01:27:12.565,1.3459100000000002,1.3457700000000001,1000000,1000000
24.06.2021 01:27:16.204,1.34593,1.3457700000000001,1120000.0048,1000000
24.06.2021 01:27:22.474,1.34593,1.3457700000000001,1500000,1000000
24.06.2021 01:27:22.735,1.34589,1.34575,1000000,1000000
24.06.2021 01:27:23.046,1.3459,1.34574,1600000.0238,1000000
24.06.2021 01:27:23.247,1.34589,1.34575,1120000.0048,1000000
24.06.2021 01:27:27.995,1.34589,1.34575,1220000.0286,1000000
24.06.2021 01:27:28.199,1.3458700000000001,1.3457000000000001,1000000,1120000.0048
24.06.2021 01:27:28.250,1.34585,1.34569,1000000,1000000
24.06.2021 01:27:29.811,1.34584,1.3457000000000001,1600000.0238,1000000
24.06.2021 01:27:31.314,1.34584,1.3457000000000001,1200000.0477,1000000
24.06.2021 01:27:31.766,1.34585,1.34569,1600000.0238,1000000
24.06.2021 01:27:31.984,1.34585,1.34569,1200000.0477,1000000
24.06.2021 01:27:32.646,1.34584,1.3457000000000001,1600000.0238,1000000
24.06.2021 01:27:32.944,1.34584,1.3457000000000001,1200000.0477,1000000
24.06.2021 01:27:34.415,1.3458200000000002,1.34568,1000000,1000000
24.06.2021 01:27:35.566,1.34583,1.34569,1500000,1000000
24.06.2021 01:27:38.492,1.34583,1.34569,1120000.0048,1000000
24.06.2021 01:27:38.937,1.34584,1.3457000000000001,1120000.0048,1000000
24.06.2021 01:27:39.038,1.34585,1.34569,1500000,1000000
24.06.2021 01:27:41.886,1.34585,1.34569,1000000,1000000
24.06.2021 01:27:41.987,1.34585,1.3457000000000001,1000000,1000000
24.06.2021 01:27:53.601,1.34586,1.34572,1100000.0238,1000000
24.06.2021 01:27:54.781,1.3458700000000001,1.3457100000000002,1000000,1000000
24.06.2021 01:27:56.034,1.3458700000000001,1.3457100000000002,1000000,1620000.0048
24.06.2021 01:27:57.412,1.34589,1.34574,1600000.0238,1000000
24.06.2021 01:27:57.743,1.3459,1.34575,1720000.0286,1000000
24.06.2021 01:27:57.847,1.3459,1.3457700000000001,1100000.0238,1000000
24.06.2021 01:27:58.231,1.3459400000000001,1.34578,1100000.0238,1000000
24.06.2021 01:27:58.332,1.3459400000000001,1.34578,1100000.0238,1000000
24.06.2021 01:27:58.433,1.34593,1.34579,1100000.0238,1000000
24.06.2021 01:27:59.287,1.3459400000000001,1.3457700000000001,1720000.0286,1000000
24.06.2021 01:28:00.435,1.3459,1.34576,1120000.0048,1000000
24.06.2021 01:28:00.711,1.3459100000000002,1.34575,1600000.0238,1000000
24.06.2021 01:28:00.812,1.34589,1.34573,1000000,1000000
24.06.2021 01:28:00.963,1.3458700000000001,1.34573,1000000,1000000
24.06.2021 01:28:01.676,1.3459,1.34573,2099999.9046,1000000
24.06.2021 01:28:09.105,1.34589,1.34574,2470000.0286,1000000
24.06.2021 01:28:09.206,1.34586,1.34572,1200000.0477,1000000
24.06.2021 01:28:09.795,1.3458700000000001,1.3457100000000002,1600000.0238,1000000
24.06.2021 01:28:09.897,1.3458700000000001,1.3457100000000002,1120000.0048,1000000
24.06.2021 01:28:10.436,1.3458700000000001,1.3457100000000002,1500000,1000000
24.06.2021 01:28:10.947,1.34586,1.34572,1120000.0048,1000000
24.06.2021 01:28:11.549,1.3458700000000001,1.3457100000000002,1600000.0238,1000000
24.06.2021 01:28:11.957,1.3458700000000001,1.3457100000000002,1120000.0048,1000000
24.06.2021 01:28:12.512,1.3458700000000001,1.3457100000000002,1500000,1000000
24.06.2021 01:28:12.901,1.3458700000000001,1.3457100000000002,1570000.0525,1000000
24.06.2021 01:28:13.506,1.34586,1.34572,1620000.0048,1000000
24.06.2021 01:28:13.758,1.3458700000000001,1.3457100000000002,1500000,1000000
24.06.2021 01:28:14.624,1.34586,1.34572,1620000.0048,1000000
24.06.2021 01:28:15.101,1.3458700000000001,1.3457100000000002,1500000,1000000
24.06.2021 01:28:15.687,1.34586,1.34572,1620000.0048,1000000
24.06.2021 01:28:15.946,1.3458700000000001,1.3457100000000002,1500000,1000000
24.06.2021 01:28:16.708,1.3458700000000001,1.3457100000000002,1700000.0477,1000000
24.06.2021 01:28:16.920,1.34586,1.34572,1500000,1000000
24.06.2021 01:28:17.426,1.34586,1.34572,1620000.0048,1000000
24.06.2021 01:28:17.696,1.34586,1.34572,1500000,1000000
24.06.2021 01:28:18.323,1.34586,1.34572,1620000.0048,1000000
24.06.2021 01:28:18.625,1.3458700000000001,1.3457100000000002,1500000,1000000
24.06.2021 01:28:19.191,1.34586,1.34572,1620000.0048,1000000
24.06.2021 01:28:20.624,1.34588,1.34573,1600000.0238,1000000
24.06.2021 01:28:20.725,1.34588,1.34573,1120000.0048,1000000
24.06.2021 01:28:20.826,1.34589,1.34572,1100000.0238,1000000
24.06.2021 01:28:21.882,1.34589,1.34572,1120000.0048,1000000
24.06.2021 01:28:22.553,1.34589,1.34572,1220000.0286,1000000
24.06.2021 01:28:22.851,1.34588,1.34573,1000000,1000000
24.06.2021 01:28:23.382,1.34589,1.34572,1600000.0238,1000000
24.06.2021 01:28:23.483,1.34589,1.34572,1200000.0477,1000000
24.06.2021 01:28:26.409,1.34588,1.34573,1600000.0238,1000000
24.06.2021 01:28:26.511,1.34588,1.34573,1200000.0477,1000000
24.06.2021 01:28:26.562,1.3458700000000001,1.34572,1000000,1000000
24.06.2021 01:28:26.612,1.34589,1.34572,1200000.0477,1000000
24.06.2021 01:28:33.042,1.3459,1.34574,1500000,1000000
24.06.2021 01:28:33.143,1.3459,1.34574,1220000.0286,1000000
24.06.2021 01:28:33.634,1.3459,1.34574,1600000.0238,1000000
24.06.2021 01:28:34.771,1.3459,1.34574,1120000.0048,1000000
24.06.2021 01:28:35.362,1.3459,1.34574,1600000.0238,1000000
24.06.2021 01:28:35.659,1.34589,1.34575,1120000.0048,1000000
24.06.2021 01:28:36.000,1.34588,1.34574,1000000,1000000
24.06.2021 01:28:39.387,1.34588,1.34574,1600000.0238,1000000
24.06.2021 01:28:39.645,1.34589,1.34573,1200000.0477,1000000
24.06.2021 01:28:40.231,1.34588,1.34574,1600000.0238,1000000
24.06.2021 01:28:40.333,1.34588,1.34574,1600000.0238,1000000
24.06.2021 01:28:40.561,1.34588,1.34574,1120000.0048,1000000
24.06.2021 01:28:42.358,1.3459,1.34575,1600000.0238,1000000
24.06.2021 01:28:48.466,1.3459100000000002,1.34574,1600000.0238,1000000
24.06.2021 01:28:48.567,1.34589,1.34574,1600000.0238,1000000
24.06.2021 01:28:50.279,1.3458700000000001,1.34572,1120000.0048,1000000
24.06.2021 01:28:51.111,1.34586,1.3457000000000001,1000000,1000000
24.06.2021 01:28:52.438,1.34584,1.3457000000000001,1000000,1000000
24.06.2021 01:28:55.332,1.3458100000000002,1.34566,1000000,1620000.0048
24.06.2021 01:28:55.433,1.34583,1.34568,2319999.9332,1120000.0048
24.06.2021 01:28:55.686,1.34584,1.3457000000000001,1000000,1000000
24.06.2021 01:29:04.299,1.34583,1.3457000000000001,1000000,1000000
24.06.2021 01:29:05.733,1.34585,1.34569,1120000.0048,1000000
24.06.2021 01:29:27.066,1.34585,1.3457100000000002,1120000.0048,1000000
24.06.2021 01:29:27.167,1.3458700000000001,1.34572,1500000,1000000
24.06.2021 01:29:27.318,1.34588,1.3457100000000002,1120000.0048,1000000
24.06.2021 01:29:42.122,1.34588,1.34572,1120000.0048,1000000
24.06.2021 01:29:51.757,1.34588,1.3457100000000002,1000000,1620000.0048
24.06.2021 01:30:00.284,1.34586,1.34572,1000000,1620000.0048
24.06.2021 01:30:01.191,1.3458700000000001,1.3457100000000002,1120000.0048,1000000
24.06.2021 01:30:02.876,1.34588,1.34573,1000000,1000000
24.06.2021 01:30:04.106,1.34588,1.34573,1000000,1620000.0048
24.06.2021 01:30:07.444,1.34588,1.34573,1000000,1120000.0048
24.06.2021 01:30:08.399,1.34588,1.34573,1000000,1620000.0048
24.06.2021 01:30:10.185,1.34588,1.34573,1120000.0048,1500000
24.06.2021 01:30:15.389,1.34588,1.34574,1000000,1000000
24.06.2021 01:30:18.104,1.34588,1.34572,1000000,1000000
24.06.2021 01:30:22.117,1.34589,1.34573,1000000,1000000
24.06.2021 01:30:22.167,1.3459100000000002,1.34575,1000000,1000000
24.06.2021 01:30:22.419,1.3459100000000002,1.3457700000000001,1120000.0048,1000000
24.06.2021 01:30:25.056,1.3459,1.34576,1000000,1000000
24.06.2021 01:30:29.153,1.34593,1.3457700000000001,1000000,1000000
24.06.2021 01:30:29.254,1.3459100000000002,1.34578,1000000,1000000
24.06.2021 01:30:29.825,1.34593,1.3457700000000001,1000000,1000000
24.06.2021 01:30:29.977,1.3459100000000002,1.34575,1000000,1500000
24.06.2021 01:30:33.482,1.3459400000000001,1.3458,2250000,1000000
24.06.2021 01:30:33.583,1.34595,1.3458,1000000,1000000
24.06.2021 01:30:33.684,1.34595,1.3458100000000002,1000000,1000000
24.06.2021 01:30:35.599,1.34597,1.3458100000000002,1000000,1500000
24.06.2021 01:30:35.700,1.3460100000000002,1.3458700000000001,1620000.0048,1000000
24.06.2021 01:30:35.750,1.3460200000000002,1.34586,1120000.0048,1000000
24.06.2021 01:30:35.801,1.34598,1.34584,1000000,1000000
24.06.2021 01:30:36.523,1.34598,1.34584,1000000,1620000.0048
24.06.2021 01:30:37.523,1.34599,1.34583,1000000,1500000
24.06.2021 01:30:45.730,1.34599,1.3458200000000002,1120000.0048,1000000
24.06.2021 01:30:45.831,1.34595,1.34579,1000000,1000000
24.06.2021 01:30:45.935,1.34595,1.3458100000000002,1000000,1000000
24.06.2021 01:30:46.244,1.3459400000000001,1.3458,1000000,1000000
24.06.2021 01:30:46.345,1.34593,1.3457700000000001,1500000,1000000
24.06.2021 01:30:46.626,1.3459200000000002,1.34576,1000000,1000000
24.06.2021 01:30:46.727,1.3459,1.34576,1000000,1000000
24.06.2021 01:30:46.828,1.3458700000000001,1.34574,1000000,1000000
24.06.2021 01:30:46.979,1.3459100000000002,1.34574,1500000,1000000
24.06.2021 01:30:47.081,1.3459,1.34575,1120000.0048,1000000
24.06.2021 01:30:48.844,1.34589,1.34573,1000000,1000000
24.06.2021 01:30:48.945,1.34588,1.34573,1000000,1000000
24.06.2021 01:30:51.036,1.34589,1.34573,1120000.0048,1000000
24.06.2021 01:30:53.388,1.3459100000000002,1.34574,1500000,1000000
24.06.2021 01:30:53.489,1.3459,1.34575,1120000.0048,1000000
24.06.2021 01:30:54.373,1.34586,1.34576,1000000,1000000
24.06.2021 01:30:54.743,1.3459100000000002,1.34576,1120000.0048,1000000
24.06.2021 01:30:59.633,1.3459100000000002,1.34576,1500000,1000000
24.06.2021 01:31:00.097,1.3459200000000002,1.34575,1500000,1000000
24.06.2021 01:31:00.848,1.3459100000000002,1.34575,1120000.0048,1000000
