Gmt time,Ask,Bid,AskVolume,BidVolume
20.08.2021 00:00:00.017,0.71467,0.71457,2.62,1.25
20.08.2021 00:00:00.119,0.7146800000000001,0.71455,3.19,2.44
20.08.2021 00:00:00.271,0.71467,0.7145600000000001,1.5,3.25
20.08.2021 00:00:00.372,0.71467,0.71457,1,2.5
20.08.2021 00:00:04.046,0.7147,0.7146300000000001,1.12,1
20.08.2021 00:00:04.097,0.7147300000000001,0.7146300000000001,3,2.69
20.08.2021 00:00:04.453,0.7147,0.7146100000000001,1.25,1.75
20.08.2021 00:00:04.504,0.7147,0.71459,1.69,1.69
20.08.2021 00:00:05.030,0.7147,0.7145800000000001,1,2.44
20.08.2021 00:00:06.779,0.7147300000000001,0.7146100000000001,2.07,2.81
20.08.2021 00:00:06.880,0.71472,0.7146300000000001,1,1.25
20.08.2021 00:00:06.982,0.71474,0.7146300000000001,3.39,1.69
20.08.2021 00:00:10.173,0.71474,0.71464,1.5,1.25
20.08.2021 00:00:11.952,0.71477,0.71467,3.76,1.5
20.08.2021 00:00:12.054,0.71477,0.7146800000000001,1.5,1.25
20.08.2021 00:00:12.155,0.7147800000000001,0.7146800000000001,1.5,1.25
20.08.2021 00:00:17.682,0.7147800000000001,0.71469,1.5,2.5
20.08.2021 00:00:17.783,0.71479,0.7147,1.69,1
20.08.2021 00:00:17.884,0.7148,0.7147300000000001,1.12,1
20.08.2021 00:00:17.935,0.7148,0.71469,1,1
20.08.2021 00:00:18.037,0.71479,0.71469,1,2.44
20.08.2021 00:00:21.254,0.7148,0.7147,2.25,1
20.08.2021 00:00:21.355,0.7148,0.71469,2.25,2.81
20.08.2021 00:00:22.793,0.7148100000000001,0.71469,1,1.69
20.08.2021 00:00:22.895,0.71482,0.71469,1.5,2.44
20.08.2021 00:00:23.463,0.7148100000000001,0.7147100000000001,1.5,1
20.08.2021 00:00:23.564,0.71482,0.71469,2.06,2.25
20.08.2021 00:00:27.391,0.71479,0.71469,1,2.44
20.08.2021 00:00:28.874,0.71482,0.7147,2.25,1
20.08.2021 00:00:30.094,0.71482,0.71469,1.5,2.44
20.08.2021 00:00:30.845,0.7148100000000001,0.7147100000000001,1,1
20.08.2021 00:00:31.647,0.71482,0.71469,1.87,2.81
20.08.2021 00:00:31.748,0.7148,0.7147,1.5,1.87
20.08.2021 00:00:33.414,0.7148100000000001,0.7147100000000001,1,1.5
20.08.2021 00:00:33.515,0.71484,0.7147100000000001,2.75,3.25
20.08.2021 00:00:33.617,0.71485,0.71474,1,1
20.08.2021 00:00:33.837,0.71484,0.71474,1.5,1.5
20.08.2021 00:00:34.446,0.71484,0.71475,1,1.5
20.08.2021 00:00:41.411,0.71484,0.71474,2.25,2.44
20.08.2021 00:00:41.714,0.7148300000000001,0.71474,1,1
20.08.2021 00:00:41.816,0.7148100000000001,0.71472,1,1.69
20.08.2021 00:00:41.917,0.7148,0.71469,1,2.06
20.08.2021 00:00:44.582,0.71477,0.7146800000000001,1,2.44
20.08.2021 00:00:48.104,0.7147800000000001,0.7146800000000001,1.5,2.44
20.08.2021 00:00:49.648,0.7147800000000001,0.71469,1.5,1.25
20.08.2021 00:00:52.250,0.71479,0.71469,1.1,1.69
20.08.2021 00:00:56.846,0.7147800000000001,0.71469,1,1.25
20.08.2021 00:00:58.129,0.7147800000000001,0.7146800000000001,1.5,2.7
20.08.2021 00:00:58.231,0.7147300000000001,0.71464,1.5,1.12
20.08.2021 00:00:58.332,0.71472,0.71462,1.5,2.94
20.08.2021 00:00:58.383,0.71474,0.71465,1.5,1
20.08.2021 00:00:58.484,0.7147300000000001,0.7146300000000001,1,3.19
20.08.2021 00:00:58.687,0.7147300000000001,0.71464,1,1
20.08.2021 00:01:00.358,0.71475,0.71467,1,1
20.08.2021 00:01:00.460,0.71475,0.71464,1,2.91
20.08.2021 00:01:01.348,0.7147600000000001,0.7146300000000001,1.5,1.69
20.08.2021 00:01:01.544,0.71474,0.71464,1,1.69
20.08.2021 00:01:02.107,0.7147300000000001,0.71465,1,1
20.08.2021 00:01:02.784,0.7147800000000001,0.71467,1,1
20.08.2021 00:01:02.886,0.71479,0.71469,2,1.69
20.08.2021 00:01:02.987,0.71479,0.7147,1,1
20.08.2021 00:01:03.139,0.7148100000000001,0.71472,1,1
20.08.2021 00:01:03.241,0.7148300000000001,0.7147100000000001,1.12,1.69
20.08.2021 00:01:03.342,0.7148300000000001,0.71474,1.5,1.25
20.08.2021 00:01:08.483,0.7148300000000001,0.7147300000000001,2.25,1.5
20.08.2021 00:01:19.820,0.7148,0.7147,1.57,1.12
20.08.2021 00:01:19.921,0.71479,0.71469,1,1.69
20.08.2021 00:01:25.577,0.7147800000000001,0.7146800000000001,1,1.5
20.08.2021 00:01:26.518,0.7147800000000001,0.71469,1,1
20.08.2021 00:01:26.620,0.71479,0.71469,2.25,1.69
20.08.2021 00:01:31.487,0.71479,0.7147,2.25,1
20.08.2021 00:01:31.930,0.71479,0.71469,3,1.69
20.08.2021 00:01:33.362,0.7147800000000001,0.71469,1,1
20.08.2021 00:01:36.377,0.7147800000000001,0.7146800000000001,1.5,1.5
20.08.2021 00:01:40.565,0.7148,0.7146800000000001,3,1
20.08.2021 00:01:41.539,0.71479,0.71467,1,2.44
20.08.2021 00:01:43.638,0.71474,0.71465,1,1
20.08.2021 00:01:43.689,0.71474,0.71462,1,1.87
20.08.2021 00:01:44.117,0.71472,0.71462,1.5,1.69
20.08.2021 00:01:44.227,0.7147100000000001,0.71462,1,1.5
20.08.2021 00:01:44.329,0.7147100000000001,0.7146100000000001,2.25,1.5
20.08.2021 00:01:45.506,0.7147100000000001,0.71462,1,1.69
20.08.2021 00:01:45.557,0.71474,0.71462,2.25,2.25
20.08.2021 00:01:45.659,0.7147300000000001,0.7146300000000001,1.5,3.25
20.08.2021 00:01:51.676,0.71472,0.7146300000000001,1,1.25
20.08.2021 00:01:52.658,0.71472,0.7146300000000001,1,1.75
20.08.2021 00:01:52.759,0.7147300000000001,0.71464,1.5,1.25
20.08.2021 00:01:55.711,0.7147300000000001,0.71465,1,2.44
20.08.2021 00:01:55.812,0.7147600000000001,0.7146800000000001,1.12,1.69
20.08.2021 00:01:58.149,0.7147800000000001,0.71469,1,1
20.08.2021 00:01:59.208,0.71479,0.71469,1,3.19
20.08.2021 00:01:59.259,0.7148300000000001,0.71472,2.25,1.25
20.08.2021 00:01:59.361,0.71484,0.71474,1,1
20.08.2021 00:01:59.411,0.71485,0.7147600000000001,1,1
20.08.2021 00:01:59.664,0.71486,0.7147600000000001,1.5,2.44
20.08.2021 00:01:59.765,0.71487,0.7147600000000001,1,1
20.08.2021 00:01:59.866,0.7148800000000001,0.7147600000000001,2.25,2.44
20.08.2021 00:02:00.430,0.7148800000000001,0.71477,1,1
20.08.2021 00:02:01.631,0.71486,0.7147600000000001,3,1.87
20.08.2021 00:02:01.732,0.71486,0.71475,1.5,1.12
20.08.2021 00:02:01.934,0.71486,0.71474,2.25,1.5
20.08.2021 00:02:04.242,0.71487,0.71475,1,1.5
20.08.2021 00:02:05.399,0.71487,0.7147800000000001,1.95,1
20.08.2021 00:02:06.666,0.71486,0.7147800000000001,1,1
20.08.2021 00:02:06.716,0.71485,0.71475,2.25,1
20.08.2021 00:02:12.351,0.71484,0.71475,1,1
20.08.2021 00:02:12.453,0.71484,0.71474,2.25,1
20.08.2021 00:02:12.504,0.71482,0.71472,1.5,1.25
20.08.2021 00:02:12.605,0.71482,0.7147300000000001,1.5,1
20.08.2021 00:02:12.858,0.7148300000000001,0.7147300000000001,2.62,1
20.08.2021 00:02:13.110,0.7148300000000001,0.71474,1.5,1
20.08.2021 00:02:16.175,0.7148300000000001,0.71475,1.5,1
20.08.2021 00:02:17.724,0.71485,0.71474,1.87,1
20.08.2021 00:02:18.966,0.71487,0.7147600000000001,2.32,1
20.08.2021 00:02:19.067,0.71484,0.71477,1,1
20.08.2021 00:02:19.914,0.71485,0.71475,1,1
20.08.2021 00:02:21.077,0.71484,0.71475,1,1
20.08.2021 00:02:21.634,0.71482,0.7147300000000001,1,1
20.08.2021 00:02:26.243,0.71482,0.71474,1,1
20.08.2021 00:02:26.344,0.71486,0.71477,1.87,1
20.08.2021 00:02:30.416,0.7148800000000001,0.71477,1,1
20.08.2021 00:02:30.568,0.71487,0.71479,1,1.25
20.08.2021 00:02:30.673,0.71489,0.7148,1.5,1
20.08.2021 00:02:31.180,0.71491,0.7148100000000001,3.37,2.44
20.08.2021 00:02:33.237,0.7149,0.7148100000000001,1,1
20.08.2021 00:02:33.338,0.71491,0.71479,1.5,1.5
20.08.2021 00:02:34.114,0.71489,0.7148,1,1
20.08.2021 00:02:41.252,0.7149,0.71484,1,1
20.08.2021 00:02:41.302,0.71494,0.7148300000000001,1.5,1.75
20.08.2021 00:02:41.404,0.71494,0.7148300000000001,1,2.44
20.08.2021 00:02:41.505,0.7149300000000001,0.71485,1.25,1.25
20.08.2021 00:02:46.257,0.71496,0.71486,2.7,1
20.08.2021 00:02:46.459,0.71496,0.71487,1.5,1
20.08.2021 00:02:47.532,0.7149500000000001,0.71486,1.1,1
20.08.2021 00:02:47.633,0.71494,0.71486,1,1
20.08.2021 00:02:51.121,0.71494,0.71485,1.57,1
20.08.2021 00:02:51.223,0.7149500000000001,0.71486,1,1
20.08.2021 00:02:51.274,0.71497,0.7148800000000001,1.87,1
20.08.2021 00:02:51.375,0.7149800000000001,0.71489,2.45,1
20.08.2021 00:02:51.477,0.7149800000000001,0.71489,1,1
20.08.2021 00:02:51.695,0.71497,0.7148800000000001,1.1,1
20.08.2021 00:02:57.891,0.71497,0.71487,1,1
20.08.2021 00:03:01.086,0.7149500000000001,0.71487,2.44,1.5
20.08.2021 00:03:01.137,0.71494,0.71485,1.5,1
20.08.2021 00:03:01.238,0.71494,0.71484,2.32,1
20.08.2021 00:03:01.624,0.7149,0.71482,1.25,1
20.08.2021 00:03:01.725,0.7149,0.7148,1.57,1.75
20.08.2021 00:03:01.829,0.7149,0.71479,1,1
20.08.2021 00:03:05.568,0.7148800000000001,0.71479,1,1
20.08.2021 00:03:05.670,0.71487,0.7147800000000001,1.5,1
20.08.2021 00:03:06.136,0.7148800000000001,0.7147800000000001,2.62,1.25
20.08.2021 00:03:06.237,0.7148800000000001,0.71479,1,1
20.08.2021 00:03:09.751,0.71486,0.71474,1,3
20.08.2021 00:03:09.853,0.71485,0.71475,1,1.69
20.08.2021 00:03:10.720,0.71487,0.7147800000000001,1.5,1.25
20.08.2021 00:03:10.822,0.71487,0.71479,1,1.25
20.08.2021 00:03:10.924,0.7149,0.7148100000000001,2,1.25
20.08.2021 00:03:11.025,0.7149,0.71482,1,1
20.08.2021 00:03:11.077,0.71492,0.7148300000000001,1.95,1
20.08.2021 00:03:11.330,0.7149300000000001,0.71484,1.12,1
20.08.2021 00:03:11.483,0.71494,0.71484,1.57,1.69
20.08.2021 00:03:11.636,0.71492,0.7148300000000001,3.07,1
20.08.2021 00:03:12.160,0.7149300000000001,0.7148300000000001,2.7,1
20.08.2021 00:03:12.464,0.71492,0.7148300000000001,1,2.44
20.08.2021 00:03:12.565,0.71489,0.7148,3,1.5
20.08.2021 00:03:12.616,0.71489,0.71477,3,1.5
20.08.2021 00:03:12.768,0.7148800000000001,0.71479,1.5,1
20.08.2021 00:03:17.086,0.71489,0.7148,2.25,1
20.08.2021 00:03:17.188,0.71492,0.7148100000000001,2.82,1
20.08.2021 00:03:17.290,0.71491,0.7148300000000001,1,1
20.08.2021 00:03:19.014,0.71492,0.7148300000000001,1,1
20.08.2021 00:03:19.116,0.71492,0.71484,1,1.5
20.08.2021 00:03:19.226,0.7149300000000001,0.71484,1,1.5
20.08.2021 00:03:19.567,0.7149300000000001,0.71486,1,1
20.08.2021 00:03:19.618,0.7149500000000001,0.71486,1.5,1
20.08.2021 00:03:19.720,0.7149500000000001,0.71487,1,1
20.08.2021 00:03:19.821,0.71496,0.71487,2.25,1
20.08.2021 00:03:20.394,0.71497,0.71489,1.5,1
20.08.2021 00:03:20.495,0.7150000000000001,0.7149,3.2,1.25
20.08.2021 00:03:20.597,0.7150000000000001,0.71491,1,1
20.08.2021 00:03:25.376,0.7150000000000001,0.7149,2.25,1
20.08.2021 00:03:28.523,0.71497,0.71487,1,1
20.08.2021 00:03:28.624,0.7149800000000001,0.7148800000000001,1,1
20.08.2021 00:03:29.841,0.71497,0.7149,1,1
20.08.2021 00:03:29.892,0.7149500000000001,0.71486,1.5,1.12
20.08.2021 00:03:29.943,0.7149300000000001,0.71485,1,1.5
20.08.2021 00:03:30.095,0.7149500000000001,0.71486,1,1
20.08.2021 00:03:30.196,0.71494,0.71486,1.5,1
20.08.2021 00:03:31.653,0.7149300000000001,0.71482,1.5,1
20.08.2021 00:03:31.754,0.71492,0.71484,1.5,1
20.08.2021 00:03:32.146,0.7149300000000001,0.7148100000000001,1.5,1.2
20.08.2021 00:03:32.247,0.71492,0.7148300000000001,1.5,1.25
20.08.2021 00:03:32.349,0.71492,0.71484,1.5,1
20.08.2021 00:03:32.451,0.71492,0.7148300000000001,1.5,1.25
20.08.2021 00:03:33.121,0.71492,0.71485,1.5,1
20.08.2021 00:03:34.039,0.7149300000000001,0.7148300000000001,1.5,1
20.08.2021 00:03:41.645,0.7149,0.71482,1,1
20.08.2021 00:03:41.747,0.7149,0.7148100000000001,1.5,1.5
20.08.2021 00:03:45.488,0.7149300000000001,0.71482,2,1
20.08.2021 00:03:45.539,0.7149300000000001,0.71484,1.5,1
20.08.2021 00:03:45.590,0.7149300000000001,0.71486,1,1
20.08.2021 00:03:45.691,0.7149500000000001,0.71485,1,1
20.08.2021 00:03:46.247,0.71494,0.71487,1,1
20.08.2021 00:03:46.348,0.71497,0.71487,2.62,1.69
20.08.2021 00:03:46.450,0.71497,0.7148800000000001,1,1
20.08.2021 00:03:49.414,0.7149800000000001,0.71489,2.25,1
20.08.2021 00:03:50.993,0.7149800000000001,0.7149,1,1
20.08.2021 00:03:51.094,0.71499,0.7149,1,1
20.08.2021 00:03:51.632,0.7149800000000001,0.7149,1,1
20.08.2021 00:03:51.936,0.71497,0.71489,1,1
20.08.2021 00:03:52.037,0.7149800000000001,0.7149,1,1.25
20.08.2021 00:03:52.341,0.7149800000000001,0.71491,1,1
20.08.2021 00:03:56.040,0.7149800000000001,0.7149,1,1.25
20.08.2021 00:03:56.549,0.71499,0.7149,1,1.25
20.08.2021 00:03:57.578,0.71502,0.7149300000000001,1.87,1.25
20.08.2021 00:03:57.680,0.71503,0.71494,3.12,1.25
20.08.2021 00:03:57.781,0.71504,0.7149300000000001,1,1.25
20.08.2021 00:03:57.882,0.71504,0.71494,1,1
20.08.2021 00:04:00.440,0.71504,0.7149500000000001,1.5,1
20.08.2021 00:04:00.688,0.71506,0.71496,1,1
20.08.2021 00:04:00.790,0.71507,0.7149800000000001,2,1.25
20.08.2021 00:04:00.892,0.7151000000000001,0.71499,1.12,1.25
20.08.2021 00:04:01.649,0.71507,0.7149800000000001,1,1
20.08.2021 00:04:01.750,0.71509,0.71499,2.62,1.5
20.08.2021 00:04:01.852,0.71509,0.7150000000000001,2.25,1
20.08.2021 00:04:02.368,0.7151000000000001,0.71503,1,1.25
20.08.2021 00:04:02.419,0.71514,0.71502,2.62,1.25
20.08.2021 00:04:02.520,0.71513,0.71504,2.25,1
20.08.2021 00:04:10.947,0.71509,0.71501,1,1.25
20.08.2021 00:04:11.048,0.7151000000000001,0.71499,1,1
20.08.2021 00:04:11.154,0.71509,0.71499,1,1.5
20.08.2021 00:04:11.912,0.71508,0.71499,1,1.5
20.08.2021 00:04:15.514,0.71508,0.7149800000000001,1.5,3
20.08.2021 00:04:16.942,0.7150500000000001,0.71494,2.81,4.5
20.08.2021 00:04:17.043,0.71503,0.71494,1,1.5
20.08.2021 00:04:18.499,0.71502,0.71492,1.95,1
20.08.2021 00:04:18.601,0.7150000000000001,0.7149,1.69,1.5
20.08.2021 00:04:18.702,0.71499,0.7149,1,1
20.08.2021 00:04:19.337,0.7150000000000001,0.7149,2.44,1.5
20.08.2021 00:04:19.582,0.71501,0.7149,1.5,1
20.08.2021 00:04:19.633,0.71503,0.71494,2.44,1
20.08.2021 00:04:21.087,0.71504,0.71494,2.25,1.5
20.08.2021 00:04:31.761,0.71504,0.7149500000000001,1.5,1
20.08.2021 00:04:38.247,0.71506,0.71496,1.87,1.69
20.08.2021 00:04:38.348,0.71506,0.71497,1,1
20.08.2021 00:04:38.867,0.71507,0.7149500000000001,1.5,1.69
20.08.2021 00:04:39.225,0.71507,0.7149500000000001,1.5,2.87
20.08.2021 00:04:40.982,0.71506,0.71497,1,2.87
20.08.2021 00:04:43.297,0.71507,0.7149800000000001,1,1.25
20.08.2021 00:04:45.175,0.71508,0.71499,1,1.25
20.08.2021 00:04:45.378,0.7151000000000001,0.71501,2.62,1
20.08.2021 00:04:46.028,0.7151000000000001,0.71501,1,3.62
20.08.2021 00:04:46.130,0.71512,0.71503,1,1.25
20.08.2021 00:04:47.543,0.71516,0.7150500000000001,1.12,1.75
20.08.2021 00:04:47.704,0.71516,0.71507,1,1.25
20.08.2021 00:04:48.311,0.71517,0.71507,1.5,1.69
20.08.2021 00:04:51.570,0.71519,0.71507,2.25,1
20.08.2021 00:04:55.457,0.71514,0.7150500000000001,1,2
20.08.2021 00:04:55.558,0.71509,0.7150000000000001,1.5,1.31
20.08.2021 00:04:55.660,0.71507,0.7149800000000001,1.25,2
20.08.2021 00:04:55.761,0.71508,0.71499,2.44,1
20.08.2021 00:04:59.486,0.7151000000000001,0.71502,1.25,1
20.08.2021 00:04:59.537,0.71511,0.71502,3.19,1
20.08.2021 00:04:59.639,0.7151000000000001,0.71501,1,1.5
20.08.2021 00:05:00.248,0.7151000000000001,0.7150000000000001,3.19,1.5
20.08.2021 00:05:00.350,0.71509,0.7150000000000001,1.69,1.5
20.08.2021 00:05:00.604,0.71507,0.7149800000000001,1.25,1.5
20.08.2021 00:05:00.705,0.7150500000000001,0.71496,2.5,1
20.08.2021 00:05:00.806,0.71504,0.7149500000000001,1.25,1
20.08.2021 00:05:01.804,0.71506,0.71497,1.31,1.5
20.08.2021 00:05:01.906,0.71507,0.7149800000000001,1.5,1.5
20.08.2021 00:05:01.956,0.71508,0.71499,1,1.5
20.08.2021 00:05:02.233,0.71509,0.71499,3.19,1.5
20.08.2021 00:05:03.021,0.71509,0.7149800000000001,1,1.5
20.08.2021 00:05:11.153,0.7150500000000001,0.71496,2.69,1.12
20.08.2021 00:05:11.356,0.7150500000000001,0.7149500000000001,3.44,1.5
20.08.2021 00:05:11.978,0.71506,0.71496,1.69,1.5
20.08.2021 00:05:12.029,0.71509,0.71497,2.14,1.5
20.08.2021 00:05:12.130,0.71508,0.71499,2.06,1
20.08.2021 00:05:13.811,0.71507,0.71499,1.25,1
20.08.2021 00:05:15.125,0.71508,0.71499,1.25,1
20.08.2021 00:05:15.430,0.71508,0.71499,1.75,1
20.08.2021 00:05:15.805,0.71508,0.71499,1.25,1
20.08.2021 00:05:16.139,0.71507,0.71499,1.25,1
20.08.2021 00:05:17.070,0.71508,0.71499,1.25,1
20.08.2021 00:05:19.717,0.7151000000000001,0.71499,1,1
20.08.2021 00:05:19.818,0.7151000000000001,0.71501,2.87,1
20.08.2021 00:05:19.922,0.71511,0.71499,3.25,1.5
20.08.2021 00:05:21.247,0.7151000000000001,0.71502,1.75,1.5
20.08.2021 00:05:21.298,0.71514,0.7150500000000001,1.57,1
20.08.2021 00:05:21.400,0.71516,0.71504,3.26,1
20.08.2021 00:05:21.501,0.7151500000000001,0.71506,3.26,1
20.08.2021 00:05:21.602,0.7151500000000001,0.71506,3.32,1
20.08.2021 00:05:21.763,0.7151500000000001,0.71506,1.76,1
20.08.2021 00:05:21.871,0.7151500000000001,0.71506,2.57,1
20.08.2021 00:05:22.023,0.7151500000000001,0.7150500000000001,2.57,1
20.08.2021 00:05:23.123,0.71514,0.7150500000000001,2.5,1
20.08.2021 00:05:23.376,0.7151500000000001,0.71503,3.25,1.5
20.08.2021 00:05:31.787,0.71511,0.71502,1.39,1
20.08.2021 00:05:31.888,0.7151000000000001,0.7150000000000001,3.32,2
20.08.2021 00:05:31.989,0.7151000000000001,0.7150000000000001,4.07,1.5
20.08.2021 00:05:35.007,0.71509,0.71499,3.26,1.5
20.08.2021 00:05:42.638,0.7150500000000001,0.71497,1.69,1.5
20.08.2021 00:05:42.689,0.71504,0.7149500000000001,2.44,1.12
20.08.2021 00:05:45.722,0.71504,0.7149300000000001,1.69,1
20.08.2021 00:05:56.236,0.71503,0.7149500000000001,1,1
20.08.2021 00:05:56.287,0.7150500000000001,0.71496,2.44,1
20.08.2021 00:05:56.338,0.71509,0.71497,5.4,1
20.08.2021 00:05:56.490,0.71508,0.7149800000000001,3.26,1.5
20.08.2021 00:05:56.592,0.71509,0.71499,2.44,1
20.08.2021 00:05:58.572,0.7151000000000001,0.71502,1.25,1
20.08.2021 00:05:58.673,0.71512,0.71502,2.94,1.5
20.08.2021 00:05:58.775,0.71512,0.71503,1.69,1
20.08.2021 00:05:58.927,0.71511,0.71502,1.25,1
20.08.2021 00:05:59.331,0.71512,0.71502,2.44,1.5
20.08.2021 00:05:59.794,0.71512,0.71503,1.69,1
20.08.2021 00:06:02.356,0.71514,0.71503,1.01,1
20.08.2021 00:06:02.659,0.71514,0.7150500000000001,1.25,1
20.08.2021 00:06:02.774,0.7151500000000001,0.71506,3.64,1
20.08.2021 00:06:03.438,0.71514,0.7150500000000001,1,1.5
20.08.2021 00:06:04.103,0.71516,0.71507,1.25,3.75
20.08.2021 00:06:04.205,0.71519,0.71509,3.82,1
20.08.2021 00:06:04.306,0.71519,0.7151000000000001,3.32,1
20.08.2021 00:06:04.407,0.7152000000000001,0.71508,2.51,1.5
20.08.2021 00:06:04.784,0.71518,0.71509,1.25,1.5
20.08.2021 00:06:11.620,0.71519,0.71509,2.51,1.5
20.08.2021 00:06:12.817,0.71519,0.71509,1,2.3
20.08.2021 00:06:12.944,0.71519,0.71509,1,2.29
20.08.2021 00:06:13.489,0.7152000000000001,0.71508,1,2.3
20.08.2021 00:06:13.596,0.7152000000000001,0.71508,1,2.29
20.08.2021 00:06:15.105,0.7152000000000001,0.7151000000000001,2.51,1
20.08.2021 00:06:16.460,0.7152000000000001,0.71508,1.69,1.5
20.08.2021 00:06:16.669,0.71518,0.71509,1,1
20.08.2021 00:06:18.102,0.71518,0.71508,1.69,2.29
20.08.2021 00:06:18.204,0.71514,0.71504,1.5,2.04
20.08.2021 00:06:18.256,0.7151000000000001,0.7150000000000001,3.37,1.12
20.08.2021 00:06:18.358,0.7151000000000001,0.7149800000000001,2.6,1.5
20.08.2021 00:06:19.001,0.71508,0.71499,1.35,1.5
20.08.2021 00:06:21.358,0.7151000000000001,0.7149800000000001,3.35,1
20.08.2021 00:06:34.306,0.71509,0.7150000000000001,3.32,1
20.08.2021 00:06:36.465,0.71513,0.71504,3.45,1
20.08.2021 00:06:36.567,0.71514,0.7150500000000001,2.94,1
20.08.2021 00:06:36.668,0.71514,0.7150500000000001,1.69,1
20.08.2021 00:06:36.769,0.7151500000000001,0.7150500000000001,1.69,1
20.08.2021 00:06:36.871,0.71516,0.7150500000000001,1.25,1
20.08.2021 00:06:36.972,0.7151500000000001,0.71507,1.25,1
20.08.2021 00:06:38.048,0.71517,0.71506,1.25,1
20.08.2021 00:06:38.099,0.71518,0.71509,3.42,1
20.08.2021 00:06:38.257,0.71518,0.71509,1,1
20.08.2021 00:06:38.358,0.7152000000000001,0.7151000000000001,4.01,1
20.08.2021 00:06:38.459,0.7152000000000001,0.7151000000000001,2.89,1
20.08.2021 00:06:40.510,0.71519,0.71512,1,1.5
20.08.2021 00:06:40.560,0.71523,0.71513,2.14,1.5
20.08.2021 00:06:40.714,0.71525,0.7151500000000001,1.1,1
20.08.2021 00:06:40.765,0.71524,0.71512,1.25,1.5
20.08.2021 00:06:40.867,0.71524,0.71514,1.76,1.5
20.08.2021 00:06:40.969,0.71524,0.7151500000000001,1.76,1
20.08.2021 00:06:41.071,0.71523,0.7151500000000001,1,1
20.08.2021 00:06:41.695,0.71523,0.71516,1,1
20.08.2021 00:06:41.746,0.7152600000000001,0.71516,2.89,1.87
20.08.2021 00:06:41.848,0.71524,0.71514,1.76,1.5
20.08.2021 00:06:41.950,0.7152600000000001,0.71514,5.39,1
20.08.2021 00:06:42.398,0.71524,0.71514,1.01,2.25
20.08.2021 00:06:46.595,0.71524,0.71514,2.76,1.5
20.08.2021 00:06:51.877,0.71524,0.71514,2.89,1.5
20.08.2021 00:06:51.978,0.71525,0.7151500000000001,1,1
20.08.2021 00:06:54.059,0.71527,0.71517,6.01,1
20.08.2021 00:06:54.160,0.71527,0.71516,2.07,3.26
20.08.2021 00:06:54.261,0.7152600000000001,0.71518,1,1
20.08.2021 00:06:54.363,0.71527,0.71518,1.57,1
20.08.2021 00:06:54.615,0.71528,0.71519,1.57,1
20.08.2021 00:06:56.139,0.71528,0.71518,1.5,1
20.08.2021 00:06:57.061,0.71527,0.71518,1.5,1
20.08.2021 00:07:00.507,0.71527,0.71519,1.87,1
20.08.2021 00:07:00.811,0.71528,0.71519,1,1
20.08.2021 00:07:02.832,0.71529,0.71519,1,1
20.08.2021 00:07:03.798,0.71528,0.71519,1,1
20.08.2021 00:07:05.890,0.7152600000000001,0.71517,2.25,1
20.08.2021 00:07:06.043,0.71524,0.71516,1,1
20.08.2021 00:07:06.561,0.71524,0.7151500000000001,1,1
20.08.2021 00:07:08.651,0.71524,0.71514,2.25,1
20.08.2021 00:07:11.456,0.71524,0.7151500000000001,2.25,1
20.08.2021 00:07:11.659,0.71525,0.7151500000000001,1.87,1
20.08.2021 00:07:11.773,0.71525,0.71514,1.12,1
20.08.2021 00:07:15.470,0.7152600000000001,0.71514,3.37,2.62
20.08.2021 00:07:15.571,0.71527,0.71518,1,1
20.08.2021 00:07:21.373,0.71527,0.71519,1,1
20.08.2021 00:07:21.474,0.71527,0.7152000000000001,1,1
20.08.2021 00:07:21.575,0.71527,0.71519,1,1
20.08.2021 00:07:31.797,0.71528,0.7152000000000001,1,1
20.08.2021 00:07:33.818,0.71528,0.71519,1.5,1
20.08.2021 00:07:34.923,0.71524,0.71516,2.25,1.12
20.08.2021 00:07:35.074,0.71523,0.71513,1.5,2.7
20.08.2021 00:07:38.376,0.71525,0.71513,2.62,1
20.08.2021 00:07:47.803,0.71524,0.7151500000000001,3.37,1
20.08.2021 00:07:48.107,0.71523,0.71514,1,1
20.08.2021 00:07:50.840,0.71524,0.7151500000000001,2.62,1
20.08.2021 00:07:51.504,0.71524,0.71516,1,1
20.08.2021 00:07:51.556,0.71527,0.71518,3.95,1
20.08.2021 00:07:51.657,0.71528,0.71519,2.06,1
20.08.2021 00:07:51.759,0.71528,0.71518,1,1.5
20.08.2021 00:07:52.808,0.7153,0.71518,2.51,1.5
20.08.2021 00:07:53.010,0.71529,0.7152000000000001,1,1
20.08.2021 00:07:53.790,0.7153,0.71518,2.44,1.5
20.08.2021 00:07:54.143,0.71528,0.71519,1,1.5
20.08.2021 00:07:57.162,0.7152600000000001,0.7151500000000001,1.69,2
20.08.2021 00:07:57.263,0.71524,0.7151500000000001,1.69,1
20.08.2021 00:07:57.750,0.71524,0.71513,1,2.25
20.08.2021 00:07:59.159,0.71524,0.71514,1.69,1.5
20.08.2021 00:08:05.424,0.7152600000000001,0.7151500000000001,1.25,1.5
20.08.2021 00:08:06.483,0.71524,0.71516,1.25,1
20.08.2021 00:08:12.560,0.71524,0.71516,1.75,1
20.08.2021 00:08:14.413,0.71524,0.71514,1.75,1.5
20.08.2021 00:08:16.774,0.7152100000000001,0.71512,1,1.5
20.08.2021 00:08:18.218,0.71522,0.71513,1.25,1
20.08.2021 00:08:19.818,0.7152000000000001,0.7151000000000001,1,1.54
20.08.2021 00:08:19.970,0.7152000000000001,0.71511,1,1.5
20.08.2021 00:08:20.071,0.71522,0.71512,2.06,1
20.08.2021 00:08:20.893,0.71522,0.71513,1.25,1
20.08.2021 00:08:21.096,0.71522,0.71512,2.12,1.5
20.08.2021 00:08:21.567,0.71522,0.71513,2.12,1
20.08.2021 00:08:21.669,0.71522,0.71513,1.25,1
20.08.2021 00:08:31.183,0.7152100000000001,0.71512,1.5,1.5
20.08.2021 00:08:31.561,0.71523,0.71514,1.12,1.5
20.08.2021 00:08:32.279,0.71523,0.7151500000000001,1,1
20.08.2021 00:08:32.761,0.71527,0.71518,2,1
20.08.2021 00:08:32.863,0.71527,0.71518,1,1.5
20.08.2021 00:08:32.964,0.71528,0.71519,1,1
20.08.2021 00:08:33.166,0.71527,0.71518,1,1
20.08.2021 00:08:38.741,0.71527,0.71516,1,1.5
20.08.2021 00:08:38.842,0.71525,0.71514,1,1.12
20.08.2021 00:08:38.944,0.71523,0.71514,1,2.25
20.08.2021 00:08:41.503,0.71523,0.71512,1,3
20.08.2021 00:08:41.986,0.71524,0.71514,1.69,1
20.08.2021 00:08:57.104,0.71523,0.71513,1,3.07
20.08.2021 00:09:00.911,0.71524,0.71514,1.69,1
20.08.2021 00:09:10.132,0.7152000000000001,0.71512,1,1
20.08.2021 00:09:10.234,0.7152100000000001,0.71513,1,1
20.08.2021 00:09:10.335,0.71525,0.71516,1,1.25
20.08.2021 00:09:10.386,0.71527,0.71518,1,1
20.08.2021 00:09:10.487,0.71528,0.71518,1.69,1
20.08.2021 00:09:10.589,0.71529,0.71517,3.44,1
20.08.2021 00:09:10.690,0.71525,0.71514,1,1.12
20.08.2021 00:09:11.408,0.71525,0.7151500000000001,2.44,1
20.08.2021 00:09:11.509,0.71524,0.71514,1,2.25
20.08.2021 00:09:14.386,0.71524,0.7151500000000001,2.69,1
20.08.2021 00:09:14.437,0.71523,0.71513,1.69,2.25
20.08.2021 00:09:14.540,0.71522,0.71513,1,1.5
20.08.2021 00:09:17.916,0.71524,0.71513,2.44,1
20.08.2021 00:09:20.315,0.71525,0.71517,1.5,1.25
20.08.2021 00:09:20.416,0.7153,0.7152000000000001,1,1
20.08.2021 00:09:20.669,0.7153,0.7152100000000001,1,1
20.08.2021 00:09:20.720,0.71533,0.7152100000000001,1.5,1.5
20.08.2021 00:09:23.612,0.7153,0.7152000000000001,1,1.5
20.08.2021 00:09:23.713,0.71529,0.7152000000000001,1,1.5
20.08.2021 00:09:24.017,0.71528,0.71519,1,1.5
20.08.2021 00:09:24.328,0.71527,0.71518,1,1
20.08.2021 00:09:24.429,0.71527,0.71517,1.25,1.5
20.08.2021 00:09:26.108,0.71527,0.71516,1,1
20.08.2021 00:09:26.433,0.7152600000000001,0.71516,1.12,3
20.08.2021 00:09:26.534,0.7153,0.71522,1,1
20.08.2021 00:09:26.636,0.7153100000000001,0.71522,1.12,1.5
20.08.2021 00:09:26.737,0.71533,0.7152100000000001,1,1.5
20.08.2021 00:09:28.819,0.7153,0.7152100000000001,1,1.5
20.08.2021 00:09:29.078,0.7153200000000001,0.71523,1,1.5
20.08.2021 00:09:29.179,0.71533,0.71524,1.25,1
20.08.2021 00:09:31.590,0.71534,0.71525,1,2.25
20.08.2021 00:09:31.792,0.71533,0.71525,1,1
20.08.2021 00:09:31.894,0.71534,0.71525,1,1
20.08.2021 00:09:31.995,0.71534,0.71524,1,1
20.08.2021 00:09:32.147,0.71534,0.71525,1,1
20.08.2021 00:09:32.248,0.71533,0.71524,1,1.5
20.08.2021 00:09:32.450,0.7153200000000001,0.71524,1,1
20.08.2021 00:09:36.703,0.71533,0.71522,1,1
20.08.2021 00:09:43.840,0.7153100000000001,0.71522,1,1.5
20.08.2021 00:09:46.065,0.7153100000000001,0.71523,1,1
20.08.2021 00:09:47.089,0.7153200000000001,0.71523,1.1,1.5
20.08.2021 00:09:50.028,0.7153100000000001,0.71522,1.5,1
20.08.2021 00:09:50.134,0.71529,0.7152000000000001,1.1,1
20.08.2021 00:09:50.235,0.71528,0.71519,1.5,1
20.08.2021 00:09:50.740,0.71527,0.71518,1.57,1
20.08.2021 00:09:50.842,0.7152600000000001,0.71518,1,1
20.08.2021 00:09:50.943,0.7152600000000001,0.71517,1.5,1
20.08.2021 00:09:51.044,0.71527,0.71517,2.89,1
20.08.2021 00:09:51.856,0.71527,0.71518,2.25,1
20.08.2021 00:09:52.587,0.71527,0.71517,2.44,1.5
20.08.2021 00:09:53.236,0.71525,0.71516,1.5,1.5
20.08.2021 00:09:53.337,0.71528,0.71517,2.26,1
20.08.2021 00:09:53.438,0.71528,0.71517,1.76,1
20.08.2021 00:09:54.180,0.7152600000000001,0.71518,1.12,1
20.08.2021 00:09:54.382,0.71528,0.71517,2.51,1
20.08.2021 00:09:55.630,0.71527,0.71519,1,1
20.08.2021 00:09:55.681,0.7153,0.71519,1.57,1
20.08.2021 00:09:55.940,0.71528,0.7152000000000001,1.25,1
20.08.2021 00:09:56.101,0.71529,0.71518,1.69,1
20.08.2021 00:10:00.155,0.71528,0.71518,2.44,1.5
20.08.2021 00:10:00.256,0.71529,0.71517,3.44,1.5
20.08.2021 00:10:00.357,0.71528,0.71518,2.44,1.5
20.08.2021 00:10:00.762,0.71528,0.71517,4.01,1
20.08.2021 00:10:00.863,0.71527,0.7151500000000001,1.2,2.25
20.08.2021 00:10:01.066,0.71525,0.71516,1.5,1.5
20.08.2021 00:10:01.168,0.71524,0.7151500000000001,1.69,1
20.08.2021 00:10:01.270,0.71523,0.71514,1.25,1.5
20.08.2021 00:10:01.959,0.71525,0.71514,2.69,1
20.08.2021 00:10:02.081,0.71524,0.71514,2.69,1.5
20.08.2021 00:10:04.611,0.71522,0.71513,1.25,1
20.08.2021 00:10:06.200,0.7152100000000001,0.71512,1,1.5
20.08.2021 00:10:06.403,0.71522,0.71512,2.25,1
20.08.2021 00:10:06.737,0.71522,0.71513,1.5,1
20.08.2021 00:10:07.752,0.71523,0.71513,1.12,1.5
20.08.2021 00:10:09.856,0.71525,0.71513,1.5,1
20.08.2021 00:10:10.008,0.71524,0.7151500000000001,1.5,1
20.08.2021 00:10:10.159,0.71523,0.71514,1,1
20.08.2021 00:10:11.786,0.71524,0.7151500000000001,1,1
20.08.2021 00:10:12.775,0.71523,0.71514,1,1.5
20.08.2021 00:10:16.661,0.71522,0.71513,1,1.5
20.08.2021 00:10:17.876,0.71523,0.71512,3.51,1
20.08.2021 00:10:17.978,0.7152100000000001,0.71511,2.44,1.91
20.08.2021 00:10:18.129,0.7152100000000001,0.71512,1.31,1
20.08.2021 00:10:19.703,0.7152000000000001,0.71511,1,2.29
20.08.2021 00:10:19.907,0.7152100000000001,0.71512,1.12,1.69
20.08.2021 00:10:20.009,0.71524,0.71512,2,1.5
20.08.2021 00:10:20.111,0.71523,0.71513,1.5,1.5
20.08.2021 00:10:24.322,0.71523,0.71514,1.76,1
20.08.2021 00:10:26.668,0.71523,0.7151500000000001,1,1
20.08.2021 00:10:31.152,0.71524,0.71513,1,1
20.08.2021 00:10:38.212,0.71522,0.71513,1,1.5
20.08.2021 00:10:40.361,0.71524,0.71512,2.44,1.5
20.08.2021 00:10:41.923,0.71523,0.7151500000000001,1,1
20.08.2021 00:10:42.627,0.71525,0.71516,1.39,1
20.08.2021 00:10:44.125,0.7152600000000001,0.7151500000000001,2,1.95
20.08.2021 00:10:44.227,0.7152600000000001,0.71516,1,1.12
20.08.2021 00:10:44.945,0.7152600000000001,0.71516,1,2.07
20.08.2021 00:10:45.160,0.71528,0.7152000000000001,2.14,1
20.08.2021 00:10:46.339,0.71529,0.7152000000000001,1.5,1
20.08.2021 00:10:46.441,0.71529,0.71522,1.5,1
20.08.2021 00:10:47.359,0.7153100000000001,0.7152100000000001,1,1.12
20.08.2021 00:10:47.461,0.7153200000000001,0.71522,1.12,1.12
20.08.2021 00:10:47.562,0.71533,0.71525,2.14,1
20.08.2021 00:10:50.044,0.71534,0.71525,2.14,1
20.08.2021 00:10:50.549,0.71533,0.71525,2.51,1
20.08.2021 00:10:50.650,0.7153200000000001,0.71525,1.25,1
20.08.2021 00:10:52.223,0.71534,0.71524,1.31,1
20.08.2021 00:10:52.703,0.71534,0.71524,2.76,1
20.08.2021 00:10:53.073,0.7153100000000001,0.71522,2.51,1
20.08.2021 00:10:53.175,0.71529,0.71522,1.25,1
20.08.2021 00:10:54.593,0.71529,0.7152000000000001,3.91,1
20.08.2021 00:10:54.644,0.71527,0.71518,1.01,1
20.08.2021 00:10:54.746,0.71527,0.71519,2.32,1
20.08.2021 00:10:54.998,0.7153,0.71522,2.14,1
20.08.2021 00:10:59.408,0.7153,0.71522,2.39,1
20.08.2021 00:11:01.018,0.7153,0.7152100000000001,2.39,1
20.08.2021 00:11:01.781,0.71528,0.71519,2.51,1
20.08.2021 00:11:02.085,0.7152600000000001,0.71519,1,1
20.08.2021 00:11:02.135,0.7152600000000001,0.71517,4.01,1
20.08.2021 00:11:02.237,0.71525,0.71517,1.01,1
20.08.2021 00:11:02.490,0.71525,0.71518,1.25,1
20.08.2021 00:11:03.049,0.71525,0.71517,1.76,1
20.08.2021 00:11:03.151,0.71523,0.71513,5.04,1.5
20.08.2021 00:11:03.202,0.7152000000000001,0.71511,2.44,1.62
20.08.2021 00:11:03.304,0.7152000000000001,0.71511,2.51,1
20.08.2021 00:11:03.405,0.71519,0.71511,1.25,1
20.08.2021 00:11:03.507,0.71519,0.7151000000000001,1.25,1.5
20.08.2021 00:11:03.609,0.71519,0.71509,1.25,1.5
20.08.2021 00:11:03.863,0.71519,0.7151000000000001,1.76,1.5
20.08.2021 00:11:04.744,0.71518,0.7151000000000001,1.25,1.5
20.08.2021 00:11:04.869,0.71519,0.7151000000000001,1.76,1.5
20.08.2021 00:11:05.973,0.7151500000000001,0.71507,1.26,1
20.08.2021 00:11:06.076,0.71514,0.7150500000000001,1.87,1
20.08.2021 00:11:06.177,0.71514,0.71504,1.25,1
20.08.2021 00:11:06.404,0.71514,0.7150500000000001,2.44,1
20.08.2021 00:11:06.984,0.71514,0.71506,1.5,1
20.08.2021 00:11:08.390,0.7151500000000001,0.71504,3.19,1
20.08.2021 00:11:08.646,0.71514,0.71504,1.25,1
20.08.2021 00:11:12.800,0.71514,0.71503,2.44,1
20.08.2021 00:11:12.952,0.71512,0.71504,1.25,1
20.08.2021 00:11:13.104,0.71514,0.71502,2.69,1
20.08.2021 00:11:13.156,0.7151500000000001,0.71507,1.87,1
20.08.2021 00:11:13.309,0.71517,0.71506,2.76,1
20.08.2021 00:11:14.474,0.7151500000000001,0.71506,1.25,1.5
20.08.2021 00:11:14.678,0.71517,0.71508,2.31,1
20.08.2021 00:11:21.097,0.71518,0.71508,2.76,1
20.08.2021 00:11:21.198,0.71518,0.71509,2.76,1
20.08.2021 00:11:22.212,0.71519,0.7151000000000001,3.44,1
20.08.2021 00:11:22.313,0.71519,0.71511,1.5,1
20.08.2021 00:11:23.395,0.7152000000000001,0.71511,3.7,1
20.08.2021 00:11:24.756,0.71519,0.7151000000000001,1.25,1
20.08.2021 00:11:25.124,0.71519,0.71508,1.5,1
20.08.2021 00:11:25.175,0.7151500000000001,0.71506,1.95,1.12
20.08.2021 00:11:25.276,0.71513,0.7150500000000001,1.25,1
20.08.2021 00:11:25.378,0.71513,0.7150500000000001,1.57,1
20.08.2021 00:11:27.171,0.71509,0.71501,1.25,1
20.08.2021 00:11:27.273,0.71508,0.71499,1.25,1.12
20.08.2021 00:11:27.374,0.71508,0.71501,1.25,1
20.08.2021 00:11:28.070,0.7151000000000001,0.7150000000000001,1.69,1
20.08.2021 00:11:30.285,0.7151000000000001,0.71502,1.75,1
20.08.2021 00:11:35.833,0.7151000000000001,0.71501,1.82,1
20.08.2021 00:11:38.420,0.71509,0.7150000000000001,1.25,1
20.08.2021 00:11:39.857,0.7151000000000001,0.7150000000000001,3.7,1
20.08.2021 00:11:39.959,0.7151000000000001,0.71502,2.06,1
20.08.2021 00:11:40.787,0.71513,0.71504,1.39,1
20.08.2021 00:11:41.141,0.71513,0.7150500000000001,1,1
20.08.2021 00:11:42.809,0.71514,0.7150500000000001,1.25,1
20.08.2021 00:11:44.105,0.71514,0.71506,1,1
20.08.2021 00:11:44.582,0.7151500000000001,0.7150500000000001,1.69,1.5
20.08.2021 00:11:44.787,0.7151500000000001,0.71506,1.25,1
20.08.2021 00:11:47.858,0.71517,0.71507,2,1.5
20.08.2021 00:11:47.959,0.71518,0.71509,1,1.5
20.08.2021 00:11:48.574,0.71519,0.71507,1.69,1
20.08.2021 00:11:51.745,0.71518,0.71507,1.25,1
20.08.2021 00:11:53.657,0.7151500000000001,0.7150500000000001,2.51,1.5
20.08.2021 00:11:53.759,0.71516,0.71504,4.26,1.5
20.08.2021 00:11:55.161,0.7151500000000001,0.71506,1.31,1
20.08.2021 00:11:57.531,0.7151500000000001,0.71507,1,1
20.08.2021 00:11:58.110,0.7151500000000001,0.71506,1,1
20.08.2021 00:12:00.687,0.7151500000000001,0.71504,1.25,1
20.08.2021 00:12:00.942,0.71516,0.71504,2.06,1.5
20.08.2021 00:12:02.321,0.7151500000000001,0.71504,1.25,1
20.08.2021 00:12:02.523,0.7151500000000001,0.7150500000000001,2.06,1.5
20.08.2021 00:12:12.198,0.7151500000000001,0.71507,1.25,1
20.08.2021 00:12:17.262,0.71516,0.7150500000000001,3.81,1
20.08.2021 00:12:18.255,0.71514,0.71506,1.94,1
20.08.2021 00:12:18.458,0.71513,0.71504,3.14,1
20.08.2021 00:12:18.559,0.71511,0.7150000000000001,4.26,1
20.08.2021 00:12:23.552,0.7151000000000001,0.7150000000000001,2.76,1
20.08.2021 00:12:25.907,0.71509,0.71501,1.25,1
20.08.2021 00:12:31.621,0.7151000000000001,0.7150000000000001,3.89,1
20.08.2021 00:12:33.696,0.7151000000000001,0.71502,2.14,1
20.08.2021 00:12:33.748,0.71513,0.71504,3.71,1
20.08.2021 00:12:33.900,0.7151500000000001,0.71503,2.51,1
20.08.2021 00:12:33.951,0.71514,0.71506,1,1
20.08.2021 00:12:34.243,0.7151500000000001,0.71504,1.01,1
20.08.2021 00:12:37.850,0.71514,0.71504,1.75,1
20.08.2021 00:12:37.952,0.71514,0.71503,2.57,1
20.08.2021 00:12:39.826,0.71514,0.71502,4.07,1.5
20.08.2021 00:12:41.207,0.71512,0.71503,1.75,1.5
20.08.2021 00:12:43.146,0.71511,0.71502,2.2,1
20.08.2021 00:12:43.247,0.7151000000000001,0.71501,1.01,1.5
20.08.2021 00:12:45.584,0.7151000000000001,0.71501,2.57,1
20.08.2021 00:12:48.970,0.7151000000000001,0.7150000000000001,3.7,1.5
20.08.2021 00:12:49.607,0.7151000000000001,0.71501,2.95,1
20.08.2021 00:12:52.933,0.7151000000000001,0.71501,2.14,1
20.08.2021 00:12:54.975,0.7151000000000001,0.71501,2.57,1
20.08.2021 00:12:55.077,0.71511,0.71499,3.7,1.5
20.08.2021 00:13:00.159,0.71511,0.7150000000000001,2.95,1
20.08.2021 00:13:04.661,0.71512,0.71504,1.69,1
20.08.2021 00:13:04.763,0.7151500000000001,0.71504,1.5,1.5
20.08.2021 00:13:04.864,0.71516,0.71504,4.01,1.5
20.08.2021 00:13:15.757,0.7151500000000001,0.71507,2.51,1
20.08.2021 00:13:30.134,0.7151500000000001,0.71507,3.7,1
20.08.2021 00:13:30.438,0.71512,0.71501,3.51,2.62
20.08.2021 00:13:35.891,0.71512,0.71504,3.89,1
20.08.2021 00:13:36.097,0.71512,0.71504,2.89,1
20.08.2021 00:13:37.101,0.71511,0.71501,1,1
20.08.2021 00:13:42.692,0.7151000000000001,0.7149800000000001,2.51,1
20.08.2021 00:13:42.793,0.71506,0.71497,1,1.12
20.08.2021 00:13:46.073,0.71506,0.71496,2.76,1
20.08.2021 00:13:46.577,0.7150500000000001,0.7149500000000001,1.69,1
20.08.2021 00:13:56.819,0.71504,0.71497,1.25,1
20.08.2021 00:13:59.937,0.71504,0.71494,1.69,1
20.08.2021 00:14:00.104,0.71504,0.71497,1.25,1
20.08.2021 00:14:03.151,0.71504,0.71494,2.5,1
20.08.2021 00:14:03.509,0.71504,0.71494,1.69,1
20.08.2021 00:14:06.105,0.71504,0.71497,1.25,1
20.08.2021 00:14:07.591,0.71504,0.7149300000000001,1,1
20.08.2021 00:14:18.751,0.71501,0.71491,1.87,2.25
20.08.2021 00:14:18.853,0.7150000000000001,0.71491,1,1.5
20.08.2021 00:14:19.190,0.71503,0.7149300000000001,1.5,2.32
20.08.2021 00:14:19.242,0.71503,0.7149500000000001,1,1.5
20.08.2021 00:14:20.611,0.71502,0.7149300000000001,1,1
20.08.2021 00:14:26.005,0.71499,0.71492,1,1
20.08.2021 00:14:26.107,0.71499,0.71491,1,1.5
20.08.2021 00:14:27.775,0.71504,0.7149500000000001,1.5,1.5
20.08.2021 00:14:27.876,0.7150500000000001,0.7149500000000001,1,1
20.08.2021 00:14:28.079,0.7150500000000001,0.71496,1,3
20.08.2021 00:14:32.342,0.71507,0.71497,1.12,2.25
20.08.2021 00:14:32.973,0.71506,0.7149500000000001,1,1.5
20.08.2021 00:14:33.946,0.71503,0.71494,1.25,1.12
20.08.2021 00:14:34.048,0.71502,0.71494,1,1
20.08.2021 00:14:34.149,0.71501,0.71492,1,1.5
20.08.2021 00:14:34.351,0.71501,0.71491,1,1
20.08.2021 00:14:34.911,0.7150000000000001,0.7149,1,2.32
20.08.2021 00:14:35.286,0.71501,0.7149,1,1
20.08.2021 00:14:35.639,0.71501,0.71489,1,2.32
20.08.2021 00:14:35.977,0.71499,0.7148800000000001,1,1.12
20.08.2021 00:14:36.432,0.71496,0.7148800000000001,1.25,1
20.08.2021 00:14:36.533,0.71496,0.71486,1.69,2.7
20.08.2021 00:14:36.736,0.71494,0.71486,1,1
20.08.2021 00:14:37.240,0.71494,0.71485,1,1.5
20.08.2021 00:14:37.392,0.7149300000000001,0.71484,1,1
20.08.2021 00:14:38.158,0.7149300000000001,0.71485,1,1
20.08.2021 00:14:38.310,0.7149500000000001,0.71485,1,1
20.08.2021 00:14:38.411,0.71494,0.71487,1,1
20.08.2021 00:14:39.226,0.71496,0.71486,1,1
20.08.2021 00:14:40.253,0.71496,0.7148800000000001,1,1
20.08.2021 00:14:40.354,0.7149800000000001,0.7149,1.5,1
20.08.2021 00:14:40.458,0.71499,0.7149,1,1
20.08.2021 00:14:42.040,0.71501,0.71492,1,1
20.08.2021 00:14:42.495,0.71501,0.7149300000000001,1,1
20.08.2021 00:14:44.158,0.71503,0.7149500000000001,1,1
20.08.2021 00:14:44.291,0.7150500000000001,0.71494,1.12,1
20.08.2021 00:14:46.049,0.71507,0.71496,1.5,1
20.08.2021 00:14:46.151,0.71508,0.7150000000000001,1,1.69
20.08.2021 00:14:46.203,0.7151000000000001,0.7150000000000001,1,2.44
20.08.2021 00:14:46.304,0.7151000000000001,0.71501,1,1
20.08.2021 00:14:46.660,0.71511,0.71501,1,2.51
20.08.2021 00:14:46.763,0.71516,0.71504,2.75,1.69
20.08.2021 00:14:46.814,0.7151500000000001,0.71506,1,1
20.08.2021 00:14:47.170,0.71516,0.71507,1,1
20.08.2021 00:14:47.525,0.71518,0.71509,1.87,1
20.08.2021 00:14:48.695,0.71519,0.7151000000000001,1.5,1.82
20.08.2021 00:14:48.796,0.71522,0.71512,1.5,1.5
20.08.2021 00:14:48.898,0.71522,0.71513,1,1
20.08.2021 00:14:48.999,0.71523,0.71513,1.5,1.5
20.08.2021 00:14:55.395,0.71523,0.71511,1,1.57
20.08.2021 00:14:58.608,0.71522,0.71513,1.5,1
20.08.2021 00:14:59.711,0.71523,0.71513,3.37,1
20.08.2021 00:15:00.565,0.71524,0.71514,1.87,1.5
20.08.2021 00:15:01.599,0.71524,0.7151500000000001,1,1
20.08.2021 00:15:01.700,0.7152600000000001,0.7151500000000001,1.12,1
20.08.2021 00:15:03.689,0.71527,0.7151500000000001,2.25,1.25
20.08.2021 00:15:03.791,0.7152600000000001,0.71517,1.5,1
20.08.2021 00:15:06.177,0.71525,0.7151500000000001,1.5,1.57
20.08.2021 00:15:06.278,0.7152600000000001,0.71513,2.25,1.57
20.08.2021 00:15:06.329,0.71523,0.71512,3.94,1.87
20.08.2021 00:15:06.687,0.71523,0.71513,1.87,1
20.08.2021 00:15:10.659,0.71523,0.71514,1.12,1
20.08.2021 00:15:12.557,0.71523,0.71513,1.87,1.5
20.08.2021 00:15:12.848,0.71523,0.71512,2.62,1.57
20.08.2021 00:15:16.472,0.71524,0.71513,1.87,1
20.08.2021 00:15:16.624,0.71525,0.71513,2.62,1.5
20.08.2021 00:15:21.030,0.71523,0.71513,5.06,1
20.08.2021 00:15:21.131,0.7152000000000001,0.71511,1,1
20.08.2021 00:15:22.717,0.71523,0.71512,2.75,1.5
20.08.2021 00:15:22.920,0.71523,0.71512,1.5,1.76
20.08.2021 00:15:23.728,0.71523,0.71513,1,1
20.08.2021 00:15:24.518,0.71522,0.71512,1,1.69
20.08.2021 00:15:24.569,0.71523,0.71514,1.12,1.5
20.08.2021 00:15:25.565,0.71524,0.71512,1.5,1.25
20.08.2021 00:15:29.182,0.71522,0.71513,1,1
20.08.2021 00:15:29.284,0.71524,0.71511,2.62,1.5
20.08.2021 00:15:29.386,0.71523,0.71513,1.87,1
20.08.2021 00:15:29.811,0.71524,0.71513,3.37,1.5
20.08.2021 00:15:30.368,0.7152100000000001,0.71512,1.87,1
20.08.2021 00:15:30.469,0.71519,0.7151000000000001,1,1.5
20.08.2021 00:15:31.130,0.71518,0.71508,1.5,1
20.08.2021 00:15:31.231,0.71518,0.71506,1,1
20.08.2021 00:15:31.783,0.7151500000000001,0.7150500000000001,1,1.5
20.08.2021 00:15:33.051,0.71514,0.7150500000000001,1,1
20.08.2021 00:15:33.152,0.7151500000000001,0.7150500000000001,1.12,2.69
20.08.2021 00:15:33.254,0.71516,0.71504,2.62,1.5
20.08.2021 00:15:33.456,0.71516,0.71506,1.12,1.69
20.08.2021 00:15:33.914,0.71519,0.71507,1.87,1
20.08.2021 00:15:34.015,0.71518,0.71509,1.12,1.5
20.08.2021 00:15:34.270,0.71518,0.71508,1,1.5
20.08.2021 00:15:39.534,0.71516,0.71508,1,1
20.08.2021 00:15:39.636,0.71516,0.71506,3.75,1
20.08.2021 00:15:39.737,0.71516,0.7150500000000001,3,1
20.08.2021 00:15:41.290,0.71514,0.71506,1,1
20.08.2021 00:15:44.145,0.7151500000000001,0.71506,2.62,1
20.08.2021 00:15:46.600,0.71511,0.71502,1.12,1
20.08.2021 00:15:46.702,0.71511,0.71499,2.25,1.5
20.08.2021 00:15:46.804,0.7151000000000001,0.71499,5.25,1.5
20.08.2021 00:15:46.906,0.71512,0.71502,1.5,1.5
20.08.2021 00:15:47.008,0.71512,0.71502,1.87,1.5
20.08.2021 00:15:47.211,0.71513,0.71503,1.87,1
20.08.2021 00:15:51.096,0.71512,0.71503,1.87,1
20.08.2021 00:15:51.299,0.71513,0.71503,1.87,1
20.08.2021 00:15:53.687,0.71513,0.71502,3.56,1.5
20.08.2021 00:15:54.117,0.71513,0.71501,1.12,1.5
20.08.2021 00:15:54.218,0.71511,0.71499,1.5,1.5
20.08.2021 00:15:54.320,0.71509,0.7150000000000001,1,1
20.08.2021 00:15:54.887,0.71509,0.71499,1.5,1.5
20.08.2021 00:15:55.115,0.71509,0.7149800000000001,2.25,2.32
20.08.2021 00:16:00.182,0.7151000000000001,0.7150000000000001,1.87,1.5
20.08.2021 00:16:00.334,0.71509,0.7150000000000001,1,1
20.08.2021 00:16:00.486,0.7151000000000001,0.7149800000000001,1,1.5
20.08.2021 00:16:14.598,0.7150500000000001,0.7149500000000001,2.25,1
20.08.2021 00:16:14.700,0.71504,0.71494,1,2.25
20.08.2021 00:16:19.478,0.71502,0.7149300000000001,1,1
20.08.2021 00:16:19.580,0.71502,0.71492,1.5,1.5
20.08.2021 00:16:20.951,0.71503,0.7149300000000001,1.12,1.5
20.08.2021 00:16:21.052,0.71502,0.71492,1,1.5
20.08.2021 00:16:25.813,0.71501,0.7149,1,1
20.08.2021 00:16:25.965,0.71501,0.71489,1.5,2.62
20.08.2021 00:16:26.269,0.71499,0.7149,1,1
20.08.2021 00:16:26.370,0.71497,0.7148800000000001,1,1
20.08.2021 00:16:26.471,0.71497,0.71487,1,1.5
20.08.2021 00:16:26.572,0.71499,0.71489,1.87,1
20.08.2021 00:16:26.725,0.71499,0.71487,1,1.5
20.08.2021 00:16:27.680,0.71499,0.71487,6.5,1
20.08.2021 00:16:30.099,0.7149800000000001,0.7148800000000001,4.31,1
20.08.2021 00:16:32.106,0.7149800000000001,0.71486,1,1.5
20.08.2021 00:16:32.420,0.7149500000000001,0.71485,3.94,1
20.08.2021 00:16:32.521,0.7149300000000001,0.71484,1.5,1.12
20.08.2021 00:16:32.673,0.71494,0.71482,2.25,1
20.08.2021 00:16:32.774,0.71491,0.71482,1,1.76
20.08.2021 00:16:33.229,0.7148800000000001,0.71479,1,2.02
20.08.2021 00:16:33.331,0.7148800000000001,0.7147800000000001,1,1.76
20.08.2021 00:16:35.707,0.71489,0.7147600000000001,2.25,1
20.08.2021 00:16:35.809,0.71487,0.7147600000000001,1.5,2.89
20.08.2021 00:16:36.112,0.71487,0.71477,1,1
20.08.2021 00:16:36.381,0.7148800000000001,0.7147800000000001,1,1.5
20.08.2021 00:16:36.827,0.7148800000000001,0.71477,1.5,1.76
20.08.2021 00:16:37.080,0.7148800000000001,0.7147800000000001,1.5,1.69
20.08.2021 00:16:37.181,0.7148800000000001,0.71479,1,1.25
20.08.2021 00:16:39.017,0.71492,0.7148300000000001,2.62,1
20.08.2021 00:16:39.220,0.71491,0.7148300000000001,1,1
20.08.2021 00:16:39.321,0.71491,0.71482,1,1.57
20.08.2021 00:16:42.150,0.71492,0.71482,1,1
20.08.2021 00:16:50.970,0.71492,0.71482,1,1.76
20.08.2021 00:16:51.072,0.71492,0.7148300000000001,1,1
20.08.2021 00:16:51.274,0.71492,0.71482,1,1.57
20.08.2021 00:16:51.534,0.7149,0.71482,1,1
20.08.2021 00:16:51.635,0.71492,0.71482,2.75,1
20.08.2021 00:16:51.787,0.71492,0.71482,2.25,1.1
20.08.2021 00:16:55.174,0.7149,0.7147800000000001,1.5,3.64
20.08.2021 00:17:06.819,0.71489,0.7147800000000001,1,1.1
20.08.2021 00:17:13.901,0.71489,0.71479,1.5,1.57
20.08.2021 00:17:30.258,0.71489,0.71477,2.25,1
20.08.2021 00:17:30.360,0.7148800000000001,0.7147600000000001,1.87,2.51
20.08.2021 00:17:31.095,0.71484,0.71475,1,1.76
20.08.2021 00:17:31.407,0.71484,0.71474,1,2.51
20.08.2021 00:17:40.238,0.71486,0.71477,1.5,1.01
20.08.2021 00:17:40.339,0.71486,0.71477,1,1.79
20.08.2021 00:17:40.741,0.71487,0.71477,1,2.54
20.08.2021 00:17:45.913,0.71487,0.71477,1,1.2
20.08.2021 00:17:49.059,0.71486,0.71477,1.5,1
20.08.2021 00:17:49.161,0.71486,0.7147600000000001,2.25,1.2
20.08.2021 00:17:49.313,0.71485,0.71475,1,2.7
20.08.2021 00:17:49.465,0.71486,0.7147600000000001,2.25,1
20.08.2021 00:17:50.189,0.71485,0.71475,1,2.32
20.08.2021 00:17:51.148,0.7148300000000001,0.71475,1,1.57
20.08.2021 00:17:51.618,0.71482,0.71472,1,1.12
20.08.2021 00:17:51.720,0.7148300000000001,0.7147300000000001,1.87,1.01
20.08.2021 00:17:52.107,0.7148300000000001,0.71474,1,1
20.08.2021 00:17:52.158,0.7148100000000001,0.7147300000000001,1,1
20.08.2021 00:17:52.259,0.7148,0.71472,1,1
20.08.2021 00:17:52.361,0.7148100000000001,0.71472,1,1
20.08.2021 00:17:52.463,0.7148,0.7147100000000001,1,2.51
20.08.2021 00:17:52.767,0.7148,0.71472,1,1
20.08.2021 00:17:52.868,0.7148100000000001,0.71472,1,1
20.08.2021 00:17:53.103,0.71482,0.7147,3,2.51
20.08.2021 00:17:53.204,0.7148100000000001,0.71472,1,4.09
20.08.2021 00:17:53.305,0.7148300000000001,0.7147300000000001,1.12,2.32
20.08.2021 00:17:53.407,0.7148300000000001,0.71474,1,1
20.08.2021 00:17:58.003,0.71485,0.7147600000000001,1,1
20.08.2021 00:18:00.922,0.7148300000000001,0.71474,1.5,1.12
20.08.2021 00:18:04.094,0.71484,0.71477,1,1
20.08.2021 00:18:07.310,0.71487,0.71477,2,2.14
20.08.2021 00:18:07.411,0.7148800000000001,0.7148,1,1.25
20.08.2021 00:18:23.365,0.71489,0.7148,2.25,1
20.08.2021 00:18:26.308,0.71489,0.71482,1,1
20.08.2021 00:18:26.409,0.7149,0.71482,1.12,1
20.08.2021 00:18:26.460,0.7149,0.7148,1.12,1.5
20.08.2021 00:18:26.905,0.71491,0.7148300000000001,1.12,1
20.08.2021 00:18:28.685,0.71494,0.71484,1.87,1
20.08.2021 00:18:28.865,0.7149300000000001,0.71486,1,1
20.08.2021 00:18:33.328,0.7149300000000001,0.71485,1.5,1
20.08.2021 00:18:40.222,0.71492,0.71485,1,1
20.08.2021 00:18:43.095,0.71491,0.7148300000000001,1,1
20.08.2021 00:18:43.702,0.7149300000000001,0.7148300000000001,2.82,1
20.08.2021 00:18:43.803,0.7149300000000001,0.71484,2.82,1
20.08.2021 00:18:43.904,0.71494,0.7148300000000001,2.7,1
20.08.2021 00:18:45.521,0.71492,0.71484,1,1
20.08.2021 00:18:48.012,0.7149,0.71482,1,1
20.08.2021 00:18:49.504,0.71491,0.71482,1,1
20.08.2021 00:18:52.155,0.71491,0.7148300000000001,1.12,1
20.08.2021 00:18:53.095,0.7149300000000001,0.71482,1,1
20.08.2021 00:18:53.196,0.71496,0.71484,2.75,1.25
20.08.2021 00:18:53.298,0.71497,0.71487,2.19,2.87
20.08.2021 00:18:53.451,0.7150000000000001,0.7149,1.95,1
20.08.2021 00:18:53.705,0.71499,0.71492,1,1
20.08.2021 00:18:56.172,0.7150000000000001,0.7149,1.5,1
20.08.2021 00:19:01.087,0.71496,0.71489,1,1
20.08.2021 00:19:01.239,0.71497,0.7148800000000001,1.5,1
20.08.2021 00:19:01.341,0.7149800000000001,0.71489,1.57,1
20.08.2021 00:19:02.365,0.71499,0.71489,1.5,1
20.08.2021 00:19:02.947,0.71499,0.71491,1.87,1
20.08.2021 00:19:03.658,0.71499,0.7149,1.5,1
20.08.2021 00:19:03.906,0.7150000000000001,0.7149,1.12,1
20.08.2021 00:19:06.704,0.71499,0.71492,1,1
20.08.2021 00:19:07.039,0.71499,0.71491,1,1
20.08.2021 00:19:08.169,0.71499,0.7149,1.2,1
20.08.2021 00:19:08.271,0.71497,0.7148800000000001,3.76,1
20.08.2021 00:19:08.372,0.71497,0.71487,4.14,1
20.08.2021 00:19:08.525,0.7149800000000001,0.7148800000000001,1.12,1
20.08.2021 00:19:08.626,0.7150000000000001,0.71489,2,1
20.08.2021 00:19:08.727,0.7150000000000001,0.71489,2.75,1.5
20.08.2021 00:19:08.828,0.7150000000000001,0.71491,1.87,1
20.08.2021 00:19:11.036,0.71501,0.71491,1.87,1
20.08.2021 00:19:11.138,0.71502,0.71492,1,1
20.08.2021 00:19:16.408,0.71499,0.71491,1,1
20.08.2021 00:19:19.471,0.7149800000000001,0.71491,1,1
20.08.2021 00:19:20.342,0.7150000000000001,0.7149,1.87,1
20.08.2021 00:19:21.786,0.7150000000000001,0.71489,1.12,1
20.08.2021 00:19:25.548,0.7150000000000001,0.7149,1.12,1
20.08.2021 00:19:27.099,0.7149800000000001,0.71489,1,1
20.08.2021 00:19:27.266,0.71497,0.71489,1,1
20.08.2021 00:19:27.637,0.7149800000000001,0.7149,1,1
20.08.2021 00:19:29.490,0.71497,0.71489,1,1
20.08.2021 00:19:37.134,0.7149800000000001,0.71489,1.12,1
20.08.2021 00:19:37.235,0.7149800000000001,0.7149,1.12,1
20.08.2021 00:19:37.854,0.71499,0.7149,2.7,1
20.08.2021 00:19:38.571,0.7150000000000001,0.7148800000000001,4.2,1
20.08.2021 00:19:39.034,0.7149800000000001,0.71489,1,1
20.08.2021 00:19:39.167,0.7149800000000001,0.7148800000000001,1,1
20.08.2021 00:19:40.242,0.71497,0.7148800000000001,1,1
20.08.2021 00:19:41.724,0.71499,0.71487,3.07,1.5
20.08.2021 00:19:41.826,0.71499,0.71489,2.62,1.5
20.08.2021 00:19:55.968,0.71499,0.7149,1.87,1
20.08.2021 00:19:59.467,0.71501,0.71492,1,1
20.08.2021 00:19:59.568,0.71503,0.7149300000000001,1.5,1.25
20.08.2021 00:19:59.670,0.7150500000000001,0.71494,2.25,1
20.08.2021 00:20:18.302,0.71506,0.71494,2.25,3.19
20.08.2021 00:20:18.404,0.71506,0.7149800000000001,1,1
20.08.2021 00:20:18.505,0.71508,0.71499,1,1
20.08.2021 00:20:19.447,0.71509,0.71499,3,1
20.08.2021 00:20:19.549,0.71508,0.71499,1,1
20.08.2021 00:20:22.701,0.71507,0.71499,1,1
20.08.2021 00:20:23.923,0.71507,0.7149800000000001,1,1
20.08.2021 00:20:24.530,0.71509,0.71497,2.25,1
20.08.2021 00:20:27.966,0.7150500000000001,0.7149500000000001,1,2
20.08.2021 00:20:28.169,0.7150500000000001,0.71494,1.5,1
20.08.2021 00:20:28.270,0.7150500000000001,0.7149300000000001,2.25,1.5
20.08.2021 00:20:31.073,0.71504,0.71492,3.64,1
20.08.2021 00:20:31.175,0.71503,0.71494,1.12,1
20.08.2021 00:20:33.413,0.71501,0.71491,2.25,1.69
20.08.2021 00:20:34.415,0.7150000000000001,0.71491,2.62,1
20.08.2021 00:20:34.466,0.7150000000000001,0.7148800000000001,1.69,1
20.08.2021 00:20:34.568,0.71499,0.71486,1.76,3.2
20.08.2021 00:20:34.669,0.7149800000000001,0.71487,3.76,1
20.08.2021 00:20:36.768,0.71497,0.71487,2.07,1
20.08.2021 00:20:37.555,0.71497,0.71487,1.95,1
20.08.2021 00:20:38.002,0.71496,0.71487,1,1
20.08.2021 00:20:38.105,0.71497,0.7148800000000001,1.12,1
20.08.2021 00:20:38.206,0.71497,0.71489,1,1
20.08.2021 00:20:38.358,0.71499,0.71489,1.12,1.5
20.08.2021 00:20:40.760,0.71502,0.71492,2,1
20.08.2021 00:20:40.962,0.71502,0.71494,1,1
20.08.2021 00:20:41.113,0.71503,0.71494,1,1
20.08.2021 00:20:44.619,0.71502,0.7149300000000001,1,1
20.08.2021 00:20:44.720,0.71501,0.71492,1,1
20.08.2021 00:20:44.973,0.7150000000000001,0.71492,1,1
20.08.2021 00:20:45.024,0.7150000000000001,0.71489,1,1.12
20.08.2021 00:20:48.105,0.71499,0.71489,1.95,1
20.08.2021 00:20:54.447,0.7149800000000001,0.71489,1,1
20.08.2021 00:20:58.203,0.71499,0.71489,2.25,1
20.08.2021 00:20:58.834,0.71499,0.7149,1,1
20.08.2021 00:20:59.704,0.71501,0.71489,1,1.5
20.08.2021 00:21:00.742,0.7150000000000001,0.7149,3.7,1
20.08.2021 00:21:00.844,0.71499,0.71489,1,1.5
20.08.2021 00:21:01.887,0.71497,0.71486,2.25,1
20.08.2021 00:21:02.039,0.7149500000000001,0.71486,3.19,1.12
20.08.2021 00:21:02.140,0.7149300000000001,0.71484,1,1
20.08.2021 00:21:02.241,0.7149500000000001,0.7148300000000001,2.25,1
20.08.2021 00:21:09.376,0.71494,0.7148300000000001,2.25,2.25
20.08.2021 00:21:09.755,0.71494,0.71484,1.5,1.5
20.08.2021 00:21:15.772,0.71494,0.7148300000000001,2.32,2.25
20.08.2021 00:21:15.991,0.71494,0.71484,1.5,1
20.08.2021 00:21:25.826,0.71494,0.71485,1,1
20.08.2021 00:21:26.105,0.7149500000000001,0.71485,1.95,1
20.08.2021 00:21:28.320,0.7149500000000001,0.71484,1.87,2.25
20.08.2021 00:21:33.552,0.7149500000000001,0.71484,5.39,2.25
20.08.2021 00:21:35.016,0.7149500000000001,0.71484,4.39,2.25
20.08.2021 00:21:39.010,0.71494,0.71484,1,2.25
20.08.2021 00:21:40.815,0.7149500000000001,0.71485,2.14,1
20.08.2021 00:21:42.668,0.7149500000000001,0.71486,1.87,1
20.08.2021 00:21:43.697,0.7149500000000001,0.71485,1.95,1
20.08.2021 00:21:45.280,0.7149500000000001,0.71487,1.5,1
20.08.2021 00:21:45.382,0.7149800000000001,0.7148800000000001,1.5,1
20.08.2021 00:21:45.433,0.7149800000000001,0.71489,1,1
20.08.2021 00:21:48.369,0.71499,0.71489,1,1
20.08.2021 00:21:48.610,0.71499,0.7149,2.25,1
20.08.2021 00:21:51.997,0.71499,0.71491,1,1
20.08.2021 00:21:52.098,0.7150000000000001,0.71491,1.5,1
20.08.2021 00:21:55.257,0.71499,0.7149,1,1
20.08.2021 00:21:55.409,0.71499,0.71489,4.2,1
20.08.2021 00:21:55.512,0.71497,0.71487,1.76,1
20.08.2021 00:21:55.614,0.7149800000000001,0.7148800000000001,2.7,1
20.08.2021 00:21:55.717,0.7149800000000001,0.71489,1.5,1
20.08.2021 00:21:56.367,0.7150000000000001,0.7148800000000001,2.7,1
20.08.2021 00:21:57.806,0.71499,0.7149,1.5,1
20.08.2021 00:22:06.382,0.71507,0.71496,2.25,1
20.08.2021 00:22:06.484,0.7151000000000001,0.7149800000000001,5.89,1.5
20.08.2021 00:22:06.585,0.7151000000000001,0.71499,1,1
20.08.2021 00:22:07.317,0.7151000000000001,0.71501,1.5,1
20.08.2021 00:22:07.368,0.71511,0.71503,2.62,1
20.08.2021 00:22:07.469,0.7151500000000001,0.71504,1.12,3.31
20.08.2021 00:22:07.571,0.71514,0.7150500000000001,1,1
20.08.2021 00:22:07.672,0.71516,0.71504,1.01,1
20.08.2021 00:22:10.741,0.71514,0.71504,1,1
20.08.2021 00:22:10.792,0.71511,0.71501,2.25,1.87
20.08.2021 00:22:10.894,0.7151000000000001,0.71501,1,1
20.08.2021 00:22:10.995,0.7151000000000001,0.7150000000000001,1,1.5
20.08.2021 00:22:11.548,0.71509,0.7150000000000001,1.69,1
20.08.2021 00:22:11.650,0.71508,0.71499,1,1.5
20.08.2021 00:22:11.751,0.71509,0.7150000000000001,1.87,1
20.08.2021 00:22:11.953,0.71511,0.71501,2.82,1
20.08.2021 00:22:12.055,0.71512,0.71501,2.82,1.5
20.08.2021 00:22:12.206,0.71513,0.7150000000000001,2.7,1.5
20.08.2021 00:22:13.190,0.71512,0.71499,4.2,1.5
20.08.2021 00:22:13.292,0.71509,0.7150000000000001,1,1
20.08.2021 00:22:14.043,0.71509,0.71501,1,1
20.08.2021 00:22:14.144,0.71509,0.7150000000000001,1,1
20.08.2021 00:22:14.245,0.71509,0.71501,1,1
20.08.2021 00:22:15.556,0.71509,0.7150000000000001,1,1
20.08.2021 00:22:17.152,0.71509,0.71502,1,1.5
20.08.2021 00:22:17.204,0.71513,0.71503,1.5,1.5
20.08.2021 00:22:17.356,0.71513,0.71504,1,1
20.08.2021 00:22:18.355,0.71514,0.71502,1.76,1.5
20.08.2021 00:22:18.406,0.71511,0.7150000000000001,4.39,3.45
20.08.2021 00:22:18.608,0.7151000000000001,0.7150000000000001,1.01,1
20.08.2021 00:22:18.981,0.7151000000000001,0.71499,2.89,1.5
20.08.2021 00:22:22.726,0.71508,0.7149800000000001,1.01,1
20.08.2021 00:22:22.828,0.71506,0.71496,1,3.07
20.08.2021 00:22:24.134,0.71508,0.71499,1,1
20.08.2021 00:22:24.236,0.71511,0.71499,1.5,1
20.08.2021 00:22:24.337,0.71511,0.71499,1,1.5
20.08.2021 00:22:24.439,0.71513,0.7150000000000001,3.01,1.5
20.08.2021 00:22:24.540,0.71513,0.7150000000000001,2.51,1.5
20.08.2021 00:22:24.642,0.71513,0.71501,2.51,1
20.08.2021 00:22:25.429,0.71511,0.71502,1.5,1
20.08.2021 00:22:25.530,0.71512,0.7150000000000001,1.57,1.5
20.08.2021 00:22:26.395,0.7151000000000001,0.7150000000000001,1.87,1.5
20.08.2021 00:22:34.651,0.71509,0.7150000000000001,1,1
20.08.2021 00:22:37.779,0.71511,0.71499,1.2,1.5
20.08.2021 00:22:41.320,0.71513,0.71503,1.12,1
20.08.2021 00:22:41.422,0.71517,0.71504,4.01,2.25
20.08.2021 00:22:41.523,0.71517,0.71508,1,1
20.08.2021 00:22:41.574,0.71518,0.71509,1.12,1
20.08.2021 00:22:41.726,0.71519,0.71509,2.14,1
20.08.2021 00:22:41.878,0.7152000000000001,0.7151000000000001,1.6,1.5
20.08.2021 00:22:41.979,0.7152000000000001,0.7151000000000001,1.5,1.5
20.08.2021 00:22:44.306,0.71522,0.71512,1.12,2.25
20.08.2021 00:22:44.407,0.71524,0.71514,2.26,1
20.08.2021 00:22:44.509,0.71524,0.71514,1.87,1
20.08.2021 00:22:45.739,0.7152100000000001,0.71511,2.32,1.87
20.08.2021 00:22:45.840,0.71522,0.71512,1.57,1
20.08.2021 00:22:45.992,0.71524,0.71514,2.07,1.5
20.08.2021 00:22:46.144,0.71525,0.7151500000000001,2.07,1
20.08.2021 00:22:46.346,0.71525,0.7151500000000001,1.95,1
20.08.2021 00:22:46.829,0.71525,0.71516,1.95,1
20.08.2021 00:22:56.602,0.71527,0.71518,1.5,1
20.08.2021 00:22:56.703,0.71529,0.71519,2.37,1
20.08.2021 00:22:56.805,0.7153100000000001,0.71519,3.57,1
20.08.2021 00:22:56.980,0.7153,0.71518,1,1.5
20.08.2021 00:23:02.254,0.7153,0.7152000000000001,1.95,1
20.08.2021 00:23:03.367,0.71527,0.71518,1.5,1.5
20.08.2021 00:23:03.468,0.71529,0.71517,2.25,1
20.08.2021 00:23:03.620,0.71529,0.71519,1.5,1.5
20.08.2021 00:23:03.722,0.71529,0.71517,2.25,1
20.08.2021 00:23:03.823,0.71529,0.71516,1.5,2.44
20.08.2021 00:23:04.025,0.71527,0.71517,1.57,1.5
20.08.2021 00:23:09.461,0.71529,0.71517,1.87,1.5
20.08.2021 00:23:09.562,0.7153,0.71518,3.01,1
20.08.2021 00:23:09.663,0.71529,0.71519,2.89,1
20.08.2021 00:23:13.165,0.71529,0.71518,2.89,2.25
20.08.2021 00:23:13.317,0.71528,0.71518,1,1
20.08.2021 00:23:16.536,0.71528,0.71519,1,1
20.08.2021 00:23:19.551,0.71528,0.71518,1.76,1.5
20.08.2021 00:23:19.873,0.71527,0.71518,1,1.5
20.08.2021 00:23:21.154,0.71527,0.71517,1,1.5
20.08.2021 00:23:22.049,0.71528,0.71517,1.57,1.5
20.08.2021 00:23:22.462,0.71528,0.71518,1.76,1
20.08.2021 00:23:24.546,0.71529,0.71516,2.14,1.5
20.08.2021 00:23:26.658,0.71528,0.71518,1.87,1
20.08.2021 00:23:26.861,0.7153,0.71517,2.7,1.5
20.08.2021 00:23:27.592,0.71527,0.71518,1,1
20.08.2021 00:23:27.643,0.7152600000000001,0.71516,4.2,1
20.08.2021 00:23:27.746,0.71525,0.7151500000000001,1,1.87
20.08.2021 00:23:28.746,0.71527,0.71514,3.07,1.5
20.08.2021 00:23:31.668,0.7152600000000001,0.71514,1,1.5
20.08.2021 00:23:32.612,0.71524,0.7151500000000001,1,1
20.08.2021 00:23:33.891,0.71527,0.71516,1.12,1
20.08.2021 00:23:34.093,0.71527,0.71517,1,1
20.08.2021 00:23:34.194,0.71527,0.71518,1,1
20.08.2021 00:23:34.506,0.71528,0.71518,1,1.5
20.08.2021 00:23:34.607,0.71529,0.7152000000000001,1.12,1.5
20.08.2021 00:23:39.227,0.7153,0.71517,2.7,1.5
20.08.2021 00:23:39.278,0.7152600000000001,0.71516,1,1.87
20.08.2021 00:23:40.856,0.71525,0.71516,1,1
20.08.2021 00:23:41.237,0.71525,0.7151500000000001,1,1.5
20.08.2021 00:23:43.574,0.7152600000000001,0.71513,1.95,2.25
20.08.2021 00:23:43.675,0.71524,0.71514,1,2.25
20.08.2021 00:23:46.742,0.71523,0.71513,2.25,1.5
20.08.2021 00:23:46.843,0.7152100000000001,0.71512,1,1
20.08.2021 00:23:47.448,0.71522,0.71512,2.7,1
20.08.2021 00:23:49.097,0.71522,0.71511,1,1
20.08.2021 00:23:49.148,0.71522,0.71509,4.57,1.5
20.08.2021 00:23:49.199,0.71519,0.7151000000000001,1,1
20.08.2021 00:23:54.777,0.71519,0.71509,1.5,1.5
20.08.2021 00:24:02.630,0.71516,0.71508,1,1
20.08.2021 00:24:02.732,0.7151500000000001,0.7150500000000001,2.44,2
20.08.2021 00:24:02.833,0.71514,0.7150500000000001,1.5,1
20.08.2021 00:24:03.450,0.71514,0.71504,1.5,1.5
20.08.2021 00:24:04.846,0.7151500000000001,0.7150500000000001,1.5,1.5
20.08.2021 00:24:04.896,0.71517,0.71508,2,1
20.08.2021 00:24:05.048,0.71519,0.71507,1.12,1
20.08.2021 00:24:05.149,0.71519,0.71508,2.7,1
20.08.2021 00:24:05.251,0.71519,0.71509,2.62,1
20.08.2021 00:24:09.926,0.71518,0.71508,1,1
20.08.2021 00:24:10.279,0.71519,0.71509,2.62,1
20.08.2021 00:24:12.272,0.71517,0.71507,1,3
20.08.2021 00:24:12.373,0.7152100000000001,0.7151000000000001,1.5,1
20.08.2021 00:24:12.475,0.7152100000000001,0.71511,1.5,1.5
20.08.2021 00:24:12.577,0.71523,0.71513,1,1
20.08.2021 00:24:14.220,0.71523,0.71514,1,1
20.08.2021 00:24:14.635,0.71525,0.71513,2.25,1
20.08.2021 00:24:20.415,0.71525,0.7151500000000001,1.57,1
20.08.2021 00:24:21.936,0.7152600000000001,0.71516,1,1
20.08.2021 00:24:21.987,0.71527,0.71518,1,1
20.08.2021 00:24:22.089,0.71529,0.71519,2.62,1
20.08.2021 00:24:22.593,0.7153,0.7152100000000001,1.87,1.5
20.08.2021 00:24:22.696,0.7153100000000001,0.7152100000000001,1,2.25
20.08.2021 00:24:22.797,0.7153200000000001,0.7152100000000001,1,2.44
20.08.2021 00:24:23.050,0.71533,0.7152100000000001,1,1
20.08.2021 00:24:28.389,0.71533,0.71523,2.25,1
20.08.2021 00:24:28.490,0.71533,0.71522,2.32,1.5
20.08.2021 00:24:29.742,0.7153200000000001,0.71522,1,1.5
20.08.2021 00:24:31.042,0.71533,0.71522,1.5,1.5
20.08.2021 00:24:32.101,0.7153200000000001,0.71522,1,1.5
20.08.2021 00:24:33.433,0.71533,0.71524,1,1
20.08.2021 00:24:36.029,0.71533,0.71522,2.32,1.5
20.08.2021 00:24:36.366,0.7153200000000001,0.71522,1,1
20.08.2021 00:24:41.354,0.71533,0.71523,2.62,1
20.08.2021 00:24:47.041,0.71534,0.71523,1,1
20.08.2021 00:24:47.193,0.71533,0.71524,1,3.44
20.08.2021 00:24:47.295,0.7153700000000001,0.71527,3.19,1.5
20.08.2021 00:24:50.408,0.7153600000000001,0.7152600000000001,2.25,1.87
20.08.2021 00:24:50.509,0.71534,0.7152600000000001,1,1.12
20.08.2021 00:24:50.560,0.71534,0.71524,1,2.25
20.08.2021 00:24:52.973,0.71535,0.71524,1.87,2.62
20.08.2021 00:24:54.100,0.71534,0.71524,1,2.62
20.08.2021 00:24:54.569,0.71533,0.71524,1,1
20.08.2021 00:24:54.977,0.71533,0.71523,1,2.62
20.08.2021 00:24:55.584,0.7153200000000001,0.71523,1,1.12
20.08.2021 00:24:56.047,0.71533,0.71525,1,1
20.08.2021 00:24:56.148,0.7153200000000001,0.71524,1,1
20.08.2021 00:24:56.199,0.7153100000000001,0.71522,2.32,1.12
20.08.2021 00:24:56.300,0.7153200000000001,0.7152100000000001,2.26,1
20.08.2021 00:24:56.402,0.71533,0.71522,3.26,1
20.08.2021 00:24:56.505,0.71534,0.71523,6.89,1
20.08.2021 00:24:58.127,0.71534,0.71527,1.25,1
20.08.2021 00:25:01.164,0.71534,0.7152600000000001,1.25,1
20.08.2021 00:25:01.265,0.71534,0.71525,3.51,1
20.08.2021 00:25:08.094,0.71533,0.7152600000000001,1,1
20.08.2021 00:25:08.196,0.71534,0.7152600000000001,1,1
20.08.2021 00:25:08.297,0.7153600000000001,0.7152600000000001,1.5,1
20.08.2021 00:25:09.347,0.71534,0.71525,2.44,1.12
20.08.2021 00:25:09.448,0.71534,0.7152600000000001,1.25,1
20.08.2021 00:25:14.478,0.71533,0.71523,1,1
20.08.2021 00:25:19.100,0.7153,0.71522,1.5,1.12
20.08.2021 00:25:19.213,0.7153,0.7152100000000001,1.5,1
20.08.2021 00:25:19.685,0.7153200000000001,0.71523,1.5,1
20.08.2021 00:25:19.787,0.71534,0.71524,1.5,1
20.08.2021 00:25:19.938,0.71534,0.71525,2.06,1
20.08.2021 00:25:21.686,0.71535,0.71523,1.31,1
20.08.2021 00:25:22.810,0.7153200000000001,0.71523,1.5,1.5
20.08.2021 00:25:22.962,0.71534,0.71522,2.81,1
20.08.2021 00:25:24.921,0.71533,0.71524,1.87,1
20.08.2021 00:25:27.336,0.71533,0.71523,1.5,1
20.08.2021 00:25:27.437,0.7153100000000001,0.7152100000000001,1.87,1
20.08.2021 00:25:27.539,0.7153,0.7152000000000001,1,2.25
20.08.2021 00:25:27.640,0.71529,0.7152000000000001,1,1
20.08.2021 00:25:38.542,0.71529,0.7152100000000001,1,1
20.08.2021 00:25:38.653,0.7153,0.71522,1,1.5
20.08.2021 00:25:38.755,0.7153200000000001,0.71522,1.5,1.5
20.08.2021 00:25:38.856,0.71533,0.71523,1,1
20.08.2021 00:25:39.360,0.71534,0.71525,2.62,1
20.08.2021 00:25:39.668,0.71533,0.71525,1,1
20.08.2021 00:25:39.719,0.71533,0.71522,1,1.12
20.08.2021 00:25:40.279,0.71533,0.71523,2.06,1
20.08.2021 00:25:41.149,0.71533,0.71525,1.69,1
20.08.2021 00:25:46.697,0.71533,0.71524,1.5,1
20.08.2021 00:25:47.206,0.7153,0.71522,1,1
20.08.2021 00:25:47.308,0.7153,0.7152000000000001,1.5,1.12
20.08.2021 00:25:47.359,0.7153200000000001,0.7152100000000001,1,1
20.08.2021 00:25:47.460,0.71533,0.71522,1.87,1
20.08.2021 00:25:47.561,0.7153200000000001,0.71524,1.12,1
20.08.2021 00:25:54.476,0.71533,0.71524,1.87,1
20.08.2021 00:25:55.104,0.71533,0.71523,2.06,1
20.08.2021 00:25:58.186,0.71533,0.71524,1.5,1
20.08.2021 00:26:02.072,0.71533,0.71523,3.19,1
20.08.2021 00:26:02.173,0.7153200000000001,0.71523,1,1
20.08.2021 00:26:03.823,0.7153100000000001,0.7152100000000001,1.87,1
20.08.2021 00:26:03.924,0.7153,0.7152000000000001,1.5,1.12
20.08.2021 00:26:04.076,0.71529,0.7152000000000001,1,1
20.08.2021 00:26:04.177,0.7153100000000001,0.71519,1.87,1
20.08.2021 00:26:04.895,0.71529,0.7152000000000001,1,1
20.08.2021 00:26:05.649,0.71529,0.71519,3.75,1
20.08.2021 00:26:10.548,0.71527,0.71518,1.5,1.5
20.08.2021 00:26:10.751,0.7152600000000001,0.71516,2.25,2.81
20.08.2021 00:26:10.852,0.7152600000000001,0.71517,1,1
20.08.2021 00:26:11.110,0.71527,0.7151500000000001,2.25,2.81
20.08.2021 00:26:11.670,0.71527,0.71519,1.12,1
20.08.2021 00:26:11.721,0.71529,0.7152000000000001,1.69,1
20.08.2021 00:26:29.594,0.71529,0.71519,1,3
20.08.2021 00:26:30.572,0.71529,0.7152000000000001,1,1
20.08.2021 00:26:33.415,0.7153100000000001,0.7152100000000001,1,1
20.08.2021 00:26:33.516,0.71533,0.7152000000000001,2.81,2.25
20.08.2021 00:26:33.990,0.7153200000000001,0.71522,1,1
20.08.2021 00:26:39.273,0.7153200000000001,0.7152100000000001,2.62,2.25
20.08.2021 00:26:39.375,0.71533,0.7152100000000001,3,1
20.08.2021 00:26:42.584,0.7153100000000001,0.71522,1,1
20.08.2021 00:26:43.058,0.7153100000000001,0.7152100000000001,1,2.25
20.08.2021 00:26:43.507,0.7153,0.7152100000000001,1,1.5
20.08.2021 00:26:45.403,0.7153100000000001,0.71519,1.5,1.5
20.08.2021 00:26:57.157,0.7153100000000001,0.7152100000000001,1,1
20.08.2021 00:26:57.208,0.7153200000000001,0.71522,1.87,1
20.08.2021 00:27:02.357,0.71533,0.71522,1,1
20.08.2021 00:27:02.459,0.71533,0.71523,1,1
20.08.2021 00:27:02.661,0.71533,0.71524,1,1
20.08.2021 00:27:06.653,0.71535,0.71523,1.5,1.87
20.08.2021 00:27:06.755,0.71534,0.71525,1,1
20.08.2021 00:27:07.341,0.71535,0.71525,1.87,1.5
20.08.2021 00:27:14.277,0.71535,0.71524,4.57,2.25
20.08.2021 00:27:14.379,0.71535,0.71523,1,1
20.08.2021 00:27:15.406,0.71534,0.71523,1.87,3
20.08.2021 00:27:16.102,0.71534,0.71522,1,1.5
20.08.2021 00:27:18.060,0.71533,0.71522,1,1
20.08.2021 00:27:18.161,0.7153100000000001,0.7152000000000001,1,2
20.08.2021 00:27:18.364,0.7153,0.7152100000000001,1,1.5
20.08.2021 00:27:18.515,0.7153,0.7152000000000001,1.5,1.87
20.08.2021 00:27:18.616,0.7153,0.71518,1.5,3.19
20.08.2021 00:27:18.717,0.7153,0.7152000000000001,1.5,1.5
20.08.2021 00:27:23.776,0.71529,0.7152000000000001,1,1
20.08.2021 00:27:26.127,0.71529,0.71518,1.5,1
20.08.2021 00:27:26.229,0.71527,0.71518,1,1
20.08.2021 00:27:26.330,0.71525,0.7151500000000001,1,2.44
20.08.2021 00:27:26.432,0.71525,0.71516,1,1
20.08.2021 00:27:26.584,0.7152600000000001,0.71517,1,1
20.08.2021 00:27:27.242,0.71525,0.71516,1,1
20.08.2021 00:27:28.348,0.71525,0.7151500000000001,1.5,2.81
20.08.2021 00:27:33.321,0.71525,0.71516,1,1
20.08.2021 00:27:33.473,0.71527,0.71516,1.5,1
20.08.2021 00:27:33.574,0.71527,0.71517,1,1
20.08.2021 00:27:33.676,0.71528,0.71517,1,1
20.08.2021 00:27:34.793,0.71527,0.71516,4.01,2.62
20.08.2021 00:27:34.844,0.71525,0.7151500000000001,1,2.94
20.08.2021 00:27:34.945,0.7152600000000001,0.71516,1,2.81
20.08.2021 00:27:35.046,0.71527,0.71517,1.5,1
20.08.2021 00:27:36.532,0.7152600000000001,0.71517,1,1
20.08.2021 00:27:37.853,0.71527,0.7151500000000001,2.25,1.5
20.08.2021 00:27:39.319,0.7152600000000001,0.71514,1.5,2.81
20.08.2021 00:27:49.263,0.71524,0.7151500000000001,1,1
20.08.2021 00:27:49.365,0.71524,0.71513,1,1.12
20.08.2021 00:27:49.466,0.71519,0.7151000000000001,2.25,1.12
20.08.2021 00:27:49.568,0.71518,0.71507,2.25,2.89
20.08.2021 00:27:49.669,0.71517,0.71507,1,2.06
20.08.2021 00:27:50.073,0.7151500000000001,0.7150500000000001,1,2.44
20.08.2021 00:27:50.124,0.7151500000000001,0.7150500000000001,1.5,1.87
20.08.2021 00:27:51.561,0.71516,0.7150500000000001,2.25,1.87
20.08.2021 00:27:51.662,0.71516,0.71506,1.5,1
20.08.2021 00:27:51.775,0.71516,0.71506,1.5,1.5
20.08.2021 00:27:52.526,0.71517,0.71507,2.25,1.12
20.08.2021 00:27:54.844,0.71517,0.71506,1,1.12
20.08.2021 00:27:54.945,0.71516,0.71506,1.5,1.12
20.08.2021 00:27:55.505,0.71516,0.71506,1,1.5
20.08.2021 00:27:57.384,0.71516,0.71506,1,1.12
20.08.2021 00:28:01.154,0.71516,0.71504,1,1.5
20.08.2021 00:28:01.256,0.7151500000000001,0.7150500000000001,1,1
20.08.2021 00:28:05.960,0.71517,0.71507,1.87,1
20.08.2021 00:28:06.061,0.71517,0.71508,1.12,1
20.08.2021 00:28:09.779,0.71517,0.71507,1,1.87
20.08.2021 00:28:10.650,0.71517,0.71507,1,2
20.08.2021 00:28:11.239,0.71518,0.71506,1,2.26
20.08.2021 00:28:11.341,0.71518,0.71509,1,1.87
20.08.2021 00:28:11.443,0.7152000000000001,0.71511,1.12,1.25
20.08.2021 00:28:11.545,0.71522,0.71512,1.5,1
20.08.2021 00:28:11.983,0.71523,0.71511,1,1.75
20.08.2021 00:28:12.099,0.71524,0.71511,2.25,1.75
20.08.2021 00:28:17.404,0.71522,0.71512,1,1.5
20.08.2021 00:28:17.714,0.71522,0.71512,1,1.12
20.08.2021 00:28:18.047,0.7152100000000001,0.71512,1,1.12
20.08.2021 00:28:18.149,0.7152100000000001,0.71511,1.5,1.87
20.08.2021 00:28:18.687,0.7152100000000001,0.71509,1,2
20.08.2021 00:28:19.091,0.7152000000000001,0.7151000000000001,1,1.87
20.08.2021 00:28:22.185,0.71519,0.71509,1,2.94
20.08.2021 00:28:22.338,0.7152000000000001,0.71508,1,2.81
20.08.2021 00:28:24.696,0.71519,0.7151000000000001,1.5,1.31
20.08.2021 00:28:24.797,0.7152000000000001,0.7151000000000001,1.5,3.32
20.08.2021 00:28:26.781,0.7152100000000001,0.71509,1,2.62
20.08.2021 00:28:28.223,0.7152100000000001,0.7151000000000001,1,2.62
20.08.2021 00:28:30.209,0.7152000000000001,0.7151000000000001,1,2.62
20.08.2021 00:28:32.996,0.7152000000000001,0.71508,1,2.62
20.08.2021 00:28:37.864,0.71516,0.71506,1.5,2.75
20.08.2021 00:28:37.966,0.71513,0.71506,1,1
20.08.2021 00:28:38.271,0.71513,0.7150500000000001,1,1
20.08.2021 00:28:38.626,0.71514,0.71503,1,1.12
20.08.2021 00:28:39.039,0.71517,0.71508,3.95,1
20.08.2021 00:28:39.191,0.71519,0.71508,1.5,1
20.08.2021 00:28:39.980,0.7152000000000001,0.71508,1,1
20.08.2021 00:28:42.673,0.7152100000000001,0.71509,1.12,1.5
20.08.2021 00:28:42.825,0.7152000000000001,0.71511,1,1
20.08.2021 00:28:44.514,0.7152100000000001,0.71511,1,2.06
20.08.2021 00:28:44.667,0.71523,0.71513,2,1.5
20.08.2021 00:28:44.768,0.71523,0.71513,1.5,1.87
20.08.2021 00:28:51.073,0.71523,0.71511,1,1.12
20.08.2021 00:28:52.714,0.71523,0.71514,1,1
20.08.2021 00:28:53.623,0.71523,0.71513,1.5,1.5
20.08.2021 00:28:54.741,0.71522,0.71513,1,1
20.08.2021 00:28:55.101,0.7152000000000001,0.71511,1,1.5
20.08.2021 00:28:55.202,0.7152000000000001,0.71509,1,2
20.08.2021 00:28:55.253,0.71519,0.7151000000000001,1,1.87
20.08.2021 00:28:56.848,0.7152100000000001,0.71511,1.12,1.69
20.08.2021 00:28:56.950,0.71522,0.71512,1.5,1.12
20.08.2021 00:29:04.123,0.71522,0.71513,1,1
20.08.2021 00:29:04.224,0.71523,0.71513,2.25,1
20.08.2021 00:29:13.052,0.71522,0.71513,1,1
20.08.2021 00:29:13.153,0.71523,0.71511,1,2.25
20.08.2021 00:29:13.255,0.7152100000000001,0.71511,1,2.62
20.08.2021 00:29:13.457,0.7152100000000001,0.71509,1.5,2.62
20.08.2021 00:29:13.558,0.71519,0.7151000000000001,1,1.87
20.08.2021 00:29:17.751,0.7152000000000001,0.7151000000000001,1.5,2.25
20.08.2021 00:29:18.157,0.71523,0.71512,3,2.44
20.08.2021 00:29:18.259,0.71523,0.71513,1.12,1
20.08.2021 00:29:25.293,0.71522,0.71513,1,1
20.08.2021 00:29:31.096,0.71522,0.7151000000000001,1,1.12
20.08.2021 00:29:31.630,0.7152000000000001,0.71511,1,1
20.08.2021 00:29:33.195,0.7152000000000001,0.71509,1,1.87
20.08.2021 00:29:39.052,0.71519,0.71509,1,2.62
20.08.2021 00:29:39.153,0.71518,0.71508,1,2.75
20.08.2021 00:29:39.255,0.71518,0.71508,1,2.62
20.08.2021 00:29:39.501,0.71519,0.71509,1,2.81
20.08.2021 00:29:39.603,0.7152000000000001,0.71509,1,1
20.08.2021 00:29:45.712,0.7152000000000001,0.71511,1,1
20.08.2021 00:29:51.615,0.7152100000000001,0.7151000000000001,1,2.19
20.08.2021 00:29:53.279,0.7152100000000001,0.71511,1,3.69
20.08.2021 00:29:53.330,0.71523,0.71514,1,1
20.08.2021 00:29:53.432,0.7152600000000001,0.71517,1,3.19
20.08.2021 00:29:53.534,0.7152600000000001,0.71518,1,1.5
20.08.2021 00:29:53.585,0.71528,0.71518,1,1.5
20.08.2021 00:29:53.636,0.71529,0.7152000000000001,1.12,1
20.08.2021 00:30:01.539,0.71529,0.71519,1.5,1.87
20.08.2021 00:30:04.782,0.71528,0.71519,1,1.87
20.08.2021 00:30:11.121,0.71527,0.71517,1.5,2
20.08.2021 00:30:11.222,0.71528,0.71517,1.5,3.01
20.08.2021 00:30:11.475,0.7152600000000001,0.71517,1,1.5
20.08.2021 00:30:11.576,0.71525,0.71514,1,2
20.08.2021 00:30:11.779,0.71524,0.71514,1.5,1.12
20.08.2021 00:30:12.126,0.71523,0.71514,1,1.12
20.08.2021 00:30:12.430,0.71524,0.71512,1.5,1.69
20.08.2021 00:30:13.885,0.71523,0.71513,1,4.64
20.08.2021 00:30:13.986,0.7152600000000001,0.7151500000000001,1,1
20.08.2021 00:30:14.088,0.71527,0.71517,1.5,1.69
20.08.2021 00:30:15.123,0.71525,0.71516,1,1.87
20.08.2021 00:30:18.288,0.71524,0.71514,1,3.37
20.08.2021 00:30:18.389,0.71524,0.7151500000000001,1,1
20.08.2021 00:30:24.467,0.71523,0.7151500000000001,1,1
20.08.2021 00:30:28.093,0.71524,0.71513,1,1
20.08.2021 00:30:28.525,0.71523,0.7151000000000001,1.5,2.51
20.08.2021 00:30:28.626,0.71522,0.71512,1,1
20.08.2021 00:30:30.506,0.71523,0.71512,1.5,1.5
20.08.2021 00:30:31.242,0.71523,0.71513,1.5,1
20.08.2021 00:30:31.343,0.71524,0.71514,1.12,1.5
20.08.2021 00:30:31.669,0.71525,0.71514,1.87,1.5
20.08.2021 00:30:31.771,0.7152600000000001,0.71514,1.87,1
20.08.2021 00:30:36.013,0.71527,0.71517,1.87,2.25
20.08.2021 00:30:36.115,0.71529,0.71517,2,1.5
20.08.2021 00:30:36.216,0.71528,0.71518,1.5,1.5
20.08.2021 00:30:48.924,0.71528,0.71519,1,1
20.08.2021 00:30:49.026,0.7153200000000001,0.71524,1,2.25
20.08.2021 00:30:49.077,0.71534,0.71525,1.57,1
20.08.2021 00:30:49.128,0.71534,0.71527,1.12,1
20.08.2021 00:30:49.229,0.7153700000000001,0.71527,1.5,1.5
20.08.2021 00:30:49.431,0.7153700000000001,0.7152600000000001,1,1
20.08.2021 00:30:49.583,0.7153700000000001,0.71527,1,1.5
20.08.2021 00:30:51.706,0.7153700000000001,0.71529,1,1
20.08.2021 00:30:57.227,0.7153700000000001,0.71528,1.5,1
20.08.2021 00:30:57.329,0.7153700000000001,0.71527,1.5,1.87
20.08.2021 00:30:59.805,0.71535,0.7152600000000001,1,1.5
20.08.2021 00:30:59.856,0.71534,0.71524,1.5,1.5
20.08.2021 00:31:00.802,0.71533,0.71524,1,1
20.08.2021 00:31:00.903,0.71533,0.71523,1.5,2.25
20.08.2021 00:31:01.994,0.71533,0.71524,1,1
20.08.2021 00:31:02.096,0.71534,0.7152600000000001,1,1.87
20.08.2021 00:31:02.147,0.7153700000000001,0.71528,1.57,1
20.08.2021 00:31:02.350,0.7153700000000001,0.71527,1,1
20.08.2021 00:31:06.155,0.71534,0.71525,1,1.31
20.08.2021 00:31:06.357,0.71534,0.71524,1.5,1.69
20.08.2021 00:31:06.755,0.7153600000000001,0.71524,1.5,1.25
20.08.2021 00:31:09.231,0.7153600000000001,0.7152600000000001,1.5,2.25
20.08.2021 00:31:09.332,0.7153700000000001,0.71528,1,1.5
20.08.2021 00:31:15.967,0.71538,0.71529,1,1
20.08.2021 00:31:16.068,0.71539,0.71529,1.5,1.5
20.08.2021 00:31:16.947,0.71538,0.71529,1,1
20.08.2021 00:31:21.205,0.71539,0.7153100000000001,1,2.25
20.08.2021 00:31:21.307,0.7154200000000001,0.7153200000000001,2,2.25
20.08.2021 00:31:21.358,0.7154200000000001,0.71533,1,1
20.08.2021 00:31:22.291,0.7154100000000001,0.7153200000000001,1,1
20.08.2021 00:31:22.392,0.7154200000000001,0.7153,1,2
20.08.2021 00:31:22.494,0.7154100000000001,0.7153100000000001,1,1.5
20.08.2021 00:31:24.570,0.71543,0.7153200000000001,1,1
20.08.2021 00:31:24.672,0.71544,0.7153200000000001,1.5,2.25
20.08.2021 00:31:24.773,0.7154200000000001,0.71533,1,1.5
20.08.2021 00:31:28.117,0.7154200000000001,0.71534,1,1
20.08.2021 00:31:28.269,0.7154200000000001,0.7153200000000001,1,3.26
20.08.2021 00:31:33.081,0.7154200000000001,0.71533,1,1.25
20.08.2021 00:31:33.696,0.71543,0.71535,1,1
20.08.2021 00:31:34.099,0.71544,0.71535,1.87,1
20.08.2021 00:31:36.960,0.71545,0.7153700000000001,2.25,1
20.08.2021 00:31:37.011,0.71545,0.71535,2.75,1
20.08.2021 00:31:37.112,0.71545,0.71535,2.25,1
20.08.2021 00:31:37.865,0.71545,0.71534,1.5,1
20.08.2021 00:31:38.728,0.71545,0.71535,2.62,1
20.08.2021 00:31:38.909,0.7154600000000001,0.7153600000000001,1.12,1
20.08.2021 00:31:39.060,0.7154600000000001,0.7153700000000001,2.25,1
20.08.2021 00:31:39.162,0.71544,0.71535,1,1
20.08.2021 00:31:41.121,0.71545,0.71535,1.87,1.5
20.08.2021 00:31:41.222,0.71547,0.7154,1,1
20.08.2021 00:31:41.324,0.71548,0.7154,1,1
20.08.2021 00:31:43.938,0.7155,0.7154200000000001,3.26,1
20.08.2021 00:31:43.989,0.7155,0.7154,4.01,1
20.08.2021 00:31:44.191,0.71548,0.7154,1,1
20.08.2021 00:31:48.040,0.71549,0.7154,1,1
20.08.2021 00:31:48.141,0.71552,0.71545,1,1
20.08.2021 00:31:48.747,0.71553,0.71545,1,1
20.08.2021 00:31:48.849,0.71554,0.71545,2.74,1
20.08.2021 00:31:49.112,0.71553,0.71544,2.81,1
20.08.2021 00:31:49.213,0.71554,0.71544,1.87,1
20.08.2021 00:31:53.342,0.71553,0.71544,1.5,1
20.08.2021 00:31:59.636,0.7155,0.7154200000000001,1,1
20.08.2021 00:31:59.737,0.7155100000000001,0.71539,1.5,2
20.08.2021 00:31:59.839,0.7155,0.7154,1.5,1.5
20.08.2021 00:32:04.750,0.7155100000000001,0.7154,1,1
20.08.2021 00:32:04.952,0.7155,0.7154,1.5,1.69
20.08.2021 00:32:05.155,0.71552,0.71544,1,1
20.08.2021 00:32:06.004,0.71553,0.71544,1.5,1
20.08.2021 00:32:07.877,0.71554,0.71544,1,1
20.08.2021 00:32:11.822,0.71554,0.71545,1,1
20.08.2021 00:32:11.974,0.71555,0.7154600000000001,3.52,1
20.08.2021 00:32:12.227,0.71554,0.71545,1.15,1
20.08.2021 00:32:14.895,0.7155,0.71543,2.25,1
20.08.2021 00:32:14.997,0.7155,0.7154100000000001,1,1.12
20.08.2021 00:32:15.971,0.7155,0.7154200000000001,1,1
20.08.2021 00:32:16.535,0.7155,0.7154100000000001,1,1
20.08.2021 00:32:17.224,0.7155,0.7154200000000001,1,1
20.08.2021 00:32:17.529,0.7155100000000001,0.7154200000000001,2.81,1
20.08.2021 00:32:17.792,0.7155100000000001,0.7154100000000001,5.19,1
20.08.2021 00:32:20.597,0.7155100000000001,0.71539,2.06,1.5
20.08.2021 00:32:23.693,0.7155,0.71539,3.19,1
20.08.2021 00:32:24.836,0.71549,0.71539,2.44,1.5
20.08.2021 00:32:26.102,0.7154600000000001,0.7153600000000001,1.12,2.75
20.08.2021 00:32:26.204,0.71545,0.71535,2.44,1.5
20.08.2021 00:32:26.523,0.71545,0.71533,1,1.5
20.08.2021 00:32:27.104,0.71545,0.71534,2.06,1.5
20.08.2021 00:32:27.935,0.71544,0.71534,1,1.5
20.08.2021 00:32:30.350,0.7154600000000001,0.71533,1.87,1.5
20.08.2021 00:32:31.565,0.7154600000000001,0.71534,1.87,1
20.08.2021 00:32:32.809,0.7154600000000001,0.7153600000000001,3.12,1
20.08.2021 00:32:35.812,0.71547,0.7153700000000001,2,1
20.08.2021 00:32:35.964,0.71547,0.7153700000000001,1,1.5
20.08.2021 00:32:39.110,0.71549,0.7153700000000001,2.62,1
20.08.2021 00:32:42.659,0.71549,0.71539,1.87,1.5
20.08.2021 00:32:44.348,0.7155100000000001,0.71539,3.5,1
20.08.2021 00:32:44.450,0.7155100000000001,0.7154,1,1
20.08.2021 00:32:44.724,0.71553,0.7154200000000001,3.2,1.5
20.08.2021 00:32:44.826,0.71553,0.7154200000000001,1,1.5
20.08.2021 00:32:44.877,0.71554,0.71543,3.19,1.5
20.08.2021 00:32:47.003,0.71553,0.71543,1,1.5
20.08.2021 00:32:48.472,0.71552,0.7154,1.5,1.5
20.08.2021 00:32:48.573,0.7155100000000001,0.7154,1,1
20.08.2021 00:32:48.675,0.7155,0.7154,1.87,1.5
20.08.2021 00:32:49.029,0.7155100000000001,0.7154,1.12,1
20.08.2021 00:32:49.181,0.7155100000000001,0.7154100000000001,1,1
20.08.2021 00:32:51.453,0.71552,0.7154200000000001,1.87,1.5
20.08.2021 00:32:52.645,0.7155,0.7154100000000001,1,1.5
20.08.2021 00:32:52.758,0.7155100000000001,0.71539,1.5,1.5
20.08.2021 00:32:57.410,0.7155,0.71539,1,1.5
20.08.2021 00:33:02.614,0.7155100000000001,0.71539,1,1.69
20.08.2021 00:33:03.355,0.71549,0.7154,1,1
20.08.2021 00:33:06.224,0.71549,0.71539,1.5,1.5
20.08.2021 00:33:26.221,0.7155,0.7154100000000001,1,1.69
20.08.2021 00:33:26.322,0.7155100000000001,0.7154100000000001,1,1
20.08.2021 00:33:27.001,0.7155,0.7154100000000001,1,2.32
20.08.2021 00:33:30.111,0.7155100000000001,0.7154100000000001,1,3.26
20.08.2021 00:33:30.213,0.7155100000000001,0.7154200000000001,1,1
20.08.2021 00:33:32.185,0.71552,0.7154,1,1.5
20.08.2021 00:33:32.830,0.7155,0.7154,1,2.32
20.08.2021 00:33:33.360,0.7155,0.7154100000000001,1,1
20.08.2021 00:33:33.694,0.7155,0.7154,1.5,1.5
20.08.2021 00:33:33.795,0.71549,0.7154,1,1
20.08.2021 00:33:35.127,0.71549,0.71539,1.5,2.25
20.08.2021 00:33:35.228,0.71549,0.71538,1,1
20.08.2021 00:33:37.465,0.7154600000000001,0.71538,1,1
20.08.2021 00:33:38.570,0.71547,0.7153600000000001,1,1
20.08.2021 00:33:39.985,0.71545,0.7153600000000001,1.5,1
20.08.2021 00:33:40.087,0.71544,0.71535,1,1
20.08.2021 00:33:40.240,0.71544,0.71534,2.25,1.5
20.08.2021 00:33:40.350,0.71543,0.71534,1,1
20.08.2021 00:33:40.586,0.71543,0.71533,1,3.26
20.08.2021 00:33:40.789,0.7154200000000001,0.7153100000000001,1,1
20.08.2021 00:33:41.542,0.71543,0.7153200000000001,1,1
20.08.2021 00:33:44.926,0.7154100000000001,0.7153200000000001,1,1
20.08.2021 00:33:49.043,0.7154100000000001,0.7153100000000001,5.14,1
20.08.2021 00:33:49.145,0.7154,0.7153,1.5,1.5
20.08.2021 00:33:50.114,0.7154100000000001,0.7153,1.5,1
20.08.2021 00:33:50.216,0.7154100000000001,0.71533,1.12,1
20.08.2021 00:33:51.264,0.71545,0.7153700000000001,1.5,1.5
20.08.2021 00:33:51.366,0.71547,0.7153700000000001,2.06,1
20.08.2021 00:33:52.120,0.71548,0.7154,1,1
20.08.2021 00:33:57.471,0.71549,0.71538,1,1
20.08.2021 00:34:00.255,0.71547,0.71538,1.12,1
20.08.2021 00:34:02.621,0.7154600000000001,0.71538,1,1
20.08.2021 00:34:02.672,0.7154600000000001,0.7153600000000001,1,1.1
20.08.2021 00:34:03.163,0.71545,0.71535,1.87,1
20.08.2021 00:34:04.609,0.71545,0.71534,1,1
20.08.2021 00:34:06.975,0.7154200000000001,0.7153200000000001,1.5,2.7
20.08.2021 00:34:08.102,0.71543,0.71533,3.37,1
20.08.2021 00:34:10.435,0.71545,0.71533,2.25,1
20.08.2021 00:34:22.660,0.71545,0.71535,3,1.5
20.08.2021 00:34:25.420,0.71545,0.7153600000000001,2.25,1
20.08.2021 00:34:25.521,0.71547,0.71539,1.2,1
20.08.2021 00:34:25.623,0.7155,0.71539,1.62,1
20.08.2021 00:34:25.674,0.71549,0.7154,1,1
20.08.2021 00:34:33.466,0.7155100000000001,0.71539,1.12,1
20.08.2021 00:34:37.186,0.7155,0.71538,1.5,1.5
20.08.2021 00:34:37.237,0.71547,0.71539,2.25,1.5
20.08.2021 00:34:37.287,0.71547,0.7153700000000001,1.5,1
20.08.2021 00:34:37.338,0.71545,0.71535,1,1.5
20.08.2021 00:34:37.439,0.71545,0.71534,1,1
20.08.2021 00:34:37.642,0.71544,0.71534,1.12,1.57
20.08.2021 00:34:38.578,0.71544,0.71535,1,1.5
20.08.2021 00:34:40.763,0.7154600000000001,0.7153600000000001,2.62,1
20.08.2021 00:34:41.017,0.71545,0.7153600000000001,1,1
20.08.2021 00:34:41.516,0.71545,0.71535,1,1.57
20.08.2021 00:34:43.381,0.71547,0.71534,3.45,1.5
20.08.2021 00:34:43.640,0.71547,0.71535,2.62,1
20.08.2021 00:34:43.766,0.7154600000000001,0.71534,1.12,1.57
20.08.2021 00:34:43.918,0.71547,0.71534,2.62,1.57
20.08.2021 00:34:44.401,0.71547,0.7153700000000001,2,1
20.08.2021 00:34:44.566,0.71547,0.7153700000000001,1,1.5
20.08.2021 00:34:51.886,0.7154600000000001,0.7153700000000001,1,1
20.08.2021 00:34:52.535,0.7154600000000001,0.7153600000000001,1,2.25
20.08.2021 00:34:53.645,0.71545,0.71535,1,1.5
20.08.2021 00:34:53.848,0.71543,0.71533,2.62,1
20.08.2021 00:34:53.949,0.7154100000000001,0.7153100000000001,1.5,2
20.08.2021 00:34:54.051,0.7154100000000001,0.7153100000000001,1.87,1.5
20.08.2021 00:34:54.303,0.7154100000000001,0.7153200000000001,1.12,1
20.08.2021 00:34:54.455,0.7154,0.7153200000000001,1,1
20.08.2021 00:34:54.558,0.7154100000000001,0.7153,1,1
20.08.2021 00:34:56.236,0.7154100000000001,0.71529,1.87,1
20.08.2021 00:34:58.286,0.7154,0.71529,4.12,1.5
20.08.2021 00:34:58.388,0.71539,0.71529,1.5,1
20.08.2021 00:35:05.491,0.71538,0.71529,1,1
20.08.2021 00:35:09.431,0.7153600000000001,0.71529,1,1
20.08.2021 00:35:09.482,0.71535,0.7152600000000001,2.25,1.12
20.08.2021 00:35:09.584,0.71534,0.71525,1.5,1
20.08.2021 00:35:09.640,0.7153200000000001,0.71524,1,1
20.08.2021 00:35:13.102,0.7153100000000001,0.71523,1,1
20.08.2021 00:35:15.084,0.71535,0.71525,1.12,1
20.08.2021 00:35:15.287,0.7153600000000001,0.71525,1,1
20.08.2021 00:35:18.778,0.71535,0.71525,1,1.5
20.08.2021 00:35:23.918,0.7153600000000001,0.71525,1,1.5
20.08.2021 00:35:29.105,0.7153700000000001,0.71529,1,1
20.08.2021 00:35:29.207,0.7154100000000001,0.71529,3.5,2.44
20.08.2021 00:35:29.308,0.7154,0.7153200000000001,1,1
20.08.2021 00:35:29.410,0.7154100000000001,0.7153200000000001,1,1
20.08.2021 00:35:34.125,0.7154,0.7153100000000001,1,1
20.08.2021 00:35:34.227,0.7154,0.71529,1,1
20.08.2021 00:35:43.912,0.71539,0.71529,1,1.5
20.08.2021 00:35:44.063,0.71535,0.71528,1,1
20.08.2021 00:35:44.165,0.7153700000000001,0.7152600000000001,1,1
20.08.2021 00:35:44.625,0.7153600000000001,0.7152600000000001,1.5,1.5
20.08.2021 00:35:45.640,0.71534,0.7152600000000001,1,1.5
20.08.2021 00:35:49.167,0.71534,0.71525,1,1
20.08.2021 00:35:54.116,0.7153100000000001,0.71523,1,1
20.08.2021 00:35:54.219,0.7153100000000001,0.7152100000000001,1,1.25
20.08.2021 00:35:54.777,0.7153100000000001,0.71522,1,1
20.08.2021 00:35:54.880,0.7153100000000001,0.71523,1,1
20.08.2021 00:35:55.464,0.7153100000000001,0.71522,1,1
20.08.2021 00:35:56.041,0.7153200000000001,0.7152000000000001,1.5,1.5
20.08.2021 00:36:00.763,0.7153,0.7152000000000001,1,1.1
20.08.2021 00:36:02.729,0.7153,0.71518,1,2.32
20.08.2021 00:36:03.719,0.71529,0.71518,1.5,2.7
20.08.2021 00:36:04.779,0.7153,0.71518,1.5,1
20.08.2021 00:36:05.133,0.71529,0.71518,1.5,2.32
20.08.2021 00:36:06.030,0.71529,0.71519,1.5,1
20.08.2021 00:36:07.347,0.71529,0.71518,1,1
20.08.2021 00:36:17.407,0.71527,0.71517,1,2.25
20.08.2021 00:36:17.609,0.71528,0.71518,1.5,1
20.08.2021 00:36:19.774,0.71529,0.71519,1,3.82
20.08.2021 00:36:28.137,0.7153,0.71517,2.44,3
20.08.2021 00:36:30.508,0.71529,0.71519,2.25,1
20.08.2021 00:36:30.609,0.7153,0.71517,2.25,3.07
20.08.2021 00:36:41.401,0.71529,0.71519,2.25,1
20.08.2021 00:36:41.502,0.7153200000000001,0.71522,1,1.5
20.08.2021 00:36:41.604,0.71534,0.71522,1.12,4.01
20.08.2021 00:36:41.705,0.71535,0.71525,1.5,1
20.08.2021 00:36:41.806,0.7153700000000001,0.71525,1.5,2.25
20.08.2021 00:36:41.908,0.7153700000000001,0.71527,1.5,1.5
20.08.2021 00:36:42.363,0.7153600000000001,0.71527,1,1
20.08.2021 00:36:42.464,0.7153700000000001,0.71525,1,1.5
20.08.2021 00:36:43.444,0.71535,0.7152600000000001,1,1
20.08.2021 00:36:47.882,0.7153600000000001,0.7152600000000001,1.5,2.25
20.08.2021 00:36:52.250,0.7153600000000001,0.71525,2.62,3.07
20.08.2021 00:36:56.471,0.7153600000000001,0.7152600000000001,2.25,1.5
20.08.2021 00:36:59.306,0.7153600000000001,0.71525,2.25,2.32
20.08.2021 00:37:02.534,0.7153700000000001,0.71524,2.62,2.35
20.08.2021 00:37:03.385,0.7153600000000001,0.71525,2.81,2.32
20.08.2021 00:37:09.203,0.71535,0.71525,1,1.5
20.08.2021 00:37:10.737,0.7153600000000001,0.71525,2.81,2.32
20.08.2021 00:37:10.838,0.7153600000000001,0.7152600000000001,2.81,1
20.08.2021 00:37:13.552,0.71539,0.71528,1.87,1
20.08.2021 00:37:13.654,0.71538,0.71528,1,2.32
20.08.2021 00:37:13.755,0.71538,0.71528,1,2.35
20.08.2021 00:37:18.799,0.71538,0.71528,1,1.57
20.08.2021 00:37:19.753,0.71535,0.71525,1.5,2.82
20.08.2021 00:37:19.905,0.71535,0.71525,2.44,1
20.08.2021 00:37:26.177,0.71535,0.71523,1,2.32
20.08.2021 00:37:45.676,0.71534,0.71523,1.69,1
20.08.2021 00:37:45.777,0.71533,0.7152100000000001,2.69,1
20.08.2021 00:37:45.879,0.7153200000000001,0.7152100000000001,3.06,1.57
20.08.2021 00:37:47.620,0.7153100000000001,0.7152100000000001,1.56,1
20.08.2021 00:37:47.837,0.7153,0.7152000000000001,1.69,1
20.08.2021 00:37:59.166,0.7153200000000001,0.71522,2.94,1.57
20.08.2021 00:37:59.217,0.7153200000000001,0.71522,1.25,2.35
20.08.2021 00:37:59.980,0.71533,0.71523,1.12,1.57
20.08.2021 00:38:00.442,0.71533,0.71522,1,1.1
20.08.2021 00:38:02.768,0.71534,0.71522,1,1.57
20.08.2021 00:38:03.785,0.71533,0.71524,1,1
20.08.2021 00:38:04.762,0.71534,0.71524,1.5,1.57
20.08.2021 00:38:06.935,0.71534,0.71525,1,1
20.08.2021 00:38:11.960,0.71535,0.71527,1.12,1
20.08.2021 00:38:12.112,0.71538,0.71529,1,1
20.08.2021 00:38:12.214,0.71539,0.71529,2.44,1.57
20.08.2021 00:38:12.467,0.71538,0.71528,1.69,1
20.08.2021 00:38:12.844,0.71538,0.71527,2.44,2.32
20.08.2021 00:38:13.563,0.7153700000000001,0.71527,1.12,1.57
20.08.2021 00:38:24.306,0.7153600000000001,0.71527,1,1
20.08.2021 00:38:24.459,0.7153600000000001,0.71525,7.31,1.5
20.08.2021 00:38:24.561,0.71535,0.71525,5.31,1
20.08.2021 00:38:27.925,0.71535,0.71523,1.25,1.5
20.08.2021 00:38:28.044,0.71533,0.71524,1.25,1
20.08.2021 00:38:31.860,0.71535,0.71523,1.25,1.5
20.08.2021 00:38:38.257,0.71534,0.71524,2.69,1.5
20.08.2021 00:38:58.971,0.71535,0.71523,2.44,1.5
20.08.2021 00:38:59.127,0.71535,0.71524,1.69,1
20.08.2021 00:39:02.676,0.71535,0.71525,3.37,1.5
20.08.2021 00:39:02.778,0.7153700000000001,0.71529,2.25,1
20.08.2021 00:39:05.361,0.7154100000000001,0.71529,1.87,1
20.08.2021 00:39:05.412,0.7154100000000001,0.7153100000000001,1.12,1
20.08.2021 00:39:11.613,0.7154100000000001,0.7153200000000001,1,1
20.08.2021 00:39:12.125,0.7154200000000001,0.7153200000000001,1.25,1.5
20.08.2021 00:39:12.226,0.7154200000000001,0.71533,1.25,1
20.08.2021 00:39:14.636,0.71543,0.71533,2.81,1
20.08.2021 00:39:18.107,0.71543,0.71533,2.69,1
20.08.2021 00:39:19.157,0.71543,0.7153200000000001,3.06,1.5
20.08.2021 00:39:20.469,0.7154100000000001,0.71529,1.69,1
20.08.2021 00:39:21.103,0.7154,0.7153,2.31,1.5
20.08.2021 00:39:26.199,0.7154100000000001,0.7153100000000001,2.44,1
20.08.2021 00:39:28.046,0.7154100000000001,0.7153200000000001,1.69,1
20.08.2021 00:39:30.771,0.7154100000000001,0.7153100000000001,1,1
20.08.2021 00:39:30.823,0.7154,0.7153,2.12,1
20.08.2021 00:39:30.924,0.7154,0.7153,2.06,1.5
20.08.2021 00:39:31.268,0.7154100000000001,0.71529,2.31,1.5
20.08.2021 00:39:31.624,0.7154100000000001,0.71529,2.06,1.5
20.08.2021 00:39:32.146,0.7154100000000001,0.7153,1.31,1.5
20.08.2021 00:39:32.247,0.7154200000000001,0.7153,2.06,1.5
20.08.2021 00:39:32.882,0.7154100000000001,0.7153100000000001,3.81,1
20.08.2021 00:39:32.983,0.7154,0.7153,1.69,1
20.08.2021 00:39:33.085,0.7154,0.71529,2.06,2.32
20.08.2021 00:39:33.186,0.7154,0.71529,3.06,2.32
20.08.2021 00:39:35.903,0.71539,0.71529,2.31,2.25
20.08.2021 00:39:44.245,0.7154,0.71528,2.06,1
20.08.2021 00:39:45.711,0.71539,0.71529,2.69,1
20.08.2021 00:39:46.195,0.71539,0.71529,1.69,1
20.08.2021 00:39:47.005,0.7154100000000001,0.7153100000000001,3.5,2.25
20.08.2021 00:39:47.107,0.71544,0.71535,1.6,1
20.08.2021 00:39:47.231,0.71545,0.71535,1,1.1
20.08.2021 00:39:47.282,0.71547,0.7153600000000001,2.81,1.57
20.08.2021 00:39:52.619,0.71548,0.71538,2.06,1.5
20.08.2021 00:39:52.720,0.71547,0.71538,1,1
20.08.2021 00:39:52.821,0.71548,0.71538,2.06,1.5
20.08.2021 00:39:54.103,0.71549,0.7153700000000001,3.06,1.5
20.08.2021 00:39:54.419,0.71549,0.7153700000000001,2.06,1.5
20.08.2021 00:40:00.153,0.71549,0.71539,1.87,1.5
20.08.2021 00:40:00.255,0.71552,0.71543,1.81,1
20.08.2021 00:40:00.356,0.71553,0.7154200000000001,5.06,1
20.08.2021 00:40:00.407,0.7155100000000001,0.71539,3.37,2.25
20.08.2021 00:40:00.509,0.71549,0.7154,1.94,1
20.08.2021 00:40:00.610,0.71548,0.71538,1.31,1.5
20.08.2021 00:40:00.711,0.71548,0.7153700000000001,1.31,2.32
20.08.2021 00:40:03.259,0.71548,0.7153600000000001,1,2.32
20.08.2021 00:40:03.951,0.71547,0.7153600000000001,1,1.5
20.08.2021 00:40:04.052,0.71545,0.71535,2.44,1.12
20.08.2021 00:40:04.355,0.71545,0.71535,3.94,1
20.08.2021 00:40:06.225,0.71545,0.71533,1.31,2.25
20.08.2021 00:40:07.237,0.71544,0.71533,1.25,1
20.08.2021 00:40:10.020,0.71543,0.71533,3.19,1
20.08.2021 00:40:10.172,0.7154200000000001,0.7153200000000001,1.25,1.5
20.08.2021 00:40:13.432,0.7154200000000001,0.7153200000000001,1.25,2
20.08.2021 00:40:13.612,0.71543,0.7153100000000001,1.25,1.5
20.08.2021 00:40:15.379,0.7154,0.7153100000000001,4.19,1
20.08.2021 00:40:15.430,0.71539,0.71528,1.25,1
20.08.2021 00:40:19.384,0.7154,0.71529,1.25,1
20.08.2021 00:40:19.485,0.7154,0.71528,1.25,1.57
20.08.2021 00:40:21.481,0.71544,0.7153200000000001,3.19,1
20.08.2021 00:40:21.683,0.71543,0.71533,1.25,1.5
20.08.2021 00:40:21.784,0.71543,0.71534,1.25,1
20.08.2021 00:40:23.694,0.71544,0.7153200000000001,1.25,1.57
20.08.2021 00:40:23.846,0.7154200000000001,0.71533,3.94,1
20.08.2021 00:40:23.897,0.7154200000000001,0.7153100000000001,2.44,1.95
20.08.2021 00:40:23.998,0.7154,0.7153100000000001,1,1.1
20.08.2021 00:40:32.534,0.7154,0.7153,1.5,1.1
20.08.2021 00:40:32.636,0.71539,0.7153,1.25,1
20.08.2021 00:40:32.737,0.71538,0.71529,1,1
20.08.2021 00:40:33.141,0.71538,0.71528,1.69,1.57
20.08.2021 00:40:41.789,0.71538,0.71529,1,1
20.08.2021 00:40:55.104,0.71539,0.71527,1.31,1.5
20.08.2021 00:40:55.205,0.71538,0.71529,1.12,1
20.08.2021 00:41:00.730,0.7154,0.7153,2.44,1.5
20.08.2021 00:41:00.832,0.7154,0.7153100000000001,1.31,1
20.08.2021 00:41:00.933,0.7154,0.7153,1.31,1.5
20.08.2021 00:41:01.471,0.7154,0.7153100000000001,1.31,1
20.08.2021 00:41:02.684,0.7154100000000001,0.7153200000000001,1,2.25
20.08.2021 00:41:03.451,0.7154100000000001,0.71533,1,1
20.08.2021 00:41:05.530,0.7154100000000001,0.7153100000000001,1.31,1.5
20.08.2021 00:41:06.075,0.7154100000000001,0.7153,1,1.5
20.08.2021 00:41:08.546,0.7154100000000001,0.7153100000000001,1,1
20.08.2021 00:41:09.064,0.7154,0.7153100000000001,1,1.5
20.08.2021 00:41:09.266,0.7154,0.7153,1.75,1.5
20.08.2021 00:41:09.368,0.7154,0.7153100000000001,1.25,1
20.08.2021 00:41:13.644,0.7154100000000001,0.7153100000000001,1.25,2.32
20.08.2021 00:41:13.746,0.7154200000000001,0.7153200000000001,2.44,1.5
20.08.2021 00:41:20.668,0.7154200000000001,0.71534,1.5,1
20.08.2021 00:41:20.771,0.71544,0.71535,1.12,1
20.08.2021 00:41:26.946,0.71544,0.71533,3.56,2.25
20.08.2021 00:41:27.047,0.7154200000000001,0.71533,1,1
20.08.2021 00:41:30.137,0.71543,0.71534,1,1
20.08.2021 00:41:30.339,0.71544,0.71534,1,1.5
20.08.2021 00:41:30.856,0.7154600000000001,0.71535,2.06,1.5
20.08.2021 00:41:30.958,0.71549,0.71539,2.06,1.5
20.08.2021 00:41:32.308,0.71549,0.7154,1.31,1
20.08.2021 00:41:33.568,0.71549,0.71539,1.31,1.5
20.08.2021 00:41:34.055,0.7155100000000001,0.7154,5.06,1.5
20.08.2021 00:41:34.208,0.7155100000000001,0.7154,5.06,1.5
20.08.2021 00:41:45.761,0.7155,0.71539,4.75,1.57
20.08.2021 00:41:45.812,0.71544,0.7153600000000001,1.25,1.5
20.08.2021 00:41:45.863,0.71545,0.71534,2.19,1.5
20.08.2021 00:41:45.914,0.7154100000000001,0.71533,1.69,1.5
20.08.2021 00:41:46.015,0.71539,0.71529,1.25,1.5
20.08.2021 00:41:51.201,0.7154200000000001,0.7153100000000001,3.94,1.5
20.08.2021 00:41:51.252,0.71543,0.7153100000000001,2.06,1.5
20.08.2021 00:42:04.781,0.71545,0.71535,1.31,1
20.08.2021 00:42:04.983,0.71547,0.71534,2.81,1.5
20.08.2021 00:42:08.214,0.71547,0.7153600000000001,1.31,2.32
20.08.2021 00:42:08.316,0.71548,0.7153600000000001,1.31,1
20.08.2021 00:42:14.755,0.71547,0.7153700000000001,3.81,1
20.08.2021 00:42:15.249,0.71545,0.7153700000000001,1.12,1
20.08.2021 00:42:15.350,0.71545,0.7153600000000001,1.31,1
20.08.2021 00:42:15.400,0.71545,0.71534,1.31,3.07
20.08.2021 00:42:15.703,0.71544,0.71534,1.25,2.25
20.08.2021 00:42:16.815,0.71544,0.71534,1.94,1.5
20.08.2021 00:42:18.705,0.71544,0.71535,1,1
20.08.2021 00:42:18.806,0.71545,0.71534,1.31,2.25
20.08.2021 00:42:19.430,0.7154600000000001,0.71533,2.31,3
20.08.2021 00:42:25.939,0.7154600000000001,0.71534,2.31,1
20.08.2021 00:42:25.990,0.71547,0.71534,3.94,1.5
20.08.2021 00:42:26.091,0.71547,0.7153700000000001,3.81,1
20.08.2021 00:42:26.845,0.7154600000000001,0.7153600000000001,3.81,1
20.08.2021 00:42:27.708,0.71545,0.71535,1.31,1
20.08.2021 00:42:29.346,0.71545,0.71535,3.06,1
20.08.2021 00:42:29.448,0.71545,0.7153600000000001,1.31,1
20.08.2021 00:42:30.506,0.7154600000000001,0.7153700000000001,2.81,1
20.08.2021 00:42:31.294,0.7154600000000001,0.71539,1.25,1
20.08.2021 00:42:31.579,0.71549,0.7154,1.31,1
20.08.2021 00:42:31.680,0.7155100000000001,0.71538,3.64,1
20.08.2021 00:42:31.832,0.7155,0.7154200000000001,3.06,1
20.08.2021 00:42:35.681,0.71549,0.7154,1.5,1
20.08.2021 00:42:35.732,0.7154600000000001,0.71538,1.25,1.5
20.08.2021 00:42:35.834,0.7154600000000001,0.7153600000000001,1.69,2
20.08.2021 00:42:35.936,0.71547,0.71535,1.31,1.5
20.08.2021 00:42:36.038,0.71547,0.71534,3.56,2.25
20.08.2021 00:42:43.556,0.7154600000000001,0.71535,2.19,2.25
20.08.2021 00:42:44.977,0.71547,0.71534,2.06,2.25
20.08.2021 00:42:45.079,0.71547,0.71538,1.5,1
20.08.2021 00:42:45.185,0.7155100000000001,0.71538,2.94,1.57
20.08.2021 00:42:45.286,0.7155100000000001,0.71539,2.94,1
20.08.2021 00:42:45.388,0.7155,0.7154,2.06,1.5
20.08.2021 00:42:51.399,0.7155100000000001,0.7154,2.81,1.57
20.08.2021 00:42:53.507,0.71553,0.71543,6.49,1
20.08.2021 00:42:53.609,0.71552,0.7154200000000001,1.69,1
20.08.2021 00:42:55.407,0.71552,0.7154100000000001,4.12,2.25
20.08.2021 00:42:55.508,0.71552,0.7154,2.31,1
20.08.2021 00:43:01.002,0.7155,0.71539,2.44,2.32
20.08.2021 00:43:01.269,0.7155,0.71539,2.69,2.32
20.08.2021 00:43:08.190,0.71549,0.71538,1,1
20.08.2021 00:43:08.240,0.71545,0.7153700000000001,1,5.85
20.08.2021 00:43:08.342,0.71544,0.71534,3.37,1
20.08.2021 00:43:11.133,0.7154200000000001,0.71533,1,1.5
20.08.2021 00:43:11.235,0.7154,0.7153,1.5,2.07
20.08.2021 00:43:11.337,0.7154,0.7153,1.5,1.57
20.08.2021 00:43:14.995,0.7154100000000001,0.7153200000000001,1,1.57
20.08.2021 00:43:15.096,0.7154200000000001,0.7153200000000001,1,2.32
20.08.2021 00:43:19.850,0.7154200000000001,0.71533,1,1
20.08.2021 00:43:30.404,0.7154100000000001,0.7153100000000001,3.56,2.62
20.08.2021 00:43:30.455,0.71539,0.7153100000000001,1,1
20.08.2021 00:43:30.557,0.71539,0.7153,1,1
20.08.2021 00:43:39.855,0.71539,0.71529,3.19,1
20.08.2021 00:44:01.886,0.71538,0.71529,1,1
20.08.2021 00:44:02.139,0.71539,0.71529,3.19,1
20.08.2021 00:44:02.865,0.71539,0.7153,1,1
20.08.2021 00:44:02.967,0.7154200000000001,0.7153100000000001,2.19,1.57
20.08.2021 00:44:03.068,0.7154200000000001,0.71533,1.5,1
20.08.2021 00:44:05.128,0.7154200000000001,0.7153200000000001,1.5,1
20.08.2021 00:44:07.366,0.7154100000000001,0.7153100000000001,1.12,1.5
20.08.2021 00:44:07.467,0.7154,0.7153,1,1.5
20.08.2021 00:44:08.159,0.71539,0.7153,1,1
20.08.2021 00:44:14.481,0.71539,0.71529,1.5,1.5
20.08.2021 00:44:32.505,0.7154200000000001,0.7153100000000001,1,1
20.08.2021 00:44:32.606,0.71543,0.71533,3.39,1
20.08.2021 00:44:32.707,0.71544,0.7153200000000001,2.81,1
20.08.2021 00:44:41.248,0.71545,0.7153200000000001,4.69,1.5
20.08.2021 00:44:45.104,0.71544,0.71534,4.31,1
20.08.2021 00:44:52.110,0.71543,0.71533,4.39,1
20.08.2021 00:44:52.211,0.7154200000000001,0.71533,1,1
20.08.2021 00:44:53.843,0.7154200000000001,0.7153200000000001,2.06,1.5
20.08.2021 00:44:56.928,0.7154100000000001,0.7153,4.31,2.25
20.08.2021 00:44:57.029,0.7154100000000001,0.71529,1,1
20.08.2021 00:45:01.954,0.7154100000000001,0.71528,2.51,2.25
20.08.2021 00:45:02.407,0.7154,0.71528,1,2.25
20.08.2021 00:45:05.371,0.7154100000000001,0.71528,1.57,2.25
20.08.2021 00:45:05.615,0.7154100000000001,0.7153100000000001,1.12,1.5
20.08.2021 00:45:05.716,0.7154200000000001,0.7153200000000001,3.69,1
20.08.2021 00:45:05.818,0.71543,0.7153100000000001,3.56,1
20.08.2021 00:45:12.694,0.71544,0.7153100000000001,3.64,1
20.08.2021 00:45:14.140,0.71543,0.71533,3.56,1
20.08.2021 00:45:17.468,0.71544,0.7153100000000001,3.64,1.5
20.08.2021 00:45:20.843,0.71543,0.7153100000000001,1,1.5
20.08.2021 00:45:25.101,0.7154200000000001,0.7153100000000001,3.69,1.5
20.08.2021 00:45:33.153,0.7154,0.7153100000000001,1.12,1
20.08.2021 00:45:41.150,0.71543,0.71533,4.51,1
20.08.2021 00:45:41.252,0.71543,0.7153200000000001,3.64,1.5
20.08.2021 00:45:41.353,0.71543,0.7153200000000001,3.66,1.5
20.08.2021 00:45:41.686,0.71544,0.7153100000000001,2.89,1.5
20.08.2021 00:45:42.138,0.7154100000000001,0.7153200000000001,1,1.5
20.08.2021 00:45:42.239,0.7154100000000001,0.7153100000000001,1.57,1.5
20.08.2021 00:45:42.391,0.7154200000000001,0.7153200000000001,1.39,1
20.08.2021 00:45:43.344,0.71543,0.7153200000000001,2.14,2.25
20.08.2021 00:45:44.302,0.71543,0.71533,1.25,1.5
20.08.2021 00:45:44.403,0.71544,0.71533,2.7,1.5
20.08.2021 00:45:44.778,0.71544,0.71534,1.69,1
20.08.2021 00:45:47.030,0.71543,0.71533,1,1.5
20.08.2021 00:45:47.132,0.7154200000000001,0.7153,1.5,1.87
20.08.2021 00:45:50.581,0.7154,0.7153,1,1.5
20.08.2021 00:45:51.760,0.7154100000000001,0.7153,3.19,2.25
20.08.2021 00:45:52.013,0.7154200000000001,0.7153200000000001,2.62,1.5
20.08.2021 00:46:00.754,0.7154200000000001,0.71533,1,1
20.08.2021 00:46:03.216,0.71543,0.71533,1.87,1.5
20.08.2021 00:46:03.317,0.71545,0.7153200000000001,3.94,1.5
20.08.2021 00:46:03.520,0.71545,0.71533,1.87,1
20.08.2021 00:46:05.829,0.71543,0.71533,1.25,1.5
20.08.2021 00:46:07.487,0.71544,0.71533,3.56,1.5
20.08.2021 00:46:10.806,0.71544,0.71533,4.56,1.5
20.08.2021 00:46:11.370,0.71544,0.71533,3.56,1.5
20.08.2021 00:46:16.113,0.71545,0.71533,1,1.5
20.08.2021 00:46:16.214,0.71545,0.71535,1.31,1.5
20.08.2021 00:46:16.366,0.71544,0.71535,1,1
20.08.2021 00:46:25.062,0.71545,0.7153600000000001,1,1
20.08.2021 00:46:28.201,0.71548,0.71538,1,2.25
20.08.2021 00:46:28.251,0.71549,0.7154,1.31,1
20.08.2021 00:46:28.655,0.7155100000000001,0.71539,2.81,1.5
20.08.2021 00:46:45.811,0.7155100000000001,0.7154,1.31,1
20.08.2021 00:46:54.530,0.71552,0.71539,4.51,1.5
20.08.2021 00:47:00.627,0.7155100000000001,0.7154100000000001,3.87,1
20.08.2021 00:47:00.779,0.7155100000000001,0.7154100000000001,1.12,1
20.08.2021 00:47:01.746,0.71552,0.71544,1,1
20.08.2021 00:47:01.797,0.71553,0.7154100000000001,1,1.5
20.08.2021 00:47:02.051,0.71553,0.71543,2.81,1.5
20.08.2021 00:47:02.407,0.71554,0.71544,2.3,1
20.08.2021 00:47:02.523,0.71555,0.71543,1.8,1
20.08.2021 00:47:04.059,0.7155600000000001,0.71544,3.52,1
20.08.2021 00:47:16.377,0.71555,0.71545,2.81,1
20.08.2021 00:47:25.041,0.71555,0.71544,1,1
20.08.2021 00:47:26.757,0.71555,0.71543,1.5,1.25
20.08.2021 00:47:28.063,0.71554,0.71543,1.5,3.94
20.08.2021 00:47:28.356,0.71555,0.7154200000000001,1.5,4
20.08.2021 00:47:31.609,0.7155,0.7154100000000001,3,1.31
20.08.2021 00:47:31.710,0.71549,0.71539,1.5,2.94
20.08.2021 00:47:31.761,0.7155,0.71538,1.5,2.44
20.08.2021 00:47:32.914,0.71548,0.71538,1,3.25
20.08.2021 00:47:32.965,0.71545,0.71535,2.25,2.94
20.08.2021 00:47:33.167,0.71545,0.71535,2.32,1.69
20.08.2021 00:47:33.372,0.71545,0.71534,1,1.25
20.08.2021 00:47:38.505,0.71547,0.7153700000000001,1,3.25
