Gmt time,Ask,Bid,AskVolume,BidVolume
03.08.2021 00:00:00.123,0.73609,0.73599,1,1.57
03.08.2021 00:00:00.225,0.7360800000000001,0.736,1,1
03.08.2021 00:00:00.951,0.73612,0.73599,2.87,1
03.08.2021 00:00:03.563,0.73614,0.73602,2,1.1
03.08.2021 00:00:03.614,0.7361500000000001,0.73605,3.5,1
03.08.2021 00:00:03.716,0.73616,0.73605,2.06,1.1
03.08.2021 00:00:05.038,0.73614,0.73605,1,1.1
03.08.2021 00:00:05.180,0.73616,0.73604,1,1.1
03.08.2021 00:00:05.331,0.73614,0.73605,1,1.1
03.08.2021 00:00:07.227,0.7361500000000001,0.73605,1,1.57
03.08.2021 00:00:07.592,0.73614,0.73605,1,1.57
03.08.2021 00:00:08.529,0.73616,0.73604,1,1.57
03.08.2021 00:00:08.631,0.73616,0.73605,1,1
03.08.2021 00:00:08.733,0.73616,0.73606,1.25,1.57
03.08.2021 00:00:12.278,0.7361500000000001,0.73606,1,1.57
03.08.2021 00:00:15.343,0.73616,0.73606,2.81,1
03.08.2021 00:00:15.939,0.73617,0.73607,1.69,1.57
03.08.2021 00:00:16.041,0.73619,0.73607,2.06,1.1
03.08.2021 00:00:19.716,0.73619,0.7361000000000001,1,1.1
03.08.2021 00:00:19.817,0.73621,0.73611,2.06,1
03.08.2021 00:00:23.556,0.73621,0.73609,1,1.1
03.08.2021 00:00:24.726,0.7361800000000001,0.7361000000000001,1.25,1
03.08.2021 00:00:24.777,0.73617,0.73607,1.69,1.6
03.08.2021 00:00:24.878,0.7361800000000001,0.73606,2.06,1
03.08.2021 00:00:28.919,0.73616,0.73606,2.06,1.1
03.08.2021 00:00:31.224,0.73617,0.73606,1.25,1
03.08.2021 00:00:32.955,0.7361500000000001,0.73606,1.25,1
03.08.2021 00:00:33.108,0.73616,0.73604,1.25,1.57
03.08.2021 00:00:33.210,0.73614,0.73605,1,1.1
03.08.2021 00:00:33.312,0.73614,0.73604,1,1.57
03.08.2021 00:00:48.683,0.73617,0.73607,2.81,1
03.08.2021 00:00:51.541,0.7362000000000001,0.7361000000000001,2.25,3
03.08.2021 00:00:51.643,0.73622,0.73614,1.5,1
03.08.2021 00:00:53.216,0.73623,0.73614,1.25,1
03.08.2021 00:00:53.317,0.73623,0.7361300000000001,1.69,1.5
03.08.2021 00:00:53.544,0.73624,0.7361500000000001,1.69,1
03.08.2021 00:00:53.645,0.7362500000000001,0.7361500000000001,1.69,1
03.08.2021 00:00:54.056,0.73627,0.73616,2.69,1.87
03.08.2021 00:01:00.266,0.73627,0.73616,1,3.37
03.08.2021 00:01:02.534,0.73628,0.73619,1,1
03.08.2021 00:01:02.635,0.73629,0.73619,2.06,1
03.08.2021 00:01:03.298,0.7363000000000001,0.73619,1,1
03.08.2021 00:01:03.762,0.7363000000000001,0.7362000000000001,2.44,1
03.08.2021 00:01:08.757,0.73629,0.73619,1,1
03.08.2021 00:01:21.145,0.73629,0.7361800000000001,1.5,2.7
03.08.2021 00:01:22.185,0.73629,0.73617,1,1.5
03.08.2021 00:01:22.453,0.73627,0.7361800000000001,1,1
03.08.2021 00:01:22.998,0.73628,0.7361800000000001,1.5,1
03.08.2021 00:01:24.264,0.73628,0.73616,1,1.2
03.08.2021 00:01:27.102,0.73628,0.73617,2.44,1.5
03.08.2021 00:01:28.787,0.73628,0.73619,1,1
03.08.2021 00:01:28.889,0.7363000000000001,0.7361800000000001,1.69,1
03.08.2021 00:01:29.342,0.73628,0.73619,1,1
03.08.2021 00:01:29.443,0.73626,0.73616,1,1
03.08.2021 00:01:29.595,0.73626,0.73614,1,2.25
03.08.2021 00:01:29.696,0.73626,0.7361500000000001,1.69,2.32
03.08.2021 00:01:30.058,0.73627,0.73616,3.56,1
03.08.2021 00:01:33.064,0.7362500000000001,0.73616,1.25,1
03.08.2021 00:01:33.115,0.7362500000000001,0.7361300000000001,1,2.62
03.08.2021 00:01:33.626,0.7362500000000001,0.7361500000000001,1,1
03.08.2021 00:01:40.711,0.73626,0.7361500000000001,1.69,2.25
03.08.2021 00:01:43.693,0.73626,0.73614,1,1.5
03.08.2021 00:01:45.845,0.73624,0.7361500000000001,1,1.1
03.08.2021 00:01:45.946,0.7362500000000001,0.7361500000000001,1,1.1
03.08.2021 00:01:46.047,0.7362500000000001,0.73616,1,1
03.08.2021 00:01:46.910,0.73626,0.73616,1,1.95
03.08.2021 00:01:47.193,0.7362500000000001,0.73616,1,1.95
03.08.2021 00:01:48.265,0.73626,0.7361800000000001,1,1.5
03.08.2021 00:01:48.367,0.73629,0.73619,1,1
03.08.2021 00:01:48.468,0.73631,0.73623,1.5,1
03.08.2021 00:01:48.570,0.73632,0.73624,1,1
03.08.2021 00:01:49.570,0.7363500000000001,0.7362500000000001,1,1
03.08.2021 00:01:50.810,0.7363600000000001,0.73627,1,1
03.08.2021 00:01:52.002,0.73639,0.73629,1,2.32
03.08.2021 00:01:52.104,0.73639,0.7363000000000001,1,1.1
03.08.2021 00:01:52.205,0.7364,0.73632,1,1
03.08.2021 00:01:56.518,0.7364,0.7363000000000001,1,2.32
03.08.2021 00:01:57.615,0.7364,0.73628,1,2.32
03.08.2021 00:01:58.622,0.7364,0.73631,1,1
03.08.2021 00:01:58.826,0.7364,0.73632,1,1
03.08.2021 00:01:58.988,0.7364,0.73631,1,1
03.08.2021 00:02:00.411,0.7364,0.73632,1,1
03.08.2021 00:02:00.614,0.7364,0.73631,1,2.32
03.08.2021 00:02:02.757,0.73639,0.73631,1,1
03.08.2021 00:02:03.212,0.73639,0.7363000000000001,1,1
03.08.2021 00:02:03.273,0.73638,0.73629,1,3.07
03.08.2021 00:02:06.240,0.7363500000000001,0.73626,1,1.6
03.08.2021 00:02:06.291,0.7363500000000001,0.73626,1.5,1.1
03.08.2021 00:02:06.392,0.7363500000000001,0.7362500000000001,1,1
03.08.2021 00:02:06.606,0.73634,0.73623,1.5,1
03.08.2021 00:02:08.731,0.73634,0.73622,1.5,1.2
03.08.2021 00:02:10.122,0.73631,0.73623,1,1.2
03.08.2021 00:02:11.376,0.73629,0.73622,1,1
03.08.2021 00:02:11.580,0.73627,0.73619,1,2.7
03.08.2021 00:02:11.783,0.73626,0.7361800000000001,1,1.2
03.08.2021 00:02:13.114,0.7362500000000001,0.73616,1.5,3.07
03.08.2021 00:02:13.216,0.73624,0.7361500000000001,1,1.6
03.08.2021 00:02:13.317,0.73623,0.7361500000000001,1,1.1
03.08.2021 00:02:15.226,0.73622,0.7361500000000001,1,1
03.08.2021 00:02:16.310,0.73622,0.73611,1,2.1
03.08.2021 00:02:17.175,0.73622,0.7361500000000001,1,1
03.08.2021 00:02:17.328,0.73623,0.7361500000000001,1,1.1
03.08.2021 00:02:18.483,0.73624,0.7361300000000001,1.5,1.1
03.08.2021 00:02:19.318,0.73622,0.7361300000000001,1,1
03.08.2021 00:02:21.158,0.73622,0.7361500000000001,1,1
03.08.2021 00:02:23.493,0.73622,0.7361300000000001,1,1.95
03.08.2021 00:02:24.929,0.73622,0.7361300000000001,1,2.72
03.08.2021 00:02:25.717,0.73623,0.73614,1,1
03.08.2021 00:02:33.369,0.73623,0.7361300000000001,1,1
03.08.2021 00:02:38.770,0.73622,0.7361300000000001,1,1
03.08.2021 00:02:42.058,0.73621,0.7361300000000001,1,1.1
03.08.2021 00:02:42.234,0.7362000000000001,0.7361300000000001,1,2.32
03.08.2021 00:02:43.605,0.73621,0.7361300000000001,1,1.1
03.08.2021 00:02:43.707,0.73624,0.7361500000000001,1.5,2.25
03.08.2021 00:02:43.808,0.7362500000000001,0.7361500000000001,1,1.1
03.08.2021 00:02:43.909,0.7362500000000001,0.7361500000000001,1,1.57
03.08.2021 00:02:44.364,0.73624,0.7361500000000001,1,1.1
03.08.2021 00:02:47.244,0.73627,0.73616,1,1.57
03.08.2021 00:02:47.345,0.73626,0.7361800000000001,1,1
03.08.2021 00:02:47.447,0.73627,0.7361800000000001,1,1.1
03.08.2021 00:02:47.649,0.73627,0.73619,1,1
03.08.2021 00:02:50.809,0.73628,0.73617,1,2.7
03.08.2021 00:02:54.476,0.73627,0.7361800000000001,1,2.35
03.08.2021 00:02:56.767,0.73627,0.7361800000000001,1,3.45
03.08.2021 00:02:57.596,0.73627,0.7361800000000001,1,3.47
03.08.2021 00:03:00.943,0.73628,0.73617,1,1.95
03.08.2021 00:03:01.867,0.73627,0.7361800000000001,1,3.47
03.08.2021 00:03:01.968,0.7363000000000001,0.73622,1,1
03.08.2021 00:03:02.069,0.73632,0.73622,1,1.1
03.08.2021 00:03:02.171,0.73632,0.73623,1,1.2
03.08.2021 00:03:02.646,0.73632,0.73623,1,1.22
03.08.2021 00:03:02.849,0.73632,0.7362500000000001,1,1
03.08.2021 00:03:03.204,0.73634,0.7362500000000001,1,1.1
03.08.2021 00:03:03.755,0.73634,0.73624,1,1.1
03.08.2021 00:03:05.144,0.73634,0.7362500000000001,1,1.1
03.08.2021 00:03:07.222,0.73633,0.7362500000000001,1,1.2
03.08.2021 00:03:07.424,0.73634,0.7362500000000001,1,1.1
03.08.2021 00:03:08.302,0.7363500000000001,0.7362500000000001,1,1.22
03.08.2021 00:03:09.024,0.7363600000000001,0.7362500000000001,1,1.1
03.08.2021 00:03:09.530,0.73633,0.73621,1,1.95
03.08.2021 00:03:09.632,0.73629,0.7362000000000001,1.5,1.5
03.08.2021 00:03:09.784,0.7363000000000001,0.73619,1.5,1
03.08.2021 00:03:11.973,0.73626,0.73616,1,2.72
03.08.2021 00:03:12.074,0.73626,0.73614,1.5,1.97
03.08.2021 00:03:12.175,0.73624,0.7361500000000001,1,1.2
03.08.2021 00:03:15.320,0.7362500000000001,0.7361500000000001,1,1.2
03.08.2021 00:03:15.573,0.73624,0.7361500000000001,1,1.1
03.08.2021 00:03:15.725,0.73626,0.73614,1,1.1
03.08.2021 00:03:17.368,0.73627,0.73614,1.69,1.2
03.08.2021 00:03:17.780,0.7362500000000001,0.7361500000000001,1,1.2
03.08.2021 00:03:17.935,0.73627,0.73614,1.69,1.1
03.08.2021 00:03:19.763,0.73626,0.7361500000000001,1.5,1.1
03.08.2021 00:03:20.370,0.73628,0.7361800000000001,1.5,1.1
03.08.2021 00:03:32.442,0.73629,0.7362000000000001,1,1.1
03.08.2021 00:03:32.543,0.73631,0.7362000000000001,1,1.1
03.08.2021 00:03:35.434,0.73629,0.73622,1,1
03.08.2021 00:03:35.485,0.7363000000000001,0.73619,1,2.7
03.08.2021 00:03:35.586,0.7363000000000001,0.73621,1,1.5
03.08.2021 00:03:35.744,0.73631,0.73622,1,1
03.08.2021 00:03:36.435,0.7363000000000001,0.73622,1,1
03.08.2021 00:03:38.660,0.7363000000000001,0.73621,1,2.25
03.08.2021 00:03:38.761,0.73629,0.7362000000000001,1,1.5
03.08.2021 00:03:38.863,0.73628,0.73619,1,2.25
03.08.2021 00:03:43.152,0.73627,0.73619,1,1
03.08.2021 00:03:44.349,0.73628,0.73619,1,1
03.08.2021 00:03:55.551,0.73629,0.73619,1,1.57
03.08.2021 00:03:57.779,0.73632,0.73621,2.44,1
03.08.2021 00:03:58.931,0.7363000000000001,0.73621,1,1
03.08.2021 00:03:59.597,0.73629,0.7362000000000001,1,1.5
03.08.2021 00:03:59.956,0.73629,0.73619,1,1
03.08.2021 00:04:02.094,0.73629,0.7362000000000001,1,1
03.08.2021 00:04:06.521,0.7363000000000001,0.7362000000000001,1,1
03.08.2021 00:04:06.623,0.73631,0.73622,1,1
03.08.2021 00:04:08.731,0.73632,0.73622,1,1.95
03.08.2021 00:04:08.833,0.73633,0.73622,1,1.87
03.08.2021 00:04:24.629,0.7363000000000001,0.73622,1,1.12
03.08.2021 00:04:24.731,0.7363000000000001,0.7362000000000001,2.5,1
03.08.2021 00:04:24.782,0.73628,0.73619,1,1.5
03.08.2021 00:04:24.934,0.73628,0.7361800000000001,1,1.1
03.08.2021 00:04:27.638,0.73626,0.73616,1,2.82
03.08.2021 00:04:27.689,0.73626,0.7361500000000001,1.5,2.14
03.08.2021 00:04:28.472,0.73624,0.7361500000000001,1,1.87
03.08.2021 00:04:28.625,0.7362500000000001,0.7361500000000001,1,1.87
03.08.2021 00:04:30.826,0.7362500000000001,0.73616,1,1
03.08.2021 00:04:31.918,0.73626,0.73616,1.5,1
03.08.2021 00:04:32.020,0.73628,0.73617,1,1
03.08.2021 00:04:32.642,0.73629,0.73619,1,1.57
03.08.2021 00:04:32.744,0.7363000000000001,0.73619,1.5,2.32
03.08.2021 00:04:32.845,0.7363000000000001,0.7362000000000001,1.5,1
03.08.2021 00:04:34.126,0.73629,0.7362000000000001,1,1
03.08.2021 00:04:35.735,0.73629,0.73621,1,1
03.08.2021 00:04:35.836,0.7363000000000001,0.73619,1.5,1
03.08.2021 00:04:47.522,0.73628,0.7361800000000001,1.5,2.62
03.08.2021 00:04:47.624,0.73628,0.73616,3.44,3.57
03.08.2021 00:04:47.725,0.73628,0.73616,3.44,2.7
03.08.2021 00:04:47.827,0.73627,0.7361500000000001,1,1.12
03.08.2021 00:04:47.877,0.73624,0.73616,1,1.12
03.08.2021 00:04:47.979,0.73624,0.73614,1,1.95
03.08.2021 00:04:50.527,0.73624,0.7361300000000001,1,4.2
03.08.2021 00:04:50.680,0.73624,0.7361300000000001,1,4.6
03.08.2021 00:04:52.614,0.7362500000000001,0.7361500000000001,1,1.1
03.08.2021 00:04:52.716,0.73627,0.73616,2,1
03.08.2021 00:04:52.817,0.73627,0.73616,2.44,1.12
03.08.2021 00:04:52.969,0.73628,0.73614,3.19,2.7
03.08.2021 00:04:53.097,0.73626,0.7361500000000001,1,1.95
03.08.2021 00:04:54.885,0.73626,0.73616,1,1
03.08.2021 00:04:57.301,0.73626,0.7361500000000001,1,2.7
03.08.2021 00:04:58.457,0.73626,0.73614,1,1.2
03.08.2021 00:04:58.508,0.73624,0.73614,1,1.2
03.08.2021 00:04:58.610,0.7362500000000001,0.7361500000000001,1,1.2
03.08.2021 00:04:58.762,0.7362500000000001,0.73614,1,1
03.08.2021 00:05:01.098,0.73623,0.7361500000000001,1,1
03.08.2021 00:05:01.754,0.7362500000000001,0.7361500000000001,1,1
03.08.2021 00:05:02.428,0.73623,0.7361500000000001,1,1
03.08.2021 00:05:02.530,0.73623,0.73614,1,1
03.08.2021 00:05:02.632,0.73623,0.73612,1,1
03.08.2021 00:05:08.807,0.73623,0.7361500000000001,1.12,1
03.08.2021 00:05:11.627,0.73624,0.73616,1,1
03.08.2021 00:05:12.491,0.73627,0.73616,2.62,1.57
03.08.2021 00:05:12.593,0.73626,0.73616,1,1.57
03.08.2021 00:05:12.695,0.73627,0.7361500000000001,1,1.6
03.08.2021 00:05:12.978,0.73627,0.73616,2.25,1.1
03.08.2021 00:05:13.691,0.73626,0.73617,1,1.95
03.08.2021 00:05:13.792,0.73626,0.7361800000000001,1,1
03.08.2021 00:05:14.452,0.73628,0.7361800000000001,1.12,1.1
03.08.2021 00:05:32.215,0.7363000000000001,0.73617,1.87,1.57
03.08.2021 00:05:32.488,0.73627,0.7361800000000001,1,1.57
03.08.2021 00:05:41.865,0.7362500000000001,0.73616,1,1.1
03.08.2021 00:05:42.169,0.7362500000000001,0.7361500000000001,1,1.57
03.08.2021 00:05:43.020,0.7362500000000001,0.73614,1.25,1.57
03.08.2021 00:05:43.122,0.73623,0.73614,1,1.1
03.08.2021 00:05:46.187,0.73622,0.7361300000000001,1,1.1
03.08.2021 00:05:51.235,0.7362500000000001,0.7361300000000001,1,1.57
03.08.2021 00:05:51.437,0.7362500000000001,0.7361300000000001,1,1.6
03.08.2021 00:05:51.948,0.73623,0.7361300000000001,1,1
03.08.2021 00:05:52.254,0.73623,0.73612,1,3.26
03.08.2021 00:05:54.894,0.73623,0.7361300000000001,1,1.1
03.08.2021 00:06:01.931,0.7362500000000001,0.7361500000000001,1.5,1.1
03.08.2021 00:06:02.032,0.7362500000000001,0.7361500000000001,1,1.1
03.08.2021 00:06:06.039,0.73624,0.73614,1,1
03.08.2021 00:06:06.141,0.73624,0.7361300000000001,1.25,1.57
03.08.2021 00:06:08.573,0.73624,0.73614,1,1
03.08.2021 00:06:10.861,0.73624,0.7361500000000001,1,1
03.08.2021 00:06:11.907,0.7362500000000001,0.73616,1,1
03.08.2021 00:06:13.290,0.73624,0.73616,1,1
03.08.2021 00:06:14.581,0.73624,0.7361500000000001,1,2.25
03.08.2021 00:06:17.293,0.7362500000000001,0.7361300000000001,1,2.32
03.08.2021 00:06:21.808,0.7362500000000001,0.73616,1,1.57
03.08.2021 00:06:21.910,0.73627,0.73617,1.5,1
03.08.2021 00:06:22.011,0.73627,0.73617,1,1.1
03.08.2021 00:06:22.786,0.73627,0.7361800000000001,1,1
03.08.2021 00:06:37.234,0.73627,0.73617,1,1.95
03.08.2021 00:06:41.197,0.73628,0.73617,1.12,2.7
03.08.2021 00:06:43.132,0.73628,0.7361800000000001,1.12,1
03.08.2021 00:06:53.133,0.7362500000000001,0.73614,2.12,1.5
03.08.2021 00:06:53.184,0.73624,0.7361300000000001,2.06,1.1
03.08.2021 00:06:53.285,0.73624,0.73612,2.81,3.07
03.08.2021 00:06:53.336,0.73623,0.73611,1,2.7
03.08.2021 00:06:55.698,0.73624,0.7361500000000001,1,1
03.08.2021 00:06:55.800,0.73626,0.73614,1.12,1.1
03.08.2021 00:07:02.859,0.73623,0.7361300000000001,1,2.32
03.08.2021 00:07:09.796,0.73622,0.7361300000000001,1,1
03.08.2021 00:07:09.897,0.73622,0.73612,1,1.2
03.08.2021 00:07:13.026,0.73622,0.7361300000000001,1,1
03.08.2021 00:07:29.118,0.73623,0.73614,1,2.25
03.08.2021 00:07:29.872,0.7362500000000001,0.7361300000000001,1,2.25
03.08.2021 00:07:29.923,0.73627,0.73614,3.56,2.32
03.08.2021 00:07:48.349,0.73624,0.7361500000000001,1,1
03.08.2021 00:07:48.451,0.73623,0.73614,1,1.1
03.08.2021 00:07:50.260,0.7362500000000001,0.73614,2.19,1.1
03.08.2021 00:07:50.374,0.73626,0.73614,1.12,1.1
03.08.2021 00:07:54.585,0.7362500000000001,0.7361300000000001,1,1.1
03.08.2021 00:07:54.687,0.73624,0.7361500000000001,1,1
03.08.2021 00:07:54.788,0.73626,0.73614,1.12,1.1
03.08.2021 00:08:03.726,0.73624,0.7361500000000001,1,1
03.08.2021 00:08:12.301,0.7362500000000001,0.7361500000000001,1.12,1
03.08.2021 00:08:28.936,0.7362500000000001,0.73614,2.19,1.57
03.08.2021 00:08:29.253,0.73624,0.7361300000000001,1.12,2.32
03.08.2021 00:08:32.041,0.73624,0.7361300000000001,3.69,1.57
03.08.2021 00:08:32.302,0.73624,0.7361300000000001,2.06,1.57
03.08.2021 00:08:39.196,0.73624,0.73614,1,1.5
03.08.2021 00:08:39.298,0.73626,0.7361300000000001,2.81,2.32
03.08.2021 00:08:49.485,0.7362500000000001,0.73614,2.94,2.32
03.08.2021 00:08:51.288,0.7362500000000001,0.73614,2.81,1.57
03.08.2021 00:08:58.093,0.7362500000000001,0.73614,2.94,2.32
03.08.2021 00:08:58.884,0.7362500000000001,0.73614,2.81,1.57
03.08.2021 00:09:10.342,0.73624,0.73614,2.06,1.1
03.08.2021 00:09:10.443,0.7362500000000001,0.73612,2.81,2.32
03.08.2021 00:09:12.156,0.7362500000000001,0.7361300000000001,2.06,1
03.08.2021 00:09:27.612,0.73623,0.73614,1,1
03.08.2021 00:09:27.864,0.73624,0.73612,1,1.57
03.08.2021 00:09:27.966,0.73622,0.7361000000000001,1,1.57
03.08.2021 00:09:28.118,0.7362000000000001,0.73611,1,1
03.08.2021 00:09:28.219,0.7362000000000001,0.7361000000000001,1,1.57
03.08.2021 00:09:31.309,0.7362000000000001,0.73611,1.31,1
03.08.2021 00:09:31.662,0.73619,0.73609,1,1.5
03.08.2021 00:09:31.763,0.73619,0.73607,1.12,1.57
03.08.2021 00:09:39.297,0.7361800000000001,0.73607,1.31,3.45
03.08.2021 00:09:39.500,0.73619,0.73606,2.37,2.32
03.08.2021 00:09:39.652,0.7361800000000001,0.73606,3.06,1
03.08.2021 00:09:39.754,0.73617,0.73606,3.19,1.57
03.08.2021 00:09:40.035,0.73617,0.73605,1.75,1
03.08.2021 00:09:40.771,0.73616,0.73606,1.31,1
03.08.2021 00:10:00.347,0.7361500000000001,0.73605,1.31,1
03.08.2021 00:10:00.448,0.7361500000000001,0.7360300000000001,1,1.57
03.08.2021 00:10:12.583,0.7361500000000001,0.73605,3.56,1
03.08.2021 00:10:29.737,0.73616,0.73606,3.01,1
03.08.2021 00:10:29.839,0.7361800000000001,0.73609,1.5,1
03.08.2021 00:10:29.991,0.7361800000000001,0.73609,1.12,1
03.08.2021 00:10:34.717,0.73621,0.73611,1.6,3.19
03.08.2021 00:10:34.818,0.73621,0.73612,1.5,1
03.08.2021 00:10:34.921,0.73621,0.73612,1.5,1
03.08.2021 00:10:35.094,0.73621,0.73612,1.12,1
03.08.2021 00:10:40.524,0.73621,0.73611,1.12,1.5
03.08.2021 00:10:43.349,0.73623,0.73611,3.76,1
03.08.2021 00:10:43.450,0.7362500000000001,0.7361500000000001,2.32,1
03.08.2021 00:10:43.553,0.73627,0.7361500000000001,1.5,1.69
03.08.2021 00:10:43.655,0.73628,0.73619,1.1,1
03.08.2021 00:10:43.705,0.73628,0.73617,1.57,2.44
03.08.2021 00:10:48.114,0.7363000000000001,0.73617,1.95,3.44
03.08.2021 00:10:48.720,0.73632,0.7362000000000001,1.12,1.69
03.08.2021 00:10:48.822,0.73633,0.73624,1.12,1
03.08.2021 00:10:48.923,0.73634,0.73626,1,1
03.08.2021 00:10:49.075,0.73637,0.73627,2.62,1.57
03.08.2021 00:10:49.126,0.73637,0.73629,1.87,1
03.08.2021 00:10:49.228,0.7364,0.73628,3.07,1
03.08.2021 00:10:50.638,0.7364100000000001,0.7363000000000001,2.82,2.62
03.08.2021 00:10:50.739,0.7364100000000001,0.73631,2,1
03.08.2021 00:10:50.841,0.73642,0.7363000000000001,1,1.76
03.08.2021 00:10:52.424,0.7364100000000001,0.73632,1,1
03.08.2021 00:10:52.753,0.7364100000000001,0.73631,1,1.76
03.08.2021 00:10:53.929,0.73642,0.73631,1,1
03.08.2021 00:10:59.289,0.73644,0.73631,2.07,1
03.08.2021 00:11:01.097,0.73644,0.73634,2,1
03.08.2021 00:11:01.300,0.73644,0.73634,1.87,1.5
03.08.2021 00:11:08.486,0.7364700000000001,0.7363600000000001,1,1
03.08.2021 00:11:08.638,0.7364700000000001,0.73637,1.12,1
03.08.2021 00:11:09.042,0.7364700000000001,0.7363600000000001,1.12,2.51
03.08.2021 00:11:09.143,0.73645,0.73634,2.82,1
03.08.2021 00:11:09.948,0.73644,0.73633,1.12,1
03.08.2021 00:11:10.101,0.73644,0.73632,1.87,1.5
03.08.2021 00:11:10.354,0.73644,0.73632,2.07,1.5
03.08.2021 00:11:11.259,0.73644,0.73632,3.65,1
03.08.2021 00:11:13.961,0.73643,0.73633,2.82,1
03.08.2021 00:11:16.715,0.73644,0.73634,1.87,2.44
03.08.2021 00:11:16.817,0.73645,0.7363500000000001,1.65,1
03.08.2021 00:11:16.919,0.7364700000000001,0.73638,2.25,1
03.08.2021 00:11:17.020,0.73648,0.73638,1,1.69
03.08.2021 00:11:17.123,0.73649,0.73639,1,1
03.08.2021 00:11:30.801,0.73649,0.73639,4.32,1
03.08.2021 00:11:31.003,0.73648,0.73639,1.5,1
03.08.2021 00:11:31.274,0.73649,0.73638,1.12,1
03.08.2021 00:11:37.607,0.73649,0.73639,1.95,1
03.08.2021 00:11:40.297,0.73648,0.73639,1,1
03.08.2021 00:11:40.399,0.73649,0.73639,2.7,1
03.08.2021 00:11:45.242,0.73649,0.73639,2.82,1
03.08.2021 00:11:47.113,0.73653,0.7364,3.07,1.76
03.08.2021 00:11:47.214,0.73653,0.73642,2.92,1
03.08.2021 00:11:47.315,0.73653,0.73642,2.4,1
03.08.2021 00:11:47.417,0.73653,0.73644,1.2,1.25
03.08.2021 00:11:47.518,0.7365600000000001,0.73643,4.84,1.5
03.08.2021 00:11:48.329,0.7365600000000001,0.7364600000000001,2.25,3.5
03.08.2021 00:11:48.430,0.73659,0.7365,1.7,1
03.08.2021 00:11:48.532,0.73659,0.7365,1,1.25
03.08.2021 00:11:54.197,0.73659,0.73649,2.51,1
03.08.2021 00:11:54.299,0.73658,0.73648,2.44,1
03.08.2021 00:11:54.505,0.7365700000000001,0.73648,1.25,1
03.08.2021 00:11:54.557,0.7365600000000001,0.73645,2.51,2
03.08.2021 00:11:54.658,0.73655,0.73645,1.69,1
03.08.2021 00:11:54.760,0.73654,0.7364600000000001,1.25,1
03.08.2021 00:11:56.860,0.73654,0.73643,2.76,1
03.08.2021 00:11:56.961,0.7365200000000001,0.73643,1.46,1
03.08.2021 00:11:58.936,0.7365,0.7364100000000001,1.69,1.5
03.08.2021 00:12:01.526,0.7365200000000001,0.73643,2.81,1
03.08.2021 00:12:01.628,0.73653,0.7364600000000001,1.25,1
03.08.2021 00:12:01.729,0.73654,0.7364600000000001,2.44,1
03.08.2021 00:12:07.587,0.7365600000000001,0.73645,2.89,1
03.08.2021 00:12:12.687,0.73655,0.73645,1.25,1
03.08.2021 00:12:13.265,0.73654,0.73645,1.25,1
03.08.2021 00:12:23.957,0.73655,0.73645,2.89,1
03.08.2021 00:12:31.652,0.7365600000000001,0.7364600000000001,1.12,1.25
03.08.2021 00:12:32.587,0.73658,0.73648,1,1
03.08.2021 00:12:32.688,0.7366,0.73648,1.39,1
03.08.2021 00:12:32.789,0.7366,0.73649,3.26,1.5
03.08.2021 00:12:38.504,0.7366100000000001,0.7365,4.95,1.69
03.08.2021 00:12:38.605,0.73658,0.73648,2.44,1.12
03.08.2021 00:12:38.707,0.73655,0.7364600000000001,1,1
03.08.2021 00:12:38.808,0.73655,0.73645,1,1
03.08.2021 00:12:40.496,0.7365600000000001,0.73643,3.01,1
03.08.2021 00:12:41.109,0.73653,0.73644,1,1
03.08.2021 00:12:42.145,0.73653,0.73643,1,1.5
03.08.2021 00:12:44.348,0.73653,0.73642,2.32,1.5
03.08.2021 00:12:44.450,0.7365100000000001,0.7364,2.32,1.12
03.08.2021 00:12:50.482,0.73654,0.73642,1.12,2.32
03.08.2021 00:12:50.583,0.73654,0.73644,1.5,1
03.08.2021 00:12:50.684,0.73654,0.73644,1,1
03.08.2021 00:12:53.569,0.73655,0.73644,2.25,3.45
03.08.2021 00:13:04.101,0.73655,0.73645,1.5,1
03.08.2021 00:13:04.465,0.7365600000000001,0.73645,1.5,2.32
03.08.2021 00:13:12.594,0.73655,0.73645,1,1.76
03.08.2021 00:13:15.555,0.7365600000000001,0.7364700000000001,1,1
03.08.2021 00:13:15.695,0.7365700000000001,0.7364700000000001,1,1
03.08.2021 00:13:15.796,0.7365700000000001,0.73648,1,1.25
03.08.2021 00:13:18.692,0.73658,0.73648,1,1.69
03.08.2021 00:13:23.425,0.7366,0.73649,1,1.69
03.08.2021 00:13:23.999,0.73658,0.73648,1,1.69
03.08.2021 00:13:24.100,0.7365700000000001,0.7364700000000001,1.5,1.12
03.08.2021 00:13:24.202,0.7365600000000001,0.7364700000000001,1,1
03.08.2021 00:13:24.404,0.7365600000000001,0.7364600000000001,1,1.5
03.08.2021 00:13:25.433,0.73655,0.73645,1,1
03.08.2021 00:13:34.044,0.7365600000000001,0.7364600000000001,1.5,1
03.08.2021 00:13:47.578,0.7365700000000001,0.73644,1.57,1.5
03.08.2021 00:13:47.679,0.73655,0.73645,1,1.5
03.08.2021 00:13:47.881,0.7365700000000001,0.73644,1.87,2.44
03.08.2021 00:13:50.313,0.7365700000000001,0.73645,1,2.62
03.08.2021 00:13:53.741,0.73659,0.7364700000000001,1.12,1
03.08.2021 00:13:53.944,0.7366,0.73648,1.5,1
03.08.2021 00:14:01.638,0.7366,0.73649,1,1
03.08.2021 00:14:04.102,0.73662,0.7365100000000001,1,1.5
03.08.2021 00:14:04.153,0.73664,0.7365100000000001,5.14,1.5
03.08.2021 00:14:04.254,0.73662,0.7365200000000001,1,1
03.08.2021 00:14:06.051,0.73663,0.7365200000000001,4.39,1
03.08.2021 00:14:07.661,0.73662,0.7365100000000001,1,2.44
03.08.2021 00:14:09.021,0.73663,0.7365100000000001,4.39,2.44
03.08.2021 00:14:09.320,0.7366100000000001,0.7365100000000001,1,1.5
03.08.2021 00:14:12.746,0.73662,0.7365100000000001,1,1
03.08.2021 00:14:19.217,0.73662,0.7365200000000001,1.5,1
03.08.2021 00:14:19.318,0.73662,0.73653,1,1
03.08.2021 00:14:19.673,0.73662,0.7365200000000001,1,1.5
03.08.2021 00:14:20.742,0.73662,0.73653,1,1
03.08.2021 00:14:37.197,0.73662,0.7365200000000001,1,1.5
03.08.2021 00:14:39.624,0.7366100000000001,0.7365100000000001,1,1
03.08.2021 00:14:43.398,0.7366,0.73649,1,1
03.08.2021 00:14:43.499,0.73659,0.73649,1.1,1.5
03.08.2021 00:14:43.860,0.73659,0.73648,2.32,1.5
03.08.2021 00:14:43.962,0.73658,0.73648,1.1,1
03.08.2021 00:14:44.164,0.73658,0.7364700000000001,1,1
03.08.2021 00:14:50.052,0.73659,0.73648,3.97,1
03.08.2021 00:15:01.384,0.7366,0.7365,1.1,1
03.08.2021 00:15:01.940,0.7366,0.7365,1.62,1
03.08.2021 00:15:02.244,0.7366,0.7365,1.12,1
03.08.2021 00:15:04.296,0.73663,0.7365200000000001,1,1
03.08.2021 00:15:04.397,0.73665,0.73653,2,1.5
03.08.2021 00:15:04.499,0.73664,0.73654,1.5,1.5
03.08.2021 00:15:04.600,0.73664,0.73655,1,1
03.08.2021 00:15:04.651,0.7366600000000001,0.73655,2.51,1.5
03.08.2021 00:15:04.752,0.73664,0.73655,1,1
03.08.2021 00:15:04.854,0.7366600000000001,0.7365600000000001,1.12,1
03.08.2021 00:15:04.955,0.73667,0.7365600000000001,1.57,1
03.08.2021 00:15:11.858,0.73668,0.73658,2.62,1
03.08.2021 00:15:11.960,0.7367,0.73658,2,1
03.08.2021 00:15:12.062,0.73669,0.73659,1.5,1.5
03.08.2021 00:15:12.835,0.7367100000000001,0.73659,1.5,1.5
03.08.2021 00:15:12.937,0.7367,0.7366100000000001,1.5,1
03.08.2021 00:15:14.341,0.7367,0.7366,1,1.5
03.08.2021 00:15:14.799,0.73669,0.7366,1,1.5
03.08.2021 00:15:15.216,0.73668,0.73658,1.5,1.5
03.08.2021 00:15:16.667,0.73667,0.73658,1,1
03.08.2021 00:15:19.313,0.73667,0.7365700000000001,1.5,1
03.08.2021 00:15:19.465,0.73668,0.7365600000000001,1.5,1
03.08.2021 00:15:19.967,0.73667,0.7365700000000001,1.12,1
03.08.2021 00:15:23.167,0.73668,0.73658,1.12,1
03.08.2021 00:15:23.269,0.73669,0.73658,1.12,1
03.08.2021 00:15:24.147,0.73669,0.7365600000000001,1.5,1.2
03.08.2021 00:15:29.106,0.73668,0.7365700000000001,2.45,1
03.08.2021 00:15:30.110,0.73668,0.7365700000000001,1.87,1.1
03.08.2021 00:15:31.426,0.73669,0.7365700000000001,1.87,1
03.08.2021 00:15:39.134,0.73667,0.7365700000000001,1,1
03.08.2021 00:15:39.384,0.73668,0.7365700000000001,2.25,1.1
03.08.2021 00:15:39.536,0.73668,0.73659,1.5,1
03.08.2021 00:15:43.575,0.73669,0.7365700000000001,2.25,1
03.08.2021 00:15:47.390,0.73668,0.73658,2,1
03.08.2021 00:15:48.390,0.73668,0.73658,2.25,1
03.08.2021 00:15:49.361,0.73665,0.73655,1,1.5
03.08.2021 00:15:51.787,0.73665,0.7365600000000001,1,1
03.08.2021 00:15:53.732,0.73667,0.73655,1.5,1
03.08.2021 00:15:54.086,0.73667,0.7365600000000001,1,1.57
03.08.2021 00:15:54.836,0.73667,0.73655,1,1.1
03.08.2021 00:15:59.755,0.7366600000000001,0.73655,1,3.07
03.08.2021 00:15:59.856,0.73665,0.73655,1,1.57
03.08.2021 00:16:00.893,0.73665,0.7365600000000001,1,1
03.08.2021 00:16:01.016,0.7366600000000001,0.7365600000000001,1,1.5
03.08.2021 00:16:01.117,0.73667,0.7365700000000001,1.87,1
03.08.2021 00:16:02.385,0.73667,0.7365600000000001,1.5,1.57
03.08.2021 00:16:03.051,0.73668,0.7365600000000001,1.5,1
03.08.2021 00:16:04.638,0.7366600000000001,0.7365700000000001,1,1
03.08.2021 00:16:07.036,0.7366600000000001,0.7365600000000001,1,1.1
03.08.2021 00:16:11.773,0.73669,0.73658,2.75,1.57
03.08.2021 00:16:11.876,0.7367,0.73658,2.25,1
03.08.2021 00:16:12.394,0.7367,0.73659,1.5,1
03.08.2021 00:16:12.495,0.7367,0.73658,1.5,1.1
03.08.2021 00:16:14.482,0.7367100000000001,0.7366100000000001,1.5,1
03.08.2021 00:16:19.531,0.7367100000000001,0.73662,1,1
03.08.2021 00:16:22.581,0.7367100000000001,0.7366100000000001,1.5,1
03.08.2021 00:16:27.769,0.7367100000000001,0.7366,1.5,2.7
03.08.2021 00:16:28.889,0.7367100000000001,0.7366,1.5,2.72
03.08.2021 00:16:44.443,0.7367,0.7366,1.5,1.5
03.08.2021 00:16:57.931,0.7367100000000001,0.7366100000000001,1.5,1
03.08.2021 00:17:08.957,0.7367,0.7366,1,1.57
03.08.2021 00:17:18.798,0.73669,0.7366,1,1
03.08.2021 00:17:21.196,0.7367100000000001,0.73659,1.5,1
03.08.2021 00:17:21.705,0.7367,0.73659,2.25,1.2
03.08.2021 00:17:21.958,0.7367100000000001,0.73659,1.5,1
03.08.2021 00:17:23.809,0.7367100000000001,0.7366100000000001,1,1.1
03.08.2021 00:17:25.042,0.73674,0.73663,2.25,2.7
03.08.2021 00:17:27.886,0.73675,0.73663,1,1
03.08.2021 00:17:31.396,0.7367600000000001,0.73665,1,1
03.08.2021 00:17:31.498,0.73677,0.73665,1.5,1
03.08.2021 00:17:32.020,0.7367600000000001,0.73665,1.5,1.01
03.08.2021 00:17:33.334,0.73677,0.7366600000000001,1,1.5
03.08.2021 00:17:33.549,0.7367800000000001,0.73667,2.7,1
03.08.2021 00:17:34.489,0.7367800000000001,0.73668,1,1.1
03.08.2021 00:17:34.591,0.73679,0.73668,1.5,1.76
03.08.2021 00:17:34.844,0.7368100000000001,0.73668,1,1.76
03.08.2021 00:17:41.504,0.7368100000000001,0.73669,1,1
03.08.2021 00:17:41.759,0.73682,0.7367100000000001,2.62,1
03.08.2021 00:17:41.861,0.73684,0.7367300000000001,1.5,2.51
03.08.2021 00:17:42.218,0.73685,0.7367300000000001,2.25,2.89
03.08.2021 00:17:42.472,0.73685,0.7367300000000001,2.25,3.89
03.08.2021 00:17:42.574,0.73685,0.7367300000000001,2.25,2.89
03.08.2021 00:17:44.391,0.73685,0.73674,1,2.44
03.08.2021 00:17:44.492,0.7368600000000001,0.73675,2.7,1
03.08.2021 00:17:47.947,0.73685,0.73674,1,2.06
03.08.2021 00:17:51.372,0.73684,0.73674,1,1.39
03.08.2021 00:17:52.085,0.73684,0.73675,1,1
03.08.2021 00:17:55.258,0.7368600000000001,0.73675,1.5,3.37
03.08.2021 00:17:55.360,0.7368600000000001,0.73675,1,2.26
03.08.2021 00:17:55.462,0.73685,0.73675,1,2.07
03.08.2021 00:17:55.564,0.73685,0.73675,1.5,1
03.08.2021 00:17:59.153,0.73685,0.73674,1.5,2.06
03.08.2021 00:17:59.254,0.73684,0.73674,1,1.69
03.08.2021 00:18:00.280,0.7368300000000001,0.73674,1,1
03.08.2021 00:18:00.722,0.7368300000000001,0.7367300000000001,1,1
03.08.2021 00:18:05.798,0.7368,0.7367,1,3.5
03.08.2021 00:18:05.848,0.7367800000000001,0.73669,1.5,1.5
03.08.2021 00:18:05.951,0.73674,0.73664,1,2.62
03.08.2021 00:18:06.053,0.73674,0.73663,1,5.31
03.08.2021 00:18:06.104,0.73674,0.73667,1,1
03.08.2021 00:18:13.031,0.7367300000000001,0.73663,1,1.25
03.08.2021 00:18:13.133,0.7367300000000001,0.7366100000000001,1.5,1.31
03.08.2021 00:18:13.234,0.7367100000000001,0.7366100000000001,1,1
03.08.2021 00:18:13.336,0.7367,0.7366100000000001,1,1
03.08.2021 00:18:20.144,0.7367,0.7366,1.5,1
03.08.2021 00:18:20.346,0.73668,0.73659,1,1
03.08.2021 00:18:21.368,0.73668,0.7366,1,1
03.08.2021 00:18:21.470,0.73669,0.7366,1,1
03.08.2021 00:18:23.450,0.7367,0.7366,1,1
03.08.2021 00:18:27.309,0.73672,0.73662,1,1.31
03.08.2021 00:18:27.410,0.7367600000000001,0.73662,5,2.81
03.08.2021 00:18:27.512,0.73675,0.73663,3,3.31
03.08.2021 00:18:27.765,0.7367600000000001,0.73664,1.5,1
03.08.2021 00:18:36.550,0.73674,0.73663,1,2.62
03.08.2021 00:18:37.532,0.73675,0.73664,1.5,1.5
03.08.2021 00:18:50.489,0.73677,0.73667,1.12,1.12
03.08.2021 00:18:50.591,0.7367800000000001,0.73668,1,1.25
03.08.2021 00:18:52.104,0.73679,0.73668,1.5,1.69
03.08.2021 00:18:53.035,0.73679,0.73669,1,1
03.08.2021 00:19:02.953,0.73684,0.73672,1.5,1.25
03.08.2021 00:19:03.055,0.73685,0.73672,2.75,3.44
03.08.2021 00:19:03.156,0.73684,0.7367300000000001,2.25,3.06
03.08.2021 00:19:03.526,0.73684,0.7367300000000001,3,1.31
03.08.2021 00:19:03.779,0.73684,0.73674,1.5,1.69
03.08.2021 00:19:03.930,0.73684,0.73675,1,1
03.08.2021 00:19:04.082,0.73685,0.73675,1,1.25
03.08.2021 00:19:11.693,0.73685,0.7367600000000001,1,1
03.08.2021 00:19:11.945,0.73685,0.73675,1,2.06
03.08.2021 00:19:12.841,0.7368600000000001,0.7367600000000001,1,1.5
03.08.2021 00:19:13.063,0.73685,0.7367600000000001,1,1
03.08.2021 00:19:15.511,0.73685,0.73675,1,1.69
03.08.2021 00:19:16.817,0.7368600000000001,0.73672,2.25,2.94
03.08.2021 00:19:16.919,0.73685,0.7367300000000001,2.32,2.62
03.08.2021 00:19:18.941,0.73684,0.73672,1,1.87
03.08.2021 00:19:19.043,0.73682,0.73672,1,1
03.08.2021 00:19:19.144,0.73682,0.7367,1,1.12
03.08.2021 00:19:19.246,0.7368100000000001,0.7367,1,2.62
03.08.2021 00:19:31.831,0.7368100000000001,0.7367100000000001,1,1
03.08.2021 00:19:32.928,0.7368100000000001,0.7367,1,3
03.08.2021 00:19:45.997,0.73684,0.73672,2.25,1.12
03.08.2021 00:19:46.099,0.73684,0.7367300000000001,2.25,2.62
03.08.2021 00:19:58.935,0.7368300000000001,0.7367300000000001,1,1.87
03.08.2021 00:20:04.074,0.73682,0.7367100000000001,1,1.5
03.08.2021 00:20:04.176,0.7368,0.7367,1,1
03.08.2021 00:20:04.429,0.73679,0.73669,1,1.87
03.08.2021 00:20:04.582,0.73679,0.73668,1,2.06
03.08.2021 00:20:06.082,0.7367600000000001,0.73667,1,1
03.08.2021 00:20:06.184,0.73674,0.7366600000000001,1,1.12
03.08.2021 00:20:06.285,0.73674,0.73664,1,1.69
03.08.2021 00:20:07.540,0.73674,0.73665,1,1
03.08.2021 00:20:07.693,0.73674,0.73662,1,1.87
03.08.2021 00:20:09.438,0.7367,0.7366100000000001,1,2.75
03.08.2021 00:20:09.642,0.7367,0.7366,1,1.12
03.08.2021 00:20:11.166,0.73672,0.7366100000000001,1,4.14
03.08.2021 00:20:11.267,0.7367300000000001,0.7366100000000001,2.44,5.64
03.08.2021 00:20:12.781,0.7367300000000001,0.73662,1,2.64
03.08.2021 00:20:12.984,0.7367300000000001,0.73662,1,2.51
03.08.2021 00:20:15.577,0.7367300000000001,0.73663,1,1.25
03.08.2021 00:20:21.124,0.7367300000000001,0.73664,1,1
03.08.2021 00:20:21.519,0.73675,0.7366600000000001,1,1
03.08.2021 00:20:21.671,0.7367600000000001,0.7366600000000001,1.12,1
03.08.2021 00:20:21.773,0.7367800000000001,0.73665,2.25,1
03.08.2021 00:20:22.026,0.7367600000000001,0.7366600000000001,1,1
03.08.2021 00:20:22.616,0.73677,0.7366600000000001,2.25,1
03.08.2021 00:20:22.970,0.7367800000000001,0.73667,1.5,2.89
03.08.2021 00:20:23.172,0.7367800000000001,0.73667,1.5,3.39
03.08.2021 00:20:26.567,0.7367800000000001,0.73667,1,2.44
03.08.2021 00:20:27.791,0.7367800000000001,0.73667,1,2.64
03.08.2021 00:20:37.248,0.7368,0.73668,1,1
03.08.2021 00:20:38.796,0.73679,0.73668,1,2.89
03.08.2021 00:20:40.163,0.73677,0.7366600000000001,1.5,2.75
03.08.2021 00:20:40.367,0.7367800000000001,0.73665,1.5,1.12
03.08.2021 00:20:41.250,0.73677,0.73667,1,1.31
03.08.2021 00:20:41.351,0.7367800000000001,0.73667,1.5,2.06
03.08.2021 00:20:42.754,0.7367800000000001,0.73667,1,3.31
03.08.2021 00:20:53.550,0.7368,0.73667,2.25,2.06
03.08.2021 00:20:54.353,0.73679,0.73669,1.12,1
03.08.2021 00:20:54.609,0.7368100000000001,0.73669,1.62,1
03.08.2021 00:20:54.711,0.73679,0.7367,1,1
03.08.2021 00:20:55.638,0.7368,0.7367,1.7,1
03.08.2021 00:20:56.701,0.7368,0.7367,1.1,1
03.08.2021 00:20:56.803,0.7368,0.7367100000000001,1.62,1
03.08.2021 00:20:56.904,0.7368,0.7367100000000001,1,1
03.08.2021 00:20:57.005,0.73682,0.7367,1.5,1
03.08.2021 00:21:01.933,0.73682,0.7367300000000001,1.12,1
03.08.2021 00:21:05.119,0.7368100000000001,0.73672,1.12,1
03.08.2021 00:21:07.104,0.7368,0.7367,1,1.5
03.08.2021 00:21:09.632,0.7368100000000001,0.73672,1.12,1.5
03.08.2021 00:21:09.784,0.7368,0.7367,1,2
03.08.2021 00:21:09.885,0.7368,0.7367,1,1.5
03.08.2021 00:21:11.547,0.7368,0.73672,1,1
03.08.2021 00:21:21.716,0.7368100000000001,0.73672,1,1.31
03.08.2021 00:21:30.222,0.73682,0.73672,1,1.69
03.08.2021 00:21:30.323,0.73682,0.7367300000000001,1,1
03.08.2021 00:21:30.844,0.73682,0.73672,1,1.69
03.08.2021 00:21:48.994,0.7368,0.7367100000000001,1,1.5
03.08.2021 00:21:49.095,0.7368100000000001,0.73669,1,2.44
03.08.2021 00:21:50.120,0.73679,0.73669,1,1
03.08.2021 00:21:51.596,0.7368,0.73669,1,1
03.08.2021 00:22:05.991,0.73679,0.73672,1,1.5
03.08.2021 00:22:06.042,0.7368300000000001,0.7367300000000001,1,1
03.08.2021 00:22:06.144,0.73684,0.73674,1.87,3.19
03.08.2021 00:22:06.245,0.73685,0.7367600000000001,1,1
03.08.2021 00:22:06.297,0.73687,0.73677,1.12,3.37
03.08.2021 00:22:08.434,0.7368600000000001,0.73677,1,1.12
03.08.2021 00:22:10.572,0.73687,0.7367800000000001,1,1
03.08.2021 00:22:14.164,0.73689,0.7368100000000001,1,1
03.08.2021 00:22:14.266,0.7369300000000001,0.73684,1.5,1.5
03.08.2021 00:22:14.368,0.7369300000000001,0.7368600000000001,1,1
03.08.2021 00:22:14.469,0.7369600000000001,0.73684,1,2.44
03.08.2021 00:22:14.571,0.7369600000000001,0.7368800000000001,1,1
03.08.2021 00:22:14.621,0.7369800000000001,0.7368800000000001,1.5,1.25
03.08.2021 00:22:14.825,0.7369800000000001,0.73687,1,1.69
03.08.2021 00:22:16.397,0.7369600000000001,0.7368600000000001,1,1.94
03.08.2021 00:22:19.464,0.73695,0.7368600000000001,1,1
03.08.2021 00:22:19.515,0.73695,0.73684,1,4.31
03.08.2021 00:22:19.617,0.73695,0.73684,1,5.31
03.08.2021 00:22:21.597,0.73695,0.73685,1,3.44
03.08.2021 00:22:21.749,0.73695,0.73685,1,1.31
03.08.2021 00:22:23.102,0.7369600000000001,0.7368600000000001,1,1.25
03.08.2021 00:22:23.203,0.73697,0.7368600000000001,1.5,1.69
03.08.2021 00:22:23.304,0.73697,0.73687,1,1.69
03.08.2021 00:22:30.128,0.7369800000000001,0.73689,1,2.06
03.08.2021 00:22:33.134,0.73699,0.7368800000000001,1,1.94
03.08.2021 00:22:33.438,0.7369800000000001,0.7368800000000001,1,5.31
03.08.2021 00:22:37.314,0.7369800000000001,0.7368800000000001,1,4.31
03.08.2021 00:22:37.942,0.7369800000000001,0.73689,1,1.25
03.08.2021 00:22:38.044,0.73702,0.7369300000000001,2.75,1.69
03.08.2021 00:22:38.145,0.73702,0.73692,2.75,1
03.08.2021 00:22:38.247,0.73701,0.7369100000000001,1.12,1
03.08.2021 00:22:38.349,0.737,0.73689,1,3.69
03.08.2021 00:22:38.451,0.73701,0.7368800000000001,1,3.56
03.08.2021 00:22:40.633,0.73699,0.73689,1,2.81
03.08.2021 00:22:41.322,0.73699,0.7369,1,4.19
03.08.2021 00:22:41.423,0.737,0.7369,1,4.56
03.08.2021 00:22:41.525,0.73701,0.73689,1,2.06
03.08.2021 00:22:41.626,0.73701,0.73689,1,3.81
03.08.2021 00:22:42.949,0.737,0.7369,1,2.81
03.08.2021 00:22:45.145,0.73699,0.7368800000000001,1,4.06
03.08.2021 00:22:45.355,0.73699,0.7368800000000001,1,3.94
03.08.2021 00:22:47.892,0.73699,0.73689,1,1
03.08.2021 00:22:47.994,0.737,0.7369,1,1.69
03.08.2021 00:22:48.146,0.73701,0.7369,1,4.94
03.08.2021 00:22:48.780,0.73699,0.7369,1,1.5
03.08.2021 00:22:48.881,0.73699,0.73689,1,1.31
03.08.2021 00:22:49.749,0.737,0.7369100000000001,1,1
03.08.2021 00:22:50.520,0.73701,0.7369300000000001,1,1
03.08.2021 00:22:50.621,0.73702,0.7369300000000001,1.5,1
03.08.2021 00:22:53.958,0.73702,0.73694,1.5,1
03.08.2021 00:22:55.334,0.7370300000000001,0.73694,1.5,1
03.08.2021 00:22:55.891,0.73704,0.73694,1.5,1.5
03.08.2021 00:22:56.098,0.73705,0.7369600000000001,1.5,1
03.08.2021 00:22:56.199,0.7370800000000001,0.7369800000000001,1.5,1.5
03.08.2021 00:22:56.301,0.73711,0.73699,1.62,1
03.08.2021 00:22:56.351,0.7371000000000001,0.737,1,1
03.08.2021 00:22:58.352,0.73711,0.73701,1.12,1.12
03.08.2021 00:22:58.453,0.7371000000000001,0.737,1,2.44
03.08.2021 00:22:58.555,0.73711,0.737,1,2.44
03.08.2021 00:22:58.656,0.7371000000000001,0.737,1,1.69
03.08.2021 00:23:02.069,0.73712,0.73699,1,2.44
03.08.2021 00:23:02.271,0.73711,0.737,1.5,3.44
03.08.2021 00:23:02.322,0.7371300000000001,0.7370300000000001,1.12,1
03.08.2021 00:23:02.474,0.73714,0.7370300000000001,1,1
03.08.2021 00:23:02.727,0.7371300000000001,0.73705,1,1
03.08.2021 00:23:02.778,0.7371500000000001,0.73705,1,1
03.08.2021 00:23:02.929,0.73716,0.73706,1,1
03.08.2021 00:23:03.617,0.7371500000000001,0.73706,1,1
03.08.2021 00:23:03.718,0.73717,0.73705,1.95,1
03.08.2021 00:23:03.896,0.7371500000000001,0.73706,1,1
03.08.2021 00:23:04.670,0.7371500000000001,0.73705,1,1.5
03.08.2021 00:23:07.394,0.73714,0.73704,1,1.5
03.08.2021 00:23:07.978,0.7371300000000001,0.7370300000000001,1,1.12
03.08.2021 00:23:08.130,0.7371300000000001,0.73702,2.25,1.69
03.08.2021 00:23:08.513,0.7371300000000001,0.737,2.25,1.5
03.08.2021 00:23:10.606,0.73712,0.73699,2.25,1.87
03.08.2021 00:23:11.370,0.7371000000000001,0.737,1,1
03.08.2021 00:23:11.726,0.73711,0.737,1.5,1.69
03.08.2021 00:23:12.130,0.73711,0.737,1,3.44
03.08.2021 00:23:13.876,0.73712,0.73701,1.5,2.06
03.08.2021 00:23:14.976,0.73711,0.737,1,3.14
03.08.2021 00:23:15.078,0.73711,0.737,1.69,1
03.08.2021 00:23:15.181,0.73709,0.73699,1,1.31
03.08.2021 00:23:15.493,0.7371000000000001,0.73697,1.5,2.06
03.08.2021 00:23:15.700,0.7370800000000001,0.7369800000000001,1,1.25
03.08.2021 00:23:17.983,0.73709,0.7369800000000001,2.25,1.5
03.08.2021 00:23:21.331,0.7371000000000001,0.73699,2.25,1
03.08.2021 00:23:26.238,0.73709,0.73699,1.5,1
03.08.2021 00:23:31.349,0.7370800000000001,0.7369800000000001,1,1
03.08.2021 00:23:32.979,0.73709,0.7369600000000001,2.25,1.5
03.08.2021 00:23:34.980,0.73707,0.73694,1,3.69
03.08.2021 00:23:35.082,0.73704,0.73692,1,1.62
03.08.2021 00:23:35.184,0.73704,0.73692,1,1
03.08.2021 00:23:37.836,0.73702,0.7369100000000001,1.5,2.94
03.08.2021 00:23:44.129,0.7370300000000001,0.7369,2.25,1.87
03.08.2021 00:23:44.180,0.737,0.73689,1,2.81
03.08.2021 00:23:44.281,0.737,0.7368800000000001,1,1.12
03.08.2021 00:23:44.786,0.7369800000000001,0.7368800000000001,1,2.06
03.08.2021 00:23:48.786,0.73701,0.7369100000000001,1,2.25
03.08.2021 00:23:48.888,0.73702,0.7369100000000001,2.32,1.25
03.08.2021 00:23:52.327,0.73702,0.73692,1,1
03.08.2021 00:23:52.479,0.73702,0.7369100000000001,1.5,2.06
03.08.2021 00:23:52.580,0.73701,0.7369100000000001,1,1.31
03.08.2021 00:23:52.899,0.73701,0.7369,1,1.5
03.08.2021 00:23:53.254,0.73702,0.73689,1,3.69
03.08.2021 00:23:53.355,0.73701,0.73692,1,1
03.08.2021 00:23:54.357,0.73702,0.73692,1,1
03.08.2021 00:23:57.349,0.73702,0.7369100000000001,1,1
03.08.2021 00:24:02.092,0.73699,0.7369,1,1.12
03.08.2021 00:24:02.194,0.73699,0.73689,1,1.5
03.08.2021 00:24:02.447,0.737,0.7369,1,2.06
03.08.2021 00:24:02.549,0.73701,0.73689,1,5.31
03.08.2021 00:24:02.959,0.737,0.73692,1,1.25
03.08.2021 00:24:03.010,0.7370300000000001,0.7369100000000001,1,1.25
03.08.2021 00:24:04.136,0.7370300000000001,0.73692,2.32,1.25
03.08.2021 00:24:04.389,0.73702,0.73692,1,1.25
03.08.2021 00:24:21.791,0.73702,0.7369300000000001,1.5,1
03.08.2021 00:24:23.647,0.737,0.73689,1.5,1
03.08.2021 00:24:25.379,0.73699,0.73689,1,2.06
03.08.2021 00:24:26.529,0.73699,0.7369,1,1
03.08.2021 00:24:27.570,0.73699,0.73689,1,1.5
03.08.2021 00:24:31.935,0.7369800000000001,0.73687,1,1
03.08.2021 00:24:32.037,0.73697,0.73687,1,2.06
03.08.2021 00:24:32.492,0.7369600000000001,0.73685,1,1
03.08.2021 00:24:39.243,0.73695,0.73685,1,1
03.08.2021 00:24:39.345,0.73694,0.73685,1,1
03.08.2021 00:24:39.396,0.73694,0.7368300000000001,1,2.62
03.08.2021 00:24:39.497,0.7369300000000001,0.7368300000000001,1,2.62
03.08.2021 00:24:40.782,0.73692,0.73682,1,1.5
03.08.2021 00:24:40.883,0.73692,0.7368100000000001,1.5,2.62
03.08.2021 00:24:40.984,0.7369100000000001,0.7368100000000001,1,1.12
03.08.2021 00:24:41.238,0.7368800000000001,0.7367800000000001,1,2.75
03.08.2021 00:24:41.340,0.73687,0.73677,1,2
03.08.2021 00:24:41.391,0.7368800000000001,0.7367600000000001,1,1
03.08.2021 00:24:41.493,0.7368800000000001,0.7367600000000001,3.19,1.87
03.08.2021 00:24:41.543,0.7368600000000001,0.7367600000000001,1,1.87
03.08.2021 00:24:47.789,0.73687,0.7367600000000001,1,1.87
03.08.2021 00:24:50.853,0.73689,0.7367600000000001,1,1.87
03.08.2021 00:24:52.154,0.7368800000000001,0.7367800000000001,1,1.12
03.08.2021 00:24:54.273,0.7368800000000001,0.73677,1,1.87
03.08.2021 00:25:01.338,0.7368800000000001,0.73677,1,2
03.08.2021 00:25:03.147,0.7369,0.7368,1,1.5
03.08.2021 00:25:03.248,0.7369300000000001,0.73682,2.25,1.12
03.08.2021 00:25:03.824,0.7369300000000001,0.7368300000000001,1,2.25
03.08.2021 00:25:03.875,0.73695,0.73684,1,1
03.08.2021 00:25:03.976,0.73695,0.7368600000000001,1,1
03.08.2021 00:25:06.306,0.73697,0.73687,1,1
03.08.2021 00:25:24.707,0.73697,0.7368600000000001,1.69,1
03.08.2021 00:25:24.808,0.7369600000000001,0.73685,1,1
03.08.2021 00:25:26.341,0.73694,0.7368300000000001,1,2.62
03.08.2021 00:25:31.545,0.73695,0.7368300000000001,2.25,3.37
03.08.2021 00:25:31.647,0.73697,0.7368600000000001,1.5,1
03.08.2021 00:25:34.831,0.73699,0.7368600000000001,1,3.37
03.08.2021 00:25:34.932,0.7369800000000001,0.7368800000000001,1,1
03.08.2021 00:25:35.249,0.7369800000000001,0.73687,1,2.62
03.08.2021 00:25:35.871,0.7369800000000001,0.7368800000000001,1,1
03.08.2021 00:25:51.179,0.73697,0.73687,1,1.5
03.08.2021 00:25:51.281,0.73695,0.73684,1,1.5
03.08.2021 00:25:51.382,0.73695,0.73684,1,1
03.08.2021 00:25:51.433,0.7369600000000001,0.73685,1.25,1.5
03.08.2021 00:25:51.535,0.73697,0.73685,1,1
03.08.2021 00:25:51.640,0.73697,0.7368600000000001,1.69,1.12
03.08.2021 00:25:52.138,0.7369600000000001,0.73685,1.25,1
03.08.2021 00:25:52.239,0.73697,0.73685,1.25,1
03.08.2021 00:25:52.393,0.73697,0.7368600000000001,2.44,1.12
03.08.2021 00:25:53.238,0.7369800000000001,0.7368600000000001,1.69,1
03.08.2021 00:25:53.390,0.7369800000000001,0.73685,1.69,3.37
03.08.2021 00:25:53.491,0.7369800000000001,0.7368600000000001,1.69,1
03.08.2021 00:25:57.361,0.7369600000000001,0.7368300000000001,2.44,3.87
03.08.2021 00:25:57.413,0.7369600000000001,0.7368300000000001,1.69,1
03.08.2021 00:25:57.565,0.73695,0.73685,1,1
03.08.2021 00:25:58.861,0.73694,0.7368300000000001,1.25,2.75
03.08.2021 00:25:58.962,0.73694,0.7368300000000001,1.25,2.62
03.08.2021 00:25:59.113,0.73695,0.73685,1,4.62
03.08.2021 00:25:59.214,0.7369800000000001,0.73685,1.69,1.12
03.08.2021 00:25:59.916,0.7369600000000001,0.7368600000000001,1,1.12
03.08.2021 00:26:01.937,0.7369600000000001,0.73685,1.69,2.62
03.08.2021 00:26:02.090,0.7369600000000001,0.73685,1.69,2.75
03.08.2021 00:26:09.021,0.73697,0.7368600000000001,1,3.5
03.08.2021 00:26:09.138,0.737,0.7369100000000001,1.12,1
03.08.2021 00:26:09.239,0.73702,0.7369,2.25,1
03.08.2021 00:26:09.492,0.73702,0.7369100000000001,1.69,2.62
03.08.2021 00:26:09.644,0.73704,0.7369100000000001,1.69,3.75
03.08.2021 00:26:10.236,0.7370300000000001,0.7369300000000001,1,1
03.08.2021 00:26:10.338,0.73705,0.73695,1,2.25
03.08.2021 00:26:10.490,0.73706,0.73695,1,1
03.08.2021 00:26:10.794,0.73706,0.7369600000000001,1.5,1
03.08.2021 00:26:12.502,0.73707,0.7369600000000001,1.25,1.87
03.08.2021 00:26:12.936,0.73706,0.7369600000000001,1,1.87
03.08.2021 00:26:13.139,0.73707,0.7369600000000001,1,1.87
03.08.2021 00:26:13.242,0.73706,0.7369600000000001,1,1.12
03.08.2021 00:26:13.406,0.7370800000000001,0.73695,1,3
03.08.2021 00:26:13.696,0.73706,0.7369600000000001,1,1.87
03.08.2021 00:26:14.379,0.73707,0.7369600000000001,1,1.87
03.08.2021 00:26:20.865,0.7370800000000001,0.73697,1.69,2.25
03.08.2021 00:26:26.239,0.7370800000000001,0.7369600000000001,1,1.5
03.08.2021 00:26:26.441,0.7370800000000001,0.73695,1,1.87
03.08.2021 00:26:27.305,0.7370800000000001,0.7369600000000001,3.56,2.25
03.08.2021 00:26:27.774,0.7370800000000001,0.73697,2.44,1
03.08.2021 00:26:32.257,0.73706,0.73694,1.5,1.5
03.08.2021 00:26:32.460,0.73705,0.73695,1,1
03.08.2021 00:26:34.302,0.73705,0.73694,1.69,2.62
03.08.2021 00:26:34.555,0.73704,0.7369300000000001,1,4.87
03.08.2021 00:26:43.161,0.73705,0.7369600000000001,1,1
03.08.2021 00:26:43.312,0.73705,0.73695,1,2.44
03.08.2021 00:26:43.527,0.73705,0.73694,1.69,2.62
03.08.2021 00:26:55.835,0.73706,0.73695,1.75,3
03.08.2021 00:26:56.293,0.73705,0.73694,1.25,3.37
03.08.2021 00:26:58.333,0.73704,0.73694,1,1.87
03.08.2021 00:26:58.434,0.7370300000000001,0.73694,1,1.12
03.08.2021 00:26:59.866,0.7370300000000001,0.7369300000000001,1,1.5
03.08.2021 00:27:02.936,0.73705,0.73694,2.06,2.62
03.08.2021 00:27:08.103,0.73704,0.73694,1,1.5
03.08.2021 00:27:09.042,0.73704,0.7369300000000001,1.25,2.25
03.08.2021 00:27:17.846,0.73702,0.73689,1.69,6.45
03.08.2021 00:27:17.948,0.73699,0.73689,1,1.75
03.08.2021 00:27:18.050,0.7369800000000001,0.73687,2.69,2.89
03.08.2021 00:27:18.151,0.73697,0.7368600000000001,1.69,1.87
03.08.2021 00:27:21.275,0.7369800000000001,0.7368800000000001,1.5,1
03.08.2021 00:27:27.067,0.73699,0.73689,1,1
03.08.2021 00:27:29.042,0.737,0.73687,1.69,2.62
03.08.2021 00:27:29.670,0.7370300000000001,0.73692,1.5,1
03.08.2021 00:27:29.772,0.73704,0.7369300000000001,3.69,1
03.08.2021 00:27:29.873,0.73704,0.7369300000000001,2.25,1.69
03.08.2021 00:27:33.267,0.7370300000000001,0.7369300000000001,1.25,1.5
03.08.2021 00:27:36.259,0.73705,0.73692,3.19,1
03.08.2021 00:27:37.208,0.73704,0.73692,1.69,1
03.08.2021 00:27:50.694,0.73702,0.7369100000000001,3.19,1.5
03.08.2021 00:27:50.796,0.73702,0.73689,3.25,1
03.08.2021 00:27:50.998,0.737,0.73689,1.25,3.37
03.08.2021 00:27:51.888,0.73699,0.73689,1.25,1
03.08.2021 00:27:55.034,0.737,0.73689,2.44,1.5
03.08.2021 00:28:00.805,0.73701,0.73689,2.44,5.25
03.08.2021 00:28:00.906,0.73702,0.73689,1.5,1.5
03.08.2021 00:28:03.000,0.73702,0.73692,1,1.87
03.08.2021 00:28:03.103,0.7370300000000001,0.73692,1,1
03.08.2021 00:28:03.204,0.73701,0.73692,1,1
03.08.2021 00:28:03.357,0.737,0.7369100000000001,1,1
03.08.2021 00:28:06.377,0.73701,0.73689,1.5,1
03.08.2021 00:28:07.249,0.737,0.7369100000000001,1.5,1.5
03.08.2021 00:28:07.351,0.73701,0.7369100000000001,1,1.5
03.08.2021 00:28:07.453,0.73702,0.73692,1,1.5
03.08.2021 00:28:09.787,0.73702,0.7369100000000001,1.25,1.1
03.08.2021 00:28:09.889,0.73701,0.7369,1,1
03.08.2021 00:28:10.293,0.73701,0.7369100000000001,1.5,1.5
03.08.2021 00:28:17.005,0.73702,0.7369100000000001,1.5,1.5
03.08.2021 00:28:17.107,0.73702,0.73692,1.5,1.94
03.08.2021 00:28:17.208,0.7370300000000001,0.73692,1,2.76
03.08.2021 00:28:17.713,0.7370300000000001,0.7369300000000001,1,1.56
03.08.2021 00:28:17.815,0.73706,0.7369300000000001,1,3.51
03.08.2021 00:28:19.099,0.73707,0.73694,2.25,1.26
03.08.2021 00:28:19.200,0.73707,0.7369600000000001,2.25,1.25
03.08.2021 00:28:19.301,0.73706,0.7369600000000001,1.5,1.25
03.08.2021 00:28:19.566,0.73707,0.7369600000000001,2.25,1
03.08.2021 00:28:19.731,0.73706,0.7369600000000001,1,1
03.08.2021 00:28:20.034,0.73707,0.7369600000000001,2.25,1
03.08.2021 00:28:20.287,0.73706,0.7369600000000001,1,1
03.08.2021 00:28:20.749,0.73707,0.7369600000000001,2.25,1
03.08.2021 00:28:21.042,0.73707,0.73695,1.5,1
03.08.2021 00:28:21.143,0.73705,0.7369600000000001,1,1
03.08.2021 00:28:23.450,0.73706,0.7369600000000001,1,1
03.08.2021 00:28:28.210,0.73704,0.7369300000000001,1,1
03.08.2021 00:28:28.311,0.7370300000000001,0.7369300000000001,1,2.25
03.08.2021 00:28:31.441,0.73704,0.73694,1,1
03.08.2021 00:28:31.827,0.73705,0.73694,2.25,1.31
03.08.2021 00:28:37.395,0.73705,0.73695,1,1.25
03.08.2021 00:28:39.005,0.73706,0.7369600000000001,1.5,1
03.08.2021 00:28:39.274,0.73707,0.7369600000000001,3.07,1
03.08.2021 00:28:40.733,0.73707,0.73697,1.5,1
03.08.2021 00:28:52.955,0.73709,0.7369600000000001,1.5,2.7
03.08.2021 00:28:53.115,0.73709,0.73697,1,1
03.08.2021 00:28:54.070,0.73707,0.7369800000000001,1,1
03.08.2021 00:28:56.024,0.73706,0.7369600000000001,1,1.2
03.08.2021 00:28:56.126,0.73707,0.7369600000000001,1.5,1.87
03.08.2021 00:28:56.227,0.73706,0.7369600000000001,1,1
03.08.2021 00:28:56.636,0.73707,0.7369600000000001,1.5,1.5
03.08.2021 00:28:56.741,0.73707,0.73695,1,1.5
03.08.2021 00:28:57.777,0.73707,0.73694,1.5,1
03.08.2021 00:28:58.340,0.73707,0.73695,1,1
03.08.2021 00:29:02.488,0.73706,0.73694,1.5,3.82
03.08.2021 00:29:02.589,0.73704,0.73694,1,1.87
03.08.2021 00:29:02.690,0.7370300000000001,0.73694,1,1.5
03.08.2021 00:29:02.892,0.7370300000000001,0.7369300000000001,1,3.19
03.08.2021 00:29:09.586,0.73702,0.73692,1,1.5
03.08.2021 00:29:09.688,0.737,0.7369100000000001,1,1.5
03.08.2021 00:29:09.739,0.737,0.7369100000000001,1,1
03.08.2021 00:29:09.890,0.73701,0.73689,1,1.87
03.08.2021 00:29:20.190,0.73701,0.7368800000000001,1.5,2.7
03.08.2021 00:29:20.291,0.73699,0.73689,1,1
03.08.2021 00:29:24.977,0.7369800000000001,0.7368800000000001,1.25,1.5
03.08.2021 00:29:25.078,0.73697,0.73687,1.5,1.12
03.08.2021 00:29:25.180,0.73697,0.7368600000000001,1.5,1
03.08.2021 00:29:27.007,0.73697,0.73687,1.5,1
03.08.2021 00:29:28.923,0.73697,0.7368800000000001,1,1
03.08.2021 00:29:35.222,0.73699,0.73687,1.5,1
03.08.2021 00:29:35.323,0.73699,0.7368800000000001,2.51,1
03.08.2021 00:29:39.887,0.7369800000000001,0.7368800000000001,1.25,1
03.08.2021 00:29:42.600,0.73692,0.73684,1.25,5.62
03.08.2021 00:29:42.752,0.73692,0.73682,1,1.5
03.08.2021 00:29:42.803,0.73692,0.73682,1,1
03.08.2021 00:29:42.904,0.73694,0.7368100000000001,3.26,1
03.08.2021 00:29:43.708,0.7369300000000001,0.7368300000000001,1,1.12
03.08.2021 00:29:43.809,0.73694,0.73685,1,1
03.08.2021 00:29:44.781,0.7369300000000001,0.73682,1.5,1.87
03.08.2021 00:29:44.882,0.7369300000000001,0.7368100000000001,1,1.12
03.08.2021 00:29:51.819,0.7369300000000001,0.73682,1,1
03.08.2021 00:29:51.921,0.7369300000000001,0.7368300000000001,1,1
03.08.2021 00:29:59.134,0.73692,0.73682,1.87,1
03.08.2021 00:29:59.236,0.73692,0.7368100000000001,1,1
03.08.2021 00:29:59.337,0.73692,0.73682,1.57,1
03.08.2021 00:30:00.364,0.7369300000000001,0.7368300000000001,2,1
03.08.2021 00:30:00.465,0.7369600000000001,0.7368600000000001,1.5,1
03.08.2021 00:30:00.668,0.7369800000000001,0.7368600000000001,2.89,1
03.08.2021 00:30:01.073,0.7369800000000001,0.73685,2.81,1
03.08.2021 00:30:01.175,0.7369800000000001,0.73687,1,1
03.08.2021 00:30:01.277,0.7369800000000001,0.7368600000000001,1.25,1
03.08.2021 00:30:02.396,0.7369800000000001,0.7369,1,1
03.08.2021 00:30:02.699,0.737,0.7369,1.57,1
03.08.2021 00:30:02.902,0.73702,0.7369100000000001,2.25,1.5
03.08.2021 00:30:03.054,0.73702,0.73692,1,1
03.08.2021 00:30:03.155,0.73702,0.7369300000000001,1,1
03.08.2021 00:30:03.307,0.7370300000000001,0.7369100000000001,1.69,1
03.08.2021 00:30:05.067,0.73701,0.7369100000000001,1.69,1
03.08.2021 00:30:05.168,0.73701,0.73689,1.5,1
03.08.2021 00:30:05.757,0.73701,0.7369,1,1
03.08.2021 00:30:05.859,0.73701,0.7369100000000001,1.87,1
03.08.2021 00:30:06.162,0.73701,0.7369,2.7,1
03.08.2021 00:30:07.507,0.737,0.7368800000000001,2.89,2.25
03.08.2021 00:30:07.558,0.7369800000000001,0.7368800000000001,1.25,1
03.08.2021 00:30:11.419,0.73699,0.73689,1.12,1
03.08.2021 00:30:18.685,0.7369800000000001,0.7368800000000001,1,1
03.08.2021 00:30:18.786,0.73699,0.73689,3,1
03.08.2021 00:30:20.796,0.737,0.7369,2.25,1
03.08.2021 00:30:23.659,0.737,0.7369100000000001,1,1
03.08.2021 00:30:25.068,0.73701,0.7369100000000001,1.5,1
03.08.2021 00:30:31.981,0.73702,0.73692,1.12,1
03.08.2021 00:30:32.082,0.7370300000000001,0.73694,1.5,1
03.08.2021 00:30:32.183,0.73704,0.7369300000000001,1,1
03.08.2021 00:30:32.335,0.73704,0.73694,2.44,1
03.08.2021 00:30:32.645,0.7370300000000001,0.73694,1,1
03.08.2021 00:30:33.759,0.73704,0.73695,1.69,1
03.08.2021 00:30:37.422,0.73706,0.73694,2.14,1
03.08.2021 00:30:50.466,0.7370300000000001,0.7369300000000001,1.12,1
03.08.2021 00:30:55.095,0.73702,0.7369300000000001,1,1
03.08.2021 00:30:57.052,0.7370300000000001,0.7369100000000001,1,1
03.08.2021 00:31:03.646,0.7370300000000001,0.73694,1,1
03.08.2021 00:31:36.328,0.73704,0.73694,1.5,1.5
03.08.2021 00:31:39.437,0.7370300000000001,0.73694,1.25,1
03.08.2021 00:31:39.539,0.73702,0.73692,1,1.5
03.08.2021 00:31:39.640,0.73702,0.73692,1,1
03.08.2021 00:31:42.708,0.737,0.7369,1.5,1.5
03.08.2021 00:31:58.127,0.73699,0.7369,1.69,1
03.08.2021 00:31:58.178,0.7369800000000001,0.7368800000000001,1,1
03.08.2021 00:32:00.151,0.737,0.73687,1.69,1.1
03.08.2021 00:32:16.611,0.7369800000000001,0.7368800000000001,1,1.5
03.08.2021 00:32:16.713,0.73697,0.73687,3.19,1.12
03.08.2021 00:32:16.765,0.7369600000000001,0.73684,1,4.51
03.08.2021 00:32:16.817,0.73695,0.73685,1.5,1
03.08.2021 00:32:16.919,0.73694,0.73685,1,1
03.08.2021 00:32:24.125,0.73694,0.73684,1.5,1.69
03.08.2021 00:32:31.478,0.73695,0.73684,2.25,1.69
03.08.2021 00:32:32.333,0.73694,0.73684,1,1
03.08.2021 00:32:32.536,0.73695,0.73684,2.25,2.89
03.08.2021 00:32:39.322,0.7369600000000001,0.73687,1,2.51
03.08.2021 00:32:39.373,0.73699,0.73687,1.5,1
03.08.2021 00:32:39.475,0.73699,0.7368800000000001,1.5,1.76
03.08.2021 00:32:39.526,0.73699,0.7369,1,1
03.08.2021 00:32:45.420,0.73697,0.73687,1,1.62
03.08.2021 00:32:45.521,0.73697,0.7368600000000001,1.5,1.95
03.08.2021 00:32:56.707,0.73695,0.73685,1,1.12
03.08.2021 00:32:59.865,0.73695,0.73687,1,1
03.08.2021 00:33:01.248,0.73694,0.73687,1,1
03.08.2021 00:33:11.219,0.73695,0.73687,1.5,1
03.08.2021 00:33:11.321,0.7369600000000001,0.7368800000000001,1,1
03.08.2021 00:33:11.423,0.73697,0.7368800000000001,1.5,1
03.08.2021 00:33:11.979,0.73697,0.73687,1,1
03.08.2021 00:33:15.599,0.7369600000000001,0.73689,1,1
03.08.2021 00:33:15.701,0.7369800000000001,0.7368800000000001,1.5,1
03.08.2021 00:33:16.395,0.73695,0.7368800000000001,1,1
03.08.2021 00:33:16.648,0.7369600000000001,0.7368800000000001,1,1
03.08.2021 00:33:16.750,0.73697,0.73689,1.5,1
03.08.2021 00:33:17.495,0.73697,0.7368800000000001,1.5,1
03.08.2021 00:33:29.556,0.73697,0.73689,1.5,1
03.08.2021 00:33:31.277,0.7369800000000001,0.73689,1.5,1
03.08.2021 00:33:34.031,0.73695,0.7368600000000001,1,1
03.08.2021 00:33:34.133,0.7369300000000001,0.73685,1.5,1
03.08.2021 00:33:34.234,0.73692,0.73685,1,1
03.08.2021 00:33:34.487,0.7369100000000001,0.7368300000000001,1.5,1
03.08.2021 00:33:34.589,0.7369,0.7368300000000001,1,1
03.08.2021 00:33:37.482,0.73689,0.73682,1.5,1
03.08.2021 00:33:37.583,0.73689,0.7368,1,1
03.08.2021 00:33:38.629,0.73689,0.7368100000000001,1.5,1
03.08.2021 00:33:40.699,0.7369,0.7368100000000001,1.5,1
03.08.2021 00:33:41.163,0.7369,0.73682,1.5,1
03.08.2021 00:33:41.714,0.7369,0.7368100000000001,1.5,1
03.08.2021 00:33:44.567,0.73689,0.7368100000000001,1,1
03.08.2021 00:33:48.400,0.7369100000000001,0.73682,1,1
03.08.2021 00:33:48.451,0.7369300000000001,0.7368300000000001,2.06,1
03.08.2021 00:33:48.553,0.7369300000000001,0.7368300000000001,1,1
03.08.2021 00:33:56.157,0.7369100000000001,0.7368300000000001,1,1
03.08.2021 00:33:56.511,0.73692,0.73684,1.5,1
03.08.2021 00:33:57.817,0.7369100000000001,0.7368100000000001,1,1
03.08.2021 00:33:57.918,0.73689,0.73682,1,1
03.08.2021 00:33:58.221,0.7369,0.73682,1,1
03.08.2021 00:33:59.705,0.73689,0.73682,1,1
03.08.2021 00:34:00.490,0.7369,0.73682,1.5,1
03.08.2021 00:34:01.471,0.7369100000000001,0.73682,1,1
03.08.2021 00:34:01.573,0.7369100000000001,0.73684,1,1
03.08.2021 00:34:01.674,0.7369100000000001,0.73682,1,1
03.08.2021 00:34:01.775,0.73692,0.7368300000000001,1,1
03.08.2021 00:34:06.661,0.7369100000000001,0.7368300000000001,1,1
03.08.2021 00:34:07.549,0.7369300000000001,0.73682,1.5,1
03.08.2021 00:34:08.774,0.7369100000000001,0.7368300000000001,1,1
03.08.2021 00:34:08.876,0.7369100000000001,0.73682,1,1
03.08.2021 00:34:10.865,0.73692,0.73682,1,1
03.08.2021 00:34:11.017,0.73692,0.7368300000000001,1.1,1
03.08.2021 00:34:14.967,0.73692,0.73684,1,1
03.08.2021 00:34:15.068,0.73694,0.7368300000000001,1,1
03.08.2021 00:34:15.990,0.7369300000000001,0.73685,1,1
03.08.2021 00:34:19.396,0.73697,0.7368600000000001,2,2.7
03.08.2021 00:34:19.447,0.7369800000000001,0.73689,1.5,1
03.08.2021 00:34:19.599,0.73699,0.7369100000000001,1.5,1
03.08.2021 00:34:20.640,0.737,0.7369100000000001,1,1
03.08.2021 00:34:21.282,0.737,0.7369,1,1
03.08.2021 00:34:21.384,0.73699,0.7369,1.12,1
03.08.2021 00:34:28.015,0.7369800000000001,0.73687,1,1
03.08.2021 00:34:28.116,0.73697,0.7368600000000001,1,1
03.08.2021 00:34:28.218,0.73697,0.73685,1,1.5
03.08.2021 00:34:28.370,0.73695,0.73685,1,1.2
03.08.2021 00:34:28.471,0.7369600000000001,0.7368600000000001,1,1.57
03.08.2021 00:34:31.519,0.73697,0.73687,1.5,1
03.08.2021 00:34:32.647,0.73697,0.7368800000000001,1.5,1
03.08.2021 00:34:32.698,0.73699,0.73689,1.12,1
03.08.2021 00:34:33.456,0.737,0.7369,1,1
03.08.2021 00:34:34.827,0.7369800000000001,0.7369,1,1
03.08.2021 00:34:40.527,0.7369800000000001,0.7368800000000001,2.44,1
03.08.2021 00:34:40.578,0.73695,0.73685,1,2.82
03.08.2021 00:34:40.681,0.73694,0.73685,1,1.5
03.08.2021 00:34:40.783,0.73695,0.73684,2.25,1
03.08.2021 00:34:40.834,0.7369300000000001,0.7368300000000001,1,1.12
03.08.2021 00:34:41.299,0.7369300000000001,0.73684,1,1
03.08.2021 00:34:41.465,0.73694,0.73685,1,1
03.08.2021 00:34:41.668,0.73695,0.7368600000000001,1,1.5
03.08.2021 00:34:41.770,0.7369600000000001,0.7368600000000001,1,1.5
03.08.2021 00:34:45.032,0.73695,0.73684,1,1
03.08.2021 00:34:48.073,0.73695,0.7368600000000001,1,1
03.08.2021 00:34:48.175,0.73695,0.73687,1,1
03.08.2021 00:34:48.326,0.73695,0.7368600000000001,1,1
03.08.2021 00:34:48.478,0.73695,0.73687,1,1
03.08.2021 00:34:49.201,0.7369600000000001,0.73687,1,1
03.08.2021 00:34:51.486,0.73697,0.73687,1,1
03.08.2021 00:34:51.588,0.73699,0.7368800000000001,1,1
03.08.2021 00:34:52.420,0.73699,0.73689,1,1
03.08.2021 00:34:53.110,0.73699,0.7369,1,1
03.08.2021 00:34:53.610,0.73699,0.7369100000000001,1,1
03.08.2021 00:34:57.958,0.737,0.7369100000000001,1,1
03.08.2021 00:34:59.314,0.737,0.7369,1,1
03.08.2021 00:35:01.471,0.73701,0.7369100000000001,1,1.5
03.08.2021 00:35:01.623,0.73702,0.7369300000000001,1.95,1
03.08.2021 00:35:02.067,0.73705,0.7369300000000001,1.57,1
03.08.2021 00:35:02.522,0.73704,0.73695,1,1
03.08.2021 00:35:06.248,0.7370300000000001,0.73695,1,1
03.08.2021 00:35:06.299,0.7370300000000001,0.7369100000000001,2.51,1.12
03.08.2021 00:35:06.350,0.73701,0.7369,1,2
03.08.2021 00:35:06.452,0.73699,0.7369100000000001,1,1
03.08.2021 00:35:06.554,0.73699,0.7369,1,1
03.08.2021 00:35:12.197,0.7369800000000001,0.73689,1,1
03.08.2021 00:35:12.298,0.7369800000000001,0.7368800000000001,1,1
03.08.2021 00:35:15.455,0.7369800000000001,0.73687,1.5,2.32
03.08.2021 00:35:16.714,0.7369800000000001,0.7368800000000001,1,1
03.08.2021 00:35:21.431,0.73697,0.7368800000000001,1,1
03.08.2021 00:35:25.553,0.7369800000000001,0.7368800000000001,1,1
03.08.2021 00:35:26.938,0.73699,0.73689,1,1
03.08.2021 00:36:01.416,0.73699,0.7369,1,1.5
03.08.2021 00:36:01.467,0.73702,0.7369,2.32,1
03.08.2021 00:36:01.669,0.7370300000000001,0.7369100000000001,1.7,1
03.08.2021 00:36:01.771,0.73702,0.73692,1,1
03.08.2021 00:36:02.660,0.7370300000000001,0.73692,1.76,1.5
03.08.2021 00:36:02.761,0.7370300000000001,0.7369300000000001,1.57,1
03.08.2021 00:36:02.914,0.7370300000000001,0.73692,1.57,1.5
03.08.2021 00:36:03.123,0.7370300000000001,0.7369300000000001,1.57,1
03.08.2021 00:36:03.276,0.73704,0.7369300000000001,3.45,1
03.08.2021 00:36:03.479,0.73706,0.73694,2.62,1
03.08.2021 00:36:04.733,0.73707,0.73697,1.57,1.5
03.08.2021 00:36:05.038,0.7370800000000001,0.73697,1,1
03.08.2021 00:36:07.537,0.7370800000000001,0.7369800000000001,1.5,1
03.08.2021 00:36:08.966,0.73709,0.7369800000000001,1.5,1.5
03.08.2021 00:36:10.976,0.7371000000000001,0.737,1.1,1
03.08.2021 00:36:33.760,0.73711,0.737,1.95,1.5
03.08.2021 00:36:34.210,0.73711,0.73701,1.2,1
03.08.2021 00:36:39.149,0.73711,0.737,1,1
03.08.2021 00:36:39.301,0.7371000000000001,0.737,1.5,1
03.08.2021 00:36:40.163,0.7371000000000001,0.73699,1.69,1
03.08.2021 00:36:45.369,0.7371000000000001,0.737,1.5,1
03.08.2021 00:36:49.173,0.7371000000000001,0.73701,1,1
03.08.2021 00:36:49.275,0.73711,0.73701,1.12,1.5
03.08.2021 00:36:51.148,0.73712,0.73702,1,1.5
03.08.2021 00:36:51.451,0.7371300000000001,0.73702,1,1
03.08.2021 00:36:51.805,0.73712,0.73702,1,1.5
03.08.2021 00:36:57.833,0.73711,0.73701,1.5,1
03.08.2021 00:36:57.935,0.73709,0.737,1,1
03.08.2021 00:36:58.847,0.73709,0.73699,1,1.5
03.08.2021 00:36:59.118,0.73709,0.73697,1.69,2.07
03.08.2021 00:36:59.220,0.73705,0.73695,1,6.01
03.08.2021 00:36:59.272,0.73705,0.73695,1,4.76
03.08.2021 00:37:03.269,0.73705,0.7369600000000001,1,1
03.08.2021 00:37:05.526,0.73705,0.73694,2.44,1.12
03.08.2021 00:37:05.577,0.7370300000000001,0.73692,1.5,3.69
03.08.2021 00:37:05.678,0.7370300000000001,0.7369100000000001,1,1.69
03.08.2021 00:37:06.135,0.73701,0.73692,1,1
03.08.2021 00:37:06.236,0.7370300000000001,0.7369100000000001,1.87,1
03.08.2021 00:37:07.056,0.737,0.7369,1.5,1
03.08.2021 00:37:08.714,0.73699,0.73689,1,1
03.08.2021 00:37:08.816,0.7369800000000001,0.7368800000000001,1,1
03.08.2021 00:37:18.164,0.7369800000000001,0.73687,1.69,1
03.08.2021 00:37:18.215,0.7369600000000001,0.7368600000000001,1,1
03.08.2021 00:37:18.317,0.73697,0.73687,1,1.5
03.08.2021 00:37:20.128,0.73697,0.7368600000000001,1.5,2.89
03.08.2021 00:37:21.754,0.7369800000000001,0.73687,1.5,1.12
03.08.2021 00:37:22.425,0.73699,0.73687,1,1
03.08.2021 00:37:22.528,0.73699,0.73689,1,1
03.08.2021 00:37:25.324,0.73699,0.7369,1,1
03.08.2021 00:37:34.452,0.73699,0.73689,1,1
03.08.2021 00:37:34.928,0.7369800000000001,0.7368800000000001,1,1.5
03.08.2021 00:37:39.755,0.737,0.73689,1.5,1
03.08.2021 00:37:39.857,0.737,0.7369,1,1.5
03.08.2021 00:37:40.823,0.737,0.7369100000000001,1,1
03.08.2021 00:37:41.945,0.737,0.7369,1,1.5
03.08.2021 00:37:46.791,0.73702,0.73689,1.57,1.5
03.08.2021 00:37:49.087,0.73702,0.7369,1.5,1
03.08.2021 00:37:49.138,0.7370300000000001,0.73692,2.4,1.5
03.08.2021 00:37:49.240,0.7370300000000001,0.7369300000000001,2.02,1
03.08.2021 00:37:49.543,0.7370300000000001,0.73692,1.12,1
03.08.2021 00:37:49.645,0.7370300000000001,0.7369,2.44,1.5
03.08.2021 00:37:49.847,0.73702,0.73692,2.51,1
03.08.2021 00:37:51.504,0.73701,0.73692,2.89,1
03.08.2021 00:37:52.485,0.737,0.7369100000000001,1,1
03.08.2021 00:37:53.043,0.73701,0.7369100000000001,2.96,1
03.08.2021 00:37:53.397,0.73699,0.7369100000000001,1,1
03.08.2021 00:37:53.651,0.73702,0.7369,2.96,1
03.08.2021 00:37:53.962,0.73699,0.7369100000000001,1,1
03.08.2021 00:37:54.114,0.73701,0.7369100000000001,2.89,1
03.08.2021 00:37:54.907,0.737,0.7369,1,1
03.08.2021 00:37:55.008,0.73701,0.7369100000000001,2.96,1
03.08.2021 00:37:56.225,0.737,0.7369100000000001,1,1
03.08.2021 00:37:57.931,0.737,0.7369,1,1
03.08.2021 00:37:58.084,0.737,0.7369100000000001,1,1
03.08.2021 00:37:58.754,0.7369800000000001,0.73689,1,1
03.08.2021 00:37:58.855,0.73697,0.73687,1,2
03.08.2021 00:37:58.957,0.73697,0.73687,1,1.5
03.08.2021 00:37:59.282,0.7369600000000001,0.73687,1,1
03.08.2021 00:37:59.787,0.73697,0.73687,2.06,1.5
03.08.2021 00:37:59.990,0.7369800000000001,0.73687,1,1
03.08.2021 00:38:01.990,0.7369800000000001,0.7368800000000001,2.81,1.5
03.08.2021 00:38:03.308,0.7369600000000001,0.73687,1.69,1
03.08.2021 00:38:03.411,0.73695,0.7368600000000001,1.94,1.12
03.08.2021 00:38:03.813,0.73695,0.7368600000000001,1.69,1
03.08.2021 00:38:05.124,0.73695,0.7368600000000001,2.69,1
03.08.2021 00:38:07.206,0.73695,0.7368600000000001,2.44,1
03.08.2021 00:38:08.548,0.73695,0.73685,1.25,1
03.08.2021 00:38:08.599,0.7369300000000001,0.73684,1.25,1
03.08.2021 00:38:08.701,0.7369300000000001,0.7368300000000001,2.81,1
03.08.2021 00:38:08.802,0.73694,0.7368100000000001,3.56,1.5
03.08.2021 00:38:08.904,0.73692,0.73682,1,1.5
03.08.2021 00:38:16.118,0.73692,0.73682,1.75,1.5
03.08.2021 00:38:16.169,0.73692,0.73679,2.5,1.87
03.08.2021 00:38:18.560,0.73692,0.7368,1.25,1
03.08.2021 00:38:19.375,0.7369300000000001,0.7368300000000001,2.44,1
03.08.2021 00:38:19.477,0.7369300000000001,0.73684,1,1.5
03.08.2021 00:38:19.637,0.73694,0.73684,1.69,1.5
03.08.2021 00:38:19.945,0.73694,0.7368300000000001,1.25,1
03.08.2021 00:38:20.046,0.7369300000000001,0.7368300000000001,1.01,1.5
03.08.2021 00:38:21.399,0.73692,0.7368300000000001,2.01,1
03.08.2021 00:38:21.450,0.73692,0.73679,1.76,1.5
03.08.2021 00:38:21.552,0.73692,0.73684,1.31,1
03.08.2021 00:38:21.654,0.73694,0.73682,1.94,1
03.08.2021 00:38:22.468,0.7369300000000001,0.73682,3.7,1
03.08.2021 00:38:22.824,0.73692,0.73682,1.25,1
03.08.2021 00:38:24.199,0.73692,0.7368300000000001,1,1
03.08.2021 00:38:24.301,0.73694,0.7368300000000001,3.25,1
03.08.2021 00:38:36.423,0.7369300000000001,0.7368300000000001,2.01,1
03.08.2021 00:38:36.525,0.7369300000000001,0.73682,2.01,2.25
03.08.2021 00:38:38.460,0.73692,0.73682,1.5,1
03.08.2021 00:38:39.001,0.73692,0.73682,1.69,1
03.08.2021 00:38:39.102,0.73692,0.7368300000000001,1.25,1
03.08.2021 00:38:42.852,0.73692,0.73682,1.25,1.5
03.08.2021 00:38:45.816,0.73694,0.73684,2.12,1
03.08.2021 00:38:45.917,0.73695,0.73684,3.82,1
03.08.2021 00:38:56.267,0.73695,0.73685,2.5,1
03.08.2021 00:38:56.368,0.73695,0.73685,1.69,1
03.08.2021 00:39:02.226,0.73695,0.73685,1.75,1.5
03.08.2021 00:39:03.944,0.73695,0.73685,1.5,1
03.08.2021 00:39:04.096,0.73697,0.7368800000000001,1.5,1
03.08.2021 00:39:04.147,0.73699,0.73687,3.19,1
03.08.2021 00:39:05.046,0.73699,0.7368600000000001,3.19,2.25
03.08.2021 00:39:05.160,0.7369800000000001,0.7368800000000001,2.44,1
03.08.2021 00:39:13.807,0.7369800000000001,0.73685,2.81,2.25
03.08.2021 00:39:13.908,0.73697,0.7368800000000001,2.44,1
03.08.2021 00:39:16.525,0.7369800000000001,0.7368800000000001,1,1.5
03.08.2021 00:39:16.740,0.73699,0.73689,3.19,1
03.08.2021 00:39:24.827,0.737,0.7369,2.5,1
03.08.2021 00:39:25.018,0.73701,0.7368800000000001,2.5,1.5
03.08.2021 00:39:32.947,0.73699,0.73689,2.5,1.5
03.08.2021 00:39:36.589,0.7369800000000001,0.7368800000000001,1.25,2.25
03.08.2021 00:39:44.496,0.7369800000000001,0.7368800000000001,1.75,1.5
03.08.2021 00:39:51.271,0.7369800000000001,0.7368800000000001,1.31,1.5
03.08.2021 00:39:51.736,0.73697,0.73687,1.69,1
03.08.2021 00:39:51.838,0.73697,0.73685,1.25,1
03.08.2021 00:39:53.813,0.73695,0.73685,1.69,1
03.08.2021 00:39:54.431,0.7369600000000001,0.73685,1,1
03.08.2021 00:39:57.056,0.73695,0.73685,1,1.5
03.08.2021 00:40:03.333,0.7369600000000001,0.73687,1.5,1
03.08.2021 00:40:08.354,0.73695,0.73685,1,1.5
03.08.2021 00:40:09.344,0.73694,0.73685,1,1
03.08.2021 00:40:09.516,0.7369300000000001,0.7368300000000001,2.81,1.5
03.08.2021 00:40:09.624,0.73692,0.7368300000000001,1,1
03.08.2021 00:40:17.555,0.73694,0.73682,1.69,1.5
03.08.2021 00:40:18.417,0.73694,0.73684,1.69,1.5
03.08.2021 00:40:23.262,0.73695,0.73685,1.25,1
03.08.2021 00:40:23.567,0.73694,0.73685,1.25,1
03.08.2021 00:40:30.814,0.73695,0.73685,1.25,1
03.08.2021 00:40:41.895,0.73694,0.73685,1.25,1
03.08.2021 00:40:41.996,0.73694,0.73685,1.75,1
03.08.2021 00:40:42.199,0.7369300000000001,0.7368300000000001,1.25,1.5
03.08.2021 00:40:42.770,0.73694,0.73685,1.25,1
03.08.2021 00:40:43.074,0.73695,0.73685,1.31,1
03.08.2021 00:40:43.176,0.7369600000000001,0.7368800000000001,1,1.5
03.08.2021 00:40:43.227,0.73701,0.7369300000000001,1,1
03.08.2021 00:40:43.277,0.7370300000000001,0.73694,2.59,1
03.08.2021 00:40:43.328,0.73701,0.7369100000000001,1.12,1
03.08.2021 00:40:43.379,0.7370300000000001,0.7369300000000001,1.01,1.5
03.08.2021 00:40:43.430,0.73704,0.73695,1.75,1
03.08.2021 00:40:43.531,0.73704,0.73695,1.25,1
03.08.2021 00:40:43.733,0.73704,0.7369600000000001,1.25,1
03.08.2021 00:40:43.838,0.73704,0.73695,1.25,1
03.08.2021 00:40:45.254,0.73705,0.7369300000000001,2.44,1
03.08.2021 00:40:47.685,0.7370300000000001,0.73694,1,1
03.08.2021 00:40:53.721,0.7370300000000001,0.7369300000000001,1,1.87
03.08.2021 00:40:58.955,0.73704,0.73694,1.5,1.5
03.08.2021 00:41:06.562,0.7370300000000001,0.7369300000000001,1,1.5
03.08.2021 00:41:08.371,0.73702,0.73694,1.25,1
03.08.2021 00:41:08.472,0.7370300000000001,0.73694,1,1
03.08.2021 00:41:08.574,0.73705,0.7369300000000001,1.5,2.25
03.08.2021 00:41:08.675,0.73704,0.73695,1,1.5
03.08.2021 00:41:09.645,0.73706,0.7369600000000001,2.44,1.5
03.08.2021 00:41:11.669,0.73705,0.7369600000000001,1,1
03.08.2021 00:41:18.290,0.73705,0.73694,1.25,1
03.08.2021 00:41:19.358,0.73705,0.7369300000000001,2.44,1.5
03.08.2021 00:41:20.968,0.7370300000000001,0.73694,1,1
03.08.2021 00:41:21.154,0.7370300000000001,0.7369300000000001,1.5,1
03.08.2021 00:41:21.256,0.73702,0.7369300000000001,1,1
03.08.2021 00:41:21.630,0.73702,0.73692,1,1
03.08.2021 00:41:22.542,0.737,0.7369,1,1
03.08.2021 00:41:22.644,0.73699,0.7369,1,1
03.08.2021 00:41:30.210,0.737,0.73687,1,3.45
03.08.2021 00:41:30.913,0.7369800000000001,0.7368800000000001,1,1.12
03.08.2021 00:41:54.327,0.73697,0.7368600000000001,1.25,1
03.08.2021 00:41:54.455,0.73695,0.7368600000000001,1,1
03.08.2021 00:42:06.658,0.73695,0.73685,1,1
03.08.2021 00:42:06.922,0.73695,0.7368300000000001,1.25,1.5
03.08.2021 00:42:07.023,0.7369300000000001,0.73682,2.44,2.37
03.08.2021 00:42:07.124,0.7369300000000001,0.73682,2.44,1.5
03.08.2021 00:42:11.086,0.7369100000000001,0.7368100000000001,1,1.95
03.08.2021 00:42:11.188,0.73692,0.7368100000000001,1,1
03.08.2021 00:42:15.455,0.73694,0.7368300000000001,1.87,2.32
03.08.2021 00:42:15.662,0.73695,0.7368300000000001,1.5,1
03.08.2021 00:42:21.779,0.73694,0.73685,1,1.5
03.08.2021 00:42:21.830,0.73697,0.7368800000000001,1,1
03.08.2021 00:42:21.933,0.73701,0.7368800000000001,3.39,1.5
03.08.2021 00:42:22.035,0.737,0.73689,1.69,2.7
03.08.2021 00:42:23.976,0.73701,0.7369,1.5,1.12
03.08.2021 00:42:26.048,0.7370300000000001,0.73689,2.44,1.57
03.08.2021 00:42:27.117,0.73701,0.73692,1,1
03.08.2021 00:42:27.652,0.7370300000000001,0.73692,2.44,1
03.08.2021 00:42:28.153,0.73702,0.73692,1,1
03.08.2021 00:42:28.254,0.73701,0.73692,1,1
03.08.2021 00:42:28.632,0.73701,0.73689,1,1
03.08.2021 00:42:29.089,0.73701,0.7368800000000001,1,2.32
03.08.2021 00:42:30.151,0.73699,0.73689,1,1
03.08.2021 00:42:33.271,0.73699,0.7369,1,1
03.08.2021 00:42:34.600,0.7369800000000001,0.7368800000000001,1.25,1.5
03.08.2021 00:42:34.701,0.73699,0.73687,1.25,1.5
03.08.2021 00:42:34.802,0.7369800000000001,0.7368800000000001,1.25,1
03.08.2021 00:42:35.004,0.73699,0.7368800000000001,1,1
03.08.2021 00:42:45.637,0.7369800000000001,0.7368800000000001,1,1.95
03.08.2021 00:42:46.469,0.7369800000000001,0.73687,1,1.95
03.08.2021 00:42:46.571,0.73697,0.73687,1,1.12
03.08.2021 00:42:47.869,0.7369800000000001,0.73685,1,1.95
03.08.2021 00:42:47.970,0.7369600000000001,0.7368600000000001,1,1.95
03.08.2021 00:42:49.125,0.73697,0.7368600000000001,1,1
03.08.2021 00:42:51.866,0.73697,0.73687,1,1
03.08.2021 00:42:56.529,0.7369800000000001,0.7368800000000001,1,1.12
03.08.2021 00:42:59.670,0.7369800000000001,0.73689,1,1
03.08.2021 00:43:02.257,0.7369800000000001,0.7368800000000001,1.25,1
03.08.2021 00:43:02.359,0.7369800000000001,0.73687,1,1
03.08.2021 00:43:23.441,0.7369800000000001,0.7368800000000001,1,1
03.08.2021 00:43:30.629,0.73699,0.7369100000000001,1,1
03.08.2021 00:43:30.731,0.73701,0.7369,1,1
03.08.2021 00:43:31.494,0.737,0.73692,1,1
03.08.2021 00:43:34.782,0.73701,0.7369,1,1
03.08.2021 00:43:45.914,0.737,0.73689,1,1
03.08.2021 00:43:46.015,0.7369800000000001,0.73689,1,1
03.08.2021 00:43:46.116,0.73697,0.73689,1,1
03.08.2021 00:43:46.218,0.73697,0.7368800000000001,1,1
03.08.2021 00:44:00.193,0.73697,0.73689,1,1
03.08.2021 00:44:00.496,0.73697,0.7368800000000001,1,1
03.08.2021 00:44:00.648,0.7369600000000001,0.7368800000000001,1,1
03.08.2021 00:44:02.241,0.7369600000000001,0.7368600000000001,1,1.1
03.08.2021 00:44:02.733,0.7369600000000001,0.7368800000000001,1,1
03.08.2021 00:44:15.201,0.73695,0.7368800000000001,1,1
03.08.2021 00:44:15.252,0.73695,0.7368600000000001,1,1
03.08.2021 00:44:21.221,0.7369600000000001,0.7368600000000001,1,1
03.08.2021 00:44:21.322,0.7369600000000001,0.73687,1,1
03.08.2021 00:44:24.289,0.73695,0.73687,1,1
03.08.2021 00:44:24.390,0.7369600000000001,0.73687,1,1
03.08.2021 00:44:34.103,0.73695,0.73684,1,1.2
03.08.2021 00:44:34.702,0.73695,0.7368600000000001,1,1
03.08.2021 00:44:43.725,0.73694,0.73684,1.5,2.07
03.08.2021 00:44:43.826,0.7369100000000001,0.7368100000000001,1,2
03.08.2021 00:44:43.980,0.7369100000000001,0.7368100000000001,1.25,1
03.08.2021 00:44:44.984,0.7369100000000001,0.7368,1.69,1.1
03.08.2021 00:44:45.035,0.73689,0.73679,1,1.12
03.08.2021 00:44:45.137,0.7368800000000001,0.73679,1,1.12
03.08.2021 00:44:45.403,0.7368800000000001,0.73677,1,1
03.08.2021 00:44:45.504,0.7368600000000001,0.7367800000000001,1,1
03.08.2021 00:44:50.494,0.73687,0.7367800000000001,1,1
03.08.2021 00:45:01.160,0.73687,0.73675,1,1.1
03.08.2021 00:45:01.211,0.73684,0.73675,1,1
03.08.2021 00:45:01.362,0.73684,0.73674,1,1.1
03.08.2021 00:45:03.122,0.73684,0.7367300000000001,1,1
03.08.2021 00:45:05.861,0.73684,0.73674,1,1.57
03.08.2021 00:45:06.644,0.73684,0.7367300000000001,1,1
03.08.2021 00:45:09.545,0.73685,0.7367300000000001,1.5,1
03.08.2021 00:45:18.205,0.73685,0.7367600000000001,1,1
03.08.2021 00:45:18.357,0.73687,0.73675,2.25,1
03.08.2021 00:45:18.977,0.73684,0.73675,1,1
03.08.2021 00:45:23.417,0.7368600000000001,0.7367600000000001,1.87,2.32
03.08.2021 00:45:23.519,0.7368600000000001,0.73677,1.12,1
03.08.2021 00:45:23.722,0.7368800000000001,0.7367600000000001,1.5,1.1
03.08.2021 00:45:23.823,0.7368800000000001,0.73677,1.69,1.95
03.08.2021 00:45:27.555,0.7368800000000001,0.7367800000000001,1.5,1
03.08.2021 00:45:39.603,0.73689,0.7367800000000001,1,2.32
03.08.2021 00:45:39.654,0.7369,0.7368100000000001,1.25,1
03.08.2021 00:45:39.755,0.7369100000000001,0.7368100000000001,1.25,1
03.08.2021 00:45:39.907,0.73692,0.73679,1.25,3.07
03.08.2021 00:45:40.368,0.7369100000000001,0.7368100000000001,1.25,1
03.08.2021 00:45:40.626,0.7369100000000001,0.7368,1.25,1.57
03.08.2021 00:45:42.374,0.73694,0.73682,1,1
03.08.2021 00:45:42.475,0.73695,0.73685,3.39,1
03.08.2021 00:45:42.581,0.73695,0.73685,1.69,1
03.08.2021 00:45:44.025,0.7369800000000001,0.73685,3.94,2.25
03.08.2021 00:45:44.691,0.7369800000000001,0.73687,2.69,1
03.08.2021 00:45:45.216,0.7369800000000001,0.73687,1.69,1
03.08.2021 00:45:46.204,0.73699,0.73687,1.69,1
03.08.2021 00:45:46.467,0.73699,0.7368800000000001,3.94,1
03.08.2021 00:45:51.688,0.7369800000000001,0.73687,1.25,1
03.08.2021 00:45:51.834,0.7369800000000001,0.7368800000000001,1.25,1
03.08.2021 00:45:54.100,0.7369800000000001,0.73687,1.25,2.25
03.08.2021 00:45:54.359,0.7369800000000001,0.73687,2.5,1.5
03.08.2021 00:45:56.474,0.73699,0.7368800000000001,3.7,1
03.08.2021 00:46:02.021,0.73699,0.73689,1.25,1
03.08.2021 00:46:02.123,0.737,0.7369,1.69,1
03.08.2021 00:46:05.707,0.737,0.7369,2.57,1
03.08.2021 00:46:05.808,0.73699,0.7369,1.75,1
03.08.2021 00:46:29.539,0.73699,0.73689,3.25,1
03.08.2021 00:46:33.132,0.73697,0.7368800000000001,1.25,1
03.08.2021 00:46:33.233,0.7369600000000001,0.73687,1.25,1
03.08.2021 00:46:33.385,0.73697,0.73687,2.44,1
03.08.2021 00:46:33.486,0.7369800000000001,0.7368800000000001,1.31,1
03.08.2021 00:46:34.184,0.73699,0.73687,1.75,1
03.08.2021 00:46:34.285,0.7369800000000001,0.7368800000000001,1.25,1
03.08.2021 00:46:34.392,0.7369800000000001,0.7368800000000001,1.75,1
03.08.2021 00:46:34.594,0.7369800000000001,0.7368800000000001,1.69,1
03.08.2021 00:46:35.243,0.7369800000000001,0.7368800000000001,2.5,1
03.08.2021 00:46:35.496,0.7369800000000001,0.7368800000000001,1.69,1
03.08.2021 00:46:35.598,0.73697,0.7368800000000001,1.25,1
03.08.2021 00:46:35.800,0.7369800000000001,0.7368800000000001,1.69,1
03.08.2021 00:46:35.901,0.73699,0.73687,2.5,1
03.08.2021 00:46:36.204,0.7369800000000001,0.7368800000000001,1.69,1
03.08.2021 00:46:42.444,0.7369800000000001,0.73685,3.51,1.5
03.08.2021 00:46:43.955,0.73699,0.73689,3.94,1
03.08.2021 00:46:44.894,0.737,0.73689,3.26,1.5
03.08.2021 00:47:02.782,0.73701,0.7369100000000001,1.25,1
03.08.2021 00:47:06.439,0.737,0.7369,1.5,1.5
03.08.2021 00:47:12.837,0.7369800000000001,0.73689,2.5,1
03.08.2021 00:47:12.938,0.73697,0.7368800000000001,1.69,1.12
03.08.2021 00:47:13.040,0.7369800000000001,0.7368800000000001,5.14,1
03.08.2021 00:47:13.141,0.73699,0.7368800000000001,1,1
03.08.2021 00:47:13.242,0.73699,0.73689,2.44,1
03.08.2021 00:47:13.915,0.737,0.73689,3.56,1
03.08.2021 00:47:15.451,0.73699,0.73689,1.25,1
03.08.2021 00:47:15.554,0.7369800000000001,0.7368800000000001,2.44,1
03.08.2021 00:47:28.214,0.7369600000000001,0.7368600000000001,1.5,1.87
03.08.2021 00:47:28.315,0.7369800000000001,0.7368800000000001,2.44,1
03.08.2021 00:47:29.364,0.73699,0.7369,1,1
03.08.2021 00:47:29.466,0.737,0.7369,3.56,1
03.08.2021 00:47:31.584,0.73702,0.7369,2.44,1
03.08.2021 00:47:32.939,0.7370300000000001,0.7369,1.69,1.5
03.08.2021 00:47:33.041,0.7370300000000001,0.7369100000000001,1.69,1
03.08.2021 00:47:45.956,0.73701,0.7369,1.5,1.5
03.08.2021 00:47:46.057,0.73701,0.7369100000000001,1,1
03.08.2021 00:47:58.013,0.737,0.73689,2.32,1.87
03.08.2021 00:47:58.114,0.73699,0.73689,1,1.87
03.08.2021 00:48:00.840,0.7369800000000001,0.73689,1.25,1
03.08.2021 00:48:00.941,0.73697,0.73687,1,1.5
03.08.2021 00:48:04.826,0.73697,0.73685,1,1.1
03.08.2021 00:48:04.927,0.73697,0.73687,1.5,1
03.08.2021 00:48:05.461,0.7369600000000001,0.7368600000000001,1,1.57
03.08.2021 00:48:05.563,0.73695,0.7368300000000001,1,1.57
03.08.2021 00:48:12.499,0.7369300000000001,0.7368300000000001,1,2.7
03.08.2021 00:48:16.381,0.7369100000000001,0.7368100000000001,1.5,2
03.08.2021 00:48:16.584,0.7369100000000001,0.7368100000000001,3.19,1
03.08.2021 00:48:16.687,0.7369,0.7368,1.5,1.12
03.08.2021 00:48:16.789,0.7369100000000001,0.7367800000000001,3.26,1.5
03.08.2021 00:48:17.863,0.7369,0.7367800000000001,1,1.5
03.08.2021 00:48:28.315,0.73694,0.7368600000000001,2.87,3.07
03.08.2021 00:48:28.366,0.737,0.7369,1.25,2.32
03.08.2021 00:48:28.417,0.737,0.73692,1.37,2.14
03.08.2021 00:48:28.518,0.737,0.7369,1,1.12
03.08.2021 00:48:28.569,0.7370300000000001,0.7369,1,2.06
03.08.2021 00:48:30.410,0.73702,0.73689,1.69,1
03.08.2021 00:48:31.694,0.73701,0.73689,1,1
03.08.2021 00:48:35.387,0.7370300000000001,0.7369100000000001,3.56,1
03.08.2021 00:48:36.725,0.7370300000000001,0.7369,1,2.7
03.08.2021 00:48:36.950,0.73701,0.7369100000000001,1.69,1.87
03.08.2021 00:48:40.358,0.737,0.7369,1,1.5
03.08.2021 00:48:52.958,0.73701,0.7369100000000001,1,1.5
03.08.2021 00:49:06.374,0.737,0.7369100000000001,1.25,1
03.08.2021 00:49:06.475,0.73701,0.73689,1.69,1.5
03.08.2021 00:49:59.477,0.73699,0.7369,1.25,1
03.08.2021 00:50:00.367,0.73701,0.73689,1.69,1
03.08.2021 00:50:01.241,0.73702,0.73689,1.25,2.25
03.08.2021 00:50:01.343,0.73702,0.73692,1.31,1
03.08.2021 00:50:01.445,0.7370300000000001,0.73692,1.25,1
03.08.2021 00:50:04.590,0.73704,0.73692,1.69,1
03.08.2021 00:50:04.691,0.73704,0.7369300000000001,2.81,3
03.08.2021 00:50:04.793,0.73704,0.73694,1.69,1
03.08.2021 00:50:23.554,0.73705,0.73695,1.5,1
03.08.2021 00:50:23.656,0.73705,0.73694,1.69,2.62
03.08.2021 00:50:26.325,0.73705,0.73694,2.69,2.25
03.08.2021 00:50:36.512,0.73705,0.73694,1.69,2.25
03.08.2021 00:50:44.459,0.73704,0.73694,1.75,2.25
03.08.2021 00:50:44.561,0.73705,0.73694,2.87,1.5
03.08.2021 00:50:45.325,0.73706,0.7369300000000001,1.69,1.5
03.08.2021 00:50:45.578,0.73705,0.73694,2.5,1.5
03.08.2021 00:50:50.960,0.73706,0.7369300000000001,1.69,1.5
03.08.2021 00:50:56.938,0.73705,0.73695,1.25,1
03.08.2021 00:50:57.090,0.73706,0.73695,2.81,1
03.08.2021 00:50:59.594,0.73707,0.7369600000000001,3.32,1.5
03.08.2021 00:50:59.696,0.7370800000000001,0.7369800000000001,2.44,1
03.08.2021 00:50:59.908,0.7370800000000001,0.7369800000000001,2.69,1
03.08.2021 00:51:00.758,0.73709,0.73697,1.69,1.5
03.08.2021 00:51:00.968,0.7371000000000001,0.7369800000000001,3.62,1
03.08.2021 00:51:01.069,0.73709,0.7369800000000001,3.25,1.5
03.08.2021 00:51:01.373,0.7371000000000001,0.73697,1.69,2.25
03.08.2021 00:51:14.365,0.73707,0.73697,2.25,1
03.08.2021 00:51:14.466,0.73706,0.7369600000000001,1,1.12
03.08.2021 00:51:14.619,0.73707,0.73694,3.44,2.25
03.08.2021 00:51:14.720,0.73704,0.73695,1,1
03.08.2021 00:51:16.494,0.73704,0.73694,1.25,1
03.08.2021 00:51:17.914,0.73704,0.7369300000000001,1.25,2.62
03.08.2021 00:51:21.823,0.73704,0.73694,1.25,1
03.08.2021 00:51:22.608,0.7370300000000001,0.73692,2.44,2.25
03.08.2021 00:51:22.759,0.7370300000000001,0.73692,3.44,1.5
03.08.2021 00:51:26.805,0.7370300000000001,0.73692,2.44,1.5
03.08.2021 00:51:28.549,0.73702,0.73692,1,1.5
03.08.2021 00:51:29.246,0.737,0.7369,1,1.87
03.08.2021 00:51:38.485,0.73702,0.7369,2.25,2.89
03.08.2021 00:51:38.639,0.73702,0.7369,2.25,3.01
03.08.2021 00:51:39.745,0.73702,0.7369,2.25,3.64
03.08.2021 00:51:40.646,0.73701,0.7369,1.5,1.87
03.08.2021 00:51:40.748,0.73701,0.73689,1,1.87
03.08.2021 00:51:42.867,0.737,0.73689,1,1.69
03.08.2021 00:51:59.726,0.73699,0.7368600000000001,1.5,2.25
03.08.2021 00:51:59.828,0.7369600000000001,0.7368600000000001,1,1.5
03.08.2021 00:51:59.929,0.7369600000000001,0.7368600000000001,1,1
03.08.2021 00:52:00.031,0.73695,0.73685,1,2.25
03.08.2021 00:52:00.133,0.7369600000000001,0.7368300000000001,2.44,1.5
03.08.2021 00:52:03.285,0.73695,0.73685,1,1.25
03.08.2021 00:52:03.487,0.73695,0.73684,2.44,1.5
03.08.2021 00:52:23.717,0.7369300000000001,0.7368300000000001,2.25,1
03.08.2021 00:52:40.592,0.7369300000000001,0.73684,1,2.44
03.08.2021 00:52:40.693,0.7369600000000001,0.73684,1.5,1.25
03.08.2021 00:52:40.845,0.7369800000000001,0.73687,1.31,1
03.08.2021 00:52:40.997,0.73699,0.73687,1,1.5
03.08.2021 00:52:43.825,0.737,0.7368800000000001,3.07,1
03.08.2021 00:53:03.586,0.7369800000000001,0.7368800000000001,4.01,1
03.08.2021 00:53:04.456,0.7369800000000001,0.73687,2.32,1
03.08.2021 00:53:04.558,0.73697,0.73685,1.25,1
03.08.2021 00:53:04.660,0.7369600000000001,0.7368600000000001,2.57,1
03.08.2021 00:53:05.148,0.73695,0.73684,1.25,1
03.08.2021 00:53:05.428,0.73695,0.73685,1.76,1
03.08.2021 00:53:12.069,0.73694,0.73684,1,1
03.08.2021 00:53:14.672,0.73694,0.7368300000000001,1.5,1.76
03.08.2021 00:53:20.446,0.7369300000000001,0.7368300000000001,1.5,1.69
03.08.2021 00:53:20.548,0.73692,0.7368,1,1.2
03.08.2021 00:53:20.751,0.7369100000000001,0.73679,1,1.1
03.08.2021 00:53:20.853,0.7369,0.73679,1,3.26
03.08.2021 00:53:20.961,0.73689,0.73679,1,2.51
03.08.2021 00:53:28.277,0.73689,0.73679,1,2.76
03.08.2021 00:53:31.438,0.7369,0.73679,1,2.76
03.08.2021 00:53:34.070,0.73692,0.7368300000000001,1,1
03.08.2021 00:53:34.172,0.7369300000000001,0.7368300000000001,1.69,1
03.08.2021 00:53:34.324,0.73692,0.73682,1,1.1
03.08.2021 00:53:39.209,0.73692,0.7368300000000001,1,1
03.08.2021 00:53:39.310,0.7369300000000001,0.7368300000000001,1,1
03.08.2021 00:53:43.790,0.73695,0.73682,2.32,1.5
03.08.2021 00:53:59.041,0.73692,0.73682,2.06,1
03.08.2021 00:53:59.196,0.7369100000000001,0.7368,1,3.07
03.08.2021 00:53:59.736,0.7369,0.7368,1,2.25
03.08.2021 00:54:02.918,0.7369,0.73679,1.57,1
03.08.2021 00:54:02.969,0.73687,0.73677,1.25,1.87
03.08.2021 00:54:03.121,0.73687,0.7367600000000001,3.26,1.5
03.08.2021 00:54:04.885,0.7368600000000001,0.7367600000000001,2.32,1.5
03.08.2021 00:54:04.986,0.73685,0.73675,2.51,1
03.08.2021 00:54:07.812,0.7368600000000001,0.73674,3.25,1
03.08.2021 00:54:07.863,0.73685,0.73672,1.69,2.32
03.08.2021 00:54:08.394,0.73685,0.73674,1.5,1
03.08.2021 00:54:08.495,0.73685,0.73675,1,1.5
03.08.2021 00:54:08.698,0.73687,0.73675,1.5,1.69
03.08.2021 00:54:08.799,0.73687,0.73677,1.5,1.5
03.08.2021 00:54:11.344,0.7368800000000001,0.7367800000000001,1.5,1.12
03.08.2021 00:54:11.446,0.73689,0.7367800000000001,1,2.81
03.08.2021 00:54:11.863,0.73689,0.73679,1,1.25
03.08.2021 00:54:13.311,0.73692,0.7368,1,1.5
03.08.2021 00:54:13.463,0.7369300000000001,0.73682,2.25,1
03.08.2021 00:54:13.565,0.73694,0.7368300000000001,1.5,1.87
03.08.2021 00:54:15.614,0.73694,0.73684,1,1
03.08.2021 00:54:16.020,0.73694,0.7368300000000001,1.5,1.5
03.08.2021 00:54:16.616,0.7369300000000001,0.7368300000000001,1.25,1
03.08.2021 00:54:16.718,0.7369300000000001,0.7368,1.5,1.5
03.08.2021 00:54:17.031,0.7369100000000001,0.73679,1,1
03.08.2021 00:54:18.032,0.73689,0.73677,1,1
03.08.2021 00:54:19.280,0.73687,0.73677,1,1
03.08.2021 00:54:20.676,0.7368800000000001,0.73675,1,2.62
03.08.2021 00:54:23.865,0.7368600000000001,0.73674,1,2.25
03.08.2021 00:54:25.286,0.7368800000000001,0.73677,2.62,1
03.08.2021 00:54:25.438,0.73689,0.7367800000000001,3.5,1
03.08.2021 00:54:25.539,0.73689,0.7367800000000001,3,1
03.08.2021 00:54:29.403,0.73689,0.7367800000000001,1,3.5
03.08.2021 00:54:29.612,0.7369,0.73677,1,4.5
03.08.2021 00:54:29.798,0.73689,0.7367800000000001,1,4.25
03.08.2021 00:54:30.051,0.7369100000000001,0.7367800000000001,1.5,2.25
03.08.2021 00:54:30.768,0.7369,0.7368,1,1
03.08.2021 00:54:45.409,0.7369,0.73679,1.5,3.37
03.08.2021 00:54:47.544,0.7369100000000001,0.73679,1,1
03.08.2021 00:54:49.466,0.7369300000000001,0.7368100000000001,1,1.69
03.08.2021 00:54:49.567,0.7369300000000001,0.7368300000000001,1.5,1
03.08.2021 00:54:51.607,0.73695,0.7368300000000001,1.5,1
03.08.2021 00:54:52.087,0.73695,0.73684,1.25,2.25
03.08.2021 00:54:53.382,0.7369600000000001,0.73685,3.19,1
03.08.2021 00:54:53.547,0.73699,0.73687,4.31,1
03.08.2021 00:54:54.423,0.73699,0.73689,1.5,1
03.08.2021 00:54:54.527,0.737,0.73689,2.44,1.5
03.08.2021 00:54:55.604,0.73699,0.73689,1.25,1
03.08.2021 00:54:55.706,0.737,0.73689,2.44,1
03.08.2021 00:54:58.180,0.73701,0.73689,1,1.5
03.08.2021 00:55:00.227,0.73697,0.7369,2.06,1
03.08.2021 00:55:00.333,0.7369300000000001,0.73684,1,1
03.08.2021 00:55:00.435,0.73692,0.7368300000000001,1.5,1
03.08.2021 00:55:00.485,0.7369,0.73679,1,5.32
03.08.2021 00:55:00.638,0.7369100000000001,0.7368,1,1
03.08.2021 00:55:00.690,0.7369300000000001,0.73682,1.69,2.7
03.08.2021 00:55:00.791,0.73692,0.73682,1,1.5
03.08.2021 00:55:00.893,0.73692,0.7368,1.5,1
03.08.2021 00:55:00.995,0.7369100000000001,0.7368,1,2.32
03.08.2021 00:55:01.469,0.73692,0.7368,1,1.1
03.08.2021 00:55:02.037,0.7369300000000001,0.7368300000000001,1.57,1
03.08.2021 00:55:02.391,0.7369300000000001,0.73682,1.76,1
03.08.2021 00:55:03.133,0.7369100000000001,0.7368100000000001,1,1
03.08.2021 00:55:03.235,0.7369,0.73679,2.25,1.2
03.08.2021 00:55:03.387,0.7368800000000001,0.7367800000000001,1,1.95
03.08.2021 00:55:03.845,0.7369100000000001,0.7367800000000001,1,4.04
03.08.2021 00:55:03.998,0.7369100000000001,0.7368,1,2.91
03.08.2021 00:55:05.607,0.7369100000000001,0.7368,1,3.26
03.08.2021 00:55:05.861,0.7369100000000001,0.7368,1,3.01
03.08.2021 00:55:08.263,0.73692,0.73679,1,2.7
03.08.2021 00:55:08.415,0.73692,0.73679,1,3.47
03.08.2021 00:55:08.769,0.7369100000000001,0.7368,1,2.7
03.08.2021 00:55:08.940,0.7369100000000001,0.7368,1,2.07
03.08.2021 00:55:09.041,0.7369300000000001,0.73679,2.7,2.82
03.08.2021 00:55:09.143,0.7369100000000001,0.7368,1,1.95
03.08.2021 00:55:09.447,0.7369100000000001,0.7368,1,2.07
03.08.2021 00:55:09.548,0.73692,0.73679,1,1.95
03.08.2021 00:55:09.650,0.7369,0.7367800000000001,1,2.07
03.08.2021 00:55:09.701,0.7369,0.73677,1,3.07
03.08.2021 00:55:09.853,0.73689,0.73677,1.5,1
03.08.2021 00:55:13.750,0.73687,0.7367600000000001,2.25,1.76
03.08.2021 00:55:13.852,0.73685,0.73675,2.44,1.87
03.08.2021 00:55:13.953,0.73684,0.73674,1,1.1
03.08.2021 00:55:14.105,0.7368300000000001,0.73674,1,1
03.08.2021 00:55:18.314,0.73685,0.7367300000000001,1,1.12
03.08.2021 00:55:18.416,0.73685,0.73674,2.81,1.2
03.08.2021 00:55:19.533,0.73685,0.73674,5.39,1
03.08.2021 00:55:19.584,0.7368300000000001,0.73672,1.5,3.07
03.08.2021 00:55:26.090,0.73684,0.7367100000000001,1,4.04
03.08.2021 00:55:26.992,0.7368300000000001,0.73672,1,4.01
03.08.2021 00:55:30.094,0.73684,0.7367300000000001,1.5,2.51
03.08.2021 00:55:30.195,0.73684,0.7367300000000001,1.5,2.54
03.08.2021 00:55:33.250,0.73685,0.73672,1.25,1.95
03.08.2021 00:55:36.916,0.73684,0.7367300000000001,1.5,3.29
03.08.2021 00:55:37.328,0.73684,0.7367300000000001,1.5,2.89
03.08.2021 00:55:39.184,0.7368300000000001,0.73672,1,5.14
03.08.2021 00:55:39.336,0.7368300000000001,0.73672,1.5,4.41
03.08.2021 00:55:40.310,0.7368300000000001,0.73672,1.5,4.01
03.08.2021 00:55:41.001,0.7368300000000001,0.7367100000000001,1,2.89
03.08.2021 00:55:41.153,0.7368300000000001,0.73672,1,3.64
03.08.2021 00:55:45.150,0.7368300000000001,0.73672,1,4.04
03.08.2021 00:55:45.301,0.73684,0.7367100000000001,1,4.01
03.08.2021 00:55:45.503,0.73684,0.73672,1,1.76
03.08.2021 00:55:45.604,0.73684,0.7367300000000001,1.5,2.14
03.08.2021 00:55:47.693,0.73684,0.73672,1,2.89
03.08.2021 00:55:47.794,0.7368300000000001,0.7367300000000001,1,2.91
03.08.2021 00:55:54.964,0.7368300000000001,0.7367300000000001,1,2.14
03.08.2021 00:56:00.081,0.73685,0.73674,2.51,1
03.08.2021 00:56:05.155,0.73684,0.73674,1,1.1
03.08.2021 00:56:08.295,0.73685,0.73674,3.19,1.1
03.08.2021 00:56:19.164,0.7368300000000001,0.7367300000000001,1,4.41
03.08.2021 00:56:19.266,0.7368300000000001,0.7367,1.25,4.25
03.08.2021 00:56:19.418,0.73682,0.7367100000000001,1.25,2.25
03.08.2021 00:56:21.195,0.7368300000000001,0.7367300000000001,1.5,1.12
03.08.2021 00:56:21.399,0.73684,0.73674,1,1
03.08.2021 00:56:21.880,0.73685,0.7367300000000001,3.07,3.2
03.08.2021 00:56:41.849,0.73685,0.7367300000000001,1,1.87
03.08.2021 00:56:42.689,0.73685,0.73675,1,1
03.08.2021 00:56:43.485,0.73687,0.73675,1.5,1.12
03.08.2021 00:56:43.586,0.7368800000000001,0.73677,2.81,1
03.08.2021 00:56:43.691,0.73687,0.7367600000000001,1,2.62
03.08.2021 00:56:45.679,0.73687,0.73677,1.5,1
03.08.2021 00:56:45.882,0.73687,0.73677,1,1.5
03.08.2021 00:56:45.983,0.73689,0.7367600000000001,2.25,1
03.08.2021 00:56:48.977,0.7368600000000001,0.73675,2.25,2.44
03.08.2021 00:56:49.079,0.73685,0.73674,1.5,2.75
03.08.2021 00:56:49.180,0.73684,0.73674,1,1.5
03.08.2021 00:56:49.590,0.7368300000000001,0.7367,2.25,2.26
03.08.2021 00:56:49.691,0.7368100000000001,0.7367100000000001,1,1.5
03.08.2021 00:56:49.793,0.7368100000000001,0.7367100000000001,1,1
03.08.2021 00:56:51.839,0.73682,0.73672,2.62,1
03.08.2021 00:56:56.391,0.73682,0.7367300000000001,1.12,1
03.08.2021 00:57:05.075,0.7368300000000001,0.7367300000000001,2.62,1
03.08.2021 00:57:15.697,0.73682,0.7367300000000001,1.25,1
03.08.2021 00:57:21.087,0.7368300000000001,0.7367300000000001,2.62,1
03.08.2021 00:57:26.224,0.73682,0.7367300000000001,1,1
03.08.2021 00:57:26.326,0.73682,0.7367100000000001,1,1
03.08.2021 00:57:26.428,0.73679,0.7367,1,1
03.08.2021 00:57:26.530,0.7367800000000001,0.73669,1,1
03.08.2021 00:57:31.327,0.7367800000000001,0.73669,2.35,1
03.08.2021 00:57:36.201,0.73679,0.73667,2.35,2.25
03.08.2021 00:57:37.939,0.73679,0.73668,2.35,1
03.08.2021 00:57:44.783,0.7367800000000001,0.73668,2.35,2.25
03.08.2021 00:57:45.130,0.73679,0.73667,1.1,2.25
03.08.2021 00:57:53.157,0.73679,0.73669,1.1,1
03.08.2021 00:57:54.492,0.73685,0.73672,7.64,1
03.08.2021 00:57:54.594,0.73684,0.73675,1.22,1
03.08.2021 00:57:54.695,0.7368600000000001,0.73674,1,1
03.08.2021 00:57:54.796,0.7368600000000001,0.73675,1.1,1
03.08.2021 00:57:55.683,0.73685,0.73675,1.1,1
03.08.2021 00:57:57.797,0.73684,0.73674,1.6,1.5
03.08.2021 00:58:20.455,0.73685,0.73675,1.6,1
03.08.2021 00:58:24.863,0.7368800000000001,0.7367800000000001,3.6,1
03.08.2021 00:58:25.015,0.73687,0.7367800000000001,1.6,1
03.08.2021 00:58:25.117,0.73687,0.73677,2.35,1
03.08.2021 00:58:25.308,0.7368800000000001,0.73675,2.35,2.25
03.08.2021 00:58:25.662,0.73685,0.7367600000000001,1.1,1
03.08.2021 00:58:25.765,0.73685,0.73675,1.79,1.5
03.08.2021 00:58:35.096,0.73684,0.73672,1.1,1.12
03.08.2021 00:58:35.661,0.73684,0.73674,1.79,1
03.08.2021 00:58:35.763,0.73684,0.73674,1.79,1
03.08.2021 00:58:35.865,0.73685,0.73674,2.54,1
03.08.2021 00:58:38.259,0.73687,0.73677,2.35,1
03.08.2021 00:58:38.663,0.73687,0.73677,1.57,1
03.08.2021 00:58:40.216,0.7368800000000001,0.73679,1,1
03.08.2021 00:58:51.423,0.7368800000000001,0.73677,2.25,2.25
03.08.2021 00:58:51.475,0.73685,0.7367600000000001,1,1.12
03.08.2021 00:58:51.626,0.73685,0.73675,1.5,2.25
03.08.2021 00:58:54.429,0.73687,0.7367600000000001,2.62,2.32
03.08.2021 00:58:54.530,0.73687,0.73677,1.5,1
03.08.2021 00:58:56.363,0.73687,0.7367800000000001,1.5,1
03.08.2021 00:59:02.832,0.7368800000000001,0.7367800000000001,1,1
03.08.2021 00:59:03.841,0.7369,0.73677,1.5,2.62
03.08.2021 00:59:15.062,0.73689,0.7367800000000001,2.91,1.5
03.08.2021 00:59:16.607,0.73687,0.73677,1.1,1
03.08.2021 00:59:16.658,0.73685,0.7367600000000001,1.1,1.12
03.08.2021 00:59:16.760,0.73685,0.73675,1.1,2.25
03.08.2021 00:59:18.124,0.73687,0.7367600000000001,1.79,2.25
03.08.2021 00:59:18.226,0.73687,0.73677,1.1,1
03.08.2021 00:59:26.792,0.73689,0.7367800000000001,2.72,1.5
03.08.2021 00:59:26.893,0.73689,0.73679,2.35,1
03.08.2021 00:59:27.281,0.73689,0.7367800000000001,2.35,1.5
03.08.2021 00:59:31.725,0.7368600000000001,0.7367800000000001,1.01,1
03.08.2021 00:59:31.776,0.7368600000000001,0.7367600000000001,1.1,1
03.08.2021 00:59:31.980,0.73687,0.7367600000000001,1.57,1.5
03.08.2021 00:59:36.947,0.7368800000000001,0.73677,2.35,1
03.08.2021 00:59:38.853,0.7368800000000001,0.73677,1.57,2.62
03.08.2021 00:59:41.994,0.7368800000000001,0.73677,2.54,1.5
03.08.2021 00:59:48.675,0.73689,0.7367600000000001,2.32,1.87
03.08.2021 00:59:48.877,0.73689,0.73677,1.1,1
03.08.2021 00:59:52.902,0.73689,0.7368,1.6,1
03.08.2021 01:00:00.206,0.7369,0.7368,3.66,1
03.08.2021 01:00:00.409,0.7369,0.7368,1.57,1.5
03.08.2021 01:00:00.539,0.7369100000000001,0.73679,1.6,2.25
03.08.2021 01:00:00.893,0.7369,0.7368,1.57,2.62
03.08.2021 01:00:01.046,0.7369100000000001,0.7368100000000001,2.35,1
03.08.2021 01:00:01.198,0.73692,0.7368100000000001,1.57,1
03.08.2021 01:00:01.299,0.7369600000000001,0.73685,2,1.5
03.08.2021 01:00:01.401,0.7369600000000001,0.7368600000000001,1.25,1.5
03.08.2021 01:00:01.452,0.73697,0.7368800000000001,1,1
03.08.2021 01:00:01.910,0.7369800000000001,0.7368800000000001,1.5,1
03.08.2021 01:00:02.012,0.737,0.7368800000000001,1,1
03.08.2021 01:00:04.493,0.737,0.73689,1,1.5
03.08.2021 01:00:06.038,0.7370300000000001,0.73692,7.04,1
03.08.2021 01:00:06.241,0.7370300000000001,0.73692,2.7,1
03.08.2021 01:00:06.343,0.73704,0.73694,2.75,1
03.08.2021 01:00:06.444,0.73705,0.73694,2.25,1.5
03.08.2021 01:00:06.546,0.73709,0.73697,2.56,1
03.08.2021 01:00:06.597,0.7370800000000001,0.73695,2.19,1.5
03.08.2021 01:00:06.698,0.73707,0.7369600000000001,3.26,1
03.08.2021 01:00:06.799,0.73705,0.73695,1,2.25
03.08.2021 01:00:07.102,0.7370800000000001,0.73695,1.5,2.25
03.08.2021 01:00:07.906,0.73706,0.73695,1.5,2.51
03.08.2021 01:00:08.241,0.73706,0.7369600000000001,1,1
03.08.2021 01:00:08.343,0.73706,0.73695,1,3.26
03.08.2021 01:00:08.457,0.73706,0.7369600000000001,1,1
03.08.2021 01:00:10.923,0.73707,0.7369600000000001,3,1.5
03.08.2021 01:00:11.729,0.73706,0.73695,1,3
03.08.2021 01:00:11.831,0.73706,0.73694,1.25,1.5
03.08.2021 01:00:12.310,0.73704,0.73694,1,1.5
03.08.2021 01:00:22.039,0.7370300000000001,0.73694,1,1
03.08.2021 01:00:22.140,0.7370300000000001,0.7369300000000001,1,1.5
03.08.2021 01:00:29.539,0.73704,0.7369300000000001,1,1
03.08.2021 01:00:37.120,0.73704,0.73694,1,1.5
03.08.2021 01:00:40.130,0.73707,0.73697,1.5,2.06
03.08.2021 01:00:40.232,0.73707,0.7369800000000001,1.5,1
03.08.2021 01:00:40.334,0.73707,0.7369800000000001,1,1
03.08.2021 01:00:42.039,0.7370800000000001,0.73701,1,1
03.08.2021 01:00:42.090,0.7371000000000001,0.73701,1.12,1
03.08.2021 01:00:42.141,0.73712,0.7370300000000001,1,1
03.08.2021 01:00:42.243,0.7371300000000001,0.73702,1,4.94
03.08.2021 01:00:42.647,0.7371300000000001,0.73702,1,4.39
03.08.2021 01:00:46.289,0.73714,0.73704,1,1.25
03.08.2021 01:00:49.000,0.73714,0.73702,1.5,1.5
03.08.2021 01:00:49.211,0.7371300000000001,0.73702,2.14,1.5
03.08.2021 01:00:50.293,0.73712,0.73702,1,1.5
03.08.2021 01:00:50.596,0.7371000000000001,0.73701,1.25,1
03.08.2021 01:00:50.698,0.7370800000000001,0.73699,1,1.5
03.08.2021 01:00:50.849,0.7370800000000001,0.7369800000000001,1,1.5
03.08.2021 01:00:55.590,0.7370800000000001,0.73697,1,1
03.08.2021 01:00:55.691,0.7371000000000001,0.73699,3.01,1
03.08.2021 01:00:55.742,0.7371000000000001,0.73699,2.51,1
03.08.2021 01:00:59.063,0.7371000000000001,0.73699,1.79,1
03.08.2021 01:01:00.730,0.73711,0.73701,1.6,1
03.08.2021 01:01:00.984,0.73711,0.73701,1.6,1
03.08.2021 01:01:01.996,0.7370800000000001,0.73699,1.1,1
03.08.2021 01:01:02.047,0.7370800000000001,0.73697,1.6,1.5
03.08.2021 01:01:02.199,0.7370800000000001,0.7369800000000001,1.6,1
03.08.2021 01:01:02.930,0.7370800000000001,0.73697,2.35,1
03.08.2021 01:01:03.082,0.7370800000000001,0.73697,1,2.44
03.08.2021 01:01:03.133,0.73709,0.73699,1.87,1
03.08.2021 01:01:03.387,0.7371000000000001,0.737,1,2.44
03.08.2021 01:01:03.488,0.73712,0.73702,1.5,1
03.08.2021 01:01:03.590,0.7371500000000001,0.7370300000000001,2.75,1
03.08.2021 01:01:03.692,0.73714,0.73705,1,1.25
03.08.2021 01:01:04.879,0.73714,0.73704,2.25,1
03.08.2021 01:01:04.980,0.7371300000000001,0.7370300000000001,1,1.25
03.08.2021 01:01:06.255,0.73714,0.73704,1,1
03.08.2021 01:01:08.165,0.73714,0.7370300000000001,2.7,1
03.08.2021 01:01:08.368,0.7371500000000001,0.73702,3.57,1
03.08.2021 01:01:09.545,0.73714,0.7370300000000001,2.7,1
03.08.2021 01:01:13.314,0.73714,0.73702,3.45,3.19
03.08.2021 01:01:13.415,0.7371300000000001,0.73702,1,2.44
03.08.2021 01:01:14.430,0.73714,0.73702,3.45,3.19
03.08.2021 01:01:14.550,0.73714,0.7370300000000001,3.37,1
03.08.2021 01:01:17.953,0.73716,0.7370300000000001,2.7,1
03.08.2021 01:01:21.510,0.73714,0.7370300000000001,4.26,1
03.08.2021 01:01:21.611,0.73712,0.73702,1,2.62
03.08.2021 01:01:24.523,0.73711,0.73701,1,1.5
03.08.2021 01:01:25.029,0.7370800000000001,0.737,1,2.25
03.08.2021 01:01:25.131,0.73706,0.73697,1,1.5
03.08.2021 01:01:25.233,0.73707,0.73697,1.25,1
03.08.2021 01:01:25.335,0.7370800000000001,0.73695,1.25,2.32
03.08.2021 01:01:27.161,0.7370800000000001,0.7369600000000001,1.25,1
03.08.2021 01:01:28.726,0.73709,0.7369600000000001,2.81,1.5
03.08.2021 01:01:29.413,0.73707,0.73697,1,1
03.08.2021 01:01:29.515,0.7370800000000001,0.73695,1.5,1.69
03.08.2021 01:01:29.717,0.7370800000000001,0.73697,2.06,1
03.08.2021 01:01:30.025,0.7370800000000001,0.7369800000000001,2.62,1
03.08.2021 01:01:30.127,0.7370800000000001,0.73697,2.81,1
03.08.2021 01:01:32.733,0.73707,0.73695,1,1.5
03.08.2021 01:01:40.032,0.73705,0.7369600000000001,1,1
03.08.2021 01:01:40.504,0.73704,0.73694,1,1.5
03.08.2021 01:01:40.658,0.7370300000000001,0.73694,1,1
03.08.2021 01:01:40.760,0.73702,0.7369100000000001,1,2.75
03.08.2021 01:01:40.861,0.73702,0.7369100000000001,1,2.25
03.08.2021 01:01:45.424,0.73701,0.7369,1,2.62
03.08.2021 01:01:45.576,0.73701,0.73689,1,1.5
03.08.2021 01:01:45.626,0.7369800000000001,0.7368800000000001,1,1.12
03.08.2021 01:01:45.728,0.7369800000000001,0.73687,1.76,1
03.08.2021 01:01:48.504,0.73697,0.73687,1,1
03.08.2021 01:01:51.033,0.73689,0.7368100000000001,1,3
03.08.2021 01:01:51.236,0.7368800000000001,0.7368100000000001,1,1
03.08.2021 01:01:51.286,0.7368800000000001,0.73677,1,3.26
03.08.2021 01:01:52.978,0.73689,0.73677,1,1
03.08.2021 01:01:53.029,0.7369100000000001,0.7368,1,1.5
03.08.2021 01:01:53.131,0.73694,0.7368100000000001,2.37,2.44
03.08.2021 01:01:53.182,0.7369300000000001,0.73682,1.12,2.44
03.08.2021 01:01:53.592,0.73694,0.7368300000000001,2.25,3.37
03.08.2021 01:01:56.178,0.73694,0.73684,1.5,1.25
03.08.2021 01:01:56.230,0.7369600000000001,0.7368600000000001,1.87,1
03.08.2021 01:01:56.585,0.7369600000000001,0.73685,2.25,1.5
03.08.2021 01:01:57.285,0.7369600000000001,0.7368600000000001,1.5,1
03.08.2021 01:01:57.674,0.7369600000000001,0.73687,1,1.69
