Gmt time,Ask,Bid,AskVolume,BidVolume
19.08.2021 00:00:00.643,0.72314,0.72304,1,1.5
19.08.2021 00:00:00.694,0.7231500000000001,0.72306,1.31,1.5
19.08.2021 00:00:00.796,0.72317,0.72306,1.35,1
19.08.2021 00:00:00.897,0.72317,0.72309,1.25,1
19.08.2021 00:00:00.948,0.72317,0.72307,1.25,1
19.08.2021 00:00:01.049,0.72318,0.7231000000000001,1.01,1
19.08.2021 00:00:01.100,0.72321,0.7231000000000001,4.09,1
19.08.2021 00:00:01.150,0.72323,0.72311,5.24,1
19.08.2021 00:00:01.403,0.72323,0.72312,1.25,1
19.08.2021 00:00:01.504,0.72323,0.72313,2.39,1
19.08.2021 00:00:02.402,0.72323,0.72313,1.39,1
19.08.2021 00:00:02.978,0.72322,0.72311,3.54,1
19.08.2021 00:00:05.607,0.72322,0.72311,2.19,1
19.08.2021 00:00:05.809,0.72321,0.72312,1.69,1
19.08.2021 00:00:08.326,0.72321,0.72311,2.89,1.5
19.08.2021 00:00:08.427,0.72321,0.72312,2.44,1
19.08.2021 00:00:08.528,0.72323,0.72313,3.01,1
19.08.2021 00:00:08.630,0.72323,0.72313,2.06,1
19.08.2021 00:00:08.832,0.72324,0.72314,1.39,1.5
19.08.2021 00:00:08.933,0.72328,0.72316,2.37,1
19.08.2021 00:00:09.085,0.72327,0.72317,2.06,1.5
19.08.2021 00:00:10.352,0.72327,0.72318,1,1
19.08.2021 00:00:10.453,0.72328,0.72318,2.06,1.5
19.08.2021 00:00:13.307,0.7232500000000001,0.72313,1.57,2
19.08.2021 00:00:13.408,0.72323,0.72314,1,1.5
19.08.2021 00:00:13.509,0.72323,0.72314,1,1
19.08.2021 00:00:13.864,0.72322,0.72314,1,1
19.08.2021 00:00:16.703,0.72322,0.72313,1.25,1
19.08.2021 00:00:19.880,0.72321,0.72313,1.25,1
19.08.2021 00:00:19.981,0.72323,0.72311,4.26,1
19.08.2021 00:00:20.184,0.72323,0.72311,2.81,1.5
19.08.2021 00:00:21.404,0.72322,0.72313,2.06,1
19.08.2021 00:00:22.377,0.72322,0.72312,2.81,1.5
19.08.2021 00:00:23.398,0.7232000000000001,0.72312,1,1.5
19.08.2021 00:00:23.449,0.72321,0.72309,3.19,2.25
19.08.2021 00:00:23.552,0.7232000000000001,0.72309,1.01,1
19.08.2021 00:00:23.653,0.72318,0.7231000000000001,1,1
19.08.2021 00:00:23.968,0.72319,0.72307,1.69,2.25
19.08.2021 00:00:25.597,0.72317,0.7230800000000001,1,1.5
19.08.2021 00:00:28.353,0.72318,0.72309,1.12,1
19.08.2021 00:00:29.177,0.72317,0.72309,1.25,1
19.08.2021 00:00:29.531,0.72319,0.7230800000000001,1.69,1
19.08.2021 00:00:32.027,0.72318,0.72309,4.71,1
19.08.2021 00:00:32.332,0.72318,0.7230800000000001,5.46,1
19.08.2021 00:00:32.433,0.72318,0.72309,3.14,1
19.08.2021 00:00:38.233,0.72318,0.72306,3.32,1
19.08.2021 00:00:38.334,0.7231500000000001,0.7230500000000001,1.25,2.62
19.08.2021 00:00:38.436,0.7231500000000001,0.72304,1,1.5
19.08.2021 00:00:38.618,0.72313,0.72304,1,1.12
19.08.2021 00:00:39.727,0.72313,0.7230300000000001,2.14,2.25
19.08.2021 00:00:39.828,0.72312,0.7230300000000001,1.25,1
19.08.2021 00:00:47.983,0.72313,0.7230300000000001,2.81,1.5
19.08.2021 00:00:48.558,0.72316,0.72307,2.25,1
19.08.2021 00:00:54.891,0.72316,0.72306,1.5,2.25
19.08.2021 00:00:55.182,0.72317,0.72306,1,1
19.08.2021 00:00:55.283,0.72317,0.72307,1.25,1.5
19.08.2021 00:00:57.230,0.72317,0.72309,1.25,1
19.08.2021 00:00:57.281,0.72319,0.72309,1.31,2.25
19.08.2021 00:00:58.442,0.72321,0.72311,4.39,1
19.08.2021 00:01:00.824,0.72322,0.72312,1.5,1
19.08.2021 00:01:01.177,0.72321,0.72311,1.5,1.5
19.08.2021 00:01:01.821,0.72321,0.72312,1,1
19.08.2021 00:01:06.605,0.72322,0.72312,2.44,1.5
19.08.2021 00:01:06.959,0.72323,0.72312,1,1
19.08.2021 00:01:13.853,0.72321,0.72313,1,1
19.08.2021 00:01:14.453,0.7232000000000001,0.72309,1,2.81
19.08.2021 00:01:14.504,0.72317,0.72309,1,1.12
19.08.2021 00:01:14.605,0.72317,0.7230800000000001,1,1.5
19.08.2021 00:01:21.454,0.72317,0.72307,3.16,1
19.08.2021 00:01:21.556,0.72317,0.7230500000000001,1.01,1.5
19.08.2021 00:01:23.775,0.72316,0.72307,1,1.5
19.08.2021 00:01:23.876,0.72318,0.72306,2.06,1.5
19.08.2021 00:01:27.662,0.72317,0.72307,2.39,1.5
19.08.2021 00:01:28.991,0.72317,0.72307,2.14,1.5
19.08.2021 00:01:33.209,0.72317,0.7230800000000001,1.25,1
19.08.2021 00:01:48.898,0.7231500000000001,0.72306,1.31,1
19.08.2021 00:01:49.000,0.72314,0.7230500000000001,2.5,1.5
19.08.2021 00:01:49.800,0.7231500000000001,0.7230500000000001,2.12,1.5
19.08.2021 00:01:49.901,0.7231500000000001,0.7230500000000001,1.31,1.5
19.08.2021 00:01:50.002,0.7231500000000001,0.72306,1.25,1
19.08.2021 00:01:52.921,0.72316,0.72307,2.87,1
19.08.2021 00:01:55.348,0.72316,0.72307,2.81,1
19.08.2021 00:01:58.193,0.72317,0.7230800000000001,2.81,1
19.08.2021 00:01:59.069,0.72317,0.72309,1,1
19.08.2021 00:02:00.245,0.72318,0.72309,2.81,1
19.08.2021 00:02:00.397,0.7232000000000001,0.72312,1,1
19.08.2021 00:02:00.498,0.72322,0.72313,1.75,1
19.08.2021 00:02:00.599,0.72322,0.72313,1.25,1
19.08.2021 00:02:01.679,0.72324,0.72313,2.14,1
19.08.2021 00:02:07.678,0.72323,0.72314,3.06,1
19.08.2021 00:02:08.783,0.72324,0.72314,2.07,1.69
19.08.2021 00:02:08.885,0.7232500000000001,0.7231500000000001,1.25,1
19.08.2021 00:02:10.387,0.72324,0.7231500000000001,2.81,1
19.08.2021 00:02:20.326,0.72328,0.72316,1.75,1.5
19.08.2021 00:02:20.427,0.72329,0.72318,2.19,1
19.08.2021 00:02:20.528,0.72328,0.72319,1.69,1.5
19.08.2021 00:02:20.831,0.72329,0.7232000000000001,1.69,1
19.08.2021 00:02:21.146,0.72329,0.7232000000000001,2.69,1
19.08.2021 00:02:25.312,0.72328,0.72319,1.25,1.5
19.08.2021 00:02:30.300,0.7233,0.72318,2.44,1.5
19.08.2021 00:02:30.401,0.72329,0.72321,1,1
19.08.2021 00:02:30.502,0.7233100000000001,0.7232000000000001,2.44,1.5
19.08.2021 00:02:35.028,0.72328,0.7232000000000001,1,1
19.08.2021 00:02:35.131,0.72328,0.72319,1,1
19.08.2021 00:02:35.233,0.72328,0.72318,1,1.5
19.08.2021 00:02:37.464,0.72329,0.72318,2.7,1
19.08.2021 00:02:37.565,0.72327,0.72318,1,1.5
19.08.2021 00:02:41.237,0.72327,0.72317,1,2.25
19.08.2021 00:02:46.241,0.7232500000000001,0.72317,1,1
19.08.2021 00:02:46.292,0.7232500000000001,0.7231500000000001,1.5,1
19.08.2021 00:02:46.393,0.72324,0.72314,1,2.7
19.08.2021 00:02:46.614,0.7232500000000001,0.72314,1,1
19.08.2021 00:02:47.447,0.72327,0.72316,1.5,1
19.08.2021 00:02:47.841,0.72327,0.72317,1,1
19.08.2021 00:02:49.515,0.7232600000000001,0.72317,1,1.5
19.08.2021 00:02:53.894,0.7232600000000001,0.72314,1.1,1.5
19.08.2021 00:02:54.147,0.72324,0.72314,1.1,1.5
19.08.2021 00:02:54.248,0.72324,0.7231500000000001,1.5,1
19.08.2021 00:02:54.350,0.7232600000000001,0.72314,2.7,1.5
19.08.2021 00:02:54.671,0.7232600000000001,0.7231500000000001,1.1,1
19.08.2021 00:02:55.025,0.72327,0.72318,1.1,1
19.08.2021 00:02:55.126,0.72327,0.72317,1.1,2.25
19.08.2021 00:02:56.348,0.72328,0.72318,2.7,1
19.08.2021 00:03:00.722,0.72327,0.72318,1,1
19.08.2021 00:03:00.874,0.72327,0.72317,1,2.25
19.08.2021 00:03:01.177,0.7232600000000001,0.72317,1,1
19.08.2021 00:03:01.228,0.7232600000000001,0.72314,1,2.25
19.08.2021 00:03:01.329,0.72324,0.7231500000000001,1,1.87
19.08.2021 00:03:02.306,0.7232600000000001,0.72314,1,1.5
19.08.2021 00:03:06.437,0.7232600000000001,0.72318,1.12,1
19.08.2021 00:03:07.018,0.72327,0.72318,1,1
19.08.2021 00:03:07.986,0.72328,0.72316,1.5,1.5
19.08.2021 00:03:08.251,0.7232600000000001,0.72317,1,1
19.08.2021 00:03:08.353,0.7232600000000001,0.72316,1,1.5
19.08.2021 00:03:11.287,0.7232500000000001,0.72316,1,1
19.08.2021 00:03:18.999,0.72324,0.72316,1,1
19.08.2021 00:03:19.358,0.72323,0.72314,1,1.12
19.08.2021 00:03:19.460,0.72321,0.72312,1,2.02
19.08.2021 00:03:30.329,0.72322,0.72312,1.5,1.5
19.08.2021 00:03:31.276,0.72321,0.72312,1,1
19.08.2021 00:03:33.199,0.72318,0.72309,1,2.62
19.08.2021 00:03:33.300,0.72318,0.72307,1,2.45
19.08.2021 00:03:33.402,0.72317,0.7230800000000001,1,1
19.08.2021 00:03:40.035,0.7232000000000001,0.72312,2.62,1
19.08.2021 00:03:42.959,0.72321,0.72312,2.25,1
19.08.2021 00:03:43.010,0.7232000000000001,0.7231000000000001,1,2.81
19.08.2021 00:03:43.162,0.72319,0.72309,1.5,2.94
19.08.2021 00:03:43.263,0.7232000000000001,0.7230800000000001,1.5,2.44
19.08.2021 00:03:51.667,0.7232000000000001,0.72312,1,1
19.08.2021 00:03:51.768,0.72322,0.72311,1,1.5
19.08.2021 00:03:51.920,0.72322,0.72312,1.5,1.69
19.08.2021 00:03:55.381,0.72324,0.72314,2.06,1.5
19.08.2021 00:03:55.483,0.72324,0.7231500000000001,1.69,1
19.08.2021 00:03:55.584,0.72323,0.72314,1,1
19.08.2021 00:03:58.913,0.7232500000000001,0.7231500000000001,1.69,1.5
19.08.2021 00:03:59.023,0.72324,0.72314,1.5,1.69
19.08.2021 00:04:01.471,0.72323,0.72314,1,2.44
19.08.2021 00:04:01.522,0.72324,0.72316,1,1
19.08.2021 00:04:01.926,0.7232500000000001,0.72313,1.69,1.5
19.08.2021 00:04:06.158,0.72323,0.72314,1,1
19.08.2021 00:04:12.522,0.72321,0.72314,1,1
19.08.2021 00:04:12.623,0.72322,0.72312,1,1
19.08.2021 00:04:12.725,0.7232000000000001,0.72312,1,1
19.08.2021 00:04:12.827,0.72319,0.7231000000000001,1,1
19.08.2021 00:04:12.929,0.72318,0.7231000000000001,1,1
19.08.2021 00:04:19.949,0.72319,0.7231000000000001,1,1
19.08.2021 00:04:24.907,0.7232000000000001,0.7231000000000001,1,1
19.08.2021 00:04:26.342,0.72321,0.72311,1.5,1.5
19.08.2021 00:04:27.166,0.72321,0.72312,1,1
19.08.2021 00:04:27.318,0.72323,0.72313,1,1
19.08.2021 00:04:27.420,0.72323,0.72314,1,1
19.08.2021 00:04:28.676,0.72322,0.72314,1,1
19.08.2021 00:04:31.677,0.72323,0.72314,1,1
19.08.2021 00:04:32.341,0.72323,0.72314,1,1.5
19.08.2021 00:04:32.505,0.72323,0.72314,1,1
19.08.2021 00:04:44.942,0.72323,0.72313,1,1
19.08.2021 00:04:48.110,0.72323,0.72314,1,1
19.08.2021 00:04:50.439,0.72322,0.72314,1,1
19.08.2021 00:04:50.541,0.72322,0.72312,1,1.5
19.08.2021 00:04:52.514,0.72322,0.72313,1,1.69
19.08.2021 00:04:52.615,0.72323,0.72313,1,2.44
19.08.2021 00:05:01.687,0.72322,0.72313,1,1.5
19.08.2021 00:05:03.528,0.72321,0.72312,1,1.5
19.08.2021 00:05:03.909,0.7232000000000001,0.72309,1,1.87
19.08.2021 00:05:04.010,0.72316,0.7230800000000001,1,1
19.08.2021 00:05:04.112,0.72317,0.7230800000000001,1,1
19.08.2021 00:05:04.322,0.72319,0.72307,1,1.5
19.08.2021 00:05:04.423,0.72318,0.72309,1,1
19.08.2021 00:05:06.603,0.7232000000000001,0.7231000000000001,2.62,1.5
19.08.2021 00:05:06.704,0.7232000000000001,0.72309,1.5,1
19.08.2021 00:05:08.665,0.72318,0.72309,1.5,1
19.08.2021 00:05:08.766,0.72317,0.7230800000000001,1,1
19.08.2021 00:05:26.787,0.72317,0.72309,1,1
19.08.2021 00:05:26.838,0.72319,0.7231000000000001,1,1
19.08.2021 00:05:32.161,0.7232000000000001,0.7231000000000001,1.5,1
19.08.2021 00:05:42.297,0.72319,0.7231000000000001,1.5,1
19.08.2021 00:05:47.761,0.72321,0.72311,1,1
19.08.2021 00:05:47.863,0.72322,0.72312,1.87,1.5
19.08.2021 00:05:47.964,0.72323,0.72312,1,1
19.08.2021 00:05:48.352,0.72323,0.72313,3.07,1.5
19.08.2021 00:05:49.641,0.72323,0.72314,1.5,1
19.08.2021 00:05:51.722,0.72324,0.72314,1.69,1.5
19.08.2021 00:05:55.065,0.72323,0.72314,1,1.25
19.08.2021 00:05:56.565,0.72319,0.7231000000000001,1,1.37
19.08.2021 00:05:56.667,0.72316,0.72307,1.5,1.31
19.08.2021 00:05:56.769,0.7231500000000001,0.72306,1,1.5
19.08.2021 00:05:58.543,0.72316,0.72306,2.25,1.5
19.08.2021 00:06:13.178,0.72319,0.72309,4.5,1.5
19.08.2021 00:06:13.281,0.7232000000000001,0.72311,2.44,1
19.08.2021 00:06:13.383,0.72321,0.72311,2.81,1.5
19.08.2021 00:06:14.990,0.72321,0.72312,1.5,1
19.08.2021 00:06:20.901,0.72323,0.72313,1.5,2.51
19.08.2021 00:06:21.003,0.72323,0.72314,1.5,1
19.08.2021 00:06:26.042,0.7232500000000001,0.72316,1,2.25
19.08.2021 00:06:26.144,0.72327,0.72316,1,1.5
19.08.2021 00:06:26.246,0.72329,0.72321,1,1
19.08.2021 00:06:27.548,0.7233100000000001,0.72321,2.44,1.5
19.08.2021 00:06:43.004,0.72332,0.72322,1.69,1
19.08.2021 00:07:01.406,0.7233100000000001,0.72322,1,1
19.08.2021 00:07:10.266,0.72333,0.72324,1.5,1
19.08.2021 00:07:10.368,0.72335,0.72323,2.32,1
19.08.2021 00:07:10.469,0.72334,0.7232500000000001,1.12,1
19.08.2021 00:07:15.761,0.72333,0.72324,1,1.5
19.08.2021 00:07:17.474,0.72333,0.72323,1.69,2.25
19.08.2021 00:07:17.576,0.7233100000000001,0.72322,1,1
19.08.2021 00:07:21.693,0.72328,0.72319,1.57,1.37
19.08.2021 00:07:21.794,0.72327,0.72317,2.44,3.5
19.08.2021 00:07:21.896,0.7232600000000001,0.72316,1.5,2.32
19.08.2021 00:07:24.444,0.7232600000000001,0.7231500000000001,1,1.5
19.08.2021 00:07:24.647,0.72324,0.72313,2.44,1.69
19.08.2021 00:07:24.748,0.72322,0.72312,2.44,2.25
19.08.2021 00:07:24.849,0.72321,0.72312,1,1.5
19.08.2021 00:07:35.047,0.72322,0.7231500000000001,1,1
19.08.2021 00:07:35.098,0.7232500000000001,0.7231500000000001,1.5,2.25
19.08.2021 00:07:35.199,0.7232600000000001,0.72316,3.56,1.5
19.08.2021 00:07:43.029,0.72323,0.72314,1.5,1.12
19.08.2021 00:07:43.131,0.72323,0.72312,1.5,1.5
19.08.2021 00:07:43.232,0.72322,0.72313,1.5,1
19.08.2021 00:07:43.343,0.72321,0.72312,1,1.5
19.08.2021 00:07:47.556,0.7232000000000001,0.72309,2.89,1.25
19.08.2021 00:07:47.657,0.72316,0.7230800000000001,1,1
19.08.2021 00:07:57.840,0.72316,0.72307,1.5,1
19.08.2021 00:08:02.692,0.72316,0.7230800000000001,1,1
19.08.2021 00:08:13.775,0.72316,0.72307,1.5,1
19.08.2021 00:08:31.362,0.72312,0.72304,1,1
19.08.2021 00:08:31.463,0.72312,0.72301,1,1.5
19.08.2021 00:08:33.942,0.72314,0.72306,1,1
19.08.2021 00:08:34.043,0.72316,0.72307,2,1
19.08.2021 00:08:34.145,0.72316,0.7230800000000001,1,1.1
19.08.2021 00:08:34.247,0.72318,0.7231000000000001,1,1
19.08.2021 00:08:39.110,0.72318,0.72309,1,1
19.08.2021 00:08:40.623,0.72319,0.72309,1,1
19.08.2021 00:08:44.484,0.72319,0.72311,1,1
19.08.2021 00:08:44.636,0.7232000000000001,0.72311,1,1
19.08.2021 00:08:44.737,0.72322,0.72313,1,1
19.08.2021 00:08:44.838,0.72321,0.72312,1,2.32
19.08.2021 00:08:52.546,0.72323,0.72314,2.44,1
19.08.2021 00:08:53.460,0.72324,0.7231500000000001,2.25,1
19.08.2021 00:08:59.434,0.72324,0.72313,1,1.2
19.08.2021 00:09:00.228,0.72321,0.72312,1,2.07
19.08.2021 00:09:00.280,0.72321,0.72312,1.5,1.5
19.08.2021 00:09:01.728,0.7232000000000001,0.72311,1,2.62
19.08.2021 00:09:02.074,0.72317,0.7230800000000001,1,6.27
19.08.2021 00:09:02.176,0.7231500000000001,0.72307,1,1
19.08.2021 00:09:02.531,0.72316,0.72304,1.69,1.95
19.08.2021 00:09:03.788,0.7231500000000001,0.72306,1.5,1
19.08.2021 00:09:10.495,0.72313,0.72304,1,2.32
19.08.2021 00:09:16.244,0.72312,0.7230300000000001,1.25,1.1
19.08.2021 00:09:16.345,0.72311,0.72302,1.5,1.5
19.08.2021 00:09:17.877,0.7231000000000001,0.72301,1,2.32
19.08.2021 00:09:19.314,0.72307,0.7229800000000001,1.5,1.62
19.08.2021 00:09:19.415,0.72307,0.72295,1.5,2.32
19.08.2021 00:09:19.516,0.7230500000000001,0.72296,1,1.5
19.08.2021 00:09:35.475,0.7230500000000001,0.72294,1,1.5
19.08.2021 00:09:37.456,0.72306,0.72295,2.25,1
19.08.2021 00:09:50.866,0.7230500000000001,0.72297,1,1
19.08.2021 00:09:52.872,0.72306,0.72299,1,1
19.08.2021 00:09:52.923,0.72309,0.7230000000000001,1.37,1
19.08.2021 00:09:53.024,0.72306,0.72299,1,1
19.08.2021 00:09:53.126,0.72307,0.72297,1,1
19.08.2021 00:09:53.378,0.72306,0.72297,1,1
19.08.2021 00:10:04.859,0.72306,0.72294,1.5,1.5
19.08.2021 00:10:04.960,0.7230500000000001,0.72296,1.76,1
19.08.2021 00:10:06.665,0.7230500000000001,0.72294,1,1.5
19.08.2021 00:10:30.462,0.7230500000000001,0.72296,1.5,1
19.08.2021 00:10:30.563,0.7230500000000001,0.7229800000000001,1,1
19.08.2021 00:10:31.565,0.72306,0.72297,2.25,1
19.08.2021 00:10:44.871,0.72304,0.72296,1,1
19.08.2021 00:10:44.973,0.7230500000000001,0.72296,2.25,1
19.08.2021 00:10:52.609,0.72306,0.72296,2.25,1.5
19.08.2021 00:10:52.715,0.72306,0.7229800000000001,1.5,1
19.08.2021 00:10:56.663,0.7230500000000001,0.72295,2.25,2.62
19.08.2021 00:11:00.110,0.72304,0.72295,1,1.5
19.08.2021 00:11:01.732,0.72306,0.72295,1.5,1
19.08.2021 00:11:01.783,0.7230500000000001,0.7229800000000001,1,1
19.08.2021 00:11:03.081,0.72306,0.7229800000000001,1,1
19.08.2021 00:11:05.011,0.72302,0.7229300000000001,1.12,2.37
19.08.2021 00:11:05.113,0.72301,0.72292,4.69,1
19.08.2021 00:11:05.214,0.72301,0.72291,1,1
19.08.2021 00:11:11.599,0.7230000000000001,0.72291,2.44,1
19.08.2021 00:11:12.439,0.7229800000000001,0.7229,1.25,1.5
19.08.2021 00:11:12.490,0.72297,0.7228800000000001,1,1.12
19.08.2021 00:11:12.642,0.72296,0.72287,3.94,1
19.08.2021 00:11:12.743,0.72296,0.72287,4.44,1
19.08.2021 00:11:12.895,0.72296,0.7228800000000001,1.25,1.5
19.08.2021 00:11:13.047,0.72295,0.7228800000000001,1,1
19.08.2021 00:11:13.148,0.72296,0.72284,1.5,2.25
19.08.2021 00:11:13.250,0.72296,0.7228600000000001,2.25,1
19.08.2021 00:11:13.300,0.72295,0.72285,2.25,2.25
19.08.2021 00:11:13.351,0.72295,0.72287,2.25,1
19.08.2021 00:11:13.452,0.72295,0.72285,1.5,2.25
19.08.2021 00:11:13.503,0.72296,0.7228600000000001,1.5,1
19.08.2021 00:11:13.705,0.72295,0.72285,1.5,2.25
19.08.2021 00:11:13.756,0.72296,0.7228600000000001,1.5,1
19.08.2021 00:11:13.806,0.72295,0.72285,1.5,2.25
19.08.2021 00:11:13.857,0.72295,0.72287,1.5,1
19.08.2021 00:11:16.172,0.72296,0.72284,3,2.62
19.08.2021 00:11:19.572,0.72294,0.72285,1,1.87
19.08.2021 00:11:26.239,0.72294,0.72287,1.69,1
19.08.2021 00:11:31.319,0.7229300000000001,0.72284,1,5.37
19.08.2021 00:11:31.474,0.72294,0.7228300000000001,1.69,4.12
19.08.2021 00:11:31.677,0.7229,0.7228300000000001,1,1.5
19.08.2021 00:11:32.085,0.72292,0.72284,1,1.5
19.08.2021 00:11:32.186,0.72291,0.7228300000000001,1,1.57
19.08.2021 00:11:32.489,0.72291,0.72282,1,1.95
19.08.2021 00:11:35.771,0.7229,0.7228100000000001,1,2.25
19.08.2021 00:11:39.460,0.7228800000000001,0.7228100000000001,1,1
19.08.2021 00:11:40.666,0.7228800000000001,0.7228,1,1
19.08.2021 00:11:40.767,0.7228600000000001,0.7227800000000001,1,1.12
19.08.2021 00:11:45.002,0.7229,0.7228100000000001,2.19,1.5
19.08.2021 00:11:45.154,0.7229,0.7228100000000001,1.5,1.5
19.08.2021 00:11:48.022,0.7228800000000001,0.7228,1,1
19.08.2021 00:11:48.072,0.7228800000000001,0.72277,1,3.07
19.08.2021 00:11:50.024,0.7228600000000001,0.72277,1,3.07
19.08.2021 00:11:57.578,0.7228300000000001,0.72275,1.69,1.5
19.08.2021 00:11:57.629,0.72282,0.7227300000000001,1.5,1.12
19.08.2021 00:11:57.935,0.7228100000000001,0.72272,1,1.57
19.08.2021 00:11:58.790,0.7228,0.7227100000000001,1,1.57
19.08.2021 00:11:59.482,0.7228,0.72272,1,1.5
19.08.2021 00:11:59.583,0.7228,0.7227300000000001,1,1
19.08.2021 00:12:01.173,0.7228100000000001,0.7227300000000001,1,1
19.08.2021 00:12:01.988,0.7228,0.72272,1,1.1
19.08.2021 00:12:04.246,0.7227800000000001,0.7227100000000001,1,1
19.08.2021 00:12:06.256,0.72279,0.7227100000000001,1,1
19.08.2021 00:12:06.577,0.72282,0.7227300000000001,1,1
19.08.2021 00:12:06.679,0.7228300000000001,0.72274,1.12,3.82
19.08.2021 00:12:06.781,0.72284,0.72275,1.5,1.57
19.08.2021 00:12:07.144,0.72282,0.72274,1,1
19.08.2021 00:12:07.247,0.72282,0.7227300000000001,1,1.95
19.08.2021 00:12:07.952,0.72284,0.72275,2.25,1
19.08.2021 00:12:08.233,0.7228100000000001,0.72272,1,2.07
19.08.2021 00:12:08.385,0.7228100000000001,0.72272,1,1.12
19.08.2021 00:12:09.229,0.7228,0.7227100000000001,1,1
19.08.2021 00:12:09.982,0.72279,0.7227100000000001,1,1.2
19.08.2021 00:12:10.083,0.7228,0.7227100000000001,1,1.95
19.08.2021 00:12:10.757,0.72282,0.7227300000000001,1.5,1
19.08.2021 00:12:10.858,0.72282,0.72274,1.5,1
19.08.2021 00:12:10.959,0.7228300000000001,0.72272,1.5,1
19.08.2021 00:12:11.898,0.7228,0.7227100000000001,1,1.87
19.08.2021 00:12:12.151,0.7228,0.7227,1.75,1
19.08.2021 00:12:12.252,0.7227600000000001,0.72267,1.5,2.06
19.08.2021 00:12:13.933,0.72275,0.72267,1,1
19.08.2021 00:12:14.786,0.72275,0.7226600000000001,1,1.95
19.08.2021 00:12:15.758,0.72272,0.72264,1,2.75
19.08.2021 00:12:15.859,0.72272,0.72264,1,1
19.08.2021 00:12:15.961,0.7227100000000001,0.72262,1,1.95
19.08.2021 00:12:16.305,0.7226899999999999,0.7226100000000001,1,1
19.08.2021 00:12:19.126,0.72267,0.72258,1,1.5
19.08.2021 00:12:19.278,0.72267,0.72258,1.69,1
19.08.2021 00:12:20.332,0.7226600000000001,0.72259,1.25,1
19.08.2021 00:12:20.439,0.7226800000000001,0.72257,2.44,1
19.08.2021 00:12:24.110,0.72267,0.72257,2.44,1
19.08.2021 00:12:24.211,0.7226600000000001,0.72257,1,1
19.08.2021 00:12:29.482,0.72267,0.7226,1,1.31
19.08.2021 00:12:29.533,0.7226899999999999,0.7226,1.12,1.57
19.08.2021 00:12:29.584,0.7227100000000001,0.7226100000000001,2.44,1
19.08.2021 00:12:29.685,0.7227100000000001,0.72262,2.81,1
19.08.2021 00:12:30.184,0.7227100000000001,0.7226,1,2.32
19.08.2021 00:12:30.288,0.7227100000000001,0.72262,2.44,1
19.08.2021 00:12:38.848,0.7227100000000001,0.7226300000000001,2.44,1
19.08.2021 00:12:38.950,0.7227600000000001,0.72265,2,3
19.08.2021 00:12:39.001,0.7227600000000001,0.72267,2.44,1.1
19.08.2021 00:12:50.533,0.72274,0.7226600000000001,1.25,1
19.08.2021 00:12:51.617,0.72274,0.72265,2.44,1.5
19.08.2021 00:12:58.680,0.72275,0.7226600000000001,4.19,1
19.08.2021 00:12:58.781,0.72275,0.7226600000000001,1.69,1.1
19.08.2021 00:12:58.882,0.72275,0.72267,1,1
19.08.2021 00:13:00.204,0.7227600000000001,0.72265,1.5,1.1
19.08.2021 00:13:00.356,0.72277,0.7226800000000001,4,1
19.08.2021 00:13:00.666,0.7227600000000001,0.72267,1.25,1.57
19.08.2021 00:13:14.946,0.72274,0.72267,1.25,1
19.08.2021 00:13:15.048,0.72274,0.7226600000000001,1.25,1.5
19.08.2021 00:13:15.201,0.7227300000000001,0.7226600000000001,1,1
19.08.2021 00:13:15.303,0.72274,0.7226600000000001,1.69,1.5
19.08.2021 00:13:15.749,0.72265,0.72259,1.25,1
19.08.2021 00:13:15.851,0.72264,0.7225600000000001,1.69,1
19.08.2021 00:13:15.953,0.7226600000000001,0.7225600000000001,4.01,1
19.08.2021 00:13:16.054,0.72265,0.7225600000000001,1.69,1
19.08.2021 00:13:16.307,0.7226300000000001,0.7225600000000001,1.25,1
19.08.2021 00:13:16.408,0.72265,0.7225600000000001,3.94,1
19.08.2021 00:13:20.134,0.72265,0.72257,2.44,1
19.08.2021 00:13:20.808,0.72267,0.72258,2.51,2.25
19.08.2021 00:13:20.859,0.72264,0.72257,1.25,1.1
19.08.2021 00:13:20.960,0.7226600000000001,0.72257,2.81,1
19.08.2021 00:13:21.011,0.72264,0.7225600000000001,1,1.1
19.08.2021 00:13:21.112,0.72265,0.7225600000000001,1,2.25
19.08.2021 00:13:21.214,0.7226600000000001,0.7225600000000001,1.1,1
19.08.2021 00:13:21.366,0.7226600000000001,0.72257,2.44,1
19.08.2021 00:13:21.468,0.72265,0.72257,1.1,1
19.08.2021 00:13:21.621,0.7226600000000001,0.72255,1,1
19.08.2021 00:13:21.722,0.72265,0.72255,2.44,2.7
19.08.2021 00:13:21.824,0.72264,0.7225600000000001,1.25,1
19.08.2021 00:13:21.925,0.72265,0.72257,1.1,1
19.08.2021 00:13:22.026,0.72264,0.7225600000000001,1.25,1
19.08.2021 00:13:22.858,0.7226600000000001,0.72255,2.44,2.25
19.08.2021 00:13:22.959,0.72264,0.7225600000000001,1.25,1
19.08.2021 00:13:23.060,0.72265,0.72257,3.19,1
19.08.2021 00:13:23.313,0.72264,0.7225600000000001,1,1
19.08.2021 00:13:23.415,0.72265,0.7225600000000001,3.64,1
19.08.2021 00:13:24.223,0.7226600000000001,0.7225600000000001,1.25,1
19.08.2021 00:13:24.476,0.72264,0.72257,1.25,1
19.08.2021 00:13:26.093,0.72265,0.72257,1.69,1
19.08.2021 00:13:26.345,0.72264,0.7225600000000001,1,2.25
19.08.2021 00:13:26.447,0.7226600000000001,0.72257,1.69,1
19.08.2021 00:13:26.498,0.7226899999999999,0.72258,4.91,1.2
19.08.2021 00:13:26.599,0.72267,0.72258,2.35,1.5
19.08.2021 00:13:26.701,0.72267,0.72257,2.1,3.07
19.08.2021 00:13:26.803,0.7226600000000001,0.72257,3.44,1
19.08.2021 00:13:26.904,0.7226899999999999,0.7226100000000001,1.2,1
19.08.2021 00:13:27.006,0.72272,0.7226100000000001,2.25,1.5
19.08.2021 00:13:27.158,0.7227300000000001,0.72262,1.31,1
19.08.2021 00:13:28.664,0.7227100000000001,0.72262,1,5.39
19.08.2021 00:13:28.815,0.7227300000000001,0.72264,2.25,1
19.08.2021 00:13:29.298,0.7227100000000001,0.72262,1,1
19.08.2021 00:13:33.311,0.72274,0.72264,1.2,2.44
19.08.2021 00:13:33.413,0.72274,0.7226300000000001,1,2.44
19.08.2021 00:13:33.759,0.72274,0.72265,1,1.5
19.08.2021 00:13:36.016,0.7227100000000001,0.72264,1,1.5
19.08.2021 00:13:36.118,0.7226800000000001,0.7226,1,1.87
19.08.2021 00:13:36.270,0.7226800000000001,0.72259,1.69,1.1
19.08.2021 00:13:36.422,0.7226899999999999,0.7226,1,1.1
19.08.2021 00:13:36.524,0.7227,0.7226100000000001,1,1.57
19.08.2021 00:13:38.737,0.7227,0.7226100000000001,1,2.35
19.08.2021 00:13:41.604,0.7227100000000001,0.72262,1,1.1
19.08.2021 00:13:45.214,0.7227,0.72259,1,2.32
19.08.2021 00:13:45.315,0.7226800000000001,0.72259,1.69,1.12
19.08.2021 00:13:45.416,0.72267,0.72258,1,2.32
19.08.2021 00:13:45.518,0.7227,0.72259,1,2.32
19.08.2021 00:13:45.619,0.7227100000000001,0.7226,1.25,1.6
19.08.2021 00:13:45.831,0.7227,0.7226100000000001,1.25,1.1
19.08.2021 00:13:49.876,0.7226899999999999,0.7226100000000001,1,1.1
19.08.2021 00:13:50.379,0.7226899999999999,0.7226,1.25,1.57
19.08.2021 00:13:50.481,0.7226899999999999,0.72258,1.25,1.2
19.08.2021 00:13:56.978,0.72267,0.72258,1,1.1
19.08.2021 00:13:57.080,0.7226600000000001,0.72257,1,1.57
19.08.2021 00:13:58.234,0.72265,0.7225600000000001,1,1.95
19.08.2021 00:13:58.694,0.72265,0.72255,1,1.1
19.08.2021 00:13:58.796,0.7226300000000001,0.72252,2.44,1.5
19.08.2021 00:13:58.897,0.7226300000000001,0.72252,2.44,1
19.08.2021 00:13:59.348,0.7226100000000001,0.72253,1.25,1
19.08.2021 00:13:59.905,0.72262,0.7225100000000001,1.69,1
19.08.2021 00:14:06.407,0.72265,0.72255,1.57,1
19.08.2021 00:14:06.559,0.7226600000000001,0.72255,2.44,1
19.08.2021 00:14:06.764,0.72264,0.7225600000000001,1.25,1
19.08.2021 00:14:06.966,0.72265,0.7225600000000001,2.44,1
19.08.2021 00:14:10.480,0.72264,0.72255,1.69,1
19.08.2021 00:14:11.413,0.72262,0.72253,1,1
19.08.2021 00:14:11.532,0.72262,0.7225100000000001,1,2.32
19.08.2021 00:14:17.303,0.7226300000000001,0.72254,2.5,1
19.08.2021 00:14:22.349,0.7226300000000001,0.72254,1.25,1.22
19.08.2021 00:14:22.400,0.72264,0.7225600000000001,2.51,1
19.08.2021 00:14:23.056,0.72262,0.72255,1.25,1
19.08.2021 00:14:23.107,0.7226100000000001,0.72253,1.25,1
19.08.2021 00:14:29.131,0.7226100000000001,0.72253,1.25,1
19.08.2021 00:14:31.719,0.72262,0.72253,2.5,1
19.08.2021 00:14:51.954,0.7226100000000001,0.72252,3.25,1
19.08.2021 00:14:57.401,0.7226,0.7225100000000001,2.5,1
19.08.2021 00:15:00.231,0.7226,0.72252,1.75,1
19.08.2021 00:15:00.930,0.7226,0.72252,1.25,1
19.08.2021 00:15:01.032,0.7226,0.72252,1.75,1
19.08.2021 00:15:01.538,0.7226,0.7225100000000001,3.25,1
19.08.2021 00:15:03.676,0.7226,0.72252,2.5,1
19.08.2021 00:15:04.199,0.7226,0.7225,3.25,1.5
19.08.2021 00:15:04.350,0.7226,0.72252,2.5,1
19.08.2021 00:15:07.902,0.7226,0.72252,1.5,1
19.08.2021 00:15:08.003,0.7226100000000001,0.72254,1,1.12
19.08.2021 00:15:08.105,0.7226300000000001,0.72253,2.44,1
19.08.2021 00:15:09.789,0.7226300000000001,0.72252,2.25,1
19.08.2021 00:15:14.459,0.72262,0.72254,1.5,1
19.08.2021 00:15:15.688,0.72264,0.7225600000000001,1.2,1.5
19.08.2021 00:15:15.891,0.72264,0.72257,1,1
19.08.2021 00:15:15.993,0.72264,0.7225600000000001,1,1.5
19.08.2021 00:15:17.376,0.72265,0.7225600000000001,2.25,1.5
19.08.2021 00:15:18.317,0.72264,0.72257,1,1
19.08.2021 00:15:18.418,0.72265,0.72257,1.5,1
19.08.2021 00:15:18.575,0.7226600000000001,0.72257,3.15,1
19.08.2021 00:15:18.727,0.72265,0.72257,1.5,1
19.08.2021 00:15:18.829,0.72267,0.7225600000000001,2.96,1
19.08.2021 00:15:18.930,0.7226600000000001,0.7225600000000001,1.5,1.5
19.08.2021 00:15:19.032,0.7226600000000001,0.72255,3,1
19.08.2021 00:15:21.875,0.7226300000000001,0.72254,1.69,1
19.08.2021 00:15:22.027,0.7226300000000001,0.72253,1,1
19.08.2021 00:15:22.522,0.72264,0.72253,1.69,1
19.08.2021 00:15:26.569,0.72262,0.72254,1,1
19.08.2021 00:15:27.161,0.7226300000000001,0.72252,1.5,1.5
19.08.2021 00:15:28.012,0.7226300000000001,0.72253,1,1
19.08.2021 00:15:28.114,0.72264,0.7225600000000001,1.95,1
19.08.2021 00:15:28.216,0.72265,0.7225600000000001,4.31,1
19.08.2021 00:15:30.123,0.72265,0.72257,1.87,1
19.08.2021 00:15:30.224,0.7226600000000001,0.72255,2.25,1.5
19.08.2021 00:15:34.037,0.72265,0.72255,1,1
19.08.2021 00:15:34.139,0.7226600000000001,0.72255,1,1.5
19.08.2021 00:15:34.240,0.72265,0.72257,3,1
19.08.2021 00:15:34.392,0.7226600000000001,0.72255,3,1
19.08.2021 00:15:36.186,0.72264,0.7225600000000001,1,1.5
19.08.2021 00:15:36.287,0.72265,0.72257,2.44,1.5
19.08.2021 00:15:36.439,0.7226600000000001,0.72255,3.19,1
19.08.2021 00:15:38.669,0.72264,0.7225600000000001,1,1
19.08.2021 00:15:38.771,0.72265,0.7225600000000001,3.19,1
19.08.2021 00:15:39.192,0.72264,0.72257,1,1
19.08.2021 00:15:39.293,0.7226600000000001,0.72255,3,1.5
19.08.2021 00:15:47.278,0.72265,0.72258,2.25,1
19.08.2021 00:15:47.329,0.72265,0.7225600000000001,1,2.81
19.08.2021 00:15:47.431,0.7226600000000001,0.72257,1,3.19
19.08.2021 00:15:47.482,0.72264,0.72257,1,1
19.08.2021 00:15:47.583,0.7226600000000001,0.7225600000000001,1,1.25
19.08.2021 00:15:47.685,0.7226600000000001,0.72255,2.25,1
19.08.2021 00:15:57.239,0.72264,0.72257,1,1
19.08.2021 00:15:57.340,0.7226600000000001,0.72255,3,1
19.08.2021 00:15:57.834,0.72264,0.72255,1.5,1.5
19.08.2021 00:16:00.514,0.72264,0.7225600000000001,1,1
19.08.2021 00:16:06.625,0.7226300000000001,0.72255,1,1
19.08.2021 00:16:07.749,0.7226300000000001,0.72254,1.5,1.5
19.08.2021 00:16:11.368,0.72262,0.72253,1,1.5
19.08.2021 00:16:12.456,0.7226300000000001,0.72254,1,1.5
19.08.2021 00:16:14.473,0.72262,0.72253,2.25,1.5
19.08.2021 00:16:18.237,0.72262,0.72254,1.57,1
19.08.2021 00:16:18.506,0.72265,0.72253,5.35,1
19.08.2021 00:16:18.608,0.72264,0.7225600000000001,1,1
19.08.2021 00:16:18.709,0.72264,0.72255,1,1.5
19.08.2021 00:16:18.861,0.72265,0.7225600000000001,2.32,1
19.08.2021 00:16:19.013,0.72264,0.72255,1,1.5
19.08.2021 00:16:19.367,0.72265,0.7225600000000001,3.26,1
19.08.2021 00:16:19.820,0.72264,0.72255,1,1.57
19.08.2021 00:16:20.022,0.72265,0.72257,2.51,1
19.08.2021 00:16:20.124,0.72264,0.7225600000000001,1.5,1
19.08.2021 00:16:20.275,0.72265,0.72257,3.26,1
19.08.2021 00:16:20.326,0.72264,0.72255,1.5,1
19.08.2021 00:16:20.427,0.72264,0.7225600000000001,1.5,1
19.08.2021 00:16:20.529,0.72265,0.72257,3.26,1
19.08.2021 00:16:20.630,0.72264,0.72255,1.5,1.5
19.08.2021 00:16:20.731,0.72265,0.72255,4.01,1.5
19.08.2021 00:16:20.833,0.72265,0.72254,1.5,1.5
19.08.2021 00:16:20.934,0.72265,0.72255,1.5,1
19.08.2021 00:16:21.086,0.72264,0.72255,1.5,1.5
19.08.2021 00:16:21.194,0.72265,0.72255,1,1
19.08.2021 00:16:21.295,0.72264,0.72255,1.5,1
19.08.2021 00:16:21.397,0.72265,0.72255,1.5,1
19.08.2021 00:16:21.517,0.7226600000000001,0.72255,4.01,1
19.08.2021 00:16:21.619,0.72265,0.72254,1.5,1
19.08.2021 00:16:21.720,0.72264,0.7225600000000001,1.5,1
19.08.2021 00:16:21.822,0.72264,0.72255,1.5,1
19.08.2021 00:16:21.924,0.72264,0.7225600000000001,1.5,1
19.08.2021 00:16:22.025,0.7226600000000001,0.7225600000000001,3.26,1
19.08.2021 00:16:22.076,0.72264,0.72255,1.5,1
19.08.2021 00:16:22.178,0.72264,0.7225600000000001,1.5,1
19.08.2021 00:16:22.293,0.7226600000000001,0.72255,4.01,1
19.08.2021 00:16:22.394,0.72264,0.72255,1.5,1
19.08.2021 00:16:22.496,0.72264,0.7225600000000001,1.5,1
19.08.2021 00:16:22.703,0.72265,0.72257,3.26,1
19.08.2021 00:16:22.754,0.72264,0.72255,1.5,1
19.08.2021 00:16:22.855,0.72265,0.72255,1.5,1
19.08.2021 00:16:22.957,0.72264,0.72255,1.5,1
19.08.2021 00:16:23.058,0.72264,0.7225600000000001,1.5,1
19.08.2021 00:16:23.205,0.72265,0.7225600000000001,4.01,1
19.08.2021 00:16:23.307,0.72264,0.72255,1.5,1
19.08.2021 00:16:23.893,0.72265,0.72255,1.5,1
19.08.2021 00:16:24.047,0.7226600000000001,0.7225600000000001,3.26,1
19.08.2021 00:16:24.098,0.72264,0.72255,1.5,1
19.08.2021 00:16:24.200,0.72264,0.7225600000000001,1.5,1
19.08.2021 00:16:24.302,0.72264,0.72255,1.5,1.5
19.08.2021 00:16:24.403,0.72264,0.7225600000000001,1.5,1
19.08.2021 00:16:24.504,0.7226600000000001,0.72254,4.01,1.5
19.08.2021 00:16:24.607,0.72264,0.7225600000000001,1.5,1
19.08.2021 00:16:24.759,0.7226600000000001,0.72255,4.01,1
19.08.2021 00:16:24.870,0.72264,0.7225600000000001,1.5,1
19.08.2021 00:16:25.093,0.7226600000000001,0.72255,4.01,1
19.08.2021 00:16:25.194,0.72265,0.72255,1.5,1
19.08.2021 00:16:25.295,0.72265,0.7225600000000001,4.01,1
19.08.2021 00:16:25.396,0.72264,0.7225600000000001,1.5,1
19.08.2021 00:16:25.497,0.7226300000000001,0.72255,1,1
19.08.2021 00:16:25.648,0.72265,0.72254,1,1.5
19.08.2021 00:16:25.750,0.7226300000000001,0.72255,1,1
19.08.2021 00:16:25.901,0.72265,0.72254,2.25,1.5
19.08.2021 00:16:26.005,0.72264,0.72254,1,1
19.08.2021 00:16:26.123,0.72264,0.72255,1,1.5
19.08.2021 00:16:26.325,0.7226300000000001,0.72255,1,1
19.08.2021 00:16:26.427,0.72265,0.72254,1,1.5
19.08.2021 00:16:26.528,0.7226300000000001,0.72255,1,1
19.08.2021 00:16:26.630,0.72264,0.72255,1,1.5
19.08.2021 00:16:26.789,0.7226300000000001,0.72255,1,1
19.08.2021 00:16:26.891,0.72265,0.72254,1,1.5
19.08.2021 00:16:26.993,0.72264,0.72254,1,1
19.08.2021 00:16:27.145,0.72264,0.72255,1,1.5
19.08.2021 00:16:27.247,0.7226300000000001,0.72255,1,1
19.08.2021 00:16:27.409,0.72264,0.72255,1,1.5
19.08.2021 00:16:29.194,0.7226300000000001,0.72254,1,1.5
19.08.2021 00:16:29.296,0.72262,0.72253,1,1
19.08.2021 00:16:30.067,0.72265,0.72254,1,1.5
19.08.2021 00:16:30.474,0.72264,0.72253,1,1
19.08.2021 00:16:31.857,0.72262,0.72253,1.1,1.5
19.08.2021 00:16:32.564,0.7226300000000001,0.72254,1,1.5
19.08.2021 00:16:32.666,0.72262,0.72253,1,1.69
19.08.2021 00:16:32.768,0.72262,0.72252,1,1
19.08.2021 00:16:32.870,0.72262,0.72253,1,1.5
19.08.2021 00:16:40.078,0.7226300000000001,0.72254,1,1.5
19.08.2021 00:16:40.179,0.72265,0.72254,1.84,1
19.08.2021 00:16:40.381,0.72262,0.72254,1,1
19.08.2021 00:16:40.483,0.7226300000000001,0.72254,1.69,1
19.08.2021 00:16:41.824,0.72262,0.72253,1,1
19.08.2021 00:17:02.613,0.7226300000000001,0.72255,1,1
19.08.2021 00:17:02.715,0.7226300000000001,0.72252,1,1
19.08.2021 00:17:06.160,0.7226300000000001,0.72254,2.44,1
19.08.2021 00:17:07.547,0.72264,0.72253,4,1
19.08.2021 00:17:14.209,0.72262,0.72254,3.25,1
19.08.2021 00:17:15.222,0.7226100000000001,0.72252,2.44,1
19.08.2021 00:17:15.676,0.72262,0.72253,5.01,1
19.08.2021 00:17:41.156,0.72262,0.72253,1.5,1
19.08.2021 00:18:11.524,0.7226,0.72252,1,1
19.08.2021 00:18:11.626,0.72262,0.72252,1.12,1
19.08.2021 00:18:14.573,0.72262,0.72253,4.01,1
19.08.2021 00:18:21.171,0.72264,0.72255,4.7,1
19.08.2021 00:18:21.374,0.72264,0.72255,3.19,1
19.08.2021 00:18:21.477,0.7226300000000001,0.72254,1.12,1.5
19.08.2021 00:18:22.508,0.72265,0.72254,2.81,1
19.08.2021 00:18:22.761,0.72265,0.7225600000000001,4.54,1
19.08.2021 00:18:23.398,0.72265,0.7225600000000001,3.45,1
19.08.2021 00:18:23.823,0.7226600000000001,0.72257,2.32,1
19.08.2021 00:18:23.925,0.72267,0.72257,1,1
19.08.2021 00:18:24.026,0.72265,0.72257,2.25,1
19.08.2021 00:18:24.128,0.72264,0.7225600000000001,1,1
19.08.2021 00:18:24.229,0.72264,0.72255,1,1.5
19.08.2021 00:18:24.331,0.7226600000000001,0.72255,3,1
19.08.2021 00:18:29.684,0.7226600000000001,0.7225600000000001,2.25,1
19.08.2021 00:18:31.889,0.72265,0.7225600000000001,3,1
19.08.2021 00:18:35.152,0.7226600000000001,0.7225600000000001,1.5,1
19.08.2021 00:18:35.254,0.72265,0.7225600000000001,2.44,1.5
19.08.2021 00:18:36.263,0.72264,0.7225600000000001,1.69,1
19.08.2021 00:18:36.364,0.7226300000000001,0.72255,1.25,1
19.08.2021 00:18:43.238,0.7226300000000001,0.72254,3.26,1
19.08.2021 00:18:44.842,0.72264,0.72255,1.57,1.5
19.08.2021 00:18:44.995,0.72264,0.72255,3.64,1
19.08.2021 00:18:46.240,0.72264,0.7225600000000001,1.1,1
19.08.2021 00:18:46.391,0.72265,0.7225600000000001,3,1
19.08.2021 00:18:58.318,0.7226300000000001,0.72254,1.5,1
19.08.2021 00:18:58.672,0.72264,0.72255,1.87,1
19.08.2021 00:18:59.613,0.7226600000000001,0.72257,4.69,1
19.08.2021 00:18:59.715,0.7226600000000001,0.72255,2.44,1
19.08.2021 00:19:00.020,0.72265,0.72257,1.69,1
19.08.2021 00:19:00.323,0.7226300000000001,0.72254,1,1
19.08.2021 00:19:04.045,0.72262,0.72253,1,1
19.08.2021 00:19:06.345,0.72258,0.7225100000000001,1,1
19.08.2021 00:19:06.397,0.72255,0.7224700000000001,1.87,1
19.08.2021 00:19:06.499,0.72254,0.72243,4.64,1
19.08.2021 00:19:06.551,0.7225100000000001,0.7224200000000001,1.25,1.5
19.08.2021 00:19:06.653,0.7225,0.7224100000000001,1,1
19.08.2021 00:19:06.971,0.7225100000000001,0.7224200000000001,3.75,1
19.08.2021 00:19:11.086,0.7225100000000001,0.7224,1,1
19.08.2021 00:19:11.187,0.7225100000000001,0.7224200000000001,2.25,1
19.08.2021 00:19:11.809,0.7225,0.7224200000000001,1,1
19.08.2021 00:19:11.860,0.72248,0.72239,1.5,1
19.08.2021 00:19:13.577,0.7224700000000001,0.72238,1,1.5
19.08.2021 00:19:13.729,0.72244,0.7223700000000001,1,1
19.08.2021 00:19:13.830,0.7224700000000001,0.7223600000000001,1.12,1.69
19.08.2021 00:19:13.931,0.7224700000000001,0.72238,1.5,1
19.08.2021 00:19:14.032,0.72248,0.7223700000000001,1,1.75
19.08.2021 00:19:14.134,0.7225100000000001,0.7224200000000001,1.87,1.5
19.08.2021 00:19:14.387,0.72252,0.72243,1.5,1
19.08.2021 00:19:14.760,0.72252,0.7224100000000001,1,1.5
19.08.2021 00:19:16.964,0.72249,0.7224200000000001,1.5,1
19.08.2021 00:19:17.066,0.72249,0.7224,1,1.5
19.08.2021 00:19:17.269,0.72249,0.7224100000000001,1,1
19.08.2021 00:19:18.233,0.7225,0.7224200000000001,1,1
19.08.2021 00:19:21.719,0.72252,0.7224100000000001,1.5,1
19.08.2021 00:19:24.109,0.72252,0.7224200000000001,1,1
19.08.2021 00:19:25.949,0.7225,0.7224100000000001,1.5,1
19.08.2021 00:19:26.431,0.7224600000000001,0.72235,2.25,3.69
19.08.2021 00:19:26.532,0.7224600000000001,0.72238,1,1
19.08.2021 00:19:26.633,0.72248,0.7223700000000001,1.5,1
19.08.2021 00:19:37.656,0.72245,0.7223600000000001,3,1
19.08.2021 00:19:37.758,0.72243,0.72234,1,1.69
19.08.2021 00:19:38.114,0.7224100000000001,0.72232,1,1.5
19.08.2021 00:19:38.267,0.7224,0.7223100000000001,1,1.5
19.08.2021 00:19:38.687,0.7224100000000001,0.72232,1.87,1
19.08.2021 00:19:40.947,0.7224,0.7223100000000001,1,1
19.08.2021 00:19:42.671,0.7224100000000001,0.72232,1,1
19.08.2021 00:19:42.823,0.7224,0.72232,1.5,1
19.08.2021 00:19:42.924,0.7224100000000001,0.7223,2.32,1
19.08.2021 00:19:43.026,0.72239,0.7223,1,1.5
19.08.2021 00:19:43.127,0.7224200000000001,0.7223100000000001,1.5,1
19.08.2021 00:19:43.279,0.7224200000000001,0.7223100000000001,1.5,1
19.08.2021 00:19:44.811,0.7224200000000001,0.72232,1,1
19.08.2021 00:19:44.913,0.72244,0.72235,1.5,1
19.08.2021 00:19:45.015,0.72245,0.7223700000000001,1,1
19.08.2021 00:19:45.116,0.7224600000000001,0.7223700000000001,1.12,1
19.08.2021 00:19:45.218,0.7224700000000001,0.72238,1.95,1
19.08.2021 00:19:52.447,0.7224600000000001,0.7223700000000001,1,1
19.08.2021 00:19:56.375,0.72244,0.7223600000000001,1,1
19.08.2021 00:19:56.476,0.72243,0.72234,1.5,1.87
19.08.2021 00:19:56.628,0.7224200000000001,0.72233,1,1.5
19.08.2021 00:19:57.748,0.72243,0.72233,3.52,1
19.08.2021 00:19:58.374,0.7224100000000001,0.72233,1.25,1
19.08.2021 00:19:58.476,0.7224,0.7223,3.57,1
19.08.2021 00:19:58.528,0.7223600000000001,0.72229,1,1
19.08.2021 00:19:58.681,0.7224,0.72229,1.12,1.69
19.08.2021 00:19:58.783,0.7223700000000001,0.7223,1,1.69
19.08.2021 00:19:58.885,0.7224200000000001,0.7223,1.2,1.25
19.08.2021 00:19:58.936,0.7224,0.7223100000000001,1,1.25
19.08.2021 00:20:01.590,0.7224200000000001,0.7223100000000001,1,1.69
19.08.2021 00:20:03.562,0.72239,0.72229,1,1.31
19.08.2021 00:20:03.664,0.7223700000000001,0.72229,1,1
19.08.2021 00:20:04.253,0.72238,0.72229,1,1.5
19.08.2021 00:20:05.881,0.72239,0.7223,1,1
19.08.2021 00:20:08.624,0.7224,0.7223100000000001,1,1
19.08.2021 00:20:09.230,0.72238,0.7223,1,1
19.08.2021 00:20:09.281,0.72238,0.72227,1,2.06
19.08.2021 00:20:09.788,0.7223700000000001,0.72227,1,1
19.08.2021 00:20:10.091,0.72239,0.7223,1.5,1.69
19.08.2021 00:20:10.193,0.7224,0.7223100000000001,1,1.25
19.08.2021 00:20:11.388,0.7224,0.72232,1,1.25
19.08.2021 00:20:27.927,0.72239,0.7223,1,1.5
19.08.2021 00:20:28.029,0.72238,0.7223,1,1.5
19.08.2021 00:20:28.130,0.7223700000000001,0.72228,1,1.5
19.08.2021 00:20:28.282,0.72238,0.7223,1,1
19.08.2021 00:20:28.383,0.7224,0.72229,1.5,1.5
19.08.2021 00:20:29.427,0.7224,0.7223,1,1
19.08.2021 00:20:32.417,0.7224100000000001,0.72232,3.19,1
19.08.2021 00:20:32.518,0.7224100000000001,0.7223,1,1
19.08.2021 00:20:35.614,0.72238,0.72229,1,1
19.08.2021 00:20:37.957,0.72239,0.7223100000000001,1,1
19.08.2021 00:20:38.059,0.7224100000000001,0.7223,2.25,1
19.08.2021 00:20:38.160,0.72239,0.72228,1,1.5
19.08.2021 00:20:40.686,0.7223700000000001,0.72228,1,1.5
19.08.2021 00:20:52.611,0.72235,0.7222600000000001,1,1.5
19.08.2021 00:20:53.757,0.7223600000000001,0.7222600000000001,2.44,1.5
19.08.2021 00:20:56.012,0.7223600000000001,0.72228,1.5,1
19.08.2021 00:21:01.728,0.72238,0.72227,1,1.5
19.08.2021 00:21:01.930,0.72239,0.72228,1,1.5
19.08.2021 00:21:02.718,0.72233,0.7222500000000001,1,1
19.08.2021 00:21:02.819,0.72235,0.7222600000000001,1.5,1
19.08.2021 00:21:02.920,0.7223600000000001,0.72227,1.12,1.5
19.08.2021 00:21:03.273,0.7223600000000001,0.7222600000000001,1,1
19.08.2021 00:21:03.375,0.72234,0.7222600000000001,1,1
19.08.2021 00:21:07.541,0.72235,0.72224,1,1
19.08.2021 00:21:09.549,0.72233,0.72224,1,1.8
19.08.2021 00:21:11.532,0.72234,0.7222500000000001,1,1
19.08.2021 00:21:15.973,0.72235,0.7222500000000001,1,1
19.08.2021 00:21:16.651,0.72235,0.7222600000000001,1,1.5
19.08.2021 00:21:17.130,0.7223700000000001,0.7222600000000001,2.25,1
19.08.2021 00:21:18.588,0.72239,0.7223,2.82,2.44
19.08.2021 00:21:18.690,0.7224,0.72228,1.1,1.76
19.08.2021 00:21:18.791,0.72239,0.7223,1,1
19.08.2021 00:21:20.347,0.72238,0.72229,1,1
19.08.2021 00:21:20.773,0.72239,0.7223,1,1.25
19.08.2021 00:21:21.813,0.72238,0.7223,1,1
19.08.2021 00:21:21.915,0.72239,0.7223100000000001,1,1
19.08.2021 00:21:22.016,0.7224200000000001,0.72233,1.69,1
19.08.2021 00:21:24.177,0.7224600000000001,0.72235,4.57,1
19.08.2021 00:21:24.279,0.72244,0.72235,1.5,1.5
19.08.2021 00:21:25.924,0.72243,0.72235,1,1
19.08.2021 00:21:26.295,0.72244,0.7223600000000001,1,1
19.08.2021 00:21:26.431,0.72244,0.72235,1.5,1.5
19.08.2021 00:21:26.691,0.72243,0.72235,1,1.5
19.08.2021 00:21:29.646,0.72244,0.72233,1,1.5
19.08.2021 00:21:30.082,0.7224200000000001,0.72233,2.25,1
19.08.2021 00:21:41.222,0.72243,0.72234,1,1
19.08.2021 00:21:41.425,0.7224200000000001,0.72233,1,1.5
19.08.2021 00:21:51.903,0.7224100000000001,0.72233,1,1
19.08.2021 00:22:00.208,0.7224200000000001,0.72233,1,1.5
19.08.2021 00:22:01.055,0.7224100000000001,0.72232,1.69,1
19.08.2021 00:22:01.106,0.72239,0.72228,1,1.12
19.08.2021 00:22:01.309,0.72239,0.7223,1.12,2.44
19.08.2021 00:22:01.410,0.72239,0.7223100000000001,1.12,1
19.08.2021 00:22:01.511,0.7224,0.7223100000000001,1,1.5
19.08.2021 00:22:02.319,0.7224,0.7223100000000001,1.75,1
19.08.2021 00:22:02.371,0.72235,0.72228,1.5,1
19.08.2021 00:22:02.473,0.72232,0.72224,1,3.37
19.08.2021 00:22:02.574,0.72232,0.72223,1.25,1.5
19.08.2021 00:22:02.676,0.7223100000000001,0.72223,1.25,1
19.08.2021 00:22:02.777,0.7223,0.72221,1.25,1.5
19.08.2021 00:22:06.133,0.72229,0.72221,1,1
19.08.2021 00:22:07.429,0.7223,0.72221,1,1.5
19.08.2021 00:22:10.398,0.72227,0.72217,1,1.1
19.08.2021 00:22:10.500,0.72228,0.72217,1,1.5
19.08.2021 00:22:12.820,0.72224,0.72217,1,1
19.08.2021 00:22:12.871,0.72224,0.7221500000000001,3.82,1
19.08.2021 00:22:12.973,0.72223,0.72214,1,3.45
19.08.2021 00:22:13.329,0.72224,0.7221500000000001,1.31,1
19.08.2021 00:22:13.430,0.7222600000000001,0.72217,2.7,1.5
19.08.2021 00:22:13.532,0.72227,0.72219,1,1
19.08.2021 00:22:13.633,0.72228,0.72219,1.25,1
19.08.2021 00:22:14.200,0.72229,0.7222000000000001,1.95,1
19.08.2021 00:22:14.453,0.72232,0.72222,1.5,1
19.08.2021 00:22:26.384,0.7223100000000001,0.72222,3.64,1
19.08.2021 00:22:27.040,0.7223,0.72222,1,1
19.08.2021 00:22:30.099,0.7223100000000001,0.72222,1.2,1
19.08.2021 00:22:32.660,0.72232,0.72223,2.75,1
19.08.2021 00:22:32.712,0.72233,0.72224,4.57,1
19.08.2021 00:22:37.644,0.72232,0.72223,1,2.5
19.08.2021 00:22:37.695,0.7223600000000001,0.7222500000000001,2.94,1
19.08.2021 00:22:37.831,0.7223600000000001,0.7222500000000001,2.44,1
19.08.2021 00:22:37.932,0.72234,0.7222500000000001,1,1.5
19.08.2021 00:22:40.651,0.72233,0.72224,1,1.5
19.08.2021 00:22:48.122,0.72233,0.72223,4.12,1.5
19.08.2021 00:22:51.899,0.72233,0.72222,1,1.5
19.08.2021 00:22:52.991,0.7223,0.72221,1.5,1
19.08.2021 00:22:53.093,0.7223100000000001,0.72222,1,1.5
19.08.2021 00:22:54.205,0.7223100000000001,0.72221,3,1
19.08.2021 00:22:54.256,0.72229,0.72218,1,1
19.08.2021 00:22:54.357,0.72229,0.72219,4.39,1
19.08.2021 00:22:54.458,0.72229,0.7222000000000001,1,1
19.08.2021 00:22:54.578,0.7223,0.72221,2.06,1
19.08.2021 00:22:56.464,0.7223100000000001,0.72219,1,2.44
19.08.2021 00:23:02.358,0.7223100000000001,0.7222000000000001,1,1
19.08.2021 00:23:02.460,0.7223100000000001,0.72219,1,1.69
19.08.2021 00:23:02.727,0.7223100000000001,0.72221,1.12,1
19.08.2021 00:23:04.856,0.72229,0.7222000000000001,1.5,1.5
19.08.2021 00:23:04.958,0.72229,0.72218,1,1
19.08.2021 00:23:05.059,0.72228,0.72218,1,1.5
19.08.2021 00:23:05.161,0.72229,0.72218,1,1.5
19.08.2021 00:23:05.264,0.7223,0.7222000000000001,1.87,1
19.08.2021 00:23:10.768,0.7223100000000001,0.72221,2.06,1
19.08.2021 00:23:13.737,0.7223,0.7222000000000001,1,1
19.08.2021 00:23:14.091,0.72229,0.7222000000000001,1,1
19.08.2021 00:23:15.735,0.7223,0.72221,1.87,1
19.08.2021 00:23:19.178,0.72228,0.72219,1.5,1
19.08.2021 00:23:19.280,0.72227,0.72219,1,1
19.08.2021 00:23:19.381,0.72228,0.72219,3.82,1
19.08.2021 00:23:23.033,0.72229,0.7222000000000001,1.12,1
19.08.2021 00:23:23.192,0.72232,0.72221,1.5,1
19.08.2021 00:23:28.271,0.7223100000000001,0.72221,1.5,1.5
19.08.2021 00:23:31.459,0.72229,0.72218,1,1
19.08.2021 00:23:37.109,0.72228,0.72218,1.12,1.5
19.08.2021 00:23:37.631,0.72228,0.72217,1,1.5
19.08.2021 00:23:40.426,0.7222600000000001,0.72218,1,1
19.08.2021 00:23:40.578,0.72222,0.7221500000000001,1,1
19.08.2021 00:23:40.679,0.72222,0.72214,1,1.5
19.08.2021 00:23:40.782,0.72223,0.72214,1.76,1
19.08.2021 00:23:43.039,0.72222,0.72214,1.12,1
19.08.2021 00:23:44.125,0.7222600000000001,0.7221500000000001,2.07,1
19.08.2021 00:23:44.327,0.7222500000000001,0.72216,1,1
19.08.2021 00:23:44.593,0.7222600000000001,0.72217,1.2,1
19.08.2021 00:23:44.694,0.72227,0.72218,1,1
19.08.2021 00:23:44.796,0.72228,0.72218,4.65,1
19.08.2021 00:23:46.037,0.72228,0.72219,2.7,1
19.08.2021 00:23:50.585,0.72229,0.72219,1.12,1
19.08.2021 00:23:51.749,0.7223100000000001,0.72221,3,2.25
19.08.2021 00:23:51.800,0.72232,0.72223,2.25,1
19.08.2021 00:23:52.282,0.72232,0.72224,1,1
19.08.2021 00:23:53.041,0.72234,0.72223,2.89,1
19.08.2021 00:23:55.805,0.72233,0.72222,1.12,1
19.08.2021 00:23:57.428,0.7223100000000001,0.72223,1,1
19.08.2021 00:23:57.479,0.72229,0.7222000000000001,3.45,1
19.08.2021 00:23:57.581,0.72229,0.72219,2.7,1
19.08.2021 00:23:57.682,0.72228,0.72219,1.2,1
19.08.2021 00:24:00.608,0.7223100000000001,0.72221,2.07,1.5
19.08.2021 00:24:00.811,0.7223100000000001,0.72222,1,1
19.08.2021 00:24:02.897,0.72232,0.72223,1,1
19.08.2021 00:24:02.998,0.72233,0.72223,1.95,1
19.08.2021 00:24:03.862,0.72233,0.72224,1.31,1
19.08.2021 00:24:04.014,0.72234,0.72224,2.89,1
19.08.2021 00:24:04.135,0.72235,0.72224,2.89,1
19.08.2021 00:24:07.466,0.72234,0.72224,6.39,1
19.08.2021 00:24:09.237,0.72233,0.7222500000000001,1.31,1
19.08.2021 00:24:11.946,0.72233,0.72224,1,1
19.08.2021 00:24:12.391,0.72234,0.7222500000000001,1,1
19.08.2021 00:24:13.434,0.7223100000000001,0.72224,1,1
19.08.2021 00:24:14.421,0.7223100000000001,0.72223,1,1
19.08.2021 00:24:14.523,0.7223,0.72223,1,1
19.08.2021 00:24:14.624,0.72228,0.7222000000000001,1,2.06
19.08.2021 00:24:14.928,0.72227,0.72217,1,1.5
19.08.2021 00:24:15.080,0.7222600000000001,0.72217,1,1.69
19.08.2021 00:24:15.181,0.7222500000000001,0.72217,1,1
19.08.2021 00:24:15.590,0.7222600000000001,0.72217,1,1
19.08.2021 00:24:18.999,0.72227,0.72217,1,1.69
19.08.2021 00:24:19.101,0.7223,0.72222,1,1.25
19.08.2021 00:24:19.506,0.7223100000000001,0.72222,1,1
19.08.2021 00:24:21.775,0.7223100000000001,0.72223,1,1
19.08.2021 00:24:22.020,0.72233,0.72222,1,1.5
19.08.2021 00:24:24.493,0.72233,0.72223,1,1.69
19.08.2021 00:24:24.594,0.72233,0.72224,1,1
19.08.2021 00:24:26.078,0.72232,0.72223,1,1.25
19.08.2021 00:24:26.179,0.72234,0.7222500000000001,1,1.5
19.08.2021 00:24:26.482,0.72233,0.72224,1,1
19.08.2021 00:24:28.787,0.72233,0.72223,1.5,1
19.08.2021 00:24:44.081,0.7223100000000001,0.72224,1,1
19.08.2021 00:24:58.867,0.72233,0.72223,1,1
19.08.2021 00:24:59.758,0.72233,0.72224,1,1
19.08.2021 00:25:01.563,0.7223100000000001,0.72224,1,1.5
19.08.2021 00:25:01.613,0.7222600000000001,0.72216,1,1
19.08.2021 00:25:01.664,0.72222,0.72213,1.25,2.7
19.08.2021 00:25:01.766,0.72222,0.72214,2.44,1
19.08.2021 00:25:01.817,0.72221,0.72212,1,1.5
19.08.2021 00:25:01.918,0.72221,0.72213,4.39,1
19.08.2021 00:25:01.969,0.72218,0.72209,1,1.5
19.08.2021 00:25:02.070,0.72217,0.72208,1,1.5
19.08.2021 00:25:02.172,0.72219,0.7221000000000001,1.57,1.5
19.08.2021 00:25:02.273,0.72221,0.72213,1,1
19.08.2021 00:25:02.375,0.72221,0.72214,1,1
19.08.2021 00:25:02.477,0.72219,0.72211,1,1
19.08.2021 00:25:02.629,0.7222000000000001,0.72212,1,1.25
19.08.2021 00:25:02.684,0.72222,0.72214,1.2,1
19.08.2021 00:25:04.702,0.7222500000000001,0.72216,1.57,2.44
19.08.2021 00:25:04.804,0.7222600000000001,0.72217,2.29,1
19.08.2021 00:25:04.855,0.72224,0.72214,1.5,1
19.08.2021 00:25:04.956,0.72222,0.72214,1,1
19.08.2021 00:25:06.324,0.72224,0.72213,4.46,1
19.08.2021 00:25:06.679,0.72222,0.72214,1,1
19.08.2021 00:25:07.235,0.72218,0.7221000000000001,1.69,1.25
19.08.2021 00:25:07.337,0.7222000000000001,0.7221000000000001,1.2,2.25
19.08.2021 00:25:07.540,0.72218,0.72209,1,1.5
19.08.2021 00:25:07.642,0.72221,0.72211,2,1.69
19.08.2021 00:25:07.743,0.72221,0.72213,1.5,1
19.08.2021 00:25:08.226,0.72221,0.72214,1,1
19.08.2021 00:25:09.161,0.72223,0.72213,4.57,1
19.08.2021 00:25:11.428,0.72222,0.72213,3,1
19.08.2021 00:25:11.529,0.72218,0.7221000000000001,3.62,2.25
19.08.2021 00:25:11.631,0.72219,0.72211,5.89,2.25
19.08.2021 00:25:11.732,0.72217,0.72208,1,2.44
19.08.2021 00:25:11.783,0.72219,0.72209,1.87,1.5
19.08.2021 00:25:11.833,0.72221,0.7221000000000001,1.5,1.5
19.08.2021 00:25:11.935,0.72223,0.72213,3.56,1
19.08.2021 00:25:14.000,0.7222000000000001,0.72211,1.87,1.5
19.08.2021 00:25:14.101,0.72219,0.72208,1,2.7
19.08.2021 00:25:14.572,0.72218,0.72209,1.25,1.5
19.08.2021 00:25:14.877,0.72218,0.72208,1.25,1.5
19.08.2021 00:25:14.978,0.72217,0.72208,1.75,1.5
19.08.2021 00:25:15.079,0.72216,0.72208,1.25,1.5
19.08.2021 00:25:15.181,0.72216,0.72209,1.87,1
19.08.2021 00:25:15.282,0.72214,0.72207,1.25,1
19.08.2021 00:25:15.383,0.72211,0.72204,1.25,1.5
19.08.2021 00:25:15.535,0.7221500000000001,0.7220500000000001,2.06,1
19.08.2021 00:25:15.586,0.72211,0.72202,1,2.16
19.08.2021 00:25:16.286,0.72212,0.7220500000000001,1,1
19.08.2021 00:25:16.387,0.72212,0.72204,1,1
19.08.2021 00:25:17.985,0.72211,0.7220300000000001,1,1
19.08.2021 00:25:18.137,0.72211,0.72202,1,1
19.08.2021 00:25:18.239,0.72211,0.7220300000000001,1,1
19.08.2021 00:25:18.907,0.72212,0.72201,1.69,1.5
19.08.2021 00:25:19.009,0.7221000000000001,0.7220000000000001,1.25,1.5
19.08.2021 00:25:19.110,0.72208,0.7220000000000001,1.25,1
19.08.2021 00:25:19.161,0.72208,0.72197,1,3.15
19.08.2021 00:25:19.262,0.72211,0.72202,1.75,1.69
19.08.2021 00:25:19.363,0.72211,0.72202,1,1
19.08.2021 00:25:19.465,0.72213,0.72201,1,1.5
19.08.2021 00:25:20.010,0.72212,0.7220300000000001,1,1
19.08.2021 00:25:20.568,0.72213,0.7220500000000001,1,2.14
19.08.2021 00:25:20.619,0.72216,0.72207,1.12,1.69
19.08.2021 00:25:20.772,0.72217,0.72208,1.25,1
19.08.2021 00:25:20.823,0.72218,0.72211,1.25,2.25
19.08.2021 00:25:21.634,0.72218,0.72207,1,1.95
19.08.2021 00:25:21.685,0.7222000000000001,0.72208,1.12,1.76
19.08.2021 00:25:21.787,0.72219,0.7221000000000001,1.12,1.5
19.08.2021 00:25:22.741,0.72218,0.72209,1,1
19.08.2021 00:25:24.573,0.72217,0.72206,1,2.4
19.08.2021 00:25:24.674,0.72217,0.72208,1,2.51
19.08.2021 00:25:24.725,0.72221,0.72209,1,1.57
19.08.2021 00:25:24.776,0.72221,0.72213,2.62,1
19.08.2021 00:25:24.928,0.72222,0.72214,1.5,1
19.08.2021 00:25:30.881,0.72218,0.72209,1,3.37
19.08.2021 00:25:30.983,0.72219,0.72207,1.5,2.7
19.08.2021 00:25:31.034,0.72218,0.7221000000000001,1.69,2.25
19.08.2021 00:25:31.136,0.72218,0.72211,1.25,2.25
19.08.2021 00:25:31.187,0.72217,0.72208,1,1.5
19.08.2021 00:25:31.296,0.72218,0.72211,1.25,2.25
19.08.2021 00:25:31.809,0.7222000000000001,0.72211,1.5,2.25
19.08.2021 00:25:31.961,0.72222,0.72212,2.81,1
19.08.2021 00:25:34.145,0.72221,0.72214,1.5,1
19.08.2021 00:25:34.247,0.7222000000000001,0.72213,1,1
19.08.2021 00:25:34.703,0.72218,0.72208,1,1
19.08.2021 00:25:34.854,0.72217,0.72208,1.5,1
19.08.2021 00:25:35.242,0.72218,0.72208,1,1
19.08.2021 00:25:35.293,0.7221500000000001,0.72208,1,1
19.08.2021 00:25:35.465,0.72214,0.72206,2.25,1.1
19.08.2021 00:25:35.516,0.72213,0.7220300000000001,1,1.95
19.08.2021 00:25:35.617,0.72211,0.7220300000000001,1,1
19.08.2021 00:25:36.844,0.72213,0.72204,1.5,3.64
19.08.2021 00:25:36.895,0.7221500000000001,0.72206,1,1
19.08.2021 00:25:37.351,0.7221500000000001,0.72204,1,2.42
19.08.2021 00:25:37.453,0.72213,0.72204,1.5,1.1
19.08.2021 00:25:38.700,0.72212,0.72202,1,1.57
19.08.2021 00:25:38.802,0.72211,0.72201,2.25,2.02
19.08.2021 00:25:38.853,0.72208,0.72199,1.5,2.51
19.08.2021 00:25:38.955,0.7221000000000001,0.7219800000000001,1,1.7
19.08.2021 00:25:40.276,0.72211,0.72202,1.12,1
19.08.2021 00:25:41.728,0.72212,0.7220300000000001,1.5,1
19.08.2021 00:25:43.553,0.72212,0.72202,1.5,1
19.08.2021 00:25:44.312,0.72211,0.72202,1,1
19.08.2021 00:25:44.464,0.7221000000000001,0.72202,1,1
19.08.2021 00:25:44.668,0.72211,0.7220000000000001,1.5,1
19.08.2021 00:25:44.770,0.72208,0.72199,1.5,1.12
19.08.2021 00:25:46.362,0.72208,0.7219800000000001,1.5,1
19.08.2021 00:25:47.662,0.72207,0.7219800000000001,1,1
19.08.2021 00:25:50.210,0.7221000000000001,0.72201,1.7,1
19.08.2021 00:25:50.362,0.72212,0.7220000000000001,1.69,1
19.08.2021 00:25:51.677,0.72212,0.7220300000000001,1.12,1
19.08.2021 00:25:52.909,0.72213,0.72204,1,1
19.08.2021 00:25:55.722,0.72213,0.72202,1,1
19.08.2021 00:25:55.823,0.72212,0.7220300000000001,1.94,1
19.08.2021 00:25:55.975,0.72211,0.72202,1.25,1
19.08.2021 00:25:56.727,0.72212,0.7220300000000001,1,1
19.08.2021 00:25:57.186,0.72212,0.7220300000000001,2.31,1
19.08.2021 00:25:58.579,0.72211,0.7220000000000001,4,1
19.08.2021 00:25:58.680,0.72209,0.7220000000000001,1.25,1
19.08.2021 00:25:59.409,0.72208,0.7220000000000001,1.69,1
19.08.2021 00:25:59.511,0.72204,0.72196,1.94,1.5
19.08.2021 00:25:59.612,0.72202,0.72192,1.94,1.2
19.08.2021 00:25:59.664,0.72199,0.72191,1.25,1.14
19.08.2021 00:25:59.715,0.72196,0.72184,1.75,1.95
19.08.2021 00:25:59.767,0.72192,0.7218100000000001,1,1.57
19.08.2021 00:25:59.870,0.7219,0.7218100000000001,1.25,3.07
19.08.2021 00:26:00.023,0.72191,0.7218100000000001,1,1
19.08.2021 00:26:00.124,0.72191,0.72182,1,1.5
19.08.2021 00:26:00.225,0.72192,0.72182,1,1
19.08.2021 00:26:00.882,0.72196,0.7218600000000001,1.62,1.1
19.08.2021 00:26:00.983,0.72197,0.7219,1.25,1.5
19.08.2021 00:26:01.236,0.7219800000000001,0.7219,1,2.25
19.08.2021 00:26:01.338,0.72204,0.72194,1,1
19.08.2021 00:26:01.439,0.7220300000000001,0.72192,1,1.5
19.08.2021 00:26:01.969,0.72202,0.7219300000000001,1.75,1.5
19.08.2021 00:26:02.121,0.7220000000000001,0.72189,1,2.7
19.08.2021 00:26:02.425,0.72199,0.72191,1,1
19.08.2021 00:26:02.526,0.7220300000000001,0.72194,1.31,1
19.08.2021 00:26:02.577,0.7220000000000001,0.7219300000000001,1.25,1
19.08.2021 00:26:02.678,0.72201,0.72191,1.25,1
19.08.2021 00:26:02.780,0.72201,0.72192,1.25,1
19.08.2021 00:26:02.881,0.7220000000000001,0.72192,1.25,1
19.08.2021 00:26:02.982,0.72201,0.72192,1.69,1
19.08.2021 00:26:03.084,0.7220000000000001,0.72192,1.25,1
19.08.2021 00:26:04.188,0.7219800000000001,0.72187,1.69,1.5
19.08.2021 00:26:04.492,0.7219800000000001,0.7219,1.25,1
19.08.2021 00:26:04.593,0.72199,0.7219,1.69,1
19.08.2021 00:26:05.010,0.7219800000000001,0.72189,1.69,1.5
19.08.2021 00:26:05.565,0.7219800000000001,0.7218800000000001,1.69,2.25
19.08.2021 00:26:05.667,0.72197,0.7218800000000001,1.75,1.5
19.08.2021 00:26:05.768,0.72196,0.7218800000000001,1.25,1.5
19.08.2021 00:26:06.610,0.72195,0.7218600000000001,1.75,1.5
19.08.2021 00:26:06.964,0.72194,0.72185,1.25,1
19.08.2021 00:26:07.015,0.72194,0.7218300000000001,1.75,1
19.08.2021 00:26:07.116,0.72192,0.72184,1.25,1
19.08.2021 00:26:07.268,0.72192,0.7218300000000001,1.75,1.5
19.08.2021 00:26:07.672,0.7219300000000001,0.72182,1,1.5
19.08.2021 00:26:07.975,0.7219300000000001,0.72184,1,1
19.08.2021 00:26:08.649,0.72195,0.72185,1,1.25
19.08.2021 00:26:08.750,0.72195,0.7218600000000001,1,1.01
19.08.2021 00:26:09.388,0.72197,0.7218600000000001,1.69,1
19.08.2021 00:26:09.870,0.7220000000000001,0.72189,2.19,1
19.08.2021 00:26:09.972,0.72199,0.7219,1.25,1.5
19.08.2021 00:26:11.099,0.72202,0.7219300000000001,1,1
19.08.2021 00:26:11.253,0.7220300000000001,0.72194,1.12,1
19.08.2021 00:26:11.456,0.72204,0.72195,1,1
19.08.2021 00:26:11.863,0.72202,0.72194,1,1
19.08.2021 00:26:12.088,0.72201,0.72191,1.69,1
19.08.2021 00:26:12.190,0.72199,0.7219,1.69,1.5
19.08.2021 00:26:12.291,0.7220000000000001,0.72189,2.87,1
19.08.2021 00:26:12.523,0.7219800000000001,0.7219,1.25,1
19.08.2021 00:26:12.625,0.7219800000000001,0.72189,1.25,1
19.08.2021 00:26:12.726,0.7219800000000001,0.72189,1.75,1.5
19.08.2021 00:26:12.990,0.72199,0.72189,1,3.19
19.08.2021 00:26:13.041,0.72201,0.72192,1.31,1
19.08.2021 00:26:14.030,0.72202,0.7219300000000001,1,1
19.08.2021 00:26:15.791,0.72204,0.7219300000000001,2.44,1
19.08.2021 00:26:16.246,0.7220500000000001,0.72194,1,1
19.08.2021 00:26:16.348,0.72206,0.72194,2.81,1
19.08.2021 00:26:17.677,0.72206,0.72196,2.81,1
19.08.2021 00:26:18.774,0.72206,0.72194,1.69,2.26
19.08.2021 00:26:18.983,0.72207,0.7219300000000001,2.81,2.14
19.08.2021 00:26:19.134,0.72206,0.72195,2.81,1
19.08.2021 00:26:20.553,0.7220500000000001,0.72195,3.56,1
19.08.2021 00:26:20.656,0.72204,0.7219300000000001,3.31,1.5
19.08.2021 00:26:20.758,0.72204,0.7219300000000001,4.06,1
19.08.2021 00:26:21.107,0.7220000000000001,0.72192,1,3.34
19.08.2021 00:26:21.159,0.72204,0.72192,4.06,3.34
19.08.2021 00:26:21.673,0.7220300000000001,0.72191,3.31,4.21
19.08.2021 00:26:21.774,0.7220000000000001,0.72191,1.12,1.2
19.08.2021 00:26:21.876,0.7220000000000001,0.72189,1.12,2.59
19.08.2021 00:26:22.027,0.72199,0.7218800000000001,2.06,2.52
19.08.2021 00:26:22.129,0.72199,0.7218800000000001,3.19,1.65
19.08.2021 00:26:22.230,0.72199,0.72187,3.69,3.3
19.08.2021 00:26:23.136,0.7220000000000001,0.7218600000000001,3.19,3.3
19.08.2021 00:26:24.480,0.72197,0.7219,1,1
19.08.2021 00:26:24.531,0.72202,0.7218800000000001,3.19,1.97
19.08.2021 00:26:25.860,0.72201,0.72189,3.07,3.82
19.08.2021 00:26:27.193,0.72201,0.72189,1.95,3.95
19.08.2021 00:26:31.178,0.72197,0.72189,1,3.45
19.08.2021 00:26:31.229,0.7220000000000001,0.7218800000000001,3.26,1.12
19.08.2021 00:26:31.330,0.72199,0.72187,1.1,2.45
19.08.2021 00:26:31.432,0.7219800000000001,0.7218800000000001,1.95,1
19.08.2021 00:26:33.567,0.72195,0.72187,1,1.5
19.08.2021 00:26:33.669,0.72194,0.7218600000000001,1,2.7
19.08.2021 00:26:34.118,0.72195,0.7218600000000001,1.69,1
19.08.2021 00:26:34.219,0.72192,0.72184,1,1.2
19.08.2021 00:26:34.321,0.72192,0.72182,1,1
19.08.2021 00:26:34.422,0.72191,0.72182,1,3.45
19.08.2021 00:26:34.523,0.72191,0.7218100000000001,1,1.5
19.08.2021 00:26:34.777,0.72189,0.72179,1,1.2
19.08.2021 00:26:34.878,0.7219,0.72179,1,2.14
19.08.2021 00:26:34.980,0.72191,0.7218,1.69,1.5
19.08.2021 00:26:35.333,0.72191,0.72182,1,1
19.08.2021 00:26:35.435,0.72192,0.72182,1,2.44
19.08.2021 00:26:35.637,0.72192,0.72182,1,3.76
19.08.2021 00:26:36.106,0.72192,0.72182,1,3.26
19.08.2021 00:26:36.734,0.72192,0.7218100000000001,1,3.07
19.08.2021 00:26:37.130,0.7219300000000001,0.7218300000000001,1,1
19.08.2021 00:26:37.181,0.72194,0.72185,1.12,1.5
19.08.2021 00:26:38.125,0.7219300000000001,0.7218300000000001,1,2.32
19.08.2021 00:26:40.092,0.72192,0.7218300000000001,1,1.5
19.08.2021 00:26:41.380,0.7219,0.7218100000000001,1,2.7
19.08.2021 00:26:41.481,0.72189,0.7218100000000001,4.56,1.2
19.08.2021 00:26:41.582,0.7218800000000001,0.72179,1.25,1
19.08.2021 00:26:42.111,0.7218600000000001,0.72177,1,3.07
19.08.2021 00:26:43.373,0.7218100000000001,0.72172,3,2.44
19.08.2021 00:26:44.472,0.72182,0.72172,1,3.15
19.08.2021 00:26:44.900,0.72182,0.72174,1,1
19.08.2021 00:26:45.002,0.72182,0.7217300000000001,1,2.7
19.08.2021 00:26:47.777,0.7218300000000001,0.72174,1,1.39
19.08.2021 00:26:47.878,0.72184,0.72175,1.12,1
19.08.2021 00:26:50.543,0.72184,0.72174,1,1.69
19.08.2021 00:26:51.064,0.72182,0.7217300000000001,1,1.12
19.08.2021 00:26:51.216,0.72182,0.72172,1.5,4.01
19.08.2021 00:26:52.576,0.72182,0.7217300000000001,1,1
19.08.2021 00:26:53.107,0.7218300000000001,0.7217300000000001,1,1.5
19.08.2021 00:26:54.226,0.72184,0.7217600000000001,1,1
19.08.2021 00:26:54.327,0.72187,0.7217600000000001,1,1.69
19.08.2021 00:26:54.530,0.72187,0.7217800000000001,1,1
19.08.2021 00:26:54.783,0.7219,0.7218100000000001,1,1
19.08.2021 00:26:55.270,0.72192,0.7218,1.12,1.5
19.08.2021 00:26:56.682,0.7219300000000001,0.7218100000000001,1.5,1.5
19.08.2021 00:26:56.733,0.7219300000000001,0.7218300000000001,1,1.5
19.08.2021 00:26:56.834,0.72194,0.72182,1,2.5
19.08.2021 00:26:56.885,0.72195,0.7218600000000001,2,1
19.08.2021 00:26:56.986,0.72195,0.72187,1,1
19.08.2021 00:26:57.087,0.72196,0.72187,1,2.44
19.08.2021 00:26:57.189,0.72196,0.7218800000000001,1,1
19.08.2021 00:26:57.290,0.72199,0.7219,1.12,1.94
19.08.2021 00:26:57.392,0.7220000000000001,0.72192,1,1.5
19.08.2021 00:26:57.493,0.72201,0.72192,1.5,1.5
19.08.2021 00:26:57.848,0.7220000000000001,0.72191,1,1.69
19.08.2021 00:26:58.103,0.72201,0.72192,1,1.5
19.08.2021 00:26:58.548,0.72202,0.72192,1.87,1.5
19.08.2021 00:26:58.875,0.72199,0.7219,1,1.5
19.08.2021 00:26:58.976,0.72199,0.7218800000000001,1,1.5
19.08.2021 00:26:59.178,0.72197,0.7218800000000001,1,1.5
19.08.2021 00:27:00.205,0.72196,0.72187,2.44,1.5
19.08.2021 00:27:00.308,0.72199,0.7218800000000001,1.12,1
19.08.2021 00:27:00.410,0.72199,0.72189,1.12,1.5
19.08.2021 00:27:00.562,0.7220000000000001,0.7219,2.75,1
19.08.2021 00:27:00.664,0.7220000000000001,0.7219,2.25,1
19.08.2021 00:27:01.667,0.7220000000000001,0.72189,1,1
19.08.2021 00:27:02.228,0.72201,0.72191,1.5,1
19.08.2021 00:27:02.278,0.72202,0.72192,1.5,1
19.08.2021 00:27:02.481,0.72202,0.72192,1.12,1.5
19.08.2021 00:27:03.246,0.72202,0.7219300000000001,1,1
19.08.2021 00:27:04.361,0.7220500000000001,0.72196,2.81,1
19.08.2021 00:27:04.462,0.72207,0.7219800000000001,1.5,1
19.08.2021 00:27:05.756,0.72207,0.72197,1,1
19.08.2021 00:27:05.959,0.72208,0.72197,1,1
19.08.2021 00:27:09.463,0.72207,0.72199,1,1
19.08.2021 00:27:11.582,0.72207,0.7219800000000001,1,1
19.08.2021 00:27:11.800,0.72208,0.7219800000000001,1.87,1
19.08.2021 00:27:11.901,0.72208,0.7219800000000001,2,1
19.08.2021 00:27:13.557,0.72206,0.72197,1,1.5
19.08.2021 00:27:13.666,0.72206,0.7219800000000001,1,1
19.08.2021 00:27:14.942,0.72206,0.72197,1,1.5
19.08.2021 00:27:15.044,0.7221000000000001,0.7220000000000001,1.5,1.5
19.08.2021 00:27:15.197,0.72212,0.72201,1,1
19.08.2021 00:27:15.299,0.72209,0.7219800000000001,1,2.7
19.08.2021 00:27:15.501,0.72209,0.72197,1,2.7
19.08.2021 00:27:15.603,0.72207,0.7219800000000001,1,1.5
19.08.2021 00:27:22.463,0.72204,0.72195,2.62,1.5
19.08.2021 00:27:22.566,0.7220300000000001,0.72194,1,3.07
19.08.2021 00:27:23.611,0.72206,0.72196,4.12,1
19.08.2021 00:27:23.713,0.72207,0.72197,2,1.5
19.08.2021 00:27:23.815,0.72207,0.72197,1.87,1.5
19.08.2021 00:27:27.123,0.72207,0.7219800000000001,1.5,1
19.08.2021 00:27:27.958,0.72208,0.7219800000000001,1,1
19.08.2021 00:27:28.192,0.72208,0.72199,1.87,1
19.08.2021 00:27:38.946,0.7220500000000001,0.72195,3.5,1.87
19.08.2021 00:27:39.048,0.72201,0.7219300000000001,1,1
19.08.2021 00:27:39.201,0.72202,0.72191,1.5,1
19.08.2021 00:27:39.404,0.7220000000000001,0.72192,1,1
19.08.2021 00:27:39.506,0.72202,0.72191,1.87,1
19.08.2021 00:27:40.154,0.72202,0.72191,2.75,1
19.08.2021 00:27:41.771,0.72201,0.72192,2.62,1
19.08.2021 00:27:41.980,0.72204,0.72191,1.5,2.44
19.08.2021 00:27:42.082,0.72206,0.72196,1.69,1
19.08.2021 00:27:42.133,0.72207,0.72197,3.94,1
19.08.2021 00:27:42.234,0.72206,0.7219800000000001,1.5,1
19.08.2021 00:27:44.508,0.72207,0.7219800000000001,1.12,1
19.08.2021 00:27:44.825,0.72207,0.72199,1.12,1
19.08.2021 00:28:03.324,0.72209,0.72199,6.01,1
19.08.2021 00:28:05.974,0.72207,0.72199,1,1
19.08.2021 00:28:09.427,0.72207,0.7220000000000001,1,1
19.08.2021 00:28:10.429,0.72208,0.7220000000000001,2.62,1
19.08.2021 00:28:11.343,0.72209,0.7220000000000001,2.62,1
19.08.2021 00:28:11.394,0.72211,0.72202,1.5,1
19.08.2021 00:28:11.444,0.72214,0.72204,1,1
19.08.2021 00:28:11.546,0.72214,0.7220500000000001,2.25,1
19.08.2021 00:28:11.648,0.7221500000000001,0.72204,2,1.69
19.08.2021 00:28:11.754,0.72216,0.72206,1,1
19.08.2021 00:28:11.856,0.72218,0.72206,2,1.69
19.08.2021 00:28:12.009,0.72217,0.72209,1.12,1
19.08.2021 00:28:16.719,0.72217,0.72206,1.5,1
19.08.2021 00:28:17.956,0.72217,0.72209,1.12,1
19.08.2021 00:28:18.260,0.72218,0.7221000000000001,1.87,1
19.08.2021 00:28:18.664,0.72218,0.72209,1.87,1
19.08.2021 00:28:18.866,0.72218,0.72209,2,1
19.08.2021 00:28:23.703,0.72217,0.72208,1.87,1
19.08.2021 00:28:24.091,0.72213,0.7220500000000001,1,1
19.08.2021 00:28:24.193,0.72213,0.72204,1,1.95
19.08.2021 00:28:24.616,0.72212,0.72204,1,1
19.08.2021 00:28:25.448,0.72212,0.7220300000000001,1,1
19.08.2021 00:28:26.678,0.72213,0.7220300000000001,1.87,1
19.08.2021 00:28:26.846,0.72212,0.7220300000000001,1,1
19.08.2021 00:28:30.313,0.72213,0.7220300000000001,1,1
19.08.2021 00:28:32.876,0.72206,0.72197,1.25,3.25
19.08.2021 00:28:32.977,0.7220500000000001,0.72197,3.75,1
19.08.2021 00:28:33.028,0.7220500000000001,0.72195,3,1.95
19.08.2021 00:28:33.129,0.7220300000000001,0.72195,1,1
19.08.2021 00:28:35.289,0.7220300000000001,0.72194,1.12,1
19.08.2021 00:28:37.409,0.7220300000000001,0.72195,1.12,1
19.08.2021 00:28:37.512,0.7220300000000001,0.72194,1,1
19.08.2021 00:28:38.169,0.7220300000000001,0.7219300000000001,1,1
19.08.2021 00:28:38.767,0.72202,0.7219300000000001,1.12,1
19.08.2021 00:28:44.869,0.7220300000000001,0.72194,1,1
19.08.2021 00:28:50.112,0.72202,0.72194,1,1
19.08.2021 00:28:50.163,0.7220500000000001,0.7219300000000001,1.87,1
19.08.2021 00:28:50.265,0.72204,0.72195,1,1
19.08.2021 00:28:54.131,0.72204,0.72194,2.66,1
19.08.2021 00:28:57.488,0.7220500000000001,0.72195,1.5,2.44
19.08.2021 00:28:57.842,0.72204,0.72196,1,1
19.08.2021 00:28:57.943,0.72206,0.72196,1.81,1
19.08.2021 00:28:58.044,0.7220500000000001,0.72195,2.25,2.7
19.08.2021 00:28:58.146,0.72204,0.72196,2.25,1
19.08.2021 00:28:58.247,0.72204,0.72195,2.25,1
19.08.2021 00:28:58.822,0.7220300000000001,0.72195,1,1
19.08.2021 00:28:59.192,0.7220500000000001,0.72196,2.81,1
19.08.2021 00:28:59.395,0.7220500000000001,0.72195,3.37,1
19.08.2021 00:28:59.496,0.7220500000000001,0.72196,2.81,1
19.08.2021 00:28:59.741,0.72206,0.72196,2.62,1
19.08.2021 00:28:59.842,0.7220500000000001,0.72196,2.62,1
19.08.2021 00:29:00.044,0.72206,0.72197,1.12,1.5
19.08.2021 00:29:00.145,0.72206,0.72197,1.5,1
19.08.2021 00:29:00.247,0.7220500000000001,0.72197,1,1.5
19.08.2021 00:29:01.168,0.72206,0.72197,2.62,1
19.08.2021 00:29:01.320,0.7220500000000001,0.72196,1.5,1.39
19.08.2021 00:29:01.421,0.7220500000000001,0.72197,1.5,1
19.08.2021 00:29:01.472,0.72208,0.72196,1.5,1
19.08.2021 00:29:01.524,0.7220500000000001,0.72197,1.5,1
19.08.2021 00:29:01.625,0.72206,0.72195,2.25,1
19.08.2021 00:29:01.929,0.72204,0.72196,1.5,1.5
19.08.2021 00:29:02.748,0.72204,0.7219300000000001,1,1.5
19.08.2021 00:29:04.819,0.72206,0.72194,1.5,2.14
19.08.2021 00:29:04.870,0.72207,0.7219800000000001,1.31,1
19.08.2021 00:29:04.921,0.72206,0.72196,1.5,1
19.08.2021 00:29:05.073,0.7220500000000001,0.72196,4.19,1
19.08.2021 00:29:05.175,0.72204,0.72195,3.19,2.25
19.08.2021 00:29:06.035,0.72204,0.72195,3.44,1
19.08.2021 00:29:06.136,0.7220300000000001,0.72194,1.25,2.25
19.08.2021 00:29:07.731,0.7220500000000001,0.72195,3.5,1.5
19.08.2021 00:29:07.832,0.72204,0.7219300000000001,1,1.5
19.08.2021 00:29:09.510,0.7220500000000001,0.7219300000000001,3,1.5
19.08.2021 00:29:11.774,0.72204,0.72194,3.5,1.5
19.08.2021 00:29:18.132,0.7220300000000001,0.72195,1.12,1
19.08.2021 00:29:34.150,0.7220500000000001,0.72196,1,1
19.08.2021 00:29:34.201,0.7220500000000001,0.72195,2,1.5
19.08.2021 00:29:34.251,0.7220500000000001,0.72197,1.5,1
19.08.2021 00:29:34.353,0.7220500000000001,0.72196,2.25,1
19.08.2021 00:29:34.733,0.7220300000000001,0.72194,1,1
19.08.2021 00:29:36.435,0.72202,0.7219300000000001,1,1.5
19.08.2021 00:29:41.506,0.7220000000000001,0.72189,3,1.2
19.08.2021 00:29:41.608,0.72197,0.72189,1,10.5
19.08.2021 00:29:41.709,0.7219800000000001,0.72187,1.5,1.5
19.08.2021 00:29:45.395,0.7219800000000001,0.7218800000000001,1,1
19.08.2021 00:29:45.698,0.72202,0.72191,2.37,1.76
19.08.2021 00:29:45.800,0.72202,0.7219300000000001,1.87,1
19.08.2021 00:29:45.901,0.7220300000000001,0.72194,1.87,1
19.08.2021 00:29:48.863,0.72204,0.72195,2.62,1
19.08.2021 00:29:49.065,0.72206,0.72194,5.06,1
19.08.2021 00:29:49.267,0.7220500000000001,0.7219300000000001,1,1.5
19.08.2021 00:29:49.388,0.72204,0.72195,1,1
19.08.2021 00:29:50.784,0.72204,0.72194,3.94,1
19.08.2021 00:29:50.890,0.7220300000000001,0.72194,1,1
19.08.2021 00:29:51.072,0.7220300000000001,0.72195,1,1
19.08.2021 00:30:00.249,0.72204,0.72196,1.25,1
19.08.2021 00:30:00.300,0.7220300000000001,0.72194,1,3.19
19.08.2021 00:30:04.365,0.7220300000000001,0.7219300000000001,3.61,1
19.08.2021 00:30:04.602,0.7220000000000001,0.72191,1,3.19
19.08.2021 00:30:04.703,0.72201,0.72192,1.05,1
19.08.2021 00:30:05.562,0.7220000000000001,0.72192,1.69,1
19.08.2021 00:30:05.764,0.7220000000000001,0.72191,1.5,1
19.08.2021 00:30:05.866,0.72201,0.72192,1.91,1
19.08.2021 00:30:07.388,0.72201,0.7219300000000001,1.05,1
19.08.2021 00:30:08.013,0.7220000000000001,0.7219,1.69,1
19.08.2021 00:30:08.114,0.7220000000000001,0.72189,3.75,1
19.08.2021 00:30:08.823,0.7219800000000001,0.7218600000000001,2.44,2.51
19.08.2021 00:30:08.924,0.72196,0.72187,1,1.95
19.08.2021 00:30:09.126,0.72197,0.72187,1.69,1.87
19.08.2021 00:30:09.228,0.72197,0.7218800000000001,1.69,1
19.08.2021 00:30:10.582,0.7219800000000001,0.72189,1.5,1
19.08.2021 00:30:12.377,0.7220000000000001,0.72189,1,2.44
19.08.2021 00:30:12.428,0.72201,0.72192,1.62,1
19.08.2021 00:30:12.747,0.72202,0.72191,1.72,1.5
19.08.2021 00:30:19.861,0.72201,0.72191,1.91,1.5
19.08.2021 00:30:20.711,0.72201,0.7219300000000001,1.05,1
19.08.2021 00:30:21.627,0.72201,0.72192,1.05,1.5
19.08.2021 00:30:28.481,0.7220000000000001,0.72191,1,1.5
19.08.2021 00:30:30.963,0.72199,0.72191,1,1
19.08.2021 00:30:31.065,0.7220000000000001,0.72189,1,1.5
19.08.2021 00:30:32.805,0.7220000000000001,0.72191,1,1
19.08.2021 00:30:33.179,0.72201,0.72191,1,1
19.08.2021 00:30:34.174,0.7220000000000001,0.72191,1,1
19.08.2021 00:30:34.318,0.72201,0.72192,1.16,1
19.08.2021 00:30:38.561,0.72201,0.72191,1.05,2.25
19.08.2021 00:30:39.077,0.7220000000000001,0.72191,1,1
19.08.2021 00:30:39.765,0.7220000000000001,0.7219,1,3.19
19.08.2021 00:30:40.071,0.72199,0.7219,1,2.25
19.08.2021 00:30:42.193,0.72199,0.72189,1,1
19.08.2021 00:30:42.346,0.7219800000000001,0.72189,1,1.69
19.08.2021 00:30:46.736,0.72199,0.7219,1,1.69
19.08.2021 00:30:46.837,0.7220000000000001,0.72192,1.12,1
19.08.2021 00:30:48.956,0.7220000000000001,0.7219300000000001,1,1
19.08.2021 00:30:49.058,0.72202,0.72192,1,1
19.08.2021 00:30:49.747,0.72202,0.7219300000000001,1.05,1
19.08.2021 00:30:54.158,0.72201,0.7219300000000001,1,1
19.08.2021 00:30:55.249,0.7220000000000001,0.7219300000000001,1,1
19.08.2021 00:30:56.346,0.7219800000000001,0.7219,1,1.12
19.08.2021 00:30:56.448,0.7219800000000001,0.72191,1,1
19.08.2021 00:30:56.651,0.7220000000000001,0.7219,1,1
19.08.2021 00:30:59.909,0.7220000000000001,0.72192,1,1
19.08.2021 00:31:00.263,0.72201,0.72192,1,2.44
19.08.2021 00:31:01.301,0.72202,0.72192,1,1
19.08.2021 00:31:01.936,0.72204,0.72192,2.86,1
19.08.2021 00:31:03.039,0.72201,0.7219300000000001,1,1
19.08.2021 00:31:06.508,0.72201,0.72192,1,1.25
19.08.2021 00:31:06.730,0.72199,0.72191,1,1.25
19.08.2021 00:31:07.702,0.72199,0.7219,1,1
19.08.2021 00:31:11.426,0.72199,0.72191,1,1
19.08.2021 00:31:12.112,0.72199,0.7219,1,1.5
19.08.2021 00:31:14.001,0.72199,0.72191,1,1
19.08.2021 00:31:14.988,0.72199,0.7219,1,1.5
19.08.2021 00:31:15.489,0.7220000000000001,0.7219,1,1.69
19.08.2021 00:31:15.591,0.72202,0.72192,1.12,2.44
19.08.2021 00:31:15.793,0.72202,0.72191,1,2.44
19.08.2021 00:31:17.615,0.7220300000000001,0.72192,1,1.25
19.08.2021 00:31:17.717,0.7220300000000001,0.72194,1.12,1.5
19.08.2021 00:31:17.819,0.7220300000000001,0.7219300000000001,1,1
19.08.2021 00:31:17.920,0.7220300000000001,0.72194,1,1
19.08.2021 00:31:18.021,0.7220300000000001,0.7219300000000001,1,2.44
19.08.2021 00:31:18.932,0.72202,0.7219300000000001,1,1.69
19.08.2021 00:31:19.033,0.7220300000000001,0.7219300000000001,1,2.44
19.08.2021 00:31:22.124,0.72202,0.7219300000000001,1,2.44
19.08.2021 00:31:23.311,0.7220300000000001,0.7219300000000001,1,2.44
19.08.2021 00:31:24.875,0.72202,0.7219300000000001,1,2.44
19.08.2021 00:31:24.976,0.7220300000000001,0.7219300000000001,1,2.44
19.08.2021 00:31:25.814,0.72202,0.7219300000000001,1,1.69
19.08.2021 00:31:26.104,0.7220000000000001,0.72192,1,1.12
19.08.2021 00:31:27.774,0.7220000000000001,0.72191,1,2.81
19.08.2021 00:31:28.554,0.7219800000000001,0.7219,1,1
19.08.2021 00:31:28.656,0.7219800000000001,0.7218800000000001,1,1.31
19.08.2021 00:31:28.808,0.72197,0.7218800000000001,1.5,1.25
19.08.2021 00:31:33.591,0.72197,0.72187,1.5,2.44
19.08.2021 00:31:40.411,0.72196,0.72187,1,2.44
19.08.2021 00:31:41.268,0.72195,0.72187,1.5,1.25
19.08.2021 00:31:42.110,0.72196,0.72187,1,1.69
19.08.2021 00:31:44.524,0.72197,0.72187,1.5,1.69
19.08.2021 00:31:46.294,0.72196,0.72187,1,1.69
19.08.2021 00:31:48.083,0.72189,0.72182,1,1
19.08.2021 00:31:48.134,0.72189,0.72179,1.25,1.5
19.08.2021 00:31:48.236,0.72189,0.7218,1.12,1.5
19.08.2021 00:31:48.440,0.7219,0.7218100000000001,1,1.5
19.08.2021 00:31:52.051,0.72187,0.72179,1.5,1
19.08.2021 00:31:52.152,0.7218600000000001,0.72177,1,1.87
19.08.2021 00:31:58.717,0.72182,0.72174,1,1.25
19.08.2021 00:31:58.819,0.7218100000000001,0.72172,1,2.69
19.08.2021 00:31:58.920,0.7218100000000001,0.72172,1,1.5
19.08.2021 00:31:59.021,0.7218,0.72172,1,1
19.08.2021 00:32:02.619,0.7218300000000001,0.72175,1,1.25
19.08.2021 00:32:04.098,0.72184,0.72175,1,1
19.08.2021 00:32:04.200,0.7218,0.7217300000000001,1,1.12
19.08.2021 00:32:04.963,0.7218,0.72172,1,1.69
19.08.2021 00:32:07.067,0.7218,0.7217300000000001,1,1
19.08.2021 00:32:09.861,0.72182,0.7217300000000001,1,1.5
19.08.2021 00:32:10.028,0.7218300000000001,0.7217300000000001,1.5,1
19.08.2021 00:32:10.315,0.7218600000000001,0.7217300000000001,1.5,1.69
19.08.2021 00:32:10.416,0.7218600000000001,0.72174,1.5,1
19.08.2021 00:32:13.036,0.7218600000000001,0.7217600000000001,2.7,1.25
19.08.2021 00:32:13.138,0.7218800000000001,0.7217600000000001,3.07,1.25
19.08.2021 00:32:16.224,0.7218800000000001,0.72177,2.06,1.69
19.08.2021 00:32:16.276,0.72191,0.72179,2.82,1.25
19.08.2021 00:32:16.377,0.7219,0.7218100000000001,1.1,1
19.08.2021 00:32:16.428,0.72191,0.7218100000000001,2.1,1
19.08.2021 00:32:16.529,0.72191,0.7218100000000001,1.5,1
19.08.2021 00:32:18.187,0.72192,0.7218,1.5,2
19.08.2021 00:32:18.412,0.72191,0.7218100000000001,1.5,1.5
19.08.2021 00:32:18.996,0.72192,0.7218100000000001,1,1
19.08.2021 00:32:20.003,0.72192,0.7218300000000001,2.62,1
19.08.2021 00:32:20.054,0.72194,0.72185,2.07,1.25
19.08.2021 00:32:20.105,0.72197,0.7218600000000001,1,1.69
19.08.2021 00:32:20.327,0.72197,0.72187,1.5,2.44
19.08.2021 00:32:21.708,0.72195,0.72187,1,1.5
19.08.2021 00:32:21.809,0.72197,0.72187,2,1.25
19.08.2021 00:32:21.910,0.7219800000000001,0.7218600000000001,1.87,1.25
19.08.2021 00:32:27.238,0.7219300000000001,0.7218600000000001,1,1
19.08.2021 00:32:27.289,0.72195,0.7218600000000001,2.25,1.5
19.08.2021 00:32:27.392,0.7219300000000001,0.72185,1,1
19.08.2021 00:32:27.443,0.7219300000000001,0.72182,1,1.25
19.08.2021 00:32:27.545,0.7219300000000001,0.7218300000000001,1,1.69
19.08.2021 00:32:27.799,0.72192,0.7218300000000001,1,1.25
19.08.2021 00:32:27.925,0.7219300000000001,0.7218300000000001,1,1.69
19.08.2021 00:32:28.178,0.7219300000000001,0.72184,1,1.25
19.08.2021 00:32:28.229,0.72187,0.72179,3.71,1
19.08.2021 00:32:28.331,0.72184,0.72175,1.5,1
19.08.2021 00:32:28.433,0.72184,0.7217600000000001,1,1
19.08.2021 00:32:28.485,0.72182,0.7217300000000001,1,1.69
19.08.2021 00:32:28.586,0.7218300000000001,0.7217300000000001,1.57,1.5
19.08.2021 00:32:30.333,0.72184,0.72172,1,3.62
19.08.2021 00:32:30.434,0.72185,0.72175,3.22,5.5
19.08.2021 00:32:30.536,0.7218600000000001,0.72174,2.32,1.5
19.08.2021 00:32:31.158,0.72184,0.72172,1,2.89
19.08.2021 00:32:32.034,0.72182,0.7217300000000001,1,1
19.08.2021 00:32:33.338,0.72182,0.72172,1,2.51
19.08.2021 00:32:35.774,0.7218300000000001,0.72172,2.32,2.44
19.08.2021 00:32:36.935,0.72184,0.72175,1.57,1
19.08.2021 00:32:37.037,0.7218300000000001,0.7217300000000001,1,1.69
19.08.2021 00:32:39.630,0.7218300000000001,0.72174,1,1
19.08.2021 00:32:40.618,0.72184,0.72172,1.5,1.69
19.08.2021 00:32:41.185,0.7218300000000001,0.72174,1.5,1.25
19.08.2021 00:32:41.325,0.72184,0.72174,1.5,1.69
19.08.2021 00:32:42.257,0.72184,0.72175,1,1
19.08.2021 00:32:42.514,0.72185,0.7217800000000001,1,1
19.08.2021 00:32:42.616,0.72185,0.72177,1.5,1.5
19.08.2021 00:32:42.667,0.72185,0.72175,3,2.06
19.08.2021 00:32:43.775,0.72185,0.72177,1.5,1.25
19.08.2021 00:32:43.826,0.72185,0.7217600000000001,1.5,1.69
19.08.2021 00:32:44.400,0.7218600000000001,0.72174,3,1
19.08.2021 00:32:44.502,0.72185,0.72174,1.25,1
19.08.2021 00:32:51.178,0.72185,0.72175,3.94,1.5
19.08.2021 00:32:51.530,0.72184,0.72175,1.25,1
19.08.2021 00:32:52.635,0.72179,0.7217100000000001,1.75,7.65
19.08.2021 00:32:52.736,0.7217600000000001,0.72167,1.75,1.5
19.08.2021 00:32:52.787,0.7217600000000001,0.72169,1.25,1
19.08.2021 00:32:52.889,0.7217600000000001,0.72165,1.75,1
19.08.2021 00:32:52.993,0.72175,0.72165,1.69,1
19.08.2021 00:32:53.296,0.72175,0.7216600000000001,1.5,1.25
19.08.2021 00:32:53.397,0.72177,0.72165,3,1
19.08.2021 00:32:55.861,0.7217600000000001,0.72165,1.1,1
19.08.2021 00:33:01.199,0.72179,0.7217,2.06,1.5
19.08.2021 00:33:01.301,0.72177,0.7216800000000001,1.5,1
19.08.2021 00:33:01.403,0.72177,0.72167,1.5,1.5
19.08.2021 00:33:04.260,0.72179,0.7217,1.2,1
19.08.2021 00:33:04.361,0.72182,0.7217,3.19,1.5
19.08.2021 00:33:04.614,0.72184,0.7217300000000001,2.82,1
19.08.2021 00:33:04.715,0.7218300000000001,0.7217300000000001,3.26,1.5
19.08.2021 00:33:04.816,0.72184,0.72172,3.76,1.5
19.08.2021 00:33:04.917,0.7218300000000001,0.7217300000000001,2.89,1.5
19.08.2021 00:33:05.019,0.7218300000000001,0.7217300000000001,3.04,1.5
19.08.2021 00:33:05.221,0.72184,0.72172,2.89,1.5
19.08.2021 00:33:05.907,0.7218300000000001,0.72172,1.1,1.5
19.08.2021 00:33:06.463,0.72182,0.72172,1,1
19.08.2021 00:33:06.715,0.7218100000000001,0.72172,1,1.5
19.08.2021 00:33:08.943,0.7218,0.72169,1.12,1
19.08.2021 00:33:09.145,0.72179,0.72169,2.81,1
19.08.2021 00:33:09.297,0.72179,0.7217,1.69,1
19.08.2021 00:33:12.169,0.7218,0.7217,2.32,1
19.08.2021 00:33:12.371,0.7218100000000001,0.7217300000000001,1.2,1
19.08.2021 00:33:12.573,0.72182,0.7217300000000001,1.5,1
19.08.2021 00:33:13.112,0.7218300000000001,0.7217300000000001,1,1
19.08.2021 00:33:23.653,0.72182,0.7217300000000001,1,1
19.08.2021 00:33:23.755,0.72179,0.72169,1.12,2
19.08.2021 00:33:23.856,0.72179,0.72169,1.5,1.5
19.08.2021 00:33:32.149,0.72177,0.72169,1,1
19.08.2021 00:33:32.200,0.7217600000000001,0.72167,1.5,1
19.08.2021 00:33:32.302,0.7217600000000001,0.7216800000000001,1,1
19.08.2021 00:33:36.110,0.7217600000000001,0.72169,1,1
19.08.2021 00:33:36.635,0.7217800000000001,0.7216800000000001,1,1
19.08.2021 00:33:36.787,0.7218,0.7217,1.57,1
19.08.2021 00:33:36.890,0.7218300000000001,0.72172,2.9,1
19.08.2021 00:33:36.991,0.72182,0.7217300000000001,1.2,1
19.08.2021 00:33:37.094,0.7218300000000001,0.7217300000000001,4.2,1
19.08.2021 00:33:38.257,0.7218300000000001,0.72175,1.95,1
19.08.2021 00:33:40.132,0.72184,0.72175,3.9,1
19.08.2021 00:33:40.416,0.72184,0.72174,3.71,1
19.08.2021 00:33:40.547,0.72184,0.72174,4.59,1
19.08.2021 00:33:42.816,0.7218600000000001,0.72175,1.95,1
19.08.2021 00:33:42.968,0.72187,0.72175,5.21,1
19.08.2021 00:33:43.180,0.7218600000000001,0.72177,1,1
19.08.2021 00:33:43.282,0.72185,0.7217600000000001,1.76,1
19.08.2021 00:33:43.384,0.72184,0.72175,1,1
19.08.2021 00:33:43.485,0.72185,0.7217300000000001,1.69,1.5
19.08.2021 00:33:43.586,0.72184,0.72175,1.39,1
19.08.2021 00:33:46.864,0.72185,0.7217300000000001,2.14,1.5
19.08.2021 00:33:47.740,0.7218300000000001,0.72174,1,1
19.08.2021 00:33:47.841,0.72184,0.72174,2.14,1.5
19.08.2021 00:33:53.970,0.7218300000000001,0.72174,1,1
19.08.2021 00:33:55.720,0.72184,0.72174,2.51,1.5
19.08.2021 00:33:57.765,0.72184,0.7217300000000001,1,1
19.08.2021 00:34:00.450,0.7218300000000001,0.7217300000000001,2.06,1
19.08.2021 00:34:00.831,0.72182,0.7217300000000001,1,1.25
19.08.2021 00:34:00.882,0.7218600000000001,0.72175,2.82,1
19.08.2021 00:34:01.033,0.7218600000000001,0.7217600000000001,6.04,1
19.08.2021 00:34:01.135,0.7218600000000001,0.7217600000000001,5.89,1
19.08.2021 00:34:12.343,0.72185,0.72174,1,2.25
19.08.2021 00:34:12.445,0.72185,0.7217600000000001,1.5,1
19.08.2021 00:34:13.828,0.7218600000000001,0.7217600000000001,1.12,2.44
19.08.2021 00:34:13.930,0.7218800000000001,0.7217800000000001,1.5,1.5
19.08.2021 00:34:13.981,0.72189,0.7217800000000001,1,1
19.08.2021 00:34:14.266,0.72191,0.72182,1.95,1
19.08.2021 00:34:15.289,0.7219300000000001,0.7218300000000001,2.06,1
19.08.2021 00:34:15.883,0.72191,0.72182,5.06,1
19.08.2021 00:34:15.985,0.72189,0.72179,1.5,1.87
19.08.2021 00:34:16.087,0.72189,0.7218,1,1
19.08.2021 00:34:17.217,0.72191,0.7218100000000001,1.95,1
19.08.2021 00:34:19.651,0.72191,0.72179,1,1.69
19.08.2021 00:34:21.977,0.72191,0.7218100000000001,2.32,1
19.08.2021 00:34:28.502,0.72192,0.72182,3.9,1
19.08.2021 00:34:30.134,0.72191,0.72182,1,1
19.08.2021 00:34:31.098,0.72191,0.7218100000000001,2.62,1.5
19.08.2021 00:34:36.158,0.72192,0.72179,4.46,1.69
19.08.2021 00:34:37.603,0.7219,0.7218,1.12,1.5
19.08.2021 00:34:43.596,0.72191,0.7218100000000001,2.71,1
19.08.2021 00:34:44.950,0.7219,0.7218,1.12,1
19.08.2021 00:34:45.153,0.72189,0.72179,1.39,1
19.08.2021 00:34:47.710,0.7219,0.7218,1.39,1.5
19.08.2021 00:34:47.964,0.7219,0.7218,1.2,1.5
19.08.2021 00:34:56.814,0.7219,0.7217800000000001,1.2,1
19.08.2021 00:34:57.881,0.72189,0.7217800000000001,2.07,1.5
19.08.2021 00:35:04.934,0.72189,0.72179,3.2,1
19.08.2021 00:35:05.036,0.72189,0.72179,3.07,1
19.08.2021 00:35:05.140,0.7219,0.72182,1.2,1
19.08.2021 00:35:05.242,0.72192,0.72182,3.86,1
19.08.2021 00:35:05.344,0.72192,0.7218300000000001,3.34,1
19.08.2021 00:35:05.470,0.72192,0.72182,4.09,1
19.08.2021 00:35:08.985,0.7219,0.7218,2.44,1.5
19.08.2021 00:35:09.087,0.7218800000000001,0.72179,1,1
19.08.2021 00:35:18.359,0.7218800000000001,0.7217800000000001,2.81,1
19.08.2021 00:35:19.335,0.72187,0.72177,2.7,1
19.08.2021 00:35:19.537,0.72189,0.72177,5.47,1
19.08.2021 00:35:25.230,0.7218800000000001,0.7217800000000001,4.57,1
19.08.2021 00:35:30.215,0.72184,0.72175,1.87,1
19.08.2021 00:35:30.317,0.72184,0.7217300000000001,1,1
19.08.2021 00:35:30.589,0.7218300000000001,0.7217300000000001,1,1.5
19.08.2021 00:35:30.691,0.7218100000000001,0.72172,1.69,1
19.08.2021 00:35:30.792,0.72182,0.7217,1.5,1
19.08.2021 00:35:33.504,0.7218100000000001,0.72169,3.64,1
19.08.2021 00:35:33.606,0.72179,0.7217,1,1
19.08.2021 00:35:34.523,0.7218,0.72169,4.89,1.5
19.08.2021 00:35:43.167,0.7218,0.7217,2.25,1.5
19.08.2021 00:35:43.268,0.72182,0.72172,2.26,1
19.08.2021 00:35:43.370,0.72184,0.72172,3.89,1
19.08.2021 00:35:43.487,0.7218300000000001,0.7217300000000001,3.07,1
19.08.2021 00:35:43.835,0.7218600000000001,0.7217300000000001,4.97,1.5
19.08.2021 00:35:43.997,0.72185,0.72175,2.14,1
19.08.2021 00:35:44.099,0.7218800000000001,0.7217800000000001,3.2,1
19.08.2021 00:35:44.150,0.72189,0.72179,1.1,1.5
19.08.2021 00:35:44.252,0.72191,0.7218,2.26,1
19.08.2021 00:35:44.303,0.72192,0.72182,6.6,1
19.08.2021 00:35:44.405,0.72194,0.72182,2.51,1
19.08.2021 00:35:47.383,0.72195,0.7218300000000001,1.2,1
19.08.2021 00:35:47.484,0.72195,0.72185,3.39,1
19.08.2021 00:35:47.585,0.72195,0.72185,1.39,1
19.08.2021 00:35:51.658,0.72192,0.7218300000000001,1.5,1
19.08.2021 00:35:51.760,0.72194,0.72182,2.25,1.25
19.08.2021 00:35:51.862,0.7219300000000001,0.72184,1.69,1
19.08.2021 00:35:51.963,0.7219300000000001,0.7218300000000001,1.31,1
19.08.2021 00:36:00.270,0.72194,0.72184,3.01,1.25
19.08.2021 00:36:00.321,0.72196,0.72187,2.37,1
19.08.2021 00:36:00.523,0.7219800000000001,0.7218800000000001,3.64,1
19.08.2021 00:36:02.780,0.7219800000000001,0.7219,1,1
19.08.2021 00:36:02.831,0.72201,0.72191,1.6,1.5
19.08.2021 00:36:02.982,0.72201,0.72191,1.12,1.5
19.08.2021 00:36:03.134,0.7220300000000001,0.7219300000000001,4.7,1
19.08.2021 00:36:03.185,0.72204,0.72192,2.7,1
19.08.2021 00:36:04.306,0.72204,0.72194,3.76,1
19.08.2021 00:36:06.882,0.7220500000000001,0.7219300000000001,2.14,1.87
19.08.2021 00:36:06.933,0.7220500000000001,0.72196,1.5,1
19.08.2021 00:36:07.085,0.72208,0.72197,1,1
19.08.2021 00:36:07.934,0.72206,0.72196,2.44,1
19.08.2021 00:36:08.035,0.7220500000000001,0.72196,1.5,1
19.08.2021 00:36:08.243,0.72206,0.72196,2.06,1.5
19.08.2021 00:36:08.775,0.72204,0.72194,2.62,1.5
19.08.2021 00:36:08.978,0.72204,0.72194,5.64,1
19.08.2021 00:36:10.266,0.7220300000000001,0.7219300000000001,1.12,1.5
19.08.2021 00:36:18.543,0.72204,0.72194,2.75,1
19.08.2021 00:36:18.644,0.72204,0.72194,2.62,1
19.08.2021 00:36:19.049,0.72204,0.72192,1,1.5
19.08.2021 00:36:19.150,0.7220500000000001,0.72195,3.69,1.5
19.08.2021 00:36:19.257,0.7220500000000001,0.72194,4.76,1.5
19.08.2021 00:36:19.360,0.72204,0.72194,1.5,1.5
19.08.2021 00:36:19.462,0.72204,0.7219300000000001,5.32,1.5
19.08.2021 00:36:19.621,0.7220500000000001,0.72192,3.95,1.5
19.08.2021 00:36:25.427,0.7220000000000001,0.7219300000000001,1,1
19.08.2021 00:36:25.478,0.72197,0.72189,4.2,1
19.08.2021 00:36:25.529,0.72195,0.7218600000000001,2.79,1.5
19.08.2021 00:36:25.883,0.72195,0.7218300000000001,1.01,1.5
19.08.2021 00:36:26.035,0.72195,0.72185,4.85,1
19.08.2021 00:36:26.389,0.72194,0.72184,1.1,1.5
19.08.2021 00:36:26.490,0.72196,0.72184,4.04,1
19.08.2021 00:36:26.592,0.72195,0.7218300000000001,1.57,1
19.08.2021 00:36:26.693,0.72195,0.72184,1.01,1
19.08.2021 00:36:27.355,0.72191,0.7218300000000001,1,1
19.08.2021 00:36:27.406,0.72194,0.7218300000000001,4.45,1.5
19.08.2021 00:36:32.162,0.7219300000000001,0.72184,1.12,1
19.08.2021 00:36:44.078,0.72192,0.7218100000000001,1.2,1.5
19.08.2021 00:36:47.259,0.7219,0.7218,2.85,1
19.08.2021 00:36:47.310,0.7218800000000001,0.7217800000000001,1.12,2.44
19.08.2021 00:36:47.411,0.7219,0.7218,1.6,1
19.08.2021 00:36:47.462,0.7219300000000001,0.7218300000000001,2.75,1.5
19.08.2021 00:36:47.664,0.7219300000000001,0.7218300000000001,2.62,1.5
19.08.2021 00:36:48.902,0.7219300000000001,0.72184,1.12,1
19.08.2021 00:36:50.012,0.72196,0.7218300000000001,3.95,1.5
19.08.2021 00:36:52.356,0.72195,0.72184,2.74,1.69
19.08.2021 00:36:53.806,0.72194,0.72184,1,1
19.08.2021 00:36:54.336,0.7219300000000001,0.7218300000000001,1.2,1.5
19.08.2021 00:36:58.195,0.72195,0.7218300000000001,1.95,1
19.08.2021 00:36:58.297,0.72194,0.7218300000000001,5.16,1
19.08.2021 00:36:59.350,0.72194,0.72184,1.2,1
19.08.2021 00:37:00.293,0.72194,0.72182,1.2,1.5
19.08.2021 00:37:00.648,0.72196,0.7218300000000001,5.66,1
19.08.2021 00:37:01.137,0.72196,0.72185,4.91,1
19.08.2021 00:37:01.238,0.72196,0.7218600000000001,2.1,1
19.08.2021 00:37:06.641,0.72195,0.72185,1.1,1.69
19.08.2021 00:37:09.125,0.72194,0.72184,1.01,1.5
19.08.2021 00:37:09.328,0.72194,0.7218300000000001,1.1,1
19.08.2021 00:37:09.429,0.72194,0.72182,1.57,1
19.08.2021 00:37:19.230,0.72192,0.7218300000000001,1,1
19.08.2021 00:37:25.385,0.72194,0.72182,1.57,1
19.08.2021 00:37:47.334,0.72191,0.7218100000000001,1.5,1
19.08.2021 00:37:47.435,0.72187,0.72179,1,1.12
19.08.2021 00:37:47.536,0.72187,0.72177,1.57,2.44
19.08.2021 00:37:49.040,0.7218600000000001,0.72177,1,2.44
19.08.2021 00:37:49.091,0.72184,0.72174,3.45,3.56
19.08.2021 00:37:49.193,0.72184,0.72174,3.66,1.87
19.08.2021 00:37:49.400,0.7218600000000001,0.7217600000000001,2.82,1
19.08.2021 00:37:49.451,0.72187,0.72175,1.57,1
19.08.2021 00:37:51.084,0.7218600000000001,0.72175,3.94,4.01
19.08.2021 00:37:51.237,0.72187,0.72175,1.5,1.69
19.08.2021 00:37:55.344,0.72189,0.72177,3.45,1
19.08.2021 00:37:55.447,0.72189,0.7217800000000001,1,1
19.08.2021 00:37:56.032,0.72189,0.72177,1,1
19.08.2021 00:37:56.185,0.72189,0.7217800000000001,1.95,2.44
19.08.2021 00:37:58.969,0.7218600000000001,0.7217800000000001,1,1.25
19.08.2021 00:38:05.157,0.7218800000000001,0.7217800000000001,1.57,1
19.08.2021 00:38:06.039,0.72185,0.72177,1,1.25
19.08.2021 00:38:08.459,0.7218600000000001,0.7217800000000001,1,1.69
19.08.2021 00:38:08.561,0.7218800000000001,0.72177,1,1.69
19.08.2021 00:38:11.480,0.7218600000000001,0.7217800000000001,1,1
19.08.2021 00:38:12.662,0.72185,0.7217800000000001,1,1
19.08.2021 00:38:15.271,0.72184,0.72174,1,1.12
19.08.2021 00:38:15.373,0.72182,0.72175,1,1
19.08.2021 00:38:15.857,0.72182,0.72174,1,1
19.08.2021 00:38:15.959,0.7218100000000001,0.7217300000000001,1,1
19.08.2021 00:38:16.060,0.7218,0.7217300000000001,1,1
19.08.2021 00:38:18.973,0.7218100000000001,0.7217100000000001,1,1.25
19.08.2021 00:38:20.608,0.7218,0.7217100000000001,1,1
19.08.2021 00:38:20.710,0.7218,0.7217,1,1
19.08.2021 00:38:21.013,0.7217800000000001,0.7216800000000001,1,1.69
19.08.2021 00:38:21.165,0.7217600000000001,0.72169,1,1
19.08.2021 00:38:21.216,0.7217600000000001,0.72167,1,1.69
19.08.2021 00:38:21.829,0.72177,0.72169,1,1
19.08.2021 00:38:21.881,0.72177,0.7216600000000001,1,2.06
19.08.2021 00:38:25.991,0.72174,0.7216600000000001,1,1
19.08.2021 00:38:27.438,0.7217600000000001,0.7216600000000001,1.5,1.69
19.08.2021 00:38:28.379,0.7217600000000001,0.72165,2.44,1.25
19.08.2021 00:38:28.429,0.7217,0.7216300000000001,1.76,1
19.08.2021 00:38:28.531,0.7217,0.7216,1.57,2.75
19.08.2021 00:38:28.632,0.72169,0.7216,1.1,2.25
19.08.2021 00:38:28.784,0.72169,0.72159,1,1.5
19.08.2021 00:38:28.986,0.72169,0.7216,1,1.5
19.08.2021 00:38:30.416,0.7216800000000001,0.7216,1,1
19.08.2021 00:38:31.014,0.72169,0.72157,1,2.81
19.08.2021 00:38:31.115,0.72167,0.72158,1,1
19.08.2021 00:38:32.081,0.7216800000000001,0.72158,1,1
19.08.2021 00:38:32.182,0.7216600000000001,0.72159,2.69,1
19.08.2021 00:38:32.233,0.72164,0.72154,1.25,1.25
19.08.2021 00:38:32.334,0.72165,0.72155,2.51,1.5
19.08.2021 00:38:32.385,0.72165,0.72155,1.69,1.69
19.08.2021 00:38:32.436,0.7216300000000001,0.72155,1,1.69
19.08.2021 00:38:32.486,0.72167,0.7215600000000001,1.87,1.69
19.08.2021 00:38:32.643,0.7217,0.7216,1.5,1.69
19.08.2021 00:38:32.744,0.72172,0.7216100000000001,1,1
19.08.2021 00:38:37.988,0.72172,0.7216300000000001,1,1.25
19.08.2021 00:38:38.549,0.72172,0.72162,1,2.44
19.08.2021 00:38:40.020,0.72172,0.72164,1,1.69
19.08.2021 00:38:40.071,0.72174,0.72165,1.12,1.69
19.08.2021 00:38:40.172,0.72175,0.7216600000000001,1.5,1
19.08.2021 00:38:42.896,0.72174,0.72164,1,1
19.08.2021 00:38:42.947,0.72172,0.72162,1,2.81
19.08.2021 00:38:43.049,0.7217100000000001,0.72162,1,2.06
19.08.2021 00:38:47.746,0.72172,0.7216300000000001,1,1.69
19.08.2021 00:38:47.847,0.72172,0.72162,1,2.81
19.08.2021 00:38:49.729,0.7217100000000001,0.72162,1,1.69
19.08.2021 00:38:56.691,0.7217100000000001,0.7216,1.1,1
19.08.2021 00:38:56.792,0.7217,0.72159,1,1
19.08.2021 00:38:57.267,0.7216800000000001,0.72159,1,1
19.08.2021 00:38:57.684,0.72169,0.72157,1,1.5
19.08.2021 00:38:57.785,0.72167,0.72158,1,1
19.08.2021 00:38:57.886,0.7216800000000001,0.7215600000000001,2.32,1.5
19.08.2021 00:38:58.139,0.7216600000000001,0.72157,1,1
19.08.2021 00:39:02.093,0.72167,0.72157,2.7,2.44
19.08.2021 00:39:03.223,0.72165,0.72157,1.57,1
19.08.2021 00:39:03.325,0.72165,0.7215600000000001,1.1,1.69
19.08.2021 00:39:03.426,0.72165,0.72155,2.7,3.19
19.08.2021 00:39:03.527,0.72165,0.7215600000000001,1,1.25
19.08.2021 00:39:03.731,0.72165,0.72155,1,2.44
19.08.2021 00:39:03.934,0.72165,0.7215600000000001,1,1.25
19.08.2021 00:39:04.035,0.72165,0.72155,1.57,1.69
19.08.2021 00:39:04.187,0.72164,0.72155,1,1.69
19.08.2021 00:39:04.764,0.72164,0.72153,1,1
19.08.2021 00:39:04.866,0.72162,0.72153,1,1.25
19.08.2021 00:39:05.018,0.72162,0.72152,1,2.51
19.08.2021 00:39:05.119,0.7216300000000001,0.72152,1,1.25
19.08.2021 00:39:05.435,0.72164,0.72153,1,1.25
19.08.2021 00:39:06.097,0.7216300000000001,0.72153,1.57,1.69
19.08.2021 00:39:07.595,0.7216300000000001,0.72152,1.1,1.69
19.08.2021 00:39:07.749,0.7216300000000001,0.72153,2.7,1.69
19.08.2021 00:39:11.895,0.7216100000000001,0.72152,1,1.25
19.08.2021 00:39:13.584,0.72162,0.72152,1.5,2.51
19.08.2021 00:39:14.215,0.7216100000000001,0.72152,1,1.25
19.08.2021 00:39:19.678,0.7216300000000001,0.7215100000000001,1,2.81
19.08.2021 00:39:19.780,0.7216100000000001,0.72152,1,2.06
19.08.2021 00:39:20.894,0.7216,0.72148,1,2.44
19.08.2021 00:39:21.019,0.72158,0.72149,1,1.69
19.08.2021 00:39:21.121,0.72157,0.72149,1,1.69
19.08.2021 00:39:21.965,0.72157,0.72148,1,1.76
19.08.2021 00:39:25.149,0.72158,0.72148,1,5.01
19.08.2021 00:39:25.351,0.72158,0.72148,1,3.26
19.08.2021 00:39:25.553,0.72158,0.72148,1,4.26
19.08.2021 00:39:25.761,0.72158,0.72148,1,1.76
19.08.2021 00:39:30.161,0.72157,0.72148,1,1
19.08.2021 00:39:30.262,0.72157,0.7214700000000001,1,2.32
19.08.2021 00:39:30.734,0.72157,0.72148,1,1
19.08.2021 00:39:30.835,0.72155,0.72145,1,1.87
19.08.2021 00:39:30.937,0.72154,0.7214200000000001,1.5,3.5
19.08.2021 00:39:31.040,0.7215100000000001,0.72143,1,1
19.08.2021 00:39:31.141,0.7215100000000001,0.7214200000000001,1,1
19.08.2021 00:39:33.443,0.7215100000000001,0.7214100000000001,1,1
19.08.2021 00:39:33.595,0.7215100000000001,0.7214200000000001,2.44,1
19.08.2021 00:39:35.154,0.7215,0.7214200000000001,1.1,1
19.08.2021 00:39:37.760,0.7215100000000001,0.7214200000000001,1.57,1.25
19.08.2021 00:39:37.862,0.72152,0.7214100000000001,1.2,1.75
19.08.2021 00:39:39.446,0.7215100000000001,0.7214200000000001,1,1.25
19.08.2021 00:39:40.778,0.7215100000000001,0.7214200000000001,1.57,1.75
19.08.2021 00:39:40.981,0.72152,0.7214200000000001,1.57,2.5
19.08.2021 00:39:41.183,0.72152,0.7214200000000001,1.57,1.69
19.08.2021 00:39:41.660,0.72153,0.7214100000000001,1.57,2.5
19.08.2021 00:39:42.288,0.7215,0.7214200000000001,1,1
19.08.2021 00:39:42.339,0.7215,0.72138,1,2.32
19.08.2021 00:39:42.440,0.7215100000000001,0.72139,2.25,1.5
19.08.2021 00:39:42.542,0.72149,0.7214100000000001,1,1.25
19.08.2021 00:39:42.643,0.72152,0.72143,1.95,1.25
19.08.2021 00:39:44.643,0.72152,0.7214200000000001,1,2.51
19.08.2021 00:39:45.179,0.72152,0.72143,1,1
19.08.2021 00:39:46.029,0.72155,0.7214600000000001,1.12,1.69
19.08.2021 00:39:46.181,0.7215600000000001,0.72149,1,1
19.08.2021 00:39:46.313,0.72158,0.72149,1.57,1
19.08.2021 00:39:46.516,0.72158,0.72149,1,1.75
19.08.2021 00:39:46.617,0.7216,0.7215,1.2,2.5
19.08.2021 00:39:47.489,0.7216,0.72152,1,1
19.08.2021 00:39:47.590,0.7216100000000001,0.72152,1.57,1
19.08.2021 00:39:49.685,0.7216,0.72152,1,1
19.08.2021 00:39:50.649,0.72162,0.72152,1.57,4.39
19.08.2021 00:39:50.699,0.7216300000000001,0.72154,1.57,1
19.08.2021 00:39:50.990,0.72162,0.72154,1,1.25
19.08.2021 00:39:51.098,0.72165,0.72155,1,1
19.08.2021 00:39:51.200,0.72165,0.72157,1,1
19.08.2021 00:39:51.616,0.72169,0.72157,1.7,1.69
19.08.2021 00:39:51.717,0.7216600000000001,0.72158,1,1
19.08.2021 00:39:51.819,0.72165,0.72155,1,1.35
19.08.2021 00:39:52.432,0.7216300000000001,0.72155,1,1.12
19.08.2021 00:39:52.533,0.7216600000000001,0.7215600000000001,3.01,1
19.08.2021 00:39:53.028,0.72165,0.72155,2.32,1
19.08.2021 00:39:53.453,0.7216100000000001,0.72154,1,1
19.08.2021 00:39:56.189,0.7216300000000001,0.72155,1,1
19.08.2021 00:39:56.453,0.72162,0.72155,1,1
19.08.2021 00:39:58.191,0.72162,0.72154,1,1.25
19.08.2021 00:39:58.292,0.7216300000000001,0.72154,1,1.25
19.08.2021 00:40:00.973,0.7216300000000001,0.72154,1,1.25
19.08.2021 00:40:01.075,0.72164,0.72155,1,1.25
19.08.2021 00:40:02.343,0.72164,0.7215600000000001,1,1
19.08.2021 00:40:02.678,0.7216600000000001,0.7215600000000001,2.7,1
19.08.2021 00:40:02.779,0.72167,0.72154,2.7,1.25
19.08.2021 00:40:03.728,0.72162,0.72154,1,1.82
19.08.2021 00:40:05.813,0.7216300000000001,0.72153,1,1.2
19.08.2021 00:40:05.915,0.7216300000000001,0.7215600000000001,1,1
19.08.2021 00:40:08.064,0.7216600000000001,0.72159,1,1.25
19.08.2021 00:40:08.166,0.72167,0.7216,1,1.25
19.08.2021 00:40:08.218,0.7217,0.7216,1.12,1.25
19.08.2021 00:40:08.319,0.7217,0.7216100000000001,1,1.25
19.08.2021 00:40:08.370,0.7216800000000001,0.7216100000000001,1,1.69
19.08.2021 00:40:08.717,0.72167,0.7216,1,1
19.08.2021 00:40:08.768,0.72169,0.7215600000000001,2.25,2.19
19.08.2021 00:40:08.919,0.7216600000000001,0.7215600000000001,1,1.69
19.08.2021 00:40:10.761,0.72164,0.72157,1,1
19.08.2021 00:40:12.596,0.7216600000000001,0.72155,1,1.76
19.08.2021 00:40:12.708,0.72165,0.72157,1,1.25
19.08.2021 00:40:13.719,0.72165,0.7215600000000001,1,1.76
19.08.2021 00:40:14.856,0.72164,0.72154,1,2.5
19.08.2021 00:40:15.144,0.7216600000000001,0.72154,1.5,4.07
19.08.2021 00:40:19.538,0.7216300000000001,0.72155,1.25,1.5
19.08.2021 00:40:19.640,0.7216,0.72152,1,1.25
19.08.2021 00:40:19.742,0.7216300000000001,0.7215600000000001,1,1
19.08.2021 00:40:19.844,0.72165,0.72157,1.5,1
19.08.2021 00:40:19.947,0.72165,0.72157,1,1
19.08.2021 00:40:20.580,0.72165,0.72158,1,1
19.08.2021 00:40:20.682,0.72169,0.7216,1.7,1.25
19.08.2021 00:40:20.783,0.7217,0.72159,1,1.25
19.08.2021 00:40:20.885,0.7217,0.7216,1,1
19.08.2021 00:40:20.987,0.7217300000000001,0.7216300000000001,1.12,1
19.08.2021 00:40:21.291,0.7217600000000001,0.7216800000000001,1.62,1.69
19.08.2021 00:40:21.393,0.7218,0.7217,1,2.12
19.08.2021 00:40:21.495,0.7218100000000001,0.72172,1,1.25
19.08.2021 00:40:21.596,0.7218300000000001,0.7217100000000001,1,2.44
19.08.2021 00:40:21.721,0.72182,0.7217300000000001,1,1.25
19.08.2021 00:40:21.772,0.72184,0.72174,1,1
19.08.2021 00:40:21.823,0.72185,0.7217600000000001,1,1.25
19.08.2021 00:40:21.924,0.72185,0.7217600000000001,1,1.75
19.08.2021 00:40:22.026,0.72182,0.72174,1,1.12
19.08.2021 00:40:23.295,0.72182,0.7217300000000001,1,1.25
19.08.2021 00:40:24.057,0.7218300000000001,0.72174,1,2.51
19.08.2021 00:40:24.158,0.72184,0.72175,1,1.31
19.08.2021 00:40:25.013,0.7218600000000001,0.7217600000000001,1,1.69
19.08.2021 00:40:28.120,0.72184,0.7217600000000001,2.25,1
19.08.2021 00:40:28.221,0.7218300000000001,0.72175,1,1.95
19.08.2021 00:40:28.323,0.7218100000000001,0.72172,1.25,2.7
19.08.2021 00:40:29.309,0.7218100000000001,0.7217300000000001,1,1
19.08.2021 00:40:29.625,0.72184,0.72175,1.25,1
19.08.2021 00:40:29.778,0.7218600000000001,0.7217800000000001,1.75,1
19.08.2021 00:40:29.830,0.7218800000000001,0.7217800000000001,5.69,1
19.08.2021 00:40:29.931,0.7218800000000001,0.72177,1.5,1
19.08.2021 00:40:30.879,0.7218100000000001,0.7217100000000001,1.69,1.5
19.08.2021 00:40:30.980,0.72175,0.72165,3.44,1.5
19.08.2021 00:40:31.081,0.72174,0.72164,1.87,2.7
19.08.2021 00:40:31.183,0.7217600000000001,0.72164,1,1
19.08.2021 00:40:31.284,0.7217600000000001,0.7216600000000001,1.12,1.5
19.08.2021 00:40:34.529,0.72177,0.72167,1,1.5
19.08.2021 00:40:35.699,0.7217600000000001,0.7216600000000001,1.25,1
19.08.2021 00:40:38.162,0.7217300000000001,0.72165,1,3.26
19.08.2021 00:40:40.364,0.72175,0.72165,1,2.51
19.08.2021 00:40:40.415,0.72175,0.72167,1,1
19.08.2021 00:40:46.789,0.72174,0.7216600000000001,1,1.5
19.08.2021 00:40:47.979,0.72175,0.7216600000000001,1,1
19.08.2021 00:40:48.138,0.72174,0.7216600000000001,1.25,1
19.08.2021 00:40:48.241,0.72175,0.72164,1,1.5
19.08.2021 00:40:48.495,0.72174,0.7216600000000001,1,1
19.08.2021 00:40:52.629,0.7217600000000001,0.72165,1,1
19.08.2021 00:40:53.196,0.72175,0.72167,1,1
19.08.2021 00:40:58.091,0.7217600000000001,0.7216800000000001,1,1
19.08.2021 00:40:58.300,0.72179,0.7217,1,1.25
19.08.2021 00:40:58.402,0.7218,0.7217,1,1.25
19.08.2021 00:41:02.480,0.7218,0.7217100000000001,1,1.25
19.08.2021 00:41:05.013,0.72182,0.72172,1.87,1
19.08.2021 00:41:06.766,0.72184,0.72174,2.62,1
19.08.2021 00:41:09.062,0.72185,0.72175,1,1.25
19.08.2021 00:41:09.163,0.7218600000000001,0.72177,1.12,1
19.08.2021 00:41:09.264,0.7218600000000001,0.7217600000000001,1,1.5
19.08.2021 00:41:09.995,0.7218600000000001,0.72177,1,1
19.08.2021 00:41:10.295,0.72187,0.72177,1,1
19.08.2021 00:41:11.782,0.72187,0.7217800000000001,1,1
19.08.2021 00:41:15.989,0.72185,0.72177,1.5,1
19.08.2021 00:41:16.040,0.7218300000000001,0.72174,3,1.57
19.08.2021 00:41:16.141,0.7218300000000001,0.7217300000000001,3.19,2.62
19.08.2021 00:41:16.347,0.72182,0.7217300000000001,1,1
19.08.2021 00:41:16.398,0.7218100000000001,0.72172,4.56,1
19.08.2021 00:41:16.449,0.7218100000000001,0.72169,2.62,3.07
19.08.2021 00:41:16.500,0.7217800000000001,0.7216800000000001,1,1.62
19.08.2021 00:41:16.601,0.7217800000000001,0.72167,1,1
19.08.2021 00:41:18.226,0.7217800000000001,0.7216800000000001,1,1.5
19.08.2021 00:41:18.328,0.72179,0.72169,1.5,1.25
19.08.2021 00:41:22.432,0.72182,0.7217,2,1
19.08.2021 00:41:22.483,0.72182,0.72172,1,2.44
19.08.2021 00:41:23.012,0.72184,0.72172,2.81,1
