Gmt time,Ask,Bid,AskVolume,BidVolume
26.08.2021 00:00:00.357,0.7277300000000001,0.7276100000000001,2.66,1
26.08.2021 00:00:00.458,0.7277300000000001,0.7276100000000001,1.69,1
26.08.2021 00:00:02.466,0.7277100000000001,0.7276100000000001,1.25,1
26.08.2021 00:00:04.181,0.7277100000000001,0.7276,1.01,1
26.08.2021 00:00:04.333,0.7277100000000001,0.7276100000000001,1.57,1
26.08.2021 00:00:07.024,0.72772,0.72762,1,1.5
26.08.2021 00:00:10.464,0.72774,0.7276100000000001,3.26,1.5
26.08.2021 00:00:10.710,0.7277300000000001,0.72762,1.57,3.94
26.08.2021 00:00:10.811,0.72775,0.72765,1.1,2.12
26.08.2021 00:00:10.913,0.72777,0.7276600000000001,3.26,1.69
26.08.2021 00:00:12.651,0.72777,0.7276600000000001,1,1
26.08.2021 00:00:19.601,0.72777,0.72767,1.5,1.25
26.08.2021 00:00:24.300,0.7277800000000001,0.72767,2.32,2.5
26.08.2021 00:00:24.351,0.7278,0.7277,3.2,1.25
26.08.2021 00:00:24.453,0.72779,0.72769,1,1.69
26.08.2021 00:00:24.705,0.7278,0.7277100000000001,1.01,1
26.08.2021 00:00:24.975,0.72782,0.72772,2.07,1
26.08.2021 00:00:25.177,0.72782,0.72772,1.57,1
26.08.2021 00:00:26.771,0.7278100000000001,0.72772,1.1,1
26.08.2021 00:00:31.520,0.72782,0.72772,1.95,1
26.08.2021 00:00:36.763,0.72784,0.72774,1.5,1
26.08.2021 00:00:36.865,0.7278600000000001,0.7277600000000001,2,1
26.08.2021 00:00:36.967,0.72787,0.72777,4.21,1
26.08.2021 00:00:37.886,0.7278600000000001,0.7277600000000001,1.12,1
26.08.2021 00:00:38.945,0.7278600000000001,0.72775,1.87,1.69
26.08.2021 00:00:41.425,0.7278600000000001,0.7277600000000001,1,1
26.08.2021 00:00:41.526,0.72787,0.72777,2.7,1
26.08.2021 00:00:41.881,0.72787,0.72777,1.87,1.75
26.08.2021 00:00:42.032,0.7278800000000001,0.7277800000000001,1.57,1.69
26.08.2021 00:00:48.726,0.72787,0.72777,1.57,1.69
26.08.2021 00:00:50.971,0.7278600000000001,0.72774,1.39,1.5
26.08.2021 00:00:51.072,0.72787,0.72777,2.82,1
26.08.2021 00:00:51.174,0.72787,0.72777,2.32,1
26.08.2021 00:00:56.687,0.7278300000000001,0.72774,1,1.31
26.08.2021 00:00:56.737,0.7278600000000001,0.7277600000000001,1.5,1
26.08.2021 00:00:56.839,0.72785,0.7277600000000001,1.25,1
26.08.2021 00:00:57.153,0.72787,0.72775,1.95,1.25
26.08.2021 00:00:57.254,0.72785,0.72775,1,2.44
26.08.2021 00:00:58.230,0.72784,0.72775,1,1.69
26.08.2021 00:00:58.433,0.72782,0.7277300000000001,1,2.12
26.08.2021 00:00:58.534,0.7278300000000001,0.7277300000000001,1,1.75
26.08.2021 00:00:58.635,0.72784,0.72772,1,1.25
26.08.2021 00:00:58.736,0.72782,0.72772,1,1.25
26.08.2021 00:01:00.484,0.7278100000000001,0.7277100000000001,1,1.75
26.08.2021 00:01:00.978,0.7278100000000001,0.7277100000000001,1,1.25
26.08.2021 00:01:01.134,0.7278100000000001,0.72772,1,1
26.08.2021 00:01:07.055,0.7278100000000001,0.7277100000000001,1,1.69
26.08.2021 00:01:12.371,0.7278,0.72769,1,1
26.08.2021 00:01:12.472,0.7277800000000001,0.72769,1,1.69
26.08.2021 00:01:13.270,0.7277800000000001,0.7276800000000001,1,2.44
26.08.2021 00:01:14.243,0.72777,0.7276800000000001,1,1.69
26.08.2021 00:01:15.586,0.72777,0.72767,1,1.69
26.08.2021 00:01:15.737,0.7277600000000001,0.72767,1,1.25
26.08.2021 00:01:17.392,0.7277300000000001,0.72765,1.25,2.31
26.08.2021 00:01:17.493,0.7277100000000001,0.72762,1,1.25
26.08.2021 00:01:22.268,0.7277100000000001,0.7276100000000001,1,3.19
26.08.2021 00:01:37.106,0.7277100000000001,0.72762,1,1.25
26.08.2021 00:01:37.208,0.7277600000000001,0.7276600000000001,1.12,2.5
26.08.2021 00:01:42.378,0.7277800000000001,0.7277100000000001,1,1.69
26.08.2021 00:01:42.429,0.7278100000000001,0.7277,1,3.94
26.08.2021 00:01:42.480,0.72782,0.72772,2.62,1.69
26.08.2021 00:01:47.774,0.7278100000000001,0.72772,1,1.69
26.08.2021 00:01:52.977,0.72784,0.72774,1,2.5
26.08.2021 00:01:53.281,0.72785,0.7277300000000001,1.5,1.25
26.08.2021 00:01:53.382,0.7278300000000001,0.7277300000000001,1.5,1.75
26.08.2021 00:01:55.439,0.7278600000000001,0.7277600000000001,1.95,1.25
26.08.2021 00:01:55.540,0.72785,0.7277300000000001,1.5,2.44
26.08.2021 00:01:56.442,0.72785,0.72775,1.57,1.69
26.08.2021 00:02:00.809,0.7278600000000001,0.7277600000000001,1,1.5
26.08.2021 00:02:01.408,0.72787,0.72777,2.25,1
26.08.2021 00:02:04.121,0.72787,0.7277600000000001,1,1
26.08.2021 00:02:04.172,0.72785,0.72775,1,2.44
26.08.2021 00:02:12.158,0.72784,0.72774,1.5,2.81
26.08.2021 00:02:12.260,0.7278300000000001,0.72774,1,2.06
26.08.2021 00:02:14.243,0.7278600000000001,0.7277600000000001,2,1.25
26.08.2021 00:02:14.344,0.7278600000000001,0.7277600000000001,1.5,1.01
26.08.2021 00:02:21.828,0.7278300000000001,0.7277300000000001,1.5,4.51
26.08.2021 00:02:21.929,0.72782,0.72772,1.5,2.19
26.08.2021 00:02:22.031,0.72782,0.72772,1.5,1.25
26.08.2021 00:02:25.327,0.7278100000000001,0.7277100000000001,1,3.51
26.08.2021 00:02:33.767,0.72782,0.7277,1,1.76
26.08.2021 00:02:43.081,0.7278100000000001,0.72772,1,1.69
26.08.2021 00:02:44.028,0.72782,0.72772,1.5,2.44
26.08.2021 00:02:47.388,0.72784,0.72775,1.5,3.32
26.08.2021 00:02:47.489,0.72785,0.72777,1,1
26.08.2021 00:02:47.876,0.7279100000000001,0.72779,5.37,1.69
26.08.2021 00:02:47.926,0.7279,0.7278100000000001,1.5,1
26.08.2021 00:02:47.977,0.7278800000000001,0.7277800000000001,1.5,3.07
26.08.2021 00:02:48.078,0.7278600000000001,0.7277800000000001,1,1.75
26.08.2021 00:02:48.180,0.7278600000000001,0.72777,1,2.95
26.08.2021 00:02:50.502,0.72787,0.7277800000000001,1,1.25
26.08.2021 00:02:51.264,0.7279,0.7277800000000001,1.5,1.69
26.08.2021 00:02:58.156,0.72789,0.7278,1,1
26.08.2021 00:02:58.257,0.72789,0.72779,1,1.69
26.08.2021 00:03:10.972,0.7279,0.7278,1.5,1.5
26.08.2021 00:03:11.074,0.7279100000000001,0.7278100000000001,1,1.76
26.08.2021 00:03:11.176,0.7279100000000001,0.72782,1,1
26.08.2021 00:03:13.067,0.7279100000000001,0.7278100000000001,1,1.76
26.08.2021 00:03:28.204,0.7278800000000001,0.7277800000000001,1,1.12
26.08.2021 00:03:28.406,0.72787,0.7277800000000001,1,1
26.08.2021 00:03:28.721,0.72787,0.72777,1,1.76
26.08.2021 00:03:29.656,0.72787,0.7277800000000001,1,1
26.08.2021 00:03:31.489,0.72787,0.72777,1.5,1.76
26.08.2021 00:03:34.177,0.7278600000000001,0.72777,1,1
26.08.2021 00:03:57.976,0.72787,0.72777,1.5,1
26.08.2021 00:04:13.699,0.7278300000000001,0.7277600000000001,1,1
26.08.2021 00:04:13.750,0.7278300000000001,0.72772,1,1.5
26.08.2021 00:04:13.801,0.7278100000000001,0.72772,1,3.45
26.08.2021 00:04:22.331,0.72782,0.72772,1,1
26.08.2021 00:04:24.145,0.7278300000000001,0.7277300000000001,1.5,1
26.08.2021 00:04:33.176,0.72784,0.7277300000000001,1.95,1.69
26.08.2021 00:04:33.278,0.72785,0.7277300000000001,1,1.5
26.08.2021 00:04:35.559,0.72785,0.72774,2.7,1.69
26.08.2021 00:04:35.661,0.7278600000000001,0.72775,1.5,2.89
26.08.2021 00:04:35.762,0.72787,0.72777,1.95,1
26.08.2021 00:04:41.099,0.72789,0.7277600000000001,1.95,1.69
26.08.2021 00:04:41.201,0.7278800000000001,0.7277800000000001,1.2,1
26.08.2021 00:04:48.039,0.72787,0.72777,1,1.69
26.08.2021 00:05:03.215,0.72787,0.72779,1,1.5
26.08.2021 00:05:03.316,0.7279100000000001,0.7278100000000001,1,1.69
26.08.2021 00:05:03.418,0.7279100000000001,0.72782,1,1
26.08.2021 00:05:03.520,0.7279300000000001,0.7278100000000001,1.57,1.5
26.08.2021 00:05:13.343,0.72794,0.7278100000000001,1.57,1.69
26.08.2021 00:05:26.455,0.72795,0.72785,1.12,1.69
26.08.2021 00:05:26.557,0.72796,0.7278600000000001,1.5,1.5
26.08.2021 00:05:26.658,0.72796,0.7278600000000001,1,1.5
26.08.2021 00:05:34.884,0.72797,0.7278600000000001,1,1
26.08.2021 00:05:35.780,0.72796,0.7278600000000001,1,1.69
26.08.2021 00:05:36.654,0.72797,0.72787,2.32,1
26.08.2021 00:05:41.835,0.7279300000000001,0.72784,1.57,1
26.08.2021 00:05:41.937,0.7279300000000001,0.7278300000000001,1.1,2.7
26.08.2021 00:05:43.127,0.72792,0.72782,1,1.57
26.08.2021 00:05:46.189,0.72792,0.7278300000000001,1,1
26.08.2021 00:05:51.877,0.7279300000000001,0.7278300000000001,1.76,1.5
26.08.2021 00:05:51.978,0.7279300000000001,0.72784,1.69,1
26.08.2021 00:05:52.079,0.7279300000000001,0.72785,1,1
26.08.2021 00:05:52.180,0.7279300000000001,0.72784,1,1
26.08.2021 00:05:52.231,0.72796,0.7278600000000001,2.7,1.5
26.08.2021 00:05:52.332,0.72797,0.72787,3.01,1.5
26.08.2021 00:05:52.433,0.72797,0.72787,2.51,1.5
26.08.2021 00:05:54.466,0.72797,0.7278800000000001,1.5,1
26.08.2021 00:05:55.737,0.72797,0.7278800000000001,4,1
26.08.2021 00:05:55.838,0.72797,0.7278800000000001,1.76,1
26.08.2021 00:05:57.007,0.72797,0.72787,1.57,1.5
26.08.2021 00:06:00.854,0.72795,0.72785,3.07,1
26.08.2021 00:06:00.956,0.7279300000000001,0.7278300000000001,1,2.19
26.08.2021 00:06:01.057,0.7279300000000001,0.7278300000000001,1.57,1.25
26.08.2021 00:06:01.208,0.72792,0.7278300000000001,1.1,1
26.08.2021 00:06:03.843,0.72789,0.7278,3.07,1
26.08.2021 00:06:03.945,0.72789,0.72777,1.57,1.69
26.08.2021 00:06:07.364,0.72789,0.72779,3.1,1.25
26.08.2021 00:06:07.465,0.7279,0.7278,2.72,2.44
26.08.2021 00:06:07.566,0.7279100000000001,0.72779,2.32,1.5
26.08.2021 00:06:09.525,0.72789,0.7278,1,1.5
26.08.2021 00:06:09.844,0.7279100000000001,0.72779,1.95,1.5
26.08.2021 00:06:16.490,0.72789,0.7278,1,1.5
26.08.2021 00:06:18.342,0.7278800000000001,0.72779,1.57,1.5
26.08.2021 00:06:18.443,0.72787,0.72777,1.1,2.25
26.08.2021 00:06:18.595,0.72789,0.72777,4.01,1
26.08.2021 00:06:20.557,0.7279100000000001,0.7278100000000001,1.7,1.69
26.08.2021 00:06:20.659,0.72792,0.72782,3.07,1
26.08.2021 00:06:21.980,0.72794,0.72785,1.87,1
26.08.2021 00:06:22.081,0.72794,0.72784,1.39,1.5
26.08.2021 00:06:22.436,0.7279300000000001,0.72784,1.57,1
26.08.2021 00:06:23.433,0.72796,0.7278600000000001,3.65,4
26.08.2021 00:06:23.636,0.7279800000000001,0.7278600000000001,1.6,1.25
26.08.2021 00:06:24.241,0.7279800000000001,0.7278600000000001,1.5,1.25
26.08.2021 00:06:41.203,0.72797,0.7278800000000001,1.5,1
26.08.2021 00:06:41.887,0.72801,0.7279,3.87,1
26.08.2021 00:06:42.089,0.728,0.7279100000000001,1.1,1
26.08.2021 00:06:45.470,0.72799,0.7279100000000001,1,1
26.08.2021 00:06:48.320,0.72799,0.7279,1,1.25
26.08.2021 00:06:49.927,0.72797,0.72789,1,1
26.08.2021 00:06:52.280,0.72797,0.7278800000000001,1.57,1
26.08.2021 00:07:02.111,0.72795,0.7278600000000001,1.57,1
26.08.2021 00:07:02.213,0.72794,0.7278300000000001,1,1
26.08.2021 00:07:02.314,0.72792,0.72782,1,2.81
26.08.2021 00:07:11.481,0.7279300000000001,0.72782,1.5,2.51
26.08.2021 00:07:11.582,0.7279300000000001,0.7278300000000001,1,1
26.08.2021 00:07:11.683,0.72794,0.72784,2.32,1
26.08.2021 00:07:13.106,0.72796,0.7278300000000001,2.7,2.44
26.08.2021 00:07:13.156,0.72797,0.72787,1.6,1
26.08.2021 00:07:13.308,0.7279800000000001,0.7278800000000001,1.57,1
26.08.2021 00:07:13.410,0.7279800000000001,0.72789,1,1.25
26.08.2021 00:07:13.511,0.72801,0.7279100000000001,2.77,1.69
26.08.2021 00:07:16.751,0.7280300000000001,0.7279100000000001,1.5,3.25
26.08.2021 00:07:33.396,0.72804,0.72792,2.25,1.25
26.08.2021 00:07:33.897,0.7280300000000001,0.72792,1,1.25
26.08.2021 00:07:34.050,0.728,0.7279,1,2.81
26.08.2021 00:07:39.660,0.72799,0.72787,2.32,2.44
26.08.2021 00:07:39.762,0.72797,0.7278800000000001,1,1
26.08.2021 00:07:41.494,0.72797,0.72787,1,1.69
26.08.2021 00:08:28.350,0.72796,0.72787,1,1.25
26.08.2021 00:08:48.526,0.7279800000000001,0.7278800000000001,1.5,2.87
26.08.2021 00:08:48.627,0.72799,0.72789,1,1.76
26.08.2021 00:08:48.729,0.728,0.7279,1,1.25
26.08.2021 00:09:08.617,0.7279800000000001,0.72789,1,1.25
26.08.2021 00:09:09.041,0.72799,0.72789,1.5,1.25
26.08.2021 00:09:10.746,0.728,0.7278800000000001,1,1.75
26.08.2021 00:09:10.847,0.728,0.7279100000000001,1,1.25
26.08.2021 00:09:10.949,0.72801,0.7279100000000001,1.12,1.25
26.08.2021 00:09:13.296,0.72802,0.7279100000000001,1,1.25
26.08.2021 00:09:13.498,0.72801,0.72792,1,2.12
26.08.2021 00:09:13.599,0.72801,0.72792,1,1.25
26.08.2021 00:09:15.461,0.72801,0.72792,1,2.12
26.08.2021 00:09:15.614,0.72802,0.7279100000000001,1,1.25
26.08.2021 00:09:15.872,0.728,0.7279,1,2.06
26.08.2021 00:09:15.974,0.72799,0.7279,1,1.31
26.08.2021 00:09:17.264,0.7279800000000001,0.7278600000000001,1.5,1.37
26.08.2021 00:09:17.578,0.72796,0.7278600000000001,1,3.25
26.08.2021 00:09:18.744,0.72796,0.7278600000000001,1,1.25
26.08.2021 00:09:25.313,0.72796,0.7278600000000001,1,2.12
26.08.2021 00:09:35.953,0.72792,0.72785,1,1.31
26.08.2021 00:09:36.106,0.7279300000000001,0.7278100000000001,1.5,1
26.08.2021 00:09:37.571,0.72792,0.7278100000000001,1.5,2.44
26.08.2021 00:09:38.330,0.72792,0.7278100000000001,1.5,2.5
26.08.2021 00:09:38.699,0.72792,0.72782,1.5,1.25
26.08.2021 00:09:43.344,0.72792,0.72782,1.5,1.25
26.08.2021 00:09:48.040,0.72792,0.7278,1,1.75
26.08.2021 00:09:55.806,0.7279100000000001,0.72782,1,1.5
26.08.2021 00:09:56.239,0.7279300000000001,0.72784,1,2.44
26.08.2021 00:09:56.290,0.72796,0.72785,1.5,1.25
26.08.2021 00:09:59.319,0.72796,0.7278600000000001,1,2.5
26.08.2021 00:10:07.089,0.72797,0.7278600000000001,1,1.37
26.08.2021 00:10:07.190,0.72796,0.7278600000000001,1.5,2.12
26.08.2021 00:10:19.912,0.72797,0.7278800000000001,1,2.5
26.08.2021 00:10:20.014,0.7279800000000001,0.7278800000000001,1,3.62
26.08.2021 00:10:20.115,0.72797,0.7278800000000001,1,1.31
26.08.2021 00:10:20.217,0.72796,0.7278600000000001,1.5,3.19
26.08.2021 00:10:22.962,0.72794,0.72784,1.5,2.44
26.08.2021 00:10:27.390,0.7279300000000001,0.72784,1,1.25
26.08.2021 00:10:34.310,0.7279300000000001,0.72784,1,1.25
26.08.2021 00:10:35.665,0.7279300000000001,0.7278300000000001,1,2.12
26.08.2021 00:10:36.585,0.72792,0.7278100000000001,1.5,3
26.08.2021 00:10:37.671,0.7279100000000001,0.7278100000000001,1,1.75
26.08.2021 00:10:37.773,0.7279100000000001,0.7278,1.5,4.37
26.08.2021 00:10:37.824,0.7278800000000001,0.7278,1,1.25
26.08.2021 00:10:39.463,0.72787,0.7278,1,1
26.08.2021 00:10:40.780,0.7278800000000001,0.7278,1,1.69
26.08.2021 00:10:40.831,0.72792,0.72779,2.25,4.31
26.08.2021 00:10:40.933,0.7279100000000001,0.7278100000000001,1.5,1
26.08.2021 00:10:41.035,0.7279100000000001,0.7278100000000001,1.5,2.12
26.08.2021 00:10:46.599,0.7279300000000001,0.7278100000000001,2.25,1.25
26.08.2021 00:10:55.576,0.7279100000000001,0.72782,1,1.25
26.08.2021 00:10:59.381,0.7279100000000001,0.7278100000000001,1.5,2.5
26.08.2021 00:11:00.604,0.7279100000000001,0.72782,1,1.25
26.08.2021 00:11:00.706,0.7279300000000001,0.7278100000000001,2.25,1.25
26.08.2021 00:11:01.563,0.7279300000000001,0.7278300000000001,1.5,2.5
26.08.2021 00:11:14.026,0.72795,0.72785,1.5,2.5
26.08.2021 00:11:39.583,0.72792,0.72784,1.5,1.12
26.08.2021 00:11:39.800,0.72792,0.7278300000000001,1.5,1.25
26.08.2021 00:11:40.002,0.7279100000000001,0.72782,1,1.69
26.08.2021 00:11:41.083,0.7279100000000001,0.7278100000000001,1.5,2.44
26.08.2021 00:11:54.909,0.72789,0.7278,1.5,1.5
26.08.2021 00:11:57.898,0.72789,0.72779,1.5,1.31
26.08.2021 00:12:01.397,0.7279,0.7278,1.5,1.69
26.08.2021 00:12:02.668,0.7278800000000001,0.72779,1,1.25
26.08.2021 00:12:11.938,0.72789,0.72777,1.5,3.19
26.08.2021 00:12:40.107,0.7278600000000001,0.72777,1.5,1.12
26.08.2021 00:12:40.208,0.72785,0.7277600000000001,1.5,1.89
26.08.2021 00:12:40.310,0.72785,0.7277600000000001,1,1.25
26.08.2021 00:12:41.130,0.7278600000000001,0.7277600000000001,2.25,1.5
26.08.2021 00:12:44.900,0.72785,0.7277600000000001,1,1
26.08.2021 00:12:45.003,0.7278600000000001,0.72774,1.5,1.5
26.08.2021 00:12:45.486,0.72784,0.72774,1,1.69
26.08.2021 00:12:49.931,0.7278300000000001,0.72774,1,1.25
26.08.2021 00:12:54.363,0.72784,0.72774,1,1.5
26.08.2021 00:13:03.591,0.7278300000000001,0.72774,1,1
26.08.2021 00:13:03.695,0.72782,0.7277300000000001,1,1
26.08.2021 00:13:10.736,0.72784,0.72775,1,2.62
26.08.2021 00:13:10.838,0.72785,0.7277600000000001,1.12,1.5
26.08.2021 00:13:28.602,0.72784,0.7277300000000001,1,1.12
26.08.2021 00:13:30.561,0.7278300000000001,0.7277300000000001,1.5,1
26.08.2021 00:13:31.956,0.72784,0.72775,1,1
26.08.2021 00:13:32.315,0.72785,0.72775,1.5,5.51
26.08.2021 00:13:32.435,0.72785,0.7277600000000001,1,2.25
26.08.2021 00:13:35.024,0.72784,0.72775,1,1.12
26.08.2021 00:13:35.125,0.72784,0.72774,1,1
26.08.2021 00:13:35.785,0.72782,0.7277300000000001,1.25,1
26.08.2021 00:13:35.886,0.7278100000000001,0.7277300000000001,1,1
26.08.2021 00:13:36.038,0.7278100000000001,0.72772,1,1
26.08.2021 00:13:57.339,0.7278,0.72772,1,1
26.08.2021 00:14:29.744,0.72779,0.72769,1.1,2.62
26.08.2021 00:14:29.795,0.72777,0.72767,1,2.75
26.08.2021 00:14:29.946,0.7277600000000001,0.7276800000000001,1,1
26.08.2021 00:14:30.260,0.7277600000000001,0.72767,1,1
26.08.2021 00:14:32.261,0.72777,0.72767,1.5,1
26.08.2021 00:14:34.995,0.72777,0.7276800000000001,1,1
26.08.2021 00:14:35.366,0.7278,0.7277100000000001,1,1
26.08.2021 00:14:58.963,0.72779,0.72769,1,1.5
26.08.2021 00:14:59.065,0.7277800000000001,0.72769,1,1
26.08.2021 00:14:59.410,0.72779,0.72767,1.5,1.5
26.08.2021 00:15:02.197,0.72777,0.7276800000000001,1,1
26.08.2021 00:15:02.734,0.7277600000000001,0.7276800000000001,1.25,1
26.08.2021 00:15:02.785,0.72774,0.72764,1,1.12
26.08.2021 00:15:02.886,0.72772,0.72764,1,1.5
26.08.2021 00:15:02.937,0.72772,0.72763,1,1
26.08.2021 00:15:11.507,0.72774,0.72765,1,1
26.08.2021 00:15:11.609,0.72775,0.72765,1.87,1
26.08.2021 00:15:19.862,0.72774,0.72765,1,1
26.08.2021 00:15:20.015,0.72774,0.72764,1.69,1.12
26.08.2021 00:15:20.117,0.72772,0.72762,1,2.62
26.08.2021 00:15:20.270,0.7277100000000001,0.72762,1,1
26.08.2021 00:15:20.371,0.72772,0.72762,1.5,1
26.08.2021 00:15:22.586,0.7277100000000001,0.72762,1,1
26.08.2021 00:15:24.024,0.7277100000000001,0.7276100000000001,1.69,1.5
26.08.2021 00:15:25.761,0.7276800000000001,0.72759,2.44,1.5
26.08.2021 00:15:25.863,0.72767,0.7275600000000001,1.25,1
26.08.2021 00:15:26.015,0.7276600000000001,0.7275600000000001,1.69,1
26.08.2021 00:15:26.666,0.72765,0.72755,1,1.5
26.08.2021 00:15:32.363,0.72764,0.72754,1.69,1
26.08.2021 00:15:32.466,0.72762,0.7275100000000001,1,1.12
26.08.2021 00:15:32.568,0.72759,0.72749,2.44,1.5
26.08.2021 00:15:32.670,0.7275600000000001,0.7274700000000001,1,1.12
26.08.2021 00:15:33.963,0.72757,0.72745,1.5,1.12
26.08.2021 00:15:34.712,0.7275600000000001,0.7274600000000001,4.75,1.12
26.08.2021 00:15:34.763,0.72753,0.72743,2.44,1.12
26.08.2021 00:15:35.522,0.7275600000000001,0.72744,2.85,1
26.08.2021 00:15:35.623,0.72758,0.72749,1.5,1
26.08.2021 00:15:35.725,0.72758,0.72748,1.5,1.5
26.08.2021 00:15:39.104,0.72758,0.7274600000000001,1.5,1.5
26.08.2021 00:15:39.205,0.7275600000000001,0.7274600000000001,1,2.62
26.08.2021 00:15:43.051,0.72757,0.7275,1.25,1.5
26.08.2021 00:15:43.102,0.7276,0.7275,1.75,1.5
26.08.2021 00:15:43.254,0.7276,0.7275,1,1.87
26.08.2021 00:15:43.644,0.7276,0.7275100000000001,1,1
26.08.2021 00:15:44.163,0.7276100000000001,0.7275100000000001,1.69,1.5
26.08.2021 00:15:51.212,0.72762,0.7275100000000001,1,1
26.08.2021 00:15:51.263,0.72764,0.72753,1,1
26.08.2021 00:15:51.365,0.72764,0.72754,1.95,3.07
26.08.2021 00:15:53.278,0.72765,0.72755,1,1.1
26.08.2021 00:15:53.430,0.72765,0.7275600000000001,1,1
26.08.2021 00:15:53.989,0.7276600000000001,0.7275600000000001,1,3
26.08.2021 00:15:55.566,0.72767,0.72755,1,3.2
26.08.2021 00:16:00.064,0.72767,0.7275600000000001,1,3.2
26.08.2021 00:16:06.862,0.7276800000000001,0.72758,1,3
26.08.2021 00:16:11.637,0.72772,0.72762,1,1
26.08.2021 00:16:17.768,0.72772,0.72763,1,1
26.08.2021 00:16:21.416,0.72775,0.72763,1.5,1.5
26.08.2021 00:16:24.560,0.7277300000000001,0.72763,1,1.95
26.08.2021 00:16:25.577,0.72772,0.72762,1,2.7
26.08.2021 00:16:27.695,0.7277100000000001,0.72762,1,1.12
26.08.2021 00:16:31.373,0.7277100000000001,0.7276100000000001,1,1
26.08.2021 00:16:34.001,0.7277,0.7276100000000001,1,1.12
26.08.2021 00:16:38.198,0.7277,0.7276,1,2.62
26.08.2021 00:16:39.038,0.7276800000000001,0.72758,1,2
26.08.2021 00:16:39.139,0.72767,0.72757,1,1.5
26.08.2021 00:16:39.241,0.7276600000000001,0.72755,2.44,1.87
26.08.2021 00:16:39.342,0.72763,0.72753,1,2
26.08.2021 00:16:39.494,0.72763,0.7275200000000001,1.5,2.32
26.08.2021 00:16:40.069,0.72763,0.7275100000000001,1,1.57
26.08.2021 00:16:41.680,0.72763,0.72754,1,1
26.08.2021 00:16:41.781,0.72763,0.72753,1,2.32
26.08.2021 00:16:41.883,0.7276100000000001,0.7275100000000001,1,3.57
26.08.2021 00:16:44.113,0.7276100000000001,0.7275100000000001,1,2.62
26.08.2021 00:16:53.706,0.7276,0.7275100000000001,1,1.87
26.08.2021 00:17:31.927,0.72757,0.72748,1,3
26.08.2021 00:17:31.978,0.72757,0.7274600000000001,1,1
26.08.2021 00:17:32.079,0.72755,0.7274600000000001,1.5,1.12
26.08.2021 00:17:32.231,0.72755,0.72745,1.5,1.12
26.08.2021 00:17:39.518,0.7275600000000001,0.7274600000000001,1.5,1
26.08.2021 00:17:39.920,0.72757,0.7274700000000001,1.5,1
26.08.2021 00:17:39.971,0.7276100000000001,0.72749,1.5,1.12
26.08.2021 00:17:45.394,0.7276,0.72749,1,1.12
26.08.2021 00:17:45.495,0.72759,0.72748,1.69,1.5
26.08.2021 00:17:45.596,0.72759,0.72748,1.69,1
26.08.2021 00:17:45.708,0.72757,0.7274600000000001,1,2.82
26.08.2021 00:17:45.809,0.72757,0.7274600000000001,1,2.7
26.08.2021 00:17:51.001,0.72757,0.7274700000000001,1.5,1
26.08.2021 00:18:01.781,0.72758,0.72748,1.69,1
26.08.2021 00:18:10.385,0.72757,0.7274700000000001,1.5,1
26.08.2021 00:18:15.412,0.7275600000000001,0.7274600000000001,1,2.81
26.08.2021 00:18:22.424,0.72757,0.7274700000000001,1.5,1
26.08.2021 00:18:35.114,0.72758,0.72749,1.5,1
26.08.2021 00:18:35.216,0.72759,0.7274700000000001,1.5,1.12
26.08.2021 00:18:38.719,0.72757,0.7274700000000001,1,1.1
26.08.2021 00:18:39.644,0.7275600000000001,0.7274600000000001,1,2.62
26.08.2021 00:18:40.088,0.72753,0.72744,1,1.5
26.08.2021 00:18:40.189,0.72753,0.72744,1,1
26.08.2021 00:18:40.291,0.72753,0.7274100000000001,1,3.07
26.08.2021 00:18:48.944,0.7275200000000001,0.72743,1,1
26.08.2021 00:18:50.587,0.72753,0.72743,1.69,1
26.08.2021 00:18:53.923,0.7275200000000001,0.72743,1.69,1
26.08.2021 00:18:54.029,0.7275200000000001,0.7274200000000001,1.69,1.12
26.08.2021 00:18:57.365,0.7275100000000001,0.7274100000000001,1,3.12
26.08.2021 00:19:08.111,0.72749,0.72738,2.25,1
26.08.2021 00:19:08.212,0.7274700000000001,0.72738,1,1
26.08.2021 00:19:08.313,0.7274700000000001,0.7273700000000001,1,1
26.08.2021 00:19:18.049,0.7274600000000001,0.7273600000000001,1,1.87
26.08.2021 00:19:43.328,0.7274700000000001,0.72735,1,2.37
26.08.2021 00:19:43.379,0.72749,0.7274,1,1.5
26.08.2021 00:19:43.430,0.7275100000000001,0.7274100000000001,2.7,1.5
26.08.2021 00:19:43.582,0.7275200000000001,0.7274200000000001,3.94,1.12
26.08.2021 00:19:45.670,0.7275200000000001,0.7274,1.5,1.5
26.08.2021 00:19:55.647,0.7275100000000001,0.72744,1,1.5
26.08.2021 00:19:55.698,0.72754,0.72744,1,2.44
26.08.2021 00:19:55.799,0.72755,0.72745,1.12,1.25
26.08.2021 00:19:56.912,0.72757,0.72745,1.5,1
26.08.2021 00:20:04.120,0.7275600000000001,0.7274700000000001,1,1
26.08.2021 00:20:04.558,0.7275600000000001,0.7274600000000001,1,1.5
26.08.2021 00:20:08.354,0.7275600000000001,0.72744,1.75,1
26.08.2021 00:20:08.456,0.7275600000000001,0.72745,1,1
26.08.2021 00:20:09.005,0.72757,0.72745,1.69,1
26.08.2021 00:20:13.066,0.72755,0.72745,1,1
26.08.2021 00:20:13.168,0.72753,0.72744,1,1.5
26.08.2021 00:20:13.219,0.7275600000000001,0.72744,1.5,1
26.08.2021 00:20:19.665,0.72755,0.7274600000000001,1,1
26.08.2021 00:20:21.602,0.7275600000000001,0.72744,1.5,1.87
26.08.2021 00:20:22.344,0.7275200000000001,0.7274200000000001,1,1.12
26.08.2021 00:20:22.496,0.7275200000000001,0.7274,1.5,1.12
26.08.2021 00:20:22.901,0.7275100000000001,0.7274100000000001,1.5,1.5
26.08.2021 00:20:26.327,0.7275,0.7274100000000001,1.12,1
26.08.2021 00:20:26.429,0.72749,0.7274,1.69,1
26.08.2021 00:20:26.530,0.7275,0.7274,1.5,2.32
26.08.2021 00:20:27.384,0.7275200000000001,0.7274,1.5,1.6
26.08.2021 00:20:27.785,0.7275200000000001,0.7274,1,1.95
26.08.2021 00:20:27.887,0.7275100000000001,0.7274100000000001,1,1.97
26.08.2021 00:20:30.311,0.72753,0.72744,1,2.62
26.08.2021 00:20:30.412,0.72757,0.72745,2,1.1
26.08.2021 00:20:30.463,0.72757,0.72745,1.5,1.1
26.08.2021 00:20:35.537,0.72753,0.72743,1.25,1
26.08.2021 00:20:35.639,0.7275100000000001,0.7274200000000001,1,1.5
26.08.2021 00:20:35.740,0.7275100000000001,0.7274200000000001,1,1
26.08.2021 00:20:35.842,0.72748,0.72739,1.25,1
26.08.2021 00:20:35.944,0.7274700000000001,0.7273700000000001,1.5,1.1
26.08.2021 00:20:36.147,0.72749,0.7273700000000001,2.25,1.69
26.08.2021 00:20:41.169,0.72748,0.7274,1,1
26.08.2021 00:20:41.220,0.7275,0.7274,1.5,1.5
26.08.2021 00:20:41.322,0.7275,0.7274100000000001,1,1
26.08.2021 00:20:41.577,0.7275100000000001,0.7274100000000001,2.25,1
26.08.2021 00:20:42.798,0.7275100000000001,0.72739,1.69,1
26.08.2021 00:20:47.882,0.72749,0.72739,1,2.25
26.08.2021 00:20:47.932,0.7275,0.7274100000000001,1,1
26.08.2021 00:20:48.033,0.7275100000000001,0.7274100000000001,1.69,1
26.08.2021 00:20:51.747,0.72755,0.72743,2.19,2.25
26.08.2021 00:20:51.849,0.72754,0.7274200000000001,1,1
26.08.2021 00:20:55.068,0.7275200000000001,0.7274200000000001,1,2.81
26.08.2021 00:20:55.170,0.72754,0.72744,2.44,1
26.08.2021 00:20:56.341,0.72754,0.72743,1,1
26.08.2021 00:20:57.382,0.72753,0.7274100000000001,1,2.81
26.08.2021 00:21:03.696,0.7275200000000001,0.7274100000000001,1,1
26.08.2021 00:21:03.798,0.7275200000000001,0.7274200000000001,1.69,1
26.08.2021 00:21:03.901,0.7275100000000001,0.7274100000000001,1,2.62
26.08.2021 00:21:06.221,0.72753,0.7274,1.5,2.62
26.08.2021 00:21:07.227,0.7275200000000001,0.7274200000000001,1.5,1
26.08.2021 00:21:09.076,0.7275200000000001,0.7274100000000001,1,1
26.08.2021 00:21:16.147,0.72755,0.72743,1.87,2.25
26.08.2021 00:21:16.199,0.7275600000000001,0.72745,1.5,1
26.08.2021 00:21:16.352,0.72755,0.7274600000000001,1,1
26.08.2021 00:21:17.527,0.7275600000000001,0.7274700000000001,1.5,1.75
26.08.2021 00:21:17.629,0.72757,0.7274600000000001,1,1.5
26.08.2021 00:21:20.160,0.7275600000000001,0.72748,1,1.5
26.08.2021 00:21:24.400,0.72759,0.72749,2.25,1
26.08.2021 00:21:26.147,0.72759,0.7275,1.5,1
26.08.2021 00:21:29.519,0.72757,0.7274700000000001,1,2.14
26.08.2021 00:21:30.364,0.72759,0.7275,1.5,1
26.08.2021 00:21:30.674,0.72758,0.7275,13.5,1
26.08.2021 00:21:30.783,0.72759,0.7275100000000001,2.25,1
26.08.2021 00:21:44.941,0.7276100000000001,0.7275100000000001,1.69,1
26.08.2021 00:21:55.809,0.7276,0.7275,2.25,1
26.08.2021 00:22:01.544,0.72762,0.7275,1,1
26.08.2021 00:22:01.646,0.7276,0.7275,1,1
26.08.2021 00:22:01.697,0.72759,0.72748,1,1.12
26.08.2021 00:22:06.043,0.72758,0.72748,1,1.69
26.08.2021 00:22:06.306,0.72757,0.7274700000000001,1,1.5
26.08.2021 00:22:06.407,0.7275600000000001,0.7274600000000001,1,1
26.08.2021 00:22:27.723,0.72753,0.7274200000000001,1,3.69
26.08.2021 00:22:27.774,0.7275,0.7274200000000001,1,1.57
26.08.2021 00:22:27.875,0.7275100000000001,0.7274100000000001,1.5,2.25
26.08.2021 00:22:30.180,0.7275,0.7274100000000001,1,1
26.08.2021 00:22:31.589,0.7275,0.7274,1.5,1.12
26.08.2021 00:22:35.390,0.7275,0.7274100000000001,1,1.12
26.08.2021 00:22:35.492,0.7275,0.7274200000000001,1,1
26.08.2021 00:22:43.004,0.7275,0.7274100000000001,1,1
26.08.2021 00:22:45.961,0.7275,0.7274,1.5,1.87
26.08.2021 00:22:51.709,0.72748,0.7273700000000001,1,1.12
26.08.2021 00:22:51.912,0.7274700000000001,0.7273700000000001,1.5,1
26.08.2021 00:22:53.307,0.7274700000000001,0.7273700000000001,2.5,1
26.08.2021 00:22:55.128,0.72748,0.7273600000000001,1.5,1
26.08.2021 00:22:55.280,0.7274600000000001,0.7273600000000001,1,1
26.08.2021 00:22:59.442,0.72745,0.72735,1.5,3.82
26.08.2021 00:23:15.026,0.72743,0.72734,1,1.87
26.08.2021 00:23:15.128,0.72743,0.72733,1,1.2
26.08.2021 00:23:15.230,0.7274100000000001,0.7273100000000001,1.5,3.12
26.08.2021 00:23:15.332,0.7274100000000001,0.7273100000000001,1.5,2.62
26.08.2021 00:23:16.305,0.7274100000000001,0.72729,1,3
26.08.2021 00:23:18.666,0.7274,0.7273100000000001,1,1
26.08.2021 00:23:19.812,0.7274100000000001,0.72729,1,4.95
26.08.2021 00:23:19.913,0.7274100000000001,0.7273100000000001,1.5,1
26.08.2021 00:23:24.310,0.72738,0.7273000000000001,1,1
26.08.2021 00:23:24.360,0.72739,0.72727,1.5,1.5
26.08.2021 00:23:24.411,0.7273600000000001,0.72728,1,1
26.08.2021 00:23:24.513,0.7274,0.72729,1,1.5
26.08.2021 00:23:24.614,0.7274100000000001,0.72729,1.5,2.25
26.08.2021 00:23:27.075,0.7274100000000001,0.7273100000000001,1.5,1
26.08.2021 00:23:35.783,0.7274200000000001,0.72732,1.5,1.57
26.08.2021 00:23:37.012,0.72743,0.72732,1,1
26.08.2021 00:23:37.217,0.72743,0.72733,1.5,1.5
26.08.2021 00:23:40.594,0.72743,0.72734,1,1
26.08.2021 00:23:47.428,0.72745,0.72734,1,1
26.08.2021 00:23:47.529,0.7274600000000001,0.72734,1,1.87
26.08.2021 00:23:51.366,0.72745,0.7273600000000001,1,1
26.08.2021 00:23:55.727,0.72743,0.72734,1,1.5
26.08.2021 00:23:55.829,0.72744,0.72734,1.5,2.62
26.08.2021 00:23:57.667,0.72743,0.72733,1,2.62
26.08.2021 00:23:58.922,0.72744,0.72732,4.19,1.12
26.08.2021 00:23:59.040,0.72743,0.72733,3.19,1
26.08.2021 00:23:59.142,0.7274200000000001,0.7273100000000001,1,1.12
26.08.2021 00:23:59.244,0.7274200000000001,0.7273000000000001,1.5,1
26.08.2021 00:24:00.846,0.7274,0.7273000000000001,1.5,1.12
26.08.2021 00:24:01.148,0.7274200000000001,0.72733,1,1
26.08.2021 00:24:01.401,0.7274200000000001,0.72732,1,1.87
26.08.2021 00:24:03.742,0.72743,0.72733,1.5,1
26.08.2021 00:24:04.658,0.72745,0.72735,1.5,1.12
26.08.2021 00:24:05.539,0.72745,0.72735,1,2.35
26.08.2021 00:24:05.663,0.7274600000000001,0.7273600000000001,1.5,1.1
26.08.2021 00:24:06.134,0.7274600000000001,0.7273700000000001,1,1
26.08.2021 00:24:07.442,0.72748,0.72738,1.5,1.1
26.08.2021 00:24:07.543,0.72748,0.7273700000000001,1,1
26.08.2021 00:24:07.645,0.7274700000000001,0.7273700000000001,1.5,1.57
26.08.2021 00:24:09.707,0.7274600000000001,0.7273600000000001,1,1.57
26.08.2021 00:24:38.835,0.72745,0.72735,1,2.62
26.08.2021 00:24:38.937,0.72744,0.72734,1,1.87
26.08.2021 00:24:39.139,0.72744,0.72733,1.69,1.87
26.08.2021 00:24:39.644,0.72743,0.72733,1,1.12
26.08.2021 00:24:49.808,0.72744,0.72734,1.25,1
26.08.2021 00:25:12.982,0.72743,0.72733,1,1
26.08.2021 00:25:13.853,0.7274200000000001,0.72733,1,1
26.08.2021 00:25:19.821,0.72745,0.72735,5.89,1
26.08.2021 00:25:20.125,0.7274700000000001,0.7273600000000001,1.31,1
26.08.2021 00:25:22.332,0.7274700000000001,0.72738,1,1
26.08.2021 00:25:23.203,0.72748,0.72738,2.44,1.5
26.08.2021 00:25:24.218,0.72749,0.72739,2.95,1
26.08.2021 00:25:24.485,0.7275,0.72738,1.76,1
26.08.2021 00:25:27.836,0.7275,0.7274100000000001,1,1
26.08.2021 00:25:28.038,0.7275,0.7274200000000001,1,1
26.08.2021 00:25:34.287,0.72753,0.72743,1.12,1.5
26.08.2021 00:25:34.388,0.72753,0.72744,1.12,1
26.08.2021 00:25:34.896,0.72753,0.72743,3.26,1
26.08.2021 00:25:37.323,0.72754,0.7274200000000001,4.07,1
26.08.2021 00:25:45.563,0.7275200000000001,0.7274200000000001,1.25,1.5
26.08.2021 00:25:45.714,0.7275100000000001,0.7274200000000001,1,1
26.08.2021 00:25:47.316,0.7274600000000001,0.7273700000000001,1,1.12
26.08.2021 00:25:47.367,0.7274200000000001,0.72733,1.5,1.81
26.08.2021 00:25:47.520,0.7274200000000001,0.72732,1,1
26.08.2021 00:25:47.837,0.72739,0.7273000000000001,1,1.5
26.08.2021 00:25:47.888,0.72739,0.72729,1.5,1
26.08.2021 00:25:47.989,0.72738,0.72728,1,1.5
26.08.2021 00:25:50.433,0.7273600000000001,0.72727,1,1.12
26.08.2021 00:25:50.535,0.72732,0.72723,1.5,3.37
26.08.2021 00:25:50.636,0.7273100000000001,0.72722,1,1.5
26.08.2021 00:25:52.822,0.72732,0.7272000000000001,1.5,1.5
26.08.2021 00:25:57.232,0.72729,0.72719,1,1.69
26.08.2021 00:25:58.930,0.7273100000000001,0.72719,1.5,1.69
26.08.2021 00:25:59.031,0.7273000000000001,0.72721,1,1
26.08.2021 00:25:59.791,0.7273100000000001,0.72721,1.5,1
26.08.2021 00:26:10.169,0.7273100000000001,0.7272000000000001,1.5,1
26.08.2021 00:26:10.270,0.72728,0.72719,1.25,1
26.08.2021 00:26:12.146,0.7273000000000001,0.7272000000000001,2,1.57
26.08.2021 00:26:12.248,0.7273000000000001,0.7272000000000001,1.5,1.95
26.08.2021 00:26:15.416,0.7273000000000001,0.72722,1,1.57
26.08.2021 00:26:15.467,0.72732,0.72722,1.5,1.1
26.08.2021 00:26:17.045,0.72735,0.72724,1.25,1.12
26.08.2021 00:26:17.147,0.72735,0.72726,1.1,1
26.08.2021 00:26:17.248,0.7273600000000001,0.72726,1.69,1
26.08.2021 00:26:18.138,0.72735,0.7272500000000001,1,1.57
26.08.2021 00:26:18.240,0.72732,0.72722,1,1.5
26.08.2021 00:26:30.026,0.72732,0.72722,1,1.6
26.08.2021 00:26:31.305,0.72733,0.72723,1,1
26.08.2021 00:26:31.357,0.72734,0.72724,1.69,1.5
26.08.2021 00:26:31.557,0.72734,0.72722,1.5,1.2
26.08.2021 00:26:31.760,0.72732,0.72722,1,1.95
26.08.2021 00:26:36.996,0.7273000000000001,0.72721,1,2.72
26.08.2021 00:26:39.430,0.72729,0.72721,1,1.95
26.08.2021 00:26:55.066,0.72732,0.72723,1,1
26.08.2021 00:26:55.117,0.7273000000000001,0.72722,1,1.95
26.08.2021 00:26:55.320,0.7273000000000001,0.72721,1,2.7
26.08.2021 00:27:00.400,0.7273000000000001,0.7272000000000001,1,1.57
26.08.2021 00:27:37.820,0.7273100000000001,0.72721,1.5,1.5
26.08.2021 00:27:37.922,0.72732,0.72721,1,1
26.08.2021 00:27:38.569,0.72734,0.7272500000000001,1,1.12
26.08.2021 00:27:38.880,0.72735,0.7272500000000001,1,1.87
26.08.2021 00:27:42.365,0.72734,0.7272500000000001,1,2.62
26.08.2021 00:27:52.886,0.7273600000000001,0.72724,1,3.75
26.08.2021 00:27:56.757,0.7273700000000001,0.72724,2.44,4.57
26.08.2021 00:27:56.858,0.7273700000000001,0.7272500000000001,1,1
26.08.2021 00:27:58.189,0.7273600000000001,0.72727,1,1
26.08.2021 00:27:58.297,0.7273600000000001,0.72726,1,4.2
26.08.2021 00:27:59.961,0.7273700000000001,0.72728,1.5,1.5
26.08.2021 00:28:00.062,0.7274200000000001,0.7273000000000001,2,1
26.08.2021 00:28:00.163,0.7274200000000001,0.7273000000000001,1.5,1
26.08.2021 00:28:05.711,0.7274100000000001,0.72732,1,1
26.08.2021 00:28:20.873,0.72745,0.7273600000000001,1,1
26.08.2021 00:28:20.974,0.7274600000000001,0.7273600000000001,2.06,1.5
26.08.2021 00:28:21.126,0.72745,0.72735,1,1.87
26.08.2021 00:28:21.227,0.72744,0.72735,1,1.12
26.08.2021 00:28:21.901,0.72744,0.72734,1.69,1.87
26.08.2021 00:28:22.003,0.7274,0.7273000000000001,1.5,2
26.08.2021 00:28:22.104,0.7274100000000001,0.72732,1.25,1.12
26.08.2021 00:28:27.468,0.7274100000000001,0.7273100000000001,1,1
26.08.2021 00:28:36.365,0.7274100000000001,0.72732,1,1
26.08.2021 00:28:39.400,0.7274200000000001,0.72733,1,1.5
26.08.2021 00:28:39.501,0.72743,0.72733,1,1.87
26.08.2021 00:28:43.464,0.72743,0.72734,1,1
26.08.2021 00:28:54.536,0.7274200000000001,0.72733,1,1.5
26.08.2021 00:28:54.688,0.7274200000000001,0.72732,1,1.12
26.08.2021 00:28:54.891,0.7274200000000001,0.7273100000000001,1,1
26.08.2021 00:29:04.701,0.7274600000000001,0.72734,1,3
26.08.2021 00:29:04.803,0.7274600000000001,0.7273600000000001,1,2.25
26.08.2021 00:29:04.905,0.7274700000000001,0.7273600000000001,1,1
26.08.2021 00:29:15.842,0.7274700000000001,0.7273700000000001,1,1.12
26.08.2021 00:29:18.484,0.72744,0.72734,1,1.1
26.08.2021 00:29:18.636,0.72743,0.72734,1,1
26.08.2021 00:29:19.487,0.72744,0.72734,1,1.12
26.08.2021 00:29:20.503,0.72744,0.72733,1,3.45
26.08.2021 00:29:22.237,0.72743,0.72733,1,1.12
26.08.2021 00:29:30.541,0.72745,0.72735,1,4.95
26.08.2021 00:29:30.643,0.7274600000000001,0.7273700000000001,1,1
26.08.2021 00:29:32.087,0.72748,0.7273700000000001,1,1
26.08.2021 00:29:32.189,0.7275100000000001,0.7274100000000001,1.12,1
26.08.2021 00:29:32.290,0.7275100000000001,0.7274200000000001,1,1
26.08.2021 00:29:37.461,0.7275100000000001,0.7274100000000001,1,1
26.08.2021 00:29:39.684,0.7275100000000001,0.7274200000000001,1,1
26.08.2021 00:29:46.861,0.7275,0.7274200000000001,1,1
26.08.2021 00:29:46.962,0.7275,0.7274100000000001,1,1.12
26.08.2021 00:29:47.076,0.7275100000000001,0.7274100000000001,1,1.12
26.08.2021 00:29:47.665,0.7275,0.7274100000000001,1,1.12
26.08.2021 00:29:48.908,0.7275100000000001,0.72743,1,1
26.08.2021 00:29:49.009,0.7275200000000001,0.72743,1,1
26.08.2021 00:29:51.391,0.7275200000000001,0.7274200000000001,1.5,1.12
26.08.2021 00:29:54.773,0.7275200000000001,0.7274100000000001,1,1.12
26.08.2021 00:30:00.242,0.7275,0.7274200000000001,1,1
26.08.2021 00:30:00.444,0.72749,0.72739,1,1
26.08.2021 00:30:00.546,0.72749,0.7273700000000001,1,1
26.08.2021 00:30:00.647,0.7274600000000001,0.72738,1,1
26.08.2021 00:30:01.133,0.7274600000000001,0.7273700000000001,1,1.87
26.08.2021 00:30:02.563,0.7274600000000001,0.72735,1.12,1.12
26.08.2021 00:30:02.665,0.72744,0.72735,1,1.5
26.08.2021 00:30:04.496,0.72745,0.72735,1,3.94
26.08.2021 00:30:04.648,0.7274600000000001,0.72735,2.25,2.81
26.08.2021 00:30:04.754,0.72745,0.72735,1,2.81
26.08.2021 00:30:09.555,0.7274600000000001,0.72735,2.25,3.19
26.08.2021 00:30:09.657,0.7274600000000001,0.7273600000000001,2.25,1.5
26.08.2021 00:30:16.227,0.72745,0.7273600000000001,1,1
26.08.2021 00:30:20.489,0.72744,0.7273600000000001,1,1
26.08.2021 00:30:20.540,0.72744,0.72734,1.5,2.62
26.08.2021 00:30:20.642,0.72743,0.72733,1.5,1.5
26.08.2021 00:30:20.743,0.7274,0.72733,1,1
26.08.2021 00:30:21.248,0.7274100000000001,0.72733,1,1
26.08.2021 00:30:21.659,0.7274,0.72733,1,1
26.08.2021 00:30:21.761,0.7274,0.72732,1,1
26.08.2021 00:30:22.549,0.7274,0.7273100000000001,1,1.12
26.08.2021 00:30:26.118,0.7274,0.7273000000000001,1,1.12
26.08.2021 00:30:28.820,0.72739,0.72729,1,1
26.08.2021 00:30:28.921,0.72738,0.72728,1,1.87
26.08.2021 00:30:29.308,0.72738,0.72727,1,1.5
26.08.2021 00:30:40.801,0.7273600000000001,0.72726,1,3
26.08.2021 00:30:40.902,0.72735,0.72726,1,2.25
26.08.2021 00:30:51.871,0.7273600000000001,0.72726,1,2.62
26.08.2021 00:30:56.434,0.7273700000000001,0.72726,1,1
26.08.2021 00:30:56.692,0.72739,0.7273100000000001,1,1
26.08.2021 00:30:56.793,0.7274100000000001,0.7273000000000001,1,1
26.08.2021 00:30:56.895,0.7274200000000001,0.7273000000000001,1.5,1
26.08.2021 00:30:58.813,0.72743,0.7273100000000001,1.5,1.2
26.08.2021 00:30:58.915,0.7274200000000001,0.72733,1.5,1
26.08.2021 00:30:59.971,0.7274100000000001,0.72733,1,1
26.08.2021 00:31:00.124,0.7274100000000001,0.7273100000000001,1,2.1
26.08.2021 00:31:02.745,0.7274,0.72728,1.5,5.26
26.08.2021 00:31:02.846,0.72738,0.72728,1,1.5
26.08.2021 00:31:02.948,0.72738,0.72727,1,1.12
26.08.2021 00:31:03.049,0.7273600000000001,0.72726,1,1.6
26.08.2021 00:31:03.150,0.7273600000000001,0.72726,1,1.2
26.08.2021 00:31:09.126,0.7273700000000001,0.72726,1,1.12
26.08.2021 00:31:09.228,0.7274100000000001,0.7273000000000001,1.87,1
26.08.2021 00:31:09.331,0.7274100000000001,0.7273100000000001,1,1.12
26.08.2021 00:31:13.627,0.7274100000000001,0.72732,1,1
26.08.2021 00:31:15.025,0.7274200000000001,0.72732,1,1
26.08.2021 00:31:17.911,0.72743,0.72734,1,2.25
26.08.2021 00:31:18.012,0.7274600000000001,0.72735,1.57,1
26.08.2021 00:31:18.114,0.7274700000000001,0.72735,1.5,1
26.08.2021 00:31:18.417,0.72745,0.7273600000000001,1,1.12
26.08.2021 00:31:23.597,0.7274600000000001,0.7273600000000001,1,1.95
26.08.2021 00:31:23.698,0.7274600000000001,0.7273700000000001,1,1
26.08.2021 00:31:28.568,0.72748,0.7273600000000001,1.5,1.95
26.08.2021 00:31:28.670,0.72749,0.72738,1,1
26.08.2021 00:31:36.754,0.72748,0.72738,1,1.95
26.08.2021 00:31:36.856,0.7274700000000001,0.72735,1.69,2
26.08.2021 00:31:36.957,0.7274200000000001,0.72733,1,1.87
26.08.2021 00:31:37.059,0.7274100000000001,0.7273100000000001,1,3.01
26.08.2021 00:31:37.210,0.7274100000000001,0.7273100000000001,1,2.14
26.08.2021 00:31:38.661,0.72743,0.72733,1.5,1.25
26.08.2021 00:31:38.762,0.72745,0.72735,2.45,1.5
26.08.2021 00:31:38.863,0.72745,0.72735,1.5,1
26.08.2021 00:31:42.374,0.72745,0.72735,1,3.57
26.08.2021 00:31:44.089,0.7274600000000001,0.72735,1.5,5.29
26.08.2021 00:31:44.190,0.7274700000000001,0.7273700000000001,1.5,1.2
26.08.2021 00:31:45.549,0.72748,0.72738,1.87,1
26.08.2021 00:31:48.081,0.7274700000000001,0.72738,1,1.2
26.08.2021 00:32:18.178,0.7275,0.7274,1,4.5
26.08.2021 00:32:18.473,0.72749,0.72739,1,1.87
26.08.2021 00:32:18.574,0.72748,0.72739,1.5,1.12
26.08.2021 00:32:27.034,0.72748,0.7273700000000001,1.5,2.07
26.08.2021 00:32:27.137,0.72748,0.7273600000000001,1,2.07
26.08.2021 00:32:27.239,0.7274600000000001,0.72735,2.44,3.5
26.08.2021 00:32:27.341,0.72743,0.72732,1.5,4.95
26.08.2021 00:32:28.380,0.7274200000000001,0.72732,1,2.07
26.08.2021 00:32:29.230,0.72744,0.7273100000000001,1.5,3.57
26.08.2021 00:32:29.559,0.72744,0.7273100000000001,1.5,3.45
26.08.2021 00:32:30.040,0.7274200000000001,0.72732,1,2.7
26.08.2021 00:32:34.511,0.7274200000000001,0.72732,1,4.51
26.08.2021 00:32:34.730,0.72743,0.72732,1.5,3.95
26.08.2021 00:32:36.091,0.72743,0.7273100000000001,1,2.82
26.08.2021 00:32:36.193,0.7274200000000001,0.72732,1.5,1.12
26.08.2021 00:32:37.083,0.72743,0.7273000000000001,1.5,3.07
26.08.2021 00:32:45.634,0.72738,0.7273000000000001,1,1.5
26.08.2021 00:32:45.685,0.7273700000000001,0.72728,1.5,2.25
26.08.2021 00:32:45.786,0.7273700000000001,0.72727,1.5,1.25
26.08.2021 00:32:45.888,0.72738,0.7272500000000001,1.5,4.57
26.08.2021 00:32:53.259,0.7274100000000001,0.72729,2,2.62
26.08.2021 00:32:53.361,0.7274200000000001,0.7273000000000001,1.2,1.87
26.08.2021 00:32:57.910,0.72745,0.72733,2,1.69
26.08.2021 00:32:58.012,0.7274700000000001,0.72734,2,2.62
26.08.2021 00:32:58.113,0.7274600000000001,0.72735,1.5,3.82
26.08.2021 00:32:58.368,0.7274600000000001,0.72735,1.5,3.01
26.08.2021 00:33:00.392,0.7274600000000001,0.72734,1,2.64
26.08.2021 00:33:00.991,0.72745,0.72735,1,1.76
26.08.2021 00:33:01.383,0.72744,0.72735,1,1.12
26.08.2021 00:33:02.013,0.72743,0.72733,1,1.5
26.08.2021 00:33:02.215,0.72743,0.72732,1.5,2.07
26.08.2021 00:33:04.142,0.7274200000000001,0.72732,1,1.87
26.08.2021 00:33:12.209,0.72745,0.72735,1.6,4.12
26.08.2021 00:33:12.311,0.7274600000000001,0.7273600000000001,1,2.32
26.08.2021 00:33:12.412,0.7274700000000001,0.7273600000000001,2.62,3.45
26.08.2021 00:33:12.513,0.7274700000000001,0.7273600000000001,1.5,5.26
26.08.2021 00:33:12.614,0.7274700000000001,0.72738,1,1
26.08.2021 00:33:13.561,0.72749,0.7274,1.12,1.5
26.08.2021 00:33:13.764,0.7275100000000001,0.7274,1.5,3.07
26.08.2021 00:33:19.523,0.7275100000000001,0.7274,1.87,3.95
26.08.2021 00:33:24.689,0.72749,0.7274,4.51,1
26.08.2021 00:33:24.791,0.72745,0.72733,1.75,1
26.08.2021 00:33:24.893,0.7274200000000001,0.72732,2.06,2.62
26.08.2021 00:33:25.045,0.7274,0.7273000000000001,1,2.82
26.08.2021 00:33:25.096,0.7274100000000001,0.72729,1,4.57
26.08.2021 00:33:25.300,0.7274,0.7273000000000001,1,4.32
26.08.2021 00:33:25.627,0.7274200000000001,0.72729,1.5,5.82
26.08.2021 00:33:28.531,0.72743,0.7273100000000001,1,3.57
26.08.2021 00:33:28.632,0.72745,0.72735,2,1
26.08.2021 00:33:28.733,0.72745,0.72735,1.5,1
26.08.2021 00:33:30.408,0.72745,0.72734,1,1
26.08.2021 00:33:31.210,0.72744,0.72732,1.5,2.07
26.08.2021 00:33:31.312,0.72743,0.72732,1.5,2.64
26.08.2021 00:33:31.566,0.72744,0.72734,1.5,1.1
26.08.2021 00:33:33.654,0.7274600000000001,0.72735,2.62,3.82
26.08.2021 00:33:33.959,0.7274600000000001,0.72735,1.5,4.7
26.08.2021 00:33:50.027,0.72748,0.72738,1.12,2.44
26.08.2021 00:33:50.128,0.72748,0.72739,1.12,1
26.08.2021 00:33:50.229,0.7275100000000001,0.72739,1.87,2.25
26.08.2021 00:33:50.656,0.72749,0.72739,1.5,1.12
26.08.2021 00:33:50.977,0.72748,0.72739,1.5,1
26.08.2021 00:34:03.064,0.72748,0.7274,1,1
26.08.2021 00:34:03.116,0.7275,0.7274,1.12,4.31
26.08.2021 00:34:13.398,0.7275,0.7274100000000001,1,1
26.08.2021 00:34:13.499,0.7275,0.7274,1,3.82
26.08.2021 00:34:15.574,0.7275100000000001,0.7274,1,1.87
26.08.2021 00:34:22.837,0.7275,0.7274,1.5,1
26.08.2021 00:34:23.852,0.72749,0.72739,1.5,3.37
26.08.2021 00:34:28.592,0.7274700000000001,0.7273700000000001,1.5,2
26.08.2021 00:34:28.797,0.7274700000000001,0.7273700000000001,1.5,1.87
26.08.2021 00:34:32.598,0.7274600000000001,0.7273600000000001,1,3.37
26.08.2021 00:34:38.700,0.7274600000000001,0.7273700000000001,1,1.69
26.08.2021 00:34:39.170,0.7274600000000001,0.72738,1,1
26.08.2021 00:34:39.476,0.7274600000000001,0.7273700000000001,1,3
26.08.2021 00:34:39.792,0.7274700000000001,0.72738,1,1.5
26.08.2021 00:34:39.843,0.7275100000000001,0.7274,2,4.12
26.08.2021 00:34:39.944,0.7275100000000001,0.7274100000000001,1,1
26.08.2021 00:34:49.440,0.7275200000000001,0.7274100000000001,1.87,2.62
26.08.2021 00:34:49.490,0.7275200000000001,0.72744,1,1.12
26.08.2021 00:34:49.541,0.72754,0.72744,1,3.37
26.08.2021 00:34:49.643,0.72755,0.72744,2.32,3.37
26.08.2021 00:34:49.744,0.7275600000000001,0.72744,1,1
26.08.2021 00:34:50.371,0.72757,0.72745,1.69,1.5
26.08.2021 00:34:57.415,0.72755,0.7274600000000001,1,1
26.08.2021 00:34:58.676,0.7275600000000001,0.7274600000000001,2.44,1
26.08.2021 00:34:59.546,0.72754,0.72744,1,1
26.08.2021 00:34:59.597,0.72753,0.7274200000000001,2.44,2
26.08.2021 00:34:59.748,0.7275200000000001,0.7274200000000001,1.12,1.5
26.08.2021 00:35:00.435,0.7275200000000001,0.7274100000000001,1,1
26.08.2021 00:35:01.756,0.7275200000000001,0.7274200000000001,1.87,1
26.08.2021 00:35:02.708,0.7275100000000001,0.7274200000000001,1,1
26.08.2021 00:35:03.405,0.7275200000000001,0.7274200000000001,1.87,1
26.08.2021 00:35:10.998,0.7275100000000001,0.7274100000000001,1,1.5
26.08.2021 00:35:20.848,0.7275,0.7274100000000001,1,1
26.08.2021 00:35:21.925,0.7275100000000001,0.7274100000000001,1,1
26.08.2021 00:35:32.667,0.72749,0.72739,1.5,1.5
26.08.2021 00:35:32.718,0.7275100000000001,0.7274,3.37,3.75
26.08.2021 00:35:32.920,0.7275100000000001,0.7274100000000001,2.32,1
26.08.2021 00:35:34.812,0.7275100000000001,0.7274,1.5,1.87
26.08.2021 00:35:36.741,0.7275100000000001,0.7274100000000001,1.5,1
26.08.2021 00:35:42.711,0.7275200000000001,0.7274200000000001,1,1.5
26.08.2021 00:35:42.898,0.72755,0.7274600000000001,1.6,1
26.08.2021 00:35:42.949,0.72755,0.7274600000000001,1.1,1.5
26.08.2021 00:35:43.051,0.7275600000000001,0.7274600000000001,1,1.5
26.08.2021 00:35:53.897,0.72754,0.72744,1.5,1.12
26.08.2021 00:36:00.694,0.72757,0.7274600000000001,1.87,1
26.08.2021 00:36:01.249,0.72757,0.72748,1.12,2.25
26.08.2021 00:36:01.351,0.7276,0.7275,1.62,1.5
26.08.2021 00:36:01.452,0.7276100000000001,0.7275,2.81,1.87
26.08.2021 00:36:03.515,0.72762,0.7275,1.69,1
26.08.2021 00:36:05.520,0.7276100000000001,0.7275,2.06,2.25
26.08.2021 00:36:13.974,0.7276100000000001,0.7275100000000001,2.06,1.5
26.08.2021 00:36:14.075,0.7276,0.7275100000000001,1,1
26.08.2021 00:36:17.060,0.7276,0.7275,1,1.5
26.08.2021 00:36:26.810,0.7276100000000001,0.7275100000000001,3.56,1
26.08.2021 00:36:28.292,0.72762,0.7275100000000001,2.06,2.62
26.08.2021 00:36:29.103,0.72762,0.72753,1.5,1
26.08.2021 00:36:29.204,0.72764,0.72755,1,1.5
26.08.2021 00:36:29.255,0.7276600000000001,0.7275600000000001,1.69,1
26.08.2021 00:36:30.564,0.7276600000000001,0.7275600000000001,4.19,1.5
26.08.2021 00:36:30.616,0.72764,0.7275200000000001,1,2.62
26.08.2021 00:36:30.768,0.72762,0.7275200000000001,1,2
26.08.2021 00:36:30.870,0.72763,0.7275100000000001,1.5,1
26.08.2021 00:36:31.970,0.72763,0.7275,1.5,2.25
26.08.2021 00:36:41.362,0.7276100000000001,0.7275100000000001,1,1.5
26.08.2021 00:36:42.714,0.7276100000000001,0.7275100000000001,2.12,1.5
26.08.2021 00:36:42.765,0.72758,0.7275,1,1.12
26.08.2021 00:36:47.304,0.72759,0.7275,1,1
26.08.2021 00:36:47.406,0.7276,0.7275100000000001,1,1
26.08.2021 00:36:47.508,0.7276100000000001,0.7275100000000001,1,1.5
26.08.2021 00:36:47.763,0.72764,0.72754,1,1
26.08.2021 00:36:47.864,0.72765,0.72755,1,3.82
26.08.2021 00:36:47.966,0.7276600000000001,0.72754,1,1.5
26.08.2021 00:36:48.067,0.72763,0.72754,1,1.87
26.08.2021 00:36:59.244,0.72763,0.7275200000000001,1,1
26.08.2021 00:36:59.346,0.7276100000000001,0.7275200000000001,1,1.87
26.08.2021 00:37:00.574,0.72762,0.7275200000000001,1.69,1
26.08.2021 00:37:04.375,0.7276100000000001,0.7275200000000001,1,1
26.08.2021 00:37:05.883,0.7276100000000001,0.7275100000000001,1.69,1.12
26.08.2021 00:37:05.984,0.7276100000000001,0.7275,1,1.12
26.08.2021 00:37:06.086,0.72758,0.7274600000000001,1,4.7
26.08.2021 00:37:06.136,0.7275600000000001,0.72745,1,4
26.08.2021 00:37:06.238,0.7275600000000001,0.7274600000000001,1.5,1.12
26.08.2021 00:37:07.559,0.72755,0.72745,1,2.14
26.08.2021 00:37:08.151,0.7275600000000001,0.72745,1.5,2.89
26.08.2021 00:37:14.626,0.72755,0.7274200000000001,1.87,4.7
26.08.2021 00:37:14.728,0.72754,0.7274200000000001,1,2
26.08.2021 00:37:14.829,0.72753,0.72743,1.5,1.2
26.08.2021 00:37:17.217,0.72754,0.72743,1.5,5.32
26.08.2021 00:37:17.318,0.72755,0.72743,1.5,1
26.08.2021 00:37:17.672,0.72755,0.72745,1.5,3.07
26.08.2021 00:37:18.853,0.72754,0.72745,1.25,1.12
26.08.2021 00:37:18.955,0.72754,0.7274200000000001,1.5,1.5
26.08.2021 00:37:19.056,0.72754,0.7274200000000001,1,1
26.08.2021 00:37:21.355,0.72753,0.72744,1,1
26.08.2021 00:37:21.457,0.72754,0.72744,1.5,1
26.08.2021 00:37:22.896,0.7275200000000001,0.7274200000000001,1,1.87
26.08.2021 00:37:25.514,0.72753,0.7274,1.69,2.7
26.08.2021 00:37:25.915,0.7275200000000001,0.7274,1,2.7
26.08.2021 00:37:31.755,0.7275200000000001,0.7274100000000001,1.5,3.07
26.08.2021 00:37:48.533,0.7275100000000001,0.7274100000000001,1,2.62
26.08.2021 00:38:07.567,0.72753,0.7274,1.5,2.89
26.08.2021 00:38:11.097,0.7275200000000001,0.7274200000000001,1.5,1.01
26.08.2021 00:38:11.558,0.72757,0.72748,11.27,1
26.08.2021 00:38:11.608,0.7275600000000001,0.7274600000000001,1.5,2.44
26.08.2021 00:38:14.645,0.72755,0.72745,1.5,1.5
26.08.2021 00:38:15.464,0.72753,0.72743,1.5,2.14
26.08.2021 00:38:15.565,0.7275200000000001,0.7274200000000001,1.5,2.19
26.08.2021 00:38:15.667,0.7275200000000001,0.7274200000000001,1.5,1.69
26.08.2021 00:38:18.625,0.7275100000000001,0.7274200000000001,1,1.25
26.08.2021 00:38:21.321,0.7275100000000001,0.7274100000000001,1,2.89
26.08.2021 00:38:24.012,0.7275200000000001,0.7274,1,4.82
26.08.2021 00:38:24.673,0.7275200000000001,0.7274100000000001,1.5,5.57
26.08.2021 00:38:28.608,0.7275100000000001,0.7274200000000001,1,3.06
26.08.2021 00:38:28.710,0.7275200000000001,0.72743,1.5,1.69
26.08.2021 00:38:30.887,0.72753,0.72743,1.5,1.01
26.08.2021 00:38:33.099,0.7275200000000001,0.72743,1,1.01
26.08.2021 00:38:40.375,0.72753,0.72743,1.5,1.01
26.08.2021 00:38:41.959,0.7275100000000001,0.7274100000000001,1,5.89
26.08.2021 00:38:44.820,0.7275200000000001,0.7274100000000001,1.5,5.14
26.08.2021 00:38:45.151,0.72753,0.7274,1.5,5.16
26.08.2021 00:38:57.196,0.72753,0.7274100000000001,1,4.82
26.08.2021 00:39:00.652,0.72753,0.72743,1.5,2.14
26.08.2021 00:39:07.150,0.7275100000000001,0.7274200000000001,1,1.12
26.08.2021 00:39:07.251,0.7275,0.7274100000000001,1,1
26.08.2021 00:39:07.353,0.72748,0.72738,1.5,1.5
26.08.2021 00:39:07.454,0.72749,0.7273600000000001,2.62,1.76
26.08.2021 00:39:07.656,0.72748,0.7273600000000001,1,2.51
26.08.2021 00:39:07.758,0.72748,0.72738,1.87,1
26.08.2021 00:39:07.859,0.7274700000000001,0.7273700000000001,1,1.57
26.08.2021 00:39:21.886,0.7274600000000001,0.7273700000000001,1,1.01
26.08.2021 00:39:23.986,0.7274700000000001,0.72738,1,1.01
26.08.2021 00:39:24.088,0.72748,0.72739,1,1
26.08.2021 00:39:35.500,0.72748,0.72738,1.5,1.95
26.08.2021 00:39:45.048,0.7274700000000001,0.7273700000000001,1.5,1.95
26.08.2021 00:39:47.842,0.7274600000000001,0.7273700000000001,1,1.01
26.08.2021 00:39:56.050,0.7274700000000001,0.7273700000000001,1.5,2.14
26.08.2021 00:39:58.974,0.7274700000000001,0.7273700000000001,2,1.39
26.08.2021 00:40:00.598,0.7274700000000001,0.7273600000000001,1.5,3.91
26.08.2021 00:40:00.852,0.7274600000000001,0.7273600000000001,2.25,6.14
26.08.2021 00:40:01.652,0.7274700000000001,0.72735,2.25,3.82
26.08.2021 00:40:01.855,0.7274700000000001,0.72734,3,2.89
26.08.2021 00:40:01.956,0.7274600000000001,0.72734,1,2.89
26.08.2021 00:40:14.731,0.72745,0.72734,1.5,1.95
26.08.2021 00:40:14.782,0.72743,0.72733,1,2.89
26.08.2021 00:40:15.441,0.72744,0.7273600000000001,1,1.25
26.08.2021 00:40:15.542,0.72745,0.72733,1,3.79
26.08.2021 00:40:15.644,0.72745,0.72735,1.2,3.26
26.08.2021 00:40:21.856,0.7274600000000001,0.72734,1,4.04
26.08.2021 00:40:23.465,0.7274700000000001,0.72734,1.5,4.91
26.08.2021 00:40:31.154,0.72745,0.72735,1,2.29
26.08.2021 00:40:34.181,0.72745,0.72735,1.5,1.2
26.08.2021 00:40:34.282,0.7274200000000001,0.72732,1.5,3.14
26.08.2021 00:40:34.384,0.7274200000000001,0.72732,1.5,1.1
26.08.2021 00:40:43.464,0.7274200000000001,0.72733,1,1.76
26.08.2021 00:40:43.566,0.72743,0.72733,1.95,4.45
26.08.2021 00:40:47.653,0.72744,0.72732,1.5,2.14
26.08.2021 00:40:47.805,0.72744,0.72732,1.5,2.16
26.08.2021 00:40:48.541,0.72743,0.72733,1.5,2.14
26.08.2021 00:41:00.395,0.7274200000000001,0.72733,1,1.95
26.08.2021 00:41:00.648,0.7274200000000001,0.72732,1.5,1.39
26.08.2021 00:41:14.089,0.72744,0.72734,1,1.57
26.08.2021 00:41:14.191,0.72745,0.72735,2.85,2.91
26.08.2021 00:41:14.292,0.72745,0.72735,1,1.79
26.08.2021 00:41:23.125,0.72744,0.72734,1.57,1.5
26.08.2021 00:41:23.360,0.7274200000000001,0.72732,1,3.64
26.08.2021 00:41:23.411,0.7274200000000001,0.7273100000000001,1.5,2.91
26.08.2021 00:41:51.730,0.7274200000000001,0.72733,1,1
26.08.2021 00:41:52.077,0.72743,0.72733,3.07,1
26.08.2021 00:41:54.390,0.72745,0.72735,1.57,1
26.08.2021 00:41:54.593,0.72745,0.7273600000000001,1,1.1
26.08.2021 00:41:59.126,0.7274200000000001,0.72733,1.5,2.25
26.08.2021 00:41:59.227,0.7274200000000001,0.72732,1.5,1.5
26.08.2021 00:42:02.721,0.7274200000000001,0.7273100000000001,1,1
26.08.2021 00:42:10.598,0.7274200000000001,0.72733,1,1
26.08.2021 00:42:10.649,0.72745,0.72733,1.1,3.26
26.08.2021 00:42:10.750,0.72743,0.72734,1,1.31
26.08.2021 00:42:33.673,0.72745,0.72735,1.57,2.51
26.08.2021 00:42:33.775,0.7274600000000001,0.72735,4.35,2.91
26.08.2021 00:42:33.881,0.7274600000000001,0.72735,3.07,3.41
26.08.2021 00:42:34.087,0.7274600000000001,0.72734,1,1.85
26.08.2021 00:42:34.643,0.72745,0.72735,1,1.39
26.08.2021 00:42:35.026,0.7274200000000001,0.72732,1,3.01
26.08.2021 00:42:35.229,0.72743,0.7273100000000001,2.25,1.1
26.08.2021 00:42:36.742,0.7274100000000001,0.7273100000000001,1,2.91
26.08.2021 00:42:39.015,0.7274200000000001,0.7273100000000001,2.25,3.85
26.08.2021 00:42:45.117,0.7274200000000001,0.72732,1,4.66
26.08.2021 00:42:45.222,0.72743,0.72733,1.5,1.01
26.08.2021 00:42:47.712,0.72743,0.72733,1,2.16
26.08.2021 00:42:48.326,0.72744,0.72733,2.32,2.16
26.08.2021 00:42:57.105,0.72745,0.7273600000000001,1,1.1
26.08.2021 00:42:57.208,0.7274700000000001,0.7273600000000001,3.6,4.64
26.08.2021 00:42:57.310,0.7274700000000001,0.7273600000000001,3.07,5.04
26.08.2021 00:42:59.922,0.72748,0.7273700000000001,1,1.25
26.08.2021 00:43:00.024,0.72748,0.72738,1,1.76
26.08.2021 00:43:00.176,0.72749,0.72738,3.45,1.76
26.08.2021 00:43:02.926,0.72749,0.72738,2.25,4.26
26.08.2021 00:43:08.380,0.7274700000000001,0.72738,1,1.57
26.08.2021 00:43:14.971,0.72748,0.72738,1.5,1.69
26.08.2021 00:44:06.403,0.7275,0.7274,1.57,2.89
26.08.2021 00:44:06.504,0.7275200000000001,0.7274,2.1,1.1
26.08.2021 00:44:06.606,0.7275200000000001,0.7274,1.57,1.1
26.08.2021 00:44:13.903,0.72748,0.72738,1,2.07
26.08.2021 00:44:14.055,0.72748,0.72738,1,1.57
26.08.2021 00:44:14.157,0.72745,0.7273600000000001,1,1.5
26.08.2021 00:44:14.258,0.72745,0.72735,1,1.95
26.08.2021 00:44:14.360,0.72744,0.72735,1,1.12
26.08.2021 00:44:14.461,0.72743,0.72733,1,1.57
26.08.2021 00:44:15.132,0.72744,0.72733,1.5,3.26
26.08.2021 00:44:15.182,0.72745,0.72735,1.57,1.76
26.08.2021 00:44:16.375,0.72745,0.72735,1,4.04
26.08.2021 00:44:17.035,0.72745,0.72735,1.5,2.14
26.08.2021 00:44:17.708,0.72745,0.72734,1.5,3.64
26.08.2021 00:44:17.861,0.7274600000000001,0.72734,1,2.51
26.08.2021 00:44:18.565,0.7274700000000001,0.72734,3,2.14
26.08.2021 00:44:19.565,0.7274600000000001,0.7273600000000001,1.5,1
26.08.2021 00:44:26.831,0.7274700000000001,0.7273600000000001,1,1
26.08.2021 00:44:26.933,0.7274700000000001,0.7273700000000001,1.5,1.01
26.08.2021 00:44:29.525,0.7274600000000001,0.7273600000000001,2.25,1.31
26.08.2021 00:44:29.626,0.72743,0.72733,1,3.76
26.08.2021 00:44:29.728,0.72743,0.72733,1,2.89
26.08.2021 00:44:36.458,0.72743,0.72732,1,1.76
26.08.2021 00:44:41.910,0.72744,0.72732,1.5,1.76
26.08.2021 00:44:42.011,0.72744,0.72733,2.7,1.79
26.08.2021 00:44:42.062,0.72745,0.7273600000000001,1,4.01
26.08.2021 00:44:42.164,0.72748,0.72738,1.95,3.64
26.08.2021 00:44:43.881,0.72749,0.7273700000000001,1,3.01
26.08.2021 00:44:44.083,0.72748,0.72738,1,2.51
26.08.2021 00:44:46.696,0.72748,0.72739,1,1.1
26.08.2021 00:44:49.098,0.72749,0.7274,1,1.57
26.08.2021 00:44:49.149,0.7275100000000001,0.7274100000000001,2.32,1.57
26.08.2021 00:44:53.465,0.7275200000000001,0.7274100000000001,1,1
26.08.2021 00:44:58.544,0.7275100000000001,0.7274,1,1
26.08.2021 00:45:03.398,0.7275,0.7274,1,2.32
26.08.2021 00:45:07.745,0.7274700000000001,0.72738,1,1.2
26.08.2021 00:45:07.947,0.7274700000000001,0.7273700000000001,1.5,1.57
26.08.2021 00:45:08.923,0.72748,0.7273700000000001,1,1.5
26.08.2021 00:45:11.707,0.7275100000000001,0.72739,1.1,3.37
26.08.2021 00:45:11.809,0.7275100000000001,0.7274100000000001,4.54,1
26.08.2021 00:45:11.910,0.7275100000000001,0.7274100000000001,3.64,1
26.08.2021 00:45:21.813,0.72754,0.7274600000000001,1.87,1.5
26.08.2021 00:45:21.864,0.72753,0.72744,1,2.44
26.08.2021 00:45:21.965,0.72754,0.7274600000000001,1,1
26.08.2021 00:45:22.067,0.72755,0.72745,1,3.26
26.08.2021 00:45:25.408,0.7275600000000001,0.7274600000000001,2.25,1.57
26.08.2021 00:45:41.434,0.72759,0.7274700000000001,2.32,2.14
26.08.2021 00:45:47.615,0.7276,0.7275200000000001,1.57,1.5
26.08.2021 00:45:47.716,0.72763,0.72753,1.12,1
26.08.2021 00:45:47.868,0.72764,0.72754,2.32,1.57
26.08.2021 00:45:53.546,0.7276600000000001,0.7275600000000001,3,1.1
26.08.2021 00:45:56.770,0.72769,0.72758,1,3.26
26.08.2021 00:45:56.873,0.7277100000000001,0.7276,1,1
26.08.2021 00:45:57.177,0.72772,0.7276,3.45,1
26.08.2021 00:45:57.499,0.7277,0.7276,1,2.7
26.08.2021 00:45:58.040,0.7277100000000001,0.7276100000000001,2.7,1
26.08.2021 00:45:58.601,0.72769,0.72757,1.69,1.12
26.08.2021 00:45:58.703,0.72767,0.72758,1.5,1
26.08.2021 00:45:58.809,0.7276800000000001,0.7275600000000001,2.25,1.1
26.08.2021 00:46:08.879,0.72767,0.7275600000000001,2.62,3.64
26.08.2021 00:46:11.343,0.72767,0.7275600000000001,3.76,2.7
26.08.2021 00:46:11.953,0.72767,0.7275600000000001,3.82,2.7
26.08.2021 00:46:12.613,0.7276600000000001,0.7275600000000001,2.77,1.5
26.08.2021 00:46:12.715,0.72764,0.7275600000000001,1,1
26.08.2021 00:46:12.868,0.72764,0.72754,1.5,1.5
26.08.2021 00:46:15.685,0.72762,0.7275200000000001,1,3.64
26.08.2021 00:46:17.530,0.7276100000000001,0.7275200000000001,1,1.12
26.08.2021 00:46:17.894,0.7276100000000001,0.7275100000000001,4.76,1
26.08.2021 00:46:18.147,0.7276,0.7275100000000001,1,1
26.08.2021 00:46:18.363,0.72762,0.7275,2.62,1
26.08.2021 00:46:27.371,0.7276100000000001,0.7275200000000001,1,1
26.08.2021 00:46:43.332,0.7276,0.72749,1,1
26.08.2021 00:46:43.434,0.72759,0.72749,1.5,1.95
26.08.2021 00:47:01.174,0.72759,0.7275,1,1
26.08.2021 00:47:03.387,0.7276,0.72748,1.5,1.1
26.08.2021 00:47:03.438,0.72758,0.7274700000000001,2.25,2.7
26.08.2021 00:47:03.539,0.72757,0.7274700000000001,1,1.95
26.08.2021 00:47:06.363,0.72758,0.7274700000000001,1,1
26.08.2021 00:47:14.012,0.72758,0.7274600000000001,1.5,1.57
26.08.2021 00:47:14.538,0.72759,0.7274600000000001,2.25,2.51
26.08.2021 00:47:14.717,0.72758,0.72748,1.5,1
26.08.2021 00:47:15.393,0.72757,0.7274700000000001,1,2.89
26.08.2021 00:47:15.698,0.72758,0.7274700000000001,3.15,2.81
26.08.2021 00:47:16.706,0.72759,0.7274700000000001,3.07,1
26.08.2021 00:47:35.711,0.72758,0.7274700000000001,1,1
26.08.2021 00:47:35.812,0.72757,0.7274700000000001,1,1.57
26.08.2021 00:47:37.986,0.72757,0.7274600000000001,1,1.1
26.08.2021 00:47:41.105,0.72757,0.72748,1,1
26.08.2021 00:47:42.456,0.7275600000000001,0.7274700000000001,1,1.1
26.08.2021 00:47:42.558,0.72754,0.72744,1,2.82
26.08.2021 00:47:42.659,0.72754,0.72744,1,1.57
26.08.2021 00:47:42.760,0.72753,0.72744,1,1.1
26.08.2021 00:47:47.944,0.72754,0.7274200000000001,1.12,3.45
26.08.2021 00:47:48.248,0.72754,0.7274200000000001,1.75,2.7
26.08.2021 00:47:48.350,0.7275100000000001,0.7274200000000001,1,1
26.08.2021 00:47:50.071,0.72749,0.7274100000000001,1,1.5
26.08.2021 00:47:50.123,0.72749,0.72739,1.69,1.87
26.08.2021 00:47:50.225,0.72748,0.72739,1,1.12
26.08.2021 00:47:50.860,0.7275,0.7274100000000001,1,1
26.08.2021 00:47:51.881,0.7275100000000001,0.7274100000000001,1,1
26.08.2021 00:47:51.932,0.72754,0.7274200000000001,2.89,1
26.08.2021 00:47:52.033,0.72753,0.72743,3.39,1
26.08.2021 00:47:52.135,0.72753,0.72744,2.47,1.69
26.08.2021 00:47:52.236,0.72755,0.7274700000000001,1.57,1
26.08.2021 00:47:52.388,0.72758,0.7274600000000001,2.25,1
26.08.2021 00:47:52.540,0.72758,0.7274700000000001,1,1
26.08.2021 00:47:54.250,0.72757,0.7274700000000001,1.5,1.57
26.08.2021 00:48:00.580,0.7275600000000001,0.7274700000000001,1.87,1
26.08.2021 00:48:00.682,0.7275600000000001,0.72745,2.44,3.07
26.08.2021 00:48:00.783,0.7275600000000001,0.72745,3.37,1.57
26.08.2021 00:48:00.986,0.72754,0.7274600000000001,1,1
26.08.2021 00:48:01.805,0.7275600000000001,0.7274600000000001,4.75,1
26.08.2021 00:48:01.906,0.72754,0.72745,1,1
26.08.2021 00:48:02.008,0.72754,0.72744,1.5,1.95
26.08.2021 00:48:02.120,0.72755,0.72743,1.75,1.5
26.08.2021 00:48:02.221,0.72753,0.72743,2.19,1.12
26.08.2021 00:48:02.322,0.72753,0.7274100000000001,2.19,1
26.08.2021 00:48:03.477,0.7275200000000001,0.7274,2.25,1.12
26.08.2021 00:48:03.973,0.7275,0.7274,1,2.62
26.08.2021 00:48:05.835,0.72749,0.7274,1,1.87
26.08.2021 00:48:06.720,0.72749,0.72739,1,2.7
26.08.2021 00:48:06.822,0.7274600000000001,0.7273700000000001,1,1.5
26.08.2021 00:48:06.873,0.7274700000000001,0.7273600000000001,1,1
26.08.2021 00:48:10.756,0.7274700000000001,0.7273700000000001,1,2.32
26.08.2021 00:48:10.857,0.72748,0.7273700000000001,3,2.32
26.08.2021 00:48:10.969,0.7274700000000001,0.7273700000000001,1,2.32
26.08.2021 00:48:11.072,0.72748,0.7273700000000001,3,2.32
26.08.2021 00:48:14.582,0.7274700000000001,0.7273700000000001,1,2.7
26.08.2021 00:48:18.992,0.7274700000000001,0.7273600000000001,1,1.95
26.08.2021 00:48:19.221,0.7274700000000001,0.7273700000000001,1,2.7
26.08.2021 00:48:19.949,0.7274600000000001,0.7273700000000001,1,1.95
26.08.2021 00:48:20.573,0.72748,0.7273600000000001,1,1.95
26.08.2021 00:48:20.741,0.7274600000000001,0.7273700000000001,1,1.2
26.08.2021 00:48:21.385,0.7275,0.72738,2.25,1.57
26.08.2021 00:48:21.486,0.72748,0.72738,1,1.97
26.08.2021 00:48:22.139,0.72748,0.72738,2.12,1.6
26.08.2021 00:48:22.191,0.7274700000000001,0.7273700000000001,1,1.95
26.08.2021 00:48:22.876,0.7274600000000001,0.7273700000000001,1,1.1
26.08.2021 00:48:23.041,0.72748,0.7273600000000001,1,1.57
26.08.2021 00:48:28.976,0.7274600000000001,0.7273700000000001,1,1.57
26.08.2021 00:48:29.060,0.72748,0.72738,2.62,1
26.08.2021 00:48:29.570,0.7274600000000001,0.7273700000000001,1,1.57
26.08.2021 00:48:38.301,0.72749,0.72738,1.12,1.1
26.08.2021 00:48:38.402,0.7275,0.7274100000000001,1.95,1.57
26.08.2021 00:48:38.505,0.72753,0.72743,1,2.7
26.08.2021 00:48:38.607,0.72755,0.72744,1.25,1
26.08.2021 00:48:40.151,0.72753,0.72743,1,1.97
26.08.2021 00:48:40.467,0.72753,0.72743,2.94,1.1
26.08.2021 00:48:40.569,0.7275200000000001,0.7274200000000001,1.87,1.2
26.08.2021 00:48:40.680,0.7275200000000001,0.7274200000000001,2,1.1
26.08.2021 00:48:41.854,0.7275200000000001,0.7274200000000001,2.25,1.1
26.08.2021 00:48:46.445,0.7275100000000001,0.7274100000000001,1,2.7
26.08.2021 00:49:00.392,0.7275100000000001,0.7274100000000001,1.5,1.97
26.08.2021 00:49:00.595,0.7275100000000001,0.7274100000000001,1.5,1.1
26.08.2021 00:49:00.797,0.7275,0.7274,1,1.2
26.08.2021 00:49:01.236,0.7275200000000001,0.7274,1.5,1.1
26.08.2021 00:49:03.410,0.72753,0.72743,1.57,1.57
26.08.2021 00:49:03.562,0.7275200000000001,0.7274200000000001,1,2.54
26.08.2021 00:49:04.122,0.7275200000000001,0.7274200000000001,1,1.95
26.08.2021 00:49:04.223,0.7275100000000001,0.7274100000000001,1.5,1.5
26.08.2021 00:49:04.324,0.7275100000000001,0.7274100000000001,1.5,1
26.08.2021 00:49:07.631,0.7275100000000001,0.7274100000000001,1,2.72
26.08.2021 00:49:07.797,0.7275200000000001,0.7274200000000001,1,2.72
26.08.2021 00:49:07.898,0.72753,0.72743,2.25,1.1
26.08.2021 00:49:09.044,0.7275200000000001,0.7274200000000001,1.5,1.95
26.08.2021 00:49:09.145,0.7274700000000001,0.72739,1,1.12
26.08.2021 00:49:09.246,0.7274700000000001,0.7273700000000001,1.69,1.57
26.08.2021 00:49:11.169,0.7275,0.72739,1.5,1.2
26.08.2021 00:49:21.189,0.7275,0.7274100000000001,1,1.1
26.08.2021 00:49:21.290,0.7275100000000001,0.7274100000000001,1.5,1.57
26.08.2021 00:49:22.125,0.7275100000000001,0.7274100000000001,1.5,1.97
26.08.2021 00:49:38.331,0.7275100000000001,0.7274100000000001,1.57,1.95
26.08.2021 00:49:49.711,0.72753,0.72745,1,1.69
26.08.2021 00:49:49.763,0.72755,0.72745,2.32,2.62
26.08.2021 00:49:49.864,0.72755,0.7274600000000001,1.2,1
26.08.2021 00:49:49.966,0.7275600000000001,0.7274600000000001,3.19,1
26.08.2021 00:49:56.473,0.72758,0.72748,2.51,1.5
26.08.2021 00:49:56.776,0.7275600000000001,0.7274600000000001,4.75,2
26.08.2021 00:49:56.878,0.72757,0.72745,2.44,1
26.08.2021 00:49:57.181,0.7275600000000001,0.7274700000000001,1,1
26.08.2021 00:49:57.282,0.72757,0.7274700000000001,3.19,1
26.08.2021 00:49:59.347,0.72759,0.7274600000000001,2.44,3.75
26.08.2021 00:49:59.453,0.72758,0.72748,2.44,1.5
26.08.2021 00:50:02.469,0.72759,0.72748,2.44,1.87
26.08.2021 00:50:06.055,0.72759,0.7274700000000001,1.5,1.12
26.08.2021 00:50:06.156,0.72757,0.7274700000000001,1.69,2
26.08.2021 00:50:06.258,0.72757,0.7274700000000001,1.69,1.5
26.08.2021 00:50:11.593,0.72757,0.72745,3.7,1.5
26.08.2021 00:50:11.695,0.72753,0.72743,3.25,1.5
26.08.2021 00:50:11.796,0.72753,0.7274100000000001,1,1.5
26.08.2021 00:50:34.499,0.72748,0.7274,2.25,1
26.08.2021 00:50:34.550,0.7274600000000001,0.7273700000000001,1,1.2
26.08.2021 00:50:34.702,0.7274700000000001,0.7273700000000001,1,1
26.08.2021 00:50:44.233,0.7275,0.7274,2.7,4.39
26.08.2021 00:50:44.335,0.7275,0.7274100000000001,1.1,1
26.08.2021 00:50:44.443,0.7275100000000001,0.7274100000000001,1.5,1
26.08.2021 00:50:51.700,0.7275200000000001,0.72743,1.5,1
26.08.2021 00:50:51.801,0.72753,0.72743,1.95,2.25
26.08.2021 00:51:06.701,0.72754,0.72744,1.5,1.87
26.08.2021 00:51:06.991,0.72755,0.72745,1,4.7
26.08.2021 00:51:20.993,0.72757,0.7274700000000001,1.5,2.94
26.08.2021 00:51:21.094,0.72757,0.7274700000000001,1,3.64
26.08.2021 00:51:21.409,0.72755,0.7274600000000001,1,1.5
26.08.2021 00:51:21.510,0.7275600000000001,0.7274600000000001,1.5,1
26.08.2021 00:51:33.268,0.72757,0.7274700000000001,1,1
26.08.2021 00:51:33.318,0.7275600000000001,0.7274600000000001,1,4.2
26.08.2021 00:51:33.420,0.7275600000000001,0.7274700000000001,1,1
26.08.2021 00:51:33.521,0.72757,0.72745,1,3.45
26.08.2021 00:51:36.507,0.72758,0.72749,1,2.25
26.08.2021 00:51:36.609,0.72759,0.7275,1.95,1
26.08.2021 00:51:36.710,0.72759,0.7275100000000001,1,2.25
26.08.2021 00:51:43.126,0.72762,0.7275,1.5,2.06
26.08.2021 00:51:53.044,0.72759,0.7274600000000001,2.25,3.69
26.08.2021 00:51:53.146,0.72757,0.7274700000000001,1.5,1.75
26.08.2021 00:51:53.248,0.72757,0.7274700000000001,1.5,1.31
26.08.2021 00:51:53.584,0.72758,0.72748,1.5,1.69
26.08.2021 00:51:58.214,0.72759,0.72748,2.25,5.31
26.08.2021 00:51:58.707,0.72758,0.72748,2.44,1.12
26.08.2021 00:51:58.809,0.7275600000000001,0.7274600000000001,1,4.31
26.08.2021 00:52:05.087,0.72759,0.7275,2.14,1.87
26.08.2021 00:52:05.289,0.7276,0.7275,1,1.31
26.08.2021 00:52:07.670,0.72758,0.72748,1.5,3.12
26.08.2021 00:52:07.873,0.72758,0.72748,1.5,2.25
26.08.2021 00:52:09.776,0.72757,0.7274700000000001,1.5,1.87
26.08.2021 00:52:23.419,0.72758,0.72749,1,3.37
26.08.2021 00:52:23.469,0.72759,0.7275,1.1,3.37
26.08.2021 00:52:23.621,0.7276,0.7275,1,3.87
26.08.2021 00:52:25.069,0.7276100000000001,0.7275,2.7,5.64
26.08.2021 00:52:35.393,0.7276,0.7275,1,5.64
26.08.2021 00:52:36.293,0.7276,0.7275,1,4.76
26.08.2021 00:52:40.598,0.7276100000000001,0.7275,2.25,5.51
26.08.2021 00:52:46.130,0.7276100000000001,0.7275100000000001,2.25,1.87
26.08.2021 00:53:00.125,0.72758,0.72748,1,2.75
26.08.2021 00:53:00.327,0.72759,0.7274700000000001,2.25,1
26.08.2021 00:53:04.331,0.72757,0.7274700000000001,1,1.87
26.08.2021 00:53:04.741,0.72759,0.7274600000000001,3.07,1.87
26.08.2021 00:53:11.766,0.72758,0.72748,2.25,1
26.08.2021 00:53:17.121,0.72758,0.72745,3.45,2.19
26.08.2021 00:53:17.172,0.72753,0.72744,1,3.25
26.08.2021 00:53:17.222,0.72753,0.72743,1,1.31
26.08.2021 00:53:17.844,0.72753,0.7274200000000001,1.87,1.87
26.08.2021 00:53:18.181,0.7275100000000001,0.7274100000000001,1,2.75
26.08.2021 00:53:18.333,0.7275200000000001,0.7274,1,2.62
26.08.2021 00:53:18.540,0.7275200000000001,0.7274100000000001,1.5,2.62
26.08.2021 00:53:19.528,0.7275100000000001,0.7274100000000001,1.5,1.12
26.08.2021 00:53:30.229,0.7274700000000001,0.72738,1.87,1
26.08.2021 00:53:30.330,0.7274700000000001,0.7273600000000001,2.62,3.62
26.08.2021 00:53:30.431,0.7274600000000001,0.7273600000000001,1.1,1.69
26.08.2021 00:53:30.633,0.7274700000000001,0.7273600000000001,3.07,1.69
26.08.2021 00:53:41.573,0.7274600000000001,0.7273600000000001,1,2.06
26.08.2021 00:53:45.569,0.72744,0.72733,1,2.75
26.08.2021 00:53:45.671,0.7274200000000001,0.72732,1,3.5
26.08.2021 00:53:45.773,0.72743,0.7273100000000001,1,1.87
26.08.2021 00:53:54.212,0.72743,0.72732,2.62,4.57
26.08.2021 00:53:57.122,0.7274200000000001,0.72732,1,2.7
26.08.2021 00:54:07.341,0.72743,0.7273000000000001,2.25,2.62
26.08.2021 00:54:07.558,0.72738,0.72729,3.19,2
26.08.2021 00:54:07.709,0.72738,0.72726,1,1.25
26.08.2021 00:54:07.760,0.7273600000000001,0.72726,1,2.81
26.08.2021 00:54:08.043,0.7273700000000001,0.72726,1.5,2.06
26.08.2021 00:54:08.144,0.7273700000000001,0.7272500000000001,1,1.31
26.08.2021 00:54:08.397,0.72733,0.72724,1.39,2.75
26.08.2021 00:54:08.498,0.72732,0.72722,1,1.75
26.08.2021 00:54:08.549,0.7273100000000001,0.72721,1.5,2.87
26.08.2021 00:54:08.808,0.7273100000000001,0.72721,1.5,1.87
26.08.2021 00:54:09.261,0.7273000000000001,0.72721,1.5,1.12
26.08.2021 00:54:14.154,0.7273000000000001,0.7272000000000001,2.32,3.37
26.08.2021 00:54:16.567,0.72729,0.72719,3.07,1
26.08.2021 00:54:16.669,0.72729,0.72718,1,1
26.08.2021 00:54:16.770,0.72727,0.72718,1,1
26.08.2021 00:54:17.065,0.72728,0.72718,2.32,1.5
26.08.2021 00:54:17.721,0.72727,0.72718,1,1
26.08.2021 00:54:17.823,0.72727,0.72717,1,1.5
26.08.2021 00:54:17.924,0.72728,0.72718,2.7,1
26.08.2021 00:54:19.587,0.72727,0.72716,1,1.5
26.08.2021 00:54:22.030,0.7272500000000001,0.72716,1.1,1
26.08.2021 00:54:22.131,0.7272500000000001,0.72716,1.1,1
26.08.2021 00:54:22.182,0.72724,0.72714,1.12,2.25
26.08.2021 00:54:22.283,0.72726,0.72714,1.72,3
26.08.2021 00:54:22.384,0.7272500000000001,0.72716,1.1,1
26.08.2021 00:54:22.493,0.7272500000000001,0.72716,1.1,1
26.08.2021 00:54:25.980,0.7272500000000001,0.7271500000000001,2.32,1.5
26.08.2021 00:54:26.081,0.7272500000000001,0.72716,1.57,1
26.08.2021 00:54:26.183,0.7272500000000001,0.7271500000000001,2.32,1.5
26.08.2021 00:54:26.285,0.7272500000000001,0.72716,1.57,1
26.08.2021 00:54:28.422,0.72724,0.72714,1.57,1
26.08.2021 00:54:28.524,0.7272500000000001,0.72713,2.45,1
26.08.2021 00:54:28.626,0.72723,0.72714,1.7,1
26.08.2021 00:54:28.727,0.72723,0.72712,2.45,1.5
26.08.2021 00:54:29.184,0.72722,0.72713,1.1,1
26.08.2021 00:54:30.843,0.72722,0.72712,2.32,1.5
26.08.2021 00:54:32.861,0.72721,0.72712,1.5,1
26.08.2021 00:54:33.622,0.72722,0.72714,1.2,3
26.08.2021 00:54:33.724,0.72726,0.7271500000000001,1.57,1.5
26.08.2021 00:54:33.876,0.72727,0.7271500000000001,2.51,1.5
26.08.2021 00:54:35.282,0.72727,0.72716,3.26,1.5
26.08.2021 00:54:35.383,0.72728,0.7271500000000001,3.39,1.5
26.08.2021 00:54:36.122,0.72727,0.72716,3.26,1.5
26.08.2021 00:54:36.223,0.72727,0.72716,3.39,1.5
26.08.2021 00:54:36.684,0.72723,0.72714,1,1
26.08.2021 00:54:36.786,0.72723,0.72713,1.5,1
26.08.2021 00:54:36.887,0.72723,0.72712,1.5,1
26.08.2021 00:54:37.039,0.72722,0.72712,1,1
26.08.2021 00:54:37.192,0.72724,0.7271500000000001,1.72,1.5
26.08.2021 00:54:37.293,0.72724,0.7271500000000001,1,1
26.08.2021 00:54:37.395,0.72724,0.72714,1.87,1.5
26.08.2021 00:54:37.547,0.72721,0.72712,1,4.01
26.08.2021 00:54:37.699,0.7272000000000001,0.7271000000000001,1,3.82
26.08.2021 00:54:39.625,0.72717,0.7270800000000001,1,1.5
26.08.2021 00:54:39.726,0.72717,0.72706,1,1
26.08.2021 00:54:39.828,0.7271500000000001,0.7270500000000001,1,5.62
26.08.2021 00:54:39.980,0.7271500000000001,0.72704,1.5,3
26.08.2021 00:54:40.081,0.7271500000000001,0.7270500000000001,1.5,1.5
26.08.2021 00:54:41.919,0.72714,0.7270300000000001,1.5,1.87
26.08.2021 00:54:41.969,0.72716,0.72704,2.32,1
26.08.2021 00:54:42.378,0.72716,0.7270500000000001,1.2,1
26.08.2021 00:54:43.571,0.7271500000000001,0.7270500000000001,1.57,3
26.08.2021 00:54:44.160,0.72713,0.7270300000000001,1.5,1.12
26.08.2021 00:54:44.263,0.72711,0.7270300000000001,1,1
26.08.2021 00:54:44.415,0.72711,0.72702,1.5,1
26.08.2021 00:54:46.452,0.7271000000000001,0.72701,1,1
26.08.2021 00:54:47.452,0.7270800000000001,0.72697,1,1.5
26.08.2021 00:54:47.503,0.7271000000000001,0.727,2.32,1.5
26.08.2021 00:54:47.604,0.72712,0.727,3,1
26.08.2021 00:54:47.705,0.72711,0.72704,1,1.12
26.08.2021 00:54:47.807,0.72714,0.7270300000000001,1,3
26.08.2021 00:54:47.908,0.7271500000000001,0.7270500000000001,3.22,3
26.08.2021 00:54:48.009,0.7271500000000001,0.7270500000000001,1.5,3
26.08.2021 00:54:48.325,0.7271500000000001,0.72706,1.5,1
26.08.2021 00:54:50.433,0.7271500000000001,0.7270500000000001,1.5,1.5
26.08.2021 00:54:50.534,0.7271500000000001,0.72706,1,1
26.08.2021 00:54:52.090,0.7271500000000001,0.7270500000000001,1.5,3
26.08.2021 00:54:52.501,0.72713,0.7270300000000001,1.5,3
26.08.2021 00:54:52.603,0.72713,0.72702,1,1
26.08.2021 00:54:52.705,0.72712,0.72701,1.5,1.5
26.08.2021 00:54:52.807,0.72712,0.72702,1.5,1
26.08.2021 00:54:54.015,0.72714,0.72702,1.5,1
26.08.2021 00:54:54.374,0.7271500000000001,0.72706,1,1.5
26.08.2021 00:54:55.685,0.72714,0.7270300000000001,1,1
26.08.2021 00:54:55.786,0.72713,0.7270300000000001,1.5,1.5
26.08.2021 00:54:56.039,0.72713,0.72704,1,1.25
26.08.2021 00:54:56.090,0.7271500000000001,0.7270500000000001,1,3
26.08.2021 00:54:56.940,0.72716,0.7270500000000001,2.25,2.25
26.08.2021 00:54:56.991,0.72719,0.7271000000000001,1,1
26.08.2021 00:54:57.092,0.72721,0.7271000000000001,2.32,1
26.08.2021 00:54:57.497,0.72721,0.72711,1,1.5
26.08.2021 00:54:57.598,0.72721,0.72712,1,1
26.08.2021 00:54:59.259,0.72718,0.7271000000000001,1.01,1.5
26.08.2021 00:54:59.310,0.72716,0.72707,1,1.87
26.08.2021 00:54:59.412,0.72717,0.7270500000000001,2.25,1
26.08.2021 00:54:59.513,0.7271500000000001,0.72706,1,1
26.08.2021 00:54:59.724,0.7271500000000001,0.72707,1,1
26.08.2021 00:55:00.259,0.72713,0.7270500000000001,1,1
26.08.2021 00:55:00.360,0.72713,0.72704,1.25,2.44
26.08.2021 00:55:00.411,0.72716,0.72704,2.32,1
26.08.2021 00:55:00.513,0.72714,0.7270500000000001,1,1
26.08.2021 00:55:00.614,0.72713,0.72704,1,1.5
26.08.2021 00:55:00.665,0.72712,0.72702,1.1,1.5
26.08.2021 00:55:00.716,0.72714,0.7270500000000001,1,1
26.08.2021 00:55:00.818,0.72716,0.7270500000000001,1,1
26.08.2021 00:55:01.213,0.7271500000000001,0.72707,1,1
26.08.2021 00:55:03.280,0.72713,0.7270300000000001,2.44,1
26.08.2021 00:55:03.382,0.72712,0.7270300000000001,1,1
26.08.2021 00:55:04.518,0.72712,0.72701,1,1
26.08.2021 00:55:05.906,0.72709,0.72699,1.25,1
26.08.2021 00:55:07.037,0.72707,0.7269800000000001,1,1
26.08.2021 00:55:07.138,0.72707,0.72697,1,1.5
26.08.2021 00:55:08.067,0.72706,0.72697,1,1.5
26.08.2021 00:55:08.168,0.72707,0.7269800000000001,1,1
26.08.2021 00:55:08.269,0.72707,0.72699,1,1
26.08.2021 00:55:08.652,0.7270800000000001,0.72697,1,1
26.08.2021 00:55:08.753,0.7270800000000001,0.7269800000000001,1,1
26.08.2021 00:55:10.632,0.7270800000000001,0.72696,1,1
26.08.2021 00:55:10.848,0.72707,0.72696,1,1
26.08.2021 00:55:13.758,0.7270300000000001,0.7269300000000001,2.25,2
26.08.2021 00:55:13.859,0.7270300000000001,0.7269100000000001,1,1
26.08.2021 00:55:14.016,0.72701,0.72692,1,1
26.08.2021 00:55:14.197,0.72704,0.72694,3.2,3
26.08.2021 00:55:14.298,0.72704,0.72695,1.12,1.5
26.08.2021 00:55:14.399,0.72704,0.7269300000000001,1,2.44
26.08.2021 00:55:14.703,0.7270300000000001,0.7269300000000001,1.5,1
26.08.2021 00:55:14.929,0.7270500000000001,0.72695,1,3
26.08.2021 00:55:15.031,0.72707,0.72696,2,1
26.08.2021 00:55:15.132,0.72706,0.72697,1,1
26.08.2021 00:55:18.854,0.72706,0.72696,1,1.5
26.08.2021 00:55:22.688,0.7270800000000001,0.72699,1.2,1
26.08.2021 00:55:22.840,0.7271000000000001,0.7269800000000001,1.5,3
26.08.2021 00:55:23.217,0.7271000000000001,0.72701,1,1
26.08.2021 00:55:23.995,0.72711,0.72701,3.64,1
26.08.2021 00:55:25.910,0.72712,0.72699,2.89,2.25
26.08.2021 00:55:26.990,0.7270800000000001,0.7269800000000001,1,1.5
26.08.2021 00:55:27.092,0.72707,0.72696,1.69,1.12
26.08.2021 00:55:27.366,0.72706,0.72696,1,1
26.08.2021 00:55:28.509,0.72707,0.72696,1.5,1.5
26.08.2021 00:55:28.561,0.7270800000000001,0.72699,1,2.44
26.08.2021 00:55:28.663,0.7271000000000001,0.727,1,1.5
26.08.2021 00:55:28.986,0.72709,0.72697,2.51,2
26.08.2021 00:55:29.088,0.72707,0.72697,1,1.5
26.08.2021 00:55:29.189,0.72707,0.72697,1,1
26.08.2021 00:55:29.292,0.72706,0.72696,1,1.12
26.08.2021 00:55:34.109,0.72709,0.72697,2.75,1
26.08.2021 00:55:34.210,0.72707,0.72697,1.12,1
26.08.2021 00:55:34.311,0.7270800000000001,0.72695,1.25,1.12
26.08.2021 00:55:37.080,0.72707,0.72695,1.25,1
26.08.2021 00:55:37.182,0.7270500000000001,0.72695,1.1,2.25
26.08.2021 00:55:37.334,0.72706,0.72695,1.31,3
26.08.2021 00:55:37.747,0.72707,0.72696,1.69,1
26.08.2021 00:55:52.132,0.72706,0.72695,1,3.37
26.08.2021 00:55:54.768,0.72707,0.72696,1.5,1
26.08.2021 00:55:56.814,0.72707,0.72697,1,1
26.08.2021 00:56:01.733,0.72709,0.72699,1.12,1
26.08.2021 00:56:01.885,0.72709,0.72699,1.5,3.19
26.08.2021 00:56:01.986,0.72709,0.727,1,2.25
26.08.2021 00:56:02.138,0.72709,0.72697,1.25,1.5
26.08.2021 00:56:02.189,0.7270800000000001,0.72697,1.25,3
26.08.2021 00:56:02.290,0.7270800000000001,0.72696,1,1.12
26.08.2021 00:56:02.392,0.72707,0.72696,2.44,1.87
26.08.2021 00:56:03.574,0.72707,0.72697,1,1
26.08.2021 00:56:04.490,0.72707,0.72696,2.44,1.87
26.08.2021 00:56:05.418,0.72707,0.72697,1,1
26.08.2021 00:56:08.804,0.72709,0.7269800000000001,1.12,1
26.08.2021 00:56:11.634,0.7270800000000001,0.7269800000000001,2.44,1
26.08.2021 00:56:11.837,0.72707,0.7269800000000001,1,1
26.08.2021 00:56:14.710,0.7270800000000001,0.72695,2.44,1.5
26.08.2021 00:56:15.213,0.72706,0.72694,1.5,3.37
26.08.2021 00:56:15.314,0.72706,0.72695,1.5,1.5
26.08.2021 00:56:17.088,0.72707,0.7269300000000001,1.5,2.7
26.08.2021 00:56:17.139,0.7270300000000001,0.7269300000000001,1,1.87
26.08.2021 00:56:17.291,0.72704,0.7269300000000001,2.44,1.12
26.08.2021 00:56:17.443,0.7270500000000001,0.7269300000000001,3.19,1
26.08.2021 00:56:18.723,0.72704,0.7269300000000001,3.19,1
26.08.2021 00:56:18.875,0.7270300000000001,0.72692,3.19,1.5
26.08.2021 00:56:19.027,0.7270300000000001,0.7269100000000001,1,1.5
26.08.2021 00:56:19.279,0.72704,0.7269300000000001,3.69,1.5
26.08.2021 00:56:19.381,0.7270500000000001,0.72692,2.62,1.5
26.08.2021 00:56:20.813,0.72704,0.72694,2.62,1
26.08.2021 00:56:26.650,0.7270300000000001,0.7269100000000001,1,1.5
26.08.2021 00:56:29.634,0.72701,0.7269100000000001,1,1.5
26.08.2021 00:56:38.152,0.72702,0.72689,1.5,1.5
26.08.2021 00:56:59.316,0.72701,0.72689,1,1.5
26.08.2021 00:56:59.418,0.72697,0.72689,1.01,1
26.08.2021 00:56:59.519,0.72695,0.7268600000000001,1,2
26.08.2021 00:56:59.570,0.72695,0.7268600000000001,1,1.5
26.08.2021 00:57:00.077,0.72696,0.7268600000000001,1.5,1.57
26.08.2021 00:57:03.452,0.72696,0.72685,1,1
26.08.2021 00:57:15.066,0.72696,0.7268600000000001,1.5,1
26.08.2021 00:57:20.799,0.72697,0.72689,1,1.69
26.08.2021 00:57:20.851,0.72699,0.72689,1.57,3.75
26.08.2021 00:57:21.003,0.727,0.72689,1.5,4.87
26.08.2021 00:57:21.154,0.72701,0.7268800000000001,1.5,4.62
26.08.2021 00:57:21.459,0.727,0.72689,1.5,5.44
26.08.2021 00:57:21.586,0.727,0.72689,1.5,5.19
26.08.2021 00:57:22.748,0.727,0.7269100000000001,1.5,1
26.08.2021 00:57:28.973,0.72702,0.7269,1.5,1
26.08.2021 00:57:30.062,0.72701,0.72692,1.5,1.6
26.08.2021 00:57:30.163,0.72702,0.7269100000000001,4.01,2.35
26.08.2021 00:57:31.152,0.72702,0.7269100000000001,4.01,2.32
26.08.2021 00:57:41.922,0.72704,0.72696,2.32,1.5
26.08.2021 00:57:42.023,0.7270500000000001,0.72696,1,1.1
26.08.2021 00:57:42.124,0.72706,0.72696,1.5,1.6
26.08.2021 00:57:46.268,0.72707,0.72696,3.64,1.6
26.08.2021 00:57:49.848,0.72706,0.72696,1,1.6
26.08.2021 00:57:55.862,0.7270800000000001,0.72695,3.64,1.57
26.08.2021 00:57:55.964,0.72706,0.72696,1,1.57
26.08.2021 00:58:01.074,0.72706,0.72696,1.5,1.6
26.08.2021 00:58:02.792,0.72706,0.72697,1,1.1
26.08.2021 00:58:02.902,0.72707,0.72696,1,1
26.08.2021 00:58:03.004,0.72706,0.72696,1,1.57
26.08.2021 00:58:17.902,0.7270800000000001,0.72696,2.32,1
26.08.2021 00:58:18.003,0.72706,0.72694,1,1.6
26.08.2021 00:58:18.105,0.72706,0.72696,3.64,1.5
26.08.2021 00:58:22.054,0.72706,0.72696,1,2.35
26.08.2021 00:58:25.713,0.72707,0.72697,2.89,1.1
26.08.2021 00:58:29.454,0.72706,0.72697,1.1,1.1
26.08.2021 00:58:29.656,0.7270800000000001,0.72696,4.01,1
26.08.2021 00:58:45.510,0.72707,0.72699,1.57,1
26.08.2021 00:58:46.277,0.72709,0.7269800000000001,3.07,1
26.08.2021 00:58:47.738,0.7270800000000001,0.72699,3.95,1
26.08.2021 00:58:47.839,0.7270800000000001,0.72696,2.32,1.5
26.08.2021 00:58:47.940,0.72707,0.7269800000000001,2.51,1
26.08.2021 00:58:48.042,0.72706,0.7269800000000001,1.1,1
26.08.2021 00:58:48.244,0.72707,0.7269800000000001,3.15,1
26.08.2021 00:58:48.345,0.72707,0.7269800000000001,3.84,1
26.08.2021 00:58:48.665,0.72707,0.7269800000000001,2.7,1
26.08.2021 00:58:52.072,0.7270800000000001,0.7269800000000001,2.32,1
26.08.2021 00:58:52.378,0.72709,0.72697,3.2,1
26.08.2021 00:58:52.429,0.72706,0.7269800000000001,1.5,1
26.08.2021 00:58:52.631,0.72706,0.7269800000000001,1.1,1
26.08.2021 00:58:52.783,0.72707,0.7269800000000001,2.32,1
26.08.2021 00:59:00.178,0.7271000000000001,0.72701,2.75,3.94
26.08.2021 00:59:00.229,0.7271500000000001,0.72704,1.25,1.76
26.08.2021 00:59:00.330,0.72714,0.72707,1,1
26.08.2021 00:59:00.432,0.72716,0.72707,1,1
26.08.2021 00:59:00.482,0.72717,0.7270800000000001,1.87,1
26.08.2021 00:59:01.025,0.72717,0.72709,1.12,1
26.08.2021 00:59:01.178,0.72719,0.7271000000000001,1.5,1.01
26.08.2021 00:59:01.229,0.72721,0.72711,1.1,1
26.08.2021 00:59:01.331,0.72721,0.72713,1.12,1
26.08.2021 00:59:01.483,0.72722,0.72714,1.5,1
26.08.2021 00:59:01.774,0.72723,0.72714,1.95,1
26.08.2021 00:59:02.283,0.72721,0.72712,1,1
26.08.2021 00:59:03.044,0.72723,0.72711,1.12,1.76
26.08.2021 00:59:03.145,0.72722,0.72713,1.12,1
26.08.2021 00:59:04.738,0.72723,0.72713,2.7,1
26.08.2021 00:59:11.302,0.72723,0.72712,1,1
26.08.2021 00:59:17.560,0.72723,0.72713,2.7,1
26.08.2021 00:59:26.839,0.72722,0.72713,1,1
26.08.2021 00:59:27.784,0.72721,0.72713,1,1
26.08.2021 00:59:27.885,0.72721,0.72712,1,1
26.08.2021 00:59:28.368,0.72719,0.7271000000000001,1.95,1.12
26.08.2021 00:59:28.470,0.72719,0.72709,1,1
26.08.2021 00:59:28.571,0.72719,0.7270800000000001,1,1
26.08.2021 00:59:30.432,0.72719,0.7271000000000001,2.7,1
26.08.2021 00:59:30.533,0.7272000000000001,0.7271000000000001,1,1
26.08.2021 00:59:34.487,0.72722,0.7271000000000001,2.32,1.57
26.08.2021 00:59:34.538,0.72721,0.72713,1.57,1
26.08.2021 00:59:40.567,0.72722,0.72713,1.5,1
26.08.2021 01:00:00.264,0.72722,0.72711,1.5,1.5
26.08.2021 01:00:00.365,0.72719,0.72711,1,1
26.08.2021 01:00:00.467,0.72721,0.7271000000000001,1.5,1
26.08.2021 01:00:01.789,0.72719,0.72709,1,1.12
26.08.2021 01:00:01.891,0.72719,0.7270800000000001,3.07,1.69
26.08.2021 01:00:02.044,0.72719,0.7270800000000001,3.65,1.69
26.08.2021 01:00:04.053,0.72717,0.72707,1.5,1.5
26.08.2021 01:00:04.885,0.72718,0.72709,2.7,1
26.08.2021 01:00:06.074,0.72718,0.7270800000000001,3.45,1
26.08.2021 01:00:06.328,0.72719,0.7270800000000001,3.45,1.57
26.08.2021 01:00:10.095,0.72719,0.7270800000000001,1.87,2.54
26.08.2021 01:00:14.674,0.72719,0.7270800000000001,1.5,4.41
26.08.2021 01:00:15.591,0.72722,0.7271000000000001,1.5,1.6
26.08.2021 01:00:15.693,0.72722,0.72712,1.87,1.6
26.08.2021 01:00:19.641,0.7272500000000001,0.7271500000000001,1.87,3.1
26.08.2021 01:00:20.200,0.7272500000000001,0.7271500000000001,1,1.5
26.08.2021 01:00:27.215,0.72726,0.72716,1.12,4.01
26.08.2021 01:00:28.271,0.72727,0.72716,1.12,1
26.08.2021 01:00:28.373,0.7273000000000001,0.7272000000000001,5.44,3.75
26.08.2021 01:00:28.424,0.72732,0.72721,1.5,1
26.08.2021 01:00:28.525,0.72732,0.72723,2.45,1
26.08.2021 01:00:28.576,0.72732,0.72723,1.87,1
26.08.2021 01:00:29.426,0.72734,0.7272500000000001,2.75,1
26.08.2021 01:00:29.629,0.72735,0.72724,1.87,1
26.08.2021 01:00:31.448,0.72733,0.72724,1.12,1
26.08.2021 01:00:38.355,0.72733,0.72723,2.62,1
26.08.2021 01:00:38.507,0.7273100000000001,0.72722,1,1.5
26.08.2021 01:00:38.759,0.72729,0.72717,2.25,2
26.08.2021 01:00:38.911,0.72728,0.72718,2.75,1
26.08.2021 01:00:39.938,0.72728,0.72718,2.62,1
26.08.2021 01:00:40.566,0.72728,0.72719,1.5,1
26.08.2021 01:00:43.652,0.72728,0.72718,3.64,1
26.08.2021 01:00:43.703,0.72726,0.72717,1.25,1
26.08.2021 01:00:43.804,0.72724,0.72713,2.06,1
26.08.2021 01:00:43.906,0.72722,0.72713,1.5,1.5
26.08.2021 01:00:51.111,0.72724,0.72714,2,2.44
26.08.2021 01:00:51.213,0.72724,0.7271500000000001,1.5,1
26.08.2021 01:00:51.315,0.7272500000000001,0.72714,1,1
26.08.2021 01:00:54.832,0.72723,0.72714,1,1
26.08.2021 01:00:55.929,0.72722,0.72714,1,1
26.08.2021 01:00:58.007,0.72723,0.72714,1.5,1
26.08.2021 01:00:58.576,0.72724,0.7271500000000001,1.5,1
26.08.2021 01:00:58.879,0.72726,0.72714,2.25,1
26.08.2021 01:01:04.039,0.72726,0.72716,1.5,1
26.08.2021 01:01:04.140,0.72726,0.7271500000000001,2.25,1.57
26.08.2021 01:01:04.598,0.72726,0.72716,2.25,1.5
26.08.2021 01:01:15.330,0.72726,0.72718,1.5,1
26.08.2021 01:01:18.199,0.72729,0.72719,1.5,1
26.08.2021 01:01:18.452,0.72728,0.72719,1,1
26.08.2021 01:01:18.654,0.72727,0.72719,1.5,1
26.08.2021 01:01:18.756,0.72727,0.72718,1.5,1
26.08.2021 01:01:18.857,0.72726,0.72718,1.5,1
26.08.2021 01:01:19.018,0.72726,0.72717,1,1
26.08.2021 01:01:19.661,0.72726,0.72718,2.25,1
26.08.2021 01:01:20.821,0.72724,0.7271500000000001,1,1
26.08.2021 01:01:20.872,0.72723,0.72713,1.5,1
26.08.2021 01:01:20.974,0.72723,0.72712,1.5,1.12
26.08.2021 01:01:22.135,0.7272000000000001,0.72712,1,1
26.08.2021 01:01:23.539,0.72722,0.72712,1.5,1
26.08.2021 01:01:31.269,0.7272000000000001,0.72713,1,1
26.08.2021 01:01:31.521,0.72719,0.72712,1.5,1
26.08.2021 01:01:31.572,0.72717,0.72709,1,1.87
26.08.2021 01:01:32.188,0.72719,0.72709,1.5,4.39
26.08.2021 01:01:32.289,0.72722,0.72711,2.85,1
26.08.2021 01:01:32.391,0.72721,0.72712,2.25,1
26.08.2021 01:01:36.987,0.72721,0.72713,1.5,1
26.08.2021 01:01:38.599,0.7272000000000001,0.72713,1,1
26.08.2021 01:01:38.650,0.72718,0.7271000000000001,1,1
26.08.2021 01:01:38.751,0.72718,0.7270800000000001,1,1.5
26.08.2021 01:01:41.760,0.72716,0.72709,1.25,1.5
26.08.2021 01:01:41.811,0.7271500000000001,0.7270500000000001,1,1
26.08.2021 01:01:41.914,0.72714,0.72704,1,1.5
26.08.2021 01:01:43.229,0.72714,0.72706,1.5,1
26.08.2021 01:01:43.330,0.72717,0.72707,2.62,1
26.08.2021 01:01:45.447,0.72716,0.7270500000000001,1.5,1
26.08.2021 01:01:45.600,0.72714,0.7270500000000001,1.5,1
26.08.2021 01:01:45.701,0.72713,0.7270500000000001,1,1
26.08.2021 01:01:52.865,0.7271000000000001,0.72702,1,6.9
26.08.2021 01:01:52.966,0.7270800000000001,0.727,1,1
26.08.2021 01:01:53.993,0.7271000000000001,0.72701,1.5,1
26.08.2021 01:01:56.476,0.72709,0.72701,1,1
26.08.2021 01:01:57.537,0.72709,0.727,1,1
26.08.2021 01:01:57.689,0.72709,0.72701,1,1
26.08.2021 01:01:57.790,0.72709,0.727,1,1
26.08.2021 01:02:00.387,0.72709,0.72699,1.5,1
26.08.2021 01:02:00.690,0.7270800000000001,0.72699,1,1
26.08.2021 01:02:02.889,0.72709,0.72699,1.5,1
26.08.2021 01:02:03.142,0.72711,0.72699,1.5,2.14
26.08.2021 01:02:03.244,0.72713,0.7270300000000001,1,1.25
26.08.2021 01:02:03.345,0.72714,0.72706,1,1
26.08.2021 01:02:06.300,0.72712,0.7270300000000001,1,1.5
26.08.2021 01:02:06.351,0.72712,0.72702,1,2.32
26.08.2021 01:02:06.750,0.72713,0.7270300000000001,1.5,1.1
26.08.2021 01:02:07.463,0.72713,0.72702,1,1
26.08.2021 01:02:07.564,0.72712,0.72702,2.25,1
26.08.2021 01:02:07.867,0.72713,0.72702,2.25,6.29
26.08.2021 01:02:08.695,0.72713,0.7270300000000001,1,6.51
26.08.2021 01:02:08.746,0.7271500000000001,0.7270500000000001,1.5,1.01
26.08.2021 01:02:10.522,0.7271500000000001,0.72706,1,1
26.08.2021 01:02:12.566,0.72717,0.72707,2.25,1.69
26.08.2021 01:02:12.667,0.72718,0.72707,1,1
26.08.2021 01:02:12.769,0.72718,0.7270800000000001,1,2.51
26.08.2021 01:02:13.205,0.72718,0.7270800000000001,1,3.66
26.08.2021 01:02:18.525,0.72719,0.72707,1,2.32
26.08.2021 01:02:19.194,0.72717,0.72707,1,2.89
26.08.2021 01:02:21.797,0.72716,0.72707,1,1
26.08.2021 01:02:21.848,0.7271500000000001,0.7270500000000001,2.25,1.95
26.08.2021 01:02:21.949,0.72712,0.72702,1,2.07
26.08.2021 01:02:22.102,0.72712,0.72702,1.5,1.1
26.08.2021 01:02:25.091,0.7271500000000001,0.7270300000000001,1,1.1
26.08.2021 01:02:25.193,0.7271500000000001,0.7270500000000001,1.5,1.1
26.08.2021 01:02:25.345,0.7271500000000001,0.7270500000000001,1,2.16
26.08.2021 01:02:25.845,0.72716,0.7270500000000001,3,2.91
26.08.2021 01:02:25.997,0.72716,0.72707,1.5,1
26.08.2021 01:02:26.099,0.72717,0.72707,2.25,2.51
26.08.2021 01:02:29.028,0.72718,0.72707,1.5,1.2
26.08.2021 01:02:29.129,0.72718,0.7270800000000001,1.5,1.1
26.08.2021 01:02:29.812,0.72718,0.7270800000000001,1,1.22
26.08.2021 01:02:30.065,0.7272000000000001,0.72709,2.25,1.01
26.08.2021 01:02:30.166,0.72722,0.72709,1.87,2.51
26.08.2021 01:02:30.879,0.72714,0.72706,1.5,1.31
26.08.2021 01:02:31.031,0.72713,0.7270500000000001,1,1
26.08.2021 01:02:31.345,0.72713,0.72701,1,1.1
26.08.2021 01:02:33.293,0.72713,0.7270300000000001,1.5,1.69
26.08.2021 01:02:37.698,0.72713,0.72702,1.5,2.89
26.08.2021 01:02:46.084,0.72713,0.7270300000000001,1.5,1
26.08.2021 01:02:46.135,0.7271500000000001,0.7270500000000001,1.5,4.69
26.08.2021 01:02:46.236,0.72717,0.7270500000000001,2.32,1.76
26.08.2021 01:02:46.339,0.72716,0.72707,1,1
26.08.2021 01:02:46.441,0.72716,0.72706,1.5,2.25
26.08.2021 01:02:46.542,0.7271500000000001,0.72706,1,1
26.08.2021 01:02:46.643,0.72716,0.72706,2.7,1
26.08.2021 01:02:47.050,0.72714,0.72706,1,1
26.08.2021 01:02:47.202,0.72714,0.7270500000000001,1,1
26.08.2021 01:02:47.404,0.72713,0.7270500000000001,1,1
26.08.2021 01:02:50.069,0.7271500000000001,0.72704,1,1.25
26.08.2021 01:02:50.170,0.72716,0.72707,1.2,1
26.08.2021 01:02:50.322,0.72717,0.72707,1.5,1
26.08.2021 01:02:51.655,0.72718,0.72709,1,1
26.08.2021 01:02:51.807,0.72719,0.72709,1.87,1.1
26.08.2021 01:02:52.136,0.7272000000000001,0.72711,1.25,1
26.08.2021 01:02:54.488,0.72719,0.7271000000000001,1,1
26.08.2021 01:03:02.828,0.72718,0.7270800000000001,1,1.41
26.08.2021 01:03:02.929,0.72718,0.7270800000000001,1,1.2
26.08.2021 01:03:05.504,0.72717,0.7270800000000001,1,1
26.08.2021 01:03:05.606,0.72717,0.7270500000000001,1,1.6
26.08.2021 01:03:05.707,0.72716,0.72706,1,1.1
26.08.2021 01:03:10.476,0.7271500000000001,0.72706,1,1
26.08.2021 01:03:10.577,0.72713,0.72704,1,1.12
26.08.2021 01:03:14.301,0.72713,0.7270300000000001,2.44,1
26.08.2021 01:03:14.403,0.72709,0.72699,1.5,2
26.08.2021 01:03:14.505,0.7270800000000001,0.7269800000000001,1,2.07
26.08.2021 01:03:14.606,0.72707,0.7269800000000001,1,1.57
26.08.2021 01:03:15.037,0.72707,0.72697,1,3.64
26.08.2021 01:03:15.447,0.7270800000000001,0.72697,1.5,3.64
26.08.2021 01:03:17.602,0.72707,0.72696,2.25,2.85
26.08.2021 01:03:17.704,0.7270500000000001,0.72694,1,1.01
26.08.2021 01:03:17.906,0.72704,0.72694,1.5,2.51
26.08.2021 01:03:19.256,0.72702,0.7269300000000001,1,1.01
26.08.2021 01:03:19.359,0.72702,0.7269100000000001,1.5,4.79
26.08.2021 01:03:21.262,0.72702,0.7269,1,4.1
26.08.2021 01:03:26.245,0.72701,0.7269100000000001,1.5,1.01
26.08.2021 01:03:26.353,0.72699,0.72689,1,4.04
26.08.2021 01:03:26.727,0.7269800000000001,0.7268800000000001,1,2.91
26.08.2021 01:03:27.183,0.7269800000000001,0.72687,1.5,4.66
26.08.2021 01:03:27.386,0.72699,0.7268800000000001,1,1.25
26.08.2021 01:03:27.488,0.72701,0.7269,1.57,3.44
26.08.2021 01:03:28.350,0.727,0.7269100000000001,1,1.39
26.08.2021 01:03:29.382,0.727,0.7269100000000001,1,3.89
26.08.2021 01:03:29.483,0.727,0.7269100000000001,1,1.39
26.08.2021 01:03:30.343,0.72699,0.7268800000000001,1,1.2
26.08.2021 01:03:30.545,0.7269800000000001,0.72687,1.5,4.79
26.08.2021 01:03:34.091,0.72697,0.72687,1,2.14
26.08.2021 01:03:39.919,0.72697,0.7268800000000001,1,1.01
26.08.2021 01:03:40.544,0.72697,0.72687,1,1.39
26.08.2021 01:03:40.696,0.72696,0.72684,1.5,1.5
26.08.2021 01:03:40.797,0.72694,0.72685,1,1.5
26.08.2021 01:03:40.899,0.72694,0.72685,1,1
26.08.2021 01:03:41.202,0.72695,0.72685,1.5,4.07
26.08.2021 01:03:46.295,0.72697,0.72687,1.5,2.95
26.08.2021 01:03:50.034,0.72697,0.72687,1.5,1
26.08.2021 01:03:50.135,0.7269300000000001,0.7268300000000001,1,3.41
26.08.2021 01:03:50.236,0.72694,0.72682,1.5,2.16
26.08.2021 01:03:50.338,0.7269300000000001,0.7268300000000001,1.5,1.39
26.08.2021 01:03:51.320,0.72692,0.7268300000000001,1,1.39
26.08.2021 01:03:54.418,0.72692,0.72684,1,1
26.08.2021 01:03:54.519,0.72692,0.7268300000000001,1,1.01
26.08.2021 01:03:55.683,0.7269300000000001,0.7268300000000001,1,1.01
26.08.2021 01:03:56.590,0.7269300000000001,0.72684,1,1
26.08.2021 01:03:56.691,0.72695,0.72685,1,1.76
26.08.2021 01:03:56.976,0.72696,0.72685,1,1
26.08.2021 01:03:57.077,0.72696,0.7268600000000001,1.5,1.1
26.08.2021 01:03:57.708,0.72696,0.72687,1.5,1
26.08.2021 01:03:58.999,0.72695,0.72687,1,1
26.08.2021 01:04:00.586,0.72697,0.72687,1,1.01
26.08.2021 01:04:00.687,0.7269800000000001,0.7268600000000001,1,1.35
26.08.2021 01:04:01.247,0.7269800000000001,0.7268800000000001,1,1.76
26.08.2021 01:04:04.017,0.72701,0.72692,1.5,1.57
26.08.2021 01:04:04.220,0.72702,0.72692,1.5,1.01
26.08.2021 01:04:05.677,0.7270300000000001,0.72692,1.5,1.25
26.08.2021 01:04:05.778,0.72704,0.72692,1,3.35
26.08.2021 01:04:06.102,0.7270500000000001,0.7269300000000001,1.5,1.76
26.08.2021 01:04:06.589,0.7270500000000001,0.7269300000000001,1,5.79
26.08.2021 01:04:09.128,0.72704,0.72694,1,2.14
26.08.2021 01:04:09.529,0.7270500000000001,0.7269300000000001,1,3.32
26.08.2021 01:04:09.678,0.72704,0.72694,1,2.14
26.08.2021 01:04:11.556,0.72704,0.72694,1,5.01
26.08.2021 01:04:18.774,0.7270300000000001,0.72694,1,1.57
26.08.2021 01:04:18.875,0.7270300000000001,0.7269100000000001,1,3.64
26.08.2021 01:04:24.975,0.72701,0.7269100000000001,1.5,2.89
26.08.2021 01:04:26.170,0.72701,0.7269,1.5,2.89
26.08.2021 01:04:28.978,0.7269800000000001,0.72689,1,1.5
26.08.2021 01:04:29.080,0.72695,0.72685,1,4.79
26.08.2021 01:04:29.181,0.72696,0.72685,1.5,1.76
26.08.2021 01:04:29.283,0.72696,0.72685,1.5,2.95
26.08.2021 01:04:35.807,0.72695,0.72685,1,2.95
26.08.2021 01:04:40.696,0.72695,0.72684,1.5,1
26.08.2021 01:04:40.798,0.7269300000000001,0.7268300000000001,1,3.04
26.08.2021 01:04:40.899,0.7269300000000001,0.7268300000000001,1,3.64
26.08.2021 01:04:41.153,0.72694,0.72682,1,4.64
26.08.2021 01:04:41.254,0.7269300000000001,0.7268300000000001,1,4.39
26.08.2021 01:04:41.355,0.72694,0.72684,1,2.89
26.08.2021 01:04:43.578,0.72694,0.72685,1,1.1
26.08.2021 01:05:00.769,0.72696,0.72687,1.5,1.69
26.08.2021 01:05:00.871,0.727,0.7268800000000001,1,3.66
26.08.2021 01:05:00.972,0.727,0.7269,1.5,1.57
26.08.2021 01:05:01.074,0.72699,0.72689,1.5,3.04
26.08.2021 01:05:01.276,0.72699,0.72689,1.5,2.89
26.08.2021 01:05:01.377,0.72699,0.72689,1,4.41
26.08.2021 01:05:01.529,0.727,0.7268800000000001,1.5,2.14
26.08.2021 01:05:02.196,0.72699,0.72689,1,4.04
26.08.2021 01:05:03.406,0.727,0.7269,1,2.14
26.08.2021 01:05:07.639,0.727,0.7269,1,2.16
26.08.2021 01:05:19.415,0.727,0.7269,1,2.14
26.08.2021 01:05:20.848,0.72699,0.72687,1,2.82
26.08.2021 01:05:20.949,0.7269800000000001,0.7268800000000001,1,1.57
26.08.2021 01:05:23.158,0.72699,0.7268800000000001,1.5,1.57
26.08.2021 01:05:23.260,0.72699,0.72689,1,1
26.08.2021 01:05:23.361,0.727,0.72689,1,1
26.08.2021 01:05:23.463,0.72701,0.72689,1,1.01
26.08.2021 01:05:24.830,0.727,0.7269100000000001,1,1
26.08.2021 01:05:25.074,0.72702,0.7269,1.5,1.1
26.08.2021 01:05:25.177,0.72704,0.72695,1.5,1
26.08.2021 01:05:25.279,0.72704,0.72695,1,1.1
26.08.2021 01:05:25.381,0.7270500000000001,0.72695,1,1.57
26.08.2021 01:05:27.337,0.72704,0.72695,1.69,1
26.08.2021 01:05:27.438,0.72702,0.72692,1.5,1
26.08.2021 01:05:27.861,0.7270300000000001,0.7269,1.5,1.69
26.08.2021 01:05:28.518,0.7270300000000001,0.7269100000000001,1.5,1
26.08.2021 01:05:32.508,0.7270300000000001,0.7269300000000001,1.5,1.5
26.08.2021 01:05:33.571,0.7270300000000001,0.72694,1,1
26.08.2021 01:05:34.302,0.7270300000000001,0.7269300000000001,1,1.57
26.08.2021 01:05:34.793,0.72704,0.7269300000000001,1,1
26.08.2021 01:05:35.187,0.7270300000000001,0.7269300000000001,1,1.5
26.08.2021 01:05:41.040,0.72704,0.7269100000000001,1.5,2.06
26.08.2021 01:05:41.211,0.72702,0.72692,1,2.06
26.08.2021 01:05:41.783,0.7270300000000001,0.7269300000000001,1.5,1
26.08.2021 01:05:41.935,0.7270300000000001,0.72692,1.5,2.14
26.08.2021 01:05:42.036,0.72702,0.72692,1,2.14
26.08.2021 01:05:42.540,0.7270300000000001,0.72692,1.5,2.14
26.08.2021 01:05:47.471,0.7270300000000001,0.72692,1.5,2.95
26.08.2021 01:05:51.074,0.72706,0.72695,1.87,1
26.08.2021 01:05:51.175,0.7270800000000001,0.7269800000000001,2.25,3.69
26.08.2021 01:05:52.749,0.72706,0.72695,1.5,3.84
26.08.2021 01:05:52.902,0.72706,0.72694,1,2.14
26.08.2021 01:05:53.055,0.7270500000000001,0.7269300000000001,1,1.75
26.08.2021 01:05:53.157,0.72704,0.72694,1,1.25
26.08.2021 01:06:06.539,0.72704,0.72695,1,1
26.08.2021 01:06:10.163,0.72704,0.72694,1,3.26
26.08.2021 01:06:13.636,0.7270300000000001,0.7269300000000001,1,2.89
26.08.2021 01:06:13.839,0.7270300000000001,0.72692,1.5,2.06
26.08.2021 01:06:18.369,0.7270300000000001,0.7269100000000001,1,2.81
26.08.2021 01:06:19.454,0.72701,0.7269100000000001,1,2.14
26.08.2021 01:06:23.018,0.72701,0.72689,1,4.64
26.08.2021 01:06:23.120,0.727,0.7269,1.5,2.14
26.08.2021 01:06:24.656,0.727,0.7268800000000001,1,1.39
26.08.2021 01:06:27.452,0.72699,0.7268800000000001,1,1
26.08.2021 01:06:27.604,0.72699,0.72687,1.5,2.44
26.08.2021 01:06:27.655,0.72696,0.7268600000000001,1,2.45
26.08.2021 01:06:27.757,0.72695,0.7268600000000001,1,1
26.08.2021 01:06:27.859,0.72696,0.72685,1.5,1
26.08.2021 01:06:31.144,0.7269300000000001,0.7268600000000001,1,1
26.08.2021 01:06:33.950,0.72692,0.72684,1,1
26.08.2021 01:06:38.175,0.7269300000000001,0.72685,1.69,1
26.08.2021 01:06:38.690,0.72692,0.72685,1.25,1
26.08.2021 01:06:38.741,0.7269100000000001,0.7268100000000001,1,1.97
26.08.2021 01:06:39.902,0.7269100000000001,0.7268100000000001,1,1.95
26.08.2021 01:06:48.307,0.7269100000000001,0.72682,1,1
26.08.2021 01:06:50.940,0.7269100000000001,0.72679,1.5,1.12
26.08.2021 01:06:51.041,0.72689,0.7268,1,1
26.08.2021 01:06:51.142,0.72689,0.72679,1.5,1.87
26.08.2021 01:06:51.244,0.7269,0.7268,1.5,1
26.08.2021 01:06:53.888,0.72689,0.7268,1,1.12
26.08.2021 01:06:54.193,0.7268800000000001,0.7267800000000001,1.5,3.5
26.08.2021 01:06:54.244,0.7268800000000001,0.7267800000000001,1.5,1.12
26.08.2021 01:06:57.860,0.7269,0.7268,2.25,1
26.08.2021 01:07:00.735,0.7269,0.7268100000000001,1,1
26.08.2021 01:07:12.077,0.72689,0.7268,1,1
26.08.2021 01:07:14.720,0.7268800000000001,0.7268,1,1
26.08.2021 01:07:14.821,0.72687,0.72679,1,1
26.08.2021 01:07:19.169,0.72687,0.72677,1,1.5
26.08.2021 01:07:20.513,0.72689,0.7267800000000001,1.5,4.81
26.08.2021 01:07:21.269,0.7268800000000001,0.7267800000000001,1,1.5
26.08.2021 01:07:22.499,0.7268600000000001,0.72677,1,1
26.08.2021 01:07:22.600,0.72687,0.72675,1,2.62
26.08.2021 01:07:32.825,0.72685,0.72674,1,1.5
26.08.2021 01:07:32.926,0.72685,0.72675,1.69,1.12
26.08.2021 01:07:34.781,0.72684,0.72674,1,2.44
26.08.2021 01:07:35.932,0.72684,0.7267300000000001,1.5,2.62
26.08.2021 01:07:36.034,0.7268300000000001,0.72672,1,2.19
26.08.2021 01:07:36.135,0.7268300000000001,0.72672,1,2.06
26.08.2021 01:07:36.907,0.7268300000000001,0.7267100000000001,1.69,1.87
26.08.2021 01:07:37.008,0.72682,0.7267100000000001,1.5,1
26.08.2021 01:07:37.110,0.7268300000000001,0.72672,2.25,3.75
26.08.2021 01:07:37.211,0.72682,0.72672,1,4.12
26.08.2021 01:07:40.163,0.7268300000000001,0.7267300000000001,1.5,2.25
26.08.2021 01:07:40.264,0.72684,0.72674,1.5,4.12
26.08.2021 01:07:42.666,0.7268300000000001,0.72674,1,1
26.08.2021 01:07:43.101,0.72682,0.7267300000000001,1,1
26.08.2021 01:07:43.360,0.72682,0.72672,1.5,1.12
26.08.2021 01:07:43.562,0.72682,0.72672,1,3.69
26.08.2021 01:07:45.628,0.7268300000000001,0.7267300000000001,1.5,1.12
26.08.2021 01:07:45.730,0.7268100000000001,0.7267100000000001,1,2
26.08.2021 01:07:45.780,0.7268100000000001,0.7267100000000001,1,1
26.08.2021 01:07:58.901,0.7268300000000001,0.7267100000000001,1,4.69
26.08.2021 01:07:59.003,0.7268300000000001,0.72674,1.5,1
26.08.2021 01:07:59.054,0.72685,0.72675,2.62,1
26.08.2021 01:08:00.926,0.72689,0.72679,2.06,3.37
26.08.2021 01:08:01.624,0.72687,0.7267600000000001,1.25,2
26.08.2021 01:08:01.726,0.7268300000000001,0.72674,1,1.25
26.08.2021 01:08:01.827,0.72684,0.72674,1,1
26.08.2021 01:08:04.833,0.72684,0.7267300000000001,1.5,2.62
26.08.2021 01:08:05.862,0.72682,0.7267300000000001,1.25,1
