Gmt time,Ask,Bid,AskVolume,BidVolume
06.08.2021 00:00:00.127,0.74036,0.74024,1.5,1
06.08.2021 00:00:00.229,0.7403500000000001,0.74026,1.5,1
06.08.2021 00:00:00.957,0.7403500000000001,0.74023,1.69,1.87
06.08.2021 00:00:05.071,0.74036,0.7402500000000001,2.06,1
06.08.2021 00:00:17.512,0.74036,0.74024,2.06,1
06.08.2021 00:00:22.755,0.74037,0.74029,1,1
06.08.2021 00:00:22.857,0.74037,0.74028,1.5,1
06.08.2021 00:00:22.958,0.74037,0.74026,1.5,1
06.08.2021 00:00:26.197,0.74036,0.74026,1,1
06.08.2021 00:00:29.624,0.74037,0.74028,1.12,1
06.08.2021 00:00:29.726,0.74036,0.74027,1,1
06.08.2021 00:00:33.652,0.74037,0.74029,1,1
06.08.2021 00:00:34.430,0.74038,0.74027,1,1
06.08.2021 00:00:35.201,0.74037,0.74029,1,1
06.08.2021 00:00:36.755,0.74037,0.74028,1,1
06.08.2021 00:00:38.892,0.74039,0.74027,1.76,1
06.08.2021 00:00:41.053,0.74038,0.74029,1.69,1
06.08.2021 00:00:45.486,0.74038,0.74028,1.69,1
06.08.2021 00:00:46.315,0.74038,0.74027,1,1
06.08.2021 00:00:46.417,0.7403500000000001,0.74024,2.81,1
06.08.2021 00:00:52.232,0.74034,0.74024,1,1
06.08.2021 00:00:52.681,0.74033,0.74024,1,1
06.08.2021 00:00:52.783,0.74031,0.74021,2.01,1
06.08.2021 00:00:52.884,0.74029,0.7402000000000001,1.25,1
06.08.2021 00:00:53.036,0.74029,0.7401800000000001,1.5,1.25
06.08.2021 00:00:53.137,0.74029,0.74019,1.5,1
06.08.2021 00:00:59.321,0.74031,0.7401800000000001,2.7,1.5
06.08.2021 00:00:59.422,0.7403000000000001,0.7402000000000001,1.87,1
06.08.2021 00:01:02.065,0.74029,0.74019,1,1.5
06.08.2021 00:01:02.368,0.74026,0.7401800000000001,1,1
06.08.2021 00:01:02.470,0.74026,0.74017,1,1
06.08.2021 00:01:02.672,0.74026,0.74016,1,1
06.08.2021 00:01:02.774,0.74027,0.74016,1.69,1
06.08.2021 00:01:02.895,0.7402500000000001,0.7401500000000001,1,1
06.08.2021 00:01:03.097,0.74024,0.7401500000000001,1.75,1
06.08.2021 00:01:03.831,0.7402500000000001,0.74014,1.69,1
06.08.2021 00:01:04.134,0.7402500000000001,0.7401500000000001,2.06,1
06.08.2021 00:01:04.337,0.7402500000000001,0.7401500000000001,2.87,1
06.08.2021 00:01:04.438,0.74026,0.7401300000000001,3.62,1
06.08.2021 00:01:06.204,0.74023,0.74014,1,1
06.08.2021 00:01:07.327,0.74026,0.74014,1.69,1
06.08.2021 00:01:07.429,0.7402500000000001,0.74016,1.69,1
06.08.2021 00:01:08.984,0.74026,0.74016,1.25,1
06.08.2021 00:01:09.777,0.7402500000000001,0.7401500000000001,1,1
06.08.2021 00:01:10.415,0.7402500000000001,0.74014,1,1
06.08.2021 00:01:10.516,0.74023,0.74014,1.25,1
06.08.2021 00:01:11.845,0.74022,0.74014,1.25,1
06.08.2021 00:01:13.124,0.74023,0.74014,1.69,1
06.08.2021 00:01:13.448,0.74026,0.74016,1.25,1.5
06.08.2021 00:01:13.499,0.74027,0.7401800000000001,3.32,1
06.08.2021 00:01:13.601,0.74028,0.74017,1.69,1
06.08.2021 00:01:13.702,0.74028,0.7401800000000001,1.25,1
06.08.2021 00:01:13.803,0.74028,0.74019,1.25,1
06.08.2021 00:01:18.644,0.74029,0.7402000000000001,1.75,1
06.08.2021 00:01:18.756,0.7403000000000001,0.7402000000000001,2.5,1
06.08.2021 00:01:19.354,0.74031,0.74019,1.69,1
06.08.2021 00:01:19.754,0.7403000000000001,0.74019,2.44,1
06.08.2021 00:01:19.905,0.74031,0.7401800000000001,3.7,1
06.08.2021 00:01:26.021,0.7403000000000001,0.7402000000000001,2.5,1
06.08.2021 00:01:26.122,0.7403000000000001,0.7402000000000001,1.69,1
06.08.2021 00:01:27.731,0.74031,0.74024,1,1
06.08.2021 00:01:27.833,0.74034,0.74026,1,1
06.08.2021 00:01:28.214,0.74036,0.74026,1.5,1
06.08.2021 00:01:28.315,0.74037,0.74027,1.5,1
06.08.2021 00:01:37.542,0.74036,0.74026,1,1
06.08.2021 00:01:39.873,0.74036,0.74027,1,1
06.08.2021 00:01:46.279,0.7404000000000001,0.74029,1.5,1
06.08.2021 00:01:46.381,0.7404000000000001,0.74031,1,2.7
06.08.2021 00:01:46.483,0.74042,0.74034,1.5,1
06.08.2021 00:01:46.585,0.74042,0.74033,1.5,1
06.08.2021 00:01:48.034,0.74042,0.74034,1.5,1
06.08.2021 00:01:49.340,0.74042,0.74033,1.5,1
06.08.2021 00:01:51.045,0.74044,0.74034,1,1
06.08.2021 00:01:51.146,0.74044,0.7403500000000001,1,1
06.08.2021 00:01:51.467,0.74045,0.74033,1.5,1
06.08.2021 00:01:51.568,0.74044,0.74036,1,1
06.08.2021 00:01:51.669,0.74044,0.7403500000000001,1,1
06.08.2021 00:01:53.281,0.74044,0.74034,1,1
06.08.2021 00:02:00.256,0.7404700000000001,0.74038,1,1
06.08.2021 00:02:00.307,0.74048,0.74039,1,1
06.08.2021 00:02:00.408,0.74048,0.7404000000000001,1,1
06.08.2021 00:02:00.686,0.7405100000000001,0.7404100000000001,1.5,1
06.08.2021 00:02:04.172,0.7405,0.7404100000000001,1,1
06.08.2021 00:02:04.537,0.7405100000000001,0.74039,2.62,1
06.08.2021 00:02:09.261,0.7405,0.74039,2.62,1
06.08.2021 00:02:11.240,0.74049,0.74038,1.5,1
06.08.2021 00:02:11.342,0.74044,0.74034,1.25,1
06.08.2021 00:02:11.443,0.7404000000000001,0.74033,1,1.5
06.08.2021 00:02:11.706,0.74039,0.7403000000000001,1.5,1
06.08.2021 00:02:12.010,0.74037,0.74026,4.19,2.25
06.08.2021 00:02:12.111,0.74036,0.74024,1.5,1
06.08.2021 00:02:14.452,0.74034,0.7402500000000001,1,1
06.08.2021 00:02:14.553,0.7403500000000001,0.74023,1,1
06.08.2021 00:02:18.473,0.74036,0.74024,1,1
06.08.2021 00:02:18.575,0.74036,0.7402500000000001,1,1
06.08.2021 00:02:22.033,0.74037,0.74026,1.5,1
06.08.2021 00:02:25.592,0.74036,0.74026,1.5,1
06.08.2021 00:02:26.386,0.74038,0.74028,2.32,1
06.08.2021 00:02:32.925,0.74039,0.7403000000000001,1,1.5
06.08.2021 00:02:33.027,0.7404100000000001,0.7403000000000001,2.25,1.69
06.08.2021 00:02:47.266,0.7404000000000001,0.7403000000000001,1,1
06.08.2021 00:02:55.875,0.7404000000000001,0.74031,1,1
06.08.2021 00:03:01.395,0.7404000000000001,0.74029,2.7,2.25
06.08.2021 00:03:01.496,0.74039,0.74028,2.25,1.5
06.08.2021 00:03:01.806,0.74039,0.74029,1.5,1
06.08.2021 00:03:09.163,0.7404000000000001,0.7403000000000001,1.69,1
06.08.2021 00:03:09.426,0.7404000000000001,0.74031,1.25,1
06.08.2021 00:03:09.579,0.7404100000000001,0.74031,1,1
06.08.2021 00:03:09.680,0.74042,0.74031,1,1
06.08.2021 00:03:13.511,0.7404000000000001,0.7403000000000001,2.25,1
06.08.2021 00:03:13.562,0.74038,0.74029,1,1
06.08.2021 00:03:16.021,0.74039,0.74029,2.14,1
06.08.2021 00:03:16.931,0.74038,0.74029,1,1
06.08.2021 00:03:20.163,0.74039,0.74027,1.5,1
06.08.2021 00:03:24.108,0.74039,0.7403000000000001,1,1
06.08.2021 00:03:24.159,0.7404000000000001,0.74031,2.25,1
06.08.2021 00:03:24.361,0.7404000000000001,0.7403000000000001,1,1.5
06.08.2021 00:03:24.511,0.7404100000000001,0.7403000000000001,1,1
06.08.2021 00:03:26.254,0.7404100000000001,0.74031,2.32,1
06.08.2021 00:03:28.331,0.74042,0.74031,2.25,1
06.08.2021 00:03:32.434,0.7404100000000001,0.74031,2.25,1
06.08.2021 00:03:32.535,0.7404000000000001,0.7403000000000001,1.57,1
06.08.2021 00:03:32.688,0.74038,0.74029,1,1
06.08.2021 00:03:33.483,0.74038,0.74026,1.69,1
06.08.2021 00:03:33.534,0.74036,0.7402500000000001,1,1
06.08.2021 00:03:33.637,0.74036,0.74026,1.69,1
06.08.2021 00:03:33.740,0.74036,0.7402500000000001,2.44,1.5
06.08.2021 00:03:35.199,0.74036,0.74027,2.44,1
06.08.2021 00:03:42.446,0.74036,0.74026,2.44,1
06.08.2021 00:03:42.581,0.74036,0.74028,2.44,1
06.08.2021 00:03:43.461,0.74036,0.74027,2.44,1
06.08.2021 00:03:45.574,0.74037,0.74024,2.44,1.5
06.08.2021 00:03:45.877,0.74036,0.7402500000000001,1,1
06.08.2021 00:03:45.928,0.74033,0.74024,1,1
06.08.2021 00:03:46.030,0.74031,0.7402000000000001,1,2.25
06.08.2021 00:03:46.233,0.7403000000000001,0.74019,1.5,2.32
06.08.2021 00:03:47.522,0.7403000000000001,0.74021,1.5,1
06.08.2021 00:03:47.776,0.7403000000000001,0.74022,1,1
06.08.2021 00:03:47.878,0.74031,0.74022,1.5,1
06.08.2021 00:03:48.551,0.74031,0.74021,1,1
06.08.2021 00:03:49.862,0.74032,0.74022,1,1
06.08.2021 00:03:50.925,0.74034,0.7402500000000001,1,1
06.08.2021 00:03:51.026,0.7403500000000001,0.74024,1,2.25
06.08.2021 00:03:52.684,0.7403500000000001,0.74026,1,1
06.08.2021 00:04:02.029,0.74036,0.74027,2.25,1
06.08.2021 00:04:02.131,0.74037,0.74029,1.5,1
06.08.2021 00:04:02.590,0.74037,0.74028,2.32,1
06.08.2021 00:04:05.260,0.74039,0.7403000000000001,2.32,1
06.08.2021 00:04:05.412,0.7404100000000001,0.74029,1.57,1
06.08.2021 00:04:05.514,0.7404000000000001,0.74032,1.5,1
06.08.2021 00:04:08.180,0.7404000000000001,0.74031,1,1
06.08.2021 00:04:11.988,0.7404100000000001,0.74029,1,1
06.08.2021 00:04:12.395,0.7404100000000001,0.74033,1,1
06.08.2021 00:04:14.168,0.74042,0.74034,1.57,1
06.08.2021 00:04:17.127,0.74042,0.74032,2.32,1
06.08.2021 00:04:19.594,0.74042,0.74033,1.57,1
06.08.2021 00:04:19.696,0.74042,0.74033,2.91,1
06.08.2021 00:04:19.747,0.74042,0.74031,2.91,1
06.08.2021 00:04:20.165,0.7404000000000001,0.74031,1,1
06.08.2021 00:04:20.217,0.7404000000000001,0.74033,1,1
06.08.2021 00:04:25.783,0.74043,0.74032,2.14,1
06.08.2021 00:04:31.035,0.74042,0.74032,1,1
06.08.2021 00:04:33.204,0.7404100000000001,0.74032,1,1
06.08.2021 00:04:39.235,0.7404000000000001,0.74031,2.7,1
06.08.2021 00:04:39.337,0.74039,0.74028,2.89,1
06.08.2021 00:04:39.539,0.74038,0.74028,1,1
06.08.2021 00:04:39.757,0.74039,0.74028,1.1,1
06.08.2021 00:04:39.967,0.7404000000000001,0.74028,2.25,1
06.08.2021 00:04:40.722,0.7404000000000001,0.7403000000000001,1.57,1
06.08.2021 00:04:43.592,0.74039,0.7403000000000001,1.25,1
06.08.2021 00:04:51.354,0.74039,0.74031,1,1
06.08.2021 00:04:51.455,0.7404000000000001,0.74031,1.5,1
06.08.2021 00:04:57.678,0.7404000000000001,0.74032,1,1
06.08.2021 00:04:57.800,0.7404000000000001,0.74031,1,1
06.08.2021 00:04:57.952,0.7404100000000001,0.74029,2.41,1.5
06.08.2021 00:04:58.599,0.7404000000000001,0.74029,2.91,1
06.08.2021 00:05:01.537,0.74038,0.74029,1,1
06.08.2021 00:05:05.956,0.74037,0.74029,2.7,1
06.08.2021 00:05:06.007,0.7403500000000001,0.7402500000000001,1,1
06.08.2021 00:05:06.883,0.74034,0.7402500000000001,1.57,1
06.08.2021 00:05:06.985,0.74033,0.7402500000000001,1,1
06.08.2021 00:05:07.086,0.74033,0.74023,1,1
06.08.2021 00:05:07.187,0.74032,0.74022,1,1.5
06.08.2021 00:05:07.737,0.74032,0.74023,2.25,1
06.08.2021 00:05:09.413,0.7403000000000001,0.74021,1,1
06.08.2021 00:05:10.543,0.74031,0.74021,1.5,1
06.08.2021 00:05:10.697,0.74032,0.74021,1.5,1
06.08.2021 00:05:10.799,0.74033,0.74024,2.25,1
06.08.2021 00:05:12.660,0.74033,0.74022,1.5,1
06.08.2021 00:05:12.762,0.74032,0.74023,1.57,1
06.08.2021 00:05:12.813,0.74032,0.74021,2.14,1.5
06.08.2021 00:05:12.916,0.74031,0.74021,1,1.5
06.08.2021 00:05:16.835,0.74031,0.7402000000000001,1.5,1.57
06.08.2021 00:05:16.936,0.7403000000000001,0.7402000000000001,1,1.5
06.08.2021 00:05:17.087,0.7403000000000001,0.74021,1,1
06.08.2021 00:05:19.503,0.74031,0.74022,1.57,1
06.08.2021 00:05:19.856,0.74031,0.74021,1.57,1
06.08.2021 00:05:21.697,0.74032,0.74021,1.57,1
06.08.2021 00:05:26.730,0.74031,0.74021,1,1
06.08.2021 00:05:31.459,0.7403000000000001,0.74021,1,1
06.08.2021 00:05:36.113,0.74031,0.74021,1.5,1
06.08.2021 00:05:45.910,0.74034,0.74022,1.57,1
06.08.2021 00:05:46.012,0.74034,0.74024,1.5,1
06.08.2021 00:05:46.448,0.7403500000000001,0.74024,1.5,1
06.08.2021 00:05:46.499,0.74036,0.74026,1.5,1
06.08.2021 00:05:59.423,0.74034,0.7402500000000001,1,1.12
06.08.2021 00:06:01.154,0.74034,0.74024,1.5,1.12
06.08.2021 00:06:01.256,0.74031,0.74023,1,1
06.08.2021 00:06:01.357,0.74031,0.74021,1.5,1.87
06.08.2021 00:06:01.660,0.7403000000000001,0.74021,1,1.5
06.08.2021 00:06:05.598,0.74028,0.7402000000000001,1,1
06.08.2021 00:06:05.706,0.74028,0.74019,1,1
06.08.2021 00:06:05.921,0.74029,0.74019,1.5,1
06.08.2021 00:06:07.940,0.74031,0.74019,2.25,1
06.08.2021 00:06:09.157,0.74031,0.74021,1,1.12
06.08.2021 00:06:09.461,0.7403000000000001,0.7402000000000001,1,1
06.08.2021 00:06:13.196,0.74029,0.7402000000000001,1.57,1
06.08.2021 00:06:23.441,0.74032,0.74022,1,1.5
06.08.2021 00:06:23.543,0.74033,0.74024,1,1.12
06.08.2021 00:06:23.647,0.74034,0.74024,2.32,1.12
06.08.2021 00:06:24.007,0.7403500000000001,0.7402500000000001,1.5,1
06.08.2021 00:06:44.710,0.7403500000000001,0.74026,1.5,1
06.08.2021 00:06:45.023,0.74037,0.7402500000000001,1.5,1
06.08.2021 00:06:45.314,0.74039,0.74026,2.25,1.12
06.08.2021 00:06:45.415,0.74038,0.74027,2.25,2
06.08.2021 00:06:45.517,0.74039,0.74029,1,2
06.08.2021 00:06:45.618,0.7404100000000001,0.7403000000000001,1,1
06.08.2021 00:06:45.720,0.7404100000000001,0.74031,1.5,1
06.08.2021 00:07:05.503,0.74042,0.74031,2.25,1.87
06.08.2021 00:07:07.407,0.74042,0.74031,2.25,2
06.08.2021 00:07:09.109,0.74042,0.74031,1.5,1.87
06.08.2021 00:07:13.136,0.74042,0.7403000000000001,1,1.12
06.08.2021 00:07:13.545,0.7404100000000001,0.7403000000000001,1,3.37
06.08.2021 00:07:14.920,0.7404100000000001,0.74031,1,1
06.08.2021 00:07:17.029,0.7404100000000001,0.7403000000000001,1.1,2.62
06.08.2021 00:07:17.130,0.7404000000000001,0.7403000000000001,1,1.87
06.08.2021 00:07:17.282,0.74039,0.7403000000000001,1.57,1
06.08.2021 00:07:18.100,0.74037,0.74029,1.5,1
06.08.2021 00:07:18.151,0.74036,0.74027,1,1
06.08.2021 00:07:18.202,0.74037,0.74024,1.5,2.81
06.08.2021 00:07:18.476,0.74033,0.74023,3.82,1.5
06.08.2021 00:07:18.577,0.7403000000000001,0.7402000000000001,1,3.5
06.08.2021 00:07:18.679,0.74032,0.74019,1.76,1
06.08.2021 00:07:19.116,0.74032,0.74021,1.76,1
06.08.2021 00:07:19.340,0.74031,0.7402000000000001,1.76,1
06.08.2021 00:07:19.441,0.74031,0.74021,1.76,1
06.08.2021 00:07:20.480,0.7403000000000001,0.7402000000000001,1.1,1
06.08.2021 00:07:20.582,0.7403000000000001,0.74021,1.57,1
06.08.2021 00:07:20.912,0.7403000000000001,0.74022,1.5,1
06.08.2021 00:07:21.170,0.7403000000000001,0.74021,1,1
06.08.2021 00:07:22.304,0.7403000000000001,0.74022,1,1
06.08.2021 00:07:23.070,0.7403000000000001,0.74021,1,1
06.08.2021 00:07:24.624,0.74032,0.74024,1.5,1
06.08.2021 00:07:25.047,0.74032,0.74023,1.12,1
06.08.2021 00:07:27.323,0.74031,0.7402000000000001,1.57,1.5
06.08.2021 00:07:27.374,0.74032,0.74021,1,1
06.08.2021 00:07:31.483,0.74031,0.74021,1.1,1.5
06.08.2021 00:07:37.242,0.74031,0.74022,1.1,1
06.08.2021 00:07:50.248,0.74031,0.74023,1.1,1
06.08.2021 00:07:50.299,0.74033,0.74024,1.01,1
06.08.2021 00:07:50.401,0.74034,0.74024,2.59,1
06.08.2021 00:07:50.658,0.7403500000000001,0.7402500000000001,1.5,1
06.08.2021 00:07:50.760,0.7403500000000001,0.74027,1,1
06.08.2021 00:07:57.453,0.74037,0.74028,1.5,1
06.08.2021 00:07:57.554,0.74037,0.74029,1.5,1.5
06.08.2021 00:08:00.047,0.74037,0.74027,1,1
06.08.2021 00:08:00.098,0.74036,0.74026,1.01,1.5
06.08.2021 00:08:05.956,0.74037,0.74026,1.01,1
06.08.2021 00:08:06.415,0.74037,0.74029,1.5,1.5
06.08.2021 00:08:06.567,0.74039,0.74029,1.1,1.5
06.08.2021 00:08:06.923,0.74039,0.74031,1.1,1
06.08.2021 00:08:07.648,0.74039,0.7403000000000001,1.1,1
06.08.2021 00:08:07.755,0.74038,0.74029,1,1.5
06.08.2021 00:08:08.598,0.74033,0.74026,1,1.5
06.08.2021 00:08:08.649,0.74034,0.74024,1.94,2.44
06.08.2021 00:08:11.239,0.74032,0.74021,1.1,1.5
06.08.2021 00:08:11.340,0.74031,0.74021,1,1.5
06.08.2021 00:08:22.465,0.74031,0.74022,1.1,1
06.08.2021 00:08:35.247,0.74032,0.74023,1,1
06.08.2021 00:08:35.450,0.74032,0.74024,1,1
06.08.2021 00:08:35.551,0.74033,0.74024,1,1
06.08.2021 00:08:36.795,0.74034,0.74024,1,1.5
06.08.2021 00:08:36.897,0.7403500000000001,0.74024,1,1
06.08.2021 00:08:43.150,0.74034,0.74026,1,1
06.08.2021 00:08:43.251,0.7403500000000001,0.74026,1,1.5
06.08.2021 00:08:45.368,0.74037,0.7402500000000001,1.5,1.5
06.08.2021 00:08:45.469,0.7403500000000001,0.74026,1,1.5
06.08.2021 00:08:46.006,0.74037,0.7402500000000001,1.57,1.5
06.08.2021 00:08:46.768,0.7403500000000001,0.74026,1,1.5
06.08.2021 00:08:46.874,0.74037,0.7402500000000001,1.57,1.5
06.08.2021 00:08:47.082,0.7403500000000001,0.74026,1,1.5
06.08.2021 00:08:47.194,0.74036,0.74026,1.57,1.5
06.08.2021 00:08:47.924,0.7403500000000001,0.74026,1,1.5
06.08.2021 00:08:53.128,0.74037,0.7402500000000001,1,1.5
06.08.2021 00:08:53.717,0.74037,0.74026,2.25,2.25
06.08.2021 00:08:53.819,0.74037,0.74028,1.5,1
06.08.2021 00:08:53.921,0.74039,0.74028,1.5,1
06.08.2021 00:08:56.125,0.74039,0.74029,1,1
06.08.2021 00:09:01.091,0.7404000000000001,0.74029,2.25,1
06.08.2021 00:09:04.625,0.7404100000000001,0.74029,1.69,1
06.08.2021 00:09:05.717,0.7404000000000001,0.74031,1.5,1
06.08.2021 00:09:15.202,0.74039,0.74028,2.51,1.5
06.08.2021 00:09:15.724,0.74037,0.74027,1,2.62
06.08.2021 00:09:18.113,0.74037,0.7402500000000001,1.5,1
06.08.2021 00:09:18.215,0.74036,0.7402500000000001,2.32,2.25
06.08.2021 00:09:27.494,0.74034,0.74024,2.44,1
06.08.2021 00:09:38.295,0.74036,0.74024,1.5,1
06.08.2021 00:09:51.594,0.74034,0.74024,1.5,1
06.08.2021 00:09:51.696,0.74034,0.74023,1.76,1.5
06.08.2021 00:09:52.614,0.74032,0.74022,1.5,1.5
06.08.2021 00:09:52.716,0.74031,0.74021,1.5,1
06.08.2021 00:09:53.298,0.74031,0.7402000000000001,1.5,1.5
06.08.2021 00:10:07.618,0.7403000000000001,0.74021,1,1
06.08.2021 00:10:07.669,0.74032,0.74021,1.5,1.87
06.08.2021 00:10:09.767,0.74032,0.74022,1.5,1
06.08.2021 00:10:10.880,0.74032,0.74021,1.5,1.95
06.08.2021 00:10:13.620,0.74032,0.74022,1.5,1
06.08.2021 00:10:14.337,0.74031,0.74021,1,1
06.08.2021 00:10:14.438,0.74031,0.7402000000000001,1.5,2.25
06.08.2021 00:10:19.426,0.7403000000000001,0.7402000000000001,1.5,1
06.08.2021 00:10:22.364,0.74033,0.74023,2.25,1
06.08.2021 00:10:25.499,0.74032,0.74023,1,1.87
06.08.2021 00:10:25.844,0.74031,0.74021,1,1
06.08.2021 00:10:25.896,0.7403000000000001,0.7402000000000001,1,1.5
06.08.2021 00:10:35.945,0.74031,0.74023,1,1
06.08.2021 00:10:36.046,0.74032,0.74023,1,1.12
06.08.2021 00:10:39.700,0.74032,0.74024,1,1
06.08.2021 00:10:40.545,0.74033,0.74024,1,1
06.08.2021 00:10:41.124,0.74034,0.74024,1.5,1
06.08.2021 00:10:41.225,0.74034,0.7402500000000001,1,1
06.08.2021 00:10:42.828,0.74034,0.74026,1,1
06.08.2021 00:10:42.929,0.7403500000000001,0.74026,2.25,1
06.08.2021 00:10:55.569,0.74034,0.7402500000000001,1,1
06.08.2021 00:10:59.364,0.74033,0.7402500000000001,1,1
06.08.2021 00:11:09.451,0.7403500000000001,0.7402500000000001,2.25,1
06.08.2021 00:11:09.795,0.7403500000000001,0.74026,1,1
06.08.2021 00:11:17.374,0.7403500000000001,0.74028,1,1
06.08.2021 00:11:17.476,0.74038,0.74028,1.5,1.5
06.08.2021 00:11:17.577,0.74038,0.74029,1,1
06.08.2021 00:11:17.678,0.74039,0.74029,1.5,1
06.08.2021 00:11:17.779,0.7404000000000001,0.74029,1,1
06.08.2021 00:11:22.554,0.7404000000000001,0.7403000000000001,2.25,1
06.08.2021 00:11:26.842,0.74039,0.7403000000000001,1,1
06.08.2021 00:11:27.879,0.74038,0.74028,1.5,1
06.08.2021 00:11:30.212,0.7403500000000001,0.74026,1,1.5
06.08.2021 00:11:30.314,0.74034,0.7402500000000001,1,1
06.08.2021 00:11:33.724,0.74032,0.74024,1,1
06.08.2021 00:11:39.675,0.74032,0.74023,1,1
06.08.2021 00:11:40.206,0.74031,0.74022,1.5,1
06.08.2021 00:11:40.358,0.74031,0.74021,1.5,1
06.08.2021 00:11:40.459,0.74029,0.74021,1,1
06.08.2021 00:11:42.661,0.74028,0.74021,1,1
06.08.2021 00:11:44.278,0.7403000000000001,0.7402000000000001,1,1
06.08.2021 00:11:44.532,0.74027,0.74017,1,2.51
06.08.2021 00:11:44.837,0.74027,0.74017,1,2.45
06.08.2021 00:11:49.077,0.74027,0.74017,1,1.87
06.08.2021 00:11:50.728,0.74026,0.74017,1,1.87
06.08.2021 00:11:51.185,0.74026,0.74014,1,1.5
06.08.2021 00:11:51.237,0.7402500000000001,0.7401300000000001,1,2.32
06.08.2021 00:11:51.339,0.74023,0.74014,1.5,1
06.08.2021 00:11:51.983,0.74023,0.7401300000000001,1.5,1
06.08.2021 00:11:53.608,0.74023,0.74014,1.5,1
06.08.2021 00:11:54.228,0.7402500000000001,0.7401300000000001,1.5,1
06.08.2021 00:11:56.730,0.74024,0.7401500000000001,1.5,1
06.08.2021 00:11:56.933,0.74022,0.74014,1,1
06.08.2021 00:11:58.317,0.74022,0.7401300000000001,1,1
06.08.2021 00:12:05.731,0.74022,0.74014,1,1
06.08.2021 00:12:05.833,0.7402500000000001,0.7401500000000001,1.5,1.5
06.08.2021 00:12:06.287,0.74026,0.7401500000000001,2.25,2.25
06.08.2021 00:12:06.600,0.74024,0.7401500000000001,1,1.57
06.08.2021 00:12:15.109,0.74023,0.74014,1,1
06.08.2021 00:12:15.210,0.74023,0.7401300000000001,1.5,1.5
06.08.2021 00:12:17.491,0.74022,0.7401300000000001,1,1
06.08.2021 00:12:17.918,0.74022,0.74012,1,1
06.08.2021 00:12:19.518,0.74023,0.74012,1.5,1.5
06.08.2021 00:12:19.771,0.74023,0.74014,1.5,1
06.08.2021 00:12:34.825,0.74024,0.74014,2.25,1.5
06.08.2021 00:12:34.927,0.7402500000000001,0.7401500000000001,1.5,1.5
06.08.2021 00:12:35.028,0.74026,0.7401500000000001,1.5,1
06.08.2021 00:12:41.896,0.74027,0.7401500000000001,1.95,1.5
06.08.2021 00:12:51.696,0.74026,0.7401500000000001,3.64,2.25
06.08.2021 00:12:58.913,0.7402500000000001,0.7401500000000001,1,2.25
06.08.2021 00:13:03.402,0.7402500000000001,0.74016,1,1
06.08.2021 00:13:07.781,0.74027,0.7401500000000001,3.07,1
06.08.2021 00:13:58.806,0.74024,0.7401500000000001,1,1
06.08.2021 00:13:58.907,0.74024,0.74014,1.5,1
06.08.2021 00:14:27.098,0.74023,0.7401300000000001,2.44,1.5
06.08.2021 00:14:29.565,0.74024,0.74014,2.25,1
06.08.2021 00:14:45.281,0.74024,0.7401300000000001,2.44,2.25
06.08.2021 00:14:48.169,0.7402500000000001,0.74014,2.81,2.25
06.08.2021 00:14:54.305,0.7402500000000001,0.7401500000000001,1,1
06.08.2021 00:15:00.542,0.74024,0.74014,1,2.25
06.08.2021 00:15:01.287,0.74024,0.74012,1,1
06.08.2021 00:15:01.388,0.74024,0.7401300000000001,1,1
06.08.2021 00:15:01.641,0.74023,0.7401300000000001,1.5,1
06.08.2021 00:15:02.755,0.74026,0.74016,1.5,1
06.08.2021 00:15:02.973,0.7402500000000001,0.7401500000000001,1,1.5
06.08.2021 00:15:12.684,0.74027,0.74017,1.5,1
06.08.2021 00:15:12.989,0.74028,0.7401500000000001,2.06,1.5
06.08.2021 00:15:13.091,0.74026,0.74016,1.5,1
06.08.2021 00:15:15.619,0.74029,0.7402000000000001,1.69,1
06.08.2021 00:15:15.670,0.74031,0.74021,3,1.5
06.08.2021 00:15:28.034,0.74029,0.7401800000000001,1,1
06.08.2021 00:15:28.136,0.74029,0.74017,1,1.5
06.08.2021 00:15:33.919,0.74028,0.74019,1,1.5
06.08.2021 00:15:33.970,0.74031,0.74019,3.19,1
06.08.2021 00:16:08.329,0.74032,0.74022,1.69,1
06.08.2021 00:16:10.928,0.74033,0.74022,2.25,1.95
06.08.2021 00:16:12.828,0.74032,0.74021,1.5,2.25
06.08.2021 00:16:12.980,0.74033,0.74019,2.89,3
06.08.2021 00:16:13.516,0.74032,0.74019,1.39,2.25
06.08.2021 00:16:26.896,0.7403000000000001,0.7401800000000001,1,2.25
06.08.2021 00:16:28.941,0.7403000000000001,0.7402000000000001,1,1
06.08.2021 00:16:30.483,0.7403000000000001,0.74021,1,1
06.08.2021 00:16:44.271,0.74031,0.74021,1.5,1
06.08.2021 00:16:51.994,0.74031,0.7402000000000001,2.25,1.87
06.08.2021 00:16:55.074,0.74029,0.7402000000000001,1,1
06.08.2021 00:16:55.176,0.74029,0.74019,1,1.87
06.08.2021 00:16:56.493,0.7403000000000001,0.74017,1.5,2.62
06.08.2021 00:17:01.915,0.74029,0.7401800000000001,1.5,2.75
06.08.2021 00:17:03.725,0.74029,0.7401800000000001,1.5,2.62
06.08.2021 00:17:12.395,0.74026,0.74016,1.5,1.5
06.08.2021 00:17:50.132,0.74026,0.7401300000000001,2.44,1.5
06.08.2021 00:17:56.941,0.7402500000000001,0.74014,5.39,1.5
06.08.2021 00:18:00.488,0.74023,0.74014,1.69,1
06.08.2021 00:18:00.929,0.74023,0.7401300000000001,1.69,1.5
06.08.2021 00:18:09.849,0.74026,0.74014,1.76,1
06.08.2021 00:18:12.551,0.7402500000000001,0.74014,2.89,1.5
06.08.2021 00:18:12.653,0.74024,0.74014,1,1
06.08.2021 00:18:14.096,0.74024,0.7401500000000001,1,1
06.08.2021 00:18:14.147,0.74026,0.74016,2.62,1
06.08.2021 00:18:19.366,0.74024,0.74014,1,2.25
06.08.2021 00:18:22.381,0.74024,0.7401500000000001,1,1
06.08.2021 00:18:22.533,0.74026,0.7401500000000001,1,1
06.08.2021 00:18:32.948,0.7402500000000001,0.7401500000000001,1,1
06.08.2021 00:18:36.867,0.74024,0.74014,1.5,1.5
06.08.2021 00:19:41.059,0.74022,0.7401300000000001,1.25,1
06.08.2021 00:19:44.815,0.7402000000000001,0.74011,1,1.5
06.08.2021 00:19:44.866,0.74023,0.7401,2.44,2.25
06.08.2021 00:20:04.562,0.74019,0.7401,4.69,1
06.08.2021 00:20:04.613,0.7401800000000001,0.74007,1,1.5
06.08.2021 00:20:04.963,0.74017,0.74006,1.5,1
06.08.2021 00:20:06.772,0.74017,0.74005,1,1.5
06.08.2021 00:20:13.091,0.74017,0.74006,1.5,1
06.08.2021 00:20:23.394,0.74017,0.74005,1.5,1
06.08.2021 00:20:23.495,0.74014,0.74006,1,1
06.08.2021 00:20:26.363,0.74014,0.74005,1,1.5
06.08.2021 00:20:26.489,0.7401300000000001,0.74005,1,1
06.08.2021 00:20:31.544,0.74014,0.7400300000000001,1,1.5
06.08.2021 00:20:42.378,0.74016,0.74006,1,1.5
06.08.2021 00:20:42.489,0.7401500000000001,0.74006,1,1
06.08.2021 00:20:46.545,0.7401500000000001,0.74005,1,1.5
06.08.2021 00:21:11.408,0.7401500000000001,0.74004,2.62,2.25
06.08.2021 00:21:12.742,0.74014,0.74004,1,2.25
06.08.2021 00:21:27.876,0.74017,0.7400800000000001,1.5,1.5
06.08.2021 00:21:27.927,0.7402000000000001,0.7400800000000001,5.51,1
06.08.2021 00:21:28.366,0.7402000000000001,0.7401,1,1.5
06.08.2021 00:21:28.467,0.7402000000000001,0.74011,1,1
06.08.2021 00:21:28.967,0.74022,0.7401,1,1
06.08.2021 00:21:30.625,0.74022,0.74009,1.5,2.25
06.08.2021 00:22:01.623,0.7402000000000001,0.7400800000000001,3,1
06.08.2021 00:22:31.943,0.7401800000000001,0.7400800000000001,1,2.25
06.08.2021 00:22:32.044,0.74021,0.74011,1.5,1.5
06.08.2021 00:22:35.118,0.7402000000000001,0.74011,1,1
06.08.2021 00:22:59.807,0.7402000000000001,0.7401,1,1.57
06.08.2021 00:23:05.455,0.74019,0.74009,1.5,1
06.08.2021 00:23:10.594,0.74019,0.7400800000000001,1,1
06.08.2021 00:23:10.956,0.74019,0.74009,1.5,1
06.08.2021 00:23:11.189,0.74019,0.7400800000000001,1,1
06.08.2021 00:23:14.622,0.74019,0.74009,1,1.57
06.08.2021 00:23:30.243,0.74019,0.7401,1,1
06.08.2021 00:23:39.348,0.7402000000000001,0.7401,1.5,1.5
06.08.2021 00:23:45.794,0.74021,0.74011,1.5,2.7
06.08.2021 00:23:45.895,0.74021,0.74012,1,1
06.08.2021 00:23:45.997,0.7402000000000001,0.74011,1,1
06.08.2021 00:23:46.249,0.7402000000000001,0.7401,1.5,1.5
06.08.2021 00:23:51.228,0.74019,0.7401,1,1.5
06.08.2021 00:23:52.663,0.74019,0.74009,1.5,1.5
06.08.2021 00:24:02.604,0.74021,0.74009,1.5,2.25
06.08.2021 00:24:04.706,0.74019,0.7401,1,1
06.08.2021 00:24:09.311,0.74019,0.74009,1.5,1
06.08.2021 00:24:48.636,0.74019,0.7400800000000001,1,1
06.08.2021 00:25:12.906,0.74017,0.74009,1,1
06.08.2021 00:25:15.088,0.7401800000000001,0.74007,1,1.2
06.08.2021 00:25:25.855,0.74019,0.74009,1.5,2.7
06.08.2021 00:25:25.969,0.7401800000000001,0.74009,1,1.5
06.08.2021 00:25:26.594,0.74017,0.74009,1,1
06.08.2021 00:25:44.349,0.7401800000000001,0.74009,1,1
06.08.2021 00:26:01.944,0.74017,0.74005,1,1.5
06.08.2021 00:26:02.046,0.74016,0.74004,2.25,2.25
06.08.2021 00:26:03.309,0.74014,0.74005,1,1.5
06.08.2021 00:26:07.312,0.74014,0.7400300000000001,1,1
06.08.2021 00:26:07.464,0.7401300000000001,0.74002,1.25,1
06.08.2021 00:26:07.515,0.74011,0.7400100000000001,1.69,1.5
06.08.2021 00:26:07.617,0.74011,0.74,1.25,1
06.08.2021 00:26:08.545,0.7401,0.74,1.25,1.5
06.08.2021 00:26:09.741,0.7401,0.7400100000000001,1,1
06.08.2021 00:26:17.089,0.7401,0.74,1.25,1.5
06.08.2021 00:26:38.161,0.74009,0.74,1,1
06.08.2021 00:26:42.180,0.7400800000000001,0.74,1,1
06.08.2021 00:26:44.065,0.7400800000000001,0.7399800000000001,1,1.12
06.08.2021 00:26:44.217,0.7400800000000001,0.73997,1,2.62
06.08.2021 00:26:44.420,0.74009,0.73997,1.5,1
06.08.2021 00:26:49.439,0.7400800000000001,0.73999,1.5,1
06.08.2021 00:26:52.545,0.7401,0.7399800000000001,1.5,1
06.08.2021 00:26:53.360,0.74009,0.7399800000000001,2.44,2.62
06.08.2021 00:27:05.558,0.74009,0.74,1.25,1
06.08.2021 00:27:11.696,0.74009,0.7399800000000001,1.69,3.37
06.08.2021 00:27:35.131,0.74009,0.73999,1,1
06.08.2021 00:27:52.522,0.74009,0.7399800000000001,1.69,2.25
06.08.2021 00:27:53.530,0.74009,0.7399800000000001,2.56,2.25
06.08.2021 00:27:54.430,0.74009,0.7399800000000001,1.69,2.25
06.08.2021 00:27:59.592,0.7401,0.7399800000000001,1.69,1
06.08.2021 00:28:07.440,0.74012,0.74002,3.26,2.25
06.08.2021 00:28:09.378,0.74016,0.74005,1.62,1
06.08.2021 00:28:09.480,0.7401500000000001,0.74006,1,1
06.08.2021 00:28:10.070,0.7401500000000001,0.74005,1.25,2.25
06.08.2021 00:28:29.245,0.7401300000000001,0.7400300000000001,1.25,2.25
06.08.2021 00:28:35.255,0.74012,0.7400100000000001,1,1
06.08.2021 00:28:37.163,0.74011,0.7400100000000001,1.76,1
06.08.2021 00:28:38.372,0.7400800000000001,0.7399800000000001,1,2.25
06.08.2021 00:28:43.734,0.7400800000000001,0.73999,1,1
06.08.2021 00:28:44.618,0.74009,0.73999,1,1
06.08.2021 00:28:44.669,0.7401,0.74,2.44,1
06.08.2021 00:29:45.591,0.7401,0.73999,1,1
06.08.2021 00:29:45.743,0.74009,0.73999,1.69,1
06.08.2021 00:29:57.957,0.74009,0.73999,2.5,1
06.08.2021 00:29:58.066,0.74009,0.7399800000000001,3.25,2.25
06.08.2021 00:29:58.167,0.7400800000000001,0.73999,1,1
06.08.2021 00:30:00.269,0.7400800000000001,0.73997,1,1.5
06.08.2021 00:30:04.382,0.7400800000000001,0.7399800000000001,1.69,2.25
06.08.2021 00:30:06.834,0.74009,0.7399800000000001,1,1
06.08.2021 00:30:07.677,0.74009,0.74,1,1
06.08.2021 00:30:08.314,0.74012,0.74002,1.25,1
06.08.2021 00:30:09.759,0.7401300000000001,0.7400300000000001,1.25,1
06.08.2021 00:30:34.884,0.7401300000000001,0.74002,1.69,2.25
06.08.2021 00:30:38.356,0.7401300000000001,0.7400300000000001,1.69,1
06.08.2021 00:30:39.351,0.74014,0.7400100000000001,4.19,2.25
06.08.2021 00:30:39.401,0.74011,0.73999,1.69,1
06.08.2021 00:30:39.503,0.7400800000000001,0.73999,1,1.12
06.08.2021 00:30:42.482,0.7400800000000001,0.7399800000000001,1,1.5
06.08.2021 00:30:50.664,0.74007,0.7399800000000001,1,1
06.08.2021 00:30:50.767,0.74006,0.73995,1,1
06.08.2021 00:30:50.923,0.74004,0.7399600000000001,1,1
06.08.2021 00:30:51.025,0.74004,0.73995,1,1.5
06.08.2021 00:30:53.664,0.7400300000000001,0.73994,1,1.5
06.08.2021 00:30:55.195,0.74002,0.73992,2.69,1
06.08.2021 00:30:55.297,0.7400100000000001,0.73989,1,1
06.08.2021 00:30:55.398,0.74,0.73989,1,1
06.08.2021 00:30:55.499,0.74,0.7399,1,1
06.08.2021 00:30:55.601,0.7400100000000001,0.73992,1,1.87
06.08.2021 00:30:55.702,0.7400100000000001,0.7399300000000001,1,1
06.08.2021 00:30:59.245,0.7400100000000001,0.73992,1,1.5
06.08.2021 00:30:59.756,0.74,0.7399100000000001,1,1.5
06.08.2021 00:30:59.857,0.73999,0.7399,1,1
06.08.2021 00:31:03.521,0.73999,0.73989,1,1.5
06.08.2021 00:31:05.394,0.7399800000000001,0.7398800000000001,1,1.5
06.08.2021 00:31:06.586,0.7399800000000001,0.73987,2.44,2.62
06.08.2021 00:31:07.435,0.73997,0.73987,1,1.87
06.08.2021 00:31:16.440,0.7399600000000001,0.73987,1,1.5
06.08.2021 00:31:17.277,0.73994,0.73984,1,2.62
06.08.2021 00:31:17.379,0.73992,0.7398300000000001,1,1.75
06.08.2021 00:31:17.480,0.7399300000000001,0.73982,1,1
06.08.2021 00:31:20.559,0.73992,0.73982,3.44,1
06.08.2021 00:31:20.660,0.7399,0.7398100000000001,1,2.25
06.08.2021 00:31:20.761,0.7399,0.73982,1,1
06.08.2021 00:31:20.982,0.73992,0.7398100000000001,1,1
06.08.2021 00:31:21.190,0.7399100000000001,0.7398300000000001,1,1
06.08.2021 00:31:21.292,0.73992,0.7398300000000001,1,1
06.08.2021 00:31:25.915,0.73992,0.73984,1,1
06.08.2021 00:31:34.358,0.73992,0.73985,1,1
06.08.2021 00:31:34.459,0.73992,0.73984,1,1.87
06.08.2021 00:31:43.590,0.73994,0.7398600000000001,1,3.37
06.08.2021 00:31:43.641,0.7399600000000001,0.73987,1,1.5
06.08.2021 00:31:43.793,0.73997,0.73987,1,2.62
06.08.2021 00:31:44.704,0.7399800000000001,0.7399,1,1
06.08.2021 00:31:46.527,0.73997,0.7398800000000001,1,1.5
06.08.2021 00:31:46.629,0.7399800000000001,0.73989,1,1
06.08.2021 00:31:49.942,0.7399800000000001,0.7398800000000001,1,2.62
06.08.2021 00:32:22.181,0.7399800000000001,0.73989,1.5,1
06.08.2021 00:32:22.283,0.73997,0.7398600000000001,1,1.12
06.08.2021 00:32:27.348,0.73994,0.7398300000000001,1,3
06.08.2021 00:32:27.450,0.73992,0.7398300000000001,1,1.12
06.08.2021 00:32:28.422,0.7399100000000001,0.7398300000000001,1,1
06.08.2021 00:32:29.520,0.7398800000000001,0.73977,1,2.25
06.08.2021 00:32:29.621,0.73989,0.73979,1.5,1
06.08.2021 00:32:30.587,0.73989,0.73979,1,2
06.08.2021 00:32:31.600,0.7399,0.7397800000000001,1,1.87
06.08.2021 00:32:31.701,0.7399,0.73979,1.5,1.87
06.08.2021 00:32:31.803,0.7399,0.73979,1.5,2
06.08.2021 00:32:34.473,0.7399,0.7397800000000001,1,1.5
06.08.2021 00:32:34.524,0.7398800000000001,0.7397800000000001,1,2.62
06.08.2021 00:32:34.626,0.7398800000000001,0.73977,1.5,2.62
06.08.2021 00:32:35.251,0.73989,0.73977,1.5,1.31
06.08.2021 00:32:35.353,0.73989,0.7397800000000001,1.5,1
06.08.2021 00:32:43.305,0.73987,0.73979,1,1
06.08.2021 00:32:44.124,0.73987,0.73977,1.5,2.62
06.08.2021 00:33:08.792,0.7398600000000001,0.73977,1,1
06.08.2021 00:33:10.853,0.73987,0.73977,1.5,1.5
06.08.2021 00:33:19.438,0.73987,0.7397800000000001,1.5,1
06.08.2021 00:33:19.489,0.73987,0.7398,1,1
06.08.2021 00:33:19.542,0.73987,0.7397800000000001,1,1
06.08.2021 00:33:19.694,0.73987,0.73977,1.5,1.95
06.08.2021 00:33:19.955,0.7398600000000001,0.73977,1,1.95
06.08.2021 00:33:38.923,0.73985,0.73974,1,1
06.08.2021 00:33:39.025,0.73982,0.73973,1,1
06.08.2021 00:33:43.533,0.73982,0.73972,1.5,2.25
06.08.2021 00:34:03.448,0.73982,0.73973,1,1
06.08.2021 00:34:03.550,0.73984,0.73974,1.5,1
06.08.2021 00:34:05.610,0.7398300000000001,0.73974,1,1
06.08.2021 00:34:05.815,0.7398300000000001,0.7397600000000001,1,2.62
06.08.2021 00:34:05.866,0.73985,0.7397600000000001,1,3.45
06.08.2021 00:34:05.967,0.7398600000000001,0.7397600000000001,1.5,3.45
06.08.2021 00:34:06.069,0.73987,0.7397600000000001,1,1
06.08.2021 00:34:07.490,0.7398600000000001,0.7397600000000001,1.5,1.5
06.08.2021 00:34:07.593,0.73985,0.73975,1.5,2.25
06.08.2021 00:34:07.695,0.73984,0.73974,1.5,1.5
06.08.2021 00:34:14.453,0.7398300000000001,0.73973,1.5,1
06.08.2021 00:34:16.508,0.73982,0.73973,1,1.87
06.08.2021 00:34:16.934,0.7398300000000001,0.73973,1.5,1.87
06.08.2021 00:34:17.547,0.7398600000000001,0.73974,1.5,1.87
06.08.2021 00:34:19.153,0.73984,0.73974,1.5,2.44
06.08.2021 00:34:24.386,0.73984,0.73975,1.5,1
06.08.2021 00:34:24.437,0.73987,0.73977,1.25,1
06.08.2021 00:34:32.719,0.73987,0.7397800000000001,1,1
06.08.2021 00:34:47.272,0.7398600000000001,0.73977,1,1.12
06.08.2021 00:34:47.373,0.73987,0.7397800000000001,1,1
06.08.2021 00:34:55.591,0.73987,0.73977,1.5,1.12
06.08.2021 00:34:55.906,0.7398600000000001,0.73977,1,1.12
06.08.2021 00:34:56.391,0.7398600000000001,0.7397800000000001,1,1
06.08.2021 00:35:02.375,0.7398600000000001,0.73977,1,1.12
06.08.2021 00:35:04.172,0.73987,0.73977,1,1.12
06.08.2021 00:35:07.872,0.7398800000000001,0.7397800000000001,2.25,1
06.08.2021 00:35:10.423,0.7398600000000001,0.73975,1,2.25
06.08.2021 00:35:10.575,0.73985,0.73975,1,2.25
06.08.2021 00:35:17.787,0.7398800000000001,0.7397600000000001,1,1
06.08.2021 00:35:18.805,0.7398800000000001,0.73977,1,1
06.08.2021 00:35:24.668,0.7398800000000001,0.7397800000000001,1.5,1
06.08.2021 00:35:25.529,0.7398800000000001,0.73977,1,1
06.08.2021 00:35:26.468,0.7398800000000001,0.7397800000000001,1.5,1
06.08.2021 00:35:37.440,0.7399,0.7398,1.87,4.12
06.08.2021 00:35:37.643,0.73989,0.7398,1,1
06.08.2021 00:35:47.098,0.7399,0.73977,2.25,2.25
06.08.2021 00:35:49.484,0.73989,0.73977,1.5,1
06.08.2021 00:36:02.952,0.73989,0.7397600000000001,3.37,1.5
06.08.2021 00:36:04.697,0.73987,0.73977,2.81,1
06.08.2021 00:36:04.799,0.73985,0.73975,1,1
06.08.2021 00:36:05.562,0.7398600000000001,0.73973,1.5,2.25
06.08.2021 00:36:06.945,0.73984,0.73973,1.5,1.5
06.08.2021 00:36:07.315,0.73984,0.73972,1,1
06.08.2021 00:36:33.762,0.73984,0.73974,2,1
06.08.2021 00:36:34.791,0.73984,0.73974,1.5,1
06.08.2021 00:36:36.924,0.73985,0.73974,1.57,2.25
06.08.2021 00:36:42.060,0.73984,0.73972,1.1,1
06.08.2021 00:36:42.314,0.73985,0.73972,2.32,1.5
06.08.2021 00:36:45.887,0.7398300000000001,0.73973,1,1.69
06.08.2021 00:36:46.810,0.73984,0.73973,2.32,1.69
06.08.2021 00:36:48.971,0.73985,0.73973,1.5,1.5
06.08.2021 00:36:52.253,0.73985,0.73975,1,2.25
06.08.2021 00:36:59.151,0.73984,0.73975,1,1.5
06.08.2021 00:37:12.477,0.73985,0.73973,1.5,1.5
06.08.2021 00:37:21.680,0.7398300000000001,0.73974,1,1.5
06.08.2021 00:37:22.109,0.73984,0.73974,1.5,1.5
06.08.2021 00:37:36.465,0.7398600000000001,0.7397600000000001,1.62,1.87
06.08.2021 00:37:36.516,0.73987,0.7397600000000001,2.25,3.56
06.08.2021 00:37:36.567,0.7398800000000001,0.7397800000000001,4.95,1
06.08.2021 00:37:56.560,0.73987,0.7397800000000001,1,1.5
06.08.2021 00:37:58.203,0.7398800000000001,0.7397800000000001,1,1.5
06.08.2021 00:38:08.569,0.73987,0.7397600000000001,1,2.81
06.08.2021 00:38:09.204,0.73982,0.73974,1,1.87
06.08.2021 00:38:09.305,0.7398300000000001,0.73972,1,2.06
06.08.2021 00:38:14.374,0.7398,0.73972,1,1
06.08.2021 00:38:14.475,0.7397800000000001,0.73967,1,1.69
06.08.2021 00:38:18.255,0.7397600000000001,0.73968,1,1.69
06.08.2021 00:38:18.306,0.73973,0.73964,1,3.56
06.08.2021 00:38:18.559,0.73974,0.73965,1,1.69
06.08.2021 00:38:18.660,0.73975,0.73967,1,1
06.08.2021 00:38:19.064,0.73974,0.73965,1,1
06.08.2021 00:38:19.165,0.73974,0.73963,1,1.5
06.08.2021 00:38:19.944,0.7397,0.73962,1,1.5
06.08.2021 00:38:20.045,0.7397100000000001,0.73963,1,1
06.08.2021 00:38:20.407,0.73972,0.73963,1,1
06.08.2021 00:38:20.509,0.7397100000000001,0.73963,1,1
06.08.2021 00:38:20.610,0.7397100000000001,0.73962,1,1.5
06.08.2021 00:38:21.616,0.7397100000000001,0.73963,1,1
06.08.2021 00:38:25.819,0.73972,0.73963,1,1
06.08.2021 00:38:30.854,0.73972,0.7396100000000001,1,1.5
06.08.2021 00:38:31.269,0.73972,0.73962,1,1.5
06.08.2021 00:38:55.229,0.73969,0.7396,1.5,1
06.08.2021 00:38:55.330,0.7397100000000001,0.73962,1,1.5
06.08.2021 00:38:56.146,0.73972,0.73962,1.25,1.5
06.08.2021 00:38:56.248,0.73973,0.73962,1,1
06.08.2021 00:39:09.994,0.73972,0.7396100000000001,1,1.5
06.08.2021 00:39:10.095,0.7397,0.73959,1.69,1
06.08.2021 00:39:18.469,0.73969,0.7396,1.5,1
06.08.2021 00:39:18.620,0.73969,0.7396,1,1
06.08.2021 00:39:18.983,0.73969,0.73959,1.01,1
06.08.2021 00:39:27.660,0.73969,0.73958,1,1
06.08.2021 00:39:37.241,0.73965,0.73958,1,1.5
06.08.2021 00:39:37.292,0.73963,0.73955,1.5,1.5
06.08.2021 00:39:37.394,0.73964,0.73953,1,1
06.08.2021 00:39:37.495,0.73965,0.7395600000000001,1,1
06.08.2021 00:39:37.597,0.73963,0.73954,1,1.25
06.08.2021 00:39:37.749,0.73963,0.73953,1.5,1
06.08.2021 00:40:04.659,0.73962,0.73953,1,1
06.08.2021 00:40:06.268,0.73963,0.73953,1.5,1.5
06.08.2021 00:40:06.382,0.7396600000000001,0.73953,2.44,1
06.08.2021 00:40:06.484,0.73964,0.73954,1,1
06.08.2021 00:40:06.586,0.73964,0.7395200000000001,1,2.62
06.08.2021 00:40:06.789,0.73964,0.73953,1,1
06.08.2021 00:40:10.554,0.73963,0.73953,1,1.5
06.08.2021 00:40:16.333,0.73964,0.73953,1,1
06.08.2021 00:40:16.434,0.73964,0.73954,1.5,1
06.08.2021 00:40:16.999,0.73963,0.73954,1,1
06.08.2021 00:40:26.865,0.73963,0.73953,1,1
06.08.2021 00:40:30.183,0.7396,0.7395100000000001,4.12,1
06.08.2021 00:40:30.285,0.7395700000000001,0.73948,1,1.12
06.08.2021 00:40:30.386,0.73959,0.73949,1.5,1
06.08.2021 00:40:30.488,0.7396,0.7395100000000001,1.5,1.25
06.08.2021 00:40:30.589,0.73962,0.73953,1.2,1
06.08.2021 00:40:52.240,0.73963,0.7395100000000001,1,1.5
06.08.2021 00:41:02.039,0.73963,0.7395200000000001,1.5,3.56
06.08.2021 00:41:02.403,0.73964,0.73954,1.5,1
06.08.2021 00:41:03.729,0.7396600000000001,0.73953,2.25,1
06.08.2021 00:41:03.846,0.73965,0.73953,1,1
06.08.2021 00:41:03.961,0.73965,0.73954,2.25,1
06.08.2021 00:41:12.171,0.73968,0.7395600000000001,1,1.5
06.08.2021 00:41:12.691,0.73967,0.73958,1,1
06.08.2021 00:41:20.542,0.7396600000000001,0.73955,1,1
06.08.2021 00:41:20.644,0.73963,0.73953,1,1.95
06.08.2021 00:41:34.544,0.73963,0.7395200000000001,1.5,3.45
06.08.2021 00:41:44.663,0.73963,0.7395200000000001,1.5,4.45
06.08.2021 00:41:45.318,0.73964,0.7395100000000001,1.5,3.64
06.08.2021 00:41:45.788,0.73964,0.7395200000000001,1.5,1
06.08.2021 00:41:48.801,0.73963,0.73955,1.5,1
06.08.2021 00:41:48.851,0.7396600000000001,0.73955,1,1
06.08.2021 00:41:48.953,0.73967,0.7395700000000001,2.32,1.5
06.08.2021 00:41:49.054,0.73967,0.73958,1,1
06.08.2021 00:41:56.422,0.73968,0.73958,3,1.5
06.08.2021 00:42:58.045,0.7397,0.73962,1,1
06.08.2021 00:42:58.146,0.73972,0.73962,1.5,1.5
06.08.2021 00:42:59.705,0.73974,0.73962,1.5,1.5
06.08.2021 00:43:07.746,0.73974,0.73964,2.7,1
06.08.2021 00:43:18.280,0.73973,0.73963,1,1.5
06.08.2021 00:43:20.506,0.73973,0.73962,3.37,3
06.08.2021 00:43:20.557,0.7397,0.7396100000000001,1.5,1
06.08.2021 00:43:20.658,0.7397,0.73958,1.5,3
06.08.2021 00:43:25.754,0.73965,0.73955,1.87,1.5
06.08.2021 00:43:25.855,0.73965,0.73953,1.5,2.62
06.08.2021 00:43:27.368,0.7396600000000001,0.7395700000000001,1,1
06.08.2021 00:43:27.470,0.73967,0.73958,1,1
06.08.2021 00:43:30.535,0.73968,0.73958,2.32,1.5
06.08.2021 00:43:33.174,0.7396600000000001,0.7395600000000001,3.26,1
06.08.2021 00:43:33.276,0.73965,0.73955,1.5,1
06.08.2021 00:43:41.296,0.7396600000000001,0.7395600000000001,1,1.5
06.08.2021 00:43:43.107,0.73965,0.7395600000000001,1.87,1
06.08.2021 00:43:46.546,0.7396600000000001,0.73954,2.62,1
06.08.2021 00:44:02.492,0.73965,0.7395600000000001,1,1
06.08.2021 00:44:21.511,0.73965,0.73955,1.5,1
06.08.2021 00:44:25.544,0.7396600000000001,0.73955,1,1
06.08.2021 00:44:28.959,0.73964,0.73954,2.32,1.5
06.08.2021 00:44:29.061,0.73963,0.73954,1,1
06.08.2021 00:44:32.274,0.73964,0.73954,1.5,1
06.08.2021 00:44:32.425,0.7396600000000001,0.73954,1,1.5
06.08.2021 00:44:43.577,0.73967,0.73955,2.7,1
06.08.2021 00:45:00.532,0.7396600000000001,0.73955,2.7,1.5
06.08.2021 00:45:05.966,0.73965,0.73954,2.7,1.5
06.08.2021 00:45:16.047,0.73965,0.73955,1.5,1
06.08.2021 00:45:17.019,0.7396600000000001,0.73955,1.5,3
06.08.2021 00:45:22.595,0.7396600000000001,0.73954,1,2.25
06.08.2021 00:45:27.305,0.73967,0.7395600000000001,3.45,1
06.08.2021 00:45:39.000,0.7396600000000001,0.7395600000000001,1,1
06.08.2021 00:45:40.365,0.7396600000000001,0.73955,1.5,1.5
06.08.2021 00:45:40.466,0.73965,0.73954,1.5,2.25
06.08.2021 00:45:58.574,0.73964,0.73954,1.5,1.5
06.08.2021 00:46:12.142,0.73964,0.73953,2.25,2.25
06.08.2021 00:46:17.879,0.73965,0.7395600000000001,2.25,1
06.08.2021 00:46:17.981,0.73967,0.73955,1,1.5
06.08.2021 00:46:18.082,0.7396600000000001,0.73954,1,2.44
06.08.2021 00:46:18.186,0.73968,0.7395700000000001,4.2,1.5
06.08.2021 00:46:18.965,0.73967,0.7395700000000001,1.57,1.5
06.08.2021 00:46:25.711,0.73968,0.73958,2.25,1
06.08.2021 00:46:34.387,0.73969,0.73958,1,1
06.08.2021 00:46:34.492,0.73972,0.73962,1,1.5
06.08.2021 00:46:35.512,0.73972,0.73963,1,1
06.08.2021 00:46:56.521,0.73975,0.73963,2.25,1
06.08.2021 00:47:04.771,0.73972,0.73962,1,1.5
06.08.2021 00:47:04.873,0.7397100000000001,0.7396100000000001,1.87,1
06.08.2021 00:47:05.656,0.7397,0.7396100000000001,1,1
06.08.2021 00:47:05.757,0.7397,0.73959,1,1
06.08.2021 00:47:05.859,0.7397,0.7396,1.5,1.69
06.08.2021 00:47:05.960,0.7397100000000001,0.7396100000000001,1.5,1.5
06.08.2021 00:47:16.479,0.73972,0.7396100000000001,2.7,1.5
06.08.2021 00:47:18.563,0.73972,0.73962,1.95,1
06.08.2021 00:47:24.737,0.73975,0.73964,2.25,1
06.08.2021 00:47:30.957,0.73975,0.73963,2.25,1
06.08.2021 00:47:58.407,0.73972,0.73964,1,1
06.08.2021 00:47:58.459,0.7397100000000001,0.7396,1.5,1
06.08.2021 00:47:58.560,0.7397,0.7396,1.69,2.7
06.08.2021 00:47:58.781,0.7397,0.7396100000000001,1.69,1
06.08.2021 00:47:58.983,0.7397,0.7396,1.69,1
06.08.2021 00:47:59.085,0.73969,0.7396,2.06,1
06.08.2021 00:47:59.663,0.7397,0.73958,2.14,1
06.08.2021 00:48:01.654,0.73967,0.7395700000000001,1.87,1.5
06.08.2021 00:48:01.756,0.73965,0.7395600000000001,1,1
06.08.2021 00:48:02.655,0.7396600000000001,0.7395700000000001,1,1
06.08.2021 00:48:02.756,0.73968,0.7395700000000001,1,1
06.08.2021 00:48:04.476,0.73968,0.73959,1,1
06.08.2021 00:48:11.052,0.73969,0.7396,1.5,1
06.08.2021 00:48:11.154,0.73968,0.7396,1,1
06.08.2021 00:48:14.190,0.73968,0.73959,1,1
06.08.2021 00:48:14.342,0.73968,0.73958,1.57,1.5
06.08.2021 00:48:15.941,0.73968,0.7396,1,2.5
06.08.2021 00:48:15.992,0.7397100000000001,0.73962,1,1
06.08.2021 00:48:16.093,0.73973,0.73963,6.91,1
06.08.2021 00:48:16.195,0.73973,0.73962,6.29,1
06.08.2021 00:48:17.936,0.7397100000000001,0.73962,1,1
06.08.2021 00:48:18.038,0.7397100000000001,0.73959,1.5,1.5
06.08.2021 00:48:18.391,0.7397,0.73962,1,1
06.08.2021 00:48:18.645,0.7397100000000001,0.7396,1.95,1
06.08.2021 00:48:18.747,0.73969,0.7396,1,1
06.08.2021 00:48:18.898,0.73968,0.73959,1.57,1
06.08.2021 00:48:18.999,0.73968,0.73958,1.57,1.5
06.08.2021 00:48:21.617,0.7397,0.73958,2.25,1
06.08.2021 00:48:21.719,0.73968,0.73958,1.12,1.5
06.08.2021 00:48:22.627,0.73969,0.73959,4.64,1
06.08.2021 00:48:23.577,0.73969,0.73958,4.64,1.5
06.08.2021 00:48:23.935,0.73969,0.73959,3.14,1
06.08.2021 00:48:27.956,0.73969,0.7396,1.01,1
06.08.2021 00:48:33.997,0.7397,0.7396,1,1
06.08.2021 00:48:34.048,0.73972,0.73962,3.76,1
06.08.2021 00:48:34.276,0.73973,0.73962,1.57,1
06.08.2021 00:48:36.804,0.73974,0.73965,1.5,1
06.08.2021 00:48:44.238,0.73975,0.73965,1,1
06.08.2021 00:48:45.336,0.73975,0.73967,1,1
06.08.2021 00:48:50.293,0.73975,0.7396600000000001,1.95,1
06.08.2021 00:48:50.395,0.73975,0.7396600000000001,3.89,1
06.08.2021 00:49:00.615,0.73973,0.73964,1.31,1
06.08.2021 00:49:07.001,0.73973,0.73965,1,1
06.08.2021 00:49:09.407,0.73974,0.73963,1.12,1
06.08.2021 00:49:24.885,0.73972,0.73964,1,1
06.08.2021 00:49:25.515,0.73972,0.73963,1.5,1
06.08.2021 00:49:25.566,0.73969,0.73962,1,1
06.08.2021 00:49:25.668,0.73969,0.7396100000000001,1,1
06.08.2021 00:49:32.720,0.73969,0.7396,1,1.5
06.08.2021 00:49:37.752,0.73968,0.73959,1,1
06.08.2021 00:49:39.650,0.73968,0.73958,1.5,2.25
06.08.2021 00:49:43.833,0.73967,0.7395600000000001,1,1.5
06.08.2021 00:49:44.333,0.73967,0.73955,1.5,1
06.08.2021 00:49:44.485,0.7396600000000001,0.7395700000000001,1,1
06.08.2021 00:49:52.057,0.73967,0.7395700000000001,1,1.5
06.08.2021 00:49:52.159,0.73968,0.73958,1.5,1.5
06.08.2021 00:49:52.996,0.73967,0.73958,1.5,1
06.08.2021 00:49:53.099,0.73965,0.7395600000000001,1.5,1
06.08.2021 00:49:53.505,0.73964,0.7395600000000001,1,1
06.08.2021 00:49:53.606,0.73965,0.73953,1,2.25
06.08.2021 00:50:02.728,0.73963,0.73954,1,1.5
06.08.2021 00:50:04.881,0.73962,0.73954,1.12,1.5
06.08.2021 00:50:04.932,0.7396100000000001,0.7395100000000001,1.5,2.25
06.08.2021 00:50:05.033,0.7396,0.7395100000000001,1,1.5
06.08.2021 00:50:09.290,0.73959,0.7395,1,1.5
06.08.2021 00:50:09.391,0.73959,0.73948,1,1
06.08.2021 00:50:09.492,0.73958,0.7394600000000001,2.62,1.87
06.08.2021 00:50:09.543,0.73955,0.7394600000000001,1,1
06.08.2021 00:50:09.644,0.73954,0.7394600000000001,1,1
06.08.2021 00:50:11.973,0.73953,0.73944,1,1.5
06.08.2021 00:50:13.024,0.7395,0.7394000000000001,1.5,4.75
06.08.2021 00:50:13.125,0.73948,0.7394000000000001,1,1
06.08.2021 00:50:13.328,0.7394700000000001,0.73939,1,1
06.08.2021 00:50:13.379,0.7394600000000001,0.73937,1,1.25
06.08.2021 00:50:13.480,0.7394700000000001,0.73938,1,1
06.08.2021 00:50:13.683,0.7394600000000001,0.73936,1,1.69
06.08.2021 00:50:13.734,0.73944,0.73934,1,1.5
06.08.2021 00:50:13.835,0.73944,0.73932,1.5,2.44
06.08.2021 00:50:13.987,0.73944,0.73933,1,1.25
06.08.2021 00:50:14.293,0.73944,0.73932,1.5,1.69
06.08.2021 00:50:14.851,0.73942,0.73933,1,1.25
06.08.2021 00:50:15.188,0.73942,0.73932,1,3.19
06.08.2021 00:50:15.290,0.73939,0.7393000000000001,1,1
06.08.2021 00:50:15.392,0.73938,0.73927,1.5,1
06.08.2021 00:50:15.494,0.73936,0.73927,1,1
06.08.2021 00:50:15.596,0.73936,0.7392500000000001,1.5,3.82
06.08.2021 00:50:15.646,0.73938,0.73926,1.5,1
06.08.2021 00:50:15.798,0.7393500000000001,0.73926,1,1
06.08.2021 00:50:15.900,0.7393500000000001,0.7392500000000001,1.5,1
06.08.2021 00:50:16.255,0.73934,0.73924,1.5,1
06.08.2021 00:50:16.356,0.73933,0.73923,1,1
06.08.2021 00:50:16.457,0.73932,0.73922,1,3.56
06.08.2021 00:50:17.157,0.73932,0.73923,1,1
06.08.2021 00:50:17.259,0.73933,0.73921,1,2.44
06.08.2021 00:50:19.207,0.73932,0.7392000000000001,1.5,2.81
06.08.2021 00:50:19.309,0.73929,0.7391800000000001,1,1.69
06.08.2021 00:50:19.411,0.73929,0.73917,1.5,2.25
06.08.2021 00:50:19.562,0.7393000000000001,0.7391800000000001,1.5,1
06.08.2021 00:50:20.223,0.73931,0.73922,1.25,1
06.08.2021 00:50:20.274,0.73928,0.7391800000000001,1,1
06.08.2021 00:50:21.266,0.73928,0.73917,1,1
06.08.2021 00:50:21.419,0.73927,0.73917,1.69,1
06.08.2021 00:50:21.663,0.73926,0.73917,1,1
06.08.2021 00:50:21.765,0.7392500000000001,0.73914,1.25,1
06.08.2021 00:50:21.866,0.73924,0.7391500000000001,1.75,1
06.08.2021 00:50:22.159,0.73923,0.7391300000000001,1.69,1
06.08.2021 00:50:22.210,0.73923,0.73911,2.5,1
06.08.2021 00:50:22.312,0.7392000000000001,0.73909,1,1
06.08.2021 00:50:22.364,0.7391800000000001,0.7390800000000001,1.5,1.5
06.08.2021 00:50:23.221,0.7391800000000001,0.73909,1,1
06.08.2021 00:50:23.728,0.73919,0.73909,1.5,1
06.08.2021 00:50:24.217,0.7391800000000001,0.73907,1,1
06.08.2021 00:50:24.319,0.73919,0.73907,2.25,1
06.08.2021 00:50:26.457,0.73922,0.7391300000000001,1,1
06.08.2021 00:50:26.508,0.73923,0.7391500000000001,1,2.25
06.08.2021 00:50:26.560,0.7392500000000001,0.73916,1.12,1.5
06.08.2021 00:50:26.713,0.73927,0.73917,1,2.25
06.08.2021 00:50:26.764,0.73928,0.73919,1,1
06.08.2021 00:50:26.865,0.73929,0.73919,1.25,1
06.08.2021 00:50:26.966,0.73929,0.73919,1.75,1
06.08.2021 00:50:29.837,0.73929,0.73917,1.69,1
06.08.2021 00:50:33.560,0.73928,0.73916,1,1.5
06.08.2021 00:50:36.983,0.73926,0.73916,1,3.07
06.08.2021 00:50:38.561,0.73927,0.73917,1.5,1
06.08.2021 00:50:39.150,0.73926,0.73916,1,2.25
06.08.2021 00:50:39.436,0.73924,0.73916,1,1
06.08.2021 00:50:39.487,0.73923,0.7391300000000001,1,3.07
06.08.2021 00:50:41.440,0.73922,0.7391300000000001,1,1
06.08.2021 00:50:43.605,0.73923,0.7391300000000001,1,1.87
06.08.2021 00:50:44.452,0.73926,0.7391500000000001,1,1
06.08.2021 00:50:44.554,0.73927,0.7391500000000001,1.69,1
06.08.2021 00:50:45.310,0.7392500000000001,0.73916,1,1
06.08.2021 00:50:48.028,0.73926,0.73916,1.69,1.5
06.08.2021 00:50:48.131,0.73929,0.73917,1.5,1
06.08.2021 00:50:48.896,0.73928,0.73917,1,1
06.08.2021 00:50:49.263,0.73928,0.73916,2.69,1
06.08.2021 00:50:49.365,0.73926,0.7391500000000001,1.5,4.25
06.08.2021 00:50:51.156,0.73927,0.73917,1.5,1.12
06.08.2021 00:50:51.308,0.73927,0.7391500000000001,1.5,2.7
06.08.2021 00:50:56.963,0.73927,0.73917,1.5,1.12
06.08.2021 00:50:59.190,0.73931,0.73919,1.5,1.87
06.08.2021 00:50:59.494,0.73928,0.73919,1,1.5
06.08.2021 00:50:59.840,0.73929,0.73919,1,1.5
06.08.2021 00:51:01.999,0.73929,0.73919,2.5,1.5
06.08.2021 00:51:02.269,0.73929,0.73919,1.69,1.5
06.08.2021 00:51:02.830,0.73929,0.73919,2.5,1.5
06.08.2021 00:51:02.932,0.73929,0.73919,1.69,1.5
06.08.2021 00:51:03.758,0.73931,0.73919,1.69,1.5
06.08.2021 00:51:06.385,0.73931,0.73921,2.44,1
06.08.2021 00:51:11.006,0.73934,0.7392500000000001,1.12,1
06.08.2021 00:51:12.836,0.73934,0.73924,1,2.25
06.08.2021 00:51:21.394,0.73936,0.73924,1.69,1
06.08.2021 00:51:31.823,0.73934,0.73924,1.5,1.5
06.08.2021 00:51:32.698,0.7393000000000001,0.73922,1.5,1.25
06.08.2021 00:51:32.750,0.73929,0.73919,1.5,1
06.08.2021 00:51:32.952,0.7392500000000001,0.7391800000000001,1,1
06.08.2021 00:51:33.003,0.7392500000000001,0.7391300000000001,1.87,1.75
06.08.2021 00:51:33.105,0.73924,0.73914,1.69,1
06.08.2021 00:51:33.156,0.7392500000000001,0.7391500000000001,1,1
06.08.2021 00:51:33.257,0.73924,0.73914,1,1.57
06.08.2021 00:51:33.358,0.7392500000000001,0.73914,3.19,1.57
06.08.2021 00:51:33.459,0.7392500000000001,0.7391300000000001,1,1.5
06.08.2021 00:51:36.834,0.73922,0.7391300000000001,1,1
06.08.2021 00:51:37.710,0.73923,0.7391300000000001,1.5,1.5
06.08.2021 00:51:39.404,0.73926,0.7391500000000001,2.44,2.25
06.08.2021 00:51:39.455,0.73924,0.7391500000000001,1.5,1
06.08.2021 00:51:39.719,0.73924,0.73914,1,1
06.08.2021 00:51:40.321,0.73924,0.7391300000000001,1,1
06.08.2021 00:51:41.715,0.73923,0.7391300000000001,1,2.25
06.08.2021 00:51:43.436,0.73921,0.73911,3.19,1
06.08.2021 00:51:43.537,0.73921,0.7391000000000001,3.19,2.25
06.08.2021 00:51:44.977,0.7392000000000001,0.73909,1.69,1.5
06.08.2021 00:51:45.028,0.73919,0.73907,1,1.5
06.08.2021 00:51:46.429,0.73916,0.7390800000000001,1,1
06.08.2021 00:51:47.743,0.73917,0.73907,1.5,2.25
06.08.2021 00:51:48.113,0.73917,0.7390800000000001,1.5,1
06.08.2021 00:51:48.214,0.73919,0.73907,1,1.5
06.08.2021 00:51:50.653,0.73917,0.7390800000000001,1,1
06.08.2021 00:51:51.488,0.73917,0.73907,1,1
06.08.2021 00:51:54.314,0.73917,0.73909,1,1
06.08.2021 00:51:54.466,0.7391800000000001,0.73909,1,2.25
06.08.2021 00:51:56.800,0.7392000000000001,0.7391000000000001,1,1.5
06.08.2021 00:51:56.901,0.7392000000000001,0.73911,1,1.5
06.08.2021 00:51:57.104,0.73921,0.7391300000000001,1,1
06.08.2021 00:51:57.465,0.73921,0.7391000000000001,1,1.12
06.08.2021 00:51:58.179,0.73919,0.7391000000000001,1,1
06.08.2021 00:51:58.349,0.7391800000000001,0.73909,1,1
06.08.2021 00:52:00.035,0.7391800000000001,0.7390800000000001,1,1.5
06.08.2021 00:52:00.136,0.73917,0.7390800000000001,1,1.5
06.08.2021 00:52:00.742,0.73919,0.73907,1,1.5
06.08.2021 00:52:02.843,0.73917,0.7390800000000001,1,1
06.08.2021 00:52:03.539,0.73916,0.73907,1.25,1
06.08.2021 00:52:03.590,0.7391500000000001,0.73904,1,1.12
06.08.2021 00:52:03.640,0.7391500000000001,0.73902,1,2.62
06.08.2021 00:52:03.691,0.73912,0.7390300000000001,1,1.87
06.08.2021 00:52:03.843,0.73914,0.73905,1,1.69
06.08.2021 00:52:03.945,0.7391300000000001,0.7390300000000001,1,1.87
06.08.2021 00:52:06.021,0.73912,0.7390300000000001,1,1.12
06.08.2021 00:52:09.508,0.7391000000000001,0.7390300000000001,1,1
06.08.2021 00:52:11.735,0.73911,0.7390300000000001,1,1
06.08.2021 00:52:21.765,0.73914,0.73905,1,2.25
06.08.2021 00:52:22.218,0.7391500000000001,0.7390300000000001,2.44,3
06.08.2021 00:52:23.272,0.73916,0.73905,1.69,4.39
06.08.2021 00:52:23.373,0.73916,0.73906,1.5,1.12
06.08.2021 00:52:23.475,0.73916,0.73907,1.5,1
06.08.2021 00:52:31.245,0.73917,0.73905,1.5,3
06.08.2021 00:52:32.574,0.73916,0.73906,3.25,1
06.08.2021 00:52:32.676,0.73916,0.73905,3.25,1.5
06.08.2021 00:52:32.779,0.73917,0.73905,3.25,1
06.08.2021 00:52:34.131,0.73916,0.73905,3.25,1
06.08.2021 00:52:37.787,0.73916,0.73907,1,1
06.08.2021 00:52:43.464,0.7391800000000001,0.73906,1.69,1.5
06.08.2021 00:52:46.103,0.73916,0.73905,3.25,1.5
06.08.2021 00:52:46.205,0.73916,0.73906,2.5,1
06.08.2021 00:52:46.357,0.73916,0.73905,2.5,1.5
06.08.2021 00:52:46.638,0.73916,0.73906,1,1.5
06.08.2021 00:52:46.739,0.73916,0.73907,1,1.5
06.08.2021 00:52:47.172,0.73917,0.73907,2.44,1.5
06.08.2021 00:52:48.768,0.73917,0.73906,1,1
06.08.2021 00:52:50.823,0.7391800000000001,0.73906,2.44,1.5
06.08.2021 00:53:00.481,0.7391800000000001,0.7390800000000001,3.25,1
06.08.2021 00:53:01.059,0.73917,0.73907,1.25,2.25
06.08.2021 00:53:07.361,0.73916,0.73906,1.25,1.5
06.08.2021 00:53:07.463,0.73912,0.73902,2.44,3.12
06.08.2021 00:53:07.565,0.73912,0.73902,2.44,2.25
06.08.2021 00:53:07.976,0.73911,0.73902,1,1
06.08.2021 00:53:12.662,0.7391000000000001,0.7390100000000001,1,1
06.08.2021 00:53:15.532,0.73911,0.7390100000000001,1,2.62
06.08.2021 00:53:15.684,0.73912,0.73902,1.5,1
06.08.2021 00:53:18.063,0.7391300000000001,0.7390300000000001,1.5,1
06.08.2021 00:53:18.215,0.73914,0.73904,2.44,1.5
06.08.2021 00:53:18.316,0.7391500000000001,0.73904,3.19,1.5
06.08.2021 00:53:18.468,0.73916,0.73904,2.44,1
06.08.2021 00:53:18.942,0.7391500000000001,0.73906,1.69,1
06.08.2021 00:53:22.319,0.73916,0.73906,1.5,2.25
06.08.2021 00:53:25.564,0.73916,0.73907,1,1
06.08.2021 00:53:29.201,0.73914,0.7390300000000001,2.51,3.75
06.08.2021 00:53:29.302,0.73914,0.73902,1.69,1
06.08.2021 00:53:33.073,0.73912,0.73902,1.5,3
06.08.2021 00:53:35.375,0.73912,0.7390300000000001,1,1
06.08.2021 00:53:39.619,0.73912,0.73902,1,2.25
06.08.2021 00:53:39.721,0.7391300000000001,0.7390300000000001,3.19,1
06.08.2021 00:54:02.024,0.7391300000000001,0.7390100000000001,3.19,1
06.08.2021 00:54:02.526,0.73912,0.739,2.44,1
06.08.2021 00:54:02.628,0.7391000000000001,0.739,1.69,2.25
06.08.2021 00:54:03.002,0.73911,0.7390100000000001,1.69,1.5
06.08.2021 00:54:03.103,0.73912,0.73902,2.51,1
06.08.2021 00:54:03.205,0.7391300000000001,0.7390100000000001,3.51,1
06.08.2021 00:54:03.307,0.73912,0.7390100000000001,3.89,1.5
06.08.2021 00:54:03.409,0.7391300000000001,0.7390100000000001,3.14,1.5
06.08.2021 00:54:05.947,0.7391300000000001,0.73902,1.01,1.5
06.08.2021 00:54:06.149,0.73912,0.7390300000000001,1.94,1
06.08.2021 00:54:07.828,0.73912,0.73902,2.76,1.5
06.08.2021 00:54:07.929,0.7391300000000001,0.73902,2.76,1
06.08.2021 00:54:08.376,0.7391300000000001,0.7390100000000001,3.51,1
06.08.2021 00:54:11.927,0.73912,0.7390100000000001,4.71,2.25
06.08.2021 00:54:13.210,0.73912,0.73902,1.01,1.5
06.08.2021 00:54:13.317,0.7391300000000001,0.7390300000000001,3.14,1.5
06.08.2021 00:54:14.195,0.73914,0.73902,1.87,1.5
06.08.2021 00:54:14.296,0.7391500000000001,0.73905,1.65,1.5
06.08.2021 00:54:14.398,0.7391800000000001,0.7390800000000001,4.65,1
06.08.2021 00:54:14.499,0.7391800000000001,0.73909,3.07,1
06.08.2021 00:54:24.235,0.73916,0.73906,2.25,1
06.08.2021 00:54:26.917,0.7391500000000001,0.73906,1.12,1
06.08.2021 00:54:28.622,0.73916,0.73906,2.51,1.5
06.08.2021 00:54:28.673,0.7391800000000001,0.7391000000000001,1,1
06.08.2021 00:54:28.774,0.7392000000000001,0.73911,1.12,1.5
06.08.2021 00:54:28.926,0.73922,0.73912,2.32,1.5
06.08.2021 00:54:30.255,0.73923,0.7391300000000001,1,2.25
06.08.2021 00:54:30.356,0.73927,0.73916,1.5,1.5
06.08.2021 00:54:30.508,0.73927,0.73917,1.25,1
06.08.2021 00:54:30.609,0.73929,0.73919,2.21,1.5
06.08.2021 00:54:32.452,0.73927,0.73919,1.5,1.5
06.08.2021 00:54:32.555,0.73926,0.73916,1,1.5
06.08.2021 00:54:33.358,0.73927,0.73917,1.87,1
06.08.2021 00:54:35.129,0.73929,0.73919,1.87,1.5
06.08.2021 00:54:35.281,0.73927,0.73919,1.5,1.5
06.08.2021 00:54:35.383,0.73929,0.7391800000000001,1,1
06.08.2021 00:54:35.919,0.73928,0.7391800000000001,1,1.5
06.08.2021 00:54:36.214,0.73928,0.73919,1,1
06.08.2021 00:54:39.629,0.73928,0.7392000000000001,1,1
06.08.2021 00:54:40.209,0.73929,0.7391800000000001,1,1.5
06.08.2021 00:54:42.612,0.73931,0.73921,2.62,2.44
06.08.2021 00:54:42.663,0.73933,0.73924,3,1
06.08.2021 00:54:42.764,0.73933,0.73923,2.25,1.5
06.08.2021 00:54:46.523,0.73934,0.73924,1,1.69
06.08.2021 00:54:46.805,0.73933,0.73924,1,1.5
06.08.2021 00:54:47.361,0.73933,0.73923,1.5,1
06.08.2021 00:54:48.157,0.7393500000000001,0.73923,2.25,1
06.08.2021 00:54:49.364,0.7393500000000001,0.7392500000000001,3,1.5
06.08.2021 00:54:49.465,0.73934,0.73924,1.95,1
06.08.2021 00:54:49.854,0.73933,0.73924,1,1
06.08.2021 00:54:50.592,0.73934,0.73924,1.5,1.5
06.08.2021 00:54:50.693,0.73937,0.73924,3.26,2.25
06.08.2021 00:54:50.845,0.73936,0.7392500000000001,2.81,2.35
06.08.2021 00:54:51.262,0.7393500000000001,0.73924,1.69,1.57
06.08.2021 00:54:51.313,0.73932,0.73922,1,1.57
06.08.2021 00:54:51.414,0.73932,0.73921,3.56,1
06.08.2021 00:54:51.465,0.73929,0.7392000000000001,1,2.32
06.08.2021 00:54:51.567,0.73929,0.73919,1.5,1.1
06.08.2021 00:54:51.668,0.73927,0.73917,1.25,1.57
06.08.2021 00:54:51.770,0.7392500000000001,0.7391500000000001,1.5,1.57
06.08.2021 00:54:51.871,0.73924,0.73914,1.5,1.57
06.08.2021 00:54:56.948,0.7392500000000001,0.7391500000000001,1,1.57
06.08.2021 00:54:57.050,0.73926,0.73916,1,1
06.08.2021 00:54:58.872,0.73926,0.73917,1,1
06.08.2021 00:55:00.175,0.7392500000000001,0.73917,1.87,1
06.08.2021 00:55:00.277,0.73923,0.7391500000000001,1,1
06.08.2021 00:55:00.378,0.73926,0.73914,2.25,1
06.08.2021 00:55:00.479,0.7392500000000001,0.73917,1,2.81
06.08.2021 00:55:00.581,0.7393000000000001,0.73921,1,1.57
06.08.2021 00:55:00.683,0.7393000000000001,0.73922,1,1
06.08.2021 00:55:00.784,0.7393000000000001,0.73921,1,1
06.08.2021 00:55:00.936,0.7393000000000001,0.73922,1,1
06.08.2021 00:55:01.636,0.73927,0.73917,1,1
06.08.2021 00:55:01.738,0.7392500000000001,0.73916,1.25,1
06.08.2021 00:55:01.839,0.7392500000000001,0.73914,1.25,1.5
06.08.2021 00:55:03.582,0.7392500000000001,0.73916,1.25,1
06.08.2021 00:55:03.893,0.7392500000000001,0.7391500000000001,3.56,1
06.08.2021 00:55:07.199,0.73928,0.73917,1.12,1.5
06.08.2021 00:55:11.126,0.73926,0.7391800000000001,1,1
06.08.2021 00:55:11.715,0.73926,0.73917,1,1.5
06.08.2021 00:55:27.948,0.7392500000000001,0.73917,1,1
06.08.2021 00:55:28.050,0.73924,0.73914,1,2.25
06.08.2021 00:55:29.659,0.73924,0.7391300000000001,3,1.57
06.08.2021 00:55:32.695,0.73922,0.73912,2.81,1.5
06.08.2021 00:55:32.796,0.7392000000000001,0.73911,1,1
06.08.2021 00:55:40.269,0.73922,0.73911,2.25,1
06.08.2021 00:55:41.171,0.73923,0.73912,1.5,1
06.08.2021 00:55:41.272,0.73923,0.73914,2.25,1
06.08.2021 00:55:44.579,0.73924,0.73914,2.62,1
06.08.2021 00:55:44.681,0.73923,0.73914,1,1
06.08.2021 00:55:46.746,0.73922,0.73914,1,1
06.08.2021 00:55:46.797,0.7392000000000001,0.73911,2.06,1.5
06.08.2021 00:55:46.848,0.73919,0.73909,1.5,1.5
06.08.2021 00:55:46.949,0.7391800000000001,0.73909,2.62,1.5
06.08.2021 00:55:47.653,0.73919,0.73909,2.25,1.5
06.08.2021 00:55:57.289,0.73919,0.7391000000000001,1.5,1.5
06.08.2021 00:55:58.943,0.73919,0.73911,1.5,1
06.08.2021 00:55:59.799,0.73922,0.73912,1,1
06.08.2021 00:55:59.901,0.73923,0.7391300000000001,1,1
06.08.2021 00:56:00.543,0.73923,0.73914,2.25,1
06.08.2021 00:56:00.669,0.73923,0.7391500000000001,1.87,1
06.08.2021 00:56:00.824,0.73923,0.73914,1,1.5
06.08.2021 00:56:00.926,0.73926,0.7391500000000001,2.62,1
06.08.2021 00:56:01.028,0.73924,0.73916,1,1
06.08.2021 00:56:02.667,0.73924,0.7391500000000001,1.5,1
06.08.2021 00:56:05.577,0.7392500000000001,0.7391500000000001,1.5,1.25
06.08.2021 00:56:05.679,0.7392500000000001,0.73916,1.5,1
06.08.2021 00:56:05.786,0.73924,0.73916,1,1
06.08.2021 00:56:06.517,0.7392500000000001,0.73916,1.5,1.25
06.08.2021 00:56:06.568,0.73928,0.73916,1.5,1.76
06.08.2021 00:56:06.619,0.73928,0.7392000000000001,1,1
06.08.2021 00:56:06.821,0.7393000000000001,0.73919,2.25,1
06.08.2021 00:56:07.922,0.73929,0.73919,2.62,1.5
06.08.2021 00:56:08.024,0.73928,0.73919,1.12,1
06.08.2021 00:56:11.512,0.7392500000000001,0.7391500000000001,1,1
06.08.2021 00:56:11.614,0.73924,0.7391500000000001,1,1
06.08.2021 00:56:11.715,0.73923,0.73914,1,1.5
06.08.2021 00:56:15.663,0.7392500000000001,0.7391300000000001,1,1.69
06.08.2021 00:56:15.765,0.73924,0.7391500000000001,1.5,1
06.08.2021 00:56:19.390,0.73924,0.73914,1,1
06.08.2021 00:56:19.491,0.73921,0.7391300000000001,1,1
06.08.2021 00:56:20.396,0.73921,0.73912,1,1.5
06.08.2021 00:56:20.749,0.73922,0.73914,1.5,1
06.08.2021 00:56:21.039,0.73923,0.7391500000000001,1.5,1
06.08.2021 00:56:21.527,0.73924,0.7391500000000001,1.5,1
06.08.2021 00:56:23.225,0.7392500000000001,0.7391500000000001,2.25,1
06.08.2021 00:56:24.833,0.73927,0.73917,1.5,1
06.08.2021 00:56:24.985,0.73926,0.73917,1.5,1
06.08.2021 00:56:27.941,0.7392500000000001,0.7391500000000001,1,1
06.08.2021 00:56:28.043,0.7392500000000001,0.73914,1,1.5
06.08.2021 00:56:29.447,0.73924,0.73916,1.5,1
06.08.2021 00:56:31.072,0.73924,0.7391500000000001,1.5,1.5
06.08.2021 00:56:31.375,0.73923,0.7391500000000001,1,1.5
06.08.2021 00:56:36.008,0.73923,0.73914,1,1.5
06.08.2021 00:56:39.632,0.73924,0.73914,1,1
06.08.2021 00:56:52.157,0.73922,0.7391500000000001,1,1
06.08.2021 00:56:52.867,0.73922,0.73914,1,1
06.08.2021 00:56:52.968,0.73923,0.73914,1.5,1
06.08.2021 00:56:57.475,0.73923,0.7391300000000001,1,1
06.08.2021 00:57:19.168,0.73922,0.73912,1,1.5
06.08.2021 00:57:20.519,0.7392000000000001,0.7391000000000001,2.25,1
06.08.2021 00:57:20.620,0.73917,0.7390800000000001,1.5,1
06.08.2021 00:57:22.731,0.73917,0.73907,2.25,1
06.08.2021 00:57:26.352,0.73919,0.7390800000000001,1.5,1
06.08.2021 00:57:30.105,0.7391800000000001,0.73909,3.1,1
06.08.2021 00:57:30.206,0.7391800000000001,0.73909,1.5,1
06.08.2021 00:57:31.423,0.73919,0.73907,2.89,1
06.08.2021 00:57:31.526,0.7391800000000001,0.73907,1,1
06.08.2021 00:57:36.882,0.73916,0.73906,1,1
06.08.2021 00:57:36.933,0.7391500000000001,0.7390300000000001,2.62,1
06.08.2021 00:57:37.034,0.7391300000000001,0.73904,1,1
06.08.2021 00:57:37.540,0.73914,0.73904,2.25,1
06.08.2021 00:57:52.013,0.7391300000000001,0.7390300000000001,1,1.5
06.08.2021 00:58:08.055,0.7391300000000001,0.7390300000000001,2.35,1.5
06.08.2021 00:58:08.260,0.7391300000000001,0.7390300000000001,2.25,1.5
06.08.2021 00:58:09.317,0.73909,0.739,1,1
06.08.2021 00:58:09.419,0.73909,0.73899,2.44,1
06.08.2021 00:58:09.570,0.7390800000000001,0.73899,1,1
06.08.2021 00:58:11.423,0.7390800000000001,0.7389800000000001,1.5,1
06.08.2021 00:58:13.053,0.7391000000000001,0.73897,2.81,1.5
06.08.2021 00:58:15.765,0.7390800000000001,0.7389800000000001,1,1.5
06.08.2021 00:58:17.358,0.73909,0.7389800000000001,2.81,1.5
06.08.2021 00:58:18.421,0.73909,0.73899,1.25,1
06.08.2021 00:58:19.586,0.7391300000000001,0.7390300000000001,3.45,1
06.08.2021 00:58:19.687,0.73914,0.73904,1.69,1.5
06.08.2021 00:58:19.789,0.7391800000000001,0.7390800000000001,4.12,1
06.08.2021 00:58:19.891,0.73919,0.73909,1.2,1.5
06.08.2021 00:58:21.656,0.73921,0.73911,2.81,1
06.08.2021 00:58:21.757,0.7392000000000001,0.73911,1,1
06.08.2021 00:58:21.858,0.73921,0.73911,2.81,1
06.08.2021 00:58:24.354,0.73921,0.7391000000000001,1,1.5
06.08.2021 00:58:25.333,0.73921,0.7391300000000001,1,1
06.08.2021 00:58:25.383,0.73923,0.73914,1.12,1
06.08.2021 00:58:30.578,0.73922,0.7391300000000001,1.69,1
06.08.2021 00:58:30.680,0.73922,0.73912,2.44,1.5
06.08.2021 00:58:34.595,0.73922,0.7391300000000001,1.69,1
06.08.2021 00:58:35.747,0.73922,0.73911,1,1
06.08.2021 00:58:35.816,0.73921,0.73909,1.87,1.5
06.08.2021 00:58:35.919,0.73919,0.73909,3.69,1
06.08.2021 00:58:36.121,0.7392000000000001,0.7390800000000001,2.81,1.5
06.08.2021 00:58:37.390,0.73921,0.73909,2.25,1
06.08.2021 00:58:37.491,0.7392000000000001,0.73911,1.5,1
06.08.2021 00:58:37.910,0.73921,0.73912,1,1.5
06.08.2021 00:58:38.011,0.73921,0.7391300000000001,1,1
06.08.2021 00:58:42.926,0.73921,0.7391000000000001,2.81,1.5
06.08.2021 00:58:43.028,0.73919,0.7391000000000001,1.5,1
06.08.2021 00:58:43.130,0.73917,0.73907,1.5,1
06.08.2021 00:58:43.333,0.73916,0.73907,1,1
06.08.2021 00:58:43.434,0.7391500000000001,0.73905,1,2.25
06.08.2021 00:58:45.056,0.7391500000000001,0.73905,1.1,2.25
06.08.2021 00:58:45.157,0.7391500000000001,0.73905,1,1.5
06.08.2021 00:58:45.322,0.73914,0.73904,1.76,1
06.08.2021 00:58:45.423,0.73914,0.7390300000000001,1.5,1
06.08.2021 00:58:45.664,0.73914,0.73904,2.32,1
06.08.2021 00:58:45.765,0.73914,0.73905,1.57,1
06.08.2021 00:58:47.806,0.7391500000000001,0.73905,1.5,1
06.08.2021 00:58:47.907,0.73916,0.73905,1.76,1.5
06.08.2021 00:58:48.210,0.73916,0.73904,1,1.5
06.08.2021 00:58:51.723,0.7391500000000001,0.73906,1,1
06.08.2021 00:58:51.976,0.73917,0.73907,1.75,1
06.08.2021 00:58:57.188,0.73917,0.73905,1.5,1
06.08.2021 00:58:59.701,0.7391500000000001,0.73905,1.57,1
06.08.2021 00:58:59.803,0.73914,0.73905,2.14,1
06.08.2021 00:59:00.007,0.7391300000000001,0.73905,1,1
06.08.2021 00:59:00.464,0.73914,0.73905,1.69,1
06.08.2021 00:59:00.833,0.7391500000000001,0.73905,1,1
06.08.2021 00:59:00.935,0.7391500000000001,0.73906,1.5,1
06.08.2021 00:59:06.990,0.73916,0.73906,1.76,1.5
06.08.2021 00:59:07.092,0.73917,0.73906,1,1
06.08.2021 00:59:12.960,0.73916,0.73906,1.01,1.5
06.08.2021 00:59:19.167,0.7391500000000001,0.73906,1,1.5
06.08.2021 00:59:20.368,0.73917,0.73906,1.97,2.25
06.08.2021 00:59:20.469,0.7391800000000001,0.73906,1,1
06.08.2021 00:59:20.571,0.7391800000000001,0.73907,2.89,1.5
06.08.2021 00:59:21.185,0.73919,0.73906,5.39,1.5
06.08.2021 00:59:21.286,0.73919,0.73909,2.06,1.5
06.08.2021 00:59:22.065,0.7392000000000001,0.7390800000000001,2.16,1.5
06.08.2021 00:59:22.169,0.7392000000000001,0.7390800000000001,2.06,1.5
06.08.2021 00:59:22.684,0.73922,0.73912,3.64,1
06.08.2021 00:59:23.038,0.73924,0.73912,3,1
06.08.2021 00:59:23.140,0.73926,0.7391500000000001,1,1
06.08.2021 00:59:23.343,0.73926,0.73917,1.12,1
06.08.2021 00:59:23.795,0.73928,0.73916,1.57,1.5
06.08.2021 00:59:25.093,0.73929,0.7391800000000001,1,1
06.08.2021 00:59:35.116,0.73929,0.73919,2.51,1
06.08.2021 00:59:35.420,0.73928,0.73919,1,1
06.08.2021 00:59:37.265,0.73928,0.7391800000000001,2.14,1
06.08.2021 00:59:37.367,0.73927,0.7391800000000001,1,1
06.08.2021 00:59:47.294,0.73927,0.73919,1,1
06.08.2021 00:59:49.696,0.73928,0.73919,1.01,1
06.08.2021 00:59:49.799,0.73928,0.7392000000000001,1,1
06.08.2021 00:59:50.531,0.73927,0.7391800000000001,2.7,1
06.08.2021 00:59:50.633,0.73927,0.73919,1,1
06.08.2021 00:59:50.991,0.73928,0.73919,1.31,1
06.08.2021 00:59:51.289,0.73927,0.73919,1,1
06.08.2021 00:59:54.011,0.7393000000000001,0.7391800000000001,2.25,1.5
06.08.2021 00:59:54.113,0.73929,0.7392000000000001,1.5,1
06.08.2021 01:00:00.056,0.73931,0.73922,1.5,1
06.08.2021 01:00:00.158,0.73933,0.73922,1.3,1
06.08.2021 01:00:00.259,0.73932,0.73924,1.1,1
06.08.2021 01:00:00.310,0.73933,0.73921,2.91,1.5
06.08.2021 01:00:00.411,0.73932,0.73923,1.6,1
06.08.2021 01:00:00.513,0.73934,0.7392500000000001,1.79,1
06.08.2021 01:00:02.141,0.73933,0.73924,1,1
06.08.2021 01:00:05.125,0.73932,0.73923,2.7,1
06.08.2021 01:00:05.227,0.73929,0.73921,1,1
06.08.2021 01:00:15.655,0.7393000000000001,0.73919,2.06,1
06.08.2021 01:00:20.550,0.73928,0.73919,1,1
06.08.2021 01:00:21.662,0.73927,0.73919,1.25,1
06.08.2021 01:00:21.764,0.73928,0.73917,1,1
06.08.2021 01:00:22.154,0.73927,0.7391500000000001,3.94,1.5
06.08.2021 01:00:22.256,0.73926,0.73914,2.89,1.5
06.08.2021 01:00:22.357,0.73924,0.7391500000000001,1.5,1
06.08.2021 01:00:25.562,0.73924,0.73914,2.7,1.5
06.08.2021 01:00:27.649,0.73921,0.7391300000000001,1.12,1
06.08.2021 01:00:27.700,0.7392000000000001,0.73911,1,1
06.08.2021 01:00:27.802,0.73919,0.7391000000000001,1,1
06.08.2021 01:00:28.333,0.73921,0.73911,1,1
06.08.2021 01:00:28.436,0.73923,0.73912,2.7,1
06.08.2021 01:00:28.790,0.73921,0.73912,1,1
06.08.2021 01:00:28.841,0.7392000000000001,0.7391000000000001,2.25,1.5
06.08.2021 01:00:28.943,0.7392000000000001,0.73911,1.5,1
06.08.2021 01:00:29.258,0.7392000000000001,0.7391000000000001,1,1
06.08.2021 01:00:31.016,0.73919,0.73909,2.25,1.5
06.08.2021 01:00:37.085,0.73919,0.73909,2.72,1
06.08.2021 01:00:40.170,0.73919,0.73909,2.72,1
06.08.2021 01:00:40.345,0.73919,0.73909,2.7,1
06.08.2021 01:00:43.872,0.73919,0.7391000000000001,1.87,1
06.08.2021 01:00:47.109,0.73919,0.73911,1,1
06.08.2021 01:00:48.746,0.7392000000000001,0.73909,1,1
06.08.2021 01:00:50.374,0.7392000000000001,0.7390800000000001,1.5,1.5
06.08.2021 01:00:52.881,0.7392000000000001,0.73909,1,1
06.08.2021 01:00:54.891,0.73919,0.73909,1.5,1.5
06.08.2021 01:00:59.594,0.7391800000000001,0.7390800000000001,1,1
06.08.2021 01:00:59.695,0.7391800000000001,0.73909,1.5,1
06.08.2021 01:01:00.156,0.73919,0.73909,2.25,1.5
06.08.2021 01:01:03.778,0.73919,0.7390800000000001,2.32,1
06.08.2021 01:01:03.879,0.73917,0.7390800000000001,1.01,1
06.08.2021 01:01:03.980,0.73917,0.73907,1.76,1.5
06.08.2021 01:01:07.349,0.73916,0.73907,1,1.5
06.08.2021 01:01:11.109,0.73916,0.73906,3,1.5
06.08.2021 01:01:11.212,0.7391300000000001,0.73905,1.25,1
06.08.2021 01:01:11.263,0.73912,0.7390300000000001,1.5,1
06.08.2021 01:01:11.465,0.73912,0.7390100000000001,1,1
06.08.2021 01:01:11.938,0.73911,0.7390100000000001,1.5,1
06.08.2021 01:01:11.988,0.73909,0.739,1,2.25
06.08.2021 01:01:12.305,0.7390800000000001,0.73899,1,1
06.08.2021 01:01:14.069,0.7390800000000001,0.73899,1.1,1
06.08.2021 01:01:16.274,0.73909,0.73899,2.16,1.5
06.08.2021 01:01:20.677,0.7390800000000001,0.73899,1.97,1
06.08.2021 01:01:20.879,0.73909,0.7389800000000001,1.1,1
06.08.2021 01:01:25.895,0.73912,0.73902,2.61,1.5
06.08.2021 01:01:26.047,0.73912,0.7390300000000001,1.31,1
06.08.2021 01:01:35.476,0.73912,0.7390300000000001,3.06,1
06.08.2021 01:01:35.628,0.73912,0.7390300000000001,2.14,1
06.08.2021 01:01:38.557,0.73909,0.73902,1,1
06.08.2021 01:01:38.608,0.73909,0.739,1,1
06.08.2021 01:01:38.710,0.7391000000000001,0.739,1.31,1.5
06.08.2021 01:01:39.687,0.7391300000000001,0.7390300000000001,1.76,1.5
06.08.2021 01:01:39.839,0.7391300000000001,0.73904,1.76,1
06.08.2021 01:01:40.142,0.7391300000000001,0.7390300000000001,4.96,1.5
06.08.2021 01:01:51.092,0.73912,0.7390300000000001,1.1,1
06.08.2021 01:01:52.068,0.73912,0.73902,2.16,1
06.08.2021 01:01:52.277,0.7391300000000001,0.7390100000000001,2.16,1
06.08.2021 01:01:52.402,0.7391300000000001,0.7390100000000001,2.16,1
06.08.2021 01:01:53.153,0.7391000000000001,0.73899,1.1,1.5
06.08.2021 01:01:57.224,0.7391000000000001,0.7389800000000001,1.1,2.25
06.08.2021 01:01:59.031,0.73909,0.739,1.1,1
06.08.2021 01:01:59.133,0.73911,0.73902,1,1
06.08.2021 01:01:59.285,0.73912,0.73902,2.06,1.5
06.08.2021 01:02:00.651,0.7391300000000001,0.73902,1,1
06.08.2021 01:02:01.136,0.73914,0.7390300000000001,1,1
06.08.2021 01:02:01.597,0.7391300000000001,0.73902,1.25,1
06.08.2021 01:02:14.572,0.7391300000000001,0.7390300000000001,1,3.37
06.08.2021 01:02:14.674,0.73914,0.73905,1,1
06.08.2021 01:02:22.489,0.7391300000000001,0.73905,1.69,1
06.08.2021 01:02:22.590,0.73912,0.7390100000000001,1,2.25
06.08.2021 01:02:22.792,0.7391300000000001,0.7390100000000001,1,2.25
06.08.2021 01:02:25.069,0.73912,0.73902,1.1,2.25
06.08.2021 01:02:26.722,0.73912,0.73902,1.6,2.25
06.08.2021 01:02:26.889,0.73912,0.73902,1.1,2.25
06.08.2021 01:02:27.200,0.73912,0.7390300000000001,1.1,1
06.08.2021 01:02:29.345,0.73912,0.73902,1.1,2.25
06.08.2021 01:02:29.396,0.73911,0.7390100000000001,3.29,1
06.08.2021 01:02:29.497,0.73911,0.73899,1.97,1.5
06.08.2021 01:02:30.051,0.73911,0.73899,1.5,1.5
06.08.2021 01:02:32.169,0.73909,0.73899,1,2.25
06.08.2021 01:02:36.192,0.73907,0.73899,1.25,1.5
06.08.2021 01:02:36.294,0.73907,0.73897,2.87,1.5
06.08.2021 01:02:36.395,0.73907,0.73897,2.06,1.5
06.08.2021 01:02:36.496,0.73907,0.7389600000000001,1.12,1.5
06.08.2021 01:02:36.598,0.73905,0.73897,1,1
06.08.2021 01:02:36.649,0.73905,0.73894,1,2.25
06.08.2021 01:02:36.905,0.73906,0.73894,1.69,1.5
06.08.2021 01:02:37.258,0.73906,0.7389600000000001,1.31,1
06.08.2021 01:02:37.534,0.73906,0.73897,1,1
06.08.2021 01:02:37.685,0.7390800000000001,0.7389800000000001,1.76,1
06.08.2021 01:02:38.683,0.73909,0.73899,3.71,1
06.08.2021 01:02:40.958,0.73907,0.73899,1,1
06.08.2021 01:02:41.060,0.7390800000000001,0.73899,1.25,1
06.08.2021 01:02:44.461,0.73909,0.73899,1.5,1.5
06.08.2021 01:02:44.563,0.73909,0.739,1,1.5
06.08.2021 01:02:44.715,0.7391000000000001,0.7390100000000001,1,1
06.08.2021 01:02:45.042,0.73912,0.73902,2.14,1.5
06.08.2021 01:02:45.244,0.73912,0.7390300000000001,1,1
06.08.2021 01:02:45.346,0.7391300000000001,0.7390300000000001,1,1.5
06.08.2021 01:02:46.076,0.7391300000000001,0.73904,1,1
06.08.2021 01:02:51.654,0.7391300000000001,0.7390300000000001,1,1.5
06.08.2021 01:02:52.168,0.7391300000000001,0.73902,1.1,1
06.08.2021 01:02:52.270,0.73912,0.73902,1,1.5
06.08.2021 01:02:52.371,0.73912,0.7390300000000001,1,1
06.08.2021 01:02:52.491,0.7391300000000001,0.73904,1.57,1
06.08.2021 01:02:53.302,0.73914,0.73904,1.5,1
06.08.2021 01:02:54.145,0.73914,0.73905,3.89,1
06.08.2021 01:02:54.247,0.73914,0.73904,3.89,1.5
06.08.2021 01:02:58.937,0.7391500000000001,0.7390300000000001,1.76,1.5
06.08.2021 01:02:59.476,0.7391300000000001,0.7390300000000001,2.89,1.5
06.08.2021 01:02:59.578,0.7391300000000001,0.73902,1.01,1
06.08.2021 01:03:01.106,0.7391000000000001,0.73899,1,1.5
06.08.2021 01:03:01.208,0.7391000000000001,0.7389800000000001,2.51,1.5
06.08.2021 01:03:01.565,0.73909,0.73897,1.76,1.5
06.08.2021 01:03:05.865,0.73909,0.73897,3.14,1.5
06.08.2021 01:03:08.292,0.73909,0.73897,1.39,1.5
06.08.2021 01:03:11.413,0.7390800000000001,0.7389800000000001,3.89,1.5
06.08.2021 01:03:11.464,0.73905,0.73895,1.12,1.5
06.08.2021 01:03:11.565,0.73902,0.7389300000000001,2.06,1
06.08.2021 01:03:11.667,0.73902,0.73892,1,1
06.08.2021 01:03:13.449,0.7390100000000001,0.73892,1,1.5
06.08.2021 01:03:13.623,0.7390300000000001,0.7389300000000001,2.89,1
06.08.2021 01:03:15.518,0.73902,0.7389300000000001,1,1
06.08.2021 01:03:20.504,0.7390100000000001,0.73892,1,1
06.08.2021 01:03:20.606,0.739,0.7389,1.1,1.5
06.08.2021 01:03:24.454,0.7390100000000001,0.7389,1,1.5
06.08.2021 01:03:24.557,0.7390100000000001,0.7389100000000001,1.5,2.25
06.08.2021 01:03:24.760,0.7390100000000001,0.73892,1,1.5
06.08.2021 01:03:33.256,0.73899,0.7389100000000001,1,1
06.08.2021 01:03:34.368,0.73899,0.7389,1,1
06.08.2021 01:03:36.356,0.7390100000000001,0.73889,1,1.5
06.08.2021 01:03:50.640,0.73902,0.7389,2.25,2.81
06.08.2021 01:03:50.742,0.7390300000000001,0.7389100000000001,2.25,2.44
06.08.2021 01:03:51.073,0.7390300000000001,0.73892,1.5,1
06.08.2021 01:03:51.341,0.73902,0.73892,2.62,1.5
06.08.2021 01:03:51.493,0.7390100000000001,0.73892,1,1
06.08.2021 01:03:55.545,0.7390100000000001,0.7389100000000001,1.5,1.69
06.08.2021 01:03:57.058,0.73902,0.7389100000000001,3.45,1.5
06.08.2021 01:03:58.870,0.73899,0.7389,1,1
06.08.2021 01:03:59.023,0.739,0.7389,2.25,1.5
06.08.2021 01:03:59.305,0.73899,0.7389,1,1
06.08.2021 01:04:02.417,0.739,0.7389100000000001,1,1
06.08.2021 01:04:02.518,0.73899,0.7389100000000001,1,1
06.08.2021 01:04:03.142,0.73899,0.7389,1,1
06.08.2021 01:04:03.416,0.7389800000000001,0.7389,1,1
06.08.2021 01:04:06.246,0.7389600000000001,0.73885,1.5,1
06.08.2021 01:04:06.348,0.73895,0.73884,1,1
06.08.2021 01:04:06.449,0.73894,0.73884,1.5,1.5
06.08.2021 01:04:08.044,0.7389100000000001,0.7388300000000001,1,1.12
06.08.2021 01:04:08.094,0.7389,0.7388,1,1.5
06.08.2021 01:04:08.449,0.7389,0.7388100000000001,1,1.25
06.08.2021 01:04:08.501,0.7389300000000001,0.7388100000000001,2.4,1
06.08.2021 01:04:09.174,0.7389100000000001,0.73882,1,1
06.08.2021 01:04:09.552,0.7389100000000001,0.7388100000000001,1.57,1
06.08.2021 01:04:10.887,0.7389100000000001,0.7388,1,1
06.08.2021 01:04:13.764,0.7389,0.7388,1.57,1.5
06.08.2021 01:04:13.865,0.7389100000000001,0.7388,1,1
06.08.2021 01:04:15.401,0.73892,0.7388,1.5,1.69
06.08.2021 01:04:19.070,0.7389100000000001,0.7388,1,1.5
06.08.2021 01:04:25.253,0.7389300000000001,0.7388300000000001,3.9,1.5
06.08.2021 01:04:25.304,0.73894,0.7388600000000001,1.87,1.69
06.08.2021 01:04:25.405,0.7389600000000001,0.73887,1.25,1.5
06.08.2021 01:04:25.507,0.73899,0.73887,1.12,1.5
06.08.2021 01:04:28.567,0.73899,0.73889,2.32,1
06.08.2021 01:04:33.137,0.73897,0.7388800000000001,1,1
06.08.2021 01:04:33.239,0.73897,0.73887,1.95,2.25
06.08.2021 01:04:33.545,0.73895,0.73885,2.32,1.5
06.08.2021 01:04:33.958,0.73894,0.73884,2.32,1.5
06.08.2021 01:04:47.994,0.7389600000000001,0.73887,1,1.5
06.08.2021 01:04:48.096,0.7389800000000001,0.73889,2.25,1
06.08.2021 01:04:52.545,0.73899,0.73889,1,1
06.08.2021 01:04:54.092,0.7389800000000001,0.73889,1,1.5
06.08.2021 01:04:56.078,0.73899,0.73887,3.75,1.5
06.08.2021 01:04:56.180,0.73897,0.7388800000000001,1,1
06.08.2021 01:04:57.090,0.73897,0.73885,2.25,1.5
06.08.2021 01:05:00.404,0.73895,0.73884,1,1
06.08.2021 01:05:00.606,0.73895,0.73885,2.25,1.5
06.08.2021 01:05:01.653,0.739,0.7389100000000001,1,1.25
06.08.2021 01:05:01.754,0.73906,0.7389800000000001,1,1
06.08.2021 01:05:01.855,0.73907,0.73897,5.32,1.5
06.08.2021 01:05:02.108,0.73906,0.73895,1,1
06.08.2021 01:05:02.209,0.73904,0.73895,1,1
06.08.2021 01:05:02.311,0.73904,0.73894,1.5,2.7
06.08.2021 01:05:02.766,0.73904,0.73892,1.5,1.5
06.08.2021 01:05:04.835,0.73904,0.7389300000000001,1.5,1
06.08.2021 01:05:07.521,0.739,0.7389100000000001,1,1.5
06.08.2021 01:05:07.622,0.7389800000000001,0.7389,1,1
06.08.2021 01:05:07.825,0.7389800000000001,0.73889,1.25,2.25
06.08.2021 01:05:08.662,0.73899,0.73889,1.76,1.5
06.08.2021 01:05:11.475,0.7389600000000001,0.7388600000000001,2.25,1
06.08.2021 01:05:11.627,0.7389600000000001,0.7388600000000001,4.79,1
06.08.2021 01:05:11.729,0.7389600000000001,0.7388600000000001,3.26,1
06.08.2021 01:05:11.982,0.7389800000000001,0.73889,1,1
06.08.2021 01:05:12.183,0.73899,0.73889,2.44,1.5
06.08.2021 01:05:22.465,0.7389800000000001,0.73889,1,1.5
06.08.2021 01:05:24.064,0.73899,0.73889,2.25,1.5
06.08.2021 01:05:27.370,0.73899,0.73889,1.5,2.5
06.08.2021 01:05:27.903,0.73899,0.73889,1.5,1.69
06.08.2021 01:05:28.771,0.7389800000000001,0.73889,1,1.69
06.08.2021 01:05:29.758,0.7389600000000001,0.7388800000000001,1,1
06.08.2021 01:05:29.809,0.73897,0.73885,1.87,1
06.08.2021 01:05:29.911,0.7389600000000001,0.73887,1,1
06.08.2021 01:05:30.434,0.73897,0.73887,1,2.44
06.08.2021 01:05:30.485,0.7389800000000001,0.73889,1,1.5
06.08.2021 01:05:30.586,0.7389800000000001,0.7389,1,1
06.08.2021 01:05:31.320,0.7390100000000001,0.73892,1.5,1
06.08.2021 01:05:31.472,0.73902,0.7389300000000001,1.57,1
06.08.2021 01:05:33.384,0.73904,0.73892,1.57,1.5
06.08.2021 01:05:36.539,0.73902,0.7389300000000001,1,1
06.08.2021 01:05:39.132,0.7389800000000001,0.7389,1,1
06.08.2021 01:05:39.387,0.7389800000000001,0.73887,1,1
06.08.2021 01:05:40.399,0.7389800000000001,0.7388800000000001,1,1.69
06.08.2021 01:05:40.726,0.7389600000000001,0.73885,1,1
06.08.2021 01:05:40.828,0.73895,0.73884,1.2,1
06.08.2021 01:05:40.930,0.73894,0.73884,1.95,2.25
06.08.2021 01:05:41.032,0.73894,0.73884,2.82,1
06.08.2021 01:05:41.134,0.73892,0.7388300000000001,1,1.25
06.08.2021 01:05:50.056,0.7389300000000001,0.7388600000000001,1,5.32
06.08.2021 01:05:50.106,0.7389800000000001,0.73889,2.25,1.12
06.08.2021 01:05:50.209,0.7390100000000001,0.73892,1,1.25
06.08.2021 01:05:50.310,0.73904,0.73895,1,1
06.08.2021 01:05:50.361,0.73906,0.73897,1.12,1.5
06.08.2021 01:05:50.412,0.73909,0.73897,1,2.25
06.08.2021 01:05:50.516,0.73906,0.7389800000000001,2.62,1
06.08.2021 01:05:50.618,0.73906,0.73897,2.62,1.5
06.08.2021 01:05:51.177,0.7390800000000001,0.7389600000000001,1.57,1.5
06.08.2021 01:05:56.696,0.73906,0.7389600000000001,1.5,1.5
06.08.2021 01:05:56.798,0.73904,0.73895,1.57,1
06.08.2021 01:05:56.900,0.7389800000000001,0.7389100000000001,1,1
06.08.2021 01:05:59.277,0.739,0.7388800000000001,1,1.5
06.08.2021 01:06:01.358,0.73899,0.73889,1.22,1
06.08.2021 01:06:01.611,0.73899,0.73887,1.57,1
06.08.2021 01:06:01.831,0.73897,0.73885,1.57,1.5
06.08.2021 01:06:01.934,0.7389800000000001,0.7388600000000001,1,1
06.08.2021 01:06:02.245,0.73899,0.73887,1.1,1.5
06.08.2021 01:06:05.399,0.73899,0.7388800000000001,1.57,1.5
06.08.2021 01:06:05.500,0.739,0.7388800000000001,1.57,1
06.08.2021 01:06:05.769,0.7389800000000001,0.7388800000000001,1,1.5
06.08.2021 01:06:06.530,0.73899,0.7388800000000001,1,1
06.08.2021 01:06:08.290,0.7389800000000001,0.7388800000000001,2.25,1
06.08.2021 01:06:10.647,0.7389800000000001,0.73889,1.5,1
06.08.2021 01:06:38.209,0.7389800000000001,0.7388800000000001,1.5,1
06.08.2021 01:06:38.666,0.73897,0.7388800000000001,1.5,1
06.08.2021 01:06:38.717,0.73897,0.7388600000000001,2.32,1.5
06.08.2021 01:06:41.221,0.73897,0.73885,1.5,1
06.08.2021 01:06:41.323,0.7389600000000001,0.73884,2.32,1
06.08.2021 01:06:41.475,0.73894,0.73884,3.75,1
06.08.2021 01:06:41.626,0.7389300000000001,0.73884,1,1
06.08.2021 01:06:47.545,0.7389600000000001,0.73884,3.07,1
06.08.2021 01:06:47.647,0.73897,0.73887,2.7,1
06.08.2021 01:06:48.058,0.7389800000000001,0.73887,1.57,2.25
06.08.2021 01:06:50.904,0.7389800000000001,0.7388800000000001,3.64,1
06.08.2021 01:06:51.006,0.73897,0.73887,3.64,1
06.08.2021 01:06:51.783,0.73897,0.73885,1,1.5
06.08.2021 01:06:57.134,0.7389600000000001,0.73884,1.87,1
06.08.2021 01:07:00.102,0.7389600000000001,0.7388600000000001,3.45,1
06.08.2021 01:07:07.484,0.73895,0.7388600000000001,1.5,1.12
06.08.2021 01:07:08.615,0.73894,0.7388600000000001,1,1
06.08.2021 01:07:10.595,0.7389600000000001,0.7388600000000001,1.5,1.5
06.08.2021 01:07:10.698,0.7389600000000001,0.73887,1,1
06.08.2021 01:07:11.362,0.7389600000000001,0.7388600000000001,1,1.87
06.08.2021 01:07:20.306,0.73894,0.73885,1,1
06.08.2021 01:07:22.439,0.73894,0.73884,1.5,1.69
06.08.2021 01:07:34.617,0.73894,0.7388300000000001,1,1.25
06.08.2021 01:07:37.635,0.73895,0.7388300000000001,1.5,1.69
06.08.2021 01:07:37.737,0.73897,0.73887,1.5,2.44
06.08.2021 01:07:39.227,0.73897,0.7388800000000001,1,1
06.08.2021 01:07:44.249,0.7389800000000001,0.7388800000000001,1.5,1.69
06.08.2021 01:08:52.166,0.7389600000000001,0.7388800000000001,1,1
06.08.2021 01:08:52.268,0.7389,0.7388,1,4.31
06.08.2021 01:08:55.536,0.73892,0.73884,4.2,1
06.08.2021 01:08:58.229,0.7389100000000001,0.73884,1,1
06.08.2021 01:08:59.015,0.7389,0.7388100000000001,1,2.44
06.08.2021 01:08:59.117,0.7389,0.73882,1,1.69
06.08.2021 01:09:03.230,0.7389,0.73882,1,1.94
06.08.2021 01:09:09.771,0.7389100000000001,0.7388300000000001,1,1.25
06.08.2021 01:09:09.872,0.73892,0.7388300000000001,1,1.25
06.08.2021 01:09:10.088,0.7389100000000001,0.7388300000000001,1,1.25
06.08.2021 01:09:16.296,0.73892,0.7388300000000001,1,1.69
06.08.2021 01:09:26.723,0.7389600000000001,0.73885,1,1
06.08.2021 01:09:52.041,0.7389600000000001,0.73887,1,1.25
06.08.2021 01:09:52.092,0.7389800000000001,0.73889,1,1
06.08.2021 01:09:52.194,0.73899,0.73889,1,1.69
06.08.2021 01:09:52.823,0.7389800000000001,0.73889,1,1
06.08.2021 01:09:56.729,0.7389800000000001,0.7388800000000001,1,3.19
06.08.2021 01:10:02.274,0.7389600000000001,0.7388600000000001,1,3.37
06.08.2021 01:10:02.376,0.73895,0.7388600000000001,1,2.44
06.08.2021 01:10:05.364,0.7389600000000001,0.7388600000000001,1,1.25
06.08.2021 01:10:05.481,0.73895,0.7388600000000001,1,2.44
06.08.2021 01:10:25.408,0.7389600000000001,0.7388600000000001,1.5,2.44
06.08.2021 01:10:27.215,0.73897,0.73885,1.5,2.69
06.08.2021 01:10:28.910,0.7389600000000001,0.7388600000000001,1.5,2.44
06.08.2021 01:10:32.389,0.7389600000000001,0.73885,1,1.5
06.08.2021 01:10:33.778,0.73894,0.73884,1.5,1.5
06.08.2021 01:10:33.879,0.7389300000000001,0.7388300000000001,1.5,2.44
06.08.2021 01:10:35.689,0.73894,0.73882,1.5,3.44
06.08.2021 01:10:37.288,0.7389300000000001,0.7388300000000001,1.5,1.69
06.08.2021 01:11:00.828,0.73892,0.7388300000000001,1,1.69
06.08.2021 01:11:07.156,0.73894,0.73882,1.57,1.25
06.08.2021 01:11:07.416,0.73892,0.7388300000000001,1,1.25
06.08.2021 01:11:11.560,0.7389100000000001,0.7388100000000001,1,1.25
06.08.2021 01:11:11.612,0.73889,0.7388,1,1.69
06.08.2021 01:11:21.527,0.7388800000000001,0.7388,1,1
06.08.2021 01:11:29.890,0.73887,0.7387800000000001,1,1
06.08.2021 01:11:30.093,0.73887,0.73877,1.5,2.44
06.08.2021 01:11:44.734,0.7388600000000001,0.73877,1,1.25
06.08.2021 01:11:44.835,0.7388,0.7387300000000001,1.5,1.31
06.08.2021 01:11:44.936,0.7387600000000001,0.73868,1,1.25
06.08.2021 01:11:44.987,0.73875,0.7386600000000001,1,4
06.08.2021 01:11:45.089,0.73875,0.7386600000000001,1,1.69
06.08.2021 01:11:45.190,0.73877,0.7386600000000001,1,1
06.08.2021 01:11:45.393,0.7387300000000001,0.73862,2.25,1.5
06.08.2021 01:11:45.495,0.7387100000000001,0.73863,1,1
06.08.2021 01:11:45.798,0.73872,0.73863,1.5,1
06.08.2021 01:11:45.899,0.73872,0.73862,1.5,1.69
06.08.2021 01:11:46.051,0.73872,0.73864,1,1
06.08.2021 01:11:46.153,0.73875,0.7386600000000001,1.5,1.25
06.08.2021 01:11:46.658,0.73874,0.73865,1,1.25
06.08.2021 01:11:47.075,0.7387600000000001,0.73865,1,1
06.08.2021 01:11:50.485,0.73874,0.73864,1.5,3.19
06.08.2021 01:11:51.621,0.73872,0.73863,1,1
06.08.2021 01:11:51.722,0.7387300000000001,0.7386100000000001,1.5,1.5
06.08.2021 01:11:51.823,0.7387,0.7386100000000001,1,1.25
06.08.2021 01:11:51.979,0.7387,0.7386,1,1
06.08.2021 01:11:52.131,0.73869,0.7386,1,1
06.08.2021 01:11:52.559,0.7387,0.73858,1.57,1.5
06.08.2021 01:11:52.660,0.73867,0.73858,1,1
06.08.2021 01:11:52.812,0.73869,0.7385700000000001,1.5,1.69
06.08.2021 01:11:52.913,0.73868,0.7386,1,2.87
06.08.2021 01:11:52.964,0.7387100000000001,0.73862,1,1.25
06.08.2021 01:11:53.217,0.73872,0.7386,1.5,1.69
06.08.2021 01:11:54.446,0.7387100000000001,0.73862,1,1
06.08.2021 01:11:55.032,0.73872,0.7386,1,1.69
06.08.2021 01:11:57.117,0.7387100000000001,0.73862,1,1
06.08.2021 01:11:57.347,0.73872,0.73862,1.5,1.5
06.08.2021 01:11:58.383,0.7387100000000001,0.73864,1,1
06.08.2021 01:11:58.434,0.73874,0.73865,1,1.5
06.08.2021 01:11:58.586,0.73875,0.73865,1.5,2.51
06.08.2021 01:11:59.355,0.7387600000000001,0.73865,1,2.14
06.08.2021 01:11:59.406,0.7387800000000001,0.73867,1,1
06.08.2021 01:12:00.944,0.73877,0.7386600000000001,1,1
06.08.2021 01:12:01.045,0.7387600000000001,0.7386600000000001,1,2.51
06.08.2021 01:12:02.503,0.73875,0.73865,1.69,1.5
06.08.2021 01:12:07.743,0.73875,0.7386600000000001,1,1
06.08.2021 01:12:13.544,0.7387600000000001,0.73864,1.5,1.5
06.08.2021 01:12:26.034,0.73877,0.73865,1,2.25
06.08.2021 01:12:26.136,0.73879,0.73869,3.51,1.5
06.08.2021 01:12:26.237,0.73879,0.7387,1.76,1
06.08.2021 01:12:26.389,0.7388,0.7387,3.26,1
06.08.2021 01:12:28.484,0.7388,0.73869,1.69,1
06.08.2021 01:12:31.544,0.7387800000000001,0.7387,1,1
06.08.2021 01:12:31.844,0.7387800000000001,0.73869,1,1
06.08.2021 01:12:34.534,0.7387600000000001,0.73867,1.25,1
06.08.2021 01:12:34.636,0.7387600000000001,0.7386600000000001,1.25,1.5
06.08.2021 01:12:34.737,0.7387600000000001,0.7386600000000001,1.75,1.5
06.08.2021 01:12:35.559,0.7387600000000001,0.7386600000000001,1.25,1.5
06.08.2021 01:12:36.175,0.73877,0.73867,1.25,2.25
06.08.2021 01:12:36.276,0.7387800000000001,0.73868,1,3
06.08.2021 01:12:44.598,0.7388,0.7387,1.75,2.25
06.08.2021 01:12:44.699,0.7388,0.7387,1,2.32
06.08.2021 01:12:44.801,0.7388,0.7387100000000001,1,1
06.08.2021 01:12:45.614,0.7388,0.7387,1,1
06.08.2021 01:12:51.234,0.73879,0.73868,3.19,1.57
06.08.2021 01:12:51.336,0.7387800000000001,0.73868,1,1.57
06.08.2021 01:13:06.465,0.73877,0.73868,1,1
06.08.2021 01:13:07.759,0.7387800000000001,0.73868,2.44,1
06.08.2021 01:13:09.638,0.73877,0.73868,1,1
06.08.2021 01:13:09.752,0.7387600000000001,0.73867,1,1.12
06.08.2021 01:13:09.853,0.73872,0.73864,1,2.25
06.08.2021 01:13:09.955,0.73872,0.73863,1,1.12
06.08.2021 01:13:10.265,0.7387100000000001,0.73863,1,1
06.08.2021 01:13:12.286,0.7387300000000001,0.73863,1.69,1.5
06.08.2021 01:13:13.618,0.73872,0.73863,1.69,1
06.08.2021 01:13:13.871,0.7387300000000001,0.73863,4.01,1
06.08.2021 01:13:16.673,0.7387,0.7386,1.69,1.5
06.08.2021 01:13:16.928,0.73869,0.73859,1.69,2.32
06.08.2021 01:13:19.090,0.73868,0.73859,1,1
06.08.2021 01:13:19.242,0.73869,0.73859,1.5,3.45
06.08.2021 01:13:19.343,0.73869,0.7386,1,1
06.08.2021 01:13:20.034,0.7387100000000001,0.73862,1,1.95
06.08.2021 01:13:21.331,0.7387100000000001,0.7386100000000001,1.5,1.57
06.08.2021 01:13:21.433,0.7387,0.7386,1.25,2.25
06.08.2021 01:13:21.657,0.73869,0.7386,1,1
06.08.2021 01:13:21.762,0.7387,0.73858,1,1.57
06.08.2021 01:13:24.593,0.7387,0.7386,1.5,1.5
06.08.2021 01:13:24.745,0.7387100000000001,0.73862,1,1
06.08.2021 01:13:26.465,0.7387100000000001,0.7386100000000001,1.69,1
06.08.2021 01:13:27.205,0.7387100000000001,0.73862,1,1.5
06.08.2021 01:13:27.777,0.7387300000000001,0.7386100000000001,2.25,2.25
06.08.2021 01:13:31.001,0.7387100000000001,0.73862,1.5,1.5
06.08.2021 01:13:36.640,0.7387300000000001,0.73863,1,2.32
06.08.2021 01:13:36.691,0.73875,0.73865,1,1.5
06.08.2021 01:13:36.792,0.7387600000000001,0.7386600000000001,4.01,1
06.08.2021 01:13:43.576,0.7387600000000001,0.73867,1.69,1
06.08.2021 01:13:51.648,0.73877,0.73867,2.06,1.5
06.08.2021 01:13:51.749,0.73877,0.73868,2.06,1
06.08.2021 01:13:51.900,0.73877,0.73868,3.06,1
06.08.2021 01:13:52.571,0.73879,0.73869,2.76,1.5
06.08.2021 01:13:52.723,0.73879,0.7387,1.5,1
06.08.2021 01:13:52.775,0.73882,0.7387300000000001,3.19,1
06.08.2021 01:13:57.907,0.7388300000000001,0.7387300000000001,1.69,1.5
06.08.2021 01:13:58.510,0.7388300000000001,0.7387300000000001,2.5,1.5
06.08.2021 01:14:01.495,0.73885,0.73874,1.31,1
06.08.2021 01:14:01.546,0.7388600000000001,0.7387600000000001,3.19,2.25
06.08.2021 01:14:01.647,0.73887,0.7387600000000001,1.25,1
06.08.2021 01:14:03.064,0.7388600000000001,0.73877,1.5,1
06.08.2021 01:14:05.902,0.73885,0.7387600000000001,2.06,1
06.08.2021 01:14:06.003,0.7388300000000001,0.73875,1.31,1
06.08.2021 01:14:06.105,0.7388300000000001,0.73872,1.25,1
06.08.2021 01:14:06.156,0.7388300000000001,0.7387300000000001,3.45,1
06.08.2021 01:14:06.531,0.7388300000000001,0.73872,1.25,1
06.08.2021 01:14:06.582,0.73884,0.73872,3.64,1
06.08.2021 01:14:07.109,0.73882,0.7387300000000001,1.25,1
06.08.2021 01:14:07.160,0.73884,0.73872,2.14,1
06.08.2021 01:14:08.128,0.73884,0.7387300000000001,1.25,1
06.08.2021 01:14:18.290,0.73884,0.73874,1.25,1.5
06.08.2021 01:14:18.391,0.73885,0.73877,1.25,1
06.08.2021 01:14:18.442,0.7388600000000001,0.73877,1.69,1
06.08.2021 01:14:28.646,0.73887,0.73877,3.56,1.5
06.08.2021 01:14:32.823,0.73887,0.73879,1.69,1
06.08.2021 01:14:32.874,0.7389,0.7387800000000001,2.62,1.5
06.08.2021 01:14:42.123,0.7389,0.7388,1.5,1.5
06.08.2021 01:14:42.224,0.7389100000000001,0.7388100000000001,1,1.5
06.08.2021 01:14:48.201,0.7389300000000001,0.7388100000000001,1.87,1
06.08.2021 01:15:00.485,0.73892,0.7388100000000001,1,1
06.08.2021 01:15:00.536,0.7389100000000001,0.73879,1.5,1.5
06.08.2021 01:15:00.638,0.7389,0.73879,1.5,2.25
06.08.2021 01:15:02.477,0.7389,0.7387800000000001,1.5,1
06.08.2021 01:15:25.248,0.7388800000000001,0.73879,1,1
06.08.2021 01:15:25.652,0.73887,0.73879,1,1
06.08.2021 01:15:42.649,0.7388800000000001,0.7387800000000001,1.87,1
06.08.2021 01:15:47.706,0.7388800000000001,0.73879,1.5,1
06.08.2021 01:15:47.835,0.73889,0.73879,1.69,1
06.08.2021 01:15:47.987,0.73887,0.73879,1,1
06.08.2021 01:15:48.088,0.7388600000000001,0.7387800000000001,1,1
06.08.2021 01:15:48.240,0.73887,0.7387600000000001,1,1
06.08.2021 01:15:53.965,0.73884,0.7387600000000001,1.12,1
06.08.2021 01:15:54.066,0.73884,0.73874,2.31,1
06.08.2021 01:15:54.227,0.73884,0.73874,2.06,1
06.08.2021 01:15:56.406,0.73884,0.73875,1,1
06.08.2021 01:16:04.003,0.73885,0.7387300000000001,1.5,1.5
06.08.2021 01:16:08.505,0.73882,0.73872,1.69,1.5
06.08.2021 01:16:09.110,0.7388100000000001,0.7387100000000001,1,1.5
06.08.2021 01:16:10.131,0.7388100000000001,0.73872,1,1
06.08.2021 01:16:11.675,0.73882,0.73872,1.69,1
06.08.2021 01:16:14.124,0.73882,0.73872,2.31,1
06.08.2021 01:16:16.688,0.7388300000000001,0.7387100000000001,1.69,1
06.08.2021 01:16:22.449,0.7388300000000001,0.7387300000000001,1.5,1
06.08.2021 01:16:30.377,0.73882,0.7387300000000001,1.31,1
06.08.2021 01:16:30.479,0.7388100000000001,0.7387100000000001,1,1.5
06.08.2021 01:16:37.289,0.7388100000000001,0.7387,1,1
06.08.2021 01:16:37.446,0.7388100000000001,0.73869,1,1.5
06.08.2021 01:16:37.597,0.7388100000000001,0.7387100000000001,1,1
06.08.2021 01:16:50.081,0.73882,0.73872,1,1.69
06.08.2021 01:16:50.182,0.7388300000000001,0.7387300000000001,1,1.5
06.08.2021 01:16:55.577,0.73884,0.73875,1,1
06.08.2021 01:16:55.679,0.73887,0.73877,1.5,1
06.08.2021 01:16:55.780,0.73887,0.7387800000000001,1,1
06.08.2021 01:17:01.696,0.7388600000000001,0.73877,1,1
06.08.2021 01:17:01.898,0.73885,0.73877,1,1
06.08.2021 01:17:04.651,0.73884,0.73875,1,1
06.08.2021 01:17:04.955,0.7388300000000001,0.73874,1,1
06.08.2021 01:17:05.166,0.7388300000000001,0.7387300000000001,1,1
06.08.2021 01:17:08.355,0.73882,0.7387100000000001,1.12,1
06.08.2021 01:17:18.195,0.7388100000000001,0.7387300000000001,1,1
06.08.2021 01:17:18.499,0.73882,0.7387300000000001,1,1
06.08.2021 01:17:20.033,0.73884,0.73872,1,1.5
06.08.2021 01:17:21.835,0.73882,0.73872,1,1.69
06.08.2021 01:17:21.936,0.7388100000000001,0.73872,1,1.69
06.08.2021 01:17:24.006,0.7388100000000001,0.7387100000000001,1,1
06.08.2021 01:17:24.209,0.73879,0.7387,1,1
06.08.2021 01:17:24.769,0.7388,0.7387,1,1
06.08.2021 01:17:24.898,0.7388100000000001,0.7387100000000001,1,1
06.08.2021 01:17:25.000,0.7388100000000001,0.73872,1,1
06.08.2021 01:17:31.077,0.73882,0.73872,1,1
06.08.2021 01:17:36.595,0.7388300000000001,0.73874,1,1
06.08.2021 01:18:01.953,0.73884,0.73874,1,1.69
06.08.2021 01:18:04.491,0.73885,0.73877,1,1
06.08.2021 01:18:04.594,0.7389,0.7388,2.62,1
06.08.2021 01:18:04.696,0.7389,0.7388100000000001,2.06,1
06.08.2021 01:18:19.207,0.7389100000000001,0.7388100000000001,1,2.44
06.08.2021 01:18:19.310,0.7389,0.7388100000000001,1.25,2.44
06.08.2021 01:18:24.349,0.7389100000000001,0.7388100000000001,1,2.44
06.08.2021 01:18:31.805,0.7389,0.7388100000000001,1,1
06.08.2021 01:18:34.506,0.7389100000000001,0.7388100000000001,1,1
06.08.2021 01:18:34.899,0.7389100000000001,0.7388300000000001,1,1
06.08.2021 01:18:34.950,0.7389100000000001,0.7388100000000001,1,1.87
06.08.2021 01:18:35.052,0.7389,0.7388100000000001,1,1.87
06.08.2021 01:18:40.235,0.73889,0.7388,1,1.5
06.08.2021 01:18:40.488,0.7388800000000001,0.7388,1,1
06.08.2021 01:18:43.214,0.7389,0.73879,1,1
06.08.2021 01:18:43.316,0.7389,0.7388100000000001,1,1.69
06.08.2021 01:18:48.396,0.7389100000000001,0.7388100000000001,1,2.44
06.08.2021 01:18:51.374,0.7389100000000001,0.7388,1,1.5
06.08.2021 01:18:51.425,0.7389,0.7387800000000001,1,2.44
06.08.2021 01:18:52.816,0.73889,0.7387800000000001,1,1
06.08.2021 01:18:53.019,0.7389,0.7387800000000001,1,2.94
06.08.2021 01:18:53.185,0.73889,0.7388,1,1.25
06.08.2021 01:18:56.140,0.73889,0.73879,1,2.44
06.08.2021 01:19:01.723,0.73887,0.7387800000000001,1,1
06.08.2021 01:19:01.925,0.73887,0.73877,1.5,2.44
06.08.2021 01:19:02.746,0.73884,0.73875,1,1.5
06.08.2021 01:19:02.848,0.73884,0.73872,1,3.94
06.08.2021 01:19:03.685,0.7388,0.73872,1,1
06.08.2021 01:19:03.735,0.7388,0.7387,1.5,2.44
06.08.2021 01:19:03.837,0.73879,0.7387,1,2.44
06.08.2021 01:19:11.144,0.7387800000000001,0.7387,1,1
06.08.2021 01:19:17.156,0.73879,0.7387,1,1.12
06.08.2021 01:19:17.257,0.7388,0.73869,1,2.69
06.08.2021 01:19:18.689,0.73879,0.7387,1,1.69
06.08.2021 01:19:21.745,0.7388,0.7387,1,1
06.08.2021 01:19:21.797,0.7388300000000001,0.7387300000000001,1.5,1
06.08.2021 01:19:21.898,0.7388300000000001,0.73874,1,1
06.08.2021 01:19:22.050,0.73882,0.73874,1,1
06.08.2021 01:19:25.379,0.7388300000000001,0.73874,1,1
06.08.2021 01:19:26.297,0.73885,0.73875,1.5,1.25
06.08.2021 01:19:26.398,0.7388600000000001,0.73875,1,1.25
06.08.2021 01:19:32.275,0.7388600000000001,0.7387600000000001,1.5,1.25
06.08.2021 01:19:42.010,0.73889,0.73879,3,2.25
06.08.2021 01:19:42.112,0.7389,0.7388,1.95,1
06.08.2021 01:19:49.413,0.7389100000000001,0.7388100000000001,2.25,1
06.08.2021 01:19:49.523,0.73892,0.73879,2.25,2.32
06.08.2021 01:20:00.646,0.7389,0.73879,1,1
06.08.2021 01:20:01.602,0.73889,0.73879,1,2.25
06.08.2021 01:20:02.103,0.7389,0.73879,3.45,2.25
06.08.2021 01:20:04.291,0.7389,0.7387800000000001,1,2.25
06.08.2021 01:20:26.284,0.73889,0.73879,1.5,3.25
06.08.2021 01:20:33.876,0.7389100000000001,0.73879,2.25,1.69
06.08.2021 01:20:36.171,0.7389,0.73879,2.32,2.44
06.08.2021 01:20:38.534,0.7388800000000001,0.7387800000000001,1.57,1.69
06.08.2021 01:20:38.635,0.7388800000000001,0.73877,2.32,1.69
06.08.2021 01:20:49.829,0.73889,0.73877,1.5,1
06.08.2021 01:20:56.035,0.73889,0.73879,1,1.5
06.08.2021 01:20:58.252,0.7388800000000001,0.7387800000000001,1,1.5
06.08.2021 01:21:04.519,0.73887,0.7387800000000001,1.39,1
06.08.2021 01:21:04.620,0.7388600000000001,0.73877,1,1
06.08.2021 01:21:05.937,0.73887,0.73877,2.14,1
06.08.2021 01:21:07.774,0.73885,0.73875,1.5,2.25
06.08.2021 01:21:07.876,0.73884,0.73875,1,1.5
06.08.2021 01:21:07.978,0.7388300000000001,0.73874,1.25,1.5
06.08.2021 01:21:08.080,0.73884,0.73872,2.44,2.25
06.08.2021 01:21:08.735,0.73884,0.7387300000000001,1.69,1
06.08.2021 01:21:08.850,0.7388300000000001,0.7387300000000001,2.44,1
06.08.2021 01:21:08.951,0.73882,0.73872,3.89,1
06.08.2021 01:21:09.052,0.73879,0.7387,1,1
06.08.2021 01:21:19.703,0.73879,0.73869,1.5,1.5
06.08.2021 01:21:57.514,0.73879,0.73868,1,1
06.08.2021 01:22:28.362,0.73875,0.7386600000000001,1,1
06.08.2021 01:22:28.413,0.73872,0.73864,1,2.25
06.08.2021 01:22:28.565,0.7387300000000001,0.73864,1.69,1
06.08.2021 01:22:29.222,0.7387300000000001,0.73864,2.69,1
06.08.2021 01:22:29.324,0.7387,0.7386,1,2.25
06.08.2021 01:22:40.727,0.73869,0.7386,1,1.5
06.08.2021 01:22:41.726,0.7387,0.73858,1.5,2.25
06.08.2021 01:22:50.793,0.7387,0.7386,1.5,1
06.08.2021 01:22:56.777,0.73869,0.7386,1,1
06.08.2021 01:23:00.621,0.7387,0.7386100000000001,1.5,1
06.08.2021 01:23:00.723,0.73872,0.73862,1.69,1.5
06.08.2021 01:23:00.875,0.73875,0.73867,1.5,1
06.08.2021 01:23:00.977,0.73879,0.73869,2.56,1
06.08.2021 01:23:01.028,0.73879,0.73869,1.31,1
06.08.2021 01:23:01.231,0.7387800000000001,0.73868,1.69,1
06.08.2021 01:23:08.486,0.73877,0.73868,1,1
06.08.2021 01:23:08.588,0.73879,0.73868,2.25,3.26
06.08.2021 01:23:08.690,0.73879,0.73869,2.25,1
06.08.2021 01:23:10.259,0.7388100000000001,0.7387100000000001,2.44,1
06.08.2021 01:23:10.361,0.7388300000000001,0.7387300000000001,1.5,2.25
06.08.2021 01:23:15.066,0.73884,0.7387300000000001,1.5,1
06.08.2021 01:23:20.768,0.7388300000000001,0.7387300000000001,1.69,2.25
06.08.2021 01:23:20.870,0.73882,0.73872,1.5,1
06.08.2021 01:23:21.378,0.7388,0.7387100000000001,1,1
06.08.2021 01:23:21.480,0.7388100000000001,0.73869,1.12,1
06.08.2021 01:23:21.582,0.7388,0.73868,2.25,1.5
06.08.2021 01:23:32.742,0.73879,0.73867,1,2.25
06.08.2021 01:23:40.910,0.7387600000000001,0.7386600000000001,1,1.5
06.08.2021 01:23:41.012,0.73874,0.73865,1,1
06.08.2021 01:23:41.063,0.7387600000000001,0.73865,2.62,2.25
06.08.2021 01:23:41.164,0.7387600000000001,0.7386600000000001,2.25,1
06.08.2021 01:23:41.277,0.73877,0.7386600000000001,1.5,1
06.08.2021 01:23:41.378,0.7387600000000001,0.7386600000000001,2.25,1
06.08.2021 01:23:41.677,0.73874,0.73865,1,1.12
06.08.2021 01:23:41.987,0.73875,0.73863,1,1.5
06.08.2021 01:23:44.108,0.73874,0.73863,2.44,1.5
06.08.2021 01:23:47.631,0.73874,0.73864,1.5,1
06.08.2021 01:23:47.783,0.7387800000000001,0.73865,1.5,1.69
06.08.2021 01:23:47.885,0.73877,0.73867,1,1
06.08.2021 01:23:51.548,0.7387600000000001,0.7386600000000001,1.25,1
06.08.2021 01:23:52.321,0.73877,0.73864,2.06,2.25
06.08.2021 01:23:53.057,0.73875,0.73865,1.31,1
06.08.2021 01:23:53.365,0.73875,0.73864,2.06,2.25
06.08.2021 01:23:54.944,0.73874,0.73864,1.25,1
06.08.2021 01:23:55.045,0.7387300000000001,0.73863,1.25,1.5
06.08.2021 01:24:00.749,0.7387300000000001,0.73862,2.81,1.5
06.08.2021 01:24:00.907,0.7387300000000001,0.73863,1.5,1.69
06.08.2021 01:24:01.058,0.73872,0.73862,1,3.51
06.08.2021 01:24:01.185,0.73872,0.73862,1,1.57
06.08.2021 01:24:03.294,0.7387100000000001,0.73862,1,1
