Gmt time,Ask,Bid,AskVolume,BidVolume
10.08.2021 00:00:00.114,0.7330500000000001,0.73294,2.06,1.5
10.08.2021 00:00:00.215,0.7330300000000001,0.73294,1,1
10.08.2021 00:00:00.316,0.7330300000000001,0.7329300000000001,1,1
10.08.2021 00:00:00.418,0.733,0.73289,1,2.06
10.08.2021 00:00:00.988,0.73301,0.73289,3.37,1
10.08.2021 00:00:01.089,0.73301,0.73289,3.5,1
10.08.2021 00:00:04.438,0.73302,0.7328800000000001,3.37,1
10.08.2021 00:00:05.047,0.733,0.7328800000000001,1,1
10.08.2021 00:00:06.683,0.73302,0.7328800000000001,1.69,4.39
10.08.2021 00:00:06.784,0.73302,0.7329,2.06,2.44
10.08.2021 00:00:07.280,0.73302,0.73292,1,1.5
10.08.2021 00:00:07.382,0.7330500000000001,0.73295,1.5,1
10.08.2021 00:00:07.533,0.7330500000000001,0.7329600000000001,1,1
10.08.2021 00:00:07.635,0.73306,0.7329600000000001,1,1
10.08.2021 00:00:08.926,0.73307,0.73294,1,2.44
10.08.2021 00:00:09.027,0.7330500000000001,0.73295,1,1.69
10.08.2021 00:00:10.453,0.73304,0.73294,1,1
10.08.2021 00:00:10.604,0.7330300000000001,0.73294,1,1
10.08.2021 00:00:11.388,0.7330300000000001,0.7329300000000001,1,1
10.08.2021 00:00:12.788,0.73302,0.7329300000000001,1,1
10.08.2021 00:00:12.889,0.73302,0.73292,1,1.5
10.08.2021 00:00:13.192,0.7330300000000001,0.73292,1,1
10.08.2021 00:00:16.169,0.73304,0.73294,1,1
10.08.2021 00:00:17.387,0.73304,0.73295,1,1
10.08.2021 00:00:20.057,0.7330500000000001,0.73295,1,1
10.08.2021 00:00:20.683,0.7330500000000001,0.73294,1,1
10.08.2021 00:00:21.108,0.73304,0.7329300000000001,1,2.25
10.08.2021 00:00:23.560,0.7330300000000001,0.7329300000000001,1,1.5
10.08.2021 00:00:23.794,0.7330300000000001,0.73292,1,2.25
10.08.2021 00:00:46.392,0.73304,0.73294,1,2.44
10.08.2021 00:00:46.493,0.7330500000000001,0.73294,1,2.44
10.08.2021 00:00:49.966,0.7330500000000001,0.73295,1,1.25
10.08.2021 00:00:50.246,0.73306,0.7329600000000001,1,1
10.08.2021 00:00:52.015,0.73309,0.73297,2.5,1
10.08.2021 00:00:52.066,0.73309,0.7329800000000001,1,2.44
10.08.2021 00:00:52.168,0.7331000000000001,0.73297,1,3.44
10.08.2021 00:00:52.471,0.73309,0.7329800000000001,1,2.44
10.08.2021 00:01:00.618,0.7331000000000001,0.7329800000000001,1,1.25
10.08.2021 00:01:00.871,0.73307,0.73297,1,2.44
10.08.2021 00:01:00.972,0.73309,0.73299,1.12,1.25
10.08.2021 00:01:01.138,0.7330800000000001,0.7329800000000001,1,2.51
10.08.2021 00:01:01.711,0.7330800000000001,0.73297,1,2.89
10.08.2021 00:01:04.552,0.7330800000000001,0.7329600000000001,1,1.76
10.08.2021 00:01:04.827,0.73307,0.73297,1.94,1
10.08.2021 00:01:04.928,0.73306,0.7329600000000001,1.25,1
10.08.2021 00:01:05.187,0.73307,0.7329600000000001,1,1.69
10.08.2021 00:01:05.288,0.7330800000000001,0.73297,3.64,1
10.08.2021 00:01:07.617,0.73306,0.73295,1,1
10.08.2021 00:01:07.718,0.73306,0.73294,1,1.5
10.08.2021 00:01:08.123,0.73304,0.73294,1.25,1.5
10.08.2021 00:01:29.152,0.73304,0.7329300000000001,1.94,1.57
10.08.2021 00:01:29.405,0.73304,0.73294,1,1
10.08.2021 00:01:32.190,0.73304,0.7329300000000001,1,2.51
10.08.2021 00:01:38.283,0.7330500000000001,0.73292,1.94,2.25
10.08.2021 00:01:42.183,0.7330500000000001,0.73292,1.25,2.44
10.08.2021 00:01:51.526,0.73304,0.7329300000000001,1.94,2.25
10.08.2021 00:01:55.779,0.73304,0.73292,2,1
10.08.2021 00:01:55.830,0.73301,0.7329100000000001,1.25,1
10.08.2021 00:01:55.881,0.733,0.73289,1,2.81
10.08.2021 00:02:00.854,0.73299,0.73289,1,2.25
10.08.2021 00:02:04.618,0.7329800000000001,0.73287,3.19,1.12
10.08.2021 00:02:04.770,0.73297,0.73287,1,1
10.08.2021 00:02:05.755,0.73297,0.7328600000000001,1.87,3.19
10.08.2021 00:02:05.806,0.7329600000000001,0.73285,1.69,1.5
10.08.2021 00:02:05.907,0.7329600000000001,0.73284,1.69,1
10.08.2021 00:02:06.009,0.73294,0.73284,1,1
10.08.2021 00:02:09.998,0.7329300000000001,0.7328300000000001,1.25,2.25
10.08.2021 00:02:12.921,0.73294,0.7328100000000001,1.25,2.44
10.08.2021 00:02:13.024,0.73292,0.73282,1,1.69
10.08.2021 00:02:13.177,0.7329100000000001,0.7328100000000001,1,1.5
10.08.2021 00:02:16.131,0.7329300000000001,0.73282,1,1
10.08.2021 00:02:16.232,0.7329300000000001,0.7328300000000001,1.5,1
10.08.2021 00:02:17.194,0.73292,0.73282,3,1
10.08.2021 00:02:17.296,0.7328800000000001,0.73279,1,1.87
10.08.2021 00:02:17.397,0.7329,0.7327800000000001,1.69,1
10.08.2021 00:02:18.579,0.7328800000000001,0.73279,1,1
10.08.2021 00:02:20.678,0.73289,0.73277,1,1.69
10.08.2021 00:02:20.780,0.7328800000000001,0.73277,1,1.25
10.08.2021 00:02:24.008,0.73289,0.73277,1,1.69
10.08.2021 00:02:25.334,0.73289,0.7328,1,2.87
10.08.2021 00:02:25.436,0.7329300000000001,0.7328300000000001,1.7,1
10.08.2021 00:02:25.537,0.73294,0.7328300000000001,1.5,1.69
10.08.2021 00:02:26.556,0.73294,0.73284,1,1
10.08.2021 00:02:27.808,0.7329300000000001,0.73284,1,1
10.08.2021 00:02:27.910,0.7329300000000001,0.7328300000000001,1,1.5
10.08.2021 00:02:28.717,0.73294,0.73284,1,1.69
10.08.2021 00:02:30.721,0.73295,0.7328300000000001,1,1.7
10.08.2021 00:02:30.822,0.7329600000000001,0.73285,1,1.25
10.08.2021 00:02:30.924,0.7329600000000001,0.7328600000000001,1,1.69
10.08.2021 00:02:31.293,0.7329600000000001,0.73287,1,1
10.08.2021 00:02:31.396,0.73297,0.73287,1,1.76
10.08.2021 00:02:32.687,0.7329800000000001,0.73289,1,1
10.08.2021 00:02:32.788,0.73299,0.73289,1.5,1
10.08.2021 00:02:33.704,0.7329800000000001,0.73289,1,1
10.08.2021 00:02:34.264,0.733,0.7328800000000001,1,1.69
10.08.2021 00:02:38.605,0.73299,0.7328800000000001,1,1.69
10.08.2021 00:02:41.462,0.7329600000000001,0.73289,1,1
10.08.2021 00:02:42.061,0.73294,0.73285,1,1
10.08.2021 00:02:43.835,0.73295,0.73285,1,1
10.08.2021 00:02:43.937,0.73295,0.73285,1,2.76
10.08.2021 00:02:44.038,0.73295,0.73284,1,1
10.08.2021 00:02:44.260,0.7329300000000001,0.73285,1,1
10.08.2021 00:02:44.362,0.73292,0.73284,1,1
10.08.2021 00:02:48.230,0.7329100000000001,0.73284,1,1
10.08.2021 00:02:50.872,0.73292,0.73284,1,1
10.08.2021 00:02:56.405,0.7329100000000001,0.7328100000000001,1,1.12
10.08.2021 00:02:56.507,0.7328800000000001,0.73279,1,1.95
10.08.2021 00:02:57.934,0.73285,0.7327600000000001,1,2.37
10.08.2021 00:02:58.036,0.73285,0.7327600000000001,1,1.87
10.08.2021 00:02:58.516,0.73284,0.7327600000000001,1,1
10.08.2021 00:02:58.618,0.7328300000000001,0.7327600000000001,1,1
10.08.2021 00:03:00.445,0.7328300000000001,0.73275,1,1.69
10.08.2021 00:03:02.849,0.73285,0.73275,2.14,1
10.08.2021 00:03:02.900,0.7328,0.73272,1,1
10.08.2021 00:03:02.951,0.7328100000000001,0.73269,1,4.39
10.08.2021 00:03:03.002,0.7327800000000001,0.7327,1,2.81
10.08.2021 00:03:03.154,0.7327800000000001,0.73269,1,1.76
10.08.2021 00:03:04.552,0.7327800000000001,0.7327,1,1
10.08.2021 00:03:04.653,0.73279,0.7327,1,1.5
10.08.2021 00:03:05.446,0.7327800000000001,0.7327,1,1
10.08.2021 00:03:05.548,0.7327800000000001,0.73269,1,1.69
10.08.2021 00:03:10.791,0.73277,0.73269,1,1.69
10.08.2021 00:03:18.414,0.7327800000000001,0.73269,1,1.69
10.08.2021 00:03:24.041,0.73279,0.73269,1,1.69
10.08.2021 00:03:27.243,0.7327800000000001,0.73269,1,1.5
10.08.2021 00:03:35.610,0.73279,0.73267,1,1.5
10.08.2021 00:03:35.712,0.73275,0.7326600000000001,3.62,1.12
10.08.2021 00:03:35.864,0.7327300000000001,0.73263,1.25,1.5
10.08.2021 00:03:35.965,0.73272,0.73263,1,1
10.08.2021 00:03:36.167,0.73272,0.73262,1,2.44
10.08.2021 00:03:38.530,0.7327300000000001,0.7326100000000001,1,4.19
10.08.2021 00:03:38.631,0.73274,0.73264,1.31,1
10.08.2021 00:03:38.885,0.7327600000000001,0.73265,3.75,1.5
10.08.2021 00:03:42.264,0.7327600000000001,0.7326600000000001,1,1.69
10.08.2021 00:03:42.366,0.7327600000000001,0.73264,1,2.62
10.08.2021 00:03:46.604,0.73274,0.73265,1,1
10.08.2021 00:03:47.464,0.73275,0.73263,1,2.44
10.08.2021 00:04:01.542,0.7327100000000001,0.7326100000000001,1,1
10.08.2021 00:04:01.694,0.7327,0.7326,1.5,1
10.08.2021 00:04:06.196,0.73269,0.73259,1,1.5
10.08.2021 00:04:11.032,0.73269,0.73258,1.5,2.81
10.08.2021 00:04:11.134,0.73264,0.73254,1,5.25
10.08.2021 00:04:11.235,0.73265,0.73255,1,1
10.08.2021 00:04:11.449,0.7326600000000001,0.73255,1.5,1.5
10.08.2021 00:04:14.677,0.73265,0.73255,1,1
10.08.2021 00:04:14.780,0.73265,0.73254,2.44,2.25
10.08.2021 00:04:14.881,0.73264,0.73254,1,2.25
10.08.2021 00:04:14.982,0.73265,0.73254,3,2.25
10.08.2021 00:04:16.210,0.73265,0.73255,1.87,1
10.08.2021 00:04:17.152,0.73267,0.73255,1.12,1
10.08.2021 00:04:17.534,0.73267,0.7325600000000001,1.5,2.25
10.08.2021 00:04:20.847,0.73267,0.7325600000000001,2.75,1.5
10.08.2021 00:04:23.707,0.7327,0.73257,3.12,1.75
10.08.2021 00:04:23.809,0.73269,0.73259,1.87,1.25
10.08.2021 00:04:25.985,0.7327100000000001,0.73258,1.87,1.69
10.08.2021 00:04:28.802,0.7327100000000001,0.7326100000000001,1.5,1
10.08.2021 00:04:29.004,0.7327100000000001,0.7326100000000001,1,1
10.08.2021 00:04:29.302,0.7327300000000001,0.73262,4.2,1.25
10.08.2021 00:04:29.454,0.7327300000000001,0.7326100000000001,1,1
10.08.2021 00:04:29.555,0.73272,0.7326,1,1.25
10.08.2021 00:04:29.707,0.73272,0.73262,1.5,1
10.08.2021 00:04:29.911,0.73272,0.73262,1.87,1
10.08.2021 00:04:35.589,0.7327300000000001,0.73263,2,1
10.08.2021 00:04:35.692,0.7327300000000001,0.73264,1.5,1
10.08.2021 00:04:35.830,0.7327300000000001,0.73264,1,1.25
10.08.2021 00:04:37.917,0.73275,0.73264,2.62,1.25
10.08.2021 00:04:38.174,0.73275,0.73262,1,2.44
10.08.2021 00:04:40.265,0.7327300000000001,0.73263,1,2.44
10.08.2021 00:04:40.367,0.73274,0.73263,1.31,1.5
10.08.2021 00:04:40.469,0.73274,0.73264,1.31,1
10.08.2021 00:04:45.040,0.73275,0.73265,1,1.25
10.08.2021 00:04:47.397,0.73275,0.73264,2.62,1.69
10.08.2021 00:04:55.118,0.73275,0.73263,1,1.25
10.08.2021 00:05:00.233,0.7327300000000001,0.73263,1,1.69
10.08.2021 00:05:01.439,0.73272,0.7326100000000001,1,3.56
10.08.2021 00:05:01.540,0.7327100000000001,0.7326100000000001,1,2.44
10.08.2021 00:05:01.843,0.7327300000000001,0.7326,1.87,2.44
10.08.2021 00:05:02.930,0.7327300000000001,0.73263,1.12,1
10.08.2021 00:05:03.032,0.73274,0.73264,1,1.5
10.08.2021 00:05:05.640,0.73274,0.73263,1.25,2.25
10.08.2021 00:05:09.220,0.73274,0.73264,1.25,1
10.08.2021 00:05:13.336,0.73274,0.73263,2.06,2.25
10.08.2021 00:05:13.437,0.73274,0.73264,1.12,1
10.08.2021 00:05:14.381,0.7327600000000001,0.73264,3.56,1
10.08.2021 00:05:14.585,0.73277,0.73267,4.51,1
10.08.2021 00:05:14.686,0.7327600000000001,0.73265,4.62,1.5
10.08.2021 00:05:14.788,0.7327600000000001,0.73265,4.5,1.5
10.08.2021 00:05:16.041,0.7327600000000001,0.73264,1,1
10.08.2021 00:05:16.208,0.7327600000000001,0.73265,4.5,1.5
10.08.2021 00:05:16.309,0.73275,0.73265,1.87,1
10.08.2021 00:05:16.511,0.73274,0.73262,1.5,1.25
10.08.2021 00:05:16.613,0.7327300000000001,0.7326,1.5,2.44
10.08.2021 00:05:16.714,0.7327100000000001,0.7326100000000001,1,1.69
10.08.2021 00:05:17.760,0.7327,0.7326,1,1.69
10.08.2021 00:05:18.053,0.73269,0.73259,1,2.5
10.08.2021 00:05:18.155,0.73269,0.73259,1,1.5
10.08.2021 00:05:18.609,0.73268,0.73255,1.5,2.81
10.08.2021 00:05:18.711,0.7326600000000001,0.7325600000000001,1,1.5
10.08.2021 00:05:28.725,0.7326600000000001,0.73257,1.5,1
10.08.2021 00:05:31.114,0.7326600000000001,0.7325600000000001,1,1.5
10.08.2021 00:05:38.185,0.73267,0.73257,1.12,2.44
10.08.2021 00:05:38.288,0.73269,0.73259,1.5,1
10.08.2021 00:05:38.339,0.73269,0.73259,1,1
10.08.2021 00:05:40.653,0.73269,0.73257,4.31,1
10.08.2021 00:05:40.755,0.73267,0.73257,1,1.5
10.08.2021 00:05:45.762,0.7326600000000001,0.7325600000000001,3.37,1
10.08.2021 00:05:45.863,0.73265,0.7325600000000001,1,1
10.08.2021 00:05:45.965,0.73265,0.73255,1.12,2.44
10.08.2021 00:05:51.236,0.7326600000000001,0.73254,2.37,1
10.08.2021 00:05:52.166,0.73265,0.73254,2.94,2.25
10.08.2021 00:05:55.274,0.73265,0.73254,2.81,1.5
10.08.2021 00:05:57.022,0.73265,0.73255,2.81,1
10.08.2021 00:06:03.979,0.73265,0.73257,1.12,1
10.08.2021 00:06:04.081,0.7326600000000001,0.73257,2.25,1
10.08.2021 00:06:06.144,0.73268,0.73259,1.5,1
10.08.2021 00:06:06.297,0.73269,0.7326,1.87,1
10.08.2021 00:06:06.398,0.73269,0.73259,1.87,1
10.08.2021 00:06:07.177,0.73269,0.7326,1.87,1
10.08.2021 00:06:09.902,0.7327,0.7326,1.31,1.5
10.08.2021 00:06:10.003,0.7327300000000001,0.73262,6.31,1.69
10.08.2021 00:06:10.105,0.73274,0.7326100000000001,5.06,2.44
10.08.2021 00:06:10.206,0.7327300000000001,0.7326100000000001,1,1
10.08.2021 00:06:13.834,0.73272,0.73263,1.12,1
10.08.2021 00:06:15.870,0.73274,0.73262,1,1.5
10.08.2021 00:06:24.384,0.73274,0.73264,2,1.5
10.08.2021 00:06:24.595,0.73274,0.73264,2.81,1.5
10.08.2021 00:06:24.707,0.7327300000000001,0.73264,1,1
10.08.2021 00:06:26.641,0.73275,0.73263,1.87,1
10.08.2021 00:06:28.248,0.7327600000000001,0.73264,1.87,2.44
10.08.2021 00:06:28.299,0.73275,0.73267,1.12,1
10.08.2021 00:06:28.453,0.7327600000000001,0.7326600000000001,1.87,1.5
10.08.2021 00:06:35.397,0.7327800000000001,0.73268,7.06,1.5
10.08.2021 00:06:35.448,0.7327800000000001,0.73268,2.81,1.5
10.08.2021 00:06:44.202,0.73279,0.73268,1,1
10.08.2021 00:06:46.460,0.7328100000000001,0.73269,2.81,1
10.08.2021 00:06:46.562,0.7328,0.7327100000000001,1.12,1
10.08.2021 00:06:46.942,0.7328100000000001,0.73269,1,1.5
10.08.2021 00:06:47.044,0.7328300000000001,0.73274,1.5,1.5
10.08.2021 00:06:51.196,0.7328300000000001,0.73272,1,1
10.08.2021 00:06:59.624,0.73282,0.73272,1.87,1
10.08.2021 00:07:02.640,0.7328300000000001,0.73272,1.12,1
10.08.2021 00:07:02.742,0.7328300000000001,0.7327300000000001,1,1.5
10.08.2021 00:07:05.427,0.73284,0.73274,2.7,1.5
10.08.2021 00:07:13.054,0.73284,0.73275,1,1
10.08.2021 00:07:14.674,0.73284,0.73274,1.5,1
10.08.2021 00:07:14.827,0.73284,0.7327100000000001,4.01,1.5
10.08.2021 00:07:20.248,0.7328300000000001,0.73272,4.7,1
10.08.2021 00:07:21.354,0.73284,0.7327100000000001,4.57,1
10.08.2021 00:07:21.910,0.7328300000000001,0.73272,4.7,1
10.08.2021 00:07:22.377,0.7328100000000001,0.7327100000000001,1.5,1.69
10.08.2021 00:07:25.023,0.7328100000000001,0.7327,1.87,3.19
10.08.2021 00:07:25.125,0.7328100000000001,0.7327100000000001,1.87,1
10.08.2021 00:07:25.417,0.73282,0.73269,2.44,2.25
10.08.2021 00:07:33.109,0.73282,0.73269,5.39,1.5
10.08.2021 00:07:33.210,0.7328,0.73269,2.81,2.25
10.08.2021 00:07:33.711,0.73279,0.73268,1.5,3.19
10.08.2021 00:07:33.813,0.7328,0.73268,1.5,1
10.08.2021 00:07:51.813,0.7328100000000001,0.73269,3.64,1
10.08.2021 00:08:03.425,0.73279,0.73268,1,1
10.08.2021 00:08:06.855,0.7327600000000001,0.7326600000000001,2.25,1
10.08.2021 00:08:06.956,0.73275,0.73264,3.64,2.62
10.08.2021 00:08:07.057,0.73275,0.73263,1,1.5
10.08.2021 00:08:08.077,0.7327300000000001,0.73264,1,1
10.08.2021 00:08:09.563,0.73274,0.73262,1,2.25
10.08.2021 00:08:12.692,0.7327300000000001,0.73262,1,1.5
10.08.2021 00:08:13.106,0.73272,0.73262,1.12,2.25
10.08.2021 00:08:13.207,0.73272,0.7326100000000001,1,1
10.08.2021 00:08:28.783,0.7327300000000001,0.73263,2.25,1.5
10.08.2021 00:08:28.936,0.73274,0.73264,2.62,1
10.08.2021 00:08:28.987,0.7327600000000001,0.7326600000000001,2.81,1
10.08.2021 00:08:29.089,0.73277,0.73267,4.44,1
10.08.2021 00:08:29.190,0.7327800000000001,0.73267,3.56,1.5
10.08.2021 00:08:29.591,0.73277,0.73267,1.69,1
10.08.2021 00:08:29.743,0.7327600000000001,0.73267,2.06,1
10.08.2021 00:08:29.845,0.73277,0.73265,2.81,1
10.08.2021 00:08:31.438,0.7327600000000001,0.73267,1.87,1
10.08.2021 00:08:31.589,0.73279,0.7326600000000001,5.81,2.25
10.08.2021 00:08:31.791,0.7327800000000001,0.7326600000000001,1,2.25
10.08.2021 00:08:39.576,0.7327800000000001,0.73267,1,1
10.08.2021 00:08:39.678,0.7328,0.73268,1.5,1
10.08.2021 00:08:39.780,0.7328,0.73268,1.12,1
10.08.2021 00:08:45.196,0.7328,0.73269,3.75,1.5
10.08.2021 00:08:47.369,0.7328,0.7327,1.87,1.25
10.08.2021 00:08:47.420,0.7328300000000001,0.7327100000000001,2.75,1.5
10.08.2021 00:08:47.573,0.7328300000000001,0.73272,4.12,2.44
10.08.2021 00:08:50.858,0.7328300000000001,0.73272,3.69,2.44
10.08.2021 00:08:56.263,0.7328100000000001,0.7327,1.87,2.44
10.08.2021 00:09:05.506,0.7328,0.7327,1,1.69
10.08.2021 00:09:16.313,0.7328,0.73269,1.87,3.26
10.08.2021 00:09:16.818,0.7327800000000001,0.73269,1,1
10.08.2021 00:09:16.920,0.7327800000000001,0.73267,1.5,3.94
10.08.2021 00:09:36.957,0.73279,0.73268,1.87,1.76
10.08.2021 00:09:37.058,0.7328,0.73269,3.5,1
10.08.2021 00:09:37.159,0.7328,0.7327,2.25,1
10.08.2021 00:09:38.488,0.73279,0.73269,1,1.69
10.08.2021 00:09:46.827,0.7328,0.7327,2.75,1
10.08.2021 00:09:46.979,0.7328100000000001,0.73269,2.25,1
10.08.2021 00:09:49.639,0.7328,0.73269,3.75,1.69
10.08.2021 00:09:49.846,0.7328100000000001,0.73268,4.62,1.5
10.08.2021 00:09:49.961,0.73279,0.73268,1.87,3.26
10.08.2021 00:09:50.306,0.73277,0.73267,1.87,2.25
10.08.2021 00:09:50.407,0.73275,0.7326600000000001,1,1
10.08.2021 00:09:50.509,0.73275,0.73265,2.25,1
10.08.2021 00:09:51.156,0.73274,0.73264,3.37,1
10.08.2021 00:09:51.257,0.7327300000000001,0.73263,1.87,1
10.08.2021 00:09:51.358,0.73272,0.73262,1,1.5
10.08.2021 00:09:51.510,0.73272,0.7326100000000001,1.87,1.76
10.08.2021 00:09:51.669,0.73272,0.7326100000000001,1.5,2.57
10.08.2021 00:09:51.770,0.7327300000000001,0.73263,1.12,1.5
10.08.2021 00:09:54.702,0.73274,0.73264,2.25,1.5
10.08.2021 00:09:58.763,0.73274,0.73265,1,1
10.08.2021 00:09:58.887,0.73275,0.73265,1.87,1.25
10.08.2021 00:10:02.624,0.7327600000000001,0.7326600000000001,1.12,2.44
10.08.2021 00:10:02.725,0.73277,0.73267,2.75,1
10.08.2021 00:10:02.827,0.73277,0.73267,2.25,1
10.08.2021 00:10:07.515,0.7327800000000001,0.73268,2.25,1.25
10.08.2021 00:10:08.958,0.7327800000000001,0.73269,1,1
10.08.2021 00:10:09.060,0.7328100000000001,0.7327100000000001,1.75,1.5
10.08.2021 00:10:09.161,0.7328100000000001,0.7327100000000001,1.5,1.5
10.08.2021 00:10:10.224,0.7328,0.7327100000000001,1,1
10.08.2021 00:10:14.532,0.7328100000000001,0.7327100000000001,2.25,1
10.08.2021 00:10:14.633,0.73282,0.73272,3.37,1
10.08.2021 00:10:14.734,0.73282,0.7327300000000001,1.12,1.25
10.08.2021 00:10:14.836,0.7328300000000001,0.7327300000000001,1.12,1.69
10.08.2021 00:10:17.616,0.7328300000000001,0.73274,1,1
10.08.2021 00:10:38.024,0.73284,0.73275,1,1.25
10.08.2021 00:10:38.127,0.7328600000000001,0.73275,5,1.5
10.08.2021 00:10:41.467,0.73285,0.73274,1.87,3.19
10.08.2021 00:10:45.297,0.73285,0.7327300000000001,1,1.5
10.08.2021 00:10:45.348,0.73282,0.7327300000000001,2.44,1
10.08.2021 00:10:45.399,0.73282,0.7327100000000001,3.75,1.12
10.08.2021 00:10:45.500,0.7328100000000001,0.7327100000000001,2.62,1.12
10.08.2021 00:10:45.601,0.7328,0.7327,1,1.5
10.08.2021 00:10:46.207,0.7328100000000001,0.7327,2.62,1.5
10.08.2021 00:10:49.649,0.7328100000000001,0.73269,1,1.5
10.08.2021 00:10:50.528,0.7328100000000001,0.7327,2.62,1.5
10.08.2021 00:10:56.098,0.7328100000000001,0.73272,1,1.69
10.08.2021 00:10:56.200,0.73285,0.7327300000000001,3.87,1
10.08.2021 00:10:56.301,0.73285,0.7327300000000001,3,1
10.08.2021 00:11:05.931,0.73284,0.73275,1,1
10.08.2021 00:11:07.349,0.73285,0.73275,1.87,1.5
10.08.2021 00:11:20.562,0.73285,0.7327600000000001,1,1
10.08.2021 00:11:20.768,0.73285,0.73275,1,1.69
10.08.2021 00:11:36.614,0.73285,0.7327600000000001,1,1
10.08.2021 00:11:37.588,0.7328800000000001,0.7327800000000001,4.87,1.5
10.08.2021 00:11:48.842,0.7328800000000001,0.7327600000000001,1,1.25
10.08.2021 00:12:05.908,0.7328600000000001,0.7327600000000001,1,3.32
10.08.2021 00:12:05.959,0.7328600000000001,0.73274,1,2.25
10.08.2021 00:12:06.678,0.7328600000000001,0.73275,2.62,2.25
10.08.2021 00:12:06.982,0.73285,0.73275,1,2.25
10.08.2021 00:12:07.341,0.7328600000000001,0.73275,2.62,2.25
10.08.2021 00:12:08.785,0.7328600000000001,0.73274,1,2.25
10.08.2021 00:12:09.139,0.7328600000000001,0.73275,2.62,2.25
10.08.2021 00:12:09.760,0.73285,0.73275,1,2.25
10.08.2021 00:12:09.867,0.73287,0.73274,2.62,2.25
10.08.2021 00:12:10.749,0.7328600000000001,0.73274,1,2.25
10.08.2021 00:12:14.966,0.73285,0.73274,1,1
10.08.2021 00:12:16.948,0.73285,0.73275,1.87,1
10.08.2021 00:12:27.424,0.73287,0.73277,2.37,1
10.08.2021 00:12:27.475,0.7328800000000001,0.7327600000000001,1.87,1
10.08.2021 00:12:27.678,0.7328800000000001,0.7327800000000001,1,1.25
10.08.2021 00:12:27.780,0.73289,0.7328100000000001,1.5,1.69
10.08.2021 00:12:27.831,0.73292,0.7328100000000001,1.12,1.69
10.08.2021 00:12:27.932,0.73292,0.7328300000000001,2.06,1.69
10.08.2021 00:12:28.033,0.7329300000000001,0.73284,1,1.69
10.08.2021 00:12:32.141,0.7329100000000001,0.7328100000000001,2.62,1
10.08.2021 00:12:32.243,0.7329100000000001,0.7328,1,1
10.08.2021 00:12:45.241,0.73289,0.7328100000000001,1,1
10.08.2021 00:12:45.994,0.7329,0.7328100000000001,1.5,1
10.08.2021 00:12:55.567,0.73285,0.7327600000000001,1.5,2.94
10.08.2021 00:12:55.618,0.73285,0.73275,2.44,2.81
10.08.2021 00:12:55.669,0.73282,0.7327300000000001,2.25,1
10.08.2021 00:12:55.770,0.73282,0.73272,1,1.69
10.08.2021 00:12:55.872,0.7328100000000001,0.73272,1,1.69
10.08.2021 00:12:56.136,0.73282,0.73272,1,2.44
10.08.2021 00:12:56.389,0.73282,0.73272,1,3.25
10.08.2021 00:12:56.642,0.7328300000000001,0.7327300000000001,1,1.25
10.08.2021 00:12:56.743,0.73285,0.7327300000000001,1,1.69
10.08.2021 00:13:03.477,0.73284,0.73275,1,1.25
10.08.2021 00:13:03.733,0.73287,0.73275,1.12,1.25
10.08.2021 00:13:03.956,0.73287,0.73277,1.12,1.25
10.08.2021 00:13:05.101,0.73289,0.7328100000000001,1,1
10.08.2021 00:13:05.151,0.73289,0.73279,1,2.44
10.08.2021 00:13:05.253,0.7328800000000001,0.7327800000000001,2.44,1
10.08.2021 00:13:05.354,0.7328800000000001,0.73277,4.19,1.5
10.08.2021 00:13:06.105,0.7328800000000001,0.73277,2.44,2.44
10.08.2021 00:13:18.799,0.7328800000000001,0.7327800000000001,2.44,1
10.08.2021 00:13:43.706,0.7329,0.7328,3.81,1
10.08.2021 00:13:43.809,0.7329,0.7328,2.81,1
10.08.2021 00:13:50.567,0.73289,0.7328,1,1
10.08.2021 00:13:54.297,0.7329100000000001,0.73279,2.44,1
10.08.2021 00:14:03.022,0.7329,0.73279,2.81,1.5
10.08.2021 00:14:03.123,0.73289,0.7327800000000001,1.69,1.57
10.08.2021 00:14:12.711,0.73289,0.7327800000000001,3.81,1
10.08.2021 00:14:15.612,0.7328800000000001,0.73277,1.25,2.32
10.08.2021 00:14:17.989,0.73287,0.73277,1,1
10.08.2021 00:14:18.091,0.7328600000000001,0.73275,1.69,2.25
10.08.2021 00:14:35.680,0.73284,0.73275,1.25,1
10.08.2021 00:14:35.832,0.73284,0.73274,1.69,1
10.08.2021 00:14:48.904,0.73284,0.7327100000000001,3.81,1.5
10.08.2021 00:14:49.209,0.73284,0.73272,3.06,1
10.08.2021 00:14:49.310,0.7328300000000001,0.7327300000000001,1.25,1.5
10.08.2021 00:14:50.251,0.7328300000000001,0.7327300000000001,4.56,1
10.08.2021 00:14:50.353,0.7328300000000001,0.73272,1.31,1.5
10.08.2021 00:14:51.430,0.73284,0.73272,1.25,1
10.08.2021 00:14:53.088,0.73282,0.73272,1.25,1
10.08.2021 00:14:53.267,0.7328100000000001,0.7327100000000001,1.25,1
10.08.2021 00:14:55.090,0.7328300000000001,0.7327100000000001,1.31,1
10.08.2021 00:14:55.472,0.7328300000000001,0.73272,2.06,1
10.08.2021 00:14:55.573,0.7328300000000001,0.7327300000000001,1.31,1
10.08.2021 00:14:55.814,0.7328300000000001,0.73272,3.06,1
10.08.2021 00:14:56.018,0.7328300000000001,0.73272,2.06,1
10.08.2021 00:14:57.935,0.7328300000000001,0.7327300000000001,1.31,1
10.08.2021 00:15:00.580,0.73282,0.7327100000000001,5.12,1.12
10.08.2021 00:15:00.682,0.7328,0.7327100000000001,1,1.12
10.08.2021 00:15:00.783,0.7328100000000001,0.73269,1,2.25
10.08.2021 00:15:03.634,0.7328,0.7327100000000001,1,1
10.08.2021 00:15:03.736,0.7328300000000001,0.7327300000000001,2.37,3.19
10.08.2021 00:15:03.837,0.73285,0.73274,5.25,1.5
10.08.2021 00:15:03.938,0.73284,0.73274,1.5,1.5
10.08.2021 00:15:04.357,0.73285,0.73275,3.81,1
10.08.2021 00:15:06.172,0.73284,0.73274,1.5,1.5
10.08.2021 00:15:06.294,0.7328300000000001,0.73274,1.5,1
10.08.2021 00:15:06.531,0.73284,0.73274,2.69,1
10.08.2021 00:15:06.930,0.73284,0.73274,1.25,1
10.08.2021 00:15:07.740,0.73284,0.73274,1.5,1.5
10.08.2021 00:15:13.427,0.73285,0.73275,3.06,1
10.08.2021 00:15:13.529,0.73285,0.73275,2.06,1
10.08.2021 00:15:15.977,0.73285,0.73275,2.69,1
10.08.2021 00:15:16.028,0.7328300000000001,0.7327300000000001,1.25,2.25
10.08.2021 00:15:16.129,0.73284,0.73272,3.44,1
10.08.2021 00:15:16.231,0.73282,0.73272,1.31,1.5
10.08.2021 00:15:20.624,0.7328100000000001,0.7327100000000001,1.12,1.5
10.08.2021 00:15:20.726,0.7328100000000001,0.7327100000000001,3.44,1
10.08.2021 00:15:20.827,0.7328,0.7327,1.25,2.25
10.08.2021 00:15:38.126,0.7327800000000001,0.7327,1.25,1
10.08.2021 00:15:38.177,0.73279,0.73267,2.44,1.2
10.08.2021 00:15:38.228,0.7327600000000001,0.73268,2.06,1
10.08.2021 00:15:38.279,0.73275,0.7326600000000001,1.69,1
10.08.2021 00:15:38.380,0.7327300000000001,0.73264,1.69,1
10.08.2021 00:15:43.212,0.73275,0.73264,3.06,2.32
10.08.2021 00:15:59.440,0.7327300000000001,0.73263,1,2.25
10.08.2021 00:16:03.303,0.7327300000000001,0.73264,1,1
10.08.2021 00:16:03.472,0.73274,0.73262,1,3.07
10.08.2021 00:16:19.721,0.73274,0.73264,2.44,2.7
10.08.2021 00:16:29.048,0.73275,0.73265,1.25,1
10.08.2021 00:16:30.603,0.7327800000000001,0.7326600000000001,3.12,1.5
10.08.2021 00:16:30.704,0.7328,0.7327100000000001,1.5,1
10.08.2021 00:16:30.805,0.7328,0.73272,1,1
10.08.2021 00:16:30.957,0.7328300000000001,0.7327100000000001,2.06,2.25
10.08.2021 00:16:52.944,0.7328100000000001,0.73272,1,1.5
10.08.2021 00:16:52.995,0.7328100000000001,0.73269,1,3.07
10.08.2021 00:17:00.258,0.73279,0.7327,1,1
10.08.2021 00:17:01.661,0.7328100000000001,0.73269,1.87,1
10.08.2021 00:17:04.644,0.7328100000000001,0.7327100000000001,1.31,2.25
10.08.2021 00:17:04.795,0.73282,0.73272,1.5,2.25
10.08.2021 00:17:04.897,0.73282,0.73272,1,3.82
10.08.2021 00:17:05.499,0.7328300000000001,0.7327300000000001,2.06,1
10.08.2021 00:17:05.666,0.73284,0.7327300000000001,1.31,2.25
10.08.2021 00:17:05.767,0.73284,0.73274,1,1
10.08.2021 00:17:19.725,0.73285,0.73274,2.81,1.5
10.08.2021 00:17:19.827,0.7328600000000001,0.7327300000000001,3.81,1.5
10.08.2021 00:17:19.965,0.7328600000000001,0.7327300000000001,2.81,1.5
10.08.2021 00:17:20.066,0.73285,0.73274,3.81,1.5
10.08.2021 00:17:20.167,0.73285,0.73274,2.81,1.5
10.08.2021 00:17:20.269,0.7328600000000001,0.7327300000000001,3.81,1.5
10.08.2021 00:17:20.370,0.73285,0.73274,2.81,1.5
10.08.2021 00:17:20.622,0.73285,0.73274,3.81,1.5
10.08.2021 00:17:20.824,0.7328600000000001,0.7327300000000001,2.81,1.5
10.08.2021 00:17:20.975,0.73285,0.73274,3.81,1.5
10.08.2021 00:17:21.076,0.7328600000000001,0.7327300000000001,2.81,1.5
10.08.2021 00:17:21.245,0.73285,0.73274,3.81,1.5
10.08.2021 00:17:21.346,0.73285,0.73274,3,1.5
10.08.2021 00:17:21.548,0.7328600000000001,0.7327300000000001,3.81,1.5
10.08.2021 00:17:21.650,0.73285,0.73274,2.81,1.5
10.08.2021 00:17:21.852,0.73285,0.73274,3.81,1.5
10.08.2021 00:17:22.003,0.73285,0.73274,2.81,1.5
10.08.2021 00:17:22.255,0.7328600000000001,0.7327300000000001,3.81,1.5
10.08.2021 00:17:22.407,0.73285,0.73274,2.81,1.5
10.08.2021 00:17:22.710,0.73285,0.73274,3.81,1.5
10.08.2021 00:17:22.811,0.73285,0.73274,2.81,1.5
10.08.2021 00:17:23.294,0.73285,0.73274,3.81,1.5
10.08.2021 00:17:23.395,0.73285,0.73274,2.81,1.5
10.08.2021 00:17:23.856,0.73284,0.73274,1.25,1.5
10.08.2021 00:17:30.070,0.73285,0.73275,2.06,1
10.08.2021 00:17:30.171,0.73285,0.7327600000000001,1.12,1
10.08.2021 00:17:48.496,0.7328600000000001,0.7327600000000001,2.06,1.5
10.08.2021 00:17:49.306,0.73289,0.73277,3.06,1
10.08.2021 00:17:49.458,0.7328800000000001,0.7327800000000001,2.06,1
10.08.2021 00:17:50.164,0.7328800000000001,0.73279,1.25,1
10.08.2021 00:17:50.767,0.7329,0.7328,1.12,1
10.08.2021 00:18:02.580,0.7329300000000001,0.73282,2.19,1.5
10.08.2021 00:18:02.681,0.73292,0.7328300000000001,1.31,1.5
10.08.2021 00:18:02.786,0.73295,0.7328300000000001,2.44,1.5
10.08.2021 00:18:02.887,0.73295,0.7328300000000001,2.31,1.5
10.08.2021 00:18:05.712,0.73294,0.73282,1.25,2.25
10.08.2021 00:18:07.311,0.7329300000000001,0.73284,1.25,1
10.08.2021 00:18:07.412,0.73295,0.73285,2.25,1.5
10.08.2021 00:18:07.463,0.7329300000000001,0.73285,1.25,1.5
10.08.2021 00:18:07.564,0.73294,0.73285,1.25,1.5
10.08.2021 00:18:09.696,0.7329800000000001,0.73287,1.12,1
10.08.2021 00:18:09.898,0.73299,0.73287,1.5,1.5
10.08.2021 00:18:09.999,0.7329800000000001,0.73289,1.12,1
10.08.2021 00:18:11.726,0.733,0.7329,3.19,1
10.08.2021 00:18:15.506,0.73301,0.7329100000000001,2.31,1
10.08.2021 00:18:15.607,0.7330300000000001,0.73292,3.69,1
10.08.2021 00:18:15.709,0.7330300000000001,0.73295,1,1.5
10.08.2021 00:18:16.015,0.73306,0.73294,1.12,1.5
10.08.2021 00:18:16.177,0.7330500000000001,0.7329600000000001,1.31,1.5
10.08.2021 00:18:16.636,0.7330500000000001,0.73297,1.25,1
10.08.2021 00:18:16.889,0.73306,0.7329600000000001,3.06,1.5
10.08.2021 00:18:17.246,0.73306,0.73297,3.06,1
10.08.2021 00:18:17.347,0.73306,0.73297,1.25,1.5
10.08.2021 00:18:22.100,0.73306,0.7329800000000001,1,1
10.08.2021 00:18:22.151,0.73309,0.7329800000000001,2.06,1.5
10.08.2021 00:18:22.253,0.73309,0.733,1.75,1
10.08.2021 00:18:22.354,0.73309,0.733,1,1.5
10.08.2021 00:18:22.646,0.73309,0.73301,1,1
10.08.2021 00:18:29.724,0.73309,0.733,1,1.5
10.08.2021 00:18:38.223,0.73309,0.73299,1.25,1.5
10.08.2021 00:18:40.562,0.73309,0.733,1.25,1
10.08.2021 00:18:41.372,0.73306,0.73299,1.69,1
10.08.2021 00:18:41.423,0.73306,0.73297,2.69,3.07
10.08.2021 00:18:41.525,0.73306,0.73295,1.94,1
10.08.2021 00:18:41.626,0.73306,0.73294,2.31,1.5
10.08.2021 00:18:41.727,0.73302,0.7329300000000001,2.69,1
10.08.2021 00:18:41.828,0.73301,0.73292,1.31,2.7
10.08.2021 00:18:41.930,0.73301,0.73292,3.81,1
10.08.2021 00:18:45.466,0.73301,0.7329100000000001,4.69,1
10.08.2021 00:18:50.262,0.73299,0.7329100000000001,2.31,1
10.08.2021 00:18:50.312,0.7329800000000001,0.7328800000000001,1.12,2.32
10.08.2021 00:18:50.414,0.73297,0.7328800000000001,1.12,1.5
10.08.2021 00:18:50.565,0.73297,0.73289,1.87,1
10.08.2021 00:18:51.497,0.73299,0.73289,2.37,1.5
10.08.2021 00:18:51.598,0.733,0.7329,3.31,1.5
10.08.2021 00:18:51.699,0.73301,0.7329100000000001,1.25,1
10.08.2021 00:18:55.790,0.73301,0.7329100000000001,4.25,1.5
10.08.2021 00:18:59.734,0.73302,0.73292,3.19,1
10.08.2021 00:18:59.936,0.73304,0.7329100000000001,3.87,1.5
10.08.2021 00:19:00.410,0.73304,0.73292,2.19,1
10.08.2021 00:19:02.072,0.7330300000000001,0.73294,1,1
10.08.2021 00:19:02.227,0.7330500000000001,0.7329300000000001,1.87,1.5
10.08.2021 00:19:02.379,0.73304,0.73295,1,1
10.08.2021 00:19:02.920,0.73306,0.7329600000000001,1.62,1.5
10.08.2021 00:19:03.071,0.73306,0.7329600000000001,1.5,1.5
10.08.2021 00:19:08.411,0.73307,0.7329600000000001,1,1
10.08.2021 00:19:09.820,0.7330800000000001,0.73299,5.19,1
10.08.2021 00:19:09.921,0.7331000000000001,0.73299,3.69,3.07
10.08.2021 00:19:10.023,0.7331000000000001,0.733,3.87,1.5
10.08.2021 00:19:10.124,0.7331000000000001,0.733,3,1.5
10.08.2021 00:19:13.772,0.7331000000000001,0.73302,3,1
10.08.2021 00:19:16.382,0.7331000000000001,0.7330300000000001,1,1
10.08.2021 00:19:16.593,0.73311,0.7330300000000001,1.12,1
10.08.2021 00:19:16.745,0.7331300000000001,0.73304,2.37,1
10.08.2021 00:19:16.796,0.7331300000000001,0.7330500000000001,1.31,1.5
10.08.2021 00:19:18.492,0.73314,0.7330500000000001,1.31,1.5
10.08.2021 00:19:18.644,0.73314,0.7330500000000001,3.06,1
10.08.2021 00:19:20.507,0.73317,0.73307,1.25,1
10.08.2021 00:19:20.760,0.73317,0.73307,3.94,1.5
10.08.2021 00:19:27.618,0.7331500000000001,0.73307,1,1.5
10.08.2021 00:19:27.669,0.73314,0.7330300000000001,3.19,1.5
10.08.2021 00:19:27.720,0.73312,0.7330300000000001,1.94,2.32
10.08.2021 00:19:27.822,0.7331000000000001,0.73302,2.69,1.87
10.08.2021 00:19:28.381,0.73311,0.733,3.06,1
10.08.2021 00:19:36.529,0.7331000000000001,0.73302,1.31,1
10.08.2021 00:19:36.924,0.7331300000000001,0.73304,1.12,3.07
10.08.2021 00:19:37.026,0.73314,0.7330500000000001,1,1.5
10.08.2021 00:19:37.127,0.7331500000000001,0.7330500000000001,3.12,1.5
10.08.2021 00:19:37.229,0.7331500000000001,0.73306,3.12,1
10.08.2021 00:19:46.064,0.73316,0.7330500000000001,3,1
10.08.2021 00:19:47.945,0.73314,0.7330500000000001,1.25,1.5
10.08.2021 00:19:50.934,0.73314,0.73306,1.31,1
10.08.2021 00:19:51.402,0.73314,0.7330500000000001,1.31,1
10.08.2021 00:19:52.888,0.7331500000000001,0.7330500000000001,4.12,1.5
10.08.2021 00:19:55.367,0.73316,0.73304,3.5,1.5
10.08.2021 00:19:59.895,0.73314,0.73304,3.75,1.5
10.08.2021 00:19:59.997,0.7331300000000001,0.7330300000000001,1,1.5
10.08.2021 00:20:00.100,0.73314,0.73302,2.19,1.5
10.08.2021 00:20:02.548,0.7331300000000001,0.7330300000000001,1.87,1.5
10.08.2021 00:20:06.538,0.73312,0.73302,3.5,1.5
10.08.2021 00:20:07.110,0.73311,0.73301,1,1.5
10.08.2021 00:20:18.652,0.73312,0.73301,1,1
10.08.2021 00:20:18.756,0.73311,0.73301,1.5,1.5
10.08.2021 00:20:29.919,0.7331300000000001,0.73304,4.44,1
10.08.2021 00:20:30.122,0.7331500000000001,0.7330500000000001,1.5,1.5
10.08.2021 00:20:35.423,0.73316,0.7330500000000001,1.12,1
10.08.2021 00:20:40.407,0.73317,0.7330800000000001,1.75,1
10.08.2021 00:20:40.560,0.7332000000000001,0.73309,2.19,2.25
10.08.2021 00:20:40.802,0.7332000000000001,0.7331000000000001,2.19,1
10.08.2021 00:20:40.955,0.73321,0.73309,2.06,1
10.08.2021 00:20:42.799,0.73319,0.7331000000000001,1.12,1
10.08.2021 00:20:43.831,0.73319,0.7331000000000001,1.75,1
10.08.2021 00:20:44.317,0.73318,0.73309,1.12,1.5
10.08.2021 00:20:44.367,0.73316,0.73307,1.25,1
10.08.2021 00:20:44.468,0.73316,0.73306,2.44,1.5
10.08.2021 00:20:44.774,0.73314,0.73304,2.62,3.07
10.08.2021 00:20:44.875,0.73311,0.73304,1.25,1
10.08.2021 00:20:44.977,0.73311,0.73302,1.75,2.25
10.08.2021 00:20:45.230,0.7331300000000001,0.7330300000000001,1.25,1
10.08.2021 00:20:45.280,0.73314,0.73304,3.37,1
10.08.2021 00:20:45.736,0.7331300000000001,0.73304,1.94,1
10.08.2021 00:20:45.837,0.7331300000000001,0.7330300000000001,1.94,1.5
10.08.2021 00:20:50.243,0.73311,0.73302,3.37,1
10.08.2021 00:20:50.344,0.7331000000000001,0.73301,1.25,1
10.08.2021 00:20:50.652,0.73309,0.73301,1.25,1
10.08.2021 00:20:51.505,0.7331000000000001,0.73301,1.31,1
10.08.2021 00:20:53.074,0.7331000000000001,0.73302,1.31,1
10.08.2021 00:21:00.502,0.73311,0.73302,1.69,1
10.08.2021 00:21:02.813,0.73312,0.73301,2.31,1
10.08.2021 00:21:03.015,0.73311,0.73302,2.06,1
10.08.2021 00:21:07.868,0.7331000000000001,0.73302,1.25,1.5
10.08.2021 00:21:16.281,0.7331000000000001,0.73301,1.25,1.5
10.08.2021 00:21:28.187,0.73312,0.733,3.19,1.5
10.08.2021 00:21:28.389,0.7331000000000001,0.73301,1,1.5
10.08.2021 00:21:29.315,0.73311,0.73301,2.06,1.5
10.08.2021 00:21:29.518,0.7331000000000001,0.73301,1.25,1.5
10.08.2021 00:21:29.722,0.7331000000000001,0.73302,1.25,1
10.08.2021 00:21:30.411,0.73311,0.73302,1.31,1
10.08.2021 00:21:30.522,0.73312,0.73301,2.31,1
10.08.2021 00:21:30.623,0.73311,0.73302,1.12,1
10.08.2021 00:21:30.934,0.7331000000000001,0.73302,1.25,1
10.08.2021 00:21:34.896,0.73312,0.73301,1.31,1
10.08.2021 00:21:35.150,0.73312,0.73301,2.31,1
10.08.2021 00:21:35.259,0.73311,0.73302,1.31,1
10.08.2021 00:21:35.360,0.73311,0.73302,2.31,1
10.08.2021 00:21:35.463,0.73312,0.73301,1.31,1
10.08.2021 00:21:37.272,0.73311,0.73302,3.14,1
10.08.2021 00:21:37.425,0.73311,0.73302,2.14,1
10.08.2021 00:21:37.882,0.73312,0.73301,3.14,1
10.08.2021 00:21:37.983,0.73311,0.73302,3.07,1
10.08.2021 00:21:38.389,0.7331000000000001,0.73301,1.25,1.5
10.08.2021 00:21:41.445,0.73312,0.733,1.31,1.5
10.08.2021 00:21:41.546,0.73311,0.73302,1.31,1
10.08.2021 00:21:46.447,0.73311,0.73302,2.12,1
10.08.2021 00:21:46.548,0.73311,0.73302,1.31,1
10.08.2021 00:21:48.441,0.73311,0.73302,2.12,1
10.08.2021 00:21:48.542,0.73311,0.73302,2.06,1
10.08.2021 00:22:04.056,0.73312,0.73301,3.14,1
10.08.2021 00:22:04.162,0.73311,0.73301,1.5,1
10.08.2021 00:22:05.080,0.73311,0.73302,3.14,1
10.08.2021 00:22:11.800,0.73311,0.73301,3.06,1.5
10.08.2021 00:22:12.584,0.73311,0.73301,1.12,1.5
10.08.2021 00:22:16.168,0.7331000000000001,0.73301,1.25,1.5
10.08.2021 00:22:22.761,0.73311,0.73301,2.06,1.5
10.08.2021 00:22:23.833,0.73311,0.73301,2.31,1.5
10.08.2021 00:22:23.935,0.73311,0.73301,1.31,1.5
10.08.2021 00:22:24.936,0.73311,0.73301,2.31,1.5
10.08.2021 00:22:25.037,0.73311,0.73301,2.25,1.5
10.08.2021 00:22:25.333,0.73311,0.73302,1.31,1
10.08.2021 00:22:25.434,0.73311,0.73302,2.31,1
10.08.2021 00:22:25.536,0.73312,0.73301,1.12,1
10.08.2021 00:22:25.789,0.73311,0.73302,2.31,1
10.08.2021 00:22:25.890,0.73311,0.73302,1.12,1
10.08.2021 00:22:26.152,0.73312,0.733,2.06,1.5
10.08.2021 00:22:39.443,0.7331000000000001,0.73301,1,1.5
10.08.2021 00:22:40.678,0.7330500000000001,0.7329800000000001,1,1
10.08.2021 00:22:40.779,0.7330500000000001,0.73297,1.69,1
10.08.2021 00:22:40.982,0.7330500000000001,0.7329600000000001,1.69,1
10.08.2021 00:22:49.310,0.73304,0.7329300000000001,2.44,1.5
10.08.2021 00:22:49.463,0.73304,0.73292,3.37,3.07
10.08.2021 00:22:49.565,0.73302,0.73292,1,2.25
10.08.2021 00:22:49.818,0.7330500000000001,0.73292,1.12,4.14
10.08.2021 00:22:49.919,0.7330500000000001,0.73295,1.94,1
10.08.2021 00:22:50.447,0.7330500000000001,0.7329600000000001,1.94,1
10.08.2021 00:23:36.367,0.7330500000000001,0.7329600000000001,1.25,1.5
10.08.2021 00:23:36.469,0.73306,0.7329600000000001,1.25,1.5
10.08.2021 00:23:43.399,0.7330500000000001,0.7329600000000001,1.94,1
10.08.2021 00:23:56.767,0.7330500000000001,0.73295,1.94,1.5
10.08.2021 00:24:00.253,0.7330500000000001,0.73295,1.25,3.07
10.08.2021 00:24:04.210,0.73304,0.73294,1.94,2.7
10.08.2021 00:24:04.422,0.7330300000000001,0.73294,1.5,1
10.08.2021 00:24:07.880,0.7330500000000001,0.7329300000000001,4.94,1
10.08.2021 00:24:09.855,0.73304,0.73295,3.44,1
10.08.2021 00:24:40.618,0.7330500000000001,0.73294,1.25,1
10.08.2021 00:25:04.947,0.73306,0.73295,1.5,1
10.08.2021 00:25:12.247,0.733,0.73292,1,1
10.08.2021 00:25:12.298,0.73299,0.7329100000000001,1.5,1.12
10.08.2021 00:25:12.349,0.7329600000000001,0.73287,1.12,1.87
10.08.2021 00:25:12.450,0.73295,0.73287,1.25,1
10.08.2021 00:25:12.551,0.73295,0.7328600000000001,1.69,1
10.08.2021 00:25:27.058,0.73297,0.7328800000000001,1.69,1
10.08.2021 00:25:27.109,0.73299,0.73289,2.06,1
10.08.2021 00:25:27.211,0.73301,0.7329300000000001,2.5,1
10.08.2021 00:25:27.312,0.73302,0.73292,1.25,1
10.08.2021 00:25:27.567,0.7330300000000001,0.7329300000000001,1.69,1.5
10.08.2021 00:25:27.669,0.7330300000000001,0.73294,1.25,1
10.08.2021 00:25:31.423,0.7330300000000001,0.73294,1.94,1
10.08.2021 00:25:31.525,0.73304,0.7329300000000001,1.25,1
10.08.2021 00:25:48.683,0.73304,0.73295,1.25,1
10.08.2021 00:25:59.661,0.73306,0.73294,1.25,1
10.08.2021 00:26:04.685,0.7330500000000001,0.73295,1.94,1
10.08.2021 00:26:06.956,0.73306,0.73294,1,1.5
10.08.2021 00:26:07.058,0.73306,0.73295,1,1
10.08.2021 00:26:08.052,0.73306,0.73294,1.25,1
10.08.2021 00:26:29.771,0.73306,0.7329300000000001,2.69,2.25
10.08.2021 00:26:45.468,0.73304,0.73294,1.5,2.25
10.08.2021 00:26:50.270,0.7330300000000001,0.7329300000000001,3.44,1
10.08.2021 00:26:50.371,0.73301,0.7329100000000001,3.06,1.62
10.08.2021 00:26:50.473,0.73301,0.73289,1.94,1.62
10.08.2021 00:26:50.625,0.73299,0.73289,1.25,2.25
10.08.2021 00:26:51.634,0.733,0.73287,3.44,1.5
10.08.2021 00:26:52.760,0.7329800000000001,0.73287,1.69,2.25
10.08.2021 00:26:54.956,0.73295,0.7328600000000001,1,1
10.08.2021 00:26:55.058,0.73295,0.73284,2.25,2.25
10.08.2021 00:26:56.793,0.73294,0.73284,1,1
10.08.2021 00:26:58.713,0.7329600000000001,0.7328300000000001,3.37,1.5
10.08.2021 00:27:25.321,0.73295,0.73285,1.87,1
10.08.2021 00:27:39.324,0.73297,0.7328800000000001,2.44,1
10.08.2021 00:27:39.426,0.733,0.7329,1.62,1
10.08.2021 00:27:39.528,0.73301,0.73292,1.25,1
10.08.2021 00:27:39.630,0.73302,0.7329100000000001,1.94,1
10.08.2021 00:27:39.732,0.73302,0.7329,2.69,1.5
10.08.2021 00:27:40.245,0.7329800000000001,0.73289,1.69,1.87
10.08.2021 00:27:40.448,0.73299,0.73287,1.69,1.5
10.08.2021 00:27:41.685,0.73299,0.7328800000000001,1.5,1.69
10.08.2021 00:27:41.787,0.733,0.7329,2.06,1
10.08.2021 00:27:41.938,0.73299,0.7329,1.25,1
10.08.2021 00:27:42.483,0.733,0.7328800000000001,3.44,1
10.08.2021 00:27:42.584,0.73299,0.7329,1.25,1.5
10.08.2021 00:27:42.853,0.733,0.7329,1.25,1.5
10.08.2021 00:27:43.183,0.73301,0.7329,1,1.5
10.08.2021 00:27:45.866,0.733,0.7329,1.25,1
10.08.2021 00:27:47.918,0.73299,0.7329,1,1
10.08.2021 00:28:16.224,0.73299,0.7329100000000001,1,1
10.08.2021 00:28:16.326,0.73301,0.7329100000000001,2.44,1
10.08.2021 00:28:19.170,0.73301,0.7329100000000001,3.06,1
10.08.2021 00:28:20.219,0.73301,0.7329100000000001,2.06,1
10.08.2021 00:28:21.194,0.73301,0.7329,2.81,1.5
10.08.2021 00:28:37.100,0.73301,0.7329,3.81,1.5
10.08.2021 00:28:55.589,0.73302,0.73292,2.81,1
10.08.2021 00:28:55.741,0.73301,0.73292,1.12,1
10.08.2021 00:28:55.843,0.73301,0.7329100000000001,1.12,1.5
10.08.2021 00:28:56.096,0.73301,0.7329100000000001,2.31,1.5
10.08.2021 00:28:56.299,0.733,0.7329,1,1.5
10.08.2021 00:28:57.515,0.73301,0.7329,1,1
10.08.2021 00:28:57.974,0.73302,0.73292,2.62,1.25
10.08.2021 00:28:58.026,0.7330300000000001,0.73294,1.75,1
10.08.2021 00:28:58.127,0.73304,0.7329300000000001,2.44,1
10.08.2021 00:28:58.229,0.73304,0.73295,1.94,1
10.08.2021 00:29:00.191,0.73302,0.7329300000000001,1.12,1.12
10.08.2021 00:29:00.292,0.73302,0.73292,3.44,1.5
10.08.2021 00:29:00.446,0.7330500000000001,0.73294,1.5,1
10.08.2021 00:29:00.650,0.73307,0.73299,1.5,1
10.08.2021 00:29:00.752,0.73306,0.73297,1,1.12
10.08.2021 00:29:01.955,0.7330800000000001,0.7329800000000001,3.37,1
10.08.2021 00:29:02.057,0.73309,0.7329800000000001,1.31,2.25
10.08.2021 00:29:02.159,0.7331000000000001,0.7329800000000001,1.25,1
10.08.2021 00:29:02.261,0.7331000000000001,0.733,2.69,1
10.08.2021 00:29:02.629,0.7331000000000001,0.733,1.69,1
10.08.2021 00:29:02.981,0.73309,0.73299,1,1
10.08.2021 00:29:08.067,0.7331000000000001,0.73299,2.44,1
10.08.2021 00:29:10.504,0.7331000000000001,0.733,1,1
10.08.2021 00:29:21.295,0.7331000000000001,0.73299,4.19,1.5
10.08.2021 00:29:21.345,0.73307,0.7329600000000001,4.87,2.75
10.08.2021 00:29:21.447,0.73307,0.73295,2.25,2
10.08.2021 00:29:21.498,0.73306,0.7329600000000001,2.25,1.5
10.08.2021 00:29:21.600,0.73306,0.73295,3,2.25
10.08.2021 00:29:21.715,0.73306,0.73295,4.19,1.5
10.08.2021 00:29:22.538,0.73306,0.7329300000000001,3.19,1.5
10.08.2021 00:29:25.387,0.7330500000000001,0.73295,1.69,1
10.08.2021 00:29:47.533,0.73304,0.73295,1,1
10.08.2021 00:29:47.635,0.73304,0.73292,1.5,2
10.08.2021 00:29:47.737,0.73304,0.73292,1.5,1.5
10.08.2021 00:29:48.270,0.73304,0.7329300000000001,1,1
10.08.2021 00:29:48.322,0.7330500000000001,0.73295,1.69,1
10.08.2021 00:29:50.002,0.7330500000000001,0.73294,2.44,1.5
10.08.2021 00:29:54.801,0.7330500000000001,0.73295,1,1.5
10.08.2021 00:29:54.903,0.73306,0.73295,2.81,2.25
10.08.2021 00:29:59.512,0.73306,0.73294,1.5,1
10.08.2021 00:29:59.614,0.7330500000000001,0.73294,2.44,1.87
10.08.2021 00:30:01.139,0.7330500000000001,0.73295,1,2.44
10.08.2021 00:30:01.344,0.73307,0.73295,1.5,1
10.08.2021 00:30:04.557,0.7330500000000001,0.7329600000000001,1,1
10.08.2021 00:30:05.342,0.73304,0.73294,1.5,2
10.08.2021 00:30:05.443,0.73304,0.73294,2,1
10.08.2021 00:30:05.646,0.73304,0.73294,1.5,1
10.08.2021 00:30:06.777,0.73302,0.7329,1,1.12
10.08.2021 00:30:06.879,0.733,0.73289,2.69,2.75
10.08.2021 00:30:06.981,0.7329800000000001,0.73289,1,1
10.08.2021 00:30:07.254,0.7329800000000001,0.7328800000000001,1.25,1.87
10.08.2021 00:30:08.016,0.73299,0.73289,1.25,1.87
10.08.2021 00:30:08.219,0.73301,0.73289,1.5,1.5
10.08.2021 00:30:20.038,0.733,0.73289,1,1
10.08.2021 00:30:20.190,0.73299,0.73289,2.44,1.12
10.08.2021 00:30:20.443,0.73299,0.73287,1,2.89
10.08.2021 00:30:23.505,0.7329600000000001,0.7328600000000001,3.19,1.87
10.08.2021 00:30:23.607,0.7329600000000001,0.73284,1,3.95
10.08.2021 00:30:23.708,0.73295,0.73285,1,2.25
10.08.2021 00:30:26.464,0.73295,0.73284,1,1
10.08.2021 00:30:35.384,0.73294,0.73284,1.5,1.5
10.08.2021 00:30:48.389,0.73295,0.73284,1,1
10.08.2021 00:31:01.283,0.73294,0.73284,2.62,1
10.08.2021 00:31:01.398,0.73295,0.73282,4.12,2.62
10.08.2021 00:31:10.059,0.7329300000000001,0.7328300000000001,1,2.25
10.08.2021 00:31:20.599,0.7329300000000001,0.73282,4.19,1
10.08.2021 00:31:20.700,0.7329100000000001,0.7328100000000001,1.25,2.75
10.08.2021 00:31:20.802,0.7329100000000001,0.7328100000000001,1.25,2.62
10.08.2021 00:31:21.079,0.7329,0.7328100000000001,1.69,1
10.08.2021 00:31:21.180,0.7329,0.7328,1.69,1.5
10.08.2021 00:31:21.282,0.73289,0.7328,1,1
10.08.2021 00:31:21.434,0.73289,0.73279,2.44,1
10.08.2021 00:31:21.536,0.73289,0.7327800000000001,2.44,2.62
10.08.2021 00:31:21.637,0.7328800000000001,0.7327800000000001,1,2.62
10.08.2021 00:31:22.266,0.73289,0.7327800000000001,2.06,2.25
10.08.2021 00:31:22.368,0.73289,0.73277,1.69,1
10.08.2021 00:31:23.361,0.73287,0.73277,1,1.5
10.08.2021 00:31:33.813,0.7328800000000001,0.7327800000000001,1,1.57
10.08.2021 00:31:33.965,0.73289,0.73279,1,1.5
10.08.2021 00:31:34.368,0.7329,0.7328,1.5,1.5
10.08.2021 00:31:35.068,0.7329,0.7328100000000001,1.5,1
10.08.2021 00:31:35.119,0.73294,0.73282,2.44,1.5
10.08.2021 00:31:35.221,0.73294,0.73284,3.25,1.5
10.08.2021 00:31:36.314,0.7329300000000001,0.7328300000000001,1.69,1
10.08.2021 00:31:39.388,0.7329300000000001,0.73282,2.44,2.7
10.08.2021 00:31:52.497,0.73292,0.7328100000000001,1,1.87
10.08.2021 00:31:52.599,0.7329100000000001,0.7328100000000001,1,1.12
10.08.2021 00:31:52.700,0.7329100000000001,0.7328,1,1
10.08.2021 00:31:52.802,0.7329100000000001,0.7328100000000001,1.25,1
10.08.2021 00:31:53.530,0.7329300000000001,0.73282,2.44,1.5
10.08.2021 00:31:53.632,0.73292,0.7328300000000001,1,1
10.08.2021 00:31:53.734,0.7329300000000001,0.7328300000000001,1.69,1
10.08.2021 00:31:56.160,0.7329300000000001,0.73282,2.44,2.7
10.08.2021 00:31:59.717,0.73292,0.73282,1,2.7
10.08.2021 00:31:59.818,0.7329300000000001,0.73282,2.44,2.7
10.08.2021 00:32:01.502,0.73292,0.73282,1,2.62
10.08.2021 00:32:02.163,0.7329100000000001,0.7328100000000001,1.25,1.5
10.08.2021 00:32:02.788,0.73292,0.73282,1.12,1
10.08.2021 00:32:02.951,0.73294,0.7328100000000001,2.44,1.57
10.08.2021 00:32:12.218,0.73295,0.73284,1.5,2.89
10.08.2021 00:32:12.320,0.7329600000000001,0.7328600000000001,1.12,1
10.08.2021 00:32:18.194,0.73297,0.7328600000000001,2.81,1.5
10.08.2021 00:32:22.398,0.7329600000000001,0.7328600000000001,1,1
10.08.2021 00:32:22.878,0.73297,0.73284,1.5,2.81
10.08.2021 00:32:23.949,0.73295,0.73285,1,1.87
10.08.2021 00:32:38.773,0.73297,0.73287,1,1.57
10.08.2021 00:32:39.347,0.7329800000000001,0.7328800000000001,1,1.5
10.08.2021 00:32:39.448,0.73299,0.73289,1,1
10.08.2021 00:32:52.643,0.733,0.73287,1,2.89
10.08.2021 00:33:23.208,0.7329800000000001,0.7328800000000001,1,1.95
10.08.2021 00:33:26.433,0.7329800000000001,0.7328600000000001,1.12,1
10.08.2021 00:33:27.760,0.7329600000000001,0.73287,1.5,1
10.08.2021 00:33:27.971,0.73297,0.73287,3,1
10.08.2021 00:33:29.303,0.73297,0.7328600000000001,3.75,2.25
10.08.2021 00:33:33.029,0.7329600000000001,0.7328600000000001,1.5,2.25
10.08.2021 00:33:33.281,0.7329800000000001,0.73285,4.12,2.25
10.08.2021 00:33:33.383,0.73297,0.73285,1.69,2.25
10.08.2021 00:33:33.616,0.73297,0.7328600000000001,4.12,2.25
10.08.2021 00:33:34.340,0.7329600000000001,0.7328600000000001,1.69,2.25
10.08.2021 00:33:34.611,0.73297,0.7328600000000001,4.12,2.25
10.08.2021 00:33:35.525,0.73297,0.73287,1,1
10.08.2021 00:33:38.025,0.7329600000000001,0.7328600000000001,1,1.95
10.08.2021 00:33:48.173,0.7329800000000001,0.7328600000000001,1,1
10.08.2021 00:33:48.275,0.73299,0.73289,3.19,1
10.08.2021 00:33:49.448,0.733,0.73289,2.25,1.31
10.08.2021 00:33:49.926,0.73299,0.73289,1.69,1.25
10.08.2021 00:33:54.496,0.7329800000000001,0.73289,1,1.12
10.08.2021 00:34:16.003,0.73299,0.73289,1,2.14
10.08.2021 00:34:29.791,0.7329600000000001,0.7328800000000001,1,1.12
10.08.2021 00:34:29.994,0.7329300000000001,0.73285,1,1
10.08.2021 00:34:40.384,0.7329300000000001,0.73284,1,1.12
10.08.2021 00:34:40.486,0.73292,0.7328300000000001,1,1.95
10.08.2021 00:34:44.100,0.73292,0.73282,1,1.57
10.08.2021 00:34:44.201,0.7329100000000001,0.73282,1,1.76
10.08.2021 00:34:44.303,0.73292,0.73282,1,1.76
10.08.2021 00:34:45.162,0.7329300000000001,0.73282,1.5,2.89
10.08.2021 00:34:48.244,0.7329300000000001,0.7328300000000001,1.5,1
10.08.2021 00:35:03.900,0.7329300000000001,0.73282,2.25,2.89
10.08.2021 00:35:06.172,0.73295,0.73285,1.87,1.57
10.08.2021 00:35:08.490,0.73295,0.73284,1.5,1.95
10.08.2021 00:35:32.039,0.73294,0.73284,1,1.2
10.08.2021 00:35:39.343,0.73294,0.7328300000000001,2.25,1.39
10.08.2021 00:35:42.677,0.7329300000000001,0.7328300000000001,1,1.39
10.08.2021 00:35:42.779,0.73292,0.7328300000000001,1.5,1.12
10.08.2021 00:35:52.725,0.7329100000000001,0.7328100000000001,1,1.12
10.08.2021 00:35:52.826,0.7329100000000001,0.73279,1.5,2.4
10.08.2021 00:35:52.928,0.73289,0.73279,1.5,3.34
10.08.2021 00:36:03.859,0.7328600000000001,0.73277,1,3.2
10.08.2021 00:36:03.962,0.73284,0.73277,1,1
10.08.2021 00:36:04.125,0.73284,0.73275,1,2.2
10.08.2021 00:36:05.198,0.73285,0.7327300000000001,1.5,2.14
10.08.2021 00:36:05.299,0.7328300000000001,0.73274,1,1.12
10.08.2021 00:36:05.400,0.7328300000000001,0.7327300000000001,1.5,1.12
10.08.2021 00:36:05.945,0.73282,0.7327300000000001,1,1.12
10.08.2021 00:36:15.204,0.7328100000000001,0.7327100000000001,1.5,2.29
10.08.2021 00:36:28.387,0.7328100000000001,0.7327100000000001,1.5,1.01
10.08.2021 00:36:28.488,0.7328,0.7327,1,3.91
10.08.2021 00:36:29.378,0.73279,0.7327,1,1.1
10.08.2021 00:36:29.479,0.7327800000000001,0.73269,1,2.01
10.08.2021 00:36:31.611,0.73279,0.73269,1,2.01
10.08.2021 00:36:32.339,0.7328,0.73268,1,1.01
10.08.2021 00:36:32.440,0.7327800000000001,0.73268,1,3.54
10.08.2021 00:36:40.087,0.73279,0.73269,1,1.57
10.08.2021 00:36:56.697,0.7327800000000001,0.73269,1,1.57
10.08.2021 00:37:04.278,0.73279,0.73269,1,1.57
10.08.2021 00:37:05.164,0.7328,0.73268,1,2.76
10.08.2021 00:37:05.215,0.7328100000000001,0.7327100000000001,2,3.51
10.08.2021 00:37:05.375,0.7328100000000001,0.73272,1,1.01
10.08.2021 00:37:05.526,0.73284,0.7327300000000001,1,1.94
10.08.2021 00:37:05.577,0.7328600000000001,0.73277,1.12,1.25
10.08.2021 00:37:05.679,0.73287,0.7327800000000001,1.25,1.25
10.08.2021 00:37:22.706,0.7328800000000001,0.7327800000000001,1.5,1.76
10.08.2021 00:37:24.605,0.73287,0.7327800000000001,1,1
10.08.2021 00:37:25.315,0.73287,0.73277,1,2.51
10.08.2021 00:37:26.497,0.73287,0.7327800000000001,1,1.25
10.08.2021 00:37:26.846,0.7328800000000001,0.7327600000000001,1,2.51
10.08.2021 00:37:26.998,0.73287,0.73277,1,3.32
10.08.2021 00:37:43.104,0.7328800000000001,0.7327800000000001,2.62,1.25
10.08.2021 00:37:43.649,0.73289,0.73279,1.12,1
10.08.2021 00:37:43.856,0.7329,0.73279,2.62,1.5
10.08.2021 00:37:50.153,0.7329,0.7328,1.5,1
10.08.2021 00:37:53.508,0.7329100000000001,0.73282,1.12,1
10.08.2021 00:37:53.888,0.7329100000000001,0.7328100000000001,1,1
10.08.2021 00:37:58.721,0.7329300000000001,0.7328300000000001,2.25,1
10.08.2021 00:37:58.823,0.73295,0.73285,4.06,1
10.08.2021 00:37:58.924,0.7329600000000001,0.73285,3.37,3.25
10.08.2021 00:37:58.975,0.7329800000000001,0.7328800000000001,3.69,1.5
10.08.2021 00:37:59.127,0.7329800000000001,0.7329,1.12,1
10.08.2021 00:37:59.700,0.733,0.73289,1,1.5
10.08.2021 00:37:59.801,0.733,0.7329,1,1
10.08.2021 00:38:03.311,0.73299,0.7328800000000001,1,1
10.08.2021 00:38:03.412,0.73297,0.7328800000000001,1.5,1
10.08.2021 00:38:03.614,0.73297,0.73287,2.25,1.5
10.08.2021 00:38:03.716,0.7329600000000001,0.73287,1,1
10.08.2021 00:38:08.661,0.7329600000000001,0.7328600000000001,1.87,1.5
10.08.2021 00:38:23.264,0.73297,0.7328600000000001,1.5,1
10.08.2021 00:38:24.862,0.73299,0.73289,2,1
10.08.2021 00:38:24.963,0.73301,0.73289,1.5,1.69
10.08.2021 00:38:25.064,0.733,0.7329,1,1.69
10.08.2021 00:38:33.284,0.733,0.7329100000000001,1,1
10.08.2021 00:38:50.917,0.73301,0.7329100000000001,1,1
10.08.2021 00:38:51.069,0.73301,0.7329300000000001,1,1
10.08.2021 00:38:51.170,0.73302,0.7329300000000001,1.12,1
10.08.2021 00:39:00.437,0.7330500000000001,0.7329300000000001,2.25,2.44
10.08.2021 00:39:00.489,0.73306,0.73295,1.12,1
10.08.2021 00:39:00.590,0.7330800000000001,0.73297,1,1
10.08.2021 00:39:00.641,0.7330800000000001,0.73299,1,1
10.08.2021 00:39:00.742,0.73311,0.73299,1.5,1.5
10.08.2021 00:39:00.843,0.73311,0.73299,1.12,1.5
10.08.2021 00:39:05.379,0.73311,0.733,1.12,1
10.08.2021 00:39:12.243,0.7330800000000001,0.7329800000000001,1.5,1
10.08.2021 00:39:17.852,0.73309,0.7329800000000001,1,1
10.08.2021 00:39:17.953,0.73309,0.73299,1.12,1.5
10.08.2021 00:39:18.055,0.73309,0.733,1,1
10.08.2021 00:39:23.311,0.73311,0.733,1.12,1
10.08.2021 00:39:28.791,0.73311,0.73301,1.87,1
10.08.2021 00:40:03.851,0.73312,0.73301,1.12,1
10.08.2021 00:40:08.608,0.73314,0.7330500000000001,1,1
10.08.2021 00:40:08.710,0.73316,0.73307,4.62,1
10.08.2021 00:40:08.761,0.73316,0.73307,1.87,1
10.08.2021 00:40:13.879,0.73319,0.7330800000000001,2.44,1
10.08.2021 00:40:13.981,0.7332000000000001,0.73309,1,1
10.08.2021 00:40:14.082,0.73321,0.7331000000000001,2.81,2.25
10.08.2021 00:40:14.333,0.7332000000000001,0.7331000000000001,1,2.25
10.08.2021 00:41:06.117,0.7332000000000001,0.73312,1,1
10.08.2021 00:41:14.755,0.73321,0.73312,1,1
10.08.2021 00:41:30.011,0.73321,0.73311,1.87,1
10.08.2021 00:41:38.588,0.7332000000000001,0.73311,1,1
10.08.2021 00:41:38.689,0.7332000000000001,0.7331000000000001,1,1.5
10.08.2021 00:41:38.997,0.7332000000000001,0.73309,1.5,2.25
10.08.2021 00:41:40.051,0.73317,0.73306,1.5,4.82
10.08.2021 00:41:40.153,0.7332000000000001,0.7331000000000001,1.62,1
10.08.2021 00:41:40.254,0.7332000000000001,0.7331000000000001,1.12,1
10.08.2021 00:41:53.218,0.73323,0.7331300000000001,5.19,2.44
10.08.2021 00:41:53.269,0.73323,0.73314,1,1
10.08.2021 00:41:53.371,0.73323,0.7331300000000001,1,1
10.08.2021 00:41:55.484,0.73322,0.7331300000000001,1,1
10.08.2021 00:41:58.621,0.73321,0.73312,1,1
10.08.2021 00:41:59.912,0.73321,0.73311,1,1
10.08.2021 00:42:00.890,0.7332000000000001,0.7331000000000001,1,2.44
10.08.2021 00:42:06.297,0.7332000000000001,0.73311,1,1
10.08.2021 00:42:25.794,0.73319,0.7331000000000001,1.12,1
10.08.2021 00:42:25.845,0.73317,0.73307,1.12,2.06
10.08.2021 00:42:25.946,0.73316,0.7330800000000001,1,1
10.08.2021 00:42:26.199,0.73317,0.7330800000000001,1.5,1
10.08.2021 00:42:35.294,0.73317,0.73307,2.75,1
10.08.2021 00:42:35.395,0.7331500000000001,0.73306,1,1.69
10.08.2021 00:42:35.496,0.73316,0.73306,1.5,1
10.08.2021 00:42:51.133,0.73316,0.73307,1,1
10.08.2021 00:42:53.339,0.73318,0.73309,1,2.44
10.08.2021 00:42:53.440,0.7332000000000001,0.73309,2.16,3.19
10.08.2021 00:42:53.542,0.7332000000000001,0.73309,1.76,3.19
10.08.2021 00:43:01.342,0.73322,0.73309,2.81,1.25
10.08.2021 00:43:02.198,0.73321,0.73309,1,1.25
10.08.2021 00:43:03.477,0.73321,0.7331000000000001,2.81,1.69
10.08.2021 00:43:04.240,0.73321,0.73311,2.06,1
10.08.2021 00:43:07.118,0.7332000000000001,0.7331000000000001,1,1.69
10.08.2021 00:43:07.220,0.73322,0.73309,2.14,1.69
10.08.2021 00:43:09.359,0.73318,0.73309,1.25,1
10.08.2021 00:43:09.410,0.73317,0.73307,2,1.75
10.08.2021 00:43:09.511,0.73316,0.73307,1.5,1
10.08.2021 00:43:36.501,0.73317,0.7330500000000001,1.5,1.69
10.08.2021 00:44:01.389,0.73316,0.73307,1.5,1
10.08.2021 00:44:04.418,0.73318,0.73306,2.32,1.5
10.08.2021 00:44:10.386,0.73319,0.73309,2.75,1
10.08.2021 00:44:10.487,0.73319,0.73311,1,1.5
10.08.2021 00:44:10.588,0.73321,0.73311,1,1.5
10.08.2021 00:44:12.129,0.73319,0.73311,1.69,1.5
10.08.2021 00:44:12.231,0.7331500000000001,0.73306,1,3
10.08.2021 00:44:12.332,0.73317,0.73306,1,1
10.08.2021 00:44:12.433,0.73316,0.7330800000000001,1,1
10.08.2021 00:44:12.815,0.73318,0.73307,1,1
10.08.2021 00:44:17.477,0.73318,0.7330800000000001,1.5,1.5
10.08.2021 00:44:17.579,0.73318,0.73309,1,1
10.08.2021 00:44:17.680,0.7332000000000001,0.7330800000000001,1,1.5
10.08.2021 00:44:18.521,0.73319,0.7331000000000001,1,1
10.08.2021 00:44:48.565,0.73321,0.73309,1.5,1.5
10.08.2021 00:44:48.667,0.7332000000000001,0.73311,1,1.5
10.08.2021 00:45:05.472,0.73321,0.73311,1.12,2.25
10.08.2021 00:45:05.523,0.73323,0.7331300000000001,3.22,1
10.08.2021 00:45:05.624,0.73322,0.73312,1,2.44
10.08.2021 00:45:06.163,0.73322,0.73312,1,3.25
10.08.2021 00:45:08.185,0.73323,0.73312,1.5,3.25
10.08.2021 00:45:08.286,0.73322,0.73312,1,2.44
10.08.2021 00:45:14.025,0.73323,0.7331300000000001,1,1
10.08.2021 00:45:14.239,0.73323,0.73314,1,1
10.08.2021 00:45:18.445,0.73323,0.7331500000000001,1,1
10.08.2021 00:45:18.546,0.73327,0.73318,2.62,1
10.08.2021 00:45:18.647,0.73329,0.73319,3.87,1
10.08.2021 00:45:18.754,0.73329,0.73319,3.56,1
10.08.2021 00:45:19.371,0.73327,0.73319,1.5,1
10.08.2021 00:45:19.473,0.73328,0.73318,1.95,1.5
10.08.2021 00:45:19.574,0.73327,0.73318,1,1.5
10.08.2021 00:45:19.725,0.73328,0.73318,2.7,1.5
10.08.2021 00:45:20.356,0.73328,0.73319,2.7,1
10.08.2021 00:45:20.508,0.73327,0.73319,1,1
10.08.2021 00:45:20.710,0.73328,0.73319,2.7,1
10.08.2021 00:45:21.819,0.73328,0.73318,1,1
10.08.2021 00:45:21.870,0.73329,0.73319,2.7,1
10.08.2021 00:45:22.021,0.73329,0.7332000000000001,1.12,1
10.08.2021 00:45:31.959,0.7333000000000001,0.7332000000000001,3.37,1
10.08.2021 00:45:32.060,0.7333000000000001,0.73321,1.12,1
10.08.2021 00:45:54.661,0.73333,0.73324,5,1
10.08.2021 00:45:54.768,0.73333,0.7332500000000001,1,1
10.08.2021 00:45:54.870,0.73334,0.7332500000000001,1.12,1.5
10.08.2021 00:45:56.128,0.73334,0.73324,1.5,1.5
10.08.2021 00:45:56.179,0.73331,0.73321,1,1.5
10.08.2021 00:45:56.280,0.7333000000000001,0.73322,1,1
10.08.2021 00:45:56.993,0.73331,0.73322,1.12,1
10.08.2021 00:46:00.193,0.73332,0.73322,1.12,1
10.08.2021 00:46:04.071,0.73333,0.73323,5.62,1
10.08.2021 00:46:19.652,0.73333,0.73322,2.62,1.5
10.08.2021 00:46:19.803,0.73332,0.73322,1,1.5
10.08.2021 00:46:31.943,0.73331,0.73321,1.5,1.5
10.08.2021 00:46:49.964,0.73334,0.73324,1.12,1
10.08.2021 00:46:50.167,0.7333600000000001,0.7332500000000001,1.5,1.25
10.08.2021 00:46:50.268,0.7333600000000001,0.73326,2.25,1
10.08.2021 00:46:50.370,0.7333600000000001,0.73324,1,1.69
10.08.2021 00:46:50.471,0.7333600000000001,0.73327,1.87,1
10.08.2021 00:46:51.174,0.73337,0.73327,1,1
10.08.2021 00:46:51.276,0.73337,0.73328,1.5,1
10.08.2021 00:46:51.389,0.73337,0.73327,1.5,2.44
10.08.2021 00:46:52.966,0.73338,0.73328,2.75,1.69
10.08.2021 00:46:53.068,0.73338,0.73328,1.5,2.44
10.08.2021 00:46:53.169,0.73339,0.73329,1.12,2.44
10.08.2021 00:46:53.270,0.73339,0.7333000000000001,1,1.25
10.08.2021 00:46:56.540,0.73339,0.73329,1,2.44
10.08.2021 00:46:57.196,0.73339,0.7333000000000001,1,1
10.08.2021 00:46:59.980,0.7334100000000001,0.73329,1.5,2.06
10.08.2021 00:47:04.551,0.7334,0.73331,1.5,1
10.08.2021 00:47:07.471,0.73343,0.73332,1.12,1
10.08.2021 00:47:07.724,0.7334,0.73333,1,1
10.08.2021 00:47:11.943,0.7334,0.73332,1,1.25
10.08.2021 00:47:12.045,0.7334100000000001,0.7333000000000001,1,2.06
10.08.2021 00:47:16.504,0.73339,0.7333000000000001,1,1
10.08.2021 00:47:27.954,0.73339,0.73329,1,2.06
10.08.2021 00:47:31.791,0.7334,0.73329,2.62,2.81
10.08.2021 00:47:35.903,0.73338,0.73329,2.32,1.31
10.08.2021 00:47:36.004,0.73337,0.73326,1,1.75
10.08.2021 00:47:36.106,0.7333600000000001,0.73327,1,1.25
10.08.2021 00:47:36.477,0.73337,0.7332500000000001,1.5,1.1
10.08.2021 00:47:36.579,0.7333500000000001,0.7332500000000001,1.5,2.06
10.08.2021 00:47:37.691,0.7333500000000001,0.73326,1,1
10.08.2021 00:47:41.036,0.7333600000000001,0.73324,1,1.76
10.08.2021 00:47:47.240,0.73334,0.73324,2.51,1.25
10.08.2021 00:47:47.341,0.73331,0.73321,1.5,2.14
10.08.2021 00:47:47.442,0.7333000000000001,0.73321,1,1.39
10.08.2021 00:47:49.324,0.7333000000000001,0.7332000000000001,2.25,1.31
10.08.2021 00:47:49.425,0.73329,0.73319,1,5.59
10.08.2021 00:47:52.519,0.73329,0.73319,1,2.14
10.08.2021 00:47:54.443,0.73329,0.73322,1,1
10.08.2021 00:47:56.567,0.73331,0.73323,1.5,1
10.08.2021 00:47:56.669,0.73333,0.73322,2.19,2.57
10.08.2021 00:47:56.770,0.73334,0.73324,1.5,2.89
10.08.2021 00:47:56.871,0.73334,0.73327,1,1
10.08.2021 00:47:57.552,0.73334,0.73326,1,1
10.08.2021 00:47:57.889,0.73334,0.7332500000000001,1,1
10.08.2021 00:48:04.771,0.73334,0.73326,1,1
10.08.2021 00:48:06.152,0.7333500000000001,0.73326,1.5,1
10.08.2021 00:48:21.173,0.7333500000000001,0.7332500000000001,1,1.5
10.08.2021 00:48:42.725,0.7333600000000001,0.7332500000000001,1,1
10.08.2021 00:48:52.610,0.7333600000000001,0.73327,1.5,1.12
10.08.2021 00:48:52.661,0.73339,0.73327,1,1.69
10.08.2021 00:48:52.762,0.73339,0.73329,1.87,1
10.08.2021 00:48:53.312,0.7334,0.73329,1,1
10.08.2021 00:48:53.413,0.7334,0.7333000000000001,2.32,1.5
10.08.2021 00:48:57.139,0.73339,0.7333000000000001,1,1
10.08.2021 00:49:09.243,0.7333600000000001,0.73327,1.5,2.7
10.08.2021 00:49:09.344,0.7333600000000001,0.73326,1,1.57
10.08.2021 00:49:09.446,0.7333500000000001,0.73326,1,1
10.08.2021 00:49:09.753,0.7333600000000001,0.73324,2.25,1
10.08.2021 00:49:10.182,0.73334,0.73323,3,1
10.08.2021 00:49:10.283,0.73328,0.73321,1.25,1
10.08.2021 00:49:10.335,0.7333000000000001,0.7332000000000001,3,2.25
10.08.2021 00:49:10.436,0.73331,0.73319,3,1
10.08.2021 00:49:12.488,0.7333000000000001,0.73321,1.5,1
10.08.2021 00:49:19.021,0.73328,0.73318,1.5,2.19
10.08.2021 00:49:19.274,0.7333000000000001,0.73318,2.62,1.5
10.08.2021 00:49:19.797,0.7333000000000001,0.7332000000000001,1,2.06
10.08.2021 00:49:23.972,0.7333000000000001,0.73321,1,1
10.08.2021 00:49:31.971,0.73331,0.73321,1.5,1.5
10.08.2021 00:49:41.145,0.73331,0.73322,1,1
10.08.2021 00:49:42.748,0.73333,0.73323,1.87,1.5
10.08.2021 00:49:42.850,0.73334,0.73323,1.12,1.5
10.08.2021 00:49:42.951,0.73334,0.73324,2.06,1.5
10.08.2021 00:49:43.056,0.7333500000000001,0.7332500000000001,2,1.69
10.08.2021 00:49:43.157,0.7333500000000001,0.73326,1,1.25
10.08.2021 00:49:43.259,0.7333500000000001,0.7332500000000001,1,1.69
10.08.2021 00:49:43.410,0.7333600000000001,0.73326,2.62,1.25
10.08.2021 00:49:43.764,0.7333600000000001,0.73327,1,1
10.08.2021 00:49:46.829,0.73337,0.73328,1.87,1
10.08.2021 00:49:46.931,0.7334,0.7333000000000001,2,1
10.08.2021 00:49:47.032,0.7334100000000001,0.73329,1.87,1
10.08.2021 00:49:47.976,0.7334,0.73331,1,1
10.08.2021 00:49:55.711,0.7334200000000001,0.73332,2.25,1.5
10.08.2021 00:49:56.847,0.7334200000000001,0.73331,1,1.5
10.08.2021 00:49:56.948,0.7334100000000001,0.73331,1.5,1.5
10.08.2021 00:50:00.791,0.7334,0.73331,1,1
10.08.2021 00:50:00.892,0.7334,0.7333000000000001,1,1.5
10.08.2021 00:50:14.466,0.7334,0.7333000000000001,2,1
10.08.2021 00:50:14.517,0.73337,0.73328,1.12,1
10.08.2021 00:50:25.065,0.73338,0.73331,1,2.5
10.08.2021 00:50:25.166,0.7334100000000001,0.73331,2,2.25
10.08.2021 00:50:25.268,0.7334100000000001,0.73331,1,2.25
10.08.2021 00:50:36.899,0.7334200000000001,0.73333,1.12,2.25
10.08.2021 00:50:37.018,0.73343,0.73334,1,1
10.08.2021 00:50:39.630,0.73343,0.73333,1.25,2.62
10.08.2021 00:50:39.931,0.73343,0.73332,2.19,1.5
10.08.2021 00:50:40.142,0.73343,0.73332,2.06,1.5
10.08.2021 00:50:41.207,0.73343,0.73333,1,1
10.08.2021 00:50:58.496,0.73343,0.73332,2.25,1.87
10.08.2021 00:51:00.056,0.7334200000000001,0.73332,2.62,1
10.08.2021 00:51:00.157,0.7334100000000001,0.73331,1,1
10.08.2021 00:51:00.259,0.7334100000000001,0.73329,1,2.81
10.08.2021 00:51:00.360,0.73338,0.7333000000000001,1,1.87
10.08.2021 00:51:00.462,0.7333600000000001,0.73327,1,1.25
10.08.2021 00:51:00.564,0.7333600000000001,0.73326,1,3.26
10.08.2021 00:51:03.006,0.7333500000000001,0.7332500000000001,1,1.5
10.08.2021 00:51:05.534,0.73333,0.73323,2.25,2.94
10.08.2021 00:51:05.636,0.73332,0.73321,4.2,2.37
10.08.2021 00:51:05.737,0.73332,0.7332000000000001,2.62,1
10.08.2021 00:51:06.658,0.73331,0.7332000000000001,2.62,1.25
10.08.2021 00:51:06.760,0.73328,0.73316,1.5,1.87
10.08.2021 00:51:06.861,0.73327,0.7331500000000001,1,2
10.08.2021 00:51:06.963,0.73326,0.73316,3.56,1
10.08.2021 00:51:07.219,0.73326,0.73316,3.12,1
10.08.2021 00:51:08.907,0.73324,0.73316,1,1
10.08.2021 00:51:09.009,0.73326,0.73316,3,1
10.08.2021 00:51:10.214,0.73322,0.7331500000000001,1,1.25
10.08.2021 00:51:13.458,0.73324,0.7331500000000001,1,1.69
10.08.2021 00:51:15.631,0.73327,0.73317,1.12,1.25
10.08.2021 00:51:15.733,0.73328,0.73318,1.12,1
10.08.2021 00:51:15.885,0.73329,0.73321,1.12,1.75
10.08.2021 00:51:16.037,0.73332,0.73322,1.12,1
10.08.2021 00:51:16.214,0.73331,0.73321,1.12,1.12
10.08.2021 00:51:16.315,0.73327,0.7332000000000001,1,1.25
10.08.2021 00:51:16.416,0.73328,0.7332000000000001,1,1.25
10.08.2021 00:51:16.518,0.73329,0.7332000000000001,1,1.31
10.08.2021 00:51:18.488,0.7333000000000001,0.7332000000000001,1,1.69
10.08.2021 00:51:20.923,0.7333000000000001,0.73322,1,1.5
10.08.2021 00:51:21.391,0.73331,0.73322,1,1
10.08.2021 00:51:21.493,0.73331,0.73323,1,1
10.08.2021 00:51:21.595,0.73331,0.73324,1,1
10.08.2021 00:51:21.867,0.73332,0.73324,1,1.5
10.08.2021 00:51:22.648,0.73334,0.7332500000000001,1,1.25
10.08.2021 00:51:22.750,0.7333500000000001,0.73326,1,1
10.08.2021 00:51:22.801,0.73337,0.73329,1,1.5
10.08.2021 00:51:27.480,0.73337,0.73328,1,2.06
10.08.2021 00:51:32.820,0.73337,0.73329,1,1
10.08.2021 00:51:33.123,0.73338,0.73329,1,1
10.08.2021 00:51:33.268,0.7334,0.73328,1,1.87
10.08.2021 00:51:33.419,0.73339,0.73328,1,2.62
10.08.2021 00:51:38.861,0.7334,0.73328,1,2.62
10.08.2021 00:51:43.122,0.73338,0.73328,1,1
10.08.2021 00:51:43.223,0.73337,0.73328,1,2.06
10.08.2021 00:51:43.769,0.73339,0.73328,2.19,2.06
10.08.2021 00:51:44.426,0.73337,0.73326,1.69,1.75
10.08.2021 00:51:44.477,0.7333500000000001,0.73326,1,2.32
10.08.2021 00:51:44.579,0.7333600000000001,0.73323,1.87,2
10.08.2021 00:51:44.680,0.7333500000000001,0.73324,1.87,1.87
10.08.2021 00:51:45.402,0.7333500000000001,0.73324,2,1.5
10.08.2021 00:51:48.211,0.7333000000000001,0.73322,1,13.34
10.08.2021 00:51:48.542,0.7333600000000001,0.73323,2,1.5
10.08.2021 00:51:50.384,0.73331,0.73322,1,2.32
10.08.2021 00:51:50.486,0.73331,0.7332000000000001,1.12,2.56
10.08.2021 00:51:50.588,0.73331,0.7332000000000001,3.69,1.5
10.08.2021 00:51:53.723,0.73327,0.73318,1,1.25
10.08.2021 00:51:55.002,0.73327,0.73319,1,4.01
10.08.2021 00:51:55.669,0.73327,0.73319,1,5.09
10.08.2021 00:51:56.895,0.73328,0.73318,1,2.14
10.08.2021 00:51:59.809,0.73327,0.73319,1,3.84
10.08.2021 00:51:59.860,0.73332,0.73318,2.06,3.84
10.08.2021 00:52:00.236,0.73327,0.73319,1,2.96
10.08.2021 00:52:03.394,0.73331,0.73319,2.06,2.26
10.08.2021 00:52:04.471,0.73328,0.73318,1,2.06
10.08.2021 00:52:07.213,0.73328,0.7332000000000001,1,1.39
10.08.2021 00:52:07.315,0.73328,0.73321,1,1
10.08.2021 00:52:08.634,0.7333000000000001,0.73321,1.69,1
10.08.2021 00:52:08.685,0.73328,0.73319,1,1
10.08.2021 00:52:10.007,0.73328,0.73318,1,1.12
10.08.2021 00:52:10.058,0.73327,0.7331500000000001,1,2.07
10.08.2021 00:52:10.210,0.7332500000000001,0.7331500000000001,1,1.69
10.08.2021 00:52:10.311,0.73323,0.73314,1,1
10.08.2021 00:52:12.178,0.73323,0.7331500000000001,1,1.12
10.08.2021 00:52:12.279,0.73321,0.73312,1,1.31
10.08.2021 00:52:12.431,0.73321,0.7331000000000001,1,1.75
10.08.2021 00:52:12.533,0.73317,0.7331000000000001,1,1
10.08.2021 00:52:12.859,0.73317,0.73309,1,1
10.08.2021 00:52:14.110,0.73316,0.73309,1,1
10.08.2021 00:52:14.212,0.73317,0.73309,1,1.25
10.08.2021 00:52:14.313,0.73318,0.7331000000000001,1,1.25
10.08.2021 00:52:14.705,0.73319,0.73312,1,1
10.08.2021 00:52:14.806,0.73321,0.73312,1,1.31
10.08.2021 00:52:14.907,0.73321,0.73314,1,1
10.08.2021 00:52:16.151,0.73323,0.73314,1,1.69
10.08.2021 00:52:16.253,0.73323,0.7331500000000001,1,1.31
10.08.2021 00:52:21.638,0.73324,0.7331300000000001,1,2.06
10.08.2021 00:52:21.739,0.73323,0.7331300000000001,1,2.06
10.08.2021 00:52:22.882,0.73324,0.7331300000000001,1,2.06
10.08.2021 00:52:22.984,0.73323,0.7331500000000001,1,1.12
10.08.2021 00:52:23.393,0.73324,0.73316,1,1.25
10.08.2021 00:52:23.444,0.73326,0.73317,1,1.25
10.08.2021 00:52:23.545,0.73327,0.73317,1.5,1.31
10.08.2021 00:52:23.647,0.73328,0.73317,1,1
10.08.2021 00:52:23.748,0.73326,0.73318,1,1
10.08.2021 00:52:24.146,0.73327,0.73318,1,1.5
10.08.2021 00:52:24.248,0.73328,0.73319,1,2.06
10.08.2021 00:52:30.825,0.73327,0.73318,1,2.06
10.08.2021 00:52:30.927,0.73327,0.73317,1,1.12
10.08.2021 00:52:31.185,0.73324,0.73316,1,1.25
10.08.2021 00:52:31.449,0.73323,0.73316,1,1
10.08.2021 00:52:31.785,0.73323,0.73314,1,3.64
10.08.2021 00:52:33.045,0.73324,0.73314,1,1.25
10.08.2021 00:52:33.146,0.73324,0.7331500000000001,1,1.69
10.08.2021 00:52:51.148,0.73323,0.7331500000000001,1,1.69
10.08.2021 00:52:55.867,0.73324,0.7331500000000001,1,1.5
10.08.2021 00:53:15.027,0.7332500000000001,0.7331500000000001,1,1.69
10.08.2021 00:53:15.128,0.73326,0.73316,1,1.5
10.08.2021 00:53:15.229,0.73326,0.73317,1,1.31
10.08.2021 00:53:16.597,0.73326,0.73316,1.5,1.87
10.08.2021 00:53:16.698,0.7332500000000001,0.73316,1,1
10.08.2021 00:53:16.901,0.7332500000000001,0.7331500000000001,1,1.87
10.08.2021 00:53:17.002,0.7332500000000001,0.7331300000000001,1,1.12
10.08.2021 00:53:19.642,0.7332500000000001,0.73314,1,1
10.08.2021 00:53:21.160,0.73326,0.73314,1.5,1.12
10.08.2021 00:53:22.094,0.73326,0.73317,1,1
10.08.2021 00:53:27.817,0.73324,0.7331500000000001,1,2
10.08.2021 00:53:27.868,0.73324,0.7331300000000001,1,1
10.08.2021 00:53:27.969,0.73324,0.73314,1,1
10.08.2021 00:53:28.070,0.73323,0.73314,1,1
10.08.2021 00:53:28.222,0.73326,0.73314,1.5,1
10.08.2021 00:53:32.916,0.73326,0.73316,1.5,1.25
10.08.2021 00:53:33.289,0.73326,0.73316,1,3.14
10.08.2021 00:53:33.390,0.73327,0.73317,1,1.69
10.08.2021 00:53:34.285,0.73328,0.73317,2.25,4.01
10.08.2021 00:53:36.148,0.73329,0.73319,1.5,1.5
10.08.2021 00:53:37.467,0.7333000000000001,0.73317,2.25,2.62
10.08.2021 00:53:37.569,0.73329,0.73317,1,1.87
10.08.2021 00:53:40.502,0.7333000000000001,0.73318,1.5,1.31
10.08.2021 00:53:43.745,0.73329,0.73318,1.69,2.62
10.08.2021 00:53:44.022,0.73328,0.73318,1,1.87
10.08.2021 00:53:50.653,0.7333000000000001,0.7332000000000001,1.5,1.5
10.08.2021 00:53:56.786,0.73333,0.73321,1.5,1
10.08.2021 00:53:57.168,0.73333,0.73323,1,2.06
10.08.2021 00:53:57.269,0.73334,0.7332500000000001,1,1
10.08.2021 00:54:03.004,0.7333500000000001,0.7332500000000001,2.25,1
10.08.2021 00:54:06.309,0.7333600000000001,0.7332500000000001,3,1.69
10.08.2021 00:54:06.410,0.7333600000000001,0.7332500000000001,2.25,2.57
10.08.2021 00:54:06.743,0.7333500000000001,0.7332500000000001,1,1.31
10.08.2021 00:54:12.119,0.73338,0.73326,1.87,1.5
10.08.2021 00:54:14.080,0.73337,0.73328,1,1
10.08.2021 00:54:15.711,0.73337,0.73327,1,2.06
10.08.2021 00:54:15.813,0.7333600000000001,0.73326,2.25,1.5
10.08.2021 00:54:15.914,0.7333500000000001,0.73326,1,1
10.08.2021 00:54:18.865,0.7333500000000001,0.73324,2.25,2
10.08.2021 00:54:18.967,0.7333600000000001,0.73323,2.25,1.87
10.08.2021 00:54:19.219,0.73334,0.73324,1,1.87
10.08.2021 00:54:27.488,0.7333500000000001,0.73324,1.5,1.12
10.08.2021 00:54:32.404,0.7333500000000001,0.7332500000000001,1.5,1
10.08.2021 00:54:36.089,0.7333500000000001,0.73326,1,1
10.08.2021 00:54:39.702,0.73337,0.7332500000000001,1.5,1.69
10.08.2021 00:54:39.803,0.73338,0.73327,1,1.5
10.08.2021 00:54:41.283,0.73338,0.73328,1.5,1.5
10.08.2021 00:54:41.493,0.7334,0.7333000000000001,1,1
10.08.2021 00:54:41.595,0.7334100000000001,0.73331,1.87,1
10.08.2021 00:54:41.939,0.7334,0.7333000000000001,1,1
10.08.2021 00:54:42.041,0.73338,0.73329,1.5,1.12
10.08.2021 00:54:42.142,0.73338,0.73327,1.5,2.06
10.08.2021 00:54:43.331,0.73338,0.73328,1,1
10.08.2021 00:54:44.957,0.73338,0.73327,1,1.39
10.08.2021 00:54:45.589,0.73338,0.73327,1,2.2
10.08.2021 00:54:45.691,0.7334100000000001,0.73331,2,1
10.08.2021 00:54:45.793,0.7334200000000001,0.73331,1,2.06
10.08.2021 00:54:45.894,0.73343,0.73332,2.25,1
10.08.2021 00:54:47.662,0.7334200000000001,0.73331,3.45,1.5
10.08.2021 00:54:47.764,0.7334,0.73331,1,1
10.08.2021 00:54:48.054,0.73343,0.73331,1.12,1
10.08.2021 00:54:48.155,0.73344,0.73331,3.37,1.12
10.08.2021 00:54:48.257,0.7334200000000001,0.73331,1.5,1.75
10.08.2021 00:54:48.358,0.7334100000000001,0.73331,1,1
10.08.2021 00:54:50.617,0.73343,0.73333,1,1
10.08.2021 00:54:51.554,0.73345,0.73332,1.76,1.12
10.08.2021 00:54:51.655,0.73343,0.73333,1,1
10.08.2021 00:54:52.430,0.73344,0.73333,1.76,1
10.08.2021 00:54:55.296,0.73345,0.73334,2.76,1.12
10.08.2021 00:54:56.052,0.73344,0.73333,1.25,1.31
10.08.2021 00:54:56.205,0.73344,0.73333,2.72,1
10.08.2021 00:54:56.409,0.73343,0.73332,1.1,1.31
10.08.2021 00:54:57.192,0.7334100000000001,0.7333000000000001,1.95,1.12
10.08.2021 00:54:58.069,0.7334,0.7333000000000001,1,1
10.08.2021 00:54:58.915,0.73338,0.7333000000000001,1,1
10.08.2021 00:54:59.017,0.7333600000000001,0.73326,1.5,1.75
10.08.2021 00:54:59.331,0.7333600000000001,0.73326,1.5,1
10.08.2021 00:55:00.032,0.7334,0.73331,1.87,1.25
10.08.2021 00:55:00.134,0.7334,0.7333000000000001,1.5,1.69
10.08.2021 00:55:00.185,0.7334,0.7333000000000001,1,1.69
10.08.2021 00:55:00.540,0.7334,0.73329,1,1
10.08.2021 00:55:03.747,0.73338,0.73329,2.51,1.5
10.08.2021 00:55:03.798,0.73337,0.73328,1.57,1
10.08.2021 00:55:03.849,0.73337,0.73326,3.45,1.12
10.08.2021 00:55:06.208,0.73337,0.7332500000000001,1.5,1.5
10.08.2021 00:55:08.865,0.7333600000000001,0.73324,1.5,1.87
10.08.2021 00:55:11.640,0.7333600000000001,0.7332500000000001,2.25,2.06
10.08.2021 00:55:12.103,0.73334,0.7332500000000001,1.5,1.25
10.08.2021 00:55:12.205,0.73333,0.7332000000000001,2.7,4.69
10.08.2021 00:55:12.307,0.73333,0.7332000000000001,2.7,2.06
10.08.2021 00:55:12.618,0.73331,0.73321,1,2.06
10.08.2021 00:55:22.391,0.73331,0.7332000000000001,3.26,1.87
10.08.2021 00:55:47.335,0.73332,0.7332000000000001,3.26,1
10.08.2021 00:55:56.018,0.73329,0.73318,1.57,2.94
10.08.2021 00:55:56.120,0.73328,0.73318,1,2.19
10.08.2021 00:55:56.221,0.73328,0.73318,1,1.31
10.08.2021 00:56:00.744,0.73328,0.73319,1,1.87
10.08.2021 00:56:00.794,0.7333000000000001,0.73319,2.25,2.06
10.08.2021 00:56:02.888,0.7333000000000001,0.73318,1,1.31
10.08.2021 00:56:06.459,0.7333000000000001,0.73319,3,2.06
10.08.2021 00:56:15.366,0.7333000000000001,0.7332000000000001,3,1
10.08.2021 00:56:31.849,0.73331,0.73321,1,2.06
10.08.2021 00:56:31.951,0.73333,0.73321,1.5,1
10.08.2021 00:56:34.831,0.73331,0.73322,1,1.12
10.08.2021 00:56:38.529,0.73331,0.73321,1,1.25
10.08.2021 00:56:43.731,0.73333,0.73321,1.12,1.69
10.08.2021 00:56:43.884,0.73331,0.73322,1,1.12
10.08.2021 00:56:44.037,0.73331,0.73321,1,2.06
10.08.2021 00:56:47.095,0.73331,0.73319,1,2.81
10.08.2021 00:56:59.769,0.7333000000000001,0.73319,1,1
10.08.2021 00:57:03.032,0.73329,0.73319,2.25,1.31
10.08.2021 00:57:03.134,0.73328,0.73317,2.25,3.69
10.08.2021 00:57:03.540,0.73328,0.73317,2.25,3.89
10.08.2021 00:57:30.425,0.73329,0.73319,1.5,1.94
10.08.2021 00:57:42.288,0.73329,0.73319,1.1,2.25
10.08.2021 00:57:42.389,0.73329,0.73318,2.32,3.37
10.08.2021 00:57:55.406,0.73329,0.73319,1.57,1
10.08.2021 00:58:09.421,0.7333000000000001,0.73319,1.5,1
10.08.2021 00:58:14.142,0.7333000000000001,0.73318,2.32,1
10.08.2021 00:58:33.369,0.73329,0.7332000000000001,1.57,1
10.08.2021 00:58:40.137,0.7333000000000001,0.73321,1.79,1
10.08.2021 00:59:15.946,0.7333000000000001,0.73321,1.57,1
10.08.2021 00:59:19.098,0.73332,0.73321,1.1,1
10.08.2021 00:59:19.200,0.73333,0.73322,1.6,1
10.08.2021 00:59:19.454,0.73332,0.73323,1.57,1
10.08.2021 00:59:25.266,0.73331,0.73323,1,1
10.08.2021 00:59:34.543,0.73332,0.73323,1.5,1
10.08.2021 00:59:34.644,0.73331,0.73323,1,1
10.08.2021 00:59:34.920,0.73331,0.73322,1,1
10.08.2021 00:59:42.147,0.7333500000000001,0.73323,1.75,4.37
10.08.2021 00:59:42.248,0.7333500000000001,0.73326,1,1
10.08.2021 00:59:45.135,0.73338,0.7332500000000001,1.69,3.56
10.08.2021 00:59:45.186,0.73337,0.73328,1.25,1
10.08.2021 00:59:45.898,0.7333600000000001,0.7332500000000001,1,1
10.08.2021 00:59:46.553,0.7333500000000001,0.73324,1,1
10.08.2021 00:59:46.732,0.7333500000000001,0.73323,1.5,1
10.08.2021 00:59:47.190,0.7333500000000001,0.7332500000000001,1.12,1
10.08.2021 00:59:51.077,0.73337,0.7332500000000001,1.5,1
10.08.2021 00:59:51.629,0.7333500000000001,0.73326,1,1
10.08.2021 01:00:00.202,0.7333600000000001,0.73326,1,1
10.08.2021 01:00:01.467,0.73337,0.73329,1.5,1
10.08.2021 01:00:01.568,0.73339,0.73329,1.87,2.44
10.08.2021 01:00:01.964,0.73339,0.7333000000000001,1.5,1.25
10.08.2021 01:00:02.015,0.7334200000000001,0.73331,1,1.25
10.08.2021 01:00:02.117,0.73344,0.73334,4.25,1
10.08.2021 01:00:02.218,0.73344,0.7333500000000001,1.5,1
10.08.2021 01:00:02.319,0.73345,0.7333500000000001,1,2.25
10.08.2021 01:00:02.420,0.7334600000000001,0.7333500000000001,2.25,3.94
10.08.2021 01:00:02.623,0.7334600000000001,0.7333600000000001,1.5,1
10.08.2021 01:00:02.842,0.73349,0.73338,3.69,1.5
10.08.2021 01:00:02.944,0.73349,0.73338,1.5,3.19
10.08.2021 01:00:04.636,0.7334600000000001,0.73338,2.44,1
10.08.2021 01:00:04.688,0.7334600000000001,0.7333500000000001,3.64,1.5
10.08.2021 01:00:06.716,0.7334600000000001,0.73334,1,1
10.08.2021 01:00:07.167,0.73344,0.73334,1,2.25
10.08.2021 01:00:09.229,0.73345,0.73332,3.19,3.19
10.08.2021 01:00:09.331,0.73344,0.73331,2.44,1.87
10.08.2021 01:00:09.432,0.7334200000000001,0.73332,1,1.5
10.08.2021 01:00:09.584,0.7334200000000001,0.73331,1.69,1.5
10.08.2021 01:00:09.640,0.7334,0.73329,2.25,3.12
10.08.2021 01:00:09.792,0.7334,0.73329,2.25,2.25
10.08.2021 01:00:13.419,0.7334,0.73328,1.5,1
10.08.2021 01:00:14.740,0.7334100000000001,0.73331,1,1
10.08.2021 01:00:14.791,0.7334200000000001,0.73332,1.5,4.5
10.08.2021 01:00:14.892,0.73343,0.73332,1,1
10.08.2021 01:00:15.957,0.73344,0.73333,3.81,1.5
10.08.2021 01:00:23.156,0.7334200000000001,0.73332,1,4.69
10.08.2021 01:00:27.512,0.7334100000000001,0.73329,1.76,3.37
10.08.2021 01:00:27.615,0.73338,0.73329,1.5,1.5
10.08.2021 01:00:27.717,0.73338,0.73329,1.5,1
10.08.2021 01:00:27.869,0.73338,0.73328,1.5,2.25
10.08.2021 01:00:32.012,0.73338,0.73329,1,1
10.08.2021 01:00:35.178,0.73339,0.73327,1.57,2.81
10.08.2021 01:00:36.018,0.7333600000000001,0.73327,1,1.5
10.08.2021 01:00:36.120,0.7333600000000001,0.73327,1,1
10.08.2021 01:00:36.768,0.73334,0.73324,1.1,2
10.08.2021 01:00:36.970,0.73334,0.73324,1.76,1
10.08.2021 01:00:37.072,0.73332,0.73323,1,3.37
10.08.2021 01:00:38.220,0.73332,0.73324,1,1
10.08.2021 01:00:38.322,0.73332,0.73323,1,3
10.08.2021 01:00:39.742,0.73332,0.73321,1.5,1.12
10.08.2021 01:00:39.895,0.7333000000000001,0.73321,1,2
10.08.2021 01:00:39.996,0.73331,0.7332000000000001,1,1.5
10.08.2021 01:00:44.021,0.7333000000000001,0.7332000000000001,1.57,1.12
10.08.2021 01:00:44.123,0.7333000000000001,0.7332000000000001,1.6,1
10.08.2021 01:00:44.501,0.7333000000000001,0.7332000000000001,1.57,1
10.08.2021 01:00:47.604,0.73331,0.73321,1.5,3.94
10.08.2021 01:00:47.857,0.7333000000000001,0.73321,1,1
10.08.2021 01:00:48.262,0.7333000000000001,0.7332000000000001,1,2.06
10.08.2021 01:00:53.623,0.73332,0.73322,1,3.37
10.08.2021 01:00:53.776,0.73333,0.73322,1,1
10.08.2021 01:01:04.751,0.73329,0.73321,1,1
10.08.2021 01:01:04.853,0.73329,0.73319,1,4.14
10.08.2021 01:01:04.955,0.73329,0.73319,1,2.44
10.08.2021 01:01:05.783,0.73328,0.73318,1,4.31
10.08.2021 01:01:05.884,0.73327,0.73317,1,5.56
10.08.2021 01:01:08.526,0.73327,0.73317,1,4.69
10.08.2021 01:01:09.577,0.7332500000000001,0.73316,1,1.12
10.08.2021 01:01:09.679,0.73324,0.7331500000000001,1.25,1.5
10.08.2021 01:01:09.780,0.73324,0.7331500000000001,1.25,1
10.08.2021 01:01:12.724,0.73323,0.7331500000000001,1,1
10.08.2021 01:01:13.160,0.73323,0.7331300000000001,1.5,1.12
10.08.2021 01:01:13.211,0.73323,0.7331500000000001,1.5,1
10.08.2021 01:01:13.674,0.73323,0.73314,1,1
10.08.2021 01:01:21.455,0.73328,0.73316,2.85,1.12
10.08.2021 01:01:21.557,0.73327,0.73318,1.1,1
10.08.2021 01:01:21.862,0.73327,0.73317,1.76,1.5
10.08.2021 01:01:21.964,0.7332500000000001,0.73314,1.01,1
10.08.2021 01:01:22.065,0.73324,0.73314,1.57,1.69
10.08.2021 01:01:30.511,0.7332500000000001,0.73312,1.79,2.25
10.08.2021 01:01:30.664,0.7332500000000001,0.7331300000000001,1.79,1
10.08.2021 01:01:38.591,0.73326,0.73317,1.1,1.87
10.08.2021 01:01:38.642,0.73328,0.73318,2.7,2.44
10.08.2021 01:01:42.212,0.73327,0.73318,1,1
10.08.2021 01:01:42.314,0.73326,0.73317,1.76,1.12
10.08.2021 01:01:42.417,0.73328,0.73316,1.57,3.37
10.08.2021 01:01:46.442,0.73328,0.7332000000000001,1,1
10.08.2021 01:01:46.543,0.73329,0.7332000000000001,1,1
10.08.2021 01:01:54.019,0.7333000000000001,0.73318,1.69,1.12
10.08.2021 01:02:11.473,0.73329,0.73318,1.25,1.5
10.08.2021 01:02:11.574,0.73324,0.7331500000000001,1,3.87
10.08.2021 01:02:11.676,0.73324,0.7331500000000001,1,1.5
10.08.2021 01:02:18.012,0.73322,0.73312,2.91,1.5
10.08.2021 01:02:18.063,0.7332000000000001,0.7331000000000001,1.1,1.5
10.08.2021 01:02:18.165,0.7332000000000001,0.7330800000000001,1.01,3.69
10.08.2021 01:02:18.266,0.73319,0.73309,1.01,3.19
10.08.2021 01:02:22.835,0.73317,0.73309,1.94,1.5
10.08.2021 01:02:22.937,0.73316,0.73306,2.25,1.5
10.08.2021 01:02:23.038,0.73316,0.73306,1.5,1.5
10.08.2021 01:02:23.140,0.73318,0.7330800000000001,1.87,1.5
10.08.2021 01:02:23.241,0.73319,0.73309,1.5,1
10.08.2021 01:02:25.028,0.73317,0.73309,1.25,1
10.08.2021 01:02:25.131,0.73316,0.73307,1,1.12
10.08.2021 01:02:25.334,0.73318,0.73306,3.26,1
10.08.2021 01:02:26.770,0.73319,0.73307,1.69,2.25
10.08.2021 01:02:26.872,0.73319,0.7330800000000001,3.26,3
10.08.2021 01:02:27.558,0.73318,0.7330800000000001,1.5,1.5
10.08.2021 01:02:28.001,0.73318,0.73307,1,1.5
10.08.2021 01:02:28.269,0.73318,0.73306,2.7,1
10.08.2021 01:02:28.319,0.7331500000000001,0.7330500000000001,1,1.5
10.08.2021 01:02:29.043,0.73316,0.7330500000000001,1,1
10.08.2021 01:02:29.145,0.73316,0.73306,1,1.5
10.08.2021 01:02:29.246,0.73314,0.73306,1,1
10.08.2021 01:02:30.103,0.7331500000000001,0.7330300000000001,1.5,2.44
10.08.2021 01:02:33.831,0.73316,0.73307,1.12,1
10.08.2021 01:02:34.839,0.73316,0.73306,1.5,1
10.08.2021 01:02:35.841,0.73314,0.73306,1,1
10.08.2021 01:02:36.293,0.73316,0.73306,1.5,1
10.08.2021 01:02:42.522,0.7331500000000001,0.7330500000000001,1,1.69
10.08.2021 01:02:43.022,0.73314,0.7330500000000001,1,1
10.08.2021 01:02:44.145,0.73314,0.73304,1.69,2.25
10.08.2021 01:02:48.401,0.73312,0.7330300000000001,1.94,1
10.08.2021 01:02:48.503,0.73309,0.733,1.69,1
10.08.2021 01:02:48.604,0.7331000000000001,0.7329800000000001,1.69,1.5
10.08.2021 01:02:50.437,0.73307,0.73299,1.25,1
10.08.2021 01:02:50.538,0.73306,0.73297,1,1
10.08.2021 01:02:51.011,0.73307,0.7329800000000001,1,1
10.08.2021 01:02:52.412,0.73306,0.7329800000000001,1,1
10.08.2021 01:02:55.108,0.73306,0.73297,1,2.25
10.08.2021 01:02:56.896,0.73306,0.73294,1.5,2.06
10.08.2021 01:02:56.947,0.7330300000000001,0.73295,1,1.12
10.08.2021 01:02:57.669,0.73304,0.73295,1,1.12
10.08.2021 01:03:00.695,0.73306,0.7329600000000001,1.5,2.44
10.08.2021 01:03:01.005,0.73307,0.73297,1.5,4.31
10.08.2021 01:03:01.158,0.73307,0.7329800000000001,1,1
10.08.2021 01:03:03.733,0.7330800000000001,0.7329800000000001,1.5,1.12
10.08.2021 01:03:05.710,0.73307,0.7329800000000001,1,1
10.08.2021 01:03:07.028,0.73306,0.73297,1.5,1
10.08.2021 01:03:07.129,0.73306,0.7329600000000001,1.5,2.81
10.08.2021 01:03:07.290,0.7330500000000001,0.73294,1,1.12
10.08.2021 01:03:07.391,0.73304,0.7329300000000001,1,2
10.08.2021 01:03:07.531,0.7330300000000001,0.73294,1,1.5
10.08.2021 01:03:08.094,0.7330300000000001,0.7329300000000001,1.69,1.87
10.08.2021 01:03:08.195,0.73301,0.7329300000000001,1,1.12
10.08.2021 01:03:08.602,0.73301,0.7329100000000001,1.5,1.87
10.08.2021 01:03:09.636,0.73304,0.73295,1.5,1
10.08.2021 01:03:15.009,0.73307,0.73295,2.25,1
10.08.2021 01:03:20.149,0.73306,0.73294,1,2.44
10.08.2021 01:03:22.712,0.73306,0.7329600000000001,1.5,1.5
10.08.2021 01:03:22.814,0.73307,0.73297,1.5,1
10.08.2021 01:03:22.916,0.73309,0.7329600000000001,1.5,2.81
10.08.2021 01:03:23.017,0.7330800000000001,0.7329800000000001,1.5,1.5
10.08.2021 01:03:30.534,0.73307,0.73297,1,1
10.08.2021 01:03:30.856,0.73306,0.7329600000000001,1,1.87
10.08.2021 01:03:32.866,0.73307,0.7329600000000001,1.69,1.5
10.08.2021 01:03:39.015,0.7330800000000001,0.7329800000000001,1.69,1
10.08.2021 01:03:40.840,0.7330800000000001,0.73299,1,1
10.08.2021 01:03:44.764,0.73309,0.73299,1.5,1.5
10.08.2021 01:03:57.778,0.7331000000000001,0.73299,1,1
10.08.2021 01:03:59.048,0.7331300000000001,0.73302,1.5,1
10.08.2021 01:03:59.200,0.7331300000000001,0.7330300000000001,1,1
10.08.2021 01:04:00.016,0.73312,0.73302,1,2.62
10.08.2021 01:04:00.168,0.73311,0.73302,1,1.12
10.08.2021 01:04:00.269,0.73311,0.73301,1,2.81
10.08.2021 01:04:00.371,0.73311,0.73302,1,1
10.08.2021 01:04:03.263,0.73311,0.73301,1,1.87
10.08.2021 01:04:03.365,0.7331000000000001,0.73301,1,1
10.08.2021 01:04:04.183,0.73309,0.733,1,1
10.08.2021 01:04:04.285,0.7330800000000001,0.73299,1.25,1
10.08.2021 01:04:04.437,0.7330800000000001,0.733,1,1
10.08.2021 01:04:05.297,0.7330800000000001,0.73299,1,1
10.08.2021 01:04:06.463,0.7330800000000001,0.733,1,1
10.08.2021 01:04:11.469,0.73309,0.733,1.5,1
10.08.2021 01:04:20.171,0.73311,0.73301,1,3.37
10.08.2021 01:04:20.222,0.7331300000000001,0.73302,1,1
10.08.2021 01:04:20.324,0.7331300000000001,0.73304,1.25,1
10.08.2021 01:04:20.691,0.73311,0.73299,2.44,2.75
10.08.2021 01:04:20.842,0.73309,0.733,1,1
10.08.2021 01:04:36.278,0.7331000000000001,0.73301,1,1
10.08.2021 01:04:37.266,0.73312,0.73301,1,1
10.08.2021 01:04:45.019,0.73312,0.73302,1.69,1.5
10.08.2021 01:04:45.120,0.7331300000000001,0.73304,1.5,1
10.08.2021 01:04:45.273,0.7331500000000001,0.7330500000000001,1.87,1
10.08.2021 01:04:49.155,0.73314,0.7330500000000001,1,1
10.08.2021 01:05:00.177,0.73314,0.73306,1,1
10.08.2021 01:05:00.228,0.73316,0.73306,1.69,1
10.08.2021 01:05:09.545,0.73316,0.7330500000000001,1.25,1
10.08.2021 01:05:10.278,0.73314,0.7330500000000001,1,1
10.08.2021 01:05:10.691,0.73312,0.73302,1.25,2.62
10.08.2021 01:05:10.949,0.73312,0.73301,1,1
10.08.2021 01:05:11.528,0.73312,0.733,1,2.25
10.08.2021 01:05:18.469,0.73312,0.73301,2.25,2.62
10.08.2021 01:05:29.898,0.73314,0.7330500000000001,1,1
10.08.2021 01:05:29.949,0.7331500000000001,0.73304,2.44,2.25
10.08.2021 01:05:33.439,0.73316,0.7330500000000001,3.64,1.5
10.08.2021 01:05:38.435,0.73317,0.73307,1,1.5
10.08.2021 01:05:46.086,0.73316,0.73306,1.5,1.5
10.08.2021 01:05:46.189,0.73316,0.73304,1.5,2.25
10.08.2021 01:05:46.340,0.73317,0.7330500000000001,1.75,1
10.08.2021 01:05:46.442,0.73316,0.73306,1.25,1.5
10.08.2021 01:05:47.010,0.73317,0.73307,3.25,1
10.08.2021 01:05:54.507,0.73317,0.73307,2.25,2.62
10.08.2021 01:05:54.608,0.7332000000000001,0.7331000000000001,2.19,1
10.08.2021 01:05:54.710,0.7332000000000001,0.7331000000000001,1.5,1.5
10.08.2021 01:05:56.784,0.7332000000000001,0.73311,1,1
10.08.2021 01:05:56.835,0.73323,0.73312,1.25,1
10.08.2021 01:06:03.382,0.73323,0.73311,2.44,1.5
10.08.2021 01:06:03.903,0.73319,0.73309,1.25,2
10.08.2021 01:06:04.055,0.73319,0.73309,1.25,1.5
10.08.2021 01:06:18.014,0.7332000000000001,0.73311,1,1
10.08.2021 01:06:18.116,0.73321,0.73311,1.69,1
10.08.2021 01:06:23.237,0.73321,0.7331000000000001,1.69,2.25
10.08.2021 01:06:32.705,0.73319,0.73309,1.25,2.25
10.08.2021 01:06:33.149,0.73319,0.73307,1,1.87
10.08.2021 01:06:33.606,0.7332000000000001,0.7330800000000001,1.5,1.5
10.08.2021 01:06:51.505,0.7332000000000001,0.73311,1,1
10.08.2021 01:06:52.498,0.73321,0.73311,1.5,1.5
10.08.2021 01:07:00.914,0.73321,0.73312,1,1
10.08.2021 01:07:02.731,0.73321,0.73311,1.5,1.5
10.08.2021 01:07:03.247,0.73323,0.7331300000000001,1.87,1
10.08.2021 01:07:03.349,0.73324,0.7331300000000001,1,1
10.08.2021 01:07:03.999,0.73324,0.73314,1.69,1.5
10.08.2021 01:07:05.198,0.7332500000000001,0.73314,1,1
10.08.2021 01:07:14.093,0.73324,0.73314,1.5,1.5
10.08.2021 01:07:16.445,0.73324,0.73314,2.5,1.5
10.08.2021 01:07:19.690,0.73321,0.73312,1,1
10.08.2021 01:07:19.792,0.7332000000000001,0.7331000000000001,1.5,3.5
10.08.2021 01:07:19.893,0.73321,0.73309,1.5,2.25
10.08.2021 01:07:25.975,0.7332000000000001,0.73309,1,1
10.08.2021 01:07:27.995,0.73321,0.73309,1,2.25
10.08.2021 01:07:28.361,0.73321,0.73311,1.5,1
10.08.2021 01:07:38.988,0.7332000000000001,0.73311,1,1
10.08.2021 01:07:39.090,0.7332000000000001,0.7331000000000001,1.5,2.25
10.08.2021 01:07:48.384,0.73319,0.7331000000000001,1,1.5
10.08.2021 01:07:55.461,0.73319,0.73309,1.69,2.25
10.08.2021 01:08:10.081,0.73319,0.7331000000000001,1,1
10.08.2021 01:08:20.427,0.7332000000000001,0.7330800000000001,1.5,2.25
10.08.2021 01:08:31.100,0.73318,0.7330800000000001,1.69,1.87
10.08.2021 01:08:34.291,0.73319,0.73309,2.06,1.5
10.08.2021 01:08:43.736,0.73318,0.73309,1,1
10.08.2021 01:09:00.093,0.73318,0.7330800000000001,1.5,3
10.08.2021 01:09:09.653,0.73318,0.73306,1.5,3.07
10.08.2021 01:09:09.755,0.73316,0.73307,1,1.95
10.08.2021 01:09:09.856,0.73314,0.7330500000000001,1.25,1.12
10.08.2021 01:09:11.450,0.73314,0.73304,1.69,1.5
10.08.2021 01:09:11.551,0.7331300000000001,0.73304,1,1
10.08.2021 01:09:12.312,0.73311,0.73302,1.69,1
10.08.2021 01:09:12.363,0.7331000000000001,0.733,1,2.25
10.08.2021 01:09:13.180,0.73311,0.73301,2.44,1
10.08.2021 01:09:17.536,0.73311,0.73301,3.44,1
10.08.2021 01:09:19.431,0.73311,0.73301,2.81,1
10.08.2021 01:09:19.482,0.73312,0.73302,1.12,1
10.08.2021 01:09:19.583,0.73316,0.73306,1,1
10.08.2021 01:09:19.685,0.73316,0.73307,1.5,1
10.08.2021 01:09:29.532,0.73314,0.73306,1.69,1
10.08.2021 01:09:29.877,0.73316,0.73306,2.89,1
10.08.2021 01:09:29.978,0.73316,0.73307,1.69,1
10.08.2021 01:09:33.558,0.73316,0.73307,2.69,1
10.08.2021 01:09:33.660,0.7331500000000001,0.7330300000000001,3.19,1
10.08.2021 01:09:33.813,0.73314,0.7330500000000001,1.69,1
10.08.2021 01:09:37.081,0.73314,0.7330500000000001,2.69,1
10.08.2021 01:09:37.182,0.7331300000000001,0.73304,1.25,1
10.08.2021 01:09:44.936,0.7331500000000001,0.7330300000000001,2.51,1
10.08.2021 01:09:45.952,0.7331500000000001,0.73304,1.5,1
10.08.2021 01:09:53.473,0.73314,0.73306,1,1
10.08.2021 01:09:54.803,0.73314,0.7330500000000001,1,1
10.08.2021 01:10:05.247,0.73312,0.7330300000000001,1,1
10.08.2021 01:10:05.349,0.7331300000000001,0.73301,1.5,2.44
10.08.2021 01:10:06.154,0.73311,0.73301,1,2.51
10.08.2021 01:10:19.456,0.73311,0.73301,1,3.51
10.08.2021 01:10:20.524,0.73314,0.7330500000000001,1.5,1
10.08.2021 01:10:20.625,0.7331500000000001,0.7330500000000001,2.62,1.5
10.08.2021 01:10:23.048,0.73314,0.7330500000000001,1.25,1
10.08.2021 01:10:23.149,0.73314,0.7330300000000001,1.5,1
10.08.2021 01:10:23.358,0.7331300000000001,0.7330300000000001,1.5,1.5
10.08.2021 01:10:29.575,0.7331500000000001,0.73304,1,1
10.08.2021 01:10:30.488,0.73314,0.73304,2.25,1
10.08.2021 01:10:32.717,0.73314,0.7330500000000001,1.5,1
10.08.2021 01:10:41.957,0.73314,0.73304,2.25,1
10.08.2021 01:10:56.803,0.7331500000000001,0.73304,1.87,2.51
10.08.2021 01:10:56.904,0.7331500000000001,0.7330500000000001,1.87,1
10.08.2021 01:10:57.561,0.73316,0.7330300000000001,1.5,2.51
10.08.2021 01:11:00.674,0.7331500000000001,0.7330300000000001,1,2.51
10.08.2021 01:11:04.555,0.73314,0.7330300000000001,1,1.69
10.08.2021 01:11:06.098,0.7331500000000001,0.7330300000000001,1.5,2.25
10.08.2021 01:11:17.604,0.7331300000000001,0.73304,1,1.5
10.08.2021 01:11:21.351,0.7331300000000001,0.7330500000000001,1,1
10.08.2021 01:11:21.452,0.7331500000000001,0.7330500000000001,1.5,2.44
10.08.2021 01:11:30.514,0.73316,0.73306,1.5,1
10.08.2021 01:11:37.623,0.7331500000000001,0.7330500000000001,1,2.25
10.08.2021 01:11:45.445,0.73316,0.73306,1.5,1
10.08.2021 01:11:54.571,0.73317,0.73306,1,1
10.08.2021 01:11:54.673,0.73317,0.7330800000000001,1.1,1
10.08.2021 01:11:54.826,0.73318,0.7330800000000001,1,1.57
10.08.2021 01:11:55.480,0.73318,0.73309,1,1
10.08.2021 01:12:00.191,0.73319,0.73309,1.25,1.5
10.08.2021 01:12:21.690,0.73321,0.73311,1.5,5.39
10.08.2021 01:12:21.792,0.73321,0.73311,1.5,2.06
10.08.2021 01:12:21.944,0.7332000000000001,0.73311,1,1.25
10.08.2021 01:12:22.045,0.73321,0.73311,1.5,1.69
10.08.2021 01:12:22.285,0.73321,0.7331000000000001,1,1.25
10.08.2021 01:12:24.513,0.7332000000000001,0.7331000000000001,1,2.25
10.08.2021 01:12:29.937,0.73319,0.7331000000000001,1,1
10.08.2021 01:12:30.191,0.73319,0.73309,1,2.51
10.08.2021 01:12:31.886,0.73318,0.73309,1,1.57
10.08.2021 01:12:36.030,0.7332000000000001,0.7330800000000001,1.5,2.25
10.08.2021 01:12:39.781,0.73317,0.73307,1.5,3.37
10.08.2021 01:12:39.883,0.73316,0.73307,1,1.12
10.08.2021 01:12:39.993,0.73317,0.7330500000000001,1.5,2.44
10.08.2021 01:12:40.096,0.7331500000000001,0.73306,1,1.69
10.08.2021 01:12:41.070,0.73316,0.7330500000000001,1,4.19
10.08.2021 01:12:41.171,0.73316,0.73307,1,1.76
10.08.2021 01:12:41.739,0.73317,0.73307,1.5,3.26
10.08.2021 01:12:42.104,0.73317,0.7330800000000001,1,1.25
10.08.2021 01:12:42.307,0.73317,0.7330800000000001,1,2.76
10.08.2021 01:12:46.102,0.73317,0.7330800000000001,1,1.76
10.08.2021 01:13:04.013,0.7331500000000001,0.73306,1.5,2.62
10.08.2021 01:13:04.115,0.7331500000000001,0.7330500000000001,1.5,1
10.08.2021 01:13:04.948,0.7331500000000001,0.7330300000000001,1,2.51
10.08.2021 01:13:25.020,0.7331500000000001,0.7330500000000001,1,1
10.08.2021 01:13:25.121,0.73316,0.7330500000000001,1,1
10.08.2021 01:13:30.191,0.73317,0.7330500000000001,1.5,1.5
10.08.2021 01:13:43.208,0.73316,0.73307,1,1
10.08.2021 01:13:43.309,0.73319,0.7330800000000001,1,1.5
10.08.2021 01:13:43.411,0.73319,0.73309,1.5,2.25
10.08.2021 01:13:44.594,0.73322,0.73311,1.12,1
10.08.2021 01:13:52.992,0.7332000000000001,0.73311,1,1
10.08.2021 01:13:53.144,0.73321,0.73309,1.69,1
10.08.2021 01:13:53.245,0.73319,0.7331000000000001,1,1
10.08.2021 01:13:53.296,0.73318,0.7330800000000001,1,2.7
10.08.2021 01:13:53.548,0.73317,0.7330800000000001,1,1.57
10.08.2021 01:13:54.490,0.73317,0.73307,1.5,1.12
10.08.2021 01:13:54.591,0.73316,0.7330500000000001,1,1.31
10.08.2021 01:13:59.430,0.73316,0.73304,1,2.51
10.08.2021 01:14:01.390,0.7331500000000001,0.7330500000000001,1,3.29
10.08.2021 01:14:02.323,0.7331500000000001,0.7330500000000001,1,2.89
10.08.2021 01:14:04.931,0.7331500000000001,0.73306,1,1.01
10.08.2021 01:14:05.033,0.73318,0.73309,1.12,1
10.08.2021 01:14:05.135,0.73319,0.73309,1.5,1.5
10.08.2021 01:14:07.058,0.73319,0.7331000000000001,1,1.5
10.08.2021 01:14:07.160,0.7332000000000001,0.7331000000000001,1,4.64
10.08.2021 01:14:07.362,0.73321,0.73311,1.5,1.39
10.08.2021 01:14:20.157,0.73321,0.7331300000000001,1,1
10.08.2021 01:14:21.675,0.73321,0.73314,1,1
10.08.2021 01:14:21.726,0.73323,0.73314,1.5,1
10.08.2021 01:14:27.567,0.73322,0.73314,1,1
10.08.2021 01:14:28.437,0.73322,0.73312,1,1.76
10.08.2021 01:14:30.349,0.73321,0.73311,1,2.32
10.08.2021 01:14:30.552,0.7332000000000001,0.7331000000000001,1,1.57
10.08.2021 01:14:33.428,0.73321,0.7331000000000001,1,1.25
10.08.2021 01:14:39.192,0.73321,0.73311,1.5,1.76
10.08.2021 01:14:45.034,0.73321,0.7331000000000001,1.5,1.76
10.08.2021 01:14:46.001,0.73322,0.73309,1.5,4.41
10.08.2021 01:14:46.102,0.73322,0.73311,1,1
10.08.2021 01:14:46.863,0.73323,0.73311,1.5,1
10.08.2021 01:14:48.101,0.73322,0.7331300000000001,1,1
10.08.2021 01:14:52.352,0.73322,0.73311,1.5,1.95
10.08.2021 01:14:52.453,0.73321,0.7331000000000001,1.5,2.1
10.08.2021 01:14:52.504,0.73319,0.7331000000000001,1,1.5
10.08.2021 01:14:52.606,0.73319,0.7331000000000001,1,1
10.08.2021 01:14:53.010,0.73321,0.73309,1.5,1.5
10.08.2021 01:14:55.017,0.7332000000000001,0.73309,1,1
10.08.2021 01:14:57.370,0.7332000000000001,0.7331000000000001,1.5,1.5
10.08.2021 01:15:00.550,0.73318,0.7330800000000001,1,1.5
10.08.2021 01:15:00.651,0.73317,0.7330800000000001,1,1
10.08.2021 01:15:00.752,0.73316,0.73307,1,1
10.08.2021 01:15:00.854,0.73316,0.73306,1.5,1.25
10.08.2021 01:15:01.409,0.73316,0.73304,2.69,1.12
10.08.2021 01:15:01.510,0.73316,0.73304,1.69,1
10.08.2021 01:15:02.268,0.7331500000000001,0.73306,1.25,1
10.08.2021 01:15:03.976,0.73316,0.73306,1.5,1
10.08.2021 01:15:07.770,0.73316,0.7330800000000001,1,1
10.08.2021 01:15:07.821,0.7332000000000001,0.7330800000000001,1.5,1.5
10.08.2021 01:15:07.922,0.73321,0.73309,1.62,1.5
10.08.2021 01:15:07.973,0.73321,0.73309,1,1.5
10.08.2021 01:15:09.149,0.73321,0.73311,1.25,1.5
10.08.2021 01:15:15.394,0.73319,0.73309,1.25,1.5
10.08.2021 01:15:15.546,0.7332000000000001,0.7331000000000001,2.06,1
10.08.2021 01:15:16.058,0.73318,0.7331000000000001,1.5,1
10.08.2021 01:15:16.109,0.73318,0.7330800000000001,2.69,1.5
10.08.2021 01:15:16.210,0.73317,0.73307,2.69,1.12
10.08.2021 01:15:16.311,0.73316,0.73306,3.51,1
10.08.2021 01:15:17.016,0.73318,0.7330800000000001,2.89,1
10.08.2021 01:15:17.117,0.73318,0.73306,1.5,1
10.08.2021 01:15:21.548,0.73317,0.7330800000000001,1,1
10.08.2021 01:15:21.649,0.73317,0.73307,1,1
10.08.2021 01:15:21.750,0.73318,0.73307,3.64,1
10.08.2021 01:15:23.535,0.73317,0.73307,1,1
10.08.2021 01:15:24.354,0.73317,0.7330800000000001,1,1
10.08.2021 01:15:24.405,0.7332000000000001,0.7330800000000001,1.87,1
10.08.2021 01:15:24.506,0.73319,0.7331000000000001,1.12,1
10.08.2021 01:15:24.557,0.73322,0.7331000000000001,3.64,1
10.08.2021 01:15:24.917,0.73322,0.73312,1.87,1
10.08.2021 01:15:25.791,0.73322,0.73312,3.44,1
10.08.2021 01:15:26.233,0.73322,0.7331000000000001,4.64,1.5
10.08.2021 01:15:26.385,0.73321,0.73311,2.14,1.5
10.08.2021 01:15:32.091,0.7332000000000001,0.7331000000000001,2.69,1.5
10.08.2021 01:15:33.171,0.73321,0.73309,1.25,1.5
10.08.2021 01:15:34.709,0.73319,0.7331000000000001,1,1
10.08.2021 01:15:36.339,0.7332000000000001,0.7331000000000001,2.06,1.5
10.08.2021 01:15:40.343,0.73321,0.73311,2.81,1
10.08.2021 01:15:40.561,0.73324,0.73312,1.95,1
10.08.2021 01:15:42.803,0.73322,0.7331300000000001,1,1
10.08.2021 01:15:45.142,0.73323,0.73312,2.69,1
10.08.2021 01:15:45.871,0.73322,0.7331300000000001,2.06,1
10.08.2021 01:15:48.192,0.73322,0.73312,2.62,1
10.08.2021 01:16:00.183,0.73322,0.73311,6.06,1.5
10.08.2021 01:16:00.285,0.7332000000000001,0.7331000000000001,1.94,1.87
10.08.2021 01:16:01.392,0.73321,0.73309,1.25,1.5
10.08.2021 01:16:03.171,0.73319,0.73309,2.69,1.5
10.08.2021 01:16:03.425,0.73318,0.7330800000000001,1.69,1
10.08.2021 01:16:05.927,0.73318,0.73309,1.12,1
10.08.2021 01:16:06.080,0.7332000000000001,0.7331000000000001,2.75,1
10.08.2021 01:16:06.182,0.7332000000000001,0.7331000000000001,1.5,1
10.08.2021 01:16:06.334,0.73321,0.7331000000000001,2.06,1.5
10.08.2021 01:16:09.127,0.7332000000000001,0.7331000000000001,1.25,1.5
10.08.2021 01:16:09.228,0.73322,0.73309,3.75,1.5
10.08.2021 01:16:09.420,0.73322,0.73309,5.31,1.5
10.08.2021 01:16:12.210,0.73321,0.73311,4.56,1
10.08.2021 01:16:12.840,0.73321,0.73311,2.62,1
10.08.2021 01:16:15.992,0.73323,0.7331300000000001,2.94,1.25
10.08.2021 01:16:16.194,0.73323,0.7331300000000001,2.25,1
10.08.2021 01:16:24.141,0.73322,0.7331300000000001,1,1
10.08.2021 01:16:24.242,0.73321,0.73312,1,1
10.08.2021 01:16:24.344,0.73322,0.73312,2.62,1
10.08.2021 01:16:30.109,0.73323,0.73311,2.75,1
10.08.2021 01:16:30.311,0.73322,0.7331000000000001,1.12,1.5
10.08.2021 01:16:32.517,0.7332000000000001,0.73311,1,1
10.08.2021 01:16:36.869,0.73321,0.73311,1,1.69
10.08.2021 01:16:42.030,0.73321,0.7331000000000001,1,1
10.08.2021 01:16:43.717,0.73321,0.73311,1.12,1.5
10.08.2021 01:17:15.864,0.7332000000000001,0.73309,1,1.5
10.08.2021 01:17:15.966,0.73321,0.73309,1.5,1.5
10.08.2021 01:17:20.449,0.73317,0.73307,1,1.69
10.08.2021 01:17:20.551,0.73316,0.73307,1,1.5
10.08.2021 01:17:20.754,0.73316,0.73306,2.25,1.5
10.08.2021 01:17:20.855,0.73316,0.7330500000000001,1,1
10.08.2021 01:17:21.544,0.73316,0.73306,2.62,1
10.08.2021 01:17:23.902,0.7331500000000001,0.73306,1,1
10.08.2021 01:17:32.770,0.73316,0.73306,2.62,1
10.08.2021 01:17:33.314,0.7331500000000001,0.7330500000000001,1,1
10.08.2021 01:17:36.420,0.73316,0.73306,2.25,1
10.08.2021 01:17:45.071,0.73316,0.73307,1,1.94
10.08.2021 01:17:45.122,0.73318,0.73309,1.12,1.69
10.08.2021 01:17:45.223,0.7332000000000001,0.7331000000000001,1.62,2.44
10.08.2021 01:17:45.274,0.73321,0.73309,1,2.44
10.08.2021 01:17:45.325,0.73321,0.73312,2.06,1
10.08.2021 01:17:50.539,0.7332000000000001,0.73312,1,1
10.08.2021 01:17:57.901,0.73321,0.7331300000000001,1,1
10.08.2021 01:17:58.003,0.73322,0.7331300000000001,1.12,1.5
10.08.2021 01:17:58.250,0.73323,0.7331300000000001,1.87,1.5
10.08.2021 01:18:15.425,0.73323,0.73312,1,1.5
10.08.2021 01:18:45.765,0.73321,0.7331300000000001,1,1
10.08.2021 01:18:46.680,0.73323,0.7331300000000001,2.25,1
10.08.2021 01:18:46.782,0.73324,0.73314,2.81,1.5
10.08.2021 01:18:49.737,0.7332500000000001,0.7331500000000001,2.25,1
10.08.2021 01:18:49.788,0.73327,0.73317,2,1
10.08.2021 01:18:49.891,0.7333000000000001,0.73321,1.25,1.5
10.08.2021 01:18:50.043,0.73332,0.73323,2.25,1
10.08.2021 01:18:50.195,0.73331,0.73323,1.87,1
10.08.2021 01:18:52.463,0.73331,0.73323,6.06,1
10.08.2021 01:18:52.956,0.73331,0.73321,4.56,1.5
10.08.2021 01:18:54.352,0.73331,0.73321,2.81,1.5
10.08.2021 01:18:54.980,0.73331,0.73322,1.5,1
10.08.2021 01:18:55.082,0.73333,0.73323,1.5,1.69
10.08.2021 01:18:55.183,0.73334,0.7332500000000001,1,1.5
10.08.2021 01:18:56.391,0.7333500000000001,0.73326,1.5,1
10.08.2021 01:18:56.493,0.7333600000000001,0.73326,1,1
10.08.2021 01:18:56.594,0.73337,0.73326,1.87,1
10.08.2021 01:19:00.210,0.7333600000000001,0.73328,1.5,1
10.08.2021 01:19:01.327,0.73338,0.7333000000000001,3.37,1.69
10.08.2021 01:19:01.429,0.7334200000000001,0.73331,2.75,1.5
10.08.2021 01:19:01.530,0.7334100000000001,0.73333,1,1
10.08.2021 01:19:02.066,0.7334,0.73332,1,1
10.08.2021 01:19:02.167,0.7334,0.73331,3.19,1
10.08.2021 01:19:02.269,0.73339,0.7333000000000001,2.25,1
10.08.2021 01:19:06.281,0.7334,0.7333000000000001,2.25,1
10.08.2021 01:19:09.115,0.7334,0.73329,1.87,1
10.08.2021 01:19:11.306,0.73337,0.73329,1,1.5
10.08.2021 01:19:11.410,0.73338,0.73329,1.5,1.5
