Gmt time,Ask,Bid,AskVolume,BidVolume
27.08.2021 00:00:00.173,0.72389,0.7237800000000001,1,1
27.08.2021 00:00:00.325,0.72387,0.72379,1,1
27.08.2021 00:00:00.427,0.7238600000000001,0.7237800000000001,1.25,1
27.08.2021 00:00:00.529,0.72387,0.7237800000000001,1.25,1
27.08.2021 00:00:00.630,0.72387,0.72379,1.25,1
27.08.2021 00:00:00.834,0.72387,0.7237600000000001,1,1.87
27.08.2021 00:00:04.937,0.72387,0.72379,1,1
27.08.2021 00:00:05.301,0.72387,0.7237600000000001,1,1.12
27.08.2021 00:00:05.351,0.72387,0.72379,1,1
27.08.2021 00:00:07.051,0.7238800000000001,0.72377,1,1
27.08.2021 00:00:07.562,0.72387,0.72379,1,1
27.08.2021 00:00:08.692,0.72387,0.7237800000000001,1,1
27.08.2021 00:00:10.678,0.7238800000000001,0.72379,1.25,1
27.08.2021 00:00:10.779,0.7239,0.7238,2.12,1
27.08.2021 00:00:10.880,0.72389,0.7238100000000001,1.31,1
27.08.2021 00:00:10.981,0.72389,0.7238,1.12,1
27.08.2021 00:00:11.083,0.7239,0.7238100000000001,2.81,1
27.08.2021 00:00:11.184,0.72389,0.7238100000000001,1.31,1
27.08.2021 00:00:11.286,0.72389,0.72382,1.25,1
27.08.2021 00:00:11.752,0.72389,0.7238100000000001,1.25,1
27.08.2021 00:00:12.112,0.7239,0.7238100000000001,1.69,1
27.08.2021 00:00:12.431,0.7238800000000001,0.7238,1,1
27.08.2021 00:00:12.963,0.7238800000000001,0.72379,1.5,1
27.08.2021 00:00:16.099,0.7238800000000001,0.7237800000000001,2.44,1
27.08.2021 00:00:17.767,0.72387,0.7237800000000001,1,1
27.08.2021 00:00:26.400,0.7238600000000001,0.7237800000000001,1,1
27.08.2021 00:00:26.501,0.72385,0.72375,1,2.44
27.08.2021 00:00:26.603,0.72385,0.72374,1.69,1
27.08.2021 00:00:26.705,0.72385,0.7237300000000001,2.76,1.5
27.08.2021 00:00:26.907,0.72384,0.72372,1.25,1.5
27.08.2021 00:00:27.205,0.7238300000000001,0.7237300000000001,1.94,1.5
27.08.2021 00:00:30.905,0.7238300000000001,0.72372,2.69,3
27.08.2021 00:00:31.485,0.7238100000000001,0.72372,1,1
27.08.2021 00:00:31.587,0.7238100000000001,0.7237100000000001,1,2.25
27.08.2021 00:00:36.219,0.7238,0.7236800000000001,1.5,2
27.08.2021 00:00:36.322,0.72377,0.7236800000000001,1,2
27.08.2021 00:00:36.424,0.72377,0.72367,1,1.5
27.08.2021 00:00:40.780,0.7237600000000001,0.72367,1,1
27.08.2021 00:00:40.934,0.7237600000000001,0.7236600000000001,1,2.44
27.08.2021 00:00:42.430,0.7237300000000001,0.72362,1,2.06
27.08.2021 00:00:42.532,0.7237100000000001,0.7236300000000001,1,1.25
27.08.2021 00:00:42.634,0.72372,0.7236,1,3.12
27.08.2021 00:00:43.885,0.7236899999999999,0.7236100000000001,1,1
27.08.2021 00:00:43.936,0.7236899999999999,0.72358,1.87,1.5
27.08.2021 00:00:43.987,0.7236600000000001,0.72357,1,2
27.08.2021 00:00:44.088,0.72367,0.7235600000000001,1.5,1
27.08.2021 00:00:44.190,0.7236600000000001,0.7235600000000001,1.5,1
27.08.2021 00:00:44.341,0.72365,0.72355,1,1
27.08.2021 00:00:45.142,0.72362,0.72353,1,1.87
27.08.2021 00:00:45.244,0.72362,0.72352,1.5,1.5
27.08.2021 00:00:46.526,0.7236100000000001,0.72352,1,1
27.08.2021 00:00:46.627,0.72362,0.7235,1.5,1
27.08.2021 00:00:46.956,0.7236100000000001,0.72352,1.5,1
27.08.2021 00:00:48.434,0.7236100000000001,0.7235100000000001,1.5,1
27.08.2021 00:00:49.020,0.7236100000000001,0.7235,1.25,1
27.08.2021 00:00:49.122,0.7236,0.72348,1,2.75
27.08.2021 00:00:49.223,0.7236,0.72348,1,2.25
27.08.2021 00:00:49.658,0.72357,0.72348,1,1.5
27.08.2021 00:00:50.773,0.72357,0.7234700000000001,1.69,2.25
27.08.2021 00:00:50.980,0.72357,0.72348,1.5,1
27.08.2021 00:00:51.932,0.72357,0.7234700000000001,1.69,2.25
27.08.2021 00:00:52.037,0.72354,0.7234600000000001,1,1
27.08.2021 00:00:52.138,0.72353,0.72344,1,1
27.08.2021 00:00:52.240,0.72352,0.7234200000000001,1,2.25
27.08.2021 00:00:52.290,0.7235,0.7234100000000001,1,3
27.08.2021 00:00:52.442,0.72352,0.7234200000000001,1.5,1
27.08.2021 00:00:56.755,0.72355,0.7234600000000001,1.76,1
27.08.2021 00:00:56.856,0.7235600000000001,0.7234700000000001,1,3.19
27.08.2021 00:01:01.336,0.72355,0.72345,1,2.25
27.08.2021 00:01:02.352,0.72355,0.72343,1,2.25
27.08.2021 00:01:02.585,0.72353,0.72343,1,1
27.08.2021 00:01:03.688,0.72352,0.72343,1.5,1
27.08.2021 00:01:05.463,0.72354,0.72344,1.87,1
27.08.2021 00:01:05.564,0.72357,0.72345,1.5,1
27.08.2021 00:01:07.073,0.7235600000000001,0.7234700000000001,1,1.5
27.08.2021 00:01:10.653,0.72355,0.7234700000000001,1,1.5
27.08.2021 00:01:11.309,0.72359,0.72352,1.12,1
27.08.2021 00:01:11.411,0.7236100000000001,0.7235100000000001,2,1
27.08.2021 00:01:11.462,0.7236100000000001,0.7235100000000001,1.5,1.5
27.08.2021 00:01:11.866,0.7236100000000001,0.72352,1,1.5
27.08.2021 00:01:12.452,0.72362,0.72352,1,1
27.08.2021 00:01:12.553,0.7236100000000001,0.72352,1,1.5
27.08.2021 00:01:13.054,0.7236,0.72352,1,1
27.08.2021 00:01:15.339,0.72358,0.72349,1.25,1.5
27.08.2021 00:01:15.541,0.7236,0.7235100000000001,1.12,1.12
27.08.2021 00:01:15.642,0.7236100000000001,0.72352,2,1
27.08.2021 00:01:15.743,0.7236100000000001,0.72352,1.5,1
27.08.2021 00:01:16.017,0.72358,0.7235100000000001,1.25,1.12
27.08.2021 00:01:16.069,0.72357,0.72348,1.5,1
27.08.2021 00:01:16.171,0.72357,0.7234700000000001,1.5,1.12
27.08.2021 00:01:18.298,0.72357,0.7234700000000001,2.69,1.12
27.08.2021 00:01:18.349,0.72354,0.7234600000000001,1,1.5
27.08.2021 00:01:18.450,0.72355,0.72345,1,1
27.08.2021 00:01:18.551,0.72354,0.72344,1.5,1.2
27.08.2021 00:01:18.923,0.72353,0.72344,1,1.12
27.08.2021 00:01:19.237,0.72352,0.72344,1,1.12
27.08.2021 00:01:20.259,0.72352,0.72345,1,1
27.08.2021 00:01:20.311,0.7235600000000001,0.7234600000000001,1,1
27.08.2021 00:01:21.733,0.72352,0.72343,1,1
27.08.2021 00:01:21.834,0.72353,0.72344,1,1
27.08.2021 00:01:22.087,0.72353,0.72343,1.5,1.12
27.08.2021 00:01:22.238,0.72352,0.7234200000000001,1,1
27.08.2021 00:01:22.642,0.72352,0.72343,1,1
27.08.2021 00:01:22.744,0.7235,0.7234100000000001,1,1.12
27.08.2021 00:01:22.845,0.7235100000000001,0.7234200000000001,1,1
27.08.2021 00:01:23.348,0.72352,0.7234200000000001,1.5,1.87
27.08.2021 00:01:23.450,0.72353,0.72344,1.5,1.12
27.08.2021 00:01:26.575,0.7235100000000001,0.7234200000000001,1,3.69
27.08.2021 00:01:26.727,0.72352,0.7234100000000001,1.5,1.87
27.08.2021 00:01:26.931,0.72352,0.7234200000000001,1.5,3.56
27.08.2021 00:01:27.455,0.7235100000000001,0.7234200000000001,1,1.87
27.08.2021 00:01:28.165,0.72352,0.7234200000000001,1,2.25
27.08.2021 00:01:28.267,0.72352,0.72343,1.5,2.25
27.08.2021 00:01:28.664,0.72354,0.72343,1.5,1
27.08.2021 00:01:31.969,0.72354,0.72344,1.5,1.5
27.08.2021 00:01:32.441,0.72354,0.72345,1,2.44
27.08.2021 00:01:32.543,0.72354,0.7234600000000001,1,1.5
27.08.2021 00:01:33.699,0.72355,0.72344,1,1.12
27.08.2021 00:01:35.297,0.72354,0.72344,1.69,1
27.08.2021 00:01:35.398,0.72353,0.72344,1,1
27.08.2021 00:01:38.749,0.72354,0.7234200000000001,1.5,1.5
27.08.2021 00:01:40.369,0.72354,0.72344,3,2.62
27.08.2021 00:01:40.471,0.72354,0.72345,1.5,1
27.08.2021 00:01:40.622,0.72353,0.72344,1,1
27.08.2021 00:01:41.912,0.72355,0.72345,1.5,1
27.08.2021 00:01:42.065,0.72354,0.72345,1,1
27.08.2021 00:01:45.463,0.72355,0.7234600000000001,1,1
27.08.2021 00:01:45.615,0.7235600000000001,0.7234600000000001,1.5,1.12
27.08.2021 00:01:45.817,0.7235600000000001,0.7234700000000001,1.5,1
27.08.2021 00:01:47.427,0.72355,0.7234600000000001,1,1
27.08.2021 00:01:47.529,0.72352,0.72344,1,1.5
27.08.2021 00:01:47.681,0.72352,0.72343,1,1.5
27.08.2021 00:01:47.793,0.72353,0.72343,1.5,1.5
27.08.2021 00:01:48.659,0.72352,0.72343,1,1.5
27.08.2021 00:01:50.069,0.72353,0.72343,1,1
27.08.2021 00:01:50.170,0.72352,0.72343,1.5,1
27.08.2021 00:01:50.271,0.72352,0.72344,1,1
27.08.2021 00:01:53.121,0.72355,0.72348,1,1
27.08.2021 00:01:53.222,0.72357,0.72349,1.12,1
27.08.2021 00:01:55.198,0.72357,0.7235,1,1
27.08.2021 00:01:55.300,0.72359,0.72349,1,1
27.08.2021 00:01:55.681,0.72358,0.72349,1,1.5
27.08.2021 00:01:59.155,0.72357,0.72349,1,1.5
27.08.2021 00:01:59.283,0.72358,0.72349,1,1.5
27.08.2021 00:02:00.128,0.72358,0.72348,1.5,1
27.08.2021 00:02:00.642,0.72358,0.7234700000000001,1.5,1
27.08.2021 00:02:01.079,0.7235600000000001,0.72348,1,1
27.08.2021 00:02:02.163,0.72357,0.7234600000000001,1,1
27.08.2021 00:02:03.000,0.72357,0.72345,1.5,3
27.08.2021 00:02:03.051,0.72355,0.72343,1,1.75
27.08.2021 00:02:03.153,0.72352,0.72344,1,1
27.08.2021 00:02:03.539,0.72353,0.7234200000000001,1.5,1
27.08.2021 00:02:03.650,0.72352,0.7234200000000001,1,1
27.08.2021 00:02:04.100,0.7235100000000001,0.7234200000000001,1,1
27.08.2021 00:02:05.918,0.7235100000000001,0.7234100000000001,1.5,2.25
27.08.2021 00:02:06.131,0.72352,0.7234100000000001,1,1
27.08.2021 00:02:10.228,0.7235,0.7234200000000001,1,1
27.08.2021 00:02:10.730,0.72349,0.72338,1,2
27.08.2021 00:02:10.881,0.72348,0.7234100000000001,1,1
27.08.2021 00:02:11.084,0.72348,0.7234,1,1.87
27.08.2021 00:02:11.569,0.7234700000000001,0.7234,1,1
27.08.2021 00:02:13.697,0.7235,0.7234,1,1.87
27.08.2021 00:02:13.798,0.7235100000000001,0.7234100000000001,1.5,1.87
27.08.2021 00:02:16.017,0.7235100000000001,0.7234200000000001,1.5,1
27.08.2021 00:02:21.912,0.72349,0.7234100000000001,1,1.12
27.08.2021 00:02:22.013,0.7235,0.7234100000000001,1,1.12
27.08.2021 00:02:24.134,0.72349,0.72339,1.5,1
27.08.2021 00:02:24.235,0.7235,0.72339,1,1
27.08.2021 00:02:24.939,0.72348,0.7234,1,1
27.08.2021 00:02:26.053,0.7235,0.72339,1.5,1
27.08.2021 00:02:27.675,0.7234700000000001,0.7233700000000001,1.5,1
27.08.2021 00:02:27.777,0.7234600000000001,0.7233700000000001,1,1
27.08.2021 00:02:27.878,0.72344,0.72335,1.5,1.87
27.08.2021 00:02:27.979,0.72344,0.72334,1,1.5
27.08.2021 00:02:28.080,0.7234100000000001,0.72333,1,1.12
27.08.2021 00:02:28.434,0.7234100000000001,0.72332,1,1
27.08.2021 00:02:28.564,0.7234200000000001,0.72332,1.5,1
27.08.2021 00:02:31.763,0.72343,0.72332,1,1
27.08.2021 00:02:31.864,0.72344,0.72334,1.5,1
27.08.2021 00:02:33.051,0.72344,0.72335,1.5,1
27.08.2021 00:02:33.155,0.72344,0.72334,1.5,1.5
27.08.2021 00:02:35.092,0.72343,0.72334,1.5,1
27.08.2021 00:02:35.193,0.7234200000000001,0.72333,1.5,1.5
27.08.2021 00:02:35.395,0.7234200000000001,0.72332,1,1.5
27.08.2021 00:02:36.409,0.7234100000000001,0.72332,1,1.5
27.08.2021 00:02:38.831,0.7234200000000001,0.72332,1.5,1
27.08.2021 00:02:39.837,0.7234100000000001,0.7233100000000001,1,1.95
27.08.2021 00:02:40.038,0.72339,0.72327,1,3
27.08.2021 00:02:40.140,0.72338,0.7232600000000001,1.5,1.12
27.08.2021 00:02:41.149,0.7233600000000001,0.72327,1,1
27.08.2021 00:02:41.251,0.7233700000000001,0.72327,1.5,1
27.08.2021 00:02:41.906,0.7233700000000001,0.72327,2.5,1
27.08.2021 00:02:42.008,0.7233700000000001,0.72327,1.5,1
27.08.2021 00:02:44.096,0.72335,0.7232600000000001,1,1
27.08.2021 00:02:44.311,0.72334,0.7232500000000001,1,1.5
27.08.2021 00:02:46.320,0.72333,0.7232500000000001,1,1
27.08.2021 00:02:46.422,0.72333,0.72324,1,1
27.08.2021 00:02:46.523,0.72335,0.72323,1.5,1
27.08.2021 00:02:46.624,0.72333,0.72324,1,1
27.08.2021 00:02:47.500,0.72332,0.72322,1,1
27.08.2021 00:02:49.821,0.7233100000000001,0.72322,1,1.5
27.08.2021 00:02:51.472,0.72335,0.7232600000000001,1,1.5
27.08.2021 00:02:51.573,0.7233700000000001,0.7232600000000001,1.5,1
27.08.2021 00:02:51.776,0.72339,0.7233100000000001,1.12,1
27.08.2021 00:02:51.877,0.7234100000000001,0.72332,1,1
27.08.2021 00:02:52.029,0.72343,0.72332,1.5,1
27.08.2021 00:02:52.625,0.7234200000000001,0.72332,1.5,1.1
27.08.2021 00:02:55.689,0.7234200000000001,0.7233100000000001,1,1
27.08.2021 00:02:58.146,0.72339,0.7233,1,1.95
27.08.2021 00:02:58.751,0.7234,0.7233,2.25,1
27.08.2021 00:02:58.853,0.7233700000000001,0.72329,1,1
27.08.2021 00:02:59.105,0.7234,0.72328,2.25,1
27.08.2021 00:02:59.359,0.7233700000000001,0.72327,1,2.07
27.08.2021 00:02:59.460,0.72338,0.7232600000000001,1,1.95
27.08.2021 00:03:08.532,0.7234100000000001,0.72332,2.25,2.25
27.08.2021 00:03:08.634,0.72343,0.72332,1.12,1
27.08.2021 00:03:11.263,0.7234100000000001,0.7233100000000001,1,4.39
27.08.2021 00:03:13.221,0.7234200000000001,0.7233,1,4.79
27.08.2021 00:03:13.811,0.72343,0.7233100000000001,1.5,3.45
27.08.2021 00:03:18.121,0.7234100000000001,0.72332,1,1.5
27.08.2021 00:03:23.869,0.7234200000000001,0.7233,1,1.2
27.08.2021 00:03:23.920,0.72339,0.7233,1,2.82
27.08.2021 00:03:24.816,0.72339,0.72328,1,1.97
27.08.2021 00:03:24.917,0.72338,0.72329,1,1.2
27.08.2021 00:03:25.459,0.72338,0.72328,1.5,1.57
27.08.2021 00:03:26.673,0.7233700000000001,0.72328,1,1.57
27.08.2021 00:03:26.774,0.72338,0.72328,1.5,1.57
27.08.2021 00:03:27.014,0.7234,0.7233,1.12,3.82
27.08.2021 00:03:28.006,0.7234,0.7233,1,4.41
27.08.2021 00:03:28.118,0.72339,0.72329,1,1.5
27.08.2021 00:03:28.220,0.72338,0.72328,1,2.7
27.08.2021 00:03:29.664,0.7234100000000001,0.7233100000000001,1.87,1.2
27.08.2021 00:03:30.078,0.7234200000000001,0.7233100000000001,1,1
27.08.2021 00:03:31.919,0.7233700000000001,0.72327,1,4.77
27.08.2021 00:03:32.020,0.72338,0.7232600000000001,1.5,1
27.08.2021 00:03:34.163,0.7233700000000001,0.7232600000000001,1,1
27.08.2021 00:03:36.271,0.72338,0.7232600000000001,1.5,1.1
27.08.2021 00:03:36.372,0.7233700000000001,0.72327,1.5,1.6
27.08.2021 00:03:36.574,0.7233700000000001,0.72327,1.5,1.1
27.08.2021 00:03:40.494,0.7233700000000001,0.72328,1,1
27.08.2021 00:03:47.002,0.7233700000000001,0.72327,1.5,1.57
27.08.2021 00:03:49.411,0.7233700000000001,0.7232600000000001,1,1
27.08.2021 00:03:52.597,0.7233700000000001,0.72327,1.5,1
27.08.2021 00:04:01.783,0.7234100000000001,0.7233100000000001,2.94,2.25
27.08.2021 00:04:01.884,0.72343,0.7233100000000001,3.69,1
27.08.2021 00:04:02.211,0.7234200000000001,0.72332,3.19,1
27.08.2021 00:04:06.326,0.72343,0.72333,3.19,1.12
27.08.2021 00:04:09.951,0.72344,0.72334,1.87,3
27.08.2021 00:04:11.737,0.72345,0.7233700000000001,1,1
27.08.2021 00:04:11.839,0.72344,0.7233600000000001,1,1
27.08.2021 00:04:11.940,0.72344,0.72335,1,1
27.08.2021 00:04:12.041,0.7234200000000001,0.72335,1,1
27.08.2021 00:04:12.143,0.7234200000000001,0.72334,1,1
27.08.2021 00:04:12.494,0.72343,0.72332,1,2.25
27.08.2021 00:04:21.278,0.72345,0.7233600000000001,2,1
27.08.2021 00:04:21.329,0.7234700000000001,0.72338,1,1
27.08.2021 00:04:21.430,0.72348,0.7234,1,1
27.08.2021 00:04:24.902,0.72348,0.72339,1,1
27.08.2021 00:04:25.711,0.72348,0.72338,1,1
27.08.2021 00:04:26.394,0.7234600000000001,0.72339,1,1
27.08.2021 00:04:29.210,0.7234600000000001,0.72338,1,1
27.08.2021 00:04:31.138,0.72349,0.7234,1.12,1
27.08.2021 00:04:31.240,0.7235,0.7234100000000001,1,1
27.08.2021 00:04:31.506,0.7235100000000001,0.7234100000000001,1,1
27.08.2021 00:04:32.993,0.72352,0.7234100000000001,1.25,1
27.08.2021 00:04:38.098,0.7235100000000001,0.72343,1.25,1
27.08.2021 00:04:40.833,0.7235100000000001,0.7234200000000001,1.25,1
27.08.2021 00:04:40.935,0.7235,0.7234200000000001,1,1
27.08.2021 00:04:41.803,0.7235100000000001,0.7234,1,1
27.08.2021 00:04:49.231,0.72349,0.7234100000000001,1,1
27.08.2021 00:04:49.332,0.7235,0.72339,1.25,1
27.08.2021 00:04:49.433,0.72349,0.72339,1.76,1
27.08.2021 00:04:49.484,0.7234700000000001,0.72338,1,1
27.08.2021 00:04:51.727,0.7234600000000001,0.72338,1,1
27.08.2021 00:04:53.627,0.72348,0.7233700000000001,1,1
27.08.2021 00:04:55.897,0.7234700000000001,0.72339,1,1
27.08.2021 00:04:59.040,0.7234700000000001,0.72338,1,1
27.08.2021 00:04:59.320,0.7234700000000001,0.72339,1,1
27.08.2021 00:04:59.421,0.7235,0.7234100000000001,2,1.5
27.08.2021 00:04:59.523,0.7235,0.7234100000000001,1.5,1.5
27.08.2021 00:04:59.624,0.7235100000000001,0.7234100000000001,1.57,1
27.08.2021 00:04:59.726,0.7235100000000001,0.7234200000000001,1,1.5
27.08.2021 00:04:59.827,0.72353,0.7234200000000001,1.5,1
27.08.2021 00:04:59.979,0.72353,0.72343,1.5,1.5
27.08.2021 00:05:00.565,0.72353,0.72344,1.5,1.5
27.08.2021 00:05:00.666,0.72353,0.72345,1,1
27.08.2021 00:05:00.786,0.72354,0.72345,1,1
27.08.2021 00:05:00.887,0.7235600000000001,0.72348,1.5,1
27.08.2021 00:05:04.788,0.7235600000000001,0.7234700000000001,1,1
27.08.2021 00:05:06.367,0.72357,0.7234700000000001,1,1.5
27.08.2021 00:05:06.524,0.72357,0.72348,1,1
27.08.2021 00:05:09.986,0.72359,0.7234700000000001,1,1.5
27.08.2021 00:05:11.454,0.72357,0.7234700000000001,1,1.5
27.08.2021 00:05:23.140,0.72357,0.7234600000000001,1,1.5
27.08.2021 00:05:23.190,0.72357,0.72344,1.57,2.25
27.08.2021 00:05:23.292,0.72355,0.72345,1.1,1.5
27.08.2021 00:05:32.561,0.7235600000000001,0.7234700000000001,1,1
27.08.2021 00:05:32.713,0.72358,0.7234600000000001,1.12,2.25
27.08.2021 00:05:38.719,0.72357,0.72348,1.5,1
27.08.2021 00:05:39.085,0.7235600000000001,0.72348,1,1
27.08.2021 00:05:44.211,0.72357,0.72348,1.57,1
27.08.2021 00:05:45.253,0.7235600000000001,0.72348,1.57,1
27.08.2021 00:05:45.304,0.72355,0.7234600000000001,1.1,1
27.08.2021 00:05:48.983,0.72355,0.72345,1.5,1.5
27.08.2021 00:05:55.407,0.72354,0.72344,1,1
27.08.2021 00:05:55.509,0.72353,0.72343,1,2.25
27.08.2021 00:05:55.610,0.7235100000000001,0.72343,1,1
27.08.2021 00:05:58.906,0.72353,0.7234200000000001,1,1
27.08.2021 00:06:01.893,0.72353,0.72343,1.57,1
27.08.2021 00:06:02.554,0.72354,0.72344,1.1,1.5
27.08.2021 00:06:02.655,0.72354,0.72343,1,3
27.08.2021 00:06:02.898,0.7235600000000001,0.7234700000000001,2,1
27.08.2021 00:06:02.948,0.72357,0.7234700000000001,1.57,1
27.08.2021 00:06:03.100,0.72358,0.72348,1.95,1.5
27.08.2021 00:06:04.157,0.72358,0.72349,1,1
27.08.2021 00:06:07.469,0.72359,0.72349,1.57,1.5
27.08.2021 00:06:10.966,0.72358,0.72348,1,3
27.08.2021 00:06:17.141,0.72359,0.72349,2.25,1
27.08.2021 00:06:17.595,0.7236,0.72349,1,1
27.08.2021 00:06:17.697,0.7236,0.7235,1.5,1
27.08.2021 00:06:17.899,0.72362,0.72349,2.7,1.5
27.08.2021 00:06:19.793,0.7236100000000001,0.7235100000000001,1.95,1
27.08.2021 00:06:44.031,0.7236100000000001,0.7235,2.7,1.5
27.08.2021 00:06:44.132,0.7236100000000001,0.7235100000000001,1.1,1.5
27.08.2021 00:06:53.803,0.72362,0.7235100000000001,1.57,2.25
27.08.2021 00:06:53.905,0.72362,0.72352,1,3.19
27.08.2021 00:06:54.532,0.72362,0.72353,1,1
27.08.2021 00:06:54.583,0.72367,0.7235600000000001,2.81,1
27.08.2021 00:06:54.735,0.7236800000000001,0.72358,1.5,1.5
27.08.2021 00:06:54.786,0.7236800000000001,0.72358,1,2.25
27.08.2021 00:06:55.827,0.7237,0.72357,1.1,2.25
27.08.2021 00:06:59.610,0.7236899999999999,0.72357,1,1.5
27.08.2021 00:07:00.188,0.7236800000000001,0.72357,1.5,2.62
27.08.2021 00:07:00.290,0.72367,0.72357,1,2.25
27.08.2021 00:07:08.689,0.7236800000000001,0.72358,1,1
27.08.2021 00:07:09.612,0.7236800000000001,0.72357,1,1
27.08.2021 00:07:12.733,0.72367,0.72355,1.5,1
27.08.2021 00:07:23.223,0.7236600000000001,0.72355,1.5,1.57
27.08.2021 00:07:29.668,0.72365,0.72355,1,1.57
27.08.2021 00:07:29.769,0.72364,0.72355,1,1
27.08.2021 00:07:29.820,0.72362,0.72353,1,1.12
27.08.2021 00:07:29.921,0.7236,0.7235,1.5,2
27.08.2021 00:07:30.123,0.72359,0.72349,1,1.5
27.08.2021 00:07:37.473,0.72358,0.72348,1,1.87
27.08.2021 00:07:37.524,0.7235600000000001,0.7234600000000001,1.5,1.12
27.08.2021 00:07:37.576,0.72355,0.72344,1,1.25
27.08.2021 00:07:37.679,0.72352,0.72344,1.5,1
27.08.2021 00:07:37.781,0.7235100000000001,0.7234100000000001,2.25,1.69
27.08.2021 00:07:37.832,0.7234700000000001,0.72338,1,2.44
27.08.2021 00:07:37.884,0.7234600000000001,0.7233700000000001,1,1.76
27.08.2021 00:07:37.985,0.7234600000000001,0.7233600000000001,1.5,3.26
27.08.2021 00:07:42.147,0.7234600000000001,0.72335,1,1
27.08.2021 00:07:42.617,0.72345,0.72335,1.5,1.57
27.08.2021 00:07:43.707,0.72345,0.72333,1.25,3
27.08.2021 00:07:43.808,0.72345,0.72335,1.25,1
27.08.2021 00:07:52.324,0.72345,0.7233600000000001,1,1
27.08.2021 00:07:56.090,0.72345,0.72335,1.5,1.2
27.08.2021 00:07:56.192,0.72343,0.72334,1,1.95
27.08.2021 00:07:56.294,0.72343,0.72332,1,2.07
27.08.2021 00:07:56.395,0.72343,0.72333,2.25,1.5
27.08.2021 00:07:56.496,0.7234200000000001,0.7233,1.5,1.6
27.08.2021 00:07:56.598,0.7234100000000001,0.7233100000000001,1.5,1.2
27.08.2021 00:07:57.915,0.7234,0.7233100000000001,1,1.12
27.08.2021 00:07:58.536,0.7233700000000001,0.72328,1,2.07
27.08.2021 00:07:58.587,0.7233600000000001,0.72328,1,1
27.08.2021 00:07:58.689,0.7233600000000001,0.7232600000000001,1.5,2.4
27.08.2021 00:07:58.891,0.72335,0.7232600000000001,1,1.1
27.08.2021 00:08:00.627,0.72334,0.72322,1.5,1.31
27.08.2021 00:08:00.729,0.72332,0.72323,1,1
27.08.2021 00:08:00.881,0.72332,0.72322,1.5,1.2
27.08.2021 00:08:00.983,0.72333,0.72323,1.5,1
27.08.2021 00:08:01.360,0.72332,0.72323,1,1
27.08.2021 00:08:01.461,0.7233100000000001,0.72323,1,1
27.08.2021 00:08:02.946,0.7233100000000001,0.72321,1,1.2
27.08.2021 00:08:03.251,0.7233,0.72321,1,1.87
27.08.2021 00:08:03.699,0.72327,0.72318,1.5,1.1
27.08.2021 00:08:03.801,0.7232600000000001,0.72316,1.5,1.22
27.08.2021 00:08:03.902,0.7232600000000001,0.72316,1,1.1
27.08.2021 00:08:12.113,0.72329,0.72319,1.25,1.1
27.08.2021 00:08:12.215,0.7233100000000001,0.72319,1.69,1
27.08.2021 00:08:12.710,0.7233,0.72319,1,1
27.08.2021 00:08:12.920,0.7233100000000001,0.7232000000000001,1.69,1.1
27.08.2021 00:08:13.083,0.72332,0.7232000000000001,1.69,1
27.08.2021 00:08:15.535,0.72329,0.7232000000000001,1,1.12
27.08.2021 00:08:15.637,0.72329,0.72318,1,1.5
27.08.2021 00:08:15.738,0.72327,0.72319,1,1
27.08.2021 00:08:16.194,0.7232500000000001,0.72317,1,2.32
27.08.2021 00:08:17.161,0.72327,0.72318,1,1
27.08.2021 00:08:19.912,0.72327,0.72316,1.5,1.5
27.08.2021 00:08:20.064,0.7232500000000001,0.72316,1,1
27.08.2021 00:08:20.866,0.7232600000000001,0.72316,1,1
27.08.2021 00:08:26.984,0.7232500000000001,0.72316,1,1.5
27.08.2021 00:08:28.821,0.7232500000000001,0.72316,1.75,1
27.08.2021 00:08:28.922,0.7232600000000001,0.7231500000000001,1,1
27.08.2021 00:08:31.064,0.72329,0.72318,1.5,1
27.08.2021 00:08:31.166,0.7233,0.72318,2.25,1
27.08.2021 00:08:31.268,0.7233,0.7232000000000001,1.69,1
27.08.2021 00:08:31.663,0.7233,0.72321,1.25,1
27.08.2021 00:08:32.161,0.7233100000000001,0.72321,2.25,1
27.08.2021 00:08:42.293,0.72328,0.72318,3.19,2
27.08.2021 00:08:42.395,0.72327,0.72317,1.69,1.62
27.08.2021 00:08:42.446,0.7232600000000001,0.72317,1,1.12
27.08.2021 00:08:43.115,0.72324,0.72313,1.25,1.5
27.08.2021 00:08:43.217,0.72321,0.72312,1,1.12
27.08.2021 00:08:43.671,0.72321,0.72311,1,2.25
27.08.2021 00:08:43.772,0.72321,0.72311,1,2
27.08.2021 00:08:43.874,0.72321,0.72311,1,2.25
27.08.2021 00:08:45.344,0.72322,0.72311,1,1
27.08.2021 00:08:46.106,0.72323,0.72312,3.32,1
27.08.2021 00:08:48.718,0.72321,0.72311,1.25,1
27.08.2021 00:08:48.768,0.7232000000000001,0.72309,1,2.62
27.08.2021 00:08:48.819,0.72322,0.7231000000000001,2.25,1.5
27.08.2021 00:08:49.896,0.72322,0.72311,1,1
27.08.2021 00:08:50.004,0.72322,0.72312,3.19,1
27.08.2021 00:08:50.206,0.7232500000000001,0.72316,1.5,1
27.08.2021 00:08:50.257,0.72327,0.7231500000000001,1,1.87
27.08.2021 00:08:50.358,0.7232600000000001,0.72317,1,1.12
27.08.2021 00:08:50.459,0.7232600000000001,0.72318,1,1
27.08.2021 00:08:50.808,0.7232600000000001,0.72317,1,1.12
27.08.2021 00:08:52.305,0.72324,0.72316,1,1.12
27.08.2021 00:08:52.407,0.72324,0.7231500000000001,1,1
27.08.2021 00:08:54.904,0.72324,0.72314,1,1.12
27.08.2021 00:08:57.195,0.72322,0.72312,1,2.62
27.08.2021 00:08:58.128,0.72322,0.72314,1,1
27.08.2021 00:08:59.733,0.7232500000000001,0.7231500000000001,1,1
27.08.2021 00:08:59.783,0.72323,0.72314,1,1.5
27.08.2021 00:09:00.456,0.72324,0.72314,1,1.5
27.08.2021 00:09:00.650,0.7232500000000001,0.72316,1.12,1
27.08.2021 00:09:00.802,0.7232600000000001,0.72317,2.44,1
27.08.2021 00:09:01.549,0.72328,0.72318,3.26,1.5
27.08.2021 00:09:04.551,0.72329,0.72318,1,1
27.08.2021 00:09:04.652,0.7233,0.7232000000000001,2.75,1
27.08.2021 00:09:04.754,0.72329,0.72319,1.87,1
27.08.2021 00:09:04.956,0.72328,0.72319,1,1
27.08.2021 00:09:05.235,0.72328,0.72318,1.5,1
27.08.2021 00:09:10.681,0.72327,0.72317,1,3.19
27.08.2021 00:09:23.014,0.7232600000000001,0.72317,1,1.5
27.08.2021 00:09:23.746,0.7232600000000001,0.72316,1.5,1.5
27.08.2021 00:09:24.000,0.7232600000000001,0.7231500000000001,1,1
27.08.2021 00:09:27.016,0.7232500000000001,0.72317,1,1
27.08.2021 00:09:27.067,0.72327,0.72317,2.77,1.5
27.08.2021 00:09:27.540,0.7233,0.7232000000000001,1.62,1.5
27.08.2021 00:09:27.641,0.7233100000000001,0.72321,2.07,1
27.08.2021 00:09:27.691,0.72332,0.7232000000000001,1.57,1.5
27.08.2021 00:09:27.793,0.72332,0.72322,2.4,1
27.08.2021 00:09:29.411,0.72332,0.72323,1,1
27.08.2021 00:09:29.512,0.72333,0.72323,1.12,1.5
27.08.2021 00:09:30.248,0.72333,0.72324,1,1
27.08.2021 00:09:34.560,0.72334,0.72322,1,1.5
27.08.2021 00:09:39.412,0.72333,0.72322,1,1
27.08.2021 00:09:44.372,0.72334,0.72324,1.12,1
27.08.2021 00:09:44.473,0.7233600000000001,0.72324,2.07,1
27.08.2021 00:09:44.932,0.72335,0.7232500000000001,1.95,1
27.08.2021 00:09:46.168,0.72334,0.7232500000000001,1,1
27.08.2021 00:09:47.964,0.72335,0.7232500000000001,1.2,1
27.08.2021 00:09:48.603,0.7233700000000001,0.7232500000000001,1.57,1.5
27.08.2021 00:09:48.779,0.72338,0.72327,1.97,1.69
27.08.2021 00:09:48.998,0.72338,0.72327,1.95,1.69
27.08.2021 00:09:53.855,0.7233700000000001,0.72327,1,1.25
27.08.2021 00:10:03.383,0.7233600000000001,0.72327,1,1.25
27.08.2021 00:10:10.479,0.7233600000000001,0.72327,1,1.75
27.08.2021 00:10:11.439,0.7233700000000001,0.72328,1,3.44
27.08.2021 00:10:11.490,0.7234,0.7233100000000001,1.5,1.69
27.08.2021 00:10:11.641,0.7234,0.7233100000000001,1,1.69
27.08.2021 00:10:21.414,0.7234200000000001,0.7233100000000001,1,1.25
27.08.2021 00:10:21.999,0.72345,0.7233700000000001,1,1.69
27.08.2021 00:10:22.100,0.7234600000000001,0.7233700000000001,1.5,2.44
27.08.2021 00:10:27.362,0.7234700000000001,0.7233700000000001,1,2.44
27.08.2021 00:11:14.840,0.72345,0.7233600000000001,1,1
27.08.2021 00:11:14.942,0.72343,0.72332,1,2
27.08.2021 00:11:15.043,0.72343,0.72332,1,1.5
27.08.2021 00:11:40.402,0.72343,0.7233100000000001,2.44,2.25
27.08.2021 00:11:42.157,0.72339,0.7233,1.69,1
27.08.2021 00:11:42.259,0.72339,0.72329,2.44,1.87
27.08.2021 00:11:49.364,0.72338,0.72328,1.5,2.25
27.08.2021 00:11:58.158,0.7233700000000001,0.72328,1,2.25
27.08.2021 00:11:58.707,0.7233600000000001,0.7232600000000001,1,2.32
27.08.2021 00:11:58.758,0.72334,0.7232500000000001,1,1.12
27.08.2021 00:11:58.860,0.72333,0.72324,1.25,2
27.08.2021 00:11:58.961,0.72334,0.72323,1,1.5
27.08.2021 00:11:59.063,0.72332,0.72324,1,2.44
27.08.2021 00:11:59.164,0.72334,0.72324,1,1
27.08.2021 00:11:59.266,0.72333,0.72324,1,1.5
27.08.2021 00:11:59.367,0.72334,0.7232500000000001,1.69,1
27.08.2021 00:12:00.802,0.72333,0.72324,1.69,1
27.08.2021 00:12:01.058,0.72332,0.72323,1,1.5
27.08.2021 00:12:06.876,0.7233100000000001,0.72323,1,1
27.08.2021 00:12:07.952,0.7233100000000001,0.72321,1,1.5
27.08.2021 00:12:09.473,0.7233100000000001,0.7232000000000001,1.5,1
27.08.2021 00:12:10.343,0.7233,0.72322,1,1.5
27.08.2021 00:12:10.444,0.7233100000000001,0.72322,1,1.5
27.08.2021 00:12:10.854,0.72333,0.72323,1.5,1
27.08.2021 00:12:13.129,0.72333,0.72324,1,1
27.08.2021 00:12:16.943,0.72333,0.72322,1.25,1
27.08.2021 00:12:17.044,0.7233100000000001,0.72322,1,1.87
27.08.2021 00:12:20.146,0.7233100000000001,0.72321,1.5,1.95
27.08.2021 00:12:20.197,0.72328,0.7232000000000001,1,1
27.08.2021 00:12:20.298,0.72327,0.72317,1.25,3.01
27.08.2021 00:12:20.399,0.7232600000000001,0.72317,1,2.51
27.08.2021 00:12:21.255,0.7232600000000001,0.72316,1,1.5
27.08.2021 00:12:21.356,0.7232500000000001,0.7231500000000001,1,2.25
27.08.2021 00:12:21.407,0.7232600000000001,0.72316,1.5,2.62
27.08.2021 00:12:21.458,0.7232500000000001,0.72314,1,2.82
27.08.2021 00:12:21.509,0.7232600000000001,0.72317,1.5,1
27.08.2021 00:12:21.611,0.7232600000000001,0.7231500000000001,1,1.12
27.08.2021 00:12:21.763,0.72324,0.7231500000000001,1,1.87
27.08.2021 00:12:21.864,0.72323,0.72313,1.5,1.57
27.08.2021 00:12:24.520,0.72323,0.72314,1,1.5
27.08.2021 00:12:24.571,0.7232500000000001,0.7231500000000001,1,1.12
27.08.2021 00:12:25.638,0.7232500000000001,0.72316,2.06,1.12
27.08.2021 00:12:25.739,0.72323,0.72313,1.5,3.07
27.08.2021 00:12:25.840,0.72323,0.72314,1.5,1
27.08.2021 00:12:27.155,0.72323,0.72313,1.5,2.25
27.08.2021 00:12:27.256,0.72322,0.72313,1,2.25
27.08.2021 00:12:28.441,0.7232500000000001,0.72317,1.5,1
27.08.2021 00:12:28.543,0.7232600000000001,0.72317,1.5,1.5
27.08.2021 00:12:28.999,0.72324,0.7231500000000001,1.25,1.87
27.08.2021 00:12:29.101,0.72323,0.7231500000000001,1,1.5
27.08.2021 00:12:29.202,0.72324,0.72312,1.25,2.75
27.08.2021 00:12:29.303,0.72324,0.72312,1.25,2.25
27.08.2021 00:12:29.866,0.72322,0.72313,1,2.25
27.08.2021 00:12:32.789,0.72322,0.72312,1.69,1.5
27.08.2021 00:12:44.914,0.7232000000000001,0.7231000000000001,1.25,1
27.08.2021 00:12:45.016,0.72317,0.7230800000000001,1,2
27.08.2021 00:12:45.117,0.72318,0.72307,1.25,1
27.08.2021 00:12:51.154,0.72317,0.72307,1.69,1.5
27.08.2021 00:12:57.933,0.72317,0.7230800000000001,2.44,1
27.08.2021 00:13:05.279,0.7231500000000001,0.72307,1.69,1
27.08.2021 00:13:05.381,0.72316,0.72307,1.25,1.5
27.08.2021 00:13:05.482,0.72316,0.72306,1.69,1.5
27.08.2021 00:13:06.670,0.72316,0.72306,3.25,1.5
27.08.2021 00:13:10.844,0.7231500000000001,0.72304,1,1
27.08.2021 00:13:15.406,0.7231500000000001,0.7230500000000001,2.44,1
27.08.2021 00:13:18.352,0.7231500000000001,0.7230500000000001,3.25,1
27.08.2021 00:13:21.379,0.72314,0.72304,1.25,2.32
27.08.2021 00:13:29.135,0.72314,0.7230500000000001,1.25,1
27.08.2021 00:13:30.813,0.72314,0.72304,1.25,2.25
27.08.2021 00:13:30.915,0.72313,0.72304,1,1
27.08.2021 00:13:31.016,0.72313,0.7230300000000001,3.25,1.5
27.08.2021 00:13:37.200,0.72307,0.7230000000000001,1,1.5
27.08.2021 00:13:37.251,0.72307,0.72297,2.44,1.25
27.08.2021 00:13:37.352,0.72307,0.7230000000000001,1.5,1
27.08.2021 00:13:37.454,0.72309,0.72299,1.69,1.1
27.08.2021 00:13:39.145,0.7230800000000001,0.72301,1,1
27.08.2021 00:13:39.196,0.7230800000000001,0.72299,1,1
27.08.2021 00:13:39.602,0.72307,0.7229800000000001,1,1.5
27.08.2021 00:13:45.044,0.72307,0.72297,1.5,2.32
27.08.2021 00:13:47.366,0.7230300000000001,0.72297,1,1
27.08.2021 00:13:47.417,0.72301,0.72294,1,2.62
27.08.2021 00:13:47.519,0.7229800000000001,0.7228800000000001,2.44,1
27.08.2021 00:13:47.570,0.72299,0.72291,1.75,1
27.08.2021 00:13:47.621,0.7229800000000001,0.72289,1,1
27.08.2021 00:13:47.723,0.72296,0.72285,1,1.5
27.08.2021 00:13:47.824,0.7229800000000001,0.7228600000000001,1.5,1
27.08.2021 00:13:50.464,0.72297,0.7228800000000001,1.5,1
27.08.2021 00:13:50.982,0.7229800000000001,0.7228800000000001,2.44,1
27.08.2021 00:13:52.117,0.72297,0.7228800000000001,1,1
27.08.2021 00:13:53.908,0.72296,0.7228800000000001,1,1.5
27.08.2021 00:13:54.111,0.72295,0.7228800000000001,1,1
27.08.2021 00:13:56.217,0.72294,0.72284,2.87,2.25
27.08.2021 00:13:56.319,0.7229300000000001,0.7228300000000001,1.69,1.5
27.08.2021 00:13:56.420,0.72292,0.72284,1,1.1
27.08.2021 00:13:56.723,0.7229300000000001,0.72284,1.5,1.57
27.08.2021 00:13:56.828,0.7229,0.72282,1.31,1.12
27.08.2021 00:13:56.879,0.7228,0.7227100000000001,1.1,4.88
27.08.2021 00:13:56.930,0.72279,0.7227100000000001,1.35,4.31
27.08.2021 00:13:56.981,0.72279,0.7226600000000001,1.26,1.87
27.08.2021 00:13:57.082,0.72277,0.72267,1.5,1.69
27.08.2021 00:13:57.133,0.7227800000000001,0.7226800000000001,1.5,1
27.08.2021 00:13:57.183,0.72277,0.72267,1.85,1.87
27.08.2021 00:13:57.285,0.7227800000000001,0.72267,2.47,1
27.08.2021 00:13:57.386,0.72277,0.72267,3.45,1
27.08.2021 00:13:57.589,0.72277,0.72267,2.32,1.75
27.08.2021 00:13:57.958,0.7227600000000001,0.72267,1,2.69
27.08.2021 00:13:58.060,0.72277,0.7226899999999999,1.1,1
27.08.2021 00:13:58.112,0.7227800000000001,0.7227100000000001,1,1
27.08.2021 00:13:58.164,0.72282,0.72274,1.5,1
27.08.2021 00:13:58.215,0.72282,0.7227,5.24,1.75
27.08.2021 00:13:58.317,0.7228600000000001,0.72277,2.81,1
27.08.2021 00:13:58.420,0.72287,0.7228,1,1
27.08.2021 00:13:58.521,0.72289,0.72279,1,1.25
27.08.2021 00:13:58.623,0.72289,0.7228,1,1.25
27.08.2021 00:13:58.674,0.72292,0.72282,1.87,2.44
27.08.2021 00:13:59.030,0.72291,0.72282,1,2.44
27.08.2021 00:13:59.183,0.72292,0.7228300000000001,1,1
27.08.2021 00:13:59.285,0.7229300000000001,0.72284,1.5,1
27.08.2021 00:13:59.809,0.72295,0.7228600000000001,1.12,1.5
27.08.2021 00:13:59.911,0.72296,0.7228600000000001,1.5,1.69
27.08.2021 00:14:00.468,0.7229300000000001,0.72284,1,3.25
27.08.2021 00:14:00.569,0.7229300000000001,0.7228300000000001,1,2.44
27.08.2021 00:14:01.074,0.72291,0.72282,1,1
27.08.2021 00:14:01.126,0.7228800000000001,0.72279,1,1.69
27.08.2021 00:14:02.270,0.7229,0.7227800000000001,1.69,1.5
27.08.2021 00:14:02.423,0.72289,0.7228,1.69,1
27.08.2021 00:14:02.953,0.72289,0.72279,1.5,1
27.08.2021 00:14:03.746,0.7229300000000001,0.7228100000000001,1.5,1
27.08.2021 00:14:03.898,0.72291,0.72282,1,1
27.08.2021 00:14:04.375,0.72292,0.7228300000000001,2.06,1.87
27.08.2021 00:14:04.476,0.72292,0.7228,1,1.5
27.08.2021 00:14:04.577,0.72292,0.72282,1.69,1
27.08.2021 00:14:05.190,0.72291,0.7228100000000001,1.5,1
27.08.2021 00:14:05.309,0.7229,0.7228100000000001,1,1
27.08.2021 00:14:05.414,0.72292,0.7228100000000001,1.69,1
27.08.2021 00:14:05.615,0.72291,0.72282,2.69,1
27.08.2021 00:14:05.666,0.72289,0.72279,1.69,1.12
27.08.2021 00:14:05.768,0.7228800000000001,0.7227800000000001,1.5,1
27.08.2021 00:14:06.378,0.7228800000000001,0.72277,1,1
27.08.2021 00:14:06.681,0.72287,0.72277,1.5,1
27.08.2021 00:14:08.644,0.72285,0.7227600000000001,1,1.87
27.08.2021 00:14:14.569,0.72284,0.72272,1.5,1.75
27.08.2021 00:14:14.670,0.72282,0.72272,1.5,2.07
27.08.2021 00:14:14.772,0.72282,0.72272,1.5,1
27.08.2021 00:14:17.189,0.7228100000000001,0.72272,1,1
27.08.2021 00:14:18.930,0.72282,0.72272,1.5,1
27.08.2021 00:14:19.231,0.7228100000000001,0.72272,1,1
27.08.2021 00:14:19.347,0.72282,0.72272,1.5,1
27.08.2021 00:14:20.071,0.7228100000000001,0.72272,1.25,1
27.08.2021 00:14:20.122,0.7227800000000001,0.7226800000000001,1,3.76
27.08.2021 00:14:20.274,0.7227800000000001,0.7226899999999999,1,1
27.08.2021 00:14:20.954,0.7227800000000001,0.7227,1,1
27.08.2021 00:14:21.947,0.72279,0.72267,1.5,1
27.08.2021 00:14:23.427,0.72277,0.72267,1.5,1
27.08.2021 00:14:24.012,0.72277,0.7226800000000001,1.5,1
27.08.2021 00:14:26.494,0.72279,0.7226800000000001,1.5,1
27.08.2021 00:14:26.697,0.7228,0.7226800000000001,2.44,1
27.08.2021 00:14:26.946,0.72279,0.7226800000000001,1,1
27.08.2021 00:14:28.476,0.72275,0.72267,1.56,1
27.08.2021 00:14:28.578,0.72274,0.72264,1.25,1.5
27.08.2021 00:14:28.680,0.7227300000000001,0.72264,1,1
27.08.2021 00:14:28.782,0.72274,0.72265,1,1
27.08.2021 00:14:28.833,0.7227600000000001,0.72267,1.57,1
27.08.2021 00:14:30.331,0.7227300000000001,0.7226600000000001,1,1
27.08.2021 00:14:30.382,0.72277,0.7226800000000001,1.87,1
27.08.2021 00:14:30.484,0.7227600000000001,0.72267,1,1
27.08.2021 00:14:33.407,0.7227600000000001,0.72265,1.25,1.5
27.08.2021 00:14:33.458,0.7227600000000001,0.72267,2.14,1
27.08.2021 00:14:33.559,0.7227600000000001,0.7226800000000001,1.01,1
27.08.2021 00:14:33.610,0.7227600000000001,0.7226600000000001,1.25,1.5
27.08.2021 00:14:33.711,0.7227600000000001,0.72267,1.25,1
27.08.2021 00:14:34.202,0.7227800000000001,0.7226899999999999,1.69,1
27.08.2021 00:14:34.435,0.72279,0.7226800000000001,2.57,1
27.08.2021 00:14:34.537,0.7227800000000001,0.7226800000000001,2.57,1.5
27.08.2021 00:14:34.966,0.7227800000000001,0.7226899999999999,2.57,1
27.08.2021 00:14:37.249,0.7227800000000001,0.7226800000000001,2.57,1.5
27.08.2021 00:14:40.254,0.72279,0.7226800000000001,2.57,1
27.08.2021 00:14:40.495,0.72279,0.7226800000000001,1.76,1
27.08.2021 00:14:41.673,0.72279,0.7227,1,1
27.08.2021 00:14:41.826,0.7228,0.7227100000000001,2.51,1
27.08.2021 00:14:42.616,0.72282,0.72272,1,1
27.08.2021 00:14:42.718,0.7228300000000001,0.7227300000000001,1.76,1
27.08.2021 00:14:42.792,0.72285,0.72275,1,2.25
27.08.2021 00:14:42.843,0.7228600000000001,0.72277,1.2,1
27.08.2021 00:14:42.944,0.72287,0.7227800000000001,1.76,1
27.08.2021 00:14:43.045,0.72287,0.72277,1.76,1
27.08.2021 00:14:43.146,0.72287,0.7227800000000001,1.76,1
27.08.2021 00:14:43.247,0.7228800000000001,0.7227600000000001,1.76,1
27.08.2021 00:14:44.835,0.72287,0.7227800000000001,1.69,1
27.08.2021 00:14:47.704,0.7228300000000001,0.7227600000000001,1.25,1
27.08.2021 00:14:47.805,0.7228300000000001,0.7227300000000001,1.25,2.37
27.08.2021 00:14:47.906,0.7228300000000001,0.7227300000000001,1.25,1.5
27.08.2021 00:14:48.008,0.7228300000000001,0.72274,1.25,1
27.08.2021 00:14:48.261,0.72282,0.7227300000000001,1.69,1.12
27.08.2021 00:14:48.412,0.72282,0.72272,2.44,1
27.08.2021 00:14:52.141,0.72282,0.72272,2.44,1.5
27.08.2021 00:14:52.192,0.72285,0.72275,1,1
27.08.2021 00:14:52.294,0.72285,0.72275,1.25,1
27.08.2021 00:14:52.345,0.72287,0.72275,1.87,1
27.08.2021 00:14:52.447,0.7228800000000001,0.7228100000000001,1.12,1
27.08.2021 00:14:52.599,0.7229300000000001,0.72282,1.69,1
27.08.2021 00:14:54.293,0.7229300000000001,0.72284,2.25,1
27.08.2021 00:14:54.691,0.72292,0.7228300000000001,1,1
27.08.2021 00:14:54.843,0.72291,0.72282,1,1
27.08.2021 00:14:54.944,0.7229,0.7228100000000001,1,1
27.08.2021 00:14:55.045,0.72292,0.7228,3.19,1
27.08.2021 00:14:56.586,0.72292,0.7228300000000001,2.81,1
27.08.2021 00:14:58.145,0.72294,0.72282,3.26,1
27.08.2021 00:14:58.812,0.72289,0.72282,1.25,1
27.08.2021 00:14:59.013,0.72292,0.7228100000000001,1.69,1.5
27.08.2021 00:14:59.165,0.7229300000000001,0.7228300000000001,3.7,1
27.08.2021 00:14:59.676,0.72294,0.72285,2.51,1
27.08.2021 00:14:59.777,0.72295,0.7228600000000001,2.44,1
27.08.2021 00:15:05.387,0.72296,0.7228600000000001,2.51,1
27.08.2021 00:15:05.488,0.72297,0.72287,1.65,1.5
27.08.2021 00:15:05.590,0.72299,0.7229,1.25,1
27.08.2021 00:15:05.691,0.72304,0.72291,4.11,1
27.08.2021 00:15:05.793,0.7230300000000001,0.7229300000000001,2.84,1.5
27.08.2021 00:15:05.894,0.7230300000000001,0.72294,1.64,1
27.08.2021 00:15:07.052,0.7230500000000001,0.7229300000000001,2.41,1.5
27.08.2021 00:15:07.154,0.7230500000000001,0.72295,2.99,1
27.08.2021 00:15:08.218,0.72306,0.72295,1.77,1
27.08.2021 00:15:08.269,0.72309,0.72297,1.59,1
27.08.2021 00:15:08.321,0.72309,0.7230000000000001,2.04,1
27.08.2021 00:15:08.423,0.7231000000000001,0.7230000000000001,3.16,1
27.08.2021 00:15:09.214,0.72311,0.72299,1.25,1
27.08.2021 00:15:09.315,0.72311,0.72301,3.21,1
27.08.2021 00:15:10.798,0.7230500000000001,0.7229800000000001,1.31,1
27.08.2021 00:15:10.899,0.7230800000000001,0.72299,1.39,1.5
27.08.2021 00:15:11.101,0.7231000000000001,0.7229800000000001,2.59,1.5
27.08.2021 00:15:12.709,0.72309,0.7230000000000001,1,1
27.08.2021 00:15:13.893,0.7230800000000001,0.7230000000000001,1.5,1
27.08.2021 00:15:13.944,0.72307,0.7229800000000001,1.25,1
27.08.2021 00:15:14.146,0.7230800000000001,0.72299,2.31,1
27.08.2021 00:15:20.338,0.72309,0.72297,1.94,1.5
27.08.2021 00:15:25.910,0.7230800000000001,0.72297,1.75,1
27.08.2021 00:15:26.066,0.72307,0.7229800000000001,1.25,1
27.08.2021 00:15:33.648,0.7230800000000001,0.72299,1.12,1
27.08.2021 00:15:33.859,0.72309,0.7230000000000001,1.87,1
27.08.2021 00:15:34.262,0.7231000000000001,0.7230000000000001,1,1
27.08.2021 00:15:34.364,0.72311,0.7230000000000001,1,1
27.08.2021 00:15:34.466,0.72312,0.7230000000000001,1.69,1
27.08.2021 00:15:38.554,0.72314,0.72304,1.5,1.5
27.08.2021 00:15:38.605,0.72316,0.72306,1,1
27.08.2021 00:15:38.655,0.72318,0.72307,1.31,1.5
27.08.2021 00:15:38.757,0.7232000000000001,0.7230800000000001,1.5,1.5
27.08.2021 00:15:38.858,0.7232000000000001,0.72311,1,1
27.08.2021 00:15:39.161,0.72322,0.7231000000000001,1.25,1
27.08.2021 00:15:39.848,0.72321,0.7231000000000001,1,1
27.08.2021 00:15:40.423,0.7232000000000001,0.7231000000000001,1.25,1.5
27.08.2021 00:15:41.064,0.72318,0.7230800000000001,1.12,1.5
27.08.2021 00:15:44.335,0.72317,0.7230800000000001,1,1.5
27.08.2021 00:15:44.436,0.72319,0.7230800000000001,1.5,1
27.08.2021 00:15:46.052,0.72319,0.72309,1,1
27.08.2021 00:15:47.699,0.72318,0.72309,1,1.5
27.08.2021 00:15:50.938,0.72318,0.7230800000000001,3,1
27.08.2021 00:15:51.039,0.72316,0.72306,1,1
27.08.2021 00:15:56.904,0.7231500000000001,0.72306,1.5,1.5
27.08.2021 00:16:01.993,0.72314,0.72306,1,1.5
27.08.2021 00:16:02.095,0.72312,0.72302,1,2
27.08.2021 00:16:02.145,0.72312,0.72302,1,1.5
27.08.2021 00:16:06.623,0.72311,0.72302,1,1
27.08.2021 00:16:11.300,0.7231000000000001,0.72301,1,1
27.08.2021 00:16:11.452,0.72311,0.72301,1.5,1.5
27.08.2021 00:16:14.070,0.72311,0.72301,2,1.5
27.08.2021 00:16:14.172,0.7230800000000001,0.72299,1,1
27.08.2021 00:16:19.599,0.7230800000000001,0.7229800000000001,2.25,1.5
27.08.2021 00:16:21.798,0.72306,0.7229800000000001,3,1
27.08.2021 00:16:21.849,0.72304,0.72294,1,1.12
27.08.2021 00:16:21.900,0.72302,0.72292,1.5,2.25
27.08.2021 00:16:22.001,0.72301,0.72292,1,2.25
27.08.2021 00:16:22.103,0.72301,0.72291,1,2.25
27.08.2021 00:16:22.502,0.72302,0.72292,1.5,1
27.08.2021 00:16:22.873,0.72302,0.72291,1,1
27.08.2021 00:16:23.419,0.7230000000000001,0.7229,1.5,1.5
27.08.2021 00:16:23.520,0.72299,0.72289,1.5,1.12
27.08.2021 00:16:23.621,0.7229800000000001,0.72289,1,1
27.08.2021 00:16:25.894,0.72297,0.72287,1.5,1.5
27.08.2021 00:16:25.996,0.72297,0.7228600000000001,1,1
27.08.2021 00:16:26.098,0.72296,0.7228600000000001,1.5,1.87
27.08.2021 00:16:26.249,0.72296,0.72285,1.12,1.12
27.08.2021 00:16:26.300,0.72291,0.7228100000000001,1,3.82
27.08.2021 00:16:26.401,0.7229,0.7228100000000001,1,1
27.08.2021 00:16:26.607,0.72289,0.7228100000000001,1,1
27.08.2021 00:16:26.810,0.7229,0.7228100000000001,1.5,1
27.08.2021 00:16:27.815,0.72291,0.72282,1,1.5
27.08.2021 00:16:27.917,0.7229300000000001,0.7228100000000001,1,1.5
27.08.2021 00:16:31.316,0.7229300000000001,0.7228300000000001,1,1
27.08.2021 00:16:31.367,0.72295,0.72285,2,2.32
27.08.2021 00:16:31.418,0.72296,0.7228600000000001,1.5,1.1
27.08.2021 00:16:31.620,0.72297,0.72287,2.25,1
27.08.2021 00:16:34.675,0.72299,0.7229,1.5,1
27.08.2021 00:16:44.255,0.72296,0.72287,1.5,1.5
27.08.2021 00:16:44.357,0.72295,0.7228600000000001,1,3.07
27.08.2021 00:16:44.817,0.72295,0.72285,1.5,1.95
27.08.2021 00:16:50.649,0.72294,0.72284,1.5,1.5
27.08.2021 00:16:50.784,0.72295,0.7228300000000001,1.5,1.12
27.08.2021 00:16:50.885,0.7229300000000001,0.72284,1.5,1.12
27.08.2021 00:16:53.103,0.7229300000000001,0.7228100000000001,1.5,1.57
27.08.2021 00:16:53.256,0.72291,0.7228100000000001,1.5,1.95
27.08.2021 00:16:53.357,0.7229,0.7228100000000001,1,1.87
27.08.2021 00:16:53.509,0.72291,0.7228100000000001,1.5,1.87
27.08.2021 00:16:56.397,0.72291,0.72282,1,1
27.08.2021 00:16:56.903,0.72291,0.7228300000000001,1,1
27.08.2021 00:16:59.062,0.72294,0.72282,1.5,1
27.08.2021 00:16:59.164,0.7229300000000001,0.72284,1,1
27.08.2021 00:17:00.586,0.72294,0.72282,1.5,1
27.08.2021 00:17:01.568,0.72292,0.7228300000000001,1,1
27.08.2021 00:17:01.669,0.72292,0.72282,1.5,1.95
27.08.2021 00:17:04.138,0.72291,0.7228100000000001,1,1.95
27.08.2021 00:17:09.811,0.7228800000000001,0.72277,1,2.51
27.08.2021 00:17:10.974,0.72287,0.7227600000000001,1,1
27.08.2021 00:17:11.076,0.72282,0.7227100000000001,1.5,1.75
27.08.2021 00:17:11.177,0.7228100000000001,0.72272,1.5,1
27.08.2021 00:17:13.072,0.72282,0.72272,1.5,1
27.08.2021 00:17:14.533,0.7228100000000001,0.7227100000000001,1,1.1
27.08.2021 00:17:15.710,0.7228100000000001,0.7227,1.5,1
27.08.2021 00:17:30.335,0.7228100000000001,0.7227100000000001,1.5,1.5
27.08.2021 00:17:30.487,0.72279,0.7227,1,1
27.08.2021 00:17:30.589,0.72279,0.7226899999999999,1.5,1
27.08.2021 00:17:33.045,0.7227600000000001,0.72267,1,2.25
27.08.2021 00:17:33.146,0.7227300000000001,0.72262,1,3.12
27.08.2021 00:17:33.298,0.7227300000000001,0.72262,1,2.25
27.08.2021 00:17:34.101,0.7227300000000001,0.7226300000000001,1.5,2.25
27.08.2021 00:17:39.098,0.72272,0.7226300000000001,1,1.5
27.08.2021 00:17:39.422,0.72272,0.72262,1,2.62
27.08.2021 00:17:40.911,0.7227100000000001,0.72262,1,1
27.08.2021 00:17:41.678,0.7227100000000001,0.7226100000000001,1.5,2.62
27.08.2021 00:17:44.547,0.7227100000000001,0.7226100000000001,1.5,3.12
27.08.2021 00:17:44.648,0.7227100000000001,0.7226100000000001,1.5,2.7
27.08.2021 00:17:45.470,0.7227100000000001,0.72262,1,1.5
27.08.2021 00:17:45.521,0.7227300000000001,0.7226300000000001,1.5,1
27.08.2021 00:17:45.673,0.7227300000000001,0.72264,1,1.5
27.08.2021 00:17:47.240,0.72277,0.7226899999999999,1.12,1.5
27.08.2021 00:17:47.341,0.7227800000000001,0.7226899999999999,1,1
27.08.2021 00:17:50.081,0.72279,0.7226899999999999,1.5,1.5
27.08.2021 00:17:57.474,0.7227800000000001,0.7226800000000001,1.5,1.87
27.08.2021 00:17:57.865,0.7227800000000001,0.72267,1,1
27.08.2021 00:18:06.982,0.7228100000000001,0.7227100000000001,2.89,1.5
27.08.2021 00:18:07.084,0.72282,0.7227100000000001,2.51,1
27.08.2021 00:18:14.747,0.72277,0.72267,1,1.5
27.08.2021 00:18:14.798,0.7227800000000001,0.7226800000000001,1,1.5
27.08.2021 00:18:18.363,0.7228,0.7226800000000001,2.62,1
27.08.2021 00:18:29.581,0.72279,0.7227,1,1
27.08.2021 00:18:29.682,0.7228,0.7227100000000001,1,1
27.08.2021 00:18:30.314,0.7228100000000001,0.7227100000000001,1,1
27.08.2021 00:18:30.416,0.72282,0.7227100000000001,1.5,1
27.08.2021 00:18:32.173,0.7228100000000001,0.7227100000000001,2.25,1.5
27.08.2021 00:18:40.081,0.7228,0.7227,1,1.5
27.08.2021 00:18:41.891,0.72279,0.7226899999999999,1.5,1.5
27.08.2021 00:18:43.712,0.72279,0.7227,1.5,1
27.08.2021 00:18:51.363,0.7228,0.7227,1.5,1.5
27.08.2021 00:18:59.566,0.72279,0.7227,1.69,1
27.08.2021 00:19:01.458,0.72279,0.7226899999999999,1.76,1.5
27.08.2021 00:19:01.616,0.7228,0.7227100000000001,1.5,1
27.08.2021 00:19:07.827,0.7228100000000001,0.7227100000000001,1.5,1.5
27.08.2021 00:19:07.929,0.7228300000000001,0.7227100000000001,1.31,1.5
27.08.2021 00:19:12.410,0.7228300000000001,0.7227300000000001,2.25,1
27.08.2021 00:19:15.910,0.72282,0.7227300000000001,1,1
27.08.2021 00:19:19.587,0.72282,0.72272,1.5,1.5
27.08.2021 00:19:34.995,0.7228300000000001,0.7227300000000001,1.5,1.5
27.08.2021 00:19:40.390,0.72282,0.7227300000000001,1,1
27.08.2021 00:19:47.872,0.72282,0.72272,2.25,1.5
27.08.2021 00:20:14.191,0.7228100000000001,0.72272,1,1.5
27.08.2021 00:20:33.668,0.72279,0.7226800000000001,1,1.57
27.08.2021 00:20:33.771,0.72277,0.7226899999999999,1,1.2
27.08.2021 00:20:33.873,0.72277,0.72267,1,4.95
27.08.2021 00:20:33.975,0.72279,0.7226899999999999,1.95,1.5
27.08.2021 00:20:34.279,0.7228,0.7227,1.57,1.5
27.08.2021 00:20:49.194,0.7228100000000001,0.7227100000000001,2.32,1.5
27.08.2021 00:20:52.112,0.72282,0.7227100000000001,2.25,1
27.08.2021 00:20:52.585,0.7228300000000001,0.7227100000000001,1.87,2.25
27.08.2021 00:20:52.687,0.7228300000000001,0.7227300000000001,1.5,1.5
27.08.2021 00:20:52.790,0.7228600000000001,0.7227600000000001,1.5,1
27.08.2021 00:20:52.841,0.7228600000000001,0.72277,1,1
27.08.2021 00:20:57.382,0.7228600000000001,0.7227600000000001,1.57,1.5
27.08.2021 00:21:00.577,0.72285,0.7227600000000001,1,1
27.08.2021 00:21:02.262,0.7228600000000001,0.7227600000000001,1.57,1.5
27.08.2021 00:21:22.581,0.7228600000000001,0.7227800000000001,1,1
27.08.2021 00:21:28.442,0.7228600000000001,0.72277,1,1
27.08.2021 00:21:30.294,0.72285,0.7227600000000001,1.12,1.5
27.08.2021 00:21:51.091,0.72285,0.72277,1,1
27.08.2021 00:21:51.536,0.7228600000000001,0.7227800000000001,1,1
27.08.2021 00:21:51.586,0.72289,0.7228,1.5,1
27.08.2021 00:21:51.688,0.72291,0.7228,2,1
27.08.2021 00:21:51.738,0.72291,0.7228,1.87,1
27.08.2021 00:21:51.941,0.72291,0.7228100000000001,2.14,1.5
27.08.2021 00:21:53.733,0.72291,0.7228100000000001,2.64,1.5
27.08.2021 00:21:53.936,0.72291,0.7228100000000001,2.14,1.5
27.08.2021 00:21:54.292,0.72292,0.7228300000000001,1.12,1
27.08.2021 00:21:54.394,0.7229300000000001,0.72284,1.31,1
27.08.2021 00:21:54.547,0.72295,0.7228300000000001,1.39,1.5
27.08.2021 00:21:54.699,0.72295,0.7228600000000001,2.29,1
27.08.2021 00:21:54.801,0.72295,0.7228600000000001,2.14,1
27.08.2021 00:22:05.074,0.72296,0.7228600000000001,2.14,1.5
27.08.2021 00:22:05.345,0.72296,0.7228600000000001,3.32,1.5
27.08.2021 00:22:05.447,0.72296,0.7228600000000001,2.51,1.5
27.08.2021 00:22:09.095,0.72296,0.7228600000000001,2.95,1.5
27.08.2021 00:22:09.196,0.72296,0.7228600000000001,2.14,1.5
27.08.2021 00:22:15.412,0.72297,0.7228600000000001,1.1,1
27.08.2021 00:22:15.514,0.72297,0.7228800000000001,1.87,1
27.08.2021 00:22:15.831,0.7229800000000001,0.7228800000000001,1.95,1
27.08.2021 00:22:16.186,0.7229800000000001,0.72289,1.12,1.5
27.08.2021 00:22:16.287,0.7230000000000001,0.7229,1.6,1
27.08.2021 00:22:16.389,0.7230000000000001,0.72291,1.1,1
27.08.2021 00:22:19.121,0.7230000000000001,0.7229,1.5,1.5
27.08.2021 00:22:19.222,0.7230000000000001,0.72292,1.5,1
27.08.2021 00:22:22.227,0.7230000000000001,0.72291,2.25,1
27.08.2021 00:22:24.627,0.72297,0.7228800000000001,1,1.5
27.08.2021 00:22:24.728,0.72295,0.7228600000000001,1,1.57
27.08.2021 00:22:24.830,0.72296,0.72284,1,1.5
27.08.2021 00:22:28.001,0.72294,0.72284,1,1.87
27.08.2021 00:22:31.251,0.72294,0.7228300000000001,1,1.5
27.08.2021 00:22:32.329,0.7228800000000001,0.7228,1,2.32
27.08.2021 00:22:32.431,0.7228800000000001,0.7227800000000001,1.5,2.82
27.08.2021 00:22:32.533,0.7228800000000001,0.7227800000000001,1.5,2.32
27.08.2021 00:22:32.635,0.7228800000000001,0.72279,1,1.5
27.08.2021 00:22:32.787,0.72287,0.72279,1,1
27.08.2021 00:22:33.159,0.7228800000000001,0.72279,2.25,1
27.08.2021 00:22:34.367,0.72287,0.72279,1,1
27.08.2021 00:22:35.077,0.72289,0.7227800000000001,2.25,1
27.08.2021 00:22:36.441,0.72287,0.72279,1,1
27.08.2021 00:22:40.694,0.72284,0.7227600000000001,1,1.5
27.08.2021 00:22:40.746,0.7228300000000001,0.72274,1,4.01
27.08.2021 00:22:40.847,0.7228100000000001,0.72272,1.5,4.31
27.08.2021 00:22:40.949,0.72279,0.7226800000000001,1,1.12
27.08.2021 00:22:41.050,0.7227800000000001,0.72267,1.69,1.2
27.08.2021 00:22:41.152,0.7227600000000001,0.72267,1,2.32
27.08.2021 00:22:41.354,0.7227800000000001,0.7226600000000001,2.44,3.07
27.08.2021 00:22:41.710,0.7227600000000001,0.72267,1,2.32
27.08.2021 00:22:41.812,0.7227600000000001,0.7226600000000001,1.69,1.5
27.08.2021 00:22:42.065,0.72275,0.7226600000000001,2.44,1.5
27.08.2021 00:22:42.166,0.72275,0.72267,2.44,1
27.08.2021 00:22:42.267,0.72275,0.7226600000000001,2.44,1.5
27.08.2021 00:22:42.399,0.72275,0.72267,2.44,1
27.08.2021 00:22:43.407,0.7227600000000001,0.72265,2.44,1.5
27.08.2021 00:22:43.508,0.72275,0.72267,1,1.5
27.08.2021 00:22:43.867,0.7227600000000001,0.72265,1.69,1.5
27.08.2021 00:22:43.969,0.72274,0.7226300000000001,1.5,1
27.08.2021 00:22:44.070,0.72272,0.7226300000000001,1,1.5
27.08.2021 00:22:44.432,0.7227300000000001,0.7226300000000001,1,1
27.08.2021 00:22:45.728,0.72272,0.72265,1.5,1
27.08.2021 00:22:47.343,0.72277,0.7226800000000001,1.5,1
27.08.2021 00:22:47.394,0.72279,0.7226899999999999,1.87,1.25
27.08.2021 00:22:47.495,0.7228,0.72272,1.25,1.5
27.08.2021 00:22:49.028,0.7228100000000001,0.72272,1.5,1.5
27.08.2021 00:22:50.604,0.72279,0.72272,1,1
27.08.2021 00:22:50.714,0.7228,0.72272,1,1.5
27.08.2021 00:22:52.043,0.72282,0.72272,1.5,1
27.08.2021 00:22:53.526,0.72282,0.7227300000000001,1.5,1
27.08.2021 00:22:54.135,0.7228100000000001,0.7227100000000001,1.5,1
27.08.2021 00:22:54.237,0.7228,0.7227100000000001,1.5,1
27.08.2021 00:22:57.529,0.72279,0.7227,1,1
27.08.2021 00:22:57.630,0.7228,0.7227100000000001,2.25,1
27.08.2021 00:22:58.719,0.72279,0.7227100000000001,1,1
27.08.2021 00:22:58.770,0.72279,0.7226800000000001,1.5,1
27.08.2021 00:23:00.325,0.72277,0.7226600000000001,1,1
27.08.2021 00:23:00.427,0.72274,0.72264,1,1.5
27.08.2021 00:23:00.528,0.72272,0.7226100000000001,1.5,2.32
27.08.2021 00:23:00.630,0.72272,0.7226,1.5,2.77
27.08.2021 00:23:04.796,0.7226899999999999,0.72259,1,2.07
27.08.2021 00:23:04.897,0.7226800000000001,0.72259,1,1.5
27.08.2021 00:23:04.998,0.7226800000000001,0.72258,1.5,2.4
27.08.2021 00:23:05.805,0.7226800000000001,0.72257,1,1
27.08.2021 00:23:07.775,0.72267,0.72257,2.25,1
27.08.2021 00:23:07.876,0.72267,0.7225600000000001,1,1
27.08.2021 00:23:07.978,0.7226600000000001,0.7225600000000001,2.25,1
27.08.2021 00:23:08.029,0.72264,0.72253,1,2.82
27.08.2021 00:23:08.081,0.72265,0.72255,2.25,1.12
27.08.2021 00:23:08.183,0.72265,0.72254,1,1
27.08.2021 00:23:08.388,0.72264,0.72254,1.5,1
27.08.2021 00:23:08.489,0.7226300000000001,0.72254,1,1
27.08.2021 00:23:09.320,0.7226300000000001,0.72253,1.5,1.5
27.08.2021 00:23:09.480,0.72262,0.72253,1,1
27.08.2021 00:23:10.529,0.7226300000000001,0.72253,1.5,1
27.08.2021 00:23:10.646,0.72264,0.72253,2.25,1
27.08.2021 00:23:12.951,0.72265,0.72253,2.62,1.5
27.08.2021 00:23:13.002,0.7226600000000001,0.72258,1.5,1
27.08.2021 00:23:13.104,0.72267,0.72258,2.25,1
27.08.2021 00:23:13.435,0.7226800000000001,0.72258,1.5,1
27.08.2021 00:23:13.956,0.7226899999999999,0.72258,1.5,1
27.08.2021 00:23:15.529,0.72267,0.72259,1,1
27.08.2021 00:23:17.726,0.7226600000000001,0.72257,3,1
27.08.2021 00:23:17.828,0.7226600000000001,0.72255,1,1
27.08.2021 00:23:22.249,0.72264,0.7225600000000001,1,1
27.08.2021 00:23:22.349,0.72264,0.72254,2.25,1
27.08.2021 00:23:22.665,0.72264,0.72255,1.5,1
27.08.2021 00:23:25.113,0.72264,0.7225600000000001,1.5,1
27.08.2021 00:23:29.252,0.72265,0.72254,1,1
27.08.2021 00:23:30.601,0.72265,0.72255,1,1.57
27.08.2021 00:23:31.133,0.7226800000000001,0.72257,3,1
27.08.2021 00:23:41.991,0.72265,0.72258,1,1
27.08.2021 00:23:46.674,0.72267,0.72257,1,1
27.08.2021 00:23:49.089,0.7226899999999999,0.7226100000000001,1.5,1
27.08.2021 00:23:49.190,0.7227,0.72262,1,1
27.08.2021 00:23:50.229,0.7226800000000001,0.72259,1,1
27.08.2021 00:23:52.586,0.72267,0.72255,2.25,1.12
27.08.2021 00:23:52.637,0.72264,0.72254,1,1.5
27.08.2021 00:23:52.688,0.72262,0.72253,1,1
27.08.2021 00:23:52.840,0.7226100000000001,0.72252,1,1
27.08.2021 00:24:01.730,0.7226300000000001,0.72253,1,1.1
27.08.2021 00:24:01.831,0.72265,0.72257,1.5,1
27.08.2021 00:24:02.634,0.7226600000000001,0.72257,1,1
27.08.2021 00:24:02.745,0.7226800000000001,0.72257,1.5,1
27.08.2021 00:24:04.866,0.72267,0.7226,1,1
27.08.2021 00:24:07.625,0.72267,0.72259,1,1
27.08.2021 00:24:12.601,0.7226800000000001,0.72259,6.82,1
27.08.2021 00:24:12.702,0.72262,0.72255,1,1.12
27.08.2021 00:24:14.836,0.72264,0.7225600000000001,1,1
27.08.2021 00:24:15.038,0.7226300000000001,0.7225600000000001,1,1
27.08.2021 00:24:16.871,0.72265,0.72258,1.5,1
27.08.2021 00:24:18.855,0.72267,0.72258,1.5,1
27.08.2021 00:24:22.014,0.72265,0.72258,1,1
27.08.2021 00:24:30.209,0.7226600000000001,0.72259,1,1
27.08.2021 00:24:31.784,0.7226600000000001,0.72258,1,1
27.08.2021 00:24:33.892,0.72267,0.72258,1,1
27.08.2021 00:24:36.501,0.7227,0.7226,2,1
27.08.2021 00:24:36.553,0.72272,0.72264,4.31,1
27.08.2021 00:24:43.733,0.7226899999999999,0.7226100000000001,1,1.5
27.08.2021 00:24:43.834,0.7226899999999999,0.72262,1.25,1.5
27.08.2021 00:24:48.901,0.7227100000000001,0.7226300000000001,5.31,1
27.08.2021 00:24:50.737,0.7227,0.72262,1.31,1.5
27.08.2021 00:24:51.337,0.7226899999999999,0.7226100000000001,1.25,1
27.08.2021 00:24:51.860,0.7226899999999999,0.7226,1.31,1
27.08.2021 00:24:51.961,0.7226899999999999,0.7226,4.64,1
27.08.2021 00:24:52.063,0.7227100000000001,0.7226,2.06,1
27.08.2021 00:24:52.164,0.7227,0.7226100000000001,3.06,1
27.08.2021 00:24:57.360,0.7226899999999999,0.7226,1.25,1
27.08.2021 00:25:01.207,0.7227,0.72258,3.19,1.5
27.08.2021 00:25:14.119,0.72267,0.72258,1,1
27.08.2021 00:25:14.567,0.7226600000000001,0.72254,1.69,1.5
27.08.2021 00:25:14.669,0.72264,0.72255,1,1
27.08.2021 00:25:19.870,0.7226300000000001,0.72255,1,1
27.08.2021 00:25:19.972,0.72262,0.72255,1,1
27.08.2021 00:25:21.488,0.72262,0.72253,1,1
27.08.2021 00:25:21.740,0.7226100000000001,0.72252,1.5,1.5
27.08.2021 00:25:24.722,0.7226,0.7225,2.25,1
27.08.2021 00:25:24.823,0.72259,0.7225,3.75,1
27.08.2021 00:25:26.049,0.72257,0.72249,1.69,1
27.08.2021 00:25:26.252,0.7225600000000001,0.7224600000000001,1.69,1
27.08.2021 00:25:26.403,0.72255,0.72245,1,1
27.08.2021 00:25:26.454,0.72253,0.72244,1,1
27.08.2021 00:25:26.505,0.7225600000000001,0.7224700000000001,1.6,1
27.08.2021 00:25:26.606,0.7225600000000001,0.7224700000000001,1.95,1
27.08.2021 00:25:29.115,0.7225600000000001,0.7224700000000001,2.72,1
27.08.2021 00:25:31.211,0.72255,0.7224600000000001,1,1
27.08.2021 00:25:41.531,0.72255,0.7224600000000001,1.7,1
27.08.2021 00:25:41.632,0.72252,0.72244,1,1
27.08.2021 00:25:42.339,0.72249,0.7224200000000001,1,1
27.08.2021 00:25:42.390,0.72248,0.7224,1,1
27.08.2021 00:25:42.491,0.7224700000000001,0.72239,1,1
27.08.2021 00:25:48.410,0.72248,0.7223700000000001,1,1
27.08.2021 00:25:50.422,0.72245,0.72235,1,1
27.08.2021 00:25:50.473,0.7224600000000001,0.7223700000000001,1.12,1
27.08.2021 00:25:50.785,0.72245,0.72234,1,1
27.08.2021 00:25:51.189,0.72244,0.7223600000000001,1,1
27.08.2021 00:25:51.291,0.7224700000000001,0.7223700000000001,1.5,1
27.08.2021 00:25:51.392,0.72248,0.7223700000000001,1.12,1
27.08.2021 00:25:54.770,0.72248,0.72238,1.31,1
27.08.2021 00:25:55.761,0.7224600000000001,0.7223600000000001,1,1
27.08.2021 00:25:56.282,0.72244,0.72234,2.06,1
27.08.2021 00:25:56.383,0.7224100000000001,0.72233,1.5,1
27.08.2021 00:25:56.484,0.7224100000000001,0.72232,2.25,1
27.08.2021 00:25:57.062,0.7224,0.72232,1,1
27.08.2021 00:25:59.654,0.72238,0.7223,1.12,1
27.08.2021 00:25:59.755,0.7223600000000001,0.7222600000000001,1,1
27.08.2021 00:26:00.160,0.7223700000000001,0.7222600000000001,1.25,1
27.08.2021 00:26:00.261,0.7223600000000001,0.72227,3.44,1
27.08.2021 00:26:00.363,0.72232,0.72222,2.62,1
27.08.2021 00:26:00.464,0.72232,0.72224,1.12,1
27.08.2021 00:26:00.565,0.72234,0.7222500000000001,1,1.25
27.08.2021 00:26:00.616,0.7223600000000001,0.7222600000000001,1.87,1
27.08.2021 00:26:00.869,0.72238,0.72228,2,1.69
27.08.2021 00:26:00.920,0.72239,0.72228,1,1
27.08.2021 00:26:02.803,0.72238,0.72228,1,1
27.08.2021 00:26:02.904,0.7223700000000001,0.7222600000000001,1,1
27.08.2021 00:26:03.513,0.7223600000000001,0.72228,1,1
27.08.2021 00:26:04.978,0.72238,0.72227,1.5,1
27.08.2021 00:26:05.532,0.72238,0.7223,1,1.25
27.08.2021 00:26:05.582,0.72243,0.72234,2.32,1.25
27.08.2021 00:26:05.684,0.72244,0.72235,1,1.25
27.08.2021 00:26:05.785,0.7224600000000001,0.72235,2.25,1
27.08.2021 00:26:06.934,0.72248,0.72238,4.2,1
27.08.2021 00:26:10.474,0.72248,0.72239,1.87,1
27.08.2021 00:26:10.677,0.7225,0.7224,1,1
27.08.2021 00:26:10.798,0.7225,0.7224100000000001,1.5,1
27.08.2021 00:26:10.900,0.7225100000000001,0.7224100000000001,3.75,1
27.08.2021 00:26:11.328,0.7225100000000001,0.72239,1.1,1
27.08.2021 00:26:12.688,0.7225,0.7224200000000001,1,1
27.08.2021 00:26:12.840,0.7225100000000001,0.7224200000000001,2.25,1
27.08.2021 00:26:15.136,0.72252,0.72243,1.12,1
27.08.2021 00:26:15.237,0.72253,0.72243,1.95,1
27.08.2021 00:26:15.692,0.72253,0.72244,1,1
27.08.2021 00:26:18.117,0.7225,0.7224200000000001,1,1
27.08.2021 00:26:18.219,0.72252,0.7224100000000001,1.57,1
27.08.2021 00:26:24.174,0.72252,0.72243,2.07,1
27.08.2021 00:26:24.278,0.72252,0.72243,1.95,1
27.08.2021 00:26:29.622,0.72255,0.7224700000000001,1.12,1
27.08.2021 00:26:29.723,0.7226,0.7225,4.5,1
27.08.2021 00:26:29.774,0.72258,0.7225100000000001,1,1
27.08.2021 00:26:29.876,0.72262,0.7225,1.62,1
27.08.2021 00:26:30.078,0.7226100000000001,0.72253,1,1
27.08.2021 00:26:31.778,0.7226100000000001,0.7225100000000001,2.62,1.5
27.08.2021 00:26:32.757,0.7226100000000001,0.7225100000000001,2.75,1.5
27.08.2021 00:26:33.759,0.7226100000000001,0.7225100000000001,2.62,1.5
27.08.2021 00:26:40.912,0.7226100000000001,0.7225100000000001,3.12,1.5
27.08.2021 00:26:42.181,0.7226,0.72248,3,1.12
27.08.2021 00:26:46.970,0.72257,0.72249,1,1
27.08.2021 00:26:51.518,0.72254,0.72245,2.25,1
27.08.2021 00:26:51.569,0.72252,0.7224200000000001,2.25,1.5
27.08.2021 00:26:51.671,0.72248,0.7224100000000001,1,1
27.08.2021 00:26:51.772,0.72248,0.7224,1,1
27.08.2021 00:26:52.751,0.7225100000000001,0.7224100000000001,2,2.12
27.08.2021 00:26:52.852,0.72253,0.72245,1.5,1
27.08.2021 00:26:53.004,0.72254,0.72245,1.12,1
27.08.2021 00:26:53.106,0.72255,0.72245,1,1
27.08.2021 00:26:54.468,0.72255,0.7224700000000001,1,1
27.08.2021 00:26:58.474,0.7225600000000001,0.7224700000000001,3,1
27.08.2021 00:27:12.326,0.72257,0.72248,1,1
27.08.2021 00:27:12.429,0.72259,0.7225,1.5,1.5
27.08.2021 00:27:12.531,0.7226100000000001,0.7225100000000001,4.05,1
27.08.2021 00:27:12.633,0.7226100000000001,0.7225100000000001,1.95,1
27.08.2021 00:27:16.155,0.7226,0.7225,1,1.25
27.08.2021 00:27:21.630,0.72259,0.7225,1,1
27.08.2021 00:27:26.668,0.72258,0.72248,1.5,2.5
27.08.2021 00:27:27.210,0.72257,0.7224700000000001,1.5,1.25
27.08.2021 00:27:27.313,0.7225600000000001,0.7224600000000001,1,1.69
27.08.2021 00:27:31.558,0.72257,0.72248,1.5,1.25
27.08.2021 00:27:35.447,0.72257,0.7224700000000001,1.5,1
27.08.2021 00:27:36.144,0.72255,0.72245,1.5,1
27.08.2021 00:27:36.773,0.72255,0.72245,2.5,1
27.08.2021 00:27:36.925,0.72254,0.72244,1.25,1.5
27.08.2021 00:27:37.077,0.72255,0.72244,1.25,1
27.08.2021 00:27:38.050,0.72255,0.7224600000000001,1.25,1
27.08.2021 00:27:38.151,0.72255,0.72245,1.69,1.5
27.08.2021 00:27:38.253,0.7225600000000001,0.72244,2.12,1.5
27.08.2021 00:27:42.247,0.72255,0.72243,1.69,1.5
27.08.2021 00:27:52.371,0.72255,0.7224600000000001,1.31,1
27.08.2021 00:27:54.392,0.72257,0.72245,1.87,1.5
27.08.2021 00:27:54.494,0.72258,0.72248,4.2,1.5
27.08.2021 00:27:54.595,0.72258,0.72248,2.69,1.5
27.08.2021 00:27:54.963,0.72257,0.72248,1.75,1
27.08.2021 00:28:08.088,0.72257,0.7224600000000001,1.25,1
27.08.2021 00:28:17.051,0.7225600000000001,0.7224700000000001,1.75,1
27.08.2021 00:28:21.038,0.72254,0.72245,1,1
27.08.2021 00:28:21.139,0.72255,0.72243,2.44,1
27.08.2021 00:28:21.964,0.72253,0.72243,1.5,1.5
27.08.2021 00:28:40.606,0.7225100000000001,0.7224200000000001,2.62,1
27.08.2021 00:28:40.707,0.7225100000000001,0.7224100000000001,3.19,1
27.08.2021 00:28:40.809,0.7225,0.7224,1,1.5
27.08.2021 00:28:45.407,0.7225100000000001,0.7224100000000001,1.31,1
27.08.2021 00:28:56.124,0.72248,0.7224100000000001,1.25,1
27.08.2021 00:28:56.175,0.7224700000000001,0.72238,2.44,1
27.08.2021 00:28:56.225,0.7224700000000001,0.72235,5.31,1
27.08.2021 00:28:56.327,0.72245,0.72234,1.69,1.5
27.08.2021 00:28:56.428,0.72245,0.72234,2.5,1.5
27.08.2021 00:28:56.529,0.72245,0.72234,1.31,1.5
27.08.2021 00:28:56.977,0.72245,0.72234,1.75,1.5
27.08.2021 00:28:59.096,0.72243,0.72233,1.5,1
27.08.2021 00:29:00.621,0.72243,0.72234,1.12,1
27.08.2021 00:29:01.475,0.7224700000000001,0.72235,2.81,1
27.08.2021 00:29:01.627,0.72248,0.7223600000000001,1.89,1.5
27.08.2021 00:29:01.732,0.7224700000000001,0.7223700000000001,1.31,1.5
27.08.2021 00:29:03.047,0.72248,0.72238,1.87,1.5
27.08.2021 00:29:03.198,0.72248,0.72239,1.12,1
27.08.2021 00:29:03.300,0.7225100000000001,0.7224100000000001,1.89,1
27.08.2021 00:29:03.451,0.7225100000000001,0.7224200000000001,1,1
27.08.2021 00:29:04.663,0.7225100000000001,0.72243,1,1
27.08.2021 00:29:07.348,0.72253,0.7224200000000001,1,1
27.08.2021 00:29:15.114,0.72252,0.7224200000000001,1.5,1.5
27.08.2021 00:29:15.322,0.72249,0.72239,3,1.12
27.08.2021 00:29:15.424,0.72248,0.72238,1.5,2
27.08.2021 00:29:15.525,0.72248,0.72238,1.5,1.5
27.08.2021 00:29:20.050,0.7224700000000001,0.72238,1.12,1
27.08.2021 00:29:23.646,0.7224600000000001,0.7223600000000001,1.12,1.5
27.08.2021 00:29:59.312,0.7224700000000001,0.72238,1.95,1
27.08.2021 00:29:59.413,0.72252,0.7224,2.25,1
27.08.2021 00:29:59.515,0.72252,0.7224100000000001,1,1.5
27.08.2021 00:29:59.717,0.72253,0.7224100000000001,1.5,1.5
27.08.2021 00:30:09.261,0.72249,0.7224200000000001,1,1
27.08.2021 00:30:09.312,0.72249,0.72238,3.19,4.4
27.08.2021 00:30:09.463,0.72249,0.72238,3.56,2.25
27.08.2021 00:30:10.900,0.7224700000000001,0.72238,1,1.5
27.08.2021 00:30:11.002,0.72245,0.72232,1.69,2.82
27.08.2021 00:30:11.104,0.72243,0.72233,1.12,2.07
27.08.2021 00:30:11.154,0.72243,0.72233,1.12,1.57
27.08.2021 00:30:28.468,0.7224600000000001,0.7223600000000001,4.06,1.5
27.08.2021 00:30:28.519,0.7224600000000001,0.7223600000000001,1.31,1.5
27.08.2021 00:30:29.042,0.7224700000000001,0.7223700000000001,3.56,1
27.08.2021 00:30:31.612,0.7224700000000001,0.7223700000000001,1.94,1
27.08.2021 00:30:32.501,0.72245,0.7223600000000001,1,1
27.08.2021 00:30:52.430,0.7224200000000001,0.72233,1,2
27.08.2021 00:30:52.532,0.7224200000000001,0.72233,1,1.87
27.08.2021 00:30:52.734,0.72238,0.7223,1,1
27.08.2021 00:30:52.835,0.7223700000000001,0.72229,1,1
27.08.2021 00:30:53.139,0.72238,0.72229,1,1
27.08.2021 00:30:53.351,0.72239,0.72229,1.5,1.5
27.08.2021 00:30:55.180,0.72238,0.72228,1,1
27.08.2021 00:30:55.595,0.72238,0.72229,1,1
27.08.2021 00:30:56.663,0.7223700000000001,0.72229,1,1
27.08.2021 00:30:58.223,0.7223600000000001,0.72229,1,1
27.08.2021 00:30:58.960,0.7223600000000001,0.72228,1,1
27.08.2021 00:31:01.090,0.7223600000000001,0.7222600000000001,1,1.69
27.08.2021 00:31:02.774,0.72234,0.7222600000000001,1,1.87
27.08.2021 00:31:02.875,0.72229,0.72219,1,1
27.08.2021 00:31:02.976,0.7222600000000001,0.72218,1,1
27.08.2021 00:31:05.163,0.72227,0.72216,1,1
27.08.2021 00:31:09.961,0.72229,0.72221,1,1
27.08.2021 00:31:10.062,0.72232,0.72222,2,1
27.08.2021 00:31:10.164,0.72232,0.72222,1.5,1
27.08.2021 00:31:14.071,0.72232,0.72223,1,1
27.08.2021 00:31:23.460,0.72232,0.72222,1.5,1
27.08.2021 00:31:27.585,0.72232,0.72223,1.5,1
27.08.2021 00:31:27.686,0.72234,0.72227,1,1.5
27.08.2021 00:31:27.737,0.72239,0.7223100000000001,2.25,1
27.08.2021 00:31:27.839,0.72238,0.7223,1,1.69
27.08.2021 00:31:28.167,0.7224,0.7223100000000001,1,1
27.08.2021 00:31:29.847,0.72239,0.7223,1.5,1
27.08.2021 00:31:30.051,0.7224,0.72228,1.5,1.25
27.08.2021 00:31:31.626,0.7224,0.7223100000000001,1.5,1
27.08.2021 00:31:32.003,0.7224100000000001,0.72229,1.5,1
27.08.2021 00:31:32.104,0.72239,0.7223,1,1
27.08.2021 00:31:32.673,0.7224,0.7223,1,1.69
27.08.2021 00:31:32.879,0.7224200000000001,0.72235,1,1
27.08.2021 00:31:32.930,0.7224,0.7223100000000001,1,2.25
27.08.2021 00:31:32.981,0.72243,0.72232,1,1.5
27.08.2021 00:31:35.243,0.72243,0.72233,1,1.5
27.08.2021 00:31:35.345,0.72243,0.72234,1,1
27.08.2021 00:31:35.597,0.72243,0.72233,1,1.5
27.08.2021 00:31:37.199,0.72243,0.72234,1,1.5
27.08.2021 00:31:40.519,0.72243,0.72233,1.5,1.69
27.08.2021 00:31:48.032,0.72244,0.72233,1,1
27.08.2021 00:31:48.830,0.72244,0.72234,2.25,1.5
27.08.2021 00:31:48.983,0.72243,0.72234,1,1
27.08.2021 00:31:49.212,0.72245,0.72235,2.62,1
27.08.2021 00:31:49.262,0.72243,0.72234,1,1.5
27.08.2021 00:31:49.364,0.72244,0.72235,1,1
27.08.2021 00:31:49.566,0.72244,0.72234,1,2.44
27.08.2021 00:31:49.617,0.7224600000000001,0.7223600000000001,2.7,1.5
27.08.2021 00:31:49.718,0.7224600000000001,0.72235,1,1.5
27.08.2021 00:31:51.331,0.7224600000000001,0.7223600000000001,2.32,1.5
27.08.2021 00:31:51.730,0.7224600000000001,0.7223700000000001,1,1
27.08.2021 00:31:51.831,0.7224700000000001,0.72238,1.5,1.5
27.08.2021 00:31:51.933,0.72245,0.7223700000000001,1,1
27.08.2021 00:31:52.034,0.72245,0.72234,1,2.75
27.08.2021 00:31:52.135,0.7224600000000001,0.72235,1,1
27.08.2021 00:31:52.388,0.7224600000000001,0.7223700000000001,1,1.5
27.08.2021 00:31:52.489,0.7224700000000001,0.72239,1.12,1
27.08.2021 00:31:57.073,0.72243,0.7223600000000001,1.25,1
27.08.2021 00:31:57.125,0.72243,0.72234,2.44,2.25
27.08.2021 00:31:57.379,0.72243,0.72233,2.44,1.5
27.08.2021 00:32:01.006,0.7224,0.72233,1,1
27.08.2021 00:32:01.108,0.7224100000000001,0.7223100000000001,1.25,1.5
27.08.2021 00:32:02.117,0.72239,0.7223,1,2.25
27.08.2021 00:32:02.218,0.7224,0.7223100000000001,1,1
27.08.2021 00:32:03.197,0.7224100000000001,0.72229,1,1.5
27.08.2021 00:32:09.175,0.7224100000000001,0.7223100000000001,1.1,1
27.08.2021 00:32:19.455,0.7224200000000001,0.72232,2.91,1
27.08.2021 00:32:28.863,0.7224200000000001,0.72233,1.12,1
27.08.2021 00:32:29.066,0.72244,0.72232,1.69,1.5
27.08.2021 00:32:36.391,0.72243,0.72234,1.01,1
27.08.2021 00:32:38.879,0.72245,0.72233,3.64,1
27.08.2021 00:32:38.981,0.72244,0.72234,5.39,1
27.08.2021 00:32:39.772,0.7224600000000001,0.72235,3.01,1
27.08.2021 00:32:39.929,0.72245,0.7223600000000001,2.7,1
27.08.2021 00:32:40.234,0.7224600000000001,0.7223600000000001,2.89,1
27.08.2021 00:32:42.448,0.72245,0.7223600000000001,1,1
27.08.2021 00:32:42.499,0.72245,0.72233,1.69,1.5
27.08.2021 00:33:02.991,0.72244,0.72233,1,1
27.08.2021 00:33:03.092,0.72245,0.72233,3.19,1
27.08.2021 00:33:04.106,0.7224200000000001,0.72234,1,1
27.08.2021 00:33:04.207,0.72239,0.7223,1.25,1.87
27.08.2021 00:33:08.771,0.7224200000000001,0.72232,2.37,2.5
27.08.2021 00:33:08.821,0.72245,0.72234,1,1.69
27.08.2021 00:33:08.973,0.72245,0.72235,1.12,1.69
27.08.2021 00:33:10.962,0.72245,0.72235,2.45,1
27.08.2021 00:33:11.064,0.72244,0.72234,1.12,1.5
27.08.2021 00:33:11.575,0.72243,0.72234,1,1.5
27.08.2021 00:33:13.232,0.7224600000000001,0.72238,1,1.5
27.08.2021 00:33:13.334,0.72248,0.72238,2,1.5
27.08.2021 00:33:13.435,0.72248,0.72238,1.5,1.5
27.08.2021 00:33:17.579,0.72248,0.72239,1,1
27.08.2021 00:33:17.681,0.72248,0.72238,1.95,1.5
27.08.2021 00:33:17.782,0.7224700000000001,0.72238,1,1
27.08.2021 00:33:18.681,0.7224700000000001,0.7223700000000001,1.12,1
27.08.2021 00:33:26.955,0.7224700000000001,0.72235,1,1
27.08.2021 00:33:30.464,0.72245,0.72234,1,1
27.08.2021 00:33:30.767,0.72244,0.72234,3.19,1.5
27.08.2021 00:33:44.066,0.7224200000000001,0.72233,1.25,1
27.08.2021 00:33:44.168,0.7224200000000001,0.72232,1.5,1.5
27.08.2021 00:33:45.316,0.72243,0.72233,1.12,1.69
27.08.2021 00:33:45.418,0.72243,0.72233,1.12,4.94
27.08.2021 00:33:45.519,0.7224600000000001,0.72234,2.25,1.69
27.08.2021 00:33:45.620,0.7224700000000001,0.7223700000000001,2.37,1.69
27.08.2021 00:33:45.722,0.72249,0.72238,1.12,1
27.08.2021 00:33:47.221,0.7225,0.72239,1,1
27.08.2021 00:33:52.537,0.7224700000000001,0.7224,1.5,1
27.08.2021 00:33:52.639,0.72244,0.7223600000000001,1.5,1
27.08.2021 00:33:52.740,0.72244,0.72235,3.56,1.12
27.08.2021 00:33:52.841,0.72243,0.7223100000000001,1,1.5
27.08.2021 00:33:53.221,0.7224100000000001,0.72232,1,1.5
27.08.2021 00:33:58.914,0.72243,0.72234,1.12,1
27.08.2021 00:33:59.066,0.7224600000000001,0.72238,2.45,1
27.08.2021 00:33:59.117,0.72245,0.7223600000000001,1,1
27.08.2021 00:33:59.218,0.7224700000000001,0.72235,1.12,2.44
27.08.2021 00:33:59.269,0.7224700000000001,0.7223700000000001,1.12,1
27.08.2021 00:33:59.370,0.7224700000000001,0.72238,1.5,1
27.08.2021 00:34:01.943,0.72249,0.72238,1.5,1.5
27.08.2021 00:34:04.607,0.72249,0.7223700000000001,4.12,1.5
27.08.2021 00:34:10.905,0.7225,0.7224,1.5,3.19
27.08.2021 00:34:11.007,0.7225100000000001,0.7224100000000001,2,1.69
27.08.2021 00:34:11.110,0.7225100000000001,0.7224100000000001,1,2.44
27.08.2021 00:34:16.551,0.7225,0.72239,1,1
27.08.2021 00:34:21.691,0.72248,0.72239,1.12,1
27.08.2021 00:34:54.514,0.72248,0.7224,1,1.25
27.08.2021 00:34:54.615,0.7225100000000001,0.72239,2,1.5
27.08.2021 00:34:58.322,0.72249,0.72239,1.87,2.44
27.08.2021 00:35:00.850,0.72248,0.72239,1,1
27.08.2021 00:35:00.951,0.72243,0.72234,1.5,1
27.08.2021 00:35:01.052,0.72243,0.72233,1.5,3.82
27.08.2021 00:35:01.339,0.7224200000000001,0.72232,1,1
27.08.2021 00:35:01.390,0.72239,0.72229,1,3.31
27.08.2021 00:35:01.491,0.72239,0.72229,1,1.5
27.08.2021 00:35:01.795,0.72238,0.72228,2.25,1.5
27.08.2021 00:35:01.897,0.72238,0.72227,1,1.5
27.08.2021 00:35:06.361,0.7223700000000001,0.72227,1,1.5
27.08.2021 00:35:07.939,0.7223700000000001,0.72228,1,1
27.08.2021 00:35:08.041,0.72238,0.72229,1.87,1
27.08.2021 00:35:16.957,0.72239,0.72229,1.95,1.5
27.08.2021 00:35:17.059,0.7224100000000001,0.72232,1,1
27.08.2021 00:35:22.773,0.72243,0.72234,1.87,1.5
27.08.2021 00:35:38.479,0.72245,0.72233,1.2,1.5
27.08.2021 00:35:42.146,0.72245,0.72235,1.2,1
27.08.2021 00:35:42.247,0.72248,0.7223600000000001,1.5,1.5
27.08.2021 00:35:42.298,0.7224700000000001,0.7223700000000001,1,1.5
27.08.2021 00:35:42.500,0.72248,0.72238,1.2,1
27.08.2021 00:36:04.321,0.7224700000000001,0.72238,1,1.5
27.08.2021 00:36:17.214,0.72248,0.72239,1.5,1
27.08.2021 00:36:21.774,0.72249,0.7224,1,1
27.08.2021 00:36:21.926,0.7225100000000001,0.7224,1.12,1
27.08.2021 00:36:27.043,0.7225,0.7224200000000001,1,1
27.08.2021 00:36:27.144,0.72252,0.7224100000000001,1.5,1
27.08.2021 00:36:32.193,0.7225100000000001,0.7224100000000001,1.5,1.5
27.08.2021 00:36:36.294,0.72248,0.7224,1,1
27.08.2021 00:36:37.060,0.72248,0.72239,1,1
27.08.2021 00:36:41.511,0.72248,0.72238,1.95,1.5
27.08.2021 00:36:41.612,0.7224700000000001,0.7223700000000001,1,1
27.08.2021 00:36:41.713,0.7224600000000001,0.7223700000000001,1,1
27.08.2021 00:36:45.980,0.7225,0.72238,4.25,1
27.08.2021 00:36:46.182,0.7225,0.72238,1.5,1.5
27.08.2021 00:36:48.247,0.7225,0.7224,3.37,1
27.08.2021 00:36:59.432,0.7224600000000001,0.72239,2.25,1
27.08.2021 00:36:59.483,0.72245,0.7223600000000001,1,1.87
27.08.2021 00:37:00.398,0.72245,0.72234,1,1
27.08.2021 00:37:18.383,0.7224600000000001,0.72235,1.12,1
27.08.2021 00:37:18.585,0.7224700000000001,0.7223600000000001,2.07,1.69
27.08.2021 00:37:19.593,0.7224700000000001,0.7223700000000001,1.87,1.5
27.08.2021 00:37:26.285,0.7224700000000001,0.72239,1.12,1
27.08.2021 00:37:34.640,0.7224700000000001,0.72238,1,1
27.08.2021 00:37:40.460,0.72248,0.72238,1,2.44
27.08.2021 00:37:40.562,0.72252,0.7224,2,1.5
27.08.2021 00:37:40.663,0.7225100000000001,0.7224100000000001,1.87,1.5
27.08.2021 00:37:40.789,0.7225100000000001,0.7224200000000001,1.12,1
27.08.2021 00:37:45.935,0.72252,0.7224200000000001,2.7,1
27.08.2021 00:37:46.314,0.72249,0.7224,1,1
27.08.2021 00:37:47.725,0.72249,0.72239,1.6,1
27.08.2021 00:37:48.042,0.72248,0.72238,1.87,1.5
27.08.2021 00:37:51.573,0.72245,0.72235,3,3.07
27.08.2021 00:37:51.776,0.72244,0.72235,1.12,1
27.08.2021 00:37:57.628,0.72245,0.72233,1.12,1.5
27.08.2021 00:38:02.189,0.72249,0.7223700000000001,1,1.5
27.08.2021 00:38:02.291,0.7225100000000001,0.7224100000000001,1.5,1.25
27.08.2021 00:38:02.392,0.7225100000000001,0.7224100000000001,1,1.25
27.08.2021 00:38:02.494,0.72253,0.72243,1.69,2.25
27.08.2021 00:38:17.040,0.72253,0.72244,2.44,1
27.08.2021 00:38:17.662,0.7225,0.7224,3.75,1
27.08.2021 00:38:17.764,0.72249,0.72239,1,4.76
27.08.2021 00:38:17.865,0.72249,0.72238,1,2.44
27.08.2021 00:38:17.986,0.72249,0.72239,1.12,2.44
27.08.2021 00:38:26.631,0.7225100000000001,0.7224100000000001,1.5,1
27.08.2021 00:38:26.733,0.72252,0.7224200000000001,2,1
27.08.2021 00:38:26.841,0.72252,0.7224200000000001,1.87,1
27.08.2021 00:38:27.226,0.72253,0.72243,2.56,1.5
27.08.2021 00:38:27.388,0.72254,0.7224200000000001,2.44,1.5
27.08.2021 00:38:28.159,0.72253,0.7224200000000001,1,1.5
27.08.2021 00:38:35.265,0.72254,0.72243,1.31,1
27.08.2021 00:38:35.367,0.72255,0.72245,2.75,1.5
27.08.2021 00:38:35.468,0.72255,0.72245,1.87,1.5
27.08.2021 00:38:35.880,0.72254,0.72245,1.12,1.5
27.08.2021 00:38:38.111,0.72255,0.72243,2.62,1
27.08.2021 00:38:40.878,0.72254,0.72243,1,1
27.08.2021 00:38:47.340,0.72253,0.7224100000000001,1.5,1.87
27.08.2021 00:38:47.442,0.7225100000000001,0.7224100000000001,1,2.75
27.08.2021 00:38:47.546,0.7225100000000001,0.7224100000000001,1,2.25
27.08.2021 00:38:47.677,0.7225100000000001,0.72239,3,1.87
27.08.2021 00:38:48.707,0.7225,0.7224,3.5,1
27.08.2021 00:38:53.628,0.72249,0.7223700000000001,1,2.62
27.08.2021 00:38:53.730,0.72248,0.7223700000000001,1,1.12
27.08.2021 00:38:58.655,0.7224600000000001,0.7223700000000001,2.25,1
27.08.2021 00:38:58.757,0.7224600000000001,0.72235,3,1.5
27.08.2021 00:38:58.858,0.72245,0.72235,1.5,1
27.08.2021 00:38:59.272,0.72244,0.72234,1,1.5
27.08.2021 00:39:01.922,0.72244,0.72235,1.12,1
27.08.2021 00:39:04.047,0.7224600000000001,0.7223700000000001,1.5,1
27.08.2021 00:39:04.148,0.72248,0.7223600000000001,1.87,1.5
27.08.2021 00:39:16.396,0.7225,0.72238,1.87,1
27.08.2021 00:39:21.387,0.7225,0.7224,1.12,1
27.08.2021 00:39:22.528,0.72249,0.7224,1.12,1
27.08.2021 00:39:22.629,0.7224700000000001,0.72238,1.5,1.12
27.08.2021 00:39:22.731,0.7224600000000001,0.72238,1,1
27.08.2021 00:39:27.524,0.7224700000000001,0.72235,1,1.5
27.08.2021 00:39:44.645,0.72244,0.7223600000000001,1,1
27.08.2021 00:39:44.747,0.72244,0.72235,1.1,1.5
27.08.2021 00:39:53.762,0.72244,0.72234,2.7,1
27.08.2021 00:39:55.710,0.72238,0.7223,1,1
27.08.2021 00:39:55.812,0.72238,0.72228,1.57,2.25
27.08.2021 00:39:55.914,0.7223700000000001,0.72228,1.1,1.5
27.08.2021 00:40:00.618,0.72238,0.72228,2.7,1.5
27.08.2021 00:40:08.154,0.72238,0.72229,1.5,1
27.08.2021 00:40:12.710,0.72239,0.72229,1.5,1.5
27.08.2021 00:40:22.606,0.7224,0.7223100000000001,1,1
27.08.2021 00:40:30.141,0.7224100000000001,0.7223100000000001,2.32,1.5
27.08.2021 00:40:31.469,0.72239,0.7223,1,1
27.08.2021 00:40:32.136,0.72239,0.72228,1,1.5
27.08.2021 00:40:35.236,0.7223600000000001,0.72228,1.12,1
27.08.2021 00:40:35.338,0.7223700000000001,0.7222600000000001,1,1
27.08.2021 00:40:38.832,0.72235,0.7222500000000001,1.5,1.5
27.08.2021 00:40:38.883,0.7223600000000001,0.72227,1.87,1
27.08.2021 00:40:39.085,0.7223700000000001,0.72227,1.57,1.5
27.08.2021 00:40:46.043,0.72238,0.72229,1.5,1
27.08.2021 00:40:49.549,0.72238,0.72228,1.5,1
27.08.2021 00:40:52.187,0.72239,0.72228,2.32,1.69
27.08.2021 00:40:59.728,0.72239,0.72229,1.57,1
27.08.2021 00:41:03.930,0.72238,0.72229,1,1
27.08.2021 00:41:10.939,0.72239,0.72229,1.95,1
27.08.2021 00:41:24.285,0.72238,0.72229,1,1
27.08.2021 00:41:41.167,0.7224100000000001,0.72232,1,2.44
27.08.2021 00:41:41.269,0.72243,0.72234,1.6,1
27.08.2021 00:41:41.371,0.72244,0.72233,1,1
27.08.2021 00:41:45.811,0.72244,0.72235,1,1.25
27.08.2021 00:41:45.912,0.7224600000000001,0.7223600000000001,1.5,1.5
27.08.2021 00:41:46.013,0.7224600000000001,0.7223600000000001,1,1.5
27.08.2021 00:41:46.115,0.7224700000000001,0.7223600000000001,1,1
27.08.2021 00:41:46.216,0.7224700000000001,0.7223700000000001,1.5,1
27.08.2021 00:41:46.812,0.7224700000000001,0.72238,1,1.25
27.08.2021 00:41:50.080,0.7224600000000001,0.72238,2.25,1
27.08.2021 00:41:50.131,0.7224600000000001,0.72234,1,3.2
27.08.2021 00:41:50.283,0.7224600000000001,0.72234,1.87,1
27.08.2021 00:41:54.480,0.72244,0.72234,1.5,1
27.08.2021 00:42:02.219,0.72243,0.72234,1,1
27.08.2021 00:42:08.365,0.7224200000000001,0.7223100000000001,1.12,1
27.08.2021 00:42:08.466,0.72238,0.72228,1.5,1.75
27.08.2021 00:42:08.568,0.7223700000000001,0.7222600000000001,1,2.32
27.08.2021 00:42:08.669,0.7223600000000001,0.72224,1.69,1.5
27.08.2021 00:42:08.770,0.72235,0.72223,1,1.5
27.08.2021 00:42:11.534,0.72233,0.72224,1,1
27.08.2021 00:42:11.636,0.72234,0.72222,1,1.87
27.08.2021 00:42:13.101,0.72233,0.72222,2.44,2.62
27.08.2021 00:42:13.152,0.72232,0.72222,1.82,1.87
27.08.2021 00:42:13.254,0.7223,0.72221,1.69,1.5
27.08.2021 00:42:13.305,0.7223,0.7222000000000001,2.89,1
27.08.2021 00:42:13.407,0.72229,0.72219,1,1.5
27.08.2021 00:42:16.275,0.7223100000000001,0.7222000000000001,1.87,1.69
27.08.2021 00:42:16.376,0.7223100000000001,0.72221,1.12,1.5
27.08.2021 00:42:16.478,0.72233,0.72223,2,1.5
27.08.2021 00:42:16.579,0.72234,0.72224,2.75,1
27.08.2021 00:42:16.681,0.72234,0.72224,2.62,1
27.08.2021 00:42:19.458,0.72234,0.72224,3.06,1.5
27.08.2021 00:42:19.560,0.72233,0.72223,2.69,1
27.08.2021 00:42:23.803,0.72233,0.72223,2.06,1
27.08.2021 00:42:23.904,0.72235,0.72223,1.69,1
27.08.2021 00:42:25.831,0.72238,0.72227,2.94,1
27.08.2021 00:42:25.983,0.72238,0.72228,2.06,1
27.08.2021 00:42:26.387,0.7223700000000001,0.72228,1,1
27.08.2021 00:42:31.542,0.7223600000000001,0.7222500000000001,1.25,1.5
27.08.2021 00:42:31.745,0.7223600000000001,0.7222500000000001,1.69,1
27.08.2021 00:42:34.430,0.72234,0.7222500000000001,1,1
27.08.2021 00:42:35.848,0.72233,0.7222500000000001,1,1
27.08.2021 00:42:40.819,0.72235,0.7222500000000001,1.31,1
27.08.2021 00:42:40.972,0.7223600000000001,0.7222600000000001,1.75,1
27.08.2021 00:42:41.074,0.7223600000000001,0.7222600000000001,1,1.5
27.08.2021 00:42:44.077,0.7223700000000001,0.7222600000000001,1,1
27.08.2021 00:42:44.180,0.72238,0.72228,1.5,1.5
27.08.2021 00:42:44.282,0.72238,0.72228,1.25,1.5
27.08.2021 00:42:55.291,0.72238,0.72229,1,1
27.08.2021 00:42:58.706,0.7224,0.7223,2.07,1
27.08.2021 00:42:58.807,0.7224100000000001,0.72229,1.87,1
27.08.2021 00:42:58.908,0.7224,0.7223100000000001,1.87,1
27.08.2021 00:43:02.659,0.72239,0.7223100000000001,1,1
27.08.2021 00:43:02.710,0.72239,0.72229,1,1.5
27.08.2021 00:43:05.583,0.7224200000000001,0.72232,1.5,1.5
27.08.2021 00:43:05.634,0.72243,0.72234,1.69,1
27.08.2021 00:43:12.131,0.72244,0.72234,1.12,1.5
27.08.2021 00:43:12.372,0.72244,0.7223600000000001,1.12,1
27.08.2021 00:43:15.080,0.7224600000000001,0.7223700000000001,1.5,1
27.08.2021 00:43:15.232,0.7224700000000001,0.7223600000000001,1,1
27.08.2021 00:43:15.333,0.72248,0.7223600000000001,1.12,1
27.08.2021 00:43:15.434,0.72248,0.72238,1.87,1.5
27.08.2021 00:43:16.509,0.72249,0.72239,1.12,1.5
27.08.2021 00:43:16.661,0.72252,0.72243,1.5,1
27.08.2021 00:43:16.813,0.72253,0.72243,1.69,1
27.08.2021 00:43:21.793,0.72254,0.7224100000000001,1.5,2.25
27.08.2021 00:43:29.414,0.72253,0.72243,1,1
27.08.2021 00:43:37.369,0.72255,0.72243,3.5,2.87
27.08.2021 00:43:37.470,0.72254,0.72244,2,1
27.08.2021 00:43:37.571,0.72255,0.72243,1.87,1
27.08.2021 00:43:38.764,0.72255,0.72244,1.2,2.25
27.08.2021 00:43:39.122,0.72255,0.72244,1.95,2
27.08.2021 00:43:41.482,0.72255,0.72244,1.5,2.25
27.08.2021 00:43:42.893,0.72254,0.72244,1,1.5
27.08.2021 00:43:44.455,0.72253,0.7224200000000001,2.75,1
27.08.2021 00:43:44.557,0.7225,0.7224100000000001,1,2.51
27.08.2021 00:43:44.961,0.7225,0.7224,1.69,1
27.08.2021 00:43:45.913,0.7225,0.72239,2.06,3
27.08.2021 00:43:47.182,0.72252,0.7224100000000001,3.82,1.5
27.08.2021 00:43:47.284,0.72253,0.7224100000000001,2.19,1.5
27.08.2021 00:43:47.385,0.72253,0.72243,2.25,1
27.08.2021 00:43:52.075,0.72252,0.72243,1.5,1
27.08.2021 00:43:52.126,0.72252,0.7224100000000001,3.56,2.25
27.08.2021 00:43:56.462,0.72253,0.7224200000000001,3.2,1
27.08.2021 00:44:00.890,0.72253,0.72243,1,1.5
27.08.2021 00:44:03.445,0.72255,0.7224200000000001,1.87,2.25
27.08.2021 00:44:08.250,0.72254,0.72244,1,1
27.08.2021 00:44:09.112,0.72257,0.72244,2,3.94
27.08.2021 00:44:09.315,0.7225600000000001,0.7224600000000001,1.12,1.69
27.08.2021 00:44:09.717,0.72257,0.7224600000000001,1.87,1.69
27.08.2021 00:44:14.231,0.72259,0.7224600000000001,2.62,3.94
27.08.2021 00:44:14.333,0.72258,0.72248,1.12,1.5
27.08.2021 00:44:19.106,0.72259,0.72248,2.25,2.25
27.08.2021 00:44:23.936,0.72259,0.72249,1.5,1
27.08.2021 00:44:24.039,0.7226,0.7225,1.12,1
27.08.2021 00:44:24.242,0.7226,0.72249,2.62,1.5
27.08.2021 00:44:28.892,0.7226100000000001,0.7225,3.07,1.5
27.08.2021 00:44:34.422,0.7226300000000001,0.7225100000000001,3.26,1
27.08.2021 00:44:39.171,0.7226300000000001,0.72252,2.7,2.25
27.08.2021 00:44:39.404,0.72264,0.7225100000000001,2.82,2.25
27.08.2021 00:44:39.677,0.7226300000000001,0.72252,2.7,2.25
27.08.2021 00:44:39.778,0.72264,0.72252,2.7,1
27.08.2021 00:44:39.908,0.7226300000000001,0.72252,1.1,1
27.08.2021 00:44:40.266,0.72264,0.72252,2.7,1
27.08.2021 00:44:40.478,0.72262,0.72253,1.1,1
27.08.2021 00:44:40.836,0.7226300000000001,0.72253,3.07,1
27.08.2021 00:44:41.089,0.72262,0.72253,1.2,1
27.08.2021 00:44:41.490,0.7226300000000001,0.72253,3.45,1
27.08.2021 00:44:41.708,0.72262,0.72252,1.57,2.25
27.08.2021 00:44:41.910,0.72264,0.72252,3.07,1
27.08.2021 00:44:42.191,0.72262,0.72253,1.57,1
27.08.2021 00:44:42.350,0.7226300000000001,0.72253,3.45,1
27.08.2021 00:44:42.711,0.72262,0.72253,1.57,1
27.08.2021 00:44:42.924,0.7226300000000001,0.72253,3.45,1
27.08.2021 00:44:43.026,0.72254,0.7224700000000001,1,1
27.08.2021 00:44:43.076,0.72253,0.72244,3.56,1
27.08.2021 00:44:43.178,0.72252,0.72243,1,1
27.08.2021 00:44:43.431,0.72253,0.72243,2.7,1
27.08.2021 00:44:43.810,0.72252,0.72243,1.1,1
27.08.2021 00:44:46.068,0.72253,0.7224100000000001,3.82,1
27.08.2021 00:44:46.118,0.7225,0.7224,3.75,1.25
27.08.2021 00:44:46.321,0.7225,0.72239,4.95,2.44
27.08.2021 00:44:46.422,0.7225,0.72238,1,1.69
27.08.2021 00:44:51.779,0.7225,0.7223700000000001,3.45,2.44
27.08.2021 00:44:53.296,0.7224700000000001,0.7223700000000001,1,1.25
27.08.2021 00:44:53.398,0.7224600000000001,0.7223600000000001,1,1.69
27.08.2021 00:44:53.875,0.72245,0.72234,4.5,2.44
27.08.2021 00:44:53.977,0.72244,0.72234,1,1.69
27.08.2021 00:44:55.454,0.72245,0.7223600000000001,1.95,1
27.08.2021 00:44:55.606,0.72245,0.7223700000000001,1.95,1
27.08.2021 00:44:57.528,0.7224600000000001,0.7223700000000001,1.12,1
27.08.2021 00:45:07.504,0.72248,0.72238,2,1.5
27.08.2021 00:45:07.605,0.72249,0.7223700000000001,1.87,1.5
27.08.2021 00:45:07.858,0.72249,0.72239,2.62,1.5
27.08.2021 00:45:08.009,0.7225,0.7224,1.5,1.5
27.08.2021 00:45:11.969,0.7225,0.7224100000000001,1.12,1
27.08.2021 00:45:14.480,0.7225100000000001,0.7224100000000001,1.87,1
27.08.2021 00:45:24.709,0.7225100000000001,0.7224100000000001,2.37,1
27.08.2021 00:45:24.811,0.72252,0.72239,3.5,1.5
27.08.2021 00:45:26.195,0.7225,0.7224,3.5,1
27.08.2021 00:45:26.579,0.7225,0.72239,4.25,2.44
27.08.2021 00:45:34.145,0.7225,0.72239,2.62,1.69
27.08.2021 00:45:34.347,0.72252,0.72239,3.12,1.69
27.08.2021 00:45:34.449,0.72252,0.7224,1.87,1
27.08.2021 00:45:58.221,0.7225100000000001,0.7224,2.62,1.5
27.08.2021 00:45:59.424,0.7225100000000001,0.7224,2.37,1.5
27.08.2021 00:45:59.858,0.72252,0.72239,3.37,1.5
27.08.2021 00:46:04.001,0.7225,0.72239,3.12,1.5
27.08.2021 00:46:04.254,0.72248,0.72238,1.12,1.25
27.08.2021 00:46:04.356,0.7225,0.72238,1.87,1
27.08.2021 00:46:04.508,0.7225,0.7224,1.5,1
27.08.2021 00:46:04.609,0.7225100000000001,0.72239,1.12,1
27.08.2021 00:46:05.034,0.7225100000000001,0.7224100000000001,2.25,1
27.08.2021 00:46:17.283,0.72252,0.7224100000000001,1.5,1.69
27.08.2021 00:46:19.776,0.7225100000000001,0.7224200000000001,1,1
27.08.2021 00:46:21.524,0.72252,0.7224,3,1
27.08.2021 00:46:21.625,0.7225100000000001,0.7224,2.75,1.5
27.08.2021 00:46:21.777,0.7225100000000001,0.7224,2.62,1.5
27.08.2021 00:46:24.420,0.72252,0.72239,5.37,1.5
27.08.2021 00:46:25.235,0.7225100000000001,0.7224,3.37,1.5
27.08.2021 00:46:28.480,0.7225100000000001,0.7224100000000001,1,1.5
27.08.2021 00:46:30.164,0.72252,0.7224100000000001,1.87,1.5
27.08.2021 00:46:36.016,0.7225100000000001,0.7224100000000001,1,1.5
27.08.2021 00:46:37.278,0.72249,0.7224,2.62,1.5
27.08.2021 00:46:42.360,0.72249,0.72239,1.12,1.5
27.08.2021 00:46:48.936,0.7225100000000001,0.7224100000000001,1,1.5
27.08.2021 00:46:58.320,0.72252,0.7224100000000001,1.87,1.5
27.08.2021 00:46:58.522,0.7225100000000001,0.7224100000000001,3.75,1
27.08.2021 00:47:03.068,0.72252,0.7224100000000001,1,1.5
27.08.2021 00:47:12.834,0.7225100000000001,0.7224100000000001,1.87,1
27.08.2021 00:47:13.834,0.72252,0.7224,2,1
27.08.2021 00:47:19.775,0.7225100000000001,0.7224,5.56,1.5
27.08.2021 00:48:00.240,0.72249,0.72238,1.12,1
27.08.2021 00:48:00.442,0.7225,0.72238,1.5,1.5
27.08.2021 00:48:04.771,0.7224700000000001,0.72238,1,1.5
27.08.2021 00:48:04.873,0.7224600000000001,0.7223700000000001,1,1.12
27.08.2021 00:48:14.278,0.72245,0.72235,1,1
27.08.2021 00:48:32.916,0.7224700000000001,0.72238,1.12,2.44
27.08.2021 00:48:33.018,0.7225100000000001,0.7224100000000001,4.87,1
27.08.2021 00:48:37.634,0.7225,0.7224100000000001,1,1
27.08.2021 00:48:37.736,0.72248,0.72239,1.5,1
27.08.2021 00:48:37.841,0.72248,0.7223600000000001,1,1.87
27.08.2021 00:48:38.478,0.7224600000000001,0.72235,4.12,2.75
27.08.2021 00:48:38.580,0.7224600000000001,0.72235,4.12,2.62
27.08.2021 00:48:40.885,0.7224600000000001,0.7223600000000001,1,1.5
27.08.2021 00:48:40.936,0.72249,0.72239,2.45,1
27.08.2021 00:48:41.037,0.72249,0.7224,1.5,1
27.08.2021 00:48:41.153,0.7225,0.72239,1,1
27.08.2021 00:48:41.358,0.7225100000000001,0.72239,1.5,1
27.08.2021 00:48:45.716,0.72249,0.7224,1,1
27.08.2021 00:49:03.145,0.7225100000000001,0.7224200000000001,1.12,1
27.08.2021 00:49:03.363,0.72253,0.7224100000000001,1,1
27.08.2021 00:49:05.774,0.7225100000000001,0.7224,4.5,1.87
27.08.2021 00:49:06.080,0.7225,0.7224,1,1.5
27.08.2021 00:49:06.446,0.72248,0.72239,1.87,1
27.08.2021 00:49:07.486,0.72249,0.7224,2,1
27.08.2021 00:49:07.655,0.72249,0.7224,1.87,1
27.08.2021 00:49:11.213,0.72248,0.72239,3,1
27.08.2021 00:49:11.466,0.72248,0.72238,3.56,1
27.08.2021 00:49:12.072,0.72248,0.72238,5.19,1
27.08.2021 00:49:13.510,0.72249,0.7223700000000001,3.94,1
27.08.2021 00:49:25.551,0.72249,0.72239,2.06,1
27.08.2021 00:49:26.201,0.7225,0.7224100000000001,1,1
27.08.2021 00:49:26.890,0.72252,0.7224,1,1
27.08.2021 00:49:30.361,0.7225100000000001,0.7224200000000001,1,1
27.08.2021 00:49:35.925,0.72255,0.72243,2.62,1
27.08.2021 00:49:39.937,0.72253,0.72244,2.06,1
27.08.2021 00:49:40.038,0.72252,0.72243,1,1
27.08.2021 00:49:43.891,0.72252,0.7224200000000001,1.5,1
27.08.2021 00:49:49.625,0.72255,0.7224200000000001,3.5,1.5
27.08.2021 00:49:49.777,0.72255,0.7224200000000001,3,1.5
27.08.2021 00:49:50.996,0.72254,0.7224200000000001,1,1.5
27.08.2021 00:49:57.451,0.72254,0.72243,1.5,4.31
27.08.2021 00:49:57.553,0.72254,0.72244,1.5,1
27.08.2021 00:49:59.880,0.7225600000000001,0.7224700000000001,1,1.69
27.08.2021 00:49:59.932,0.72259,0.7224700000000001,1,1.5
27.08.2021 00:50:00.034,0.72259,0.72249,2.82,1.5
27.08.2021 00:50:00.135,0.72259,0.72249,1,1.5
27.08.2021 00:50:00.236,0.7226,0.7225,1.95,1
27.08.2021 00:50:00.337,0.72262,0.72252,1.25,1
27.08.2021 00:50:00.439,0.72264,0.72254,2.07,1
27.08.2021 00:50:00.489,0.72265,0.72253,1.76,1
27.08.2021 00:50:01.297,0.72265,0.72255,1.57,1
27.08.2021 00:50:02.909,0.72262,0.7225,1.25,1.69
27.08.2021 00:50:03.011,0.7226100000000001,0.72249,1.25,3.82
27.08.2021 00:50:03.532,0.7226100000000001,0.7225,2.44,1.5
27.08.2021 00:50:03.633,0.72262,0.72252,1.12,1
27.08.2021 00:50:03.735,0.72262,0.72253,1,1.5
27.08.2021 00:50:04.952,0.7226300000000001,0.72254,1,1
27.08.2021 00:50:05.089,0.7226300000000001,0.72255,1,1
27.08.2021 00:50:05.190,0.7226300000000001,0.72254,1,1.5
27.08.2021 00:50:07.815,0.72265,0.72254,2.25,1.5
27.08.2021 00:50:08.019,0.72265,0.72255,1.5,1
27.08.2021 00:50:08.437,0.72267,0.72257,2,1
27.08.2021 00:50:08.538,0.72267,0.72258,1,1
27.08.2021 00:50:12.890,0.7226800000000001,0.72258,1.5,1
27.08.2021 00:50:14.131,0.7226800000000001,0.72259,1,1
27.08.2021 00:50:30.639,0.72267,0.72259,1,1
27.08.2021 00:50:30.842,0.7226800000000001,0.72259,1,1
27.08.2021 00:50:42.370,0.7226600000000001,0.7225600000000001,3.19,1.5
27.08.2021 00:50:42.522,0.7226600000000001,0.7225600000000001,1,1.5
27.08.2021 00:50:42.623,0.72267,0.7225600000000001,2.62,1.5
27.08.2021 00:50:51.670,0.7226600000000001,0.72255,1,2.81
27.08.2021 00:50:55.230,0.72265,0.72255,1,1.5
27.08.2021 00:51:07.284,0.7226600000000001,0.72255,2.62,1.5
27.08.2021 00:51:07.385,0.72267,0.7225600000000001,1.5,1.5
27.08.2021 00:51:07.486,0.72267,0.7225600000000001,1,2.25
27.08.2021 00:51:12.361,0.72267,0.72257,1,1
27.08.2021 00:51:13.062,0.7226800000000001,0.72257,1,1
27.08.2021 00:51:19.497,0.72267,0.72257,1,1.5
27.08.2021 00:51:26.685,0.72267,0.72258,1,1
27.08.2021 00:51:31.964,0.7226800000000001,0.72258,1,1.5
27.08.2021 00:51:34.419,0.7226800000000001,0.72259,1,1
27.08.2021 00:51:41.577,0.7226899999999999,0.7226,1,1
27.08.2021 00:51:47.389,0.7227300000000001,0.7226300000000001,3.5,1
27.08.2021 00:51:47.440,0.7227300000000001,0.7226300000000001,1.31,1.5
27.08.2021 00:51:47.542,0.7227300000000001,0.72265,1,1
27.08.2021 00:51:47.643,0.72274,0.72264,1,1.5
27.08.2021 00:51:51.115,0.72274,0.72265,1,1
27.08.2021 00:51:52.924,0.72274,0.72264,1,1.5
27.08.2021 00:51:56.340,0.72274,0.72265,1,1
27.08.2021 00:52:00.221,0.72275,0.72265,1,1.5
27.08.2021 00:52:00.322,0.7227600000000001,0.72267,1,1
27.08.2021 00:52:00.524,0.72277,0.72267,1,1
27.08.2021 00:52:09.109,0.72275,0.7226600000000001,1,1.5
27.08.2021 00:52:19.164,0.7227600000000001,0.7226600000000001,5.25,1
27.08.2021 00:52:25.433,0.72274,0.7226600000000001,1,1.5
27.08.2021 00:52:31.858,0.72275,0.7226600000000001,1.5,1
27.08.2021 00:52:32.461,0.72274,0.7226600000000001,1,1
27.08.2021 00:52:34.680,0.7227100000000001,0.7226100000000001,1,1.5
27.08.2021 00:52:34.832,0.7227,0.7226100000000001,1,1
27.08.2021 00:52:37.013,0.7226899999999999,0.7226100000000001,1,1
27.08.2021 00:52:37.242,0.7226899999999999,0.7226,1,1
27.08.2021 00:52:43.380,0.7227,0.7226,1.5,1
27.08.2021 00:52:45.227,0.7227100000000001,0.72262,1.12,1
27.08.2021 00:52:45.329,0.72272,0.7226300000000001,2,1
27.08.2021 00:52:45.430,0.72272,0.7226300000000001,1,1
27.08.2021 00:52:50.547,0.7227100000000001,0.7226100000000001,3,1
27.08.2021 00:52:50.648,0.7227100000000001,0.72259,1,1.5
27.08.2021 00:52:50.750,0.7227,0.7226100000000001,1,1
27.08.2021 00:52:50.851,0.72272,0.72262,2,1.1
27.08.2021 00:52:50.952,0.7227300000000001,0.72264,1,1
27.08.2021 00:52:51.653,0.72274,0.72262,1,1.5
27.08.2021 00:52:54.180,0.7227300000000001,0.72264,1,1
27.08.2021 00:53:00.854,0.72272,0.72264,1.69,1
27.08.2021 00:53:03.956,0.7227,0.72259,1.5,8.1
27.08.2021 00:53:04.058,0.7226800000000001,0.72259,1,1.5
27.08.2021 00:53:04.159,0.7226800000000001,0.72259,1,1
27.08.2021 00:53:06.085,0.7226600000000001,0.72258,1,1
27.08.2021 00:53:06.237,0.72267,0.72258,1,1.5
27.08.2021 00:53:06.351,0.72267,0.72259,1,1
27.08.2021 00:53:08.345,0.72267,0.72258,1,1.5
27.08.2021 00:53:08.599,0.72267,0.72259,1,1
27.08.2021 00:53:10.270,0.7226899999999999,0.72259,3.94,1
27.08.2021 00:53:10.559,0.7226800000000001,0.72259,1.25,1
27.08.2021 00:53:10.660,0.7226800000000001,0.72258,1.25,1.5
27.08.2021 00:53:11.446,0.7226899999999999,0.72258,4.69,1.5
27.08.2021 00:53:13.048,0.7227,0.72258,3.56,1
27.08.2021 00:53:13.149,0.72267,0.72258,1,1
27.08.2021 00:53:13.250,0.72267,0.72257,1,1.5
27.08.2021 00:53:14.745,0.72267,0.72258,1,1
27.08.2021 00:53:15.279,0.7226899999999999,0.72258,3,1
27.08.2021 00:53:16.117,0.7226800000000001,0.72258,1,1
27.08.2021 00:53:17.016,0.7227,0.72259,1,1
27.08.2021 00:53:17.118,0.7227100000000001,0.7226100000000001,1,1
27.08.2021 00:53:20.141,0.72272,0.72262,1,1
27.08.2021 00:53:26.914,0.72272,0.7226300000000001,1,1
27.08.2021 00:53:32.528,0.7227300000000001,0.72264,1,1
27.08.2021 00:53:34.919,0.72274,0.72264,1,1
27.08.2021 00:53:35.134,0.7227600000000001,0.72264,2.25,1
27.08.2021 00:53:35.237,0.72275,0.7226600000000001,2.44,1
27.08.2021 00:53:35.593,0.72275,0.72265,2.44,1.5
27.08.2021 00:53:38.137,0.7227600000000001,0.72267,1.12,2.51
27.08.2021 00:53:38.239,0.7227800000000001,0.7227,1,1
27.08.2021 00:53:38.390,0.7228,0.7227,2.62,1
27.08.2021 00:53:39.929,0.7228100000000001,0.7227300000000001,1,1
27.08.2021 00:53:40.030,0.72284,0.72272,2.25,1
27.08.2021 00:53:40.958,0.72282,0.7227300000000001,1,1
27.08.2021 00:53:48.338,0.72284,0.72272,1,1
27.08.2021 00:53:49.997,0.7228300000000001,0.72274,1,1.5
27.08.2021 00:53:51.361,0.72284,0.72274,1,1
27.08.2021 00:53:52.768,0.7228300000000001,0.72274,1,1.5
27.08.2021 00:53:57.263,0.72284,0.72275,1,1
27.08.2021 00:54:00.397,0.72284,0.72274,1.5,1
27.08.2021 00:54:08.165,0.72285,0.72275,1,1
27.08.2021 00:54:08.267,0.72287,0.72275,5.25,1
27.08.2021 00:54:08.470,0.7228600000000001,0.7227600000000001,2.62,1.75
27.08.2021 00:54:08.774,0.72289,0.72277,1.5,1
27.08.2021 00:54:09.653,0.72289,0.7227800000000001,1,1
27.08.2021 00:54:10.964,0.72291,0.7228,1.12,1
27.08.2021 00:54:13.622,0.7229,0.7228,2.25,1
27.08.2021 00:54:14.027,0.7229,0.7228,2.37,1
27.08.2021 00:54:14.455,0.7229,0.7228,2.62,1
27.08.2021 00:54:14.667,0.72291,0.72279,2.37,1
27.08.2021 00:54:15.069,0.7229,0.7228,2.62,1
27.08.2021 00:54:15.221,0.7228800000000001,0.7228,2.62,1
27.08.2021 00:54:15.323,0.72284,0.72275,1.5,1
27.08.2021 00:54:15.424,0.72285,0.7227300000000001,3.19,1.5
27.08.2021 00:54:15.476,0.72284,0.72275,1,1.75
27.08.2021 00:54:15.578,0.72287,0.7227600000000001,1,1
27.08.2021 00:54:18.544,0.7228800000000001,0.7227600000000001,1.12,1
27.08.2021 00:54:21.382,0.7228800000000001,0.7227800000000001,1.62,1
27.08.2021 00:54:21.483,0.7228600000000001,0.7227800000000001,1,1
27.08.2021 00:54:26.258,0.7228600000000001,0.72277,1,1
27.08.2021 00:54:27.469,0.72284,0.72275,1,1
27.08.2021 00:54:27.571,0.72284,0.72274,1,1
27.08.2021 00:54:30.287,0.7228,0.7227100000000001,1.5,1.12
27.08.2021 00:54:30.388,0.72279,0.7226899999999999,1,1
27.08.2021 00:54:30.490,0.72277,0.7226800000000001,2.62,1
27.08.2021 00:54:30.693,0.72277,0.72267,2.25,1
27.08.2021 00:54:30.856,0.7227800000000001,0.72267,2.25,3.19
27.08.2021 00:54:30.907,0.72279,0.7226899999999999,2.25,1
27.08.2021 00:54:31.008,0.7228,0.7226899999999999,1,1.5
27.08.2021 00:54:31.110,0.7228100000000001,0.7227,2.62,1.5
27.08.2021 00:54:31.364,0.7228,0.7227,1,1
27.08.2021 00:54:32.822,0.7228,0.7226800000000001,5.25,1.5
27.08.2021 00:54:32.923,0.72279,0.7226800000000001,1.5,1
27.08.2021 00:54:33.454,0.7227600000000001,0.72267,1.5,1
27.08.2021 00:54:33.505,0.7227600000000001,0.72265,3,1.69
27.08.2021 00:54:33.606,0.72275,0.72265,2.62,1
27.08.2021 00:54:33.860,0.72277,0.72265,1,1.5
27.08.2021 00:54:34.012,0.72277,0.7226600000000001,5.62,1.5
27.08.2021 00:54:34.063,0.72275,0.72264,1.5,1.5
27.08.2021 00:54:34.218,0.7227600000000001,0.72265,1.87,1.5
27.08.2021 00:54:34.421,0.72277,0.7226600000000001,1.12,1.5
27.08.2021 00:54:34.522,0.7227800000000001,0.7226600000000001,1,1
27.08.2021 00:54:34.623,0.72277,0.7226600000000001,1,1.69
27.08.2021 00:54:34.775,0.72279,0.7226800000000001,2.81,1
27.08.2021 00:54:35.558,0.7228,0.7226800000000001,1,1
27.08.2021 00:54:35.998,0.7227800000000001,0.7226899999999999,4.37,1.5
27.08.2021 00:54:36.099,0.7227800000000001,0.7226800000000001,1,1
27.08.2021 00:54:36.200,0.7227800000000001,0.72267,1.57,1.5
27.08.2021 00:54:36.302,0.72275,0.72267,1,1
27.08.2021 00:54:37.526,0.72275,0.7226600000000001,1,1.25
27.08.2021 00:54:37.627,0.72275,0.72267,1,1
27.08.2021 00:54:37.924,0.72274,0.72267,1,1
27.08.2021 00:54:38.025,0.72275,0.72267,1,1
27.08.2021 00:54:42.046,0.72274,0.72265,2.62,1
27.08.2021 00:54:42.147,0.7227,0.7226300000000001,1,1.12
27.08.2021 00:54:42.602,0.7227100000000001,0.7226300000000001,1,1
27.08.2021 00:54:42.926,0.7227100000000001,0.72264,1,1
27.08.2021 00:54:43.342,0.7226800000000001,0.7226100000000001,1,1
27.08.2021 00:54:43.911,0.7227,0.7226100000000001,1,1
27.08.2021 00:54:43.962,0.72267,0.72259,1,1
27.08.2021 00:54:45.405,0.72264,0.72255,1.5,2.25
27.08.2021 00:54:45.506,0.72262,0.72254,1,1
27.08.2021 00:54:45.658,0.72264,0.72255,1,1
27.08.2021 00:54:47.789,0.72265,0.72257,1,1
27.08.2021 00:54:47.891,0.7226600000000001,0.72258,1,1
27.08.2021 00:54:47.992,0.72267,0.72258,1,1
27.08.2021 00:54:48.144,0.7226600000000001,0.72258,1,1
27.08.2021 00:54:48.195,0.72265,0.72254,2.44,1
27.08.2021 00:54:48.246,0.7226100000000001,0.72252,1,1
27.08.2021 00:54:49.836,0.72259,0.72252,1,1
27.08.2021 00:54:50.858,0.7226100000000001,0.72254,1,1
27.08.2021 00:54:50.959,0.72264,0.7225600000000001,7.05,1
27.08.2021 00:54:51.061,0.72265,0.72257,1,1
27.08.2021 00:54:51.502,0.7226300000000001,0.72255,1,1
27.08.2021 00:54:51.604,0.72259,0.72252,1,1.5
27.08.2021 00:54:51.705,0.7226,0.72252,1,1
27.08.2021 00:54:51.857,0.7226100000000001,0.72253,1,1
27.08.2021 00:54:51.958,0.7226300000000001,0.7225600000000001,1,1
27.08.2021 00:54:52.060,0.72265,0.7225600000000001,1,1
27.08.2021 00:54:52.262,0.72265,0.72255,1,1
27.08.2021 00:54:52.517,0.72265,0.72257,1,1
27.08.2021 00:54:53.093,0.72264,0.7225600000000001,1,1
27.08.2021 00:54:53.679,0.72262,0.72254,1,1
27.08.2021 00:54:54.646,0.72262,0.72253,1,1.5
27.08.2021 00:54:54.849,0.72259,0.7225,1.12,1.12
27.08.2021 00:54:54.951,0.72257,0.72249,1,1
27.08.2021 00:54:55.053,0.72259,0.7225,1,1
27.08.2021 00:54:55.104,0.7226,0.7225100000000001,1.5,1
27.08.2021 00:54:57.326,0.7225600000000001,0.7224700000000001,1.25,1
27.08.2021 00:54:57.377,0.72254,0.72243,1.87,1
27.08.2021 00:54:57.478,0.7225600000000001,0.72245,1,1
27.08.2021 00:54:57.630,0.72255,0.7224700000000001,1,1
27.08.2021 00:54:59.341,0.72254,0.7224700000000001,1,1
27.08.2021 00:54:59.392,0.72253,0.72243,1,1
27.08.2021 00:54:59.745,0.72253,0.72244,1,1.69
27.08.2021 00:54:59.846,0.72254,0.72245,1,1
27.08.2021 00:55:00.049,0.72255,0.7224700000000001,1,1
27.08.2021 00:55:00.150,0.72252,0.7224200000000001,2.19,1.1
27.08.2021 00:55:00.252,0.72252,0.72245,1,1
27.08.2021 00:55:00.345,0.72254,0.72245,1,1.25
27.08.2021 00:55:00.447,0.72253,0.72245,1,1
27.08.2021 00:55:00.801,0.72254,0.72245,1,1
27.08.2021 00:55:00.902,0.72253,0.72244,4,1
27.08.2021 00:55:01.005,0.7224700000000001,0.7224,1,1.57
27.08.2021 00:55:01.107,0.72248,0.72239,1,1
27.08.2021 00:55:01.208,0.7225,0.7224100000000001,1,1
27.08.2021 00:55:01.310,0.72254,0.72243,1.5,1
27.08.2021 00:55:01.411,0.72254,0.72243,1,1
27.08.2021 00:55:01.512,0.72254,0.72245,1,1.25
27.08.2021 00:55:02.182,0.72255,0.72245,1,1
27.08.2021 00:55:02.487,0.7225600000000001,0.7224700000000001,1,1
27.08.2021 00:55:09.391,0.72257,0.7224700000000001,1.5,1
27.08.2021 00:55:10.916,0.72257,0.72248,1.95,1
27.08.2021 00:55:11.017,0.7225600000000001,0.7224700000000001,1,1
27.08.2021 00:55:11.169,0.7225600000000001,0.72244,1.25,1
27.08.2021 00:55:11.271,0.72254,0.72245,1,1
27.08.2021 00:55:11.372,0.72255,0.72245,1,1.5
27.08.2021 00:55:11.422,0.72255,0.7224700000000001,1,1
27.08.2021 00:55:11.524,0.72255,0.72245,1.25,1.5
27.08.2021 00:55:11.575,0.72254,0.72243,1,1.5
27.08.2021 00:55:11.676,0.72253,0.72245,1,1
27.08.2021 00:55:11.891,0.72253,0.72244,1,1.5
27.08.2021 00:55:14.995,0.72253,0.72243,1,1.1
27.08.2021 00:55:16.409,0.72253,0.7224200000000001,2.25,1.57
27.08.2021 00:55:16.510,0.72252,0.7224,1,1.12
27.08.2021 00:55:17.198,0.72249,0.72239,1.5,1.1
