Gmt time,Ask,Bid,AskVolume,BidVolume
12.08.2021 00:00:00.083,0.73712,0.737,1,4.25
12.08.2021 00:00:00.184,0.7371000000000001,0.737,1,4.25
12.08.2021 00:00:00.336,0.7371300000000001,0.73699,1,4.25
12.08.2021 00:00:00.437,0.7371300000000001,0.737,3.64,4.25
12.08.2021 00:00:01.429,0.7371300000000001,0.73699,1,3.69
12.08.2021 00:00:13.697,0.7371300000000001,0.73699,1.25,3.37
12.08.2021 00:00:13.748,0.73711,0.737,1.75,3.37
12.08.2021 00:00:13.851,0.73709,0.7369800000000001,1.76,1.62
12.08.2021 00:00:13.901,0.73709,0.7369800000000001,2.14,1
12.08.2021 00:00:14.003,0.73709,0.73697,1.87,1
12.08.2021 00:00:15.218,0.7371000000000001,0.73697,2.14,1.12
12.08.2021 00:00:15.490,0.7370800000000001,0.7369600000000001,1,4.7
12.08.2021 00:00:15.591,0.7371000000000001,0.7369800000000001,1.5,3.94
12.08.2021 00:00:15.692,0.73709,0.73697,1.31,1.5
12.08.2021 00:00:17.714,0.7371000000000001,0.7369800000000001,1.87,6
12.08.2021 00:00:17.815,0.7371000000000001,0.73699,1,1.12
12.08.2021 00:00:18.250,0.73711,0.73699,1.69,1.87
12.08.2021 00:00:19.123,0.73712,0.73699,1.25,1.87
12.08.2021 00:00:21.345,0.73712,0.73701,1.25,2.25
12.08.2021 00:00:26.824,0.7371300000000001,0.73701,3.56,1.25
12.08.2021 00:00:31.555,0.7371300000000001,0.73702,1,2.06
12.08.2021 00:00:32.106,0.73714,0.73702,1.01,1.87
12.08.2021 00:00:36.090,0.7371500000000001,0.7370300000000001,1.76,1
12.08.2021 00:00:36.484,0.73714,0.7370300000000001,1.76,1
12.08.2021 00:00:50.964,0.7371500000000001,0.7370300000000001,1,1
12.08.2021 00:00:51.168,0.7371500000000001,0.73705,1,1
12.08.2021 00:00:51.270,0.73716,0.73706,1.57,1
12.08.2021 00:00:51.929,0.73716,0.73707,1.1,1
12.08.2021 00:00:52.031,0.73722,0.7371000000000001,3.56,1
12.08.2021 00:00:52.436,0.73722,0.73712,2.44,1
12.08.2021 00:00:59.777,0.73723,0.7371300000000001,2.25,1
12.08.2021 00:00:59.991,0.73724,0.73714,1.69,1
12.08.2021 00:01:01.164,0.73727,0.7371500000000001,2.7,1
12.08.2021 00:01:01.518,0.73727,0.73717,1,1.25
12.08.2021 00:01:01.620,0.73727,0.73717,1,2.31
12.08.2021 00:01:01.721,0.73727,0.73717,1,2.06
12.08.2021 00:01:05.639,0.73727,0.7371800000000001,1,1
12.08.2021 00:01:08.218,0.73729,0.73719,1.5,1
12.08.2021 00:01:08.370,0.73729,0.7372000000000001,1.5,1
12.08.2021 00:01:12.493,0.73729,0.73719,1.5,1.5
12.08.2021 00:01:18.669,0.7373000000000001,0.73721,1,1
12.08.2021 00:01:19.131,0.73731,0.73721,1.1,1.5
12.08.2021 00:01:19.238,0.73732,0.73721,1.1,1
12.08.2021 00:01:19.533,0.73731,0.73721,1.2,1
12.08.2021 00:01:33.070,0.73728,0.73719,1,1
12.08.2021 00:01:33.122,0.73727,0.73717,1,3.69
12.08.2021 00:01:33.278,0.73727,0.73717,1,1.69
12.08.2021 00:01:38.144,0.73728,0.7371800000000001,1,2.44
12.08.2021 00:01:43.747,0.73728,0.73719,1,1
12.08.2021 00:01:43.848,0.73729,0.73719,1,2.25
12.08.2021 00:01:46.283,0.73729,0.7371800000000001,1,1.87
12.08.2021 00:01:50.425,0.73727,0.73717,1,2.44
12.08.2021 00:01:50.671,0.73729,0.73716,1,2.81
12.08.2021 00:01:50.772,0.73728,0.7371500000000001,1,2.19
12.08.2021 00:01:50.924,0.73727,0.73716,1,2.44
12.08.2021 00:01:51.613,0.73727,0.73716,1,3.62
12.08.2021 00:01:52.107,0.73727,0.73717,1,1.94
12.08.2021 00:01:52.208,0.73727,0.73717,1,2.44
12.08.2021 00:02:06.392,0.73727,0.73716,1,2.51
12.08.2021 00:02:06.493,0.73726,0.73716,1,1.25
12.08.2021 00:02:06.746,0.73726,0.73716,1,1.94
12.08.2021 00:02:18.291,0.7372000000000001,0.7371300000000001,1.25,1
12.08.2021 00:02:18.394,0.73716,0.73706,1,2.94
12.08.2021 00:02:18.496,0.73717,0.73705,1,1.69
12.08.2021 00:02:19.053,0.73716,0.73705,1,1.25
12.08.2021 00:02:19.306,0.7371500000000001,0.73705,1,2.06
12.08.2021 00:02:19.458,0.73716,0.73705,1,3.94
12.08.2021 00:02:19.660,0.7371500000000001,0.73705,1,2.44
12.08.2021 00:02:19.761,0.73717,0.73704,1,2.81
12.08.2021 00:02:20.172,0.73716,0.73705,1,7.56
12.08.2021 00:02:25.615,0.73717,0.73706,1.5,1.69
12.08.2021 00:02:25.716,0.73716,0.73706,1,3.06
12.08.2021 00:02:27.371,0.73717,0.73707,1.5,1.25
12.08.2021 00:02:31.968,0.73717,0.7370800000000001,1.5,2.44
12.08.2021 00:02:32.322,0.73717,0.73709,1,3.25
12.08.2021 00:02:32.373,0.73721,0.73711,1.5,1.69
12.08.2021 00:02:32.474,0.73721,0.73711,1.5,2.69
12.08.2021 00:02:33.405,0.73722,0.7371000000000001,1.5,2.06
12.08.2021 00:02:36.238,0.73721,0.73712,1,1
12.08.2021 00:02:44.476,0.73722,0.73711,1,1.75
12.08.2021 00:02:52.121,0.73721,0.73712,1,1.5
12.08.2021 00:03:06.291,0.73722,0.73712,1.5,1.5
12.08.2021 00:03:07.366,0.7371800000000001,0.7370800000000001,1.5,3.07
12.08.2021 00:03:07.568,0.73719,0.7370800000000001,1.5,1.75
12.08.2021 00:03:07.670,0.73721,0.73711,1,1.69
12.08.2021 00:03:08.292,0.73721,0.7371000000000001,1,1.25
12.08.2021 00:03:08.595,0.73721,0.73711,1,1.69
12.08.2021 00:03:09.762,0.7372000000000001,0.7371000000000001,1,1
12.08.2021 00:03:12.536,0.7372000000000001,0.73711,1,1.01
12.08.2021 00:03:12.639,0.73721,0.73711,1.12,2.14
12.08.2021 00:03:12.741,0.73722,0.73711,1.5,1.95
12.08.2021 00:03:13.420,0.73722,0.73712,1.87,1
12.08.2021 00:03:35.955,0.73721,0.73711,1,1.12
12.08.2021 00:03:36.057,0.73721,0.73709,1,1
12.08.2021 00:03:36.259,0.73721,0.73711,1.12,1
12.08.2021 00:03:36.865,0.73721,0.73712,1,1
12.08.2021 00:03:36.917,0.73723,0.73712,1.95,1.5
12.08.2021 00:03:38.197,0.73723,0.7371300000000001,1.95,1
12.08.2021 00:03:39.027,0.73722,0.73712,1,1.69
12.08.2021 00:03:46.144,0.73723,0.7371500000000001,1,1.69
12.08.2021 00:03:46.246,0.73726,0.73717,1.87,3.26
12.08.2021 00:03:46.398,0.73727,0.73717,1,3.71
12.08.2021 00:03:46.767,0.73727,0.7371800000000001,1,1.25
12.08.2021 00:03:55.701,0.73727,0.73717,1.5,1.69
12.08.2021 00:03:57.602,0.7372500000000001,0.73717,1,1
12.08.2021 00:03:57.653,0.7372500000000001,0.73714,2.25,3.09
12.08.2021 00:03:57.754,0.73723,0.73712,1,1.81
12.08.2021 00:03:57.805,0.73722,0.7371300000000001,1,1
12.08.2021 00:04:02.243,0.73722,0.73712,1,1.76
12.08.2021 00:04:02.634,0.73722,0.7371000000000001,1.1,1
12.08.2021 00:04:02.685,0.73719,0.73711,1,1
12.08.2021 00:04:02.787,0.73719,0.7371000000000001,1,1.12
12.08.2021 00:04:02.990,0.73719,0.7371000000000001,1,2.5
12.08.2021 00:04:03.042,0.73723,0.73712,2.25,1
12.08.2021 00:04:04.870,0.73721,0.73712,1,2.14
12.08.2021 00:04:07.647,0.73722,0.7371000000000001,1,2.89
12.08.2021 00:04:07.697,0.73722,0.7371300000000001,1,1
12.08.2021 00:04:07.799,0.7372000000000001,0.73712,1,1
12.08.2021 00:04:08.010,0.73719,0.7371000000000001,1,3.39
12.08.2021 00:04:08.111,0.73719,0.7371000000000001,1,1
12.08.2021 00:04:08.567,0.7372000000000001,0.7370800000000001,1.5,2.14
12.08.2021 00:04:08.668,0.7371800000000001,0.73709,1,2.14
12.08.2021 00:04:10.787,0.73717,0.73709,1,1.76
12.08.2021 00:04:14.325,0.7371500000000001,0.73707,1,1.12
12.08.2021 00:04:14.628,0.7371500000000001,0.73706,1,2.06
12.08.2021 00:04:14.831,0.73714,0.73706,1,1.69
12.08.2021 00:04:14.882,0.73717,0.73707,1.12,1.5
12.08.2021 00:04:18.240,0.73716,0.73706,1,1.5
12.08.2021 00:04:21.575,0.7371500000000001,0.7370800000000001,1,1.25
12.08.2021 00:04:23.636,0.73716,0.7370800000000001,1,2.69
12.08.2021 00:04:24.966,0.73717,0.73707,1,2.14
12.08.2021 00:04:25.890,0.73716,0.73707,1,1.76
12.08.2021 00:04:34.653,0.73717,0.7370800000000001,1,1.76
12.08.2021 00:04:34.991,0.73717,0.7370800000000001,1,3.51
12.08.2021 00:04:35.646,0.73719,0.7371000000000001,1,2.01
12.08.2021 00:04:35.747,0.7372000000000001,0.73711,1,1.76
12.08.2021 00:04:36.678,0.7372000000000001,0.73712,1,1
12.08.2021 00:04:39.283,0.73719,0.7370800000000001,1,3.57
12.08.2021 00:04:39.384,0.7371800000000001,0.73709,1.5,2.14
12.08.2021 00:04:39.486,0.73719,0.7370800000000001,1,2.69
12.08.2021 00:04:39.638,0.73719,0.7371000000000001,1,1.25
12.08.2021 00:04:39.739,0.73719,0.7371000000000001,1,1.94
12.08.2021 00:04:40.256,0.73721,0.73712,1,1.25
12.08.2021 00:04:40.852,0.73722,0.7371300000000001,1,1.25
12.08.2021 00:04:45.952,0.73723,0.7371300000000001,1.5,1.25
12.08.2021 00:04:46.053,0.7372500000000001,0.7371300000000001,1.5,1.94
12.08.2021 00:04:46.205,0.7372500000000001,0.7371500000000001,1.5,1.25
12.08.2021 00:04:46.307,0.73726,0.73717,1.12,1.25
12.08.2021 00:04:46.408,0.73727,0.73716,1,1.94
12.08.2021 00:04:46.509,0.73726,0.73717,1,1.25
12.08.2021 00:04:47.034,0.73727,0.73716,1,1.94
12.08.2021 00:04:47.786,0.73727,0.7371800000000001,1,1.25
12.08.2021 00:04:58.737,0.73726,0.73717,1,1.25
12.08.2021 00:05:00.273,0.73726,0.73717,1,3.44
12.08.2021 00:05:00.756,0.73727,0.73716,1,1.25
12.08.2021 00:05:01.774,0.73726,0.7371800000000001,1,1.69
12.08.2021 00:05:02.544,0.73727,0.7371800000000001,1,1.25
12.08.2021 00:05:03.497,0.73727,0.73717,1,2.62
12.08.2021 00:05:15.991,0.73728,0.73716,1.5,2.69
12.08.2021 00:05:16.325,0.73728,0.73716,1,1.69
12.08.2021 00:05:17.966,0.73728,0.73719,1,1.25
12.08.2021 00:05:18.017,0.7373000000000001,0.73719,1,2.69
12.08.2021 00:05:18.118,0.73731,0.73721,2.75,1.25
12.08.2021 00:05:18.220,0.73731,0.73721,1,3.44
12.08.2021 00:05:18.824,0.73732,0.73723,2.25,1.25
12.08.2021 00:05:20.160,0.73732,0.73722,1.5,1.69
12.08.2021 00:05:20.261,0.73731,0.73722,1,1.25
12.08.2021 00:05:20.413,0.73733,0.73721,1.5,1.25
12.08.2021 00:05:21.753,0.73731,0.73722,1.5,1
12.08.2021 00:05:21.855,0.7373000000000001,0.73721,1,1.25
12.08.2021 00:05:22.007,0.73729,0.73721,1.5,1
12.08.2021 00:05:22.108,0.73729,0.7371800000000001,1.5,1
12.08.2021 00:05:23.084,0.73728,0.73717,1.5,2.44
12.08.2021 00:05:35.151,0.73727,0.73717,1,2.44
12.08.2021 00:05:40.509,0.73727,0.73717,1,2.69
12.08.2021 00:05:49.505,0.73728,0.7372000000000001,1,1.25
12.08.2021 00:05:49.606,0.73729,0.7372000000000001,1.5,1.25
12.08.2021 00:05:49.708,0.7373000000000001,0.7372000000000001,1.5,1.69
12.08.2021 00:05:51.565,0.73731,0.7372000000000001,1.5,1.25
12.08.2021 00:05:51.666,0.73731,0.73721,1,1.69
12.08.2021 00:05:51.818,0.73732,0.73722,2.32,1.25
12.08.2021 00:05:56.567,0.73729,0.73721,1,1
12.08.2021 00:05:56.668,0.73729,0.73719,1.5,1.5
12.08.2021 00:05:56.770,0.73729,0.73719,1.5,1
12.08.2021 00:05:57.319,0.73728,0.7371800000000001,1,1.69
12.08.2021 00:06:01.345,0.73729,0.73719,3,1
12.08.2021 00:06:02.444,0.73729,0.7372000000000001,1,1
12.08.2021 00:06:02.545,0.7373000000000001,0.7372000000000001,2.25,1
12.08.2021 00:06:02.647,0.73731,0.7372000000000001,1.5,1
12.08.2021 00:06:05.913,0.73731,0.73722,1.5,1
12.08.2021 00:06:06.015,0.73732,0.73722,1.5,1
12.08.2021 00:06:06.432,0.73733,0.73722,1,1
12.08.2021 00:06:34.358,0.73732,0.73722,1.2,2.25
12.08.2021 00:06:39.240,0.73732,0.73723,1.1,1
12.08.2021 00:06:48.060,0.73733,0.73723,2.25,1
12.08.2021 00:06:54.762,0.73733,0.73723,3.57,1
12.08.2021 00:06:54.863,0.73733,0.73722,3.57,1.5
12.08.2021 00:06:55.690,0.73733,0.73722,3.07,1.5
12.08.2021 00:06:55.891,0.73733,0.73723,3.07,1
12.08.2021 00:06:56.758,0.7373000000000001,0.73722,1,1
12.08.2021 00:06:56.860,0.7373000000000001,0.73721,1,1.5
12.08.2021 00:06:57.064,0.73732,0.7372000000000001,1.87,1.5
12.08.2021 00:06:59.442,0.7373000000000001,0.73721,1.5,1.5
12.08.2021 00:06:59.698,0.73731,0.73719,3.75,1
12.08.2021 00:06:59.800,0.73729,0.73719,2.32,1.5
12.08.2021 00:07:02.471,0.73729,0.7372000000000001,2.25,1
12.08.2021 00:07:04.905,0.73732,0.7372000000000001,2.75,1.5
12.08.2021 00:07:05.056,0.73731,0.73722,1.5,1
12.08.2021 00:07:09.215,0.73733,0.73721,1.5,1.69
12.08.2021 00:07:09.423,0.7373500000000001,0.7372500000000001,2.75,2.25
12.08.2021 00:07:09.525,0.73737,0.73727,1.87,1.69
12.08.2021 00:07:09.626,0.73737,0.73728,1,1.69
12.08.2021 00:07:09.727,0.73738,0.73728,2.25,1.69
12.08.2021 00:07:10.496,0.73738,0.73728,2.25,2.5
12.08.2021 00:07:10.741,0.73738,0.73728,2.25,1.5
12.08.2021 00:07:13.994,0.73737,0.73727,2.25,1.5
12.08.2021 00:07:14.316,0.73738,0.73727,1,1
12.08.2021 00:07:34.397,0.73739,0.73727,2.25,2.25
12.08.2021 00:07:39.247,0.73734,0.7372500000000001,2.25,1
12.08.2021 00:07:39.450,0.73734,0.73724,3,1.5
12.08.2021 00:07:40.885,0.73729,0.73721,1,1.12
12.08.2021 00:07:40.987,0.73732,0.73721,1,1.25
12.08.2021 00:07:41.088,0.73732,0.73722,1,3.32
12.08.2021 00:07:41.139,0.73733,0.73724,1,2.5
12.08.2021 00:07:41.425,0.7373500000000001,0.7372500000000001,1,1.69
12.08.2021 00:07:41.654,0.7373500000000001,0.73726,1,1
12.08.2021 00:07:41.757,0.7373600000000001,0.73727,1,1.25
12.08.2021 00:07:42.079,0.73737,0.73727,1.5,1.69
12.08.2021 00:07:48.962,0.73737,0.73727,1,3.51
12.08.2021 00:07:50.625,0.73737,0.73727,1,1.76
12.08.2021 00:08:03.200,0.7373600000000001,0.73727,1,1
12.08.2021 00:08:12.534,0.73734,0.7372500000000001,2.25,1
12.08.2021 00:08:26.227,0.73734,0.73724,2.32,2.25
12.08.2021 00:08:26.328,0.73733,0.73724,1,1
12.08.2021 00:08:42.564,0.73733,0.73723,1.5,1.5
12.08.2021 00:09:07.496,0.73733,0.73722,1,1.25
12.08.2021 00:09:10.566,0.73732,0.73722,2,2.25
12.08.2021 00:09:10.921,0.73732,0.73722,1.87,2.25
12.08.2021 00:09:13.276,0.73729,0.7372000000000001,1,1.5
12.08.2021 00:09:13.377,0.73728,0.73719,1,1.31
12.08.2021 00:09:14.600,0.73728,0.7371800000000001,1,3.19
12.08.2021 00:09:17.426,0.7373000000000001,0.7371800000000001,2.62,1.5
12.08.2021 00:09:21.178,0.73728,0.73719,1,1
12.08.2021 00:09:22.029,0.73728,0.7371800000000001,1.5,3.19
12.08.2021 00:09:30.665,0.73731,0.73721,3.5,2.32
12.08.2021 00:09:30.766,0.73732,0.73721,1.5,1.25
12.08.2021 00:09:31.650,0.73731,0.73721,1.87,3.64
12.08.2021 00:09:33.646,0.7373000000000001,0.73721,1,2.89
12.08.2021 00:09:33.899,0.73731,0.73721,1.87,2.44
12.08.2021 00:09:36.670,0.73732,0.73722,2.25,1.01
12.08.2021 00:09:36.772,0.73732,0.73722,1.5,2.57
12.08.2021 00:09:40.138,0.73732,0.73722,1.5,2.32
12.08.2021 00:09:40.240,0.73731,0.73721,1.87,1.87
12.08.2021 00:09:42.010,0.73731,0.73722,1,1.1
12.08.2021 00:09:42.418,0.73732,0.73723,1.5,1.57
12.08.2021 00:09:44.840,0.73731,0.73722,1,1.87
12.08.2021 00:09:46.790,0.73731,0.73722,4.19,1
12.08.2021 00:09:46.892,0.73728,0.7371800000000001,1,1.7
12.08.2021 00:09:46.993,0.73729,0.73717,1.5,1.1
12.08.2021 00:09:51.200,0.7372500000000001,0.73717,1,1
12.08.2021 00:09:51.301,0.73727,0.7371500000000001,1.87,1.1
12.08.2021 00:09:53.746,0.73726,0.73717,1,1
12.08.2021 00:10:19.259,0.7372500000000001,0.73717,1.25,1
12.08.2021 00:10:19.310,0.7372500000000001,0.7371500000000001,2.25,1.13
12.08.2021 00:10:19.515,0.7372500000000001,0.7371500000000001,1.5,3.48
12.08.2021 00:10:24.113,0.73726,0.73716,1.69,1
12.08.2021 00:10:24.164,0.73724,0.7371500000000001,1,1.5
12.08.2021 00:10:24.266,0.7372500000000001,0.73716,1,1
12.08.2021 00:10:26.943,0.7372500000000001,0.73717,2.44,1
12.08.2021 00:10:26.994,0.73723,0.7371500000000001,1,1.12
12.08.2021 00:10:27.147,0.73723,0.7371300000000001,1.5,1.5
12.08.2021 00:10:27.602,0.73722,0.7371300000000001,1,1
12.08.2021 00:10:32.629,0.73722,0.73712,1.5,1.5
12.08.2021 00:10:42.480,0.73723,0.73712,1,1
12.08.2021 00:10:46.212,0.73724,0.7371500000000001,1,1
12.08.2021 00:10:46.313,0.7372500000000001,0.7371500000000001,2.25,1
12.08.2021 00:10:46.672,0.73724,0.7371300000000001,1,1.69
12.08.2021 00:10:46.773,0.73724,0.73714,1.5,1.76
12.08.2021 00:10:47.172,0.73723,0.73714,1,1.69
12.08.2021 00:10:54.226,0.73726,0.73716,1.5,1.1
12.08.2021 00:11:00.211,0.7372500000000001,0.7371500000000001,1,2.51
12.08.2021 00:11:02.869,0.73726,0.73714,1,3.66
12.08.2021 00:11:05.210,0.73727,0.7371500000000001,1.5,1.01
12.08.2021 00:11:09.865,0.7372500000000001,0.7371300000000001,1.5,1.76
12.08.2021 00:11:09.966,0.73723,0.73714,1,1.01
12.08.2021 00:11:10.219,0.73723,0.7371300000000001,1,2.32
12.08.2021 00:11:15.671,0.73722,0.7371300000000001,1,1.69
12.08.2021 00:11:35.682,0.73723,0.73712,1,4.76
12.08.2021 00:11:35.733,0.73726,0.73716,2,1.5
12.08.2021 00:11:35.835,0.73722,0.7371000000000001,1.5,6.9
12.08.2021 00:11:38.823,0.73723,0.73714,1.12,1.76
12.08.2021 00:11:38.925,0.73724,0.73714,1.5,1.69
12.08.2021 00:11:39.026,0.73724,0.7371300000000001,1,1.25
12.08.2021 00:11:41.504,0.73723,0.7371500000000001,1,1
12.08.2021 00:11:41.555,0.73726,0.73716,2.25,1
12.08.2021 00:11:50.284,0.73724,0.73714,1,4.01
12.08.2021 00:11:50.436,0.73724,0.7371300000000001,1,1.51
12.08.2021 00:11:50.537,0.73723,0.73714,1.5,1
12.08.2021 00:11:51.028,0.73722,0.7371300000000001,1,1.69
12.08.2021 00:11:53.632,0.73723,0.7371300000000001,1.5,1.76
12.08.2021 00:11:59.641,0.73723,0.73714,1,1
12.08.2021 00:11:59.742,0.73723,0.7371300000000001,1.5,1.76
12.08.2021 00:12:00.194,0.73724,0.7371300000000001,1,1
12.08.2021 00:12:00.967,0.73727,0.7371500000000001,1.5,1
12.08.2021 00:12:17.824,0.73726,0.73714,1,2.89
12.08.2021 00:12:20.069,0.73724,0.73712,1,2.07
12.08.2021 00:12:20.221,0.73724,0.73712,1,1.5
12.08.2021 00:12:33.224,0.73722,0.7371300000000001,1,1
12.08.2021 00:12:33.326,0.73722,0.73711,1,1.57
12.08.2021 00:12:33.477,0.73722,0.73712,1.5,2.32
12.08.2021 00:12:36.961,0.73722,0.7371300000000001,1.5,1
12.08.2021 00:12:50.364,0.73724,0.7371300000000001,1,1
12.08.2021 00:13:32.351,0.7372500000000001,0.73717,1.25,1
12.08.2021 00:13:32.453,0.73727,0.73717,1.12,1
12.08.2021 00:13:32.554,0.73728,0.73717,3.19,1
12.08.2021 00:13:39.368,0.73727,0.73717,2.32,1
12.08.2021 00:13:40.352,0.73727,0.7371500000000001,3.26,1.5
12.08.2021 00:13:40.453,0.73726,0.73716,3.29,1.5
12.08.2021 00:13:47.689,0.73724,0.73716,1,1
12.08.2021 00:13:50.297,0.73724,0.73714,1,1
12.08.2021 00:13:50.399,0.73724,0.7371300000000001,1.57,1
12.08.2021 00:13:59.807,0.73724,0.73714,1.1,1
12.08.2021 00:14:00.893,0.73726,0.7371800000000001,2.15,1
12.08.2021 00:14:01.046,0.73727,0.73717,1.65,1
12.08.2021 00:14:02.205,0.73724,0.73716,1.57,1
12.08.2021 00:14:02.306,0.7372500000000001,0.73714,1.95,1
12.08.2021 00:14:06.144,0.73723,0.7371500000000001,1,1
12.08.2021 00:14:06.503,0.73723,0.73714,1,1
12.08.2021 00:14:06.604,0.73724,0.73714,1.1,1
12.08.2021 00:14:10.697,0.73724,0.7371300000000001,1.1,1
12.08.2021 00:14:26.022,0.73723,0.7371300000000001,1,1
12.08.2021 00:14:27.276,0.73723,0.73714,1,1
12.08.2021 00:14:33.130,0.73722,0.73714,1,1
12.08.2021 00:14:33.371,0.73724,0.7371300000000001,1,1
12.08.2021 00:14:33.523,0.73726,0.7371800000000001,2.62,1
12.08.2021 00:14:45.029,0.73728,0.73717,1.5,1
12.08.2021 00:14:47.771,0.7372500000000001,0.73716,1.5,1.5
12.08.2021 00:14:48.126,0.7372500000000001,0.73717,1,1
12.08.2021 00:14:48.227,0.73726,0.7371800000000001,1.5,1
12.08.2021 00:14:54.189,0.73728,0.73717,1,1
12.08.2021 00:14:55.386,0.73728,0.7371800000000001,1.1,1.5
12.08.2021 00:15:02.436,0.73728,0.73719,1,1.69
12.08.2021 00:15:02.538,0.73732,0.73721,1.5,1.69
12.08.2021 00:15:02.639,0.73732,0.73724,1,1
12.08.2021 00:15:03.644,0.7373500000000001,0.7372500000000001,2.45,1
12.08.2021 00:15:06.554,0.73732,0.73722,2.32,1.5
12.08.2021 00:15:06.656,0.73731,0.73722,1,1
12.08.2021 00:15:06.757,0.7373000000000001,0.7372000000000001,1.57,1.5
12.08.2021 00:15:06.869,0.7373000000000001,0.7371800000000001,1,1.5
12.08.2021 00:15:09.515,0.73728,0.73719,1,1.5
12.08.2021 00:15:11.145,0.7373000000000001,0.7371800000000001,1.95,1.5
12.08.2021 00:15:15.240,0.73728,0.73719,1,1
12.08.2021 00:15:18.491,0.7373000000000001,0.7372000000000001,1.95,1.5
12.08.2021 00:15:18.819,0.7373000000000001,0.73721,1,1
12.08.2021 00:15:20.149,0.73733,0.73724,2.75,1
12.08.2021 00:15:20.301,0.73733,0.73724,1,1
12.08.2021 00:15:49.271,0.73732,0.73724,1,1.25
12.08.2021 00:15:50.631,0.73729,0.73721,1,1
12.08.2021 00:15:51.596,0.7373000000000001,0.73721,1,1.25
12.08.2021 00:16:06.694,0.7373000000000001,0.73719,1,1.5
12.08.2021 00:16:11.807,0.7373000000000001,0.7372000000000001,1,1.69
12.08.2021 00:16:12.855,0.73731,0.73722,1.12,1
12.08.2021 00:16:13.006,0.73732,0.73722,1.5,1.5
12.08.2021 00:16:26.485,0.73732,0.73723,1,1.5
12.08.2021 00:16:46.625,0.73732,0.73722,1.5,1
12.08.2021 00:16:46.727,0.73731,0.73721,1,2.25
12.08.2021 00:16:46.829,0.7373000000000001,0.7372000000000001,1.5,1
12.08.2021 00:16:46.930,0.7373000000000001,0.7371800000000001,1,1.69
12.08.2021 00:17:00.102,0.73729,0.7372000000000001,1.12,1
12.08.2021 00:17:01.165,0.73729,0.73719,1,1.69
12.08.2021 00:17:02.898,0.73728,0.7371800000000001,1,3.25
12.08.2021 00:17:06.913,0.73728,0.7371800000000001,1,2.44
12.08.2021 00:17:07.926,0.7373000000000001,0.73717,1.12,2.44
12.08.2021 00:17:09.288,0.73729,0.73717,1,1.5
12.08.2021 00:17:16.524,0.73727,0.7371800000000001,2.25,1
12.08.2021 00:17:16.625,0.7372500000000001,0.7371300000000001,2.25,1
12.08.2021 00:17:16.726,0.73723,0.7371300000000001,1.5,2.25
12.08.2021 00:17:19.204,0.73723,0.73712,1,1
12.08.2021 00:17:19.305,0.73723,0.73711,1,1.5
12.08.2021 00:17:19.722,0.73722,0.7371300000000001,1,1
12.08.2021 00:17:19.924,0.73723,0.73714,1,1
12.08.2021 00:17:23.598,0.73724,0.73714,1,1.5
12.08.2021 00:17:27.484,0.7372500000000001,0.7371500000000001,1,1
12.08.2021 00:17:27.593,0.7372500000000001,0.73716,1,1
12.08.2021 00:17:29.370,0.73724,0.73714,1.5,1.5
12.08.2021 00:17:33.305,0.73727,0.7371500000000001,1.5,2.51
12.08.2021 00:17:33.407,0.73728,0.73716,1.87,1.25
12.08.2021 00:17:33.508,0.73727,0.7371800000000001,1,1.25
12.08.2021 00:17:36.472,0.73727,0.73717,1,1
12.08.2021 00:17:36.523,0.7372500000000001,0.7371500000000001,1,4.01
12.08.2021 00:17:50.006,0.73726,0.7371500000000001,1,1
12.08.2021 00:17:50.057,0.73727,0.7371800000000001,2.06,1
12.08.2021 00:18:04.205,0.73728,0.7371800000000001,3.37,1
12.08.2021 00:18:16.120,0.73728,0.73717,1,1
12.08.2021 00:18:44.256,0.73726,0.7371800000000001,1.5,1
12.08.2021 00:18:44.358,0.73723,0.7371500000000001,1,1.12
12.08.2021 00:18:44.459,0.73723,0.73714,1,1.5
12.08.2021 00:18:56.105,0.73724,0.73714,1,1.5
12.08.2021 00:18:56.307,0.7372500000000001,0.73714,1.5,2.44
12.08.2021 00:19:02.583,0.73726,0.7371500000000001,1.5,1
12.08.2021 00:19:11.854,0.7372500000000001,0.7371500000000001,1.5,1
12.08.2021 00:19:15.386,0.73726,0.73716,1,1
12.08.2021 00:19:15.488,0.73726,0.73717,1,1
12.08.2021 00:19:17.450,0.73726,0.73716,1.5,1.5
12.08.2021 00:19:23.024,0.73726,0.73717,1,1
12.08.2021 00:19:27.564,0.73727,0.73717,2.44,1
12.08.2021 00:19:31.065,0.7372500000000001,0.73717,1,1
12.08.2021 00:19:31.168,0.7372500000000001,0.73716,1,1
12.08.2021 00:19:50.566,0.73724,0.73716,1,1
12.08.2021 00:19:50.668,0.73724,0.73714,1.57,1
12.08.2021 00:19:50.769,0.73724,0.7371300000000001,1,1.25
12.08.2021 00:20:09.632,0.73724,0.73714,1.57,1.25
12.08.2021 00:20:10.196,0.73723,0.73714,1,1
12.08.2021 00:20:19.105,0.73726,0.7371500000000001,1,1.69
12.08.2021 00:20:19.206,0.73727,0.73717,2,2.44
12.08.2021 00:20:19.308,0.73728,0.73716,1.5,2.44
12.08.2021 00:20:56.051,0.73726,0.73717,1,1.76
12.08.2021 00:21:08.741,0.73723,0.7371500000000001,1,1.12
12.08.2021 00:21:08.842,0.73722,0.7371300000000001,1.5,1
12.08.2021 00:21:11.771,0.73721,0.7371300000000001,1,1
12.08.2021 00:21:12.929,0.73717,0.7370800000000001,1,1.5
12.08.2021 00:21:13.030,0.7371300000000001,0.73705,1,1
12.08.2021 00:21:13.081,0.73712,0.7370300000000001,1,4.39
12.08.2021 00:21:13.794,0.73716,0.73704,1,1.01
12.08.2021 00:21:13.996,0.73714,0.73704,1.5,2.89
12.08.2021 00:21:15.134,0.73714,0.73702,1.5,1.69
12.08.2021 00:21:15.567,0.73712,0.7370300000000001,1,1.69
12.08.2021 00:21:15.820,0.73711,0.7370300000000001,1,1.69
12.08.2021 00:21:16.477,0.73711,0.73702,1,1.5
12.08.2021 00:21:16.629,0.7371000000000001,0.737,1,1.12
12.08.2021 00:21:19.312,0.73711,0.737,1,1
12.08.2021 00:21:19.413,0.73711,0.73702,1,1
12.08.2021 00:21:23.197,0.73712,0.73702,2.44,1
12.08.2021 00:21:32.504,0.73712,0.73701,1,1.5
12.08.2021 00:21:42.534,0.73711,0.73701,2.44,1
12.08.2021 00:21:42.635,0.73711,0.73699,2.44,1
12.08.2021 00:21:42.737,0.73709,0.73699,1.5,1.57
12.08.2021 00:22:08.746,0.73709,0.7369800000000001,1,1
12.08.2021 00:22:08.848,0.7370800000000001,0.7369800000000001,1.5,1.5
12.08.2021 00:22:38.274,0.7371000000000001,0.73701,1.61,3.07
12.08.2021 00:22:38.375,0.73712,0.73702,3.21,1
12.08.2021 00:22:38.477,0.73712,0.73702,1.57,2.25
12.08.2021 00:22:38.810,0.73712,0.73702,1.7,3.45
12.08.2021 00:22:38.911,0.7371300000000001,0.73701,1.5,3.07
12.08.2021 00:22:39.461,0.7371300000000001,0.7370300000000001,1,2.25
12.08.2021 00:22:39.663,0.73714,0.7370300000000001,1.69,2.32
12.08.2021 00:22:44.385,0.73714,0.73704,1,3.07
12.08.2021 00:22:47.189,0.73716,0.73704,1,3.07
12.08.2021 00:22:47.291,0.7371800000000001,0.73706,1.69,1
12.08.2021 00:22:50.050,0.7371800000000001,0.73705,1.5,3.45
12.08.2021 00:22:50.172,0.73717,0.73707,1.5,1
12.08.2021 00:22:52.109,0.73717,0.7370800000000001,1.5,1
12.08.2021 00:22:52.395,0.7371800000000001,0.7370800000000001,1.5,3
12.08.2021 00:22:59.173,0.73717,0.7370800000000001,1,1
12.08.2021 00:23:02.383,0.7371800000000001,0.7370800000000001,1.69,2.25
12.08.2021 00:23:05.895,0.7372000000000001,0.7371000000000001,4,1
12.08.2021 00:23:05.997,0.7372000000000001,0.7371000000000001,2.44,1.5
12.08.2021 00:23:14.064,0.73719,0.7371000000000001,1,1
12.08.2021 00:23:21.906,0.7371800000000001,0.73709,1,2.25
12.08.2021 00:23:24.522,0.73717,0.7370800000000001,1,1.5
12.08.2021 00:23:25.101,0.73716,0.73707,1,3.07
12.08.2021 00:23:29.123,0.73717,0.73707,1.69,1.5
12.08.2021 00:23:29.224,0.73717,0.7370800000000001,1.5,1
12.08.2021 00:23:36.776,0.73717,0.73707,1.5,1.5
12.08.2021 00:23:51.549,0.73716,0.73707,1,1
12.08.2021 00:23:55.005,0.7371500000000001,0.73706,1.25,1.5
12.08.2021 00:23:55.107,0.7371500000000001,0.73705,1.25,1.57
12.08.2021 00:23:55.208,0.73714,0.73704,1,2.32
12.08.2021 00:23:59.518,0.7371300000000001,0.73704,1,1.5
12.08.2021 00:24:02.517,0.73714,0.73704,1,1.5
12.08.2021 00:24:44.849,0.7371300000000001,0.7370300000000001,1.5,3.37
12.08.2021 00:24:44.951,0.73712,0.7370300000000001,1,2.25
12.08.2021 00:24:45.910,0.7371300000000001,0.73704,1,1
12.08.2021 00:25:00.261,0.7371300000000001,0.7370300000000001,1,3.45
12.08.2021 00:25:01.863,0.73714,0.7370300000000001,1,1
12.08.2021 00:25:06.276,0.73712,0.7370300000000001,1,3.07
12.08.2021 00:25:21.625,0.73714,0.73704,1,3.19
12.08.2021 00:25:21.676,0.73716,0.73706,3.5,1
12.08.2021 00:25:21.829,0.73716,0.73706,2.25,1
12.08.2021 00:25:26.375,0.7371500000000001,0.73705,2.25,2.62
12.08.2021 00:25:26.477,0.73714,0.73702,1.5,2
12.08.2021 00:25:26.578,0.7371300000000001,0.7370300000000001,1.5,1.5
12.08.2021 00:25:30.217,0.7371300000000001,0.73701,1,2.25
12.08.2021 00:25:41.961,0.7371000000000001,0.73701,1.25,1.87
12.08.2021 00:25:42.063,0.7371000000000001,0.737,1,3
12.08.2021 00:25:46.175,0.7370800000000001,0.737,1,1
12.08.2021 00:25:46.276,0.7370800000000001,0.73699,1.5,1
12.08.2021 00:25:46.428,0.73707,0.73699,1,1
12.08.2021 00:25:47.907,0.7370800000000001,0.73699,1.5,1
12.08.2021 00:25:51.537,0.73709,0.73699,1.5,1.5
12.08.2021 00:26:00.882,0.7370800000000001,0.73699,1,1
12.08.2021 00:26:14.708,0.73709,0.73699,1.5,1.5
12.08.2021 00:26:14.885,0.7371000000000001,0.73701,1,1
12.08.2021 00:26:14.986,0.73711,0.73701,1.87,3.26
12.08.2021 00:26:23.356,0.73712,0.73702,1.5,2.25
12.08.2021 00:26:39.294,0.73712,0.7370300000000001,1,1
12.08.2021 00:26:41.489,0.73712,0.73702,1.5,1.5
12.08.2021 00:27:03.441,0.73711,0.73702,1,1.5
12.08.2021 00:27:03.973,0.73712,0.73702,1.5,1.5
12.08.2021 00:27:10.402,0.73712,0.7370300000000001,1.5,1
12.08.2021 00:27:10.557,0.73714,0.7370300000000001,1,1
12.08.2021 00:27:20.581,0.7371300000000001,0.7370300000000001,1.5,1.5
12.08.2021 00:27:25.869,0.73712,0.7370300000000001,1,1
12.08.2021 00:27:26.420,0.73711,0.73702,1,1.5
12.08.2021 00:27:30.260,0.7371000000000001,0.73701,1,1
12.08.2021 00:27:30.361,0.73709,0.73699,1,5.14
12.08.2021 00:27:34.064,0.73709,0.737,1.5,1
12.08.2021 00:27:45.285,0.73709,0.73699,1.5,2.51
12.08.2021 00:27:56.197,0.73709,0.737,1,2.44
12.08.2021 00:27:56.300,0.73711,0.73701,1.5,2.25
12.08.2021 00:27:56.655,0.7371000000000001,0.73701,1,1.5
12.08.2021 00:27:58.931,0.7371000000000001,0.737,1.5,1
12.08.2021 00:27:59.084,0.73709,0.737,1.5,1
12.08.2021 00:28:00.587,0.7370800000000001,0.73699,1,2.06
12.08.2021 00:28:02.401,0.73707,0.7369800000000001,1,1.5
12.08.2021 00:28:04.966,0.73707,0.73697,1,2.25
12.08.2021 00:28:07.442,0.7370800000000001,0.7369600000000001,1.75,2.25
12.08.2021 00:28:07.545,0.7370300000000001,0.73694,1,1.5
12.08.2021 00:28:07.647,0.73702,0.73692,1,1.62
12.08.2021 00:28:07.697,0.73701,0.73692,1.5,1.5
12.08.2021 00:28:08.393,0.7370300000000001,0.73695,1,1
12.08.2021 00:28:08.494,0.73705,0.73695,1.12,1.5
12.08.2021 00:28:08.595,0.73705,0.7369600000000001,1.5,1
12.08.2021 00:28:08.697,0.73706,0.73694,1.5,1
12.08.2021 00:28:09.108,0.73704,0.73694,1,2.62
12.08.2021 00:28:12.148,0.73705,0.7369600000000001,1.5,1
12.08.2021 00:28:12.250,0.73706,0.7369600000000001,1,1.57
12.08.2021 00:28:58.180,0.73705,0.7369600000000001,1,1.5
12.08.2021 00:28:58.444,0.7370300000000001,0.73694,1,2.7
12.08.2021 00:28:58.546,0.73702,0.7369300000000001,1,2
12.08.2021 00:28:58.648,0.73702,0.73692,1.5,2.32
12.08.2021 00:28:59.124,0.73701,0.73692,1,2.32
12.08.2021 00:29:00.556,0.7370300000000001,0.7369100000000001,1.69,1
12.08.2021 00:29:00.710,0.73706,0.73694,2,2.32
12.08.2021 00:29:03.980,0.73705,0.7369600000000001,1.5,1
12.08.2021 00:29:33.384,0.7370300000000001,0.73694,1,2.62
12.08.2021 00:29:33.486,0.73702,0.73692,1.5,3.57
12.08.2021 00:29:33.587,0.7370300000000001,0.7369100000000001,1.5,2.7
12.08.2021 00:29:40.230,0.73701,0.73692,1,1
12.08.2021 00:29:40.482,0.737,0.7369100000000001,1,3.64
12.08.2021 00:29:40.886,0.7370300000000001,0.73692,1.5,2.25
12.08.2021 00:29:41.872,0.73702,0.73692,1.5,1.57
12.08.2021 00:29:42.227,0.737,0.73689,1.25,1.95
12.08.2021 00:29:42.329,0.73699,0.7368800000000001,1,1.57
12.08.2021 00:29:42.481,0.7369800000000001,0.73687,1,1.95
12.08.2021 00:29:42.978,0.7369600000000001,0.73687,1,1.57
12.08.2021 00:29:50.352,0.7369600000000001,0.7368800000000001,1,3.19
12.08.2021 00:29:50.403,0.73699,0.7369,1.1,4.39
12.08.2021 00:29:50.504,0.737,0.7369,1,1.1
12.08.2021 00:29:50.916,0.73701,0.73692,1,1.76
12.08.2021 00:29:54.190,0.737,0.73692,1,1.1
12.08.2021 00:30:01.796,0.73699,0.7369100000000001,1,1.2
12.08.2021 00:30:04.931,0.73699,0.7369,1,3.45
12.08.2021 00:30:10.542,0.7369800000000001,0.7369,1,1.1
12.08.2021 00:30:11.083,0.73699,0.7369,1,3.07
12.08.2021 00:30:16.193,0.7369800000000001,0.7369,1,1.1
12.08.2021 00:30:16.927,0.73699,0.7369,1,1.1
12.08.2021 00:30:17.131,0.7369800000000001,0.73689,1,1.95
12.08.2021 00:30:18.393,0.73697,0.7368800000000001,1,1.5
12.08.2021 00:30:18.494,0.73697,0.7368600000000001,1,1.95
12.08.2021 00:30:27.262,0.73695,0.73687,1,1.1
12.08.2021 00:30:42.196,0.73697,0.7368600000000001,1,2.25
12.08.2021 00:30:58.590,0.73697,0.73687,1.5,2.25
12.08.2021 00:31:01.414,0.73699,0.73687,1.2,2.25
12.08.2021 00:31:01.465,0.737,0.7369100000000001,1.5,1
12.08.2021 00:31:01.617,0.73701,0.73692,1,1
12.08.2021 00:31:04.609,0.73702,0.73694,1,1
12.08.2021 00:31:04.710,0.73704,0.7369300000000001,1.5,1
12.08.2021 00:31:04.812,0.7370300000000001,0.73692,1,1
12.08.2021 00:31:08.356,0.73701,0.7369300000000001,1,1
12.08.2021 00:31:08.457,0.73702,0.7369100000000001,1.5,1
12.08.2021 00:31:21.110,0.73705,0.7369600000000001,1,1.5
12.08.2021 00:31:21.212,0.73706,0.7369600000000001,1.87,3
12.08.2021 00:31:21.364,0.73707,0.7369600000000001,1,1
12.08.2021 00:31:22.606,0.73706,0.73695,1,2.62
12.08.2021 00:31:29.390,0.73707,0.7369600000000001,1.5,1
12.08.2021 00:32:00.201,0.73702,0.7369300000000001,1.5,4.44
12.08.2021 00:32:00.302,0.73702,0.7369300000000001,1.5,1
12.08.2021 00:32:09.190,0.7370300000000001,0.7369300000000001,1.5,1
12.08.2021 00:32:19.106,0.73706,0.7369600000000001,3.67,1
12.08.2021 00:32:19.208,0.73706,0.73697,1.57,1
12.08.2021 00:32:24.209,0.73707,0.7369800000000001,2.32,1
12.08.2021 00:32:48.217,0.73709,0.7369800000000001,1,1
12.08.2021 00:32:48.318,0.73711,0.73701,1,1
12.08.2021 00:32:48.419,0.73711,0.73702,3.9,1
12.08.2021 00:32:48.935,0.73712,0.73701,3.74,1
12.08.2021 00:32:49.037,0.73709,0.737,1.5,1
12.08.2021 00:32:49.971,0.7370800000000001,0.73697,1,1.12
12.08.2021 00:33:00.392,0.73707,0.73697,1,1.5
12.08.2021 00:33:13.433,0.73707,0.7369800000000001,1,1
12.08.2021 00:33:22.389,0.7370800000000001,0.7369800000000001,1,2.06
12.08.2021 00:33:22.583,0.73709,0.7369800000000001,1,1
12.08.2021 00:33:29.356,0.7370800000000001,0.7369800000000001,1.1,1.12
12.08.2021 00:33:29.457,0.7370800000000001,0.73697,1,1
12.08.2021 00:34:14.504,0.73709,0.73697,1.5,1.5
12.08.2021 00:34:55.538,0.73709,0.7369800000000001,1,1
12.08.2021 00:35:02.389,0.73707,0.7369800000000001,1.5,1
12.08.2021 00:35:02.491,0.73705,0.73695,4.94,1.12
12.08.2021 00:35:02.593,0.73702,0.73694,1,1.12
12.08.2021 00:35:04.463,0.7370300000000001,0.73694,1,1.5
12.08.2021 00:35:05.540,0.73704,0.73694,1.5,2.62
12.08.2021 00:35:06.154,0.73705,0.73695,2.25,3.37
12.08.2021 00:35:06.256,0.73705,0.7369600000000001,1,1.87
12.08.2021 00:35:06.414,0.7370300000000001,0.7369300000000001,1.5,5.5
12.08.2021 00:35:06.516,0.73702,0.7369300000000001,1,1.5
12.08.2021 00:35:33.747,0.73702,0.73692,1,1.87
12.08.2021 00:35:38.534,0.7370300000000001,0.73692,1,1.25
12.08.2021 00:35:38.636,0.73702,0.7369100000000001,1,2.62
12.08.2021 00:35:45.123,0.73701,0.7369100000000001,1,2.7
12.08.2021 00:35:45.225,0.73699,0.7368800000000001,1,1
12.08.2021 00:35:45.327,0.73697,0.7368800000000001,1,1
12.08.2021 00:35:49.645,0.73699,0.73689,1,3.64
12.08.2021 00:35:49.747,0.73699,0.7369,1,1
12.08.2021 00:35:56.612,0.7369800000000001,0.73689,1,2.14
12.08.2021 00:35:56.938,0.73697,0.73689,1,1.01
12.08.2021 00:35:58.808,0.73697,0.7368800000000001,1,1.57
12.08.2021 00:36:00.521,0.7369600000000001,0.7368800000000001,1,1
12.08.2021 00:36:02.575,0.7369600000000001,0.73689,1,1
12.08.2021 00:36:02.676,0.73697,0.73689,1,1
12.08.2021 00:36:18.190,0.73699,0.7369,1,2.89
12.08.2021 00:36:18.291,0.737,0.7369100000000001,1,1
12.08.2021 00:36:19.912,0.73699,0.7369100000000001,1,1
12.08.2021 00:36:30.551,0.737,0.7369100000000001,1,1
12.08.2021 00:36:57.655,0.73697,0.73689,1.5,1
12.08.2021 00:36:57.706,0.73697,0.73687,1.5,1.95
12.08.2021 00:36:57.807,0.73697,0.7368800000000001,1.5,1
12.08.2021 00:37:01.916,0.7369800000000001,0.7368600000000001,1.5,1.95
12.08.2021 00:37:36.685,0.7369600000000001,0.73687,1,1.57
12.08.2021 00:38:01.898,0.7369800000000001,0.73689,1.1,2.32
12.08.2021 00:38:01.999,0.7369800000000001,0.7368800000000001,1,1.57
12.08.2021 00:38:03.729,0.73697,0.7368800000000001,1,1.95
12.08.2021 00:38:14.184,0.7369600000000001,0.7368800000000001,1,1
12.08.2021 00:38:14.285,0.7369600000000001,0.73687,1,1.1
12.08.2021 00:38:14.386,0.7369600000000001,0.7368800000000001,1,1
12.08.2021 00:38:17.237,0.73697,0.73687,1,2.14
12.08.2021 00:38:24.806,0.73697,0.7368600000000001,1,1.95
12.08.2021 00:38:29.295,0.7369800000000001,0.7368600000000001,1,1.95
12.08.2021 00:38:30.900,0.73697,0.7368800000000001,1,1
12.08.2021 00:38:36.239,0.73697,0.73687,1,1.95
12.08.2021 00:38:56.830,0.73697,0.7368800000000001,1.5,1
12.08.2021 00:39:01.974,0.73697,0.73685,1.5,1.95
12.08.2021 00:39:40.706,0.7369600000000001,0.73687,1.5,1
12.08.2021 00:39:52.916,0.7369600000000001,0.7368600000000001,1.5,1.5
12.08.2021 00:39:54.817,0.7369600000000001,0.73687,1.5,1
12.08.2021 00:40:04.021,0.73697,0.7368800000000001,1.5,1
12.08.2021 00:40:04.376,0.7369800000000001,0.73689,1.5,1
12.08.2021 00:40:11.082,0.73697,0.73687,1.5,1.95
12.08.2021 00:40:11.183,0.73697,0.7368800000000001,1.5,1
12.08.2021 00:40:11.788,0.73697,0.73687,1.5,1.95
12.08.2021 00:40:19.366,0.73697,0.7368800000000001,1,1
12.08.2021 00:40:23.238,0.7369800000000001,0.7368800000000001,1.5,1.95
12.08.2021 00:40:27.468,0.73701,0.73689,1.5,2.62
12.08.2021 00:40:27.570,0.73701,0.7369,1.5,1
12.08.2021 00:41:13.009,0.73697,0.7368800000000001,1,3.5
12.08.2021 00:41:13.111,0.7369600000000001,0.73687,1,2.37
12.08.2021 00:41:13.212,0.7369600000000001,0.73687,1,1.5
12.08.2021 00:41:13.566,0.7369600000000001,0.7368600000000001,1.5,1.87
12.08.2021 00:41:26.361,0.7369600000000001,0.73687,1,1.5
12.08.2021 00:41:26.463,0.73697,0.7368800000000001,1,1
12.08.2021 00:41:57.833,0.73701,0.73689,1.87,1.12
12.08.2021 00:41:57.935,0.737,0.7369100000000001,1.5,1
12.08.2021 00:41:58.036,0.737,0.7369,1.5,1.12
12.08.2021 00:41:58.137,0.73699,0.73689,1.5,2
12.08.2021 00:41:58.239,0.7369800000000001,0.73689,1.5,2
12.08.2021 00:41:58.340,0.7369800000000001,0.73689,1.5,1.5
12.08.2021 00:42:03.479,0.7369800000000001,0.7368600000000001,1.5,1.5
12.08.2021 00:42:06.552,0.7369600000000001,0.73687,1,1
12.08.2021 00:42:08.922,0.73697,0.73687,1.57,1.5
12.08.2021 00:42:09.037,0.73697,0.7368800000000001,1.5,1
12.08.2021 00:42:30.662,0.73695,0.7368600000000001,1.25,1.87
12.08.2021 00:42:30.764,0.73694,0.73684,1.5,2.37
12.08.2021 00:42:30.866,0.73694,0.7368300000000001,1,1
12.08.2021 00:42:31.271,0.7369300000000001,0.73682,1,1.13
12.08.2021 00:42:31.474,0.73692,0.73682,1,1.5
12.08.2021 00:42:33.020,0.73692,0.7368100000000001,1,1.5
12.08.2021 00:42:33.122,0.7369,0.7368100000000001,3.19,1.13
12.08.2021 00:42:33.224,0.7368800000000001,0.7367600000000001,1,2.75
12.08.2021 00:42:33.429,0.73687,0.73677,1,1.5
12.08.2021 00:42:34.763,0.7368800000000001,0.7367800000000001,1,1
12.08.2021 00:42:52.761,0.73689,0.73679,1.5,1
12.08.2021 00:43:02.012,0.7369,0.7368100000000001,1,1
12.08.2021 00:43:02.113,0.7369100000000001,0.7368100000000001,1.2,1.5
12.08.2021 00:43:06.191,0.73692,0.73682,1.57,1
12.08.2021 00:43:07.091,0.73692,0.7368300000000001,1.57,1
12.08.2021 00:43:07.972,0.73694,0.73684,3.45,1
12.08.2021 00:43:08.277,0.7369300000000001,0.73684,1.5,1
12.08.2021 00:43:08.378,0.7369300000000001,0.7368300000000001,2.25,1
12.08.2021 00:43:10.224,0.73692,0.73682,1,1
12.08.2021 00:43:13.314,0.73692,0.7368100000000001,1,1.5
12.08.2021 00:43:14.069,0.73692,0.7368,3.32,1
12.08.2021 00:43:14.221,0.73689,0.7368,1,1.12
12.08.2021 00:43:20.011,0.7369,0.7368100000000001,1,1
12.08.2021 00:43:20.112,0.7369,0.73682,1,1
12.08.2021 00:43:29.060,0.7369100000000001,0.7368,1,1.5
12.08.2021 00:43:31.341,0.73692,0.73682,2.44,1
12.08.2021 00:43:36.040,0.7369100000000001,0.7368,1,1
12.08.2021 00:43:36.193,0.7369,0.7368,1.69,1.87
12.08.2021 00:43:36.799,0.73689,0.7368,1,1
12.08.2021 00:43:37.260,0.73689,0.73679,1.5,1.5
12.08.2021 00:43:38.727,0.73689,0.73677,1.25,1.12
12.08.2021 00:43:38.980,0.73687,0.7367800000000001,1,1
12.08.2021 00:43:39.081,0.7368800000000001,0.7367600000000001,1.5,1.87
12.08.2021 00:43:44.202,0.7368800000000001,0.73677,1,1
12.08.2021 00:43:48.157,0.73687,0.73677,1.5,1.5
12.08.2021 00:43:59.809,0.7368800000000001,0.73677,1,1
12.08.2021 00:43:59.911,0.73689,0.7368100000000001,1.12,1
12.08.2021 00:43:59.962,0.73692,0.7368,2.51,1
12.08.2021 00:44:00.114,0.7369100000000001,0.73682,1,1
12.08.2021 00:44:02.414,0.73692,0.73682,1,1
12.08.2021 00:44:02.522,0.73692,0.7368300000000001,1.25,1
12.08.2021 00:44:22.556,0.73692,0.73682,1.69,1
12.08.2021 00:44:31.421,0.73692,0.73682,2.95,1
12.08.2021 00:44:32.969,0.7369300000000001,0.7368100000000001,2.59,1
12.08.2021 00:44:34.348,0.73692,0.73682,3.96,1
12.08.2021 00:44:37.982,0.73692,0.73682,2.96,1
12.08.2021 00:44:49.484,0.73692,0.73682,4.04,1
12.08.2021 00:44:57.240,0.73692,0.7368,1.25,2.25
12.08.2021 00:45:01.257,0.73692,0.73682,1.84,1
12.08.2021 00:45:03.455,0.7369100000000001,0.7368100000000001,1,2.25
12.08.2021 00:45:17.564,0.7369100000000001,0.73682,1,1
12.08.2021 00:45:20.308,0.7369100000000001,0.7368100000000001,1,3
12.08.2021 00:45:21.222,0.73692,0.73682,1.76,1.5
12.08.2021 00:45:30.064,0.73694,0.73682,3.34,1.5
12.08.2021 00:45:30.166,0.73692,0.7368300000000001,1.25,1.5
12.08.2021 00:45:33.076,0.7369300000000001,0.73684,1,1.5
12.08.2021 00:45:33.311,0.73694,0.73684,2.25,1.5
12.08.2021 00:45:37.709,0.7369300000000001,0.73684,1,2.25
12.08.2021 00:45:37.912,0.7369300000000001,0.7368300000000001,3.7,1.5
12.08.2021 00:45:50.803,0.73692,0.73684,1.01,1
12.08.2021 00:46:06.300,0.7369300000000001,0.7368300000000001,2.67,1
12.08.2021 00:46:11.386,0.73692,0.73682,1.9,1.5
12.08.2021 00:46:11.487,0.7369300000000001,0.73682,1.9,1
12.08.2021 00:46:14.545,0.7369100000000001,0.73679,2.5,1.5
12.08.2021 00:46:14.697,0.7369,0.7368,1.5,1.5
12.08.2021 00:46:17.590,0.7369,0.7368100000000001,1,1
12.08.2021 00:46:17.691,0.7369100000000001,0.7368100000000001,2.14,1.5
12.08.2021 00:46:20.604,0.7369100000000001,0.73682,1.69,1
12.08.2021 00:46:32.542,0.7369100000000001,0.7368100000000001,1.5,1.87
12.08.2021 00:46:49.054,0.7369100000000001,0.7368,1,1.12
12.08.2021 00:46:52.844,0.73689,0.7368100000000001,1,1
12.08.2021 00:46:54.022,0.7368800000000001,0.73679,1,2.81
12.08.2021 00:46:54.693,0.73687,0.73677,1,1.31
12.08.2021 00:46:54.794,0.73685,0.73677,1,1
12.08.2021 00:46:54.948,0.73685,0.7367600000000001,1,3.56
12.08.2021 00:46:59.300,0.73687,0.73677,1,1
12.08.2021 00:47:02.305,0.73687,0.7367800000000001,1,3.19
12.08.2021 00:47:02.955,0.7368600000000001,0.73677,1,2.81
12.08.2021 00:47:07.518,0.73687,0.73677,1,2.44
12.08.2021 00:47:08.029,0.7368600000000001,0.73677,1,1.5
12.08.2021 00:47:11.417,0.73685,0.7367600000000001,1,1.5
12.08.2021 00:47:11.519,0.7368300000000001,0.73675,1,1.12
12.08.2021 00:47:11.621,0.7368300000000001,0.73674,1.5,2.44
12.08.2021 00:47:11.892,0.7368600000000001,0.73674,1,5.06
12.08.2021 00:47:12.890,0.73685,0.73674,1.5,1
12.08.2021 00:47:14.169,0.7368300000000001,0.73675,1,1
12.08.2021 00:47:14.270,0.7368300000000001,0.73674,1,1
12.08.2021 00:47:14.880,0.73682,0.7367300000000001,1,4.31
12.08.2021 00:47:15.611,0.73682,0.73672,1,2.81
12.08.2021 00:47:15.713,0.7368100000000001,0.73672,1,1.12
12.08.2021 00:47:28.808,0.7368300000000001,0.73672,1.5,1.5
12.08.2021 00:47:29.133,0.7368100000000001,0.73672,1,2.75
12.08.2021 00:47:29.235,0.7368100000000001,0.73672,1,2.62
12.08.2021 00:47:42.477,0.73679,0.7367100000000001,1.25,1.12
12.08.2021 00:47:42.529,0.7367800000000001,0.73667,1.5,3.75
12.08.2021 00:47:42.834,0.7367600000000001,0.73668,1.25,1
12.08.2021 00:47:42.941,0.7367600000000001,0.73667,1.5,1
12.08.2021 00:47:43.044,0.73675,0.7366600000000001,1,1
12.08.2021 00:47:46.347,0.7367600000000001,0.7366600000000001,1.76,1
12.08.2021 00:47:47.656,0.7367600000000001,0.73665,1,1
12.08.2021 00:47:47.816,0.7367600000000001,0.7366600000000001,1.5,1
12.08.2021 00:47:48.018,0.73675,0.7366600000000001,1,1
12.08.2021 00:47:48.229,0.73674,0.7366600000000001,1,1
12.08.2021 00:47:48.330,0.7367300000000001,0.73663,1.5,1
12.08.2021 00:47:48.431,0.73672,0.73663,1,1
12.08.2021 00:48:06.762,0.73675,0.73667,1.2,1
12.08.2021 00:48:06.964,0.7367600000000001,0.73667,1.5,1
12.08.2021 00:48:31.736,0.7367600000000001,0.73668,1,1
12.08.2021 00:48:34.909,0.73677,0.73668,1.5,1
12.08.2021 00:48:47.865,0.73677,0.7366600000000001,1,1.5
12.08.2021 00:49:06.059,0.7367600000000001,0.73668,1,1
12.08.2021 00:49:07.325,0.7367600000000001,0.73667,1,1
12.08.2021 00:49:29.965,0.7367600000000001,0.73668,1,1
12.08.2021 00:49:34.650,0.7367800000000001,0.73667,1,1
12.08.2021 00:49:36.546,0.73679,0.7367100000000001,1,1
12.08.2021 00:49:36.649,0.7368,0.73672,1.57,1
12.08.2021 00:49:44.572,0.7367800000000001,0.73669,1,1.5
12.08.2021 00:49:44.673,0.73677,0.73669,1,1.5
12.08.2021 00:49:44.780,0.73677,0.73669,1,1
12.08.2021 00:49:50.958,0.73677,0.73668,1,1
12.08.2021 00:49:52.511,0.73677,0.73669,1,1
12.08.2021 00:49:54.916,0.7367800000000001,0.73669,1.5,1
12.08.2021 00:49:58.114,0.7367800000000001,0.73668,1.5,1
12.08.2021 00:49:58.215,0.7367800000000001,0.73669,1.5,1
12.08.2021 00:49:58.364,0.7368100000000001,0.7367,1.76,1
12.08.2021 00:49:58.465,0.7368,0.73672,1.2,1
12.08.2021 00:49:58.668,0.73682,0.7367100000000001,1.95,1
12.08.2021 00:50:01.689,0.7368100000000001,0.7367,1.57,1.87
12.08.2021 00:50:05.051,0.7367800000000001,0.7367,1,1.12
12.08.2021 00:50:05.203,0.73677,0.73668,1,1.87
12.08.2021 00:50:10.356,0.73677,0.73667,2.51,1.87
12.08.2021 00:50:14.313,0.73677,0.73668,1,1
12.08.2021 00:50:15.940,0.73679,0.7367100000000001,1,1
12.08.2021 00:50:15.991,0.73682,0.7367100000000001,2.89,1
12.08.2021 00:50:21.240,0.7368100000000001,0.7367300000000001,1,1
12.08.2021 00:50:21.442,0.7368100000000001,0.73672,1.5,1
12.08.2021 00:50:21.981,0.73685,0.73675,3.2,3.75
12.08.2021 00:50:22.082,0.73685,0.73675,1.95,2.62
12.08.2021 00:50:30.189,0.7368600000000001,0.73675,1,1
12.08.2021 00:50:30.290,0.73685,0.73677,1,1
12.08.2021 00:50:33.624,0.7368600000000001,0.73675,1,1
12.08.2021 00:50:38.119,0.73685,0.73677,1,1
12.08.2021 00:50:38.371,0.7368600000000001,0.7367800000000001,1,3
12.08.2021 00:50:38.473,0.7368600000000001,0.73677,1,1.69
12.08.2021 00:50:38.908,0.73687,0.7367600000000001,1,2.69
12.08.2021 00:50:39.320,0.7368800000000001,0.73677,1.5,1.25
12.08.2021 00:50:43.699,0.7368800000000001,0.73679,1,1.69
12.08.2021 00:50:45.046,0.7369,0.73679,1,1
12.08.2021 00:50:51.359,0.7369100000000001,0.7368100000000001,1.5,1.69
12.08.2021 00:50:51.674,0.7369100000000001,0.7368100000000001,1.5,2.69
12.08.2021 00:50:54.040,0.73692,0.7368100000000001,1,2.5
12.08.2021 00:50:55.340,0.7369100000000001,0.73682,1,1.87
12.08.2021 00:51:05.369,0.73689,0.73682,1,1
12.08.2021 00:51:05.420,0.73689,0.73677,1,2.37
12.08.2021 00:51:05.572,0.73687,0.7367800000000001,1,1
12.08.2021 00:51:07.453,0.7368600000000001,0.73677,1,2.06
12.08.2021 00:51:12.240,0.73687,0.73677,1,1.69
12.08.2021 00:51:26.236,0.7368600000000001,0.73677,1,1
12.08.2021 00:51:26.337,0.73685,0.7367600000000001,1,1.12
12.08.2021 00:51:29.400,0.7368600000000001,0.7367600000000001,1,1.87
12.08.2021 00:51:31.533,0.7368600000000001,0.73677,1,1
12.08.2021 00:51:40.964,0.73685,0.7367600000000001,1,1.87
12.08.2021 00:51:41.260,0.73687,0.73675,1,1.87
12.08.2021 00:51:43.709,0.7368600000000001,0.73677,1,1
12.08.2021 00:51:48.190,0.7368600000000001,0.7367600000000001,1.5,1.12
12.08.2021 00:51:52.425,0.73685,0.7367600000000001,1,1.12
12.08.2021 00:52:00.772,0.7368600000000001,0.73677,1.5,1
12.08.2021 00:52:01.950,0.7368600000000001,0.7367600000000001,1.5,1.12
12.08.2021 00:52:05.862,0.7368600000000001,0.73677,1.5,1
12.08.2021 00:52:13.816,0.73685,0.7367600000000001,1,1
12.08.2021 00:52:15.591,0.73687,0.7367600000000001,1.5,1
12.08.2021 00:52:17.336,0.73685,0.7367600000000001,1,1
12.08.2021 00:52:26.817,0.7368600000000001,0.73677,1.5,1.5
12.08.2021 00:52:35.457,0.73685,0.7367600000000001,1,1
12.08.2021 00:52:41.854,0.7368600000000001,0.73677,1.5,1
12.08.2021 00:52:45.086,0.73685,0.7367600000000001,1,1
12.08.2021 00:52:47.626,0.7368300000000001,0.73675,1.25,1.12
12.08.2021 00:52:47.728,0.73682,0.73672,1,1.87
12.08.2021 00:52:47.959,0.7368100000000001,0.7367,1,3.64
12.08.2021 00:52:48.313,0.7368100000000001,0.73672,1,1
12.08.2021 00:53:05.705,0.73679,0.7367100000000001,1,2.62
12.08.2021 00:53:11.093,0.7368300000000001,0.73674,1,3.5
12.08.2021 00:53:11.194,0.73684,0.73675,1,2.25
12.08.2021 00:53:11.296,0.7368300000000001,0.73675,1,1.5
12.08.2021 00:53:13.311,0.73684,0.73675,1,1.5
12.08.2021 00:53:16.216,0.7368600000000001,0.7367600000000001,1,1
12.08.2021 00:53:28.248,0.73685,0.7367800000000001,1,1
12.08.2021 00:53:28.821,0.7368600000000001,0.7367600000000001,1,3
12.08.2021 00:53:32.159,0.7369,0.73679,1.5,3
12.08.2021 00:53:32.261,0.73689,0.7368,1,2.62
12.08.2021 00:53:33.293,0.7368800000000001,0.7368,1,1.5
12.08.2021 00:53:38.299,0.73689,0.7368,1,1
12.08.2021 00:53:40.544,0.73689,0.7368100000000001,1,1
12.08.2021 00:53:41.161,0.7369100000000001,0.7368100000000001,1.5,1.5
12.08.2021 00:53:44.431,0.7369100000000001,0.7368300000000001,1,1
12.08.2021 00:53:44.533,0.7369300000000001,0.73682,1,1.5
12.08.2021 00:53:44.635,0.7369300000000001,0.7368600000000001,1,1
12.08.2021 00:53:44.686,0.7369600000000001,0.7368600000000001,1.12,1
12.08.2021 00:53:45.093,0.73695,0.7368600000000001,1,1
12.08.2021 00:53:46.050,0.73694,0.73682,1.25,2.75
12.08.2021 00:53:46.202,0.7369300000000001,0.7368300000000001,1.25,2.25
12.08.2021 00:53:48.885,0.73692,0.7368300000000001,1,1.5
12.08.2021 00:53:50.260,0.73694,0.7368300000000001,1,1.5
12.08.2021 00:53:50.362,0.7369300000000001,0.7368600000000001,1,1
12.08.2021 00:53:50.564,0.7369300000000001,0.73684,1,2.25
12.08.2021 00:53:51.707,0.73695,0.73684,1,1
12.08.2021 00:53:52.719,0.73695,0.7368600000000001,2.25,1
12.08.2021 00:53:52.820,0.7369600000000001,0.73687,3.19,1
12.08.2021 00:53:54.117,0.73697,0.7368800000000001,1.5,1
12.08.2021 00:53:54.380,0.73699,0.7369,1,1
12.08.2021 00:53:54.541,0.73699,0.73689,1,1
12.08.2021 00:53:54.863,0.7369800000000001,0.73689,1,2.25
12.08.2021 00:54:00.197,0.73699,0.7369,1,1
12.08.2021 00:54:04.473,0.73699,0.7368800000000001,1,2.25
12.08.2021 00:54:07.165,0.7369600000000001,0.7368800000000001,1,1.5
12.08.2021 00:54:07.268,0.7369300000000001,0.73685,1.69,1.87
12.08.2021 00:54:07.420,0.73694,0.7368300000000001,1.25,1.69
12.08.2021 00:54:07.532,0.7369100000000001,0.73684,1,1
12.08.2021 00:54:14.093,0.73692,0.73684,1,1
12.08.2021 00:54:14.195,0.73694,0.7368600000000001,1,1.5
12.08.2021 00:54:14.296,0.73694,0.73687,1,1
12.08.2021 00:54:14.784,0.7369600000000001,0.73687,1,1.5
12.08.2021 00:54:18.019,0.73697,0.73687,1.5,2.25
12.08.2021 00:54:18.171,0.73697,0.7368800000000001,1,1
12.08.2021 00:54:26.932,0.7369800000000001,0.73689,1,1.5
12.08.2021 00:54:27.135,0.73699,0.7369,1.5,1
12.08.2021 00:54:28.251,0.73701,0.7369100000000001,1,1.12
12.08.2021 00:54:28.302,0.73702,0.7369300000000001,1,1.5
12.08.2021 00:54:33.349,0.737,0.7369100000000001,1,1.5
12.08.2021 00:54:33.450,0.737,0.73689,1,1.5
12.08.2021 00:54:34.449,0.737,0.73692,1.5,1.5
12.08.2021 00:54:34.551,0.73705,0.73694,2.81,1.5
12.08.2021 00:54:34.897,0.73704,0.73694,1,1
12.08.2021 00:54:36.690,0.7370300000000001,0.7369300000000001,1,1
12.08.2021 00:54:38.956,0.73704,0.7369600000000001,1,1
12.08.2021 00:54:39.008,0.73706,0.73697,1.5,1
12.08.2021 00:54:44.076,0.73707,0.73699,1,1
12.08.2021 00:54:44.177,0.73707,0.7369800000000001,1,3
12.08.2021 00:54:49.583,0.73709,0.737,1.75,2.25
12.08.2021 00:54:49.685,0.73712,0.73701,1.87,1
12.08.2021 00:54:53.873,0.7371000000000001,0.7370300000000001,1.25,1
12.08.2021 00:54:53.924,0.7371000000000001,0.737,1,1
12.08.2021 00:54:53.975,0.7370800000000001,0.73699,1,2.25
12.08.2021 00:54:54.454,0.73707,0.73699,1,1.5
12.08.2021 00:54:54.718,0.73709,0.737,1,1.87
12.08.2021 00:54:54.769,0.73707,0.737,1,1.5
12.08.2021 00:54:54.870,0.73709,0.73702,1,1
12.08.2021 00:54:57.651,0.7371000000000001,0.73702,1,1
12.08.2021 00:54:59.874,0.7371500000000001,0.73705,1.1,1.5
12.08.2021 00:54:59.975,0.73714,0.73705,1,1.5
12.08.2021 00:55:00.127,0.7371300000000001,0.73702,1,3
12.08.2021 00:55:00.229,0.73712,0.73701,1,2.75
12.08.2021 00:55:00.331,0.73712,0.73701,1,2.25
12.08.2021 00:55:00.483,0.73712,0.73704,1,1
12.08.2021 00:55:00.635,0.73714,0.73704,1,3
12.08.2021 00:55:00.737,0.7371500000000001,0.73704,1,1.5
12.08.2021 00:55:00.838,0.7371500000000001,0.73705,1,2.25
12.08.2021 00:55:01.309,0.7371500000000001,0.73706,1,1.5
12.08.2021 00:55:08.169,0.73717,0.73706,1.5,1
12.08.2021 00:55:14.745,0.73717,0.7370800000000001,1,1
12.08.2021 00:55:20.535,0.7372000000000001,0.73709,1.5,1
12.08.2021 00:55:20.687,0.7372000000000001,0.7371000000000001,2.25,1
12.08.2021 00:55:20.788,0.73721,0.73712,1.5,1.5
12.08.2021 00:55:20.889,0.73721,0.7371300000000001,1,1.5
12.08.2021 00:55:20.990,0.73722,0.7371300000000001,1,1.5
12.08.2021 00:55:49.535,0.73719,0.7371000000000001,1.69,1
12.08.2021 00:55:54.237,0.7371800000000001,0.73709,1,1.5
12.08.2021 00:55:56.719,0.7372000000000001,0.73709,2.44,1
12.08.2021 00:55:57.773,0.7372000000000001,0.73711,1.76,1
12.08.2021 00:55:58.689,0.73722,0.73711,1,1.5
12.08.2021 00:56:35.593,0.73722,0.7371300000000001,2.25,1
12.08.2021 00:56:40.384,0.7372000000000001,0.7370800000000001,1,4.5
12.08.2021 00:56:40.485,0.7371800000000001,0.73709,1,1.5
12.08.2021 00:56:40.587,0.7371800000000001,0.7371000000000001,1,1
12.08.2021 00:56:40.985,0.73719,0.7371000000000001,1.5,1
12.08.2021 00:56:41.137,0.7372000000000001,0.73711,2.25,1
12.08.2021 00:56:41.993,0.7372000000000001,0.73712,1.5,1
12.08.2021 00:56:42.144,0.7372000000000001,0.73711,1.5,1
12.08.2021 00:56:42.878,0.7372000000000001,0.73712,1.5,1
12.08.2021 00:56:46.127,0.7372000000000001,0.73711,1.5,1
12.08.2021 00:56:50.058,0.7372000000000001,0.73712,1.5,1
12.08.2021 00:56:58.595,0.73721,0.73712,1.5,1
12.08.2021 00:57:01.080,0.73722,0.7371300000000001,2.25,1
12.08.2021 00:57:05.141,0.73724,0.7371300000000001,1.69,1
12.08.2021 00:57:05.244,0.73726,0.73716,3.12,1
12.08.2021 00:57:05.346,0.73726,0.73717,1.5,1
12.08.2021 00:57:06.125,0.73727,0.7371800000000001,2.81,1
12.08.2021 00:57:06.428,0.73727,0.73717,1,1
12.08.2021 00:57:06.529,0.7372500000000001,0.73717,1,1
12.08.2021 00:57:07.671,0.73726,0.73717,3,1
12.08.2021 00:57:09.359,0.73726,0.7371500000000001,1,1
12.08.2021 00:57:10.926,0.7372500000000001,0.7371500000000001,1,2.25
12.08.2021 00:57:11.226,0.7372500000000001,0.73716,1,1
12.08.2021 00:57:11.330,0.73724,0.7371500000000001,1,1.5
12.08.2021 00:57:15.554,0.73723,0.73714,1,1
12.08.2021 00:57:15.656,0.73723,0.7371300000000001,1,2.25
12.08.2021 00:57:21.621,0.73722,0.7371300000000001,1.12,1
12.08.2021 00:57:21.672,0.7372000000000001,0.73711,2.25,1
12.08.2021 00:57:21.875,0.7372000000000001,0.7370800000000001,1,1.5
12.08.2021 00:57:28.954,0.73719,0.7371000000000001,1,1
12.08.2021 00:57:30.837,0.73719,0.73709,1.1,1.5
12.08.2021 00:57:32.998,0.73719,0.7371000000000001,1.1,1
12.08.2021 00:57:34.441,0.73719,0.73709,1.1,1.5
12.08.2021 00:57:35.571,0.73719,0.7371000000000001,1.1,1
12.08.2021 00:57:37.177,0.73719,0.73709,1.57,1
12.08.2021 00:57:39.065,0.7372000000000001,0.73709,1.1,1.5
12.08.2021 00:57:39.167,0.73722,0.73711,3.07,1
12.08.2021 00:58:11.870,0.73719,0.7371000000000001,1.1,2.75
12.08.2021 00:58:11.971,0.7372000000000001,0.73709,1.1,1.5
12.08.2021 00:58:12.902,0.7371800000000001,0.7371000000000001,1,1
12.08.2021 00:58:17.054,0.7371800000000001,0.73709,1,1.5
12.08.2021 00:58:19.252,0.73717,0.7370800000000001,1.1,1.87
12.08.2021 00:58:22.019,0.73717,0.73707,1.1,3.37
12.08.2021 00:58:27.706,0.73717,0.73705,1,4.87
12.08.2021 00:58:28.059,0.73716,0.73705,1.76,1.12
12.08.2021 00:58:28.160,0.73714,0.73705,1.1,1.5
12.08.2021 00:58:28.262,0.7371500000000001,0.73705,1.6,1
12.08.2021 00:58:28.363,0.73714,0.73704,1.1,3.56
12.08.2021 00:58:32.176,0.7371300000000001,0.73704,1.1,1.5
12.08.2021 00:58:32.278,0.73712,0.7370300000000001,1,2.06
12.08.2021 00:58:33.376,0.73711,0.7370300000000001,1,1.25
12.08.2021 00:58:34.036,0.73711,0.73701,1.1,1.87
12.08.2021 00:58:37.408,0.73712,0.73701,1.1,1
12.08.2021 00:58:46.588,0.73711,0.73701,1.76,2.25
12.08.2021 00:58:46.639,0.73709,0.737,1,1.12
12.08.2021 00:58:47.394,0.7370800000000001,0.73699,1,1
12.08.2021 00:58:50.209,0.7370800000000001,0.73697,1.1,1.5
12.08.2021 00:58:52.905,0.73707,0.73697,1,1.5
12.08.2021 00:58:58.694,0.73707,0.7369600000000001,1,1.69
12.08.2021 00:58:59.524,0.7370800000000001,0.7369600000000001,1.57,1.69
12.08.2021 00:59:01.001,0.73707,0.7369800000000001,1.57,1
12.08.2021 00:59:07.729,0.73707,0.73697,1.57,2.06
12.08.2021 00:59:07.836,0.7370800000000001,0.7369600000000001,1.5,3.81
12.08.2021 00:59:14.293,0.7370800000000001,0.7369800000000001,1.1,2.25
12.08.2021 00:59:14.893,0.73707,0.7369800000000001,1.1,1.5
12.08.2021 00:59:16.766,0.73706,0.73697,1.1,1
12.08.2021 00:59:16.867,0.73704,0.73695,1.1,1.5
12.08.2021 00:59:16.918,0.73704,0.7369300000000001,1.1,1.12
12.08.2021 00:59:17.020,0.73702,0.7369300000000001,1,1.12
12.08.2021 00:59:18.769,0.73701,0.73692,1,4.12
12.08.2021 00:59:30.466,0.73702,0.7369300000000001,1.1,1
12.08.2021 00:59:36.173,0.73701,0.73692,1,1.5
12.08.2021 00:59:43.911,0.737,0.73689,1,2.25
12.08.2021 00:59:44.958,0.73697,0.73689,1,1
12.08.2021 00:59:45.110,0.73697,0.7368800000000001,1,1.87
12.08.2021 00:59:45.211,0.7369600000000001,0.7368800000000001,1,1.12
12.08.2021 00:59:45.683,0.7369600000000001,0.73687,1,1.12
12.08.2021 00:59:50.581,0.73697,0.7368800000000001,1,1
12.08.2021 00:59:55.526,0.737,0.7369100000000001,1.65,1
12.08.2021 00:59:55.779,0.73699,0.7369,1.1,1
12.08.2021 00:59:55.880,0.7369800000000001,0.73689,1.1,1.5
12.08.2021 00:59:57.174,0.73697,0.73689,1,1
12.08.2021 01:00:00.462,0.7369800000000001,0.73687,1,1
12.08.2021 01:00:01.139,0.73697,0.73687,1.1,1.5
12.08.2021 01:00:01.393,0.73701,0.73689,1.8,2.25
12.08.2021 01:00:01.494,0.737,0.7369,1.65,3.37
12.08.2021 01:00:01.599,0.73701,0.7369100000000001,2.42,1.5
12.08.2021 01:00:01.750,0.73701,0.7369100000000001,2.4,1.5
12.08.2021 01:00:02.504,0.73701,0.7369,1,1.5
12.08.2021 01:00:02.605,0.73702,0.7369,1.65,1.5
12.08.2021 01:00:06.441,0.73702,0.73692,1.1,1
12.08.2021 01:00:07.080,0.73705,0.73695,1.1,3.56
12.08.2021 01:00:07.131,0.73706,0.73697,1,1
12.08.2021 01:00:07.232,0.7370800000000001,0.73697,1.5,1
12.08.2021 01:00:09.074,0.73709,0.737,1,1
12.08.2021 01:00:09.176,0.73711,0.737,1,1
12.08.2021 01:00:10.224,0.73712,0.7370300000000001,1.25,1
12.08.2021 01:00:10.326,0.73712,0.73702,1.25,1
12.08.2021 01:00:15.198,0.73712,0.7370300000000001,1.25,1
12.08.2021 01:00:17.966,0.7371300000000001,0.73701,1.25,1
12.08.2021 01:00:20.156,0.73711,0.73702,1,1
12.08.2021 01:00:33.946,0.7371300000000001,0.73702,1.69,1
12.08.2021 01:00:36.103,0.7371500000000001,0.73707,1.31,1
12.08.2021 01:00:36.306,0.7371800000000001,0.7370800000000001,1,1
12.08.2021 01:00:36.560,0.7371800000000001,0.73709,1,1.5
12.08.2021 01:00:36.661,0.7372000000000001,0.73709,1,1
12.08.2021 01:00:40.980,0.7372000000000001,0.73711,2.44,1
12.08.2021 01:00:45.213,0.73719,0.7371000000000001,1,1
12.08.2021 01:00:46.325,0.73721,0.73711,3.07,1
12.08.2021 01:00:49.186,0.73722,0.73712,1.5,1
12.08.2021 01:00:49.696,0.73723,0.73711,3.25,1
12.08.2021 01:00:51.996,0.73717,0.7370800000000001,1,3.5
12.08.2021 01:00:52.164,0.73717,0.7370800000000001,1,2.25
12.08.2021 01:01:16.109,0.73716,0.7370800000000001,1,1.5
12.08.2021 01:01:17.425,0.73714,0.73705,1,2
12.08.2021 01:01:17.527,0.7371300000000001,0.73702,1.5,1.12
12.08.2021 01:01:27.143,0.73712,0.7370300000000001,3.25,1
12.08.2021 01:01:27.244,0.73712,0.7370300000000001,2.44,1
12.08.2021 01:01:27.345,0.7371300000000001,0.73702,4,1
12.08.2021 01:01:27.396,0.7371000000000001,0.73701,1.5,1
12.08.2021 01:01:28.014,0.7371000000000001,0.73699,1.5,1
12.08.2021 01:01:28.713,0.73707,0.7369800000000001,1.5,1.12
12.08.2021 01:01:29.030,0.73706,0.73697,1.5,1
12.08.2021 01:01:33.053,0.73705,0.7369600000000001,1,1
12.08.2021 01:01:35.457,0.73706,0.73697,1.5,1
12.08.2021 01:01:38.121,0.7370300000000001,0.73695,1,1.12
12.08.2021 01:01:38.222,0.73702,0.7369300000000001,1.5,1.12
12.08.2021 01:01:38.529,0.7370300000000001,0.73695,1,1.25
12.08.2021 01:01:38.580,0.73705,0.7369600000000001,1.87,1.25
12.08.2021 01:01:38.681,0.73705,0.73697,1.12,1.25
12.08.2021 01:01:41.127,0.73706,0.73697,1.5,1.69
12.08.2021 01:01:52.836,0.73704,0.73695,1.5,1.31
12.08.2021 01:01:57.218,0.7370300000000001,0.73694,1,1.25
12.08.2021 01:02:01.944,0.73702,0.7369300000000001,1.5,1.31
12.08.2021 01:02:02.563,0.73701,0.73692,1,2.12
12.08.2021 01:02:02.771,0.73701,0.73692,1,2.06
12.08.2021 01:02:24.130,0.7370300000000001,0.73692,1.5,1
12.08.2021 01:02:30.115,0.73702,0.7369100000000001,1,1
12.08.2021 01:03:03.725,0.73701,0.7369300000000001,1,2.76
12.08.2021 01:03:03.776,0.73704,0.7369600000000001,1,1.25
12.08.2021 01:03:03.877,0.73706,0.73697,3.5,1
12.08.2021 01:03:03.979,0.73706,0.73697,1.5,1
12.08.2021 01:03:09.092,0.73706,0.73695,1,2.06
12.08.2021 01:03:10.259,0.7370300000000001,0.73695,1,1.25
12.08.2021 01:03:10.361,0.7370300000000001,0.73694,1,1.69
12.08.2021 01:03:10.960,0.7370300000000001,0.73694,1,2.69
12.08.2021 01:03:16.049,0.7370300000000001,0.73694,1,1.69
12.08.2021 01:03:18.508,0.7370300000000001,0.73694,1,1.75
12.08.2021 01:03:18.979,0.7370300000000001,0.73694,1,1.69
12.08.2021 01:03:19.315,0.7370300000000001,0.73694,1,1.75
12.08.2021 01:03:20.885,0.7370300000000001,0.73694,1,1.69
12.08.2021 01:03:21.047,0.7370300000000001,0.73694,1,2.12
12.08.2021 01:03:22.542,0.7370300000000001,0.73694,1,2.06
12.08.2021 01:03:37.063,0.7370300000000001,0.73695,1,2.81
12.08.2021 01:03:37.164,0.73704,0.73694,1,3.25
12.08.2021 01:03:40.022,0.73704,0.7369300000000001,1.5,5.62
12.08.2021 01:03:40.123,0.73702,0.7369300000000001,1.5,1.69
12.08.2021 01:03:40.326,0.73701,0.7369300000000001,1,1.25
12.08.2021 01:03:41.589,0.73701,0.73692,1,1.69
12.08.2021 01:03:41.690,0.737,0.73689,1.5,2.94
12.08.2021 01:03:41.792,0.7369600000000001,0.73687,1,2.87
12.08.2021 01:03:46.662,0.73697,0.7368600000000001,1,1.25
12.08.2021 01:03:50.208,0.7369800000000001,0.73687,1.5,1.69
12.08.2021 01:03:50.309,0.73697,0.73689,1,1.25
12.08.2021 01:03:50.410,0.73697,0.7368800000000001,1.5,1.69
12.08.2021 01:03:50.641,0.73697,0.73689,1,1
12.08.2021 01:03:54.032,0.73697,0.7368800000000001,1.5,1.25
12.08.2021 01:03:59.723,0.7369800000000001,0.7368800000000001,1.5,1
12.08.2021 01:04:00.033,0.73697,0.7368800000000001,1.5,1.25
12.08.2021 01:04:03.076,0.73697,0.73689,1,1.5
12.08.2021 01:04:04.955,0.7369800000000001,0.7369,1,3.19
12.08.2021 01:04:05.006,0.737,0.7369100000000001,2.7,1.69
12.08.2021 01:04:05.108,0.73701,0.73692,1,1
12.08.2021 01:04:18.396,0.73701,0.73692,1,2.69
12.08.2021 01:04:20.054,0.73701,0.73692,1,1.5
12.08.2021 01:04:20.562,0.73701,0.7369300000000001,1,1
12.08.2021 01:04:24.017,0.73701,0.73692,1,1
12.08.2021 01:04:24.371,0.73702,0.7369300000000001,1.87,3.25
12.08.2021 01:04:24.472,0.73702,0.7369300000000001,1.5,1.69
12.08.2021 01:04:25.790,0.73704,0.7369600000000001,1.5,1
12.08.2021 01:04:25.893,0.73706,0.73695,1.12,2.44
12.08.2021 01:04:25.995,0.73706,0.73697,1.5,1.69
12.08.2021 01:04:26.148,0.73706,0.73697,1,3.25
12.08.2021 01:04:28.089,0.7370800000000001,0.73699,1,2.69
12.08.2021 01:04:28.191,0.7371000000000001,0.737,1,1
12.08.2021 01:04:28.649,0.73707,0.7369800000000001,1.5,1.25
12.08.2021 01:04:32.077,0.73709,0.7369800000000001,2.25,1
12.08.2021 01:04:32.688,0.73706,0.73697,1,1.5
12.08.2021 01:04:36.201,0.73707,0.7369800000000001,1.5,1
12.08.2021 01:04:37.727,0.73707,0.7369600000000001,1,1.5
12.08.2021 01:04:56.082,0.7370800000000001,0.73697,2.25,1
12.08.2021 01:05:11.036,0.73707,0.7369800000000001,1.5,2.5
12.08.2021 01:05:11.519,0.73709,0.73701,1,1.25
12.08.2021 01:05:12.433,0.73711,0.73702,1.5,1.25
12.08.2021 01:05:14.740,0.7370800000000001,0.737,1,1
12.08.2021 01:05:14.842,0.7370800000000001,0.73699,1.5,1.25
12.08.2021 01:05:18.068,0.73704,0.73697,1,1.75
12.08.2021 01:05:18.119,0.73704,0.7369300000000001,1,3.37
12.08.2021 01:05:18.220,0.7370300000000001,0.7369300000000001,1.5,1.12
12.08.2021 01:05:18.321,0.73701,0.7369300000000001,1,1
12.08.2021 01:05:18.423,0.73701,0.73692,1,2.06
12.08.2021 01:05:19.111,0.73701,0.7369300000000001,1,1.69
12.08.2021 01:05:19.728,0.73701,0.73694,1,1.25
12.08.2021 01:05:23.257,0.73702,0.73694,1,1.25
12.08.2021 01:05:28.156,0.73702,0.7369300000000001,1,3.94
12.08.2021 01:05:29.900,0.73701,0.73692,1,1
12.08.2021 01:05:30.002,0.737,0.7369,1,1.5
12.08.2021 01:05:30.106,0.73699,0.7368800000000001,1,2.25
12.08.2021 01:05:32.793,0.73699,0.7369,1,1
12.08.2021 01:05:40.542,0.73701,0.7369100000000001,1.5,1
12.08.2021 01:05:40.644,0.73701,0.7369300000000001,1,1
12.08.2021 01:05:41.149,0.73702,0.7369100000000001,1.5,1.25
12.08.2021 01:05:43.252,0.73701,0.7369300000000001,1.5,1
12.08.2021 01:05:43.353,0.73701,0.7369300000000001,1,3.25
12.08.2021 01:05:43.404,0.7370300000000001,0.73694,1,1.69
12.08.2021 01:05:45.667,0.73702,0.73694,1,1
12.08.2021 01:05:45.768,0.7370300000000001,0.73692,1,1.5
12.08.2021 01:05:45.869,0.73701,0.7369300000000001,1,1
12.08.2021 01:05:46.020,0.73701,0.73692,1,1.25
12.08.2021 01:05:55.572,0.73702,0.7369300000000001,1,1.69
12.08.2021 01:05:55.774,0.7370300000000001,0.73694,1,1
12.08.2021 01:05:56.116,0.7370300000000001,0.73692,1,2.06
12.08.2021 01:05:56.405,0.7370300000000001,0.73694,1,1.31
12.08.2021 01:06:03.050,0.73702,0.7369300000000001,1,1.87
12.08.2021 01:06:03.202,0.73701,0.7369300000000001,1,1
12.08.2021 01:06:07.253,0.73701,0.7369100000000001,1,1
12.08.2021 01:06:07.304,0.7369800000000001,0.7368800000000001,1,1.5
12.08.2021 01:06:07.406,0.73697,0.73687,1,1.12
12.08.2021 01:06:12.208,0.7369800000000001,0.73687,1,1.69
12.08.2021 01:06:17.453,0.7369600000000001,0.7368800000000001,1,1.25
12.08.2021 01:06:20.808,0.7369600000000001,0.73689,1,1.25
12.08.2021 01:06:21.213,0.73697,0.73689,1,1.25
12.08.2021 01:06:25.089,0.73697,0.7368800000000001,1,1.25
12.08.2021 01:06:25.595,0.73692,0.73684,1,1
12.08.2021 01:06:25.697,0.7369300000000001,0.7368300000000001,1,1.51
12.08.2021 01:06:25.798,0.7369100000000001,0.7368300000000001,1,4.26
12.08.2021 01:06:26.690,0.7369600000000001,0.73685,1,1.25
12.08.2021 01:06:28.013,0.7369300000000001,0.7368300000000001,1,1.13
12.08.2021 01:06:28.115,0.73694,0.7368100000000001,1,6.26
12.08.2021 01:06:28.216,0.73692,0.7368100000000001,1,2.14
12.08.2021 01:06:30.972,0.7369100000000001,0.73682,1,5.39
12.08.2021 01:06:34.114,0.7369300000000001,0.73682,1.5,4.64
12.08.2021 01:06:35.092,0.7369100000000001,0.73682,1,4.64
12.08.2021 01:06:35.193,0.7369100000000001,0.73682,1,1.76
12.08.2021 01:06:41.546,0.73689,0.73682,1,1
12.08.2021 01:06:41.597,0.73689,0.7368,1,1.31
12.08.2021 01:06:42.154,0.7369100000000001,0.73682,1,1
12.08.2021 01:06:44.026,0.7369,0.73679,1,4.69
12.08.2021 01:06:44.430,0.73689,0.7368,1,6.01
12.08.2021 01:06:46.327,0.7369100000000001,0.7368,1,2.06
12.08.2021 01:06:50.729,0.7369,0.73682,1,1
12.08.2021 01:06:50.830,0.7369,0.7368100000000001,1,2.89
12.08.2021 01:06:50.932,0.73692,0.73682,1.5,4.01
12.08.2021 01:06:51.186,0.7369100000000001,0.73682,1,1.87
12.08.2021 01:06:57.293,0.73694,0.7368600000000001,1.5,2.25
12.08.2021 01:06:57.394,0.73695,0.73687,1.12,1
12.08.2021 01:06:57.546,0.73697,0.73689,1,2.69
12.08.2021 01:06:57.597,0.73699,0.7369,1.12,1.69
12.08.2021 01:06:57.749,0.73701,0.7369,1,3.19
12.08.2021 01:07:00.742,0.73701,0.7369,1,3.25
12.08.2021 01:07:00.995,0.73701,0.7369300000000001,1,1
12.08.2021 01:07:01.096,0.737,0.7369100000000001,1,3.37
12.08.2021 01:07:04.228,0.73701,0.7369100000000001,1,1
12.08.2021 01:07:04.330,0.73701,0.7369,1,3.56
12.08.2021 01:07:05.040,0.737,0.73692,1,1.25
12.08.2021 01:07:05.493,0.737,0.7369100000000001,1,3.64
12.08.2021 01:07:09.560,0.737,0.7369,1,1.12
12.08.2021 01:07:09.661,0.737,0.7369,1,2.75
12.08.2021 01:07:09.763,0.7369800000000001,0.73689,1,2.19
12.08.2021 01:07:09.915,0.7369800000000001,0.73689,1,1.69
12.08.2021 01:07:17.020,0.73697,0.73689,1,1
12.08.2021 01:07:19.253,0.7369800000000001,0.73687,1,1.5
12.08.2021 01:07:19.404,0.7369600000000001,0.73687,1,1.31
12.08.2021 01:07:19.993,0.73697,0.73689,1,1
12.08.2021 01:07:21.723,0.73699,0.73689,1,2.81
12.08.2021 01:07:21.825,0.73699,0.7369,1,1.12
12.08.2021 01:07:21.926,0.7369800000000001,0.73687,1,2.14
12.08.2021 01:07:22.429,0.7369600000000001,0.7368800000000001,1,1
12.08.2021 01:07:22.833,0.73697,0.7368800000000001,1,1.25
12.08.2021 01:07:25.187,0.7369600000000001,0.7368800000000001,1,1
12.08.2021 01:07:26.640,0.73699,0.7369,1,4.39
12.08.2021 01:07:27.271,0.73699,0.7369,1,5.76
12.08.2021 01:07:30.239,0.737,0.7369,1,4.64
12.08.2021 01:07:33.268,0.737,0.7369,1,3.64
12.08.2021 01:07:34.618,0.737,0.7369,1,5.76
12.08.2021 01:07:50.245,0.73702,0.7369300000000001,1.5,1
12.08.2021 01:07:50.500,0.73702,0.73692,1.5,1.95
12.08.2021 01:07:50.602,0.737,0.7369100000000001,1,2.89
12.08.2021 01:07:56.497,0.737,0.7369,1,1
12.08.2021 01:08:00.069,0.7369800000000001,0.7369,1,1
12.08.2021 01:08:00.120,0.7369800000000001,0.7368800000000001,2.25,1
12.08.2021 01:08:00.221,0.73697,0.73687,1.5,2.81
12.08.2021 01:08:02.295,0.7369800000000001,0.7368800000000001,1.5,1
12.08.2021 01:08:02.396,0.73699,0.7368800000000001,1.5,1
12.08.2021 01:08:05.141,0.73699,0.73687,1.87,1.5
12.08.2021 01:08:07.855,0.7369800000000001,0.73689,1.87,1
12.08.2021 01:08:12.524,0.73699,0.7369,1,2.06
12.08.2021 01:08:12.878,0.73697,0.73689,1,1.5
12.08.2021 01:08:12.979,0.7369800000000001,0.7368800000000001,1,1
12.08.2021 01:08:17.235,0.73697,0.7368800000000001,1,2.44
12.08.2021 01:08:17.336,0.73697,0.73689,1,1
12.08.2021 01:08:17.970,0.7369800000000001,0.73689,1,1
12.08.2021 01:08:22.103,0.7369800000000001,0.7368800000000001,1,2.25
12.08.2021 01:08:22.355,0.73697,0.7368800000000001,1.5,1
12.08.2021 01:08:23.559,0.73697,0.7368600000000001,1,1.5
12.08.2021 01:08:27.429,0.7369600000000001,0.73687,1,2.69
12.08.2021 01:08:29.217,0.7369600000000001,0.73687,1,1.69
12.08.2021 01:08:31.963,0.7369300000000001,0.73685,1,1.12
12.08.2021 01:08:32.065,0.7369100000000001,0.7368100000000001,1.5,5.19
12.08.2021 01:08:32.167,0.73692,0.7368,1.5,2.62
12.08.2021 01:08:33.815,0.7369100000000001,0.73679,1,3.69
12.08.2021 01:08:33.916,0.7369,0.7368,1,3.56
12.08.2021 01:08:34.434,0.7369,0.7368100000000001,1,1
12.08.2021 01:08:47.263,0.7369,0.73682,1,1
12.08.2021 01:08:47.365,0.7369,0.7368100000000001,1,4.39
12.08.2021 01:08:51.794,0.73694,0.7368300000000001,1.5,3
12.08.2021 01:08:51.896,0.73694,0.73685,1,1.5
12.08.2021 01:08:52.473,0.73692,0.73682,1,1
12.08.2021 01:08:52.574,0.73692,0.7368100000000001,1.5,1
12.08.2021 01:08:59.092,0.7369,0.7368100000000001,1,1.87
12.08.2021 01:08:59.597,0.7369,0.73682,1,1
12.08.2021 01:09:00.706,0.73687,0.73679,1,1.5
12.08.2021 01:09:00.807,0.73685,0.7367600000000001,1.5,1.5
12.08.2021 01:09:07.022,0.73685,0.7367600000000001,1,3.81
12.08.2021 01:09:07.123,0.7368800000000001,0.73677,1,2.89
12.08.2021 01:09:07.224,0.73687,0.73679,1,1.25
12.08.2021 01:09:07.326,0.7368800000000001,0.7368,1,1.76
12.08.2021 01:09:08.892,0.73689,0.7368,1,2.51
12.08.2021 01:09:10.029,0.73689,0.73679,1,1
12.08.2021 01:09:11.681,0.7368800000000001,0.73679,1,1.87
12.08.2021 01:09:11.782,0.7368800000000001,0.7367800000000001,1,1.12
12.08.2021 01:09:16.048,0.7368800000000001,0.73679,1,1.87
12.08.2021 01:09:17.344,0.73687,0.73677,1,1
12.08.2021 01:09:20.004,0.7368800000000001,0.73679,1,1.69
12.08.2021 01:09:20.206,0.73687,0.73679,1,1
12.08.2021 01:09:20.545,0.7368800000000001,0.73677,1,2.62
12.08.2021 01:09:24.238,0.7368600000000001,0.7367800000000001,1,1
12.08.2021 01:09:29.506,0.73687,0.7367800000000001,1,1
12.08.2021 01:09:29.658,0.73687,0.73679,1,1
12.08.2021 01:09:32.026,0.7368800000000001,0.73677,1,1.25
12.08.2021 01:09:38.654,0.7368600000000001,0.7367800000000001,1,1
12.08.2021 01:09:40.015,0.7368600000000001,0.7367600000000001,1,2.81
12.08.2021 01:09:42.068,0.73685,0.7367600000000001,1,4.31
12.08.2021 01:09:45.854,0.73685,0.7367800000000001,1,1
12.08.2021 01:09:49.180,0.7368600000000001,0.7367600000000001,1,1
12.08.2021 01:09:59.748,0.7368600000000001,0.73677,1,3.19
12.08.2021 01:09:59.849,0.7368800000000001,0.73679,1,1
12.08.2021 01:09:59.900,0.73689,0.7368100000000001,1,1
12.08.2021 01:10:00.002,0.7369,0.7368100000000001,1,2.06
12.08.2021 01:10:04.083,0.7369,0.7368,1,1.31
12.08.2021 01:10:14.106,0.7369100000000001,0.7368300000000001,1,1.5
12.08.2021 01:10:14.208,0.7369300000000001,0.73685,1,1
12.08.2021 01:10:14.515,0.73694,0.73685,1,4.69
12.08.2021 01:10:16.272,0.73692,0.7368300000000001,1,1.5
12.08.2021 01:10:16.474,0.7369100000000001,0.73682,1,1.12
12.08.2021 01:10:17.510,0.7369100000000001,0.7368100000000001,1,2.81
12.08.2021 01:10:17.612,0.7369100000000001,0.7368,1,2.06
12.08.2021 01:10:17.971,0.7369,0.73682,1,1
12.08.2021 01:10:57.513,0.7369,0.7368100000000001,1,1.87
12.08.2021 01:11:30.291,0.7369100000000001,0.73682,1,1
12.08.2021 01:11:46.167,0.7369,0.7368100000000001,1,1.87
12.08.2021 01:11:58.336,0.7369100000000001,0.7368100000000001,1.5,1.87
12.08.2021 01:12:14.886,0.73692,0.7368100000000001,1,1.25
12.08.2021 01:12:17.545,0.73692,0.73682,1,1
12.08.2021 01:12:22.577,0.7369100000000001,0.73682,1,1.25
12.08.2021 01:12:23.329,0.7369100000000001,0.7368300000000001,1,1
12.08.2021 01:12:23.651,0.7369100000000001,0.73682,1,1.25
12.08.2021 01:12:24.680,0.73692,0.73682,1,1
12.08.2021 01:12:25.608,0.7369,0.7368100000000001,3,1.12
12.08.2021 01:12:25.709,0.7369100000000001,0.73679,2.25,1
12.08.2021 01:12:25.811,0.73689,0.73679,1,1.12
12.08.2021 01:12:26.063,0.7368800000000001,0.73679,1,1
12.08.2021 01:12:28.078,0.7368800000000001,0.73677,1,1.5
12.08.2021 01:12:28.232,0.73687,0.73677,1.5,1.87
12.08.2021 01:12:28.333,0.7368600000000001,0.73677,1.5,1.12
12.08.2021 01:12:32.609,0.7368600000000001,0.7367600000000001,1.5,2.06
12.08.2021 01:12:33.027,0.7368600000000001,0.73677,1.5,1
12.08.2021 01:12:33.229,0.73687,0.73677,1.5,1
12.08.2021 01:12:34.579,0.7368600000000001,0.73677,1,1
12.08.2021 01:12:34.786,0.73687,0.73675,1,2.62
12.08.2021 01:12:35.089,0.7368600000000001,0.73677,1.5,1
12.08.2021 01:12:38.979,0.73684,0.73674,1,3.37
12.08.2021 01:12:39.030,0.7368,0.7367100000000001,1,3.01
12.08.2021 01:12:39.082,0.73679,0.7367100000000001,1.25,1
12.08.2021 01:12:39.234,0.7367800000000001,0.73669,1,1
12.08.2021 01:12:40.355,0.7367800000000001,0.73668,1.5,1
12.08.2021 01:12:45.189,0.7367800000000001,0.73669,1.5,1
12.08.2021 01:12:49.590,0.73679,0.7367,1,1.5
12.08.2021 01:12:49.742,0.7368100000000001,0.73672,2.62,1
12.08.2021 01:12:50.731,0.7368300000000001,0.7367100000000001,1,4.31
12.08.2021 01:12:50.833,0.73682,0.7367300000000001,1,1
12.08.2021 01:12:50.934,0.7368300000000001,0.73674,1.5,1
12.08.2021 01:12:52.769,0.73684,0.73674,2.62,1
12.08.2021 01:12:52.870,0.73684,0.7367300000000001,1.5,1
12.08.2021 01:12:54.039,0.73682,0.7367300000000001,1,1.12
12.08.2021 01:12:54.681,0.7368100000000001,0.73672,1,1.87
12.08.2021 01:12:57.650,0.7368100000000001,0.7367100000000001,1.5,1.87
12.08.2021 01:13:01.525,0.7368100000000001,0.7367100000000001,1.5,3.81
12.08.2021 01:13:01.627,0.73684,0.73675,1.5,1
12.08.2021 01:13:01.730,0.73685,0.73675,1.5,1.87
12.08.2021 01:13:08.859,0.73685,0.7367600000000001,1.5,1
12.08.2021 01:13:17.648,0.7368600000000001,0.7367600000000001,1.5,1
12.08.2021 01:13:19.003,0.73687,0.7367600000000001,1.5,1
12.08.2021 01:13:40.939,0.73685,0.7367600000000001,1,1.5
12.08.2021 01:13:43.203,0.7368600000000001,0.73677,1.5,1
12.08.2021 01:13:47.162,0.7368600000000001,0.7367600000000001,1.5,1.87
12.08.2021 01:13:47.264,0.73685,0.7367600000000001,1,1.5
12.08.2021 01:13:52.726,0.73687,0.7367600000000001,1.5,3.19
12.08.2021 01:13:57.778,0.73689,0.7368,1,1.69
12.08.2021 01:13:57.880,0.7369100000000001,0.73679,1.87,1.69
12.08.2021 01:14:00.969,0.7369,0.73679,1,1
12.08.2021 01:14:01.555,0.73689,0.7367800000000001,1,1
12.08.2021 01:14:01.656,0.7368600000000001,0.73677,1,2
12.08.2021 01:14:01.758,0.7368600000000001,0.73677,1,1.5
12.08.2021 01:14:04.625,0.73687,0.7367800000000001,1,1
12.08.2021 01:14:04.726,0.73687,0.73677,1.5,1
12.08.2021 01:14:04.827,0.7368600000000001,0.73677,1,1
12.08.2021 01:14:08.014,0.7368600000000001,0.7367600000000001,1,3
12.08.2021 01:14:17.117,0.7368800000000001,0.7367600000000001,1.5,1
12.08.2021 01:14:18.280,0.7368800000000001,0.73677,1.5,1
12.08.2021 01:14:26.437,0.7368800000000001,0.7367800000000001,3.19,1
12.08.2021 01:14:28.033,0.73687,0.7367800000000001,1,1
12.08.2021 01:14:28.135,0.73687,0.7367600000000001,1.5,1
12.08.2021 01:14:34.530,0.73685,0.73677,1,1
12.08.2021 01:14:34.681,0.73687,0.7367600000000001,3.26,1
12.08.2021 01:14:35.750,0.73687,0.73677,2.06,1
12.08.2021 01:14:35.852,0.73687,0.7367800000000001,1.5,1
12.08.2021 01:14:41.451,0.73685,0.7367800000000001,1,1
12.08.2021 01:14:43.133,0.7368600000000001,0.73679,1,1
12.08.2021 01:14:43.234,0.7368800000000001,0.7367800000000001,1,1
12.08.2021 01:15:02.104,0.7368600000000001,0.73677,1,1
12.08.2021 01:15:02.205,0.7368600000000001,0.7367800000000001,1,1
12.08.2021 01:15:03.688,0.73685,0.7367600000000001,1.5,1
12.08.2021 01:15:03.789,0.7368600000000001,0.7367600000000001,1,1
12.08.2021 01:15:05.018,0.7368600000000001,0.73677,1,1
12.08.2021 01:15:05.271,0.7368600000000001,0.7367800000000001,1,1
12.08.2021 01:15:05.473,0.7368600000000001,0.73679,1,1
12.08.2021 01:15:05.574,0.7368600000000001,0.7367800000000001,1,1
12.08.2021 01:15:05.776,0.73685,0.7367800000000001,1,1
12.08.2021 01:15:06.614,0.73687,0.7367600000000001,1,1
12.08.2021 01:15:08.115,0.73684,0.7367600000000001,1,1
12.08.2021 01:15:08.166,0.73687,0.73675,1.87,1
12.08.2021 01:15:08.267,0.73687,0.7367600000000001,1.87,1
12.08.2021 01:15:09.572,0.7368600000000001,0.7367800000000001,1,1
12.08.2021 01:15:10.397,0.73685,0.7367800000000001,1,1
12.08.2021 01:15:10.499,0.7368600000000001,0.7367800000000001,1,1
12.08.2021 01:15:10.600,0.73685,0.7367800000000001,1,1
12.08.2021 01:15:10.702,0.7368600000000001,0.7367600000000001,1,1
12.08.2021 01:15:10.803,0.7368300000000001,0.73674,1.5,1.5
12.08.2021 01:15:16.610,0.73682,0.7367300000000001,1,1
12.08.2021 01:15:16.661,0.7368100000000001,0.73672,1,1
12.08.2021 01:15:41.140,0.7368,0.73672,1,1
12.08.2021 01:15:41.291,0.7368100000000001,0.73672,1,1
12.08.2021 01:15:52.468,0.7368100000000001,0.7367,1,1
12.08.2021 01:16:01.650,0.7368100000000001,0.7367100000000001,1.5,2.7
12.08.2021 01:16:01.751,0.7368100000000001,0.73672,1.5,1.25
12.08.2021 01:16:01.903,0.7368100000000001,0.73674,1,1.25
12.08.2021 01:16:01.953,0.7368300000000001,0.73674,1,1.69
12.08.2021 01:16:02.762,0.7368100000000001,0.73672,1,4.51
12.08.2021 01:16:02.965,0.7368100000000001,0.73672,1.5,1
12.08.2021 01:16:06.188,0.7368100000000001,0.7367100000000001,1.5,1.25
12.08.2021 01:16:07.425,0.7367800000000001,0.73668,1.5,5.89
12.08.2021 01:16:07.526,0.7367800000000001,0.73668,1.5,3.14
12.08.2021 01:16:07.628,0.7367800000000001,0.73668,1.5,1.76
12.08.2021 01:16:07.729,0.7367800000000001,0.73669,1.5,1
12.08.2021 01:16:09.704,0.73679,0.7367,1,1
12.08.2021 01:16:09.806,0.7368100000000001,0.73669,1.5,1.5
12.08.2021 01:16:15.497,0.7368,0.7367100000000001,1.5,1
12.08.2021 01:16:22.453,0.7368,0.73672,1,1
12.08.2021 01:16:23.224,0.7368100000000001,0.73672,1,1
12.08.2021 01:16:25.803,0.7368300000000001,0.7367300000000001,1,1.5
12.08.2021 01:16:25.854,0.73685,0.73677,1.87,1
12.08.2021 01:16:26.109,0.73687,0.73677,1.5,1.25
12.08.2021 01:16:26.211,0.7368800000000001,0.73677,1.5,1.25
12.08.2021 01:16:26.263,0.73689,0.7368,1.5,1
12.08.2021 01:16:26.518,0.73687,0.7367800000000001,1.5,2
12.08.2021 01:16:26.620,0.73687,0.7367800000000001,1.5,1
12.08.2021 01:16:30.967,0.7368800000000001,0.7367800000000001,1,1
12.08.2021 01:16:31.284,0.73689,0.7368,1,1.5
12.08.2021 01:16:35.575,0.7369,0.7368,1,1
12.08.2021 01:16:35.844,0.7369,0.7368100000000001,1.5,1
12.08.2021 01:16:36.350,0.7369100000000001,0.7368300000000001,1,1
12.08.2021 01:16:36.452,0.7369300000000001,0.73682,1.5,1
12.08.2021 01:16:36.554,0.73692,0.73682,1.5,1.5
12.08.2021 01:16:41.501,0.7369100000000001,0.73682,1,1.5
12.08.2021 01:16:42.730,0.7369,0.73682,1,1.5
12.08.2021 01:16:55.220,0.73692,0.7368300000000001,1.5,1
12.08.2021 01:16:55.322,0.73692,0.73682,1.5,1.5
12.08.2021 01:17:02.062,0.7369100000000001,0.7368100000000001,1,1.5
12.08.2021 01:17:02.737,0.7368800000000001,0.7367800000000001,1.5,2.44
12.08.2021 01:17:02.788,0.73687,0.7367600000000001,1,1.87
12.08.2021 01:17:10.714,0.7368600000000001,0.73675,1.87,1
12.08.2021 01:17:10.815,0.7368100000000001,0.73672,1,2.56
12.08.2021 01:17:10.917,0.7368100000000001,0.73672,1,2.06
12.08.2021 01:17:11.941,0.73684,0.7367600000000001,1,1
12.08.2021 01:17:12.044,0.73685,0.7367600000000001,1.5,1.25
12.08.2021 01:17:17.908,0.7368600000000001,0.7367600000000001,1.5,2.06
12.08.2021 01:17:22.809,0.73687,0.7367600000000001,1.5,1
12.08.2021 01:17:58.199,0.7368800000000001,0.7367800000000001,1.5,1
12.08.2021 01:18:00.127,0.73687,0.7367800000000001,1.5,1
12.08.2021 01:18:00.229,0.73687,0.7367600000000001,1,2.06
12.08.2021 01:18:02.929,0.73685,0.73677,1,1.12
12.08.2021 01:18:05.985,0.73685,0.7367600000000001,1,2.06
12.08.2021 01:18:06.087,0.7368100000000001,0.73672,1,1.32
12.08.2021 01:18:06.188,0.73679,0.7367100000000001,1,2
12.08.2021 01:18:06.239,0.73679,0.7367,1.5,1.5
12.08.2021 01:18:06.341,0.73677,0.73668,1.5,2
12.08.2021 01:18:06.442,0.73677,0.73668,1.5,1
12.08.2021 01:18:06.858,0.7367600000000001,0.73668,1,1
12.08.2021 01:18:08.127,0.7367800000000001,0.73667,1.5,1
12.08.2021 01:18:08.504,0.73677,0.73669,1,1
12.08.2021 01:18:08.606,0.7367800000000001,0.73669,1,1
12.08.2021 01:18:10.145,0.7367800000000001,0.7367,1,1
12.08.2021 01:18:10.297,0.7368,0.73669,1,1
12.08.2021 01:18:10.399,0.73679,0.7367100000000001,1,1
12.08.2021 01:18:10.500,0.7368,0.73672,1,1
12.08.2021 01:18:14.412,0.73682,0.73672,1,1
12.08.2021 01:18:14.514,0.73682,0.7367100000000001,1,1.87
12.08.2021 01:18:15.259,0.7368100000000001,0.7367100000000001,1,1
12.08.2021 01:18:15.360,0.7368,0.7367100000000001,1.5,1
12.08.2021 01:18:17.699,0.73679,0.7367100000000001,1,1.5
12.08.2021 01:18:21.392,0.7368,0.7367100000000001,1,1.31
12.08.2021 01:18:22.112,0.73679,0.7367100000000001,1,1.12
12.08.2021 01:18:22.315,0.7368,0.7367100000000001,1,1.12
12.08.2021 01:18:30.383,0.73679,0.7367,1.5,1.12
12.08.2021 01:18:30.484,0.7367800000000001,0.73669,1.5,1.5
12.08.2021 01:18:30.586,0.7367600000000001,0.73668,1,1
12.08.2021 01:18:30.687,0.7367600000000001,0.73667,1.5,1.12
12.08.2021 01:18:52.862,0.73677,0.73667,1.5,1
12.08.2021 01:18:54.082,0.7367800000000001,0.73667,1.5,1.5
12.08.2021 01:18:58.391,0.7367600000000001,0.73668,1,1
12.08.2021 01:19:02.928,0.73677,0.7366600000000001,1,1
12.08.2021 01:19:03.379,0.7367800000000001,0.73667,1.5,1
12.08.2021 01:19:04.319,0.7367600000000001,0.73668,1,1
12.08.2021 01:19:04.421,0.7367600000000001,0.73667,1,1
12.08.2021 01:19:05.163,0.73677,0.73667,1,1
12.08.2021 01:19:05.264,0.7367800000000001,0.73667,1,1
12.08.2021 01:19:06.121,0.7368100000000001,0.7367,1.5,1
12.08.2021 01:19:06.222,0.7368,0.73672,1,1
12.08.2021 01:19:06.604,0.7368100000000001,0.73672,1,1.5
12.08.2021 01:19:06.705,0.7368100000000001,0.7367300000000001,1,1
12.08.2021 01:19:17.467,0.7368100000000001,0.73672,1.87,1.5
12.08.2021 01:19:24.315,0.7368100000000001,0.7367300000000001,1,1.5
12.08.2021 01:19:38.781,0.7368300000000001,0.73672,1.5,1
12.08.2021 01:19:41.116,0.73682,0.73672,1.5,2.06
12.08.2021 01:19:54.648,0.73682,0.7367300000000001,1,1
12.08.2021 01:20:11.476,0.73684,0.73675,1,1
12.08.2021 01:20:11.529,0.7368300000000001,0.7367300000000001,1,1.5
12.08.2021 01:20:11.580,0.73685,0.7367600000000001,1,1
12.08.2021 01:20:16.283,0.7368600000000001,0.73677,1,1
12.08.2021 01:20:19.281,0.7368600000000001,0.7367800000000001,1,1
12.08.2021 01:20:27.800,0.73687,0.73679,1,1
12.08.2021 01:20:29.386,0.7368800000000001,0.73677,1,1
12.08.2021 01:20:29.538,0.7368800000000001,0.7367800000000001,1,1
12.08.2021 01:20:29.740,0.73687,0.7367800000000001,1,1
12.08.2021 01:20:29.842,0.73687,0.73679,1,1
12.08.2021 01:20:30.508,0.73687,0.7367800000000001,1.5,1
12.08.2021 01:20:31.764,0.7368600000000001,0.73677,1,1.5
12.08.2021 01:20:31.916,0.7368300000000001,0.73672,1,3.56
12.08.2021 01:20:32.119,0.73682,0.73672,1.5,1.87
12.08.2021 01:20:32.621,0.7368100000000001,0.73672,1,1.5
12.08.2021 01:20:33.139,0.7368300000000001,0.7367100000000001,1.5,1.5
12.08.2021 01:20:34.222,0.73682,0.7367100000000001,1,1.5
12.08.2021 01:20:34.667,0.7368,0.7367,1.5,1.5
12.08.2021 01:20:34.768,0.73679,0.73669,1,1.87
12.08.2021 01:20:34.870,0.7367800000000001,0.73669,1.5,1.5
12.08.2021 01:20:38.566,0.73679,0.73669,1,1.5
12.08.2021 01:20:38.870,0.73679,0.7367,1,1.5
12.08.2021 01:20:40.975,0.73682,0.7367,1,1.5
12.08.2021 01:20:41.076,0.73682,0.73672,3,1
12.08.2021 01:20:42.773,0.73682,0.7367100000000001,1,1
12.08.2021 01:20:43.823,0.7368,0.7367,1,1.5
12.08.2021 01:20:44.027,0.7368,0.73669,1,1
12.08.2021 01:20:45.629,0.73679,0.7367100000000001,1,1
12.08.2021 01:20:46.373,0.7367800000000001,0.7367100000000001,1,1
12.08.2021 01:20:49.056,0.73679,0.73672,1,1
12.08.2021 01:20:49.158,0.7368,0.7367300000000001,1,1
12.08.2021 01:20:49.259,0.73682,0.73672,1,1
12.08.2021 01:20:49.310,0.73684,0.73674,1.5,1.5
12.08.2021 01:20:49.411,0.73684,0.73677,1.12,1
12.08.2021 01:20:54.563,0.73685,0.7367800000000001,1,1
12.08.2021 01:20:54.664,0.73687,0.7367800000000001,1,1
12.08.2021 01:20:55.452,0.73689,0.7367800000000001,1.87,1
12.08.2021 01:20:55.553,0.7368800000000001,0.7368,1.87,1
12.08.2021 01:20:58.546,0.7368600000000001,0.73677,1,1
12.08.2021 01:21:00.485,0.73687,0.7368,1,1
12.08.2021 01:21:01.045,0.73687,0.73677,1,1
12.08.2021 01:21:01.146,0.7368600000000001,0.73679,1,1
12.08.2021 01:21:03.000,0.73687,0.73679,1,1
12.08.2021 01:21:04.265,0.73687,0.7367800000000001,1,1
12.08.2021 01:21:11.082,0.73687,0.73679,1,1
12.08.2021 01:21:11.184,0.73687,0.73677,1,3.07
12.08.2021 01:21:14.092,0.73689,0.7368100000000001,1.51,1
12.08.2021 01:21:14.363,0.73687,0.7368100000000001,1,1
12.08.2021 01:21:14.694,0.73687,0.73677,1,2.25
12.08.2021 01:21:17.586,0.73687,0.7368,1,1
12.08.2021 01:21:20.077,0.7368800000000001,0.7368,1,1
12.08.2021 01:21:24.451,0.7368800000000001,0.73679,1,1
12.08.2021 01:21:24.552,0.73687,0.73679,1,1
12.08.2021 01:21:26.572,0.7368800000000001,0.73679,1,1
12.08.2021 01:21:30.290,0.73687,0.73679,1,1
12.08.2021 01:21:31.088,0.7369,0.7367800000000001,2.14,1.5
12.08.2021 01:21:31.199,0.7368800000000001,0.73679,1,1.5
12.08.2021 01:21:32.959,0.73687,0.7367800000000001,1,1
12.08.2021 01:21:33.061,0.7368600000000001,0.7367800000000001,1,1
12.08.2021 01:21:33.162,0.73687,0.7367800000000001,1,1
12.08.2021 01:21:33.596,0.7368600000000001,0.7367800000000001,1,1
12.08.2021 01:21:38.326,0.73685,0.7367800000000001,1,1
12.08.2021 01:21:47.851,0.73685,0.73677,1,1
12.08.2021 01:21:48.995,0.7368600000000001,0.73677,1.5,1.5
12.08.2021 01:21:52.033,0.7368600000000001,0.7367800000000001,1.5,1
12.08.2021 01:22:03.234,0.7368800000000001,0.73677,1.5,1.5
12.08.2021 01:22:06.426,0.7369,0.73682,1,1.5
12.08.2021 01:22:21.507,0.7369,0.7368,1.5,1.5
12.08.2021 01:22:21.609,0.73689,0.7368,1,1.5
12.08.2021 01:22:22.087,0.73689,0.73679,1,1.5
12.08.2021 01:22:24.840,0.73689,0.7368,1.5,1.5
12.08.2021 01:22:28.745,0.73689,0.73679,1,1.5
12.08.2021 01:22:30.022,0.7369,0.7368100000000001,1.5,1.5
12.08.2021 01:22:30.124,0.7369100000000001,0.7368100000000001,1,2.32
12.08.2021 01:22:30.233,0.73692,0.7368300000000001,1.5,1.5
12.08.2021 01:22:31.840,0.73695,0.73687,1,1
12.08.2021 01:22:31.991,0.7369600000000001,0.73687,1.5,1
12.08.2021 01:22:32.093,0.7369600000000001,0.7368800000000001,1,1
12.08.2021 01:22:32.427,0.7369600000000001,0.73687,1,1
12.08.2021 01:22:32.796,0.73694,0.7368600000000001,1,1
12.08.2021 01:22:32.898,0.73692,0.7368300000000001,1,2
12.08.2021 01:22:32.948,0.7369100000000001,0.7368300000000001,1,1.5
12.08.2021 01:22:33.050,0.7369100000000001,0.7368100000000001,1,1.12
12.08.2021 01:22:33.203,0.7369,0.7368100000000001,1.5,1
12.08.2021 01:22:33.305,0.73689,0.7368100000000001,1,1
12.08.2021 01:22:33.863,0.7369,0.7368100000000001,1.5,1
12.08.2021 01:22:34.116,0.7369100000000001,0.7368100000000001,1.5,1.87
12.08.2021 01:22:34.707,0.7369100000000001,0.73682,1.5,1
12.08.2021 01:22:35.010,0.7368800000000001,0.7368,1,1.5
12.08.2021 01:22:35.112,0.7369,0.73679,1,1
12.08.2021 01:22:41.198,0.7369,0.7368,1,1
12.08.2021 01:22:41.300,0.7369,0.7368100000000001,1,1
12.08.2021 01:22:41.401,0.7369,0.7368,1,1
12.08.2021 01:22:53.088,0.73687,0.73679,1,1
12.08.2021 01:22:53.189,0.7368600000000001,0.7367800000000001,1,1
12.08.2021 01:23:00.165,0.7368600000000001,0.73679,1,1
12.08.2021 01:23:00.267,0.7368600000000001,0.7367800000000001,1,1
12.08.2021 01:23:00.368,0.73687,0.73679,1,1
12.08.2021 01:23:01.573,0.7368800000000001,0.73679,1,1
12.08.2021 01:23:01.624,0.7369,0.73682,1.25,1
12.08.2021 01:23:01.725,0.73692,0.7368300000000001,1.5,1
12.08.2021 01:23:01.776,0.7369600000000001,0.7368600000000001,1,1
12.08.2021 01:23:01.878,0.7369600000000001,0.7368800000000001,1.39,1
12.08.2021 01:23:01.979,0.7369600000000001,0.73689,1,1
12.08.2021 01:23:02.232,0.73697,0.7369,1,1
12.08.2021 01:23:04.197,0.73697,0.73689,1,1
12.08.2021 01:23:15.813,0.73695,0.73687,1.25,1
12.08.2021 01:23:15.914,0.73695,0.7368800000000001,1,1
12.08.2021 01:23:16.404,0.73697,0.7368800000000001,2.32,1
12.08.2021 01:23:19.496,0.73697,0.73689,1,1
12.08.2021 01:23:19.598,0.737,0.73689,1.72,1
12.08.2021 01:23:19.700,0.73699,0.73689,1,1.5
12.08.2021 01:23:20.387,0.73701,0.7369,1.5,1.5
12.08.2021 01:23:23.402,0.73699,0.73689,2.51,1
12.08.2021 01:23:23.504,0.7369800000000001,0.7368800000000001,1.2,1.87
12.08.2021 01:23:26.647,0.73697,0.7368800000000001,1,1.5
12.08.2021 01:23:48.511,0.73699,0.7368800000000001,1,1
12.08.2021 01:24:02.164,0.73699,0.7369,1,1
12.08.2021 01:24:04.206,0.737,0.7369,2.32,1.5
12.08.2021 01:24:04.308,0.737,0.7369100000000001,2.25,1.5
12.08.2021 01:24:09.067,0.73699,0.73689,1.25,1.5
12.08.2021 01:24:09.674,0.73699,0.73689,2.76,1.5
12.08.2021 01:24:11.158,0.73697,0.7368800000000001,1.25,1.5
12.08.2021 01:24:11.260,0.73697,0.73687,1.01,1.5
12.08.2021 01:24:11.813,0.7369800000000001,0.73687,1.25,1
12.08.2021 01:24:18.679,0.73699,0.73687,2.7,1.5
12.08.2021 01:24:19.782,0.737,0.7368800000000001,1.87,1.5
12.08.2021 01:24:19.883,0.73699,0.7369,1.87,1
12.08.2021 01:24:21.187,0.73699,0.73689,2.14,1.5
12.08.2021 01:24:21.442,0.73699,0.7368800000000001,1,1
12.08.2021 01:24:27.856,0.73699,0.7369,2.25,1
12.08.2021 01:24:27.958,0.73699,0.7368800000000001,1,1.5
12.08.2021 01:24:28.211,0.73699,0.73689,3,1.5
12.08.2021 01:24:32.744,0.7369800000000001,0.7369,1,1
12.08.2021 01:24:33.456,0.7369800000000001,0.73689,1,1
12.08.2021 01:24:33.557,0.73699,0.7369,1,1
12.08.2021 01:24:33.659,0.737,0.7369100000000001,2.25,1
12.08.2021 01:24:41.643,0.73701,0.7369100000000001,2.25,1.5
12.08.2021 01:24:44.747,0.737,0.7369,1.69,1.5
12.08.2021 01:24:45.282,0.73699,0.73689,1.31,1.5
12.08.2021 01:24:46.132,0.7369800000000001,0.73689,1.25,1.5
12.08.2021 01:24:50.897,0.737,0.7368800000000001,1.5,1.5
12.08.2021 01:24:59.026,0.7369800000000001,0.73689,1,1
12.08.2021 01:25:02.038,0.7369800000000001,0.7368800000000001,3.19,1.5
12.08.2021 01:25:02.139,0.73697,0.73687,2.5,1
12.08.2021 01:25:02.190,0.7369600000000001,0.73684,1.69,2.75
12.08.2021 01:25:02.341,0.7369300000000001,0.7368300000000001,1.5,2.62
12.08.2021 01:25:02.443,0.7369300000000001,0.73682,1,1
12.08.2021 01:25:02.948,0.7369300000000001,0.7368300000000001,1,1.5
12.08.2021 01:25:03.049,0.73695,0.73685,2.62,1
12.08.2021 01:25:05.186,0.73697,0.73687,1.5,1
12.08.2021 01:25:06.898,0.7369600000000001,0.73687,1,1
12.08.2021 01:25:06.999,0.73697,0.73687,1.5,1
12.08.2021 01:25:07.252,0.7369600000000001,0.73687,1,1
12.08.2021 01:25:08.710,0.73697,0.73687,1.5,1
12.08.2021 01:25:09.356,0.7369600000000001,0.73687,1,1
12.08.2021 01:25:09.806,0.73697,0.73687,1.5,1
12.08.2021 01:25:11.385,0.7369600000000001,0.73687,1,1
12.08.2021 01:25:11.556,0.73697,0.73687,1.5,1
12.08.2021 01:25:13.989,0.7369600000000001,0.7368600000000001,1,2.62
12.08.2021 01:25:14.445,0.7369600000000001,0.73687,1,1
12.08.2021 01:25:16.380,0.73697,0.73687,1.5,1.5
12.08.2021 01:25:16.481,0.73697,0.7368800000000001,1.5,1
12.08.2021 01:25:16.583,0.73701,0.7369,1,1
12.08.2021 01:25:16.684,0.737,0.7369,1.5,2.62
12.08.2021 01:25:19.823,0.737,0.7369100000000001,1,1
12.08.2021 01:25:20.661,0.73701,0.73692,1.5,1
12.08.2021 01:25:21.363,0.73702,0.73692,2.25,1
12.08.2021 01:25:23.891,0.73701,0.73692,1.69,1
12.08.2021 01:25:23.993,0.737,0.7369,1.69,1.5
12.08.2021 01:25:24.096,0.737,0.7369,1.69,1
12.08.2021 01:25:24.604,0.737,0.7369100000000001,1,1
12.08.2021 01:25:24.706,0.73701,0.7369100000000001,1.5,1
12.08.2021 01:25:25.913,0.737,0.7369,2.25,1
12.08.2021 01:25:30.240,0.737,0.7369100000000001,1,1
12.08.2021 01:25:30.907,0.73701,0.7369100000000001,1.5,1
12.08.2021 01:25:31.620,0.73701,0.73692,1,1
12.08.2021 01:25:34.789,0.73701,0.7369100000000001,1.5,1.5
12.08.2021 01:25:35.081,0.73701,0.73692,1.5,1
12.08.2021 01:25:35.182,0.73701,0.7369100000000001,1.5,1.5
12.08.2021 01:25:36.786,0.73701,0.73692,1,1
12.08.2021 01:25:36.892,0.73702,0.7369,1.5,2.32
12.08.2021 01:25:37.432,0.73702,0.73692,1.5,1.5
12.08.2021 01:25:37.584,0.7370300000000001,0.73692,1.5,1
12.08.2021 01:25:38.095,0.73702,0.73694,1,2.25
12.08.2021 01:25:38.196,0.73706,0.7369600000000001,2,2.44
12.08.2021 01:25:38.299,0.73706,0.7369600000000001,1.5,3.89
12.08.2021 01:25:38.401,0.7370800000000001,0.7369600000000001,1,4.94
12.08.2021 01:25:43.294,0.73705,0.7369600000000001,1,1.31
12.08.2021 01:25:47.572,0.73707,0.73697,1.5,1.76
12.08.2021 01:25:55.106,0.73705,0.73695,1.5,2.87
12.08.2021 01:25:55.600,0.73706,0.73695,1,1.25
12.08.2021 01:25:55.702,0.73706,0.7369600000000001,1.5,2.5
12.08.2021 01:25:55.920,0.73706,0.73697,1.5,1.25
12.08.2021 01:25:56.022,0.73706,0.7369600000000001,1.5,2.5
12.08.2021 01:25:56.383,0.73706,0.7369600000000001,1.5,1.69
12.08.2021 01:26:00.050,0.73705,0.7369600000000001,1,1.25
12.08.2021 01:26:01.975,0.7370300000000001,0.73694,1,1
12.08.2021 01:26:02.531,0.73704,0.73692,1.5,1.25
12.08.2021 01:26:03.070,0.7370300000000001,0.73692,1,1.25
12.08.2021 01:26:04.855,0.73701,0.7369100000000001,1,4.45
12.08.2021 01:26:15.019,0.73702,0.73692,1.5,1.82
12.08.2021 01:26:17.434,0.73702,0.73692,1.5,1.25
12.08.2021 01:26:31.746,0.737,0.7369,1,3.25
12.08.2021 01:26:32.981,0.737,0.7369,1,1.69
12.08.2021 01:26:33.813,0.73699,0.7369,1,1.25
12.08.2021 01:26:34.369,0.737,0.73689,1,1.94
12.08.2021 01:26:34.921,0.737,0.7369,1,2.69
12.08.2021 01:26:35.237,0.73701,0.73689,1,1.69
12.08.2021 01:26:35.629,0.73701,0.7369,1.5,1.69
12.08.2021 01:26:35.778,0.73701,0.7369,1.5,2.69
12.08.2021 01:26:36.266,0.73701,0.7369,2.25,1.69
12.08.2021 01:26:36.671,0.73702,0.73689,2.25,2.69
12.08.2021 01:26:36.927,0.73702,0.73689,2.25,1.69
12.08.2021 01:26:37.332,0.737,0.7369,1,1.5
12.08.2021 01:26:39.006,0.73701,0.73692,1.57,1
12.08.2021 01:26:40.939,0.73701,0.7369300000000001,1,1
12.08.2021 01:26:41.242,0.73702,0.7369300000000001,1,1
12.08.2021 01:26:41.344,0.73702,0.73694,1,1
12.08.2021 01:26:42.326,0.73704,0.7369300000000001,1,1
12.08.2021 01:26:42.427,0.73707,0.7369600000000001,2,2.5
12.08.2021 01:26:42.529,0.73707,0.7369800000000001,1,1.25
12.08.2021 01:26:47.161,0.73706,0.73697,1,1.25
12.08.2021 01:26:47.263,0.73706,0.7369600000000001,1.5,1.25
12.08.2021 01:26:47.364,0.73706,0.7369600000000001,1.5,1.75
12.08.2021 01:26:47.465,0.73707,0.73697,2.25,1.25
12.08.2021 01:26:51.502,0.73707,0.73697,1.5,1.75
12.08.2021 01:26:54.970,0.73707,0.73697,1.5,1.25
12.08.2021 01:26:57.188,0.73707,0.7369800000000001,1,1
12.08.2021 01:26:58.035,0.73706,0.7369600000000001,1.5,1.25
12.08.2021 01:27:09.186,0.7370300000000001,0.73694,1,1
12.08.2021 01:27:09.490,0.737,0.7369,1,2.94
12.08.2021 01:27:09.591,0.7369800000000001,0.73689,1,1
12.08.2021 01:27:09.743,0.7369800000000001,0.7368800000000001,1,1
12.08.2021 01:27:09.844,0.73697,0.7368800000000001,1,1
12.08.2021 01:27:10.097,0.73697,0.73687,2.25,1
12.08.2021 01:27:12.465,0.73697,0.7368800000000001,1.5,1
12.08.2021 01:27:13.901,0.73697,0.73687,1.5,1.25
12.08.2021 01:27:24.902,0.73695,0.7368600000000001,1.5,1
12.08.2021 01:27:25.005,0.73697,0.73687,2.62,1.5
12.08.2021 01:27:29.698,0.73697,0.7368800000000001,1,1
12.08.2021 01:27:30.123,0.737,0.7369,3.12,1.69
12.08.2021 01:27:30.224,0.737,0.7369100000000001,2,1
12.08.2021 01:27:30.326,0.73701,0.7369100000000001,2.25,1.25
12.08.2021 01:27:30.528,0.73701,0.7369100000000001,2.25,1.75
12.08.2021 01:27:30.681,0.7370300000000001,0.7369300000000001,2.25,1.25
12.08.2021 01:27:41.778,0.73702,0.73692,1.5,1.69
12.08.2021 01:27:41.879,0.73702,0.7369,1.87,2.06
12.08.2021 01:27:45.205,0.737,0.7369100000000001,1,1.25
12.08.2021 01:27:46.861,0.73699,0.73689,1.5,1.5
12.08.2021 01:27:47.014,0.73699,0.7368800000000001,1,1
12.08.2021 01:27:51.197,0.7369800000000001,0.7368800000000001,2.62,1
12.08.2021 01:28:11.552,0.7369800000000001,0.73689,1.5,1
12.08.2021 01:28:19.801,0.73697,0.73689,1,1
12.08.2021 01:28:35.397,0.73697,0.7368800000000001,1,1
12.08.2021 01:28:46.309,0.73697,0.73689,1,1
12.08.2021 01:28:50.742,0.73697,0.7368800000000001,1,1.69
12.08.2021 01:29:05.036,0.73694,0.73685,1.5,2.44
12.08.2021 01:29:05.138,0.7369300000000001,0.7368300000000001,1.5,2.19
12.08.2021 01:29:05.239,0.73694,0.73682,1.5,1
12.08.2021 01:29:06.270,0.7369300000000001,0.73682,1,1.69
12.08.2021 01:29:06.372,0.7369300000000001,0.73684,1,1.69
12.08.2021 01:29:12.207,0.7369300000000001,0.7368300000000001,1.5,1.25
12.08.2021 01:29:22.054,0.73694,0.73687,1,1
12.08.2021 01:29:22.105,0.7369600000000001,0.73687,1,1.25
12.08.2021 01:29:22.472,0.7369600000000001,0.73687,1,1.94
12.08.2021 01:29:33.173,0.7369800000000001,0.7368800000000001,2.25,1.5
12.08.2021 01:29:50.444,0.7369800000000001,0.7368800000000001,2.25,2.5
12.08.2021 01:29:52.097,0.73699,0.73687,2.25,1.69
12.08.2021 01:30:00.339,0.73697,0.7368800000000001,1,1.25
12.08.2021 01:30:00.440,0.7369600000000001,0.7368600000000001,1.12,2.5
12.08.2021 01:30:00.717,0.7369600000000001,0.7368600000000001,1,1.69
12.08.2021 01:30:00.818,0.73695,0.7368600000000001,1,1.69
12.08.2021 01:30:00.920,0.73694,0.73684,1,2.81
12.08.2021 01:30:01.021,0.7369300000000001,0.73684,1,1.25
12.08.2021 01:30:01.122,0.7369300000000001,0.7368300000000001,1.5,2.44
12.08.2021 01:30:01.344,0.73692,0.7368300000000001,1,1.25
12.08.2021 01:30:10.568,0.7369300000000001,0.73682,1,2.5
12.08.2021 01:30:11.540,0.7369600000000001,0.7368600000000001,2.25,1.69
12.08.2021 01:30:11.641,0.73695,0.7368600000000001,1,1.25
12.08.2021 01:30:15.956,0.7369600000000001,0.73684,1.5,1.25
12.08.2021 01:30:16.249,0.73694,0.73684,1.5,1.69
12.08.2021 01:30:21.148,0.73694,0.73684,1.5,2.5
12.08.2021 01:30:21.360,0.73694,0.73685,1,1.5
12.08.2021 01:30:21.411,0.7369600000000001,0.73687,1,1.5
12.08.2021 01:30:21.926,0.73695,0.7368600000000001,1,3.44
12.08.2021 01:30:22.027,0.7369600000000001,0.73685,1,2.44
12.08.2021 01:30:24.214,0.73695,0.73684,1,1
12.08.2021 01:30:25.451,0.73695,0.73684,1,1.75
12.08.2021 01:30:27.537,0.73695,0.73687,1,1.25
12.08.2021 01:30:27.942,0.7369600000000001,0.73687,1,1.82
12.08.2021 01:30:28.045,0.7369800000000001,0.7368600000000001,1,3.32
12.08.2021 01:30:28.680,0.737,0.73689,1,2.44
12.08.2021 01:30:28.781,0.737,0.7369,1,1
12.08.2021 01:30:28.832,0.73701,0.73692,1.5,1
12.08.2021 01:30:29.388,0.737,0.7369100000000001,1,1.76
12.08.2021 01:30:30.991,0.73699,0.73689,1,1.25
12.08.2021 01:30:31.092,0.7369800000000001,0.73689,1,1.25
12.08.2021 01:30:31.585,0.7369800000000001,0.73689,1,2.69
12.08.2021 01:30:36.188,0.73699,0.73689,1,3.44
12.08.2021 01:30:40.680,0.73699,0.73687,1,3.25
12.08.2021 01:30:44.435,0.73697,0.7368800000000001,1,1
12.08.2021 01:30:55.087,0.73697,0.7368800000000001,1,3.62
12.08.2021 01:31:00.293,0.73697,0.7368800000000001,1,3.19
12.08.2021 01:31:04.661,0.7369600000000001,0.7368800000000001,1,1
12.08.2021 01:31:04.983,0.7369600000000001,0.73687,1,1.5
12.08.2021 01:31:05.085,0.7369300000000001,0.73684,1,2.94
12.08.2021 01:31:05.186,0.73694,0.7368300000000001,1,2.44
12.08.2021 01:31:07.098,0.7369300000000001,0.73685,1,1.25
12.08.2021 01:31:07.199,0.73694,0.73685,1,1.25
12.08.2021 01:31:09.013,0.7369300000000001,0.73684,1,1.25
12.08.2021 01:31:10.520,0.73692,0.73684,1,1
12.08.2021 01:31:11.839,0.7369300000000001,0.7368300000000001,1,1.94
12.08.2021 01:31:12.889,0.7369300000000001,0.7368300000000001,1,1.25
12.08.2021 01:31:17.875,0.73692,0.73684,1,1.94
12.08.2021 01:31:18.027,0.7369300000000001,0.73685,1,1.5
12.08.2021 01:31:18.078,0.7369600000000001,0.7368600000000001,1.5,4.19
12.08.2021 01:31:18.280,0.7369600000000001,0.7368800000000001,1,1.25
12.08.2021 01:31:19.428,0.7369600000000001,0.73684,1,2.14
12.08.2021 01:31:19.529,0.73694,0.73684,1,4.01
12.08.2021 01:31:20.403,0.73694,0.73685,1,1.5
12.08.2021 01:31:24.005,0.73694,0.7368600000000001,1,1.5
12.08.2021 01:31:24.157,0.73694,0.73685,1,3.81
12.08.2021 01:31:30.398,0.73694,0.7368600000000001,1,1.5
12.08.2021 01:31:30.510,0.73694,0.73685,1,5.5
12.08.2021 01:31:30.743,0.73695,0.73685,1,1.5
12.08.2021 01:31:31.069,0.73697,0.73687,1.5,1.94
12.08.2021 01:31:35.034,0.7369800000000001,0.7368800000000001,1,1
12.08.2021 01:31:39.013,0.7369800000000001,0.73689,1.5,1.25
12.08.2021 01:31:39.887,0.73699,0.73689,1,3.32
12.08.2021 01:31:40.038,0.73699,0.7369,1,1.75
12.08.2021 01:31:40.684,0.737,0.7369,1,3.25
12.08.2021 01:31:46.733,0.73701,0.73692,1.5,1.69
12.08.2021 01:31:47.350,0.73701,0.7369300000000001,1,1
12.08.2021 01:31:51.556,0.73701,0.7369,2.25,1.12
12.08.2021 01:31:51.607,0.737,0.7368800000000001,1.5,1.69
12.08.2021 01:31:51.708,0.7369800000000001,0.73689,1,1
12.08.2021 01:31:54.991,0.73697,0.73689,1,1
12.08.2021 01:32:02.639,0.7369600000000001,0.7368600000000001,1.5,1
12.08.2021 01:32:02.741,0.7369600000000001,0.73685,1,1
12.08.2021 01:32:07.773,0.73695,0.7368600000000001,1,1.94
12.08.2021 01:32:07.824,0.7369800000000001,0.7368600000000001,1,2.69
12.08.2021 01:32:08.322,0.7369600000000001,0.73687,1,2.69
12.08.2021 01:32:08.424,0.7369600000000001,0.73687,1,1.69
12.08.2021 01:32:09.056,0.73697,0.73687,1,1.69
12.08.2021 01:32:09.610,0.7369800000000001,0.7368600000000001,1,2.69
12.08.2021 01:32:14.547,0.737,0.7368800000000001,1,3.25
12.08.2021 01:32:15.524,0.73699,0.7369,1,1.25
12.08.2021 01:32:18.158,0.737,0.7369,2.25,1.75
12.08.2021 01:32:18.410,0.737,0.7369100000000001,2.25,1.25
12.08.2021 01:32:19.137,0.737,0.7369,2.25,2.01
12.08.2021 01:32:19.842,0.73701,0.73692,2.25,1.69
12.08.2021 01:32:24.577,0.737,0.7369100000000001,1,1.25
12.08.2021 01:32:37.638,0.73699,0.73689,2.25,1.69
12.08.2021 01:32:37.740,0.7369800000000001,0.73689,1,1.25
12.08.2021 01:32:42.760,0.73699,0.73687,1.75,2.25
12.08.2021 01:32:46.239,0.7369600000000001,0.73687,1.69,1
12.08.2021 01:32:46.341,0.7369600000000001,0.73685,1,1.12
12.08.2021 01:32:46.493,0.73694,0.73685,1,1
12.08.2021 01:32:51.341,0.73695,0.7368600000000001,1,1
12.08.2021 01:32:51.442,0.7369600000000001,0.73687,1.5,1
12.08.2021 01:32:51.543,0.73697,0.73687,2.81,1.5
12.08.2021 01:32:52.757,0.7369800000000001,0.7368800000000001,1,1
