Gmt time,Ask,Bid,AskVolume,BidVolume
24.08.2021 00:00:00.229,0.72091,0.7208,1.01,1
24.08.2021 00:00:00.331,0.72085,0.72077,1,1.12
24.08.2021 00:00:00.557,0.72085,0.7207600000000001,1,1.5
24.08.2021 00:00:00.659,0.72085,0.72077,1,1
24.08.2021 00:00:00.970,0.72085,0.7207600000000001,1,1
24.08.2021 00:00:03.413,0.72085,0.72075,1,1
24.08.2021 00:00:03.515,0.72085,0.72074,1.01,2.25
24.08.2021 00:00:03.725,0.72085,0.72074,1.82,2.25
24.08.2021 00:00:04.246,0.72084,0.7207300000000001,1.01,3
24.08.2021 00:00:04.348,0.7208100000000001,0.7207,1.1,2.25
24.08.2021 00:00:05.057,0.7208100000000001,0.72072,1.1,1
24.08.2021 00:00:05.158,0.7208300000000001,0.7207300000000001,1,1.12
24.08.2021 00:00:05.310,0.7208300000000001,0.72074,1,1
24.08.2021 00:00:05.411,0.72085,0.72074,1.69,1
24.08.2021 00:00:05.512,0.72084,0.7207600000000001,1,1
24.08.2021 00:00:05.714,0.72084,0.72075,1,1
24.08.2021 00:00:16.418,0.7208300000000001,0.7207100000000001,1.5,4.5
24.08.2021 00:00:16.469,0.72082,0.72072,1.57,1
24.08.2021 00:00:17.079,0.7208100000000001,0.72072,1,1
24.08.2021 00:00:17.232,0.7208100000000001,0.7207100000000001,1.5,1
24.08.2021 00:00:20.417,0.7208300000000001,0.7207300000000001,1,3.37
24.08.2021 00:00:20.518,0.7208600000000001,0.72074,2.51,1
24.08.2021 00:00:20.670,0.7208300000000001,0.72072,2.54,2.75
24.08.2021 00:00:20.822,0.72082,0.72072,1.01,2.25
24.08.2021 00:00:22.222,0.7208100000000001,0.7207100000000001,1.57,1.5
24.08.2021 00:00:22.424,0.7208,0.7207100000000001,1,1
24.08.2021 00:00:23.461,0.72079,0.72069,1.5,2.44
24.08.2021 00:00:23.563,0.7208,0.7206800000000001,3.95,1.12
24.08.2021 00:00:23.664,0.72079,0.7206800000000001,4.26,1.5
24.08.2021 00:00:24.752,0.72079,0.7206800000000001,3.26,1.5
24.08.2021 00:00:25.067,0.7207800000000001,0.7206800000000001,1,1.5
24.08.2021 00:00:26.549,0.72079,0.72069,1,2.44
24.08.2021 00:00:26.651,0.7208100000000001,0.72069,1.5,1
24.08.2021 00:00:30.075,0.7208100000000001,0.7207,2.32,2.06
24.08.2021 00:00:30.177,0.7208,0.7207,1,1
24.08.2021 00:00:31.158,0.72082,0.72072,2.32,1
24.08.2021 00:00:33.589,0.72082,0.72072,2.54,1
24.08.2021 00:00:34.095,0.7208300000000001,0.7207100000000001,2.32,1
24.08.2021 00:00:34.196,0.72082,0.7207300000000001,1.1,1
24.08.2021 00:00:35.635,0.7208300000000001,0.7207100000000001,1.1,1.5
24.08.2021 00:00:35.737,0.7208100000000001,0.7207100000000001,1.57,1.5
24.08.2021 00:00:37.728,0.72082,0.7207100000000001,3.26,1.5
24.08.2021 00:00:44.186,0.72082,0.72072,2.32,1
24.08.2021 00:00:44.747,0.72082,0.7207300000000001,1,3.44
24.08.2021 00:00:44.798,0.72084,0.72075,1,3
24.08.2021 00:00:44.849,0.72087,0.72075,4.57,1.87
24.08.2021 00:00:48.763,0.7209,0.7208,1.57,2.25
24.08.2021 00:00:48.865,0.72091,0.7208100000000001,2.51,1
24.08.2021 00:00:55.041,0.7209,0.7208100000000001,1,1
24.08.2021 00:00:55.410,0.72091,0.7208100000000001,1.57,1
24.08.2021 00:00:56.689,0.72089,0.7208100000000001,1,1
24.08.2021 00:00:56.790,0.72091,0.7208,1.57,1
24.08.2021 00:01:01.005,0.72092,0.7208,1.5,1
24.08.2021 00:01:01.207,0.72091,0.72082,1,1
24.08.2021 00:01:01.359,0.72095,0.72085,1.12,1
24.08.2021 00:01:01.460,0.72095,0.72087,1,1
24.08.2021 00:01:03.497,0.72096,0.72087,1.1,1
24.08.2021 00:01:43.329,0.72095,0.7208600000000001,1.1,1
24.08.2021 00:01:46.714,0.72096,0.7208600000000001,1.57,3.19
24.08.2021 00:01:46.816,0.72099,0.72089,1.6,1.87
24.08.2021 00:01:46.917,0.72099,0.7209,1.1,1
24.08.2021 00:01:47.246,0.7210000000000001,0.7209,2.4,1
24.08.2021 00:01:47.498,0.72101,0.7209,2.32,1.69
24.08.2021 00:01:47.600,0.72102,0.72092,2.7,1.5
24.08.2021 00:01:49.950,0.72102,0.7209300000000001,1.1,1
24.08.2021 00:01:50.051,0.7210300000000001,0.7209300000000001,2.32,1
24.08.2021 00:01:50.254,0.7210300000000001,0.72094,1.1,1.5
24.08.2021 00:01:50.355,0.72104,0.72095,1,1.5
24.08.2021 00:01:52.275,0.7210500000000001,0.72096,1.1,1
24.08.2021 00:01:57.144,0.72106,0.72096,1.57,1.69
24.08.2021 00:01:57.844,0.72108,0.7209800000000001,2.54,1
24.08.2021 00:01:57.945,0.72108,0.7209800000000001,2.51,1
24.08.2021 00:02:00.630,0.72108,0.7209800000000001,3.66,1
24.08.2021 00:02:00.798,0.72108,0.7209800000000001,3.64,1
24.08.2021 00:02:02.456,0.72108,0.72099,1.69,1
24.08.2021 00:02:02.718,0.72108,0.7210000000000001,1,1
24.08.2021 00:02:02.768,0.7211000000000001,0.7210000000000001,1.57,1
24.08.2021 00:02:02.819,0.72111,0.72102,2.7,1
24.08.2021 00:02:03.396,0.72112,0.72102,1,1
24.08.2021 00:02:03.497,0.72112,0.7210300000000001,1.5,1
24.08.2021 00:02:06.673,0.72113,0.72101,3.26,1
24.08.2021 00:02:20.127,0.7211000000000001,0.7210000000000001,3.35,1.5
24.08.2021 00:02:20.229,0.72104,0.72096,1,1
24.08.2021 00:02:20.381,0.7210300000000001,0.72094,1.1,1
24.08.2021 00:02:20.432,0.72102,0.72091,1,2
24.08.2021 00:02:20.533,0.7210000000000001,0.72091,1,1.5
24.08.2021 00:02:20.634,0.72101,0.72091,1,1.5
24.08.2021 00:02:21.310,0.7210000000000001,0.72091,1,1.5
24.08.2021 00:02:22.758,0.72101,0.72091,1.1,1.5
24.08.2021 00:02:23.371,0.72101,0.72092,1,1.5
24.08.2021 00:02:26.360,0.7210000000000001,0.72092,1,1
24.08.2021 00:02:26.769,0.7209800000000001,0.72091,1,1
24.08.2021 00:02:26.820,0.72097,0.7208800000000001,1,1.5
24.08.2021 00:02:26.871,0.72097,0.72087,1.5,1.5
24.08.2021 00:02:26.973,0.72099,0.72087,1.5,1.5
24.08.2021 00:02:32.361,0.7210000000000001,0.72089,2.32,1
24.08.2021 00:02:32.462,0.72099,0.72089,2.51,1
24.08.2021 00:02:33.143,0.72099,0.72087,1,1.5
24.08.2021 00:02:34.054,0.72096,0.7208800000000001,1,1
24.08.2021 00:02:34.155,0.72096,0.7208600000000001,1,2
24.08.2021 00:02:34.256,0.72096,0.7208600000000001,1.76,1
24.08.2021 00:02:34.358,0.72095,0.7208600000000001,1,1
24.08.2021 00:02:34.460,0.72096,0.72084,2.25,1
24.08.2021 00:02:34.561,0.7209300000000001,0.72085,1,1
24.08.2021 00:02:34.662,0.72092,0.7208300000000001,1,1
24.08.2021 00:02:34.764,0.72091,0.72082,1,1.12
24.08.2021 00:02:35.890,0.7209300000000001,0.7208100000000001,1.5,1.5
24.08.2021 00:02:36.092,0.7209300000000001,0.72082,1,1
24.08.2021 00:02:36.193,0.72094,0.72082,1.5,1
24.08.2021 00:02:37.768,0.72096,0.7208300000000001,2.7,3.37
24.08.2021 00:02:37.869,0.72096,0.72085,2.85,1.5
24.08.2021 00:02:37.970,0.72096,0.72085,2.25,1.87
24.08.2021 00:02:40.307,0.72097,0.72085,1.5,1
24.08.2021 00:02:41.845,0.7209800000000001,0.7208600000000001,1.5,1
24.08.2021 00:02:41.946,0.72099,0.72091,1,1
24.08.2021 00:02:42.048,0.7210000000000001,0.72091,1.12,1
24.08.2021 00:02:42.149,0.72102,0.7209,2.25,1
24.08.2021 00:02:42.252,0.72102,0.72092,2.4,1
24.08.2021 00:02:42.354,0.7210300000000001,0.7209300000000001,1,1.5
24.08.2021 00:02:45.445,0.72104,0.7209300000000001,2.25,2.25
24.08.2021 00:02:45.546,0.72106,0.72095,3.27,1.5
24.08.2021 00:02:45.647,0.72107,0.72094,2.25,1.5
24.08.2021 00:02:47.323,0.72107,0.72095,1,1
24.08.2021 00:02:47.425,0.72107,0.72096,2.62,1.5
24.08.2021 00:02:54.607,0.72104,0.7209300000000001,3.07,4.25
24.08.2021 00:02:54.708,0.72102,0.7209300000000001,1,1.5
24.08.2021 00:02:54.809,0.72102,0.72092,1.69,1
24.08.2021 00:02:55.521,0.72104,0.72096,1.5,1
24.08.2021 00:02:55.674,0.72106,0.72096,4.01,1
24.08.2021 00:02:56.899,0.72107,0.72096,3.64,1.5
24.08.2021 00:02:57.878,0.72107,0.72095,2.51,1
24.08.2021 00:02:57.929,0.7210500000000001,0.72094,2.32,1.5
24.08.2021 00:02:58.344,0.72104,0.72094,1,1.5
24.08.2021 00:02:59.681,0.72104,0.72095,1.95,1
24.08.2021 00:03:02.073,0.7210500000000001,0.72097,1,1
24.08.2021 00:03:04.742,0.72107,0.72096,1,1
24.08.2021 00:03:04.843,0.72106,0.7209800000000001,1,1.5
24.08.2021 00:03:04.894,0.72108,0.7209800000000001,3.07,1.5
24.08.2021 00:03:05.942,0.72107,0.7209800000000001,1,1
24.08.2021 00:03:06.043,0.72108,0.72095,1.5,2.44
24.08.2021 00:03:08.575,0.72107,0.72097,1,1
24.08.2021 00:03:08.828,0.72109,0.72099,1.12,2.7
24.08.2021 00:03:08.929,0.72111,0.72101,2.52,1
24.08.2021 00:03:09.030,0.72111,0.72101,1.57,1
24.08.2021 00:03:10.887,0.72112,0.72101,3,2.44
24.08.2021 00:03:14.775,0.72112,0.72102,2.25,1.5
24.08.2021 00:03:41.159,0.72112,0.7210300000000001,1,1
24.08.2021 00:03:43.407,0.7211500000000001,0.7210500000000001,3.07,1
24.08.2021 00:03:43.508,0.7211500000000001,0.72106,1.95,1
24.08.2021 00:03:43.660,0.72116,0.72106,3,1
24.08.2021 00:03:44.115,0.72116,0.72108,1,1
24.08.2021 00:03:44.216,0.72118,0.72107,2.25,1
24.08.2021 00:03:44.469,0.72118,0.72108,3.07,1
24.08.2021 00:03:44.571,0.72117,0.72108,1,1
24.08.2021 00:03:44.877,0.72119,0.72107,2.77,1
24.08.2021 00:03:46.988,0.72118,0.72108,2.35,1
24.08.2021 00:03:48.467,0.72119,0.72107,3.26,1
24.08.2021 00:03:49.814,0.72118,0.72109,1.25,1
24.08.2021 00:03:50.651,0.72118,0.72108,1.5,1.5
24.08.2021 00:03:51.387,0.72118,0.72106,1,1.5
24.08.2021 00:03:57.026,0.72117,0.72108,1,1
24.08.2021 00:03:57.077,0.72121,0.72109,1.95,1.69
24.08.2021 00:03:57.178,0.72121,0.72111,2,1.25
24.08.2021 00:03:57.279,0.72122,0.72111,1.5,1
24.08.2021 00:04:03.265,0.72122,0.72112,1.5,1
24.08.2021 00:04:15.046,0.72121,0.72112,1,1.5
24.08.2021 00:04:15.148,0.72116,0.72108,1,2.25
24.08.2021 00:04:15.250,0.7211500000000001,0.7210500000000001,2.51,2.25
24.08.2021 00:04:15.352,0.72113,0.7210500000000001,1,1
24.08.2021 00:04:19.712,0.72114,0.7210500000000001,1,1
24.08.2021 00:04:19.763,0.72116,0.72106,1,1
24.08.2021 00:04:19.864,0.72116,0.72107,2.32,1
24.08.2021 00:04:28.571,0.72117,0.72107,1,1
24.08.2021 00:04:28.672,0.72117,0.72108,1,1
24.08.2021 00:04:33.407,0.72118,0.72108,1.57,1
24.08.2021 00:04:39.168,0.72117,0.72108,1,1
24.08.2021 00:04:40.590,0.7212000000000001,0.72111,1.2,1
24.08.2021 00:04:40.742,0.72122,0.72113,1.62,1
24.08.2021 00:04:40.792,0.72122,0.72113,1,1
24.08.2021 00:04:40.894,0.72123,0.72113,2.32,1
24.08.2021 00:04:48.120,0.72124,0.72113,1.27,1.5
24.08.2021 00:04:49.403,0.72124,0.72113,3.92,1
24.08.2021 00:04:53.949,0.72122,0.72113,1,1
24.08.2021 00:04:56.900,0.72123,0.72113,1,1.5
24.08.2021 00:04:56.951,0.72124,0.7211500000000001,1.87,1
24.08.2021 00:04:59.006,0.7212600000000001,0.7211500000000001,3.55,1
24.08.2021 00:04:59.811,0.7212600000000001,0.7211500000000001,3.52,1
24.08.2021 00:05:01.414,0.7212600000000001,0.7211500000000001,3.55,1
24.08.2021 00:05:04.274,0.7212500000000001,0.72114,3.17,1
24.08.2021 00:05:04.629,0.7212500000000001,0.72114,3.07,1
24.08.2021 00:05:06.095,0.7212500000000001,0.72114,3.17,1
24.08.2021 00:05:06.297,0.72123,0.72113,1.57,1.5
24.08.2021 00:05:06.398,0.72123,0.72113,3.55,1
24.08.2021 00:05:06.962,0.72118,0.72109,2.51,2
24.08.2021 00:05:07.013,0.72117,0.72107,2.51,2.56
24.08.2021 00:05:07.064,0.7211500000000001,0.72107,1,1.5
24.08.2021 00:05:07.165,0.7211500000000001,0.72106,1,1
24.08.2021 00:05:14.072,0.72116,0.72106,1,1.69
24.08.2021 00:05:37.655,0.72117,0.72107,1,1
24.08.2021 00:05:45.897,0.7212000000000001,0.7211000000000001,1.57,1
24.08.2021 00:05:45.999,0.7212000000000001,0.72112,1.12,1
24.08.2021 00:05:46.100,0.72122,0.72111,1.5,1
24.08.2021 00:05:51.690,0.72122,0.72112,2.89,1
24.08.2021 00:05:53.855,0.72121,0.72112,1,1
24.08.2021 00:05:54.274,0.72123,0.72111,2.89,1
24.08.2021 00:05:54.433,0.72121,0.72112,1,1
24.08.2021 00:05:58.511,0.72117,0.72109,2.25,1
24.08.2021 00:05:58.613,0.72116,0.72108,1,1
24.08.2021 00:05:58.765,0.7211500000000001,0.72106,3.94,1
24.08.2021 00:05:58.866,0.7211500000000001,0.72104,2.44,1
24.08.2021 00:05:58.968,0.72113,0.7210300000000001,1.5,1.12
24.08.2021 00:05:59.482,0.72111,0.72101,1.5,1
24.08.2021 00:06:00.394,0.72109,0.7210000000000001,2.25,1
24.08.2021 00:06:00.445,0.72107,0.72099,1,1
24.08.2021 00:06:00.497,0.7210500000000001,0.72096,1,1.12
24.08.2021 00:06:00.599,0.72102,0.72095,1,1
24.08.2021 00:06:00.701,0.72106,0.72095,1.5,1
24.08.2021 00:06:00.803,0.72106,0.72096,2.25,1
24.08.2021 00:06:00.956,0.72107,0.7209800000000001,1,1.25
24.08.2021 00:06:01.058,0.72108,0.7209800000000001,2.7,1
24.08.2021 00:06:01.210,0.72107,0.72097,2.25,1
24.08.2021 00:06:01.564,0.72106,0.72096,1,1.5
24.08.2021 00:06:06.554,0.72107,0.72096,3.07,1.5
24.08.2021 00:06:06.924,0.72107,0.72097,1.95,1.5
24.08.2021 00:06:12.362,0.7211000000000001,0.72101,2,1
24.08.2021 00:06:12.464,0.7211000000000001,0.72102,1.5,1
24.08.2021 00:06:12.565,0.72111,0.72102,1,1
24.08.2021 00:06:12.616,0.72114,0.72104,2.7,3.19
24.08.2021 00:06:16.932,0.72112,0.72102,1,3.25
24.08.2021 00:06:17.033,0.72112,0.72102,1.5,1.69
24.08.2021 00:06:17.341,0.72111,0.72102,1,1.5
24.08.2021 00:06:17.393,0.7211000000000001,0.7210000000000001,1.5,1.5
24.08.2021 00:06:25.835,0.72111,0.7210000000000001,2.25,1.5
24.08.2021 00:06:25.987,0.72109,0.72099,1,1.87
24.08.2021 00:06:26.240,0.72108,0.7209800000000001,1,1.5
24.08.2021 00:06:28.251,0.72111,0.72099,2.45,2.44
24.08.2021 00:06:28.453,0.72111,0.7210000000000001,3,2.44
24.08.2021 00:06:35.137,0.72109,0.72099,2.25,1
24.08.2021 00:06:35.239,0.72108,0.7209800000000001,1.5,1.69
24.08.2021 00:06:35.340,0.72108,0.72096,1.5,1
24.08.2021 00:06:39.922,0.72108,0.7209800000000001,3,1
24.08.2021 00:06:44.783,0.72109,0.72097,1,2.12
24.08.2021 00:06:46.716,0.72109,0.72099,2.25,1.25
24.08.2021 00:06:48.173,0.72111,0.72101,3.5,1
24.08.2021 00:06:48.377,0.72111,0.72101,3,1.25
24.08.2021 00:06:50.694,0.72112,0.7210000000000001,1,2.12
24.08.2021 00:06:50.999,0.72111,0.72101,1,1.69
24.08.2021 00:06:56.162,0.72113,0.7210000000000001,1.5,1.69
24.08.2021 00:07:20.684,0.72112,0.72102,2.25,1
24.08.2021 00:07:25.484,0.72112,0.72102,1,2.69
24.08.2021 00:07:25.586,0.7211500000000001,0.7210500000000001,1.5,3.94
24.08.2021 00:07:25.688,0.72116,0.72107,1,1
24.08.2021 00:07:25.789,0.72117,0.72107,2.25,1
24.08.2021 00:07:30.002,0.72116,0.72107,1,1.25
24.08.2021 00:07:54.621,0.72118,0.72109,1,1
24.08.2021 00:07:54.672,0.72118,0.72106,1,1.39
24.08.2021 00:07:54.774,0.72117,0.72106,1,1.31
24.08.2021 00:07:56.207,0.72118,0.72106,1,2.2
24.08.2021 00:07:56.308,0.72119,0.72108,1,1
24.08.2021 00:08:05.040,0.72119,0.72109,1,1
24.08.2021 00:08:09.165,0.72118,0.72109,1,1
24.08.2021 00:08:09.404,0.7212000000000001,0.72108,1.5,1
24.08.2021 00:08:10.095,0.72117,0.72109,1,1
24.08.2021 00:08:10.196,0.72117,0.72106,1,1
24.08.2021 00:08:14.996,0.72118,0.72106,1,1.25
24.08.2021 00:08:17.636,0.72118,0.72109,1.5,1
24.08.2021 00:08:17.737,0.72119,0.7211000000000001,1.5,1
24.08.2021 00:08:24.797,0.72121,0.7211000000000001,2.25,1.5
24.08.2021 00:08:24.898,0.72121,0.72111,1.5,1
24.08.2021 00:08:59.570,0.72119,0.72108,3,1.12
24.08.2021 00:08:59.671,0.72117,0.72107,3.94,1.5
24.08.2021 00:08:59.773,0.72116,0.72107,1.25,1
24.08.2021 00:09:23.351,0.72117,0.72107,2.25,1
24.08.2021 00:09:23.453,0.72117,0.72108,1.5,1
24.08.2021 00:09:23.655,0.72118,0.72108,2.25,1.69
24.08.2021 00:09:23.756,0.72118,0.72109,1.5,1
24.08.2021 00:09:34.008,0.72119,0.72109,2.25,1
24.08.2021 00:09:37.162,0.72117,0.72108,1,1.12
24.08.2021 00:09:37.315,0.72113,0.72104,3.19,1.25
24.08.2021 00:09:37.417,0.72112,0.7210300000000001,2.06,1
24.08.2021 00:09:37.519,0.72111,0.7210300000000001,1,1
24.08.2021 00:09:44.081,0.72108,0.72099,1,1.12
24.08.2021 00:09:44.182,0.72109,0.72097,1.5,1
24.08.2021 00:09:44.485,0.72109,0.72099,1.2,1
24.08.2021 00:09:48.186,0.72112,0.7210000000000001,2.89,1
24.08.2021 00:09:48.772,0.72113,0.72101,1,1
24.08.2021 00:09:54.367,0.72111,0.72102,1,1
24.08.2021 00:10:06.185,0.72112,0.72102,1,1
24.08.2021 00:10:06.288,0.72112,0.72104,1,1
24.08.2021 00:10:06.389,0.72113,0.72104,1,1
24.08.2021 00:10:20.383,0.72112,0.72102,1,1
24.08.2021 00:10:20.535,0.72111,0.72101,1,2.44
24.08.2021 00:10:20.861,0.72111,0.72102,1,2.2
24.08.2021 00:10:20.912,0.72113,0.7210300000000001,1,1
24.08.2021 00:10:21.014,0.72112,0.72102,1,1.25
24.08.2021 00:10:54.087,0.72112,0.72104,1.5,1
24.08.2021 00:10:54.137,0.7211500000000001,0.7210500000000001,4.12,1
24.08.2021 00:10:54.239,0.7211500000000001,0.72104,4.12,2.51
24.08.2021 00:10:54.290,0.72114,0.72102,2.25,1.25
24.08.2021 00:10:54.392,0.72113,0.72101,1,1.69
24.08.2021 00:11:00.895,0.72111,0.72102,1,1
24.08.2021 00:11:01.272,0.72112,0.7210000000000001,1,1.5
24.08.2021 00:11:02.013,0.72108,0.7209800000000001,1.5,2.07
24.08.2021 00:11:02.114,0.72108,0.7209800000000001,1.5,1
24.08.2021 00:11:03.507,0.7211000000000001,0.7209800000000001,1,1
24.08.2021 00:11:03.877,0.72108,0.72099,1,1
24.08.2021 00:11:07.162,0.72109,0.72099,1,1
24.08.2021 00:11:08.653,0.72108,0.7209800000000001,1.5,1.5
24.08.2021 00:11:15.524,0.72107,0.7209800000000001,2.25,1
24.08.2021 00:11:15.626,0.72104,0.72095,1,2.56
24.08.2021 00:11:15.677,0.7210300000000001,0.72092,1.5,1
24.08.2021 00:11:15.879,0.72102,0.72092,1.5,1.5
24.08.2021 00:11:18.144,0.72101,0.72092,1,1
24.08.2021 00:11:19.484,0.7209800000000001,0.7208800000000001,1.69,4.12
24.08.2021 00:11:19.535,0.7209800000000001,0.7208600000000001,1,3.5
24.08.2021 00:11:19.688,0.72096,0.72087,1,1
24.08.2021 00:11:20.096,0.72096,0.7208600000000001,1,1
24.08.2021 00:11:25.429,0.72096,0.72089,1,1.5
24.08.2021 00:11:25.479,0.72101,0.72089,2,1.25
24.08.2021 00:11:25.631,0.7210000000000001,0.7209,1,1.5
24.08.2021 00:11:36.022,0.7210000000000001,0.72091,1,1
24.08.2021 00:11:47.979,0.72101,0.72091,1.5,1
24.08.2021 00:11:51.335,0.72101,0.72092,1,1
24.08.2021 00:11:51.852,0.72102,0.72092,2.25,1
24.08.2021 00:11:51.953,0.72102,0.72094,1,1
24.08.2021 00:11:57.044,0.7210300000000001,0.72094,1,1
24.08.2021 00:12:02.784,0.72104,0.72095,1,1
24.08.2021 00:12:02.885,0.7210500000000001,0.72095,1.25,1.1
24.08.2021 00:12:03.138,0.7210500000000001,0.72097,1,1
24.08.2021 00:12:03.863,0.72106,0.72097,1.5,1
24.08.2021 00:12:04.117,0.7210500000000001,0.72096,1,1
24.08.2021 00:12:04.537,0.7210500000000001,0.7209300000000001,3.94,1.5
24.08.2021 00:12:04.588,0.72102,0.7209300000000001,1,1
24.08.2021 00:12:04.690,0.72102,0.72091,1,1.12
24.08.2021 00:12:04.924,0.72101,0.72091,1,1.5
24.08.2021 00:12:28.675,0.72101,0.72092,1,1
24.08.2021 00:12:30.232,0.72102,0.72092,1,1
24.08.2021 00:12:30.333,0.72106,0.72095,2.32,1
24.08.2021 00:12:34.519,0.72106,0.72096,1,1
24.08.2021 00:12:35.434,0.72102,0.7209300000000001,1.5,2
24.08.2021 00:12:35.536,0.72102,0.72092,1.5,1
24.08.2021 00:12:35.637,0.72102,0.72091,1.5,1.95
24.08.2021 00:12:35.738,0.72101,0.72091,1,1.1
24.08.2021 00:12:40.196,0.7210300000000001,0.72094,1.12,1
24.08.2021 00:12:40.347,0.72104,0.72095,1,1
24.08.2021 00:12:40.600,0.7210500000000001,0.72095,1,1
24.08.2021 00:12:40.854,0.72106,0.72095,1,1
24.08.2021 00:12:40.955,0.7210500000000001,0.7209800000000001,1,1
24.08.2021 00:12:41.158,0.72106,0.7209800000000001,1,1
24.08.2021 00:12:41.879,0.7210500000000001,0.72097,1,1
24.08.2021 00:12:41.930,0.72104,0.72095,1,1
24.08.2021 00:12:48.113,0.7210300000000001,0.72095,1,1
24.08.2021 00:12:48.164,0.72104,0.72091,2.51,1.5
24.08.2021 00:12:48.215,0.72101,0.72092,1,1
24.08.2021 00:12:54.889,0.72101,0.72091,1.5,1
24.08.2021 00:12:55.345,0.7210000000000001,0.72091,1,1
24.08.2021 00:12:55.446,0.72097,0.7208800000000001,1,1.12
24.08.2021 00:12:55.547,0.72096,0.7208800000000001,1,1.12
24.08.2021 00:12:55.902,0.72097,0.7208800000000001,1,1
24.08.2021 00:12:56.678,0.72096,0.7208800000000001,1,1
24.08.2021 00:13:03.586,0.7209800000000001,0.7208800000000001,1.5,1.5
24.08.2021 00:13:03.788,0.7209800000000001,0.72089,1,1
24.08.2021 00:13:05.761,0.72097,0.72087,1,1
24.08.2021 00:13:06.285,0.72096,0.72087,1,1
24.08.2021 00:13:06.386,0.7209300000000001,0.72084,1,1.62
24.08.2021 00:13:06.487,0.7209300000000001,0.7208300000000001,1.25,1
24.08.2021 00:13:06.589,0.7209300000000001,0.7208100000000001,1.25,1.2
24.08.2021 00:13:06.690,0.72091,0.7208100000000001,1,2
24.08.2021 00:13:06.791,0.72091,0.7208100000000001,1,1.5
24.08.2021 00:13:12.007,0.72092,0.7208,3.44,1
24.08.2021 00:13:12.109,0.72087,0.7207800000000001,1,2.75
24.08.2021 00:13:12.212,0.72087,0.7207800000000001,1,1
24.08.2021 00:13:12.364,0.72087,0.72077,1,2.25
24.08.2021 00:13:12.719,0.7208600000000001,0.72077,1,1.5
24.08.2021 00:13:15.812,0.7208600000000001,0.7207600000000001,1.69,1.5
24.08.2021 00:13:16.941,0.7208600000000001,0.72077,1,1
24.08.2021 00:13:17.042,0.72091,0.72079,1.25,2.25
24.08.2021 00:13:17.144,0.72092,0.7208,3.77,1
24.08.2021 00:13:17.495,0.72092,0.7208,1.69,1
24.08.2021 00:13:17.596,0.72091,0.72082,1.5,1
24.08.2021 00:13:32.425,0.7209300000000001,0.7208300000000001,2.44,1
24.08.2021 00:13:32.526,0.72094,0.72084,1.87,2.32
24.08.2021 00:13:32.628,0.72095,0.7208600000000001,1,1
24.08.2021 00:13:32.993,0.72096,0.7208600000000001,1.25,1.57
24.08.2021 00:13:33.273,0.72096,0.7208800000000001,1,1
24.08.2021 00:13:33.375,0.72097,0.7208600000000001,1,1
24.08.2021 00:13:33.774,0.7209800000000001,0.7208600000000001,2.25,1.57
24.08.2021 00:13:34.867,0.72096,0.72087,1,1
24.08.2021 00:13:39.701,0.72097,0.72087,1,1.5
24.08.2021 00:13:41.154,0.72097,0.7208800000000001,1,1
24.08.2021 00:13:43.114,0.72097,0.72087,1,1.95
24.08.2021 00:13:43.219,0.72096,0.72087,1,1
24.08.2021 00:13:52.493,0.72096,0.7208600000000001,1,2.32
24.08.2021 00:13:57.230,0.72097,0.72087,1,1.5
24.08.2021 00:14:00.485,0.72096,0.72087,1,1
24.08.2021 00:14:05.868,0.72095,0.7208600000000001,1,1.5
24.08.2021 00:14:05.970,0.72094,0.72084,2.44,1.12
24.08.2021 00:14:06.072,0.7209300000000001,0.72082,3.19,2.32
24.08.2021 00:14:07.785,0.7209300000000001,0.7208300000000001,1,1
24.08.2021 00:14:07.886,0.72094,0.7208300000000001,3.26,1.5
24.08.2021 00:14:11.450,0.72094,0.7208100000000001,2.44,3.45
24.08.2021 00:14:12.878,0.72091,0.7208100000000001,1,2.89
24.08.2021 00:14:22.426,0.72091,0.7208300000000001,1,1
24.08.2021 00:14:22.527,0.72091,0.72082,1,1.1
24.08.2021 00:14:40.748,0.72092,0.72082,1.25,1.5
24.08.2021 00:14:40.850,0.72095,0.7208300000000001,1,2.32
24.08.2021 00:14:40.956,0.72095,0.72084,1,1.12
24.08.2021 00:14:41.785,0.72095,0.72085,1.25,1.87
24.08.2021 00:14:46.563,0.72094,0.72085,1.25,1.5
24.08.2021 00:14:46.665,0.72095,0.7208300000000001,2.44,1.12
24.08.2021 00:15:00.995,0.72095,0.72084,2.44,2.32
24.08.2021 00:15:01.272,0.72095,0.72085,1.5,1.1
24.08.2021 00:15:09.198,0.72096,0.72085,2.25,2.7
24.08.2021 00:15:25.042,0.72097,0.72084,2.25,2.72
24.08.2021 00:15:58.052,0.72094,0.72085,1.25,1
24.08.2021 00:15:58.103,0.72092,0.7208300000000001,1,1.5
24.08.2021 00:15:58.204,0.72091,0.7208100000000001,1,1.5
24.08.2021 00:15:58.255,0.7209,0.7208,1,3.37
24.08.2021 00:16:00.895,0.7209,0.7208100000000001,1,1
24.08.2021 00:16:09.989,0.7209,0.72082,1,1
24.08.2021 00:16:10.320,0.72091,0.72082,1,1
24.08.2021 00:16:10.651,0.72091,0.7208300000000001,1,1
24.08.2021 00:16:10.820,0.72092,0.7208300000000001,1.5,1
24.08.2021 00:16:17.397,0.72094,0.7208300000000001,2.44,1.57
24.08.2021 00:16:17.499,0.72094,0.72084,1.5,1
24.08.2021 00:16:26.404,0.72095,0.72082,3.44,1.5
24.08.2021 00:16:28.856,0.72092,0.72082,1.5,1.5
24.08.2021 00:16:34.373,0.72092,0.7208100000000001,1,1
24.08.2021 00:16:39.593,0.72091,0.7208100000000001,1.69,2.25
24.08.2021 00:16:40.589,0.72089,0.72079,1.69,1
24.08.2021 00:16:48.508,0.7209,0.7208100000000001,1.5,1
24.08.2021 00:16:48.609,0.72091,0.7208100000000001,3.19,1
24.08.2021 00:16:59.643,0.72091,0.7208,1,1
24.08.2021 00:17:08.977,0.7208800000000001,0.7207800000000001,1,1.25
24.08.2021 00:17:09.181,0.72087,0.7207800000000001,1,1
24.08.2021 00:17:09.640,0.72087,0.72077,1.5,2.32
24.08.2021 00:17:15.282,0.72087,0.72077,4.19,1
24.08.2021 00:17:15.640,0.7208300000000001,0.72075,1.5,1.31
24.08.2021 00:17:15.742,0.72082,0.72072,1.5,2
24.08.2021 00:17:15.843,0.72082,0.72072,1.5,1.5
24.08.2021 00:17:16.071,0.7208100000000001,0.72072,1,1
24.08.2021 00:17:16.631,0.72082,0.7207,1,2.81
24.08.2021 00:17:21.465,0.7208,0.72069,1,1
24.08.2021 00:17:21.567,0.72079,0.72069,1,2.62
24.08.2021 00:17:23.644,0.7208,0.7207,3.19,1
24.08.2021 00:17:23.745,0.7208,0.7207100000000001,1,1
24.08.2021 00:17:23.846,0.7208100000000001,0.7207100000000001,1.5,1
24.08.2021 00:17:27.724,0.72082,0.72072,1.69,1.5
24.08.2021 00:17:28.806,0.7208100000000001,0.7207100000000001,2.25,1.5
24.08.2021 00:17:29.454,0.72082,0.7207100000000001,1,1
24.08.2021 00:17:29.556,0.72082,0.72072,1.5,3
24.08.2021 00:17:29.659,0.72085,0.72075,3.5,1
24.08.2021 00:17:29.760,0.72085,0.72075,1.5,1.87
24.08.2021 00:17:30.234,0.7208600000000001,0.7207600000000001,3.19,1
24.08.2021 00:17:54.802,0.7208600000000001,0.72077,1.5,1
24.08.2021 00:17:54.903,0.7208600000000001,0.7207800000000001,1,1
24.08.2021 00:17:55.981,0.7208600000000001,0.72077,1,1.5
24.08.2021 00:18:00.414,0.72087,0.72077,2.44,1
24.08.2021 00:18:00.717,0.72087,0.7207800000000001,1.5,1.5
24.08.2021 00:18:00.818,0.7208800000000001,0.7207800000000001,1.5,1.5
24.08.2021 00:18:03.751,0.7208800000000001,0.72077,1,1.1
24.08.2021 00:18:03.852,0.7208800000000001,0.7207800000000001,1,1.5
24.08.2021 00:18:08.246,0.72089,0.7207800000000001,3.19,1.5
24.08.2021 00:18:08.998,0.72089,0.7207800000000001,3.44,1.5
24.08.2021 00:18:09.099,0.72085,0.7207300000000001,1.69,3.31
24.08.2021 00:18:09.200,0.72084,0.7207100000000001,2.44,2.19
24.08.2021 00:18:09.251,0.7208300000000001,0.7207100000000001,1,1.5
24.08.2021 00:18:09.512,0.72084,0.72074,2.25,1.87
24.08.2021 00:18:09.664,0.72084,0.72075,1.5,1.5
24.08.2021 00:18:09.765,0.72085,0.7207600000000001,1,1
24.08.2021 00:18:18.738,0.72084,0.72074,1.69,1.5
24.08.2021 00:18:19.195,0.7208300000000001,0.72074,1.25,1
24.08.2021 00:18:19.309,0.7208300000000001,0.7207300000000001,1.69,1
24.08.2021 00:18:22.438,0.7208300000000001,0.72072,2.44,2.7
24.08.2021 00:18:22.564,0.7208300000000001,0.7207100000000001,1,2.7
24.08.2021 00:18:42.644,0.7208300000000001,0.7207300000000001,1.5,1.5
24.08.2021 00:18:57.172,0.72084,0.72075,1,1.5
24.08.2021 00:18:57.223,0.7208600000000001,0.7207600000000001,1.5,1
24.08.2021 00:18:58.613,0.72087,0.7207600000000001,3.19,1.57
24.08.2021 00:19:16.045,0.72087,0.72077,2.44,1
24.08.2021 00:19:25.414,0.72087,0.7207800000000001,1.69,1
24.08.2021 00:20:22.459,0.72087,0.7207800000000001,1,2
24.08.2021 00:20:22.510,0.72089,0.72079,2.25,3.26
24.08.2021 00:20:22.637,0.72089,0.7208,1,1
24.08.2021 00:20:23.609,0.72089,0.7208100000000001,1,1
24.08.2021 00:20:23.661,0.72091,0.7208100000000001,3.19,1.5
24.08.2021 00:20:23.763,0.72091,0.72082,1.69,1
24.08.2021 00:20:53.787,0.72092,0.72082,2.44,1
24.08.2021 00:20:55.511,0.72094,0.7208300000000001,1,1.5
24.08.2021 00:20:55.613,0.72096,0.72084,3.94,1.5
24.08.2021 00:20:55.714,0.72095,0.7208600000000001,3,1
24.08.2021 00:20:55.866,0.72096,0.7208600000000001,3.19,1
24.08.2021 00:20:56.501,0.72096,0.72087,1,1
24.08.2021 00:20:57.530,0.72097,0.7208600000000001,1,1.6
24.08.2021 00:20:57.632,0.72097,0.7208800000000001,1.5,1.1
24.08.2021 00:20:57.837,0.72096,0.72087,1,1.6
24.08.2021 00:20:58.146,0.72096,0.72087,1.5,1
24.08.2021 00:21:04.346,0.72095,0.72087,1,1
24.08.2021 00:21:04.450,0.72096,0.72085,1,1.5
24.08.2021 00:21:07.829,0.72095,0.72085,2.44,2.25
24.08.2021 00:21:07.930,0.72094,0.7208300000000001,2.44,1
24.08.2021 00:21:22.444,0.72091,0.7208300000000001,1,1
24.08.2021 00:21:22.754,0.7209,0.72082,1,1
24.08.2021 00:21:22.856,0.72089,0.72082,1,1
24.08.2021 00:21:29.556,0.7208800000000001,0.7208100000000001,1,1
24.08.2021 00:21:31.139,0.72089,0.72079,1,1.31
24.08.2021 00:21:31.190,0.7208600000000001,0.72079,1,1
24.08.2021 00:21:36.064,0.72085,0.72077,1,10.01
24.08.2021 00:21:36.115,0.7208800000000001,0.7207800000000001,1,1
24.08.2021 00:21:36.267,0.7208600000000001,0.72079,1,1
24.08.2021 00:21:39.415,0.72085,0.72077,1,8.51
24.08.2021 00:21:40.916,0.72087,0.72075,1.94,1.12
24.08.2021 00:21:41.017,0.7208300000000001,0.72075,1,1.87
24.08.2021 00:21:41.804,0.72084,0.72074,1.25,1.5
24.08.2021 00:21:44.797,0.7208,0.7207300000000001,1,1
24.08.2021 00:21:49.266,0.72084,0.72074,1.25,1
24.08.2021 00:21:51.367,0.7208,0.7207300000000001,1,1
24.08.2021 00:21:55.426,0.72082,0.7207300000000001,1,1
24.08.2021 00:21:56.630,0.72085,0.72075,1,1.5
24.08.2021 00:22:00.366,0.7208300000000001,0.7207600000000001,1,1
24.08.2021 00:22:03.463,0.7208600000000001,0.7207600000000001,1,1.1
24.08.2021 00:22:05.772,0.7208300000000001,0.7207600000000001,1,1
24.08.2021 00:22:09.074,0.7208600000000001,0.7207600000000001,1,1.1
24.08.2021 00:22:09.367,0.7208300000000001,0.7207600000000001,1,1
24.08.2021 00:22:12.097,0.72085,0.7207600000000001,1,1.2
24.08.2021 00:22:19.623,0.72082,0.72074,1,3.26
24.08.2021 00:22:19.725,0.7208300000000001,0.72075,1,1
24.08.2021 00:22:24.217,0.72085,0.72074,1,1.76
24.08.2021 00:22:27.792,0.72084,0.72074,1,1.57
24.08.2021 00:22:34.160,0.72082,0.7207300000000001,1,1.57
24.08.2021 00:22:39.368,0.7208100000000001,0.7207300000000001,1,1.95
24.08.2021 00:22:39.666,0.7208100000000001,0.72074,1,1
24.08.2021 00:23:27.542,0.72085,0.7207300000000001,1,1.1
24.08.2021 00:23:29.170,0.7208300000000001,0.7207300000000001,1,1.1
24.08.2021 00:23:50.142,0.7208100000000001,0.7207300000000001,1,1.5
24.08.2021 00:24:03.474,0.7208100000000001,0.72074,1,1
24.08.2021 00:24:03.576,0.72084,0.72075,1,1.1
24.08.2021 00:24:03.933,0.72085,0.72075,1,1
24.08.2021 00:24:04.034,0.7208600000000001,0.72075,1,1
24.08.2021 00:24:05.605,0.7208600000000001,0.72077,1,1
24.08.2021 00:24:05.657,0.72087,0.72079,1,1
24.08.2021 00:24:05.758,0.7208800000000001,0.72077,1.1,1
24.08.2021 00:24:05.960,0.7208600000000001,0.7207800000000001,1,1
24.08.2021 00:24:06.061,0.72085,0.72077,1,1
24.08.2021 00:24:17.456,0.7208800000000001,0.7208,1,1.5
24.08.2021 00:24:17.558,0.7209,0.72079,1.12,1.5
24.08.2021 00:24:17.761,0.7208800000000001,0.7208,1,1
24.08.2021 00:24:17.863,0.7208800000000001,0.72079,1,1
24.08.2021 00:24:19.916,0.72087,0.72079,1,1
24.08.2021 00:24:32.032,0.72087,0.7207800000000001,1.1,2.25
24.08.2021 00:24:32.135,0.7208600000000001,0.72077,1.1,1
24.08.2021 00:24:32.237,0.7208600000000001,0.72075,1,1.87
24.08.2021 00:24:49.119,0.7208600000000001,0.7207600000000001,1.1,1.87
24.08.2021 00:24:49.321,0.7208600000000001,0.72075,1,1.5
24.08.2021 00:24:51.871,0.72084,0.72075,1.1,1.87
24.08.2021 00:24:51.973,0.7208300000000001,0.72072,1.1,1
24.08.2021 00:24:52.074,0.7208100000000001,0.72072,1.1,1.87
24.08.2021 00:24:52.277,0.7208100000000001,0.72072,1.1,1
24.08.2021 00:24:58.862,0.7208100000000001,0.7207,1.1,1
24.08.2021 00:25:03.001,0.7208100000000001,0.7207100000000001,1.57,1
24.08.2021 00:25:03.153,0.7208300000000001,0.72074,2.44,1
24.08.2021 00:25:03.255,0.72084,0.72074,1,1
24.08.2021 00:25:03.508,0.72084,0.72075,1,1
24.08.2021 00:25:04.173,0.7208300000000001,0.7207100000000001,1.57,4.5
24.08.2021 00:25:10.674,0.7208100000000001,0.72072,1,1.87
24.08.2021 00:25:10.776,0.7208100000000001,0.7207,1,1.5
24.08.2021 00:25:10.827,0.7207800000000001,0.7207,1,1
24.08.2021 00:25:10.929,0.7207800000000001,0.7206800000000001,1,1.87
24.08.2021 00:25:11.030,0.72077,0.7206800000000001,1,1.12
24.08.2021 00:25:11.905,0.72077,0.72067,1.76,1.12
24.08.2021 00:25:12.018,0.7207600000000001,0.72067,1,1.12
24.08.2021 00:25:21.206,0.72075,0.72067,1,1.5
24.08.2021 00:25:26.406,0.72074,0.72064,1,3.94
24.08.2021 00:25:26.457,0.72072,0.72064,1.57,1.12
24.08.2021 00:25:27.375,0.72074,0.7206300000000001,1.5,1
24.08.2021 00:25:27.589,0.72072,0.72064,1,1
24.08.2021 00:25:27.690,0.7207300000000001,0.72064,1,1.5
24.08.2021 00:25:28.119,0.72072,0.72064,1.1,1.12
24.08.2021 00:25:28.331,0.72075,0.72064,3.04,2.25
24.08.2021 00:25:28.434,0.7207300000000001,0.72064,1,1.5
24.08.2021 00:25:29.326,0.7207300000000001,0.72064,1.1,1
24.08.2021 00:25:31.635,0.7207100000000001,0.72064,1,1
24.08.2021 00:25:31.686,0.7207100000000001,0.7206100000000001,1.57,2.81
24.08.2021 00:25:32.882,0.72072,0.72059,1.57,5.62
24.08.2021 00:25:33.679,0.72067,0.7206,1,1
24.08.2021 00:25:33.735,0.72069,0.7206,1,1
24.08.2021 00:25:33.837,0.7207,0.7206,1.76,1.5
24.08.2021 00:25:34.798,0.7206800000000001,0.72059,1,1.12
24.08.2021 00:25:35.000,0.72067,0.72058,1,1.12
24.08.2021 00:25:35.303,0.72067,0.72057,1.5,1.12
24.08.2021 00:25:35.405,0.7206600000000001,0.72057,1.57,1
24.08.2021 00:25:35.506,0.7206600000000001,0.7205600000000001,1.76,1.87
24.08.2021 00:25:35.608,0.72067,0.7205600000000001,1,1
24.08.2021 00:25:38.311,0.72067,0.72055,1.76,1.87
24.08.2021 00:25:38.412,0.7206300000000001,0.72052,1,1.5
24.08.2021 00:25:38.564,0.72062,0.72053,1,1.12
24.08.2021 00:25:39.603,0.72062,0.72052,1.1,1.87
24.08.2021 00:25:42.530,0.72062,0.72052,1.6,1
24.08.2021 00:25:43.598,0.7206,0.7205100000000001,1,1.87
24.08.2021 00:25:44.979,0.7206,0.7205,1.57,1
24.08.2021 00:25:45.080,0.72059,0.72048,1,1.87
24.08.2021 00:25:45.182,0.72058,0.72049,1,2
24.08.2021 00:25:46.835,0.7206,0.72048,1,2.75
24.08.2021 00:25:47.380,0.72058,0.72048,1.1,1.5
24.08.2021 00:25:47.533,0.72058,0.72047,1,1
24.08.2021 00:25:48.349,0.72057,0.72047,1.1,1.87
24.08.2021 00:25:48.451,0.72057,0.72045,2.51,2
24.08.2021 00:25:48.655,0.7205600000000001,0.7204600000000001,1.76,1.87
24.08.2021 00:25:49.119,0.7205600000000001,0.72047,1,1.5
24.08.2021 00:25:49.221,0.72057,0.72047,1.5,1.5
24.08.2021 00:25:49.678,0.72058,0.72047,1,1.75
24.08.2021 00:25:49.729,0.72059,0.7205,1.57,1
24.08.2021 00:25:50.086,0.72059,0.72049,1.57,1
24.08.2021 00:25:50.622,0.72058,0.72048,1.57,1.12
24.08.2021 00:25:51.294,0.72058,0.72049,1,1
24.08.2021 00:25:52.790,0.72058,0.72048,1,1.12
24.08.2021 00:25:52.891,0.72059,0.72048,1,1
24.08.2021 00:25:52.992,0.72057,0.72047,1,3.56
24.08.2021 00:25:53.148,0.7205600000000001,0.7204600000000001,1,2.94
24.08.2021 00:25:53.254,0.72058,0.72045,1.57,3.37
24.08.2021 00:25:53.355,0.7205600000000001,0.7204600000000001,1,2.06
24.08.2021 00:25:54.556,0.72055,0.72045,1.5,1.5
24.08.2021 00:25:54.658,0.7205600000000001,0.7204600000000001,2.51,1
24.08.2021 00:25:55.121,0.72058,0.72047,1.57,1
24.08.2021 00:25:56.329,0.72057,0.72048,1.57,1.5
24.08.2021 00:25:56.380,0.72059,0.7205,1.1,1
24.08.2021 00:25:57.001,0.72059,0.72048,1,1
24.08.2021 00:25:57.102,0.72059,0.72047,1.1,1.12
24.08.2021 00:25:59.329,0.72057,0.72047,1.57,1
24.08.2021 00:25:59.431,0.7205600000000001,0.72047,1.25,1
24.08.2021 00:25:59.584,0.72057,0.72047,1.5,2.25
24.08.2021 00:26:00.551,0.7205600000000001,0.7204600000000001,1.69,3.5
24.08.2021 00:26:00.703,0.7205600000000001,0.7204600000000001,1.76,1.5
24.08.2021 00:26:01.934,0.7205600000000001,0.72045,1.69,1
24.08.2021 00:26:03.502,0.72054,0.7204200000000001,2.54,1
24.08.2021 00:26:03.604,0.72054,0.72045,1.57,1
24.08.2021 00:26:03.757,0.72055,0.72045,1.01,1.5
24.08.2021 00:26:04.020,0.7205600000000001,0.7204600000000001,2.54,1
24.08.2021 00:26:09.134,0.72054,0.72043,1,1
24.08.2021 00:26:09.235,0.72054,0.72044,1.57,1.5
24.08.2021 00:26:09.336,0.72054,0.72045,1.1,1
24.08.2021 00:26:10.052,0.72052,0.72043,1,1.87
24.08.2021 00:26:11.606,0.72053,0.72044,1.1,1
24.08.2021 00:26:11.707,0.72053,0.72044,1,2
24.08.2021 00:26:12.524,0.72052,0.72044,1,1
24.08.2021 00:26:12.626,0.72053,0.72044,1,1.5
24.08.2021 00:26:12.728,0.72053,0.72044,1,1
24.08.2021 00:26:13.680,0.72053,0.72045,1,1
24.08.2021 00:26:14.187,0.72054,0.72044,1.6,1.12
24.08.2021 00:26:14.289,0.72052,0.7204200000000001,1,2.75
24.08.2021 00:26:14.391,0.72053,0.7204100000000001,1,2.62
24.08.2021 00:26:15.584,0.7205,0.7204100000000001,1,2
24.08.2021 00:26:15.685,0.7205,0.7204100000000001,1,1.5
24.08.2021 00:26:17.343,0.7205,0.7204,1,1.87
24.08.2021 00:26:17.446,0.72048,0.72038,2.51,1.5
24.08.2021 00:26:17.598,0.72049,0.7203700000000001,2.54,1
24.08.2021 00:26:19.448,0.72048,0.72038,1.57,1.5
24.08.2021 00:26:19.550,0.72049,0.72039,1.2,1.12
24.08.2021 00:26:19.651,0.7205,0.7204,1.57,1.12
24.08.2021 00:26:20.687,0.72048,0.7203600000000001,1.57,2.25
24.08.2021 00:26:20.890,0.72049,0.7203600000000001,1.76,2.25
24.08.2021 00:26:21.093,0.72048,0.72038,1.76,1
24.08.2021 00:26:21.246,0.72049,0.72039,1.57,1.12
24.08.2021 00:26:21.398,0.7205,0.72039,1.57,2.62
24.08.2021 00:26:21.554,0.72049,0.72039,1.1,1.87
24.08.2021 00:26:21.655,0.7205,0.7204,1.79,1
24.08.2021 00:26:21.757,0.7205,0.7204,1.76,1
24.08.2021 00:26:21.865,0.7205,0.72038,1.1,4.5
24.08.2021 00:26:21.966,0.72048,0.7203700000000001,1.79,2
24.08.2021 00:26:22.067,0.72048,0.7203700000000001,1.57,2.25
24.08.2021 00:26:22.219,0.72049,0.72039,1.1,1.5
24.08.2021 00:26:22.320,0.72048,0.72038,1.1,1.5
24.08.2021 00:26:22.690,0.72049,0.72039,1.1,2.62
24.08.2021 00:26:22.791,0.7205,0.72039,2.54,4.12
24.08.2021 00:26:22.995,0.7205,0.7204,1.76,1.5
24.08.2021 00:26:23.350,0.72049,0.72039,1.01,2.62
24.08.2021 00:26:23.452,0.72048,0.72039,1.01,1.12
24.08.2021 00:26:24.300,0.72049,0.72039,1.01,1.5
24.08.2021 00:26:24.402,0.7205100000000001,0.72038,2.6,1.5
24.08.2021 00:26:24.556,0.72048,0.72039,1.35,1
24.08.2021 00:26:24.658,0.72048,0.72038,2.54,1
24.08.2021 00:26:25.011,0.72049,0.7204,1.1,1
24.08.2021 00:26:25.840,0.72048,0.72039,1.01,1.12
24.08.2021 00:26:26.786,0.72047,0.72038,1.1,1
24.08.2021 00:26:27.191,0.72049,0.72039,2.54,1
24.08.2021 00:26:27.343,0.7205,0.7204,2.91,1
24.08.2021 00:26:27.697,0.7205100000000001,0.7204100000000001,3.29,1
24.08.2021 00:26:28.082,0.7205,0.7204,1.79,1
24.08.2021 00:26:28.286,0.72048,0.72038,1.79,1.12
24.08.2021 00:26:28.437,0.72049,0.7203700000000001,1.01,1.12
24.08.2021 00:26:28.694,0.72049,0.7204,1.1,1
24.08.2021 00:26:28.796,0.7205100000000001,0.7204,1.1,1
24.08.2021 00:26:29.172,0.7205,0.7204,2.54,1.12
24.08.2021 00:26:29.273,0.72049,0.72039,2.54,1.5
24.08.2021 00:26:29.402,0.72049,0.72039,2.54,1
24.08.2021 00:26:30.714,0.72048,0.72038,1.1,2.25
24.08.2021 00:26:31.586,0.72049,0.7203700000000001,2.6,1
24.08.2021 00:26:32.357,0.72047,0.7203700000000001,1.35,1.5
24.08.2021 00:26:33.089,0.72045,0.7203600000000001,1.01,1
24.08.2021 00:26:33.190,0.72045,0.72035,1.76,1.5
24.08.2021 00:26:33.291,0.7204600000000001,0.7203600000000001,1.76,1
24.08.2021 00:26:33.553,0.72047,0.72034,1.76,2.25
24.08.2021 00:26:34.130,0.72044,0.7203200000000001,1.01,1.12
24.08.2021 00:26:34.232,0.72044,0.72034,1.79,1.5
24.08.2021 00:26:34.333,0.72045,0.72034,1.01,3.75
24.08.2021 00:26:34.535,0.7204600000000001,0.72033,1.1,5
24.08.2021 00:26:34.848,0.72045,0.7203600000000001,1.1,1
24.08.2021 00:26:35.485,0.72043,0.72033,1.76,1.12
24.08.2021 00:26:35.993,0.7204200000000001,0.7203200000000001,1.01,2.75
24.08.2021 00:26:36.154,0.72043,0.7203100000000001,1.01,2.25
24.08.2021 00:26:36.559,0.72045,0.72033,1.65,2.62
24.08.2021 00:26:36.712,0.72045,0.72035,1.6,1
24.08.2021 00:26:36.996,0.72043,0.7203100000000001,1.1,2.94
24.08.2021 00:26:37.097,0.7204200000000001,0.7203200000000001,1.1,2.25
24.08.2021 00:26:38.465,0.7204100000000001,0.7203200000000001,1,1
24.08.2021 00:26:38.566,0.7204200000000001,0.7203,1,2.25
24.08.2021 00:26:38.729,0.72043,0.72033,1.57,2.25
24.08.2021 00:26:38.830,0.7204100000000001,0.7203100000000001,1,2.62
24.08.2021 00:26:42.820,0.7204100000000001,0.7203,1.25,1
24.08.2021 00:26:42.921,0.72038,0.72028,1.01,1.5
24.08.2021 00:26:43.073,0.72039,0.72027,1.35,2.25
24.08.2021 00:26:43.175,0.72039,0.72027,1.1,2.25
24.08.2021 00:26:43.326,0.72039,0.72029,1.27,2.62
24.08.2021 00:26:43.428,0.7204,0.7203,2.54,1
24.08.2021 00:26:43.866,0.7204,0.7203,1.57,1.5
24.08.2021 00:26:44.169,0.72038,0.72028,1.1,2.25
24.08.2021 00:26:44.270,0.72038,0.72028,1.1,2.25
24.08.2021 00:26:46.349,0.7203700000000001,0.72027,1.1,2.62
24.08.2021 00:26:46.451,0.7204,0.72029,3.61,3.75
24.08.2021 00:26:46.553,0.7204100000000001,0.72029,2.79,1
24.08.2021 00:26:48.754,0.7204,0.7203,1.76,1
24.08.2021 00:26:49.109,0.7204,0.7203100000000001,1.1,1
24.08.2021 00:26:50.898,0.7204100000000001,0.72029,1.57,1.87
24.08.2021 00:26:55.989,0.7204,0.7203100000000001,1.01,1
24.08.2021 00:26:59.523,0.7203700000000001,0.72027,1.76,2.75
24.08.2021 00:26:59.625,0.7203700000000001,0.72027,1.79,1
24.08.2021 00:26:59.726,0.7203600000000001,0.7202600000000001,1.01,1.5
24.08.2021 00:26:59.878,0.7203600000000001,0.72027,1.01,1
24.08.2021 00:27:00.561,0.72035,0.72027,1,1
24.08.2021 00:27:00.662,0.7203700000000001,0.72027,2.7,1
24.08.2021 00:27:00.764,0.72038,0.72028,2.07,1
24.08.2021 00:27:00.865,0.72038,0.72029,1.51,1
24.08.2021 00:27:00.975,0.72038,0.72029,1.39,1
24.08.2021 00:27:01.936,0.72038,0.72028,1.39,1
24.08.2021 00:27:03.066,0.72038,0.72029,1.39,1
24.08.2021 00:27:03.509,0.72039,0.7203,1,1.5
24.08.2021 00:27:03.610,0.72039,0.7203100000000001,1,1
24.08.2021 00:27:10.997,0.7204,0.7203100000000001,1.1,1
24.08.2021 00:27:14.766,0.7204,0.7203,1.1,2.62
24.08.2021 00:27:19.781,0.7204100000000001,0.7203100000000001,3.29,1
24.08.2021 00:27:25.104,0.7204200000000001,0.7203200000000001,1.57,1
24.08.2021 00:27:25.206,0.7204200000000001,0.72033,1.1,1
24.08.2021 00:27:25.713,0.72043,0.72034,1.1,1
24.08.2021 00:27:25.764,0.72044,0.72035,1.2,1
24.08.2021 00:27:25.867,0.72045,0.72035,1.95,1.5
24.08.2021 00:27:25.969,0.72047,0.72035,2.54,1
24.08.2021 00:27:26.963,0.7204600000000001,0.7203600000000001,1.76,1.5
24.08.2021 00:27:27.065,0.7204600000000001,0.7203700000000001,1.76,1
24.08.2021 00:27:28.814,0.72049,0.72038,1.1,1
24.08.2021 00:27:28.915,0.7205,0.7204,3.46,1.5
24.08.2021 00:27:29.016,0.7205100000000001,0.7204100000000001,3.26,1
24.08.2021 00:27:29.270,0.7205100000000001,0.7204200000000001,1.76,1
24.08.2021 00:27:29.371,0.72052,0.7204200000000001,2.25,1.5
24.08.2021 00:27:33.833,0.72052,0.72043,1.57,1
24.08.2021 00:27:33.935,0.72054,0.72044,2.76,1.5
24.08.2021 00:27:34.087,0.72053,0.7204100000000001,2.51,3.37
24.08.2021 00:27:34.138,0.72052,0.7204100000000001,1.25,1.87
24.08.2021 00:27:39.048,0.7205100000000001,0.7204200000000001,1.01,1.5
24.08.2021 00:27:40.936,0.7205100000000001,0.7204200000000001,1.35,1.5
24.08.2021 00:27:48.469,0.72052,0.7204200000000001,4.1,1.5
24.08.2021 00:27:49.266,0.7205100000000001,0.7204200000000001,1.35,1.5
24.08.2021 00:27:51.324,0.72049,0.7204100000000001,1.25,1
24.08.2021 00:27:51.426,0.72048,0.7203700000000001,1.25,1.12
24.08.2021 00:27:54.620,0.72047,0.7203700000000001,1.01,1.5
24.08.2021 00:27:56.098,0.72047,0.7203700000000001,2.79,1.5
24.08.2021 00:28:01.406,0.72047,0.7203700000000001,1.57,1.5
24.08.2021 00:28:03.286,0.72048,0.72038,1.57,1
24.08.2021 00:28:04.336,0.72048,0.72039,1.57,1
24.08.2021 00:28:05.710,0.7205,0.7204,3.26,1
24.08.2021 00:28:06.453,0.72052,0.7204,4.29,1
24.08.2021 00:28:11.115,0.7205100000000001,0.7204100000000001,3.26,1.5
24.08.2021 00:28:14.351,0.7205100000000001,0.7204100000000001,4.07,1.5
24.08.2021 00:28:19.116,0.7205100000000001,0.7204,3.51,1
24.08.2021 00:28:20.936,0.7205,0.7204,3.51,1.5
24.08.2021 00:28:23.377,0.7205,0.7204,1.76,2.25
24.08.2021 00:28:24.180,0.7205,0.7204,1.82,2.25
24.08.2021 00:28:24.282,0.7205,0.7204100000000001,1.82,1
24.08.2021 00:28:30.182,0.7205100000000001,0.7204100000000001,3.35,1.5
24.08.2021 00:28:35.220,0.72049,0.7204100000000001,1.75,1.5
24.08.2021 00:28:35.322,0.72047,0.7203700000000001,1.01,1
24.08.2021 00:28:35.423,0.7204600000000001,0.72035,1.01,1.5
24.08.2021 00:28:38.553,0.72047,0.7203600000000001,1.82,1
24.08.2021 00:28:38.976,0.72048,0.7203700000000001,1.1,1
24.08.2021 00:28:39.078,0.72048,0.72038,2.89,1.5
24.08.2021 00:28:39.349,0.72048,0.72039,1.25,1
24.08.2021 00:28:46.965,0.7205,0.72038,1.1,3.75
24.08.2021 00:28:47.017,0.72052,0.7204,3.66,1.5
24.08.2021 00:28:47.219,0.72052,0.7204,1.57,1.5
24.08.2021 00:28:47.424,0.72047,0.7203700000000001,1,3
24.08.2021 00:28:47.525,0.72045,0.72038,1.25,1.5
24.08.2021 00:28:47.948,0.72045,0.7203700000000001,1.25,1
24.08.2021 00:28:49.086,0.7204600000000001,0.7203700000000001,1.76,1
24.08.2021 00:28:55.220,0.72045,0.72033,1.57,1.87
24.08.2021 00:28:55.321,0.72044,0.72035,1,1
24.08.2021 00:28:58.652,0.72044,0.7203200000000001,1.57,1.5
24.08.2021 00:28:59.338,0.72044,0.72035,1,1
24.08.2021 00:28:59.439,0.7204600000000001,0.72035,1.76,2.25
24.08.2021 00:28:59.541,0.7204600000000001,0.7203600000000001,1.01,1
24.08.2021 00:29:01.240,0.72048,0.7203600000000001,3.16,1
24.08.2021 00:29:02.067,0.72044,0.72035,1,1.5
24.08.2021 00:29:02.826,0.72044,0.72034,1.39,1.5
24.08.2021 00:29:05.102,0.72043,0.72033,1,1.5
24.08.2021 00:29:05.203,0.72043,0.72034,1,1.5
24.08.2021 00:29:08.851,0.72043,0.7203100000000001,1.1,1.5
24.08.2021 00:29:08.953,0.7204100000000001,0.7203200000000001,1.01,1
24.08.2021 00:29:09.207,0.7204100000000001,0.7203100000000001,1.25,1
24.08.2021 00:29:09.308,0.7204100000000001,0.7203200000000001,3.26,1
24.08.2021 00:29:11.070,0.72043,0.7203100000000001,2.51,1.5
24.08.2021 00:29:11.831,0.72043,0.72034,1.5,1.5
24.08.2021 00:29:18.210,0.72043,0.72033,1.5,1.5
24.08.2021 00:29:24.680,0.7204100000000001,0.72029,1.5,1.5
24.08.2021 00:29:26.963,0.72038,0.72029,1.25,1
24.08.2021 00:29:27.065,0.72039,0.7203100000000001,1.5,1.12
24.08.2021 00:29:27.217,0.72039,0.72029,5,2
24.08.2021 00:29:27.473,0.72039,0.72029,3.75,2
24.08.2021 00:29:27.575,0.7204100000000001,0.7203200000000001,1.5,1.5
24.08.2021 00:29:27.676,0.7204200000000001,0.7203200000000001,2.25,1
24.08.2021 00:29:33.566,0.72039,0.7203100000000001,1.57,1.12
24.08.2021 00:29:33.668,0.7204,0.7203,1.87,2
24.08.2021 00:29:34.414,0.7204100000000001,0.7203100000000001,1.01,1.87
24.08.2021 00:29:48.487,0.7204,0.7203,1,2.62
24.08.2021 00:29:50.444,0.7204,0.7203,1,2.75
24.08.2021 00:29:56.262,0.7204100000000001,0.7203100000000001,2.44,1.12
24.08.2021 00:30:00.674,0.7204200000000001,0.7203200000000001,1.12,1.5
24.08.2021 00:30:00.775,0.72044,0.72034,1.5,1
24.08.2021 00:30:00.826,0.72045,0.7203600000000001,1.87,1
24.08.2021 00:30:01.029,0.7204600000000001,0.7203600000000001,1.01,1.5
24.08.2021 00:30:04.377,0.72047,0.7203600000000001,3.26,1.5
24.08.2021 00:30:07.462,0.72048,0.7203600000000001,1,1.5
24.08.2021 00:30:07.584,0.72048,0.72038,2.25,1
24.08.2021 00:30:09.341,0.72047,0.7203700000000001,1,1.5
24.08.2021 00:30:14.345,0.72049,0.72038,3.57,2.25
24.08.2021 00:30:14.446,0.7205,0.72038,1,1.5
24.08.2021 00:30:27.758,0.7205100000000001,0.7204100000000001,3.64,1
24.08.2021 00:30:27.859,0.72052,0.7204100000000001,1.39,1
24.08.2021 00:30:28.073,0.72052,0.7204200000000001,3.56,1
24.08.2021 00:30:35.104,0.7205100000000001,0.7204200000000001,1.25,1
24.08.2021 00:30:39.208,0.7205,0.7204100000000001,1,1
24.08.2021 00:30:41.969,0.72047,0.72038,1.5,1
24.08.2021 00:30:42.071,0.72047,0.7203700000000001,1.69,1.87
24.08.2021 00:30:48.523,0.7204600000000001,0.7203600000000001,1,1
24.08.2021 00:31:05.912,0.7204600000000001,0.7203700000000001,1,1
24.08.2021 00:31:06.399,0.72048,0.72038,2.25,1
24.08.2021 00:31:09.480,0.72049,0.72039,1,2.25
24.08.2021 00:31:09.531,0.7205,0.7204100000000001,1.12,1
24.08.2021 00:31:09.640,0.7205100000000001,0.7204100000000001,2.44,1.5
24.08.2021 00:31:09.792,0.72054,0.7204100000000001,3.19,2.25
24.08.2021 00:31:09.967,0.72054,0.7204200000000001,1.69,1
24.08.2021 00:31:12.124,0.72052,0.7204200000000001,1,2.32
24.08.2021 00:31:12.600,0.72054,0.7204200000000001,1.69,1
24.08.2021 00:31:13.591,0.72052,0.7204200000000001,1,2.25
24.08.2021 00:31:15.416,0.72052,0.72043,1.12,1
24.08.2021 00:31:17.888,0.72052,0.7204200000000001,1,2.25
24.08.2021 00:31:31.700,0.72053,0.7204,2.44,2.25
24.08.2021 00:31:36.161,0.72052,0.7204200000000001,1.5,1
24.08.2021 00:31:49.920,0.72052,0.72043,1,1
24.08.2021 00:31:55.132,0.72054,0.7204200000000001,3.94,1
24.08.2021 00:31:55.233,0.72053,0.72044,1.69,1
24.08.2021 00:32:08.295,0.72053,0.7204200000000001,1.69,1
24.08.2021 00:32:10.218,0.72054,0.7204100000000001,4.56,1
24.08.2021 00:32:10.319,0.72053,0.7204,2.44,2.25
24.08.2021 00:32:10.420,0.7205100000000001,0.7204200000000001,1,1
24.08.2021 00:32:11.529,0.72053,0.7204100000000001,2.44,1
24.08.2021 00:32:21.016,0.7205100000000001,0.7204200000000001,1,1
24.08.2021 00:32:29.855,0.7205,0.7204100000000001,2.25,1
24.08.2021 00:32:29.956,0.7205100000000001,0.7204100000000001,1.69,1.5
24.08.2021 00:32:31.454,0.72049,0.72038,3.75,1
24.08.2021 00:32:31.556,0.7205100000000001,0.72039,1.69,1.5
24.08.2021 00:32:33.601,0.72052,0.72039,2.81,1.5
24.08.2021 00:32:36.404,0.7205100000000001,0.72039,1.69,1.5
24.08.2021 00:32:36.506,0.72049,0.72039,1.25,1.12
24.08.2021 00:32:39.925,0.72049,0.72039,2.5,1
24.08.2021 00:32:40.027,0.7204600000000001,0.7203700000000001,1,1
24.08.2021 00:32:40.128,0.7204600000000001,0.7203600000000001,1,1.5
24.08.2021 00:32:41.460,0.72047,0.7203600000000001,2.25,2.25
24.08.2021 00:32:41.584,0.72047,0.7203700000000001,2.25,1
24.08.2021 00:32:43.273,0.72048,0.72038,1.12,1.5
24.08.2021 00:33:05.062,0.72049,0.72039,1.69,1
24.08.2021 00:33:08.280,0.72049,0.72038,2.44,1.5
24.08.2021 00:33:11.456,0.72048,0.72038,1,1.5
24.08.2021 00:33:15.023,0.7205,0.72038,2.62,1
24.08.2021 00:33:15.225,0.72049,0.7204,1,1
24.08.2021 00:33:15.326,0.7205,0.72038,1.5,2.44
24.08.2021 00:33:15.428,0.7205,0.7204,1.5,1.5
24.08.2021 00:33:26.201,0.7205100000000001,0.7204100000000001,2.44,1
24.08.2021 00:33:26.876,0.72053,0.72044,1,1
24.08.2021 00:33:26.977,0.72054,0.72044,2.62,2.81
24.08.2021 00:33:27.079,0.72054,0.72045,1,1
24.08.2021 00:33:27.180,0.72054,0.7204200000000001,2.25,1.87
24.08.2021 00:33:27.281,0.72052,0.7204200000000001,1,1.5
24.08.2021 00:33:30.289,0.72052,0.72043,1,1
24.08.2021 00:33:39.087,0.72052,0.7204200000000001,1.12,1.5
24.08.2021 00:33:43.946,0.72052,0.72043,1,1
24.08.2021 00:33:44.373,0.7205100000000001,0.7204200000000001,1,1
24.08.2021 00:33:54.479,0.72052,0.7204200000000001,1.5,1.69
24.08.2021 00:33:54.581,0.72052,0.72044,1,1
24.08.2021 00:33:54.965,0.72053,0.72044,1,1.5
24.08.2021 00:34:00.617,0.72054,0.72045,1.12,1
24.08.2021 00:34:00.719,0.7205600000000001,0.7204600000000001,2.62,1.5
24.08.2021 00:34:12.687,0.72058,0.72049,1.12,1
24.08.2021 00:34:12.789,0.7206,0.7205,2,1
24.08.2021 00:34:12.891,0.7206100000000001,0.7205100000000001,3,1.5
24.08.2021 00:34:13.043,0.7206100000000001,0.72052,2.25,1
24.08.2021 00:34:13.145,0.72062,0.72052,1.87,1.5
24.08.2021 00:34:17.272,0.72062,0.7205100000000001,1.5,1
24.08.2021 00:34:17.606,0.72058,0.72048,2.62,1.5
24.08.2021 00:34:17.708,0.72059,0.72047,3.75,1
24.08.2021 00:34:19.303,0.7206,0.72048,1.87,1.5
24.08.2021 00:34:19.506,0.72059,0.7205,1,1
24.08.2021 00:34:21.165,0.7206,0.7205,1,1
24.08.2021 00:34:24.675,0.7206100000000001,0.7205100000000001,2.25,1
24.08.2021 00:34:48.623,0.72059,0.7205100000000001,2.25,1
24.08.2021 00:34:48.675,0.72059,0.72049,2.25,1.25
24.08.2021 00:34:49.138,0.72059,0.7205,1,1
24.08.2021 00:34:49.341,0.7206,0.7205100000000001,1.12,1
24.08.2021 00:34:49.865,0.72062,0.7205,2.25,1
24.08.2021 00:34:53.149,0.7206100000000001,0.7205,1,1
24.08.2021 00:34:54.379,0.72059,0.7205,1,1
24.08.2021 00:34:55.034,0.72059,0.72047,3,1.25
24.08.2021 00:34:55.135,0.72057,0.72048,1,1
24.08.2021 00:35:00.475,0.72058,0.72048,3.07,1
24.08.2021 00:35:01.630,0.72059,0.72049,2.75,1
24.08.2021 00:35:01.833,0.72059,0.72049,1.5,1.25
24.08.2021 00:35:04.561,0.72057,0.72047,1,2.44
24.08.2021 00:35:12.198,0.72058,0.72048,1,3.19
24.08.2021 00:35:18.221,0.72059,0.72048,1,1
24.08.2021 00:35:22.057,0.72058,0.72048,1,3.94
24.08.2021 00:35:23.468,0.7206,0.72048,1.1,1
24.08.2021 00:35:26.212,0.7206100000000001,0.7205100000000001,3.45,1
24.08.2021 00:35:32.116,0.72062,0.7205100000000001,1.57,1
24.08.2021 00:35:33.118,0.72062,0.7205,1.5,1.69
24.08.2021 00:35:35.560,0.7206300000000001,0.7205100000000001,1.87,1.69
24.08.2021 00:35:42.981,0.7206100000000001,0.72052,1,1
24.08.2021 00:35:48.283,0.72062,0.72052,2.32,1
24.08.2021 00:35:48.572,0.7206100000000001,0.72052,1,1
24.08.2021 00:35:52.437,0.72062,0.72052,2.32,1
24.08.2021 00:35:57.487,0.72062,0.7205100000000001,1,1
24.08.2021 00:35:58.168,0.7206300000000001,0.7205100000000001,2.32,1
24.08.2021 00:36:03.307,0.7206100000000001,0.72052,1,1
24.08.2021 00:36:10.607,0.72059,0.72048,1.5,1
24.08.2021 00:36:10.709,0.7206,0.72048,1.57,1
24.08.2021 00:36:11.500,0.72058,0.72049,1,1.5
24.08.2021 00:36:18.231,0.72058,0.72048,3.45,1
24.08.2021 00:36:18.337,0.72057,0.72048,1.5,1
24.08.2021 00:36:19.979,0.72058,0.72048,1.5,1.69
24.08.2021 00:36:23.276,0.72058,0.72049,1,1
24.08.2021 00:36:24.863,0.72058,0.7205,1,1
24.08.2021 00:36:25.764,0.7206,0.7205,5.14,1.5
24.08.2021 00:36:27.108,0.7206100000000001,0.7205,1.95,1.5
24.08.2021 00:36:27.210,0.7206300000000001,0.7205,2.82,2.44
24.08.2021 00:36:27.311,0.72062,0.7205100000000001,2.32,2.44
24.08.2021 00:36:41.206,0.72062,0.7205,1,1
24.08.2021 00:36:42.544,0.72062,0.7205100000000001,3.45,1.5
24.08.2021 00:36:48.365,0.72062,0.7205,1,1.25
24.08.2021 00:37:18.333,0.72062,0.7205100000000001,3.45,1.69
24.08.2021 00:37:31.334,0.72062,0.72052,3,1
24.08.2021 00:37:31.536,0.72062,0.72053,2.25,1.25
24.08.2021 00:37:31.637,0.72065,0.72055,1.2,1.5
24.08.2021 00:37:31.739,0.72067,0.72054,3.82,3.19
24.08.2021 00:37:31.840,0.7206600000000001,0.7205600000000001,4.01,1
24.08.2021 00:37:36.416,0.7206600000000001,0.72055,3.26,3.19
24.08.2021 00:37:42.740,0.7206100000000001,0.72053,2.25,1
24.08.2021 00:37:42.842,0.7206100000000001,0.72052,1.5,1
24.08.2021 00:38:01.433,0.72062,0.72052,2.7,1
24.08.2021 00:38:24.399,0.7206300000000001,0.72052,1,1
24.08.2021 00:38:36.634,0.72062,0.72052,2.25,1
24.08.2021 00:38:39.789,0.72062,0.7205100000000001,1,1
24.08.2021 00:38:47.454,0.7206100000000001,0.72053,1,1
24.08.2021 00:38:54.385,0.72062,0.72053,1.87,1
24.08.2021 00:39:03.830,0.7206300000000001,0.72054,1,1
24.08.2021 00:39:03.931,0.7206800000000001,0.72059,1,1
24.08.2021 00:39:04.032,0.72069,0.7206,1.25,1
24.08.2021 00:39:04.134,0.7207,0.7206,1,1.5
24.08.2021 00:39:04.235,0.72072,0.7206100000000001,1.87,1
24.08.2021 00:39:04.336,0.7207300000000001,0.7206100000000001,1.87,1.5
24.08.2021 00:39:22.872,0.7207300000000001,0.72064,1,1
24.08.2021 00:39:22.973,0.72074,0.72064,3,1
24.08.2021 00:39:23.074,0.72072,0.72062,1,1.69
24.08.2021 00:39:35.609,0.7207,0.7206,2.25,1
24.08.2021 00:39:35.711,0.7206800000000001,0.72059,3,1.5
24.08.2021 00:39:35.812,0.7206800000000001,0.72058,3.07,1
24.08.2021 00:39:37.126,0.7206800000000001,0.72059,3,1
24.08.2021 00:39:42.018,0.7206600000000001,0.72059,2.25,1
24.08.2021 00:39:42.068,0.72067,0.7205600000000001,1,1
24.08.2021 00:40:06.098,0.72067,0.72058,1.87,1
24.08.2021 00:40:30.728,0.72062,0.72052,1,2.81
24.08.2021 00:40:42.401,0.7206300000000001,0.7205,2.62,2.44
24.08.2021 00:40:45.201,0.7206100000000001,0.7205100000000001,1,2.44
24.08.2021 00:41:01.827,0.72062,0.7205100000000001,1,1
24.08.2021 00:41:04.526,0.72062,0.72052,2.62,1.5
24.08.2021 00:41:04.628,0.7206300000000001,0.72053,1.12,1.5
24.08.2021 00:41:04.840,0.72065,0.72053,1.12,1.69
24.08.2021 00:41:04.942,0.72065,0.72055,3.75,1
24.08.2021 00:41:05.446,0.7206600000000001,0.7205600000000001,1.5,1.5
24.08.2021 00:41:12.297,0.7206800000000001,0.72055,2.62,1.69
24.08.2021 00:41:12.549,0.7206600000000001,0.7205600000000001,1,1.69
24.08.2021 00:41:35.853,0.7206600000000001,0.72055,1.87,1.69
24.08.2021 00:41:37.065,0.7206600000000001,0.72054,1,1.69
24.08.2021 00:41:40.013,0.72064,0.72055,1,1.5
24.08.2021 00:41:40.115,0.72064,0.72054,1.5,1
24.08.2021 00:41:40.216,0.72064,0.72052,1,1.5
24.08.2021 00:41:46.981,0.7206300000000001,0.72052,1,1
24.08.2021 00:41:47.132,0.72062,0.72052,1.5,1.69
24.08.2021 00:42:10.514,0.7206300000000001,0.72052,1,1
24.08.2021 00:42:10.615,0.72064,0.72052,1.87,1.5
24.08.2021 00:42:10.766,0.7206300000000001,0.72054,1.5,1
24.08.2021 00:42:11.589,0.72064,0.72054,1.5,1.5
24.08.2021 00:42:42.919,0.7206300000000001,0.72052,1,1
24.08.2021 00:42:43.020,0.7206300000000001,0.7205100000000001,1.5,1.5
24.08.2021 00:42:43.875,0.7205600000000001,0.72048,1.5,2.06
24.08.2021 00:42:43.977,0.72057,0.72047,2.62,1
24.08.2021 00:42:44.877,0.7205600000000001,0.7204600000000001,1,3.19
24.08.2021 00:42:45.546,0.7205600000000001,0.72047,1,1
24.08.2021 00:42:45.679,0.72057,0.72048,1.5,1
24.08.2021 00:42:50.635,0.72058,0.7204600000000001,1.5,1.69
24.08.2021 00:42:50.737,0.72055,0.7204600000000001,1,1.5
24.08.2021 00:42:51.772,0.72055,0.72045,1.5,1
24.08.2021 00:42:51.874,0.72055,0.72043,1.5,1.69
24.08.2021 00:42:52.589,0.72054,0.72045,1,1
24.08.2021 00:42:56.368,0.72053,0.72044,1,1.5
24.08.2021 00:42:56.470,0.72055,0.72044,3.07,1
24.08.2021 00:43:01.998,0.7205600000000001,0.72045,3.37,1.5
24.08.2021 00:43:04.834,0.72053,0.72043,3,1.69
24.08.2021 00:43:04.935,0.72053,0.7204100000000001,1.5,1.5
24.08.2021 00:43:11.028,0.72053,0.72043,1.12,1
24.08.2021 00:43:11.475,0.72055,0.72045,2.62,1
24.08.2021 00:43:11.681,0.72054,0.72045,2.62,3.25
24.08.2021 00:43:11.732,0.72054,0.72044,1.12,3.19
24.08.2021 00:43:11.884,0.72055,0.7204200000000001,2.25,1.69
24.08.2021 00:43:18.522,0.72053,0.72043,1,1.01
24.08.2021 00:43:18.624,0.72052,0.7204200000000001,1.5,1.69
24.08.2021 00:43:18.776,0.7205100000000001,0.7204200000000001,1,1.25
24.08.2021 00:43:23.009,0.72052,0.7204,1.5,1.57
24.08.2021 00:43:43.598,0.72048,0.72038,1.5,1.76
24.08.2021 00:43:43.851,0.72049,0.72038,1.87,1.76
24.08.2021 00:43:44.141,0.7205,0.7203700000000001,1.87,2.57
24.08.2021 00:43:45.597,0.72047,0.7203700000000001,1,1.76
24.08.2021 00:43:51.167,0.72048,0.72038,1,1.12
24.08.2021 00:43:51.218,0.7205100000000001,0.7204,1,1
24.08.2021 00:43:51.319,0.72052,0.7204100000000001,1.12,1.25
24.08.2021 00:43:51.471,0.72052,0.7204200000000001,2.25,1.25
24.08.2021 00:43:55.276,0.7205100000000001,0.7204100000000001,1.5,2.51
24.08.2021 00:44:02.116,0.72052,0.7204100000000001,1,1.5
24.08.2021 00:44:02.489,0.72052,0.7204200000000001,1,1.76
24.08.2021 00:44:34.555,0.7205100000000001,0.7204200000000001,1,1
24.08.2021 00:44:49.254,0.7205100000000001,0.7204100000000001,2.25,1.5
24.08.2021 00:44:49.355,0.7205,0.7204100000000001,1.5,1
24.08.2021 00:44:49.406,0.7205,0.72039,3,2.44
24.08.2021 00:44:49.813,0.72049,0.72039,1,1.69
24.08.2021 00:44:51.944,0.72048,0.72038,1,1.76
24.08.2021 00:45:00.418,0.72048,0.72039,1,1
24.08.2021 00:45:00.519,0.72049,0.72039,3,1.76
24.08.2021 00:45:12.226,0.7205,0.72039,3,2.44
24.08.2021 00:45:12.346,0.7205,0.7204,1,1.57
24.08.2021 00:45:12.498,0.7205,0.7204200000000001,1,1
24.08.2021 00:45:19.649,0.72053,0.7204200000000001,1.5,1
24.08.2021 00:45:36.256,0.72054,0.7204200000000001,2.25,1.1
24.08.2021 00:45:37.948,0.72054,0.72044,1.87,1.69
24.08.2021 00:45:37.999,0.7205600000000001,0.72045,1.5,1.25
24.08.2021 00:45:38.050,0.72057,0.72048,1,1
24.08.2021 00:45:38.152,0.72057,0.7204600000000001,2.25,2.62
24.08.2021 00:45:38.253,0.7205600000000001,0.7204600000000001,1.5,1.12
24.08.2021 00:45:40.870,0.72058,0.7204600000000001,1,1.57
24.08.2021 00:45:40.972,0.72058,0.72048,1.87,1
24.08.2021 00:45:42.591,0.72058,0.72049,1.5,1
24.08.2021 00:45:42.694,0.7206,0.72048,1.5,1.5
24.08.2021 00:45:43.099,0.72059,0.7205,1,1
24.08.2021 00:45:43.662,0.7206,0.72048,1.5,1.5
24.08.2021 00:45:44.576,0.72057,0.72047,1.5,1.87
24.08.2021 00:45:46.353,0.7205600000000001,0.72047,4.19,1
24.08.2021 00:45:46.454,0.7205600000000001,0.7204600000000001,4.19,1
24.08.2021 00:45:46.631,0.72054,0.7204200000000001,2.25,1.87
24.08.2021 00:45:46.733,0.72053,0.7204100000000001,1.5,2
24.08.2021 00:45:46.834,0.72052,0.7204200000000001,1.5,1.5
24.08.2021 00:45:52.101,0.72052,0.72043,1,1
24.08.2021 00:45:52.206,0.72053,0.72044,1.87,1
24.08.2021 00:45:59.361,0.72054,0.72044,2.81,1
24.08.2021 00:46:03.857,0.72055,0.72044,2.06,1.5
24.08.2021 00:46:22.956,0.72054,0.72044,1,1.5
24.08.2021 00:46:28.620,0.72052,0.72043,1,1
24.08.2021 00:46:30.062,0.72052,0.7204200000000001,2.06,1
24.08.2021 00:46:46.699,0.7205100000000001,0.7204200000000001,1,1
24.08.2021 00:46:50.718,0.72053,0.7204100000000001,2.81,1
24.08.2021 00:46:52.515,0.72052,0.72043,1,1
24.08.2021 00:46:53.078,0.72054,0.7204200000000001,2.25,1
24.08.2021 00:47:09.634,0.72053,0.72044,1,1
24.08.2021 00:47:09.736,0.72055,0.72045,2.62,1
24.08.2021 00:47:09.837,0.72055,0.7204600000000001,1.12,1.5
24.08.2021 00:47:09.938,0.7205600000000001,0.7204600000000001,1,1.5
24.08.2021 00:47:31.523,0.72057,0.7204600000000001,3.56,1
24.08.2021 00:47:31.574,0.72058,0.72048,1.12,2.25
24.08.2021 00:47:31.676,0.72059,0.72048,1.12,1.5
24.08.2021 00:47:31.777,0.72059,0.72049,1,2.25
24.08.2021 00:47:33.380,0.72058,0.72048,1.5,1
24.08.2021 00:47:33.494,0.72058,0.72049,1,1
24.08.2021 00:47:34.646,0.72059,0.72049,1.5,1.5
24.08.2021 00:47:35.455,0.72058,0.72049,1.5,1.5
24.08.2021 00:47:35.506,0.72058,0.7204600000000001,1.12,1
24.08.2021 00:47:41.351,0.72059,0.72048,2.19,1
24.08.2021 00:47:41.464,0.7206,0.72047,1.87,1
24.08.2021 00:47:52.508,0.7206,0.72049,2.62,1
24.08.2021 00:47:56.231,0.72062,0.7205,1.87,1
24.08.2021 00:47:56.332,0.72062,0.72052,2,1
24.08.2021 00:47:56.457,0.72062,0.72052,1.5,1
24.08.2021 00:47:57.900,0.7206100000000001,0.7205100000000001,1,1.5
24.08.2021 00:48:26.012,0.72062,0.72053,1.12,1
24.08.2021 00:48:26.113,0.7206300000000001,0.72053,2.25,1
24.08.2021 00:48:38.178,0.7206100000000001,0.72052,1.5,1
24.08.2021 00:48:38.280,0.7206100000000001,0.7205,1.5,2.75
24.08.2021 00:48:38.382,0.7206100000000001,0.7205,1.5,2.25
24.08.2021 00:48:46.634,0.7206,0.72048,1.5,2.25
24.08.2021 00:48:46.735,0.72058,0.72048,1,2.25
24.08.2021 00:48:48.082,0.72057,0.72047,1.69,1
24.08.2021 00:48:51.177,0.72058,0.72048,2.81,1
24.08.2021 00:48:59.647,0.72057,0.72047,1.69,1.5
24.08.2021 00:49:01.440,0.72055,0.72047,1.5,1
24.08.2021 00:49:01.542,0.72053,0.72043,3,1.5
24.08.2021 00:49:01.644,0.72052,0.7204200000000001,1,1.5
24.08.2021 00:49:02.988,0.72053,0.72045,1.12,1
24.08.2021 00:49:03.191,0.72054,0.72045,1,1
24.08.2021 00:49:03.242,0.72054,0.72043,2.44,2.62
24.08.2021 00:49:04.309,0.72052,0.72043,1,1.5
24.08.2021 00:49:08.183,0.72052,0.7204200000000001,1,2.44
24.08.2021 00:49:30.437,0.72053,0.7204200000000001,3,2.44
24.08.2021 00:49:45.448,0.72053,0.72044,1.69,1
24.08.2021 00:49:47.448,0.72054,0.72044,1.69,1
24.08.2021 00:49:47.650,0.72054,0.72043,1,1
24.08.2021 00:49:50.942,0.72052,0.72043,1,1
24.08.2021 00:49:54.382,0.72053,0.72043,1.5,1
24.08.2021 00:49:55.788,0.72053,0.72044,1.5,1
24.08.2021 00:50:03.992,0.72055,0.7204600000000001,1.31,1
24.08.2021 00:50:04.094,0.72057,0.72048,1.5,1
24.08.2021 00:50:04.195,0.72059,0.72049,4.31,1
24.08.2021 00:50:04.297,0.72059,0.7204600000000001,5.12,1.5
24.08.2021 00:50:35.637,0.72058,0.72047,1.69,1
24.08.2021 00:51:10.983,0.72058,0.72047,4.56,1
24.08.2021 00:51:11.085,0.72055,0.72047,1.25,1
24.08.2021 00:51:11.186,0.72055,0.7204600000000001,1.25,1
24.08.2021 00:51:11.440,0.72054,0.7204600000000001,1.12,1
24.08.2021 00:51:11.592,0.72054,0.72047,1,1
24.08.2021 00:51:16.406,0.72055,0.72047,1,1
24.08.2021 00:51:16.458,0.72058,0.72047,1.12,1
24.08.2021 00:51:16.560,0.72057,0.72047,1,1
24.08.2021 00:51:17.741,0.72057,0.72048,3,1
24.08.2021 00:51:21.471,0.7205600000000001,0.72048,1,1
24.08.2021 00:51:54.410,0.72057,0.72048,1.12,1
24.08.2021 00:51:56.464,0.7205600000000001,0.72048,1,1
24.08.2021 00:52:07.021,0.72055,0.72047,1.5,1
24.08.2021 00:52:07.173,0.72052,0.72044,1.25,1
24.08.2021 00:52:07.275,0.72052,0.72043,1.25,1
24.08.2021 00:52:09.293,0.7205100000000001,0.72043,1.25,1
24.08.2021 00:52:43.749,0.72052,0.72043,2.14,1
24.08.2021 00:52:47.035,0.72052,0.7204200000000001,3.64,1
24.08.2021 00:52:47.136,0.7205100000000001,0.7204200000000001,3.44,1
24.08.2021 00:52:48.952,0.7205,0.7204,5.01,1.5
24.08.2021 00:52:49.104,0.72049,0.7204,1.5,1.5
24.08.2021 00:52:50.085,0.7205,0.72039,1.69,1
24.08.2021 00:52:50.302,0.7205,0.72039,1.94,1
24.08.2021 00:52:50.886,0.7205,0.72039,1.12,1
24.08.2021 00:52:51.177,0.7205,0.72039,2.69,1
24.08.2021 00:52:51.279,0.72049,0.72038,3.81,1
24.08.2021 00:52:51.381,0.7204600000000001,0.72038,3.44,1
24.08.2021 00:52:51.482,0.7204600000000001,0.7203700000000001,3.62,1
24.08.2021 00:52:51.998,0.72047,0.7203700000000001,5.31,1
24.08.2021 00:52:52.301,0.72045,0.72034,5.5,1.5
24.08.2021 00:52:52.504,0.72044,0.72033,2.31,1.5
24.08.2021 00:52:58.878,0.7204200000000001,0.7203200000000001,1,1
24.08.2021 00:53:00.053,0.72043,0.7203,2.44,1.5
24.08.2021 00:53:00.216,0.7204100000000001,0.72029,3.75,1.87
24.08.2021 00:53:00.317,0.7204100000000001,0.7203,1,1
24.08.2021 00:53:04.827,0.7204100000000001,0.7203100000000001,1,1.5
24.08.2021 00:53:09.115,0.72044,0.72033,5.64,1.5
24.08.2021 00:53:09.267,0.72044,0.7203200000000001,1.69,1
24.08.2021 00:53:16.670,0.72044,0.72035,1,1
24.08.2021 00:53:16.772,0.72044,0.72034,1,1.69
24.08.2021 00:53:21.127,0.72044,0.72033,2.62,1.5
24.08.2021 00:53:21.412,0.72044,0.72034,1.12,1.5
24.08.2021 00:53:36.236,0.7204200000000001,0.72033,1,1
24.08.2021 00:53:36.345,0.72043,0.7203100000000001,2.25,1
24.08.2021 00:53:38.550,0.7204100000000001,0.7203200000000001,1,1
24.08.2021 00:54:01.606,0.72045,0.7203600000000001,1,1.69
24.08.2021 00:54:01.708,0.7204600000000001,0.7203700000000001,1.5,1
24.08.2021 00:54:03.172,0.72049,0.7204,1.5,1
24.08.2021 00:54:03.275,0.7205100000000001,0.7204100000000001,2,1
24.08.2021 00:54:03.326,0.7205100000000001,0.7204100000000001,1,1.5
24.08.2021 00:54:09.365,0.7205100000000001,0.7204200000000001,1,1
24.08.2021 00:54:13.378,0.7205100000000001,0.7204100000000001,1,1.5
24.08.2021 00:54:14.320,0.7205,0.7204100000000001,1.25,1.5
24.08.2021 00:54:29.371,0.72047,0.72039,1.25,1
24.08.2021 00:54:29.473,0.7204600000000001,0.72038,1.25,1.5
24.08.2021 00:54:29.727,0.72045,0.7203700000000001,1.25,1
24.08.2021 00:54:29.779,0.72043,0.72034,2.06,1.5
24.08.2021 00:54:29.881,0.72043,0.7203200000000001,1.25,1.87
24.08.2021 00:54:31.263,0.72043,0.72034,1.25,1
24.08.2021 00:54:32.777,0.7204600000000001,0.72035,1.75,1
24.08.2021 00:54:33.508,0.72043,0.72035,1.25,1
24.08.2021 00:54:36.217,0.72045,0.72035,1.69,1.5
24.08.2021 00:54:36.319,0.72045,0.7203600000000001,1.69,1
24.08.2021 00:54:43.822,0.72044,0.7203600000000001,1.25,1
24.08.2021 00:54:44.571,0.72043,0.72034,1.25,1.5
24.08.2021 00:54:55.142,0.72044,0.72034,1,1
24.08.2021 00:54:55.243,0.7204600000000001,0.7203700000000001,1.75,1
24.08.2021 00:54:59.300,0.7204600000000001,0.72039,1.25,1.5
24.08.2021 00:54:59.351,0.7205,0.7204,2.25,1.5
24.08.2021 00:54:59.452,0.7205100000000001,0.7204100000000001,1.75,1
24.08.2021 00:55:00.148,0.72045,0.7203700000000001,1.25,2.25
24.08.2021 00:55:00.198,0.72043,0.72035,1.25,4.1
24.08.2021 00:55:00.249,0.72045,0.72035,1.25,2
24.08.2021 00:55:00.402,0.72047,0.7203700000000001,4.19,1
24.08.2021 00:55:00.705,0.72047,0.7203600000000001,4.94,1.5
24.08.2021 00:55:02.601,0.72048,0.72035,2.44,1.5
24.08.2021 00:55:06.128,0.72048,0.72038,1.69,1
24.08.2021 00:55:09.183,0.72048,0.72039,1.69,1
24.08.2021 00:55:12.432,0.7205,0.72038,1.12,1.5
24.08.2021 00:55:12.742,0.7205,0.7204,1.51,1
24.08.2021 00:55:13.558,0.7205,0.7204,1.25,1
24.08.2021 00:55:15.826,0.7205,0.7204,5.51,1
24.08.2021 00:55:16.029,0.7205,0.7204,1.39,1
24.08.2021 00:55:21.881,0.7205100000000001,0.7204100000000001,2.14,1
24.08.2021 00:55:29.355,0.72052,0.7204200000000001,1.69,1
24.08.2021 00:55:29.457,0.72052,0.72043,1.5,1
24.08.2021 00:55:29.559,0.72053,0.72043,1.5,1
24.08.2021 00:55:29.762,0.72054,0.7204100000000001,1,2.25
24.08.2021 00:55:33.274,0.72054,0.72044,1,1
24.08.2021 00:55:33.426,0.72054,0.72043,1.5,2.25
24.08.2021 00:55:37.698,0.72053,0.72043,1,1
24.08.2021 00:55:38.959,0.7205,0.7204200000000001,1,1.57
24.08.2021 00:55:39.060,0.72052,0.7204100000000001,1.5,1
24.08.2021 00:55:39.162,0.72045,0.7203700000000001,1,1.5
24.08.2021 00:55:41.350,0.7204200000000001,0.72034,1,1
24.08.2021 00:55:41.451,0.72043,0.7203100000000001,1.5,1.12
24.08.2021 00:55:41.604,0.72038,0.7203100000000001,1,1
24.08.2021 00:55:42.019,0.72039,0.72029,1,1.5
24.08.2021 00:55:42.120,0.7203600000000001,0.72028,1,2.14
24.08.2021 00:55:42.171,0.7204,0.72027,1.5,2.14
24.08.2021 00:55:45.319,0.72035,0.72028,1,1.5
24.08.2021 00:55:51.236,0.7203600000000001,0.7202600000000001,1,1
24.08.2021 00:55:58.453,0.72035,0.7202600000000001,1,1.5
24.08.2021 00:55:59.935,0.72033,0.72024,1,1
24.08.2021 00:55:59.986,0.7203200000000001,0.72021,1,1
24.08.2021 00:56:00.088,0.7203100000000001,0.7202000000000001,1,2.75
24.08.2021 00:56:00.189,0.72029,0.72021,1,1.5
24.08.2021 00:56:03.392,0.72028,0.72021,1,1
24.08.2021 00:56:04.403,0.72027,0.7202000000000001,1,1.25
24.08.2021 00:56:07.420,0.72027,0.72021,1,1
24.08.2021 00:56:07.489,0.7203,0.72021,1,1
24.08.2021 00:56:08.663,0.72028,0.72021,1,1
24.08.2021 00:56:28.979,0.72029,0.72021,1,1
24.08.2021 00:56:33.366,0.72028,0.72021,1,1
24.08.2021 00:56:35.199,0.7203,0.7202000000000001,1,1
24.08.2021 00:56:41.118,0.7203,0.72021,1.5,1
24.08.2021 00:56:42.573,0.7203,0.7202000000000001,1,1
24.08.2021 00:56:42.928,0.72029,0.7202000000000001,1,1
24.08.2021 00:56:55.006,0.72028,0.72019,1,1.12
24.08.2021 00:56:55.108,0.72027,0.72016,2.25,2.94
24.08.2021 00:56:55.210,0.72028,0.7201500000000001,2.25,2.44
24.08.2021 00:57:00.289,0.72028,0.72019,1,1.87
24.08.2021 00:57:00.391,0.7203,0.72018,1.5,2.25
24.08.2021 00:57:00.492,0.7203,0.72019,1,1
24.08.2021 00:57:02.212,0.7203,0.7202000000000001,1.5,1.69
24.08.2021 00:57:03.264,0.7203,0.72019,1,1
24.08.2021 00:57:03.366,0.7202600000000001,0.7201500000000001,1.5,1.75
24.08.2021 00:57:03.468,0.7202500000000001,0.7201500000000001,1.5,3
24.08.2021 00:57:04.960,0.72024,0.7201500000000001,1,1
24.08.2021 00:57:09.202,0.7202500000000001,0.7201500000000001,1.5,1
24.08.2021 00:57:22.735,0.72029,0.72018,1.5,1
24.08.2021 00:57:22.836,0.7203,0.72019,1.87,1
24.08.2021 00:57:22.938,0.7202600000000001,0.72016,1.5,4.57
24.08.2021 00:57:23.928,0.7202600000000001,0.72016,1.5,2.87
24.08.2021 00:57:24.030,0.72027,0.72017,1.5,2.44
24.08.2021 00:57:27.595,0.72028,0.72018,1,1
24.08.2021 00:57:27.797,0.7203,0.72018,1.5,1.12
24.08.2021 00:57:32.762,0.7203,0.7202000000000001,1,1
24.08.2021 00:57:32.864,0.7203100000000001,0.72022,1,1
24.08.2021 00:57:33.199,0.7203100000000001,0.7202000000000001,1,1.25
24.08.2021 00:57:34.704,0.7203100000000001,0.72021,1,1
24.08.2021 00:57:34.805,0.7203,0.72021,1,1.31
24.08.2021 00:57:36.394,0.7203100000000001,0.72021,1.5,1.69
24.08.2021 00:57:37.036,0.72029,0.72018,1,1.87
24.08.2021 00:57:37.137,0.72029,0.72019,1.5,1.5
24.08.2021 00:57:38.658,0.7203,0.7202000000000001,1,1.5
24.08.2021 00:57:38.860,0.72029,0.7202000000000001,1,1
24.08.2021 00:57:55.728,0.7203200000000001,0.72021,1.5,1
24.08.2021 00:57:55.830,0.7203200000000001,0.7202000000000001,1.5,1.69
24.08.2021 00:57:55.931,0.7203100000000001,0.7202000000000001,1,1
24.08.2021 00:57:56.032,0.7203,0.7202000000000001,1,3.07
24.08.2021 00:57:56.452,0.7203,0.72018,1,1.12
24.08.2021 00:57:56.553,0.72028,0.72018,1.5,1.75
24.08.2021 00:57:56.655,0.72028,0.72018,1.5,1.25
24.08.2021 00:58:00.433,0.72029,0.72021,1.5,1
24.08.2021 00:58:00.534,0.72029,0.7202000000000001,1,2.25
24.08.2021 00:58:00.737,0.72029,0.72021,1,1
24.08.2021 00:58:01.366,0.7203100000000001,0.72022,1.5,1.1
24.08.2021 00:58:02.342,0.7203100000000001,0.72021,1.5,1.01
24.08.2021 00:58:04.354,0.7203,0.7202000000000001,1,1.95
24.08.2021 00:58:04.506,0.72029,0.7202000000000001,1,1.2
24.08.2021 00:58:15.290,0.72027,0.72017,2.25,1.5
24.08.2021 00:58:15.391,0.7202500000000001,0.72016,1,2.89
24.08.2021 00:58:18.516,0.72027,0.72018,1.5,1.39
24.08.2021 00:58:18.618,0.72028,0.72018,1.87,1.01
24.08.2021 00:58:18.719,0.72027,0.72018,1,1.57
24.08.2021 00:58:21.080,0.72027,0.72017,3.06,1.1
24.08.2021 00:58:21.182,0.72022,0.72013,1,1.5
24.08.2021 00:58:21.283,0.7202000000000001,0.72013,1,1
24.08.2021 00:58:21.334,0.72021,0.72009,2.44,1.57
24.08.2021 00:58:21.536,0.7202000000000001,0.72009,2.44,3.07
24.08.2021 00:58:24.634,0.72017,0.72009,1,1.12
24.08.2021 00:58:24.685,0.72018,0.7200500000000001,1.69,2.62
24.08.2021 00:58:24.888,0.72016,0.72004,1,1.12
24.08.2021 00:58:25.041,0.7201500000000001,0.72004,1.5,3.75
24.08.2021 00:58:25.243,0.7201500000000001,0.72004,1.5,4.06
24.08.2021 00:58:31.724,0.72016,0.7200500000000001,1,1
24.08.2021 00:58:31.825,0.7202000000000001,0.72009,1.87,2.7
24.08.2021 00:58:33.012,0.72021,0.72008,1.5,3.47
24.08.2021 00:58:33.886,0.7202000000000001,0.72011,1,1.5
24.08.2021 00:58:33.937,0.72023,0.7201000000000001,1.69,2.72
24.08.2021 00:58:34.039,0.72021,0.72011,1.5,1.97
24.08.2021 00:58:41.844,0.72024,0.72014,1.69,1.2
24.08.2021 00:58:59.624,0.72024,0.72014,1,2.35
24.08.2021 00:59:02.996,0.7202600000000001,0.72013,1.69,3.47
24.08.2021 00:59:05.079,0.7202500000000001,0.72017,1,1
24.08.2021 00:59:05.180,0.7202600000000001,0.72017,1,1
24.08.2021 00:59:06.233,0.7202600000000001,0.72014,1.69,1.5
24.08.2021 00:59:17.695,0.72021,0.72011,2.25,2.25
24.08.2021 00:59:17.746,0.72021,0.72011,3.19,1
24.08.2021 00:59:17.898,0.7202000000000001,0.7201000000000001,1.25,1.5
24.08.2021 00:59:23.967,0.72021,0.7201000000000001,3.19,1.5
24.08.2021 00:59:40.963,0.72019,0.7201000000000001,1,1.5
24.08.2021 00:59:41.064,0.72017,0.72007,1,3.2
24.08.2021 00:59:41.217,0.72018,0.72006,1.69,1
24.08.2021 00:59:41.812,0.72017,0.7200500000000001,1.69,2.25
24.08.2021 00:59:42.167,0.72017,0.72007,1,1.57
24.08.2021 00:59:42.268,0.72019,0.72007,3.26,1
24.08.2021 00:59:44.347,0.72019,0.72009,1.69,1.12
24.08.2021 00:59:46.384,0.72018,0.72007,2.44,4.12
24.08.2021 00:59:46.436,0.72017,0.72006,1,2.25
24.08.2021 00:59:46.538,0.72017,0.72007,1,2.25
24.08.2021 00:59:56.098,0.72019,0.72008,1,1.12
24.08.2021 00:59:56.402,0.7202000000000001,0.72009,2.44,3
24.08.2021 00:59:59.497,0.72019,0.72009,1.25,1.87
24.08.2021 00:59:59.599,0.72019,0.72007,1.25,1
24.08.2021 01:00:00.239,0.72018,0.72008,1,3.69
24.08.2021 01:00:00.341,0.72019,0.72009,1.25,1.5
24.08.2021 01:00:01.993,0.72016,0.72009,1.25,2.25
24.08.2021 01:00:02.094,0.7201500000000001,0.7200500000000001,1.69,1
24.08.2021 01:00:02.248,0.7201500000000001,0.7200500000000001,1.5,1
24.08.2021 01:00:02.777,0.72016,0.72006,1,1.1
24.08.2021 01:00:02.879,0.7201500000000001,0.72006,1,1
24.08.2021 01:00:03.183,0.72016,0.72004,1,1.5
24.08.2021 01:00:04.308,0.72016,0.7200500000000001,1.5,2.32
24.08.2021 01:00:04.359,0.72017,0.72007,1,1
24.08.2021 01:00:04.460,0.72018,0.72007,1.12,1.5
24.08.2021 01:00:05.278,0.72017,0.72007,1,1
24.08.2021 01:00:05.683,0.72017,0.72008,1,1
24.08.2021 01:00:06.703,0.72017,0.72007,1,1.95
24.08.2021 01:00:12.411,0.72017,0.72008,1,1
24.08.2021 01:00:12.564,0.72016,0.72007,1,1
24.08.2021 01:00:12.666,0.7201500000000001,0.7200500000000001,1,2.07
24.08.2021 01:00:12.767,0.7201500000000001,0.7200500000000001,1,1.57
24.08.2021 01:00:16.984,0.72016,0.72007,1,1
24.08.2021 01:00:17.287,0.72016,0.72006,1,1
24.08.2021 01:00:20.622,0.72016,0.7200500000000001,1.25,1
24.08.2021 01:00:20.724,0.7201500000000001,0.7200500000000001,1,1.2
24.08.2021 01:00:23.050,0.72016,0.7200500000000001,1.5,1.1
24.08.2021 01:00:30.838,0.72016,0.72004,4.37,1
24.08.2021 01:00:30.889,0.72013,0.7200300000000001,1.69,1.87
24.08.2021 01:00:30.990,0.72014,0.72004,1,2.7
24.08.2021 01:00:31.193,0.7201500000000001,0.72004,1,1
24.08.2021 01:00:31.473,0.7201500000000001,0.7200500000000001,1.5,1
24.08.2021 01:00:32.331,0.7201500000000001,0.72006,1,1
24.08.2021 01:00:32.432,0.72016,0.72006,1,2.32
24.08.2021 01:00:32.483,0.72018,0.72008,1.31,1
24.08.2021 01:00:32.534,0.72016,0.72007,1,2.25
24.08.2021 01:00:32.636,0.72016,0.72006,1.25,1.5
24.08.2021 01:00:33.985,0.7201500000000001,0.72007,1.25,1
24.08.2021 01:00:34.036,0.72017,0.72007,1.25,1.57
24.08.2021 01:00:34.137,0.72018,0.72008,2.5,1.5
24.08.2021 01:00:34.535,0.72018,0.72007,3.25,1.57
24.08.2021 01:00:37.742,0.72017,0.72006,1.25,1
24.08.2021 01:00:37.844,0.72017,0.72007,1.25,1.5
24.08.2021 01:00:38.038,0.72016,0.72007,1.25,1.5
24.08.2021 01:00:39.569,0.72017,0.7200500000000001,1.25,1.5
24.08.2021 01:00:42.057,0.72016,0.72006,2.69,1
24.08.2021 01:00:43.565,0.72016,0.72006,2.44,1
24.08.2021 01:00:43.666,0.72016,0.72006,2.69,1
24.08.2021 01:00:52.942,0.7201500000000001,0.7200500000000001,1.25,1.1
24.08.2021 01:00:53.044,0.72017,0.72007,1.75,1.1
24.08.2021 01:00:53.145,0.7202000000000001,0.72007,4.81,2.32
24.08.2021 01:00:53.256,0.7202000000000001,0.72007,4.31,2.7
24.08.2021 01:00:53.777,0.72019,0.72008,3.94,3.2
24.08.2021 01:00:53.879,0.7202000000000001,0.7201000000000001,1.69,1
24.08.2021 01:00:59.641,0.72017,0.72009,1.25,1
24.08.2021 01:00:59.742,0.72016,0.72007,1,1
24.08.2021 01:00:59.843,0.72016,0.7200500000000001,1,1.5
24.08.2021 01:01:00.397,0.72016,0.72006,1,1.57
24.08.2021 01:01:00.498,0.72017,0.72006,1.69,2.32
24.08.2021 01:01:00.599,0.7201500000000001,0.72006,1,1
24.08.2021 01:01:00.700,0.72014,0.72004,1,1
24.08.2021 01:01:00.802,0.72014,0.7200500000000001,1,1
24.08.2021 01:01:03.132,0.72013,0.7200300000000001,1,1.12
24.08.2021 01:01:03.701,0.72014,0.7200300000000001,1,1
24.08.2021 01:01:03.903,0.72014,0.7200500000000001,1,1
24.08.2021 01:01:04.692,0.7201500000000001,0.7200300000000001,1,1.57
24.08.2021 01:01:07.092,0.72014,0.7200500000000001,1,1
24.08.2021 01:01:10.072,0.72016,0.72004,1.5,1.57
24.08.2021 01:01:14.539,0.72014,0.7200500000000001,1.5,1
24.08.2021 01:01:14.591,0.72012,0.7200300000000001,1,2.56
24.08.2021 01:01:14.694,0.72014,0.72006,1,1
24.08.2021 01:01:14.796,0.7201500000000001,0.72006,1.5,1
24.08.2021 01:01:15.479,0.7201500000000001,0.7200500000000001,1.5,1.12
24.08.2021 01:01:21.893,0.72016,0.72008,1,1.25
24.08.2021 01:01:21.944,0.72019,0.72009,1.5,2.62
24.08.2021 01:01:22.046,0.72021,0.72009,1.87,1.5
24.08.2021 01:01:26.932,0.72024,0.72014,1.5,1.12
24.08.2021 01:01:27.033,0.7202500000000001,0.72014,1.5,3.64
24.08.2021 01:01:27.134,0.7202600000000001,0.72014,1,1.57
24.08.2021 01:01:33.024,0.72028,0.72018,3,1.5
24.08.2021 01:01:33.125,0.7203,0.72018,2,1
24.08.2021 01:01:33.176,0.72029,0.72019,1.5,1.5
24.08.2021 01:01:33.393,0.7203100000000001,0.72018,1.5,4.04
24.08.2021 01:01:46.068,0.7203200000000001,0.72021,1,1.5
24.08.2021 01:01:46.170,0.7203100000000001,0.72021,1.5,1.5
24.08.2021 01:01:53.124,0.7203,0.72021,1,1.5
24.08.2021 01:01:58.540,0.7203100000000001,0.72021,1.5,1.57
24.08.2021 01:01:58.642,0.7203100000000001,0.72022,1,1.57
24.08.2021 01:01:58.744,0.7203200000000001,0.72023,1,1
24.08.2021 01:01:58.947,0.72033,0.72023,1,1.57
24.08.2021 01:01:59.433,0.7203200000000001,0.72023,1,1.5
24.08.2021 01:02:00.827,0.72033,0.72021,1.69,1.5
24.08.2021 01:02:04.173,0.7203200000000001,0.72023,1,1
24.08.2021 01:02:06.086,0.7203200000000001,0.72024,1,1
24.08.2021 01:02:06.137,0.72034,0.7202500000000001,1.12,1.76
24.08.2021 01:02:06.801,0.72035,0.7202500000000001,1.5,2.51
24.08.2021 01:02:07.134,0.7203600000000001,0.7202600000000001,1.5,1
24.08.2021 01:02:08.356,0.7203600000000001,0.7202500000000001,1,1
24.08.2021 01:02:09.159,0.7203700000000001,0.7202500000000001,1.5,2.32
24.08.2021 01:02:09.260,0.7203700000000001,0.72027,1,1.57
24.08.2021 01:02:10.028,0.7203700000000001,0.72027,1,2.91
24.08.2021 01:02:10.079,0.72039,0.7203,1,1.5
24.08.2021 01:02:10.231,0.7204,0.7203,1,1.5
24.08.2021 01:02:10.333,0.72039,0.72029,1,1.5
24.08.2021 01:02:10.785,0.72038,0.72029,1,1
24.08.2021 01:02:10.886,0.72039,0.72027,1.5,1
24.08.2021 01:02:16.993,0.72039,0.72029,1,1
24.08.2021 01:02:34.360,0.72039,0.72029,5.27,1
24.08.2021 01:02:34.461,0.7203700000000001,0.72027,4.26,1.5
24.08.2021 01:02:34.663,0.72035,0.72027,1.25,1.5
24.08.2021 01:02:34.815,0.72034,0.7202600000000001,1,1
24.08.2021 01:02:39.466,0.7203600000000001,0.7202500000000001,1.25,1
24.08.2021 01:02:45.132,0.7203600000000001,0.72023,1.57,3.37
24.08.2021 01:02:45.473,0.72034,0.72024,4.01,1
24.08.2021 01:02:45.575,0.72033,0.72023,1.25,1.5
24.08.2021 01:02:49.302,0.72033,0.72023,1,2.19
24.08.2021 01:02:49.585,0.72034,0.72024,1,1.5
24.08.2021 01:02:50.649,0.72035,0.7202600000000001,1,1.12
24.08.2021 01:02:54.580,0.72035,0.7202600000000001,1,1.5
24.08.2021 01:02:54.807,0.7203600000000001,0.7202600000000001,2.25,1.12
24.08.2021 01:02:54.908,0.72035,0.7202600000000001,1,1.12
24.08.2021 01:02:55.060,0.7203700000000001,0.7202500000000001,1.5,1.31
24.08.2021 01:02:58.175,0.72033,0.7202600000000001,1,1
24.08.2021 01:02:58.226,0.7203200000000001,0.72023,1.5,1.12
24.08.2021 01:02:58.328,0.72033,0.72024,1,1
24.08.2021 01:02:58.430,0.72035,0.7202600000000001,1.5,1.1
24.08.2021 01:03:06.480,0.72035,0.72027,1,1
24.08.2021 01:03:08.909,0.7203600000000001,0.72027,1,1
24.08.2021 01:03:13.787,0.72038,0.72029,1.2,1
24.08.2021 01:03:13.889,0.7204,0.72029,1,1
24.08.2021 01:03:13.992,0.7204,0.7203100000000001,1.87,1
24.08.2021 01:03:24.511,0.7204,0.7203200000000001,1,1
24.08.2021 01:03:24.613,0.7204200000000001,0.7203100000000001,1,1.1
24.08.2021 01:03:26.054,0.7204200000000001,0.7203200000000001,1,1.76
24.08.2021 01:03:26.155,0.72043,0.72033,1.5,1.76
24.08.2021 01:03:26.256,0.72043,0.72034,1,1
24.08.2021 01:03:26.357,0.72044,0.72034,1.57,1
24.08.2021 01:03:29.980,0.72045,0.72035,1.1,1
24.08.2021 01:03:30.081,0.7204600000000001,0.7203600000000001,1.57,1.5
24.08.2021 01:03:31.671,0.7204600000000001,0.72035,2.44,1
24.08.2021 01:03:31.772,0.72043,0.72033,1.69,2.45
24.08.2021 01:03:31.873,0.7204100000000001,0.7203100000000001,1,1.25
24.08.2021 01:03:43.024,0.7204200000000001,0.7203100000000001,2.25,2.32
24.08.2021 01:03:50.330,0.7204200000000001,0.72033,1.5,1
24.08.2021 01:03:55.241,0.7204100000000001,0.7203200000000001,1,1
24.08.2021 01:03:55.444,0.7204200000000001,0.7203,1.5,2.25
24.08.2021 01:04:02.302,0.72044,0.72033,1,1
24.08.2021 01:04:02.353,0.72045,0.72035,1.87,1.5
24.08.2021 01:04:02.844,0.72045,0.7203600000000001,1,1
24.08.2021 01:04:07.383,0.7204600000000001,0.7203600000000001,3,1.5
24.08.2021 01:04:21.826,0.7205,0.72038,1,1.87
24.08.2021 01:04:21.928,0.7205,0.72039,1.87,3.07
24.08.2021 01:04:22.030,0.7205100000000001,0.72039,1,1
24.08.2021 01:04:22.132,0.72052,0.7204,3.26,1
24.08.2021 01:04:26.112,0.72054,0.72045,2.75,1
24.08.2021 01:04:26.213,0.72055,0.72044,1.5,1
24.08.2021 01:04:27.211,0.72055,0.7204600000000001,1,1
24.08.2021 01:04:27.312,0.7205600000000001,0.7204600000000001,1.87,1
24.08.2021 01:04:27.414,0.72058,0.72048,1,1
24.08.2021 01:04:30.502,0.72057,0.7204600000000001,1,1
24.08.2021 01:04:30.759,0.72055,0.72043,1.1,1.12
24.08.2021 01:04:30.910,0.72054,0.7204200000000001,1,1
24.08.2021 01:04:36.311,0.72052,0.7204200000000001,1,1
24.08.2021 01:04:36.412,0.72052,0.7204100000000001,1,1
24.08.2021 01:04:54.526,0.72052,0.7204200000000001,2.14,1
24.08.2021 01:04:55.192,0.72048,0.72038,1.95,1
24.08.2021 01:04:55.294,0.72047,0.7203700000000001,1.69,1
24.08.2021 01:04:55.664,0.72048,0.72035,3.51,1.5
24.08.2021 01:04:55.766,0.72045,0.72034,3.82,1.57
24.08.2021 01:04:55.867,0.72045,0.72034,2,2.1
24.08.2021 01:04:55.918,0.7204600000000001,0.7203600000000001,3.64,1
24.08.2021 01:04:56.120,0.72047,0.7203700000000001,1.87,2.44
24.08.2021 01:04:56.322,0.7205100000000001,0.7204,3.95,1
24.08.2021 01:04:56.424,0.7205100000000001,0.7204200000000001,1,1
24.08.2021 01:04:56.525,0.72052,0.7204200000000001,1.95,1.12
24.08.2021 01:04:56.627,0.72055,0.72045,5.07,1
24.08.2021 01:04:56.729,0.7205600000000001,0.7204200000000001,2.01,2.07
24.08.2021 01:04:56.830,0.7205600000000001,0.72043,1.76,1.2
24.08.2021 01:04:56.931,0.72055,0.7204200000000001,1,2.07
24.08.2021 01:04:57.032,0.72054,0.72043,1.25,1.57
24.08.2021 01:04:58.356,0.72054,0.72043,1.5,2.07
24.08.2021 01:04:58.508,0.72054,0.72043,1.69,1.95
24.08.2021 01:04:58.610,0.72055,0.72043,1,1
24.08.2021 01:04:59.134,0.7205600000000001,0.72043,1.76,1.12
24.08.2021 01:04:59.287,0.72055,0.72045,1.25,1
24.08.2021 01:04:59.699,0.7205600000000001,0.72045,2.89,1.12
24.08.2021 01:04:59.801,0.72057,0.72044,2.39,1.12
24.08.2021 01:05:00.743,0.7205600000000001,0.7204600000000001,1.25,1.5
24.08.2021 01:05:13.978,0.7205600000000001,0.72044,1,2.07
24.08.2021 01:05:14.130,0.72055,0.72045,1,2.32
24.08.2021 01:05:14.332,0.72055,0.72045,1,2.07
24.08.2021 01:05:15.587,0.72055,0.72045,1,2.32
24.08.2021 01:05:15.790,0.72055,0.72045,1,2.07
24.08.2021 01:05:16.567,0.72055,0.72045,1,2.32
24.08.2021 01:05:17.023,0.7205600000000001,0.72044,1,2.07
24.08.2021 01:05:17.358,0.72055,0.72045,1,2.32
24.08.2021 01:05:17.673,0.72055,0.72045,1,2.07
24.08.2021 01:05:23.125,0.72053,0.72044,2.44,1
24.08.2021 01:05:23.227,0.7205100000000001,0.7204200000000001,1.25,1.5
24.08.2021 01:05:23.328,0.7205100000000001,0.7204200000000001,1.25,1.12
24.08.2021 01:05:25.316,0.7205100000000001,0.7204100000000001,1.25,1.87
24.08.2021 01:05:27.187,0.7205100000000001,0.7204,3.19,1.95
24.08.2021 01:05:27.293,0.7205,0.72039,1.5,3.2
24.08.2021 01:05:27.397,0.7205,0.72039,1.5,3.82
24.08.2021 01:05:27.599,0.7205,0.72039,1.5,3.85
24.08.2021 01:05:31.194,0.7205,0.7204,1,1.6
24.08.2021 01:05:34.403,0.7205,0.7204,1,1.57
24.08.2021 01:05:35.153,0.72048,0.7203700000000001,1,2.75
24.08.2021 01:05:35.255,0.7204600000000001,0.7203700000000001,1.25,1
24.08.2021 01:05:35.356,0.7204600000000001,0.7203600000000001,1.69,1
24.08.2021 01:05:54.643,0.72045,0.72034,1.69,2.82
24.08.2021 01:05:54.795,0.72045,0.72033,1,1.5
24.08.2021 01:05:54.896,0.72045,0.7203200000000001,1.94,1.95
24.08.2021 01:05:55.048,0.72044,0.72033,1.69,1.2
24.08.2021 01:05:55.250,0.72044,0.72033,2.5,1.57
24.08.2021 01:05:55.402,0.72044,0.72033,1.69,1.2
24.08.2021 01:05:55.503,0.72045,0.7203200000000001,2.5,1.2
24.08.2021 01:05:55.686,0.72044,0.72033,1.69,1.2
24.08.2021 01:05:55.838,0.72045,0.7203200000000001,2.5,1.2
24.08.2021 01:05:55.939,0.7204100000000001,0.7203100000000001,1.25,2.37
24.08.2021 01:05:56.091,0.7204100000000001,0.7203,1.69,4.4
24.08.2021 01:05:56.192,0.7204200000000001,0.72029,1.69,3.45
24.08.2021 01:05:56.909,0.7204100000000001,0.7203,1.69,2.45
24.08.2021 01:05:57.309,0.7204100000000001,0.7203,1.69,2.32
24.08.2021 01:06:01.651,0.7204100000000001,0.7203,1.69,1.97
24.08.2021 01:06:02.157,0.7204,0.7203100000000001,1,1
24.08.2021 01:06:02.259,0.72039,0.7203100000000001,1,1
24.08.2021 01:06:04.339,0.7203700000000001,0.72028,1.25,1
24.08.2021 01:06:04.390,0.72035,0.7202600000000001,1,2.75
24.08.2021 01:06:04.542,0.72035,0.7202500000000001,2.5,1.87
24.08.2021 01:06:04.897,0.72034,0.72023,1,1.5
24.08.2021 01:06:05.123,0.72033,0.72024,1,1
24.08.2021 01:06:05.543,0.72034,0.72024,1.69,1.1
24.08.2021 01:06:06.886,0.72033,0.72024,1,1.1
24.08.2021 01:06:06.987,0.7203200000000001,0.72021,1,1.1
24.08.2021 01:06:07.089,0.7203200000000001,0.7202000000000001,1.5,1
24.08.2021 01:06:11.517,0.72034,0.72023,1,1.1
24.08.2021 01:06:11.619,0.72035,0.7202500000000001,2.94,1.1
24.08.2021 01:06:11.721,0.7203600000000001,0.72024,2.44,1.2
24.08.2021 01:06:13.686,0.72034,0.72024,1,1.2
24.08.2021 01:06:14.152,0.72033,0.72023,1,2
24.08.2021 01:06:14.254,0.72034,0.72022,1,1.5
24.08.2021 01:06:15.784,0.72033,0.72022,1.25,1
24.08.2021 01:06:15.885,0.72034,0.72022,2.44,1
24.08.2021 01:06:15.987,0.7203200000000001,0.72023,1.25,1
24.08.2021 01:06:17.161,0.72033,0.72023,2.44,1
24.08.2021 01:06:20.068,0.7203200000000001,0.72023,1.25,1
24.08.2021 01:06:20.175,0.72029,0.7202000000000001,1.69,1.5
24.08.2021 01:06:20.226,0.72027,0.72018,2.44,1
24.08.2021 01:06:20.327,0.72027,0.72017,3.19,1
24.08.2021 01:06:20.378,0.7202500000000001,0.7201500000000001,1.5,1.57
24.08.2021 01:06:33.878,0.7202500000000001,0.7201500000000001,1,3.1
24.08.2021 01:06:33.979,0.7202500000000001,0.7201500000000001,1,2.32
24.08.2021 01:06:34.081,0.72028,0.72017,2.81,3.07
24.08.2021 01:06:34.182,0.72028,0.72017,3.62,3.07
24.08.2021 01:06:38.178,0.7202600000000001,0.72016,1.69,1
24.08.2021 01:06:38.280,0.72027,0.7201500000000001,3.32,1
24.08.2021 01:06:48.682,0.72027,0.72017,1.69,1
24.08.2021 01:07:03.803,0.7202600000000001,0.72016,1,2.62
24.08.2021 01:07:04.108,0.7202500000000001,0.72016,1.25,1
24.08.2021 01:07:04.159,0.72023,0.72013,1.69,1
24.08.2021 01:07:04.312,0.72023,0.72013,3.51,1
24.08.2021 01:07:04.514,0.72022,0.72012,1.25,1
24.08.2021 01:07:04.616,0.72022,0.7201000000000001,1.25,1
24.08.2021 01:07:04.717,0.7202000000000001,0.72011,1,1
24.08.2021 01:07:17.887,0.7202000000000001,0.7201000000000001,1.69,2.32
24.08.2021 01:07:27.417,0.72023,0.72014,1.25,1.95
24.08.2021 01:07:27.518,0.7202500000000001,0.72016,3.69,1
24.08.2021 01:07:27.619,0.7202500000000001,0.72016,2.44,1
24.08.2021 01:07:35.062,0.7202500000000001,0.7201500000000001,2.44,1.1
24.08.2021 01:08:06.069,0.72027,0.72017,1,2.82
24.08.2021 01:08:06.170,0.7202600000000001,0.72017,1,1.5
24.08.2021 01:08:07.113,0.7202600000000001,0.72016,1,2.7
24.08.2021 01:08:32.574,0.7202600000000001,0.72018,1,1.89
24.08.2021 01:08:32.625,0.72029,0.72019,2.25,2.25
24.08.2021 01:08:32.777,0.7203,0.7202000000000001,1.69,1.95
24.08.2021 01:08:32.878,0.7203,0.7202000000000001,2.5,1.87
24.08.2021 01:08:33.485,0.7203,0.7202000000000001,1.69,1.5
24.08.2021 01:08:36.549,0.7203,0.72021,1.69,1
24.08.2021 01:09:04.823,0.7203100000000001,0.72022,1,1.57
24.08.2021 01:09:04.924,0.72033,0.72021,1.69,2.7
24.08.2021 01:09:05.279,0.7203200000000001,0.72022,3.25,1.5
24.08.2021 01:09:06.846,0.7203100000000001,0.72021,1.25,3.07
24.08.2021 01:09:12.737,0.7203,0.72021,1.5,1
24.08.2021 01:09:12.788,0.72028,0.72019,3.45,1.87
24.08.2021 01:09:12.889,0.7202600000000001,0.72017,1.25,1
24.08.2021 01:09:14.606,0.72029,0.7202000000000001,1,1
24.08.2021 01:09:14.707,0.7203100000000001,0.72019,3.56,1
24.08.2021 01:09:16.267,0.7203100000000001,0.7202000000000001,3.19,2.32
24.08.2021 01:09:16.781,0.7203200000000001,0.72019,1.5,4.97
24.08.2021 01:09:20.190,0.7203200000000001,0.72019,1.5,3.6
24.08.2021 01:09:20.241,0.72034,0.7202500000000001,1,1
24.08.2021 01:09:20.343,0.72034,0.72023,2.44,1.57
24.08.2021 01:09:22.874,0.72034,0.72024,1.69,1
24.08.2021 01:09:22.976,0.72035,0.7202500000000001,2.06,1
24.08.2021 01:09:43.487,0.72034,0.7202500000000001,1,1
24.08.2021 01:09:46.650,0.72034,0.7202600000000001,1,1
24.08.2021 01:09:48.186,0.72035,0.7202600000000001,1,1
24.08.2021 01:09:59.651,0.7203600000000001,0.7202600000000001,2.25,1.57
24.08.2021 01:09:59.752,0.72038,0.72027,1.5,1
24.08.2021 01:10:00.593,0.72039,0.7203,2.75,1
24.08.2021 01:10:00.644,0.72039,0.7203,1.5,1
24.08.2021 01:10:01.494,0.72039,0.7203100000000001,2.44,1
24.08.2021 01:10:01.876,0.7204,0.7203100000000001,2.44,1
24.08.2021 01:10:30.594,0.7204,0.7203,1.25,1.12
24.08.2021 01:10:55.097,0.7204,0.72029,2.44,1.95
24.08.2021 01:10:59.742,0.7204,0.72027,2.5,2.82
24.08.2021 01:10:59.843,0.7204,0.72027,2.5,2.32
24.08.2021 01:11:16.834,0.72039,0.72028,3.19,2.32
24.08.2021 01:11:21.124,0.7203600000000001,0.72028,1.69,1
24.08.2021 01:11:21.226,0.7203200000000001,0.72023,1,1.5
24.08.2021 01:11:21.327,0.7203100000000001,0.72023,1.25,1
24.08.2021 01:11:21.428,0.7203100000000001,0.7202000000000001,1.75,2.85
24.08.2021 01:11:23.703,0.7203100000000001,0.7202000000000001,1.69,2.1
24.08.2021 01:11:29.911,0.7203,0.7202000000000001,1,2.47
24.08.2021 01:11:59.469,0.7203100000000001,0.72022,1,2.54
24.08.2021 01:11:59.570,0.72033,0.72023,1.5,1.69
24.08.2021 01:11:59.672,0.72033,0.72023,1.5,1.75
24.08.2021 01:11:59.926,0.72034,0.72022,1.5,1.31
24.08.2021 01:12:03.125,0.72033,0.72022,1,1.25
24.08.2021 01:12:04.141,0.72033,0.72023,1.5,1.25
24.08.2021 01:12:10.871,0.72033,0.72023,1,2.19
24.08.2021 01:12:10.973,0.72034,0.72024,1,3.26
24.08.2021 01:12:11.124,0.72034,0.72024,1,4.64
24.08.2021 01:12:11.421,0.72035,0.72024,1.5,6.14
24.08.2021 01:12:12.696,0.72035,0.7202500000000001,1,3.89
24.08.2021 01:12:12.798,0.7203600000000001,0.7202500000000001,1.5,4.64
24.08.2021 01:12:13.754,0.72035,0.7202500000000001,1,3.81
24.08.2021 01:12:18.134,0.7203600000000001,0.72024,1,2.81
24.08.2021 01:12:33.226,0.72033,0.72021,1,1.69
24.08.2021 01:12:52.282,0.72034,0.72024,1.5,1.87
24.08.2021 01:12:52.434,0.72034,0.7202600000000001,1,1
24.08.2021 01:12:55.988,0.72038,0.72028,3.75,1
24.08.2021 01:13:00.404,0.7204,0.7203,3,1
24.08.2021 01:13:01.385,0.7204100000000001,0.7203,2.25,1.69
24.08.2021 01:13:01.803,0.7204100000000001,0.7203100000000001,1.5,1
24.08.2021 01:13:03.079,0.7204100000000001,0.7203,1.5,2.06
24.08.2021 01:13:03.383,0.7204200000000001,0.72029,1.5,3.89
24.08.2021 01:13:06.767,0.7204100000000001,0.7203,1,3.19
24.08.2021 01:13:06.920,0.7204100000000001,0.7203,1,5.01
24.08.2021 01:13:07.123,0.7204100000000001,0.7203,1,3.19
24.08.2021 01:13:26.642,0.7204200000000001,0.7203200000000001,3.19,1
24.08.2021 01:13:58.034,0.7204200000000001,0.7203100000000001,1,1
24.08.2021 01:14:00.805,0.7204200000000001,0.7203200000000001,2.25,1
24.08.2021 01:14:06.286,0.7204100000000001,0.7203200000000001,1,1
24.08.2021 01:14:08.879,0.7204100000000001,0.7203100000000001,1.5,1
24.08.2021 01:14:47.057,0.7204100000000001,0.7203200000000001,1,1
24.08.2021 01:14:56.536,0.72045,0.72035,1,1
24.08.2021 01:14:56.587,0.72047,0.72035,1.5,1.5
24.08.2021 01:14:56.739,0.7204600000000001,0.7203600000000001,1.5,1.5
24.08.2021 01:14:57.153,0.7204600000000001,0.7203600000000001,1,2.25
24.08.2021 01:14:57.255,0.72045,0.7203600000000001,1,1
24.08.2021 01:14:57.508,0.7204600000000001,0.7203600000000001,1,1
24.08.2021 01:14:58.338,0.72047,0.7203700000000001,1,1.12
24.08.2021 01:15:04.040,0.72048,0.72038,1.12,1.69
24.08.2021 01:15:04.243,0.72047,0.7203700000000001,1,2
24.08.2021 01:15:04.345,0.7204600000000001,0.7203600000000001,1,2.19
24.08.2021 01:15:04.396,0.72047,0.72035,1,1.69
24.08.2021 01:15:04.872,0.72047,0.7203700000000001,1,1
24.08.2021 01:15:05.125,0.72049,0.7203700000000001,2.06,1
24.08.2021 01:15:12.694,0.72047,0.7203700000000001,1,1
24.08.2021 01:15:18.205,0.72043,0.72034,1,2.37
24.08.2021 01:15:18.408,0.7204200000000001,0.7203200000000001,1,1.69
24.08.2021 01:15:18.509,0.72045,0.72033,1.5,1
24.08.2021 01:15:18.611,0.72044,0.72034,1,1
24.08.2021 01:15:18.952,0.72045,0.72034,2.81,1
24.08.2021 01:15:19.929,0.72045,0.72035,1,1.69
24.08.2021 01:15:29.343,0.72043,0.72033,1.12,1
24.08.2021 01:15:29.444,0.72044,0.7203100000000001,2.14,2.25
24.08.2021 01:15:29.546,0.7204100000000001,0.7203200000000001,1,1
24.08.2021 01:15:30.255,0.7204200000000001,0.7203200000000001,1,1.69
24.08.2021 01:15:30.356,0.72044,0.72034,2,1
24.08.2021 01:15:30.868,0.72045,0.72034,1.69,1.5
24.08.2021 01:15:33.816,0.7204600000000001,0.72034,1,1.69
24.08.2021 01:15:39.064,0.7204600000000001,0.7203600000000001,1,1.69
24.08.2021 01:15:39.116,0.72048,0.72039,1.12,1.25
24.08.2021 01:15:39.267,0.72049,0.72039,1.57,1
24.08.2021 01:15:39.369,0.72049,0.7203700000000001,1,1
24.08.2021 01:15:41.766,0.72047,0.7203600000000001,1,2.06
24.08.2021 01:15:44.225,0.7204600000000001,0.7203600000000001,1,1.69
24.08.2021 01:15:56.620,0.7204600000000001,0.7203600000000001,1,6.89
24.08.2021 01:15:56.671,0.72048,0.72038,1.5,1
24.08.2021 01:15:56.773,0.72049,0.7203600000000001,1.5,3.26
24.08.2021 01:16:02.645,0.72048,0.72038,1,2.51
24.08.2021 01:16:02.747,0.72049,0.7204,1,1
24.08.2021 01:16:03.051,0.7205,0.7204,1,3.66
24.08.2021 01:16:03.152,0.72054,0.7204200000000001,2.89,3.64
24.08.2021 01:16:03.284,0.72054,0.72043,1.87,1.01
24.08.2021 01:16:03.385,0.72053,0.7204200000000001,1,2.81
24.08.2021 01:16:03.486,0.72054,0.7204200000000001,1,1
24.08.2021 01:16:03.739,0.72053,0.72044,1,1
24.08.2021 01:16:03.841,0.72054,0.72043,1.5,1.69
24.08.2021 01:16:05.704,0.72053,0.72043,1,1.25
24.08.2021 01:16:05.957,0.72054,0.72043,1.69,2.25
24.08.2021 01:16:06.260,0.72053,0.72043,1,1
24.08.2021 01:16:06.311,0.7205100000000001,0.7204100000000001,1,1.5
24.08.2021 01:16:06.362,0.7205,0.7204,1,3.94
24.08.2021 01:16:09.449,0.72048,0.72039,1.87,1.12
24.08.2021 01:16:09.550,0.72048,0.7203600000000001,1.25,1.5
24.08.2021 01:16:09.601,0.72049,0.72039,1.5,1.12
24.08.2021 01:16:17.903,0.72049,0.7203700000000001,1,3.56
24.08.2021 01:16:18.004,0.72048,0.7203600000000001,1,2.62
24.08.2021 01:16:18.859,0.7204600000000001,0.7203700000000001,1,1
24.08.2021 01:16:18.960,0.7204600000000001,0.72035,1,1
24.08.2021 01:16:21.694,0.72045,0.72035,3.19,1.87
24.08.2021 01:16:21.795,0.7204100000000001,0.7203200000000001,1,1
24.08.2021 01:16:21.947,0.7204100000000001,0.7203100000000001,1,2.06
24.08.2021 01:16:22.648,0.7204200000000001,0.7203,1,4.44
24.08.2021 01:16:22.699,0.72043,0.7203200000000001,1.87,2.81
24.08.2021 01:16:30.183,0.7204100000000001,0.7203,1.5,3.76
24.08.2021 01:16:30.235,0.7204100000000001,0.7203,1.5,3.26
24.08.2021 01:16:30.337,0.7204,0.7203,1,1.5
24.08.2021 01:16:32.249,0.72039,0.72028,2.89,1
24.08.2021 01:16:32.351,0.7203600000000001,0.72029,1,1
24.08.2021 01:16:32.401,0.7203600000000001,0.7202600000000001,1,2.25
24.08.2021 01:16:33.519,0.7203600000000001,0.72027,1,1
24.08.2021 01:16:33.620,0.72039,0.7203,1.25,1.69
24.08.2021 01:16:35.416,0.7204,0.7203,1.5,2.06
24.08.2021 01:16:36.212,0.7204200000000001,0.72029,1,3.19
24.08.2021 01:16:36.517,0.7204100000000001,0.7203100000000001,1,2.25
24.08.2021 01:16:36.618,0.7204200000000001,0.7203200000000001,1,2.06
24.08.2021 01:16:40.661,0.7204100000000001,0.7203100000000001,1,2.51
24.08.2021 01:16:40.965,0.7204100000000001,0.72029,1,1.5
24.08.2021 01:16:41.066,0.7204,0.72029,1.5,4.01
24.08.2021 01:16:44.800,0.7204,0.72029,1,4.41
24.08.2021 01:16:49.252,0.7204100000000001,0.72028,1,4.01
24.08.2021 01:16:49.354,0.7203700000000001,0.72027,1.5,1
24.08.2021 01:16:49.455,0.72038,0.7202500000000001,2.32,3.64
24.08.2021 01:17:07.347,0.72035,0.7202600000000001,2.44,1
24.08.2021 01:17:07.449,0.72035,0.72024,1,1
24.08.2021 01:17:07.651,0.72035,0.7202500000000001,2.44,1
24.08.2021 01:17:15.190,0.72035,0.7202500000000001,1.5,2.07
24.08.2021 01:17:15.798,0.7203600000000001,0.72024,1.5,2.32
24.08.2021 01:17:16.231,0.7203600000000001,0.72024,1.5,2.07
24.08.2021 01:17:17.370,0.72035,0.7202500000000001,1.5,2.32
24.08.2021 01:17:17.572,0.72035,0.7202500000000001,1.5,2.82
24.08.2021 01:17:18.759,0.72038,0.7202500000000001,3,2.51
24.08.2021 01:17:18.861,0.72038,0.72028,1,3.01
24.08.2021 01:17:18.962,0.72039,0.72029,1.87,2.14
24.08.2021 01:17:19.063,0.72039,0.72029,1,3.01
24.08.2021 01:17:19.215,0.7204,0.7203,1,2.7
24.08.2021 01:17:19.418,0.7204,0.7203,1,4.41
24.08.2021 01:17:19.620,0.7204,0.7203,1,3.26
24.08.2021 01:17:19.721,0.7204100000000001,0.7203,1,3.39
24.08.2021 01:17:32.559,0.7204100000000001,0.7203,1.5,2.44
24.08.2021 01:17:32.661,0.7204,0.72029,1,3.31
24.08.2021 01:17:32.763,0.7203600000000001,0.72027,1.5,1
24.08.2021 01:17:32.864,0.7203600000000001,0.7202500000000001,1,1.25
24.08.2021 01:17:33.262,0.72035,0.7202500000000001,3.19,1.12
24.08.2021 01:17:44.069,0.72034,0.7202500000000001,1,1
24.08.2021 01:17:44.596,0.72033,0.72024,3,1.25
24.08.2021 01:17:44.647,0.72033,0.72023,3,1
24.08.2021 01:17:44.748,0.72033,0.72021,2.25,1
24.08.2021 01:17:44.900,0.7203100000000001,0.72021,1,1.5
24.08.2021 01:17:45.592,0.7203200000000001,0.72022,1,3.25
24.08.2021 01:17:45.694,0.72033,0.72023,1.5,1.25
24.08.2021 01:17:48.510,0.72034,0.72023,1,3.56
24.08.2021 01:17:48.611,0.72035,0.7202500000000001,1.5,1
24.08.2021 01:17:55.461,0.72034,0.72023,1.5,1
24.08.2021 01:17:55.562,0.7203200000000001,0.72023,1,1
24.08.2021 01:17:55.865,0.72033,0.72024,1.5,1.12
24.08.2021 01:17:55.967,0.72034,0.72024,1.5,1.12
24.08.2021 01:17:56.119,0.72035,0.72024,1,1
24.08.2021 01:17:56.653,0.72035,0.7202500000000001,1,2.62
24.08.2021 01:17:56.805,0.7203600000000001,0.72027,1,1
24.08.2021 01:17:58.348,0.7203600000000001,0.7202500000000001,1.5,3.31
24.08.2021 01:17:58.550,0.7203700000000001,0.72024,2.25,2.44
24.08.2021 01:18:00.112,0.72034,0.72024,1,2.19
24.08.2021 01:18:00.214,0.72034,0.72024,1,1.5
24.08.2021 01:18:00.319,0.72035,0.72023,1,2.19
24.08.2021 01:18:00.420,0.72035,0.72023,1,1.69
24.08.2021 01:18:02.171,0.72035,0.7202500000000001,1.5,1
24.08.2021 01:18:02.273,0.7203700000000001,0.7202500000000001,1,1.25
24.08.2021 01:18:02.374,0.7203700000000001,0.7202600000000001,2.25,1.69
24.08.2021 01:18:04.629,0.72038,0.72029,1.5,1
24.08.2021 01:18:04.730,0.72038,0.7203,1,1
24.08.2021 01:18:04.831,0.72039,0.7203,1,1
24.08.2021 01:18:05.927,0.7204,0.7203,2.44,1
24.08.2021 01:18:06.028,0.7204100000000001,0.7203,1,1
24.08.2021 01:18:06.129,0.7204100000000001,0.7203100000000001,3,1
24.08.2021 01:18:12.304,0.7204100000000001,0.72029,1,1
24.08.2021 01:18:26.252,0.7204100000000001,0.7203100000000001,3.75,1
24.08.2021 01:18:26.592,0.7204,0.7203100000000001,1,1
24.08.2021 01:18:29.850,0.72038,0.72029,1,1
24.08.2021 01:18:29.951,0.72038,0.72028,1.5,1
24.08.2021 01:18:31.769,0.72038,0.72027,2.7,1.5
24.08.2021 01:18:31.870,0.7203600000000001,0.7202600000000001,1,1.69
24.08.2021 01:19:01.442,0.72034,0.72023,1.5,4.69
24.08.2021 01:19:01.594,0.72033,0.72023,1,1.69
24.08.2021 01:19:05.084,0.72033,0.72023,1,4.51
24.08.2021 01:19:05.285,0.72033,0.72023,1,4.01
24.08.2021 01:19:07.755,0.72034,0.72024,1,3.19
24.08.2021 01:19:07.856,0.72035,0.7202500000000001,2.62,1
24.08.2021 01:19:07.988,0.72035,0.7202500000000001,2.25,2.12
24.08.2021 01:19:08.627,0.7203600000000001,0.72024,2.25,1.25
24.08.2021 01:19:12.109,0.72035,0.72028,1.5,1
24.08.2021 01:19:14.067,0.72035,0.72027,1.5,1
24.08.2021 01:19:18.388,0.7203600000000001,0.72027,1.5,1
24.08.2021 01:19:19.495,0.72035,0.7202600000000001,1.5,1
24.08.2021 01:19:20.316,0.72035,0.72027,1.5,1
24.08.2021 01:19:20.569,0.72035,0.72028,1,1
24.08.2021 01:19:21.091,0.7203700000000001,0.72027,1,1.25
24.08.2021 01:19:21.142,0.72039,0.72029,1.87,1
24.08.2021 01:19:21.243,0.72038,0.7203100000000001,1,1
24.08.2021 01:19:21.450,0.7204100000000001,0.7203,1.12,1
24.08.2021 01:19:22.753,0.7204100000000001,0.7203200000000001,2,1
24.08.2021 01:19:22.855,0.7204100000000001,0.7203200000000001,1.87,1
24.08.2021 01:19:23.167,0.7204200000000001,0.72034,1,1
24.08.2021 01:19:23.269,0.72043,0.72035,1.12,1
24.08.2021 01:19:24.904,0.72043,0.72034,1.5,1
24.08.2021 01:19:25.274,0.7204200000000001,0.7203200000000001,1.5,1.5
24.08.2021 01:19:25.325,0.7204100000000001,0.7203100000000001,2.82,2.7
24.08.2021 01:19:26.259,0.7204,0.7203100000000001,2.12,1
24.08.2021 01:19:28.256,0.7203700000000001,0.7203,1.25,1
24.08.2021 01:19:28.312,0.7203600000000001,0.72028,1.25,1.12
24.08.2021 01:19:28.515,0.7203700000000001,0.72027,2.69,1
24.08.2021 01:19:28.616,0.7203600000000001,0.72027,2.87,1
24.08.2021 01:19:29.227,0.7203700000000001,0.7202600000000001,2.06,1
24.08.2021 01:19:29.920,0.7203600000000001,0.72028,2.06,1
