Gmt time,Ask,Bid,AskVolume,BidVolume
04.08.2021 00:00:00.068,0.73972,0.73959,1.25,2.7
04.08.2021 00:00:00.169,0.7397100000000001,0.7396,1.25,2.72
04.08.2021 00:00:06.486,0.73969,0.73959,1,1.2
04.08.2021 00:00:06.588,0.73968,0.73958,1,1.6
04.08.2021 00:00:06.740,0.73968,0.7395700000000001,1.69,1.95
04.08.2021 00:00:06.842,0.73967,0.7395600000000001,1.69,2.75
04.08.2021 00:00:06.943,0.73967,0.7395600000000001,1.69,1.87
04.08.2021 00:00:07.095,0.73968,0.7395700000000001,1,2.25
04.08.2021 00:00:07.196,0.73969,0.7395700000000001,2.81,1.57
04.08.2021 00:00:07.399,0.73969,0.73958,1.5,1.1
04.08.2021 00:00:07.500,0.73969,0.73959,1,1
04.08.2021 00:00:07.857,0.73968,0.7395700000000001,1.25,1.95
04.08.2021 00:00:07.962,0.73967,0.7395700000000001,1,1.12
04.08.2021 00:00:08.849,0.73969,0.73959,1.31,1.5
04.08.2021 00:00:08.951,0.73969,0.73958,1.31,3.07
04.08.2021 00:00:09.205,0.7397,0.73959,1.31,2.32
04.08.2021 00:00:09.409,0.7397,0.7396,1.25,1
04.08.2021 00:00:10.022,0.7397100000000001,0.7396,1,2.7
04.08.2021 00:00:12.275,0.7397100000000001,0.73962,1,1
04.08.2021 00:00:12.376,0.73972,0.73962,1,1
04.08.2021 00:00:12.984,0.73973,0.73962,1,1
04.08.2021 00:00:14.311,0.7397600000000001,0.73965,1.69,2.25
04.08.2021 00:00:14.615,0.73977,0.73965,1,1
04.08.2021 00:00:15.008,0.73975,0.73965,1.69,1.5
04.08.2021 00:00:15.711,0.7397600000000001,0.73965,3,2.44
04.08.2021 00:00:15.812,0.7397600000000001,0.7396600000000001,1.25,1
04.08.2021 00:00:22.645,0.73975,0.73965,1.69,1.5
04.08.2021 00:00:22.952,0.7397600000000001,0.7396600000000001,1.5,1
04.08.2021 00:00:30.423,0.7397600000000001,0.73965,3.25,1.5
04.08.2021 00:00:30.524,0.73975,0.73965,1.25,1.5
04.08.2021 00:00:34.517,0.73973,0.73963,1.25,2.25
04.08.2021 00:00:34.669,0.73973,0.7396100000000001,1.25,1.12
04.08.2021 00:00:35.519,0.73973,0.73963,1.69,1
04.08.2021 00:00:35.620,0.73973,0.73962,3.25,2.62
04.08.2021 00:00:37.185,0.7397100000000001,0.73962,1,1
04.08.2021 00:00:39.300,0.7397100000000001,0.7396100000000001,1.69,1
04.08.2021 00:00:39.604,0.7397100000000001,0.73959,1.25,1
04.08.2021 00:00:39.706,0.73968,0.73958,1.25,1
04.08.2021 00:00:42.461,0.73969,0.73958,1.25,2.7
04.08.2021 00:00:42.562,0.73969,0.73959,1.25,3
04.08.2021 00:00:44.373,0.7397,0.7395700000000001,1.75,1.5
04.08.2021 00:00:44.475,0.73969,0.73958,3.19,1
04.08.2021 00:00:45.318,0.7397,0.7395700000000001,1.75,2.25
04.08.2021 00:00:47.235,0.73968,0.7395700000000001,1.25,1.5
04.08.2021 00:00:48.695,0.73969,0.7395700000000001,1,1
04.08.2021 00:00:48.798,0.73968,0.7395700000000001,3.19,1.87
04.08.2021 00:00:49.153,0.73968,0.73958,1,1
04.08.2021 00:00:51.096,0.73968,0.73959,1,1
04.08.2021 00:00:52.421,0.73968,0.73958,1,1
04.08.2021 00:00:52.523,0.73967,0.7395700000000001,1.25,1.12
04.08.2021 00:00:56.489,0.73968,0.7395700000000001,1,1
04.08.2021 00:00:56.591,0.73968,0.7395600000000001,1.69,1
04.08.2021 00:00:57.529,0.73968,0.7395700000000001,3.94,1.5
04.08.2021 00:00:57.631,0.73967,0.7395700000000001,1.69,1.5
04.08.2021 00:00:58.053,0.73967,0.73958,1.69,1
04.08.2021 00:01:01.033,0.73967,0.7395700000000001,1.87,1.5
04.08.2021 00:01:01.134,0.7396600000000001,0.7395700000000001,1.25,1
04.08.2021 00:01:01.560,0.7396600000000001,0.73955,1.75,1
04.08.2021 00:01:01.662,0.73963,0.73954,1.76,1.87
04.08.2021 00:01:02.173,0.73962,0.73954,1.25,1
04.08.2021 00:01:06.978,0.73963,0.73954,1.69,1
04.08.2021 00:01:07.079,0.73964,0.73954,1.39,1
04.08.2021 00:01:07.520,0.7396600000000001,0.73955,3.07,1.5
04.08.2021 00:01:07.622,0.7396600000000001,0.73954,2.12,1
04.08.2021 00:01:11.073,0.73967,0.73954,2.89,1
04.08.2021 00:01:11.175,0.7396600000000001,0.7395600000000001,1.25,1.5
04.08.2021 00:01:11.276,0.73967,0.7395600000000001,1.69,2.25
04.08.2021 00:01:15.112,0.73967,0.7395600000000001,3.7,1.5
04.08.2021 00:01:15.214,0.7396600000000001,0.7395600000000001,1.25,1.5
04.08.2021 00:01:17.124,0.73968,0.73955,3.25,1.5
04.08.2021 00:01:22.747,0.73965,0.7395600000000001,1.25,1
04.08.2021 00:01:22.849,0.73967,0.7395600000000001,1.25,1
04.08.2021 00:01:23.052,0.73968,0.73958,2.06,1
04.08.2021 00:01:23.204,0.73969,0.73959,1.37,1
04.08.2021 00:01:23.925,0.7397100000000001,0.7396,4.37,1
04.08.2021 00:01:24.027,0.73972,0.7396,2.87,1
04.08.2021 00:01:24.779,0.73972,0.7396100000000001,1.87,1.57
04.08.2021 00:01:24.830,0.73975,0.73964,4.12,3.45
04.08.2021 00:01:24.931,0.73975,0.73967,1.12,1
04.08.2021 00:01:25.185,0.7397800000000001,0.73967,3.26,1.5
04.08.2021 00:01:26.238,0.73979,0.73969,1.25,2.25
04.08.2021 00:01:26.340,0.7397800000000001,0.73969,1.25,1
04.08.2021 00:01:26.442,0.7397800000000001,0.73968,1.75,1.12
04.08.2021 00:01:27.127,0.7397800000000001,0.73967,2.5,1.87
04.08.2021 00:01:27.228,0.7397800000000001,0.73968,1,1.5
04.08.2021 00:01:27.330,0.73979,0.73969,1.25,2.62
04.08.2021 00:01:29.056,0.7397800000000001,0.73967,1.69,4.25
04.08.2021 00:01:29.158,0.73977,0.7396600000000001,1.25,2.75
04.08.2021 00:01:29.260,0.73977,0.7396600000000001,1.25,2.7
04.08.2021 00:01:34.057,0.7397600000000001,0.7396600000000001,1,2.7
04.08.2021 00:01:37.621,0.73975,0.7396600000000001,1.75,1.5
04.08.2021 00:01:37.672,0.73975,0.73963,1.25,3
04.08.2021 00:01:37.824,0.73974,0.73963,1.69,1.5
04.08.2021 00:01:37.925,0.73973,0.73963,1.87,1.5
04.08.2021 00:01:38.027,0.73972,0.73962,1.69,1.5
04.08.2021 00:01:43.150,0.73972,0.7396,1.69,1.5
04.08.2021 00:01:43.455,0.7397100000000001,0.73962,1,1
04.08.2021 00:01:44.638,0.73972,0.73962,1.69,1.5
04.08.2021 00:01:45.432,0.7397100000000001,0.73962,1,1.5
04.08.2021 00:01:47.377,0.73972,0.7396,1.69,2.7
04.08.2021 00:01:48.729,0.73972,0.7396100000000001,3.19,1.57
04.08.2021 00:01:48.832,0.7397100000000001,0.7396100000000001,1,1.57
04.08.2021 00:01:48.934,0.73972,0.73962,1,1
04.08.2021 00:01:48.986,0.73973,0.73963,1.69,1.5
04.08.2021 00:01:49.570,0.73973,0.73962,1,1
04.08.2021 00:01:49.823,0.73973,0.73963,1.5,1
04.08.2021 00:01:52.239,0.73973,0.73962,1.25,1
04.08.2021 00:01:52.341,0.7397100000000001,0.73962,1,1
04.08.2021 00:02:02.514,0.7397100000000001,0.7396100000000001,1.25,1.87
04.08.2021 00:02:02.981,0.7397100000000001,0.7396,1,1
04.08.2021 00:02:03.932,0.7397100000000001,0.7396100000000001,1.25,1.1
04.08.2021 00:02:14.287,0.73972,0.7396100000000001,2.44,1.5
04.08.2021 00:02:16.803,0.73972,0.7396100000000001,2.5,1.5
04.08.2021 00:02:22.047,0.73972,0.7396100000000001,1.69,1.5
04.08.2021 00:02:27.304,0.73972,0.7396,1,1.87
04.08.2021 00:02:34.183,0.73972,0.7396100000000001,1.69,1.1
04.08.2021 00:02:35.506,0.7397100000000001,0.7396100000000001,1,1
04.08.2021 00:02:41.308,0.73968,0.73958,1.25,1.1
04.08.2021 00:02:41.510,0.73968,0.7395700000000001,1.69,1.2
04.08.2021 00:02:42.494,0.7396600000000001,0.7395600000000001,1.5,1.2
04.08.2021 00:02:46.191,0.73967,0.73954,2.44,1.95
04.08.2021 00:02:46.445,0.73962,0.7395200000000001,1,2
04.08.2021 00:02:46.546,0.7396100000000001,0.7395200000000001,1,1
04.08.2021 00:02:46.597,0.7396,0.7395100000000001,1,2.25
04.08.2021 00:02:46.799,0.7396100000000001,0.73949,1.69,1
04.08.2021 00:02:48.777,0.73958,0.73949,1,1.12
04.08.2021 00:02:48.981,0.73958,0.7394700000000001,1.25,3.57
04.08.2021 00:02:49.465,0.73959,0.7394600000000001,1.25,3.07
04.08.2021 00:02:51.083,0.73959,0.73949,1.25,3.07
04.08.2021 00:02:51.134,0.7396100000000001,0.73949,1.31,1.1
04.08.2021 00:02:51.437,0.7396,0.7395100000000001,1,1
04.08.2021 00:02:53.079,0.7396100000000001,0.7395100000000001,1.5,1
04.08.2021 00:02:58.147,0.7396,0.73949,1,4.2
04.08.2021 00:02:58.249,0.7396100000000001,0.7395,1.5,1.1
04.08.2021 00:03:00.043,0.7396100000000001,0.7395100000000001,1.5,1
04.08.2021 00:03:01.778,0.73963,0.7395,3,1
04.08.2021 00:03:04.431,0.73962,0.7395100000000001,2.25,1.22
04.08.2021 00:03:04.532,0.73964,0.7395200000000001,1,1.2
04.08.2021 00:03:11.867,0.73964,0.7395100000000001,2.44,1
04.08.2021 00:03:12.388,0.73962,0.7395200000000001,1,1
04.08.2021 00:03:12.490,0.7396100000000001,0.7395200000000001,1.5,1
04.08.2021 00:03:12.767,0.7396100000000001,0.7395100000000001,1.5,1.12
04.08.2021 00:03:13.436,0.7396100000000001,0.73949,1.69,1.5
04.08.2021 00:03:13.487,0.73959,0.73949,1,1.1
04.08.2021 00:03:13.588,0.7395700000000001,0.7394700000000001,1,1.95
04.08.2021 00:03:13.690,0.7395600000000001,0.7394600000000001,1,1.6
04.08.2021 00:03:13.791,0.7395200000000001,0.73943,1,6.12
04.08.2021 00:03:13.843,0.7395100000000001,0.73942,1,2.75
04.08.2021 00:03:13.944,0.7395100000000001,0.73942,1,1
04.08.2021 00:03:14.046,0.73949,0.73938,1.69,2.47
04.08.2021 00:03:14.147,0.73949,0.73937,1,1.1
04.08.2021 00:03:14.198,0.73948,0.73936,2.25,4.22
04.08.2021 00:03:14.300,0.7394700000000001,0.73936,1.5,2.7
04.08.2021 00:03:14.503,0.7394600000000001,0.73936,1,1.57
04.08.2021 00:03:16.070,0.73943,0.7393500000000001,1,1
04.08.2021 00:03:16.172,0.73944,0.73933,1,1.95
04.08.2021 00:03:16.374,0.73943,0.73933,1.5,1.12
04.08.2021 00:03:16.527,0.73944,0.73934,1.5,1
04.08.2021 00:03:16.628,0.73945,0.73934,2.44,1.5
04.08.2021 00:03:17.370,0.73943,0.73933,1,1.5
04.08.2021 00:03:17.471,0.73942,0.73932,1,2.07
04.08.2021 00:03:17.573,0.73943,0.73933,1,1
04.08.2021 00:03:18.762,0.7394600000000001,0.73936,1.12,1
04.08.2021 00:03:20.763,0.7394700000000001,0.73937,1,1.87
04.08.2021 00:03:20.868,0.73949,0.73938,1.2,1
04.08.2021 00:03:21.733,0.7395,0.7394000000000001,1,1
04.08.2021 00:03:22.133,0.7395200000000001,0.7394000000000001,1,1.5
04.08.2021 00:03:24.190,0.7395200000000001,0.7394100000000001,3.19,1.5
04.08.2021 00:03:31.634,0.7395200000000001,0.73942,1,1
04.08.2021 00:03:31.736,0.73953,0.73942,1.5,3.07
04.08.2021 00:03:33.505,0.73953,0.73943,1,1.5
04.08.2021 00:03:34.044,0.73953,0.7394100000000001,1,2.7
04.08.2021 00:03:36.704,0.7395100000000001,0.7394100000000001,1,1.5
04.08.2021 00:03:40.312,0.7395100000000001,0.73938,2.44,1.1
04.08.2021 00:03:40.413,0.7395,0.73938,3.19,2.7
04.08.2021 00:03:40.683,0.73949,0.73938,1,1.95
04.08.2021 00:03:40.784,0.73948,0.73938,1,1.57
04.08.2021 00:03:46.915,0.73949,0.73938,1.5,2.25
04.08.2021 00:03:51.399,0.73948,0.73938,1.5,1.12
04.08.2021 00:03:51.653,0.73948,0.73937,1.5,2.62
04.08.2021 00:04:00.061,0.73948,0.73938,1.5,1
04.08.2021 00:04:01.196,0.73948,0.73937,2.44,2.25
04.08.2021 00:04:01.829,0.7394700000000001,0.73937,1,1.5
04.08.2021 00:04:03.691,0.7394600000000001,0.73936,1,1.5
04.08.2021 00:04:03.793,0.73944,0.73934,1.69,1.5
04.08.2021 00:04:03.894,0.73945,0.73933,1.69,1
04.08.2021 00:04:04.046,0.73943,0.73932,1,3.45
04.08.2021 00:04:04.149,0.7394100000000001,0.7393000000000001,3.19,1
04.08.2021 00:04:04.250,0.7393500000000001,0.73928,1.25,1
04.08.2021 00:04:04.301,0.73933,0.73921,1,3.82
04.08.2021 00:04:04.352,0.73929,0.73922,1.69,1
04.08.2021 00:04:04.403,0.73928,0.73919,1.5,1
04.08.2021 00:04:04.454,0.7392500000000001,0.7391800000000001,1,1
04.08.2021 00:04:04.555,0.73926,0.7391800000000001,1.69,1.25
04.08.2021 00:04:04.606,0.73923,0.73914,1,2.25
04.08.2021 00:04:04.708,0.73922,0.7391300000000001,1,1
04.08.2021 00:04:04.809,0.73923,0.7391300000000001,1,1
04.08.2021 00:04:04.911,0.73924,0.7391300000000001,2.44,1.5
04.08.2021 00:04:05.418,0.73927,0.73916,3.26,1
04.08.2021 00:04:05.520,0.73927,0.73917,1.2,1.5
04.08.2021 00:04:05.622,0.73929,0.7392000000000001,1,1
04.08.2021 00:04:05.774,0.7393000000000001,0.73921,1,1
04.08.2021 00:04:05.876,0.73933,0.73922,2.44,1.5
04.08.2021 00:04:05.978,0.73933,0.73923,1.25,1
04.08.2021 00:04:06.081,0.7393500000000001,0.73923,3.81,1.1
04.08.2021 00:04:06.335,0.73937,0.73924,1.69,1
04.08.2021 00:04:06.438,0.73939,0.73931,1.5,1
04.08.2021 00:04:06.539,0.73939,0.7393000000000001,1,1.12
04.08.2021 00:04:06.640,0.7394000000000001,0.7393000000000001,1.69,1
04.08.2021 00:04:07.970,0.7394000000000001,0.73927,1,3
04.08.2021 00:04:09.147,0.73939,0.73928,1.69,1.5
04.08.2021 00:04:09.544,0.73939,0.73928,1.69,1.12
04.08.2021 00:04:10.044,0.7394000000000001,0.73929,1.82,1
04.08.2021 00:04:12.089,0.73942,0.73931,4.57,1
04.08.2021 00:04:13.302,0.73942,0.73931,2.44,1
04.08.2021 00:04:15.297,0.73942,0.73932,1.25,1
04.08.2021 00:04:15.858,0.73942,0.73932,1.75,1
04.08.2021 00:04:16.533,0.73942,0.73931,4,1
04.08.2021 00:04:18.203,0.7394000000000001,0.7393000000000001,1.25,1
04.08.2021 00:04:18.305,0.7394000000000001,0.7393000000000001,2.5,1
04.08.2021 00:04:18.761,0.73939,0.7393000000000001,2.5,1
04.08.2021 00:04:18.864,0.73938,0.73928,3.19,1.12
04.08.2021 00:04:18.966,0.73938,0.73927,3.37,1.5
04.08.2021 00:04:19.068,0.73938,0.73927,4.19,1.5
04.08.2021 00:04:19.372,0.73938,0.73927,4.19,1.5
04.08.2021 00:04:19.476,0.73938,0.73927,4.19,1
04.08.2021 00:04:21.454,0.73937,0.73926,1.25,3.07
04.08.2021 00:04:23.688,0.73939,0.73929,1,2.7
04.08.2021 00:04:23.790,0.7394000000000001,0.73929,1,2.7
04.08.2021 00:04:24.432,0.73939,0.73929,1,1
04.08.2021 00:04:24.945,0.7394000000000001,0.73929,1.25,1.5
04.08.2021 00:04:29.484,0.7394000000000001,0.73928,3.56,3.07
04.08.2021 00:04:29.807,0.7394000000000001,0.73929,1.25,2.82
04.08.2021 00:04:29.909,0.7394100000000001,0.73929,1,2.07
04.08.2021 00:04:30.061,0.7394000000000001,0.7393000000000001,1,1
04.08.2021 00:04:30.162,0.7394000000000001,0.73929,1.69,2.62
04.08.2021 00:04:35.198,0.73939,0.73929,1.25,1
04.08.2021 00:04:36.780,0.73938,0.73928,1,1
04.08.2021 00:04:38.743,0.73938,0.73927,2.89,2.62
04.08.2021 00:04:38.895,0.73937,0.73927,1,1.12
04.08.2021 00:04:40.028,0.73938,0.73927,1.5,2.25
04.08.2021 00:04:42.560,0.73939,0.73927,1,1
04.08.2021 00:04:46.168,0.73936,0.73926,1.25,1.87
04.08.2021 00:04:46.270,0.7393500000000001,0.7392500000000001,3.44,1
04.08.2021 00:04:46.371,0.73934,0.73924,1.75,1
04.08.2021 00:04:46.847,0.73934,0.73924,1.25,1
04.08.2021 00:04:50.259,0.73933,0.73922,1.25,2.25
04.08.2021 00:04:50.360,0.73932,0.7392000000000001,1,2.7
04.08.2021 00:04:53.180,0.73933,0.7392000000000001,1.5,3.95
04.08.2021 00:04:53.384,0.73932,0.73922,1,1.87
04.08.2021 00:04:55.065,0.73932,0.73922,1,1.5
04.08.2021 00:04:55.166,0.73932,0.73922,1,2
04.08.2021 00:04:55.503,0.73932,0.73922,1,2
04.08.2021 00:04:55.732,0.73932,0.73922,1,1.87
04.08.2021 00:04:57.223,0.7393000000000001,0.7392000000000001,1,2.45
04.08.2021 00:04:57.325,0.73927,0.73919,1.69,1.5
04.08.2021 00:04:57.426,0.73928,0.73916,1.69,1.12
04.08.2021 00:04:59.486,0.73927,0.73916,2.62,1.87
04.08.2021 00:04:59.595,0.73926,0.73916,1.25,1.12
04.08.2021 00:05:01.315,0.73926,0.7391300000000001,1.69,2.45
04.08.2021 00:05:01.416,0.73924,0.73914,1.25,1.12
04.08.2021 00:05:01.518,0.73924,0.7391300000000001,1.25,1
04.08.2021 00:05:01.569,0.73921,0.73912,1,1.5
04.08.2021 00:05:01.670,0.73921,0.73912,1,1
04.08.2021 00:05:02.479,0.73922,0.73911,1.5,2.07
04.08.2021 00:05:04.764,0.73922,0.73911,1,3.2
04.08.2021 00:05:04.964,0.73922,0.73911,1,3.2
04.08.2021 00:05:05.065,0.73921,0.73911,1.25,1.5
04.08.2021 00:05:05.267,0.73922,0.73909,1.69,1.87
04.08.2021 00:05:05.318,0.73921,0.73912,1.69,1
04.08.2021 00:05:06.220,0.73922,0.73912,2.25,1
04.08.2021 00:05:06.600,0.73923,0.7391000000000001,2.25,2.45
04.08.2021 00:05:06.751,0.73923,0.7391000000000001,2.25,2.45
04.08.2021 00:05:11.386,0.73924,0.73914,1.87,1.12
04.08.2021 00:05:11.820,0.73924,0.73914,1,1.5
04.08.2021 00:05:12.252,0.7392500000000001,0.7391500000000001,3.94,1
04.08.2021 00:05:12.669,0.7392500000000001,0.7391500000000001,1,2
04.08.2021 00:05:12.770,0.73929,0.7392000000000001,3,1.87
04.08.2021 00:05:12.872,0.7393000000000001,0.7392000000000001,1,3.12
04.08.2021 00:05:12.973,0.73931,0.73919,1,3.12
04.08.2021 00:05:13.534,0.73931,0.7392000000000001,1.25,3.12
04.08.2021 00:05:13.635,0.73929,0.73919,1.5,1.5
04.08.2021 00:05:13.737,0.73929,0.73919,1.5,1.12
04.08.2021 00:05:14.374,0.73929,0.73919,1.69,1.5
04.08.2021 00:05:14.631,0.73929,0.73919,1,1.12
04.08.2021 00:05:14.732,0.73929,0.73919,1,1.5
04.08.2021 00:05:14.834,0.7393000000000001,0.7391800000000001,1,1.12
04.08.2021 00:05:14.935,0.73929,0.73919,1,1.5
04.08.2021 00:05:18.394,0.7393000000000001,0.7392000000000001,1.5,1.87
04.08.2021 00:05:18.647,0.7393000000000001,0.7392000000000001,1,1.62
04.08.2021 00:05:19.864,0.73931,0.73921,1,1.5
04.08.2021 00:05:24.621,0.73934,0.73924,1.87,2.25
04.08.2021 00:05:24.722,0.73936,0.73924,1.75,1.12
04.08.2021 00:05:24.823,0.73936,0.73924,1,1.62
04.08.2021 00:05:25.181,0.7393500000000001,0.7392500000000001,1,1.87
04.08.2021 00:05:25.519,0.7393500000000001,0.7392500000000001,1,1.62
04.08.2021 00:05:26.137,0.73936,0.73926,2.44,1
04.08.2021 00:05:26.289,0.73932,0.73922,1,1.87
04.08.2021 00:05:26.808,0.73931,0.73921,1.25,1.5
04.08.2021 00:05:26.910,0.73932,0.73921,1.5,2
04.08.2021 00:05:27.214,0.7393000000000001,0.73919,1.25,3
04.08.2021 00:05:27.315,0.73928,0.7391800000000001,1.25,1
04.08.2021 00:05:27.416,0.73927,0.73917,2.44,2.25
04.08.2021 00:05:27.517,0.73926,0.73917,1,1.5
04.08.2021 00:05:27.568,0.7392500000000001,0.73917,1.75,1.1
04.08.2021 00:05:27.619,0.73926,0.7391500000000001,2.95,1.87
04.08.2021 00:05:29.223,0.73921,0.73912,1.69,1.12
04.08.2021 00:05:29.325,0.7392000000000001,0.73911,3.25,1.5
04.08.2021 00:05:29.427,0.7392000000000001,0.73907,1.69,2.82
04.08.2021 00:05:29.730,0.7392000000000001,0.7391000000000001,1.69,1
04.08.2021 00:05:30.962,0.73921,0.7391300000000001,1.5,1
04.08.2021 00:05:31.013,0.73923,0.73914,1.12,1
04.08.2021 00:05:31.115,0.73924,0.7391500000000001,1,1.2
04.08.2021 00:05:31.318,0.73924,0.7391500000000001,1,1.7
04.08.2021 00:05:31.706,0.7392500000000001,0.73916,1,1.12
04.08.2021 00:05:31.808,0.73926,0.73916,1,1.87
04.08.2021 00:05:36.306,0.7393000000000001,0.73919,1.5,1
04.08.2021 00:05:36.407,0.73931,0.7392000000000001,1,1.87
04.08.2021 00:05:36.509,0.73932,0.73919,1.69,2.82
04.08.2021 00:05:42.116,0.73933,0.73923,2.25,1.5
04.08.2021 00:05:42.217,0.73933,0.73924,1,1
04.08.2021 00:05:42.319,0.7393500000000001,0.73923,2.25,1.5
04.08.2021 00:05:43.256,0.7393500000000001,0.73924,3.94,1.87
04.08.2021 00:05:48.438,0.73936,0.73923,3.94,2
04.08.2021 00:05:51.135,0.73936,0.73926,3,1
04.08.2021 00:05:52.143,0.73936,0.7392500000000001,3.94,1.12
04.08.2021 00:05:52.244,0.73936,0.73923,1.69,3.95
04.08.2021 00:05:52.462,0.7393500000000001,0.73924,1.69,3.82
04.08.2021 00:05:53.495,0.73936,0.73923,1.69,3.95
04.08.2021 00:05:54.361,0.7393500000000001,0.73924,1.69,4.2
04.08.2021 00:05:55.146,0.7393500000000001,0.73924,1.69,3.57
04.08.2021 00:05:55.349,0.73936,0.73923,2.44,3
04.08.2021 00:05:56.669,0.7393500000000001,0.7392500000000001,2.44,1
04.08.2021 00:05:56.771,0.7394100000000001,0.73932,1.5,1
04.08.2021 00:05:57.075,0.73944,0.73933,1,1.87
04.08.2021 00:05:57.126,0.73942,0.73932,1,1
04.08.2021 00:05:57.279,0.7394100000000001,0.73932,1.5,1
04.08.2021 00:05:57.380,0.73943,0.73931,1.69,1.12
04.08.2021 00:05:57.707,0.73942,0.73933,1.69,1
04.08.2021 00:05:57.758,0.73944,0.73934,1.12,1.5
04.08.2021 00:06:01.568,0.7394600000000001,0.73933,2.44,1.5
04.08.2021 00:06:04.230,0.7394600000000001,0.73933,2.69,1.5
04.08.2021 00:06:04.281,0.7394000000000001,0.73932,1,1
04.08.2021 00:06:04.383,0.73939,0.7393000000000001,1.25,1
04.08.2021 00:06:04.433,0.73942,0.73932,2.81,1
04.08.2021 00:06:04.535,0.73942,0.73933,2.44,1
04.08.2021 00:06:06.726,0.73943,0.73931,2.44,1
04.08.2021 00:06:15.449,0.7394100000000001,0.73932,1.39,1
04.08.2021 00:06:15.550,0.7394000000000001,0.73931,1.25,1
04.08.2021 00:06:15.904,0.7394000000000001,0.7393000000000001,1.25,1
04.08.2021 00:06:22.314,0.73942,0.73929,1.5,1.5
04.08.2021 00:06:28.344,0.73942,0.7393000000000001,1,1
04.08.2021 00:06:28.929,0.7394100000000001,0.7393000000000001,1.69,2.62
04.08.2021 00:06:29.030,0.7394000000000001,0.73929,1.25,2.62
04.08.2021 00:06:29.439,0.7394000000000001,0.73929,2.5,1.5
04.08.2021 00:06:44.177,0.73938,0.73928,1.69,1
04.08.2021 00:06:44.278,0.73937,0.73928,1.25,1
04.08.2021 00:06:44.995,0.73938,0.73928,3.19,1
04.08.2021 00:06:46.166,0.73937,0.73928,1.69,1
04.08.2021 00:06:49.936,0.73938,0.73928,1.69,1
04.08.2021 00:06:59.193,0.73939,0.7393000000000001,2.06,1
04.08.2021 00:06:59.396,0.73942,0.73933,3.89,1
04.08.2021 00:07:00.567,0.73942,0.73934,1.69,1
04.08.2021 00:07:02.165,0.73944,0.7393500000000001,2.44,1
04.08.2021 00:07:02.267,0.73944,0.7393500000000001,1.25,1
04.08.2021 00:07:02.369,0.73945,0.73936,1.5,1
04.08.2021 00:07:03.153,0.7394600000000001,0.73936,2.89,1
04.08.2021 00:07:03.204,0.7394700000000001,0.73938,3.01,1
04.08.2021 00:07:03.305,0.7394700000000001,0.73938,2.44,1
04.08.2021 00:07:05.686,0.73945,0.73938,1.25,1
04.08.2021 00:07:05.737,0.7394600000000001,0.73936,2.57,1
04.08.2021 00:07:07.094,0.7394700000000001,0.73936,2.95,1
04.08.2021 00:07:08.304,0.7394700000000001,0.73937,2.57,1
04.08.2021 00:07:08.406,0.73948,0.73938,2.95,1
04.08.2021 00:07:09.713,0.73949,0.73938,1.25,1
04.08.2021 00:07:11.972,0.73949,0.73939,1.25,1
04.08.2021 00:07:13.276,0.73949,0.73939,1.82,1
04.08.2021 00:07:13.377,0.73949,0.7394000000000001,1.82,1
04.08.2021 00:07:16.737,0.73949,0.7394100000000001,1.82,1
04.08.2021 00:07:18.816,0.73948,0.7394000000000001,1.25,1
04.08.2021 00:07:18.918,0.73948,0.7394000000000001,1.75,1
04.08.2021 00:07:19.386,0.73948,0.73939,3.14,1
04.08.2021 00:07:20.188,0.73948,0.73938,1.5,1
04.08.2021 00:07:20.341,0.7394700000000001,0.73938,3.14,1
04.08.2021 00:07:22.178,0.7394600000000001,0.73936,1.5,1
04.08.2021 00:07:22.228,0.73944,0.7393500000000001,2.76,1
04.08.2021 00:07:22.740,0.73944,0.73933,1.76,1
04.08.2021 00:07:22.865,0.73943,0.73934,3.14,1
04.08.2021 00:07:23.286,0.73943,0.73932,1.69,1
04.08.2021 00:07:23.387,0.73943,0.73932,2.57,1
04.08.2021 00:07:27.542,0.73942,0.73932,1.75,1
04.08.2021 00:07:28.156,0.7394100000000001,0.73933,1.25,1
04.08.2021 00:07:37.792,0.73943,0.73934,1.31,1
04.08.2021 00:07:37.842,0.7394600000000001,0.7393500000000001,1.5,1
04.08.2021 00:07:37.893,0.7394600000000001,0.73938,1.31,1
04.08.2021 00:07:41.724,0.7394600000000001,0.73937,1.25,1
04.08.2021 00:07:41.826,0.73944,0.73936,1.25,1
04.08.2021 00:07:42.129,0.73944,0.73934,1.25,1
04.08.2021 00:07:43.755,0.73943,0.73933,2.51,1
04.08.2021 00:07:43.876,0.73942,0.73933,1.25,1
04.08.2021 00:07:44.136,0.73942,0.73932,1.25,1.5
04.08.2021 00:07:45.628,0.73942,0.7393000000000001,1.69,1
04.08.2021 00:07:46.136,0.73938,0.73929,1,1
04.08.2021 00:07:46.288,0.73938,0.73928,1.76,1
04.08.2021 00:07:46.389,0.73937,0.73928,1,1
04.08.2021 00:07:49.801,0.73939,0.73928,2.69,1
04.08.2021 00:07:50.731,0.7394100000000001,0.73927,3.44,2.32
04.08.2021 00:07:50.833,0.7394000000000001,0.7393000000000001,1.94,1
04.08.2021 00:07:52.620,0.7394000000000001,0.7393000000000001,1.12,1
04.08.2021 00:07:52.721,0.7394100000000001,0.7393000000000001,2.44,1
04.08.2021 00:07:52.822,0.7394100000000001,0.73931,2.44,1
04.08.2021 00:08:00.183,0.73942,0.73932,3.44,1
04.08.2021 00:08:02.496,0.73943,0.73931,2.44,1.12
04.08.2021 00:08:09.223,0.73943,0.7393000000000001,2.44,1.2
04.08.2021 00:08:17.144,0.73942,0.73931,3.25,1
04.08.2021 00:08:17.358,0.73942,0.73929,1.25,1.12
04.08.2021 00:08:17.459,0.7394000000000001,0.73929,1.25,2.7
04.08.2021 00:08:25.068,0.7394000000000001,0.73927,3.06,1
04.08.2021 00:08:25.169,0.73938,0.7392500000000001,1.25,3.57
04.08.2021 00:08:25.271,0.73937,0.73926,1.75,3.07
04.08.2021 00:08:26.052,0.73936,0.73926,1.5,1
04.08.2021 00:08:26.103,0.73934,0.73924,1,1.5
04.08.2021 00:08:26.997,0.73933,0.73922,2.44,1.5
04.08.2021 00:08:27.048,0.73932,0.73919,1.69,2.82
04.08.2021 00:08:27.149,0.7393000000000001,0.7392000000000001,1.25,1.5
04.08.2021 00:08:27.200,0.73929,0.73919,1.25,1
04.08.2021 00:08:27.352,0.73929,0.73916,1.25,3.57
04.08.2021 00:08:27.403,0.73926,0.73916,1,1
04.08.2021 00:08:27.504,0.7392500000000001,0.7391300000000001,1,2.19
04.08.2021 00:08:27.605,0.73924,0.73914,1,1.5
04.08.2021 00:08:28.177,0.73919,0.7391000000000001,1,1
04.08.2021 00:08:28.278,0.73917,0.7390800000000001,1,1
04.08.2021 00:08:29.036,0.7391800000000001,0.7390800000000001,1.76,1
04.08.2021 00:08:31.246,0.73917,0.7390800000000001,1,1
04.08.2021 00:08:32.928,0.73914,0.73904,2.51,1
04.08.2021 00:08:33.030,0.73914,0.73904,2.57,1
04.08.2021 00:08:34.107,0.7391300000000001,0.7390300000000001,2.57,1
04.08.2021 00:08:34.208,0.73911,0.73902,1.25,1
04.08.2021 00:08:35.122,0.7391300000000001,0.73902,1.75,1
04.08.2021 00:08:40.345,0.73912,0.73902,3.62,1
04.08.2021 00:08:43.499,0.7391300000000001,0.73902,2.5,1
04.08.2021 00:08:43.855,0.73914,0.73904,1.75,1.5
04.08.2021 00:08:43.906,0.73914,0.73906,1,1
04.08.2021 00:08:44.008,0.7391500000000001,0.73906,2.44,1
04.08.2021 00:08:46.982,0.73916,0.73906,1.76,1
04.08.2021 00:08:47.654,0.73917,0.73906,1,1
04.08.2021 00:08:47.756,0.7392000000000001,0.73911,1.5,1.5
04.08.2021 00:08:47.907,0.73921,0.73911,1.69,1
04.08.2021 00:08:48.334,0.73921,0.7391000000000001,1.25,1
04.08.2021 00:08:48.660,0.73921,0.73911,3.56,1
04.08.2021 00:08:52.340,0.73921,0.73911,2.5,1
04.08.2021 00:08:58.158,0.73921,0.7391000000000001,3.62,1
04.08.2021 00:09:00.609,0.73922,0.73909,1.69,3.07
04.08.2021 00:09:03.413,0.73923,0.7391000000000001,3.25,1
04.08.2021 00:09:04.531,0.7392000000000001,0.7391000000000001,1.31,1
04.08.2021 00:09:06.862,0.73921,0.7391000000000001,1.69,3.07
04.08.2021 00:09:07.854,0.73922,0.73911,2.44,1.1
04.08.2021 00:09:10.381,0.73923,0.7391300000000001,1.69,1
04.08.2021 00:09:10.483,0.7392500000000001,0.73916,1.75,1
04.08.2021 00:09:10.584,0.73927,0.7391500000000001,1,2.32
04.08.2021 00:09:10.635,0.73928,0.7391800000000001,2.06,1
04.08.2021 00:09:10.737,0.7393000000000001,0.7392000000000001,1.75,1
04.08.2021 00:09:10.788,0.73931,0.73919,1.25,1
04.08.2021 00:09:12.191,0.7393000000000001,0.73921,1.25,1
04.08.2021 00:09:14.040,0.73931,0.73921,1.69,1
04.08.2021 00:09:19.998,0.73932,0.73922,3.06,1
04.08.2021 00:09:20.100,0.73932,0.73922,1.69,1
04.08.2021 00:09:20.252,0.73932,0.73919,1.69,2.25
04.08.2021 00:09:35.384,0.73931,0.73921,1.25,1
04.08.2021 00:09:37.603,0.73932,0.73922,3.25,1
04.08.2021 00:09:38.373,0.73932,0.73919,1.69,1.5
04.08.2021 00:09:43.784,0.73931,0.73919,1.25,1.5
04.08.2021 00:09:43.886,0.7393000000000001,0.73919,1.5,1.5
04.08.2021 00:09:52.485,0.7393000000000001,0.7392000000000001,1,1
04.08.2021 00:09:55.252,0.73931,0.7392000000000001,1.69,1.87
04.08.2021 00:09:55.404,0.73931,0.73921,1.69,1
04.08.2021 00:10:08.479,0.73932,0.73921,1.69,1.5
04.08.2021 00:10:08.581,0.73933,0.7392000000000001,2.5,1.5
04.08.2021 00:10:15.330,0.73934,0.73924,2.87,1
04.08.2021 00:10:15.381,0.73936,0.73924,1.5,1
04.08.2021 00:10:15.483,0.73936,0.73926,2.44,1
04.08.2021 00:10:19.831,0.73936,0.73927,1,1
04.08.2021 00:10:35.744,0.73937,0.73927,2.44,1
04.08.2021 00:11:01.126,0.7394100000000001,0.7393000000000001,1.75,1.5
04.08.2021 00:11:01.228,0.73942,0.73933,1.5,2.25
04.08.2021 00:11:01.329,0.73943,0.73934,1,1
04.08.2021 00:11:02.629,0.7394700000000001,0.7393500000000001,2.14,1
04.08.2021 00:11:02.731,0.7394700000000001,0.73936,3.64,1
04.08.2021 00:11:03.144,0.73945,0.7393500000000001,2.44,1
04.08.2021 00:11:03.247,0.73945,0.73933,1.69,1.5
04.08.2021 00:11:03.349,0.73942,0.7393000000000001,1.69,2
04.08.2021 00:11:03.400,0.73942,0.7393000000000001,1.69,1.5
04.08.2021 00:11:04.934,0.7394000000000001,0.73931,1.25,1.5
04.08.2021 00:11:06.378,0.73942,0.7393000000000001,1.69,1.5
04.08.2021 00:11:10.923,0.7394000000000001,0.73931,1.69,1.5
04.08.2021 00:11:23.749,0.7394000000000001,0.73928,1.25,1.5
04.08.2021 00:11:23.960,0.73937,0.73929,1,1
04.08.2021 00:11:24.012,0.73937,0.73927,1.69,1.87
04.08.2021 00:11:24.113,0.7393500000000001,0.73926,1.25,1
04.08.2021 00:11:27.615,0.73936,0.73926,1.69,1
04.08.2021 00:11:28.612,0.7393500000000001,0.73926,1.25,1
04.08.2021 00:11:29.235,0.73937,0.73926,2.44,1.5
04.08.2021 00:11:29.706,0.73937,0.73927,2.44,1
04.08.2021 00:11:35.320,0.73937,0.73924,2.44,1.5
04.08.2021 00:11:40.150,0.7393500000000001,0.7392500000000001,1.25,1.5
04.08.2021 00:11:42.597,0.73932,0.73923,1,1
04.08.2021 00:11:42.699,0.73931,0.73921,1.94,1.5
04.08.2021 00:11:42.800,0.73932,0.7392000000000001,2.69,1
04.08.2021 00:11:44.705,0.73931,0.7392000000000001,1.5,1
04.08.2021 00:11:46.349,0.7393000000000001,0.73921,2,1
04.08.2021 00:11:46.559,0.7393000000000001,0.73921,1.5,1
04.08.2021 00:11:49.825,0.7393000000000001,0.7392000000000001,1.5,1
04.08.2021 00:12:02.061,0.73932,0.73921,2.69,2.25
04.08.2021 00:12:05.992,0.73928,0.7392000000000001,1.25,1
04.08.2021 00:12:06.095,0.73929,0.7392000000000001,1.69,1
04.08.2021 00:12:07.172,0.73931,0.73921,1.69,1
04.08.2021 00:12:07.323,0.73931,0.73922,1.69,1
04.08.2021 00:12:21.185,0.73932,0.73922,2.06,1
04.08.2021 00:12:21.698,0.73936,0.73924,1.5,1.5
04.08.2021 00:12:21.799,0.73936,0.73926,1.81,1
04.08.2021 00:12:21.901,0.73936,0.73926,1.25,1
04.08.2021 00:12:22.002,0.73937,0.73927,1.94,1
04.08.2021 00:12:24.625,0.73938,0.73927,1.25,1
04.08.2021 00:12:26.744,0.73939,0.73926,2.57,1
04.08.2021 00:12:26.846,0.73938,0.73926,1.25,1
04.08.2021 00:12:30.327,0.73936,0.73927,1.25,1
04.08.2021 00:12:30.428,0.73937,0.73927,1.35,1
04.08.2021 00:12:34.142,0.73936,0.73926,2.12,1
04.08.2021 00:12:34.344,0.73933,0.73923,1.25,1.87
04.08.2021 00:12:34.395,0.73932,0.73922,1.75,1.5
04.08.2021 00:12:38.060,0.73934,0.73921,3.14,1
04.08.2021 00:12:47.444,0.7393500000000001,0.73924,3.19,1.5
04.08.2021 00:12:47.546,0.7393500000000001,0.7392500000000001,1.69,1
04.08.2021 00:12:48.348,0.7393500000000001,0.73926,1.69,1
04.08.2021 00:12:51.638,0.73936,0.73926,2.51,1
04.08.2021 00:12:52.964,0.73936,0.73926,1.82,1
04.08.2021 00:12:53.283,0.73936,0.73926,1.76,1
04.08.2021 00:13:01.371,0.73936,0.73927,1,1
04.08.2021 00:13:06.796,0.73936,0.73927,2.01,1
04.08.2021 00:13:06.999,0.73937,0.7392500000000001,2.39,1
04.08.2021 00:13:14.781,0.73936,0.73926,1.25,1
04.08.2021 00:13:14.882,0.73938,0.73926,1.12,1
04.08.2021 00:13:14.984,0.73937,0.73927,1.94,1
04.08.2021 00:13:15.647,0.73938,0.73926,1.25,1
04.08.2021 00:13:15.748,0.73938,0.73928,1.94,1
04.08.2021 00:13:18.168,0.73939,0.73927,1.25,1
04.08.2021 00:13:20.649,0.7394100000000001,0.73929,2.5,1
04.08.2021 00:13:20.700,0.73943,0.7393000000000001,5.89,1
04.08.2021 00:13:20.801,0.73943,0.73932,3.19,1
04.08.2021 00:13:20.902,0.73944,0.73932,2.31,1
04.08.2021 00:13:21.071,0.73944,0.73931,3.06,1
04.08.2021 00:13:21.728,0.73943,0.73931,1.5,1
04.08.2021 00:13:22.043,0.73944,0.73931,3.14,1
04.08.2021 00:13:31.064,0.73942,0.73932,1.5,1
04.08.2021 00:13:40.478,0.73943,0.73932,2.95,1
04.08.2021 00:13:41.180,0.73943,0.73932,1.69,1
04.08.2021 00:13:41.635,0.73944,0.73933,3.06,1
04.08.2021 00:13:41.686,0.73945,0.7393500000000001,1.75,1
04.08.2021 00:13:41.787,0.7394600000000001,0.73934,1.25,1
04.08.2021 00:13:42.268,0.7394700000000001,0.73936,3.06,1.5
04.08.2021 00:13:44.319,0.73948,0.7393500000000001,1.69,2.25
04.08.2021 00:13:44.493,0.7394700000000001,0.73938,1.25,1
04.08.2021 00:13:48.610,0.73948,0.73938,1.25,1
04.08.2021 00:13:49.156,0.73948,0.73938,1.94,1
04.08.2021 00:13:54.223,0.7394700000000001,0.73938,1.5,1
04.08.2021 00:13:54.706,0.73948,0.73938,2.01,1
04.08.2021 00:13:55.264,0.73948,0.73938,1.25,1
04.08.2021 00:13:56.599,0.73948,0.73937,2.01,1
04.08.2021 00:14:01.223,0.73949,0.73936,1.31,2.25
04.08.2021 00:14:01.637,0.73948,0.73937,1.64,2.25
04.08.2021 00:14:01.797,0.7394700000000001,0.73937,1.5,1
04.08.2021 00:14:02.846,0.7394600000000001,0.73936,1.5,1.5
04.08.2021 00:14:05.723,0.73945,0.7393500000000001,1.5,1
04.08.2021 00:14:05.825,0.73943,0.73932,2.69,1.5
04.08.2021 00:14:05.926,0.73943,0.73932,3.14,1
04.08.2021 00:14:06.027,0.73942,0.73932,1.5,1
04.08.2021 00:14:06.808,0.73944,0.73931,1,1.5
04.08.2021 00:14:06.859,0.7394600000000001,0.7393500000000001,4.76,1
04.08.2021 00:14:06.965,0.7394600000000001,0.7393500000000001,3.89,1
04.08.2021 00:14:07.878,0.73948,0.7393500000000001,3.06,1.5
04.08.2021 00:14:08.488,0.7394700000000001,0.73937,2.31,1
04.08.2021 00:14:09.167,0.7394700000000001,0.73936,2.31,3
04.08.2021 00:14:17.023,0.7394700000000001,0.73937,1.31,1
04.08.2021 00:14:20.595,0.73948,0.73936,2.31,1
04.08.2021 00:14:25.732,0.7394700000000001,0.7393500000000001,1.5,2.25
04.08.2021 00:14:25.833,0.7394700000000001,0.73936,3.44,2.25
04.08.2021 00:14:25.935,0.7394700000000001,0.73936,1.69,3.07
04.08.2021 00:14:26.038,0.7394700000000001,0.73937,1.69,1
04.08.2021 00:14:26.185,0.73948,0.7393500000000001,1.69,3.07
04.08.2021 00:14:26.780,0.73949,0.73936,3.06,1.5
04.08.2021 00:14:26.881,0.73948,0.73937,2.06,1.5
04.08.2021 00:14:27.663,0.73948,0.73937,4.64,2.25
04.08.2021 00:14:27.764,0.7394700000000001,0.73937,1.5,2.25
04.08.2021 00:14:30.262,0.73948,0.73937,3.06,1.5
04.08.2021 00:14:31.854,0.7394700000000001,0.73936,2.69,3
04.08.2021 00:14:33.362,0.7394600000000001,0.73936,1.5,1.5
04.08.2021 00:14:36.414,0.7394600000000001,0.73937,1.94,1
04.08.2021 00:14:37.996,0.73949,0.73937,2.14,1
04.08.2021 00:14:38.097,0.73948,0.73937,1.25,1
04.08.2021 00:14:45.117,0.73948,0.73938,1.69,1
04.08.2021 00:14:45.219,0.73948,0.73939,1.25,1
04.08.2021 00:14:45.646,0.73948,0.73939,1.5,1
04.08.2021 00:14:46.414,0.73948,0.73939,1.1,1
04.08.2021 00:14:46.619,0.7395,0.73938,3.82,1
04.08.2021 00:14:47.148,0.7395100000000001,0.7394100000000001,1.5,1
04.08.2021 00:14:47.249,0.7395200000000001,0.73943,1.6,1
04.08.2021 00:14:47.350,0.7395200000000001,0.73943,1.1,1
04.08.2021 00:14:51.332,0.73954,0.73943,4.97,1
04.08.2021 00:14:56.843,0.73954,0.73942,1.6,1
04.08.2021 00:14:57.155,0.73953,0.73943,1.2,1
04.08.2021 00:14:57.356,0.73954,0.73942,1.6,1
04.08.2021 00:15:00.230,0.7395200000000001,0.73942,1,1
04.08.2021 00:15:00.281,0.7395100000000001,0.7394100000000001,1,1.5
04.08.2021 00:15:00.489,0.7395100000000001,0.73942,1.12,1
04.08.2021 00:15:00.692,0.73954,0.7394100000000001,2.14,1
04.08.2021 00:15:02.215,0.73954,0.7394100000000001,1.51,1
04.08.2021 00:15:04.399,0.73954,0.73942,1.51,1
04.08.2021 00:15:04.500,0.73953,0.73943,1.31,1
04.08.2021 00:15:10.347,0.73955,0.73942,1.76,1
04.08.2021 00:15:12.508,0.73954,0.73942,1.25,1
04.08.2021 00:15:20.523,0.7395600000000001,0.7394600000000001,3.69,1
04.08.2021 00:15:20.625,0.7395600000000001,0.7394700000000001,1,1
04.08.2021 00:15:20.675,0.73959,0.73948,2.56,1
04.08.2021 00:15:20.777,0.73959,0.7394700000000001,1.31,1
04.08.2021 00:15:25.517,0.73959,0.7395200000000001,1,1.5
04.08.2021 00:15:25.568,0.73963,0.7395200000000001,4.14,1.5
04.08.2021 00:15:25.720,0.73963,0.7395200000000001,2.51,1
04.08.2021 00:15:26.721,0.73963,0.7395200000000001,2.39,1
04.08.2021 00:15:26.772,0.73959,0.73949,2.44,1
04.08.2021 00:15:26.874,0.73959,0.73948,2.51,2.25
04.08.2021 00:15:31.437,0.73958,0.73948,1,1
04.08.2021 00:15:45.788,0.7396,0.7394700000000001,2.51,1
04.08.2021 00:15:48.595,0.73958,0.7394700000000001,1.01,1.5
04.08.2021 00:15:48.760,0.73959,0.7394600000000001,1.35,1
04.08.2021 00:15:48.861,0.73959,0.7394700000000001,5.72,1
04.08.2021 00:15:51.363,0.7395700000000001,0.7394700000000001,1,1
04.08.2021 00:15:57.026,0.73953,0.73944,1,2.25
04.08.2021 00:15:57.279,0.73953,0.73942,2.89,1.5
04.08.2021 00:15:57.481,0.7395200000000001,0.73942,1.25,1
04.08.2021 00:15:58.174,0.73954,0.73943,1,1
04.08.2021 00:15:58.276,0.73954,0.73942,1.5,1
04.08.2021 00:16:00.596,0.7395200000000001,0.73942,1.25,1
04.08.2021 00:16:44.632,0.7395200000000001,0.73943,1,1
04.08.2021 00:16:55.595,0.73954,0.73942,1.39,1
04.08.2021 00:16:59.403,0.7395600000000001,0.7394600000000001,2.07,1
04.08.2021 00:16:59.608,0.7395700000000001,0.7394600000000001,2.91,1
04.08.2021 00:17:00.697,0.7395700000000001,0.7394700000000001,1.1,1
04.08.2021 00:17:07.845,0.73958,0.73948,1.12,1
04.08.2021 00:17:07.947,0.7396100000000001,0.7395100000000001,4.14,1
04.08.2021 00:17:07.997,0.73962,0.7395,3.26,1
04.08.2021 00:17:09.519,0.7396100000000001,0.73949,1.76,1
04.08.2021 00:17:09.621,0.73959,0.73949,3.14,1
04.08.2021 00:17:09.923,0.7395700000000001,0.73948,1,1
04.08.2021 00:17:24.414,0.7395700000000001,0.73949,1,1
04.08.2021 00:17:24.516,0.73958,0.73949,1,1
04.08.2021 00:17:25.679,0.7396100000000001,0.7395,1.5,3
04.08.2021 00:17:25.730,0.73962,0.7395200000000001,2.07,1
04.08.2021 00:17:25.883,0.73962,0.7395200000000001,1.1,1
04.08.2021 00:17:28.744,0.73964,0.7395200000000001,1.12,1
04.08.2021 00:17:32.156,0.7396600000000001,0.7395600000000001,2.82,1
04.08.2021 00:17:32.359,0.73965,0.7395600000000001,1.25,1
04.08.2021 00:17:32.671,0.73968,0.73955,3.16,1
04.08.2021 00:17:34.933,0.73968,0.73955,2.14,1
04.08.2021 00:17:47.624,0.7396600000000001,0.7395600000000001,1,1
04.08.2021 00:17:47.725,0.73962,0.73953,1,1
04.08.2021 00:17:47.827,0.73963,0.7395100000000001,2.54,1
04.08.2021 00:17:47.929,0.7396,0.7395,1,1
04.08.2021 00:17:48.030,0.7396,0.73949,3.07,1.12
04.08.2021 00:17:48.132,0.73958,0.73949,1,1
04.08.2021 00:17:49.469,0.7396,0.73949,1.5,3.44
04.08.2021 00:17:49.570,0.7396100000000001,0.7395100000000001,1,1.69
04.08.2021 00:17:49.672,0.73963,0.73953,1.39,1
04.08.2021 00:17:49.975,0.73963,0.73954,1,1
04.08.2021 00:17:51.636,0.7396600000000001,0.7395600000000001,2.07,1
04.08.2021 00:17:51.841,0.7396600000000001,0.7395600000000001,1,1.25
04.08.2021 00:17:52.448,0.73967,0.7395700000000001,1.5,1
04.08.2021 00:17:52.600,0.73967,0.7395700000000001,1,1
04.08.2021 00:17:58.979,0.73968,0.73958,1.12,1
04.08.2021 00:18:04.752,0.7397,0.7396,1.6,1
04.08.2021 00:18:05.756,0.73968,0.7396,1,1
04.08.2021 00:18:06.646,0.7397100000000001,0.7396100000000001,1.12,1
04.08.2021 00:18:06.747,0.7397100000000001,0.73962,1.12,1
04.08.2021 00:18:08.535,0.73972,0.7396,1,1
04.08.2021 00:18:17.247,0.7397100000000001,0.7396,1,1.5
04.08.2021 00:18:18.294,0.73969,0.73959,1.1,1
04.08.2021 00:18:18.395,0.73969,0.73958,1.95,2.25
04.08.2021 00:18:26.991,0.73967,0.73958,1,1.5
04.08.2021 00:18:27.092,0.73967,0.7395700000000001,1.2,1
04.08.2021 00:18:28.664,0.73968,0.7395700000000001,1.95,1.5
04.08.2021 00:18:31.857,0.73968,0.7395700000000001,2.45,1.5
04.08.2021 00:18:32.059,0.73968,0.7395700000000001,2.7,1.5
04.08.2021 00:18:37.856,0.73968,0.7395700000000001,2.82,1.5
04.08.2021 00:18:38.173,0.73969,0.7395600000000001,2.7,1.5
04.08.2021 00:18:38.779,0.73967,0.7395700000000001,1,1.5
04.08.2021 00:18:46.868,0.73969,0.7395600000000001,2.32,1.69
04.08.2021 00:19:00.243,0.73968,0.7395700000000001,2.45,1.69
04.08.2021 00:19:00.604,0.73968,0.7395700000000001,2.7,1.69
04.08.2021 00:19:03.256,0.73964,0.73955,1,1
04.08.2021 00:19:03.357,0.73964,0.73954,1.5,1.12
04.08.2021 00:19:05.248,0.73964,0.73953,2.7,3
04.08.2021 00:19:05.349,0.73963,0.73953,1,2.25
04.08.2021 00:19:05.620,0.73963,0.7395200000000001,2.82,2.44
04.08.2021 00:19:05.721,0.7396100000000001,0.73949,1,3
04.08.2021 00:19:06.128,0.73958,0.73948,1,2.25
04.08.2021 00:19:06.229,0.7395700000000001,0.73948,1,1
04.08.2021 00:19:06.817,0.73958,0.7394600000000001,1,4.01
04.08.2021 00:19:18.304,0.73958,0.73949,1,1.25
04.08.2021 00:19:18.406,0.7396100000000001,0.7395100000000001,2.37,3.19
04.08.2021 00:19:18.508,0.7396,0.7395,1,3.19
04.08.2021 00:19:18.917,0.73959,0.73949,1,2.44
04.08.2021 00:19:23.322,0.73958,0.73949,1,1
04.08.2021 00:19:23.423,0.73958,0.73948,1.57,1
04.08.2021 00:19:37.961,0.7396,0.7395200000000001,1,1
04.08.2021 00:19:38.063,0.7396100000000001,0.7395200000000001,1,1.25
04.08.2021 00:19:40.541,0.73963,0.7395100000000001,1.5,1.69
04.08.2021 00:19:40.744,0.73963,0.7395100000000001,1,3.25
04.08.2021 00:19:41.047,0.73963,0.7395100000000001,1,1.69
04.08.2021 00:19:41.148,0.73963,0.7395100000000001,1,2.5
04.08.2021 00:19:41.361,0.73962,0.7395200000000001,1,1.5
04.08.2021 00:19:43.066,0.7396,0.7395100000000001,1,1
04.08.2021 00:19:45.292,0.73963,0.7395,1.95,2.44
04.08.2021 00:19:49.091,0.7396100000000001,0.73949,1.97,1
04.08.2021 00:19:49.142,0.7396,0.7394700000000001,1.95,1.5
04.08.2021 00:19:49.294,0.73958,0.7394700000000001,1.87,2.44
04.08.2021 00:19:49.961,0.73958,0.73948,1.12,1
04.08.2021 00:19:50.904,0.7396,0.73949,3.1,1.69
04.08.2021 00:19:51.006,0.7396100000000001,0.7395,2.82,1.69
04.08.2021 00:19:51.107,0.7396100000000001,0.7395,1.87,2.44
04.08.2021 00:19:51.495,0.7396,0.7395,1,1.69
04.08.2021 00:19:54.973,0.7396100000000001,0.7395,1.5,3.19
04.08.2021 00:19:55.416,0.7396100000000001,0.7395100000000001,1,1.5
04.08.2021 00:20:03.037,0.7396100000000001,0.7395200000000001,1,1
04.08.2021 00:20:03.138,0.73962,0.7395200000000001,1.5,1.25
04.08.2021 00:20:03.946,0.73963,0.7395,1.5,3.19
04.08.2021 00:20:04.098,0.7396100000000001,0.7395100000000001,1,1.69
04.08.2021 00:20:10.549,0.7396100000000001,0.7395200000000001,1,1.5
04.08.2021 00:20:11.496,0.73963,0.73954,1,4.19
04.08.2021 00:20:11.599,0.73968,0.73955,1.62,3.19
04.08.2021 00:20:11.700,0.73968,0.7395700000000001,1,1
04.08.2021 00:20:11.852,0.73968,0.73958,1.87,1
04.08.2021 00:20:15.420,0.7396600000000001,0.73953,3.95,2.44
04.08.2021 00:20:19.121,0.73967,0.73955,1.6,1.69
04.08.2021 00:20:19.323,0.73967,0.7395600000000001,1.95,3.19
04.08.2021 00:20:20.472,0.73967,0.73955,1,1
04.08.2021 00:20:45.069,0.73968,0.7395600000000001,1,1
04.08.2021 00:20:49.010,0.73968,0.7395700000000001,1.95,1
04.08.2021 00:20:49.771,0.73968,0.7395700000000001,3.41,1
04.08.2021 00:20:49.873,0.73964,0.73955,1.2,1
04.08.2021 00:20:49.974,0.73965,0.73954,1.7,1
04.08.2021 00:20:50.025,0.73964,0.73953,1.57,1.25
04.08.2021 00:20:54.966,0.73963,0.73953,1,1
04.08.2021 00:21:04.649,0.73964,0.73953,1,2.81
04.08.2021 00:21:08.229,0.73967,0.7395600000000001,6.57,1
04.08.2021 00:21:08.432,0.73967,0.7395600000000001,3.6,1
04.08.2021 00:21:08.859,0.73967,0.7395600000000001,3.45,1
04.08.2021 00:21:10.044,0.73968,0.73955,3.47,1
04.08.2021 00:21:13.000,0.73968,0.7395700000000001,1.95,1.75
04.08.2021 00:21:13.102,0.73968,0.7395700000000001,1.22,1
04.08.2021 00:21:13.259,0.73968,0.7395700000000001,1.2,1
04.08.2021 00:21:17.824,0.73967,0.7395700000000001,1,1
04.08.2021 00:21:19.540,0.73968,0.7395700000000001,1.95,1.12
04.08.2021 00:21:35.870,0.73965,0.73955,1.57,2.19
04.08.2021 00:21:35.921,0.73963,0.73954,1,1
04.08.2021 00:21:36.022,0.73963,0.73953,1,1.69
04.08.2021 00:21:36.326,0.73962,0.73953,1,1
04.08.2021 00:21:36.427,0.73962,0.7395200000000001,1.1,1.12
04.08.2021 00:21:38.025,0.73958,0.7395100000000001,1,1
04.08.2021 00:21:38.127,0.73958,0.73948,1,2.75
04.08.2021 00:21:38.228,0.73958,0.73948,1.12,2.25
04.08.2021 00:22:10.481,0.73958,0.7394700000000001,2.62,1
04.08.2021 00:22:10.590,0.73958,0.7394600000000001,1.87,1
04.08.2021 00:22:16.193,0.7395700000000001,0.7394600000000001,2.62,1.12
04.08.2021 00:22:17.263,0.73954,0.73944,1.5,1
04.08.2021 00:22:17.365,0.73954,0.73943,2.62,2.06
04.08.2021 00:22:17.466,0.73953,0.73943,1,1.87
04.08.2021 00:22:17.567,0.73954,0.73943,2.62,1.87
04.08.2021 00:22:17.719,0.73953,0.73943,1,1.87
04.08.2021 00:22:18.203,0.73954,0.73943,2.62,1.5
04.08.2021 00:22:18.988,0.73953,0.73943,1,1.5
04.08.2021 00:22:19.204,0.73953,0.73944,1,1
04.08.2021 00:22:19.306,0.73954,0.73944,1.87,1
04.08.2021 00:22:19.509,0.73954,0.73943,2.62,1.5
04.08.2021 00:22:19.610,0.7395600000000001,0.7394600000000001,1.5,1
04.08.2021 00:22:19.715,0.7395600000000001,0.7394600000000001,1,1
04.08.2021 00:22:20.664,0.73958,0.7394600000000001,1.87,1
04.08.2021 00:22:27.504,0.73958,0.7394700000000001,1.87,3.44
04.08.2021 00:22:27.606,0.73959,0.7394600000000001,1.87,3.19
04.08.2021 00:22:27.708,0.73959,0.7394600000000001,1.5,3.69
04.08.2021 00:22:28.940,0.73959,0.7394600000000001,1.87,3.56
04.08.2021 00:22:30.330,0.73959,0.7394600000000001,1.5,3.69
04.08.2021 00:22:30.539,0.73958,0.7394700000000001,1.87,2.25
04.08.2021 00:22:32.549,0.73959,0.7394700000000001,1.5,1
04.08.2021 00:22:32.651,0.73959,0.7395100000000001,1.12,1.25
04.08.2021 00:22:32.753,0.7396100000000001,0.7395200000000001,1,1
04.08.2021 00:22:58.177,0.7396100000000001,0.7395,2.44,1
04.08.2021 00:22:58.279,0.7396100000000001,0.7395200000000001,1,1
04.08.2021 00:22:58.431,0.7396100000000001,0.7395100000000001,1,1.25
04.08.2021 00:23:06.126,0.7396100000000001,0.7395,1,2.81
04.08.2021 00:23:06.228,0.73962,0.7395,2.62,1.25
04.08.2021 00:23:12.966,0.7396100000000001,0.7395,1,1.69
04.08.2021 00:23:21.039,0.7396100000000001,0.7395100000000001,1,1
04.08.2021 00:23:22.577,0.7396,0.73949,4.32,1.5
04.08.2021 00:23:22.780,0.7396,0.7394700000000001,3.07,1
04.08.2021 00:23:23.385,0.73962,0.73954,1,1
04.08.2021 00:23:23.487,0.73963,0.73955,1,3
04.08.2021 00:23:23.943,0.73965,0.73954,4.12,1.87
04.08.2021 00:23:25.155,0.73962,0.7395100000000001,1,1.87
04.08.2021 00:23:25.256,0.7396100000000001,0.7395100000000001,1.5,1.25
04.08.2021 00:23:28.527,0.7396100000000001,0.7395,1.5,3.26
04.08.2021 00:23:30.422,0.73959,0.73948,1,3.69
04.08.2021 00:23:30.574,0.73959,0.73948,1.5,1.87
04.08.2021 00:23:32.537,0.73958,0.73948,1,1.5
04.08.2021 00:23:32.640,0.73955,0.73945,1,2.75
04.08.2021 00:23:32.741,0.73955,0.73943,1,1.87
04.08.2021 00:23:34.158,0.73953,0.73944,1,1
04.08.2021 00:23:35.234,0.73953,0.73943,1,1.69
04.08.2021 00:23:44.649,0.7395200000000001,0.73942,1,3.56
04.08.2021 00:24:05.106,0.73953,0.7394600000000001,1,1.25
04.08.2021 00:24:05.207,0.7395600000000001,0.7394700000000001,1.5,1
04.08.2021 00:24:05.309,0.7395700000000001,0.7394700000000001,3,1.12
04.08.2021 00:24:28.288,0.7395600000000001,0.73945,1,3.69
04.08.2021 00:24:28.390,0.7395600000000001,0.73945,1,3.19
04.08.2021 00:24:29.017,0.73955,0.73945,1,1
04.08.2021 00:24:31.252,0.7395600000000001,0.7394600000000001,1,1.69
04.08.2021 00:24:59.884,0.7395600000000001,0.7394700000000001,1,1.69
04.08.2021 00:25:00.840,0.73958,0.73948,1.5,1
04.08.2021 00:25:03.445,0.7395700000000001,0.7394700000000001,1,1
04.08.2021 00:25:04.055,0.73958,0.7394700000000001,2.7,1
04.08.2021 00:25:20.694,0.73958,0.73948,1.5,1
04.08.2021 00:25:32.768,0.73958,0.7394600000000001,1,3.19
04.08.2021 00:25:39.447,0.73959,0.7395100000000001,1,1.5
04.08.2021 00:25:39.549,0.73962,0.7395200000000001,2.07,1
04.08.2021 00:25:39.650,0.73962,0.7395200000000001,1.57,1
04.08.2021 00:25:41.798,0.7396,0.7395,1,2.62
04.08.2021 00:25:45.611,0.7396,0.73949,1,3.19
04.08.2021 00:25:45.713,0.73959,0.7394700000000001,1,2.62
04.08.2021 00:26:21.030,0.7395700000000001,0.7394700000000001,1.5,1.5
04.08.2021 00:26:29.194,0.7395700000000001,0.73948,1,1
04.08.2021 00:26:30.246,0.73958,0.73948,1.5,1.5
04.08.2021 00:26:40.785,0.7396100000000001,0.7395,2.07,1
04.08.2021 00:26:40.886,0.7396100000000001,0.7395100000000001,1.1,1
04.08.2021 00:26:40.988,0.7396100000000001,0.73948,2.32,1.31
04.08.2021 00:26:41.093,0.7396100000000001,0.73948,3.85,1.12
04.08.2021 00:26:44.001,0.7396,0.7395,1.57,1.5
04.08.2021 00:26:44.102,0.73962,0.7395100000000001,2.07,2.25
04.08.2021 00:26:44.208,0.73962,0.7395100000000001,1.95,2.25
04.08.2021 00:26:46.477,0.73962,0.7395,1.2,3.19
04.08.2021 00:26:48.071,0.7396,0.73949,2.45,1
04.08.2021 00:26:48.172,0.73959,0.73948,1.1,1
04.08.2021 00:26:48.852,0.7396,0.7395,1.1,2.44
04.08.2021 00:26:48.954,0.73962,0.7395100000000001,2.82,1
04.08.2021 00:26:49.055,0.73962,0.7395100000000001,2.7,1.25
04.08.2021 00:26:52.946,0.73963,0.73953,1.95,1
04.08.2021 00:27:04.137,0.73962,0.7395100000000001,1.2,2.44
04.08.2021 00:27:04.189,0.7396100000000001,0.73948,4.35,1.12
04.08.2021 00:27:04.292,0.73958,0.73948,1.1,2
04.08.2021 00:27:04.393,0.73959,0.7394700000000001,1.2,1.5
04.08.2021 00:27:04.494,0.73958,0.73948,2.72,1
04.08.2021 00:27:04.545,0.73958,0.7394600000000001,2.85,2.44
04.08.2021 00:27:04.748,0.7395700000000001,0.7394600000000001,1.22,1.69
04.08.2021 00:27:04.849,0.73959,0.73945,4.72,2.44
04.08.2021 00:27:05.395,0.7395600000000001,0.73945,1.2,1.69
04.08.2021 00:27:05.679,0.7395700000000001,0.73944,1.6,1.69
04.08.2021 00:27:06.011,0.73954,0.73944,1.87,1.25
04.08.2021 00:27:06.112,0.73954,0.73943,2.7,1.5
04.08.2021 00:27:06.214,0.73954,0.73943,3.1,1.5
04.08.2021 00:27:06.517,0.73953,0.73942,1.2,1.69
04.08.2021 00:27:08.213,0.73954,0.73944,1.95,1
04.08.2021 00:27:08.619,0.7395600000000001,0.73943,1.2,1.5
04.08.2021 00:27:13.228,0.73954,0.73943,1,1
04.08.2021 00:27:22.598,0.73953,0.73942,1.95,1.5
04.08.2021 00:27:38.492,0.73954,0.73942,1,1
04.08.2021 00:27:53.706,0.73955,0.73944,2.07,2.25
04.08.2021 00:27:53.808,0.7395600000000001,0.73945,1.6,1.5
04.08.2021 00:27:53.909,0.7395600000000001,0.73945,1.1,1.5
04.08.2021 00:27:54.061,0.7395700000000001,0.73945,2.32,2.25
04.08.2021 00:27:54.639,0.7395700000000001,0.7394700000000001,2.32,1
04.08.2021 00:28:09.220,0.7396,0.7394700000000001,2.7,1
04.08.2021 00:28:20.058,0.73959,0.73948,3.1,1
04.08.2021 00:28:25.936,0.73958,0.7394600000000001,1,1.5
04.08.2021 00:29:06.202,0.7395600000000001,0.7394600000000001,1,1.5
04.08.2021 00:29:48.332,0.7395600000000001,0.73945,1,2.44
04.08.2021 00:29:50.405,0.73954,0.73944,1.95,1
04.08.2021 00:29:50.927,0.7395200000000001,0.73942,1,2.25
04.08.2021 00:29:51.029,0.7395,0.7394000000000001,1.5,1.12
04.08.2021 00:29:51.130,0.7394700000000001,0.73939,1,1
04.08.2021 00:29:53.015,0.7394700000000001,0.73938,1,1
04.08.2021 00:29:53.116,0.7394700000000001,0.73937,1,1
04.08.2021 00:29:59.419,0.7394600000000001,0.73937,1,1
04.08.2021 00:30:00.316,0.7394600000000001,0.73936,1,1
04.08.2021 00:30:06.727,0.73945,0.73936,1,1
04.08.2021 00:30:06.778,0.73945,0.73934,1.87,1.69
04.08.2021 00:30:06.880,0.7394600000000001,0.73934,2.82,3.44
04.08.2021 00:30:06.981,0.7394700000000001,0.73933,2.7,3.44
04.08.2021 00:30:07.288,0.73944,0.73933,1.5,3.56
04.08.2021 00:30:07.390,0.73943,0.73933,1.5,1.5
04.08.2021 00:30:07.491,0.73943,0.73932,1.95,1.5
04.08.2021 00:30:10.863,0.73942,0.73932,1,1
04.08.2021 00:30:11.121,0.73942,0.73931,1.5,1.25
04.08.2021 00:30:18.598,0.7394000000000001,0.7393000000000001,1,1.69
04.08.2021 00:30:22.225,0.73942,0.73934,1.5,2.5
04.08.2021 00:30:22.277,0.7394600000000001,0.73934,1.87,3.44
04.08.2021 00:30:22.479,0.7394700000000001,0.7393500000000001,1,1.25
04.08.2021 00:30:22.612,0.73945,0.73934,1.5,3.19
04.08.2021 00:30:22.714,0.7394600000000001,0.73934,2.25,3.19
04.08.2021 00:30:27.618,0.73943,0.73933,1,2.89
04.08.2021 00:30:31.588,0.73938,0.73931,1,1.31
04.08.2021 00:30:31.740,0.73938,0.73928,1,1.5
04.08.2021 00:30:32.720,0.73939,0.73926,1.5,1.5
04.08.2021 00:30:38.820,0.73936,0.73926,1,3.19
04.08.2021 00:31:02.435,0.7393500000000001,0.73926,1,1
04.08.2021 00:31:44.166,0.73933,0.73924,1,1.25
04.08.2021 00:31:44.267,0.73932,0.73923,1,1.25
04.08.2021 00:31:47.155,0.73932,0.73922,1,3
04.08.2021 00:31:47.262,0.73932,0.73921,1,3.19
04.08.2021 00:31:58.567,0.73932,0.7392000000000001,1,3.19
04.08.2021 00:31:58.964,0.73929,0.7391800000000001,1,1
04.08.2021 00:31:59.015,0.73927,0.73917,1,1.5
04.08.2021 00:31:59.167,0.73927,0.73916,1,1.69
04.08.2021 00:32:01.162,0.73924,0.7391500000000001,1,1
04.08.2021 00:32:01.263,0.73923,0.73912,1,3.69
04.08.2021 00:32:01.314,0.73923,0.73912,1,2.44
04.08.2021 00:32:01.466,0.73922,0.73912,1,2.25
04.08.2021 00:32:11.473,0.73921,0.73912,1,1
04.08.2021 00:32:11.524,0.73921,0.7391000000000001,2.32,1.5
04.08.2021 00:32:13.919,0.73919,0.73909,1,1.5
04.08.2021 00:32:14.021,0.7391800000000001,0.73907,1.5,2.94
04.08.2021 00:32:14.123,0.73919,0.73906,1.5,2.44
04.08.2021 00:32:15.941,0.73917,0.73907,1,1
04.08.2021 00:32:16.042,0.73917,0.73906,1.5,1
04.08.2021 00:32:16.143,0.73916,0.73906,1,1
04.08.2021 00:32:17.044,0.7391800000000001,0.73905,2.62,1.5
04.08.2021 00:32:21.255,0.73917,0.73907,1.95,1
04.08.2021 00:32:21.394,0.7391500000000001,0.73904,3.82,1
04.08.2021 00:32:22.170,0.7391500000000001,0.73904,4.22,1
04.08.2021 00:32:22.637,0.73914,0.7390300000000001,3.07,1.25
04.08.2021 00:32:22.788,0.7391300000000001,0.7390300000000001,1.57,1
04.08.2021 00:32:22.889,0.73914,0.7390100000000001,3.07,1.5
04.08.2021 00:32:24.487,0.73912,0.7390100000000001,1,2.25
04.08.2021 00:32:31.317,0.7391300000000001,0.7390100000000001,1.87,1
04.08.2021 00:32:34.348,0.73917,0.73905,3.75,6.94
04.08.2021 00:32:34.450,0.73916,0.73907,1,2.44
04.08.2021 00:32:34.501,0.73917,0.7390800000000001,1,1.25
04.08.2021 00:32:34.552,0.73919,0.7391000000000001,1,1.25
04.08.2021 00:32:34.653,0.73919,0.73911,1,1
04.08.2021 00:32:34.755,0.7392000000000001,0.7391000000000001,2.37,1
04.08.2021 00:32:34.856,0.73921,0.73909,1,1.5
04.08.2021 00:32:35.176,0.73921,0.7391000000000001,1.95,2.25
04.08.2021 00:32:35.338,0.73921,0.73911,1,1.5
04.08.2021 00:32:40.070,0.73921,0.73912,1,1
04.08.2021 00:32:40.572,0.73923,0.73912,3.45,1
04.08.2021 00:32:42.570,0.73923,0.73911,3.45,2.44
04.08.2021 00:32:49.397,0.73923,0.73912,1.5,1
04.08.2021 00:32:50.939,0.73923,0.73911,4.76,2.25
04.08.2021 00:32:52.629,0.73923,0.73911,2.7,2.69
04.08.2021 00:32:53.200,0.73923,0.73911,2.7,2.44
04.08.2021 00:32:57.593,0.73924,0.7391000000000001,4.89,2.25
04.08.2021 00:32:58.602,0.73923,0.73911,3.45,2.44
04.08.2021 00:32:59.684,0.73923,0.73911,3.7,2.44
04.08.2021 00:32:59.984,0.73924,0.7391000000000001,3.45,2.44
04.08.2021 00:33:01.221,0.73923,0.73911,3.57,2.44
04.08.2021 00:33:01.388,0.73923,0.73911,3.45,2.44
04.08.2021 00:33:03.289,0.73923,0.73911,1.95,1.94
04.08.2021 00:33:03.441,0.73923,0.73911,1.95,1.5
04.08.2021 00:33:08.919,0.73923,0.7391000000000001,1,2.25
04.08.2021 00:33:10.847,0.73922,0.73912,2.25,1
04.08.2021 00:33:10.897,0.73923,0.73916,1.5,1
04.08.2021 00:33:10.948,0.7392500000000001,0.73917,1,1
04.08.2021 00:33:11.050,0.73926,0.7391800000000001,1.12,1
04.08.2021 00:33:11.862,0.7393000000000001,0.7391800000000001,1.12,1
04.08.2021 00:33:12.019,0.7393000000000001,0.73919,2.7,1
04.08.2021 00:33:14.659,0.73931,0.73917,3.45,2.44
04.08.2021 00:33:14.761,0.73929,0.7391800000000001,1.1,1.69
04.08.2021 00:33:15.541,0.73927,0.73917,1,1.5
04.08.2021 00:33:17.446,0.73927,0.73916,2.25,2.44
04.08.2021 00:33:23.169,0.73927,0.73917,1,1
04.08.2021 00:33:26.424,0.73927,0.73916,1,1.5
04.08.2021 00:33:28.140,0.73926,0.7391500000000001,1,2.82
04.08.2021 00:33:28.242,0.73926,0.73914,1,1.5
04.08.2021 00:33:29.307,0.73923,0.7391300000000001,1,1.5
04.08.2021 00:33:29.409,0.73921,0.73912,1,1
04.08.2021 00:33:29.511,0.73921,0.73911,1.5,1
04.08.2021 00:33:34.570,0.73921,0.7391000000000001,1.5,3.26
04.08.2021 00:33:40.985,0.73921,0.73911,1,1
04.08.2021 00:33:41.822,0.73922,0.73909,1,2.89
04.08.2021 00:33:44.087,0.73922,0.73911,1.5,1
04.08.2021 00:34:01.006,0.7392000000000001,0.73911,1,1
04.08.2021 00:34:04.297,0.7392000000000001,0.73907,2.62,1.87
04.08.2021 00:34:04.349,0.73916,0.73907,1,1
04.08.2021 00:34:04.703,0.7391500000000001,0.73907,1,1
04.08.2021 00:34:05.682,0.73916,0.73907,1,1
04.08.2021 00:34:11.582,0.73917,0.73907,1,1
04.08.2021 00:34:12.431,0.73917,0.73906,1,1
04.08.2021 00:34:19.535,0.7391500000000001,0.73905,1,1.69
04.08.2021 00:34:26.196,0.7391500000000001,0.73906,1,1.5
04.08.2021 00:34:40.092,0.73916,0.73906,1,1.5
04.08.2021 00:34:42.755,0.7391300000000001,0.7390300000000001,1,1
04.08.2021 00:34:42.857,0.7391300000000001,0.73902,1,2.06
04.08.2021 00:34:42.958,0.7391300000000001,0.7390100000000001,1,1.69
04.08.2021 00:34:45.375,0.73914,0.73902,1,2.44
04.08.2021 00:34:45.477,0.73917,0.73905,1.2,1.5
04.08.2021 00:34:45.578,0.73917,0.73907,3,1
04.08.2021 00:35:00.790,0.73919,0.73906,2.32,2.44
04.08.2021 00:35:02.732,0.73919,0.7391000000000001,1.5,1
04.08.2021 00:35:02.833,0.73921,0.73911,1,1.69
04.08.2021 00:35:02.935,0.73923,0.7391300000000001,1,1.5
04.08.2021 00:35:03.037,0.73927,0.73914,2.15,2.25
04.08.2021 00:35:03.138,0.73926,0.7391500000000001,1.57,2.25
04.08.2021 00:35:09.021,0.73928,0.73917,2.9,1.69
04.08.2021 00:35:09.173,0.73928,0.7391800000000001,1.1,1.25
04.08.2021 00:35:09.224,0.73929,0.73919,1.12,1
04.08.2021 00:35:09.628,0.7393000000000001,0.73919,1,1.69
04.08.2021 00:35:09.679,0.73931,0.73921,1.12,1
04.08.2021 00:35:09.832,0.73932,0.73921,2.62,1
04.08.2021 00:35:11.854,0.73932,0.73922,1,1
04.08.2021 00:35:19.071,0.73933,0.7392000000000001,2.7,1
04.08.2021 00:35:31.662,0.73929,0.7391800000000001,1.5,1.5
04.08.2021 00:35:31.814,0.73929,0.73916,1.1,3.37
04.08.2021 00:35:47.291,0.73927,0.73917,1,1.5
04.08.2021 00:35:51.234,0.73926,0.7391500000000001,1.5,2.44
04.08.2021 00:35:51.589,0.73927,0.7391500000000001,1,1
04.08.2021 00:35:54.821,0.7392500000000001,0.7391500000000001,1,2.25
04.08.2021 00:35:56.192,0.73926,0.73916,1,1.5
04.08.2021 00:35:57.854,0.73926,0.7391500000000001,2.25,2.44
04.08.2021 00:36:03.323,0.73926,0.73916,1.5,1.5
04.08.2021 00:36:03.733,0.73926,0.7391500000000001,2.25,2.25
04.08.2021 00:36:06.877,0.73926,0.73916,1.12,1.5
04.08.2021 00:36:35.901,0.73927,0.73917,2.44,1
04.08.2021 00:36:46.065,0.73929,0.7392000000000001,1,1
04.08.2021 00:36:46.167,0.7393000000000001,0.7392000000000001,1,2.32
04.08.2021 00:36:46.268,0.73932,0.73922,1.76,1
04.08.2021 00:36:46.369,0.73933,0.73921,2.76,1
04.08.2021 00:36:47.037,0.73932,0.73922,1,1
04.08.2021 00:36:47.139,0.73933,0.73923,3.34,1
04.08.2021 00:37:06.736,0.73933,0.73923,3.51,1
04.08.2021 00:37:17.212,0.7393500000000001,0.73922,3.26,2.25
04.08.2021 00:37:17.314,0.73934,0.73924,1,2.25
04.08.2021 00:37:17.415,0.7393500000000001,0.73923,2.69,1
04.08.2021 00:37:17.930,0.73934,0.73924,1.25,1.5
04.08.2021 00:37:18.032,0.73934,0.73924,1.94,1
04.08.2021 00:37:18.568,0.7393500000000001,0.73923,1.25,1
04.08.2021 00:37:18.619,0.73932,0.73922,1.25,1.12
04.08.2021 00:37:18.721,0.73931,0.73921,1,2.75
04.08.2021 00:37:18.823,0.73931,0.73921,1,2.25
04.08.2021 00:37:18.975,0.7393000000000001,0.73921,1,1.5
04.08.2021 00:37:21.881,0.73928,0.73917,1.69,2.82
04.08.2021 00:37:21.983,0.73927,0.73917,1,1.5
04.08.2021 00:37:22.084,0.73927,0.73917,1,1
04.08.2021 00:37:26.266,0.73929,0.7391800000000001,3.37,1.5
04.08.2021 00:37:26.644,0.7393000000000001,0.73919,3.26,1
04.08.2021 00:37:32.000,0.7393000000000001,0.7391800000000001,1,1
04.08.2021 00:37:32.102,0.73929,0.7391800000000001,3.26,1.12
04.08.2021 00:37:32.203,0.73929,0.73917,1,1
04.08.2021 00:37:36.384,0.73927,0.73917,1,1.5
04.08.2021 00:37:57.309,0.73926,0.73916,1,1.5
04.08.2021 00:37:57.410,0.7392500000000001,0.7391500000000001,1,1.12
04.08.2021 00:37:57.612,0.73926,0.7391300000000001,1.12,1.5
04.08.2021 00:37:57.714,0.73924,0.7391300000000001,2.25,2.25
04.08.2021 00:37:57.815,0.73923,0.7391300000000001,1,1.5
04.08.2021 00:38:00.134,0.7392500000000001,0.73912,2.25,2.25
04.08.2021 00:38:00.693,0.73924,0.73912,1,1
04.08.2021 00:38:00.794,0.73923,0.73912,2.51,1.5
04.08.2021 00:38:00.946,0.73922,0.73912,1,1.5
04.08.2021 00:38:01.048,0.73923,0.73912,2.51,1.5
04.08.2021 00:38:01.337,0.73922,0.73912,1,1.5
04.08.2021 00:38:01.464,0.73924,0.73911,2.51,1.5
04.08.2021 00:38:28.988,0.73922,0.73912,1.5,1.5
04.08.2021 00:38:35.780,0.73923,0.73912,2.25,1.5
04.08.2021 00:38:52.709,0.73923,0.73911,1,1.5
04.08.2021 00:39:12.098,0.73921,0.73911,1,1.5
04.08.2021 00:39:17.882,0.73924,0.73916,1.25,1.5
04.08.2021 00:39:17.983,0.73926,0.73917,1.62,1.5
04.08.2021 00:39:18.085,0.73927,0.73916,1,1
04.08.2021 00:39:32.431,0.73927,0.73916,1.69,2.25
04.08.2021 00:39:33.510,0.73927,0.73916,2.69,2.25
04.08.2021 00:40:01.498,0.73927,0.73917,1.69,1
04.08.2021 00:40:08.542,0.73927,0.7391500000000001,1.25,1
04.08.2021 00:40:15.508,0.73928,0.7391500000000001,1.69,1.5
04.08.2021 00:40:19.124,0.73927,0.73917,1.25,1
04.08.2021 00:41:04.592,0.73927,0.73916,3.06,2.25
04.08.2021 00:41:05.342,0.73926,0.73914,1.25,1
04.08.2021 00:41:05.443,0.73924,0.7391300000000001,1.25,1.87
04.08.2021 00:41:09.625,0.73923,0.73912,1.31,2.25
04.08.2021 00:41:11.420,0.73922,0.73912,1,1.5
04.08.2021 00:41:21.379,0.73923,0.7391000000000001,2.51,2.25
04.08.2021 00:41:22.406,0.73922,0.7391000000000001,1,2.25
04.08.2021 00:41:23.769,0.73922,0.73911,2.44,1.5
04.08.2021 00:41:27.175,0.73921,0.73911,1,1.5
04.08.2021 00:41:33.976,0.7392000000000001,0.73911,1,1
04.08.2021 00:41:34.097,0.73921,0.73911,3,1
04.08.2021 00:41:48.407,0.7392000000000001,0.73911,1,1
04.08.2021 00:41:48.559,0.7391800000000001,0.7390800000000001,1.25,2
04.08.2021 00:41:48.660,0.7391800000000001,0.7390800000000001,1.5,1
04.08.2021 00:41:51.579,0.73919,0.73909,1,1.5
04.08.2021 00:41:51.680,0.7392000000000001,0.7391000000000001,1.12,2.25
04.08.2021 00:41:51.782,0.73921,0.7391000000000001,1.69,3.37
04.08.2021 00:41:59.563,0.73921,0.73911,1,1
04.08.2021 00:42:00.088,0.73922,0.73911,1.69,2.25
04.08.2021 00:42:03.075,0.73921,0.73911,1,2.25
04.08.2021 00:42:04.144,0.7391800000000001,0.7391000000000001,1.25,1.12
04.08.2021 00:42:04.245,0.7391800000000001,0.7390800000000001,1.25,1.5
04.08.2021 00:42:08.886,0.7391800000000001,0.73907,1.69,1.5
04.08.2021 00:42:37.971,0.73917,0.73907,1,2.25
04.08.2021 00:42:38.022,0.7391500000000001,0.73907,1,1.5
04.08.2021 00:42:38.073,0.7391500000000001,0.73904,2.51,1.12
04.08.2021 00:42:38.125,0.73912,0.7390300000000001,1,2
04.08.2021 00:42:38.226,0.73912,0.7390300000000001,1,1.5
04.08.2021 00:42:41.947,0.73912,0.7390300000000001,4.19,1
04.08.2021 00:42:41.998,0.73912,0.739,1.25,1.87
04.08.2021 00:42:44.358,0.73911,0.73902,1.25,1
04.08.2021 00:42:45.425,0.73912,0.73902,1.69,1.5
04.08.2021 00:42:47.773,0.73911,0.73902,1,1
04.08.2021 00:42:48.154,0.73912,0.73902,3.64,1
04.08.2021 00:42:48.256,0.73911,0.73902,1,1
04.08.2021 00:42:51.239,0.73911,0.7390100000000001,1.69,1
04.08.2021 00:42:52.671,0.73909,0.73899,2.01,1.12
04.08.2021 00:42:52.773,0.73909,0.73897,1.25,1.12
04.08.2021 00:42:58.997,0.73907,0.7389800000000001,1.25,1
04.08.2021 00:42:59.099,0.7390800000000001,0.73897,1.94,1
04.08.2021 00:43:00.708,0.73907,0.7389800000000001,1.69,1
04.08.2021 00:43:01.265,0.7390800000000001,0.73897,2.69,1
04.08.2021 00:43:04.020,0.73906,0.7389600000000001,1.25,1.5
04.08.2021 00:43:07.578,0.73906,0.7389600000000001,2.69,1.5
04.08.2021 00:43:08.324,0.73906,0.7389600000000001,1.69,1.5
04.08.2021 00:43:13.134,0.7390800000000001,0.7389800000000001,1.25,1.5
04.08.2021 00:43:13.236,0.73909,0.73897,1.75,1.5
04.08.2021 00:43:14.017,0.7390800000000001,0.7389800000000001,1.25,1.5
04.08.2021 00:43:14.418,0.7390800000000001,0.7389800000000001,1.75,1.5
04.08.2021 00:43:15.010,0.73909,0.73897,1.25,1.5
04.08.2021 00:43:15.500,0.73909,0.73897,1.75,1.5
04.08.2021 00:43:18.456,0.73909,0.73897,1.25,1.87
04.08.2021 00:43:18.557,0.73909,0.73899,2.87,1
04.08.2021 00:43:18.659,0.73911,0.7390100000000001,1.75,2.25
04.08.2021 00:43:18.760,0.73911,0.7390100000000001,1,2.25
04.08.2021 00:43:18.865,0.7391300000000001,0.7390100000000001,1.25,1
04.08.2021 00:43:21.037,0.7391300000000001,0.73902,2.44,1.5
04.08.2021 00:43:21.139,0.73914,0.7390100000000001,3.25,1.5
04.08.2021 00:43:21.754,0.73914,0.73904,2.06,1.5
04.08.2021 00:43:21.856,0.73917,0.73904,3.7,2.25
04.08.2021 00:43:24.142,0.73916,0.73906,2.5,1
04.08.2021 00:43:24.602,0.73916,0.73905,2.5,3
04.08.2021 00:43:27.593,0.7391800000000001,0.73906,1.25,1
04.08.2021 00:43:27.694,0.7391800000000001,0.73907,2.62,1.5
04.08.2021 00:43:30.674,0.7391800000000001,0.73906,3.26,1
04.08.2021 00:43:30.776,0.73917,0.73905,4.09,2.25
04.08.2021 00:43:30.826,0.73916,0.73905,1.94,2.25
04.08.2021 00:43:45.083,0.73916,0.73905,1.25,3
04.08.2021 00:43:45.184,0.7391800000000001,0.73905,2.06,1.5
04.08.2021 00:43:49.274,0.73917,0.73907,1.25,1
04.08.2021 00:43:56.892,0.73919,0.73907,2.06,1
04.08.2021 00:44:03.294,0.73921,0.7391000000000001,3.82,1.5
04.08.2021 00:44:03.396,0.73921,0.73911,1.5,1.5
04.08.2021 00:44:03.497,0.73921,0.73912,1,1
04.08.2021 00:44:06.764,0.7392000000000001,0.73911,1,1
04.08.2021 00:44:06.878,0.73921,0.73911,1.69,1
04.08.2021 00:44:22.786,0.73922,0.73912,1.25,1
04.08.2021 00:44:27.905,0.73924,0.7391500000000001,1.37,1
04.08.2021 00:44:28.007,0.73926,0.73917,1.87,1
04.08.2021 00:44:28.108,0.73926,0.73917,1.25,1
04.08.2021 00:44:28.210,0.73927,0.73917,2.95,1
04.08.2021 00:44:33.200,0.73927,0.73917,1.25,1
04.08.2021 00:44:39.148,0.73929,0.7391800000000001,2.01,1
04.08.2021 00:44:40.085,0.73928,0.73917,2.01,1.5
04.08.2021 00:44:48.731,0.73929,0.7391800000000001,1.94,1
04.08.2021 00:44:48.832,0.73929,0.7391800000000001,1.25,1
04.08.2021 00:44:49.791,0.73928,0.73919,1.94,1
04.08.2021 00:44:52.644,0.73928,0.73919,1.25,1
04.08.2021 00:44:52.745,0.73931,0.73922,1.25,2.25
04.08.2021 00:44:52.847,0.73934,0.73923,1.45,1
04.08.2021 00:44:53.477,0.73933,0.73922,1.25,1
04.08.2021 00:44:53.730,0.73932,0.73922,4.19,1
04.08.2021 00:44:53.831,0.7393000000000001,0.7392000000000001,1.01,1
04.08.2021 00:44:56.174,0.7393000000000001,0.7392000000000001,3.14,1
04.08.2021 00:44:57.792,0.73928,0.73919,1.5,1
04.08.2021 00:44:57.893,0.73929,0.73919,2.39,1
04.08.2021 00:44:59.639,0.73929,0.73919,1.01,1
04.08.2021 00:44:59.741,0.73931,0.73919,1.94,1.5
04.08.2021 00:45:00.187,0.7393000000000001,0.7392000000000001,1.25,1.5
04.08.2021 00:45:01.736,0.73931,0.7392000000000001,2.76,1
04.08.2021 00:45:01.837,0.73929,0.73921,3.89,1
04.08.2021 00:45:01.888,0.73928,0.7391800000000001,1.5,10.87
04.08.2021 00:45:01.939,0.73928,0.73919,1.5,1
04.08.2021 00:45:02.040,0.73928,0.73919,1.56,1
04.08.2021 00:45:03.293,0.73928,0.7391800000000001,1.56,1
04.08.2021 00:45:06.167,0.73929,0.73917,1,2.25
04.08.2021 00:45:06.269,0.73929,0.73919,1.56,1.5
04.08.2021 00:45:10.832,0.73929,0.7391800000000001,3.14,1
04.08.2021 00:45:12.120,0.73928,0.7391800000000001,3.7,1
04.08.2021 00:45:14.378,0.73928,0.73919,3.96,1
04.08.2021 00:45:15.315,0.73928,0.7391800000000001,3.51,1
04.08.2021 00:45:27.103,0.73928,0.7391800000000001,1.39,1
04.08.2021 00:45:27.420,0.73929,0.73917,2.31,1
04.08.2021 00:45:33.666,0.73928,0.73917,3.96,1
04.08.2021 00:45:33.918,0.73928,0.73917,2.06,1.5
04.08.2021 00:45:34.020,0.73928,0.73919,1.31,1
04.08.2021 00:45:38.771,0.73929,0.7392000000000001,3.14,1
04.08.2021 00:45:40.212,0.7393000000000001,0.7391800000000001,3.14,1
04.08.2021 00:45:40.314,0.73928,0.73917,2.87,1.5
04.08.2021 00:45:45.612,0.73927,0.73917,3.14,1
04.08.2021 00:45:46.238,0.73927,0.73917,1.76,1
04.08.2021 00:45:47.091,0.73927,0.73916,1.5,2.25
04.08.2021 00:45:54.156,0.73926,0.73916,3.14,1
04.08.2021 00:45:57.436,0.7392500000000001,0.7391300000000001,2.14,1
04.08.2021 00:45:57.538,0.73924,0.7391300000000001,1.25,1
04.08.2021 00:45:59.068,0.73923,0.7391300000000001,1.31,1.5
04.08.2021 00:46:02.070,0.73924,0.73911,2.81,3
04.08.2021 00:46:02.172,0.73922,0.73912,1.69,1
04.08.2021 00:46:02.957,0.73923,0.7391000000000001,2.96,1.5
04.08.2021 00:46:03.412,0.73922,0.73911,3.14,1.5
04.08.2021 00:46:03.513,0.73922,0.73911,2.14,1.5
04.08.2021 00:46:04.840,0.73922,0.73912,2.96,1
04.08.2021 00:46:06.704,0.73922,0.73911,2.96,1.5
04.08.2021 00:46:08.854,0.73923,0.73911,4.46,2.44
04.08.2021 00:46:08.905,0.73924,0.73912,2.59,1
04.08.2021 00:46:09.527,0.73923,0.7391300000000001,3.14,1
04.08.2021 00:46:09.682,0.7392000000000001,0.73911,1.25,1
04.08.2021 00:46:10.238,0.73922,0.7391000000000001,1.76,1
04.08.2021 00:46:20.397,0.73921,0.73911,3.84,1
04.08.2021 00:46:31.271,0.73921,0.7391000000000001,3.84,1.5
04.08.2021 00:46:31.373,0.73919,0.7391000000000001,1.25,1
04.08.2021 00:46:47.943,0.7391800000000001,0.7391000000000001,1.25,1
04.08.2021 00:46:51.530,0.73921,0.73909,3.46,1
04.08.2021 00:46:51.732,0.7392000000000001,0.7391000000000001,2.06,1
04.08.2021 00:47:00.802,0.7392000000000001,0.73909,1.31,1.5
04.08.2021 00:47:01.290,0.73919,0.73909,2.14,1
04.08.2021 00:47:02.347,0.73919,0.73909,2.26,1
04.08.2021 00:47:02.448,0.73919,0.73907,3.14,1
04.08.2021 00:47:02.715,0.73916,0.73905,1.69,1
04.08.2021 00:47:02.817,0.7391500000000001,0.73904,2.76,1
04.08.2021 00:47:02.872,0.73914,0.73902,1.64,1.5
04.08.2021 00:47:03.074,0.7391300000000001,0.73902,3.96,1
04.08.2021 00:47:03.825,0.7391300000000001,0.7390300000000001,3.96,1
04.08.2021 00:47:11.431,0.73914,0.73902,2.06,1
04.08.2021 00:47:11.785,0.73916,0.73905,4.46,1
04.08.2021 00:47:11.937,0.73916,0.73907,2.7,1
04.08.2021 00:47:11.989,0.73916,0.73907,1.01,1
04.08.2021 00:47:13.528,0.7391800000000001,0.73906,1.76,1
04.08.2021 00:47:37.271,0.7391800000000001,0.73907,1.39,1
04.08.2021 00:47:37.524,0.7391800000000001,0.73907,2.34,1
04.08.2021 00:47:38.598,0.7391800000000001,0.73907,2.21,1
04.08.2021 00:47:41.413,0.7391800000000001,0.73907,2.34,1
04.08.2021 00:47:55.015,0.7391500000000001,0.73905,2.06,1
04.08.2021 00:47:58.923,0.73916,0.73905,1.39,2.62
04.08.2021 00:47:59.024,0.73917,0.73906,1.75,1.5
04.08.2021 00:47:59.126,0.73917,0.73906,1.25,1.87
04.08.2021 00:48:01.842,0.7391800000000001,0.73906,1.39,1
04.08.2021 00:48:28.495,0.7391500000000001,0.73906,1,1.5
04.08.2021 00:48:28.597,0.73917,0.73905,1.12,2.25
04.08.2021 00:48:28.750,0.73917,0.73906,1.39,3.37
04.08.2021 00:48:29.005,0.7391800000000001,0.73906,1.12,1
04.08.2021 00:48:33.549,0.7392000000000001,0.7390800000000001,1.1,1
04.08.2021 00:48:33.650,0.73923,0.7391000000000001,1.81,1
04.08.2021 00:48:33.803,0.73922,0.7391300000000001,1.25,1
04.08.2021 00:48:41.470,0.7392000000000001,0.7391000000000001,1.57,1
04.08.2021 00:48:41.571,0.73921,0.7391300000000001,1,1
04.08.2021 00:48:41.672,0.73923,0.73912,1,1
04.08.2021 00:48:51.229,0.73924,0.7391300000000001,2.89,1.5
04.08.2021 00:48:51.586,0.73924,0.7391300000000001,4.26,1
04.08.2021 00:48:53.869,0.73923,0.73912,1,1
04.08.2021 00:48:57.312,0.73924,0.73914,2.26,1
04.08.2021 00:48:57.363,0.7392500000000001,0.73917,1,2.25
04.08.2021 00:48:57.464,0.73927,0.73917,2.25,2.62
04.08.2021 00:48:57.566,0.73928,0.73917,1.01,2.62
04.08.2021 00:49:04.485,0.73929,0.73917,1.12,1
04.08.2021 00:49:12.390,0.73928,0.7391800000000001,1.5,1
04.08.2021 00:49:26.516,0.73926,0.73917,1,1
04.08.2021 00:49:27.069,0.73927,0.73917,1,1
04.08.2021 00:49:31.835,0.73929,0.73919,2.37,1
04.08.2021 00:49:31.937,0.73929,0.73919,1.5,1
04.08.2021 00:49:32.622,0.73929,0.73919,2.94,1
04.08.2021 00:49:32.828,0.73929,0.73919,3.19,1
04.08.2021 00:49:32.943,0.73929,0.73919,3.31,1
04.08.2021 00:49:47.530,0.73929,0.73919,1.12,1
04.08.2021 00:49:47.632,0.73933,0.73921,3.12,2.25
04.08.2021 00:49:47.733,0.73933,0.73922,1.69,3.37
04.08.2021 00:49:52.892,0.73933,0.73924,1.12,1.5
04.08.2021 00:49:52.993,0.73936,0.73926,1,1.5
04.08.2021 00:49:53.094,0.73937,0.73926,1.31,3
04.08.2021 00:50:02.501,0.73936,0.73926,1,1
04.08.2021 00:50:02.603,0.73934,0.73924,1.5,1.12
04.08.2021 00:50:02.704,0.73933,0.73923,1,1
04.08.2021 00:50:02.806,0.73933,0.73922,1.5,2.62
04.08.2021 00:50:11.288,0.73933,0.73922,2.94,1.5
04.08.2021 00:50:12.421,0.73932,0.73921,2.81,1.12
04.08.2021 00:50:16.692,0.73932,0.73922,1,1
04.08.2021 00:50:16.895,0.73933,0.73922,1.87,1.5
04.08.2021 00:50:32.523,0.73932,0.73922,1,1
04.08.2021 00:50:36.510,0.73931,0.73919,1.5,2
04.08.2021 00:50:36.617,0.73929,0.7391800000000001,4,1
04.08.2021 00:50:36.951,0.73927,0.7391800000000001,1,1
04.08.2021 00:50:37.718,0.73927,0.73917,1,1.87
04.08.2021 00:50:41.267,0.73928,0.73917,1,1
04.08.2021 00:50:42.183,0.73927,0.73917,1.31,1.5
04.08.2021 00:50:51.040,0.73928,0.7391500000000001,1.69,2.62
04.08.2021 00:50:55.892,0.73927,0.73917,1.31,1
04.08.2021 00:51:01.085,0.73927,0.73916,1.5,2.62
04.08.2021 00:51:03.019,0.73927,0.73917,1,1
04.08.2021 00:51:10.866,0.73924,0.73914,1,2.37
04.08.2021 00:51:11.018,0.73924,0.7391300000000001,2.06,2.75
04.08.2021 00:51:11.119,0.7392500000000001,0.73912,2.06,1.87
04.08.2021 00:51:12.973,0.73924,0.7391300000000001,2.19,1.87
04.08.2021 00:51:13.780,0.73923,0.73912,1.31,1.87
04.08.2021 00:51:14.342,0.73921,0.73912,2.06,1.5
04.08.2021 00:51:14.444,0.73921,0.7391000000000001,2.44,1
04.08.2021 00:51:14.547,0.73921,0.73911,1,1
04.08.2021 00:51:14.724,0.73921,0.73911,1,1
04.08.2021 00:51:15.532,0.73922,0.73911,2.06,1.5
04.08.2021 00:51:15.688,0.73922,0.73911,1.81,1.5
04.08.2021 00:51:15.897,0.73922,0.73911,2.06,1.5
04.08.2021 00:51:31.002,0.73922,0.73912,1.25,1
04.08.2021 00:51:44.187,0.73922,0.7391300000000001,1,1
04.08.2021 00:51:44.463,0.73923,0.7391300000000001,1.12,1
04.08.2021 00:51:44.665,0.73923,0.73912,1.95,1.69
04.08.2021 00:51:49.771,0.73923,0.7391300000000001,1.95,1
04.08.2021 00:51:53.821,0.7392500000000001,0.73916,1.5,1.25
04.08.2021 00:51:53.873,0.73928,0.73917,1.95,1
04.08.2021 00:51:54.026,0.73928,0.7391800000000001,1.12,1
04.08.2021 00:52:42.554,0.73928,0.7392000000000001,1,1
04.08.2021 00:52:42.980,0.73929,0.7392000000000001,1.5,1
04.08.2021 00:52:43.572,0.7393000000000001,0.7392000000000001,1.12,2.81
04.08.2021 00:52:43.674,0.73934,0.7392500000000001,1.7,1
04.08.2021 00:52:43.777,0.7393500000000001,0.73924,1.12,3.19
04.08.2021 00:52:43.879,0.73936,0.7392500000000001,1.12,4.31
04.08.2021 00:52:44.183,0.73937,0.73926,2.75,1
04.08.2021 00:52:44.285,0.73937,0.73926,1.5,1.5
04.08.2021 00:52:44.733,0.73938,0.73926,1.5,1
04.08.2021 00:52:44.835,0.73937,0.73926,1,1.69
04.08.2021 00:52:46.746,0.73937,0.73927,1.12,1
04.08.2021 00:52:51.917,0.7393500000000001,0.7392500000000001,2.25,1
04.08.2021 00:52:52.372,0.73934,0.73924,1,1
04.08.2021 00:52:52.575,0.73934,0.73924,2,1
04.08.2021 00:52:52.676,0.7393500000000001,0.73923,2.45,1
04.08.2021 00:52:53.041,0.73934,0.73924,2.45,1
04.08.2021 00:52:56.184,0.73934,0.73924,1.95,1
04.08.2021 00:53:01.692,0.73934,0.73924,2.07,1
04.08.2021 00:53:04.894,0.73934,0.73924,1.95,1
04.08.2021 00:53:09.544,0.73934,0.73924,1.5,1
04.08.2021 00:53:10.337,0.73934,0.73924,1.12,1
04.08.2021 00:53:16.103,0.73934,0.73924,1.5,1
04.08.2021 00:53:16.834,0.73934,0.73924,1.12,1
04.08.2021 00:53:28.682,0.73934,0.73924,1.5,1
04.08.2021 00:53:29.413,0.7393500000000001,0.73923,1.12,1
04.08.2021 00:53:40.352,0.73931,0.73923,1,1
04.08.2021 00:53:40.402,0.73931,0.73921,1.5,1.12
04.08.2021 00:53:41.120,0.73932,0.73919,1.87,1
04.08.2021 00:53:48.459,0.73932,0.73923,1.12,1
04.08.2021 00:53:48.937,0.73932,0.73922,2.25,1
04.08.2021 00:53:49.543,0.73931,0.73921,1,1.5
04.08.2021 00:53:54.332,0.73931,0.73922,1,1
04.08.2021 00:53:55.697,0.73931,0.73921,1,1
04.08.2021 00:53:55.939,0.7393000000000001,0.7391800000000001,1,1.5
04.08.2021 00:53:56.042,0.73928,0.73917,1.12,2
04.08.2021 00:53:56.144,0.73928,0.73917,1.5,1.5
04.08.2021 00:53:56.246,0.73928,0.73917,1.5,1.5
04.08.2021 00:54:00.909,0.73928,0.73917,1.12,1.5
04.08.2021 00:54:01.318,0.73928,0.7391800000000001,1.12,1
04.08.2021 00:54:01.731,0.73929,0.73916,1.12,1.5
04.08.2021 00:54:03.053,0.73927,0.73917,1,1.5
04.08.2021 00:54:03.154,0.73926,0.73916,1.12,1
04.08.2021 00:54:04.185,0.73926,0.7391500000000001,1.12,1.5
04.08.2021 00:54:08.957,0.73926,0.73916,1.12,1
04.08.2021 00:54:09.529,0.73927,0.73916,1,1
04.08.2021 00:54:09.630,0.73928,0.73916,1.5,1
04.08.2021 00:54:10.703,0.73928,0.7391500000000001,1.5,1.5
04.08.2021 00:54:14.764,0.73924,0.7391500000000001,1.12,1
04.08.2021 00:54:15.392,0.73923,0.7391500000000001,1,1
04.08.2021 00:54:15.494,0.73923,0.73914,1.12,1
04.08.2021 00:54:15.595,0.73923,0.73914,1.5,1
04.08.2021 00:54:16.114,0.73923,0.73914,1.5,1
04.08.2021 00:54:34.095,0.73923,0.7391300000000001,1.87,1.5
04.08.2021 00:54:35.129,0.73922,0.7391300000000001,1,1.5
04.08.2021 00:54:36.123,0.73917,0.7390800000000001,1,3.6
04.08.2021 00:54:36.225,0.73914,0.73905,2.06,1
04.08.2021 00:54:36.327,0.73914,0.73902,1.5,1
04.08.2021 00:54:36.480,0.7391300000000001,0.73904,1.5,1
04.08.2021 00:54:37.655,0.7391300000000001,0.7390300000000001,1.5,1
04.08.2021 00:54:37.757,0.73912,0.73902,1.5,1
04.08.2021 00:54:40.209,0.7391000000000001,0.73899,1.87,1.5
04.08.2021 00:54:40.261,0.73907,0.73897,1,1.5
04.08.2021 00:54:41.116,0.73905,0.73897,2.25,1.5
04.08.2021 00:54:41.168,0.73905,0.73895,1.5,1
04.08.2021 00:54:41.269,0.73906,0.73895,1.5,1
04.08.2021 00:54:41.421,0.73907,0.73895,1,1.25
04.08.2021 00:54:42.073,0.73905,0.73892,2.62,1.87
04.08.2021 00:54:42.536,0.7390300000000001,0.7389300000000001,1.5,1
04.08.2021 00:54:43.484,0.73905,0.7389300000000001,1.5,1
04.08.2021 00:54:43.585,0.73906,0.73895,1.2,1.5
04.08.2021 00:54:43.687,0.7390800000000001,0.7389600000000001,2.7,1.25
04.08.2021 00:54:44.801,0.7390800000000001,0.7389800000000001,2.25,1.25
04.08.2021 00:54:44.915,0.7390800000000001,0.73897,2.25,2.44
04.08.2021 00:54:46.029,0.73907,0.73897,1,1.5
04.08.2021 00:54:46.181,0.73907,0.7389600000000001,2.62,1
04.08.2021 00:54:46.283,0.73905,0.73895,1,1.25
04.08.2021 00:54:46.334,0.73907,0.73897,2.82,1.25
04.08.2021 00:54:46.438,0.7390800000000001,0.7389600000000001,1.5,1.25
04.08.2021 00:54:48.717,0.73905,0.7389600000000001,1.25,1
04.08.2021 00:54:48.819,0.73904,0.7389300000000001,1,1
04.08.2021 00:54:49.330,0.7390300000000001,0.73892,1,3.94
04.08.2021 00:54:50.415,0.7389800000000001,0.7389100000000001,1.5,1
04.08.2021 00:54:50.466,0.73897,0.73887,1,1
04.08.2021 00:54:50.568,0.73897,0.73887,1.5,1.12
04.08.2021 00:54:52.989,0.7390100000000001,0.7389,4.5,3.44
04.08.2021 00:54:53.091,0.73902,0.73892,1,1.5
04.08.2021 00:54:53.447,0.7390100000000001,0.73889,1,1.5
04.08.2021 00:54:53.550,0.739,0.73889,1,1.5
04.08.2021 00:54:55.418,0.739,0.7389,1,1.5
04.08.2021 00:54:55.548,0.7390100000000001,0.73892,1,1.5
04.08.2021 00:54:56.767,0.7390100000000001,0.7389300000000001,1,1.94
04.08.2021 00:54:56.818,0.73906,0.73897,1.5,1
04.08.2021 00:54:56.919,0.7390800000000001,0.7389800000000001,5,1
04.08.2021 00:54:56.970,0.7390800000000001,0.7389800000000001,2.25,1
04.08.2021 00:54:59.210,0.73905,0.73895,1.5,1.25
04.08.2021 00:54:59.312,0.73904,0.73895,1,1
04.08.2021 00:55:00.025,0.7390300000000001,0.73895,1,1
04.08.2021 00:55:00.126,0.73897,0.73889,1,2.25
04.08.2021 00:55:00.177,0.739,0.7389100000000001,1,1.69
04.08.2021 00:55:00.228,0.7390100000000001,0.7389300000000001,1.5,1
04.08.2021 00:55:00.279,0.73904,0.7389300000000001,2.66,1.5
04.08.2021 00:55:00.380,0.73905,0.73892,1.69,1.5
04.08.2021 00:55:00.481,0.73902,0.7389300000000001,1,1
04.08.2021 00:55:00.684,0.739,0.7389100000000001,1,1
04.08.2021 00:55:00.735,0.739,0.73889,1,1.5
04.08.2021 00:55:00.836,0.73897,0.73889,1,1
04.08.2021 00:55:00.887,0.739,0.73887,1,2.51
04.08.2021 00:55:00.989,0.73899,0.73889,1,1.5
04.08.2021 00:55:01.191,0.739,0.73889,1,1.5
04.08.2021 00:55:01.293,0.7390100000000001,0.7389100000000001,1,1.5
04.08.2021 00:55:01.394,0.7390300000000001,0.7389100000000001,1,1.5
04.08.2021 00:55:01.648,0.7390300000000001,0.7389300000000001,1,1.5
04.08.2021 00:55:03.997,0.7390300000000001,0.73892,1.5,1
04.08.2021 00:55:04.048,0.739,0.7389100000000001,1.5,1
04.08.2021 00:55:04.149,0.739,0.7389,2.25,1
04.08.2021 00:55:04.251,0.739,0.73889,3,1
04.08.2021 00:55:06.327,0.73899,0.7388800000000001,1,2.44
04.08.2021 00:55:10.342,0.73899,0.73889,1,1
04.08.2021 00:55:11.628,0.73899,0.7388800000000001,1.5,1
04.08.2021 00:55:13.043,0.739,0.7388800000000001,1,1
04.08.2021 00:55:13.575,0.73899,0.7388800000000001,2.25,1.5
04.08.2021 00:55:18.370,0.7389800000000001,0.7388800000000001,1.12,1
04.08.2021 00:55:19.035,0.73895,0.73887,1,1
04.08.2021 00:55:19.238,0.7389600000000001,0.73885,2.62,2.25
04.08.2021 00:55:19.586,0.7389600000000001,0.73884,1,1.5
04.08.2021 00:55:26.372,0.73895,0.7388300000000001,1,1.95
04.08.2021 00:55:27.653,0.73894,0.7388300000000001,2.62,2.25
04.08.2021 00:55:28.425,0.73894,0.7388300000000001,2.75,1.5
04.08.2021 00:55:30.003,0.73894,0.7388300000000001,2.25,2.25
04.08.2021 00:55:30.827,0.7389300000000001,0.7388300000000001,1,1.5
04.08.2021 00:55:38.334,0.73894,0.73884,2,1
04.08.2021 00:55:38.435,0.73894,0.73884,1.5,1.69
04.08.2021 00:55:43.028,0.73897,0.7388600000000001,1.12,2.44
04.08.2021 00:55:43.230,0.7389800000000001,0.73887,1.5,2.44
04.08.2021 00:55:49.672,0.73897,0.73887,1,1
04.08.2021 00:56:00.928,0.73897,0.7388600000000001,3.37,2.25
04.08.2021 00:56:01.080,0.7389600000000001,0.7388600000000001,1,2.25
04.08.2021 00:56:08.679,0.73897,0.7388600000000001,1.87,2.25
04.08.2021 00:56:11.722,0.73897,0.73885,1,2.25
04.08.2021 00:56:15.918,0.73897,0.7388600000000001,3.37,2.25
04.08.2021 00:56:31.201,0.7389800000000001,0.7388800000000001,1.87,1.5
04.08.2021 00:56:31.303,0.7389800000000001,0.73889,1.5,1
04.08.2021 00:56:32.678,0.73899,0.73889,2.25,1
04.08.2021 00:56:35.718,0.7390100000000001,0.7389,2.75,3.19
04.08.2021 00:56:35.820,0.73902,0.73892,1.5,1.5
04.08.2021 00:56:35.871,0.73904,0.7389100000000001,3.37,2.44
04.08.2021 00:56:36.176,0.7390300000000001,0.7389100000000001,1,1
04.08.2021 00:56:40.288,0.73904,0.7389100000000001,3,2.44
04.08.2021 00:56:48.257,0.73904,0.73892,2.25,1
04.08.2021 00:56:51.424,0.73905,0.7389300000000001,1.87,1
04.08.2021 00:57:02.183,0.73906,0.73897,2.62,1.25
04.08.2021 00:57:02.285,0.7390800000000001,0.7389800000000001,2,2.57
04.08.2021 00:57:02.336,0.7390800000000001,0.739,1,1
04.08.2021 00:57:02.438,0.7391000000000001,0.73899,1,1
04.08.2021 00:57:02.539,0.7391000000000001,0.739,2.25,1
04.08.2021 00:57:02.792,0.73911,0.739,1.5,1
04.08.2021 00:57:03.556,0.7391000000000001,0.7389800000000001,2.25,1
04.08.2021 00:57:04.680,0.73909,0.7389800000000001,3.75,2.44
04.08.2021 00:57:04.732,0.73907,0.7389800000000001,1,1.5
04.08.2021 00:57:04.834,0.7390800000000001,0.7389800000000001,2.25,1
04.08.2021 00:57:10.796,0.7390800000000001,0.73897,3.37,1.76
04.08.2021 00:57:12.730,0.7390800000000001,0.7389800000000001,2.25,1
04.08.2021 00:57:17.188,0.7390800000000001,0.73899,1,1.1
04.08.2021 00:57:17.290,0.7391000000000001,0.73899,2.75,1.57
04.08.2021 00:57:17.391,0.7391000000000001,0.739,1.5,1.1
04.08.2021 00:57:24.674,0.73911,0.739,1.87,1.57
04.08.2021 00:57:24.861,0.73911,0.73902,1,1
04.08.2021 00:57:24.963,0.73912,0.73902,1.12,1.5
04.08.2021 00:57:29.113,0.73912,0.7390100000000001,1,1
04.08.2021 00:57:29.271,0.73911,0.7390100000000001,1,1.5
04.08.2021 00:57:30.076,0.73909,0.739,1.57,1.5
04.08.2021 00:57:30.178,0.73907,0.73897,1.25,1.5
04.08.2021 00:57:30.279,0.73906,0.7389600000000001,1,1.5
04.08.2021 00:57:30.381,0.73907,0.7389600000000001,2.62,1.5
04.08.2021 00:57:32.426,0.73906,0.7389600000000001,1,1
04.08.2021 00:57:35.166,0.73907,0.7389600000000001,2.89,1.5
04.08.2021 00:57:37.185,0.73906,0.73894,1,1.5
04.08.2021 00:57:38.585,0.73904,0.73895,1.5,1
04.08.2021 00:57:38.636,0.73904,0.7389300000000001,2.25,1.5
04.08.2021 00:57:42.031,0.7390300000000001,0.7389300000000001,1,1
04.08.2021 00:57:42.855,0.7390300000000001,0.73892,1,2.44
04.08.2021 00:57:49.313,0.73904,0.7389300000000001,2.62,1.5
04.08.2021 00:57:49.414,0.73904,0.73894,1.87,1
04.08.2021 00:57:50.612,0.73904,0.7389300000000001,2.62,1.5
04.08.2021 00:57:57.906,0.7390300000000001,0.7389300000000001,1,1
04.08.2021 00:58:00.807,0.7390300000000001,0.73892,1.87,2.25
04.08.2021 00:58:05.102,0.7390300000000001,0.7389300000000001,1.5,1.5
04.08.2021 00:58:05.154,0.73906,0.7389600000000001,1.89,2.25
04.08.2021 00:58:05.306,0.73907,0.73897,1.5,1
04.08.2021 00:58:07.474,0.73907,0.7389600000000001,2.89,2.25
04.08.2021 00:58:07.617,0.73907,0.7389600000000001,3.01,2.25
04.08.2021 00:58:07.812,0.7390800000000001,0.73895,2.89,2.25
04.08.2021 00:58:09.696,0.7390800000000001,0.7389600000000001,1.5,1
04.08.2021 00:58:13.579,0.7390800000000001,0.73897,3.37,2.25
04.08.2021 00:58:14.888,0.73907,0.7389600000000001,2.62,2.25
04.08.2021 00:58:16.217,0.73907,0.7389600000000001,3.76,2.25
04.08.2021 00:58:16.772,0.73906,0.7389300000000001,3.37,1.5
04.08.2021 00:58:21.773,0.73904,0.73894,1,1
04.08.2021 00:58:21.874,0.7390300000000001,0.7389300000000001,1,1.5
04.08.2021 00:58:23.987,0.73904,0.7389300000000001,1.87,2.25
04.08.2021 00:58:24.327,0.7390300000000001,0.7389300000000001,1,1
04.08.2021 00:58:28.508,0.73905,0.73892,3.64,1
04.08.2021 00:58:28.777,0.73904,0.73894,1.5,2.32
04.08.2021 00:58:28.879,0.73906,0.73895,2.94,1
04.08.2021 00:58:34.040,0.73906,0.7389300000000001,1,1.5
04.08.2021 00:58:34.141,0.73904,0.7389300000000001,1,2.25
04.08.2021 00:58:34.243,0.7390300000000001,0.73892,2.25,2.62
04.08.2021 00:58:34.445,0.7390300000000001,0.7389100000000001,1,1.5
04.08.2021 00:58:36.556,0.73902,0.7389100000000001,1,1
04.08.2021 00:58:38.386,0.7390100000000001,0.7389100000000001,1,1.5
04.08.2021 00:58:48.974,0.739,0.73889,1,1
04.08.2021 00:58:53.783,0.7389800000000001,0.7389,1,1
04.08.2021 00:58:56.044,0.73899,0.7389,1,1
04.08.2021 00:58:56.692,0.739,0.7389100000000001,1,1.5
04.08.2021 00:58:58.213,0.7389800000000001,0.7389,1,1
04.08.2021 00:58:58.315,0.7389800000000001,0.73889,1,1
04.08.2021 00:59:00.127,0.7389800000000001,0.7388800000000001,1,1.69
04.08.2021 00:59:00.919,0.73899,0.7389,1,1
04.08.2021 00:59:02.503,0.73899,0.7389100000000001,1,1.5
04.08.2021 00:59:03.089,0.739,0.7389100000000001,1,1.5
04.08.2021 00:59:05.937,0.73899,0.7389100000000001,1,1
04.08.2021 00:59:06.757,0.73899,0.7389,1,1
04.08.2021 00:59:08.273,0.73899,0.73889,1,1.5
04.08.2021 00:59:09.738,0.7389800000000001,0.7388800000000001,1.5,1
04.08.2021 00:59:09.790,0.7389800000000001,0.73887,2.25,1
04.08.2021 00:59:09.841,0.7389600000000001,0.7388600000000001,1.5,1
04.08.2021 00:59:10.246,0.73897,0.7388600000000001,1,1
04.08.2021 00:59:10.776,0.7389600000000001,0.73884,1,1
04.08.2021 00:59:10.929,0.7389600000000001,0.73885,1,1
04.08.2021 00:59:13.296,0.73895,0.73885,1.5,1
04.08.2021 00:59:13.347,0.7389300000000001,0.73884,1.5,1
04.08.2021 00:59:13.601,0.73892,0.73884,1,1
04.08.2021 00:59:13.836,0.73892,0.7388300000000001,1,1
04.08.2021 00:59:13.937,0.73892,0.73882,1,1
04.08.2021 00:59:25.533,0.73892,0.7388100000000001,2.25,2.25
04.08.2021 00:59:46.192,0.7389100000000001,0.7388,1,1
04.08.2021 00:59:46.294,0.73889,0.7388,1,1
04.08.2021 00:59:46.396,0.7389,0.73879,1.5,2.25
04.08.2021 00:59:46.897,0.73889,0.73879,1.69,1
04.08.2021 00:59:46.999,0.73889,0.7387800000000001,2.62,1.5
04.08.2021 00:59:49.358,0.7388800000000001,0.7387800000000001,1,1.5
04.08.2021 00:59:49.459,0.73892,0.7388100000000001,2,1
04.08.2021 00:59:49.612,0.73892,0.7388100000000001,1,1.5
04.08.2021 00:59:52.109,0.7389300000000001,0.73882,1.5,1.5
04.08.2021 00:59:59.596,0.73894,0.7388300000000001,3.37,1.5
04.08.2021 00:59:59.648,0.7389600000000001,0.73884,1,1.5
04.08.2021 00:59:59.749,0.73899,0.73887,1.6,2.44
04.08.2021 00:59:59.850,0.739,0.7389,1.5,1
04.08.2021 01:00:00.255,0.7390100000000001,0.7389,1,1
04.08.2021 01:00:00.357,0.73902,0.7389100000000001,1.5,2.44
04.08.2021 01:00:00.559,0.73902,0.73892,1,1.5
04.08.2021 01:00:02.067,0.7390100000000001,0.73892,1,1
04.08.2021 01:00:02.168,0.73902,0.73892,1,1
04.08.2021 01:00:02.371,0.73902,0.7389300000000001,1,1
04.08.2021 01:00:02.472,0.7390300000000001,0.7389300000000001,1.5,1
04.08.2021 01:00:03.046,0.7390300000000001,0.73894,1,1
04.08.2021 01:00:03.147,0.73907,0.7389800000000001,1.5,1
04.08.2021 01:00:03.249,0.7390800000000001,0.7390100000000001,1,1
04.08.2021 01:00:03.351,0.73909,0.739,1,1
04.08.2021 01:00:03.577,0.73911,0.7390100000000001,1,1.5
04.08.2021 01:00:03.678,0.73912,0.7390100000000001,3,1.5
04.08.2021 01:00:03.931,0.73911,0.739,1,1.5
04.08.2021 01:00:04.083,0.7391000000000001,0.73899,1.5,1
04.08.2021 01:00:04.816,0.73909,0.73897,1.5,1
04.08.2021 01:00:04.918,0.73907,0.7389600000000001,1.5,1
04.08.2021 01:00:06.146,0.73907,0.73897,1,1.5
04.08.2021 01:00:10.560,0.7391000000000001,0.739,1.5,1.5
04.08.2021 01:00:10.661,0.73912,0.73902,1,1
04.08.2021 01:00:10.763,0.7391300000000001,0.73902,4.5,1.5
04.08.2021 01:00:10.864,0.7391300000000001,0.7390300000000001,1.5,1
04.08.2021 01:00:12.916,0.73912,0.7390300000000001,1.5,1
04.08.2021 01:00:14.128,0.73912,0.73902,1,1
04.08.2021 01:00:14.413,0.7391300000000001,0.73902,1.5,1
04.08.2021 01:00:15.064,0.73911,0.7390300000000001,1.5,1
04.08.2021 01:00:16.579,0.73914,0.73902,2.81,1
04.08.2021 01:00:20.345,0.73914,0.73905,1.5,1
04.08.2021 01:00:20.447,0.73917,0.73906,1.25,1
04.08.2021 01:00:20.498,0.73917,0.73907,1,1
04.08.2021 01:00:20.599,0.73917,0.73906,1,1
04.08.2021 01:00:20.701,0.73916,0.73906,1,1.5
04.08.2021 01:00:22.004,0.7391500000000001,0.73905,1.25,1.5
04.08.2021 01:00:22.055,0.73914,0.7390300000000001,1.5,1.87
04.08.2021 01:00:22.157,0.7391300000000001,0.73904,1,1
04.08.2021 01:00:23.711,0.73914,0.73902,2.81,1
04.08.2021 01:00:24.216,0.7391300000000001,0.73904,1.87,1
04.08.2021 01:00:24.693,0.7391300000000001,0.7390300000000001,1.5,1
04.08.2021 01:00:31.475,0.7391300000000001,0.73902,2.81,1.5
04.08.2021 01:00:31.816,0.73912,0.7390100000000001,1,1
04.08.2021 01:00:31.917,0.73909,0.739,1,1
04.08.2021 01:00:33.792,0.73909,0.73899,3.37,1
04.08.2021 01:00:33.893,0.7390800000000001,0.73899,1.5,1
04.08.2021 01:00:36.040,0.7390800000000001,0.7389800000000001,1.69,1
04.08.2021 01:00:38.330,0.73911,0.73899,2,1
04.08.2021 01:00:38.431,0.7391000000000001,0.7390100000000001,1.5,1
04.08.2021 01:00:38.532,0.7391000000000001,0.7390100000000001,1,1
04.08.2021 01:00:39.055,0.73911,0.73902,1,1
04.08.2021 01:00:42.584,0.73912,0.73902,1.12,1
04.08.2021 01:00:42.888,0.73911,0.739,1,1
04.08.2021 01:00:43.091,0.73909,0.73899,1.12,1.5
04.08.2021 01:00:44.916,0.7391000000000001,0.73897,2.25,2.25
04.08.2021 01:00:45.255,0.7390800000000001,0.7389800000000001,1.5,1
04.08.2021 01:00:48.208,0.73909,0.7389600000000001,2.62,2.25
04.08.2021 01:00:48.259,0.73905,0.73894,1,1.95
04.08.2021 01:00:48.361,0.73905,0.73895,1.5,1
04.08.2021 01:00:49.088,0.73905,0.7389600000000001,1.87,1
04.08.2021 01:00:49.346,0.73906,0.73894,1.87,1
04.08.2021 01:00:50.947,0.73905,0.73894,3.31,1.5
04.08.2021 01:00:51.945,0.73905,0.73895,1.12,1
04.08.2021 01:00:52.047,0.73907,0.7389800000000001,1.5,1
04.08.2021 01:00:52.148,0.7390800000000001,0.7389800000000001,1.5,1
04.08.2021 01:00:55.596,0.73907,0.7389800000000001,1,1
04.08.2021 01:01:01.139,0.73907,0.7389600000000001,1.12,1
04.08.2021 01:01:01.292,0.73906,0.73895,1.87,1
04.08.2021 01:01:01.812,0.73906,0.73894,1,1
04.08.2021 01:01:02.584,0.73906,0.7389600000000001,1.5,1
04.08.2021 01:01:02.687,0.73905,0.7389600000000001,1,1
04.08.2021 01:01:03.918,0.73905,0.73895,1,1.25
04.08.2021 01:01:11.310,0.73905,0.73894,1,1
04.08.2021 01:01:11.411,0.73905,0.73895,1.12,1
04.08.2021 01:01:12.158,0.73907,0.73895,1.12,1
04.08.2021 01:01:12.260,0.73907,0.7389600000000001,1,1
04.08.2021 01:01:13.255,0.73906,0.73894,1,1.5
04.08.2021 01:01:13.810,0.73906,0.7389600000000001,1,1
04.08.2021 01:01:13.911,0.73906,0.73897,1,1
04.08.2021 01:01:15.591,0.73906,0.73895,1,2.44
04.08.2021 01:01:15.846,0.73906,0.73897,1,1
04.08.2021 01:01:16.534,0.73907,0.73895,2.75,1
04.08.2021 01:01:16.636,0.73906,0.73895,2,1
04.08.2021 01:01:20.176,0.73907,0.7389300000000001,2.75,2.44
04.08.2021 01:01:20.278,0.73904,0.73894,1,1.69
04.08.2021 01:01:20.637,0.73905,0.73894,1.87,1
04.08.2021 01:01:23.732,0.73905,0.73895,1,1.5
04.08.2021 01:01:23.833,0.73906,0.7389600000000001,1.87,1
04.08.2021 01:01:24.086,0.73907,0.7389600000000001,1.5,1
04.08.2021 01:01:24.797,0.73906,0.73895,4.12,2.25
04.08.2021 01:01:25.035,0.73906,0.73895,4.25,2.25
04.08.2021 01:01:31.538,0.73906,0.73895,1.12,3.19
04.08.2021 01:01:34.228,0.73906,0.73897,1,1
04.08.2021 01:01:34.329,0.73907,0.73897,1.87,1
04.08.2021 01:01:38.701,0.7390800000000001,0.7389800000000001,1.12,1.5
04.08.2021 01:01:38.802,0.73911,0.739,1.5,1.69
04.08.2021 01:01:38.904,0.73911,0.73902,1,1
04.08.2021 01:01:38.955,0.73912,0.73902,1.12,1
04.08.2021 01:01:39.056,0.7391300000000001,0.7390300000000001,1.5,1
04.08.2021 01:01:39.157,0.7391300000000001,0.7390300000000001,1.12,1
04.08.2021 01:01:39.359,0.73912,0.7390300000000001,1.12,1
04.08.2021 01:01:41.035,0.7391300000000001,0.73902,1.87,1.5
04.08.2021 01:01:47.276,0.73914,0.73905,1.12,1
04.08.2021 01:01:48.635,0.7391300000000001,0.73904,1,1
04.08.2021 01:01:48.737,0.73914,0.73904,3.75,1
04.08.2021 01:01:48.838,0.7391500000000001,0.7390300000000001,3.87,1
04.08.2021 01:01:49.448,0.7391500000000001,0.73907,1.5,1
04.08.2021 01:01:49.549,0.7391800000000001,0.73906,1,1
04.08.2021 01:01:50.599,0.73916,0.73905,1,1.5
04.08.2021 01:01:50.700,0.7391500000000001,0.73905,1.87,1
04.08.2021 01:01:51.419,0.73914,0.7390300000000001,1.87,1.5
04.08.2021 01:01:51.520,0.7391300000000001,0.7390300000000001,1,1
04.08.2021 01:01:54.297,0.7391500000000001,0.73902,1.87,1.5
04.08.2021 01:01:54.739,0.7391300000000001,0.7390300000000001,1,1
04.08.2021 01:01:54.841,0.73911,0.7390100000000001,2.62,1.5
04.08.2021 01:01:55.044,0.73911,0.7389800000000001,2.62,2.25
04.08.2021 01:01:55.677,0.73909,0.73899,1,1
04.08.2021 01:02:01.769,0.73909,0.73899,3.12,1
04.08.2021 01:02:01.820,0.73907,0.73897,1,1.5
04.08.2021 01:02:01.921,0.73906,0.73897,1,1.5
04.08.2021 01:02:02.756,0.73906,0.73895,1,1
04.08.2021 01:02:02.807,0.73905,0.73894,1.5,3.19
04.08.2021 01:02:05.114,0.73905,0.7389600000000001,1.5,1
04.08.2021 01:02:08.543,0.73905,0.73894,1.87,3.26
04.08.2021 01:02:09.160,0.73906,0.73895,1.5,1
04.08.2021 01:02:14.730,0.73907,0.73897,1.12,1.69
04.08.2021 01:02:14.831,0.73909,0.73897,2.75,1
04.08.2021 01:02:14.933,0.7390800000000001,0.7389800000000001,2.62,1
04.08.2021 01:02:20.430,0.73906,0.73897,1.5,1
04.08.2021 01:02:20.532,0.73906,0.7389600000000001,3.37,1
04.08.2021 01:02:20.633,0.73906,0.7389600000000001,3.87,1
04.08.2021 01:02:21.069,0.73906,0.7389600000000001,2.62,1
04.08.2021 01:02:24.655,0.73905,0.73895,1,1
04.08.2021 01:02:24.807,0.7390300000000001,0.73895,2.25,1
04.08.2021 01:02:24.858,0.7390100000000001,0.73892,1,1.87
04.08.2021 01:02:24.909,0.73899,0.7389100000000001,1.12,1
04.08.2021 01:02:25.061,0.7390100000000001,0.7389100000000001,1,1
04.08.2021 01:02:25.164,0.7390100000000001,0.73892,1,1
04.08.2021 01:02:25.266,0.73902,0.7389,1,1.5
04.08.2021 01:02:28.546,0.739,0.7389100000000001,1,1
04.08.2021 01:02:32.323,0.73899,0.73889,1,1
04.08.2021 01:02:32.881,0.73899,0.7388800000000001,1,1
04.08.2021 01:02:33.917,0.7389800000000001,0.7388800000000001,1.12,1
04.08.2021 01:02:34.020,0.73897,0.7388600000000001,1,2.51
04.08.2021 01:02:34.123,0.73895,0.73885,1,1.87
04.08.2021 01:02:34.224,0.73894,0.7388300000000001,1,1
04.08.2021 01:02:34.478,0.7389300000000001,0.73882,3,1.25
04.08.2021 01:02:35.139,0.7389300000000001,0.73882,1.87,1.75
04.08.2021 01:02:35.652,0.73892,0.73882,1,1.75
04.08.2021 01:02:36.506,0.73892,0.7388100000000001,1,1
04.08.2021 01:02:40.025,0.73892,0.73882,1.5,1.25
04.08.2021 01:02:40.229,0.73895,0.73885,2,1.25
04.08.2021 01:02:40.280,0.73892,0.7388300000000001,1,1.5
04.08.2021 01:02:40.586,0.7389300000000001,0.7388100000000001,1.5,1.57
04.08.2021 01:02:43.481,0.7389100000000001,0.7388100000000001,1,1
04.08.2021 01:02:43.583,0.73892,0.73879,1.5,2.06
04.08.2021 01:02:45.569,0.73895,0.73885,1.87,1.25
04.08.2021 01:02:45.621,0.7389600000000001,0.73887,1.8,3.19
04.08.2021 01:02:45.673,0.7389600000000001,0.73889,1,1.25
04.08.2021 01:02:45.774,0.73897,0.7389,1,1.25
04.08.2021 01:02:45.877,0.739,0.7389,1,1.69
04.08.2021 01:02:46.863,0.7390100000000001,0.7389100000000001,1,1.25
04.08.2021 01:02:47.082,0.7390100000000001,0.7389,1,2.44
04.08.2021 01:02:50.856,0.7390100000000001,0.7389,1,3.51
04.08.2021 01:02:51.362,0.7390100000000001,0.7389,3.37,2.25
04.08.2021 01:02:51.413,0.73899,0.7388800000000001,1.5,4.39
04.08.2021 01:02:51.515,0.7389800000000001,0.7388800000000001,1,3.07
04.08.2021 01:02:51.667,0.7389800000000001,0.73887,2.25,3.19
04.08.2021 01:02:52.724,0.73899,0.7388600000000001,2.62,3.44
04.08.2021 01:02:57.521,0.7389800000000001,0.7388600000000001,1.5,1
04.08.2021 01:02:57.623,0.73897,0.7388600000000001,2.25,3.56
04.08.2021 01:02:58.268,0.73897,0.73887,1.5,1.25
04.08.2021 01:02:58.871,0.73897,0.7388600000000001,1.5,3.19
04.08.2021 01:03:07.090,0.73897,0.73887,1.5,1
04.08.2021 01:03:13.545,0.7389800000000001,0.73885,1.5,3.19
04.08.2021 01:03:18.877,0.7389800000000001,0.7388600000000001,1.5,1
04.08.2021 01:03:29.415,0.7389600000000001,0.7388600000000001,1,1.5
04.08.2021 01:03:30.430,0.7389600000000001,0.73884,1.5,1
04.08.2021 01:03:33.490,0.73895,0.73885,2.37,1
04.08.2021 01:03:35.261,0.7389300000000001,0.73885,1,1
04.08.2021 01:03:35.362,0.73889,0.7388,2.25,1.5
04.08.2021 01:03:35.464,0.7388800000000001,0.7388,1.5,1
04.08.2021 01:03:44.027,0.73889,0.7388,1.5,1
04.08.2021 01:03:44.128,0.7389,0.7388,1.87,1.5
04.08.2021 01:03:44.690,0.73892,0.73879,2.25,2.44
04.08.2021 01:03:47.086,0.7389100000000001,0.73882,1.5,1
04.08.2021 01:03:49.329,0.7389100000000001,0.7388100000000001,1.12,1.5
04.08.2021 01:03:51.597,0.73889,0.7388,1.25,1
04.08.2021 01:03:51.854,0.7389,0.7387800000000001,1.69,1
04.08.2021 01:03:51.961,0.73889,0.73879,2.94,1
04.08.2021 01:03:54.271,0.7388800000000001,0.7387800000000001,1,1.5
04.08.2021 01:04:00.967,0.7388800000000001,0.73879,1,1
04.08.2021 01:04:01.068,0.73892,0.73882,13.44,1
04.08.2021 01:04:01.170,0.7389100000000001,0.73882,1,1
04.08.2021 01:04:02.515,0.73892,0.73882,2.25,1
04.08.2021 01:04:04.425,0.73895,0.7388600000000001,1.1,1
04.08.2021 01:04:04.527,0.73894,0.73885,1,1
04.08.2021 01:04:04.734,0.73895,0.73885,1.5,1
04.08.2021 01:04:05.371,0.73897,0.73884,3.07,1.5
04.08.2021 01:04:05.687,0.7389600000000001,0.7388300000000001,2.62,1.5
04.08.2021 01:04:05.891,0.7389600000000001,0.73885,2.7,1
04.08.2021 01:04:06.502,0.7389800000000001,0.73885,3,1.5
04.08.2021 01:04:07.236,0.7389600000000001,0.7388600000000001,1,1
04.08.2021 01:04:08.324,0.73897,0.7388600000000001,3.37,1.5
04.08.2021 01:04:10.952,0.73897,0.73887,1.5,1
04.08.2021 01:04:24.553,0.7389600000000001,0.7388600000000001,1,1.76
04.08.2021 01:04:27.402,0.7389800000000001,0.73889,1,1
04.08.2021 01:04:27.504,0.73899,0.7389,1,2.25
04.08.2021 01:04:27.760,0.7390100000000001,0.7389,2.62,2.25
04.08.2021 01:04:28.751,0.7390100000000001,0.7389100000000001,1,1.5
04.08.2021 01:04:31.749,0.739,0.7389,1,1.5
04.08.2021 01:04:31.851,0.7389800000000001,0.7388800000000001,1,1.87
04.08.2021 01:04:40.212,0.7389800000000001,0.73887,1.5,2.25
04.08.2021 01:04:41.945,0.73897,0.73887,2.25,2.25
04.08.2021 01:04:42.122,0.7389600000000001,0.7388600000000001,4.5,1.5
04.08.2021 01:04:42.223,0.73894,0.7388300000000001,2.25,1.87
04.08.2021 01:04:42.325,0.73892,0.7388300000000001,1,1
04.08.2021 01:04:42.426,0.73892,0.7388100000000001,1.87,2.44
04.08.2021 01:04:42.578,0.7389100000000001,0.7388100000000001,1,2.44
04.08.2021 01:05:02.660,0.73892,0.73879,4.2,1.5
04.08.2021 01:05:02.875,0.7389,0.7388,1,1.5
04.08.2021 01:05:04.966,0.73889,0.7388,1,1
04.08.2021 01:05:07.020,0.7389,0.7388,2.25,1.25
04.08.2021 01:05:08.159,0.7389,0.73879,2.62,2.81
04.08.2021 01:05:08.583,0.7388800000000001,0.73879,1,2.25
04.08.2021 01:05:11.553,0.73889,0.73879,1,2.44
04.08.2021 01:05:13.654,0.73889,0.7388100000000001,1,1.25
04.08.2021 01:05:13.705,0.7389100000000001,0.7388100000000001,2.25,1.25
04.08.2021 01:05:24.238,0.7389,0.7388,1,1
04.08.2021 01:05:26.078,0.7389,0.73879,3,1.5
04.08.2021 01:05:29.327,0.7389,0.7388,1.5,3.7
04.08.2021 01:05:29.429,0.7389100000000001,0.7388100000000001,1.5,1.25
04.08.2021 01:05:39.698,0.73895,0.73882,1.12,3.51
04.08.2021 01:05:39.800,0.7389600000000001,0.73884,2,1
04.08.2021 01:05:39.901,0.73895,0.73885,1,2.89
04.08.2021 01:05:40.104,0.73895,0.73885,1,5.39
04.08.2021 01:05:40.155,0.73897,0.7388600000000001,3,1.69
04.08.2021 01:05:40.257,0.7389600000000001,0.7388600000000001,1,1
04.08.2021 01:05:41.039,0.7389600000000001,0.73885,1,2.89
04.08.2021 01:05:41.620,0.73894,0.73884,2.25,1
04.08.2021 01:05:42.479,0.73895,0.73884,2.25,2.51
04.08.2021 01:05:45.895,0.7389600000000001,0.73885,1.5,3.26
04.08.2021 01:05:45.997,0.7389800000000001,0.7388600000000001,3,1
04.08.2021 01:06:00.570,0.73899,0.73887,1.87,1.5
04.08.2021 01:06:00.672,0.7390100000000001,0.7389100000000001,2.75,1.5
04.08.2021 01:06:00.773,0.7390100000000001,0.73892,1,1
04.08.2021 01:06:01.009,0.73902,0.73892,3,1
04.08.2021 01:06:01.595,0.7390300000000001,0.7389300000000001,1.87,1
04.08.2021 01:06:01.999,0.73905,0.73894,1.5,2.44
04.08.2021 01:06:05.434,0.7390300000000001,0.7389300000000001,1,1.87
04.08.2021 01:06:05.787,0.73902,0.73892,1.5,1
04.08.2021 01:06:07.264,0.73904,0.73895,1.12,1.5
04.08.2021 01:06:07.365,0.73907,0.7389600000000001,1,1
04.08.2021 01:06:07.416,0.73907,0.73897,1.87,1
04.08.2021 01:06:08.203,0.73907,0.7389600000000001,1,1
04.08.2021 01:06:09.800,0.7390300000000001,0.7389300000000001,1.5,4.87
04.08.2021 01:06:09.851,0.73902,0.7389300000000001,1,1.12
04.08.2021 01:06:09.952,0.7390300000000001,0.7389100000000001,1,2.32
04.08.2021 01:06:10.498,0.7390100000000001,0.7389100000000001,1,1.5
04.08.2021 01:06:10.700,0.7390100000000001,0.7389,3.82,1.5
04.08.2021 01:06:11.316,0.739,0.7389,3,1.5
04.08.2021 01:06:13.175,0.739,0.7389100000000001,1,1
04.08.2021 01:06:13.276,0.7390100000000001,0.73889,1,1.12
04.08.2021 01:06:21.531,0.73899,0.73889,1,2.32
04.08.2021 01:06:37.133,0.73899,0.7389,1,1
04.08.2021 01:06:42.525,0.7390100000000001,0.73889,2.25,1
04.08.2021 01:06:43.638,0.7390100000000001,0.7389,2.25,2.51
04.08.2021 01:06:44.764,0.739,0.7389,1,2.14
04.08.2021 01:06:56.999,0.73902,0.7389,1.5,1.76
04.08.2021 01:07:08.420,0.7390100000000001,0.7389,1,1.5
04.08.2021 01:07:16.572,0.7390100000000001,0.7389100000000001,1.5,1.5
04.08.2021 01:07:44.536,0.739,0.7389,2.25,1
04.08.2021 01:07:44.688,0.739,0.7388800000000001,2.25,3.39
04.08.2021 01:07:44.789,0.73899,0.7388800000000001,1,2.89
04.08.2021 01:08:02.296,0.73895,0.7388600000000001,1,1.5
04.08.2021 01:08:02.398,0.73894,0.73885,1,1
04.08.2021 01:08:02.448,0.73894,0.7388300000000001,1,4.01
04.08.2021 01:08:02.549,0.73895,0.73884,1.5,1
04.08.2021 01:08:05.633,0.73894,0.73884,1,1
04.08.2021 01:08:06.584,0.73895,0.7388300000000001,1,4.56
04.08.2021 01:08:06.686,0.73897,0.73885,1.5,1.25
04.08.2021 01:08:23.564,0.73899,0.73887,1.5,2.51
04.08.2021 01:08:23.665,0.7389800000000001,0.7389,1,1
04.08.2021 01:08:23.767,0.739,0.7389,3,1
04.08.2021 01:08:27.616,0.739,0.7389100000000001,1,1
04.08.2021 01:08:27.718,0.7390100000000001,0.73889,1,1.5
04.08.2021 01:08:27.828,0.739,0.7389100000000001,1,1
04.08.2021 01:08:29.695,0.739,0.7389,1,1.5
04.08.2021 01:08:30.169,0.7389800000000001,0.7388800000000001,1,1.87
04.08.2021 01:08:30.372,0.7389800000000001,0.73887,2.25,2.25
04.08.2021 01:08:31.495,0.73897,0.73887,1,2.25
04.08.2021 01:08:41.501,0.7389600000000001,0.73887,1,1
04.08.2021 01:08:42.790,0.7389600000000001,0.7388600000000001,1.5,1
04.08.2021 01:08:58.181,0.7389800000000001,0.7388800000000001,1.5,1.69
