Gmt time,Ask,Bid,AskVolume,BidVolume
13.08.2021 00:00:00.098,0.7341500000000001,0.73407,1,1
13.08.2021 00:00:00.199,0.73416,0.73407,1,1
13.08.2021 00:00:00.300,0.7341500000000001,0.73407,1,1
13.08.2021 00:00:00.958,0.7341500000000001,0.73404,1,1.57
13.08.2021 00:00:05.146,0.73416,0.73406,1,1
13.08.2021 00:00:06.155,0.7341500000000001,0.7340800000000001,1,1
13.08.2021 00:00:06.309,0.7341500000000001,0.73407,1,1
13.08.2021 00:00:06.713,0.73414,0.73405,1,1
13.08.2021 00:00:07.121,0.73414,0.73407,1,1
13.08.2021 00:00:08.670,0.73417,0.7340800000000001,1.5,1
13.08.2021 00:00:08.771,0.73416,0.73407,1,1
13.08.2021 00:00:08.822,0.73416,0.73409,1,1
13.08.2021 00:00:09.301,0.73417,0.7341000000000001,1,1
13.08.2021 00:00:09.766,0.73416,0.73409,1,1
13.08.2021 00:00:12.772,0.73417,0.7341000000000001,1,1
13.08.2021 00:00:14.798,0.73417,0.73409,1,1
13.08.2021 00:00:32.991,0.73418,0.7340800000000001,2.5,1
13.08.2021 00:00:33.480,0.73417,0.73404,1.25,1.87
13.08.2021 00:00:33.531,0.73417,0.73407,1.25,1
13.08.2021 00:00:33.682,0.73416,0.73409,1,1
13.08.2021 00:00:36.215,0.73417,0.7341000000000001,1,1
13.08.2021 00:00:37.188,0.73416,0.7340800000000001,1,1
13.08.2021 00:00:37.289,0.73416,0.73407,1,1
13.08.2021 00:00:37.340,0.73416,0.73409,1,1
13.08.2021 00:00:39.740,0.73417,0.73407,5.81,1
13.08.2021 00:00:39.842,0.73416,0.73406,1,1
13.08.2021 00:00:40.537,0.7341500000000001,0.7340800000000001,1,1
13.08.2021 00:00:44.617,0.7341500000000001,0.73407,1,1
13.08.2021 00:00:51.164,0.7341500000000001,0.73405,1.25,1
13.08.2021 00:00:51.266,0.73411,0.73404,1,1
13.08.2021 00:00:51.367,0.73412,0.73402,1,1
13.08.2021 00:00:51.468,0.73411,0.73402,1,1
13.08.2021 00:00:56.028,0.73411,0.73399,1.25,1
13.08.2021 00:00:56.182,0.73407,0.73399,1,1
13.08.2021 00:00:56.284,0.73406,0.7339800000000001,1,1
13.08.2021 00:00:58.453,0.73405,0.7339800000000001,1,1
13.08.2021 00:00:59.238,0.73405,0.73397,1,1
13.08.2021 00:01:00.500,0.73406,0.73397,1,1
13.08.2021 00:01:00.601,0.73406,0.7339800000000001,1,1
13.08.2021 00:01:01.286,0.73407,0.73397,1.5,1
13.08.2021 00:01:01.397,0.73407,0.7339800000000001,1,1
13.08.2021 00:01:02.738,0.7340800000000001,0.7339800000000001,2.7,1
13.08.2021 00:01:04.295,0.73406,0.73399,1,1
13.08.2021 00:01:04.828,0.73407,0.73399,1,1
13.08.2021 00:01:04.938,0.73409,0.73399,2.14,1
13.08.2021 00:01:06.492,0.73409,0.7339800000000001,1.57,1
13.08.2021 00:01:12.997,0.73407,0.73399,1,1
13.08.2021 00:01:14.199,0.73406,0.73399,1,1
13.08.2021 00:01:14.507,0.73407,0.73397,1.25,1
13.08.2021 00:01:14.609,0.73404,0.7339600000000001,1,1
13.08.2021 00:01:14.710,0.7340300000000001,0.7339600000000001,1,1
13.08.2021 00:01:16.186,0.7340300000000001,0.73395,1,1
13.08.2021 00:01:17.212,0.73402,0.73394,1,1
13.08.2021 00:01:17.314,0.73401,0.7339300000000001,1,1
13.08.2021 00:01:17.669,0.73401,0.7339100000000001,1,1
13.08.2021 00:01:26.825,0.734,0.7339100000000001,1.5,1
13.08.2021 00:01:26.926,0.734,0.7338800000000001,1,1.87
13.08.2021 00:01:27.027,0.7339800000000001,0.73389,1,1.12
13.08.2021 00:01:28.122,0.7339600000000001,0.73387,1.5,1.5
13.08.2021 00:01:28.223,0.7339600000000001,0.7338600000000001,1,1
13.08.2021 00:01:30.102,0.73395,0.7338600000000001,1.5,1
13.08.2021 00:01:30.403,0.73395,0.73385,1.5,1.12
13.08.2021 00:01:35.325,0.73394,0.73385,1,1
13.08.2021 00:01:38.308,0.7339300000000001,0.73384,1,1
13.08.2021 00:01:38.409,0.7339100000000001,0.73382,1.5,1
13.08.2021 00:01:38.946,0.7339,0.73382,1,1
13.08.2021 00:01:39.047,0.7339100000000001,0.7338,1.5,1
13.08.2021 00:01:39.611,0.7339,0.7338,1.25,1
13.08.2021 00:01:39.662,0.73387,0.7337800000000001,1.69,1.12
13.08.2021 00:01:39.764,0.7338600000000001,0.73375,1,1
13.08.2021 00:01:41.109,0.73387,0.73377,1.5,3.19
13.08.2021 00:01:41.212,0.7338800000000001,0.73377,1.69,1
13.08.2021 00:01:41.739,0.73387,0.73377,1.25,1
13.08.2021 00:01:43.180,0.7338600000000001,0.7337600000000001,1.69,1
13.08.2021 00:01:45.621,0.7338600000000001,0.73375,1,1
13.08.2021 00:02:00.635,0.7338600000000001,0.73379,1,1
13.08.2021 00:02:00.686,0.73389,0.7338,1.69,1
13.08.2021 00:02:00.787,0.73389,0.7338100000000001,1,1
13.08.2021 00:02:00.888,0.7339100000000001,0.7338,2.44,1
13.08.2021 00:02:09.686,0.73385,0.73377,1,1
13.08.2021 00:02:09.737,0.7338,0.7337100000000001,1.25,1
13.08.2021 00:02:09.788,0.7337800000000001,0.7337,1.25,1.87
13.08.2021 00:02:09.839,0.7338,0.73372,1.69,1
13.08.2021 00:02:11.959,0.7338100000000001,0.73374,1,1
13.08.2021 00:02:12.010,0.73384,0.73375,1.5,1
13.08.2021 00:02:12.413,0.7338600000000001,0.73375,1.69,1
13.08.2021 00:02:20.915,0.73385,0.73377,1.25,1
13.08.2021 00:02:21.017,0.7338600000000001,0.73375,1.76,1
13.08.2021 00:02:24.187,0.73384,0.73375,1,2.25
13.08.2021 00:02:27.320,0.7338300000000001,0.73375,1.5,1
13.08.2021 00:02:30.603,0.73385,0.73374,1.25,1.5
13.08.2021 00:02:36.249,0.73385,0.7337600000000001,1.25,1
13.08.2021 00:02:44.120,0.7338800000000001,0.73379,1,1.5
13.08.2021 00:02:44.222,0.7339100000000001,0.7338,2,1
13.08.2021 00:02:45.435,0.7339,0.7338100000000001,1.5,1
13.08.2021 00:03:05.506,0.73387,0.7337800000000001,1.76,1.5
13.08.2021 00:03:05.607,0.7338600000000001,0.73375,1,1
13.08.2021 00:03:06.895,0.73384,0.73375,1,1
13.08.2021 00:03:06.996,0.7338300000000001,0.73375,1.5,1
13.08.2021 00:03:07.280,0.7338300000000001,0.7337300000000001,1.5,1.5
13.08.2021 00:03:08.079,0.73382,0.7337300000000001,1,1
13.08.2021 00:03:09.133,0.7338300000000001,0.73374,1,1
13.08.2021 00:03:10.519,0.73384,0.73374,1.57,1
13.08.2021 00:03:10.620,0.73384,0.7337300000000001,1,1
13.08.2021 00:03:12.789,0.73384,0.73374,1.57,1
13.08.2021 00:03:13.462,0.7338300000000001,0.7337300000000001,1,1.5
13.08.2021 00:03:13.613,0.73384,0.73374,1.5,1
13.08.2021 00:03:13.805,0.7338300000000001,0.7337300000000001,1,1
13.08.2021 00:03:14.316,0.73385,0.7337300000000001,1.57,1
13.08.2021 00:03:14.417,0.7338300000000001,0.73374,1,1
13.08.2021 00:03:15.448,0.73384,0.73374,1.5,1
13.08.2021 00:03:15.552,0.7338300000000001,0.73374,1,1
13.08.2021 00:03:17.012,0.73384,0.73374,1.5,1
13.08.2021 00:03:22.465,0.73385,0.73375,1.5,1
13.08.2021 00:03:22.566,0.7338600000000001,0.7337600000000001,1.69,1.5
13.08.2021 00:03:27.015,0.7338600000000001,0.7337800000000001,1,1
13.08.2021 00:03:27.066,0.7338800000000001,0.7337800000000001,2.44,1
13.08.2021 00:03:30.188,0.73387,0.73377,1,1.5
13.08.2021 00:03:31.776,0.73387,0.7337800000000001,1,1.5
13.08.2021 00:03:31.877,0.7338800000000001,0.73379,1,1
13.08.2021 00:03:32.421,0.73389,0.73377,1,1.5
13.08.2021 00:03:32.574,0.7338800000000001,0.73379,1,1
13.08.2021 00:03:32.928,0.73389,0.73379,1.69,1.5
13.08.2021 00:03:34.015,0.7338800000000001,0.7337800000000001,1,1.5
13.08.2021 00:03:36.021,0.73389,0.73379,1.69,1
13.08.2021 00:03:39.541,0.7338800000000001,0.7337600000000001,1.5,1
13.08.2021 00:03:41.704,0.73389,0.73377,1.5,1.5
13.08.2021 00:03:45.237,0.73389,0.73379,1.69,1
13.08.2021 00:03:49.393,0.73389,0.7338,1.25,1
13.08.2021 00:03:52.397,0.7338600000000001,0.73377,1.5,1
13.08.2021 00:03:52.498,0.73387,0.73375,1.5,1
13.08.2021 00:03:53.362,0.73387,0.73377,2.06,1
13.08.2021 00:04:02.402,0.7338800000000001,0.7337800000000001,1,2.25
13.08.2021 00:04:02.504,0.73389,0.73379,1,1.87
13.08.2021 00:04:02.707,0.7339,0.73379,1.5,1.87
13.08.2021 00:04:02.909,0.73389,0.73379,1.25,1
13.08.2021 00:04:03.010,0.73389,0.7337800000000001,1.69,2.7
13.08.2021 00:04:10.105,0.73387,0.73379,1,1
13.08.2021 00:04:10.156,0.73387,0.7337600000000001,1,1
13.08.2021 00:04:15.189,0.73387,0.73377,2.44,1
13.08.2021 00:04:34.758,0.7338600000000001,0.7337600000000001,1,1
13.08.2021 00:04:37.069,0.7338600000000001,0.7337600000000001,2.69,1
13.08.2021 00:04:37.696,0.7338600000000001,0.7337600000000001,1.69,1
13.08.2021 00:04:39.207,0.7338600000000001,0.73375,2.44,1.5
13.08.2021 00:04:43.798,0.7338800000000001,0.7337800000000001,1,1.5
13.08.2021 00:04:43.901,0.7339,0.73379,2.44,1.5
13.08.2021 00:04:49.600,0.73389,0.73379,1,1.5
13.08.2021 00:05:00.148,0.73389,0.7337800000000001,2.44,1
13.08.2021 00:05:04.009,0.7338600000000001,0.7337600000000001,1,1.5
13.08.2021 00:05:10.071,0.7338800000000001,0.7337800000000001,2.25,1
13.08.2021 00:05:10.173,0.73389,0.7337800000000001,2.44,1.5
13.08.2021 00:05:10.274,0.7339100000000001,0.73379,1.5,1
13.08.2021 00:05:10.579,0.7339300000000001,0.7338300000000001,1,1.5
13.08.2021 00:05:10.681,0.73394,0.73384,1.69,1
13.08.2021 00:05:11.050,0.7339600000000001,0.73384,1.5,1.5
13.08.2021 00:05:14.451,0.73397,0.73387,1,1
13.08.2021 00:05:14.553,0.73397,0.73385,1.5,1
13.08.2021 00:05:14.805,0.7339600000000001,0.7338600000000001,1.5,1.75
13.08.2021 00:05:14.856,0.73399,0.7338600000000001,2.25,1.69
13.08.2021 00:05:15.109,0.7339800000000001,0.7338800000000001,2.25,1.25
13.08.2021 00:05:17.667,0.73399,0.7338800000000001,1.5,2.44
13.08.2021 00:05:18.031,0.73399,0.73389,1.57,1
13.08.2021 00:05:19.096,0.7339600000000001,0.73387,1,1
13.08.2021 00:05:24.802,0.7339600000000001,0.7338600000000001,1.5,1.5
13.08.2021 00:05:27.899,0.73395,0.73385,1.12,1.5
13.08.2021 00:05:28.001,0.73394,0.73384,1.5,1.5
13.08.2021 00:05:28.810,0.7339300000000001,0.7338600000000001,1,2.25
13.08.2021 00:05:28.911,0.73399,0.7338600000000001,1.5,1.69
13.08.2021 00:05:29.013,0.73399,0.7338800000000001,1.5,1
13.08.2021 00:05:29.165,0.73399,0.73389,1,1
13.08.2021 00:05:29.879,0.734,0.7339,1.12,1
13.08.2021 00:05:49.585,0.73402,0.73389,3.45,1.5
13.08.2021 00:05:49.686,0.73401,0.7339,3.57,1.5
13.08.2021 00:05:52.549,0.73397,0.73387,1.5,1
13.08.2021 00:05:52.651,0.7339300000000001,0.73384,1,1.12
13.08.2021 00:05:52.753,0.7339300000000001,0.7338300000000001,1.5,1.12
13.08.2021 00:05:55.961,0.73394,0.73384,1.12,1
13.08.2021 00:05:56.062,0.73394,0.7338600000000001,1.5,1
13.08.2021 00:05:56.113,0.73397,0.73387,1.5,1.5
13.08.2021 00:05:56.265,0.73397,0.73385,1,1.5
13.08.2021 00:06:15.534,0.73397,0.73387,1.5,2.94
13.08.2021 00:06:15.635,0.73399,0.73387,3.56,1
13.08.2021 00:06:15.737,0.73397,0.73387,1.31,1.5
13.08.2021 00:06:22.647,0.7339800000000001,0.7338800000000001,1.12,1.5
13.08.2021 00:06:22.748,0.73399,0.73389,1.65,1.5
13.08.2021 00:06:28.489,0.73401,0.7338800000000001,1.2,1.5
13.08.2021 00:06:35.274,0.73399,0.7338600000000001,5.85,1.5
13.08.2021 00:06:35.426,0.73397,0.73387,2.91,1
13.08.2021 00:06:39.347,0.7339600000000001,0.73385,1,1
13.08.2021 00:06:43.014,0.7339300000000001,0.73385,1,1
13.08.2021 00:06:43.065,0.7339300000000001,0.7338300000000001,1,1.87
13.08.2021 00:06:43.167,0.73392,0.7338300000000001,1,1.12
13.08.2021 00:06:43.534,0.73392,0.7338100000000001,1,1
13.08.2021 00:06:44.640,0.7339100000000001,0.7338100000000001,1,1
13.08.2021 00:06:48.187,0.7339,0.7338100000000001,1,1
13.08.2021 00:07:02.363,0.7339300000000001,0.7338100000000001,1,1.5
13.08.2021 00:07:02.464,0.7339300000000001,0.7338300000000001,1,1.5
13.08.2021 00:07:02.767,0.73395,0.7338600000000001,1,1
13.08.2021 00:07:04.218,0.73394,0.73384,1.12,1
13.08.2021 00:07:07.234,0.73395,0.73384,1.31,1.5
13.08.2021 00:07:08.583,0.73395,0.7338600000000001,1,1
13.08.2021 00:07:13.434,0.7339600000000001,0.73384,1,1
13.08.2021 00:07:17.180,0.7339600000000001,0.73385,2.14,1.5
13.08.2021 00:07:18.290,0.73395,0.73385,1.1,1
13.08.2021 00:07:22.406,0.73395,0.7338300000000001,1.1,1.5
13.08.2021 00:07:23.437,0.73395,0.73382,1.57,2.25
13.08.2021 00:07:45.095,0.73392,0.7338300000000001,1,1
13.08.2021 00:07:45.197,0.7339100000000001,0.73382,1,1
13.08.2021 00:07:49.746,0.7339100000000001,0.73382,1.75,1
13.08.2021 00:07:49.797,0.73387,0.73377,1.5,1.5
13.08.2021 00:07:51.824,0.7338600000000001,0.73377,1,1
13.08.2021 00:07:54.534,0.7338800000000001,0.7337600000000001,1.5,1
13.08.2021 00:07:58.522,0.73387,0.7337600000000001,1,1
13.08.2021 00:08:11.049,0.73385,0.7337600000000001,1,1
13.08.2021 00:08:15.513,0.73384,0.73375,1,1.57
13.08.2021 00:08:15.766,0.7338100000000001,0.73372,1,2.25
13.08.2021 00:08:15.867,0.7338100000000001,0.7337100000000001,1.5,1.5
13.08.2021 00:08:15.968,0.7338,0.7337100000000001,1,1
13.08.2021 00:08:16.738,0.7337800000000001,0.7337,1,1
13.08.2021 00:08:16.839,0.7337800000000001,0.73369,1,1
13.08.2021 00:08:18.716,0.73377,0.73369,1,1
13.08.2021 00:08:20.649,0.73375,0.73367,1,1
13.08.2021 00:08:22.187,0.7337600000000001,0.73364,1,1
13.08.2021 00:08:26.105,0.73375,0.7336600000000001,1,1
13.08.2021 00:08:26.560,0.7337600000000001,0.73364,1,1
13.08.2021 00:08:30.542,0.73372,0.73364,1.5,1
13.08.2021 00:08:30.593,0.7337100000000001,0.7336100000000001,1,2.62
13.08.2021 00:08:30.797,0.7337100000000001,0.7336,1,1
13.08.2021 00:08:30.898,0.73368,0.73359,1,1
13.08.2021 00:08:32.243,0.73369,0.73359,1,1
13.08.2021 00:08:36.209,0.7337,0.73359,1.69,3
13.08.2021 00:08:42.374,0.7337,0.73359,1.5,3.25
13.08.2021 00:08:42.918,0.73367,0.73357,1,2.06
13.08.2021 00:08:43.070,0.73367,0.7335600000000001,1,1.31
13.08.2021 00:08:43.373,0.7336600000000001,0.7335600000000001,2.25,1
13.08.2021 00:08:59.146,0.73367,0.73355,3.69,1
13.08.2021 00:08:59.247,0.7336600000000001,0.7335600000000001,3.56,1
13.08.2021 00:09:01.468,0.73368,0.73358,1,1.5
13.08.2021 00:09:01.519,0.7337,0.73358,1,1.5
13.08.2021 00:09:02.261,0.7337100000000001,0.73359,1,1
13.08.2021 00:09:02.666,0.7337100000000001,0.7336100000000001,1.87,1.25
13.08.2021 00:09:02.818,0.7337300000000001,0.7336100000000001,1,1
13.08.2021 00:09:03.011,0.7337300000000001,0.73362,1,1.25
13.08.2021 00:09:03.062,0.73374,0.73364,1,1.25
13.08.2021 00:09:03.163,0.7337600000000001,0.73365,1,1
13.08.2021 00:09:03.265,0.73377,0.73365,1.12,1
13.08.2021 00:09:07.656,0.7337600000000001,0.73365,1.12,1.69
13.08.2021 00:09:08.378,0.73377,0.7336600000000001,2.94,1
13.08.2021 00:09:08.480,0.73377,0.73364,1.12,1.69
13.08.2021 00:09:08.655,0.7337600000000001,0.73364,1,1.25
13.08.2021 00:09:12.454,0.7337600000000001,0.73363,1.5,3
13.08.2021 00:09:15.538,0.73374,0.7336100000000001,4.62,1.5
13.08.2021 00:09:30.188,0.73372,0.73363,1.87,1
13.08.2021 00:09:31.352,0.73372,0.73362,1.87,1
13.08.2021 00:09:31.454,0.73375,0.73364,3.94,2.44
13.08.2021 00:09:31.555,0.73375,0.73365,2.81,1
13.08.2021 00:09:36.273,0.7337600000000001,0.7336600000000001,1,1.5
13.08.2021 00:09:42.289,0.73377,0.7336600000000001,1,1
13.08.2021 00:09:43.194,0.7337600000000001,0.7336600000000001,1,1.5
13.08.2021 00:09:57.802,0.73377,0.73369,1,1.75
13.08.2021 00:09:57.853,0.73379,0.7337,1.12,1
13.08.2021 00:09:57.955,0.7338100000000001,0.73369,1,1.5
13.08.2021 00:10:01.699,0.7338100000000001,0.7337100000000001,1.5,1.5
13.08.2021 00:10:02.174,0.7338100000000001,0.73372,1.5,1
13.08.2021 00:10:02.716,0.7338100000000001,0.7337300000000001,1.5,1
13.08.2021 00:10:03.244,0.7338300000000001,0.7337300000000001,1.5,2.25
13.08.2021 00:10:06.284,0.73384,0.7337300000000001,1,1
13.08.2021 00:10:13.809,0.73384,0.7337600000000001,1,1
13.08.2021 00:10:13.860,0.73389,0.73377,1.87,1.5
13.08.2021 00:10:13.962,0.73389,0.73379,1.62,1.25
13.08.2021 00:10:14.063,0.7339100000000001,0.73379,1.5,1.69
13.08.2021 00:10:17.036,0.73392,0.73379,1.87,2.44
13.08.2021 00:10:21.629,0.7338800000000001,0.7337800000000001,3,1
13.08.2021 00:10:21.731,0.73389,0.7337800000000001,1,1
13.08.2021 00:10:21.833,0.73389,0.7338,1,1
13.08.2021 00:10:21.934,0.7339,0.7338,1.12,1
13.08.2021 00:10:27.382,0.7339100000000001,0.7338,2.62,1.5
13.08.2021 00:10:28.519,0.73389,0.73379,1,1.5
13.08.2021 00:10:28.671,0.7338800000000001,0.73379,1,1
13.08.2021 00:10:29.094,0.7338800000000001,0.7337800000000001,3,1
13.08.2021 00:10:29.196,0.73387,0.7337800000000001,1,1
13.08.2021 00:10:31.205,0.7338800000000001,0.7337600000000001,2.62,1.5
13.08.2021 00:10:31.503,0.73385,0.7337600000000001,1.12,1.5
13.08.2021 00:10:46.577,0.73385,0.73377,1,1
13.08.2021 00:10:47.223,0.7338600000000001,0.73377,1.25,1
13.08.2021 00:10:48.435,0.7338600000000001,0.7337600000000001,1.25,1.5
13.08.2021 00:10:51.239,0.73387,0.73374,3.56,1
13.08.2021 00:10:51.341,0.7338600000000001,0.73375,4.51,1
13.08.2021 00:10:51.459,0.7338600000000001,0.7337300000000001,1.12,2.44
13.08.2021 00:10:51.561,0.73382,0.73372,1,2.44
13.08.2021 00:10:59.385,0.73382,0.7337300000000001,1.87,1
13.08.2021 00:11:00.317,0.73382,0.73372,1.87,1.5
13.08.2021 00:11:21.429,0.7337800000000001,0.73369,2.62,1
13.08.2021 00:11:21.531,0.7337800000000001,0.73368,2.81,1.5
13.08.2021 00:11:21.634,0.73377,0.7336600000000001,2.25,1.69
13.08.2021 00:11:23.811,0.73379,0.73368,4.87,1.5
13.08.2021 00:11:23.963,0.7338,0.73369,2.25,1.69
13.08.2021 00:11:24.064,0.7338100000000001,0.7337100000000001,2.25,1.5
13.08.2021 00:11:24.184,0.73382,0.7337100000000001,2.62,1.5
13.08.2021 00:11:38.507,0.73382,0.7337100000000001,2.75,1.5
13.08.2021 00:11:38.710,0.73382,0.7337100000000001,2.62,1.5
13.08.2021 00:11:48.406,0.73382,0.7337,1.87,1
13.08.2021 00:11:48.508,0.7338,0.7337,1,1.5
13.08.2021 00:11:50.557,0.73379,0.7337,1.12,1
13.08.2021 00:11:50.659,0.7338,0.73368,1.87,1
13.08.2021 00:11:50.811,0.7338100000000001,0.73368,2.62,2.25
13.08.2021 00:11:53.605,0.7338,0.7337,3.56,1
13.08.2021 00:11:54.672,0.7338100000000001,0.7337100000000001,1.87,1
13.08.2021 00:11:54.773,0.7338100000000001,0.73372,1,1
13.08.2021 00:12:07.222,0.73385,0.73374,1.12,1.69
13.08.2021 00:12:07.324,0.7338600000000001,0.73375,3.37,2.44
13.08.2021 00:12:09.888,0.73385,0.73375,1.5,1.5
13.08.2021 00:12:10.214,0.73384,0.73375,1,1.5
13.08.2021 00:12:22.376,0.73385,0.73375,1.87,1
13.08.2021 00:12:34.123,0.73384,0.73374,1.5,1.5
13.08.2021 00:12:34.225,0.7338600000000001,0.73374,1.87,1
13.08.2021 00:12:41.210,0.73385,0.73375,1.6,1
13.08.2021 00:12:43.947,0.73384,0.7337300000000001,1.57,2.44
13.08.2021 00:12:47.818,0.7338300000000001,0.7337100000000001,1.1,1.25
13.08.2021 00:12:55.657,0.73382,0.73372,2.32,1
13.08.2021 00:12:55.859,0.7338300000000001,0.7337100000000001,2.35,1
13.08.2021 00:12:56.242,0.73382,0.73372,1.5,1.25
13.08.2021 00:12:56.344,0.73384,0.73374,1.57,1
13.08.2021 00:12:56.598,0.73385,0.73374,1.95,1.69
13.08.2021 00:13:09.561,0.73385,0.73374,1.41,1.5
13.08.2021 00:13:14.733,0.73385,0.73374,1.76,2.25
13.08.2021 00:13:19.185,0.73385,0.73374,1.79,2.25
13.08.2021 00:13:20.338,0.73385,0.73374,1.76,2.25
13.08.2021 00:13:20.572,0.7338600000000001,0.73375,3.79,1
13.08.2021 00:13:20.673,0.7338600000000001,0.73375,3.04,1
13.08.2021 00:13:21.438,0.7338600000000001,0.73375,2.7,1.5
13.08.2021 00:13:22.319,0.7338600000000001,0.7337600000000001,1.1,1
13.08.2021 00:13:38.587,0.73385,0.7337600000000001,3.16,1
13.08.2021 00:13:38.689,0.73385,0.73374,3.91,2.25
13.08.2021 00:13:38.945,0.73384,0.73374,2.41,1.5
13.08.2021 00:13:39.577,0.73384,0.73374,1.01,1.5
13.08.2021 00:13:43.410,0.73385,0.73374,1.1,1
13.08.2021 00:13:44.094,0.73385,0.73375,1.01,1
13.08.2021 00:13:48.073,0.73384,0.7337300000000001,2.16,1.5
13.08.2021 00:13:48.175,0.7338300000000001,0.73372,6.66,1
13.08.2021 00:13:48.327,0.73382,0.7337,3.66,1
13.08.2021 00:13:48.428,0.7338,0.73369,2.16,3.12
13.08.2021 00:13:48.530,0.7337800000000001,0.73367,2.54,1.5
13.08.2021 00:13:48.631,0.73377,0.73367,1.41,1
13.08.2021 00:13:48.884,0.7337600000000001,0.7336600000000001,1.41,1
13.08.2021 00:13:49.086,0.73374,0.73363,3.66,2.25
13.08.2021 00:13:49.188,0.73375,0.73365,2.35,1
13.08.2021 00:13:51.824,0.7337600000000001,0.73364,1.01,1
13.08.2021 00:13:54.882,0.73377,0.73365,1.57,1
13.08.2021 00:14:02.348,0.73377,0.73367,1.2,1.5
13.08.2021 00:14:05.711,0.73377,0.73367,1.22,1.5
13.08.2021 00:14:09.819,0.7337800000000001,0.7336600000000001,1.95,1
13.08.2021 00:14:10.072,0.7337800000000001,0.73368,1.22,1
13.08.2021 00:14:10.173,0.7337800000000001,0.73368,1.1,1
13.08.2021 00:14:11.083,0.73379,0.73369,1.97,1
13.08.2021 00:14:11.184,0.7338,0.73368,1.95,1
13.08.2021 00:14:11.697,0.73379,0.7337,1.2,1
13.08.2021 00:14:11.798,0.73382,0.7337,3.1,1
13.08.2021 00:14:11.849,0.73382,0.7337,1.2,1.5
13.08.2021 00:14:18.088,0.7338300000000001,0.73372,1.5,1
13.08.2021 00:14:22.508,0.7338100000000001,0.73372,1.57,1
13.08.2021 00:14:22.609,0.73382,0.7337,1.57,1
13.08.2021 00:14:26.024,0.7337800000000001,0.73369,1,1
13.08.2021 00:14:26.128,0.7338,0.73368,1.57,1
13.08.2021 00:15:01.611,0.73379,0.7337,1.57,1
13.08.2021 00:15:02.085,0.73377,0.73369,1,1
13.08.2021 00:15:02.186,0.73374,0.73364,1,1.87
13.08.2021 00:15:02.338,0.73374,0.7336600000000001,1,1
13.08.2021 00:15:02.439,0.73374,0.73365,1.57,1
13.08.2021 00:15:07.530,0.7337300000000001,0.73364,1.1,1
13.08.2021 00:15:07.909,0.73374,0.7336100000000001,1.76,1.5
13.08.2021 00:15:08.121,0.73372,0.7336100000000001,1.01,1
13.08.2021 00:15:11.807,0.7337300000000001,0.7336100000000001,1.1,1
13.08.2021 00:15:12.010,0.73372,0.73363,1,1
13.08.2021 00:15:12.111,0.73375,0.73364,1.1,1
13.08.2021 00:15:12.213,0.73375,0.7336600000000001,1.1,1
13.08.2021 00:15:13.734,0.73374,0.7336600000000001,1,1
13.08.2021 00:15:13.975,0.7337600000000001,0.73365,1,1
13.08.2021 00:15:14.077,0.7337600000000001,0.73369,1,1
13.08.2021 00:15:14.128,0.73379,0.7337,1.1,1
13.08.2021 00:15:14.261,0.73379,0.73369,1.1,1
13.08.2021 00:15:14.970,0.73379,0.7337,1,1
13.08.2021 00:15:15.190,0.7338,0.7337100000000001,1,1
13.08.2021 00:15:15.556,0.73382,0.7337100000000001,1,1
13.08.2021 00:15:16.522,0.7338300000000001,0.73372,1.2,1
13.08.2021 00:15:16.915,0.7338100000000001,0.7337300000000001,1,1
13.08.2021 00:15:20.545,0.7338100000000001,0.73372,1,1
13.08.2021 00:15:24.572,0.7338,0.7337100000000001,1,1
13.08.2021 00:15:36.555,0.73379,0.73369,1.1,3
13.08.2021 00:15:36.656,0.73379,0.7337,1.1,1
13.08.2021 00:16:02.229,0.7338,0.7337100000000001,1,1
13.08.2021 00:16:07.311,0.7338,0.7337,1,2.25
13.08.2021 00:16:07.412,0.7338,0.7337100000000001,1,1
13.08.2021 00:16:23.318,0.73382,0.7337,1.76,1
13.08.2021 00:16:26.332,0.7337800000000001,0.73369,1.76,1.5
13.08.2021 00:16:26.434,0.73377,0.73368,1.1,1
13.08.2021 00:16:26.535,0.7338,0.7337100000000001,1.1,1
13.08.2021 00:16:26.637,0.7338100000000001,0.7337100000000001,1.95,1.5
13.08.2021 00:16:27.711,0.7338100000000001,0.7337,1,1
13.08.2021 00:16:31.658,0.7338,0.7337,1.5,1
13.08.2021 00:16:32.594,0.7338,0.73369,1,1
13.08.2021 00:16:34.473,0.7338,0.7337,1,1
13.08.2021 00:16:34.574,0.7338,0.7337100000000001,1.5,1
13.08.2021 00:16:39.214,0.7338100000000001,0.7337100000000001,1.87,1
13.08.2021 00:16:39.316,0.7338100000000001,0.73372,1.87,1
13.08.2021 00:16:40.828,0.73379,0.73369,1.5,1
13.08.2021 00:16:40.929,0.73379,0.7337,1,1
13.08.2021 00:16:56.169,0.73379,0.73369,1.87,1
13.08.2021 00:16:56.423,0.73379,0.7337,1.5,1
13.08.2021 00:17:04.151,0.73379,0.7337100000000001,1,1
13.08.2021 00:17:04.318,0.7338,0.7337100000000001,1,1
13.08.2021 00:17:07.036,0.73382,0.7337,1.57,1
13.08.2021 00:17:07.633,0.73382,0.73372,1.1,1.5
13.08.2021 00:17:07.684,0.7338300000000001,0.7337300000000001,1.76,1
13.08.2021 00:17:19.622,0.73384,0.7337300000000001,1,1
13.08.2021 00:17:20.078,0.73384,0.73374,1.57,1
13.08.2021 00:17:22.534,0.7338300000000001,0.73374,1.57,1
13.08.2021 00:17:23.711,0.7338,0.73372,1.5,1
13.08.2021 00:17:23.762,0.73379,0.73367,2.51,1.12
13.08.2021 00:17:23.863,0.73377,0.73367,3.1,1.81
13.08.2021 00:17:23.965,0.7337600000000001,0.73367,1.1,1
13.08.2021 00:17:26.798,0.7337600000000001,0.7336600000000001,1.1,1
13.08.2021 00:17:27.231,0.73375,0.73365,2.51,1
13.08.2021 00:17:27.355,0.73374,0.73365,2.51,1
13.08.2021 00:17:28.246,0.73375,0.73365,1.1,1
13.08.2021 00:17:29.820,0.73375,0.73364,1.57,1
13.08.2021 00:17:33.136,0.73375,0.73365,1.5,1.5
13.08.2021 00:17:34.416,0.7337300000000001,0.73365,1.69,1
13.08.2021 00:17:34.518,0.73372,0.7336100000000001,1,1
13.08.2021 00:17:36.498,0.7337100000000001,0.7336,1,1.5
13.08.2021 00:17:38.287,0.73369,0.7336100000000001,1.25,1
13.08.2021 00:17:38.389,0.73367,0.73357,1,2.56
13.08.2021 00:17:38.443,0.73367,0.73357,1,2.06
13.08.2021 00:17:42.947,0.73368,0.7336,1,1
13.08.2021 00:17:45.632,0.73369,0.7336,1,1
13.08.2021 00:17:46.380,0.73367,0.73359,1,1
13.08.2021 00:17:46.482,0.73368,0.73357,1,1.5
13.08.2021 00:17:47.594,0.73365,0.73357,1,1
13.08.2021 00:17:47.696,0.73362,0.73354,1,1
13.08.2021 00:17:47.797,0.7336100000000001,0.7335100000000001,1,2.25
13.08.2021 00:17:48.000,0.73362,0.73353,1,1
13.08.2021 00:17:48.122,0.73362,0.73354,1,1
13.08.2021 00:17:48.375,0.73362,0.7335200000000001,1,1
13.08.2021 00:17:52.022,0.7336100000000001,0.7335200000000001,1,1.5
13.08.2021 00:17:55.595,0.7336100000000001,0.7335100000000001,1,1
13.08.2021 00:17:55.646,0.73359,0.7335,1,1.25
13.08.2021 00:17:58.245,0.73357,0.7335,1,1.5
13.08.2021 00:18:00.911,0.7336100000000001,0.7335,1,1.25
13.08.2021 00:18:01.012,0.73359,0.7335200000000001,1,1
13.08.2021 00:18:01.114,0.7336,0.7335200000000001,1,1
13.08.2021 00:18:02.162,0.7336,0.7335100000000001,1,2.44
13.08.2021 00:18:03.566,0.73358,0.7335100000000001,1,1.69
13.08.2021 00:18:09.413,0.73358,0.73349,1,1.5
13.08.2021 00:18:14.458,0.73357,0.73348,1,4.56
13.08.2021 00:18:14.559,0.73357,0.7335,1,1
13.08.2021 00:18:15.581,0.73358,0.7335,1,1
13.08.2021 00:18:25.649,0.73359,0.7335,1.5,1
13.08.2021 00:18:25.751,0.73357,0.7335,1.5,1
13.08.2021 00:18:33.555,0.73357,0.73348,1.5,1.25
13.08.2021 00:18:38.844,0.73355,0.73348,1,1
13.08.2021 00:18:38.945,0.73354,0.73344,1.5,4
13.08.2021 00:18:39.212,0.73354,0.7334600000000001,1,1
13.08.2021 00:18:39.363,0.73353,0.7334600000000001,1,1
13.08.2021 00:18:42.965,0.7335200000000001,0.7334200000000001,1,1
13.08.2021 00:18:43.433,0.7335100000000001,0.7334200000000001,1,1
13.08.2021 00:18:43.920,0.7335,0.7334,1,3.94
13.08.2021 00:18:47.082,0.7335100000000001,0.7334100000000001,1,1.31
13.08.2021 00:18:48.180,0.73353,0.7334100000000001,1,1
13.08.2021 00:18:48.282,0.7335200000000001,0.7334200000000001,1,2.94
13.08.2021 00:18:48.484,0.73355,0.73343,1.5,1.69
13.08.2021 00:18:49.555,0.73354,0.73345,1,1
13.08.2021 00:18:52.477,0.73354,0.73344,1.5,1.69
13.08.2021 00:18:52.730,0.73354,0.73345,1.5,1
13.08.2021 00:19:02.989,0.73355,0.73345,1.5,2.44
13.08.2021 00:19:03.093,0.73358,0.73348,2.25,2.25
13.08.2021 00:19:03.194,0.7336,0.73349,1,1.69
13.08.2021 00:19:09.889,0.73359,0.73348,1,1
13.08.2021 00:19:09.991,0.73358,0.73348,1,3.19
13.08.2021 00:19:11.161,0.73357,0.7334700000000001,1,3.06
13.08.2021 00:19:20.711,0.7335600000000001,0.7334700000000001,1,1
13.08.2021 00:19:20.812,0.73355,0.7334600000000001,1.5,1
13.08.2021 00:19:26.905,0.73355,0.73345,1.57,1.5
13.08.2021 00:19:34.776,0.73355,0.73343,1.57,1
13.08.2021 00:19:35.596,0.73354,0.7334200000000001,1,1.69
13.08.2021 00:19:37.918,0.73355,0.73345,2.25,2.25
13.08.2021 00:19:49.579,0.73358,0.7334700000000001,1.5,1
13.08.2021 00:19:49.680,0.73359,0.73349,1.87,1
13.08.2021 00:19:54.985,0.73359,0.73349,1,3.25
13.08.2021 00:19:56.615,0.7336100000000001,0.73349,1.5,1.69
13.08.2021 00:19:59.916,0.7336,0.73349,1,1.25
13.08.2021 00:20:00.069,0.7336,0.73348,1,2.44
13.08.2021 00:20:02.074,0.73358,0.73349,1,1.69
13.08.2021 00:20:02.451,0.7336,0.73348,1.1,1.69
13.08.2021 00:20:15.710,0.73359,0.7335,1.1,1
13.08.2021 00:20:19.721,0.73362,0.7335,2.7,1.5
13.08.2021 00:20:25.589,0.7336,0.73348,1.1,2.44
13.08.2021 00:20:44.144,0.73357,0.7334700000000001,2.72,1
13.08.2021 00:20:44.245,0.73357,0.73345,1.1,1
13.08.2021 00:20:55.864,0.73357,0.7334700000000001,2.91,2.44
13.08.2021 00:20:59.308,0.73357,0.7334700000000001,1.95,1.5
13.08.2021 00:20:59.410,0.73359,0.73349,1.95,1.5
13.08.2021 00:21:11.662,0.73357,0.73348,1.2,1
13.08.2021 00:21:11.764,0.73357,0.7334700000000001,1.2,2.44
13.08.2021 00:21:16.285,0.73357,0.7334700000000001,1.97,1.5
13.08.2021 00:21:21.229,0.73357,0.73345,1.1,2.25
13.08.2021 00:21:31.873,0.73355,0.7334600000000001,1,1
13.08.2021 00:21:32.226,0.7335600000000001,0.7334600000000001,1.57,1.5
13.08.2021 00:21:52.794,0.73357,0.73345,1.97,1.5
13.08.2021 00:21:53.199,0.7335600000000001,0.7334600000000001,1.57,1.5
13.08.2021 00:21:55.457,0.73355,0.7334600000000001,1,1
13.08.2021 00:21:55.610,0.7335600000000001,0.7334600000000001,1.57,1.5
13.08.2021 00:21:56.014,0.7335600000000001,0.7334700000000001,1.1,1.69
13.08.2021 00:22:01.815,0.73357,0.73348,1.1,1.25
13.08.2021 00:22:01.916,0.7336100000000001,0.7335200000000001,3.7,1
13.08.2021 00:22:02.018,0.7336100000000001,0.7335200000000001,1.1,1
13.08.2021 00:22:21.991,0.7336,0.7335100000000001,1.2,1.5
13.08.2021 00:22:22.998,0.7336,0.7335100000000001,1.22,1.5
13.08.2021 00:22:29.036,0.7336,0.7335100000000001,1.57,1
13.08.2021 00:22:29.137,0.73359,0.7335,1.1,1
13.08.2021 00:22:29.239,0.73358,0.73349,1.1,1
13.08.2021 00:22:29.290,0.73357,0.7334700000000001,1.1,3
13.08.2021 00:22:42.173,0.73359,0.7334700000000001,1.1,1.5
13.08.2021 00:22:42.224,0.7336100000000001,0.7335100000000001,2.72,1
13.08.2021 00:22:42.325,0.7336100000000001,0.7335200000000001,1.1,1
13.08.2021 00:22:59.406,0.73362,0.73353,2.16,1
13.08.2021 00:22:59.648,0.73362,0.73353,1.1,1
13.08.2021 00:22:59.750,0.73364,0.73354,3.47,1
13.08.2021 00:23:00.136,0.73364,0.73355,1.1,1.69
13.08.2021 00:23:00.238,0.7336600000000001,0.7335600000000001,1.35,1
13.08.2021 00:23:00.907,0.7336600000000001,0.73357,1.1,1.5
13.08.2021 00:23:01.008,0.7336600000000001,0.73357,1.1,1.5
13.08.2021 00:23:01.988,0.73367,0.73358,1.22,1
13.08.2021 00:23:02.090,0.73368,0.73357,1.1,1
13.08.2021 00:23:02.191,0.73369,0.73359,3.47,1.5
13.08.2021 00:23:02.293,0.7337100000000001,0.73358,1.1,3.94
13.08.2021 00:23:02.344,0.73372,0.7336100000000001,1.1,1
13.08.2021 00:23:02.445,0.7337100000000001,0.7336100000000001,1.97,1.5
13.08.2021 00:23:03.315,0.7337100000000001,0.73362,1.1,1
13.08.2021 00:23:28.791,0.7337300000000001,0.73364,1.1,1.5
13.08.2021 00:23:28.892,0.73375,0.73365,2.35,1
13.08.2021 00:23:28.994,0.73375,0.73365,1.57,1.5
13.08.2021 00:23:29.095,0.73375,0.7336600000000001,1.1,1
13.08.2021 00:23:33.681,0.7337600000000001,0.73367,1.22,1.5
13.08.2021 00:23:33.782,0.7337800000000001,0.73368,1.97,1
13.08.2021 00:23:33.934,0.7338,0.73368,3.41,1
13.08.2021 00:23:34.036,0.73379,0.73369,2.72,1.5
13.08.2021 00:23:34.299,0.7338,0.73368,1.57,1.5
13.08.2021 00:23:36.434,0.73379,0.7337,1.57,1
13.08.2021 00:23:38.330,0.7337800000000001,0.73369,3.85,1
13.08.2021 00:23:38.462,0.7337800000000001,0.73369,4.2,1
13.08.2021 00:23:38.564,0.73377,0.73368,1.1,1
13.08.2021 00:23:51.786,0.73379,0.73369,1.22,1.5
13.08.2021 00:23:51.837,0.7338100000000001,0.7337100000000001,2.55,2.25
13.08.2021 00:23:51.939,0.73382,0.73372,4.16,1
13.08.2021 00:23:52.042,0.7338300000000001,0.7337100000000001,2.72,1
13.08.2021 00:23:52.748,0.73382,0.73372,2.7,1
13.08.2021 00:24:03.298,0.73382,0.7337300000000001,1.1,1
13.08.2021 00:24:07.733,0.73384,0.73372,3.26,1
13.08.2021 00:24:08.937,0.7338300000000001,0.7337300000000001,4.79,1
13.08.2021 00:24:09.530,0.73382,0.73372,1.95,1.5
13.08.2021 00:24:30.297,0.7338300000000001,0.73372,1.95,1
13.08.2021 00:25:09.319,0.73382,0.73372,1.87,1.5
13.08.2021 00:25:20.157,0.7338300000000001,0.73372,1.87,1
13.08.2021 00:25:23.548,0.73384,0.7337300000000001,3.1,1
13.08.2021 00:25:23.650,0.7338300000000001,0.7337300000000001,3.1,1.5
13.08.2021 00:25:23.854,0.73382,0.7337300000000001,1.97,1
13.08.2021 00:27:03.138,0.7337800000000001,0.7337100000000001,2.7,1
13.08.2021 00:27:03.189,0.7337600000000001,0.73367,1.12,1.5
13.08.2021 00:27:03.290,0.7337600000000001,0.7336600000000001,1,1
13.08.2021 00:27:03.957,0.73374,0.7336600000000001,1.12,1
13.08.2021 00:27:04.008,0.73372,0.73364,1.2,1
13.08.2021 00:27:04.109,0.73372,0.7336,1.1,3.75
13.08.2021 00:27:04.261,0.7337,0.7336100000000001,1,1.5
13.08.2021 00:27:04.564,0.73369,0.7336,1,1
13.08.2021 00:27:04.665,0.73368,0.7336,1,1
13.08.2021 00:27:10.841,0.73369,0.7336,1.1,1
13.08.2021 00:27:17.097,0.73372,0.7336,4.04,1
13.08.2021 00:27:30.678,0.7337100000000001,0.7336100000000001,3.85,1
13.08.2021 00:27:31.395,0.7337100000000001,0.73363,1.1,1
13.08.2021 00:27:31.497,0.7337300000000001,0.73363,4.16,1
13.08.2021 00:27:32.020,0.7337300000000001,0.73364,1.85,1
13.08.2021 00:27:32.865,0.73375,0.7336600000000001,1,1
13.08.2021 00:27:32.966,0.73377,0.7336600000000001,1.1,1.5
13.08.2021 00:27:33.068,0.7337800000000001,0.73367,1.2,1
13.08.2021 00:27:34.005,0.7337800000000001,0.73368,1.2,1
13.08.2021 00:27:36.729,0.7338,0.7337,4.6,1.5
13.08.2021 00:27:36.882,0.7338,0.73372,1.1,1
13.08.2021 00:27:37.629,0.7338100000000001,0.73372,1,1
13.08.2021 00:27:48.514,0.7338100000000001,0.7337,1.1,1
13.08.2021 00:27:50.300,0.73382,0.73372,3.22,1
13.08.2021 00:27:50.401,0.7338300000000001,0.73372,3.22,1
13.08.2021 00:28:24.084,0.7338300000000001,0.73372,1.95,1
13.08.2021 00:28:47.706,0.7338300000000001,0.7337300000000001,1.95,1
13.08.2021 00:28:47.757,0.73385,0.73374,1.12,1.5
13.08.2021 00:28:47.859,0.7338800000000001,0.73377,3.6,1
13.08.2021 00:29:04.029,0.73384,0.7337300000000001,1.57,2.25
13.08.2021 00:29:04.440,0.73382,0.73374,1.1,1
13.08.2021 00:29:04.542,0.73382,0.7337300000000001,1.1,1
13.08.2021 00:29:08.480,0.73382,0.7337300000000001,1.22,1
13.08.2021 00:29:18.875,0.73382,0.7337300000000001,1.95,1
13.08.2021 00:29:25.599,0.73382,0.73374,1.5,1
13.08.2021 00:29:25.701,0.73385,0.73374,1.57,1
13.08.2021 00:29:25.802,0.73384,0.7337600000000001,1.1,1
13.08.2021 00:29:25.913,0.73385,0.73377,1.1,1
13.08.2021 00:29:26.066,0.7338800000000001,0.73377,3.6,1
13.08.2021 00:29:54.664,0.73387,0.7337800000000001,1.95,1
13.08.2021 00:29:54.892,0.73387,0.73379,1,1
13.08.2021 00:30:00.289,0.7338800000000001,0.73377,1,1.5
13.08.2021 00:30:00.469,0.7338600000000001,0.73377,1.2,1
13.08.2021 00:30:54.718,0.73387,0.7337800000000001,1,1
13.08.2021 00:30:54.870,0.7338800000000001,0.7338,1.12,2.69
13.08.2021 00:30:54.972,0.73394,0.73385,1.95,1
13.08.2021 00:30:55.073,0.73395,0.73385,2.32,1.5
13.08.2021 00:30:57.435,0.7339600000000001,0.7338600000000001,1.95,1
13.08.2021 00:30:57.914,0.73397,0.73387,1.95,1.5
13.08.2021 00:30:58.016,0.73397,0.7338800000000001,1.12,1
13.08.2021 00:31:01.014,0.73397,0.73389,1,1
13.08.2021 00:31:01.276,0.73399,0.7338800000000001,3.45,1.5
13.08.2021 00:31:01.378,0.734,0.7339,5.32,1
13.08.2021 00:31:01.428,0.734,0.73392,1,1
13.08.2021 00:31:01.480,0.73402,0.73392,3.82,1
13.08.2021 00:31:06.341,0.73401,0.73392,1.57,1
13.08.2021 00:31:06.442,0.73402,0.7339,1.57,1.5
13.08.2021 00:31:07.702,0.73401,0.73392,1,1
13.08.2021 00:31:19.711,0.73397,0.7338800000000001,1.5,1.5
13.08.2021 00:31:19.812,0.7339600000000001,0.7338800000000001,1,1
13.08.2021 00:31:19.914,0.7339600000000001,0.73387,1,1
13.08.2021 00:31:23.819,0.7339600000000001,0.7338800000000001,1,1
13.08.2021 00:31:24.820,0.7339600000000001,0.73387,1,1
13.08.2021 00:31:36.384,0.7339600000000001,0.7338800000000001,1,1
13.08.2021 00:31:45.902,0.7339600000000001,0.73387,1,1.25
13.08.2021 00:32:11.978,0.73395,0.7338600000000001,1.57,1
13.08.2021 00:32:12.079,0.7339600000000001,0.73384,2.32,1.25
13.08.2021 00:32:12.268,0.73394,0.73385,1,1.25
13.08.2021 00:32:15.525,0.73394,0.7338600000000001,1,1
13.08.2021 00:32:16.550,0.7339600000000001,0.73385,2.32,1
13.08.2021 00:32:29.227,0.73395,0.73387,1,1
13.08.2021 00:32:29.581,0.7339600000000001,0.73385,1,1.5
13.08.2021 00:32:29.770,0.73395,0.73387,1,1
13.08.2021 00:32:29.921,0.73395,0.7338600000000001,1,1.5
13.08.2021 00:32:34.980,0.7339600000000001,0.7338600000000001,1,1
13.08.2021 00:32:35.423,0.73395,0.7338600000000001,1,1.5
13.08.2021 00:32:38.404,0.73395,0.73387,1,1
13.08.2021 00:32:42.092,0.73395,0.7338600000000001,1,1.5
13.08.2021 00:32:42.699,0.7339600000000001,0.7338600000000001,1,1
13.08.2021 00:32:43.373,0.73395,0.7338600000000001,1,1.5
13.08.2021 00:32:51.138,0.73395,0.73387,1,1
13.08.2021 00:32:59.218,0.7339600000000001,0.73387,1.5,1
13.08.2021 00:33:07.149,0.7339600000000001,0.7338800000000001,1,1
13.08.2021 00:33:07.435,0.7339800000000001,0.73387,2.25,1
13.08.2021 00:33:12.191,0.73397,0.73389,1,1
13.08.2021 00:33:18.585,0.73401,0.7339,3.37,1
13.08.2021 00:33:18.687,0.73402,0.7339100000000001,1.5,1
13.08.2021 00:33:51.772,0.7339800000000001,0.7338800000000001,3.37,1.25
13.08.2021 00:33:51.874,0.73397,0.73387,1.87,1
13.08.2021 00:33:51.975,0.7339600000000001,0.73387,1.87,1
13.08.2021 00:33:55.889,0.73395,0.73385,1,1
13.08.2021 00:33:55.940,0.73394,0.7338300000000001,1.87,1
13.08.2021 00:33:58.244,0.73392,0.73384,1,1
13.08.2021 00:33:58.345,0.7339300000000001,0.73384,1.87,1
13.08.2021 00:34:01.208,0.73394,0.73385,3.37,1
13.08.2021 00:34:04.918,0.73395,0.7338300000000001,2.62,1
13.08.2021 00:34:22.325,0.73395,0.73384,1,1.25
13.08.2021 00:34:22.376,0.73397,0.73385,1.5,1
13.08.2021 00:34:30.340,0.7339600000000001,0.73387,1.5,1
13.08.2021 00:34:31.827,0.7339600000000001,0.7338600000000001,2.25,1
13.08.2021 00:34:34.827,0.7339600000000001,0.73387,1.87,1
13.08.2021 00:34:35.244,0.73397,0.73385,3.37,1
13.08.2021 00:34:35.395,0.7339300000000001,0.7338600000000001,1,1
13.08.2021 00:34:35.446,0.73395,0.7338600000000001,1.87,1
13.08.2021 00:35:00.816,0.7339600000000001,0.73387,1.5,1
13.08.2021 00:35:03.074,0.73397,0.73385,2.62,1
13.08.2021 00:35:08.780,0.73395,0.73385,3.37,1
13.08.2021 00:35:08.984,0.73394,0.73385,1.31,1
13.08.2021 00:35:09.086,0.73392,0.73382,1.5,1.5
13.08.2021 00:35:37.240,0.73394,0.73384,3.76,1
13.08.2021 00:35:37.341,0.73394,0.73384,1,1
13.08.2021 00:35:37.443,0.73395,0.7338600000000001,1,1
13.08.2021 00:35:37.600,0.7339600000000001,0.73387,3.45,1
13.08.2021 00:35:37.802,0.73395,0.73387,1,1
13.08.2021 00:35:39.998,0.73397,0.7338600000000001,1.87,1
13.08.2021 00:35:40.099,0.7339600000000001,0.7338600000000001,1,1
13.08.2021 00:35:40.403,0.7339600000000001,0.73387,1.87,1
13.08.2021 00:35:40.555,0.73395,0.73387,1,1
13.08.2021 00:35:40.909,0.7339600000000001,0.73387,1.31,1
13.08.2021 00:35:41.010,0.73395,0.73387,1,1
13.08.2021 00:35:41.112,0.7339600000000001,0.73387,2.06,1
13.08.2021 00:35:41.214,0.73395,0.73387,1,1
13.08.2021 00:35:41.315,0.73397,0.7338600000000001,1.12,1
13.08.2021 00:35:41.419,0.73395,0.73387,1,1
13.08.2021 00:35:41.623,0.7339600000000001,0.73387,1.87,1
13.08.2021 00:35:41.876,0.73395,0.73387,1,1
13.08.2021 00:35:42.141,0.73397,0.73387,2.89,1
13.08.2021 00:35:51.742,0.73397,0.73385,1.12,1.5
13.08.2021 00:35:57.169,0.7339600000000001,0.73385,1,1
13.08.2021 00:35:57.220,0.73394,0.73384,1,2.25
13.08.2021 00:36:24.102,0.7339300000000001,0.7338300000000001,1.87,1.5
13.08.2021 00:36:38.640,0.7339300000000001,0.73382,1.12,1
13.08.2021 00:36:39.726,0.73392,0.73382,2.06,1
13.08.2021 00:36:44.345,0.73389,0.73382,1,1
13.08.2021 00:36:44.395,0.7338800000000001,0.7338,1.69,1
13.08.2021 00:36:47.080,0.7338800000000001,0.73379,1.87,1.5
13.08.2021 00:36:50.376,0.7338800000000001,0.7337800000000001,1.25,1.5
13.08.2021 00:36:50.477,0.73387,0.73377,1,1
13.08.2021 00:36:59.955,0.73387,0.7337800000000001,1,1
13.08.2021 00:37:00.056,0.7338800000000001,0.73379,1,1
13.08.2021 00:37:00.157,0.73389,0.7338,1,1
13.08.2021 00:37:00.259,0.73389,0.7338100000000001,1,1
13.08.2021 00:37:00.954,0.7339100000000001,0.7338300000000001,1,1.5
13.08.2021 00:37:01.004,0.7339300000000001,0.7338300000000001,1.87,1.5
13.08.2021 00:37:01.055,0.7339300000000001,0.7338600000000001,1,1
13.08.2021 00:37:01.156,0.7339600000000001,0.73387,1.69,1
13.08.2021 00:37:02.272,0.7339600000000001,0.7338600000000001,4.64,1
13.08.2021 00:37:02.373,0.73394,0.7338600000000001,1.25,1
13.08.2021 00:37:03.207,0.7339300000000001,0.73384,3.37,1
13.08.2021 00:37:03.409,0.73392,0.7338300000000001,1.87,1
13.08.2021 00:37:04.409,0.7339300000000001,0.7338300000000001,3.82,1
13.08.2021 00:37:04.612,0.73392,0.7338300000000001,1,1
13.08.2021 00:37:24.058,0.7339100000000001,0.73382,1,1
13.08.2021 00:37:38.732,0.73392,0.7338300000000001,1.5,1
13.08.2021 00:37:46.016,0.73392,0.7338,2.06,1
13.08.2021 00:37:47.960,0.7339100000000001,0.73382,1.12,1
13.08.2021 00:38:01.540,0.73392,0.7338,2.81,1
13.08.2021 00:38:01.790,0.7339100000000001,0.7338100000000001,3.62,1
13.08.2021 00:38:01.891,0.73389,0.7338,1,1
13.08.2021 00:38:06.239,0.73389,0.73379,1.87,1
13.08.2021 00:38:22.083,0.73389,0.7338,1.12,1
13.08.2021 00:38:40.311,0.73389,0.7338,2.31,1
13.08.2021 00:38:40.412,0.73387,0.7337800000000001,3.06,1
13.08.2021 00:38:40.564,0.73387,0.73377,5.39,1
13.08.2021 00:38:46.351,0.7338600000000001,0.7337800000000001,1.25,1
13.08.2021 00:38:52.047,0.7339,0.7337800000000001,5.81,1
13.08.2021 00:38:52.148,0.73389,0.7338,3.56,1
13.08.2021 00:39:03.264,0.7339,0.7338100000000001,1.87,1
13.08.2021 00:39:04.430,0.7339100000000001,0.73382,1.87,1
13.08.2021 00:39:04.531,0.73392,0.73382,3.45,1
13.08.2021 00:39:09.188,0.73392,0.7338300000000001,1.87,1
13.08.2021 00:39:39.014,0.73392,0.73382,1.12,1
13.08.2021 00:39:39.115,0.73392,0.7338100000000001,3.37,1.5
13.08.2021 00:39:47.688,0.7339100000000001,0.73382,2.75,1.5
13.08.2021 00:39:54.539,0.7339100000000001,0.73379,1.12,1.5
13.08.2021 00:40:09.688,0.73387,0.7337800000000001,1.5,1
13.08.2021 00:40:09.790,0.73387,0.7337600000000001,1,1
13.08.2021 00:40:10.194,0.73384,0.73372,3,1.5
13.08.2021 00:40:12.804,0.7338100000000001,0.73372,1.25,1.5
13.08.2021 00:40:16.075,0.73382,0.73372,1,1
13.08.2021 00:40:16.126,0.7338300000000001,0.7337300000000001,1.5,1.5
13.08.2021 00:40:16.178,0.73385,0.7337600000000001,1.12,1
13.08.2021 00:40:20.045,0.73384,0.73374,1,1
13.08.2021 00:40:20.147,0.7338300000000001,0.73374,1.5,1
13.08.2021 00:40:31.758,0.7338300000000001,0.7337300000000001,2.62,1.5
13.08.2021 00:40:31.860,0.7338300000000001,0.73372,1.87,1
13.08.2021 00:40:32.746,0.7338,0.73372,1.5,1
13.08.2021 00:40:32.797,0.7338100000000001,0.73369,2.25,1.5
13.08.2021 00:40:32.999,0.73379,0.7337,1,1
13.08.2021 00:40:33.599,0.73379,0.73369,1,1.5
13.08.2021 00:40:39.498,0.7337800000000001,0.73369,1,1
13.08.2021 00:40:39.600,0.7337800000000001,0.73368,1,1
13.08.2021 00:40:40.376,0.7337800000000001,0.7336600000000001,1,2.44
13.08.2021 00:40:49.529,0.73379,0.73367,1,1
13.08.2021 00:41:03.468,0.73379,0.73368,2.06,1.5
13.08.2021 00:41:04.721,0.73379,0.73369,2.06,1
13.08.2021 00:41:07.115,0.7338100000000001,0.7337100000000001,1.12,1.5
13.08.2021 00:41:15.237,0.73382,0.7337100000000001,1,1
13.08.2021 00:41:26.305,0.7338300000000001,0.73374,1.5,1
13.08.2021 00:41:33.690,0.73387,0.73375,2.81,1.5
13.08.2021 00:41:53.306,0.73387,0.73377,2.62,1.5
13.08.2021 00:41:57.965,0.7338800000000001,0.7338,1.25,1
13.08.2021 00:41:58.015,0.7339100000000001,0.73379,1.31,1.5
13.08.2021 00:41:58.117,0.7339,0.7338100000000001,1,1
13.08.2021 00:41:59.387,0.7339100000000001,0.73379,1.31,1.5
13.08.2021 00:41:59.488,0.73389,0.73379,1,1.5
13.08.2021 00:42:02.788,0.73387,0.73377,1.39,1.5
13.08.2021 00:42:04.317,0.73387,0.7337600000000001,1,1
13.08.2021 00:42:05.482,0.73385,0.7337600000000001,1,1
13.08.2021 00:42:26.506,0.7338300000000001,0.73374,1,1
13.08.2021 00:42:26.607,0.73384,0.73372,1,2.25
13.08.2021 00:42:26.709,0.7338100000000001,0.73372,1,1
13.08.2021 00:42:30.800,0.7338,0.7337100000000001,1,1
13.08.2021 00:42:39.938,0.7338,0.73372,1,1
13.08.2021 00:42:40.209,0.7338,0.7337100000000001,1,1
13.08.2021 00:42:52.907,0.7338100000000001,0.73369,1.5,1.5
13.08.2021 00:43:03.598,0.73377,0.7337,1,1
13.08.2021 00:43:05.838,0.73379,0.73369,1.12,1
13.08.2021 00:43:05.939,0.73375,0.73368,1,1
13.08.2021 00:43:06.048,0.73375,0.73367,1,1.57
13.08.2021 00:43:06.149,0.73374,0.73367,1,1.5
13.08.2021 00:43:11.914,0.73375,0.73367,1,1.5
13.08.2021 00:43:15.238,0.7337800000000001,0.73369,1,1.39
13.08.2021 00:43:15.339,0.73379,0.7337100000000001,1,1.57
13.08.2021 00:43:15.390,0.7338100000000001,0.73372,1,1.1
13.08.2021 00:43:15.731,0.7338100000000001,0.7337300000000001,1,1
13.08.2021 00:43:18.385,0.73382,0.7337300000000001,1,1
13.08.2021 00:43:22.114,0.7338300000000001,0.7337300000000001,1,1
13.08.2021 00:43:23.177,0.73384,0.73374,1,1.5
13.08.2021 00:43:23.634,0.73384,0.73375,1,1
13.08.2021 00:43:25.390,0.7338300000000001,0.73375,1,2.32
13.08.2021 00:43:27.188,0.73384,0.73375,1,2.25
13.08.2021 00:43:32.010,0.7338300000000001,0.73375,1,1.5
13.08.2021 00:43:35.072,0.7338300000000001,0.73374,1.69,1.5
13.08.2021 00:43:35.123,0.7338,0.73372,1,1.5
13.08.2021 00:43:35.224,0.73379,0.7337100000000001,1,1.87
13.08.2021 00:43:37.308,0.7337800000000001,0.73369,1,1.5
13.08.2021 00:43:41.670,0.73377,0.73368,1,2.32
13.08.2021 00:43:41.866,0.7337600000000001,0.73367,1,3
13.08.2021 00:44:00.886,0.73377,0.73367,1,1
13.08.2021 00:44:00.987,0.73377,0.7336600000000001,1,1.5
13.08.2021 00:44:01.427,0.7337600000000001,0.73368,1,1
13.08.2021 00:44:02.182,0.7337800000000001,0.73369,1,1
13.08.2021 00:44:03.459,0.73379,0.7337,1,1
13.08.2021 00:44:03.560,0.73379,0.73372,1,1
13.08.2021 00:44:04.966,0.7338,0.73372,1,1
13.08.2021 00:44:05.334,0.7338300000000001,0.7337600000000001,1,1
13.08.2021 00:44:05.435,0.73384,0.7337600000000001,1,1
13.08.2021 00:44:07.095,0.73385,0.7337600000000001,1,1
13.08.2021 00:44:09.795,0.7338600000000001,0.7337600000000001,1,1
13.08.2021 00:44:18.190,0.73387,0.7337600000000001,1.69,1
13.08.2021 00:44:19.817,0.73385,0.73377,1.69,1
13.08.2021 00:44:22.814,0.73387,0.7337600000000001,1.69,1
13.08.2021 00:44:22.915,0.7338600000000001,0.7337800000000001,1,1
13.08.2021 00:44:23.300,0.73387,0.7337800000000001,2.44,1
13.08.2021 00:44:42.515,0.7338800000000001,0.7337800000000001,2.44,1
13.08.2021 00:44:43.491,0.7338800000000001,0.7338,2.44,1
13.08.2021 00:45:03.868,0.7338600000000001,0.7337800000000001,1.25,1
13.08.2021 00:45:09.238,0.7338600000000001,0.7337600000000001,2.44,1.5
13.08.2021 00:45:16.433,0.7338100000000001,0.73372,1,1
13.08.2021 00:45:29.696,0.73379,0.73372,2.87,1
13.08.2021 00:45:29.747,0.73377,0.73367,3.19,1
13.08.2021 00:45:31.210,0.7337600000000001,0.73367,2.44,1
13.08.2021 00:45:35.234,0.7337600000000001,0.7336600000000001,2.51,1
13.08.2021 00:45:40.954,0.73375,0.7336600000000001,1,1.5
13.08.2021 00:45:41.884,0.7337600000000001,0.7336600000000001,1.76,1.5
13.08.2021 00:45:46.937,0.73377,0.73367,2.51,1
13.08.2021 00:45:46.988,0.73379,0.73369,1,1.5
13.08.2021 00:45:47.089,0.7338100000000001,0.7337100000000001,2.76,1.5
13.08.2021 00:45:47.518,0.73379,0.73369,2.69,1.5
13.08.2021 00:45:53.592,0.7337800000000001,0.73368,1.25,2.25
13.08.2021 00:45:54.368,0.7338100000000001,0.7337100000000001,3.51,1
13.08.2021 00:45:58.750,0.73382,0.7337,1.25,2.25
13.08.2021 00:46:02.846,0.7338100000000001,0.7337100000000001,2.01,1.5
13.08.2021 00:46:26.878,0.7338,0.7337100000000001,2.76,1.5
13.08.2021 00:46:27.131,0.73379,0.73369,1.25,1.5
13.08.2021 00:46:27.796,0.7337800000000001,0.73369,1.25,1.5
13.08.2021 00:46:47.872,0.73377,0.73367,1.25,2.25
13.08.2021 00:46:50.372,0.7337600000000001,0.73367,1.25,1.5
13.08.2021 00:46:51.875,0.73377,0.73367,2.51,1.5
13.08.2021 00:46:53.463,0.7337600000000001,0.73367,1,1
13.08.2021 00:46:55.003,0.73377,0.73367,1.5,1.5
13.08.2021 00:46:57.669,0.7337800000000001,0.73367,1,1
13.08.2021 00:46:57.771,0.7337800000000001,0.73368,1.5,1
13.08.2021 00:46:57.873,0.73379,0.7337,1,1.5
13.08.2021 00:46:59.946,0.73382,0.73369,3.19,1.5
13.08.2021 00:47:00.047,0.7338100000000001,0.7337100000000001,1.69,1
13.08.2021 00:47:03.912,0.7338100000000001,0.7337100000000001,3.89,1
13.08.2021 00:47:04.013,0.7338,0.7337,1.25,1.5
13.08.2021 00:47:10.220,0.73382,0.73369,3.45,1.5
13.08.2021 00:47:16.905,0.7338100000000001,0.7337100000000001,1.5,1
13.08.2021 00:47:18.885,0.73382,0.73372,1.57,1
13.08.2021 00:47:19.298,0.73385,0.73375,5.44,1.5
13.08.2021 00:47:19.399,0.73385,0.7337600000000001,1,1
13.08.2021 00:47:33.921,0.73385,0.73377,1,1
13.08.2021 00:47:34.462,0.7338600000000001,0.73377,1.57,1
13.08.2021 00:47:45.059,0.7338800000000001,0.7337600000000001,1.1,1
13.08.2021 00:48:00.545,0.7338600000000001,0.73377,1,1
13.08.2021 00:48:11.490,0.73387,0.73377,1.2,1
13.08.2021 00:48:14.354,0.7338600000000001,0.7337600000000001,1.01,1.5
13.08.2021 00:48:18.399,0.7338600000000001,0.73377,1.1,1
13.08.2021 00:48:24.457,0.7338800000000001,0.7337600000000001,2.51,1
13.08.2021 00:48:26.646,0.73387,0.73377,3.66,1
13.08.2021 00:48:34.757,0.73387,0.73377,2.89,1
13.08.2021 00:48:44.186,0.73387,0.7337800000000001,1,1
13.08.2021 00:48:44.288,0.7338800000000001,0.7337800000000001,2.14,1.5
13.08.2021 00:49:12.141,0.7338800000000001,0.7337600000000001,2.32,1
13.08.2021 00:49:12.960,0.73387,0.7337600000000001,3.47,1.5
13.08.2021 00:49:19.361,0.73385,0.73372,2.51,3
13.08.2021 00:49:19.462,0.73385,0.73372,3.91,3
13.08.2021 00:49:22.077,0.7338300000000001,0.73372,3.64,3
13.08.2021 00:49:22.180,0.73382,0.73372,1.1,1.5
13.08.2021 00:49:31.031,0.7338300000000001,0.7337300000000001,1.87,1
13.08.2021 00:49:50.393,0.73384,0.7337100000000001,4.41,1
13.08.2021 00:49:53.183,0.7338300000000001,0.7337300000000001,2.7,1
13.08.2021 00:49:53.386,0.73384,0.7337300000000001,2.89,1.5
13.08.2021 00:49:53.437,0.7338600000000001,0.7337600000000001,1.2,1.5
13.08.2021 00:49:54.947,0.7338600000000001,0.73377,1.1,1
13.08.2021 00:49:58.016,0.7339,0.73379,2.14,1.5
13.08.2021 00:49:58.222,0.73389,0.73379,1.25,2.25
13.08.2021 00:49:59.005,0.7339100000000001,0.7338100000000001,2.14,1.5
13.08.2021 00:50:00.924,0.7339,0.7338100000000001,1,1
13.08.2021 00:50:01.059,0.7339100000000001,0.7338100000000001,1.95,1.5
13.08.2021 00:50:02.077,0.7338800000000001,0.7337800000000001,3.26,1.5
13.08.2021 00:50:02.387,0.73389,0.73377,3.85,1
13.08.2021 00:50:03.303,0.7338800000000001,0.73379,1.25,1
13.08.2021 00:50:04.334,0.7339,0.7337800000000001,1.57,1
13.08.2021 00:50:04.486,0.73389,0.7338,1.1,1
13.08.2021 00:50:08.494,0.73389,0.73379,1.1,1.5
13.08.2021 00:50:17.639,0.73389,0.7337800000000001,2.89,1.5
13.08.2021 00:50:18.050,0.7339,0.7337800000000001,1.57,1
13.08.2021 00:50:20.420,0.73389,0.7337800000000001,2.32,1.5
13.08.2021 00:50:25.376,0.73389,0.73379,1.57,1
13.08.2021 00:50:28.199,0.7339,0.73377,2.32,1.5
13.08.2021 00:50:33.578,0.73389,0.73379,1.57,1
13.08.2021 00:50:34.544,0.73389,0.7337800000000001,2.32,1.5
13.08.2021 00:50:38.349,0.73389,0.7337800000000001,3.1,1.5
13.08.2021 00:50:38.450,0.7338600000000001,0.73374,1,1.5
13.08.2021 00:51:07.718,0.73387,0.7337600000000001,1,1.57
13.08.2021 00:51:07.768,0.73389,0.73377,2.25,1
13.08.2021 00:51:10.037,0.73389,0.7338,1,1
13.08.2021 00:51:10.138,0.7339100000000001,0.73379,1.87,1
13.08.2021 00:51:52.170,0.7338800000000001,0.73379,1,1
13.08.2021 00:51:58.654,0.7338800000000001,0.7337800000000001,1,2.25
13.08.2021 00:51:58.759,0.7338800000000001,0.73379,1,1
13.08.2021 00:52:06.155,0.73387,0.73377,1,2.25
13.08.2021 00:52:08.016,0.7338800000000001,0.73379,1.5,1
13.08.2021 00:52:08.117,0.73389,0.73379,1,1.5
13.08.2021 00:52:13.235,0.7339,0.7338,1,1.5
13.08.2021 00:53:05.347,0.7339,0.73379,5.14,1.5
13.08.2021 00:53:05.448,0.7339,0.73379,5.16,1.5
13.08.2021 00:53:09.615,0.73389,0.73377,1,2.25
13.08.2021 00:53:10.490,0.7338800000000001,0.73379,1,1
13.08.2021 00:53:12.063,0.7339,0.7337800000000001,1.1,1
13.08.2021 00:53:13.754,0.73387,0.7337600000000001,1,1.5
13.08.2021 00:53:13.855,0.73387,0.7337800000000001,1,1.5
13.08.2021 00:53:13.956,0.7338600000000001,0.7337800000000001,1,1
13.08.2021 00:53:14.108,0.73387,0.7337600000000001,1,1.5
13.08.2021 00:53:18.380,0.73387,0.73375,1.69,1.5
13.08.2021 00:53:26.979,0.7338600000000001,0.73377,1.5,1
13.08.2021 00:53:36.225,0.7338600000000001,0.7337600000000001,1.5,1
13.08.2021 00:54:02.908,0.7338600000000001,0.73377,1.5,1
13.08.2021 00:54:06.877,0.73385,0.73375,1,1
13.08.2021 00:54:07.732,0.7338100000000001,0.7337300000000001,1,1
13.08.2021 00:54:07.834,0.73382,0.73374,1,1
13.08.2021 00:54:07.935,0.7338300000000001,0.73372,1,1
13.08.2021 00:54:08.138,0.73382,0.73374,1,1
13.08.2021 00:54:08.925,0.73382,0.7337300000000001,1,1
13.08.2021 00:54:25.739,0.7338,0.7337,1,1
13.08.2021 00:54:25.840,0.7338,0.73369,1,1
13.08.2021 00:54:26.219,0.7337800000000001,0.7337,1,1
13.08.2021 00:54:26.320,0.7337800000000001,0.73369,1.5,1
13.08.2021 00:54:26.833,0.7337800000000001,0.73368,1.5,1
13.08.2021 00:54:27.560,0.73377,0.73367,2.25,1.5
13.08.2021 00:54:27.814,0.7337600000000001,0.73367,1.25,1.5
13.08.2021 00:54:51.684,0.73377,0.73365,1.5,1
13.08.2021 00:54:53.149,0.73375,0.73363,1,1
13.08.2021 00:54:53.251,0.73372,0.73363,1,1
13.08.2021 00:55:00.345,0.7337100000000001,0.73362,1,1
13.08.2021 00:55:00.993,0.73374,0.73364,2.06,1.5
13.08.2021 00:55:01.044,0.7337100000000001,0.73363,1,1
13.08.2021 00:55:07.677,0.7337100000000001,0.73362,1,1
13.08.2021 00:55:07.994,0.7337100000000001,0.7336100000000001,1,2.25
13.08.2021 00:55:18.610,0.7337100000000001,0.73362,1,1
13.08.2021 00:55:18.660,0.73374,0.73362,1.5,1.5
13.08.2021 00:55:18.711,0.73374,0.73365,1,1
13.08.2021 00:55:18.813,0.73375,0.7336600000000001,1,1
13.08.2021 00:55:18.914,0.7337600000000001,0.7336600000000001,2.25,1
13.08.2021 00:55:32.227,0.73379,0.7337,2,1.5
13.08.2021 00:55:32.328,0.7338100000000001,0.73369,1.87,1.69
13.08.2021 00:55:32.429,0.7338100000000001,0.7337,1,1
13.08.2021 00:55:36.207,0.7338100000000001,0.7337100000000001,1.57,1
13.08.2021 00:55:41.429,0.73382,0.73372,2.25,1
13.08.2021 00:55:53.737,0.7338100000000001,0.7337100000000001,1.87,1.5
13.08.2021 00:56:01.139,0.7338,0.7337100000000001,1,1
13.08.2021 00:56:01.240,0.7338,0.7337,1,1
13.08.2021 00:56:16.904,0.7338100000000001,0.7337,2.25,2.51
13.08.2021 00:56:17.913,0.7338100000000001,0.7337100000000001,1.5,1
13.08.2021 00:56:40.096,0.73379,0.7337100000000001,1.12,1
13.08.2021 00:56:40.146,0.73379,0.73369,2.81,1
13.08.2021 00:56:40.248,0.73379,0.73368,1.5,2.25
13.08.2021 00:57:00.240,0.7338,0.73368,1,1
13.08.2021 00:57:02.025,0.7337800000000001,0.7336600000000001,1,3.19
13.08.2021 00:57:03.214,0.7337600000000001,0.7336600000000001,1,2.25
13.08.2021 00:57:32.243,0.73377,0.7336600000000001,1.5,1
13.08.2021 00:57:40.710,0.7337600000000001,0.7336600000000001,1,2.44
13.08.2021 00:57:41.822,0.7337600000000001,0.73367,1,1
13.08.2021 00:57:42.177,0.7337800000000001,0.73367,1.5,2.44
13.08.2021 00:57:42.228,0.7337800000000001,0.73369,1,1
13.08.2021 00:57:42.329,0.73379,0.73369,2.44,1
13.08.2021 00:57:53.951,0.7338100000000001,0.73369,1.5,1.5
13.08.2021 00:57:54.052,0.73385,0.73372,3.94,1.5
13.08.2021 00:57:55.765,0.7338300000000001,0.7337300000000001,1,1
13.08.2021 00:58:00.184,0.7338300000000001,0.7337100000000001,2.44,1.5
13.08.2021 00:58:02.208,0.7338100000000001,0.7337100000000001,1,2.25
13.08.2021 00:58:02.309,0.7338100000000001,0.7337,2.81,2.25
13.08.2021 00:58:10.906,0.7338100000000001,0.7337100000000001,1.5,1
13.08.2021 00:58:20.135,0.7338100000000001,0.7337,2.25,2.25
13.08.2021 00:58:22.994,0.7338100000000001,0.73369,1,1.5
13.08.2021 00:58:45.212,0.7338100000000001,0.7337,3.56,1.5
13.08.2021 00:58:51.167,0.7338,0.7337,1,1.5
13.08.2021 00:59:10.781,0.7338,0.73369,2.25,1.5
13.08.2021 00:59:20.890,0.7338100000000001,0.7337,1,1
13.08.2021 00:59:20.991,0.73382,0.7337,1,1.5
13.08.2021 00:59:28.042,0.73382,0.73372,1.87,1
13.08.2021 00:59:28.143,0.73385,0.7337600000000001,3.75,1
13.08.2021 00:59:28.244,0.7338600000000001,0.7337600000000001,2.62,1
13.08.2021 00:59:30.160,0.73384,0.73375,1,1
13.08.2021 00:59:31.929,0.7338300000000001,0.7337300000000001,1.5,1.5
13.08.2021 00:59:34.843,0.7338300000000001,0.73372,1,1
13.08.2021 00:59:34.963,0.73382,0.73372,2.25,1.25
13.08.2021 00:59:35.841,0.7338300000000001,0.7337300000000001,1,1.25
13.08.2021 00:59:35.943,0.73385,0.7337300000000001,1.5,1
13.08.2021 00:59:38.094,0.73385,0.73374,2.25,1.69
13.08.2021 00:59:40.600,0.73385,0.73375,1.5,1.25
13.08.2021 00:59:41.876,0.73385,0.7337600000000001,1,1
13.08.2021 00:59:41.993,0.7338600000000001,0.7337600000000001,1,2.44
13.08.2021 00:59:43.952,0.7338600000000001,0.73377,1,1
13.08.2021 00:59:44.053,0.73387,0.73377,1.5,1.5
13.08.2021 00:59:44.154,0.73389,0.7337800000000001,1.12,1
13.08.2021 00:59:44.256,0.73389,0.73379,1.12,1
13.08.2021 00:59:58.232,0.73387,0.73377,1.5,1.5
13.08.2021 00:59:58.383,0.73387,0.7337600000000001,1,1
13.08.2021 00:59:58.485,0.73387,0.73375,1,1.5
13.08.2021 00:59:58.951,0.7338600000000001,0.73375,1.5,1
13.08.2021 01:00:01.585,0.7338600000000001,0.7337600000000001,1.87,1
13.08.2021 01:00:02.412,0.73387,0.7337600000000001,1.87,1
13.08.2021 01:00:02.513,0.73385,0.7337600000000001,1,1
13.08.2021 01:00:05.365,0.7338600000000001,0.73377,1,1
13.08.2021 01:00:06.440,0.73387,0.73377,1,1.5
13.08.2021 01:00:06.541,0.73389,0.7338,1,1.25
13.08.2021 01:00:06.643,0.73392,0.7338100000000001,2.25,1
13.08.2021 01:00:17.876,0.7339,0.7338,1,2.51
13.08.2021 01:00:18.445,0.7339,0.73379,3.37,2.44
13.08.2021 01:00:18.927,0.73389,0.73379,1,1.69
13.08.2021 01:00:26.465,0.73387,0.73377,1,2.5
13.08.2021 01:00:26.566,0.73387,0.73377,1,1.69
13.08.2021 01:00:30.767,0.73389,0.7337600000000001,2.32,1.69
13.08.2021 01:00:30.975,0.73389,0.73377,1.5,1
13.08.2021 01:00:32.004,0.73389,0.7337800000000001,1.95,1.5
13.08.2021 01:00:45.894,0.7338800000000001,0.7337800000000001,1,1
13.08.2021 01:00:47.628,0.73389,0.73379,1,1.25
13.08.2021 01:00:50.437,0.73387,0.7337800000000001,1,1
13.08.2021 01:00:50.538,0.73387,0.73377,2.32,1
13.08.2021 01:00:50.640,0.7338600000000001,0.73377,1,1
13.08.2021 01:00:51.489,0.73387,0.73375,1.5,2.44
13.08.2021 01:00:56.119,0.73385,0.7337600000000001,1,1
13.08.2021 01:00:56.221,0.73385,0.7337300000000001,2.32,1
13.08.2021 01:00:56.373,0.73382,0.73372,1,1.25
13.08.2021 01:00:57.212,0.73382,0.7337100000000001,2.35,1.5
13.08.2021 01:00:57.414,0.73382,0.7337100000000001,2.32,1.5
13.08.2021 01:00:57.566,0.7338100000000001,0.7337100000000001,1.5,1
13.08.2021 01:02:41.482,0.73379,0.7337100000000001,1.69,1.5
13.08.2021 01:02:41.584,0.73377,0.73367,1.1,1.5
13.08.2021 01:02:41.685,0.73377,0.73365,2.32,1.5
13.08.2021 01:02:41.787,0.73375,0.7336600000000001,1,1
13.08.2021 01:02:47.069,0.73374,0.73364,1,1.5
13.08.2021 01:02:47.120,0.7337100000000001,0.7336100000000001,1.5,3
13.08.2021 01:02:47.221,0.7337100000000001,0.73359,1,3.19
13.08.2021 01:02:49.576,0.7337100000000001,0.7336,1,1
13.08.2021 01:02:49.677,0.7337300000000001,0.73364,1,1.25
13.08.2021 01:02:49.779,0.73375,0.73365,1.95,4
13.08.2021 01:02:52.268,0.73375,0.73365,1.5,3
13.08.2021 01:02:53.102,0.73375,0.73364,1,2.25
13.08.2021 01:03:00.470,0.73374,0.73364,1,2.62
13.08.2021 01:03:01.180,0.7337300000000001,0.73362,1.25,1
13.08.2021 01:03:01.230,0.73372,0.7336,1,4.5
13.08.2021 01:03:02.188,0.73369,0.7336100000000001,1,1.5
13.08.2021 01:03:02.290,0.73369,0.7336,1,1.5
13.08.2021 01:03:13.892,0.73367,0.73359,1.94,1
13.08.2021 01:03:13.943,0.7336600000000001,0.73355,1.76,1.87
13.08.2021 01:03:14.044,0.73365,0.73355,1,2.44
13.08.2021 01:03:14.095,0.7336600000000001,0.73357,1,1
13.08.2021 01:03:14.197,0.7336600000000001,0.73355,1.57,2.44
13.08.2021 01:03:26.068,0.73362,0.73353,1,1.5
13.08.2021 01:03:26.170,0.73365,0.7335200000000001,2.91,1
13.08.2021 01:03:26.271,0.73364,0.73353,2.51,1
13.08.2021 01:03:27.083,0.73363,0.73354,1,1
13.08.2021 01:03:27.336,0.73363,0.73353,1.57,1.5
13.08.2021 01:03:29.242,0.73362,0.7335200000000001,1,1.5
13.08.2021 01:03:29.495,0.73362,0.7335200000000001,3.29,1
13.08.2021 01:03:37.926,0.73363,0.7335,3.29,2.25
13.08.2021 01:03:54.391,0.7336,0.7335100000000001,1,1
13.08.2021 01:04:03.320,0.7336,0.7335,1.57,1.5
13.08.2021 01:04:16.561,0.73359,0.7335,1,1
13.08.2021 01:04:16.663,0.7335600000000001,0.7334700000000001,1.25,1
13.08.2021 01:04:16.765,0.7335600000000001,0.7334600000000001,1,2.25
13.08.2021 01:04:24.237,0.73357,0.73348,1,1
13.08.2021 01:04:24.339,0.73359,0.73348,2.14,1.5
13.08.2021 01:04:24.441,0.7336,0.73348,1.01,1
13.08.2021 01:04:26.787,0.7336,0.7335,1.5,1
13.08.2021 01:04:29.681,0.7336100000000001,0.7335,1,1
13.08.2021 01:04:29.814,0.7336100000000001,0.7335100000000001,1.76,1.5
13.08.2021 01:04:31.929,0.73363,0.7335100000000001,1.66,1
13.08.2021 01:04:33.685,0.73363,0.7335200000000001,2.31,1
13.08.2021 01:04:33.736,0.73364,0.73355,1.25,1.5
13.08.2021 01:04:33.837,0.73368,0.73355,3.31,1.5
13.08.2021 01:04:33.888,0.73367,0.73357,1.31,1
13.08.2021 01:04:38.009,0.73367,0.7335600000000001,2.81,1.5
13.08.2021 01:04:48.986,0.73368,0.73355,3.81,1.5
13.08.2021 01:05:12.127,0.73367,0.7335600000000001,2.62,1.57
13.08.2021 01:05:12.229,0.73367,0.73357,1.87,1.5
13.08.2021 01:05:40.347,0.73369,0.73363,1.25,1
13.08.2021 01:05:40.398,0.73374,0.73365,3.45,1
13.08.2021 01:05:40.500,0.73375,0.73365,2.37,1
13.08.2021 01:05:40.601,0.7337600000000001,0.73364,1.25,1.1
13.08.2021 01:05:40.652,0.73375,0.73367,1.25,1
13.08.2021 01:05:41.603,0.73377,0.73367,2.31,1
13.08.2021 01:05:42.789,0.7337800000000001,0.73367,1.94,1
13.08.2021 01:05:44.785,0.7337800000000001,0.73367,1.87,1
13.08.2021 01:05:47.051,0.7337600000000001,0.73367,1,1
13.08.2021 01:05:47.153,0.73375,0.73367,1,1
13.08.2021 01:05:50.140,0.73375,0.73368,1,1
13.08.2021 01:05:54.616,0.73375,0.73367,1,1.5
13.08.2021 01:05:59.599,0.7337600000000001,0.73367,1.12,1
13.08.2021 01:06:05.039,0.73374,0.73367,2.81,1
13.08.2021 01:06:05.091,0.73374,0.73363,1.12,1.5
13.08.2021 01:06:05.684,0.73375,0.73365,2.81,1
13.08.2021 01:06:11.847,0.73375,0.7336600000000001,1.31,1
13.08.2021 01:06:12.631,0.7337600000000001,0.7336600000000001,2.06,1
13.08.2021 01:06:16.325,0.73377,0.7336600000000001,1.87,2.25
13.08.2021 01:06:16.697,0.73377,0.73367,1.87,1
13.08.2021 01:06:20.866,0.7337800000000001,0.73367,1.12,1
13.08.2021 01:06:23.137,0.7338,0.7337,4.81,1.5
13.08.2021 01:06:23.238,0.7338100000000001,0.73369,3.19,1.5
13.08.2021 01:06:23.339,0.7338,0.7337100000000001,1,1
13.08.2021 01:06:29.336,0.7338100000000001,0.73372,1.31,1
13.08.2021 01:06:35.670,0.7338,0.7337100000000001,3.94,1
13.08.2021 01:06:38.363,0.7337800000000001,0.7337,1.31,1
13.08.2021 01:06:38.464,0.7337800000000001,0.73369,3.19,1
13.08.2021 01:06:38.566,0.73377,0.73368,1.12,1
13.08.2021 01:07:03.090,0.73379,0.73369,1,1
13.08.2021 01:07:03.192,0.73379,0.73369,1,1
13.08.2021 01:07:03.293,0.73382,0.7337,3.07,1
13.08.2021 01:07:03.546,0.7338100000000001,0.7337,3.75,1.5
13.08.2021 01:07:08.693,0.7338,0.7337,1.69,1
13.08.2021 01:07:09.633,0.7338,0.73369,1,1
13.08.2021 01:07:15.128,0.7337800000000001,0.73367,1.25,1
13.08.2021 01:07:15.229,0.73377,0.73367,1,1
13.08.2021 01:07:15.648,0.7337600000000001,0.73367,1.25,1
13.08.2021 01:07:15.801,0.7337600000000001,0.7336600000000001,1.25,2.25
13.08.2021 01:07:16.341,0.7337600000000001,0.73365,1.25,1.5
13.08.2021 01:07:27.231,0.73377,0.73365,1.69,1.5
13.08.2021 01:07:27.798,0.73375,0.7336600000000001,1,1.5
13.08.2021 01:07:28.282,0.7337600000000001,0.7336600000000001,1.25,1.5
13.08.2021 01:07:29.797,0.7337600000000001,0.73365,1,1.5
13.08.2021 01:07:33.238,0.73375,0.7336600000000001,1.75,1
13.08.2021 01:07:33.290,0.73372,0.73363,1.69,1.87
13.08.2021 01:07:33.391,0.7337100000000001,0.7336100000000001,1,1.12
13.08.2021 01:07:36.588,0.7337100000000001,0.7336,1,1
13.08.2021 01:07:36.809,0.7337100000000001,0.73359,1.69,1.5
13.08.2021 01:07:36.910,0.73368,0.73359,1,1.5
13.08.2021 01:07:38.228,0.73367,0.73358,1.25,1
13.08.2021 01:07:38.329,0.73367,0.73357,1.25,1
13.08.2021 01:07:41.042,0.7336600000000001,0.7335600000000001,1,2.25
13.08.2021 01:07:45.201,0.73365,0.7335600000000001,1,1.5
13.08.2021 01:08:03.089,0.73365,0.73355,1.69,1.5
13.08.2021 01:08:05.316,0.73364,0.73355,1,1.5
13.08.2021 01:08:08.314,0.73365,0.73355,2.51,1.5
13.08.2021 01:08:08.556,0.73364,0.73355,1,1.5
13.08.2021 01:08:10.013,0.73362,0.73353,1.57,1
13.08.2021 01:08:10.114,0.7336100000000001,0.7335200000000001,1.1,1.5
13.08.2021 01:08:11.528,0.7336,0.7335100000000001,1,1.5
13.08.2021 01:08:27.088,0.73359,0.7335,1.69,1
13.08.2021 01:08:27.189,0.73358,0.73348,1.57,1.5
13.08.2021 01:08:27.977,0.73357,0.73348,1,1.5
13.08.2021 01:08:31.531,0.7335600000000001,0.7334600000000001,1,2.25
13.08.2021 01:09:05.617,0.7335600000000001,0.7334700000000001,1,1.5
13.08.2021 01:09:05.720,0.73359,0.7334700000000001,1.1,1.5
13.08.2021 01:09:06.664,0.73359,0.73349,2.51,1
13.08.2021 01:09:14.069,0.73358,0.73349,1,1
13.08.2021 01:09:18.160,0.73357,0.73348,1.69,1
13.08.2021 01:09:18.210,0.73354,0.73344,1.25,3.31
13.08.2021 01:09:18.312,0.73353,0.7334200000000001,2.44,3.82
13.08.2021 01:09:18.514,0.73353,0.73343,1.01,1
13.08.2021 01:09:29.382,0.7335200000000001,0.7334200000000001,1,1.87
13.08.2021 01:09:30.810,0.7335100000000001,0.7334100000000001,1.76,1
13.08.2021 01:09:30.861,0.7335,0.73339,2.14,2.25
13.08.2021 01:09:31.010,0.73348,0.73339,1,1
13.08.2021 01:09:31.111,0.73348,0.73338,1,1.5
13.08.2021 01:09:31.213,0.7334700000000001,0.7333500000000001,1,2.25
13.08.2021 01:09:31.314,0.73345,0.7333500000000001,1,2.25
13.08.2021 01:09:32.592,0.7334600000000001,0.7333500000000001,1.76,2.25
13.08.2021 01:09:34.030,0.7334700000000001,0.7333500000000001,1.76,1.5
13.08.2021 01:09:44.782,0.73345,0.7333600000000001,1,1
13.08.2021 01:09:44.996,0.7334600000000001,0.7333600000000001,1.76,1
13.08.2021 01:09:45.097,0.73345,0.7333500000000001,1.25,1.5
13.08.2021 01:10:02.568,0.7334600000000001,0.7333500000000001,2.51,2.25
13.08.2021 01:10:02.671,0.7335,0.7334,1.57,1.5
13.08.2021 01:10:02.773,0.7335100000000001,0.7334100000000001,1.57,2.25
13.08.2021 01:10:17.693,0.7335200000000001,0.7334,2.57,1.5
13.08.2021 01:10:17.795,0.73349,0.7334,1,1
13.08.2021 01:10:17.897,0.7335100000000001,0.73339,1.57,1.5
13.08.2021 01:10:24.845,0.7335,0.73339,2.51,2.25
13.08.2021 01:10:27.742,0.73348,0.73338,1,2.25
13.08.2021 01:10:27.844,0.73349,0.73338,2.89,2.25
13.08.2021 01:10:29.910,0.7335,0.7334,1.76,1.5
13.08.2021 01:10:44.641,0.73349,0.73339,1.01,2.25
13.08.2021 01:10:50.098,0.7335,0.7334,2.51,1
13.08.2021 01:10:52.499,0.73349,0.73339,1,2.25
13.08.2021 01:10:58.691,0.7335100000000001,0.73339,1.76,1.5
13.08.2021 01:11:01.937,0.7334700000000001,0.73338,1.25,1.5
13.08.2021 01:11:02.039,0.73348,0.73338,1.76,1
13.08.2021 01:11:02.660,0.7334600000000001,0.73338,1,1
13.08.2021 01:11:02.762,0.7334700000000001,0.73337,1.76,1.5
13.08.2021 01:11:03.175,0.73348,0.7333600000000001,2.54,1
13.08.2021 01:11:04.957,0.7334700000000001,0.73337,3.26,1
13.08.2021 01:11:05.596,0.7334700000000001,0.73337,2.54,1
13.08.2021 01:11:06.590,0.7334700000000001,0.73337,3.26,1
13.08.2021 01:11:08.359,0.7334700000000001,0.73337,3.76,1
13.08.2021 01:11:08.461,0.73345,0.7333600000000001,1.25,1.5
13.08.2021 01:11:12.685,0.7334600000000001,0.7333600000000001,1.95,1.5
13.08.2021 01:11:15.073,0.73345,0.7333500000000001,1.69,1.5
13.08.2021 01:11:18.322,0.7334200000000001,0.73334,1.76,1
13.08.2021 01:11:18.373,0.7334200000000001,0.7333000000000001,1,2.25
13.08.2021 01:11:18.474,0.7334100000000001,0.7333000000000001,1,1.5
13.08.2021 01:11:32.064,0.7334,0.7333000000000001,1.69,2.25
13.08.2021 01:11:36.447,0.73338,0.73328,2.44,3
13.08.2021 01:11:36.549,0.7334100000000001,0.73329,2.51,1.5
13.08.2021 01:11:44.781,0.7334100000000001,0.73331,3.26,1
13.08.2021 01:11:46.822,0.7334200000000001,0.73331,2.51,1
13.08.2021 01:11:48.582,0.73344,0.73334,1,1
13.08.2021 01:11:48.633,0.7334600000000001,0.7333500000000001,2.32,1.5
13.08.2021 01:11:48.785,0.7334600000000001,0.7333600000000001,1.01,2.25
13.08.2021 01:11:51.750,0.7334700000000001,0.7333600000000001,1.01,1
13.08.2021 01:11:53.317,0.7334600000000001,0.7333600000000001,1.01,2.25
13.08.2021 01:12:32.046,0.7334600000000001,0.7333600000000001,5.41,1
13.08.2021 01:12:32.097,0.73345,0.73334,1.97,1.5
13.08.2021 01:12:38.863,0.73343,0.73333,1.57,1.5
13.08.2021 01:12:48.790,0.73343,0.73332,1,1
13.08.2021 01:12:51.707,0.7334200000000001,0.73332,1,2.62
13.08.2021 01:12:59.387,0.7334100000000001,0.73331,1.01,2.25
13.08.2021 01:13:00.213,0.7334100000000001,0.73332,1.57,1.5
13.08.2021 01:13:00.264,0.73343,0.7333500000000001,1,1
13.08.2021 01:13:00.365,0.73344,0.7333500000000001,1.5,1.5
13.08.2021 01:13:04.625,0.7334600000000001,0.73334,1.5,2.25
13.08.2021 01:13:38.279,0.7334200000000001,0.73332,1.12,2.32
13.08.2021 01:13:38.381,0.73344,0.7333500000000001,1.12,2.25
13.08.2021 01:13:38.482,0.7334600000000001,0.73337,1,2.25
13.08.2021 01:13:38.583,0.7334700000000001,0.73338,1.76,1
13.08.2021 01:13:38.685,0.73349,0.73337,1.57,1.5
13.08.2021 01:13:38.786,0.73348,0.73339,1.57,1
13.08.2021 01:13:50.905,0.73348,0.73338,3.26,1
13.08.2021 01:13:51.006,0.73348,0.7333600000000001,1.95,1
13.08.2021 01:13:51.107,0.73345,0.7333600000000001,1.1,1
13.08.2021 01:13:51.323,0.7334100000000001,0.73333,1,1
13.08.2021 01:13:51.425,0.7334100000000001,0.73332,1,1
13.08.2021 01:13:53.291,0.7334,0.73331,1,1
13.08.2021 01:14:02.886,0.7334100000000001,0.73329,1.25,2.25
13.08.2021 01:14:08.337,0.7334,0.73328,1.69,1.5
13.08.2021 01:14:12.590,0.73339,0.73331,1,1
13.08.2021 01:14:12.691,0.7334,0.73331,1,1
13.08.2021 01:14:12.792,0.7334200000000001,0.73332,1.69,1
13.08.2021 01:14:16.713,0.7334200000000001,0.73332,1.94,1.5
13.08.2021 01:14:41.019,0.7334200000000001,0.73332,1.31,1.5
13.08.2021 01:14:47.738,0.73345,0.7333600000000001,1,1
13.08.2021 01:14:47.840,0.73348,0.73339,1.37,1
13.08.2021 01:14:47.891,0.73349,0.73339,1,1
13.08.2021 01:14:47.942,0.73349,0.7334100000000001,1,1
13.08.2021 01:14:48.043,0.73349,0.7334,1,1
13.08.2021 01:14:48.789,0.7335,0.7334100000000001,1,1
13.08.2021 01:14:48.890,0.7335100000000001,0.7334100000000001,1.57,1.5
13.08.2021 01:15:01.939,0.7334700000000001,0.73338,1,1
13.08.2021 01:15:02.040,0.7334600000000001,0.73337,1,1
13.08.2021 01:15:39.857,0.73348,0.7333600000000001,2.06,1
13.08.2021 01:15:41.754,0.7334600000000001,0.73337,1.56,1
13.08.2021 01:15:41.855,0.7334700000000001,0.73337,2.89,1
13.08.2021 01:15:44.787,0.7334700000000001,0.73338,1.5,1
13.08.2021 01:15:46.097,0.7334700000000001,0.73337,1.5,1
13.08.2021 01:15:47.382,0.7334700000000001,0.73338,1.57,1
13.08.2021 01:15:51.902,0.7334700000000001,0.73339,1,1.01
13.08.2021 01:15:51.953,0.73349,0.7334200000000001,1,1
13.08.2021 01:15:52.055,0.7335,0.7334200000000001,1,1
13.08.2021 01:15:52.544,0.7335100000000001,0.7334200000000001,1,1
13.08.2021 01:15:54.038,0.7335200000000001,0.73343,1,1
13.08.2021 01:15:54.191,0.73355,0.7334600000000001,1.12,1.69
13.08.2021 01:15:54.294,0.73358,0.7334600000000001,2,1.25
13.08.2021 01:15:54.345,0.73357,0.73348,1,1
13.08.2021 01:16:00.956,0.73359,0.7335,1,1
13.08.2021 01:16:01.007,0.7336100000000001,0.7335,1,1
13.08.2021 01:16:01.108,0.73362,0.7335200000000001,3.64,1.5
13.08.2021 01:16:28.483,0.73358,0.73349,2.32,1
13.08.2021 01:16:28.585,0.73357,0.73348,1,1
13.08.2021 01:16:32.394,0.73358,0.7334600000000001,2.25,1.5
13.08.2021 01:16:34.826,0.73358,0.73349,1.5,1
13.08.2021 01:16:34.927,0.73359,0.7335,1.5,1.5
13.08.2021 01:16:37.649,0.7336,0.7335100000000001,1.5,1.5
13.08.2021 01:16:38.522,0.7336,0.7335,3.07,1.5
13.08.2021 01:16:38.624,0.73359,0.7335,1,1.5
13.08.2021 01:16:47.198,0.7336,0.7335,1,3.19
13.08.2021 01:16:47.299,0.73362,0.7335200000000001,1.1,1
13.08.2021 01:16:50.077,0.73362,0.7335100000000001,1,1
13.08.2021 01:16:54.841,0.73363,0.7335100000000001,1.95,1
13.08.2021 01:16:54.942,0.73363,0.73355,1,1
13.08.2021 01:16:54.993,0.7336600000000001,0.73354,4.01,1.5
13.08.2021 01:16:55.145,0.73365,0.7335600000000001,1.76,1
13.08.2021 01:16:55.781,0.73364,0.73355,1.1,1
13.08.2021 01:16:55.883,0.73364,0.73353,1.1,1
13.08.2021 01:16:55.984,0.73363,0.73353,1.1,1.5
13.08.2021 01:17:02.116,0.73364,0.73353,2.51,1.5
13.08.2021 01:17:04.069,0.73364,0.73354,2.89,1
13.08.2021 01:17:06.529,0.73364,0.73353,2.89,1.5
13.08.2021 01:17:06.916,0.73364,0.73354,1.2,1.69
13.08.2021 01:17:07.017,0.73365,0.73355,1.1,1.5
13.08.2021 01:17:08.059,0.73365,0.73354,4.82,1.5
13.08.2021 01:17:22.528,0.73367,0.7335600000000001,4.22,1.25
13.08.2021 01:17:22.631,0.73368,0.7335600000000001,2.32,1.5
13.08.2021 01:17:23.233,0.73369,0.7335600000000001,2.7,1.69
13.08.2021 01:17:24.503,0.73368,0.73358,1,3.44
13.08.2021 01:17:24.605,0.7337100000000001,0.7336,3.22,1.69
13.08.2021 01:17:24.706,0.7337100000000001,0.7336100000000001,1.57,1.5
13.08.2021 01:17:25.090,0.7337300000000001,0.7336100000000001,2.7,1
13.08.2021 01:17:31.652,0.7337100000000001,0.7336100000000001,1,1.5
13.08.2021 01:17:32.589,0.7337,0.7336,1.57,1
13.08.2021 01:17:32.691,0.7337,0.73359,1,1
13.08.2021 01:17:41.620,0.73369,0.7336100000000001,1,1
13.08.2021 01:18:02.689,0.7337100000000001,0.7336,1,1
13.08.2021 01:18:03.616,0.73369,0.7336100000000001,1,1
13.08.2021 01:18:04.152,0.73365,0.73355,1,1
13.08.2021 01:18:04.254,0.73365,0.73357,1.12,1
13.08.2021 01:18:07.386,0.7336600000000001,0.73357,3.07,1
13.08.2021 01:18:18.733,0.73365,0.73355,1.5,1.5
13.08.2021 01:18:28.887,0.7336600000000001,0.73355,3.45,2.25
13.08.2021 01:18:29.397,0.7336600000000001,0.7335600000000001,2.25,1
13.08.2021 01:18:43.947,0.73367,0.73357,2.7,1.5
13.08.2021 01:18:44.050,0.73368,0.7336,1,1
13.08.2021 01:18:44.203,0.73369,0.7336,1,1
13.08.2021 01:18:44.306,0.7337,0.7336100000000001,1,1.5
13.08.2021 01:18:44.407,0.7337100000000001,0.7336100000000001,2.25,1.5
13.08.2021 01:18:54.770,0.73372,0.73364,1,1.57
13.08.2021 01:18:54.826,0.73377,0.73365,1.95,1
13.08.2021 01:19:02.883,0.7337800000000001,0.73365,1.95,1.5
13.08.2021 01:19:05.116,0.73377,0.73367,1.1,1
13.08.2021 01:19:11.116,0.7337600000000001,0.73367,1,1
13.08.2021 01:19:18.601,0.7337600000000001,0.73365,1,1
13.08.2021 01:20:02.165,0.7337600000000001,0.73364,1.5,1.5
13.08.2021 01:20:05.504,0.73375,0.73365,1.5,1.6
13.08.2021 01:20:18.384,0.73375,0.7336600000000001,1,1.35
13.08.2021 01:20:35.334,0.73375,0.73365,1,2.35
13.08.2021 01:20:35.888,0.73374,0.73365,1,1.6
13.08.2021 01:20:47.162,0.73375,0.73365,1.5,3.29
13.08.2021 01:20:58.076,0.73374,0.73364,2.25,1.1
13.08.2021 01:20:59.141,0.73375,0.73364,3.37,1.6
13.08.2021 01:21:22.820,0.7337300000000001,0.73363,1.5,1.6
13.08.2021 01:21:22.921,0.73374,0.73364,1.5,1.1
13.08.2021 01:21:43.001,0.73375,0.73364,2.25,1.6
13.08.2021 01:21:48.550,0.7337300000000001,0.73363,2.62,1.1
13.08.2021 01:21:50.421,0.73372,0.73362,1.5,1.57
13.08.2021 01:21:50.747,0.73372,0.73362,1.5,1.6
13.08.2021 01:22:01.458,0.7337100000000001,0.73362,1.69,1.57
13.08.2021 01:22:01.591,0.7337100000000001,0.7336100000000001,3.19,1.1
13.08.2021 01:22:03.534,0.7337,0.7336,1.5,1.1
13.08.2021 01:22:04.230,0.7337,0.7336100000000001,1,1.1
13.08.2021 01:22:32.714,0.7337,0.7336,1.5,1.79
13.08.2021 01:22:41.346,0.73368,0.7336,1,1.69
13.08.2021 01:22:44.216,0.73367,0.73358,1,4.04
13.08.2021 01:22:44.267,0.7337,0.73359,1,1.01
13.08.2021 01:22:44.368,0.73369,0.7336,1,1.35
13.08.2021 01:22:45.413,0.73368,0.7336,1,1.1
13.08.2021 01:22:46.172,0.73369,0.7336,1,1.1
13.08.2021 01:23:05.316,0.73368,0.7336,1,1
13.08.2021 01:23:05.417,0.73368,0.73358,1,2.54
13.08.2021 01:23:08.645,0.73368,0.7336,1,1
13.08.2021 01:23:08.746,0.7337,0.7336,1,1.1
13.08.2021 01:23:11.656,0.7337100000000001,0.7336,1.5,1.1
13.08.2021 01:23:11.707,0.73372,0.73363,1,1.1
13.08.2021 01:23:11.808,0.73374,0.73363,1.12,1.57
13.08.2021 01:23:19.286,0.73372,0.7336100000000001,1,1.1
13.08.2021 01:23:22.144,0.73372,0.73363,1,1.35
13.08.2021 01:23:22.245,0.7337300000000001,0.73364,1.87,1.1
13.08.2021 01:24:09.951,0.73374,0.73365,1.5,1.1
13.08.2021 01:24:11.487,0.7337300000000001,0.73362,2.25,3.04
13.08.2021 01:24:11.588,0.73372,0.73362,1,1.85
13.08.2021 01:24:11.698,0.7337300000000001,0.7336100000000001,1,1.41
13.08.2021 01:24:12.054,0.73369,0.7336,1.5,1.57
13.08.2021 01:24:12.156,0.73369,0.73359,1.5,1.1
13.08.2021 01:24:12.257,0.7336600000000001,0.73355,1.5,1.95
13.08.2021 01:24:12.359,0.73364,0.73355,3.94,1
13.08.2021 01:24:12.409,0.73362,0.73353,1,1.1
13.08.2021 01:24:12.662,0.73362,0.7335200000000001,1,1.57
13.08.2021 01:24:12.713,0.73359,0.7335,1,2.51
13.08.2021 01:24:13.628,0.7336100000000001,0.73349,1,2.32
13.08.2021 01:24:17.285,0.73359,0.7335,1,1.57
13.08.2021 01:24:17.746,0.7336100000000001,0.73349,1,1.57
13.08.2021 01:24:22.540,0.73362,0.7335100000000001,1,1.01
13.08.2021 01:24:36.186,0.73363,0.73354,1,1.6
13.08.2021 01:24:36.287,0.73364,0.73355,1,1.1
13.08.2021 01:24:36.389,0.7336600000000001,0.73354,1.5,1.1
13.08.2021 01:24:58.228,0.73365,0.7335600000000001,1.5,1.01
13.08.2021 01:24:58.329,0.73369,0.7336,1.75,1.01
13.08.2021 01:24:58.431,0.7337,0.7336,1.5,2.54
13.08.2021 01:25:03.179,0.7337,0.7336,1.5,2.32
13.08.2021 01:25:03.381,0.7337,0.7336,1.5,2.35
13.08.2021 01:25:04.217,0.7337,0.7336,1.5,2.32
13.08.2021 01:25:05.515,0.7337,0.7336,1.5,2.35
13.08.2021 01:25:09.267,0.7337100000000001,0.7336,2.25,2.54
13.08.2021 01:25:09.369,0.73372,0.7336,1,1.79
13.08.2021 01:25:09.470,0.73372,0.73362,2.25,1.1
13.08.2021 01:25:09.623,0.7337300000000001,0.73363,1.87,1.1
13.08.2021 01:25:11.147,0.7337300000000001,0.73363,1.5,1.1
13.08.2021 01:25:11.299,0.73374,0.73363,2.62,1.79
13.08.2021 01:25:13.644,0.7337300000000001,0.73363,1,1.79
13.08.2021 01:25:16.028,0.7337300000000001,0.73363,1.5,1.1
13.08.2021 01:25:16.148,0.73372,0.73362,1,1.6
13.08.2021 01:25:16.249,0.73372,0.73362,1,1.57
13.08.2021 01:25:17.120,0.73372,0.73362,1,1.6
13.08.2021 01:25:24.766,0.73372,0.7336100000000001,1.5,1.6
13.08.2021 01:25:24.867,0.7337,0.7336,1.5,1.57
13.08.2021 01:25:25.021,0.73369,0.73358,1.5,2.16
13.08.2021 01:25:25.325,0.73365,0.7335600000000001,1,1.85
13.08.2021 01:25:28.154,0.73367,0.73357,1.5,1.1
13.08.2021 01:25:30.613,0.7336600000000001,0.7335600000000001,1,2.91
13.08.2021 01:25:30.738,0.73368,0.73357,2.25,1.6
13.08.2021 01:25:31.221,0.73369,0.73358,2.25,1.76
13.08.2021 01:25:32.101,0.7337,0.73358,1.5,1.1
13.08.2021 01:25:34.657,0.73368,0.73358,1,2.6
13.08.2021 01:25:41.037,0.7337100000000001,0.73358,2.62,2.79
13.08.2021 01:25:41.139,0.7337,0.7336,2.62,1.6
13.08.2021 01:25:41.241,0.7337,0.7336,1.5,1.57
13.08.2021 01:25:41.343,0.7337,0.7336,1.5,1.6
13.08.2021 01:25:45.128,0.73372,0.7336,2.25,1.79
13.08.2021 01:25:47.411,0.7337100000000001,0.73362,1,1.85
13.08.2021 01:25:47.563,0.7337300000000001,0.7336100000000001,1.5,2.6
13.08.2021 01:25:47.765,0.73372,0.73362,1.5,1.79
13.08.2021 01:25:51.842,0.7337100000000001,0.7336100000000001,1.5,1.57
13.08.2021 01:25:56.135,0.7337100000000001,0.7336100000000001,1.5,1.79
13.08.2021 01:26:02.446,0.7337100000000001,0.73362,1,1.35
13.08.2021 01:26:02.598,0.73372,0.73362,1,1.79
13.08.2021 01:26:05.517,0.7337100000000001,0.7336100000000001,1.5,1.95
13.08.2021 01:26:14.069,0.7337100000000001,0.7336100000000001,1.5,1.79
13.08.2021 01:26:18.171,0.7337100000000001,0.7336100000000001,1.5,1.76
13.08.2021 01:26:20.626,0.73372,0.7336,1.5,1.79
13.08.2021 01:26:24.613,0.73372,0.7336,1.5,1.57
13.08.2021 01:26:24.664,0.73367,0.73358,1.69,2
13.08.2021 01:26:24.765,0.73364,0.73354,1,3.45
13.08.2021 01:26:24.867,0.73364,0.73354,1.5,1.1
13.08.2021 01:26:25.347,0.73363,0.73354,1,1
13.08.2021 01:26:27.958,0.73364,0.73354,1.5,1
13.08.2021 01:26:29.035,0.73363,0.73353,1,1.57
13.08.2021 01:26:30.188,0.73364,0.73354,2.44,1
13.08.2021 01:26:34.275,0.73362,0.73353,1,1
13.08.2021 01:27:00.289,0.73363,0.7335100000000001,1,1.76
13.08.2021 01:27:04.225,0.7336100000000001,0.7335200000000001,1,1.5
13.08.2021 01:27:04.326,0.73359,0.7335,1.5,1.12
13.08.2021 01:27:04.428,0.7336,0.7335100000000001,1,1
13.08.2021 01:27:10.326,0.7336100000000001,0.7335100000000001,1,1.57
13.08.2021 01:27:14.133,0.73362,0.7335200000000001,2.06,1
13.08.2021 01:27:16.383,0.73363,0.73355,1.87,1.5
13.08.2021 01:27:16.585,0.73365,0.7335600000000001,1,1
13.08.2021 01:27:32.999,0.73365,0.73357,1,1
13.08.2021 01:27:38.038,0.7336600000000001,0.73357,1.69,1
13.08.2021 01:27:41.615,0.7336600000000001,0.73357,2.69,1
13.08.2021 01:27:45.792,0.7336600000000001,0.73357,1.25,1
13.08.2021 01:27:52.618,0.7336600000000001,0.73358,1,1.57
13.08.2021 01:27:52.720,0.7337100000000001,0.73359,4,1.5
13.08.2021 01:27:52.821,0.7337,0.7336100000000001,1.25,1
13.08.2021 01:27:53.237,0.7337,0.7336,1.25,1.57
13.08.2021 01:27:56.366,0.7337,0.7336,2.5,1.5
13.08.2021 01:28:05.653,0.7337,0.7336,1.69,1.5
13.08.2021 01:28:06.516,0.7337,0.7336,2.5,1.5
13.08.2021 01:28:08.445,0.73369,0.73357,1.25,1.95
13.08.2021 01:28:08.597,0.73367,0.73358,1,1.1
13.08.2021 01:28:08.698,0.73367,0.7335600000000001,1,1.1
13.08.2021 01:28:08.800,0.73365,0.7335600000000001,1,1.2
13.08.2021 01:28:18.619,0.73364,0.73354,1,2.35
13.08.2021 01:28:24.188,0.73365,0.73355,2.44,1.1
13.08.2021 01:28:45.239,0.73365,0.7335600000000001,1,1
13.08.2021 01:28:59.497,0.73365,0.73355,1.1,1.57
13.08.2021 01:29:00.399,0.73365,0.7335600000000001,1,1
13.08.2021 01:29:01.813,0.73365,0.73355,1,1.57
13.08.2021 01:29:06.989,0.73364,0.73355,1,1.1
13.08.2021 01:29:12.044,0.73364,0.7335600000000001,1,1
13.08.2021 01:29:33.393,0.73364,0.73355,1,1
13.08.2021 01:29:33.444,0.73362,0.7335200000000001,1,3.6
13.08.2021 01:29:33.748,0.7336100000000001,0.7335200000000001,1,1.1
13.08.2021 01:29:33.849,0.73363,0.7335200000000001,3.44,1.1
13.08.2021 01:29:34.969,0.73364,0.73354,1.5,1.57
13.08.2021 01:29:35.070,0.73365,0.73353,1.5,1.6
13.08.2021 01:29:38.508,0.73365,0.73357,1.12,1.1
13.08.2021 01:29:38.609,0.7337,0.73359,1.5,1.1
13.08.2021 01:29:38.711,0.73369,0.7336,1,1.1
13.08.2021 01:29:38.812,0.73369,0.7336,1,1.1
13.08.2021 01:29:44.795,0.73367,0.73359,1.5,1.57
13.08.2021 01:29:44.897,0.73365,0.73355,1.69,1.7
13.08.2021 01:29:44.949,0.73364,0.73354,1,2.29
13.08.2021 01:29:53.107,0.73365,0.73353,1.5,1.57
13.08.2021 01:29:56.474,0.73364,0.73355,1,1
13.08.2021 01:29:57.099,0.73365,0.73355,3.19,1.5
13.08.2021 01:29:59.682,0.7336600000000001,0.73354,3.25,1.5
13.08.2021 01:29:59.784,0.73365,0.7335600000000001,2.69,1
13.08.2021 01:30:00.676,0.73365,0.73355,3.44,1
13.08.2021 01:30:02.407,0.7336100000000001,0.7335200000000001,1.25,1
13.08.2021 01:30:02.559,0.7336100000000001,0.7335100000000001,1.69,1.5
13.08.2021 01:30:06.330,0.73363,0.73353,2.75,1.87
13.08.2021 01:30:06.482,0.73364,0.73354,3.19,1
13.08.2021 01:30:09.568,0.73365,0.73355,2.25,3.26
13.08.2021 01:30:09.619,0.7336600000000001,0.73358,1.87,1
13.08.2021 01:30:09.671,0.73369,0.73359,3.19,1.5
13.08.2021 01:30:09.773,0.7337,0.7336,1.5,1.5
13.08.2021 01:30:12.743,0.7337,0.7336100000000001,1,1
13.08.2021 01:30:27.818,0.73372,0.73364,1.5,1
13.08.2021 01:30:27.919,0.73374,0.73363,1.69,1
13.08.2021 01:30:29.786,0.73375,0.7336600000000001,1.12,1.69
13.08.2021 01:30:29.887,0.73377,0.73367,1.62,2.51
13.08.2021 01:30:29.988,0.7337800000000001,0.73367,1.12,1
13.08.2021 01:30:30.191,0.7337800000000001,0.73368,1.5,1.5
13.08.2021 01:30:31.489,0.7337800000000001,0.73369,1,1
13.08.2021 01:30:31.591,0.73379,0.7337,1.25,1
13.08.2021 01:30:31.844,0.7338100000000001,0.73369,2.44,1.5
13.08.2021 01:30:31.946,0.7338100000000001,0.7337,1,1
13.08.2021 01:30:32.047,0.73382,0.7337100000000001,1.69,1
13.08.2021 01:30:32.199,0.73382,0.73374,1.5,1
13.08.2021 01:30:32.249,0.7338600000000001,0.7337600000000001,3.37,1
13.08.2021 01:30:32.351,0.73387,0.7337600000000001,1,1.5
13.08.2021 01:30:32.452,0.73387,0.73377,2.06,1.5
13.08.2021 01:30:32.554,0.73389,0.7337800000000001,1.81,1
13.08.2021 01:30:32.655,0.7338800000000001,0.73379,1.25,1.5
13.08.2021 01:30:32.756,0.7339100000000001,0.73379,2.25,1.5
13.08.2021 01:30:32.858,0.7339100000000001,0.7338,1,1
13.08.2021 01:30:35.212,0.7339,0.73382,1,1
13.08.2021 01:30:35.363,0.7339100000000001,0.7338300000000001,1,1.87
13.08.2021 01:30:35.465,0.73394,0.73384,4.12,1.5
13.08.2021 01:30:35.566,0.73394,0.7338300000000001,1.25,1
13.08.2021 01:30:36.424,0.73394,0.73384,2.44,1
13.08.2021 01:30:36.531,0.7339300000000001,0.73384,1.25,1
13.08.2021 01:30:36.632,0.73394,0.73382,1.69,1.5
13.08.2021 01:30:37.268,0.7339100000000001,0.73382,1,1
13.08.2021 01:30:37.369,0.7339100000000001,0.7338100000000001,1.5,1.5
13.08.2021 01:30:37.997,0.7339,0.73379,1.12,1
13.08.2021 01:30:38.098,0.7338600000000001,0.73377,2.69,1.5
13.08.2021 01:30:38.149,0.73384,0.73375,1.25,1.12
13.08.2021 01:30:38.300,0.73385,0.7337600000000001,1,1
13.08.2021 01:30:38.402,0.7338600000000001,0.73377,1.25,1.5
13.08.2021 01:30:38.503,0.7338600000000001,0.7337600000000001,2.44,1.5
13.08.2021 01:30:38.554,0.73385,0.73375,1,1
13.08.2021 01:30:38.605,0.73384,0.73374,1.5,1.5
13.08.2021 01:30:39.052,0.7338100000000001,0.73372,1.5,1
13.08.2021 01:30:39.154,0.7338100000000001,0.7337100000000001,1.5,1.5
13.08.2021 01:30:41.435,0.7338300000000001,0.73372,1,1.2
13.08.2021 01:30:41.536,0.7338300000000001,0.7337300000000001,2.25,1.95
13.08.2021 01:30:42.143,0.73384,0.73374,1.5,1.57
13.08.2021 01:30:42.245,0.7338600000000001,0.73377,1.12,1
13.08.2021 01:30:42.347,0.7338800000000001,0.7337600000000001,1.5,1
13.08.2021 01:30:43.200,0.73387,0.73375,1.5,1
13.08.2021 01:30:44.200,0.7338600000000001,0.73377,1,1
13.08.2021 01:30:44.301,0.7338600000000001,0.7337600000000001,1,1.5
13.08.2021 01:30:44.757,0.73385,0.73375,1,1.57
13.08.2021 01:31:00.266,0.7338600000000001,0.7337800000000001,1,1
13.08.2021 01:31:00.368,0.73387,0.7337600000000001,1.87,3.6
13.08.2021 01:31:00.469,0.7338800000000001,0.73379,1,1.57
13.08.2021 01:31:00.520,0.7339100000000001,0.7338,2.75,1.01
13.08.2021 01:31:00.571,0.7339300000000001,0.7338,1.81,1.12
13.08.2021 01:31:00.672,0.73392,0.7338300000000001,1,1.12
13.08.2021 01:31:00.774,0.7339600000000001,0.7338800000000001,2.69,1
13.08.2021 01:31:00.875,0.7339600000000001,0.7338800000000001,1.31,1
13.08.2021 01:31:01.321,0.7339600000000001,0.7338800000000001,3.81,1
13.08.2021 01:31:01.473,0.7339300000000001,0.7338300000000001,1,1
13.08.2021 01:31:01.524,0.7339300000000001,0.7338600000000001,1.25,1
13.08.2021 01:31:01.625,0.73394,0.73387,1.25,1
13.08.2021 01:31:04.434,0.73394,0.7338600000000001,1,1
13.08.2021 01:31:04.687,0.7339600000000001,0.7338600000000001,2.75,1
13.08.2021 01:31:04.788,0.7339600000000001,0.7338600000000001,1.5,1
13.08.2021 01:31:05.861,0.7339600000000001,0.73387,1,1
13.08.2021 01:31:08.867,0.7339800000000001,0.73387,1.5,1
13.08.2021 01:31:08.968,0.73401,0.73389,3.39,1
13.08.2021 01:31:09.070,0.734,0.7339,2.06,1
13.08.2021 01:31:10.180,0.734,0.7339,5.76,1
13.08.2021 01:31:10.332,0.7339800000000001,0.7339,1.25,1
13.08.2021 01:31:10.383,0.73397,0.7338800000000001,1,1
13.08.2021 01:31:11.628,0.73397,0.7338800000000001,1.94,1
13.08.2021 01:31:12.598,0.7339600000000001,0.73389,1,1
13.08.2021 01:31:13.591,0.7339600000000001,0.7338800000000001,1.25,1
13.08.2021 01:31:16.151,0.7339600000000001,0.7338600000000001,2.69,1
13.08.2021 01:31:16.253,0.73395,0.73385,1.25,1
13.08.2021 01:31:17.917,0.73395,0.7338600000000001,1,1
13.08.2021 01:31:18.018,0.73397,0.7338800000000001,1.25,1
13.08.2021 01:31:24.894,0.7339600000000001,0.73387,1,1
13.08.2021 01:31:29.356,0.73397,0.73387,1,1
13.08.2021 01:31:31.906,0.73395,0.73384,1.76,1
13.08.2021 01:31:31.957,0.73392,0.73384,1,1
13.08.2021 01:31:32.008,0.7339100000000001,0.73382,1.5,1.12
13.08.2021 01:31:45.974,0.73392,0.73382,1,1
13.08.2021 01:31:47.502,0.7339300000000001,0.73382,1,1
13.08.2021 01:31:48.278,0.73392,0.73384,1,1
13.08.2021 01:31:54.224,0.73392,0.7338300000000001,1,1
13.08.2021 01:31:56.388,0.7339100000000001,0.7338300000000001,1,1
13.08.2021 01:32:07.196,0.73392,0.7338300000000001,1,1
13.08.2021 01:32:09.433,0.7339100000000001,0.7338300000000001,1,1
13.08.2021 01:32:17.343,0.73392,0.7338300000000001,1,1
13.08.2021 01:32:17.718,0.73395,0.73384,1,1
13.08.2021 01:32:20.367,0.7339100000000001,0.7338300000000001,1,1
13.08.2021 01:32:20.620,0.7339,0.7338300000000001,1,1
13.08.2021 01:32:23.623,0.7339,0.73382,1,1
13.08.2021 01:32:29.992,0.73392,0.73382,1.87,1
13.08.2021 01:32:30.093,0.7339300000000001,0.7338300000000001,1.5,1
13.08.2021 01:32:30.296,0.73394,0.73382,1.12,1
13.08.2021 01:32:43.976,0.7339,0.73382,1,1
13.08.2021 01:32:44.078,0.7339100000000001,0.73382,1.31,1
13.08.2021 01:32:46.885,0.7339,0.73379,3.44,1
13.08.2021 01:32:46.936,0.7338800000000001,0.7337800000000001,1.69,1.12
13.08.2021 01:32:47.367,0.73389,0.7338,1.5,1
13.08.2021 01:32:47.468,0.7339,0.7337800000000001,1.5,1
13.08.2021 01:32:47.571,0.73389,0.73379,1.12,1
13.08.2021 01:32:54.702,0.7338600000000001,0.73377,1,1
13.08.2021 01:32:57.362,0.7338600000000001,0.73375,1.5,1
13.08.2021 01:32:57.767,0.7338600000000001,0.7337600000000001,2.06,1
13.08.2021 01:32:58.034,0.7338600000000001,0.73377,1,1
13.08.2021 01:32:58.185,0.73387,0.73377,1.31,1
13.08.2021 01:32:58.287,0.7338800000000001,0.7337800000000001,2.19,1
13.08.2021 01:32:58.439,0.7338800000000001,0.7337800000000001,2.06,1
13.08.2021 01:32:59.744,0.7338600000000001,0.7337800000000001,1,1
13.08.2021 01:32:59.845,0.73387,0.7337800000000001,2.44,1
13.08.2021 01:32:59.946,0.7338800000000001,0.7337600000000001,3.26,1.5
13.08.2021 01:33:00.048,0.73385,0.73375,1,1.87
13.08.2021 01:33:06.034,0.73385,0.73377,1,1
13.08.2021 01:33:06.135,0.7338600000000001,0.73377,1.12,1
13.08.2021 01:33:06.790,0.7338600000000001,0.7337800000000001,1,1
13.08.2021 01:33:09.243,0.73387,0.7337600000000001,1,1
13.08.2021 01:33:11.657,0.7338600000000001,0.7337800000000001,1,1
13.08.2021 01:33:11.759,0.7338800000000001,0.7337800000000001,2,1
13.08.2021 01:33:11.860,0.73389,0.73377,1.5,1
13.08.2021 01:33:12.786,0.7338800000000001,0.73379,1,1
13.08.2021 01:33:18.796,0.7338800000000001,0.7337800000000001,1,1
13.08.2021 01:33:19.897,0.73389,0.7337600000000001,1.5,1.57
13.08.2021 01:33:21.868,0.7338800000000001,0.7337600000000001,1,1
13.08.2021 01:33:21.969,0.73387,0.7337600000000001,1.69,1.5
13.08.2021 01:33:26.956,0.7338600000000001,0.7337600000000001,1.69,1.5
13.08.2021 01:33:29.878,0.73387,0.7337600000000001,2.89,1.5
13.08.2021 01:33:30.898,0.73387,0.73375,1,1.5
13.08.2021 01:33:31.898,0.7338800000000001,0.73375,2.89,1.5
13.08.2021 01:33:34.227,0.7338600000000001,0.7337600000000001,1,1.5
13.08.2021 01:33:34.593,0.7338800000000001,0.73375,2.89,1.5
13.08.2021 01:33:36.360,0.7338600000000001,0.7337600000000001,1,1.5
13.08.2021 01:33:38.154,0.7338800000000001,0.73375,2.81,1.5
13.08.2021 01:33:40.639,0.73387,0.73377,1.12,1
13.08.2021 01:33:42.671,0.73387,0.7337800000000001,1,1
13.08.2021 01:33:42.773,0.7338800000000001,0.7337800000000001,2.62,1
13.08.2021 01:33:49.605,0.7338800000000001,0.73377,1.5,1.5
13.08.2021 01:33:49.881,0.73387,0.73377,1.31,1.5
13.08.2021 01:33:49.983,0.7338600000000001,0.7337600000000001,1,1.5
13.08.2021 01:33:51.693,0.7338600000000001,0.73377,1.5,1
13.08.2021 01:34:03.771,0.73385,0.7337600000000001,1,1
13.08.2021 01:34:03.822,0.73384,0.73374,4.12,1
13.08.2021 01:34:03.923,0.7338300000000001,0.7337300000000001,1,1.12
13.08.2021 01:34:04.835,0.73384,0.7337100000000001,1.01,2.25
13.08.2021 01:34:08.754,0.7338300000000001,0.73375,1,1
13.08.2021 01:34:08.855,0.73385,0.73377,1.5,1
13.08.2021 01:34:08.957,0.7338600000000001,0.7337600000000001,1,1.5
13.08.2021 01:34:09.058,0.73387,0.7337600000000001,1,1.5
13.08.2021 01:34:09.160,0.7338600000000001,0.7337800000000001,1,1
13.08.2021 01:34:09.309,0.73387,0.73379,1,1
13.08.2021 01:34:09.410,0.73389,0.7338,1,1
13.08.2021 01:34:09.512,0.7339,0.7338,1,1.5
13.08.2021 01:34:09.769,0.7339100000000001,0.73382,1.69,1
13.08.2021 01:34:13.851,0.7338800000000001,0.7338,1,1
13.08.2021 01:34:14.054,0.7338800000000001,0.73379,1,1
13.08.2021 01:34:14.420,0.7338800000000001,0.7337800000000001,1,1.5
13.08.2021 01:34:16.870,0.7338600000000001,0.73377,1.25,1.5
13.08.2021 01:34:16.972,0.73385,0.7337600000000001,1,1
13.08.2021 01:34:21.014,0.73387,0.7337600000000001,1.87,1
13.08.2021 01:34:23.191,0.7338800000000001,0.7337600000000001,3.37,1
13.08.2021 01:34:31.073,0.7339,0.7338,4.06,1
13.08.2021 01:34:31.176,0.7339,0.7338100000000001,1.5,1
13.08.2021 01:34:31.278,0.73392,0.7338,3.56,1
13.08.2021 01:34:31.381,0.7339100000000001,0.73382,2.81,1
13.08.2021 01:34:35.330,0.7339300000000001,0.73382,1,1.2
13.08.2021 01:34:35.381,0.73395,0.7338600000000001,1.12,1
13.08.2021 01:34:35.533,0.7339600000000001,0.7338600000000001,3.64,1
13.08.2021 01:34:37.644,0.7339600000000001,0.73387,1,1
13.08.2021 01:34:40.318,0.7339600000000001,0.7338600000000001,1.69,1.5
13.08.2021 01:34:42.195,0.7339600000000001,0.73387,1,1
13.08.2021 01:34:42.772,0.7339600000000001,0.7338600000000001,1,1.5
13.08.2021 01:34:47.045,0.7339600000000001,0.73387,1.25,1
13.08.2021 01:34:47.247,0.7339600000000001,0.7338600000000001,1.25,1.5
13.08.2021 01:35:00.683,0.73394,0.7338600000000001,1.25,1.5
13.08.2021 01:35:00.735,0.7339300000000001,0.73384,1,1.5
13.08.2021 01:35:00.838,0.73395,0.7338300000000001,2.51,1
13.08.2021 01:35:00.940,0.73394,0.7338300000000001,2.89,1.5
13.08.2021 01:35:01.042,0.73394,0.73384,2.14,1
13.08.2021 01:35:01.144,0.7339300000000001,0.7338300000000001,1,1.5
13.08.2021 01:35:01.922,0.73394,0.73384,3,1
13.08.2021 01:35:04.438,0.7339300000000001,0.73384,1.25,1.5
13.08.2021 01:35:04.539,0.73392,0.7338300000000001,1.5,1
13.08.2021 01:35:05.448,0.73392,0.73382,1.5,1
13.08.2021 01:35:05.499,0.7339,0.7338100000000001,1,1
13.08.2021 01:35:11.825,0.7339100000000001,0.7338100000000001,2.81,1.5
13.08.2021 01:35:11.977,0.7339100000000001,0.73382,1.25,1
13.08.2021 01:35:13.720,0.7339300000000001,0.7338100000000001,1.69,1
13.08.2021 01:35:18.919,0.73392,0.73382,4.56,1
13.08.2021 01:35:19.688,0.73394,0.73385,2,1
13.08.2021 01:35:19.892,0.73395,0.73385,1,1.5
13.08.2021 01:35:19.994,0.73397,0.73385,2.62,1.5
13.08.2021 01:35:20.095,0.73397,0.73387,3.64,1
13.08.2021 01:35:20.624,0.73397,0.7338800000000001,1.87,1
13.08.2021 01:35:23.869,0.73397,0.73387,3.12,1.5
13.08.2021 01:35:23.920,0.73394,0.73387,1,1.5
13.08.2021 01:35:24.022,0.73394,0.7338600000000001,1,1
13.08.2021 01:35:28.864,0.7339600000000001,0.7338600000000001,1.87,1.69
13.08.2021 01:35:34.878,0.73397,0.73387,3,1.69
13.08.2021 01:35:47.992,0.7339800000000001,0.73389,1.87,3.45
13.08.2021 01:35:48.093,0.73401,0.7339,1.62,1
13.08.2021 01:35:48.144,0.73401,0.7339100000000001,2.37,1.5
13.08.2021 01:35:48.245,0.73401,0.7339100000000001,1.87,1.5
13.08.2021 01:36:00.684,0.734,0.7339100000000001,1,1.5
13.08.2021 01:36:00.735,0.7339800000000001,0.7338800000000001,1,1
13.08.2021 01:36:00.836,0.73397,0.7338800000000001,1,1
13.08.2021 01:36:07.525,0.73397,0.73387,1.5,1.5
13.08.2021 01:36:10.011,0.7339600000000001,0.73387,1,1
13.08.2021 01:36:12.423,0.7339600000000001,0.7338600000000001,1.87,1.5
13.08.2021 01:36:16.358,0.7339600000000001,0.73385,1,1.5
13.08.2021 01:36:16.459,0.73394,0.7338600000000001,1,1.5
13.08.2021 01:36:21.793,0.73392,0.73382,2.32,1.5
13.08.2021 01:36:21.894,0.7339100000000001,0.7338,1,1.5
13.08.2021 01:36:21.995,0.73389,0.7337800000000001,1,2.25
13.08.2021 01:36:22.299,0.73389,0.73377,1,3.94
13.08.2021 01:36:25.179,0.7338600000000001,0.73377,1,1
13.08.2021 01:36:25.281,0.73387,0.73375,1.5,2.62
13.08.2021 01:36:25.936,0.7338600000000001,0.73374,1,1.69
13.08.2021 01:36:29.101,0.73384,0.73375,1,1.25
13.08.2021 01:36:29.677,0.7338600000000001,0.73374,1,1.69
13.08.2021 01:36:29.778,0.7338600000000001,0.7337600000000001,1.12,1.69
13.08.2021 01:36:33.320,0.7338600000000001,0.73377,1,1
13.08.2021 01:36:37.468,0.7338600000000001,0.7337600000000001,1.12,1.5
13.08.2021 01:36:40.774,0.7338600000000001,0.73377,1.12,1
13.08.2021 01:37:02.538,0.73387,0.7337800000000001,1.12,1
13.08.2021 01:37:05.552,0.73389,0.7337800000000001,4.32,1.5
13.08.2021 01:37:05.653,0.7339,0.73382,1.5,1
13.08.2021 01:37:05.704,0.7339,0.7338,1.5,1.5
13.08.2021 01:37:05.806,0.7339100000000001,0.7338100000000001,1.12,1.5
13.08.2021 01:37:05.907,0.7339300000000001,0.7338100000000001,2.75,1
13.08.2021 01:37:06.008,0.73392,0.73382,1.87,1
13.08.2021 01:37:06.725,0.7339100000000001,0.7338100000000001,1.12,1.5
13.08.2021 01:37:14.081,0.7338800000000001,0.7337800000000001,1.5,2.25
13.08.2021 01:37:14.183,0.7339,0.7338,1,1
13.08.2021 01:37:14.488,0.73389,0.7338,1,1.5
13.08.2021 01:37:15.923,0.7339,0.7338,1,1
13.08.2021 01:37:18.585,0.73389,0.7338,1,1.5
13.08.2021 01:37:20.634,0.7339100000000001,0.7338,1.5,3.19
13.08.2021 01:37:20.776,0.73392,0.73382,2.62,1
13.08.2021 01:37:21.952,0.7339100000000001,0.73382,1,1
13.08.2021 01:37:24.026,0.7339100000000001,0.7338100000000001,1,1.5
13.08.2021 01:37:27.638,0.73387,0.73379,1,1
13.08.2021 01:37:27.740,0.73384,0.73375,1,1.5
13.08.2021 01:37:27.893,0.73384,0.73374,2.25,1
13.08.2021 01:37:35.825,0.73385,0.73374,1,1
13.08.2021 01:37:35.937,0.73385,0.73375,2.62,1
13.08.2021 01:37:39.311,0.73387,0.73375,2.75,1
13.08.2021 01:37:39.514,0.73387,0.73375,1,1.5
13.08.2021 01:37:42.476,0.73385,0.73375,1,1.5
13.08.2021 01:37:43.060,0.73384,0.73375,1,1
13.08.2021 01:37:43.328,0.73384,0.73374,1.1,1
13.08.2021 01:37:47.984,0.73384,0.7337300000000001,1.57,3.94
13.08.2021 01:37:50.214,0.73384,0.73372,1.5,2.25
13.08.2021 01:37:50.864,0.73382,0.73372,1,2.25
13.08.2021 01:37:50.915,0.73379,0.7337100000000001,1,1
13.08.2021 01:37:51.016,0.73379,0.73369,1.5,2.44
13.08.2021 01:37:51.118,0.7337800000000001,0.73367,1.57,4.31
13.08.2021 01:37:51.219,0.7337600000000001,0.73367,1,1.69
13.08.2021 01:37:51.320,0.7337600000000001,0.7336600000000001,2.25,1.87
13.08.2021 01:37:52.294,0.73375,0.73365,1,2.25
13.08.2021 01:37:53.134,0.73377,0.73364,2.32,2.25
13.08.2021 01:38:01.397,0.7337600000000001,0.73364,1,1.5
13.08.2021 01:38:02.389,0.7337300000000001,0.73364,1,1.5
13.08.2021 01:38:02.490,0.73374,0.73362,1.5,2.25
13.08.2021 01:38:02.592,0.7337100000000001,0.73362,1,1.5
13.08.2021 01:38:03.186,0.73372,0.73362,1,1
13.08.2021 01:38:03.388,0.7337300000000001,0.73363,2.7,1
13.08.2021 01:38:05.375,0.7337300000000001,0.73364,1.57,1
13.08.2021 01:38:05.527,0.73375,0.73364,1.2,1
13.08.2021 01:38:05.628,0.7337600000000001,0.73365,2,1
13.08.2021 01:38:05.729,0.73375,0.7336600000000001,1.5,1
13.08.2021 01:38:07.179,0.73375,0.73365,1.57,1
13.08.2021 01:38:08.855,0.73375,0.73365,1.97,1
13.08.2021 01:38:13.514,0.7337300000000001,0.73363,1.57,1.25
13.08.2021 01:38:13.615,0.73372,0.73362,1.57,1
13.08.2021 01:38:13.717,0.7337100000000001,0.73362,1.1,1
13.08.2021 01:38:14.521,0.7337100000000001,0.7336,1,1
13.08.2021 01:38:20.473,0.73372,0.7336,1,1.69
13.08.2021 01:38:20.574,0.73372,0.7336100000000001,3.45,2.44
13.08.2021 01:38:20.676,0.73372,0.73362,2.7,1.25
13.08.2021 01:38:24.237,0.73372,0.73363,1,1
13.08.2021 01:38:28.668,0.73374,0.73364,1.95,1
13.08.2021 01:38:28.719,0.73375,0.7336600000000001,2.75,1
13.08.2021 01:38:28.820,0.73375,0.7336600000000001,1,1
13.08.2021 01:38:30.860,0.73375,0.73367,1,1
13.08.2021 01:38:30.962,0.7337600000000001,0.73367,1,1
13.08.2021 01:38:31.166,0.73377,0.73368,1.12,1.31
13.08.2021 01:38:31.268,0.7337800000000001,0.73369,1,1
13.08.2021 01:38:31.319,0.73379,0.7337,1.95,1
13.08.2021 01:38:32.799,0.73379,0.7337100000000001,1,1
13.08.2021 01:38:32.900,0.7338100000000001,0.7337,1.5,1
13.08.2021 01:38:38.428,0.73382,0.7337,3.07,1.5
13.08.2021 01:38:42.355,0.7338100000000001,0.7337100000000001,1,3.44
13.08.2021 01:38:42.457,0.7338300000000001,0.7337100000000001,1.95,1.25
13.08.2021 01:38:42.559,0.7338300000000001,0.73372,1.95,1
13.08.2021 01:38:44.785,0.73385,0.7337600000000001,1.5,1
13.08.2021 01:38:44.887,0.73385,0.7337600000000001,1,1
13.08.2021 01:38:45.252,0.73384,0.73375,1,1
13.08.2021 01:38:46.083,0.73385,0.73375,1,1
13.08.2021 01:38:46.383,0.73385,0.7337600000000001,1.5,1
13.08.2021 01:38:47.536,0.7338600000000001,0.7337600000000001,1,1
13.08.2021 01:38:48.053,0.73385,0.7337600000000001,1,1
13.08.2021 01:38:50.122,0.73385,0.73377,1,1
13.08.2021 01:38:55.334,0.73385,0.7337600000000001,1,1
13.08.2021 01:38:55.436,0.73385,0.73375,1.1,1.5
13.08.2021 01:38:56.993,0.73385,0.7337600000000001,1,1
13.08.2021 01:38:59.459,0.7338600000000001,0.7337800000000001,1,1
13.08.2021 01:39:03.266,0.7338600000000001,0.73377,1,1
13.08.2021 01:39:11.154,0.7338600000000001,0.73379,1,1
13.08.2021 01:39:11.255,0.7338800000000001,0.7338,1,1
13.08.2021 01:39:11.356,0.7339100000000001,0.7338,1.2,1
13.08.2021 01:39:11.457,0.7339,0.73382,1,1
13.08.2021 01:39:12.406,0.7339100000000001,0.7338300000000001,1,1
13.08.2021 01:39:14.775,0.7339100000000001,0.73382,1,1
13.08.2021 01:39:22.027,0.7339100000000001,0.7338100000000001,2.89,1
13.08.2021 01:39:22.129,0.7339,0.7338,1.5,1
13.08.2021 01:39:22.230,0.73389,0.7338,1.5,1
13.08.2021 01:39:22.332,0.73389,0.73379,1.69,1
13.08.2021 01:39:24.574,0.7339100000000001,0.73379,2.62,1
13.08.2021 01:39:24.676,0.7339,0.7338100000000001,1.87,1
13.08.2021 01:39:24.778,0.7339,0.73382,1.12,1
13.08.2021 01:39:26.449,0.7339,0.7338100000000001,1.87,1
13.08.2021 01:39:26.688,0.7339,0.7338100000000001,2.37,1
13.08.2021 01:39:26.933,0.7339100000000001,0.73379,2.37,1
13.08.2021 01:39:27.086,0.7339,0.7338,1.5,1
13.08.2021 01:39:27.328,0.73387,0.7337800000000001,1.5,1.87
13.08.2021 01:39:27.429,0.7338600000000001,0.73377,1,1
13.08.2021 01:39:29.045,0.7338600000000001,0.7337600000000001,3.19,1
13.08.2021 01:39:31.274,0.73385,0.73374,1.5,1
13.08.2021 01:39:31.375,0.73382,0.73374,1,1
13.08.2021 01:39:31.476,0.73382,0.7337300000000001,1,1
13.08.2021 01:39:34.838,0.73384,0.73375,1.5,1
13.08.2021 01:39:34.939,0.73385,0.7337600000000001,1.87,1
13.08.2021 01:39:45.506,0.7338300000000001,0.7337600000000001,1,1
13.08.2021 01:39:45.556,0.7338300000000001,0.73374,1,1
13.08.2021 01:39:47.792,0.7338300000000001,0.7337300000000001,1.5,1.5
13.08.2021 01:39:49.454,0.73382,0.7337300000000001,1,1
13.08.2021 01:39:51.242,0.7338100000000001,0.73372,1,1
13.08.2021 01:39:51.547,0.7338,0.73372,1,1
13.08.2021 01:39:51.852,0.7338100000000001,0.7337,1,1
13.08.2021 01:39:55.158,0.7338,0.7337,1,1.5
13.08.2021 01:39:55.619,0.7338,0.7337100000000001,1,1
13.08.2021 01:40:02.068,0.7338100000000001,0.7337100000000001,1.5,1.5
13.08.2021 01:40:02.203,0.7338100000000001,0.73372,1,1
13.08.2021 01:40:03.814,0.73382,0.7337300000000001,1.5,1
13.08.2021 01:40:04.824,0.7338300000000001,0.7337300000000001,2.25,1
13.08.2021 01:40:10.404,0.73384,0.73374,1.87,1
13.08.2021 01:40:10.505,0.73385,0.7337600000000001,1.5,1
13.08.2021 01:40:10.615,0.73385,0.7337600000000001,1,1
13.08.2021 01:40:11.681,0.7338600000000001,0.7337600000000001,1.5,1
13.08.2021 01:40:11.864,0.73387,0.7337600000000001,1,1
13.08.2021 01:40:19.403,0.7338600000000001,0.7337600000000001,1,1.5
