Gmt time,Ask,Bid,AskVolume,BidVolume
23.08.2021 00:00:00.162,0.7138800000000001,0.71379,1.25,1
23.08.2021 00:00:00.489,0.71389,0.7138,3.19,1
23.08.2021 00:00:01.046,0.7139,0.7138100000000001,1,1
23.08.2021 00:00:01.603,0.71389,0.7138100000000001,1,1
23.08.2021 00:00:02.235,0.71392,0.7138100000000001,2.89,1
23.08.2021 00:00:02.336,0.71392,0.71382,1.39,1
23.08.2021 00:00:02.438,0.71392,0.7138,1.01,1
23.08.2021 00:00:05.043,0.71391,0.7138300000000001,1.25,1
23.08.2021 00:00:05.249,0.71392,0.71384,1.12,1
23.08.2021 00:00:05.350,0.7139300000000001,0.71384,2.51,1
23.08.2021 00:00:05.502,0.71391,0.71384,1,1
23.08.2021 00:00:05.553,0.71394,0.7138300000000001,2.7,1
23.08.2021 00:00:05.705,0.7139300000000001,0.7138300000000001,1.87,1
23.08.2021 00:00:06.311,0.71392,0.7138300000000001,1.87,1
23.08.2021 00:00:07.220,0.7139300000000001,0.71384,3.45,1
23.08.2021 00:00:07.525,0.7139300000000001,0.71382,1.87,1
23.08.2021 00:00:07.626,0.71392,0.71382,2.25,1.5
23.08.2021 00:00:07.950,0.71394,0.7138100000000001,4.57,1.5
23.08.2021 00:00:08.247,0.71392,0.7138300000000001,2.25,1
23.08.2021 00:00:09.773,0.71392,0.71382,2.25,1.5
23.08.2021 00:00:10.567,0.71394,0.71382,4.39,1
23.08.2021 00:00:10.669,0.7139300000000001,0.71384,1.31,1
23.08.2021 00:00:11.179,0.71394,0.71384,4.76,1
23.08.2021 00:00:12.341,0.7139500000000001,0.71387,1.5,1.5
23.08.2021 00:00:12.392,0.7139800000000001,0.7138800000000001,2.51,1.5
23.08.2021 00:00:12.493,0.71399,0.7138800000000001,4.39,2.25
23.08.2021 00:00:13.463,0.7140000000000001,0.71389,1.87,1
23.08.2021 00:00:13.565,0.71401,0.71391,2.26,1.5
23.08.2021 00:00:13.615,0.71401,0.71392,1.76,1
23.08.2021 00:00:15.638,0.71401,0.7139300000000001,1.25,1
23.08.2021 00:00:16.015,0.71403,0.71394,2.2,1
23.08.2021 00:00:16.117,0.71404,0.71394,4.04,1
23.08.2021 00:00:16.501,0.71406,0.71394,2.7,1
23.08.2021 00:00:16.553,0.71407,0.71397,1.51,1.5
23.08.2021 00:00:16.706,0.71409,0.7139800000000001,3.97,1
23.08.2021 00:00:18.357,0.71409,0.71399,3.82,1
23.08.2021 00:00:20.349,0.71411,0.71401,3.82,1
23.08.2021 00:00:20.450,0.7141000000000001,0.71401,1.01,1
23.08.2021 00:00:21.383,0.71409,0.71401,1.25,1
23.08.2021 00:00:21.485,0.71411,0.71401,3.16,1
23.08.2021 00:00:22.029,0.7141000000000001,0.71401,2.01,1
23.08.2021 00:00:22.284,0.7141000000000001,0.7140000000000001,2.01,1.5
23.08.2021 00:00:25.989,0.71411,0.71401,2.14,1
23.08.2021 00:00:26.091,0.71411,0.71401,4.64,1.5
23.08.2021 00:00:26.192,0.71409,0.7140000000000001,1.25,1
23.08.2021 00:00:28.207,0.71413,0.71402,4.39,1.5
23.08.2021 00:00:28.309,0.71412,0.71403,1,1
23.08.2021 00:00:28.410,0.71412,0.71404,1.69,1
23.08.2021 00:00:28.511,0.71412,0.71403,2.69,1.5
23.08.2021 00:00:28.612,0.71411,0.71402,1.69,1
23.08.2021 00:00:29.539,0.71411,0.71399,2.39,1.5
23.08.2021 00:00:32.189,0.7141000000000001,0.7140000000000001,2.89,1.5
23.08.2021 00:00:37.202,0.71409,0.71399,1.25,1.5
23.08.2021 00:00:37.303,0.71409,0.71399,2.01,1.5
23.08.2021 00:00:38.579,0.71409,0.71397,1.01,1.5
23.08.2021 00:00:39.749,0.7141000000000001,0.71399,1.5,4.07
23.08.2021 00:00:39.850,0.7141000000000001,0.71399,2.76,1.5
23.08.2021 00:00:39.951,0.71408,0.7139800000000001,1,2.44
23.08.2021 00:00:40.888,0.71409,0.7139800000000001,1.76,2.44
23.08.2021 00:00:41.076,0.71409,0.71399,1.01,1
23.08.2021 00:00:41.178,0.71409,0.7140000000000001,1,1
23.08.2021 00:00:45.382,0.71411,0.71399,1.01,1
23.08.2021 00:00:47.512,0.71412,0.7140000000000001,2.62,1
23.08.2021 00:00:47.614,0.71413,0.71402,4.51,2.25
23.08.2021 00:00:47.715,0.71414,0.71402,3.76,1
23.08.2021 00:00:47.816,0.71413,0.71403,3.19,1
23.08.2021 00:00:48.276,0.71413,0.7140500000000001,1,1
23.08.2021 00:00:48.478,0.71416,0.71406,2.81,1
23.08.2021 00:00:48.868,0.71416,0.71407,1,1
23.08.2021 00:00:48.970,0.71418,0.71406,2.44,1
23.08.2021 00:00:49.629,0.71419,0.71408,3.76,1.5
23.08.2021 00:00:49.781,0.7142000000000001,0.71407,3.26,1.5
23.08.2021 00:00:50.179,0.7142000000000001,0.7141000000000001,3,1
23.08.2021 00:00:50.281,0.7142100000000001,0.71412,2.81,1
23.08.2021 00:00:50.382,0.71424,0.71412,1.5,2.44
23.08.2021 00:00:51.078,0.71425,0.71412,1.1,2.44
23.08.2021 00:00:51.129,0.71425,0.7141500000000001,1.1,1
23.08.2021 00:00:52.118,0.71423,0.71416,1,1
23.08.2021 00:00:52.623,0.71423,0.7141500000000001,1,1
23.08.2021 00:00:53.578,0.71422,0.71414,1.5,1
23.08.2021 00:00:54.707,0.7142100000000001,0.71414,1,1
23.08.2021 00:00:54.860,0.71422,0.71412,3.07,1
23.08.2021 00:00:54.962,0.71419,0.71412,1,1
23.08.2021 00:00:55.064,0.7142100000000001,0.71411,1.1,1
23.08.2021 00:00:55.425,0.7142100000000001,0.71412,1,1
23.08.2021 00:00:56.263,0.71418,0.7141000000000001,1,1
23.08.2021 00:00:56.364,0.71418,0.71409,1,1
23.08.2021 00:00:57.420,0.71419,0.71407,1,1
23.08.2021 00:00:58.460,0.71418,0.71409,1,1
23.08.2021 00:00:59.384,0.71419,0.7141000000000001,1.95,1
23.08.2021 00:00:59.536,0.7142000000000001,0.7141000000000001,2.7,1
23.08.2021 00:01:01.168,0.71418,0.71408,1,2.51
23.08.2021 00:01:01.706,0.71416,0.71408,1,4.01
23.08.2021 00:01:07.543,0.71417,0.71409,1,1.69
23.08.2021 00:01:10.552,0.71418,0.7141000000000001,1,1
23.08.2021 00:01:10.774,0.71417,0.7141000000000001,1,1
23.08.2021 00:01:10.936,0.71418,0.7141000000000001,1,1
23.08.2021 00:01:11.038,0.71418,0.71408,1,3.89
23.08.2021 00:01:11.240,0.7142000000000001,0.71411,1,1
23.08.2021 00:01:11.341,0.71425,0.71414,1.5,1.31
23.08.2021 00:01:11.442,0.7142600000000001,0.7141500000000001,1,1
23.08.2021 00:01:11.595,0.7142700000000001,0.71416,1,1.25
23.08.2021 00:01:14.502,0.71425,0.71417,1,1
23.08.2021 00:01:14.604,0.71424,0.7141500000000001,3.66,1
23.08.2021 00:01:14.655,0.71423,0.71412,1,1
23.08.2021 00:01:14.757,0.7142100000000001,0.71413,1,1
23.08.2021 00:01:15.027,0.7142000000000001,0.71412,1,1
23.08.2021 00:01:15.078,0.71418,0.7141000000000001,1,3.19
23.08.2021 00:01:15.129,0.7142000000000001,0.7141000000000001,1,4.69
23.08.2021 00:01:17.988,0.71418,0.7141000000000001,1,1.5
23.08.2021 00:01:18.090,0.71417,0.71408,1,1.12
23.08.2021 00:01:18.292,0.71416,0.71407,1,1.25
23.08.2021 00:01:18.545,0.71414,0.71406,1,1
23.08.2021 00:01:18.596,0.71414,0.71404,1,2.06
23.08.2021 00:01:18.697,0.71413,0.71403,1,2.56
23.08.2021 00:01:18.798,0.71413,0.71403,1.01,1
23.08.2021 00:01:19.152,0.71411,0.71403,1,1
23.08.2021 00:01:19.405,0.71409,0.71402,1,1
23.08.2021 00:01:19.507,0.71408,0.7140000000000001,1,1
23.08.2021 00:01:19.609,0.71408,0.71399,1,1
23.08.2021 00:01:19.710,0.71407,0.71399,1,1
23.08.2021 00:01:19.812,0.71408,0.71399,1,1
23.08.2021 00:01:20.314,0.71409,0.71399,1.5,1.5
23.08.2021 00:01:20.466,0.71409,0.71401,1,1
23.08.2021 00:01:20.518,0.71411,0.71402,1.5,1.25
23.08.2021 00:01:20.620,0.71412,0.71402,2.25,1.25
23.08.2021 00:01:20.721,0.71413,0.71402,2.25,1
23.08.2021 00:01:21.648,0.71414,0.71403,1,1.5
23.08.2021 00:01:22.725,0.7141500000000001,0.71406,1.5,1
23.08.2021 00:01:22.776,0.71418,0.71408,3.37,1
23.08.2021 00:01:22.877,0.71418,0.71409,2.62,1
23.08.2021 00:01:24.347,0.7142000000000001,0.7141000000000001,1.57,1.5
23.08.2021 00:01:24.398,0.71418,0.71409,1,1
23.08.2021 00:01:25.410,0.71418,0.71407,1,1
23.08.2021 00:01:26.466,0.71417,0.71407,1,2.44
23.08.2021 00:01:27.474,0.71417,0.71408,1,1
23.08.2021 00:01:31.165,0.71417,0.71409,1,1
23.08.2021 00:01:31.267,0.71424,0.71412,2.26,1.69
23.08.2021 00:01:31.368,0.71423,0.71413,1.5,1.69
23.08.2021 00:01:31.469,0.71423,0.71413,1.69,2.5
23.08.2021 00:01:32.141,0.71423,0.71413,1,1.69
23.08.2021 00:01:35.054,0.71422,0.71413,1,1
23.08.2021 00:01:36.508,0.7142100000000001,0.71412,1,1.31
23.08.2021 00:01:39.849,0.7142000000000001,0.71411,1,1.5
23.08.2021 00:01:39.950,0.7142100000000001,0.71411,3.94,1.5
23.08.2021 00:01:40.051,0.7142100000000001,0.71411,3.94,1.12
23.08.2021 00:01:40.153,0.71418,0.71409,1.5,1
23.08.2021 00:01:40.254,0.71418,0.71408,2.25,1.5
23.08.2021 00:01:41.326,0.71417,0.71408,1,1.12
23.08.2021 00:01:44.357,0.7142000000000001,0.71407,1.5,4.07
23.08.2021 00:01:45.452,0.71419,0.71408,1,1.25
23.08.2021 00:01:45.554,0.71418,0.71408,1.5,1.69
23.08.2021 00:01:46.610,0.71418,0.71407,1,1.25
23.08.2021 00:01:55.077,0.71418,0.71408,1.5,2.5
23.08.2021 00:01:55.178,0.71419,0.71409,1,2.5
23.08.2021 00:01:56.902,0.71417,0.71409,1,1
23.08.2021 00:01:58.523,0.71418,0.71407,1,1.25
23.08.2021 00:02:01.803,0.71418,0.71408,1.5,1.69
23.08.2021 00:02:04.575,0.71418,0.71409,1,1
23.08.2021 00:02:06.961,0.71418,0.7141000000000001,1,1
23.08.2021 00:02:10.277,0.71418,0.71409,1.5,1
23.08.2021 00:02:12.926,0.71422,0.71411,5.45,1
23.08.2021 00:02:13.028,0.71424,0.71414,1,1
23.08.2021 00:02:13.129,0.7142700000000001,0.71416,1.5,1
23.08.2021 00:02:13.231,0.7142700000000001,0.71418,1.5,1
23.08.2021 00:02:13.935,0.71428,0.71418,2.89,1
23.08.2021 00:02:19.065,0.7142700000000001,0.71417,1,1.69
23.08.2021 00:02:21.074,0.71429,0.71417,1.69,1.5
23.08.2021 00:02:21.175,0.7142700000000001,0.71417,1,2.7
23.08.2021 00:02:24.071,0.71428,0.7142000000000001,1,1
23.08.2021 00:02:24.173,0.71428,0.71417,1,1.62
23.08.2021 00:02:24.274,0.7142600000000001,0.71418,1,1
23.08.2021 00:02:30.150,0.71428,0.71417,1,1
23.08.2021 00:02:31.073,0.7142600000000001,0.7141500000000001,1,1.69
23.08.2021 00:02:31.174,0.71424,0.7141500000000001,1,1.25
23.08.2021 00:02:32.464,0.71424,0.71414,1,1
23.08.2021 00:02:32.616,0.71424,0.71413,1,1
23.08.2021 00:02:32.718,0.71422,0.71414,1,1
23.08.2021 00:02:33.380,0.71423,0.71414,1,1.01
23.08.2021 00:02:39.377,0.71422,0.71414,1,1
23.08.2021 00:02:39.627,0.71424,0.71414,1.12,3.7
23.08.2021 00:02:39.728,0.71425,0.7141500000000001,1.5,3.45
23.08.2021 00:02:39.830,0.71425,0.71416,1,2.26
23.08.2021 00:02:39.931,0.7142700000000001,0.7141500000000001,1,3.01
23.08.2021 00:02:40.033,0.7142700000000001,0.71417,1,1.12
23.08.2021 00:02:49.638,0.71435,0.71425,1.25,1.35
23.08.2021 00:02:49.740,0.7143100000000001,0.71423,1.5,2.81
23.08.2021 00:02:49.790,0.7143,0.7142000000000001,2.25,1.25
23.08.2021 00:02:49.841,0.71428,0.71419,1.5,1
23.08.2021 00:02:50.094,0.71428,0.71418,1,1
23.08.2021 00:02:50.196,0.71428,0.71419,3.19,1
23.08.2021 00:02:50.298,0.7142600000000001,0.71419,2.25,1
23.08.2021 00:02:50.451,0.7142600000000001,0.71418,3.94,1
23.08.2021 00:02:50.857,0.7142600000000001,0.71419,1,1
23.08.2021 00:02:54.376,0.7142700000000001,0.71419,1,1
23.08.2021 00:02:55.953,0.71428,0.71419,1,1.25
23.08.2021 00:02:57.256,0.71429,0.71419,1.5,1.69
23.08.2021 00:02:59.085,0.7143,0.7142000000000001,1,1.76
23.08.2021 00:02:59.187,0.7143,0.71422,1,1.25
23.08.2021 00:03:00.920,0.7143200000000001,0.7142100000000001,1,1.25
23.08.2021 00:03:01.072,0.71433,0.71423,1,1.69
23.08.2021 00:03:01.565,0.7143600000000001,0.7142600000000001,3,1
23.08.2021 00:03:01.666,0.7143700000000001,0.7142700000000001,1.87,1.5
23.08.2021 00:03:05.538,0.71438,0.71428,1.5,1.5
23.08.2021 00:03:05.693,0.71438,0.71429,1,1
23.08.2021 00:03:05.845,0.7143700000000001,0.71428,1,1.25
23.08.2021 00:03:05.947,0.71438,0.7143,1,1
23.08.2021 00:03:06.049,0.71439,0.71429,1.5,1.5
23.08.2021 00:03:06.404,0.7144,0.7143200000000001,1,1
23.08.2021 00:03:06.555,0.71442,0.7143100000000001,1,1.5
23.08.2021 00:03:06.796,0.71442,0.7143200000000001,2.62,1.5
23.08.2021 00:03:07.399,0.71443,0.7143200000000001,1.5,1.5
23.08.2021 00:03:07.501,0.7144600000000001,0.71438,1,2.12
23.08.2021 00:03:07.602,0.71448,0.71439,1,2.87
23.08.2021 00:03:07.704,0.7145,0.71439,1,1.75
23.08.2021 00:03:08.222,0.71447,0.71439,1,1
23.08.2021 00:03:08.658,0.71447,0.71438,1,1.25
23.08.2021 00:03:10.002,0.71448,0.71438,1,1
23.08.2021 00:03:10.104,0.71449,0.7144100000000001,1,1.5
23.08.2021 00:03:10.205,0.7145,0.7144,1.57,1.69
23.08.2021 00:03:10.817,0.7145100000000001,0.7144100000000001,1,1.69
23.08.2021 00:03:10.918,0.7145100000000001,0.7144100000000001,1,3.62
23.08.2021 00:03:11.019,0.71452,0.71442,1.5,1.25
23.08.2021 00:03:11.939,0.71449,0.7144,1,1
23.08.2021 00:03:12.041,0.71447,0.71438,1,1.75
23.08.2021 00:03:12.142,0.71444,0.7143600000000001,1.1,1.12
23.08.2021 00:03:12.243,0.71444,0.7143200000000001,1,2
23.08.2021 00:03:12.294,0.71442,0.7143200000000001,1,4.39
23.08.2021 00:03:12.795,0.71443,0.71433,1,1.87
23.08.2021 00:03:12.947,0.71443,0.71433,1,3.62
23.08.2021 00:03:13.099,0.71442,0.71433,1,1.25
23.08.2021 00:03:15.993,0.71445,0.71433,1,2.5
23.08.2021 00:03:16.094,0.71447,0.71435,1.5,2.81
23.08.2021 00:03:16.195,0.71447,0.71435,1,3.81
23.08.2021 00:03:18.162,0.7144600000000001,0.71435,1,1.25
23.08.2021 00:03:19.239,0.71443,0.71435,1,1.69
23.08.2021 00:03:19.290,0.71443,0.71433,1,2.06
23.08.2021 00:03:19.341,0.71443,0.7143,1.35,2.19
23.08.2021 00:03:19.391,0.71439,0.7143,1,3.56
23.08.2021 00:03:20.698,0.71438,0.7143,1,1
23.08.2021 00:03:20.800,0.71438,0.71429,1,1
23.08.2021 00:03:21.126,0.71438,0.71428,1,1.87
23.08.2021 00:03:21.879,0.71439,0.71429,2.25,1
23.08.2021 00:03:23.213,0.7144,0.7143,1.5,2.81
23.08.2021 00:03:23.315,0.7144,0.7143200000000001,1,1
23.08.2021 00:03:29.296,0.7144100000000001,0.7143100000000001,1,2.44
23.08.2021 00:03:29.397,0.7144100000000001,0.7143100000000001,1,3.25
23.08.2021 00:03:34.817,0.7144,0.7143100000000001,1,2.5
23.08.2021 00:03:34.918,0.71442,0.7143100000000001,1,1.69
23.08.2021 00:03:35.019,0.71442,0.7143100000000001,1,2.5
23.08.2021 00:03:39.300,0.71443,0.7143200000000001,1,1.25
23.08.2021 00:03:50.191,0.71445,0.71435,3,1
23.08.2021 00:03:50.242,0.71445,0.7143700000000001,1,1
23.08.2021 00:03:50.716,0.71445,0.7143600000000001,1,1
23.08.2021 00:03:53.027,0.71443,0.71434,1,1
23.08.2021 00:03:55.138,0.71444,0.7143200000000001,1,3.19
23.08.2021 00:03:56.403,0.71442,0.71433,1.5,1
23.08.2021 00:03:56.505,0.7144,0.71429,1,2.45
23.08.2021 00:03:56.606,0.71439,0.7143,1,1
23.08.2021 00:03:57.827,0.71442,0.7143,2.62,2.87
23.08.2021 00:03:58.378,0.7144,0.7143,2.25,1.25
23.08.2021 00:03:58.532,0.7144100000000001,0.7143200000000001,2.62,1
23.08.2021 00:04:01.176,0.7144100000000001,0.7143100000000001,2.25,1.25
23.08.2021 00:04:01.279,0.7144100000000001,0.7143200000000001,1,1.25
23.08.2021 00:04:01.828,0.71443,0.7143100000000001,1.57,1.75
23.08.2021 00:04:11.291,0.71439,0.71429,1,2.06
23.08.2021 00:04:11.544,0.71439,0.7143,1.5,1.95
23.08.2021 00:04:11.595,0.7144100000000001,0.7143100000000001,2.32,1
23.08.2021 00:04:13.310,0.7144,0.7143,1,3.19
23.08.2021 00:04:13.765,0.71439,0.7143,3.37,1
23.08.2021 00:04:13.867,0.7143700000000001,0.7142700000000001,2.25,2.64
23.08.2021 00:04:13.918,0.7143700000000001,0.7142700000000001,2.25,2.14
23.08.2021 00:04:14.070,0.7143600000000001,0.7142700000000001,1,1
23.08.2021 00:04:15.158,0.71433,0.71422,1,1
23.08.2021 00:04:15.259,0.7143100000000001,0.71422,1,2.32
23.08.2021 00:04:17.090,0.7143,0.7142000000000001,1,3.25
23.08.2021 00:04:18.630,0.71429,0.71419,1,2.81
23.08.2021 00:04:19.000,0.71429,0.71418,1.5,1.69
23.08.2021 00:04:19.680,0.71428,0.7142000000000001,1,1.25
23.08.2021 00:04:19.782,0.71428,0.71419,1,1.69
23.08.2021 00:04:23.678,0.7142700000000001,0.71418,1,1.12
23.08.2021 00:04:23.780,0.7142700000000001,0.71417,1,1
23.08.2021 00:04:23.982,0.7142700000000001,0.7141500000000001,1.5,3.25
23.08.2021 00:04:25.055,0.71425,0.7141500000000001,1,1.25
23.08.2021 00:04:25.757,0.71424,0.7141500000000001,1,3
23.08.2021 00:04:25.859,0.71423,0.71413,1.5,3.39
23.08.2021 00:04:25.911,0.71423,0.71413,1.5,2.89
23.08.2021 00:04:26.317,0.71423,0.71414,1.5,1
23.08.2021 00:04:26.710,0.71425,0.71413,1.5,2.44
23.08.2021 00:04:26.762,0.7142700000000001,0.71418,1.5,1.69
23.08.2021 00:04:26.864,0.71429,0.71417,1.5,5.31
23.08.2021 00:04:26.966,0.7143,0.7142000000000001,1.5,1.12
23.08.2021 00:04:27.067,0.7143,0.7142000000000001,1,2.69
23.08.2021 00:04:27.168,0.7143100000000001,0.71422,2.25,1
23.08.2021 00:04:29.368,0.7143100000000001,0.7142100000000001,1.5,1.25
23.08.2021 00:04:30.579,0.7143,0.7142000000000001,1,2.87
23.08.2021 00:04:32.343,0.7143100000000001,0.71422,1,1
23.08.2021 00:04:35.034,0.71433,0.71423,1.5,1.25
23.08.2021 00:04:35.136,0.7143200000000001,0.71423,1,1
23.08.2021 00:04:35.339,0.71433,0.71423,1,1.69
23.08.2021 00:04:38.617,0.71433,0.71423,1,2.87
23.08.2021 00:04:38.718,0.71434,0.71425,1,2.12
23.08.2021 00:04:39.021,0.7143600000000001,0.71425,1,1.87
23.08.2021 00:04:39.122,0.7143700000000001,0.71425,1,5.5
23.08.2021 00:04:47.062,0.71435,0.7142600000000001,3.1,1.5
23.08.2021 00:04:47.163,0.7143200000000001,0.71422,1,2.81
23.08.2021 00:04:47.265,0.7143100000000001,0.71422,1,2.44
23.08.2021 00:04:48.162,0.71428,0.71418,2.25,2.06
23.08.2021 00:04:48.264,0.7142700000000001,0.71417,1.5,4.75
23.08.2021 00:04:48.482,0.7142700000000001,0.71417,1.5,3.56
23.08.2021 00:04:51.793,0.7142600000000001,0.71416,1.5,4.75
23.08.2021 00:04:53.185,0.7142600000000001,0.71416,1.5,2.44
23.08.2021 00:04:59.757,0.7142600000000001,0.71416,1.5,3.62
23.08.2021 00:05:00.344,0.71424,0.7141500000000001,1.5,1.12
23.08.2021 00:05:00.445,0.71423,0.71413,1,3.19
23.08.2021 00:05:00.951,0.7142000000000001,0.71412,1,1
23.08.2021 00:05:01.052,0.7142000000000001,0.71411,1,1.25
23.08.2021 00:05:01.154,0.7142100000000001,0.71411,1,2.5
23.08.2021 00:05:01.559,0.71423,0.71411,2.25,1.25
23.08.2021 00:05:04.049,0.71423,0.71413,2.25,1
23.08.2021 00:05:06.155,0.71422,0.71413,1,1
23.08.2021 00:05:06.256,0.7142100000000001,0.71411,1,2.94
23.08.2021 00:05:06.357,0.7142100000000001,0.71411,1,2.81
23.08.2021 00:05:08.327,0.71423,0.71411,2.25,1
23.08.2021 00:05:10.180,0.71422,0.71413,2.25,1
23.08.2021 00:05:15.154,0.7142100000000001,0.71411,1,3.19
23.08.2021 00:05:17.583,0.71424,0.7141500000000001,1.5,1.69
23.08.2021 00:05:17.684,0.7142600000000001,0.71416,1.87,1.31
23.08.2021 00:05:18.089,0.7142700000000001,0.7141500000000001,1,3.94
23.08.2021 00:05:19.922,0.7142600000000001,0.71417,1,1.37
23.08.2021 00:05:21.100,0.7142700000000001,0.71418,1,1.25
23.08.2021 00:05:23.421,0.71429,0.71417,1,2.44
23.08.2021 00:05:25.528,0.71428,0.71417,1,1
23.08.2021 00:05:26.384,0.7143,0.71419,1,1
23.08.2021 00:05:26.643,0.71429,0.71422,1,1
23.08.2021 00:05:26.745,0.7143,0.71422,1,1
23.08.2021 00:05:28.456,0.7143,0.7142100000000001,1.5,1
23.08.2021 00:05:28.557,0.7143,0.71419,1.57,1
23.08.2021 00:05:31.086,0.7143100000000001,0.7142100000000001,2.82,1
23.08.2021 00:05:31.288,0.7143100000000001,0.7142100000000001,2.7,1
23.08.2021 00:05:31.390,0.7143,0.7142100000000001,1,1.25
23.08.2021 00:05:31.850,0.7143100000000001,0.71422,1,1.5
23.08.2021 00:05:32.074,0.7143100000000001,0.71423,1,1
23.08.2021 00:05:33.748,0.7143100000000001,0.71422,3.26,1
23.08.2021 00:05:33.850,0.7143,0.71419,1,1
23.08.2021 00:05:34.520,0.71428,0.71419,1,1
23.08.2021 00:05:34.946,0.71428,0.71418,1.5,1.69
23.08.2021 00:05:35.048,0.7142600000000001,0.71417,1,1.25
23.08.2021 00:05:39.385,0.71423,0.7141500000000001,1.5,1.37
23.08.2021 00:05:39.486,0.71424,0.71412,1.57,1.5
23.08.2021 00:05:39.537,0.71423,0.71413,1.57,1
23.08.2021 00:05:40.534,0.7142100000000001,0.71412,1,1
23.08.2021 00:05:40.635,0.7142100000000001,0.7141000000000001,1,1
23.08.2021 00:05:40.848,0.7142000000000001,0.7141000000000001,1,2.25
23.08.2021 00:05:45.417,0.71419,0.71409,1,2.25
23.08.2021 00:05:46.342,0.71423,0.71411,3.37,1.5
23.08.2021 00:05:48.625,0.71423,0.71414,1,1
23.08.2021 00:05:48.677,0.7142600000000001,0.71417,3.5,1
23.08.2021 00:05:48.829,0.7142700000000001,0.71418,1.5,1
23.08.2021 00:05:55.154,0.7143,0.7142100000000001,1,1.25
23.08.2021 00:05:55.256,0.7143200000000001,0.71422,3.5,1.69
23.08.2021 00:05:55.357,0.7143200000000001,0.71422,3,1.69
23.08.2021 00:05:56.631,0.71435,0.71424,1.12,1.69
23.08.2021 00:05:56.732,0.7143600000000001,0.7142600000000001,1.5,2.12
23.08.2021 00:05:56.783,0.71438,0.7142700000000001,1.25,1.5
23.08.2021 00:05:57.288,0.7143600000000001,0.71428,2.44,1
23.08.2021 00:05:57.339,0.71435,0.7142600000000001,1,1.87
23.08.2021 00:05:57.907,0.71435,0.71424,1.5,1
23.08.2021 00:05:58.021,0.71435,0.71425,2.32,1
23.08.2021 00:05:59.102,0.71434,0.71424,2.51,1
23.08.2021 00:06:00.722,0.71433,0.71424,1,1
23.08.2021 00:06:02.916,0.71433,0.71423,1.5,1.69
23.08.2021 00:06:03.385,0.71433,0.71425,1,1.25
23.08.2021 00:06:03.487,0.7143700000000001,0.71425,3.5,1.69
23.08.2021 00:06:03.588,0.7143700000000001,0.7142600000000001,1.5,1.69
23.08.2021 00:06:03.689,0.7143700000000001,0.7142700000000001,2.62,2.44
23.08.2021 00:06:04.782,0.71438,0.7142700000000001,1,1.5
23.08.2021 00:06:04.884,0.71438,0.71428,2.25,1.5
23.08.2021 00:06:07.532,0.71438,0.7142700000000001,1,1
23.08.2021 00:06:07.634,0.7143700000000001,0.7142700000000001,1.57,3.19
23.08.2021 00:06:11.029,0.7143700000000001,0.71428,1,1
23.08.2021 00:06:14.480,0.71439,0.7143100000000001,1,1
23.08.2021 00:06:14.581,0.71439,0.7143,1,1
23.08.2021 00:06:14.682,0.7144,0.71428,1.5,3.19
23.08.2021 00:06:17.476,0.71438,0.71429,1.25,1.5
23.08.2021 00:06:19.419,0.7143700000000001,0.71429,1,1
23.08.2021 00:06:24.338,0.71438,0.71429,1,1
23.08.2021 00:06:25.162,0.7143700000000001,0.7142700000000001,1,1
23.08.2021 00:06:25.213,0.7143600000000001,0.71425,3.26,1.25
23.08.2021 00:06:25.314,0.71434,0.71423,1,1
23.08.2021 00:06:25.516,0.71434,0.71425,1,1
23.08.2021 00:06:25.618,0.71435,0.7142600000000001,1.69,1
23.08.2021 00:06:25.719,0.7143600000000001,0.7142600000000001,1.87,2.44
23.08.2021 00:06:25.870,0.71434,0.71425,1,1.87
23.08.2021 00:06:25.972,0.71434,0.7142600000000001,1,1
23.08.2021 00:06:26.445,0.7143600000000001,0.7142700000000001,1.5,1
23.08.2021 00:06:31.124,0.7143700000000001,0.71429,1.5,1.5
23.08.2021 00:06:31.226,0.71442,0.7143200000000001,2.62,3.94
23.08.2021 00:06:36.367,0.71442,0.7143100000000001,1,1.5
23.08.2021 00:06:39.362,0.71442,0.7143200000000001,2.25,2.25
23.08.2021 00:06:41.865,0.71443,0.71433,1,1
23.08.2021 00:06:46.280,0.71442,0.71433,1.25,1.5
23.08.2021 00:06:46.434,0.71442,0.7143200000000001,1,1
23.08.2021 00:06:47.148,0.7144100000000001,0.7143200000000001,1,1.5
23.08.2021 00:06:47.607,0.71443,0.71434,1,1
23.08.2021 00:06:47.709,0.71444,0.71435,1,1.5
23.08.2021 00:06:47.810,0.7144600000000001,0.7143700000000001,1.69,1
23.08.2021 00:06:47.963,0.71448,0.7143700000000001,1.69,1
23.08.2021 00:06:49.950,0.71445,0.71435,3.19,1.5
23.08.2021 00:06:50.404,0.71445,0.71434,1,1
23.08.2021 00:06:52.349,0.7144600000000001,0.71434,2.44,2.25
23.08.2021 00:06:52.450,0.7144600000000001,0.7143600000000001,2.44,1.5
23.08.2021 00:06:53.786,0.71445,0.7143600000000001,1,1
23.08.2021 00:06:54.498,0.71447,0.71435,2.44,1.5
23.08.2021 00:06:54.751,0.7144600000000001,0.71438,1,1
23.08.2021 00:06:54.852,0.71447,0.71438,1,1.5
23.08.2021 00:07:00.843,0.71448,0.7143600000000001,2.44,1.5
23.08.2021 00:07:00.945,0.7144600000000001,0.7143700000000001,1,1
23.08.2021 00:07:04.849,0.71448,0.7143600000000001,2.44,1.5
23.08.2021 00:07:07.411,0.71447,0.71438,2.44,1
23.08.2021 00:07:07.512,0.7145,0.71442,1,1
23.08.2021 00:07:07.613,0.7145100000000001,0.71442,1.12,1.5
23.08.2021 00:07:07.715,0.71454,0.71445,1.5,1.69
23.08.2021 00:07:07.816,0.71455,0.7144600000000001,1,1
23.08.2021 00:07:07.918,0.7145600000000001,0.7144600000000001,1,1.5
23.08.2021 00:07:08.019,0.71457,0.71447,1.5,1
23.08.2021 00:07:08.120,0.71457,0.71448,1.5,1.5
23.08.2021 00:07:12.557,0.7146300000000001,0.7145100000000001,1.12,4.94
23.08.2021 00:07:12.659,0.7146300000000001,0.71454,2.19,1
23.08.2021 00:07:12.760,0.71462,0.71453,1.25,1.5
23.08.2021 00:07:13.475,0.71464,0.71452,2.44,1.5
23.08.2021 00:07:14.651,0.71464,0.71453,1.69,1
23.08.2021 00:07:14.753,0.7146600000000001,0.71457,1.5,1
23.08.2021 00:07:14.905,0.71469,0.71459,1.69,1
23.08.2021 00:07:15.006,0.7147,0.7145800000000001,3.64,1.5
23.08.2021 00:07:15.158,0.71469,0.7145800000000001,1.69,1
23.08.2021 00:07:15.259,0.7146800000000001,0.71457,1,2.25
23.08.2021 00:07:16.457,0.7146600000000001,0.7145800000000001,1,1
23.08.2021 00:07:17.354,0.7146600000000001,0.71455,1,1.12
23.08.2021 00:07:17.456,0.71464,0.7145600000000001,1,1.12
23.08.2021 00:07:17.558,0.71464,0.71455,1.5,1
23.08.2021 00:07:17.659,0.71465,0.71453,1.5,3.37
23.08.2021 00:07:19.101,0.7146300000000001,0.71454,1.01,1
23.08.2021 00:07:19.202,0.7146100000000001,0.71452,1,2.62
23.08.2021 00:07:20.227,0.71459,0.7145,1,2.75
23.08.2021 00:07:20.379,0.71459,0.7145,1,1
23.08.2021 00:07:20.480,0.71457,0.71449,1,1
23.08.2021 00:07:20.582,0.7145600000000001,0.71447,1.5,2.44
23.08.2021 00:07:20.835,0.7145600000000001,0.7144600000000001,1.69,2.25
23.08.2021 00:07:23.234,0.71453,0.71444,1.76,1.69
23.08.2021 00:07:23.336,0.71452,0.71443,2.44,1.75
23.08.2021 00:07:23.437,0.7145100000000001,0.71443,1,1.25
23.08.2021 00:07:23.539,0.7145100000000001,0.71442,1,1.5
23.08.2021 00:07:24.988,0.7145100000000001,0.7144100000000001,1.5,2.25
23.08.2021 00:07:26.648,0.7145100000000001,0.71442,1.5,1.25
23.08.2021 00:07:27.616,0.7145100000000001,0.71443,1.5,1.75
23.08.2021 00:07:27.717,0.71455,0.71447,1.5,1
23.08.2021 00:07:27.768,0.7145600000000001,0.71447,1,2.87
23.08.2021 00:07:27.869,0.71457,0.7144600000000001,1,2.06
23.08.2021 00:07:27.970,0.71457,0.71447,2.25,2.81
23.08.2021 00:07:31.547,0.71457,0.71448,1,1.25
23.08.2021 00:07:37.783,0.7145600000000001,0.71447,1.5,1.25
23.08.2021 00:07:39.677,0.71457,0.71448,1,3.19
23.08.2021 00:07:40.117,0.7145800000000001,0.71448,1.5,1.69
23.08.2021 00:07:44.047,0.7145600000000001,0.71447,1,1.25
23.08.2021 00:07:59.377,0.7145600000000001,0.7144600000000001,1,2.81
23.08.2021 00:07:59.479,0.71454,0.71443,1.5,3.7
23.08.2021 00:07:59.580,0.71452,0.71444,1,2.5
23.08.2021 00:08:00.137,0.71452,0.71442,1.5,3.56
23.08.2021 00:08:00.238,0.71449,0.7144100000000001,1,2.94
23.08.2021 00:08:00.289,0.71449,0.71439,1,1
23.08.2021 00:08:00.391,0.71448,0.71439,1,1
23.08.2021 00:08:00.492,0.71447,0.7143700000000001,1,4.31
23.08.2021 00:08:01.229,0.71447,0.7143600000000001,1,1
23.08.2021 00:08:01.280,0.71444,0.71435,1,1.25
23.08.2021 00:08:01.382,0.71443,0.71434,1,1.25
23.08.2021 00:08:01.534,0.71442,0.71433,1,2.81
23.08.2021 00:08:02.284,0.7144100000000001,0.7143200000000001,1,4
23.08.2021 00:08:04.192,0.7144100000000001,0.7143200000000001,1.5,1.25
23.08.2021 00:08:05.156,0.7144100000000001,0.7143100000000001,1.5,3.94
23.08.2021 00:08:05.320,0.7144100000000001,0.7143200000000001,1.5,1
23.08.2021 00:08:05.421,0.71447,0.71435,2.37,3.25
23.08.2021 00:08:05.573,0.7144600000000001,0.7143700000000001,1.5,1.75
23.08.2021 00:08:05.776,0.7144600000000001,0.7143700000000001,1,1.69
23.08.2021 00:08:06.737,0.71447,0.71435,1,3.56
23.08.2021 00:08:07.858,0.7144600000000001,0.7143600000000001,1,3.62
23.08.2021 00:08:10.517,0.7144600000000001,0.7143600000000001,1,2.62
23.08.2021 00:08:10.619,0.7144600000000001,0.71435,1,1
23.08.2021 00:08:13.263,0.71445,0.7143700000000001,1,1.31
23.08.2021 00:08:13.313,0.71447,0.7143700000000001,1.5,2.06
23.08.2021 00:08:18.207,0.7144600000000001,0.7143700000000001,1,1.69
23.08.2021 00:08:19.391,0.71448,0.7144,1.25,1
23.08.2021 00:08:19.442,0.71448,0.7143700000000001,1.5,1.31
23.08.2021 00:08:19.594,0.71447,0.7143700000000001,1.69,1.5
23.08.2021 00:08:23.905,0.71447,0.7143700000000001,1.5,2
23.08.2021 00:08:24.568,0.71447,0.7143700000000001,1.5,1.87
23.08.2021 00:08:28.934,0.71444,0.71433,1.69,2.37
23.08.2021 00:08:29.035,0.71442,0.71433,1.25,1.5
23.08.2021 00:08:29.086,0.71443,0.7143100000000001,1.69,2.25
23.08.2021 00:08:29.187,0.71442,0.7143200000000001,2.5,2.62
23.08.2021 00:08:29.289,0.71443,0.7143100000000001,1.69,2.62
23.08.2021 00:08:29.390,0.71442,0.7143200000000001,2.5,1.87
23.08.2021 00:08:29.643,0.7144100000000001,0.7143100000000001,1.69,1.12
23.08.2021 00:08:30.422,0.71438,0.71429,1.69,1.5
23.08.2021 00:08:30.524,0.7143700000000001,0.7142700000000001,1.75,1.87
23.08.2021 00:08:32.379,0.71433,0.71424,1.25,2.75
23.08.2021 00:08:32.480,0.71433,0.71423,1.69,1
23.08.2021 00:08:32.582,0.7143200000000001,0.71423,1,1
23.08.2021 00:08:35.218,0.7143100000000001,0.71422,1.69,1.5
23.08.2021 00:08:36.175,0.7143200000000001,0.71425,1,1.69
23.08.2021 00:08:36.226,0.7143600000000001,0.71425,1.25,1
23.08.2021 00:08:36.277,0.71435,0.71428,1,1
23.08.2021 00:08:36.597,0.71435,0.7142700000000001,1.25,1
23.08.2021 00:08:38.280,0.7143700000000001,0.71428,2.5,1
23.08.2021 00:08:38.431,0.71438,0.7142700000000001,1.69,1
23.08.2021 00:08:40.161,0.71438,0.7142700000000001,2.5,1
23.08.2021 00:08:41.357,0.7143700000000001,0.71429,1.69,1
23.08.2021 00:08:42.292,0.7144100000000001,0.7143100000000001,3.75,1
23.08.2021 00:08:42.394,0.7144100000000001,0.7143200000000001,1,1
23.08.2021 00:08:46.570,0.71443,0.7143100000000001,1.69,1
23.08.2021 00:08:48.367,0.71443,0.7143200000000001,1.25,1
23.08.2021 00:08:50.625,0.71442,0.71433,1.75,1
23.08.2021 00:08:50.727,0.71442,0.7143200000000001,2.5,1
23.08.2021 00:08:50.929,0.71438,0.71429,3.37,2
23.08.2021 00:08:51.031,0.7143700000000001,0.71428,1,1.5
23.08.2021 00:08:51.082,0.7143700000000001,0.71428,1.75,1
23.08.2021 00:08:51.439,0.7143700000000001,0.71428,1.69,1.12
23.08.2021 00:08:53.168,0.71439,0.7143100000000001,1.75,1
23.08.2021 00:08:53.219,0.7144100000000001,0.7143100000000001,1.25,1
23.08.2021 00:08:53.321,0.7144100000000001,0.7143200000000001,1.12,1
23.08.2021 00:08:54.232,0.71442,0.7143200000000001,1.69,1.5
23.08.2021 00:08:58.822,0.71442,0.71433,1.1,1
23.08.2021 00:08:59.448,0.71442,0.7143200000000001,1,1
23.08.2021 00:08:59.600,0.7144,0.7143100000000001,1.69,1
23.08.2021 00:09:00.624,0.7144100000000001,0.71429,2.51,1
23.08.2021 00:09:02.692,0.7144100000000001,0.7143200000000001,1.1,1
23.08.2021 00:09:03.853,0.7144100000000001,0.7143100000000001,1.76,1
23.08.2021 00:09:08.191,0.71442,0.7143200000000001,2.25,1.5
23.08.2021 00:09:12.385,0.71442,0.71433,1,1
23.08.2021 00:09:12.526,0.71442,0.71434,1,1
23.08.2021 00:09:12.628,0.71448,0.7143600000000001,3,1.69
23.08.2021 00:09:16.274,0.7145,0.7144100000000001,3.75,1
23.08.2021 00:09:16.375,0.7145100000000001,0.71443,1.12,1
23.08.2021 00:09:25.394,0.7145100000000001,0.71442,1,1
23.08.2021 00:09:26.176,0.71447,0.71438,1,4.81
23.08.2021 00:09:26.277,0.71447,0.71438,2.25,1
23.08.2021 00:09:26.379,0.71447,0.7143700000000001,2.25,1.5
23.08.2021 00:09:27.928,0.7144600000000001,0.7143700000000001,3.19,1.5
23.08.2021 00:09:28.030,0.71442,0.71433,1.25,1.5
23.08.2021 00:09:28.132,0.71442,0.7143200000000001,1.69,2.25
23.08.2021 00:09:29.844,0.7144100000000001,0.7143200000000001,1,1
23.08.2021 00:09:30.794,0.7144100000000001,0.7143100000000001,1.57,1.5
23.08.2021 00:09:31.772,0.71438,0.7143,1,1
23.08.2021 00:09:31.873,0.71439,0.71429,3.19,1.5
23.08.2021 00:09:31.975,0.7144,0.7143,1.57,1.5
23.08.2021 00:09:32.582,0.7144100000000001,0.7143,1.5,1
23.08.2021 00:09:32.683,0.71442,0.7143200000000001,2.32,1
23.08.2021 00:09:35.564,0.7144100000000001,0.7143200000000001,1.5,1
23.08.2021 00:09:35.665,0.7144100000000001,0.7143100000000001,2.32,1
23.08.2021 00:09:36.408,0.71442,0.7143200000000001,2.32,1
23.08.2021 00:09:39.194,0.7144100000000001,0.7143200000000001,1,1
23.08.2021 00:09:44.600,0.7144100000000001,0.7143100000000001,4.01,2.25
23.08.2021 00:09:44.815,0.71439,0.7143,1,1.5
23.08.2021 00:09:44.916,0.71439,0.71429,1.5,1.87
23.08.2021 00:09:45.068,0.71439,0.7143,1.5,1
23.08.2021 00:09:45.845,0.7144,0.7143200000000001,1,1
23.08.2021 00:09:45.946,0.7144100000000001,0.7143200000000001,1.5,1
23.08.2021 00:09:47.255,0.71442,0.7143200000000001,1,2.44
23.08.2021 00:09:48.858,0.7144100000000001,0.7143200000000001,1,1.69
23.08.2021 00:09:49.548,0.71442,0.7143,1,3.19
23.08.2021 00:09:51.711,0.7144,0.7143100000000001,1,1.69
23.08.2021 00:09:57.754,0.71439,0.7143,2.44,1
23.08.2021 00:09:57.855,0.7143700000000001,0.7142700000000001,1.5,2.94
23.08.2021 00:09:57.956,0.7143700000000001,0.7142700000000001,1.5,2.44
23.08.2021 00:09:58.814,0.7143600000000001,0.7142600000000001,1.5,3.19
23.08.2021 00:09:58.865,0.71433,0.71425,1,1.12
23.08.2021 00:09:59.017,0.71434,0.71422,2.44,1
23.08.2021 00:09:59.118,0.7143200000000001,0.71422,1.5,1.25
23.08.2021 00:10:00.300,0.7143200000000001,0.7142000000000001,1,4
23.08.2021 00:10:00.351,0.7143200000000001,0.71424,1,2.06
23.08.2021 00:10:00.453,0.71438,0.7142600000000001,2,1.75
23.08.2021 00:10:00.554,0.7143700000000001,0.7142700000000001,1.5,2.12
23.08.2021 00:10:03.825,0.7143600000000001,0.7142600000000001,1.57,3.75
23.08.2021 00:10:04.357,0.7143600000000001,0.7142700000000001,1.5,1.25
23.08.2021 00:10:08.662,0.7143700000000001,0.71428,1,1
23.08.2021 00:10:17.602,0.7144,0.71433,1,1
23.08.2021 00:10:17.754,0.71442,0.71435,1,1
23.08.2021 00:10:17.805,0.71442,0.7143200000000001,1,1.37
23.08.2021 00:10:20.767,0.71443,0.7143600000000001,1,1
23.08.2021 00:10:20.817,0.71442,0.7143200000000001,1,1.37
23.08.2021 00:10:20.949,0.71443,0.7143600000000001,1,1.25
23.08.2021 00:10:21.051,0.71445,0.7143600000000001,1.5,1.25
23.08.2021 00:10:21.152,0.71445,0.7143600000000001,1,1.25
23.08.2021 00:10:21.354,0.7144600000000001,0.71438,1.1,1
23.08.2021 00:10:21.506,0.71443,0.7143600000000001,1,1
23.08.2021 00:10:21.557,0.71444,0.71433,1,1.25
23.08.2021 00:10:23.339,0.71445,0.71438,1,1
23.08.2021 00:10:23.440,0.7144600000000001,0.7143600000000001,1.12,2.25
23.08.2021 00:10:25.003,0.71447,0.7143600000000001,1,1.25
23.08.2021 00:10:25.459,0.7144600000000001,0.71438,1,1.25
23.08.2021 00:10:25.640,0.7144600000000001,0.7143700000000001,1,2.31
23.08.2021 00:10:27.666,0.7144600000000001,0.71439,1,1
23.08.2021 00:10:28.905,0.71449,0.7144,9.25,1
23.08.2021 00:10:31.931,0.7144600000000001,0.7144,1,1
23.08.2021 00:10:33.247,0.71448,0.7144,1.1,1
23.08.2021 00:10:39.463,0.71448,0.71438,1.1,1.25
23.08.2021 00:10:39.564,0.71445,0.7143600000000001,1.57,2.06
23.08.2021 00:10:40.171,0.71447,0.7143600000000001,1.6,2.87
23.08.2021 00:10:41.189,0.71447,0.7143600000000001,1.57,2.87
23.08.2021 00:10:44.364,0.71447,0.7144,1.5,1
23.08.2021 00:10:45.024,0.71447,0.7143600000000001,1.57,3.25
23.08.2021 00:10:45.400,0.71448,0.71439,1.5,1
23.08.2021 00:10:45.552,0.71447,0.71438,2.35,1
23.08.2021 00:10:48.847,0.71447,0.7144,1.5,1
23.08.2021 00:10:48.898,0.71447,0.71438,2.35,1
23.08.2021 00:10:49.458,0.71447,0.7144,1.5,1
23.08.2021 00:10:52.617,0.71448,0.71439,1.6,1
23.08.2021 00:10:52.947,0.71447,0.7143700000000001,1.6,1.25
23.08.2021 00:10:53.082,0.71447,0.7144,1.6,1
23.08.2021 00:10:53.277,0.71447,0.7143700000000001,1.6,1.25
23.08.2021 00:10:54.379,0.71447,0.7144,1.5,1
23.08.2021 00:10:55.965,0.71445,0.71435,1,1.5
23.08.2021 00:10:56.067,0.71444,0.71435,1,1.12
23.08.2021 00:10:56.169,0.71444,0.7143600000000001,1,1.25
23.08.2021 00:10:56.701,0.7144600000000001,0.7143700000000001,1.12,1.75
23.08.2021 00:10:56.904,0.71447,0.7144,1,1
23.08.2021 00:10:58.055,0.71447,0.71439,1,1
23.08.2021 00:10:59.084,0.7144600000000001,0.71439,1,1
23.08.2021 00:11:00.832,0.71447,0.7144,1,1
23.08.2021 00:11:01.629,0.7144600000000001,0.7143600000000001,1,2.87
23.08.2021 00:11:01.730,0.71445,0.7143600000000001,1,2.87
23.08.2021 00:11:05.025,0.71447,0.7143600000000001,1.95,2.87
23.08.2021 00:11:05.131,0.71447,0.7144,1.5,1
23.08.2021 00:11:13.936,0.71447,0.71439,1.5,1
23.08.2021 00:11:18.416,0.71447,0.7144,1.5,1
23.08.2021 00:11:27.228,0.71447,0.71438,1.57,1
23.08.2021 00:11:27.279,0.71447,0.71435,4.35,1.12
23.08.2021 00:11:27.440,0.71445,0.7143700000000001,2.7,1
23.08.2021 00:11:27.697,0.71445,0.7143600000000001,2.7,1.12
23.08.2021 00:11:27.799,0.71447,0.71439,1.12,1
23.08.2021 00:11:31.813,0.71449,0.71438,1.87,1
23.08.2021 00:11:33.368,0.71448,0.7144,1.87,1
23.08.2021 00:11:39.774,0.71447,0.7144,1,1
23.08.2021 00:11:41.098,0.71449,0.7144,1,3.75
23.08.2021 00:11:41.149,0.7145100000000001,0.71444,1,1
23.08.2021 00:11:41.250,0.71453,0.71442,1,2.31
23.08.2021 00:11:41.352,0.71454,0.71445,1.57,1.25
23.08.2021 00:11:43.450,0.7145600000000001,0.71447,1.5,1.31
23.08.2021 00:11:43.602,0.7145600000000001,0.71448,1,1
23.08.2021 00:11:44.638,0.7145600000000001,0.71449,1,1
23.08.2021 00:11:44.739,0.7145600000000001,0.71448,1,1
23.08.2021 00:11:46.667,0.7145600000000001,0.71449,1,1
23.08.2021 00:11:49.625,0.71459,0.71448,3.45,1
23.08.2021 00:11:49.726,0.71462,0.7145,3.5,2.69
23.08.2021 00:11:49.828,0.71462,0.71453,1.5,2.44
23.08.2021 00:11:49.879,0.71462,0.71453,1.5,1.5
23.08.2021 00:11:51.501,0.71462,0.71454,1,1
23.08.2021 00:11:53.973,0.71459,0.7145100000000001,1.1,1
23.08.2021 00:11:54.074,0.7146,0.71448,3.47,1.5
23.08.2021 00:11:54.175,0.71459,0.71449,4.22,1
23.08.2021 00:12:00.669,0.71457,0.71449,1,1
23.08.2021 00:12:02.380,0.7145800000000001,0.71449,1,1
23.08.2021 00:12:02.482,0.71459,0.71449,1,1
23.08.2021 00:12:14.548,0.7146,0.71452,1.5,1
23.08.2021 00:12:14.649,0.7146100000000001,0.71453,3,1
23.08.2021 00:12:16.231,0.7146100000000001,0.71452,1.5,1.5
23.08.2021 00:12:16.982,0.7146,0.7145100000000001,1,1
23.08.2021 00:12:25.903,0.7146100000000001,0.7145100000000001,1.5,1
23.08.2021 00:12:26.125,0.7146100000000001,0.71452,1,1
23.08.2021 00:12:32.948,0.7146100000000001,0.71453,1,1
23.08.2021 00:12:33.049,0.7146100000000001,0.71452,1,1
23.08.2021 00:12:33.151,0.7146100000000001,0.7145100000000001,1.57,1.5
23.08.2021 00:12:33.303,0.7145800000000001,0.71449,1,2.25
23.08.2021 00:12:41.027,0.7145600000000001,0.71447,1,1
23.08.2021 00:12:41.129,0.71453,0.71444,1,2.44
23.08.2021 00:12:52.961,0.71457,0.71445,2.89,1
23.08.2021 00:12:53.106,0.7145600000000001,0.71447,1.87,1
23.08.2021 00:12:54.823,0.7145800000000001,0.7144600000000001,1.57,1.69
23.08.2021 00:12:54.874,0.7146100000000001,0.71449,3.3,1
23.08.2021 00:12:54.975,0.71459,0.71449,2.07,1.69
23.08.2021 00:12:55.077,0.71459,0.71449,1.57,1.69
23.08.2021 00:12:55.926,0.7145800000000001,0.71449,1,1.25
23.08.2021 00:12:56.598,0.7145800000000001,0.71448,1,1.69
23.08.2021 00:12:59.754,0.71457,0.71447,1,3.25
23.08.2021 00:13:00.681,0.71457,0.71447,1.1,1.25
23.08.2021 00:13:07.194,0.71455,0.7144600000000001,1.57,1.25
23.08.2021 00:13:07.295,0.71454,0.71445,1.01,1
23.08.2021 00:13:07.396,0.71454,0.71444,2.51,1
23.08.2021 00:13:07.987,0.71452,0.71442,1,1.5
23.08.2021 00:13:08.089,0.71453,0.71443,1.5,1.5
23.08.2021 00:13:10.619,0.71452,0.71442,1.1,2.44
23.08.2021 00:13:11.619,0.7145100000000001,0.7144100000000001,1.1,1.5
23.08.2021 00:13:11.721,0.7144600000000001,0.71438,2.25,1.25
23.08.2021 00:13:11.822,0.71445,0.71434,1.12,1
23.08.2021 00:13:11.974,0.71444,0.71434,1.2,1.5
23.08.2021 00:13:13.320,0.71444,0.71435,1.1,1
23.08.2021 00:13:26.648,0.71445,0.71433,2.16,1.5
23.08.2021 00:13:26.800,0.71443,0.7143100000000001,2.54,1
23.08.2021 00:13:26.901,0.7144100000000001,0.7143100000000001,1.57,1.5
23.08.2021 00:13:27.837,0.71439,0.7143100000000001,1,1
23.08.2021 00:13:27.888,0.71439,0.71429,1.57,1.5
23.08.2021 00:13:31.592,0.71442,0.7143200000000001,1,1
23.08.2021 00:13:31.694,0.71443,0.7143200000000001,2.02,1
23.08.2021 00:13:43.150,0.71444,0.7143200000000001,1.95,1
23.08.2021 00:13:43.962,0.71443,0.71433,1.95,4
23.08.2021 00:13:44.165,0.71444,0.71434,1.1,1.5
23.08.2021 00:13:44.879,0.71444,0.71433,1.57,2.44
23.08.2021 00:13:49.788,0.71439,0.7143100000000001,1,1.25
23.08.2021 00:13:49.839,0.7144,0.71428,1.5,2.44
23.08.2021 00:14:11.060,0.7144,0.71429,1.5,1.25
23.08.2021 00:14:11.162,0.71444,0.7143100000000001,2.26,1.12
23.08.2021 00:14:11.213,0.71443,0.71433,2.14,1
23.08.2021 00:14:13.411,0.71444,0.71433,1,1
23.08.2021 00:14:13.512,0.71443,0.71433,1,1.5
23.08.2021 00:14:13.663,0.71444,0.71434,2.7,1
23.08.2021 00:14:13.714,0.71447,0.71435,3.34,1
23.08.2021 00:14:18.368,0.71447,0.7143600000000001,1,1
23.08.2021 00:14:23.240,0.71445,0.7143600000000001,1,1
23.08.2021 00:14:23.341,0.71444,0.71434,1.57,1.69
23.08.2021 00:14:23.443,0.71444,0.71433,1,1
23.08.2021 00:14:23.544,0.71444,0.7143200000000001,1,2.44
23.08.2021 00:14:35.567,0.71444,0.71434,1.57,1.25
23.08.2021 00:14:35.669,0.71445,0.71434,1.5,1
23.08.2021 00:14:35.770,0.71444,0.71434,2.51,1.5
23.08.2021 00:14:37.116,0.71443,0.71434,1,1
23.08.2021 00:14:52.567,0.71442,0.71434,1,1
23.08.2021 00:14:52.668,0.71443,0.7143200000000001,1,1
23.08.2021 00:15:00.029,0.71444,0.7143200000000001,2.44,1.5
23.08.2021 00:15:00.131,0.7144600000000001,0.7143600000000001,3.5,1.25
23.08.2021 00:15:00.232,0.71447,0.71438,1.12,1.25
23.08.2021 00:15:00.334,0.71448,0.71438,1.5,1.25
23.08.2021 00:15:00.587,0.71447,0.7143700000000001,1.1,2.44
23.08.2021 00:15:00.940,0.71447,0.7143600000000001,1,1
23.08.2021 00:15:01.042,0.71447,0.7143700000000001,1.1,1
23.08.2021 00:15:01.244,0.71447,0.7143700000000001,1.22,1
23.08.2021 00:15:03.143,0.71447,0.7143700000000001,1.2,1
23.08.2021 00:15:03.346,0.71448,0.71438,2.07,1
23.08.2021 00:15:03.498,0.71448,0.71438,1.95,1
23.08.2021 00:15:04.013,0.71448,0.7143600000000001,1.5,1
23.08.2021 00:15:04.267,0.7144600000000001,0.7143600000000001,1,1.1
23.08.2021 00:15:05.420,0.71445,0.71435,1,1
23.08.2021 00:15:05.572,0.71445,0.7143600000000001,1,1
23.08.2021 00:15:05.674,0.7144600000000001,0.71434,1.5,1
23.08.2021 00:15:08.921,0.71444,0.71434,1.5,1.69
23.08.2021 00:15:09.023,0.71443,0.71434,1,1
23.08.2021 00:15:09.951,0.71443,0.71433,1,2.44
23.08.2021 00:15:10.069,0.71443,0.71434,1,1
23.08.2021 00:15:10.566,0.71443,0.71433,1,2.44
23.08.2021 00:15:10.958,0.71444,0.71433,1,1
23.08.2021 00:15:11.164,0.71443,0.71433,1,2.44
23.08.2021 00:15:12.391,0.71443,0.71433,1,3.62
23.08.2021 00:15:14.053,0.71444,0.71435,1,1
23.08.2021 00:15:14.154,0.7144600000000001,0.71435,2.82,1.69
23.08.2021 00:15:14.255,0.7144600000000001,0.71435,2.32,1.69
23.08.2021 00:15:16.489,0.71445,0.71435,1,1.25
23.08.2021 00:15:21.686,0.71445,0.71435,1,2.12
23.08.2021 00:15:22.118,0.7144600000000001,0.71435,2.32,2.87
23.08.2021 00:15:27.406,0.7144600000000001,0.71434,1.5,1
23.08.2021 00:15:27.458,0.71443,0.71434,1,1
23.08.2021 00:15:27.661,0.71444,0.71434,1,1.5
23.08.2021 00:15:27.763,0.71447,0.7143700000000001,2,1
23.08.2021 00:15:27.814,0.71448,0.7143600000000001,1,1.25
23.08.2021 00:15:27.976,0.71447,0.7143700000000001,1,2.87
23.08.2021 00:15:30.071,0.71448,0.7143700000000001,3,2.87
23.08.2021 00:15:32.981,0.71448,0.71439,1.5,1
23.08.2021 00:15:36.976,0.71447,0.71438,1,1
23.08.2021 00:15:37.078,0.71445,0.7143700000000001,1,1
23.08.2021 00:15:37.179,0.71445,0.7143600000000001,1,1
23.08.2021 00:15:39.464,0.71444,0.71434,1,1
23.08.2021 00:15:39.900,0.71443,0.71434,1.5,1
23.08.2021 00:15:40.001,0.71442,0.71434,1.5,1
23.08.2021 00:15:41.003,0.7144100000000001,0.71434,1,1
23.08.2021 00:15:41.054,0.7144100000000001,0.7143200000000001,1.87,1
23.08.2021 00:15:41.234,0.7144,0.7143200000000001,1,1
23.08.2021 00:15:42.427,0.71439,0.7143200000000001,1,1
23.08.2021 00:15:42.479,0.71438,0.7143,1,1
23.08.2021 00:15:43.222,0.71439,0.7143,1,1
23.08.2021 00:15:44.287,0.7143700000000001,0.7143,1,1
23.08.2021 00:15:47.041,0.71439,0.7143,1,1
23.08.2021 00:15:54.117,0.7143700000000001,0.71429,1,1
23.08.2021 00:15:57.416,0.7143700000000001,0.7143,1,1
23.08.2021 00:16:06.583,0.7143700000000001,0.71429,1,1
23.08.2021 00:16:06.684,0.7143600000000001,0.7142600000000001,1,1
23.08.2021 00:16:06.785,0.71435,0.71425,1,1
23.08.2021 00:16:07.189,0.71434,0.71425,1,1.25
23.08.2021 00:16:07.291,0.71434,0.7142600000000001,1.5,1
23.08.2021 00:16:07.392,0.71433,0.71423,1,1
23.08.2021 00:16:07.493,0.7143200000000001,0.71423,1,1.25
23.08.2021 00:16:07.948,0.7143200000000001,0.7142100000000001,2.25,1
23.08.2021 00:16:08.100,0.7143100000000001,0.71423,1,1
23.08.2021 00:16:08.201,0.7143200000000001,0.71423,2.25,1
23.08.2021 00:16:10.240,0.7143200000000001,0.71424,2.25,1
23.08.2021 00:16:11.279,0.71433,0.71422,2.25,1
23.08.2021 00:16:13.188,0.71433,0.71423,1,1
23.08.2021 00:16:16.036,0.7143200000000001,0.71425,1,1
23.08.2021 00:16:17.757,0.71433,0.71425,1,1
23.08.2021 00:16:26.213,0.71434,0.71423,1,1
23.08.2021 00:16:30.566,0.71434,0.71424,2.25,1.5
23.08.2021 00:16:30.668,0.71435,0.7142700000000001,1.12,1
23.08.2021 00:16:30.920,0.7143600000000001,0.71428,1,1
23.08.2021 00:16:31.544,0.71438,0.71428,1.12,1.5
23.08.2021 00:16:31.645,0.71439,0.71428,1,1
23.08.2021 00:16:32.555,0.71438,0.7143,1,1
23.08.2021 00:16:40.806,0.71439,0.71428,1,1
23.08.2021 00:16:42.016,0.7143700000000001,0.71429,1,1
23.08.2021 00:16:43.083,0.7143600000000001,0.71428,1,1
23.08.2021 00:16:43.185,0.71435,0.7142600000000001,1,1.5
23.08.2021 00:16:43.727,0.7143600000000001,0.71424,3.19,1.5
23.08.2021 00:16:43.828,0.71434,0.71425,1,1
23.08.2021 00:16:45.278,0.71439,0.7143,1,1.25
23.08.2021 00:16:45.379,0.7144100000000001,0.71434,1.12,1
23.08.2021 00:16:45.481,0.71444,0.71435,1.5,1.5
23.08.2021 00:16:52.173,0.71447,0.7143700000000001,1.12,1
23.08.2021 00:16:52.377,0.71447,0.71439,1,1
23.08.2021 00:16:53.265,0.71448,0.71439,1.5,1
23.08.2021 00:16:55.805,0.71448,0.7144,1,1
23.08.2021 00:17:01.011,0.71445,0.71435,1.25,1.5
23.08.2021 00:17:01.315,0.71444,0.71434,1,1
23.08.2021 00:17:08.065,0.71442,0.71433,1,1
23.08.2021 00:17:11.274,0.7144600000000001,0.71439,1,1
23.08.2021 00:17:11.426,0.7144600000000001,0.71438,1,1
23.08.2021 00:17:11.997,0.71445,0.7143700000000001,1,1
23.08.2021 00:17:15.301,0.71447,0.7143600000000001,1,1
23.08.2021 00:17:18.064,0.71444,0.7143700000000001,1,1
23.08.2021 00:17:18.196,0.71444,0.71435,1,1.5
23.08.2021 00:17:18.298,0.71445,0.71435,1.87,2.25
23.08.2021 00:17:20.420,0.71447,0.71439,1,1.5
23.08.2021 00:17:20.729,0.71448,0.71439,1,1.5
23.08.2021 00:17:20.830,0.71449,0.71439,1.12,2.25
23.08.2021 00:17:21.869,0.7145100000000001,0.71439,3.76,1
23.08.2021 00:17:22.941,0.7145,0.71442,1,2.25
23.08.2021 00:17:23.042,0.7145100000000001,0.7144100000000001,1,2.25
23.08.2021 00:17:23.953,0.7145100000000001,0.71442,1,1
23.08.2021 00:17:24.850,0.71453,0.71443,1.31,1.5
23.08.2021 00:17:24.951,0.71454,0.71444,2.75,1
23.08.2021 00:17:25.053,0.71454,0.71444,2.06,1
23.08.2021 00:17:27.051,0.71454,0.71444,2.19,1
23.08.2021 00:17:29.888,0.71454,0.71444,2.06,1
23.08.2021 00:17:30.149,0.71452,0.71443,1.69,1
23.08.2021 00:17:30.404,0.71453,0.71443,1.5,1
23.08.2021 00:17:32.628,0.71452,0.71443,1.25,1
23.08.2021 00:17:32.680,0.7145100000000001,0.7144100000000001,1.2,1.5
23.08.2021 00:17:32.781,0.7145,0.7144,3,1.5
23.08.2021 00:17:33.309,0.7145,0.7144,4.7,1.5
23.08.2021 00:17:38.059,0.7145,0.71438,1.5,1.5
23.08.2021 00:17:38.274,0.7145,0.71438,1.87,1.5
23.08.2021 00:17:38.375,0.7145,0.7144,1.75,2.62
23.08.2021 00:17:38.480,0.7145,0.7144,2.06,2.25
23.08.2021 00:17:39.829,0.7145100000000001,0.7144,1.39,1
23.08.2021 00:17:40.636,0.7145100000000001,0.71442,1.25,1.5
23.08.2021 00:17:40.939,0.71453,0.7144100000000001,1.31,2.25
23.08.2021 00:17:42.763,0.71454,0.71443,1,1.5
23.08.2021 00:17:42.864,0.71454,0.71444,1.39,2.25
23.08.2021 00:17:43.811,0.71453,0.71443,2.81,1.5
23.08.2021 00:17:46.526,0.71454,0.71447,1,1
23.08.2021 00:17:46.628,0.71457,0.71447,2,1
23.08.2021 00:17:46.679,0.7146,0.7145,5.44,1
23.08.2021 00:17:48.720,0.7146,0.7145,6.19,1
23.08.2021 00:17:51.080,0.71459,0.7145,3.06,1
23.08.2021 00:17:51.181,0.71455,0.7144600000000001,3.81,1
23.08.2021 00:17:51.713,0.7145100000000001,0.71442,1,1
23.08.2021 00:17:51.816,0.7145100000000001,0.7144,3.37,1.87
23.08.2021 00:17:51.917,0.7145,0.7144,1.5,2.25
23.08.2021 00:17:54.437,0.71449,0.7144,1,1
23.08.2021 00:17:54.539,0.71449,0.7144,1.5,1
23.08.2021 00:17:54.698,0.71449,0.7144,1.12,1
23.08.2021 00:17:57.366,0.71449,0.71439,1.87,2.25
23.08.2021 00:18:02.625,0.7145100000000001,0.7144,1.5,1.5
23.08.2021 00:18:02.726,0.7145,0.71442,1.5,1
23.08.2021 00:18:03.387,0.71454,0.71443,1.5,1
23.08.2021 00:18:03.591,0.71454,0.71444,1.31,2.25
23.08.2021 00:18:08.382,0.71454,0.71444,3.06,2.25
23.08.2021 00:18:09.134,0.71454,0.71444,1.31,2.25
23.08.2021 00:18:11.410,0.71454,0.71444,3.06,2.25
23.08.2021 00:18:11.963,0.71454,0.71444,1.87,2.25
23.08.2021 00:18:22.365,0.71453,0.71444,1,2.25
23.08.2021 00:18:22.467,0.7145100000000001,0.71443,1,1
23.08.2021 00:18:22.569,0.7145100000000001,0.7144100000000001,1.5,3
23.08.2021 00:18:37.711,0.7145100000000001,0.71439,1,2.25
23.08.2021 00:18:45.508,0.71447,0.71439,4.31,1
23.08.2021 00:18:45.559,0.71447,0.7143600000000001,1.5,1
23.08.2021 00:18:45.660,0.71444,0.7143600000000001,1.5,1
23.08.2021 00:18:45.761,0.71445,0.71435,2.14,1.5
23.08.2021 00:18:45.862,0.71445,0.71435,5.01,1.5
23.08.2021 00:18:48.041,0.71447,0.7143700000000001,1.87,1
23.08.2021 00:18:48.248,0.71448,0.71438,1.87,2.44
23.08.2021 00:18:48.739,0.71449,0.71438,2.81,3.94
23.08.2021 00:18:48.790,0.71449,0.7144,1,1
23.08.2021 00:18:54.375,0.7145,0.71438,1,2.44
23.08.2021 00:18:59.446,0.7145,0.7144,3.5,1
23.08.2021 00:18:59.602,0.7145,0.7144,1.87,1
23.08.2021 00:19:01.780,0.7145100000000001,0.7144,1.12,1
23.08.2021 00:19:04.355,0.7145100000000001,0.71439,3.37,1
23.08.2021 00:19:07.257,0.7145,0.71439,3.64,2.25
23.08.2021 00:19:09.237,0.7145,0.7144,2.89,1
23.08.2021 00:19:15.229,0.7145100000000001,0.71442,1.12,1.25
23.08.2021 00:19:15.331,0.7145100000000001,0.7144100000000001,1.5,1.69
23.08.2021 00:19:16.010,0.7145,0.7144100000000001,1,1
23.08.2021 00:19:16.111,0.7145,0.7144,3.45,1.5
23.08.2021 00:19:16.910,0.7145,0.7144100000000001,1,1
23.08.2021 00:19:16.961,0.71453,0.7144100000000001,2.7,1
23.08.2021 00:19:19.261,0.71453,0.71442,1,1.25
23.08.2021 00:19:19.312,0.7145,0.7144,1.87,3.94
23.08.2021 00:19:22.053,0.7145,0.71439,1,1
23.08.2021 00:19:22.154,0.71449,0.71439,1.87,1
23.08.2021 00:19:24.449,0.71445,0.71435,1,4.19
23.08.2021 00:19:24.550,0.7144600000000001,0.7143600000000001,1.87,3.44
23.08.2021 00:19:24.651,0.71448,0.7143600000000001,1.12,2.44
23.08.2021 00:19:33.335,0.71448,0.71438,2,1
23.08.2021 00:19:33.633,0.71448,0.71438,1.5,1
23.08.2021 00:19:36.322,0.71447,0.71435,2.25,1.5
23.08.2021 00:19:36.983,0.71444,0.71435,1,1
23.08.2021 00:19:38.765,0.7144600000000001,0.71438,1,1
23.08.2021 00:19:38.866,0.71449,0.7143700000000001,1.5,1.5
23.08.2021 00:19:38.967,0.71449,0.7143700000000001,1,1.5
23.08.2021 00:19:41.224,0.7145,0.71438,3.56,1
23.08.2021 00:19:41.865,0.71449,0.7144,1.12,1
23.08.2021 00:19:42.200,0.7145,0.7144,2.81,1
23.08.2021 00:19:43.276,0.7145,0.71439,3.19,1.5
23.08.2021 00:19:43.480,0.7145,0.7144,3.19,1
23.08.2021 00:19:47.107,0.7145100000000001,0.71438,5.44,1.5
23.08.2021 00:19:47.622,0.7145,0.71439,6.62,1.5
23.08.2021 00:19:54.601,0.7145100000000001,0.71439,2.81,1
23.08.2021 00:19:54.702,0.7145100000000001,0.7144,2.06,1
23.08.2021 00:19:55.820,0.7145100000000001,0.71439,4.69,1
23.08.2021 00:19:55.922,0.7145100000000001,0.71439,5.69,1
23.08.2021 00:20:01.763,0.7145100000000001,0.7144,2.06,1
23.08.2021 00:20:02.328,0.71452,0.71442,1.62,1.5
23.08.2021 00:20:02.429,0.71452,0.71443,1.62,1
23.08.2021 00:20:02.534,0.71452,0.71443,1.12,1
23.08.2021 00:20:03.108,0.71453,0.71443,4.5,1
23.08.2021 00:20:04.308,0.71455,0.71443,4.44,1
23.08.2021 00:20:04.460,0.71455,0.71443,4.31,1
23.08.2021 00:20:08.235,0.7145100000000001,0.71442,1.69,1.5
23.08.2021 00:20:08.289,0.7145,0.7144,1.69,1.5
23.08.2021 00:20:11.282,0.7145,0.7144100000000001,1.12,1
23.08.2021 00:20:17.808,0.71452,0.71442,1,1.5
23.08.2021 00:20:17.910,0.71452,0.71443,1,1
23.08.2021 00:20:20.869,0.71453,0.7144100000000001,1.87,1
23.08.2021 00:20:20.970,0.71452,0.7144100000000001,1,1
23.08.2021 00:20:24.668,0.71452,0.71442,1.12,1
23.08.2021 00:20:26.529,0.71453,0.71443,1.5,1
23.08.2021 00:20:26.632,0.71455,0.71444,5.81,1.5
23.08.2021 00:20:27.126,0.7145600000000001,0.71444,2.25,1.25
23.08.2021 00:20:27.229,0.7145800000000001,0.7144600000000001,2.75,1
23.08.2021 00:20:27.331,0.7145800000000001,0.7144600000000001,1.87,1.5
23.08.2021 00:20:36.691,0.7145800000000001,0.71447,1.87,2.44
23.08.2021 00:20:36.742,0.7146,0.71448,2,1.5
23.08.2021 00:20:36.894,0.71459,0.71449,1.87,1.5
23.08.2021 00:20:37.357,0.7145800000000001,0.71449,2.25,1.5
23.08.2021 00:20:37.459,0.71459,0.71449,1.87,1.5
23.08.2021 00:20:41.927,0.71462,0.7145,3.5,1.5
23.08.2021 00:20:41.978,0.71462,0.71452,1.5,1
23.08.2021 00:20:42.079,0.7146300000000001,0.71453,1.12,1.69
23.08.2021 00:20:46.335,0.7146,0.7145100000000001,2.06,1
23.08.2021 00:20:46.437,0.7146100000000001,0.71449,4.87,1
23.08.2021 00:20:47.027,0.71459,0.71449,1,2.25
23.08.2021 00:20:50.548,0.7146100000000001,0.71449,2.62,1
23.08.2021 00:21:03.366,0.71455,0.71445,2.62,3
23.08.2021 00:21:03.468,0.71454,0.71444,1.5,4.06
23.08.2021 00:21:03.569,0.71454,0.71444,2.25,2.25
23.08.2021 00:21:15.466,0.7145600000000001,0.7144600000000001,2.62,1.01
23.08.2021 00:21:15.567,0.7145800000000001,0.71447,2.75,1.76
23.08.2021 00:21:15.669,0.71459,0.7144600000000001,1.87,1.76
23.08.2021 00:21:18.407,0.71457,0.7144600000000001,1.5,1
23.08.2021 00:21:18.913,0.7145800000000001,0.7144600000000001,1.87,1.5
23.08.2021 00:21:23.651,0.71459,0.71448,2.62,2.51
23.08.2021 00:21:27.981,0.71459,0.71449,2.62,1
23.08.2021 00:21:36.323,0.71459,0.71448,3.37,1.57
23.08.2021 00:21:40.878,0.7145600000000001,0.71447,1,1
23.08.2021 00:21:40.979,0.7145800000000001,0.71448,3.94,1.5
23.08.2021 00:21:41.081,0.7145800000000001,0.71448,2.06,1.5
23.08.2021 00:21:41.654,0.7146,0.71447,2.62,1.69
23.08.2021 00:21:42.186,0.71459,0.71449,2.62,1.5
23.08.2021 00:21:47.926,0.7145800000000001,0.71449,1,1
23.08.2021 00:21:47.977,0.7145800000000001,0.71447,1,2.44
23.08.2021 00:21:48.029,0.7145600000000001,0.71444,1.5,1.89
23.08.2021 00:21:48.131,0.71457,0.7144600000000001,1.87,1.5
23.08.2021 00:21:48.284,0.71457,0.71447,1,1.5
23.08.2021 00:21:51.788,0.7145800000000001,0.71448,1.12,1.25
23.08.2021 00:21:51.890,0.7146,0.71448,1.87,1
23.08.2021 00:22:01.383,0.7145800000000001,0.71448,3.75,1.5
23.08.2021 00:22:01.485,0.71457,0.71448,1,1.5
23.08.2021 00:22:01.591,0.71457,0.71447,2.25,1
23.08.2021 00:22:03.846,0.7145800000000001,0.71447,1.87,1.69
23.08.2021 00:22:04.428,0.71459,0.71447,1.87,1
23.08.2021 00:22:05.649,0.71459,0.71449,1.5,1
23.08.2021 00:22:05.801,0.71459,0.71448,1.5,3.19
23.08.2021 00:22:14.920,0.71459,0.71447,1.12,1
23.08.2021 00:22:15.021,0.7145800000000001,0.71447,1.87,2.25
23.08.2021 00:22:16.420,0.7145800000000001,0.71448,1.5,1.5
23.08.2021 00:22:29.103,0.71457,0.71447,1.5,1
23.08.2021 00:22:29.204,0.71457,0.7144600000000001,1.5,1.5
23.08.2021 00:22:31.934,0.71457,0.71447,1.87,1
23.08.2021 00:22:35.711,0.71459,0.71447,1.87,1.5
23.08.2021 00:22:42.156,0.71457,0.7144600000000001,1,2.25
23.08.2021 00:22:42.486,0.7145800000000001,0.71447,2.25,1
23.08.2021 00:22:43.490,0.71455,0.71445,3.37,1
23.08.2021 00:22:45.249,0.71455,0.71445,4.25,1
23.08.2021 00:22:53.308,0.71455,0.71445,2.25,1
23.08.2021 00:23:02.434,0.7145600000000001,0.71444,4.25,1
23.08.2021 00:23:08.304,0.71455,0.71442,1.87,3.26
23.08.2021 00:23:09.752,0.71453,0.71443,1,3.26
23.08.2021 00:23:33.910,0.71454,0.71443,1.87,3.26
23.08.2021 00:23:38.118,0.71453,0.71443,1,3.26
23.08.2021 00:23:40.722,0.71454,0.71444,1,1
23.08.2021 00:23:50.165,0.71453,0.71444,1,1
23.08.2021 00:23:56.895,0.7145800000000001,0.71447,1.75,1
23.08.2021 00:23:56.996,0.7145800000000001,0.71449,1.5,1
23.08.2021 00:23:57.097,0.7145800000000001,0.71449,1.12,1
23.08.2021 00:24:00.918,0.7145600000000001,0.7144600000000001,1,1.5
23.08.2021 00:24:01.020,0.71455,0.7144600000000001,1,1
23.08.2021 00:24:01.122,0.71455,0.71445,3,2.25
23.08.2021 00:24:05.329,0.71455,0.7144600000000001,1,1
23.08.2021 00:24:08.166,0.7145600000000001,0.7144600000000001,1,1.5
23.08.2021 00:24:08.268,0.7145800000000001,0.71445,1.87,3.26
23.08.2021 00:24:11.670,0.71457,0.71448,1,1
23.08.2021 00:24:11.822,0.71459,0.71447,1.87,1.5
23.08.2021 00:24:13.030,0.7145800000000001,0.71449,1,1
23.08.2021 00:24:50.372,0.7145600000000001,0.71449,1,1
23.08.2021 00:24:50.423,0.7145600000000001,0.7144600000000001,1,2.44
23.08.2021 00:24:50.524,0.71455,0.71445,1,3.34
23.08.2021 00:24:50.575,0.71454,0.71444,1,1
23.08.2021 00:24:56.494,0.71454,0.71445,1,1.5
23.08.2021 00:24:57.337,0.71455,0.71445,2.62,1.5
23.08.2021 00:24:58.962,0.71455,0.7144600000000001,1.87,1
23.08.2021 00:25:04.616,0.71455,0.71447,2.62,1
23.08.2021 00:25:04.717,0.71455,0.7144600000000001,3.37,1
23.08.2021 00:25:07.861,0.71455,0.71445,4.12,1.5
23.08.2021 00:25:12.253,0.71455,0.71444,1.12,1
23.08.2021 00:25:13.505,0.7145600000000001,0.71444,2.62,1.5
23.08.2021 00:25:22.136,0.7145600000000001,0.71445,1.5,1.25
23.08.2021 00:25:22.238,0.71457,0.71448,1.75,1
23.08.2021 00:25:22.490,0.71457,0.71447,1.94,1
23.08.2021 00:25:26.894,0.71457,0.71447,1.31,1
23.08.2021 00:25:33.867,0.7145800000000001,0.71449,1.87,1
23.08.2021 00:25:33.968,0.71464,0.71452,3.29,1.5
23.08.2021 00:25:34.070,0.71464,0.71453,2.44,1
23.08.2021 00:25:53.540,0.71465,0.7145600000000001,2.06,1
23.08.2021 00:25:53.642,0.71467,0.7145800000000001,1.5,2.62
23.08.2021 00:25:53.744,0.71469,0.71457,2.44,2.7
23.08.2021 00:25:57.373,0.71469,0.7145800000000001,1,1
23.08.2021 00:26:00.436,0.7146800000000001,0.7145800000000001,1.5,2.32
23.08.2021 00:26:00.537,0.71467,0.7145600000000001,2.69,1.5
23.08.2021 00:26:00.639,0.71465,0.71453,1.25,4.5
23.08.2021 00:26:00.740,0.71464,0.71454,1.69,4
23.08.2021 00:26:00.891,0.71464,0.71454,1.69,1.5
23.08.2021 00:26:01.066,0.71464,0.71454,3.06,1.5
23.08.2021 00:26:01.167,0.71459,0.71448,1.25,2.07
23.08.2021 00:26:01.269,0.7145800000000001,0.71449,1.25,1.5
23.08.2021 00:26:01.370,0.71459,0.71449,2.81,1.5
23.08.2021 00:26:06.367,0.71459,0.71448,1,1
23.08.2021 00:26:11.228,0.7146,0.7145100000000001,1,1.5
23.08.2021 00:26:11.330,0.71462,0.71453,2.44,1
23.08.2021 00:26:14.689,0.71464,0.71455,1.5,1
23.08.2021 00:26:14.790,0.7146600000000001,0.71454,2.06,2.25
23.08.2021 00:26:15.070,0.71464,0.71454,2.69,1.5
23.08.2021 00:26:16.771,0.71465,0.71453,2.06,1.5
23.08.2021 00:26:20.271,0.71464,0.7145600000000001,1.31,1
23.08.2021 00:26:20.908,0.7146600000000001,0.7145600000000001,3,1.1
23.08.2021 00:26:21.010,0.7146600000000001,0.71455,2.19,2.32
23.08.2021 00:26:21.111,0.7146600000000001,0.71455,2.06,1.95
23.08.2021 00:26:21.808,0.7146600000000001,0.7145800000000001,1.31,1
23.08.2021 00:26:23.438,0.71465,0.71455,1,1
23.08.2021 00:26:31.326,0.7146300000000001,0.71455,2.06,1
23.08.2021 00:26:39.991,0.7146300000000001,0.7145600000000001,1,1
23.08.2021 00:26:40.092,0.71465,0.71455,1.12,1
23.08.2021 00:26:45.763,0.7146300000000001,0.71454,1.25,1
23.08.2021 00:26:49.068,0.71464,0.7145600000000001,3.81,1
23.08.2021 00:26:51.757,0.71462,0.71455,1.25,1
23.08.2021 00:26:52.257,0.71462,0.71452,3.62,1
23.08.2021 00:26:52.358,0.7146100000000001,0.71453,2.44,1
23.08.2021 00:26:52.409,0.7146100000000001,0.71449,1.12,1.1
23.08.2021 00:26:52.459,0.7146,0.71452,1.12,1
23.08.2021 00:26:53.326,0.71459,0.7145100000000001,1.25,1
23.08.2021 00:26:54.348,0.7145800000000001,0.7145,1.12,1
23.08.2021 00:26:54.449,0.71457,0.71449,1.5,1
23.08.2021 00:26:54.550,0.7145600000000001,0.71448,1,1
23.08.2021 00:26:54.702,0.71457,0.71448,2.44,1
23.08.2021 00:26:54.854,0.7145600000000001,0.71448,1,1
23.08.2021 00:26:56.209,0.7145800000000001,0.71447,2.06,1
23.08.2021 00:26:57.409,0.7145800000000001,0.7145,2.62,1
23.08.2021 00:26:57.510,0.7146,0.7145,2.44,1
23.08.2021 00:26:57.713,0.7146,0.71449,2.44,1
23.08.2021 00:27:01.019,0.7145800000000001,0.7145,2.69,1
23.08.2021 00:27:01.070,0.71457,0.71448,1.25,1
23.08.2021 00:27:02.419,0.71455,0.7144600000000001,3.19,1
23.08.2021 00:27:02.521,0.71454,0.71445,1,1
23.08.2021 00:27:08.161,0.7145600000000001,0.71447,4.31,1
23.08.2021 00:27:09.535,0.71457,0.71447,3.56,1.5
23.08.2021 00:27:11.275,0.7145800000000001,0.71447,1.69,1
23.08.2021 00:27:15.142,0.7145800000000001,0.71449,1.25,1.5
23.08.2021 00:27:15.244,0.71459,0.7145,1.12,1
23.08.2021 00:27:21.965,0.71459,0.71449,2.62,1
23.08.2021 00:27:27.587,0.7145800000000001,0.71449,1.25,1
23.08.2021 00:27:28.310,0.7145600000000001,0.71447,2,1
23.08.2021 00:27:28.412,0.71455,0.7144600000000001,1,1.87
23.08.2021 00:27:28.565,0.7145600000000001,0.7144600000000001,1.69,1.5
23.08.2021 00:27:28.978,0.71455,0.7144600000000001,1.94,1
23.08.2021 00:27:29.080,0.71454,0.71444,2.44,1.5
23.08.2021 00:27:29.392,0.71453,0.71444,1,1
23.08.2021 00:27:33.684,0.71452,0.71443,1.25,1
23.08.2021 00:27:33.836,0.7145100000000001,0.71442,1,1
23.08.2021 00:27:37.999,0.7145100000000001,0.7144100000000001,2.06,1
23.08.2021 00:27:38.333,0.71449,0.7144,1.25,1
23.08.2021 00:27:38.485,0.7145,0.71438,4.94,1.5
23.08.2021 00:27:41.224,0.71448,0.7143700000000001,2.44,1
23.08.2021 00:27:41.326,0.71445,0.7143600000000001,4.31,1
23.08.2021 00:27:41.427,0.7144600000000001,0.71435,3.06,1
23.08.2021 00:27:45.368,0.71444,0.71435,1.25,1
23.08.2021 00:27:46.076,0.71445,0.71435,2.81,1
23.08.2021 00:27:46.329,0.71445,0.7143600000000001,2.06,1
23.08.2021 00:27:47.027,0.71445,0.71435,4.31,1
23.08.2021 00:27:48.137,0.71445,0.7143600000000001,1.12,1
23.08.2021 00:27:48.341,0.7144600000000001,0.7143600000000001,3.56,1
23.08.2021 00:27:48.806,0.7144600000000001,0.7143600000000001,4.56,1
23.08.2021 00:27:49.277,0.7144600000000001,0.7143600000000001,2.81,1
23.08.2021 00:27:49.378,0.71447,0.71438,1.31,1
23.08.2021 00:27:50.814,0.71448,0.71439,2.25,1
23.08.2021 00:27:51.017,0.71448,0.71439,1.12,1
23.08.2021 00:27:52.321,0.71448,0.7144,1,1
23.08.2021 00:27:58.763,0.71449,0.7144,1.12,1
23.08.2021 00:27:58.972,0.7145100000000001,0.71442,1.37,1
23.08.2021 00:27:59.073,0.71452,0.71442,3.19,1.5
23.08.2021 00:28:03.415,0.71452,0.71443,2.31,1
23.08.2021 00:28:03.590,0.71453,0.71442,1.31,1
23.08.2021 00:28:09.115,0.7145,0.71442,1,1
23.08.2021 00:28:11.425,0.71452,0.71443,1.75,1
23.08.2021 00:28:11.578,0.71453,0.71442,1.31,1
23.08.2021 00:28:14.829,0.7145600000000001,0.71444,2,1
23.08.2021 00:28:15.031,0.71457,0.71445,3.56,1
23.08.2021 00:28:15.416,0.71455,0.7144600000000001,1.25,1
23.08.2021 00:28:16.029,0.71455,0.71445,1.94,1.5
23.08.2021 00:28:16.852,0.71455,0.7144600000000001,1,1.25
23.08.2021 00:28:16.953,0.71457,0.71447,1.75,1.5
23.08.2021 00:28:17.055,0.71457,0.71448,1.31,1
23.08.2021 00:28:20.484,0.7145800000000001,0.71449,1.12,1
23.08.2021 00:28:20.985,0.7146,0.71448,1.5,1.69
23.08.2021 00:28:21.036,0.7146100000000001,0.7145,1.31,1
23.08.2021 00:28:21.138,0.7146,0.71448,3.94,1
23.08.2021 00:28:21.189,0.7145800000000001,0.71448,4.56,1.5
23.08.2021 00:28:21.291,0.71459,0.7144600000000001,4.75,1.5
23.08.2021 00:28:21.578,0.7145600000000001,0.71447,2.06,1
23.08.2021 00:28:21.780,0.7145800000000001,0.71448,1.75,1
23.08.2021 00:28:21.882,0.7145800000000001,0.7144600000000001,1.12,1
23.08.2021 00:28:22.135,0.7145800000000001,0.71445,2.81,2.32
23.08.2021 00:28:23.581,0.71455,0.71445,3,1.5
23.08.2021 00:28:23.682,0.7145600000000001,0.71443,3.56,2.62
23.08.2021 00:28:26.185,0.7145600000000001,0.71445,1.87,1
23.08.2021 00:28:26.236,0.71457,0.71447,2.06,1.5
23.08.2021 00:28:26.337,0.7145600000000001,0.71445,3.94,1.5
23.08.2021 00:28:26.439,0.7145600000000001,0.7144600000000001,3.69,1
23.08.2021 00:28:30.815,0.71455,0.71445,6.44,1
23.08.2021 00:28:30.916,0.71455,0.71445,3.94,1
23.08.2021 00:28:31.017,0.71455,0.71445,6.44,1
23.08.2021 00:28:31.119,0.7145600000000001,0.7144600000000001,3.06,1
23.08.2021 00:28:31.220,0.71457,0.71445,2.06,1.5
23.08.2021 00:28:33.167,0.71454,0.71445,1,1.5
23.08.2021 00:28:35.174,0.71455,0.7144600000000001,1.12,1
23.08.2021 00:28:35.276,0.71457,0.71447,1.5,1
23.08.2021 00:28:35.383,0.71457,0.71448,1.12,1
23.08.2021 00:28:35.484,0.71457,0.71447,3.56,1
23.08.2021 00:28:37.195,0.7145600000000001,0.7144600000000001,1,3
23.08.2021 00:28:39.935,0.7145800000000001,0.71448,1.5,1
23.08.2021 00:28:40.037,0.71459,0.71448,2.62,1.57
23.08.2021 00:28:40.138,0.7145800000000001,0.71448,1,1.57
23.08.2021 00:28:42.007,0.71459,0.7145,1.87,1
23.08.2021 00:28:42.108,0.7146100000000001,0.71452,1.5,1
23.08.2021 00:28:42.774,0.7145800000000001,0.7145,1,1
23.08.2021 00:28:42.875,0.7146,0.71448,1.5,1.5
23.08.2021 00:28:44.071,0.7146,0.71449,1,1.25
23.08.2021 00:28:44.173,0.7146100000000001,0.71452,1.5,1
23.08.2021 00:28:44.280,0.7146100000000001,0.71452,1.5,1
23.08.2021 00:28:47.673,0.71462,0.71452,1.87,1
23.08.2021 00:28:49.710,0.7146300000000001,0.71453,1,1
23.08.2021 00:28:50.168,0.7146300000000001,0.71455,1,1
23.08.2021 00:28:50.270,0.7146600000000001,0.7145600000000001,2,1
23.08.2021 00:28:50.371,0.7146600000000001,0.7145600000000001,1.87,1
23.08.2021 00:28:50.785,0.71467,0.71457,1,1
23.08.2021 00:28:51.084,0.71465,0.7145600000000001,1.87,1
23.08.2021 00:28:51.186,0.71464,0.71454,1.5,1.5
23.08.2021 00:28:52.154,0.71464,0.71454,1,4.75
23.08.2021 00:28:52.257,0.71469,0.71457,2,1
23.08.2021 00:28:52.359,0.7146800000000001,0.7145800000000001,1.87,1
23.08.2021 00:28:53.749,0.7146800000000001,0.71459,1,1.5
23.08.2021 00:28:54.207,0.71469,0.71459,1.5,2.25
23.08.2021 00:28:54.308,0.71469,0.7146,1,1
23.08.2021 00:28:56.575,0.71472,0.71462,2.25,3.37
23.08.2021 00:28:57.711,0.7147100000000001,0.71462,1.31,1.5
23.08.2021 00:28:57.762,0.7147100000000001,0.71459,3.56,1.5
23.08.2021 00:28:57.864,0.7147,0.7146,4.56,1.5
23.08.2021 00:28:58.814,0.7147,0.7146,2.06,1.5
23.08.2021 00:28:58.967,0.71469,0.71459,1.31,1.5
23.08.2021 00:29:00.944,0.71469,0.7146,1.12,1
23.08.2021 00:29:00.995,0.7147100000000001,0.71462,1.5,1.25
23.08.2021 00:29:01.096,0.7147100000000001,0.71462,1,1
23.08.2021 00:29:01.198,0.71472,0.7146300000000001,1.12,1.5
23.08.2021 00:29:01.349,0.7147300000000001,0.7146100000000001,1.87,1
23.08.2021 00:29:03.043,0.71472,0.7146300000000001,1,1
23.08.2021 00:29:03.094,0.71474,0.71464,1.31,1
23.08.2021 00:29:03.195,0.7147600000000001,0.71464,4.44,1
23.08.2021 00:29:03.297,0.7147600000000001,0.71464,4.31,1
23.08.2021 00:29:05.404,0.71477,0.7146800000000001,1.75,1.69
23.08.2021 00:29:05.506,0.71477,0.7146800000000001,1.25,1.5
23.08.2021 00:29:05.607,0.7147800000000001,0.7146800000000001,1.12,1.69
23.08.2021 00:29:07.268,0.7147800000000001,0.7146600000000001,1,1.5
23.08.2021 00:29:09.756,0.71475,0.71465,3.56,1
23.08.2021 00:29:09.857,0.7147300000000001,0.71464,1,1
23.08.2021 00:29:10.589,0.71475,0.7146300000000001,1.5,1.5
23.08.2021 00:29:11.628,0.7147600000000001,0.71465,1,1.25
23.08.2021 00:29:11.730,0.71477,0.71467,2,1.69
23.08.2021 00:29:11.831,0.7147800000000001,0.71467,1.5,1
23.08.2021 00:29:12.134,0.71477,0.71467,1,1.76
23.08.2021 00:29:12.662,0.7147600000000001,0.71467,1,1.5
23.08.2021 00:29:12.763,0.71477,0.71467,2.25,1.5
23.08.2021 00:29:13.609,0.71475,0.71467,1,1
23.08.2021 00:29:13.660,0.71474,0.71465,1,1.5
23.08.2021 00:29:13.761,0.71474,0.71464,1.5,1
23.08.2021 00:29:17.466,0.71475,0.71464,1,1.5
23.08.2021 00:29:18.114,0.7147600000000001,0.71465,2.06,1.57
23.08.2021 00:29:18.217,0.71477,0.71465,1.5,1.1
23.08.2021 00:29:20.899,0.71477,0.71467,1.69,1
23.08.2021 00:29:26.608,0.7147800000000001,0.7146800000000001,1.5,1
23.08.2021 00:29:28.746,0.71477,0.71467,1,1.5
23.08.2021 00:29:31.539,0.71479,0.71467,1.87,1
23.08.2021 00:29:31.641,0.71477,0.71467,1,1.5
23.08.2021 00:29:36.017,0.71479,0.71467,1.87,1.5
23.08.2021 00:29:42.011,0.7148100000000001,0.71472,3.75,1
23.08.2021 00:29:42.214,0.7148100000000001,0.71472,1,1.5
23.08.2021 00:29:44.365,0.7148100000000001,0.7146800000000001,2.51,4.2
23.08.2021 00:29:44.467,0.71479,0.71469,1.25,1
23.08.2021 00:29:44.619,0.7147800000000001,0.71469,1,1
23.08.2021 00:29:45.770,0.7147800000000001,0.7146800000000001,1,1.5
23.08.2021 00:29:47.513,0.7148,0.71469,4.01,1.5
23.08.2021 00:29:48.168,0.7148,0.7147,3.14,1
23.08.2021 00:29:48.270,0.7148,0.7147,1.69,1.5
23.08.2021 00:29:49.628,0.7148,0.7147100000000001,1,1.5
23.08.2021 00:29:49.730,0.71482,0.7147,1.12,1.5
23.08.2021 00:29:51.391,0.71482,0.71472,1.87,1.69
23.08.2021 00:30:00.347,0.7148100000000001,0.71472,1,1.5
23.08.2021 00:30:00.398,0.71479,0.71469,1,4
23.08.2021 00:30:00.499,0.71479,0.71469,1.5,2.44
23.08.2021 00:30:01.032,0.71479,0.7146800000000001,2.44,2.44
23.08.2021 00:30:01.639,0.71474,0.71465,3.75,1.25
23.08.2021 00:30:01.741,0.7147300000000001,0.71464,1,1.69
23.08.2021 00:30:04.642,0.7147300000000001,0.7146300000000001,1.5,2.44
23.08.2021 00:30:14.813,0.7147300000000001,0.71464,1.5,1.25
23.08.2021 00:30:15.710,0.71475,0.71465,1.87,1.69
23.08.2021 00:30:15.813,0.7147300000000001,0.71464,1,2.44
23.08.2021 00:30:16.992,0.7147300000000001,0.71465,1,1.25
23.08.2021 00:30:17.137,0.7147300000000001,0.7146600000000001,1,1.25
23.08.2021 00:30:17.873,0.71475,0.7146600000000001,1.5,1.25
23.08.2021 00:30:18.076,0.71477,0.71467,2.62,1.69
23.08.2021 00:30:20.239,0.7147800000000001,0.71467,1,1
23.08.2021 00:30:24.350,0.71482,0.7147100000000001,1.5,1.25
23.08.2021 00:30:26.038,0.71482,0.71472,1,2.14
23.08.2021 00:30:27.130,0.7148300000000001,0.7147300000000001,2.44,1
23.08.2021 00:30:30.153,0.7148300000000001,0.71472,2.44,2.51
23.08.2021 00:30:30.653,0.71482,0.71472,1,2.51
23.08.2021 00:30:32.322,0.71482,0.7147300000000001,1,1
23.08.2021 00:30:33.660,0.71482,0.71472,1,2.32
23.08.2021 00:30:34.217,0.71482,0.7147300000000001,1,1
23.08.2021 00:30:34.372,0.71482,0.71472,1,2.51
23.08.2021 00:30:38.074,0.71482,0.7147300000000001,1.5,1
23.08.2021 00:30:38.734,0.71482,0.71472,1.5,2.51
23.08.2021 00:30:45.395,0.71482,0.7147100000000001,1,1.5
23.08.2021 00:30:45.497,0.7148,0.7147100000000001,1,1.5
23.08.2021 00:30:45.941,0.71482,0.7147100000000001,2.62,1.76
23.08.2021 00:30:46.246,0.7148300000000001,0.7147100000000001,2.62,1
23.08.2021 00:30:48.111,0.71482,0.7147300000000001,1,1
23.08.2021 00:30:48.264,0.7148300000000001,0.7147300000000001,3.37,1
23.08.2021 00:30:49.594,0.7148300000000001,0.71474,1.5,1
23.08.2021 00:30:52.734,0.7148300000000001,0.7147300000000001,1.5,1
23.08.2021 00:30:57.338,0.71482,0.7147300000000001,1,1
23.08.2021 00:30:57.439,0.71482,0.71472,1.5,1
23.08.2021 00:30:58.441,0.7148,0.7147,3.37,1.5
23.08.2021 00:30:58.542,0.7148,0.71469,1,1
23.08.2021 00:30:58.644,0.7148,0.7146800000000001,1,1
23.08.2021 00:30:59.572,0.7148100000000001,0.7147100000000001,1.87,1
23.08.2021 00:31:00.077,0.71482,0.7147100000000001,1,1
23.08.2021 00:31:00.191,0.7148,0.7147,1.25,1.5
23.08.2021 00:31:01.113,0.7148,0.71472,1,1
23.08.2021 00:31:01.215,0.7148100000000001,0.71472,1,1
23.08.2021 00:31:03.179,0.71482,0.71472,1.25,1.57
23.08.2021 00:31:03.280,0.71482,0.7147300000000001,1,1
23.08.2021 00:31:03.766,0.7148300000000001,0.7147300000000001,1.5,1.1
23.08.2021 00:31:03.867,0.71484,0.71475,2.62,1.25
23.08.2021 00:31:04.019,0.71484,0.71474,3,1.25
23.08.2021 00:31:05.529,0.71484,0.7147300000000001,4.31,2.51
23.08.2021 00:31:09.366,0.71484,0.71474,3.94,1
23.08.2021 00:31:14.808,0.71484,0.71475,4.5,1
23.08.2021 00:31:15.112,0.7148300000000001,0.71475,1,1
23.08.2021 00:31:16.759,0.7148300000000001,0.71474,1,1
23.08.2021 00:31:18.313,0.7148,0.71469,1,2
23.08.2021 00:31:18.415,0.7147800000000001,0.7147,1,1
23.08.2021 00:31:18.516,0.7147800000000001,0.71469,1,1
23.08.2021 00:31:20.033,0.7147300000000001,0.71465,1,2.32
23.08.2021 00:31:20.134,0.7147300000000001,0.71464,1,1
23.08.2021 00:31:20.236,0.71472,0.71464,1,1
23.08.2021 00:31:20.387,0.7147,0.71459,1,1.5
23.08.2021 00:31:20.489,0.7146800000000001,0.7146,1,1
23.08.2021 00:31:20.590,0.7146800000000001,0.71459,1,1
23.08.2021 00:31:21.881,0.7146800000000001,0.7146,1.25,1
23.08.2021 00:31:25.231,0.71469,0.71457,1,2.44
23.08.2021 00:31:27.982,0.71467,0.7145800000000001,1,1.69
23.08.2021 00:31:28.161,0.71465,0.7145600000000001,1,1.25
23.08.2021 00:31:28.262,0.71464,0.71453,1.25,1.5
23.08.2021 00:31:28.364,0.7146300000000001,0.71454,1.25,1
23.08.2021 00:31:30.233,0.71462,0.71453,1.25,1
23.08.2021 00:31:30.335,0.7146100000000001,0.71452,1,1.25
23.08.2021 00:31:30.436,0.7145800000000001,0.71449,1,3.39
23.08.2021 00:31:30.588,0.7145800000000001,0.71448,1.25,3.56
23.08.2021 00:31:34.910,0.71457,0.71447,1,2.5
23.08.2021 00:31:37.860,0.71457,0.71448,1,1.25
23.08.2021 00:31:42.212,0.71453,0.7144600000000001,1,1.25
23.08.2021 00:31:42.263,0.71453,0.71445,1,1.76
23.08.2021 00:31:42.367,0.71452,0.71443,1,3.25
23.08.2021 00:31:52.397,0.7145,0.7144,1.5,1.25
23.08.2021 00:31:52.448,0.71449,0.71438,1.5,2.69
23.08.2021 00:31:52.550,0.71448,0.71438,1.5,1
23.08.2021 00:31:52.651,0.71448,0.7143600000000001,2.25,1.75
23.08.2021 00:31:55.216,0.71445,0.7143600000000001,1.5,1.25
23.08.2021 00:31:55.317,0.7144600000000001,0.71434,1,1.69
23.08.2021 00:31:56.641,0.71447,0.7143600000000001,1.12,1.69
23.08.2021 00:32:00.717,0.71447,0.7143700000000001,2.25,1.75
23.08.2021 00:32:01.647,0.7144600000000001,0.7143600000000001,1.5,1.25
23.08.2021 00:32:01.748,0.71445,0.71435,1,3.4
23.08.2021 00:32:03.013,0.7144600000000001,0.7143700000000001,1,1.25
23.08.2021 00:32:04.087,0.71447,0.71438,1,1.25
23.08.2021 00:32:04.138,0.71449,0.71439,1.5,1.75
23.08.2021 00:32:05.747,0.71449,0.7144,1.5,1.25
23.08.2021 00:32:07.113,0.7145,0.7144100000000001,1,1.25
23.08.2021 00:32:07.752,0.7145100000000001,0.7144100000000001,1.5,1.75
23.08.2021 00:32:09.756,0.71452,0.71445,1,1.25
23.08.2021 00:32:09.807,0.7145600000000001,0.7144600000000001,1.12,1.31
23.08.2021 00:32:09.959,0.71457,0.71447,2.25,1.84
23.08.2021 00:32:10.011,0.71454,0.71444,1,1.75
23.08.2021 00:32:10.113,0.71455,0.71443,2.25,1.75
23.08.2021 00:32:10.215,0.71455,0.71447,1,1.37
23.08.2021 00:32:10.317,0.71457,0.71447,2.25,2.69
23.08.2021 00:32:15.760,0.71457,0.7144600000000001,2.25,2.14
23.08.2021 00:32:15.811,0.71457,0.71448,1.5,1
23.08.2021 00:32:21.840,0.7145800000000001,0.71448,1,1.25
23.08.2021 00:32:22.129,0.71459,0.71449,2.62,1.69
23.08.2021 00:32:23.163,0.7145800000000001,0.71449,1,1.69
23.08.2021 00:32:25.425,0.7145800000000001,0.7145100000000001,1,1.25
23.08.2021 00:32:25.476,0.7145800000000001,0.71449,1,1.69
23.08.2021 00:32:31.762,0.71459,0.7145,1,1
23.08.2021 00:32:33.227,0.7146,0.7145100000000001,1,1
23.08.2021 00:32:33.328,0.71462,0.71453,1,1
23.08.2021 00:32:33.429,0.71462,0.71454,1.12,1
23.08.2021 00:32:33.530,0.71465,0.71455,1,1
23.08.2021 00:32:33.834,0.71464,0.71454,1,2.25
23.08.2021 00:32:34.087,0.71465,0.7145800000000001,1,1
23.08.2021 00:32:34.188,0.71465,0.71455,1,2.32
23.08.2021 00:32:34.930,0.7146600000000001,0.71459,1,1
23.08.2021 00:32:34.981,0.71469,0.71459,1.95,1
23.08.2021 00:32:35.082,0.71469,0.71459,2,1.31
23.08.2021 00:32:35.133,0.71469,0.71462,1.5,1
23.08.2021 00:32:35.647,0.71469,0.71459,1.5,2.19
23.08.2021 00:32:35.949,0.71469,0.71462,1.5,1
23.08.2021 00:32:36.051,0.71469,0.7146100000000001,1.5,1
23.08.2021 00:32:36.467,0.7147,0.7146100000000001,1.2,1
23.08.2021 00:32:36.568,0.7147,0.7146,1.57,1
23.08.2021 00:32:37.854,0.7147,0.7146100000000001,1,1
23.08.2021 00:32:37.909,0.7147,0.7145800000000001,1,1.87
23.08.2021 00:32:38.015,0.7147,0.7145800000000001,1,2
23.08.2021 00:32:38.218,0.7147,0.71462,1.87,1.25
23.08.2021 00:32:38.319,0.71475,0.71464,3.64,1
23.08.2021 00:32:38.421,0.71475,0.71465,3.64,1
23.08.2021 00:32:40.069,0.71475,0.71462,2.32,2.06
23.08.2021 00:32:40.120,0.71474,0.7146600000000001,1,1
23.08.2021 00:32:40.322,0.71475,0.7146600000000001,1.5,1
23.08.2021 00:32:40.424,0.71475,0.7146600000000001,1,1.31
23.08.2021 00:32:40.525,0.71477,0.71469,1.95,1
23.08.2021 00:32:40.678,0.71477,0.7147,1.5,1
23.08.2021 00:32:42.748,0.71477,0.7146600000000001,1.95,1.75
23.08.2021 00:32:43.015,0.7147600000000001,0.7146600000000001,1,1.75
23.08.2021 00:32:43.627,0.71474,0.7146600000000001,1,1
23.08.2021 00:32:43.880,0.7147100000000001,0.7146300000000001,1.1,1
23.08.2021 00:32:46.110,0.71472,0.71462,1.87,1.25
23.08.2021 00:32:46.211,0.71472,0.7146300000000001,1.12,1
23.08.2021 00:32:46.436,0.71472,0.71462,1,1.25
23.08.2021 00:32:49.339,0.7147300000000001,0.7146600000000001,1,1
23.08.2021 00:32:49.589,0.71472,0.71462,1,1.25
23.08.2021 00:32:51.416,0.7147300000000001,0.7146600000000001,1,1
23.08.2021 00:32:52.028,0.71475,0.71467,1.95,1
23.08.2021 00:32:52.180,0.71474,0.7146600000000001,1.1,1
23.08.2021 00:32:52.288,0.71474,0.71467,1.5,1
23.08.2021 00:32:52.843,0.71475,0.71465,1.76,1
23.08.2021 00:32:55.952,0.71474,0.71464,2.14,1
23.08.2021 00:32:56.054,0.7147300000000001,0.71464,1.1,1
23.08.2021 00:32:57.872,0.7147300000000001,0.71465,1.1,1
23.08.2021 00:33:02.357,0.71475,0.7146600000000001,1.2,1
23.08.2021 00:33:05.112,0.71475,0.71467,1,1
23.08.2021 00:33:08.110,0.7147600000000001,0.71469,1,1
23.08.2021 00:33:08.160,0.7147800000000001,0.71469,1.2,1
23.08.2021 00:33:10.228,0.7147800000000001,0.7147,1,1
23.08.2021 00:33:10.770,0.71479,0.7147100000000001,1.2,1
23.08.2021 00:33:10.922,0.7148100000000001,0.7147300000000001,3.07,1
23.08.2021 00:33:11.074,0.71482,0.71474,1.12,1
23.08.2021 00:33:11.175,0.71482,0.71475,1,1
23.08.2021 00:33:14.496,0.71479,0.7147100000000001,1.1,1
23.08.2021 00:33:14.597,0.71479,0.7147,1.1,1.25
23.08.2021 00:33:17.089,0.71479,0.7147100000000001,1,1
23.08.2021 00:33:17.190,0.71479,0.71472,1,1
23.08.2021 00:33:20.110,0.71482,0.7147300000000001,1.2,1
23.08.2021 00:33:21.062,0.71479,0.7147,1.1,1
23.08.2021 00:33:21.163,0.7147800000000001,0.71469,1,1
23.08.2021 00:33:21.704,0.7147800000000001,0.7147,1.1,1
23.08.2021 00:33:21.906,0.7147800000000001,0.71469,1.1,1
23.08.2021 00:33:23.103,0.7147800000000001,0.7147,1.1,1
23.08.2021 00:33:45.608,0.71475,0.7146800000000001,1,1
23.08.2021 00:33:45.659,0.71475,0.71464,1,1
23.08.2021 00:33:45.760,0.71475,0.7146300000000001,1.76,1.5
23.08.2021 00:33:45.861,0.7147300000000001,0.71464,1,1.5
23.08.2021 00:33:47.480,0.7147,0.7146,1.01,1.5
23.08.2021 00:33:47.581,0.71469,0.71459,1.01,1.12
23.08.2021 00:33:51.275,0.71469,0.7146,1.01,1
23.08.2021 00:33:51.484,0.7147,0.71462,1.12,1
23.08.2021 00:33:51.586,0.71472,0.7146300000000001,1,1
23.08.2021 00:33:51.687,0.71472,0.71464,1,1
23.08.2021 00:33:54.540,0.71472,0.7146300000000001,2.72,1
23.08.2021 00:33:54.591,0.7147100000000001,0.7146100000000001,1.1,1
23.08.2021 00:33:54.694,0.71469,0.7146,1.1,1.87
23.08.2021 00:33:55.203,0.71469,0.71459,1.95,1
23.08.2021 00:33:57.262,0.7146800000000001,0.71459,1,1
23.08.2021 00:34:01.717,0.7146800000000001,0.7146,1,1
23.08.2021 00:34:06.109,0.7147,0.71459,1,1
23.08.2021 00:34:06.489,0.7147,0.7145800000000001,1.57,1.5
23.08.2021 00:34:09.100,0.71469,0.7146,1.57,1
23.08.2021 00:34:09.841,0.7147100000000001,0.7146300000000001,1,1
23.08.2021 00:34:09.943,0.71472,0.7146300000000001,1,1
23.08.2021 00:34:15.368,0.71472,0.71464,1,1
23.08.2021 00:34:39.701,0.71469,0.7146,1,2.44
23.08.2021 00:34:39.802,0.7146800000000001,0.71459,1,3.82
23.08.2021 00:34:40.959,0.71464,0.7145600000000001,1.25,1
23.08.2021 00:34:41.060,0.71465,0.71454,1.69,1
23.08.2021 00:34:41.971,0.7146300000000001,0.71454,1,1
23.08.2021 00:35:02.321,0.7146300000000001,0.71453,2.25,1.69
23.08.2021 00:35:04.458,0.71462,0.71453,1,1
23.08.2021 00:35:04.509,0.71459,0.71449,1,5.25
23.08.2021 00:35:07.238,0.71459,0.7145,1.1,1
23.08.2021 00:35:07.340,0.7146,0.71449,2.01,1
23.08.2021 00:35:08.333,0.7146100000000001,0.71453,1.75,1
23.08.2021 00:35:08.435,0.71462,0.71453,1.25,1.5
23.08.2021 00:35:12.043,0.71462,0.71454,1.75,1
23.08.2021 00:35:12.824,0.71462,0.71453,2.5,1
23.08.2021 00:35:15.328,0.7146100000000001,0.7145,1.25,1.5
23.08.2021 00:35:15.430,0.7146100000000001,0.7145100000000001,2.5,1.5
23.08.2021 00:35:17.282,0.71459,0.7145,1.25,1.5
23.08.2021 00:35:17.385,0.7146,0.71449,2.76,1
23.08.2021 00:35:18.072,0.71459,0.7145,1.76,1
23.08.2021 00:35:20.062,0.71459,0.71449,1.25,1
23.08.2021 00:35:21.084,0.7146100000000001,0.7145,1.31,1
23.08.2021 00:35:21.185,0.7146100000000001,0.71452,1.69,1.5
23.08.2021 00:35:21.287,0.7146100000000001,0.71453,1,1
23.08.2021 00:35:21.700,0.71464,0.71453,1.25,1
23.08.2021 00:35:21.802,0.71462,0.71453,1.25,1.5
23.08.2021 00:35:24.441,0.71462,0.71454,1.25,1
23.08.2021 00:35:24.542,0.71462,0.71455,1.25,1
23.08.2021 00:35:26.129,0.71464,0.71455,2.14,1
23.08.2021 00:35:26.231,0.71465,0.71454,2.12,1
23.08.2021 00:35:26.332,0.7146600000000001,0.7145600000000001,2.01,1
23.08.2021 00:35:30.074,0.71467,0.7145600000000001,2.39,1
23.08.2021 00:35:30.125,0.71467,0.7145800000000001,2.39,1
23.08.2021 00:35:31.067,0.7146800000000001,0.71459,1.25,1
23.08.2021 00:35:38.356,0.7146800000000001,0.7146,1.95,1
23.08.2021 00:35:40.151,0.7146800000000001,0.7146,1.35,1
23.08.2021 00:35:51.331,0.7146800000000001,0.7146100000000001,1,1
23.08.2021 00:35:52.781,0.7147100000000001,0.71464,1.25,1
23.08.2021 00:35:52.883,0.7147100000000001,0.7146300000000001,1,1
23.08.2021 00:35:52.984,0.71472,0.71465,1.25,1
23.08.2021 00:35:55.736,0.7147300000000001,0.7146300000000001,1.25,1
23.08.2021 00:35:58.723,0.7147,0.7146,1.35,1
23.08.2021 00:35:58.825,0.71469,0.7146100000000001,1.76,1
23.08.2021 00:35:58.926,0.7146800000000001,0.7146100000000001,1,1
23.08.2021 00:36:01.102,0.7146600000000001,0.71457,1.25,1
23.08.2021 00:36:01.255,0.7146600000000001,0.7145800000000001,1,1
23.08.2021 00:36:02.077,0.71467,0.7146,1.25,1
23.08.2021 00:36:04.969,0.71469,0.7146100000000001,1.35,1
23.08.2021 00:36:05.070,0.7147,0.7146100000000001,1.45,1
23.08.2021 00:36:05.172,0.7147100000000001,0.7146100000000001,1.25,1
23.08.2021 00:36:05.324,0.7147,0.7146300000000001,1.25,1
23.08.2021 00:36:07.563,0.71472,0.7146300000000001,2.04,1
23.08.2021 00:36:07.918,0.7147300000000001,0.7146100000000001,4.22,1.5
23.08.2021 00:36:08.101,0.7147,0.7146100000000001,1.64,1
23.08.2021 00:36:08.253,0.71469,0.7146,1.01,1
23.08.2021 00:36:09.032,0.71469,0.7146,2.35,1
23.08.2021 00:36:09.992,0.71469,0.71459,1.26,1
23.08.2021 00:36:11.109,0.7146800000000001,0.7146,1.01,1
23.08.2021 00:36:13.428,0.7147,0.7146100000000001,2.7,1
23.08.2021 00:36:15.040,0.71469,0.7146,1.25,1.5
23.08.2021 00:36:16.110,0.7147,0.7145800000000001,1.25,1.5
23.08.2021 00:36:16.212,0.71469,0.7146,2.01,1
23.08.2021 00:36:16.980,0.7147,0.7145800000000001,3.54,1.5
23.08.2021 00:36:20.817,0.71469,0.7145800000000001,2.76,1
23.08.2021 00:36:22.153,0.7146800000000001,0.7145800000000001,3.51,1.5
23.08.2021 00:36:22.928,0.7146800000000001,0.71459,2.01,1
23.08.2021 00:36:25.811,0.71469,0.71459,3.1,1
23.08.2021 00:36:26.131,0.71469,0.7146,2.35,1
23.08.2021 00:36:30.364,0.71469,0.7146100000000001,1,1
23.08.2021 00:36:30.466,0.7147,0.7146100000000001,1.12,1.25
23.08.2021 00:36:30.567,0.7147100000000001,0.7146300000000001,1.1,1
23.08.2021 00:36:36.367,0.7147100000000001,0.71464,1,1
23.08.2021 00:36:37.067,0.71475,0.7146300000000001,4.41,1
23.08.2021 00:36:39.011,0.71474,0.71464,1.95,1.5
23.08.2021 00:36:39.112,0.71475,0.71465,2.07,1.25
23.08.2021 00:36:39.214,0.71477,0.7146800000000001,1.1,1
23.08.2021 00:36:39.416,0.71477,0.71467,4.97,1
23.08.2021 00:36:39.517,0.71475,0.71465,5.35,1.5
23.08.2021 00:36:41.853,0.71475,0.7146600000000001,1.12,1
23.08.2021 00:36:42.338,0.71475,0.71465,2.7,1.5
23.08.2021 00:36:43.110,0.7147600000000001,0.71465,1,1
23.08.2021 00:36:43.212,0.7147600000000001,0.71467,1.2,1
23.08.2021 00:36:46.111,0.71477,0.7146800000000001,1,1
23.08.2021 00:36:46.313,0.7147600000000001,0.71464,2.62,1.12
23.08.2021 00:36:46.415,0.71475,0.71465,1.1,1
23.08.2021 00:36:46.516,0.71474,0.71465,1,1
23.08.2021 00:36:49.299,0.71475,0.7146600000000001,5.29,1
23.08.2021 00:36:49.450,0.71474,0.71465,1,1
23.08.2021 00:36:51.170,0.7147300000000001,0.71465,1,1
23.08.2021 00:36:52.699,0.71475,0.7146600000000001,1.2,1
23.08.2021 00:36:52.851,0.71475,0.71467,1.2,1
23.08.2021 00:36:54.960,0.7147600000000001,0.7146800000000001,1,1
23.08.2021 00:36:55.061,0.71477,0.71469,1.12,1.5
23.08.2021 00:36:55.897,0.7147800000000001,0.71469,1.1,1.5
23.08.2021 00:37:07.994,0.71477,0.71467,3.04,1
23.08.2021 00:37:08.045,0.71475,0.71465,1.57,1
23.08.2021 00:37:08.146,0.71475,0.7146600000000001,2.25,1
23.08.2021 00:37:08.198,0.71477,0.7146800000000001,3.82,1
23.08.2021 00:37:09.024,0.71477,0.71469,1,1
23.08.2021 00:37:09.126,0.7147800000000001,0.71469,1.12,1
23.08.2021 00:37:11.357,0.7147800000000001,0.7147,1.12,1
23.08.2021 00:37:14.451,0.71479,0.7147,1.95,1
23.08.2021 00:37:20.043,0.71479,0.71469,1,1
23.08.2021 00:37:25.492,0.7147800000000001,0.71469,1,1
23.08.2021 00:37:25.710,0.7147800000000001,0.7146800000000001,1.2,1.5
23.08.2021 00:37:25.812,0.71477,0.7146800000000001,1,1
23.08.2021 00:37:25.963,0.71477,0.71467,1,1
23.08.2021 00:37:27.790,0.71477,0.7146800000000001,1,1
23.08.2021 00:37:27.892,0.7147800000000001,0.7147,1,1
23.08.2021 00:37:28.046,0.71479,0.7147,2.32,1
23.08.2021 00:37:28.351,0.71482,0.71472,1.95,1
23.08.2021 00:37:28.453,0.7148300000000001,0.7147300000000001,1.01,1
23.08.2021 00:37:29.051,0.71484,0.7147300000000001,3.07,1
23.08.2021 00:37:29.153,0.7148300000000001,0.71475,2.89,1
23.08.2021 00:37:29.722,0.7148800000000001,0.7147600000000001,4.79,1
23.08.2021 00:37:29.874,0.71487,0.71479,1.1,1
23.08.2021 00:37:30.757,0.7148800000000001,0.71479,1.01,1
23.08.2021 00:37:31.542,0.71489,0.7148,2.89,1
23.08.2021 00:37:31.744,0.7148800000000001,0.71479,2.7,1
23.08.2021 00:37:31.853,0.7148800000000001,0.7147800000000001,1.95,1.5
23.08.2021 00:37:34.330,0.71489,0.71479,1.1,1
23.08.2021 00:37:41.974,0.71492,0.7148300000000001,5.51,1
23.08.2021 00:37:42.740,0.7149,0.7148,4.41,1
23.08.2021 00:37:43.878,0.71491,0.71479,5.91,1
23.08.2021 00:37:45.560,0.7148800000000001,0.71479,1.6,1
23.08.2021 00:37:45.662,0.71484,0.71474,2.32,1.75
23.08.2021 00:37:45.763,0.71484,0.71474,2.89,1
23.08.2021 00:37:51.284,0.71486,0.7147600000000001,1,1.5
23.08.2021 00:37:51.385,0.71487,0.71477,2.07,1.5
23.08.2021 00:37:51.486,0.7148800000000001,0.71479,1.2,1
23.08.2021 00:37:52.153,0.71487,0.7147800000000001,1.2,1
23.08.2021 00:37:54.283,0.71485,0.7147600000000001,1.95,1
23.08.2021 00:37:54.384,0.71485,0.71475,4.22,1
23.08.2021 00:37:54.485,0.71484,0.71474,1.1,2.44
23.08.2021 00:37:55.518,0.71486,0.71474,3.07,1.69
23.08.2021 00:37:55.619,0.7148800000000001,0.7147600000000001,1.6,1
23.08.2021 00:37:55.720,0.71487,0.7147800000000001,1.1,1
23.08.2021 00:37:58.647,0.7148800000000001,0.7147800000000001,1.1,1.5
23.08.2021 00:37:59.042,0.7149,0.7148,1,1
23.08.2021 00:37:59.144,0.71491,0.7148,2.32,1.5
23.08.2021 00:37:59.296,0.7149,0.71482,3.07,1
23.08.2021 00:37:59.942,0.7149,0.7148100000000001,6.45,1
23.08.2021 00:37:59.993,0.71489,0.71479,1.2,1.5
23.08.2021 00:38:03.128,0.7148800000000001,0.7147800000000001,3.66,1
23.08.2021 00:38:03.337,0.71486,0.71474,2.51,1
23.08.2021 00:38:03.439,0.71485,0.71475,2.54,1
23.08.2021 00:38:19.515,0.71485,0.71475,3.26,1.5
23.08.2021 00:38:19.827,0.71486,0.7147800000000001,1.25,1.5
23.08.2021 00:38:19.877,0.7148800000000001,0.7147800000000001,2.25,1.69
23.08.2021 00:38:19.978,0.7148800000000001,0.71479,1,1
23.08.2021 00:38:23.566,0.71489,0.71479,2.14,1.5
23.08.2021 00:38:30.067,0.71484,0.7147600000000001,1,1
23.08.2021 00:38:30.118,0.71484,0.71474,1.5,2.25
23.08.2021 00:38:32.548,0.71486,0.71477,2.94,1
23.08.2021 00:38:32.599,0.71485,0.71475,1.12,1.69
23.08.2021 00:38:32.701,0.71487,0.7147600000000001,1.12,1
23.08.2021 00:38:32.854,0.71487,0.71477,2.06,1.5
23.08.2021 00:38:34.238,0.71487,0.7147800000000001,1.12,1
23.08.2021 00:38:35.297,0.7148800000000001,0.7147800000000001,1,1
23.08.2021 00:38:35.809,0.7148800000000001,0.71479,1,1
23.08.2021 00:38:36.328,0.7149,0.7147800000000001,1.12,1
23.08.2021 00:38:36.560,0.7149,0.7148,4.89,1
23.08.2021 00:38:41.633,0.71492,0.7148100000000001,1,1
23.08.2021 00:38:41.785,0.7149300000000001,0.7148,1.75,1
23.08.2021 00:38:41.886,0.71492,0.7148300000000001,1.31,1
23.08.2021 00:38:42.256,0.71491,0.7148300000000001,1,1
23.08.2021 00:38:43.923,0.71492,0.7148300000000001,1.87,1
23.08.2021 00:38:44.823,0.71491,0.7148300000000001,1,1
23.08.2021 00:38:45.068,0.7149300000000001,0.71482,1.5,1.5
23.08.2021 00:38:45.170,0.7149,0.7148300000000001,1,1
23.08.2021 00:38:47.690,0.71489,0.7148100000000001,1,1
23.08.2021 00:38:47.951,0.7149,0.7148100000000001,1.31,1
23.08.2021 00:38:48.108,0.71492,0.71482,1.75,1
23.08.2021 00:38:48.330,0.71492,0.71482,1.12,1.5
23.08.2021 00:38:50.994,0.71492,0.7148300000000001,1.12,1
23.08.2021 00:38:51.095,0.71494,0.71484,3.69,1
23.08.2021 00:38:51.197,0.71494,0.71485,2.19,1
23.08.2021 00:38:51.307,0.7149500000000001,0.71484,2.06,1
23.08.2021 00:38:54.063,0.7149300000000001,0.71485,1,1
23.08.2021 00:39:01.550,0.71496,0.71486,1,1.5
23.08.2021 00:39:01.601,0.71497,0.7148800000000001,1,1.25
23.08.2021 00:39:01.652,0.71499,0.7149,4.44,1
23.08.2021 00:39:01.804,0.71499,0.7149,1.25,1
23.08.2021 00:39:09.365,0.71503,0.71492,3,1
23.08.2021 00:39:09.468,0.71503,0.7149300000000001,2.81,1.5
23.08.2021 00:39:10.085,0.71502,0.7149300000000001,1,1
23.08.2021 00:39:11.315,0.71502,0.71494,1,1
23.08.2021 00:39:11.418,0.71501,0.71491,1.5,1
23.08.2021 00:39:11.469,0.71501,0.7149300000000001,1,1
23.08.2021 00:39:14.110,0.7150000000000001,0.71491,1.5,1
23.08.2021 00:39:15.291,0.71501,0.71491,1.5,1.5
23.08.2021 00:39:16.488,0.71502,0.71491,1,1
23.08.2021 00:39:20.698,0.71502,0.71492,2.25,1.5
23.08.2021 00:39:21.304,0.71502,0.7149300000000001,2.25,1
23.08.2021 00:39:21.669,0.71503,0.71491,2.25,1.5
23.08.2021 00:39:25.094,0.71503,0.71492,2.25,1
23.08.2021 00:39:32.111,0.71503,0.71494,1,1
23.08.2021 00:39:32.263,0.71503,0.7149300000000001,1.5,1
23.08.2021 00:39:32.364,0.71502,0.7149300000000001,1,1
23.08.2021 00:39:33.947,0.71502,0.71492,1,3.26
23.08.2021 00:39:36.729,0.7149800000000001,0.71489,1.5,1.31
23.08.2021 00:39:36.931,0.7149800000000001,0.7148800000000001,1.5,1.69
23.08.2021 00:39:39.614,0.71497,0.7148800000000001,1,1.69
23.08.2021 00:39:43.344,0.7149800000000001,0.71489,1.5,1
23.08.2021 00:39:45.103,0.7149800000000001,0.7148800000000001,1.5,1.69
23.08.2021 00:39:50.179,0.71499,0.7149,1,1
23.08.2021 00:39:50.280,0.7150000000000001,0.7149,2.32,1.69
23.08.2021 00:39:53.101,0.7149800000000001,0.71489,1,2.81
23.08.2021 00:39:53.516,0.7149800000000001,0.7148800000000001,1.5,2.25
23.08.2021 00:39:53.618,0.71497,0.7148800000000001,1,2.25
23.08.2021 00:40:02.625,0.71496,0.71487,1,1.5
23.08.2021 00:40:14.150,0.71496,0.71486,6.6,1
23.08.2021 00:40:14.202,0.71492,0.7148300000000001,1,1.69
23.08.2021 00:40:14.303,0.71492,0.71482,1,2.32
23.08.2021 00:40:14.404,0.7149,0.7148,1,5.21
23.08.2021 00:40:14.556,0.7148800000000001,0.7147800000000001,1.5,2.06
23.08.2021 00:40:14.657,0.71487,0.7147800000000001,1,1.69
23.08.2021 00:40:15.521,0.71486,0.7147800000000001,1,1
23.08.2021 00:40:16.113,0.71487,0.7147800000000001,1,1
23.08.2021 00:40:26.049,0.7148800000000001,0.7147800000000001,1.5,1.69
23.08.2021 00:40:26.156,0.7148800000000001,0.71479,1,1.25
23.08.2021 00:40:26.383,0.71489,0.71479,1,1.69
23.08.2021 00:40:26.486,0.7149,0.7148,1.5,1.25
23.08.2021 00:40:26.809,0.71491,0.71482,1,1.5
23.08.2021 00:40:32.884,0.71492,0.71482,1,1
23.08.2021 00:40:32.985,0.71492,0.7148300000000001,1,1
23.08.2021 00:40:34.262,0.71491,0.7148300000000001,1,1
23.08.2021 00:40:34.363,0.71491,0.71482,1,1
23.08.2021 00:40:39.166,0.71492,0.7148300000000001,1,1
23.08.2021 00:40:40.759,0.71489,0.7148,1,1.69
23.08.2021 00:40:40.860,0.7148800000000001,0.7148,1,1.31
23.08.2021 00:40:40.962,0.7149,0.71479,1.95,1.25
23.08.2021 00:40:41.063,0.7148800000000001,0.71477,1,1.5
23.08.2021 00:40:44.160,0.71489,0.71477,1,2.44
23.08.2021 00:40:46.547,0.7148800000000001,0.71479,1,1
23.08.2021 00:40:51.258,0.71489,0.71479,2.25,1
23.08.2021 00:40:51.653,0.71491,0.7148300000000001,1,1
23.08.2021 00:40:51.829,0.71492,0.7148300000000001,1,1.5
23.08.2021 00:41:05.520,0.7149300000000001,0.71484,1,1
23.08.2021 00:41:05.571,0.71494,0.71485,1,1
23.08.2021 00:41:05.622,0.71496,0.71487,1.5,1
23.08.2021 00:41:05.723,0.71496,0.71487,1,1
23.08.2021 00:41:16.219,0.71494,0.7148300000000001,1,1
23.08.2021 00:41:18.242,0.7149300000000001,0.7148300000000001,1.5,2.44
23.08.2021 00:41:18.521,0.71492,0.7148300000000001,1,1.69
23.08.2021 00:41:18.623,0.71491,0.7148100000000001,1,3.26
23.08.2021 00:41:21.759,0.71491,0.7148300000000001,1,1
23.08.2021 00:41:25.390,0.71492,0.7148300000000001,1,1.5
23.08.2021 00:41:25.592,0.71494,0.7148300000000001,2.25,1
23.08.2021 00:41:30.399,0.71496,0.71486,2.62,1.5
23.08.2021 00:41:30.501,0.71497,0.71486,1.87,1
23.08.2021 00:41:34.840,0.7149500000000001,0.71485,1,2.25
23.08.2021 00:41:34.941,0.7149300000000001,0.71484,1,2.62
23.08.2021 00:41:38.809,0.71496,0.71487,1.5,1
23.08.2021 00:41:39.282,0.71494,0.71485,1,1.5
23.08.2021 00:41:39.383,0.71494,0.71484,2.32,1.69
23.08.2021 00:41:39.901,0.71494,0.7148300000000001,1,1
23.08.2021 00:41:46.074,0.71492,0.71482,1,1.69
23.08.2021 00:41:46.226,0.71491,0.71482,1,1.25
23.08.2021 00:41:51.590,0.71489,0.7147800000000001,1.5,1
23.08.2021 00:41:51.692,0.71487,0.71479,1.5,1
23.08.2021 00:41:52.079,0.71485,0.71477,1,1
23.08.2021 00:41:52.181,0.7148300000000001,0.71474,1,1.5
23.08.2021 00:41:52.283,0.71482,0.71474,1,1
23.08.2021 00:41:58.351,0.71484,0.7147300000000001,1,1.5
23.08.2021 00:42:00.742,0.71484,0.71474,2.32,1.5
23.08.2021 00:42:00.793,0.71485,0.71477,1.12,1
23.08.2021 00:42:00.945,0.71487,0.7147800000000001,2.25,1
23.08.2021 00:42:02.401,0.71487,0.71479,1,1
23.08.2021 00:42:02.502,0.71489,0.71479,1,2.51
23.08.2021 00:42:05.131,0.71489,0.71477,1,2.44
23.08.2021 00:42:08.674,0.71491,0.71482,2,1
23.08.2021 00:42:08.775,0.71491,0.71482,1.5,1
23.08.2021 00:42:08.979,0.7149,0.71479,1.57,1.25
23.08.2021 00:42:09.081,0.7148800000000001,0.7147800000000001,1.5,1.69
23.08.2021 00:42:12.375,0.71487,0.7147800000000001,1,1
23.08.2021 00:42:13.658,0.71486,0.7147600000000001,1.5,2.06
23.08.2021 00:42:13.759,0.71485,0.71475,2.25,1.25
23.08.2021 00:42:13.961,0.71485,0.71474,1,1
23.08.2021 00:42:14.722,0.71485,0.71477,1,1
23.08.2021 00:42:14.773,0.71487,0.71477,2.62,1.5
23.08.2021 00:42:18.368,0.7148800000000001,0.71477,1.5,1
23.08.2021 00:42:25.206,0.71487,0.71479,1,1
23.08.2021 00:42:31.467,0.7148800000000001,0.7148,1,1
23.08.2021 00:42:31.569,0.71489,0.7148100000000001,1,1
23.08.2021 00:42:32.191,0.7149,0.7148100000000001,1,1
23.08.2021 00:42:35.320,0.71491,0.7148100000000001,2.62,1
23.08.2021 00:42:36.155,0.71492,0.7148300000000001,1.5,1
23.08.2021 00:42:41.501,0.71492,0.71484,1.5,1
23.08.2021 00:42:48.824,0.71492,0.7148300000000001,1.5,1
23.08.2021 00:42:48.976,0.71492,0.71484,1,1
23.08.2021 00:42:51.838,0.71492,0.71482,1.5,1.1
23.08.2021 00:42:52.897,0.71492,0.7148300000000001,1,1.5
23.08.2021 00:42:53.950,0.71494,0.71484,2.62,1
23.08.2021 00:43:00.153,0.71494,0.71485,1,1
23.08.2021 00:43:00.305,0.71497,0.71487,5.75,1
23.08.2021 00:43:00.457,0.71497,0.71487,2.25,1.57
23.08.2021 00:43:01.491,0.7149500000000001,0.71484,1,1
23.08.2021 00:43:01.592,0.71494,0.71484,2.25,1.5
23.08.2021 00:43:01.694,0.7149300000000001,0.71484,1,1
23.08.2021 00:43:05.460,0.7149500000000001,0.7148300000000001,2.25,1.5
23.08.2021 00:43:08.461,0.7149500000000001,0.71487,1,1
23.08.2021 00:43:08.562,0.71496,0.71487,1,1.5
23.08.2021 00:43:10.500,0.71497,0.71487,1,1
23.08.2021 00:43:10.601,0.71497,0.7148800000000001,1,1
23.08.2021 00:43:11.173,0.71497,0.71487,1.5,1.57
23.08.2021 00:43:11.766,0.7149800000000001,0.71487,1,1
23.08.2021 00:43:14.404,0.7150000000000001,0.7149,3.75,1
23.08.2021 00:43:14.506,0.7150000000000001,0.71491,1,1.5
23.08.2021 00:43:14.609,0.71501,0.71491,1.5,1.5
23.08.2021 00:43:15.013,0.71501,0.71492,1.5,1
23.08.2021 00:43:15.114,0.71502,0.71492,1.5,1.5
23.08.2021 00:43:24.008,0.71502,0.7149300000000001,1,1
23.08.2021 00:43:24.377,0.71502,0.71494,1,1
23.08.2021 00:43:24.479,0.71504,0.71494,2,1
23.08.2021 00:43:24.581,0.71504,0.71494,1.5,1
23.08.2021 00:43:28.520,0.71506,0.71496,4.12,1.5
23.08.2021 00:43:28.723,0.71507,0.71496,1.5,1.25
23.08.2021 00:43:28.824,0.71507,0.7149800000000001,1,1
23.08.2021 00:43:29.293,0.7151000000000001,0.71502,1.12,1.25
23.08.2021 00:43:29.395,0.71514,0.71506,1.69,1.69
23.08.2021 00:43:29.497,0.7151500000000001,0.71504,1.5,1
23.08.2021 00:43:29.903,0.71516,0.71507,2.62,3.94
23.08.2021 00:43:30.005,0.71518,0.71506,1,2.51
23.08.2021 00:43:30.259,0.71516,0.71506,1,2.51
23.08.2021 00:43:30.361,0.7151500000000001,0.71506,1,1.01
23.08.2021 00:43:31.828,0.71516,0.71508,1,1
23.08.2021 00:43:31.930,0.71517,0.71508,1,1
23.08.2021 00:43:32.054,0.71517,0.71509,1,1
23.08.2021 00:43:32.407,0.71518,0.71509,1.5,1
23.08.2021 00:43:33.850,0.71519,0.71507,1.5,1.5
23.08.2021 00:43:35.211,0.71519,0.7151000000000001,1.5,1
23.08.2021 00:43:35.312,0.71518,0.71509,1,1.01
23.08.2021 00:43:35.414,0.71517,0.71507,1,2.07
23.08.2021 00:43:35.515,0.71514,0.71504,1,2
23.08.2021 00:43:35.566,0.71514,0.71504,1,1
23.08.2021 00:43:35.667,0.71513,0.71503,1,1.69
23.08.2021 00:43:37.165,0.7151500000000001,0.7150500000000001,1,3.32
23.08.2021 00:43:38.296,0.71517,0.7150500000000001,1.87,1.76
23.08.2021 00:43:38.398,0.71517,0.71507,1.12,1.5
23.08.2021 00:43:38.803,0.71518,0.71507,1,1
23.08.2021 00:43:40.173,0.71518,0.71506,1,1.57
23.08.2021 00:43:40.274,0.71518,0.71507,1,1
23.08.2021 00:43:41.227,0.71517,0.71507,1,1.57
23.08.2021 00:43:41.329,0.71516,0.71507,1,1
23.08.2021 00:43:45.137,0.71516,0.71506,1,3.26
23.08.2021 00:43:48.222,0.71518,0.71506,1,1
23.08.2021 00:43:48.649,0.71518,0.71508,1.12,1
23.08.2021 00:44:02.729,0.71522,0.71511,1.87,1
23.08.2021 00:44:02.881,0.71523,0.71513,2,1
23.08.2021 00:44:02.932,0.71523,0.71514,1,1
23.08.2021 00:44:04.666,0.7152000000000001,0.71512,1,1.76
23.08.2021 00:44:06.500,0.71519,0.71512,1,1.69
23.08.2021 00:44:06.601,0.7152000000000001,0.7151000000000001,1,1.5
23.08.2021 00:44:06.703,0.71519,0.71508,1,1.1
23.08.2021 00:44:07.018,0.71516,0.71509,1,1
23.08.2021 00:44:07.316,0.71519,0.71509,1.87,1
23.08.2021 00:44:07.485,0.71516,0.71507,1,1
23.08.2021 00:44:07.587,0.71513,0.71503,1,3.95
23.08.2021 00:44:07.690,0.71514,0.71502,1,1.57
23.08.2021 00:44:10.735,0.7151000000000001,0.71503,1,1
23.08.2021 00:44:12.115,0.71511,0.71503,1,1
23.08.2021 00:44:12.816,0.71511,0.71502,1,2.44
23.08.2021 00:44:16.656,0.71512,0.71502,1,1.25
23.08.2021 00:44:19.087,0.71512,0.71503,1,3.56
23.08.2021 00:44:19.188,0.71513,0.71504,1,2.06
23.08.2021 00:44:22.954,0.7151500000000001,0.71504,1.5,1.25
23.08.2021 00:44:23.106,0.71516,0.71504,1.5,1.69
23.08.2021 00:44:24.126,0.71517,0.71506,1.5,1.25
23.08.2021 00:44:26.627,0.71514,0.71504,1,3.62
23.08.2021 00:44:31.962,0.71516,0.71506,1.12,2.5
23.08.2021 00:44:32.612,0.71516,0.71506,1,1.25
23.08.2021 00:44:32.713,0.71516,0.71506,1,2.12
23.08.2021 00:44:35.024,0.71516,0.71506,1.5,2.44
23.08.2021 00:44:35.472,0.71516,0.7150500000000001,1.5,1.25
23.08.2021 00:44:35.573,0.7151500000000001,0.7150500000000001,1.5,2.44
23.08.2021 00:44:41.321,0.71517,0.71507,1.87,1.69
23.08.2021 00:44:41.422,0.71519,0.71507,2.75,1
23.08.2021 00:44:41.523,0.71519,0.71507,2.25,1.69
23.08.2021 00:44:44.066,0.71518,0.71507,2.25,3.19
23.08.2021 00:44:44.167,0.71517,0.71507,1,1.5
23.08.2021 00:44:46.271,0.71517,0.71508,1,1.25
23.08.2021 00:44:46.389,0.71518,0.71508,2.25,1.69
23.08.2021 00:44:46.812,0.71519,0.7151000000000001,1,1
23.08.2021 00:44:46.863,0.71522,0.71509,2.32,1.5
23.08.2021 00:44:46.964,0.7152100000000001,0.71511,1,1.5
23.08.2021 00:44:48.889,0.71522,0.71513,1,1
23.08.2021 00:44:52.276,0.71523,0.71513,1.5,1.5
23.08.2021 00:44:52.378,0.71524,0.71514,1,1.69
23.08.2021 00:44:52.480,0.71525,0.71516,1,1
23.08.2021 00:44:52.582,0.7152600000000001,0.71516,1.5,1.5
23.08.2021 00:44:52.684,0.7152600000000001,0.71517,1,1
23.08.2021 00:44:52.847,0.71527,0.71517,1.87,1.5
23.08.2021 00:44:58.165,0.71527,0.71518,1,1
23.08.2021 00:44:58.266,0.7153200000000001,0.7152100000000001,1,1.25
23.08.2021 00:45:00.261,0.7153200000000001,0.71522,1.5,1.5
23.08.2021 00:45:00.362,0.7153200000000001,0.7152100000000001,1.5,1
23.08.2021 00:45:00.681,0.7153200000000001,0.7152000000000001,1.5,1.5
23.08.2021 00:45:01.198,0.7153100000000001,0.7152000000000001,1,1
23.08.2021 00:45:01.371,0.7153,0.7152000000000001,1.5,2.32
23.08.2021 00:45:01.472,0.71525,0.71516,1.5,1
23.08.2021 00:45:01.523,0.71524,0.71513,1,1.25
23.08.2021 00:45:01.626,0.71522,0.71513,1,1.5
23.08.2021 00:45:02.549,0.71524,0.71512,1,2.44
23.08.2021 00:45:02.758,0.71525,0.71516,1,2.44
23.08.2021 00:45:02.859,0.7152600000000001,0.71517,1,1
23.08.2021 00:45:02.961,0.71527,0.71518,1.5,1
23.08.2021 00:45:05.080,0.71524,0.71516,1,1
23.08.2021 00:45:05.182,0.71523,0.71513,2.25,2.94
23.08.2021 00:45:05.233,0.71522,0.71513,1,1.5
23.08.2021 00:45:10.702,0.71519,0.71512,1,1
23.08.2021 00:45:10.804,0.71518,0.71509,1,3.07
23.08.2021 00:45:12.612,0.7152000000000001,0.7151000000000001,2.25,1.69
23.08.2021 00:45:12.713,0.7152100000000001,0.71511,2.62,1
23.08.2021 00:45:15.677,0.7152100000000001,0.71512,1.5,1
23.08.2021 00:45:17.367,0.7152100000000001,0.71513,1.5,1
23.08.2021 00:45:19.491,0.71522,0.71514,1,1
23.08.2021 00:45:24.476,0.71523,0.71514,1.5,1
23.08.2021 00:45:26.196,0.71524,0.71514,2.62,1
23.08.2021 00:45:27.583,0.71525,0.71514,1.87,1
23.08.2021 00:45:27.684,0.7152600000000001,0.71516,1,1
23.08.2021 00:45:27.786,0.71527,0.71516,1.12,1
23.08.2021 00:45:36.793,0.71528,0.71516,2.25,1
23.08.2021 00:45:36.895,0.71528,0.71518,3.37,1.5
23.08.2021 00:46:05.317,0.71529,0.71518,1,1.5
23.08.2021 00:46:06.121,0.7153200000000001,0.71522,2.25,1.5
23.08.2021 00:46:06.222,0.7153200000000001,0.71523,1,1
23.08.2021 00:46:09.040,0.7153100000000001,0.71523,1,1
23.08.2021 00:46:11.337,0.71533,0.71523,4.39,1.5
23.08.2021 00:46:11.628,0.71533,0.71523,6.2,1
23.08.2021 00:46:11.730,0.7153200000000001,0.71522,1,1
23.08.2021 00:46:11.881,0.7153100000000001,0.71522,1,1.5
23.08.2021 00:46:16.899,0.7153200000000001,0.71522,1,1
23.08.2021 00:46:19.628,0.7153,0.7152000000000001,4.57,1
23.08.2021 00:46:19.732,0.71529,0.7152000000000001,1,1
23.08.2021 00:46:24.367,0.71529,0.71519,3,1
23.08.2021 00:46:34.411,0.71529,0.7152000000000001,1,1
23.08.2021 00:46:34.523,0.7153100000000001,0.7152100000000001,5.15,1
23.08.2021 00:46:34.625,0.7153200000000001,0.71523,5.15,1
23.08.2021 00:46:34.777,0.7153200000000001,0.71523,1.2,1
23.08.2021 00:46:35.369,0.71533,0.71525,1.5,1
23.08.2021 00:46:35.470,0.71538,0.71527,1.5,1
23.08.2021 00:46:35.622,0.71539,0.7153,2.07,1
23.08.2021 00:46:35.723,0.71539,0.7153,1.95,1
