Gmt time,Ask,Bid,AskVolume,BidVolume
18.08.2021 00:00:00.616,0.7255600000000001,0.7254600000000001,2.8,1.5
18.08.2021 00:00:01.577,0.72558,0.7254700000000001,2,1.25
18.08.2021 00:00:01.678,0.7255600000000001,0.7254600000000001,1.2,1
18.08.2021 00:00:02.132,0.7255600000000001,0.7254600000000001,2.72,1
18.08.2021 00:00:03.953,0.72557,0.7254700000000001,1.01,1
18.08.2021 00:00:04.055,0.72557,0.72548,1.39,1
18.08.2021 00:00:05.068,0.7255600000000001,0.7254600000000001,1.86,1
18.08.2021 00:00:05.638,0.72553,0.72545,1,1
18.08.2021 00:00:05.953,0.72554,0.72545,2.14,1
18.08.2021 00:00:06.464,0.72554,0.72545,2.76,1
18.08.2021 00:00:07.876,0.72555,0.72544,1.25,1
18.08.2021 00:00:07.977,0.72554,0.7254600000000001,1.25,1
18.08.2021 00:00:11.549,0.7255600000000001,0.72545,1.76,1
18.08.2021 00:00:14.932,0.7255600000000001,0.7254600000000001,2.14,1.5
18.08.2021 00:00:15.033,0.7255600000000001,0.7254700000000001,1.69,1
18.08.2021 00:00:15.135,0.72558,0.7254700000000001,1.31,1
18.08.2021 00:00:15.236,0.72557,0.72549,1,1
18.08.2021 00:00:22.270,0.72559,0.72548,1.69,1
18.08.2021 00:00:28.505,0.72557,0.72548,2.44,1
18.08.2021 00:00:28.686,0.7255600000000001,0.72548,1,1
18.08.2021 00:00:29.515,0.72555,0.72548,1,1
18.08.2021 00:00:29.829,0.72554,0.7254600000000001,2.5,1
18.08.2021 00:00:29.880,0.72553,0.7254200000000001,1.25,1.5
18.08.2021 00:00:29.981,0.7255100000000001,0.72543,1,1
18.08.2021 00:00:32.143,0.7255100000000001,0.7254100000000001,1.25,1
18.08.2021 00:00:32.346,0.7255100000000001,0.7254200000000001,1.1,1
18.08.2021 00:00:36.161,0.7255100000000001,0.72543,1,1
18.08.2021 00:00:36.644,0.7255100000000001,0.7254200000000001,1,1
18.08.2021 00:00:38.912,0.72552,0.72544,1,1
18.08.2021 00:00:40.520,0.72549,0.7254,1,1.5
18.08.2021 00:00:40.722,0.72549,0.7254,1,1
18.08.2021 00:00:41.081,0.7255,0.7254,1,2.44
18.08.2021 00:00:41.183,0.7255100000000001,0.7254100000000001,1.69,1.5
18.08.2021 00:00:41.284,0.7255100000000001,0.7254200000000001,1.69,1
18.08.2021 00:00:43.247,0.7255,0.7254200000000001,1,1
18.08.2021 00:00:47.410,0.72549,0.7254200000000001,1,1
18.08.2021 00:00:47.512,0.72552,0.7254100000000001,4.76,1
18.08.2021 00:00:50.180,0.72553,0.7254200000000001,1.12,1
18.08.2021 00:00:50.282,0.72553,0.72544,1.5,1
18.08.2021 00:00:50.383,0.72553,0.72544,1,1
18.08.2021 00:00:52.333,0.72552,0.72544,1,1
18.08.2021 00:00:54.681,0.7255,0.7254200000000001,1,1
18.08.2021 00:00:54.885,0.7255100000000001,0.7254200000000001,1,1
18.08.2021 00:00:55.044,0.7255,0.7254200000000001,1,1
18.08.2021 00:00:58.735,0.72552,0.72543,1,1
18.08.2021 00:00:59.549,0.7255600000000001,0.72549,1,1.5
18.08.2021 00:00:59.600,0.72558,0.7255,1.25,1
18.08.2021 00:00:59.802,0.7255600000000001,0.7254600000000001,1.69,2
18.08.2021 00:00:59.954,0.7255600000000001,0.7254600000000001,1.31,1.5
18.08.2021 00:01:00.055,0.7255600000000001,0.7254700000000001,1.12,1.5
18.08.2021 00:01:00.560,0.7255600000000001,0.72548,1,1
18.08.2021 00:01:02.256,0.72557,0.72548,1.31,1
18.08.2021 00:01:02.660,0.7255600000000001,0.7254700000000001,1.5,1.5
18.08.2021 00:01:03.636,0.72555,0.7254600000000001,1,1.25
18.08.2021 00:01:06.238,0.7255600000000001,0.7254700000000001,3.45,1
18.08.2021 00:01:06.492,0.72555,0.7254600000000001,1,1.25
18.08.2021 00:01:12.828,0.72554,0.7254600000000001,1,1
18.08.2021 00:01:12.930,0.72557,0.72548,1.5,1.69
18.08.2021 00:01:13.032,0.72557,0.72549,1,1
18.08.2021 00:01:16.023,0.72557,0.7254600000000001,1,1.5
18.08.2021 00:01:16.124,0.72555,0.72545,1,1
18.08.2021 00:01:16.581,0.72555,0.7254600000000001,1,1.69
18.08.2021 00:01:16.683,0.72557,0.7254700000000001,1.57,2.44
18.08.2021 00:01:16.784,0.72557,0.72548,1,1
18.08.2021 00:01:20.156,0.72557,0.72549,1,1
18.08.2021 00:01:20.257,0.72558,0.72549,1,1.5
18.08.2021 00:01:21.268,0.72557,0.72549,1,1
18.08.2021 00:01:21.370,0.7255600000000001,0.72548,1,1
18.08.2021 00:01:21.522,0.72557,0.72548,1.1,1
18.08.2021 00:01:22.367,0.72558,0.72549,1,1
18.08.2021 00:01:24.559,0.72557,0.72548,1,1
18.08.2021 00:01:26.497,0.72557,0.7254700000000001,1,1.25
18.08.2021 00:01:26.649,0.72557,0.72548,1.1,1.69
18.08.2021 00:01:26.982,0.7255600000000001,0.72548,1,1
18.08.2021 00:01:27.083,0.72557,0.72548,1.2,1
18.08.2021 00:01:31.327,0.72557,0.7254700000000001,1.57,1.69
18.08.2021 00:01:31.530,0.72558,0.72549,1,1.5
18.08.2021 00:01:31.632,0.72559,0.72549,1,2.44
18.08.2021 00:01:34.104,0.72558,0.72549,1,1.5
18.08.2021 00:01:37.252,0.72559,0.7255,1,1.69
18.08.2021 00:01:47.520,0.72559,0.7255100000000001,1,1
18.08.2021 00:01:47.621,0.7256,0.7255100000000001,1,1.5
18.08.2021 00:01:47.723,0.7256100000000001,0.72552,1,1
18.08.2021 00:01:47.874,0.72562,0.72553,1.57,1
18.08.2021 00:01:50.200,0.72562,0.72552,1,1.5
18.08.2021 00:01:50.251,0.7256,0.7255,1.1,1.5
18.08.2021 00:01:50.352,0.7256,0.72549,1,1.5
18.08.2021 00:01:50.605,0.7256,0.7255,1.1,1.5
18.08.2021 00:01:51.069,0.72559,0.7255,1,1
18.08.2021 00:01:51.327,0.7256,0.7255,1.1,1.5
18.08.2021 00:01:53.099,0.72559,0.7255,1,1
18.08.2021 00:01:56.427,0.72558,0.72549,1,1
18.08.2021 00:01:56.579,0.72557,0.72549,1.5,1
18.08.2021 00:01:56.681,0.72559,0.72549,1,1.69
18.08.2021 00:02:00.070,0.72559,0.72548,1,1.25
18.08.2021 00:02:01.163,0.72557,0.72548,1,1.69
18.08.2021 00:02:01.314,0.72558,0.72548,1.57,1.69
18.08.2021 00:02:02.766,0.72557,0.72548,1,1
18.08.2021 00:02:05.643,0.7255600000000001,0.7254700000000001,1.5,1.5
18.08.2021 00:02:05.744,0.72558,0.7254600000000001,1,1.69
18.08.2021 00:02:06.908,0.7255600000000001,0.7254700000000001,1,1.25
18.08.2021 00:02:07.634,0.72555,0.7254600000000001,1,1.25
18.08.2021 00:02:07.736,0.72558,0.7254600000000001,1.12,1.69
18.08.2021 00:02:11.704,0.72557,0.72548,1,1
18.08.2021 00:02:12.626,0.72558,0.72548,1.5,3.19
18.08.2021 00:02:12.728,0.72559,0.72549,1.5,1
18.08.2021 00:02:12.829,0.72558,0.72549,1,1
18.08.2021 00:02:14.673,0.72559,0.72549,1.5,1
18.08.2021 00:02:15.578,0.72558,0.72549,1,1
18.08.2021 00:02:15.629,0.72557,0.7254700000000001,1,1.69
18.08.2021 00:02:15.731,0.72558,0.72548,1,2.25
18.08.2021 00:02:15.832,0.72559,0.72549,1.5,1
18.08.2021 00:02:18.350,0.7256,0.72549,1,1.5
18.08.2021 00:02:18.402,0.7256100000000001,0.72552,1.2,1
18.08.2021 00:02:18.507,0.7256300000000001,0.7255100000000001,2.62,1.5
18.08.2021 00:02:18.609,0.72562,0.72553,1,1
18.08.2021 00:02:18.711,0.72564,0.72554,1.12,3.19
18.08.2021 00:02:18.813,0.72564,0.72555,1.12,1
18.08.2021 00:02:21.207,0.72564,0.72554,1,1.69
18.08.2021 00:02:22.019,0.72565,0.7255600000000001,1.5,1
18.08.2021 00:02:22.120,0.72567,0.72558,1,1.25
18.08.2021 00:02:22.272,0.72569,0.72557,1.5,1.69
18.08.2021 00:02:22.373,0.7256800000000001,0.72559,1,1.25
18.08.2021 00:02:22.475,0.72569,0.7256,1,1.25
18.08.2021 00:02:22.576,0.72569,0.72559,1,1.5
18.08.2021 00:02:26.148,0.7257,0.7256100000000001,1,1.5
18.08.2021 00:02:26.250,0.72569,0.7256,1,1.12
18.08.2021 00:02:26.759,0.72572,0.72562,1,2.44
18.08.2021 00:02:26.861,0.72575,0.7256300000000001,1.5,1.69
18.08.2021 00:02:26.963,0.72574,0.72564,1,1.69
18.08.2021 00:02:27.660,0.7257300000000001,0.72564,1,1.25
18.08.2021 00:02:28.158,0.72572,0.72564,1,1
18.08.2021 00:02:31.179,0.72574,0.7256300000000001,1,1
18.08.2021 00:02:41.890,0.7257300000000001,0.7256300000000001,1,1.69
18.08.2021 00:02:43.092,0.7257100000000001,0.7256300000000001,1.5,1
18.08.2021 00:02:43.143,0.7257,0.72559,1,1.87
18.08.2021 00:02:44.038,0.72569,0.72557,1.5,1.57
18.08.2021 00:02:44.747,0.7256800000000001,0.7256,1,1.25
18.08.2021 00:02:44.798,0.7257,0.7256100000000001,1.87,1
18.08.2021 00:02:44.899,0.7257,0.72559,1,1.69
18.08.2021 00:02:48.609,0.7257,0.7256100000000001,1,1.5
18.08.2021 00:02:48.710,0.7257100000000001,0.72562,1.12,1
18.08.2021 00:02:49.096,0.7257100000000001,0.7256100000000001,1,1
18.08.2021 00:02:49.349,0.7257100000000001,0.72562,1,1.69
18.08.2021 00:02:50.414,0.7257100000000001,0.7256100000000001,1,1
18.08.2021 00:02:50.565,0.7257,0.7256100000000001,1,1
18.08.2021 00:02:53.747,0.72569,0.7256100000000001,2.44,1
18.08.2021 00:02:53.849,0.72569,0.72558,1,1.5
18.08.2021 00:02:57.685,0.72569,0.72559,1.12,2.44
18.08.2021 00:02:57.788,0.72572,0.7256,3.2,1
18.08.2021 00:02:57.889,0.7257100000000001,0.72562,1,1
18.08.2021 00:02:59.865,0.72572,0.7256300000000001,1,1
18.08.2021 00:02:59.967,0.7257300000000001,0.7256300000000001,1.5,1.69
18.08.2021 00:03:03.760,0.7257300000000001,0.72564,1,1
18.08.2021 00:03:05.468,0.72572,0.7256300000000001,1.5,1
18.08.2021 00:03:05.620,0.72572,0.72562,2.44,1
18.08.2021 00:03:08.371,0.72572,0.7256300000000001,1,1
18.08.2021 00:03:08.473,0.7257300000000001,0.7256300000000001,2.62,1.5
18.08.2021 00:03:11.140,0.7257300000000001,0.72564,1,1
18.08.2021 00:03:16.292,0.72575,0.7256300000000001,1.87,1.5
18.08.2021 00:03:21.789,0.72572,0.72564,1,1
18.08.2021 00:03:21.940,0.72572,0.7256300000000001,1,1
18.08.2021 00:03:23.602,0.7257300000000001,0.72564,1.87,1
18.08.2021 00:03:24.006,0.7257300000000001,0.7256300000000001,3,1.5
18.08.2021 00:03:26.104,0.7257300000000001,0.72564,2.25,1
18.08.2021 00:03:30.316,0.72572,0.7256300000000001,1,1
18.08.2021 00:03:30.468,0.7257300000000001,0.7256300000000001,1,1
18.08.2021 00:03:31.801,0.7257300000000001,0.72564,1.5,1
18.08.2021 00:03:33.443,0.7257300000000001,0.7256300000000001,1,1
18.08.2021 00:03:33.544,0.72572,0.7256300000000001,2.25,1
18.08.2021 00:03:33.646,0.7257300000000001,0.72564,1.87,1
18.08.2021 00:03:35.845,0.72572,0.7256300000000001,1,1.5
18.08.2021 00:03:35.946,0.72574,0.7256300000000001,2.62,1
18.08.2021 00:03:47.009,0.7257,0.7256300000000001,1.5,1
18.08.2021 00:03:47.060,0.7257100000000001,0.7256,3,1.12
18.08.2021 00:03:47.111,0.72567,0.7255600000000001,2.25,2.06
18.08.2021 00:03:47.797,0.7256600000000001,0.72554,3.94,1.5
18.08.2021 00:03:47.848,0.7256300000000001,0.72554,3.94,1
18.08.2021 00:03:47.949,0.7256,0.7255100000000001,1,1.5
18.08.2021 00:03:48.000,0.7256,0.7255,1.5,1.5
18.08.2021 00:03:48.221,0.72558,0.72549,1,1
18.08.2021 00:03:48.322,0.72558,0.72548,1.5,1.5
18.08.2021 00:03:54.189,0.72557,0.7254700000000001,1.5,1
18.08.2021 00:03:54.290,0.72555,0.72544,1,2.06
18.08.2021 00:03:54.392,0.7255,0.7254100000000001,1,2.25
18.08.2021 00:03:54.493,0.7255,0.7254,1,1
18.08.2021 00:03:56.380,0.72548,0.7254100000000001,1,1
18.08.2021 00:03:56.431,0.7254600000000001,0.7253700000000001,1.5,1
18.08.2021 00:03:56.532,0.72545,0.72535,1.5,4.07
18.08.2021 00:03:56.634,0.72544,0.72532,3,1.31
18.08.2021 00:03:56.786,0.7254200000000001,0.72532,1,1.5
18.08.2021 00:03:59.064,0.7254100000000001,0.7253100000000001,1,1.57
18.08.2021 00:03:59.216,0.7254,0.7253100000000001,1,1
18.08.2021 00:04:00.627,0.7254,0.7253000000000001,1,1.76
18.08.2021 00:04:00.729,0.7254,0.72528,1.5,2.06
18.08.2021 00:04:01.613,0.72538,0.72529,1,1
18.08.2021 00:04:01.918,0.7253700000000001,0.72528,1,1
18.08.2021 00:04:01.969,0.72535,0.72524,1,1.25
18.08.2021 00:04:02.020,0.72532,0.72523,1,1
18.08.2021 00:04:02.071,0.7253100000000001,0.72521,1,1.5
18.08.2021 00:04:02.173,0.7253000000000001,0.72521,1,1
18.08.2021 00:04:02.325,0.72529,0.7252000000000001,1,1.25
18.08.2021 00:04:02.528,0.72529,0.72519,1,1.5
18.08.2021 00:04:04.165,0.7253000000000001,0.72519,1,1
18.08.2021 00:04:04.267,0.7253000000000001,0.7252000000000001,2.25,1.5
18.08.2021 00:04:04.318,0.72534,0.72524,1,6.25
18.08.2021 00:04:04.369,0.72538,0.72529,1.57,1.5
18.08.2021 00:04:04.470,0.72538,0.7253000000000001,1,1
18.08.2021 00:04:04.571,0.72539,0.7253000000000001,2.25,1
18.08.2021 00:04:05.192,0.7254200000000001,0.72532,2.45,1
18.08.2021 00:04:05.293,0.7254200000000001,0.72532,1.5,1
18.08.2021 00:04:05.394,0.7254200000000001,0.72533,1,1
18.08.2021 00:04:06.011,0.72539,0.72529,1.12,1
18.08.2021 00:04:06.112,0.72533,0.72524,1,2.55
18.08.2021 00:04:06.214,0.72532,0.72523,1,1
18.08.2021 00:04:06.517,0.72534,0.72524,1.5,1.25
18.08.2021 00:04:06.971,0.72535,0.72526,1,1.25
18.08.2021 00:04:07.073,0.72539,0.72527,1.5,1.69
18.08.2021 00:04:07.376,0.7253700000000001,0.72528,1,1.25
18.08.2021 00:04:07.528,0.72535,0.72526,1,1
18.08.2021 00:04:07.630,0.72532,0.72524,1,1.5
18.08.2021 00:04:07.731,0.72529,0.72521,1,1.12
18.08.2021 00:04:07.833,0.72526,0.72518,1,1
18.08.2021 00:04:07.883,0.7252500000000001,0.72516,1,1.5
18.08.2021 00:04:07.934,0.7252500000000001,0.72518,1,1
18.08.2021 00:04:08.036,0.72527,0.72517,1,1
18.08.2021 00:04:12.063,0.72527,0.72518,1.5,1.5
18.08.2021 00:04:12.165,0.72528,0.72518,1,1
18.08.2021 00:04:13.377,0.72528,0.72519,1.5,1.5
18.08.2021 00:04:13.479,0.72535,0.72526,1.69,1.25
18.08.2021 00:04:13.581,0.7253600000000001,0.72527,1,1
18.08.2021 00:04:13.683,0.72535,0.72523,1.5,1.5
18.08.2021 00:04:13.785,0.72534,0.72524,2.51,1
18.08.2021 00:04:13.887,0.72532,0.72523,1,1
18.08.2021 00:04:14.090,0.72532,0.72522,1,1
18.08.2021 00:04:15.012,0.72533,0.72523,2.51,1
18.08.2021 00:04:16.112,0.7253100000000001,0.72522,1,1
18.08.2021 00:04:16.214,0.72532,0.72522,2.25,1
18.08.2021 00:04:21.340,0.7253100000000001,0.72521,1.5,1
18.08.2021 00:04:21.442,0.7253000000000001,0.72518,1.5,1.5
18.08.2021 00:04:21.543,0.72529,0.72519,1.5,1
18.08.2021 00:04:22.140,0.7253000000000001,0.72521,1.5,1
18.08.2021 00:04:23.070,0.7253000000000001,0.7252000000000001,1.69,1
18.08.2021 00:04:23.172,0.72527,0.72517,1,4.2
18.08.2021 00:04:23.324,0.72527,0.72517,1,2.7
18.08.2021 00:04:23.667,0.72526,0.72517,1,1.1
18.08.2021 00:04:25.675,0.72527,0.72517,1,2.14
18.08.2021 00:04:25.827,0.72528,0.72518,1,2.51
18.08.2021 00:04:26.047,0.72528,0.72517,1,1.76
18.08.2021 00:04:27.383,0.7252500000000001,0.72517,1,1.5
18.08.2021 00:04:27.485,0.72524,0.7251500000000001,1,1.5
18.08.2021 00:04:27.591,0.72523,0.7251500000000001,1,1
18.08.2021 00:04:27.743,0.7252500000000001,0.72513,1.5,1.57
18.08.2021 00:04:29.466,0.72523,0.72513,1,2.14
18.08.2021 00:04:30.099,0.72523,0.72514,1,1.5
18.08.2021 00:04:30.201,0.7252500000000001,0.72513,1.5,2.32
18.08.2021 00:04:38.684,0.72523,0.72512,1.25,1
18.08.2021 00:04:38.785,0.72523,0.72514,1,1
18.08.2021 00:04:42.055,0.7252500000000001,0.72514,2.25,1
18.08.2021 00:04:42.814,0.72523,0.7251500000000001,1,1
18.08.2021 00:04:47.271,0.72524,0.7251500000000001,2.25,1
18.08.2021 00:04:48.509,0.72526,0.72517,1.5,1
18.08.2021 00:04:48.560,0.72528,0.72518,3.64,1
18.08.2021 00:04:48.664,0.72528,0.72519,1.12,1
18.08.2021 00:04:48.866,0.72527,0.72519,1,1
18.08.2021 00:04:49.529,0.72527,0.72518,1,1
18.08.2021 00:04:53.491,0.72527,0.72517,1,1
18.08.2021 00:04:53.592,0.72527,0.72518,1,1
18.08.2021 00:04:57.999,0.72528,0.72518,2.44,1
18.08.2021 00:04:58.635,0.72526,0.72518,1.25,1
18.08.2021 00:04:58.737,0.7252500000000001,0.72513,1,1.5
18.08.2021 00:04:58.787,0.72523,0.72514,1,1
18.08.2021 00:05:01.062,0.72524,0.7251500000000001,1.5,1
18.08.2021 00:05:01.750,0.72522,0.72514,1,1
18.08.2021 00:05:01.852,0.72521,0.72512,1,1
18.08.2021 00:05:01.953,0.72522,0.72514,1,1
18.08.2021 00:05:02.055,0.7252500000000001,0.72514,1.5,1
18.08.2021 00:05:02.257,0.72524,0.72516,1,1
18.08.2021 00:05:02.359,0.72524,0.7251500000000001,1,1
18.08.2021 00:05:25.170,0.72529,0.72522,1,1.69
18.08.2021 00:05:25.221,0.72534,0.72524,1.5,1.5
18.08.2021 00:05:25.322,0.72533,0.72524,1,2.44
18.08.2021 00:05:25.424,0.72533,0.7252500000000001,1,1.69
18.08.2021 00:05:25.475,0.72538,0.72528,3.69,1.25
18.08.2021 00:05:25.576,0.72539,0.72527,1,1.25
18.08.2021 00:05:25.678,0.72539,0.7253000000000001,1.5,1
18.08.2021 00:05:25.829,0.72539,0.72529,1.5,1.69
18.08.2021 00:05:27.269,0.7254,0.72528,2.69,1
18.08.2021 00:05:31.580,0.72538,0.7253000000000001,1.25,1
18.08.2021 00:05:31.682,0.72539,0.7253100000000001,1,1.5
18.08.2021 00:05:31.783,0.7254200000000001,0.7253100000000001,1.5,1
18.08.2021 00:05:31.884,0.7254200000000001,0.72533,2.25,1
18.08.2021 00:05:39.058,0.7254100000000001,0.72532,1,2.62
18.08.2021 00:05:39.580,0.7254200000000001,0.72533,1.5,1
18.08.2021 00:05:39.682,0.72543,0.72535,1.5,1
18.08.2021 00:05:39.783,0.72544,0.72533,1.5,1.25
18.08.2021 00:05:40.535,0.72544,0.72534,1,1.25
18.08.2021 00:05:40.839,0.7254100000000001,0.72533,1,1.12
18.08.2021 00:05:53.849,0.72539,0.7253100000000001,1,1.87
18.08.2021 00:05:53.901,0.72539,0.72529,1,2.81
18.08.2021 00:05:55.883,0.72538,0.72526,2.26,1.37
18.08.2021 00:05:55.934,0.72535,0.7252500000000001,3,2.06
18.08.2021 00:05:55.985,0.72533,0.72524,1,1.75
18.08.2021 00:05:56.087,0.72533,0.72524,1.5,1.25
18.08.2021 00:05:56.190,0.72535,0.72524,1,1.69
18.08.2021 00:05:56.291,0.72535,0.7252500000000001,1.5,1.69
18.08.2021 00:05:57.273,0.72535,0.72526,1.5,1
18.08.2021 00:05:57.796,0.72534,0.72523,1.5,1
18.08.2021 00:05:57.948,0.72534,0.72524,1,1.25
18.08.2021 00:05:58.049,0.72535,0.72524,1,1.25
18.08.2021 00:05:58.635,0.72535,0.72526,1.5,1
18.08.2021 00:05:58.737,0.7253700000000001,0.72527,1.12,2.95
18.08.2021 00:05:58.889,0.72538,0.7253000000000001,1,1
18.08.2021 00:05:58.990,0.7254100000000001,0.7253000000000001,1.87,4.56
18.08.2021 00:06:05.825,0.7254,0.72528,1.5,2.19
18.08.2021 00:06:05.926,0.72538,0.72529,1.5,1.25
18.08.2021 00:06:09.152,0.72538,0.72528,1,1.25
18.08.2021 00:06:17.309,0.72538,0.7253100000000001,1,1.25
18.08.2021 00:06:17.360,0.7254100000000001,0.72533,1.12,1.25
18.08.2021 00:06:17.461,0.7254200000000001,0.72533,2,4.94
18.08.2021 00:06:17.512,0.72544,0.72533,1.5,2.95
18.08.2021 00:06:17.613,0.72543,0.7253600000000001,1,1.25
18.08.2021 00:06:17.664,0.72545,0.7253700000000001,1,1.69
18.08.2021 00:06:17.766,0.72549,0.7253700000000001,1.5,2.69
18.08.2021 00:06:17.867,0.72549,0.72539,1,1
18.08.2021 00:06:18.133,0.7254600000000001,0.72535,1,3.69
18.08.2021 00:06:18.235,0.7254600000000001,0.7253700000000001,1.5,1.31
18.08.2021 00:06:18.336,0.72545,0.72534,1.5,1
18.08.2021 00:06:18.437,0.72543,0.72534,1,1.25
18.08.2021 00:06:18.539,0.7254200000000001,0.72533,1,2.95
18.08.2021 00:06:21.711,0.7254100000000001,0.72532,1.5,1.25
18.08.2021 00:06:21.812,0.7254,0.72532,1,1.25
18.08.2021 00:06:22.015,0.7254100000000001,0.72533,1.5,1.25
18.08.2021 00:06:24.455,0.7254100000000001,0.72532,1.5,1.69
18.08.2021 00:06:42.015,0.7254100000000001,0.72533,1,1
18.08.2021 00:06:43.433,0.72543,0.72532,1.5,1
18.08.2021 00:06:47.393,0.7254100000000001,0.72533,1,1.25
18.08.2021 00:07:02.564,0.7254600000000001,0.7253600000000001,1.12,1
18.08.2021 00:07:02.665,0.7254700000000001,0.72538,1,1
18.08.2021 00:07:08.153,0.72545,0.72534,1.5,1.12
18.08.2021 00:07:08.204,0.7254200000000001,0.72534,1,1.25
18.08.2021 00:07:12.442,0.72543,0.72534,1,1.25
18.08.2021 00:07:12.544,0.72545,0.7253600000000001,1.5,1.69
18.08.2021 00:07:12.640,0.7254700000000001,0.7253700000000001,1,1
18.08.2021 00:07:12.742,0.72543,0.72535,1,2.19
18.08.2021 00:07:12.843,0.72543,0.72535,1,1.69
18.08.2021 00:07:12.995,0.72544,0.72535,1.5,3.62
18.08.2021 00:07:13.096,0.72545,0.7253600000000001,1,1.25
18.08.2021 00:07:14.842,0.72545,0.72535,2.25,1
18.08.2021 00:07:14.943,0.72543,0.72534,1,1.12
18.08.2021 00:07:15.096,0.72543,0.72533,1.5,2.06
18.08.2021 00:07:15.205,0.72544,0.72534,1,1.25
18.08.2021 00:07:16.839,0.72543,0.72534,1,1.25
18.08.2021 00:07:17.295,0.72543,0.72535,1,1.25
18.08.2021 00:07:20.867,0.7254200000000001,0.72533,1,1.5
18.08.2021 00:07:20.968,0.72539,0.7253100000000001,2.25,1
18.08.2021 00:07:21.070,0.7254100000000001,0.7253000000000001,1.5,3.44
18.08.2021 00:07:21.120,0.7254200000000001,0.72533,1.87,1.25
18.08.2021 00:07:21.323,0.7254200000000001,0.72534,1,1
18.08.2021 00:07:21.424,0.72538,0.7253000000000001,1,1.12
18.08.2021 00:07:21.526,0.72539,0.7253000000000001,1.87,1.12
18.08.2021 00:07:21.627,0.7254,0.72533,1,1.5
18.08.2021 00:07:21.728,0.72543,0.72534,2,1.25
18.08.2021 00:07:21.779,0.72543,0.72534,1.5,1.69
18.08.2021 00:07:21.885,0.72543,0.72535,1,1.25
18.08.2021 00:07:21.986,0.72543,0.72534,1,1.25
18.08.2021 00:07:22.138,0.72544,0.72534,1,1.25
18.08.2021 00:07:22.240,0.72544,0.72535,1,1.25
18.08.2021 00:07:22.598,0.72544,0.72534,2.25,1.69
18.08.2021 00:07:22.699,0.72544,0.72533,1.5,1
18.08.2021 00:07:22.801,0.72543,0.72535,1,1.25
18.08.2021 00:07:23.111,0.72543,0.72534,1,1
18.08.2021 00:07:23.263,0.72544,0.72534,1,1
18.08.2021 00:07:23.415,0.72543,0.72534,1.5,4.39
18.08.2021 00:07:23.516,0.72543,0.72535,1,1.25
18.08.2021 00:07:25.655,0.72544,0.72533,1.5,1
18.08.2021 00:07:25.757,0.72543,0.72532,1,1.31
18.08.2021 00:07:26.113,0.72543,0.72534,1,3.94
18.08.2021 00:07:26.216,0.72543,0.72535,1,1
18.08.2021 00:07:29.881,0.72544,0.72533,1,1
18.08.2021 00:07:29.982,0.7254200000000001,0.72533,1.5,1.12
18.08.2021 00:07:30.134,0.7254200000000001,0.72534,1,4.39
18.08.2021 00:07:30.235,0.72543,0.72534,1.5,5.14
18.08.2021 00:07:30.337,0.72543,0.72534,1.5,4.94
18.08.2021 00:07:35.036,0.72543,0.72534,1,1
18.08.2021 00:07:35.140,0.7254200000000001,0.72533,1,1.12
18.08.2021 00:07:35.243,0.72543,0.72534,1,4.39
18.08.2021 00:07:35.344,0.72543,0.72534,1,6.14
18.08.2021 00:07:35.546,0.72545,0.72534,1,1.25
18.08.2021 00:07:35.749,0.72543,0.72534,1,1.25
18.08.2021 00:07:35.852,0.7254200000000001,0.72533,1,2.44
18.08.2021 00:07:35.954,0.72543,0.72534,1,4.69
18.08.2021 00:07:36.607,0.7254200000000001,0.72533,1.5,1.31
18.08.2021 00:07:36.709,0.7254200000000001,0.72534,1,3.94
18.08.2021 00:07:36.810,0.72543,0.72535,1,1
18.08.2021 00:07:36.984,0.72543,0.72534,1.5,3.94
18.08.2021 00:07:37.086,0.72543,0.72535,1,1
18.08.2021 00:07:37.356,0.72543,0.72534,1.5,3.94
18.08.2021 00:07:37.509,0.7254200000000001,0.72533,1,1.31
18.08.2021 00:07:37.610,0.72543,0.72534,1,3.94
18.08.2021 00:07:38.069,0.7254200000000001,0.72533,1,1.31
18.08.2021 00:07:38.273,0.72543,0.72534,1,5.89
18.08.2021 00:07:38.374,0.72544,0.72534,1,5.89
18.08.2021 00:07:40.184,0.7254600000000001,0.7253700000000001,1,4.27
18.08.2021 00:07:40.285,0.7254700000000001,0.72538,1.87,1.69
18.08.2021 00:07:40.538,0.7254700000000001,0.7253700000000001,1.5,2.89
18.08.2021 00:07:43.332,0.7254600000000001,0.7253700000000001,1.5,2.32
18.08.2021 00:07:49.437,0.72545,0.7253600000000001,1,2.81
18.08.2021 00:07:58.395,0.72545,0.7253700000000001,1,1.25
18.08.2021 00:07:59.563,0.7254600000000001,0.7253700000000001,1,1.69
18.08.2021 00:07:59.866,0.7254700000000001,0.7253700000000001,1.5,2.81
18.08.2021 00:08:01.366,0.7254600000000001,0.7253700000000001,1.5,1
18.08.2021 00:08:01.471,0.72545,0.7253600000000001,1,1.31
18.08.2021 00:08:01.573,0.72545,0.7253600000000001,1,2.12
18.08.2021 00:08:02.128,0.7254600000000001,0.72535,1,1.25
18.08.2021 00:08:02.229,0.72545,0.7253600000000001,1,2.12
18.08.2021 00:08:02.381,0.72545,0.7253600000000001,1,1.12
18.08.2021 00:08:02.482,0.72545,0.7253600000000001,1,2.12
18.08.2021 00:08:05.836,0.7254600000000001,0.7253700000000001,1.5,1.25
18.08.2021 00:08:06.843,0.7254600000000001,0.72538,1,1
18.08.2021 00:08:06.944,0.72548,0.7253700000000001,1.5,1
18.08.2021 00:08:19.193,0.7254700000000001,0.72539,1,1
18.08.2021 00:08:19.294,0.72548,0.72539,1,1.12
18.08.2021 00:08:19.396,0.72553,0.7254600000000001,1,1
18.08.2021 00:08:19.497,0.72554,0.7254600000000001,1,2.44
18.08.2021 00:08:23.445,0.7255600000000001,0.72545,1,6.51
18.08.2021 00:08:25.001,0.72558,0.7254700000000001,2.25,1
18.08.2021 00:08:26.578,0.72559,0.72549,1.5,1.5
18.08.2021 00:08:26.905,0.72559,0.7255,1.5,1
18.08.2021 00:08:28.111,0.72558,0.7255,1,1
18.08.2021 00:08:28.213,0.72558,0.72549,1,1
18.08.2021 00:08:28.315,0.72559,0.72549,1,1
18.08.2021 00:08:28.856,0.72558,0.72549,1,1
18.08.2021 00:08:29.762,0.72559,0.72549,1,1
18.08.2021 00:08:32.033,0.72558,0.7255100000000001,1,1
18.08.2021 00:08:32.355,0.72558,0.7255,1,1
18.08.2021 00:08:32.567,0.72558,0.72549,1,1
18.08.2021 00:08:37.152,0.72555,0.7254700000000001,1.75,1
18.08.2021 00:08:37.253,0.7255600000000001,0.72545,3.25,1.12
18.08.2021 00:08:40.128,0.72555,0.7254600000000001,2.44,1
18.08.2021 00:08:40.243,0.72555,0.7254600000000001,3.25,1
18.08.2021 00:08:42.157,0.72557,0.7254600000000001,4,1
18.08.2021 00:08:42.848,0.72557,0.7254600000000001,2.44,1
18.08.2021 00:08:45.605,0.72555,0.7254600000000001,1.25,1
18.08.2021 00:08:47.378,0.72557,0.7254700000000001,1,1
18.08.2021 00:08:47.479,0.72557,0.72548,3.07,1
18.08.2021 00:08:47.631,0.72558,0.72549,1.87,1
18.08.2021 00:08:51.377,0.72559,0.7255,1,3.97
18.08.2021 00:08:51.428,0.72562,0.72553,1.5,1
18.08.2021 00:08:51.530,0.72564,0.72555,1.12,2.25
18.08.2021 00:08:51.631,0.72565,0.7255600000000001,1.5,5.14
18.08.2021 00:08:51.732,0.72567,0.72559,1,1.5
18.08.2021 00:08:51.833,0.72569,0.72559,1,1
18.08.2021 00:08:56.239,0.72569,0.7256,1.5,1.5
18.08.2021 00:08:56.340,0.72572,0.7256100000000001,1.1,1
18.08.2021 00:08:56.441,0.7257100000000001,0.7256300000000001,1,1
18.08.2021 00:08:58.786,0.72572,0.7256300000000001,2.25,1
18.08.2021 00:08:58.939,0.7257300000000001,0.7256100000000001,2.51,1
18.08.2021 00:09:00.184,0.72572,0.7256300000000001,1,1
18.08.2021 00:09:00.285,0.7257300000000001,0.7256300000000001,2.06,1
18.08.2021 00:09:02.457,0.72572,0.72562,1.01,1.87
18.08.2021 00:09:07.737,0.7257100000000001,0.72562,1,1
18.08.2021 00:09:08.393,0.7257100000000001,0.7256,1,1.5
18.08.2021 00:09:08.902,0.72572,0.7256100000000001,1.5,1
18.08.2021 00:09:09.111,0.7257,0.7256,2.25,1.12
18.08.2021 00:09:11.402,0.72569,0.7256,1,1
18.08.2021 00:09:12.533,0.7257,0.72558,1.5,2.25
18.08.2021 00:09:28.606,0.7256800000000001,0.72559,1,1.5
18.08.2021 00:09:28.707,0.7256800000000001,0.7256,1,1
18.08.2021 00:09:33.094,0.7256800000000001,0.72559,1,1.5
18.08.2021 00:09:42.984,0.72569,0.72559,1.5,3.94
18.08.2021 00:09:43.035,0.7257100000000001,0.7256,1,1
18.08.2021 00:09:43.137,0.72572,0.7256300000000001,2.06,1
18.08.2021 00:09:43.238,0.72575,0.7256600000000001,1.5,1.25
18.08.2021 00:09:43.340,0.72577,0.7256800000000001,2.81,1
18.08.2021 00:09:43.866,0.7257600000000001,0.7256600000000001,1.5,1.69
18.08.2021 00:09:44.069,0.7257800000000001,0.7256600000000001,2.44,1
18.08.2021 00:09:46.166,0.72577,0.7256800000000001,1,1
18.08.2021 00:09:48.053,0.72577,0.7256600000000001,2.25,1
18.08.2021 00:09:48.154,0.7257600000000001,0.7256600000000001,2.25,1
18.08.2021 00:09:50.202,0.7257600000000001,0.72567,1.5,1
18.08.2021 00:09:50.304,0.72577,0.7256800000000001,1,1
18.08.2021 00:09:52.875,0.72575,0.72564,1,1.5
18.08.2021 00:09:53.078,0.7257300000000001,0.72564,1,1
18.08.2021 00:09:54.513,0.72575,0.72565,1,1
18.08.2021 00:09:54.614,0.7257600000000001,0.72565,1,1
18.08.2021 00:09:54.715,0.7257600000000001,0.7256600000000001,1.5,1
18.08.2021 00:09:58.065,0.72575,0.7256600000000001,1,1
18.08.2021 00:10:02.099,0.72577,0.72565,1.5,1
18.08.2021 00:10:02.450,0.72575,0.7256600000000001,1,1
18.08.2021 00:10:08.048,0.72577,0.72565,1.95,1
18.08.2021 00:10:46.434,0.7257600000000001,0.72567,1,1
18.08.2021 00:10:46.535,0.72577,0.72567,1,1.69
18.08.2021 00:10:46.637,0.7257800000000001,0.7256800000000001,2.25,1
18.08.2021 00:10:49.275,0.7257600000000001,0.72567,1,1.25
18.08.2021 00:10:49.376,0.72575,0.7256600000000001,1,1
18.08.2021 00:10:53.819,0.72575,0.72565,2.25,1
18.08.2021 00:10:55.107,0.72575,0.7256600000000001,1,1
18.08.2021 00:10:55.258,0.72575,0.72565,2.25,1
18.08.2021 00:10:55.360,0.72574,0.72565,1,1
18.08.2021 00:10:55.461,0.72574,0.72564,1.5,1.5
18.08.2021 00:10:58.831,0.72574,0.72562,1,1.5
18.08.2021 00:11:01.954,0.72572,0.72562,1.5,1.31
18.08.2021 00:11:02.056,0.72572,0.7256,1.5,1
18.08.2021 00:11:05.762,0.7257,0.7256100000000001,1,1
18.08.2021 00:11:08.210,0.7257,0.7256,1,1
18.08.2021 00:11:08.311,0.72569,0.7256,1,1
18.08.2021 00:11:09.549,0.72569,0.72559,1,2.25
18.08.2021 00:11:09.651,0.72572,0.7256300000000001,1,1
18.08.2021 00:11:09.752,0.72572,0.72565,1,1
18.08.2021 00:11:10.004,0.7257300000000001,0.7256300000000001,1,2.44
18.08.2021 00:11:10.106,0.7257300000000001,0.72564,1,1
18.08.2021 00:11:12.186,0.72575,0.72567,1,1
18.08.2021 00:11:12.287,0.7257800000000001,0.72567,1,1
18.08.2021 00:11:12.664,0.72575,0.72567,1,1
18.08.2021 00:11:12.765,0.7257600000000001,0.72567,1.5,1
18.08.2021 00:11:13.809,0.7257600000000001,0.7256800000000001,1.5,1
18.08.2021 00:11:20.667,0.72575,0.7256800000000001,1,1
18.08.2021 00:11:20.768,0.7257600000000001,0.7256600000000001,1,1
18.08.2021 00:11:20.870,0.72572,0.72564,1,1.12
18.08.2021 00:11:21.072,0.7257300000000001,0.72564,1,1
18.08.2021 00:11:21.224,0.72572,0.72564,1,2.32
18.08.2021 00:11:21.325,0.72572,0.72565,1,1
18.08.2021 00:11:22.571,0.72574,0.72564,1,1
18.08.2021 00:11:24.405,0.72574,0.72565,1,1
18.08.2021 00:11:30.109,0.7257300000000001,0.72565,1,1
18.08.2021 00:11:31.480,0.72575,0.72565,3.94,1.5
18.08.2021 00:11:34.761,0.72574,0.72565,1.69,1
18.08.2021 00:11:39.356,0.7257600000000001,0.72565,1.76,1
18.08.2021 00:11:42.889,0.7257600000000001,0.7256800000000001,1,1
18.08.2021 00:11:42.990,0.72577,0.72569,1.12,1
18.08.2021 00:11:43.093,0.72575,0.72567,1,2.25
18.08.2021 00:11:43.211,0.72569,0.7256,3.94,1.5
18.08.2021 00:11:43.262,0.7257100000000001,0.72562,1,1
18.08.2021 00:11:43.363,0.72572,0.7256300000000001,1,2.25
18.08.2021 00:11:43.464,0.7257300000000001,0.7256300000000001,2.25,1.5
18.08.2021 00:11:44.617,0.72574,0.7256300000000001,1.69,1
18.08.2021 00:11:45.965,0.7257,0.7256,2.44,2
18.08.2021 00:11:46.168,0.7257,0.7256,2.44,1.5
18.08.2021 00:11:46.320,0.72562,0.7255600000000001,1,1.25
18.08.2021 00:11:46.371,0.72562,0.72554,1.69,1.5
18.08.2021 00:11:46.422,0.7256100000000001,0.72552,1,1
18.08.2021 00:11:46.625,0.7256300000000001,0.72554,1,1.69
18.08.2021 00:11:46.727,0.72565,0.72555,1.5,2.87
18.08.2021 00:11:46.778,0.7256600000000001,0.72558,1,1
18.08.2021 00:11:46.880,0.7256800000000001,0.7256100000000001,1.12,1
18.08.2021 00:11:46.982,0.7257100000000001,0.72562,1,1
18.08.2021 00:11:47.084,0.7257100000000001,0.7256300000000001,1,1
18.08.2021 00:11:47.185,0.7257300000000001,0.72562,2.44,1
18.08.2021 00:11:47.337,0.72574,0.7256300000000001,2.44,1
18.08.2021 00:11:47.439,0.7257300000000001,0.7256300000000001,1.25,1
18.08.2021 00:11:47.540,0.72572,0.7256300000000001,1.25,1.5
18.08.2021 00:11:47.951,0.72572,0.72564,1,1
18.08.2021 00:11:48.001,0.7256600000000001,0.72558,1.25,1
18.08.2021 00:11:48.052,0.72564,0.7255600000000001,1.69,1
18.08.2021 00:11:48.357,0.72565,0.72557,1,4.19
18.08.2021 00:11:48.408,0.7256800000000001,0.72559,1.5,1
18.08.2021 00:11:48.560,0.7256800000000001,0.7256,1,3.19
18.08.2021 00:11:48.611,0.7256800000000001,0.72562,1,1.69
18.08.2021 00:11:48.662,0.7257300000000001,0.7256300000000001,2,1.25
18.08.2021 00:11:48.763,0.7257300000000001,0.72564,1,1
18.08.2021 00:11:48.865,0.7257300000000001,0.72565,1,1
18.08.2021 00:11:49.070,0.7257300000000001,0.72564,4.31,1
18.08.2021 00:11:49.641,0.72575,0.7256300000000001,2.62,1
18.08.2021 00:11:49.743,0.72574,0.72565,3.94,1
18.08.2021 00:11:51.104,0.7257300000000001,0.72564,3.19,1
18.08.2021 00:11:51.255,0.72574,0.72564,4.69,1
18.08.2021 00:11:53.056,0.72574,0.72565,3,1
18.08.2021 00:11:53.711,0.7257100000000001,0.7256100000000001,1,1.31
18.08.2021 00:11:53.812,0.72569,0.7256100000000001,1,1
18.08.2021 00:11:54.048,0.7257,0.7256100000000001,1,1
18.08.2021 00:11:54.150,0.72575,0.72565,2.82,1
18.08.2021 00:11:54.301,0.7257600000000001,0.72564,1.57,1
18.08.2021 00:11:54.403,0.72575,0.72564,1.25,1
18.08.2021 00:11:56.862,0.7257300000000001,0.72564,1.12,1
18.08.2021 00:11:56.964,0.72572,0.7256300000000001,1.5,1
18.08.2021 00:11:57.066,0.72572,0.72564,1,1
18.08.2021 00:12:00.213,0.72572,0.7256300000000001,2.25,1
18.08.2021 00:12:00.463,0.7257,0.7256100000000001,2.07,1
18.08.2021 00:12:00.565,0.72569,0.7256,1.5,1
18.08.2021 00:12:02.927,0.7256800000000001,0.72559,2.81,1
18.08.2021 00:12:03.028,0.72567,0.72558,1.12,1
18.08.2021 00:12:05.838,0.7256800000000001,0.72559,1,1.5
18.08.2021 00:12:05.939,0.7257100000000001,0.72562,1.5,2.44
18.08.2021 00:12:05.990,0.7257300000000001,0.7256300000000001,2.32,2.25
18.08.2021 00:12:06.142,0.7257100000000001,0.7256300000000001,1,1
18.08.2021 00:12:06.193,0.72569,0.7256,1,1.12
18.08.2021 00:12:08.349,0.72565,0.7255600000000001,1.25,1
18.08.2021 00:12:08.450,0.7256300000000001,0.72553,1,1.5
18.08.2021 00:12:08.552,0.7256100000000001,0.72554,1,1
18.08.2021 00:12:10.855,0.72562,0.72554,1.69,1
18.08.2021 00:12:16.592,0.72559,0.7255100000000001,1.69,1
18.08.2021 00:12:16.643,0.72559,0.7255,2.44,1
18.08.2021 00:12:20.387,0.7256,0.7255100000000001,1,1
18.08.2021 00:12:22.454,0.72559,0.7255100000000001,1,1
18.08.2021 00:12:26.279,0.72562,0.72553,1.87,1
18.08.2021 00:12:28.173,0.72562,0.72554,1,1
18.08.2021 00:12:28.224,0.72564,0.7255600000000001,1,1
18.08.2021 00:12:28.325,0.72565,0.7255600000000001,1.87,1
18.08.2021 00:12:28.427,0.72564,0.7255600000000001,1,1
18.08.2021 00:12:28.528,0.72564,0.72554,1,1
18.08.2021 00:12:31.866,0.7256600000000001,0.72555,1.69,2.51
18.08.2021 00:12:31.968,0.72567,0.72558,1,1
18.08.2021 00:12:32.959,0.7256600000000001,0.72558,1,1
18.08.2021 00:12:35.395,0.72565,0.72557,1,1
18.08.2021 00:12:35.497,0.72564,0.72557,1,1
18.08.2021 00:12:39.109,0.72565,0.72555,1,1
18.08.2021 00:12:48.980,0.72564,0.72555,2.44,1
18.08.2021 00:12:49.081,0.72562,0.72552,1.69,1.87
18.08.2021 00:12:49.183,0.72558,0.72549,1,1.5
18.08.2021 00:13:07.128,0.72558,0.7255,1,1
18.08.2021 00:13:10.475,0.72554,0.7254600000000001,1,2
18.08.2021 00:13:10.677,0.72554,0.7254600000000001,1,1
18.08.2021 00:13:13.829,0.72554,0.72544,4.57,1
18.08.2021 00:13:13.880,0.7255100000000001,0.72543,1,1
18.08.2021 00:13:13.982,0.7255100000000001,0.7254200000000001,3,1.12
18.08.2021 00:13:17.919,0.7255,0.7254,1,1
18.08.2021 00:13:20.128,0.72552,0.7254100000000001,1.87,1
18.08.2021 00:13:20.330,0.72552,0.7254200000000001,1,1
18.08.2021 00:13:20.431,0.72553,0.7254200000000001,2.89,1
18.08.2021 00:13:28.435,0.72553,0.72543,1.5,1
18.08.2021 00:13:34.029,0.72552,0.72545,1,1
18.08.2021 00:13:34.131,0.72554,0.72544,1,1
18.08.2021 00:13:34.234,0.72559,0.7254700000000001,3.37,1.5
18.08.2021 00:13:34.336,0.72558,0.7255,1,1
18.08.2021 00:13:36.597,0.72555,0.7254600000000001,1,2
18.08.2021 00:13:36.698,0.72555,0.7254600000000001,2.32,1
18.08.2021 00:13:37.791,0.72555,0.7254700000000001,1.95,1
18.08.2021 00:13:39.333,0.72555,0.7254600000000001,1.95,1
18.08.2021 00:13:56.677,0.72553,0.7254600000000001,1,1
18.08.2021 00:14:01.747,0.72555,0.7254600000000001,1,4.64
18.08.2021 00:14:01.798,0.72557,0.72549,1.12,1
18.08.2021 00:14:03.578,0.72559,0.72548,1.5,1
18.08.2021 00:14:03.679,0.72559,0.72549,1,1
18.08.2021 00:14:03.953,0.7256,0.7255100000000001,1.12,2.89
18.08.2021 00:14:04.055,0.72562,0.72554,1,1
18.08.2021 00:14:05.170,0.7256300000000001,0.7255600000000001,1,1
18.08.2021 00:14:05.271,0.72565,0.72555,1,1
18.08.2021 00:14:08.714,0.72564,0.72557,1,1
18.08.2021 00:14:10.617,0.72564,0.7255600000000001,1,1
18.08.2021 00:14:11.828,0.72565,0.72554,1,1.95
18.08.2021 00:14:11.929,0.7256600000000001,0.72557,1,1
18.08.2021 00:14:12.030,0.7256600000000001,0.7255600000000001,1,1
18.08.2021 00:14:14.529,0.72564,0.7255600000000001,1,1
18.08.2021 00:14:16.392,0.7256300000000001,0.7255600000000001,1,1
18.08.2021 00:14:26.758,0.7256100000000001,0.7255100000000001,1,1.25
18.08.2021 00:14:26.810,0.72558,0.7255100000000001,1,1
18.08.2021 00:14:30.585,0.7256100000000001,0.72553,10.42,1
18.08.2021 00:14:30.637,0.72559,0.72552,1,1
18.08.2021 00:14:30.840,0.72558,0.7255100000000001,1,1
18.08.2021 00:14:32.509,0.72555,0.7254700000000001,1,1.31
18.08.2021 00:14:32.611,0.72555,0.72545,1,1.5
18.08.2021 00:14:32.712,0.72554,0.72545,1,1
18.08.2021 00:14:32.814,0.72554,0.72544,1.5,1
18.08.2021 00:14:33.599,0.72553,0.7254600000000001,1.5,1
18.08.2021 00:14:45.329,0.72555,0.7254600000000001,1.5,1
18.08.2021 00:14:46.358,0.72553,0.7254600000000001,1,1
18.08.2021 00:14:57.700,0.72554,0.7254600000000001,1,1
18.08.2021 00:14:57.953,0.72555,0.72548,1,1
18.08.2021 00:14:58.004,0.72557,0.72549,2.25,1
18.08.2021 00:14:58.105,0.72554,0.72545,1,1.31
18.08.2021 00:15:00.557,0.72555,0.7254700000000001,1.5,1
18.08.2021 00:15:01.085,0.72555,0.72548,1,1
18.08.2021 00:15:02.674,0.7255600000000001,0.72548,1,1
18.08.2021 00:15:02.776,0.7255600000000001,0.7254700000000001,1,1
18.08.2021 00:15:02.927,0.72555,0.72545,3,1
18.08.2021 00:15:02.978,0.72552,0.72544,1,1.12
18.08.2021 00:15:07.437,0.7255,0.7254100000000001,1,1
18.08.2021 00:15:07.488,0.72548,0.7254,1,2.32
18.08.2021 00:15:07.590,0.72548,0.72539,1,1
18.08.2021 00:15:12.438,0.72545,0.7253600000000001,1,1
18.08.2021 00:15:12.640,0.72544,0.72535,1.5,1
18.08.2021 00:15:12.741,0.72544,0.7253600000000001,1,1
18.08.2021 00:15:12.843,0.72545,0.7253600000000001,1,1
18.08.2021 00:15:13.420,0.7254700000000001,0.72538,1.5,1
18.08.2021 00:15:13.521,0.7254700000000001,0.72539,1,1
18.08.2021 00:15:13.787,0.72548,0.72539,1,1
18.08.2021 00:15:15.869,0.72548,0.7254100000000001,1,1
18.08.2021 00:15:15.920,0.7255,0.7254200000000001,1.95,1
18.08.2021 00:15:17.224,0.72549,0.7254,1.1,1
18.08.2021 00:15:26.219,0.72548,0.72539,1,1.5
18.08.2021 00:15:35.453,0.7254600000000001,0.72535,1.1,2.32
18.08.2021 00:15:35.555,0.7254100000000001,0.72533,1.5,1.5
18.08.2021 00:15:35.657,0.7254100000000001,0.72532,1,1
18.08.2021 00:15:35.758,0.7254200000000001,0.72534,1.12,1
18.08.2021 00:15:36.011,0.72544,0.72535,1.01,1
18.08.2021 00:15:36.112,0.72545,0.72535,1,1
18.08.2021 00:15:36.264,0.72545,0.7253600000000001,1,1
18.08.2021 00:15:37.004,0.7254700000000001,0.7253600000000001,1,1
18.08.2021 00:15:37.157,0.7254700000000001,0.72538,1,1
18.08.2021 00:15:41.570,0.72549,0.7253700000000001,2.32,1
18.08.2021 00:15:42.311,0.72548,0.72539,1.57,1
18.08.2021 00:15:56.888,0.72548,0.72538,1,1
18.08.2021 00:16:00.658,0.72548,0.7253700000000001,1.69,1
18.08.2021 00:16:09.706,0.7254600000000001,0.7253600000000001,1.5,1
18.08.2021 00:16:10.009,0.7254600000000001,0.7253700000000001,1.57,1.5
18.08.2021 00:16:22.700,0.7254700000000001,0.7253700000000001,2.51,1
18.08.2021 00:16:24.294,0.72544,0.72535,1,1.12
18.08.2021 00:16:24.396,0.7254200000000001,0.72533,1,1.5
18.08.2021 00:16:24.497,0.7254200000000001,0.72533,1.5,1
18.08.2021 00:16:24.750,0.7254200000000001,0.72533,1.5,1.5
18.08.2021 00:16:24.851,0.72543,0.72532,1,1
18.08.2021 00:16:25.003,0.7254200000000001,0.72535,1,1
18.08.2021 00:16:25.104,0.72543,0.72535,1,1
18.08.2021 00:16:27.573,0.72544,0.72535,1.5,1
18.08.2021 00:16:31.798,0.7254700000000001,0.7253600000000001,1.12,1
18.08.2021 00:16:31.899,0.72548,0.7253700000000001,1,1
18.08.2021 00:16:38.729,0.7254700000000001,0.72539,1,1
18.08.2021 00:16:38.780,0.72545,0.72535,1.5,2
18.08.2021 00:16:38.973,0.72545,0.72535,1.5,1.5
18.08.2021 00:16:39.770,0.72545,0.7253600000000001,2.44,1
18.08.2021 00:16:39.877,0.7254600000000001,0.72534,2.44,1.5
18.08.2021 00:16:43.085,0.72543,0.72535,1.69,1
18.08.2021 00:16:43.187,0.72539,0.7253000000000001,1.57,1.5
18.08.2021 00:16:43.238,0.72538,0.72528,1.69,1
18.08.2021 00:16:43.340,0.7254100000000001,0.72533,1.5,1.25
18.08.2021 00:16:43.391,0.72543,0.72534,1,1
18.08.2021 00:16:43.595,0.7254200000000001,0.72534,1,1
18.08.2021 00:16:43.798,0.72544,0.7253600000000001,1,1
18.08.2021 00:16:43.849,0.7254600000000001,0.7253700000000001,1.5,1.25
18.08.2021 00:16:44.001,0.72548,0.7253700000000001,2.51,1
18.08.2021 00:16:44.304,0.72543,0.72534,1,1.87
18.08.2021 00:16:44.406,0.7254200000000001,0.72533,1,1.5
18.08.2021 00:16:44.709,0.72543,0.7253600000000001,1,1
18.08.2021 00:16:44.759,0.7254600000000001,0.72535,1.87,1.69
18.08.2021 00:16:44.861,0.7254600000000001,0.7253700000000001,1.5,1
18.08.2021 00:16:44.962,0.72548,0.7253700000000001,2.25,1
18.08.2021 00:16:45.164,0.7254700000000001,0.72539,1,1
18.08.2021 00:16:46.983,0.7254700000000001,0.72538,1.5,1
18.08.2021 00:16:49.061,0.7254700000000001,0.7253700000000001,2.44,1
18.08.2021 00:16:53.441,0.72544,0.72535,1,1.69
18.08.2021 00:16:54.961,0.72543,0.72535,1,1
18.08.2021 00:16:55.063,0.72543,0.72534,1.5,1.5
18.08.2021 00:16:55.265,0.72543,0.72535,1,1
18.08.2021 00:16:55.376,0.72544,0.72533,1,4.69
18.08.2021 00:16:56.278,0.72543,0.72535,1,1
18.08.2021 00:16:56.430,0.72544,0.72533,1,1
18.08.2021 00:16:56.531,0.7254200000000001,0.72532,1,1.5
18.08.2021 00:16:56.683,0.72543,0.72534,1.5,1
18.08.2021 00:16:56.887,0.72543,0.72535,1,1.25
18.08.2021 00:16:57.039,0.72545,0.72534,1.5,1
18.08.2021 00:16:57.140,0.72544,0.7253600000000001,1,1
18.08.2021 00:16:57.241,0.72545,0.72534,1.5,1
18.08.2021 00:16:57.393,0.72544,0.7253600000000001,1,1
18.08.2021 00:16:57.926,0.72544,0.72535,1,1
18.08.2021 00:16:58.127,0.72544,0.7253600000000001,1,1
18.08.2021 00:16:58.585,0.72545,0.7253700000000001,1,1
18.08.2021 00:16:58.687,0.7254600000000001,0.7253700000000001,1.5,1
18.08.2021 00:17:03.277,0.7254600000000001,0.72538,1,1
18.08.2021 00:17:03.774,0.7254700000000001,0.7253600000000001,1,1.25
18.08.2021 00:17:03.931,0.7254700000000001,0.7253700000000001,1,1
18.08.2021 00:17:04.199,0.7254600000000001,0.7253700000000001,1,1.25
18.08.2021 00:17:04.300,0.7254700000000001,0.7253700000000001,1,1
18.08.2021 00:17:05.679,0.7254600000000001,0.72534,1.5,4
18.08.2021 00:17:06.099,0.72544,0.72535,1.5,2.12
18.08.2021 00:17:11.112,0.7254600000000001,0.72535,1.5,1.25
18.08.2021 00:17:11.213,0.72545,0.7253700000000001,1,1.25
18.08.2021 00:17:11.314,0.7254600000000001,0.7253700000000001,1.5,1.25
18.08.2021 00:17:11.942,0.72544,0.72535,1.5,2.87
18.08.2021 00:17:12.133,0.72543,0.72535,1,2.87
18.08.2021 00:17:12.184,0.72543,0.72534,1,1
18.08.2021 00:17:12.235,0.7254200000000001,0.7253100000000001,1,1.12
18.08.2021 00:17:12.337,0.72539,0.72529,1,2.19
18.08.2021 00:17:12.387,0.72539,0.72529,1.5,1.25
18.08.2021 00:17:12.438,0.7253700000000001,0.72529,1,1
18.08.2021 00:17:12.539,0.72538,0.72527,1.5,1
18.08.2021 00:17:12.844,0.7253700000000001,0.72527,1.5,2.81
18.08.2021 00:17:12.945,0.7253700000000001,0.72528,1,2.44
18.08.2021 00:17:13.097,0.7253700000000001,0.72527,1.5,2.81
18.08.2021 00:17:14.107,0.72534,0.72524,3.44,2.06
18.08.2021 00:17:14.231,0.72532,0.72523,1.5,1.75
18.08.2021 00:17:14.333,0.72533,0.7252500000000001,1,1
18.08.2021 00:17:14.434,0.72534,0.7252500000000001,1,2.44
18.08.2021 00:17:20.793,0.72533,0.7252500000000001,1,2.44
18.08.2021 00:17:20.844,0.72534,0.72522,1.5,1.69
18.08.2021 00:17:20.894,0.7253000000000001,0.7252000000000001,1,5.37
18.08.2021 00:17:20.996,0.72528,0.72519,1.5,1.69
18.08.2021 00:17:21.047,0.7253000000000001,0.72522,1,1.25
18.08.2021 00:17:21.154,0.72532,0.72524,1.5,1.25
18.08.2021 00:17:21.255,0.72533,0.7252500000000001,1,2.89
18.08.2021 00:17:21.357,0.72535,0.72524,1.5,3.64
18.08.2021 00:17:22.324,0.72534,0.72524,4.12,1.25
18.08.2021 00:17:22.425,0.72533,0.72523,1,1.25
18.08.2021 00:17:22.729,0.72533,0.7252500000000001,1,2.44
18.08.2021 00:17:22.830,0.72534,0.7252500000000001,1,2.44
18.08.2021 00:17:28.154,0.72535,0.72527,1,1
18.08.2021 00:17:28.256,0.7253700000000001,0.72528,1.5,2.44
18.08.2021 00:17:28.407,0.7253700000000001,0.72526,2.25,1.12
18.08.2021 00:17:28.509,0.72534,0.72526,1,1.25
18.08.2021 00:17:29.960,0.72534,0.7252500000000001,1,1.25
18.08.2021 00:17:30.162,0.72532,0.72524,1,1.12
18.08.2021 00:17:30.264,0.7253100000000001,0.72522,1,4.14
18.08.2021 00:17:30.365,0.72532,0.72523,1,1.69
18.08.2021 00:17:30.466,0.72534,0.7252500000000001,1.12,1.25
18.08.2021 00:17:36.146,0.72534,0.72526,1,1
18.08.2021 00:17:38.560,0.72535,0.72526,1.57,1
18.08.2021 00:17:40.745,0.72534,0.72526,1,1
18.08.2021 00:17:40.986,0.72533,0.72526,1,1
18.08.2021 00:17:41.703,0.72535,0.72526,1.1,1.5
18.08.2021 00:17:41.905,0.72533,0.72526,1,1
18.08.2021 00:17:41.955,0.72533,0.72524,1,2.06
18.08.2021 00:17:42.057,0.72534,0.72526,1,1
18.08.2021 00:17:46.515,0.72534,0.7252500000000001,1,1.69
18.08.2021 00:17:51.308,0.72534,0.72526,1,1
18.08.2021 00:17:58.032,0.72533,0.7252500000000001,1,1
18.08.2021 00:17:58.134,0.72535,0.72524,2.25,1
18.08.2021 00:17:58.235,0.72534,0.72526,1,1
18.08.2021 00:17:59.364,0.72534,0.7252500000000001,1,1.69
18.08.2021 00:18:02.107,0.72535,0.7252500000000001,1.5,1
18.08.2021 00:18:02.158,0.72538,0.72529,1.12,1.25
18.08.2021 00:18:02.311,0.72538,0.72529,1.12,3.51
18.08.2021 00:18:02.690,0.72539,0.7253000000000001,2.25,1
18.08.2021 00:18:07.688,0.72538,0.72529,1,1.76
18.08.2021 00:18:12.109,0.72539,0.7253000000000001,2.25,1
18.08.2021 00:18:19.396,0.72539,0.7253100000000001,1,1
18.08.2021 00:18:23.250,0.7254100000000001,0.72532,4.5,2.44
18.08.2021 00:18:23.300,0.7254200000000001,0.72534,1.12,2.51
18.08.2021 00:18:23.452,0.72545,0.7253600000000001,1.57,1
18.08.2021 00:18:27.613,0.72548,0.72538,1.12,1
18.08.2021 00:18:27.714,0.72548,0.72538,1.5,1.25
18.08.2021 00:18:27.816,0.72548,0.7254,1,1
18.08.2021 00:18:35.870,0.72548,0.7254100000000001,1,1
18.08.2021 00:18:35.973,0.7255,0.7254100000000001,1,1
18.08.2021 00:18:36.075,0.7255,0.7254100000000001,1,1
18.08.2021 00:18:36.177,0.7255100000000001,0.72544,1,1
18.08.2021 00:18:36.279,0.72552,0.72545,1,1
18.08.2021 00:18:36.381,0.7255100000000001,0.72543,1.5,1
18.08.2021 00:18:37.893,0.7255,0.72543,1,1
18.08.2021 00:18:39.224,0.7255,0.7254,1,1
18.08.2021 00:18:49.070,0.7255,0.7254100000000001,1,1
18.08.2021 00:18:50.970,0.7255,0.7254200000000001,1.1,1
18.08.2021 00:18:52.092,0.72548,0.72539,1,2.89
18.08.2021 00:18:54.148,0.7255100000000001,0.7254100000000001,8.25,1
18.08.2021 00:18:54.458,0.7254700000000001,0.72539,1.1,1
18.08.2021 00:18:54.560,0.7254600000000001,0.72539,1,1
18.08.2021 00:18:55.507,0.7254600000000001,0.7253700000000001,1,3.64
18.08.2021 00:18:55.659,0.7254700000000001,0.7254,1,1
18.08.2021 00:18:55.760,0.72549,0.7254,1,1
18.08.2021 00:18:56.197,0.7255,0.7254100000000001,8.74,1
18.08.2021 00:18:56.299,0.72549,0.7254100000000001,1,1
18.08.2021 00:18:58.274,0.72548,0.7254100000000001,1,1
18.08.2021 00:19:00.664,0.72549,0.7254200000000001,1,1
18.08.2021 00:19:01.665,0.7255,0.7254,1,2.32
18.08.2021 00:19:01.715,0.72552,0.7254100000000001,1,1
18.08.2021 00:19:01.817,0.72552,0.72545,1,1
18.08.2021 00:19:01.918,0.72552,0.72544,1,1.2
18.08.2021 00:19:02.019,0.72553,0.7254600000000001,1,1
18.08.2021 00:19:09.613,0.72554,0.7254700000000001,1,1
18.08.2021 00:19:11.008,0.72557,0.7254700000000001,1.12,1
18.08.2021 00:19:11.110,0.72558,0.72548,1.5,1
18.08.2021 00:19:11.212,0.72558,0.7255,1,1
18.08.2021 00:19:15.109,0.72558,0.7255100000000001,1,1
18.08.2021 00:19:15.938,0.72559,0.72552,1,1
18.08.2021 00:19:17.156,0.72559,0.7255100000000001,1,1
18.08.2021 00:19:18.346,0.72559,0.72552,1,1
18.08.2021 00:19:19.247,0.7256,0.7255,1,1
18.08.2021 00:19:40.416,0.72559,0.72552,1,1
18.08.2021 00:19:45.125,0.7256,0.7255,1,1
18.08.2021 00:19:52.475,0.7256100000000001,0.72552,1,1
18.08.2021 00:19:52.576,0.7256,0.72552,1,1
18.08.2021 00:20:00.066,0.72559,0.7255100000000001,1,1
18.08.2021 00:20:01.243,0.7255600000000001,0.7254700000000001,1,1
18.08.2021 00:20:01.294,0.7255600000000001,0.72545,1.57,1.12
18.08.2021 00:20:01.395,0.72554,0.72545,1.5,2.45
18.08.2021 00:20:01.497,0.72554,0.72545,3.19,1
18.08.2021 00:20:07.908,0.72552,0.72545,1,1
18.08.2021 00:20:08.060,0.72552,0.72544,1,3.94
18.08.2021 00:20:08.161,0.72555,0.72545,1,1
18.08.2021 00:20:08.414,0.72554,0.7254700000000001,1,1
18.08.2021 00:20:08.617,0.72554,0.7254600000000001,1,1
18.08.2021 00:20:09.020,0.72555,0.7254600000000001,1,1
18.08.2021 00:20:09.122,0.72554,0.7254600000000001,1,1
18.08.2021 00:20:10.147,0.72553,0.72545,1.5,1
18.08.2021 00:20:10.299,0.72554,0.7254600000000001,1,1
18.08.2021 00:20:15.755,0.72555,0.7254600000000001,1,1
18.08.2021 00:20:15.952,0.7255600000000001,0.72549,1,1
18.08.2021 00:20:16.053,0.72559,0.72548,2.94,1
18.08.2021 00:20:16.154,0.72559,0.72548,1.69,1
18.08.2021 00:20:21.144,0.72558,0.7255,1.25,1
18.08.2021 00:20:37.535,0.72555,0.7254700000000001,1,3.07
18.08.2021 00:20:38.198,0.72555,0.72548,1,1
18.08.2021 00:20:38.300,0.72557,0.72548,1.12,3.25
18.08.2021 00:20:38.401,0.72559,0.7255,1.5,1
18.08.2021 00:20:44.751,0.72558,0.7255,1,1
18.08.2021 00:20:58.072,0.72557,0.72549,1,1
18.08.2021 00:20:58.123,0.72555,0.72548,1,1
18.08.2021 00:20:58.224,0.7255600000000001,0.7254600000000001,1,1.95
18.08.2021 00:21:00.742,0.72555,0.7254600000000001,1,1.5
18.08.2021 00:21:02.077,0.72555,0.7254700000000001,1,1
18.08.2021 00:21:07.865,0.72555,0.7254600000000001,1.5,1
18.08.2021 00:21:15.971,0.72553,0.72544,1.25,1.5
18.08.2021 00:21:16.072,0.72553,0.7254200000000001,1,1.12
18.08.2021 00:21:16.174,0.72553,0.7254600000000001,1,2.32
18.08.2021 00:21:16.275,0.72554,0.7254600000000001,1,1.95
18.08.2021 00:21:18.309,0.72555,0.72544,4.76,1
18.08.2021 00:21:18.411,0.7255100000000001,0.72543,1.5,1
18.08.2021 00:21:18.513,0.7255,0.7254100000000001,1.5,4.01
18.08.2021 00:21:18.564,0.72553,0.7254200000000001,1.12,1.69
18.08.2021 00:21:18.666,0.72554,0.72543,1,1.25
18.08.2021 00:21:18.717,0.72553,0.7254600000000001,1,1
18.08.2021 00:21:18.819,0.72554,0.7254600000000001,1,1
18.08.2021 00:21:19.095,0.72554,0.72545,2.25,1.95
18.08.2021 00:21:19.247,0.72554,0.7254600000000001,1,1
18.08.2021 00:21:19.350,0.72553,0.72544,1.5,2.44
18.08.2021 00:21:19.502,0.72554,0.72545,1,1
18.08.2021 00:21:19.603,0.72555,0.72544,1.5,1
18.08.2021 00:21:19.756,0.72554,0.7254600000000001,1,1
18.08.2021 00:21:20.061,0.72554,0.72545,1.5,2.7
18.08.2021 00:21:20.162,0.72554,0.72543,1.5,2.89
18.08.2021 00:21:20.316,0.72554,0.72545,1,1
18.08.2021 00:21:20.418,0.72554,0.7254600000000001,1,1
18.08.2021 00:21:20.671,0.72554,0.72545,1.5,1
18.08.2021 00:21:20.872,0.72554,0.7254600000000001,1,1
18.08.2021 00:21:20.974,0.72554,0.72545,2.25,1.12
18.08.2021 00:21:21.075,0.72554,0.7254600000000001,1,1
18.08.2021 00:21:21.177,0.7255600000000001,0.72545,1,1
18.08.2021 00:21:21.530,0.72555,0.72544,1,1
18.08.2021 00:21:21.631,0.72554,0.7254600000000001,1,1
18.08.2021 00:21:21.732,0.72554,0.72545,2.25,1.95
18.08.2021 00:21:21.884,0.72555,0.72545,1,1
18.08.2021 00:21:21.985,0.72554,0.72545,1.69,1
18.08.2021 00:21:22.086,0.72553,0.72545,1,1
18.08.2021 00:21:22.187,0.72553,0.7254600000000001,1,1
18.08.2021 00:21:22.288,0.72555,0.72545,1,1
18.08.2021 00:21:22.389,0.72555,0.7254700000000001,1,1
18.08.2021 00:21:22.490,0.7255600000000001,0.72545,4.76,1
18.08.2021 00:21:22.594,0.72554,0.72544,1,1
18.08.2021 00:21:22.695,0.72553,0.7254600000000001,1,1
18.08.2021 00:21:22.796,0.72554,0.7254600000000001,1,1
18.08.2021 00:21:22.999,0.72555,0.7254600000000001,1.5,1.5
18.08.2021 00:21:23.100,0.7255600000000001,0.72545,5.01,1
18.08.2021 00:21:23.202,0.72555,0.7254600000000001,2.51,1
18.08.2021 00:21:23.455,0.72555,0.7254700000000001,1,1
18.08.2021 00:21:23.910,0.7255600000000001,0.72545,4.76,1
18.08.2021 00:21:24.062,0.72555,0.7254700000000001,1,1
18.08.2021 00:21:24.164,0.72554,0.72545,2.51,1.2
18.08.2021 00:21:24.265,0.72554,0.72543,1,2.32
18.08.2021 00:21:24.316,0.72555,0.72545,1,1.5
18.08.2021 00:21:27.625,0.7255600000000001,0.72545,1.5,1
18.08.2021 00:21:27.909,0.72554,0.72545,1,1.5
18.08.2021 00:21:28.169,0.72555,0.7254600000000001,1.5,1
18.08.2021 00:21:37.756,0.72555,0.72545,1.5,3.26
18.08.2021 00:21:39.924,0.72554,0.72545,1,3.26
18.08.2021 00:21:40.025,0.7255,0.72543,1,1
18.08.2021 00:21:40.076,0.7255,0.7254,1,1.95
18.08.2021 00:21:40.178,0.72552,0.72544,1.12,2.14
18.08.2021 00:21:40.279,0.72553,0.7254600000000001,1,1
18.08.2021 00:21:43.000,0.72553,0.72545,1,2.32
18.08.2021 00:21:43.203,0.72553,0.7254600000000001,1,1.95
18.08.2021 00:21:44.729,0.72553,0.72545,1,1.12
18.08.2021 00:21:44.830,0.72552,0.72544,1,1.95
18.08.2021 00:21:44.932,0.72553,0.72545,1,2.32
18.08.2021 00:21:45.084,0.72553,0.72545,1,2.45
18.08.2021 00:21:59.319,0.72553,0.72545,1,2.32
18.08.2021 00:22:00.637,0.72552,0.72544,1,1.57
18.08.2021 00:22:00.840,0.72552,0.72543,1.5,2.32
18.08.2021 00:22:02.454,0.72552,0.72544,1,2.32
18.08.2021 00:22:03.971,0.72554,0.72543,1.5,2.7
18.08.2021 00:22:05.987,0.72553,0.72545,1,1
18.08.2021 00:22:24.896,0.72557,0.7254700000000001,1,1
18.08.2021 00:22:30.124,0.72554,0.72545,1,4.2
18.08.2021 00:22:35.284,0.72555,0.7254600000000001,2.32,1
18.08.2021 00:22:52.747,0.72554,0.72545,1,1.5
18.08.2021 00:23:21.284,0.7255,0.7254200000000001,1,1.57
18.08.2021 00:23:21.385,0.72549,0.7254100000000001,1.25,1.12
18.08.2021 00:23:21.487,0.7255,0.72539,1.69,1
18.08.2021 00:23:24.774,0.72548,0.72539,1.69,1
18.08.2021 00:23:33.904,0.7254700000000001,0.72539,1,1
18.08.2021 00:23:34.005,0.72545,0.7253600000000001,2.32,2.32
18.08.2021 00:23:36.995,0.72545,0.72535,1.57,4.39
18.08.2021 00:23:40.346,0.72543,0.72535,1,3.64
18.08.2021 00:23:40.449,0.7254600000000001,0.7253600000000001,1,1.5
18.08.2021 00:23:40.550,0.7254600000000001,0.7253700000000001,1,2.32
18.08.2021 00:23:56.527,0.7254600000000001,0.7253600000000001,2.89,1.57
18.08.2021 00:23:56.770,0.72544,0.7253600000000001,1,1.57
18.08.2021 00:23:57.234,0.72544,0.72535,1,4.09
18.08.2021 00:24:01.974,0.72544,0.7253600000000001,1,2.96
18.08.2021 00:24:05.530,0.72544,0.72533,1,3.9
18.08.2021 00:24:05.582,0.7254,0.7253100000000001,1,1
18.08.2021 00:24:05.632,0.72538,0.72529,1.5,1
18.08.2021 00:24:05.734,0.7254100000000001,0.7253100000000001,1,1.57
18.08.2021 00:24:05.836,0.72543,0.72535,1,1.25
18.08.2021 00:24:05.937,0.72545,0.7253600000000001,1.57,1
18.08.2021 00:24:05.988,0.72543,0.72535,1,2.51
18.08.2021 00:24:06.089,0.72545,0.7253600000000001,1,3.07
18.08.2021 00:24:06.191,0.72544,0.7253600000000001,1,1.95
18.08.2021 00:24:08.796,0.72544,0.72535,1.5,1.57
18.08.2021 00:24:09.014,0.72544,0.7253600000000001,1,1
18.08.2021 00:24:12.649,0.72545,0.7253700000000001,1,1
18.08.2021 00:24:13.061,0.72544,0.7253700000000001,1,1
18.08.2021 00:24:13.213,0.7254600000000001,0.7253600000000001,1,1
18.08.2021 00:24:13.314,0.7254600000000001,0.72538,1,1
18.08.2021 00:24:13.919,0.72544,0.7253700000000001,1,1
18.08.2021 00:24:14.021,0.7254700000000001,0.72535,1.41,2.32
18.08.2021 00:24:16.314,0.72544,0.72535,1,1
18.08.2021 00:24:20.473,0.72543,0.72535,1,2.59
18.08.2021 00:24:20.575,0.72543,0.72534,1,3.9
18.08.2021 00:24:20.727,0.72544,0.7253600000000001,1.5,1.95
18.08.2021 00:24:24.605,0.72543,0.72534,1,3.34
18.08.2021 00:24:24.706,0.7254100000000001,0.7253000000000001,1,3.71
18.08.2021 00:24:24.808,0.7254100000000001,0.72532,1,1.5
18.08.2021 00:24:24.909,0.72543,0.72533,1,1.5
18.08.2021 00:24:25.011,0.72545,0.7253600000000001,1.6,1
18.08.2021 00:24:25.061,0.7254600000000001,0.72535,1.1,1
18.08.2021 00:24:28.408,0.7254600000000001,0.7253700000000001,1,2.44
18.08.2021 00:24:34.675,0.7254700000000001,0.72538,1,1
18.08.2021 00:24:44.616,0.7254700000000001,0.72539,1,1.1
18.08.2021 00:24:54.031,0.7254600000000001,0.7253600000000001,1,1
18.08.2021 00:24:54.132,0.72545,0.7253600000000001,1,2.02
18.08.2021 00:24:54.233,0.72545,0.7253700000000001,1,1
18.08.2021 00:24:55.657,0.7254600000000001,0.7253700000000001,1,1.5
18.08.2021 00:24:57.097,0.7254600000000001,0.72538,1,1
18.08.2021 00:24:57.574,0.72548,0.72539,1,1
18.08.2021 00:24:58.043,0.72548,0.7254,1,1
18.08.2021 00:24:58.145,0.72548,0.72539,1,1.2
18.08.2021 00:24:58.246,0.7254600000000001,0.72538,1,1
18.08.2021 00:25:00.176,0.7254600000000001,0.7253600000000001,1,2.51
18.08.2021 00:25:02.246,0.7254700000000001,0.7253600000000001,1,1.69
18.08.2021 00:25:03.988,0.7254600000000001,0.72538,1,1
18.08.2021 00:25:18.344,0.72544,0.7253700000000001,1,1
18.08.2021 00:25:18.496,0.72545,0.7253700000000001,1,1
18.08.2021 00:25:19.917,0.7254600000000001,0.7253700000000001,1,1
18.08.2021 00:25:24.558,0.7254600000000001,0.72538,1,1.25
18.08.2021 00:25:36.125,0.72548,0.7253700000000001,1,2.44
18.08.2021 00:25:42.109,0.7254600000000001,0.72538,1,1
18.08.2021 00:26:01.849,0.7254600000000001,0.7253700000000001,1,2.44
18.08.2021 00:26:10.704,0.7254600000000001,0.7253700000000001,1,5.01
18.08.2021 00:26:13.248,0.7254700000000001,0.72539,1,1.69
18.08.2021 00:26:13.350,0.72548,0.7254,1,1.69
18.08.2021 00:26:13.642,0.7255100000000001,0.7254200000000001,1,1
18.08.2021 00:26:13.895,0.7255100000000001,0.72543,1,1
18.08.2021 00:26:13.997,0.7255100000000001,0.7254200000000001,1,1.25
18.08.2021 00:26:42.998,0.72552,0.72544,1,1.5
18.08.2021 00:26:43.684,0.7255600000000001,0.7254700000000001,1,1.69
18.08.2021 00:26:43.886,0.72555,0.7254600000000001,1,2.44
18.08.2021 00:26:44.708,0.72554,0.72545,1,1.5
18.08.2021 00:26:55.645,0.7255600000000001,0.7254700000000001,1.12,1.76
18.08.2021 00:26:56.656,0.72554,0.72545,1,2.44
18.08.2021 00:27:07.951,0.72553,0.72545,1,1.69
18.08.2021 00:27:27.687,0.72555,0.72544,1,1.5
18.08.2021 00:27:34.010,0.72554,0.72545,1,4.82
18.08.2021 00:27:34.111,0.72557,0.7254600000000001,1.5,1.69
18.08.2021 00:27:50.500,0.7255600000000001,0.72548,1,1.69
18.08.2021 00:27:50.602,0.72557,0.72548,1,2.44
18.08.2021 00:28:19.725,0.72555,0.7254700000000001,1,1.25
18.08.2021 00:28:19.826,0.72555,0.7254600000000001,1,3.26
18.08.2021 00:28:20.332,0.7255600000000001,0.7254700000000001,3.47,1
18.08.2021 00:28:20.433,0.7255600000000001,0.7254700000000001,4.2,1
18.08.2021 00:28:20.938,0.72557,0.72548,2.32,1
18.08.2021 00:28:37.338,0.72557,0.72549,1,1
18.08.2021 00:28:39.320,0.72559,0.72548,1.5,1.5
18.08.2021 00:28:39.637,0.72559,0.7255,1.5,2.44
18.08.2021 00:28:59.740,0.7256100000000001,0.72554,2.55,1
18.08.2021 00:28:59.791,0.7256300000000001,0.72554,1,1.5
18.08.2021 00:28:59.893,0.72564,0.72555,1.1,1.5
18.08.2021 00:28:59.994,0.72564,0.7255600000000001,1,1
18.08.2021 00:29:00.095,0.72564,0.72555,1,1.5
18.08.2021 00:29:02.587,0.72565,0.72555,1.57,1.5
18.08.2021 00:29:06.121,0.72562,0.72554,1.1,1
18.08.2021 00:29:06.273,0.7256300000000001,0.72554,1,1.5
18.08.2021 00:29:11.719,0.72564,0.72553,1.6,1
18.08.2021 00:29:12.752,0.7256300000000001,0.72552,2.32,1
18.08.2021 00:29:12.854,0.7256,0.7255100000000001,2.44,1
18.08.2021 00:29:29.038,0.72559,0.7255100000000001,1,1
18.08.2021 00:29:31.534,0.7256,0.72549,2.51,1
18.08.2021 00:29:31.635,0.72552,0.72545,1,1
18.08.2021 00:29:31.686,0.72552,0.72543,1.76,1
18.08.2021 00:29:31.838,0.72553,0.72544,1.5,1
18.08.2021 00:29:31.940,0.72553,0.72544,1.25,1
18.08.2021 00:29:32.041,0.72554,0.72545,1.5,1
18.08.2021 00:29:32.193,0.72555,0.7254700000000001,1.87,1
18.08.2021 00:29:32.655,0.7255600000000001,0.7254700000000001,5.51,1
18.08.2021 00:29:32.757,0.72554,0.7254600000000001,1,1
18.08.2021 00:29:32.971,0.72553,0.72544,2.25,2.7
18.08.2021 00:29:33.022,0.7255100000000001,0.7254200000000001,2.62,1.5
18.08.2021 00:29:33.123,0.72549,0.7254100000000001,1,1.7
18.08.2021 00:29:33.225,0.72549,0.7254,1.5,1
18.08.2021 00:29:37.461,0.72549,0.7254,3.51,1
18.08.2021 00:29:37.562,0.72549,0.72539,5.01,1.5
18.08.2021 00:29:39.502,0.72548,0.72539,3.89,1
18.08.2021 00:29:45.158,0.7254700000000001,0.72538,1.69,1
18.08.2021 00:29:51.108,0.7254700000000001,0.72539,1.25,1
18.08.2021 00:29:52.984,0.72548,0.72539,1,1
18.08.2021 00:29:53.085,0.72549,0.7254,1,1
18.08.2021 00:29:56.301,0.72552,0.7254200000000001,1.24,1.5
18.08.2021 00:29:56.403,0.72554,0.72544,4.32,1
18.08.2021 00:29:56.504,0.72554,0.72545,1.5,1
18.08.2021 00:29:57.346,0.72555,0.7254600000000001,1,1
18.08.2021 00:30:17.006,0.72555,0.7254700000000001,1,1
18.08.2021 00:30:17.107,0.72557,0.72548,1.69,1
18.08.2021 00:30:17.209,0.72557,0.72549,1,1
18.08.2021 00:30:25.451,0.72555,0.7254600000000001,1,2.32
18.08.2021 00:30:27.029,0.72557,0.7254700000000001,3.56,1
18.08.2021 00:30:31.789,0.72558,0.72549,2,1
18.08.2021 00:30:31.891,0.72558,0.72549,1.5,1
18.08.2021 00:30:34.961,0.72559,0.72549,3.26,1
18.08.2021 00:30:43.381,0.72558,0.72549,3.94,1
18.08.2021 00:30:50.924,0.72559,0.72549,2.44,1
18.08.2021 00:30:51.026,0.72559,0.7255,1.25,1
18.08.2021 00:31:01.921,0.7256300000000001,0.72554,2.75,1
18.08.2021 00:31:02.123,0.72564,0.72555,1,1
18.08.2021 00:31:02.650,0.7256600000000001,0.72554,1.57,1.5
18.08.2021 00:31:02.701,0.7256600000000001,0.72557,1.2,1.5
18.08.2021 00:31:07.645,0.72565,0.72555,1.1,2.25
18.08.2021 00:31:07.746,0.72564,0.72555,1,1.5
18.08.2021 00:31:10.941,0.72565,0.72555,2.14,1.5
18.08.2021 00:31:11.833,0.72564,0.72555,1,1.5
18.08.2021 00:31:47.964,0.72564,0.72554,1.25,1.5
18.08.2021 00:31:56.426,0.72565,0.72554,1,1
18.08.2021 00:32:02.969,0.72565,0.72555,2.89,1
18.08.2021 00:32:07.279,0.72564,0.72555,1.25,1
18.08.2021 00:32:14.317,0.7256300000000001,0.72554,1,1.5
18.08.2021 00:32:30.868,0.7256600000000001,0.72557,1.25,1
18.08.2021 00:32:31.020,0.72567,0.72558,1.12,1
18.08.2021 00:32:34.996,0.72569,0.72557,1.25,1.5
18.08.2021 00:32:43.815,0.7256600000000001,0.72558,2.7,1
18.08.2021 00:32:43.866,0.72565,0.7255600000000001,1.57,2.32
18.08.2021 00:32:44.018,0.72565,0.72555,2.32,1
18.08.2021 00:32:54.617,0.7256100000000001,0.72552,4.2,1.5
18.08.2021 00:32:54.718,0.72559,0.72549,3,3.45
18.08.2021 00:32:54.769,0.72557,0.7254700000000001,1.1,3.95
18.08.2021 00:32:54.871,0.72555,0.72545,1.57,2.75
18.08.2021 00:32:54.972,0.72554,0.72545,1,2.25
18.08.2021 00:32:56.856,0.72554,0.72544,1.5,1
18.08.2021 00:32:59.454,0.72555,0.7254600000000001,1.12,1
18.08.2021 00:32:59.758,0.7255600000000001,0.7254700000000001,1.69,1
18.08.2021 00:33:24.674,0.72558,0.72549,1.25,1.5
18.08.2021 00:33:24.776,0.72559,0.7255,1,1
18.08.2021 00:33:24.877,0.72558,0.72548,1.25,2.32
18.08.2021 00:33:24.978,0.72558,0.72548,3.25,1
18.08.2021 00:33:25.080,0.72558,0.7254700000000001,1.25,1
18.08.2021 00:33:29.803,0.72558,0.72549,1.69,1
18.08.2021 00:33:31.709,0.72559,0.72549,1.69,1.5
18.08.2021 00:33:33.369,0.72559,0.7255,1.69,1
18.08.2021 00:33:35.303,0.7256100000000001,0.72552,2.24,1
18.08.2021 00:33:35.823,0.7256,0.7255100000000001,1.25,1
18.08.2021 00:33:35.924,0.7256,0.7255,1.76,2.7
18.08.2021 00:33:49.390,0.7256,0.7255100000000001,1.39,1
18.08.2021 00:34:00.933,0.7256,0.72549,1.69,1.5
18.08.2021 00:34:05.717,0.72559,0.7255100000000001,1.25,1
18.08.2021 00:34:06.033,0.7256,0.7255100000000001,1.25,1
18.08.2021 00:34:07.981,0.72559,0.7255,1.25,1.5
18.08.2021 00:34:14.170,0.7256,0.7255100000000001,2.76,1
18.08.2021 00:34:23.173,0.7256,0.72552,2.01,1
18.08.2021 00:34:24.094,0.7256,0.7255100000000001,2.39,1
18.08.2021 00:34:32.966,0.7256100000000001,0.72552,1.45,1
18.08.2021 00:34:33.219,0.7256300000000001,0.72552,2.2,1
18.08.2021 00:34:41.599,0.7256300000000001,0.72553,1.35,1
18.08.2021 00:34:51.814,0.7256300000000001,0.72555,1.25,1
18.08.2021 00:34:51.865,0.72564,0.7255600000000001,1.31,1.2
18.08.2021 00:34:51.916,0.7256800000000001,0.72559,1.25,1.5
18.08.2021 00:34:56.076,0.7256800000000001,0.72559,1.25,1
18.08.2021 00:35:00.034,0.7256800000000001,0.7256,1.25,1
18.08.2021 00:35:03.780,0.72569,0.7256100000000001,1.75,1
18.08.2021 00:35:03.882,0.72569,0.7256100000000001,1.25,1
18.08.2021 00:35:07.547,0.7257,0.72562,1.82,1
18.08.2021 00:35:10.264,0.7257100000000001,0.72562,1.25,1.5
18.08.2021 00:35:10.373,0.72572,0.72562,1.25,1
18.08.2021 00:35:10.475,0.7257300000000001,0.7256300000000001,2.12,2.7
18.08.2021 00:35:10.576,0.72574,0.7256300000000001,2.12,1
18.08.2021 00:35:10.987,0.72574,0.72564,2.5,1.5
18.08.2021 00:35:14.303,0.72574,0.72565,1.75,1.5
18.08.2021 00:35:14.785,0.72575,0.72565,2.87,1.5
18.08.2021 00:35:18.436,0.72575,0.72564,1.25,1.5
18.08.2021 00:35:23.412,0.7257600000000001,0.72564,3.06,1.5
18.08.2021 00:36:23.290,0.7257,0.7256300000000001,1,1
18.08.2021 00:36:23.391,0.72569,0.7256,1.25,2.82
18.08.2021 00:36:23.442,0.7256800000000001,0.7256,1.25,1.5
18.08.2021 00:36:24.855,0.72567,0.72555,3.45,1.5
18.08.2021 00:36:24.906,0.72564,0.72555,1.69,1
18.08.2021 00:36:25.361,0.7256600000000001,0.72555,1.25,1
18.08.2021 00:36:25.462,0.72565,0.72557,1.25,1
18.08.2021 00:36:29.837,0.72567,0.72557,3.14,1.5
18.08.2021 00:36:31.289,0.7256800000000001,0.7255600000000001,2.14,1.5
18.08.2021 00:36:32.151,0.7256600000000001,0.72557,4.64,1
18.08.2021 00:36:32.202,0.72565,0.72555,1.01,2.25
18.08.2021 00:36:32.355,0.7256600000000001,0.72554,3.14,1.5
18.08.2021 00:36:36.998,0.72564,0.72554,1.01,1.5
18.08.2021 00:36:38.307,0.72564,0.72554,2.39,1.5
18.08.2021 00:36:47.572,0.72564,0.72555,1,1
18.08.2021 00:36:47.673,0.72567,0.72557,2.32,1.5
18.08.2021 00:36:47.775,0.7256800000000001,0.7255600000000001,2.51,1.5
18.08.2021 00:36:47.825,0.72565,0.7255600000000001,1,1.5
18.08.2021 00:36:47.927,0.7256600000000001,0.7255600000000001,1,1.5
18.08.2021 00:36:48.474,0.7256600000000001,0.72557,1,1
18.08.2021 00:36:48.677,0.7256800000000001,0.72558,2.89,1
18.08.2021 00:36:48.879,0.72569,0.7256,2.06,1
18.08.2021 00:37:04.966,0.7257100000000001,0.7256100000000001,2.75,1
18.08.2021 00:37:05.117,0.72572,0.7256,1,1.5
18.08.2021 00:37:12.111,0.72572,0.72562,2.14,1
18.08.2021 00:37:13.154,0.7257300000000001,0.7256300000000001,1.76,1
18.08.2021 00:37:14.232,0.7257300000000001,0.72564,1.5,1
18.08.2021 00:37:17.436,0.7257100000000001,0.7256100000000001,6.07,1
18.08.2021 00:37:17.537,0.7257,0.7256,1.1,1.87
18.08.2021 00:37:17.639,0.72569,0.7256,1,1.5
18.08.2021 00:37:17.989,0.72569,0.72558,1,1
18.08.2021 00:37:27.159,0.72565,0.7255600000000001,1.5,1.87
18.08.2021 00:37:27.261,0.72565,0.72553,1,2.37
18.08.2021 00:37:27.362,0.72564,0.72554,2.51,1
18.08.2021 00:37:27.858,0.7256300000000001,0.72554,1.25,1
18.08.2021 00:37:27.909,0.7256100000000001,0.7255100000000001,2.06,3.07
18.08.2021 00:37:28.011,0.7256100000000001,0.72549,2.14,1.5
18.08.2021 00:37:28.493,0.72559,0.72548,1,1.5
18.08.2021 00:37:28.594,0.72558,0.72548,1.01,1.5
18.08.2021 00:37:28.700,0.72557,0.72548,1,1
18.08.2021 00:37:29.763,0.72558,0.72548,1.01,1.5
18.08.2021 00:37:31.024,0.72558,0.72549,1,1
18.08.2021 00:37:40.322,0.7256,0.72548,1,3.94
18.08.2021 00:37:40.423,0.7256100000000001,0.7255100000000001,2.62,1
18.08.2021 00:37:40.525,0.72564,0.72554,2.06,1.5
18.08.2021 00:37:44.823,0.7256600000000001,0.72557,1.5,1
18.08.2021 00:37:44.975,0.7256600000000001,0.72557,1.25,1
18.08.2021 00:37:45.683,0.72567,0.72555,1.76,1.5
18.08.2021 00:37:54.817,0.72565,0.72555,1.01,1.5
18.08.2021 00:37:57.457,0.7256600000000001,0.7255600000000001,1.76,1.5
18.08.2021 00:38:12.764,0.7256600000000001,0.72555,4.64,1.5
18.08.2021 00:38:13.198,0.72565,0.72554,1,1
18.08.2021 00:38:16.161,0.72564,0.72554,1.25,2.25
18.08.2021 00:38:16.262,0.7256300000000001,0.72554,1,1.5
18.08.2021 00:38:19.234,0.72564,0.72554,1.69,1.5
18.08.2021 00:38:19.818,0.72564,0.72553,1.69,1
18.08.2021 00:38:19.920,0.7256300000000001,0.72553,3.26,1
18.08.2021 00:38:20.607,0.7256100000000001,0.7255100000000001,1,1
18.08.2021 00:38:20.709,0.7256,0.7255,1.95,1
18.08.2021 00:38:21.665,0.7256,0.72549,2.7,1
18.08.2021 00:38:22.377,0.72558,0.72548,1,2.25
18.08.2021 00:38:25.521,0.72555,0.72545,1,2.7
18.08.2021 00:38:26.519,0.72554,0.72544,1.01,1
18.08.2021 00:38:54.761,0.72555,0.72544,1,3.19
18.08.2021 00:38:54.862,0.72555,0.7254700000000001,1,1
18.08.2021 00:38:54.963,0.7255600000000001,0.72545,1,1
18.08.2021 00:38:55.064,0.72554,0.7254600000000001,1,1
18.08.2021 00:38:58.269,0.72554,0.72545,1,1.5
18.08.2021 00:39:32.072,0.72553,0.72544,1,1
18.08.2021 00:39:32.173,0.72552,0.72544,1.69,1
18.08.2021 00:39:33.442,0.72553,0.72543,2.06,1.5
18.08.2021 00:39:33.544,0.72553,0.72544,1.31,1
18.08.2021 00:39:33.956,0.72552,0.72544,1.25,1
18.08.2021 00:39:39.028,0.72552,0.72543,1.25,1
18.08.2021 00:40:00.356,0.72553,0.72544,1.25,1
18.08.2021 00:40:02.375,0.72554,0.72544,2.81,1.5
18.08.2021 00:40:02.477,0.72554,0.72545,1.25,1
18.08.2021 00:40:11.452,0.72555,0.72543,1.76,1.5
18.08.2021 00:40:24.362,0.72554,0.72545,1.69,1
18.08.2021 00:40:26.866,0.72555,0.72548,1,1
18.08.2021 00:40:26.967,0.7255600000000001,0.7254700000000001,1.69,1
18.08.2021 00:40:27.069,0.7255600000000001,0.7254700000000001,3.06,1
18.08.2021 00:40:32.482,0.72555,0.7254600000000001,2.06,1
18.08.2021 00:40:32.584,0.72555,0.7254600000000001,3.81,1
18.08.2021 00:40:41.607,0.72554,0.72545,2.89,1
18.08.2021 00:40:41.708,0.72553,0.72545,1,1
18.08.2021 00:40:49.645,0.72554,0.7254600000000001,1.25,1
18.08.2021 00:41:10.620,0.72554,0.72545,1.25,1
18.08.2021 00:41:13.030,0.72553,0.72545,1,1
18.08.2021 00:41:28.046,0.72555,0.72544,1.69,1
18.08.2021 00:41:30.465,0.72553,0.72543,4.26,1
18.08.2021 00:41:33.788,0.72554,0.7254200000000001,4.2,1
18.08.2021 00:41:41.578,0.72552,0.72544,1.1,1
18.08.2021 00:41:41.629,0.7255100000000001,0.7254200000000001,2.25,1
18.08.2021 00:41:41.730,0.7255100000000001,0.72539,4.2,2.7
18.08.2021 00:41:41.933,0.72549,0.7254,1.01,1
18.08.2021 00:41:42.034,0.7254700000000001,0.72538,1.57,1
18.08.2021 00:41:42.136,0.7254700000000001,0.7253700000000001,2.89,1
18.08.2021 00:41:42.827,0.72548,0.7253600000000001,3.57,1
18.08.2021 00:41:42.929,0.7254600000000001,0.7253600000000001,3.9,2.44
18.08.2021 00:41:43.182,0.72545,0.7253600000000001,1,1
18.08.2021 00:41:43.283,0.72545,0.72535,1.5,1.5
18.08.2021 00:41:43.385,0.72545,0.7253600000000001,1,1
18.08.2021 00:41:50.162,0.72545,0.72535,1.87,1.69
18.08.2021 00:41:52.607,0.72543,0.72535,1,1
18.08.2021 00:41:52.709,0.72543,0.72534,1.5,1
18.08.2021 00:41:59.249,0.7254100000000001,0.72532,3.37,1
18.08.2021 00:41:59.637,0.7254200000000001,0.7253100000000001,4.62,1
18.08.2021 00:42:01.287,0.7254100000000001,0.72532,4.57,1
18.08.2021 00:42:03.090,0.72544,0.72533,2.82,1.25
18.08.2021 00:42:03.141,0.7254600000000001,0.7253600000000001,3.75,1
18.08.2021 00:42:03.344,0.7254700000000001,0.72538,1.5,1
18.08.2021 00:42:03.445,0.72548,0.7254,1,1
18.08.2021 00:42:11.473,0.7254700000000001,0.7253700000000001,2.44,1
18.08.2021 00:42:11.574,0.7254600000000001,0.7253600000000001,6,1
18.08.2021 00:42:11.676,0.7254700000000001,0.7253600000000001,3.07,1
18.08.2021 00:42:14.330,0.7254600000000001,0.72538,2.1,1
18.08.2021 00:42:14.592,0.7254600000000001,0.7253700000000001,3.45,1
18.08.2021 00:42:17.935,0.7254600000000001,0.72534,1,1.5
18.08.2021 00:42:29.082,0.7254600000000001,0.7253600000000001,2.21,1.69
18.08.2021 00:42:29.133,0.72549,0.72538,1.5,1
18.08.2021 00:42:29.285,0.72549,0.7254,1.25,1
18.08.2021 00:42:29.386,0.7255,0.7254,2.06,1.5
18.08.2021 00:42:33.819,0.7255100000000001,0.7254100000000001,1.31,1
18.08.2021 00:42:33.920,0.7255100000000001,0.7254200000000001,3.67,1
18.08.2021 00:42:38.085,0.72553,0.72543,3.56,1
18.08.2021 00:42:38.186,0.72554,0.72544,2,1.5
18.08.2021 00:42:38.288,0.72554,0.72545,1,1
18.08.2021 00:42:38.490,0.72553,0.72545,2.25,1
18.08.2021 00:42:38.541,0.7255100000000001,0.7254200000000001,1.1,1.5
18.08.2021 00:42:38.642,0.7255100000000001,0.7254100000000001,1.57,1.5
18.08.2021 00:42:48.322,0.72549,0.7254,1,1.5
18.08.2021 00:42:48.773,0.7255,0.7254,1.31,1.5
18.08.2021 00:42:48.874,0.7255,0.72539,1,1.5
18.08.2021 00:42:59.850,0.7255,0.7254100000000001,1.12,1
18.08.2021 00:43:04.575,0.72553,0.72543,2.05,1.01
18.08.2021 00:43:04.626,0.72555,0.7254600000000001,1.57,1.5
18.08.2021 00:43:04.830,0.72554,0.7254600000000001,1,1
18.08.2021 00:43:05.193,0.72555,0.7254600000000001,3.82,1.5
18.08.2021 00:43:05.834,0.72555,0.72545,3.82,1
18.08.2021 00:43:10.248,0.72554,0.72543,1,1.5
18.08.2021 00:43:17.143,0.72552,0.72544,1.5,1
18.08.2021 00:43:17.194,0.7255,0.7254100000000001,1,1.5
18.08.2021 00:43:26.489,0.7255,0.72538,1,1.69
18.08.2021 00:43:32.384,0.72549,0.7254,1,1
18.08.2021 00:43:40.830,0.7254600000000001,0.7253700000000001,1,2.44
18.08.2021 00:43:41.378,0.72544,0.7253600000000001,1,8.4
18.08.2021 00:43:41.480,0.72545,0.7253600000000001,1,1.12
18.08.2021 00:43:41.581,0.72545,0.72535,1.87,1
18.08.2021 00:43:42.002,0.72544,0.72534,1,1.69
18.08.2021 00:43:43.538,0.72544,0.72535,1.12,1
18.08.2021 00:43:44.582,0.72544,0.72534,1.12,1.69
18.08.2021 00:43:47.721,0.7254,0.72533,1,1
18.08.2021 00:43:50.322,0.7254100000000001,0.72534,1,1.69
18.08.2021 00:43:59.850,0.7254,0.72533,1,1
18.08.2021 00:44:02.334,0.7254100000000001,0.72534,1,1.69
18.08.2021 00:44:02.485,0.7254,0.72533,1,1
18.08.2021 00:44:02.587,0.7254100000000001,0.72534,1,1.69
18.08.2021 00:44:07.243,0.72543,0.72533,1,1.25
18.08.2021 00:44:07.649,0.72543,0.7253600000000001,1,1
18.08.2021 00:44:11.621,0.7254200000000001,0.72534,1,1.25
18.08.2021 00:44:11.899,0.7254100000000001,0.72534,1,1.69
18.08.2021 00:44:12.754,0.7254,0.72533,1,2.25
18.08.2021 00:44:17.249,0.7254,0.7253100000000001,1,1
18.08.2021 00:44:17.350,0.72538,0.7253100000000001,1,1.69
18.08.2021 00:44:17.458,0.7253700000000001,0.7253000000000001,1,1.25
18.08.2021 00:44:17.879,0.7254,0.72532,1,1.25
18.08.2021 00:44:17.981,0.7254,0.7253100000000001,1,1.5
18.08.2021 00:44:24.536,0.72538,0.7253100000000001,1,1
18.08.2021 00:44:28.007,0.7253700000000001,0.7253000000000001,1,1.69
18.08.2021 00:44:31.107,0.72538,0.7253000000000001,1,1.69
18.08.2021 00:44:31.510,0.7253700000000001,0.7253000000000001,1,1.69
18.08.2021 00:44:49.590,0.72538,0.72528,1,1.69
18.08.2021 00:44:55.748,0.72535,0.72528,1.5,1
18.08.2021 00:44:55.799,0.72534,0.72526,1,1
18.08.2021 00:44:55.900,0.72533,0.7252500000000001,1,2.06
18.08.2021 00:44:57.127,0.72534,0.72526,1,1.25
18.08.2021 00:44:57.228,0.72535,0.72526,1,1.69
18.08.2021 00:44:57.279,0.7253700000000001,0.72528,1.7,3.19
18.08.2021 00:44:57.380,0.7253700000000001,0.72529,1,1
18.08.2021 00:44:58.730,0.72538,0.72529,1,1.69
18.08.2021 00:44:58.831,0.7253700000000001,0.72529,1.5,1
18.08.2021 00:44:58.932,0.7253600000000001,0.72528,1,1
18.08.2021 00:45:07.546,0.7253700000000001,0.72529,1,1
18.08.2021 00:45:11.110,0.7253700000000001,0.72528,1,2.44
18.08.2021 00:45:13.121,0.7253700000000001,0.72526,1,1
18.08.2021 00:45:17.567,0.72534,0.72526,1,2.44
18.08.2021 00:45:24.815,0.72535,0.72526,1.5,1
18.08.2021 00:45:24.956,0.7253600000000001,0.72524,1.5,2.44
18.08.2021 00:45:26.118,0.72535,0.72526,1.5,1
18.08.2021 00:45:35.812,0.72534,0.7252500000000001,1,1.5
18.08.2021 00:45:36.119,0.7253700000000001,0.72528,1.5,1.69
18.08.2021 00:45:36.169,0.72538,0.72529,1,1.5
18.08.2021 00:45:36.271,0.7254,0.7253000000000001,1.12,1
18.08.2021 00:45:36.372,0.7254100000000001,0.72532,1.1,1
18.08.2021 00:45:36.473,0.7254200000000001,0.72532,1.95,1.69
18.08.2021 00:45:36.575,0.7254200000000001,0.72533,1.5,1
18.08.2021 00:45:36.915,0.7254200000000001,0.72534,1,1.5
18.08.2021 00:45:37.214,0.72543,0.72532,1.57,1.5
18.08.2021 00:45:39.770,0.7254100000000001,0.72533,1,1
18.08.2021 00:45:41.317,0.7254100000000001,0.7253100000000001,2.25,1
18.08.2021 00:45:41.368,0.72539,0.72528,1,1.87
18.08.2021 00:45:42.999,0.7253700000000001,0.72528,1.57,1
18.08.2021 00:45:44.205,0.7253700000000001,0.72527,1.5,2.44
18.08.2021 00:45:45.419,0.7253600000000001,0.72527,1.5,1
18.08.2021 00:45:51.762,0.7253600000000001,0.7252500000000001,1.57,1
18.08.2021 00:45:52.015,0.72534,0.72523,1,1.69
18.08.2021 00:45:58.705,0.72534,0.72526,1.87,1
18.08.2021 00:46:00.240,0.7253600000000001,0.72527,1.95,1
18.08.2021 00:46:00.654,0.7253700000000001,0.72528,1.1,1
18.08.2021 00:46:04.521,0.7253700000000001,0.72527,3.07,1.5
18.08.2021 00:46:05.140,0.7253700000000001,0.72528,1,1.5
18.08.2021 00:46:05.666,0.72538,0.72528,1,1.69
18.08.2021 00:46:05.718,0.72539,0.7253000000000001,1,1.25
18.08.2021 00:46:05.869,0.7254,0.7253000000000001,1.95,1.69
18.08.2021 00:46:06.071,0.7254100000000001,0.7253100000000001,3.56,1.69
18.08.2021 00:46:06.173,0.72543,0.72534,1.57,1
18.08.2021 00:46:11.618,0.72544,0.72532,1.57,1.95
18.08.2021 00:46:13.642,0.72544,0.72533,1.57,1.57
18.08.2021 00:46:13.743,0.7254600000000001,0.7253600000000001,4.32,1.5
18.08.2021 00:46:13.844,0.7254600000000001,0.7253700000000001,1.6,1
18.08.2021 00:46:13.945,0.7254600000000001,0.7253700000000001,1.1,1
18.08.2021 00:46:14.047,0.72548,0.7253600000000001,1.5,1.5
18.08.2021 00:46:15.941,0.7254700000000001,0.72538,1,1
18.08.2021 00:46:18.512,0.7255,0.7254,5.35,1.5
18.08.2021 00:46:18.613,0.72552,0.72543,1,4.01
18.08.2021 00:46:18.715,0.72555,0.72543,4.51,1.5
18.08.2021 00:46:18.816,0.72553,0.72544,1.39,1
18.08.2021 00:46:18.968,0.72555,0.72544,2.26,1
18.08.2021 00:46:19.119,0.72554,0.72545,2.14,1
18.08.2021 00:46:19.420,0.72555,0.7254600000000001,1.97,1
18.08.2021 00:46:21.971,0.72555,0.7254600000000001,1.1,1
18.08.2021 00:46:24.091,0.72559,0.7255,1.25,1
18.08.2021 00:46:24.193,0.7256100000000001,0.7255,5.96,1.31
18.08.2021 00:46:24.294,0.7256100000000001,0.72552,5.84,1
18.08.2021 00:46:29.977,0.7256300000000001,0.72553,4.01,1
18.08.2021 00:46:30.028,0.72565,0.72554,2.19,1
18.08.2021 00:46:30.179,0.72564,0.7255600000000001,1,1
18.08.2021 00:46:30.873,0.7256600000000001,0.72558,1.2,1.5
18.08.2021 00:46:31.024,0.7256800000000001,0.72559,1,1.95
18.08.2021 00:46:31.126,0.72569,0.7256100000000001,1.12,1
18.08.2021 00:46:31.277,0.7257100000000001,0.7256,1.57,1
18.08.2021 00:46:32.004,0.7257,0.72562,1.1,1
18.08.2021 00:46:33.489,0.7257100000000001,0.7256,1.1,1
18.08.2021 00:46:33.591,0.7257100000000001,0.7256100000000001,1.1,1
18.08.2021 00:46:41.649,0.7257100000000001,0.7256100000000001,6.4,1.5
18.08.2021 00:46:41.979,0.7257,0.7256,1.57,1
18.08.2021 00:46:42.080,0.72569,0.7256,1.6,1.5
18.08.2021 00:46:44.837,0.72569,0.7256,1.95,1.5
18.08.2021 00:47:00.552,0.7256800000000001,0.72559,1.1,1.69
18.08.2021 00:47:02.442,0.7256600000000001,0.72557,1,2.51
18.08.2021 00:47:02.544,0.72565,0.72554,1,2.75
18.08.2021 00:47:03.262,0.72564,0.72555,1.57,1.5
18.08.2021 00:47:10.514,0.72564,0.72554,1.76,1.5
18.08.2021 00:47:10.616,0.72559,0.7255,1.35,1
18.08.2021 00:47:10.717,0.7256,0.72549,1,1.25
18.08.2021 00:47:10.818,0.7256100000000001,0.72549,1.57,1.69
18.08.2021 00:47:11.319,0.72559,0.7255,1,1.5
18.08.2021 00:47:13.456,0.72554,0.7254600000000001,1,1.25
18.08.2021 00:47:13.507,0.72553,0.72544,1,3.19
18.08.2021 00:47:13.658,0.72554,0.72545,1,1
18.08.2021 00:47:13.860,0.72555,0.72543,1.1,2.44
18.08.2021 00:47:14.163,0.72554,0.72543,1,1.25
18.08.2021 00:47:35.051,0.72555,0.72545,2.7,3.25
18.08.2021 00:47:35.153,0.72559,0.72549,2.4,1.69
18.08.2021 00:47:35.254,0.72559,0.7255,1.65,1.5
18.08.2021 00:47:49.920,0.72558,0.72549,1.6,1
18.08.2021 00:47:50.021,0.72557,0.72548,1.57,1
18.08.2021 00:47:53.478,0.7255600000000001,0.7254700000000001,1,1.69
18.08.2021 00:47:57.239,0.72558,0.7254600000000001,1.1,1.69
18.08.2021 00:48:02.938,0.72557,0.72548,2.35,1
18.08.2021 00:48:11.747,0.72558,0.7254700000000001,1.1,1
18.08.2021 00:48:12.911,0.72557,0.72548,1.6,1
18.08.2021 00:48:13.012,0.72557,0.7254600000000001,3.55,1
18.08.2021 00:48:13.514,0.72557,0.72545,5.05,1
18.08.2021 00:48:21.665,0.72554,0.72545,1,3.19
18.08.2021 00:48:25.409,0.7255600000000001,0.72544,1.95,1.5
18.08.2021 00:48:25.562,0.72555,0.7254700000000001,1.2,1
18.08.2021 00:48:25.816,0.7255600000000001,0.7254700000000001,1.1,1
18.08.2021 00:48:26.136,0.72557,0.72548,1.2,1
18.08.2021 00:48:26.238,0.7256,0.72548,1.77,2.44
18.08.2021 00:48:26.340,0.72559,0.7255,1,1
18.08.2021 00:48:26.442,0.7256,0.7255100000000001,1.95,1
18.08.2021 00:48:27.036,0.72559,0.72549,1.1,2.44
18.08.2021 00:48:27.138,0.72559,0.7255,1.1,1
18.08.2021 00:48:29.582,0.7256,0.7255100000000001,1.57,1
18.08.2021 00:48:31.849,0.72562,0.72554,1.1,1
18.08.2021 00:48:31.950,0.72564,0.72555,2.15,1
18.08.2021 00:48:32.052,0.72565,0.72554,1.1,1
18.08.2021 00:48:32.255,0.72565,0.72557,2.32,1
18.08.2021 00:48:36.285,0.72565,0.7255600000000001,1.57,1
18.08.2021 00:48:37.205,0.72565,0.72554,1,1.69
18.08.2021 00:48:42.531,0.72565,0.7255600000000001,1.57,1
18.08.2021 00:48:42.683,0.72564,0.72555,1,1.69
18.08.2021 00:48:44.530,0.72565,0.7255600000000001,1.57,1
18.08.2021 00:48:48.468,0.72564,0.72555,1,2.44
18.08.2021 00:48:49.489,0.7256300000000001,0.72555,1.1,1
18.08.2021 00:48:50.056,0.72564,0.72555,1.65,1
18.08.2021 00:48:54.118,0.7256300000000001,0.72553,1,1
18.08.2021 00:48:54.347,0.72562,0.72553,1,1
18.08.2021 00:48:55.618,0.72564,0.72555,2.4,1
18.08.2021 00:48:57.762,0.7256300000000001,0.72555,1,1
18.08.2021 00:48:59.528,0.72564,0.72555,1.1,1
18.08.2021 00:49:00.366,0.72564,0.7255600000000001,1,1.25
18.08.2021 00:49:00.467,0.72567,0.72558,1.5,2.44
18.08.2021 00:49:00.568,0.7256800000000001,0.72559,1,1
18.08.2021 00:49:00.771,0.7256800000000001,0.7256,1,1.25
18.08.2021 00:49:00.923,0.72569,0.7256,1,1.69
18.08.2021 00:49:27.108,0.7256800000000001,0.72559,1,1.25
18.08.2021 00:49:33.179,0.7256600000000001,0.72555,1.1,2.44
18.08.2021 00:49:33.281,0.72564,0.72555,1,1.87
18.08.2021 00:49:33.433,0.7256300000000001,0.72554,1.12,1
18.08.2021 00:49:36.994,0.7256300000000001,0.72552,1,2.44
18.08.2021 00:49:39.592,0.72564,0.72555,2.62,1
18.08.2021 00:49:40.051,0.7256300000000001,0.72555,1.1,1
18.08.2021 00:49:40.253,0.72565,0.72554,1.5,1
18.08.2021 00:49:40.354,0.72564,0.72555,2,1
18.08.2021 00:49:43.877,0.7256300000000001,0.72554,1.65,1
18.08.2021 00:49:58.116,0.72562,0.72554,1.46,1
18.08.2021 00:49:58.166,0.7256,0.7255100000000001,1.1,1.12
18.08.2021 00:49:59.833,0.72562,0.72553,2.77,1.5
18.08.2021 00:50:12.886,0.72562,0.7255100000000001,3.36,1
18.08.2021 00:50:12.988,0.7256,0.7255100000000001,1.1,1
18.08.2021 00:50:13.140,0.7256100000000001,0.72552,3.74,1
18.08.2021 00:50:13.242,0.7256100000000001,0.72552,3.64,1
18.08.2021 00:50:18.108,0.7256300000000001,0.72552,1.57,1
18.08.2021 00:50:28.595,0.7256100000000001,0.72552,1.1,1
18.08.2021 00:50:40.844,0.7256300000000001,0.72552,1.5,1.5
18.08.2021 00:50:40.946,0.7256300000000001,0.72554,1,2.44
18.08.2021 00:50:41.048,0.7256800000000001,0.72559,1.12,1.25
18.08.2021 00:50:41.250,0.7257100000000001,0.7256,1.95,1
18.08.2021 00:50:43.772,0.7257,0.7256,1.57,2.44
18.08.2021 00:51:00.268,0.7257,0.72559,1,1.69
18.08.2021 00:51:04.998,0.7257,0.7256100000000001,2.7,1
18.08.2021 00:51:08.166,0.72569,0.7256,1,1
18.08.2021 00:51:13.799,0.7257,0.7256100000000001,2.32,1
18.08.2021 00:51:13.901,0.72572,0.7256100000000001,4.87,3.94
18.08.2021 00:51:14.002,0.7257300000000001,0.72564,2.17,1
18.08.2021 00:51:14.103,0.7257300000000001,0.72564,1.57,1
18.08.2021 00:51:14.442,0.72572,0.72564,1,1
18.08.2021 00:51:16.640,0.72572,0.7256300000000001,1.57,1
18.08.2021 00:51:17.845,0.7257300000000001,0.72565,1.1,1
18.08.2021 00:51:23.784,0.72574,0.7256300000000001,1.1,1.5
18.08.2021 00:51:24.424,0.7257100000000001,0.72562,3.71,1
18.08.2021 00:51:24.525,0.7257,0.7256100000000001,1.57,1.12
18.08.2021 00:51:25.447,0.7256800000000001,0.7256,1,1
18.08.2021 00:51:25.548,0.7256800000000001,0.72559,1.1,1.5
18.08.2021 00:51:26.592,0.72567,0.72559,1,1
18.08.2021 00:51:26.694,0.7256600000000001,0.72558,3,1
18.08.2021 00:51:26.795,0.7256600000000001,0.72557,1,1
18.08.2021 00:51:28.652,0.7256600000000001,0.7255600000000001,1.1,1.25
18.08.2021 00:51:28.804,0.7256600000000001,0.72557,1,1.69
18.08.2021 00:51:28.905,0.72567,0.72558,1.95,1
18.08.2021 00:51:29.006,0.72567,0.7255600000000001,1.1,1
18.08.2021 00:51:40.838,0.7256600000000001,0.7255600000000001,1,3.19
18.08.2021 00:51:41.372,0.72565,0.7255600000000001,1,1
18.08.2021 00:51:41.473,0.72564,0.72555,1,1.5
18.08.2021 00:51:41.574,0.72565,0.72554,1,4.26
18.08.2021 00:51:41.676,0.72565,0.7255600000000001,1.2,1.69
18.08.2021 00:51:42.283,0.7256600000000001,0.72558,1,1
18.08.2021 00:51:43.314,0.72565,0.72554,1,2.06
18.08.2021 00:51:43.516,0.72565,0.72554,1,3.25
18.08.2021 00:51:43.617,0.7256300000000001,0.72555,1,1.69
18.08.2021 00:51:45.786,0.7256300000000001,0.72554,1,2.44
18.08.2021 00:51:47.034,0.72562,0.72553,2.32,1
18.08.2021 00:51:47.085,0.72559,0.7255100000000001,1,1.31
18.08.2021 00:51:47.240,0.7256,0.72549,1,1.69
18.08.2021 00:51:47.925,0.72557,0.7255,1,1
18.08.2021 00:51:48.608,0.72557,0.72548,1,3.19
18.08.2021 00:51:59.223,0.72557,0.72549,1,1
18.08.2021 00:51:59.325,0.72559,0.7255,1,1.5
18.08.2021 00:52:00.121,0.7256300000000001,0.7255100000000001,2.57,2.25
18.08.2021 00:52:00.222,0.72562,0.72552,2.77,2.25
18.08.2021 00:52:00.560,0.72562,0.72553,2.32,1
18.08.2021 00:52:03.251,0.7256,0.7255,1,1.12
18.08.2021 00:52:03.352,0.72557,0.72548,1,2.62
18.08.2021 00:52:03.453,0.72557,0.7254600000000001,1,1
18.08.2021 00:52:04.842,0.72555,0.7254600000000001,1,1.69
18.08.2021 00:52:04.944,0.7255600000000001,0.7254700000000001,1.2,1
18.08.2021 00:52:08.420,0.72559,0.72548,1.57,1.69
18.08.2021 00:52:10.644,0.72557,0.72548,1,1
18.08.2021 00:52:10.745,0.7255600000000001,0.72545,1.57,1
18.08.2021 00:52:15.688,0.72557,0.7254700000000001,2.15,1.5
18.08.2021 00:52:15.991,0.72555,0.7254600000000001,1,1.5
18.08.2021 00:52:19.612,0.72554,0.72545,1,1.5
18.08.2021 00:52:53.864,0.72554,0.72544,1.57,1.69
18.08.2021 00:52:53.967,0.72552,0.7254200000000001,3.26,1.12
18.08.2021 00:52:54.069,0.7255100000000001,0.7254200000000001,1,1
18.08.2021 00:52:55.599,0.72552,0.7254200000000001,4.09,1
18.08.2021 00:52:56.773,0.72552,0.72543,2.96,1
18.08.2021 00:53:00.950,0.72552,0.7254200000000001,3.34,1
18.08.2021 00:53:02.402,0.72552,0.72543,3.34,1
18.08.2021 00:53:04.488,0.72552,0.72544,1,1
18.08.2021 00:53:04.590,0.72553,0.72545,1.1,1
18.08.2021 00:53:04.691,0.72554,0.7254600000000001,1.1,1
18.08.2021 00:53:04.792,0.72553,0.72544,1.12,1
18.08.2021 00:53:04.893,0.72555,0.72543,4.09,1
18.08.2021 00:53:05.146,0.72552,0.72544,1.5,1
18.08.2021 00:53:05.247,0.72553,0.72543,3.11,1
18.08.2021 00:53:06.332,0.7255,0.7254200000000001,1.1,1
18.08.2021 00:53:06.536,0.7255,0.7254100000000001,1,1
18.08.2021 00:53:08.004,0.72549,0.7254,1,1.5
18.08.2021 00:53:12.150,0.7255,0.7254,3.64,1
18.08.2021 00:53:12.607,0.72549,0.72539,1.1,2.25
18.08.2021 00:53:15.189,0.72548,0.7254,2.44,1
18.08.2021 00:53:15.240,0.7254700000000001,0.72538,1,1
18.08.2021 00:53:15.291,0.72545,0.72534,1,1.5
18.08.2021 00:53:15.494,0.7254600000000001,0.72535,1.6,1.5
18.08.2021 00:53:15.596,0.7254600000000001,0.72538,1,1.5
18.08.2021 00:53:15.698,0.7255,0.72539,1.7,1.5
18.08.2021 00:53:15.800,0.7255,0.72539,1,1.5
18.08.2021 00:53:16.460,0.7255100000000001,0.72539,2.59,1.5
18.08.2021 00:53:16.561,0.72549,0.7254,1.39,1.5
18.08.2021 00:53:28.168,0.72548,0.7254,1,1
18.08.2021 00:53:29.756,0.72549,0.7254,2.77,1
18.08.2021 00:53:30.442,0.72544,0.72535,2.25,8.85
18.08.2021 00:53:30.543,0.7254200000000001,0.72533,3.26,1
18.08.2021 00:53:35.776,0.7254200000000001,0.72532,2.14,1
18.08.2021 00:53:37.646,0.72539,0.7253100000000001,1,1
18.08.2021 00:53:37.747,0.7254,0.72529,1,1.5
18.08.2021 00:53:38.693,0.7254,0.7253000000000001,1.95,1.5
18.08.2021 00:53:41.661,0.72539,0.7253000000000001,1,1.5
18.08.2021 00:53:45.637,0.72538,0.7253000000000001,1.69,1.5
18.08.2021 00:53:45.738,0.7253700000000001,0.72528,1,1.5
18.08.2021 00:53:46.048,0.72539,0.72527,1.57,1.5
18.08.2021 00:53:47.089,0.7253600000000001,0.72528,3.64,1
18.08.2021 00:53:47.139,0.72535,0.72526,1.76,1
18.08.2021 00:53:47.241,0.7253600000000001,0.72524,1.57,3.19
18.08.2021 00:53:47.653,0.7253600000000001,0.72527,1.95,1
18.08.2021 00:53:47.754,0.72538,0.72527,1.7,1
18.08.2021 00:53:47.855,0.7253700000000001,0.72528,1,1.5
18.08.2021 00:53:51.217,0.72538,0.72529,1,1.5
18.08.2021 00:53:51.318,0.72539,0.7253000000000001,2.59,1
18.08.2021 00:53:55.176,0.72538,0.72529,1,1.5
18.08.2021 00:54:00.772,0.72535,0.72527,1.5,1
18.08.2021 00:54:00.874,0.72532,0.72524,1,1.5
18.08.2021 00:54:00.975,0.72533,0.72524,1,1.5
18.08.2021 00:54:01.317,0.7253700000000001,0.72527,2,2.81
18.08.2021 00:54:01.418,0.72538,0.72529,1.5,1.69
18.08.2021 00:54:01.520,0.72538,0.72529,1,1.69
18.08.2021 00:54:01.623,0.7254,0.7253000000000001,1,1
18.08.2021 00:54:02.136,0.72539,0.7253000000000001,1,1.25
18.08.2021 00:54:04.263,0.7254100000000001,0.72532,1,1.69
18.08.2021 00:54:04.364,0.7254200000000001,0.72532,1.95,2.44
18.08.2021 00:54:04.465,0.72543,0.72532,1,1.69
18.08.2021 00:54:04.567,0.7254200000000001,0.7253100000000001,1,1
18.08.2021 00:54:05.523,0.7254200000000001,0.72533,1,1.69
18.08.2021 00:54:05.624,0.72543,0.72534,1,2.44
18.08.2021 00:54:11.042,0.7254200000000001,0.72534,1,1
18.08.2021 00:54:12.445,0.7254100000000001,0.72532,1,1
18.08.2021 00:54:12.496,0.7254100000000001,0.72529,1,2.81
18.08.2021 00:54:12.597,0.72539,0.7253000000000001,1,2.06
18.08.2021 00:54:14.663,0.7254,0.7253000000000001,1,2.44
18.08.2021 00:54:15.843,0.72538,0.7253000000000001,1.35,1
18.08.2021 00:54:15.944,0.72534,0.72524,1,4.81
18.08.2021 00:54:16.046,0.7253600000000001,0.72523,1.25,4.06
18.08.2021 00:54:16.097,0.72534,0.7252500000000001,1,1.25
18.08.2021 00:54:17.312,0.72534,0.72524,1,3.19
18.08.2021 00:54:17.413,0.72533,0.72523,1.2,3.19
18.08.2021 00:54:18.567,0.72533,0.72524,1,2.44
18.08.2021 00:54:20.004,0.72532,0.72524,1,1
18.08.2021 00:54:20.695,0.72532,0.72523,1,3.19
18.08.2021 00:54:22.576,0.7253100000000001,0.72521,1,1.5
18.08.2021 00:54:23.015,0.7253000000000001,0.72521,1,1.5
18.08.2021 00:54:24.182,0.7253100000000001,0.72521,1.12,1.5
18.08.2021 00:54:24.509,0.72529,0.7252000000000001,1,1.5
18.08.2021 00:54:25.179,0.7253000000000001,0.72521,1,1
18.08.2021 00:54:25.771,0.7253000000000001,0.72519,1,1.5
18.08.2021 00:54:28.375,0.72528,0.72519,1.69,1
18.08.2021 00:54:28.477,0.7252500000000001,0.7251500000000001,1.69,2.75
18.08.2021 00:54:28.528,0.72524,0.7251500000000001,1,1.5
18.08.2021 00:54:30.444,0.72526,0.72514,1,2.25
18.08.2021 00:54:30.545,0.7252500000000001,0.72516,1,1.5
18.08.2021 00:54:30.646,0.72526,0.72516,2.81,1.5
18.08.2021 00:54:30.798,0.7252500000000001,0.72517,1,1
18.08.2021 00:54:30.849,0.72522,0.72514,1.69,7.2
18.08.2021 00:54:30.951,0.72522,0.72513,1,1.5
18.08.2021 00:54:32.029,0.72524,0.72513,1.25,1
18.08.2021 00:54:33.403,0.72523,0.72513,1.25,1.5
18.08.2021 00:54:34.079,0.72523,0.72514,1,1.5
18.08.2021 00:54:34.180,0.72524,0.7251500000000001,1.12,1
18.08.2021 00:54:36.464,0.72522,0.7251500000000001,1,1
18.08.2021 00:54:36.515,0.7252000000000001,0.72511,1,1
18.08.2021 00:54:36.616,0.72519,0.72511,1,1
18.08.2021 00:54:36.834,0.72522,0.72513,2.94,1
18.08.2021 00:54:36.935,0.72523,0.72514,1.5,1
18.08.2021 00:54:37.087,0.72524,0.72514,1.87,1.5
18.08.2021 00:54:37.188,0.72524,0.7251500000000001,1.12,1.5
18.08.2021 00:54:37.290,0.72528,0.72518,1.31,1.5
18.08.2021 00:54:37.392,0.72529,0.72519,2.19,1.5
18.08.2021 00:54:37.509,0.72529,0.72519,1.69,1.5
18.08.2021 00:54:38.273,0.72529,0.7252000000000001,1,1
18.08.2021 00:54:39.828,0.72529,0.72518,1,1
18.08.2021 00:54:40.081,0.72529,0.72519,2.06,1.5
18.08.2021 00:54:41.037,0.72528,0.72519,1.25,1
18.08.2021 00:54:41.138,0.72529,0.72517,1.25,1.5
18.08.2021 00:54:42.421,0.72529,0.72519,2.06,1
18.08.2021 00:54:42.980,0.72528,0.72519,1,1
18.08.2021 00:54:43.081,0.72529,0.72519,3.56,1
18.08.2021 00:54:44.871,0.72528,0.72519,1.69,1
18.08.2021 00:54:44.972,0.72527,0.72518,1,1
18.08.2021 00:54:45.677,0.72523,0.72517,1,1
18.08.2021 00:54:45.728,0.72522,0.72512,1.69,1.5
18.08.2021 00:54:45.829,0.72521,0.7251000000000001,1,1.5
18.08.2021 00:54:45.880,0.72521,0.72513,1,1
18.08.2021 00:54:48.114,0.72521,0.72512,1,2.25
18.08.2021 00:54:48.510,0.72523,0.72514,1,1.5
18.08.2021 00:54:49.907,0.72524,0.72514,1.5,1.69
18.08.2021 00:54:50.018,0.7252500000000001,0.72514,1.5,1
18.08.2021 00:54:50.119,0.72527,0.7251500000000001,5.36,1
18.08.2021 00:54:50.221,0.72527,0.72517,1.12,1.5
18.08.2021 00:54:50.373,0.7252500000000001,0.72516,1,1.5
18.08.2021 00:54:50.474,0.72524,0.7251500000000001,1,1.87
18.08.2021 00:54:55.181,0.72521,0.72511,1.5,8.14
18.08.2021 00:54:55.284,0.72519,0.7251000000000001,1.5,2
18.08.2021 00:54:55.385,0.7252000000000001,0.72509,1,1.5
18.08.2021 00:54:55.487,0.7252000000000001,0.7251000000000001,1.12,1.69
18.08.2021 00:54:55.588,0.72522,0.72512,1,1
18.08.2021 00:54:56.422,0.72522,0.72513,1,1.69
18.08.2021 00:54:56.889,0.72523,0.72514,1,1
18.08.2021 00:54:56.990,0.72522,0.72513,1,1
18.08.2021 00:54:59.115,0.72523,0.72513,1,1.69
18.08.2021 00:54:59.216,0.72523,0.72514,1,1.5
18.08.2021 00:54:59.826,0.72522,0.72513,1,1.5
18.08.2021 00:55:00.079,0.72524,0.72512,1,1.69
18.08.2021 00:55:00.181,0.72524,0.72514,1.12,1.5
18.08.2021 00:55:00.333,0.72524,0.72513,1,1.5
18.08.2021 00:55:00.434,0.72522,0.7251000000000001,1.5,2.69
18.08.2021 00:55:00.586,0.7252000000000001,0.72511,1,1
18.08.2021 00:55:00.687,0.72521,0.72511,1.12,1.5
18.08.2021 00:55:00.789,0.7252000000000001,0.72512,2.25,1
18.08.2021 00:55:00.839,0.72519,0.7251000000000001,3.37,1
18.08.2021 00:55:00.890,0.72516,0.72507,1.5,2.25
18.08.2021 00:55:00.991,0.72516,0.72506,1,3.21
18.08.2021 00:55:01.093,0.72517,0.72506,1,1
18.08.2021 00:55:02.201,0.72517,0.72507,1.12,1
18.08.2021 00:55:03.522,0.72519,0.72507,1.5,1.69
18.08.2021 00:55:03.573,0.7252000000000001,0.7250800000000001,1.5,1
18.08.2021 00:55:07.852,0.72518,0.72509,1,1
18.08.2021 00:55:08.144,0.72519,0.72509,1.5,1
18.08.2021 00:55:08.518,0.72518,0.72509,1,1
18.08.2021 00:55:09.571,0.7252000000000001,0.7250800000000001,1.5,1
18.08.2021 00:55:09.924,0.72519,0.7250800000000001,1,1
18.08.2021 00:55:10.076,0.7252000000000001,0.7250800000000001,1.87,1
18.08.2021 00:55:10.429,0.72519,0.7250800000000001,1,1
18.08.2021 00:55:10.672,0.7252000000000001,0.7250800000000001,1.5,1
18.08.2021 00:55:10.975,0.72519,0.72507,1,3.56
18.08.2021 00:55:12.372,0.72518,0.72507,1,1.5
18.08.2021 00:55:12.577,0.72518,0.7250800000000001,1.87,1
18.08.2021 00:55:14.267,0.72519,0.7250800000000001,1,1
18.08.2021 00:55:15.498,0.72519,0.72509,1.5,1.25
18.08.2021 00:55:16.630,0.7252000000000001,0.72511,1.12,1.57
18.08.2021 00:55:16.732,0.72522,0.72512,2,1.5
18.08.2021 00:55:16.834,0.72523,0.72513,1.12,3.56
18.08.2021 00:55:16.936,0.72524,0.72514,2,1.87
18.08.2021 00:55:17.038,0.7252500000000001,0.72513,2.06,1.5
18.08.2021 00:55:17.140,0.72524,0.72512,1.69,1.5
18.08.2021 00:55:17.241,0.72522,0.72513,1,1.5
18.08.2021 00:55:18.558,0.72523,0.72512,1.94,1
18.08.2021 00:55:20.901,0.72522,0.72513,1.69,1
18.08.2021 00:55:23.508,0.72526,0.7251500000000001,1.69,1.5
18.08.2021 00:55:25.549,0.72526,0.72517,1.25,1
18.08.2021 00:55:26.193,0.72527,0.72518,1.69,1.5
18.08.2021 00:55:26.294,0.72529,0.7252000000000001,2.19,1
18.08.2021 00:55:26.395,0.7253000000000001,0.72519,1.69,1
18.08.2021 00:55:26.547,0.7253000000000001,0.72518,1.69,1
18.08.2021 00:55:26.649,0.72528,0.72518,1.69,2.62
18.08.2021 00:55:26.801,0.72528,0.72517,1.25,1.5
18.08.2021 00:55:26.902,0.72526,0.72518,1,1
18.08.2021 00:55:33.610,0.72526,0.72517,1.69,1
18.08.2021 00:55:36.859,0.72524,0.7251500000000001,1.69,1.5
18.08.2021 00:55:36.960,0.72523,0.72514,1,1.5
18.08.2021 00:55:39.626,0.72524,0.72514,2.44,1.5
18.08.2021 00:55:41.419,0.72524,0.7251500000000001,2.44,1
18.08.2021 00:55:44.165,0.7252500000000001,0.7251500000000001,1,1
18.08.2021 00:55:44.267,0.72528,0.72517,1.51,1.5
18.08.2021 00:55:44.418,0.72528,0.72518,2.06,1.5
18.08.2021 00:55:44.520,0.72529,0.72519,2.19,1.5
18.08.2021 00:55:44.621,0.7253000000000001,0.72518,2.06,1.5
18.08.2021 00:55:46.761,0.72527,0.72518,1,1.5
18.08.2021 00:55:49.834,0.72527,0.72517,1.12,1.5
18.08.2021 00:55:50.606,0.72524,0.72516,1,1
18.08.2021 00:55:50.707,0.7252500000000001,0.72514,1,1
18.08.2021 00:55:58.434,0.72524,0.72514,1,2.25
18.08.2021 00:56:01.500,0.72526,0.72514,4.31,1
18.08.2021 00:56:03.152,0.7252500000000001,0.7251500000000001,4.69,1
18.08.2021 00:56:07.443,0.72523,0.72514,1.31,1
18.08.2021 00:56:07.547,0.72522,0.72513,1,1
18.08.2021 00:56:08.406,0.72521,0.72511,5.9,1
18.08.2021 00:56:08.810,0.72521,0.72512,5.32,1
18.08.2021 00:56:09.012,0.72521,0.72512,4.7,1
18.08.2021 00:56:09.555,0.72521,0.72511,5.82,1
18.08.2021 00:56:12.380,0.7252000000000001,0.7251000000000001,1.12,1.5
18.08.2021 00:56:20.684,0.7252000000000001,0.72511,1.31,1
18.08.2021 00:56:26.700,0.72522,0.72512,4.69,1
18.08.2021 00:56:26.853,0.72522,0.72513,3.94,1
18.08.2021 00:56:27.107,0.72522,0.72513,2.06,1
18.08.2021 00:56:27.475,0.72523,0.72514,3.19,1
18.08.2021 00:56:28.999,0.72523,0.72514,1.12,1
18.08.2021 00:56:29.101,0.72524,0.72516,1,1
18.08.2021 00:56:32.835,0.72526,0.72517,4.37,1
18.08.2021 00:56:32.937,0.72526,0.72518,1.31,1
18.08.2021 00:56:33.040,0.72529,0.72518,4.69,1
18.08.2021 00:56:36.287,0.72527,0.72516,4,1
18.08.2021 00:56:36.388,0.7252500000000001,0.72516,1.75,1
18.08.2021 00:56:45.452,0.7252500000000001,0.7251500000000001,3.06,1.5
18.08.2021 00:56:47.571,0.72524,0.7251500000000001,1.94,1
18.08.2021 00:56:49.183,0.72524,0.7251500000000001,1.25,1
18.08.2021 00:56:52.975,0.72524,0.72514,2.01,1
18.08.2021 00:56:53.026,0.72523,0.72513,4.51,1
18.08.2021 00:56:53.410,0.72522,0.72514,1,1
18.08.2021 00:56:54.299,0.72523,0.72514,2.54,1
18.08.2021 00:56:54.401,0.72524,0.7251500000000001,1.51,1
18.08.2021 00:56:54.603,0.72524,0.7251500000000001,1.01,1
18.08.2021 00:56:57.087,0.72524,0.7251500000000001,3.29,1
18.08.2021 00:56:57.188,0.7252500000000001,0.7251500000000001,1.01,1
18.08.2021 00:57:02.733,0.72526,0.72516,4.79,1
18.08.2021 00:57:02.941,0.72526,0.72516,2.14,1
18.08.2021 00:57:04.215,0.72526,0.72517,1.39,1
18.08.2021 00:57:07.787,0.72527,0.72519,2.31,1
18.08.2021 00:57:07.888,0.72528,0.72519,2.25,1
18.08.2021 00:57:07.990,0.72529,0.72519,1.76,1.5
18.08.2021 00:57:08.093,0.72529,0.7252000000000001,1.01,1
18.08.2021 00:57:09.306,0.7253000000000001,0.72519,1.64,1
18.08.2021 00:57:09.407,0.72529,0.72518,1.66,1
18.08.2021 00:57:20.317,0.72529,0.72518,1.5,1.57
18.08.2021 00:57:20.368,0.7253100000000001,0.72521,5.11,1
18.08.2021 00:57:20.470,0.72533,0.72523,2.39,1
18.08.2021 00:57:20.572,0.72532,0.72524,2.14,1
18.08.2021 00:57:27.984,0.72534,0.72524,3.26,1
18.08.2021 00:57:28.085,0.72534,0.72524,1.76,1
18.08.2021 00:57:28.186,0.72535,0.72523,2.76,1
18.08.2021 00:57:28.289,0.72534,0.72524,1.76,1
18.08.2021 00:57:28.390,0.72534,0.72523,1.94,1
18.08.2021 00:57:29.080,0.72533,0.72523,3.14,1
18.08.2021 00:57:29.590,0.72533,0.72523,2.14,1
18.08.2021 00:57:30.056,0.72533,0.72523,3.66,1
18.08.2021 00:57:33.107,0.72533,0.72524,2.89,1
18.08.2021 00:57:42.227,0.72535,0.72524,2.06,1
18.08.2021 00:57:42.329,0.72534,0.7252500000000001,1.56,1.5
18.08.2021 00:57:43.454,0.72534,0.72524,3.14,1
18.08.2021 00:57:49.264,0.72534,0.72524,2.14,1.5
18.08.2021 00:57:49.365,0.72534,0.7252500000000001,1.39,1
18.08.2021 00:58:00.001,0.72533,0.72524,2.51,1.5
18.08.2021 00:58:00.102,0.72533,0.72524,4.26,1
18.08.2021 00:58:00.205,0.72533,0.72524,1.39,1
18.08.2021 00:58:03.186,0.72534,0.72523,3.29,1
18.08.2021 00:58:03.737,0.72533,0.72523,2.91,1
18.08.2021 00:58:06.855,0.72534,0.72524,2.2,1.5
18.08.2021 00:58:06.957,0.7253600000000001,0.72524,1.75,1
18.08.2021 00:58:07.058,0.7253700000000001,0.72528,3.26,1
18.08.2021 00:58:07.735,0.7253700000000001,0.72528,1.01,1
18.08.2021 00:58:08.198,0.72539,0.72528,1.01,1
18.08.2021 00:58:13.194,0.72539,0.7253000000000001,2.81,1
18.08.2021 00:58:24.098,0.72539,0.72529,4.26,1
18.08.2021 00:58:24.250,0.7253700000000001,0.72527,2.32,1
18.08.2021 00:58:24.352,0.7253600000000001,0.72527,4.01,1
18.08.2021 00:58:24.453,0.72535,0.72526,1.2,1
18.08.2021 00:58:25.480,0.72535,0.7252500000000001,2.14,1.5
18.08.2021 00:58:28.313,0.72533,0.72523,5.04,1.5
18.08.2021 00:58:33.622,0.7253100000000001,0.72523,1,1
18.08.2021 00:58:34.128,0.7253000000000001,0.7252000000000001,1.2,1.5
18.08.2021 00:58:34.482,0.72532,0.72521,2.14,1
18.08.2021 00:58:34.584,0.72532,0.72523,3.26,1
18.08.2021 00:58:34.728,0.72532,0.72523,2.14,1
18.08.2021 00:58:37.078,0.72533,0.72523,2.14,1.5
18.08.2021 00:58:37.179,0.72534,0.72523,1.76,1
18.08.2021 00:58:38.522,0.72534,0.7252500000000001,2.89,1
18.08.2021 00:58:43.934,0.7253600000000001,0.72528,4.99,1
18.08.2021 00:58:44.137,0.72538,0.72528,3.14,1.5
18.08.2021 00:58:45.913,0.72538,0.72529,3.14,1
18.08.2021 00:58:46.065,0.72538,0.72529,2.14,1
18.08.2021 00:58:46.579,0.72539,0.72529,2.14,1.5
18.08.2021 00:58:46.680,0.7254,0.7253000000000001,2.89,1
18.08.2021 00:58:47.141,0.72538,0.72529,1.69,1
18.08.2021 00:58:47.243,0.72538,0.72528,3.26,1
18.08.2021 00:58:49.031,0.7253700000000001,0.72527,1,1.5
18.08.2021 00:58:50.668,0.7253600000000001,0.72527,1,1.1
18.08.2021 00:58:50.820,0.7253700000000001,0.7252500000000001,1.5,1.76
18.08.2021 00:58:50.985,0.72535,0.72526,1,1.1
18.08.2021 00:58:51.624,0.72535,0.7252500000000001,1.5,2.14
18.08.2021 00:58:52.143,0.72535,0.72526,1.5,1
18.08.2021 00:58:52.402,0.72534,0.72524,1,4.01
18.08.2021 00:58:53.376,0.72533,0.72524,1,1
18.08.2021 00:58:57.138,0.72533,0.72523,1,2.51
18.08.2021 00:59:02.852,0.7253000000000001,0.72521,1.5,1.12
18.08.2021 00:59:02.953,0.72529,0.72519,1.5,2.19
18.08.2021 00:59:03.004,0.72529,0.72519,1.5,1.69
18.08.2021 00:59:03.156,0.72528,0.72519,1,1
18.08.2021 00:59:04.863,0.72529,0.7252000000000001,1,1.5
18.08.2021 00:59:09.477,0.72529,0.72519,1.5,2.25
18.08.2021 00:59:26.034,0.72529,0.7252000000000001,1.25,1
18.08.2021 00:59:30.146,0.72529,0.72519,1.5,1.5
18.08.2021 00:59:31.464,0.72529,0.7252000000000001,1.5,1
18.08.2021 00:59:32.888,0.72529,0.72519,1.5,1.5
18.08.2021 00:59:35.534,0.72529,0.72519,2.5,1.5
18.08.2021 00:59:36.356,0.72529,0.72519,1.69,1.5
18.08.2021 00:59:37.145,0.72527,0.72519,1,1
18.08.2021 00:59:48.863,0.72528,0.72519,1.25,1
18.08.2021 00:59:51.995,0.72529,0.72519,1.69,1
18.08.2021 00:59:57.804,0.72528,0.72519,1,1
18.08.2021 01:00:00.071,0.72528,0.72518,1.5,1.5
18.08.2021 01:00:00.172,0.72527,0.72518,3.25,1
18.08.2021 01:00:00.274,0.72522,0.72511,1.5,1
18.08.2021 01:00:00.325,0.72519,0.72511,1,2.25
18.08.2021 01:00:00.427,0.72519,0.72509,1.69,1
18.08.2021 01:00:00.477,0.72517,0.72507,1,5.9
18.08.2021 01:00:00.579,0.72517,0.72507,1.5,4.01
18.08.2021 01:00:00.680,0.72517,0.7250800000000001,1,1
18.08.2021 01:00:01.229,0.72519,0.7251000000000001,1,1
18.08.2021 01:00:01.791,0.72521,0.72512,1.87,1
18.08.2021 01:00:01.893,0.72522,0.72512,1.5,1
18.08.2021 01:00:02.414,0.72522,0.72513,1,3.19
18.08.2021 01:00:02.515,0.72523,0.72513,1.5,2.44
18.08.2021 01:00:07.016,0.72524,0.72512,4.75,1
18.08.2021 01:00:07.117,0.72521,0.72512,1.5,1
18.08.2021 01:00:07.624,0.72523,0.72511,1.69,1.5
18.08.2021 01:00:07.726,0.72522,0.72513,1.5,1
18.08.2021 01:00:08.131,0.72523,0.72513,1.5,1.5
18.08.2021 01:00:16.954,0.72521,0.72513,1.25,1
18.08.2021 01:00:17.056,0.72519,0.72507,1.25,2
18.08.2021 01:00:17.157,0.72518,0.7250800000000001,1.69,1.5
18.08.2021 01:00:21.481,0.72517,0.7250800000000001,1.69,1
18.08.2021 01:00:21.583,0.7251500000000001,0.72504,1.69,1.5
