Gmt time,Ask,Bid,AskVolume,BidVolume
09.08.2021 00:00:00.177,0.73355,0.7334700000000001,1,1
09.08.2021 00:00:00.534,0.73359,0.7335100000000001,2.62,1
09.08.2021 00:00:00.636,0.7336,0.7335100000000001,2.06,1
09.08.2021 00:00:00.941,0.7336,0.7335,2.06,1
09.08.2021 00:00:02.433,0.7336,0.73353,1.12,1
09.08.2021 00:00:02.534,0.73364,0.73353,2,1.25
09.08.2021 00:00:02.635,0.73362,0.73355,1,1
09.08.2021 00:00:02.736,0.73363,0.73353,1,8.74
09.08.2021 00:00:03.058,0.73362,0.73355,1,1
09.08.2021 00:00:03.159,0.73362,0.73354,1,8.55
09.08.2021 00:00:05.124,0.73365,0.73354,1.69,1
09.08.2021 00:00:05.958,0.73364,0.73353,1,1
09.08.2021 00:00:06.320,0.73362,0.73353,1.69,1
09.08.2021 00:00:06.421,0.73364,0.7335200000000001,2.44,1.5
09.08.2021 00:00:08.195,0.7336100000000001,0.7335200000000001,1.25,1
09.08.2021 00:00:08.297,0.7336100000000001,0.7335,1,1
09.08.2021 00:00:08.398,0.73359,0.7335,1.69,1
09.08.2021 00:00:17.652,0.73362,0.73353,1,1
09.08.2021 00:00:17.754,0.7336100000000001,0.7335100000000001,2.44,1.5
09.08.2021 00:00:17.855,0.7336,0.7335100000000001,1.25,1
09.08.2021 00:00:19.487,0.7336100000000001,0.7335200000000001,1,1.5
09.08.2021 00:00:19.589,0.73362,0.7335,1,1.87
09.08.2021 00:00:20.798,0.73363,0.73353,1,1
09.08.2021 00:00:20.900,0.73363,0.73354,1,1
09.08.2021 00:00:21.102,0.73362,0.73354,1.25,1
09.08.2021 00:00:21.153,0.7336100000000001,0.7335100000000001,1,2
09.08.2021 00:00:21.254,0.7336,0.7335100000000001,1,1.5
09.08.2021 00:00:22.216,0.73359,0.7335,1,1
09.08.2021 00:00:22.318,0.73359,0.73349,1.69,1.87
09.08.2021 00:00:23.410,0.73357,0.73348,1.25,1.87
09.08.2021 00:00:25.685,0.7335600000000001,0.73344,1.69,2
09.08.2021 00:00:25.787,0.73353,0.73344,1,1.5
09.08.2021 00:00:25.888,0.73353,0.73344,1.25,1
09.08.2021 00:00:30.194,0.73353,0.73343,1,1.69
09.08.2021 00:00:30.446,0.73353,0.73344,1,1.25
09.08.2021 00:00:30.856,0.73353,0.73345,1,1.25
09.08.2021 00:00:32.881,0.73354,0.73345,1,1.69
09.08.2021 00:00:32.984,0.73354,0.7334600000000001,1,1.69
09.08.2021 00:00:38.245,0.73355,0.73344,1,1.69
09.08.2021 00:00:38.492,0.73355,0.73345,1,1.25
09.08.2021 00:00:38.747,0.73354,0.73344,1,2.81
09.08.2021 00:00:40.700,0.73354,0.73345,1,1.25
09.08.2021 00:00:41.126,0.73355,0.7334700000000001,1,1.25
09.08.2021 00:00:41.634,0.73355,0.7334700000000001,1,1.75
09.08.2021 00:00:42.084,0.7335600000000001,0.7334700000000001,1,1.75
09.08.2021 00:00:42.186,0.73355,0.7334600000000001,1,1.75
09.08.2021 00:00:42.301,0.73355,0.7334600000000001,1,1.69
09.08.2021 00:00:42.814,0.73354,0.73345,1,2.5
09.08.2021 00:00:42.930,0.73354,0.73345,1,1.69
09.08.2021 00:00:44.156,0.73355,0.73343,1,3.19
09.08.2021 00:00:45.485,0.7335,0.7334200000000001,1,1.5
09.08.2021 00:00:45.536,0.73349,0.7334100000000001,1,1
09.08.2021 00:00:45.638,0.73349,0.7334,1,1.87
09.08.2021 00:00:45.739,0.73349,0.73339,1,1.5
09.08.2021 00:00:50.805,0.73348,0.73338,1,1.87
09.08.2021 00:00:54.723,0.73348,0.7334,1,1
09.08.2021 00:01:00.065,0.73344,0.73337,1,1
09.08.2021 00:01:00.166,0.73345,0.73338,1,1
09.08.2021 00:01:00.268,0.73345,0.73337,1.5,1
09.08.2021 00:01:00.369,0.73343,0.73334,1,1
09.08.2021 00:01:03.472,0.73343,0.7333500000000001,1,1
09.08.2021 00:01:03.574,0.73345,0.7333500000000001,1,1
09.08.2021 00:01:06.533,0.73345,0.73334,1,1
09.08.2021 00:01:08.947,0.73344,0.7333600000000001,1,1
09.08.2021 00:01:10.762,0.73345,0.73334,1.69,1
09.08.2021 00:01:14.873,0.73343,0.7333500000000001,1,1
09.08.2021 00:01:18.943,0.7334100000000001,0.73332,1.5,1
09.08.2021 00:01:18.994,0.73339,0.73332,1,1
09.08.2021 00:01:20.635,0.7334,0.7333000000000001,1,1
09.08.2021 00:01:21.966,0.7333600000000001,0.73327,1.5,1
09.08.2021 00:01:22.068,0.73334,0.73324,1,1.5
09.08.2021 00:01:22.169,0.73334,0.73324,1,1
09.08.2021 00:01:25.011,0.73334,0.7332500000000001,1,1
09.08.2021 00:01:34.087,0.7333500000000001,0.73326,1,1.5
09.08.2021 00:01:34.138,0.7334,0.73329,1.62,1
09.08.2021 00:01:34.240,0.7334,0.73331,1.5,1.25
09.08.2021 00:01:34.291,0.7334,0.73333,1,1
09.08.2021 00:01:34.392,0.7334200000000001,0.73332,1.5,1.69
09.08.2021 00:01:34.494,0.73345,0.73333,1.5,1.5
09.08.2021 00:01:34.748,0.73345,0.73334,1,1
09.08.2021 00:01:42.194,0.73344,0.73334,1,1.5
09.08.2021 00:01:47.284,0.7334600000000001,0.7333500000000001,1,1.69
09.08.2021 00:01:47.555,0.73344,0.7333500000000001,1,1
09.08.2021 00:01:49.897,0.7334200000000001,0.73334,1,1
09.08.2021 00:01:50.155,0.73343,0.73334,1,1.25
09.08.2021 00:01:50.256,0.73343,0.7333500000000001,1,1
09.08.2021 00:02:02.657,0.73343,0.73334,1,1
09.08.2021 00:02:06.079,0.7334600000000001,0.73337,1,2.44
09.08.2021 00:02:06.129,0.73348,0.73338,1,1.25
09.08.2021 00:02:06.231,0.73348,0.73338,1,2.69
09.08.2021 00:02:06.332,0.73349,0.73338,2.25,3.44
09.08.2021 00:02:08.454,0.73349,0.73338,2.25,3
09.08.2021 00:02:09.214,0.73349,0.73339,1.5,1
09.08.2021 00:02:11.824,0.73349,0.73338,1,1
09.08.2021 00:02:11.875,0.7334600000000001,0.7333500000000001,1,2
09.08.2021 00:02:11.976,0.73344,0.7333600000000001,1,1
09.08.2021 00:02:13.277,0.73345,0.73334,1,1.12
09.08.2021 00:02:17.109,0.73344,0.73334,1,1
09.08.2021 00:02:18.638,0.73344,0.73333,1,1
09.08.2021 00:02:25.344,0.73343,0.73332,2.25,2.06
09.08.2021 00:02:25.395,0.7334,0.73332,1,2.06
09.08.2021 00:02:25.547,0.7334,0.73331,1,1
09.08.2021 00:02:25.648,0.7334,0.73329,1,1.69
09.08.2021 00:02:31.318,0.7334,0.73328,1,2.81
09.08.2021 00:02:31.419,0.73339,0.7333000000000001,1,1.25
09.08.2021 00:02:41.598,0.73339,0.73329,1,1.69
09.08.2021 00:02:41.700,0.73338,0.73327,1,2.12
09.08.2021 00:02:41.852,0.73337,0.73327,1.5,1.5
09.08.2021 00:02:41.953,0.73337,0.73326,1,1.25
09.08.2021 00:02:42.058,0.7333600000000001,0.73326,1,1.25
09.08.2021 00:02:42.109,0.73333,0.7332500000000001,1,1.87
09.08.2021 00:02:42.210,0.7333500000000001,0.73324,1,3
09.08.2021 00:02:44.573,0.7333500000000001,0.73324,1,2.06
09.08.2021 00:02:46.938,0.73334,0.73323,2.25,1.5
09.08.2021 00:02:47.090,0.73332,0.73322,1,2.81
09.08.2021 00:02:47.343,0.73331,0.73322,1,1
09.08.2021 00:02:47.444,0.73328,0.73319,1,3.75
09.08.2021 00:02:47.546,0.73328,0.73318,1,2.06
09.08.2021 00:02:47.749,0.73326,0.73316,1,2.25
09.08.2021 00:02:47.851,0.7332500000000001,0.73316,1,1.25
09.08.2021 00:02:48.573,0.7332500000000001,0.7331500000000001,1,1.69
09.08.2021 00:02:48.707,0.7332500000000001,0.7331500000000001,1,2.5
09.08.2021 00:02:48.809,0.73322,0.7331300000000001,1,1.12
09.08.2021 00:02:48.961,0.7332000000000001,0.73309,1,4.06
09.08.2021 00:02:49.011,0.73317,0.73307,1,2.06
09.08.2021 00:02:49.214,0.73316,0.73307,1,1
09.08.2021 00:02:50.380,0.7331300000000001,0.7330500000000001,1,1.5
09.08.2021 00:02:50.483,0.73312,0.73302,1.12,1.62
09.08.2021 00:02:50.534,0.7331000000000001,0.73302,1,1
09.08.2021 00:02:50.636,0.73309,0.733,1,1
09.08.2021 00:02:50.943,0.7331000000000001,0.7329800000000001,1.5,1
09.08.2021 00:02:51.045,0.73307,0.73299,1,1
09.08.2021 00:02:51.096,0.7330500000000001,0.73295,1,4.5
09.08.2021 00:02:51.147,0.73306,0.73297,1,1
09.08.2021 00:02:51.248,0.7330800000000001,0.73297,1.5,1
09.08.2021 00:02:51.515,0.7331000000000001,0.7329800000000001,1.69,1
09.08.2021 00:02:51.824,0.7331000000000001,0.733,1,1.5
09.08.2021 00:02:52.163,0.73311,0.73301,1,2.25
09.08.2021 00:02:52.265,0.73311,0.733,1,1
09.08.2021 00:02:53.336,0.73311,0.73299,1,2.25
09.08.2021 00:02:54.996,0.73312,0.73302,1,2.5
09.08.2021 00:02:55.098,0.73314,0.73304,1.12,3.75
09.08.2021 00:02:55.200,0.73318,0.73307,1,2
09.08.2021 00:02:55.301,0.7331500000000001,0.73307,1,1
09.08.2021 00:02:55.402,0.7331500000000001,0.7330500000000001,1,2.81
09.08.2021 00:02:57.093,0.7331500000000001,0.73304,1,1.12
09.08.2021 00:02:57.549,0.73318,0.73307,1,1
09.08.2021 00:02:57.650,0.73319,0.73307,1.5,1
09.08.2021 00:02:57.752,0.73319,0.73307,1.5,1.5
09.08.2021 00:02:58.305,0.73318,0.7330800000000001,1.5,1.12
09.08.2021 00:02:59.093,0.73323,0.7331300000000001,2.62,1.25
09.08.2021 00:02:59.548,0.73323,0.73314,1.5,1
09.08.2021 00:03:01.591,0.7332500000000001,0.7331300000000001,1,1.5
09.08.2021 00:03:03.168,0.73328,0.73318,1.75,1
09.08.2021 00:03:03.320,0.73329,0.73319,1.69,1
09.08.2021 00:03:06.904,0.73324,0.7331500000000001,1,2.56
09.08.2021 00:03:06.955,0.73324,0.73314,1.87,2.62
09.08.2021 00:03:07.006,0.73323,0.73314,2.69,1.12
09.08.2021 00:03:07.107,0.73322,0.73314,1.25,1.5
09.08.2021 00:03:07.209,0.73323,0.7331000000000001,2.69,1.5
09.08.2021 00:03:07.310,0.7332000000000001,0.7331000000000001,1.25,1
09.08.2021 00:03:07.667,0.73321,0.7331000000000001,1.69,1.5
09.08.2021 00:03:09.844,0.73323,0.7331300000000001,1,1
09.08.2021 00:03:10.775,0.73321,0.73312,1,1.12
09.08.2021 00:03:10.826,0.73321,0.7331000000000001,2.44,2.62
09.08.2021 00:03:13.783,0.7332000000000001,0.73309,1,1.5
09.08.2021 00:03:15.040,0.73319,0.73309,1.69,1
09.08.2021 00:03:15.306,0.73319,0.7331000000000001,1.69,1
09.08.2021 00:03:16.399,0.73318,0.7331000000000001,1.69,1
09.08.2021 00:03:16.501,0.73314,0.73306,1.94,1
09.08.2021 00:03:16.603,0.73314,0.73304,2.5,1
09.08.2021 00:03:17.260,0.73311,0.73304,1,1
09.08.2021 00:03:17.362,0.73311,0.73302,1,1.12
09.08.2021 00:03:17.867,0.7331000000000001,0.73302,1,1
09.08.2021 00:03:18.529,0.73311,0.73302,1,1
09.08.2021 00:03:20.639,0.73312,0.733,1.5,1
09.08.2021 00:03:21.091,0.7331000000000001,0.73301,1,1
09.08.2021 00:03:23.301,0.7331300000000001,0.7330500000000001,1.37,1
09.08.2021 00:03:23.352,0.7331500000000001,0.73306,1.87,1
09.08.2021 00:03:23.454,0.73316,0.73304,1.12,1.5
09.08.2021 00:03:23.556,0.73316,0.7330500000000001,1,2.62
09.08.2021 00:03:23.608,0.73317,0.73306,1.25,2.62
09.08.2021 00:03:23.709,0.73318,0.73307,2.81,1.87
09.08.2021 00:03:23.811,0.73318,0.73307,3.06,2
09.08.2021 00:03:23.912,0.73318,0.73307,2.69,1.5
09.08.2021 00:03:24.111,0.73319,0.73309,4.5,1.5
09.08.2021 00:03:24.314,0.73321,0.73311,1,1
09.08.2021 00:03:24.769,0.7332500000000001,0.73314,3.19,1.5
09.08.2021 00:03:24.921,0.73327,0.73318,2.19,1.5
09.08.2021 00:03:24.972,0.73329,0.73318,3.19,1.5
09.08.2021 00:03:25.073,0.73329,0.73319,2.44,1
09.08.2021 00:03:26.323,0.7333000000000001,0.73317,3.19,2.25
09.08.2021 00:03:27.662,0.7333000000000001,0.73319,2.44,1.5
09.08.2021 00:03:28.742,0.73333,0.73322,2.81,3.75
09.08.2021 00:03:28.845,0.73333,0.73323,1.69,1
09.08.2021 00:03:28.946,0.73334,0.7332500000000001,1.5,1
09.08.2021 00:03:29.048,0.7333600000000001,0.7332500000000001,2.06,2.25
09.08.2021 00:03:29.200,0.73338,0.7332500000000001,2.81,1
09.08.2021 00:03:30.920,0.73338,0.7332500000000001,3.44,1
09.08.2021 00:03:31.021,0.7333600000000001,0.7332500000000001,3.44,1
09.08.2021 00:03:32.838,0.73334,0.73324,1,1
09.08.2021 00:03:33.231,0.73331,0.73321,1.69,1.5
09.08.2021 00:03:33.333,0.73331,0.73321,1.69,1
09.08.2021 00:03:34.151,0.73327,0.73318,1.25,1.12
09.08.2021 00:03:34.201,0.73327,0.73316,1.69,1.87
09.08.2021 00:03:34.353,0.73327,0.7331500000000001,1,1.5
09.08.2021 00:03:34.807,0.73324,0.73314,1.69,1
09.08.2021 00:03:38.164,0.73324,0.73314,1.94,1
09.08.2021 00:03:40.630,0.73324,0.73314,1.69,1
09.08.2021 00:03:41.438,0.73327,0.73314,2.75,2.62
09.08.2021 00:03:41.540,0.73326,0.73316,2,1
09.08.2021 00:03:41.641,0.73326,0.73316,1,1
09.08.2021 00:03:42.229,0.73326,0.7331500000000001,1,3.37
09.08.2021 00:03:44.008,0.73328,0.73317,4.19,1.5
09.08.2021 00:03:46.969,0.73329,0.7332000000000001,1.5,1
09.08.2021 00:03:47.071,0.7333000000000001,0.73321,1,1
09.08.2021 00:03:47.231,0.73332,0.73321,1,1
09.08.2021 00:03:47.332,0.73333,0.73321,1,1.5
09.08.2021 00:03:47.434,0.73334,0.73322,1.25,1.5
09.08.2021 00:03:47.536,0.7333600000000001,0.73324,1.5,1
09.08.2021 00:03:47.637,0.73337,0.7332500000000001,2.44,1
09.08.2021 00:03:49.297,0.7333600000000001,0.7332500000000001,1.69,1
09.08.2021 00:03:49.398,0.73337,0.7332500000000001,1,1
09.08.2021 00:03:49.662,0.73337,0.73328,1,1.5
09.08.2021 00:03:49.713,0.73339,0.73328,1.5,2.25
09.08.2021 00:03:49.815,0.7334,0.73328,1,1
09.08.2021 00:03:50.140,0.73338,0.73328,1.5,1
09.08.2021 00:03:50.241,0.73337,0.73327,1.5,1
09.08.2021 00:03:50.342,0.73338,0.7332500000000001,2.25,1
09.08.2021 00:03:52.830,0.73333,0.73324,1,1
09.08.2021 00:03:52.932,0.73333,0.73322,2.44,1.5
09.08.2021 00:03:53.034,0.73333,0.73321,1,1
09.08.2021 00:03:53.976,0.73333,0.7332000000000001,1.69,2.25
09.08.2021 00:03:56.818,0.73331,0.73319,1.69,1
09.08.2021 00:03:57.415,0.7333000000000001,0.7332000000000001,1.94,1
09.08.2021 00:03:57.516,0.73328,0.73318,1.25,1.12
09.08.2021 00:03:57.617,0.73328,0.73317,1.25,1.5
09.08.2021 00:03:57.719,0.73328,0.73317,1.5,1.5
09.08.2021 00:03:57.922,0.73327,0.73316,1.25,2.25
09.08.2021 00:03:58.024,0.73326,0.73316,1.25,1.5
09.08.2021 00:04:07.264,0.7332500000000001,0.73314,1.94,2.25
09.08.2021 00:04:07.367,0.7332500000000001,0.7331300000000001,1.94,1
09.08.2021 00:04:07.647,0.73323,0.7331300000000001,1.25,1.5
09.08.2021 00:04:07.849,0.7332500000000001,0.7331300000000001,1.69,1
09.08.2021 00:04:08.469,0.7332500000000001,0.7331500000000001,1,2.25
09.08.2021 00:04:08.570,0.73328,0.7331500000000001,1.94,1
09.08.2021 00:04:09.193,0.73327,0.7331500000000001,3.44,3.37
09.08.2021 00:04:09.294,0.73324,0.73314,1.25,1
09.08.2021 00:04:10.124,0.73323,0.73312,2.62,2.25
09.08.2021 00:04:10.226,0.73323,0.73312,3.44,1.87
09.08.2021 00:04:11.509,0.73321,0.73311,1.25,1
09.08.2021 00:04:12.563,0.7332000000000001,0.7331000000000001,1.25,1
09.08.2021 00:04:12.664,0.7332000000000001,0.7330800000000001,1.25,1
09.08.2021 00:04:13.018,0.73319,0.7330800000000001,1.25,2.62
09.08.2021 00:04:13.599,0.7332000000000001,0.7330800000000001,1,1.31
09.08.2021 00:04:13.701,0.73321,0.73311,1.12,1.69
09.08.2021 00:04:13.802,0.73323,0.73311,1,1.25
09.08.2021 00:04:13.954,0.73324,0.7331300000000001,2.62,2.44
09.08.2021 00:04:14.277,0.73324,0.73314,1.5,1.25
09.08.2021 00:04:15.573,0.7332500000000001,0.7331500000000001,1,1.69
09.08.2021 00:04:15.675,0.73327,0.73316,2.62,1
09.08.2021 00:04:20.260,0.73328,0.73319,1,1
09.08.2021 00:04:20.312,0.73326,0.7331500000000001,2.25,3.19
09.08.2021 00:04:20.414,0.73326,0.7331500000000001,1,3.81
09.08.2021 00:04:22.950,0.73327,0.73317,1,1.25
09.08.2021 00:04:23.001,0.73329,0.73318,1,1
09.08.2021 00:04:26.640,0.73328,0.73318,1,1.5
09.08.2021 00:04:27.843,0.73327,0.73317,1,1.12
09.08.2021 00:04:27.945,0.73326,0.7331500000000001,1,3.69
09.08.2021 00:04:28.046,0.73326,0.7331500000000001,1,3.56
09.08.2021 00:04:31.721,0.7332500000000001,0.7331500000000001,1,2.44
09.08.2021 00:04:31.822,0.7332500000000001,0.73314,1,3.19
09.08.2021 00:04:34.553,0.73326,0.73314,1,2.81
09.08.2021 00:04:34.756,0.73326,0.73314,1,2.94
09.08.2021 00:04:34.931,0.7332500000000001,0.7331500000000001,1,3.19
09.08.2021 00:04:37.138,0.7332500000000001,0.73316,1,1.25
09.08.2021 00:04:40.021,0.7332500000000001,0.7331500000000001,1,2.44
09.08.2021 00:04:45.583,0.73326,0.7331300000000001,1.5,3.19
09.08.2021 00:04:48.450,0.73326,0.73317,1.12,1.69
09.08.2021 00:04:48.602,0.73328,0.73317,1.5,2.81
09.08.2021 00:04:48.704,0.73329,0.73318,1.5,2.87
09.08.2021 00:04:50.672,0.7333000000000001,0.73318,1,1.75
09.08.2021 00:05:02.278,0.73328,0.73319,1,1.75
09.08.2021 00:05:03.355,0.73327,0.73318,1,2.87
09.08.2021 00:05:04.107,0.73327,0.73318,1,1.69
09.08.2021 00:05:04.209,0.73326,0.73314,1.5,2.81
09.08.2021 00:05:04.311,0.73324,0.7331500000000001,1,2.81
09.08.2021 00:05:04.413,0.73323,0.73314,1,2.81
09.08.2021 00:05:04.565,0.73324,0.73314,1,1.25
09.08.2021 00:05:05.523,0.73323,0.73314,1,1.69
09.08.2021 00:05:05.804,0.73321,0.73312,1,3
09.08.2021 00:05:05.956,0.73319,0.7331000000000001,1,3.37
09.08.2021 00:05:06.058,0.73319,0.73309,1.5,2.12
09.08.2021 00:05:06.162,0.73318,0.7330800000000001,1.5,1.31
09.08.2021 00:05:06.263,0.73317,0.73307,1,3.7
09.08.2021 00:05:06.365,0.73316,0.73307,1,2.12
09.08.2021 00:05:08.454,0.73314,0.7330500000000001,1.5,2.5
09.08.2021 00:05:08.555,0.7331300000000001,0.73304,1,2.56
09.08.2021 00:05:08.657,0.7331300000000001,0.73304,1,2.06
09.08.2021 00:05:09.751,0.7331500000000001,0.73304,1.5,1.69
09.08.2021 00:05:11.452,0.73316,0.7330800000000001,1.31,1.69
09.08.2021 00:05:11.554,0.73318,0.73309,1,1.75
09.08.2021 00:05:13.686,0.73321,0.73312,1.87,1.25
09.08.2021 00:05:13.787,0.73321,0.73312,1.12,1.69
09.08.2021 00:05:13.888,0.73321,0.7331300000000001,1,1
09.08.2021 00:05:13.990,0.73322,0.7331300000000001,1,2.81
09.08.2021 00:05:16.265,0.73324,0.73316,1.5,1.25
09.08.2021 00:05:16.367,0.73324,0.7331500000000001,1,2.06
09.08.2021 00:05:21.809,0.7332500000000001,0.7331300000000001,1.5,1.12
09.08.2021 00:05:22.074,0.73324,0.73314,1,1.12
09.08.2021 00:05:26.204,0.73324,0.7331300000000001,1,1.5
09.08.2021 00:05:26.980,0.7332500000000001,0.7331300000000001,1.5,2.25
09.08.2021 00:05:28.099,0.73323,0.73314,1,1.87
09.08.2021 00:05:29.118,0.73324,0.73314,1.5,2.25
09.08.2021 00:05:40.926,0.73322,0.73312,2.44,1
09.08.2021 00:05:41.027,0.73321,0.73311,1.5,1.5
09.08.2021 00:05:41.128,0.7332000000000001,0.73311,1.5,1
09.08.2021 00:05:44.018,0.7332000000000001,0.7331000000000001,1.5,1.87
09.08.2021 00:05:44.814,0.73319,0.7331000000000001,1,1.87
09.08.2021 00:05:51.392,0.73323,0.73312,1.12,1
09.08.2021 00:05:51.543,0.73321,0.7331000000000001,1,2
09.08.2021 00:05:51.645,0.7332000000000001,0.7331000000000001,1,1.5
09.08.2021 00:05:52.519,0.73321,0.73309,1.75,1.5
09.08.2021 00:05:56.040,0.7332000000000001,0.7330800000000001,1.25,1.5
09.08.2021 00:05:59.873,0.73318,0.73309,1.25,1.5
09.08.2021 00:05:59.989,0.73319,0.73309,1.69,1.5
09.08.2021 00:06:21.892,0.73319,0.7330800000000001,1.25,1
09.08.2021 00:06:27.729,0.73319,0.73309,2.44,1
09.08.2021 00:06:29.317,0.7332000000000001,0.7331000000000001,1.25,1.12
09.08.2021 00:06:29.422,0.73319,0.7331000000000001,1,1.12
09.08.2021 00:06:30.300,0.73317,0.73309,1.25,1
09.08.2021 00:06:30.351,0.73314,0.73304,1.25,2.19
09.08.2021 00:06:30.456,0.73314,0.7330500000000001,1.75,1
09.08.2021 00:06:30.558,0.7331500000000001,0.7330300000000001,1.75,1.5
09.08.2021 00:06:41.291,0.73316,0.73306,1.25,2.62
09.08.2021 00:06:41.393,0.7331500000000001,0.7330500000000001,1.25,2
09.08.2021 00:06:41.494,0.7331500000000001,0.7330500000000001,1.69,1.69
09.08.2021 00:06:41.646,0.7331500000000001,0.73304,1.69,2.25
09.08.2021 00:06:46.291,0.73314,0.73304,1.75,1.5
09.08.2021 00:06:48.185,0.73314,0.73304,1,1.69
09.08.2021 00:06:58.981,0.73316,0.73306,1,2.44
09.08.2021 00:06:59.082,0.73317,0.73307,2.62,1.69
09.08.2021 00:06:59.183,0.73318,0.73309,1.25,1.5
09.08.2021 00:06:59.643,0.7332000000000001,0.7331000000000001,2.25,1.69
09.08.2021 00:06:59.695,0.73323,0.73311,1.87,1.69
09.08.2021 00:06:59.796,0.73323,0.73314,1.87,1.25
09.08.2021 00:06:59.898,0.73326,0.73318,1.5,1.25
09.08.2021 00:07:00.001,0.73329,0.7332000000000001,1.5,1.25
09.08.2021 00:07:00.477,0.73329,0.73319,1,1.69
09.08.2021 00:07:08.774,0.73326,0.73317,1.5,1
09.08.2021 00:07:08.876,0.7332500000000001,0.73316,1,1
09.08.2021 00:07:08.977,0.7332500000000001,0.7331500000000001,1.69,2.25
09.08.2021 00:07:09.744,0.73324,0.7331500000000001,1.75,1.5
09.08.2021 00:07:09.947,0.7332000000000001,0.73311,1.75,1.5
09.08.2021 00:07:10.292,0.73319,0.7331000000000001,1.69,1.87
09.08.2021 00:07:11.001,0.73319,0.7331000000000001,1.75,1
09.08.2021 00:07:12.140,0.73319,0.7331000000000001,1,1
09.08.2021 00:07:13.487,0.7332000000000001,0.7331000000000001,1.69,1
09.08.2021 00:07:15.565,0.73321,0.73311,1.5,1.5
09.08.2021 00:07:16.062,0.7332000000000001,0.7331000000000001,1.25,1.5
09.08.2021 00:07:21.426,0.73321,0.73309,2.69,1
09.08.2021 00:07:32.175,0.73316,0.7330500000000001,1,2
09.08.2021 00:07:32.276,0.7331500000000001,0.7330500000000001,2.44,1
09.08.2021 00:07:32.377,0.7331500000000001,0.7330500000000001,3.44,1
09.08.2021 00:07:35.292,0.7331500000000001,0.7330300000000001,1.25,1.5
09.08.2021 00:07:57.119,0.7331300000000001,0.73304,1,1
09.08.2021 00:07:57.327,0.73309,0.733,1.12,2.62
09.08.2021 00:07:57.429,0.7330800000000001,0.73299,1,1
09.08.2021 00:08:00.066,0.73304,0.7329600000000001,1,1.87
09.08.2021 00:08:00.219,0.73304,0.73294,1,1
09.08.2021 00:08:00.870,0.73304,0.73295,1,1
09.08.2021 00:08:01.769,0.73302,0.73292,2.69,1.5
09.08.2021 00:08:01.870,0.733,0.7329100000000001,1,2.25
09.08.2021 00:08:02.124,0.73302,0.7329300000000001,1.87,1.12
09.08.2021 00:08:02.226,0.73304,0.73294,2.75,1
09.08.2021 00:08:02.277,0.73304,0.73294,2.25,1
09.08.2021 00:08:05.859,0.73307,0.7329800000000001,2,1
09.08.2021 00:08:05.910,0.7330800000000001,0.7329800000000001,1.5,1.5
09.08.2021 00:08:05.961,0.7331000000000001,0.73302,2.62,1
09.08.2021 00:08:06.113,0.73312,0.73302,1.5,4.69
09.08.2021 00:08:06.316,0.73312,0.7330300000000001,1,1
09.08.2021 00:08:06.417,0.7331300000000001,0.7330300000000001,1,2.25
09.08.2021 00:08:07.138,0.73312,0.7330300000000001,1,1.5
09.08.2021 00:08:07.239,0.73314,0.73302,1,1.5
09.08.2021 00:08:10.688,0.73312,0.73302,1.5,1.5
09.08.2021 00:08:10.790,0.7331300000000001,0.73302,1,1
09.08.2021 00:08:12.105,0.7331000000000001,0.73301,1,1
09.08.2021 00:08:12.207,0.73311,0.73299,1.5,1
09.08.2021 00:08:12.308,0.7331000000000001,0.7329800000000001,1,1.5
09.08.2021 00:08:17.415,0.73312,0.733,1.5,1
09.08.2021 00:08:17.516,0.73312,0.73302,1.5,3.75
09.08.2021 00:08:20.488,0.73314,0.73302,1.5,3.37
09.08.2021 00:08:20.589,0.7331300000000001,0.7330500000000001,1,1
09.08.2021 00:08:27.234,0.73314,0.7330500000000001,1,1
09.08.2021 00:08:30.907,0.7331000000000001,0.7330300000000001,1,1
09.08.2021 00:08:30.958,0.7331000000000001,0.73301,1,1
09.08.2021 00:08:31.009,0.73307,0.73299,1,1.5
09.08.2021 00:08:31.111,0.73306,0.73299,1,1
09.08.2021 00:08:31.212,0.7330500000000001,0.73297,1,1
09.08.2021 00:08:32.092,0.73307,0.73297,1.5,2.44
09.08.2021 00:08:32.236,0.73307,0.73299,1,1
09.08.2021 00:08:32.871,0.73309,0.73299,1.5,1.12
09.08.2021 00:08:32.972,0.7331000000000001,0.73299,1,1.25
09.08.2021 00:08:33.124,0.73307,0.733,1,1
09.08.2021 00:08:35.882,0.7330800000000001,0.73299,1,2.76
09.08.2021 00:08:35.933,0.73311,0.73304,1,1
09.08.2021 00:08:36.035,0.73317,0.7330800000000001,1.5,2.62
09.08.2021 00:08:36.136,0.73317,0.7330800000000001,1.5,2.62
09.08.2021 00:08:36.237,0.73316,0.7330800000000001,1,1.5
09.08.2021 00:08:36.409,0.73319,0.7331000000000001,1,1
09.08.2021 00:08:36.510,0.73319,0.73311,1,1
09.08.2021 00:08:36.611,0.73319,0.7331000000000001,1,1
09.08.2021 00:08:37.304,0.73319,0.73309,1.5,1
09.08.2021 00:08:37.355,0.7331500000000001,0.73307,1,1
09.08.2021 00:08:37.457,0.73314,0.7330500000000001,1,1.12
09.08.2021 00:08:39.828,0.73317,0.73307,1,1
09.08.2021 00:08:39.980,0.73317,0.73306,1,1
09.08.2021 00:08:40.083,0.7331500000000001,0.73307,1,1
09.08.2021 00:08:41.791,0.73316,0.73307,1.25,1
09.08.2021 00:08:41.893,0.7331300000000001,0.73304,1,1
09.08.2021 00:08:42.044,0.7331300000000001,0.73302,1,1.12
09.08.2021 00:08:42.146,0.73311,0.7330300000000001,1,1
09.08.2021 00:08:43.830,0.73312,0.7330300000000001,1,1.12
09.08.2021 00:08:44.073,0.7331300000000001,0.7330500000000001,1,1.25
09.08.2021 00:08:44.477,0.73314,0.7330500000000001,1,1
09.08.2021 00:08:44.528,0.7331500000000001,0.73306,1,1
09.08.2021 00:08:44.942,0.73314,0.73306,1,1
09.08.2021 00:08:47.809,0.73314,0.73307,1,1
09.08.2021 00:08:47.860,0.73316,0.73309,1,1
09.08.2021 00:08:47.911,0.73318,0.7331000000000001,1,1
09.08.2021 00:08:48.014,0.73319,0.7331000000000001,1,1
09.08.2021 00:08:48.525,0.73318,0.7331000000000001,1,1
09.08.2021 00:08:52.612,0.73317,0.7330800000000001,1,1.12
09.08.2021 00:08:52.713,0.73316,0.7330800000000001,1,1
09.08.2021 00:08:52.815,0.73316,0.73307,1,1
09.08.2021 00:08:52.916,0.7331500000000001,0.73304,1,1
09.08.2021 00:08:54.152,0.73311,0.73302,1,1.5
09.08.2021 00:08:54.304,0.73311,0.73302,1,1
09.08.2021 00:08:55.352,0.7331000000000001,0.73299,1,1
09.08.2021 00:08:55.453,0.7330800000000001,0.733,1,1
09.08.2021 00:08:59.160,0.73307,0.733,1,1
09.08.2021 00:09:00.136,0.73307,0.7329800000000001,1,2.06
09.08.2021 00:09:01.044,0.73306,0.7329800000000001,1,1.69
09.08.2021 00:09:01.410,0.7330300000000001,0.7329600000000001,1,1.22
09.08.2021 00:09:01.460,0.73306,0.73294,1.5,2.87
09.08.2021 00:09:01.511,0.73302,0.7329300000000001,1,1
09.08.2021 00:09:01.613,0.73302,0.73294,1,1
09.08.2021 00:09:03.812,0.7330300000000001,0.73295,1,1
09.08.2021 00:09:03.914,0.7330500000000001,0.73295,1,1
09.08.2021 00:09:11.238,0.73304,0.73295,1,1.5
09.08.2021 00:09:11.495,0.73306,0.73297,1,1.25
09.08.2021 00:09:11.596,0.7330800000000001,0.73297,1,1
09.08.2021 00:09:11.698,0.7330800000000001,0.733,1,1
09.08.2021 00:09:11.799,0.73309,0.7329800000000001,1,1.69
09.08.2021 00:09:16.840,0.73309,0.73301,1,1.5
09.08.2021 00:09:17.527,0.73311,0.73301,1.87,1.69
09.08.2021 00:09:20.112,0.7331300000000001,0.7330300000000001,1.87,1.69
09.08.2021 00:09:20.265,0.7331500000000001,0.7330500000000001,4.5,1.69
09.08.2021 00:09:26.048,0.7331000000000001,0.73301,1.5,1.62
09.08.2021 00:09:26.150,0.73309,0.73299,1,4.06
09.08.2021 00:09:26.251,0.7331000000000001,0.7329800000000001,1.5,3.19
09.08.2021 00:09:27.968,0.73309,0.73299,1.5,4.19
09.08.2021 00:09:29.276,0.73312,0.73301,1,1.69
09.08.2021 00:09:29.378,0.73312,0.73302,1.12,3.25
09.08.2021 00:09:29.479,0.7331300000000001,0.73304,1,1.25
09.08.2021 00:09:32.617,0.73317,0.73307,1.5,2.25
09.08.2021 00:09:32.719,0.7331500000000001,0.73306,1,1
09.08.2021 00:09:32.993,0.73316,0.73304,1.5,1
09.08.2021 00:09:33.094,0.7331500000000001,0.7330300000000001,1,1.69
09.08.2021 00:09:37.582,0.73317,0.73307,1.5,2.44
09.08.2021 00:09:37.684,0.73319,0.7331000000000001,1.87,1
09.08.2021 00:09:41.311,0.73319,0.73309,2.44,1.69
09.08.2021 00:09:49.326,0.73318,0.73309,1,1
09.08.2021 00:09:49.497,0.73317,0.7330800000000001,1,1
09.08.2021 00:09:49.598,0.7331500000000001,0.73306,1,1.5
09.08.2021 00:09:49.699,0.7331500000000001,0.73306,1,1
09.08.2021 00:09:59.075,0.7331500000000001,0.7330500000000001,1.5,3.19
09.08.2021 00:09:59.279,0.7331500000000001,0.73306,1.5,1
09.08.2021 00:09:59.381,0.73318,0.7330800000000001,1.5,1.69
09.08.2021 00:09:59.482,0.73318,0.73309,1,1.69
09.08.2021 00:10:00.188,0.73319,0.73312,1,1
09.08.2021 00:10:00.290,0.7332500000000001,0.7331500000000001,2.75,2.25
09.08.2021 00:10:00.341,0.73326,0.73318,1,1.57
09.08.2021 00:10:00.442,0.73328,0.73319,1.12,1.25
09.08.2021 00:10:00.544,0.73328,0.7332000000000001,1,3.25
09.08.2021 00:10:01.000,0.7333000000000001,0.7332000000000001,1.5,3.25
09.08.2021 00:10:01.255,0.7333000000000001,0.73319,1,1.5
09.08.2021 00:10:01.356,0.73329,0.73319,1.5,3.19
09.08.2021 00:10:01.458,0.73328,0.73319,1,1
09.08.2021 00:10:01.559,0.73328,0.73317,1.5,1
09.08.2021 00:10:01.863,0.73329,0.73319,2.25,1.5
09.08.2021 00:10:02.820,0.73329,0.7332000000000001,1,1
09.08.2021 00:10:08.725,0.73331,0.73319,1.5,3.19
09.08.2021 00:10:09.315,0.73333,0.73324,2.62,1
09.08.2021 00:10:09.417,0.73338,0.73327,1.5,1
09.08.2021 00:10:09.518,0.73338,0.7333000000000001,1,2.5
09.08.2021 00:10:09.569,0.7334100000000001,0.73331,2.25,3.25
09.08.2021 00:10:09.671,0.73344,0.73332,2.75,1
09.08.2021 00:10:09.772,0.73343,0.73333,1.5,1.25
09.08.2021 00:10:09.873,0.73344,0.73334,1.5,1.69
09.08.2021 00:10:10.763,0.7334200000000001,0.73333,1.5,1
09.08.2021 00:10:10.864,0.7334,0.73331,1,1.87
09.08.2021 00:10:13.293,0.7334,0.7333000000000001,1.5,3
09.08.2021 00:10:13.395,0.73338,0.73329,1,1
09.08.2021 00:10:14.609,0.73337,0.73328,1,2.25
09.08.2021 00:10:14.710,0.7333600000000001,0.73327,1.5,1
09.08.2021 00:10:18.453,0.73338,0.73328,2.06,1.5
09.08.2021 00:10:18.504,0.7334,0.73331,1.5,1
09.08.2021 00:10:18.554,0.7334200000000001,0.73331,1.31,1
09.08.2021 00:10:18.605,0.73343,0.73333,1,1
09.08.2021 00:10:21.221,0.73344,0.73334,1,2.25
09.08.2021 00:10:22.498,0.73345,0.7333500000000001,2.44,1
09.08.2021 00:10:22.600,0.7334600000000001,0.73337,2.06,1
09.08.2021 00:10:22.954,0.7334700000000001,0.7333500000000001,2.25,1
09.08.2021 00:10:26.934,0.73345,0.7333500000000001,2.44,1
09.08.2021 00:10:27.035,0.73343,0.73331,1.69,2.75
09.08.2021 00:10:27.136,0.7334200000000001,0.73332,1.69,2.25
09.08.2021 00:10:27.238,0.7334200000000001,0.73331,1.5,1
09.08.2021 00:10:29.456,0.7334100000000001,0.73331,2.44,1.5
09.08.2021 00:10:31.300,0.7334100000000001,0.73329,1,3
09.08.2021 00:10:33.078,0.7334,0.73331,1,1
09.08.2021 00:10:33.667,0.7334,0.7333000000000001,1,3
09.08.2021 00:10:34.172,0.73339,0.7333000000000001,1,1
09.08.2021 00:10:35.467,0.7334,0.73328,1,2.25
09.08.2021 00:10:37.625,0.7334,0.73329,2.25,2.25
09.08.2021 00:10:37.726,0.7334100000000001,0.7333000000000001,1,1
09.08.2021 00:10:37.929,0.7334100000000001,0.73332,1.12,1.5
09.08.2021 00:10:40.418,0.7334100000000001,0.73331,1.5,2.25
09.08.2021 00:10:40.520,0.7334100000000001,0.7333000000000001,1,1.5
09.08.2021 00:10:41.195,0.7334,0.7333000000000001,1,2.25
09.08.2021 00:10:41.694,0.7334,0.73329,2.81,1
09.08.2021 00:10:41.745,0.73339,0.73327,1,1.5
09.08.2021 00:10:42.048,0.73339,0.7333000000000001,1,1
09.08.2021 00:10:42.632,0.7334100000000001,0.73332,1,1.5
09.08.2021 00:10:42.734,0.7334200000000001,0.73332,1.5,2.25
09.08.2021 00:10:43.984,0.7334100000000001,0.73332,1,1
09.08.2021 00:10:44.281,0.7334,0.73331,1,1
09.08.2021 00:10:44.383,0.7334,0.7333000000000001,1,2.25
09.08.2021 00:10:45.316,0.7334,0.73331,1,1
09.08.2021 00:10:56.512,0.73339,0.73331,1.25,1
09.08.2021 00:10:56.614,0.73339,0.7333000000000001,1,1
09.08.2021 00:10:57.271,0.73343,0.73333,1.87,1.5
09.08.2021 00:10:57.322,0.73343,0.7333600000000001,1.12,1
09.08.2021 00:10:57.475,0.7334600000000001,0.7333600000000001,2.44,1.5
09.08.2021 00:10:59.388,0.7334600000000001,0.7333500000000001,1.69,1
09.08.2021 00:11:00.162,0.73344,0.7333600000000001,1,1
09.08.2021 00:11:01.788,0.73344,0.7333500000000001,1,1
09.08.2021 00:11:01.889,0.73343,0.73334,1,1
09.08.2021 00:11:05.492,0.7334200000000001,0.73334,1.25,1
09.08.2021 00:11:05.594,0.7334100000000001,0.73332,1.25,1
09.08.2021 00:11:05.746,0.7334,0.73331,1,1.5
09.08.2021 00:11:06.621,0.7334,0.73331,2.69,1
09.08.2021 00:11:10.597,0.7334,0.73331,1.69,1
09.08.2021 00:11:15.514,0.7334100000000001,0.73331,1.69,1.5
09.08.2021 00:11:24.475,0.7334100000000001,0.7333000000000001,1.25,1
09.08.2021 00:11:31.864,0.7334,0.7333000000000001,1.69,1.5
09.08.2021 00:11:41.834,0.73339,0.73329,1,1
09.08.2021 00:11:42.626,0.7333500000000001,0.73328,1,1
09.08.2021 00:11:42.728,0.7333500000000001,0.73327,1,1.12
09.08.2021 00:11:42.829,0.7333500000000001,0.73326,1,1.5
09.08.2021 00:11:43.132,0.73334,0.73324,1,1.12
09.08.2021 00:11:43.234,0.73331,0.73323,1,1.12
09.08.2021 00:11:43.537,0.73329,0.73322,1,1
09.08.2021 00:11:43.796,0.7333000000000001,0.7332000000000001,1,1.5
09.08.2021 00:11:43.948,0.73327,0.7332000000000001,1,1
09.08.2021 00:11:44.049,0.73326,0.73319,1,1.25
09.08.2021 00:11:52.141,0.73326,0.73318,1,1.69
09.08.2021 00:11:56.434,0.73327,0.73318,1,1
09.08.2021 00:11:58.055,0.73331,0.73323,1,1
09.08.2021 00:11:58.157,0.73332,0.73324,1.69,1.69
09.08.2021 00:12:00.381,0.73331,0.73322,1,2.06
09.08.2021 00:12:00.483,0.73328,0.73321,1,2.06
09.08.2021 00:12:06.221,0.73329,0.73319,1,1.25
09.08.2021 00:12:06.323,0.73327,0.7332000000000001,1,1
09.08.2021 00:12:06.525,0.73327,0.73319,1,1.69
09.08.2021 00:12:11.887,0.73327,0.73318,1,1
09.08.2021 00:12:15.285,0.73327,0.73317,1,1
09.08.2021 00:12:18.537,0.73326,0.73316,1,1
09.08.2021 00:12:20.346,0.7332500000000001,0.73316,1.5,1.5
09.08.2021 00:12:22.258,0.73323,0.73316,1,1.5
09.08.2021 00:12:23.136,0.73323,0.7331500000000001,1,1
09.08.2021 00:12:23.238,0.73321,0.7331300000000001,1,2.81
09.08.2021 00:12:26.396,0.7332000000000001,0.73312,1,2.44
09.08.2021 00:12:32.939,0.73319,0.73312,1,1.5
09.08.2021 00:12:33.184,0.73319,0.73311,1,2.62
09.08.2021 00:12:37.892,0.73319,0.7331000000000001,1,1
09.08.2021 00:12:37.993,0.73319,0.73311,1,1
09.08.2021 00:12:38.145,0.73317,0.7330800000000001,1,1.75
09.08.2021 00:12:40.309,0.73318,0.7330800000000001,1,1.75
09.08.2021 00:12:41.973,0.73319,0.7330800000000001,1,1.75
09.08.2021 00:12:42.626,0.73318,0.73309,1,1.25
09.08.2021 00:12:43.585,0.7332000000000001,0.7331300000000001,1,1
09.08.2021 00:12:43.687,0.73322,0.7331300000000001,1.69,1.25
09.08.2021 00:12:44.670,0.73323,0.73314,1,1.87
09.08.2021 00:12:44.772,0.73323,0.7331500000000001,1,1.69
09.08.2021 00:12:44.823,0.73328,0.73317,2,1.25
09.08.2021 00:12:44.924,0.73328,0.73319,1,1.25
09.08.2021 00:12:45.026,0.73329,0.7332000000000001,1,1.25
09.08.2021 00:12:47.763,0.73328,0.73319,1,2.06
09.08.2021 00:12:49.049,0.73326,0.73317,1,2.5
09.08.2021 00:12:49.151,0.73326,0.7331500000000001,1,1.31
09.08.2021 00:12:49.252,0.73324,0.73314,1,2.44
09.08.2021 00:12:50.483,0.73322,0.73311,1,2.06
09.08.2021 00:12:50.739,0.7332000000000001,0.73312,1,1.69
09.08.2021 00:12:50.841,0.73321,0.7331000000000001,1,1.69
09.08.2021 00:12:50.942,0.73319,0.73311,1,1.25
09.08.2021 00:12:51.044,0.73319,0.73309,1.5,2.06
09.08.2021 00:12:51.297,0.73318,0.73309,1,1.25
09.08.2021 00:12:52.255,0.73318,0.7330800000000001,1.5,1.25
09.08.2021 00:12:58.721,0.73319,0.73307,1.5,2.31
09.08.2021 00:13:00.342,0.73317,0.73307,1.5,2.69
09.08.2021 00:13:01.146,0.73316,0.73306,1.5,3.81
09.08.2021 00:13:01.247,0.7331500000000001,0.73306,1.5,2.69
09.08.2021 00:13:02.898,0.7331500000000001,0.73306,1,1.69
09.08.2021 00:13:07.534,0.73314,0.73304,1,1
09.08.2021 00:13:07.863,0.73316,0.7330500000000001,1.5,1
09.08.2021 00:13:11.266,0.7331300000000001,0.73304,1.5,1
09.08.2021 00:13:11.368,0.73312,0.7330300000000001,1,2.44
09.08.2021 00:13:12.346,0.73312,0.73302,1,2.44
09.08.2021 00:13:13.462,0.73311,0.7330300000000001,1,1.25
09.08.2021 00:13:17.309,0.73311,0.73302,1,1.69
09.08.2021 00:13:19.414,0.73309,0.73301,1,1.5
09.08.2021 00:13:19.567,0.73309,0.73302,1,1.25
09.08.2021 00:13:19.719,0.73309,0.73301,1,1.69
09.08.2021 00:13:19.821,0.7331300000000001,0.7330500000000001,1,1.25
09.08.2021 00:13:20.179,0.7331300000000001,0.73304,1,1.69
09.08.2021 00:13:30.503,0.7331300000000001,0.73304,1,1.75
09.08.2021 00:13:30.605,0.73318,0.7330800000000001,1,1.25
09.08.2021 00:13:30.959,0.73317,0.73307,1.5,3.75
09.08.2021 00:13:31.060,0.73317,0.73306,1,1.69
09.08.2021 00:13:33.198,0.73317,0.7330800000000001,1,1
09.08.2021 00:13:33.501,0.73316,0.7330800000000001,1,1
09.08.2021 00:13:33.603,0.7331500000000001,0.73307,1,1
09.08.2021 00:13:34.257,0.7331500000000001,0.7330800000000001,1,1
09.08.2021 00:13:34.358,0.73316,0.7330800000000001,1,1.25
09.08.2021 00:13:35.414,0.7332000000000001,0.73311,1.87,1
09.08.2021 00:13:35.515,0.7332000000000001,0.73312,1,1
09.08.2021 00:13:35.717,0.73319,0.73312,1,1
09.08.2021 00:13:35.970,0.73319,0.73311,1,1
09.08.2021 00:13:36.552,0.73318,0.73311,1,1
09.08.2021 00:13:51.861,0.73317,0.73309,1,1
09.08.2021 00:13:51.963,0.73319,0.7330800000000001,1.12,1
09.08.2021 00:13:52.064,0.73317,0.7330800000000001,1,1
09.08.2021 00:13:52.115,0.73316,0.73306,1,1
09.08.2021 00:13:52.216,0.7331500000000001,0.73306,1,1
09.08.2021 00:13:52.779,0.7331500000000001,0.73306,1,1
09.08.2021 00:13:53.230,0.73316,0.7330800000000001,1,1
09.08.2021 00:13:54.338,0.7331500000000001,0.7330800000000001,1,1
09.08.2021 00:13:54.802,0.7331500000000001,0.73307,1,1
09.08.2021 00:14:00.255,0.73314,0.73306,1,1
09.08.2021 00:14:21.866,0.73314,0.7330500000000001,1,1
09.08.2021 00:14:21.967,0.73314,0.73306,1.5,1
09.08.2021 00:14:30.944,0.7331300000000001,0.73306,1.25,1.5
09.08.2021 00:14:31.067,0.73314,0.73306,1.69,1.5
09.08.2021 00:14:39.977,0.73317,0.7330800000000001,1.95,1
09.08.2021 00:14:40.078,0.73317,0.73309,2.39,1
09.08.2021 00:14:40.281,0.73318,0.73307,2.31,1
09.08.2021 00:14:41.591,0.73316,0.7330800000000001,1.94,1
09.08.2021 00:14:42.803,0.73317,0.73306,3.12,1.5
09.08.2021 00:14:42.907,0.7331500000000001,0.73307,1.5,1.5
09.08.2021 00:14:43.817,0.73316,0.7330500000000001,1.5,1.5
09.08.2021 00:14:53.667,0.73312,0.7330500000000001,1.12,1
09.08.2021 00:14:53.769,0.73309,0.73302,1,1
09.08.2021 00:14:53.870,0.73309,0.73301,1.69,1
09.08.2021 00:14:57.681,0.73309,0.733,2.44,1
09.08.2021 00:15:01.069,0.7331000000000001,0.7330300000000001,1.25,1.5
09.08.2021 00:15:01.171,0.7331300000000001,0.73304,2.37,1
09.08.2021 00:15:01.273,0.7331300000000001,0.73304,1.87,1
09.08.2021 00:15:01.950,0.7331300000000001,0.7330300000000001,1,1
09.08.2021 00:15:02.051,0.73312,0.7330300000000001,1,1
09.08.2021 00:15:05.412,0.7331300000000001,0.73304,1.5,1
09.08.2021 00:15:05.665,0.7331300000000001,0.7330300000000001,1,1
09.08.2021 00:15:06.074,0.7331300000000001,0.73301,1.5,1.87
09.08.2021 00:15:06.176,0.73311,0.73302,1,1
09.08.2021 00:15:07.284,0.73312,0.733,3.37,1
09.08.2021 00:15:07.389,0.73311,0.733,1,1
09.08.2021 00:15:14.573,0.73309,0.73301,1.12,1
09.08.2021 00:15:14.682,0.73311,0.733,3,1
09.08.2021 00:15:15.338,0.73312,0.7330300000000001,2,1
09.08.2021 00:15:15.441,0.73311,0.73302,1,1
09.08.2021 00:15:19.513,0.73311,0.73301,3,1.5
09.08.2021 00:15:20.669,0.7331000000000001,0.73301,1,1
09.08.2021 00:15:30.231,0.73309,0.733,1.69,1
09.08.2021 00:15:30.739,0.73306,0.7329800000000001,1.5,1
09.08.2021 00:15:30.840,0.73306,0.73297,2.06,1
09.08.2021 00:15:30.942,0.73307,0.7329800000000001,3.56,1
09.08.2021 00:15:31.043,0.73307,0.7329600000000001,1,1.25
09.08.2021 00:15:34.601,0.7330500000000001,0.7329600000000001,1,1.5
09.08.2021 00:15:35.770,0.73306,0.7329600000000001,1,2.44
09.08.2021 00:15:35.922,0.73306,0.73297,1,1
09.08.2021 00:15:40.558,0.7330800000000001,0.73299,1.12,1
09.08.2021 00:15:40.660,0.73311,0.733,3.31,1
09.08.2021 00:15:40.763,0.7331000000000001,0.733,1,1
09.08.2021 00:15:42.755,0.73309,0.733,1,1
09.08.2021 00:15:42.857,0.73309,0.73297,1,1.5
09.08.2021 00:15:42.958,0.7330800000000001,0.73297,1,1
09.08.2021 00:15:47.102,0.73309,0.733,1.5,1
09.08.2021 00:15:47.204,0.73311,0.733,2.62,1
09.08.2021 00:15:48.886,0.73309,0.73301,1,1
09.08.2021 00:15:53.327,0.73309,0.73299,1,1.5
09.08.2021 00:15:53.484,0.73309,0.73297,1,1.5
09.08.2021 00:15:55.993,0.73307,0.73297,1.5,1.5
09.08.2021 00:15:59.297,0.73307,0.7329800000000001,1,1
09.08.2021 00:15:59.448,0.7330800000000001,0.7329800000000001,1,1.69
09.08.2021 00:15:59.499,0.73309,0.733,1.12,1.5
09.08.2021 00:16:01.531,0.73307,0.7329600000000001,3.12,1
09.08.2021 00:16:01.633,0.7329800000000001,0.7329100000000001,1,2.25
09.08.2021 00:16:01.683,0.73301,0.7329,3.37,1.5
09.08.2021 00:16:01.784,0.73299,0.7329100000000001,1,1
09.08.2021 00:16:03.128,0.733,0.7329100000000001,1,1
09.08.2021 00:16:03.230,0.73302,0.7329300000000001,1,1
09.08.2021 00:16:03.331,0.73302,0.73292,1.5,1.25
09.08.2021 00:16:03.432,0.73299,0.7329100000000001,1,1
09.08.2021 00:16:04.218,0.73302,0.7329,1.87,2.25
09.08.2021 00:16:04.370,0.73301,0.7329,1,1.5
09.08.2021 00:16:04.471,0.73297,0.73289,2.44,1
09.08.2021 00:16:04.522,0.73297,0.73287,1.69,1.87
09.08.2021 00:16:04.997,0.733,0.73289,5.7,1
09.08.2021 00:16:05.557,0.7329800000000001,0.7328800000000001,2.25,1.5
09.08.2021 00:16:05.962,0.733,0.7328800000000001,1.5,1
09.08.2021 00:16:06.063,0.73301,0.73289,3.12,1.5
09.08.2021 00:16:06.114,0.73301,0.73289,3,1.5
09.08.2021 00:16:06.890,0.733,0.7329,3.12,1.5
09.08.2021 00:16:08.079,0.73299,0.7329,1.45,1.5
09.08.2021 00:16:08.182,0.733,0.7328800000000001,2,1
09.08.2021 00:16:08.283,0.73299,0.73289,1.87,1
09.08.2021 00:16:08.708,0.73299,0.73289,2,1
09.08.2021 00:16:08.822,0.733,0.73287,3.69,1.5
09.08.2021 00:16:09.442,0.7329800000000001,0.73289,1,1
09.08.2021 00:16:11.694,0.73299,0.73289,1.12,1.5
09.08.2021 00:16:15.399,0.7330300000000001,0.7329300000000001,3.75,1
09.08.2021 00:16:15.754,0.73302,0.73292,1,1
09.08.2021 00:16:15.957,0.73301,0.7329100000000001,1,3.19
09.08.2021 00:16:16.058,0.73302,0.7329100000000001,1,1
09.08.2021 00:16:16.412,0.733,0.7329100000000001,1.12,1
09.08.2021 00:16:19.075,0.73297,0.73289,1.5,1
09.08.2021 00:16:19.126,0.73297,0.73287,3.69,1.5
09.08.2021 00:16:19.575,0.73295,0.73287,1.5,1
09.08.2021 00:16:19.677,0.73294,0.7328600000000001,1.12,1
09.08.2021 00:16:22.215,0.7329300000000001,0.7328300000000001,3.37,1.5
09.08.2021 00:16:24.836,0.7329300000000001,0.73285,1.12,1
09.08.2021 00:16:24.887,0.7329600000000001,0.73287,1,1
09.08.2021 00:16:27.290,0.7329800000000001,0.73289,1.12,1
09.08.2021 00:16:27.391,0.73295,0.7328600000000001,1,1.12
09.08.2021 00:16:27.493,0.73295,0.73285,1.87,1
09.08.2021 00:16:27.973,0.73294,0.73285,1,1
09.08.2021 00:16:29.197,0.73294,0.73284,1,1
09.08.2021 00:16:29.299,0.7329300000000001,0.73284,1,1
09.08.2021 00:16:29.400,0.73294,0.73285,1.12,1.5
09.08.2021 00:16:29.502,0.73295,0.7328600000000001,1.87,1
09.08.2021 00:16:29.603,0.7329800000000001,0.7328600000000001,2.37,1.5
09.08.2021 00:16:29.654,0.7329800000000001,0.7328600000000001,1.87,1.5
09.08.2021 00:16:29.705,0.73297,0.73289,1.12,1
09.08.2021 00:16:29.857,0.7329800000000001,0.73289,1,1.5
09.08.2021 00:16:30.110,0.733,0.7329,1.12,1.5
09.08.2021 00:16:31.098,0.73299,0.7329,1.25,1
09.08.2021 00:16:31.200,0.73299,0.73289,1.69,1.5
09.08.2021 00:16:32.051,0.7329800000000001,0.7328800000000001,1.12,1
09.08.2021 00:16:32.102,0.7329800000000001,0.7328600000000001,1.12,1.5
09.08.2021 00:16:32.203,0.7329600000000001,0.73287,1,1
09.08.2021 00:16:32.507,0.7329600000000001,0.7328600000000001,1.5,1
09.08.2021 00:16:32.558,0.73295,0.73285,1.5,1.5
09.08.2021 00:16:32.909,0.73295,0.7328600000000001,1.12,1
09.08.2021 00:16:33.821,0.73295,0.7328600000000001,2.37,1
09.08.2021 00:16:34.214,0.73295,0.7328600000000001,1.12,1
09.08.2021 00:16:34.801,0.7329800000000001,0.73285,1.39,1.5
09.08.2021 00:16:34.913,0.7329600000000001,0.7328600000000001,1,1.5
09.08.2021 00:16:35.302,0.73297,0.7328600000000001,1.39,1.5
09.08.2021 00:16:35.404,0.7329600000000001,0.7328600000000001,1,1
09.08.2021 00:16:35.637,0.73295,0.7328600000000001,1,1
09.08.2021 00:16:35.957,0.7329600000000001,0.7328600000000001,1.12,1
09.08.2021 00:16:37.154,0.73295,0.7328600000000001,1,1
09.08.2021 00:16:42.606,0.73297,0.73285,1.12,2.44
09.08.2021 00:16:43.102,0.73295,0.7328600000000001,1.5,1
09.08.2021 00:16:46.592,0.73297,0.73285,1.31,1
09.08.2021 00:16:46.946,0.73297,0.7328800000000001,2.62,1
09.08.2021 00:16:47.048,0.73295,0.7328600000000001,1,1
09.08.2021 00:16:50.973,0.7329600000000001,0.73284,1.87,1.5
09.08.2021 00:16:54.218,0.73294,0.73284,1.69,1.5
09.08.2021 00:16:57.314,0.73292,0.73284,3.19,1
09.08.2021 00:16:57.366,0.73292,0.73282,3.94,1.5
09.08.2021 00:16:57.468,0.73292,0.7328300000000001,1,1
09.08.2021 00:16:58.309,0.7329300000000001,0.7328100000000001,1.5,1.69
09.08.2021 00:16:59.428,0.7329300000000001,0.73284,1,1
09.08.2021 00:16:59.529,0.73294,0.73284,1,1.5
09.08.2021 00:17:00.112,0.7329100000000001,0.73282,2.06,1
09.08.2021 00:17:00.213,0.7329,0.7328,3.44,1
09.08.2021 00:17:05.436,0.7329,0.7327800000000001,1.5,2.44
09.08.2021 00:17:14.800,0.73289,0.73279,1.5,1.75
09.08.2021 00:17:14.902,0.7328800000000001,0.73277,1,1.25
09.08.2021 00:17:16.535,0.73287,0.7327800000000001,1,2.5
09.08.2021 00:17:17.693,0.73287,0.7328,1,1.69
09.08.2021 00:17:18.247,0.7329,0.7328,1,1.25
09.08.2021 00:17:18.399,0.7329100000000001,0.7328100000000001,1,1.25
09.08.2021 00:17:18.500,0.7329300000000001,0.73284,1.5,1
09.08.2021 00:17:18.609,0.7329300000000001,0.7328300000000001,2.25,1.25
09.08.2021 00:17:22.563,0.73292,0.7328300000000001,1,1.25
09.08.2021 00:17:29.502,0.7329100000000001,0.73282,1,2.31
09.08.2021 00:17:29.604,0.7328800000000001,0.73279,1,3.81
09.08.2021 00:17:29.705,0.7329,0.7328100000000001,1,1
09.08.2021 00:17:29.806,0.73289,0.7328100000000001,1,1
09.08.2021 00:17:30.997,0.73289,0.73282,1,1
09.08.2021 00:17:31.049,0.7329100000000001,0.7328300000000001,7.72,1
09.08.2021 00:17:33.214,0.7329100000000001,0.73282,2.81,1
09.08.2021 00:17:33.721,0.7329300000000001,0.73284,1.62,1
09.08.2021 00:17:33.823,0.73294,0.7328300000000001,2,1.25
09.08.2021 00:17:33.924,0.73294,0.73285,1.5,1
09.08.2021 00:17:35.460,0.7329300000000001,0.73282,1.5,1
09.08.2021 00:17:35.562,0.7329100000000001,0.7328,2.44,1
09.08.2021 00:17:35.663,0.7329100000000001,0.7328,3.44,1
09.08.2021 00:17:35.773,0.7329,0.7328100000000001,1.69,1
09.08.2021 00:17:38.816,0.7329100000000001,0.7328100000000001,1.5,1
09.08.2021 00:17:45.055,0.73292,0.73284,1.25,1
09.08.2021 00:17:45.164,0.73294,0.73285,2.64,1
09.08.2021 00:17:45.266,0.73295,0.73284,1.87,1
09.08.2021 00:17:50.340,0.73295,0.7328600000000001,1,1
09.08.2021 00:17:50.442,0.73297,0.73287,2.07,1
09.08.2021 00:17:50.544,0.73297,0.73289,1.2,1
09.08.2021 00:17:51.471,0.73297,0.7328800000000001,1.31,1
09.08.2021 00:17:52.770,0.7329600000000001,0.73287,1.69,1
09.08.2021 00:17:53.550,0.7329600000000001,0.73287,2.56,1
09.08.2021 00:17:55.184,0.7329600000000001,0.73287,1.5,1
09.08.2021 00:17:55.286,0.7329800000000001,0.7328800000000001,1.75,1
09.08.2021 00:17:55.388,0.7329800000000001,0.73289,1.69,1
09.08.2021 00:17:55.745,0.7329800000000001,0.73289,2.87,1
09.08.2021 00:17:56.214,0.73299,0.7328800000000001,1.31,1
09.08.2021 00:17:58.365,0.73299,0.7329100000000001,1.69,1
09.08.2021 00:17:58.517,0.73301,0.7329,2.94,1.69
09.08.2021 00:17:58.669,0.7330300000000001,0.73294,4.06,1
09.08.2021 00:17:58.973,0.73302,0.7329300000000001,2.81,1
09.08.2021 00:17:59.074,0.73301,0.73292,1,1
09.08.2021 00:17:59.864,0.733,0.7329100000000001,2.06,1
09.08.2021 00:18:04.008,0.73301,0.7329300000000001,1.12,1
09.08.2021 00:18:04.110,0.7330500000000001,0.73294,1.87,1
09.08.2021 00:18:05.564,0.73304,0.73294,2.81,1
09.08.2021 00:18:05.823,0.73301,0.73292,2.06,1
09.08.2021 00:18:06.409,0.73301,0.7329,1.31,1
09.08.2021 00:18:06.611,0.73299,0.7329100000000001,1.25,1
09.08.2021 00:18:06.713,0.73299,0.7329,1.25,1
09.08.2021 00:18:08.885,0.73299,0.73289,1.69,1.5
09.08.2021 00:18:10.360,0.73299,0.7329,1,1
09.08.2021 00:18:10.461,0.733,0.7329100000000001,1.31,1
09.08.2021 00:18:11.525,0.733,0.7329100000000001,2.31,1
09.08.2021 00:18:11.778,0.733,0.7329100000000001,1.31,1
09.08.2021 00:18:19.811,0.73301,0.73292,2.06,1
09.08.2021 00:18:22.514,0.73302,0.7329100000000001,3.06,1
09.08.2021 00:18:24.176,0.73301,0.73292,2.06,1
09.08.2021 00:18:25.200,0.73301,0.7329300000000001,1.12,1
09.08.2021 00:18:26.201,0.73304,0.73294,2,1
09.08.2021 00:18:26.252,0.7330500000000001,0.7329600000000001,1.5,1
09.08.2021 00:18:26.354,0.7330500000000001,0.73295,1,1
09.08.2021 00:18:31.394,0.73306,0.73297,2.75,1
09.08.2021 00:18:31.495,0.73306,0.73297,1.87,1
09.08.2021 00:18:35.857,0.73306,0.7329600000000001,3.75,1
09.08.2021 00:18:36.164,0.73306,0.7329600000000001,4.25,1
09.08.2021 00:18:36.366,0.73306,0.7329600000000001,3.37,1
09.08.2021 00:18:38.678,0.73306,0.73297,1.5,1
09.08.2021 00:18:39.209,0.7330800000000001,0.73299,1,1.5
09.08.2021 00:18:39.310,0.7331000000000001,0.733,1.12,1
09.08.2021 00:18:39.616,0.7331000000000001,0.73299,1,1.5
09.08.2021 00:18:49.765,0.73312,0.733,2,2.44
09.08.2021 00:18:49.866,0.73311,0.7330300000000001,1.5,1
09.08.2021 00:18:52.068,0.73312,0.73304,1,1
09.08.2021 00:18:53.181,0.73311,0.73302,1.5,1
09.08.2021 00:18:53.387,0.7331000000000001,0.73302,1,1
09.08.2021 00:18:54.490,0.73311,0.733,1.87,1
09.08.2021 00:18:58.923,0.7331000000000001,0.73302,1,1
09.08.2021 00:19:02.695,0.73311,0.73302,1.5,1
09.08.2021 00:19:02.999,0.73312,0.7330300000000001,1.12,1
09.08.2021 00:19:03.101,0.73312,0.73304,1,1
09.08.2021 00:19:05.757,0.7331300000000001,0.73302,1,1
09.08.2021 00:19:05.859,0.73311,0.73301,1,1.5
09.08.2021 00:19:06.308,0.73311,0.73302,1,1
09.08.2021 00:19:06.758,0.73311,0.73301,1,1.5
09.08.2021 00:19:08.716,0.7331000000000001,0.73301,1.5,1
09.08.2021 00:19:17.967,0.7331000000000001,0.7330300000000001,1,1
09.08.2021 00:19:23.237,0.73311,0.73302,1,1
09.08.2021 00:19:27.661,0.73312,0.73302,2.62,1
09.08.2021 00:19:27.762,0.7331300000000001,0.73302,2.62,1.69
09.08.2021 00:19:27.863,0.7331500000000001,0.73304,2,1.69
09.08.2021 00:19:27.964,0.73316,0.73307,2.75,1
09.08.2021 00:19:28.066,0.73317,0.73306,1,1
09.08.2021 00:19:29.541,0.7331500000000001,0.7330500000000001,1,1
09.08.2021 00:19:31.147,0.7331500000000001,0.7330500000000001,1,1.25
09.08.2021 00:19:34.264,0.7331500000000001,0.7330500000000001,1.5,2.5
09.08.2021 00:19:39.208,0.7331500000000001,0.7330500000000001,1.5,1.25
09.08.2021 00:19:46.173,0.7331500000000001,0.73306,1,1.25
09.08.2021 00:19:46.325,0.73317,0.73306,1.12,1
09.08.2021 00:19:47.112,0.73316,0.73306,1,1.69
09.08.2021 00:19:54.042,0.7331500000000001,0.73306,1,1
09.08.2021 00:19:54.144,0.7331500000000001,0.7330500000000001,1,1.69
09.08.2021 00:19:55.573,0.7331500000000001,0.73306,1,1
09.08.2021 00:19:55.675,0.7332000000000001,0.73311,1.5,1
09.08.2021 00:19:55.776,0.7332000000000001,0.73312,1.25,1
09.08.2021 00:19:57.197,0.7332000000000001,0.73311,1,1.69
09.08.2021 00:19:57.298,0.73323,0.73314,1.5,1
09.08.2021 00:20:02.360,0.73322,0.73312,1.5,1
09.08.2021 00:20:02.461,0.73323,0.7331000000000001,2.25,1.69
09.08.2021 00:20:03.665,0.73323,0.73311,2.62,1
09.08.2021 00:20:04.019,0.73322,0.73311,2.62,1.69
09.08.2021 00:20:05.673,0.73323,0.7331000000000001,2.62,2.5
09.08.2021 00:20:05.774,0.73323,0.7331000000000001,3.56,1.69
09.08.2021 00:20:06.292,0.73322,0.73311,3.37,2.5
09.08.2021 00:20:06.393,0.73323,0.7331000000000001,4.31,1.69
09.08.2021 00:20:07.753,0.73323,0.7331000000000001,3.37,2.5
09.08.2021 00:20:08.165,0.73324,0.7331300000000001,3.37,2.5
09.08.2021 00:20:09.438,0.73323,0.7331300000000001,1,2.44
09.08.2021 00:20:12.431,0.73323,0.7331300000000001,1,3.25
09.08.2021 00:20:13.827,0.73324,0.73314,1.87,1.25
09.08.2021 00:20:16.663,0.73326,0.73318,1.69,1
09.08.2021 00:20:16.764,0.73329,0.73319,1.62,1.75
09.08.2021 00:20:16.866,0.73331,0.73319,1.87,1.69
09.08.2021 00:20:20.262,0.73331,0.7332000000000001,3,3.25
09.08.2021 00:20:21.110,0.73331,0.73321,2.25,2.5
09.08.2021 00:20:22.014,0.73332,0.73322,1.5,1.25
09.08.2021 00:20:28.502,0.73332,0.7332000000000001,1,2.44
09.08.2021 00:20:29.057,0.73333,0.73323,1.5,1
09.08.2021 00:20:29.159,0.73334,0.73324,2.62,1.5
09.08.2021 00:20:29.812,0.73333,0.73324,1,1
09.08.2021 00:20:30.676,0.73334,0.73322,1.5,1
09.08.2021 00:20:30.829,0.73332,0.73322,1,1
09.08.2021 00:20:30.932,0.73331,0.73319,1.5,1.5
09.08.2021 00:20:31.034,0.73331,0.73319,1.87,1
09.08.2021 00:20:43.361,0.73329,0.73319,1,3.19
09.08.2021 00:20:58.975,0.73329,0.73319,1.5,3.25
09.08.2021 00:20:59.393,0.7333000000000001,0.73319,1,1.75
09.08.2021 00:21:03.251,0.73329,0.7332000000000001,1,1
09.08.2021 00:21:03.352,0.73329,0.73319,1,2.44
09.08.2021 00:21:14.576,0.73328,0.73318,1,2.25
09.08.2021 00:21:14.691,0.7332500000000001,0.73316,3,1.5
09.08.2021 00:21:14.792,0.73323,0.7331300000000001,1,1
09.08.2021 00:21:21.656,0.73323,0.73311,1.5,2.69
09.08.2021 00:21:21.868,0.73322,0.73314,1.5,1
09.08.2021 00:21:23.021,0.73322,0.73312,1.5,2.69
09.08.2021 00:21:27.831,0.73323,0.7331300000000001,1.5,2.5
09.08.2021 00:21:32.506,0.7332500000000001,0.73314,1,1
09.08.2021 00:21:36.119,0.73327,0.73317,1.87,3.44
09.08.2021 00:21:36.221,0.73329,0.7332000000000001,1.5,1
09.08.2021 00:21:36.322,0.73329,0.7332000000000001,1,1
09.08.2021 00:21:41.897,0.73328,0.73316,1.5,1.69
09.08.2021 00:21:42.104,0.73326,0.7331500000000001,1.5,3
09.08.2021 00:21:42.463,0.7332500000000001,0.7331500000000001,1,1.5
09.08.2021 00:21:42.863,0.73324,0.73314,1,2.25
09.08.2021 00:22:05.809,0.7332500000000001,0.73314,1,1
09.08.2021 00:22:10.597,0.73323,0.73314,1,1
09.08.2021 00:22:10.699,0.73323,0.7331300000000001,2.25,1
09.08.2021 00:22:11.022,0.73322,0.7331300000000001,1,1
09.08.2021 00:22:11.123,0.73323,0.73311,1.5,1.69
09.08.2021 00:22:11.228,0.73324,0.73312,2.06,1
09.08.2021 00:22:11.431,0.7332500000000001,0.73312,2.06,1.5
09.08.2021 00:22:11.855,0.73324,0.73314,2.06,1
09.08.2021 00:22:12.902,0.7332500000000001,0.73314,2.44,1.5
09.08.2021 00:22:15.225,0.7332500000000001,0.7331300000000001,1,1.5
09.08.2021 00:22:18.610,0.73324,0.7331500000000001,1,1
09.08.2021 00:22:18.712,0.7332500000000001,0.7331500000000001,1,1
09.08.2021 00:22:19.182,0.73326,0.73316,1,1.5
09.08.2021 00:22:19.289,0.73327,0.73316,1,1
09.08.2021 00:22:19.391,0.73328,0.73316,1.25,1
09.08.2021 00:22:22.250,0.73328,0.73318,1,1
09.08.2021 00:22:22.351,0.7333000000000001,0.73319,3.64,1.5
09.08.2021 00:22:28.164,0.73328,0.73319,1,1
09.08.2021 00:22:28.854,0.73329,0.73317,1.25,1.5
09.08.2021 00:22:28.956,0.73327,0.73318,1,1
09.08.2021 00:22:31.390,0.73329,0.73317,1.25,1.5
09.08.2021 00:22:32.678,0.73326,0.73317,1.5,1
09.08.2021 00:22:32.779,0.73327,0.7331500000000001,1.69,1
09.08.2021 00:22:32.881,0.7332500000000001,0.7331500000000001,1,1
09.08.2021 00:22:37.456,0.73324,0.73314,1.31,1.5
09.08.2021 00:22:39.742,0.73322,0.73311,1,1
09.08.2021 00:22:39.844,0.73321,0.73311,1,1
09.08.2021 00:22:39.945,0.7332000000000001,0.73311,1,1.69
09.08.2021 00:22:42.088,0.7332500000000001,0.73312,2.44,1.5
09.08.2021 00:22:42.189,0.73324,0.73314,2.44,1
09.08.2021 00:22:45.729,0.73326,0.7331500000000001,2.62,2.25
09.08.2021 00:22:49.813,0.73326,0.73318,1.5,1
09.08.2021 00:22:56.931,0.73328,0.73321,1.31,1
09.08.2021 00:22:56.982,0.7333000000000001,0.73322,1,1
09.08.2021 00:22:57.185,0.73332,0.73323,1,1
09.08.2021 00:22:57.833,0.73332,0.73324,1,1
09.08.2021 00:22:58.677,0.73332,0.7332500000000001,1,1
09.08.2021 00:22:58.779,0.73334,0.73326,1,1
09.08.2021 00:22:58.880,0.7333500000000001,0.73328,1,1
09.08.2021 00:23:03.853,0.7333600000000001,0.73328,1,1
09.08.2021 00:23:03.955,0.7334200000000001,0.73333,2.19,1
09.08.2021 00:23:04.056,0.73344,0.73332,1,1.25
09.08.2021 00:23:04.208,0.7334100000000001,0.73333,1,1
09.08.2021 00:23:05.172,0.73343,0.73333,1,1.69
09.08.2021 00:23:05.223,0.73344,0.73334,1,1
09.08.2021 00:23:07.348,0.7334200000000001,0.73334,1,1
09.08.2021 00:23:07.500,0.7334,0.73332,1,1
09.08.2021 00:23:07.602,0.7334,0.73331,1,1
09.08.2021 00:23:10.081,0.7334,0.73332,1,1
09.08.2021 00:23:14.650,0.7334,0.73331,1.12,1
09.08.2021 00:23:17.252,0.7334,0.7333000000000001,1,1
09.08.2021 00:23:24.376,0.73339,0.7333000000000001,1,1
09.08.2021 00:23:24.839,0.7334,0.73333,1,1
09.08.2021 00:23:24.941,0.7334100000000001,0.73333,1.12,1
09.08.2021 00:23:27.757,0.7334200000000001,0.73332,1.75,1
09.08.2021 00:23:29.116,0.7334100000000001,0.73332,1.75,1
09.08.2021 00:23:31.053,0.7334,0.7333000000000001,1.75,2.25
09.08.2021 00:23:35.062,0.7334,0.73329,1.75,1
09.08.2021 00:23:35.265,0.73338,0.73329,1.25,1
09.08.2021 00:23:42.763,0.73337,0.73329,1.25,1
09.08.2021 00:23:42.915,0.73338,0.73327,1.69,1
09.08.2021 00:23:44.972,0.73338,0.73328,1.69,1
09.08.2021 00:23:45.074,0.73338,0.73329,1.5,1
09.08.2021 00:23:45.507,0.73338,0.73329,2.5,1
09.08.2021 00:23:49.666,0.73338,0.73327,1.75,1
09.08.2021 00:23:49.767,0.7333600000000001,0.73327,1.25,1
09.08.2021 00:23:49.869,0.7333600000000001,0.73326,1.25,2.25
09.08.2021 00:23:57.735,0.7333600000000001,0.73327,1.5,1.25
09.08.2021 00:24:00.785,0.73337,0.7332500000000001,2.44,1
09.08.2021 00:24:01.143,0.7333500000000001,0.73326,1.25,1
09.08.2021 00:24:04.986,0.7333600000000001,0.73327,1.69,1
09.08.2021 00:24:08.180,0.7333600000000001,0.73326,1.75,1.5
09.08.2021 00:24:09.123,0.7333600000000001,0.73324,1.75,3
09.08.2021 00:24:13.390,0.7333500000000001,0.73326,1.69,1
09.08.2021 00:24:31.857,0.73334,0.73326,1.25,1
09.08.2021 00:24:36.243,0.73334,0.7332500000000001,1.25,1.5
09.08.2021 00:24:36.558,0.73334,0.73324,1.25,2.25
09.08.2021 00:24:40.645,0.73334,0.7332500000000001,1.25,1
09.08.2021 00:24:41.046,0.7333500000000001,0.7332500000000001,2.81,1
09.08.2021 00:24:43.716,0.7333600000000001,0.7332500000000001,1.69,1
09.08.2021 00:24:48.793,0.7333600000000001,0.73324,1,3.19
09.08.2021 00:25:01.239,0.7333500000000001,0.73327,1,1
09.08.2021 00:25:02.921,0.7333600000000001,0.73327,1.5,1
09.08.2021 00:25:03.022,0.73338,0.73328,2.81,1
09.08.2021 00:25:03.124,0.73337,0.73328,1,1
09.08.2021 00:25:11.471,0.73338,0.73328,1,1
09.08.2021 00:25:12.368,0.73338,0.73329,1.25,1
09.08.2021 00:25:13.661,0.7333600000000001,0.73327,1.69,1.5
09.08.2021 00:25:13.762,0.7333600000000001,0.73324,1.75,1.12
09.08.2021 00:25:15.191,0.73334,0.7332500000000001,1.25,1
09.08.2021 00:25:16.612,0.7333600000000001,0.73324,3.25,1
09.08.2021 00:25:17.621,0.73333,0.7332500000000001,1.25,1
09.08.2021 00:25:18.183,0.73334,0.7332500000000001,1.69,1
09.08.2021 00:25:20.766,0.73334,0.7332500000000001,1.25,1
09.08.2021 00:25:23.358,0.7333600000000001,0.73324,3.25,1
09.08.2021 00:25:30.964,0.73331,0.73323,1,1
09.08.2021 00:25:31.015,0.7333000000000001,0.73321,1.69,1.12
09.08.2021 00:25:31.116,0.73329,0.73321,1.69,1.87
09.08.2021 00:25:31.218,0.7333000000000001,0.73321,1.25,1.5
09.08.2021 00:25:31.942,0.73332,0.73321,1.25,1
09.08.2021 00:25:36.069,0.73333,0.73322,1,1
09.08.2021 00:25:36.172,0.73333,0.73324,2.44,1
09.08.2021 00:25:42.241,0.73333,0.7332500000000001,1.25,1
09.08.2021 00:25:44.524,0.7333500000000001,0.73326,1.69,1
09.08.2021 00:25:44.625,0.73337,0.7332500000000001,1.31,2.25
09.08.2021 00:25:44.727,0.73338,0.73327,2.06,1
09.08.2021 00:25:48.049,0.73338,0.73331,1,1.5
09.08.2021 00:25:48.150,0.73343,0.7333500000000001,1.12,2.25
09.08.2021 00:25:48.201,0.73348,0.7333500000000001,3.04,2.25
09.08.2021 00:25:48.252,0.73344,0.7333600000000001,1,2.25
09.08.2021 00:25:48.303,0.73348,0.73339,1.25,1
09.08.2021 00:25:50.704,0.73349,0.73339,2.44,1.5
09.08.2021 00:25:51.777,0.7335100000000001,0.7334,1.69,1
09.08.2021 00:25:51.879,0.7335100000000001,0.7334200000000001,2.44,1
09.08.2021 00:26:02.470,0.7335,0.7334100000000001,1,1
09.08.2021 00:26:02.572,0.73349,0.7334,1,1.5
09.08.2021 00:26:02.875,0.7334700000000001,0.7334,1,1
09.08.2021 00:26:02.926,0.7334600000000001,0.7333500000000001,1,2.37
09.08.2021 00:26:03.078,0.73345,0.7333600000000001,1.25,2.44
09.08.2021 00:26:04.833,0.7334700000000001,0.7333500000000001,2.44,1.5
09.08.2021 00:26:04.934,0.7334700000000001,0.73337,1.25,1
09.08.2021 00:26:05.035,0.73349,0.73337,2.51,1
09.08.2021 00:26:07.568,0.73348,0.7333600000000001,1.25,2.25
09.08.2021 00:26:07.720,0.7334700000000001,0.7333600000000001,1,1.5
09.08.2021 00:26:13.194,0.73349,0.73337,1.69,1.5
09.08.2021 00:26:24.444,0.73348,0.7333600000000001,2.44,1.5
09.08.2021 00:26:24.596,0.7334600000000001,0.7333600000000001,1.69,2.25
09.08.2021 00:26:25.103,0.7334600000000001,0.7333500000000001,1,1
09.08.2021 00:26:27.561,0.7334600000000001,0.73334,1.5,1.5
09.08.2021 00:26:35.944,0.7334600000000001,0.7333500000000001,1,1.5
09.08.2021 00:26:41.133,0.7334600000000001,0.73334,1.5,2.62
09.08.2021 00:26:41.234,0.73344,0.7333500000000001,1.25,1
09.08.2021 00:26:41.386,0.73344,0.73334,1.69,1.5
09.08.2021 00:26:43.593,0.73344,0.7333500000000001,1.25,1
09.08.2021 00:26:51.558,0.73343,0.73334,1.25,1.5
09.08.2021 00:26:51.659,0.73343,0.73333,1.25,1.5
09.08.2021 00:26:51.970,0.73343,0.73334,1.25,1.5
09.08.2021 00:26:52.238,0.73344,0.73334,2.44,1.5
09.08.2021 00:26:52.340,0.7334700000000001,0.73337,2.75,1
09.08.2021 00:26:52.493,0.73348,0.73339,1,1
09.08.2021 00:26:52.911,0.73349,0.73339,1.69,1
09.08.2021 00:26:53.127,0.73349,0.73339,3.44,1
09.08.2021 00:26:54.008,0.73349,0.73339,2.44,1
09.08.2021 00:26:58.973,0.73349,0.73339,3.44,1
09.08.2021 00:27:02.137,0.7334700000000001,0.73338,1.25,1
09.08.2021 00:27:02.188,0.7334700000000001,0.7333500000000001,1.5,1.12
09.08.2021 00:27:02.289,0.73344,0.73334,1,2.94
09.08.2021 00:27:02.340,0.73344,0.73334,1,2.44
09.08.2021 00:27:03.174,0.73344,0.73333,1,1.69
09.08.2021 00:27:06.068,0.73345,0.7333600000000001,1.5,1
09.08.2021 00:27:06.221,0.73345,0.73337,1,1.5
09.08.2021 00:27:06.372,0.7334700000000001,0.73337,1,2.44
09.08.2021 00:27:12.631,0.73345,0.7333600000000001,1,1.5
09.08.2021 00:27:12.732,0.73345,0.7333500000000001,1.69,1.12
09.08.2021 00:27:12.834,0.73344,0.7333500000000001,1,1
09.08.2021 00:27:15.409,0.7334700000000001,0.7333500000000001,1,3.37
09.08.2021 00:27:15.510,0.73345,0.7333600000000001,1,2.44
09.08.2021 00:27:16.425,0.7334600000000001,0.7333600000000001,1,4.01
09.08.2021 00:27:16.673,0.7334700000000001,0.7333600000000001,1,1.25
09.08.2021 00:27:17.542,0.7335,0.73338,1.69,3.07
09.08.2021 00:27:17.644,0.7335,0.73339,2.81,2.25
09.08.2021 00:27:20.947,0.7335100000000001,0.73339,1,1.5
09.08.2021 00:27:21.439,0.7335200000000001,0.73339,2.44,3
09.08.2021 00:27:21.540,0.7335,0.7334,1,3
09.08.2021 00:27:28.583,0.7335,0.73339,1.69,2.62
09.08.2021 00:27:30.793,0.73349,0.73339,1,1.12
09.08.2021 00:27:32.175,0.7334600000000001,0.7333600000000001,1.5,3.69
09.08.2021 00:27:32.276,0.73345,0.7333500000000001,1.69,1
09.08.2021 00:27:32.378,0.73344,0.73334,1,2.81
09.08.2021 00:27:33.298,0.73343,0.73334,1,1.12
09.08.2021 00:27:33.798,0.73344,0.73332,1.5,1.87
09.08.2021 00:27:36.646,0.7334200000000001,0.73333,1.25,1
09.08.2021 00:27:38.979,0.73343,0.73331,2.44,1.87
09.08.2021 00:27:45.811,0.73339,0.73331,1,1
09.08.2021 00:27:45.912,0.73339,0.7333000000000001,1,1
09.08.2021 00:27:46.013,0.73339,0.73328,2.44,2.62
09.08.2021 00:27:51.451,0.7334,0.73329,2.44,1
09.08.2021 00:27:51.502,0.7334100000000001,0.73331,1.69,1
09.08.2021 00:27:51.603,0.7334100000000001,0.7333000000000001,1.69,1.87
09.08.2021 00:27:55.111,0.7334,0.7333000000000001,1,1.5
09.08.2021 00:27:55.475,0.7334,0.73328,1.5,1.87
09.08.2021 00:28:00.862,0.73338,0.73329,1,1.12
09.08.2021 00:28:00.963,0.73338,0.73328,2.44,1.87
09.08.2021 00:28:01.694,0.73338,0.73329,1,1.5
09.08.2021 00:28:01.796,0.73339,0.73329,1.5,1.5
09.08.2021 00:28:01.897,0.7334,0.73329,1,1
09.08.2021 00:28:03.457,0.7334,0.73332,1,1.5
09.08.2021 00:28:03.507,0.7334200000000001,0.73332,1,1.5
09.08.2021 00:28:08.301,0.7334200000000001,0.73333,1,1
09.08.2021 00:28:08.402,0.7334100000000001,0.73331,1.25,2
09.08.2021 00:28:08.504,0.7334,0.7333000000000001,1.25,1
09.08.2021 00:28:09.642,0.7334,0.73329,1.69,2.62
09.08.2021 00:28:20.652,0.7334,0.73329,1.69,2.75
09.08.2021 00:28:31.745,0.73343,0.73333,3.25,1
09.08.2021 00:28:31.846,0.73343,0.73333,2.25,1
09.08.2021 00:28:31.947,0.7334200000000001,0.73333,1.25,1
09.08.2021 00:28:42.278,0.73343,0.73332,3.44,2.62
09.08.2021 00:28:42.379,0.7334200000000001,0.73331,2.44,1.87
09.08.2021 00:28:42.491,0.7334100000000001,0.73331,1,1
09.08.2021 00:28:44.762,0.7334100000000001,0.73332,1,1
09.08.2021 00:28:44.869,0.7334200000000001,0.73332,2.44,1
09.08.2021 00:28:45.968,0.7334200000000001,0.73333,1,1
09.08.2021 00:28:47.035,0.73343,0.73331,1.69,1.12
09.08.2021 00:28:47.136,0.7334200000000001,0.73331,3.44,1.87
09.08.2021 00:28:51.448,0.7334200000000001,0.73331,2.25,3
09.08.2021 00:28:51.549,0.7334200000000001,0.73333,1.5,1
09.08.2021 00:29:01.975,0.73343,0.73333,3.19,1
09.08.2021 00:29:03.245,0.73345,0.73334,1.5,1.5
09.08.2021 00:29:03.346,0.7334700000000001,0.73339,1.5,1
09.08.2021 00:29:03.447,0.73348,0.73339,1.12,1
09.08.2021 00:29:13.530,0.73349,0.73339,3.94,1
09.08.2021 00:29:19.530,0.7335,0.7334,2.44,1.69
09.08.2021 00:29:19.631,0.7335200000000001,0.7334,2.44,1
09.08.2021 00:29:21.460,0.7335,0.7334100000000001,1,1
09.08.2021 00:29:21.891,0.7335,0.7334,1,2.62
09.08.2021 00:29:21.992,0.73349,0.73339,1,2.62
09.08.2021 00:29:25.215,0.73348,0.73339,1.25,1.5
09.08.2021 00:29:25.316,0.73345,0.7333500000000001,1.69,2.75
09.08.2021 00:29:25.468,0.7334600000000001,0.73334,2.44,1.5
09.08.2021 00:29:26.327,0.7334600000000001,0.7333600000000001,1.69,1
09.08.2021 00:29:26.479,0.7334600000000001,0.73337,1,1
09.08.2021 00:29:27.249,0.7334600000000001,0.7333600000000001,1,1
09.08.2021 00:29:30.408,0.7334600000000001,0.73337,1,1
09.08.2021 00:29:34.910,0.73349,0.73338,2.44,1
09.08.2021 00:29:35.538,0.73349,0.73339,1.25,1.5
09.08.2021 00:29:37.029,0.73349,0.73338,1.25,1
09.08.2021 00:29:37.167,0.7334600000000001,0.73337,1,3.5
09.08.2021 00:29:37.217,0.7334600000000001,0.7333600000000001,1.69,1.5
09.08.2021 00:29:43.067,0.7334700000000001,0.7333500000000001,2.5,1.5
09.08.2021 00:29:43.984,0.7334600000000001,0.7333600000000001,1.69,1.5
09.08.2021 00:29:55.301,0.73345,0.7333500000000001,1,2.62
09.08.2021 00:29:56.200,0.73343,0.73334,2.44,1.12
09.08.2021 00:29:56.301,0.73343,0.73333,3.19,1
09.08.2021 00:29:56.572,0.7334200000000001,0.73332,1,1.5
09.08.2021 00:29:56.673,0.7334100000000001,0.7333000000000001,2.44,2.94
09.08.2021 00:29:56.774,0.73339,0.7333000000000001,1,1.25
09.08.2021 00:29:56.876,0.7334,0.73328,1.5,3.56
09.08.2021 00:30:00.315,0.7334,0.7333000000000001,2.25,1
09.08.2021 00:30:01.082,0.7334,0.73329,1.5,3.56
09.08.2021 00:30:02.507,0.7334100000000001,0.73333,1,1
09.08.2021 00:30:02.559,0.73344,0.73332,1,1
09.08.2021 00:30:03.075,0.73345,0.7333500000000001,1.25,1.5
09.08.2021 00:30:03.605,0.7334700000000001,0.7333500000000001,1,1.12
09.08.2021 00:30:04.762,0.7334700000000001,0.73337,3.25,1
09.08.2021 00:30:05.562,0.7334700000000001,0.73337,2.44,1
09.08.2021 00:30:09.479,0.73349,0.73337,3.19,1
09.08.2021 00:30:14.900,0.73349,0.73339,1.69,1.5
09.08.2021 00:30:15.052,0.73348,0.73339,1,1
09.08.2021 00:30:15.153,0.73349,0.73339,2.44,1
09.08.2021 00:30:19.175,0.7335,0.73339,2.44,2.25
09.08.2021 00:30:24.891,0.73348,0.73339,1,1.5
09.08.2021 00:30:27.032,0.7334700000000001,0.73339,1,1.5
09.08.2021 00:30:32.757,0.7334700000000001,0.73338,1,1.12
09.08.2021 00:30:32.960,0.7334600000000001,0.73338,1,1
09.08.2021 00:30:39.308,0.7334600000000001,0.73337,1,1
09.08.2021 00:30:42.188,0.7334600000000001,0.7333500000000001,3.19,2.25
09.08.2021 00:30:42.239,0.73344,0.73334,1,1.87
09.08.2021 00:30:42.341,0.73344,0.73332,1,2.19
09.08.2021 00:30:42.443,0.73343,0.73333,1,2.06
09.08.2021 00:30:57.193,0.7334200000000001,0.73333,1,1.87
09.08.2021 00:30:58.859,0.73338,0.73331,1,1
09.08.2021 00:30:58.910,0.73338,0.73329,1,2.06
09.08.2021 00:31:00.949,0.73338,0.73328,1.5,2.06
09.08.2021 00:31:03.026,0.7334,0.73332,1.69,1.25
09.08.2021 00:31:03.128,0.73343,0.73334,2.81,1.5
09.08.2021 00:31:03.229,0.7334200000000001,0.73334,1,1
09.08.2021 00:31:03.805,0.73343,0.73334,1.5,1
09.08.2021 00:31:10.734,0.73343,0.7333500000000001,1,1
09.08.2021 00:31:10.785,0.73348,0.73337,2.19,1.5
09.08.2021 00:31:10.887,0.73348,0.7334,1.69,1
09.08.2021 00:31:10.989,0.7335,0.7334,3.19,1
09.08.2021 00:31:11.090,0.73349,0.7334,1,1.5
09.08.2021 00:31:11.242,0.7335,0.7334,1,2.44
09.08.2021 00:31:11.343,0.73349,0.7334,1,2.44
09.08.2021 00:31:17.506,0.73349,0.73339,1,1
09.08.2021 00:31:17.608,0.73348,0.73339,1,1.12
09.08.2021 00:31:29.524,0.73348,0.73338,1,2.06
09.08.2021 00:31:33.869,0.7334700000000001,0.73338,1,1.12
09.08.2021 00:31:34.072,0.7334700000000001,0.7333600000000001,1,1.12
09.08.2021 00:31:34.580,0.73344,0.73334,1,1.87
09.08.2021 00:31:34.681,0.73343,0.73333,1,2
09.08.2021 00:31:34.783,0.73343,0.73333,1,1.5
09.08.2021 00:31:35.483,0.73344,0.73334,1,3.45
09.08.2021 00:31:35.584,0.73344,0.7333500000000001,1,1
09.08.2021 00:31:36.231,0.73343,0.73334,1,1.75
09.08.2021 00:31:36.338,0.73343,0.73334,1,1.31
09.08.2021 00:31:38.349,0.7334200000000001,0.73334,1,1
09.08.2021 00:31:38.452,0.7334200000000001,0.73333,1.5,1.12
09.08.2021 00:31:38.763,0.73343,0.73331,2.44,1.87
09.08.2021 00:31:39.736,0.7334100000000001,0.73332,1,1.87
09.08.2021 00:31:41.777,0.7334200000000001,0.7333500000000001,1.5,1
09.08.2021 00:31:41.828,0.73343,0.73333,1.5,1.87
09.08.2021 00:31:46.072,0.7334,0.73333,1,1
09.08.2021 00:31:46.123,0.73339,0.7333000000000001,1,2.89
09.08.2021 00:31:46.225,0.73337,0.73328,1,4.44
09.08.2021 00:31:46.326,0.73338,0.73327,1,1.69
09.08.2021 00:31:46.830,0.73338,0.73328,1.5,1.69
09.08.2021 00:31:49.865,0.7334100000000001,0.73333,1,1
09.08.2021 00:31:49.967,0.73343,0.73333,1.5,1
09.08.2021 00:31:58.059,0.73345,0.7333500000000001,2.25,1
09.08.2021 00:31:58.939,0.7334700000000001,0.73339,1.12,1
09.08.2021 00:31:59.041,0.7335,0.73339,1.87,1
09.08.2021 00:31:59.142,0.73349,0.73338,2.44,2.89
09.08.2021 00:32:01.365,0.7334700000000001,0.73338,1.5,1.25
09.08.2021 00:32:02.380,0.73348,0.7333600000000001,1.5,2.62
09.08.2021 00:32:02.533,0.73345,0.7333500000000001,1.5,2.25
09.08.2021 00:32:02.635,0.73345,0.73333,1.5,1.12
09.08.2021 00:32:04.402,0.73344,0.73333,1.5,2.06
09.08.2021 00:32:07.793,0.73343,0.73333,1,1.87
09.08.2021 00:32:13.980,0.7334200000000001,0.73333,1,1
09.08.2021 00:32:14.081,0.7334200000000001,0.73332,1.5,1.87
09.08.2021 00:32:14.385,0.7334100000000001,0.73332,1,1.12
09.08.2021 00:32:15.961,0.7334200000000001,0.73332,1,1.87
09.08.2021 00:32:16.063,0.7334200000000001,0.73334,1,1
09.08.2021 00:32:16.936,0.7334200000000001,0.73333,1,1.12
09.08.2021 00:32:19.560,0.7334200000000001,0.73332,1,2.62
09.08.2021 00:32:20.051,0.7334200000000001,0.73333,1,1
09.08.2021 00:32:22.839,0.73343,0.73333,1.5,1.5
09.08.2021 00:32:23.933,0.73343,0.73334,1.5,1
09.08.2021 00:32:24.035,0.73344,0.7333500000000001,1.5,1
09.08.2021 00:32:24.470,0.73344,0.73334,1.5,1.12
09.08.2021 00:32:25.626,0.73344,0.73332,1,2.37
09.08.2021 00:32:28.557,0.73343,0.73331,1,2.62
09.08.2021 00:32:30.285,0.7334200000000001,0.73333,1,1
09.08.2021 00:32:31.372,0.73343,0.73334,1,1.87
09.08.2021 00:32:32.244,0.73344,0.7333500000000001,1,1.69
09.08.2021 00:32:32.295,0.73348,0.73338,2.44,1
09.08.2021 00:32:36.095,0.73344,0.7333600000000001,1.5,1
09.08.2021 00:32:36.146,0.73344,0.73334,1.69,1.5
09.08.2021 00:32:36.500,0.73344,0.7333500000000001,1,1
09.08.2021 00:32:36.702,0.73345,0.7333500000000001,1.5,1
09.08.2021 00:32:39.708,0.73344,0.7333500000000001,1,1
09.08.2021 00:32:45.243,0.73345,0.7333500000000001,2.44,1
09.08.2021 00:32:47.701,0.7334200000000001,0.73334,1,1.12
09.08.2021 00:32:48.896,0.7334200000000001,0.73332,1,2.89
09.08.2021 00:32:51.530,0.73343,0.73331,1,3.95
09.08.2021 00:33:02.281,0.7334200000000001,0.73332,1,2.89
09.08.2021 00:33:03.062,0.73339,0.7333000000000001,1,1.81
09.08.2021 00:33:03.163,0.73337,0.73328,1,1.5
09.08.2021 00:33:03.214,0.73338,0.73327,1,1
09.08.2021 00:33:03.467,0.73337,0.73327,1.5,1.87
09.08.2021 00:33:03.619,0.7333600000000001,0.7332500000000001,1,1.5
09.08.2021 00:33:05.979,0.73338,0.7332500000000001,1.5,4.12
09.08.2021 00:33:06.985,0.73337,0.73327,1.5,1
09.08.2021 00:33:07.345,0.73339,0.73326,1.5,3
09.08.2021 00:33:07.799,0.73339,0.73327,1.5,1
09.08.2021 00:33:08.398,0.73338,0.73329,1,1
09.08.2021 00:33:10.810,0.73337,0.73329,1,1
09.08.2021 00:33:10.911,0.73337,0.73327,1,1.87
09.08.2021 00:33:11.017,0.7333600000000001,0.73327,1,1.5
09.08.2021 00:33:11.170,0.7333600000000001,0.73326,1,2.62
09.08.2021 00:33:11.942,0.7333600000000001,0.7332500000000001,1,1
09.08.2021 00:33:12.394,0.73334,0.73324,1.25,2
09.08.2021 00:33:12.495,0.73333,0.73323,1,2
09.08.2021 00:33:12.546,0.73333,0.73323,1.69,1.5
09.08.2021 00:33:22.438,0.73332,0.73323,1.69,1
09.08.2021 00:33:22.489,0.73329,0.7332000000000001,1.69,1
09.08.2021 00:33:22.590,0.73329,0.73318,1.25,1.5
09.08.2021 00:33:22.641,0.73327,0.73318,1.69,1
09.08.2021 00:33:23.158,0.73327,0.73317,1.69,1
09.08.2021 00:33:23.263,0.73326,0.73317,1.25,1
09.08.2021 00:33:23.393,0.73328,0.73316,1.69,1.5
09.08.2021 00:33:24.202,0.73328,0.73318,1.5,1.25
09.08.2021 00:33:29.400,0.73331,0.73321,1.69,3
09.08.2021 00:33:29.501,0.73333,0.73321,1,3.19
09.08.2021 00:33:29.602,0.73333,0.73323,1.69,1
09.08.2021 00:33:30.442,0.73332,0.73323,1.25,1
09.08.2021 00:33:39.244,0.73334,0.73323,1.25,1
09.08.2021 00:33:40.521,0.73334,0.73326,2.5,1
09.08.2021 00:33:40.573,0.73337,0.73327,1.12,1
09.08.2021 00:33:40.676,0.73338,0.7333000000000001,1.5,1
09.08.2021 00:33:41.643,0.73339,0.7333000000000001,1.69,1
09.08.2021 00:33:41.744,0.73338,0.7333000000000001,2.69,1
09.08.2021 00:33:41.795,0.73337,0.73328,2.69,1
09.08.2021 00:33:41.896,0.73337,0.73327,2.69,1
09.08.2021 00:33:45.823,0.7333500000000001,0.7332500000000001,1.69,1
09.08.2021 00:33:55.247,0.7333600000000001,0.73327,1.12,1
09.08.2021 00:33:55.399,0.7333600000000001,0.73326,1.12,1.5
09.08.2021 00:33:56.089,0.7333600000000001,0.73327,1,1
09.08.2021 00:33:56.907,0.73337,0.73328,1,1
09.08.2021 00:34:00.223,0.73339,0.73329,1.5,1.5
09.08.2021 00:34:01.363,0.73339,0.7333000000000001,1.5,1
09.08.2021 00:34:02.011,0.73339,0.73331,1.5,1
09.08.2021 00:34:02.226,0.7334100000000001,0.73331,1.69,1
09.08.2021 00:34:03.527,0.7334100000000001,0.73332,1,1
09.08.2021 00:34:03.628,0.73343,0.73332,1.12,1
09.08.2021 00:34:04.095,0.73343,0.73334,1.25,1
09.08.2021 00:34:21.883,0.7334200000000001,0.73333,1.94,1
09.08.2021 00:34:21.985,0.7334,0.73332,1.25,1.5
09.08.2021 00:34:23.186,0.73338,0.73329,1.25,1
09.08.2021 00:34:23.237,0.73337,0.73328,1.25,1.5
09.08.2021 00:34:23.389,0.73338,0.73326,1.25,1.5
09.08.2021 00:34:23.845,0.73337,0.73328,1.25,1
09.08.2021 00:34:24.099,0.73337,0.73327,1.25,1.5
09.08.2021 00:34:24.305,0.73337,0.73328,1,1
09.08.2021 00:34:24.407,0.7334,0.73329,3.39,2.25
09.08.2021 00:34:24.573,0.7334,0.73329,2.44,2.25
09.08.2021 00:34:26.319,0.7334,0.7333000000000001,1.69,1
09.08.2021 00:34:31.006,0.7334,0.73331,1.25,1
09.08.2021 00:34:50.685,0.73339,0.73331,1,1
09.08.2021 00:34:50.786,0.73339,0.7333000000000001,1.25,1.5
09.08.2021 00:34:59.062,0.7334,0.73331,1.5,1
09.08.2021 00:35:08.492,0.7334100000000001,0.73331,1,2.25
09.08.2021 00:35:12.320,0.7334100000000001,0.73331,2.69,1.5
09.08.2021 00:35:14.379,0.7334100000000001,0.73331,1.75,1
09.08.2021 00:35:14.482,0.73339,0.73331,1.25,1
09.08.2021 00:35:14.709,0.7334,0.73331,1.25,1.5
09.08.2021 00:35:16.527,0.7334,0.73332,1.25,1
09.08.2021 00:35:16.578,0.7334200000000001,0.73332,1.69,1.5
09.08.2021 00:35:19.797,0.7334100000000001,0.73332,1.25,1.5
09.08.2021 00:35:19.898,0.7334100000000001,0.73331,2.69,1
09.08.2021 00:35:20.564,0.7334,0.7333000000000001,2.69,1
09.08.2021 00:35:20.665,0.7334,0.7333000000000001,1.69,1
09.08.2021 00:35:41.294,0.73339,0.7333000000000001,1.25,1
09.08.2021 00:35:43.194,0.7334,0.7333000000000001,1.69,1
09.08.2021 00:35:45.184,0.7334,0.73331,1.25,1
09.08.2021 00:35:56.087,0.7334,0.7333000000000001,1.25,1.5
09.08.2021 00:36:07.146,0.7334,0.7333000000000001,2.69,1
09.08.2021 00:36:07.653,0.7334,0.7333000000000001,1.69,1
09.08.2021 00:36:10.865,0.7334,0.7333000000000001,3.81,1
09.08.2021 00:36:11.425,0.73337,0.73328,2.69,1
09.08.2021 00:36:11.476,0.7333600000000001,0.73326,1.25,3
09.08.2021 00:36:16.185,0.73337,0.73328,1.69,1
09.08.2021 00:36:17.506,0.73339,0.7333000000000001,1.5,1
09.08.2021 00:36:20.233,0.7334,0.7333000000000001,1.25,1.5
09.08.2021 00:36:24.193,0.7334100000000001,0.7333000000000001,1.25,1
09.08.2021 00:36:30.154,0.7334200000000001,0.73331,1,1
09.08.2021 00:36:30.255,0.73344,0.73331,2.81,4.69
09.08.2021 00:36:30.306,0.73343,0.73334,2.06,1
09.08.2021 00:36:33.948,0.7334600000000001,0.73334,4.75,1.5
09.08.2021 00:36:34.049,0.7334600000000001,0.73337,2.62,1
09.08.2021 00:36:34.151,0.73349,0.73339,1.69,1
09.08.2021 00:36:35.018,0.73349,0.73339,2.5,1
09.08.2021 00:36:36.209,0.73348,0.73339,1.25,1
09.08.2021 00:36:36.361,0.73349,0.73339,2.5,1
09.08.2021 00:36:39.181,0.73349,0.73339,1.69,1
09.08.2021 00:36:41.811,0.73349,0.7334,1,1
09.08.2021 00:36:43.206,0.73349,0.73339,1.25,1
09.08.2021 00:36:46.077,0.7334600000000001,0.7333600000000001,1.5,1
09.08.2021 00:36:46.178,0.73344,0.7333600000000001,1,1
09.08.2021 00:36:46.482,0.73345,0.73333,1,1.5
09.08.2021 00:36:47.577,0.73345,0.7333500000000001,1,2.25
09.08.2021 00:36:47.802,0.7334600000000001,0.7333500000000001,1.25,2.25
09.08.2021 00:36:48.245,0.7334600000000001,0.73333,2.44,2.25
09.08.2021 00:36:49.453,0.73345,0.7333500000000001,1,1.69
09.08.2021 00:36:52.033,0.73345,0.73334,2.44,1.5
09.08.2021 00:37:03.119,0.73343,0.73334,1,1
09.08.2021 00:37:04.045,0.73345,0.7333600000000001,1.12,1
09.08.2021 00:37:06.504,0.73344,0.73334,1,1.5
09.08.2021 00:37:10.426,0.73343,0.73333,1,1
09.08.2021 00:37:10.477,0.7334200000000001,0.73331,1,1.12
09.08.2021 00:37:10.629,0.7334100000000001,0.73331,1,1.5
09.08.2021 00:37:13.809,0.7334100000000001,0.73331,1,5.12
09.08.2021 00:37:13.961,0.73343,0.73333,1.25,1
09.08.2021 00:37:14.480,0.73343,0.73332,1.25,1
09.08.2021 00:37:14.847,0.7334200000000001,0.73332,1,1
09.08.2021 00:37:14.956,0.7334200000000001,0.73331,1,1
09.08.2021 00:37:15.347,0.7334200000000001,0.73332,1,1
09.08.2021 00:37:21.738,0.7334100000000001,0.73332,1,1.69
09.08.2021 00:37:22.957,0.7334100000000001,0.73333,1,1
09.08.2021 00:37:23.008,0.73343,0.73333,1,1.69
09.08.2021 00:37:23.109,0.73343,0.73334,1,1
09.08.2021 00:37:23.314,0.73344,0.73332,1,2.62
09.08.2021 00:37:29.165,0.73343,0.7333500000000001,1,1
09.08.2021 00:37:32.846,0.73343,0.73334,1,1
09.08.2021 00:37:34.837,0.73343,0.7333500000000001,1,1
09.08.2021 00:37:35.301,0.73343,0.73334,1,1.25
09.08.2021 00:37:41.650,0.7334200000000001,0.73332,1.25,1.5
09.08.2021 00:37:41.753,0.73343,0.73332,1.25,1
09.08.2021 00:37:41.855,0.73344,0.73333,1.5,1
09.08.2021 00:37:45.205,0.73344,0.73334,1,1
09.08.2021 00:37:51.322,0.7334200000000001,0.7333500000000001,1,1
09.08.2021 00:37:51.373,0.7334,0.73332,1,1.12
09.08.2021 00:37:51.474,0.73339,0.73331,1,2
09.08.2021 00:37:51.575,0.7334,0.7333000000000001,1.25,1
09.08.2021 00:37:51.676,0.7334,0.73329,1.25,1
09.08.2021 00:37:53.036,0.73338,0.73329,1.25,1
09.08.2021 00:37:53.790,0.73338,0.73328,1,1
09.08.2021 00:37:53.892,0.7333600000000001,0.73326,1.5,1.87
09.08.2021 00:37:55.282,0.7333600000000001,0.73327,1,1
09.08.2021 00:38:00.851,0.7333500000000001,0.73324,1.25,1.5
09.08.2021 00:38:01.054,0.73334,0.73324,2.44,1
09.08.2021 00:38:01.156,0.73332,0.73323,1,1
09.08.2021 00:38:01.257,0.73332,0.73322,1,1.5
09.08.2021 00:38:01.358,0.73331,0.73322,1,1.5
09.08.2021 00:38:02.327,0.73332,0.73322,1,1.69
09.08.2021 00:38:10.034,0.73332,0.73322,1,3.44
09.08.2021 00:38:10.363,0.73332,0.73322,1,2.25
09.08.2021 00:38:12.654,0.73331,0.73322,1,1
09.08.2021 00:38:12.755,0.73331,0.73321,1,3.37
09.08.2021 00:38:13.200,0.73332,0.73321,1.5,2.25
09.08.2021 00:38:14.476,0.73332,0.73322,1,1
09.08.2021 00:38:15.979,0.73333,0.7332000000000001,1.69,2.25
09.08.2021 00:38:16.534,0.73331,0.73321,1.25,1
09.08.2021 00:38:16.653,0.73332,0.73321,2.44,1.5
09.08.2021 00:38:19.713,0.7333000000000001,0.7332000000000001,1,3
09.08.2021 00:38:20.499,0.73329,0.73319,1,3
09.08.2021 00:38:22.407,0.73328,0.73319,1,1
09.08.2021 00:38:22.509,0.73328,0.73318,1,1.5
09.08.2021 00:38:22.613,0.73327,0.73318,1.69,1
09.08.2021 00:38:23.547,0.73328,0.73318,1.25,1.5
09.08.2021 00:38:26.498,0.73329,0.73318,2.44,1.5
09.08.2021 00:38:34.052,0.73329,0.73319,1.25,1
09.08.2021 00:38:35.453,0.73329,0.73318,2.69,2.25
09.08.2021 00:38:36.020,0.7333000000000001,0.73317,1.87,2.25
09.08.2021 00:38:36.172,0.73331,0.73321,1.5,1.5
09.08.2021 00:38:36.223,0.73332,0.73322,2.32,1
09.08.2021 00:38:36.767,0.73332,0.73321,2.44,2.25
09.08.2021 00:38:45.488,0.7333000000000001,0.7332000000000001,2.44,1
09.08.2021 00:38:45.590,0.73331,0.73319,2.69,1
09.08.2021 00:38:45.742,0.7333000000000001,0.7332000000000001,2.06,1
09.08.2021 00:38:46.607,0.73333,0.73323,2.25,1
09.08.2021 00:38:46.714,0.73334,0.73324,2.14,1
09.08.2021 00:38:52.046,0.7333500000000001,0.73323,2.69,1
09.08.2021 00:38:52.875,0.73334,0.73324,2.44,1
09.08.2021 00:38:55.409,0.73334,0.7332500000000001,1,1.5
09.08.2021 00:38:55.511,0.73337,0.73327,3.39,1
09.08.2021 00:38:55.612,0.73337,0.73327,2.81,1
09.08.2021 00:38:55.713,0.7333600000000001,0.73326,1,1
09.08.2021 00:38:58.628,0.7333600000000001,0.73327,1,1
09.08.2021 00:39:00.112,0.73337,0.73327,1.87,1.5
09.08.2021 00:39:06.475,0.73337,0.73326,1,1
09.08.2021 00:39:07.626,0.7333600000000001,0.73326,1,1
09.08.2021 00:39:07.894,0.73334,0.73324,1,2.62
09.08.2021 00:39:15.068,0.73331,0.73322,1.5,1.25
09.08.2021 00:39:15.220,0.73331,0.73321,1,1.5
09.08.2021 00:39:15.625,0.73332,0.73322,1.5,1
09.08.2021 00:39:15.726,0.73332,0.73322,1,1.5
09.08.2021 00:39:20.798,0.73333,0.73323,1,1.5
09.08.2021 00:39:20.899,0.73334,0.73323,1,1
09.08.2021 00:39:21.964,0.73334,0.73324,1,1.5
09.08.2021 00:39:24.294,0.73334,0.73324,2.76,1.5
09.08.2021 00:39:27.826,0.73331,0.73321,1.5,2.25
09.08.2021 00:39:27.927,0.73332,0.73321,3.56,2.25
09.08.2021 00:39:28.410,0.73331,0.73321,1.25,1.5
09.08.2021 00:39:31.094,0.7333000000000001,0.7332000000000001,4.31,1
09.08.2021 00:39:31.881,0.7333000000000001,0.73319,2.44,1
09.08.2021 00:39:33.535,0.73331,0.73319,4.31,1
09.08.2021 00:39:34.623,0.73329,0.7332000000000001,1.5,1
09.08.2021 00:39:35.188,0.73328,0.7332000000000001,1.5,1
09.08.2021 00:39:35.239,0.73327,0.73318,1,1
09.08.2021 00:39:43.654,0.73326,0.73318,1.25,1
09.08.2021 00:39:43.755,0.73327,0.73318,1.75,1
09.08.2021 00:39:43.856,0.73327,0.73317,1.25,2.25
09.08.2021 00:39:44.206,0.73328,0.73318,2.87,1.5
09.08.2021 00:39:44.307,0.7333000000000001,0.73318,3.62,1
09.08.2021 00:39:45.400,0.73329,0.7332000000000001,1.12,1
09.08.2021 00:39:45.603,0.7333000000000001,0.7332000000000001,1.25,1.5
09.08.2021 00:39:49.698,0.73331,0.73322,2.06,1
09.08.2021 00:39:50.060,0.73332,0.73322,5.32,1
09.08.2021 00:39:50.364,0.73331,0.73322,1.5,1
09.08.2021 00:39:51.185,0.73332,0.7332000000000001,1.57,2.25
09.08.2021 00:39:51.565,0.7333000000000001,0.73321,1.5,1.5
09.08.2021 00:39:51.667,0.73328,0.7332000000000001,1.5,1.87
09.08.2021 00:39:51.920,0.73329,0.7332000000000001,1.57,1.5
09.08.2021 00:39:52.072,0.73329,0.73319,1,1.5
09.08.2021 00:39:53.663,0.73329,0.7332000000000001,1.87,1.5
09.08.2021 00:39:54.713,0.73328,0.7332000000000001,1.5,1.5
09.08.2021 00:39:56.832,0.73329,0.73318,3.51,1
09.08.2021 00:39:56.934,0.73328,0.73319,1.76,1
09.08.2021 00:40:03.860,0.73329,0.73319,4.39,1
09.08.2021 00:40:03.962,0.73328,0.73319,1,1
09.08.2021 00:40:05.228,0.73329,0.73319,4.39,1
09.08.2021 00:40:05.567,0.7333000000000001,0.73319,3.19,1
09.08.2021 00:40:05.859,0.73329,0.73319,1.5,1
09.08.2021 00:40:07.358,0.73327,0.7332000000000001,1,1
09.08.2021 00:40:07.851,0.73328,0.7332000000000001,2.89,1
09.08.2021 00:40:10.092,0.73328,0.73319,2.51,1
09.08.2021 00:40:10.295,0.73329,0.73319,4.39,1
09.08.2021 00:40:10.397,0.73329,0.7332000000000001,1.31,1
09.08.2021 00:40:14.115,0.7333000000000001,0.7332000000000001,4.39,1
09.08.2021 00:40:14.600,0.7333000000000001,0.7332000000000001,5.39,1
09.08.2021 00:40:16.910,0.73331,0.73319,2.89,1.5
09.08.2021 00:40:18.101,0.7333000000000001,0.7332000000000001,4.82,1.5
09.08.2021 00:40:18.639,0.73331,0.73319,2.89,1.5
09.08.2021 00:40:21.550,0.73329,0.7332000000000001,2.89,1
09.08.2021 00:40:21.703,0.73329,0.7332000000000001,3.89,1
09.08.2021 00:40:22.749,0.73327,0.73319,1,1
09.08.2021 00:40:25.180,0.7333000000000001,0.7332000000000001,4.46,1.5
09.08.2021 00:40:25.484,0.73329,0.7332000000000001,1.5,1.5
09.08.2021 00:40:26.241,0.7333000000000001,0.7332000000000001,2.14,1.5
09.08.2021 00:40:44.939,0.73331,0.73321,3.64,1
09.08.2021 00:40:44.990,0.73333,0.73323,1,1
09.08.2021 00:40:45.041,0.73334,0.73324,3.56,1
09.08.2021 00:40:45.395,0.73333,0.73324,1.25,1
09.08.2021 00:40:45.496,0.73334,0.73324,3.64,1
09.08.2021 00:40:48.428,0.73334,0.7332500000000001,1,1.5
09.08.2021 00:40:48.530,0.73337,0.73327,4.27,1
09.08.2021 00:40:48.631,0.73338,0.73326,2.76,1
09.08.2021 00:40:49.377,0.7333500000000001,0.7332500000000001,1.25,2.62
09.08.2021 00:40:56.914,0.73337,0.73326,1.56,1
09.08.2021 00:40:57.015,0.73337,0.73327,3.01,1
09.08.2021 00:40:57.116,0.73337,0.73327,2.89,1
09.08.2021 00:41:00.732,0.7333500000000001,0.73326,1.01,1
09.08.2021 00:41:07.527,0.73333,0.73322,1.25,1.87
09.08.2021 00:41:07.681,0.73332,0.7332000000000001,6.14,1
09.08.2021 00:41:07.783,0.73331,0.7332000000000001,4.04,3
09.08.2021 00:41:13.759,0.7333000000000001,0.7332000000000001,1.64,2.25
09.08.2021 00:41:14.296,0.73328,0.73318,3.19,2
09.08.2021 00:41:14.398,0.7333000000000001,0.73318,1.76,1.12
09.08.2021 00:41:14.652,0.7333000000000001,0.73319,2.14,1
09.08.2021 00:41:19.562,0.73329,0.73319,3.66,1
09.08.2021 00:41:19.902,0.7333000000000001,0.73318,3.64,1
09.08.2021 00:41:20.003,0.73329,0.73319,3.66,1
09.08.2021 00:41:24.039,0.7333000000000001,0.73319,1.69,1
09.08.2021 00:41:26.357,0.73331,0.73321,3.14,1
09.08.2021 00:41:26.459,0.73332,0.73319,6.51,1.5
09.08.2021 00:41:27.697,0.7333000000000001,0.7332000000000001,1.64,1.5
09.08.2021 00:41:31.610,0.73332,0.7332000000000001,5.01,1
09.08.2021 00:41:31.711,0.73333,0.73326,3,1
09.08.2021 00:41:31.762,0.7333500000000001,0.73326,1.5,1.5
09.08.2021 00:41:32.864,0.73334,0.7332500000000001,1.25,1.5
09.08.2021 00:41:38.035,0.7333600000000001,0.73326,2.7,1
09.08.2021 00:41:38.087,0.73337,0.73328,1.75,1
09.08.2021 00:41:38.189,0.7334,0.73331,1.69,1
09.08.2021 00:41:38.291,0.73343,0.73334,1.39,1.5
09.08.2021 00:41:39.831,0.73344,0.7333500000000001,1,1.5
09.08.2021 00:41:40.085,0.73344,0.7333500000000001,1.94,1.5
09.08.2021 00:41:40.187,0.7334100000000001,0.73333,1.25,1.12
09.08.2021 00:41:40.340,0.7334100000000001,0.73332,1.25,1.5
09.08.2021 00:41:40.441,0.7334100000000001,0.73333,1.25,1
09.08.2021 00:41:41.535,0.7334200000000001,0.73332,2.39,1
09.08.2021 00:41:41.788,0.73343,0.73331,1.01,1
09.08.2021 00:41:41.890,0.7334200000000001,0.73332,2.01,1
09.08.2021 00:41:42.059,0.7334200000000001,0.73334,1,1
09.08.2021 00:41:47.214,0.7334100000000001,0.73331,1.69,2
09.08.2021 00:41:47.316,0.7334100000000001,0.7333000000000001,1.25,2
09.08.2021 00:41:47.418,0.7334200000000001,0.7333000000000001,1.39,1.5
09.08.2021 00:41:47.570,0.7334100000000001,0.73332,1.25,1
09.08.2021 00:41:47.774,0.73344,0.73332,1.39,1
09.08.2021 00:41:47.876,0.73343,0.73334,1.31,1
09.08.2021 00:41:51.689,0.7334100000000001,0.73331,1.01,1.5
09.08.2021 00:41:51.791,0.7334,0.7333000000000001,1.25,1.12
09.08.2021 00:41:51.892,0.7334,0.7333000000000001,3.06,1
09.08.2021 00:41:52.102,0.73337,0.73329,1.75,1
09.08.2021 00:41:52.204,0.73337,0.7332500000000001,1,2
09.08.2021 00:41:52.305,0.73337,0.73328,1.25,1
09.08.2021 00:41:53.287,0.73337,0.73329,1,1.5
09.08.2021 00:41:53.338,0.73339,0.73329,1.31,1.5
09.08.2021 00:41:55.259,0.7334200000000001,0.73333,1.12,2.25
09.08.2021 00:41:55.361,0.73344,0.7333500000000001,1,1.5
09.08.2021 00:41:55.463,0.73344,0.7333600000000001,1,1.5
09.08.2021 00:41:55.564,0.7334600000000001,0.73337,1.5,1
09.08.2021 00:41:55.666,0.7334700000000001,0.73337,1.01,1.5
09.08.2021 00:41:55.817,0.7334700000000001,0.73337,4.29,1
09.08.2021 00:41:55.919,0.7334600000000001,0.7333500000000001,1.25,1
09.08.2021 00:41:56.020,0.73345,0.7333500000000001,1.25,2.25
09.08.2021 00:42:00.321,0.7334600000000001,0.73334,3.14,1.5
09.08.2021 00:42:00.473,0.73344,0.73334,1.69,1
09.08.2021 00:42:03.729,0.73345,0.7333500000000001,1.69,1
09.08.2021 00:42:05.938,0.73345,0.7333600000000001,1.25,1.5
09.08.2021 00:42:06.090,0.7334700000000001,0.73338,3.19,1
09.08.2021 00:42:06.209,0.73349,0.73339,1.31,1
09.08.2021 00:42:13.797,0.73349,0.7334,1,1
09.08.2021 00:42:15.749,0.7335100000000001,0.7334100000000001,2.95,1
09.08.2021 00:42:16.058,0.7335100000000001,0.7334,1.25,1
09.08.2021 00:42:23.586,0.7335100000000001,0.7334100000000001,2.39,1.5
09.08.2021 00:42:23.983,0.73353,0.73343,1.75,1.5
09.08.2021 00:42:24.034,0.73355,0.73344,5.42,1.5
09.08.2021 00:42:24.185,0.7335600000000001,0.73343,2.89,1.5
09.08.2021 00:42:24.286,0.73355,0.73344,2.91,1.5
09.08.2021 00:42:25.260,0.73354,0.7334600000000001,1,1
09.08.2021 00:42:33.834,0.7335,0.7334200000000001,1,1.5
09.08.2021 00:42:33.936,0.7335,0.7334100000000001,1.2,1
09.08.2021 00:42:35.259,0.7335,0.7334,1.12,2.25
09.08.2021 00:42:35.767,0.73354,0.73343,2.37,1.25
09.08.2021 00:42:35.869,0.73354,0.73343,1,1.25
09.08.2021 00:42:35.970,0.73354,0.73345,1,1
09.08.2021 00:42:38.322,0.73355,0.73345,1.87,1
09.08.2021 00:42:40.077,0.7335600000000001,0.73348,1.69,1
09.08.2021 00:42:40.178,0.7336,0.7335,2.37,1
09.08.2021 00:42:40.280,0.7336,0.7335100000000001,1.87,1
09.08.2021 00:42:40.555,0.7336,0.7335,2.14,1
09.08.2021 00:42:40.757,0.73359,0.7335,1,1
09.08.2021 00:42:41.443,0.73359,0.73349,1.12,1.5
09.08.2021 00:42:41.594,0.73359,0.7335,1,1
09.08.2021 00:42:41.849,0.73359,0.73349,1,1.5
09.08.2021 00:42:42.194,0.7336,0.7334700000000001,1.95,3.19
09.08.2021 00:42:42.423,0.73359,0.73348,2.07,2.44
09.08.2021 00:42:43.956,0.73358,0.7334600000000001,1.12,2.25
09.08.2021 00:42:44.057,0.73357,0.73348,1.12,1
09.08.2021 00:42:44.949,0.73358,0.73348,1.87,1.69
09.08.2021 00:42:55.284,0.73357,0.73345,2.32,1.12
09.08.2021 00:42:55.385,0.7335600000000001,0.7334600000000001,2.35,1.12
09.08.2021 00:42:55.487,0.73354,0.73345,1,1.5
09.08.2021 00:43:00.570,0.73354,0.73344,1,2.44
09.08.2021 00:43:00.671,0.7335600000000001,0.7334700000000001,1.12,1.5
09.08.2021 00:43:01.067,0.73357,0.7334700000000001,1.2,2.44
09.08.2021 00:43:03.950,0.73357,0.73348,1,1
09.08.2021 00:43:04.052,0.73359,0.73349,2.07,1.25
09.08.2021 00:43:06.488,0.73359,0.73348,2.26,2.44
09.08.2021 00:43:08.200,0.73358,0.73349,1.12,1
09.08.2021 00:43:08.562,0.7335200000000001,0.7334600000000001,1,1.25
09.08.2021 00:43:08.665,0.7335200000000001,0.73343,1,2
09.08.2021 00:43:08.767,0.7335200000000001,0.73343,1,2.44
09.08.2021 00:43:13.980,0.7335100000000001,0.7334,1.1,1.12
09.08.2021 00:43:14.081,0.7335100000000001,0.73339,1.22,1.5
09.08.2021 00:43:16.252,0.7335100000000001,0.73339,1.1,2.5
09.08.2021 00:43:16.353,0.7335,0.7334,1.1,1.69
09.08.2021 00:43:17.035,0.7335,0.7334,1.22,1.5
09.08.2021 00:43:34.617,0.7335,0.7334,1.2,1.69
09.08.2021 00:43:34.718,0.7335,0.7334100000000001,1.2,1.25
09.08.2021 00:43:34.820,0.7335200000000001,0.73343,1.1,1.5
09.08.2021 00:43:34.921,0.73354,0.7334200000000001,1.2,1.5
09.08.2021 00:43:36.116,0.73354,0.73343,1,1.69
09.08.2021 00:43:40.530,0.7335600000000001,0.73345,1.97,1
09.08.2021 00:43:40.632,0.7335600000000001,0.73345,3.3,2.44
09.08.2021 00:43:45.193,0.7335600000000001,0.7334600000000001,4.35,1
09.08.2021 00:43:46.852,0.7335600000000001,0.73345,4.72,1
09.08.2021 00:43:46.953,0.73354,0.73344,1,3.56
09.08.2021 00:43:47.291,0.73354,0.73345,1,1
09.08.2021 00:43:50.523,0.73354,0.7334600000000001,1,1
09.08.2021 00:43:52.591,0.73355,0.7334600000000001,1,1
09.08.2021 00:43:52.692,0.73357,0.7334700000000001,2.85,1.25
09.08.2021 00:43:52.794,0.73359,0.73349,4.61,1
09.08.2021 00:43:52.845,0.73359,0.73349,2.16,1.5
09.08.2021 00:43:53.253,0.7336100000000001,0.7335100000000001,3.52,1
09.08.2021 00:43:53.456,0.7336100000000001,0.7335100000000001,1.1,1.5
09.08.2021 00:43:58.045,0.7336,0.7335100000000001,1,1.5
09.08.2021 00:44:00.294,0.73363,0.73353,1.51,1.5
09.08.2021 00:44:00.397,0.73364,0.73354,1.96,1
09.08.2021 00:44:00.498,0.7336600000000001,0.73354,1.01,1
09.08.2021 00:44:00.599,0.7336600000000001,0.7335600000000001,2.42,1.5
09.08.2021 00:44:01.213,0.7336600000000001,0.7335600000000001,1.2,1
09.08.2021 00:44:01.466,0.7336600000000001,0.7335600000000001,2.72,1
09.08.2021 00:44:01.567,0.7336600000000001,0.73355,3.47,2.25
09.08.2021 00:44:02.140,0.73365,0.73354,1.1,1
09.08.2021 00:44:09.814,0.73365,0.73355,1,1
09.08.2021 00:44:09.915,0.73365,0.7335600000000001,1.2,1
09.08.2021 00:44:11.828,0.7336600000000001,0.73354,1.95,1.5
09.08.2021 00:44:12.780,0.7336100000000001,0.73355,1,1
09.08.2021 00:44:12.831,0.7336100000000001,0.7335100000000001,1,1
09.08.2021 00:44:13.129,0.73359,0.7335,1,1.87
09.08.2021 00:44:15.621,0.73355,0.7334700000000001,2.51,1.12
09.08.2021 00:44:15.724,0.73354,0.73345,1.1,2
09.08.2021 00:44:15.827,0.73354,0.73345,1,1.5
09.08.2021 00:44:17.899,0.73354,0.7334600000000001,1,1
09.08.2021 00:44:18.549,0.73357,0.73345,3.66,1
09.08.2021 00:44:21.865,0.7335600000000001,0.7334600000000001,2.51,1
09.08.2021 00:44:23.573,0.73355,0.7334600000000001,1,1
09.08.2021 00:44:24.040,0.73355,0.7334700000000001,1,1
09.08.2021 00:44:24.143,0.73357,0.7334600000000001,2.14,1
09.08.2021 00:44:24.502,0.7335600000000001,0.7334700000000001,3.32,1
09.08.2021 00:44:24.891,0.73357,0.7334600000000001,2.51,1
09.08.2021 00:44:31.078,0.73359,0.73348,2.57,1
09.08.2021 00:44:31.179,0.7336,0.73349,1.89,1.5
09.08.2021 00:44:31.284,0.73359,0.7335,1.76,1.5
09.08.2021 00:44:31.385,0.73359,0.7335100000000001,1.39,1
09.08.2021 00:44:43.589,0.73359,0.7335,1.1,1
09.08.2021 00:44:46.344,0.73359,0.7335200000000001,1,1
09.08.2021 00:44:46.547,0.73359,0.7335100000000001,1.1,1
09.08.2021 00:44:51.193,0.73359,0.7335,1.2,1
09.08.2021 00:45:00.568,0.73359,0.7335100000000001,1,1
09.08.2021 00:45:05.889,0.73358,0.73349,1.1,1
09.08.2021 00:45:05.991,0.73358,0.73349,1.1,1
09.08.2021 00:45:07.713,0.7335600000000001,0.7334600000000001,1.57,1.5
09.08.2021 00:45:07.815,0.73355,0.7334600000000001,1,1.5
09.08.2021 00:45:10.299,0.73355,0.73345,1.2,1
09.08.2021 00:45:15.982,0.73355,0.73345,1.22,1
09.08.2021 00:45:16.418,0.7335100000000001,0.7334200000000001,1.57,1
09.08.2021 00:45:16.519,0.7335,0.7334100000000001,1,1.5
09.08.2021 00:45:17.247,0.7335100000000001,0.7334100000000001,1.57,1.5
09.08.2021 00:45:25.135,0.7335200000000001,0.7334,3.66,1
09.08.2021 00:45:31.350,0.7335200000000001,0.7334,2.32,1
09.08.2021 00:45:32.874,0.7335,0.7334100000000001,1.12,1
09.08.2021 00:45:40.439,0.73348,0.73339,1.12,1.5
09.08.2021 00:45:40.541,0.7334600000000001,0.73334,1,2.94
09.08.2021 00:45:40.642,0.73345,0.7333500000000001,1.31,1.5
09.08.2021 00:45:41.677,0.73345,0.7333600000000001,1,1
09.08.2021 00:45:42.746,0.7334600000000001,0.7333600000000001,2.44,1
09.08.2021 00:45:55.713,0.73349,0.73338,2.06,1.5
09.08.2021 00:45:55.814,0.7335200000000001,0.7334100000000001,1.5,1.5
09.08.2021 00:45:55.916,0.7335100000000001,0.73344,1,1
09.08.2021 00:45:55.967,0.73355,0.73345,2.19,1
09.08.2021 00:45:56.068,0.73355,0.73345,2.06,1
09.08.2021 00:45:56.221,0.73354,0.73345,1.25,1
09.08.2021 00:45:58.415,0.73355,0.73345,1.25,1.5
09.08.2021 00:45:59.427,0.73355,0.73344,1,1.5
09.08.2021 00:45:59.581,0.73354,0.73344,1,1
09.08.2021 00:46:00.079,0.73354,0.73345,1,1
09.08.2021 00:46:01.619,0.73357,0.73344,3.69,1.69
09.08.2021 00:46:02.430,0.73355,0.73344,2.81,1.12
09.08.2021 00:46:03.155,0.73354,0.73343,2.81,1
09.08.2021 00:46:03.206,0.7335100000000001,0.7334200000000001,1,1
09.08.2021 00:46:03.307,0.7335100000000001,0.7334100000000001,1,1
09.08.2021 00:46:03.985,0.7335100000000001,0.73339,1.12,1.5
09.08.2021 00:46:09.642,0.7334700000000001,0.73337,3.19,2
09.08.2021 00:46:09.743,0.7334600000000001,0.73337,1.12,1
09.08.2021 00:46:09.845,0.7334600000000001,0.7333600000000001,1.95,1
09.08.2021 00:46:17.177,0.7334600000000001,0.7333500000000001,2.7,2.44
09.08.2021 00:46:23.354,0.73349,0.73338,1.5,1.25
09.08.2021 00:46:23.456,0.7335,0.7334,2.45,1.25
09.08.2021 00:46:23.557,0.7335,0.7334,1.95,1.69
09.08.2021 00:46:29.761,0.7335,0.73339,1,1
09.08.2021 00:46:29.862,0.73349,0.73339,1,1.5
09.08.2021 00:46:40.785,0.73348,0.73339,1.25,1
09.08.2021 00:46:40.836,0.7334700000000001,0.73337,3.47,1
09.08.2021 00:46:40.937,0.73345,0.7333600000000001,1,1.5
09.08.2021 00:46:41.089,0.73345,0.73334,1,1
09.08.2021 00:46:44.366,0.73345,0.73333,1.1,1
09.08.2021 00:46:44.910,0.73345,0.73334,1,1
09.08.2021 00:46:47.387,0.73345,0.7333600000000001,1,1
09.08.2021 00:46:54.686,0.73344,0.7333500000000001,1.12,1
09.08.2021 00:46:54.736,0.73344,0.73332,1.5,1
09.08.2021 00:46:54.787,0.7334200000000001,0.73331,1.57,2.81
09.08.2021 00:46:54.889,0.7334200000000001,0.7333000000000001,1.2,1.5
09.08.2021 00:46:55.192,0.7334200000000001,0.73332,1.87,1.25
09.08.2021 00:46:55.243,0.73344,0.73334,1.5,2.44
09.08.2021 00:46:55.344,0.73345,0.73334,1.5,1
09.08.2021 00:46:55.395,0.73344,0.7333500000000001,1,1.5
09.08.2021 00:47:01.839,0.7334600000000001,0.7333600000000001,2.75,1
09.08.2021 00:47:01.940,0.73349,0.73337,2.07,1.25
09.08.2021 00:47:01.991,0.73349,0.73338,1.57,1.69
09.08.2021 00:47:02.194,0.7335,0.73339,3.6,1
09.08.2021 00:47:04.644,0.73349,0.7334,1,1.5
09.08.2021 00:47:04.746,0.7335,0.7334,1.12,1.69
09.08.2021 00:47:05.203,0.7335100000000001,0.7334,1,1.5
09.08.2021 00:47:07.096,0.7335,0.73339,2.14,2.25
09.08.2021 00:47:12.450,0.7335,0.7334,1.95,1
09.08.2021 00:47:22.416,0.7335,0.7334100000000001,1,1.5
09.08.2021 00:47:43.134,0.7335200000000001,0.7334200000000001,1.5,1.69
09.08.2021 00:47:43.236,0.73353,0.7334100000000001,1,1.69
09.08.2021 00:47:43.910,0.73353,0.7334200000000001,1.12,3.19
09.08.2021 00:47:56.738,0.73353,0.7334100000000001,1,1.5
09.08.2021 00:47:56.789,0.7335100000000001,0.73339,1,1.87
09.08.2021 00:48:02.432,0.73349,0.73339,1.1,1.5
09.08.2021 00:48:02.533,0.7335,0.73337,1.1,1.5
09.08.2021 00:48:11.937,0.73349,0.73339,1.2,1
09.08.2021 00:48:15.342,0.7334600000000001,0.73339,1,1
09.08.2021 00:48:31.621,0.7334600000000001,0.73338,1,1
09.08.2021 00:48:46.673,0.73345,0.7333600000000001,1,1.12
09.08.2021 00:48:46.775,0.73344,0.73334,1,1.5
09.08.2021 00:48:46.877,0.73343,0.7333500000000001,1,1
09.08.2021 00:48:47.040,0.73343,0.73334,1,1.69
09.08.2021 00:48:52.127,0.73344,0.73332,1,1
09.08.2021 00:49:00.962,0.73344,0.73333,1,2.69
09.08.2021 00:49:01.064,0.73345,0.73333,1,2.44
09.08.2021 00:49:08.960,0.73344,0.7333600000000001,1,1.75
09.08.2021 00:49:09.062,0.73348,0.73338,2.07,2.44
09.08.2021 00:49:09.164,0.73348,0.73338,1.5,1.69
09.08.2021 00:49:13.398,0.73348,0.73339,1,1
09.08.2021 00:49:13.499,0.7335,0.73338,1.12,1.5
09.08.2021 00:49:13.930,0.73349,0.73338,1.1,1
09.08.2021 00:49:14.032,0.73348,0.73338,1.1,1
09.08.2021 00:49:18.194,0.73349,0.7333600000000001,1,2.25
09.08.2021 00:49:21.915,0.73348,0.73339,1.12,1.25
09.08.2021 00:49:22.068,0.73349,0.73339,1,1.69
09.08.2021 00:49:24.594,0.73349,0.73337,1.5,1.5
09.08.2021 00:49:24.695,0.73345,0.7333500000000001,1,2.75
09.08.2021 00:49:24.797,0.73344,0.7333500000000001,1,1
09.08.2021 00:49:24.899,0.73345,0.73333,1,2.44
09.08.2021 00:49:28.760,0.73344,0.73333,1.87,1.69
09.08.2021 00:49:32.048,0.73344,0.73333,1.5,2.5
09.08.2021 00:49:32.602,0.73344,0.73333,1.5,1.69
09.08.2021 00:49:37.378,0.73344,0.73333,1.5,2.5
09.08.2021 00:49:42.704,0.73344,0.73333,2.14,1.5
09.08.2021 00:49:43.646,0.7334200000000001,0.73333,1,1.5
09.08.2021 00:49:46.885,0.73344,0.73332,1,1.5
09.08.2021 00:49:53.306,0.7334100000000001,0.73331,1,1.5
09.08.2021 00:49:53.407,0.7334,0.73331,1,1
09.08.2021 00:49:57.193,0.7334,0.7333000000000001,1,2.44
09.08.2021 00:50:02.407,0.7334,0.73329,2.06,2.25
09.08.2021 00:50:03.554,0.7334,0.7333000000000001,1.12,1.25
09.08.2021 00:50:03.656,0.7334,0.73331,1.12,1.25
09.08.2021 00:50:03.757,0.7334,0.7333000000000001,1,2.44
09.08.2021 00:50:07.642,0.7334100000000001,0.73329,1,1.75
09.08.2021 00:50:08.018,0.7334100000000001,0.7333000000000001,2.25,2.5
09.08.2021 00:50:13.204,0.7334200000000001,0.7333000000000001,3.45,3.25
09.08.2021 00:50:13.428,0.73343,0.73329,3.57,3.25
09.08.2021 00:50:19.328,0.73343,0.73333,1.62,2.44
09.08.2021 00:50:19.430,0.73345,0.73333,2.37,1.5
09.08.2021 00:50:19.531,0.73344,0.73334,1.5,1.5
09.08.2021 00:50:41.551,0.73345,0.7333500000000001,1,1.5
09.08.2021 00:50:41.703,0.7334600000000001,0.7333500000000001,3.19,1.5
09.08.2021 00:50:43.961,0.7334600000000001,0.73337,1.12,1.12
09.08.2021 00:50:44.064,0.7335100000000001,0.73339,2,1
09.08.2021 00:50:44.217,0.7335100000000001,0.73339,1.31,1
09.08.2021 00:50:44.319,0.73348,0.73339,1.5,1
09.08.2021 00:50:44.370,0.7334700000000001,0.73337,4.57,1
09.08.2021 00:50:44.422,0.73349,0.7334,2.37,1
09.08.2021 00:50:44.576,0.7335,0.7334,2.06,1
09.08.2021 00:50:46.214,0.73349,0.73338,3.07,2.25
09.08.2021 00:50:46.265,0.7334700000000001,0.73337,1,2.25
09.08.2021 00:50:48.277,0.73348,0.73337,1,1.69
09.08.2021 00:50:48.328,0.73349,0.73339,1.87,2.44
09.08.2021 00:50:48.429,0.73349,0.7334,1.12,1
09.08.2021 00:50:50.125,0.7335,0.7334,1.31,1
09.08.2021 00:50:50.277,0.7335100000000001,0.7334100000000001,1.81,1.5
09.08.2021 00:50:50.328,0.73353,0.7334200000000001,2.89,2.44
09.08.2021 00:50:50.379,0.7335100000000001,0.7334100000000001,1.2,1
09.08.2021 00:50:50.684,0.7335,0.7334,1,1.5
09.08.2021 00:50:50.785,0.7335100000000001,0.73339,3.2,1
09.08.2021 00:50:50.987,0.7335100000000001,0.73339,1.31,1.5
09.08.2021 00:50:51.793,0.73349,0.7334,1,1.5
09.08.2021 00:50:51.843,0.73348,0.73338,1.5,1.5
09.08.2021 00:50:51.945,0.7335,0.73338,1,1.69
09.08.2021 00:50:52.046,0.73349,0.7334,1,1
09.08.2021 00:50:52.197,0.7335100000000001,0.73339,1.87,1.5
09.08.2021 00:51:07.155,0.73354,0.7334200000000001,4.25,2.44
09.08.2021 00:51:07.258,0.73353,0.73343,1.5,3.25
09.08.2021 00:51:07.359,0.73353,0.73343,1,3.25
09.08.2021 00:51:07.774,0.73353,0.73343,1,2.25
09.08.2021 00:51:08.345,0.73354,0.7334700000000001,1,1
09.08.2021 00:51:08.446,0.73358,0.7334600000000001,2.37,1.5
09.08.2021 00:51:08.548,0.73358,0.7334700000000001,1.87,2.44
09.08.2021 00:51:09.053,0.73359,0.7334700000000001,1.12,1
09.08.2021 00:51:13.560,0.7336,0.7335,1.87,1
09.08.2021 00:51:19.535,0.73362,0.7335200000000001,1.87,1
09.08.2021 00:51:19.638,0.73363,0.73353,1.12,2.25
09.08.2021 00:51:22.932,0.7336100000000001,0.7335,1.87,3.62
09.08.2021 00:51:23.534,0.73362,0.7335100000000001,2.62,2.44
09.08.2021 00:51:26.362,0.7336100000000001,0.73348,2.32,1.69
09.08.2021 00:51:26.463,0.7336,0.7334700000000001,1,4
09.08.2021 00:51:29.102,0.7336,0.7335,1.87,1.25
09.08.2021 00:51:50.057,0.7336,0.7335100000000001,1,1.69
09.08.2021 00:51:50.159,0.73362,0.7335100000000001,1.5,3.19
09.08.2021 00:51:50.260,0.73363,0.7335,1.12,3.19
09.08.2021 00:51:55.744,0.73362,0.7335200000000001,1.5,1.25
09.08.2021 00:51:59.524,0.73362,0.7335100000000001,1.5,3.19
09.08.2021 00:52:02.426,0.73362,0.7335200000000001,1.5,1.25
09.08.2021 00:52:03.651,0.73363,0.7335,1.5,3.19
09.08.2021 00:52:04.535,0.73362,0.7335200000000001,1.5,1.25
09.08.2021 00:52:09.585,0.7336100000000001,0.7335100000000001,3.37,1
09.08.2021 00:52:09.686,0.7336,0.7335,1.5,1
09.08.2021 00:52:19.021,0.73359,0.73349,1.57,1
09.08.2021 00:52:19.122,0.73358,0.7334700000000001,1,1
09.08.2021 00:52:21.108,0.73357,0.7334700000000001,1.87,1.5
09.08.2021 00:52:26.603,0.7335600000000001,0.7334700000000001,3.75,1
09.08.2021 00:52:26.705,0.7335600000000001,0.73345,1,1
09.08.2021 00:52:26.962,0.7335600000000001,0.7334600000000001,4.2,1
09.08.2021 00:52:34.093,0.7335600000000001,0.7334600000000001,3.57,1
09.08.2021 00:52:54.395,0.73357,0.7334700000000001,1,1.5
