Gmt time,Ask,Bid,AskVolume,BidVolume
16.08.2021 00:00:00.290,0.73658,0.73649,1.94,1
16.08.2021 00:00:00.341,0.7365600000000001,0.73645,1.25,1.5
16.08.2021 00:00:01.015,0.7365600000000001,0.7364600000000001,1.01,1
16.08.2021 00:00:01.116,0.73658,0.73648,1.87,1
16.08.2021 00:00:02.452,0.7366,0.7364700000000001,2.51,1
16.08.2021 00:00:02.553,0.73659,0.73649,1.1,1
16.08.2021 00:00:02.714,0.73659,0.7364700000000001,1,1
16.08.2021 00:00:02.815,0.7366100000000001,0.7365100000000001,2.26,1
16.08.2021 00:00:02.917,0.7366100000000001,0.7365100000000001,1.76,1
16.08.2021 00:00:03.018,0.7366100000000001,0.73649,1.76,1
16.08.2021 00:00:05.836,0.7366,0.7365100000000001,1,1
16.08.2021 00:00:06.552,0.7366100000000001,0.7365200000000001,1,1
16.08.2021 00:00:06.976,0.73662,0.7365200000000001,1.12,1
16.08.2021 00:00:07.078,0.73663,0.73653,1.12,1
16.08.2021 00:00:07.231,0.73664,0.73655,1,4.19
16.08.2021 00:00:07.333,0.73664,0.7365700000000001,3.37,1
16.08.2021 00:00:07.435,0.73665,0.73658,1,1
16.08.2021 00:00:08.845,0.73667,0.73658,1.5,1
16.08.2021 00:00:10.161,0.73669,0.73659,1.5,1
16.08.2021 00:00:10.546,0.73669,0.73659,1,1.5
16.08.2021 00:00:10.698,0.73669,0.73658,1,1
16.08.2021 00:00:11.718,0.73669,0.7366,1,1
16.08.2021 00:00:13.474,0.73668,0.7366,1,1
16.08.2021 00:00:18.106,0.7367,0.73659,1,1
16.08.2021 00:00:20.466,0.73669,0.73659,1,1
16.08.2021 00:00:22.547,0.73668,0.73658,1.69,2.25
16.08.2021 00:00:43.232,0.73668,0.7365700000000001,1.94,1.5
16.08.2021 00:00:43.283,0.73667,0.7365600000000001,2.7,1.87
16.08.2021 00:00:43.384,0.7366600000000001,0.7365600000000001,1.25,1.87
16.08.2021 00:00:48.285,0.73667,0.73658,1.1,1
16.08.2021 00:00:50.158,0.73669,0.7365700000000001,3.64,1.5
16.08.2021 00:00:50.259,0.73668,0.73659,1.31,1.5
16.08.2021 00:00:50.540,0.7367,0.73658,3.26,1.5
16.08.2021 00:00:50.901,0.73669,0.7366,1,1
16.08.2021 00:00:50.952,0.73672,0.73662,1.87,1.5
16.08.2021 00:00:51.053,0.73674,0.73664,3.39,1.5
16.08.2021 00:00:51.154,0.73674,0.73664,2.89,1.5
16.08.2021 00:00:51.764,0.7367300000000001,0.73664,1.25,1
16.08.2021 00:00:51.865,0.73674,0.73662,3.26,1.5
16.08.2021 00:00:52.067,0.73672,0.73663,1.25,1.5
16.08.2021 00:00:52.638,0.7367,0.7366,1.5,3
16.08.2021 00:00:52.740,0.73669,0.7366,1.5,1.12
16.08.2021 00:00:52.892,0.7367,0.7366,1.5,1
16.08.2021 00:00:53.392,0.7367,0.73659,1,1.5
16.08.2021 00:00:53.947,0.7367100000000001,0.7366100000000001,1.5,1
16.08.2021 00:00:57.459,0.7367,0.7366100000000001,1,1
16.08.2021 00:00:59.175,0.7367100000000001,0.7366100000000001,1.1,1
16.08.2021 00:01:00.552,0.7367,0.7366100000000001,1,1
16.08.2021 00:01:02.634,0.73672,0.7366,1.57,1.5
16.08.2021 00:01:02.786,0.73669,0.7366100000000001,1,1
16.08.2021 00:01:03.191,0.73672,0.73662,1.5,1.5
16.08.2021 00:01:03.292,0.73672,0.73663,1.5,1
16.08.2021 00:01:03.343,0.7367300000000001,0.73664,1,1
16.08.2021 00:01:08.301,0.7367300000000001,0.73663,1.5,1.5
16.08.2021 00:01:08.403,0.73672,0.73663,1,1
16.08.2021 00:01:11.105,0.73674,0.73662,1.57,1.5
16.08.2021 00:01:11.619,0.73674,0.73663,1,1
16.08.2021 00:01:12.046,0.73674,0.73665,2.44,1
16.08.2021 00:01:12.147,0.7367300000000001,0.73665,1,1
16.08.2021 00:01:12.432,0.73674,0.73665,2.44,1
16.08.2021 00:01:13.080,0.7367600000000001,0.73668,1.5,1.25
16.08.2021 00:01:13.182,0.7368,0.73669,2,1
16.08.2021 00:01:13.233,0.7368,0.73669,1.5,1
16.08.2021 00:01:13.396,0.7368,0.7367,1,1.69
16.08.2021 00:01:13.562,0.7368100000000001,0.7367100000000001,1.95,1
16.08.2021 00:01:14.552,0.7368100000000001,0.73672,1,1
16.08.2021 00:01:18.067,0.7368100000000001,0.7367100000000001,1,1.5
16.08.2021 00:01:20.429,0.73679,0.73668,1,1.69
16.08.2021 00:01:23.016,0.7367800000000001,0.73668,1,1.5
16.08.2021 00:01:24.605,0.73679,0.7367,1.5,1
16.08.2021 00:01:33.407,0.7367800000000001,0.73668,1.5,2.44
16.08.2021 00:01:44.216,0.7367800000000001,0.73667,1,1.5
16.08.2021 00:01:44.318,0.7367600000000001,0.73665,1,1
16.08.2021 00:01:44.419,0.73675,0.73665,1.57,1.5
16.08.2021 00:01:45.574,0.7367600000000001,0.73667,1.12,1.25
16.08.2021 00:01:45.726,0.73677,0.73665,1,2.25
16.08.2021 00:01:45.877,0.73674,0.7366600000000001,1,1
16.08.2021 00:01:45.928,0.73674,0.73664,1.5,1
16.08.2021 00:01:46.030,0.7367300000000001,0.73664,1,1
16.08.2021 00:01:48.689,0.7367300000000001,0.73662,1,1
16.08.2021 00:01:59.001,0.7367100000000001,0.73663,1,1
16.08.2021 00:01:59.052,0.7367,0.7366,2.25,2
16.08.2021 00:01:59.154,0.73669,0.73659,1,1.5
16.08.2021 00:02:01.107,0.7367,0.7366100000000001,1,1.5
16.08.2021 00:02:01.209,0.73672,0.7366100000000001,1.12,1
16.08.2021 00:02:01.310,0.7367300000000001,0.73662,2.32,2.25
16.08.2021 00:02:01.412,0.7367300000000001,0.73663,1,2.44
16.08.2021 00:02:01.775,0.73674,0.73664,2.7,1
16.08.2021 00:02:01.877,0.73674,0.73662,1,2.44
16.08.2021 00:02:02.028,0.73674,0.73664,2.32,1
16.08.2021 00:02:02.305,0.73674,0.73662,1,2.44
16.08.2021 00:02:02.558,0.73674,0.73664,2.32,1
16.08.2021 00:02:02.659,0.7367300000000001,0.73663,1,2.44
16.08.2021 00:02:02.760,0.73674,0.73664,2.32,1
16.08.2021 00:02:02.915,0.7367300000000001,0.73663,1,2.44
16.08.2021 00:02:04.175,0.7367300000000001,0.73664,1,1.75
16.08.2021 00:02:04.226,0.73675,0.7366600000000001,1.5,1.69
16.08.2021 00:02:04.328,0.73674,0.73665,1,1.5
16.08.2021 00:02:06.373,0.73675,0.73663,2.51,1.5
16.08.2021 00:02:07.894,0.7367300000000001,0.73664,1,1
16.08.2021 00:02:11.334,0.73668,0.7366,1,1.5
16.08.2021 00:02:11.435,0.73669,0.7366,1,1.5
16.08.2021 00:02:12.530,0.7367,0.7366,1.2,1.5
16.08.2021 00:02:13.023,0.73669,0.7366,1,1.5
16.08.2021 00:02:14.303,0.7367100000000001,0.73659,1.95,1.5
16.08.2021 00:02:15.509,0.73669,0.7366,1.5,1
16.08.2021 00:02:18.704,0.73668,0.73659,1.5,1
16.08.2021 00:02:22.707,0.73668,0.7366,1,1
16.08.2021 00:02:22.858,0.73669,0.7366,1.5,1
16.08.2021 00:02:25.225,0.73668,0.73658,1,2.44
16.08.2021 00:02:27.157,0.73667,0.73658,1,2.44
16.08.2021 00:02:27.208,0.73665,0.73658,1.5,1
16.08.2021 00:02:27.259,0.73665,0.73653,1.57,2.75
16.08.2021 00:02:27.361,0.73663,0.73654,1.1,1.5
16.08.2021 00:02:27.462,0.73664,0.73653,1.1,1
16.08.2021 00:02:44.027,0.73659,0.7365100000000001,1,1
16.08.2021 00:02:44.129,0.73659,0.7365,1.1,1.25
16.08.2021 00:02:46.914,0.7366100000000001,0.7365100000000001,1.95,1.69
16.08.2021 00:02:47.017,0.73662,0.7365200000000001,2.82,1
16.08.2021 00:02:47.119,0.73662,0.7365200000000001,2.7,1
16.08.2021 00:02:48.336,0.7366,0.7365,1.1,1.5
16.08.2021 00:02:48.589,0.73659,0.7365,1.1,1
16.08.2021 00:02:48.690,0.73658,0.73649,1,1
16.08.2021 00:02:49.160,0.73658,0.7364700000000001,1.5,1
16.08.2021 00:02:49.261,0.7365600000000001,0.73648,1,1
16.08.2021 00:02:49.463,0.73655,0.73648,1,1
16.08.2021 00:02:49.565,0.7365600000000001,0.73648,1,1
16.08.2021 00:02:49.666,0.7365600000000001,0.7364700000000001,1,1.25
16.08.2021 00:02:50.217,0.7365700000000001,0.7364700000000001,2.32,1.69
16.08.2021 00:02:51.524,0.73659,0.7364700000000001,1.5,1.5
16.08.2021 00:02:53.420,0.73658,0.7365,1,1
16.08.2021 00:02:57.811,0.73659,0.7365,1,1
16.08.2021 00:02:58.013,0.7366,0.7365100000000001,1.87,1
16.08.2021 00:03:01.340,0.7366100000000001,0.7365200000000001,1.5,1
16.08.2021 00:03:01.441,0.73662,0.7365200000000001,1.95,1.5
16.08.2021 00:03:01.847,0.73662,0.73653,1.5,1
16.08.2021 00:03:12.720,0.73664,0.73653,1.57,1
16.08.2021 00:03:15.197,0.73664,0.7365600000000001,1,1
16.08.2021 00:03:15.299,0.73667,0.7365700000000001,1.5,1.5
16.08.2021 00:03:15.400,0.73667,0.7365700000000001,1,1.5
16.08.2021 00:03:15.863,0.73669,0.73659,1.87,1.5
16.08.2021 00:03:15.964,0.7367,0.7366100000000001,2,1
16.08.2021 00:03:16.067,0.7367,0.7366100000000001,1.87,1
16.08.2021 00:03:20.965,0.73669,0.7366,1,1
16.08.2021 00:03:21.067,0.7367,0.73658,1.5,1.5
16.08.2021 00:03:33.123,0.7366600000000001,0.7365700000000001,1,1.12
16.08.2021 00:03:39.107,0.7366600000000001,0.7365600000000001,1.5,2.25
16.08.2021 00:03:39.336,0.73665,0.7365600000000001,1,1.5
16.08.2021 00:03:48.162,0.73667,0.73655,1.5,2.25
16.08.2021 00:03:58.831,0.7366600000000001,0.7365700000000001,1,1.5
16.08.2021 00:03:58.983,0.73662,0.73655,1,1.25
16.08.2021 00:03:59.085,0.73662,0.73654,1,1.69
16.08.2021 00:03:59.186,0.7366,0.7365,1.69,3.56
16.08.2021 00:03:59.389,0.7365700000000001,0.73649,1,1
16.08.2021 00:03:59.490,0.73658,0.73649,1,1
16.08.2021 00:03:59.541,0.7366100000000001,0.73649,1.5,1
16.08.2021 00:03:59.895,0.7366100000000001,0.7365,1,1
16.08.2021 00:03:59.998,0.7366100000000001,0.7365200000000001,1,1
16.08.2021 00:04:00.150,0.7366,0.73649,1,1
16.08.2021 00:04:00.201,0.73658,0.73648,1,1.95
16.08.2021 00:04:00.303,0.7365700000000001,0.73649,1,1
16.08.2021 00:04:00.914,0.7365700000000001,0.73648,1,1
16.08.2021 00:04:02.927,0.73659,0.73649,1,1.57
16.08.2021 00:04:03.028,0.7366,0.7365,1,1
16.08.2021 00:04:03.129,0.73659,0.7365200000000001,1,1
16.08.2021 00:04:03.233,0.73662,0.7365200000000001,2.25,1
16.08.2021 00:04:03.577,0.73662,0.7365100000000001,1,1.5
16.08.2021 00:04:08.332,0.7366,0.7365,1,1.57
16.08.2021 00:04:08.433,0.7366,0.73649,1,1.5
16.08.2021 00:04:08.586,0.7365700000000001,0.73649,1,1.12
16.08.2021 00:04:09.645,0.73658,0.7364700000000001,1,1.5
16.08.2021 00:04:16.675,0.7365600000000001,0.73648,1,1
16.08.2021 00:04:17.101,0.7365600000000001,0.7364700000000001,1,1.69
16.08.2021 00:04:18.999,0.73655,0.7364600000000001,1,1
16.08.2021 00:04:19.101,0.73654,0.73643,1,1.5
16.08.2021 00:04:19.202,0.73653,0.73643,1.5,1
16.08.2021 00:04:19.253,0.7365100000000001,0.73642,1,1.95
16.08.2021 00:04:19.405,0.7365100000000001,0.7364100000000001,1,2.89
16.08.2021 00:04:19.999,0.7365100000000001,0.7364100000000001,1,2.26
16.08.2021 00:04:22.235,0.7365,0.7364100000000001,1,2.26
16.08.2021 00:04:22.337,0.73648,0.73638,1,2.45
16.08.2021 00:04:22.438,0.73649,0.73638,1.5,1.7
16.08.2021 00:04:22.489,0.73648,0.7363600000000001,1,2.16
16.08.2021 00:04:23.425,0.7364700000000001,0.73637,1,2.14
16.08.2021 00:04:33.014,0.7364700000000001,0.73638,1,1.5
16.08.2021 00:04:40.407,0.7364600000000001,0.7363600000000001,1,2.26
16.08.2021 00:04:40.508,0.7364700000000001,0.73637,1,1.95
16.08.2021 00:04:44.366,0.7364700000000001,0.73638,1,1
16.08.2021 00:04:54.007,0.73648,0.73637,1,1.75
16.08.2021 00:04:55.250,0.73648,0.73638,1.5,2.5
16.08.2021 00:05:01.234,0.73648,0.73638,1.5,2.44
16.08.2021 00:05:01.286,0.73645,0.7363600000000001,1.5,1.25
16.08.2021 00:05:01.438,0.73644,0.7363600000000001,1,1.25
16.08.2021 00:05:02.683,0.73644,0.73634,1.5,1.5
16.08.2021 00:05:02.785,0.73643,0.73633,1.5,3.56
16.08.2021 00:05:08.234,0.7364,0.73631,1,1.75
16.08.2021 00:05:08.336,0.7364100000000001,0.7363000000000001,1.5,1.76
16.08.2021 00:05:08.438,0.7364,0.73629,1.5,3.14
16.08.2021 00:05:08.742,0.73639,0.73629,1,2.76
16.08.2021 00:05:12.765,0.73639,0.73629,1,1.69
16.08.2021 00:05:35.883,0.7364,0.73629,1,1
16.08.2021 00:05:35.934,0.73642,0.73633,3.2,1.5
16.08.2021 00:05:36.037,0.73644,0.73634,2.52,1.5
16.08.2021 00:05:36.138,0.73644,0.73634,1.87,1.5
16.08.2021 00:05:44.822,0.7364600000000001,0.7363600000000001,1.5,1.5
16.08.2021 00:05:44.924,0.7364700000000001,0.73637,1,1
16.08.2021 00:05:47.971,0.73648,0.73637,2.7,1
16.08.2021 00:05:50.542,0.73649,0.73637,1.95,1
16.08.2021 00:05:51.406,0.7364700000000001,0.7363500000000001,1,2.25
16.08.2021 00:05:51.747,0.73645,0.7363500000000001,1.5,2.25
16.08.2021 00:05:51.849,0.7364700000000001,0.73637,2.75,1.5
16.08.2021 00:05:52.001,0.7364700000000001,0.73637,1,1.5
16.08.2021 00:05:52.102,0.73649,0.7363600000000001,1.87,1.5
16.08.2021 00:05:52.153,0.73648,0.73639,1.12,1
16.08.2021 00:05:52.254,0.7365,0.73638,1.57,1
16.08.2021 00:05:52.938,0.73649,0.7364,1,1
16.08.2021 00:05:53.039,0.7365,0.7364,2.7,1.5
16.08.2021 00:05:58.394,0.7365,0.73639,2.62,1.5
16.08.2021 00:05:59.382,0.7365,0.7364,2.62,1
16.08.2021 00:05:59.866,0.7365100000000001,0.73638,2.62,1.5
16.08.2021 00:06:02.017,0.73649,0.73638,1,1.5
16.08.2021 00:06:05.334,0.73648,0.73638,1.5,1
16.08.2021 00:06:13.184,0.73649,0.7363600000000001,1.87,2.25
16.08.2021 00:06:17.837,0.7364600000000001,0.73637,1.25,2.25
16.08.2021 00:06:17.938,0.73643,0.73634,1.87,1.5
16.08.2021 00:06:18.040,0.73642,0.73631,1.5,1
16.08.2021 00:06:18.141,0.73643,0.73633,2.07,1
16.08.2021 00:06:18.297,0.73643,0.73633,1.95,1.5
16.08.2021 00:06:21.740,0.73642,0.7363000000000001,1.95,1.5
16.08.2021 00:06:21.841,0.7364,0.7363000000000001,1,3.19
16.08.2021 00:06:26.081,0.73644,0.73633,3.56,1
16.08.2021 00:06:26.182,0.73644,0.73632,1,1.69
16.08.2021 00:06:27.453,0.73644,0.7363500000000001,1.12,1
16.08.2021 00:06:42.429,0.73645,0.73633,1.5,1.69
16.08.2021 00:06:54.752,0.73643,0.73633,1.5,2.44
16.08.2021 00:06:57.596,0.7364100000000001,0.7363000000000001,1,1.31
16.08.2021 00:06:57.698,0.73639,0.73629,1,3.31
16.08.2021 00:06:57.799,0.73638,0.73628,1,2.44
16.08.2021 00:06:57.900,0.73637,0.73628,1,1.5
16.08.2021 00:06:59.888,0.73638,0.73628,1,1
16.08.2021 00:07:02.039,0.7363500000000001,0.73627,1,1.69
16.08.2021 00:07:02.241,0.7363500000000001,0.73626,1,1.69
16.08.2021 00:07:02.359,0.7363600000000001,0.73626,1.5,2.44
16.08.2021 00:07:03.026,0.7363500000000001,0.73626,1,2.44
16.08.2021 00:07:06.208,0.73634,0.73626,1,1.69
16.08.2021 00:07:07.191,0.73633,0.73624,1,1
16.08.2021 00:07:07.242,0.73631,0.73621,2.62,5.37
16.08.2021 00:07:07.394,0.73629,0.73621,1,1
16.08.2021 00:07:08.136,0.73626,0.73616,1,1.37
16.08.2021 00:07:08.187,0.73626,0.7361500000000001,1,2.81
16.08.2021 00:07:09.261,0.73624,0.73616,1,1.69
16.08.2021 00:07:09.611,0.73627,0.7361800000000001,1,2.44
16.08.2021 00:07:10.487,0.73628,0.7361800000000001,1,1.69
16.08.2021 00:07:13.934,0.73629,0.7361800000000001,1.5,1
16.08.2021 00:07:19.947,0.73629,0.73617,1.5,2.44
16.08.2021 00:07:20.800,0.73628,0.73616,2.25,3.25
16.08.2021 00:07:23.237,0.73627,0.73617,1,2.44
16.08.2021 00:07:23.338,0.73628,0.73617,2.25,3.25
16.08.2021 00:07:33.098,0.73627,0.73617,1,3.62
16.08.2021 00:07:33.149,0.73624,0.73617,1,1.12
16.08.2021 00:07:33.250,0.73624,0.7361500000000001,1.5,1
16.08.2021 00:07:33.402,0.73624,0.7361300000000001,1,1
16.08.2021 00:07:33.503,0.73623,0.7361300000000001,1.5,3.19
16.08.2021 00:07:38.164,0.73623,0.73614,1.5,1.69
16.08.2021 00:08:15.593,0.7362000000000001,0.73611,1,1
16.08.2021 00:08:15.695,0.7362000000000001,0.7361000000000001,2.44,1
16.08.2021 00:08:16.167,0.7362000000000001,0.73607,1.75,1.5
16.08.2021 00:08:34.944,0.7362000000000001,0.7360800000000001,1.69,1
16.08.2021 00:08:47.309,0.7361500000000001,0.73606,1,1.12
16.08.2021 00:08:47.410,0.7361800000000001,0.7360800000000001,2.44,1.5
16.08.2021 00:08:47.511,0.7361800000000001,0.73609,1,1
16.08.2021 00:08:52.472,0.73619,0.73609,2.44,1.5
16.08.2021 00:08:56.177,0.73622,0.73611,1,1
16.08.2021 00:08:56.279,0.73623,0.7361300000000001,1.75,1
16.08.2021 00:08:56.381,0.73624,0.73614,1.31,1.5
16.08.2021 00:09:02.229,0.73623,0.73614,1,1
16.08.2021 00:09:02.331,0.73623,0.7361300000000001,1.01,1
16.08.2021 00:09:02.792,0.73624,0.73611,2.14,2.25
16.08.2021 00:09:04.520,0.73621,0.73612,1,1.5
16.08.2021 00:09:05.375,0.7362000000000001,0.73611,1,1
16.08.2021 00:09:05.426,0.73619,0.73609,1,1.87
16.08.2021 00:09:09.107,0.7361800000000001,0.73609,1,1.5
16.08.2021 00:09:27.798,0.7361800000000001,0.73611,1,1
16.08.2021 00:09:27.848,0.7362000000000001,0.73611,1,1
16.08.2021 00:09:33.406,0.73622,0.73612,1.31,1
16.08.2021 00:09:41.320,0.73621,0.73611,1.39,1.5
16.08.2021 00:09:44.532,0.7362000000000001,0.7361000000000001,1.2,1
16.08.2021 00:09:50.641,0.73619,0.7361000000000001,1,1
16.08.2021 00:09:59.683,0.7362000000000001,0.7361000000000001,1.12,1.5
16.08.2021 00:10:00.124,0.73621,0.73611,1.12,1.5
16.08.2021 00:10:00.175,0.73622,0.73612,1.12,1
16.08.2021 00:10:00.532,0.73623,0.73612,1.12,1
16.08.2021 00:10:00.634,0.73624,0.7361300000000001,2.9,2.25
16.08.2021 00:10:00.735,0.73624,0.7361500000000001,3.01,1
16.08.2021 00:10:00.836,0.73624,0.7361500000000001,1.69,1
16.08.2021 00:10:04.589,0.73628,0.7361800000000001,2.06,1
16.08.2021 00:10:04.791,0.73629,0.73619,2.96,1.5
16.08.2021 00:10:06.169,0.73629,0.7362000000000001,1,1.5
16.08.2021 00:10:22.029,0.73629,0.7362000000000001,1.97,1
16.08.2021 00:10:24.001,0.73629,0.7361800000000001,1.6,1.5
16.08.2021 00:10:24.052,0.7362500000000001,0.73616,1.1,1
16.08.2021 00:10:24.254,0.7362500000000001,0.7361500000000001,1.97,1
16.08.2021 00:10:38.170,0.7362500000000001,0.7361500000000001,1.97,1.5
16.08.2021 00:10:40.807,0.7362500000000001,0.7361500000000001,1.97,1.5
16.08.2021 00:11:00.233,0.73627,0.73619,1.76,1
16.08.2021 00:11:02.445,0.73627,0.73617,1.1,1.5
16.08.2021 00:11:03.277,0.73627,0.73617,1.97,1
16.08.2021 00:11:04.317,0.7362500000000001,0.73617,1.1,1
16.08.2021 00:11:05.391,0.7362500000000001,0.7361500000000001,2.72,1.5
16.08.2021 00:11:06.255,0.7362500000000001,0.7361500000000001,2.72,1.5
16.08.2021 00:11:06.457,0.73626,0.7361800000000001,1.25,1
16.08.2021 00:11:06.559,0.73628,0.7361800000000001,2.85,1
16.08.2021 00:11:07.165,0.73627,0.73617,1.1,2.62
16.08.2021 00:11:07.266,0.73627,0.73617,1.6,1.87
16.08.2021 00:11:08.546,0.73626,0.73617,2.16,1
16.08.2021 00:11:09.599,0.7362500000000001,0.73617,1.1,1
16.08.2021 00:11:09.700,0.73626,0.73617,1.1,1
16.08.2021 00:11:09.920,0.73627,0.73617,2.7,1.5
16.08.2021 00:11:21.145,0.7362500000000001,0.73616,1.1,1
16.08.2021 00:11:23.112,0.73626,0.7361500000000001,1.1,1
16.08.2021 00:11:27.147,0.7362500000000001,0.73616,1.95,1
16.08.2021 00:11:33.887,0.73624,0.7361500000000001,1.1,1
16.08.2021 00:11:57.762,0.7362500000000001,0.7361300000000001,1.1,2.25
16.08.2021 00:12:01.595,0.73622,0.73611,1.1,1.12
16.08.2021 00:12:01.697,0.7362000000000001,0.73611,1.1,1.5
16.08.2021 00:12:01.798,0.7362000000000001,0.73611,1.1,1
16.08.2021 00:12:02.260,0.7361800000000001,0.7361000000000001,1,1.5
16.08.2021 00:12:02.361,0.7361800000000001,0.73609,1,1
16.08.2021 00:12:03.887,0.73617,0.73607,1.76,1.5
16.08.2021 00:12:06.286,0.73616,0.73607,1,1
16.08.2021 00:12:10.600,0.73616,0.73605,1,1.5
16.08.2021 00:12:10.854,0.7361300000000001,0.73605,1,1.25
16.08.2021 00:12:11.157,0.7361500000000001,0.73604,1,1.25
16.08.2021 00:12:12.299,0.7361300000000001,0.73605,1,1
16.08.2021 00:12:13.871,0.73614,0.73605,1,1.69
16.08.2021 00:12:14.083,0.7361500000000001,0.73606,1.1,1
16.08.2021 00:12:14.866,0.73616,0.73605,1.1,1
16.08.2021 00:12:16.399,0.7361300000000001,0.73604,1,1.5
16.08.2021 00:12:18.673,0.7361500000000001,0.73606,1.1,1
16.08.2021 00:12:21.324,0.73617,0.73605,1.57,1.5
16.08.2021 00:12:25.457,0.7361500000000001,0.73605,1.6,1.5
16.08.2021 00:12:27.705,0.7361300000000001,0.73605,1,1
16.08.2021 00:12:48.904,0.73614,0.73605,1.1,1
16.08.2021 00:12:54.554,0.7361800000000001,0.7360800000000001,6.1,1.5
16.08.2021 00:12:54.656,0.73619,0.7360800000000001,2.7,1.5
16.08.2021 00:12:55.192,0.73619,0.73609,2.32,1.5
16.08.2021 00:12:57.506,0.73617,0.7360800000000001,1,1.5
16.08.2021 00:12:57.608,0.73617,0.73607,1.5,1.5
16.08.2021 00:12:57.709,0.73616,0.73607,1,1
16.08.2021 00:13:01.803,0.73616,0.73605,1,1
16.08.2021 00:13:02.005,0.7361500000000001,0.7360300000000001,1.5,2.25
16.08.2021 00:13:13.027,0.73614,0.73605,1,1
16.08.2021 00:13:13.371,0.7361500000000001,0.73606,1.5,1
16.08.2021 00:13:13.481,0.7361500000000001,0.73605,2.32,1.5
16.08.2021 00:13:35.133,0.73614,0.73605,1,1.5
16.08.2021 00:13:35.184,0.73612,0.73602,1,1
16.08.2021 00:13:35.286,0.73611,0.73602,1,1.5
16.08.2021 00:13:35.387,0.73611,0.73601,2.7,2.44
16.08.2021 00:13:35.489,0.7361000000000001,0.73601,1,2.44
16.08.2021 00:13:35.590,0.73609,0.73601,1,1
16.08.2021 00:13:35.641,0.73609,0.7359800000000001,1.25,1.5
16.08.2021 00:13:35.742,0.73609,0.73599,1.57,1.5
16.08.2021 00:13:35.844,0.73611,0.73602,1.5,1.5
16.08.2021 00:13:35.945,0.73612,0.73602,1.1,1.87
16.08.2021 00:13:37.177,0.73614,0.73602,1.57,1
16.08.2021 00:13:41.685,0.7361300000000001,0.73602,1,1.12
16.08.2021 00:13:41.786,0.73612,0.73602,1.5,1.5
16.08.2021 00:13:51.539,0.73611,0.73602,1.95,1
16.08.2021 00:13:51.658,0.73611,0.73599,1,2.62
16.08.2021 00:13:52.881,0.7361000000000001,0.73601,1,1
16.08.2021 00:13:52.983,0.73612,0.73602,1.95,1.5
16.08.2021 00:13:53.084,0.73611,0.73602,1,1.5
16.08.2021 00:13:54.168,0.73612,0.7360300000000001,1.5,1
16.08.2021 00:14:00.991,0.7361300000000001,0.73601,1.87,1
16.08.2021 00:14:01.042,0.7361000000000001,0.736,1.5,2.25
16.08.2021 00:14:02.143,0.7361000000000001,0.73601,1,1
16.08.2021 00:14:02.245,0.73612,0.736,1,1.5
16.08.2021 00:14:02.811,0.73612,0.73602,2.7,1
16.08.2021 00:14:04.558,0.73609,0.736,1,2.25
16.08.2021 00:14:06.351,0.73611,0.73601,1.12,1
16.08.2021 00:14:07.013,0.73611,0.73602,1,1
16.08.2021 00:14:08.442,0.73611,0.73601,1,1.5
16.08.2021 00:14:08.695,0.73611,0.73602,1,1.25
16.08.2021 00:14:08.796,0.7361500000000001,0.7360300000000001,1.62,2.25
16.08.2021 00:14:08.847,0.73614,0.73604,1,2.25
16.08.2021 00:14:09.808,0.7361300000000001,0.73604,1,1.69
16.08.2021 00:14:09.909,0.73614,0.73605,1,1
16.08.2021 00:14:12.783,0.73614,0.73604,1,1
16.08.2021 00:14:27.178,0.7361300000000001,0.73604,1,1.5
16.08.2021 00:14:33.370,0.73611,0.73602,1,1.12
16.08.2021 00:14:33.472,0.73609,0.73599,1,1
16.08.2021 00:14:33.573,0.7360800000000001,0.73599,1,2.25
16.08.2021 00:14:50.564,0.7361000000000001,0.73599,2.7,1.5
16.08.2021 00:14:50.844,0.7360800000000001,0.73599,1,1.5
16.08.2021 00:14:54.199,0.7361000000000001,0.73599,2.7,1.5
16.08.2021 00:14:57.107,0.7360800000000001,0.73599,1,1.5
16.08.2021 00:15:00.522,0.73612,0.7360300000000001,2.07,1
16.08.2021 00:15:00.573,0.73612,0.7360300000000001,1,1
16.08.2021 00:15:00.676,0.73612,0.73602,1,2.51
16.08.2021 00:15:01.722,0.73612,0.7360300000000001,1,1
16.08.2021 00:15:01.823,0.7361300000000001,0.7360300000000001,1,1.69
16.08.2021 00:15:01.926,0.73612,0.7360300000000001,1.5,1
16.08.2021 00:15:02.028,0.73611,0.73602,1.12,1
16.08.2021 00:15:05.973,0.7361300000000001,0.73602,1,1.69
16.08.2021 00:15:06.075,0.7361300000000001,0.7360300000000001,1,1.25
16.08.2021 00:15:09.989,0.73612,0.7360300000000001,1,1.5
16.08.2021 00:15:10.141,0.73612,0.73602,1,1.5
16.08.2021 00:15:12.892,0.73612,0.73601,1,1.5
16.08.2021 00:15:12.994,0.7361000000000001,0.73602,1,1
16.08.2021 00:15:13.118,0.7361000000000001,0.73601,1,1.69
16.08.2021 00:15:13.220,0.73609,0.73601,1,1.69
16.08.2021 00:15:19.997,0.73609,0.736,1,1.69
16.08.2021 00:15:20.098,0.7360800000000001,0.736,1,1.25
16.08.2021 00:15:20.997,0.7360800000000001,0.73599,1,1.69
16.08.2021 00:15:23.858,0.73604,0.73595,1,1.31
16.08.2021 00:15:23.960,0.73601,0.7359300000000001,1,1.5
16.08.2021 00:15:24.062,0.73599,0.7359,1,2.94
16.08.2021 00:15:24.163,0.73599,0.7359,1,2.44
16.08.2021 00:15:24.415,0.73599,0.7359,1,2.5
16.08.2021 00:15:25.724,0.7359800000000001,0.73589,1,1.75
16.08.2021 00:15:25.825,0.7359800000000001,0.73589,1,1
16.08.2021 00:15:25.926,0.7359800000000001,0.7358800000000001,1,2.25
16.08.2021 00:15:28.845,0.73597,0.7358800000000001,1,1
16.08.2021 00:15:31.565,0.7359800000000001,0.7358600000000001,1,2.25
16.08.2021 00:15:32.052,0.7359300000000001,0.73584,1.25,1
16.08.2021 00:15:32.154,0.73592,0.7358300000000001,1,1
16.08.2021 00:15:32.263,0.7359100000000001,0.7358300000000001,1,1
16.08.2021 00:15:32.377,0.7359100000000001,0.73582,1.5,1
16.08.2021 00:15:34.164,0.73589,0.7358,1,1.5
16.08.2021 00:15:34.266,0.73589,0.7357899999999999,1,3
16.08.2021 00:15:38.691,0.7358800000000001,0.7357899999999999,1,1
16.08.2021 00:15:38.792,0.7358300000000001,0.73574,1,1.95
16.08.2021 00:15:39.554,0.7358300000000001,0.7357300000000001,1,1
16.08.2021 00:15:40.818,0.7358300000000001,0.73575,1,1
16.08.2021 00:15:40.919,0.7358300000000001,0.73574,1,1.5
16.08.2021 00:15:48.919,0.7358600000000001,0.73577,1.5,2.7
16.08.2021 00:15:49.021,0.73587,0.7357800000000001,1.5,1.69
16.08.2021 00:15:52.839,0.73587,0.7357899999999999,1,1
16.08.2021 00:15:54.467,0.73587,0.7357800000000001,1,1
16.08.2021 00:15:54.518,0.7358600000000001,0.73575,1,2
16.08.2021 00:15:54.620,0.73585,0.7357600000000001,1.5,1
16.08.2021 00:15:56.145,0.7358600000000001,0.7357600000000001,1.69,1.5
16.08.2021 00:16:02.055,0.73584,0.73575,1,1
16.08.2021 00:16:02.156,0.73585,0.7357300000000001,1.5,2.44
16.08.2021 00:16:03.166,0.73589,0.7357800000000001,3.31,1
16.08.2021 00:16:03.217,0.7358800000000001,0.7357899999999999,1,1
16.08.2021 00:16:03.318,0.73589,0.7357899999999999,2.62,1.5
16.08.2021 00:16:06.897,0.7358800000000001,0.7357800000000001,1,1
16.08.2021 00:16:13.461,0.73587,0.7357800000000001,1,1.69
16.08.2021 00:16:13.562,0.73585,0.73575,1.5,2
16.08.2021 00:16:13.714,0.73585,0.73575,1.5,1.5
16.08.2021 00:16:13.815,0.73584,0.73575,1,1
16.08.2021 00:16:16.085,0.73584,0.73574,1,1
16.08.2021 00:16:16.215,0.73584,0.7357300000000001,1,2.25
16.08.2021 00:16:18.297,0.73584,0.73574,1,2.25
16.08.2021 00:16:21.833,0.7358300000000001,0.73574,1,1.5
16.08.2021 00:16:25.185,0.73587,0.73577,2.75,1.69
16.08.2021 00:16:25.236,0.7358800000000001,0.7357800000000001,1.87,1.5
16.08.2021 00:16:25.539,0.73589,0.73577,1.5,2.76
16.08.2021 00:16:30.167,0.73589,0.7358,1.12,1.69
16.08.2021 00:16:30.369,0.7359,0.73582,1,1
16.08.2021 00:16:30.571,0.7359,0.7358,1.5,1.76
16.08.2021 00:16:34.393,0.73592,0.7358300000000001,1.5,1.5
16.08.2021 00:16:34.495,0.73594,0.73582,1.87,1.5
16.08.2021 00:16:35.546,0.7359300000000001,0.73584,1,1
16.08.2021 00:16:35.649,0.73594,0.73585,1.5,2.44
16.08.2021 00:16:35.751,0.7359800000000001,0.7358800000000001,3.75,1.5
16.08.2021 00:16:35.802,0.7359800000000001,0.7359,1.12,1
16.08.2021 00:16:35.904,0.73599,0.7359,3.56,1
16.08.2021 00:17:01.089,0.73599,0.73589,3,1
16.08.2021 00:17:01.190,0.7359800000000001,0.7358800000000001,1,1.57
16.08.2021 00:17:01.752,0.7359600000000001,0.73587,1,1.01
16.08.2021 00:17:01.854,0.73597,0.7358800000000001,1,1
16.08.2021 00:17:01.955,0.73599,0.7358800000000001,1,1
16.08.2021 00:17:03.185,0.73602,0.7359100000000001,1.5,1.1
16.08.2021 00:17:03.286,0.73602,0.73592,1,1
16.08.2021 00:17:03.388,0.73599,0.7359,1,1.6
16.08.2021 00:17:03.590,0.73599,0.7359,1,1.1
16.08.2021 00:17:13.793,0.73599,0.73589,1.5,1.57
16.08.2021 00:17:20.582,0.73599,0.7358800000000001,1,1.1
16.08.2021 00:17:20.684,0.73597,0.7358800000000001,1.5,1.1
16.08.2021 00:17:20.786,0.73599,0.73587,2.25,1.01
16.08.2021 00:17:20.887,0.73599,0.73587,1.5,2.54
16.08.2021 00:17:29.489,0.73601,0.73592,1.12,1
16.08.2021 00:17:31.717,0.73601,0.7359100000000001,1.5,1.57
16.08.2021 00:17:33.773,0.736,0.7359100000000001,1,1.1
16.08.2021 00:17:36.824,0.736,0.73589,1,1
16.08.2021 00:17:42.108,0.7359800000000001,0.7359,1,1
16.08.2021 00:17:43.421,0.7359800000000001,0.73589,1,1.57
16.08.2021 00:17:49.733,0.73595,0.7358800000000001,2.5,1
16.08.2021 00:17:49.784,0.73595,0.7358300000000001,2.5,3.45
16.08.2021 00:17:49.886,0.7359300000000001,0.7358300000000001,2.5,2.75
16.08.2021 00:17:49.987,0.73592,0.7358300000000001,1.25,1
16.08.2021 00:17:50.139,0.73592,0.73582,2.5,2.32
16.08.2021 00:17:50.241,0.7359100000000001,0.7358100000000001,1.25,2.7
16.08.2021 00:17:50.343,0.7359100000000001,0.7358100000000001,2.5,1.57
16.08.2021 00:18:01.572,0.7359,0.7358,1.25,2.32
16.08.2021 00:18:03.032,0.73589,0.7357899999999999,1.69,2.32
16.08.2021 00:18:03.235,0.7359,0.7357800000000001,2.5,2.32
16.08.2021 00:18:22.130,0.7358600000000001,0.7357800000000001,1,1.5
16.08.2021 00:18:22.181,0.7358600000000001,0.7357600000000001,3.19,1
16.08.2021 00:18:25.898,0.73587,0.73577,1.31,2.32
16.08.2021 00:18:25.999,0.7358800000000001,0.7357800000000001,1.69,1.57
16.08.2021 00:18:26.204,0.73587,0.7357800000000001,1.25,1.57
16.08.2021 00:18:26.305,0.7359,0.7357800000000001,2.81,1.1
16.08.2021 00:18:26.407,0.73592,0.7358,2.25,1
16.08.2021 00:18:26.508,0.7359300000000001,0.7358100000000001,1.75,1.57
16.08.2021 00:18:26.610,0.73595,0.7358300000000001,4.37,1
16.08.2021 00:18:31.559,0.7359100000000001,0.73582,1.25,1.5
16.08.2021 00:18:31.660,0.7359100000000001,0.7357899999999999,2.44,1.12
16.08.2021 00:18:31.762,0.73589,0.7357899999999999,2.44,1.5
16.08.2021 00:18:40.081,0.7358800000000001,0.7357899999999999,1.25,1
16.08.2021 00:18:41.323,0.7359,0.7358,2.06,2.32
16.08.2021 00:18:41.425,0.7359100000000001,0.7358100000000001,1.25,1.5
16.08.2021 00:18:43.545,0.7359100000000001,0.73582,1.25,1
16.08.2021 00:18:55.711,0.7359100000000001,0.7358100000000001,2.44,1.5
16.08.2021 00:19:09.761,0.73592,0.73582,1,1
16.08.2021 00:19:10.805,0.7359300000000001,0.7358300000000001,2.25,1
16.08.2021 00:19:11.314,0.73592,0.7358100000000001,2.44,1.87
16.08.2021 00:19:12.427,0.7359100000000001,0.7358100000000001,1,1
16.08.2021 00:19:12.530,0.7359,0.7357899999999999,2.25,2.25
16.08.2021 00:19:19.897,0.7359,0.7358,1,1
16.08.2021 00:19:19.998,0.7359100000000001,0.7358,2.62,1.57
16.08.2021 00:19:21.857,0.73589,0.7357899999999999,1,1.5
16.08.2021 00:19:21.958,0.7358800000000001,0.7357899999999999,1,1
16.08.2021 00:19:22.368,0.7358800000000001,0.7357800000000001,1,2.25
16.08.2021 00:19:27.005,0.7359,0.7357800000000001,1,1.5
16.08.2021 00:19:28.299,0.7359100000000001,0.7357800000000001,1,2.32
16.08.2021 00:19:28.602,0.7359,0.7358,1,1
16.08.2021 00:19:28.809,0.7359100000000001,0.7358100000000001,1.5,1
16.08.2021 00:19:30.045,0.73592,0.7357899999999999,2.62,1.5
16.08.2021 00:19:30.331,0.7359,0.7358,1,1.5
16.08.2021 00:19:38.526,0.73589,0.7357899999999999,1,2.25
16.08.2021 00:19:42.380,0.73592,0.7358300000000001,1.5,1.5
16.08.2021 00:19:42.582,0.73594,0.73584,1,1.5
16.08.2021 00:19:43.671,0.73595,0.73585,1,2.25
16.08.2021 00:19:43.772,0.73597,0.73585,1,1
16.08.2021 00:19:43.874,0.73597,0.7358600000000001,2.62,1.5
16.08.2021 00:19:44.954,0.7359800000000001,0.73589,1.12,1
16.08.2021 00:19:45.156,0.73599,0.73589,2.25,1
16.08.2021 00:19:51.785,0.7359800000000001,0.7358800000000001,2.25,1
16.08.2021 00:19:51.887,0.7359800000000001,0.7358600000000001,1,1.5
16.08.2021 00:19:55.475,0.7359800000000001,0.73587,3.56,1.5
16.08.2021 00:19:55.678,0.7359800000000001,0.73585,1.5,2.44
16.08.2021 00:19:55.780,0.73597,0.73587,1,1
16.08.2021 00:19:58.647,0.73599,0.7358800000000001,3.5,1.5
16.08.2021 00:19:58.748,0.73599,0.73589,2.25,1
16.08.2021 00:19:58.850,0.736,0.7359,3.37,1
16.08.2021 00:20:00.695,0.73601,0.7359100000000001,1.87,1
16.08.2021 00:20:01.027,0.736,0.7359,1.5,1
16.08.2021 00:20:05.812,0.7359800000000001,0.73589,1,1
16.08.2021 00:20:05.913,0.7359800000000001,0.7358800000000001,1,2.44
16.08.2021 00:20:09.864,0.73597,0.73587,1,1
16.08.2021 00:20:09.914,0.7359600000000001,0.7358600000000001,1.5,1.87
16.08.2021 00:20:13.864,0.7359600000000001,0.7358600000000001,1,3.51
16.08.2021 00:20:13.965,0.7359800000000001,0.7358800000000001,3,1
16.08.2021 00:20:19.865,0.7359800000000001,0.73589,1,1.25
16.08.2021 00:20:23.883,0.7359800000000001,0.7358800000000001,1,2.44
16.08.2021 00:20:46.107,0.7359800000000001,0.73589,1,1.25
16.08.2021 00:21:12.158,0.7359800000000001,0.7358800000000001,1,3.19
16.08.2021 00:21:21.378,0.7359800000000001,0.73589,1,1.25
16.08.2021 00:21:21.761,0.736,0.7358800000000001,2.25,1.25
16.08.2021 00:21:21.970,0.73599,0.7359,1.5,1
16.08.2021 00:21:27.126,0.7359800000000001,0.7359,1,1
16.08.2021 00:21:30.831,0.736,0.7359100000000001,1.5,1
16.08.2021 00:21:39.055,0.73599,0.7359100000000001,1.5,1
16.08.2021 00:21:41.108,0.736,0.7359100000000001,1.12,1
16.08.2021 00:21:52.593,0.736,0.73592,1,1
16.08.2021 00:21:58.073,0.73601,0.73594,1,1
16.08.2021 00:21:58.174,0.7360300000000001,0.73594,2,1
16.08.2021 00:21:58.276,0.7360300000000001,0.73594,1.5,1
16.08.2021 00:21:58.427,0.7360300000000001,0.73595,1,1
16.08.2021 00:22:03.126,0.73605,0.73594,1.5,1
16.08.2021 00:23:06.349,0.73602,0.73594,1.25,1.5
16.08.2021 00:23:06.451,0.7360300000000001,0.73592,1.5,1
16.08.2021 00:23:06.552,0.73602,0.73592,3.87,1
16.08.2021 00:23:06.654,0.736,0.73592,1,1
16.08.2021 00:23:09.322,0.73601,0.73589,2.62,1
16.08.2021 00:23:16.358,0.73599,0.7359,1.12,1
16.08.2021 00:23:32.345,0.73602,0.7359300000000001,1.75,1.5
16.08.2021 00:23:32.397,0.73604,0.7359300000000001,1.12,1
16.08.2021 00:23:32.499,0.73604,0.73594,1.5,1
16.08.2021 00:23:44.484,0.73604,0.73592,1.69,1
16.08.2021 00:23:44.535,0.73602,0.7359,3,1.12
16.08.2021 00:23:44.636,0.736,0.7359,1.5,2
16.08.2021 00:23:44.737,0.736,0.7359,1.5,1.5
16.08.2021 00:23:45.408,0.73601,0.73592,1.87,1
16.08.2021 00:23:51.600,0.73601,0.7359100000000001,1.12,1.5
16.08.2021 00:23:55.970,0.7360300000000001,0.7359300000000001,1.5,1
16.08.2021 00:23:56.122,0.73604,0.73592,1,1
16.08.2021 00:24:05.089,0.73601,0.7359100000000001,3.75,1.12
16.08.2021 00:24:05.190,0.736,0.7359,1,2
16.08.2021 00:24:05.292,0.736,0.7359,1.12,1.5
16.08.2021 00:24:10.984,0.73601,0.7359100000000001,1.87,1
16.08.2021 00:24:20.465,0.736,0.7359,1,1
16.08.2021 00:24:20.719,0.73599,0.73589,1,1.5
16.08.2021 00:24:24.107,0.73599,0.7358800000000001,1,1
16.08.2021 00:24:35.038,0.73599,0.73587,1.5,1.69
16.08.2021 00:24:35.139,0.73599,0.73589,1.5,1.69
16.08.2021 00:24:40.303,0.7359800000000001,0.73589,2,1
16.08.2021 00:24:40.405,0.7359600000000001,0.73584,1,1.5
16.08.2021 00:24:40.506,0.73595,0.73585,1.12,1
16.08.2021 00:24:43.452,0.73594,0.73585,1,1.25
16.08.2021 00:24:46.941,0.7359300000000001,0.73584,1,1
16.08.2021 00:24:59.678,0.73594,0.73584,2.25,1.69
16.08.2021 00:24:59.843,0.73594,0.73584,2.37,1
16.08.2021 00:25:00.152,0.73594,0.73584,2.25,1
16.08.2021 00:25:03.208,0.73594,0.73582,1,2.44
16.08.2021 00:25:03.311,0.73592,0.7358300000000001,1,1.69
16.08.2021 00:25:03.514,0.7359100000000001,0.7358100000000001,2.62,1.31
16.08.2021 00:25:03.616,0.7358800000000001,0.7358100000000001,1,1
16.08.2021 00:25:03.666,0.7358800000000001,0.7357800000000001,1.87,1
16.08.2021 00:25:03.768,0.73587,0.7357800000000001,1.5,1
16.08.2021 00:25:04.273,0.73587,0.7357800000000001,1.12,1
16.08.2021 00:25:10.402,0.7358600000000001,0.7357800000000001,1,1
16.08.2021 00:25:10.503,0.7358300000000001,0.73574,1.25,1.87
16.08.2021 00:25:10.604,0.7358300000000001,0.7357300000000001,1,1
16.08.2021 00:25:10.705,0.7358300000000001,0.73572,1.25,1
16.08.2021 00:25:10.908,0.73584,0.73575,1.12,1
16.08.2021 00:25:11.845,0.7358300000000001,0.73574,1,1
16.08.2021 00:25:11.946,0.7358300000000001,0.7357300000000001,1.5,1
16.08.2021 00:25:12.393,0.7358300000000001,0.73575,1,1
16.08.2021 00:25:14.737,0.73582,0.73575,1,1
16.08.2021 00:25:32.415,0.73582,0.73574,1,1
16.08.2021 00:25:32.814,0.7358300000000001,0.7357100000000001,1.5,1
16.08.2021 00:25:34.905,0.7358100000000001,0.7357300000000001,1,1
16.08.2021 00:25:38.820,0.7358300000000001,0.73572,1,1.5
16.08.2021 00:25:38.922,0.73582,0.73574,1,1
16.08.2021 00:25:40.897,0.73582,0.7357300000000001,1,1
16.08.2021 00:25:41.717,0.7358100000000001,0.7357300000000001,1,1
16.08.2021 00:25:45.259,0.7358100000000001,0.73572,1,1.5
16.08.2021 00:25:46.525,0.7358100000000001,0.7357100000000001,1.69,1.5
16.08.2021 00:25:46.626,0.7358,0.7357,1,2.62
16.08.2021 00:25:53.786,0.7357600000000001,0.73567,1.5,1
16.08.2021 00:25:53.837,0.73575,0.73565,1,3.38
16.08.2021 00:25:53.938,0.73577,0.73565,1.5,1.5
16.08.2021 00:25:53.989,0.73577,0.73568,1,1
16.08.2021 00:25:54.090,0.7357600000000001,0.7356600000000001,1.25,1.5
16.08.2021 00:25:54.192,0.73575,0.73567,1.5,1
16.08.2021 00:25:54.293,0.7357300000000001,0.73564,1,1
16.08.2021 00:25:54.344,0.7357100000000001,0.73562,1,1.12
16.08.2021 00:25:54.446,0.7357300000000001,0.7356100000000001,1.5,2.25
16.08.2021 00:25:57.745,0.73572,0.73563,1,1
16.08.2021 00:25:58.565,0.73577,0.73567,4.62,1
16.08.2021 00:25:58.667,0.7357800000000001,0.73568,1.5,1.69
16.08.2021 00:25:58.768,0.7358,0.7357,1,1.69
16.08.2021 00:25:58.818,0.73582,0.7357300000000001,3.19,1
16.08.2021 00:25:58.920,0.73584,0.73572,2.32,1.5
16.08.2021 00:25:59.072,0.7358300000000001,0.73572,1,1
16.08.2021 00:25:59.376,0.7358100000000001,0.7357100000000001,1.25,1.12
16.08.2021 00:25:59.477,0.7358,0.7357,1.5,1
16.08.2021 00:25:59.991,0.7357899999999999,0.73568,1.5,1.87
16.08.2021 00:26:00.093,0.7357800000000001,0.73568,1,1
16.08.2021 00:26:01.706,0.73577,0.73567,1.5,1
16.08.2021 00:26:01.808,0.73575,0.73568,1,1
16.08.2021 00:26:01.909,0.73575,0.7356600000000001,1,1
16.08.2021 00:26:02.011,0.73574,0.7356600000000001,1,1
16.08.2021 00:26:02.164,0.7357600000000001,0.7356600000000001,1.5,1
16.08.2021 00:26:02.267,0.73577,0.73568,1.12,1.25
16.08.2021 00:26:02.471,0.73577,0.73569,1,1
16.08.2021 00:26:02.575,0.7357800000000001,0.73569,1,1.25
16.08.2021 00:26:03.173,0.73582,0.7357300000000001,1.5,1
16.08.2021 00:26:03.275,0.73585,0.73577,1.87,1.25
16.08.2021 00:26:03.377,0.73585,0.7357800000000001,1.12,1
16.08.2021 00:26:03.427,0.7358800000000001,0.7357800000000001,1.5,1
16.08.2021 00:26:03.579,0.73587,0.7357600000000001,1,1
16.08.2021 00:26:03.681,0.73585,0.73575,1,1.69
16.08.2021 00:26:03.934,0.7358300000000001,0.73574,1,1
16.08.2021 00:26:05.975,0.73585,0.73574,1,1
16.08.2021 00:26:10.288,0.7358300000000001,0.73574,1,1
16.08.2021 00:26:11.498,0.7358300000000001,0.7357300000000001,1,1.5
16.08.2021 00:26:24.615,0.7358,0.73572,1,1
16.08.2021 00:26:24.665,0.7358,0.73569,2.25,2.81
16.08.2021 00:26:24.767,0.7357899999999999,0.73569,1.5,2.25
16.08.2021 00:26:40.492,0.7357899999999999,0.7357,1,1
16.08.2021 00:26:40.594,0.7358100000000001,0.73572,1.12,1
16.08.2021 00:26:40.695,0.7358300000000001,0.73572,1.5,1
16.08.2021 00:26:40.797,0.73582,0.73574,1,1
16.08.2021 00:26:51.786,0.7358300000000001,0.73574,1,1
16.08.2021 00:26:58.933,0.73585,0.73575,3.37,1
16.08.2021 00:27:00.680,0.73584,0.73574,1,1.69
16.08.2021 00:27:00.782,0.73584,0.73572,1,2.44
16.08.2021 00:27:00.984,0.73584,0.7357300000000001,2.25,2.44
16.08.2021 00:27:01.035,0.73585,0.73574,1.5,1
16.08.2021 00:27:01.137,0.73585,0.7357600000000001,1,1
16.08.2021 00:27:01.418,0.73587,0.73575,1,1.25
16.08.2021 00:27:07.022,0.73585,0.7357600000000001,1,1.25
16.08.2021 00:27:08.914,0.7358600000000001,0.7357600000000001,1,1.5
16.08.2021 00:27:12.180,0.7358600000000001,0.73575,1,2.25
16.08.2021 00:27:13.347,0.7358600000000001,0.7357600000000001,1,1
16.08.2021 00:27:20.424,0.73587,0.7357600000000001,1,1
16.08.2021 00:27:22.071,0.7358800000000001,0.7357800000000001,2.62,1.5
16.08.2021 00:27:22.173,0.7358800000000001,0.7357899999999999,1,1
16.08.2021 00:27:22.760,0.73589,0.7357899999999999,1,1.5
16.08.2021 00:27:27.628,0.7359,0.7358,1.12,1.69
16.08.2021 00:27:27.730,0.7359100000000001,0.7358,1.5,3.19
16.08.2021 00:27:29.498,0.73592,0.73582,1,1
16.08.2021 00:28:04.684,0.7359300000000001,0.7358300000000001,1.5,1
16.08.2021 00:28:04.838,0.73595,0.7358300000000001,1.12,1.69
16.08.2021 00:28:04.940,0.73595,0.73584,3,2.44
16.08.2021 00:28:05.568,0.73595,0.73585,2.25,1
16.08.2021 00:28:07.058,0.7359600000000001,0.73585,1.5,1
16.08.2021 00:28:07.758,0.73595,0.73585,1,3.19
16.08.2021 00:28:07.809,0.73597,0.7358600000000001,2.62,1.5
16.08.2021 00:28:08.412,0.73597,0.73585,2.62,1.5
16.08.2021 00:28:15.107,0.73597,0.7358600000000001,3.37,2.25
16.08.2021 00:28:21.108,0.73597,0.73585,1,2.25
16.08.2021 00:28:47.349,0.7359600000000001,0.73584,1.5,1
16.08.2021 00:28:47.451,0.73594,0.73585,1,1
16.08.2021 00:29:35.875,0.73597,0.7358600000000001,2.75,2.44
16.08.2021 00:29:36.903,0.73595,0.73585,1,1.69
16.08.2021 00:29:37.013,0.73594,0.73584,1,1.69
16.08.2021 00:29:38.362,0.7359600000000001,0.7358300000000001,3,1.69
16.08.2021 00:29:40.513,0.73594,0.7358300000000001,1.5,3.44
16.08.2021 00:29:44.251,0.7359300000000001,0.7358300000000001,1,2.44
16.08.2021 00:29:47.646,0.7359,0.73582,1,1
16.08.2021 00:29:47.748,0.7359,0.7358,1.5,1
16.08.2021 00:29:47.849,0.73589,0.7357899999999999,1,2.44
16.08.2021 00:29:48.001,0.73589,0.7357800000000001,1.5,2.44
16.08.2021 00:29:48.671,0.7359,0.7358,1,1.69
16.08.2021 00:29:48.773,0.7359100000000001,0.7358,1.87,3.19
16.08.2021 00:29:48.874,0.7359100000000001,0.7358,1.5,3.25
16.08.2021 00:29:51.714,0.7359,0.7358,1,2.44
16.08.2021 00:29:53.634,0.7359,0.7357800000000001,1,2.25
16.08.2021 00:30:01.043,0.7358600000000001,0.7357800000000001,1.12,1
16.08.2021 00:30:01.094,0.73585,0.73575,1.25,1.5
16.08.2021 00:30:01.196,0.73584,0.73574,1.25,1.12
16.08.2021 00:30:06.158,0.73584,0.7357300000000001,1.69,3
16.08.2021 00:30:37.574,0.73584,0.73574,1.25,1
16.08.2021 00:30:46.152,0.7358600000000001,0.73575,2.06,2.25
16.08.2021 00:30:46.355,0.73587,0.73575,1.25,1
16.08.2021 00:30:46.819,0.73585,0.73575,1.25,1
16.08.2021 00:30:46.921,0.73584,0.73575,1,1
16.08.2021 00:30:52.477,0.7358100000000001,0.7357300000000001,1,1
16.08.2021 00:30:52.528,0.7358100000000001,0.7357100000000001,1.5,1.87
16.08.2021 00:30:52.983,0.7358,0.7357,1.5,1
16.08.2021 00:30:54.348,0.7358,0.73569,2.62,2.62
16.08.2021 00:30:55.322,0.7358,0.73568,1,1.87
16.08.2021 00:30:55.868,0.73577,0.73569,1,1.5
16.08.2021 00:30:56.076,0.7357600000000001,0.7356600000000001,1,1.87
16.08.2021 00:30:56.178,0.7357600000000001,0.73564,1,2.19
16.08.2021 00:30:57.057,0.73575,0.73565,1,1.87
16.08.2021 00:31:01.010,0.73574,0.73563,1,1
16.08.2021 00:31:02.883,0.7357300000000001,0.73563,1.5,1
16.08.2021 00:31:02.985,0.7357300000000001,0.73562,1,1
16.08.2021 00:31:05.998,0.7357100000000001,0.7356100000000001,1.5,1.5
16.08.2021 00:31:06.099,0.7357,0.7356,1,1.5
16.08.2021 00:31:06.898,0.73569,0.7356,1,1
16.08.2021 00:31:08.126,0.7357100000000001,0.7356100000000001,1.87,1
16.08.2021 00:31:32.522,0.7357300000000001,0.7356,2.62,1
16.08.2021 00:31:35.372,0.7357,0.7356100000000001,1,1
16.08.2021 00:31:35.473,0.7357100000000001,0.73558,3,1.5
16.08.2021 00:31:35.575,0.7357,0.73558,1,1
16.08.2021 00:31:35.626,0.73567,0.7355700000000001,1,3.56
16.08.2021 00:31:35.779,0.73568,0.73558,1,1
16.08.2021 00:31:42.027,0.73568,0.73559,1,1
16.08.2021 00:31:42.128,0.7357,0.73558,1,1
16.08.2021 00:31:45.572,0.7357,0.7356100000000001,1,1
16.08.2021 00:31:45.674,0.73572,0.7356,1.12,1
16.08.2021 00:31:52.655,0.73572,0.73562,1,1
16.08.2021 00:31:52.772,0.73572,0.7356100000000001,1.5,1
16.08.2021 00:31:53.239,0.7357100000000001,0.7356100000000001,1,1
16.08.2021 00:31:56.528,0.73569,0.7356100000000001,1,1
16.08.2021 00:31:56.629,0.73569,0.7356,1,1
16.08.2021 00:31:58.699,0.73567,0.73558,1,1
16.08.2021 00:31:58.750,0.7356600000000001,0.73554,1.5,1.5
16.08.2021 00:31:58.852,0.7356600000000001,0.7355600000000001,1.5,1.12
16.08.2021 00:31:59.688,0.73569,0.7355600000000001,1.5,3.19
16.08.2021 00:31:59.790,0.73568,0.73559,1,1
16.08.2021 00:31:59.891,0.73569,0.73559,1.5,1
16.08.2021 00:32:03.142,0.73569,0.7356,1,1
16.08.2021 00:32:03.243,0.7357100000000001,0.7356100000000001,1.5,1.12
16.08.2021 00:32:03.344,0.7357100000000001,0.7356100000000001,1,1.12
16.08.2021 00:32:04.131,0.7357,0.7356100000000001,1,2.81
16.08.2021 00:32:04.233,0.73569,0.73559,1.57,1.31
16.08.2021 00:32:10.132,0.73568,0.73559,1,1.12
16.08.2021 00:32:10.233,0.73567,0.7355700000000001,1.1,1.25
16.08.2021 00:32:10.334,0.73568,0.73559,1.57,1
16.08.2021 00:32:10.536,0.73569,0.73559,2.7,1
16.08.2021 00:32:10.638,0.73569,0.7356,1.5,1
16.08.2021 00:32:10.789,0.7357100000000001,0.73559,2.62,1.12
16.08.2021 00:32:10.891,0.7357100000000001,0.73562,1.5,1
16.08.2021 00:32:10.992,0.7357100000000001,0.73563,1,1
16.08.2021 00:32:11.094,0.73572,0.73563,1.12,1
16.08.2021 00:32:17.246,0.7357100000000001,0.73563,1,1
16.08.2021 00:32:17.348,0.7357,0.7356,1.5,1
16.08.2021 00:32:17.449,0.7357100000000001,0.7356100000000001,2.62,1
16.08.2021 00:32:24.667,0.73575,0.73567,1,1
16.08.2021 00:32:24.770,0.73575,0.73568,1.12,1
16.08.2021 00:32:24.872,0.7357800000000001,0.7356600000000001,1,2.62
16.08.2021 00:32:24.974,0.7357800000000001,0.73567,2.62,2.62
16.08.2021 00:32:27.128,0.73577,0.73567,2.25,1
16.08.2021 00:32:32.784,0.73575,0.73564,1,2.25
16.08.2021 00:32:32.936,0.7357600000000001,0.73564,1.5,1
16.08.2021 00:32:33.037,0.7357600000000001,0.73565,1,1
16.08.2021 00:32:33.138,0.7357600000000001,0.7356600000000001,2.62,1
16.08.2021 00:32:33.240,0.7357600000000001,0.73565,2.62,1.5
16.08.2021 00:32:33.455,0.7357600000000001,0.73567,1,1
16.08.2021 00:32:33.556,0.73577,0.73565,1,1
16.08.2021 00:32:35.937,0.7357600000000001,0.73567,1,1
16.08.2021 00:32:41.233,0.73577,0.73565,1,2.25
16.08.2021 00:32:41.335,0.73575,0.7356600000000001,1,1
16.08.2021 00:32:41.436,0.73574,0.73565,1.5,1.5
16.08.2021 00:32:56.406,0.73575,0.7356600000000001,1,1
16.08.2021 00:32:56.507,0.73577,0.7356600000000001,1.5,1
16.08.2021 00:33:07.488,0.7357600000000001,0.7356600000000001,1,2.25
16.08.2021 00:33:07.888,0.73574,0.73565,1.5,1
16.08.2021 00:33:07.990,0.73574,0.73563,1.5,1
16.08.2021 00:33:14.896,0.73575,0.73563,2.62,1.5
16.08.2021 00:33:56.438,0.73574,0.73565,1.5,1
16.08.2021 00:34:31.265,0.7357600000000001,0.73564,2.7,1.5
16.08.2021 00:34:31.367,0.73577,0.73568,1.5,1
16.08.2021 00:34:31.419,0.73577,0.73568,1,1
16.08.2021 00:34:34.986,0.7357600000000001,0.73565,1,2.62
16.08.2021 00:34:35.088,0.73577,0.73565,1,2.62
16.08.2021 00:34:39.322,0.73575,0.73564,1,1
16.08.2021 00:34:39.424,0.73574,0.73564,1.5,1.5
16.08.2021 00:34:52.447,0.73574,0.73565,1,1
16.08.2021 00:34:55.419,0.73574,0.73564,1,2.44
16.08.2021 00:35:08.495,0.73575,0.73564,2.7,2.44
16.08.2021 00:35:18.431,0.73575,0.7356600000000001,2.7,1
16.08.2021 00:35:18.938,0.7357600000000001,0.7356600000000001,4.57,1
16.08.2021 00:35:19.090,0.73575,0.7356600000000001,1,1
16.08.2021 00:35:19.424,0.7357800000000001,0.73568,1.95,1.5
16.08.2021 00:35:30.295,0.7357899999999999,0.73569,1.95,1
16.08.2021 00:35:31.848,0.7357899999999999,0.73568,1,1
16.08.2021 00:35:34.288,0.73577,0.73569,1,1
16.08.2021 00:35:41.177,0.7357800000000001,0.73569,1,1
16.08.2021 00:35:47.875,0.7357899999999999,0.73569,1.1,1
16.08.2021 00:36:00.506,0.7357899999999999,0.7357,1,1
16.08.2021 00:36:02.302,0.7357800000000001,0.73569,1,1.5
16.08.2021 00:36:02.687,0.73577,0.73565,5.89,1
16.08.2021 00:36:02.738,0.73574,0.7356600000000001,1,1
16.08.2021 00:36:04.246,0.73574,0.73564,1,1.5
16.08.2021 00:36:10.778,0.73572,0.73563,1.5,1
16.08.2021 00:36:19.869,0.73572,0.73562,1.5,1
16.08.2021 00:36:21.588,0.73572,0.7356100000000001,1.5,1
16.08.2021 00:36:22.751,0.7357100000000001,0.7356100000000001,1.5,1
16.08.2021 00:36:22.853,0.73567,0.7355700000000001,1.57,2.62
16.08.2021 00:36:22.954,0.73565,0.7355600000000001,1,1
16.08.2021 00:36:23.059,0.73564,0.7355600000000001,1,1
16.08.2021 00:36:23.621,0.73565,0.7355700000000001,1,1
16.08.2021 00:36:23.722,0.7356600000000001,0.7355700000000001,1.5,1
16.08.2021 00:36:26.301,0.73569,0.73559,2.07,1
16.08.2021 00:36:31.952,0.73569,0.73559,1.5,1
16.08.2021 00:36:34.833,0.73567,0.73559,1,1
16.08.2021 00:36:34.935,0.73567,0.7355600000000001,1.5,2.44
16.08.2021 00:36:34.986,0.73567,0.73558,1.5,1
16.08.2021 00:36:41.240,0.73567,0.7355700000000001,1,1
16.08.2021 00:36:41.290,0.7356600000000001,0.7355600000000001,1.5,1.25
16.08.2021 00:36:41.442,0.73567,0.7355600000000001,1.5,1
16.08.2021 00:36:42.902,0.7356600000000001,0.73558,1,1
16.08.2021 00:36:44.447,0.73567,0.73558,2.25,1
16.08.2021 00:36:51.019,0.73568,0.73558,2.7,1
16.08.2021 00:36:51.226,0.73567,0.73558,1,1
16.08.2021 00:36:53.631,0.73568,0.73558,2.7,1
16.08.2021 00:36:56.990,0.73569,0.7356,1.57,1
16.08.2021 00:37:10.495,0.73569,0.73562,1,1
16.08.2021 00:37:10.546,0.73572,0.73563,1.5,1
16.08.2021 00:37:10.698,0.73572,0.73563,1,1
16.08.2021 00:37:18.185,0.7357300000000001,0.73563,1.5,1
16.08.2021 00:37:22.531,0.7357300000000001,0.73564,1,1
16.08.2021 00:37:22.683,0.7357300000000001,0.73565,1,1
16.08.2021 00:37:22.784,0.73574,0.73565,1,1
16.08.2021 00:37:23.037,0.73575,0.73565,1.5,1.5
16.08.2021 00:37:24.796,0.7357300000000001,0.73564,1.5,1
16.08.2021 00:37:36.083,0.7357300000000001,0.73563,1,1.5
16.08.2021 00:37:36.402,0.73572,0.73562,1,1
16.08.2021 00:37:36.504,0.7357,0.7356,1,1.5
16.08.2021 00:37:36.605,0.73569,0.7356,1,1.5
16.08.2021 00:37:38.132,0.7357100000000001,0.73562,1.5,1.5
16.08.2021 00:37:38.284,0.73574,0.73565,1,1
16.08.2021 00:37:48.718,0.73577,0.7356600000000001,1.12,1
16.08.2021 00:37:54.108,0.7357800000000001,0.7356600000000001,1.5,1
16.08.2021 00:37:54.712,0.73577,0.7356600000000001,2.25,2.25
16.08.2021 00:37:55.348,0.7357800000000001,0.7356600000000001,2.25,1
16.08.2021 00:37:59.400,0.73577,0.7356600000000001,2.25,2.25
16.08.2021 00:37:59.501,0.73575,0.73565,1,2.25
16.08.2021 00:38:04.155,0.73575,0.73564,1.57,3
16.08.2021 00:38:14.522,0.73574,0.73564,1,2.25
16.08.2021 00:38:59.024,0.73575,0.73564,1,1
16.08.2021 00:39:18.025,0.7357800000000001,0.73568,3.65,1
16.08.2021 00:39:18.127,0.7357800000000001,0.73569,1.6,1
16.08.2021 00:39:18.228,0.7357899999999999,0.73568,1.1,1
16.08.2021 00:39:18.330,0.7357899999999999,0.73569,1,1
16.08.2021 00:39:21.338,0.7357800000000001,0.73569,1,1
16.08.2021 00:39:22.839,0.73577,0.73569,1,1
16.08.2021 00:39:32.349,0.7357800000000001,0.73569,1.5,1
16.08.2021 00:39:37.269,0.73577,0.73569,1,1
16.08.2021 00:39:38.071,0.73577,0.73567,1,1
16.08.2021 00:39:41.370,0.7357899999999999,0.73567,1.2,1
16.08.2021 00:39:46.921,0.73575,0.7356600000000001,1,1.12
16.08.2021 00:39:49.101,0.73574,0.7356600000000001,1,1
16.08.2021 00:40:09.924,0.7357800000000001,0.73568,1.12,1
16.08.2021 00:40:10.126,0.7357899999999999,0.73569,1.95,1
16.08.2021 00:40:11.671,0.7357899999999999,0.7357,1.1,1
16.08.2021 00:40:18.768,0.7357899999999999,0.7357,1.1,1
16.08.2021 00:40:21.449,0.7357899999999999,0.73569,1.6,1
16.08.2021 00:40:23.075,0.7357899999999999,0.73569,1.6,1
16.08.2021 00:40:27.073,0.7358,0.73568,1.57,1
16.08.2021 00:40:46.882,0.73577,0.73568,1.1,1
16.08.2021 00:40:46.984,0.73577,0.73565,1,2
16.08.2021 00:40:47.085,0.73575,0.7356600000000001,1,1.5
16.08.2021 00:40:48.001,0.7357600000000001,0.7356600000000001,1,1.5
16.08.2021 00:40:51.751,0.73574,0.73565,1,1.5
16.08.2021 00:41:17.505,0.7357600000000001,0.73568,1.12,1
16.08.2021 00:41:17.657,0.73577,0.73569,1.5,1
16.08.2021 00:41:17.708,0.7357800000000001,0.73569,1.12,1
16.08.2021 00:41:23.546,0.73577,0.73568,1.57,1
16.08.2021 00:41:27.122,0.7357600000000001,0.73568,1,1
16.08.2021 00:41:36.153,0.73577,0.73568,1.5,1
16.08.2021 00:41:47.657,0.7357899999999999,0.73567,1.12,1
16.08.2021 00:41:51.107,0.73577,0.73568,1,1
16.08.2021 00:41:58.294,0.7357800000000001,0.73569,1,1.5
16.08.2021 00:41:58.395,0.7358100000000001,0.73572,1.62,1
16.08.2021 00:41:58.497,0.7358,0.7357100000000001,1,1
16.08.2021 00:41:58.648,0.7358,0.73572,1,1
16.08.2021 00:41:58.800,0.7358100000000001,0.73572,1,1
16.08.2021 00:41:59.158,0.7358,0.73572,1,1
16.08.2021 00:41:59.481,0.7358,0.7357300000000001,1,1
16.08.2021 00:42:01.471,0.7358100000000001,0.7357300000000001,1,1
16.08.2021 00:42:02.250,0.7358,0.7357300000000001,1,1
16.08.2021 00:42:02.407,0.7357800000000001,0.7357100000000001,1,1
16.08.2021 00:42:02.508,0.7357800000000001,0.7357,1,2.62
16.08.2021 00:42:27.516,0.7357899999999999,0.7357,1,1
16.08.2021 00:42:30.717,0.7357899999999999,0.7357100000000001,1,1
16.08.2021 00:42:49.733,0.7358,0.7357100000000001,1,1.5
16.08.2021 00:42:49.834,0.7358100000000001,0.7357300000000001,1.12,1
16.08.2021 00:42:51.083,0.73582,0.7357300000000001,1,1
16.08.2021 00:42:53.332,0.7358100000000001,0.7357300000000001,1,1
16.08.2021 00:42:53.382,0.7358100000000001,0.7357,1,1
16.08.2021 00:42:54.920,0.7357899999999999,0.7357100000000001,1,1
16.08.2021 00:42:55.602,0.7357899999999999,0.7357,1,1
16.08.2021 00:42:59.310,0.7357800000000001,0.7357,1,1
16.08.2021 00:42:59.625,0.7357899999999999,0.7357,1,1
16.08.2021 00:43:03.107,0.7357899999999999,0.73569,1,1.5
16.08.2021 00:43:03.706,0.7357899999999999,0.7357,1,1.5
16.08.2021 00:43:04.009,0.7358,0.7357,1,1
16.08.2021 00:43:07.610,0.7358300000000001,0.73572,1.5,1.5
16.08.2021 00:43:07.712,0.7358300000000001,0.73574,1,1
16.08.2021 00:43:09.633,0.7358300000000001,0.73575,1,1.25
16.08.2021 00:43:09.684,0.73585,0.73575,1.12,3.25
16.08.2021 00:43:09.786,0.73587,0.7357600000000001,1.5,2.69
16.08.2021 00:43:09.836,0.73587,0.7357899999999999,1,1
16.08.2021 00:43:09.938,0.73589,0.7357800000000001,1,1
16.08.2021 00:43:10.039,0.73589,0.7357899999999999,1,1
16.08.2021 00:43:43.800,0.73589,0.7358,1,1
16.08.2021 00:43:56.092,0.7359100000000001,0.7357899999999999,1.95,1
16.08.2021 00:44:05.961,0.7359100000000001,0.7358,1.87,1
16.08.2021 00:44:06.418,0.7359100000000001,0.7358100000000001,1,1.25
16.08.2021 00:44:06.519,0.7359100000000001,0.73582,1,1
16.08.2021 00:44:06.671,0.73592,0.73582,1,2.44
16.08.2021 00:44:06.974,0.73594,0.7358100000000001,1.5,4
16.08.2021 00:44:07.076,0.7359300000000001,0.73582,1,3
16.08.2021 00:44:12.188,0.7359300000000001,0.7358300000000001,1,1
16.08.2021 00:44:13.237,0.7359100000000001,0.7358300000000001,1,1
16.08.2021 00:44:13.661,0.73592,0.7358300000000001,1,1
16.08.2021 00:44:13.762,0.73592,0.7358100000000001,1,3
16.08.2021 00:44:15.377,0.7359100000000001,0.7358,1,1
16.08.2021 00:44:15.530,0.7359,0.7358,1,1.5
16.08.2021 00:44:16.263,0.73589,0.7358,1,1.5
16.08.2021 00:44:50.781,0.7358800000000001,0.7358,1,1
16.08.2021 00:45:18.381,0.7358800000000001,0.7357899999999999,1,1.25
16.08.2021 00:45:47.975,0.73589,0.7358,1,1.25
16.08.2021 00:45:50.215,0.7359100000000001,0.7357899999999999,1,1.25
16.08.2021 00:45:50.317,0.7359,0.7358100000000001,1,1
16.08.2021 00:45:54.578,0.73589,0.7358100000000001,1,1
16.08.2021 00:45:59.576,0.7358800000000001,0.7358100000000001,1,1
16.08.2021 00:45:59.677,0.73589,0.7358100000000001,1,1
16.08.2021 00:46:01.241,0.7358800000000001,0.7358100000000001,1,1
16.08.2021 00:46:11.740,0.73589,0.7357800000000001,1,1.69
16.08.2021 00:46:32.546,0.73584,0.73577,1,1.69
16.08.2021 00:46:32.648,0.73585,0.73575,1,1.12
16.08.2021 00:46:33.002,0.73582,0.73574,1,1
16.08.2021 00:47:01.797,0.7358100000000001,0.7357,1.5,2.44
16.08.2021 00:47:01.898,0.7357800000000001,0.7357,1,3
16.08.2021 00:47:02.000,0.7358,0.73569,1.76,1
16.08.2021 00:47:02.406,0.7357600000000001,0.73569,1,1
16.08.2021 00:47:03.783,0.73577,0.73569,1,1
16.08.2021 00:47:12.197,0.73577,0.7357,1,1
16.08.2021 00:47:12.400,0.7357800000000001,0.7357,1,1
16.08.2021 00:47:53.425,0.7357899999999999,0.7357,1,1
16.08.2021 00:47:53.476,0.7358100000000001,0.7357100000000001,1.12,1.5
16.08.2021 00:47:53.578,0.7358300000000001,0.73572,1,1.5
16.08.2021 00:47:55.076,0.73582,0.73572,1,1.5
16.08.2021 00:47:55.178,0.73582,0.7357300000000001,1,1.5
16.08.2021 00:48:12.799,0.73582,0.7357100000000001,1,1
16.08.2021 00:48:50.386,0.73582,0.7357300000000001,1.5,1
16.08.2021 00:48:53.834,0.7358300000000001,0.73575,1,1
16.08.2021 00:48:53.935,0.73587,0.7357800000000001,1.87,1.5
16.08.2021 00:48:53.986,0.7359,0.7358,4.87,1.5
16.08.2021 00:48:54.139,0.7359,0.7358100000000001,1.31,1.5
16.08.2021 00:48:54.292,0.7359,0.73582,1.25,1.5
16.08.2021 00:48:54.343,0.73592,0.73582,1.95,1.5
16.08.2021 00:48:58.856,0.73592,0.7358300000000001,1,1
16.08.2021 00:49:01.686,0.7359100000000001,0.7358300000000001,1,1
16.08.2021 00:49:01.737,0.7359100000000001,0.7358100000000001,1.5,2.25
16.08.2021 00:49:01.838,0.7359,0.7358100000000001,1,1
16.08.2021 00:49:01.940,0.73589,0.7358100000000001,1,1
16.08.2021 00:49:24.322,0.73589,0.7358,1,2.25
16.08.2021 00:49:40.018,0.7359,0.7358,1.12,2.25
16.08.2021 00:49:40.069,0.7359100000000001,0.73582,1.5,1
16.08.2021 00:49:49.248,0.7359300000000001,0.73582,1,1.5
16.08.2021 00:49:49.349,0.73592,0.73584,1,1
16.08.2021 00:49:54.117,0.7359300000000001,0.73584,1,1.5
16.08.2021 00:49:55.688,0.73594,0.73584,1.5,1.5
16.08.2021 00:49:57.893,0.73594,0.73585,1,1
16.08.2021 00:50:14.590,0.7359300000000001,0.73585,1,1.5
16.08.2021 00:50:14.692,0.73594,0.7358300000000001,1,2.44
16.08.2021 00:50:14.946,0.7359300000000001,0.73582,1.5,1
16.08.2021 00:50:15.048,0.7359,0.7358100000000001,1,1.12
16.08.2021 00:50:15.150,0.73589,0.7358100000000001,1,1
16.08.2021 00:50:15.317,0.7359,0.7358,1,1.69
16.08.2021 00:50:15.746,0.7359100000000001,0.7358,1,1.25
16.08.2021 00:50:15.847,0.7359100000000001,0.73582,1,1
16.08.2021 00:50:17.367,0.73592,0.73582,1,1.5
16.08.2021 00:50:17.721,0.7359300000000001,0.73582,1,1
16.08.2021 00:50:17.822,0.73594,0.7358300000000001,1.12,1
16.08.2021 00:50:18.450,0.73594,0.73584,1,1
16.08.2021 00:50:24.106,0.73594,0.73585,1,1.5
16.08.2021 00:50:48.544,0.73594,0.73584,1.5,2.25
16.08.2021 00:50:51.551,0.73595,0.73584,1.5,1
16.08.2021 00:51:04.007,0.73594,0.73584,1.5,2.25
16.08.2021 00:51:04.109,0.7359300000000001,0.73584,1,1.5
16.08.2021 00:51:04.677,0.7359300000000001,0.7358100000000001,1,2.44
16.08.2021 00:51:04.779,0.73592,0.7358100000000001,1,1.5
16.08.2021 00:51:04.880,0.7359100000000001,0.7358100000000001,1.12,3.19
16.08.2021 00:51:05.323,0.73589,0.7358,1,2.44
16.08.2021 00:51:05.424,0.73589,0.7358100000000001,1,1
16.08.2021 00:51:05.526,0.7359100000000001,0.73582,1,1.69
16.08.2021 00:51:05.678,0.73592,0.73582,1,1
16.08.2021 00:51:09.115,0.73592,0.7358300000000001,1.12,1
16.08.2021 00:51:09.416,0.73594,0.7358300000000001,2.62,2.44
16.08.2021 00:51:09.518,0.73595,0.7358300000000001,1.12,1.5
16.08.2021 00:51:09.620,0.73594,0.73585,1,1.5
16.08.2021 00:51:09.873,0.7359600000000001,0.73584,1.12,2.25
16.08.2021 00:51:13.551,0.7359600000000001,0.7358600000000001,1,2.25
16.08.2021 00:51:30.158,0.73595,0.7358600000000001,1.25,1
16.08.2021 00:51:30.361,0.73594,0.7358600000000001,1.25,1
16.08.2021 00:51:30.514,0.73594,0.73585,1.25,1.5
16.08.2021 00:51:30.768,0.73594,0.73585,1.75,1
16.08.2021 00:51:30.870,0.7359300000000001,0.73584,1.25,1.5
16.08.2021 00:51:32.433,0.7359300000000001,0.73584,1.75,1.5
16.08.2021 00:51:33.277,0.7359100000000001,0.73582,1,1
16.08.2021 00:51:33.428,0.7359,0.73582,1,1
16.08.2021 00:51:33.530,0.73592,0.73582,3.62,1
16.08.2021 00:51:33.835,0.7359,0.73582,1,1
16.08.2021 00:51:35.806,0.7359,0.7358100000000001,1.25,1
16.08.2021 00:51:40.256,0.7359,0.7358,1.69,2.25
16.08.2021 00:51:40.357,0.7359,0.7358,1.75,1.5
16.08.2021 00:51:43.796,0.7359,0.7358,1.25,1.5
16.08.2021 00:51:44.996,0.7359,0.7358100000000001,1.25,1
16.08.2021 00:51:52.393,0.73587,0.7357899999999999,1.25,1
16.08.2021 00:51:52.443,0.7358600000000001,0.73577,1.94,1
16.08.2021 00:51:54.854,0.7358600000000001,0.73577,1.25,1
16.08.2021 00:51:57.025,0.7358800000000001,0.7357800000000001,2.81,1
16.08.2021 00:51:57.127,0.7358800000000001,0.7357899999999999,1.25,1
16.08.2021 00:51:57.279,0.73589,0.7358100000000001,1,1
16.08.2021 00:51:57.431,0.73589,0.7358,1.25,1
16.08.2021 00:51:57.685,0.73589,0.7358,1.75,1
16.08.2021 00:52:01.278,0.7359,0.7357899999999999,1.25,1
16.08.2021 00:52:01.682,0.73589,0.7357899999999999,3.25,1
16.08.2021 00:52:01.784,0.7358600000000001,0.73577,1.25,1
16.08.2021 00:52:01.885,0.73587,0.73575,1.94,1.5
16.08.2021 00:52:02.529,0.73585,0.73575,1.69,1
16.08.2021 00:52:03.181,0.73584,0.73575,1.25,1
16.08.2021 00:52:03.283,0.73584,0.73574,1.25,1
16.08.2021 00:52:03.689,0.73582,0.73574,1,1
16.08.2021 00:52:03.791,0.73582,0.7357300000000001,1,1.5
16.08.2021 00:52:18.274,0.7358,0.7357100000000001,1.25,1
16.08.2021 00:52:18.375,0.7357899999999999,0.7357,1,2.25
16.08.2021 00:52:18.476,0.7358,0.7357,1.25,2.25
16.08.2021 00:52:19.153,0.7357899999999999,0.7357,1.25,1
16.08.2021 00:52:19.255,0.7357899999999999,0.73568,1.25,1
16.08.2021 00:52:19.710,0.7358,0.73569,1,1
16.08.2021 00:52:19.811,0.7358,0.7357,1,1
16.08.2021 00:52:23.997,0.7358100000000001,0.73572,1.25,1
16.08.2021 00:52:24.200,0.7358100000000001,0.7357100000000001,1.25,1
16.08.2021 00:52:24.670,0.7358100000000001,0.7357100000000001,1.75,1
16.08.2021 00:52:26.172,0.7358100000000001,0.7357100000000001,1.25,1
16.08.2021 00:52:26.326,0.7358100000000001,0.7357,1.25,2.32
16.08.2021 00:52:36.031,0.7358100000000001,0.7357100000000001,1.25,1
16.08.2021 00:52:36.739,0.7358100000000001,0.7357,1.25,2.25
16.08.2021 00:52:36.971,0.73582,0.73569,1.75,2.25
16.08.2021 00:52:43.152,0.7357899999999999,0.7357,1.25,1
16.08.2021 00:52:43.658,0.7357899999999999,0.7357,1.75,1
16.08.2021 00:52:47.623,0.7357899999999999,0.73568,1.25,1
16.08.2021 00:52:47.840,0.7357800000000001,0.73569,1.75,1
16.08.2021 00:52:48.515,0.73575,0.7356600000000001,1.25,1.5
16.08.2021 00:52:48.617,0.73575,0.73565,1.25,1
16.08.2021 00:52:48.768,0.73577,0.73567,1.89,1.5
16.08.2021 00:52:48.920,0.73577,0.73567,1.25,1.57
16.08.2021 00:52:49.819,0.7357600000000001,0.7356600000000001,1.25,2.25
16.08.2021 00:52:49.970,0.7357600000000001,0.7356600000000001,1.75,1.5
16.08.2021 00:52:50.223,0.7357600000000001,0.7356600000000001,1.69,1.5
16.08.2021 00:52:50.324,0.7357600000000001,0.73565,2.44,2.25
16.08.2021 00:52:52.691,0.73574,0.73564,1,1.5
16.08.2021 00:52:52.792,0.73574,0.73563,1,1
16.08.2021 00:52:52.894,0.73574,0.73564,1,1.5
16.08.2021 00:53:00.283,0.73574,0.73565,1,1
16.08.2021 00:53:00.675,0.73574,0.7356600000000001,1,1.5
16.08.2021 00:53:00.726,0.7357600000000001,0.7356600000000001,1.12,1.5
16.08.2021 00:53:03.689,0.73577,0.7356600000000001,1.87,2.25
16.08.2021 00:53:05.283,0.7357600000000001,0.7356600000000001,1,1
16.08.2021 00:53:06.579,0.7357600000000001,0.73567,1,1
16.08.2021 00:53:06.885,0.73577,0.73567,1,1
16.08.2021 00:53:06.986,0.7358,0.73567,3.82,1.5
16.08.2021 00:53:07.088,0.7358,0.73568,1,1.5
16.08.2021 00:53:14.016,0.7357800000000001,0.73569,1,1
16.08.2021 00:53:14.898,0.7357899999999999,0.73569,2.14,1.5
16.08.2021 00:53:24.741,0.7358,0.73569,3.45,2.25
16.08.2021 00:53:29.832,0.7357899999999999,0.73569,1,1.5
16.08.2021 00:53:37.508,0.7357899999999999,0.73568,1,1
16.08.2021 00:53:39.421,0.7357800000000001,0.73568,1,1
16.08.2021 00:53:47.901,0.73577,0.7356600000000001,1.5,1.57
16.08.2021 00:53:48.002,0.7357600000000001,0.73565,1,1
16.08.2021 00:53:48.103,0.73575,0.73565,1,1.76
16.08.2021 00:53:58.667,0.7357600000000001,0.73563,2.25,1.95
16.08.2021 00:53:58.769,0.73572,0.73564,1,1
16.08.2021 00:53:58.870,0.73572,0.73563,1,1.12
16.08.2021 00:54:08.935,0.7357100000000001,0.73559,1.5,2.25
16.08.2021 00:54:09.036,0.73569,0.7356,1,1.5
16.08.2021 00:54:09.142,0.73569,0.73559,1,3
16.08.2021 00:54:09.244,0.73569,0.7356,1,2.44
16.08.2021 00:54:09.294,0.73572,0.73562,2,1.5
16.08.2021 00:54:09.345,0.73572,0.73562,1.5,1.5
16.08.2021 00:54:12.721,0.7357300000000001,0.73563,2.25,1
16.08.2021 00:54:16.960,0.7357300000000001,0.73565,1,1
16.08.2021 00:54:17.011,0.73575,0.7356600000000001,1.87,1.25
16.08.2021 00:54:17.112,0.7357600000000001,0.73567,1,1
16.08.2021 00:54:17.214,0.73577,0.73567,1.12,1
16.08.2021 00:54:17.424,0.7357800000000001,0.73567,1.87,1.69
16.08.2021 00:54:17.526,0.7357800000000001,0.73568,1.12,2.25
16.08.2021 00:54:17.627,0.7357800000000001,0.73569,1,1
16.08.2021 00:54:18.635,0.7357899999999999,0.73569,1.5,1.5
16.08.2021 00:54:20.879,0.7358,0.73569,7.5,2.25
16.08.2021 00:54:20.930,0.7357800000000001,0.73569,1,1
16.08.2021 00:54:21.031,0.7357899999999999,0.73569,2.25,1
16.08.2021 00:54:25.736,0.73577,0.73569,1,2.44
16.08.2021 00:54:25.838,0.7357800000000001,0.73567,2.62,2.81
16.08.2021 00:54:25.939,0.7357899999999999,0.73568,1.87,1
16.08.2021 00:54:30.870,0.7357800000000001,0.73569,3.5,1
16.08.2021 00:54:30.921,0.7357600000000001,0.73567,1,1
16.08.2021 00:54:31.022,0.73577,0.73565,1.5,1.25
16.08.2021 00:54:33.718,0.73574,0.73565,1,1.5
16.08.2021 00:54:33.769,0.73574,0.73563,1.5,2.81
16.08.2021 00:54:33.973,0.7357300000000001,0.73563,1,2.25
16.08.2021 00:54:35.254,0.73572,0.73563,1,1
16.08.2021 00:54:42.430,0.7357,0.73563,2.62,1
16.08.2021 00:54:42.481,0.73568,0.73559,1,1.5
16.08.2021 00:54:42.633,0.73569,0.7355700000000001,1.5,2.25
16.08.2021 00:54:42.836,0.7357,0.73559,1,1
16.08.2021 00:54:43.835,0.73569,0.7356100000000001,1,1
16.08.2021 00:54:43.886,0.73572,0.73562,1.87,1.5
16.08.2021 00:54:44.861,0.7357100000000001,0.73562,1,1.69
16.08.2021 00:54:44.963,0.73568,0.73558,1.5,1.5
16.08.2021 00:54:45.115,0.73568,0.73558,1.5,1
16.08.2021 00:54:47.010,0.73569,0.7356,1,1
16.08.2021 00:54:47.213,0.73569,0.73559,3.69,1
16.08.2021 00:54:47.314,0.73568,0.73559,1,1
16.08.2021 00:54:47.416,0.7357,0.73559,1,1.25
16.08.2021 00:54:47.517,0.7357100000000001,0.73559,1,1.25
16.08.2021 00:54:48.667,0.7357,0.73558,1,2.25
16.08.2021 00:54:49.149,0.73567,0.73559,1.5,1
16.08.2021 00:54:49.250,0.73565,0.73555,1.5,2
16.08.2021 00:54:49.351,0.73565,0.73555,1.5,1.5
16.08.2021 00:54:49.655,0.73564,0.73555,1,1.5
16.08.2021 00:54:51.556,0.7356600000000001,0.7355600000000001,1,1
16.08.2021 00:54:51.659,0.73563,0.7355100000000001,1,2.75
16.08.2021 00:54:51.761,0.7356100000000001,0.7355100000000001,1,1.5
16.08.2021 00:54:51.965,0.7356,0.7355100000000001,1,1
16.08.2021 00:54:52.067,0.7356100000000001,0.7355200000000001,1,1
16.08.2021 00:54:52.655,0.73563,0.73553,1.12,1.5
16.08.2021 00:54:54.627,0.73563,0.7355200000000001,1,2.25
16.08.2021 00:54:54.679,0.7356100000000001,0.7355100000000001,1,2.62
16.08.2021 00:54:54.781,0.7356100000000001,0.7355200000000001,1,1
16.08.2021 00:54:55.652,0.7356100000000001,0.7355100000000001,1,1.25
16.08.2021 00:54:56.410,0.73563,0.7355,1,2.32
16.08.2021 00:54:57.616,0.7356100000000001,0.7355100000000001,1,2.32
16.08.2021 00:54:59.315,0.7356,0.7355,1.5,1
16.08.2021 00:55:00.010,0.7356,0.73549,1.5,1
16.08.2021 00:55:00.061,0.73555,0.73548,1.25,1
16.08.2021 00:55:00.163,0.7355700000000001,0.73545,1,1.5
16.08.2021 00:55:00.264,0.7355700000000001,0.7354700000000001,1.5,1
16.08.2021 00:55:00.365,0.73558,0.7354700000000001,2.7,2.25
16.08.2021 00:55:00.466,0.73559,0.7354700000000001,1.12,1.5
16.08.2021 00:55:00.568,0.7356100000000001,0.7355,2.25,2.44
16.08.2021 00:55:00.871,0.7356,0.7355100000000001,2.87,1
16.08.2021 00:55:00.922,0.73559,0.73549,1,1.5
16.08.2021 00:55:01.781,0.7356100000000001,0.73548,2.62,1.5
16.08.2021 00:55:01.882,0.7356,0.7355,2.62,1
16.08.2021 00:55:01.984,0.7356,0.73549,2.62,1.5
16.08.2021 00:55:03.168,0.73558,0.7354700000000001,2.25,2.62
16.08.2021 00:55:03.269,0.73558,0.7354600000000001,1.87,1.5
16.08.2021 00:55:04.179,0.7355600000000001,0.7354600000000001,1,1.5
16.08.2021 00:55:04.946,0.73555,0.7354600000000001,1,1
16.08.2021 00:55:08.711,0.7355700000000001,0.7354700000000001,1.5,1
16.08.2021 00:55:12.008,0.73558,0.7354700000000001,2.25,2.25
16.08.2021 00:55:12.210,0.73559,0.7354700000000001,1.5,1
16.08.2021 00:55:13.458,0.73558,0.7354700000000001,1,1
16.08.2021 00:55:18.048,0.7355700000000001,0.7354700000000001,1.5,1
16.08.2021 00:55:18.149,0.7355600000000001,0.7354600000000001,1,1.5
16.08.2021 00:55:20.009,0.73555,0.7354600000000001,1,1
16.08.2021 00:55:22.720,0.73559,0.7354600000000001,2.62,3.19
16.08.2021 00:55:23.838,0.7356,0.73548,1.12,1.69
16.08.2021 00:55:27.335,0.7355700000000001,0.73549,1.69,1
16.08.2021 00:55:27.436,0.73558,0.7354700000000001,3.19,1.5
16.08.2021 00:55:27.538,0.73558,0.73548,1.12,1.5
16.08.2021 00:55:27.639,0.73559,0.73548,2.62,3.19
16.08.2021 00:55:37.964,0.73558,0.73548,1.5,1.5
16.08.2021 00:55:38.574,0.73558,0.7354700000000001,2.25,3.19
16.08.2021 00:55:41.332,0.73558,0.7354600000000001,1.5,1
16.08.2021 00:55:44.038,0.7355700000000001,0.7354600000000001,1.87,2.44
16.08.2021 00:55:46.522,0.7355700000000001,0.73544,1,1.69
16.08.2021 00:55:49.763,0.73555,0.73545,1,1
16.08.2021 00:56:03.648,0.7355700000000001,0.73544,1.87,1.69
16.08.2021 00:56:04.324,0.73558,0.73548,2,1
16.08.2021 00:56:04.477,0.73558,0.73548,1.5,1.69
16.08.2021 00:56:06.989,0.73558,0.73549,1,1
16.08.2021 00:56:07.139,0.7356,0.73548,1.87,1.5
16.08.2021 00:56:21.108,0.73559,0.73549,1.5,1.75
16.08.2021 00:56:21.209,0.7356,0.73548,1.5,1.25
16.08.2021 00:56:30.140,0.73558,0.73549,1,1
16.08.2021 00:56:31.170,0.73558,0.73548,1.5,1.69
16.08.2021 00:56:31.272,0.7355700000000001,0.73548,1,1.5
16.08.2021 00:56:31.373,0.73555,0.7354600000000001,1,1
16.08.2021 00:56:31.474,0.73555,0.73545,1,1.5
16.08.2021 00:56:35.025,0.73555,0.7354600000000001,1,1
16.08.2021 00:56:39.305,0.7355600000000001,0.7354600000000001,1,1
16.08.2021 00:56:44.103,0.7355600000000001,0.73545,1,1
16.08.2021 00:56:44.216,0.7355600000000001,0.73544,1,1
16.08.2021 00:56:53.303,0.73554,0.73544,1,1
16.08.2021 00:56:53.405,0.73553,0.73543,1,2.25
16.08.2021 00:57:10.843,0.73554,0.7354600000000001,1,1
16.08.2021 00:57:10.945,0.73555,0.7354600000000001,1,1.25
16.08.2021 00:57:10.996,0.7355700000000001,0.7354700000000001,2.25,1.5
16.08.2021 00:57:13.904,0.7355700000000001,0.73548,1,1
16.08.2021 00:57:14.005,0.73558,0.73548,1.5,1
16.08.2021 00:57:23.025,0.73555,0.7354600000000001,1,1
16.08.2021 00:57:27.114,0.73555,0.73545,1,1
16.08.2021 00:57:35.765,0.73555,0.73544,2.25,2.25
16.08.2021 00:57:39.776,0.73555,0.73545,1.5,1
16.08.2021 00:57:45.397,0.73554,0.73545,1,1
16.08.2021 00:57:51.551,0.73553,0.73545,1,1
16.08.2021 00:57:53.693,0.73553,0.73544,1,1
16.08.2021 00:57:54.010,0.7355100000000001,0.73542,1,1
16.08.2021 00:57:54.061,0.7355200000000001,0.73543,1,1
16.08.2021 00:57:54.628,0.7355100000000001,0.7354100000000001,1,1
16.08.2021 00:57:54.730,0.7355100000000001,0.73543,1,1
16.08.2021 00:57:54.987,0.7355100000000001,0.73542,1,1
16.08.2021 00:58:00.157,0.7355100000000001,0.73543,1,1
16.08.2021 00:58:06.136,0.7355200000000001,0.7354100000000001,1,1.69
16.08.2021 00:58:12.658,0.73553,0.73543,1.5,1.25
16.08.2021 00:58:13.946,0.73554,0.73544,1,2.44
16.08.2021 00:58:13.997,0.73555,0.7354600000000001,2.62,1
16.08.2021 00:58:14.709,0.73555,0.73545,1.5,1
16.08.2021 00:58:20.716,0.73554,0.73545,1,1
16.08.2021 00:58:24.124,0.73554,0.73544,1.5,1.5
16.08.2021 00:58:31.063,0.73553,0.73543,1,2.44
16.08.2021 00:58:37.963,0.73553,0.73544,1,1
16.08.2021 00:58:38.064,0.73553,0.73543,1,1.5
16.08.2021 00:58:39.394,0.73553,0.7354100000000001,1,1
16.08.2021 00:58:39.497,0.7355100000000001,0.73539,1.5,1.12
16.08.2021 00:58:46.866,0.73549,0.7354,1,1
16.08.2021 00:58:48.565,0.73548,0.73539,1,1.5
16.08.2021 00:59:20.203,0.7354700000000001,0.73539,1,1
16.08.2021 00:59:25.501,0.7355100000000001,0.7354100000000001,3.57,1
16.08.2021 00:59:25.603,0.7355100000000001,0.73543,1,1
16.08.2021 00:59:25.705,0.7355200000000001,0.73543,1,1
16.08.2021 00:59:29.494,0.73554,0.73544,1.5,1
16.08.2021 00:59:34.075,0.73554,0.73544,1.5,1.1
16.08.2021 00:59:54.416,0.7355700000000001,0.7354700000000001,2,1.1
16.08.2021 00:59:54.519,0.7355700000000001,0.73548,1.5,1.1
16.08.2021 00:59:54.621,0.7355700000000001,0.73548,1,1.1
16.08.2021 01:00:01.665,0.7355700000000001,0.73548,1,1.79
16.08.2021 01:00:01.968,0.7355700000000001,0.7354700000000001,1,3.1
16.08.2021 01:00:02.019,0.7355600000000001,0.73545,1.5,3.79
16.08.2021 01:00:02.070,0.7355600000000001,0.7354600000000001,1,1.79
16.08.2021 01:00:02.384,0.7355700000000001,0.7354600000000001,3,2.54
16.08.2021 01:00:02.485,0.7355700000000001,0.7354700000000001,1,1.79
16.08.2021 01:00:05.997,0.73555,0.73545,2.25,1.1
16.08.2021 01:00:06.402,0.73554,0.73545,1,1.1
16.08.2021 01:00:08.434,0.73555,0.73544,2.25,1.79
16.08.2021 01:00:11.073,0.73555,0.73543,1,1.6
16.08.2021 01:00:12.033,0.73554,0.73545,1,1.79
16.08.2021 01:00:12.083,0.7355700000000001,0.7354700000000001,1.7,1.35
16.08.2021 01:00:12.185,0.7355700000000001,0.7354700000000001,1,1.79
16.08.2021 01:00:12.338,0.7355700000000001,0.7354700000000001,1,1.79
16.08.2021 01:00:13.009,0.73559,0.73549,1.5,1.79
16.08.2021 01:00:14.074,0.7356,0.7355,1.5,2.35
16.08.2021 01:00:14.277,0.7356100000000001,0.7355200000000001,1.5,1.6
16.08.2021 01:00:14.378,0.73563,0.7355100000000001,1.5,1.6
16.08.2021 01:00:18.523,0.73562,0.7355200000000001,2.25,1.1
16.08.2021 01:00:21.903,0.73562,0.7355200000000001,2.25,1
16.08.2021 01:00:22.652,0.73563,0.7355200000000001,1.5,1
16.08.2021 01:00:35.531,0.7356100000000001,0.7355200000000001,1.87,1
16.08.2021 01:00:35.633,0.7356,0.7355100000000001,1.5,1.12
16.08.2021 01:00:35.734,0.73559,0.7355100000000001,1,1
16.08.2021 01:00:35.951,0.73559,0.7355,1,1
16.08.2021 01:00:37.278,0.73559,0.73549,1,1.69
16.08.2021 01:00:40.089,0.73558,0.73549,1,1
16.08.2021 01:00:47.267,0.7355600000000001,0.73548,1,1
16.08.2021 01:00:50.792,0.7355600000000001,0.73545,1,1.12
16.08.2021 01:00:50.943,0.7355600000000001,0.7354700000000001,1,1
16.08.2021 01:00:51.325,0.73555,0.7354700000000001,1,1
16.08.2021 01:01:00.079,0.73555,0.73548,1,1.5
16.08.2021 01:01:00.130,0.7355700000000001,0.73549,1,1
16.08.2021 01:01:00.231,0.73558,0.7354700000000001,1,1
16.08.2021 01:01:01.650,0.7355700000000001,0.7354700000000001,1,1.25
16.08.2021 01:01:12.206,0.7355700000000001,0.7354600000000001,1,2.06
16.08.2021 01:01:24.001,0.7355200000000001,0.73544,1,5.64
16.08.2021 01:01:24.204,0.7355200000000001,0.73544,1,2.25
16.08.2021 01:01:24.305,0.7355200000000001,0.73543,1,1
16.08.2021 01:01:26.245,0.7355200000000001,0.73542,1.5,2.06
16.08.2021 01:01:30.370,0.7355200000000001,0.7354100000000001,1,2.06
16.08.2021 01:01:33.061,0.7355100000000001,0.73542,1,2.16
16.08.2021 01:01:33.163,0.7355100000000001,0.73542,1,2.16
16.08.2021 01:01:34.157,0.7355100000000001,0.73542,1,2.14
16.08.2021 01:01:37.813,0.7355200000000001,0.73542,1.5,2.89
16.08.2021 01:01:46.221,0.7355200000000001,0.73544,1,1
16.08.2021 01:02:00.591,0.7355200000000001,0.73543,1,1
16.08.2021 01:02:00.641,0.7355,0.7354,1,2
16.08.2021 01:02:00.743,0.73549,0.73539,1,2.82
16.08.2021 01:02:00.844,0.73548,0.73539,1,1
16.08.2021 01:02:00.945,0.7355,0.7354100000000001,1.12,1
16.08.2021 01:02:01.097,0.7355100000000001,0.7354100000000001,1.5,1.5
16.08.2021 01:02:01.198,0.7355100000000001,0.73542,1,1.5
16.08.2021 01:02:01.350,0.7355100000000001,0.73543,1,1
16.08.2021 01:02:01.603,0.73553,0.73542,1,1
16.08.2021 01:02:16.392,0.73553,0.73543,1.1,1.5
16.08.2021 01:02:23.585,0.73553,0.7354600000000001,1,1
16.08.2021 01:02:23.636,0.73558,0.7354600000000001,2.75,1.69
16.08.2021 01:02:23.738,0.73559,0.7354700000000001,3.5,1
16.08.2021 01:02:23.789,0.73558,0.73548,3,1
16.08.2021 01:02:27.873,0.73558,0.73549,1.5,1
16.08.2021 01:02:30.072,0.7356,0.73548,1.1,1
16.08.2021 01:02:31.802,0.73559,0.7355,1.1,1
16.08.2021 01:02:42.630,0.73559,0.7355100000000001,1.1,1
16.08.2021 01:02:45.798,0.73563,0.7355200000000001,2.32,1
16.08.2021 01:02:47.218,0.7356100000000001,0.73553,1,1
16.08.2021 01:02:50.132,0.73559,0.7355,1,1.01
16.08.2021 01:02:53.202,0.73562,0.7355200000000001,1,1
16.08.2021 01:02:55.475,0.73563,0.7355200000000001,8.17,1
16.08.2021 01:02:55.577,0.7356100000000001,0.73554,1,1
16.08.2021 01:02:55.679,0.73563,0.73554,7.97,1
16.08.2021 01:02:55.781,0.73563,0.73554,7.95,1
16.08.2021 01:02:55.985,0.73562,0.73553,1,1
16.08.2021 01:03:17.169,0.7356,0.73553,1,1
16.08.2021 01:03:20.611,0.73562,0.73554,1,1
16.08.2021 01:03:25.605,0.73565,0.7355700000000001,1.5,1.5
16.08.2021 01:03:25.708,0.73568,0.7355600000000001,1.5,1.76
16.08.2021 01:03:25.810,0.73567,0.7356,1,1
16.08.2021 01:03:26.034,0.73567,0.73559,1.87,1
16.08.2021 01:03:26.238,0.73568,0.73559,1,1
16.08.2021 01:03:40.634,0.73568,0.7356,1,1
16.08.2021 01:03:53.585,0.7357,0.73559,1,1
16.08.2021 01:03:53.692,0.7357,0.7356,1,1
16.08.2021 01:03:54.570,0.73569,0.7356,1,1
16.08.2021 01:03:55.677,0.73569,0.7356100000000001,1,1
16.08.2021 01:03:57.417,0.73569,0.7356,1,1
16.08.2021 01:03:58.568,0.73569,0.7356100000000001,1,1
16.08.2021 01:03:58.760,0.73569,0.73562,1,1
16.08.2021 01:03:58.811,0.7357100000000001,0.73562,1.12,1
16.08.2021 01:04:00.013,0.73572,0.73563,1,1
16.08.2021 01:04:01.195,0.73572,0.73564,1,1
16.08.2021 01:04:01.568,0.7357100000000001,0.73563,1,1
16.08.2021 01:04:02.076,0.73569,0.7356100000000001,1,1
16.08.2021 01:04:07.012,0.73569,0.7356,1,1
16.08.2021 01:04:09.650,0.73569,0.7356100000000001,1,1
16.08.2021 01:04:10.975,0.7357,0.7356100000000001,1.5,1
16.08.2021 01:04:11.077,0.7357,0.73562,1,1
16.08.2021 01:04:13.359,0.7357300000000001,0.73563,1.12,1
16.08.2021 01:04:15.541,0.7357300000000001,0.73564,1.5,1
16.08.2021 01:04:27.644,0.73572,0.73563,1,1
16.08.2021 01:04:34.843,0.7357300000000001,0.73563,1.5,1.25
16.08.2021 01:04:34.944,0.73575,0.73563,1.5,1.69
16.08.2021 01:04:36.614,0.7357300000000001,0.73563,1.5,1.5
16.08.2021 01:04:38.014,0.73572,0.73562,1,2.44
16.08.2021 01:04:41.249,0.7357,0.7356,1.5,2.19
16.08.2021 01:04:41.451,0.7357,0.73558,1,2.25
16.08.2021 01:04:49.070,0.73569,0.73558,1.5,2.62
16.08.2021 01:04:50.196,0.73569,0.73559,1.5,1
16.08.2021 01:04:53.305,0.7357,0.7355700000000001,1.5,2.25
16.08.2021 01:04:53.609,0.73568,0.73558,1,1.5
16.08.2021 01:04:58.842,0.73568,0.7355700000000001,1,1
16.08.2021 01:04:59.389,0.73567,0.7355700000000001,1.5,2.62
16.08.2021 01:04:59.899,0.73564,0.7355600000000001,1,1
16.08.2021 01:05:00.001,0.73562,0.73553,1,4.62
16.08.2021 01:05:00.052,0.73563,0.7355200000000001,1,1.5
16.08.2021 01:05:03.122,0.7356100000000001,0.7355200000000001,1,1
16.08.2021 01:05:03.224,0.7356,0.7355100000000001,1,1
16.08.2021 01:05:04.021,0.7356,0.73549,2.32,1.5
16.08.2021 01:05:04.274,0.73559,0.73548,1,1
16.08.2021 01:05:10.070,0.73559,0.73549,1,1
16.08.2021 01:05:10.171,0.73558,0.73549,1.5,1
16.08.2021 01:05:10.323,0.73558,0.73548,3.82,1
16.08.2021 01:05:10.425,0.7355600000000001,0.73545,1,1.12
16.08.2021 01:05:10.526,0.73553,0.73545,1,1
16.08.2021 01:05:21.812,0.73553,0.73544,1,1
16.08.2021 01:05:24.612,0.73554,0.7354600000000001,1.5,1
16.08.2021 01:05:24.714,0.73554,0.73545,1,1
16.08.2021 01:05:24.815,0.73553,0.73545,1,1
16.08.2021 01:05:35.623,0.7355200000000001,0.73545,1,1
16.08.2021 01:05:36.112,0.73554,0.7354700000000001,1,1
16.08.2021 01:05:36.163,0.7355700000000001,0.73548,1.12,1
16.08.2021 01:05:37.356,0.7355600000000001,0.73548,1,1
16.08.2021 01:05:40.819,0.73555,0.73548,1,1
16.08.2021 01:05:41.022,0.7355600000000001,0.7354700000000001,1,3.81
16.08.2021 01:05:41.739,0.7355600000000001,0.7354700000000001,1,1
16.08.2021 01:05:41.893,0.73553,0.7354600000000001,1,1.12
16.08.2021 01:05:46.294,0.73554,0.7354600000000001,1,1
16.08.2021 01:05:52.705,0.73558,0.7354700000000001,1.5,1
16.08.2021 01:05:52.807,0.7355700000000001,0.73549,1,1
16.08.2021 01:05:55.906,0.7355700000000001,0.73548,1,1
16.08.2021 01:05:56.049,0.73555,0.7354700000000001,1,1
16.08.2021 01:06:00.626,0.7355700000000001,0.73548,1.5,1
16.08.2021 01:06:00.727,0.73558,0.73548,1,1
16.08.2021 01:06:01.074,0.7356100000000001,0.7355200000000001,1,1
16.08.2021 01:06:01.175,0.73562,0.7355200000000001,1,1
16.08.2021 01:06:02.523,0.7356100000000001,0.7355200000000001,1,1.69
16.08.2021 01:06:08.200,0.7356,0.7355100000000001,1,1
16.08.2021 01:06:08.352,0.7356,0.7355,2.25,1
16.08.2021 01:06:12.998,0.7356,0.7355100000000001,1.5,1
16.08.2021 01:06:13.251,0.73559,0.73549,1,1
16.08.2021 01:06:13.353,0.7355700000000001,0.73548,1,1.5
16.08.2021 01:06:13.454,0.73558,0.7354700000000001,1,1
16.08.2021 01:06:16.818,0.7356100000000001,0.7355,1.12,1
16.08.2021 01:06:16.919,0.73559,0.7355,1,1.25
16.08.2021 01:06:17.020,0.7356,0.73548,1.5,1.69
16.08.2021 01:06:24.912,0.73559,0.73548,1,1
16.08.2021 01:06:26.271,0.73559,0.7354700000000001,2.25,1.5
16.08.2021 01:06:26.373,0.7355700000000001,0.73548,1,1
16.08.2021 01:06:28.994,0.73558,0.7354600000000001,2.25,1
16.08.2021 01:06:35.431,0.73554,0.73545,1,1.5
16.08.2021 01:06:35.532,0.73554,0.73545,1.5,1
16.08.2021 01:06:36.005,0.73554,0.73542,1.5,1.87
16.08.2021 01:06:42.477,0.73553,0.73542,1.5,1.87
16.08.2021 01:06:43.925,0.7355200000000001,0.73542,1.5,2.62
16.08.2021 01:06:45.526,0.7355100000000001,0.73542,1,1
16.08.2021 01:06:46.304,0.7355100000000001,0.7354100000000001,1.5,2.81
16.08.2021 01:07:01.858,0.7355100000000001,0.73542,1.5,1
16.08.2021 01:07:01.909,0.7355,0.73538,2.25,1.87
16.08.2021 01:07:02.743,0.73548,0.73539,1,1.5
16.08.2021 01:07:07.086,0.73549,0.73539,1.5,1.5
16.08.2021 01:07:11.885,0.73549,0.7354100000000001,1,1
16.08.2021 01:07:11.987,0.7355200000000001,0.73545,1,1
16.08.2021 01:07:12.038,0.73554,0.7354600000000001,1,1
16.08.2021 01:07:12.190,0.7355600000000001,0.7354700000000001,1.5,1
16.08.2021 01:07:18.155,0.73553,0.73545,1,1.57
16.08.2021 01:07:21.510,0.73554,0.73545,1,1.5
16.08.2021 01:07:24.167,0.7355700000000001,0.73548,1,1
16.08.2021 01:07:24.572,0.7355700000000001,0.7355,1,1
16.08.2021 01:07:25.251,0.73558,0.7355,1,1
16.08.2021 01:07:29.907,0.73558,0.73548,1,1
16.08.2021 01:07:30.938,0.73558,0.7355,1,1.5
16.08.2021 01:07:31.040,0.73559,0.7355100000000001,1,1
16.08.2021 01:07:32.379,0.7356,0.7355100000000001,1,1
16.08.2021 01:07:53.233,0.73562,0.7355200000000001,1.5,1
16.08.2021 01:07:53.486,0.73563,0.73554,1,1
16.08.2021 01:08:04.530,0.7356100000000001,0.7355200000000001,1,1.87
16.08.2021 01:08:04.633,0.7356,0.7355,1,4.7
16.08.2021 01:08:04.684,0.7356,0.7355,1,3.45
16.08.2021 01:08:13.240,0.73559,0.73548,1,1
16.08.2021 01:08:13.341,0.73559,0.73549,1.5,1.5
16.08.2021 01:08:13.674,0.7356100000000001,0.73549,1.5,2.32
16.08.2021 01:08:17.493,0.7356100000000001,0.7355,1,1
16.08.2021 01:08:18.143,0.7356100000000001,0.7355100000000001,1,1
16.08.2021 01:08:29.100,0.73562,0.7355100000000001,2.81,1.57
16.08.2021 01:08:29.252,0.73562,0.7355200000000001,1.5,2.32
16.08.2021 01:08:29.657,0.73562,0.73553,1.5,1.1
16.08.2021 01:08:32.931,0.73562,0.73554,1,1
16.08.2021 01:08:35.095,0.73563,0.73554,1,1
16.08.2021 01:08:44.856,0.73564,0.7355200000000001,2.25,1.5
16.08.2021 01:08:56.951,0.73562,0.73553,1.5,1
16.08.2021 01:08:57.103,0.7356,0.73549,1,2
16.08.2021 01:08:57.382,0.7356100000000001,0.7355,1,1
16.08.2021 01:09:01.518,0.7356100000000001,0.7355100000000001,2.89,1
16.08.2021 01:09:46.382,0.7356,0.7355,1,1.5
16.08.2021 01:09:46.483,0.73562,0.7355,2.81,1
16.08.2021 01:10:08.698,0.7356100000000001,0.7355200000000001,1,1
16.08.2021 01:10:08.799,0.73563,0.73553,1.31,1.5
16.08.2021 01:10:08.851,0.73567,0.73558,2,1
16.08.2021 01:10:08.901,0.73569,0.73559,1.69,1
16.08.2021 01:10:08.952,0.73572,0.7356,2.62,1
16.08.2021 01:10:10.086,0.7357100000000001,0.73562,1,1
16.08.2021 01:10:11.834,0.7357100000000001,0.7356100000000001,1,1.5
16.08.2021 01:10:17.237,0.73572,0.73562,2.14,1
16.08.2021 01:10:18.303,0.7357300000000001,0.73562,3.64,1
16.08.2021 01:10:18.493,0.73572,0.73562,1.5,1
16.08.2021 01:10:45.147,0.7357100000000001,0.7356,1,1
16.08.2021 01:10:45.248,0.7357,0.7356,1.25,1.5
16.08.2021 01:10:46.047,0.73569,0.7356,1.25,1
16.08.2021 01:10:55.760,0.73572,0.73562,4.56,1
16.08.2021 01:11:02.785,0.7357,0.7356100000000001,1,1
16.08.2021 01:11:02.836,0.73572,0.73562,2.14,1.5
16.08.2021 01:11:41.715,0.7357300000000001,0.73563,3.14,1
16.08.2021 01:11:42.792,0.7357300000000001,0.73562,4.64,1.5
16.08.2021 01:11:55.917,0.7357300000000001,0.73563,1.12,1.5
16.08.2021 01:11:56.018,0.73575,0.73563,2.19,1
16.08.2021 01:11:56.120,0.73575,0.73563,1.69,1
16.08.2021 01:11:56.715,0.73577,0.7356600000000001,3.79,2.25
16.08.2021 01:11:56.766,0.73577,0.73567,1.39,1.5
16.08.2021 01:11:56.867,0.7357800000000001,0.73567,1.12,1
16.08.2021 01:11:59.118,0.73577,0.73569,1,1
16.08.2021 01:11:59.219,0.7357800000000001,0.73569,1,1.5
16.08.2021 01:11:59.793,0.7357899999999999,0.7357,1,1
16.08.2021 01:12:00.047,0.7358100000000001,0.73572,1.5,1
16.08.2021 01:12:00.149,0.7358300000000001,0.7357300000000001,2.16,1
16.08.2021 01:12:00.251,0.7358300000000001,0.7357300000000001,2.14,1
16.08.2021 01:12:05.254,0.73584,0.73574,1.01,1
16.08.2021 01:12:10.653,0.73584,0.73575,1,1
16.08.2021 01:12:21.321,0.73585,0.73575,1.76,1
16.08.2021 01:12:33.389,0.7358600000000001,0.7357600000000001,1.12,1
16.08.2021 01:12:33.491,0.73589,0.7358,2,1
16.08.2021 01:12:33.593,0.73589,0.7357899999999999,1.5,1.5
16.08.2021 01:12:33.644,0.73589,0.7357899999999999,1.12,1.5
16.08.2021 01:12:36.137,0.7359,0.7357899999999999,1,1
16.08.2021 01:12:39.971,0.73589,0.7358100000000001,1,1
16.08.2021 01:12:42.081,0.7359,0.7357899999999999,1.87,1
16.08.2021 01:13:01.773,0.7359,0.7358,1.87,1.5
16.08.2021 01:13:02.939,0.73592,0.7358300000000001,1,1.5
16.08.2021 01:13:06.596,0.7359300000000001,0.7358300000000001,1.2,1.5
16.08.2021 01:13:07.227,0.73592,0.73582,1.1,1.5
16.08.2021 01:13:07.809,0.7359300000000001,0.7358300000000001,3.01,1
16.08.2021 01:13:15.764,0.7359300000000001,0.73584,1.12,1.5
16.08.2021 01:13:15.865,0.7359300000000001,0.73585,1.12,1
16.08.2021 01:13:17.498,0.7359600000000001,0.73584,4.54,1
16.08.2021 01:13:24.542,0.73594,0.7358600000000001,1,1
16.08.2021 01:13:27.919,0.73597,0.73587,6.26,1
16.08.2021 01:13:28.020,0.736,0.7358800000000001,5.15,1
16.08.2021 01:13:28.122,0.7359800000000001,0.7358800000000001,1,1.5
16.08.2021 01:13:50.573,0.7359800000000001,0.73587,1,1.5
16.08.2021 01:13:50.674,0.73594,0.73585,1,1
16.08.2021 01:14:00.829,0.7359,0.73582,1,1
16.08.2021 01:14:00.879,0.73589,0.7358,1,2.62
16.08.2021 01:14:16.688,0.7359,0.7358,1,1
16.08.2021 01:14:20.788,0.73589,0.7358,1,1.5
16.08.2021 01:14:27.906,0.73589,0.7358100000000001,1,1
16.08.2021 01:14:39.080,0.73589,0.7358,1,1.5
16.08.2021 01:14:41.583,0.7359100000000001,0.7358,3.45,1.5
16.08.2021 01:14:42.695,0.7359100000000001,0.7358,7.22,1.5
16.08.2021 01:14:44.840,0.7359,0.7357899999999999,1,1.5
16.08.2021 01:14:44.891,0.7358800000000001,0.7357899999999999,1.5,1
16.08.2021 01:14:44.942,0.73585,0.73574,1.76,2.75
16.08.2021 01:14:45.044,0.7358600000000001,0.73574,4.29,2
16.08.2021 01:14:45.145,0.73585,0.73575,1.22,1
16.08.2021 01:14:45.246,0.73585,0.7357300000000001,1.1,1.5
16.08.2021 01:14:50.830,0.73584,0.73572,2.79,1.5
16.08.2021 01:14:50.932,0.73582,0.7357100000000001,1.01,1.5
16.08.2021 01:14:51.033,0.73582,0.7357100000000001,1.41,1.5
16.08.2021 01:14:51.134,0.73582,0.73572,1.41,1
16.08.2021 01:14:51.236,0.7358300000000001,0.7357100000000001,1.39,1
16.08.2021 01:14:52.380,0.73584,0.7357300000000001,1.91,1.5
16.08.2021 01:14:52.482,0.73584,0.73574,1.2,1
16.08.2021 01:15:16.564,0.73585,0.73574,2.14,1
16.08.2021 01:15:16.665,0.73585,0.73575,1.12,1
16.08.2021 01:15:21.303,0.73585,0.73575,1.41,1
16.08.2021 01:15:30.348,0.73585,0.73575,1.2,1.5
16.08.2021 01:15:31.534,0.73585,0.73575,1.22,1
16.08.2021 01:15:32.476,0.73585,0.73575,1.2,1
16.08.2021 01:15:34.498,0.73584,0.73574,1.39,1.5
16.08.2021 01:15:40.184,0.7358300000000001,0.73574,2.51,1
16.08.2021 01:15:40.285,0.7358300000000001,0.73572,1.57,1.5
16.08.2021 01:15:40.555,0.7358300000000001,0.7357300000000001,2.14,1
16.08.2021 01:15:52.753,0.73584,0.7357300000000001,3.26,1.5
16.08.2021 01:15:52.955,0.73584,0.7357300000000001,4.07,1.5
16.08.2021 01:15:54.878,0.73584,0.73574,4.07,1
16.08.2021 01:15:59.943,0.73584,0.7357300000000001,9.92,1.5
16.08.2021 01:16:01.517,0.73582,0.7357300000000001,1,1.5
16.08.2021 01:16:01.620,0.7358300000000001,0.7357300000000001,2.89,1.5
16.08.2021 01:16:01.772,0.7357899999999999,0.73569,4.76,1.87
16.08.2021 01:16:01.873,0.7357800000000001,0.73569,1.25,1.12
16.08.2021 01:16:01.974,0.7357800000000001,0.73568,1.69,1.5
16.08.2021 01:16:07.790,0.7357899999999999,0.73568,2.81,1.5
16.08.2021 01:16:07.892,0.7358,0.7357,2.25,1.5
16.08.2021 01:16:07.994,0.73582,0.73572,3.56,1
16.08.2021 01:16:08.096,0.73582,0.73572,3.06,1
16.08.2021 01:16:08.199,0.73582,0.73572,1.12,1.5
16.08.2021 01:16:08.301,0.73585,0.7357300000000001,2.06,1
16.08.2021 01:16:14.570,0.73584,0.7357600000000001,1,1
16.08.2021 01:16:14.672,0.73585,0.73577,1.12,1
16.08.2021 01:16:14.773,0.7358800000000001,0.7357600000000001,1.31,1.5
16.08.2021 01:16:24.687,0.73587,0.73575,1,1.5
16.08.2021 01:16:25.959,0.73585,0.73575,1.69,1
16.08.2021 01:16:26.161,0.73584,0.73575,1,1
16.08.2021 01:16:35.590,0.73584,0.7357300000000001,5.31,1.5
16.08.2021 01:16:35.742,0.73582,0.73572,2.5,1
16.08.2021 01:16:35.793,0.7358100000000001,0.73569,1.31,1.5
16.08.2021 01:16:35.894,0.7358100000000001,0.73568,2.06,1.5
16.08.2021 01:16:39.105,0.7357899999999999,0.73569,1,1.5
16.08.2021 01:16:41.340,0.7357800000000001,0.73569,1,1
16.08.2021 01:16:43.345,0.7357800000000001,0.73567,3,2.44
16.08.2021 01:16:50.467,0.73577,0.73567,1,1.69
16.08.2021 01:16:56.092,0.73577,0.73568,1,1
16.08.2021 01:16:56.194,0.7357899999999999,0.73567,1,1.5
16.08.2021 01:16:57.329,0.7357800000000001,0.73569,1,1
16.08.2021 01:16:57.380,0.7358100000000001,0.73568,2.06,1.5
16.08.2021 01:17:00.200,0.7358100000000001,0.7357,1.12,1.5
16.08.2021 01:17:00.302,0.7358100000000001,0.7357100000000001,1.12,1
16.08.2021 01:17:00.454,0.73582,0.73572,1.12,1
16.08.2021 01:17:01.173,0.7358300000000001,0.7357300000000001,1.39,1
16.08.2021 01:17:06.445,0.73584,0.7357300000000001,1.12,2.25
16.08.2021 01:17:06.547,0.73585,0.7357300000000001,1,1
16.08.2021 01:17:11.250,0.7358600000000001,0.73574,1.5,1
16.08.2021 01:17:13.260,0.73587,0.7357600000000001,2.07,1.5
16.08.2021 01:17:13.361,0.73587,0.7357600000000001,1.57,2.25
16.08.2021 01:17:16.013,0.73589,0.73577,1.87,1.5
16.08.2021 01:17:16.115,0.73585,0.73575,1.5,3.07
16.08.2021 01:17:16.369,0.73585,0.73574,2.51,2.25
16.08.2021 01:17:16.572,0.73584,0.73574,1,2.25
16.08.2021 01:17:24.001,0.73584,0.73575,1,1
16.08.2021 01:17:24.102,0.73585,0.73575,1.69,1.5
16.08.2021 01:17:25.963,0.7358800000000001,0.73577,3.45,2.25
16.08.2021 01:17:26.065,0.7358800000000001,0.7357899999999999,1.1,1
16.08.2021 01:17:26.166,0.73589,0.7357899999999999,1.95,1
16.08.2021 01:17:28.934,0.7359,0.7358,1.87,1.5
16.08.2021 01:17:36.078,0.73589,0.7357899999999999,1,1.5
16.08.2021 01:17:44.165,0.73587,0.73577,1.1,1.5
16.08.2021 01:17:44.267,0.7358600000000001,0.7357600000000001,1,1
16.08.2021 01:18:06.236,0.73587,0.7357600000000001,1,1
16.08.2021 01:18:09.004,0.7358800000000001,0.7357600000000001,1.5,1.5
16.08.2021 01:18:09.106,0.73589,0.7357899999999999,1.5,2.25
16.08.2021 01:18:09.207,0.73589,0.7357899999999999,1,1.5
16.08.2021 01:18:24.995,0.73589,0.7357800000000001,1,1
16.08.2021 01:18:25.096,0.7358800000000001,0.7357800000000001,1.5,3.75
16.08.2021 01:18:25.839,0.73587,0.7357800000000001,1,1.5
16.08.2021 01:18:38.247,0.7358600000000001,0.73577,1,2.44
16.08.2021 01:18:38.349,0.73584,0.73574,1.5,4.44
16.08.2021 01:18:38.452,0.73584,0.7357300000000001,1,1.5
16.08.2021 01:18:43.200,0.73584,0.73572,1.5,2.44
16.08.2021 01:18:51.144,0.73585,0.73575,1,1.5
16.08.2021 01:18:51.245,0.73585,0.7357300000000001,1,3.19
16.08.2021 01:19:19.747,0.73584,0.73574,1,4.45
16.08.2021 01:19:19.848,0.73585,0.73574,1.5,4.26
16.08.2021 01:19:19.950,0.7358300000000001,0.73574,1,1.25
16.08.2021 01:19:20.714,0.73584,0.73574,1.5,1.25
16.08.2021 01:19:37.023,0.7358600000000001,0.7357800000000001,1,1.5
16.08.2021 01:19:37.074,0.7358600000000001,0.7357600000000001,3.75,1.5
16.08.2021 01:19:37.276,0.73585,0.7357600000000001,1,1
16.08.2021 01:19:37.873,0.73584,0.73575,1,1
16.08.2021 01:19:42.134,0.73584,0.73574,3.44,1
16.08.2021 01:19:42.235,0.7358300000000001,0.7357300000000001,1.25,2.25
16.08.2021 01:19:42.336,0.7358300000000001,0.73572,1,1
16.08.2021 01:19:54.864,0.7358,0.73572,1,1.5
16.08.2021 01:19:54.915,0.7358,0.73568,1,3.62
16.08.2021 01:19:55.017,0.7357899999999999,0.73569,1.69,2.62
16.08.2021 01:19:55.220,0.73577,0.73567,1,1.87
16.08.2021 01:20:00.135,0.7357800000000001,0.73568,1,1.5
16.08.2021 01:20:00.236,0.7358,0.73568,2.06,1.5
16.08.2021 01:20:03.632,0.7358,0.7357,3.07,1.5
16.08.2021 01:20:06.436,0.7357899999999999,0.7357,1,1
16.08.2021 01:20:06.799,0.7357899999999999,0.73569,1.5,2.25
16.08.2021 01:20:08.985,0.7358,0.73568,1,4.26
16.08.2021 01:20:09.087,0.73582,0.7357,3.5,1.5
16.08.2021 01:20:09.189,0.7358100000000001,0.7357100000000001,2.25,1.5
16.08.2021 01:20:10.182,0.7358100000000001,0.73569,2.44,1.5
16.08.2021 01:20:13.882,0.7358100000000001,0.7357,1,1.76
16.08.2021 01:20:13.983,0.73582,0.7357,1.5,2.51
16.08.2021 01:20:14.085,0.73582,0.73572,1.5,1.69
16.08.2021 01:20:14.489,0.73582,0.7357300000000001,1,1
16.08.2021 01:20:17.709,0.7358600000000001,0.73574,3.56,1
16.08.2021 01:20:17.812,0.73585,0.7357600000000001,1.31,1
16.08.2021 01:20:23.493,0.7358600000000001,0.73574,2.06,1.5
16.08.2021 01:20:24.471,0.73585,0.73575,3.81,1.5
16.08.2021 01:20:24.573,0.7358300000000001,0.73574,1.25,1
16.08.2021 01:20:28.552,0.73584,0.73574,2.44,1.5
16.08.2021 01:20:45.484,0.73585,0.73575,3.81,1
16.08.2021 01:20:52.125,0.73585,0.7357300000000001,1.25,1.5
16.08.2021 01:20:56.884,0.73584,0.7357300000000001,1,1.5
16.08.2021 01:21:01.093,0.73584,0.73575,2.25,1
16.08.2021 01:21:04.086,0.73584,0.73574,1,1
16.08.2021 01:21:04.490,0.7358300000000001,0.73574,1.5,1
16.08.2021 01:21:13.053,0.73584,0.73575,1.25,1
16.08.2021 01:21:15.183,0.73585,0.7357600000000001,1,1
16.08.2021 01:21:15.488,0.7358600000000001,0.7357899999999999,1,1
16.08.2021 01:21:15.589,0.73587,0.7357899999999999,1.12,1
16.08.2021 01:21:15.640,0.73589,0.7357899999999999,2.25,1.5
16.08.2021 01:21:21.799,0.7359100000000001,0.73582,1.81,1
16.08.2021 01:21:22.002,0.7359100000000001,0.73582,1,1
16.08.2021 01:21:22.591,0.7359100000000001,0.7358100000000001,2.62,1.5
16.08.2021 01:21:25.278,0.7359100000000001,0.73582,1.12,1
16.08.2021 01:21:45.012,0.7359100000000001,0.7358100000000001,1.87,1.5
16.08.2021 01:21:49.526,0.73592,0.7358300000000001,1,1
16.08.2021 01:21:49.628,0.7359300000000001,0.7358300000000001,1,1
16.08.2021 01:21:50.838,0.7359300000000001,0.73584,1.5,1
16.08.2021 01:22:02.799,0.73595,0.7358600000000001,1,1
16.08.2021 01:22:05.038,0.73595,0.73585,1.25,1
16.08.2021 01:22:08.897,0.7359600000000001,0.7358800000000001,1.12,1
16.08.2021 01:22:08.999,0.73597,0.73589,1.5,1
16.08.2021 01:22:09.050,0.7359800000000001,0.73589,1.87,1
16.08.2021 01:22:09.101,0.73599,0.7359100000000001,1.5,1
16.08.2021 01:22:09.152,0.736,0.73592,1,1
16.08.2021 01:22:09.405,0.73601,0.73594,1.12,1
16.08.2021 01:22:09.506,0.73604,0.7359300000000001,1.87,1
16.08.2021 01:22:09.658,0.73604,0.73594,1.5,1
16.08.2021 01:22:13.646,0.7360300000000001,0.73594,1.5,1
16.08.2021 01:22:22.022,0.73605,0.7359600000000001,1,1
16.08.2021 01:22:22.124,0.73605,0.73595,2.25,1.5
16.08.2021 01:22:26.006,0.73604,0.73595,1,1
16.08.2021 01:22:27.124,0.73605,0.7359300000000001,1.5,1.5
16.08.2021 01:22:33.800,0.7360300000000001,0.73592,1,1
16.08.2021 01:22:35.308,0.736,0.7359,1,1
16.08.2021 01:22:35.359,0.736,0.7358800000000001,3.19,2.25
16.08.2021 01:22:35.562,0.7359800000000001,0.73589,1,1
16.08.2021 01:22:44.887,0.736,0.7358800000000001,2.25,1.5
16.08.2021 01:23:01.465,0.7359800000000001,0.73589,1,1
16.08.2021 01:23:03.198,0.73599,0.7359,1.5,1
16.08.2021 01:23:04.103,0.73599,0.73589,2.25,1.5
16.08.2021 01:23:31.895,0.7359800000000001,0.73589,1,1
16.08.2021 01:23:31.996,0.7359800000000001,0.73587,1,1
16.08.2021 01:23:34.068,0.73597,0.7358600000000001,1.5,1
16.08.2021 01:23:34.271,0.7359600000000001,0.7358600000000001,1.5,1.5
16.08.2021 01:23:44.063,0.7359800000000001,0.73587,1,1
16.08.2021 01:23:44.164,0.7359800000000001,0.7358800000000001,1.5,1.69
16.08.2021 01:24:03.456,0.7359800000000001,0.73587,1,1
16.08.2021 01:24:03.558,0.73595,0.7358300000000001,1.5,2
16.08.2021 01:24:03.660,0.73594,0.73584,1.5,1.5
16.08.2021 01:24:06.221,0.73594,0.73582,1,2.44
16.08.2021 01:24:07.425,0.7359100000000001,0.73582,1,1.12
16.08.2021 01:24:07.526,0.73592,0.7358300000000001,1,1
16.08.2021 01:24:07.628,0.7359300000000001,0.7358300000000001,2.25,1.5
16.08.2021 01:24:12.089,0.7359300000000001,0.73584,1,1
16.08.2021 01:24:12.242,0.73595,0.7358300000000001,2.25,1.25
16.08.2021 01:24:20.944,0.73592,0.7358300000000001,1,1
16.08.2021 01:24:21.045,0.73592,0.73582,1,1
16.08.2021 01:24:21.574,0.7359,0.73582,1,1
16.08.2021 01:24:21.625,0.7359,0.7358,3,1
16.08.2021 01:24:21.727,0.7358800000000001,0.7357899999999999,1.5,1
16.08.2021 01:24:21.828,0.7358800000000001,0.7357800000000001,1,1
16.08.2021 01:24:25.826,0.73589,0.7357800000000001,1,1
16.08.2021 01:24:29.663,0.7358800000000001,0.7358,1,1
16.08.2021 01:24:29.714,0.7359,0.7358100000000001,1,1
16.08.2021 01:24:29.815,0.7359100000000001,0.7358100000000001,2.25,1.5
16.08.2021 01:24:39.363,0.73589,0.7357899999999999,1.5,1.87
16.08.2021 01:24:41.131,0.7359,0.7358,1.12,1.5
16.08.2021 01:24:46.136,0.7359,0.7357899999999999,1,1
16.08.2021 01:24:46.237,0.73589,0.7357899999999999,1,1.5
16.08.2021 01:24:46.339,0.7358800000000001,0.7357899999999999,1,1
16.08.2021 01:24:48.074,0.7359,0.7357800000000001,1.87,1
16.08.2021 01:24:52.806,0.7358800000000001,0.7357800000000001,1,1
16.08.2021 01:24:53.966,0.7358600000000001,0.7357800000000001,1,1
16.08.2021 01:24:54.017,0.73585,0.7357600000000001,1.5,1.31
16.08.2021 01:24:54.119,0.7358600000000001,0.73574,2.62,3.75
16.08.2021 01:25:01.094,0.73585,0.7357600000000001,1,1
16.08.2021 01:25:01.195,0.7358600000000001,0.7357600000000001,1.12,1.69
16.08.2021 01:25:04.800,0.73585,0.73575,1.5,1.5
16.08.2021 01:25:04.903,0.73584,0.73575,1,1.5
16.08.2021 01:25:05.160,0.73584,0.7357300000000001,1,1
16.08.2021 01:25:13.207,0.73584,0.73575,1.5,1
16.08.2021 01:25:20.259,0.73584,0.7357600000000001,1,1
16.08.2021 01:25:20.638,0.7358600000000001,0.7357600000000001,1.5,1.5
16.08.2021 01:25:20.739,0.7358600000000001,0.73577,1,1
16.08.2021 01:25:27.105,0.73587,0.73577,1.87,1
16.08.2021 01:25:29.638,0.7358800000000001,0.7357800000000001,1.87,1.5
16.08.2021 01:25:29.740,0.73589,0.7357800000000001,1.87,1
16.08.2021 01:25:31.712,0.7358800000000001,0.7358,1,1
16.08.2021 01:25:32.247,0.73589,0.7358,1.12,1
16.08.2021 01:25:38.910,0.73592,0.7358300000000001,1,1
16.08.2021 01:25:39.012,0.7359300000000001,0.73584,3.37,1
16.08.2021 01:25:44.820,0.73594,0.73584,1,1
16.08.2021 01:25:44.922,0.73594,0.73585,1,1
16.08.2021 01:26:19.300,0.73595,0.73585,1,1.87
16.08.2021 01:26:19.402,0.7359600000000001,0.7358600000000001,1.87,1
16.08.2021 01:26:21.107,0.7359600000000001,0.7358800000000001,1.5,1
16.08.2021 01:26:24.909,0.73597,0.7358800000000001,1.5,1
16.08.2021 01:26:27.700,0.73597,0.73587,1.87,1.5
16.08.2021 01:26:30.261,0.73597,0.73589,1,1
16.08.2021 01:26:30.312,0.73597,0.73587,3.37,1
16.08.2021 01:26:30.414,0.73597,0.73585,1.87,1.5
16.08.2021 01:26:50.930,0.73599,0.7358800000000001,2,1
16.08.2021 01:26:51.031,0.7359800000000001,0.7359,1.5,1
16.08.2021 01:26:51.082,0.736,0.73589,1.5,1
16.08.2021 01:26:53.493,0.736,0.7359,1.5,1.5
16.08.2021 01:26:53.595,0.736,0.7359100000000001,1.5,1
16.08.2021 01:26:55.343,0.73599,0.7359100000000001,1.5,1
16.08.2021 01:26:55.445,0.73599,0.7359,1.5,1.5
16.08.2021 01:27:14.293,0.73595,0.7358600000000001,1,2.25
16.08.2021 01:27:14.394,0.73595,0.73585,2.25,1.87
16.08.2021 01:27:14.822,0.73594,0.73585,1,1.5
16.08.2021 01:27:18.152,0.73597,0.7358800000000001,1,1
16.08.2021 01:27:18.254,0.7359800000000001,0.73589,1.12,1
16.08.2021 01:27:18.355,0.73601,0.73589,2.81,1
16.08.2021 01:27:21.745,0.73599,0.7359,1,1.5
16.08.2021 01:28:07.215,0.73599,0.7358800000000001,1.69,1.5
16.08.2021 01:28:08.219,0.73599,0.73589,1.87,1.5
16.08.2021 01:28:10.157,0.736,0.73589,1.5,1
16.08.2021 01:28:10.702,0.73601,0.73589,1.5,1.69
16.08.2021 01:28:13.563,0.73601,0.7359,1,1
16.08.2021 01:28:13.720,0.7360300000000001,0.7359100000000001,1.87,1.69
16.08.2021 01:28:13.772,0.7360300000000001,0.73594,1.5,1
16.08.2021 01:28:13.923,0.73605,0.7359300000000001,1,2.06
16.08.2021 01:28:18.134,0.73605,0.73595,2.62,1
16.08.2021 01:28:20.637,0.73605,0.73594,2.81,1
16.08.2021 01:28:21.269,0.7360300000000001,0.7359300000000001,3.75,1.87
16.08.2021 01:28:21.370,0.73604,0.73592,3.69,1.5
16.08.2021 01:28:23.180,0.73604,0.73592,3.56,1.5
16.08.2021 01:28:24.020,0.7360300000000001,0.7359300000000001,3.5,1.5
16.08.2021 01:28:25.751,0.7360300000000001,0.7359300000000001,3.19,1.5
16.08.2021 01:28:26.237,0.73602,0.7359300000000001,1,1.69
16.08.2021 01:28:26.338,0.73604,0.73594,1.87,1.5
16.08.2021 01:28:30.106,0.73604,0.73595,1,1
16.08.2021 01:28:30.846,0.73607,0.7359800000000001,2.25,1
16.08.2021 01:28:30.999,0.7360800000000001,0.7359800000000001,1,2.25
16.08.2021 01:28:34.591,0.73607,0.7359800000000001,1,1.5
16.08.2021 01:28:42.306,0.73606,0.7359600000000001,1,2.81
16.08.2021 01:28:42.714,0.73607,0.7359300000000001,4.57,2.94
16.08.2021 01:28:42.816,0.73606,0.7359300000000001,1.1,1.5
16.08.2021 01:28:42.918,0.73602,0.7359300000000001,1,2
16.08.2021 01:28:43.020,0.73601,0.7359300000000001,1,1.5
16.08.2021 01:28:43.378,0.73601,0.73594,1,1
16.08.2021 01:28:43.429,0.7360300000000001,0.73594,1,1
16.08.2021 01:28:46.871,0.7360300000000001,0.7359300000000001,1,3.56
16.08.2021 01:29:04.579,0.73602,0.7359300000000001,1,1.12
16.08.2021 01:29:04.680,0.73601,0.7359,2.62,2.45
16.08.2021 01:29:04.782,0.7359800000000001,0.7359,1,1
16.08.2021 01:29:04.883,0.7359800000000001,0.73589,1,1.87
16.08.2021 01:29:07.601,0.73602,0.73592,1.6,1.69
16.08.2021 01:29:07.703,0.7360300000000001,0.73592,1.5,1.25
16.08.2021 01:29:07.804,0.73602,0.7359300000000001,1,1.31
16.08.2021 01:29:10.112,0.7360300000000001,0.7359300000000001,1,2.06
16.08.2021 01:29:10.715,0.7360300000000001,0.7359300000000001,1,2.26
16.08.2021 01:29:11.988,0.7360300000000001,0.7359300000000001,1,2.81
16.08.2021 01:29:20.836,0.7360300000000001,0.7359300000000001,1,3.01
16.08.2021 01:29:21.008,0.73604,0.73594,1.5,1.12
16.08.2021 01:29:24.138,0.7360300000000001,0.7359300000000001,1,3.69
16.08.2021 01:29:24.240,0.7360300000000001,0.7359300000000001,1,2.81
16.08.2021 01:29:42.489,0.7360300000000001,0.73594,1,1
16.08.2021 01:29:45.109,0.7360300000000001,0.7359300000000001,1,2.06
16.08.2021 01:29:48.406,0.7360300000000001,0.7359100000000001,1,3.01
16.08.2021 01:29:51.272,0.73602,0.73592,1,1.31
16.08.2021 01:29:52.378,0.73602,0.7359300000000001,1,1
16.08.2021 01:29:53.072,0.736,0.7358800000000001,1,5.76
16.08.2021 01:29:53.582,0.73599,0.73589,1,2.81
16.08.2021 01:29:53.683,0.736,0.7359,1.12,2.44
16.08.2021 01:30:00.299,0.736,0.7358800000000001,1,1.5
16.08.2021 01:30:00.501,0.73599,0.73589,1,1.12
16.08.2021 01:30:01.870,0.7359600000000001,0.73587,1,1.5
16.08.2021 01:30:01.971,0.73597,0.73587,1,2.94
16.08.2021 01:30:02.224,0.73597,0.7358800000000001,1,1.75
16.08.2021 01:30:03.333,0.73597,0.73587,1,3.69
16.08.2021 01:30:03.523,0.73597,0.73589,1,1
16.08.2021 01:30:04.309,0.73597,0.73587,1,3.69
16.08.2021 01:30:04.666,0.73597,0.73587,1,1.12
16.08.2021 01:30:04.768,0.73597,0.73585,1,4.51
16.08.2021 01:30:04.869,0.7359600000000001,0.7358600000000001,1,2.81
16.08.2021 01:30:05.071,0.7359600000000001,0.7358600000000001,1,4.51
