Gmt time,Ask,Bid,AskVolume,BidVolume
02.08.2021 00:00:00.190,0.73421,0.73414,1,1
02.08.2021 00:00:00.342,0.73421,0.7341300000000001,1,1
02.08.2021 00:00:00.961,0.73421,0.73412,1,1
02.08.2021 00:00:01.063,0.73421,0.73411,1,1.01
02.08.2021 00:00:01.164,0.73423,0.7341500000000001,1,2.06
02.08.2021 00:00:01.215,0.73423,0.73412,1,1.1
02.08.2021 00:00:01.990,0.73426,0.73416,1,1
02.08.2021 00:00:02.092,0.73426,0.73416,1.5,1.25
02.08.2021 00:00:02.193,0.73426,0.73418,1.5,1
02.08.2021 00:00:02.447,0.73426,0.7341500000000001,1,2.79
02.08.2021 00:00:02.548,0.73426,0.73419,1,1
02.08.2021 00:00:03.984,0.73432,0.7342000000000001,2.54,2.75
02.08.2021 00:00:04.035,0.73429,0.7342000000000001,1.25,1
02.08.2021 00:00:04.136,0.73434,0.73422,4.22,1
02.08.2021 00:00:04.237,0.73429,0.7342000000000001,3.37,1.69
02.08.2021 00:00:05.562,0.73434,0.73423,2.72,1
02.08.2021 00:00:05.903,0.73433,0.73422,7.79,1
02.08.2021 00:00:06.055,0.73432,0.73422,1.97,1
02.08.2021 00:00:06.207,0.73434,0.73422,5.7,1
02.08.2021 00:00:07.053,0.73434,0.73423,1.1,1.5
02.08.2021 00:00:07.155,0.7343500000000001,0.73424,5.72,1
02.08.2021 00:00:07.630,0.73434,0.73424,1.1,1
02.08.2021 00:00:08.082,0.7343500000000001,0.73424,5.72,1
02.08.2021 00:00:08.542,0.73437,0.7342500000000001,6.14,1
02.08.2021 00:00:08.644,0.73438,0.73424,3.89,1.5
02.08.2021 00:00:09.245,0.73437,0.73424,1.1,1
02.08.2021 00:00:10.710,0.7343600000000001,0.73428,1.95,1
02.08.2021 00:00:11.510,0.73433,0.7342500000000001,1,1
02.08.2021 00:00:11.561,0.73433,0.73422,3.82,1
02.08.2021 00:00:11.662,0.73431,0.73423,1.1,1
02.08.2021 00:00:12.086,0.73431,0.73422,2.1,1
02.08.2021 00:00:12.238,0.7343500000000001,0.73426,3.76,1
02.08.2021 00:00:12.340,0.7343500000000001,0.73427,1.2,1
02.08.2021 00:00:12.441,0.7343500000000001,0.73426,1.2,1
02.08.2021 00:00:12.593,0.7343600000000001,0.73426,1.2,1
02.08.2021 00:00:13.148,0.7343500000000001,0.73426,1,1
02.08.2021 00:00:13.547,0.7343600000000001,0.73428,1.12,1
02.08.2021 00:00:13.801,0.7343600000000001,0.7342500000000001,1,3.56
02.08.2021 00:00:13.852,0.73437,0.73429,1,1
02.08.2021 00:00:14.459,0.73439,0.73428,1.6,2.25
02.08.2021 00:00:14.661,0.7344,0.73429,1.1,2.25
02.08.2021 00:00:14.762,0.7344,0.7343000000000001,1,1.5
02.08.2021 00:00:17.770,0.7344100000000001,0.73431,2.07,1
02.08.2021 00:00:18.114,0.7344100000000001,0.73431,1.95,1
02.08.2021 00:00:21.473,0.7344,0.7343000000000001,1,1.5
02.08.2021 00:00:21.676,0.7344,0.73429,1.1,1
02.08.2021 00:00:21.727,0.7343600000000001,0.73428,1.5,1
02.08.2021 00:00:22.182,0.7343500000000001,0.73428,1,1
02.08.2021 00:00:22.284,0.7343500000000001,0.73427,1.2,1
02.08.2021 00:00:23.622,0.73434,0.7342500000000001,1,1
02.08.2021 00:00:23.935,0.7343500000000001,0.7342500000000001,1.57,1
02.08.2021 00:00:25.201,0.7343500000000001,0.7342500000000001,1.7,1
02.08.2021 00:00:25.586,0.7343500000000001,0.7342500000000001,1.57,1
02.08.2021 00:00:25.687,0.73432,0.73423,1.57,1
02.08.2021 00:00:25.789,0.73431,0.73422,1.2,1
02.08.2021 00:00:27.488,0.73431,0.73422,1.6,1
02.08.2021 00:00:27.691,0.73431,0.73422,1.2,1
02.08.2021 00:00:30.237,0.73431,0.73422,2.07,1
02.08.2021 00:00:30.538,0.7343000000000001,0.7342000000000001,1.12,1.5
02.08.2021 00:00:31.632,0.73429,0.7342000000000001,1.57,1
02.08.2021 00:00:33.706,0.73431,0.73419,1.95,1
02.08.2021 00:00:34.039,0.73428,0.7342000000000001,1.5,1
02.08.2021 00:00:34.141,0.73428,0.73419,1.57,1
02.08.2021 00:00:34.700,0.73429,0.73419,1,1
02.08.2021 00:00:39.982,0.7343000000000001,0.73421,1.95,1
02.08.2021 00:00:40.084,0.7343000000000001,0.73422,1.31,1
02.08.2021 00:00:41.329,0.73428,0.73419,2.7,1
02.08.2021 00:00:41.431,0.73429,0.7342000000000001,1.51,1
02.08.2021 00:00:41.533,0.73429,0.7342000000000001,1.39,1
02.08.2021 00:00:41.837,0.73429,0.73421,1.12,1
02.08.2021 00:00:41.939,0.7343000000000001,0.73421,1,1
02.08.2021 00:00:42.192,0.73431,0.73421,2.14,1
02.08.2021 00:00:42.293,0.73432,0.73421,2.14,1
02.08.2021 00:00:42.449,0.73431,0.7342000000000001,3.14,1.5
02.08.2021 00:00:45.203,0.73431,0.73422,1.2,1
02.08.2021 00:00:45.305,0.73433,0.73422,1.87,1.5
02.08.2021 00:00:45.407,0.73432,0.7342500000000001,1.12,1.5
02.08.2021 00:00:45.509,0.7343500000000001,0.7342500000000001,1.39,1.5
02.08.2021 00:00:46.796,0.7343500000000001,0.73426,1,1.5
02.08.2021 00:00:46.847,0.73437,0.73428,1.6,1
02.08.2021 00:00:46.999,0.73438,0.73429,2.39,1
02.08.2021 00:00:48.031,0.73438,0.73429,1.31,1
02.08.2021 00:00:48.133,0.73437,0.73428,1,1
02.08.2021 00:00:48.234,0.7343600000000001,0.73428,1,1
02.08.2021 00:00:50.737,0.73437,0.73426,2.06,1
02.08.2021 00:00:50.788,0.7343600000000001,0.7342500000000001,2.06,2.25
02.08.2021 00:00:50.889,0.7343500000000001,0.7342500000000001,1,1.5
02.08.2021 00:00:51.191,0.73433,0.73424,1.69,1
02.08.2021 00:00:51.456,0.73433,0.73423,1.31,1.5
02.08.2021 00:00:51.558,0.73432,0.73423,1.51,1
02.08.2021 00:00:51.810,0.73429,0.73421,1,1.5
02.08.2021 00:00:51.912,0.73427,0.73418,3.32,1.12
02.08.2021 00:00:52.013,0.73427,0.73418,1.01,1
02.08.2021 00:00:52.114,0.73429,0.73418,4.79,1
02.08.2021 00:00:52.216,0.73427,0.73417,1.76,1
02.08.2021 00:00:56.262,0.73428,0.73416,4.85,1
02.08.2021 00:00:56.363,0.73427,0.73416,5.16,1.5
02.08.2021 00:00:56.515,0.7342500000000001,0.7341300000000001,1.1,1
02.08.2021 00:00:56.616,0.73426,0.73414,3.29,1
02.08.2021 00:00:58.810,0.73424,0.7341500000000001,2.39,1
02.08.2021 00:00:59.350,0.73424,0.73414,1.64,1
02.08.2021 00:01:00.385,0.7342500000000001,0.73412,3.07,1.5
02.08.2021 00:01:00.487,0.73423,0.7341300000000001,1.75,1.5
02.08.2021 00:01:00.639,0.73424,0.7341300000000001,2.26,1.5
02.08.2021 00:01:01.322,0.73422,0.73412,1.56,1.5
02.08.2021 00:01:04.778,0.73423,0.7341300000000001,1.75,1
02.08.2021 00:01:04.879,0.73424,0.73414,2.31,1
02.08.2021 00:01:05.132,0.7342500000000001,0.73414,4.69,1
02.08.2021 00:01:08.547,0.7342500000000001,0.7341300000000001,2.31,1
02.08.2021 00:01:08.649,0.7342500000000001,0.73412,1.56,1.5
02.08.2021 00:01:11.229,0.7342500000000001,0.7341300000000001,2.81,2.25
02.08.2021 00:01:11.330,0.73424,0.73412,1,1
02.08.2021 00:01:12.560,0.73426,0.73412,3.81,2.25
02.08.2021 00:01:12.661,0.7342500000000001,0.73414,3.81,1
02.08.2021 00:01:12.813,0.7342500000000001,0.73414,2.81,1
02.08.2021 00:01:13.875,0.7342500000000001,0.73414,2.94,1.5
02.08.2021 00:01:17.283,0.73426,0.7341300000000001,2.81,1.5
02.08.2021 00:01:18.632,0.7342500000000001,0.73414,2.94,1.5
02.08.2021 00:01:21.329,0.73424,0.73412,2.31,1.5
02.08.2021 00:01:21.734,0.73424,0.73412,1.12,1.5
02.08.2021 00:01:21.936,0.73424,0.7341300000000001,1.31,1.5
02.08.2021 00:01:23.104,0.73424,0.7341300000000001,1.75,1.5
02.08.2021 00:01:23.205,0.73424,0.73412,2.94,1.57
02.08.2021 00:01:23.307,0.73422,0.73411,1.31,1.5
02.08.2021 00:01:23.408,0.73422,0.73411,3.44,1.5
02.08.2021 00:01:28.427,0.7342000000000001,0.7341000000000001,1.69,1
02.08.2021 00:01:28.478,0.73419,0.7340800000000001,3.06,1.87
02.08.2021 00:01:28.529,0.73416,0.7340800000000001,1,1
02.08.2021 00:01:28.631,0.73417,0.73407,2.06,1.5
02.08.2021 00:01:28.732,0.73417,0.7340800000000001,2.06,1
02.08.2021 00:01:31.082,0.73416,0.73406,1.25,1.5
02.08.2021 00:01:31.183,0.73416,0.73406,1.94,1
02.08.2021 00:01:31.335,0.7341300000000001,0.73405,1.25,1
02.08.2021 00:01:31.386,0.7341300000000001,0.73402,1.25,1
02.08.2021 00:01:31.941,0.73412,0.73402,3,1
02.08.2021 00:01:32.305,0.73412,0.73402,3.12,1
02.08.2021 00:01:34.951,0.7341000000000001,0.734,1.12,1.5
02.08.2021 00:01:35.052,0.7341000000000001,0.73399,1,1
02.08.2021 00:01:38.002,0.7341000000000001,0.7339800000000001,3.37,1
02.08.2021 00:01:38.103,0.7341000000000001,0.73399,1.87,1
02.08.2021 00:01:39.736,0.73411,0.73401,2.37,1
02.08.2021 00:01:39.837,0.73411,0.73402,1.5,1
02.08.2021 00:01:39.938,0.73411,0.73402,1.12,1
02.08.2021 00:01:40.562,0.73411,0.73401,1.87,1
02.08.2021 00:01:41.350,0.73411,0.73399,1.87,1
02.08.2021 00:01:43.632,0.7341000000000001,0.73399,1,1
02.08.2021 00:01:43.733,0.7341000000000001,0.734,2.62,1
02.08.2021 00:01:43.834,0.73411,0.73399,2.75,1
02.08.2021 00:01:43.962,0.7340800000000001,0.734,1,1
02.08.2021 00:01:44.063,0.73409,0.734,1.87,1
02.08.2021 00:01:44.219,0.7340800000000001,0.73397,1.12,1.5
02.08.2021 00:01:44.421,0.7340800000000001,0.7339800000000001,2.25,1
02.08.2021 00:01:44.522,0.73407,0.7339800000000001,1.5,1
02.08.2021 00:01:44.624,0.73409,0.734,2.62,1
02.08.2021 00:01:44.827,0.7341000000000001,0.734,1.12,1
02.08.2021 00:01:46.670,0.73411,0.73401,2,1.5
02.08.2021 00:01:47.652,0.73409,0.734,1,1
02.08.2021 00:01:50.217,0.73411,0.73399,1.12,1
02.08.2021 00:01:57.335,0.73409,0.734,1.12,1
02.08.2021 00:01:58.656,0.7340800000000001,0.73399,1,1
02.08.2021 00:01:58.807,0.7341000000000001,0.734,2.75,1.25
02.08.2021 00:01:58.858,0.73411,0.734,3.75,1.5
02.08.2021 00:01:58.959,0.73412,0.73401,2.25,1
02.08.2021 00:01:59.930,0.73412,0.73401,4.62,1
02.08.2021 00:02:01.359,0.73411,0.734,1.12,1
02.08.2021 00:02:02.302,0.73411,0.73404,1.12,1.5
02.08.2021 00:02:02.353,0.7341500000000001,0.73404,1.12,1
02.08.2021 00:02:02.505,0.73416,0.73405,3.12,1
02.08.2021 00:02:02.657,0.73417,0.73405,1.5,1
02.08.2021 00:02:02.708,0.73418,0.7340800000000001,1.5,1
02.08.2021 00:02:02.910,0.7342000000000001,0.7340800000000001,3.87,2.25
02.08.2021 00:02:03.011,0.73419,0.73409,1.12,1
02.08.2021 00:02:03.062,0.73418,0.7340800000000001,1.5,1.5
02.08.2021 00:02:03.445,0.73418,0.7340800000000001,1.12,1.5
02.08.2021 00:02:04.673,0.7342000000000001,0.73407,1.12,3.19
02.08.2021 00:02:04.774,0.73419,0.7341000000000001,1.12,1
02.08.2021 00:02:11.272,0.73421,0.73411,1.5,1
02.08.2021 00:02:11.373,0.73421,0.73407,1.12,2.75
02.08.2021 00:02:11.475,0.7342000000000001,0.7340800000000001,3.31,2.25
02.08.2021 00:02:11.829,0.7342000000000001,0.7340800000000001,1.12,3.81
02.08.2021 00:02:11.930,0.73421,0.73409,1.12,1
02.08.2021 00:02:12.637,0.73418,0.73407,1.62,2.75
02.08.2021 00:02:12.738,0.73418,0.73406,1.5,1.5
02.08.2021 00:02:13.157,0.73417,0.73406,1.5,1.5
02.08.2021 00:02:13.302,0.73417,0.73406,1.62,1.5
02.08.2021 00:02:21.087,0.73417,0.73405,3.87,2.44
02.08.2021 00:02:21.340,0.7341500000000001,0.73405,1.12,1.5
02.08.2021 00:02:21.543,0.73417,0.73404,1.12,1.5
02.08.2021 00:02:22.249,0.73417,0.73405,5.25,2.25
02.08.2021 00:02:23.498,0.73417,0.73406,3,1.5
02.08.2021 00:02:23.599,0.73417,0.7340800000000001,1,1.5
02.08.2021 00:02:23.650,0.73419,0.7340800000000001,1,2.25
02.08.2021 00:02:23.801,0.7342000000000001,0.7340800000000001,3.94,2.62
02.08.2021 00:02:24.740,0.7342000000000001,0.73409,1.87,1
02.08.2021 00:02:25.277,0.7342000000000001,0.7340800000000001,2.75,3.56
02.08.2021 00:02:28.714,0.73422,0.7341000000000001,4.25,1
02.08.2021 00:02:28.815,0.73419,0.7341000000000001,1.12,1
02.08.2021 00:02:28.916,0.73419,0.73409,1.12,1.5
02.08.2021 00:02:29.371,0.7342000000000001,0.73409,1.87,2.25
02.08.2021 00:02:29.472,0.73423,0.73412,1,2.44
02.08.2021 00:02:29.574,0.73424,0.73417,1,1
02.08.2021 00:02:29.679,0.73424,0.73416,1,2.44
02.08.2021 00:02:29.780,0.73429,0.73418,3.12,1
02.08.2021 00:02:29.881,0.7343000000000001,0.73418,1.5,1
02.08.2021 00:02:29.932,0.73429,0.73419,1.12,1
02.08.2021 00:02:31.298,0.73431,0.7342000000000001,1.5,2.44
02.08.2021 00:02:31.450,0.73431,0.7342000000000001,1.5,1.5
02.08.2021 00:02:31.602,0.7343000000000001,0.73418,2.25,1.5
02.08.2021 00:02:31.704,0.73431,0.7342000000000001,4.25,1.5
02.08.2021 00:02:31.957,0.73432,0.73421,4.06,1
02.08.2021 00:02:32.059,0.73432,0.73421,3.87,1
02.08.2021 00:02:32.361,0.73434,0.73423,5,1.5
02.08.2021 00:02:32.463,0.7343500000000001,0.73423,2.75,1
02.08.2021 00:02:32.565,0.73434,0.7342500000000001,1.12,1
02.08.2021 00:02:32.706,0.7343600000000001,0.7342500000000001,3.5,1.5
02.08.2021 00:02:35.023,0.7343500000000001,0.73424,1.12,1.69
02.08.2021 00:02:35.470,0.73437,0.73426,3.5,1.5
02.08.2021 00:02:35.571,0.73438,0.73429,1.31,2.25
02.08.2021 00:02:35.673,0.7344,0.73428,2.75,2.25
02.08.2021 00:02:35.825,0.7344,0.73429,2.75,1
02.08.2021 00:02:41.329,0.73437,0.73427,1,1.5
02.08.2021 00:02:41.430,0.73438,0.7342500000000001,1.62,2.25
02.08.2021 00:02:41.983,0.73437,0.73424,1.31,1.5
02.08.2021 00:02:42.084,0.7343500000000001,0.73424,2.06,2.25
02.08.2021 00:02:42.286,0.7343500000000001,0.73424,2,2.25
02.08.2021 00:02:43.905,0.73433,0.73421,3,1
02.08.2021 00:02:44.007,0.73432,0.73422,3.87,1
02.08.2021 00:02:44.158,0.73432,0.73422,3.94,1
02.08.2021 00:02:45.120,0.73433,0.73424,1.12,1
02.08.2021 00:02:45.221,0.7343500000000001,0.73424,3.5,1
02.08.2021 00:02:45.342,0.73434,0.7342500000000001,3.37,1
02.08.2021 00:02:46.232,0.7343500000000001,0.7342500000000001,1.87,1
02.08.2021 00:02:50.929,0.7343600000000001,0.73423,1.87,1.5
02.08.2021 00:02:55.415,0.73432,0.73421,1.87,2
02.08.2021 00:02:55.517,0.73433,0.7342000000000001,3.87,1
02.08.2021 00:02:58.587,0.73427,0.73417,2.62,1.5
02.08.2021 00:02:58.689,0.73427,0.73416,4.12,2.62
02.08.2021 00:02:58.790,0.73427,0.73416,4.62,2.25
02.08.2021 00:03:01.339,0.73426,0.7341500000000001,2.62,1
02.08.2021 00:03:01.495,0.73427,0.73414,2.75,1
02.08.2021 00:03:08.738,0.7342500000000001,0.73414,3,1.5
02.08.2021 00:03:08.840,0.7342500000000001,0.7341300000000001,1.5,1
02.08.2021 00:03:08.941,0.7342500000000001,0.73412,2.25,1.87
02.08.2021 00:03:09.051,0.73423,0.7341000000000001,3.37,2.19
02.08.2021 00:03:09.102,0.73422,0.73411,3.37,2.06
02.08.2021 00:03:09.461,0.73422,0.73411,3.87,1.69
02.08.2021 00:03:11.562,0.73422,0.73411,3.75,1.25
02.08.2021 00:03:14.163,0.73423,0.7341000000000001,3.87,1.25
02.08.2021 00:03:21.344,0.73419,0.7340800000000001,1.5,1.75
02.08.2021 00:03:24.311,0.73417,0.73406,1.87,2.81
02.08.2021 00:03:24.413,0.73417,0.73406,4.25,1
02.08.2021 00:03:24.514,0.73416,0.73405,1.69,1.5
02.08.2021 00:03:24.910,0.73417,0.73404,1.81,1.5
02.08.2021 00:03:25.062,0.73414,0.73404,1,2.44
02.08.2021 00:03:25.163,0.73416,0.73404,5.75,2.25
02.08.2021 00:03:25.901,0.73416,0.73404,3.37,2.89
02.08.2021 00:03:27.641,0.73416,0.73404,2.62,3.89
02.08.2021 00:03:29.148,0.73416,0.73404,2.62,2.89
02.08.2021 00:03:29.249,0.73416,0.73404,4.62,2.32
02.08.2021 00:03:30.073,0.7341500000000001,0.7340300000000001,1.87,2.7
02.08.2021 00:03:30.579,0.73412,0.7340300000000001,1,2.7
02.08.2021 00:03:30.681,0.73412,0.73401,2.75,1.5
02.08.2021 00:03:31.328,0.73407,0.73399,1,1
02.08.2021 00:03:31.430,0.73405,0.73397,1.87,1
02.08.2021 00:03:31.582,0.73405,0.7339300000000001,1,1.5
02.08.2021 00:03:31.683,0.7340800000000001,0.73394,6.75,2.32
02.08.2021 00:03:33.183,0.73407,0.73395,4.25,2.51
02.08.2021 00:03:37.933,0.73406,0.73394,1,1.5
02.08.2021 00:03:44.835,0.73402,0.73392,3.37,1
02.08.2021 00:03:44.936,0.7340300000000001,0.73389,5.25,3.5
02.08.2021 00:03:45.037,0.7340300000000001,0.73389,5.37,3
02.08.2021 00:03:45.540,0.73401,0.7339,2,1
02.08.2021 00:03:47.769,0.7339800000000001,0.73387,5.06,2
02.08.2021 00:03:47.871,0.73397,0.73387,2.25,1
02.08.2021 00:03:49.833,0.7339600000000001,0.7338600000000001,1,1.25
02.08.2021 00:03:49.935,0.7339300000000001,0.73382,1,1
02.08.2021 00:03:50.037,0.7339300000000001,0.7338300000000001,1,1
02.08.2021 00:03:50.139,0.73394,0.7338300000000001,1.87,1.69
02.08.2021 00:03:51.318,0.73392,0.73382,1,3.31
02.08.2021 00:03:51.369,0.73392,0.73382,1,2.81
02.08.2021 00:03:52.411,0.7339100000000001,0.7338100000000001,1,1.69
02.08.2021 00:03:52.665,0.7339,0.7338,1,1.69
02.08.2021 00:03:53.341,0.7339100000000001,0.7338,1.12,2.44
02.08.2021 00:03:54.303,0.73392,0.73379,1.12,2.57
02.08.2021 00:03:58.733,0.73392,0.7338100000000001,2.62,2.44
02.08.2021 00:03:59.063,0.73394,0.7338300000000001,4.12,1.76
02.08.2021 00:03:59.165,0.73395,0.7338300000000001,1.12,1
02.08.2021 00:04:00.173,0.73395,0.7338600000000001,1,1
02.08.2021 00:04:00.284,0.73397,0.7338600000000001,3.5,1.69
02.08.2021 00:04:00.385,0.7339800000000001,0.73385,1.5,2.06
02.08.2021 00:04:01.299,0.73399,0.73389,1.12,1
02.08.2021 00:04:01.400,0.73399,0.7338800000000001,1.12,2.51
02.08.2021 00:04:01.501,0.73402,0.73392,1.5,1
02.08.2021 00:04:01.602,0.73402,0.73392,1.12,1.5
02.08.2021 00:04:01.805,0.73402,0.73392,2.75,1.5
02.08.2021 00:04:06.653,0.73404,0.7339100000000001,2.25,1
02.08.2021 00:04:06.828,0.7340300000000001,0.73392,2.37,1
02.08.2021 00:04:07.744,0.73405,0.73395,3.87,1.5
02.08.2021 00:04:07.947,0.73405,0.73395,1.12,1.5
02.08.2021 00:04:08.099,0.7340800000000001,0.734,1.12,1
02.08.2021 00:04:08.200,0.7341000000000001,0.73399,3.69,1.5
02.08.2021 00:04:08.251,0.7341000000000001,0.73399,1.25,1.5
02.08.2021 00:04:08.504,0.73407,0.73397,1.5,2
02.08.2021 00:04:08.605,0.73407,0.73397,1.87,1.5
02.08.2021 00:04:10.923,0.73409,0.73397,2,3.07
02.08.2021 00:04:11.025,0.73411,0.7339800000000001,3.12,1
02.08.2021 00:04:11.141,0.7341000000000001,0.73399,2.62,1
02.08.2021 00:04:11.385,0.73411,0.734,2,1.5
02.08.2021 00:04:13.248,0.73411,0.734,1.87,1.5
02.08.2021 00:04:16.250,0.73412,0.734,1.12,1.25
02.08.2021 00:04:16.774,0.73412,0.73401,1.12,2.51
02.08.2021 00:04:16.926,0.73412,0.73402,1.12,1
02.08.2021 00:04:17.079,0.7341300000000001,0.734,1.5,2.89
02.08.2021 00:04:18.787,0.73414,0.73401,2.75,1
02.08.2021 00:04:19.824,0.73414,0.73401,2.62,1
02.08.2021 00:04:20.294,0.7341500000000001,0.73404,2.75,1
02.08.2021 00:04:20.395,0.73417,0.73404,1.5,1.69
02.08.2021 00:04:20.547,0.73417,0.73404,1.12,1.69
02.08.2021 00:04:23.387,0.73416,0.73405,2,1
02.08.2021 00:04:24.148,0.73417,0.73405,2.75,3.51
02.08.2021 00:04:24.249,0.73417,0.73406,1.87,1.25
02.08.2021 00:04:25.025,0.73422,0.7341000000000001,3.5,1
02.08.2021 00:04:25.227,0.73422,0.7341000000000001,1.12,1
02.08.2021 00:04:28.598,0.73418,0.73406,1.69,2
02.08.2021 00:04:28.701,0.73418,0.73405,4.25,1.5
02.08.2021 00:04:29.360,0.73416,0.73405,2,2.25
02.08.2021 00:04:29.462,0.7341300000000001,0.73401,1.5,1.5
02.08.2021 00:04:29.563,0.7341300000000001,0.73402,2.37,1
02.08.2021 00:04:29.666,0.73412,0.73401,2.62,2.44
02.08.2021 00:04:29.774,0.73412,0.73401,1.5,2.44
02.08.2021 00:04:30.180,0.7341300000000001,0.7340300000000001,1.5,1
02.08.2021 00:04:30.231,0.73414,0.73404,1.31,1
02.08.2021 00:04:30.433,0.7341500000000001,0.73404,1.12,2.25
02.08.2021 00:04:31.202,0.7341500000000001,0.73405,1.12,1
02.08.2021 00:04:32.938,0.73417,0.73405,1.12,1
02.08.2021 00:04:33.143,0.73419,0.73409,4.25,1
02.08.2021 00:04:33.244,0.73417,0.73407,2,3.19
02.08.2021 00:04:33.876,0.73419,0.73409,1.5,1
02.08.2021 00:04:34.079,0.7342000000000001,0.73409,1,1.69
02.08.2021 00:04:41.096,0.7342000000000001,0.7340800000000001,4.95,2.62
02.08.2021 00:04:41.147,0.73417,0.73407,1.5,2
02.08.2021 00:04:41.299,0.73418,0.73406,2.62,1
02.08.2021 00:04:41.400,0.73417,0.73407,2.75,1
02.08.2021 00:04:42.684,0.73417,0.73407,2.62,1
02.08.2021 00:04:45.785,0.73421,0.7340800000000001,4.25,1.5
02.08.2021 00:04:45.936,0.7342000000000001,0.7341000000000001,1,1
02.08.2021 00:04:45.987,0.73421,0.7341000000000001,2,1
02.08.2021 00:04:50.479,0.73417,0.73407,1.5,1.87
02.08.2021 00:04:50.632,0.73418,0.73406,2,1.5
02.08.2021 00:04:50.784,0.73414,0.73405,1,1.12
02.08.2021 00:04:50.885,0.73414,0.7340300000000001,1,2.51
02.08.2021 00:04:52.209,0.7341300000000001,0.734,2.25,2.06
02.08.2021 00:04:52.310,0.73412,0.73401,2.75,1.5
02.08.2021 00:04:53.250,0.73412,0.73401,1.12,2.44
02.08.2021 00:04:53.865,0.73412,0.73401,3.5,1.69
02.08.2021 00:04:56.986,0.73411,0.73401,1.5,1
02.08.2021 00:05:00.341,0.73411,0.73399,2,2.44
02.08.2021 00:05:02.661,0.73411,0.73399,1.87,2.44
02.08.2021 00:05:02.762,0.73411,0.73399,2,2.44
02.08.2021 00:05:03.596,0.73411,0.73399,2.25,2.44
02.08.2021 00:05:06.783,0.73412,0.7339800000000001,2,2.44
02.08.2021 00:05:08.954,0.73411,0.73401,1.62,1
02.08.2021 00:05:10.415,0.73411,0.73401,1.12,1
02.08.2021 00:05:11.226,0.73412,0.73401,1.87,1.5
02.08.2021 00:05:11.328,0.7341500000000001,0.73405,1.25,1.69
02.08.2021 00:05:11.379,0.73417,0.73407,2.19,1
02.08.2021 00:05:11.480,0.73417,0.73407,2.62,1
02.08.2021 00:05:11.834,0.73417,0.73407,2.75,1
02.08.2021 00:05:13.718,0.73417,0.73407,2.25,1
02.08.2021 00:05:14.133,0.73417,0.73407,2.75,1
02.08.2021 00:05:17.182,0.7341500000000001,0.73406,1.12,1
02.08.2021 00:05:17.283,0.73416,0.73404,1.12,1
02.08.2021 00:05:17.670,0.7341500000000001,0.73402,1.12,1
02.08.2021 00:05:17.771,0.73414,0.73402,1.12,2.7
02.08.2021 00:05:20.495,0.73414,0.73402,2,2.32
02.08.2021 00:05:24.412,0.73414,0.73402,1.87,2.32
02.08.2021 00:05:25.885,0.7341500000000001,0.73402,1.12,1
02.08.2021 00:05:27.257,0.7341500000000001,0.73401,1.87,2.7
02.08.2021 00:05:28.577,0.73414,0.73402,2.75,2.32
02.08.2021 00:05:28.679,0.7341300000000001,0.73401,3,1
02.08.2021 00:05:28.780,0.73412,0.73402,3.5,1
02.08.2021 00:05:30.133,0.73411,0.734,1,1
02.08.2021 00:05:31.127,0.7341000000000001,0.73399,1.12,2.32
02.08.2021 00:05:40.381,0.7341000000000001,0.73397,1,1.87
02.08.2021 00:05:44.256,0.73409,0.73397,1,2.89
02.08.2021 00:05:46.306,0.73406,0.73397,1,1.75
02.08.2021 00:05:46.407,0.73404,0.7339600000000001,1.87,1
02.08.2021 00:05:46.458,0.73402,0.73392,1,3.37
02.08.2021 00:05:46.560,0.73402,0.7339100000000001,1,1
02.08.2021 00:05:46.661,0.734,0.7339100000000001,1,1.12
02.08.2021 00:05:47.304,0.73402,0.7339100000000001,2.75,1.5
02.08.2021 00:05:53.702,0.73402,0.7339100000000001,3.37,1
02.08.2021 00:06:00.774,0.7340300000000001,0.7339,3.5,1
02.08.2021 00:06:01.991,0.73401,0.7339,1.12,1.57
02.08.2021 00:06:02.369,0.73401,0.73389,3.94,2.62
02.08.2021 00:06:02.470,0.73401,0.73389,3.31,2.25
02.08.2021 00:06:08.490,0.7339600000000001,0.73387,1,1.5
02.08.2021 00:06:08.591,0.73397,0.73384,1.87,3.45
02.08.2021 00:06:08.693,0.7339600000000001,0.7338300000000001,1,4.81
02.08.2021 00:06:08.795,0.73394,0.7338300000000001,2.25,1.87
02.08.2021 00:06:08.846,0.73392,0.7338300000000001,1,1.12
02.08.2021 00:06:08.897,0.73394,0.73382,2.25,3.57
02.08.2021 00:06:08.948,0.73392,0.73382,1,1.95
02.08.2021 00:06:10.109,0.73395,0.73382,1.87,2.25
02.08.2021 00:06:10.211,0.7339300000000001,0.7338300000000001,1,1
02.08.2021 00:06:11.017,0.7339300000000001,0.73382,1,2.62
02.08.2021 00:06:11.069,0.7339100000000001,0.7338100000000001,1.5,1.5
02.08.2021 00:06:11.222,0.7339100000000001,0.7338100000000001,1.87,1
02.08.2021 00:06:14.635,0.73389,0.7338100000000001,1,1
02.08.2021 00:06:25.293,0.7339100000000001,0.7338100000000001,1,1
02.08.2021 00:06:31.348,0.7339100000000001,0.73379,3,1
02.08.2021 00:06:31.502,0.7339,0.73379,3.75,1
02.08.2021 00:06:31.604,0.7339,0.7338,1,1
02.08.2021 00:06:42.981,0.7339100000000001,0.7338,1.5,1.87
02.08.2021 00:06:46.981,0.7339,0.7337800000000001,3.82,2.75
02.08.2021 00:06:47.032,0.7338800000000001,0.73375,1,3
02.08.2021 00:06:47.133,0.73382,0.73375,1.5,1
02.08.2021 00:06:47.184,0.7338100000000001,0.7337100000000001,1.5,1.5
02.08.2021 00:06:47.557,0.73382,0.73369,2.62,3
02.08.2021 00:06:48.329,0.7338100000000001,0.73369,4.2,2.81
02.08.2021 00:06:48.381,0.73379,0.73369,2.44,1
02.08.2021 00:06:48.483,0.73379,0.7336600000000001,1.69,1.87
02.08.2021 00:06:49.835,0.7338,0.73369,1.5,2.62
02.08.2021 00:06:49.936,0.7338,0.7337,1,1
02.08.2021 00:06:58.673,0.73379,0.73369,1,1.12
02.08.2021 00:06:59.884,0.73379,0.73368,1.5,1.87
02.08.2021 00:06:59.985,0.7337800000000001,0.73367,2.25,1.5
02.08.2021 00:07:00.036,0.73377,0.7336600000000001,4.87,1
02.08.2021 00:07:00.087,0.73375,0.73365,1,1.5
02.08.2021 00:07:00.188,0.7337300000000001,0.73364,2.25,1.5
02.08.2021 00:07:00.239,0.7337300000000001,0.7336100000000001,1.5,1
02.08.2021 00:07:00.442,0.7337100000000001,0.73362,1,1
02.08.2021 00:07:00.750,0.73372,0.7336,1,1.12
02.08.2021 00:07:09.195,0.7337300000000001,0.73364,1.62,1
02.08.2021 00:07:09.296,0.73375,0.73364,1,1.5
02.08.2021 00:07:09.397,0.73375,0.73364,2.06,1.5
02.08.2021 00:07:10.006,0.73374,0.73364,1.25,1
02.08.2021 00:07:12.468,0.73372,0.7336100000000001,2.44,2.62
02.08.2021 00:07:12.569,0.7337100000000001,0.7336100000000001,1.69,1.12
02.08.2021 00:07:12.671,0.73372,0.73359,2.81,3
02.08.2021 00:07:12.924,0.73372,0.73359,3.69,2.25
02.08.2021 00:07:14.666,0.73372,0.73359,1.31,2.25
02.08.2021 00:07:14.767,0.7337300000000001,0.73362,1.81,1
02.08.2021 00:07:14.868,0.73374,0.73363,1.39,1
02.08.2021 00:07:15.962,0.73375,0.73365,1.31,1
02.08.2021 00:07:16.214,0.73377,0.73364,1.39,1.5
02.08.2021 00:07:16.902,0.73375,0.73365,2.37,1
02.08.2021 00:07:17.003,0.73375,0.73365,1.12,1
02.08.2021 00:07:17.841,0.7337600000000001,0.73365,2.06,1.5
02.08.2021 00:07:21.351,0.73375,0.73365,1.25,1
02.08.2021 00:07:21.452,0.73375,0.73364,1.31,1.5
02.08.2021 00:07:22.045,0.7337300000000001,0.73363,1.12,1
02.08.2021 00:07:22.349,0.7337300000000001,0.73365,1,1
02.08.2021 00:07:22.450,0.73377,0.73364,1.31,1.5
02.08.2021 00:07:22.602,0.73377,0.7336600000000001,3.26,1
02.08.2021 00:07:22.968,0.73377,0.73364,1.31,2.25
02.08.2021 00:07:24.914,0.73377,0.7336600000000001,3.51,1
02.08.2021 00:07:25.237,0.7337800000000001,0.73368,1.69,1
02.08.2021 00:07:25.338,0.73379,0.7337,1,1
02.08.2021 00:07:25.440,0.7337800000000001,0.7337,1,1.87
02.08.2021 00:07:25.490,0.7338300000000001,0.7337,3.19,1
02.08.2021 00:07:25.592,0.73382,0.73372,1.69,1
02.08.2021 00:07:26.230,0.73382,0.7337100000000001,3.81,1.5
02.08.2021 00:07:29.213,0.73382,0.7337100000000001,5.31,1
02.08.2021 00:07:29.314,0.7338,0.7337,1.25,1.5
02.08.2021 00:07:30.382,0.73382,0.7337,4.56,2.25
02.08.2021 00:07:30.483,0.73382,0.7337100000000001,5.31,1
02.08.2021 00:07:31.652,0.7338,0.7337100000000001,1.94,1
02.08.2021 00:07:31.753,0.7338,0.7337,2.69,1
02.08.2021 00:07:32.271,0.7338,0.73369,2.69,1
02.08.2021 00:07:36.944,0.73379,0.73369,1.5,1
02.08.2021 00:07:37.046,0.73379,0.73368,1.5,1.87
02.08.2021 00:07:37.509,0.7338,0.73368,3.44,1.87
02.08.2021 00:07:38.926,0.73379,0.73367,2.69,1.5
02.08.2021 00:07:39.089,0.73379,0.73368,1.25,1
02.08.2021 00:07:39.191,0.7338,0.73367,1.94,1
02.08.2021 00:07:39.292,0.7338,0.7336600000000001,3.44,2.62
02.08.2021 00:07:39.393,0.73379,0.73368,2.69,1
02.08.2021 00:07:39.494,0.73379,0.73368,1.69,1
02.08.2021 00:07:41.129,0.73379,0.73368,2.69,1
02.08.2021 00:07:41.230,0.7338,0.73367,1.69,1
02.08.2021 00:07:41.540,0.73379,0.73367,2.76,2.62
02.08.2021 00:07:41.655,0.73379,0.73367,1.76,2.62
02.08.2021 00:07:42.770,0.73379,0.73368,1.25,1.5
02.08.2021 00:07:42.872,0.73379,0.73368,2.69,1
02.08.2021 00:07:42.974,0.7338,0.7336600000000001,3.51,1.12
02.08.2021 00:07:44.498,0.7337800000000001,0.7336600000000001,1.69,1.87
02.08.2021 00:07:44.600,0.7337800000000001,0.73367,1.25,1.5
02.08.2021 00:07:45.459,0.73379,0.73367,1.76,1
02.08.2021 00:07:46.128,0.73379,0.73367,2.69,1.87
02.08.2021 00:07:47.143,0.7338,0.7336600000000001,1.76,1
02.08.2021 00:07:47.295,0.7338,0.7336600000000001,3.51,1.87
02.08.2021 00:07:47.397,0.73379,0.73368,1.25,1.87
02.08.2021 00:07:47.498,0.7338100000000001,0.7337,2.7,1
02.08.2021 00:07:47.801,0.7338,0.7337,1,1
02.08.2021 00:07:47.902,0.7338100000000001,0.7337,2.25,1.5
02.08.2021 00:07:48.416,0.73385,0.73374,2.75,1.5
02.08.2021 00:07:48.467,0.73385,0.7337600000000001,1.12,1.5
02.08.2021 00:07:48.568,0.73385,0.73377,1,2.25
02.08.2021 00:07:48.770,0.73389,0.73377,1,2.62
02.08.2021 00:07:49.718,0.7339,0.7337800000000001,4.19,1.2
02.08.2021 00:07:49.921,0.73389,0.73377,2.44,2.7
02.08.2021 00:07:50.023,0.73389,0.7337800000000001,1.25,1
02.08.2021 00:07:50.125,0.7339100000000001,0.73377,2.51,1.12
02.08.2021 00:07:50.297,0.7339,0.7337800000000001,3.51,1.12
02.08.2021 00:07:50.499,0.7339,0.7337600000000001,1.87,2.7
02.08.2021 00:07:50.762,0.73389,0.73377,1.5,2.82
02.08.2021 00:07:50.964,0.73389,0.73377,1.5,2.7
02.08.2021 00:07:51.065,0.73389,0.7337600000000001,1,1.95
02.08.2021 00:07:52.075,0.7338800000000001,0.7337600000000001,1,1
02.08.2021 00:07:52.286,0.7338600000000001,0.7337600000000001,1,1
02.08.2021 00:07:52.388,0.7338600000000001,0.73375,1.25,2.25
02.08.2021 00:07:52.489,0.7338600000000001,0.7337300000000001,1.69,1
02.08.2021 00:07:52.609,0.73384,0.7337300000000001,1.25,2.62
02.08.2021 00:07:53.961,0.73384,0.73374,1.25,1
02.08.2021 00:07:54.063,0.73384,0.73375,1,1
02.08.2021 00:07:54.265,0.7338600000000001,0.73375,2.76,1
02.08.2021 00:07:55.103,0.73389,0.73375,1.57,1
02.08.2021 00:07:55.205,0.7338800000000001,0.7337800000000001,1,1
02.08.2021 00:07:55.458,0.73389,0.7337800000000001,1.25,1
02.08.2021 00:07:55.679,0.73389,0.73379,1,1
02.08.2021 00:07:55.781,0.7339,0.73379,4.01,1
02.08.2021 00:07:56.101,0.7339,0.7338100000000001,1,1
02.08.2021 00:07:56.203,0.7339,0.7338300000000001,1,1
02.08.2021 00:07:56.255,0.7339600000000001,0.7338300000000001,2.24,1
02.08.2021 00:07:56.357,0.73395,0.73384,1.76,1
02.08.2021 00:07:56.661,0.73395,0.73385,1.76,1
02.08.2021 00:07:56.966,0.7339800000000001,0.7339,2.06,1
02.08.2021 00:07:57.017,0.73401,0.73389,3.07,1
02.08.2021 00:07:59.052,0.73399,0.7339,1,1
02.08.2021 00:07:59.640,0.73399,0.73389,1,1
02.08.2021 00:08:01.434,0.73397,0.7338600000000001,1,2
02.08.2021 00:08:01.586,0.7339600000000001,0.73387,1,1.5
02.08.2021 00:08:01.688,0.73394,0.73387,1,1.5
02.08.2021 00:08:07.753,0.7339100000000001,0.73382,1,2.94
02.08.2021 00:08:07.854,0.73392,0.73382,1.5,2.75
02.08.2021 00:08:07.955,0.7339,0.73382,1,2.25
02.08.2021 00:08:08.107,0.7339,0.7338100000000001,1,1.5
02.08.2021 00:08:09.366,0.7338800000000001,0.73377,1,2
02.08.2021 00:08:09.519,0.7338600000000001,0.7337600000000001,1,2
02.08.2021 00:08:09.570,0.73384,0.7337600000000001,1,1.5
02.08.2021 00:08:12.136,0.73385,0.7337600000000001,1,1.5
02.08.2021 00:08:12.237,0.73389,0.7338,2,1.25
02.08.2021 00:08:12.339,0.7339,0.7338,1,1
02.08.2021 00:08:12.440,0.7339,0.7338100000000001,1,1
02.08.2021 00:08:13.192,0.7339100000000001,0.73382,1,1
02.08.2021 00:08:13.495,0.7339100000000001,0.7338300000000001,1,1
02.08.2021 00:08:13.596,0.7339100000000001,0.73382,1,1
02.08.2021 00:08:14.350,0.73389,0.7338,1,1
02.08.2021 00:08:20.369,0.73389,0.73379,1,1.5
02.08.2021 00:08:20.974,0.7338800000000001,0.73377,2.25,1
02.08.2021 00:08:21.075,0.7338600000000001,0.7337600000000001,1,1
02.08.2021 00:08:24.918,0.7338600000000001,0.73375,1,1
02.08.2021 00:08:26.779,0.73387,0.7337600000000001,1,1
02.08.2021 00:08:26.981,0.73387,0.73377,1.5,1
02.08.2021 00:08:27.083,0.7339,0.7338,2.19,1
02.08.2021 00:08:27.134,0.7339,0.7338,1,2.44
02.08.2021 00:08:27.235,0.73392,0.7338100000000001,1,1
02.08.2021 00:08:31.341,0.7339100000000001,0.7338100000000001,1,1
02.08.2021 00:08:31.443,0.7339,0.7338,1.5,1.5
02.08.2021 00:08:31.544,0.7339,0.7338,1.5,1
02.08.2021 00:08:32.843,0.7339,0.7338100000000001,1,1
02.08.2021 00:08:40.003,0.7339,0.7338,1.5,1.5
02.08.2021 00:08:40.104,0.73389,0.73379,1,1.12
02.08.2021 00:08:41.093,0.7338800000000001,0.7337800000000001,1,1
02.08.2021 00:08:41.195,0.73387,0.7337800000000001,1,1.12
02.08.2021 00:08:41.792,0.7338600000000001,0.7337800000000001,1,1
02.08.2021 00:08:42.923,0.73385,0.7337800000000001,1,1
02.08.2021 00:08:43.337,0.73385,0.73377,1,1
02.08.2021 00:08:43.439,0.7338600000000001,0.73375,1,1
02.08.2021 00:08:51.369,0.73384,0.73374,1.5,1.12
02.08.2021 00:08:51.470,0.73385,0.73375,2.44,1
02.08.2021 00:08:52.209,0.7338600000000001,0.73375,1,1
02.08.2021 00:08:52.361,0.73387,0.73375,1,1
02.08.2021 00:08:52.412,0.73387,0.73379,1,1
02.08.2021 00:08:52.514,0.73389,0.7338,1.5,1
02.08.2021 00:08:53.032,0.73389,0.7338100000000001,1.5,1
02.08.2021 00:08:53.184,0.7339,0.7338100000000001,1,1
02.08.2021 00:08:53.769,0.73389,0.7338100000000001,1,1
02.08.2021 00:08:54.124,0.73387,0.7337800000000001,2.25,1.5
02.08.2021 00:08:54.226,0.7338600000000001,0.73377,1,1
02.08.2021 00:08:54.328,0.73387,0.7337800000000001,1.12,1
02.08.2021 00:08:54.431,0.73389,0.7338,1.5,1
02.08.2021 00:08:55.530,0.73389,0.73379,1.5,1
02.08.2021 00:08:58.484,0.73389,0.7338,1,1
02.08.2021 00:08:58.737,0.7339,0.7338,1,1
02.08.2021 00:09:00.527,0.7338800000000001,0.7337800000000001,1.5,1
02.08.2021 00:09:00.629,0.73387,0.7337800000000001,2.25,1
02.08.2021 00:09:00.881,0.7339,0.7337800000000001,1.5,1.25
02.08.2021 00:09:00.983,0.7339100000000001,0.73379,1.12,1.25
02.08.2021 00:09:01.084,0.73392,0.73379,1.5,1.69
02.08.2021 00:09:08.710,0.73394,0.7338300000000001,6.37,2.25
02.08.2021 00:09:08.811,0.7339600000000001,0.7338600000000001,2,1
02.08.2021 00:09:08.913,0.7339600000000001,0.7338600000000001,1.5,1
02.08.2021 00:09:10.164,0.73395,0.73384,1.5,3.19
02.08.2021 00:09:10.265,0.73394,0.73384,1,2.44
02.08.2021 00:09:10.997,0.73392,0.7338300000000001,2.25,1.25
02.08.2021 00:09:11.215,0.7339600000000001,0.7338600000000001,5.37,1
02.08.2021 00:09:11.418,0.7339600000000001,0.7338600000000001,1.5,1.25
02.08.2021 00:09:11.571,0.73397,0.73387,1.5,1
02.08.2021 00:09:12.960,0.73397,0.7338600000000001,1,1
02.08.2021 00:09:13.571,0.7339600000000001,0.73385,1.5,2.44
02.08.2021 00:09:14.282,0.7339600000000001,0.7338600000000001,1,1.25
02.08.2021 00:09:16.968,0.73397,0.7338600000000001,1,1
02.08.2021 00:09:17.019,0.7339800000000001,0.73387,1.87,2.5
02.08.2021 00:09:17.121,0.73397,0.73387,2.25,1.69
02.08.2021 00:09:19.775,0.7339600000000001,0.73387,1,1
02.08.2021 00:09:23.783,0.73394,0.7338300000000001,1.87,1
02.08.2021 00:09:23.885,0.73392,0.73382,1,1.87
02.08.2021 00:09:25.998,0.7339300000000001,0.73382,3,1
02.08.2021 00:09:26.664,0.73395,0.73385,4.87,1
02.08.2021 00:09:26.766,0.7339600000000001,0.73385,1.87,1.25
02.08.2021 00:09:28.951,0.7339600000000001,0.7338600000000001,1.12,1.25
02.08.2021 00:09:30.449,0.7339600000000001,0.73385,1.69,1
02.08.2021 00:09:30.550,0.73395,0.73385,1.25,1
02.08.2021 00:09:32.776,0.73394,0.73385,1,1
02.08.2021 00:09:41.054,0.73395,0.73384,1.87,1.69
02.08.2021 00:09:41.156,0.73395,0.73385,1.5,1
02.08.2021 00:09:41.307,0.7339600000000001,0.7338600000000001,1.5,1
02.08.2021 00:09:47.816,0.73399,0.73389,1.5,1.5
02.08.2021 00:09:47.867,0.734,0.7339,1,1
02.08.2021 00:09:47.968,0.73401,0.7339,1.5,1.5
02.08.2021 00:09:48.194,0.73404,0.7339300000000001,1.5,1
02.08.2021 00:09:48.296,0.73404,0.73394,1,1.5
02.08.2021 00:09:48.398,0.73407,0.73394,2,1.69
02.08.2021 00:09:48.499,0.73406,0.73395,1.5,1.69
02.08.2021 00:09:48.702,0.73405,0.73395,1,1
02.08.2021 00:09:49.108,0.73404,0.73395,1,1
02.08.2021 00:09:49.967,0.73404,0.73394,1,1.5
02.08.2021 00:09:51.493,0.73404,0.73395,1,1
02.08.2021 00:09:51.595,0.7340300000000001,0.7339100000000001,3.37,1.12
02.08.2021 00:09:51.696,0.73402,0.7339,1.5,1
02.08.2021 00:10:00.619,0.73399,0.7338800000000001,1.12,2
02.08.2021 00:10:00.722,0.73397,0.73387,3.75,1.5
02.08.2021 00:10:00.773,0.73397,0.73387,4.12,1
02.08.2021 00:10:01.854,0.7339800000000001,0.73385,1.5,1.5
02.08.2021 00:10:03.181,0.7339800000000001,0.73387,1.12,1.5
02.08.2021 00:10:03.282,0.734,0.7339,1.5,1.5
02.08.2021 00:10:03.384,0.73401,0.7339,1.87,1.5
02.08.2021 00:10:06.085,0.73404,0.73394,4.25,1.94
02.08.2021 00:10:06.186,0.73404,0.7339600000000001,2.75,1
02.08.2021 00:10:06.288,0.73406,0.7339600000000001,1.5,1
02.08.2021 00:10:06.960,0.73407,0.7339600000000001,3.37,1.5
02.08.2021 00:10:08.217,0.73407,0.73397,3.37,1
02.08.2021 00:10:09.207,0.73409,0.73399,4.25,1.25
02.08.2021 00:10:09.409,0.7341000000000001,0.73399,1.12,1.69
02.08.2021 00:10:09.827,0.73411,0.73399,2.62,1.69
02.08.2021 00:10:10.999,0.7341000000000001,0.73399,1.5,1.5
02.08.2021 00:10:11.823,0.73412,0.7339800000000001,5.25,1.5
02.08.2021 00:10:13.577,0.73411,0.73401,1.87,1
02.08.2021 00:10:18.012,0.7341000000000001,0.73401,1,1
02.08.2021 00:10:18.063,0.7340800000000001,0.73397,1.57,2
02.08.2021 00:10:18.165,0.7340800000000001,0.7339600000000001,1.5,1.5
02.08.2021 00:10:37.516,0.7340300000000001,0.7339300000000001,1.1,1.69
02.08.2021 00:10:37.619,0.7340300000000001,0.7339100000000001,1.5,1.5
02.08.2021 00:10:38.583,0.7340300000000001,0.73392,2.89,1.5
02.08.2021 00:10:40.673,0.73402,0.73392,1.2,1.5
02.08.2021 00:10:40.776,0.7340300000000001,0.7339300000000001,1,2.25
02.08.2021 00:10:40.877,0.73404,0.73394,1,1.5
02.08.2021 00:10:40.979,0.73405,0.73395,1,1
02.08.2021 00:10:41.081,0.73405,0.7339600000000001,1,1
02.08.2021 00:10:41.480,0.73407,0.7339600000000001,3.26,1.5
02.08.2021 00:10:45.303,0.73409,0.734,2.5,1
02.08.2021 00:10:45.405,0.73409,0.73401,2.5,1
02.08.2021 00:10:45.607,0.73412,0.73401,1.1,1
02.08.2021 00:10:55.105,0.7341300000000001,0.73401,4.2,2.25
02.08.2021 00:10:56.395,0.73412,0.73401,1.5,2.32
02.08.2021 00:11:02.605,0.7341300000000001,0.73401,5.7,2.25
02.08.2021 00:11:03.311,0.73412,0.73401,1.5,3.64
02.08.2021 00:11:04.116,0.73414,0.73404,1,2.62
02.08.2021 00:11:04.217,0.7341500000000001,0.73404,2.25,2.62
02.08.2021 00:11:04.387,0.73416,0.73405,1.5,1
02.08.2021 00:11:04.488,0.73416,0.73404,1,1.57
02.08.2021 00:11:10.025,0.7341500000000001,0.73404,1,2.7
02.08.2021 00:11:19.617,0.7341500000000001,0.73405,1,1
02.08.2021 00:11:19.668,0.73417,0.73406,2.7,1
02.08.2021 00:11:21.056,0.73418,0.73406,2.62,1
02.08.2021 00:11:21.157,0.7342000000000001,0.73407,5.37,1.01
02.08.2021 00:11:21.208,0.7342000000000001,0.7341000000000001,1,1
02.08.2021 00:11:21.309,0.73421,0.7341000000000001,1.2,1
02.08.2021 00:11:21.512,0.7342000000000001,0.7340800000000001,1,1.5
02.08.2021 00:11:21.714,0.7342000000000001,0.73409,1.12,1.5
02.08.2021 00:11:21.816,0.73421,0.73411,1.12,1
02.08.2021 00:11:21.917,0.73424,0.73411,2.45,2.25
02.08.2021 00:11:22.019,0.73424,0.73414,1.5,1
02.08.2021 00:11:24.516,0.7342500000000001,0.7341500000000001,1,1.5
02.08.2021 00:11:24.618,0.7342500000000001,0.73414,1,1.12
02.08.2021 00:11:27.896,0.73426,0.73416,1.12,1
02.08.2021 00:11:29.836,0.73426,0.7341500000000001,1.1,1
02.08.2021 00:11:30.710,0.73422,0.73412,1,2.75
02.08.2021 00:11:30.862,0.73422,0.73412,1.5,1.5
02.08.2021 00:11:30.964,0.73423,0.7341300000000001,1.12,1
02.08.2021 00:11:31.435,0.7342500000000001,0.7341300000000001,1,1.5
02.08.2021 00:11:36.932,0.73427,0.7341500000000001,2.62,2.25
02.08.2021 00:11:40.615,0.73427,0.73414,1,1.5
02.08.2021 00:11:42.075,0.7342500000000001,0.7341500000000001,1,1.5
02.08.2021 00:11:45.029,0.73426,0.7341500000000001,1,1.5
02.08.2021 00:11:45.473,0.73427,0.7341500000000001,3.37,3.19
02.08.2021 00:11:48.297,0.7342500000000001,0.73414,1.69,1
02.08.2021 00:11:48.348,0.73423,0.73412,1,2.14
02.08.2021 00:11:48.398,0.73424,0.73414,1,1.5
02.08.2021 00:11:48.601,0.73427,0.73414,2,1
02.08.2021 00:11:48.854,0.7342500000000001,0.73414,1,1.5
02.08.2021 00:11:52.359,0.73426,0.73414,1.95,2.44
02.08.2021 00:11:52.460,0.7342500000000001,0.73414,1,1.5
02.08.2021 00:11:54.665,0.73422,0.73412,1.5,1.87
02.08.2021 00:11:54.766,0.73423,0.73412,1.12,1.87
02.08.2021 00:11:54.868,0.7342500000000001,0.73414,2.82,1.5
02.08.2021 00:11:55.070,0.73427,0.7341300000000001,1.87,2.32
02.08.2021 00:11:56.168,0.73426,0.73414,1.5,2.82
02.08.2021 00:12:00.692,0.73426,0.73416,1.5,1
02.08.2021 00:12:00.794,0.73427,0.73417,1,1
02.08.2021 00:12:00.895,0.73428,0.73418,1.87,1.5
02.08.2021 00:12:01.148,0.73427,0.73417,1.5,2.06
02.08.2021 00:12:01.250,0.73428,0.73417,2.62,1.69
02.08.2021 00:12:01.590,0.7343000000000001,0.73416,6.45,1.69
02.08.2021 00:12:01.803,0.73427,0.73417,1.5,1.69
02.08.2021 00:12:02.726,0.73429,0.73417,7.35,1
02.08.2021 00:12:02.828,0.73427,0.73417,1.5,1.5
02.08.2021 00:12:03.113,0.73429,0.73416,1,1.5
02.08.2021 00:12:03.765,0.73428,0.73416,1,1.5
02.08.2021 00:12:03.877,0.73427,0.73416,1.5,1.5
02.08.2021 00:12:13.802,0.73421,0.73412,1,3.94
02.08.2021 00:12:13.853,0.7342000000000001,0.73411,2.25,1.25
02.08.2021 00:12:13.955,0.73419,0.73411,2.25,1
02.08.2021 00:12:14.057,0.7342000000000001,0.7341000000000001,3.94,1.5
02.08.2021 00:12:17.084,0.73416,0.73407,1.5,1
02.08.2021 00:12:17.185,0.7341500000000001,0.73405,1.5,1.12
02.08.2021 00:12:17.489,0.73416,0.73405,1,2.25
02.08.2021 00:12:22.569,0.7341500000000001,0.73405,1,1.5
02.08.2021 00:12:23.128,0.73416,0.73405,1.12,2.25
02.08.2021 00:12:23.229,0.73416,0.73406,1,1
02.08.2021 00:12:25.506,0.73419,0.73409,4.62,1
02.08.2021 00:12:25.709,0.7342000000000001,0.7341000000000001,1.5,1
02.08.2021 00:12:26.949,0.7342000000000001,0.73409,2.62,1
02.08.2021 00:12:27.841,0.73419,0.7340800000000001,3.37,1
02.08.2021 00:12:27.997,0.73419,0.7340800000000001,3.87,1
02.08.2021 00:12:28.237,0.73416,0.73406,2.62,1
02.08.2021 00:12:28.389,0.7341500000000001,0.73406,1,1
02.08.2021 00:12:31.606,0.73414,0.7340300000000001,1,1
02.08.2021 00:12:31.707,0.7341300000000001,0.73402,1.5,1.12
02.08.2021 00:12:31.758,0.7341500000000001,0.7340300000000001,1,1
02.08.2021 00:12:31.809,0.73417,0.73407,5,1
02.08.2021 00:12:31.860,0.73417,0.73407,1,1
02.08.2021 00:12:31.961,0.73418,0.73407,3,1
02.08.2021 00:12:32.113,0.73418,0.73406,1.5,1
02.08.2021 00:12:32.466,0.73418,0.73407,3.07,1
02.08.2021 00:12:32.927,0.73417,0.73407,1.5,1
02.08.2021 00:12:33.165,0.73419,0.73406,1.5,1
02.08.2021 00:12:33.836,0.73417,0.73407,1.5,1
02.08.2021 00:12:33.989,0.73418,0.73407,4.69,1
02.08.2021 00:12:34.192,0.73418,0.7340800000000001,1,1
02.08.2021 00:12:34.294,0.73418,0.73407,1,2.32
02.08.2021 00:12:34.790,0.73418,0.73406,1.5,1
02.08.2021 00:12:34.891,0.73418,0.73407,1.87,1
02.08.2021 00:12:35.403,0.73418,0.73409,1,1
02.08.2021 00:12:36.296,0.73419,0.73407,1,1.5
02.08.2021 00:12:39.721,0.73419,0.7341000000000001,1,1
02.08.2021 00:12:39.823,0.73421,0.73411,1.12,1
02.08.2021 00:12:49.200,0.73421,0.7341000000000001,2.25,1
02.08.2021 00:12:50.648,0.73421,0.73411,1,1
02.08.2021 00:12:54.772,0.7342000000000001,0.73411,1,1
02.08.2021 00:12:59.796,0.7342000000000001,0.73412,1,1
02.08.2021 00:13:00.529,0.7342000000000001,0.73411,1,1
02.08.2021 00:13:01.015,0.73421,0.73411,1,1
02.08.2021 00:13:01.818,0.73422,0.73411,1.5,3.19
02.08.2021 00:13:01.919,0.73422,0.73412,1.5,1
02.08.2021 00:13:02.071,0.73424,0.7341300000000001,4.87,1
02.08.2021 00:13:02.173,0.73422,0.73412,1.5,1.5
02.08.2021 00:13:03.621,0.73421,0.73411,1,1
02.08.2021 00:13:05.169,0.7342000000000001,0.7341000000000001,1.5,1.5
02.08.2021 00:13:07.371,0.73422,0.73411,1,1
02.08.2021 00:13:07.523,0.73422,0.7341300000000001,1,1
02.08.2021 00:13:10.299,0.73422,0.73412,1,1.69
02.08.2021 00:13:12.728,0.73422,0.73411,2.25,2.81
02.08.2021 00:13:25.869,0.73423,0.73412,3,1.5
02.08.2021 00:13:27.189,0.73422,0.7341000000000001,1,2.51
02.08.2021 00:13:31.480,0.73422,0.73411,1,3.64
02.08.2021 00:13:32.069,0.73422,0.73412,1,1
02.08.2021 00:13:38.084,0.73422,0.73411,2.25,2.44
02.08.2021 00:13:41.269,0.73421,0.73411,1,1.69
02.08.2021 00:13:41.371,0.73421,0.7341000000000001,1,3.56
02.08.2021 00:13:48.827,0.73421,0.7341000000000001,1,4.64
02.08.2021 00:13:49.130,0.73422,0.73412,1,1
02.08.2021 00:13:49.332,0.73422,0.73412,1,2.5
02.08.2021 00:13:49.384,0.73424,0.7341300000000001,3,1.25
02.08.2021 00:13:49.485,0.73424,0.73414,1.12,1.5
02.08.2021 00:14:00.675,0.7342500000000001,0.73414,1,1
02.08.2021 00:14:00.776,0.7342500000000001,0.7341500000000001,1.12,1
02.08.2021 00:14:01.420,0.73426,0.7341500000000001,2.25,2.44
02.08.2021 00:14:02.096,0.73427,0.7341500000000001,1,2.81
02.08.2021 00:14:02.364,0.73427,0.73416,1.87,3.56
02.08.2021 00:14:03.650,0.73428,0.73419,1.12,2.32
02.08.2021 00:14:03.701,0.73431,0.7342000000000001,2.62,2.57
02.08.2021 00:14:04.512,0.73431,0.73421,2.25,1.82
02.08.2021 00:14:04.816,0.73431,0.73421,1.5,1.39
02.08.2021 00:14:05.315,0.73432,0.73419,2.25,3.64
02.08.2021 00:14:06.426,0.7343000000000001,0.7342000000000001,1,1.95
02.08.2021 00:14:06.578,0.73431,0.73418,1.5,3.64
02.08.2021 00:14:09.024,0.7343000000000001,0.7342000000000001,1.12,2.89
02.08.2021 00:14:11.325,0.7343000000000001,0.73419,1.5,3.64
02.08.2021 00:14:13.650,0.73431,0.73419,1.87,1
02.08.2021 00:14:14.644,0.73432,0.73422,1.5,1
02.08.2021 00:14:14.746,0.73433,0.73423,1.12,1
02.08.2021 00:14:14.847,0.73434,0.73423,1.87,2.81
02.08.2021 00:14:14.949,0.73434,0.73424,1,2.25
02.08.2021 00:14:15.447,0.73433,0.73421,2.25,1
02.08.2021 00:14:15.549,0.73432,0.73421,3.07,1.12
02.08.2021 00:14:16.105,0.73431,0.7342000000000001,1.87,3
02.08.2021 00:14:17.273,0.7343000000000001,0.7342000000000001,1,1
02.08.2021 00:14:19.901,0.73428,0.73416,2.25,2.19
02.08.2021 00:14:20.002,0.7342500000000001,0.73414,4.5,2.62
02.08.2021 00:14:20.104,0.73424,0.73414,1.12,1
02.08.2021 00:14:20.805,0.7342500000000001,0.73412,1,3.56
02.08.2021 00:14:25.572,0.73421,0.73412,1,2.44
02.08.2021 00:14:29.508,0.73419,0.73411,1.5,1
02.08.2021 00:14:29.559,0.73419,0.7340800000000001,1,1.12
02.08.2021 00:14:29.812,0.73419,0.73409,1.12,1.69
02.08.2021 00:14:29.913,0.7342000000000001,0.73409,1,1
02.08.2021 00:14:30.015,0.7342000000000001,0.7341000000000001,1.12,1.25
02.08.2021 00:14:30.116,0.7342000000000001,0.7341000000000001,1,2.12
02.08.2021 00:14:35.384,0.7342000000000001,0.73412,1,1.75
02.08.2021 00:14:35.485,0.73422,0.73411,1,1.25
02.08.2021 00:14:43.038,0.73421,0.73411,1,2.44
02.08.2021 00:14:46.920,0.73422,0.73412,2.7,1
02.08.2021 00:14:48.074,0.73422,0.73414,1,1
02.08.2021 00:14:48.175,0.7342500000000001,0.7341500000000001,1,3.19
02.08.2021 00:14:48.226,0.73427,0.7341500000000001,4.32,3.94
02.08.2021 00:14:54.458,0.7342500000000001,0.7341500000000001,1,1.5
02.08.2021 00:15:00.503,0.73426,0.7341500000000001,1.12,3.19
02.08.2021 00:15:07.036,0.73428,0.73416,2.62,1.25
02.08.2021 00:15:07.190,0.73427,0.73418,1.12,1
02.08.2021 00:15:07.292,0.73428,0.7342000000000001,1.12,1.69
02.08.2021 00:15:07.444,0.73429,0.7342000000000001,1.12,1
02.08.2021 00:15:07.596,0.7343000000000001,0.7342000000000001,1.12,1
02.08.2021 00:15:09.113,0.73431,0.73422,2,1
02.08.2021 00:15:09.164,0.73434,0.73423,1,1
02.08.2021 00:15:09.669,0.73433,0.7342500000000001,1,1
02.08.2021 00:15:09.941,0.7343500000000001,0.7342500000000001,1.12,1
02.08.2021 00:15:10.149,0.73434,0.7342500000000001,1,1
02.08.2021 00:15:11.037,0.73437,0.73427,2,1
02.08.2021 00:15:11.139,0.73439,0.73427,1.5,1
02.08.2021 00:15:11.241,0.73438,0.7343000000000001,1,1
02.08.2021 00:15:11.344,0.7344,0.73431,1.12,1
02.08.2021 00:15:12.336,0.7344100000000001,0.73431,1.5,1
02.08.2021 00:15:12.538,0.73443,0.7343500000000001,2.37,1
02.08.2021 00:15:12.589,0.73444,0.73432,1.62,1.69
02.08.2021 00:15:12.690,0.7344600000000001,0.73437,2,1
02.08.2021 00:15:12.741,0.7344600000000001,0.73437,1,1
02.08.2021 00:15:13.414,0.7344700000000001,0.73437,1.5,1
02.08.2021 00:15:13.986,0.7344700000000001,0.73439,1,1
02.08.2021 00:15:14.541,0.73448,0.73439,1.12,1
02.08.2021 00:15:14.642,0.73448,0.73437,3.37,1.69
02.08.2021 00:15:14.744,0.73449,0.7343600000000001,3.87,1.69
02.08.2021 00:15:15.252,0.7344600000000001,0.7343600000000001,1,2.25
02.08.2021 00:15:15.353,0.73443,0.73434,3,1
02.08.2021 00:15:15.454,0.73443,0.73433,3.75,1.5
02.08.2021 00:15:15.886,0.73445,0.7343600000000001,4.62,1
02.08.2021 00:15:15.988,0.73445,0.73438,1,1
02.08.2021 00:15:16.141,0.73445,0.73437,1,1
02.08.2021 00:15:16.313,0.7344700000000001,0.73437,1.5,1
02.08.2021 00:15:21.359,0.73448,0.7344,1.12,1.5
02.08.2021 00:15:21.511,0.7344700000000001,0.73438,1,1
02.08.2021 00:15:21.612,0.73448,0.7343500000000001,2.32,1.69
02.08.2021 00:15:22.801,0.7344600000000001,0.7343600000000001,1,1.25
02.08.2021 00:15:32.706,0.73445,0.7343600000000001,1,1.25
02.08.2021 00:15:32.757,0.73445,0.73433,1.12,1.5
02.08.2021 00:15:35.494,0.73443,0.73434,1,1
02.08.2021 00:15:35.926,0.73442,0.73433,1,1
02.08.2021 00:15:36.078,0.73445,0.73433,1.2,1
02.08.2021 00:15:39.342,0.73445,0.73434,1,1.69
02.08.2021 00:15:41.852,0.73444,0.7343600000000001,1,1.25
02.08.2021 00:15:42.225,0.73444,0.7343500000000001,1,2.44
02.08.2021 00:15:46.567,0.73444,0.7343600000000001,1,1
02.08.2021 00:15:52.780,0.73444,0.7343500000000001,1,1.5
02.08.2021 00:15:52.954,0.7344100000000001,0.73432,1,2.19
02.08.2021 00:15:53.106,0.7344100000000001,0.73432,1,1.69
02.08.2021 00:15:53.663,0.7344,0.7343000000000001,1,1.25
02.08.2021 00:16:00.219,0.7344,0.73428,1,4.37
02.08.2021 00:16:00.321,0.7344,0.7343000000000001,1.5,1.25
02.08.2021 00:16:01.385,0.7344100000000001,0.7343000000000001,2.32,2.69
02.08.2021 00:16:01.703,0.73443,0.73433,2.45,1.69
02.08.2021 00:16:01.805,0.73444,0.7343500000000001,1,1.25
02.08.2021 00:16:01.956,0.73445,0.7343500000000001,1,1.25
02.08.2021 00:16:02.058,0.7344600000000001,0.73434,1,1.94
02.08.2021 00:16:02.159,0.73448,0.7343600000000001,1.95,1
02.08.2021 00:16:02.694,0.73449,0.7343600000000001,2.7,1.94
02.08.2021 00:16:02.814,0.73449,0.7343600000000001,1.95,1.25
02.08.2021 00:16:02.917,0.73448,0.7343600000000001,1,1
02.08.2021 00:16:04.917,0.7344600000000001,0.73437,1,1
02.08.2021 00:16:05.707,0.7344600000000001,0.7343600000000001,1,1.69
02.08.2021 00:16:06.129,0.7344700000000001,0.7343600000000001,1.5,1.69
02.08.2021 00:16:06.180,0.7344700000000001,0.73438,1.5,1
02.08.2021 00:16:08.601,0.7345100000000001,0.73439,2.7,1
02.08.2021 00:16:08.702,0.73449,0.73439,1,1
02.08.2021 00:16:08.753,0.73448,0.73437,1,1
02.08.2021 00:16:08.854,0.7344700000000001,0.73437,1,1.69
02.08.2021 00:16:09.637,0.73448,0.73438,1.5,1
02.08.2021 00:16:09.738,0.73449,0.73439,1.5,1
02.08.2021 00:16:09.789,0.7345,0.73439,1,1.5
02.08.2021 00:16:09.890,0.7345200000000001,0.7344,1.5,1.5
02.08.2021 00:16:09.991,0.7345100000000001,0.7344100000000001,1,1.5
02.08.2021 00:16:12.519,0.7345,0.7344,1.5,1.25
02.08.2021 00:16:12.570,0.7345,0.73442,1.5,1
02.08.2021 00:16:13.309,0.7345100000000001,0.73442,1.87,1
02.08.2021 00:16:15.455,0.7345,0.73442,1,1
02.08.2021 00:16:17.910,0.7345100000000001,0.73442,1,1
02.08.2021 00:16:18.011,0.73454,0.73445,2,1
02.08.2021 00:16:18.113,0.73454,0.73445,1,1.25
02.08.2021 00:16:18.214,0.73455,0.73445,1.12,1.25
02.08.2021 00:16:18.569,0.73454,0.73445,1,1
02.08.2021 00:16:23.216,0.73453,0.73443,1.95,1
02.08.2021 00:16:23.318,0.7345200000000001,0.73442,1.1,1
02.08.2021 00:16:29.338,0.73454,0.73444,2.07,1
02.08.2021 00:16:29.440,0.73454,0.73445,2,1
02.08.2021 00:16:29.542,0.73454,0.73445,1,1
02.08.2021 00:16:31.677,0.73455,0.73445,1,1.25
02.08.2021 00:16:35.343,0.73455,0.7344600000000001,1,1
02.08.2021 00:16:36.112,0.7345700000000001,0.7344600000000001,1.95,1.25
02.08.2021 00:16:36.907,0.7345700000000001,0.73448,1.95,1
02.08.2021 00:16:37.675,0.7346100000000001,0.7345100000000001,1.5,1
02.08.2021 00:16:37.776,0.73462,0.7345100000000001,1.57,1
02.08.2021 00:16:39.586,0.73462,0.7345200000000001,1.5,1.25
02.08.2021 00:16:43.818,0.73462,0.7345100000000001,1,1.25
02.08.2021 00:17:00.028,0.73464,0.7345600000000001,1,1
02.08.2021 00:17:00.129,0.73465,0.7345700000000001,1,1
02.08.2021 00:17:00.433,0.7346600000000001,0.7345700000000001,1,1
02.08.2021 00:17:02.446,0.73467,0.73458,1.5,1
02.08.2021 00:17:03.712,0.73468,0.7346,1,1
02.08.2021 00:17:03.814,0.7347,0.73462,3.37,1
02.08.2021 00:17:06.996,0.73469,0.73458,3.45,1.5
02.08.2021 00:17:07.097,0.7346600000000001,0.73458,1,1
02.08.2021 00:17:07.350,0.7346600000000001,0.7345700000000001,1,1
02.08.2021 00:17:07.451,0.73465,0.73453,1.1,2.44
02.08.2021 00:17:07.502,0.73462,0.73454,1,1
02.08.2021 00:17:07.654,0.7346100000000001,0.73453,1,1
02.08.2021 00:17:11.127,0.7346600000000001,0.73455,1.87,1
02.08.2021 00:17:11.229,0.7346600000000001,0.73458,1.5,1
02.08.2021 00:17:11.330,0.7346600000000001,0.73458,1,1
02.08.2021 00:17:11.917,0.73467,0.73458,1,1
02.08.2021 00:17:12.174,0.7347,0.7346,2.37,1.5
02.08.2021 00:17:12.326,0.7347,0.73462,1,1
02.08.2021 00:17:19.181,0.73469,0.7346100000000001,1,1
02.08.2021 00:17:26.489,0.7347100000000001,0.7346,1.12,1
02.08.2021 00:17:27.359,0.73472,0.7346,1,1.25
02.08.2021 00:17:28.341,0.73472,0.7346100000000001,1,1
02.08.2021 00:17:30.871,0.7347100000000001,0.7346100000000001,1.12,1.25
02.08.2021 00:17:53.089,0.7347,0.7346,1,1
02.08.2021 00:17:53.424,0.73468,0.73458,3.07,1
02.08.2021 00:17:53.569,0.73468,0.7345700000000001,1.1,1
02.08.2021 00:18:03.124,0.73469,0.7346,1.5,1.25
02.08.2021 00:18:03.326,0.7347,0.7346,1,1.69
02.08.2021 00:18:03.782,0.73472,0.73459,1.95,2.44
02.08.2021 00:18:05.494,0.73468,0.7345700000000001,1.57,6.44
02.08.2021 00:18:05.595,0.73468,0.7345700000000001,4.2,2.81
02.08.2021 00:18:05.696,0.73467,0.7345700000000001,1.1,1
02.08.2021 00:18:06.239,0.73467,0.7345600000000001,2.7,2.25
02.08.2021 00:18:06.768,0.7346600000000001,0.7345600000000001,1,1.5
02.08.2021 00:18:09.117,0.73464,0.7345200000000001,3.07,1
02.08.2021 00:18:09.268,0.73463,0.7345200000000001,3.82,2.44
02.08.2021 00:18:09.370,0.73463,0.7345200000000001,3.95,2.44
02.08.2021 00:18:11.055,0.73464,0.73454,1.5,2.5
02.08.2021 00:18:11.156,0.73464,0.73454,1,3.19
02.08.2021 00:18:11.359,0.7346600000000001,0.73453,1.1,3.19
02.08.2021 00:18:11.937,0.73465,0.73455,1.1,1
02.08.2021 00:18:17.969,0.73465,0.73453,2.7,1
02.08.2021 00:18:18.072,0.73463,0.73453,1.57,1
02.08.2021 00:18:18.709,0.73463,0.73453,2.82,1
02.08.2021 00:18:18.760,0.73462,0.7345100000000001,1.95,3.19
02.08.2021 00:18:20.770,0.73462,0.7345200000000001,1.5,1.25
02.08.2021 00:18:20.922,0.73463,0.7345,1.5,4.07
02.08.2021 00:18:22.651,0.73462,0.7345100000000001,1.95,2.44
02.08.2021 00:18:25.382,0.73459,0.73449,1.25,2.25
02.08.2021 00:18:27.221,0.73459,0.7345,1.31,1
02.08.2021 00:18:33.529,0.7346,0.7345,2.06,1
02.08.2021 00:18:33.637,0.7346100000000001,0.7345,1,1
02.08.2021 00:18:34.245,0.7346100000000001,0.7345100000000001,1,1
02.08.2021 00:18:34.347,0.7346100000000001,0.7345200000000001,1,1
02.08.2021 00:18:36.905,0.73464,0.73455,2,1
02.08.2021 00:18:37.007,0.73464,0.7345700000000001,1,1
02.08.2021 00:18:37.925,0.73465,0.7345700000000001,1.5,1
02.08.2021 00:18:38.027,0.73465,0.73455,2.19,1
02.08.2021 00:18:39.371,0.73465,0.73455,2.06,1
02.08.2021 00:18:41.956,0.7346600000000001,0.73455,1,1
02.08.2021 00:18:42.057,0.7346600000000001,0.7345600000000001,1.87,1
02.08.2021 00:18:47.096,0.73465,0.7345600000000001,1.12,1
02.08.2021 00:18:47.147,0.73463,0.73455,1,1
02.08.2021 00:18:47.198,0.73463,0.7345100000000001,1,1.12
02.08.2021 00:18:47.451,0.73462,0.7345100000000001,2.81,2.44
02.08.2021 00:18:47.502,0.7346100000000001,0.7345,1.12,1
02.08.2021 00:18:47.856,0.7346,0.7345100000000001,1.5,1
02.08.2021 00:18:52.871,0.7346,0.7345100000000001,1,1
02.08.2021 00:18:52.921,0.7346,0.73449,1,2.32
02.08.2021 00:18:54.506,0.7346,0.73449,1,2.35
02.08.2021 00:18:54.607,0.7346100000000001,0.7345200000000001,1.5,1
02.08.2021 00:18:59.228,0.73463,0.7345200000000001,1,1.1
02.08.2021 00:18:59.380,0.73463,0.73455,1,1
02.08.2021 00:18:59.483,0.73465,0.73455,2.62,1
02.08.2021 00:18:59.585,0.73465,0.7345600000000001,1.5,1
02.08.2021 00:19:02.832,0.7346600000000001,0.7345600000000001,1.12,1
02.08.2021 00:19:09.133,0.73467,0.7345600000000001,1.87,1
02.08.2021 00:19:13.442,0.73467,0.73455,1,1
02.08.2021 00:19:15.728,0.73469,0.73459,4.25,4.5
02.08.2021 00:19:15.830,0.73467,0.73458,1.5,1
02.08.2021 00:19:17.891,0.73464,0.7345700000000001,1,1
02.08.2021 00:19:17.942,0.73464,0.73455,1,1
02.08.2021 00:19:18.785,0.73465,0.73455,1.12,1
02.08.2021 00:19:19.933,0.73465,0.7345600000000001,1.12,1
02.08.2021 00:19:20.957,0.7346600000000001,0.7345600000000001,1.5,1
02.08.2021 00:19:26.759,0.73465,0.7345600000000001,1,1
02.08.2021 00:19:34.178,0.73464,0.7345200000000001,3.37,1
02.08.2021 00:19:34.381,0.73463,0.73453,3.95,1
02.08.2021 00:19:41.359,0.7346,0.73453,1,1
02.08.2021 00:19:41.411,0.7345700000000001,0.73448,1,1.5
02.08.2021 00:19:41.563,0.73458,0.7344700000000001,3,1
02.08.2021 00:19:43.943,0.7345600000000001,0.7344700000000001,1,1
02.08.2021 00:19:44.045,0.73455,0.73445,1.5,1
02.08.2021 00:19:46.098,0.73455,0.73445,1.5,1
02.08.2021 00:19:47.317,0.7345600000000001,0.73444,1.12,1
02.08.2021 00:19:49.251,0.7345600000000001,0.7344700000000001,1.12,1
02.08.2021 00:19:50.792,0.7345700000000001,0.7344700000000001,1.12,1
02.08.2021 00:19:51.168,0.7346,0.73449,7.14,1.5
02.08.2021 00:19:51.270,0.7346100000000001,0.7345100000000001,1.87,1
02.08.2021 00:19:51.371,0.73462,0.73449,2.89,2.25
02.08.2021 00:19:51.472,0.73462,0.73449,3.01,2.25
02.08.2021 00:19:52.392,0.7346100000000001,0.7345200000000001,1.5,1
02.08.2021 00:19:53.451,0.73462,0.7345,2.44,1
02.08.2021 00:19:53.553,0.7346100000000001,0.7345100000000001,3.44,1
02.08.2021 00:19:58.116,0.73459,0.73448,3.56,1
02.08.2021 00:19:58.217,0.73458,0.7344700000000001,4.14,1.5
02.08.2021 00:20:00.311,0.73459,0.7344600000000001,2.44,1.5
02.08.2021 00:20:03.064,0.7345700000000001,0.7344700000000001,1,1
02.08.2021 00:20:04.896,0.73458,0.7344700000000001,2.06,1.5
02.08.2021 00:20:05.607,0.7345700000000001,0.7344700000000001,1.69,1.12
02.08.2021 00:20:27.220,0.73458,0.7344600000000001,2.69,1
02.08.2021 00:20:27.322,0.73455,0.7344600000000001,1,1
02.08.2021 00:20:27.626,0.73453,0.73444,2.06,1
02.08.2021 00:20:30.471,0.73454,0.73443,2.56,1
02.08.2021 00:20:30.942,0.73454,0.73442,2.56,1.5
02.08.2021 00:20:40.423,0.73454,0.73445,1,1
02.08.2021 00:20:40.526,0.73455,0.73445,1.12,1
02.08.2021 00:20:42.144,0.73453,0.73444,1.12,1
02.08.2021 00:20:42.809,0.73453,0.73443,3,1.5
02.08.2021 00:20:47.404,0.7345,0.73442,1.25,1
02.08.2021 00:20:47.455,0.7345100000000001,0.73439,3,1.5
02.08.2021 00:20:47.556,0.7345,0.7344,1.5,1
02.08.2021 00:20:47.657,0.7345100000000001,0.7344,3.81,1.5
02.08.2021 00:20:47.708,0.7345100000000001,0.73442,2.06,1
02.08.2021 00:20:47.759,0.7345100000000001,0.7344,2.06,1.5
02.08.2021 00:20:50.557,0.73449,0.7344,1.12,1
02.08.2021 00:20:50.608,0.73448,0.73438,3.19,1.5
02.08.2021 00:20:50.710,0.73448,0.73437,3.64,2.62
02.08.2021 00:20:50.811,0.73449,0.7343600000000001,5.64,2.25
02.08.2021 00:20:53.440,0.73449,0.7344,2.19,1
02.08.2021 00:20:53.491,0.73449,0.7344,1,1
02.08.2021 00:20:53.592,0.7345,0.73442,1,1.5
02.08.2021 00:20:53.714,0.7345200000000001,0.73442,2.81,1.5
02.08.2021 00:20:55.648,0.7345100000000001,0.7344100000000001,3.14,1.5
02.08.2021 00:20:58.299,0.7345200000000001,0.7344,2.14,1
02.08.2021 00:20:59.200,0.73448,0.7344100000000001,1.25,1
02.08.2021 00:20:59.252,0.7345,0.73438,3.44,1
02.08.2021 00:20:59.354,0.7345,0.73439,2.81,1.5
02.08.2021 00:21:00.221,0.7345200000000001,0.73439,1.87,2.25
02.08.2021 00:21:00.322,0.7345200000000001,0.7344,1,1
02.08.2021 00:21:04.559,0.7345200000000001,0.7344100000000001,2.89,1.5
02.08.2021 00:21:05.193,0.7345200000000001,0.7344,1,1.5
02.08.2021 00:21:05.295,0.7345,0.7344100000000001,1,1.5
02.08.2021 00:21:09.480,0.7345200000000001,0.7344,1,1.5
02.08.2021 00:21:11.172,0.73453,0.7344,1.87,2.25
02.08.2021 00:21:11.514,0.7345200000000001,0.73442,1.12,1
02.08.2021 00:21:11.617,0.73453,0.73442,1.12,1
02.08.2021 00:21:16.263,0.73454,0.7344600000000001,1,1.01
02.08.2021 00:21:16.365,0.73458,0.73449,1.75,1
02.08.2021 00:21:16.466,0.73459,0.73448,1.25,1
02.08.2021 00:21:16.568,0.7346,0.7345,2.94,1
02.08.2021 00:21:16.669,0.7346100000000001,0.7345100000000001,2.81,1
02.08.2021 00:21:17.074,0.73462,0.7345100000000001,3.82,1.5
02.08.2021 00:21:22.448,0.73462,0.7345200000000001,1.12,1.5
02.08.2021 00:21:27.805,0.73464,0.73454,1.12,1.5
02.08.2021 00:21:28.007,0.73463,0.73453,3.37,1.12
02.08.2021 00:21:28.210,0.73463,0.73453,3.12,1
02.08.2021 00:21:29.334,0.73463,0.73453,1.25,1
02.08.2021 00:21:29.435,0.73465,0.73454,3.76,1.5
02.08.2021 00:21:29.537,0.7346600000000001,0.73453,1.87,1.5
02.08.2021 00:21:32.576,0.73464,0.73453,2.45,1.5
02.08.2021 00:21:32.677,0.73462,0.7345100000000001,1,2
02.08.2021 00:21:32.728,0.73462,0.7345,1.69,1
02.08.2021 00:21:32.829,0.7346100000000001,0.7345,1.69,1.87
02.08.2021 00:21:33.154,0.7346,0.7344700000000001,2.75,2.75
02.08.2021 00:21:33.256,0.7346,0.7344700000000001,5.81,1.5
02.08.2021 00:21:40.244,0.73459,0.73449,1,2.44
02.08.2021 00:21:40.294,0.7346100000000001,0.7345100000000001,1.5,1
02.08.2021 00:21:40.396,0.73462,0.7345200000000001,1.5,1.5
02.08.2021 00:21:40.447,0.73462,0.73453,1,1
02.08.2021 00:21:41.188,0.73464,0.73454,2.62,1.5
02.08.2021 00:21:41.290,0.73464,0.73455,1.87,1
02.08.2021 00:21:41.492,0.73463,0.73454,1,1.87
02.08.2021 00:21:45.290,0.73463,0.73454,4.06,1
02.08.2021 00:21:47.648,0.73463,0.73453,5.56,1
02.08.2021 00:21:47.749,0.73462,0.7345100000000001,3.56,1.5
02.08.2021 00:21:51.450,0.73458,0.73448,3.37,2.25
02.08.2021 00:21:51.653,0.73458,0.7344700000000001,3.75,3.94
02.08.2021 00:21:52.132,0.7345700000000001,0.7344700000000001,1,3.19
02.08.2021 00:21:54.620,0.73458,0.7344700000000001,5.44,2.25
02.08.2021 00:21:54.772,0.73458,0.73448,2.44,1
02.08.2021 00:21:55.524,0.7345700000000001,0.73448,1,1
02.08.2021 00:22:00.448,0.73453,0.73444,1.12,1.12
02.08.2021 00:22:00.549,0.7345600000000001,0.73443,3.75,1.5
02.08.2021 00:22:00.651,0.73455,0.73445,1.12,1.5
02.08.2021 00:22:02.495,0.7345600000000001,0.7344600000000001,1.12,1
02.08.2021 00:22:02.597,0.7345700000000001,0.7344700000000001,2.75,1
02.08.2021 00:22:02.699,0.7345700000000001,0.7344700000000001,2.62,1
02.08.2021 00:22:07.969,0.73458,0.7344700000000001,2.62,2.44
02.08.2021 00:22:08.071,0.73459,0.7344700000000001,1.87,1
02.08.2021 00:22:16.529,0.7345700000000001,0.73448,1,1
02.08.2021 00:22:30.273,0.73454,0.7344700000000001,1.25,1
02.08.2021 00:22:30.324,0.73454,0.73445,2.25,1
02.08.2021 00:22:30.375,0.7345200000000001,0.73444,1,1
02.08.2021 00:22:30.476,0.73453,0.73444,1.31,1
02.08.2021 00:22:30.578,0.7345600000000001,0.7344700000000001,4.44,1
02.08.2021 00:22:30.780,0.7345600000000001,0.7344700000000001,1,1
02.08.2021 00:22:44.633,0.73459,0.7344700000000001,1.12,2.25
02.08.2021 00:22:44.785,0.7346100000000001,0.73448,2,1
02.08.2021 00:22:44.886,0.7346,0.73449,1.12,1.69
02.08.2021 00:22:45.973,0.7346100000000001,0.7345,1,1
02.08.2021 00:22:48.987,0.73462,0.7345,1.87,1
02.08.2021 00:22:51.062,0.7346100000000001,0.7345200000000001,1,1
02.08.2021 00:22:58.534,0.73462,0.7345200000000001,1.87,1
02.08.2021 00:23:00.368,0.7346,0.7345,1,1.5
02.08.2021 00:23:00.418,0.7346100000000001,0.7345100000000001,1,1.5
02.08.2021 00:23:01.913,0.73463,0.7345,1.87,2.25
02.08.2021 00:23:03.619,0.7346600000000001,0.73453,3.56,1
02.08.2021 00:23:03.751,0.73465,0.7345600000000001,1,1
02.08.2021 00:23:07.581,0.7346600000000001,0.7345600000000001,1.5,1
02.08.2021 00:23:09.613,0.73467,0.7345600000000001,1.5,2.25
02.08.2021 00:23:09.714,0.73467,0.7345700000000001,1.5,1
02.08.2021 00:23:21.661,0.73467,0.7345600000000001,2.81,2.25
02.08.2021 00:23:30.209,0.73467,0.7345700000000001,1.87,1
02.08.2021 00:23:35.358,0.7346600000000001,0.7345600000000001,1,2.25
02.08.2021 00:23:37.893,0.7346600000000001,0.73455,3.64,1.87
02.08.2021 00:23:37.994,0.7346600000000001,0.73454,1,1
02.08.2021 00:23:43.569,0.73465,0.73454,1,2.32
02.08.2021 00:23:44.071,0.7346600000000001,0.73455,2.25,1
02.08.2021 00:23:47.421,0.73465,0.73455,1,1
02.08.2021 00:23:50.601,0.73464,0.73454,1.5,1
02.08.2021 00:23:50.702,0.7346100000000001,0.73449,1,2.44
02.08.2021 00:23:50.804,0.73459,0.7345,1,1
02.08.2021 00:23:50.905,0.73459,0.73449,1.5,1.5
02.08.2021 00:23:55.184,0.7346,0.7344700000000001,2.25,2.32
02.08.2021 00:23:56.050,0.7346,0.7345,2.75,1.5
02.08.2021 00:23:56.253,0.7346,0.7345,1,1.5
02.08.2021 00:23:56.354,0.7346100000000001,0.7345,4.12,2.25
02.08.2021 00:24:01.280,0.7346,0.73449,3.89,1.5
02.08.2021 00:24:01.432,0.73458,0.73448,1,1
02.08.2021 00:24:01.483,0.7345700000000001,0.7344600000000001,1.5,2.25
02.08.2021 00:24:04.114,0.7345600000000001,0.7344600000000001,1,1.5
02.08.2021 00:24:06.542,0.73455,0.73445,1,1
02.08.2021 00:24:06.643,0.73454,0.73444,1.5,1
02.08.2021 00:24:06.795,0.73454,0.73443,1.5,1.5
02.08.2021 00:24:07.047,0.7345200000000001,0.73442,1.5,1
02.08.2021 00:24:07.149,0.7345100000000001,0.7344100000000001,1,2.25
02.08.2021 00:24:09.527,0.73453,0.7344,3.37,2.25
02.08.2021 00:24:09.679,0.73454,0.7344100000000001,2.25,2.25
02.08.2021 00:24:09.781,0.73453,0.73444,1,1.1
02.08.2021 00:24:09.932,0.73454,0.73444,1,1.1
02.08.2021 00:24:10.844,0.73455,0.73445,1,1
02.08.2021 00:24:10.945,0.7345600000000001,0.7344600000000001,1.5,1
02.08.2021 00:24:18.894,0.7345600000000001,0.73444,1.5,1
02.08.2021 00:24:18.996,0.73455,0.73444,1.5,1
02.08.2021 00:24:22.171,0.7345700000000001,0.73445,2.75,1
02.08.2021 00:24:22.272,0.7345700000000001,0.73445,2.25,1
02.08.2021 00:24:30.861,0.73458,0.7344700000000001,1,1
02.08.2021 00:24:31.013,0.73459,0.73448,1.5,1.5
02.08.2021 00:24:35.697,0.73459,0.73449,1.5,1
02.08.2021 00:24:35.849,0.7345700000000001,0.7344700000000001,1.5,1.5
02.08.2021 00:24:35.950,0.7345700000000001,0.7344700000000001,1.5,1
02.08.2021 00:24:40.285,0.7345600000000001,0.7344700000000001,1,1
02.08.2021 00:24:40.386,0.7345600000000001,0.7344600000000001,1,1.5
02.08.2021 00:24:58.394,0.73455,0.7344600000000001,1.5,1
02.08.2021 00:24:58.495,0.7345600000000001,0.73444,1.5,1
02.08.2021 00:24:58.604,0.73454,0.73443,1,2.32
02.08.2021 00:24:58.705,0.73454,0.73445,1,1
02.08.2021 00:24:58.974,0.73454,0.73443,1,2.32
02.08.2021 00:25:00.676,0.73454,0.73445,1,1
02.08.2021 00:25:02.043,0.7345600000000001,0.73444,1,1
02.08.2021 00:25:02.470,0.7345600000000001,0.7344600000000001,1.5,1
02.08.2021 00:25:10.150,0.7345700000000001,0.7344600000000001,1,1
02.08.2021 00:25:24.698,0.73455,0.7344700000000001,1,1
02.08.2021 00:25:24.749,0.73454,0.73445,1.69,1
02.08.2021 00:25:24.851,0.73454,0.73443,2.44,2.07
02.08.2021 00:25:24.953,0.73454,0.73443,2.44,1.5
02.08.2021 00:25:29.204,0.73454,0.73445,1,1
02.08.2021 00:25:30.776,0.73455,0.73445,1.25,1
02.08.2021 00:25:30.877,0.7345600000000001,0.73445,2.62,1
02.08.2021 00:25:30.978,0.7345600000000001,0.7344600000000001,1.5,1
02.08.2021 00:25:55.180,0.7345700000000001,0.7344600000000001,2.25,1
02.08.2021 00:25:56.605,0.73458,0.7344600000000001,1.5,1
02.08.2021 00:26:04.857,0.7345700000000001,0.73444,1,2.89
02.08.2021 00:26:05.897,0.7345600000000001,0.73445,1,2.91
02.08.2021 00:26:06.826,0.7345600000000001,0.73445,1,2.51
02.08.2021 00:26:07.697,0.7345600000000001,0.7344600000000001,1,1
02.08.2021 00:26:13.395,0.73453,0.73443,1,6.39
02.08.2021 00:26:13.597,0.73453,0.73442,1.5,3.76
02.08.2021 00:26:13.711,0.73453,0.73442,1.5,3.26
02.08.2021 00:26:14.001,0.73454,0.73442,1.5,1
02.08.2021 00:26:14.102,0.73455,0.73443,1,1
02.08.2021 00:26:14.558,0.73453,0.73444,1,1
02.08.2021 00:26:14.659,0.73453,0.73443,1,1
02.08.2021 00:26:16.319,0.7345100000000001,0.7344100000000001,1,2.62
02.08.2021 00:26:22.461,0.7345,0.7344100000000001,1,1
02.08.2021 00:26:23.475,0.7345,0.7344,1,1.5
02.08.2021 00:26:26.568,0.7345,0.73438,1.5,1.2
02.08.2021 00:26:26.822,0.73449,0.73438,1,1
02.08.2021 00:26:26.974,0.73448,0.73438,1,1.5
02.08.2021 00:26:27.076,0.73448,0.7344,1,1
02.08.2021 00:26:40.437,0.7344700000000001,0.73438,1,1
02.08.2021 00:26:43.601,0.73448,0.73438,1,1.5
02.08.2021 00:26:49.561,0.7344600000000001,0.73437,1,1.5
02.08.2021 00:26:49.662,0.73445,0.73437,1,1
02.08.2021 00:26:54.088,0.73445,0.7343600000000001,1,1.5
02.08.2021 00:27:00.478,0.7344700000000001,0.7343500000000001,1,1.5
02.08.2021 00:27:13.109,0.7345100000000001,0.7344,4.5,1.69
02.08.2021 00:27:13.210,0.7345100000000001,0.7344100000000001,1.5,1.5
02.08.2021 00:27:20.131,0.7345,0.7344,1,1.5
02.08.2021 00:27:22.592,0.73449,0.7344,1,1.5
02.08.2021 00:27:24.654,0.7345100000000001,0.7344,2.81,1.5
02.08.2021 00:27:40.045,0.73453,0.73443,1.5,1.5
02.08.2021 00:27:40.247,0.73455,0.73442,1,2.32
02.08.2021 00:27:40.500,0.73454,0.73443,1,2.54
02.08.2021 00:27:44.128,0.73455,0.73444,1,2.32
02.08.2021 00:27:44.280,0.73455,0.73445,1,1
02.08.2021 00:27:53.738,0.73455,0.7344700000000001,1,1
02.08.2021 00:27:56.812,0.7345600000000001,0.7344700000000001,1,1
02.08.2021 00:27:56.924,0.73458,0.7344600000000001,1.12,1
02.08.2021 00:28:01.761,0.7345700000000001,0.7344700000000001,2.07,1
02.08.2021 00:28:02.630,0.73458,0.7344600000000001,1.12,1
02.08.2021 00:28:11.336,0.7345700000000001,0.73448,1,1
02.08.2021 00:28:11.488,0.73458,0.73448,2.06,1
02.08.2021 00:28:12.505,0.73459,0.7345,1.62,1.5
02.08.2021 00:28:12.607,0.7346,0.7345100000000001,1,1
02.08.2021 00:28:12.658,0.73462,0.7345100000000001,3.57,1.5
02.08.2021 00:28:12.784,0.73462,0.7345100000000001,3.45,1.5
02.08.2021 00:28:17.331,0.73462,0.7345200000000001,1.95,1
02.08.2021 00:28:18.726,0.73463,0.7345,2.7,1.5
02.08.2021 00:28:31.127,0.7346,0.7345100000000001,1,1
02.08.2021 00:28:36.987,0.7346100000000001,0.7345100000000001,1.5,1
02.08.2021 00:28:40.562,0.7346,0.7345100000000001,1,1
02.08.2021 00:28:41.653,0.7346100000000001,0.7345100000000001,1.5,1
02.08.2021 00:28:42.710,0.7346,0.7345100000000001,1,1
02.08.2021 00:28:43.938,0.73462,0.7345,1.87,1
02.08.2021 00:28:49.550,0.7346,0.7345100000000001,1,1
02.08.2021 00:28:49.806,0.7346,0.7345,1.5,1
02.08.2021 00:28:52.750,0.73462,0.7345100000000001,1.95,1
02.08.2021 00:28:59.769,0.7346100000000001,0.7345100000000001,1.95,1
02.08.2021 00:29:03.301,0.7346100000000001,0.7345200000000001,1.1,1
02.08.2021 00:29:30.775,0.73462,0.7345,1.2,1
02.08.2021 00:29:42.002,0.7345700000000001,0.73449,1,1
02.08.2021 00:29:42.104,0.7345700000000001,0.73448,1,1.87
02.08.2021 00:29:54.763,0.7345700000000001,0.7344700000000001,1.2,1.5
02.08.2021 00:29:55.594,0.7345600000000001,0.7344700000000001,1,1
02.08.2021 00:30:05.911,0.7345600000000001,0.7344600000000001,1,1.69
02.08.2021 00:30:06.013,0.73458,0.73449,1,1.69
02.08.2021 00:30:06.115,0.73459,0.7345,2.37,1
02.08.2021 00:30:06.216,0.73459,0.7345,1.5,1
02.08.2021 00:30:06.380,0.7346100000000001,0.73449,1.5,1.5
02.08.2021 00:30:11.070,0.73459,0.7345,1,1
02.08.2021 00:30:11.171,0.73459,0.73449,1.57,1
02.08.2021 00:30:14.462,0.73459,0.7344700000000001,1,1.5
02.08.2021 00:30:15.307,0.7345700000000001,0.7344700000000001,1,1.57
02.08.2021 00:30:15.410,0.7345600000000001,0.7344700000000001,1,1
02.08.2021 00:30:22.846,0.7345600000000001,0.7344600000000001,1,1.69
02.08.2021 00:30:29.880,0.73455,0.7344600000000001,1,1.69
02.08.2021 00:30:30.234,0.7345100000000001,0.73442,1,2.37
02.08.2021 00:30:30.336,0.73448,0.7344,1,1.5
02.08.2021 00:30:30.437,0.73449,0.73439,1,1
02.08.2021 00:30:30.539,0.73448,0.73438,1,1
02.08.2021 00:30:35.441,0.73448,0.73439,1,1
02.08.2021 00:30:35.642,0.73448,0.7344,1,1
02.08.2021 00:30:37.483,0.73449,0.73438,1,1
02.08.2021 00:30:37.735,0.73448,0.73438,1,1.57
02.08.2021 00:30:37.937,0.7344600000000001,0.7343600000000001,1,1.31
02.08.2021 00:30:38.139,0.7344600000000001,0.7343500000000001,1,2.32
02.08.2021 00:30:46.894,0.73444,0.73434,1,1.01
02.08.2021 00:30:47.046,0.73443,0.73434,1,1
02.08.2021 00:30:47.148,0.73444,0.73434,1,1
02.08.2021 00:30:47.980,0.73442,0.73434,1,1
02.08.2021 00:30:49.966,0.73444,0.73433,1,1
02.08.2021 00:30:50.067,0.73444,0.73434,1,1
02.08.2021 00:30:51.038,0.73444,0.73433,1,1
02.08.2021 00:31:00.682,0.73444,0.73434,1,1
02.08.2021 00:31:01.301,0.73445,0.7343500000000001,1,1
02.08.2021 00:31:12.623,0.73448,0.7343600000000001,2.32,2.7
02.08.2021 00:31:12.725,0.73448,0.73437,1.5,1.76
02.08.2021 00:31:13.316,0.73448,0.73438,1,1
02.08.2021 00:31:15.220,0.7345,0.7344,4.12,1
02.08.2021 00:31:30.258,0.7345,0.73439,2.32,2.62
02.08.2021 00:31:30.360,0.73449,0.73439,1.57,1
02.08.2021 00:31:30.562,0.7345,0.73437,2.7,2.25
02.08.2021 00:31:45.721,0.73448,0.73438,1,1.5
02.08.2021 00:31:46.353,0.73449,0.73438,1.57,1.5
02.08.2021 00:31:47.531,0.73449,0.73439,1,1
02.08.2021 00:31:47.734,0.7345,0.73439,2.32,1.5
02.08.2021 00:31:54.571,0.7345,0.7344,1,2.25
02.08.2021 00:32:11.022,0.7344700000000001,0.73439,1,1.5
02.08.2021 00:32:11.074,0.7344700000000001,0.7343600000000001,2.32,4.62
02.08.2021 00:32:11.226,0.7344700000000001,0.7343600000000001,3.45,2.25
02.08.2021 00:32:11.277,0.7344600000000001,0.7343500000000001,1,1.5
02.08.2021 00:32:23.656,0.73443,0.73434,1,1.12
02.08.2021 00:32:23.758,0.73444,0.73434,3.26,1.12
02.08.2021 00:32:25.400,0.73445,0.7343500000000001,1,1.5
02.08.2021 00:32:29.023,0.7344700000000001,0.7343500000000001,1.12,2.32
02.08.2021 00:32:29.130,0.7344600000000001,0.73437,1.12,1
02.08.2021 00:32:32.657,0.7344700000000001,0.73437,1,2.32
02.08.2021 00:32:32.760,0.7345100000000001,0.7344100000000001,2.75,1
02.08.2021 00:32:32.862,0.7345100000000001,0.7344100000000001,1.87,1
02.08.2021 00:32:43.432,0.73449,0.7344,1,1
02.08.2021 00:32:43.635,0.73449,0.73439,1,2.25
02.08.2021 00:32:52.033,0.7345,0.73439,1,1
02.08.2021 00:32:52.139,0.7345,0.7344,1,1.5
02.08.2021 00:32:58.175,0.7345,0.7344100000000001,1,1
02.08.2021 00:33:00.701,0.73454,0.73443,4.32,1.5
02.08.2021 00:33:00.803,0.73454,0.73443,2.32,2.25
02.08.2021 00:33:00.904,0.7345600000000001,0.73443,4.2,1.5
02.08.2021 00:33:15.833,0.7345600000000001,0.73445,3,1
02.08.2021 00:33:28.247,0.7345600000000001,0.7344600000000001,1.5,1
02.08.2021 00:33:28.357,0.7345600000000001,0.73445,1.5,2.44
02.08.2021 00:33:30.103,0.7345700000000001,0.7344600000000001,3,1
02.08.2021 00:33:30.205,0.7345700000000001,0.7344700000000001,1.12,1
02.08.2021 00:33:57.879,0.7346,0.7345,3.5,1
02.08.2021 00:33:57.981,0.7346100000000001,0.7345100000000001,1.5,1.69
02.08.2021 00:33:58.633,0.73465,0.73455,1.5,1
02.08.2021 00:33:58.946,0.7346600000000001,0.7345600000000001,1.5,1.69
02.08.2021 00:34:08.975,0.7347,0.73458,2.7,1.5
02.08.2021 00:34:09.077,0.73469,0.7346100000000001,1,1.69
02.08.2021 00:34:09.178,0.7347,0.7346100000000001,1,2.44
02.08.2021 00:34:09.279,0.7347100000000001,0.73462,1,1
02.08.2021 00:34:09.853,0.73472,0.73464,1,1
02.08.2021 00:34:09.963,0.73472,0.73463,1,2.51
02.08.2021 00:34:10.398,0.73475,0.73464,3,1
02.08.2021 00:34:11.168,0.7347600000000001,0.73465,3.45,2.44
02.08.2021 00:34:11.269,0.7347600000000001,0.7346600000000001,1.12,1.5
02.08.2021 00:34:11.471,0.73477,0.7346600000000001,2.32,1.5
02.08.2021 00:34:14.427,0.73479,0.7346600000000001,4.95,1.5
02.08.2021 00:34:19.983,0.7347800000000001,0.73467,4.97,1.5
02.08.2021 00:34:20.958,0.7347800000000001,0.73467,4.95,1.5
02.08.2021 00:34:27.922,0.7347800000000001,0.73467,5.07,1.5
02.08.2021 00:34:28.653,0.7347800000000001,0.73467,4.95,1.5
02.08.2021 00:34:29.616,0.73479,0.7346600000000001,4.32,1.5
02.08.2021 00:34:29.959,0.7347600000000001,0.73464,1.57,1
02.08.2021 00:34:30.162,0.7347600000000001,0.73465,2.7,2.25
02.08.2021 00:34:30.364,0.7347600000000001,0.7346600000000001,1.87,1
02.08.2021 00:34:33.609,0.73477,0.73467,2.7,1
02.08.2021 00:34:40.540,0.7348,0.7347,1.2,1
02.08.2021 00:34:40.742,0.7348,0.7347100000000001,1,1
02.08.2021 00:34:40.894,0.73482,0.7347,1.95,1
02.08.2021 00:34:41.449,0.7347800000000001,0.73469,2.7,1
02.08.2021 00:34:41.551,0.7347800000000001,0.73467,1.1,1
02.08.2021 00:34:45.457,0.7347800000000001,0.73469,1.95,1
02.08.2021 00:34:58.823,0.73479,0.73469,1.76,1
02.08.2021 00:34:58.925,0.7348,0.7347100000000001,1.12,1.5
02.08.2021 00:34:59.026,0.7348100000000001,0.7347100000000001,1.57,1.5
02.08.2021 00:34:59.379,0.7348100000000001,0.73472,1,1
02.08.2021 00:35:08.036,0.7348300000000001,0.7347100000000001,2.14,1
02.08.2021 00:35:08.137,0.7348100000000001,0.73472,1,1
02.08.2021 00:35:11.415,0.7347800000000001,0.73469,3,1
02.08.2021 00:35:11.516,0.73479,0.7346600000000001,4.01,2.25
02.08.2021 00:35:11.618,0.73477,0.73467,1.2,2.25
02.08.2021 00:35:14.874,0.7347800000000001,0.73468,1.87,1.5
02.08.2021 00:35:14.994,0.73479,0.73468,1.12,1
02.08.2021 00:35:18.559,0.7348100000000001,0.73472,1.6,1
02.08.2021 00:35:18.711,0.7348100000000001,0.73472,1,1
02.08.2021 00:35:19.544,0.7348100000000001,0.7347,1.1,2.25
02.08.2021 00:35:22.588,0.73482,0.7347100000000001,2.89,1
02.08.2021 00:35:23.212,0.7348,0.7347,1.2,1.12
02.08.2021 00:35:23.313,0.73479,0.73467,3.45,1.69
02.08.2021 00:35:23.414,0.7347800000000001,0.73467,1.12,1.5
02.08.2021 00:35:23.839,0.73477,0.73465,3.66,1
02.08.2021 00:35:24.640,0.7347600000000001,0.73467,1.1,1.5
02.08.2021 00:35:24.742,0.73477,0.73467,1.1,1.5
02.08.2021 00:35:26.006,0.7347800000000001,0.73469,2,1.5
02.08.2021 00:35:26.161,0.7347800000000001,0.73469,1.5,1.5
02.08.2021 00:35:26.263,0.73479,0.73469,2.32,1.87
02.08.2021 00:35:26.421,0.7348,0.7347,1.6,1
02.08.2021 00:35:26.522,0.7348100000000001,0.7347,1.57,1
02.08.2021 00:35:27.969,0.7348100000000001,0.73469,1.1,1.5
02.08.2021 00:35:31.700,0.7348,0.7347100000000001,1,1
02.08.2021 00:35:34.468,0.73482,0.7347,1.1,1
02.08.2021 00:35:50.599,0.7348100000000001,0.73469,1.95,1
02.08.2021 00:35:50.700,0.7348,0.7347,1.97,1
02.08.2021 00:35:56.706,0.7348,0.7347,1.2,1.5
02.08.2021 00:35:57.522,0.7348100000000001,0.7347100000000001,1.87,1
02.08.2021 00:36:15.801,0.73482,0.7347100000000001,1.2,1
02.08.2021 00:36:25.567,0.73484,0.7347100000000001,4.72,1
02.08.2021 00:36:37.473,0.73482,0.7347100000000001,1,1.5
02.08.2021 00:36:37.524,0.7348,0.7347,1.1,1.25
02.08.2021 00:36:38.205,0.7348,0.7347100000000001,1.2,1
02.08.2021 00:36:40.068,0.7348100000000001,0.7347100000000001,1.1,1
02.08.2021 00:36:41.111,0.7348100000000001,0.73472,1,1
02.08.2021 00:36:42.548,0.7348300000000001,0.73472,4.72,1
02.08.2021 00:36:48.560,0.7348,0.7347100000000001,4.25,1
02.08.2021 00:36:48.661,0.7348100000000001,0.73472,3.5,1
02.08.2021 00:36:48.763,0.73482,0.7347100000000001,1.1,1
02.08.2021 00:36:49.894,0.73482,0.73472,1.2,1
02.08.2021 00:37:03.768,0.73482,0.7347100000000001,2.7,1.69
02.08.2021 00:37:17.714,0.73482,0.73472,1.95,1
02.08.2021 00:37:22.697,0.73484,0.73475,1,1
02.08.2021 00:37:22.849,0.73485,0.73475,1,1.5
02.08.2021 00:37:22.901,0.73487,0.7347600000000001,4.32,1.5
02.08.2021 00:37:34.408,0.73487,0.73477,1.12,1.69
02.08.2021 00:37:34.509,0.7349,0.7348,1.87,1.69
02.08.2021 00:37:34.611,0.7349100000000001,0.7348,2.45,2.06
02.08.2021 00:37:34.712,0.73492,0.7348100000000001,2.82,1.5
02.08.2021 00:37:35.226,0.73492,0.7348100000000001,1.95,2.81
02.08.2021 00:37:38.394,0.7349300000000001,0.7348100000000001,1.12,1
02.08.2021 00:37:40.823,0.73494,0.73482,1.69,2.44
02.08.2021 00:37:40.925,0.73492,0.73482,1,2.06
02.08.2021 00:37:45.068,0.7349100000000001,0.73482,1,1.25
02.08.2021 00:37:45.119,0.7348800000000001,0.7347800000000001,1.87,1.22
02.08.2021 00:37:45.221,0.73487,0.73477,1.57,1.5
02.08.2021 00:37:45.323,0.73484,0.73474,1.1,3.5
02.08.2021 00:37:45.374,0.73484,0.7347100000000001,2.25,6.26
02.08.2021 00:37:45.780,0.7348300000000001,0.7347,1.95,2.19
02.08.2021 00:37:45.882,0.73482,0.7347100000000001,3.45,1
02.08.2021 00:37:45.983,0.73482,0.73469,1,2.7
02.08.2021 00:37:48.724,0.7348100000000001,0.73472,1,1
02.08.2021 00:37:48.825,0.7348300000000001,0.7347100000000001,1.5,1
02.08.2021 00:37:52.442,0.73485,0.73475,4.32,1
02.08.2021 00:37:52.493,0.73485,0.73475,2.32,1
02.08.2021 00:37:52.695,0.7348600000000001,0.73475,2.7,1.87
02.08.2021 00:37:52.898,0.73487,0.73475,1.2,1
02.08.2021 00:37:53.611,0.73487,0.7347600000000001,2.7,2.81
02.08.2021 00:37:54.747,0.73487,0.7347600000000001,1.95,3.62
02.08.2021 00:37:59.118,0.73489,0.73477,5.85,1.69
02.08.2021 00:37:59.271,0.73489,0.73477,3.95,2.57
02.08.2021 00:37:59.373,0.73489,0.73477,3.07,2.95
02.08.2021 00:37:59.475,0.7349100000000001,0.7348,4.42,1
02.08.2021 00:37:59.582,0.73492,0.73479,3.85,1
02.08.2021 00:38:01.546,0.73492,0.7348,1.95,1.25
02.08.2021 00:38:01.647,0.7349,0.73479,1.1,2
02.08.2021 00:38:01.799,0.7349100000000001,0.73479,4.72,1.5
02.08.2021 00:38:05.378,0.7349100000000001,0.7348100000000001,1.95,1
02.08.2021 00:38:05.631,0.7349,0.7348,1.5,1.12
02.08.2021 00:38:10.496,0.73492,0.73479,3.07,1.5
02.08.2021 00:38:11.913,0.7349300000000001,0.7348100000000001,1.1,1.25
02.08.2021 00:38:15.717,0.7349300000000001,0.73482,2.7,1.25
02.08.2021 00:38:21.491,0.73494,0.73484,1,1.69
02.08.2021 00:38:21.592,0.7349600000000001,0.73485,6.1,1.25
02.08.2021 00:38:21.693,0.7349600000000001,0.73485,3.82,1.25
02.08.2021 00:38:23.960,0.7349600000000001,0.7348600000000001,2.7,1
02.08.2021 00:38:35.231,0.7349600000000001,0.73484,1,1.69
02.08.2021 00:38:39.976,0.73495,0.7348600000000001,1,1
02.08.2021 00:38:44.727,0.73497,0.7348600000000001,1.95,3.25
02.08.2021 00:38:44.829,0.73497,0.7348800000000001,1,1.12
02.08.2021 00:38:44.881,0.735,0.73489,2.7,2.44
02.08.2021 00:38:44.983,0.735,0.7349,1,1.69
02.08.2021 00:38:45.085,0.73501,0.7349,3.82,2.06
02.08.2021 00:38:51.021,0.7350300000000001,0.73492,4.32,2.5
02.08.2021 00:38:51.123,0.7350300000000001,0.73492,3.45,1.25
02.08.2021 00:38:51.326,0.73502,0.73492,1.1,1.25
02.08.2021 00:38:51.427,0.73501,0.7349,1.1,3
02.08.2021 00:38:52.109,0.73501,0.7349100000000001,1,1.75
02.08.2021 00:38:52.311,0.73501,0.7348800000000001,1,2.51
02.08.2021 00:38:54.690,0.73501,0.7349,3.01,1
02.08.2021 00:38:54.792,0.73501,0.7349,2.89,1
02.08.2021 00:38:55.239,0.73502,0.73489,3.01,1
02.08.2021 00:38:56.125,0.735,0.73489,1.12,3.26
02.08.2021 00:38:57.741,0.73499,0.73489,3.26,1
02.08.2021 00:38:57.842,0.7349800000000001,0.7348800000000001,2.32,1
02.08.2021 00:38:57.944,0.735,0.7348800000000001,1,1
02.08.2021 00:38:58.096,0.735,0.73489,1.57,3.25
02.08.2021 00:38:58.298,0.735,0.73489,1.95,2.44
02.08.2021 00:38:58.350,0.735,0.7349100000000001,1.95,1
02.08.2021 00:38:58.452,0.735,0.7349,1.57,1
02.08.2021 00:38:58.554,0.7349800000000001,0.7348800000000001,1,2.19
02.08.2021 00:38:58.656,0.73499,0.7348600000000001,5.16,2.19
02.08.2021 00:38:58.757,0.7349800000000001,0.73487,5.35,1
02.08.2021 00:39:00.567,0.7349800000000001,0.73487,2.7,1
02.08.2021 00:39:01.285,0.735,0.73489,6.57,1
02.08.2021 00:39:01.437,0.735,0.73489,1.2,1.69
02.08.2021 00:39:02.430,0.73501,0.73489,1.95,2.57
02.08.2021 00:39:02.532,0.73502,0.7349100000000001,2.72,1
02.08.2021 00:39:02.746,0.73499,0.7349,1.5,1
02.08.2021 00:39:02.797,0.735,0.73489,2.32,1.12
02.08.2021 00:39:04.724,0.735,0.7348800000000001,1,1.5
02.08.2021 00:39:06.649,0.73501,0.7348800000000001,1.12,3.19
02.08.2021 00:39:11.354,0.73501,0.7349,2.75,1
02.08.2021 00:39:11.561,0.73501,0.7349,2.62,1
02.08.2021 00:39:14.077,0.735,0.73489,1.87,2.25
02.08.2021 00:39:14.179,0.735,0.7348800000000001,1,1.5
02.08.2021 00:39:17.407,0.73497,0.7348800000000001,1,1.5
02.08.2021 00:39:18.212,0.73497,0.73487,1,3.19
02.08.2021 00:39:22.110,0.7349600000000001,0.7348600000000001,1,1.69
02.08.2021 00:39:22.612,0.73494,0.73484,1,1
02.08.2021 00:39:22.714,0.73495,0.73482,1.12,1.69
02.08.2021 00:39:22.916,0.73494,0.7348300000000001,2,1.25
02.08.2021 00:39:23.069,0.7349300000000001,0.73482,3.82,2.44
02.08.2021 00:39:25.275,0.73492,0.73482,1.12,1.69
02.08.2021 00:39:26.212,0.73494,0.7348300000000001,2.45,1.69
02.08.2021 00:39:26.415,0.73495,0.73482,2.25,1.69
02.08.2021 00:39:32.016,0.73495,0.73484,1.12,1
02.08.2021 00:39:32.268,0.73495,0.73485,1.12,1
02.08.2021 00:39:35.008,0.73495,0.7348600000000001,1.12,1
02.08.2021 00:39:35.059,0.73497,0.7348600000000001,1.87,1.5
02.08.2021 00:39:35.161,0.73497,0.73487,1.12,1.25
02.08.2021 00:39:36.160,0.7349600000000001,0.73484,1,1.5
02.08.2021 00:39:41.118,0.73495,0.7348600000000001,1.12,1
02.08.2021 00:39:41.220,0.7349600000000001,0.7348600000000001,1.12,1.5
02.08.2021 00:39:44.120,0.7349800000000001,0.73485,1.87,2.44
02.08.2021 00:39:53.259,0.7349800000000001,0.73489,1.5,1.25
02.08.2021 00:39:53.361,0.735,0.73489,2.25,1.69
02.08.2021 00:39:53.462,0.735,0.7349,1.5,1.5
02.08.2021 00:39:59.180,0.73501,0.7349,4.2,1
02.08.2021 00:40:00.553,0.73501,0.7349,3.47,1
02.08.2021 00:40:00.746,0.73501,0.7348800000000001,1.1,1.69
02.08.2021 00:40:00.847,0.7349800000000001,0.73487,3.47,2.62
02.08.2021 00:40:02.134,0.73499,0.7348800000000001,2.07,1
02.08.2021 00:40:02.184,0.73499,0.7348800000000001,1.95,1
02.08.2021 00:40:02.888,0.735,0.7348800000000001,2.7,3.26
02.08.2021 00:40:03.539,0.735,0.7349,1.2,1
02.08.2021 00:40:08.650,0.73501,0.7349,1.95,1.5
02.08.2021 00:40:09.055,0.735,0.7349,4.14,1.5
02.08.2021 00:40:09.157,0.735,0.73489,5.66,1
02.08.2021 00:40:11.295,0.7349800000000001,0.73487,1.95,1.5
02.08.2021 00:40:11.396,0.7349800000000001,0.7348600000000001,1,1
02.08.2021 00:40:11.756,0.73497,0.7348600000000001,1.1,1.5
02.08.2021 00:40:12.849,0.73497,0.7348600000000001,1.22,1.5
02.08.2021 00:40:14.445,0.73497,0.7348600000000001,1.2,1.5
02.08.2021 00:40:24.901,0.73497,0.7348800000000001,1.1,1
02.08.2021 00:40:25.002,0.7349800000000001,0.7348800000000001,1.57,1
02.08.2021 00:40:29.164,0.7349800000000001,0.7348800000000001,2.07,1
02.08.2021 00:40:31.388,0.7349800000000001,0.7348800000000001,3.45,1
02.08.2021 00:40:36.318,0.7349800000000001,0.7348800000000001,4.32,1
02.08.2021 00:40:36.520,0.7349800000000001,0.7348800000000001,2.7,1
02.08.2021 00:40:47.139,0.73499,0.7348800000000001,1.95,1.69
02.08.2021 00:40:47.240,0.735,0.73489,3.57,1.5
02.08.2021 00:40:47.341,0.735,0.73489,3.45,1.5
02.08.2021 00:40:56.368,0.73501,0.7349,2.32,1.5
02.08.2021 00:40:56.470,0.7349800000000001,0.7348800000000001,1.87,2
02.08.2021 00:40:56.571,0.73499,0.73487,1.87,1
02.08.2021 00:40:56.672,0.735,0.7349,2.82,1
02.08.2021 00:40:56.774,0.735,0.7349,2.7,1
02.08.2021 00:41:03.536,0.73499,0.73489,1,1.69
02.08.2021 00:41:13.503,0.735,0.7349,1.5,1.01
02.08.2021 00:41:13.858,0.73501,0.73489,1,3.51
02.08.2021 00:41:21.504,0.73501,0.7349100000000001,1,1.25
02.08.2021 00:41:42.475,0.735,0.7349,1,3.51
02.08.2021 00:41:53.145,0.735,0.7349,1,1.95
02.08.2021 00:41:53.247,0.7349800000000001,0.7348800000000001,1,1.25
02.08.2021 00:41:53.697,0.7349800000000001,0.73489,1,1
02.08.2021 00:41:54.009,0.7349800000000001,0.7349,1,1
02.08.2021 00:41:56.652,0.73499,0.7349100000000001,1,1
02.08.2021 00:41:58.405,0.73499,0.7349,1.5,1
02.08.2021 00:42:00.687,0.73499,0.73487,1,1.5
02.08.2021 00:42:00.788,0.7349600000000001,0.73487,1,1
02.08.2021 00:42:02.742,0.73497,0.73485,1,1
02.08.2021 00:42:05.435,0.73495,0.73485,1.1,1.5
02.08.2021 00:42:30.450,0.7349600000000001,0.7348600000000001,2.25,1.69
02.08.2021 00:42:40.843,0.73497,0.7348600000000001,3.07,2.44
02.08.2021 00:42:43.607,0.7349800000000001,0.73489,1.5,2.44
02.08.2021 00:42:43.658,0.735,0.73489,3.52,1.69
02.08.2021 00:42:43.810,0.73501,0.73489,1.12,1
02.08.2021 00:42:44.859,0.735,0.7349100000000001,1,1.5
02.08.2021 00:42:50.851,0.73499,0.73489,1.57,1
02.08.2021 00:42:50.953,0.73497,0.73487,1,1.75
02.08.2021 00:42:51.054,0.7349800000000001,0.73487,5.07,1.25
02.08.2021 00:42:54.213,0.7349800000000001,0.7348800000000001,1.95,1
02.08.2021 00:42:56.695,0.735,0.73487,1.87,2.51
02.08.2021 00:42:56.946,0.73499,0.73489,1.87,1
02.08.2021 00:42:57.961,0.735,0.73489,1.95,3.19
02.08.2021 00:42:58.716,0.73501,0.73489,1.1,1
02.08.2021 00:42:59.546,0.73501,0.7349,2.7,1.69
02.08.2021 00:42:59.650,0.73502,0.73489,2.7,2.69
02.08.2021 00:42:59.970,0.73501,0.7349,1.57,2.44
02.08.2021 00:43:00.071,0.73501,0.73489,1,1.5
02.08.2021 00:43:13.700,0.73501,0.73489,1,2.76
02.08.2021 00:43:14.464,0.735,0.7349,1,1.76
02.08.2021 00:43:25.687,0.73502,0.73489,2.32,3.19
02.08.2021 00:43:25.881,0.735,0.7349,1,2.25
02.08.2021 00:43:25.982,0.735,0.73489,2.25,2.51
02.08.2021 00:43:26.427,0.735,0.7349,1.5,1.25
02.08.2021 00:43:36.610,0.73501,0.7348800000000001,2.25,2.51
02.08.2021 00:43:36.721,0.735,0.7348800000000001,2.25,1
02.08.2021 00:43:36.823,0.7349800000000001,0.7348600000000001,1,1.39
02.08.2021 00:43:46.723,0.7349800000000001,0.73487,2.25,3.32
02.08.2021 00:43:46.825,0.73499,0.7348800000000001,1.95,2.44
02.08.2021 00:43:46.926,0.735,0.7348800000000001,1.5,1.76
02.08.2021 00:43:49.805,0.735,0.73489,1,1
02.08.2021 00:44:04.573,0.735,0.7349,1,1.69
02.08.2021 00:44:46.203,0.735,0.7349100000000001,1,1
02.08.2021 00:45:01.757,0.73502,0.7349300000000001,1.12,1.25
02.08.2021 00:45:01.808,0.73504,0.7349300000000001,1,6.14
02.08.2021 00:45:01.909,0.73504,0.7349300000000001,1.5,2.89
02.08.2021 00:45:11.128,0.7350300000000001,0.7349300000000001,2.62,1.5
02.08.2021 00:45:11.230,0.7350300000000001,0.7349100000000001,1.5,1
02.08.2021 00:45:15.076,0.73502,0.7349,1,2.51
02.08.2021 00:45:16.315,0.73501,0.73492,1,1.5
02.08.2021 00:45:16.468,0.73504,0.7349100000000001,1.87,3.26
02.08.2021 00:45:18.353,0.7350300000000001,0.7349300000000001,1,1.94
02.08.2021 00:45:18.454,0.73504,0.73492,1,1
02.08.2021 00:45:20.211,0.73501,0.7349100000000001,1.5,1.95
02.08.2021 00:45:21.060,0.73502,0.73489,1.5,3.26
02.08.2021 00:45:22.849,0.73497,0.73487,1,2.07
02.08.2021 00:45:22.950,0.73495,0.73485,1,3.97
02.08.2021 00:45:23.001,0.73495,0.73485,1,3.29
02.08.2021 00:45:23.103,0.7349300000000001,0.7348300000000001,1,1.12
02.08.2021 00:45:23.254,0.7349,0.7348100000000001,1,1.2
02.08.2021 00:45:23.406,0.73489,0.7348100000000001,1,1.1
02.08.2021 00:45:23.886,0.7349300000000001,0.73485,1,1.76
02.08.2021 00:45:24.089,0.7349300000000001,0.73485,1,2.01
02.08.2021 00:45:24.903,0.73494,0.73485,1,2.01
02.08.2021 00:45:28.868,0.73495,0.73484,1,1.1
02.08.2021 00:45:28.970,0.7349100000000001,0.73482,1,1.81
02.08.2021 00:45:29.021,0.7349100000000001,0.73482,1,1.25
02.08.2021 00:45:29.873,0.7349100000000001,0.7348100000000001,1,1.25
02.08.2021 00:45:35.149,0.7349300000000001,0.7348100000000001,1.5,1.5
02.08.2021 00:45:36.150,0.73494,0.73482,1,1.01
02.08.2021 00:45:38.742,0.73492,0.7348300000000001,1,1.25
02.08.2021 00:45:43.518,0.7349300000000001,0.73484,1,1.25
02.08.2021 00:45:43.620,0.7349300000000001,0.73484,1,1.25
02.08.2021 00:45:46.614,0.7349300000000001,0.73484,1,1.25
02.08.2021 00:45:52.007,0.73494,0.73485,1,1.01
02.08.2021 00:45:52.108,0.73495,0.7348600000000001,1.5,1.25
02.08.2021 00:45:53.087,0.73492,0.73482,1.5,1.39
02.08.2021 00:45:53.189,0.7349100000000001,0.7348100000000001,1.5,1.39
02.08.2021 00:45:54.451,0.7349100000000001,0.7348,1.5,1.76
02.08.2021 00:45:54.799,0.73489,0.7347800000000001,1,1.75
02.08.2021 00:45:54.900,0.7348800000000001,0.73479,1.5,1.25
02.08.2021 00:45:57.420,0.7348800000000001,0.7348,1,1.25
02.08.2021 00:45:57.522,0.73489,0.7348,1,1.25
02.08.2021 00:45:58.003,0.73489,0.7348,1,2.39
02.08.2021 00:46:00.130,0.7349100000000001,0.73479,1.5,2.39
02.08.2021 00:46:01.307,0.7349100000000001,0.73482,1,1.25
02.08.2021 00:46:01.408,0.73492,0.73482,1.12,2.01
02.08.2021 00:46:02.307,0.73494,0.7348100000000001,1.5,2.39
02.08.2021 00:46:05.673,0.7349100000000001,0.7348100000000001,1.5,1.01
02.08.2021 00:46:06.423,0.7349,0.7348,1,1.25
02.08.2021 00:46:08.784,0.7348800000000001,0.73479,1,2.01
02.08.2021 00:46:08.886,0.7348800000000001,0.73479,1,1.01
02.08.2021 00:46:09.038,0.7348800000000001,0.7347800000000001,1,1.25
02.08.2021 00:46:09.139,0.73487,0.7347600000000001,1,2.32
02.08.2021 00:46:09.241,0.73485,0.73475,1,2.12
02.08.2021 00:46:09.809,0.73485,0.7347600000000001,1,1.75
02.08.2021 00:46:11.857,0.73484,0.7347600000000001,1,1.82
02.08.2021 00:46:12.801,0.7348600000000001,0.73477,1,1.35
02.08.2021 00:46:12.902,0.7348600000000001,0.7347600000000001,1,1.45
02.08.2021 00:46:13.004,0.73485,0.73479,1,1.25
02.08.2021 00:46:13.105,0.73489,0.7347800000000001,1,1.25
02.08.2021 00:46:13.808,0.7348800000000001,0.7347800000000001,1,1.25
02.08.2021 00:46:16.606,0.73489,0.7347800000000001,1,1.25
02.08.2021 00:46:16.758,0.73487,0.73479,1,1.25
02.08.2021 00:46:18.027,0.73487,0.73479,1,1.75
02.08.2021 00:46:18.129,0.7348800000000001,0.7348,1,1.01
02.08.2021 00:46:18.281,0.7348800000000001,0.7348,1,1.82
02.08.2021 00:46:18.716,0.7348800000000001,0.73479,1,1.1
02.08.2021 00:46:18.818,0.73487,0.73479,1,1
02.08.2021 00:46:21.492,0.7348800000000001,0.73479,1,2.22
02.08.2021 00:46:21.594,0.7348800000000001,0.7348,1,1.82
02.08.2021 00:46:22.078,0.73489,0.73479,1,1.25
02.08.2021 00:46:22.876,0.73489,0.7348,1,1.01
02.08.2021 00:46:23.115,0.7349,0.73479,1,1.82
02.08.2021 00:46:24.207,0.73492,0.73482,1,2.72
02.08.2021 00:46:24.308,0.7349300000000001,0.73484,1,3.26
02.08.2021 00:46:25.443,0.7349300000000001,0.73482,1,2.14
02.08.2021 00:46:25.545,0.7349100000000001,0.73482,1,1.6
02.08.2021 00:46:25.646,0.73489,0.7348100000000001,1,1
02.08.2021 00:46:26.002,0.7349,0.73482,1,1.31
02.08.2021 00:46:26.053,0.7349300000000001,0.7348100000000001,1,1.45
02.08.2021 00:46:26.256,0.73494,0.7348300000000001,1,1.01
02.08.2021 00:46:26.308,0.73494,0.73485,1,2.01
02.08.2021 00:46:26.411,0.73495,0.7348600000000001,1,2.01
02.08.2021 00:46:26.717,0.73495,0.7348600000000001,1,1.39
02.08.2021 00:46:26.819,0.73494,0.7348600000000001,1,1.1
02.08.2021 00:46:28.476,0.7349300000000001,0.7348600000000001,1,1
02.08.2021 00:46:31.565,0.7349300000000001,0.73485,1,1
02.08.2021 00:46:32.575,0.73495,0.73487,1,1.01
02.08.2021 00:46:37.905,0.73497,0.7348600000000001,1,1
02.08.2021 00:46:39.132,0.73495,0.7348600000000001,1,1.01
02.08.2021 00:46:39.233,0.7349300000000001,0.7348600000000001,1,1
02.08.2021 00:46:39.284,0.7349100000000001,0.73482,1,3.79
02.08.2021 00:46:48.018,0.7349100000000001,0.7348100000000001,1,1.45
02.08.2021 00:46:50.877,0.7349100000000001,0.7348100000000001,1,2.41
02.08.2021 00:46:50.978,0.73494,0.73485,1.12,1.57
02.08.2021 00:46:51.080,0.73495,0.73484,1,3.51
02.08.2021 00:46:51.181,0.73495,0.73485,1,2.57
02.08.2021 00:46:51.283,0.73494,0.73485,1,2.14
02.08.2021 00:46:51.486,0.7349300000000001,0.7348300000000001,1,3.16
02.08.2021 00:46:52.496,0.7349300000000001,0.7348100000000001,1.5,3.29
02.08.2021 00:46:52.599,0.73492,0.7348100000000001,1,2.54
02.08.2021 00:46:53.005,0.73492,0.7348100000000001,1,2.14
02.08.2021 00:46:53.207,0.73489,0.7348,1,1.26
02.08.2021 00:46:53.309,0.73489,0.7348,1,1.01
02.08.2021 00:46:54.283,0.7348800000000001,0.73479,1,1.31
02.08.2021 00:46:55.927,0.73487,0.7347600000000001,1.5,1.89
02.08.2021 00:46:56.029,0.7348600000000001,0.7347600000000001,1,1.89
02.08.2021 00:46:56.130,0.7348600000000001,0.7347600000000001,1,1.01
02.08.2021 00:46:56.685,0.73485,0.7347600000000001,1,1
02.08.2021 00:46:56.918,0.73484,0.73474,1,1.57
02.08.2021 00:46:57.120,0.73484,0.73475,1,1.01
02.08.2021 00:46:57.222,0.73485,0.73475,1,1.01
02.08.2021 00:47:02.331,0.73485,0.7347600000000001,1,1.01
02.08.2021 00:47:02.459,0.73487,0.7347600000000001,1,1
02.08.2021 00:47:03.045,0.73487,0.73477,1,1
02.08.2021 00:47:29.263,0.73487,0.73474,1,1.2
02.08.2021 00:47:29.824,0.73485,0.73475,1,1.1
02.08.2021 00:47:33.393,0.73484,0.73475,1,1.1
02.08.2021 00:47:34.429,0.7348600000000001,0.73474,1,1.1
02.08.2021 00:47:38.240,0.7348300000000001,0.7347,1.5,4.87
02.08.2021 00:47:38.342,0.7348300000000001,0.7347100000000001,1,2.47
02.08.2021 00:47:38.443,0.73484,0.7347,1,1.6
02.08.2021 00:47:38.878,0.7348300000000001,0.7347,1,1.1
02.08.2021 00:47:40.562,0.7348300000000001,0.73474,1,1.31
02.08.2021 00:47:40.613,0.73485,0.73474,1,1.31
02.08.2021 00:47:40.715,0.7348600000000001,0.73474,1,1
02.08.2021 00:47:41.564,0.73485,0.73474,1,1.12
02.08.2021 00:47:51.610,0.7348300000000001,0.73472,1.87,1
02.08.2021 00:47:51.711,0.73482,0.7347100000000001,1,1.25
02.08.2021 00:47:52.503,0.7348300000000001,0.73469,1,3.94
02.08.2021 00:47:52.606,0.7348,0.7347,1,1.31
02.08.2021 00:48:00.073,0.73479,0.73468,1,2.06
02.08.2021 00:48:00.124,0.7347600000000001,0.7346600000000001,1,1.01
02.08.2021 00:48:00.175,0.73479,0.7346600000000001,1.12,1.57
02.08.2021 00:48:00.276,0.73479,0.73468,1.5,4.79
02.08.2021 00:48:00.377,0.73479,0.73468,1,3.79
02.08.2021 00:48:00.630,0.7348,0.73469,1,3.91
02.08.2021 00:48:01.757,0.7348,0.73469,1,2.89
02.08.2021 00:48:01.909,0.7348,0.7347100000000001,1,1
02.08.2021 00:48:02.112,0.7348100000000001,0.7347100000000001,1.5,1
02.08.2021 00:48:03.987,0.73482,0.7347100000000001,1.5,1.1
02.08.2021 00:48:04.429,0.73482,0.73472,1,1.25
02.08.2021 00:48:18.987,0.73482,0.7347300000000001,1,1
02.08.2021 00:48:24.744,0.7348300000000001,0.7347300000000001,1,1.01
02.08.2021 00:48:24.845,0.73485,0.73475,1.12,1.01
02.08.2021 00:48:25.666,0.73485,0.7347600000000001,1,1.01
02.08.2021 00:48:26.748,0.73487,0.7347600000000001,1,1.39
02.08.2021 00:48:26.849,0.73487,0.73477,1,1.01
02.08.2021 00:48:30.032,0.7348800000000001,0.73477,1,2.89
02.08.2021 00:48:40.853,0.7348800000000001,0.7347800000000001,1,1.01
02.08.2021 00:48:42.158,0.73489,0.73477,1,3.29
02.08.2021 00:48:47.509,0.7348800000000001,0.7347800000000001,1,1.39
02.08.2021 00:48:48.157,0.7348600000000001,0.7347800000000001,1,1
02.08.2021 00:48:52.548,0.7348600000000001,0.73477,1,1.1
02.08.2021 00:48:52.845,0.7348800000000001,0.7347800000000001,1,1.01
02.08.2021 00:48:53.284,0.7348800000000001,0.73479,1,1
02.08.2021 00:48:54.267,0.7348800000000001,0.7347800000000001,1.5,1
02.08.2021 00:49:00.082,0.73485,0.73477,1,1
02.08.2021 00:49:00.183,0.73485,0.7347600000000001,1,1.12
02.08.2021 00:49:00.537,0.73485,0.73475,1,2.51
02.08.2021 00:49:00.948,0.73485,0.7347600000000001,1,1
02.08.2021 00:49:01.051,0.73487,0.7347600000000001,2.62,1.76
02.08.2021 00:49:02.327,0.73487,0.7347600000000001,1.5,1.79
02.08.2021 00:49:09.571,0.7348600000000001,0.7347600000000001,1,1
02.08.2021 00:49:10.010,0.7348600000000001,0.73475,1,2.51
02.08.2021 00:49:10.266,0.7348600000000001,0.7347600000000001,1,1.1
02.08.2021 00:49:10.470,0.7348600000000001,0.73477,1,1
02.08.2021 00:49:10.593,0.73487,0.73475,1,1.76
02.08.2021 00:49:13.426,0.7348600000000001,0.73477,1,1
02.08.2021 00:49:16.337,0.73487,0.73477,1.5,1
02.08.2021 00:49:34.052,0.7348800000000001,0.7347800000000001,1,1
02.08.2021 00:49:34.432,0.73489,0.7347600000000001,1,3.07
02.08.2021 00:49:35.592,0.7348600000000001,0.73477,1,1
02.08.2021 00:49:36.222,0.7348600000000001,0.7347600000000001,1.5,1.5
02.08.2021 00:49:44.167,0.73485,0.73475,1,2.32
02.08.2021 00:49:54.852,0.7348,0.7347300000000001,1,1
02.08.2021 00:49:54.903,0.7348100000000001,0.7347100000000001,1,1.69
02.08.2021 00:49:54.954,0.73479,0.73469,1.5,2.1
02.08.2021 00:49:55.055,0.7348,0.73468,1.5,1.25
02.08.2021 00:49:55.522,0.7347800000000001,0.73469,1,1.25
02.08.2021 00:49:58.461,0.73479,0.73469,1,1.39
02.08.2021 00:50:00.324,0.7348100000000001,0.73472,1,2.12
02.08.2021 00:50:00.425,0.73482,0.73472,1.5,2.2
02.08.2021 00:50:01.429,0.73484,0.7347300000000001,1,5.22
02.08.2021 00:50:02.472,0.73484,0.7347300000000001,1,3.1
02.08.2021 00:50:05.002,0.7348300000000001,0.7347300000000001,1,1.39
02.08.2021 00:50:06.080,0.73482,0.73472,1,1.57
02.08.2021 00:50:06.294,0.73482,0.7347100000000001,1.5,2.14
02.08.2021 00:50:08.489,0.7348100000000001,0.7347100000000001,1,2.14
02.08.2021 00:50:09.553,0.7348,0.7347100000000001,1,1.69
02.08.2021 00:50:14.240,0.7348100000000001,0.7347100000000001,1,1
02.08.2021 00:50:15.753,0.73482,0.73472,1.5,1.75
02.08.2021 00:50:15.957,0.73482,0.7347100000000001,1,2.87
02.08.2021 00:50:16.344,0.73482,0.7347100000000001,1,2.81
02.08.2021 00:50:16.446,0.73482,0.7347,1,2.06
02.08.2021 00:50:26.756,0.7348100000000001,0.7347100000000001,1,1.25
02.08.2021 00:50:27.894,0.7348100000000001,0.7347100000000001,1,1.25
02.08.2021 00:50:29.265,0.7348100000000001,0.7347,1,2.06
02.08.2021 00:50:30.664,0.7348100000000001,0.7347100000000001,1,1.25
02.08.2021 00:50:49.467,0.73482,0.73469,1,2.44
02.08.2021 00:50:57.847,0.73482,0.73469,1.5,1.75
02.08.2021 00:50:59.778,0.73484,0.7347100000000001,2.25,2.51
02.08.2021 00:50:59.879,0.7348300000000001,0.7347300000000001,1,3.64
02.08.2021 00:51:00.032,0.73484,0.7347300000000001,1,4.01
02.08.2021 00:51:00.134,0.7348300000000001,0.7347300000000001,1,1
02.08.2021 00:51:00.287,0.73482,0.73472,1,1.2
02.08.2021 00:51:00.490,0.73482,0.7347100000000001,1,2.14
02.08.2021 00:51:03.401,0.7348300000000001,0.7347300000000001,1,2.51
02.08.2021 00:51:03.847,0.7348300000000001,0.73472,1.5,1.76
02.08.2021 00:51:04.480,0.73482,0.73472,1,1.01
02.08.2021 00:51:04.581,0.73482,0.7347100000000001,1,2.89
02.08.2021 00:51:07.760,0.73482,0.7347,1,2.06
02.08.2021 00:51:08.804,0.7348100000000001,0.7347,1.5,2.44
02.08.2021 00:51:13.855,0.7348,0.7347,1,1.69
02.08.2021 00:51:21.202,0.73479,0.73469,1.5,1.95
02.08.2021 00:51:21.303,0.7348100000000001,0.73468,1.5,2.44
02.08.2021 00:51:22.028,0.7348,0.73469,1.5,2.95
02.08.2021 00:51:23.529,0.7348100000000001,0.73469,1,2.2
02.08.2021 00:51:23.630,0.7348100000000001,0.7347100000000001,1,2.51
02.08.2021 00:51:24.503,0.7348300000000001,0.73472,1,4.64
02.08.2021 00:51:24.865,0.73484,0.7347300000000001,1.5,1.76
02.08.2021 00:51:24.967,0.73485,0.73475,1,1.25
02.08.2021 00:51:25.069,0.7348600000000001,0.7347600000000001,3.37,1.25
02.08.2021 00:51:25.909,0.7348600000000001,0.73477,1,1
02.08.2021 00:51:26.128,0.73487,0.73477,1.5,1
02.08.2021 00:51:26.829,0.7348600000000001,0.7347600000000001,1,2.44
02.08.2021 00:51:31.528,0.73487,0.73477,3,1
02.08.2021 00:51:35.800,0.7348800000000001,0.7347800000000001,1.5,1
02.08.2021 00:51:35.901,0.73489,0.7347800000000001,3.19,1
02.08.2021 00:51:43.243,0.73489,0.7347800000000001,4.31,1
02.08.2021 00:51:43.445,0.73489,0.7347800000000001,3,1
02.08.2021 00:51:44.970,0.73489,0.7348,1.5,1
02.08.2021 00:51:49.009,0.7349100000000001,0.73479,2.44,1
02.08.2021 00:51:51.810,0.7349100000000001,0.7348100000000001,1.87,1
02.08.2021 00:51:51.911,0.73494,0.7348300000000001,3.5,1.25
02.08.2021 00:51:52.013,0.73494,0.73485,1,1
02.08.2021 00:51:52.165,0.73495,0.73485,3,1
02.08.2021 00:51:52.421,0.73495,0.7348600000000001,1,1
02.08.2021 00:51:52.522,0.7349600000000001,0.7348600000000001,2.32,1
02.08.2021 00:52:12.625,0.73499,0.73487,1,1
02.08.2021 00:52:12.727,0.73499,0.73489,1.87,1
02.08.2021 00:52:14.021,0.73501,0.73489,1,1.5
02.08.2021 00:52:31.290,0.73501,0.7349100000000001,1.5,1
02.08.2021 00:52:32.536,0.73502,0.73492,1.12,2.25
02.08.2021 00:52:33.963,0.7350300000000001,0.73494,1,1
02.08.2021 00:52:35.223,0.73504,0.73494,2.7,1
02.08.2021 00:52:35.728,0.7350300000000001,0.73494,1,1
02.08.2021 00:52:39.114,0.7350300000000001,0.7349300000000001,1,1
02.08.2021 00:52:39.165,0.7350300000000001,0.7349,1.5,3
02.08.2021 00:52:51.624,0.7349800000000001,0.7348800000000001,1.5,2.75
02.08.2021 00:52:51.726,0.73497,0.73485,1,5
02.08.2021 00:52:51.778,0.7349600000000001,0.7348600000000001,1,1.5
02.08.2021 00:52:52.117,0.73499,0.73487,3.37,1
02.08.2021 00:52:52.269,0.7349800000000001,0.73487,2.7,1.69
02.08.2021 00:52:55.175,0.7349800000000001,0.7348600000000001,1,1
02.08.2021 00:52:59.913,0.7349800000000001,0.7348800000000001,1,1.57
02.08.2021 00:53:00.014,0.73499,0.7348800000000001,1,1.57
02.08.2021 00:53:00.217,0.7349800000000001,0.7348800000000001,1,1.5
02.08.2021 00:53:06.474,0.7349800000000001,0.73484,2.51,2.32
02.08.2021 00:53:06.575,0.7349600000000001,0.73485,1,2.32
