Gmt time,Ask,Bid,AskVolume,BidVolume
30.08.2021 00:00:00.086,0.73158,0.73149,1,1.25
30.08.2021 00:00:00.187,0.7315600000000001,0.73149,1,1.25
30.08.2021 00:00:00.843,0.73162,0.73149,3.49,1.25
30.08.2021 00:00:01.827,0.73158,0.7314700000000001,1.5,1.25
30.08.2021 00:00:01.928,0.7315200000000001,0.73144,1,1.25
30.08.2021 00:00:01.979,0.7315600000000001,0.73144,1.57,1.31
30.08.2021 00:00:03.262,0.73155,0.73144,1,1
30.08.2021 00:00:04.835,0.73157,0.7314200000000001,4.22,2.44
30.08.2021 00:00:04.952,0.7315100000000001,0.73143,1,2.44
30.08.2021 00:00:05.818,0.7315,0.7314200000000001,1,1.25
30.08.2021 00:00:06.020,0.7315100000000001,0.7314200000000001,1,1.45
30.08.2021 00:00:06.121,0.7315200000000001,0.7314200000000001,1,1.37
30.08.2021 00:00:06.927,0.7315100000000001,0.7314200000000001,1,1.45
30.08.2021 00:00:07.576,0.7315100000000001,0.73143,1,1.37
30.08.2021 00:00:08.417,0.7315,0.7314200000000001,1,1.01
30.08.2021 00:00:08.532,0.7315100000000001,0.7314200000000001,1,1.25
30.08.2021 00:00:14.324,0.7315,0.7314200000000001,1,1.25
30.08.2021 00:00:14.476,0.7315,0.7314100000000001,1,1.25
30.08.2021 00:00:14.577,0.7315,0.73143,1,1.25
30.08.2021 00:00:14.678,0.7315100000000001,0.73143,1,1.25
30.08.2021 00:00:21.328,0.7315100000000001,0.73144,1,1
30.08.2021 00:00:23.390,0.7315200000000001,0.73144,1,1.25
30.08.2021 00:00:23.492,0.73153,0.73144,1,1.25
30.08.2021 00:00:23.593,0.7315200000000001,0.73144,1,1.25
30.08.2021 00:00:25.135,0.73153,0.73144,1,1.25
30.08.2021 00:00:33.445,0.73154,0.73144,1,1.25
30.08.2021 00:00:35.426,0.73155,0.73145,1,3.51
30.08.2021 00:00:38.678,0.73158,0.7314600000000001,1,2.51
30.08.2021 00:00:39.660,0.7316100000000001,0.7315100000000001,2.25,1.75
30.08.2021 00:00:39.761,0.73162,0.7315,1,1.76
30.08.2021 00:00:39.862,0.73162,0.7315200000000001,1,1.69
30.08.2021 00:00:40.266,0.7316100000000001,0.7315200000000001,1,1.25
30.08.2021 00:00:40.438,0.73163,0.73153,3.37,1
30.08.2021 00:00:42.539,0.73163,0.7315200000000001,1.5,1.25
30.08.2021 00:00:42.641,0.73165,0.73155,3.64,1
30.08.2021 00:00:42.742,0.73167,0.73157,2.81,1
30.08.2021 00:00:42.843,0.73169,0.73159,1,1
30.08.2021 00:00:46.755,0.73169,0.7316,1,1.25
30.08.2021 00:00:46.806,0.7317100000000001,0.7316,1,1.69
30.08.2021 00:00:46.918,0.7317100000000001,0.7316100000000001,1,1.69
30.08.2021 00:00:47.171,0.7317100000000001,0.73159,1,1.69
30.08.2021 00:00:47.373,0.73169,0.73159,1,2.44
30.08.2021 00:00:47.474,0.73169,0.7316,1,1.25
30.08.2021 00:00:47.525,0.73172,0.73159,1,1.69
30.08.2021 00:00:47.978,0.73169,0.7316,1,1
30.08.2021 00:00:48.079,0.73169,0.73159,1,2.44
30.08.2021 00:00:50.765,0.73169,0.7316,1,1.25
30.08.2021 00:00:50.917,0.7317,0.73158,1,1.69
30.08.2021 00:00:56.046,0.73169,0.7316,1,1.25
30.08.2021 00:00:56.147,0.7317100000000001,0.7316,1,1
30.08.2021 00:00:56.299,0.73172,0.7316,1,2.44
30.08.2021 00:00:56.400,0.7317,0.73159,1,1.25
30.08.2021 00:00:56.602,0.7317100000000001,0.73159,1,2.44
30.08.2021 00:00:59.811,0.7317,0.7316,1,2.57
30.08.2021 00:00:59.912,0.7317,0.7316,1,2.44
30.08.2021 00:01:00.523,0.73169,0.7316100000000001,1,1.25
30.08.2021 00:01:00.624,0.7317,0.7316100000000001,1,1.25
30.08.2021 00:01:01.992,0.7317,0.7316100000000001,1,1.25
30.08.2021 00:01:02.043,0.73172,0.73162,1,1.25
30.08.2021 00:01:02.145,0.73172,0.73159,1,1.69
30.08.2021 00:01:02.297,0.73172,0.7316,1,1
30.08.2021 00:01:03.920,0.7317300000000001,0.73162,1.5,1.69
30.08.2021 00:01:07.223,0.7317100000000001,0.7316100000000001,1.5,1
30.08.2021 00:01:11.697,0.7317,0.7316,1,1.25
30.08.2021 00:01:16.141,0.7317100000000001,0.7316100000000001,1.5,1
30.08.2021 00:01:16.293,0.73169,0.73159,1,2.5
30.08.2021 00:01:16.697,0.73169,0.73159,1,1.25
30.08.2021 00:01:18.832,0.7317,0.7316,1,2.69
30.08.2021 00:01:20.245,0.73172,0.7316,1,1.75
30.08.2021 00:01:20.794,0.73172,0.73162,1,1.25
30.08.2021 00:01:22.588,0.7317300000000001,0.73163,1.76,1
30.08.2021 00:01:29.114,0.7317,0.7316100000000001,1.5,1
30.08.2021 00:01:29.216,0.73164,0.7315600000000001,1.87,1
30.08.2021 00:01:29.267,0.7316100000000001,0.7315200000000001,1,1.12
30.08.2021 00:01:29.369,0.7316,0.7315,1,1.87
30.08.2021 00:01:30.964,0.7316,0.73148,1,1
30.08.2021 00:01:31.116,0.73158,0.73148,1,1.69
30.08.2021 00:01:31.382,0.73157,0.7314700000000001,1,1.69
30.08.2021 00:01:31.484,0.7315600000000001,0.7314700000000001,1,1.25
30.08.2021 00:01:31.770,0.73157,0.7314700000000001,1,1.69
30.08.2021 00:01:31.821,0.73155,0.73145,1,1
30.08.2021 00:01:31.922,0.73154,0.73144,1,1
30.08.2021 00:01:32.125,0.7315200000000001,0.7314200000000001,1,1.69
30.08.2021 00:01:35.702,0.73153,0.73143,1,1
30.08.2021 00:01:36.590,0.7315100000000001,0.73139,1,1
30.08.2021 00:01:36.742,0.73149,0.73139,1,1
30.08.2021 00:01:37.747,0.7315200000000001,0.7314,1,2.12
30.08.2021 00:01:37.848,0.7315200000000001,0.7314200000000001,1,1
30.08.2021 00:01:37.949,0.7315200000000001,0.7314,1,1.25
30.08.2021 00:01:45.138,0.7315,0.7314,1,1
30.08.2021 00:01:48.768,0.7315100000000001,0.7314100000000001,1,1
30.08.2021 00:01:48.920,0.7315200000000001,0.7314200000000001,1,1.25
30.08.2021 00:01:49.021,0.7315200000000001,0.7314,1,1.25
30.08.2021 00:01:53.898,0.73153,0.7314200000000001,1,1
30.08.2021 00:01:54.050,0.7315200000000001,0.7314200000000001,1,1
30.08.2021 00:01:54.254,0.7315100000000001,0.7314100000000001,1,1.69
30.08.2021 00:01:54.835,0.7315,0.7314,1,1.25
30.08.2021 00:01:55.651,0.7315,0.73138,1,1.69
30.08.2021 00:01:56.358,0.7315,0.7314,1,1
30.08.2021 00:02:01.657,0.7315200000000001,0.7314200000000001,2.51,1
30.08.2021 00:02:01.766,0.7315200000000001,0.7314100000000001,1.57,2.44
30.08.2021 00:02:01.867,0.7315100000000001,0.7314100000000001,1.1,1
30.08.2021 00:02:04.261,0.7315,0.7314,1,1
30.08.2021 00:02:05.728,0.73149,0.73139,1,1.25
30.08.2021 00:02:08.072,0.7315,0.73139,1.1,1.25
30.08.2021 00:02:08.173,0.7315100000000001,0.73139,1.1,1
30.08.2021 00:02:11.739,0.73149,0.73138,1.25,1.57
30.08.2021 00:02:14.051,0.7315,0.73139,2.51,1
30.08.2021 00:02:20.460,0.73148,0.73139,1.5,1
30.08.2021 00:02:20.562,0.7314200000000001,0.73134,1,1.87
30.08.2021 00:02:20.663,0.7314,0.7313000000000001,3.37,1.12
30.08.2021 00:02:20.764,0.73139,0.7313000000000001,1.25,1
30.08.2021 00:02:21.218,0.7314,0.7313000000000001,2.51,1
30.08.2021 00:02:21.319,0.7313600000000001,0.73124,1,1
30.08.2021 00:02:21.421,0.73137,0.73127,3.07,1
30.08.2021 00:02:21.572,0.73137,0.7312500000000001,1,1
30.08.2021 00:02:25.422,0.73139,0.73129,1.5,1
30.08.2021 00:02:25.674,0.73137,0.73127,1,1.25
30.08.2021 00:02:25.877,0.7313500000000001,0.7312500000000001,1,1
30.08.2021 00:02:25.978,0.7313600000000001,0.73123,2.76,1
30.08.2021 00:02:26.080,0.7313100000000001,0.73119,1.5,2.25
30.08.2021 00:02:26.181,0.7313100000000001,0.73119,3.51,1
30.08.2021 00:02:26.282,0.73126,0.73116,2.81,1
30.08.2021 00:02:26.384,0.7312500000000001,0.7311500000000001,1,1
30.08.2021 00:02:28.132,0.73126,0.73116,1.69,1
30.08.2021 00:02:28.233,0.73127,0.73117,1.69,1
30.08.2021 00:02:28.499,0.73129,0.73119,1.5,1
30.08.2021 00:02:32.694,0.7313100000000001,0.73119,1.76,1
30.08.2021 00:02:39.945,0.73133,0.73121,1.12,1
30.08.2021 00:02:40.587,0.73132,0.73122,3.51,1
30.08.2021 00:02:40.688,0.73132,0.7312000000000001,1.01,1
30.08.2021 00:02:40.840,0.73132,0.7312000000000001,2.01,1
30.08.2021 00:02:41.004,0.73132,0.73121,1.97,1
30.08.2021 00:02:41.106,0.73133,0.73123,1.69,1
30.08.2021 00:02:41.610,0.7313100000000001,0.73121,1,1
30.08.2021 00:02:47.811,0.73132,0.73122,1,1
30.08.2021 00:02:47.912,0.73133,0.73123,2.14,1
30.08.2021 00:02:48.417,0.73134,0.73124,2.44,1
30.08.2021 00:02:48.518,0.7313500000000001,0.7312500000000001,1.25,1
30.08.2021 00:02:48.619,0.7313600000000001,0.73126,1.01,1
30.08.2021 00:02:48.720,0.73137,0.7312500000000001,2.01,1
30.08.2021 00:02:53.693,0.7313600000000001,0.7312500000000001,2.39,1
30.08.2021 00:02:59.864,0.73137,0.73127,1.01,1
30.08.2021 00:03:00.016,0.73139,0.73126,1.01,1
30.08.2021 00:03:01.733,0.73138,0.73128,1,1
30.08.2021 00:03:01.834,0.7314,0.7313000000000001,1.1,1
30.08.2021 00:03:01.935,0.73143,0.73132,1,1
30.08.2021 00:03:01.986,0.73144,0.73133,1.39,1
30.08.2021 00:03:02.087,0.73145,0.73133,1.1,1
30.08.2021 00:03:02.927,0.73145,0.7313500000000001,1.1,1
30.08.2021 00:03:04.217,0.7314700000000001,0.7313600000000001,1.1,1
30.08.2021 00:03:05.833,0.73149,0.73139,1.1,1
30.08.2021 00:03:06.846,0.7315,0.7314,1.35,1
30.08.2021 00:03:07.605,0.7315,0.73138,1.1,1
30.08.2021 00:03:08.678,0.73148,0.73138,1,1
30.08.2021 00:03:08.779,0.7314700000000001,0.73137,1,1
30.08.2021 00:03:08.887,0.73149,0.73137,1.1,1
30.08.2021 00:03:13.741,0.7314600000000001,0.7313600000000001,1.31,1
30.08.2021 00:03:14.086,0.7314600000000001,0.7313600000000001,2.31,1
30.08.2021 00:03:14.402,0.7314600000000001,0.7313500000000001,1,1.25
30.08.2021 00:03:14.504,0.7314600000000001,0.7313600000000001,1,1
30.08.2021 00:03:16.331,0.7314700000000001,0.7313600000000001,1.25,1
30.08.2021 00:03:24.462,0.7314700000000001,0.7313500000000001,1,1
30.08.2021 00:03:33.984,0.7314700000000001,0.73134,1.39,1
30.08.2021 00:03:34.361,0.7314600000000001,0.7313500000000001,2.39,1
30.08.2021 00:03:45.223,0.7314,0.7313100000000001,1,1.25
30.08.2021 00:03:45.274,0.7314,0.73129,2.7,1
30.08.2021 00:03:45.325,0.73139,0.73128,4.26,1
30.08.2021 00:03:45.426,0.7313600000000001,0.73126,1.25,1
30.08.2021 00:03:45.476,0.7313500000000001,0.7312500000000001,1.69,1
30.08.2021 00:03:45.580,0.7313500000000001,0.73124,3.51,1
30.08.2021 00:03:45.682,0.73134,0.73122,1.25,1
30.08.2021 00:03:45.783,0.73132,0.73122,1,1
30.08.2021 00:03:48.699,0.7313100000000001,0.73119,1.76,1
30.08.2021 00:03:48.800,0.73129,0.73117,1.25,1
30.08.2021 00:03:48.901,0.73127,0.7311500000000001,1.39,1
30.08.2021 00:03:53.104,0.73127,0.73117,1.01,1
30.08.2021 00:03:59.223,0.73129,0.73119,3.51,1
30.08.2021 00:03:59.324,0.73128,0.73117,1.01,1
30.08.2021 00:04:00.345,0.73128,0.73117,2.01,1
30.08.2021 00:04:03.042,0.73128,0.73116,3.54,1
30.08.2021 00:04:03.143,0.73126,0.73116,1.01,1
30.08.2021 00:04:04.993,0.7313000000000001,0.73118,2.51,1
30.08.2021 00:04:05.145,0.7313100000000001,0.73119,1.46,1
30.08.2021 00:04:12.725,0.7313000000000001,0.73119,1.01,1
30.08.2021 00:04:16.012,0.73129,0.73119,1,1
30.08.2021 00:04:16.862,0.73127,0.7311500000000001,1.2,1
30.08.2021 00:04:16.963,0.7312500000000001,0.7311500000000001,1,1
30.08.2021 00:04:17.166,0.73129,0.73118,1.8,1
30.08.2021 00:04:17.267,0.73128,0.73119,1,1
30.08.2021 00:04:17.369,0.7313000000000001,0.73118,1.1,1
30.08.2021 00:04:19.356,0.73127,0.73117,1.1,1
30.08.2021 00:04:19.457,0.73127,0.7311500000000001,1,1
30.08.2021 00:04:27.410,0.73127,0.73117,1.69,1
30.08.2021 00:04:36.085,0.7313000000000001,0.73118,1.5,1
30.08.2021 00:04:48.452,0.73128,0.73119,1,1
30.08.2021 00:04:48.553,0.73127,0.73117,1,1
30.08.2021 00:04:48.705,0.73126,0.73117,1,1
30.08.2021 00:04:49.517,0.73127,0.73117,1,1
30.08.2021 00:04:49.619,0.73126,0.73117,1,1
30.08.2021 00:04:51.203,0.73126,0.73116,1,1
30.08.2021 00:04:52.141,0.7312500000000001,0.7311500000000001,1,1
30.08.2021 00:05:01.118,0.73122,0.7311000000000001,2.44,1
30.08.2021 00:05:01.219,0.73121,0.7311000000000001,2.81,1
30.08.2021 00:05:01.320,0.73121,0.7310800000000001,2.69,1
30.08.2021 00:05:09.104,0.7312000000000001,0.73109,1.69,1
30.08.2021 00:05:25.636,0.7312000000000001,0.7311000000000001,1,1.5
30.08.2021 00:05:25.737,0.73124,0.7311300000000001,1,1.25
30.08.2021 00:05:25.839,0.7312500000000001,0.73114,2.25,1.25
30.08.2021 00:05:25.940,0.7312500000000001,0.7311500000000001,2.25,1
30.08.2021 00:05:26.041,0.73128,0.73116,1.25,1
30.08.2021 00:05:29.846,0.73129,0.73118,1.69,1
30.08.2021 00:05:31.127,0.73127,0.73117,1,1
30.08.2021 00:05:34.815,0.7312500000000001,0.7311500000000001,1,1.87
30.08.2021 00:05:34.917,0.7312500000000001,0.73114,1.87,1.25
30.08.2021 00:05:35.018,0.73126,0.7311300000000001,3.44,1
30.08.2021 00:05:36.136,0.73123,0.7311300000000001,1.25,1
30.08.2021 00:05:48.513,0.73121,0.73109,1,1.25
30.08.2021 00:05:52.093,0.73119,0.73109,1,1
30.08.2021 00:05:53.312,0.73118,0.7310800000000001,1.12,1
30.08.2021 00:05:53.413,0.73118,0.7310800000000001,1.94,1
30.08.2021 00:05:53.802,0.73117,0.73107,1.25,1
30.08.2021 00:05:54.575,0.73119,0.73107,1.5,1
30.08.2021 00:05:54.677,0.73118,0.73109,1,1
30.08.2021 00:05:54.852,0.73119,0.73109,1,1
30.08.2021 00:06:00.407,0.73119,0.73107,1,1
30.08.2021 00:06:01.645,0.73119,0.7310800000000001,1.5,1
30.08.2021 00:06:01.897,0.73118,0.7310800000000001,1.25,1
30.08.2021 00:06:13.853,0.73119,0.73109,1.94,1
30.08.2021 00:06:14.973,0.73119,0.73109,1.69,1
30.08.2021 00:06:19.431,0.73119,0.7310800000000001,1,1
30.08.2021 00:06:19.482,0.73116,0.73104,1,1.12
30.08.2021 00:06:25.577,0.7311300000000001,0.73104,1,1
30.08.2021 00:06:25.679,0.7311500000000001,0.7310300000000001,1.25,1
30.08.2021 00:06:26.501,0.73112,0.73102,1.69,1
30.08.2021 00:06:31.411,0.73112,0.73101,1.69,1
30.08.2021 00:06:34.191,0.73111,0.73101,2.06,1
30.08.2021 00:06:36.019,0.7311300000000001,0.73102,1,1
30.08.2021 00:06:36.120,0.7311300000000001,0.7310300000000001,1,1
30.08.2021 00:06:38.850,0.73114,0.73104,2.44,1
30.08.2021 00:06:39.157,0.7311500000000001,0.73104,1,1
30.08.2021 00:06:39.407,0.7311500000000001,0.7310500000000001,1.69,1
30.08.2021 00:06:39.824,0.73114,0.7310500000000001,1,1
30.08.2021 00:06:44.694,0.73114,0.73106,1,1
30.08.2021 00:06:54.928,0.7311500000000001,0.7310300000000001,1,1.5
30.08.2021 00:06:58.446,0.73114,0.7310300000000001,2.25,1
30.08.2021 00:07:00.063,0.73114,0.73104,1.5,1
30.08.2021 00:07:01.706,0.7311500000000001,0.73104,1.5,1
30.08.2021 00:07:02.134,0.7311500000000001,0.7310500000000001,2.25,1
30.08.2021 00:07:03.717,0.73116,0.7310500000000001,1.5,1.12
30.08.2021 00:07:03.768,0.73118,0.73107,2.62,1
30.08.2021 00:07:03.869,0.73119,0.7310800000000001,3.19,1.5
30.08.2021 00:07:04.133,0.73119,0.73109,3,1
30.08.2021 00:07:08.701,0.73119,0.7311000000000001,1,1
30.08.2021 00:08:12.904,0.73121,0.73109,1.69,1
30.08.2021 00:08:43.420,0.73117,0.73109,1.69,1
30.08.2021 00:08:43.471,0.73116,0.73106,2.06,1
30.08.2021 00:08:43.673,0.73116,0.73106,3.81,1
30.08.2021 00:08:46.169,0.73116,0.73104,1.25,1
30.08.2021 00:08:51.819,0.7311500000000001,0.73104,1,1
30.08.2021 00:08:55.821,0.7311500000000001,0.7310500000000001,1.69,1
30.08.2021 00:09:02.638,0.73111,0.7310300000000001,1.5,1
30.08.2021 00:09:02.688,0.7311300000000001,0.7310300000000001,1.69,1
30.08.2021 00:09:02.790,0.7311300000000001,0.73101,3.94,1
30.08.2021 00:09:02.891,0.73111,0.73101,1,1
30.08.2021 00:09:06.549,0.7311000000000001,0.731,1,1
30.08.2021 00:09:12.679,0.7310800000000001,0.7309800000000001,1.5,1
30.08.2021 00:09:12.780,0.73107,0.73097,1,1
30.08.2021 00:09:14.089,0.73106,0.73096,1.31,1
30.08.2021 00:09:14.191,0.73107,0.73095,2.31,1
30.08.2021 00:09:18.280,0.7310500000000001,0.73096,2.69,1
30.08.2021 00:09:23.333,0.7310500000000001,0.73095,2.69,1
30.08.2021 00:09:27.550,0.7310500000000001,0.73095,1.69,1.5
30.08.2021 00:09:34.120,0.7310500000000001,0.73095,2.69,1
30.08.2021 00:09:48.949,0.73107,0.73096,1.94,1
30.08.2021 00:09:53.699,0.73106,0.73096,2.69,1
30.08.2021 00:09:55.820,0.73107,0.7309800000000001,1.5,1
30.08.2021 00:09:55.921,0.7310800000000001,0.7309800000000001,3.19,1
30.08.2021 00:09:56.150,0.7310800000000001,0.7309800000000001,4.19,1
30.08.2021 00:09:59.849,0.7310800000000001,0.73099,1.25,1
30.08.2021 00:10:01.053,0.7310800000000001,0.73099,2.69,1
30.08.2021 00:10:01.311,0.73109,0.7309800000000001,1.25,1
30.08.2021 00:10:05.586,0.73107,0.7309800000000001,1,1
30.08.2021 00:10:05.688,0.7310800000000001,0.7309800000000001,1.69,1
30.08.2021 00:10:18.604,0.73106,0.73096,2.62,1
30.08.2021 00:10:23.712,0.7310500000000001,0.73095,1,1
30.08.2021 00:10:24.084,0.73106,0.73096,2.25,1
30.08.2021 00:10:24.186,0.7311000000000001,0.7309800000000001,1.69,1
30.08.2021 00:10:24.311,0.73109,0.731,1.25,1
30.08.2021 00:10:51.932,0.73107,0.73095,1.31,2.25
30.08.2021 00:10:52.033,0.7310500000000001,0.73096,1.25,1
30.08.2021 00:10:52.537,0.7310500000000001,0.73096,2.69,1
30.08.2021 00:11:00.449,0.73106,0.73094,3.51,1
30.08.2021 00:11:04.052,0.7310500000000001,0.73094,1.5,1
30.08.2021 00:11:14.101,0.73106,0.73094,3.89,1
30.08.2021 00:11:33.092,0.7310500000000001,0.7309300000000001,1.01,1
30.08.2021 00:11:38.832,0.7310500000000001,0.73095,1.01,1
30.08.2021 00:11:39.558,0.73107,0.73097,1.75,2.7
30.08.2021 00:11:39.609,0.73109,0.73099,3.07,1
30.08.2021 00:11:44.148,0.7311000000000001,0.731,1.57,1
30.08.2021 00:11:45.301,0.73111,0.73101,2.16,1
30.08.2021 00:11:46.259,0.73111,0.73101,1.1,1
30.08.2021 00:11:46.360,0.73112,0.73102,1.35,1
30.08.2021 00:11:47.015,0.73111,0.73101,1.2,1
30.08.2021 00:11:47.167,0.73111,0.73101,2.35,1
30.08.2021 00:11:52.109,0.73111,0.73101,2.51,1
30.08.2021 00:12:01.963,0.73112,0.731,3.66,1
30.08.2021 00:12:11.295,0.73112,0.731,2.32,1
30.08.2021 00:12:13.924,0.7311300000000001,0.73101,1.1,1
30.08.2021 00:12:15.099,0.7311300000000001,0.7310300000000001,1,1
30.08.2021 00:12:15.201,0.73114,0.73104,1.76,1
30.08.2021 00:12:16.152,0.73114,0.7310500000000001,1.01,1
30.08.2021 00:13:15.168,0.7311500000000001,0.7310500000000001,2.44,1
30.08.2021 00:13:21.113,0.7311500000000001,0.7310500000000001,4.19,1
30.08.2021 00:13:26.800,0.73111,0.73101,1,1
30.08.2021 00:13:26.901,0.73111,0.731,3.14,1
30.08.2021 00:13:38.322,0.73109,0.73099,1,1.5
30.08.2021 00:14:02.551,0.73109,0.7309800000000001,1.25,1
30.08.2021 00:14:02.602,0.73106,0.73096,3.37,1
30.08.2021 00:14:02.703,0.73106,0.73094,2.44,1
30.08.2021 00:14:02.804,0.7310500000000001,0.7309300000000001,1.25,1
30.08.2021 00:14:06.770,0.7310300000000001,0.7309100000000001,3.01,1
30.08.2021 00:14:06.973,0.73102,0.73092,1,1.25
30.08.2021 00:14:07.074,0.7310300000000001,0.7309300000000001,1,1
30.08.2021 00:14:18.527,0.73104,0.73095,1,1
30.08.2021 00:14:18.678,0.73104,0.73094,1.25,1
30.08.2021 00:14:19.082,0.7310500000000001,0.73095,1.25,1
30.08.2021 00:14:20.848,0.73106,0.73096,1.25,1
30.08.2021 00:14:24.576,0.7310500000000001,0.73095,1.25,1
30.08.2021 00:14:26.506,0.73104,0.73094,1.69,1
30.08.2021 00:14:26.607,0.73104,0.73092,1,1.5
30.08.2021 00:14:26.768,0.73104,0.73094,1,1
30.08.2021 00:15:01.641,0.7310500000000001,0.7309300000000001,3.44,1
30.08.2021 00:15:01.743,0.731,0.7309100000000001,1,1
30.08.2021 00:15:01.845,0.731,0.7309,1.5,3
30.08.2021 00:15:01.947,0.73101,0.7309100000000001,2.81,1
30.08.2021 00:15:03.381,0.73101,0.7309100000000001,4.56,1
30.08.2021 00:15:04.953,0.73101,0.7309100000000001,2.62,1
30.08.2021 00:15:05.571,0.73102,0.7309100000000001,3.56,1
30.08.2021 00:15:17.859,0.73104,0.73092,1,1
30.08.2021 00:15:18.419,0.73104,0.73094,1.69,1
30.08.2021 00:15:47.694,0.7310300000000001,0.73094,1,1
30.08.2021 00:15:54.893,0.7310500000000001,0.7309300000000001,3.26,1
30.08.2021 00:16:00.828,0.73102,0.73092,2.75,1
30.08.2021 00:16:01.647,0.73102,0.73092,1.1,1
30.08.2021 00:16:01.748,0.7310300000000001,0.7309300000000001,2.44,1
30.08.2021 00:16:05.135,0.73104,0.73094,2.44,1
30.08.2021 00:16:05.236,0.73104,0.73095,2.44,1
30.08.2021 00:16:05.455,0.7310300000000001,0.73095,1.25,1
30.08.2021 00:16:05.903,0.73104,0.73095,2.44,1
30.08.2021 00:16:08.570,0.7310500000000001,0.73096,1,1
30.08.2021 00:16:09.320,0.73106,0.73097,1.69,1
30.08.2021 00:16:10.104,0.7310800000000001,0.73099,1.69,1
30.08.2021 00:16:10.359,0.73107,0.7309800000000001,2.44,1
30.08.2021 00:16:10.460,0.73106,0.73097,1.25,1
30.08.2021 00:16:17.806,0.73107,0.73097,1.76,1
30.08.2021 00:16:21.681,0.7310500000000001,0.73096,1.25,1
30.08.2021 00:16:22.811,0.73106,0.73094,1.75,1
30.08.2021 00:16:26.470,0.7310500000000001,0.73096,1.25,1
30.08.2021 00:16:31.773,0.73106,0.73094,1.75,1
30.08.2021 00:16:35.265,0.7310500000000001,0.73096,1.25,1
30.08.2021 00:16:36.627,0.73106,0.73094,1.75,1
30.08.2021 00:16:41.248,0.73106,0.73095,1.25,1
30.08.2021 00:16:49.124,0.73106,0.73094,1.75,1
30.08.2021 00:16:58.574,0.73106,0.73096,1.82,1
30.08.2021 00:17:00.064,0.73107,0.73096,2.57,1.5
30.08.2021 00:17:05.254,0.7310800000000001,0.7309800000000001,1.25,1
30.08.2021 00:17:08.159,0.73109,0.73099,1.25,1
30.08.2021 00:17:13.454,0.73109,0.731,1.25,1
30.08.2021 00:17:13.948,0.73111,0.73101,2.12,1
30.08.2021 00:17:16.907,0.73112,0.73099,2.2,1.5
30.08.2021 00:17:17.008,0.7311000000000001,0.731,1.35,1.5
30.08.2021 00:17:19.928,0.73107,0.73096,1.01,1
30.08.2021 00:17:20.029,0.7310500000000001,0.73096,1.25,1.5
30.08.2021 00:17:30.025,0.73107,0.73096,1.79,1
30.08.2021 00:17:30.127,0.7310800000000001,0.73097,1.35,1
30.08.2021 00:17:30.329,0.7310800000000001,0.73097,1.25,1
30.08.2021 00:17:31.209,0.73109,0.7309800000000001,2.76,1
30.08.2021 00:17:33.943,0.7311000000000001,0.73099,2.54,1
30.08.2021 00:17:34.045,0.7311000000000001,0.73099,2.51,1
30.08.2021 00:17:38.694,0.7311000000000001,0.731,1.1,1
30.08.2021 00:18:02.067,0.7311300000000001,0.7310300000000001,1.25,3
30.08.2021 00:18:02.117,0.7311500000000001,0.73104,2.89,1
30.08.2021 00:18:02.219,0.73116,0.7310300000000001,2.16,1
30.08.2021 00:18:03.067,0.7311500000000001,0.73104,1.76,1
30.08.2021 00:18:10.063,0.73114,0.73104,1,1
30.08.2021 00:18:10.114,0.73111,0.7310300000000001,1.12,1
30.08.2021 00:18:10.165,0.73111,0.73101,1.39,1.5
30.08.2021 00:18:10.266,0.73111,0.731,2.14,1
30.08.2021 00:18:19.051,0.73111,0.73101,1.2,1
30.08.2021 00:18:20.807,0.73111,0.731,1,1
30.08.2021 00:18:20.919,0.73111,0.73101,1,1
30.08.2021 00:18:34.919,0.7311300000000001,0.7310300000000001,1.25,1
30.08.2021 00:18:35.020,0.73114,0.7310300000000001,2.51,1
30.08.2021 00:18:38.695,0.7311500000000001,0.7310300000000001,1.1,1
30.08.2021 00:18:42.804,0.73114,0.7310500000000001,1,1
30.08.2021 00:18:42.906,0.73116,0.73104,1.57,1
30.08.2021 00:18:43.321,0.7311500000000001,0.73106,1,1
30.08.2021 00:18:43.623,0.73118,0.7310500000000001,1.57,1
30.08.2021 00:18:43.725,0.73117,0.73106,3.6,1
30.08.2021 00:18:43.776,0.73119,0.73109,1.95,1
30.08.2021 00:18:43.878,0.7312000000000001,0.73109,1.2,1
30.08.2021 00:18:43.980,0.73121,0.7311300000000001,1,1
30.08.2021 00:18:44.031,0.7312500000000001,0.7311500000000001,2.92,1
30.08.2021 00:18:44.133,0.7312500000000001,0.7311500000000001,1.12,1
30.08.2021 00:18:44.234,0.73127,0.73114,2.51,1
30.08.2021 00:18:44.336,0.73126,0.73117,1,1
30.08.2021 00:18:44.387,0.73127,0.7311500000000001,4.29,1
30.08.2021 00:18:44.488,0.73127,0.73114,2.54,1
30.08.2021 00:18:45.440,0.73126,0.73114,1.1,1
30.08.2021 00:18:46.820,0.7312500000000001,0.7311500000000001,1.1,1
30.08.2021 00:18:47.028,0.73126,0.73114,1.1,1
30.08.2021 00:18:47.968,0.7312500000000001,0.7311500000000001,1,1
30.08.2021 00:18:48.069,0.73127,0.73114,1.95,1
30.08.2021 00:19:02.292,0.73126,0.73116,1,1
30.08.2021 00:19:03.017,0.73129,0.73119,1,1
30.08.2021 00:19:03.118,0.7313000000000001,0.73118,1.22,2.25
30.08.2021 00:19:03.913,0.73132,0.73119,2.16,1
30.08.2021 00:19:13.551,0.7313100000000001,0.7312000000000001,1.57,1
30.08.2021 00:19:13.888,0.7313100000000001,0.73122,1.1,1
30.08.2021 00:19:14.518,0.73134,0.73121,2.16,1
30.08.2021 00:19:14.619,0.73134,0.73124,3.32,1
30.08.2021 00:19:14.872,0.73134,0.73124,1.1,1
30.08.2021 00:19:15.075,0.7313500000000001,0.7312500000000001,1.1,1
30.08.2021 00:19:15.580,0.7313600000000001,0.7312500000000001,1.1,1
30.08.2021 00:19:16.770,0.7313600000000001,0.73127,1.1,1
30.08.2021 00:19:16.871,0.7313600000000001,0.73127,1,1
30.08.2021 00:19:17.174,0.73137,0.7312500000000001,1.1,1
30.08.2021 00:19:19.613,0.73138,0.73128,1,1
30.08.2021 00:19:19.714,0.7314100000000001,0.73129,2.79,1
30.08.2021 00:19:20.273,0.7314100000000001,0.7313000000000001,1.1,1
30.08.2021 00:19:41.985,0.73137,0.73127,2.32,1
30.08.2021 00:19:42.036,0.7313500000000001,0.73126,1,1
30.08.2021 00:19:42.187,0.73134,0.73126,1,1
30.08.2021 00:19:42.509,0.7313600000000001,0.7312500000000001,1.1,1
30.08.2021 00:19:50.196,0.7313600000000001,0.73127,1,1
30.08.2021 00:19:50.347,0.7313600000000001,0.73126,1.1,1
30.08.2021 00:20:02.079,0.73138,0.73129,1.69,1
30.08.2021 00:20:02.181,0.7314100000000001,0.73128,3.66,1.25
30.08.2021 00:20:02.282,0.7314,0.7313000000000001,1.1,1
30.08.2021 00:20:02.594,0.7314,0.7313100000000001,1.1,1
30.08.2021 00:20:03.698,0.7314,0.7313000000000001,1.1,1
30.08.2021 00:20:08.841,0.73138,0.7312500000000001,2.35,1.25
30.08.2021 00:20:12.847,0.73139,0.73127,1.57,1
30.08.2021 00:20:15.118,0.73138,0.73129,1,1
30.08.2021 00:20:15.372,0.73139,0.73129,1.1,1
30.08.2021 00:20:21.386,0.7314100000000001,0.73129,1.1,1
30.08.2021 00:20:21.537,0.7314,0.73129,1.1,1
30.08.2021 00:20:25.402,0.7314,0.7313000000000001,1.1,1
30.08.2021 00:20:43.679,0.73137,0.7312500000000001,1.1,1.69
30.08.2021 00:20:43.781,0.7313500000000001,0.73126,1,1
30.08.2021 00:20:43.882,0.7313500000000001,0.7312500000000001,1.1,1.25
30.08.2021 00:20:44.450,0.7313600000000001,0.7312500000000001,1.1,1
30.08.2021 00:20:48.300,0.7313600000000001,0.73126,1.1,1
30.08.2021 00:20:50.561,0.73139,0.7312500000000001,1.1,3.25
30.08.2021 00:20:50.662,0.73139,0.73128,1.1,1
30.08.2021 00:20:50.763,0.73139,0.73129,1.1,1
30.08.2021 00:20:51.120,0.7314100000000001,0.73129,1.1,1
30.08.2021 00:20:51.377,0.7314,0.7313000000000001,1.1,1
30.08.2021 00:21:04.881,0.7314200000000001,0.7313000000000001,1.1,1
30.08.2021 00:21:09.834,0.7314200000000001,0.73132,1.1,1
30.08.2021 00:21:09.884,0.73145,0.7313500000000001,2.7,1
30.08.2021 00:21:10.137,0.7314600000000001,0.7313600000000001,1,1
30.08.2021 00:21:10.239,0.7314700000000001,0.7313600000000001,2.32,1
30.08.2021 00:21:19.067,0.73148,0.73139,1.12,1
30.08.2021 00:21:19.269,0.73149,0.73139,1.1,1
30.08.2021 00:21:19.997,0.7315100000000001,0.73138,1.95,1
30.08.2021 00:21:32.413,0.7315,0.7314,1.01,1
30.08.2021 00:21:50.571,0.73153,0.7314,2.32,1
30.08.2021 00:21:50.672,0.73153,0.7314,2.72,1
30.08.2021 00:22:01.137,0.73153,0.73143,2.06,1
30.08.2021 00:22:01.238,0.73155,0.73143,1,1
30.08.2021 00:22:02.279,0.73155,0.73144,1.57,1.25
30.08.2021 00:22:04.037,0.73155,0.73145,1.1,1
30.08.2021 00:22:07.303,0.7315600000000001,0.73145,1.1,1.25
30.08.2021 00:22:07.404,0.73157,0.7314600000000001,4.6,1
30.08.2021 00:22:10.146,0.73153,0.73143,1.1,1
30.08.2021 00:22:10.247,0.73153,0.7314200000000001,1.2,1
30.08.2021 00:22:10.348,0.73155,0.7314200000000001,2.72,1
30.08.2021 00:22:11.584,0.73155,0.7314200000000001,1.76,1
30.08.2021 00:22:11.810,0.73155,0.7314200000000001,3.01,1
30.08.2021 00:22:12.014,0.73155,0.7314200000000001,1.76,1
30.08.2021 00:22:13.272,0.73154,0.73144,1.6,1
30.08.2021 00:22:13.472,0.73154,0.73144,1.01,1
30.08.2021 00:22:13.574,0.73154,0.73143,1.76,1
30.08.2021 00:22:16.011,0.73154,0.73144,1.1,1
30.08.2021 00:22:16.112,0.73155,0.7314200000000001,2.07,1
30.08.2021 00:22:16.213,0.73154,0.73143,1.57,1
30.08.2021 00:22:16.365,0.73153,0.7314,3.07,1.5
30.08.2021 00:22:16.466,0.7315200000000001,0.7314100000000001,3.1,1.5
30.08.2021 00:22:20.694,0.7315100000000001,0.7314,1.57,1.5
30.08.2021 00:22:30.645,0.7315200000000001,0.73139,1.6,1
30.08.2021 00:22:35.816,0.7315,0.73139,1.1,1
30.08.2021 00:22:44.623,0.73148,0.73138,1,1.5
30.08.2021 00:22:44.724,0.73149,0.73138,1,1.5
30.08.2021 00:22:45.836,0.7315,0.73139,1.57,1
30.08.2021 00:23:12.985,0.7315100000000001,0.7314,1.57,1
30.08.2021 00:23:14.751,0.7315200000000001,0.7314,1,1
30.08.2021 00:23:14.903,0.7315200000000001,0.73139,1,1.5
30.08.2021 00:24:11.726,0.7315,0.7314,1,1.69
30.08.2021 00:24:24.959,0.73153,0.7314100000000001,1.5,1
30.08.2021 00:24:25.060,0.73153,0.73143,1.6,1
30.08.2021 00:24:25.161,0.73154,0.7314200000000001,1,1
30.08.2021 00:24:33.018,0.7315600000000001,0.7314700000000001,1,1.5
30.08.2021 00:24:33.119,0.7316,0.73148,2.82,1
30.08.2021 00:24:33.221,0.73159,0.73149,2.32,1
30.08.2021 00:24:34.113,0.7316,0.7315,1.01,1
30.08.2021 00:24:47.553,0.7316,0.73149,1.1,1
30.08.2021 00:25:28.885,0.73163,0.73153,2.25,1
30.08.2021 00:25:28.936,0.73164,0.73153,1.01,1
30.08.2021 00:25:29.037,0.73165,0.7315200000000001,1,3.51
30.08.2021 00:25:29.138,0.7316600000000001,0.73153,1.01,1
30.08.2021 00:25:31.065,0.7316800000000001,0.73158,1.5,1
30.08.2021 00:25:31.166,0.7316600000000001,0.7315600000000001,1,1.87
30.08.2021 00:25:31.216,0.73169,0.7315600000000001,1.1,1.5
30.08.2021 00:25:31.986,0.7316800000000001,0.73158,1,1
30.08.2021 00:25:32.087,0.73169,0.73159,1,1
30.08.2021 00:25:32.810,0.7317100000000001,0.73158,1,1
30.08.2021 00:25:33.965,0.7317100000000001,0.73159,1,1
30.08.2021 00:25:34.067,0.7317,0.73159,1,2.14
30.08.2021 00:25:34.471,0.7317100000000001,0.7316,1,1.76
30.08.2021 00:25:34.889,0.7317100000000001,0.7316100000000001,1,1
30.08.2021 00:25:36.380,0.73172,0.7316100000000001,1,1.01
30.08.2021 00:25:36.721,0.7317300000000001,0.73162,1,1.76
30.08.2021 00:25:36.974,0.7317300000000001,0.73163,1,1
30.08.2021 00:25:41.598,0.73172,0.7316,1,1
30.08.2021 00:25:41.699,0.7317100000000001,0.7316,1,2.25
30.08.2021 00:25:48.625,0.7317,0.7316,1,1
30.08.2021 00:25:48.880,0.73169,0.7316,1,1
30.08.2021 00:25:48.982,0.73163,0.73155,1.1,1.12
30.08.2021 00:25:49.083,0.73162,0.7315100000000001,1.76,1
30.08.2021 00:25:49.184,0.7316100000000001,0.7315,1,2.51
30.08.2021 00:26:03.183,0.7316,0.7315,1,1
30.08.2021 00:26:04.042,0.73159,0.73149,1,1.5
30.08.2021 00:26:04.143,0.73157,0.73144,3.14,3.75
30.08.2021 00:26:04.245,0.7315600000000001,0.73144,4.26,1
30.08.2021 00:26:04.346,0.73155,0.73144,1.76,1.5
30.08.2021 00:26:06.349,0.73155,0.73145,1,1.5
30.08.2021 00:26:09.403,0.73157,0.7314700000000001,1.57,1
30.08.2021 00:26:09.555,0.73158,0.73148,1,1
30.08.2021 00:26:10.996,0.73159,0.73148,1.76,1
30.08.2021 00:26:19.126,0.73158,0.73148,1.1,1
30.08.2021 00:26:19.228,0.7315600000000001,0.7314600000000001,1,1.5
30.08.2021 00:26:21.244,0.73155,0.73144,1.1,2.51
30.08.2021 00:26:26.968,0.7315600000000001,0.73145,1.6,1
30.08.2021 00:26:30.233,0.73157,0.73144,1.5,1.76
30.08.2021 00:26:38.899,0.73155,0.73145,1.1,1
30.08.2021 00:26:40.338,0.73155,0.73144,1.1,2.44
30.08.2021 00:26:42.954,0.73154,0.73143,1.1,1.25
30.08.2021 00:26:43.072,0.73153,0.7314200000000001,1.1,1.25
30.08.2021 00:26:44.329,0.7315,0.73139,1.2,1.69
30.08.2021 00:26:46.341,0.73149,0.73139,1,1.25
30.08.2021 00:27:10.808,0.7315100000000001,0.7314,2.25,3.45
30.08.2021 00:27:10.858,0.73153,0.7314200000000001,4.65,1.69
30.08.2021 00:27:10.960,0.73153,0.73143,1.57,1
30.08.2021 00:27:13.134,0.73154,0.73143,2.32,1.69
30.08.2021 00:27:42.072,0.7315,0.7314,1,2.12
30.08.2021 00:27:42.174,0.73149,0.73139,1,1.69
30.08.2021 00:28:15.186,0.7314700000000001,0.7313600000000001,1,1.69
30.08.2021 00:28:22.417,0.7314700000000001,0.73134,2.62,1.25
30.08.2021 00:28:22.468,0.73144,0.73133,1,4.26
30.08.2021 00:28:22.670,0.73145,0.73132,1,1.76
30.08.2021 00:28:32.863,0.73145,0.73134,2.69,1
30.08.2021 00:28:34.050,0.73145,0.73134,1,1
30.08.2021 00:28:35.961,0.73144,0.73134,1,1
30.08.2021 00:28:50.043,0.7314600000000001,0.7313500000000001,2.44,1
30.08.2021 00:28:50.245,0.7314600000000001,0.7313600000000001,1,1
30.08.2021 00:28:53.743,0.7314700000000001,0.7313600000000001,1.25,1.5
30.08.2021 00:28:53.848,0.73148,0.73137,1.5,1
30.08.2021 00:28:53.949,0.73148,0.73138,1,1
30.08.2021 00:28:56.002,0.7314700000000001,0.73134,1,1
30.08.2021 00:28:58.103,0.7314700000000001,0.7313600000000001,1.25,1
30.08.2021 00:29:20.847,0.73148,0.73137,1.1,1
30.08.2021 00:29:20.949,0.73149,0.73138,1.39,1
30.08.2021 00:29:25.784,0.73148,0.73137,1,1.76
30.08.2021 00:29:30.441,0.7315,0.73137,1,1
30.08.2021 00:29:31.494,0.73148,0.73137,1,1.76
30.08.2021 00:29:32.856,0.73149,0.73138,1.12,1
30.08.2021 00:29:39.654,0.7315,0.73139,1.69,1
30.08.2021 00:29:45.274,0.73153,0.7314100000000001,1.1,1.5
30.08.2021 00:29:45.476,0.73154,0.7314100000000001,1,1.76
30.08.2021 00:29:50.743,0.73155,0.7314200000000001,1,1
30.08.2021 00:30:00.285,0.7315200000000001,0.73139,1.5,2.81
30.08.2021 00:30:00.386,0.7315100000000001,0.73138,1,1.12
30.08.2021 00:30:00.487,0.7315,0.73137,1.5,1.1
30.08.2021 00:30:04.264,0.7314600000000001,0.7313500000000001,3.37,1
30.08.2021 00:30:04.365,0.7314600000000001,0.73133,1.5,1
30.08.2021 00:30:04.467,0.73145,0.73132,1,1.76
30.08.2021 00:30:08.698,0.73145,0.73134,2.25,1
30.08.2021 00:30:22.017,0.73143,0.73133,1,1
30.08.2021 00:30:22.068,0.7314,0.7313100000000001,1,1.5
30.08.2021 00:30:22.169,0.7314,0.7313000000000001,1.25,1
30.08.2021 00:30:22.320,0.7314200000000001,0.73129,3.34,1
30.08.2021 00:30:22.724,0.7314100000000001,0.7313000000000001,3.81,1
30.08.2021 00:30:22.825,0.7314100000000001,0.7313000000000001,2.81,1
30.08.2021 00:30:22.926,0.7314100000000001,0.7313000000000001,4.26,1
30.08.2021 00:30:23.027,0.7314100000000001,0.7313000000000001,2.89,1
30.08.2021 00:30:23.128,0.7314100000000001,0.7313000000000001,3.14,1
30.08.2021 00:30:23.229,0.7314,0.73129,1.25,1.57
30.08.2021 00:30:23.482,0.7314200000000001,0.73132,1,1
30.08.2021 00:30:23.583,0.73144,0.7313100000000001,2.32,1
30.08.2021 00:30:24.344,0.73143,0.73134,1,1
30.08.2021 00:30:24.395,0.7314600000000001,0.73133,3.64,1
30.08.2021 00:30:24.797,0.73145,0.73134,2.35,1
30.08.2021 00:30:24.899,0.73145,0.7313500000000001,1.6,1
30.08.2021 00:30:27.043,0.7315,0.73138,3.44,3.94
30.08.2021 00:30:27.145,0.7315,0.7314,1,5.06
30.08.2021 00:30:27.246,0.7315,0.7314200000000001,1,1.25
30.08.2021 00:30:27.347,0.7315100000000001,0.7314,1.1,1.2
30.08.2021 00:30:27.449,0.7315,0.73139,1.1,1.69
30.08.2021 00:30:27.550,0.7315100000000001,0.7314,1.1,1.69
30.08.2021 00:30:29.738,0.7315200000000001,0.7314100000000001,3.35,1
30.08.2021 00:30:29.840,0.7315100000000001,0.7314100000000001,1.79,1
30.08.2021 00:30:29.941,0.7315100000000001,0.7314100000000001,1.01,1
30.08.2021 00:30:31.527,0.7315100000000001,0.73138,1.1,1.25
30.08.2021 00:30:36.260,0.7315200000000001,0.73143,1.9,1
30.08.2021 00:30:36.361,0.73153,0.73143,1.7,1
30.08.2021 00:30:36.462,0.73154,0.73143,3.29,1
30.08.2021 00:30:45.655,0.73153,0.7314200000000001,1.6,1
30.08.2021 00:30:49.095,0.73153,0.73143,1.1,1
30.08.2021 00:30:53.735,0.73154,0.7314100000000001,1.57,1
30.08.2021 00:30:53.943,0.73153,0.73143,1.1,1
30.08.2021 00:30:59.246,0.73153,0.7314200000000001,1.57,1
30.08.2021 00:30:59.397,0.73153,0.7314200000000001,1.6,1
30.08.2021 00:30:59.958,0.7315200000000001,0.7314100000000001,1.1,1
30.08.2021 00:31:00.161,0.73153,0.7314,1.1,1
30.08.2021 00:31:03.433,0.7315100000000001,0.73138,1.6,1.5
30.08.2021 00:31:27.740,0.7315,0.73137,1.1,1.69
30.08.2021 00:32:05.042,0.73149,0.7314,1,1
30.08.2021 00:32:05.147,0.73153,0.7314200000000001,3.07,2.25
30.08.2021 00:32:05.248,0.73154,0.73143,3.07,1.25
30.08.2021 00:32:30.629,0.7315100000000001,0.7314,1,2.81
30.08.2021 00:32:30.731,0.73153,0.7314,1.1,1.25
30.08.2021 00:32:32.612,0.7315200000000001,0.7314100000000001,1.1,2.87
30.08.2021 00:32:38.393,0.73149,0.73139,1,1
30.08.2021 00:32:38.494,0.73149,0.73138,1.1,1.69
30.08.2021 00:32:50.433,0.7315100000000001,0.73138,1.1,1
30.08.2021 00:32:50.551,0.7315,0.73139,1.1,1
30.08.2021 00:32:54.482,0.73149,0.73138,1.1,2.44
30.08.2021 00:32:55.292,0.73149,0.73138,1.6,1
30.08.2021 00:32:59.184,0.73148,0.73137,1.1,2.25
30.08.2021 00:33:10.867,0.73148,0.73137,1,4.19
30.08.2021 00:33:25.039,0.73149,0.7313600000000001,1,2.44
30.08.2021 00:33:26.283,0.73145,0.7313500000000001,1.57,1
30.08.2021 00:33:26.385,0.73144,0.73132,1,2.25
30.08.2021 00:33:58.511,0.73144,0.73133,1.57,2.44
30.08.2021 00:33:59.104,0.73143,0.73133,1,2.44
30.08.2021 00:34:05.169,0.73143,0.73132,1.1,2.44
30.08.2021 00:34:05.270,0.73143,0.73132,1,4.19
30.08.2021 00:34:11.737,0.7314200000000001,0.73129,2.54,2.25
30.08.2021 00:34:11.839,0.7314,0.73129,1.57,1
30.08.2021 00:34:12.040,0.73139,0.73128,1.1,2.44
30.08.2021 00:34:12.366,0.73139,0.73129,1.1,1
30.08.2021 00:34:21.044,0.73139,0.73128,1.1,1.69
30.08.2021 00:34:32.002,0.7314,0.73128,1.1,1
30.08.2021 00:34:33.038,0.73139,0.73128,1.1,2.44
30.08.2021 00:34:49.605,0.73139,0.73126,1,1.69
30.08.2021 00:34:49.707,0.73137,0.73126,1,1.69
30.08.2021 00:34:52.750,0.73134,0.73123,1.1,2.5
30.08.2021 00:34:52.852,0.73132,0.73122,1,5.06
30.08.2021 00:34:52.953,0.7313100000000001,0.73121,1.76,1
30.08.2021 00:34:53.004,0.7313000000000001,0.73119,1.79,1.5
30.08.2021 00:34:53.105,0.73128,0.73117,1.1,1.75
30.08.2021 00:34:53.206,0.73128,0.73117,1.1,1.25
30.08.2021 00:34:53.436,0.7312500000000001,0.73114,1.5,3.75
30.08.2021 00:34:53.537,0.73124,0.7311300000000001,1.1,1.12
30.08.2021 00:34:53.638,0.73122,0.73112,1.57,1
30.08.2021 00:34:53.840,0.73122,0.73111,1.57,1
30.08.2021 00:34:55.194,0.73124,0.73111,1,4.37
30.08.2021 00:34:56.512,0.73122,0.73112,1,3.62
30.08.2021 00:34:56.884,0.73122,0.73112,1,1.5
30.08.2021 00:35:04.965,0.73124,0.73111,1,2.25
30.08.2021 00:35:10.638,0.73124,0.73112,1,1
30.08.2021 00:35:10.743,0.73127,0.73117,1.01,1
30.08.2021 00:35:10.844,0.73128,0.73118,1.1,1
30.08.2021 00:35:14.395,0.73129,0.73118,1.76,1
30.08.2021 00:35:16.585,0.73129,0.73116,1.1,1.69
30.08.2021 00:35:19.544,0.73126,0.73114,1,1
30.08.2021 00:35:19.645,0.73126,0.7311300000000001,1,1.69
30.08.2021 00:35:27.771,0.73127,0.73117,1,1.5
30.08.2021 00:35:27.873,0.73128,0.73118,1.27,1
30.08.2021 00:35:33.073,0.7313000000000001,0.73119,1.01,1
30.08.2021 00:35:34.759,0.7313000000000001,0.73119,1.35,1
30.08.2021 00:35:35.776,0.7313100000000001,0.73118,1.76,1.12
30.08.2021 00:35:41.318,0.73134,0.73121,2.29,1
30.08.2021 00:35:41.470,0.73133,0.73122,1.57,1
30.08.2021 00:35:45.915,0.73134,0.73123,1.57,1
30.08.2021 00:35:53.444,0.73132,0.73122,1,1.69
30.08.2021 00:36:11.734,0.73129,0.7312000000000001,1,1
30.08.2021 00:36:11.835,0.73129,0.73119,1,1
30.08.2021 00:36:14.365,0.7313000000000001,0.73119,1.1,2.25
30.08.2021 00:36:21.343,0.73133,0.7312000000000001,1,1.69
30.08.2021 00:36:24.625,0.73132,0.7312000000000001,1,1.69
30.08.2021 00:36:46.663,0.73134,0.73124,3.24,1
30.08.2021 00:36:56.464,0.73134,0.7312500000000001,1.2,1
30.08.2021 00:36:56.516,0.7313500000000001,0.73127,1.2,1
30.08.2021 00:36:56.669,0.73137,0.73128,1.57,1
30.08.2021 00:36:56.771,0.73137,0.73129,1.57,1
30.08.2021 00:36:57.476,0.7314100000000001,0.73129,1.49,1
30.08.2021 00:36:59.838,0.7314100000000001,0.73132,1.97,1
30.08.2021 00:36:59.939,0.73143,0.73132,1.27,1
30.08.2021 00:37:00.040,0.73143,0.73134,1.22,1
30.08.2021 00:37:03.524,0.73144,0.73134,1.1,1
30.08.2021 00:37:04.509,0.73143,0.7313100000000001,1.79,1
30.08.2021 00:37:05.903,0.7314200000000001,0.7313100000000001,3.74,1
30.08.2021 00:37:11.723,0.7314200000000001,0.73132,2.54,1
30.08.2021 00:37:11.881,0.7314200000000001,0.73132,2.54,1
30.08.2021 00:37:22.068,0.7314100000000001,0.7313100000000001,1.6,1
30.08.2021 00:37:27.428,0.7314100000000001,0.7313000000000001,3.1,1
30.08.2021 00:37:30.364,0.7313600000000001,0.73126,1.1,1.25
30.08.2021 00:37:30.466,0.7313600000000001,0.7312500000000001,1.1,1
30.08.2021 00:37:30.567,0.7313500000000001,0.7312500000000001,2.51,1
30.08.2021 00:37:31.385,0.7313500000000001,0.7312500000000001,2.54,1
30.08.2021 00:37:39.374,0.73138,0.73128,3.49,1
30.08.2021 00:37:39.475,0.7314,0.73128,1.2,1
30.08.2021 00:37:43.189,0.7314,0.73129,2.54,1
30.08.2021 00:37:53.086,0.7314100000000001,0.7313000000000001,2.54,1
30.08.2021 00:37:53.138,0.7314200000000001,0.7313100000000001,2.99,1
30.08.2021 00:37:53.863,0.73143,0.73133,1.1,1
30.08.2021 00:37:56.024,0.73144,0.73132,1.1,1
30.08.2021 00:38:03.901,0.7314100000000001,0.7313100000000001,2.54,1
30.08.2021 00:38:05.216,0.7314100000000001,0.73128,1.6,1
30.08.2021 00:38:12.413,0.73139,0.73128,1.6,1
30.08.2021 00:38:16.629,0.7314,0.73129,1.79,1
30.08.2021 00:38:22.788,0.7314,0.73127,2.35,1
30.08.2021 00:38:49.050,0.7314,0.73129,2.54,1
30.08.2021 00:38:49.603,0.73143,0.7313000000000001,2.05,1
30.08.2021 00:38:49.705,0.7314200000000001,0.7313100000000001,1.1,1.25
30.08.2021 00:38:53.427,0.73143,0.73132,1.6,1
30.08.2021 00:39:11.416,0.7314200000000001,0.7313100000000001,1.1,1.69
30.08.2021 00:39:14.846,0.7314,0.7313000000000001,1,1.25
30.08.2021 00:39:14.947,0.7314,0.73128,1,1.25
30.08.2021 00:39:18.502,0.73138,0.73128,1,1.25
30.08.2021 00:39:29.039,0.7314,0.73129,1,2.44
30.08.2021 00:39:29.556,0.7314,0.7313000000000001,1,1.25
30.08.2021 00:39:32.743,0.7314200000000001,0.73129,1.1,1.69
30.08.2021 00:39:38.075,0.73143,0.7313000000000001,1.01,1
30.08.2021 00:39:41.960,0.7314100000000001,0.7313100000000001,1,1.25
30.08.2021 00:39:52.560,0.7314200000000001,0.7313100000000001,1.1,1.69
30.08.2021 00:39:53.971,0.73139,0.73129,1,1
30.08.2021 00:39:54.073,0.7313500000000001,0.73126,2.25,1
30.08.2021 00:39:54.174,0.73129,0.73122,1,1.5
30.08.2021 00:39:54.276,0.73129,0.73119,1,1.25
30.08.2021 00:39:59.695,0.7313000000000001,0.73119,1.1,1.69
30.08.2021 00:40:02.359,0.7313100000000001,0.73121,1,1
30.08.2021 00:40:02.908,0.73134,0.73121,1,1.69
30.08.2021 00:40:08.649,0.73133,0.73123,1,1
30.08.2021 00:40:08.750,0.73134,0.73123,1.76,1.5
30.08.2021 00:40:20.868,0.7313500000000001,0.73124,2.51,1
30.08.2021 00:40:20.918,0.7313600000000001,0.73126,1,1
30.08.2021 00:40:21.020,0.73138,0.7312500000000001,1.1,1.69
30.08.2021 00:40:23.853,0.73138,0.73127,1,1.69
30.08.2021 00:40:24.625,0.73138,0.73127,1,2.87
30.08.2021 00:40:24.726,0.73139,0.73126,1,1.69
30.08.2021 00:40:28.307,0.73138,0.73128,1,1
30.08.2021 00:40:55.486,0.73139,0.73128,1,1
30.08.2021 00:40:56.702,0.7314,0.7313100000000001,1,1.69
30.08.2021 00:40:56.803,0.7314100000000001,0.7313100000000001,1,1.69
30.08.2021 00:41:00.266,0.7314100000000001,0.73132,1,1
30.08.2021 00:41:00.368,0.73143,0.73132,1,2.44
30.08.2021 00:41:00.469,0.73143,0.73132,1,3.44
30.08.2021 00:41:03.065,0.73143,0.73132,1,2.44
30.08.2021 00:41:03.647,0.73143,0.73133,1,1
30.08.2021 00:41:04.307,0.73143,0.73132,1,2.44
30.08.2021 00:41:05.957,0.73143,0.73133,1,1
30.08.2021 00:41:09.050,0.73143,0.73132,1,2.44
30.08.2021 00:41:09.101,0.7314100000000001,0.73132,1,1
30.08.2021 00:41:09.485,0.7314100000000001,0.7313100000000001,1,1.5
30.08.2021 00:41:14.612,0.73143,0.7313000000000001,1.1,2.25
30.08.2021 00:41:29.379,0.73143,0.7313100000000001,1,1
30.08.2021 00:41:29.480,0.7314200000000001,0.7313100000000001,1,1.5
30.08.2021 00:41:29.581,0.7314,0.73132,1,1
30.08.2021 00:41:29.784,0.73139,0.73129,1,1.25
30.08.2021 00:41:31.351,0.7314,0.73127,1.1,1.5
30.08.2021 00:41:31.956,0.73137,0.73128,1,1.5
30.08.2021 00:41:32.057,0.73133,0.73123,1,1
30.08.2021 00:41:32.158,0.73133,0.73122,1,2.44
30.08.2021 00:41:33.283,0.73129,0.73119,1,1.25
30.08.2021 00:41:36.513,0.73129,0.73118,1.5,1.69
30.08.2021 00:41:40.781,0.73129,0.73119,1,1.25
30.08.2021 00:41:40.882,0.73132,0.73121,2.36,1.5
30.08.2021 00:41:40.984,0.73133,0.7312000000000001,1.76,1.5
30.08.2021 00:41:43.209,0.73129,0.73118,1,1.25
30.08.2021 00:41:50.047,0.73128,0.73117,1,2.44
30.08.2021 00:41:53.678,0.73129,0.73116,1,3.62
30.08.2021 00:42:02.995,0.73128,0.73117,1,2.44
30.08.2021 00:42:03.212,0.7312500000000001,0.73116,1,1.25
30.08.2021 00:42:03.262,0.73124,0.73114,1,3.19
30.08.2021 00:42:03.414,0.7312500000000001,0.73112,1.57,1.25
30.08.2021 00:42:30.303,0.7312000000000001,0.73111,1.1,1.25
30.08.2021 00:42:30.354,0.7312000000000001,0.7310800000000001,1,1.5
30.08.2021 00:42:30.455,0.73119,0.7310800000000001,1.57,1.69
30.08.2021 00:42:33.821,0.7312000000000001,0.73111,1.1,1
30.08.2021 00:42:33.872,0.73123,0.7311000000000001,1,4.69
30.08.2021 00:42:33.973,0.73123,0.7311300000000001,1,1.25
30.08.2021 00:42:35.105,0.73123,0.73112,3.29,1.25
30.08.2021 00:42:35.413,0.73123,0.73112,1.57,1
30.08.2021 00:43:00.978,0.7312000000000001,0.73111,1,1.25
30.08.2021 00:43:01.029,0.7312000000000001,0.73109,1.57,1.69
30.08.2021 00:43:20.624,0.73119,0.7310800000000001,1,2.44
30.08.2021 00:43:32.050,0.7312000000000001,0.73109,1,2.44
30.08.2021 00:43:32.101,0.73123,0.73114,1.31,1
30.08.2021 00:43:32.203,0.73124,0.73114,1,1
30.08.2021 00:43:32.305,0.7312500000000001,0.73116,1.25,1.25
30.08.2021 00:43:32.356,0.73127,0.73117,1,1
30.08.2021 00:43:32.607,0.73128,0.73117,1,1
30.08.2021 00:43:44.318,0.73127,0.73117,1,1
30.08.2021 00:43:44.803,0.73128,0.73117,1.57,1
30.08.2021 00:43:44.904,0.73128,0.73118,1,1
30.08.2021 00:43:50.694,0.7313000000000001,0.73117,1.57,1.5
30.08.2021 00:44:01.812,0.73129,0.73117,1,1.5
30.08.2021 00:44:08.693,0.73129,0.73118,1.57,1.5
30.08.2021 00:44:16.493,0.7313100000000001,0.7312000000000001,1.5,2.06
30.08.2021 00:44:16.594,0.73132,0.73121,1.57,1.25
30.08.2021 00:44:39.698,0.73133,0.73122,1.5,1.69
30.08.2021 00:44:44.695,0.73133,0.73121,1,1
30.08.2021 00:44:51.383,0.73133,0.73123,1.5,1
30.08.2021 00:44:52.054,0.73133,0.73122,1.5,1.5
30.08.2021 00:44:53.969,0.73133,0.73123,1.5,1
30.08.2021 00:44:55.830,0.7313600000000001,0.7312500000000001,1.65,3
30.08.2021 00:45:01.190,0.73137,0.73126,2.54,1
30.08.2021 00:45:02.344,0.7313600000000001,0.7312500000000001,1.01,2.25
30.08.2021 00:45:02.395,0.73134,0.73124,1.1,1.5
30.08.2021 00:45:04.134,0.73134,0.73123,1.76,2.25
30.08.2021 00:45:21.454,0.73134,0.73124,1.76,1
30.08.2021 00:45:21.556,0.7313500000000001,0.73124,1.76,2.25
30.08.2021 00:45:21.904,0.73134,0.73124,1.1,1.5
30.08.2021 00:45:28.160,0.7313600000000001,0.7312500000000001,1.57,1.5
30.08.2021 00:45:29.803,0.7313600000000001,0.73126,1,1
30.08.2021 00:45:32.852,0.73134,0.73124,1,1.5
30.08.2021 00:45:38.593,0.73134,0.73123,1.1,2.25
30.08.2021 00:45:40.073,0.7313100000000001,0.73121,1.22,1.37
30.08.2021 00:45:40.174,0.73129,0.73119,1.1,1.5
30.08.2021 00:45:40.276,0.7313000000000001,0.73119,1.01,1.5
30.08.2021 00:45:40.377,0.73129,0.73118,1.01,1.5
30.08.2021 00:45:40.555,0.7313000000000001,0.73117,2.76,1
30.08.2021 00:45:40.657,0.73128,0.73117,2.57,1.5
30.08.2021 00:45:42.813,0.73127,0.73116,1.01,2.25
30.08.2021 00:45:45.792,0.7312500000000001,0.7311500000000001,2.51,1
30.08.2021 00:45:45.894,0.73124,0.7311300000000001,2.51,1.5
30.08.2021 00:45:49.603,0.73124,0.73114,1.01,1
30.08.2021 00:45:49.801,0.73126,0.73118,1,2.62
30.08.2021 00:45:49.852,0.7313100000000001,0.7312000000000001,3.45,1
30.08.2021 00:45:50.104,0.73133,0.73122,1.6,1
30.08.2021 00:45:50.256,0.7313500000000001,0.73123,1.1,2.25
30.08.2021 00:45:50.357,0.73137,0.73127,1,1
30.08.2021 00:45:50.458,0.73138,0.73127,1.1,1
30.08.2021 00:45:50.559,0.73139,0.73128,1.97,1
30.08.2021 00:45:53.853,0.7313600000000001,0.73127,1.1,1
30.08.2021 00:45:53.904,0.7313600000000001,0.7312500000000001,2.95,1
30.08.2021 00:45:54.055,0.7313600000000001,0.7312500000000001,1.01,1
30.08.2021 00:45:54.501,0.7313500000000001,0.7312500000000001,1,1
30.08.2021 00:45:54.766,0.73137,0.73126,2.72,1
30.08.2021 00:45:56.370,0.7313600000000001,0.7312500000000001,2.14,1
30.08.2021 00:45:59.484,0.7313600000000001,0.7312500000000001,2.16,1
30.08.2021 00:46:01.420,0.7313600000000001,0.73123,1.79,1
30.08.2021 00:46:01.521,0.73134,0.73123,1.57,1
30.08.2021 00:46:02.713,0.73133,0.73123,1,1
30.08.2021 00:46:03.171,0.73133,0.73122,1.1,1.5
30.08.2021 00:46:03.784,0.73129,0.73119,1,1
30.08.2021 00:46:04.188,0.7313100000000001,0.7312000000000001,1.69,1
30.08.2021 00:46:04.289,0.73132,0.73121,2.69,1.5
30.08.2021 00:46:05.903,0.73132,0.73121,1.69,1.5
30.08.2021 00:46:12.788,0.7313100000000001,0.7312000000000001,1.76,1
30.08.2021 00:46:13.413,0.7313000000000001,0.73119,1.1,1.5
30.08.2021 00:46:14.075,0.7313000000000001,0.73117,1.57,1
30.08.2021 00:46:14.724,0.73124,0.7311500000000001,1,1.75
30.08.2021 00:46:14.876,0.73124,0.73114,1.57,2.5
30.08.2021 00:46:14.977,0.73124,0.73114,1.57,1.5
30.08.2021 00:46:15.299,0.73124,0.7311300000000001,1.57,2.25
30.08.2021 00:46:22.960,0.73128,0.7311500000000001,3.26,1
30.08.2021 00:46:23.821,0.73129,0.73118,2.54,1
30.08.2021 00:46:24.276,0.73129,0.73118,1.57,1
30.08.2021 00:46:24.479,0.73129,0.73118,1.79,1
30.08.2021 00:46:29.078,0.7313000000000001,0.73117,1.57,1
30.08.2021 00:46:31.849,0.73129,0.73119,1.1,1
30.08.2021 00:46:32.982,0.73129,0.73118,1.57,1
30.08.2021 00:46:33.101,0.73129,0.73118,1.79,1
30.08.2021 00:46:35.945,0.73129,0.73119,1.01,1
30.08.2021 00:46:38.848,0.7313000000000001,0.7312000000000001,1.1,1.5
30.08.2021 00:46:38.949,0.7313100000000001,0.7312000000000001,1.76,1.5
30.08.2021 00:46:47.190,0.73133,0.73122,1.79,1
30.08.2021 00:46:47.851,0.73133,0.73122,1.76,1
30.08.2021 00:46:55.074,0.7313500000000001,0.7312500000000001,1.76,1
30.08.2021 00:46:55.175,0.7313600000000001,0.73126,2.21,1
30.08.2021 00:47:05.273,0.73137,0.73124,1.76,1.5
30.08.2021 00:47:13.227,0.7313500000000001,0.7312500000000001,1,1
30.08.2021 00:47:14.050,0.7313100000000001,0.73122,1.57,1.5
30.08.2021 00:47:14.151,0.73129,0.73119,1,1
30.08.2021 00:47:14.833,0.73129,0.73118,1,2.44
30.08.2021 00:47:19.355,0.73128,0.73118,1,1
30.08.2021 00:47:27.901,0.73129,0.73118,1,1.5
30.08.2021 00:47:34.680,0.73132,0.7312000000000001,1.69,2.25
30.08.2021 00:47:34.781,0.73132,0.73121,1.69,1.5
30.08.2021 00:47:34.882,0.73133,0.73122,2.76,1.5
30.08.2021 00:47:34.983,0.73133,0.73122,1.76,1.5
30.08.2021 00:47:40.879,0.73133,0.73123,1,1
30.08.2021 00:47:43.598,0.73134,0.73123,1,1.5
30.08.2021 00:47:43.700,0.7313500000000001,0.73123,1.76,1.5
30.08.2021 00:47:43.825,0.73134,0.73123,1,1.5
30.08.2021 00:47:54.509,0.73134,0.73123,2.54,1
30.08.2021 00:47:54.879,0.73132,0.73122,1.76,1
30.08.2021 00:47:54.930,0.7313000000000001,0.73119,1.1,1
30.08.2021 00:47:54.981,0.73129,0.73118,1.1,2.25
30.08.2021 00:47:55.334,0.7313000000000001,0.73117,1.79,1
30.08.2021 00:47:59.694,0.73129,0.73116,1.01,1.5
30.08.2021 00:48:24.601,0.73128,0.73117,1.79,1
30.08.2021 00:48:24.703,0.7312500000000001,0.73116,3.32,1
30.08.2021 00:48:24.863,0.7312500000000001,0.73112,1.01,2.25
30.08.2021 00:48:26.040,0.73126,0.7311500000000001,1.5,1
30.08.2021 00:48:29.694,0.73126,0.73116,1.25,1
30.08.2021 00:48:33.972,0.73129,0.73116,1.5,1.5
30.08.2021 00:48:58.641,0.73129,0.73118,1.5,2.25
30.08.2021 00:48:58.692,0.7313000000000001,0.73121,1,4.87
30.08.2021 00:48:58.743,0.73132,0.73122,1.2,1.5
30.08.2021 00:48:58.844,0.73134,0.73121,1.5,1.87
30.08.2021 00:49:09.416,0.7313600000000001,0.7312500000000001,1.69,1.5
30.08.2021 00:49:09.517,0.73139,0.73126,2.02,2.25
30.08.2021 00:49:13.754,0.7314200000000001,0.73129,2.51,1
30.08.2021 00:49:13.855,0.7314,0.73129,1,2.25
30.08.2021 00:49:21.372,0.73139,0.73128,1.76,1.5
30.08.2021 00:49:23.648,0.73139,0.73128,1.79,1.5
30.08.2021 00:49:25.533,0.73139,0.73128,1.76,1.5
30.08.2021 00:49:30.652,0.7314,0.73127,2.54,1.5
30.08.2021 00:49:30.862,0.73139,0.73128,2.51,1.5
30.08.2021 00:49:39.874,0.73139,0.73128,2.54,1.5
30.08.2021 00:49:45.106,0.73139,0.73128,2.51,1.5
30.08.2021 00:50:01.775,0.73139,0.73128,1.79,1.5
30.08.2021 00:50:05.097,0.7313600000000001,0.73126,1.1,1
30.08.2021 00:50:05.198,0.73137,0.73126,3.26,1.5
30.08.2021 00:50:06.862,0.73137,0.73126,3.29,1
30.08.2021 00:50:10.220,0.73137,0.73126,3.26,1
30.08.2021 00:50:11.257,0.7313600000000001,0.73126,1,1
30.08.2021 00:50:22.496,0.7313500000000001,0.7312500000000001,1.1,1
30.08.2021 00:50:22.598,0.7313500000000001,0.73123,1.01,1
30.08.2021 00:50:45.858,0.7313500000000001,0.73126,1.25,4.5
30.08.2021 00:50:45.908,0.73138,0.73127,3.21,1.5
30.08.2021 00:50:46.009,0.73139,0.73126,1.01,3
30.08.2021 00:50:46.848,0.73139,0.73129,1.1,1
30.08.2021 00:50:48.390,0.7314100000000001,0.73132,1,1
30.08.2021 00:50:48.441,0.73143,0.73132,2.96,2.25
30.08.2021 00:50:48.542,0.73143,0.73133,1.39,1
30.08.2021 00:50:48.798,0.73144,0.73134,2.57,1
30.08.2021 00:51:03.811,0.73144,0.73133,3.32,1
30.08.2021 00:51:24.638,0.73145,0.73133,1.01,1
30.08.2021 00:52:01.849,0.73144,0.73133,2.51,1.5
30.08.2021 00:52:04.536,0.73143,0.73133,1.1,1
30.08.2021 00:52:08.694,0.73145,0.73132,2.51,1.5
30.08.2021 00:52:17.033,0.7314600000000001,0.7313500000000001,2.2,3.19
30.08.2021 00:52:17.134,0.73148,0.73137,3.8,1
30.08.2021 00:52:17.336,0.73148,0.7313500000000001,1.82,1.5
30.08.2021 00:52:21.203,0.7314600000000001,0.7313500000000001,1.01,2.25
30.08.2021 00:52:26.922,0.73145,0.73133,1.1,1
30.08.2021 00:52:27.075,0.73144,0.73133,1.57,2.44
30.08.2021 00:52:34.888,0.73144,0.7313100000000001,1.79,1
30.08.2021 00:52:34.989,0.7314,0.73132,1,1
30.08.2021 00:52:35.040,0.7314,0.73129,1.6,2.25
30.08.2021 00:52:43.986,0.7314100000000001,0.7313000000000001,1.57,2.25
30.08.2021 00:52:44.088,0.7314200000000001,0.7313100000000001,1.3,1.69
30.08.2021 00:52:44.189,0.7314200000000001,0.7313100000000001,1.1,1.69
30.08.2021 00:52:48.118,0.7314200000000001,0.7313000000000001,1,1.25
30.08.2021 00:52:50.668,0.7314200000000001,0.7313100000000001,1.1,1.69
30.08.2021 00:53:00.693,0.73143,0.73132,1.6,1.69
30.08.2021 00:53:00.744,0.73144,0.73133,1.1,1.69
30.08.2021 00:53:02.317,0.73145,0.7313500000000001,1.79,1
30.08.2021 00:53:03.218,0.7314600000000001,0.73133,1.79,1
30.08.2021 00:53:21.805,0.73145,0.73134,1.01,1
30.08.2021 00:53:21.908,0.7314700000000001,0.7313600000000001,1.57,1
30.08.2021 00:53:22.014,0.73148,0.7313500000000001,1.1,1
30.08.2021 00:53:23.848,0.73148,0.73137,1.57,1
30.08.2021 00:53:29.053,0.73145,0.7313500000000001,1,1.5
30.08.2021 00:53:34.379,0.73144,0.73133,1,2.25
30.08.2021 00:53:38.696,0.7314600000000001,0.73133,1.6,1
30.08.2021 00:53:39.027,0.73145,0.73134,1.57,1
30.08.2021 00:53:40.653,0.7314700000000001,0.73137,1.57,1
30.08.2021 00:53:40.957,0.73145,0.7313500000000001,1.1,1
30.08.2021 00:53:43.210,0.73145,0.73134,1.6,1.5
30.08.2021 00:53:58.274,0.73145,0.73134,2.32,1
30.08.2021 00:53:58.724,0.73145,0.73134,2.35,1
30.08.2021 00:54:01.861,0.73145,0.73134,2.32,1
30.08.2021 00:54:02.164,0.73145,0.73134,2.35,1
30.08.2021 00:54:02.417,0.73145,0.73134,2.32,1
30.08.2021 00:54:03.500,0.73144,0.73133,1,2.44
30.08.2021 00:54:08.744,0.73145,0.73134,2.32,1
30.08.2021 00:54:09.249,0.7314700000000001,0.73137,2.25,1
30.08.2021 00:54:09.350,0.7314700000000001,0.73138,1,1.69
30.08.2021 00:54:09.502,0.73149,0.73138,1.57,1.5
30.08.2021 00:54:10.769,0.7314600000000001,0.7313500000000001,1,2.25
30.08.2021 00:54:10.880,0.73145,0.7313500000000001,1,1.5
30.08.2021 00:54:10.981,0.73144,0.73134,1,1
30.08.2021 00:54:16.390,0.73145,0.7313500000000001,1,1.5
30.08.2021 00:54:24.819,0.7314600000000001,0.7313600000000001,1.1,1
30.08.2021 00:54:27.551,0.7314700000000001,0.73137,1.1,1
30.08.2021 00:54:27.652,0.7314700000000001,0.73137,1.1,1
30.08.2021 00:54:30.811,0.7314600000000001,0.7313500000000001,1.1,1.5
30.08.2021 00:54:31.468,0.73145,0.73133,1.1,1.5
30.08.2021 00:54:31.620,0.73144,0.73133,1.1,1.5
30.08.2021 00:54:31.721,0.7314200000000001,0.7313100000000001,1.57,1.69
30.08.2021 00:54:31.822,0.7314200000000001,0.73132,1.1,1
30.08.2021 00:54:38.911,0.73139,0.7313000000000001,1.1,1
30.08.2021 00:54:44.091,0.73139,0.73129,1.1,1
30.08.2021 00:54:52.471,0.7313500000000001,0.7312500000000001,1.25,2.25
30.08.2021 00:54:52.573,0.73134,0.7312500000000001,1,1
30.08.2021 00:54:54.211,0.73134,0.73124,1,1.5
30.08.2021 00:54:54.261,0.73133,0.73122,1.69,1.5
30.08.2021 00:54:56.804,0.73133,0.73123,1.1,1
30.08.2021 00:54:57.224,0.73133,0.73122,1.76,1.5
30.08.2021 00:54:57.275,0.73132,0.73122,1.35,1
30.08.2021 00:54:57.629,0.73132,0.73122,1,1
30.08.2021 00:54:57.984,0.73132,0.73121,1.1,1
30.08.2021 00:54:59.933,0.73129,0.7312000000000001,1,1
30.08.2021 00:55:00.186,0.73132,0.73122,1.1,1.25
30.08.2021 00:55:00.288,0.7313500000000001,0.73127,1.1,1.5
30.08.2021 00:55:00.389,0.7313600000000001,0.73124,1,1.5
30.08.2021 00:55:00.492,0.7313500000000001,0.73124,1.5,1.69
30.08.2021 00:55:00.543,0.73137,0.73126,1.5,1.25
30.08.2021 00:55:00.594,0.73139,0.73126,3.64,1.25
30.08.2021 00:55:00.746,0.73138,0.73126,1.1,1
30.08.2021 00:55:00.948,0.7313600000000001,0.7312500000000001,2.54,1.5
30.08.2021 00:55:01.051,0.7313600000000001,0.7312500000000001,2.91,1
30.08.2021 00:55:07.093,0.7313500000000001,0.7312500000000001,1.01,1
30.08.2021 00:55:08.699,0.7313500000000001,0.73124,1.76,1
30.08.2021 00:55:20.924,0.73134,0.73123,2.25,1
30.08.2021 00:55:21.025,0.7312500000000001,0.73117,1.5,1
30.08.2021 00:55:21.076,0.73124,0.73114,1,1
30.08.2021 00:55:24.080,0.7312500000000001,0.73118,1.25,1
30.08.2021 00:55:30.248,0.73127,0.73118,1.2,2.44
30.08.2021 00:55:30.400,0.73128,0.73117,2.85,1.5
30.08.2021 00:55:30.501,0.73128,0.73117,2.25,1.5
30.08.2021 00:55:30.602,0.73128,0.73118,1.5,1
30.08.2021 00:55:30.703,0.73127,0.73116,2.32,1.5
30.08.2021 00:55:30.804,0.73126,0.7311500000000001,1,1
30.08.2021 00:55:40.875,0.73127,0.73116,2.51,1
30.08.2021 00:55:45.073,0.73129,0.73118,3.26,1
30.08.2021 00:55:45.224,0.73128,0.7311500000000001,1,1.5
30.08.2021 00:55:50.576,0.73128,0.73118,1.01,1
30.08.2021 00:55:50.778,0.73127,0.7311500000000001,1,2.25
30.08.2021 00:55:50.879,0.73127,0.73116,2.02,1
30.08.2021 00:55:51.345,0.73126,0.73116,1,1
30.08.2021 00:55:51.446,0.73127,0.73114,2.32,1
30.08.2021 00:55:51.664,0.73126,0.7311300000000001,1.57,1
30.08.2021 00:56:01.479,0.73128,0.73116,1.57,1
30.08.2021 00:56:01.681,0.73128,0.73117,1.57,1
30.08.2021 00:56:01.833,0.73128,0.73119,1,1
30.08.2021 00:56:06.876,0.73129,0.73119,1.57,1
30.08.2021 00:56:09.413,0.7313000000000001,0.73119,2.32,1
30.08.2021 00:56:16.416,0.73128,0.73117,1,2.25
30.08.2021 00:56:16.517,0.73128,0.73117,1.79,1
30.08.2021 00:56:16.618,0.7312500000000001,0.73114,2.32,1.5
30.08.2021 00:56:18.358,0.7312500000000001,0.73114,3.74,1.5
30.08.2021 00:56:18.461,0.73126,0.7311300000000001,2.89,1.5
30.08.2021 00:56:19.495,0.73126,0.7311500000000001,1,1.69
30.08.2021 00:56:19.596,0.73127,0.73116,1.2,1.69
30.08.2021 00:56:19.697,0.73128,0.73117,1.25,2.25
30.08.2021 00:56:24.690,0.73128,0.7311500000000001,1,2.44
30.08.2021 00:56:32.112,0.7312500000000001,0.73114,2.51,1.5
30.08.2021 00:56:40.594,0.73124,0.73114,1,1.25
30.08.2021 00:56:45.081,0.73128,0.7311500000000001,1.39,3.82
30.08.2021 00:56:45.132,0.73128,0.73118,1.12,1
30.08.2021 00:56:45.233,0.73128,0.73119,1,1
30.08.2021 00:56:50.738,0.7313100000000001,0.73122,1.25,1
30.08.2021 00:56:50.840,0.73132,0.73123,1.5,1.25
30.08.2021 00:56:50.941,0.7313100000000001,0.73121,1,1.25
30.08.2021 00:56:52.775,0.7313000000000001,0.73121,1,1.25
30.08.2021 00:56:55.453,0.7313100000000001,0.73121,1,1.25
30.08.2021 00:56:59.969,0.73132,0.73122,1,1
30.08.2021 00:57:00.272,0.73133,0.73122,1.57,1
30.08.2021 00:57:00.322,0.7313000000000001,0.7312000000000001,1,1.5
30.08.2021 00:57:00.777,0.7313100000000001,0.7312000000000001,1,1
30.08.2021 00:57:11.386,0.73133,0.73121,1.87,2.51
30.08.2021 00:57:11.488,0.73129,0.73119,1,1
30.08.2021 00:57:11.589,0.73129,0.73118,1,2.81
30.08.2021 00:57:12.258,0.7313000000000001,0.73119,1.1,1
30.08.2021 00:57:20.807,0.73132,0.73119,2.7,1.5
30.08.2021 00:57:23.075,0.7313100000000001,0.73121,1.25,1.5
30.08.2021 00:57:23.127,0.73133,0.73122,2.89,1
30.08.2021 00:57:23.178,0.7313100000000001,0.73121,2.01,1
30.08.2021 00:57:23.280,0.7313100000000001,0.73121,1.25,1
30.08.2021 00:57:23.381,0.73132,0.73121,1.76,1
30.08.2021 00:57:23.584,0.73132,0.73121,2.76,1
30.08.2021 00:57:24.522,0.73133,0.7312000000000001,1.57,1
30.08.2021 00:57:24.675,0.73132,0.73122,1.94,1
30.08.2021 00:57:24.776,0.7313000000000001,0.7312000000000001,1.01,1
30.08.2021 00:57:24.877,0.7313100000000001,0.73118,1.76,1.5
30.08.2021 00:57:41.149,0.73132,0.73119,2.35,2.5
30.08.2021 00:57:41.200,0.73134,0.73122,1,1.25
30.08.2021 00:57:46.093,0.7313500000000001,0.73122,1.57,1.69
30.08.2021 00:57:47.436,0.7313600000000001,0.73123,2.32,1.69
30.08.2021 00:57:47.976,0.73137,0.73126,2.32,1.25
30.08.2021 00:57:48.650,0.73138,0.73129,2.02,1
30.08.2021 00:57:48.856,0.73138,0.73129,1.6,1
30.08.2021 00:57:51.463,0.73137,0.73128,1.1,1
30.08.2021 00:57:53.504,0.73139,0.73129,1,1
30.08.2021 00:57:53.605,0.73139,0.7313000000000001,1.27,1
30.08.2021 00:57:55.329,0.73137,0.73129,1,1
30.08.2021 00:57:59.743,0.73137,0.73128,1.57,1
30.08.2021 00:58:05.893,0.7313500000000001,0.73126,1.57,1
30.08.2021 00:58:08.261,0.73134,0.73126,1,1
30.08.2021 00:58:14.694,0.73134,0.7312500000000001,1,1
30.08.2021 00:58:50.958,0.7313500000000001,0.7312500000000001,1,1.69
30.08.2021 00:58:51.009,0.73137,0.73126,3.07,1
30.08.2021 00:58:53.878,0.73138,0.73128,1.57,1
30.08.2021 00:58:55.078,0.73138,0.73129,1.57,1
30.08.2021 00:58:58.465,0.73137,0.73127,1,1
30.08.2021 00:58:58.566,0.7313600000000001,0.73127,1,1
30.08.2021 00:59:02.776,0.73134,0.73126,1,1
30.08.2021 00:59:07.829,0.7313500000000001,0.73124,1,1
30.08.2021 00:59:14.429,0.7313500000000001,0.73123,1,1
30.08.2021 00:59:28.218,0.7313500000000001,0.73126,1,1
30.08.2021 00:59:28.370,0.73137,0.73127,1.5,1
30.08.2021 00:59:29.823,0.73137,0.73128,1,1
30.08.2021 00:59:31.254,0.73139,0.73127,1,1
30.08.2021 00:59:34.195,0.7313600000000001,0.73126,1.1,1
30.08.2021 00:59:34.296,0.7313600000000001,0.7312500000000001,3.07,1.25
30.08.2021 00:59:36.562,0.7313600000000001,0.7312500000000001,1.6,1.25
30.08.2021 00:59:38.100,0.7313600000000001,0.73123,2.32,1.25
30.08.2021 00:59:51.713,0.7313500000000001,0.7312500000000001,1.1,1
30.08.2021 00:59:54.481,0.7313500000000001,0.73124,1.57,1.25
30.08.2021 00:59:56.712,0.7313500000000001,0.7312500000000001,1.1,1
30.08.2021 01:00:00.036,0.7313600000000001,0.7312500000000001,1.57,1.69
30.08.2021 01:00:00.622,0.7313600000000001,0.73123,1.1,2.44
30.08.2021 01:00:02.575,0.73138,0.73129,2.32,1.25
30.08.2021 01:00:02.625,0.7314,0.7313000000000001,2.62,1.25
30.08.2021 01:00:02.727,0.7314,0.7313100000000001,1.12,1.25
30.08.2021 01:00:02.828,0.73143,0.73133,2.47,1
30.08.2021 01:00:02.929,0.73143,0.73133,1,1
30.08.2021 01:00:03.535,0.7314200000000001,0.73132,2.54,1.5
30.08.2021 01:00:03.636,0.7314,0.73129,3.07,1.25
30.08.2021 01:00:03.788,0.7314,0.73129,4.6,1
30.08.2021 01:00:04.326,0.7314100000000001,0.73128,2.32,1.25
30.08.2021 01:00:04.427,0.7314,0.73129,2.32,1.75
30.08.2021 01:00:04.528,0.7314100000000001,0.73128,2.32,1
30.08.2021 01:00:04.629,0.7314100000000001,0.73128,3.17,1
30.08.2021 01:00:05.593,0.73137,0.7312500000000001,2.32,1.5
30.08.2021 01:00:05.695,0.73137,0.73124,1.57,1
30.08.2021 01:00:06.052,0.7313500000000001,0.73124,1.1,2.44
30.08.2021 01:00:11.109,0.7313500000000001,0.7312500000000001,1,1.25
30.08.2021 01:00:11.211,0.73138,0.73129,1,1
30.08.2021 01:00:12.786,0.7313600000000001,0.73126,1.2,1.25
30.08.2021 01:00:12.988,0.73137,0.73124,1.95,1.25
30.08.2021 01:00:13.089,0.7313500000000001,0.7312500000000001,1.1,1
30.08.2021 01:00:13.191,0.73137,0.7312500000000001,1.1,1
30.08.2021 01:00:13.292,0.73137,0.73126,1.57,1.69
30.08.2021 01:00:16.763,0.73138,0.73128,1,1
30.08.2021 01:00:17.190,0.73138,0.73129,1,1
30.08.2021 01:00:22.309,0.73138,0.73128,1.1,1
30.08.2021 01:00:22.511,0.73138,0.73127,1.57,1.69
30.08.2021 01:00:23.331,0.73138,0.73129,1,1
30.08.2021 01:00:25.424,0.7314,0.73129,2.32,1.25
30.08.2021 01:00:25.525,0.7314,0.7313000000000001,1.57,1
30.08.2021 01:00:31.675,0.7314,0.73129,4.49,1
30.08.2021 01:00:34.822,0.7314100000000001,0.73128,2.32,1.25
30.08.2021 01:00:35.075,0.7314,0.73129,1.6,1.69
30.08.2021 01:00:35.517,0.7314,0.7313000000000001,1.1,1
30.08.2021 01:00:35.619,0.7314200000000001,0.73133,1.6,1
30.08.2021 01:00:35.720,0.73145,0.73133,1.6,1
30.08.2021 01:00:36.178,0.73145,0.73133,1.95,1
30.08.2021 01:00:41.694,0.73144,0.73133,1.57,1.25
30.08.2021 01:00:41.818,0.73143,0.73132,1,2.5
30.08.2021 01:00:44.689,0.7314200000000001,0.7313100000000001,1.57,1.75
30.08.2021 01:00:44.791,0.7314200000000001,0.7313000000000001,1.1,1.25
30.08.2021 01:00:48.117,0.7314100000000001,0.7313100000000001,1.57,1.25
30.08.2021 01:00:51.204,0.7314100000000001,0.7313100000000001,1.6,1.25
30.08.2021 01:00:52.075,0.7314100000000001,0.7313100000000001,1.57,1.25
30.08.2021 01:00:52.685,0.73139,0.73129,1,1.75
30.08.2021 01:00:52.786,0.73137,0.73124,1.95,4.56
30.08.2021 01:00:52.888,0.7313500000000001,0.73124,1.57,2.62
30.08.2021 01:00:53.975,0.73129,0.73121,1,2.14
30.08.2021 01:00:54.076,0.73128,0.73118,1,1
30.08.2021 01:00:54.178,0.73126,0.73118,2.32,1
30.08.2021 01:00:54.228,0.73126,0.73114,1,1.69
30.08.2021 01:00:54.694,0.7312500000000001,0.73114,1.57,1.69
30.08.2021 01:00:58.377,0.73128,0.73116,1,1.87
30.08.2021 01:00:58.479,0.73128,0.73118,1,1
30.08.2021 01:01:01.643,0.73129,0.7312000000000001,1,1
30.08.2021 01:01:01.745,0.7313000000000001,0.7312000000000001,1,1
30.08.2021 01:01:03.644,0.7313000000000001,0.73122,1,1
30.08.2021 01:01:03.912,0.7313100000000001,0.73122,1,1
30.08.2021 01:01:04.013,0.73133,0.73124,1,1
30.08.2021 01:01:05.073,0.73133,0.73123,1,1
30.08.2021 01:01:07.097,0.73133,0.73122,2.51,1
30.08.2021 01:01:07.757,0.73134,0.73121,2.54,1
30.08.2021 01:01:08.063,0.7313000000000001,0.73119,1.76,1
30.08.2021 01:01:08.215,0.7313000000000001,0.73119,1.79,1
30.08.2021 01:01:15.494,0.73133,0.73121,1.25,1
30.08.2021 01:01:15.595,0.73133,0.73123,2.14,1
30.08.2021 01:01:15.797,0.73132,0.73122,1.5,1
30.08.2021 01:01:17.623,0.7313000000000001,0.73119,1.57,1.5
30.08.2021 01:01:18.086,0.73129,0.73119,1,1
30.08.2021 01:01:22.112,0.73128,0.73116,1,1.69
30.08.2021 01:01:23.062,0.73126,0.73117,1,1
30.08.2021 01:01:26.914,0.73128,0.73118,1.76,1
30.08.2021 01:01:31.832,0.73126,0.7311500000000001,1,1
30.08.2021 01:01:31.934,0.7312500000000001,0.7311500000000001,1.25,1
30.08.2021 01:01:33.231,0.7312500000000001,0.7311500000000001,2.01,1
30.08.2021 01:01:34.294,0.7312500000000001,0.7311500000000001,1.01,1
30.08.2021 01:01:47.643,0.73126,0.73118,1,1
30.08.2021 01:01:47.744,0.73127,0.73118,1,1
30.08.2021 01:01:58.672,0.73127,0.73119,1,1
30.08.2021 01:02:01.428,0.73129,0.73119,1.1,1
30.08.2021 01:02:03.623,0.7313100000000001,0.73118,1.57,1.25
30.08.2021 01:02:08.694,0.7313000000000001,0.7312000000000001,1.01,1
30.08.2021 01:02:17.870,0.73132,0.73123,2.5,1
30.08.2021 01:02:17.971,0.73132,0.73124,1,1
30.08.2021 01:02:18.072,0.73134,0.73124,1.6,1
30.08.2021 01:02:18.173,0.73134,0.73124,1,1
30.08.2021 01:02:23.279,0.73134,0.7312500000000001,1,1
30.08.2021 01:02:26.857,0.7313500000000001,0.7312500000000001,1.76,1
30.08.2021 01:02:28.939,0.73137,0.73124,1.5,2.51
30.08.2021 01:02:29.040,0.73138,0.73128,1.5,1
30.08.2021 01:02:29.197,0.73139,0.73128,1,1
30.08.2021 01:02:30.118,0.7314,0.73128,1,1.5
30.08.2021 01:02:39.580,0.7314,0.73129,1,1
30.08.2021 01:02:45.497,0.7314200000000001,0.73133,1,1
30.08.2021 01:02:45.598,0.73143,0.73134,1.25,1
30.08.2021 01:02:45.699,0.73144,0.7313500000000001,1,1
30.08.2021 01:02:53.275,0.73144,0.73133,3.26,1.5
30.08.2021 01:02:53.326,0.7314100000000001,0.73132,1,1.5
30.08.2021 01:02:53.427,0.7314100000000001,0.7313100000000001,1,1.5
30.08.2021 01:03:02.082,0.7314,0.7313000000000001,1.5,1
30.08.2021 01:03:11.383,0.7314,0.7313100000000001,2.44,1
30.08.2021 01:03:13.536,0.7314,0.7313100000000001,1,2.57
30.08.2021 01:03:13.687,0.7314200000000001,0.73134,1,1
30.08.2021 01:03:13.889,0.7314200000000001,0.73133,1,1
30.08.2021 01:03:19.343,0.7314200000000001,0.73134,1,1
30.08.2021 01:03:19.444,0.73143,0.73134,1,1
30.08.2021 01:03:20.806,0.73143,0.73132,1,1
30.08.2021 01:03:23.430,0.7314100000000001,0.73133,1.5,1
30.08.2021 01:03:23.481,0.7314,0.7313100000000001,1.5,1
30.08.2021 01:03:23.532,0.7314200000000001,0.73133,5.81,1
30.08.2021 01:03:23.633,0.7314100000000001,0.73133,1,1
30.08.2021 01:03:26.710,0.7314100000000001,0.73132,1,1
30.08.2021 01:03:32.848,0.73139,0.7313000000000001,1,1
30.08.2021 01:03:33.000,0.73138,0.7313000000000001,1,1
30.08.2021 01:03:33.101,0.7313500000000001,0.73126,1,1.5
30.08.2021 01:03:33.203,0.73134,0.7312500000000001,1,1
30.08.2021 01:03:36.052,0.73133,0.73124,2.44,1
30.08.2021 01:03:36.153,0.73133,0.73122,1,1
30.08.2021 01:03:41.695,0.73133,0.73121,2.44,1
30.08.2021 01:03:44.306,0.73129,0.7312000000000001,1,1
30.08.2021 01:03:49.720,0.7313100000000001,0.73122,1,1
30.08.2021 01:03:49.821,0.73132,0.73123,1,1
30.08.2021 01:03:50.073,0.73133,0.73123,1.5,1
30.08.2021 01:03:50.237,0.73133,0.73124,1.5,1
30.08.2021 01:03:50.389,0.73133,0.73123,1.5,1
30.08.2021 01:03:54.156,0.73133,0.73124,1.5,1
30.08.2021 01:03:54.436,0.73133,0.73123,1.5,1
30.08.2021 01:03:56.959,0.73133,0.73124,1.5,1
30.08.2021 01:03:57.312,0.73134,0.73124,1.5,1
30.08.2021 01:03:57.464,0.7313500000000001,0.73127,1,1
30.08.2021 01:03:57.515,0.73138,0.73126,1.5,1
30.08.2021 01:04:01.881,0.73138,0.73127,1.5,1
30.08.2021 01:04:01.982,0.7313500000000001,0.73126,1.5,1
30.08.2021 01:04:02.254,0.7313100000000001,0.73122,1,1.5
30.08.2021 01:04:02.355,0.73129,0.7312000000000001,1,1
30.08.2021 01:04:04.995,0.73126,0.73116,3,2.32
30.08.2021 01:04:05.096,0.73126,0.73117,1.5,1
30.08.2021 01:04:05.198,0.73128,0.73117,1,1
30.08.2021 01:04:14.227,0.73127,0.73119,1,1
30.08.2021 01:04:14.347,0.73129,0.73118,1,1
30.08.2021 01:04:23.718,0.73129,0.73117,1.5,1
30.08.2021 01:04:27.706,0.73127,0.73118,1,1
30.08.2021 01:04:27.857,0.73127,0.73117,1,1
30.08.2021 01:04:29.045,0.73126,0.7311500000000001,3.37,3.82
30.08.2021 01:04:33.032,0.73126,0.73114,1,2.32
30.08.2021 01:04:40.164,0.73122,0.73114,1.5,1
30.08.2021 01:04:40.215,0.7312000000000001,0.73111,1,1.25
30.08.2021 01:04:40.316,0.73118,0.7311000000000001,1,1
30.08.2021 01:04:41.699,0.73118,0.7310800000000001,1,1.76
30.08.2021 01:05:03.380,0.73118,0.73109,1,1
30.08.2021 01:05:12.061,0.73119,0.73106,1.5,3.52
30.08.2021 01:05:15.812,0.73116,0.73106,1.5,1
30.08.2021 01:05:15.862,0.73114,0.73104,1,1.76
30.08.2021 01:05:15.964,0.73114,0.7310300000000001,1.5,6.15
30.08.2021 01:05:16.065,0.7311300000000001,0.7310300000000001,1,2.25
30.08.2021 01:05:19.282,0.7311300000000001,0.73102,1.5,2.77
30.08.2021 01:05:20.028,0.7311300000000001,0.73102,2,2.77
30.08.2021 01:05:20.079,0.73112,0.73099,2.25,3.52
30.08.2021 01:05:20.134,0.73109,0.731,1,1.95
30.08.2021 01:05:20.235,0.7310800000000001,0.7309800000000001,1,2.51
30.08.2021 01:05:20.826,0.7310800000000001,0.73096,1,1.76
30.08.2021 01:05:20.978,0.73106,0.73096,1,1.95
30.08.2021 01:05:21.079,0.7310500000000001,0.73095,1,1.39
30.08.2021 01:05:26.502,0.73104,0.73094,1.69,1.5
30.08.2021 01:05:26.553,0.73104,0.7309300000000001,1.69,3.52
30.08.2021 01:05:52.961,0.7310300000000001,0.7309300000000001,2.44,1
30.08.2021 01:05:53.062,0.73102,0.73092,1.25,1.12
30.08.2021 01:05:55.350,0.73104,0.7309100000000001,2.44,1.2
30.08.2021 01:06:02.846,0.73102,0.73092,1,1.2
30.08.2021 01:06:06.240,0.7310500000000001,0.73095,1.5,2.51
30.08.2021 01:06:06.341,0.7310800000000001,0.73096,1,1.57
30.08.2021 01:06:06.494,0.7310800000000001,0.7309800000000001,3.19,1
30.08.2021 01:06:08.046,0.7310800000000001,0.73097,1.69,2.32
30.08.2021 01:06:08.147,0.73109,0.73097,1.69,1
30.08.2021 01:06:14.643,0.7310500000000001,0.73096,2.62,1.5
30.08.2021 01:06:14.744,0.7310500000000001,0.73096,3.51,1
30.08.2021 01:06:14.895,0.7310500000000001,0.73094,3.51,1
30.08.2021 01:06:15.190,0.73104,0.7309300000000001,1.25,2.32
30.08.2021 01:06:16.520,0.73104,0.7309300000000001,1.25,6.02
30.08.2021 01:06:16.571,0.7310800000000001,0.73096,1.69,1
30.08.2021 01:06:22.699,0.7310800000000001,0.73096,1.75,1
30.08.2021 01:06:22.800,0.73104,0.73094,1.25,1.95
30.08.2021 01:06:22.901,0.73104,0.73094,1.75,1
30.08.2021 01:06:23.280,0.73104,0.7309300000000001,2.5,1.57
30.08.2021 01:06:26.796,0.73104,0.7309300000000001,2.44,1.57
30.08.2021 01:06:32.462,0.7310300000000001,0.7309300000000001,2.44,1
30.08.2021 01:06:32.859,0.73104,0.7309100000000001,2.44,2.32
30.08.2021 01:06:33.205,0.7310300000000001,0.7309300000000001,1.5,1.1
30.08.2021 01:06:35.550,0.7310300000000001,0.7309300000000001,2.5,1
30.08.2021 01:06:35.702,0.73104,0.7309100000000001,2.5,2.32
30.08.2021 01:06:36.211,0.7310300000000001,0.7309300000000001,2.5,1
30.08.2021 01:06:39.058,0.7310300000000001,0.7309300000000001,2.25,1
30.08.2021 01:07:08.910,0.73104,0.73094,1.25,1.5
30.08.2021 01:07:08.961,0.7310500000000001,0.73097,1,1.01
30.08.2021 01:07:09.012,0.73109,0.73096,1.76,1.57
30.08.2021 01:07:09.113,0.7310800000000001,0.7309800000000001,1.25,1
30.08.2021 01:07:12.057,0.73106,0.73095,1.69,2.32
30.08.2021 01:07:12.373,0.73106,0.7309300000000001,1.69,1.95
30.08.2021 01:07:12.475,0.7310500000000001,0.73092,1.69,1.57
30.08.2021 01:07:23.913,0.7310300000000001,0.7309300000000001,1.75,1
30.08.2021 01:07:24.065,0.7310300000000001,0.73092,3,1.1
30.08.2021 01:07:24.166,0.73101,0.73092,1.25,1
30.08.2021 01:07:24.268,0.73102,0.7309300000000001,1.69,1
30.08.2021 01:07:24.369,0.73104,0.73092,2.89,1.1
30.08.2021 01:07:24.471,0.73107,0.73097,1.76,1
30.08.2021 01:07:24.623,0.7310800000000001,0.73097,1.69,1.5
30.08.2021 01:07:24.725,0.73107,0.73096,1.69,2.32
30.08.2021 01:07:24.826,0.7310500000000001,0.73096,1,1
30.08.2021 01:07:27.148,0.73107,0.73096,1.69,1.5
30.08.2021 01:07:27.250,0.7310500000000001,0.7309300000000001,1.69,1.5
30.08.2021 01:07:33.814,0.7310300000000001,0.73094,1,1
30.08.2021 01:07:37.818,0.73107,0.73096,1,1.5
30.08.2021 01:07:37.919,0.73109,0.73096,3.64,2.32
30.08.2021 01:07:38.121,0.7310800000000001,0.7309800000000001,2.44,1
30.08.2021 01:07:40.091,0.73109,0.7309800000000001,2.44,2.32
30.08.2021 01:07:41.477,0.7311000000000001,0.7309800000000001,2.51,1
30.08.2021 01:07:42.556,0.7311000000000001,0.73097,2.44,1.57
30.08.2021 01:07:43.127,0.73107,0.73095,1.76,1.5
30.08.2021 01:07:43.228,0.73104,0.73094,1.25,1
30.08.2021 01:07:43.329,0.73104,0.73094,1.75,1
30.08.2021 01:07:52.054,0.73106,0.73097,1,1
30.08.2021 01:07:52.155,0.7310800000000001,0.7309800000000001,3.04,1
30.08.2021 01:07:52.258,0.73109,0.73096,2.44,1.57
30.08.2021 01:07:52.359,0.7310800000000001,0.7309800000000001,2.44,1
30.08.2021 01:07:54.267,0.73107,0.73097,1,1.57
30.08.2021 01:07:54.419,0.7310800000000001,0.73097,2.44,1.57
30.08.2021 01:07:58.738,0.7310800000000001,0.7309800000000001,1.69,1.1
30.08.2021 01:07:58.839,0.7310800000000001,0.73099,1.25,1
30.08.2021 01:08:02.752,0.73109,0.73099,2.44,1
30.08.2021 01:08:23.049,0.7311000000000001,0.73101,1,1
30.08.2021 01:08:23.801,0.7311000000000001,0.7309800000000001,1,2.25
30.08.2021 01:08:24.255,0.73107,0.73097,1,1.57
30.08.2021 01:08:26.448,0.73107,0.7309800000000001,1,1.57
30.08.2021 01:08:30.620,0.73107,0.7309800000000001,1,3.29
30.08.2021 01:08:31.834,0.7310800000000001,0.73097,1,1.57
30.08.2021 01:08:37.260,0.73107,0.7309800000000001,1,2.35
30.08.2021 01:08:38.070,0.73111,0.73101,1,1
30.08.2021 01:08:38.171,0.73111,0.73102,1,1.6
30.08.2021 01:08:38.637,0.73112,0.73101,1,1.1
30.08.2021 01:08:45.105,0.73111,0.73102,1,1.6
30.08.2021 01:08:46.085,0.73111,0.73102,1,1.57
30.08.2021 01:08:47.555,0.73112,0.73101,1,1.1
30.08.2021 01:08:47.656,0.73112,0.73101,1,1.1
30.08.2021 01:08:53.646,0.73111,0.73102,1,1.1
30.08.2021 01:08:59.976,0.73112,0.73101,1,1.1
30.08.2021 01:09:02.436,0.73111,0.73102,1,1.6
30.08.2021 01:09:10.592,0.73111,0.73102,1,1.57
30.08.2021 01:09:34.322,0.73112,0.7310300000000001,1,1.25
30.08.2021 01:09:34.423,0.7311500000000001,0.7310800000000001,1,1
30.08.2021 01:09:34.524,0.73116,0.7310800000000001,1,1
30.08.2021 01:09:35.916,0.73117,0.73106,1,1.1
30.08.2021 01:09:36.118,0.7311500000000001,0.73107,1,1.1
30.08.2021 01:09:36.276,0.7311300000000001,0.73104,1,1
30.08.2021 01:09:36.378,0.73112,0.7310300000000001,1,1.25
30.08.2021 01:09:40.915,0.73112,0.73102,1,1.25
30.08.2021 01:09:50.093,0.73112,0.73102,1,3.32
30.08.2021 01:09:53.597,0.73112,0.73102,1,1.69
30.08.2021 01:09:54.244,0.73112,0.73101,1,1.5
30.08.2021 01:09:55.952,0.73112,0.73102,1,2.51
30.08.2021 01:10:00.305,0.73109,0.73099,1,1.57
30.08.2021 01:10:14.850,0.73112,0.73102,1.5,1.01
30.08.2021 01:10:14.951,0.73114,0.73102,1.5,1.1
30.08.2021 01:10:15.052,0.73116,0.7310500000000001,1.5,2.06
30.08.2021 01:10:15.153,0.73119,0.73107,1.5,2.91
30.08.2021 01:10:15.204,0.73122,0.73109,2.62,1.76
30.08.2021 01:10:15.457,0.73119,0.73107,1.5,1.57
30.08.2021 01:10:15.861,0.7312000000000001,0.73107,1.5,1.1
30.08.2021 01:10:19.257,0.73121,0.73111,1.5,1.95
30.08.2021 01:10:19.359,0.73123,0.73111,1.5,1.1
30.08.2021 01:10:20.055,0.73122,0.73112,1,2.54
30.08.2021 01:10:20.207,0.73123,0.7311300000000001,1,1.1
30.08.2021 01:10:37.410,0.73124,0.73114,1.5,1
30.08.2021 01:10:44.020,0.73126,0.7311500000000001,1.5,1.69
30.08.2021 01:10:44.322,0.73126,0.73116,1.5,1
30.08.2021 01:10:44.848,0.73127,0.73117,1,1
30.08.2021 01:10:46.356,0.73127,0.73118,1,1
30.08.2021 01:10:47.147,0.73129,0.73117,1,1.1
30.08.2021 01:10:50.388,0.7312500000000001,0.7311500000000001,1,2.44
30.08.2021 01:10:50.490,0.73127,0.73114,1.5,1.57
30.08.2021 01:11:10.472,0.73126,0.73114,1,2.44
30.08.2021 01:11:10.573,0.73126,0.73116,1.25,1.5
30.08.2021 01:11:10.675,0.73126,0.7311500000000001,1.76,1.5
30.08.2021 01:11:12.002,0.73128,0.73116,1,1
30.08.2021 01:11:15.835,0.73127,0.73118,1,1
30.08.2021 01:11:16.317,0.73127,0.73119,1,1
30.08.2021 01:11:17.287,0.73129,0.73121,1,1
30.08.2021 01:11:17.338,0.73133,0.73122,1.5,1
30.08.2021 01:11:17.439,0.73134,0.73122,1,1.5
30.08.2021 01:11:18.090,0.73134,0.73123,1,1
30.08.2021 01:11:18.919,0.7313500000000001,0.73124,1.01,3
30.08.2021 01:11:18.969,0.7313500000000001,0.73126,1.25,1
30.08.2021 01:11:20.785,0.73134,0.73126,1,1
30.08.2021 01:11:20.886,0.73134,0.7312500000000001,1,1
30.08.2021 01:11:23.846,0.7313600000000001,0.7312500000000001,1,2.44
30.08.2021 01:11:23.947,0.7313600000000001,0.73126,1,1
30.08.2021 01:11:24.815,0.73137,0.73127,1.5,1
30.08.2021 01:11:38.408,0.73138,0.73128,1.5,1
30.08.2021 01:11:38.919,0.73139,0.73126,1.57,1.5
30.08.2021 01:11:39.683,0.73138,0.73126,1.1,1
30.08.2021 01:11:39.896,0.73138,0.73127,2.4,1
30.08.2021 01:11:41.136,0.73138,0.73128,1.5,1
30.08.2021 01:12:01.012,0.73138,0.73129,1,1
30.08.2021 01:12:01.978,0.73139,0.73127,1,1
30.08.2021 01:12:06.834,0.7314100000000001,0.7313100000000001,1.87,1
30.08.2021 01:12:06.935,0.7314200000000001,0.73132,1,1
30.08.2021 01:12:07.036,0.73143,0.73133,1.5,1
30.08.2021 01:12:12.973,0.7314200000000001,0.73132,3.26,1
30.08.2021 01:12:13.024,0.7314,0.73129,1,2.32
30.08.2021 01:12:13.125,0.73139,0.73128,1,1.76
30.08.2021 01:12:16.177,0.7313600000000001,0.73126,1,1.01
30.08.2021 01:12:16.731,0.7313500000000001,0.7312500000000001,1,1.76
30.08.2021 01:12:16.833,0.73134,0.7312500000000001,1,1.01
30.08.2021 01:12:16.934,0.7313600000000001,0.73126,1,1
30.08.2021 01:12:19.651,0.73137,0.73127,1,1.01
30.08.2021 01:12:24.581,0.7313600000000001,0.73124,1,2.32
30.08.2021 01:12:25.750,0.73137,0.7312500000000001,3.94,1
30.08.2021 01:12:25.851,0.7313500000000001,0.7312500000000001,1,1.57
30.08.2021 01:12:25.952,0.7313500000000001,0.73126,1,1
30.08.2021 01:12:29.709,0.7313600000000001,0.73126,1,1
30.08.2021 01:12:31.030,0.7313500000000001,0.7312500000000001,1,1.1
30.08.2021 01:12:31.615,0.73134,0.7312500000000001,1,1
30.08.2021 01:12:32.070,0.73134,0.73124,1,2.32
30.08.2021 01:12:32.171,0.7313500000000001,0.7312500000000001,1,1.57
30.08.2021 01:12:32.272,0.73134,0.73124,1,2.51
30.08.2021 01:12:32.475,0.73133,0.73124,1,1
30.08.2021 01:12:35.295,0.73133,0.73123,1,1.5
30.08.2021 01:12:40.123,0.7313100000000001,0.73122,1.5,1
30.08.2021 01:12:40.173,0.73129,0.73119,1,1.1
30.08.2021 01:12:40.325,0.73129,0.73118,1,2.51
30.08.2021 01:12:40.729,0.73127,0.73118,1,1.57
30.08.2021 01:12:40.933,0.7313100000000001,0.7312000000000001,1.87,1.76
30.08.2021 01:12:40.984,0.73129,0.73119,1,3.72
30.08.2021 01:12:41.541,0.7313000000000001,0.7312000000000001,1,1.01
30.08.2021 01:12:44.270,0.7313000000000001,0.73121,1,1
30.08.2021 01:12:46.928,0.7313100000000001,0.73119,1,1.57
30.08.2021 01:12:49.724,0.73128,0.73119,1,1
30.08.2021 01:12:49.825,0.73128,0.73118,1,2.32
30.08.2021 01:12:51.652,0.7313000000000001,0.73118,1,1.57
30.08.2021 01:12:53.102,0.73128,0.73119,1,1
30.08.2021 01:13:07.292,0.73128,0.73118,1,1.76
30.08.2021 01:13:07.550,0.73128,0.73118,1,1.79
30.08.2021 01:13:07.652,0.73128,0.73118,1,1.76
30.08.2021 01:13:11.063,0.73129,0.73117,1,2.72
30.08.2021 01:13:11.432,0.73129,0.73119,1,1.1
30.08.2021 01:13:11.850,0.73132,0.73122,1.76,1.5
30.08.2021 01:13:11.951,0.7313100000000001,0.73121,1,1
30.08.2021 01:13:12.052,0.7313000000000001,0.7312000000000001,1,1.57
30.08.2021 01:13:14.189,0.7313100000000001,0.7312000000000001,1,1.57
30.08.2021 01:13:14.698,0.73132,0.73119,1,1.6
30.08.2021 01:13:14.882,0.73132,0.73121,1.5,1.1
30.08.2021 01:13:14.984,0.73133,0.73123,1.5,1
30.08.2021 01:13:15.695,0.73132,0.73122,1,1.57
30.08.2021 01:13:15.847,0.73133,0.73123,1.5,1
30.08.2021 01:13:22.801,0.73134,0.73124,1,1
30.08.2021 01:13:26.389,0.73134,0.73123,1,1
30.08.2021 01:13:26.997,0.73134,0.73124,1,1
30.08.2021 01:13:28.559,0.73134,0.73123,1.5,1.57
30.08.2021 01:13:29.093,0.73134,0.73122,1,1.5
30.08.2021 01:13:35.234,0.73133,0.73123,1,3.85
30.08.2021 01:13:35.876,0.73137,0.73127,1,1.5
30.08.2021 01:13:35.977,0.73138,0.73127,1,1.76
30.08.2021 01:13:38.858,0.73139,0.73126,1,1.79
30.08.2021 01:13:41.120,0.73139,0.73126,1,1.76
30.08.2021 01:13:41.221,0.73139,0.73128,1.5,1.57
30.08.2021 01:13:46.155,0.73137,0.7312500000000001,1,1.5
30.08.2021 01:13:46.256,0.7313500000000001,0.73126,1,1
30.08.2021 01:13:46.862,0.7313500000000001,0.7312500000000001,1,1.57
30.08.2021 01:13:46.963,0.73133,0.73124,1,1
30.08.2021 01:13:47.476,0.7313500000000001,0.73123,1,1
30.08.2021 01:13:47.728,0.7313500000000001,0.73124,1.5,1.76
30.08.2021 01:13:48.082,0.73134,0.73124,1,1.57
30.08.2021 01:13:49.281,0.7313500000000001,0.73124,1.5,1.76
30.08.2021 01:13:49.383,0.7313500000000001,0.73123,1,1.01
30.08.2021 01:13:54.533,0.73134,0.73123,1.69,1.1
30.08.2021 01:14:01.368,0.7313500000000001,0.73123,1,1
30.08.2021 01:14:02.777,0.7313600000000001,0.7312500000000001,1.25,1.57
30.08.2021 01:14:04.322,0.73138,0.73128,1.5,1
30.08.2021 01:14:04.524,0.73139,0.73128,1.5,1.76
30.08.2021 01:14:04.676,0.73139,0.73129,1,1.01
30.08.2021 01:14:04.726,0.7314100000000001,0.7313000000000001,1.95,1
30.08.2021 01:14:04.827,0.7314200000000001,0.73132,3.25,1.1
30.08.2021 01:14:04.878,0.73143,0.73133,1.5,1
30.08.2021 01:14:05.414,0.73143,0.7313100000000001,1,1.76
30.08.2021 01:14:06.588,0.73143,0.73132,1.5,1.76
30.08.2021 01:14:15.307,0.73143,0.73133,1,1.1
30.08.2021 01:14:15.408,0.73144,0.73133,1,1.57
30.08.2021 01:14:17.430,0.7314100000000001,0.7313100000000001,1,1
30.08.2021 01:14:17.531,0.7314,0.7313000000000001,1,1.57
30.08.2021 01:14:21.262,0.7314100000000001,0.7313000000000001,1,1.57
30.08.2021 01:14:21.675,0.7314,0.73127,1.5,1.57
30.08.2021 01:14:24.692,0.73138,0.73128,1,1.57
30.08.2021 01:14:25.350,0.7314,0.73127,1.5,1.57
30.08.2021 01:14:25.512,0.73143,0.7313000000000001,3.19,1.57
30.08.2021 01:14:25.613,0.7314200000000001,0.73132,1,1.01
30.08.2021 01:14:26.188,0.7314,0.7313100000000001,1,1.1
30.08.2021 01:14:26.290,0.7314,0.7313000000000001,1,1.1
30.08.2021 01:14:27.593,0.7314,0.7313000000000001,1,1.1
30.08.2021 01:14:27.795,0.7314,0.7313000000000001,1,1.1
30.08.2021 01:14:31.915,0.73139,0.73129,1,1
30.08.2021 01:14:32.410,0.73139,0.73128,1,1.57
30.08.2021 01:14:37.087,0.73138,0.73128,1,1.01
30.08.2021 01:14:40.795,0.7313500000000001,0.7312500000000001,1,3.32
30.08.2021 01:14:40.896,0.7313600000000001,0.73124,1,3.26
30.08.2021 01:14:41.099,0.73134,0.73124,1,4.01
30.08.2021 01:14:43.598,0.7313500000000001,0.73122,2.44,1.1
30.08.2021 01:14:43.699,0.73133,0.7312000000000001,1.25,1.1
30.08.2021 01:14:43.800,0.73129,0.7312000000000001,1,1
30.08.2021 01:14:44.820,0.73129,0.73119,1,1.01
30.08.2021 01:14:44.935,0.73129,0.7312000000000001,1,1
30.08.2021 01:14:45.137,0.73129,0.73119,1,1.01
30.08.2021 01:14:46.082,0.7313000000000001,0.73118,1,2.22
30.08.2021 01:14:46.184,0.7313000000000001,0.73119,1,2.97
30.08.2021 01:14:47.924,0.7313000000000001,0.7312000000000001,1,1.35
30.08.2021 01:14:48.971,0.7313100000000001,0.73121,1,2.04
30.08.2021 01:14:49.022,0.7313500000000001,0.73124,1,2.76
30.08.2021 01:14:50.208,0.7313500000000001,0.73124,1,2.14
30.08.2021 01:14:50.511,0.7313500000000001,0.7312500000000001,1,1
30.08.2021 01:14:50.735,0.73134,0.7312500000000001,1,1
30.08.2021 01:14:52.101,0.73134,0.73124,1,1.1
30.08.2021 01:14:52.151,0.7313000000000001,0.73121,1.1,1
30.08.2021 01:14:52.253,0.73128,0.73118,1,1.5
30.08.2021 01:14:52.354,0.73129,0.73117,1,1
30.08.2021 01:14:53.166,0.73128,0.73118,1,1.1
30.08.2021 01:14:54.051,0.73128,0.73118,1,1
30.08.2021 01:14:56.371,0.7313000000000001,0.73119,1,3.94
30.08.2021 01:14:56.472,0.73132,0.73122,1,1
30.08.2021 01:14:56.624,0.7313100000000001,0.73122,1,1
30.08.2021 01:14:56.776,0.7313100000000001,0.73121,1,1
30.08.2021 01:14:58.240,0.7313100000000001,0.7312000000000001,1,1
30.08.2021 01:14:58.519,0.7313000000000001,0.7312000000000001,1,1
30.08.2021 01:15:00.821,0.7313100000000001,0.73121,1,1.25
30.08.2021 01:15:00.922,0.7313100000000001,0.73122,1,1
30.08.2021 01:15:01.023,0.73133,0.73123,1,1
30.08.2021 01:15:01.124,0.7313600000000001,0.7312500000000001,1.5,1.25
30.08.2021 01:15:01.226,0.7313500000000001,0.7312500000000001,1,1
30.08.2021 01:15:01.327,0.73134,0.73124,1,1
30.08.2021 01:15:01.428,0.73133,0.73124,1,1
30.08.2021 01:15:01.631,0.73133,0.73123,1,1
30.08.2021 01:15:01.934,0.73133,0.73122,1,1.5
30.08.2021 01:15:02.338,0.7313000000000001,0.73121,1,1
30.08.2021 01:15:02.490,0.7313000000000001,0.7312000000000001,1,1
30.08.2021 01:15:02.591,0.73129,0.7312000000000001,1,1
30.08.2021 01:15:02.692,0.7313000000000001,0.7312000000000001,1,1.69
30.08.2021 01:15:02.995,0.73129,0.73118,1,1.69
30.08.2021 01:15:03.096,0.73128,0.73117,1,2.87
30.08.2021 01:15:04.040,0.73126,0.73117,1,1
30.08.2021 01:15:04.142,0.73123,0.7311300000000001,1,1.31
30.08.2021 01:15:04.967,0.73123,0.73114,1,1
30.08.2021 01:15:06.116,0.73122,0.73114,1,1
30.08.2021 01:15:06.217,0.73122,0.73112,1,1
30.08.2021 01:15:08.103,0.73123,0.73112,1,1.1
30.08.2021 01:15:08.672,0.73122,0.73111,1,2.54
30.08.2021 01:15:08.773,0.73123,0.7311000000000001,1,2.51
30.08.2021 01:15:09.905,0.73123,0.7311000000000001,1,2.54
30.08.2021 01:15:10.056,0.73123,0.73112,1,1.01
30.08.2021 01:15:11.374,0.73123,0.7311000000000001,1,2.76
30.08.2021 01:15:11.475,0.73122,0.73111,1,2.51
30.08.2021 01:15:11.526,0.73121,0.7310800000000001,1,3.26
30.08.2021 01:15:11.994,0.7312000000000001,0.73107,1,1.01
30.08.2021 01:15:13.605,0.7312000000000001,0.73107,1,1.35
30.08.2021 01:15:14.683,0.73117,0.73107,1,1.76
30.08.2021 01:15:14.885,0.73116,0.73107,1,1
30.08.2021 01:15:14.986,0.73114,0.7310300000000001,1,1.35
30.08.2021 01:15:15.087,0.7311500000000001,0.73102,1,1.01
30.08.2021 01:15:15.188,0.7311300000000001,0.73102,1,3.29
30.08.2021 01:15:15.340,0.7311300000000001,0.7310300000000001,1,1.22
30.08.2021 01:15:15.441,0.73116,0.73106,1,1.45
30.08.2021 01:15:15.542,0.73117,0.73106,1,2.22
30.08.2021 01:15:17.188,0.73118,0.73107,1,1.01
30.08.2021 01:15:21.614,0.7311500000000001,0.73104,1,4.39
30.08.2021 01:15:23.177,0.7311300000000001,0.73102,1,1.76
30.08.2021 01:15:26.990,0.73117,0.73106,1,1.5
30.08.2021 01:15:27.091,0.73118,0.7310500000000001,1,2.57
30.08.2021 01:15:27.192,0.73118,0.73107,1,1.25
30.08.2021 01:15:29.844,0.73121,0.7310800000000001,1,2.2
30.08.2021 01:15:30.197,0.7312000000000001,0.73109,1,1.01
30.08.2021 01:15:30.634,0.73119,0.73106,1,2.69
30.08.2021 01:15:34.411,0.73119,0.7310800000000001,1,1.25
30.08.2021 01:15:42.824,0.73118,0.73107,1,1
30.08.2021 01:15:42.925,0.73117,0.73107,1,1
30.08.2021 01:15:43.076,0.73119,0.73106,1.69,2.25
30.08.2021 01:15:43.562,0.73118,0.7310800000000001,1,1
30.08.2021 01:15:44.374,0.7312000000000001,0.7310800000000001,1.5,1
30.08.2021 01:15:44.425,0.73122,0.73111,3.82,1.87
30.08.2021 01:15:44.476,0.73123,0.73112,2.7,1
30.08.2021 01:15:44.577,0.73122,0.73114,2.25,1
30.08.2021 01:15:44.678,0.73123,0.73112,2.25,1
30.08.2021 01:15:44.830,0.73123,0.7311300000000001,1.5,1
30.08.2021 01:15:49.348,0.73124,0.73114,1.5,1
30.08.2021 01:15:50.608,0.7312500000000001,0.7311300000000001,1.6,1
30.08.2021 01:15:53.827,0.73124,0.73114,1.57,1
30.08.2021 01:15:58.968,0.7312500000000001,0.73114,1.57,1.5
30.08.2021 01:15:59.949,0.73127,0.73116,4.11,1
30.08.2021 01:16:00.051,0.73127,0.73114,2.79,1
30.08.2021 01:16:00.203,0.73124,0.73114,1.01,1
30.08.2021 01:16:01.161,0.73123,0.7311300000000001,1.1,1
30.08.2021 01:16:09.667,0.73123,0.73112,1.1,1
30.08.2021 01:16:09.718,0.73122,0.73111,1.6,1
30.08.2021 01:16:09.819,0.73121,0.7311000000000001,1.1,1.5
30.08.2021 01:16:12.085,0.73123,0.73112,1.6,1
30.08.2021 01:16:12.186,0.73123,0.73112,1.57,1
30.08.2021 01:16:14.745,0.73122,0.73112,1.76,1
30.08.2021 01:16:14.847,0.73123,0.7311000000000001,1.79,1
30.08.2021 01:16:16.203,0.73121,0.7311000000000001,1.6,1
30.08.2021 01:16:16.455,0.73121,0.7311000000000001,1.57,1
30.08.2021 01:16:18.034,0.73121,0.7311000000000001,1.6,1
30.08.2021 01:16:18.135,0.73122,0.73109,1.57,1
30.08.2021 01:16:18.236,0.73121,0.7311000000000001,1.6,1
30.08.2021 01:16:22.483,0.73121,0.7311000000000001,1.57,1
30.08.2021 01:16:30.507,0.73123,0.7311000000000001,2.24,1
30.08.2021 01:16:30.614,0.73122,0.73111,1.57,1
30.08.2021 01:16:30.908,0.73123,0.73112,1.57,1.25
30.08.2021 01:16:38.747,0.73124,0.73111,1.1,2.87
30.08.2021 01:16:39.563,0.7312500000000001,0.7311500000000001,1,1.25
30.08.2021 01:16:39.614,0.73128,0.73116,1.57,1.25
30.08.2021 01:16:39.715,0.73128,0.73117,1.1,1.5
30.08.2021 01:16:59.483,0.73129,0.73118,1.1,1.5
30.08.2021 01:17:01.102,0.73129,0.73118,1.1,1.5
30.08.2021 01:17:01.203,0.73127,0.73117,2.99,1
30.08.2021 01:17:01.254,0.73126,0.7311500000000001,2.35,1
30.08.2021 01:17:01.355,0.73126,0.7311500000000001,4.66,1
30.08.2021 01:17:01.506,0.73128,0.73116,1.8,1
30.08.2021 01:17:01.608,0.73128,0.73117,2.16,1.5
30.08.2021 01:17:01.809,0.73128,0.73117,1.57,1.69
30.08.2021 01:17:03.399,0.73129,0.73117,1.1,1
30.08.2021 01:17:09.724,0.7313000000000001,0.73117,1.5,1.69
30.08.2021 01:17:23.258,0.73132,0.73121,3.52,1
30.08.2021 01:17:23.359,0.73133,0.73122,2.66,1.5
30.08.2021 01:17:23.460,0.73133,0.73123,1,1.69
30.08.2021 01:17:23.583,0.73134,0.73124,1,1
30.08.2021 01:17:26.282,0.7313500000000001,0.73124,2.51,1
30.08.2021 01:17:29.695,0.73134,0.73123,1,1.69
30.08.2021 01:17:31.858,0.73138,0.73126,3.32,1
30.08.2021 01:17:31.960,0.73139,0.73128,3.86,1
30.08.2021 01:17:32.062,0.73139,0.73128,3.34,1
30.08.2021 01:17:32.943,0.73139,0.73129,1.5,1
30.08.2021 01:17:34.606,0.7314100000000001,0.73128,2.51,1
30.08.2021 01:17:40.694,0.7314,0.7313000000000001,2.32,1
30.08.2021 01:17:40.801,0.7314100000000001,0.7313000000000001,2.51,1.5
30.08.2021 01:17:41.840,0.7314100000000001,0.7313100000000001,1.76,1
30.08.2021 01:17:47.083,0.7314100000000001,0.7313000000000001,2.51,1.5
30.08.2021 01:17:50.395,0.7314100000000001,0.7313000000000001,3.51,1.5
30.08.2021 01:17:50.496,0.7314100000000001,0.7313000000000001,2.51,1.5
30.08.2021 01:17:53.355,0.7314,0.7313000000000001,1.1,1
30.08.2021 01:17:53.810,0.7314200000000001,0.7313000000000001,1,1
30.08.2021 01:17:53.911,0.7314200000000001,0.7313100000000001,2.4,1.5
30.08.2021 01:17:54.013,0.73143,0.73132,2.32,1.69
30.08.2021 01:17:54.063,0.73143,0.73134,1.2,1
30.08.2021 01:17:57.910,0.73144,0.73132,1,1.25
30.08.2021 01:17:58.274,0.73144,0.73133,1.5,1.69
30.08.2021 01:17:58.426,0.73144,0.73133,1.5,2.87
30.08.2021 01:17:58.578,0.7314700000000001,0.7313500000000001,1.01,1
30.08.2021 01:17:59.472,0.7314700000000001,0.7313600000000001,1.57,1.25
30.08.2021 01:17:59.742,0.7314700000000001,0.73137,1,1
30.08.2021 01:17:59.843,0.73148,0.73137,2.32,1
30.08.2021 01:18:00.897,0.73149,0.73137,1.31,1
30.08.2021 01:18:00.999,0.73148,0.73139,1,1
30.08.2021 01:18:01.302,0.73148,0.73138,1.25,1
30.08.2021 01:18:01.403,0.73148,0.73137,1.76,1
30.08.2021 01:18:01.866,0.73148,0.73137,3.76,1
30.08.2021 01:18:01.967,0.73145,0.7313500000000001,1.25,1
30.08.2021 01:18:02.069,0.73145,0.73134,2.14,1.5
30.08.2021 01:18:05.368,0.73145,0.73134,4.85,1.5
30.08.2021 01:18:08.104,0.73145,0.7313500000000001,1.5,1.25
30.08.2021 01:18:08.206,0.73148,0.7313600000000001,1.12,1.25
30.08.2021 01:18:08.307,0.73148,0.73137,1.5,1.69
30.08.2021 01:18:13.446,0.7314700000000001,0.73138,2.06,1
30.08.2021 01:18:13.496,0.7314600000000001,0.7313600000000001,1.25,1
30.08.2021 01:18:13.598,0.7314600000000001,0.73134,1,1
30.08.2021 01:18:14.260,0.7314700000000001,0.7313600000000001,2.07,1.5
30.08.2021 01:18:14.361,0.7314700000000001,0.73137,1.5,1
30.08.2021 01:18:15.665,0.7314700000000001,0.73138,1,1
30.08.2021 01:18:16.560,0.7314700000000001,0.73139,1,1
30.08.2021 01:18:16.691,0.73149,0.73138,1.12,1
30.08.2021 01:18:17.064,0.7315100000000001,0.7314200000000001,4.65,1
30.08.2021 01:18:17.165,0.73153,0.7314100000000001,4.01,1
30.08.2021 01:18:20.718,0.7315200000000001,0.73143,1,1
30.08.2021 01:18:20.820,0.73154,0.7314200000000001,1.2,1
30.08.2021 01:18:24.888,0.73153,0.7314200000000001,1.95,1
30.08.2021 01:18:32.711,0.73153,0.73143,1,1
30.08.2021 01:18:36.380,0.73155,0.7314200000000001,1.87,1.57
30.08.2021 01:18:36.531,0.73157,0.73148,1.5,1
30.08.2021 01:18:36.632,0.73158,0.73148,1,1
30.08.2021 01:18:38.072,0.73157,0.7314600000000001,2.14,1
30.08.2021 01:18:38.273,0.73157,0.7314600000000001,2.29,1
30.08.2021 01:18:38.952,0.73155,0.73145,1,1
30.08.2021 01:18:39.053,0.73155,0.73144,1.76,1.5
30.08.2021 01:18:39.154,0.73155,0.73145,1.76,1
30.08.2021 01:18:42.886,0.73157,0.73148,1.69,1
30.08.2021 01:18:42.988,0.73159,0.7314600000000001,2.96,1
30.08.2021 01:18:43.089,0.73158,0.7314700000000001,3.64,1
30.08.2021 01:18:43.190,0.73157,0.7314700000000001,1.25,1
30.08.2021 01:18:43.341,0.73158,0.7314600000000001,1.51,1
30.08.2021 01:18:43.715,0.73157,0.7314700000000001,1.76,1
30.08.2021 01:18:43.866,0.73159,0.7314600000000001,1.95,1
30.08.2021 01:18:45.482,0.73159,0.7314700000000001,1.1,1
30.08.2021 01:18:45.583,0.73158,0.73149,1,1
30.08.2021 01:18:46.494,0.73159,0.73149,1.95,1
30.08.2021 01:18:46.947,0.73159,0.73149,2.07,1
30.08.2021 01:18:52.593,0.7316,0.73148,2.32,1
30.08.2021 01:18:53.286,0.73159,0.73149,2.07,1
30.08.2021 01:18:53.487,0.7316,0.73148,2.32,1
30.08.2021 01:18:54.228,0.7316,0.7315,1.6,1
30.08.2021 01:18:54.329,0.7316100000000001,0.73148,1.6,1
30.08.2021 01:18:58.145,0.73164,0.7315200000000001,4.2,1
30.08.2021 01:18:58.347,0.73164,0.73153,1.2,1.25
30.08.2021 01:18:59.307,0.73164,0.73153,1,2.12
30.08.2021 01:18:59.551,0.73164,0.7315600000000001,1,1.25
30.08.2021 01:18:59.602,0.73169,0.7316,1.5,1.25
30.08.2021 01:19:01.387,0.73169,0.73159,1,2.06
30.08.2021 01:19:02.862,0.73172,0.73162,1,1.94
30.08.2021 01:19:04.702,0.7317300000000001,0.73162,1.5,2.22
30.08.2021 01:19:11.033,0.73172,0.7316,1,1.25
30.08.2021 01:19:11.134,0.7316800000000001,0.73159,1,1.76
30.08.2021 01:19:17.996,0.7317,0.7316100000000001,1,1.25
30.08.2021 01:19:18.148,0.7317100000000001,0.7316100000000001,2.25,1.25
30.08.2021 01:19:18.434,0.7317,0.7316,1,3.32
30.08.2021 01:19:18.695,0.7317,0.7316,1,1.69
30.08.2021 01:19:18.797,0.7316800000000001,0.73158,1,1.37
30.08.2021 01:19:24.569,0.7316800000000001,0.73157,1.5,1.5
30.08.2021 01:19:24.670,0.7316600000000001,0.7315600000000001,2.25,3.69
30.08.2021 01:19:24.872,0.7316800000000001,0.73159,1.5,1
30.08.2021 01:19:28.643,0.73167,0.73155,1.5,1.25
30.08.2021 01:19:28.896,0.7316800000000001,0.7315600000000001,2.25,1
30.08.2021 01:19:32.993,0.7316600000000001,0.73155,3.07,2.44
30.08.2021 01:19:33.094,0.7316600000000001,0.73154,1,2.44
30.08.2021 01:19:38.531,0.73169,0.73159,1.57,1.25
30.08.2021 01:19:38.632,0.7317100000000001,0.73159,1,2.44
30.08.2021 01:19:38.733,0.7317,0.7316100000000001,1,1.25
30.08.2021 01:19:38.885,0.73172,0.7316,1.57,1.31
30.08.2021 01:19:38.986,0.73172,0.73162,1.1,1.25
30.08.2021 01:19:39.137,0.73172,0.7316100000000001,1.1,2.44
30.08.2021 01:19:39.389,0.7317100000000001,0.7316100000000001,1,1.69
30.08.2021 01:19:41.238,0.7317,0.7316100000000001,1,1.69
30.08.2021 01:19:43.880,0.73169,0.7316100000000001,1,1.25
30.08.2021 01:19:44.853,0.7317100000000001,0.7316100000000001,1,1.25
30.08.2021 01:19:45.985,0.7317100000000001,0.7316100000000001,1,1.75
30.08.2021 01:19:53.612,0.7317100000000001,0.7316,1,1.75
30.08.2021 01:19:57.110,0.73169,0.73158,1,2.44
30.08.2021 01:20:00.298,0.7317,0.7316100000000001,1,1
30.08.2021 01:20:00.450,0.7317,0.7316,1,1.69
30.08.2021 01:20:01.982,0.7317,0.7316100000000001,1,1.25
30.08.2021 01:20:05.699,0.7317,0.7316,1,1.25
30.08.2021 01:20:10.854,0.73169,0.7316,1,1.25
30.08.2021 01:20:10.955,0.73169,0.73158,1,1.25
30.08.2021 01:20:11.056,0.73169,0.73159,1,1.25
30.08.2021 01:20:11.157,0.7317100000000001,0.7316,1,1.37
30.08.2021 01:20:11.717,0.7317100000000001,0.7316100000000001,1,1.37
30.08.2021 01:20:14.815,0.7317,0.7316,1,2.87
30.08.2021 01:20:14.917,0.73169,0.73159,1,2.87
30.08.2021 01:20:15.018,0.73169,0.73158,1,2.87
30.08.2021 01:20:15.119,0.7317100000000001,0.73159,1,2.12
30.08.2021 01:20:15.220,0.7317,0.7316100000000001,1,1.37
30.08.2021 01:20:18.046,0.7316800000000001,0.73159,1,1.69
30.08.2021 01:20:23.571,0.7317,0.7316,1,2.44
30.08.2021 01:20:23.672,0.7317,0.73159,1,1
30.08.2021 01:20:24.410,0.7316800000000001,0.73159,1,1
30.08.2021 01:20:24.524,0.7316800000000001,0.73157,1,7.19
30.08.2021 01:20:41.117,0.73172,0.7316100000000001,2.51,2.62
30.08.2021 01:20:41.219,0.73172,0.73162,1,1.25
30.08.2021 01:20:50.431,0.7317600000000001,0.73165,1.57,4.44
30.08.2021 01:20:50.583,0.7317800000000001,0.73167,1.5,1
30.08.2021 01:20:51.957,0.73175,0.73164,1,1
30.08.2021 01:20:56.158,0.7317300000000001,0.73164,1,1
30.08.2021 01:20:57.353,0.7317300000000001,0.73163,1,1
30.08.2021 01:21:03.298,0.7317300000000001,0.73162,1,1.69
30.08.2021 01:21:08.458,0.73169,0.73159,1,2.06
30.08.2021 01:21:08.610,0.73169,0.73158,1,1.25
30.08.2021 01:21:08.711,0.7316800000000001,0.73157,1,5.69
30.08.2021 01:21:10.205,0.73165,0.7315600000000001,1,1.25
30.08.2021 01:21:10.306,0.7316600000000001,0.73158,1,1
30.08.2021 01:21:10.357,0.73167,0.73155,1,1.69
30.08.2021 01:21:10.812,0.7316600000000001,0.73157,1,1
30.08.2021 01:21:10.913,0.73169,0.7315600000000001,1,1.69
30.08.2021 01:21:13.540,0.73169,0.73159,1,1.25
30.08.2021 01:21:16.043,0.7317,0.73159,1,1.69
30.08.2021 01:21:16.344,0.7317,0.7316,1,1
30.08.2021 01:21:18.008,0.73169,0.73159,1,1.25
30.08.2021 01:21:18.109,0.73169,0.73158,1,1
30.08.2021 01:21:19.257,0.7316800000000001,0.73158,1,1
30.08.2021 01:21:27.550,0.73169,0.7315600000000001,1,3.94
30.08.2021 01:21:32.083,0.7316800000000001,0.73158,1,1
30.08.2021 01:21:32.184,0.7316800000000001,0.73157,1,5.44
30.08.2021 01:21:32.520,0.7316800000000001,0.73158,1,1
30.08.2021 01:21:33.071,0.7316800000000001,0.73157,1,3.94
30.08.2021 01:21:39.150,0.7316800000000001,0.73158,1,1
30.08.2021 01:21:47.393,0.7316800000000001,0.73157,1,1.69
30.08.2021 01:21:56.082,0.73167,0.73157,1,1.69
30.08.2021 01:21:56.184,0.73163,0.73154,1,2.25
30.08.2021 01:21:56.285,0.73162,0.73154,1,2.25
30.08.2021 01:21:56.386,0.73164,0.73153,1,3.19
30.08.2021 01:21:59.693,0.73164,0.73154,1,3.19
30.08.2021 01:22:04.802,0.73163,0.73154,1,3.19
30.08.2021 01:22:04.954,0.73163,0.73153,1.5,1.25
30.08.2021 01:22:05.056,0.7316100000000001,0.7315100000000001,1,1.25
30.08.2021 01:22:05.158,0.7316100000000001,0.7315200000000001,1,1
30.08.2021 01:22:05.310,0.73162,0.7315200000000001,1,1.69
30.08.2021 01:22:06.167,0.7316100000000001,0.7315200000000001,1,1
30.08.2021 01:22:10.278,0.73162,0.7315200000000001,1,1
30.08.2021 01:22:14.817,0.73158,0.7315,1,1.25
30.08.2021 01:22:14.969,0.73158,0.7314700000000001,1,4.19
30.08.2021 01:22:15.508,0.73158,0.73145,1,3.69
30.08.2021 01:22:15.826,0.7315600000000001,0.7314600000000001,1,2.87
30.08.2021 01:22:15.927,0.73158,0.73145,1,5.31
30.08.2021 01:22:20.645,0.73153,0.7314200000000001,1,1.75
30.08.2021 01:22:20.696,0.7315200000000001,0.7314100000000001,1,1.25
30.08.2021 01:22:20.798,0.7315100000000001,0.7314100000000001,1.57,1
30.08.2021 01:22:20.851,0.73148,0.7314,1,1.69
30.08.2021 01:22:20.953,0.73149,0.7314,1,1.69
30.08.2021 01:22:24.071,0.7315200000000001,0.7314100000000001,1.5,6.81
30.08.2021 01:22:29.111,0.73157,0.73145,1,3.75
30.08.2021 01:22:29.212,0.73159,0.7315100000000001,1,1
30.08.2021 01:22:29.718,0.73162,0.7315100000000001,1.5,5.06
30.08.2021 01:22:29.820,0.73162,0.7315200000000001,1,1
30.08.2021 01:22:30.938,0.7316100000000001,0.7315200000000001,1,1
30.08.2021 01:22:31.040,0.7316,0.7315100000000001,1,1
30.08.2021 01:22:31.580,0.73159,0.73149,1,2.25
30.08.2021 01:22:31.682,0.73159,0.7315,1,1
30.08.2021 01:22:32.990,0.73157,0.7314700000000001,1,3.37
30.08.2021 01:22:38.195,0.73158,0.7314700000000001,1.25,2.25
30.08.2021 01:22:55.135,0.7316,0.7314700000000001,1.69,1.69
30.08.2021 01:22:55.237,0.73163,0.7315100000000001,2.5,2.25
30.08.2021 01:22:55.338,0.73163,0.73153,1.25,1
30.08.2021 01:23:01.134,0.73164,0.7315100000000001,2.5,1.5
30.08.2021 01:23:09.060,0.73163,0.73153,2.5,1
30.08.2021 01:23:10.753,0.73163,0.73153,1,1.5
30.08.2021 01:23:11.214,0.73163,0.73153,1.75,1.5
30.08.2021 01:23:11.353,0.73163,0.73153,1.25,1.5
30.08.2021 01:23:11.520,0.73163,0.73153,1.75,1.5
30.08.2021 01:23:14.614,0.73163,0.73153,1.25,1
30.08.2021 01:23:14.715,0.73163,0.73153,1.75,1
30.08.2021 01:23:15.099,0.73164,0.7315200000000001,1,1
30.08.2021 01:23:16.806,0.73164,0.73154,1.25,1
30.08.2021 01:23:16.918,0.73165,0.73153,1.75,1
30.08.2021 01:23:19.377,0.73164,0.73154,1.25,1
30.08.2021 01:23:23.858,0.7316800000000001,0.73157,2.59,1
30.08.2021 01:23:24.010,0.7316800000000001,0.73158,1.76,1
30.08.2021 01:23:24.161,0.73167,0.73157,1.69,1
30.08.2021 01:23:24.262,0.73167,0.73155,1.25,1
30.08.2021 01:23:24.850,0.73167,0.7315600000000001,2.51,1
30.08.2021 01:23:26.339,0.73167,0.73158,1.76,1
30.08.2021 01:23:26.440,0.73167,0.73157,1.76,1
30.08.2021 01:23:26.541,0.73165,0.73155,2.57,1
30.08.2021 01:23:31.386,0.73164,0.73154,1.82,1
30.08.2021 01:23:33.587,0.7316100000000001,0.7315,1.25,1.5
30.08.2021 01:23:33.688,0.7316100000000001,0.73149,1.25,1
30.08.2021 01:23:35.862,0.73162,0.73149,1.76,1.5
30.08.2021 01:23:36.998,0.73162,0.7315,1.69,1
30.08.2021 01:23:39.340,0.73162,0.7315,2.76,1
30.08.2021 01:23:39.391,0.73159,0.73149,1.25,1
30.08.2021 01:23:42.884,0.73159,0.73149,2.76,1
