Gmt time,Ask,Bid,AskVolume,BidVolume
13.08.2021 00:00:00.136,1.17359,1.1735700000000002,0.1,0.75
13.08.2021 00:00:00.237,1.17359,1.1735600000000002,0.1,0.75
13.08.2021 00:00:00.972,1.17359,1.17355,0.1,0.75
13.08.2021 00:00:03.598,1.17358,1.17354,0.1,1.12
13.08.2021 00:00:05.109,1.17358,1.1735600000000002,0.1,0.75
13.08.2021 00:00:05.210,1.1736,1.1735700000000002,0.82,0.75
13.08.2021 00:00:10.406,1.17361,1.17358,0.1,0.75
13.08.2021 00:00:10.457,1.17364,1.17362,1.2,0.75
13.08.2021 00:00:10.558,1.1736600000000001,1.17362,2.32,0.75
13.08.2021 00:00:10.659,1.17365,1.17361,0.75,0.75
13.08.2021 00:00:19.696,1.17364,1.17361,0.75,0.75
13.08.2021 00:00:28.949,1.17363,1.1736,0.75,0.75
13.08.2021 00:00:35.742,1.17364,1.17361,0.75,0.75
13.08.2021 00:00:51.255,1.17363,1.1736,0.82,0.75
13.08.2021 00:00:51.359,1.17362,1.17359,0.75,0.82
13.08.2021 00:00:51.561,1.17362,1.17358,0.75,0.75
13.08.2021 00:00:56.409,1.17361,1.17358,0.1,0.75
13.08.2021 00:00:58.516,1.17359,1.1735600000000002,0.75,0.82
13.08.2021 00:01:00.260,1.17359,1.17355,0.82,0.82
13.08.2021 00:01:00.362,1.17359,1.1735600000000002,0.82,0.75
13.08.2021 00:01:00.514,1.1736,1.1735700000000002,1.57,0.75
13.08.2021 00:01:00.666,1.17361,1.1735700000000002,0.82,1.2
13.08.2021 00:01:02.810,1.17361,1.17358,0.1,0.75
13.08.2021 00:01:02.919,1.17362,1.17359,0.75,0.75
13.08.2021 00:01:25.535,1.17361,1.17358,0.75,0.75
13.08.2021 00:01:42.318,1.17359,1.1735600000000002,0.75,0.82
13.08.2021 00:01:42.470,1.17359,1.17355,0.82,8.32
13.08.2021 00:01:42.571,1.17358,1.17355,0.75,0.1
13.08.2021 00:01:46.060,1.17358,1.17354,0.75,0.82
13.08.2021 00:02:09.750,1.1735700000000002,1.17354,0.75,0.75
13.08.2021 00:02:12.012,1.17358,1.17354,0.82,0.75
13.08.2021 00:02:12.113,1.17358,1.17355,0.82,0.75
13.08.2021 00:02:12.944,1.1736,1.1735600000000002,0.82,2.32
13.08.2021 00:02:13.089,1.17358,1.1735700000000002,0.75,0.37
13.08.2021 00:02:13.190,1.17358,1.17355,0.75,0.75
13.08.2021 00:02:13.838,1.17358,1.1735600000000002,0.82,0.75
13.08.2021 00:02:20.812,1.17358,1.17355,0.75,0.75
13.08.2021 00:02:36.268,1.17359,1.17355,0.75,1.12
13.08.2021 00:02:44.085,1.17359,1.1735600000000002,0.75,1.87
13.08.2021 00:02:44.852,1.17359,1.1735700000000002,0.75,0.37
13.08.2021 00:02:44.953,1.1736,1.1735700000000002,0.75,1.12
13.08.2021 00:02:45.054,1.17361,1.17358,0.82,0.75
13.08.2021 00:02:55.830,1.17362,1.1735700000000002,0.82,3.52
13.08.2021 00:03:01.337,1.17361,1.1735700000000002,0.75,0.82
13.08.2021 00:03:05.514,1.1736,1.1735600000000002,1.2,0.45
13.08.2021 00:03:05.615,1.17359,1.1735600000000002,1.01,0.45
13.08.2021 00:03:05.717,1.17359,1.17355,1.01,0.75
13.08.2021 00:03:07.002,1.17358,1.17355,0.1,0.75
13.08.2021 00:03:07.104,1.17358,1.17354,0.82,0.75
13.08.2021 00:03:11.823,1.17359,1.17355,0.82,0.75
13.08.2021 00:03:14.383,1.17359,1.1735600000000002,0.82,0.37
13.08.2021 00:03:16.131,1.17359,1.17355,0.82,1.57
13.08.2021 00:03:19.875,1.1736,1.17358,0.82,0.45
13.08.2021 00:03:23.114,1.1736,1.1735600000000002,0.75,0.75
13.08.2021 00:03:23.215,1.1736,1.17355,0.75,2.51
13.08.2021 00:03:52.395,1.17359,1.17355,0.75,0.75
13.08.2021 00:04:15.324,1.17359,1.17354,1.39,0.75
13.08.2021 00:04:17.967,1.17359,1.17355,1.01,0.75
13.08.2021 00:04:39.308,1.17358,1.17354,0.75,1.5
13.08.2021 00:04:43.669,1.17359,1.17355,1.2,0.75
13.08.2021 00:04:48.309,1.1736,1.1735600000000002,0.75,0.75
13.08.2021 00:04:49.602,1.1736,1.17355,1.39,0.75
13.08.2021 00:04:50.932,1.17359,1.17355,0.75,0.75
13.08.2021 00:05:03.597,1.17359,1.17354,1.76,0.75
13.08.2021 00:05:03.699,1.17358,1.17353,0.94,0.75
13.08.2021 00:05:03.800,1.1735700000000002,1.17353,0.75,0.75
13.08.2021 00:05:03.902,1.17354,1.1735,0.75,6.98
13.08.2021 00:05:10.590,1.17355,1.17351,0.75,1.87
13.08.2021 00:05:14.473,1.1735700000000002,1.17353,0.75,0.75
13.08.2021 00:05:29.051,1.17359,1.17355,1.46,0.75
13.08.2021 00:05:52.803,1.17358,1.17354,0.75,0.75
13.08.2021 00:05:56.238,1.17359,1.17355,2.51,0.75
13.08.2021 00:06:43.014,1.17358,1.17354,0.75,0.75
13.08.2021 00:06:43.439,1.1735700000000002,1.17353,0.94,0.75
13.08.2021 00:06:43.541,1.17355,1.1735200000000001,0.94,6.23
13.08.2021 00:06:43.642,1.17355,1.17351,0.94,0.75
13.08.2021 00:06:50.712,1.1735600000000002,1.1735200000000001,0.75,1.12
13.08.2021 00:06:50.915,1.1735600000000002,1.17353,0.75,6.23
13.08.2021 00:06:51.067,1.1735600000000002,1.1735200000000001,0.75,1.5
13.08.2021 00:07:02.795,1.1735700000000002,1.17353,0.75,0.75
13.08.2021 00:07:07.288,1.1735700000000002,1.17355,0.75,0.75
13.08.2021 00:07:07.491,1.17358,1.17355,1.01,0.75
13.08.2021 00:07:15.104,1.17359,1.17355,1.76,0.75
13.08.2021 00:07:39.710,1.17359,1.17354,1.39,1.5
13.08.2021 00:07:40.230,1.17358,1.17354,0.94,1.5
13.08.2021 00:07:49.806,1.1735600000000002,1.17353,0.75,0.75
13.08.2021 00:07:49.907,1.1735700000000002,1.17354,0.75,0.75
13.08.2021 00:07:50.181,1.17358,1.17354,0.1,1.5
13.08.2021 00:07:50.287,1.17359,1.17354,2.14,1.5
13.08.2021 00:07:56.099,1.17358,1.17354,0.75,0.94
13.08.2021 00:08:02.567,1.1735700000000002,1.17354,0.1,0.94
13.08.2021 00:08:02.618,1.17355,1.17351,0.1,1.95
13.08.2021 00:08:08.534,1.17354,1.17351,0.37,0.75
13.08.2021 00:08:10.557,1.17354,1.1735,1.2,0.75
13.08.2021 00:08:11.066,1.1735200000000001,1.1735,0.75,1.69
13.08.2021 00:08:30.541,1.1735,1.1734700000000002,0.82,6.98
13.08.2021 00:08:30.642,1.17349,1.1734600000000002,0.82,1.2
13.08.2021 00:08:30.744,1.17349,1.17345,0.82,0.75
13.08.2021 00:08:32.141,1.1734600000000002,1.17343,1.87,7.16
13.08.2021 00:08:32.243,1.17345,1.17341,1.12,1.95
13.08.2021 00:08:36.308,1.17344,1.1734,0.75,0.75
13.08.2021 00:09:03.033,1.17344,1.17341,0.75,0.75
13.08.2021 00:09:03.135,1.17345,1.17341,0.75,1.69
13.08.2021 00:09:03.915,1.17345,1.1734200000000001,0.75,0.75
13.08.2021 00:09:06.308,1.1734600000000002,1.1734200000000001,0.75,1.5
13.08.2021 00:09:14.839,1.17345,1.17341,2.32,0.75
13.08.2021 00:09:14.960,1.17344,1.1734,0.82,0.75
13.08.2021 00:09:15.544,1.17343,1.17339,0.82,0.75
13.08.2021 00:09:25.778,1.17344,1.1734,2.32,0.75
13.08.2021 00:09:31.405,1.17345,1.17341,0.75,0.75
13.08.2021 00:09:31.507,1.1734600000000002,1.1734200000000001,1.2,1.12
13.08.2021 00:09:31.608,1.1734700000000002,1.17343,0.75,0.75
13.08.2021 00:09:56.851,1.17348,1.17344,0.75,0.75
13.08.2021 00:09:57.802,1.17349,1.17345,3.07,0.75
13.08.2021 00:09:57.954,1.1735,1.17345,1.87,1.57
13.08.2021 00:10:02.581,1.17351,1.1734600000000002,1.57,1.12
13.08.2021 00:10:03.247,1.17351,1.1734700000000002,0.75,0.75
13.08.2021 00:10:08.569,1.17351,1.17348,0.75,0.37
13.08.2021 00:10:09.088,1.1735200000000001,1.17348,0.75,1.12
13.08.2021 00:10:13.852,1.17353,1.17349,0.75,0.75
13.08.2021 00:10:13.954,1.17354,1.17349,3.34,0.75
13.08.2021 00:10:14.677,1.17353,1.17349,0.82,0.75
13.08.2021 00:10:16.830,1.17354,1.1735,0.75,1.12
13.08.2021 00:10:17.034,1.17355,1.17351,0.75,0.75
13.08.2021 00:10:21.341,1.17354,1.1735,0.75,1.5
13.08.2021 00:10:31.187,1.17353,1.17349,1.2,1.5
13.08.2021 00:10:51.579,1.17351,1.1734700000000002,0.82,0.75
13.08.2021 00:10:51.681,1.1735,1.1734600000000002,0.75,0.75
13.08.2021 00:10:57.292,1.1735,1.17345,1.57,1.5
13.08.2021 00:10:57.393,1.17348,1.1734600000000002,0.75,0.75
13.08.2021 00:11:21.438,1.17348,1.17344,0.75,1.5
13.08.2021 00:11:21.692,1.1734700000000002,1.17343,0.75,1.5
13.08.2021 00:11:24.405,1.17348,1.17343,0.82,1.5
13.08.2021 00:11:54.776,1.17348,1.17344,0.82,0.75
13.08.2021 00:11:57.167,1.17349,1.17344,2.7,0.94
13.08.2021 00:11:57.269,1.17348,1.1734600000000002,0.75,0.75
13.08.2021 00:11:57.524,1.1735,1.1734600000000002,4.57,0.75
13.08.2021 00:11:58.206,1.17351,1.1734600000000002,1.5,2.51
13.08.2021 00:11:58.308,1.1735200000000001,1.1734700000000002,1.95,0.94
13.08.2021 00:12:06.976,1.17351,1.1734700000000002,0.75,0.75
13.08.2021 00:12:11.070,1.1735,1.1734600000000002,0.75,1.69
13.08.2021 00:12:47.731,1.17349,1.1734600000000002,0.94,0.75
13.08.2021 00:12:47.832,1.17349,1.17344,1.69,1.95
13.08.2021 00:13:03.504,1.17348,1.17344,0.75,0.75
13.08.2021 00:13:37.349,1.1734600000000002,1.17344,0.94,0.75
13.08.2021 00:13:48.298,1.1734600000000002,1.1734200000000001,2.81,0.75
13.08.2021 00:13:48.399,1.17344,1.17341,0.94,6.98
13.08.2021 00:13:48.501,1.17343,1.1734,0.94,0.75
13.08.2021 00:13:48.855,1.17341,1.17337,0.94,3.45
13.08.2021 00:13:48.956,1.17341,1.1733600000000002,1.31,1.5
13.08.2021 00:13:49.058,1.1734,1.1733600000000002,3.19,0.75
13.08.2021 00:13:49.159,1.17339,1.1733500000000001,0.94,0.75
13.08.2021 00:13:49.260,1.17338,1.1733500000000001,0.19,0.75
13.08.2021 00:13:49.362,1.17338,1.1733600000000002,0.94,0.75
13.08.2021 00:13:50.536,1.17339,1.1733600000000002,0.19,0.75
13.08.2021 00:14:01.822,1.1734,1.1733600000000002,0.94,0.75
13.08.2021 00:14:02.025,1.1734,1.17338,2.44,0.75
13.08.2021 00:14:11.706,1.17344,1.17341,0.45,0.75
13.08.2021 00:14:11.859,1.17344,1.1734200000000001,0.45,0.75
13.08.2021 00:14:11.910,1.1734700000000002,1.1734200000000001,0.94,0.75
13.08.2021 00:14:12.012,1.1734700000000002,1.17343,0.75,0.75
13.08.2021 00:14:23.574,1.17348,1.17344,0.75,0.75
13.08.2021 00:14:23.726,1.17349,1.17344,1.12,0.75
13.08.2021 00:14:23.827,1.17349,1.17345,0.75,1.5
13.08.2021 00:14:23.929,1.1735,1.1734600000000002,0.75,0.75
13.08.2021 00:14:30.658,1.1735,1.1734700000000002,0.75,0.75
13.08.2021 00:14:48.359,1.17351,1.17348,0.75,0.75
13.08.2021 00:14:48.461,1.1735200000000001,1.17348,0.75,1.5
13.08.2021 00:14:50.854,1.17351,1.1734700000000002,0.94,0.75
13.08.2021 00:14:50.956,1.1735,1.1734600000000002,0.75,1.5
13.08.2021 00:15:02.439,1.17349,1.1734600000000002,0.37,0.75
13.08.2021 00:15:06.308,1.17349,1.17345,0.19,0.75
13.08.2021 00:15:12.203,1.1735,1.17345,2.44,0.75
13.08.2021 00:15:14.030,1.1735,1.1734600000000002,0.94,1.5
13.08.2021 00:15:15.191,1.1735200000000001,1.17348,1.5,1.5
13.08.2021 00:15:17.463,1.1735,1.1734600000000002,1.12,0.75
13.08.2021 00:15:17.564,1.17349,1.17345,1.5,1.95
13.08.2021 00:15:34.460,1.17348,1.17345,0.37,0.75
13.08.2021 00:15:35.103,1.17348,1.1734600000000002,1.87,0.75
13.08.2021 00:15:49.468,1.17348,1.17344,0.75,0.75
13.08.2021 00:15:49.619,1.1734700000000002,1.17343,0.75,1.5
13.08.2021 00:16:00.359,1.17348,1.17344,0.75,0.75
13.08.2021 00:16:00.511,1.17349,1.17345,1.5,0.75
13.08.2021 00:16:18.309,1.1734700000000002,1.1734600000000002,0.75,0.75
13.08.2021 00:16:26.490,1.1734700000000002,1.17344,0.75,0.75
13.08.2021 00:16:27.259,1.17348,1.17344,0.75,0.75
13.08.2021 00:16:31.764,1.1734700000000002,1.17344,0.75,0.75
13.08.2021 00:16:33.909,1.1734700000000002,1.17343,0.75,0.75
13.08.2021 00:16:38.971,1.17348,1.17344,1.5,0.75
13.08.2021 00:16:47.048,1.1734700000000002,1.17344,0.75,0.75
13.08.2021 00:16:47.654,1.1734600000000002,1.17343,0.75,0.75
13.08.2021 00:16:56.809,1.1734700000000002,1.17344,0.75,0.75
13.08.2021 00:16:57.136,1.17348,1.17345,0.75,0.75
13.08.2021 00:16:59.528,1.17348,1.17344,0.75,0.75
13.08.2021 00:16:59.630,1.1734700000000002,1.17344,0.75,0.75
13.08.2021 00:16:59.731,1.17348,1.17344,0.75,0.75
13.08.2021 00:16:59.833,1.17348,1.17345,0.75,0.75
13.08.2021 00:17:09.805,1.17349,1.17345,0.75,1.87
13.08.2021 00:17:09.907,1.17349,1.1734600000000002,0.75,0.75
13.08.2021 00:17:10.059,1.1735,1.1734700000000002,0.75,0.75
13.08.2021 00:17:23.780,1.17349,1.1734600000000002,0.75,0.75
13.08.2021 00:17:23.881,1.17349,1.17345,1.69,0.75
13.08.2021 00:17:23.983,1.17348,1.17345,0.75,0.75
13.08.2021 00:17:24.084,1.1734700000000002,1.17344,0.75,0.75
13.08.2021 00:17:24.186,1.17348,1.17344,0.75,0.75
13.08.2021 00:17:24.595,1.1734700000000002,1.17344,0.75,0.75
13.08.2021 00:17:25.035,1.1734700000000002,1.17343,0.75,2.4
13.08.2021 00:17:25.137,1.1734700000000002,1.17344,0.75,0.75
13.08.2021 00:17:25.238,1.1734700000000002,1.17343,0.75,1.12
13.08.2021 00:17:25.440,1.1734700000000002,1.17344,0.75,0.75
13.08.2021 00:17:25.654,1.17348,1.17344,0.75,0.75
13.08.2021 00:17:34.589,1.1734700000000002,1.17343,0.75,1.5
13.08.2021 00:17:37.683,1.1734600000000002,1.17343,0.75,0.75
13.08.2021 00:17:47.664,1.17344,1.1734200000000001,0.75,0.75
13.08.2021 00:17:47.766,1.17344,1.1734,0.94,1.95
13.08.2021 00:17:49.804,1.17343,1.1734,0.75,0.75
13.08.2021 00:17:49.906,1.17341,1.17338,0.75,1.5
13.08.2021 00:18:00.082,1.17341,1.17337,0.75,3.07
13.08.2021 00:18:02.239,1.17341,1.17338,0.75,0.75
13.08.2021 00:18:20.054,1.1734200000000001,1.17339,0.75,0.75
13.08.2021 00:18:20.206,1.17343,1.1734,0.75,0.75
13.08.2021 00:18:33.527,1.17339,1.17337,0.75,1.5
13.08.2021 00:18:33.729,1.17339,1.1733600000000002,0.75,0.75
13.08.2021 00:18:33.830,1.17338,1.1733500000000001,0.75,0.82
13.08.2021 00:18:40.478,1.17337,1.17334,0.75,0.75
13.08.2021 00:19:03.235,1.17338,1.1733500000000001,0.75,0.75
13.08.2021 00:19:10.247,1.17337,1.17334,0.75,0.75
13.08.2021 00:19:19.265,1.1733600000000002,1.1733200000000001,0.75,1.57
13.08.2021 00:19:20.715,1.1733500000000001,1.1733200000000001,0.75,0.82
13.08.2021 00:19:49.655,1.1733600000000002,1.1733200000000001,0.75,0.82
13.08.2021 00:19:49.757,1.1733600000000002,1.17334,0.75,0.1
13.08.2021 00:19:49.859,1.17337,1.17334,0.75,0.82
13.08.2021 00:19:49.960,1.17338,1.1733500000000001,0.75,1.57
13.08.2021 00:19:54.309,1.17339,1.1733600000000002,0.75,0.75
13.08.2021 00:20:00.292,1.17338,1.1733600000000002,0.75,0.75
13.08.2021 00:20:00.394,1.17338,1.1733500000000001,0.75,0.75
13.08.2021 00:20:02.626,1.17338,1.17334,0.75,0.82
13.08.2021 00:20:19.889,1.17339,1.1733500000000001,0.75,1.12
13.08.2021 00:20:20.091,1.17338,1.1733500000000001,0.75,0.82
13.08.2021 00:20:22.226,1.17337,1.17334,0.75,0.75
13.08.2021 00:20:50.292,1.17338,1.17334,1.5,0.82
13.08.2021 00:20:50.547,1.17338,1.1733500000000001,1.5,0.75
13.08.2021 00:20:50.660,1.17338,1.17334,1.5,0.82
13.08.2021 00:20:52.354,1.17337,1.17334,0.75,0.75
13.08.2021 00:21:32.217,1.17338,1.1733500000000001,0.75,3.45
13.08.2021 00:21:32.319,1.1734,1.17337,0.75,0.75
13.08.2021 00:21:32.421,1.17341,1.17337,0.75,0.75
13.08.2021 00:21:38.950,1.17341,1.17338,0.75,0.82
13.08.2021 00:21:42.309,1.1734200000000001,1.17338,0.75,0.82
13.08.2021 00:21:53.407,1.17343,1.17339,2.25,0.82
13.08.2021 00:21:54.189,1.1734200000000001,1.17339,0.75,0.1
13.08.2021 00:21:54.291,1.1734200000000001,1.17338,0.75,0.82
13.08.2021 00:22:21.977,1.17339,1.17337,1.69,0.75
13.08.2021 00:22:22.079,1.17337,1.1733600000000002,0.75,1.2
13.08.2021 00:22:22.180,1.17338,1.17334,0.75,0.75
13.08.2021 00:22:22.306,1.17337,1.17334,0.75,0.75
13.08.2021 00:22:23.355,1.17337,1.17333,0.75,0.82
13.08.2021 00:22:42.189,1.17337,1.17334,0.75,0.1
13.08.2021 00:22:42.240,1.1734,1.17337,4.46,0.75
13.08.2021 00:22:42.342,1.1734,1.17339,1.5,0.1
13.08.2021 00:22:42.443,1.17341,1.17338,0.75,0.82
13.08.2021 00:22:45.922,1.1734200000000001,1.17338,0.75,0.82
13.08.2021 00:22:46.175,1.17341,1.17338,0.75,0.75
13.08.2021 00:22:57.359,1.1734200000000001,1.17339,0.75,0.75
13.08.2021 00:23:06.592,1.17345,1.1734200000000001,0.75,0.75
13.08.2021 00:23:06.694,1.1734600000000002,1.1734200000000001,0.75,0.75
13.08.2021 00:23:13.275,1.1734700000000002,1.17343,0.75,0.75
13.08.2021 00:23:14.608,1.1734700000000002,1.17344,0.75,0.82
13.08.2021 00:23:14.760,1.17348,1.17345,0.75,0.75
13.08.2021 00:23:18.625,1.1734700000000002,1.17344,0.75,0.75
13.08.2021 00:23:24.775,1.17348,1.17345,0.75,0.75
13.08.2021 00:23:28.741,1.17349,1.1734600000000002,1.87,0.75
13.08.2021 00:23:32.706,1.1735,1.1734700000000002,0.75,0.75
13.08.2021 00:23:33.782,1.17351,1.17348,0.75,0.75
13.08.2021 00:23:38.319,1.17351,1.1734700000000002,2.89,0.75
13.08.2021 00:23:38.420,1.1735,1.1734600000000002,0.75,0.75
13.08.2021 00:23:51.849,1.17351,1.17348,0.75,0.75
13.08.2021 00:24:00.749,1.1735200000000001,1.17348,2.44,0.75
13.08.2021 00:24:10.863,1.17351,1.17348,0.75,0.75
13.08.2021 00:24:29.641,1.1735200000000001,1.17348,2.81,0.75
13.08.2021 00:24:42.350,1.1735200000000001,1.1735,2.89,0.75
13.08.2021 00:25:01.222,1.1735200000000001,1.17348,1.01,0.75
13.08.2021 00:25:01.324,1.1735,1.17348,0.37,0.75
13.08.2021 00:25:04.374,1.1735,1.1734700000000002,0.75,0.75
13.08.2021 00:25:18.342,1.1735,1.1734600000000002,1.5,0.75
13.08.2021 00:25:23.554,1.1735200000000001,1.17348,4.31,0.75
13.08.2021 00:25:27.404,1.17353,1.17348,6.26,0.75
13.08.2021 00:26:26.238,1.17351,1.17349,0.94,0.75
13.08.2021 00:27:03.969,1.1735,1.1734600000000002,1.12,0.75
13.08.2021 00:27:04.071,1.17349,1.1734600000000002,0.37,0.75
13.08.2021 00:27:04.172,1.17349,1.17345,1.12,0.75
13.08.2021 00:27:04.598,1.1734700000000002,1.17343,0.75,1.57
13.08.2021 00:27:17.094,1.1734700000000002,1.17344,0.37,0.75
13.08.2021 00:27:26.914,1.17348,1.17344,1.95,0.75
13.08.2021 00:27:32.236,1.1734700000000002,1.17344,0.37,0.75
13.08.2021 00:27:32.873,1.17349,1.1734600000000002,0.75,0.75
13.08.2021 00:27:32.974,1.1735,1.1734600000000002,1.5,0.75
13.08.2021 00:27:34.826,1.17351,1.1734700000000002,3.64,0.75
13.08.2021 00:27:35.415,1.1735,1.1734700000000002,0.37,0.75
13.08.2021 00:27:36.728,1.17351,1.17348,0.37,0.75
13.08.2021 00:27:36.881,1.1735200000000001,1.17348,2.25,0.75
13.08.2021 00:28:30.309,1.17353,1.17349,1.39,0.75
13.08.2021 00:28:56.409,1.1735200000000001,1.17348,0.75,0.82
13.08.2021 00:29:10.086,1.17351,1.1734700000000002,3.45,0.75
13.08.2021 00:29:11.086,1.1735,1.1734700000000002,0.37,0.75
13.08.2021 00:29:11.240,1.17351,1.1734700000000002,5.14,0.75
13.08.2021 00:29:25.618,1.1735,1.1734600000000002,0.75,0.75
13.08.2021 00:29:36.339,1.17351,1.1734700000000002,1.5,0.82
13.08.2021 00:29:36.906,1.1735,1.1734700000000002,0.37,0.75
13.08.2021 00:29:37.057,1.1735,1.1734600000000002,2.89,0.75
13.08.2021 00:29:38.134,1.17349,1.17345,1.5,0.75
13.08.2021 00:29:38.345,1.17349,1.1734700000000002,0.75,0.75
13.08.2021 00:30:00.684,1.17348,1.1734600000000002,0.37,0.75
13.08.2021 00:30:00.735,1.1734700000000002,1.17343,0.82,0.75
13.08.2021 00:30:17.237,1.17348,1.17344,2.14,0.75
13.08.2021 00:30:19.286,1.17349,1.17345,2.7,0.75
13.08.2021 00:30:20.517,1.1734700000000002,1.17345,0.82,0.75
13.08.2021 00:30:35.705,1.17349,1.17345,3.07,0.75
13.08.2021 00:30:45.309,1.1735,1.17345,1.95,1.69
13.08.2021 00:30:45.585,1.17349,1.17345,0.1,1.69
13.08.2021 00:30:54.880,1.17349,1.1734600000000002,0.37,0.75
13.08.2021 00:30:54.981,1.1735,1.1734600000000002,1.5,1.12
13.08.2021 00:30:57.916,1.17351,1.1734700000000002,0.75,0.75
13.08.2021 00:30:58.017,1.17351,1.17348,0.75,1.12
13.08.2021 00:31:03.325,1.1735200000000001,1.17348,0.75,1.87
13.08.2021 00:31:06.375,1.17351,1.17348,1.57,0.75
13.08.2021 00:31:06.477,1.1735,1.1734600000000002,0.1,0.75
13.08.2021 00:31:06.578,1.17349,1.17345,0.75,2.25
13.08.2021 00:31:07.718,1.1735,1.1734600000000002,0.82,0.75
13.08.2021 00:31:10.192,1.17349,1.1734600000000002,0.1,0.75
13.08.2021 00:31:11.772,1.1735,1.1734600000000002,0.82,0.75
13.08.2021 00:31:11.873,1.17351,1.1734700000000002,0.82,0.75
13.08.2021 00:31:20.437,1.1735,1.1734700000000002,0.1,0.75
13.08.2021 00:31:24.309,1.1735,1.1734600000000002,0.1,1.5
13.08.2021 00:31:37.907,1.17351,1.1734700000000002,0.75,0.75
13.08.2021 00:31:38.160,1.1735200000000001,1.17348,1.57,0.75
13.08.2021 00:31:43.577,1.17353,1.17349,0.82,0.75
13.08.2021 00:31:48.309,1.17353,1.1735,0.1,0.75
13.08.2021 00:31:54.309,1.17353,1.17349,0.82,0.75
13.08.2021 00:32:22.817,1.17355,1.1735,3.15,1.5
13.08.2021 00:32:22.970,1.17355,1.17351,0.52,0.75
13.08.2021 00:32:25.058,1.17353,1.1735,0.1,0.75
13.08.2021 00:32:25.160,1.17353,1.17349,0.82,1.2
13.08.2021 00:32:29.271,1.17354,1.1735,0.1,1.5
13.08.2021 00:32:41.983,1.17353,1.17349,0.45,1.5
13.08.2021 00:32:53.334,1.1735200000000001,1.17349,0.1,0.75
13.08.2021 00:32:57.798,1.17353,1.17349,0.75,0.75
13.08.2021 00:33:01.967,1.17354,1.1735,1.5,0.82
13.08.2021 00:33:07.185,1.17354,1.17353,0.37,0.82
13.08.2021 00:33:07.287,1.1735600000000002,1.17353,0.82,0.82
13.08.2021 00:33:07.440,1.1735700000000002,1.17353,0.75,0.82
13.08.2021 00:33:18.589,1.1735600000000002,1.17355,0.75,0.1
13.08.2021 00:33:18.690,1.17358,1.17354,0.37,0.82
13.08.2021 00:33:18.792,1.17358,1.1735600000000002,3.37,0.82
13.08.2021 00:33:51.771,1.17358,1.17354,1.31,0.75
13.08.2021 00:33:51.873,1.17355,1.17351,0.37,2.02
13.08.2021 00:33:55.961,1.17354,1.17351,0.94,0.75
13.08.2021 00:34:01.175,1.17355,1.17351,2.06,0.82
13.08.2021 00:34:01.308,1.1735600000000002,1.1735200000000001,0.94,0.82
13.08.2021 00:34:01.410,1.1735700000000002,1.17353,1.69,0.1
13.08.2021 00:34:01.562,1.1735700000000002,1.1735200000000001,2.06,0.82
13.08.2021 00:34:01.663,1.1735600000000002,1.1735200000000001,0.19,0.82
13.08.2021 00:34:01.765,1.1735600000000002,1.17353,0.19,0.75
13.08.2021 00:34:01.866,1.1735600000000002,1.1735200000000001,0.19,0.82
13.08.2021 00:34:09.222,1.1735700000000002,1.17353,0.94,0.82
13.08.2021 00:34:10.793,1.17358,1.17353,2.81,0.82
13.08.2021 00:34:11.539,1.17358,1.17354,1.69,0.1
13.08.2021 00:34:34.860,1.17358,1.17355,0.75,0.1
13.08.2021 00:34:35.205,1.17358,1.17354,0.75,0.82
13.08.2021 00:34:35.307,1.1735700000000002,1.1735600000000002,0.75,0.1
13.08.2021 00:34:35.617,1.17358,1.17354,0.75,0.82
13.08.2021 00:35:08.943,1.1735700000000002,1.1735200000000001,1.31,1.57
13.08.2021 00:35:09.304,1.1735600000000002,1.1735200000000001,0.75,0.75
13.08.2021 00:35:11.714,1.17355,1.17351,0.37,0.75
13.08.2021 00:35:11.815,1.17354,1.1735,1.12,0.75
13.08.2021 00:35:21.198,1.17354,1.17351,0.75,0.1
13.08.2021 00:35:22.063,1.1735600000000002,1.1735200000000001,2.25,0.82
13.08.2021 00:35:25.818,1.1735700000000002,1.17353,2.06,0.75
13.08.2021 00:35:37.254,1.17358,1.17353,5.81,0.82
13.08.2021 00:35:52.041,1.1735700000000002,1.17353,0.94,0.82
13.08.2021 00:36:12.038,1.1735700000000002,1.17354,0.75,0.1
13.08.2021 00:36:12.140,1.17358,1.17354,1.12,0.1
13.08.2021 00:36:23.920,1.17358,1.17353,1.12,0.82
13.08.2021 00:36:24.022,1.1735700000000002,1.17353,0.75,0.82
13.08.2021 00:36:24.124,1.17355,1.1735,3.64,0.82
13.08.2021 00:36:24.225,1.17354,1.1735,0.75,0.82
13.08.2021 00:36:25.341,1.17355,1.17351,1.87,0.1
13.08.2021 00:36:25.543,1.1735600000000002,1.1735200000000001,2.81,0.1
13.08.2021 00:36:25.645,1.1735600000000002,1.17351,2.81,0.82
13.08.2021 00:36:32.263,1.17355,1.1735200000000001,0.75,0.1
13.08.2021 00:36:32.314,1.1735700000000002,1.17354,0.75,0.1
13.08.2021 00:36:33.007,1.17358,1.17354,1.12,0.1
13.08.2021 00:36:44.364,1.1735700000000002,1.17353,1.12,0.82
13.08.2021 00:36:44.466,1.1735600000000002,1.1735200000000001,0.19,0.82
13.08.2021 00:36:44.567,1.17355,1.17351,1.12,0.82
13.08.2021 00:36:44.669,1.17354,1.1735,1.01,6.98
13.08.2021 00:36:47.080,1.1735600000000002,1.1735200000000001,3.94,0.82
13.08.2021 00:36:47.232,1.1735700000000002,1.17353,3.64,0.1
13.08.2021 00:36:48.373,1.1735600000000002,1.1735200000000001,0.75,0.82
13.08.2021 00:36:48.474,1.1735700000000002,1.17353,0.94,0.1
13.08.2021 00:36:50.110,1.1735600000000002,1.17353,2.44,0.82
13.08.2021 00:36:50.262,1.1735600000000002,1.1735200000000001,0.75,0.82
13.08.2021 00:36:50.520,1.1735600000000002,1.17351,2.14,1.57
13.08.2021 00:36:58.387,1.17354,1.1735200000000001,0.94,0.82
13.08.2021 00:36:59.405,1.1735600000000002,1.17351,2.89,0.82
13.08.2021 00:36:59.506,1.17355,1.17351,0.94,0.82
13.08.2021 00:36:59.995,1.17355,1.17353,0.94,0.82
13.08.2021 00:37:00.096,1.1735700000000002,1.17353,2.06,0.1
13.08.2021 00:37:00.962,1.17358,1.17354,5.06,0.1
13.08.2021 00:37:31.862,1.1735600000000002,1.17354,1.12,0.82
13.08.2021 00:37:49.006,1.1735600000000002,1.1735200000000001,2.14,0.82
13.08.2021 00:37:49.107,1.17355,1.1735200000000001,0.94,0.75
13.08.2021 00:37:49.209,1.17354,1.1735200000000001,1.69,0.82
13.08.2021 00:38:02.222,1.17355,1.1735200000000001,0.94,0.75
13.08.2021 00:38:49.096,1.1735600000000002,1.1735200000000001,3.46,0.82
13.08.2021 00:38:51.972,1.1735700000000002,1.17353,0.37,0.82
13.08.2021 00:38:52.073,1.17358,1.17354,2.06,0.75
13.08.2021 00:39:10.190,1.17359,1.17355,1.31,0.82
13.08.2021 00:39:10.392,1.1736,1.17355,2.44,0.82
13.08.2021 00:39:13.384,1.1736,1.1735600000000002,0.94,0.82
13.08.2021 00:39:17.549,1.17361,1.1735600000000002,3.64,0.82
13.08.2021 00:39:39.005,1.1736,1.1735600000000002,0.94,0.82
13.08.2021 00:39:42.572,1.17361,1.1735700000000002,0.94,0.82
13.08.2021 00:39:45.202,1.17362,1.17358,1.69,0.1
13.08.2021 00:39:47.570,1.17361,1.17358,0.19,0.1
13.08.2021 00:39:47.621,1.1736,1.1735600000000002,2.06,1.57
13.08.2021 00:39:47.722,1.17359,1.1735600000000002,0.19,0.1
13.08.2021 00:39:47.852,1.17359,1.17355,0.19,0.82
13.08.2021 00:39:49.810,1.17359,1.1735600000000002,0.19,0.1
13.08.2021 00:39:56.038,1.17359,1.17355,1.31,1.57
13.08.2021 00:39:56.139,1.17358,1.17355,0.75,0.1
13.08.2021 00:39:56.241,1.17358,1.17354,0.94,0.82
13.08.2021 00:40:10.160,1.17354,1.17351,0.75,0.82
13.08.2021 00:40:10.262,1.17354,1.1735,1.69,7.05
13.08.2021 00:40:10.363,1.17353,1.17349,0.75,0.1
13.08.2021 00:40:10.515,1.17353,1.17348,0.75,1.95
13.08.2021 00:40:11.430,1.1735200000000001,1.17348,0.75,1.2
13.08.2021 00:40:19.274,1.1735200000000001,1.1735,0.75,0.75
13.08.2021 00:40:20.254,1.1735200000000001,1.17348,0.75,2.32
13.08.2021 00:41:13.343,1.17353,1.17349,0.94,0.1
13.08.2021 00:41:36.389,1.1735200000000001,1.17348,0.94,2.7
13.08.2021 00:41:36.642,1.17351,1.17348,0.19,1.5
13.08.2021 00:41:52.074,1.1735200000000001,1.17348,0.94,2.25
13.08.2021 00:41:57.972,1.17355,1.17351,1.2,1.2
13.08.2021 00:42:14.982,1.17353,1.1735,0.75,6.23
13.08.2021 00:42:15.084,1.1735200000000001,1.17349,0.75,0.82
13.08.2021 00:42:26.505,1.17349,1.1734700000000002,0.75,0.45
13.08.2021 00:42:26.656,1.17349,1.1734600000000002,0.75,0.82
13.08.2021 00:42:30.204,1.17349,1.17345,0.75,2.7
13.08.2021 00:42:40.205,1.1734600000000002,1.1734200000000001,1.87,7.05
13.08.2021 00:42:40.357,1.17345,1.1734200000000001,0.75,0.1
13.08.2021 00:42:40.458,1.17344,1.1734200000000001,0.75,1.57
13.08.2021 00:42:40.559,1.17344,1.1734200000000001,0.75,1.57
13.08.2021 00:42:43.309,1.17344,1.1734200000000001,0.75,0.1
13.08.2021 00:42:43.898,1.17345,1.1734200000000001,0.75,0.1
13.08.2021 00:43:03.547,1.17344,1.1734200000000001,0.75,0.1
13.08.2021 00:43:10.438,1.17345,1.1734200000000001,0.75,0.1
13.08.2021 00:43:15.260,1.17345,1.17344,0.75,0.1
13.08.2021 00:43:15.361,1.1734700000000002,1.17345,0.19,0.1
13.08.2021 00:43:15.462,1.17348,1.17345,0.75,0.1
13.08.2021 00:43:25.495,1.1734700000000002,1.17344,0.75,0.75
13.08.2021 00:43:28.504,1.1734700000000002,1.17343,0.75,1.2
13.08.2021 00:43:58.413,1.17345,1.17344,0.75,0.1
13.08.2021 00:44:07.095,1.1734700000000002,1.17343,0.94,0.1
13.08.2021 00:44:19.863,1.1734700000000002,1.1734200000000001,1.01,1.95
13.08.2021 00:44:22.220,1.1734600000000002,1.1734200000000001,0.94,1.57
13.08.2021 00:45:16.619,1.17345,1.17341,1.39,1.5
13.08.2021 00:45:16.721,1.17345,1.1734,1.01,1.57
13.08.2021 00:45:16.975,1.17344,1.1734,0.19,0.82
13.08.2021 00:45:29.531,1.17341,1.17338,1.87,0.75
13.08.2021 00:45:29.632,1.17341,1.1733600000000002,2.89,0.82
13.08.2021 00:45:29.683,1.17339,1.1733500000000001,0.19,8.32
13.08.2021 00:45:29.785,1.17338,1.17334,0.94,0.82
13.08.2021 00:45:31.253,1.17337,1.17333,0.75,0.82
13.08.2021 00:45:31.558,1.17337,1.1733200000000001,0.82,2.7
13.08.2021 00:45:44.133,1.17338,1.17333,4.46,0.75
13.08.2021 00:45:46.946,1.17338,1.17334,1.39,0.75
13.08.2021 00:45:54.889,1.17338,1.17333,0.94,1.2
13.08.2021 00:45:58.667,1.17338,1.17334,1.39,0.75
13.08.2021 00:46:01.704,1.17338,1.17333,1.39,0.82
13.08.2021 00:46:13.499,1.17338,1.17334,1.39,0.75
13.08.2021 00:46:17.214,1.17338,1.17333,1.39,0.82
13.08.2021 00:46:21.275,1.17339,1.17334,1.76,1.57
13.08.2021 00:46:21.377,1.17339,1.1733500000000001,0.64,0.82
13.08.2021 00:46:21.478,1.1734,1.1733600000000002,2.06,0.75
13.08.2021 00:46:27.302,1.17341,1.17337,1.69,0.75
13.08.2021 00:46:33.757,1.1734200000000001,1.17337,1.76,0.82
13.08.2021 00:46:39.319,1.17341,1.17339,0.26,0.75
13.08.2021 00:46:43.853,1.17343,1.17338,2.21,0.82
13.08.2021 00:46:47.391,1.17344,1.17341,0.45,1.95
13.08.2021 00:46:47.494,1.17345,1.17343,0.45,3.56
13.08.2021 00:46:47.545,1.17348,1.17343,8.32,0.82
13.08.2021 00:46:59.825,1.17348,1.17344,0.75,0.82
13.08.2021 00:46:59.877,1.17349,1.1734600000000002,0.45,0.75
13.08.2021 00:46:59.978,1.1735200000000001,1.17348,8.51,0.75
13.08.2021 00:47:00.081,1.1735200000000001,1.1734700000000002,0.82,1.2
13.08.2021 00:47:00.182,1.1735200000000001,1.17348,0.75,0.1
13.08.2021 00:47:00.760,1.17353,1.17348,0.82,0.82
13.08.2021 00:47:10.691,1.17349,1.17345,0.1,7.05
13.08.2021 00:47:10.793,1.17349,1.1734700000000002,0.1,0.75
13.08.2021 00:47:16.904,1.17351,1.1734700000000002,1.46,0.82
13.08.2021 00:47:17.005,1.17351,1.17348,0.45,0.75
13.08.2021 00:47:17.107,1.1735200000000001,1.17348,0.75,0.75
13.08.2021 00:47:19.282,1.17353,1.17348,3.34,0.75
13.08.2021 00:47:33.916,1.17353,1.17349,1.01,0.75
13.08.2021 00:47:41.313,1.17355,1.1735,1.95,1.2
13.08.2021 00:47:45.335,1.17355,1.17351,0.75,0.75
13.08.2021 00:48:18.314,1.1735600000000002,1.17351,2.14,0.75
13.08.2021 00:48:23.915,1.17355,1.17351,0.75,0.75
13.08.2021 00:49:58.018,1.1735600000000002,1.1735200000000001,0.1,0.82
13.08.2021 00:50:11.828,1.17354,1.17353,0.75,0.1
13.08.2021 00:50:11.879,1.17354,1.1735,0.82,0.82
13.08.2021 00:50:37.456,1.1735200000000001,1.17349,0.75,0.1
13.08.2021 00:50:37.830,1.17351,1.17349,0.75,0.75
13.08.2021 00:50:38.349,1.17349,1.17345,0.75,8.48
13.08.2021 00:50:44.329,1.17349,1.17344,1.5,2.14
13.08.2021 00:50:44.431,1.1735,1.1734700000000002,0.45,0.1
13.08.2021 00:50:44.532,1.1735,1.1734600000000002,2.4,0.1
13.08.2021 00:50:45.990,1.17351,1.1734700000000002,1.57,0.1
13.08.2021 00:50:46.092,1.17349,1.17348,0.75,0.1
13.08.2021 00:50:47.133,1.17351,1.1734700000000002,0.82,0.1
13.08.2021 00:50:47.234,1.17351,1.1734600000000002,0.75,5.14
13.08.2021 00:50:48.760,1.17351,1.1734700000000002,0.75,0.75
13.08.2021 00:50:53.805,1.17353,1.17349,0.82,0.1
13.08.2021 00:50:54.007,1.17353,1.1735,0.75,0.1
13.08.2021 00:50:55.297,1.17354,1.1735,2.32,0.1
13.08.2021 00:51:10.547,1.17354,1.17351,0.75,0.37
13.08.2021 00:51:10.749,1.17355,1.17351,0.75,0.37
13.08.2021 00:51:10.850,1.17355,1.1735,0.75,3.64
13.08.2021 00:51:16.302,1.1735600000000002,1.17351,1.5,4.31
13.08.2021 00:51:16.403,1.1735600000000002,1.1735200000000001,0.75,0.75
13.08.2021 00:51:16.555,1.1735600000000002,1.17351,0.75,3.94
13.08.2021 00:51:18.317,1.1735600000000002,1.1735200000000001,0.75,0.37
13.08.2021 00:51:19.365,1.1735700000000002,1.1735200000000001,1.57,1.12
13.08.2021 00:52:08.085,1.1735700000000002,1.17353,1.5,0.37
13.08.2021 00:52:08.272,1.1735700000000002,1.1735200000000001,1.5,2.81
13.08.2021 00:52:24.117,1.1735700000000002,1.17353,0.75,0.75
13.08.2021 00:52:26.168,1.17358,1.17354,0.75,0.75
13.08.2021 00:53:05.353,1.1735700000000002,1.17354,1.5,2.89
13.08.2021 00:53:34.163,1.1735600000000002,1.17351,2.7,1.5
13.08.2021 00:53:39.245,1.1735600000000002,1.1735,2.32,1.01
13.08.2021 00:53:55.027,1.17355,1.1735,1.95,0.75
13.08.2021 00:53:55.129,1.17354,1.1735,0.45,0.75
13.08.2021 00:53:55.180,1.17353,1.17348,0.75,1.01
13.08.2021 00:53:55.747,1.1735200000000001,1.17348,0.75,0.75
13.08.2021 00:53:56.033,1.17353,1.17348,1.2,0.75
13.08.2021 00:54:00.350,1.17351,1.1734600000000002,1.5,4.76
13.08.2021 00:54:00.451,1.1735,1.17345,1.57,1.5
13.08.2021 00:54:00.913,1.17348,1.1734600000000002,0.75,0.75
13.08.2021 00:54:01.789,1.1735,1.17345,2.32,0.75
13.08.2021 00:54:07.601,1.1734700000000002,1.17345,0.75,0.75
13.08.2021 00:54:07.651,1.1734700000000002,1.1734200000000001,1.2,1.5
13.08.2021 00:54:07.702,1.17345,1.1734,1.69,1.57
13.08.2021 00:54:07.905,1.17344,1.1734,1.39,0.75
13.08.2021 00:54:08.006,1.17345,1.1734,3.71,0.75
13.08.2021 00:54:08.517,1.17344,1.1734,0.37,0.75
13.08.2021 00:54:25.760,1.17343,1.1734,0.26,0.75
13.08.2021 00:54:25.862,1.17341,1.1733600000000002,2.14,1.12
13.08.2021 00:54:25.963,1.1734,1.1733500000000001,2.06,1.57
13.08.2021 00:54:26.065,1.17339,1.1733500000000001,1.57,0.75
13.08.2021 00:54:27.574,1.17339,1.17334,1.76,1.5
13.08.2021 00:54:27.676,1.17337,1.1733500000000001,0.1,0.75
13.08.2021 00:54:33.192,1.17338,1.17333,3.6,1.5
13.08.2021 00:54:33.293,1.17337,1.1733500000000001,0.75,0.75
13.08.2021 00:54:33.625,1.17339,1.17334,1.01,0.75
13.08.2021 00:54:34.969,1.17338,1.17334,0.19,0.75
13.08.2021 00:54:35.071,1.17338,1.17333,0.75,0.82
13.08.2021 00:54:35.379,1.17338,1.1733600000000002,1.39,0.75
13.08.2021 00:54:35.582,1.17338,1.1733500000000001,0.19,0.75
13.08.2021 00:54:35.733,1.17338,1.17334,0.19,0.75
13.08.2021 00:54:35.841,1.17339,1.17334,1.39,0.75
13.08.2021 00:54:37.005,1.17338,1.17334,0.19,0.75
13.08.2021 00:54:38.941,1.1733600000000002,1.1733200000000001,0.26,0.75
13.08.2021 00:54:39.043,1.1733500000000001,1.17331,1.76,0.75
13.08.2021 00:54:39.144,1.17334,1.1733,1.39,0.75
13.08.2021 00:54:39.447,1.1733500000000001,1.17331,1.95,0.75
13.08.2021 00:54:39.549,1.17334,1.17331,0.1,0.75
13.08.2021 00:54:39.599,1.17334,1.17329,1.76,0.75
13.08.2021 00:54:41.292,1.1733500000000001,1.17331,2.96,0.75
13.08.2021 00:54:41.596,1.17334,1.17329,3.64,0.75
13.08.2021 00:54:41.698,1.17331,1.1732799999999999,0.19,0.75
13.08.2021 00:54:41.799,1.17331,1.17329,0.75,0.75
13.08.2021 00:54:41.901,1.17331,1.1732799999999999,0.19,0.75
13.08.2021 00:54:41.952,1.1733200000000001,1.17329,2.51,0.75
13.08.2021 00:54:42.069,1.1733,1.17329,0.19,0.75
13.08.2021 00:54:42.119,1.17333,1.1732799999999999,1.76,0.75
13.08.2021 00:54:42.271,1.17331,1.1732799999999999,0.19,0.75
13.08.2021 00:54:42.373,1.1733200000000001,1.1732799999999999,0.19,0.75
13.08.2021 00:54:42.527,1.17333,1.1732799999999999,1.57,0.75
13.08.2021 00:54:44.012,1.17333,1.17329,0.82,0.75
13.08.2021 00:54:44.939,1.17334,1.17329,3.34,0.75
13.08.2021 00:54:45.615,1.17333,1.1732799999999999,0.75,0.75
13.08.2021 00:54:46.646,1.17331,1.1732799999999999,0.19,0.75
13.08.2021 00:54:46.697,1.17333,1.1732799999999999,1.01,0.75
13.08.2021 00:54:46.748,1.17331,1.1732799999999999,0.19,0.75
13.08.2021 00:54:46.951,1.1733200000000001,1.1732799999999999,0.94,0.75
13.08.2021 00:54:47.052,1.17331,1.1732799999999999,0.19,0.75
13.08.2021 00:54:47.103,1.17333,1.1732799999999999,2.02,0.75
13.08.2021 00:54:48.384,1.17334,1.17329,0.82,0.75
13.08.2021 00:54:49.029,1.1733500000000001,1.1733,0.82,1.5
13.08.2021 00:54:49.131,1.17334,1.1733,0.19,2.25
13.08.2021 00:54:49.384,1.17333,1.17329,0.75,0.75
13.08.2021 00:54:51.921,1.17333,1.1732799999999999,0.75,1.5
13.08.2021 00:54:58.046,1.17334,1.17329,1.01,0.75
13.08.2021 00:54:59.706,1.17331,1.17327,1.57,6.23
13.08.2021 00:54:59.909,1.1733200000000001,1.17327,1.69,0.75
13.08.2021 00:55:00.112,1.17331,1.17327,0.19,0.75
13.08.2021 00:55:00.213,1.1733200000000001,1.1732799999999999,1.69,0.75
13.08.2021 00:55:00.315,1.1733200000000001,1.17327,1.69,0.75
13.08.2021 00:55:00.517,1.17331,1.17327,0.19,0.75
13.08.2021 00:55:00.618,1.1733200000000001,1.17327,1.76,0.75
13.08.2021 00:55:00.972,1.17333,1.1732799999999999,1.76,0.75
13.08.2021 00:55:01.124,1.1733200000000001,1.1733,0.1,0.75
13.08.2021 00:55:02.328,1.17334,1.17329,2.51,0.75
13.08.2021 00:55:04.135,1.1733500000000001,1.17331,0.94,0.75
13.08.2021 00:55:04.388,1.17337,1.17333,2.51,0.75
13.08.2021 00:55:04.555,1.17338,1.17333,0.94,0.82
13.08.2021 00:55:04.657,1.17338,1.1733500000000001,2.21,0.75
13.08.2021 00:55:04.758,1.17338,1.17334,0.19,0.75
13.08.2021 00:55:04.910,1.17337,1.17334,0.19,0.75
13.08.2021 00:55:05.011,1.17338,1.17334,0.26,0.75
13.08.2021 00:55:05.593,1.17339,1.17334,2.51,0.75
13.08.2021 00:55:05.694,1.17338,1.17334,0.1,0.75
13.08.2021 00:55:05.889,1.17339,1.17334,2.51,0.75
13.08.2021 00:55:05.990,1.17338,1.17334,0.1,0.75
13.08.2021 00:55:06.345,1.17338,1.17333,0.82,0.75
13.08.2021 00:55:11.949,1.17339,1.17334,1.57,0.75
13.08.2021 00:55:12.050,1.17339,1.1733500000000001,1.5,0.75
13.08.2021 00:55:13.344,1.1734,1.1733600000000002,0.75,0.75
13.08.2021 00:55:15.632,1.17341,1.17338,0.82,0.75
13.08.2021 00:55:16.685,1.1734200000000001,1.17338,0.75,0.75
13.08.2021 00:55:17.085,1.1734200000000001,1.17337,0.75,1.87
13.08.2021 00:55:18.660,1.17343,1.17338,0.75,1.12
13.08.2021 00:55:18.812,1.17344,1.1734,1.31,0.75
13.08.2021 00:55:18.914,1.1734600000000002,1.17341,2.44,3
13.08.2021 00:55:19.016,1.1734700000000002,1.17343,1.01,0.75
13.08.2021 00:55:20.208,1.17348,1.17345,1.76,0.75
13.08.2021 00:55:20.259,1.1735,1.1734600000000002,2.59,0.75
13.08.2021 00:55:20.361,1.17349,1.17344,0.82,2.25
13.08.2021 00:55:28.357,1.17348,1.17344,0.75,0.75
13.08.2021 00:55:31.964,1.17348,1.17343,0.75,1.87
13.08.2021 00:55:32.217,1.17351,1.1734600000000002,2.59,2.62
13.08.2021 00:55:32.318,1.1735200000000001,1.1734700000000002,1.12,1.31
13.08.2021 00:55:32.419,1.17353,1.17348,2.02,0.75
13.08.2021 00:55:37.310,1.1735200000000001,1.1735,0.75,0.75
13.08.2021 00:55:40.254,1.17355,1.1735,1.27,0.75
13.08.2021 00:55:40.355,1.17355,1.17351,0.45,0.75
13.08.2021 00:55:40.456,1.17355,1.1735200000000001,0.82,0.75
13.08.2021 00:55:41.342,1.1735600000000002,1.17354,0.82,0.75
13.08.2021 00:55:41.443,1.17358,1.17353,1.95,0.75
13.08.2021 00:55:42.398,1.1735700000000002,1.1735200000000001,1.2,0.75
13.08.2021 00:55:42.500,1.17355,1.1735200000000001,0.37,0.75
13.08.2021 00:55:44.213,1.1735600000000002,1.17354,3.22,0.82
13.08.2021 00:55:44.415,1.17358,1.17353,1.5,1.57
13.08.2021 00:55:44.519,1.1735700000000002,1.17353,0.75,0.82
13.08.2021 00:55:45.915,1.1735700000000002,1.1735200000000001,2.62,0.82
13.08.2021 00:55:46.118,1.1735600000000002,1.1735200000000001,0.75,0.1
13.08.2021 00:56:00.054,1.1735600000000002,1.17351,1.12,1.57
13.08.2021 00:56:13.406,1.17355,1.17351,2.25,0.75
13.08.2021 00:56:13.558,1.17355,1.1735,3,0.75
13.08.2021 00:56:17.973,1.17355,1.17351,1.5,0.1
13.08.2021 00:56:20.556,1.1735600000000002,1.17351,1.87,0.82
13.08.2021 00:56:24.529,1.17354,1.17351,2.25,1.2
13.08.2021 00:56:40.147,1.17353,1.1735,0.75,0.75
13.08.2021 00:56:40.299,1.17354,1.1735,2.44,0.75
13.08.2021 00:56:40.400,1.17353,1.1735,0.75,0.75
13.08.2021 00:56:40.653,1.17354,1.1735,4.39,0.75
13.08.2021 00:56:41.276,1.17354,1.17349,5.14,0.75
13.08.2021 00:56:48.679,1.17354,1.1735,1.87,0.75
13.08.2021 00:56:52.640,1.17354,1.17349,1.12,1.57
13.08.2021 00:56:52.843,1.17354,1.1735,0.37,0.75
13.08.2021 00:57:03.203,1.17353,1.17349,1.12,1.5
13.08.2021 00:57:09.317,1.17354,1.17349,2.62,1.5
13.08.2021 00:57:20.332,1.17354,1.17351,0.37,0.75
13.08.2021 00:57:20.383,1.1735600000000002,1.1735200000000001,2.7,0.75
13.08.2021 00:57:20.585,1.1735700000000002,1.1735200000000001,3,0.82
13.08.2021 00:57:53.670,1.17358,1.17353,3.37,1.57
13.08.2021 00:57:57.336,1.17358,1.17354,1.5,0.75
13.08.2021 00:58:25.390,1.17359,1.17354,1.12,0.82
13.08.2021 00:58:38.555,1.17359,1.17355,1.12,0.75
13.08.2021 00:58:38.708,1.1736,1.1735600000000002,5.44,0.75
13.08.2021 00:58:47.382,1.17361,1.1735700000000002,0.45,1.57
13.08.2021 00:58:47.484,1.17362,1.17358,2.06,0.75
13.08.2021 00:58:48.661,1.17362,1.1735700000000002,1.76,0.82
13.08.2021 00:58:53.060,1.17362,1.17358,1.31,0.75
13.08.2021 00:58:57.542,1.17362,1.1735700000000002,1.31,1.5
13.08.2021 00:58:57.694,1.17362,1.17358,0.37,0.75
13.08.2021 00:58:57.796,1.17363,1.17358,2.06,1.95
13.08.2021 00:59:03.308,1.17363,1.17359,1.31,0.75
13.08.2021 00:59:11.448,1.17362,1.17361,0.19,0.75
13.08.2021 00:59:13.728,1.17364,1.1736,3.94,0.75
13.08.2021 00:59:41.785,1.17365,1.17361,1.5,0.75
13.08.2021 00:59:41.891,1.17365,1.17362,5.32,0.82
13.08.2021 00:59:42.244,1.1736600000000001,1.17362,0.37,0.75
13.08.2021 00:59:43.946,1.1736700000000002,1.17363,0.75,0.75
13.08.2021 00:59:44.452,1.17368,1.17363,1.87,0.75
13.08.2021 00:59:48.628,1.1736600000000001,1.17364,0.75,0.75
13.08.2021 00:59:48.730,1.17368,1.17363,4.2,0.75
13.08.2021 00:59:48.832,1.17368,1.17364,4.2,0.75
13.08.2021 00:59:51.111,1.1736700000000002,1.17364,0.75,0.75
13.08.2021 00:59:51.212,1.17368,1.17364,1.57,0.75
13.08.2021 00:59:51.313,1.17368,1.17363,4.39,0.75
13.08.2021 00:59:51.415,1.17365,1.17362,0.37,0.75
13.08.2021 00:59:51.568,1.17365,1.17361,0.75,0.75
13.08.2021 00:59:58.960,1.17365,1.1736,2.25,0.75
13.08.2021 01:00:00.520,1.17364,1.17359,1.12,0.75
13.08.2021 01:00:00.621,1.17365,1.17361,1.2,0.75
13.08.2021 01:00:00.774,1.1736600000000001,1.17361,2.7,0.82
13.08.2021 01:00:00.926,1.17365,1.17363,1.12,0.75
13.08.2021 01:00:01.027,1.17368,1.17363,3.45,0.82
13.08.2021 01:00:02.909,1.1736600000000001,1.17362,0.75,0.75
13.08.2021 01:00:04.428,1.1736700000000002,1.17363,0.37,0.75
13.08.2021 01:00:04.579,1.1736700000000002,1.17364,1.5,0.75
13.08.2021 01:00:04.784,1.17368,1.17364,1.5,0.75
13.08.2021 01:00:05.936,1.1736900000000001,1.17364,3.82,0.75
13.08.2021 01:00:06.483,1.1736900000000001,1.17365,1.5,0.75
13.08.2021 01:00:06.585,1.1737,1.1736600000000001,0.37,1.01
13.08.2021 01:00:06.686,1.17371,1.1736600000000001,3.07,1.01
13.08.2021 01:00:07.685,1.17372,1.17368,1.5,0.75
13.08.2021 01:00:11.480,1.17373,1.17368,1.95,0.75
13.08.2021 01:00:11.582,1.17373,1.1736900000000001,1.12,0.75
13.08.2021 01:00:17.444,1.17374,1.1737,1.57,0.75
13.08.2021 01:00:18.204,1.17373,1.1737,0.75,0.75
13.08.2021 01:00:18.306,1.17373,1.1736900000000001,0.75,0.75
13.08.2021 01:00:18.407,1.17371,1.1736700000000002,3.07,0.75
13.08.2021 01:00:18.560,1.1737,1.1736600000000001,0.75,0.82
13.08.2021 01:00:22.238,1.17371,1.1736600000000001,1.12,0.82
13.08.2021 01:00:22.415,1.17371,1.1736700000000002,0.37,0.82
13.08.2021 01:00:24.329,1.17372,1.1736700000000002,2.62,0.82
13.08.2021 01:00:27.610,1.17371,1.1736900000000001,0.37,0.75
13.08.2021 01:00:27.720,1.17373,1.17368,4.12,0.75
13.08.2021 01:00:27.821,1.17373,1.1736900000000001,1.87,0.75
13.08.2021 01:00:31.816,1.17374,1.1736900000000001,1.87,0.82
13.08.2021 01:00:35.204,1.17374,1.1737,1.12,0.75
13.08.2021 01:00:48.054,1.1737600000000001,1.17371,2.4,0.82
13.08.2021 01:00:48.156,1.1737600000000001,1.17372,1.2,0.1
13.08.2021 01:00:48.257,1.1737700000000002,1.17373,0.75,0.75
13.08.2021 01:00:48.358,1.17378,1.17373,3.07,0.82
13.08.2021 01:00:50.176,1.1737700000000002,1.17373,1.57,0.75
13.08.2021 01:00:50.280,1.1737700000000002,1.17372,1.57,1.57
13.08.2021 01:00:50.381,1.1737600000000001,1.17372,0.75,1.57
13.08.2021 01:00:50.483,1.17375,1.17371,1.5,0.82
13.08.2021 01:00:50.853,1.17375,1.1737,1.95,0.82
13.08.2021 01:00:56.174,1.17374,1.1737,0.75,0.82
13.08.2021 01:00:58.207,1.17373,1.1737,1.57,1.57
13.08.2021 01:01:06.957,1.17374,1.1737,0.45,0.75
13.08.2021 01:01:32.111,1.17375,1.1737,4.12,0.82
13.08.2021 01:01:39.741,1.17374,1.1737,0.37,0.75
13.08.2021 01:01:43.193,1.17371,1.17368,3.37,0.75
13.08.2021 01:01:43.294,1.17371,1.1736700000000002,3.45,0.75
13.08.2021 01:01:43.396,1.1737,1.1736600000000001,0.75,0.82
13.08.2021 01:02:03.558,1.17368,1.17364,1.57,0.19
13.08.2021 01:02:03.761,1.1736600000000001,1.17364,0.75,0.82
13.08.2021 01:02:12.269,1.17368,1.17363,2.7,0.82
13.08.2021 01:02:13.500,1.17368,1.17364,1.95,0.75
13.08.2021 01:02:15.117,1.1737,1.1736600000000001,1.57,0.75
13.08.2021 01:02:15.218,1.17368,1.1736600000000001,0.75,0.75
13.08.2021 01:02:15.269,1.17368,1.17363,1.2,7.99
13.08.2021 01:02:15.370,1.1736900000000001,1.17364,2.7,0.82
13.08.2021 01:02:15.485,1.17368,1.17364,0.75,0.82
13.08.2021 01:02:17.277,1.1736900000000001,1.17365,1.95,0.75
13.08.2021 01:02:21.135,1.1736900000000001,1.1736600000000001,1.2,0.75
13.08.2021 01:02:21.237,1.17368,1.1736600000000001,1.2,0.75
13.08.2021 01:02:21.338,1.1736900000000001,1.1736600000000001,1.2,0.75
13.08.2021 01:02:25.623,1.1737,1.1736700000000002,1.2,0.75
13.08.2021 01:02:41.537,1.1736900000000001,1.1736600000000001,1.57,0.75
13.08.2021 01:02:41.638,1.1736900000000001,1.17365,3.45,0.75
13.08.2021 01:02:47.109,1.1736600000000001,1.17363,2.25,0.75
13.08.2021 01:02:47.210,1.17365,1.17362,0.75,0.75
13.08.2021 01:02:49.576,1.1736600000000001,1.17363,1.12,0.75
13.08.2021 01:02:49.677,1.1736700000000002,1.17364,0.75,0.75
13.08.2021 01:02:49.980,1.17368,1.17364,0.45,0.75
13.08.2021 01:02:51.581,1.17368,1.17365,0.45,0.75
13.08.2021 01:02:51.885,1.1736700000000002,1.17365,1.5,0.75
13.08.2021 01:02:51.938,1.1736600000000001,1.17363,0.75,0.75
13.08.2021 01:02:52.618,1.1736700000000002,1.17363,1.87,0.75
13.08.2021 01:03:01.200,1.17365,1.17362,1.12,0.75
13.08.2021 01:03:01.301,1.17365,1.17361,1.12,0.75
13.08.2021 01:03:06.871,1.17364,1.17361,0.37,0.75
13.08.2021 01:03:19.010,1.17362,1.17359,1.12,0.75
13.08.2021 01:03:19.111,1.17361,1.17359,0.75,0.75
13.08.2021 01:03:19.221,1.17362,1.17359,1.12,0.75
13.08.2021 01:03:22.360,1.17363,1.17359,1.5,0.75
13.08.2021 01:03:22.488,1.17362,1.1736,1.5,0.75
13.08.2021 01:03:29.515,1.17362,1.17359,0.45,0.75
13.08.2021 01:03:37.968,1.1736,1.17359,0.75,0.75
13.08.2021 01:03:39.622,1.17361,1.17358,0.75,0.75
13.08.2021 01:03:56.816,1.17362,1.17358,1.95,0.75
13.08.2021 01:04:03.338,1.1736,1.1735700000000002,1.57,0.75
13.08.2021 01:04:03.490,1.1736,1.1735600000000002,3.26,0.75
13.08.2021 01:04:04.894,1.17359,1.1735600000000002,0.75,0.75
13.08.2021 01:04:05.046,1.1736,1.1735600000000002,3.52,0.75
13.08.2021 01:04:10.332,1.17359,1.1735600000000002,0.37,0.75
13.08.2021 01:04:24.197,1.1736,1.1735600000000002,3.07,0.75
13.08.2021 01:04:24.299,1.17359,1.17358,1.12,0.75
13.08.2021 01:04:33.697,1.17362,1.17359,0.37,0.75
13.08.2021 01:04:33.799,1.17363,1.17359,3.45,0.75
13.08.2021 01:04:38.726,1.17363,1.1736,0.1,0.75
13.08.2021 01:04:45.310,1.17362,1.1736,0.75,0.75
13.08.2021 01:04:45.412,1.17363,1.1736,1.2,0.75
13.08.2021 01:05:02.646,1.17364,1.1736,2.62,0.75
13.08.2021 01:05:09.980,1.17363,1.17359,0.82,0.75
13.08.2021 01:05:18.538,1.17362,1.17359,0.75,0.75
13.08.2021 01:05:18.640,1.17361,1.17358,0.75,0.75
13.08.2021 01:05:22.901,1.17362,1.17358,1.39,0.75
13.08.2021 01:05:30.844,1.17363,1.17359,1.39,0.75
13.08.2021 01:05:40.349,1.17363,1.1736,0.19,0.75
13.08.2021 01:05:40.450,1.17364,1.1736,5.06,0.75
13.08.2021 01:05:43.525,1.17365,1.17361,2.62,0.82
13.08.2021 01:05:43.677,1.17365,1.17362,0.37,0.75
13.08.2021 01:05:43.829,1.1736600000000001,1.17362,2.81,0.75
13.08.2021 01:05:47.980,1.17365,1.17362,1.69,0.75
13.08.2021 01:05:48.192,1.17365,1.17361,1.69,0.75
13.08.2021 01:05:50.121,1.17364,1.17362,2.44,0.75
13.08.2021 01:06:05.075,1.17364,1.17361,0.75,0.75
13.08.2021 01:06:14.480,1.17365,1.17361,3.07,0.75
13.08.2021 01:06:14.581,1.17365,1.17362,1.31,0.75
13.08.2021 01:06:38.941,1.17364,1.17362,0.37,0.75
13.08.2021 01:06:39.560,1.17364,1.17361,0.56,0.75
13.08.2021 01:06:48.790,1.17363,1.17361,0.1,0.75
13.08.2021 01:06:48.948,1.17364,1.17361,1.87,0.75
13.08.2021 01:06:49.388,1.17363,1.17361,2.06,0.75
13.08.2021 01:07:01.757,1.17362,1.17358,0.1,2.62
13.08.2021 01:07:02.033,1.17364,1.17361,2.06,0.75
13.08.2021 01:07:03.099,1.17363,1.17361,0.1,0.75
13.08.2021 01:07:07.066,1.17364,1.17361,2.06,0.75
13.08.2021 01:07:09.640,1.17362,1.1736,0.1,0.75
13.08.2021 01:07:33.407,1.17361,1.17359,0.75,0.75
13.08.2021 01:07:33.458,1.17363,1.17359,4.54,0.75
13.08.2021 01:07:33.560,1.17362,1.17359,0.19,0.75
13.08.2021 01:07:36.251,1.17363,1.1736,0.82,0.75
13.08.2021 01:07:36.860,1.17362,1.1736,0.1,0.75
13.08.2021 01:07:40.367,1.17363,1.1736,0.94,0.75
13.08.2021 01:07:41.430,1.17361,1.17358,0.1,1.12
13.08.2021 01:07:43.361,1.17363,1.1736,0.94,0.75
13.08.2021 01:07:44.606,1.17362,1.1736,0.1,0.75
13.08.2021 01:07:49.872,1.17363,1.1736,1.01,0.75
13.08.2021 01:08:03.962,1.17362,1.1736,0.1,0.75
13.08.2021 01:08:05.710,1.17363,1.1736,0.19,0.75
13.08.2021 01:08:06.474,1.17361,1.17358,0.1,0.75
13.08.2021 01:08:08.708,1.17361,1.1736,0.1,0.75
13.08.2021 01:08:11.477,1.17363,1.1736,0.19,0.75
13.08.2021 01:08:11.528,1.17359,1.1735700000000002,0.1,0.75
13.08.2021 01:08:11.681,1.17359,1.1735700000000002,0.82,0.75
13.08.2021 01:08:15.308,1.17361,1.1735700000000002,1.2,0.75
13.08.2021 01:08:26.139,1.1736,1.1735700000000002,0.1,0.75
13.08.2021 01:08:26.342,1.17359,1.1735600000000002,0.1,0.75
13.08.2021 01:08:26.495,1.1735700000000002,1.1735600000000002,0.1,1.95
13.08.2021 01:08:26.596,1.17358,1.17355,0.1,0.75
13.08.2021 01:08:27.285,1.17358,1.17354,0.1,0.75
13.08.2021 01:08:30.953,1.1735700000000002,1.17354,0.1,0.75
13.08.2021 01:08:31.526,1.17355,1.1735200000000001,0.45,0.75
13.08.2021 01:08:31.627,1.17354,1.17351,0.1,1.95
13.08.2021 01:08:31.830,1.17355,1.17351,0.1,0.75
13.08.2021 01:08:33.229,1.17355,1.1735200000000001,0.1,0.75
13.08.2021 01:08:55.090,1.1735600000000002,1.1735200000000001,1.95,0.75
13.08.2021 01:09:04.067,1.1735700000000002,1.17353,2.14,0.75
13.08.2021 01:09:04.169,1.1735700000000002,1.1735200000000001,2.14,1.5
13.08.2021 01:09:04.320,1.1735700000000002,1.17353,2.14,0.75
13.08.2021 01:09:13.365,1.17354,1.17353,0.1,0.75
13.08.2021 01:09:13.467,1.17355,1.17351,0.1,1.2
13.08.2021 01:09:18.233,1.17354,1.17351,0.45,0.75
13.08.2021 01:09:21.313,1.17354,1.1735,1.2,0.75
13.08.2021 01:09:30.897,1.17351,1.1734700000000002,3.07,8.18
13.08.2021 01:09:31.009,1.1735,1.1734700000000002,0.64,1.95
13.08.2021 01:09:31.162,1.17349,1.1734700000000002,0.1,0.75
13.08.2021 01:09:31.313,1.17349,1.1734600000000002,0.26,0.75
13.08.2021 01:09:31.465,1.17348,1.1734600000000002,0.1,0.75
13.08.2021 01:09:31.566,1.17349,1.1734600000000002,0.1,0.75
13.08.2021 01:09:31.769,1.17349,1.17345,3.26,0.75
13.08.2021 01:09:31.921,1.17348,1.17345,0.1,0.75
13.08.2021 01:09:32.594,1.17349,1.17345,0.26,0.75
13.08.2021 01:09:33.555,1.17349,1.1734600000000002,0.26,0.75
13.08.2021 01:09:34.008,1.1735,1.1734600000000002,2.14,0.75
13.08.2021 01:09:34.750,1.17349,1.1734600000000002,0.1,0.75
13.08.2021 01:09:40.548,1.17349,1.17345,0.1,0.75
13.08.2021 01:09:41.020,1.17349,1.1734600000000002,0.1,0.75
13.08.2021 01:09:45.888,1.17348,1.17345,0.1,0.75
13.08.2021 01:10:00.303,1.1734700000000002,1.17344,0.1,0.75
13.08.2021 01:10:02.577,1.1734700000000002,1.17345,0.82,0.75
13.08.2021 01:10:02.679,1.17349,1.17345,0.75,1.87
13.08.2021 01:10:02.780,1.1735,1.1734600000000002,1.2,0.75
13.08.2021 01:10:20.738,1.17349,1.1734600000000002,0.1,0.75
13.08.2021 01:10:57.061,1.1735,1.1734600000000002,1.57,0.75
13.08.2021 01:11:18.339,1.17349,1.1734600000000002,0.1,0.75
13.08.2021 01:11:18.440,1.17348,1.17345,0.1,1.12
13.08.2021 01:11:18.592,1.17349,1.17345,1.76,0.75
13.08.2021 01:11:20.129,1.17349,1.1734700000000002,0.82,0.75
13.08.2021 01:11:20.231,1.17349,1.1734700000000002,0.75,3.64
13.08.2021 01:11:21.947,1.17351,1.1734700000000002,1.01,0.75
13.08.2021 01:11:46.794,1.17351,1.17349,1.2,0.75
13.08.2021 01:11:48.577,1.1735200000000001,1.17349,0.1,0.75
13.08.2021 01:11:48.678,1.17354,1.1735,2.14,0.75
13.08.2021 01:12:32.100,1.17353,1.1735,0.19,0.75
13.08.2021 01:12:37.203,1.17354,1.1735,1.39,0.75
13.08.2021 01:12:37.507,1.17353,1.1735,0.19,0.75
13.08.2021 01:12:37.941,1.17354,1.1735,1.39,0.75
13.08.2021 01:12:38.193,1.1735200000000001,1.17351,0.19,0.75
13.08.2021 01:12:42.307,1.17353,1.17349,0.94,0.75
13.08.2021 01:12:44.639,1.1735200000000001,1.17348,1.01,1.12
13.08.2021 01:12:44.741,1.17351,1.17348,0.75,1.12
13.08.2021 01:12:47.570,1.1735,1.1734600000000002,0.82,2.25
13.08.2021 01:12:47.672,1.1735,1.1734700000000002,0.1,0.75
13.08.2021 01:12:59.386,1.1735,1.1734600000000002,0.82,1.5
13.08.2021 01:13:00.293,1.17351,1.1734700000000002,0.82,1.5
13.08.2021 01:13:00.495,1.17351,1.17348,0.1,1.5
13.08.2021 01:13:00.597,1.1735200000000001,1.17348,0.82,2.25
13.08.2021 01:13:00.748,1.1735200000000001,1.17349,0.1,0.75
13.08.2021 01:13:05.206,1.17353,1.17349,1.2,0.75
13.08.2021 01:13:07.862,1.1735200000000001,1.17349,0.1,0.75
13.08.2021 01:13:09.330,1.17353,1.17349,0.1,0.75
13.08.2021 01:13:11.279,1.17351,1.1735,0.1,0.75
13.08.2021 01:13:13.869,1.17351,1.17349,0.1,0.75
13.08.2021 01:13:22.147,1.1735,1.17349,0.1,1.5
13.08.2021 01:13:38.423,1.17353,1.17348,1.01,2.25
13.08.2021 01:13:38.474,1.17354,1.1735,2.89,0.75
13.08.2021 01:13:38.676,1.17355,1.17351,1.2,1.5
13.08.2021 01:13:41.039,1.1735600000000002,1.17351,1.76,7.73
13.08.2021 01:13:50.137,1.17355,1.17351,0.1,1.5
13.08.2021 01:13:50.675,1.17354,1.17351,0.1,1.5
13.08.2021 01:13:51.204,1.17354,1.1735,0.82,1.5
13.08.2021 01:13:51.305,1.17351,1.17349,1.57,0.75
13.08.2021 01:13:51.407,1.1735,1.17348,0.64,0.75
13.08.2021 01:13:51.510,1.1735,1.1734600000000002,1.39,2.25
13.08.2021 01:13:51.764,1.17349,1.1734600000000002,0.1,0.75
13.08.2021 01:13:55.367,1.17349,1.17345,0.26,1.5
13.08.2021 01:14:00.431,1.17348,1.17345,0.1,0.75
13.08.2021 01:14:01.017,1.17349,1.17345,1.2,0.75
13.08.2021 01:14:02.154,1.17348,1.17345,0.1,0.75
13.08.2021 01:14:12.327,1.17348,1.17344,0.1,0.75
13.08.2021 01:14:12.731,1.17349,1.17345,2.51,0.75
13.08.2021 01:14:24.354,1.17349,1.1734700000000002,1.2,0.75
13.08.2021 01:14:30.308,1.17351,1.1734700000000002,2.51,0.75
13.08.2021 01:14:43.302,1.1735,1.1734700000000002,0.1,0.75
13.08.2021 01:14:43.878,1.17349,1.1734700000000002,0.82,0.75
13.08.2021 01:14:47.768,1.1735,1.17348,0.75,1.2
13.08.2021 01:14:51.325,1.1735200000000001,1.17348,1.01,0.75
13.08.2021 01:15:00.871,1.17351,1.1734700000000002,0.75,0.75
13.08.2021 01:15:02.081,1.1735,1.1734600000000002,0.75,1.12
13.08.2021 01:15:06.307,1.1735,1.17345,1.69,0.75
13.08.2021 01:15:07.172,1.17349,1.17345,0.1,0.75
13.08.2021 01:15:08.047,1.1735,1.1734600000000002,0.82,0.75
13.08.2021 01:15:12.308,1.1735,1.1734700000000002,0.1,0.75
13.08.2021 01:15:16.138,1.17351,1.1734700000000002,2.89,0.75
13.08.2021 01:15:53.949,1.1735200000000001,1.17348,1.01,2.25
13.08.2021 01:15:54.052,1.17353,1.17351,1.5,0.75
13.08.2021 01:15:54.103,1.17355,1.17351,1.57,0.75
13.08.2021 01:15:54.206,1.1735700000000002,1.17354,0.1,0.75
13.08.2021 01:15:54.618,1.1735700000000002,1.17355,1.2,0.75
13.08.2021 01:15:54.870,1.17358,1.17355,0.37,0.75
13.08.2021 01:15:57.844,1.17359,1.17355,1.39,0.75
13.08.2021 01:16:04.058,1.17359,1.1735600000000002,0.1,0.75
13.08.2021 01:16:04.160,1.17361,1.1735700000000002,2.14,0.75
13.08.2021 01:16:04.262,1.17362,1.17359,0.1,0.75
13.08.2021 01:16:16.265,1.17362,1.17358,0.1,0.75
13.08.2021 01:16:28.498,1.1736,1.1735700000000002,0.1,1.5
13.08.2021 01:16:28.599,1.1736,1.1735600000000002,0.82,1.2
13.08.2021 01:16:28.954,1.17359,1.1735600000000002,0.1,0.75
13.08.2021 01:16:36.604,1.17359,1.1735700000000002,1.76,0.75
13.08.2021 01:16:47.279,1.17361,1.1735700000000002,0.82,1.12
13.08.2021 01:16:47.381,1.17361,1.17358,0.75,0.37
13.08.2021 01:16:47.859,1.17361,1.1735700000000002,0.75,1.2
13.08.2021 01:16:57.245,1.1736,1.1735600000000002,0.75,2.7
13.08.2021 01:17:10.539,1.17362,1.17359,0.1,0.75
13.08.2021 01:17:10.642,1.17363,1.17361,2.51,0.75
13.08.2021 01:17:24.605,1.17364,1.17361,0.1,0.75
13.08.2021 01:17:24.707,1.17365,1.17361,1.95,0.75
13.08.2021 01:17:28.236,1.1736600000000001,1.17362,1.95,0.75
13.08.2021 01:17:28.338,1.1736700000000002,1.17364,0.26,0.75
13.08.2021 01:17:28.441,1.1736600000000001,1.17364,1.39,0.75
13.08.2021 01:17:28.543,1.1736600000000001,1.17362,0.82,1.5
13.08.2021 01:17:31.183,1.17365,1.17362,0.1,0.75
13.08.2021 01:17:42.388,1.17365,1.17361,1.57,0.75
13.08.2021 01:17:44.466,1.17364,1.17361,1.2,0.75
13.08.2021 01:17:53.803,1.17365,1.17361,2.32,0.75
13.08.2021 01:17:53.955,1.17364,1.17361,0.1,0.75
13.08.2021 01:18:01.608,1.17365,1.17361,1.95,0.75
13.08.2021 01:18:03.904,1.17364,1.17361,0.19,0.75
13.08.2021 01:18:43.105,1.17365,1.17361,1.39,0.75
13.08.2021 01:18:45.401,1.1736600000000001,1.17362,1.39,0.75
13.08.2021 01:18:51.329,1.17365,1.17361,0.75,0.82
13.08.2021 01:18:54.799,1.1736600000000001,1.17362,0.94,0.82
13.08.2021 01:18:54.900,1.1736600000000001,1.17364,1.76,0.75
13.08.2021 01:18:55.002,1.1736600000000001,1.17363,0.19,0.75
13.08.2021 01:18:55.305,1.17365,1.17362,0.75,0.75
13.08.2021 01:19:01.406,1.17365,1.17361,0.75,1.57
13.08.2021 01:19:02.785,1.1736700000000002,1.17363,0.75,0.82
13.08.2021 01:19:03.617,1.1736600000000001,1.17363,0.26,0.75
13.08.2021 01:19:03.719,1.1736600000000001,1.17362,1.01,1.12
13.08.2021 01:19:09.307,1.1736700000000002,1.17363,0.75,0.75
13.08.2021 01:19:11.135,1.1736600000000001,1.17362,2.06,0.75
13.08.2021 01:19:16.601,1.1736600000000001,1.17363,0.75,0.75
13.08.2021 01:19:16.703,1.1736700000000002,1.17363,0.94,0.75
13.08.2021 01:19:16.804,1.1736700000000002,1.17364,0.75,0.75
13.08.2021 01:19:18.082,1.1736700000000002,1.17363,0.75,0.75
13.08.2021 01:19:26.661,1.17368,1.17364,1.39,0.75
13.08.2021 01:19:38.948,1.1736700000000002,1.17364,0.94,0.75
13.08.2021 01:19:39.311,1.17368,1.17364,1.39,0.75
13.08.2021 01:21:16.072,1.1736900000000001,1.17365,1.87,0.75
13.08.2021 01:21:34.428,1.1737,1.1736700000000002,0.75,0.75
13.08.2021 01:21:34.529,1.1737,1.1736600000000001,0.75,1.2
13.08.2021 01:21:34.984,1.17371,1.1736700000000002,0.75,1.57
13.08.2021 01:21:35.136,1.17371,1.17368,0.75,0.82
13.08.2021 01:21:35.349,1.17372,1.17368,0.94,2.25
13.08.2021 01:21:39.307,1.1737,1.17368,0.75,2.32
13.08.2021 01:21:47.459,1.1737,1.1736600000000001,0.75,0.82
13.08.2021 01:22:02.497,1.1736900000000001,1.17365,1.12,0.75
13.08.2021 01:22:06.307,1.1737,1.1736600000000001,0.75,0.75
13.08.2021 01:22:41.371,1.1736900000000001,1.17365,0.75,1.95
13.08.2021 01:23:03.308,1.17368,1.17364,0.75,1.57
13.08.2021 01:23:39.307,1.17368,1.1736600000000001,1.39,0.75
13.08.2021 01:24:09.926,1.1737,1.1736700000000002,0.75,0.1
13.08.2021 01:24:10.027,1.17371,1.1736700000000002,0.75,0.82
13.08.2021 01:24:11.465,1.1737,1.1736600000000001,1.57,1.5
13.08.2021 01:24:11.568,1.1736900000000001,1.17365,0.26,0.75
13.08.2021 01:24:12.021,1.17368,1.17364,0.75,0.82
13.08.2021 01:24:12.325,1.1736600000000001,1.17362,1.57,0.75
13.08.2021 01:24:12.426,1.1736700000000002,1.17362,0.82,0.82
13.08.2021 01:24:15.317,1.1736700000000002,1.17363,0.82,0.75
13.08.2021 01:24:17.705,1.1736700000000002,1.17364,0.1,0.75
13.08.2021 01:24:21.033,1.1736700000000002,1.17365,0.1,0.75
13.08.2021 01:24:22.528,1.1736900000000001,1.17365,1.76,0.75
13.08.2021 01:24:23.018,1.17368,1.17365,0.1,0.75
13.08.2021 01:24:28.528,1.1736900000000001,1.17365,2.14,0.75
13.08.2021 01:24:29.598,1.1737,1.1736600000000001,2.14,0.75
13.08.2021 01:24:29.903,1.1737,1.1736700000000002,1.39,0.75
13.08.2021 01:24:58.172,1.17371,1.17368,0.26,0.75
13.08.2021 01:24:58.274,1.17371,1.1736900000000001,0.26,0.75
13.08.2021 01:24:58.375,1.17373,1.17371,0.26,0.75
13.08.2021 01:24:58.729,1.17371,1.1736900000000001,0.26,0.75
13.08.2021 01:25:09.371,1.17375,1.17373,8.17,0.75
13.08.2021 01:25:09.524,1.1737700000000002,1.17374,0.45,0.75
13.08.2021 01:25:09.742,1.17378,1.17375,1.39,0.75
13.08.2021 01:25:24.953,1.1737700000000002,1.17373,0.26,0.75
13.08.2021 01:25:25.308,1.17375,1.17373,0.1,0.75
13.08.2021 01:25:25.409,1.17374,1.17372,0.1,0.75
13.08.2021 01:25:29.715,1.17375,1.17372,0.82,0.75
13.08.2021 01:25:29.816,1.17375,1.17373,0.82,0.75
13.08.2021 01:25:30.725,1.1737600000000001,1.17373,0.45,0.75
13.08.2021 01:25:31.177,1.1737700000000002,1.17375,0.1,0.75
13.08.2021 01:25:41.087,1.1737700000000002,1.17375,0.26,0.75
13.08.2021 01:25:45.926,1.17378,1.1737600000000001,1.39,0.75
13.08.2021 01:25:46.028,1.1738,1.1737600000000001,2.51,0.75
13.08.2021 01:25:48.810,1.17381,1.17378,0.64,0.75
13.08.2021 01:25:48.962,1.17382,1.1737900000000001,0.26,0.75
13.08.2021 01:25:49.114,1.1738,1.1737900000000001,0.26,1.5
13.08.2021 01:25:49.483,1.17381,1.17378,0.26,0.75
13.08.2021 01:25:50.432,1.1738,1.1737700000000002,0.26,0.75
13.08.2021 01:25:51.853,1.1737900000000001,1.1737700000000002,0.19,0.75
13.08.2021 01:25:56.101,1.1737900000000001,1.1737600000000001,0.19,0.75
13.08.2021 01:25:56.203,1.1738,1.1737600000000001,0.94,0.75
13.08.2021 01:26:00.335,1.1738,1.1737700000000002,0.19,0.75
13.08.2021 01:26:18.250,1.1737900000000001,1.1737700000000002,0.19,0.75
13.08.2021 01:26:18.351,1.1738,1.1737700000000002,0.56,0.75
13.08.2021 01:26:18.643,1.1737900000000001,1.1737700000000002,0.19,0.75
13.08.2021 01:26:18.745,1.1738,1.1737700000000002,0.94,0.75
13.08.2021 01:26:24.688,1.1738,1.17378,0.94,0.75
13.08.2021 01:26:24.941,1.1738,1.1737600000000001,2.44,0.75
13.08.2021 01:26:25.042,1.1737900000000001,1.1737600000000001,0.75,0.75
13.08.2021 01:26:25.396,1.1737900000000001,1.17375,2.06,0.75
13.08.2021 01:26:27.024,1.1737900000000001,1.1737600000000001,1.31,0.75
13.08.2021 01:26:27.914,1.17378,1.1737600000000001,0.19,0.75
13.08.2021 01:26:28.167,1.17378,1.17375,0.19,0.75
13.08.2021 01:26:28.653,1.1737900000000001,1.17375,2.06,0.75
13.08.2021 01:26:28.891,1.17378,1.17375,0.19,0.75
13.08.2021 01:26:31.702,1.1737900000000001,1.17375,2.81,0.75
13.08.2021 01:26:34.128,1.17378,1.17375,0.1,0.75
13.08.2021 01:26:35.069,1.1737900000000001,1.1737600000000001,0.82,0.75
13.08.2021 01:26:43.278,1.17378,1.17375,0.82,0.75
13.08.2021 01:26:43.379,1.1737700000000002,1.17374,0.26,0.75
13.08.2021 01:26:43.531,1.1737700000000002,1.17375,0.1,0.75
13.08.2021 01:26:43.632,1.17378,1.17375,0.1,0.75
13.08.2021 01:26:43.839,1.1737900000000001,1.1737600000000001,1.39,0.75
13.08.2021 01:26:43.940,1.17378,1.1737600000000001,0.1,0.75
13.08.2021 01:26:46.514,1.1737900000000001,1.1737600000000001,1.39,0.75
13.08.2021 01:26:48.938,1.1737700000000002,1.1737600000000001,0.19,0.75
13.08.2021 01:26:48.989,1.1737700000000002,1.17373,0.26,1.12
13.08.2021 01:26:55.178,1.1737600000000001,1.17373,0.19,1.12
13.08.2021 01:27:04.199,1.17375,1.17373,0.1,0.75
13.08.2021 01:27:04.351,1.17374,1.17371,0.1,0.75
13.08.2021 01:27:13.827,1.17374,1.17372,0.1,0.75
13.08.2021 01:27:15.106,1.17374,1.17371,0.1,0.75
13.08.2021 01:27:16.383,1.17375,1.17371,1.01,1.12
13.08.2021 01:27:16.484,1.17375,1.17372,0.26,0.75
13.08.2021 01:27:21.307,1.17375,1.17373,0.19,0.75
13.08.2021 01:27:23.251,1.17375,1.17373,1.95,0.75
13.08.2021 01:27:48.415,1.1737700000000002,1.17373,0.1,0.75
13.08.2021 01:27:48.516,1.1737700000000002,1.17372,0.1,2.51
13.08.2021 01:27:48.618,1.17378,1.1737600000000001,0.45,0.75
13.08.2021 01:27:48.871,1.1737700000000002,1.17373,0.1,0.75
13.08.2021 01:27:52.732,1.1737900000000001,1.1737600000000001,1.2,0.75
13.08.2021 01:27:52.833,1.1737900000000001,1.1737700000000002,0.82,0.75
13.08.2021 01:27:52.934,1.1738,1.1737700000000002,1.57,0.75
13.08.2021 01:27:53.035,1.1738,1.1737700000000002,1.57,0.75
13.08.2021 01:27:54.469,1.1738,1.1737700000000002,1.57,0.75
13.08.2021 01:28:01.743,1.1738,1.1737700000000002,1.2,0.75
13.08.2021 01:28:17.935,1.1738,1.1737600000000001,2.32,0.75
13.08.2021 01:28:18.727,1.17378,1.1737700000000002,0.1,0.75
13.08.2021 01:28:26.942,1.1737900000000001,1.1737700000000002,2.32,0.75
13.08.2021 01:28:27.195,1.1738,1.1737700000000002,1.57,0.75
13.08.2021 01:28:48.370,1.1737900000000001,1.1737700000000002,0.45,0.75
13.08.2021 01:28:48.624,1.1737900000000001,1.1737600000000001,0.45,0.75
13.08.2021 01:28:54.410,1.1737900000000001,1.17375,0.1,0.75
13.08.2021 01:28:55.710,1.1737900000000001,1.1737600000000001,0.1,0.75
13.08.2021 01:29:10.414,1.1737900000000001,1.1737700000000002,0.1,0.75
13.08.2021 01:29:25.444,1.1738,1.1737700000000002,2.62,0.75
13.08.2021 01:29:25.899,1.1738,1.17378,1.2,0.75
13.08.2021 01:29:33.408,1.1738,1.17378,0.37,0.75
13.08.2021 01:29:33.561,1.1737900000000001,1.1737700000000002,0.1,0.75
13.08.2021 01:29:38.537,1.17381,1.1737700000000002,1.57,0.75
13.08.2021 01:29:38.639,1.17381,1.17378,0.1,0.75
13.08.2021 01:29:44.848,1.1738,1.17378,0.1,0.75
13.08.2021 01:29:46.797,1.1738,1.1737700000000002,0.82,0.75
13.08.2021 01:29:51.743,1.17381,1.1737700000000002,2.7,0.75
13.08.2021 01:29:56.466,1.17381,1.17378,2.62,0.75
13.08.2021 01:30:00.711,1.1738,1.17378,2.62,0.75
13.08.2021 01:30:02.208,1.17381,1.17378,1.87,0.75
13.08.2021 01:30:06.352,1.17382,1.17378,3.37,0.75
13.08.2021 01:30:07.140,1.17381,1.17378,0.1,0.75
13.08.2021 01:30:09.681,1.17383,1.17381,0.75,0.75
13.08.2021 01:30:09.783,1.17384,1.17381,1.2,0.75
13.08.2021 01:30:12.678,1.17384,1.1738,1.2,0.75
13.08.2021 01:30:19.746,1.17383,1.1737900000000001,0.1,0.75
13.08.2021 01:30:27.160,1.17384,1.1738,0.1,0.75
13.08.2021 01:30:27.771,1.17384,1.1737900000000001,1.2,0.37
13.08.2021 01:30:27.873,1.17382,1.17378,0.1,1.57
13.08.2021 01:30:27.975,1.17383,1.17378,0.75,5.14
13.08.2021 01:30:28.076,1.17384,1.17381,0.82,0.75
13.08.2021 01:30:28.127,1.17383,1.17378,0.75,2.89
13.08.2021 01:30:28.229,1.17382,1.17378,0.1,2.51
13.08.2021 01:30:29.305,1.17382,1.1738,0.1,0.75
13.08.2021 01:30:29.357,1.17384,1.17381,0.45,0.75
13.08.2021 01:30:29.449,1.17382,1.17378,0.1,2.7
13.08.2021 01:30:31.429,1.17384,1.17381,0.1,0.75
13.08.2021 01:30:31.531,1.17385,1.17382,0.45,0.75
13.08.2021 01:30:31.633,1.1738600000000001,1.17383,0.37,0.75
13.08.2021 01:30:31.835,1.1738700000000002,1.17384,0.75,0.75
13.08.2021 01:30:31.937,1.17388,1.17384,1.95,0.75
13.08.2021 01:30:32.402,1.17388,1.1738600000000001,1.12,0.75
13.08.2021 01:30:32.504,1.17389,1.1738600000000001,0.45,0.75
13.08.2021 01:30:34.587,1.17389,1.1738700000000002,0.45,0.75
13.08.2021 01:30:35.354,1.1739000000000002,1.17388,0.82,0.75
13.08.2021 01:30:35.455,1.17391,1.17388,0.1,0.75
13.08.2021 01:30:38.086,1.17389,1.1738700000000002,0.1,0.75
13.08.2021 01:30:38.389,1.17389,1.17388,0.82,0.75
13.08.2021 01:30:38.541,1.17391,1.1738700000000002,1.57,0.82
13.08.2021 01:30:42.312,1.1739000000000002,1.17389,0.82,0.75
13.08.2021 01:30:46.804,1.17393,1.17389,1.2,0.94
13.08.2021 01:30:46.855,1.17394,1.17391,1.27,0.75
13.08.2021 01:30:56.776,1.17394,1.17392,0.37,0.75
13.08.2021 01:30:56.878,1.1739600000000001,1.17392,2.7,1.5
13.08.2021 01:30:56.979,1.1739600000000001,1.17393,0.37,1.12
13.08.2021 01:30:57.106,1.1739700000000002,1.17393,1.95,1.12
13.08.2021 01:30:57.748,1.17398,1.17394,1.57,0.75
13.08.2021 01:30:58.674,1.17398,1.17395,0.75,0.37
13.08.2021 01:31:00.233,1.17399,1.1739700000000002,1.2,0.75
13.08.2021 01:31:00.335,1.1740000000000002,1.17398,1.5,0.75
13.08.2021 01:31:00.436,1.17402,1.17398,2.4,0.75
13.08.2021 01:31:00.588,1.17404,1.17401,1.65,0.75
13.08.2021 01:31:00.740,1.17403,1.1740000000000002,0.75,0.75
13.08.2021 01:31:01.331,1.17403,1.17398,3.45,1.5
13.08.2021 01:31:01.483,1.17402,1.17398,0.45,1.5
13.08.2021 01:31:05.274,1.17403,1.17398,3.45,1.5
13.08.2021 01:31:08.349,1.17402,1.17398,0.75,1.5
13.08.2021 01:31:09.529,1.17403,1.17398,4.2,1.5
13.08.2021 01:31:15.331,1.17402,1.17398,0.75,0.75
13.08.2021 01:31:21.359,1.17401,1.17398,0.75,0.75
13.08.2021 01:31:31.607,1.17402,1.17398,4.2,0.75
13.08.2021 01:31:31.880,1.17401,1.17398,0.75,0.75
13.08.2021 01:31:31.981,1.1740000000000002,1.17398,2.32,0.75
13.08.2021 01:31:32.184,1.1740000000000002,1.1739700000000002,3.07,0.75
13.08.2021 01:31:32.895,1.17399,1.1739700000000002,0.37,0.75
13.08.2021 01:31:35.182,1.17399,1.1739600000000001,0.37,0.75
13.08.2021 01:32:09.836,1.17399,1.17395,1.95,0.75
13.08.2021 01:32:17.602,1.1740000000000002,1.1739600000000001,3.15,0.75
13.08.2021 01:32:17.704,1.17401,1.1739700000000002,2.32,0.75
13.08.2021 01:32:18.151,1.17401,1.17398,0.1,0.75
13.08.2021 01:32:18.404,1.17402,1.17398,2.4,0.75
13.08.2021 01:32:20.198,1.17401,1.17398,1.65,0.75
13.08.2021 01:32:20.350,1.1740000000000002,1.17398,0.1,0.75
13.08.2021 01:32:20.451,1.17401,1.17398,1.57,0.75
13.08.2021 01:32:29.025,1.17402,1.17398,1.95,0.75
13.08.2021 01:32:39.573,1.17403,1.1740000000000002,0.1,0.75
13.08.2021 01:32:39.725,1.17402,1.17398,0.82,1.95
13.08.2021 01:32:40.946,1.1740000000000002,1.1739700000000002,0.45,0.75
13.08.2021 01:32:43.968,1.17399,1.1739700000000002,0.1,0.75
13.08.2021 01:32:45.468,1.17399,1.1739600000000001,0.1,0.75
13.08.2021 01:32:46.987,1.17398,1.1739600000000001,0.1,0.75
13.08.2021 01:32:49.795,1.17399,1.1739600000000001,0.45,0.75
13.08.2021 01:32:54.675,1.17398,1.1739600000000001,0.1,0.75
13.08.2021 01:32:55.029,1.17398,1.17395,0.1,0.75
13.08.2021 01:32:58.406,1.17399,1.1739600000000001,0.1,0.75
13.08.2021 01:32:58.812,1.1740000000000002,1.1739600000000001,1.57,0.75
13.08.2021 01:32:58.914,1.17399,1.1739600000000001,0.1,0.75
13.08.2021 01:32:59.875,1.17398,1.1739600000000001,0.1,0.75
13.08.2021 01:33:00.399,1.17399,1.1739600000000001,0.1,0.75
13.08.2021 01:33:00.653,1.17399,1.17395,0.82,0.75
13.08.2021 01:33:00.832,1.17398,1.17395,0.1,0.75
13.08.2021 01:33:05.469,1.17399,1.17395,1.2,0.75
13.08.2021 01:33:05.571,1.17398,1.1739700000000002,0.45,0.75
13.08.2021 01:33:06.180,1.1740000000000002,1.1739600000000001,1.2,0.75
13.08.2021 01:33:06.384,1.17399,1.1739600000000001,0.1,0.75
13.08.2021 01:33:06.694,1.1740000000000002,1.1739600000000001,1.95,0.75
13.08.2021 01:33:12.358,1.17399,1.1739600000000001,0.1,0.75
13.08.2021 01:33:12.713,1.1740000000000002,1.1739600000000001,1.2,0.75
13.08.2021 01:33:15.469,1.17399,1.1739600000000001,0.1,0.75
13.08.2021 01:33:15.571,1.1740000000000002,1.1739600000000001,2.32,0.75
13.08.2021 01:33:15.760,1.17401,1.1739700000000002,1.87,0.75
13.08.2021 01:33:15.913,1.17402,1.17398,1.87,0.75
13.08.2021 01:33:18.799,1.17401,1.1739700000000002,1.66,0.75
13.08.2021 01:33:22.137,1.17401,1.1739600000000001,1.29,0.75
13.08.2021 01:33:22.616,1.17401,1.1739700000000002,0.54,0.75
13.08.2021 01:33:26.863,1.17402,1.1739700000000002,3.16,0.75
13.08.2021 01:33:26.965,1.1740000000000002,1.1739700000000002,0.46,0.75
13.08.2021 01:33:32.005,1.17399,1.1739700000000002,0.12,0.75
13.08.2021 01:33:32.440,1.1740000000000002,1.1739700000000002,1.96,0.75
13.08.2021 01:33:36.329,1.17399,1.1739700000000002,0.46,0.75
13.08.2021 01:33:37.966,1.17399,1.1739600000000001,0.46,0.75
13.08.2021 01:33:38.270,1.1740000000000002,1.1739600000000001,1.96,0.75
13.08.2021 01:33:41.019,1.1740000000000002,1.1739700000000002,1.66,0.75
13.08.2021 01:33:50.788,1.17399,1.1739700000000002,0.12,0.75
13.08.2021 01:33:50.889,1.1740000000000002,1.1739700000000002,3.54,0.75
13.08.2021 01:33:51.048,1.17399,1.1739700000000002,0.12,0.75
13.08.2021 01:33:51.149,1.1740000000000002,1.1739700000000002,3.54,0.75
13.08.2021 01:33:52.031,1.17399,1.1739700000000002,0.37,0.75
13.08.2021 01:33:52.692,1.1740000000000002,1.1739700000000002,2.04,0.75
13.08.2021 01:33:59.323,1.1740000000000002,1.1739600000000001,1.66,0.75
13.08.2021 01:34:03.472,1.17399,1.1739600000000001,0.12,0.75
13.08.2021 01:34:03.801,1.1740000000000002,1.1739600000000001,1.66,0.75
13.08.2021 01:34:03.903,1.17398,1.1739600000000001,0.1,0.75
13.08.2021 01:34:09.460,1.17398,1.1739700000000002,0.45,0.75
13.08.2021 01:34:11.114,1.17399,1.1739700000000002,0.45,0.75
13.08.2021 01:34:13.146,1.17399,1.1739600000000001,0.54,0.75
13.08.2021 01:34:16.822,1.17398,1.1739600000000001,0.1,0.75
13.08.2021 01:34:35.315,1.1740000000000002,1.1739700000000002,1.68,0.75
13.08.2021 01:34:35.467,1.1740000000000002,1.17398,1.95,0.75
13.08.2021 01:34:39.701,1.17402,1.17398,0.18,0.75
13.08.2021 01:34:40.324,1.17399,1.17398,0.55,0.75
13.08.2021 01:34:45.047,1.17401,1.17398,0.18,0.75
13.08.2021 01:34:45.199,1.17402,1.1740000000000002,0.1,0.75
13.08.2021 01:34:45.250,1.17404,1.1740000000000002,0.45,0.75
13.08.2021 01:34:45.455,1.17404,1.17401,0.45,0.75
13.08.2021 01:34:57.204,1.17404,1.1740000000000002,0.45,0.75
13.08.2021 01:35:04.404,1.1740000000000002,1.17398,0.45,1.2
13.08.2021 01:35:04.556,1.17399,1.17395,1.3,6.98
13.08.2021 01:35:04.658,1.17399,1.17394,2.05,1.5
13.08.2021 01:35:18.574,1.17398,1.17394,0.75,1.5
13.08.2021 01:35:18.675,1.17398,1.17395,0.75,0.37
13.08.2021 01:35:19.954,1.17399,1.17395,1.2,0.37
13.08.2021 01:35:20.470,1.17399,1.17394,1.2,1.5
13.08.2021 01:35:34.944,1.17398,1.1739600000000001,1.5,0.75
13.08.2021 01:35:48.000,1.17399,1.17398,0.75,0.26
13.08.2021 01:35:48.101,1.17402,1.17398,1.2,0.94
13.08.2021 01:35:52.194,1.17403,1.17398,2.62,0.94
13.08.2021 01:36:00.381,1.17401,1.1739700000000002,0.82,2.02
13.08.2021 01:36:00.584,1.1740000000000002,1.1739700000000002,0.75,0.1
13.08.2021 01:36:00.686,1.17401,1.1739700000000002,0.82,0.1
13.08.2021 01:36:00.963,1.1740000000000002,1.1739700000000002,0.75,0.1
13.08.2021 01:36:01.367,1.17401,1.1739700000000002,0.82,0.82
13.08.2021 01:36:08.572,1.17402,1.17398,0.75,0.19
13.08.2021 01:36:08.674,1.17403,1.17398,1.5,0.94
13.08.2021 01:36:08.775,1.17402,1.17398,0.1,0.94
13.08.2021 01:36:08.876,1.17403,1.17398,2.32,0.94
13.08.2021 01:36:08.978,1.17403,1.17399,2.32,0.75
13.08.2021 01:36:12.509,1.17401,1.1739700000000002,0.1,1.95
13.08.2021 01:36:12.611,1.1740000000000002,1.17399,0.1,0.75
13.08.2021 01:36:13.204,1.17401,1.17399,0.1,0.75
13.08.2021 01:36:15.835,1.17399,1.1739700000000002,0.1,9.68
13.08.2021 01:36:16.039,1.17399,1.1739600000000001,0.1,0.75
13.08.2021 01:36:21.779,1.17398,1.1739600000000001,0.1,0.75
13.08.2021 01:36:21.931,1.17398,1.17395,0.1,0.94
13.08.2021 01:36:25.139,1.1739600000000001,1.17394,1.2,0.75
13.08.2021 01:36:25.241,1.17395,1.17392,3.75,1.2
13.08.2021 01:36:25.342,1.17393,1.1739000000000002,0.1,0.75
13.08.2021 01:36:25.604,1.17393,1.17391,0.1,0.19
13.08.2021 01:36:25.706,1.17394,1.17391,0.1,0.19
13.08.2021 01:36:25.809,1.17394,1.1739000000000002,0.1,7.16
13.08.2021 01:36:31.731,1.17394,1.17391,2.32,1.46
13.08.2021 01:36:36.577,1.17395,1.17391,1.57,0.75
13.08.2021 01:36:40.759,1.17395,1.17392,0.1,0.75
13.08.2021 01:36:40.866,1.1739600000000001,1.17393,0.1,0.37
13.08.2021 01:36:40.968,1.1739600000000001,1.17394,0.9,0.75
13.08.2021 01:36:41.070,1.17395,1.17394,0.1,0.75
13.08.2021 01:36:41.171,1.1739600000000001,1.17394,0.1,0.75
13.08.2021 01:36:41.425,1.17395,1.17391,1.2,1.95
13.08.2021 01:36:42.372,1.17394,1.17391,0.1,0.75
13.08.2021 01:36:50.845,1.17394,1.17392,0.1,0.75
13.08.2021 01:37:00.999,1.17395,1.17393,0.45,0.75
13.08.2021 01:37:01.101,1.1739600000000001,1.17394,0.45,0.19
13.08.2021 01:37:01.202,1.1739600000000001,1.17393,0.45,1.39
13.08.2021 01:37:01.253,1.17398,1.1739600000000001,0.1,0.75
13.08.2021 01:37:01.505,1.17399,1.1739600000000001,1.2,0.75
13.08.2021 01:37:01.894,1.17399,1.1739700000000002,0.45,0.75
13.08.2021 01:37:04.424,1.1740000000000002,1.1739700000000002,0.75,0.75
13.08.2021 01:37:04.475,1.17402,1.17398,3.15,0.75
13.08.2021 01:37:05.475,1.17403,1.17399,0.52,0.75
13.08.2021 01:37:05.677,1.17403,1.1740000000000002,0.1,0.75
13.08.2021 01:37:10.667,1.17404,1.1740000000000002,1.2,0.75
13.08.2021 01:37:21.073,1.17404,1.17401,0.1,0.75
13.08.2021 01:37:21.175,1.17405,1.17401,1.2,0.75
13.08.2021 01:37:21.276,1.17404,1.17402,0.1,1.87
13.08.2021 01:37:21.428,1.17405,1.17401,0.82,0.75
13.08.2021 01:37:24.823,1.17404,1.17401,1.2,0.75
13.08.2021 01:37:26.096,1.17404,1.1740000000000002,1.2,0.75
13.08.2021 01:37:27.746,1.17401,1.17399,1.57,0.75
13.08.2021 01:37:27.848,1.1740000000000002,1.17398,0.75,0.45
13.08.2021 01:37:27.950,1.17401,1.1739700000000002,0.1,1.87
13.08.2021 01:37:28.103,1.17402,1.1739700000000002,1.2,1.95
13.08.2021 01:37:30.250,1.17403,1.17398,1.57,1.95
13.08.2021 01:37:32.432,1.17402,1.17398,0.82,2.62
13.08.2021 01:37:32.534,1.17403,1.17398,0.82,2.7
13.08.2021 01:37:32.772,1.17402,1.17398,0.19,2.7
13.08.2021 01:37:34.493,1.17402,1.17399,0.19,0.37
13.08.2021 01:37:35.708,1.17402,1.1740000000000002,1.01,0.37
13.08.2021 01:37:50.922,1.1740000000000002,1.17398,1.2,0.75
13.08.2021 01:37:51.024,1.1740000000000002,1.1739700000000002,2.14,0.45
13.08.2021 01:37:51.125,1.17399,1.17395,1.01,1.12
13.08.2021 01:37:51.582,1.17399,1.17394,2.14,8.18
13.08.2021 01:37:52.169,1.17398,1.17394,0.75,1.2
13.08.2021 01:37:52.820,1.17399,1.17394,2.14,1.95
13.08.2021 01:37:53.821,1.17399,1.17395,2.14,0.75
13.08.2021 01:38:02.124,1.17398,1.17394,0.75,0.82
13.08.2021 01:38:02.377,1.17395,1.17394,0.75,1.87
13.08.2021 01:38:02.429,1.17395,1.17392,0.75,0.45
13.08.2021 01:38:02.581,1.17395,1.17391,0.75,0.82
13.08.2021 01:38:03.665,1.1739600000000001,1.17391,2.51,1.57
13.08.2021 01:38:05.537,1.1739700000000002,1.17393,1.76,0.75
13.08.2021 01:38:06.811,1.17395,1.17392,0.64,0.75
13.08.2021 01:38:06.912,1.17395,1.17391,0.64,2.7
13.08.2021 01:38:14.359,1.17394,1.17391,0.64,0.75
13.08.2021 01:38:14.460,1.17393,1.1739000000000002,0.26,0.75
13.08.2021 01:38:14.613,1.17393,1.17389,0.26,1.5
13.08.2021 01:38:18.980,1.17393,1.1739000000000002,2.14,0.82
13.08.2021 01:38:24.317,1.17394,1.1739000000000002,1.76,0.75
13.08.2021 01:38:31.022,1.17395,1.17391,2.02,0.75
13.08.2021 01:38:32.212,1.17395,1.17392,0.1,0.75
13.08.2021 01:38:32.373,1.1739600000000001,1.17392,1.39,0.75
13.08.2021 01:38:42.355,1.17398,1.17394,0.94,0.82
13.08.2021 01:38:42.456,1.17399,1.17394,2.59,0.82
13.08.2021 01:38:43.597,1.17399,1.17395,1.01,0.75
13.08.2021 01:38:44.799,1.1740000000000002,1.17395,2.14,0.82
13.08.2021 01:38:44.908,1.1740000000000002,1.1739600000000001,1.76,0.75
13.08.2021 01:38:45.013,1.17401,1.1739600000000001,1.76,1.57
13.08.2021 01:38:45.114,1.1740000000000002,1.1739600000000001,0.19,1.57
13.08.2021 01:38:45.216,1.17401,1.1739700000000002,1.76,0.75
13.08.2021 01:38:59.255,1.1740000000000002,1.1739700000000002,0.19,0.75
13.08.2021 01:38:59.508,1.17401,1.1739700000000002,1.76,0.75
13.08.2021 01:39:12.404,1.17402,1.17398,0.52,0.75
13.08.2021 01:39:12.505,1.17402,1.17399,0.45,0.75
13.08.2021 01:39:12.607,1.17403,1.17399,1.01,0.75
13.08.2021 01:39:16.829,1.17402,1.17399,0.94,0.75
13.08.2021 01:39:16.880,1.17401,1.1739700000000002,0.82,1.2
13.08.2021 01:39:17.083,1.17401,1.1739600000000001,2.51,0.82
13.08.2021 01:39:17.184,1.1740000000000002,1.1739600000000001,0.1,0.75
13.08.2021 01:39:17.437,1.17401,1.1739600000000001,2.51,0.82
13.08.2021 01:39:17.742,1.1740000000000002,1.1739600000000001,0.1,0.75
13.08.2021 01:39:22.023,1.17399,1.1739600000000001,0.94,0.75
13.08.2021 01:39:23.625,1.17398,1.17394,0.1,0.75
13.08.2021 01:39:25.189,1.17399,1.17395,2.51,0.75
13.08.2021 01:39:29.038,1.1739700000000002,1.17393,0.1,0.75
13.08.2021 01:39:29.291,1.17398,1.17393,2.89,0.82
13.08.2021 01:39:31.083,1.1739700000000002,1.17393,0.1,0.75
13.08.2021 01:39:31.249,1.17395,1.17391,0.1,1.2
13.08.2021 01:39:31.758,1.1739600000000001,1.17391,1.76,0.82
13.08.2021 01:39:34.003,1.17395,1.1739000000000002,2.14,3.07
13.08.2021 01:39:36.900,1.17394,1.1739000000000002,0.19,0.82
13.08.2021 01:39:37.349,1.17395,1.1739000000000002,1.84,0.82
13.08.2021 01:39:37.450,1.17395,1.17391,1.01,0.75
13.08.2021 01:39:39.791,1.17395,1.1739000000000002,1.01,1.2
13.08.2021 01:39:45.535,1.17393,1.1739000000000002,1.39,3.07
13.08.2021 01:39:51.188,1.17391,1.1738700000000002,0.82,1.27
13.08.2021 01:39:51.492,1.1739000000000002,1.1738600000000001,2.14,2.7
13.08.2021 01:39:55.561,1.1739000000000002,1.17385,1.01,1.5
13.08.2021 01:39:55.663,1.17391,1.17388,1.39,0.1
13.08.2021 01:39:55.765,1.17393,1.17389,0.75,0.75
13.08.2021 01:40:00.337,1.17393,1.17388,0.75,1.2
13.08.2021 01:40:02.780,1.17394,1.17389,2.89,0.75
13.08.2021 01:40:12.055,1.17395,1.1739000000000002,2.89,0.75
13.08.2021 01:40:12.156,1.17395,1.17393,3.64,0.75
13.08.2021 01:40:12.889,1.1739700000000002,1.17393,2.25,0.75
13.08.2021 01:40:20.749,1.17394,1.17393,0.1,1.2
13.08.2021 01:40:21.781,1.17395,1.17391,0.82,0.75
13.08.2021 01:40:25.372,1.17394,1.17391,0.1,0.75
13.08.2021 01:40:27.057,1.17393,1.17389,0.1,9.11
13.08.2021 01:40:36.109,1.17394,1.1739000000000002,0.82,0.75
13.08.2021 01:40:36.212,1.17395,1.1739000000000002,0.82,3.07
13.08.2021 01:40:36.314,1.1739600000000001,1.17391,2.51,0.75
13.08.2021 01:40:36.466,1.17395,1.17391,0.1,0.75
13.08.2021 01:40:42.029,1.1739600000000001,1.17391,1.76,1.5
13.08.2021 01:40:51.344,1.1739600000000001,1.17393,0.1,0.75
13.08.2021 01:40:51.445,1.1739700000000002,1.17393,0.1,0.75
13.08.2021 01:40:51.849,1.1739600000000001,1.17393,0.1,0.75
13.08.2021 01:40:54.653,1.1739700000000002,1.17393,0.1,0.75
13.08.2021 01:40:54.755,1.1739700000000002,1.17394,0.1,0.75
13.08.2021 01:41:00.887,1.1739600000000001,1.17393,0.26,6.98
13.08.2021 01:41:18.420,1.17398,1.17393,1.76,0.75
13.08.2021 01:41:22.350,1.17395,1.17393,0.75,0.45
13.08.2021 01:41:23.676,1.1739600000000001,1.17393,0.75,0.45
13.08.2021 01:41:28.108,1.1739700000000002,1.17393,0.75,4.27
13.08.2021 01:41:28.728,1.1739700000000002,1.17394,0.75,0.45
13.08.2021 01:41:40.361,1.1739700000000002,1.17395,0.75,0.1
13.08.2021 01:41:40.725,1.17399,1.1739700000000002,0.75,0.1
13.08.2021 01:41:40.877,1.1740000000000002,1.1739700000000002,0.75,0.1
13.08.2021 01:41:47.819,1.1740000000000002,1.17398,0.75,0.1
13.08.2021 01:41:47.920,1.1740000000000002,1.1739700000000002,0.75,0.1
13.08.2021 01:41:48.027,1.17399,1.1739700000000002,0.75,0.1
13.08.2021 01:41:52.639,1.1740000000000002,1.1739700000000002,0.75,0.45
13.08.2021 01:41:52.941,1.17401,1.17398,0.75,0.37
13.08.2021 01:41:53.227,1.17402,1.17398,0.94,0.37
13.08.2021 01:41:53.918,1.1740000000000002,1.1739700000000002,0.75,2.02
13.08.2021 01:41:58.360,1.17401,1.1739700000000002,0.75,8.63
13.08.2021 01:42:02.695,1.1740000000000002,1.1739700000000002,0.75,8.93
13.08.2021 01:42:16.440,1.1740000000000002,1.17398,0.75,0.1
13.08.2021 01:42:16.553,1.1740000000000002,1.17399,0.75,0.1
13.08.2021 01:42:21.535,1.17401,1.17399,0.75,0.1
13.08.2021 01:42:30.809,1.17402,1.17401,0.82,0.37
13.08.2021 01:42:31.987,1.17402,1.17399,0.75,0.1
13.08.2021 01:42:32.341,1.17402,1.1740000000000002,0.75,0.1
13.08.2021 01:42:33.127,1.17403,1.1740000000000002,0.75,0.1
13.08.2021 01:42:51.529,1.17404,1.1740000000000002,0.82,0.82
13.08.2021 01:42:52.038,1.17404,1.17401,0.75,0.1
13.08.2021 01:42:52.189,1.17405,1.17402,0.75,0.1
13.08.2021 01:42:52.341,1.17406,1.17402,0.82,1.57
13.08.2021 01:42:52.443,1.17406,1.17403,0.75,0.1
13.08.2021 01:42:52.544,1.17404,1.17402,0.75,10.43
13.08.2021 01:42:52.797,1.17406,1.17402,0.82,1.57
13.08.2021 01:42:52.899,1.17404,1.17403,0.75,0.82
13.08.2021 01:42:55.599,1.17406,1.17402,0.82,1.95
13.08.2021 01:42:56.270,1.17405,1.17402,0.75,1.95
13.08.2021 01:42:56.372,1.17406,1.17402,0.75,1.95
13.08.2021 01:43:01.504,1.17405,1.17402,0.75,1.95
13.08.2021 01:43:32.523,1.1740700000000002,1.17403,0.75,0.82
13.08.2021 01:43:48.225,1.1740700000000002,1.17404,0.75,0.75
13.08.2021 01:43:49.387,1.17405,1.17403,0.75,0.75
13.08.2021 01:43:49.489,1.17406,1.17403,0.82,0.75
13.08.2021 01:43:49.591,1.17405,1.17403,0.75,0.75
13.08.2021 01:43:49.692,1.17404,1.17402,0.75,0.1
13.08.2021 01:43:49.833,1.17405,1.17402,0.75,0.1
13.08.2021 01:44:17.298,1.17404,1.17402,0.75,1.2
13.08.2021 01:44:23.998,1.17404,1.17403,0.75,0.82
13.08.2021 01:44:24.150,1.17405,1.17404,0.75,0.75
13.08.2021 01:44:24.200,1.1740700000000002,1.17403,0.75,1.5
13.08.2021 01:45:04.491,1.1740700000000002,1.17404,0.75,6.23
13.08.2021 01:45:05.074,1.1740700000000002,1.17403,0.75,5.14
13.08.2021 01:45:06.008,1.1740700000000002,1.17404,0.75,0.37
13.08.2021 01:45:08.924,1.1740700000000002,1.17405,0.75,0.75
13.08.2021 01:45:09.341,1.17408,1.17405,0.75,4.2
13.08.2021 01:45:10.957,1.17408,1.17404,0.82,2.62
13.08.2021 01:45:28.605,1.17406,1.17404,0.75,0.1
13.08.2021 01:45:29.621,1.17408,1.17404,0.75,0.1
13.08.2021 01:45:31.155,1.17408,1.17403,0.82,3.07
13.08.2021 01:45:48.606,1.17408,1.17404,0.75,0.1
13.08.2021 01:45:52.361,1.17408,1.17403,0.82,2.32
13.08.2021 01:46:02.630,1.17405,1.17403,0.82,7.73
13.08.2021 01:46:02.731,1.17404,1.17402,0.75,6.23
13.08.2021 01:46:02.832,1.17404,1.17401,0.75,0.75
13.08.2021 01:46:02.933,1.17404,1.1740000000000002,0.75,8.55
13.08.2021 01:46:03.035,1.17405,1.1740000000000002,0.82,11.25
13.08.2021 01:46:05.579,1.17405,1.17401,0.82,6.23
13.08.2021 01:46:06.216,1.17405,1.1740000000000002,0.82,12
13.08.2021 01:46:11.571,1.17404,1.1740000000000002,0.75,3.52
13.08.2021 01:46:32.412,1.17402,1.17401,0.1,0.75
13.08.2021 01:46:33.089,1.17403,1.17399,0.82,1.5
13.08.2021 01:46:33.884,1.17404,1.17399,2.02,1.2
13.08.2021 01:46:37.003,1.17404,1.1740000000000002,0.75,1.2
13.08.2021 01:46:50.128,1.17405,1.17401,1.2,0.75
13.08.2021 01:46:55.841,1.17404,1.17401,0.1,0.75
13.08.2021 01:46:56.362,1.17404,1.1740000000000002,0.82,0.75
13.08.2021 01:46:56.514,1.17402,1.1740000000000002,0.82,1.5
13.08.2021 01:46:56.666,1.17404,1.17401,0.45,1.57
13.08.2021 01:46:56.768,1.17405,1.17401,0.75,1.87
13.08.2021 01:46:56.920,1.17406,1.17401,1.01,1.87
13.08.2021 01:46:57.918,1.17404,1.17402,0.37,1.5
13.08.2021 01:46:58.336,1.17406,1.17401,1.01,1.5
13.08.2021 01:47:00.355,1.17406,1.17402,1.01,0.75
13.08.2021 01:47:08.831,1.17408,1.17404,0.52,0.75
13.08.2021 01:47:08.932,1.17408,1.17405,0.52,0.75
13.08.2021 01:47:09.034,1.17408,1.17404,0.1,0.75
13.08.2021 01:47:14.072,1.17408,1.17405,0.1,0.75
13.08.2021 01:47:14.173,1.17409,1.17405,2.14,0.75
13.08.2021 01:47:16.411,1.17408,1.17406,1.39,0.75
13.08.2021 01:48:00.776,1.17409,1.17405,1.01,0.75
13.08.2021 01:48:02.606,1.17409,1.1740700000000002,0.52,0.75
13.08.2021 01:48:19.161,1.17409,1.17406,0.1,0.75
13.08.2021 01:48:19.465,1.17408,1.17406,0.45,0.75
13.08.2021 01:48:19.760,1.17409,1.17406,2.96,0.75
13.08.2021 01:48:21.298,1.17408,1.17406,0.45,0.75
13.08.2021 01:48:21.349,1.17408,1.17404,1.84,0.75
13.08.2021 01:48:21.503,1.1740700000000002,1.17404,0.45,0.75
13.08.2021 01:48:21.909,1.17408,1.17404,2.21,0.75
13.08.2021 01:48:32.967,1.17408,1.17403,0.82,0.82
13.08.2021 01:48:33.068,1.1740700000000002,1.17405,1.27,0.37
13.08.2021 01:48:34.879,1.17408,1.17403,1.27,0.82
13.08.2021 01:48:36.326,1.17408,1.17404,0.1,0.75
13.08.2021 01:49:21.510,1.17409,1.17404,4.01,0.75
13.08.2021 01:49:22.062,1.17408,1.17404,0.37,0.75
13.08.2021 01:49:30.366,1.17405,1.17402,0.82,0.37
13.08.2021 01:49:30.468,1.17405,1.17401,0.82,0.75
13.08.2021 01:49:30.822,1.17404,1.17401,0.1,0.75
13.08.2021 01:49:32.249,1.17405,1.17401,0.45,1.2
13.08.2021 01:49:32.350,1.17405,1.17402,0.45,0.75
13.08.2021 01:49:32.452,1.17406,1.17403,4.84,0.82
13.08.2021 01:49:34.502,1.1740700000000002,1.17403,1.27,0.75
13.08.2021 01:49:36.391,1.1740700000000002,1.17402,1.57,1.95
13.08.2021 01:49:46.241,1.1740700000000002,1.17403,0.45,1.57
13.08.2021 01:49:46.343,1.17408,1.17403,2.14,1.57
13.08.2021 01:49:52.274,1.1740700000000002,1.17403,0.75,0.82
13.08.2021 01:49:56.688,1.1740700000000002,1.17402,2.59,1.57
13.08.2021 01:50:02.765,1.1740700000000002,1.17403,1.95,0.75
13.08.2021 01:50:06.799,1.17406,1.17403,1.57,0.82
13.08.2021 01:50:16.597,1.1740700000000002,1.17403,3.07,0.37
13.08.2021 01:50:16.999,1.1740700000000002,1.17402,3.07,0.82
13.08.2021 01:50:24.869,1.17405,1.17403,1.5,0.75
13.08.2021 01:50:25.021,1.17405,1.17401,0.75,0.75
13.08.2021 01:50:25.274,1.17405,1.17402,0.75,0.37
13.08.2021 01:50:25.986,1.17404,1.17402,0.75,0.37
13.08.2021 01:50:26.087,1.17404,1.17401,0.75,0.75
13.08.2021 01:50:26.239,1.17404,1.1740000000000002,0.75,1.95
13.08.2021 01:50:26.807,1.17404,1.17399,1.5,1.57
13.08.2021 01:50:26.909,1.17403,1.17399,0.75,0.1
13.08.2021 01:50:27.262,1.17403,1.1740000000000002,0.75,0.37
13.08.2021 01:50:27.835,1.17403,1.17399,0.75,0.1
13.08.2021 01:50:28.378,1.17403,1.1740000000000002,0.75,0.37
13.08.2021 01:50:29.012,1.17403,1.17399,0.75,0.1
13.08.2021 01:50:33.509,1.17403,1.1740000000000002,0.75,0.37
13.08.2021 01:50:34.136,1.17403,1.17399,0.75,0.37
13.08.2021 01:50:35.189,1.17403,1.17398,0.75,1.95
13.08.2021 01:50:38.479,1.17399,1.1739600000000001,0.75,10.8
13.08.2021 01:50:43.176,1.17398,1.17394,0.75,0.82
13.08.2021 01:50:49.291,1.17398,1.17393,0.75,1.95
13.08.2021 01:50:53.030,1.17399,1.17394,3.07,0.75
13.08.2021 01:50:53.496,1.17399,1.17395,1.87,0.1
13.08.2021 01:50:54.005,1.17399,1.1739600000000001,0.75,0.1
13.08.2021 01:50:57.311,1.1740000000000002,1.1739600000000001,0.75,0.1
13.08.2021 01:51:00.351,1.1740000000000002,1.17395,1.5,2.7
13.08.2021 01:51:10.896,1.1740000000000002,1.1739600000000001,0.75,0.1
13.08.2021 01:51:40.433,1.1740000000000002,1.1739700000000002,0.75,3.26
13.08.2021 01:51:40.778,1.17401,1.1739700000000002,0.75,0.1
13.08.2021 01:51:46.219,1.1740000000000002,1.17395,1.12,3.82
13.08.2021 01:51:48.090,1.17398,1.17394,0.75,0.75
13.08.2021 01:51:48.191,1.1739700000000002,1.17393,0.75,1.57
13.08.2021 01:52:08.149,1.17395,1.17391,0.75,7.05
13.08.2021 01:52:08.250,1.1739600000000001,1.17392,0.75,0.82
13.08.2021 01:52:08.402,1.1739600000000001,1.17393,0.75,0.1
13.08.2021 01:52:08.655,1.1739600000000001,1.17392,0.75,1.2
13.08.2021 01:52:09.818,1.1739700000000002,1.17392,1.5,1.2
13.08.2021 01:52:13.563,1.17394,1.17392,0.75,0.82
13.08.2021 01:52:16.674,1.17395,1.1739000000000002,3.34,0.75
13.08.2021 01:52:16.827,1.17394,1.1739000000000002,0.19,0.75
13.08.2021 01:52:18.096,1.17393,1.17389,0.75,0.82
13.08.2021 01:52:20.404,1.17392,1.1738700000000002,1.69,1.57
13.08.2021 01:52:20.606,1.17391,1.1738700000000002,0.75,0.1
13.08.2021 01:52:26.629,1.17392,1.1738700000000002,1.5,1.2
13.08.2021 01:52:26.680,1.1739000000000002,1.1738600000000001,1.5,0.82
13.08.2021 01:52:26.833,1.17391,1.1738700000000002,1.2,1.2
13.08.2021 01:52:27.035,1.17392,1.17389,1.2,0.1
13.08.2021 01:52:27.339,1.17393,1.17389,1.2,0.1
13.08.2021 01:52:31.473,1.17393,1.1739000000000002,0.75,0.1
13.08.2021 01:52:31.927,1.17393,1.17389,0.75,1.39
13.08.2021 01:52:32.082,1.17393,1.1739000000000002,0.75,0.1
13.08.2021 01:52:32.234,1.17393,1.17389,0.75,1.39
13.08.2021 01:52:32.976,1.17393,1.1739000000000002,0.75,0.1
13.08.2021 01:52:33.077,1.17393,1.17389,0.75,1.39
13.08.2021 01:52:33.695,1.17393,1.1739000000000002,0.75,0.1
13.08.2021 01:52:34.801,1.17393,1.17389,0.75,1.39
13.08.2021 01:52:35.175,1.17393,1.1739000000000002,0.75,0.1
13.08.2021 01:52:35.277,1.17393,1.17389,0.75,1.39
13.08.2021 01:53:01.112,1.17394,1.17391,0.75,1.2
13.08.2021 01:53:01.213,1.17395,1.17393,1.2,0.37
13.08.2021 01:53:01.315,1.1739600000000001,1.17394,0.75,0.1
13.08.2021 01:53:01.416,1.1739700000000002,1.17394,0.75,0.1
13.08.2021 01:53:06.307,1.17398,1.17394,0.75,0.1
13.08.2021 01:53:10.804,1.1739600000000001,1.17394,0.75,1.2
13.08.2021 01:53:10.905,1.1739600000000001,1.17393,0.75,1.2
13.08.2021 01:53:27.661,1.1739600000000001,1.17394,0.75,1.2
13.08.2021 01:53:30.545,1.1739600000000001,1.17393,0.75,0.82
13.08.2021 01:54:01.442,1.17395,1.17393,0.75,0.45
13.08.2021 01:54:09.729,1.1739600000000001,1.17393,0.75,0.1
13.08.2021 01:54:11.317,1.1739600000000001,1.17392,0.75,1.87
13.08.2021 01:54:12.440,1.17395,1.17392,0.75,0.75
13.08.2021 01:54:22.252,1.17395,1.17391,0.75,3.56
13.08.2021 01:54:24.904,1.17394,1.17393,0.75,0.1
13.08.2021 01:55:01.276,1.1739600000000001,1.17393,0.75,0.1
13.08.2021 01:55:07.820,1.1739600000000001,1.17392,0.75,2.32
13.08.2021 01:55:11.953,1.17395,1.17393,0.75,1.2
13.08.2021 01:55:34.943,1.1739600000000001,1.17392,0.75,1.57
13.08.2021 01:55:49.219,1.17395,1.17392,0.75,3.82
13.08.2021 01:56:02.516,1.17394,1.17391,0.75,1.95
13.08.2021 01:56:02.618,1.17393,1.17391,0.75,1.2
13.08.2021 01:56:02.770,1.17393,1.1739000000000002,0.75,0.1
13.08.2021 01:56:05.527,1.17392,1.1739000000000002,0.75,11.36
13.08.2021 01:56:23.464,1.17392,1.17389,0.75,1.57
13.08.2021 01:56:23.565,1.17392,1.17388,0.75,4.39
13.08.2021 01:56:23.768,1.17392,1.17389,0.75,0.1
13.08.2021 01:56:31.217,1.17392,1.1739000000000002,0.75,0.1
13.08.2021 01:56:46.188,1.17392,1.17389,0.75,2.7
13.08.2021 01:57:10.082,1.17392,1.1739000000000002,0.75,0.1
13.08.2021 01:57:14.160,1.17394,1.17391,0.75,1.2
13.08.2021 01:57:14.261,1.17393,1.17391,0.75,0.1
13.08.2021 01:57:14.363,1.17394,1.17392,0.75,0.1
13.08.2021 01:57:19.380,1.17398,1.17393,2.51,0.37
13.08.2021 01:57:20.638,1.17395,1.17392,0.75,1.2
13.08.2021 01:57:24.201,1.17398,1.17393,2.25,0.1
13.08.2021 01:57:27.190,1.17395,1.17392,0.75,1.87
13.08.2021 01:57:27.318,1.17395,1.17393,0.75,0.1
13.08.2021 01:57:27.369,1.1739700000000002,1.17394,2.62,0.1
13.08.2021 01:57:30.308,1.17395,1.17392,0.75,1.87
13.08.2021 01:57:33.387,1.17395,1.17393,0.75,0.1
13.08.2021 01:57:33.460,1.17398,1.17393,2.62,0.1
13.08.2021 01:57:36.308,1.17395,1.17392,0.75,3.37
13.08.2021 01:57:49.730,1.17394,1.17391,0.75,3.45
13.08.2021 01:57:49.832,1.17395,1.17392,0.75,0.45
13.08.2021 01:57:53.104,1.17398,1.17393,2.81,0.1
13.08.2021 01:57:54.314,1.17395,1.17392,0.75,2.62
13.08.2021 01:57:57.539,1.17395,1.17393,0.75,0.1
13.08.2021 01:57:57.590,1.17398,1.17393,5.4,0.1
13.08.2021 01:58:00.308,1.17395,1.17392,0.75,2.25
13.08.2021 01:58:02.390,1.17394,1.17391,0.75,1.2
13.08.2021 01:58:02.492,1.17394,1.17393,0.75,0.1
13.08.2021 01:58:02.644,1.1739600000000001,1.17393,2.81,0.45
13.08.2021 01:58:02.745,1.1739600000000001,1.17392,0.75,0.45
13.08.2021 01:58:02.997,1.1739700000000002,1.17392,4.65,0.1
13.08.2021 01:58:03.051,1.17394,1.17392,0.75,0.1
13.08.2021 01:58:08.355,1.17394,1.17391,0.75,1.57
13.08.2021 01:58:08.557,1.17393,1.17391,0.75,0.82
13.08.2021 01:58:08.659,1.17393,1.1739000000000002,0.75,2.89
13.08.2021 01:58:09.807,1.17394,1.17391,0.75,0.82
13.08.2021 01:58:09.909,1.17394,1.17392,0.75,0.1
13.08.2021 01:58:14.223,1.17394,1.17391,0.75,1.2
13.08.2021 01:58:14.504,1.17394,1.17392,0.75,0.1
13.08.2021 01:58:19.309,1.17398,1.17393,6.34,0.1
13.08.2021 01:58:21.307,1.17395,1.17392,0.75,1.87
13.08.2021 01:58:28.773,1.17398,1.17393,3.56,0.1
13.08.2021 01:58:30.178,1.17395,1.17392,0.75,0.45
13.08.2021 01:58:33.545,1.17398,1.17393,3.19,0.1
13.08.2021 01:58:34.714,1.17395,1.17392,0.75,0.45
13.08.2021 01:58:35.025,1.17398,1.17393,2.62,0.1
13.08.2021 01:58:37.204,1.17395,1.17393,0.75,0.1
13.08.2021 01:58:39.108,1.1739700000000002,1.17393,0.75,0.1
13.08.2021 01:58:39.209,1.1739600000000001,1.17395,0.75,0.1
13.08.2021 01:58:59.193,1.1739700000000002,1.17393,0.75,0.45
13.08.2021 01:59:00.122,1.17395,1.17393,0.75,0.37
13.08.2021 01:59:00.223,1.17395,1.17392,0.75,1.2
13.08.2021 01:59:07.545,1.17395,1.17393,0.75,0.37
13.08.2021 01:59:10.662,1.17395,1.17392,0.75,0.45
13.08.2021 01:59:19.646,1.17393,1.17391,0.75,0.1
13.08.2021 01:59:19.850,1.17394,1.17392,0.75,0.1
13.08.2021 01:59:19.952,1.17394,1.17391,0.75,0.45
13.08.2021 01:59:22.134,1.17394,1.17391,0.75,1.57
13.08.2021 01:59:22.242,1.17394,1.17392,0.75,0.1
13.08.2021 01:59:23.937,1.17394,1.17391,0.75,0.45
13.08.2021 01:59:24.352,1.17393,1.17391,0.75,0.1
13.08.2021 01:59:24.877,1.17393,1.17389,0.75,5.02
13.08.2021 01:59:36.329,1.17392,1.17389,0.75,0.1
13.08.2021 01:59:38.640,1.17394,1.17391,0.75,0.1
13.08.2021 01:59:38.741,1.17393,1.17391,0.75,0.1
13.08.2021 01:59:40.239,1.17394,1.17393,0.75,0.1
13.08.2021 01:59:47.000,1.17395,1.17393,0.75,0.1
13.08.2021 01:59:47.975,1.1739600000000001,1.17393,0.75,0.1
13.08.2021 01:59:55.359,1.17395,1.17393,0.75,0.1
13.08.2021 01:59:58.671,1.17395,1.17392,0.75,0.45
13.08.2021 02:00:11.791,1.17394,1.17391,0.75,1.46
13.08.2021 02:00:15.279,1.17394,1.17393,0.75,0.45
13.08.2021 02:00:18.309,1.17395,1.17392,0.75,1.65
13.08.2021 02:00:36.106,1.17394,1.17392,0.75,0.1
13.08.2021 02:00:36.259,1.17394,1.17391,0.75,0.9
13.08.2021 02:00:37.297,1.17394,1.17392,0.75,0.45
13.08.2021 02:00:56.341,1.17394,1.17391,0.75,1.57
13.08.2021 02:00:56.442,1.17393,1.17391,0.75,0.45
13.08.2021 02:00:56.543,1.17394,1.17392,0.75,0.1
13.08.2021 02:00:56.645,1.17394,1.17393,0.75,0.1
13.08.2021 02:01:08.530,1.17395,1.17393,0.75,0.1
13.08.2021 02:01:23.567,1.17395,1.17392,0.75,0.1
13.08.2021 02:01:30.006,1.17395,1.17393,0.75,0.1
13.08.2021 02:01:36.073,1.17395,1.17393,0.75,1.2
13.08.2021 02:01:37.216,1.1739600000000001,1.17392,0.75,1.2
13.08.2021 02:02:07.377,1.17395,1.17391,0.75,3.07
13.08.2021 02:02:07.581,1.17395,1.17392,0.75,0.37
13.08.2021 02:02:10.106,1.17395,1.17391,0.75,2.32
13.08.2021 02:02:10.259,1.17395,1.17392,0.75,0.37
13.08.2021 02:02:30.049,1.17395,1.17393,0.75,0.1
13.08.2021 02:02:30.150,1.17395,1.17392,0.75,4.27
13.08.2021 02:02:31.148,1.17395,1.17393,0.75,0.1
13.08.2021 02:03:26.559,1.1739700000000002,1.17393,1.12,0.26
13.08.2021 02:03:26.662,1.1739700000000002,1.17394,0.75,0.1
13.08.2021 02:03:26.916,1.1739700000000002,1.17393,0.75,0.45
13.08.2021 02:03:30.308,1.1739600000000001,1.17393,0.75,0.45
13.08.2021 02:03:42.117,1.17395,1.17393,0.75,0.1
13.08.2021 02:03:52.859,1.1739600000000001,1.17393,0.75,0.1
13.08.2021 02:04:12.994,1.1739600000000001,1.17392,0.75,2.4
13.08.2021 02:04:40.798,1.17394,1.17393,0.75,0.1
13.08.2021 02:04:40.905,1.17395,1.17391,0.75,1.57
13.08.2021 02:04:41.958,1.1739600000000001,1.17392,0.75,0.45
13.08.2021 02:04:42.060,1.17395,1.17391,0.75,2.96
13.08.2021 02:04:42.161,1.1739600000000001,1.17392,0.75,0.37
13.08.2021 02:04:47.425,1.17395,1.17392,1.12,4.65
13.08.2021 02:04:47.526,1.17395,1.1739000000000002,0.75,7.09
13.08.2021 02:04:48.534,1.17394,1.1739000000000002,0.75,4.09
13.08.2021 02:04:49.858,1.17395,1.17391,0.75,2.32
13.08.2021 02:04:49.960,1.17395,1.17392,0.75,0.1
13.08.2021 02:04:53.450,1.1739600000000001,1.17392,0.75,1.2
13.08.2021 02:05:22.002,1.17395,1.17393,0.75,1.65
13.08.2021 02:06:12.307,1.1739600000000001,1.17392,0.75,1.12
13.08.2021 02:06:18.563,1.1739600000000001,1.17393,0.75,0.37
13.08.2021 02:06:18.688,1.1739600000000001,1.17392,0.75,1.87
13.08.2021 02:06:33.518,1.17395,1.17391,0.75,3.37
13.08.2021 02:06:33.620,1.17395,1.17392,0.75,0.1
13.08.2021 02:06:34.618,1.1739600000000001,1.17392,0.82,0.45
13.08.2021 02:07:33.681,1.17395,1.1739000000000002,1.12,1.95
13.08.2021 02:07:33.889,1.17395,1.17392,0.75,0.1
13.08.2021 02:07:42.275,1.17395,1.17391,1.12,1.5
13.08.2021 02:07:42.376,1.17395,1.17393,1.95,0.1
13.08.2021 02:07:45.210,1.1739600000000001,1.17393,0.82,0.75
13.08.2021 02:07:48.300,1.1739600000000001,1.17392,0.82,1.2
13.08.2021 02:07:49.885,1.1739600000000001,1.17393,0.75,0.37
13.08.2021 02:07:50.879,1.1739600000000001,1.17392,0.75,2.51
13.08.2021 02:07:52.906,1.1739600000000001,1.17393,1.87,1.95
13.08.2021 02:07:53.532,1.1739700000000002,1.17393,1.87,0.75
13.08.2021 02:07:53.888,1.1739700000000002,1.17392,1.87,1.95
13.08.2021 02:07:55.842,1.1739700000000002,1.17393,1.87,0.37
13.08.2021 02:08:13.545,1.1739700000000002,1.17392,1.87,3.9
13.08.2021 02:08:15.138,1.1739600000000001,1.17392,0.1,0.82
13.08.2021 02:08:16.055,1.17394,1.17391,0.1,0.75
13.08.2021 02:08:17.461,1.17394,1.1739000000000002,0.45,0.82
13.08.2021 02:08:18.001,1.17395,1.17391,1.95,0.82
13.08.2021 02:08:18.103,1.17395,1.17392,0.37,0.82
13.08.2021 02:08:18.205,1.1739700000000002,1.17392,2.62,0.82
13.08.2021 02:08:18.732,1.1739700000000002,1.17393,1.12,0.75
13.08.2021 02:08:23.250,1.1739700000000002,1.17394,0.75,0.37
13.08.2021 02:08:24.231,1.1739700000000002,1.17393,0.75,1.95
13.08.2021 02:08:25.511,1.1739700000000002,1.17394,0.75,0.37
13.08.2021 02:08:34.807,1.1739700000000002,1.17393,0.75,3.15
13.08.2021 02:08:36.828,1.1739700000000002,1.17394,0.75,0.37
13.08.2021 02:08:38.622,1.17398,1.17394,1.87,0.37
13.08.2021 02:08:44.417,1.17398,1.17393,1.87,3.52
13.08.2021 02:09:11.794,1.17398,1.17394,1.87,0.75
13.08.2021 02:09:14.906,1.17398,1.17393,1.87,1.57
13.08.2021 02:09:15.157,1.1739700000000002,1.17393,0.75,1.95
13.08.2021 02:09:34.267,1.17398,1.17393,1.5,1.57
13.08.2021 02:10:33.551,1.1739700000000002,1.17393,0.1,0.82
13.08.2021 02:10:33.652,1.1739600000000001,1.17393,0.1,0.75
13.08.2021 02:10:33.855,1.1739600000000001,1.17394,0.75,0.75
13.08.2021 02:10:34.108,1.17398,1.17393,7.99,0.75
13.08.2021 02:10:34.260,1.1739700000000002,1.17393,0.94,0.75
13.08.2021 02:10:34.411,1.17398,1.17393,6.6,0.75
13.08.2021 02:10:34.614,1.1739700000000002,1.17393,0.94,0.75
13.08.2021 02:11:07.369,1.1739600000000001,1.17392,0.1,1.2
13.08.2021 02:11:11.659,1.1739700000000002,1.17392,0.75,1.87
13.08.2021 02:11:12.014,1.1739600000000001,1.17394,0.75,0.37
13.08.2021 02:12:10.913,1.1739700000000002,1.17395,0.75,0.75
13.08.2021 02:12:12.119,1.17398,1.17394,1.5,0.75
13.08.2021 02:12:12.220,1.17399,1.17394,1.2,0.75
13.08.2021 02:12:12.322,1.17399,1.17395,1.2,0.75
13.08.2021 02:12:13.084,1.1740000000000002,1.1739700000000002,0.45,0.82
13.08.2021 02:12:13.186,1.17401,1.1739700000000002,0.1,1.95
13.08.2021 02:12:13.287,1.17402,1.1739700000000002,3.97,2.25
13.08.2021 02:12:14.886,1.17402,1.17398,0.75,0.75
13.08.2021 02:12:17.147,1.17402,1.1739700000000002,0.94,1.87
13.08.2021 02:13:15.877,1.1740000000000002,1.17398,0.1,0.82
13.08.2021 02:13:32.410,1.17402,1.1739700000000002,1.57,0.75
13.08.2021 02:13:37.391,1.17402,1.17398,1.57,0.75
13.08.2021 02:14:23.201,1.1740000000000002,1.17398,0.75,0.1
13.08.2021 02:14:36.960,1.17401,1.17398,0.75,0.1
13.08.2021 02:14:37.533,1.17401,1.1739700000000002,0.75,1.5
13.08.2021 02:15:12.051,1.17401,1.17398,0.75,0.75
13.08.2021 02:15:15.267,1.17401,1.1739700000000002,0.75,1.12
13.08.2021 02:15:16.882,1.1740000000000002,1.1739600000000001,0.75,7.01
13.08.2021 02:15:27.272,1.1740000000000002,1.1739700000000002,0.75,0.1
13.08.2021 02:15:42.263,1.17402,1.1740000000000002,0.82,0.75
13.08.2021 02:15:42.365,1.17401,1.1740000000000002,0.75,0.1
13.08.2021 02:15:42.466,1.17402,1.17398,2.32,0.82
13.08.2021 02:15:42.568,1.1740000000000002,1.1739700000000002,0.75,2.02
13.08.2021 02:15:48.308,1.17401,1.1739700000000002,0.82,0.82
13.08.2021 02:16:15.137,1.17403,1.17401,2.77,1.87
13.08.2021 02:16:15.239,1.17401,1.17399,0.1,2.81
13.08.2021 02:16:15.340,1.17402,1.17398,0.82,0.82
13.08.2021 02:16:15.442,1.17401,1.1739700000000002,1.57,2.02
13.08.2021 02:16:15.695,1.17401,1.17398,0.75,0.1
13.08.2021 02:16:21.308,1.17402,1.17398,1.57,0.82
13.08.2021 02:16:47.572,1.1740000000000002,1.17398,0.75,0.1
13.08.2021 02:17:09.101,1.1740000000000002,1.1739700000000002,0.75,0.1
13.08.2021 02:17:14.053,1.17401,1.1739700000000002,0.82,1.2
13.08.2021 02:17:42.852,1.1740000000000002,1.17399,0.1,0.75
13.08.2021 02:18:02.833,1.17402,1.17399,0.1,0.75
13.08.2021 02:18:02.935,1.17403,1.17399,2.4,0.82
13.08.2021 02:18:03.389,1.17402,1.17399,0.45,0.82
13.08.2021 02:18:03.622,1.17402,1.1740000000000002,3.52,0.82
13.08.2021 02:18:04.386,1.17402,1.17399,2.77,0.82
13.08.2021 02:18:04.523,1.17403,1.17399,5.92,0.82
13.08.2021 02:18:06.112,1.17402,1.17399,0.1,0.75
13.08.2021 02:18:06.308,1.17402,1.17398,0.82,0.82
13.08.2021 02:18:23.753,1.17402,1.17399,0.52,0.75
13.08.2021 02:19:02.437,1.17403,1.17401,0.45,1.95
13.08.2021 02:19:02.589,1.17406,1.17402,0.82,1.5
13.08.2021 02:19:03.314,1.1740700000000002,1.17403,2.4,0.75
13.08.2021 02:19:04.736,1.17409,1.17406,0.45,2.32
13.08.2021 02:19:04.939,1.1741000000000001,1.17406,0.75,3.07
