Gmt time,Ask,Bid,AskVolume,BidVolume
02.08.2021 00:00:00.139,1.18665,1.1866200000000002,0.82,0.75
02.08.2021 00:00:00.394,1.18664,1.1866200000000002,3.07,0.75
02.08.2021 00:00:00.445,1.18663,1.18658,1.2,0.75
02.08.2021 00:00:00.942,1.1866200000000002,1.18658,2.32,0.82
02.08.2021 00:00:05.006,1.18663,1.18659,3.94,0.75
02.08.2021 00:00:05.907,1.1866200000000002,1.18659,0.1,0.75
02.08.2021 00:00:09.446,1.1866200000000002,1.1865700000000001,0.1,0.75
02.08.2021 00:00:09.497,1.1866200000000002,1.18659,0.1,0.75
02.08.2021 00:00:14.713,1.18663,1.18659,1.57,0.75
02.08.2021 00:00:15.369,1.18658,1.18656,3.45,0.45
02.08.2021 00:00:15.420,1.18654,1.18652,0.75,4.98
02.08.2021 00:00:15.522,1.18655,1.1865100000000002,1.2,1.2
02.08.2021 00:00:15.624,1.18655,1.1865,2.89,0.75
02.08.2021 00:00:17.795,1.18654,1.1865,0.1,0.75
02.08.2021 00:00:19.677,1.18652,1.18648,0.1,0.75
02.08.2021 00:00:25.766,1.18648,1.18646,0.45,0.75
02.08.2021 00:00:25.868,1.1864700000000001,1.18645,0.37,1.2
02.08.2021 00:00:25.969,1.18648,1.1864299999999999,3.07,0.82
02.08.2021 00:00:27.942,1.1864700000000001,1.1864299999999999,0.37,0.82
02.08.2021 00:00:28.044,1.18648,1.1864299999999999,2.32,0.82
02.08.2021 00:00:28.400,1.1864700000000001,1.1864299999999999,0.37,0.82
02.08.2021 00:00:30.583,1.1865,1.18648,8.4,1.12
02.08.2021 00:00:45.330,1.18652,1.1865,0.75,1.57
02.08.2021 00:00:45.432,1.18655,1.1865100000000002,0.45,0.75
02.08.2021 00:00:45.585,1.18656,1.1865100000000002,1.95,0.82
02.08.2021 00:00:46.737,1.18656,1.18652,0.45,0.75
02.08.2021 00:00:46.939,1.1865700000000001,1.18652,4.69,0.82
02.08.2021 00:00:48.190,1.1865700000000001,1.18655,0.1,0.75
02.08.2021 00:00:51.155,1.1865700000000001,1.18653,0.1,0.75
02.08.2021 00:00:51.925,1.18656,1.18653,0.1,0.75
02.08.2021 00:00:51.976,1.18655,1.1865100000000002,1.95,1.2
02.08.2021 00:00:52.128,1.18654,1.1865,0.1,0.75
02.08.2021 00:00:52.229,1.18654,1.18649,0.82,1.27
02.08.2021 00:00:56.265,1.18652,1.18648,0.45,0.75
02.08.2021 00:00:56.468,1.18652,1.1864700000000001,1.95,0.82
02.08.2021 00:00:56.569,1.1865100000000002,1.1864700000000001,0.1,0.75
02.08.2021 00:00:59.308,1.1865,1.1864700000000001,0.1,1.46
02.08.2021 00:01:00.442,1.1865,1.18645,1.2,4.57
02.08.2021 00:01:00.604,1.18649,1.18645,0.1,1.5
02.08.2021 00:01:01.305,1.18648,1.18644,1.12,0.1
02.08.2021 00:01:01.357,1.1864700000000001,1.18642,0.45,5.77
02.08.2021 00:01:04.467,1.18648,1.1864299999999999,0.82,1.76
02.08.2021 00:01:06.589,1.18648,1.18644,0.1,0.75
02.08.2021 00:01:17.112,1.18649,1.18644,2.81,0.82
02.08.2021 00:01:22.853,1.1864700000000001,1.1864299999999999,1.2,0.75
02.08.2021 00:01:22.955,1.1864299999999999,1.18639,1.76,9.03
02.08.2021 00:01:23.057,1.1864100000000002,1.18638,0.75,1.27
02.08.2021 00:01:23.159,1.1864100000000002,1.18636,2.14,1.2
02.08.2021 00:01:25.310,1.18642,1.1863700000000001,2.7,0.82
02.08.2021 00:01:28.490,1.1864100000000002,1.1863700000000001,0.75,0.1
02.08.2021 00:01:28.592,1.1863700000000001,1.18635,0.37,1.5
02.08.2021 00:01:28.693,1.18638,1.1863299999999999,3.75,1.95
02.08.2021 00:01:28.794,1.1863700000000001,1.18632,1.12,0.82
02.08.2021 00:01:31.097,1.18636,1.18632,0.37,0.75
02.08.2021 00:01:31.299,1.18636,1.1863299999999999,1.87,0.75
02.08.2021 00:01:35.061,1.18636,1.18632,0.75,0.75
02.08.2021 00:01:36.025,1.1863700000000001,1.18632,3.45,0.75
02.08.2021 00:01:44.208,1.18636,1.1863100000000002,1.12,1.5
02.08.2021 00:01:44.310,1.18635,1.1863100000000002,0.75,0.75
02.08.2021 00:01:44.411,1.18635,1.18632,2.7,1.5
02.08.2021 00:01:46.611,1.18636,1.18632,0.75,0.75
02.08.2021 00:01:46.662,1.1864000000000001,1.18635,5.29,1.69
02.08.2021 00:01:46.763,1.1864000000000001,1.18636,0.75,0.19
02.08.2021 00:01:46.865,1.1864000000000001,1.18635,0.75,1.95
02.08.2021 00:01:47.120,1.18639,1.18635,0.75,1.2
02.08.2021 00:01:47.707,1.18639,1.18634,1.5,2.7
02.08.2021 00:01:47.822,1.18639,1.18635,1.5,0.75
02.08.2021 00:01:49.749,1.18639,1.18634,1.5,1.95
02.08.2021 00:01:52.318,1.1864000000000001,1.18636,0.75,0.94
02.08.2021 00:01:52.420,1.1864000000000001,1.18635,0.75,2.89
02.08.2021 00:01:53.493,1.1864100000000002,1.18636,1.95,0.19
02.08.2021 00:01:53.655,1.1864100000000002,1.18635,2.7,3.26
02.08.2021 00:01:53.757,1.1864000000000001,1.18635,0.75,3.26
02.08.2021 00:01:54.534,1.1864100000000002,1.18636,0.75,4.01
02.08.2021 00:01:55.675,1.1864000000000001,1.18638,0.75,0.1
02.08.2021 00:01:57.209,1.1864100000000002,1.18636,0.75,4.01
02.08.2021 00:01:58.032,1.1864100000000002,1.18638,0.75,0.19
02.08.2021 00:01:58.239,1.1864100000000002,1.1863700000000001,0.75,1.76
02.08.2021 00:01:58.290,1.1864299999999999,1.18638,1.2,0.75
02.08.2021 00:01:58.662,1.18646,1.1864299999999999,6.08,1.76
02.08.2021 00:01:58.764,1.1864700000000001,1.18645,4.09,0.75
02.08.2021 00:01:58.815,1.1865,1.18645,1.76,1.5
02.08.2021 00:01:58.967,1.1865100000000002,1.18646,0.82,0.75
02.08.2021 00:02:02.331,1.18652,1.18646,1.2,1.57
02.08.2021 00:02:02.685,1.18652,1.1864700000000001,1.2,0.75
02.08.2021 00:02:11.301,1.18653,1.18648,0.75,7.01
02.08.2021 00:02:11.403,1.18654,1.18649,1.5,1.57
02.08.2021 00:02:15.482,1.18655,1.1865,1.95,0.75
02.08.2021 00:02:17.758,1.18655,1.1865100000000002,0.82,0.75
02.08.2021 00:02:23.320,1.18656,1.1865100000000002,0.82,1.87
02.08.2021 00:02:23.573,1.18656,1.18653,0.75,0.19
02.08.2021 00:02:23.624,1.18659,1.18655,0.75,1.12
02.08.2021 00:02:23.725,1.1866,1.1865700000000001,3.94,0.37
02.08.2021 00:02:28.900,1.1866200000000002,1.1865700000000001,1.12,0.37
02.08.2021 00:02:29.463,1.18664,1.1866100000000002,4.84,1.12
02.08.2021 00:02:29.514,1.18666,1.1866100000000002,1.5,0.37
02.08.2021 00:02:31.513,1.18666,1.18663,1.2,0.75
02.08.2021 00:02:35.471,1.18668,1.18663,1.87,0.37
02.08.2021 00:02:35.573,1.1866700000000001,1.1866200000000002,1.12,1.87
02.08.2021 00:02:35.966,1.1866700000000001,1.1866100000000002,1.12,5.77
02.08.2021 00:02:37.921,1.1866700000000001,1.1866200000000002,1.12,0.37
02.08.2021 00:02:42.514,1.18666,1.1866100000000002,0.75,1.87
02.08.2021 00:02:43.881,1.18664,1.1866100000000002,1.87,0.75
02.08.2021 00:02:43.932,1.18664,1.18659,0.75,6.07
02.08.2021 00:02:55.504,1.18663,1.18658,0.75,6.07
02.08.2021 00:02:56.083,1.18663,1.18659,0.75,0.37
02.08.2021 00:02:57.203,1.18664,1.18659,1.12,1.12
02.08.2021 00:03:09.019,1.18663,1.18658,1.87,4.5
02.08.2021 00:03:09.120,1.1866100000000002,1.1865700000000001,0.75,1.57
02.08.2021 00:03:09.222,1.1866100000000002,1.18656,1.87,0.75
02.08.2021 00:03:09.496,1.1866,1.18655,0.75,1.2
02.08.2021 00:03:10.726,1.1866100000000002,1.18655,5.36,2.14
02.08.2021 00:03:12.997,1.1866,1.1865700000000001,1.87,3
02.08.2021 00:03:14.225,1.1866,1.18658,0.75,0.37
02.08.2021 00:03:17.053,1.1866100000000002,1.18656,0.75,4.39
02.08.2021 00:03:18.220,1.1866,1.18658,0.75,0.37
02.08.2021 00:03:18.323,1.1866100000000002,1.18656,0.75,4.39
02.08.2021 00:03:20.093,1.1866100000000002,1.1865700000000001,0.75,0.37
02.08.2021 00:03:20.194,1.1866,1.1865700000000001,0.83,4.2
02.08.2021 00:03:21.393,1.1866100000000002,1.1865700000000001,0.75,0.37
02.08.2021 00:03:21.494,1.1866100000000002,1.18656,0.75,4.39
02.08.2021 00:03:23.315,1.1866,1.18656,0.11,0.37
02.08.2021 00:03:23.418,1.1866100000000002,1.18656,1.66,4.12
02.08.2021 00:03:24.423,1.18658,1.18655,1.12,0.75
02.08.2021 00:03:24.526,1.18658,1.18654,0.11,1.12
02.08.2021 00:03:24.678,1.18659,1.18654,2.03,0.37
02.08.2021 00:03:31.328,1.1865700000000001,1.18653,2.7,0.75
02.08.2021 00:03:31.431,1.18655,1.18652,1.12,0.75
02.08.2021 00:03:31.533,1.18653,1.1865100000000002,0.37,0.75
02.08.2021 00:03:31.635,1.18654,1.18649,0.37,5.7
02.08.2021 00:03:32.973,1.18653,1.18649,0.11,0.75
02.08.2021 00:03:33.075,1.18654,1.18649,1.66,0.75
02.08.2021 00:03:37.932,1.18653,1.18649,0.1,0.75
02.08.2021 00:03:44.251,1.18654,1.18649,3.07,0.75
02.08.2021 00:03:44.806,1.18653,1.18648,1.12,4.57
02.08.2021 00:03:44.908,1.1865100000000002,1.18648,1.95,1.2
02.08.2021 00:03:45.010,1.1865100000000002,1.1864700000000001,0.82,1.2
02.08.2021 00:03:45.112,1.1865100000000002,1.18646,0.82,3.75
02.08.2021 00:03:45.264,1.1865,1.18646,0.45,3.75
02.08.2021 00:03:45.365,1.18649,1.18645,0.1,1.95
02.08.2021 00:03:45.467,1.18649,1.18644,0.1,0.75
02.08.2021 00:03:47.773,1.1864700000000001,1.18642,0.37,0.82
02.08.2021 00:03:47.875,1.18646,1.18642,0.1,0.75
02.08.2021 00:03:48.079,1.18646,1.1864100000000002,0.1,0.75
02.08.2021 00:03:57.790,1.18646,1.1864000000000001,3.56,5.14
02.08.2021 00:03:59.392,1.18646,1.1864100000000002,0.1,0.75
02.08.2021 00:04:01.035,1.1864700000000001,1.1864100000000002,5.06,1.01
02.08.2021 00:04:01.289,1.1864700000000001,1.18642,3.07,0.19
02.08.2021 00:04:01.441,1.18648,1.18645,0.75,0.75
02.08.2021 00:04:01.492,1.1865100000000002,1.18646,5.78,2.14
02.08.2021 00:04:01.594,1.18653,1.18648,1.95,1.5
02.08.2021 00:04:01.696,1.18652,1.1864700000000001,1.12,5.21
02.08.2021 00:04:04.867,1.18652,1.18648,0.82,0.75
02.08.2021 00:04:08.058,1.18653,1.18649,4.31,0.37
02.08.2021 00:04:08.160,1.18655,1.1865100000000002,4.09,0.75
02.08.2021 00:04:08.261,1.18655,1.18652,1.2,0.75
02.08.2021 00:04:08.474,1.1865700000000001,1.1865100000000002,1.2,1.95
02.08.2021 00:04:09.469,1.18656,1.1865100000000002,0.1,1.87
02.08.2021 00:04:11.277,1.18653,1.1865100000000002,1.5,1.5
02.08.2021 00:04:11.328,1.1865100000000002,1.18649,0.75,2.32
02.08.2021 00:04:11.430,1.18654,1.18649,2.7,3.34
02.08.2021 00:04:11.481,1.18652,1.1864700000000001,0.82,1.57
02.08.2021 00:04:13.248,1.18653,1.18648,6.79,2.14
02.08.2021 00:04:13.350,1.18653,1.18649,0.1,1.12
02.08.2021 00:04:13.452,1.18654,1.1865,0.45,0.75
02.08.2021 00:04:16.238,1.18656,1.1865100000000002,1.95,0.82
02.08.2021 00:04:18.996,1.18656,1.18652,0.82,0.75
02.08.2021 00:04:20.215,1.18656,1.1865100000000002,0.82,1.95
02.08.2021 00:04:25.033,1.18656,1.18652,0.75,3.15
02.08.2021 00:04:33.166,1.18658,1.18653,2.32,0.82
02.08.2021 00:04:33.268,1.18656,1.18653,0.45,1.57
02.08.2021 00:04:33.369,1.18656,1.18652,0.1,2.7
02.08.2021 00:04:40.136,1.1865700000000001,1.18652,1.2,1.57
02.08.2021 00:04:41.179,1.18656,1.18652,0.1,1.5
02.08.2021 00:04:52.398,1.18655,1.18652,0.1,1.5
02.08.2021 00:04:53.236,1.18656,1.18652,0.1,0.75
02.08.2021 00:04:53.910,1.18654,1.18653,0.1,0.75
02.08.2021 00:04:54.221,1.18656,1.18652,0.45,0.75
02.08.2021 00:04:55.712,1.18655,1.18652,0.1,0.75
02.08.2021 00:04:56.720,1.18655,1.1865100000000002,0.1,1.5
02.08.2021 00:04:57.713,1.18656,1.1865100000000002,0.1,1.57
02.08.2021 00:05:02.060,1.18655,1.1865100000000002,0.75,1.57
02.08.2021 00:05:02.161,1.18654,1.1865,1.2,0.75
02.08.2021 00:05:11.303,1.18655,1.1865100000000002,0.75,0.75
02.08.2021 00:05:11.406,1.18656,1.1865100000000002,3.07,0.75
02.08.2021 00:05:15.284,1.18655,1.18653,1.57,0.75
02.08.2021 00:05:27.334,1.18656,1.1865100000000002,1.57,0.75
02.08.2021 00:05:28.631,1.18656,1.1865,1.57,5.89
02.08.2021 00:05:28.940,1.18656,1.1865100000000002,1.57,0.75
02.08.2021 00:05:29.062,1.18654,1.1865,0.75,0.75
02.08.2021 00:05:29.164,1.18655,1.1865,0.82,1.31
02.08.2021 00:05:29.521,1.18656,1.1865,2.7,1.39
02.08.2021 00:05:31.616,1.18653,1.18648,3.37,2.4
02.08.2021 00:05:31.719,1.18652,1.18648,0.45,1.95
02.08.2021 00:05:32.298,1.18652,1.18646,1.95,5.14
02.08.2021 00:05:34.568,1.1865,1.1864700000000001,0.37,2.14
02.08.2021 00:05:46.425,1.18648,1.18644,1.87,3.82
02.08.2021 00:05:46.527,1.1864700000000001,1.18642,1.95,7.61
02.08.2021 00:05:46.630,1.18645,1.1864299999999999,1.57,1.2
02.08.2021 00:05:46.731,1.18646,1.1864100000000002,1.57,2.25
02.08.2021 00:05:47.747,1.18646,1.18642,1.5,0.37
02.08.2021 00:05:57.443,1.1864700000000001,1.18642,0.82,4.5
02.08.2021 00:06:02.126,1.18646,1.1864100000000002,0.75,1.57
02.08.2021 00:06:46.984,1.1864299999999999,1.1864100000000002,0.37,1.57
02.08.2021 00:06:47.035,1.1864100000000002,1.18638,1.12,1.2
02.08.2021 00:06:47.136,1.18639,1.18635,0.75,6.97
02.08.2021 00:06:47.238,1.18639,1.18634,2.14,0.75
02.08.2021 00:06:47.339,1.18638,1.18634,0.37,0.75
02.08.2021 00:06:47.928,1.1863700000000001,1.1863299999999999,0.45,0.75
02.08.2021 00:06:48.080,1.1863700000000001,1.18632,1.39,1.5
02.08.2021 00:06:49.059,1.1863700000000001,1.1863100000000002,3.19,1.57
02.08.2021 00:06:53.991,1.18639,1.18635,6.79,0.75
02.08.2021 00:06:54.092,1.18639,1.18634,0.82,1.12
02.08.2021 00:06:54.193,1.18639,1.18635,0.1,0.75
02.08.2021 00:06:54.295,1.18639,1.18636,1.95,0.75
02.08.2021 00:06:54.648,1.1864000000000001,1.18634,1.57,2.96
02.08.2021 00:06:55.194,1.1864000000000001,1.18635,0.82,0.75
02.08.2021 00:06:55.423,1.1863700000000001,1.18634,0.75,1.2
02.08.2021 00:06:55.524,1.18638,1.18634,2.32,1.2
02.08.2021 00:06:55.575,1.18638,1.18632,3.82,1.57
02.08.2021 00:06:55.677,1.1863700000000001,1.18632,1.2,1.5
02.08.2021 00:07:00.033,1.18636,1.1863100000000002,1.57,2.25
02.08.2021 00:07:00.084,1.18634,1.1863100000000002,0.75,0.75
02.08.2021 00:07:00.186,1.1863299999999999,1.1863100000000002,0.75,0.75
02.08.2021 00:07:00.237,1.1863299999999999,1.18629,0.82,0.75
02.08.2021 00:07:01.179,1.18634,1.18629,2.7,1.12
02.08.2021 00:07:03.543,1.1863299999999999,1.18628,0.75,1.57
02.08.2021 00:07:04.244,1.18634,1.18629,0.75,2.51
02.08.2021 00:07:04.345,1.18634,1.1863000000000001,0.75,0.75
02.08.2021 00:07:09.221,1.18635,1.1863000000000001,1.95,0.75
02.08.2021 00:07:12.437,1.1863299999999999,1.18629,1.2,1.2
02.08.2021 00:07:12.539,1.1863000000000001,1.1862700000000002,1.12,3.9
02.08.2021 00:07:14.732,1.18632,1.18626,1.57,4.65
02.08.2021 00:07:14.783,1.1863299999999999,1.18628,0.82,0.75
02.08.2021 00:07:14.884,1.18634,1.18628,4.2,0.82
02.08.2021 00:07:15.222,1.1863299999999999,1.18628,0.37,0.82
02.08.2021 00:07:15.423,1.18634,1.18628,3.07,0.82
02.08.2021 00:07:15.684,1.1863299999999999,1.18628,0.45,0.75
02.08.2021 00:07:15.801,1.18632,1.1862700000000002,0.75,2.89
02.08.2021 00:07:16.856,1.1863100000000002,1.18626,1.2,4.57
02.08.2021 00:07:21.511,1.1863000000000001,1.18626,1.95,0.75
02.08.2021 00:07:21.614,1.1863100000000002,1.18626,1.2,0.75
02.08.2021 00:07:21.817,1.1863000000000001,1.18626,0.37,0.75
02.08.2021 00:07:22.071,1.18629,1.18626,0.37,0.75
02.08.2021 00:07:22.223,1.1863000000000001,1.18626,1.95,0.75
02.08.2021 00:07:23.870,1.1863100000000002,1.18626,1.2,1.5
02.08.2021 00:07:25.433,1.1863100000000002,1.1862700000000002,0.75,0.75
02.08.2021 00:07:29.539,1.1863100000000002,1.18626,0.82,1.5
02.08.2021 00:07:31.630,1.1863000000000001,1.18626,0.1,1.5
02.08.2021 00:07:31.733,1.1863000000000001,1.18625,2.7,1.5
02.08.2021 00:07:34.185,1.18629,1.18625,0.1,1.5
02.08.2021 00:07:35.396,1.1863000000000001,1.18625,1.2,1.5
02.08.2021 00:07:37.522,1.18629,1.18625,0.1,1.5
02.08.2021 00:07:37.724,1.1863000000000001,1.18625,1.2,1.5
02.08.2021 00:07:39.482,1.18629,1.18625,0.75,0.75
02.08.2021 00:07:40.360,1.1863000000000001,1.18625,0.82,1.69
02.08.2021 00:07:40.462,1.1863100000000002,1.18625,2.32,1.76
02.08.2021 00:07:40.615,1.1863100000000002,1.18626,1.2,3.75
02.08.2021 00:07:45.325,1.18632,1.1862700000000002,3.37,1.01
02.08.2021 00:07:45.580,1.18632,1.18626,1.2,6.71
02.08.2021 00:07:47.288,1.1863299999999999,1.18629,0.75,2.25
02.08.2021 00:07:47.390,1.18635,1.1863000000000001,1.2,1.5
02.08.2021 00:07:47.491,1.18635,1.1863100000000002,0.75,0.82
02.08.2021 00:07:47.592,1.18636,1.1863100000000002,0.75,2.32
02.08.2021 00:07:48.426,1.18639,1.18634,0.75,2.7
02.08.2021 00:07:48.528,1.18638,1.18636,0.75,0.75
02.08.2021 00:07:48.680,1.18638,1.18635,2.7,0.75
02.08.2021 00:07:48.782,1.1863700000000001,1.1863299999999999,0.82,0.75
02.08.2021 00:07:48.883,1.1863700000000001,1.18632,0.82,2.25
02.08.2021 00:07:52.244,1.18636,1.18632,0.75,1.5
02.08.2021 00:07:52.401,1.18634,1.1863000000000001,0.75,2.7
02.08.2021 00:07:52.553,1.18634,1.18629,1.57,2.14
02.08.2021 00:07:56.142,1.18635,1.1863000000000001,0.82,1.5
02.08.2021 00:07:56.344,1.18636,1.1863100000000002,1.2,0.75
02.08.2021 00:07:56.986,1.18638,1.1863299999999999,0.82,3.56
02.08.2021 00:07:57.088,1.18638,1.18634,0.75,0.75
02.08.2021 00:08:01.707,1.1863700000000001,1.18634,0.75,0.75
02.08.2021 00:08:06.459,1.18638,1.18636,0.75,0.75
02.08.2021 00:08:06.560,1.18639,1.1863700000000001,0.75,1.76
02.08.2021 00:08:09.482,1.18639,1.18635,0.75,1.5
02.08.2021 00:08:10.056,1.18639,1.18636,0.75,0.75
02.08.2021 00:08:12.509,1.1864000000000001,1.18636,0.75,1.01
02.08.2021 00:08:20.976,1.18639,1.18635,0.82,0.75
02.08.2021 00:08:24.923,1.1864000000000001,1.18635,0.82,1.5
02.08.2021 00:08:25.331,1.1864000000000001,1.18636,0.82,0.75
02.08.2021 00:08:27.123,1.18642,1.18638,0.75,4.87
02.08.2021 00:08:28.287,1.18644,1.1864000000000001,0.75,0.75
02.08.2021 00:08:31.369,1.18644,1.18639,5.44,1.5
02.08.2021 00:08:31.471,1.1864100000000002,1.18638,0.75,1.2
02.08.2021 00:08:31.573,1.1864100000000002,1.1863700000000001,0.75,0.75
02.08.2021 00:08:31.674,1.18642,1.1863700000000001,0.75,2.14
02.08.2021 00:08:32.078,1.18642,1.18638,0.75,0.26
02.08.2021 00:08:32.528,1.18642,1.18639,0.75,0.75
02.08.2021 00:08:33.015,1.1864299999999999,1.18639,0.75,0.75
02.08.2021 00:08:42.878,1.18642,1.1863700000000001,0.75,3.9
02.08.2021 00:08:47.490,1.18642,1.18638,0.75,4.76
02.08.2021 00:08:47.744,1.1864299999999999,1.18639,1.2,3.07
02.08.2021 00:08:51.324,1.1864299999999999,1.18638,2.32,3
02.08.2021 00:08:51.426,1.18642,1.18638,0.37,1.5
02.08.2021 00:08:52.274,1.18642,1.1864000000000001,0.75,0.75
02.08.2021 00:08:52.426,1.18644,1.1864100000000002,0.75,0.75
02.08.2021 00:08:52.528,1.18645,1.1864100000000002,0.75,0.75
02.08.2021 00:08:53.081,1.18646,1.18642,1.2,0.75
02.08.2021 00:08:54.331,1.1864700000000001,1.18642,1.2,1.5
02.08.2021 00:09:08.817,1.1864700000000001,1.1864299999999999,0.75,0.75
02.08.2021 00:09:09.140,1.1864700000000001,1.18644,0.75,2.44
02.08.2021 00:09:13.564,1.1864700000000001,1.1864299999999999,0.11,3.75
02.08.2021 00:09:14.268,1.18648,1.1864299999999999,1.21,3.75
02.08.2021 00:09:17.123,1.18648,1.18644,0.75,0.75
02.08.2021 00:09:23.783,1.18646,1.18642,0.11,2.25
02.08.2021 00:09:23.988,1.1864700000000001,1.18642,2.03,0.75
02.08.2021 00:09:24.241,1.18646,1.18642,0.11,0.75
02.08.2021 00:09:24.770,1.1864700000000001,1.18642,1.66,0.75
02.08.2021 00:09:26.667,1.18646,1.1864299999999999,0.75,0.75
02.08.2021 00:09:26.769,1.1864700000000001,1.1864299999999999,1.12,0.75
02.08.2021 00:09:26.870,1.1864700000000001,1.18642,1.12,2.7
02.08.2021 00:09:30.415,1.18646,1.18642,0.11,1.5
02.08.2021 00:09:30.516,1.18646,1.1864100000000002,1.21,2.25
02.08.2021 00:09:31.611,1.18645,1.1864100000000002,0.11,1.5
02.08.2021 00:09:31.712,1.18646,1.1864100000000002,1.21,1.5
02.08.2021 00:09:41.246,1.18646,1.18642,1.12,0.75
02.08.2021 00:09:48.191,1.1864700000000001,1.18644,0.75,0.75
02.08.2021 00:09:48.293,1.18649,1.18645,0.75,0.75
02.08.2021 00:09:48.344,1.1865,1.1864700000000001,0.75,0.75
02.08.2021 00:09:48.952,1.1865100000000002,1.1864700000000001,0.75,1.5
02.08.2021 00:10:00.367,1.18652,1.1864700000000001,0.75,5.89
02.08.2021 00:10:00.468,1.18652,1.18648,1.12,3
02.08.2021 00:10:00.569,1.18652,1.1864700000000001,1.12,2.25
02.08.2021 00:10:06.094,1.18652,1.18648,0.75,4.5
02.08.2021 00:10:06.196,1.18653,1.18648,1.12,6.26
02.08.2021 00:10:06.298,1.18654,1.1865100000000002,2.25,0.75
02.08.2021 00:10:06.400,1.18655,1.1865100000000002,1.12,0.75
02.08.2021 00:10:06.602,1.18656,1.1865100000000002,1.12,1.5
02.08.2021 00:10:09.232,1.18656,1.18652,0.75,4.5
02.08.2021 00:10:13.584,1.18658,1.18653,2.25,5.25
02.08.2021 00:10:13.685,1.1865700000000001,1.18653,0.37,0.75
02.08.2021 00:10:13.787,1.1865700000000001,1.18652,1.12,4.5
02.08.2021 00:10:33.532,1.1865700000000001,1.18653,1.87,0.75
02.08.2021 00:10:37.516,1.18654,1.1865100000000002,0.75,0.75
02.08.2021 00:10:37.568,1.18656,1.1865100000000002,1.2,1.5
02.08.2021 00:10:37.669,1.18655,1.1865100000000002,0.75,0.75
02.08.2021 00:10:37.771,1.18656,1.1865100000000002,0.75,1.57
02.08.2021 00:10:45.320,1.1865700000000001,1.18652,0.82,1.57
02.08.2021 00:10:49.969,1.18655,1.18652,0.82,6.15
02.08.2021 00:11:04.093,1.1865700000000001,1.18653,3.19,0.75
02.08.2021 00:11:06.761,1.18658,1.18654,0.82,1.5
02.08.2021 00:11:06.913,1.18659,1.18655,1.2,0.75
02.08.2021 00:11:21.182,1.1866,1.18655,0.82,1.95
02.08.2021 00:11:21.285,1.1866100000000002,1.1865700000000001,0.82,0.75
02.08.2021 00:11:21.438,1.1866100000000002,1.18656,0.82,2.14
02.08.2021 00:11:21.540,1.1866100000000002,1.1865700000000001,0.75,0.1
02.08.2021 00:11:21.642,1.1866200000000002,1.1865700000000001,0.82,0.82
02.08.2021 00:11:21.902,1.18663,1.18659,0.75,1.57
02.08.2021 00:11:21.953,1.18665,1.1866,1.2,1.95
02.08.2021 00:11:22.054,1.18666,1.1866100000000002,1.95,1.57
02.08.2021 00:11:27.791,1.18666,1.1866200000000002,1.2,0.75
02.08.2021 00:11:27.842,1.18668,1.18664,0.1,0.75
02.08.2021 00:11:27.944,1.18668,1.1866700000000001,0.1,0.75
02.08.2021 00:11:28.045,1.1867100000000002,1.18666,0.82,1.57
02.08.2021 00:11:30.698,1.18669,1.18666,1.87,1.5
02.08.2021 00:11:30.801,1.1866700000000001,1.18664,1.12,0.45
02.08.2021 00:11:30.903,1.1866700000000001,1.1866200000000002,1.2,0.75
02.08.2021 00:11:34.257,1.18666,1.1866200000000002,0.1,0.75
02.08.2021 00:11:43.586,1.1866700000000001,1.1866200000000002,1.95,0.75
02.08.2021 00:11:48.310,1.1866200000000002,1.1866,0.82,0.75
02.08.2021 00:11:48.362,1.1866,1.18658,1.5,1.2
02.08.2021 00:11:48.465,1.18659,1.18656,2.62,0.75
02.08.2021 00:11:48.566,1.18659,1.18654,2.7,1.69
02.08.2021 00:11:48.669,1.18659,1.18655,0.75,1.69
02.08.2021 00:11:48.771,1.18659,1.18656,0.75,0.75
02.08.2021 00:11:48.873,1.1866,1.18656,0.82,0.75
02.08.2021 00:11:51.128,1.18659,1.18656,0.75,0.75
02.08.2021 00:11:51.578,1.1866,1.18656,0.75,0.75
02.08.2021 00:11:51.680,1.1866200000000002,1.1865700000000001,1.95,1.69
02.08.2021 00:11:54.855,1.18664,1.1866,1.2,0.82
02.08.2021 00:11:54.956,1.18664,1.1866100000000002,0.45,1.5
02.08.2021 00:11:55.058,1.18665,1.1866100000000002,0.1,1.5
02.08.2021 00:12:00.374,1.18666,1.1866200000000002,0.75,0.82
02.08.2021 00:12:00.475,1.18666,1.18663,1.95,1.57
02.08.2021 00:12:00.577,1.18668,1.18663,1.95,1.95
02.08.2021 00:12:00.885,1.18668,1.18664,1.95,0.75
02.08.2021 00:12:01.225,1.18668,1.18663,0.82,2.89
02.08.2021 00:12:01.951,1.18668,1.18664,0.82,0.75
02.08.2021 00:12:02.249,1.18668,1.18663,0.82,2.14
02.08.2021 00:12:02.719,1.18669,1.18666,0.75,0.75
02.08.2021 00:12:02.821,1.1867,1.18666,1.2,1.12
02.08.2021 00:12:02.923,1.1867,1.1866700000000001,0.82,0.37
02.08.2021 00:12:03.025,1.1867,1.18666,0.82,1.87
02.08.2021 00:12:03.442,1.18669,1.18666,0.1,0.75
02.08.2021 00:12:06.482,1.18669,1.18665,0.1,1.87
02.08.2021 00:12:06.969,1.1867,1.18665,3.45,1.87
02.08.2021 00:12:07.222,1.1867,1.18666,2.25,1.12
02.08.2021 00:12:07.425,1.1866700000000001,1.18663,1.12,6.86
02.08.2021 00:12:07.576,1.1866700000000001,1.1866200000000002,1.95,2.25
02.08.2021 00:12:07.678,1.18666,1.1866200000000002,0.45,0.75
02.08.2021 00:12:07.779,1.18665,1.1866100000000002,0.75,0.37
02.08.2021 00:12:08.305,1.18666,1.1866100000000002,6.9,1.12
02.08.2021 00:12:11.971,1.18666,1.1866200000000002,1.2,0.75
02.08.2021 00:12:12.072,1.1866700000000001,1.1866200000000002,3.82,1.87
02.08.2021 00:12:12.428,1.18666,1.1866200000000002,0.37,1.12
02.08.2021 00:12:13.803,1.18663,1.1866,0.37,0.19
02.08.2021 00:12:13.906,1.18663,1.18659,3.45,0.45
02.08.2021 00:12:14.009,1.1866200000000002,1.1865700000000001,1.2,1.5
02.08.2021 00:12:16.787,1.1866100000000002,1.1865700000000001,0.75,1.87
02.08.2021 00:12:16.888,1.1866,1.1865700000000001,0.75,0.75
02.08.2021 00:12:16.990,1.1866100000000002,1.1865700000000001,0.75,0.75
02.08.2021 00:12:17.245,1.1866,1.18656,0.75,1.12
02.08.2021 00:12:17.397,1.18659,1.18655,3.37,1.5
02.08.2021 00:12:17.499,1.1866,1.18655,6.42,1.69
02.08.2021 00:12:17.601,1.1866,1.18656,1.2,1.12
02.08.2021 00:12:19.133,1.1866100000000002,1.18656,1.95,1.12
02.08.2021 00:12:22.564,1.18659,1.18655,0.75,1.5
02.08.2021 00:12:23.082,1.1866,1.18655,1.57,1.87
02.08.2021 00:12:23.184,1.1866,1.18656,1.5,1.12
02.08.2021 00:12:23.336,1.1866100000000002,1.18656,0.82,1.87
02.08.2021 00:12:24.844,1.1866100000000002,1.1865700000000001,0.82,0.75
02.08.2021 00:12:25.556,1.1866200000000002,1.1865700000000001,1.95,1.5
02.08.2021 00:12:26.031,1.1866200000000002,1.18658,1.12,0.75
02.08.2021 00:12:26.420,1.1866200000000002,1.1865700000000001,1.57,2.06
02.08.2021 00:12:26.521,1.1866100000000002,1.18659,0.75,0.75
02.08.2021 00:12:28.041,1.1866200000000002,1.1865700000000001,1.5,2.51
02.08.2021 00:12:30.634,1.1866200000000002,1.18658,1.12,0.37
02.08.2021 00:12:31.614,1.1866200000000002,1.1865700000000001,1.5,1.95
02.08.2021 00:12:31.817,1.1866200000000002,1.18658,0.37,0.75
02.08.2021 00:12:32.753,1.1866200000000002,1.1865700000000001,1.12,2.14
02.08.2021 00:12:32.907,1.1866200000000002,1.18658,0.37,0.75
02.08.2021 00:12:33.009,1.18663,1.18658,2.7,0.75
02.08.2021 00:12:33.206,1.1866200000000002,1.18658,0.37,0.75
02.08.2021 00:12:33.570,1.18663,1.18658,3.9,1.12
02.08.2021 00:12:33.730,1.1866200000000002,1.18658,0.37,0.75
02.08.2021 00:12:33.833,1.1866200000000002,1.1865700000000001,1.12,2.14
02.08.2021 00:12:33.947,1.1866200000000002,1.18658,0.37,0.75
02.08.2021 00:12:34.150,1.18663,1.18658,1.95,1.12
02.08.2021 00:12:34.251,1.1866200000000002,1.18658,0.37,0.75
02.08.2021 00:12:34.353,1.18663,1.18658,1.95,1.12
02.08.2021 00:12:34.789,1.1866200000000002,1.1865700000000001,1.57,2.06
02.08.2021 00:12:34.992,1.1866200000000002,1.18658,0.37,0.75
02.08.2021 00:12:36.744,1.1866200000000002,1.1865700000000001,1.12,2.14
02.08.2021 00:12:37.047,1.1866100000000002,1.18659,1.12,0.37
02.08.2021 00:12:37.441,1.1866200000000002,1.1865700000000001,1.12,2.14
02.08.2021 00:12:37.593,1.1866200000000002,1.18658,1.12,0.37
02.08.2021 00:12:37.972,1.1866200000000002,1.1865700000000001,1.12,2.14
02.08.2021 00:12:38.114,1.1866200000000002,1.18658,1.12,0.37
02.08.2021 00:12:38.466,1.1866200000000002,1.1865700000000001,1.5,1.39
02.08.2021 00:12:38.658,1.1866200000000002,1.18658,1.12,0.37
02.08.2021 00:12:38.989,1.1866200000000002,1.1865700000000001,1.12,2.14
02.08.2021 00:12:39.145,1.1866200000000002,1.18658,1.12,0.37
02.08.2021 00:12:39.514,1.1866200000000002,1.1865700000000001,1.5,1.39
02.08.2021 00:12:39.668,1.1866200000000002,1.18658,1.5,0.37
02.08.2021 00:12:39.819,1.18663,1.18658,1.57,1.12
02.08.2021 00:12:39.971,1.1866200000000002,1.18658,0.37,1.12
02.08.2021 00:12:40.073,1.1866200000000002,1.18659,5.06,0.75
02.08.2021 00:12:42.423,1.1866200000000002,1.18658,0.1,0.75
02.08.2021 00:12:42.672,1.1866100000000002,1.18658,0.82,2.06
02.08.2021 00:12:45.534,1.1866200000000002,1.18658,0.82,0.37
02.08.2021 00:12:46.335,1.1866200000000002,1.1865700000000001,0.75,2.14
02.08.2021 00:12:46.571,1.1866200000000002,1.18658,0.75,0.37
02.08.2021 00:12:46.824,1.1866200000000002,1.1865700000000001,0.75,2.14
02.08.2021 00:12:46.976,1.1866200000000002,1.18658,0.75,0.37
02.08.2021 00:12:47.330,1.1866200000000002,1.1865700000000001,0.75,5.14
02.08.2021 00:12:47.482,1.1866200000000002,1.18658,0.75,0.37
02.08.2021 00:12:47.920,1.1866200000000002,1.1865700000000001,0.75,5.14
02.08.2021 00:12:48.026,1.1866200000000002,1.18658,0.75,0.37
02.08.2021 00:12:48.410,1.1866200000000002,1.1865700000000001,0.75,5.14
02.08.2021 00:12:48.512,1.1866200000000002,1.18658,0.75,0.37
02.08.2021 00:12:48.984,1.1866200000000002,1.1865700000000001,0.75,5.14
02.08.2021 00:12:49.086,1.1866200000000002,1.18658,0.75,0.37
02.08.2021 00:12:49.344,1.18663,1.1866,3.15,2.06
02.08.2021 00:12:49.600,1.18664,1.1866,0.1,0.75
02.08.2021 00:12:49.702,1.18665,1.1866100000000002,0.82,0.37
02.08.2021 00:12:50.643,1.18666,1.1866100000000002,2.32,1.12
02.08.2021 00:12:53.293,1.1866700000000001,1.1866200000000002,2.32,1.12
02.08.2021 00:12:53.396,1.1866700000000001,1.18663,1.2,0.75
02.08.2021 00:12:58.402,1.18668,1.18664,1.95,0.75
02.08.2021 00:12:58.503,1.18668,1.18663,2.89,2.06
02.08.2021 00:13:03.509,1.1866700000000001,1.1866200000000002,0.75,1.2
02.08.2021 00:13:05.168,1.18666,1.1866200000000002,0.75,1.12
02.08.2021 00:13:05.270,1.18666,1.1866100000000002,2.7,4.87
02.08.2021 00:13:07.334,1.18666,1.1866200000000002,0.82,0.37
02.08.2021 00:13:07.436,1.1866700000000001,1.1866200000000002,3.07,1.12
02.08.2021 00:13:18.482,1.18666,1.1866200000000002,0.75,0.37
02.08.2021 00:13:25.749,1.18666,1.1866100000000002,0.75,2.14
02.08.2021 00:13:25.850,1.18666,1.18663,0.82,1.12
02.08.2021 00:13:26.118,1.18666,1.1866200000000002,0.75,0.75
02.08.2021 00:13:43.678,1.1866700000000001,1.1866200000000002,0.82,1.12
02.08.2021 00:13:52.563,1.1866700000000001,1.18663,0.82,0.37
02.08.2021 00:13:54.310,1.18668,1.18665,0.75,0.37
02.08.2021 00:13:54.411,1.18668,1.18664,0.75,0.37
02.08.2021 00:13:54.513,1.18669,1.18665,1.57,0.37
02.08.2021 00:13:57.282,1.18669,1.1866700000000001,0.75,0.37
02.08.2021 00:13:57.383,1.1867,1.1866700000000001,1.27,4.12
02.08.2021 00:13:57.796,1.1867100000000002,1.1866700000000001,0.82,3
02.08.2021 00:13:59.902,1.1867100000000002,1.18666,0.82,1.87
02.08.2021 00:14:00.009,1.1867100000000002,1.1866700000000001,0.82,3
02.08.2021 00:14:00.309,1.1867200000000002,1.1866700000000001,1.57,1.12
02.08.2021 00:14:03.662,1.1867400000000001,1.18669,3.26,0.75
02.08.2021 00:14:03.763,1.1867400000000001,1.1867,0.75,0.37
02.08.2021 00:14:03.865,1.18675,1.1867,0.75,6.07
02.08.2021 00:14:04.226,1.18676,1.1867100000000002,1.57,1.12
02.08.2021 00:14:05.251,1.18675,1.1867100000000002,0.75,1.12
02.08.2021 00:14:05.353,1.1867400000000001,1.1867,0.75,1.12
02.08.2021 00:14:09.020,1.18675,1.1867100000000002,0.82,0.37
02.08.2021 00:14:10.961,1.18675,1.1867,0.75,5.7
02.08.2021 00:14:14.549,1.18675,1.1867100000000002,0.75,0.37
02.08.2021 00:14:14.651,1.18676,1.1867100000000002,0.75,4.2
02.08.2021 00:14:16.216,1.18675,1.1867100000000002,0.75,3.45
02.08.2021 00:14:20.096,1.1867400000000001,1.1867100000000002,4.12,3
02.08.2021 00:14:20.148,1.1867200000000002,1.1867,1.12,1.2
02.08.2021 00:14:20.250,1.18673,1.18668,5.7,0.75
02.08.2021 00:14:20.352,1.1867200000000002,1.1866700000000001,0.75,1.57
02.08.2021 00:14:23.922,1.1867100000000002,1.1866700000000001,0.75,0.37
02.08.2021 00:14:25.552,1.1867100000000002,1.18666,0.82,4.87
02.08.2021 00:14:29.508,1.1867,1.18665,0.82,4.87
02.08.2021 00:14:29.609,1.1867,1.18666,0.82,0.37
02.08.2021 00:14:29.974,1.1867,1.1866700000000001,0.75,0.37
02.08.2021 00:14:30.076,1.1867,1.18666,0.75,0.64
02.08.2021 00:14:30.247,1.1867,1.1866700000000001,0.75,1.39
02.08.2021 00:14:35.688,1.1867100000000002,1.1866700000000001,0.75,0.37
02.08.2021 00:14:37.839,1.1867100000000002,1.18666,0.75,5.89
02.08.2021 00:14:37.940,1.1867100000000002,1.1866700000000001,0.75,0.37
02.08.2021 00:14:39.250,1.1867100000000002,1.18666,0.75,5.89
02.08.2021 00:14:39.403,1.1867100000000002,1.1866700000000001,0.75,0.37
02.08.2021 00:14:43.033,1.1867,1.1866700000000001,0.75,5.89
02.08.2021 00:14:51.107,1.1867100000000002,1.1866700000000001,0.75,0.37
02.08.2021 00:15:11.046,1.18673,1.18668,0.75,2.4
02.08.2021 00:15:11.098,1.18673,1.1867,0.75,0.37
02.08.2021 00:15:11.149,1.18675,1.1867,0.82,1.31
02.08.2021 00:15:11.250,1.18675,1.1867100000000002,0.82,1.12
02.08.2021 00:15:11.654,1.18676,1.1867100000000002,0.82,2.32
02.08.2021 00:15:11.769,1.18677,1.1867200000000002,1.95,3.07
02.08.2021 00:15:12.554,1.18677,1.18673,0.75,1.12
02.08.2021 00:15:12.657,1.18677,1.18675,0.75,0.37
02.08.2021 00:15:12.759,1.18679,1.18675,0.75,1.31
02.08.2021 00:15:12.963,1.18678,1.18677,0.75,0.75
02.08.2021 00:15:13.420,1.1868,1.18676,0.1,1.12
02.08.2021 00:15:13.817,1.1868100000000001,1.18676,3.45,1.87
02.08.2021 00:15:13.919,1.1868100000000001,1.18677,1.95,0.56
02.08.2021 00:15:14.273,1.1868200000000002,1.18677,0.82,0.75
02.08.2021 00:15:15.432,1.1868100000000001,1.18677,0.82,0.37
02.08.2021 00:15:15.483,1.18678,1.18676,1.12,0.75
02.08.2021 00:15:15.584,1.18678,1.18677,1.12,0.75
02.08.2021 00:15:15.686,1.18679,1.18675,1.5,0.75
02.08.2021 00:15:16.092,1.1868,1.18675,4.69,1.5
02.08.2021 00:15:16.244,1.1868,1.18676,0.75,2.89
02.08.2021 00:15:16.346,1.1868,1.18677,3.56,2.89
02.08.2021 00:15:16.653,1.1868100000000001,1.18677,0.75,0.75
02.08.2021 00:15:17.465,1.1868100000000001,1.18676,0.75,3.34
02.08.2021 00:15:17.611,1.1868100000000001,1.18677,0.75,0.19
02.08.2021 00:15:17.717,1.1868100000000001,1.18678,2.32,2.51
02.08.2021 00:15:19.652,1.18683,1.18678,5.44,0.37
02.08.2021 00:15:20.034,1.1868100000000001,1.18679,0.75,0.94
02.08.2021 00:15:21.351,1.1868400000000001,1.1868,4.69,0.75
02.08.2021 00:15:21.453,1.18683,1.1868,1.5,0.75
02.08.2021 00:15:21.504,1.18683,1.18678,10.31,2.25
02.08.2021 00:15:21.606,1.1868200000000002,1.18678,1.2,0.75
02.08.2021 00:15:21.809,1.1868,1.18679,2.25,0.75
02.08.2021 00:15:21.915,1.1868200000000002,1.18678,2.32,0.75
02.08.2021 00:15:22.016,1.1868100000000001,1.18678,0.37,0.75
02.08.2021 00:15:22.204,1.1868200000000002,1.18678,2.32,0.75
02.08.2021 00:15:23.738,1.1868200000000002,1.18677,2.32,3.75
02.08.2021 00:15:25.678,1.1868200000000002,1.18678,0.82,0.75
02.08.2021 00:15:25.781,1.18683,1.18679,0.82,0.75
02.08.2021 00:15:29.098,1.1868200000000002,1.18678,0.75,1.69
02.08.2021 00:15:29.541,1.1868200000000002,1.18677,1.95,5.44
02.08.2021 00:15:32.781,1.18679,1.18676,1.95,1.39
02.08.2021 00:15:32.883,1.18679,1.18675,1.2,1.5
02.08.2021 00:15:32.984,1.18678,1.18675,0.1,1.5
02.08.2021 00:15:33.884,1.18678,1.1867400000000001,0.1,5.81
02.08.2021 00:15:34.339,1.18679,1.1867400000000001,3.94,2.14
02.08.2021 00:15:41.300,1.18679,1.18675,0.82,0.75
02.08.2021 00:15:41.710,1.1868,1.18676,1.57,1.12
02.08.2021 00:15:41.822,1.1868100000000001,1.18676,3.94,2.89
02.08.2021 00:15:41.924,1.1868100000000001,1.18677,0.82,1.57
02.08.2021 00:15:42.026,1.1868100000000001,1.18678,2.7,2.59
02.08.2021 00:15:51.850,1.1868100000000001,1.18677,0.1,2.32
02.08.2021 00:15:52.799,1.1868100000000001,1.18676,1.2,2.4
02.08.2021 00:15:52.951,1.18679,1.18677,0.1,1.87
02.08.2021 00:15:53.777,1.18678,1.1867400000000001,0.1,2.32
02.08.2021 00:15:53.929,1.18679,1.1867400000000001,1.57,2.59
02.08.2021 00:15:54.922,1.18679,1.18676,1.99,0.75
02.08.2021 00:15:55.079,1.18679,1.18677,0.1,0.75
02.08.2021 00:16:00.220,1.18679,1.18676,0.1,1.95
02.08.2021 00:16:00.322,1.1868,1.18676,0.82,2.51
02.08.2021 00:16:00.722,1.18679,1.18675,1.57,4.95
02.08.2021 00:16:01.723,1.1868,1.18676,0.82,1.12
02.08.2021 00:16:01.824,1.1868100000000001,1.18677,4.69,0.37
02.08.2021 00:16:02.662,1.1868200000000002,1.18678,2.81,0.37
02.08.2021 00:16:02.764,1.18683,1.18678,3.94,1.39
02.08.2021 00:16:02.865,1.1868400000000001,1.1868,0.82,0.75
02.08.2021 00:16:06.232,1.18683,1.1868,0.1,0.75
02.08.2021 00:16:06.333,1.18683,1.18679,1.95,0.75
02.08.2021 00:16:06.564,1.18683,1.18678,1.2,3.15
02.08.2021 00:16:06.767,1.1868100000000001,1.18679,0.1,1.12
02.08.2021 00:16:09.664,1.1868400000000001,1.18679,4.2,4.57
02.08.2021 00:16:09.765,1.1868400000000001,1.1868,0.82,1.5
02.08.2021 00:16:09.867,1.18685,1.1868100000000001,0.1,0.75
02.08.2021 00:16:13.613,1.18686,1.1868100000000001,5.44,2.02
02.08.2021 00:16:15.457,1.18685,1.1868100000000001,0.1,0.75
02.08.2021 00:16:17.882,1.18688,1.18686,2.25,1.12
02.08.2021 00:16:17.985,1.1869,1.18688,2.7,0.37
02.08.2021 00:16:18.087,1.1869100000000001,1.18686,0.82,1.39
02.08.2021 00:16:18.188,1.1869100000000001,1.18687,0.82,0.19
02.08.2021 00:16:25.385,1.1869100000000001,1.18686,0.82,2.59
02.08.2021 00:16:26.324,1.1869100000000001,1.18687,0.82,0.45
02.08.2021 00:16:27.993,1.1869100000000001,1.18686,0.82,3.15
02.08.2021 00:16:29.338,1.1869100000000001,1.18687,0.82,0.37
02.08.2021 00:16:33.210,1.1869100000000001,1.18686,2.81,1.2
02.08.2021 00:16:37.636,1.1869100000000001,1.18687,2.81,0.37
02.08.2021 00:16:51.159,1.1869200000000002,1.18687,1.95,1.65
02.08.2021 00:16:57.367,1.1869200000000002,1.18688,0.82,0.37
02.08.2021 00:16:58.312,1.1869200000000002,1.18687,0.82,2.4
02.08.2021 00:16:59.754,1.18694,1.1869,0.75,0.64
02.08.2021 00:16:59.856,1.18694,1.1869100000000001,0.75,0.75
02.08.2021 00:16:59.957,1.18695,1.1869100000000001,1.5,1.39
02.08.2021 00:17:00.311,1.18695,1.1869200000000002,0.75,0.37
02.08.2021 00:17:02.447,1.18698,1.18696,0.75,0.37
02.08.2021 00:17:02.498,1.1870100000000001,1.18696,3.07,2.14
02.08.2021 00:17:03.436,1.1870100000000001,1.18697,0.82,0.37
02.08.2021 00:17:03.487,1.18703,1.18699,0.82,0.75
02.08.2021 00:17:03.538,1.1870200000000002,1.18697,0.82,2.7
02.08.2021 00:17:04.756,1.1870200000000002,1.18698,0.82,0.37
02.08.2021 00:17:06.229,1.1870100000000001,1.18698,0.75,0.37
02.08.2021 00:17:06.994,1.18698,1.18696,2.81,0.75
02.08.2021 00:17:07.046,1.187,1.18696,0.1,1.87
02.08.2021 00:17:07.250,1.18698,1.18694,0.1,0.75
02.08.2021 00:17:07.351,1.18698,1.18693,1.2,0.75
02.08.2021 00:17:07.452,1.18697,1.1869200000000002,1.95,1.12
02.08.2021 00:17:07.604,1.18696,1.1869200000000002,0.82,0.75
02.08.2021 00:17:07.908,1.18696,1.1869100000000001,1.57,1.12
02.08.2021 00:17:11.195,1.18696,1.1869200000000002,0.75,0.37
02.08.2021 00:17:11.902,1.18699,1.18694,7.65,1.12
02.08.2021 00:17:12.155,1.18698,1.18697,0.75,0.37
02.08.2021 00:17:12.257,1.187,1.18696,0.82,0.37
02.08.2021 00:17:19.178,1.187,1.18695,1.95,1.87
02.08.2021 00:17:23.536,1.187,1.18696,0.82,0.37
02.08.2021 00:17:23.638,1.1870100000000001,1.18696,4.76,1.12
02.08.2021 00:17:26.285,1.1870100000000001,1.18697,0.82,0.37
02.08.2021 00:17:30.269,1.1870100000000001,1.18696,0.82,1.12
02.08.2021 00:17:30.700,1.1870100000000001,1.18697,0.82,0.37
02.08.2021 00:17:42.482,1.1870200000000002,1.18697,1.95,1.87
02.08.2021 00:17:46.456,1.1870200000000002,1.18698,0.75,1.69
02.08.2021 00:17:46.557,1.1870200000000002,1.18697,3.56,2.7
02.08.2021 00:17:46.659,1.1870100000000001,1.18697,0.1,1.5
02.08.2021 00:17:50.641,1.1870100000000001,1.18698,4.31,1.5
02.08.2021 00:17:51.482,1.187,1.18698,0.75,1.12
02.08.2021 00:17:54.244,1.187,1.18697,1.57,1.12
02.08.2021 00:17:55.599,1.1870100000000001,1.18697,2.89,0.37
02.08.2021 00:17:57.490,1.1870200000000002,1.18698,0.75,1.12
02.08.2021 00:17:57.593,1.1870200000000002,1.18697,1.5,2.14
02.08.2021 00:17:58.723,1.1870100000000001,1.18697,0.1,1.87
02.08.2021 00:17:59.050,1.1870200000000002,1.18697,2.32,1.87
02.08.2021 00:18:00.142,1.1870100000000001,1.18697,0.82,0.37
02.08.2021 00:18:00.346,1.187,1.18697,0.75,0.37
02.08.2021 00:18:00.475,1.187,1.18698,1.57,0.37
02.08.2021 00:18:01.873,1.187,1.18697,0.75,0.37
02.08.2021 00:18:03.127,1.1870100000000001,1.18699,1.57,0.37
02.08.2021 00:18:03.229,1.1870200000000002,1.18697,1.57,2.06
02.08.2021 00:18:05.231,1.1870100000000001,1.18697,0.75,1.12
02.08.2021 00:18:05.332,1.1870100000000001,1.18696,1.57,2.81
02.08.2021 00:18:05.484,1.18699,1.18696,0.75,0.75
02.08.2021 00:18:05.585,1.18699,1.18695,0.75,1.12
02.08.2021 00:18:06.946,1.18697,1.18694,0.75,1.12
02.08.2021 00:18:07.049,1.18696,1.18693,0.75,1.12
02.08.2021 00:18:07.203,1.18696,1.1869200000000002,0.75,1.12
02.08.2021 00:18:18.709,1.18694,1.18693,1.57,0.75
02.08.2021 00:18:18.761,1.18694,1.1869,0.37,1.5
02.08.2021 00:18:18.862,1.18695,1.1869100000000001,1.12,0.75
02.08.2021 00:18:20.171,1.18694,1.1869100000000001,0.75,0.75
02.08.2021 00:18:20.273,1.18695,1.1869200000000002,0.75,0.75
02.08.2021 00:18:20.375,1.18695,1.1869100000000001,0.75,1.95
02.08.2021 00:18:24.482,1.18695,1.1869200000000002,0.75,0.75
02.08.2021 00:18:25.550,1.18695,1.1869100000000001,1.12,1.12
02.08.2021 00:18:36.930,1.18697,1.18694,0.75,0.75
02.08.2021 00:18:38.234,1.18696,1.18693,0.75,0.75
02.08.2021 00:18:39.144,1.18697,1.18693,0.1,0.75
02.08.2021 00:18:39.617,1.18698,1.18693,1.95,0.75
02.08.2021 00:18:39.719,1.18698,1.18694,0.75,0.75
02.08.2021 00:18:39.820,1.18698,1.18695,1.57,0.75
02.08.2021 00:18:40.303,1.18699,1.18695,0.82,0.75
02.08.2021 00:18:41.761,1.18698,1.18695,0.75,0.75
02.08.2021 00:18:43.825,1.18696,1.18693,0.75,0.94
02.08.2021 00:18:47.148,1.18693,1.1869100000000001,0.82,4.69
02.08.2021 00:18:47.250,1.18693,1.18689,1.87,1.95
02.08.2021 00:18:47.352,1.1869200000000002,1.18687,1.87,0.82
02.08.2021 00:18:47.960,1.1869,1.18687,0.75,0.75
02.08.2021 00:18:50.683,1.1869100000000001,1.18688,0.75,0.75
02.08.2021 00:18:50.802,1.18694,1.1869,0.75,0.94
02.08.2021 00:18:50.904,1.18695,1.1869,2.32,0.94
02.08.2021 00:18:51.107,1.18693,1.1869,0.75,0.75
02.08.2021 00:18:51.464,1.18694,1.1869,1.57,0.75
02.08.2021 00:18:59.204,1.18695,1.1869,1.95,0.94
02.08.2021 00:18:59.306,1.18695,1.1869100000000001,1.12,0.75
02.08.2021 00:19:00.623,1.18696,1.1869100000000001,3.94,0.75
02.08.2021 00:19:18.772,1.18693,1.18689,0.75,0.75
02.08.2021 00:19:34.397,1.1869200000000002,1.18687,1.12,1.57
02.08.2021 00:19:34.499,1.1869100000000001,1.18687,0.37,1.5
02.08.2021 00:19:34.651,1.1869200000000002,1.18687,1.2,1.5
02.08.2021 00:19:39.586,1.1869100000000001,1.18687,0.37,0.75
02.08.2021 00:19:41.333,1.1869200000000002,1.18687,5.06,0.75
02.08.2021 00:19:41.435,1.1869100000000001,1.18687,0.37,0.75
02.08.2021 00:19:41.537,1.1869100000000001,1.18686,1.57,0.75
02.08.2021 00:19:43.022,1.1869100000000001,1.18685,3.94,2.51
02.08.2021 00:19:44.011,1.18688,1.1868400000000001,0.75,0.75
02.08.2021 00:19:44.112,1.18689,1.18685,3.19,0.75
02.08.2021 00:19:45.022,1.1869,1.18685,3.07,0.75
02.08.2021 00:19:52.200,1.1869100000000001,1.18686,2.7,0.75
02.08.2021 00:19:53.645,1.1869100000000001,1.18685,3.94,5.14
02.08.2021 00:19:57.522,1.1869,1.18685,1.57,0.75
02.08.2021 00:19:58.050,1.18688,1.18685,0.75,0.75
02.08.2021 00:19:58.101,1.18687,1.18683,1.2,0.75
02.08.2021 00:19:58.202,1.18686,1.18683,0.75,0.75
02.08.2021 00:20:03.481,1.18685,1.18683,0.82,0.75
02.08.2021 00:20:05.630,1.18686,1.1868100000000001,0.82,1.5
02.08.2021 00:20:09.446,1.18685,1.1868100000000001,3,0.75
02.08.2021 00:20:09.497,1.1868200000000002,1.18678,1.31,0.45
02.08.2021 00:20:09.599,1.18683,1.18678,2.62,1.2
02.08.2021 00:20:09.751,1.1868200000000002,1.18678,0.75,0.75
02.08.2021 00:20:27.350,1.1868100000000001,1.18677,0.75,1.5
02.08.2021 00:20:30.273,1.1868100000000001,1.18676,0.75,1.57
02.08.2021 00:20:30.755,1.1868100000000001,1.18675,4.5,4.95
02.08.2021 00:20:31.080,1.1868,1.18675,1.12,1.57
02.08.2021 00:20:34.051,1.18678,1.1867400000000001,0.19,0.75
02.08.2021 00:20:37.351,1.18679,1.1867400000000001,6,0.75
02.08.2021 00:20:40.526,1.1868,1.18675,2.74,0.82
02.08.2021 00:20:42.304,1.18679,1.18675,0.75,0.75
02.08.2021 00:20:47.419,1.18678,1.1867400000000001,0.75,0.75
02.08.2021 00:20:47.521,1.18678,1.18673,6,0.75
02.08.2021 00:20:47.622,1.18677,1.18673,1.39,0.75
02.08.2021 00:20:48.434,1.18677,1.1867200000000002,2.89,0.75
02.08.2021 00:20:51.752,1.18676,1.1867200000000002,0.37,0.75
02.08.2021 00:20:53.612,1.18678,1.1867400000000001,4.09,1.12
02.08.2021 00:20:53.714,1.18679,1.18676,8.1,0.75
02.08.2021 00:20:53.867,1.1868,1.18676,0.1,0.75
02.08.2021 00:21:00.230,1.1868200000000002,1.18678,2.32,0.75
02.08.2021 00:21:00.332,1.1868200000000002,1.18677,5.62,0.75
02.08.2021 00:21:11.172,1.1868200000000002,1.18678,5.44,1.2
02.08.2021 00:21:15.207,1.1868400000000001,1.1868,1.5,0.75
02.08.2021 00:21:15.360,1.18685,1.1868,1.76,0.75
02.08.2021 00:21:15.563,1.1868400000000001,1.1868,0.75,0.75
02.08.2021 00:21:15.849,1.18685,1.1868,1.39,0.75
02.08.2021 00:21:16.270,1.18685,1.1868100000000001,1.12,0.75
02.08.2021 00:21:16.371,1.18685,1.1868200000000002,3.26,0.75
02.08.2021 00:21:16.473,1.18686,1.1868200000000002,2.62,0.75
02.08.2021 00:21:18.149,1.18687,1.1868400000000001,3.11,1.5
02.08.2021 00:21:18.251,1.18689,1.18686,4.09,0.75
02.08.2021 00:21:18.352,1.1869,1.18686,1.76,0.75
02.08.2021 00:21:21.793,1.18689,1.18686,0.37,0.75
02.08.2021 00:21:21.945,1.1869,1.18686,1.76,0.75
02.08.2021 00:21:24.407,1.1869,1.18685,0.82,4.12
02.08.2021 00:21:24.678,1.1869100000000001,1.18685,5.25,4.95
02.08.2021 00:21:25.818,1.1869,1.18685,1.2,1.12
02.08.2021 00:21:26.853,1.1869100000000001,1.18685,6.37,4.2
02.08.2021 00:21:27.767,1.1869,1.18687,6.37,0.75
02.08.2021 00:21:32.564,1.1869,1.18686,1.39,0.75
02.08.2021 00:21:32.615,1.18688,1.18683,3.26,1.95
02.08.2021 00:21:32.717,1.18687,1.18683,1.12,1.2
02.08.2021 00:21:32.818,1.18687,1.1868100000000001,4.87,0.82
02.08.2021 00:21:33.702,1.18686,1.1868,0.82,6.45
02.08.2021 00:21:41.182,1.18688,1.1868400000000001,1.87,1.12
02.08.2021 00:21:41.283,1.18689,1.1868400000000001,0.1,1.5
02.08.2021 00:21:41.600,1.1869,1.1868400000000001,7.05,1.57
02.08.2021 00:21:46.402,1.1869,1.18685,3.26,0.75
02.08.2021 00:21:51.451,1.18687,1.18683,0.45,1.2
02.08.2021 00:21:53.479,1.18687,1.1868200000000002,4.05,0.75
02.08.2021 00:21:54.619,1.18687,1.1868400000000001,0.19,1.57
02.08.2021 00:21:54.670,1.18689,1.1868400000000001,4.84,2.32
02.08.2021 00:21:54.771,1.1869,1.18685,5.74,0.75
02.08.2021 00:21:54.923,1.1869,1.18686,0.19,0.75
02.08.2021 00:21:56.690,1.1869,1.18685,4.8,0.75
02.08.2021 00:21:57.323,1.1869100000000001,1.18686,7.05,0.75
02.08.2021 00:21:57.525,1.1869,1.18686,0.19,0.75
02.08.2021 00:21:57.878,1.1869100000000001,1.18686,7.42,0.75
02.08.2021 00:21:58.391,1.1869,1.18686,0.19,0.75
02.08.2021 00:21:58.517,1.1869100000000001,1.18686,7.42,0.75
02.08.2021 00:22:00.458,1.1869200000000002,1.18688,3.3,0.75
02.08.2021 00:22:00.814,1.1869,1.18687,4.8,1.5
02.08.2021 00:22:47.616,1.1869200000000002,1.18687,4.24,0.75
02.08.2021 00:22:50.743,1.1869100000000001,1.18686,4.05,0.75
02.08.2021 00:22:51.078,1.1869,1.18686,0.75,0.75
02.08.2021 00:22:51.281,1.1869,1.18685,0.75,4.95
02.08.2021 00:22:59.752,1.18688,1.18686,0.75,0.75
02.08.2021 00:22:59.854,1.18689,1.1868400000000001,0.75,2.7
02.08.2021 00:23:00.106,1.1869,1.1868400000000001,2.51,2.7
02.08.2021 00:23:02.655,1.1869,1.18685,4.24,0.75
02.08.2021 00:23:03.619,1.1869,1.18688,0.75,0.75
02.08.2021 00:23:03.751,1.1869100000000001,1.18687,0.75,0.75
02.08.2021 00:23:03.853,1.1869100000000001,1.18686,1.5,4.95
02.08.2021 00:23:05.948,1.1869100000000001,1.18687,0.75,0.37
02.08.2021 00:23:05.999,1.18693,1.18688,5.44,0.75
02.08.2021 00:23:09.756,1.18694,1.18689,3.41,1.57
02.08.2021 00:23:09.857,1.18695,1.18689,2.21,2.32
02.08.2021 00:23:10.009,1.18695,1.1869,1.69,0.82
02.08.2021 00:23:24.523,1.18695,1.1869100000000001,0.75,0.75
02.08.2021 00:23:27.996,1.18695,1.1869200000000002,3.11,1.5
02.08.2021 00:23:30.251,1.18697,1.1869200000000002,3.86,0.75
02.08.2021 00:23:38.045,1.18698,1.18695,0.75,0.37
02.08.2021 00:23:38.146,1.18699,1.18695,0.45,1.12
02.08.2021 00:23:38.247,1.187,1.18696,3.67,0.37
02.08.2021 00:23:43.992,1.1870100000000001,1.18696,0.82,1.87
02.08.2021 00:23:49.090,1.1870100000000001,1.18697,0.75,0.37
02.08.2021 00:23:50.753,1.1870100000000001,1.18696,1.87,5.7
02.08.2021 00:23:52.468,1.18699,1.18697,0.75,1.87
02.08.2021 00:24:00.676,1.1870100000000001,1.18696,4.61,1.12
02.08.2021 00:24:01.351,1.18699,1.18694,1.95,0.75
02.08.2021 00:24:06.612,1.18697,1.1869200000000002,0.82,4.69
02.08.2021 00:24:18.894,1.18697,1.1869100000000001,1.2,5.89
02.08.2021 00:24:19.047,1.18696,1.1869,4.05,8.51
02.08.2021 00:24:19.150,1.18695,1.1869,0.75,7.01
02.08.2021 00:24:22.301,1.18695,1.1869100000000001,0.75,0.1
02.08.2021 00:24:27.481,1.18696,1.1869100000000001,0.75,1.57
02.08.2021 00:24:27.610,1.18696,1.1869200000000002,0.75,3
02.08.2021 00:24:29.845,1.18696,1.1869100000000001,0.75,1.57
02.08.2021 00:24:29.997,1.18695,1.1869,0.75,5.89
02.08.2021 00:24:30.911,1.18695,1.1869100000000001,0.75,0.19
02.08.2021 00:24:35.805,1.18696,1.1869,1.57,5.7
02.08.2021 00:24:35.957,1.18695,1.1869,0.75,5.89
02.08.2021 00:24:38.760,1.18694,1.1869,0.75,4.31
02.08.2021 00:24:42.111,1.18695,1.1869,1.01,4.5
02.08.2021 00:24:48.271,1.18696,1.1869100000000001,1.12,2.32
02.08.2021 00:24:50.139,1.18696,1.1869200000000002,0.75,3
02.08.2021 00:24:58.389,1.18696,1.1869100000000001,0.75,5.7
02.08.2021 00:24:58.490,1.18695,1.1869,0.75,6.34
02.08.2021 00:25:00.546,1.18695,1.1869100000000001,0.75,3.19
02.08.2021 00:25:00.648,1.18696,1.1869100000000001,0.75,0.82
02.08.2021 00:25:02.469,1.18697,1.1869200000000002,0.75,1.2
02.08.2021 00:25:04.965,1.18698,1.18693,1.87,1.57
02.08.2021 00:25:12.135,1.18697,1.18693,0.75,0.75
02.08.2021 00:25:12.236,1.18698,1.18693,3.49,0.75
02.08.2021 00:25:23.623,1.18697,1.18693,3.49,7.76
02.08.2021 00:25:30.774,1.18697,1.18694,0.82,3
02.08.2021 00:25:32.085,1.18698,1.18694,0.75,0.1
02.08.2021 00:25:38.587,1.18698,1.18695,3.79,0.82
02.08.2021 00:26:06.883,1.18698,1.18694,0.1,0.75
02.08.2021 00:26:06.991,1.18697,1.18694,0.1,0.75
02.08.2021 00:26:09.441,1.18698,1.18694,0.64,0.75
02.08.2021 00:26:09.636,1.18696,1.1869200000000002,0.1,1.5
02.08.2021 00:26:09.739,1.18696,1.1869100000000001,0.75,12.9
02.08.2021 00:26:09.943,1.18695,1.1869100000000001,0.1,1.5
02.08.2021 00:26:13.382,1.18694,1.18689,0.1,5.44
02.08.2021 00:26:16.323,1.1869200000000002,1.18687,0.75,4.57
02.08.2021 00:26:16.425,1.1869100000000001,1.18686,0.75,5.96
02.08.2021 00:26:16.526,1.1869100000000001,1.18687,0.75,0.1
02.08.2021 00:26:19.940,1.1869200000000002,1.18688,0.75,3.75
02.08.2021 00:26:22.429,1.1869100000000001,1.18687,0.75,0.37
02.08.2021 00:26:22.531,1.1869100000000001,1.18686,0.75,10.09
02.08.2021 00:27:13.108,1.18693,1.18689,0.75,1.2
02.08.2021 00:27:13.210,1.18694,1.18689,1.12,4.95
02.08.2021 00:27:13.311,1.18693,1.1869100000000001,0.75,3
02.08.2021 00:27:16.939,1.18693,1.1869,3.49,0.75
02.08.2021 00:27:22.396,1.18695,1.1869,1.57,0.75
02.08.2021 00:27:39.896,1.18695,1.1869100000000001,0.82,0.75
02.08.2021 00:27:40.126,1.18697,1.18694,0.45,1.12
02.08.2021 00:27:40.177,1.18699,1.18694,5.22,6.07
02.08.2021 00:27:40.279,1.18699,1.18695,0.75,0.1
02.08.2021 00:27:40.380,1.18699,1.18694,0.75,7.57
02.08.2021 00:27:42.221,1.187,1.18695,4.99,0.75
02.08.2021 00:27:42.322,1.18699,1.18695,0.1,0.75
02.08.2021 00:27:44.311,1.187,1.18695,3.49,0.75
02.08.2021 00:27:49.892,1.187,1.18696,0.75,3
02.08.2021 00:27:50.201,1.18699,1.18696,0.75,5.14
02.08.2021 00:27:56.821,1.18699,1.18697,0.75,0.75
02.08.2021 00:28:01.713,1.18698,1.18694,1.2,1.5
02.08.2021 00:28:01.815,1.18696,1.18694,1.39,1.2
02.08.2021 00:28:01.916,1.18697,1.1869200000000002,1.39,5.25
02.08.2021 00:28:12.521,1.18698,1.18694,0.75,1.57
02.08.2021 00:28:17.146,1.18699,1.18694,1.12,4.95
02.08.2021 00:28:17.297,1.18699,1.18695,0.37,0.75
02.08.2021 00:28:17.449,1.18699,1.18694,1.5,1.57
02.08.2021 00:28:19.864,1.18698,1.18694,0.75,1.5
02.08.2021 00:28:21.085,1.18698,1.18695,3.86,1.5
02.08.2021 00:28:22.218,1.18698,1.18694,2.32,3
02.08.2021 00:28:49.755,1.18697,1.1869200000000002,2.14,10.16
02.08.2021 00:28:49.806,1.18695,1.1869200000000002,0.75,2.25
02.08.2021 00:28:49.909,1.18695,1.1869100000000001,0.75,1.95
02.08.2021 00:28:50.417,1.18695,1.1869200000000002,0.75,3
02.08.2021 00:28:50.671,1.18695,1.1869100000000001,0.75,4.87
02.08.2021 00:28:54.020,1.18694,1.1869,2.51,0.75
02.08.2021 00:28:54.122,1.18693,1.18689,1.12,0.75
02.08.2021 00:29:14.207,1.18694,1.18689,1.69,5.32
02.08.2021 00:29:15.668,1.18694,1.1869,0.94,0.75
02.08.2021 00:29:54.476,1.18695,1.1869,7.54,0.75
02.08.2021 00:29:54.754,1.1869100000000001,1.18689,3.49,0.75
02.08.2021 00:30:00.111,1.1869100000000001,1.18688,0.37,0.75
02.08.2021 00:30:00.499,1.1869100000000001,1.18687,0.37,0.75
02.08.2021 00:30:04.765,1.1869100000000001,1.18686,4.99,1.5
02.08.2021 00:30:05.926,1.1869,1.18689,2.66,2.51
02.08.2021 00:30:06.028,1.1869200000000002,1.18689,4.54,1.12
02.08.2021 00:30:06.130,1.18693,1.18689,0.75,1.12
02.08.2021 00:30:06.233,1.18694,1.18689,0.75,4.2
02.08.2021 00:30:06.385,1.18693,1.1869100000000001,1.12,3
02.08.2021 00:30:07.381,1.18693,1.1869,1.12,4.95
02.08.2021 00:30:07.484,1.18694,1.1869,0.37,0.75
02.08.2021 00:30:07.647,1.18693,1.1869,0.37,0.75
02.08.2021 00:30:07.811,1.18694,1.1869,4.47,3.75
02.08.2021 00:30:08.742,1.18693,1.1869,0.75,0.75
02.08.2021 00:30:08.794,1.1869100000000001,1.18689,4.16,0.75
02.08.2021 00:30:08.895,1.1869100000000001,1.18688,0.37,0.75
02.08.2021 00:30:09.806,1.1869200000000002,1.18687,5.74,0.75
02.08.2021 00:30:09.927,1.1869100000000001,1.18687,0.75,0.94
02.08.2021 00:30:13.098,1.1869,1.18687,0.37,0.75
02.08.2021 00:30:13.199,1.1869100000000001,1.18687,1.12,0.75
02.08.2021 00:30:14.229,1.1869,1.18687,0.37,0.75
02.08.2021 00:30:14.431,1.1869,1.18686,0.37,3.82
02.08.2021 00:30:14.533,1.18689,1.18685,0.75,0.75
02.08.2021 00:30:14.634,1.18688,1.1868400000000001,0.1,0.75
02.08.2021 00:30:14.845,1.18687,1.1868400000000001,0.37,0.75
02.08.2021 00:30:15.300,1.18687,1.18683,4.72,0.75
02.08.2021 00:30:16.121,1.18686,1.18683,0.37,0.75
02.08.2021 00:30:16.339,1.18687,1.1868200000000002,5.29,0.82
02.08.2021 00:30:16.544,1.18686,1.1868200000000002,0.37,0.82
02.08.2021 00:30:21.054,1.18685,1.1868200000000002,0.37,0.75
02.08.2021 00:30:22.845,1.18685,1.18683,2.7,0.75
02.08.2021 00:30:23.098,1.18685,1.1868200000000002,4.09,0.75
02.08.2021 00:30:23.641,1.18683,1.18679,0.75,0.75
02.08.2021 00:30:25.133,1.1868400000000001,1.18679,1.12,1.95
02.08.2021 00:30:30.239,1.1868400000000001,1.1868,1.5,0.75
02.08.2021 00:30:30.340,1.1868200000000002,1.18679,4.91,1.57
02.08.2021 00:30:30.442,1.1868200000000002,1.18678,1.69,0.75
02.08.2021 00:30:30.493,1.1868100000000001,1.18676,1.5,3.82
02.08.2021 00:30:30.594,1.1868100000000001,1.18678,0.37,3
02.08.2021 00:30:30.695,1.1868200000000002,1.18678,1.12,3.75
02.08.2021 00:30:31.409,1.1868100000000001,1.18677,0.75,0.75
02.08.2021 00:30:32.036,1.1868,1.18676,0.75,0.75
02.08.2021 00:30:37.408,1.18677,1.18675,0.19,0.75
02.08.2021 00:30:37.459,1.18677,1.18673,0.75,0.75
02.08.2021 00:30:37.561,1.18676,1.1867200000000002,0.75,1.95
02.08.2021 00:30:37.864,1.18676,1.1867100000000002,1.5,0.82
02.08.2021 00:30:37.915,1.18673,1.1867100000000002,0.94,0.75
02.08.2021 00:30:37.966,1.18673,1.18669,1.69,0.45
02.08.2021 00:30:38.068,1.1867200000000002,1.18668,0.75,1.27
02.08.2021 00:30:38.169,1.1867100000000002,1.1866700000000001,0.75,0.1
02.08.2021 00:30:38.525,1.18673,1.18668,2.32,0.82
02.08.2021 00:30:38.727,1.1867200000000002,1.18668,1.5,0.1
02.08.2021 00:30:39.031,1.1867100000000002,1.18668,0.75,0.1
02.08.2021 00:30:39.132,1.1867100000000002,1.1866700000000001,0.75,0.1
02.08.2021 00:30:41.606,1.18669,1.18668,0.75,0.1
02.08.2021 00:30:41.708,1.1867,1.18666,1.12,0.1
02.08.2021 00:30:42.417,1.1867,1.18665,2.32,3.82
02.08.2021 00:30:42.934,1.18669,1.18665,1.5,3.82
02.08.2021 00:30:56.983,1.18669,1.18666,1.5,0.82
02.08.2021 00:30:57.244,1.18669,1.18665,2.81,0.1
02.08.2021 00:31:06.931,1.18669,1.18664,1.95,3.82
02.08.2021 00:31:11.022,1.1866700000000001,1.18665,0.75,4.57
02.08.2021 00:31:11.802,1.18668,1.18665,0.75,0.1
02.08.2021 00:31:14.616,1.18669,1.18664,1.95,5.02
02.08.2021 00:31:15.606,1.18668,1.18664,0.75,0.82
02.08.2021 00:31:16.014,1.18669,1.18664,1.95,3.82
02.08.2021 00:31:16.381,1.18668,1.18664,0.75,5.02
02.08.2021 00:31:25.018,1.18669,1.18665,1.95,0.75
02.08.2021 00:31:34.267,1.18669,1.18664,1.95,4.57
02.08.2021 00:31:35.840,1.18669,1.18665,1.87,0.1
02.08.2021 00:31:48.139,1.18668,1.18665,0.75,0.1
02.08.2021 00:31:48.249,1.18669,1.18665,1.87,0.1
02.08.2021 00:31:48.552,1.18669,1.18664,2.7,6.15
02.08.2021 00:31:48.856,1.18669,1.18665,1.87,0.1
02.08.2021 00:31:49.059,1.18669,1.18664,4.61,1.95
02.08.2021 00:31:49.375,1.18669,1.18665,1.57,0.37
02.08.2021 00:31:54.680,1.1867,1.18665,4.8,0.82
02.08.2021 00:31:54.782,1.18669,1.18665,0.75,0.82
02.08.2021 00:31:57.771,1.1867,1.18665,4.8,0.82
02.08.2021 00:32:00.603,1.18669,1.18665,0.37,0.82
02.08.2021 00:32:11.132,1.18669,1.18664,1.2,4.95
02.08.2021 00:32:12.035,1.18668,1.18664,0.37,4.57
02.08.2021 00:32:12.435,1.18669,1.18664,4.8,0.82
02.08.2021 00:32:12.555,1.1866700000000001,1.18665,0.37,0.82
02.08.2021 00:32:12.954,1.18668,1.18665,8.89,0.82
02.08.2021 00:32:13.156,1.18668,1.18664,0.37,0.82
02.08.2021 00:32:13.459,1.18669,1.18664,5.55,0.82
02.08.2021 00:32:15.666,1.18669,1.18665,0.82,0.75
02.08.2021 00:32:21.831,1.1867,1.18665,4.8,1.2
02.08.2021 00:32:21.951,1.18669,1.18665,0.37,0.82
02.08.2021 00:32:22.364,1.1867,1.18665,4.8,1.2
02.08.2021 00:32:22.471,1.18669,1.18665,0.37,0.82
02.08.2021 00:32:22.840,1.18669,1.18666,4.8,1.2
02.08.2021 00:32:22.942,1.18669,1.18665,0.37,0.82
02.08.2021 00:32:24.007,1.18668,1.18665,1.95,1.95
02.08.2021 00:32:27.958,1.18669,1.18665,1.95,0.75
02.08.2021 00:32:28.112,1.18669,1.18664,2.14,4.95
02.08.2021 00:32:28.458,1.18669,1.18665,1.95,0.75
02.08.2021 00:32:28.610,1.18669,1.18664,2.14,1.95
02.08.2021 00:32:28.954,1.18669,1.18665,1.95,0.75
02.08.2021 00:32:29.107,1.18669,1.18664,2.14,1.95
02.08.2021 00:32:29.310,1.18668,1.18664,0.37,1.57
02.08.2021 00:32:29.427,1.18669,1.18665,2.32,0.75
02.08.2021 00:32:29.629,1.18669,1.18664,2.14,1.95
02.08.2021 00:32:29.950,1.18669,1.18665,2.32,0.75
02.08.2021 00:32:30.152,1.18669,1.18664,2.14,4.95
02.08.2021 00:32:30.475,1.18669,1.18665,2.32,0.75
02.08.2021 00:32:30.677,1.18668,1.18664,1.12,0.82
02.08.2021 00:32:31.032,1.18668,1.18665,0.75,0.75
02.08.2021 00:32:32.575,1.18669,1.18665,1.57,0.75
02.08.2021 00:32:33.034,1.1867100000000002,1.1866700000000001,1.95,0.75
02.08.2021 00:32:33.135,1.1867100000000002,1.18666,4.8,1.57
02.08.2021 00:32:33.237,1.1867100000000002,1.1866700000000001,4.8,0.75
02.08.2021 00:32:33.338,1.1867100000000002,1.18666,2.14,1.57
02.08.2021 00:32:33.584,1.1867,1.18666,0.75,1.57
02.08.2021 00:32:36.863,1.1867,1.18665,2.89,1.57
02.08.2021 00:32:37.319,1.1867,1.18666,1.57,0.75
02.08.2021 00:32:38.455,1.1867,1.18665,1.95,5.14
02.08.2021 00:32:39.989,1.18669,1.18665,0.37,1.57
02.08.2021 00:32:40.388,1.1867,1.18665,2.32,1.57
02.08.2021 00:32:40.490,1.1867,1.18666,1.87,0.1
02.08.2021 00:32:41.158,1.1867,1.18665,2.89,4.57
02.08.2021 00:32:41.462,1.1867,1.18666,1.87,0.1
02.08.2021 00:32:41.837,1.18669,1.18666,1.95,1.57
02.08.2021 00:32:43.305,1.18669,1.18665,0.75,0.82
02.08.2021 00:32:43.534,1.1867,1.18665,2.89,0.82
02.08.2021 00:32:52.036,1.1867,1.18666,1.95,0.75
02.08.2021 00:32:52.138,1.1867,1.18665,1.95,4.57
02.08.2021 00:32:53.596,1.18669,1.1866700000000001,1.95,0.75
02.08.2021 00:32:55.197,1.18669,1.18666,0.37,0.75
02.08.2021 00:32:55.499,1.1867,1.18666,1.95,0.75
02.08.2021 00:32:55.655,1.18669,1.18666,0.37,0.75
02.08.2021 00:32:56.030,1.1867,1.18666,1.95,0.75
02.08.2021 00:32:56.177,1.18669,1.18666,0.37,0.75
02.08.2021 00:32:56.568,1.1867,1.18666,1.95,0.75
02.08.2021 00:32:56.741,1.18669,1.18666,0.37,0.75
02.08.2021 00:32:57.054,1.1867,1.18666,1.95,0.75
02.08.2021 00:32:57.227,1.18669,1.18666,0.37,0.75
02.08.2021 00:32:57.608,1.1867,1.18666,1.95,0.75
02.08.2021 00:32:57.735,1.18669,1.18666,0.37,0.75
02.08.2021 00:32:58.086,1.18669,1.1866700000000001,1.95,0.75
02.08.2021 00:32:58.250,1.18669,1.18666,0.37,0.75
02.08.2021 00:32:58.585,1.1867,1.18666,1.95,0.75
02.08.2021 00:32:58.771,1.18669,1.18666,0.37,0.75
02.08.2021 00:32:59.085,1.1867,1.18666,1.95,0.75
02.08.2021 00:32:59.756,1.1867,1.18665,5.55,1.57
02.08.2021 00:33:00.752,1.1867,1.18666,1.87,0.1
02.08.2021 00:33:04.699,1.18669,1.18666,0.75,0.82
02.08.2021 00:33:05.353,1.1867,1.18666,1.87,0.82
02.08.2021 00:33:05.877,1.18669,1.18666,0.75,0.82
02.08.2021 00:33:22.146,1.18669,1.18665,0.75,4.57
02.08.2021 00:33:22.550,1.18668,1.1866700000000001,0.75,0.1
02.08.2021 00:33:26.291,1.18669,1.18665,0.75,1.57
02.08.2021 00:33:26.749,1.18669,1.18666,0.75,0.1
02.08.2021 00:33:26.853,1.18668,1.18666,0.75,4.57
02.08.2021 00:33:27.256,1.18669,1.18666,0.75,0.1
02.08.2021 00:33:28.914,1.18668,1.18666,0.75,4.57
02.08.2021 00:33:29.247,1.18669,1.18666,0.75,0.1
02.08.2021 00:33:29.400,1.18669,1.18665,0.75,4.57
02.08.2021 00:33:29.780,1.18669,1.18666,0.75,0.1
02.08.2021 00:33:29.946,1.18669,1.18665,0.75,4.57
02.08.2021 00:33:30.278,1.18669,1.18666,0.75,0.1
02.08.2021 00:33:30.480,1.18669,1.18665,0.75,4.57
02.08.2021 00:33:30.783,1.18669,1.18666,0.75,0.1
02.08.2021 00:33:30.986,1.18669,1.18665,0.75,4.57
02.08.2021 00:33:31.322,1.18668,1.1866700000000001,0.75,0.1
02.08.2021 00:33:31.423,1.18669,1.18665,0.75,1.57
02.08.2021 00:33:33.417,1.18669,1.18666,0.75,0.75
02.08.2021 00:33:41.200,1.1867,1.18666,1.5,1.2
02.08.2021 00:33:57.854,1.1867100000000002,1.1866700000000001,4.72,1.57
02.08.2021 00:33:57.956,1.1867400000000001,1.18669,4.92,5.32
02.08.2021 00:33:58.007,1.1867400000000001,1.1867100000000002,0.82,0.75
02.08.2021 00:33:58.159,1.18676,1.1867200000000002,1.12,0.75
02.08.2021 00:33:58.412,1.18678,1.18673,3.41,1.57
02.08.2021 00:33:58.514,1.18679,1.1867400000000001,3.19,1.57
02.08.2021 00:33:58.617,1.18679,1.18677,1.5,3.75
02.08.2021 00:33:58.719,1.1868100000000001,1.18676,2.06,0.75
02.08.2021 00:33:58.821,1.1868100000000001,1.18677,1.31,0.75
02.08.2021 00:34:07.142,1.1868100000000001,1.18676,0.94,3.82
02.08.2021 00:34:08.978,1.1868100000000001,1.18677,0.19,0.75
02.08.2021 00:34:09.080,1.1868400000000001,1.18679,7.28,0.75
02.08.2021 00:34:09.283,1.18685,1.1868100000000001,6.72,0.75
02.08.2021 00:34:09.437,1.18686,1.1868100000000001,5.1,0.75
02.08.2021 00:34:09.741,1.18686,1.1868200000000002,3.6,0.75
02.08.2021 00:34:10.308,1.18687,1.1868200000000002,4.54,0.75
02.08.2021 00:34:11.224,1.18687,1.18683,1.12,3.75
02.08.2021 00:34:12.275,1.18687,1.1868200000000002,5.47,1.5
02.08.2021 00:34:12.376,1.18686,1.1868200000000002,2.85,0.75
02.08.2021 00:34:14.119,1.18687,1.1868200000000002,2.06,0.75
02.08.2021 00:34:14.272,1.18685,1.18683,2.66,0.75
02.08.2021 00:34:14.424,1.18687,1.18683,1.5,3.75
02.08.2021 00:34:14.627,1.18687,1.18685,0.75,0.75
02.08.2021 00:34:19.568,1.18687,1.18683,1.31,0.75
02.08.2021 00:34:24.224,1.18688,1.18683,0.75,3.75
02.08.2021 00:34:24.325,1.18689,1.1868400000000001,5.85,0.75
02.08.2021 00:34:29.520,1.18687,1.18683,0.94,0.75
02.08.2021 00:34:29.775,1.18686,1.18683,2.66,0.75
02.08.2021 00:34:29.924,1.18687,1.18683,2.06,0.75
02.08.2021 00:34:30.026,1.18686,1.1868200000000002,2.66,0.75
02.08.2021 00:34:30.542,1.18687,1.1868200000000002,4.16,0.82
02.08.2021 00:34:30.644,1.18686,1.1868400000000001,4.16,0.75
02.08.2021 00:34:34.117,1.18687,1.1868200000000002,4.54,0.82
02.08.2021 00:34:40.539,1.18687,1.18683,3.79,0.75
02.08.2021 00:34:45.909,1.18687,1.1868200000000002,3.41,0.82
02.08.2021 00:34:55.352,1.18686,1.1868200000000002,0.75,0.75
02.08.2021 00:34:58.873,1.18688,1.18683,1.5,0.82
02.08.2021 00:34:58.975,1.18687,1.18685,0.75,0.75
02.08.2021 00:34:59.508,1.18689,1.1868400000000001,5.29,0.75
02.08.2021 00:35:11.414,1.18686,1.1868200000000002,0.19,0.75
02.08.2021 00:35:23.233,1.18685,1.1868100000000001,0.94,0.75
02.08.2021 00:35:24.567,1.18686,1.1868100000000001,8.89,0.75
02.08.2021 00:35:24.821,1.18686,1.1868200000000002,3.22,0.75
02.08.2021 00:35:25.952,1.18687,1.1868200000000002,5.47,0.75
02.08.2021 00:35:27.868,1.18686,1.1868200000000002,0.56,0.75
02.08.2021 00:35:47.085,1.18687,1.1868200000000002,5.47,0.75
02.08.2021 00:35:47.275,1.18686,1.1868200000000002,0.75,0.75
02.08.2021 00:35:50.624,1.18686,1.1868100000000001,4.35,0.75
02.08.2021 00:36:13.935,1.18687,1.1868200000000002,5.1,0.75
02.08.2021 00:36:14.036,1.18688,1.1868200000000002,9.22,4.57
02.08.2021 00:36:14.138,1.18687,1.1868200000000002,3.97,0.75
02.08.2021 00:36:20.650,1.18687,1.1868100000000001,3.97,7.27
02.08.2021 00:36:27.219,1.18686,1.1868100000000001,2.66,2.32
02.08.2021 00:36:30.333,1.18687,1.1868100000000001,5.1,5.32
02.08.2021 00:36:37.495,1.18686,1.1868100000000001,2.85,0.75
02.08.2021 00:37:10.920,1.18685,1.1868,0.94,3.75
02.08.2021 00:37:12.051,1.18686,1.1868,5.47,3.82
02.08.2021 00:37:22.708,1.18686,1.1868100000000001,1.5,3.75
02.08.2021 00:37:34.357,1.18688,1.1868400000000001,0.75,1.2
02.08.2021 00:37:34.459,1.1869,1.18685,1.69,3
02.08.2021 00:37:34.561,1.1869100000000001,1.18686,5.78,0.75
02.08.2021 00:37:38.401,1.1869100000000001,1.18688,0.19,0.75
02.08.2021 00:37:40.823,1.1869100000000001,1.18687,0.19,0.75
02.08.2021 00:37:40.924,1.1869200000000002,1.18687,4.72,0.75
02.08.2021 00:37:45.119,1.1869100000000001,1.18687,0.19,0.75
02.08.2021 00:37:45.221,1.18689,1.18687,0.19,0.82
02.08.2021 00:37:45.486,1.18689,1.18686,0.19,5.7
02.08.2021 00:37:45.783,1.18688,1.1868400000000001,1.31,1.5
02.08.2021 00:37:45.885,1.18689,1.18685,0.19,0.75
02.08.2021 00:37:46.037,1.18689,1.1868400000000001,0.19,5.32
02.08.2021 00:37:46.242,1.18689,1.18685,0.19,3.75
02.08.2021 00:37:48.326,1.1869,1.18685,0.94,0.75
02.08.2021 00:37:48.878,1.1869,1.18686,0.19,0.75
02.08.2021 00:37:48.980,1.1869100000000001,1.18686,0.94,0.82
02.08.2021 00:37:55.485,1.18693,1.18689,2.66,1.57
02.08.2021 00:37:55.586,1.18694,1.1869,0.19,0.75
02.08.2021 00:37:57.138,1.18695,1.1869100000000001,0.19,0.75
02.08.2021 00:38:00.892,1.18694,1.1869100000000001,0.19,1.5
02.08.2021 00:38:05.296,1.18695,1.1869100000000001,0.19,1.5
02.08.2021 00:38:11.958,1.18696,1.1869100000000001,0.75,1.5
02.08.2021 00:38:12.059,1.18697,1.1869200000000002,2.81,3
02.08.2021 00:38:17.331,1.18697,1.18693,1.12,0.75
02.08.2021 00:38:21.713,1.18698,1.18693,5.1,0.75
02.08.2021 00:38:23.983,1.187,1.18695,1.5,1.57
02.08.2021 00:38:24.085,1.1870100000000001,1.18696,8.25,1.69
02.08.2021 00:38:24.187,1.1870200000000002,1.18698,0.75,3
02.08.2021 00:38:24.288,1.18703,1.18699,0.37,0.75
02.08.2021 00:38:24.390,1.18704,1.18699,1.69,4.5
02.08.2021 00:38:40.797,1.1870500000000002,1.187,1.5,1.12
02.08.2021 00:38:40.899,1.18706,1.187,2.7,3
02.08.2021 00:38:41.001,1.1870500000000002,1.187,2.66,3.07
02.08.2021 00:38:44.721,1.18706,1.1870200000000002,5.29,0.75
02.08.2021 00:38:44.823,1.18707,1.18703,2.66,1.2
02.08.2021 00:38:44.874,1.18709,1.18704,6.42,1.5
02.08.2021 00:38:44.975,1.1871,1.1870500000000002,1.12,0.37
02.08.2021 00:38:45.077,1.18711,1.18706,4.54,0.37
02.08.2021 00:38:54.085,1.1871200000000002,1.18706,4.61,1.87
02.08.2021 00:38:55.239,1.18711,1.18706,0.37,1.87
02.08.2021 00:38:56.809,1.1871200000000002,1.18706,5.36,1.87
02.08.2021 00:38:57.447,1.18711,1.18706,0.37,1.87
02.08.2021 00:38:57.854,1.1871,1.18706,0.37,0.75
02.08.2021 00:38:58.006,1.18711,1.18706,3.86,0.75
02.08.2021 00:38:58.511,1.18713,1.1871,2.66,1.87
02.08.2021 00:38:58.613,1.1871200000000002,1.18708,0.37,4.91
02.08.2021 00:38:58.715,1.18711,1.18707,2.66,0.75
02.08.2021 00:38:58.816,1.1871200000000002,1.18707,0.37,0.75
02.08.2021 00:39:01.291,1.18713,1.1871,0.75,1.31
02.08.2021 00:39:01.393,1.1871500000000001,1.1871,4.91,1.12
02.08.2021 00:39:01.596,1.18714,1.1871,2.66,1.12
02.08.2021 00:39:01.748,1.1871500000000001,1.1871,2.25,1.12
02.08.2021 00:39:03.009,1.18714,1.18709,0.75,1.95
02.08.2021 00:39:03.111,1.18713,1.18709,2.66,1.95
02.08.2021 00:39:03.214,1.18714,1.18709,0.75,1.87
02.08.2021 00:39:05.040,1.18714,1.1871,3.79,1.2
02.08.2021 00:39:05.091,1.1871,1.18708,0.37,1.95
02.08.2021 00:39:05.243,1.18711,1.1870500000000002,1.69,1.2
02.08.2021 00:39:06.730,1.18711,1.18706,5.1,0.75
02.08.2021 00:39:06.832,1.18711,1.1870500000000002,5.1,4.2
02.08.2021 00:39:06.933,1.18711,1.18706,5.1,0.75
02.08.2021 00:39:10.673,1.18711,1.18707,0.75,0.37
02.08.2021 00:39:10.852,1.1871200000000002,1.18707,4.54,0.37
02.08.2021 00:39:11.271,1.18711,1.18707,4.54,4.95
02.08.2021 00:39:12.731,1.18711,1.18706,0.37,4.95
02.08.2021 00:39:14.535,1.1871200000000002,1.18706,4.35,4.95
02.08.2021 00:39:14.998,1.1871200000000002,1.18707,3.04,0.75
02.08.2021 00:39:17.509,1.18711,1.18707,2.66,0.75
02.08.2021 00:39:22.112,1.18707,1.1870500000000002,0.94,0.75
02.08.2021 00:39:22.163,1.18707,1.18703,1.31,5.36
02.08.2021 00:39:22.265,1.1870500000000002,1.1870200000000002,0.37,8.62
02.08.2021 00:39:26.220,1.18706,1.1870200000000002,2.66,0.37
02.08.2021 00:39:26.321,1.18707,1.1870200000000002,4.91,0.37
02.08.2021 00:39:41.118,1.18706,1.1870200000000002,0.37,1.5
02.08.2021 00:39:53.299,1.18707,1.1870200000000002,4.61,1.5
02.08.2021 00:40:00.862,1.18706,1.1870200000000002,0.1,1.5
02.08.2021 00:40:01.306,1.18707,1.1870200000000002,4.61,1.5
02.08.2021 00:40:01.408,1.18706,1.1870200000000002,0.1,1.5
02.08.2021 00:40:01.527,1.18707,1.1870200000000002,4.61,1.5
02.08.2021 00:40:01.661,1.18706,1.1870200000000002,0.1,0.75
02.08.2021 00:40:02.332,1.18707,1.1870200000000002,6.79,0.75
02.08.2021 00:40:04.770,1.18706,1.1870200000000002,0.37,0.75
02.08.2021 00:40:05.096,1.18707,1.1870200000000002,6.04,1.12
02.08.2021 00:40:09.055,1.1870500000000002,1.18703,2.74,1.12
02.08.2021 00:40:11.279,1.18706,1.18703,3.49,0.75
02.08.2021 00:40:11.381,1.18706,1.1870200000000002,3.49,0.75
02.08.2021 00:40:11.781,1.1870500000000002,1.1870100000000001,3.67,1.12
02.08.2021 00:40:11.882,1.18704,1.1870100000000001,0.1,0.75
02.08.2021 00:40:11.984,1.1870500000000002,1.1870100000000001,3.6,0.75
02.08.2021 00:40:17.429,1.18706,1.1870100000000001,3.04,1.31
02.08.2021 00:40:17.541,1.18707,1.1870200000000002,4.61,1.12
02.08.2021 00:40:20.643,1.18706,1.1870200000000002,0.1,0.75
02.08.2021 00:40:21.287,1.18707,1.1870200000000002,6.3,0.75
02.08.2021 00:40:21.388,1.18706,1.1870200000000002,0.1,0.75
02.08.2021 00:40:24.582,1.18707,1.1870200000000002,7.12,0.75
02.08.2021 00:40:24.683,1.18706,1.1870200000000002,0.83,0.75
02.08.2021 00:40:26.114,1.1870500000000002,1.1870100000000001,0.1,0.75
02.08.2021 00:40:26.230,1.1870500000000002,1.1870200000000002,5.55,0.75
02.08.2021 00:40:36.851,1.18706,1.1870200000000002,6.19,1.12
02.08.2021 00:40:37.120,1.18706,1.1870100000000001,0.1,1.12
02.08.2021 00:40:40.522,1.18707,1.1870100000000001,5.44,1.87
02.08.2021 00:40:40.762,1.18706,1.1870100000000001,0.37,5.62
02.08.2021 00:40:45.693,1.1870500000000002,1.1870100000000001,0.83,2.62
02.08.2021 00:40:45.794,1.18706,1.1870100000000001,1.2,5.62
02.08.2021 00:40:47.092,1.18707,1.1870100000000001,3.86,5.89
02.08.2021 00:40:50.406,1.18707,1.1870200000000002,2.66,2.14
02.08.2021 00:40:50.507,1.18707,1.18703,0.83,0.75
02.08.2021 00:40:50.608,1.18708,1.18703,8.25,0.75
02.08.2021 00:40:50.861,1.18707,1.18703,3.49,0.75
02.08.2021 00:40:51.013,1.18707,1.1870200000000002,3.49,1.12
02.08.2021 00:40:52.417,1.18706,1.1870200000000002,0.1,0.75
02.08.2021 00:40:52.519,1.18707,1.1870200000000002,1.2,0.75
02.08.2021 00:40:53.563,1.18706,1.1870100000000001,0.1,5.89
02.08.2021 00:40:54.605,1.18707,1.1870100000000001,5.55,5.7
02.08.2021 00:40:54.707,1.18706,1.1870100000000001,0.1,5.7
02.08.2021 00:40:54.896,1.18707,1.1870100000000001,5.55,5.7
02.08.2021 00:40:54.998,1.18706,1.1870100000000001,0.1,5.7
02.08.2021 00:40:55.440,1.18707,1.1870100000000001,5.55,5.7
02.08.2021 00:40:56.369,1.18707,1.18703,4.24,0.37
02.08.2021 00:40:56.471,1.18706,1.1870200000000002,0.1,1.12
02.08.2021 00:40:56.572,1.18707,1.1870200000000002,1.95,1.12
02.08.2021 00:41:03.558,1.18706,1.1870200000000002,0.1,0.75
02.08.2021 00:41:03.660,1.18706,1.1870100000000001,2.74,2.7
02.08.2021 00:41:03.807,1.18707,1.1870100000000001,5.55,5.7
02.08.2021 00:41:06.585,1.18706,1.1870100000000001,0.37,5.7
02.08.2021 00:41:07.663,1.18707,1.1870100000000001,4.61,5.89
02.08.2021 00:41:08.156,1.18706,1.1870100000000001,0.37,5.89
02.08.2021 00:41:13.576,1.18707,1.1870200000000002,5.36,0.37
02.08.2021 00:41:14.270,1.18706,1.1870200000000002,0.75,0.75
02.08.2021 00:41:14.372,1.18707,1.1870200000000002,4.54,0.75
02.08.2021 00:41:18.505,1.18707,1.1870100000000001,4.61,5.81
02.08.2021 00:41:22.823,1.18706,1.1870100000000001,0.1,5.81
02.08.2021 00:41:23.608,1.18707,1.1870100000000001,3.86,6.64
02.08.2021 00:41:25.481,1.18707,1.1870200000000002,4.61,0.37
02.08.2021 00:41:29.358,1.18706,1.1870200000000002,0.75,0.37
02.08.2021 00:41:29.460,1.18706,1.1870100000000001,3.86,0.75
02.08.2021 00:41:48.241,1.18707,1.1870100000000001,4.61,5.89
02.08.2021 00:41:53.125,1.18706,1.1870100000000001,3.49,2.62
02.08.2021 00:42:02.694,1.18704,1.1870100000000001,0.75,2.25
02.08.2021 00:42:02.796,1.1870500000000002,1.187,0.45,6.37
02.08.2021 00:42:02.897,1.1870500000000002,1.1870200000000002,4.61,0.37
02.08.2021 00:42:30.438,1.18707,1.1870100000000001,5.36,4.57
02.08.2021 00:42:36.733,1.1870500000000002,1.1870200000000002,0.1,1.12
02.08.2021 00:42:44.821,1.18707,1.1870100000000001,4.61,1.2
02.08.2021 00:42:48.086,1.18706,1.1870100000000001,0.37,1.2
02.08.2021 00:42:59.539,1.18706,1.1870200000000002,2.74,0.37
02.08.2021 00:42:59.951,1.18706,1.1870100000000001,2.74,1.12
02.08.2021 00:43:00.580,1.1870500000000002,1.18703,0.1,0.37
02.08.2021 00:43:01.378,1.18706,1.1870100000000001,0.1,3.75
02.08.2021 00:43:04.368,1.18706,1.187,2.74,6.26
02.08.2021 00:43:06.092,1.18707,1.1870100000000001,4.99,5.7
02.08.2021 00:43:06.788,1.1870500000000002,1.1870200000000002,2.66,1.95
02.08.2021 00:43:10.833,1.18707,1.1870100000000001,4.61,4.95
02.08.2021 00:43:17.137,1.18706,1.1870100000000001,2.66,0.82
02.08.2021 00:43:20.287,1.18707,1.1870100000000001,6.86,3.82
02.08.2021 00:43:20.389,1.18706,1.1870100000000001,2.66,0.82
02.08.2021 00:44:12.375,1.18707,1.1870100000000001,4.61,7.39
02.08.2021 00:44:15.064,1.18706,1.1870100000000001,0.1,7.16
02.08.2021 00:44:18.954,1.18707,1.1870100000000001,4.61,1.57
02.08.2021 00:44:20.376,1.18706,1.1870100000000001,0.82,1.5
02.08.2021 00:44:44.828,1.18706,1.187,2.7,4.2
02.08.2021 00:45:12.837,1.1870200000000002,1.18698,0.75,0.45
02.08.2021 00:45:12.939,1.18703,1.18698,1.69,2.02
02.08.2021 00:45:13.041,1.1870100000000001,1.18696,0.75,5.89
02.08.2021 00:45:13.749,1.187,1.18696,4.61,6.64
02.08.2021 00:45:15.732,1.187,1.18694,3.45,4.01
02.08.2021 00:45:15.834,1.18696,1.1869200000000002,0.75,6.26
02.08.2021 00:45:16.355,1.18696,1.1869100000000001,0.75,5.14
02.08.2021 00:45:16.608,1.18695,1.18693,0.75,0.37
02.08.2021 00:45:17.012,1.18696,1.1869100000000001,0.75,1.39
02.08.2021 00:45:18.372,1.18696,1.18693,0.75,0.37
02.08.2021 00:45:18.632,1.18695,1.1869100000000001,0.75,0.37
02.08.2021 00:45:20.256,1.18695,1.1869,0.75,4.57
02.08.2021 00:45:20.459,1.18694,1.18689,3.41,6.11
02.08.2021 00:45:20.561,1.18694,1.1869,3.41,0.37
02.08.2021 00:45:21.843,1.18694,1.18689,0.75,4.76
02.08.2021 00:45:22.488,1.18694,1.1869,0.75,0.75
02.08.2021 00:45:23.055,1.1869200000000002,1.18689,0.75,3
02.08.2021 00:45:23.157,1.1869200000000002,1.18688,4.05,4.91
02.08.2021 00:45:23.259,1.1869100000000001,1.18686,0.75,0.1
02.08.2021 00:45:28.917,1.1869100000000001,1.18685,3.45,5.14
02.08.2021 00:45:29.449,1.1869,1.18685,4.09,4.2
02.08.2021 00:45:29.863,1.1869100000000001,1.18685,8.25,4.2
02.08.2021 00:45:32.932,1.1869100000000001,1.18686,6.04,0.1
02.08.2021 00:45:37.019,1.1869100000000001,1.18687,0.75,0.1
02.08.2021 00:45:37.120,1.1869100000000001,1.18686,0.75,3.26
02.08.2021 00:45:39.046,1.1869,1.18686,0.75,0.75
02.08.2021 00:45:40.409,1.1869,1.18685,0.75,3.64
02.08.2021 00:45:52.005,1.1869,1.18686,1.5,1.01
02.08.2021 00:45:52.106,1.1869,1.18688,4.84,0.45
02.08.2021 00:45:52.768,1.1869100000000001,1.18686,0.75,4.76
02.08.2021 00:45:53.175,1.1869200000000002,1.18687,2.25,0.1
02.08.2021 00:45:53.429,1.1869100000000001,1.18687,0.75,0.1
02.08.2021 00:45:54.437,1.1869100000000001,1.18686,3.41,1.76
02.08.2021 00:45:54.971,1.1869100000000001,1.18685,7.24,3.64
02.08.2021 00:45:55.073,1.1869,1.18685,4.09,3.64
02.08.2021 00:45:55.225,1.1869100000000001,1.18685,11.33,3.64
02.08.2021 00:45:55.459,1.1869,1.18685,4.09,3.64
02.08.2021 00:45:55.953,1.1869100000000001,1.18685,7.24,3.64
02.08.2021 00:45:57.413,1.1869100000000001,1.18689,1.95,0.37
02.08.2021 00:45:57.565,1.18694,1.18689,8.63,0.45
02.08.2021 00:45:57.666,1.18695,1.18689,10.39,4.57
02.08.2021 00:45:57.768,1.18695,1.1869,2.7,3
02.08.2021 00:45:58.064,1.18696,1.1869,6.11,3.82
02.08.2021 00:46:01.057,1.18695,1.1869,0.75,3.82
02.08.2021 00:46:01.159,1.18695,1.18689,4.99,5.51
02.08.2021 00:46:01.313,1.18695,1.1869,4.16,0.1
02.08.2021 00:46:04.562,1.18697,1.1869200000000002,10.01,0.75
02.08.2021 00:46:04.663,1.18694,1.1869100000000001,4.16,0.1
02.08.2021 00:46:04.866,1.18696,1.1869100000000001,1.5,1.01
02.08.2021 00:46:08.784,1.18694,1.1869100000000001,0.75,5.14
02.08.2021 00:46:08.885,1.18696,1.1869,4.99,5.14
02.08.2021 00:46:09.139,1.18694,1.1869,0.75,3
02.08.2021 00:46:09.240,1.18694,1.18689,1.12,4.57
02.08.2021 00:46:09.831,1.18695,1.18689,4.61,7.01
02.08.2021 00:46:10.185,1.18695,1.1869,4.54,0.82
02.08.2021 00:46:11.583,1.18696,1.1869100000000001,3.07,3
02.08.2021 00:46:12.463,1.18695,1.1869100000000001,3.07,5.14
02.08.2021 00:46:12.848,1.18695,1.1869,1.5,3.82
02.08.2021 00:46:14.075,1.18696,1.1869,5.36,4.57
02.08.2021 00:46:16.325,1.18695,1.1869,0.75,4.57
02.08.2021 00:46:18.075,1.18696,1.1869,5.36,5.32
02.08.2021 00:46:18.244,1.18696,1.1869100000000001,5.29,0.1
02.08.2021 00:46:18.696,1.18696,1.1869,5.36,5.7
02.08.2021 00:46:21.501,1.18696,1.1869100000000001,5.29,0.1
02.08.2021 00:46:24.221,1.18697,1.18693,1.5,0.82
02.08.2021 00:46:24.323,1.18698,1.18694,4.09,0.64
02.08.2021 00:46:24.425,1.18699,1.18694,5.29,0.1
02.08.2021 00:46:24.526,1.18698,1.18693,3.41,2.89
02.08.2021 00:46:26.283,1.18699,1.18695,5.29,0.82
02.08.2021 00:46:26.486,1.18699,1.18696,1.5,0.1
02.08.2021 00:46:26.739,1.18698,1.18694,1.12,0.82
02.08.2021 00:46:26.841,1.18698,1.18693,4.16,1.57
02.08.2021 00:46:26.943,1.18697,1.18693,0.75,1.57
02.08.2021 00:46:27.502,1.18698,1.18694,0.75,1.12
02.08.2021 00:46:27.604,1.18699,1.18694,1.87,4.39
02.08.2021 00:46:28.120,1.18698,1.18693,2.66,3.64
02.08.2021 00:46:28.273,1.18697,1.1869200000000002,4.99,0.45
02.08.2021 00:46:28.375,1.18696,1.1869100000000001,0.75,5.14
02.08.2021 00:46:39.284,1.18695,1.1869100000000001,5.36,3.82
02.08.2021 00:46:39.386,1.18694,1.1869100000000001,0.1,0.75
02.08.2021 00:46:39.740,1.18695,1.18689,2.32,4.57
02.08.2021 00:46:39.980,1.18695,1.1869,2.7,3
02.08.2021 00:46:51.017,1.18695,1.1869100000000001,0.75,0.1
02.08.2021 00:46:51.119,1.18696,1.1869100000000001,1.87,3.07
02.08.2021 00:46:51.220,1.18695,1.1869100000000001,0.75,0.1
02.08.2021 00:46:51.526,1.18696,1.1869100000000001,4.91,0.1
02.08.2021 00:46:51.628,1.18695,1.1869100000000001,0.75,0.1
02.08.2021 00:46:51.731,1.18695,1.1869,0.75,5.7
02.08.2021 00:46:52.487,1.18694,1.1869,0.75,1.5
02.08.2021 00:46:53.269,1.18694,1.18689,0.75,4.39
02.08.2021 00:46:53.422,1.18694,1.1869,0.75,3
02.08.2021 00:46:54.134,1.1869200000000002,1.18687,1.5,0.1
02.08.2021 00:46:54.236,1.1869200000000002,1.18686,4.61,6.34
02.08.2021 00:46:54.878,1.1869100000000001,1.18686,0.75,2.14
02.08.2021 00:46:56.032,1.1869,1.18685,0.75,4.39
02.08.2021 00:46:56.761,1.18689,1.1868400000000001,0.75,5.14
02.08.2021 00:46:56.925,1.18689,1.18685,0.75,0.75
02.08.2021 00:47:02.780,1.1869,1.18685,0.75,4.01
02.08.2021 00:47:03.000,1.1869100000000001,1.18686,5.29,0.1
02.08.2021 00:47:03.641,1.18689,1.18687,0.75,0.1
02.08.2021 00:47:03.742,1.1869,1.18685,0.82,1.31
02.08.2021 00:47:29.264,1.18689,1.18685,0.75,0.75
02.08.2021 00:47:29.366,1.18689,1.1868400000000001,0.75,5.51
02.08.2021 00:47:38.239,1.18686,1.1868100000000001,3.19,8.06
02.08.2021 00:47:38.811,1.18686,1.1868,5.17,4.95
02.08.2021 00:47:38.963,1.18685,1.1868,0.75,4.95
02.08.2021 00:47:40.577,1.18685,1.1868100000000001,4.84,0.94
02.08.2021 00:47:40.931,1.18686,1.1868100000000001,3.49,0.94
02.08.2021 00:47:41.310,1.18687,1.18683,0.75,4.01
02.08.2021 00:47:41.513,1.18686,1.1868,4.61,7.46
02.08.2021 00:47:44.899,1.18685,1.1868,0.75,5.14
02.08.2021 00:47:51.611,1.1868400000000001,1.18679,1.5,2.51
02.08.2021 00:47:58.155,1.1868200000000002,1.18677,1.2,8.36
02.08.2021 00:47:58.258,1.1868100000000001,1.18677,0.75,0.45
02.08.2021 00:47:58.360,1.1868100000000001,1.18676,1.57,3.75
02.08.2021 00:47:58.654,1.1868,1.18676,2.66,0.75
02.08.2021 00:47:58.839,1.18679,1.18676,3.49,0.94
02.08.2021 00:48:00.109,1.18679,1.18675,2.66,0.75
02.08.2021 00:48:00.311,1.18679,1.18676,4.24,0.75
02.08.2021 00:48:19.373,1.18678,1.18675,2.66,2.14
02.08.2021 00:48:23.440,1.1868,1.1867400000000001,5.74,5.14
02.08.2021 00:48:24.734,1.1868,1.18675,4.24,0.75
02.08.2021 00:48:24.886,1.1868,1.18676,1.5,3
02.08.2021 00:48:25.667,1.1868,1.18678,1.12,1.5
02.08.2021 00:48:29.052,1.1868,1.18676,3.41,0.19
02.08.2021 00:48:29.153,1.1868,1.18675,3.41,2.89
02.08.2021 00:48:29.609,1.18679,1.18675,4.09,2.89
02.08.2021 00:48:29.912,1.18679,1.18676,3.41,2.51
02.08.2021 00:48:30.014,1.1868,1.18676,3.41,1.01
02.08.2021 00:48:30.117,1.1868,1.18677,0.75,0.75
02.08.2021 00:48:30.218,1.1868100000000001,1.18677,0.75,3
02.08.2021 00:48:30.422,1.1868100000000001,1.18676,1.12,4.76
02.08.2021 00:48:32.078,1.1868,1.18676,0.75,4.69
02.08.2021 00:48:32.179,1.1868,1.18675,3.41,3.64
02.08.2021 00:48:40.972,1.1868,1.18676,0.75,0.75
02.08.2021 00:48:47.509,1.1868,1.18675,0.75,3.26
02.08.2021 00:49:00.101,1.18679,1.1867400000000001,2.89,0.75
02.08.2021 00:49:00.152,1.18678,1.1867200000000002,2.7,10.46
02.08.2021 00:49:00.253,1.18678,1.18673,3.86,0.75
02.08.2021 00:49:01.752,1.18678,1.18675,6.75,1.2
02.08.2021 00:49:01.854,1.1868,1.1867400000000001,9.15,1.2
02.08.2021 00:49:09.571,1.18679,1.1867400000000001,2.66,2.32
02.08.2021 00:49:12.266,1.1868,1.1867400000000001,5.36,5.32
02.08.2021 00:49:16.378,1.18679,1.1867400000000001,2.66,2.32
02.08.2021 00:49:17.138,1.1868,1.1867400000000001,4.61,5.32
02.08.2021 00:49:19.751,1.18679,1.1867400000000001,0.75,5.32
02.08.2021 00:49:27.315,1.1868,1.1867400000000001,4.61,5.32
02.08.2021 00:49:34.051,1.1868,1.18675,1.57,0.75
02.08.2021 00:49:39.480,1.1868,1.1867400000000001,4.99,6.26
02.08.2021 00:49:41.436,1.1868,1.18675,1.5,0.1
02.08.2021 00:49:54.955,1.18679,1.18675,0.75,0.75
02.08.2021 00:49:58.458,1.18679,1.1867400000000001,0.75,4.01
02.08.2021 00:49:58.660,1.18679,1.18675,0.75,0.1
02.08.2021 00:50:02.484,1.18679,1.18676,0.75,3
02.08.2021 00:50:03.001,1.18679,1.18675,0.75,3.26
02.08.2021 00:50:03.212,1.18679,1.18676,0.75,0.75
02.08.2021 00:50:03.491,1.18679,1.18675,0.75,8.55
02.08.2021 00:50:13.547,1.1868,1.18675,0.75,3.26
02.08.2021 00:50:15.754,1.1868,1.18676,3.41,0.75
02.08.2021 00:50:15.859,1.1868,1.18675,3.41,3.26
02.08.2021 00:50:30.715,1.18679,1.18675,4.24,7.01
02.08.2021 00:50:36.749,1.1868,1.18675,1.57,0.94
02.08.2021 00:50:37.404,1.1868,1.1867400000000001,4.24,6.26
02.08.2021 00:50:42.278,1.18679,1.18676,4.24,0.94
02.08.2021 00:50:49.421,1.18678,1.1867400000000001,1.5,0.37
02.08.2021 00:50:49.472,1.18676,1.1867100000000002,0.75,6.71
02.08.2021 00:50:57.149,1.18677,1.1867200000000002,2.7,0.19
02.08.2021 00:50:59.851,1.18679,1.1867400000000001,4.54,1.76
02.08.2021 00:50:59.952,1.18679,1.18675,0.45,0.75
02.08.2021 00:51:01.786,1.1868,1.18675,4.61,1.31
02.08.2021 00:51:02.445,1.1868,1.1867400000000001,5.36,6.26
02.08.2021 00:51:02.597,1.18679,1.1867400000000001,0.37,2.51
02.08.2021 00:51:02.729,1.1868,1.18675,4.61,0.19
02.08.2021 00:51:02.830,1.1868,1.1867400000000001,1.95,7.76
02.08.2021 00:51:02.932,1.1868,1.18675,1.95,1.69
02.08.2021 00:51:03.496,1.18679,1.18677,1.87,0.94
02.08.2021 00:51:03.597,1.1868,1.18675,0.37,4.01
02.08.2021 00:51:03.699,1.1868,1.18676,0.37,0.94
02.08.2021 00:51:03.820,1.1868,1.18675,0.37,4.01
02.08.2021 00:51:08.956,1.18679,1.18675,2.66,1.87
02.08.2021 00:51:11.186,1.1868100000000001,1.18675,4.42,1.87
02.08.2021 00:51:13.552,1.1868,1.18675,2.66,1.95
02.08.2021 00:51:14.624,1.18678,1.18676,2.66,2.89
02.08.2021 00:51:14.980,1.18679,1.18676,2.66,2.51
02.08.2021 00:51:15.082,1.18678,1.18676,2.66,2.51
02.08.2021 00:51:18.243,1.1868,1.18675,2.66,3.26
02.08.2021 00:51:18.728,1.1868100000000001,1.18675,4.61,6.64
02.08.2021 00:51:20.851,1.1868,1.18675,2.66,3.64
02.08.2021 00:51:21.576,1.1868100000000001,1.18675,1.87,3.64
02.08.2021 00:51:23.070,1.1868100000000001,1.18676,1.87,2.44
02.08.2021 00:51:23.547,1.18683,1.1868,1.2,0.82
02.08.2021 00:51:23.750,1.18685,1.1868,2.74,2.14
02.08.2021 00:51:24.511,1.18687,1.1868200000000002,0.1,0.82
02.08.2021 00:51:24.814,1.18687,1.18683,0.1,1.5
02.08.2021 00:51:24.915,1.18688,1.1868400000000001,0.75,0.45
02.08.2021 00:51:25.562,1.18689,1.1868400000000001,0.1,1.57
02.08.2021 00:51:25.664,1.18689,1.18686,4.24,0.1
02.08.2021 00:51:25.765,1.18689,1.18685,0.1,3
02.08.2021 00:51:25.870,1.1869,1.18685,5.17,0.1
02.08.2021 00:51:25.971,1.18689,1.1868400000000001,0.1,5.32
02.08.2021 00:51:30.873,1.18688,1.18686,0.75,0.1
02.08.2021 00:51:30.974,1.1869,1.18685,0.75,0.82
02.08.2021 00:51:36.002,1.1869,1.18686,0.37,0.1
02.08.2021 00:51:36.110,1.1869,1.18685,0.37,4.57
02.08.2021 00:51:38.162,1.18689,1.18685,0.37,1.5
02.08.2021 00:51:38.263,1.18689,1.1868400000000001,0.37,1.95
02.08.2021 00:51:49.121,1.18687,1.18685,0.37,0.37
02.08.2021 00:51:49.172,1.18687,1.1868200000000002,0.37,10.42
02.08.2021 00:51:49.273,1.18686,1.1868200000000002,0.37,1.76
02.08.2021 00:51:50.089,1.18687,1.1868200000000002,3.04,0.75
02.08.2021 00:51:51.822,1.18687,1.1868400000000001,4.09,0.37
02.08.2021 00:51:51.924,1.18688,1.1868400000000001,0.75,4.5
02.08.2021 00:51:52.279,1.1869,1.1868400000000001,6.11,5.44
02.08.2021 00:51:52.381,1.1869,1.18685,1.87,3
02.08.2021 00:51:52.889,1.1869100000000001,1.18686,7.88,0.75
02.08.2021 00:52:00.069,1.1869,1.18686,0.37,1.57
02.08.2021 00:52:00.321,1.1869100000000001,1.18686,0.37,1.57
02.08.2021 00:52:00.431,1.18694,1.18689,7.5,1.57
02.08.2021 00:52:01.037,1.18694,1.1869,0.37,3
02.08.2021 00:52:01.312,1.18695,1.1869,1.12,4.2
02.08.2021 00:52:01.414,1.18695,1.1869100000000001,0.37,3.82
02.08.2021 00:52:01.516,1.18696,1.1869200000000002,0.37,0.75
02.08.2021 00:52:05.802,1.18695,1.1869200000000002,0.37,0.75
02.08.2021 00:52:06.524,1.18695,1.1869100000000001,0.37,1.76
02.08.2021 00:52:12.379,1.18696,1.1869100000000001,0.37,4.39
02.08.2021 00:52:12.582,1.18698,1.18694,1.12,0.75
02.08.2021 00:52:12.684,1.187,1.18695,4.31,0.1
02.08.2021 00:52:12.786,1.187,1.18696,0.75,0.1
02.08.2021 00:52:13.023,1.18699,1.18696,1.2,3.64
02.08.2021 00:52:13.125,1.18699,1.18695,0.37,0.1
02.08.2021 00:52:13.383,1.187,1.18695,3.86,0.1
02.08.2021 00:52:14.023,1.187,1.18696,0.37,0.26
02.08.2021 00:52:16.814,1.187,1.18695,0.45,4.57
02.08.2021 00:52:18.213,1.18699,1.18695,0.37,0.82
02.08.2021 00:52:22.274,1.18699,1.18694,0.45,2.7
02.08.2021 00:52:23.336,1.18699,1.18695,0.37,0.1
02.08.2021 00:52:23.538,1.187,1.18695,0.45,2.89
02.08.2021 00:52:23.993,1.18699,1.18695,0.1,0.37
02.08.2021 00:52:24.095,1.18699,1.18694,0.45,2.32
02.08.2021 00:52:24.781,1.18698,1.18694,0.37,0.45
02.08.2021 00:52:25.600,1.18699,1.18694,0.45,1.57
02.08.2021 00:52:30.435,1.18699,1.18695,0.37,0.1
02.08.2021 00:52:32.524,1.187,1.18695,1.95,1.01
02.08.2021 00:52:33.110,1.18699,1.18695,0.37,0.26
02.08.2021 00:52:35.035,1.187,1.18695,1.95,1.01
02.08.2021 00:52:39.121,1.18699,1.18695,0.45,0.19
02.08.2021 00:52:39.222,1.18699,1.18694,0.45,2.14
02.08.2021 00:52:39.486,1.18699,1.18695,0.37,0.1
02.08.2021 00:52:41.898,1.18699,1.18694,0.45,2.14
02.08.2021 00:52:50.431,1.18699,1.18695,0.37,0.1
02.08.2021 00:52:51.569,1.18693,1.1869100000000001,1.12,18.18
02.08.2021 00:52:51.671,1.1869200000000002,1.18688,1.12,4.98
02.08.2021 00:52:51.823,1.1869,1.18687,0.37,0.1
02.08.2021 00:52:51.924,1.1869,1.18686,0.37,1.76
02.08.2021 00:52:52.126,1.1869100000000001,1.18686,1.57,2.51
02.08.2021 00:52:53.148,1.18693,1.18689,0.52,0.37
02.08.2021 00:52:53.351,1.18695,1.1869,4.92,5.7
02.08.2021 00:52:53.503,1.18695,1.1869100000000001,0.1,3
02.08.2021 00:52:53.705,1.18695,1.1869,0.1,4.2
02.08.2021 00:52:53.908,1.18695,1.1869100000000001,0.1,3
02.08.2021 00:52:54.010,1.18695,1.1869,0.1,4.2
02.08.2021 00:52:54.617,1.18695,1.1869100000000001,0.1,3
02.08.2021 00:52:56.788,1.18695,1.1869,0.1,5.7
02.08.2021 00:52:59.929,1.18694,1.1869200000000002,0.1,3
02.08.2021 00:53:00.583,1.18697,1.1869200000000002,5.74,1.57
02.08.2021 00:53:00.685,1.18695,1.1869,0.82,8.36
02.08.2021 00:53:03.805,1.18694,1.1869200000000002,0.1,3.37
02.08.2021 00:53:04.075,1.18695,1.1869,0.1,4.39
02.08.2021 00:53:04.346,1.18695,1.1869100000000001,0.1,3
02.08.2021 00:53:08.408,1.18695,1.1869,0.82,1.5
02.08.2021 00:53:19.584,1.18694,1.18689,0.1,3.37
02.08.2021 00:53:19.693,1.18694,1.1869,0.1,3
02.08.2021 00:53:20.799,1.18695,1.1869,1.57,3
02.08.2021 00:53:21.818,1.18695,1.18689,4.24,1.76
02.08.2021 00:53:21.919,1.18695,1.1869,0.82,0.75
02.08.2021 00:53:22.253,1.1869200000000002,1.18689,1.5,0.75
02.08.2021 00:53:22.354,1.18693,1.18688,5.44,0.75
02.08.2021 00:53:22.456,1.1869200000000002,1.18687,0.1,0.75
02.08.2021 00:53:22.557,1.1869100000000001,1.18686,0.1,4.87
02.08.2021 00:53:22.659,1.1869,1.18686,0.75,1.12
02.08.2021 00:53:22.811,1.1869,1.18685,0.75,4.57
02.08.2021 00:53:24.296,1.18689,1.18685,0.11,0.75
02.08.2021 00:53:25.855,1.18688,1.1868400000000001,0.11,1.5
02.08.2021 00:53:25.964,1.18689,1.1868400000000001,0.16,1.5
02.08.2021 00:53:26.066,1.1869,1.1868400000000001,2.41,5.51
02.08.2021 00:53:26.167,1.18689,1.1868400000000001,0.11,5.51
02.08.2021 00:53:27.557,1.1869,1.1868400000000001,1.57,5.51
02.08.2021 00:53:27.759,1.18689,1.18685,0.1,0.37
02.08.2021 00:53:27.861,1.1869,1.18685,1.57,1.12
02.08.2021 00:53:33.931,1.18689,1.18687,0.1,0.75
02.08.2021 00:53:33.982,1.18693,1.18688,5.44,2.25
02.08.2021 00:53:34.084,1.1869100000000001,1.18687,0.75,0.75
02.08.2021 00:53:34.438,1.1869100000000001,1.18686,0.75,2.51
02.08.2021 00:53:35.234,1.1869,1.18685,0.1,1.5
02.08.2021 00:53:35.811,1.1869100000000001,1.18685,1.95,2.51
02.08.2021 00:53:36.114,1.1869,1.18685,0.1,1.5
02.08.2021 00:53:36.567,1.1869100000000001,1.18685,1.95,2.51
02.08.2021 00:53:37.069,1.1869,1.18685,0.75,4.57
02.08.2021 00:53:38.730,1.1869200000000002,1.18688,4.69,1.5
02.08.2021 00:53:38.832,1.1869200000000002,1.18689,5.74,2.25
02.08.2021 00:53:40.495,1.1869100000000001,1.18687,0.75,6.41
02.08.2021 00:53:43.668,1.1869200000000002,1.18687,1.57,1.87
02.08.2021 00:53:45.079,1.18694,1.18689,5.44,1.12
02.08.2021 00:53:45.713,1.18695,1.18689,5.55,1.2
02.08.2021 00:53:45.814,1.18695,1.1869,1.01,0.75
02.08.2021 00:53:47.640,1.18696,1.1869,4.42,4.57
02.08.2021 00:53:48.588,1.18695,1.1869100000000001,0.26,0.75
02.08.2021 00:53:48.639,1.1869100000000001,1.18688,0.82,0.75
02.08.2021 00:53:48.741,1.1869200000000002,1.18686,6.3,12.82
02.08.2021 00:53:48.842,1.1869100000000001,1.18686,0.1,8.25
02.08.2021 00:53:49.874,1.18689,1.18687,0.75,0.75
02.08.2021 00:53:52.190,1.18689,1.18685,0.1,1.5
02.08.2021 00:53:56.712,1.1869,1.18685,2.74,0.94
02.08.2021 00:54:03.189,1.1869,1.18686,0.1,0.75
02.08.2021 00:54:08.366,1.18693,1.18689,6.94,0.75
02.08.2021 00:54:08.468,1.18694,1.18689,8.06,1.12
02.08.2021 00:54:08.569,1.18694,1.1869,7.31,0.75
02.08.2021 00:54:09.176,1.18694,1.1869100000000001,4.24,0.75
02.08.2021 00:54:09.736,1.18695,1.1869100000000001,0.1,0.75
02.08.2021 00:54:10.513,1.18697,1.1869200000000002,3.67,1.5
02.08.2021 00:54:10.564,1.18698,1.18694,0.45,1.12
02.08.2021 00:54:10.716,1.18699,1.18694,0.1,1.12
02.08.2021 00:54:11.284,1.18698,1.18695,0.82,0.75
02.08.2021 00:54:11.386,1.18698,1.18696,3.49,0.75
02.08.2021 00:54:12.283,1.18699,1.18698,0.75,1.5
02.08.2021 00:54:12.385,1.1870100000000001,1.18696,0.1,0.75
02.08.2021 00:54:12.934,1.187,1.18696,2.66,0.75
02.08.2021 00:54:13.138,1.1870100000000001,1.18696,2.7,0.75
02.08.2021 00:54:13.391,1.18698,1.18695,0.75,4.5
02.08.2021 00:54:13.442,1.18697,1.18693,0.1,1.2
02.08.2021 00:54:13.544,1.18697,1.18694,0.1,6.45
02.08.2021 00:54:14.456,1.187,1.18695,3.07,0.94
02.08.2021 00:54:15.030,1.187,1.18697,1.57,0.75
02.08.2021 00:54:16.084,1.1870100000000001,1.18695,1.57,12.67
02.08.2021 00:54:16.879,1.1870100000000001,1.18696,1.57,0.75
02.08.2021 00:54:17.308,1.1870200000000002,1.18696,4.76,3.82
02.08.2021 00:54:17.564,1.1870100000000001,1.18696,0.1,0.75
02.08.2021 00:54:18.216,1.187,1.18695,0.1,1.5
02.08.2021 00:54:23.636,1.18699,1.18695,0.75,0.75
02.08.2021 00:54:23.738,1.18697,1.18693,0.82,0.45
02.08.2021 00:54:23.839,1.18697,1.1869200000000002,0.82,5.25
02.08.2021 00:54:24.239,1.18696,1.1869100000000001,0.1,1.5
02.08.2021 00:54:25.298,1.18695,1.1869,0.1,4.39
02.08.2021 00:54:28.296,1.18694,1.1869,0.1,0.75
02.08.2021 00:54:28.398,1.18694,1.18689,0.1,5.44
02.08.2021 00:54:28.811,1.18695,1.1869,0.75,3.94
02.08.2021 00:54:29.570,1.1869200000000002,1.18688,1.57,5.66
02.08.2021 00:54:32.450,1.1869200000000002,1.18686,4.99,5.96
02.08.2021 00:54:33.965,1.1869100000000001,1.18686,0.82,3.94
02.08.2021 00:54:35.141,1.1869,1.18685,0.75,7.46
02.08.2021 00:54:36.089,1.18689,1.1868400000000001,0.1,9.22
02.08.2021 00:54:36.191,1.1869,1.1868400000000001,0.82,5.89
02.08.2021 00:54:36.444,1.1869,1.18685,0.82,0.75
02.08.2021 00:54:38.615,1.18686,1.1868400000000001,1.69,0.45
02.08.2021 00:54:38.717,1.18686,1.1868100000000001,4.92,0.75
02.08.2021 00:54:42.469,1.1868200000000002,1.18679,0.75,0.75
02.08.2021 00:54:42.572,1.1868100000000001,1.18675,1.76,2.32
02.08.2021 00:54:43.364,1.1868,1.18675,0.1,1.87
02.08.2021 00:54:45.836,1.1868100000000001,1.18675,2.51,1.87
02.08.2021 00:54:45.988,1.1868,1.18675,0.1,1.87
02.08.2021 00:54:46.410,1.18683,1.1868,6.53,0.75
02.08.2021 00:54:46.562,1.1868400000000001,1.18678,5.17,2.32
02.08.2021 00:54:46.613,1.18685,1.1868,5.29,1.5
02.08.2021 00:54:46.715,1.18685,1.1868100000000001,0.75,1.5
02.08.2021 00:54:46.817,1.18686,1.1868100000000001,4.99,0.75
02.08.2021 00:54:46.918,1.18685,1.1868100000000001,0.82,0.75
02.08.2021 00:54:47.020,1.18685,1.1868,1.76,2.25
02.08.2021 00:54:51.016,1.1868200000000002,1.18677,0.75,12.56
02.08.2021 00:54:51.169,1.1868200000000002,1.18676,7.42,1.57
02.08.2021 00:54:51.270,1.1868100000000001,1.18676,1.76,1.5
02.08.2021 00:54:52.280,1.1868100000000001,1.18677,0.75,1.69
02.08.2021 00:54:52.382,1.1868200000000002,1.18678,0.82,0.75
02.08.2021 00:54:53.062,1.1868200000000002,1.1868,4.42,0.37
02.08.2021 00:54:53.163,1.18685,1.1868,4.24,2.25
02.08.2021 00:54:54.215,1.1868,1.18678,0.94,1.2
02.08.2021 00:54:54.266,1.1868200000000002,1.18678,1.76,1.2
02.08.2021 00:54:54.469,1.1868200000000002,1.18677,5.17,0.75
02.08.2021 00:54:54.865,1.1868100000000001,1.18677,0.1,0.75
02.08.2021 00:54:55.023,1.1868200000000002,1.18677,5.17,0.75
02.08.2021 00:54:55.832,1.1868200000000002,1.18676,5.17,5.32
02.08.2021 00:54:55.984,1.1868200000000002,1.18677,4.42,0.75
02.08.2021 00:54:57.491,1.18683,1.1868,2.66,0.82
02.08.2021 00:54:57.592,1.1868400000000001,1.1868,0.45,0.82
02.08.2021 00:54:57.693,1.18685,1.1868,0.1,1.95
02.08.2021 00:54:59.161,1.18686,1.1868100000000001,2.51,0.1
02.08.2021 00:54:59.263,1.18685,1.1868,0.1,1.95
02.08.2021 00:54:59.581,1.18679,1.18676,1.01,1.12
02.08.2021 00:54:59.632,1.18678,1.1867400000000001,0.1,10.91
02.08.2021 00:54:59.684,1.18676,1.1867400000000001,0.19,5.66
02.08.2021 00:54:59.735,1.18678,1.18675,1.01,1.5
02.08.2021 00:54:59.836,1.18679,1.18675,3.49,0.75
02.08.2021 00:55:00.089,1.1868,1.18675,1.01,2.32
02.08.2021 00:55:00.393,1.1868,1.18676,0.1,1.5
02.08.2021 00:55:00.444,1.18683,1.18679,0.82,2.14
02.08.2021 00:55:00.546,1.18683,1.1868,0.45,0.75
02.08.2021 00:55:00.597,1.18686,1.18683,1.01,0.75
02.08.2021 00:55:00.698,1.18687,1.1868400000000001,0.45,1.76
02.08.2021 00:55:00.800,1.18689,1.18685,0.75,0.82
02.08.2021 00:55:00.901,1.1869,1.18685,4.42,0.82
02.08.2021 00:55:01.407,1.1869,1.18686,0.82,0.75
02.08.2021 00:55:01.510,1.1869100000000001,1.18686,0.1,5.32
02.08.2021 00:55:01.713,1.1869200000000002,1.18687,3.49,0.82
02.08.2021 00:55:02.757,1.18694,1.18689,3.52,0.82
02.08.2021 00:55:02.859,1.18694,1.1869,0.45,0.82
02.08.2021 00:55:02.960,1.18695,1.1869,0.82,0.82
02.08.2021 00:55:04.429,1.18696,1.1869200000000002,6.75,0.82
02.08.2021 00:55:04.532,1.18696,1.1869100000000001,1.01,0.75
02.08.2021 00:55:04.634,1.18695,1.1869,0.1,1.5
02.08.2021 00:55:04.735,1.18695,1.18689,1.57,4.95
02.08.2021 00:55:06.587,1.1869200000000002,1.18687,3.41,2.32
02.08.2021 00:55:07.044,1.1869100000000001,1.18687,2.66,0.82
02.08.2021 00:55:07.146,1.1869200000000002,1.18687,0.75,0.1
02.08.2021 00:55:07.424,1.1869200000000002,1.18686,0.75,10.23
02.08.2021 00:55:07.723,1.18693,1.18688,4.09,4.5
02.08.2021 00:55:07.826,1.18694,1.18688,2.21,4.5
02.08.2021 00:55:08.272,1.18694,1.18689,0.75,1.12
02.08.2021 00:55:10.793,1.18693,1.18688,2.66,0.75
02.08.2021 00:55:10.944,1.18694,1.18688,6.75,0.75
02.08.2021 00:55:12.269,1.18693,1.18688,0.19,0.75
02.08.2021 00:55:17.422,1.1869200000000002,1.18688,1.39,6
02.08.2021 00:55:17.524,1.1869,1.18687,2.74,1.57
02.08.2021 00:55:17.625,1.1869,1.18686,0.1,0.75
02.08.2021 00:55:18.022,1.1869,1.18685,0.1,3.82
02.08.2021 00:55:23.943,1.18689,1.18687,0.1,0.75
02.08.2021 00:55:24.044,1.18689,1.18686,0.94,0.75
02.08.2021 00:55:24.146,1.18689,1.1868400000000001,5.55,4.91
02.08.2021 00:55:24.247,1.18688,1.18683,0.1,5.25
02.08.2021 00:55:28.725,1.18687,1.18685,0.1,3.75
02.08.2021 00:55:28.827,1.18689,1.1868400000000001,2.89,3.75
02.08.2021 00:55:28.980,1.18689,1.18685,0.1,0.75
02.08.2021 00:55:29.082,1.1869,1.18685,1.76,0.75
02.08.2021 00:55:29.286,1.18689,1.18685,0.1,0.75
02.08.2021 00:55:29.642,1.1869,1.18685,5.55,0.75
02.08.2021 00:55:34.536,1.1869100000000001,1.18686,2.92,0.75
02.08.2021 00:55:34.587,1.18693,1.18687,1.95,5.7
02.08.2021 00:55:34.789,1.1869200000000002,1.18687,0.45,4.5
02.08.2021 00:55:36.590,1.1869100000000001,1.18687,0.1,0.75
02.08.2021 00:55:37.403,1.1869100000000001,1.18686,0.1,1.87
02.08.2021 00:55:37.665,1.1869,1.18686,0.1,1.5
02.08.2021 00:55:39.381,1.1869,1.18685,1.2,3.75
02.08.2021 00:55:40.503,1.18689,1.1868400000000001,0.1,9.78
02.08.2021 00:55:40.858,1.18688,1.18686,0.1,0.75
02.08.2021 00:55:40.959,1.1869,1.18685,1.2,3.75
02.08.2021 00:55:47.964,1.1869,1.18686,0.1,0.75
02.08.2021 00:55:48.123,1.1869100000000001,1.18688,3.04,2.7
02.08.2021 00:55:48.225,1.18693,1.18688,4.09,3
02.08.2021 00:55:48.326,1.1869200000000002,1.18688,3.67,7.95
02.08.2021 00:55:48.947,1.18693,1.18688,1.01,3
02.08.2021 00:55:51.238,1.18693,1.18687,3.67,7.2
02.08.2021 00:55:51.358,1.18693,1.18688,1.01,3
02.08.2021 00:55:54.206,1.18693,1.18687,4.42,7.2
02.08.2021 00:55:54.508,1.18693,1.18688,2.92,0.75
02.08.2021 00:55:57.288,1.1869200000000002,1.18687,0.82,8.44
02.08.2021 00:55:57.389,1.1869100000000001,1.18687,0.82,0.75
02.08.2021 00:55:57.491,1.1869,1.18686,0.1,0.75
02.08.2021 00:55:59.481,1.1869100000000001,1.18686,3.86,0.75
02.08.2021 00:55:59.858,1.1869,1.18686,0.1,1.5
02.08.2021 00:56:01.138,1.1869,1.18685,4.61,1.5
02.08.2021 00:56:01.240,1.18688,1.18686,0.82,0.75
02.08.2021 00:56:01.341,1.18689,1.1868400000000001,0.82,0.75
02.08.2021 00:56:02.230,1.18689,1.18685,1.95,4.5
02.08.2021 00:56:05.227,1.1869,1.18685,0.82,1.5
02.08.2021 00:56:05.329,1.1869,1.18686,0.75,3
02.08.2021 00:56:05.431,1.1869,1.18685,0.75,4.5
02.08.2021 00:56:09.111,1.18689,1.18685,4.05,0.75
02.08.2021 00:56:09.213,1.18689,1.1868400000000001,4.8,0.75
02.08.2021 00:56:09.314,1.18687,1.18683,0.75,3.75
02.08.2021 00:56:09.365,1.18686,1.1868100000000001,0.75,4.5
02.08.2021 00:56:17.793,1.18683,1.1868,0.37,3
02.08.2021 00:56:17.844,1.1868200000000002,1.18678,0.94,1.2
02.08.2021 00:56:17.946,1.1868200000000002,1.18677,4.8,0.75
02.08.2021 00:56:18.047,1.1868100000000001,1.18677,0.19,0.75
02.08.2021 00:56:18.416,1.1868100000000001,1.18676,4.42,0.75
02.08.2021 00:56:19.764,1.18683,1.18677,4.27,4.87
02.08.2021 00:56:19.866,1.1868400000000001,1.1868,0.45,1.12
02.08.2021 00:56:20.019,1.18685,1.1868,1.57,1.87
02.08.2021 00:56:27.909,1.1868100000000001,1.18678,1.95,10.61
02.08.2021 00:56:28.113,1.1868100000000001,1.18677,0.75,0.75
02.08.2021 00:56:28.520,1.1868200000000002,1.18677,1.2,4.5
02.08.2021 00:56:28.622,1.1868200000000002,1.18678,1.2,3
02.08.2021 00:56:29.607,1.1868400000000001,1.18678,4.05,6
02.08.2021 00:56:34.715,1.18685,1.1868,3.49,2.62
02.08.2021 00:56:34.816,1.1868200000000002,1.18678,0.56,3
02.08.2021 00:56:34.918,1.1868200000000002,1.18677,1.39,11.25
02.08.2021 00:56:35.171,1.18683,1.18678,1.84,3
02.08.2021 00:56:35.324,1.1868400000000001,1.18679,7.05,0.75
02.08.2021 00:56:40.501,1.1868400000000001,1.1868100000000001,0.75,1.87
02.08.2021 00:56:40.603,1.18686,1.1868,4.5,2.62
02.08.2021 00:56:41.111,1.18685,1.1868,0.19,5.62
02.08.2021 00:56:41.213,1.18686,1.1868,4.8,5.62
02.08.2021 00:56:41.315,1.1868400000000001,1.1868100000000001,0.1,2.62
02.08.2021 00:56:41.418,1.18686,1.1868100000000001,4.05,0.75
02.08.2021 00:56:41.732,1.18685,1.1868,0.1,5.62
02.08.2021 00:56:41.987,1.18686,1.1868,4.05,5.62
02.08.2021 00:56:42.520,1.18686,1.1868100000000001,4.05,0.75
02.08.2021 00:56:45.285,1.18685,1.1868100000000001,3.49,5.81
02.08.2021 00:56:56.159,1.18686,1.1868100000000001,3.49,0.75
02.08.2021 00:56:56.977,1.18685,1.1868,4.8,1.12
02.08.2021 00:56:57.129,1.1868400000000001,1.18679,0.64,0.75
02.08.2021 00:56:57.230,1.1868400000000001,1.18678,1.39,6.37
02.08.2021 00:56:59.045,1.1868400000000001,1.18679,3.11,0.75
02.08.2021 00:57:02.477,1.18685,1.18679,3.41,6.82
02.08.2021 00:57:04.389,1.18686,1.1868,5.55,1.5
02.08.2021 00:57:04.609,1.18685,1.1868,0.1,4.5
02.08.2021 00:57:05.044,1.18683,1.1868,1.01,0.75
02.08.2021 00:57:09.881,1.1868400000000001,1.18678,1.39,6.37
02.08.2021 00:57:13.129,1.1868400000000001,1.18679,0.37,1.12
02.08.2021 00:57:13.230,1.18685,1.1868,2.25,0.37
02.08.2021 00:57:22.275,1.18685,1.18679,3.26,4.87
02.08.2021 00:57:22.377,1.1868400000000001,1.18679,3.67,1.5
02.08.2021 00:57:32.916,1.18683,1.18679,0.1,0.75
02.08.2021 00:57:33.129,1.1868400000000001,1.18679,4.05,0.75
02.08.2021 00:57:33.231,1.1868200000000002,1.18677,4.39,0.75
02.08.2021 00:57:36.159,1.1868400000000001,1.18679,5.36,2.62
02.08.2021 00:57:36.261,1.1868400000000001,1.1868,0.82,0.75
02.08.2021 00:57:36.363,1.18685,1.1868,1.12,0.75
02.08.2021 00:57:44.861,1.18686,1.1868,4.8,1.87
02.08.2021 00:57:47.048,1.18687,1.1868100000000001,2.89,4.5
02.08.2021 00:57:49.027,1.18686,1.1868100000000001,0.1,4.5
02.08.2021 00:58:00.578,1.18687,1.1868100000000001,3.64,4.87
02.08.2021 00:58:03.825,1.18686,1.1868100000000001,0.82,2.25
02.08.2021 00:58:03.926,1.18683,1.1868200000000002,0.75,0.75
02.08.2021 00:58:04.028,1.1868400000000001,1.1868,4.05,4.91
02.08.2021 00:58:04.129,1.1868400000000001,1.18679,0.45,1.5
02.08.2021 00:58:05.123,1.1868200000000002,1.18678,3.41,3
02.08.2021 00:58:05.578,1.1868200000000002,1.18677,1.2,4.5
