Gmt time,Ask,Bid,AskVolume,BidVolume
11.08.2021 00:00:00.686,1.17199,1.17195,0.75,0.75
11.08.2021 00:00:00.989,1.17201,1.17195,2.43,3.37
11.08.2021 00:00:05.004,1.17198,1.1719600000000001,0.75,4.87
11.08.2021 00:00:05.203,1.1720000000000002,1.1719700000000002,0.75,0.1
11.08.2021 00:00:10.654,1.17201,1.17198,0.75,0.1
11.08.2021 00:00:12.345,1.17201,1.1719700000000002,0.75,2.14
11.08.2021 00:00:15.516,1.1720000000000002,1.17199,0.75,0.37
11.08.2021 00:00:15.638,1.17201,1.1719700000000002,0.75,2.89
11.08.2021 00:00:15.794,1.17201,1.17198,0.75,0.45
11.08.2021 00:00:16.414,1.1720000000000002,1.1719700000000002,0.75,4.5
11.08.2021 00:00:16.515,1.17199,1.1719700000000002,0.75,6.56
11.08.2021 00:00:20.250,1.17199,1.1719600000000001,0.75,0.19
11.08.2021 00:00:22.104,1.17199,1.17195,0.75,3.64
11.08.2021 00:00:29.882,1.17198,1.1719600000000001,0.75,0.1
11.08.2021 00:00:31.062,1.17198,1.17195,0.75,0.75
11.08.2021 00:00:31.179,1.17198,1.17194,0.75,3.56
11.08.2021 00:00:32.153,1.17198,1.1719600000000001,0.75,0.1
11.08.2021 00:00:38.474,1.17198,1.17194,0.82,0.82
11.08.2021 00:00:38.576,1.1719700000000002,1.17194,0.75,0.1
11.08.2021 00:00:38.627,1.17194,1.17192,0.75,1.27
11.08.2021 00:00:38.728,1.17194,1.17191,0.75,0.1
11.08.2021 00:00:43.319,1.17194,1.1719000000000002,0.75,1.5
11.08.2021 00:00:44.249,1.1719600000000001,1.17192,0.75,4.2
11.08.2021 00:00:48.798,1.17195,1.17191,0.75,0.75
11.08.2021 00:00:49.342,1.17194,1.1719000000000002,0.75,3.64
11.08.2021 00:00:49.450,1.17193,1.17192,0.75,3
11.08.2021 00:00:52.579,1.17194,1.17193,0.75,0.75
11.08.2021 00:00:54.952,1.17195,1.17191,1.76,3.75
11.08.2021 00:00:55.053,1.17193,1.1719000000000002,0.75,4.5
11.08.2021 00:01:00.313,1.17194,1.1719000000000002,0.75,3.82
11.08.2021 00:01:06.350,1.17193,1.1719000000000002,0.75,3.82
11.08.2021 00:01:10.750,1.17193,1.17191,0.75,3.82
11.08.2021 00:01:12.291,1.1719700000000002,1.17193,0.75,0.82
11.08.2021 00:01:12.393,1.1719700000000002,1.17194,0.75,0.1
11.08.2021 00:01:12.494,1.17199,1.17195,0.75,1.57
11.08.2021 00:01:12.645,1.1720000000000002,1.1719600000000001,1.79,0.82
11.08.2021 00:01:15.746,1.17199,1.17198,0.75,0.75
11.08.2021 00:01:15.948,1.17199,1.1719600000000001,0.75,0.82
11.08.2021 00:01:35.173,1.1720000000000002,1.1719600000000001,0.75,0.82
11.08.2021 00:01:39.626,1.17199,1.1719600000000001,0.75,0.75
11.08.2021 00:01:48.494,1.17199,1.17195,0.75,0.82
11.08.2021 00:01:48.957,1.17198,1.17194,0.82,1.12
11.08.2021 00:01:49.110,1.1719600000000001,1.17192,0.75,5.51
11.08.2021 00:01:49.212,1.17194,1.17191,0.75,0.75
11.08.2021 00:01:50.468,1.17193,1.1719000000000002,1.5,0.75
11.08.2021 00:01:50.569,1.1719000000000002,1.17189,0.75,0.75
11.08.2021 00:01:50.620,1.17189,1.1718600000000001,0.75,0.75
11.08.2021 00:01:50.721,1.17188,1.17185,0.94,0.75
11.08.2021 00:01:50.824,1.1718700000000002,1.17184,0.94,0.75
11.08.2021 00:01:50.926,1.1718700000000002,1.17183,0.94,0.82
11.08.2021 00:01:51.427,1.1718700000000002,1.17184,0.94,0.75
11.08.2021 00:01:52.529,1.17188,1.17184,1.01,0.75
11.08.2021 00:01:52.731,1.17188,1.17185,0.75,0.75
11.08.2021 00:01:54.202,1.1718700000000002,1.17185,0.19,0.75
11.08.2021 00:01:54.253,1.1718600000000001,1.17182,2.14,0.75
11.08.2021 00:01:54.355,1.17184,1.17182,0.75,0.82
11.08.2021 00:01:54.712,1.17184,1.17181,0.19,0.75
11.08.2021 00:01:55.058,1.17183,1.1718,0.75,0.75
11.08.2021 00:01:55.142,1.17181,1.17178,0.37,0.75
11.08.2021 00:01:55.243,1.1718,1.1717700000000002,0.75,0.75
11.08.2021 00:01:55.344,1.17181,1.1717700000000002,2.8,0.75
11.08.2021 00:01:55.547,1.1718,1.1717600000000001,0.75,0.82
11.08.2021 00:01:55.649,1.1718,1.1717700000000002,0.75,0.75
11.08.2021 00:01:57.300,1.1718,1.1717600000000001,3.18,0.75
11.08.2021 00:01:57.415,1.17179,1.1717600000000001,1.01,0.75
11.08.2021 00:01:57.467,1.17178,1.17174,2.51,0.75
11.08.2021 00:01:57.568,1.1717600000000001,1.17173,0.75,0.75
11.08.2021 00:01:58.307,1.1717600000000001,1.17174,0.82,0.75
11.08.2021 00:02:01.256,1.1717700000000002,1.17174,0.75,0.75
11.08.2021 00:02:01.357,1.17178,1.17174,0.75,0.82
11.08.2021 00:02:01.459,1.17179,1.17175,1.2,0.75
11.08.2021 00:02:03.881,1.17179,1.1717600000000001,0.75,0.1
11.08.2021 00:02:05.238,1.1718,1.1717600000000001,1.76,0.75
11.08.2021 00:02:06.157,1.17178,1.17175,1.76,0.75
11.08.2021 00:02:06.258,1.17178,1.17174,1.01,0.75
11.08.2021 00:02:06.359,1.1717600000000001,1.17175,0.75,0.75
11.08.2021 00:02:10.089,1.17178,1.17174,1.79,0.82
11.08.2021 00:02:10.190,1.17179,1.1717700000000002,0.45,1.2
11.08.2021 00:02:10.241,1.17182,1.17178,8.15,0.82
11.08.2021 00:02:10.343,1.17182,1.1718,0.75,1.2
11.08.2021 00:02:10.463,1.17184,1.1718,0.82,0.75
11.08.2021 00:02:10.564,1.17185,1.17181,1.2,1.2
11.08.2021 00:02:10.665,1.17184,1.17183,2.24,0.75
11.08.2021 00:02:10.767,1.17183,1.17179,1.01,0.75
11.08.2021 00:02:10.868,1.17183,1.1718,0.75,0.75
11.08.2021 00:02:11.344,1.17184,1.1718,2.62,1.12
11.08.2021 00:02:19.114,1.1718600000000001,1.17182,1.2,0.82
11.08.2021 00:02:20.944,1.17184,1.17182,0.75,1.57
11.08.2021 00:02:24.211,1.1718600000000001,1.17182,0.75,0.82
11.08.2021 00:02:24.312,1.17185,1.17181,0.75,4.57
11.08.2021 00:02:25.892,1.17184,1.17181,0.75,0.82
11.08.2021 00:02:28.403,1.17183,1.17181,0.75,1.57
11.08.2021 00:02:46.128,1.17182,1.17179,0.75,1.2
11.08.2021 00:02:46.229,1.17183,1.17179,0.75,3.82
11.08.2021 00:02:46.331,1.17182,1.17179,0.19,4.2
11.08.2021 00:02:46.432,1.17182,1.17178,0.75,1.2
11.08.2021 00:02:57.647,1.17185,1.17181,4.01,1.2
11.08.2021 00:02:57.749,1.17185,1.17182,1.2,1.2
11.08.2021 00:02:57.850,1.1718700000000002,1.17184,0.75,0.1
11.08.2021 00:02:57.952,1.17188,1.17185,0.75,0.75
11.08.2021 00:02:58.103,1.17189,1.17185,0.75,2.7
11.08.2021 00:02:59.718,1.17192,1.17188,0.75,1.2
11.08.2021 00:02:59.870,1.17193,1.17189,1.2,1.01
11.08.2021 00:03:07.684,1.17193,1.1719000000000002,0.75,0.75
11.08.2021 00:03:07.785,1.17195,1.17191,2.24,0.82
11.08.2021 00:03:11.217,1.17194,1.17191,0.75,0.1
11.08.2021 00:03:11.318,1.17194,1.1719000000000002,0.75,0.82
11.08.2021 00:03:11.369,1.17192,1.17188,0.75,1.2
11.08.2021 00:03:11.571,1.17189,1.1718600000000001,0.75,0.82
11.08.2021 00:03:16.415,1.17189,1.17185,0.75,1.2
11.08.2021 00:03:54.622,1.1718700000000002,1.17184,2.14,0.75
11.08.2021 00:03:54.673,1.17184,1.17183,0.75,0.19
11.08.2021 00:03:54.774,1.17184,1.17181,0.75,8.25
11.08.2021 00:03:54.875,1.17183,1.1718,0.75,1.57
11.08.2021 00:03:54.976,1.17181,1.1717700000000002,1.12,0.82
11.08.2021 00:03:55.131,1.17182,1.17179,0.75,0.75
11.08.2021 00:03:56.784,1.17183,1.17179,0.75,0.82
11.08.2021 00:03:58.423,1.17183,1.1718,0.75,0.82
11.08.2021 00:03:58.688,1.17183,1.17179,0.82,0.75
11.08.2021 00:04:07.995,1.17184,1.1718,2.24,0.75
11.08.2021 00:04:14.872,1.17183,1.1718,0.75,0.75
11.08.2021 00:04:16.679,1.17183,1.17179,0.75,1.2
11.08.2021 00:04:16.781,1.17183,1.17182,0.75,0.75
11.08.2021 00:04:34.368,1.17183,1.1718,0.75,0.75
11.08.2021 00:04:52.563,1.17183,1.17179,0.75,1.57
11.08.2021 00:04:53.553,1.17181,1.17179,0.75,0.82
11.08.2021 00:04:58.571,1.17182,1.17179,0.75,0.1
11.08.2021 00:04:59.384,1.17182,1.1718,0.75,3.82
11.08.2021 00:04:59.760,1.17182,1.17179,0.75,0.75
11.08.2021 00:04:59.862,1.17182,1.17178,0.75,4.57
11.08.2021 00:05:00.077,1.17181,1.1717700000000002,1.57,4.5
11.08.2021 00:05:00.190,1.1718,1.1717600000000001,0.75,1.57
11.08.2021 00:05:02.444,1.17179,1.1717600000000001,0.75,0.75
11.08.2021 00:05:03.957,1.17179,1.17175,0.75,3.07
11.08.2021 00:05:12.236,1.1718,1.1717700000000002,0.75,0.82
11.08.2021 00:05:12.337,1.17181,1.1717700000000002,0.75,1.2
11.08.2021 00:05:12.992,1.17181,1.17178,0.75,0.1
11.08.2021 00:05:13.404,1.17181,1.1717700000000002,1.5,3.82
11.08.2021 00:05:17.785,1.17179,1.1717600000000001,0.75,0.75
11.08.2021 00:05:17.936,1.17179,1.17175,0.75,0.82
11.08.2021 00:05:21.314,1.17178,1.17174,0.75,0.82
11.08.2021 00:05:24.469,1.1717700000000002,1.17174,0.1,0.75
11.08.2021 00:05:24.571,1.1717700000000002,1.17173,0.82,0.75
11.08.2021 00:05:38.648,1.17175,1.17171,0.82,0.75
11.08.2021 00:05:38.800,1.17173,1.17171,0.75,7.57
11.08.2021 00:05:38.901,1.17173,1.1716900000000001,0.75,5.89
11.08.2021 00:05:40.498,1.17174,1.1717,0.82,0.75
11.08.2021 00:05:47.049,1.17173,1.1716900000000001,2.62,0.75
11.08.2021 00:05:47.150,1.17171,1.1716700000000002,0.75,1.57
11.08.2021 00:05:48.147,1.17173,1.1716900000000001,1.01,0.75
11.08.2021 00:05:49.351,1.1716900000000001,1.1716700000000002,0.75,1.01
11.08.2021 00:05:49.452,1.17172,1.17168,1.5,0.82
11.08.2021 00:05:49.554,1.17173,1.1716900000000001,2.88,0.75
11.08.2021 00:05:49.656,1.17171,1.1716900000000001,0.75,0.82
11.08.2021 00:06:19.766,1.17171,1.17168,0.37,0.75
11.08.2021 00:06:19.821,1.1717,1.1716600000000001,0.75,4.76
11.08.2021 00:06:34.363,1.17168,1.1716600000000001,0.75,0.19
11.08.2021 00:06:47.713,1.1716900000000001,1.1716600000000001,0.75,0.19
11.08.2021 00:06:47.815,1.17173,1.1717,8.22,0.75
11.08.2021 00:06:47.966,1.17173,1.17171,0.75,0.19
11.08.2021 00:06:48.017,1.17175,1.17172,0.75,1.76
11.08.2021 00:06:48.119,1.1717700000000002,1.17173,1.27,1.5
11.08.2021 00:06:51.086,1.17178,1.17174,2.99,0.75
11.08.2021 00:07:00.316,1.17178,1.17175,0.1,0.75
11.08.2021 00:07:18.657,1.17178,1.1717600000000001,0.1,0.75
11.08.2021 00:07:22.363,1.17178,1.17175,0.1,0.75
11.08.2021 00:07:26.968,1.17178,1.17174,0.82,1.5
11.08.2021 00:07:27.069,1.1717700000000002,1.17173,0.75,2.7
11.08.2021 00:07:33.339,1.1717700000000002,1.17174,0.1,0.75
11.08.2021 00:07:38.408,1.1717700000000002,1.17175,0.75,1.76
11.08.2021 00:07:38.509,1.17178,1.17175,0.75,0.75
11.08.2021 00:07:39.428,1.17179,1.17175,0.82,1.5
11.08.2021 00:07:57.109,1.17182,1.17178,8.81,1.39
11.08.2021 00:07:57.211,1.17183,1.1718,0.45,0.94
11.08.2021 00:07:57.312,1.17183,1.17181,0.75,0.94
11.08.2021 00:08:12.168,1.17185,1.17182,0.75,1.69
11.08.2021 00:08:12.218,1.1718700000000002,1.17183,2.24,0.75
11.08.2021 00:08:12.521,1.17189,1.17185,1.2,0.75
11.08.2021 00:08:25.389,1.17189,1.1718600000000001,0.75,0.94
11.08.2021 00:08:27.136,1.1719000000000002,1.1718600000000001,0.75,2.51
11.08.2021 00:08:28.934,1.17189,1.17185,0.75,2.44
11.08.2021 00:08:44.688,1.17188,1.17184,0.75,3.56
11.08.2021 00:08:44.839,1.1718700000000002,1.17183,0.75,2.81
11.08.2021 00:08:53.165,1.1718600000000001,1.17182,0.75,1.69
11.08.2021 00:09:22.278,1.17185,1.17181,0.75,2.44
11.08.2021 00:09:26.999,1.17184,1.17181,0.75,1.5
11.08.2021 00:09:37.070,1.17184,1.1718,0.82,0.75
11.08.2021 00:09:37.172,1.17182,1.17178,0.75,6.26
11.08.2021 00:09:37.568,1.17181,1.17179,0.75,4.5
11.08.2021 00:09:43.404,1.17182,1.17178,0.75,1.57
11.08.2021 00:09:43.555,1.17182,1.17179,0.75,0.19
11.08.2021 00:09:58.983,1.17182,1.17178,0.75,4.69
11.08.2021 00:09:59.085,1.17181,1.17178,0.75,0.94
11.08.2021 00:10:00.318,1.17182,1.17178,0.75,1.69
11.08.2021 00:10:00.925,1.1718,1.1717700000000002,0.75,1.69
11.08.2021 00:10:02.663,1.1718,1.1717600000000001,0.75,5.44
11.08.2021 00:10:02.870,1.17179,1.17175,0.75,3.19
11.08.2021 00:10:05.404,1.17178,1.17175,0.75,2.44
11.08.2021 00:10:20.635,1.1717700000000002,1.17175,0.75,0.75
11.08.2021 00:10:22.951,1.1717700000000002,1.17174,0.75,1.69
11.08.2021 00:10:23.066,1.1717700000000002,1.17175,0.75,0.75
11.08.2021 00:10:33.816,1.17178,1.17175,0.75,1.5
11.08.2021 00:10:33.918,1.17179,1.17175,1.12,2.44
11.08.2021 00:11:22.079,1.17178,1.17175,0.75,2.44
11.08.2021 00:11:22.230,1.17178,1.17174,0.75,3.56
11.08.2021 00:11:22.332,1.1717600000000001,1.17173,0.75,1.5
11.08.2021 00:11:22.983,1.17175,1.17172,0.75,0.75
11.08.2021 00:11:23.085,1.17175,1.17173,0.75,0.75
11.08.2021 00:11:23.338,1.17175,1.17174,0.75,1.5
11.08.2021 00:11:27.264,1.1717700000000002,1.17173,0.75,7.76
11.08.2021 00:11:27.367,1.1717700000000002,1.17174,0.75,0.75
11.08.2021 00:11:27.469,1.1717700000000002,1.17175,0.75,2.44
11.08.2021 00:11:32.610,1.1717700000000002,1.17174,0.75,0.94
11.08.2021 00:11:48.233,1.1717700000000002,1.17173,0.75,1.69
11.08.2021 00:11:48.335,1.17175,1.17172,0.75,2.89
11.08.2021 00:12:07.524,1.1717600000000001,1.17172,0.75,6.19
11.08.2021 00:12:08.159,1.17175,1.17171,0.75,5.51
11.08.2021 00:12:08.260,1.17174,1.17171,0.75,0.94
11.08.2021 00:12:09.380,1.17175,1.17172,0.75,0.94
11.08.2021 00:12:16.048,1.1717600000000001,1.17172,0.75,1.69
11.08.2021 00:12:16.150,1.1717600000000001,1.17174,0.75,0.19
11.08.2021 00:12:16.252,1.1717700000000002,1.17174,0.75,0.94
11.08.2021 00:12:23.028,1.1717600000000001,1.17174,0.75,1.69
11.08.2021 00:12:27.718,1.17178,1.17174,0.75,0.75
11.08.2021 00:12:31.172,1.17178,1.17175,0.75,0.75
11.08.2021 00:12:31.406,1.17179,1.17175,1.12,0.94
11.08.2021 00:12:52.519,1.17179,1.1717600000000001,0.75,0.19
11.08.2021 00:13:05.892,1.17179,1.17175,0.75,1.69
11.08.2021 00:13:35.481,1.17178,1.17175,0.75,0.75
11.08.2021 00:13:38.124,1.1717700000000002,1.17174,0.75,1.69
11.08.2021 00:13:38.245,1.17175,1.17172,0.75,1.39
11.08.2021 00:13:38.451,1.17174,1.17172,0.75,0.75
11.08.2021 00:13:38.714,1.17174,1.17171,0.75,2.51
11.08.2021 00:13:40.008,1.17173,1.17171,0.75,0.94
11.08.2021 00:13:40.110,1.17173,1.1717,0.75,1.69
11.08.2021 00:13:43.923,1.17173,1.17171,0.75,0.19
11.08.2021 00:13:44.025,1.17175,1.17172,0.75,0.19
11.08.2021 00:13:44.126,1.1717600000000001,1.17172,0.75,5.89
11.08.2021 00:13:44.228,1.1717700000000002,1.17173,0.75,0.75
11.08.2021 00:14:00.198,1.17178,1.17174,0.75,0.75
11.08.2021 00:14:10.908,1.1717700000000002,1.17173,0.75,0.75
11.08.2021 00:14:14.674,1.1717600000000001,1.17172,1.2,0.75
11.08.2021 00:14:14.775,1.17175,1.17171,0.75,1.5
11.08.2021 00:14:28.746,1.1717700000000002,1.17173,0.75,1.2
11.08.2021 00:14:28.847,1.17178,1.17174,2.24,0.75
11.08.2021 00:14:35.326,1.1717700000000002,1.17173,0.75,0.75
11.08.2021 00:14:35.578,1.1717700000000002,1.17174,0.75,0.75
11.08.2021 00:14:35.988,1.17175,1.17173,0.75,0.75
11.08.2021 00:14:36.291,1.17175,1.17171,0.75,1.5
11.08.2021 00:14:37.319,1.1717600000000001,1.17172,0.75,0.75
11.08.2021 00:14:37.420,1.1717600000000001,1.17173,0.75,0.75
11.08.2021 00:14:38.870,1.1717700000000002,1.17173,0.75,0.75
11.08.2021 00:14:38.971,1.1717700000000002,1.17175,1.2,0.75
11.08.2021 00:14:49.339,1.1717700000000002,1.17173,0.75,0.75
11.08.2021 00:14:49.541,1.1717600000000001,1.17173,0.75,0.75
11.08.2021 00:14:49.592,1.17174,1.17172,0.75,1.5
11.08.2021 00:14:53.407,1.17174,1.17171,0.75,0.75
11.08.2021 00:15:03.081,1.17174,1.1717,0.75,0.75
11.08.2021 00:15:04.375,1.17175,1.17171,2.35,0.75
11.08.2021 00:15:04.708,1.17174,1.17171,0.75,0.75
11.08.2021 00:15:06.012,1.17174,1.1717,0.75,1.01
11.08.2021 00:15:06.504,1.1717700000000002,1.17174,0.45,0.75
11.08.2021 00:15:06.656,1.17178,1.17174,1.5,0.75
11.08.2021 00:15:08.397,1.1717600000000001,1.17175,0.75,0.75
11.08.2021 00:15:33.263,1.17175,1.17171,0.75,1.5
11.08.2021 00:15:33.364,1.17174,1.1717,0.75,9.07
11.08.2021 00:15:33.466,1.17173,1.1717,0.75,7.5
11.08.2021 00:15:33.516,1.17171,1.17168,0.75,1.12
11.08.2021 00:15:35.014,1.17172,1.17168,0.75,0.75
11.08.2021 00:15:41.825,1.17172,1.1716900000000001,0.75,0.94
11.08.2021 00:15:41.927,1.17173,1.1717,0.75,0.75
11.08.2021 00:15:54.022,1.17174,1.1717,0.75,1.39
11.08.2021 00:15:54.124,1.17175,1.17171,0.75,5.14
11.08.2021 00:15:54.244,1.17175,1.17172,0.75,0.75
11.08.2021 00:15:56.683,1.1717600000000001,1.17173,0.75,1.01
11.08.2021 00:15:56.784,1.1717700000000002,1.17174,0.75,0.75
11.08.2021 00:16:05.889,1.17178,1.17174,0.75,0.75
11.08.2021 00:16:18.668,1.17179,1.17175,2.14,0.75
11.08.2021 00:16:36.840,1.1717600000000001,1.17172,1.57,0.82
11.08.2021 00:16:36.941,1.17175,1.17171,0.82,1.57
11.08.2021 00:16:42.333,1.17174,1.17171,0.75,0.82
11.08.2021 00:16:43.374,1.1717600000000001,1.17173,2.17,0.75
11.08.2021 00:16:43.476,1.1717700000000002,1.17175,7.02,0.75
11.08.2021 00:16:43.577,1.17179,1.17175,1.57,0.75
11.08.2021 00:17:08.176,1.17181,1.1717700000000002,10.31,0.75
11.08.2021 00:17:08.278,1.17182,1.17179,0.45,0.75
11.08.2021 00:17:08.380,1.17183,1.17179,0.75,0.75
11.08.2021 00:17:24.918,1.17182,1.17178,0.75,0.75
11.08.2021 00:17:26.953,1.1718,1.1717700000000002,0.75,0.75
11.08.2021 00:17:27.055,1.17179,1.17175,0.75,1.57
11.08.2021 00:17:33.917,1.1718,1.1717600000000001,0.75,1.01
11.08.2021 00:17:34.045,1.17181,1.1717700000000002,2.62,0.75
11.08.2021 00:17:34.097,1.17182,1.17179,2.54,0.75
11.08.2021 00:17:36.904,1.17183,1.17179,2.62,0.75
11.08.2021 00:17:37.683,1.17183,1.17181,3.93,0.75
11.08.2021 00:17:53.832,1.17183,1.1718,1.04,0.75
11.08.2021 00:17:56.676,1.17184,1.1718,2.8,0.75
11.08.2021 00:17:57.193,1.17183,1.1718,1.04,0.75
11.08.2021 00:18:06.931,1.17183,1.17179,1.79,0.82
11.08.2021 00:18:09.195,1.17182,1.17179,0.37,0.82
11.08.2021 00:18:09.361,1.17183,1.17179,1.79,0.82
11.08.2021 00:18:23.489,1.17182,1.17179,1.87,0.75
11.08.2021 00:18:23.591,1.17181,1.17178,0.75,0.75
11.08.2021 00:18:27.972,1.17182,1.17178,2.62,1.12
11.08.2021 00:18:44.391,1.17181,1.17178,0.37,0.82
11.08.2021 00:18:44.442,1.1718,1.1717600000000001,0.82,0.75
11.08.2021 00:19:00.250,1.1718,1.1717700000000002,0.75,1.5
11.08.2021 00:19:00.504,1.17181,1.1717700000000002,0.75,0.82
11.08.2021 00:19:01.151,1.1718,1.1717600000000001,0.75,0.82
11.08.2021 00:19:09.701,1.17179,1.17175,0.75,1.76
11.08.2021 00:19:18.714,1.17175,1.17172,0.75,0.94
11.08.2021 00:19:18.815,1.17174,1.17171,0.75,0.94
11.08.2021 00:19:52.830,1.1717700000000002,1.17173,2.54,0.75
11.08.2021 00:19:54.523,1.1717600000000001,1.17172,0.75,2.14
11.08.2021 00:19:54.674,1.1717600000000001,1.17173,0.75,0.19
11.08.2021 00:19:54.775,1.1717700000000002,1.17173,0.75,1.31
11.08.2021 00:20:21.333,1.1717700000000002,1.17174,0.75,0.94
11.08.2021 00:20:35.819,1.17174,1.17171,0.75,1.87
11.08.2021 00:20:35.921,1.17173,1.1717,0.75,11.89
11.08.2021 00:20:53.445,1.17173,1.1716900000000001,0.82,0.75
11.08.2021 00:20:53.547,1.17172,1.1716900000000001,0.75,0.75
11.08.2021 00:20:53.649,1.17171,1.1716900000000001,0.75,1.39
11.08.2021 00:20:56.743,1.17172,1.1716900000000001,0.75,0.75
11.08.2021 00:21:10.555,1.17173,1.1716900000000001,0.82,0.75
11.08.2021 00:21:33.724,1.17174,1.17171,0.75,0.19
11.08.2021 00:21:33.825,1.17174,1.1717,0.75,5.14
11.08.2021 00:21:35.772,1.17173,1.1717,0.75,2.14
11.08.2021 00:22:02.865,1.17172,1.17168,0.75,3.26
11.08.2021 00:22:02.967,1.17172,1.1716900000000001,0.75,0.75
11.08.2021 00:22:09.050,1.17173,1.1716900000000001,0.75,5.81
11.08.2021 00:22:09.152,1.17173,1.17172,0.75,0.75
11.08.2021 00:22:22.513,1.17174,1.1717,1.79,0.75
11.08.2021 00:22:23.780,1.17173,1.17172,0.75,1.12
11.08.2021 00:22:27.192,1.17175,1.17172,0.75,5.51
11.08.2021 00:22:28.962,1.1717600000000001,1.17174,0.75,4.76
11.08.2021 00:22:32.154,1.1717700000000002,1.17174,0.75,0.1
11.08.2021 00:23:19.490,1.17178,1.17174,0.82,0.82
11.08.2021 00:23:27.255,1.17178,1.17175,0.75,0.75
11.08.2021 00:23:28.673,1.17178,1.17174,0.75,0.75
11.08.2021 00:23:28.775,1.1717700000000002,1.17173,0.75,1.5
11.08.2021 00:23:34.100,1.17175,1.17171,1.01,0.75
11.08.2021 00:23:34.202,1.17174,1.1717,0.75,0.82
11.08.2021 00:23:34.657,1.17172,1.1716900000000001,0.75,0.75
11.08.2021 00:23:35.011,1.17172,1.17168,0.75,1.12
11.08.2021 00:23:35.113,1.1716900000000001,1.17165,0.75,1.95
11.08.2021 00:23:35.214,1.17168,1.1716600000000001,0.75,4.2
11.08.2021 00:23:35.569,1.17168,1.17164,0.75,5.44
11.08.2021 00:23:37.385,1.1716700000000002,1.17164,0.75,1.5
11.08.2021 00:23:40.610,1.17164,1.17162,0.75,0.75
11.08.2021 00:23:40.711,1.17163,1.1716,0.1,0.75
11.08.2021 00:23:40.813,1.17164,1.1716,0.82,0.75
11.08.2021 00:23:41.180,1.17162,1.17161,0.1,0.75
11.08.2021 00:23:41.943,1.17162,1.17158,0.82,4.5
11.08.2021 00:23:43.133,1.17161,1.1715700000000002,0.75,1.5
11.08.2021 00:23:43.184,1.17158,1.17155,0.75,2.73
11.08.2021 00:23:57.989,1.17158,1.17154,0.82,1.5
11.08.2021 00:24:00.667,1.17158,1.17155,0.82,0.75
11.08.2021 00:24:00.925,1.17158,1.17154,0.82,1.87
11.08.2021 00:24:01.742,1.1715700000000002,1.17154,0.75,1.12
11.08.2021 00:24:05.472,1.1715700000000002,1.17153,0.82,1.87
11.08.2021 00:24:14.083,1.17158,1.17154,1.2,0.75
11.08.2021 00:24:15.710,1.1715700000000002,1.17153,0.75,2.89
11.08.2021 00:24:37.992,1.17155,1.17154,0.75,0.75
11.08.2021 00:24:38.196,1.1715700000000002,1.17154,1.2,0.75
11.08.2021 00:24:38.640,1.1715700000000002,1.17153,0.82,0.75
11.08.2021 00:24:40.628,1.1715700000000002,1.17154,0.82,0.75
11.08.2021 00:24:42.015,1.1715700000000002,1.17153,0.82,4.5
11.08.2021 00:24:43.559,1.1715700000000002,1.17154,0.82,0.75
11.08.2021 00:24:45.415,1.17158,1.17154,2.32,1.5
11.08.2021 00:24:46.393,1.1715700000000002,1.17154,0.75,0.75
11.08.2021 00:24:46.580,1.1715700000000002,1.17155,2.32,1.5
11.08.2021 00:24:46.803,1.1715700000000002,1.17154,0.75,1.5
11.08.2021 00:24:46.911,1.1715700000000002,1.17153,1.2,1.5
11.08.2021 00:24:47.164,1.1715700000000002,1.17154,0.82,1.5
11.08.2021 00:24:50.842,1.1715700000000002,1.17153,0.75,1.95
11.08.2021 00:25:00.188,1.1715700000000002,1.17154,0.82,0.75
11.08.2021 00:25:05.149,1.1715700000000002,1.17153,0.82,1.5
11.08.2021 00:25:06.462,1.1715700000000002,1.17154,0.82,0.75
11.08.2021 00:25:16.212,1.17158,1.17154,1.57,0.75
11.08.2021 00:25:22.757,1.1715700000000002,1.17154,0.1,0.75
11.08.2021 00:25:28.512,1.17158,1.17154,1.27,0.75
11.08.2021 00:25:29.580,1.17159,1.1715700000000002,1.57,1.5
11.08.2021 00:25:29.732,1.17161,1.17158,0.75,4.5
11.08.2021 00:25:33.313,1.17162,1.17159,0.82,0.75
11.08.2021 00:25:49.321,1.1716,1.1715700000000002,0.75,0.75
11.08.2021 00:25:49.423,1.1716,1.1715600000000002,0.82,1.87
11.08.2021 00:25:50.324,1.1716,1.1715700000000002,0.75,0.75
11.08.2021 00:25:50.425,1.17161,1.17158,0.75,3
11.08.2021 00:25:51.365,1.17162,1.17158,0.75,3.75
11.08.2021 00:26:13.960,1.17163,1.17159,1.2,0.75
11.08.2021 00:26:36.526,1.17161,1.17158,0.82,1.12
11.08.2021 00:26:46.950,1.17162,1.17159,0.82,0.75
11.08.2021 00:26:48.931,1.17161,1.17158,0.82,0.75
11.08.2021 00:26:49.084,1.1716,1.17158,0.19,0.75
11.08.2021 00:26:49.135,1.17159,1.1715600000000002,0.82,0.75
11.08.2021 00:26:49.289,1.17159,1.17155,0.82,1.5
11.08.2021 00:26:50.394,1.17158,1.17155,0.1,1.5
11.08.2021 00:26:53.252,1.17159,1.17155,1.76,0.75
11.08.2021 00:27:00.108,1.1716,1.17158,0.45,0.75
11.08.2021 00:27:00.159,1.1716,1.1715600000000002,1.2,0.82
11.08.2021 00:27:09.607,1.17159,1.1715600000000002,0.75,3.75
11.08.2021 00:27:12.096,1.17162,1.17158,3.15,0.75
11.08.2021 00:27:37.815,1.17162,1.17159,0.82,0.75
11.08.2021 00:28:06.636,1.17163,1.17159,1.57,0.75
11.08.2021 00:28:27.114,1.17164,1.17163,7.02,3.37
11.08.2021 00:28:27.216,1.1716600000000001,1.17163,1.27,0.75
11.08.2021 00:28:27.369,1.1716700000000002,1.17163,0.82,0.75
11.08.2021 00:28:27.471,1.1716700000000002,1.17164,0.82,0.75
11.08.2021 00:28:32.033,1.1716700000000002,1.1716600000000001,0.1,0.75
11.08.2021 00:29:41.968,1.1716900000000001,1.17165,1.79,0.75
11.08.2021 00:30:03.069,1.17168,1.17165,2.25,0.75
11.08.2021 00:30:03.120,1.1716600000000001,1.17164,0.82,0.75
11.08.2021 00:30:03.374,1.1716600000000001,1.17163,0.75,0.75
11.08.2021 00:30:03.593,1.1716700000000002,1.17163,0.82,3.75
11.08.2021 00:30:03.745,1.17168,1.17165,1.27,0.75
11.08.2021 00:30:07.224,1.1716900000000001,1.17165,0.82,0.75
11.08.2021 00:30:10.381,1.17168,1.1716700000000002,0.75,0.75
11.08.2021 00:30:13.795,1.17172,1.17168,0.82,3.75
11.08.2021 00:30:13.898,1.17171,1.1717,0.82,0.75
11.08.2021 00:30:19.676,1.17173,1.1716900000000001,0.82,3
11.08.2021 00:30:20.560,1.17174,1.1717,1.87,0.75
11.08.2021 00:30:43.479,1.17173,1.1717,0.1,0.75
11.08.2021 00:30:46.383,1.17174,1.1717,0.82,0.75
11.08.2021 00:30:47.537,1.17173,1.1716900000000001,0.82,2.25
11.08.2021 00:31:27.062,1.17172,1.1716900000000001,0.75,1.5
11.08.2021 00:31:46.506,1.17173,1.1717,0.75,0.75
11.08.2021 00:32:33.312,1.17173,1.1716900000000001,0.82,1.5
11.08.2021 00:32:45.304,1.17173,1.17171,2.24,0.75
11.08.2021 00:32:57.584,1.17173,1.1717,0.1,0.75
11.08.2021 00:32:57.836,1.17173,1.1716900000000001,0.82,1.5
11.08.2021 00:33:26.410,1.17172,1.1716900000000001,0.19,1.5
11.08.2021 00:33:26.512,1.17173,1.1716900000000001,1.01,1.5
11.08.2021 00:33:30.312,1.17172,1.1716900000000001,0.75,1.5
11.08.2021 00:34:01.282,1.17171,1.1716900000000001,0.75,0.75
11.08.2021 00:34:01.384,1.17171,1.1716700000000002,0.94,2.7
11.08.2021 00:34:01.485,1.17171,1.17168,0.75,0.75
11.08.2021 00:34:01.638,1.17172,1.1716900000000001,0.75,0.75
11.08.2021 00:34:06.313,1.17173,1.1716900000000001,1.01,1.5
11.08.2021 00:34:19.381,1.17171,1.17168,2.32,0.75
11.08.2021 00:34:19.483,1.1716900000000001,1.17168,0.26,1.5
11.08.2021 00:34:19.900,1.17171,1.1716700000000002,1.39,1.5
11.08.2021 00:34:20.841,1.1717,1.1716700000000002,0.75,0.75
11.08.2021 00:34:21.146,1.17171,1.1716700000000002,1.39,1.5
11.08.2021 00:34:23.028,1.17171,1.17168,0.75,0.75
11.08.2021 00:34:33.877,1.17173,1.1717,0.19,0.75
11.08.2021 00:34:33.979,1.17174,1.1717,3.18,0.75
11.08.2021 00:34:34.678,1.17173,1.1717,0.19,0.75
11.08.2021 00:34:37.449,1.17174,1.1717,2.43,0.75
11.08.2021 00:34:38.481,1.17173,1.1717,0.1,0.75
11.08.2021 00:34:44.867,1.17173,1.17171,2.43,1.5
11.08.2021 00:34:47.555,1.17175,1.17171,0.75,2.32
11.08.2021 00:34:47.657,1.17174,1.17171,0.75,1.5
11.08.2021 00:34:51.312,1.17175,1.17171,2.05,1.5
11.08.2021 00:34:55.152,1.17174,1.17171,0.26,1.5
11.08.2021 00:35:02.571,1.17172,1.1717,3.82,2.25
11.08.2021 00:35:02.673,1.17172,1.1716900000000001,1.39,0.75
11.08.2021 00:35:02.776,1.17172,1.17168,1.39,0.75
11.08.2021 00:35:35.624,1.17171,1.1716700000000002,1.57,1.5
11.08.2021 00:35:35.725,1.1717,1.1716700000000002,0.26,1.5
11.08.2021 00:35:35.827,1.1716900000000001,1.1716700000000002,0.19,1.5
11.08.2021 00:35:36.337,1.1716900000000001,1.1716600000000001,0.19,1.5
11.08.2021 00:35:39.664,1.17168,1.1716600000000001,0.19,0.75
11.08.2021 00:35:39.765,1.17168,1.17165,0.19,1.5
11.08.2021 00:35:39.867,1.1716900000000001,1.17165,1.39,1.5
11.08.2021 00:35:40.475,1.17168,1.17165,0.19,1.5
11.08.2021 00:35:40.892,1.1716900000000001,1.17165,1.39,1.5
11.08.2021 00:35:55.457,1.17168,1.17165,0.19,1.5
11.08.2021 00:36:42.825,1.1716900000000001,1.17165,1.39,0.75
11.08.2021 00:36:44.915,1.1716900000000001,1.1716600000000001,0.82,0.75
11.08.2021 00:36:48.313,1.1717,1.1716600000000001,0.82,1.5
11.08.2021 00:36:58.197,1.1716900000000001,1.1716600000000001,0.1,1.5
11.08.2021 00:37:00.304,1.1717,1.1716600000000001,0.82,1.5
11.08.2021 00:37:00.608,1.1717,1.1716700000000002,0.75,0.75
11.08.2021 00:37:09.783,1.17172,1.17168,0.82,0.82
11.08.2021 00:37:16.857,1.17172,1.1716900000000001,0.1,0.75
11.08.2021 00:38:09.867,1.17173,1.1716900000000001,1.12,0.75
11.08.2021 00:38:13.708,1.17171,1.1716700000000002,3.26,1.57
11.08.2021 00:38:14.222,1.1717,1.1716700000000002,0.1,1.5
11.08.2021 00:38:19.269,1.17171,1.1716700000000002,0.82,1.69
11.08.2021 00:38:19.692,1.17173,1.1716900000000001,2.24,0.75
11.08.2021 00:38:19.793,1.17171,1.17168,1.95,0.75
11.08.2021 00:38:30.718,1.17172,1.1716900000000001,0.82,0.75
11.08.2021 00:39:15.235,1.1716900000000001,1.17168,1.95,0.75
11.08.2021 00:39:17.539,1.1716900000000001,1.1716600000000001,0.75,1.5
11.08.2021 00:39:31.099,1.1716900000000001,1.17165,1.2,1.5
11.08.2021 00:39:31.201,1.17168,1.17165,0.1,0.75
11.08.2021 00:39:31.302,1.1716600000000001,1.17162,1.57,6.82
11.08.2021 00:39:34.112,1.1716700000000002,1.17164,0.75,0.75
11.08.2021 00:39:34.517,1.1716700000000002,1.17163,0.82,0.75
11.08.2021 00:40:00.324,1.17168,1.17164,1.2,0.75
11.08.2021 00:40:00.427,1.17168,1.17165,0.37,0.75
11.08.2021 00:40:04.972,1.1716900000000001,1.17165,1.2,0.75
11.08.2021 00:40:07.075,1.17168,1.17165,0.1,0.75
11.08.2021 00:40:08.012,1.1716600000000001,1.17163,0.75,0.75
11.08.2021 00:40:08.164,1.17164,1.17161,0.75,2.89
11.08.2021 00:40:27.559,1.17164,1.1716,0.82,1.5
11.08.2021 00:40:57.232,1.17162,1.17161,0.1,0.75
11.08.2021 00:40:57.283,1.1716,1.1715700000000002,0.37,2.7
11.08.2021 00:40:57.486,1.1716,1.1715600000000002,2.99,0.75
11.08.2021 00:40:57.940,1.17159,1.1715600000000002,0.1,0.75
11.08.2021 00:40:58.042,1.1716,1.1715600000000002,2.99,0.75
11.08.2021 00:40:58.193,1.17159,1.1715600000000002,0.1,0.75
11.08.2021 00:41:00.178,1.17159,1.17155,0.82,0.75
11.08.2021 00:41:01.710,1.17158,1.17155,0.1,0.75
11.08.2021 00:41:02.052,1.1715600000000002,1.17154,0.75,0.75
11.08.2021 00:41:02.103,1.17155,1.1715200000000001,0.75,6.48
11.08.2021 00:41:02.205,1.1715600000000002,1.1715200000000001,0.75,6.07
11.08.2021 00:41:06.312,1.1715700000000002,1.17153,1.2,0.75
11.08.2021 00:41:12.157,1.1715700000000002,1.17154,0.82,0.75
11.08.2021 00:41:19.001,1.17158,1.17154,0.82,0.75
11.08.2021 00:41:19.103,1.17158,1.17155,0.1,0.75
11.08.2021 00:41:19.205,1.17159,1.17155,1.2,0.75
11.08.2021 00:41:23.036,1.17158,1.1715600000000002,2.24,0.75
11.08.2021 00:41:26.850,1.17161,1.1715700000000002,1.57,1.57
11.08.2021 00:41:26.953,1.17162,1.1716,3.15,0.75
11.08.2021 00:41:27.829,1.17163,1.1716,0.1,0.75
11.08.2021 00:41:27.930,1.17164,1.1716,1.95,0.75
11.08.2021 00:41:35.168,1.17163,1.1716,0.1,0.75
11.08.2021 00:41:36.530,1.17164,1.1716,0.82,0.75
11.08.2021 00:42:18.867,1.1716600000000001,1.17163,1.2,0.37
11.08.2021 00:42:18.969,1.1716600000000001,1.17164,0.45,2.25
11.08.2021 00:42:19.070,1.1716900000000001,1.17165,1.2,0.75
11.08.2021 00:42:19.978,1.1716900000000001,1.1716600000000001,0.37,0.75
11.08.2021 00:42:32.973,1.1717,1.1716600000000001,2.92,0.75
11.08.2021 00:42:37.757,1.1716900000000001,1.17165,0.75,0.75
11.08.2021 00:42:43.794,1.1716700000000002,1.17165,2.25,0.75
11.08.2021 00:42:46.380,1.17168,1.1716600000000001,2.92,0.75
11.08.2021 00:42:46.481,1.1717,1.1716600000000001,4.6,0.75
11.08.2021 00:42:55.916,1.1716900000000001,1.17168,0.75,0.94
11.08.2021 00:42:56.017,1.17172,1.1716900000000001,0.45,0.75
11.08.2021 00:42:56.119,1.17175,1.17172,9.37,0.75
11.08.2021 00:42:56.423,1.17173,1.1717,0.75,0.75
11.08.2021 00:42:56.575,1.17174,1.17171,9.38,0.75
11.08.2021 00:43:02.020,1.17173,1.17171,0.75,0.75
11.08.2021 00:43:02.121,1.17172,1.1716900000000001,1.12,0.75
11.08.2021 00:43:02.222,1.17172,1.17168,1.12,0.75
11.08.2021 00:43:02.324,1.17173,1.1716900000000001,2.17,0.75
11.08.2021 00:43:03.756,1.17173,1.1717,1.69,0.75
11.08.2021 00:43:09.195,1.17174,1.1717,3.1,0.75
11.08.2021 00:43:22.867,1.17173,1.1716900000000001,0.75,0.75
11.08.2021 00:43:27.079,1.17174,1.1717,1.12,0.75
11.08.2021 00:43:43.158,1.17173,1.1716900000000001,0.75,0.75
11.08.2021 00:43:47.234,1.17174,1.1717,0.75,0.75
11.08.2021 00:43:47.692,1.17173,1.1717,0.75,0.75
11.08.2021 00:43:49.898,1.17173,1.1716900000000001,0.75,0.75
11.08.2021 00:44:03.089,1.17172,1.17168,0.75,2.25
11.08.2021 00:44:03.464,1.1717,1.1716700000000002,1.5,0.75
11.08.2021 00:44:04.751,1.1717,1.1716600000000001,1.87,0.75
11.08.2021 00:44:04.852,1.17168,1.1716600000000001,0.75,0.75
11.08.2021 00:44:13.707,1.1716700000000002,1.17165,0.75,1.5
11.08.2021 00:44:34.840,1.17165,1.17162,0.75,3
11.08.2021 00:44:34.941,1.17165,1.17161,0.75,8.7
11.08.2021 00:44:35.043,1.17164,1.17161,0.75,7.5
11.08.2021 00:44:35.144,1.17164,1.1716,0.75,0.75
11.08.2021 00:44:35.246,1.17163,1.1716,0.75,0.75
11.08.2021 00:44:35.348,1.17164,1.17161,0.75,0.75
11.08.2021 00:44:35.653,1.17164,1.1716,0.75,0.75
11.08.2021 00:44:40.149,1.17164,1.17161,0.75,0.75
11.08.2021 00:44:41.337,1.17165,1.17161,0.75,1.5
11.08.2021 00:44:41.439,1.17165,1.17162,0.75,0.75
11.08.2021 00:44:41.541,1.1716600000000001,1.17162,0.75,0.75
11.08.2021 00:45:00.592,1.1716600000000001,1.17163,0.75,1.2
11.08.2021 00:45:03.548,1.1716700000000002,1.17163,0.75,1.2
11.08.2021 00:45:21.153,1.1716700000000002,1.17164,0.75,0.1
11.08.2021 00:45:25.677,1.1716700000000002,1.1716600000000001,0.75,0.75
11.08.2021 00:45:25.779,1.1716900000000001,1.17165,1.87,0.75
11.08.2021 00:45:34.286,1.17168,1.17164,0.75,2.32
11.08.2021 00:45:34.539,1.1716700000000002,1.17164,1.5,0.75
11.08.2021 00:45:34.640,1.17165,1.17162,0.75,0.82
11.08.2021 00:45:34.742,1.17164,1.17162,0.75,0.75
11.08.2021 00:45:51.101,1.17164,1.17161,0.75,1.95
11.08.2021 00:46:00.247,1.17164,1.17163,0.75,3.07
11.08.2021 00:46:00.356,1.1716600000000001,1.17163,0.75,0.82
11.08.2021 00:46:00.457,1.1716600000000001,1.17164,0.75,0.75
11.08.2021 00:46:00.649,1.17164,1.17162,0.75,0.1
11.08.2021 00:46:00.750,1.17164,1.17161,0.75,0.1
11.08.2021 00:46:01.372,1.17163,1.17161,0.75,4.5
11.08.2021 00:46:04.295,1.17163,1.1716,0.75,0.75
11.08.2021 00:46:04.397,1.17162,1.1716,0.75,2.25
11.08.2021 00:46:05.844,1.17159,1.1715600000000002,0.75,2.32
11.08.2021 00:46:14.732,1.17159,1.17155,0.75,0.75
11.08.2021 00:46:14.833,1.17159,1.1715700000000002,0.75,0.1
11.08.2021 00:46:14.961,1.17161,1.17159,0.75,0.1
11.08.2021 00:46:15.063,1.17162,1.17159,0.75,0.1
11.08.2021 00:46:19.545,1.17161,1.17158,0.75,0.82
11.08.2021 00:46:29.608,1.17161,1.1716,0.75,0.26
11.08.2021 00:46:45.413,1.17161,1.17158,0.75,1.01
11.08.2021 00:47:09.291,1.1716,1.1715600000000002,1.2,0.82
11.08.2021 00:47:09.393,1.17159,1.1715600000000002,0.75,0.82
11.08.2021 00:47:09.494,1.17159,1.17155,0.82,1.76
11.08.2021 00:47:09.905,1.17158,1.17155,0.1,0.75
11.08.2021 00:47:10.026,1.17158,1.17154,0.82,1.76
11.08.2021 00:47:15.170,1.17158,1.17155,0.82,0.75
11.08.2021 00:47:15.989,1.17158,1.17154,0.82,1.76
11.08.2021 00:47:21.312,1.1715700000000002,1.1715600000000002,0.82,0.75
11.08.2021 00:47:28.303,1.17158,1.1715600000000002,0.82,0.37
11.08.2021 00:47:28.459,1.17158,1.17155,0.82,0.75
11.08.2021 00:47:32.141,1.17158,1.17154,0.82,1.76
11.08.2021 00:47:32.300,1.1715600000000002,1.17154,0.37,1.01
11.08.2021 00:47:32.352,1.17155,1.1715200000000001,1.57,0.94
11.08.2021 00:47:32.843,1.17154,1.1715200000000001,0.75,0.75
11.08.2021 00:47:33.965,1.17154,1.17151,0.82,0.75
11.08.2021 00:47:55.897,1.17154,1.1715,0.82,1.76
11.08.2021 00:47:57.517,1.17151,1.17148,1.5,0.82
11.08.2021 00:47:57.619,1.1715200000000001,1.17149,1.57,0.75
11.08.2021 00:47:57.670,1.1715,1.1714600000000002,0.82,4.39
11.08.2021 00:47:59.515,1.17149,1.1714600000000002,0.1,0.75
11.08.2021 00:47:59.667,1.17148,1.17145,0.82,0.75
11.08.2021 00:48:33.268,1.17148,1.1714600000000002,0.1,0.75
11.08.2021 00:48:39.312,1.1714700000000002,1.1714600000000002,0.1,0.75
11.08.2021 00:48:48.951,1.17149,1.17145,0.82,0.82
11.08.2021 00:48:54.363,1.1715,1.1714700000000002,1.2,2.51
11.08.2021 00:48:56.667,1.17151,1.17148,0.82,0.75
11.08.2021 00:49:00.244,1.17153,1.17149,3.07,0.82
11.08.2021 00:49:03.518,1.1715200000000001,1.17149,0.1,0.75
11.08.2021 00:49:12.936,1.1715,1.17148,0.1,0.75
11.08.2021 00:49:13.037,1.1715,1.1714700000000002,0.82,0.75
11.08.2021 00:49:18.917,1.17151,1.17149,1.2,0.75
11.08.2021 00:49:19.120,1.1715200000000001,1.17149,1.57,0.75
11.08.2021 00:49:19.893,1.1715,1.17148,0.1,0.75
11.08.2021 00:49:19.995,1.1715,1.1714700000000002,0.82,0.75
11.08.2021 00:49:24.199,1.1715,1.17148,0.1,0.75
11.08.2021 00:49:24.301,1.17151,1.17148,2.02,0.75
11.08.2021 00:49:24.402,1.1715200000000001,1.17149,1.5,0.75
11.08.2021 00:49:31.609,1.1715200000000001,1.17148,2.62,0.75
11.08.2021 00:49:46.700,1.17153,1.1715,0.45,0.75
11.08.2021 00:49:46.852,1.17154,1.1715,0.82,0.75
11.08.2021 00:49:46.954,1.17154,1.17151,0.1,0.75
11.08.2021 00:49:56.410,1.17154,1.1715,0.82,0.75
11.08.2021 00:50:18.614,1.17158,1.1715600000000002,7.77,0.82
11.08.2021 00:50:18.717,1.17159,1.1715600000000002,1.12,1.76
11.08.2021 00:50:18.869,1.17159,1.17155,0.75,1.31
11.08.2021 00:50:19.022,1.17159,1.1715600000000002,0.75,0.1
11.08.2021 00:50:19.226,1.17159,1.17155,0.75,2.06
11.08.2021 00:50:19.327,1.17158,1.1715700000000002,0.75,0.1
11.08.2021 00:50:20.483,1.1716,1.1715600000000002,0.75,1.76
11.08.2021 00:50:20.738,1.17159,1.1715600000000002,0.75,1.5
11.08.2021 00:50:24.505,1.1716,1.1715600000000002,0.75,0.82
11.08.2021 00:50:27.137,1.17161,1.1715700000000002,0.75,1.76
11.08.2021 00:50:27.633,1.17161,1.17158,0.75,0.75
11.08.2021 00:50:33.624,1.17162,1.17159,0.75,0.82
11.08.2021 00:50:41.395,1.17161,1.17159,0.82,1.5
11.08.2021 00:50:44.218,1.17163,1.17159,0.82,0.75
11.08.2021 00:51:31.360,1.17162,1.17159,0.75,0.75
11.08.2021 00:52:02.528,1.17163,1.1716,0.75,0.75
11.08.2021 00:52:06.186,1.17164,1.17161,0.75,0.75
11.08.2021 00:52:06.393,1.17163,1.1716,0.75,5.73
11.08.2021 00:52:06.494,1.17164,1.1716,0.75,1.76
11.08.2021 00:52:06.596,1.17164,1.17161,0.75,0.75
11.08.2021 00:52:06.697,1.17163,1.1716,0.75,0.75
11.08.2021 00:52:17.721,1.17164,1.1716,0.75,0.75
11.08.2021 00:53:13.251,1.17163,1.1716,0.75,0.75
11.08.2021 00:53:13.353,1.17164,1.17161,0.75,0.75
11.08.2021 00:53:15.192,1.17165,1.17162,0.75,2.25
11.08.2021 00:53:15.294,1.1716600000000001,1.17163,1.2,0.75
11.08.2021 00:53:15.395,1.1716700000000002,1.17164,0.75,0.75
11.08.2021 00:53:24.592,1.17168,1.17164,2.92,0.75
11.08.2021 00:53:27.112,1.1716700000000002,1.17164,0.75,0.75
11.08.2021 00:53:37.892,1.17165,1.17161,0.75,3.82
11.08.2021 00:53:38.044,1.17164,1.17161,0.75,0.82
11.08.2021 00:53:41.899,1.17164,1.1716,0.75,0.75
11.08.2021 00:53:42.355,1.17163,1.1716,0.75,0.75
11.08.2021 00:54:03.134,1.17162,1.17159,0.75,0.75
11.08.2021 00:54:05.651,1.17162,1.17158,0.75,0.75
11.08.2021 00:54:05.752,1.17161,1.17158,0.75,0.75
11.08.2021 00:54:08.263,1.1716,1.1715600000000002,0.75,0.94
11.08.2021 00:54:08.365,1.17159,1.17155,0.75,0.75
11.08.2021 00:54:08.466,1.1715700000000002,1.1715600000000002,0.75,0.75
11.08.2021 00:54:08.618,1.17159,1.17155,1.57,0.75
11.08.2021 00:54:12.414,1.1715700000000002,1.17155,0.75,0.75
11.08.2021 00:54:21.546,1.17158,1.17155,0.75,0.75
11.08.2021 00:54:33.502,1.17158,1.1715600000000002,1.5,0.75
11.08.2021 00:54:33.604,1.17159,1.1715600000000002,0.75,0.75
11.08.2021 00:54:33.755,1.1716,1.1715600000000002,2.24,0.75
11.08.2021 00:54:46.029,1.17159,1.1715600000000002,0.75,0.75
11.08.2021 00:54:53.367,1.17159,1.17155,1.79,0.94
11.08.2021 00:54:59.452,1.1715700000000002,1.1715600000000002,0.75,0.75
11.08.2021 00:54:59.575,1.17158,1.17154,0.75,1.01
11.08.2021 00:54:59.852,1.17158,1.17155,0.75,0.75
11.08.2021 00:55:01.049,1.17158,1.17154,2.32,0.75
11.08.2021 00:55:08.125,1.1715700000000002,1.17154,0.75,0.1
11.08.2021 00:55:14.089,1.1715700000000002,1.17153,0.75,5.7
11.08.2021 00:55:17.603,1.17154,1.1715200000000001,0.75,0.26
11.08.2021 00:55:17.755,1.17153,1.1715,0.75,8.14
11.08.2021 00:55:18.715,1.17153,1.17149,0.75,7.12
11.08.2021 00:55:18.817,1.17153,1.1715,0.75,0.1
11.08.2021 00:55:20.324,1.1715200000000001,1.17149,0.75,0.75
11.08.2021 00:55:24.312,1.17153,1.17149,0.75,0.75
11.08.2021 00:55:26.643,1.17153,1.1715,0.75,0.75
11.08.2021 00:55:28.007,1.17155,1.1715200000000001,2.54,0.1
11.08.2021 00:55:28.109,1.17153,1.1715200000000001,0.75,0.1
11.08.2021 00:55:38.956,1.17153,1.17151,0.75,0.1
11.08.2021 00:55:41.282,1.17153,1.1715,0.75,0.82
11.08.2021 00:55:41.384,1.17153,1.17149,0.75,0.75
11.08.2021 00:55:41.487,1.1715200000000001,1.17148,0.75,1.2
11.08.2021 00:55:41.589,1.17151,1.17148,0.75,0.75
11.08.2021 00:55:46.809,1.17151,1.1714700000000002,0.75,6.45
11.08.2021 00:55:52.442,1.17151,1.17148,0.75,0.37
11.08.2021 00:55:54.120,1.17151,1.1714700000000002,0.75,7.2
11.08.2021 00:55:54.442,1.17151,1.17148,0.75,0.37
11.08.2021 00:55:55.866,1.17151,1.1714700000000002,0.75,6.45
11.08.2021 00:55:57.874,1.17151,1.17148,0.75,0.37
11.08.2021 00:55:58.018,1.17151,1.1714700000000002,0.75,7.2
11.08.2021 00:56:00.252,1.17151,1.17148,0.75,0.37
11.08.2021 00:56:02.015,1.1715200000000001,1.17149,0.75,0.1
11.08.2021 00:56:16.920,1.1715,1.17148,0.75,0.37
11.08.2021 00:56:17.021,1.17149,1.1714600000000002,0.75,3.55
11.08.2021 00:56:17.985,1.17148,1.1714600000000002,0.75,0.1
11.08.2021 00:56:24.183,1.17148,1.17144,0.82,6.18
11.08.2021 00:56:24.336,1.1714700000000002,1.17144,0.75,3.45
11.08.2021 00:57:02.497,1.17145,1.17143,0.75,0.1
11.08.2021 00:57:02.603,1.17145,1.1714200000000001,0.82,0.75
11.08.2021 00:57:02.704,1.17144,1.17141,0.75,0.1
11.08.2021 00:57:05.539,1.17143,1.1714,0.75,0.75
11.08.2021 00:57:05.641,1.17143,1.17139,0.75,3.82
11.08.2021 00:57:09.602,1.1714200000000001,1.17139,0.75,0.1
11.08.2021 00:57:09.703,1.1714200000000001,1.17138,0.75,1.76
11.08.2021 00:57:25.761,1.17141,1.17138,0.75,0.1
11.08.2021 00:57:26.829,1.1714200000000001,1.17138,0.82,1.2
11.08.2021 00:57:28.827,1.17144,1.17141,9.56,0.1
11.08.2021 00:57:28.928,1.17145,1.1714200000000001,7.77,1.5
11.08.2021 00:57:29.030,1.1714600000000002,1.17143,0.75,1.2
11.08.2021 00:57:30.371,1.17144,1.17141,0.75,1.5
11.08.2021 00:57:34.654,1.17143,1.1714,0.75,1.5
11.08.2021 00:57:34.891,1.1714600000000002,1.17143,0.82,1.12
11.08.2021 00:57:54.576,1.1714700000000002,1.17143,0.82,1.87
11.08.2021 00:57:58.356,1.1714600000000002,1.17143,0.82,1.12
11.08.2021 00:58:01.059,1.1714600000000002,1.17144,0.1,0.75
11.08.2021 00:58:01.999,1.17148,1.1714600000000002,0.1,0.75
11.08.2021 00:58:06.200,1.17149,1.1714600000000002,0.1,0.75
11.08.2021 00:58:11.479,1.17149,1.17145,0.82,0.82
11.08.2021 00:58:11.580,1.17148,1.17145,0.1,0.75
11.08.2021 00:58:11.732,1.17148,1.17144,0.82,0.75
11.08.2021 00:58:17.407,1.1714700000000002,1.17143,0.82,7.2
11.08.2021 00:58:23.917,1.1714600000000002,1.17143,0.82,0.75
11.08.2021 00:58:35.181,1.17145,1.17143,0.1,0.75
11.08.2021 00:58:35.282,1.17144,1.17143,0.1,1.5
11.08.2021 00:58:35.383,1.17145,1.17143,0.1,0.75
11.08.2021 00:58:48.300,1.1714200000000001,1.1714,0.1,1.5
11.08.2021 00:58:48.351,1.17141,1.17138,1.57,6.85
11.08.2021 00:58:48.452,1.17141,1.17139,0.1,0.75
11.08.2021 00:58:48.503,1.1714,1.17137,0.82,9
11.08.2021 00:58:48.656,1.17141,1.17138,0.52,4.12
11.08.2021 00:58:48.707,1.17139,1.1713600000000002,0.1,1.5
11.08.2021 00:58:48.911,1.17138,1.1713600000000002,0.1,0.75
11.08.2021 00:58:48.962,1.17137,1.17134,0.82,0.75
11.08.2021 00:58:49.115,1.1713500000000001,1.1713200000000001,0.26,1.5
11.08.2021 00:58:49.217,1.17134,1.1713,1.57,5.25
11.08.2021 00:58:49.319,1.17134,1.17131,1.57,0.75
11.08.2021 00:58:49.825,1.1713200000000001,1.17131,0.1,0.75
11.08.2021 00:58:50.129,1.17133,1.1713,0.1,0.75
11.08.2021 00:58:59.934,1.1713200000000001,1.1713,0.1,0.75
11.08.2021 00:59:01.187,1.1713200000000001,1.17129,0.1,0.75
11.08.2021 00:59:04.669,1.17133,1.1713,0.1,0.75
11.08.2021 00:59:09.513,1.17134,1.1713,0.75,2.81
11.08.2021 00:59:09.614,1.17134,1.17131,0.75,0.75
11.08.2021 00:59:10.018,1.17133,1.17131,0.1,0.75
11.08.2021 00:59:10.328,1.17134,1.17131,1.57,0.75
11.08.2021 00:59:15.532,1.17133,1.17131,0.1,0.75
11.08.2021 00:59:19.703,1.17133,1.1713,0.1,0.75
11.08.2021 00:59:26.930,1.1713200000000001,1.1713,0.37,0.75
11.08.2021 00:59:27.128,1.17133,1.1713,0.1,0.75
11.08.2021 00:59:38.131,1.17134,1.1713200000000001,0.1,0.75
11.08.2021 00:59:38.232,1.1713500000000001,1.17131,1.27,1.01
11.08.2021 00:59:52.504,1.17134,1.1713,0.75,5.06
11.08.2021 00:59:52.605,1.17133,1.1713,0.1,4.12
11.08.2021 00:59:52.859,1.1713200000000001,1.17129,0.75,0.75
11.08.2021 01:00:00.173,1.17131,1.17129,0.1,0.75
11.08.2021 01:00:00.274,1.17131,1.1712799999999999,0.1,1.12
11.08.2021 01:00:00.376,1.17131,1.17129,0.1,0.75
11.08.2021 01:00:00.667,1.17131,1.1712799999999999,0.1,0.37
11.08.2021 01:00:00.768,1.1713200000000001,1.1713,0.75,0.75
11.08.2021 01:00:01.681,1.17134,1.1713,1.5,0.75
11.08.2021 01:00:03.374,1.17134,1.17131,0.75,0.75
11.08.2021 01:00:03.475,1.17134,1.1713200000000001,0.75,0.75
11.08.2021 01:00:07.889,1.1713500000000001,1.1713200000000001,0.75,0.1
11.08.2021 01:00:07.990,1.1713600000000002,1.1713200000000001,2.99,0.82
11.08.2021 01:00:08.092,1.17138,1.1713500000000001,0.82,0.75
11.08.2021 01:00:10.660,1.17137,1.17133,0.75,0.75
11.08.2021 01:00:10.761,1.1713600000000002,1.17133,0.1,0.75
11.08.2021 01:00:10.863,1.1713600000000002,1.1713200000000001,0.82,1.57
11.08.2021 01:00:11.014,1.1713600000000002,1.17133,0.1,0.75
11.08.2021 01:00:11.626,1.1713600000000002,1.17134,1.79,0.75
11.08.2021 01:00:14.286,1.17137,1.17134,0.75,0.1
11.08.2021 01:00:14.668,1.17138,1.17134,0.1,0.1
11.08.2021 01:00:17.288,1.1713500000000001,1.17134,0.75,0.37
11.08.2021 01:00:17.796,1.1713500000000001,1.17134,0.75,0.1
11.08.2021 01:00:18.125,1.17138,1.17134,1.12,0.1
11.08.2021 01:00:18.176,1.1713500000000001,1.17133,0.75,0.1
11.08.2021 01:00:18.328,1.1713600000000002,1.1713200000000001,1.12,0.1
11.08.2021 01:00:18.429,1.17133,1.17131,0.75,0.26
11.08.2021 01:00:18.923,1.1713500000000001,1.17131,0.1,0.1
11.08.2021 01:00:19.676,1.1713200000000001,1.1713,0.75,0.26
11.08.2021 01:00:19.830,1.17131,1.17129,0.75,2.25
11.08.2021 01:00:20.906,1.1713,1.17127,0.75,0.1
11.08.2021 01:00:21.863,1.1713,1.17129,0.75,0.45
11.08.2021 01:00:22.015,1.1713200000000001,1.1712799999999999,0.75,2.51
11.08.2021 01:00:22.167,1.1713200000000001,1.17129,0.75,0.75
11.08.2021 01:00:27.721,1.1713200000000001,1.1712799999999999,0.75,2.51
11.08.2021 01:00:37.646,1.1713500000000001,1.17133,1.2,0.37
11.08.2021 01:00:37.798,1.17137,1.17134,0.75,0.1
11.08.2021 01:00:43.079,1.17138,1.17134,0.75,1.57
11.08.2021 01:00:46.073,1.17138,1.1713500000000001,0.75,0.1
11.08.2021 01:00:46.175,1.17139,1.1713600000000002,0.75,1.01
11.08.2021 01:00:46.277,1.17139,1.17137,0.75,0.75
11.08.2021 01:00:46.745,1.1714,1.17137,0.75,1.57
11.08.2021 01:00:49.262,1.17141,1.17139,0.75,0.1
11.08.2021 01:00:49.582,1.1714200000000001,1.17139,0.75,0.82
11.08.2021 01:00:51.298,1.17143,1.1714,0.75,1.57
11.08.2021 01:00:51.633,1.17143,1.17139,0.75,1.01
11.08.2021 01:00:53.480,1.17144,1.1714,2.62,0.75
11.08.2021 01:00:55.299,1.17144,1.17141,0.75,0.1
11.08.2021 01:00:55.802,1.17144,1.1714,0.75,2.51
11.08.2021 01:00:56.352,1.17143,1.17141,0.75,1.76
11.08.2021 01:00:57.429,1.17144,1.1714,0.75,2.89
11.08.2021 01:00:57.784,1.1714200000000001,1.17139,0.75,1.95
11.08.2021 01:01:01.579,1.1714200000000001,1.17138,0.75,1.57
11.08.2021 01:01:08.970,1.17141,1.17138,0.75,0.75
11.08.2021 01:01:15.143,1.1714200000000001,1.17138,0.82,0.75
11.08.2021 01:01:19.441,1.17138,1.17137,0.75,0.75
11.08.2021 01:01:19.593,1.1714,1.1713600000000002,1.79,1.76
11.08.2021 01:01:19.750,1.17139,1.1713600000000002,1.04,1.01
11.08.2021 01:01:21.189,1.17141,1.17137,1.2,1.57
11.08.2021 01:01:24.312,1.1714200000000001,1.17138,0.82,0.75
11.08.2021 01:01:24.518,1.1714,1.17137,0.75,1.5
11.08.2021 01:01:24.671,1.1714,1.1713600000000002,1.5,2.32
11.08.2021 01:01:24.774,1.17139,1.1713500000000001,0.75,1.57
11.08.2021 01:01:26.836,1.17138,1.17134,0.82,0.75
11.08.2021 01:01:44.987,1.17134,1.17133,0.1,4.98
11.08.2021 01:01:45.088,1.17134,1.17131,0.75,0.75
11.08.2021 01:01:48.312,1.17134,1.1713,1.87,0.75
11.08.2021 01:01:54.268,1.17133,1.1713,0.37,0.75
11.08.2021 01:01:54.472,1.17134,1.1713,2.05,0.75
11.08.2021 01:01:59.157,1.17133,1.17129,0.75,2.7
11.08.2021 01:02:07.347,1.17133,1.1713,0.75,0.75
11.08.2021 01:02:07.449,1.1713200000000001,1.1712799999999999,1.79,1.2
11.08.2021 01:02:07.653,1.1713,1.1712600000000002,0.82,0.75
11.08.2021 01:02:07.755,1.17129,1.1712500000000001,0.75,1.2
11.08.2021 01:02:12.619,1.1712799999999999,1.17124,0.75,0.82
11.08.2021 01:02:18.525,1.17127,1.17124,0.75,0.82
11.08.2021 01:02:18.626,1.1712600000000002,1.17123,0.75,0.75
11.08.2021 01:02:19.809,1.17127,1.17123,1.2,2.14
11.08.2021 01:02:20.802,1.17127,1.17124,0.75,0.75
11.08.2021 01:02:35.969,1.1712799999999999,1.1712500000000001,0.1,0.75
11.08.2021 01:02:36.071,1.17129,1.1712500000000001,3.18,0.75
11.08.2021 01:02:37.094,1.1712799999999999,1.1712500000000001,0.1,0.75
11.08.2021 01:02:37.802,1.17129,1.1712500000000001,2.8,0.75
11.08.2021 01:02:41.060,1.17127,1.1712600000000002,1.04,0.75
11.08.2021 01:02:41.162,1.17129,1.1712500000000001,1.87,0.75
11.08.2021 01:02:51.531,1.1712799999999999,1.1712500000000001,1.04,0.75
11.08.2021 01:02:51.642,1.17129,1.1712500000000001,2.05,0.75
11.08.2021 01:02:52.656,1.17127,1.1712600000000002,1.04,0.75
11.08.2021 01:02:52.758,1.17129,1.1712500000000001,1.01,0.75
11.08.2021 01:02:58.233,1.17127,1.17124,0.75,3.07
11.08.2021 01:02:58.406,1.1712799999999999,1.17124,0.75,3.82
11.08.2021 01:03:09.363,1.1712600000000002,1.17123,0.75,1.95
11.08.2021 01:03:09.487,1.1712600000000002,1.17124,0.75,2.7
11.08.2021 01:03:19.521,1.1712600000000002,1.17124,0.75,1.95
11.08.2021 01:03:22.818,1.17127,1.17123,0.75,2.32
11.08.2021 01:03:28.677,1.17127,1.17124,0.75,0.1
11.08.2021 01:03:28.778,1.1712799999999999,1.17124,0.75,3.82
11.08.2021 01:03:31.841,1.1712799999999999,1.1712500000000001,0.75,0.1
11.08.2021 01:03:39.979,1.1712799999999999,1.17124,0.75,2.51
11.08.2021 01:03:48.584,1.1712799999999999,1.1712500000000001,0.75,0.75
11.08.2021 01:04:00.472,1.1712799999999999,1.17124,0.75,1.57
11.08.2021 01:04:02.566,1.1712799999999999,1.1712500000000001,0.82,0.75
11.08.2021 01:04:06.858,1.1712799999999999,1.17124,0.82,0.75
11.08.2021 01:04:11.451,1.1712799999999999,1.1712500000000001,0.75,0.1
11.08.2021 01:04:12.341,1.17129,1.1712500000000001,0.75,1.57
11.08.2021 01:04:13.409,1.17129,1.1712600000000002,0.75,0.1
11.08.2021 01:04:13.511,1.1713,1.1712600000000002,0.75,1.2
11.08.2021 01:04:14.123,1.1713,1.17127,0.75,0.75
11.08.2021 01:04:15.089,1.17131,1.1712799999999999,0.75,1.57
11.08.2021 01:04:17.184,1.1713200000000001,1.1712799999999999,0.82,1.5
11.08.2021 01:04:17.589,1.17131,1.1712799999999999,0.75,0.75
11.08.2021 01:04:20.207,1.1713,1.1712799999999999,0.75,0.75
11.08.2021 01:04:20.258,1.17129,1.1712500000000001,0.82,1.2
11.08.2021 01:04:20.763,1.17127,1.1712500000000001,0.75,2.14
11.08.2021 01:04:25.028,1.1712600000000002,1.17124,0.75,0.75
11.08.2021 01:04:25.130,1.1712500000000001,1.1712200000000001,0.75,0.75
11.08.2021 01:04:25.232,1.1712500000000001,1.17121,0.82,0.75
11.08.2021 01:04:26.461,1.1712600000000002,1.1712200000000001,1.39,0.75
11.08.2021 01:04:29.109,1.17124,1.1712200000000001,1.79,0.82
11.08.2021 01:04:29.532,1.17123,1.1712200000000001,0.1,0.75
11.08.2021 01:04:32.492,1.17124,1.1712,0.82,0.75
11.08.2021 01:04:41.929,1.17123,1.1712,1.95,0.75
11.08.2021 01:04:42.031,1.1712200000000001,1.17119,0.75,0.75
11.08.2021 01:04:42.132,1.17123,1.17119,2.62,1.5
11.08.2021 01:04:42.234,1.17123,1.1712,0.82,0.75
11.08.2021 01:04:53.242,1.17124,1.1712,2.62,0.75
11.08.2021 01:04:53.346,1.17124,1.17121,2.62,0.75
11.08.2021 01:04:55.984,1.17123,1.17121,0.75,0.75
11.08.2021 01:04:56.085,1.1712500000000001,1.17121,0.75,0.75
11.08.2021 01:04:58.634,1.1712500000000001,1.1712200000000001,0.19,0.75
11.08.2021 01:04:58.736,1.17123,1.1712200000000001,0.1,0.75
11.08.2021 01:05:00.453,1.1712500000000001,1.17121,3.44,0.75
11.08.2021 01:05:00.657,1.17124,1.17121,0.1,0.75
11.08.2021 01:05:26.538,1.1712600000000002,1.1712200000000001,2.32,3.19
11.08.2021 01:05:26.639,1.17124,1.1712200000000001,0.82,0.75
11.08.2021 01:05:26.690,1.1712600000000002,1.17123,1.87,0.75
11.08.2021 01:05:28.192,1.1712600000000002,1.17124,0.75,2.14
11.08.2021 01:05:28.293,1.1712799999999999,1.17124,1.87,0.75
11.08.2021 01:05:34.005,1.17127,1.17124,0.37,0.75
11.08.2021 01:05:34.107,1.1712600000000002,1.17123,0.45,0.75
11.08.2021 01:05:34.208,1.1712500000000001,1.1712200000000001,1.04,0.75
11.08.2021 01:05:38.001,1.17123,1.1712200000000001,0.1,0.75
11.08.2021 01:05:38.765,1.17124,1.17121,0.1,0.75
11.08.2021 01:05:43.699,1.17124,1.1712200000000001,1.87,0.75
11.08.2021 01:05:43.907,1.17124,1.17121,0.1,0.75
11.08.2021 01:05:53.390,1.1712500000000001,1.17121,2.62,0.75
11.08.2021 01:06:02.968,1.17124,1.17121,0.1,0.75
11.08.2021 01:06:18.297,1.17124,1.1712,0.82,0.75
11.08.2021 01:06:24.654,1.17123,1.1712,0.75,0.75
11.08.2021 01:06:39.555,1.17124,1.1712,2.24,0.75
11.08.2021 01:06:53.644,1.1712200000000001,1.17121,0.1,0.75
11.08.2021 01:06:58.756,1.1712200000000001,1.1712,0.82,0.75
11.08.2021 01:07:28.426,1.1712200000000001,1.17119,0.75,0.75
11.08.2021 01:07:57.063,1.17123,1.17119,1.76,0.75
11.08.2021 01:07:58.618,1.17123,1.1712,1.01,0.75
11.08.2021 01:07:59.772,1.17123,1.17121,2.8,0.75
11.08.2021 01:08:04.754,1.17124,1.1712,3.55,0.75
11.08.2021 01:08:08.891,1.17123,1.1712,0.94,0.75
11.08.2021 01:08:10.455,1.1712600000000002,1.1712200000000001,2.5,2.25
11.08.2021 01:08:10.557,1.1712600000000002,1.17123,0.64,0.75
11.08.2021 01:08:12.232,1.17127,1.17123,2.05,0.75
11.08.2021 01:08:12.334,1.17127,1.17124,0.19,0.75
11.08.2021 01:08:31.662,1.1712799999999999,1.17124,2.05,0.75
11.08.2021 01:09:14.014,1.17127,1.1712600000000002,0.19,0.75
11.08.2021 01:09:14.127,1.17129,1.1712500000000001,3.18,0.75
11.08.2021 01:09:17.322,1.17127,1.1712600000000002,1.04,0.75
11.08.2021 01:09:25.397,1.1712799999999999,1.17124,2.05,0.75
11.08.2021 01:09:31.408,1.17129,1.1712500000000001,8.41,0.75
11.08.2021 01:09:32.793,1.1713,1.1712600000000002,1.79,0.75
11.08.2021 01:09:32.945,1.17129,1.1712600000000002,0.94,0.75
11.08.2021 01:09:36.494,1.17129,1.1712500000000001,2.14,0.75
11.08.2021 01:09:58.882,1.1712600000000002,1.17123,2.62,5.25
11.08.2021 01:09:58.933,1.17123,1.1712,1.95,9.48
11.08.2021 01:09:59.034,1.1712200000000001,1.1712,1.5,7.5
11.08.2021 01:09:59.085,1.17121,1.17117,2.05,0.75
11.08.2021 01:09:59.254,1.1712200000000001,1.1711799999999999,1.39,0.75
11.08.2021 01:10:00.477,1.17123,1.17119,0.75,3.82
11.08.2021 01:10:03.944,1.17123,1.17121,1.76,0.75
11.08.2021 01:10:04.796,1.1712200000000001,1.1712,0.75,0.82
11.08.2021 01:10:39.689,1.1712500000000001,1.1712200000000001,0.45,0.75
11.08.2021 01:10:39.791,1.1712500000000001,1.17123,0.45,0.1
11.08.2021 01:10:39.843,1.1712799999999999,1.17124,10.69,0.75
11.08.2021 01:10:42.126,1.1713,1.1712799999999999,1.2,0.75
11.08.2021 01:10:42.177,1.1713200000000001,1.1712799999999999,10.02,0.75
11.08.2021 01:10:42.278,1.1713200000000001,1.17129,0.75,0.75
11.08.2021 01:10:42.379,1.17134,1.17129,5.43,0.75
11.08.2021 01:10:45.324,1.1713500000000001,1.17131,1.95,0.82
11.08.2021 01:10:47.713,1.17137,1.1713200000000001,3.44,0.82
11.08.2021 01:10:47.815,1.17137,1.17133,1.27,0.75
11.08.2021 01:10:47.916,1.17139,1.17134,3.74,0.94
11.08.2021 01:10:51.930,1.17139,1.1713500000000001,1.04,0.94
11.08.2021 01:10:52.031,1.1714,1.1713500000000001,2.99,2.32
11.08.2021 01:10:52.183,1.1714,1.1713600000000002,2.99,0.75
11.08.2021 01:10:53.998,1.17139,1.1713600000000002,0.75,0.75
11.08.2021 01:11:03.811,1.17137,1.1713500000000001,0.75,0.75
11.08.2021 01:11:03.913,1.17137,1.17133,1.5,0.82
11.08.2021 01:11:04.166,1.17138,1.17134,1.5,0.75
11.08.2021 01:11:43.239,1.17139,1.1713600000000002,0.75,0.82
11.08.2021 01:11:48.313,1.17139,1.1713500000000001,0.75,1.57
11.08.2021 01:11:58.690,1.17139,1.1713600000000002,0.75,0.75
11.08.2021 01:12:09.259,1.1714,1.1713600000000002,2.62,0.75
11.08.2021 01:12:09.361,1.17141,1.17137,4.42,0.1
11.08.2021 01:12:09.563,1.1714200000000001,1.17137,1.87,2.32
11.08.2021 01:12:09.664,1.1714200000000001,1.17138,0.75,0.75
11.08.2021 01:12:15.312,1.17143,1.17139,1.69,0.75
11.08.2021 01:12:21.428,1.17144,1.1714,3.55,0.75
11.08.2021 01:12:50.464,1.17145,1.17141,3.18,0.75
11.08.2021 01:13:00.300,1.1714600000000002,1.1714200000000001,2.92,2.32
11.08.2021 01:13:00.401,1.1714600000000002,1.17141,3.93,0.82
11.08.2021 01:13:00.503,1.17145,1.17141,2.06,0.82
11.08.2021 01:13:40.253,1.1714600000000002,1.17141,4.68,0.82
11.08.2021 01:13:44.289,1.1714600000000002,1.1714200000000001,2.7,0.75
11.08.2021 01:13:49.522,1.1714600000000002,1.17141,6.93,0.82
11.08.2021 01:13:51.946,1.1714700000000002,1.1714200000000001,3.18,0.82
11.08.2021 01:13:57.313,1.1714600000000002,1.17144,3.93,0.75
11.08.2021 01:14:02.105,1.1714600000000002,1.17143,0.75,0.75
11.08.2021 01:14:02.206,1.1714600000000002,1.1714200000000001,2.62,0.82
11.08.2021 01:14:02.308,1.17145,1.1714200000000001,0.75,0.1
11.08.2021 01:14:02.533,1.1714600000000002,1.1714200000000001,1.87,0.82
11.08.2021 01:14:06.796,1.1714600000000002,1.17143,0.75,0.75
11.08.2021 01:14:06.948,1.1714700000000002,1.17143,1.3,0.75
11.08.2021 01:14:07.099,1.17148,1.17143,2.8,0.82
11.08.2021 01:14:09.224,1.1714700000000002,1.17145,2.05,0.75
11.08.2021 01:14:17.275,1.17148,1.17145,0.19,0.75
11.08.2021 01:14:22.915,1.17149,1.17145,1.98,0.75
11.08.2021 01:14:25.864,1.17148,1.17144,0.1,0.75
11.08.2021 01:14:35.276,1.17148,1.17143,4.01,3.82
11.08.2021 01:14:35.378,1.17145,1.17141,0.75,2.32
11.08.2021 01:14:35.479,1.17144,1.17143,0.75,0.75
11.08.2021 01:14:37.017,1.1714600000000002,1.1714200000000001,0.75,0.82
11.08.2021 01:14:37.169,1.1714600000000002,1.17144,0.75,0.75
11.08.2021 01:14:37.270,1.1714700000000002,1.17144,0.64,0.75
11.08.2021 01:14:37.371,1.17148,1.17144,3.18,0.75
11.08.2021 01:14:43.335,1.1714700000000002,1.17144,1.01,0.75
11.08.2021 01:14:43.444,1.1714700000000002,1.17143,2.14,0.75
11.08.2021 01:14:50.174,1.17145,1.17143,3.93,0.75
11.08.2021 01:14:50.276,1.17145,1.1714200000000001,2.43,0.75
11.08.2021 01:15:04.488,1.17145,1.17141,3.85,0.75
11.08.2021 01:15:04.655,1.17143,1.1714200000000001,0.37,0.75
11.08.2021 01:15:10.321,1.17144,1.1714200000000001,3.93,0.75
11.08.2021 01:15:10.501,1.17144,1.17141,0.37,0.75
11.08.2021 01:15:16.414,1.17145,1.17141,1.57,0.82
11.08.2021 01:15:16.516,1.17148,1.17145,0.82,0.75
11.08.2021 01:15:17.985,1.17149,1.1714600000000002,0.37,0.75
11.08.2021 01:15:22.152,1.1715,1.1714600000000002,3.48,0.75
11.08.2021 01:15:24.521,1.17149,1.1714600000000002,0.37,0.75
11.08.2021 01:15:26.520,1.1715,1.1714600000000002,3.48,0.75
11.08.2021 01:15:29.778,1.17149,1.1714600000000002,0.37,0.75
11.08.2021 01:15:29.880,1.17149,1.17145,0.75,0.75
11.08.2021 01:15:29.981,1.17148,1.17144,0.82,1.57
11.08.2021 01:15:41.100,1.17148,1.17145,0.1,0.75
11.08.2021 01:15:49.646,1.17149,1.17145,0.75,0.82
11.08.2021 01:15:54.312,1.1715,1.1714600000000002,1.98,0.75
11.08.2021 01:15:59.577,1.1715,1.1714700000000002,1.23,0.75
11.08.2021 01:16:27.200,1.17149,1.1714700000000002,2.43,0.75
11.08.2021 01:16:32.435,1.17151,1.17148,0.75,0.75
11.08.2021 01:16:32.536,1.17151,1.1714700000000002,1.87,0.75
11.08.2021 01:16:33.059,1.17153,1.17149,0.75,0.82
11.08.2021 01:16:33.413,1.17155,1.17151,2.17,0.75
11.08.2021 01:16:41.503,1.17154,1.17151,0.94,0.75
11.08.2021 01:16:41.605,1.17154,1.17149,4.3,0.75
11.08.2021 01:16:43.847,1.17153,1.17149,0.75,0.75
11.08.2021 01:16:45.695,1.17155,1.17151,2.17,0.75
11.08.2021 01:16:53.774,1.1715600000000002,1.1715200000000001,0.75,0.82
11.08.2021 01:16:53.875,1.1715700000000002,1.17153,0.75,3.75
11.08.2021 01:16:57.235,1.17158,1.17154,2.44,0.75
11.08.2021 01:17:18.362,1.1715700000000002,1.17153,0.75,0.75
11.08.2021 01:17:27.484,1.17158,1.17154,1.57,0.75
11.08.2021 01:17:37.385,1.17159,1.17155,1.3,0.75
11.08.2021 01:17:39.637,1.17158,1.17154,1.39,0.75
11.08.2021 01:18:02.096,1.17159,1.17155,2.8,0.75
11.08.2021 01:18:03.141,1.1716,1.17155,4.3,0.82
11.08.2021 01:18:06.312,1.1716,1.1715600000000002,4.3,0.75
11.08.2021 01:18:08.040,1.17159,1.1715600000000002,0.1,0.75
11.08.2021 01:18:18.876,1.17158,1.1715600000000002,0.1,0.75
11.08.2021 01:18:21.561,1.17159,1.1715600000000002,0.1,0.75
11.08.2021 01:18:28.042,1.1716,1.1715600000000002,4.3,0.75
11.08.2021 01:18:33.891,1.17159,1.17155,0.75,0.82
11.08.2021 01:19:00.970,1.17158,1.17154,1.76,0.75
11.08.2021 01:19:01.147,1.1715700000000002,1.17154,0.1,0.75
11.08.2021 01:19:02.672,1.17158,1.17154,2.14,0.75
11.08.2021 01:19:03.064,1.1715700000000002,1.17153,0.1,0.75
11.08.2021 01:19:05.941,1.17158,1.17154,1.01,0.75
11.08.2021 01:19:07.067,1.17159,1.17155,3.93,0.75
11.08.2021 01:19:07.223,1.17158,1.17155,0.1,0.75
11.08.2021 01:19:11.226,1.17159,1.17155,3.93,0.75
11.08.2021 01:19:35.753,1.17159,1.1715600000000002,2.8,0.37
11.08.2021 01:19:35.942,1.17159,1.17155,2.8,0.75
11.08.2021 01:19:55.790,1.17158,1.17155,1.5,0.75
11.08.2021 01:19:55.891,1.1715600000000002,1.17153,2.7,1.95
11.08.2021 01:19:55.993,1.17154,1.17153,0.1,1.5
11.08.2021 01:19:58.230,1.17155,1.1715200000000001,0.1,0.75
11.08.2021 01:19:59.232,1.17155,1.17151,0.82,0.82
11.08.2021 01:20:06.365,1.17155,1.1715200000000001,0.82,0.75
11.08.2021 01:20:06.466,1.17155,1.17151,0.82,4.27
11.08.2021 01:20:11.411,1.1715700000000002,1.17154,0.1,0.75
11.08.2021 01:20:14.931,1.17158,1.17154,1.57,0.82
11.08.2021 01:20:15.363,1.1715700000000002,1.17154,0.1,0.75
11.08.2021 01:20:21.136,1.17158,1.17155,0.1,0.75
11.08.2021 01:20:21.245,1.17159,1.1715600000000002,0.1,0.75
11.08.2021 01:20:53.129,1.17162,1.17159,9.83,1.57
11.08.2021 01:20:53.231,1.17162,1.1716,0.37,0.75
11.08.2021 01:20:53.332,1.17163,1.1716,0.1,0.75
11.08.2021 01:20:57.727,1.17163,1.17161,0.1,0.75
11.08.2021 01:21:07.775,1.17163,1.17159,1.57,0.82
11.08.2021 01:21:34.246,1.17163,1.1716,0.1,0.75
11.08.2021 01:21:35.582,1.17165,1.17162,1.3,0.75
11.08.2021 01:21:39.024,1.17165,1.17161,0.1,0.82
11.08.2021 01:21:40.195,1.17165,1.17162,0.1,0.75
11.08.2021 01:21:43.448,1.17168,1.17164,0.75,0.82
11.08.2021 01:21:43.498,1.1716900000000001,1.1716600000000001,0.82,0.75
11.08.2021 01:21:46.190,1.1716900000000001,1.1716700000000002,0.1,0.75
11.08.2021 01:21:51.273,1.1716900000000001,1.1716600000000001,0.1,0.75
11.08.2021 01:21:57.419,1.1716900000000001,1.1716700000000002,0.1,0.75
11.08.2021 01:22:00.964,1.1717,1.1716700000000002,0.82,0.75
11.08.2021 01:22:12.727,1.17173,1.1717,0.26,0.75
11.08.2021 01:22:12.829,1.17174,1.1717,3.55,0.75
11.08.2021 01:22:12.930,1.17174,1.17171,2.8,0.75
11.08.2021 01:22:17.216,1.17174,1.1717,2.8,0.75
11.08.2021 01:22:29.036,1.17173,1.1716900000000001,0.1,0.75
11.08.2021 01:22:29.767,1.17174,1.1716900000000001,2.43,0.82
11.08.2021 01:22:32.149,1.17172,1.1716900000000001,0.1,0.75
11.08.2021 01:23:01.163,1.1716900000000001,1.17168,0.75,0.75
11.08.2021 01:23:01.265,1.1717,1.1716600000000001,0.75,2.77
11.08.2021 01:23:02.961,1.17171,1.1716600000000001,1.2,2.32
11.08.2021 01:23:06.635,1.1717,1.1716600000000001,0.75,2.77
11.08.2021 01:23:07.697,1.1717,1.1716700000000002,1.2,7.75
11.08.2021 01:23:10.195,1.17172,1.17168,1.95,0.75
11.08.2021 01:23:20.723,1.17172,1.1717,0.82,0.75
11.08.2021 01:23:23.754,1.17174,1.1717,2.62,0.75
11.08.2021 01:23:45.309,1.17172,1.1716900000000001,0.1,0.75
11.08.2021 01:23:45.411,1.17171,1.17168,2.62,0.75
11.08.2021 01:23:45.513,1.17171,1.1716700000000002,0.82,3
11.08.2021 01:23:45.614,1.17172,1.1716700000000002,2.14,1.57
11.08.2021 01:23:45.715,1.17171,1.1716700000000002,0.82,3.75
11.08.2021 01:23:45.817,1.17172,1.17168,1.01,0.75
11.08.2021 01:23:57.081,1.17173,1.1716900000000001,1.01,0.75
11.08.2021 01:23:57.207,1.17173,1.1717,0.26,0.75
11.08.2021 01:23:57.360,1.17174,1.1717,2.8,0.75
11.08.2021 01:24:01.085,1.17173,1.1717,0.82,0.75
11.08.2021 01:24:08.600,1.17174,1.1717,2.99,0.75
11.08.2021 01:24:18.239,1.17175,1.1717,1.95,1.57
11.08.2021 01:24:24.596,1.17173,1.17171,0.1,1.5
11.08.2021 01:24:25.096,1.17175,1.1717,2.14,1.57
11.08.2021 01:24:25.848,1.17174,1.1717,0.1,1.5
11.08.2021 01:24:28.811,1.17175,1.1717,2.14,1.57
11.08.2021 01:24:29.115,1.17174,1.1717,0.1,1.5
11.08.2021 01:24:29.266,1.17175,1.1717,1.95,1.57
11.08.2021 01:24:29.796,1.17174,1.1717,0.1,1.5
11.08.2021 01:24:32.437,1.17175,1.1717,1.95,1.57
11.08.2021 01:24:39.458,1.1717600000000001,1.17171,1.57,0.82
11.08.2021 01:24:40.220,1.17175,1.17171,0.75,0.82
11.08.2021 01:24:42.495,1.17173,1.1717,0.75,1.57
11.08.2021 01:24:48.600,1.17173,1.1717,0.75,1.57
11.08.2021 01:24:49.479,1.17172,1.1717,0.75,0.75
11.08.2021 01:25:00.226,1.17172,1.17171,0.75,0.75
11.08.2021 01:25:07.399,1.17173,1.17171,0.75,0.75
11.08.2021 01:25:08.549,1.17172,1.1717,0.75,0.75
11.08.2021 01:25:19.870,1.17173,1.1717,0.75,0.75
11.08.2021 01:25:19.971,1.1717600000000001,1.17173,1.5,0.75
11.08.2021 01:25:20.073,1.1717600000000001,1.17172,0.75,0.82
11.08.2021 01:25:20.175,1.1717700000000002,1.17172,1.5,2.32
11.08.2021 01:25:20.276,1.17174,1.17172,0.75,8.14
11.08.2021 01:25:20.681,1.1717600000000001,1.17174,0.75,0.75
11.08.2021 01:25:23.046,1.17178,1.17173,2.81,2.77
11.08.2021 01:25:27.747,1.17179,1.17174,1.76,1.5
11.08.2021 01:25:28.000,1.17179,1.17175,2.89,0.75
11.08.2021 01:25:28.359,1.17178,1.17175,0.37,0.75
11.08.2021 01:25:29.688,1.1717600000000001,1.17174,0.45,0.75
11.08.2021 01:25:29.790,1.1717600000000001,1.17173,1.95,0.75
11.08.2021 01:25:29.891,1.17175,1.17172,0.1,0.75
11.08.2021 01:25:30.093,1.17175,1.17173,1.95,0.75
11.08.2021 01:25:31.934,1.1717600000000001,1.17173,0.45,0.75
11.08.2021 01:25:32.817,1.1717700000000002,1.17175,0.82,0.75
11.08.2021 01:25:32.868,1.1717600000000001,1.17173,0.82,0.75
11.08.2021 01:25:50.514,1.17175,1.17173,0.37,0.75
11.08.2021 01:25:50.786,1.17175,1.17172,0.37,0.75
11.08.2021 01:25:56.854,1.17175,1.17173,0.37,0.75
11.08.2021 01:26:11.934,1.17175,1.17172,0.45,0.75
11.08.2021 01:26:32.399,1.17174,1.17172,0.1,0.75
11.08.2021 01:26:36.579,1.17174,1.17171,0.1,0.75
11.08.2021 01:26:37.322,1.17173,1.17171,0.1,0.75
11.08.2021 01:26:43.237,1.17174,1.17171,0.1,0.75
11.08.2021 01:27:09.910,1.17174,1.1717,0.1,0.75
11.08.2021 01:27:11.074,1.17175,1.1717,2.99,0.82
11.08.2021 01:27:12.370,1.17174,1.1717,0.1,0.75
11.08.2021 01:27:17.315,1.17174,1.17171,0.1,0.75
11.08.2021 01:27:18.865,1.1717700000000002,1.17174,7.1,0.75
11.08.2021 01:27:18.966,1.17178,1.17174,0.1,0.75
11.08.2021 01:27:19.068,1.17179,1.17175,2.62,0.75
11.08.2021 01:27:33.043,1.1718,1.17175,5.24,0.75
11.08.2021 01:27:40.854,1.1718,1.1717600000000001,2.99,0.75
11.08.2021 01:27:55.382,1.17182,1.17178,1.5,0.75
11.08.2021 01:27:55.483,1.17183,1.17178,1.5,4.76
11.08.2021 01:27:55.585,1.17183,1.17179,0.75,1.76
11.08.2021 01:27:55.955,1.17184,1.17179,0.75,1.76
11.08.2021 01:27:56.258,1.17183,1.17179,0.75,0.75
11.08.2021 01:27:57.184,1.17183,1.17178,1.5,5.02
11.08.2021 01:27:57.296,1.17182,1.17178,0.82,0.45
11.08.2021 01:27:57.397,1.17182,1.1717700000000002,0.82,1.69
11.08.2021 01:27:58.315,1.17181,1.17179,0.82,0.75
11.08.2021 01:27:58.366,1.17185,1.1718,8.6,0.75
11.08.2021 01:27:58.468,1.1718600000000001,1.17183,1.5,0.19
11.08.2021 01:27:58.519,1.1718600000000001,1.17181,1.5,1.76
11.08.2021 01:27:58.620,1.17185,1.17181,0.75,1.76
11.08.2021 01:28:09.121,1.17188,1.17183,1.12,1.76
11.08.2021 01:28:09.223,1.1718700000000002,1.17185,0.75,0.75
11.08.2021 01:28:09.324,1.17188,1.1718600000000001,1.5,1.5
11.08.2021 01:28:11.291,1.17188,1.17183,1.57,3.1
11.08.2021 01:28:11.393,1.1718700000000002,1.17183,0.75,0.75
11.08.2021 01:28:11.494,1.1718700000000002,1.17182,0.75,5.32
11.08.2021 01:28:11.595,1.1718600000000001,1.17182,0.75,1.5
11.08.2021 01:28:11.753,1.1718700000000002,1.17182,1.87,1.87
11.08.2021 01:28:14.188,1.1718700000000002,1.17183,0.75,0.75
11.08.2021 01:28:14.289,1.1718700000000002,1.17185,0.75,1.57
11.08.2021 01:28:14.895,1.17189,1.17185,2.54,0.75
11.08.2021 01:28:24.844,1.17189,1.17188,0.75,0.94
11.08.2021 01:28:24.946,1.17191,1.1718600000000001,3.37,4.01
11.08.2021 01:28:25.451,1.1719000000000002,1.1718600000000001,0.75,2.21
11.08.2021 01:28:25.552,1.17191,1.1718700000000002,1.87,0.75
11.08.2021 01:28:30.312,1.17191,1.1718600000000001,2.62,2.59
11.08.2021 01:28:34.693,1.17192,1.17188,0.75,2.14
11.08.2021 01:28:34.947,1.17193,1.17189,1.5,0.75
11.08.2021 01:28:38.136,1.1719000000000002,1.1718700000000002,0.75,0.75
11.08.2021 01:28:38.237,1.1719000000000002,1.1718600000000001,0.75,2.14
11.08.2021 01:28:41.118,1.17191,1.1718600000000001,4.42,1.5
11.08.2021 01:28:49.879,1.17191,1.1718700000000002,4.42,0.75
11.08.2021 01:28:49.980,1.1719000000000002,1.1718700000000002,1.12,0.75
11.08.2021 01:28:51.701,1.1718700000000002,1.1718600000000001,1.87,1.12
11.08.2021 01:28:51.752,1.1718700000000002,1.17183,0.75,3.15
11.08.2021 01:28:51.803,1.1718700000000002,1.17185,0.75,0.75
11.08.2021 01:28:53.371,1.1718700000000002,1.17184,0.75,1.5
11.08.2021 01:29:04.464,1.17189,1.17185,2.17,0.75
11.08.2021 01:29:04.565,1.1718700000000002,1.1718600000000001,1.79,0.75
11.08.2021 01:29:06.270,1.17189,1.17185,1.04,0.82
11.08.2021 01:29:06.371,1.1719000000000002,1.1718700000000002,1.87,0.75
11.08.2021 01:29:19.890,1.1719000000000002,1.1718600000000001,2.62,0.75
11.08.2021 01:29:25.115,1.17189,1.1718600000000001,1.04,0.75
11.08.2021 01:29:30.317,1.17189,1.17185,1.87,0.75
11.08.2021 01:29:35.657,1.17189,1.1718600000000001,1.04,0.75
11.08.2021 01:29:36.091,1.1719000000000002,1.1718600000000001,1.57,0.75
11.08.2021 01:29:40.359,1.17189,1.1718600000000001,1.04,0.75
11.08.2021 01:29:41.777,1.1719000000000002,1.1718600000000001,1.57,0.75
11.08.2021 01:29:42.686,1.17189,1.1718600000000001,1.04,0.75
11.08.2021 01:29:43.177,1.1719000000000002,1.1718600000000001,0.82,0.75
11.08.2021 01:29:45.587,1.17192,1.17188,7.02,0.82
11.08.2021 01:29:45.688,1.17193,1.1719000000000002,0.75,0.75
11.08.2021 01:29:45.789,1.17194,1.1719000000000002,2.99,0.75
11.08.2021 01:29:48.966,1.17191,1.1719000000000002,0.75,1.27
11.08.2021 01:29:51.642,1.17191,1.17189,0.75,0.1
11.08.2021 01:29:51.895,1.17191,1.17188,0.75,2.14
11.08.2021 01:29:51.997,1.17191,1.17189,0.75,1.27
11.08.2021 01:29:53.103,1.1719000000000002,1.17188,0.75,1.27
11.08.2021 01:29:56.150,1.1719000000000002,1.1718700000000002,0.75,5.51
11.08.2021 01:29:57.191,1.1719000000000002,1.17188,0.75,1.2
11.08.2021 01:30:00.313,1.17192,1.1719000000000002,0.75,0.75
11.08.2021 01:30:00.415,1.17193,1.17188,1.5,5.14
11.08.2021 01:30:00.860,1.17193,1.17189,0.75,0.75
11.08.2021 01:30:00.962,1.17194,1.17189,2.54,0.75
11.08.2021 01:30:04.216,1.17193,1.17189,0.37,0.75
11.08.2021 01:30:04.418,1.17194,1.17189,2.54,1.2
11.08.2021 01:30:07.381,1.17191,1.17188,0.75,8.96
11.08.2021 01:30:09.589,1.17194,1.17189,1.79,1.2
11.08.2021 01:30:12.312,1.17191,1.17188,0.75,8.96
11.08.2021 01:30:18.393,1.17194,1.17189,1.79,0.75
11.08.2021 01:30:21.475,1.17191,1.17188,0.75,10.64
11.08.2021 01:30:22.927,1.17194,1.17189,1.79,0.75
11.08.2021 01:30:23.227,1.17193,1.17189,0.75,0.75
11.08.2021 01:30:23.278,1.1719000000000002,1.1718700000000002,0.75,7.09
11.08.2021 01:30:28.086,1.17191,1.17188,0.75,5.96
11.08.2021 01:30:28.187,1.17191,1.1719000000000002,0.75,0.1
11.08.2021 01:30:30.569,1.17194,1.17189,1.79,0.1
11.08.2021 01:30:31.378,1.17191,1.17188,0.75,7.87
11.08.2021 01:30:33.664,1.17194,1.17189,1.79,0.1
11.08.2021 01:30:35.811,1.17191,1.17188,0.75,6.26
11.08.2021 01:30:38.163,1.17192,1.1718700000000002,1.2,4.95
11.08.2021 01:30:38.264,1.17191,1.1718600000000001,1.95,3.19
11.08.2021 01:30:40.410,1.17188,1.1718600000000001,0.75,0.19
11.08.2021 01:30:40.562,1.17188,1.17185,0.75,8.59
11.08.2021 01:30:41.118,1.17188,1.1718600000000001,0.75,0.75
11.08.2021 01:30:41.949,1.17189,1.1718600000000001,0.75,2.59
11.08.2021 01:30:42.050,1.17189,1.1718600000000001,0.75,2.96
11.08.2021 01:30:42.354,1.1719000000000002,1.17188,0.75,0.64
11.08.2021 01:30:46.183,1.17193,1.17189,0.75,0.1
11.08.2021 01:30:46.436,1.17194,1.17189,2.17,0.1
11.08.2021 01:30:51.316,1.17191,1.17188,0.75,6.45
11.08.2021 01:30:54.366,1.17194,1.17189,2.92,0.26
11.08.2021 01:30:57.526,1.17192,1.1719000000000002,0.75,0.1
11.08.2021 01:30:57.627,1.1719000000000002,1.17188,0.75,1.57
11.08.2021 01:30:57.729,1.1719000000000002,1.17188,1.87,1.2
11.08.2021 01:30:57.830,1.17191,1.1718600000000001,1.12,3.07
11.08.2021 01:30:57.982,1.17188,1.1718600000000001,0.75,0.1
11.08.2021 01:30:59.240,1.17188,1.1718600000000001,0.75,5.96
11.08.2021 01:30:59.342,1.17188,1.1718600000000001,0.75,0.1
11.08.2021 01:31:00.309,1.17191,1.1718700000000002,0.75,3.07
11.08.2021 01:31:02.788,1.17192,1.1718700000000002,1.5,3.07
11.08.2021 01:31:03.262,1.1719000000000002,1.17188,0.75,0.45
11.08.2021 01:31:07.271,1.17193,1.17188,1.5,5.21
11.08.2021 01:31:09.858,1.17191,1.1718700000000002,1.57,3.18
11.08.2021 01:31:09.959,1.1719000000000002,1.1718700000000002,1.79,1.2
11.08.2021 01:31:10.061,1.1719000000000002,1.17185,0.75,3.82
11.08.2021 01:31:10.174,1.1718700000000002,1.17185,0.75,0.1
11.08.2021 01:31:12.621,1.1718700000000002,1.17184,0.75,1.46
11.08.2021 01:31:12.672,1.17188,1.17185,1.04,0.1
11.08.2021 01:31:12.723,1.1718600000000001,1.17183,0.75,2.02
11.08.2021 01:31:12.976,1.17189,1.17184,1.79,0.1
11.08.2021 01:31:15.567,1.1718700000000002,1.17185,0.75,0.1
11.08.2021 01:31:16.817,1.1718700000000002,1.17185,0.75,6.64
11.08.2021 01:31:19.875,1.1718600000000001,1.17184,0.75,0.64
11.08.2021 01:31:19.976,1.1718600000000001,1.17183,0.75,2.7
11.08.2021 01:31:22.927,1.17189,1.17184,1.5,0.64
11.08.2021 01:31:24.867,1.1718600000000001,1.17183,0.75,3.82
11.08.2021 01:31:27.548,1.17188,1.17185,1.5,0.64
11.08.2021 01:31:30.312,1.1718600000000001,1.17183,0.75,4.57
11.08.2021 01:31:32.434,1.1718700000000002,1.17184,0.75,0.26
11.08.2021 01:31:32.485,1.1718600000000001,1.17183,0.75,14.7
11.08.2021 01:31:35.479,1.1718600000000001,1.17184,0.75,0.1
11.08.2021 01:31:35.660,1.17189,1.17184,1.5,0.1
11.08.2021 01:31:36.324,1.1718600000000001,1.17183,0.75,3.64
11.08.2021 01:31:39.442,1.1718600000000001,1.17184,0.75,0.1
11.08.2021 01:31:39.493,1.17189,1.17184,2.92,0.1
11.08.2021 01:31:42.312,1.1718600000000001,1.17183,0.75,14.14
11.08.2021 01:31:45.186,1.1718600000000001,1.17184,0.75,0.1
11.08.2021 01:31:46.275,1.1718700000000002,1.17184,0.75,1.01
11.08.2021 01:31:46.377,1.1718700000000002,1.17185,0.75,0.1
11.08.2021 01:31:46.479,1.17188,1.1718600000000001,0.75,1.01
11.08.2021 01:31:47.187,1.17189,1.1718700000000002,0.75,0.1
11.08.2021 01:31:50.989,1.17188,1.1718600000000001,0.75,0.26
11.08.2021 01:31:51.090,1.17191,1.1718600000000001,3.67,0.26
11.08.2021 01:31:54.347,1.17188,1.17185,0.75,5.43
11.08.2021 01:31:54.636,1.1719000000000002,1.17188,0.75,0.1
11.08.2021 01:31:55.336,1.17192,1.1718700000000002,1.5,5.21
11.08.2021 01:31:55.446,1.17189,1.1718700000000002,0.75,2.21
11.08.2021 01:31:57.055,1.17192,1.17188,1.5,0.45
11.08.2021 01:32:00.347,1.1719000000000002,1.17188,0.75,0.1
11.08.2021 01:32:09.816,1.17193,1.17188,0.75,4.84
11.08.2021 01:32:12.339,1.17191,1.17188,0.75,3.82
11.08.2021 01:32:15.413,1.17192,1.1719000000000002,0.75,0.1
11.08.2021 01:32:18.325,1.1719000000000002,1.17189,0.75,3.25
11.08.2021 01:32:18.427,1.17191,1.17188,1.5,1.2
11.08.2021 01:32:18.478,1.17191,1.1718600000000001,1.5,5.96
11.08.2021 01:32:18.529,1.17188,1.1718600000000001,0.75,0.71
11.08.2021 01:32:18.580,1.17191,1.1718600000000001,4.49,0.64
11.08.2021 01:32:20.679,1.17191,1.17185,3.74,4.46
11.08.2021 01:32:24.312,1.17188,1.17185,0.75,1.46
11.08.2021 01:32:26.848,1.1718700000000002,1.17185,0.75,2.4
11.08.2021 01:32:27.361,1.1718600000000001,1.17184,0.75,0.82
11.08.2021 01:32:34.845,1.1718700000000002,1.17184,0.75,1.27
11.08.2021 01:32:34.949,1.1718700000000002,1.17184,0.75,1.27
11.08.2021 01:32:35.782,1.17188,1.17185,0.75,1.69
11.08.2021 01:32:35.883,1.17188,1.1718600000000001,0.75,0.1
11.08.2021 01:32:42.058,1.17188,1.17185,0.75,4.46
11.08.2021 01:32:42.210,1.1718700000000002,1.17184,0.75,3.34
11.08.2021 01:32:42.464,1.1718700000000002,1.17185,0.75,0.1
11.08.2021 01:32:42.565,1.17188,1.17185,0.75,0.1
11.08.2021 01:32:42.794,1.17189,1.1718600000000001,0.75,1.76
11.08.2021 01:32:42.895,1.17189,1.1718700000000002,0.75,0.75
11.08.2021 01:32:46.060,1.1719000000000002,1.17188,0.75,5.77
11.08.2021 01:32:46.444,1.17192,1.17188,0.75,4.27
11.08.2021 01:32:46.917,1.1719000000000002,1.17188,0.75,0.82
11.08.2021 01:32:47.894,1.17192,1.17188,1.5,0.82
11.08.2021 01:32:50.606,1.17191,1.1718700000000002,0.75,8.32
11.08.2021 01:33:00.394,1.1719000000000002,1.1718700000000002,0.75,1.01
11.08.2021 01:33:07.156,1.17192,1.17189,0.75,0.1
11.08.2021 01:33:07.510,1.17192,1.17188,0.75,6.34
11.08.2021 01:33:08.208,1.17192,1.17189,0.75,0.1
11.08.2021 01:33:29.493,1.17191,1.17189,0.75,0.1
11.08.2021 01:33:30.627,1.17191,1.17188,0.75,1.95
11.08.2021 01:33:32.317,1.17191,1.1719000000000002,0.75,0.1
11.08.2021 01:33:33.717,1.17191,1.17188,0.75,1.95
11.08.2021 01:33:33.818,1.17188,1.1718600000000001,0.75,1.27
11.08.2021 01:33:33.970,1.17188,1.17185,0.75,0.1
11.08.2021 01:33:55.042,1.17189,1.17185,1.87,0.82
11.08.2021 01:33:59.191,1.1718700000000002,1.1718600000000001,0.1,0.75
11.08.2021 01:33:59.395,1.1718700000000002,1.17184,0.1,0.75
11.08.2021 01:33:59.497,1.1718700000000002,1.17183,2.62,0.82
11.08.2021 01:34:02.024,1.1718600000000001,1.17185,0.75,0.82
11.08.2021 01:34:02.125,1.17188,1.17184,1.57,0.82
11.08.2021 01:34:14.114,1.1718700000000002,1.17184,0.75,0.1
11.08.2021 01:34:17.406,1.17188,1.17184,2.62,0.1
11.08.2021 01:34:17.545,1.1718700000000002,1.17184,0.75,0.1
11.08.2021 01:34:17.751,1.17188,1.17184,2.62,0.1
11.08.2021 01:34:18.150,1.1718700000000002,1.17184,0.75,0.1
11.08.2021 01:34:19.280,1.1718700000000002,1.17185,2.62,0.1
11.08.2021 01:34:19.464,1.1718700000000002,1.17184,0.75,0.1
11.08.2021 01:34:20.512,1.17185,1.17183,0.75,0.19
11.08.2021 01:34:20.614,1.17185,1.17182,0.75,0.82
11.08.2021 01:34:20.715,1.17184,1.17181,0.75,0.1
11.08.2021 01:34:21.936,1.17184,1.1718,0.75,0.94
11.08.2021 01:34:23.552,1.17185,1.17182,1.79,4.95
11.08.2021 01:34:23.653,1.1718600000000001,1.17183,0.75,0.1
11.08.2021 01:34:28.920,1.1718600000000001,1.17182,0.75,0.1
11.08.2021 01:34:30.760,1.17184,1.17181,0.75,0.1
11.08.2021 01:34:30.862,1.17185,1.17181,0.75,0.1
11.08.2021 01:34:31.014,1.17183,1.17182,0.75,0.1
11.08.2021 01:34:31.478,1.17185,1.17181,0.75,0.1
11.08.2021 01:34:31.685,1.17185,1.17183,0.75,0.82
11.08.2021 01:34:31.786,1.1718600000000001,1.17183,0.75,0.82
11.08.2021 01:34:32.190,1.1718600000000001,1.17184,0.75,0.1
11.08.2021 01:34:36.312,1.1718700000000002,1.17184,0.75,0.45
11.08.2021 01:35:29.125,1.1718700000000002,1.17185,0.75,2.14
11.08.2021 01:35:29.226,1.17188,1.17185,0.75,0.1
11.08.2021 01:35:29.327,1.17189,1.1718700000000002,0.75,0.75
11.08.2021 01:35:29.429,1.1719000000000002,1.1718700000000002,0.75,0.82
11.08.2021 01:35:30.054,1.17191,1.17188,0.75,0.26
11.08.2021 01:35:30.155,1.17192,1.17189,0.75,0.1
11.08.2021 01:35:32.265,1.17192,1.17188,0.75,3.18
11.08.2021 01:35:33.206,1.17189,1.1718700000000002,0.75,2.73
11.08.2021 01:35:33.308,1.17189,1.1718600000000001,0.82,0.45
11.08.2021 01:35:33.409,1.17189,1.17185,1.87,0.1
11.08.2021 01:35:33.880,1.17188,1.17185,0.75,0.1
11.08.2021 01:35:34.601,1.1718600000000001,1.17182,0.75,0.75
11.08.2021 01:35:34.803,1.17185,1.17181,0.75,1.39
11.08.2021 01:35:35.683,1.1718700000000002,1.17184,1.5,0.1
11.08.2021 01:35:44.123,1.17188,1.17184,0.75,5.89
11.08.2021 01:36:03.318,1.17189,1.17184,0.75,8.59
11.08.2021 01:36:06.675,1.17189,1.1718600000000001,0.75,0.1
11.08.2021 01:36:08.334,1.17189,1.17185,0.75,4.01
11.08.2021 01:36:11.900,1.17188,1.17185,0.75,1.46
11.08.2021 01:36:14.025,1.17188,1.17184,0.75,5.14
11.08.2021 01:36:14.126,1.1718700000000002,1.17184,0.75,0.1
11.08.2021 01:36:14.700,1.1718700000000002,1.17183,0.75,5.32
11.08.2021 01:36:20.538,1.1718700000000002,1.17184,0.75,0.1
11.08.2021 01:37:01.335,1.17188,1.17185,0.75,0.1
11.08.2021 01:37:04.615,1.17188,1.17184,0.75,1.39
11.08.2021 01:37:15.254,1.1718700000000002,1.17184,0.75,0.26
11.08.2021 01:37:21.943,1.17188,1.17184,0.75,1.39
11.08.2021 01:37:32.381,1.1718700000000002,1.17184,0.75,1.39
11.08.2021 01:37:38.088,1.17188,1.17184,0.75,2.14
11.08.2021 01:37:38.190,1.17188,1.17185,0.75,0.82
11.08.2021 01:37:39.989,1.17188,1.17184,0.75,1.39
11.08.2021 01:37:43.485,1.17188,1.17185,0.75,0.1
11.08.2021 01:37:44.244,1.17188,1.17184,0.75,4.01
11.08.2021 01:37:44.349,1.17188,1.17185,0.75,0.1
11.08.2021 01:37:47.545,1.17189,1.17185,0.75,1.01
11.08.2021 01:37:47.697,1.17189,1.1718600000000001,0.75,1.39
11.08.2021 01:37:47.748,1.17192,1.17189,0.75,0.75
11.08.2021 01:37:47.849,1.17193,1.17189,1.2,1.57
11.08.2021 01:37:48.007,1.17194,1.17189,0.82,7.39
11.08.2021 01:37:48.434,1.17193,1.17189,0.75,6.9
11.08.2021 01:38:01.791,1.17194,1.1719000000000002,0.75,1.01
11.08.2021 01:38:01.943,1.1719700000000002,1.17193,0.75,1.39
11.08.2021 01:38:02.045,1.17198,1.17194,0.75,0.82
11.08.2021 01:38:03.484,1.17198,1.17195,0.75,0.1
11.08.2021 01:38:05.558,1.17198,1.1719600000000001,0.75,0.1
11.08.2021 01:38:05.659,1.17199,1.1719600000000001,0.75,0.1
11.08.2021 01:38:07.030,1.1720000000000002,1.17198,0.75,0.37
11.08.2021 01:38:08.553,1.17201,1.1719700000000002,1.5,2.32
11.08.2021 01:38:08.655,1.17199,1.1719600000000001,0.75,0.75
11.08.2021 01:38:09.740,1.1720000000000002,1.1719700000000002,0.75,0.82
11.08.2021 01:38:10.094,1.17201,1.17198,0.75,0.37
11.08.2021 01:38:10.584,1.1720000000000002,1.17198,0.75,0.37
11.08.2021 01:38:13.275,1.17199,1.1719600000000001,0.75,1.76
11.08.2021 01:38:16.181,1.1720000000000002,1.1719600000000001,0.75,2.51
11.08.2021 01:38:17.005,1.1720000000000002,1.17198,0.75,0.37
11.08.2021 01:38:17.210,1.1720000000000002,1.1719700000000002,0.75,2.51
11.08.2021 01:38:18.964,1.1720000000000002,1.1719600000000001,0.75,7.01
11.08.2021 01:38:24.312,1.17199,1.1719600000000001,0.75,4.01
11.08.2021 01:38:25.130,1.1720000000000002,1.1719700000000002,0.75,2.51
11.08.2021 01:38:29.179,1.17201,1.17199,0.1,0.37
11.08.2021 01:38:29.230,1.1720000000000002,1.17198,0.75,2.51
11.08.2021 01:38:30.361,1.1720000000000002,1.1719700000000002,0.75,2.51
11.08.2021 01:38:31.730,1.1720000000000002,1.1719600000000001,0.75,3.26
11.08.2021 01:38:35.562,1.17199,1.1719600000000001,0.75,0.1
11.08.2021 01:38:35.690,1.17199,1.17195,0.82,1.5
11.08.2021 01:38:43.374,1.17199,1.17194,0.82,4.57
11.08.2021 01:38:43.627,1.17199,1.17195,0.75,0.1
11.08.2021 01:38:54.312,1.17198,1.17194,0.75,4.2
11.08.2021 01:39:03.920,1.1719700000000002,1.17194,0.37,3.82
11.08.2021 01:39:03.971,1.17194,1.17192,0.75,2.43
11.08.2021 01:39:04.123,1.17194,1.17191,0.75,7.5
11.08.2021 01:39:04.226,1.17194,1.1719000000000002,0.75,4.57
11.08.2021 01:39:08.802,1.17193,1.17189,0.75,0.82
11.08.2021 01:39:17.246,1.17191,1.17189,0.75,2.8
11.08.2021 01:39:19.800,1.17193,1.17189,0.82,0.75
11.08.2021 01:39:24.315,1.17194,1.1719000000000002,0.82,0.75
11.08.2021 01:39:24.733,1.17195,1.17192,0.75,1.57
11.08.2021 01:39:25.036,1.1719600000000001,1.17192,0.75,2.32
11.08.2021 01:39:25.168,1.17195,1.17192,0.75,0.1
11.08.2021 01:39:25.370,1.1719600000000001,1.17192,0.75,0.82
11.08.2021 01:39:31.539,1.1719700000000002,1.17194,0.75,0.1
11.08.2021 01:39:32.431,1.1719700000000002,1.17193,0.75,4.57
11.08.2021 01:39:33.485,1.1719600000000001,1.17193,0.75,0.1
11.08.2021 01:39:34.299,1.1719600000000001,1.17192,0.75,5.14
11.08.2021 01:39:36.716,1.17195,1.17191,0.75,3.82
11.08.2021 01:39:36.817,1.17194,1.17191,0.75,0.1
11.08.2021 01:39:37.850,1.1719600000000001,1.17192,4.49,0.75
11.08.2021 01:39:38.742,1.17195,1.17192,0.1,0.75
11.08.2021 01:39:43.006,1.17194,1.17192,0.82,0.75
11.08.2021 01:39:43.057,1.17194,1.1719000000000002,2.32,0.75
11.08.2021 01:39:46.102,1.17195,1.1719000000000002,2.62,0.82
11.08.2021 01:39:46.255,1.17195,1.17191,2.62,0.75
11.08.2021 01:39:46.521,1.17195,1.17192,0.1,0.75
11.08.2021 01:39:47.805,1.17195,1.17191,0.82,0.75
11.08.2021 01:39:51.519,1.1719700000000002,1.17193,7.1,1.12
11.08.2021 01:39:51.621,1.1719700000000002,1.17195,2.02,0.75
11.08.2021 01:39:54.586,1.1719700000000002,1.17194,0.1,0.75
11.08.2021 01:39:55.545,1.17195,1.17192,0.1,0.75
11.08.2021 01:39:59.149,1.17195,1.17191,0.82,0.75
11.08.2021 01:40:01.293,1.1719600000000001,1.17192,0.82,0.75
11.08.2021 01:40:08.751,1.17195,1.17192,0.1,0.75
11.08.2021 01:40:09.004,1.1719600000000001,1.17193,0.1,0.75
11.08.2021 01:40:28.590,1.17195,1.17192,0.82,0.75
11.08.2021 01:40:29.081,1.1719600000000001,1.17192,7.49,0.75
11.08.2021 01:40:29.714,1.17195,1.17191,0.75,0.82
11.08.2021 01:40:30.493,1.1719700000000002,1.17193,1.87,0.75
11.08.2021 01:40:30.594,1.1719700000000002,1.17195,1.27,0.75
11.08.2021 01:40:34.379,1.17199,1.17194,2.62,0.82
11.08.2021 01:40:34.482,1.17199,1.17195,2.62,0.75
11.08.2021 01:40:44.152,1.17199,1.17194,1.57,4.01
11.08.2021 01:40:51.447,1.17198,1.17194,1.57,0.75
11.08.2021 01:42:01.696,1.17199,1.17194,1.01,3.82
11.08.2021 01:42:02.103,1.17198,1.17194,0.1,3.75
11.08.2021 01:42:04.532,1.17199,1.17194,1.01,3.82
11.08.2021 01:42:04.777,1.17198,1.17194,0.1,3.75
11.08.2021 01:42:06.324,1.17199,1.17194,1.01,3.82
11.08.2021 01:42:20.310,1.17198,1.17194,0.1,3.75
11.08.2021 01:42:21.960,1.17199,1.17194,1.01,3.82
11.08.2021 01:42:23.485,1.17198,1.1719600000000001,0.82,0.75
11.08.2021 01:42:32.347,1.17198,1.17194,0.75,3.82
11.08.2021 01:42:59.211,1.17199,1.17195,1.87,0.75
11.08.2021 01:43:47.147,1.1720000000000002,1.17195,12.45,0.75
11.08.2021 01:44:05.710,1.1720000000000002,1.1719600000000001,3.74,0.75
11.08.2021 01:44:22.861,1.17201,1.17199,1.65,0.37
11.08.2021 01:44:25.516,1.17201,1.1720000000000002,0.1,0.75
11.08.2021 01:44:26.535,1.17202,1.17198,0.82,2.62
11.08.2021 01:44:27.412,1.17202,1.17199,0.82,0.75
11.08.2021 01:44:27.463,1.17204,1.17202,0.45,1.57
11.08.2021 01:44:27.565,1.17204,1.17201,1.27,0.75
11.08.2021 01:44:27.667,1.17204,1.1720000000000002,0.82,0.82
11.08.2021 01:44:27.871,1.17204,1.17199,2.32,1.87
11.08.2021 01:44:33.671,1.17203,1.17198,1.5,4.57
11.08.2021 01:44:33.773,1.17202,1.17198,0.1,1.57
11.08.2021 01:44:36.231,1.17202,1.17199,0.1,0.37
11.08.2021 01:44:36.434,1.17201,1.17199,0.1,0.82
11.08.2021 01:44:40.822,1.17201,1.17198,0.75,0.1
11.08.2021 01:44:40.924,1.1720000000000002,1.1719700000000002,2.24,0.75
11.08.2021 01:44:41.025,1.17199,1.1719600000000001,0.1,0.75
11.08.2021 01:44:45.219,1.1719600000000001,1.17192,3.45,1.2
11.08.2021 01:44:45.320,1.17195,1.17192,0.1,0.45
11.08.2021 01:44:45.422,1.17195,1.17191,0.1,0.75
11.08.2021 01:45:00.782,1.1719600000000001,1.17191,2.8,0.82
11.08.2021 01:45:08.610,1.1719600000000001,1.17192,1.04,2.51
11.08.2021 01:45:08.711,1.1719700000000002,1.17193,0.1,0.75
11.08.2021 01:45:08.813,1.17198,1.17193,1.2,1.39
11.08.2021 01:45:08.918,1.17198,1.17194,0.1,0.75
11.08.2021 01:45:14.864,1.17199,1.17194,2.62,0.82
11.08.2021 01:45:15.584,1.17199,1.17195,2.62,0.75
11.08.2021 01:45:19.933,1.17198,1.17195,0.1,0.75
11.08.2021 01:45:20.209,1.17198,1.17194,0.1,0.75
11.08.2021 01:45:24.054,1.17199,1.17194,2.99,0.82
11.08.2021 01:45:24.155,1.17199,1.17195,2.24,0.75
11.08.2021 01:45:25.911,1.17198,1.17195,0.1,0.75
11.08.2021 01:45:27.361,1.17198,1.17194,0.1,0.94
11.08.2021 01:45:29.127,1.1719700000000002,1.1719600000000001,0.1,0.75
11.08.2021 01:45:55.088,1.17199,1.17195,1.87,0.75
11.08.2021 01:46:03.718,1.1720000000000002,1.17195,4.68,0.75
11.08.2021 01:46:26.264,1.17199,1.17195,1.04,0.82
11.08.2021 01:46:28.321,1.1720000000000002,1.17195,11.7,0.82
11.08.2021 01:46:30.310,1.17199,1.17195,1.04,0.82
11.08.2021 01:46:33.783,1.1720000000000002,1.17195,11.78,0.82
11.08.2021 01:46:37.711,1.17199,1.17195,1.04,0.82
11.08.2021 01:46:38.959,1.1720000000000002,1.17195,4.38,0.82
11.08.2021 01:46:47.886,1.1720000000000002,1.1719600000000001,2.35,0.82
11.08.2021 01:47:01.418,1.1720000000000002,1.17195,3.93,1.57
11.08.2021 01:47:01.620,1.17199,1.17195,1.04,1.57
11.08.2021 01:47:01.721,1.1720000000000002,1.17195,5.13,1.57
11.08.2021 01:47:04.417,1.17199,1.17195,1.04,1.57
11.08.2021 01:47:05.153,1.1720000000000002,1.17195,3.93,1.57
11.08.2021 01:47:05.255,1.17199,1.17195,1.04,1.57
11.08.2021 01:47:12.973,1.1720000000000002,1.1719600000000001,2.43,0.75
11.08.2021 01:47:39.057,1.1720000000000002,1.17195,3.44,0.82
11.08.2021 01:48:01.917,1.1720000000000002,1.1719600000000001,2.99,0.1
11.08.2021 01:48:02.192,1.1720000000000002,1.17195,1.57,0.82
11.08.2021 01:48:02.613,1.17199,1.1719600000000001,0.37,0.1
11.08.2021 01:48:02.769,1.17199,1.17195,0.37,0.82
11.08.2021 01:48:08.505,1.1720000000000002,1.17195,5.5,0.75
11.08.2021 01:48:09.999,1.17199,1.17195,0.37,0.75
11.08.2021 01:48:10.196,1.1719600000000001,1.17191,4.79,4.23
11.08.2021 01:48:11.655,1.17195,1.1719000000000002,0.75,1.95
11.08.2021 01:48:15.238,1.17194,1.1719000000000002,0.37,0.75
11.08.2021 01:48:19.468,1.17192,1.17188,2.17,2.35
11.08.2021 01:48:19.569,1.17191,1.1718600000000001,1.87,6.48
11.08.2021 01:48:22.665,1.1719000000000002,1.17185,0.75,5.51
11.08.2021 01:48:24.083,1.17188,1.1718600000000001,0.37,0.75
11.08.2021 01:48:25.130,1.17189,1.1718600000000001,2.54,0.75
11.08.2021 01:48:29.567,1.1719000000000002,1.1718600000000001,2.17,0.75
11.08.2021 01:48:36.841,1.17191,1.1718600000000001,6.55,0.75
11.08.2021 01:48:39.706,1.1719000000000002,1.1718600000000001,0.1,0.75
11.08.2021 01:48:48.857,1.17188,1.1718700000000002,0.75,0.75
11.08.2021 01:49:00.926,1.17189,1.17185,0.75,0.75
11.08.2021 01:49:09.092,1.17189,1.17184,3,0.82
11.08.2021 01:49:11.406,1.17185,1.17182,0.75,2.73
11.08.2021 01:49:12.626,1.1718700000000002,1.17184,0.45,0.82
11.08.2021 01:49:12.778,1.17188,1.17184,1.87,0.82
11.08.2021 01:50:10.788,1.17188,1.17183,4.94,1.2
11.08.2021 01:50:10.889,1.1718600000000001,1.17183,0.75,0.45
11.08.2021 01:50:23.877,1.1718600000000001,1.17182,0.75,0.75
11.08.2021 01:50:23.979,1.1718600000000001,1.17181,1.5,4.95
11.08.2021 01:50:24.131,1.17185,1.17181,0.75,1.95
11.08.2021 01:50:26.345,1.1718600000000001,1.17184,2.54,0.45
11.08.2021 01:50:31.145,1.17188,1.17184,1.87,0.75
11.08.2021 01:50:33.727,1.17188,1.17185,4.12,0.75
11.08.2021 01:50:36.431,1.17185,1.17182,1.57,3.82
11.08.2021 01:50:36.532,1.1718600000000001,1.17182,1.2,0.75
11.08.2021 01:50:36.634,1.17185,1.17181,0.75,0.82
11.08.2021 01:50:36.735,1.1718600000000001,1.17181,2.02,0.82
11.08.2021 01:50:36.887,1.17185,1.17181,0.75,0.82
11.08.2021 01:50:37.342,1.1718600000000001,1.17181,1.95,0.82
11.08.2021 01:50:39.547,1.1718700000000002,1.17183,1.27,0.37
11.08.2021 01:50:39.649,1.17188,1.17185,0.45,1.01
11.08.2021 01:50:39.750,1.1719000000000002,1.17185,4.19,1.01
11.08.2021 01:51:00.301,1.1719000000000002,1.1718600000000001,1.87,0.19
11.08.2021 01:51:00.352,1.17191,1.17188,7.02,0.45
11.08.2021 01:51:00.454,1.17192,1.17189,0.45,0.26
11.08.2021 01:51:00.556,1.17194,1.17189,2.62,1.76
11.08.2021 01:51:06.312,1.17194,1.1719000000000002,1.12,0.75
11.08.2021 01:51:16.410,1.17191,1.1718700000000002,1.12,2.8
11.08.2021 01:51:18.912,1.17191,1.1718600000000001,4.94,1.76
11.08.2021 01:51:31.197,1.17191,1.1718700000000002,4.19,0.37
11.08.2021 01:51:31.434,1.17191,1.1718600000000001,4.57,1.76
11.08.2021 01:51:34.253,1.17191,1.1718700000000002,1.12,1.57
11.08.2021 01:51:34.354,1.17192,1.17188,7.47,1.2
11.08.2021 01:51:34.456,1.17193,1.17188,1.79,1.2
11.08.2021 01:51:38.999,1.17193,1.1719000000000002,1.04,0.75
11.08.2021 01:51:41.061,1.17194,1.1719000000000002,5.62,0.75
11.08.2021 01:51:41.991,1.17193,1.1719000000000002,1.04,0.75
11.08.2021 01:51:44.311,1.17194,1.1719000000000002,4.87,0.75
11.08.2021 01:51:44.538,1.17193,1.1719000000000002,1.04,0.75
11.08.2021 01:51:50.299,1.17194,1.1719000000000002,4.12,0.75
11.08.2021 01:51:50.400,1.17193,1.1719000000000002,1.04,0.75
11.08.2021 01:51:53.933,1.17194,1.1719000000000002,4.12,0.75
11.08.2021 01:52:04.497,1.17194,1.17191,1.79,0.75
11.08.2021 01:52:05.887,1.17195,1.17191,4.87,0.75
11.08.2021 01:52:11.689,1.17195,1.17192,4.04,0.75
11.08.2021 01:52:31.491,1.17195,1.17193,0.75,0.75
11.08.2021 01:52:31.542,1.1719700000000002,1.17193,8.22,1.95
11.08.2021 01:52:31.644,1.1719700000000002,1.17194,0.45,4.76
11.08.2021 01:52:31.695,1.17199,1.1719600000000001,0.82,0.75
11.08.2021 01:52:31.862,1.1720000000000002,1.1719700000000002,1.57,0.75
11.08.2021 01:52:52.601,1.1720000000000002,1.17198,4.95,0.75
11.08.2021 01:52:59.855,1.17201,1.17198,1.95,0.75
11.08.2021 01:53:03.508,1.17202,1.17198,2.24,0.75
11.08.2021 01:53:10.204,1.17203,1.17198,4.19,1.2
11.08.2021 01:53:10.494,1.17202,1.17198,0.45,1.2
11.08.2021 01:53:13.545,1.17203,1.1720000000000002,0.45,0.1
11.08.2021 01:53:13.698,1.17204,1.1720000000000002,0.45,0.1
11.08.2021 01:53:13.900,1.17205,1.1720000000000002,1.94,0.1
11.08.2021 01:53:14.103,1.17204,1.1720000000000002,0.45,0.1
11.08.2021 01:53:14.610,1.17205,1.1720000000000002,8.96,0.82
11.08.2021 01:53:14.763,1.17204,1.1720000000000002,0.75,0.82
11.08.2021 01:53:14.865,1.17204,1.17201,0.45,0.75
11.08.2021 01:53:14.986,1.17204,1.17202,0.45,0.75
11.08.2021 01:53:15.254,1.17205,1.17202,1.94,0.75
11.08.2021 01:53:15.360,1.17205,1.17203,12.61,0.75
11.08.2021 01:53:15.832,1.17205,1.17202,2.32,0.75
11.08.2021 01:53:15.933,1.17204,1.17202,0.45,0.75
11.08.2021 01:53:16.021,1.17203,1.17201,0.45,0.82
11.08.2021 01:53:18.295,1.17205,1.17202,0.9,0.75
11.08.2021 01:53:19.717,1.17206,1.17203,0.45,1.2
11.08.2021 01:53:19.868,1.17208,1.17206,1.27,0.75
11.08.2021 01:53:19.970,1.1721000000000001,1.1720700000000002,2.62,0.75
11.08.2021 01:53:20.071,1.17209,1.1720700000000002,0.45,0.75
11.08.2021 01:53:26.149,1.17208,1.17206,0.45,0.75
11.08.2021 01:53:27.943,1.17209,1.17206,0.9,0.75
11.08.2021 01:53:30.898,1.1721000000000001,1.1720700000000002,2.69,0.75
11.08.2021 01:53:30.999,1.1721000000000001,1.1720700000000002,1.65,0.75
11.08.2021 01:53:33.983,1.17209,1.1720700000000002,1.04,0.75
11.08.2021 01:53:34.091,1.17209,1.17204,1.04,1.69
11.08.2021 01:53:34.268,1.1721000000000001,1.1720700000000002,1.65,0.75
11.08.2021 01:53:40.169,1.17209,1.17204,1.04,0.94
11.08.2021 01:53:40.408,1.1721000000000001,1.1720700000000002,1.65,0.75
11.08.2021 01:53:45.964,1.1721000000000001,1.1720700000000002,1.65,0.75
11.08.2021 01:54:02.182,1.1721000000000001,1.17208,2.32,1.57
11.08.2021 01:54:02.284,1.1721000000000001,1.1720700000000002,0.1,0.75
11.08.2021 01:54:03.105,1.17209,1.1720700000000002,0.1,0.75
11.08.2021 01:54:03.822,1.17209,1.17206,0.1,0.75
11.08.2021 01:54:16.396,1.17208,1.17206,0.1,0.75
11.08.2021 01:54:16.505,1.17208,1.17205,0.1,0.75
11.08.2021 01:54:17.661,1.17208,1.17206,0.52,0.75
11.08.2021 01:54:26.418,1.1721000000000001,1.17205,6.07,0.82
11.08.2021 01:54:26.520,1.17209,1.17205,1.04,0.82
11.08.2021 01:54:34.602,1.17205,1.17202,0.75,3.18
11.08.2021 01:54:34.704,1.17205,1.1720000000000002,1.95,8.89
11.08.2021 01:54:40.223,1.17204,1.1720000000000002,0.45,1.39
11.08.2021 01:54:44.991,1.17204,1.17201,1.95,1.01
11.08.2021 01:54:52.717,1.17204,1.17202,1.95,0.37
11.08.2021 01:54:52.871,1.17205,1.1720000000000002,2.32,1.01
11.08.2021 01:54:54.425,1.17205,1.17202,2.92,0.75
11.08.2021 01:54:54.527,1.17206,1.17202,1.2,0.82
11.08.2021 01:54:54.628,1.1720700000000002,1.17203,0.75,1.2
11.08.2021 01:54:54.730,1.17208,1.17203,1.2,1.2
11.08.2021 01:55:02.366,1.17208,1.17204,0.75,0.75
11.08.2021 01:55:02.716,1.17209,1.17204,2.92,1.76
11.08.2021 01:55:06.962,1.17208,1.17204,0.75,1.01
11.08.2021 01:55:10.211,1.1721000000000001,1.17205,1.95,4.01
11.08.2021 01:55:11.336,1.17209,1.17205,0.75,0.75
11.08.2021 01:55:11.864,1.17208,1.17204,0.75,1.31
11.08.2021 01:55:15.811,1.17208,1.17203,3.15,0.75
11.08.2021 01:55:23.501,1.17208,1.17204,0.75,0.19
11.08.2021 01:55:30.482,1.17208,1.17203,0.75,4.76
11.08.2021 01:55:50.341,1.17205,1.17202,0.75,1.98
11.08.2021 01:55:50.443,1.17205,1.17201,0.75,4.01
11.08.2021 01:55:50.713,1.17205,1.17202,1.5,0.75
11.08.2021 01:55:50.865,1.1720700000000002,1.17202,3.44,1.76
11.08.2021 01:55:52.698,1.17208,1.17203,2.62,1.39
11.08.2021 01:56:03.846,1.17208,1.17204,0.82,0.19
11.08.2021 01:56:03.947,1.17208,1.17205,3.07,1.01
11.08.2021 01:56:07.054,1.17208,1.17204,0.1,0.94
11.08.2021 01:56:07.105,1.17206,1.17201,2.62,4.87
11.08.2021 01:56:07.206,1.17205,1.17201,0.75,1.76
11.08.2021 01:56:08.138,1.17206,1.17201,2.7,1.01
11.08.2021 01:56:08.411,1.17205,1.17201,0.75,0.26
11.08.2021 01:56:17.442,1.17205,1.1720000000000002,1.57,1.01
11.08.2021 01:56:17.647,1.17204,1.17199,1.57,1.01
11.08.2021 01:56:17.748,1.17203,1.17199,0.1,0.75
11.08.2021 01:56:28.257,1.1720000000000002,1.1719600000000001,0.82,2.73
11.08.2021 01:56:28.358,1.17199,1.1719600000000001,0.75,0.75
11.08.2021 01:56:28.460,1.17199,1.17195,0.82,0.75
11.08.2021 01:56:32.676,1.17199,1.17194,2.02,1.76
11.08.2021 01:56:34.355,1.17199,1.17195,2.32,0.75
11.08.2021 01:56:35.421,1.17199,1.17194,3.82,2.14
11.08.2021 01:56:43.500,1.1719600000000001,1.17192,0.82,0.75
11.08.2021 01:56:43.602,1.17195,1.17192,2.32,2.51
11.08.2021 01:56:43.704,1.17198,1.17193,3.44,2.14
11.08.2021 01:56:50.126,1.1719600000000001,1.17191,2.7,1.76
11.08.2021 01:56:50.587,1.1719600000000001,1.17192,0.82,1.69
11.08.2021 01:56:50.689,1.1719700000000002,1.17193,2.99,0.75
11.08.2021 01:57:03.283,1.17198,1.17194,0.45,0.75
11.08.2021 01:57:11.699,1.17198,1.17195,3.07,0.82
11.08.2021 01:57:12.319,1.1719700000000002,1.17195,0.1,0.75
11.08.2021 01:57:18.112,1.17198,1.17193,0.82,2.51
11.08.2021 01:57:18.451,1.17198,1.17194,0.75,0.1
11.08.2021 01:57:18.553,1.17199,1.17194,2.02,1.01
11.08.2021 01:57:26.739,1.17199,1.17195,1.57,0.75
11.08.2021 01:57:27.469,1.17198,1.17195,0.1,0.75
11.08.2021 01:57:28.701,1.17199,1.17195,0.82,0.75
11.08.2021 01:57:30.889,1.1719700000000002,1.1719600000000001,0.1,0.75
11.08.2021 01:57:31.903,1.17199,1.17195,0.1,0.75
11.08.2021 01:57:34.529,1.17199,1.1719600000000001,0.1,0.75
11.08.2021 01:57:34.630,1.1720000000000002,1.1719600000000001,2.24,0.75
11.08.2021 01:57:36.179,1.1720000000000002,1.1719700000000002,0.1,0.94
11.08.2021 01:57:36.231,1.17202,1.17198,1.27,1.12
11.08.2021 01:57:36.332,1.17203,1.17199,1.2,0.75
11.08.2021 01:57:40.482,1.17204,1.1720000000000002,2.99,0.75
11.08.2021 01:57:40.634,1.17205,1.17201,2.99,0.75
11.08.2021 01:57:41.865,1.17206,1.17202,1.04,1.01
11.08.2021 01:57:41.916,1.17208,1.17203,2.4,2.14
11.08.2021 01:57:42.017,1.17208,1.17204,0.45,1.01
11.08.2021 01:57:42.118,1.17209,1.17204,3.37,1.01
11.08.2021 01:57:42.538,1.17209,1.17205,2.62,0.75
11.08.2021 01:57:45.043,1.17208,1.17205,0.1,0.75
11.08.2021 01:57:47.164,1.17209,1.17206,2.24,0.75
11.08.2021 01:57:51.130,1.17208,1.17204,1.04,0.1
11.08.2021 01:57:54.237,1.17209,1.17206,2.4,0.75
11.08.2021 01:57:58.227,1.17208,1.17206,1.87,0.94
11.08.2021 01:57:58.893,1.17209,1.17206,2.4,1.01
11.08.2021 01:57:59.781,1.17209,1.17205,1.04,1.01
11.08.2021 01:58:00.027,1.1721000000000001,1.17205,2.4,1.01
11.08.2021 01:58:04.587,1.17209,1.17205,1.04,0.82
11.08.2021 01:58:05.338,1.1720700000000002,1.17205,0.45,0.75
11.08.2021 01:58:05.616,1.1720700000000002,1.17204,0.45,0.75
11.08.2021 01:58:06.822,1.1720700000000002,1.17203,0.1,0.75
11.08.2021 01:58:12.936,1.17206,1.17202,2.62,0.75
11.08.2021 01:58:13.038,1.17206,1.17201,3.74,0.82
11.08.2021 01:58:13.293,1.17205,1.17201,0.1,0.94
11.08.2021 01:58:21.925,1.1720700000000002,1.17203,1.27,0.37
11.08.2021 01:58:22.026,1.1720700000000002,1.17204,0.45,0.75
11.08.2021 01:58:22.128,1.17208,1.17204,2.62,0.75
11.08.2021 01:58:32.715,1.17208,1.17205,1.04,0.75
11.08.2021 01:58:32.823,1.17209,1.17205,2.99,0.75
11.08.2021 01:58:35.628,1.17208,1.17205,1.2,0.75
11.08.2021 01:58:35.678,1.1720700000000002,1.17203,0.1,2.14
11.08.2021 01:58:35.881,1.1720700000000002,1.17204,0.1,0.75
11.08.2021 01:58:36.658,1.17208,1.17204,1.87,0.75
11.08.2021 01:58:39.887,1.17209,1.17205,1.87,0.75
11.08.2021 01:58:49.248,1.17208,1.17204,0.1,0.75
11.08.2021 01:58:51.912,1.17208,1.17203,2.24,1.01
11.08.2021 01:58:52.278,1.1720700000000002,1.17203,0.1,0.94
11.08.2021 01:59:05.279,1.17206,1.17202,0.82,0.75
11.08.2021 01:59:05.482,1.17206,1.17201,1.87,1.76
11.08.2021 01:59:05.583,1.17205,1.17201,0.1,1.69
11.08.2021 01:59:07.437,1.17206,1.17202,0.1,0.75
11.08.2021 01:59:07.539,1.1720700000000002,1.17202,0.82,4.01
11.08.2021 01:59:08.467,1.1720700000000002,1.17203,0.75,0.1
11.08.2021 01:59:09.114,1.17208,1.17203,0.82,5.96
11.08.2021 01:59:09.216,1.17208,1.17204,0.1,0.75
11.08.2021 01:59:09.513,1.17209,1.17204,2.62,0.82
11.08.2021 01:59:13.216,1.17208,1.17204,0.1,0.75
11.08.2021 01:59:17.832,1.17209,1.17204,1.87,0.82
11.08.2021 01:59:18.726,1.17209,1.17205,1.12,0.75
11.08.2021 01:59:19.534,1.1721000000000001,1.17205,2.99,0.82
11.08.2021 01:59:21.638,1.17211,1.17208,0.75,0.37
11.08.2021 01:59:21.739,1.17212,1.17208,0.45,1.39
11.08.2021 01:59:21.841,1.17214,1.1721000000000001,1.87,0.75
11.08.2021 01:59:55.885,1.17215,1.1721000000000001,2.99,1.01
11.08.2021 01:59:58.953,1.17214,1.1721000000000001,1.04,1.01
11.08.2021 02:00:08.753,1.17211,1.17206,1.95,13.19
11.08.2021 02:00:08.855,1.1721000000000001,1.17206,0.1,9.45
11.08.2021 02:00:22.473,1.1721000000000001,1.17208,1.5,1.57
11.08.2021 02:00:22.576,1.17212,1.17208,1.57,0.19
11.08.2021 02:00:22.677,1.17213,1.17209,0.1,0.75
11.08.2021 02:00:24.485,1.17211,1.1720700000000002,1.2,0.75
11.08.2021 02:00:30.312,1.17211,1.17206,1.95,2.51
11.08.2021 02:00:30.841,1.17209,1.1720700000000002,1.2,0.75
11.08.2021 02:00:31.552,1.1721000000000001,1.1720700000000002,1.57,0.75
11.08.2021 02:00:34.612,1.17206,1.17205,0.1,3.19
11.08.2021 02:00:34.849,1.1720700000000002,1.17205,0.1,0.75
11.08.2021 02:00:42.305,1.17206,1.17203,1.2,0.75
11.08.2021 02:00:46.466,1.1720700000000002,1.17203,0.82,0.75
11.08.2021 02:00:46.568,1.1720700000000002,1.17204,0.82,0.75
11.08.2021 02:00:57.049,1.17209,1.17206,2.5,0.75
11.08.2021 02:01:00.665,1.17208,1.17206,0.1,0.75
11.08.2021 02:01:00.716,1.1720700000000002,1.17204,0.1,0.75
11.08.2021 02:01:01.224,1.17208,1.17204,0.1,0.75
11.08.2021 02:01:01.703,1.17208,1.17205,0.1,0.75
11.08.2021 02:01:01.804,1.17209,1.17206,1.87,0.75
11.08.2021 02:01:15.214,1.1721000000000001,1.17206,1.87,0.75
11.08.2021 02:01:32.868,1.1721000000000001,1.17208,1.57,1.5
11.08.2021 02:01:32.970,1.17211,1.17208,0.52,0.75
11.08.2021 02:01:33.071,1.17212,1.17208,0.82,0.75
11.08.2021 02:01:33.223,1.17212,1.17209,0.1,0.75
11.08.2021 02:01:33.979,1.17213,1.17209,0.1,0.75
11.08.2021 02:01:34.131,1.17213,1.1721000000000001,0.1,0.75
11.08.2021 02:01:34.384,1.17214,1.1721000000000001,1.12,0.75
11.08.2021 02:01:34.485,1.17215,1.1721000000000001,2.99,0.82
11.08.2021 02:01:39.312,1.17215,1.17211,1.49,0.75
11.08.2021 02:01:41.650,1.17215,1.17212,1.49,0.75
11.08.2021 02:02:02.033,1.17213,1.17211,2.62,2.73
11.08.2021 02:02:12.078,1.17213,1.17211,1.87,0.75
11.08.2021 02:02:12.184,1.17213,1.17211,1.87,0.75
11.08.2021 02:02:14.569,1.17215,1.17211,1.49,0.75
11.08.2021 02:02:18.881,1.17216,1.17213,0.1,0.75
11.08.2021 02:02:18.982,1.1721700000000002,1.17213,0.1,0.75
11.08.2021 02:02:19.084,1.17218,1.17214,1.2,0.75
11.08.2021 02:02:20.419,1.17218,1.17215,0.82,0.75
11.08.2021 02:02:20.902,1.17219,1.17215,1.49,0.75
11.08.2021 02:02:21.347,1.17216,1.17213,0.1,1.2
