Gmt time,Ask,Bid,AskVolume,BidVolume
12.08.2021 00:00:00.977,1.1742100000000002,1.17415,0.1,4.87
12.08.2021 00:00:01.438,1.1742000000000001,1.17414,5.89,0.75
12.08.2021 00:00:03.857,1.17419,1.17416,0.26,0.37
12.08.2021 00:00:03.958,1.1742100000000002,1.17415,2.14,0.37
12.08.2021 00:00:04.110,1.1742100000000002,1.17414,2.14,2.14
12.08.2021 00:00:11.134,1.1742100000000002,1.17415,2.14,3
12.08.2021 00:00:13.641,1.17419,1.17415,0.75,0.37
12.08.2021 00:00:13.743,1.17416,1.17413,0.1,5.62
12.08.2021 00:00:13.795,1.17416,1.17411,0.26,7.5
12.08.2021 00:00:13.947,1.17416,1.1741000000000001,1.76,0.64
12.08.2021 00:00:15.490,1.17412,1.17408,1.12,4.5
12.08.2021 00:00:15.591,1.17411,1.17406,4.69,0.37
12.08.2021 00:00:15.693,1.1741000000000001,1.17405,0.56,7.5
12.08.2021 00:00:15.795,1.1741000000000001,1.17404,0.56,8.89
12.08.2021 00:00:19.704,1.17411,1.17404,4.39,8.89
12.08.2021 00:00:20.225,1.17411,1.17405,1.39,3
12.08.2021 00:00:22.432,1.17411,1.17404,5.59,9.64
12.08.2021 00:00:26.429,1.17411,1.17405,2.14,3
12.08.2021 00:00:36.004,1.1741000000000001,1.17406,0.75,0.75
12.08.2021 00:00:48.227,1.17412,1.17408,5.02,0.75
12.08.2021 00:00:48.379,1.17413,1.17409,1.5,1.5
12.08.2021 00:00:48.582,1.17411,1.17409,0.75,0.75
12.08.2021 00:00:51.222,1.17413,1.17408,3.64,0.37
12.08.2021 00:00:51.324,1.17413,1.17411,0.45,0.75
12.08.2021 00:00:51.375,1.17415,1.17411,1.76,0.75
12.08.2021 00:00:54.068,1.17414,1.1741000000000001,1.31,1.5
12.08.2021 00:00:54.169,1.17415,1.17411,6.64,0.75
12.08.2021 00:00:54.271,1.17415,1.1741000000000001,7.84,0.75
12.08.2021 00:00:55.072,1.17415,1.17411,7.09,0.75
12.08.2021 00:00:59.776,1.17415,1.17412,0.45,2.81
12.08.2021 00:00:59.827,1.1741700000000002,1.17413,1.39,0.75
12.08.2021 00:00:59.929,1.17418,1.17416,0.45,0.75
12.08.2021 00:01:00.030,1.17419,1.17416,0.1,0.75
12.08.2021 00:01:00.284,1.1742000000000001,1.17416,4.01,0.75
12.08.2021 00:01:33.069,1.17419,1.17415,0.75,1.87
12.08.2021 00:01:46.104,1.17419,1.17416,0.75,0.1
12.08.2021 00:01:52.114,1.1742000000000001,1.17416,0.75,0.82
12.08.2021 00:01:52.216,1.17422,1.17419,0.45,0.75
12.08.2021 00:01:52.317,1.17422,1.1742000000000001,0.45,0.1
12.08.2021 00:01:52.418,1.17422,1.1742100000000002,0.75,0.1
12.08.2021 00:01:52.520,1.17424,1.1742000000000001,0.75,0.82
12.08.2021 00:01:52.672,1.17424,1.1742100000000002,0.75,0.1
12.08.2021 00:01:52.824,1.17424,1.17422,0.75,0.1
12.08.2021 00:01:55.036,1.17425,1.17422,0.75,0.1
12.08.2021 00:02:00.621,1.17424,1.17422,0.75,0.1
12.08.2021 00:02:00.742,1.17424,1.1742100000000002,0.75,0.1
12.08.2021 00:02:02.765,1.17424,1.17422,0.75,0.1
12.08.2021 00:02:03.033,1.17424,1.1742100000000002,0.75,0.1
12.08.2021 00:02:03.135,1.17426,1.1742299999999999,0.75,0.37
12.08.2021 00:02:03.236,1.1742700000000001,1.17424,0.45,0.82
12.08.2021 00:02:03.337,1.17428,1.17424,0.75,0.82
12.08.2021 00:02:18.347,1.1742700000000001,1.1742299999999999,0.75,1.2
12.08.2021 00:02:18.448,1.17426,1.17422,0.75,1.57
12.08.2021 00:02:25.567,1.17425,1.17424,0.75,0.75
12.08.2021 00:02:25.619,1.17428,1.17424,0.75,1.57
12.08.2021 00:02:30.309,1.17429,1.17425,0.94,0.75
12.08.2021 00:02:40.647,1.17428,1.17424,0.75,1.12
12.08.2021 00:03:06.074,1.17425,1.17422,0.75,1.5
12.08.2021 00:03:06.181,1.17424,1.1742100000000002,0.75,1.2
12.08.2021 00:03:07.372,1.1742299999999999,1.1742100000000002,0.75,1.2
12.08.2021 00:03:07.627,1.17422,1.17419,0.75,0.1
12.08.2021 00:03:07.729,1.1742100000000002,1.17419,0.94,1.57
12.08.2021 00:03:09.755,1.1742000000000001,1.1741700000000002,0.75,0.1
12.08.2021 00:03:10.274,1.1742000000000001,1.17416,0.75,1.2
12.08.2021 00:03:33.261,1.17419,1.17415,0.75,4.95
12.08.2021 00:03:36.090,1.1741700000000002,1.17414,0.19,3.75
12.08.2021 00:03:36.142,1.17415,1.17413,0.82,8.25
12.08.2021 00:03:36.350,1.17415,1.17411,0.75,3.45
12.08.2021 00:03:38.962,1.17414,1.17411,0.75,0.1
12.08.2021 00:03:46.258,1.17415,1.17412,0.75,0.75
12.08.2021 00:03:46.360,1.17416,1.17412,0.75,1.57
12.08.2021 00:03:57.634,1.17415,1.17411,0.75,4.57
12.08.2021 00:03:59.093,1.17416,1.17412,1.76,0.75
12.08.2021 00:03:59.624,1.17415,1.17411,0.75,4.57
12.08.2021 00:04:02.348,1.17414,1.17411,0.75,0.1
12.08.2021 00:04:02.501,1.17414,1.1741000000000001,0.75,1.57
12.08.2021 00:04:02.654,1.17413,1.17409,1.01,1.5
12.08.2021 00:04:02.757,1.17412,1.17408,0.75,0.82
12.08.2021 00:04:03.062,1.17412,1.1741000000000001,0.45,0.75
12.08.2021 00:04:03.164,1.17413,1.17409,0.82,1.87
12.08.2021 00:04:03.419,1.17412,1.17408,0.75,0.82
12.08.2021 00:04:04.859,1.1741000000000001,1.17406,0.75,5.7
12.08.2021 00:04:07.735,1.1741000000000001,1.1740700000000002,0.75,0.82
12.08.2021 00:04:07.997,1.17409,1.17406,0.75,1.57
12.08.2021 00:04:12.552,1.1741000000000001,1.17406,1.5,1.57
12.08.2021 00:04:26.568,1.17409,1.17406,0.75,0.82
12.08.2021 00:04:30.312,1.17408,1.17404,1.76,0.75
12.08.2021 00:04:30.413,1.1740700000000002,1.17403,0.75,0.82
12.08.2021 00:04:30.759,1.17408,1.17404,1.2,1.57
12.08.2021 00:04:31.691,1.17408,1.17405,0.75,0.1
12.08.2021 00:04:31.793,1.17409,1.17405,0.75,0.82
12.08.2021 00:04:32.102,1.1741000000000001,1.17406,1.57,0.75
12.08.2021 00:04:46.283,1.17411,1.1740700000000002,0.82,1.12
12.08.2021 00:04:46.384,1.17412,1.17408,1.2,0.82
12.08.2021 00:04:46.485,1.17413,1.17409,0.75,0.82
12.08.2021 00:04:48.264,1.17414,1.1741000000000001,1.95,0.82
12.08.2021 00:04:54.315,1.17415,1.17411,2.51,0.75
12.08.2021 00:04:56.716,1.17413,1.17409,2.7,0.75
12.08.2021 00:05:15.991,1.17415,1.17411,3.64,0.82
12.08.2021 00:05:17.988,1.17416,1.17413,0.75,0.1
12.08.2021 00:05:18.090,1.1741700000000002,1.17413,1.2,0.82
12.08.2021 00:05:18.192,1.17419,1.17415,0.75,1.2
12.08.2021 00:05:18.344,1.1742100000000002,1.1741700000000002,0.75,0.82
12.08.2021 00:05:18.446,1.1742100000000002,1.17418,0.75,0.1
12.08.2021 00:05:18.853,1.1742299999999999,1.1742100000000002,2.02,0.75
12.08.2021 00:05:18.956,1.1742299999999999,1.17419,0.75,0.82
12.08.2021 00:05:23.084,1.1742100000000002,1.1741700000000002,0.75,0.82
12.08.2021 00:05:25.006,1.17419,1.1741700000000002,0.75,0.82
12.08.2021 00:05:40.316,1.1742000000000001,1.1741700000000002,0.75,0.1
12.08.2021 00:05:40.367,1.1742100000000002,1.17419,0.75,0.82
12.08.2021 00:05:49.496,1.17424,1.1742000000000001,3.75,0.82
12.08.2021 00:05:49.598,1.17425,1.1742100000000002,1.2,0.82
12.08.2021 00:05:49.800,1.17424,1.1742000000000001,0.75,1.57
12.08.2021 00:05:49.952,1.17424,1.1742100000000002,0.75,0.1
12.08.2021 00:05:51.533,1.1742299999999999,1.1742000000000001,0.75,0.1
12.08.2021 00:05:51.634,1.1742299999999999,1.17419,0.75,2.7
12.08.2021 00:05:51.938,1.17424,1.1742000000000001,0.82,1.12
12.08.2021 00:05:56.582,1.1742299999999999,1.17419,0.75,0.82
12.08.2021 00:06:00.131,1.1742299999999999,1.1742000000000001,0.75,0.1
12.08.2021 00:06:00.309,1.17424,1.1742000000000001,0.75,0.82
12.08.2021 00:06:01.344,1.17426,1.17422,0.82,0.75
12.08.2021 00:06:30.359,1.1742700000000001,1.1742299999999999,0.82,0.75
12.08.2021 00:06:32.784,1.17428,1.17424,0.82,0.75
12.08.2021 00:06:35.034,1.17429,1.17425,1.57,0.75
12.08.2021 00:06:37.533,1.1743000000000001,1.17426,0.82,0.75
12.08.2021 00:06:59.563,1.17429,1.17425,0.75,1.2
12.08.2021 00:07:04.716,1.1743000000000001,1.17426,4.01,0.75
12.08.2021 00:07:09.495,1.1743100000000002,1.17426,1.01,0.82
12.08.2021 00:07:09.596,1.17432,1.17428,0.94,3.07
12.08.2021 00:07:09.698,1.1743299999999999,1.1743000000000001,0.45,0.82
12.08.2021 00:07:09.799,1.17435,1.1743000000000001,1.76,0.82
12.08.2021 00:07:10.906,1.17434,1.1743000000000001,0.75,0.82
12.08.2021 00:07:13.949,1.1743299999999999,1.1743000000000001,0.75,0.82
12.08.2021 00:07:14.051,1.1743299999999999,1.17429,1.57,0.75
12.08.2021 00:07:14.154,1.1743100000000002,1.17429,0.75,3.45
12.08.2021 00:07:14.443,1.1743299999999999,1.17429,0.75,4.57
12.08.2021 00:07:14.596,1.1743299999999999,1.1743000000000001,0.75,0.1
12.08.2021 00:07:14.748,1.17434,1.1743000000000001,0.75,0.82
12.08.2021 00:07:21.787,1.17434,1.1743100000000002,0.75,0.1
12.08.2021 00:07:25.909,1.17434,1.1743000000000001,0.75,0.82
12.08.2021 00:07:27.273,1.1743299999999999,1.1743000000000001,0.75,0.75
12.08.2021 00:07:27.378,1.1743299999999999,1.1743100000000002,0.93,0.75
12.08.2021 00:07:30.826,1.17435,1.1743100000000002,4.57,0.75
12.08.2021 00:07:40.700,1.17434,1.1743100000000002,0.75,0.75
12.08.2021 00:07:40.751,1.1743100000000002,1.1742700000000001,0.75,14.69
12.08.2021 00:07:40.853,1.1743000000000001,1.1742700000000001,0.94,7.5
12.08.2021 00:07:40.955,1.1743000000000001,1.17426,1.12,0.75
12.08.2021 00:07:45.309,1.17428,1.17426,0.75,0.82
12.08.2021 00:08:16.734,1.1743000000000001,1.17426,1.01,0.75
12.08.2021 00:08:25.098,1.1743000000000001,1.1742700000000001,0.75,1.12
12.08.2021 00:08:25.149,1.17432,1.1743000000000001,5.03,0.75
12.08.2021 00:08:25.302,1.1743299999999999,1.1743000000000001,0.1,0.75
12.08.2021 00:08:25.403,1.17434,1.1743100000000002,0.75,0.1
12.08.2021 00:08:25.505,1.17434,1.1743000000000001,0.82,0.82
12.08.2021 00:08:30.309,1.17434,1.1743100000000002,0.1,0.75
12.08.2021 00:08:38.245,1.17435,1.1743100000000002,0.94,0.75
12.08.2021 00:09:13.416,1.1743299999999999,1.1743100000000002,4.69,0.75
12.08.2021 00:09:17.425,1.17434,1.1743100000000002,0.94,0.75
12.08.2021 00:09:21.171,1.17434,1.1743000000000001,0.94,1.5
12.08.2021 00:09:21.424,1.1743299999999999,1.17429,0.75,1.5
12.08.2021 00:09:21.525,1.1743299999999999,1.1743000000000001,0.75,0.75
12.08.2021 00:09:22.267,1.17434,1.1743100000000002,0.94,0.75
12.08.2021 00:09:28.931,1.17435,1.1743100000000002,1.69,0.75
12.08.2021 00:09:30.774,1.17435,1.17432,0.75,0.75
12.08.2021 00:09:33.531,1.17435,1.1743100000000002,0.75,0.75
12.08.2021 00:09:43.197,1.1743700000000001,1.1743299999999999,2.51,0.75
12.08.2021 00:09:46.861,1.17435,1.1743299999999999,4.76,0.75
12.08.2021 00:09:46.962,1.17435,1.1743100000000002,0.75,0.75
12.08.2021 00:10:05.221,1.17434,1.1743100000000002,0.75,0.75
12.08.2021 00:10:05.374,1.17434,1.1743000000000001,0.75,0.75
12.08.2021 00:10:11.346,1.17435,1.1743100000000002,0.82,0.75
12.08.2021 00:10:19.731,1.17435,1.17432,0.75,0.75
12.08.2021 00:10:27.905,1.17436,1.1743299999999999,0.75,0.37
12.08.2021 00:10:28.007,1.17438,1.17435,0.45,0.75
12.08.2021 00:10:28.108,1.17438,1.17436,0.75,0.75
12.08.2021 00:10:29.492,1.17439,1.1743700000000001,2.14,0.75
12.08.2021 00:10:32.402,1.1744,1.17438,5.14,0.75
12.08.2021 00:10:33.116,1.1744,1.1743700000000001,0.19,0.75
12.08.2021 00:10:33.902,1.1744,1.17436,1.01,0.75
12.08.2021 00:10:46.321,1.1744,1.1743700000000001,0.75,0.75
12.08.2021 00:11:16.415,1.1744,1.17436,0.75,0.75
12.08.2021 00:11:16.669,1.1743700000000001,1.1743299999999999,0.75,4.95
12.08.2021 00:11:16.771,1.1743700000000001,1.17434,0.82,0.75
12.08.2021 00:11:21.310,1.17438,1.17434,1.01,0.75
12.08.2021 00:11:30.943,1.1744,1.17436,2.21,0.75
12.08.2021 00:11:38.941,1.1744100000000002,1.1743700000000001,1.39,0.75
12.08.2021 00:11:40.245,1.1744100000000002,1.17438,0.75,0.37
12.08.2021 00:11:40.296,1.17443,1.17439,1.57,0.75
12.08.2021 00:11:40.398,1.17444,1.1744,1.27,0.75
12.08.2021 00:11:41.400,1.17444,1.17442,5.14,0.75
12.08.2021 00:11:41.607,1.17445,1.17442,1.01,0.75
12.08.2021 00:11:43.214,1.17443,1.17442,0.1,0.75
12.08.2021 00:11:43.885,1.17445,1.1744100000000002,0.82,0.75
12.08.2021 00:11:48.318,1.17444,1.1744,0.75,4.2
12.08.2021 00:12:01.074,1.17445,1.1744100000000002,0.82,0.75
12.08.2021 00:12:06.203,1.17445,1.1744,1.01,3.45
12.08.2021 00:12:07.203,1.17445,1.1744100000000002,0.94,0.75
12.08.2021 00:12:14.150,1.17444,1.1744,1.39,0.75
12.08.2021 00:12:14.258,1.17443,1.1744,0.45,0.75
12.08.2021 00:12:14.929,1.17442,1.1744,1.2,0.75
12.08.2021 00:12:20.055,1.1744100000000002,1.17438,0.75,0.75
12.08.2021 00:12:26.143,1.1744,1.1743700000000001,0.75,0.75
12.08.2021 00:12:33.484,1.1744,1.17436,0.75,2.54
12.08.2021 00:13:59.740,1.1744100000000002,1.1743700000000001,1.39,0.75
12.08.2021 00:14:00.882,1.17442,1.17439,0.75,0.75
12.08.2021 00:14:02.198,1.1744100000000002,1.1743700000000001,1.01,0.75
12.08.2021 00:14:03.668,1.1744100000000002,1.17439,5.51,0.75
12.08.2021 00:14:10.752,1.1744100000000002,1.17438,0.37,0.75
12.08.2021 00:14:27.202,1.17442,1.17438,2.51,0.75
12.08.2021 00:14:30.991,1.1744100000000002,1.17438,0.19,0.75
12.08.2021 00:14:43.833,1.1744100000000002,1.1743700000000001,1.5,0.75
12.08.2021 00:15:02.545,1.17443,1.17439,0.82,0.75
12.08.2021 00:15:02.798,1.17443,1.1744100000000002,0.75,0.75
12.08.2021 00:15:06.551,1.17442,1.17439,0.37,0.75
12.08.2021 00:15:06.653,1.17442,1.17438,2.32,0.75
12.08.2021 00:15:06.755,1.1744100000000002,1.17438,0.75,0.75
12.08.2021 00:15:20.142,1.1744100000000002,1.1744,3.75,0.75
12.08.2021 00:15:20.244,1.17443,1.17439,1.5,0.75
12.08.2021 00:15:20.345,1.17444,1.1744,0.75,0.75
12.08.2021 00:15:22.426,1.17445,1.1744100000000002,1.95,0.75
12.08.2021 00:15:39.310,1.17444,1.1744100000000002,0.75,0.75
12.08.2021 00:15:50.617,1.17444,1.1744,0.75,0.75
12.08.2021 00:15:50.821,1.17443,1.1744,0.75,0.75
12.08.2021 00:15:51.024,1.17444,1.1744,0.82,0.75
12.08.2021 00:16:01.771,1.17444,1.1744100000000002,0.75,0.75
12.08.2021 00:16:06.352,1.17444,1.1744,0.75,1.98
12.08.2021 00:16:15.285,1.17444,1.17442,0.75,0.75
12.08.2021 00:16:36.383,1.17444,1.1744100000000002,0.75,0.75
12.08.2021 00:16:39.606,1.17445,1.1744100000000002,0.75,0.75
12.08.2021 00:16:43.740,1.17445,1.17442,0.75,0.75
12.08.2021 00:16:44.697,1.17445,1.1744100000000002,0.75,1.79
12.08.2021 00:16:46.828,1.17444,1.1744100000000002,0.75,0.75
12.08.2021 00:16:47.039,1.17444,1.1744,0.75,2.17
12.08.2021 00:17:00.803,1.17444,1.1744100000000002,0.75,0.75
12.08.2021 00:17:02.518,1.17444,1.1744,6.26,0.75
12.08.2021 00:17:02.823,1.17443,1.17439,0.82,0.75
12.08.2021 00:17:11.788,1.17443,1.1744,1.12,0.75
12.08.2021 00:17:11.889,1.17444,1.1744,4.76,0.75
12.08.2021 00:17:16.505,1.1744100000000002,1.1743700000000001,0.75,4.79
12.08.2021 00:17:16.657,1.1744,1.1743700000000001,0.75,0.75
12.08.2021 00:17:16.861,1.1744,1.17436,0.75,1.5
12.08.2021 00:17:19.714,1.1744100000000002,1.17438,0.75,0.75
12.08.2021 00:17:19.816,1.17442,1.17439,0.45,0.75
12.08.2021 00:17:19.917,1.17443,1.1744100000000002,0.75,0.75
12.08.2021 00:17:20.019,1.17445,1.1744100000000002,1.2,0.75
12.08.2021 00:17:33.289,1.17448,1.17445,3.83,0.75
12.08.2021 00:17:33.492,1.17449,1.17445,8.25,0.75
12.08.2021 00:17:36.471,1.17448,1.17445,2.7,0.75
12.08.2021 00:17:36.573,1.17446,1.17444,1.12,1.95
12.08.2021 00:17:36.675,1.17446,1.17443,1.5,0.75
12.08.2021 00:17:37.842,1.17445,1.17442,0.75,0.75
12.08.2021 00:18:16.117,1.17444,1.1744100000000002,0.75,2.62
12.08.2021 00:18:23.349,1.17444,1.1744,0.75,2.13
12.08.2021 00:18:23.451,1.17442,1.1744100000000002,0.75,1.5
12.08.2021 00:18:23.552,1.17442,1.17439,0.75,0.93
12.08.2021 00:18:23.654,1.1744,1.17439,0.75,0.75
12.08.2021 00:18:24.107,1.1744100000000002,1.1743700000000001,0.75,2.88
12.08.2021 00:18:28.286,1.1744,1.1743700000000001,0.75,1.68
12.08.2021 00:18:31.045,1.1744,1.17436,0.75,3.63
12.08.2021 00:18:31.198,1.17439,1.17436,0.75,2.88
12.08.2021 00:18:36.944,1.17439,1.17435,0.75,1.68
12.08.2021 00:18:47.260,1.1743700000000001,1.1743299999999999,1.2,7.57
12.08.2021 00:18:47.362,1.17435,1.1743299999999999,1.12,1.2
12.08.2021 00:18:47.464,1.17435,1.1743100000000002,1.12,2.13
12.08.2021 00:19:01.624,1.17434,1.1743100000000002,0.75,2.13
12.08.2021 00:19:39.319,1.17435,1.1743100000000002,0.75,1.5
12.08.2021 00:19:57.258,1.17434,1.1743000000000001,0.75,3.71
12.08.2021 00:20:14.089,1.17434,1.1743100000000002,0.75,0.37
12.08.2021 00:20:19.386,1.17435,1.17432,0.75,3.37
12.08.2021 00:20:19.488,1.1743700000000001,1.1743299999999999,0.75,0.75
12.08.2021 00:20:30.309,1.17436,1.1743299999999999,0.75,0.75
12.08.2021 00:20:47.422,1.17435,1.1743299999999999,0.75,0.37
12.08.2021 00:20:48.138,1.17435,1.17432,0.75,1.68
12.08.2021 00:21:05.310,1.17435,1.1743100000000002,0.75,1.76
12.08.2021 00:21:07.988,1.17434,1.1743100000000002,0.75,0.75
12.08.2021 00:21:08.414,1.17434,1.1743000000000001,0.75,1.38
12.08.2021 00:21:08.737,1.1743000000000001,1.17428,0.75,0.75
12.08.2021 00:21:08.840,1.1743000000000001,1.17428,0.75,6.82
12.08.2021 00:21:08.942,1.17429,1.17426,0.75,1.01
12.08.2021 00:21:10.956,1.17428,1.17426,0.75,0.75
12.08.2021 00:21:11.058,1.17428,1.17425,0.75,1.94
12.08.2021 00:21:13.038,1.17428,1.17424,1.2,0.18
12.08.2021 00:21:13.088,1.1742700000000001,1.17422,1.12,7.93
12.08.2021 00:21:13.139,1.17424,1.17422,0.75,5.14
12.08.2021 00:21:13.241,1.17424,1.1742100000000002,0.75,1.87
12.08.2021 00:21:16.617,1.1742299999999999,1.1742100000000002,0.75,0.75
12.08.2021 00:21:19.840,1.17424,1.1742100000000002,0.75,0.75
12.08.2021 00:22:38.291,1.17425,1.1742100000000002,0.75,1.5
12.08.2021 00:22:39.461,1.1742700000000001,1.1742299999999999,0.75,1.5
12.08.2021 00:22:44.390,1.17425,1.1742299999999999,0.75,1.5
12.08.2021 00:22:44.492,1.17424,1.17422,0.75,1.87
12.08.2021 00:22:47.225,1.17424,1.1742100000000002,0.75,1.12
12.08.2021 00:23:29.121,1.17426,1.17422,0.75,2.81
12.08.2021 00:23:29.223,1.17428,1.17424,1.2,2.25
12.08.2021 00:23:31.277,1.1742700000000001,1.17424,0.75,0.75
12.08.2021 00:23:31.378,1.17426,1.1742299999999999,0.75,1.87
12.08.2021 00:23:51.787,1.17425,1.1742299999999999,0.75,1.87
12.08.2021 00:23:51.888,1.17425,1.17422,0.75,1.12
12.08.2021 00:24:00.087,1.17425,1.1742100000000002,0.75,1.5
12.08.2021 00:24:19.234,1.17425,1.17422,0.75,0.75
12.08.2021 00:24:53.463,1.17425,1.1742100000000002,0.75,1.5
12.08.2021 00:25:05.116,1.17424,1.1742000000000001,0.75,2.32
12.08.2021 00:25:15.312,1.1742299999999999,1.1742000000000001,0.75,2.24
12.08.2021 00:25:22.418,1.17424,1.1742000000000001,0.75,1.87
12.08.2021 00:25:32.876,1.1742299999999999,1.17419,0.75,1.68
12.08.2021 00:25:32.977,1.17422,1.17419,0.75,0.75
12.08.2021 00:25:46.058,1.1742000000000001,1.1741700000000002,0.75,1.68
12.08.2021 00:25:46.210,1.1742000000000001,1.17416,0.82,0.82
12.08.2021 00:25:46.311,1.17419,1.17416,0.75,0.82
12.08.2021 00:26:02.236,1.1742100000000002,1.17419,2.4,0.1
12.08.2021 00:26:14.015,1.1742000000000001,1.17418,0.75,1.87
12.08.2021 00:26:14.675,1.1742100000000002,1.17419,0.75,1.57
12.08.2021 00:26:14.726,1.1742299999999999,1.1742000000000001,0.45,1.57
12.08.2021 00:26:14.878,1.17424,1.1742000000000001,0.75,1.2
12.08.2021 00:26:40.172,1.17424,1.1742100000000002,0.75,0.75
12.08.2021 00:26:57.817,1.17425,1.1742100000000002,0.94,0.75
12.08.2021 00:26:58.195,1.17424,1.1742100000000002,0.75,0.75
12.08.2021 00:27:19.313,1.17426,1.17422,0.75,2.44
12.08.2021 00:27:19.414,1.1742700000000001,1.1742299999999999,0.75,0.75
12.08.2021 00:27:24.003,1.1742700000000001,1.17422,0.75,2.32
12.08.2021 00:27:26.027,1.17426,1.17422,0.75,0.75
12.08.2021 00:27:26.246,1.17425,1.17422,0.75,0.75
12.08.2021 00:27:30.286,1.17425,1.1742100000000002,0.75,1.87
12.08.2021 00:27:30.387,1.17424,1.1742100000000002,0.75,1.5
12.08.2021 00:28:02.409,1.1742299999999999,1.1742000000000001,0.75,0.75
12.08.2021 00:28:04.432,1.17422,1.17419,0.75,1.12
12.08.2021 00:28:04.706,1.17422,1.17418,0.75,1.5
12.08.2021 00:28:04.950,1.1742000000000001,1.1741700000000002,0.75,0.75
12.08.2021 00:28:05.103,1.1742000000000001,1.17416,0.75,1.5
12.08.2021 00:28:07.544,1.17419,1.17416,0.75,0.75
12.08.2021 00:28:12.149,1.17419,1.1741700000000002,0.75,1.5
12.08.2021 00:28:12.251,1.17422,1.17419,0.45,1.12
12.08.2021 00:28:12.352,1.1742299999999999,1.17419,0.75,1.87
12.08.2021 00:28:12.454,1.17422,1.17419,0.75,0.75
12.08.2021 00:28:13.073,1.1742299999999999,1.1742000000000001,0.75,0.75
12.08.2021 00:28:14.636,1.17424,1.1742000000000001,0.75,2.25
12.08.2021 00:28:19.201,1.17424,1.1742100000000002,0.75,0.75
12.08.2021 00:28:59.198,1.17424,1.1742000000000001,0.75,1.5
12.08.2021 00:29:00.820,1.17424,1.1742100000000002,0.75,1.12
12.08.2021 00:29:41.874,1.17424,1.1742000000000001,0.75,2.62
12.08.2021 00:29:41.979,1.1742299999999999,1.1742100000000002,0.75,2.62
12.08.2021 00:29:42.081,1.17422,1.17419,0.75,1.5
12.08.2021 00:29:42.182,1.1742100000000002,1.17419,0.75,0.75
12.08.2021 00:29:42.233,1.1742100000000002,1.1741700000000002,0.75,1.87
12.08.2021 00:29:42.436,1.17419,1.17416,0.75,1.87
12.08.2021 00:30:00.318,1.1742000000000001,1.1741700000000002,0.75,2.25
12.08.2021 00:30:00.419,1.1742100000000002,1.17418,0.75,0.37
12.08.2021 00:30:01.788,1.1742000000000001,1.1741700000000002,0.75,0.89
12.08.2021 00:30:18.412,1.1742000000000001,1.17416,0.75,1.87
12.08.2021 00:30:41.536,1.17419,1.17416,0.75,0.75
12.08.2021 00:30:43.516,1.1742100000000002,1.1741700000000002,0.75,3.82
12.08.2021 00:30:43.618,1.1742100000000002,1.17418,0.75,1.87
12.08.2021 00:30:43.720,1.17422,1.1742000000000001,0.75,2.81
12.08.2021 00:30:49.780,1.1742299999999999,1.1742000000000001,0.75,0.37
12.08.2021 00:30:54.310,1.17424,1.1742000000000001,0.75,1.12
12.08.2021 00:30:57.378,1.17424,1.1742100000000002,0.75,0.75
12.08.2021 00:31:04.818,1.17425,1.1742100000000002,0.75,1.5
12.08.2021 00:31:21.126,1.17425,1.17422,0.75,1.69
12.08.2021 00:31:21.279,1.1742700000000001,1.17424,0.75,0.37
12.08.2021 00:31:21.380,1.17428,1.17424,0.75,1.34
12.08.2021 00:31:21.481,1.17428,1.17425,0.75,0.75
12.08.2021 00:31:22.980,1.17428,1.17424,0.75,2.25
12.08.2021 00:32:00.107,1.17426,1.1742299999999999,0.75,0.75
12.08.2021 00:32:00.209,1.17425,1.1742100000000002,0.75,2.14
12.08.2021 00:32:05.394,1.17424,1.1742100000000002,0.75,0.75
12.08.2021 00:32:18.898,1.17425,1.17422,0.75,0.75
12.08.2021 00:32:19.104,1.1742700000000001,1.1742299999999999,0.75,2.02
12.08.2021 00:32:22.199,1.17426,1.17422,0.75,1.12
12.08.2021 00:32:30.889,1.17425,1.17424,0.75,0.37
12.08.2021 00:32:42.357,1.1742700000000001,1.1742299999999999,0.75,1.87
12.08.2021 00:32:48.194,1.1742700000000001,1.17424,0.75,2.62
12.08.2021 00:32:48.295,1.17428,1.17425,0.75,0.75
12.08.2021 00:32:48.947,1.1742700000000001,1.17424,0.75,0.75
12.08.2021 00:32:49.495,1.1742700000000001,1.1742299999999999,0.75,0.75
12.08.2021 00:32:50.663,1.17426,1.1742299999999999,0.75,0.75
12.08.2021 00:32:57.545,1.17426,1.17422,0.75,1.5
12.08.2021 00:33:13.390,1.1742700000000001,1.1742299999999999,0.75,1.83
12.08.2021 00:33:13.492,1.1742700000000001,1.17424,0.75,0.37
12.08.2021 00:33:18.433,1.17428,1.17424,0.75,1.95
12.08.2021 00:33:22.364,1.1742700000000001,1.17426,0.75,0.75
12.08.2021 00:33:27.350,1.17428,1.17424,0.75,0.97
12.08.2021 00:33:51.110,1.1742700000000001,1.17424,0.75,0.75
12.08.2021 00:34:13.866,1.17428,1.17424,0.75,2.25
12.08.2021 00:34:32.856,1.17425,1.17424,0.75,0.75
12.08.2021 00:34:32.958,1.17425,1.1742299999999999,0.75,1.5
12.08.2021 00:34:44.373,1.17426,1.1742299999999999,0.75,3
12.08.2021 00:34:44.943,1.17426,1.17424,0.75,0.75
12.08.2021 00:35:00.509,1.1742700000000001,1.17424,0.75,0.75
12.08.2021 00:35:02.618,1.1742700000000001,1.1742299999999999,0.75,2.96
12.08.2021 00:35:06.457,1.17426,1.1742299999999999,0.75,0.75
12.08.2021 00:35:06.863,1.17426,1.17422,0.75,1.5
12.08.2021 00:35:07.462,1.17424,1.1742299999999999,0.75,0.75
12.08.2021 00:35:33.326,1.17425,1.1742100000000002,0.75,2.25
12.08.2021 00:35:38.595,1.1742299999999999,1.17422,0.75,0.75
12.08.2021 00:35:45.265,1.1742299999999999,1.1742000000000001,0.75,2.47
12.08.2021 00:35:56.490,1.17422,1.1742000000000001,0.75,0.1
12.08.2021 00:35:59.457,1.17422,1.17419,0.75,1.95
12.08.2021 00:35:59.811,1.1742299999999999,1.17418,0.64,3.14
12.08.2021 00:35:59.913,1.1742000000000001,1.17416,0.75,2.84
12.08.2021 00:36:00.015,1.17419,1.17416,0.75,2.09
12.08.2021 00:36:00.117,1.17419,1.1741700000000002,0.75,0.1
12.08.2021 00:36:10.371,1.17419,1.1741700000000002,0.75,1.57
12.08.2021 00:37:52.036,1.1741700000000002,1.17414,0.75,3.07
12.08.2021 00:37:52.087,1.1742000000000001,1.17415,1.27,1.57
12.08.2021 00:37:52.189,1.17419,1.17414,0.1,2.84
12.08.2021 00:37:52.442,1.17418,1.17414,0.1,1.5
12.08.2021 00:37:53.085,1.1741700000000002,1.17414,0.75,0.75
12.08.2021 00:38:23.418,1.17416,1.17413,0.75,0.75
12.08.2021 00:38:24.395,1.17414,1.17413,0.75,0.1
12.08.2021 00:38:24.497,1.17414,1.17412,0.75,1.57
12.08.2021 00:38:54.580,1.17414,1.17411,0.75,1.57
12.08.2021 00:40:04.137,1.17415,1.17412,0.75,1.95
12.08.2021 00:40:04.239,1.17416,1.17412,0.75,4.76
12.08.2021 00:40:11.127,1.17415,1.17412,0.75,1.57
12.08.2021 00:40:16.508,1.17414,1.17411,0.75,0.82
12.08.2021 00:40:50.801,1.17414,1.1741000000000001,0.75,5.32
12.08.2021 00:41:16.511,1.17413,1.1741000000000001,0.75,3.93
12.08.2021 00:41:26.337,1.17414,1.1741000000000001,0.75,3.93
12.08.2021 00:41:57.893,1.17415,1.17411,0.75,2.81
12.08.2021 00:42:03.312,1.17415,1.17412,0.75,0.75
12.08.2021 00:42:03.465,1.17414,1.17411,0.75,3.56
12.08.2021 00:42:05.976,1.17414,1.1741000000000001,0.75,2.06
12.08.2021 00:42:06.546,1.17412,1.17408,1.5,1.95
12.08.2021 00:42:06.647,1.1741000000000001,1.17408,0.75,1.2
12.08.2021 00:42:06.749,1.1741000000000001,1.17406,0.75,8.25
12.08.2021 00:42:30.726,1.17409,1.17405,0.75,4.19
12.08.2021 00:42:33.205,1.17408,1.17405,1.5,0.75
12.08.2021 00:42:33.256,1.17406,1.17402,0.75,8.39
12.08.2021 00:42:34.602,1.17408,1.17406,3.82,0.75
12.08.2021 00:42:34.805,1.17409,1.17406,0.75,0.37
12.08.2021 00:42:34.907,1.17409,1.17405,0.75,2.89
12.08.2021 00:42:35.317,1.1741000000000001,1.17406,0.75,0.75
12.08.2021 00:42:59.284,1.17408,1.17405,0.75,0.75
12.08.2021 00:42:59.386,1.17406,1.17405,0.75,0.75
12.08.2021 00:43:01.792,1.1740700000000002,1.17403,0.82,0.75
12.08.2021 00:43:01.944,1.17406,1.17403,0.75,1.69
12.08.2021 00:43:01.995,1.17408,1.17404,1.5,3.19
12.08.2021 00:43:02.045,1.17409,1.17406,0.75,0.75
12.08.2021 00:43:02.197,1.1741000000000001,1.17406,1.57,0.75
12.08.2021 00:43:07.978,1.1741000000000001,1.1740700000000002,0.75,0.75
12.08.2021 00:43:13.974,1.17409,1.1740700000000002,0.75,0.75
12.08.2021 00:43:20.234,1.17408,1.17404,3.26,0.75
12.08.2021 00:43:20.336,1.1740700000000002,1.17403,0.82,1.95
12.08.2021 00:43:20.437,1.1740700000000002,1.17404,0.75,0.75
12.08.2021 00:43:24.989,1.17406,1.17403,0.75,0.75
12.08.2021 00:43:36.188,1.17405,1.17402,0.75,0.75
12.08.2021 00:43:38.505,1.17405,1.17401,0.75,3.93
12.08.2021 00:43:42.357,1.17404,1.17401,0.75,0.75
12.08.2021 00:43:59.808,1.17404,1.17403,0.75,0.75
12.08.2021 00:43:59.910,1.17408,1.17405,4.5,0.75
12.08.2021 00:44:00.472,1.1740700000000002,1.17404,0.75,0.75
12.08.2021 00:44:02.876,1.17408,1.17404,0.75,1.87
12.08.2021 00:44:03.180,1.17409,1.17405,0.75,0.75
12.08.2021 00:44:04.951,1.1740700000000002,1.17404,0.75,0.37
12.08.2021 00:44:05.053,1.1740700000000002,1.17403,0.75,0.75
12.08.2021 00:44:07.217,1.1740700000000002,1.17406,0.75,1.5
12.08.2021 00:44:07.318,1.17409,1.17406,0.75,0.75
12.08.2021 00:44:07.420,1.1741000000000001,1.17406,0.94,0.75
12.08.2021 00:44:34.165,1.17409,1.17405,0.82,0.75
12.08.2021 00:44:34.267,1.17408,1.17404,1.5,2.06
12.08.2021 00:44:34.368,1.17405,1.17402,0.75,0.75
12.08.2021 00:44:43.185,1.1740700000000002,1.17403,0.94,0.75
12.08.2021 00:45:00.623,1.17406,1.17403,0.75,0.82
12.08.2021 00:45:00.724,1.17405,1.17402,0.75,0.75
12.08.2021 00:45:18.178,1.17404,1.17402,0.75,0.82
12.08.2021 00:45:33.163,1.17405,1.17402,0.75,0.1
12.08.2021 00:45:33.317,1.17406,1.17402,1.5,1.2
12.08.2021 00:45:37.924,1.17405,1.17402,0.75,0.82
12.08.2021 00:45:38.377,1.17405,1.17401,0.75,1.2
12.08.2021 00:45:49.638,1.17404,1.17401,0.75,0.75
12.08.2021 00:46:01.802,1.17404,1.1740000000000002,4.5,0.82
12.08.2021 00:46:01.904,1.17402,1.17401,0.75,0.75
12.08.2021 00:46:04.675,1.17402,1.1740000000000002,0.75,0.75
12.08.2021 00:46:04.777,1.17403,1.1740000000000002,1.5,0.75
12.08.2021 00:46:04.828,1.17401,1.1739700000000002,0.75,0.82
12.08.2021 00:46:11.606,1.1740000000000002,1.1739700000000002,0.75,0.82
12.08.2021 00:46:11.957,1.17399,1.1739700000000002,1.5,0.75
12.08.2021 00:46:12.008,1.17398,1.17395,0.75,0.75
12.08.2021 00:46:12.109,1.17399,1.17395,1.5,0.75
12.08.2021 00:46:12.261,1.17398,1.17395,0.75,0.75
12.08.2021 00:46:12.466,1.17399,1.17395,1.5,0.94
12.08.2021 00:46:41.852,1.17398,1.17395,0.75,0.94
12.08.2021 00:46:43.851,1.17399,1.17395,0.75,0.94
12.08.2021 00:46:54.665,1.17395,1.17393,0.75,1.5
12.08.2021 00:46:54.716,1.17394,1.17391,0.75,8.99
12.08.2021 00:46:54.817,1.17393,1.17391,0.75,1.87
12.08.2021 00:46:55.724,1.17393,1.1739000000000002,0.75,1.12
12.08.2021 00:47:02.965,1.1739000000000002,1.17389,0.75,1.12
12.08.2021 00:47:03.067,1.17391,1.1738700000000002,0.75,1.95
12.08.2021 00:47:03.168,1.1739000000000002,1.1738700000000002,0.75,0.75
12.08.2021 00:47:03.322,1.1739000000000002,1.1738600000000001,0.75,1.95
12.08.2021 00:47:03.424,1.17388,1.1738600000000001,0.75,1.87
12.08.2021 00:47:30.699,1.17388,1.17385,1.69,0.75
12.08.2021 00:47:30.750,1.17385,1.17382,0.75,0.75
12.08.2021 00:47:30.851,1.17384,1.17381,0.75,8.32
12.08.2021 00:47:43.128,1.17382,1.17381,0.75,0.75
12.08.2021 00:47:43.250,1.17384,1.17381,2.51,0.75
12.08.2021 00:47:48.350,1.17384,1.1738,3.26,0.75
12.08.2021 00:47:50.106,1.17383,1.1738,0.75,0.75
12.08.2021 00:47:50.258,1.17381,1.17378,1.5,1.12
12.08.2021 00:47:50.309,1.1737900000000001,1.1737700000000002,0.75,8.32
12.08.2021 00:47:50.360,1.17381,1.17378,1.95,0.75
12.08.2021 00:47:50.411,1.1738,1.1737600000000001,0.75,0.75
12.08.2021 00:47:50.513,1.1737900000000001,1.1737600000000001,0.75,0.75
12.08.2021 00:47:51.051,1.1737900000000001,1.17375,0.75,1.12
12.08.2021 00:47:52.913,1.1737900000000001,1.1737600000000001,0.82,0.75
12.08.2021 00:47:53.328,1.1737900000000001,1.17378,0.75,0.75
12.08.2021 00:47:54.553,1.1737900000000001,1.1737700000000002,0.75,1.12
12.08.2021 00:48:01.091,1.1737600000000001,1.17375,0.75,0.75
12.08.2021 00:48:01.193,1.17378,1.17375,0.19,0.75
12.08.2021 00:48:01.346,1.1737900000000001,1.1737600000000001,1.69,0.75
12.08.2021 00:48:06.869,1.1737900000000001,1.1737700000000002,0.94,0.75
12.08.2021 00:48:08.051,1.1737900000000001,1.1737600000000001,0.75,0.75
12.08.2021 00:48:21.325,1.1738,1.1737600000000001,0.75,0.75
12.08.2021 00:48:34.858,1.1738,1.1737900000000001,0.94,1.12
12.08.2021 00:48:34.909,1.17382,1.1738,0.19,0.75
12.08.2021 00:48:35.011,1.17383,1.1738,0.45,0.75
12.08.2021 00:48:35.113,1.17384,1.17381,0.94,0.75
12.08.2021 00:48:36.240,1.17385,1.17381,0.94,0.75
12.08.2021 00:48:38.385,1.1738600000000001,1.17383,0.75,0.75
12.08.2021 00:48:38.486,1.1738700000000002,1.17383,1.01,0.75
12.08.2021 00:48:38.947,1.17388,1.17385,3.38,0.75
12.08.2021 00:48:39.048,1.17389,1.1738600000000001,2.51,0.75
12.08.2021 00:48:40.601,1.17388,1.17385,0.75,0.75
12.08.2021 00:48:40.806,1.17389,1.1738600000000001,2.51,0.75
12.08.2021 00:48:43.596,1.17389,1.17385,1.76,0.75
12.08.2021 00:48:46.922,1.17389,1.1738600000000001,1.76,0.75
12.08.2021 00:48:47.860,1.1738700000000002,1.17384,0.75,1.12
12.08.2021 00:48:50.042,1.1738600000000001,1.17384,0.75,3
12.08.2021 00:48:50.707,1.17388,1.17384,0.75,1.87
12.08.2021 00:49:00.203,1.1738600000000001,1.17383,0.75,0.75
12.08.2021 00:49:00.305,1.1738700000000002,1.17383,1.2,1.12
12.08.2021 00:49:00.610,1.17385,1.17382,0.75,0.75
12.08.2021 00:49:00.711,1.17384,1.17382,0.75,0.75
12.08.2021 00:49:01.029,1.17384,1.17381,0.75,3.93
12.08.2021 00:49:03.914,1.17385,1.17381,0.75,5.43
12.08.2021 00:49:04.016,1.1738700000000002,1.17383,0.75,0.75
12.08.2021 00:49:04.117,1.17388,1.17385,0.75,0.75
12.08.2021 00:49:13.576,1.1738700000000002,1.17384,0.75,0.75
12.08.2021 00:49:13.930,1.1738600000000001,1.17383,0.75,0.75
12.08.2021 00:49:32.027,1.1738700000000002,1.17383,0.75,0.75
12.08.2021 00:49:33.785,1.17388,1.17385,0.75,0.75
12.08.2021 00:49:36.545,1.17389,1.17385,0.75,0.75
12.08.2021 00:49:36.649,1.17389,1.1738600000000001,0.75,1.5
12.08.2021 00:49:41.485,1.1739000000000002,1.1738700000000002,0.75,0.75
12.08.2021 00:49:41.637,1.17389,1.1738600000000001,0.75,0.75
12.08.2021 00:49:44.522,1.17389,1.17385,0.75,2.62
12.08.2021 00:49:50.131,1.1739000000000002,1.1738600000000001,0.75,1.5
12.08.2021 00:49:53.173,1.17388,1.1738700000000002,0.75,0.75
12.08.2021 00:49:58.351,1.17391,1.17389,0.75,0.37
12.08.2021 00:49:58.453,1.17392,1.1739000000000002,0.45,0.75
12.08.2021 00:49:58.555,1.17394,1.1739000000000002,1.69,0.75
12.08.2021 00:50:00.572,1.17394,1.17391,0.75,0.75
12.08.2021 00:50:08.039,1.17393,1.17391,0.19,0.75
12.08.2021 00:50:08.145,1.17393,1.1739000000000002,1.76,0.75
12.08.2021 00:50:08.246,1.17392,1.17389,0.82,0.75
12.08.2021 00:50:08.297,1.1739000000000002,1.17388,0.75,2.25
12.08.2021 00:50:10.771,1.1739000000000002,1.1738600000000001,0.75,2.81
12.08.2021 00:50:10.879,1.17389,1.17385,0.75,2.7
12.08.2021 00:50:10.981,1.17389,1.1738600000000001,0.75,0.75
12.08.2021 00:50:17.264,1.1739000000000002,1.1738700000000002,0.75,0.75
12.08.2021 00:50:21.990,1.17393,1.17389,1.95,0.75
12.08.2021 00:50:22.092,1.17392,1.17391,1.39,0.75
12.08.2021 00:50:26.161,1.17391,1.17389,0.75,8.24
12.08.2021 00:50:27.503,1.17391,1.1738700000000002,0.75,0.75
12.08.2021 00:50:27.702,1.1739000000000002,1.1738700000000002,0.75,0.75
12.08.2021 00:50:37.469,1.17391,1.1738700000000002,0.75,0.75
12.08.2021 00:50:38.408,1.17393,1.1739000000000002,0.75,0.75
12.08.2021 00:50:38.510,1.17394,1.1739000000000002,2.14,0.75
12.08.2021 00:51:05.254,1.17393,1.17389,0.75,1.57
12.08.2021 00:51:05.356,1.17393,1.1739000000000002,0.75,0.75
12.08.2021 00:51:59.864,1.17393,1.17389,1.5,1.76
12.08.2021 00:51:59.965,1.17392,1.17389,0.75,1.01
12.08.2021 00:52:02.183,1.17391,1.17388,0.75,1.01
12.08.2021 00:52:15.483,1.17392,1.17389,0.75,1.76
12.08.2021 00:52:15.690,1.17393,1.1739000000000002,0.75,0.75
12.08.2021 00:52:26.963,1.17394,1.1739000000000002,0.75,1.01
12.08.2021 00:52:30.055,1.17394,1.17391,0.75,0.1
12.08.2021 00:52:33.329,1.17394,1.1739000000000002,0.75,1.01
12.08.2021 00:52:35.554,1.17393,1.1739000000000002,0.75,0.75
12.08.2021 00:52:45.040,1.17394,1.1739000000000002,0.75,1.39
12.08.2021 00:53:11.165,1.17393,1.1739000000000002,0.75,1.39
12.08.2021 00:53:28.516,1.17393,1.17391,0.75,0.19
12.08.2021 00:53:41.115,1.17394,1.17391,0.75,0.94
12.08.2021 00:53:44.398,1.17394,1.17392,0.75,0.75
12.08.2021 00:53:44.449,1.1739600000000001,1.17393,0.75,0.1
12.08.2021 00:53:44.601,1.17398,1.17395,0.82,0.75
12.08.2021 00:53:44.905,1.17399,1.17395,0.82,1.2
12.08.2021 00:53:46.393,1.17399,1.1739600000000001,0.82,0.19
12.08.2021 00:53:46.444,1.17401,1.1739700000000002,0.82,1.76
12.08.2021 00:53:49.927,1.17401,1.17398,0.82,0.75
12.08.2021 00:53:50.261,1.17403,1.1740000000000002,4.13,0.82
12.08.2021 00:53:54.309,1.17404,1.1740000000000002,0.82,0.82
12.08.2021 00:53:54.411,1.17404,1.17401,0.75,0.26
12.08.2021 00:53:55.000,1.17405,1.17402,0.82,0.19
12.08.2021 00:53:57.319,1.17405,1.17401,0.82,1.01
12.08.2021 00:54:05.046,1.17403,1.17402,0.75,0.26
12.08.2021 00:54:07.217,1.1740000000000002,1.17398,0.75,0.82
12.08.2021 00:54:07.318,1.1740000000000002,1.1739700000000002,0.75,1.95
12.08.2021 00:54:07.420,1.17398,1.17395,0.75,8.32
12.08.2021 00:54:07.572,1.17398,1.17394,0.75,1.57
12.08.2021 00:54:07.975,1.1739700000000002,1.17394,0.75,0.82
12.08.2021 00:54:10.927,1.17398,1.17395,0.75,0.75
12.08.2021 00:54:12.205,1.17399,1.17395,0.75,0.82
12.08.2021 00:54:21.736,1.17399,1.1739600000000001,0.75,0.75
12.08.2021 00:54:26.920,1.17401,1.1740000000000002,0.75,0.75
12.08.2021 00:54:26.971,1.17404,1.1740000000000002,4.57,0.82
12.08.2021 00:54:27.074,1.17403,1.17399,0.82,0.75
12.08.2021 00:54:27.176,1.17402,1.17401,0.75,0.75
12.08.2021 00:54:27.730,1.17404,1.17401,0.75,0.75
12.08.2021 00:54:29.096,1.17408,1.17404,5.32,1.69
12.08.2021 00:54:29.197,1.17408,1.17405,1.5,0.75
12.08.2021 00:54:29.299,1.1740700000000002,1.17404,0.75,0.75
12.08.2021 00:54:33.564,1.17406,1.17402,0.75,0.82
12.08.2021 00:54:33.869,1.17406,1.17403,0.75,0.75
12.08.2021 00:54:34.513,1.17409,1.17405,1.57,0.75
12.08.2021 00:54:36.788,1.17406,1.17403,0.75,0.75
12.08.2021 00:54:36.890,1.17405,1.17402,0.75,1.5
12.08.2021 00:54:38.185,1.17406,1.17402,0.1,0.75
12.08.2021 00:54:39.120,1.1740700000000002,1.17403,0.82,0.75
12.08.2021 00:54:40.767,1.17406,1.17402,0.1,0.75
12.08.2021 00:54:41.021,1.1740700000000002,1.17402,0.82,1.69
12.08.2021 00:54:41.122,1.17406,1.17402,0.1,0.94
12.08.2021 00:54:41.224,1.17406,1.17401,0.1,0.94
12.08.2021 00:54:42.218,1.17406,1.17402,0.1,0.94
12.08.2021 00:54:42.722,1.1740700000000002,1.17403,0.82,0.75
12.08.2021 00:54:43.216,1.17405,1.17402,0.75,0.75
12.08.2021 00:54:49.685,1.17409,1.17405,6.83,0.75
12.08.2021 00:54:52.823,1.17409,1.17406,0.75,0.75
12.08.2021 00:54:53.974,1.1740700000000002,1.17403,0.75,3
12.08.2021 00:54:59.242,1.17405,1.17402,0.75,1.69
12.08.2021 00:54:59.497,1.17406,1.17403,0.75,0.19
12.08.2021 00:54:59.915,1.1740700000000002,1.17403,0.75,2.06
12.08.2021 00:55:00.017,1.17408,1.17404,0.75,2.44
12.08.2021 00:55:00.119,1.17408,1.17405,0.75,0.94
12.08.2021 00:55:00.373,1.17404,1.17402,0.75,5.62
12.08.2021 00:55:00.475,1.17406,1.17402,0.75,0.94
12.08.2021 00:55:00.677,1.17406,1.17403,0.75,0.75
12.08.2021 00:55:00.729,1.17404,1.17401,0.75,1.01
12.08.2021 00:55:00.880,1.17405,1.17402,0.75,0.75
12.08.2021 00:55:10.257,1.17406,1.17402,1.01,0.75
12.08.2021 00:55:14.661,1.17409,1.17405,5.52,0.75
12.08.2021 00:55:14.763,1.1741000000000001,1.17406,1.27,0.75
12.08.2021 00:55:14.915,1.1741000000000001,1.1740700000000002,0.82,0.75
12.08.2021 00:55:15.320,1.17411,1.1740700000000002,2.32,1.5
12.08.2021 00:55:20.536,1.17414,1.17411,3.82,0.75
12.08.2021 00:55:20.789,1.17415,1.17411,1.76,0.75
12.08.2021 00:55:21.244,1.17415,1.17412,0.26,0.75
12.08.2021 00:55:21.516,1.17416,1.17412,2.51,0.75
12.08.2021 00:55:22.785,1.17416,1.17413,2.51,0.75
12.08.2021 00:55:25.606,1.17415,1.17413,0.19,0.75
12.08.2021 00:55:25.708,1.17415,1.17412,1.01,0.75
12.08.2021 00:55:25.810,1.17415,1.17411,1.01,0.75
12.08.2021 00:55:27.558,1.17415,1.17412,1.01,0.75
12.08.2021 00:55:29.130,1.17416,1.17412,1.76,0.75
12.08.2021 00:55:29.904,1.17416,1.17413,1.5,0.75
12.08.2021 00:55:31.225,1.17416,1.17412,1.57,0.75
12.08.2021 00:55:33.255,1.17414,1.17413,0.75,0.75
12.08.2021 00:55:42.801,1.17416,1.17413,2.51,0.75
12.08.2021 00:55:45.569,1.17415,1.17412,0.75,0.75
12.08.2021 00:55:45.727,1.17416,1.17412,3.26,0.75
12.08.2021 00:55:47.456,1.17415,1.17412,0.75,0.75
12.08.2021 00:55:47.954,1.17416,1.17412,3.26,0.75
12.08.2021 00:55:48.489,1.17415,1.17412,0.75,0.75
12.08.2021 00:55:58.725,1.17415,1.17411,1.01,0.75
12.08.2021 00:56:12.309,1.17415,1.17412,1.57,0.75
12.08.2021 00:57:03.951,1.17416,1.17412,3.19,0.75
12.08.2021 00:57:04.973,1.17416,1.17413,2.32,0.75
12.08.2021 00:57:05.125,1.1741700000000002,1.17416,0.45,0.1
12.08.2021 00:57:05.176,1.1742000000000001,1.1741700000000002,5.71,0.75
12.08.2021 00:57:06.602,1.1742100000000002,1.17418,0.82,0.75
12.08.2021 00:57:27.486,1.1742100000000002,1.1741700000000002,1.76,0.75
12.08.2021 00:57:29.335,1.1742000000000001,1.1741700000000002,0.75,0.75
12.08.2021 00:57:30.396,1.1742100000000002,1.17418,1.69,0.75
12.08.2021 00:57:35.585,1.1742000000000001,1.1741700000000002,0.75,0.82
12.08.2021 00:57:35.698,1.1742100000000002,1.1741700000000002,2.06,0.82
12.08.2021 00:58:00.273,1.1742000000000001,1.1741700000000002,0.75,0.82
12.08.2021 00:58:11.886,1.17416,1.17415,1.87,0.1
12.08.2021 00:58:11.988,1.1741700000000002,1.17413,1.2,1.95
12.08.2021 00:58:12.140,1.17416,1.17413,0.75,0.75
12.08.2021 00:58:17.785,1.17415,1.17412,0.75,0.82
12.08.2021 00:58:19.235,1.17415,1.17411,0.75,0.82
12.08.2021 00:58:19.336,1.17414,1.17411,0.75,0.75
12.08.2021 00:58:19.488,1.17413,1.17409,0.75,0.82
12.08.2021 00:58:19.905,1.17412,1.17409,0.75,0.75
12.08.2021 00:58:21.968,1.17411,1.1740700000000002,0.75,0.82
12.08.2021 00:58:28.091,1.1741000000000001,1.17406,0.75,0.82
12.08.2021 00:58:42.897,1.1741000000000001,1.1740700000000002,0.75,0.75
12.08.2021 00:58:43.306,1.1741000000000001,1.17406,0.75,0.82
12.08.2021 00:58:43.408,1.1741000000000001,1.1740700000000002,0.75,0.75
12.08.2021 00:58:47.163,1.1741000000000001,1.17406,0.75,0.82
12.08.2021 00:59:03.865,1.17411,1.1740700000000002,1.01,0.75
12.08.2021 00:59:06.619,1.1741000000000001,1.1740700000000002,0.75,0.75
12.08.2021 00:59:07.017,1.1741000000000001,1.17406,0.75,0.82
12.08.2021 00:59:15.802,1.17409,1.17405,3.26,0.75
12.08.2021 00:59:15.904,1.1740700000000002,1.17403,0.75,2.4
12.08.2021 00:59:16.005,1.1740700000000002,1.17404,0.75,0.75
12.08.2021 00:59:16.879,1.17405,1.17402,0.75,0.82
12.08.2021 00:59:30.135,1.17404,1.17402,0.75,0.1
12.08.2021 00:59:30.338,1.17405,1.17403,0.75,0.1
12.08.2021 00:59:30.389,1.1740700000000002,1.17403,0.75,0.1
12.08.2021 00:59:30.491,1.17406,1.17403,0.75,0.1
12.08.2021 00:59:31.006,1.17405,1.17403,0.75,0.1
12.08.2021 00:59:43.548,1.17404,1.17401,0.75,1.57
12.08.2021 00:59:43.814,1.17402,1.1740000000000002,0.75,0.82
12.08.2021 00:59:49.498,1.17399,1.1739700000000002,0.75,0.82
12.08.2021 00:59:50.457,1.1740000000000002,1.1739700000000002,0.75,0.82
12.08.2021 00:59:50.559,1.17402,1.17399,0.75,0.82
12.08.2021 00:59:52.792,1.17402,1.1740000000000002,0.75,0.1
12.08.2021 01:00:00.117,1.17403,1.1740000000000002,0.75,2.88
12.08.2021 01:00:06.856,1.17404,1.17401,0.75,1.2
12.08.2021 01:00:09.033,1.1740700000000002,1.17404,3.75,0.82
12.08.2021 01:00:09.134,1.1740700000000002,1.17406,1.2,0.75
12.08.2021 01:00:09.235,1.17408,1.17406,1.01,0.75
12.08.2021 01:00:09.741,1.17409,1.17406,0.75,0.75
12.08.2021 01:00:20.133,1.17408,1.17405,0.75,4.01
12.08.2021 01:00:22.064,1.17408,1.17406,0.75,0.1
12.08.2021 01:00:33.946,1.1741000000000001,1.17406,0.94,0.82
12.08.2021 01:00:36.107,1.17412,1.1741000000000001,0.94,0.82
12.08.2021 01:00:36.208,1.17413,1.1741000000000001,1.2,0.82
12.08.2021 01:00:36.310,1.17414,1.17411,0.94,0.1
12.08.2021 01:00:47.223,1.17414,1.1741000000000001,0.94,1.12
12.08.2021 01:00:49.138,1.17414,1.17411,0.75,0.37
12.08.2021 01:01:04.091,1.17414,1.1741000000000001,0.75,1.12
12.08.2021 01:01:09.133,1.17413,1.17411,0.75,1.12
12.08.2021 01:01:10.278,1.17412,1.17408,0.75,4.68
12.08.2021 01:01:10.379,1.17413,1.17409,0.94,1.5
12.08.2021 01:01:11.156,1.17413,1.1741000000000001,0.75,0.75
12.08.2021 01:01:12.159,1.17411,1.17408,0.75,4.31
12.08.2021 01:01:17.425,1.1741000000000001,1.1740700000000002,0.75,0.75
12.08.2021 01:01:17.527,1.17409,1.17406,0.75,1.87
12.08.2021 01:01:25.062,1.1740700000000002,1.17404,0.75,1.5
12.08.2021 01:01:25.165,1.17408,1.17405,0.75,0.37
12.08.2021 01:01:25.267,1.17408,1.17404,0.75,1.87
12.08.2021 01:01:25.626,1.17404,1.17402,0.75,10.37
12.08.2021 01:01:28.630,1.17403,1.17401,0.75,0.75
12.08.2021 01:01:28.682,1.17401,1.1739700000000002,0.75,3
12.08.2021 01:01:28.783,1.1740000000000002,1.1739700000000002,0.75,0.75
12.08.2021 01:01:33.167,1.17399,1.17395,0.75,2.7
12.08.2021 01:01:36.335,1.17399,1.1739600000000001,0.75,0.75
12.08.2021 01:01:37.475,1.17398,1.17395,0.75,0.75
12.08.2021 01:01:38.113,1.1739600000000001,1.17392,0.75,4.31
12.08.2021 01:01:38.267,1.1739600000000001,1.17393,0.75,0.37
12.08.2021 01:01:38.420,1.17398,1.17395,0.75,0.75
12.08.2021 01:01:38.573,1.17399,1.17395,2.44,0.75
12.08.2021 01:01:38.675,1.1739700000000002,1.17394,0.75,0.75
12.08.2021 01:01:38.778,1.17398,1.17394,0.75,1.87
12.08.2021 01:01:38.982,1.17398,1.1739600000000001,2.44,0.75
12.08.2021 01:01:39.992,1.17398,1.17395,0.75,0.75
12.08.2021 01:01:42.060,1.1739700000000002,1.17393,0.75,4.38
12.08.2021 01:01:42.191,1.17398,1.17394,0.94,1.12
12.08.2021 01:01:42.293,1.17398,1.17395,0.94,0.75
12.08.2021 01:01:44.744,1.1739700000000002,1.17393,0.82,1.87
12.08.2021 01:01:44.897,1.1739600000000001,1.17392,0.75,2.62
12.08.2021 01:01:46.051,1.17395,1.17392,0.75,2.62
12.08.2021 01:01:48.221,1.17394,1.17391,0.75,1.12
12.08.2021 01:01:51.699,1.17393,1.17391,0.19,0.75
12.08.2021 01:01:51.801,1.17393,1.1739000000000002,0.75,0.75
12.08.2021 01:01:51.902,1.17394,1.1739000000000002,1.69,1.12
12.08.2021 01:01:52.869,1.17392,1.17391,0.75,1.12
12.08.2021 01:02:01.425,1.17394,1.1739000000000002,1.69,1.12
12.08.2021 01:02:02.444,1.17392,1.17391,0.75,1.12
12.08.2021 01:02:03.166,1.17391,1.17388,0.94,0.75
12.08.2021 01:02:03.269,1.1739000000000002,1.1738700000000002,0.75,0.75
12.08.2021 01:02:03.371,1.17389,1.17385,0.75,2.81
12.08.2021 01:02:06.759,1.1739000000000002,1.17385,4.76,1.87
12.08.2021 01:02:07.750,1.17389,1.17385,0.75,1.5
12.08.2021 01:02:19.995,1.17388,1.17385,0.75,0.75
12.08.2021 01:02:20.046,1.1738600000000001,1.17383,1.5,1.12
12.08.2021 01:02:20.251,1.1738700000000002,1.17384,0.75,0.75
12.08.2021 01:02:24.105,1.17388,1.17385,0.75,0.75
12.08.2021 01:02:39.205,1.17389,1.17385,1.5,0.75
12.08.2021 01:02:40.395,1.17389,1.1738600000000001,1.5,0.75
12.08.2021 01:03:03.728,1.1739000000000002,1.17388,0.75,0.75
12.08.2021 01:03:03.830,1.17392,1.17389,9.07,0.75
12.08.2021 01:03:07.533,1.17391,1.17388,0.75,1.57
12.08.2021 01:03:09.604,1.17391,1.17389,0.75,0.1
12.08.2021 01:03:09.705,1.17391,1.17388,0.75,1.57
12.08.2021 01:03:10.184,1.17391,1.1738700000000002,1.2,0.1
12.08.2021 01:03:10.235,1.17388,1.1738600000000001,0.75,6.37
12.08.2021 01:03:10.286,1.1739000000000002,1.17385,0.75,5.39
12.08.2021 01:03:12.366,1.1738700000000002,1.17385,0.75,1.01
12.08.2021 01:03:37.198,1.1738700000000002,1.17384,0.75,5.43
12.08.2021 01:03:39.405,1.17389,1.1738600000000001,0.75,0.1
12.08.2021 01:03:40.221,1.1738700000000002,1.17385,0.75,1.87
12.08.2021 01:03:43.944,1.1738700000000002,1.17384,0.75,0.1
12.08.2021 01:04:01.323,1.17385,1.17383,0.75,0.82
12.08.2021 01:04:01.374,1.1738700000000002,1.17384,0.75,0.1
12.08.2021 01:04:02.524,1.1738700000000002,1.17385,0.75,0.45
12.08.2021 01:04:04.925,1.1739000000000002,1.17388,0.75,0.82
12.08.2021 01:04:05.026,1.17391,1.17389,0.45,3.37
12.08.2021 01:04:05.128,1.17392,1.1739000000000002,0.75,0.1
12.08.2021 01:04:05.435,1.17392,1.17389,0.75,2.51
12.08.2021 01:04:05.848,1.17392,1.1739000000000002,0.75,0.1
12.08.2021 01:04:06.634,1.17392,1.17389,0.75,3.44
12.08.2021 01:04:07.020,1.17392,1.1739000000000002,0.75,0.19
12.08.2021 01:04:07.122,1.17395,1.17392,6.07,0.19
12.08.2021 01:04:07.223,1.17393,1.17391,0.75,0.19
12.08.2021 01:04:09.883,1.17393,1.1739000000000002,0.75,2.62
12.08.2021 01:04:10.273,1.17392,1.1739000000000002,0.75,0.19
12.08.2021 01:04:10.375,1.17392,1.1739000000000002,0.75,4.87
12.08.2021 01:04:24.057,1.17393,1.17389,0.75,6.44
12.08.2021 01:04:25.758,1.1739600000000001,1.17393,3.45,2.62
12.08.2021 01:04:25.859,1.1739700000000002,1.17395,0.75,1.01
12.08.2021 01:04:25.961,1.17398,1.1739600000000001,0.75,0.1
12.08.2021 01:04:26.315,1.1740000000000002,1.1739700000000002,0.75,0.82
12.08.2021 01:04:28.117,1.17401,1.17398,0.75,2.13
12.08.2021 01:04:32.640,1.1740000000000002,1.1739600000000001,0.75,3.63
12.08.2021 01:04:32.741,1.17399,1.1739700000000002,0.75,0.1
12.08.2021 01:04:32.843,1.17399,1.1739700000000002,0.75,1.76
12.08.2021 01:04:32.945,1.17399,1.1739700000000002,0.75,1.01
12.08.2021 01:04:33.046,1.1740000000000002,1.1739700000000002,0.75,1.39
12.08.2021 01:04:33.148,1.1740000000000002,1.17398,0.75,0.1
12.08.2021 01:04:34.542,1.17401,1.17398,0.75,0.1
12.08.2021 01:04:51.454,1.17402,1.17398,1.2,2.88
12.08.2021 01:05:03.125,1.17401,1.17398,0.82,0.75
12.08.2021 01:05:03.277,1.17401,1.17399,0.82,0.75
12.08.2021 01:05:11.066,1.17403,1.17399,0.75,2.06
12.08.2021 01:05:14.734,1.17401,1.1739700000000002,0.82,0.75
12.08.2021 01:05:14.836,1.17399,1.17395,0.75,1.12
12.08.2021 01:05:18.072,1.17395,1.17393,0.75,0.19
12.08.2021 01:05:18.173,1.17395,1.17392,0.75,0.1
12.08.2021 01:05:18.275,1.17395,1.17391,0.75,0.75
12.08.2021 01:05:18.380,1.17394,1.17391,0.75,0.75
12.08.2021 01:05:20.260,1.17395,1.17391,0.75,2.81
12.08.2021 01:05:22.991,1.17394,1.17391,0.75,2.81
12.08.2021 01:05:30.106,1.17394,1.1739000000000002,1.2,0.75
12.08.2021 01:05:40.563,1.17394,1.17391,0.75,0.75
12.08.2021 01:05:40.614,1.1739600000000001,1.17394,0.45,0.82
12.08.2021 01:05:40.767,1.17398,1.17394,0.82,1.01
12.08.2021 01:05:56.144,1.17399,1.17395,0.75,0.75
12.08.2021 01:06:07.326,1.1739600000000001,1.17393,0.75,0.1
12.08.2021 01:06:07.428,1.17395,1.17392,0.75,1.5
12.08.2021 01:06:18.885,1.17394,1.17391,0.75,0.75
12.08.2021 01:06:21.536,1.17395,1.17391,1.12,0.75
12.08.2021 01:06:25.567,1.17394,1.17391,0.75,0.75
12.08.2021 01:06:27.578,1.17395,1.17391,0.75,0.75
12.08.2021 01:06:31.047,1.17394,1.17391,0.75,0.75
12.08.2021 01:06:36.309,1.17395,1.17391,1.2,0.75
12.08.2021 01:06:41.469,1.17394,1.1739000000000002,0.75,0.75
12.08.2021 01:06:41.622,1.17393,1.1739000000000002,0.1,0.75
12.08.2021 01:06:41.846,1.17394,1.1739000000000002,1.95,0.75
12.08.2021 01:06:41.998,1.17395,1.17391,2.7,0.75
12.08.2021 01:06:57.289,1.1739600000000001,1.17394,0.45,0.82
12.08.2021 01:06:57.391,1.17398,1.17395,1.5,0.1
12.08.2021 01:06:58.251,1.17398,1.17394,0.75,4.19
12.08.2021 01:06:58.352,1.17398,1.17395,0.75,0.1
12.08.2021 01:07:00.759,1.17399,1.17395,0.75,2.14
12.08.2021 01:07:00.962,1.17402,1.17398,2.02,0.82
12.08.2021 01:07:01.064,1.17401,1.1739700000000002,0.75,0.75
12.08.2021 01:07:01.166,1.17401,1.17398,0.75,0.94
12.08.2021 01:07:01.448,1.17402,1.17399,0.75,0.75
12.08.2021 01:07:02.024,1.17403,1.17401,2.32,0.75
12.08.2021 01:07:03.235,1.17402,1.17399,0.75,0.75
12.08.2021 01:07:03.337,1.17402,1.1740000000000002,1.2,0.75
12.08.2021 01:07:09.345,1.17403,1.17401,0.75,0.75
12.08.2021 01:07:15.051,1.17404,1.17401,0.75,0.75
12.08.2021 01:07:15.522,1.17405,1.17401,0.75,0.75
12.08.2021 01:07:16.359,1.17404,1.17401,0.75,0.75
12.08.2021 01:07:22.751,1.17404,1.1740000000000002,0.75,1.39
12.08.2021 01:07:24.662,1.17404,1.17401,0.75,0.75
12.08.2021 01:07:25.784,1.17404,1.1740000000000002,0.75,1.39
12.08.2021 01:07:38.281,1.17404,1.17401,0.75,0.75
12.08.2021 01:07:38.483,1.17404,1.1740000000000002,0.75,1.31
12.08.2021 01:07:44.091,1.17405,1.17402,0.75,0.75
12.08.2021 01:07:50.260,1.17406,1.17402,5.62,0.75
12.08.2021 01:07:50.520,1.17405,1.17402,0.75,0.75
12.08.2021 01:07:52.085,1.17405,1.17401,0.75,0.75
12.08.2021 01:07:52.288,1.17404,1.17401,0.1,0.75
12.08.2021 01:08:00.069,1.17403,1.17401,0.37,0.75
12.08.2021 01:08:00.120,1.17402,1.17398,5.32,0.82
12.08.2021 01:08:00.222,1.1740000000000002,1.1739600000000001,0.82,8.32
12.08.2021 01:08:00.323,1.1740000000000002,1.1739700000000002,0.82,0.75
12.08.2021 01:08:13.503,1.1740000000000002,1.1739600000000001,1.27,1.01
12.08.2021 01:08:31.941,1.17398,1.1739600000000001,1.2,0.75
12.08.2021 01:08:31.992,1.1739600000000001,1.17393,0.82,0.75
12.08.2021 01:08:32.093,1.17394,1.17393,0.1,0.75
12.08.2021 01:08:32.196,1.17394,1.17392,0.1,0.75
12.08.2021 01:08:32.308,1.17394,1.17391,1.27,0.75
12.08.2021 01:08:32.612,1.17393,1.17391,0.1,0.75
12.08.2021 01:08:33.723,1.17393,1.1739000000000002,0.1,0.75
12.08.2021 01:08:33.826,1.17391,1.1738700000000002,0.82,0.82
12.08.2021 01:08:42.325,1.1739000000000002,1.1738700000000002,0.82,0.75
12.08.2021 01:08:44.766,1.17389,1.1738700000000002,0.1,0.75
12.08.2021 01:08:47.256,1.1739000000000002,1.1738700000000002,0.75,0.75
12.08.2021 01:08:49.308,1.17391,1.1738700000000002,0.94,0.75
12.08.2021 01:08:49.906,1.17392,1.17388,1.57,0.82
12.08.2021 01:08:50.584,1.17392,1.17389,0.1,0.75
12.08.2021 01:08:51.801,1.17393,1.1739000000000002,0.75,0.82
12.08.2021 01:08:59.119,1.17392,1.1739000000000002,0.82,0.82
12.08.2021 01:08:59.322,1.17393,1.1739000000000002,0.1,0.75
12.08.2021 01:08:59.474,1.17394,1.1739000000000002,0.82,0.82
12.08.2021 01:09:00.732,1.17392,1.17388,1.57,0.82
12.08.2021 01:09:00.834,1.17391,1.17388,0.82,0.75
12.08.2021 01:09:02.617,1.17391,1.1738700000000002,0.82,0.82
12.08.2021 01:09:02.736,1.1739000000000002,1.1738700000000002,0.1,0.75
12.08.2021 01:09:02.837,1.1739000000000002,1.1738600000000001,0.82,0.82
12.08.2021 01:09:03.040,1.17389,1.1738600000000001,0.75,0.82
12.08.2021 01:09:03.141,1.17389,1.1738700000000002,0.75,0.1
12.08.2021 01:09:03.243,1.1739000000000002,1.1738700000000002,0.75,0.1
12.08.2021 01:09:07.107,1.17392,1.17388,4.27,1.95
12.08.2021 01:09:07.208,1.17392,1.17389,0.52,0.75
12.08.2021 01:09:07.360,1.17393,1.1739000000000002,0.1,0.75
12.08.2021 01:09:25.101,1.17392,1.17389,0.75,0.82
12.08.2021 01:09:38.657,1.17391,1.17388,0.75,0.82
12.08.2021 01:09:40.017,1.17389,1.1738600000000001,0.75,0.1
12.08.2021 01:09:40.119,1.17388,1.1738600000000001,0.75,0.1
12.08.2021 01:09:42.062,1.17389,1.1738700000000002,0.75,0.1
12.08.2021 01:09:42.214,1.1739000000000002,1.17388,3.75,1.87
12.08.2021 01:09:59.731,1.17392,1.17389,0.75,0.1
12.08.2021 01:09:59.833,1.17393,1.1739000000000002,0.75,0.1
12.08.2021 01:10:14.098,1.17394,1.17392,0.75,1.57
12.08.2021 01:10:14.149,1.1739700000000002,1.17394,1.2,0.1
12.08.2021 01:10:14.301,1.17398,1.17395,0.82,2.06
12.08.2021 01:10:16.564,1.17398,1.1739600000000001,0.75,0.75
12.08.2021 01:10:18.027,1.17399,1.1739600000000001,0.75,2.06
12.08.2021 01:10:18.129,1.17399,1.17395,0.75,5.62
12.08.2021 01:10:19.338,1.17398,1.1739600000000001,0.75,2.81
12.08.2021 01:10:22.534,1.17399,1.17395,0.75,2.81
12.08.2021 01:10:38.630,1.17398,1.17395,0.75,0.82
12.08.2021 01:10:39.907,1.1739600000000001,1.17393,0.75,0.1
12.08.2021 01:10:40.009,1.1739600000000001,1.17392,0.82,8.32
12.08.2021 01:10:40.111,1.17395,1.17392,0.75,0.1
12.08.2021 01:10:47.727,1.17394,1.1739000000000002,0.75,3.93
12.08.2021 01:10:51.934,1.17393,1.1739000000000002,0.75,3.93
12.08.2021 01:11:02.748,1.17394,1.1739000000000002,0.75,3.93
12.08.2021 01:11:30.296,1.17394,1.17391,0.75,0.75
12.08.2021 01:11:35.711,1.17394,1.1739000000000002,0.75,3.93
12.08.2021 01:11:58.384,1.17394,1.17391,0.75,0.75
12.08.2021 01:11:58.851,1.17394,1.1739000000000002,0.75,1.87
12.08.2021 01:12:11.054,1.17394,1.17391,0.75,0.75
12.08.2021 01:12:16.668,1.17394,1.1739000000000002,0.75,3.93
12.08.2021 01:12:26.105,1.17393,1.17389,0.82,3.26
12.08.2021 01:12:26.207,1.17392,1.17389,0.75,1.2
12.08.2021 01:12:26.460,1.17393,1.17389,0.82,1.2
12.08.2021 01:12:26.968,1.17392,1.17389,0.75,1.2
12.08.2021 01:12:27.852,1.1739000000000002,1.1738700000000002,0.75,0.82
12.08.2021 01:12:28.005,1.1739000000000002,1.1738600000000001,0.82,1.95
12.08.2021 01:12:28.429,1.17389,1.1738600000000001,0.75,0.1
12.08.2021 01:12:35.159,1.17389,1.17385,0.82,0.82
12.08.2021 01:12:39.001,1.17388,1.17385,0.75,0.82
12.08.2021 01:12:39.104,1.17385,1.17382,0.75,1.2
12.08.2021 01:12:39.206,1.17385,1.17381,0.82,3.07
12.08.2021 01:12:39.755,1.17384,1.17381,0.75,0.1
12.08.2021 01:12:49.587,1.17385,1.17381,0.82,2.88
12.08.2021 01:12:49.944,1.17385,1.17382,1.5,0.82
12.08.2021 01:12:54.725,1.17385,1.17381,0.82,2.88
12.08.2021 01:12:57.803,1.17384,1.1738,0.82,2.88
12.08.2021 01:12:59.783,1.17382,1.1737900000000001,0.75,0.82
12.08.2021 01:12:59.885,1.17383,1.1737900000000001,0.82,1.2
12.08.2021 01:13:00.977,1.17383,1.1738,0.1,0.75
12.08.2021 01:13:01.635,1.17384,1.1738,1.57,0.82
12.08.2021 01:13:03.417,1.17383,1.1738,1.01,0.75
12.08.2021 01:13:03.569,1.17382,1.1738,4.01,0.82
12.08.2021 01:13:05.007,1.17382,1.1737900000000001,0.1,0.75
12.08.2021 01:13:06.207,1.1738,1.1737900000000001,0.75,1.2
12.08.2021 01:13:06.310,1.17381,1.17378,1.57,0.75
12.08.2021 01:13:12.025,1.17382,1.17378,0.82,1.95
12.08.2021 01:13:12.177,1.17382,1.1737900000000001,0.1,0.75
12.08.2021 01:13:13.545,1.17383,1.1737900000000001,0.82,0.82
12.08.2021 01:13:30.810,1.17382,1.17381,0.75,0.82
12.08.2021 01:13:30.913,1.17383,1.17381,0.82,2.7
12.08.2021 01:13:31.016,1.17385,1.17381,0.82,0.82
12.08.2021 01:13:44.934,1.1738600000000001,1.17383,0.75,0.82
12.08.2021 01:13:45.035,1.1738600000000001,1.17384,0.82,0.82
12.08.2021 01:13:51.024,1.17388,1.17384,1.76,0.82
12.08.2021 01:13:56.687,1.17389,1.17385,0.82,0.82
12.08.2021 01:13:58.433,1.17388,1.17385,0.1,0.75
12.08.2021 01:14:03.163,1.17388,1.17384,2.32,1.2
12.08.2021 01:14:03.264,1.1738700000000002,1.17384,0.75,0.1
12.08.2021 01:14:13.169,1.1738700000000002,1.17383,0.82,1.57
12.08.2021 01:14:27.926,1.17385,1.17382,0.75,0.82
12.08.2021 01:14:28.079,1.17385,1.17381,0.82,0.82
12.08.2021 01:14:28.181,1.17384,1.17381,0.75,0.1
12.08.2021 01:14:28.283,1.17384,1.1738,0.82,0.82
12.08.2021 01:14:29.195,1.17383,1.17382,0.82,0.75
12.08.2021 01:14:34.845,1.17385,1.17381,1.76,0.82
12.08.2021 01:14:35.744,1.1738600000000001,1.17382,1.5,1.5
12.08.2021 01:14:35.846,1.1738700000000002,1.17384,1.5,0.75
12.08.2021 01:14:37.918,1.17388,1.17384,4.01,0.75
12.08.2021 01:14:38.126,1.17388,1.17385,0.82,0.75
12.08.2021 01:14:44.355,1.17388,1.17384,1.01,1.2
12.08.2021 01:14:44.802,1.1738700000000002,1.17384,0.75,1.2
12.08.2021 01:14:45.468,1.17388,1.17384,1.01,1.57
12.08.2021 01:14:53.053,1.17389,1.17385,1.01,0.82
12.08.2021 01:14:53.205,1.17389,1.1738600000000001,1.01,0.75
12.08.2021 01:14:53.527,1.17388,1.17385,0.82,0.75
12.08.2021 01:14:58.257,1.17388,1.17384,0.75,0.75
12.08.2021 01:14:58.359,1.1738700000000002,1.17383,0.75,3.56
12.08.2021 01:15:03.007,1.1738600000000001,1.17382,0.75,1.5
12.08.2021 01:15:03.109,1.1738600000000001,1.17383,0.75,0.75
12.08.2021 01:15:05.371,1.1738700000000002,1.17384,0.75,0.75
12.08.2021 01:15:05.473,1.17388,1.17385,0.75,0.75
12.08.2021 01:15:05.575,1.1738700000000002,1.17384,0.75,0.75
12.08.2021 01:15:06.747,1.1738600000000001,1.17383,0.75,0.75
12.08.2021 01:15:10.544,1.17385,1.17381,0.82,0.82
12.08.2021 01:15:10.696,1.17384,1.17381,0.75,0.82
12.08.2021 01:15:13.243,1.17384,1.1738,0.75,0.75
12.08.2021 01:15:21.147,1.17382,1.1737900000000001,0.75,0.82
12.08.2021 01:15:21.248,1.17383,1.1737900000000001,2.14,0.82
12.08.2021 01:15:22.231,1.1738,1.1737700000000002,0.75,0.82
12.08.2021 01:15:25.610,1.1737900000000001,1.1737600000000001,0.75,0.82
12.08.2021 01:15:42.901,1.17378,1.1737600000000001,0.75,0.1
12.08.2021 01:15:54.396,1.17381,1.1737700000000002,0.52,0.1
12.08.2021 01:15:54.549,1.17382,1.17378,0.1,0.1
12.08.2021 01:15:55.731,1.17381,1.17378,0.75,0.75
12.08.2021 01:15:55.833,1.17381,1.1737900000000001,0.75,0.37
12.08.2021 01:16:01.731,1.17382,1.1738,0.75,0.37
12.08.2021 01:16:01.933,1.17385,1.17381,0.1,0.1
12.08.2021 01:16:04.926,1.17382,1.1738,0.75,1.87
12.08.2021 01:16:07.208,1.17385,1.17381,3.26,0.1
12.08.2021 01:16:09.314,1.17382,1.1737900000000001,0.75,6.56
12.08.2021 01:16:15.577,1.17385,1.17381,0.26,0.1
12.08.2021 01:16:18.309,1.17383,1.1737900000000001,0.75,3.75
12.08.2021 01:16:22.390,1.17383,1.17381,0.75,0.1
12.08.2021 01:16:23.037,1.17384,1.17382,0.75,0.1
12.08.2021 01:16:23.139,1.17384,1.17381,0.75,3.45
12.08.2021 01:16:26.181,1.17385,1.17382,0.75,1.5
12.08.2021 01:16:26.283,1.1738600000000001,1.17384,0.75,1.87
12.08.2021 01:16:26.385,1.1738700000000002,1.17385,0.75,0.1
12.08.2021 01:16:26.587,1.1738700000000002,1.17384,0.75,0.45
12.08.2021 01:16:26.790,1.1738600000000001,1.17383,0.75,0.1
12.08.2021 01:16:36.359,1.1738700000000002,1.17384,0.75,1.95
12.08.2021 01:16:36.898,1.1738600000000001,1.17384,0.75,0.37
12.08.2021 01:16:37.026,1.1738600000000001,1.17383,0.75,2.43
12.08.2021 01:16:38.458,1.1738700000000002,1.17384,0.75,2.06
12.08.2021 01:16:38.969,1.1738700000000002,1.17383,0.75,8.88
12.08.2021 01:16:42.359,1.1738700000000002,1.17384,0.75,2.06
12.08.2021 01:17:02.790,1.17385,1.17383,0.75,1.5
12.08.2021 01:17:10.807,1.1738600000000001,1.17381,0.45,2.81
12.08.2021 01:17:13.786,1.17383,1.17381,0.75,0.75
12.08.2021 01:17:14.337,1.1738600000000001,1.17381,0.45,2.81
12.08.2021 01:17:15.300,1.17384,1.17381,0.75,3.63
12.08.2021 01:17:28.030,1.17383,1.17381,0.75,0.1
12.08.2021 01:17:30.243,1.17383,1.1738,0.75,4.76
12.08.2021 01:17:58.206,1.17383,1.17382,0.75,0.1
12.08.2021 01:17:58.359,1.17384,1.17381,0.75,0.1
12.08.2021 01:18:00.117,1.17384,1.1738,0.75,1.95
12.08.2021 01:18:00.219,1.17383,1.1738,0.75,1.2
12.08.2021 01:18:06.064,1.17381,1.17378,0.75,0.1
12.08.2021 01:18:06.166,1.1737900000000001,1.1737600000000001,0.75,2.51
12.08.2021 01:18:06.267,1.1737900000000001,1.17375,0.75,4.01
12.08.2021 01:18:06.520,1.17378,1.17375,0.75,0.45
12.08.2021 01:18:13.522,1.17378,1.1737600000000001,0.75,0.1
12.08.2021 01:18:19.949,1.17378,1.17375,0.75,2.88
12.08.2021 01:18:21.003,1.17378,1.1737700000000002,0.75,0.1
12.08.2021 01:18:22.173,1.17378,1.17375,0.75,2.51
12.08.2021 01:18:25.512,1.17378,1.1737600000000001,0.75,0.1
12.08.2021 01:18:30.676,1.17378,1.17375,0.75,0.45
12.08.2021 01:18:37.957,1.17378,1.1737600000000001,0.75,0.1
12.08.2021 01:18:44.445,1.17378,1.17375,0.75,0.45
12.08.2021 01:18:51.135,1.17378,1.1737600000000001,0.75,0.1
12.08.2021 01:19:00.598,1.17378,1.17375,0.75,0.45
12.08.2021 01:19:06.121,1.1738,1.1737700000000002,0.75,0.82
12.08.2021 01:19:21.390,1.17381,1.17378,0.75,0.75
12.08.2021 01:19:30.714,1.17381,1.1737700000000002,0.75,1.57
12.08.2021 01:19:30.815,1.17382,1.17378,0.75,1.95
12.08.2021 01:19:45.710,1.17383,1.1737900000000001,5.77,0.75
12.08.2021 01:20:04.182,1.17382,1.1737900000000001,0.1,0.75
12.08.2021 01:20:09.308,1.17382,1.17378,0.82,0.75
12.08.2021 01:20:11.489,1.17383,1.1737900000000001,1.5,0.82
12.08.2021 01:20:15.311,1.17383,1.1738,0.75,0.75
12.08.2021 01:20:16.566,1.17383,1.17381,3.82,0.75
12.08.2021 01:20:31.974,1.17382,1.1738,2.51,0.75
12.08.2021 01:20:32.076,1.17381,1.1737700000000002,1.76,0.75
12.08.2021 01:20:32.178,1.1738,1.1737600000000001,0.75,6.26
12.08.2021 01:20:34.461,1.1738,1.1737700000000002,0.75,0.1
12.08.2021 01:20:34.669,1.1738,1.1737600000000001,0.75,2.88
12.08.2021 01:20:38.485,1.1738,1.1737700000000002,0.75,0.1
12.08.2021 01:20:38.637,1.17381,1.17378,0.75,0.75
12.08.2021 01:20:38.738,1.17382,1.17378,1.76,0.75
12.08.2021 01:20:39.755,1.17383,1.1738,3.75,0.75
12.08.2021 01:20:43.082,1.17382,1.1737900000000001,0.26,0.75
12.08.2021 01:20:43.832,1.1738,1.17378,1.01,1.5
12.08.2021 01:20:45.808,1.1738,1.1737700000000002,0.75,0.75
12.08.2021 01:20:47.246,1.17382,1.17378,2.14,0.82
12.08.2021 01:20:49.316,1.17383,1.1737900000000001,0.75,0.82
12.08.2021 01:20:56.801,1.17384,1.1738,1.01,0.75
12.08.2021 01:21:05.601,1.17384,1.17381,0.19,0.75
12.08.2021 01:21:06.747,1.17384,1.1738,1.01,0.75
12.08.2021 01:21:12.308,1.17384,1.17381,1.01,0.75
12.08.2021 01:21:43.462,1.17385,1.17381,0.82,0.75
12.08.2021 01:21:56.613,1.17385,1.17382,0.75,0.75
12.08.2021 01:22:00.334,1.1738600000000001,1.17382,1.2,0.75
12.08.2021 01:22:03.027,1.17388,1.17385,1.57,0.75
12.08.2021 01:22:04.830,1.17388,1.17384,0.82,1.12
12.08.2021 01:22:04.932,1.17389,1.1738600000000001,0.82,0.75
12.08.2021 01:22:05.033,1.1739000000000002,1.1738600000000001,0.82,0.75
12.08.2021 01:22:06.433,1.17391,1.1738700000000002,0.75,1.57
12.08.2021 01:22:06.535,1.17392,1.17388,0.82,3.56
12.08.2021 01:22:06.637,1.17392,1.17389,0.75,0.75
12.08.2021 01:22:21.497,1.17391,1.1738700000000002,1.01,0.75
12.08.2021 01:22:21.600,1.1739000000000002,1.1738700000000002,0.75,0.75
12.08.2021 01:22:22.563,1.1739000000000002,1.1738600000000001,0.82,0.75
12.08.2021 01:22:28.899,1.1739000000000002,1.1738700000000002,0.82,0.75
12.08.2021 01:22:30.218,1.17392,1.17388,1.76,0.75
12.08.2021 01:22:31.839,1.17394,1.1739000000000002,1.57,0.75
12.08.2021 01:22:32.548,1.17392,1.17388,2.32,3.18
12.08.2021 01:22:32.649,1.17391,1.17388,0.82,0.75
12.08.2021 01:22:32.700,1.1739000000000002,1.1738600000000001,0.75,1.95
12.08.2021 01:22:33.055,1.17389,1.1738600000000001,0.1,0.75
12.08.2021 01:22:47.876,1.1739000000000002,1.1738600000000001,3.82,0.75
12.08.2021 01:22:53.427,1.17388,1.1738700000000002,0.1,0.75
12.08.2021 01:22:54.848,1.1739000000000002,1.1738600000000001,0.82,0.75
12.08.2021 01:23:01.740,1.17392,1.17388,1.2,0.82
12.08.2021 01:23:01.841,1.17393,1.17389,1.5,0.75
12.08.2021 01:23:01.943,1.17394,1.1739000000000002,1.2,0.75
12.08.2021 01:23:05.185,1.17395,1.17391,4.46,0.75
12.08.2021 01:23:08.690,1.17394,1.17391,0.37,0.75
12.08.2021 01:23:15.257,1.17394,1.1739000000000002,2.7,0.75
12.08.2021 01:23:19.478,1.17395,1.17391,5.14,0.82
12.08.2021 01:23:19.580,1.1739700000000002,1.17394,0.75,0.45
12.08.2021 01:23:19.631,1.17398,1.1739700000000002,7.5,0.75
12.08.2021 01:23:19.733,1.1740000000000002,1.1739600000000001,1.2,0.94
12.08.2021 01:23:20.238,1.1740000000000002,1.1739700000000002,0.75,0.75
12.08.2021 01:23:20.340,1.17401,1.1739700000000002,1.87,0.82
12.08.2021 01:23:20.442,1.17401,1.17398,0.75,0.82
12.08.2021 01:23:23.387,1.17402,1.17398,4.2,0.75
12.08.2021 01:23:23.541,1.1740000000000002,1.1739700000000002,0.75,0.75
12.08.2021 01:23:23.744,1.1740000000000002,1.1739600000000001,0.75,0.75
12.08.2021 01:23:42.353,1.1740000000000002,1.1739700000000002,0.75,0.75
12.08.2021 01:23:49.319,1.1740000000000002,1.1739600000000001,0.75,0.26
12.08.2021 01:23:50.318,1.1740000000000002,1.1739700000000002,0.75,0.75
12.08.2021 01:24:08.324,1.17399,1.1739700000000002,0.19,0.75
12.08.2021 01:24:09.631,1.17399,1.1739600000000001,0.19,0.75
12.08.2021 01:24:16.556,1.1739700000000002,1.1739600000000001,0.94,0.75
12.08.2021 01:24:19.763,1.17399,1.17395,2.06,2.81
12.08.2021 01:24:20.421,1.17399,1.1739600000000001,0.19,0.75
12.08.2021 01:24:25.711,1.1740000000000002,1.1739600000000001,4.39,0.75
12.08.2021 01:24:28.059,1.1740000000000002,1.1739700000000002,0.75,0.75
12.08.2021 01:24:29.757,1.1740000000000002,1.1739600000000001,1.39,0.75
12.08.2021 01:24:44.867,1.1740000000000002,1.1739700000000002,0.75,0.75
12.08.2021 01:24:46.255,1.1740000000000002,1.1739600000000001,1.12,0.75
12.08.2021 01:25:02.219,1.17398,1.17395,1.57,0.75
12.08.2021 01:25:03.124,1.17398,1.1739600000000001,1.01,0.75
12.08.2021 01:25:06.300,1.1740000000000002,1.1739600000000001,0.82,0.75
12.08.2021 01:25:16.430,1.1740000000000002,1.1739700000000002,0.75,0.75
12.08.2021 01:25:16.532,1.17401,1.1739700000000002,0.75,0.82
12.08.2021 01:25:20.673,1.17401,1.17398,0.75,0.75
12.08.2021 01:25:21.356,1.17402,1.17398,1.12,0.82
12.08.2021 01:25:21.761,1.17402,1.17399,0.75,0.75
12.08.2021 01:25:23.205,1.17404,1.1740000000000002,1.5,0.82
12.08.2021 01:25:23.407,1.17403,1.17402,0.75,0.75
12.08.2021 01:25:23.965,1.17403,1.17399,2.14,0.75
12.08.2021 01:25:27.784,1.17403,1.1740000000000002,0.19,0.75
12.08.2021 01:25:28.996,1.17404,1.1740000000000002,5.14,0.75
12.08.2021 01:25:31.645,1.17403,1.17399,2.25,0.75
12.08.2021 01:25:32.823,1.17401,1.1740000000000002,0.75,0.75
12.08.2021 01:25:33.035,1.17402,1.17398,0.75,0.75
12.08.2021 01:25:33.493,1.17401,1.1739700000000002,0.75,4.38
12.08.2021 01:25:35.121,1.1740000000000002,1.1739700000000002,0.75,1.57
12.08.2021 01:25:35.376,1.17401,1.1739700000000002,0.75,1.57
12.08.2021 01:25:35.753,1.1740000000000002,1.1739700000000002,0.75,1.5
12.08.2021 01:25:35.910,1.17399,1.1739600000000001,0.75,0.82
12.08.2021 01:25:36.264,1.17399,1.17395,0.75,2.32
12.08.2021 01:25:37.054,1.17399,1.1739600000000001,0.75,0.1
12.08.2021 01:25:37.156,1.17398,1.1739600000000001,0.75,1.57
12.08.2021 01:25:37.498,1.17399,1.1739600000000001,0.75,0.82
12.08.2021 01:25:38.047,1.1740000000000002,1.1739600000000001,0.75,0.82
12.08.2021 01:25:43.347,1.17399,1.1739600000000001,0.75,0.75
12.08.2021 01:25:44.192,1.17399,1.17395,0.82,0.75
12.08.2021 01:25:47.706,1.17399,1.1739600000000001,0.75,0.75
12.08.2021 01:25:50.416,1.17399,1.17395,0.75,1.76
12.08.2021 01:25:54.568,1.17399,1.1739600000000001,0.75,0.1
12.08.2021 01:25:55.105,1.17399,1.17395,0.75,2.51
12.08.2021 01:26:00.667,1.17398,1.17395,0.75,1.01
12.08.2021 01:26:01.847,1.17399,1.17395,0.75,1.01
12.08.2021 01:26:01.999,1.17398,1.17395,0.75,0.82
12.08.2021 01:26:02.474,1.17399,1.17395,0.75,0.82
12.08.2021 01:26:02.676,1.17398,1.17395,0.75,1.2
12.08.2021 01:26:02.852,1.17399,1.17395,0.75,1.2
12.08.2021 01:26:04.670,1.17398,1.17395,0.75,0.82
12.08.2021 01:26:15.830,1.17399,1.17395,1.5,0.82
12.08.2021 01:26:40.933,1.17399,1.1739600000000001,0.75,0.75
12.08.2021 01:26:42.553,1.1740000000000002,1.1739600000000001,0.75,0.82
12.08.2021 01:26:47.274,1.17398,1.1739700000000002,0.75,0.75
12.08.2021 01:27:00.778,1.17399,1.17395,0.75,1.57
12.08.2021 01:27:00.886,1.1740000000000002,1.1739600000000001,0.82,0.75
12.08.2021 01:27:01.041,1.17399,1.1739600000000001,0.75,0.82
12.08.2021 01:27:09.108,1.17398,1.1739600000000001,0.75,1.39
12.08.2021 01:27:09.563,1.1739700000000002,1.17394,0.1,1.69
12.08.2021 01:27:09.665,1.17394,1.17391,0.75,7.57
12.08.2021 01:27:09.817,1.17394,1.1739000000000002,4.2,0.75
12.08.2021 01:27:10.019,1.17393,1.1739000000000002,0.75,0.75
12.08.2021 01:27:13.370,1.17391,1.17388,0.75,0.75
12.08.2021 01:27:13.471,1.17392,1.17388,0.75,0.82
12.08.2021 01:27:14.165,1.17393,1.1739000000000002,0.75,0.75
12.08.2021 01:27:14.420,1.17391,1.17389,0.75,1.2
12.08.2021 01:27:29.733,1.17393,1.17389,0.75,0.82
12.08.2021 01:27:29.835,1.17393,1.1739000000000002,0.75,0.75
12.08.2021 01:27:29.986,1.17393,1.17389,0.75,0.82
12.08.2021 01:27:30.244,1.17394,1.1739000000000002,1.5,0.82
12.08.2021 01:27:30.446,1.17393,1.1739000000000002,0.75,0.82
12.08.2021 01:27:30.801,1.17394,1.1739000000000002,1.5,0.82
12.08.2021 01:27:46.174,1.17394,1.17389,0.82,0.45
12.08.2021 01:27:47.076,1.17393,1.17391,0.75,0.1
12.08.2021 01:27:47.182,1.17394,1.17389,0.82,0.1
12.08.2021 01:27:50.872,1.17394,1.1739000000000002,0.75,0.1
12.08.2021 01:27:58.350,1.17393,1.17389,0.75,1.2
12.08.2021 01:27:58.688,1.17393,1.1739000000000002,0.75,0.1
12.08.2021 01:27:58.790,1.17393,1.17389,0.75,1.2
12.08.2021 01:28:00.264,1.17393,1.1739000000000002,0.75,0.1
12.08.2021 01:28:00.441,1.17393,1.17389,0.75,1.2
12.08.2021 01:28:04.524,1.17393,1.1739000000000002,0.75,0.1
12.08.2021 01:28:04.656,1.17393,1.17389,0.75,1.57
12.08.2021 01:28:09.823,1.17393,1.1739000000000002,0.75,0.1
12.08.2021 01:28:10.313,1.17392,1.1739000000000002,0.75,1.95
12.08.2021 01:28:13.499,1.17393,1.1739000000000002,0.75,0.1
12.08.2021 01:28:16.214,1.17393,1.17389,0.75,1.57
12.08.2021 01:28:19.967,1.17393,1.1739000000000002,0.75,0.1
12.08.2021 01:28:20.907,1.17393,1.17389,0.75,1.95
12.08.2021 01:28:27.268,1.17393,1.1739000000000002,0.75,0.1
12.08.2021 01:28:27.683,1.17393,1.17389,0.75,1.2
12.08.2021 01:28:36.530,1.17393,1.1739000000000002,0.75,0.75
12.08.2021 01:28:37.363,1.17393,1.17389,0.75,1.57
12.08.2021 01:28:37.622,1.17393,1.1739000000000002,0.75,0.75
12.08.2021 01:28:37.796,1.17393,1.17389,0.75,1.2
12.08.2021 01:28:38.125,1.17393,1.1739000000000002,0.75,0.75
12.08.2021 01:28:38.281,1.17393,1.17389,0.75,1.2
12.08.2021 01:28:38.680,1.17393,1.1739000000000002,0.75,0.75
12.08.2021 01:28:38.832,1.17393,1.17389,0.75,1.2
12.08.2021 01:28:39.189,1.17393,1.1739000000000002,0.75,0.75
12.08.2021 01:28:39.360,1.17393,1.17389,0.75,1.2
12.08.2021 01:28:39.712,1.17393,1.1739000000000002,0.75,0.75
12.08.2021 01:28:40.387,1.17393,1.17389,0.75,1.2
12.08.2021 01:28:40.768,1.17393,1.1739000000000002,0.75,0.75
12.08.2021 01:28:40.947,1.17393,1.17389,0.75,1.2
12.08.2021 01:28:41.309,1.17393,1.1739000000000002,0.75,0.75
12.08.2021 01:28:43.390,1.17393,1.17389,0.75,0.82
12.08.2021 01:28:43.491,1.17392,1.17391,0.75,0.75
12.08.2021 01:28:43.593,1.17393,1.17389,0.75,0.82
12.08.2021 01:28:43.903,1.17393,1.1739000000000002,0.75,0.75
12.08.2021 01:28:45.451,1.17393,1.17389,0.75,0.82
12.08.2021 01:28:45.552,1.17393,1.1739000000000002,0.75,0.75
12.08.2021 01:29:04.827,1.17393,1.17389,0.75,2.32
12.08.2021 01:29:05.036,1.17391,1.17389,0.75,2.7
12.08.2021 01:29:09.426,1.17392,1.17388,0.75,3.07
12.08.2021 01:29:09.580,1.17391,1.1739000000000002,0.75,0.75
12.08.2021 01:29:09.886,1.1739000000000002,1.1738700000000002,0.75,1.57
12.08.2021 01:29:10.149,1.1739000000000002,1.17388,0.75,0.75
12.08.2021 01:29:10.525,1.17391,1.17388,0.75,0.75
12.08.2021 01:29:11.263,1.1739000000000002,1.1738700000000002,0.75,0.75
12.08.2021 01:29:11.364,1.17389,1.1738700000000002,0.75,2.32
12.08.2021 01:29:11.667,1.1739000000000002,1.1738700000000002,0.75,0.75
12.08.2021 01:29:11.768,1.17389,1.1738700000000002,0.75,0.75
12.08.2021 01:29:11.870,1.17389,1.1738600000000001,0.75,0.82
12.08.2021 01:29:11.971,1.1739000000000002,1.1738700000000002,0.75,1.57
12.08.2021 01:29:22.798,1.17391,1.17388,0.75,0.75
12.08.2021 01:29:45.761,1.1739000000000002,1.17388,0.82,0.75
12.08.2021 01:29:46.024,1.1739000000000002,1.1738600000000001,0.75,1.57
12.08.2021 01:29:47.208,1.17391,1.1738700000000002,0.75,2.32
12.08.2021 01:29:47.410,1.17391,1.17388,0.75,0.1
12.08.2021 01:30:00.738,1.1739000000000002,1.1738600000000001,0.75,8.32
12.08.2021 01:30:00.839,1.17389,1.1738600000000001,0.75,7.57
12.08.2021 01:30:00.941,1.17389,1.17385,0.75,3.75
12.08.2021 01:30:11.557,1.17389,1.1738600000000001,0.75,0.1
12.08.2021 01:30:12.266,1.17389,1.17385,0.75,1.2
12.08.2021 01:30:12.368,1.17389,1.1738600000000001,0.75,0.1
12.08.2021 01:30:12.499,1.17389,1.17385,0.75,1.2
12.08.2021 01:30:12.601,1.17389,1.1738600000000001,0.75,0.1
12.08.2021 01:30:13.071,1.17389,1.17385,0.75,1.2
12.08.2021 01:30:21.195,1.17389,1.1738600000000001,0.75,0.1
12.08.2021 01:30:21.347,1.17389,1.17388,0.75,0.75
12.08.2021 01:30:21.398,1.17392,1.17388,0.75,1.95
12.08.2021 01:30:21.601,1.17391,1.1739000000000002,0.75,0.1
12.08.2021 01:30:21.702,1.17393,1.17389,0.75,0.82
12.08.2021 01:30:28.650,1.17393,1.1739000000000002,0.75,0.1
12.08.2021 01:30:28.752,1.17393,1.17391,0.75,0.37
12.08.2021 01:30:30.116,1.17394,1.17391,0.75,0.37
12.08.2021 01:30:41.017,1.17394,1.1739000000000002,0.75,1.2
12.08.2021 01:30:51.768,1.17394,1.17391,0.75,1.2
12.08.2021 01:30:52.688,1.17394,1.1739000000000002,0.75,4.38
12.08.2021 01:30:52.789,1.17394,1.17391,0.75,0.1
12.08.2021 01:30:52.891,1.17394,1.1739000000000002,0.75,3.63
12.08.2021 01:30:52.994,1.17394,1.17391,0.75,0.37
12.08.2021 01:30:55.087,1.17395,1.17392,0.75,1.57
12.08.2021 01:30:58.726,1.17394,1.17392,0.75,0.37
12.08.2021 01:30:59.117,1.17394,1.17391,0.75,0.37
12.08.2021 01:31:06.896,1.17394,1.1739000000000002,1.76,0.75
12.08.2021 01:31:06.997,1.17393,1.17389,0.82,1.87
12.08.2021 01:31:09.070,1.17392,1.17389,0.75,0.37
12.08.2021 01:31:10.551,1.17391,1.17388,0.75,0.37
12.08.2021 01:31:10.754,1.17391,1.1738700000000002,0.75,1.2
12.08.2021 01:31:15.470,1.1739000000000002,1.1738600000000001,0.75,1.2
12.08.2021 01:31:15.571,1.17389,1.1738600000000001,0.75,0.37
12.08.2021 01:31:18.195,1.1739000000000002,1.1738700000000002,0.75,0.1
12.08.2021 01:31:18.971,1.1739000000000002,1.1738600000000001,0.75,1.2
12.08.2021 01:31:20.839,1.17389,1.1738600000000001,0.75,1.2
12.08.2021 01:31:24.550,1.17389,1.1738700000000002,0.75,0.37
12.08.2021 01:31:31.062,1.1739000000000002,1.1738700000000002,0.75,0.45
12.08.2021 01:31:32.785,1.1739000000000002,1.1738600000000001,0.75,1.95
12.08.2021 01:31:35.607,1.1739000000000002,1.1738700000000002,0.75,0.1
12.08.2021 01:31:36.466,1.1739000000000002,1.17388,0.75,0.1
12.08.2021 01:31:36.567,1.1739000000000002,1.1738700000000002,0.75,0.75
12.08.2021 01:31:36.669,1.17391,1.1738700000000002,0.75,2.32
12.08.2021 01:31:37.466,1.17392,1.17388,1.01,0.75
12.08.2021 01:31:40.488,1.17392,1.17389,1.01,0.37
12.08.2021 01:31:43.058,1.17391,1.17389,0.75,0.37
12.08.2021 01:31:43.361,1.17392,1.17389,0.75,0.37
12.08.2021 01:31:43.893,1.17393,1.1739000000000002,0.94,0.75
12.08.2021 01:31:44.045,1.17393,1.17389,1.57,1.12
12.08.2021 01:31:44.249,1.17394,1.1739000000000002,4.76,0.75
12.08.2021 01:31:44.657,1.17393,1.1739000000000002,0.75,0.75
12.08.2021 01:31:45.023,1.17394,1.1739000000000002,1.69,0.82
12.08.2021 01:31:48.713,1.17394,1.17391,1.5,0.37
12.08.2021 01:31:50.599,1.17393,1.17391,0.75,0.37
12.08.2021 01:31:51.863,1.17393,1.17389,0.75,3.18
12.08.2021 01:31:55.004,1.1739000000000002,1.17388,0.75,2.32
12.08.2021 01:31:56.570,1.1739000000000002,1.1738700000000002,0.75,1.12
12.08.2021 01:32:02.264,1.17389,1.1738700000000002,0.75,0.37
12.08.2021 01:32:14.540,1.17391,1.1738700000000002,0.75,3.07
12.08.2021 01:32:14.642,1.17392,1.17389,0.75,0.75
12.08.2021 01:32:14.846,1.17393,1.17389,0.75,2.25
12.08.2021 01:32:16.533,1.17393,1.1739000000000002,0.75,0.75
12.08.2021 01:32:19.896,1.17393,1.17391,0.75,2.25
12.08.2021 01:32:20.048,1.17394,1.17391,0.75,0.75
12.08.2021 01:32:42.359,1.17393,1.17391,0.75,0.37
12.08.2021 01:32:55.678,1.17394,1.17391,0.75,0.75
12.08.2021 01:33:05.534,1.17395,1.17392,0.75,2.62
12.08.2021 01:33:05.636,1.1739700000000002,1.17393,0.75,2.25
12.08.2021 01:33:05.738,1.1739700000000002,1.17394,0.75,2.62
12.08.2021 01:33:06.236,1.1739700000000002,1.17395,0.75,0.37
12.08.2021 01:33:06.440,1.17398,1.17395,0.75,0.37
12.08.2021 01:33:07.242,1.17398,1.17394,0.75,10.67
12.08.2021 01:33:08.218,1.17398,1.17395,0.75,0.75
12.08.2021 01:33:09.148,1.17398,1.17394,0.75,4.68
12.08.2021 01:33:10.012,1.1739700000000002,1.17394,8.89,0.37
12.08.2021 01:33:10.114,1.1739600000000001,1.17394,0.1,0.37
12.08.2021 01:33:10.266,1.17395,1.17392,0.75,1.5
12.08.2021 01:33:16.424,1.17395,1.17391,0.75,7.19
12.08.2021 01:33:18.344,1.17394,1.17391,0.75,1.5
12.08.2021 01:33:32.278,1.17393,1.1739000000000002,0.75,2.62
12.08.2021 01:33:53.514,1.17394,1.1739000000000002,0.75,2.25
12.08.2021 01:34:00.371,1.17394,1.17391,0.75,0.37
12.08.2021 01:34:03.922,1.17395,1.17392,0.75,0.75
12.08.2021 01:34:04.074,1.1739600000000001,1.17393,0.75,1.5
12.08.2021 01:34:14.294,1.1739600000000001,1.17394,0.75,0.37
12.08.2021 01:34:18.374,1.1739600000000001,1.17393,0.75,0.75
12.08.2021 01:34:42.702,1.1739700000000002,1.17393,0.94,2.7
12.08.2021 01:34:42.804,1.17399,1.1739600000000001,1.87,0.75
12.08.2021 01:34:42.905,1.17398,1.1739600000000001,1.5,0.75
12.08.2021 01:34:48.363,1.17399,1.1739600000000001,0.75,0.75
12.08.2021 01:34:59.899,1.1740000000000002,1.1739600000000001,0.75,1.2
12.08.2021 01:35:00.000,1.17401,1.1739700000000002,0.75,4.76
12.08.2021 01:35:00.102,1.17401,1.17398,0.75,1.87
12.08.2021 01:35:00.254,1.1740000000000002,1.17398,0.75,2.7
12.08.2021 01:35:04.717,1.17401,1.17398,0.75,5.62
12.08.2021 01:35:06.199,1.17401,1.1739700000000002,0.75,9.07
12.08.2021 01:35:06.302,1.17401,1.17398,0.75,5.62
12.08.2021 01:35:06.890,1.17401,1.1739700000000002,0.75,9.82
12.08.2021 01:35:08.518,1.17401,1.17398,0.75,0.37
12.08.2021 01:35:10.364,1.17401,1.1739700000000002,0.75,3.07
12.08.2021 01:35:13.872,1.1740000000000002,1.1739700000000002,0.75,1.12
12.08.2021 01:35:15.027,1.17402,1.17401,0.75,0.82
12.08.2021 01:35:21.963,1.17402,1.17399,0.75,0.82
12.08.2021 01:35:23.521,1.17403,1.1740000000000002,0.82,0.75
12.08.2021 01:35:23.674,1.17404,1.17401,0.94,0.82
12.08.2021 01:35:23.826,1.17405,1.17402,0.82,0.75
12.08.2021 01:35:23.928,1.17406,1.17404,0.75,1.5
12.08.2021 01:35:27.892,1.17408,1.17405,0.75,0.82
12.08.2021 01:35:28.095,1.17409,1.17405,1.76,0.82
12.08.2021 01:35:28.399,1.17408,1.17405,0.82,0.75
12.08.2021 01:35:28.500,1.17406,1.17405,0.75,0.82
12.08.2021 01:35:28.760,1.17408,1.17405,0.82,0.75
12.08.2021 01:35:30.188,1.17408,1.17406,0.75,0.1
12.08.2021 01:35:30.290,1.17409,1.17406,0.75,0.82
12.08.2021 01:35:33.973,1.1741000000000001,1.1740700000000002,0.75,2.14
12.08.2021 01:35:34.075,1.1741000000000001,1.17409,0.75,0.82
12.08.2021 01:35:34.177,1.17412,1.17408,0.82,0.82
12.08.2021 01:35:34.228,1.17413,1.1741000000000001,6.26,0.75
12.08.2021 01:35:34.582,1.17414,1.1741000000000001,1.76,0.82
12.08.2021 01:35:39.595,1.17414,1.17411,1.76,0.75
12.08.2021 01:35:43.131,1.17414,1.1741000000000001,1.76,0.82
12.08.2021 01:35:43.514,1.17413,1.1741000000000001,0.1,0.75
12.08.2021 01:35:43.767,1.17412,1.1741000000000001,0.19,0.75
12.08.2021 01:35:44.719,1.17413,1.1741000000000001,3.94,0.75
12.08.2021 01:35:49.076,1.17412,1.17409,0.75,0.75
12.08.2021 01:35:49.177,1.17411,1.17408,0.82,0.75
12.08.2021 01:36:00.307,1.17411,1.1740700000000002,1.01,0.82
12.08.2021 01:36:03.240,1.1741000000000001,1.1740700000000002,0.1,0.75
12.08.2021 01:36:06.616,1.17409,1.1740700000000002,0.1,0.75
12.08.2021 01:36:08.093,1.17408,1.17404,1.76,0.75
12.08.2021 01:36:11.449,1.17405,1.17404,0.82,0.75
12.08.2021 01:36:26.490,1.1740700000000002,1.17404,1.69,0.75
12.08.2021 01:36:26.996,1.17406,1.17403,0.82,0.75
12.08.2021 01:36:36.560,1.17406,1.17404,0.1,0.75
12.08.2021 01:36:37.951,1.1740700000000002,1.17404,1.69,0.75
12.08.2021 01:36:38.519,1.17408,1.17404,1.76,0.75
12.08.2021 01:36:42.513,1.1740700000000002,1.17403,0.75,0.75
12.08.2021 01:36:42.830,1.1740700000000002,1.17404,0.75,0.75
12.08.2021 01:36:45.581,1.17409,1.17406,1.5,0.75
12.08.2021 01:36:45.886,1.1741000000000001,1.1740700000000002,1.39,0.75
12.08.2021 01:37:01.143,1.17408,1.17404,0.82,2.7
12.08.2021 01:37:02.088,1.1740700000000002,1.17403,0.82,1.2
12.08.2021 01:37:10.712,1.17408,1.17405,1.57,0.75
12.08.2021 01:37:12.389,1.17409,1.17405,1.5,0.82
12.08.2021 01:37:12.491,1.17409,1.17406,0.75,0.75
12.08.2021 01:37:12.699,1.17408,1.17405,0.75,1.2
12.08.2021 01:37:34.419,1.17409,1.17405,1.76,0.75
12.08.2021 01:37:34.521,1.17409,1.17406,1.5,0.75
12.08.2021 01:37:43.228,1.1741000000000001,1.1740700000000002,1.5,0.75
12.08.2021 01:38:17.840,1.17409,1.1740700000000002,0.19,0.75
12.08.2021 01:38:17.942,1.1741000000000001,1.1740700000000002,4.01,0.75
12.08.2021 01:38:21.522,1.17409,1.1740700000000002,0.1,0.75
12.08.2021 01:38:21.623,1.17409,1.1740700000000002,1.09,0.75
12.08.2021 01:38:32.277,1.17409,1.1740700000000002,0.1,0.75
12.08.2021 01:38:32.378,1.17409,1.1740700000000002,1.09,0.75
12.08.2021 01:38:50.678,1.17409,1.1740700000000002,0.1,0.75
12.08.2021 01:38:50.779,1.1741000000000001,1.1740700000000002,0.9,0.75
12.08.2021 01:38:52.197,1.17408,1.17405,2.32,0.75
12.08.2021 01:38:52.299,1.17406,1.17403,0.75,1.2
12.08.2021 01:38:52.800,1.1740700000000002,1.17404,0.82,0.75
12.08.2021 01:39:05.190,1.17409,1.17406,2.02,0.75
12.08.2021 01:39:07.144,1.17409,1.1740700000000002,4.76,0.75
12.08.2021 01:39:24.283,1.1741000000000001,1.1740700000000002,0.82,0.75
12.08.2021 01:39:28.412,1.17411,1.1740700000000002,4.12,0.82
12.08.2021 01:39:35.004,1.1741000000000001,1.1740700000000002,0.75,0.75
12.08.2021 01:39:41.913,1.1741000000000001,1.17408,0.82,0.75
12.08.2021 01:39:50.045,1.1741000000000001,1.1740700000000002,0.82,0.75
12.08.2021 01:40:23.194,1.1741000000000001,1.17406,0.75,0.75
12.08.2021 01:40:28.500,1.1741000000000001,1.1740700000000002,0.75,0.75
12.08.2021 01:40:32.913,1.1741000000000001,1.17406,0.75,0.82
12.08.2021 01:40:38.413,1.17409,1.17406,0.75,0.82
12.08.2021 01:40:47.496,1.1741000000000001,1.17406,0.75,0.82
12.08.2021 01:40:51.843,1.1741000000000001,1.1740700000000002,0.75,0.75
12.08.2021 01:41:10.966,1.1741000000000001,1.17406,0.75,0.82
12.08.2021 01:41:13.521,1.1740700000000002,1.17404,0.75,0.75
12.08.2021 01:41:13.622,1.17405,1.17404,0.75,0.75
12.08.2021 01:41:33.548,1.17405,1.17402,0.75,0.75
12.08.2021 01:41:35.874,1.17405,1.17401,0.75,0.82
12.08.2021 01:41:37.081,1.17403,1.17402,0.75,0.75
12.08.2021 01:41:37.435,1.17404,1.1740000000000002,0.75,3.26
12.08.2021 01:41:38.986,1.17403,1.1740000000000002,0.75,0.75
12.08.2021 01:41:39.087,1.17403,1.17399,0.82,0.75
12.08.2021 01:41:39.189,1.17401,1.17399,3.07,0.75
12.08.2021 01:41:39.290,1.17402,1.17399,0.75,0.75
12.08.2021 01:41:39.442,1.17404,1.1740000000000002,2.96,0.75
12.08.2021 01:41:39.796,1.17403,1.1740000000000002,0.75,0.75
12.08.2021 01:41:39.965,1.17404,1.1740000000000002,1.76,0.75
12.08.2021 01:41:40.466,1.17403,1.1740000000000002,1.2,0.75
12.08.2021 01:42:01.579,1.17401,1.17398,0.82,2.06
12.08.2021 01:42:01.631,1.17398,1.1739600000000001,1.5,1.2
12.08.2021 01:42:01.733,1.1739700000000002,1.17395,0.82,7.5
12.08.2021 01:42:01.835,1.1739700000000002,1.17393,0.82,1.2
12.08.2021 01:42:01.989,1.1739600000000001,1.17393,0.75,0.82
12.08.2021 01:42:02.091,1.1739600000000001,1.17392,3.75,0.75
12.08.2021 01:42:03.903,1.17394,1.17393,0.75,0.75
12.08.2021 01:42:07.589,1.17393,1.17391,0.75,4.01
12.08.2021 01:42:08.409,1.17393,1.1739000000000002,0.75,1.2
12.08.2021 01:42:10.793,1.17392,1.17388,2.32,0.82
12.08.2021 01:42:10.844,1.1739000000000002,1.1738700000000002,0.75,1.95
12.08.2021 01:42:11.431,1.1739000000000002,1.1738600000000001,1.5,0.75
12.08.2021 01:42:14.444,1.17389,1.1738600000000001,0.75,0.75
12.08.2021 01:42:16.332,1.1739000000000002,1.1738600000000001,2.62,1.12
12.08.2021 01:42:16.433,1.17389,1.17388,0.75,0.82
12.08.2021 01:42:16.990,1.17392,1.17388,1.57,0.82
12.08.2021 01:42:17.091,1.17392,1.17389,0.82,0.75
12.08.2021 01:42:17.193,1.17391,1.17389,3.82,0.82
12.08.2021 01:42:22.316,1.17393,1.1739000000000002,1.5,0.82
12.08.2021 01:42:22.418,1.17394,1.17391,2.77,0.75
12.08.2021 01:42:28.972,1.17395,1.17391,2.25,0.75
12.08.2021 01:42:29.074,1.17395,1.17392,1.5,0.75
12.08.2021 01:42:37.186,1.17395,1.17391,1.5,0.75
12.08.2021 01:42:46.594,1.17398,1.17395,2.4,0.75
12.08.2021 01:42:46.797,1.17399,1.17395,2.7,0.82
12.08.2021 01:42:48.214,1.17399,1.1739600000000001,1.95,0.75
12.08.2021 01:43:15.044,1.17399,1.17395,1.57,0.82
12.08.2021 01:43:15.205,1.1739700000000002,1.1739600000000001,0.1,0.75
12.08.2021 01:43:15.307,1.1739700000000002,1.17394,0.75,0.82
12.08.2021 01:43:15.409,1.17395,1.17391,0.75,1.87
12.08.2021 01:43:18.204,1.17393,1.17389,3.37,0.75
12.08.2021 01:43:18.306,1.17392,1.17389,1.76,0.75
12.08.2021 01:43:18.357,1.17391,1.1738700000000002,1.5,0.75
12.08.2021 01:43:23.262,1.1739000000000002,1.1738700000000002,0.75,0.75
12.08.2021 01:43:23.704,1.1739000000000002,1.1738600000000001,0.82,0.82
12.08.2021 01:43:30.012,1.17392,1.17388,5.21,0.82
12.08.2021 01:43:32.966,1.17392,1.17389,1.76,0.75
12.08.2021 01:43:36.577,1.17392,1.17391,0.82,0.75
12.08.2021 01:43:36.729,1.17394,1.1739000000000002,5.51,0.82
12.08.2021 01:43:37.928,1.17394,1.17391,2.51,0.75
12.08.2021 01:43:45.667,1.17393,1.1739000000000002,3.82,0.75
12.08.2021 01:43:46.989,1.17394,1.17391,2.32,0.75
12.08.2021 01:44:01.388,1.17393,1.1739000000000002,0.75,0.82
12.08.2021 01:44:03.031,1.17391,1.17388,0.75,0.75
12.08.2021 01:44:05.942,1.17391,1.1738700000000002,0.75,0.75
12.08.2021 01:44:06.096,1.17391,1.17388,0.75,0.75
12.08.2021 01:44:06.401,1.17392,1.17388,1.69,0.75
12.08.2021 01:44:16.964,1.17393,1.1739000000000002,0.75,0.82
12.08.2021 01:44:17.388,1.17394,1.1739000000000002,1.76,0.82
12.08.2021 01:44:26.070,1.17392,1.17389,3.82,0.75
12.08.2021 01:44:26.172,1.1739000000000002,1.1738700000000002,0.82,0.75
12.08.2021 01:44:26.274,1.1739000000000002,1.1738600000000001,0.82,1.2
12.08.2021 01:44:26.875,1.1739000000000002,1.1738700000000002,0.82,0.75
12.08.2021 01:44:29.904,1.17391,1.17388,0.75,0.75
12.08.2021 01:44:34.117,1.17393,1.1739000000000002,0.82,0.75
12.08.2021 01:44:42.098,1.17394,1.1739000000000002,4.76,0.82
12.08.2021 01:45:01.798,1.17394,1.17391,1.57,0.75
12.08.2021 01:45:02.051,1.17395,1.17392,1.57,0.75
12.08.2021 01:45:24.746,1.17395,1.17391,1.76,0.82
12.08.2021 01:45:31.964,1.17394,1.17391,1.01,0.75
12.08.2021 01:45:32.075,1.17392,1.17389,2.51,0.75
12.08.2021 01:45:33.615,1.17391,1.17388,0.75,0.75
12.08.2021 01:45:35.709,1.17392,1.17389,0.75,0.75
12.08.2021 01:45:44.212,1.17392,1.17388,1.01,0.75
12.08.2021 01:45:45.248,1.17394,1.17391,2.89,0.75
12.08.2021 01:46:13.173,1.17395,1.17392,1.5,0.75
12.08.2021 01:46:16.469,1.17395,1.17391,1.5,0.82
12.08.2021 01:46:17.696,1.17395,1.17392,0.94,0.75
12.08.2021 01:47:52.245,1.1739600000000001,1.17392,2.44,0.75
12.08.2021 01:47:58.580,1.17395,1.17392,0.75,0.75
12.08.2021 01:48:35.264,1.1739600000000001,1.17393,1.76,0.75
12.08.2021 01:48:41.131,1.1739600000000001,1.17392,1.76,0.75
12.08.2021 01:48:43.956,1.17395,1.17392,1.01,0.75
12.08.2021 01:49:18.978,1.17394,1.17392,0.19,0.75
12.08.2021 01:49:19.282,1.17395,1.17392,1.76,0.75
12.08.2021 01:49:30.925,1.1739700000000002,1.17395,0.45,0.75
12.08.2021 01:49:31.026,1.17399,1.17395,3.26,0.75
12.08.2021 01:49:31.128,1.17399,1.1739600000000001,1.01,0.75
12.08.2021 01:49:31.229,1.1740000000000002,1.1739600000000001,6.64,0.75
12.08.2021 01:49:34.961,1.1740000000000002,1.1739700000000002,2.51,0.75
12.08.2021 01:49:48.270,1.17401,1.1739700000000002,5.14,0.75
12.08.2021 01:49:48.530,1.1740000000000002,1.1739700000000002,0.75,0.75
12.08.2021 01:49:52.526,1.17401,1.1739700000000002,8.14,0.75
12.08.2021 01:49:54.504,1.17401,1.17398,5.7,0.75
12.08.2021 01:50:00.310,1.17401,1.17399,0.1,0.75
12.08.2021 01:50:01.675,1.17401,1.17398,1.57,0.75
12.08.2021 01:50:09.363,1.1740000000000002,1.17398,1.57,0.75
12.08.2021 01:50:15.499,1.1740000000000002,1.1739700000000002,0.1,0.75
12.08.2021 01:50:39.520,1.17401,1.17398,2.7,0.75
12.08.2021 01:50:39.683,1.17403,1.17401,4.13,0.75
12.08.2021 01:50:39.784,1.17404,1.17401,2.77,0.75
12.08.2021 01:50:39.885,1.17404,1.17403,0.82,0.75
12.08.2021 01:50:40.243,1.17406,1.17402,3.45,0.75
12.08.2021 01:50:40.345,1.17406,1.17403,3.07,0.75
12.08.2021 01:50:50.767,1.1740700000000002,1.17403,2.77,0.75
12.08.2021 01:50:54.858,1.17406,1.17403,0.1,0.75
12.08.2021 01:50:57.611,1.1740700000000002,1.17403,2.32,0.75
12.08.2021 01:51:00.473,1.17406,1.17403,0.1,0.75
12.08.2021 01:51:02.527,1.1740700000000002,1.17403,1.2,0.75
12.08.2021 01:51:04.311,1.17406,1.17403,0.1,0.75
12.08.2021 01:51:06.514,1.17406,1.17404,0.1,0.75
12.08.2021 01:51:07.789,1.17406,1.17403,1.27,0.75
12.08.2021 01:51:07.950,1.17405,1.17403,0.37,0.75
12.08.2021 01:51:08.860,1.17406,1.17403,0.1,0.75
12.08.2021 01:51:11.941,1.1740700000000002,1.17403,5.4,0.75
12.08.2021 01:51:12.042,1.1740700000000002,1.17404,2.4,0.75
12.08.2021 01:51:12.144,1.1740700000000002,1.17405,0.1,0.75
12.08.2021 01:51:12.346,1.17408,1.17406,0.1,0.75
12.08.2021 01:51:17.686,1.1741000000000001,1.1740700000000002,2.02,0.75
12.08.2021 01:51:17.838,1.17409,1.1740700000000002,0.1,0.75
12.08.2021 01:51:18.142,1.17408,1.17406,0.1,0.75
12.08.2021 01:51:20.286,1.1740700000000002,1.17403,0.1,0.75
12.08.2021 01:51:23.467,1.17408,1.17405,0.75,0.75
12.08.2021 01:51:24.587,1.17406,1.17404,2.32,0.75
12.08.2021 01:51:31.194,1.1740700000000002,1.17404,5.32,0.75
12.08.2021 01:51:46.224,1.17409,1.1740700000000002,8.71,0.75
12.08.2021 01:51:46.376,1.1741000000000001,1.1740700000000002,4.57,0.75
12.08.2021 01:52:03.840,1.17411,1.1740700000000002,4.95,0.75
12.08.2021 01:52:04.107,1.1741000000000001,1.1740700000000002,0.1,0.75
12.08.2021 01:52:08.754,1.17411,1.1740700000000002,4.57,0.75
12.08.2021 01:52:10.194,1.1741000000000001,1.1740700000000002,0.1,0.75
12.08.2021 01:52:10.501,1.1740700000000002,1.17405,6.82,1.95
12.08.2021 01:52:10.603,1.1740700000000002,1.17404,0.45,0.75
12.08.2021 01:52:10.755,1.17408,1.17405,4.57,0.75
12.08.2021 01:52:10.957,1.17409,1.1740700000000002,0.82,0.75
12.08.2021 01:52:18.958,1.1741000000000001,1.1740700000000002,3.82,0.75
12.08.2021 01:52:25.937,1.17409,1.1740700000000002,0.1,0.75
12.08.2021 01:52:26.095,1.1741000000000001,1.1740700000000002,1.57,0.75
12.08.2021 01:52:26.564,1.17409,1.1740700000000002,2.7,0.75
12.08.2021 01:52:26.665,1.17408,1.17406,0.1,0.75
12.08.2021 01:52:29.675,1.17409,1.17404,3.07,1.2
12.08.2021 01:52:29.726,1.1741000000000001,1.17406,2.4,0.75
12.08.2021 01:52:29.828,1.1741000000000001,1.1740700000000002,4.57,0.75
12.08.2021 01:52:34.753,1.17409,1.1740700000000002,0.1,0.75
12.08.2021 01:52:34.805,1.1740700000000002,1.17404,0.37,0.75
12.08.2021 01:52:34.906,1.17406,1.17403,0.1,1.95
12.08.2021 01:52:35.160,1.1740700000000002,1.17403,1.57,0.75
12.08.2021 01:52:37.440,1.1740700000000002,1.17404,0.82,0.75
12.08.2021 01:52:37.912,1.17408,1.17405,4.57,0.75
12.08.2021 01:52:39.611,1.1740700000000002,1.17404,0.1,0.75
12.08.2021 01:52:40.872,1.17406,1.17403,0.82,0.75
12.08.2021 01:52:41.075,1.17405,1.17403,0.1,0.75
12.08.2021 01:52:41.278,1.17405,1.17402,0.82,0.75
12.08.2021 01:52:42.179,1.17402,1.17399,0.45,1.2
12.08.2021 01:52:42.281,1.17401,1.1739700000000002,0.82,7.57
12.08.2021 01:52:42.619,1.1740000000000002,1.1739700000000002,0.75,0.75
12.08.2021 01:52:42.771,1.17401,1.1739700000000002,0.82,2.25
12.08.2021 01:52:42.822,1.17402,1.17399,0.45,1.39
12.08.2021 01:52:42.974,1.17405,1.17402,5.7,0.75
12.08.2021 01:52:49.195,1.17405,1.17401,5.32,0.75
12.08.2021 01:52:51.466,1.17405,1.17402,0.75,0.75
12.08.2021 01:52:55.865,1.17406,1.17402,1.95,0.75
12.08.2021 01:52:55.989,1.17405,1.17402,0.82,0.75
12.08.2021 01:52:56.091,1.17405,1.17404,0.82,0.75
12.08.2021 01:52:56.193,1.1740700000000002,1.17404,0.37,0.75
12.08.2021 01:53:03.482,1.17406,1.17403,0.37,0.75
12.08.2021 01:53:03.979,1.17405,1.17402,0.1,0.75
12.08.2021 01:53:04.250,1.17405,1.17401,0.82,0.75
12.08.2021 01:53:20.376,1.17405,1.17402,0.75,0.75
12.08.2021 01:53:38.324,1.17402,1.17399,0.37,1.5
12.08.2021 01:53:38.425,1.17402,1.17398,1.2,0.75
12.08.2021 01:53:38.526,1.17401,1.17398,0.75,0.75
12.08.2021 01:53:54.644,1.17402,1.17398,1.2,1.12
12.08.2021 01:53:54.746,1.17402,1.17399,0.45,0.75
12.08.2021 01:53:54.847,1.17401,1.17399,1.2,1.12
12.08.2021 01:53:54.948,1.17401,1.17398,0.75,0.75
12.08.2021 01:53:56.301,1.17401,1.1739700000000002,2.32,0.75
12.08.2021 01:54:03.574,1.17398,1.17395,3.07,0.75
12.08.2021 01:54:03.675,1.17399,1.17395,0.75,1.76
12.08.2021 01:54:03.776,1.17399,1.1739600000000001,0.75,0.75
12.08.2021 01:54:03.929,1.1740000000000002,1.1739600000000001,1.57,0.75
12.08.2021 01:54:09.513,1.1740000000000002,1.17398,1.95,0.75
12.08.2021 01:54:52.694,1.1739700000000002,1.17393,4.2,15.07
12.08.2021 01:54:52.796,1.1739600000000001,1.17393,0.75,8.7
12.08.2021 01:54:52.897,1.1739600000000001,1.17392,3.82,0.75
12.08.2021 01:54:53.299,1.17395,1.17391,0.75,0.82
12.08.2021 01:55:32.431,1.17395,1.17392,1.57,0.75
12.08.2021 01:55:38.253,1.1739600000000001,1.17392,4.2,0.75
12.08.2021 01:55:39.831,1.17395,1.17392,1.95,0.75
12.08.2021 01:55:42.603,1.1739600000000001,1.17392,3.45,0.75
12.08.2021 01:55:45.302,1.1739600000000001,1.17393,3.45,0.75
12.08.2021 01:55:49.434,1.17398,1.17395,0.45,0.75
12.08.2021 01:55:49.637,1.1740000000000002,1.17395,7.12,0.45
12.08.2021 01:55:49.973,1.1740000000000002,1.17398,2.62,0.75
12.08.2021 01:55:53.053,1.17401,1.17398,8.77,0.75
12.08.2021 01:55:53.205,1.17402,1.1740000000000002,1.87,0.75
12.08.2021 01:55:53.308,1.17403,1.17401,1.2,0.75
12.08.2021 01:55:53.562,1.17405,1.17399,4.65,4.94
12.08.2021 01:55:53.613,1.17403,1.17401,0.75,0.75
12.08.2021 01:56:00.654,1.17404,1.17399,1.5,2.51
12.08.2021 01:56:00.704,1.17404,1.17401,1.12,0.75
12.08.2021 01:56:00.856,1.17405,1.17402,7.01,0.75
12.08.2021 01:56:02.257,1.17403,1.17401,0.75,0.75
12.08.2021 01:56:04.305,1.17404,1.17402,7.09,0.75
12.08.2021 01:56:04.407,1.17405,1.17401,7.84,0.75
12.08.2021 01:56:04.508,1.17402,1.17401,0.75,0.75
12.08.2021 01:56:09.591,1.17401,1.1740000000000002,0.37,0.75
12.08.2021 01:56:09.964,1.17402,1.17399,0.37,0.75
12.08.2021 01:56:10.768,1.17403,1.17399,4.95,0.75
12.08.2021 01:56:10.962,1.17403,1.1740000000000002,1.87,0.75
12.08.2021 01:56:11.279,1.17402,1.1740000000000002,0.37,0.75
12.08.2021 01:56:11.432,1.17403,1.1740000000000002,6.45,0.75
12.08.2021 01:56:11.534,1.17402,1.1740000000000002,0.37,0.75
12.08.2021 01:56:11.585,1.17404,1.17402,0.45,0.75
12.08.2021 01:56:11.739,1.17405,1.17402,7.39,0.75
12.08.2021 01:56:12.636,1.17405,1.17402,1.31,0.75
12.08.2021 01:56:14.865,1.17405,1.17402,5.89,0.75
12.08.2021 01:56:14.967,1.17404,1.17402,0.75,0.75
12.08.2021 01:56:15.019,1.17402,1.1740000000000002,0.75,0.75
12.08.2021 01:56:15.121,1.17402,1.17399,0.75,0.75
12.08.2021 01:56:17.849,1.17403,1.17399,4.2,0.75
12.08.2021 01:56:18.361,1.17402,1.17399,0.37,0.75
12.08.2021 01:56:18.964,1.17403,1.1740000000000002,5.7,0.75
12.08.2021 01:56:19.116,1.17404,1.17399,3.37,0.1
12.08.2021 01:56:19.217,1.17404,1.17402,0.37,0.75
12.08.2021 01:56:20.951,1.17405,1.17402,7.12,0.75
12.08.2021 01:56:33.035,1.17404,1.17402,0.37,0.75
12.08.2021 01:56:33.086,1.17402,1.17399,1.12,0.75
12.08.2021 01:56:34.729,1.17402,1.17398,1.95,0.75
12.08.2021 01:56:47.784,1.17402,1.17399,2.32,0.75
12.08.2021 01:56:55.049,1.17402,1.17398,2.51,0.75
12.08.2021 01:56:55.150,1.17401,1.17399,2.51,0.75
12.08.2021 01:57:02.523,1.17401,1.17398,0.75,0.75
12.08.2021 01:57:27.283,1.17402,1.17399,0.75,0.75
12.08.2021 01:57:27.486,1.17402,1.1740000000000002,1.5,0.75
12.08.2021 01:57:37.611,1.17404,1.17401,0.75,0.75
12.08.2021 01:57:37.763,1.17405,1.17401,1.12,0.75
12.08.2021 01:57:39.926,1.17405,1.17402,0.75,0.75
12.08.2021 01:57:42.669,1.17405,1.17401,0.75,1.57
12.08.2021 01:57:42.825,1.17406,1.17402,1.87,0.75
12.08.2021 01:57:42.977,1.17405,1.17401,0.75,1.57
12.08.2021 01:57:58.698,1.17401,1.17399,0.75,0.75
12.08.2021 01:57:58.799,1.17401,1.17398,0.75,0.75
12.08.2021 01:57:58.900,1.17401,1.1739700000000002,3.75,0.75
12.08.2021 01:58:06.371,1.17401,1.17398,0.75,0.75
12.08.2021 01:58:07.903,1.1740000000000002,1.17398,0.75,0.75
12.08.2021 01:58:14.999,1.1740000000000002,1.1739700000000002,0.75,0.75
12.08.2021 01:58:15.504,1.1740000000000002,1.1739600000000001,3.26,0.75
12.08.2021 01:58:15.605,1.17399,1.1739600000000001,0.75,0.75
12.08.2021 01:58:18.304,1.1740000000000002,1.1739600000000001,4.57,0.75
12.08.2021 01:58:30.925,1.17399,1.17395,4.5,0.75
12.08.2021 01:58:31.027,1.1739700000000002,1.1739600000000001,0.75,0.75
12.08.2021 01:58:31.128,1.17399,1.17395,2.25,0.75
12.08.2021 01:58:31.451,1.1740000000000002,1.1739600000000001,1.5,0.75
12.08.2021 01:58:33.817,1.17399,1.1739700000000002,1.5,0.75
12.08.2021 01:58:41.434,1.17401,1.1739700000000002,4.12,0.75
12.08.2021 01:58:49.286,1.1740000000000002,1.1739700000000002,0.75,0.75
12.08.2021 01:59:16.742,1.17401,1.1739700000000002,4.87,0.75
12.08.2021 01:59:19.653,1.1740000000000002,1.1739700000000002,0.75,0.75
12.08.2021 01:59:22.734,1.17401,1.17398,0.75,1.57
12.08.2021 01:59:22.836,1.17404,1.17401,0.75,0.75
12.08.2021 01:59:30.333,1.17405,1.17402,1.5,0.75
12.08.2021 01:59:31.748,1.17405,1.17401,1.5,0.75
12.08.2021 01:59:36.308,1.17405,1.17402,0.75,0.75
12.08.2021 01:59:36.705,1.17404,1.17401,0.75,0.75
12.08.2021 01:59:36.807,1.17403,1.1740000000000002,1.5,0.75
12.08.2021 01:59:41.547,1.17404,1.17401,0.75,0.75
12.08.2021 01:59:49.801,1.17402,1.17399,1.12,0.75
12.08.2021 01:59:54.308,1.17401,1.17398,0.75,0.75
12.08.2021 01:59:55.106,1.17403,1.17399,0.75,0.75
12.08.2021 01:59:55.208,1.17402,1.17399,1.5,0.75
12.08.2021 01:59:55.309,1.17402,1.17398,0.75,1.57
12.08.2021 01:59:56.798,1.17401,1.17398,0.75,0.75
12.08.2021 01:59:56.900,1.17402,1.17399,0.75,0.75
12.08.2021 01:59:57.898,1.17402,1.17398,0.75,1.2
12.08.2021 01:59:58.941,1.17401,1.1740000000000002,0.75,0.75
12.08.2021 02:00:00.210,1.17402,1.17398,1.31,0.75
12.08.2021 02:00:00.312,1.17401,1.17398,0.75,0.75
12.08.2021 02:00:00.565,1.17403,1.1740000000000002,0.75,0.75
12.08.2021 02:00:01.602,1.17402,1.17399,0.75,0.75
12.08.2021 02:00:01.704,1.17403,1.17399,1.5,0.75
12.08.2021 02:00:01.856,1.17402,1.17399,0.75,0.75
12.08.2021 02:00:02.865,1.17399,1.17398,0.75,0.75
12.08.2021 02:00:04.294,1.17399,1.1739600000000001,0.75,0.75
12.08.2021 02:00:07.378,1.17399,1.17395,0.75,0.75
12.08.2021 02:00:08.083,1.17399,1.1739600000000001,3,0.75
12.08.2021 02:00:15.104,1.17398,1.17394,1.5,0.75
12.08.2021 02:00:15.256,1.1739700000000002,1.17394,0.75,0.75
12.08.2021 02:00:15.408,1.17398,1.17395,0.75,0.75
12.08.2021 02:00:22.299,1.17398,1.1739700000000002,2.25,0.75
12.08.2021 02:00:23.313,1.17398,1.17395,0.75,0.75
12.08.2021 02:00:23.515,1.17398,1.17394,0.75,0.75
12.08.2021 02:00:25.803,1.1739700000000002,1.17394,0.75,0.75
12.08.2021 02:00:25.999,1.17398,1.17395,2.25,0.75
12.08.2021 02:00:29.719,1.1739600000000001,1.17394,0.75,1.57
12.08.2021 02:00:34.986,1.1739700000000002,1.17394,0.75,0.75
12.08.2021 02:00:35.252,1.17399,1.1739600000000001,0.75,0.75
12.08.2021 02:00:36.696,1.1740000000000002,1.1739600000000001,2.25,0.75
12.08.2021 02:00:47.972,1.17399,1.1739600000000001,0.75,0.75
12.08.2021 02:00:53.443,1.1739700000000002,1.17395,0.75,0.82
12.08.2021 02:00:59.336,1.17398,1.17395,0.75,1.95
12.08.2021 02:01:01.787,1.1739700000000002,1.17394,0.75,11.02
12.08.2021 02:01:01.889,1.1739700000000002,1.17394,0.75,4.01
12.08.2021 02:01:02.616,1.1739700000000002,1.17395,0.75,0.1
12.08.2021 02:01:12.309,1.17398,1.17395,0.75,0.9
12.08.2021 02:01:12.634,1.17398,1.1739600000000001,0.75,0.1
12.08.2021 02:01:12.736,1.17401,1.17398,0.75,0.37
12.08.2021 02:01:12.837,1.1740000000000002,1.1739700000000002,0.75,0.82
12.08.2021 02:01:13.299,1.1740000000000002,1.17398,0.75,0.37
12.08.2021 02:01:17.037,1.1740000000000002,1.17398,0.75,6.44
12.08.2021 02:01:17.139,1.17399,1.1739600000000001,0.75,3.45
12.08.2021 02:01:50.766,1.17398,1.1739600000000001,0.75,0.1
12.08.2021 02:01:55.156,1.17398,1.17395,0.75,4.09
12.08.2021 02:02:06.613,1.1739700000000002,1.17394,0.75,10.67
12.08.2021 02:02:06.765,1.17395,1.17393,0.75,1.95
12.08.2021 02:02:06.867,1.1739600000000001,1.17395,0.75,1.57
12.08.2021 02:02:07.153,1.1739600000000001,1.17394,0.75,0.1
12.08.2021 02:02:07.255,1.1739600000000001,1.17395,0.75,0.75
12.08.2021 02:02:07.356,1.17395,1.17393,0.75,1.2
12.08.2021 02:02:07.457,1.17395,1.17392,0.75,1.57
12.08.2021 02:02:30.338,1.17398,1.17395,0.82,0.75
12.08.2021 02:02:35.883,1.17398,1.1739600000000001,0.75,0.1
12.08.2021 02:02:35.984,1.17398,1.17395,0.75,2.32
12.08.2021 02:02:36.338,1.17399,1.1739600000000001,0.75,0.75
12.08.2021 02:02:46.524,1.1740000000000002,1.1739700000000002,0.75,0.82
12.08.2021 02:02:46.727,1.17401,1.17398,0.75,0.75
12.08.2021 02:02:50.637,1.1740000000000002,1.1739700000000002,0.75,0.82
12.08.2021 02:02:50.739,1.17398,1.17395,0.75,3.56
12.08.2021 02:03:03.920,1.1739600000000001,1.17394,0.75,0.1
12.08.2021 02:03:04.023,1.1739600000000001,1.17393,0.75,0.75
12.08.2021 02:03:04.177,1.17395,1.17392,0.75,0.82
12.08.2021 02:03:04.279,1.17394,1.17391,0.75,0.75
12.08.2021 02:03:10.510,1.17393,1.1739000000000002,0.75,0.82
12.08.2021 02:03:22.437,1.17394,1.1739000000000002,0.75,0.82
12.08.2021 02:03:33.359,1.17394,1.17391,0.75,0.1
12.08.2021 02:03:33.866,1.17395,1.17392,0.75,0.75
12.08.2021 02:03:42.016,1.17394,1.17392,0.75,1.01
12.08.2021 02:03:43.622,1.1739600000000001,1.17392,0.75,0.82
12.08.2021 02:03:43.723,1.17395,1.17392,0.75,0.82
12.08.2021 02:03:48.348,1.17394,1.17391,0.75,0.75
12.08.2021 02:04:13.638,1.17391,1.17389,0.75,5.62
12.08.2021 02:04:13.690,1.17389,1.17388,0.82,1.95
