Gmt time,Ask,Bid,AskVolume,BidVolume
17.08.2021 00:00:00.171,1.17778,1.1777600000000001,0.75,0.75
17.08.2021 00:00:00.978,1.17781,1.17774,8.59,3.36
17.08.2021 00:00:05.047,1.1777900000000001,1.17775,0.75,0.75
17.08.2021 00:01:16.105,1.17775,1.17773,0.75,5.47
17.08.2021 00:01:16.211,1.17774,1.17771,0.75,6.37
17.08.2021 00:01:17.399,1.17773,1.17771,0.75,2.7
17.08.2021 00:01:18.604,1.17772,1.17768,0.82,4.89
17.08.2021 00:01:18.706,1.1776900000000001,1.1776700000000002,0.75,1.2
17.08.2021 00:01:18.807,1.1776900000000001,1.1776600000000002,2.06,0.82
17.08.2021 00:01:18.858,1.1776600000000002,1.17764,0.75,5.17
17.08.2021 00:01:18.959,1.17764,1.17763,0.75,0.75
17.08.2021 00:01:21.979,1.17764,1.17761,0.75,0.82
17.08.2021 00:01:24.125,1.17763,1.17761,0.75,0.1
17.08.2021 00:01:38.775,1.1776700000000002,1.17764,4.28,1.2
17.08.2021 00:01:38.876,1.17768,1.17765,1.2,0.1
17.08.2021 00:01:38.927,1.1777,1.1776700000000002,8.25,0.45
17.08.2021 00:01:39.029,1.1776900000000001,1.1776700000000002,0.75,0.1
17.08.2021 00:01:39.130,1.1777,1.1776700000000002,0.75,0.1
17.08.2021 00:01:42.512,1.1776900000000001,1.1776600000000002,0.75,1.2
17.08.2021 00:01:42.990,1.17772,1.17768,0.82,0.75
17.08.2021 00:01:43.041,1.17773,1.1777,5.48,0.75
17.08.2021 00:01:45.251,1.17773,1.17771,0.75,0.1
17.08.2021 00:01:47.757,1.17774,1.17771,0.75,0.82
17.08.2021 00:02:00.055,1.17772,1.17771,0.75,0.75
17.08.2021 00:02:00.157,1.17772,1.17768,0.75,1.75
17.08.2021 00:02:00.209,1.1777,1.1776700000000002,0.75,0.25
17.08.2021 00:02:01.214,1.17773,1.1777,0.75,0.75
17.08.2021 00:02:01.671,1.17774,1.1777,0.75,0.82
17.08.2021 00:02:22.594,1.17774,1.17771,0.75,0.1
17.08.2021 00:02:30.967,1.17773,1.1777,0.75,1.87
17.08.2021 00:02:34.123,1.1777600000000001,1.17771,5.59,0.1
17.08.2021 00:02:35.590,1.17775,1.1777,0.1,0.63
17.08.2021 00:02:35.691,1.17773,1.1777,0.75,0.63
17.08.2021 00:02:35.893,1.17771,1.1777,1.5,2.32
17.08.2021 00:02:35.944,1.17771,1.17768,0.75,1.57
17.08.2021 00:02:36.046,1.17771,1.1776700000000002,0.1,12.22
17.08.2021 00:02:36.097,1.1776900000000001,1.1776700000000002,0.75,7.5
17.08.2021 00:02:36.198,1.1776900000000001,1.1776600000000002,0.75,0.1
17.08.2021 00:02:39.079,1.17768,1.1776600000000002,0.75,0.1
17.08.2021 00:02:43.027,1.17768,1.17765,0.75,0.63
17.08.2021 00:02:45.975,1.1776700000000002,1.17763,0.94,5.54
17.08.2021 00:02:46.077,1.1776700000000002,1.1776200000000001,0.82,0.82
17.08.2021 00:02:46.178,1.1776700000000002,1.17763,0.75,0.1
17.08.2021 00:02:51.406,1.1776600000000002,1.17763,0.75,0.1
17.08.2021 00:02:52.168,1.17764,1.1776200000000001,0.75,6.29
17.08.2021 00:02:52.269,1.17763,1.17761,0.75,0.1
17.08.2021 00:02:56.850,1.1776200000000001,1.1776,0.75,0.45
17.08.2021 00:02:58.436,1.1776200000000001,1.17758,0.75,0.1
17.08.2021 00:02:58.537,1.17759,1.1775700000000002,0.75,0.52
17.08.2021 00:02:59.464,1.17759,1.1775600000000002,0.75,1.87
17.08.2021 00:03:01.204,1.1776,1.17758,0.75,0.1
17.08.2021 00:03:01.307,1.17759,1.1775700000000002,0.75,0.1
17.08.2021 00:03:02.628,1.17759,1.1775600000000002,0.75,1.87
17.08.2021 00:03:03.914,1.17759,1.17755,0.75,5.43
17.08.2021 00:03:05.674,1.17758,1.1775600000000002,0.75,0.1
17.08.2021 00:03:07.408,1.17759,1.1775600000000002,0.75,0.82
17.08.2021 00:03:24.029,1.1776200000000001,1.17758,8.86,0.75
17.08.2021 00:03:24.080,1.17763,1.17761,5.56,0.75
17.08.2021 00:03:28.308,1.17765,1.17761,0.75,0.82
17.08.2021 00:03:30.665,1.1776600000000002,1.1776200000000001,1.69,1.2
17.08.2021 00:03:30.767,1.1776600000000002,1.17763,0.75,0.82
17.08.2021 00:03:31.275,1.1776700000000002,1.17764,0.75,0.75
17.08.2021 00:03:35.879,1.17768,1.17765,0.75,0.82
17.08.2021 00:03:35.981,1.1776900000000001,1.17765,0.75,0.82
17.08.2021 00:03:36.082,1.1776900000000001,1.1776600000000002,0.75,0.75
17.08.2021 00:03:42.235,1.1776700000000002,1.17763,0.75,7.12
17.08.2021 00:03:45.140,1.1776700000000002,1.17764,0.75,0.82
17.08.2021 00:03:45.495,1.17768,1.1776600000000002,0.75,0.75
17.08.2021 00:03:45.896,1.1776900000000001,1.1776600000000002,0.75,0.75
17.08.2021 00:03:45.997,1.1776900000000001,1.1776700000000002,2.89,0.75
17.08.2021 00:03:47.526,1.1777,1.1776700000000002,1.76,0.75
17.08.2021 00:04:06.936,1.1777,1.1776600000000002,0.75,0.82
17.08.2021 00:04:09.788,1.17771,1.17768,5.25,0.37
17.08.2021 00:04:09.889,1.17773,1.1776900000000001,4.5,0.82
17.08.2021 00:04:09.990,1.17774,1.1777,2.51,0.75
17.08.2021 00:04:10.142,1.17773,1.1777,0.19,0.75
17.08.2021 00:04:10.244,1.17773,1.1776900000000001,1.01,0.75
17.08.2021 00:04:10.295,1.17772,1.1776700000000002,0.82,0.82
17.08.2021 00:04:10.497,1.17771,1.1776700000000002,0.75,0.1
17.08.2021 00:04:17.980,1.1776900000000001,1.1776700000000002,0.75,0.1
17.08.2021 00:04:18.081,1.17772,1.1776600000000002,3.45,1.2
17.08.2021 00:04:18.182,1.1776700000000002,1.1776600000000002,0.75,1.5
17.08.2021 00:04:18.234,1.17765,1.17763,0.75,1.57
17.08.2021 00:04:18.336,1.17765,1.1776200000000001,0.75,0.52
17.08.2021 00:04:18.438,1.1776700000000002,1.1776200000000001,9.72,0.1
17.08.2021 00:04:20.248,1.1776700000000002,1.17761,5.51,0.1
17.08.2021 00:04:20.791,1.1776600000000002,1.17761,3,0.1
17.08.2021 00:04:20.942,1.17765,1.17761,0.19,0.1
17.08.2021 00:04:20.993,1.1776200000000001,1.17758,0.75,0.52
17.08.2021 00:04:21.207,1.1776200000000001,1.17759,0.75,0.1
17.08.2021 00:04:21.628,1.1776200000000001,1.17758,0.75,0.1
17.08.2021 00:04:21.729,1.1776,1.1775700000000002,0.75,4.87
17.08.2021 00:04:21.881,1.1776200000000001,1.17758,0.75,0.1
17.08.2021 00:04:22.386,1.17763,1.17758,10.84,0.1
17.08.2021 00:04:22.639,1.17759,1.1775700000000002,0.75,0.1
17.08.2021 00:04:22.740,1.17758,1.1775600000000002,0.75,0.1
17.08.2021 00:04:25.275,1.17759,1.1775600000000002,0.75,0.1
17.08.2021 00:04:25.377,1.1776200000000001,1.1775700000000002,3.75,0.82
17.08.2021 00:04:25.478,1.17761,1.17759,0.75,0.1
17.08.2021 00:04:29.103,1.1776200000000001,1.1776,0.75,0.1
17.08.2021 00:04:30.913,1.1776200000000001,1.17758,0.75,0.45
17.08.2021 00:04:37.386,1.1776,1.1775700000000002,0.75,1.95
17.08.2021 00:04:37.487,1.1776200000000001,1.1775700000000002,0.75,1.95
17.08.2021 00:04:43.044,1.1776,1.17758,0.75,1.2
17.08.2021 00:04:43.298,1.1776200000000001,1.1775700000000002,4.5,0.45
17.08.2021 00:04:43.399,1.17759,1.1775700000000002,0.75,0.45
17.08.2021 00:04:43.774,1.1776200000000001,1.1775700000000002,4.5,0.45
17.08.2021 00:04:44.868,1.1776,1.1775700000000002,0.75,0.1
17.08.2021 00:04:45.502,1.17761,1.17758,4.5,0.1
17.08.2021 00:04:51.409,1.17763,1.1776,0.75,0.1
17.08.2021 00:04:55.970,1.17761,1.17759,0.75,0.45
17.08.2021 00:04:56.072,1.1776,1.17758,0.75,0.1
17.08.2021 00:04:56.501,1.1776200000000001,1.17759,0.75,0.45
17.08.2021 00:05:00.460,1.17763,1.17759,0.75,0.1
17.08.2021 00:05:02.471,1.1776200000000001,1.17759,0.75,0.1
17.08.2021 00:05:04.580,1.1776200000000001,1.1776,0.75,0.1
17.08.2021 00:05:08.382,1.1776200000000001,1.17759,0.75,1.27
17.08.2021 00:05:08.484,1.1776200000000001,1.1776,0.75,0.1
17.08.2021 00:05:12.956,1.17765,1.17761,0.19,0.1
17.08.2021 00:05:13.058,1.1776600000000002,1.17761,4.31,0.1
17.08.2021 00:05:14.310,1.17763,1.17761,0.75,0.1
17.08.2021 00:05:35.321,1.17763,1.1776,0.75,0.75
17.08.2021 00:05:35.422,1.17763,1.17759,0.75,0.82
17.08.2021 00:05:39.031,1.1776200000000001,1.17759,0.75,0.1
17.08.2021 00:05:39.132,1.1776200000000001,1.17758,0.75,0.82
17.08.2021 00:05:48.213,1.1776200000000001,1.17759,0.75,0.1
17.08.2021 00:05:51.370,1.17761,1.17759,0.75,0.82
17.08.2021 00:05:57.767,1.1776,1.1775700000000002,0.75,1.95
17.08.2021 00:05:57.869,1.1776200000000001,1.1775700000000002,0.82,4.2
17.08.2021 00:05:58.273,1.1776200000000001,1.17758,0.75,0.1
17.08.2021 00:06:05.051,1.17761,1.1775700000000002,0.75,1.27
17.08.2021 00:06:05.153,1.1776,1.1775700000000002,0.75,0.1
17.08.2021 00:06:05.752,1.1776,1.1775600000000002,0.75,1.95
17.08.2021 00:06:16.255,1.17758,1.17755,0.75,5.62
17.08.2021 00:06:19.229,1.17761,1.1775600000000002,0.1,0.82
17.08.2021 00:06:20.031,1.17758,1.17755,0.75,1.57
17.08.2021 00:06:20.132,1.17758,1.17754,8.29,1.2
17.08.2021 00:06:20.234,1.17754,1.1775200000000001,0.75,8.32
17.08.2021 00:06:20.336,1.17755,1.17751,0.19,0.52
17.08.2021 00:06:20.437,1.1775200000000001,1.1775,0.75,0.45
17.08.2021 00:06:20.539,1.1775200000000001,1.17749,0.75,0.45
17.08.2021 00:06:20.641,1.17751,1.1774700000000002,0.19,0.1
17.08.2021 00:06:20.793,1.17748,1.1774600000000002,0.75,1.2
17.08.2021 00:06:21.205,1.17751,1.1774600000000002,0.26,0.82
17.08.2021 00:06:21.672,1.1775200000000001,1.17748,0.75,0.1
17.08.2021 00:06:21.774,1.17749,1.1774700000000002,0.75,0.82
17.08.2021 00:06:23.578,1.1775200000000001,1.17749,0.75,0.1
17.08.2021 00:06:31.521,1.17751,1.17749,0.75,0.1
17.08.2021 00:06:31.622,1.1775,1.1774700000000002,0.75,0.1
17.08.2021 00:06:31.723,1.1775200000000001,1.17749,0.75,0.82
17.08.2021 00:06:32.757,1.1775200000000001,1.1775,0.75,0.1
17.08.2021 00:06:53.588,1.17753,1.1775,0.75,0.1
17.08.2021 00:06:54.585,1.17751,1.17749,1.5,0.1
17.08.2021 00:06:54.637,1.17749,1.1774700000000002,0.75,14.99
17.08.2021 00:06:54.688,1.1775200000000001,1.17748,1.5,0.1
17.08.2021 00:06:55.468,1.17749,1.1774700000000002,0.75,0.82
17.08.2021 00:06:55.671,1.17749,1.1774600000000002,0.75,1.2
17.08.2021 00:06:58.869,1.17749,1.1774600000000002,0.75,1.2
17.08.2021 00:07:03.715,1.1775,1.17749,0.75,2.7
17.08.2021 00:07:03.766,1.17751,1.1775,0.75,0.82
17.08.2021 00:07:06.386,1.17751,1.17749,0.75,1.2
17.08.2021 00:07:06.740,1.1775200000000001,1.17748,0.75,0.1
17.08.2021 00:07:06.841,1.1775200000000001,1.17749,0.75,0.1
17.08.2021 00:07:22.707,1.1775200000000001,1.17748,0.75,0.82
17.08.2021 00:07:24.014,1.17751,1.17748,0.75,0.1
17.08.2021 00:07:24.219,1.1775,1.1774700000000002,0.75,0.82
17.08.2021 00:07:25.053,1.1775,1.1774600000000002,0.75,1.2
17.08.2021 00:07:25.154,1.17749,1.1774700000000002,0.75,1.2
17.08.2021 00:07:46.401,1.17749,1.17745,0.75,1
17.08.2021 00:07:46.503,1.17749,1.1774600000000002,0.75,0.1
17.08.2021 00:07:52.465,1.1775,1.1774600000000002,0.75,1.57
17.08.2021 00:07:59.834,1.17749,1.1774600000000002,0.75,0.82
17.08.2021 00:07:59.986,1.1775,1.1774600000000002,0.75,0.82
17.08.2021 00:08:00.138,1.17749,1.1774600000000002,0.75,0.1
17.08.2021 00:08:03.809,1.1775,1.1774600000000002,0.75,1.57
17.08.2021 00:08:06.259,1.1775,1.1774700000000002,0.75,0.1
17.08.2021 00:08:07.229,1.17749,1.1774700000000002,0.75,1.95
17.08.2021 00:08:10.272,1.1775200000000001,1.17749,4.28,1.2
17.08.2021 00:08:10.323,1.17754,1.1775,5.89,0.75
17.08.2021 00:08:12.280,1.17754,1.17751,0.75,0.1
17.08.2021 00:08:29.367,1.17755,1.17751,0.75,0.82
17.08.2021 00:08:40.175,1.1775600000000002,1.17754,3.75,0.1
17.08.2021 00:08:40.277,1.1775700000000002,1.1775200000000001,3.75,1.95
17.08.2021 00:08:40.378,1.17754,1.1775200000000001,0.75,1.95
17.08.2021 00:08:40.480,1.17755,1.17753,0.75,0.75
17.08.2021 00:08:40.531,1.1775700000000002,1.17755,0.75,1.57
17.08.2021 00:08:40.633,1.17759,1.17755,0.75,0.82
17.08.2021 00:08:41.189,1.17758,1.1775700000000002,0.75,0.1
17.08.2021 00:08:41.392,1.17759,1.1775700000000002,0.75,0.1
17.08.2021 00:08:41.494,1.17759,1.1775600000000002,0.75,0.1
17.08.2021 00:08:42.125,1.17759,1.1775700000000002,0.75,0.1
17.08.2021 00:08:42.277,1.17759,1.1775600000000002,0.75,1.57
17.08.2021 00:08:47.920,1.17758,1.17754,1.5,1.95
17.08.2021 00:08:47.971,1.17755,1.1775200000000001,0.75,0.82
17.08.2021 00:08:48.072,1.17755,1.17751,0.75,0.82
17.08.2021 00:08:51.233,1.17754,1.17751,0.75,0.1
17.08.2021 00:09:02.391,1.17755,1.17751,0.75,1.95
17.08.2021 00:09:03.584,1.17755,1.1775200000000001,0.75,0.1
17.08.2021 00:09:03.686,1.1775700000000002,1.17754,0.75,1.57
17.08.2021 00:09:03.787,1.17758,1.17755,0.75,0.1
17.08.2021 00:09:14.580,1.1775700000000002,1.17753,0.75,0.82
17.08.2021 00:09:16.948,1.17758,1.17754,0.75,2.32
17.08.2021 00:09:17.049,1.17759,1.17755,0.75,0.45
17.08.2021 00:09:17.151,1.17759,1.1775600000000002,0.75,0.1
17.08.2021 00:09:17.252,1.1776,1.1775600000000002,0.75,0.1
17.08.2021 00:09:22.808,1.1776,1.17755,1.69,1.38
17.08.2021 00:09:27.559,1.17759,1.17755,0.75,1.2
17.08.2021 00:09:41.292,1.17759,1.1775600000000002,0.75,0.1
17.08.2021 00:09:41.890,1.17759,1.17755,0.75,1.2
17.08.2021 00:09:42.725,1.17759,1.1775600000000002,0.75,0.1
17.08.2021 00:09:44.800,1.17759,1.17755,0.75,1.2
17.08.2021 00:09:49.094,1.17759,1.1775600000000002,0.75,0.1
17.08.2021 00:10:10.718,1.1776,1.1775600000000002,0.75,0.1
17.08.2021 00:10:15.400,1.17759,1.17758,0.75,0.1
17.08.2021 00:10:16.181,1.1776,1.1775600000000002,0.75,1.2
17.08.2021 00:10:47.171,1.17759,1.1775600000000002,0.75,0.1
17.08.2021 00:10:48.069,1.17759,1.17755,0.75,0.1
17.08.2021 00:11:09.072,1.1775700000000002,1.17754,0.75,0.1
17.08.2021 00:11:14.409,1.1775700000000002,1.17753,0.75,1.2
17.08.2021 00:11:14.573,1.1775700000000002,1.17754,0.75,0.1
17.08.2021 00:11:18.439,1.17758,1.17754,0.75,0.82
17.08.2021 00:11:18.540,1.17758,1.17755,0.75,0.1
17.08.2021 00:11:19.286,1.17759,1.17754,2.44,1.2
17.08.2021 00:11:19.388,1.17758,1.17754,0.75,0.45
17.08.2021 00:11:19.489,1.1775600000000002,1.17755,0.75,0.45
17.08.2021 00:11:22.602,1.1775700000000002,1.17753,0.75,1.2
17.08.2021 00:11:22.855,1.1775700000000002,1.17754,0.75,0.1
17.08.2021 00:11:23.006,1.1775700000000002,1.17753,0.75,0.1
17.08.2021 00:11:24.202,1.1775700000000002,1.1775200000000001,0.75,0.82
17.08.2021 00:11:24.766,1.1775600000000002,1.17753,0.75,0.1
17.08.2021 00:11:24.867,1.1775700000000002,1.17753,0.75,1.2
17.08.2021 00:11:26.134,1.1775600000000002,1.1775200000000001,0.75,0.1
17.08.2021 00:11:27.927,1.17754,1.17753,0.75,0.1
17.08.2021 00:11:28.034,1.17755,1.17751,0.75,1.2
17.08.2021 00:11:28.597,1.17754,1.17751,0.75,0.1
17.08.2021 00:11:35.981,1.1775600000000002,1.1775200000000001,5.22,0.82
17.08.2021 00:11:36.083,1.1775600000000002,1.17753,0.75,0.1
17.08.2021 00:11:36.184,1.1775700000000002,1.17754,0.75,0.45
17.08.2021 00:11:36.286,1.17758,1.17755,0.75,0.1
17.08.2021 00:11:36.388,1.17758,1.1775600000000002,1.69,0.45
17.08.2021 00:11:37.669,1.17759,1.17754,5.44,0.82
17.08.2021 00:11:37.771,1.1775700000000002,1.17754,0.75,0.1
17.08.2021 00:11:37.873,1.1775600000000002,1.17753,0.75,0.1
17.08.2021 00:11:39.145,1.17755,1.1775200000000001,0.75,0.1
17.08.2021 00:11:39.587,1.17755,1.17751,0.75,1.95
17.08.2021 00:11:52.719,1.1775600000000002,1.1775200000000001,1.69,0.75
17.08.2021 00:12:14.957,1.17755,1.17751,0.19,1.57
17.08.2021 00:12:33.824,1.17754,1.17751,0.19,0.75
17.08.2021 00:12:41.767,1.17755,1.17751,1.31,0.75
17.08.2021 00:12:44.030,1.17755,1.1775,1.39,0.75
17.08.2021 00:12:44.485,1.17755,1.17751,1.69,0.1
17.08.2021 00:12:44.813,1.17755,1.1775,1.69,6.67
17.08.2021 00:12:46.456,1.17755,1.17751,1.69,0.37
17.08.2021 00:12:46.761,1.17755,1.1775,1.69,2.13
17.08.2021 00:12:48.937,1.17754,1.1775,0.75,2.13
17.08.2021 00:13:04.460,1.17754,1.1775200000000001,0.75,0.75
17.08.2021 00:13:07.190,1.1775600000000002,1.17751,4.87,0.82
17.08.2021 00:13:07.311,1.1775600000000002,1.17753,0.75,0.75
17.08.2021 00:13:07.413,1.1775700000000002,1.17754,0.75,0.75
17.08.2021 00:13:07.515,1.1775700000000002,1.17753,0.75,0.75
17.08.2021 00:13:08.509,1.1775600000000002,1.17753,3,0.75
17.08.2021 00:13:08.623,1.1775700000000002,1.17753,5.62,0.75
17.08.2021 00:13:08.922,1.17754,1.1775200000000001,0.75,1
17.08.2021 00:13:10.405,1.17755,1.17753,0.75,0.75
17.08.2021 00:13:10.456,1.1775700000000002,1.17753,5.03,0.75
17.08.2021 00:13:11.398,1.1775700000000002,1.1775200000000001,5.44,0.82
17.08.2021 00:13:20.956,1.1775600000000002,1.1775200000000001,0.75,0.82
17.08.2021 00:13:28.168,1.1775700000000002,1.17753,2.06,0.75
17.08.2021 00:13:32.183,1.1775600000000002,1.1775200000000001,1.12,0.75
17.08.2021 00:13:43.101,1.17755,1.17751,0.75,1.2
17.08.2021 00:14:10.445,1.17755,1.1775200000000001,0.75,0.75
17.08.2021 00:14:10.575,1.1775600000000002,1.17753,1.57,0.75
17.08.2021 00:14:10.626,1.1775600000000002,1.17751,2.32,1.38
17.08.2021 00:14:25.275,1.17755,1.17751,0.82,0.75
17.08.2021 00:14:39.255,1.1775600000000002,1.17751,1.95,0.82
17.08.2021 00:14:39.957,1.17755,1.17751,0.75,0.82
17.08.2021 00:14:44.852,1.17754,1.17751,1.12,0.75
17.08.2021 00:14:44.903,1.1775200000000001,1.1775,2.7,5.92
17.08.2021 00:14:45.005,1.1775200000000001,1.17749,1.2,0.45
17.08.2021 00:14:45.056,1.17751,1.1774700000000002,0.75,8.51
17.08.2021 00:14:47.635,1.1775200000000001,1.17748,2.62,0.82
17.08.2021 00:14:47.737,1.1775200000000001,1.1774700000000002,5.7,0.82
17.08.2021 00:14:47.839,1.17751,1.1774700000000002,0.75,0.82
17.08.2021 00:14:55.663,1.1775200000000001,1.17748,1.5,1.2
17.08.2021 00:14:55.766,1.17753,1.17749,1.2,0.82
17.08.2021 00:15:00.987,1.17754,1.1775,4.57,0.75
17.08.2021 00:15:06.674,1.17753,1.17749,0.75,0.1
17.08.2021 00:15:10.410,1.17751,1.1774700000000002,0.75,4.79
17.08.2021 00:15:12.758,1.17751,1.17748,0.75,0.75
17.08.2021 00:15:12.860,1.1775200000000001,1.1774700000000002,0.82,2.69
17.08.2021 00:15:12.961,1.17751,1.1774700000000002,0.75,0.1
17.08.2021 00:15:13.063,1.1775200000000001,1.17748,0.75,0.82
17.08.2021 00:15:13.164,1.17753,1.17748,1.57,1
17.08.2021 00:15:13.266,1.17753,1.17749,0.75,0.1
17.08.2021 00:15:15.750,1.17751,1.1774700000000002,0.75,0.7
17.08.2021 00:15:21.655,1.1775,1.1774700000000002,0.75,0.1
17.08.2021 00:15:34.118,1.1775,1.17749,0.75,0.37
17.08.2021 00:15:34.220,1.17751,1.17748,0.75,0.45
17.08.2021 00:15:34.272,1.17753,1.17749,1.2,0.82
17.08.2021 00:15:34.439,1.17754,1.17749,3.82,1.2
17.08.2021 00:15:35.749,1.17754,1.1775,0.75,0.1
17.08.2021 00:15:50.665,1.17754,1.17751,0.75,0.1
17.08.2021 00:15:50.817,1.17755,1.1775,0.82,2.51
17.08.2021 00:15:50.934,1.17755,1.17751,0.75,0.1
17.08.2021 00:15:51.357,1.17753,1.17749,0.75,6.37
17.08.2021 00:15:51.459,1.17751,1.17749,0.75,1.2
17.08.2021 00:15:51.561,1.17751,1.1774700000000002,3.82,8.25
17.08.2021 00:15:51.814,1.17749,1.1774700000000002,0.75,0.1
17.08.2021 00:15:52.719,1.1775,1.17745,3.82,2.14
17.08.2021 00:15:59.571,1.17748,1.17744,0.82,0.75
17.08.2021 00:15:59.673,1.1774700000000002,1.17743,1.39,1.95
17.08.2021 00:15:59.774,1.1774600000000002,1.1774200000000001,0.75,0.82
17.08.2021 00:15:59.876,1.1774600000000002,1.17741,3.82,2.4
17.08.2021 00:15:59.977,1.17744,1.1774200000000001,0.75,1.95
17.08.2021 00:16:12.936,1.17745,1.1774,0.82,1.95
17.08.2021 00:16:24.787,1.17745,1.17741,0.75,0.82
17.08.2021 00:16:40.990,1.17745,1.1774,0.82,1.57
17.08.2021 00:16:46.486,1.17744,1.1774,0.75,0.82
17.08.2021 00:16:46.588,1.17745,1.17741,4.2,0.75
17.08.2021 00:16:46.690,1.17745,1.17743,1.87,0.1
17.08.2021 00:16:47.494,1.17745,1.17741,0.75,5.73
17.08.2021 00:16:59.494,1.17745,1.1774200000000001,0.75,0.75
17.08.2021 00:16:59.595,1.17749,1.17745,5.03,0.82
17.08.2021 00:16:59.646,1.17749,1.1774700000000002,0.75,0.75
17.08.2021 00:16:59.697,1.17751,1.1774700000000002,9,0.75
17.08.2021 00:17:00.204,1.17749,1.1774600000000002,1.5,0.75
17.08.2021 00:17:00.306,1.17749,1.17745,1.5,5.47
17.08.2021 00:17:00.407,1.17748,1.17744,0.75,0.75
17.08.2021 00:17:03.034,1.1774700000000002,1.17743,0.75,2.14
17.08.2021 00:17:03.439,1.1774700000000002,1.17744,0.75,0.1
17.08.2021 00:17:03.540,1.1774700000000002,1.17743,0.75,2.31
17.08.2021 00:17:03.743,1.17748,1.1774600000000002,4.87,0.75
17.08.2021 00:17:10.885,1.1775,1.1774600000000002,0.75,1.57
17.08.2021 00:17:17.638,1.17751,1.1774700000000002,3.75,0.75
17.08.2021 00:17:21.981,1.17753,1.17749,10.92,0.75
17.08.2021 00:17:22.083,1.1775200000000001,1.17748,3.94,0.75
17.08.2021 00:17:24.449,1.17751,1.17748,3,0.75
17.08.2021 00:17:26.477,1.1775200000000001,1.17748,5.14,0.75
17.08.2021 00:17:34.334,1.17751,1.17748,3,0.75
17.08.2021 00:17:40.572,1.17751,1.1774700000000002,3.75,0.75
17.08.2021 00:17:49.356,1.1775,1.1774700000000002,3,0.75
17.08.2021 00:17:51.414,1.1775,1.1774600000000002,3,0.75
17.08.2021 00:18:07.012,1.17751,1.1774600000000002,4.39,0.75
17.08.2021 00:18:07.747,1.1775,1.1774600000000002,3,0.75
17.08.2021 00:18:11.900,1.17751,1.1774600000000002,4.31,0.82
17.08.2021 00:18:12.002,1.17751,1.1774700000000002,0.75,0.93
17.08.2021 00:18:12.103,1.1775200000000001,1.17751,0.45,0.75
17.08.2021 00:18:12.205,1.17753,1.17748,10.27,0.75
17.08.2021 00:18:12.413,1.1775200000000001,1.17748,0.37,0.75
17.08.2021 00:18:13.770,1.17754,1.1775,7.36,0.75
17.08.2021 00:18:13.973,1.17755,1.1775,4.69,0.82
17.08.2021 00:18:14.227,1.17755,1.17751,3.75,0.75
17.08.2021 00:18:14.430,1.1775600000000002,1.17751,7.39,0.75
17.08.2021 00:18:23.352,1.17754,1.1775200000000001,0.75,0.82
17.08.2021 00:18:23.476,1.1775600000000002,1.17751,5.81,0.82
17.08.2021 00:18:34.053,1.1775700000000002,1.1775200000000001,1.87,1.95
17.08.2021 00:18:41.408,1.17759,1.17755,1.2,0.75
17.08.2021 00:18:41.611,1.1776,1.17755,6.34,0.75
17.08.2021 00:18:41.764,1.17759,1.17755,0.94,0.75
17.08.2021 00:18:41.915,1.17758,1.17754,0.19,0.75
17.08.2021 00:18:44.048,1.17759,1.17755,5.44,0.75
17.08.2021 00:18:44.149,1.17758,1.17754,3,0.75
17.08.2021 00:18:44.352,1.17758,1.17755,5.89,0.75
17.08.2021 00:18:44.453,1.17758,1.17754,3,0.75
17.08.2021 00:18:44.555,1.17759,1.17754,5.89,0.75
17.08.2021 00:18:46.168,1.17758,1.17754,3,0.75
17.08.2021 00:19:00.194,1.17759,1.17754,5.59,0.75
17.08.2021 00:19:00.314,1.17758,1.17755,3,0.75
17.08.2021 00:19:00.416,1.1776,1.1775600000000002,4.39,0.75
17.08.2021 00:19:01.367,1.17761,1.1775600000000002,6.64,0.75
17.08.2021 00:19:04.455,1.17761,1.1775700000000002,1.12,0.75
17.08.2021 00:19:07.129,1.1776200000000001,1.17758,1.87,0.75
17.08.2021 00:19:07.231,1.17763,1.17758,8.89,0.82
17.08.2021 00:19:10.194,1.1776200000000001,1.17758,4.95,0.75
17.08.2021 00:19:10.397,1.17763,1.17758,12.61,0.82
17.08.2021 00:19:12.125,1.1776200000000001,1.17758,0.37,0.75
17.08.2021 00:19:12.378,1.17763,1.17758,7.2,0.82
17.08.2021 00:19:15.189,1.17763,1.17759,3,0.82
17.08.2021 00:19:17.250,1.1776200000000001,1.17758,1.31,0.75
17.08.2021 00:19:17.452,1.17763,1.17758,8.77,0.75
17.08.2021 00:19:34.752,1.1776200000000001,1.1775700000000002,3.75,0.82
17.08.2021 00:19:34.904,1.17761,1.1775700000000002,0.75,0.82
17.08.2021 00:19:37.043,1.17761,1.1775600000000002,5.25,0.82
17.08.2021 00:19:37.297,1.17758,1.17754,1.12,5.47
17.08.2021 00:19:37.450,1.1775700000000002,1.17754,3.19,0.75
17.08.2021 00:19:42.002,1.1775700000000002,1.17753,4.31,0.75
17.08.2021 00:19:42.104,1.17758,1.17755,6.23,3.45
17.08.2021 00:19:42.154,1.17759,1.1775600000000002,0.45,0.75
17.08.2021 00:19:42.256,1.17761,1.17758,4.28,0.75
17.08.2021 00:19:42.358,1.1776200000000001,1.1775700000000002,8.14,1.5
17.08.2021 00:19:42.459,1.1776200000000001,1.17758,0.37,0.75
17.08.2021 00:19:42.913,1.17763,1.17758,4.87,1.76
17.08.2021 00:19:43.015,1.17764,1.1776,4.28,0.82
17.08.2021 00:19:43.116,1.17764,1.1776200000000001,0.75,0.1
17.08.2021 00:19:44.575,1.1776600000000002,1.17761,5.06,0.82
17.08.2021 00:19:45.236,1.1776600000000002,1.1776200000000001,4.31,0.75
17.08.2021 00:19:45.337,1.1776700000000002,1.1776200000000001,4.31,0.82
17.08.2021 00:19:48.937,1.1776700000000002,1.17763,1.12,0.75
17.08.2021 00:20:07.317,1.1776600000000002,1.17764,3.37,0.75
17.08.2021 00:20:08.242,1.1776700000000002,1.17763,5.14,0.75
17.08.2021 00:20:12.404,1.1776600000000002,1.17763,3,0.75
17.08.2021 00:20:13.356,1.1776700000000002,1.17763,5.14,0.75
17.08.2021 00:20:13.508,1.1776700000000002,1.17764,3.45,0.75
17.08.2021 00:20:25.220,1.17765,1.17764,0.1,0.75
17.08.2021 00:20:57.042,1.17763,1.1776,0.37,0.75
17.08.2021 00:20:57.144,1.1776200000000001,1.1776,0.1,0.75
17.08.2021 00:20:57.245,1.1776200000000001,1.17759,3.45,0.75
17.08.2021 00:21:16.343,1.1776200000000001,1.1776,8.86,0.75
17.08.2021 00:21:16.445,1.17764,1.1776,5.21,0.75
17.08.2021 00:21:16.546,1.17765,1.17761,1.57,0.75
17.08.2021 00:21:16.648,1.17765,1.1776200000000001,1.01,0.75
17.08.2021 00:21:25.108,1.17765,1.17763,0.19,0.75
17.08.2021 00:21:26.400,1.17765,1.1776200000000001,0.19,0.75
17.08.2021 00:21:28.263,1.17765,1.17763,0.19,0.75
17.08.2021 00:21:38.491,1.17764,1.1776200000000001,0.75,0.75
17.08.2021 00:21:38.643,1.17763,1.1776,1.76,0.75
17.08.2021 00:21:38.744,1.1776200000000001,1.17759,3.56,0.75
17.08.2021 00:22:04.595,1.1776,1.17759,0.1,0.75
17.08.2021 00:22:06.582,1.1776,1.17758,0.1,0.75
17.08.2021 00:22:18.170,1.17761,1.17758,0.82,0.75
17.08.2021 00:22:18.373,1.1776200000000001,1.17759,0.45,0.75
17.08.2021 00:22:18.424,1.17764,1.17761,7.36,0.75
17.08.2021 00:22:18.525,1.17765,1.17761,1.57,0.75
17.08.2021 00:22:18.627,1.17765,1.1776200000000001,0.82,0.75
17.08.2021 00:22:19.436,1.17765,1.17763,0.82,0.75
17.08.2021 00:22:37.077,1.17765,1.1776200000000001,0.1,0.75
17.08.2021 00:23:11.034,1.17765,1.17763,0.1,0.75
17.08.2021 00:23:11.962,1.1776600000000002,1.17763,0.1,0.75
17.08.2021 00:23:12.618,1.1776600000000002,1.17764,0.1,0.75
17.08.2021 00:23:22.852,1.1776700000000002,1.17765,0.1,0.75
17.08.2021 00:23:22.953,1.1776700000000002,1.17764,2.06,0.75
17.08.2021 00:24:00.649,1.1776700000000002,1.17763,4.84,0.75
17.08.2021 00:24:01.513,1.1776600000000002,1.17763,0.1,0.75
17.08.2021 00:24:09.564,1.1776600000000002,1.1776200000000001,0.1,0.75
17.08.2021 00:24:17.156,1.1776700000000002,1.1776200000000001,9.68,0.75
17.08.2021 00:24:27.875,1.1776700000000002,1.17763,5.41,0.75
17.08.2021 00:25:25.227,1.17765,1.17761,0.1,0.82
17.08.2021 00:25:48.059,1.17764,1.17761,0.1,0.75
17.08.2021 00:25:48.110,1.17763,1.17759,1.28,0.82
17.08.2021 00:25:48.212,1.1776200000000001,1.17758,0.45,2.02
17.08.2021 00:25:48.316,1.17761,1.1775700000000002,1.09,0.82
17.08.2021 00:25:48.417,1.1776,1.1775700000000002,0.1,0.75
17.08.2021 00:25:48.569,1.17759,1.1775700000000002,0.9,0.82
17.08.2021 00:25:48.671,1.17759,1.17755,1.57,0.82
17.08.2021 00:26:00.978,1.1775700000000002,1.1775600000000002,0.45,0.75
17.08.2021 00:26:02.341,1.17758,1.1775600000000002,0.1,0.75
17.08.2021 00:26:16.898,1.17759,1.1775600000000002,0.1,0.75
17.08.2021 00:26:16.949,1.17761,1.1775700000000002,0.26,0.82
17.08.2021 00:26:21.948,1.17761,1.17758,0.1,0.75
17.08.2021 00:26:52.757,1.1776,1.17758,0.1,0.82
17.08.2021 00:26:59.202,1.1776,1.1775600000000002,0.1,1.68
17.08.2021 00:27:00.312,1.17761,1.1775600000000002,1.46,1.75
17.08.2021 00:27:00.616,1.17761,1.1775700000000002,0.52,0.75
17.08.2021 00:27:01.948,1.1776,1.1775700000000002,0.1,0.75
17.08.2021 00:27:04.231,1.17761,1.1775700000000002,0.9,0.75
17.08.2021 00:27:04.434,1.1776200000000001,1.1775700000000002,4.65,0.82
17.08.2021 00:27:04.637,1.17761,1.1775700000000002,0.45,0.82
17.08.2021 00:27:17.466,1.1776,1.1775700000000002,0.45,0.75
17.08.2021 00:27:18.577,1.17758,1.17754,1.2,1.68
17.08.2021 00:27:18.680,1.17759,1.17754,2.14,0.82
17.08.2021 00:27:18.782,1.17758,1.17754,1.2,0.75
17.08.2021 00:27:23.492,1.17758,1.17753,2.02,3.25
17.08.2021 00:27:23.543,1.17758,1.1775600000000002,0.45,0.75
17.08.2021 00:27:23.646,1.17758,1.17755,0.45,0.75
17.08.2021 00:27:23.747,1.17758,1.17754,1.76,1.5
17.08.2021 00:27:23.849,1.17758,1.17753,2.51,1.57
17.08.2021 00:27:25.063,1.17758,1.17755,0.45,0.75
17.08.2021 00:27:25.165,1.17759,1.17755,0.71,0.75
17.08.2021 00:27:25.268,1.1775700000000002,1.17755,1.57,1.5
17.08.2021 00:27:27.535,1.1775600000000002,1.1775200000000001,0.1,0.75
17.08.2021 00:27:27.790,1.1775600000000002,1.17751,4.46,1.57
17.08.2021 00:27:27.891,1.17754,1.1775200000000001,1.27,0.75
17.08.2021 00:27:28.043,1.1775600000000002,1.17751,5.77,0.82
17.08.2021 00:27:28.246,1.17755,1.17751,0.45,0.82
17.08.2021 00:27:28.450,1.1775600000000002,1.17751,1.65,1
17.08.2021 00:27:29.924,1.1775600000000002,1.1775200000000001,0.1,0.75
17.08.2021 00:27:30.026,1.1775700000000002,1.1775200000000001,2.02,1.75
17.08.2021 00:27:30.520,1.1775600000000002,1.1775200000000001,0.1,1.5
17.08.2021 00:27:37.828,1.17753,1.17751,0.75,12.48
17.08.2021 00:27:39.809,1.1775600000000002,1.1775200000000001,0.1,0.75
17.08.2021 00:27:39.937,1.17754,1.17751,0.75,0.1
17.08.2021 00:27:43.230,1.17755,1.1775200000000001,0.75,1
17.08.2021 00:27:43.956,1.17754,1.1775200000000001,0.75,0.82
17.08.2021 00:27:47.241,1.1775600000000002,1.17754,0.75,0.1
17.08.2021 00:27:47.343,1.1775700000000002,1.17755,0.75,0.1
17.08.2021 00:27:47.444,1.17758,1.1775600000000002,0.75,0.1
17.08.2021 00:27:47.546,1.17758,1.17755,0.75,0.45
17.08.2021 00:27:50.474,1.1776,1.1775600000000002,0.1,0.18
17.08.2021 00:27:51.017,1.17758,1.17755,0.75,0.63
17.08.2021 00:27:56.002,1.17759,1.17755,0.45,0.18
17.08.2021 00:27:56.053,1.17755,1.17753,0.75,5.72
17.08.2021 00:27:56.154,1.17755,1.1775200000000001,0.75,0.82
17.08.2021 00:27:57.925,1.17755,1.1775200000000001,0.75,0.82
17.08.2021 00:28:00.888,1.1775700000000002,1.1775200000000001,0.45,1
17.08.2021 00:28:01.123,1.17755,1.1775200000000001,0.75,1
17.08.2021 00:28:03.293,1.1775600000000002,1.17753,0.75,3.45
17.08.2021 00:28:03.395,1.17758,1.17755,0.75,0.1
17.08.2021 00:28:06.178,1.17758,1.1775700000000002,0.75,0.1
17.08.2021 00:28:46.643,1.1776,1.1775600000000002,0.82,1.5
17.08.2021 00:28:46.845,1.1776,1.1775700000000002,0.75,0.94
17.08.2021 00:28:46.896,1.17763,1.17759,1.27,1.31
17.08.2021 00:28:46.997,1.17763,1.1776,1.2,0.75
17.08.2021 00:28:47.099,1.17764,1.1776,0.75,1.31
17.08.2021 00:28:47.648,1.17765,1.1776,0.82,1.87
17.08.2021 00:28:48.688,1.17765,1.17761,0.82,0.18
17.08.2021 00:28:49.553,1.17765,1.1776,0.82,3.56
17.08.2021 00:28:49.942,1.17765,1.17761,0.82,0.18
17.08.2021 00:28:56.151,1.17765,1.1776,0.82,4.31
17.08.2021 00:29:00.804,1.17765,1.17761,0.82,0.18
17.08.2021 00:29:03.158,1.17765,1.1776,0.82,2.8
17.08.2021 00:29:09.437,1.17765,1.17761,0.75,0.75
17.08.2021 00:29:09.539,1.1776600000000002,1.17764,0.82,0.18
17.08.2021 00:29:09.590,1.1776600000000002,1.17761,0.82,7.71
17.08.2021 00:29:09.843,1.1776600000000002,1.1776200000000001,0.1,1.86
17.08.2021 00:29:09.944,1.1776600000000002,1.17761,0.82,8.46
17.08.2021 00:29:13.439,1.17765,1.17761,0.82,2.43
17.08.2021 00:29:18.263,1.17764,1.17761,0.75,0.93
17.08.2021 00:29:19.604,1.17764,1.1776,0.75,7.52
17.08.2021 00:29:19.807,1.17764,1.17759,0.82,4.19
17.08.2021 00:29:20.806,1.17764,1.1776,0.82,0.18
17.08.2021 00:29:25.647,1.17763,1.17759,0.82,1.5
17.08.2021 00:29:25.748,1.17763,1.17758,0.82,8.53
17.08.2021 00:29:26.256,1.17764,1.17759,0.82,4.94
17.08.2021 00:29:26.358,1.17764,1.1776,0.82,0.75
17.08.2021 00:29:46.954,1.17765,1.1776,0.82,6.78
17.08.2021 00:29:47.329,1.17765,1.17761,0.82,0.18
17.08.2021 00:29:50.501,1.17765,1.1776,0.82,6.78
17.08.2021 00:29:55.059,1.17765,1.17761,0.82,0.93
17.08.2021 00:30:07.453,1.1776600000000002,1.17761,0.82,2.24
17.08.2021 00:30:07.676,1.17765,1.17761,0.75,9.21
17.08.2021 00:30:07.930,1.17765,1.1776200000000001,0.82,0.18
17.08.2021 00:30:11.848,1.17765,1.1776,0.82,4.49
17.08.2021 00:30:12.840,1.17764,1.1776,0.75,3.74
17.08.2021 00:30:13.195,1.17764,1.17761,0.75,0.18
17.08.2021 00:30:13.772,1.17764,1.1776,0.75,3.74
17.08.2021 00:30:14.058,1.17764,1.17761,0.75,0.18
17.08.2021 00:30:25.542,1.17764,1.1776,0.75,3.74
17.08.2021 00:30:26.229,1.17764,1.17761,0.75,0.18
17.08.2021 00:30:27.761,1.17764,1.1776,0.75,8.46
17.08.2021 00:30:28.168,1.17765,1.1776200000000001,0.1,0.18
17.08.2021 00:30:31.172,1.17764,1.1776,0.75,8.28
17.08.2021 00:30:33.436,1.17764,1.17761,0.75,0.18
17.08.2021 00:30:37.881,1.17763,1.17759,1.95,5.47
17.08.2021 00:30:37.982,1.1776200000000001,1.17758,0.75,2.32
17.08.2021 00:30:41.441,1.17763,1.1776,0.75,0.75
17.08.2021 00:30:42.160,1.17764,1.1776,0.82,1.5
17.08.2021 00:30:46.544,1.1776200000000001,1.17759,1.95,6.67
17.08.2021 00:30:46.747,1.1776200000000001,1.17758,0.82,2.05
17.08.2021 00:30:48.172,1.1776200000000001,1.17759,0.75,1.12
17.08.2021 00:30:48.273,1.17763,1.17759,0.75,0.82
17.08.2021 00:30:53.759,1.1776200000000001,1.17758,0.82,2.25
17.08.2021 00:30:54.135,1.17763,1.17759,0.82,0.75
17.08.2021 00:30:54.288,1.17764,1.17759,0.82,3.25
17.08.2021 00:30:58.772,1.1776200000000001,1.17758,0.82,0.75
17.08.2021 00:30:58.924,1.1776200000000001,1.1775700000000002,0.82,2.31
17.08.2021 00:30:59.026,1.17761,1.1775700000000002,0.75,1.57
17.08.2021 00:31:20.763,1.1776,1.1775600000000002,0.75,0.93
17.08.2021 00:31:37.863,1.1776,1.1775700000000002,0.75,0.75
17.08.2021 00:31:37.915,1.17761,1.17758,1.2,2.44
17.08.2021 00:31:38.016,1.1776200000000001,1.17758,0.75,2.89
17.08.2021 00:31:38.118,1.1776,1.17758,0.75,4.97
17.08.2021 00:31:38.219,1.1776,1.1775700000000002,0.75,6.39
17.08.2021 00:31:38.320,1.1776,1.1775600000000002,0.75,1.68
17.08.2021 00:31:43.725,1.1776,1.17755,0.75,2.99
17.08.2021 00:31:45.829,1.17759,1.17755,0.75,2.99
17.08.2021 00:31:55.660,1.17759,1.1775600000000002,0.75,0.18
17.08.2021 00:31:55.761,1.17758,1.1775600000000002,0.75,8.83
17.08.2021 00:31:55.862,1.17759,1.1775600000000002,0.75,0.18
17.08.2021 00:31:56.787,1.17758,1.1775600000000002,0.75,8.83
17.08.2021 00:31:57.509,1.17759,1.1775600000000002,0.75,0.18
17.08.2021 00:32:00.455,1.17759,1.17755,0.75,8.08
17.08.2021 00:32:01.581,1.17759,1.1775600000000002,0.75,0.18
17.08.2021 00:32:01.883,1.17759,1.17755,0.75,2.99
17.08.2021 00:32:02.087,1.17758,1.1775700000000002,0.75,0.18
17.08.2021 00:32:02.290,1.17759,1.17755,0.75,2.99
17.08.2021 00:32:05.030,1.17758,1.17755,1.95,4.72
17.08.2021 00:32:05.132,1.1775700000000002,1.17754,0.75,0.75
17.08.2021 00:32:05.234,1.1775700000000002,1.17753,4.27,0.75
17.08.2021 00:32:09.936,1.1775600000000002,1.1775200000000001,0.75,1.5
17.08.2021 00:32:24.083,1.1775700000000002,1.17754,0.45,1.68
17.08.2021 00:32:24.286,1.17758,1.17754,0.75,7.33
17.08.2021 00:32:26.132,1.17759,1.17754,0.82,2.61
17.08.2021 00:32:27.898,1.17759,1.17755,0.75,0.37
17.08.2021 00:32:38.136,1.1775700000000002,1.17753,0.82,4.72
17.08.2021 00:32:38.238,1.1775600000000002,1.1775200000000001,0.75,9.63
17.08.2021 00:32:43.124,1.1775600000000002,1.17754,0.75,0.75
17.08.2021 00:32:43.175,1.17758,1.17754,4.2,0.75
17.08.2021 00:32:43.329,1.17759,1.17754,0.75,3.18
17.08.2021 00:32:43.431,1.17759,1.17755,0.75,0.75
17.08.2021 00:32:44.509,1.17758,1.17754,0.75,2.05
17.08.2021 00:32:44.663,1.17758,1.1775600000000002,0.75,0.93
17.08.2021 00:32:48.125,1.1775700000000002,1.17753,0.75,2.99
17.08.2021 00:32:48.227,1.17755,1.1775200000000001,0.75,0.36
17.08.2021 00:32:48.328,1.17755,1.17751,0.75,9.93
17.08.2021 00:33:02.712,1.17755,1.1775200000000001,0.75,0.75
17.08.2021 00:33:02.813,1.1775600000000002,1.1775200000000001,0.75,0.75
17.08.2021 00:33:07.941,1.17754,1.17751,0.75,1.5
17.08.2021 00:33:08.244,1.17755,1.17751,0.75,1.68
17.08.2021 00:33:23.706,1.17754,1.1775,0.75,2.8
17.08.2021 00:33:36.909,1.17753,1.17749,0.82,5.64
17.08.2021 00:33:37.062,1.17753,1.1775,0.75,0.37
17.08.2021 00:33:37.165,1.17754,1.1775,0.75,0.37
17.08.2021 00:33:42.702,1.17754,1.17751,0.75,4.72
17.08.2021 00:33:42.804,1.17754,1.1775,0.75,2.13
17.08.2021 00:33:47.431,1.17754,1.17751,0.75,1.87
17.08.2021 00:33:47.844,1.1775600000000002,1.17751,3.82,3.37
17.08.2021 00:33:58.806,1.1775600000000002,1.1775200000000001,0.75,1.68
17.08.2021 00:33:58.958,1.17755,1.17751,0.75,8.46
17.08.2021 00:35:06.937,1.17753,1.17751,0.75,3.56
17.08.2021 00:35:08.541,1.17755,1.17751,0.75,0.75
17.08.2021 00:35:20.251,1.1775700000000002,1.17753,4.95,1.5
17.08.2021 00:35:20.353,1.1775700000000002,1.17755,1.2,2.43
17.08.2021 00:35:20.455,1.17758,1.17754,0.75,2.43
17.08.2021 00:35:21.662,1.17759,1.17755,1.5,0.75
17.08.2021 00:35:24.986,1.1776,1.1775600000000002,0.82,0.75
17.08.2021 00:35:27.627,1.17759,1.17755,0.75,0.75
17.08.2021 00:35:36.814,1.1776,1.1775600000000002,0.82,0.75
17.08.2021 00:35:37.060,1.1776200000000001,1.17758,6.23,0.75
17.08.2021 00:35:39.544,1.17761,1.1775700000000002,0.75,0.75
17.08.2021 00:35:46.176,1.1776,1.1775700000000002,0.1,0.75
17.08.2021 00:35:47.693,1.1776,1.1775600000000002,0.82,1.5
17.08.2021 00:36:53.161,1.17759,1.17755,0.75,6.4
17.08.2021 00:36:53.314,1.1775700000000002,1.17754,0.75,4.9
17.08.2021 00:36:53.416,1.1775700000000002,1.17753,3.75,0.75
17.08.2021 00:36:53.518,1.17755,1.1775200000000001,0.75,0.19
17.08.2021 00:37:13.405,1.1775600000000002,1.1775200000000001,0.82,0.94
17.08.2021 00:37:29.531,1.17755,1.17751,0.75,1.69
17.08.2021 00:37:46.828,1.17754,1.1775,0.75,2.24
17.08.2021 00:37:48.635,1.1775200000000001,1.17748,0.75,1.86
17.08.2021 00:37:52.165,1.1775200000000001,1.17751,0.75,0.19
17.08.2021 00:37:52.267,1.17753,1.17751,0.75,0.19
17.08.2021 00:37:52.369,1.17754,1.17751,0.75,0.19
17.08.2021 00:38:00.641,1.17755,1.17751,0.75,0.94
17.08.2021 00:38:14.043,1.17754,1.17751,0.75,0.18
17.08.2021 00:38:14.144,1.17754,1.1775,0.75,2.24
17.08.2021 00:38:14.536,1.17754,1.17751,0.75,0.19
17.08.2021 00:38:18.936,1.17755,1.17751,0.75,0.94
17.08.2021 00:38:44.401,1.17754,1.17751,0.75,0.75
17.08.2021 00:38:50.132,1.17751,1.17749,0.82,4.72
17.08.2021 00:38:50.234,1.1775,1.1774700000000002,0.82,7.5
17.08.2021 00:38:50.386,1.17748,1.17744,1.57,0.75
17.08.2021 00:38:50.488,1.1774600000000002,1.17743,0.75,0.19
17.08.2021 00:38:50.945,1.1774700000000002,1.17743,0.75,2.99
17.08.2021 00:38:51.047,1.17748,1.17744,0.82,0.94
17.08.2021 00:38:51.148,1.17748,1.17745,0.75,0.19
17.08.2021 00:38:51.249,1.17749,1.17745,0.82,0.94
17.08.2021 00:38:55.878,1.1775,1.1774600000000002,0.75,1.69
17.08.2021 00:38:55.980,1.1775,1.1774700000000002,0.75,0.19
17.08.2021 00:38:56.082,1.17751,1.1774700000000002,0.75,1.69
17.08.2021 00:39:02.730,1.1775,1.1774600000000002,0.82,0.94
17.08.2021 00:39:06.942,1.17751,1.17749,0.1,0.75
17.08.2021 00:39:07.043,1.1775200000000001,1.17749,1.27,0.75
17.08.2021 00:39:07.094,1.17754,1.1775,1.27,0.75
17.08.2021 00:39:09.417,1.1775200000000001,1.1775,2.14,0.75
17.08.2021 00:39:09.469,1.1775200000000001,1.17748,0.82,5.65
17.08.2021 00:39:09.649,1.17751,1.17748,0.75,0.19
17.08.2021 00:39:13.791,1.17754,1.1775,1.27,0.94
17.08.2021 00:39:17.191,1.17754,1.17751,0.1,0.75
17.08.2021 00:39:18.525,1.17755,1.17751,0.82,0.75
17.08.2021 00:39:39.953,1.17754,1.17751,0.75,0.75
17.08.2021 00:39:41.551,1.17755,1.17751,0.82,0.75
17.08.2021 00:39:49.336,1.17754,1.1775,0.75,2.61
17.08.2021 00:39:51.675,1.1775200000000001,1.17751,1.87,0.19
17.08.2021 00:39:51.777,1.17753,1.17749,1.95,0.75
17.08.2021 00:39:51.879,1.1775200000000001,1.17748,0.82,0.75
17.08.2021 00:39:56.586,1.17753,1.17749,1.2,3.18
17.08.2021 00:39:56.688,1.17754,1.1775,0.75,0.75
17.08.2021 00:39:56.789,1.17753,1.1775200000000001,0.75,0.75
17.08.2021 00:40:17.286,1.17755,1.17751,0.75,0.94
17.08.2021 00:40:17.461,1.1775600000000002,1.1775200000000001,1.12,0.75
17.08.2021 00:40:17.564,1.17755,1.17754,0.75,2.81
17.08.2021 00:40:17.666,1.17759,1.17755,1.57,0.75
17.08.2021 00:40:21.937,1.17758,1.1775700000000002,0.75,0.75
17.08.2021 00:40:26.314,1.1775600000000002,1.17755,0.75,4.72
17.08.2021 00:40:26.415,1.1775700000000002,1.17753,0.82,0.94
17.08.2021 00:40:28.052,1.17758,1.17754,4.2,1.69
17.08.2021 00:40:28.407,1.17758,1.1775600000000002,0.75,1.69
17.08.2021 00:40:33.937,1.17759,1.1775600000000002,0.75,0.75
17.08.2021 00:40:43.767,1.1776,1.1775600000000002,0.75,1.69
17.08.2021 00:40:45.706,1.17759,1.1775600000000002,0.75,1.5
17.08.2021 00:40:59.680,1.17759,1.1775700000000002,0.82,0.75
17.08.2021 00:41:05.811,1.17759,1.1775600000000002,0.75,0.75
17.08.2021 00:41:05.964,1.17759,1.17755,0.82,0.75
17.08.2021 00:41:06.217,1.17758,1.17754,3.82,0.75
17.08.2021 00:41:06.965,1.17758,1.1775600000000002,0.75,0.94
17.08.2021 00:41:07.017,1.1776,1.1775700000000002,5.03,0.75
17.08.2021 00:41:09.367,1.1776,1.1775600000000002,0.75,1.69
17.08.2021 00:41:11.866,1.1776,1.17758,1.5,0.75
17.08.2021 00:41:15.927,1.1776,1.1775700000000002,0.1,0.75
17.08.2021 00:41:16.080,1.1776,1.1775600000000002,0.75,1.69
17.08.2021 00:41:17.404,1.1776,1.1775700000000002,0.75,0.94
17.08.2021 00:41:21.111,1.1776,1.1775600000000002,0.75,0.94
17.08.2021 00:41:21.212,1.1776,1.1775700000000002,0.75,0.19
17.08.2021 00:41:21.566,1.1776,1.1775600000000002,0.75,0.94
17.08.2021 00:41:26.270,1.17761,1.1775700000000002,1.5,0.75
17.08.2021 00:41:32.102,1.1776,1.1775600000000002,0.75,0.94
17.08.2021 00:41:56.459,1.17759,1.1775600000000002,0.75,0.19
17.08.2021 00:42:21.025,1.17759,1.1775700000000002,0.75,0.19
17.08.2021 00:42:37.382,1.17758,1.1775700000000002,0.75,0.19
17.08.2021 00:42:47.524,1.17758,1.1775600000000002,0.75,0.19
17.08.2021 00:43:24.088,1.1775700000000002,1.17753,0.75,5.65
17.08.2021 00:43:24.190,1.1775600000000002,1.17753,0.75,4.72
17.08.2021 00:43:24.241,1.17755,1.17751,0.75,6.96
17.08.2021 00:43:24.343,1.17754,1.17751,0.75,0.56
17.08.2021 00:43:28.131,1.17753,1.1775,0.75,0.36
17.08.2021 00:43:34.530,1.17753,1.17749,0.75,3.44
17.08.2021 00:43:35.089,1.1775200000000001,1.17748,0.75,5.61
17.08.2021 00:43:35.241,1.1775,1.17748,0.75,0.75
17.08.2021 00:43:35.292,1.1775,1.1774600000000002,0.75,0.75
17.08.2021 00:43:35.343,1.17748,1.17745,0.75,7.6
17.08.2021 00:43:43.189,1.17749,1.1774600000000002,0.75,0.94
17.08.2021 00:43:43.290,1.17749,1.17748,0.75,0.19
17.08.2021 00:43:46.609,1.1775,1.17748,0.75,0.19
17.08.2021 00:43:48.658,1.17751,1.17749,0.1,0.19
17.08.2021 00:43:49.630,1.17749,1.1774700000000002,0.75,2.88
17.08.2021 00:43:51.502,1.17749,1.1774700000000002,0.75,0.19
17.08.2021 00:44:28.422,1.17751,1.1774700000000002,0.1,0.36
17.08.2021 00:44:28.523,1.1775200000000001,1.1774700000000002,0.45,0.36
17.08.2021 00:44:29.252,1.17749,1.1774700000000002,0.75,0.19
17.08.2021 00:44:29.465,1.1775200000000001,1.1774700000000002,0.45,5.08
17.08.2021 00:44:29.720,1.17753,1.17749,0.75,2.61
17.08.2021 00:44:29.822,1.17753,1.1775,0.75,0.19
17.08.2021 00:44:31.873,1.17753,1.17751,0.75,0.19
17.08.2021 00:44:31.974,1.17754,1.17751,0.75,0.19
17.08.2021 00:44:38.052,1.1775200000000001,1.17749,0.82,6.29
17.08.2021 00:44:38.154,1.17751,1.17749,0.75,5.92
17.08.2021 00:44:38.255,1.1775,1.1774700000000002,0.75,0.94
17.08.2021 00:44:40.569,1.1775,1.1774600000000002,0.75,2.99
17.08.2021 00:44:41.034,1.17749,1.1774600000000002,0.75,2.99
17.08.2021 00:44:43.998,1.17751,1.17748,0.75,1.69
17.08.2021 00:44:44.100,1.1775200000000001,1.17749,0.75,2.61
17.08.2021 00:44:44.201,1.17753,1.1775,0.75,0.19
17.08.2021 00:44:45.391,1.17753,1.17749,0.75,2.24
17.08.2021 00:44:45.493,1.17751,1.17749,0.75,0.94
17.08.2021 00:44:46.095,1.17751,1.17748,0.75,5.65
17.08.2021 00:44:46.197,1.1775,1.1774700000000002,0.75,5.08
17.08.2021 00:44:50.345,1.1775,1.1774600000000002,0.75,5.2
17.08.2021 00:44:52.207,1.1775,1.1774700000000002,0.75,0.18
17.08.2021 00:44:54.783,1.1775,1.1774600000000002,0.75,9.92
17.08.2021 00:45:00.272,1.1775,1.1774700000000002,0.75,4.72
17.08.2021 00:45:00.373,1.1775,1.1774600000000002,0.75,8.72
17.08.2021 00:45:00.604,1.1775,1.1774700000000002,0.75,0.18
17.08.2021 00:45:01.706,1.17749,1.1774700000000002,0.75,9.17
17.08.2021 00:45:01.828,1.1775,1.1774700000000002,0.75,0.18
17.08.2021 00:45:03.982,1.1775,1.1774600000000002,0.75,10.67
17.08.2021 00:45:04.033,1.1775200000000001,1.1775,0.1,0.75
17.08.2021 00:45:04.134,1.1775200000000001,1.1775,0.75,0.93
17.08.2021 00:45:04.488,1.17751,1.17748,0.75,5.64
17.08.2021 00:45:04.589,1.17751,1.1774700000000002,0.75,6.39
17.08.2021 00:45:05.367,1.1775200000000001,1.1774700000000002,0.64,0.93
17.08.2021 00:45:07.570,1.17749,1.1774700000000002,0.75,0.75
17.08.2021 00:45:08.436,1.1775200000000001,1.1774700000000002,0.64,0.93
17.08.2021 00:45:08.487,1.17749,1.1774700000000002,0.75,0.75
17.08.2021 00:45:11.478,1.1775200000000001,1.1774700000000002,0.64,0.93
17.08.2021 00:45:11.582,1.17749,1.1774600000000002,0.75,6.77
17.08.2021 00:45:25.795,1.17749,1.17745,0.75,6.84
17.08.2021 00:45:25.897,1.17748,1.17745,0.75,2.13
17.08.2021 00:45:28.923,1.1775,1.1774600000000002,0.19,0.18
17.08.2021 00:45:30.954,1.17748,1.17745,0.75,7.04
17.08.2021 00:45:39.640,1.1775,1.1774600000000002,0.19,0.18
17.08.2021 00:45:39.742,1.17749,1.17745,0.75,9.54
17.08.2021 00:45:39.843,1.17748,1.1774700000000002,0.75,0.75
17.08.2021 00:45:48.302,1.1774700000000002,1.17744,0.75,5.17
17.08.2021 00:45:48.505,1.1774600000000002,1.17744,0.75,3.33
17.08.2021 00:45:48.556,1.1775,1.1774600000000002,0.75,1.57
17.08.2021 00:46:14.203,1.17749,1.1774600000000002,0.75,6.58
17.08.2021 00:46:18.627,1.17749,1.1774700000000002,0.75,0.94
17.08.2021 00:46:19.573,1.17749,1.1774600000000002,0.75,6.58
17.08.2021 00:46:25.576,1.1775,1.1774600000000002,0.75,2.51
17.08.2021 00:46:33.717,1.17749,1.1774600000000002,0.75,2.61
17.08.2021 00:46:46.667,1.1774700000000002,1.17745,0.75,5.47
17.08.2021 00:46:46.770,1.1775,1.1774700000000002,1.5,0.75
17.08.2021 00:47:09.064,1.1775,1.1774600000000002,0.75,1.5
17.08.2021 00:47:13.541,1.17749,1.1774600000000002,0.75,0.75
17.08.2021 00:47:20.182,1.17748,1.17744,1.57,6.39
17.08.2021 00:47:20.284,1.17748,1.17745,0.75,0.75
17.08.2021 00:47:20.386,1.1774700000000002,1.17745,1.5,6.59
17.08.2021 00:47:20.488,1.17749,1.17745,1.5,0.93
17.08.2021 00:47:20.692,1.17749,1.1774600000000002,1.5,0.75
17.08.2021 00:47:29.884,1.17749,1.17745,0.75,0.75
17.08.2021 00:47:29.986,1.17749,1.1774600000000002,0.75,0.75
17.08.2021 00:48:12.500,1.17748,1.17745,0.75,1.12
17.08.2021 00:48:14.201,1.17748,1.17744,0.75,2.62
17.08.2021 00:48:14.304,1.1774600000000002,1.17744,0.75,1.5
17.08.2021 00:48:14.356,1.17745,1.1774200000000001,0.75,0.75
17.08.2021 00:48:14.509,1.17745,1.17741,0.75,1.68
17.08.2021 00:48:22.234,1.17744,1.1774,0.75,9.02
17.08.2021 00:48:22.851,1.17744,1.17741,0.75,0.18
17.08.2021 00:48:22.952,1.17744,1.1774,0.75,2.8
17.08.2021 00:48:35.024,1.17744,1.17741,0.75,0.18
17.08.2021 00:48:41.927,1.17744,1.1774,0.75,2.05
17.08.2021 00:48:42.976,1.17744,1.17741,0.75,0.18
17.08.2021 00:48:43.234,1.17744,1.1774,0.75,1.3
17.08.2021 00:48:54.248,1.17744,1.1774200000000001,0.75,1.68
17.08.2021 00:49:12.853,1.1774600000000002,1.17743,1.5,0.75
17.08.2021 00:49:12.955,1.1774600000000002,1.17745,1.5,0.75
17.08.2021 00:49:13.006,1.17748,1.17744,1.2,1.68
17.08.2021 00:49:14.977,1.1774700000000002,1.17744,0.75,0.75
17.08.2021 00:49:15.129,1.17745,1.17744,0.75,0.75
17.08.2021 00:49:15.230,1.17745,1.1774200000000001,0.75,0.75
17.08.2021 00:49:15.332,1.17744,1.17741,0.75,2.05
17.08.2021 00:49:20.289,1.17745,1.17741,0.75,1.3
17.08.2021 00:50:45.544,1.1774600000000002,1.1774200000000001,1.5,0.75
17.08.2021 00:51:09.340,1.17743,1.17741,0.19,0.75
17.08.2021 00:51:09.441,1.17743,1.1774,0.75,0.75
17.08.2021 00:51:09.543,1.17741,1.17738,0.75,8.25
17.08.2021 00:51:09.645,1.17741,1.17737,0.75,1.12
17.08.2021 00:51:14.342,1.17743,1.1774,5.56,0.75
17.08.2021 00:51:14.444,1.17743,1.17739,5.48,2.25
17.08.2021 00:51:14.545,1.17744,1.17741,1.5,0.75
17.08.2021 00:51:21.618,1.1774600000000002,1.17743,0.75,0.75
17.08.2021 00:51:21.772,1.1774700000000002,1.17743,1.5,1.5
17.08.2021 00:51:22.674,1.1774600000000002,1.17743,1.69,0.75
17.08.2021 00:51:22.776,1.17745,1.17741,0.75,1.5
17.08.2021 00:51:23.336,1.1774600000000002,1.1774200000000001,1.95,0.75
17.08.2021 00:51:28.164,1.17745,1.17741,0.75,1.87
17.08.2021 00:51:35.912,1.17744,1.17741,0.75,0.75
17.08.2021 00:51:37.293,1.17743,1.1774,3.75,0.75
17.08.2021 00:51:37.610,1.17741,1.17738,0.75,0.75
17.08.2021 00:51:37.712,1.1774,1.17737,0.75,0.75
17.08.2021 00:51:38.666,1.1774,1.1773600000000002,0.75,0.93
17.08.2021 00:51:40.406,1.1774,1.17737,0.75,0.75
17.08.2021 00:51:43.657,1.17741,1.17737,0.75,0.75
17.08.2021 00:51:45.371,1.17741,1.17738,0.75,1.5
17.08.2021 00:51:47.330,1.17741,1.17739,0.82,1.5
17.08.2021 00:51:58.474,1.17741,1.17738,0.75,0.75
17.08.2021 00:52:08.532,1.17743,1.17741,0.45,0.75
17.08.2021 00:52:08.735,1.17744,1.1774200000000001,0.75,0.75
17.08.2021 00:52:09.092,1.17745,1.1774200000000001,0.75,0.75
17.08.2021 00:52:34.280,1.17745,1.17741,0.75,0.75
17.08.2021 00:52:42.539,1.17744,1.17741,1.95,0.75
17.08.2021 00:52:42.641,1.1774200000000001,1.17739,0.75,0.75
17.08.2021 00:52:42.742,1.1774,1.17737,0.75,8.25
17.08.2021 00:52:43.248,1.17739,1.1773600000000002,0.75,0.75
17.08.2021 00:52:44.655,1.1774,1.1773600000000002,0.75,0.75
17.08.2021 00:52:48.508,1.17739,1.1773600000000002,0.75,0.75
17.08.2021 00:52:50.353,1.1774,1.1773600000000002,0.75,0.75
17.08.2021 00:52:55.405,1.17741,1.17737,2.02,0.75
17.08.2021 00:52:57.159,1.1774,1.1773600000000002,0.75,1.12
17.08.2021 00:53:11.723,1.17741,1.17737,2.02,0.75
17.08.2021 00:53:24.669,1.17739,1.17738,0.1,0.75
17.08.2021 00:53:24.770,1.1774,1.1773600000000002,1.76,0.75
17.08.2021 00:53:55.704,1.17738,1.1773500000000001,1.95,0.75
17.08.2021 00:53:57.221,1.1773600000000002,1.17733,2.51,0.75
17.08.2021 00:53:57.374,1.1773500000000001,1.17731,0.75,1.5
17.08.2021 00:53:57.864,1.17734,1.17733,0.75,0.75
17.08.2021 00:54:03.066,1.1773600000000002,1.1773200000000001,2.02,0.75
17.08.2021 00:54:12.237,1.1773500000000001,1.17731,0.75,1.68
17.08.2021 00:54:15.761,1.17734,1.17731,0.75,1.5
17.08.2021 00:54:36.952,1.17734,1.1773,0.75,3.37
17.08.2021 00:54:42.183,1.17733,1.1773,0.75,1.87
17.08.2021 00:54:50.114,1.1773200000000001,1.17729,0.94,0.93
17.08.2021 00:54:50.215,1.1773200000000001,1.1772799999999999,0.82,0.75
17.08.2021 00:54:50.266,1.17729,1.1772600000000002,0.75,8.25
17.08.2021 00:54:56.258,1.1773,1.1772600000000002,0.82,0.75
17.08.2021 00:54:59.569,1.17729,1.1772799999999999,0.75,0.75
17.08.2021 00:54:59.671,1.1773200000000001,1.1773,0.45,0.75
17.08.2021 00:54:59.823,1.17734,1.17731,3.26,0.75
17.08.2021 00:54:59.874,1.1773200000000001,1.17729,0.75,0.75
17.08.2021 00:54:59.988,1.1773,1.1772799999999999,0.75,0.45
17.08.2021 00:55:00.039,1.1773,1.1772600000000002,0.75,1.45
17.08.2021 00:55:00.140,1.17729,1.1772600000000002,0.75,0.45
17.08.2021 00:55:00.242,1.17729,1.1772500000000001,1.5,1.2
17.08.2021 00:55:05.476,1.17729,1.1772600000000002,0.82,0.75
17.08.2021 00:55:08.072,1.1773,1.1772600000000002,0.82,1.57
17.08.2021 00:55:23.632,1.1773,1.17727,0.75,0.82
17.08.2021 00:55:32.439,1.1773,1.1772600000000002,0.82,0.82
17.08.2021 00:55:37.343,1.17731,1.17727,2.14,0.82
17.08.2021 00:55:39.575,1.1773,1.17727,0.75,0.82
17.08.2021 00:55:49.179,1.1773,1.1772600000000002,4.2,0.75
17.08.2021 00:55:49.281,1.17729,1.1772600000000002,0.19,0.75
17.08.2021 00:56:28.379,1.17727,1.1772500000000001,0.1,0.75
17.08.2021 00:56:28.481,1.17727,1.17724,1.01,0.75
17.08.2021 00:56:28.533,1.1772500000000001,1.17723,1.01,8.32
17.08.2021 00:56:31.656,1.17727,1.17724,0.82,0.75
17.08.2021 00:56:31.758,1.1772799999999999,1.1772500000000001,2.02,0.75
17.08.2021 00:56:31.859,1.17727,1.17724,0.75,0.82
17.08.2021 00:56:32.366,1.1772600000000002,1.17723,0.94,0.75
17.08.2021 00:56:41.906,1.1772600000000002,1.1772200000000002,0.75,0.75
17.08.2021 00:56:42.008,1.1772600000000002,1.17723,0.75,0.75
17.08.2021 00:56:48.439,1.17727,1.1772500000000001,0.1,0.75
17.08.2021 00:56:48.541,1.17729,1.1772500000000001,2.02,0.82
17.08.2021 00:56:52.614,1.17729,1.1772600000000002,0.82,0.75
17.08.2021 00:57:07.878,1.1773,1.1772600000000002,5.21,0.82
17.08.2021 00:57:10.454,1.1773,1.17727,4.27,0.75
17.08.2021 00:57:13.788,1.1773,1.1772600000000002,0.82,0.82
17.08.2021 00:57:15.245,1.17729,1.1772600000000002,0.75,0.82
17.08.2021 00:57:25.399,1.1773,1.17727,0.94,0.75
17.08.2021 00:57:26.569,1.17729,1.1772600000000002,1.01,0.75
17.08.2021 00:58:09.515,1.1773,1.1772600000000002,1.01,0.82
17.08.2021 00:58:11.003,1.1773,1.17727,0.75,0.82
17.08.2021 00:58:11.054,1.17731,1.1773,5.56,0.75
17.08.2021 00:58:11.105,1.17731,1.17727,0.75,0.75
17.08.2021 00:58:13.009,1.1773,1.17727,0.75,0.75
17.08.2021 00:58:15.147,1.17729,1.1772600000000002,0.75,0.82
17.08.2021 00:58:18.518,1.1773,1.17727,3.82,0.75
17.08.2021 00:58:19.024,1.17731,1.1772799999999999,0.75,0.82
17.08.2021 00:58:20.880,1.17733,1.1773,5.03,1.2
17.08.2021 00:58:20.982,1.17731,1.1772799999999999,0.75,0.75
17.08.2021 00:58:21.083,1.1773,1.17727,0.75,0.93
17.08.2021 00:58:28.803,1.17729,1.1772600000000002,0.75,0.75
17.08.2021 00:58:30.380,1.1773,1.17727,0.75,0.75
17.08.2021 00:58:37.392,1.17731,1.1772799999999999,0.82,0.75
17.08.2021 00:58:42.946,1.1773,1.17727,0.75,0.75
17.08.2021 00:58:45.581,1.17731,1.17727,0.75,1.2
17.08.2021 00:58:45.682,1.17731,1.1773,5.03,0.75
17.08.2021 00:58:45.784,1.17733,1.1773,0.75,0.82
17.08.2021 00:58:45.885,1.17731,1.1772799999999999,0.75,2.7
17.08.2021 00:58:47.060,1.1773,1.17727,0.75,0.75
17.08.2021 00:58:47.215,1.17731,1.1772799999999999,0.75,0.75
17.08.2021 00:58:51.938,1.1773,1.17727,0.75,0.75
17.08.2021 00:59:03.800,1.17733,1.1773,9.68,0.75
17.08.2021 00:59:03.902,1.17733,1.17731,0.45,0.75
17.08.2021 00:59:04.003,1.17734,1.1773,0.75,1.57
17.08.2021 00:59:04.160,1.17734,1.1773200000000001,0.75,0.75
17.08.2021 00:59:04.262,1.1773500000000001,1.1773200000000001,0.82,0.75
17.08.2021 00:59:04.739,1.17734,1.17731,0.75,0.82
17.08.2021 00:59:09.471,1.17734,1.17733,0.75,0.75
17.08.2021 00:59:22.531,1.17737,1.17734,6.23,0.75
17.08.2021 00:59:22.633,1.17738,1.1773500000000001,0.82,0.75
17.08.2021 00:59:22.901,1.17738,1.17737,0.75,0.75
17.08.2021 00:59:24.700,1.17737,1.1773600000000002,0.75,0.75
17.08.2021 00:59:24.802,1.17739,1.1773600000000002,0.75,0.75
17.08.2021 00:59:34.652,1.1774,1.17737,0.75,0.75
17.08.2021 00:59:34.804,1.17741,1.17738,1.2,0.75
17.08.2021 00:59:57.818,1.1774,1.17738,3.15,0.75
17.08.2021 00:59:57.919,1.17739,1.17737,0.45,0.75
17.08.2021 00:59:57.970,1.17737,1.1773600000000002,0.82,0.75
17.08.2021 00:59:58.516,1.17737,1.1773500000000001,0.1,0.75
17.08.2021 00:59:58.617,1.17739,1.17737,0.45,0.75
17.08.2021 00:59:58.719,1.17741,1.17738,0.45,0.75
17.08.2021 00:59:58.871,1.1774200000000001,1.17738,1.57,0.75
17.08.2021 00:59:59.970,1.1774200000000001,1.17739,4.39,0.75
17.08.2021 01:00:00.448,1.17744,1.17741,7.81,0.75
17.08.2021 01:00:00.650,1.17745,1.17741,1.57,0.75
17.08.2021 01:00:00.854,1.1774600000000002,1.1774200000000001,2.14,0.75
17.08.2021 01:00:01.161,1.17748,1.17744,12.68,0.75
17.08.2021 01:00:01.263,1.1774700000000002,1.17744,1.2,0.75
17.08.2021 01:00:01.364,1.17749,1.1774600000000002,5.18,0.75
17.08.2021 01:00:01.516,1.1775,1.1774700000000002,8.11,0.75
17.08.2021 01:00:01.618,1.1775,1.1774600000000002,0.82,0.75
17.08.2021 01:00:01.723,1.1775,1.1774700000000002,1.27,0.75
17.08.2021 01:00:01.825,1.1775,1.1774600000000002,1.27,0.75
17.08.2021 01:00:01.926,1.1775,1.1774700000000002,0.82,0.75
17.08.2021 01:00:02.129,1.1775,1.1774600000000002,0.82,0.75
17.08.2021 01:00:02.231,1.1775,1.1774700000000002,0.75,0.75
17.08.2021 01:00:02.666,1.17751,1.17748,1.39,0.75
17.08.2021 01:00:04.309,1.1775,1.1774600000000002,0.75,1.57
17.08.2021 01:00:04.462,1.1775,1.1774700000000002,0.75,0.75
17.08.2021 01:00:04.766,1.17751,1.1774700000000002,2.77,0.75
17.08.2021 01:00:05.123,1.17749,1.1774700000000002,0.75,0.82
17.08.2021 01:00:05.630,1.1775,1.1774700000000002,0.82,0.75
17.08.2021 01:00:05.782,1.1775,1.1774600000000002,0.82,0.75
17.08.2021 01:00:05.883,1.1775,1.1774700000000002,0.82,0.75
17.08.2021 01:00:05.992,1.1775,1.1774600000000002,0.82,0.75
17.08.2021 01:00:07.947,1.17748,1.17744,1.57,0.75
17.08.2021 01:00:08.048,1.1774700000000002,1.17744,0.1,0.75
17.08.2021 01:00:10.848,1.1774600000000002,1.17743,0.82,0.75
17.08.2021 01:00:12.977,1.1774700000000002,1.17743,1.2,0.75
17.08.2021 01:00:13.079,1.17748,1.1774600000000002,4.28,0.75
17.08.2021 01:00:13.180,1.17749,1.1774600000000002,0.45,0.75
17.08.2021 01:00:13.281,1.1775,1.1774600000000002,1.76,0.75
17.08.2021 01:00:13.714,1.1775,1.1774700000000002,0.75,0.75
17.08.2021 01:00:23.876,1.1775200000000001,1.17748,4.39,0.75
17.08.2021 01:00:25.038,1.17754,1.17751,5.93,0.75
17.08.2021 01:00:25.191,1.17754,1.1775200000000001,0.45,0.75
17.08.2021 01:00:25.292,1.17755,1.1775200000000001,0.1,0.75
17.08.2021 01:00:33.323,1.17754,1.17751,0.75,0.82
17.08.2021 01:00:35.162,1.17753,1.17749,1.2,3.25
17.08.2021 01:00:35.264,1.1775200000000001,1.17749,0.1,0.75
17.08.2021 01:00:35.366,1.1775200000000001,1.17748,1.2,0.82
17.08.2021 01:00:42.648,1.1775,1.17749,0.82,0.75
17.08.2021 01:00:44.036,1.1775200000000001,1.17749,0.45,0.75
17.08.2021 01:00:44.630,1.1775200000000001,1.17748,1.2,0.82
17.08.2021 01:00:48.988,1.17751,1.17748,0.82,0.75
17.08.2021 01:00:52.874,1.1775200000000001,1.17749,1.2,0.75
17.08.2021 01:00:53.266,1.1775200000000001,1.17748,0.82,0.82
17.08.2021 01:00:53.367,1.1775200000000001,1.17749,0.82,0.75
17.08.2021 01:00:58.975,1.1775200000000001,1.17748,1.2,0.82
17.08.2021 01:01:00.978,1.17751,1.17748,0.75,0.75
17.08.2021 01:01:06.161,1.1775,1.1774700000000002,0.1,0.75
17.08.2021 01:01:13.161,1.17749,1.1774700000000002,0.82,0.82
17.08.2021 01:01:14.039,1.1775,1.1774700000000002,0.82,0.75
17.08.2021 01:01:19.255,1.17749,1.1774700000000002,0.82,0.75
17.08.2021 01:01:24.309,1.17748,1.17744,0.75,1.57
17.08.2021 01:01:24.411,1.1774700000000002,1.17743,0.75,1.57
17.08.2021 01:01:24.512,1.17745,1.1774200000000001,0.75,1
17.08.2021 01:01:25.820,1.17745,1.17741,0.75,0.82
17.08.2021 01:01:26.518,1.17744,1.17741,0.75,0.75
17.08.2021 01:01:30.810,1.17744,1.1774,0.82,0.75
17.08.2021 01:01:30.962,1.17743,1.17739,3.82,0.75
17.08.2021 01:01:31.064,1.17741,1.17738,0.82,0.75
17.08.2021 01:01:31.800,1.1774,1.1773600000000002,0.75,1
17.08.2021 01:01:42.082,1.1774,1.17738,0.75,0.82
17.08.2021 01:02:00.360,1.1774200000000001,1.17741,5.48,1.2
17.08.2021 01:02:00.463,1.17744,1.17741,0.75,0.1
17.08.2021 01:02:00.564,1.17744,1.1774,0.75,1.2
17.08.2021 01:02:08.863,1.17745,1.17741,0.82,0.75
17.08.2021 01:02:11.823,1.17744,1.17741,0.1,0.75
17.08.2021 01:02:11.925,1.17744,1.1774,0.82,1.69
17.08.2021 01:02:12.166,1.1774200000000001,1.17738,0.82,6.84
17.08.2021 01:02:12.268,1.17743,1.17739,0.82,0.75
17.08.2021 01:02:12.421,1.17743,1.1774,0.82,0.75
17.08.2021 01:02:15.162,1.17743,1.17739,1.57,0.75
17.08.2021 01:02:15.264,1.17741,1.17738,0.82,0.75
17.08.2021 01:02:18.938,1.17741,1.17737,0.82,0.75
17.08.2021 01:02:26.443,1.17743,1.17741,4.28,0.75
17.08.2021 01:02:26.545,1.17744,1.17741,0.45,0.93
17.08.2021 01:02:26.646,1.17745,1.17741,0.82,0.75
17.08.2021 01:02:31.089,1.1774700000000002,1.17743,1.2,0.75
17.08.2021 01:02:32.247,1.1774600000000002,1.1774200000000001,0.82,0.75
17.08.2021 01:02:41.372,1.17744,1.1774200000000001,0.75,0.75
17.08.2021 01:02:41.423,1.1774200000000001,1.17739,0.75,5.92
17.08.2021 01:02:41.575,1.1774200000000001,1.17738,1.95,8.25
17.08.2021 01:02:41.676,1.17741,1.17737,0.82,1.95
17.08.2021 01:02:43.274,1.1774,1.1773600000000002,0.75,2.13
17.08.2021 01:03:51.888,1.17741,1.17739,4.28,1.5
17.08.2021 01:03:51.990,1.17743,1.1774,4.54,0.75
17.08.2021 01:03:52.042,1.1774,1.17739,0.75,1.95
17.08.2021 01:03:52.194,1.17741,1.17737,0.82,0.75
17.08.2021 01:03:58.297,1.1774,1.17737,0.75,0.75
17.08.2021 01:04:03.666,1.17741,1.17737,0.75,0.75
17.08.2021 01:04:20.731,1.1774,1.1773600000000002,1.57,0.75
17.08.2021 01:04:20.833,1.17739,1.1773600000000002,0.82,0.75
17.08.2021 01:04:21.137,1.1774,1.1773600000000002,1.76,0.75
17.08.2021 01:04:36.962,1.17739,1.1773500000000001,0.75,0.82
17.08.2021 01:04:42.291,1.1774,1.1773600000000002,1.76,0.75
17.08.2021 01:04:43.697,1.1774,1.1773500000000001,1.76,0.82
17.08.2021 01:04:48.460,1.17737,1.17733,0.75,2.5
17.08.2021 01:04:48.664,1.1773600000000002,1.1773200000000001,0.82,0.75
17.08.2021 01:04:51.396,1.17738,1.17734,5.11,0.75
17.08.2021 01:04:52.451,1.17737,1.17733,1.01,0.75
17.08.2021 01:05:01.102,1.17738,1.17733,4.2,0.82
17.08.2021 01:05:08.577,1.1773600000000002,1.17733,0.75,0.1
17.08.2021 01:05:09.150,1.1773600000000002,1.1773200000000001,3.75,0.82
17.08.2021 01:05:09.302,1.1773500000000001,1.1773200000000001,0.75,0.1
17.08.2021 01:05:09.455,1.17734,1.17731,0.75,1.01
17.08.2021 01:05:10.325,1.1773500000000001,1.1773200000000001,0.75,0.19
17.08.2021 01:05:10.426,1.1773500000000001,1.17731,0.75,1.76
17.08.2021 01:05:11.316,1.17738,1.17734,9.53,2.51
17.08.2021 01:05:11.417,1.17738,1.1773500000000001,0.75,0.26
17.08.2021 01:05:11.519,1.17739,1.1773600000000002,0.75,0.1
17.08.2021 01:05:13.447,1.1774,1.1773600000000002,0.75,1.76
17.08.2021 01:05:15.441,1.17739,1.1773600000000002,1.5,0.82
17.08.2021 01:05:15.492,1.1773600000000002,1.17734,0.75,1.2
17.08.2021 01:05:15.543,1.17738,1.17734,5.97,2.02
17.08.2021 01:05:15.594,1.1773600000000002,1.17734,1.69,1.2
17.08.2021 01:05:15.645,1.17734,1.17731,0.75,7.57
17.08.2021 01:05:16.039,1.17734,1.1773,0.75,2.58
17.08.2021 01:05:16.141,1.17734,1.17731,0.75,0.1
17.08.2021 01:05:17.137,1.1773500000000001,1.17731,0.75,0.82
17.08.2021 01:05:29.234,1.17734,1.17731,0.75,0.1
17.08.2021 01:05:35.114,1.1773500000000001,1.1773200000000001,0.75,0.1
17.08.2021 01:05:36.961,1.1773500000000001,1.17731,0.75,0.82
17.08.2021 01:05:48.900,1.1773600000000002,1.1773200000000001,4.5,0.82
17.08.2021 01:05:49.406,1.17737,1.17734,3,1.57
17.08.2021 01:05:49.457,1.17739,1.1773500000000001,1.5,0.82
17.08.2021 01:05:49.559,1.17739,1.1773600000000002,0.75,0.1
17.08.2021 01:05:50.681,1.17741,1.17737,2.51,0.75
17.08.2021 01:06:48.091,1.17744,1.1774,1.5,1.2
17.08.2021 01:06:48.193,1.17744,1.17741,0.75,0.1
17.08.2021 01:06:48.345,1.1774600000000002,1.17741,7.17,1
17.08.2021 01:06:48.668,1.17745,1.17743,2.89,0.18
17.08.2021 01:06:49.359,1.17745,1.17741,0.75,1.27
17.08.2021 01:06:51.861,1.1774600000000002,1.1774200000000001,1.5,0.1
17.08.2021 01:06:51.962,1.1774600000000002,1.17741,1.57,2.2
17.08.2021 01:07:15.809,1.1774600000000002,1.1774200000000001,1.5,0.1
17.08.2021 01:07:17.091,1.17745,1.1774200000000001,1.57,2.39
17.08.2021 01:07:20.000,1.1774600000000002,1.1774200000000001,1.5,0.1
17.08.2021 01:07:26.573,1.1774700000000002,1.1774200000000001,4.87,0.82
17.08.2021 01:07:33.989,1.1774700000000002,1.17743,1.12,0.94
17.08.2021 01:07:34.040,1.17748,1.17745,4.28,0.82
17.08.2021 01:07:34.142,1.1775,1.1774600000000002,0.75,0.75
17.08.2021 01:07:44.781,1.1775,1.17748,2.25,0.82
17.08.2021 01:07:49.398,1.17749,1.1774700000000002,3,0.82
17.08.2021 01:08:23.401,1.1774600000000002,1.17744,0.75,1.2
17.08.2021 01:08:23.609,1.1774600000000002,1.1774200000000001,1.57,8.25
17.08.2021 01:08:35.129,1.1774700000000002,1.17743,0.75,0.82
17.08.2021 01:08:39.954,1.17748,1.17744,4.57,0.75
17.08.2021 01:08:41.928,1.1774700000000002,1.1774200000000001,3.82,0.82
17.08.2021 01:08:42.610,1.1774600000000002,1.1774200000000001,0.1,0.75
17.08.2021 01:08:59.568,1.1774600000000002,1.17743,0.75,0.75
17.08.2021 01:08:59.669,1.1774600000000002,1.1774200000000001,1.5,2.02
17.08.2021 01:09:00.256,1.17745,1.17741,3.75,2.4
17.08.2021 01:09:15.051,1.1774700000000002,1.17744,5.11,0.75
17.08.2021 01:09:15.204,1.1774700000000002,1.17743,4.57,0.75
17.08.2021 01:09:19.735,1.17749,1.17745,4.5,0.82
17.08.2021 01:09:19.836,1.1775,1.1774600000000002,5.32,0.75
17.08.2021 01:09:56.451,1.17751,1.1774700000000002,1.5,0.75
17.08.2021 01:09:56.767,1.1775200000000001,1.17749,3,0.37
17.08.2021 01:09:56.868,1.17754,1.17751,5.11,0.75
17.08.2021 01:09:56.969,1.17755,1.17751,5.32,0.82
17.08.2021 01:09:58.211,1.17755,1.1775200000000001,0.75,0.75
17.08.2021 01:09:58.665,1.17755,1.17753,1.5,0.75
17.08.2021 01:09:59.155,1.17755,1.17751,3.82,0.82
17.08.2021 01:10:01.687,1.17755,1.1775200000000001,0.75,0.75
17.08.2021 01:10:02.923,1.1775600000000002,1.1775200000000001,1.5,0.75
17.08.2021 01:10:08.595,1.17755,1.1775200000000001,0.1,0.75
17.08.2021 01:10:19.291,1.17755,1.17753,4.57,0.75
17.08.2021 01:10:59.273,1.17755,1.17751,0.75,0.82
17.08.2021 01:10:59.374,1.17754,1.17751,1.12,0.75
17.08.2021 01:10:59.425,1.17751,1.17749,0.75,1.2
17.08.2021 01:10:59.577,1.17751,1.1774700000000002,3.75,0.1
17.08.2021 01:11:24.064,1.1775200000000001,1.17748,4.87,0.75
17.08.2021 01:11:24.217,1.1775200000000001,1.17749,0.75,1.57
17.08.2021 01:11:24.318,1.17753,1.17749,1.5,1.57
17.08.2021 01:11:25.129,1.17754,1.1775,1.5,1.57
17.08.2021 01:11:25.231,1.17754,1.17751,0.75,0.75
17.08.2021 01:11:33.506,1.17751,1.17749,0.75,4.72
17.08.2021 01:11:33.608,1.17751,1.1774700000000002,0.75,0.82
17.08.2021 01:11:33.761,1.1775,1.17749,0.75,0.75
17.08.2021 01:11:33.862,1.1775,1.17748,0.75,0.75
17.08.2021 01:11:33.963,1.1775,1.17748,0.75,1.57
17.08.2021 01:11:34.216,1.1775200000000001,1.1774700000000002,4.87,1.57
17.08.2021 01:11:34.671,1.17751,1.1774700000000002,0.75,2.02
17.08.2021 01:11:37.017,1.17751,1.1774600000000002,3.75,1.27
17.08.2021 01:11:37.168,1.17749,1.1774700000000002,0.75,0.82
17.08.2021 01:11:39.588,1.17749,1.17745,0.75,3.34
17.08.2021 01:12:01.139,1.1775,1.1774600000000002,0.75,0.1
17.08.2021 01:12:09.496,1.1775,1.1774700000000002,0.75,0.45
17.08.2021 01:12:09.598,1.17751,1.1774700000000002,0.82,0.45
17.08.2021 01:12:10.284,1.1775,1.1774700000000002,0.82,2.58
17.08.2021 01:12:10.856,1.17751,1.1774700000000002,0.75,0.52
17.08.2021 01:12:18.121,1.17751,1.1774600000000002,0.82,2.58
17.08.2021 01:12:18.324,1.1775,1.17748,3.75,0.52
17.08.2021 01:12:21.368,1.17751,1.1774600000000002,3.82,1.27
17.08.2021 01:12:22.242,1.1775,1.17748,3.82,0.45
17.08.2021 01:12:22.445,1.17751,1.1774600000000002,0.82,1.27
17.08.2021 01:12:24.752,1.1775,1.1774600000000002,0.75,0.52
17.08.2021 01:12:25.941,1.17749,1.17745,0.75,2.77
17.08.2021 01:12:26.043,1.17748,1.17745,0.75,1.27
17.08.2021 01:12:29.221,1.1774600000000002,1.17744,0.75,1.2
17.08.2021 01:12:29.323,1.1774600000000002,1.17744,4.2,1.2
17.08.2021 01:12:29.424,1.17745,1.1774200000000001,0.75,1.27
17.08.2021 01:12:34.393,1.1774700000000002,1.17745,0.75,0.45
17.08.2021 01:12:34.495,1.17748,1.17745,0.75,0.25
17.08.2021 01:12:39.477,1.17749,1.1774600000000002,0.75,1.46
17.08.2021 01:12:39.578,1.1775,1.1774700000000002,0.75,0.1
17.08.2021 01:12:42.287,1.1775,1.1774600000000002,0.75,3.34
17.08.2021 01:12:43.012,1.17749,1.17748,0.75,0.1
17.08.2021 01:12:55.059,1.1775,1.1774600000000002,0.75,2.21
17.08.2021 01:12:55.269,1.1775,1.1774700000000002,0.75,0.1
17.08.2021 01:13:02.508,1.1775,1.17749,0.75,0.1
17.08.2021 01:13:02.610,1.17751,1.1774700000000002,0.75,1.45
17.08.2021 01:13:02.711,1.1775200000000001,1.17748,0.75,2.02
17.08.2021 01:13:24.280,1.17754,1.1775,0.75,0.1
17.08.2021 01:13:27.938,1.17753,1.1775,0.75,0.1
17.08.2021 01:13:31.469,1.17754,1.1775,0.75,0.1
17.08.2021 01:13:42.392,1.17753,1.1775,0.75,0.1
17.08.2021 01:13:47.591,1.17754,1.1775,3.75,0.1
17.08.2021 01:13:59.734,1.17754,1.17751,3.75,0.82
17.08.2021 01:13:59.835,1.17754,1.1775,0.75,0.82
17.08.2021 01:14:01.148,1.17755,1.17751,1.2,0.1
17.08.2021 01:14:01.905,1.1775700000000002,1.17754,4.28,1
17.08.2021 01:14:02.006,1.17758,1.17755,0.45,0.82
17.08.2021 01:14:02.108,1.1776,1.17755,4.87,0.82
17.08.2021 01:14:03.100,1.1776,1.1775600000000002,0.75,0.82
17.08.2021 01:14:03.201,1.17761,1.1775600000000002,1.5,0.82
17.08.2021 01:14:06.690,1.1776,1.1775600000000002,0.75,0.82
17.08.2021 01:14:31.051,1.17761,1.1775600000000002,4.87,0.82
17.08.2021 01:15:10.933,1.17759,1.1775700000000002,0.75,0.75
17.08.2021 01:15:14.769,1.17761,1.1775700000000002,3.75,0.75
17.08.2021 01:15:15.969,1.1776200000000001,1.1775700000000002,4.12,0.82
17.08.2021 01:15:16.472,1.1776200000000001,1.17758,1.12,0.75
17.08.2021 01:15:17.601,1.17764,1.1776,4.12,0.75
17.08.2021 01:15:17.703,1.17765,1.17761,8.41,0.75
17.08.2021 01:15:23.469,1.17764,1.17761,3,0.75
17.08.2021 01:15:32.547,1.17765,1.17761,1.87,0.75
17.08.2021 01:16:01.346,1.17765,1.1776,1.87,1.76
17.08.2021 01:16:01.448,1.17765,1.17761,1.12,0.1
17.08.2021 01:16:02.002,1.17765,1.1776,1.12,1.76
17.08.2021 01:16:15.192,1.17764,1.1776200000000001,0.75,0.1
17.08.2021 01:16:18.101,1.17764,1.17761,0.75,0.94
17.08.2021 01:16:18.202,1.17764,1.1776,0.75,1.01
17.08.2021 01:16:18.761,1.1776200000000001,1.1776,1.76,0.75
17.08.2021 01:16:18.812,1.17761,1.17758,1.12,1.2
17.08.2021 01:16:18.964,1.17761,1.1775700000000002,7.09,0.75
17.08.2021 01:16:19.014,1.17759,1.17755,0.75,0.82
17.08.2021 01:16:29.946,1.17758,1.1775700000000002,0.75,0.1
17.08.2021 01:16:30.047,1.1776200000000001,1.17759,4.73,1.76
17.08.2021 01:16:30.152,1.17764,1.17759,3.75,2.14
17.08.2021 01:16:30.253,1.17764,1.1776,0.75,0.82
17.08.2021 01:16:52.177,1.17763,1.1776,1.12,0.75
17.08.2021 01:16:52.329,1.1776200000000001,1.1776,0.45,0.75
17.08.2021 01:16:52.380,1.1776200000000001,1.17758,4.12,0.75
17.08.2021 01:16:53.358,1.17761,1.1775600000000002,0.75,1.19
17.08.2021 01:17:37.547,1.1776,1.1775600000000002,0.75,1.01
17.08.2021 01:17:46.627,1.17763,1.17759,4.87,0.1
17.08.2021 01:17:46.779,1.17763,1.1776,0.75,0.94
17.08.2021 01:17:47.146,1.17764,1.1776,1.5,1.01
17.08.2021 01:17:50.697,1.17765,1.17761,4.12,0.75
17.08.2021 01:18:38.224,1.1776600000000002,1.17761,1.5,0.82
17.08.2021 01:18:58.513,1.17765,1.17761,0.75,0.82
17.08.2021 01:19:20.274,1.17765,1.1776,3.75,1.76
17.08.2021 01:19:25.993,1.17765,1.17761,0.75,0.82
17.08.2021 01:19:35.084,1.17764,1.17761,3.75,1.76
17.08.2021 01:19:35.355,1.17764,1.1776,0.75,1.76
17.08.2021 01:19:35.457,1.17763,1.17759,1.87,0.75
17.08.2021 01:19:35.558,1.1776200000000001,1.17758,3.75,0.82
17.08.2021 01:19:35.660,1.17761,1.1775700000000002,0.75,1.76
17.08.2021 01:19:37.036,1.17764,1.17759,4.95,2.14
17.08.2021 01:19:37.138,1.17764,1.1776,1.2,0.82
17.08.2021 01:19:37.240,1.17764,1.1776200000000001,1.12,0.82
17.08.2021 01:19:37.341,1.1776600000000002,1.17761,2.32,0.82
17.08.2021 01:19:58.984,1.1776600000000002,1.1776200000000001,1.5,0.75
17.08.2021 01:19:59.928,1.1776600000000002,1.17761,1.5,1.76
17.08.2021 01:20:13.423,1.17765,1.17761,0.75,0.82
17.08.2021 01:20:13.524,1.17764,1.17761,0.75,2.51
17.08.2021 01:20:15.939,1.17765,1.17761,0.75,0.1
17.08.2021 01:20:16.091,1.17765,1.1776200000000001,0.75,0.1
17.08.2021 01:20:16.400,1.1776600000000002,1.1776200000000001,0.75,0.82
17.08.2021 01:20:17.741,1.17768,1.17765,0.45,1.69
17.08.2021 01:20:17.944,1.1776900000000001,1.17765,0.75,1.01
17.08.2021 01:20:20.711,1.1776900000000001,1.1776600000000002,0.75,4.72
17.08.2021 01:20:20.920,1.1776900000000001,1.17765,0.75,5.73
17.08.2021 01:20:21.940,1.1777,1.17765,3.75,1.01
17.08.2021 01:20:39.802,1.17768,1.17765,1.12,0.19
17.08.2021 01:20:39.853,1.17768,1.17763,4.5,2.14
17.08.2021 01:20:39.904,1.1776600000000002,1.17763,0.75,1.39
17.08.2021 01:21:03.565,1.1776600000000002,1.1776200000000001,1.2,0.75
17.08.2021 01:21:11.292,1.1776600000000002,1.17761,1.5,1.19
17.08.2021 01:21:22.490,1.1776600000000002,1.1776200000000001,1.87,0.75
17.08.2021 01:22:10.266,1.1776600000000002,1.17764,5.25,1.69
17.08.2021 01:22:10.368,1.1776900000000001,1.1776600000000002,5.48,0.75
17.08.2021 01:22:10.469,1.17771,1.1776600000000002,8.62,1.57
17.08.2021 01:22:13.082,1.17771,1.1776700000000002,4.12,0.75
17.08.2021 01:22:13.922,1.1777,1.1776700000000002,3.75,2.02
17.08.2021 01:22:26.761,1.1777,1.1776600000000002,0.75,0.1
17.08.2021 01:22:30.145,1.17771,1.1776600000000002,0.75,0.82
17.08.2021 01:22:41.261,1.17771,1.1776700000000002,0.75,0.1
17.08.2021 01:22:50.977,1.17771,1.1776600000000002,1.2,1.01
17.08.2021 01:22:52.357,1.1777,1.1776600000000002,0.75,0.75
17.08.2021 01:22:52.560,1.1776700000000002,1.17763,0.75,7.95
17.08.2021 01:22:52.662,1.1776600000000002,1.17763,0.75,7.5
17.08.2021 01:22:52.763,1.1776600000000002,1.1776200000000001,0.75,0.82
17.08.2021 01:22:56.093,1.1776600000000002,1.17761,4.95,1.01
17.08.2021 01:23:01.094,1.1776600000000002,1.1776200000000001,1.5,0.1
17.08.2021 01:23:02.982,1.1776600000000002,1.17761,1.5,1.01
17.08.2021 01:23:09.800,1.1776600000000002,1.1776200000000001,1.5,0.1
17.08.2021 01:23:10.593,1.1776600000000002,1.17761,1.95,1.19
17.08.2021 01:23:12.753,1.17765,1.1776,0.75,1.94
17.08.2021 01:23:12.905,1.17765,1.17761,3.75,0.1
17.08.2021 01:23:13.762,1.17765,1.1776,0.75,1.76
17.08.2021 01:23:14.015,1.17765,1.17761,0.75,0.1
17.08.2021 01:23:16.841,1.17764,1.17761,0.75,1.76
17.08.2021 01:23:16.942,1.17764,1.1776,1.5,0.75
17.08.2021 01:23:17.347,1.17765,1.1776,4.5,1.01
17.08.2021 01:23:17.591,1.17765,1.17761,1.5,0.1
17.08.2021 01:23:18.684,1.17765,1.1776,0.75,1.01
17.08.2021 01:23:26.280,1.17764,1.1776,0.75,1.01
17.08.2021 01:23:26.381,1.17763,1.1776,4.95,0.75
17.08.2021 01:23:26.483,1.1776200000000001,1.17758,0.75,2.14
17.08.2021 01:23:26.589,1.17763,1.17758,0.75,5.73
17.08.2021 01:23:26.691,1.1776200000000001,1.1775700000000002,6.15,0.94
17.08.2021 01:23:27.362,1.1776,1.1775600000000002,0.75,1.56
17.08.2021 01:23:28.023,1.17761,1.1775600000000002,1.2,1.19
17.08.2021 01:23:39.048,1.1776,1.1775600000000002,1.2,0.75
17.08.2021 01:23:39.736,1.1776,1.17755,0.75,1.39
17.08.2021 01:23:41.111,1.17759,1.17755,0.75,1.39
17.08.2021 01:23:42.905,1.1776,1.1775600000000002,1.2,0.75
17.08.2021 01:23:43.006,1.1776,1.17755,1.2,2.31
17.08.2021 01:23:46.158,1.17758,1.17754,1.87,1.76
17.08.2021 01:23:46.260,1.1775600000000002,1.1775200000000001,0.75,0.82
17.08.2021 01:23:46.833,1.17755,1.17751,0.75,1.01
17.08.2021 01:23:49.004,1.1775600000000002,1.1775200000000001,0.75,1.76
17.08.2021 01:23:49.105,1.17755,1.17751,0.75,1.19
17.08.2021 01:23:54.817,1.17755,1.1775200000000001,0.75,0.1
17.08.2021 01:23:54.918,1.17755,1.17751,0.75,1.01
17.08.2021 01:24:02.130,1.17755,1.1775,0.82,2.31
17.08.2021 01:24:02.232,1.17754,1.1775,1.5,0.82
17.08.2021 01:24:02.535,1.17753,1.1775,0.75,0.1
17.08.2021 01:24:02.940,1.17753,1.17751,0.75,1.39
17.08.2021 01:24:08.633,1.17755,1.17751,1.95,0.26
17.08.2021 01:24:08.735,1.17755,1.1775,4.57,1.2
17.08.2021 01:24:08.989,1.17754,1.1775,0.75,1.38
17.08.2021 01:24:09.090,1.17754,1.17751,0.75,0.1
17.08.2021 01:24:09.544,1.17754,1.1775,0.75,1.2
17.08.2021 01:24:09.949,1.17754,1.17751,0.75,0.1
17.08.2021 01:24:14.488,1.17754,1.1775,0.75,1.39
17.08.2021 01:24:15.317,1.17754,1.17751,0.75,0.1
17.08.2021 01:24:16.299,1.17754,1.1775,0.75,1.39
17.08.2021 01:24:16.957,1.17754,1.17751,0.75,0.1
17.08.2021 01:24:18.536,1.17753,1.1775,2.32,0.19
17.08.2021 01:24:18.638,1.1775200000000001,1.17748,0.75,1.94
17.08.2021 01:24:24.982,1.17753,1.17748,2.77,1.94
17.08.2021 01:24:29.072,1.17753,1.1775,0.45,0.82
17.08.2021 01:24:29.174,1.17753,1.17751,0.45,0.1
17.08.2021 01:24:29.276,1.17754,1.17751,0.75,0.1
17.08.2021 01:24:31.180,1.17755,1.17751,0.75,0.82
17.08.2021 01:24:31.512,1.1775600000000002,1.1775200000000001,1.57,0.75
17.08.2021 01:24:34.223,1.1775600000000002,1.17753,0.45,0.75
17.08.2021 01:24:34.324,1.1775700000000002,1.17753,2.77,0.75
17.08.2021 01:24:34.426,1.1775600000000002,1.1775200000000001,0.75,0.82
17.08.2021 01:24:35.376,1.17755,1.17751,0.75,0.82
17.08.2021 01:25:15.539,1.1775600000000002,1.1775200000000001,1.57,0.75
17.08.2021 01:25:15.640,1.1775600000000002,1.17753,0.82,0.75
17.08.2021 01:25:15.742,1.17758,1.17755,0.45,0.75
17.08.2021 01:25:15.844,1.17759,1.17755,0.82,0.75
17.08.2021 01:25:16.197,1.17759,1.1775600000000002,0.75,0.1
17.08.2021 01:25:16.325,1.17759,1.17755,0.75,0.82
17.08.2021 01:25:22.926,1.1776,1.1775600000000002,0.75,0.82
17.08.2021 01:25:35.580,1.17758,1.17755,0.37,0.75
17.08.2021 01:25:35.684,1.17758,1.17754,4.57,0.75
17.08.2021 01:25:35.786,1.1775600000000002,1.17753,0.75,0.75
17.08.2021 01:25:35.888,1.1775600000000002,1.1775200000000001,0.75,0.82
17.08.2021 01:25:41.473,1.1775600000000002,1.17754,0.45,1.2
17.08.2021 01:25:41.626,1.17759,1.17755,2.02,0.82
17.08.2021 01:25:57.990,1.17759,1.1775600000000002,0.1,0.75
17.08.2021 01:26:00.890,1.1776,1.1775700000000002,1.57,0.75
17.08.2021 01:26:02.510,1.17761,1.1775700000000002,1.57,0.82
17.08.2021 01:26:18.634,1.1776,1.1775700000000002,0.1,0.75
17.08.2021 01:26:19.058,1.1776,1.1775600000000002,1.57,0.82
17.08.2021 01:26:19.604,1.1776,1.1775700000000002,0.75,0.1
17.08.2021 01:26:24.939,1.17761,1.1775700000000002,0.82,0.82
17.08.2021 01:27:27.689,1.17761,1.17758,0.75,0.75
17.08.2021 01:27:27.740,1.1776200000000001,1.1776,1.2,2.89
17.08.2021 01:27:27.842,1.17763,1.1776,0.45,2.06
17.08.2021 01:27:27.943,1.17764,1.1776,3.75,2.14
17.08.2021 01:27:28.588,1.17765,1.17761,1.27,0.75
17.08.2021 01:27:32.412,1.17764,1.1776,1.57,0.75
17.08.2021 01:27:32.525,1.17763,1.1776,0.1,0.75
17.08.2021 01:27:32.626,1.17763,1.17759,4.57,0.75
17.08.2021 01:27:34.724,1.17763,1.1776,0.45,0.75
17.08.2021 01:27:34.877,1.17764,1.1776,5.4,0.75
17.08.2021 01:27:44.103,1.17764,1.17761,0.75,0.75
17.08.2021 01:27:48.766,1.17765,1.17761,3.82,0.75
17.08.2021 01:28:03.297,1.17764,1.17761,0.45,0.75
17.08.2021 01:28:05.311,1.17763,1.17761,1.2,0.82
17.08.2021 01:28:05.515,1.17764,1.17761,0.45,0.75
17.08.2021 01:28:06.137,1.17765,1.17761,1.2,0.82
17.08.2021 01:28:42.331,1.17763,1.1776200000000001,0.1,0.75
17.08.2021 01:28:50.816,1.17763,1.17761,1.27,1.12
17.08.2021 01:28:50.953,1.17763,1.17759,0.82,1.68
17.08.2021 01:28:51.055,1.1776200000000001,1.17759,0.1,0.75
17.08.2021 01:28:51.106,1.1776,1.1775700000000002,0.75,14.27
17.08.2021 01:28:54.762,1.1776,1.1775600000000002,0.75,2.7
17.08.2021 01:29:00.669,1.17761,1.1775700000000002,0.75,1.12
17.08.2021 01:29:00.770,1.17761,1.17758,0.75,0.75
17.08.2021 01:29:01.023,1.1776200000000001,1.17758,1.65,0.75
17.08.2021 01:29:01.125,1.1776,1.1775600000000002,0.75,2.13
17.08.2021 01:29:01.226,1.1776200000000001,1.17758,1.65,0.75
17.08.2021 01:29:01.328,1.1776,1.1775700000000002,0.75,0.75
17.08.2021 01:29:01.429,1.17761,1.17758,1.2,0.75
17.08.2021 01:29:01.531,1.17761,1.1775700000000002,0.82,0.75
17.08.2021 01:29:03.794,1.1776,1.1775600000000002,0.75,1.95
17.08.2021 01:29:04.824,1.17758,1.1775700000000002,0.82,0.75
17.08.2021 01:29:05.143,1.17758,1.17755,0.75,1.87
17.08.2021 01:29:20.020,1.17759,1.17755,0.82,0.75
17.08.2021 01:29:20.525,1.1776,1.17758,0.45,0.75
17.08.2021 01:29:20.627,1.17759,1.17758,0.45,0.75
17.08.2021 01:29:20.831,1.1776,1.1775600000000002,0.75,0.82
17.08.2021 01:29:27.991,1.17759,1.1775600000000002,0.1,0.75
17.08.2021 01:29:28.497,1.17759,1.17755,1.27,0.75
17.08.2021 01:29:29.572,1.17759,1.1775600000000002,0.75,0.75
17.08.2021 01:29:38.902,1.1775600000000002,1.17754,0.82,0.75
17.08.2021 01:29:39.003,1.17755,1.17751,0.75,6.67
17.08.2021 01:29:48.498,1.17754,1.17751,0.82,1.87
17.08.2021 01:30:04.710,1.17753,1.17749,0.75,1.27
17.08.2021 01:30:05.221,1.17754,1.1775,1.2,0.75
17.08.2021 01:30:08.245,1.17753,1.1775,0.75,0.75
17.08.2021 01:30:08.347,1.17751,1.17749,0.82,0.15
17.08.2021 01:30:16.241,1.1775,1.1774600000000002,0.82,5.84
17.08.2021 01:30:16.342,1.17748,1.1774700000000002,0.75,1.12
17.08.2021 01:30:16.494,1.1775,1.1774600000000002,1.27,1.12
17.08.2021 01:30:34.359,1.17751,1.1774700000000002,0.75,1.12
17.08.2021 01:30:34.461,1.17751,1.17748,0.75,0.75
17.08.2021 01:30:40.400,1.1775200000000001,1.17749,0.75,2.25
17.08.2021 01:30:40.551,1.17753,1.17749,0.75,2.32
17.08.2021 01:30:41.555,1.17751,1.17748,0.75,1.5
17.08.2021 01:30:42.064,1.17751,1.1774700000000002,0.75,2.05
17.08.2021 01:30:43.037,1.1775,1.1774700000000002,0.75,1.3
17.08.2021 01:30:48.236,1.17751,1.1774700000000002,0.1,1.3
17.08.2021 01:30:50.598,1.17749,1.1774700000000002,0.75,1.12
17.08.2021 01:30:51.294,1.17751,1.1774700000000002,0.1,1.3
17.08.2021 01:30:51.968,1.17749,1.1774700000000002,0.75,1.12
17.08.2021 01:30:53.010,1.17749,1.1774600000000002,0.75,2.25
17.08.2021 01:30:57.016,1.17749,1.17745,0.75,1.2
17.08.2021 01:31:02.792,1.17748,1.17745,0.75,1.2
17.08.2021 01:31:02.994,1.17748,1.1774600000000002,1.2,1.2
17.08.2021 01:31:12.933,1.17748,1.17745,0.75,1.12
17.08.2021 01:31:14.605,1.1774700000000002,1.17744,0.82,0.75
17.08.2021 01:31:14.706,1.1774700000000002,1.17743,0.82,2.25
17.08.2021 01:31:14.808,1.1774600000000002,1.17743,0.82,0.75
17.08.2021 01:31:14.909,1.1774700000000002,1.17744,1.2,0.37
17.08.2021 01:31:15.011,1.17748,1.17745,5.03,0.75
17.08.2021 01:31:17.044,1.17748,1.1774600000000002,0.75,0.19
17.08.2021 01:31:17.146,1.17749,1.1774600000000002,0.75,0.19
17.08.2021 01:31:28.130,1.17748,1.17745,0.75,1.31
17.08.2021 01:31:39.482,1.17748,1.17744,0.75,2.81
17.08.2021 01:31:39.583,1.1774600000000002,1.17745,0.75,0.75
17.08.2021 01:31:39.736,1.17748,1.17744,1.27,3.19
17.08.2021 01:31:43.467,1.17748,1.17745,0.75,0.94
17.08.2021 01:31:43.569,1.17748,1.17744,0.75,3.36
17.08.2021 01:31:45.314,1.17748,1.17745,0.75,0.94
17.08.2021 01:31:45.573,1.17748,1.17744,0.75,8.46
17.08.2021 01:31:46.103,1.17748,1.17745,0.75,0.94
17.08.2021 01:31:46.596,1.17749,1.17745,0.82,2.06
17.08.2021 01:31:47.721,1.17749,1.1774600000000002,0.82,0.19
17.08.2021 01:31:47.823,1.17749,1.17745,0.82,2.06
17.08.2021 01:31:48.967,1.17748,1.17745,0.75,1.12
17.08.2021 01:32:01.081,1.1774600000000002,1.17744,0.82,0.94
17.08.2021 01:32:01.183,1.17745,1.1774200000000001,0.82,0.75
17.08.2021 01:32:01.284,1.17743,1.1774200000000001,0.75,8.81
17.08.2021 01:32:10.269,1.17743,1.17739,0.82,1.69
17.08.2021 01:32:10.370,1.17741,1.1774,0.75,1.69
17.08.2021 01:32:11.348,1.17741,1.17738,0.75,2.44
17.08.2021 01:32:11.551,1.1774,1.17737,0.75,0.56
17.08.2021 01:32:11.653,1.17739,1.17737,0.82,1.49
17.08.2021 01:32:13.928,1.17739,1.1773600000000002,0.75,0.75
17.08.2021 01:32:29.834,1.17738,1.1773500000000001,0.75,2.14
17.08.2021 01:32:29.987,1.17739,1.1773500000000001,1.2,1.39
17.08.2021 01:32:32.658,1.17738,1.1773500000000001,0.75,0.94
17.08.2021 01:32:33.113,1.17738,1.1773600000000002,0.75,0.19
17.08.2021 01:32:33.215,1.17738,1.1773500000000001,0.75,1.31
17.08.2021 01:32:33.316,1.17737,1.1773500000000001,0.75,1.12
17.08.2021 01:32:33.418,1.17738,1.17734,0.75,3.19
17.08.2021 01:32:33.621,1.17737,1.17734,0.75,2.44
17.08.2021 01:32:34.025,1.1773500000000001,1.17731,0.82,6.78
17.08.2021 01:32:34.128,1.17734,1.17731,0.75,2.06
17.08.2021 01:32:36.722,1.17733,1.1773,0.75,1.5
17.08.2021 01:32:39.481,1.1773200000000001,1.1772799999999999,0.82,0.75
17.08.2021 01:32:39.583,1.17729,1.1772500000000001,0.75,2.89
17.08.2021 01:32:39.684,1.1772799999999999,1.1772500000000001,0.75,3.64
17.08.2021 01:32:40.640,1.17727,1.1772500000000001,0.75,0.19
17.08.2021 01:32:43.844,1.1772600000000002,1.17724,0.75,0.37
17.08.2021 01:32:43.945,1.1772600000000002,1.1772200000000002,0.75,2.14
17.08.2021 01:32:43.996,1.17723,1.17721,0.75,0.19
17.08.2021 01:32:46.986,1.1772200000000002,1.17718,0.82,2.81
17.08.2021 01:32:47.087,1.1772,1.17717,0.75,1.69
17.08.2021 01:32:47.189,1.17718,1.1771500000000001,0.75,3.81
17.08.2021 01:32:48.084,1.17717,1.17713,0.82,2.06
17.08.2021 01:32:48.186,1.1771500000000001,1.1771200000000002,0.75,1.39
17.08.2021 01:32:48.287,1.17714,1.1771200000000002,0.75,0.19
17.08.2021 01:32:49.644,1.17714,1.1771,1.57,0.18
17.08.2021 01:32:49.695,1.1771200000000002,1.17709,0.75,0.56
17.08.2021 01:32:49.797,1.1771,1.17708,0.82,0.19
17.08.2021 01:32:49.949,1.17711,1.17708,0.52,0.75
17.08.2021 01:32:50.051,1.17709,1.17707,0.75,0.1
17.08.2021 01:32:50.204,1.17709,1.17706,0.75,1.31
17.08.2021 01:32:50.457,1.17709,1.17707,0.75,0.19
17.08.2021 01:32:50.508,1.17711,1.17708,0.82,0.75
17.08.2021 01:32:50.609,1.17711,1.17709,0.52,0.94
17.08.2021 01:32:50.761,1.17713,1.1771,1.27,0.19
17.08.2021 01:32:51.268,1.17713,1.17711,0.82,0.19
17.08.2021 01:32:51.471,1.17714,1.1771200000000002,1.2,0.56
17.08.2021 01:32:51.523,1.17716,1.17713,0.75,0.94
17.08.2021 01:32:51.625,1.17717,1.17714,1.2,0.74
17.08.2021 01:32:51.727,1.17717,1.1771500000000001,1.2,0.19
17.08.2021 01:32:52.236,1.17717,1.17714,0.75,3.37
17.08.2021 01:32:52.287,1.17718,1.17716,0.75,0.19
17.08.2021 01:32:52.850,1.17719,1.17716,0.75,1.31
17.08.2021 01:32:52.901,1.17721,1.17719,0.45,0.19
17.08.2021 01:32:52.952,1.17723,1.1772,1.12,0.19
17.08.2021 01:32:53.255,1.17723,1.17719,0.75,0.82
17.08.2021 01:32:53.709,1.1772200000000002,1.17719,0.75,0.19
17.08.2021 01:32:53.810,1.1772200000000002,1.1772,0.75,0.19
17.08.2021 01:32:53.913,1.17723,1.1772,1.27,0.19
17.08.2021 01:32:54.683,1.1772200000000002,1.17719,0.82,0.19
17.08.2021 01:32:54.785,1.17721,1.17718,0.1,1.69
17.08.2021 01:32:54.886,1.1772,1.17717,0.75,0.93
17.08.2021 01:32:55.899,1.17721,1.17718,0.75,1.87
17.08.2021 01:32:56.052,1.1772200000000002,1.17718,1.65,0.94
17.08.2021 01:32:56.155,1.17721,1.17718,1.27,0.75
17.08.2021 01:32:56.460,1.1772200000000002,1.17719,1.2,1.69
17.08.2021 01:32:56.562,1.17723,1.1772,1.57,1.12
17.08.2021 01:32:56.663,1.17723,1.17721,0.45,0.75
17.08.2021 01:32:56.765,1.17724,1.17721,1.57,0.75
17.08.2021 01:32:56.816,1.1772200000000002,1.17718,0.82,0.94
17.08.2021 01:32:56.918,1.17719,1.17718,0.75,0.19
17.08.2021 01:32:57.272,1.1772200000000002,1.17718,2.02,2.06
17.08.2021 01:32:57.475,1.17721,1.17718,0.75,0.94
17.08.2021 01:32:57.627,1.1772200000000002,1.17718,0.82,2.06
17.08.2021 01:32:57.728,1.17723,1.1772,1.27,0.75
17.08.2021 01:32:57.933,1.1772200000000002,1.17719,0.75,0.93
17.08.2021 01:32:58.145,1.17723,1.1772,0.75,0.94
17.08.2021 01:32:59.350,1.17721,1.17718,0.82,0.18
17.08.2021 01:32:59.554,1.1772200000000002,1.17718,0.82,2.06
17.08.2021 01:32:59.655,1.1772200000000002,1.17719,0.75,0.75
17.08.2021 01:33:00.883,1.1772,1.17718,0.82,0.19
17.08.2021 01:33:00.933,1.1772,1.17716,0.82,6.22
17.08.2021 01:33:01.035,1.17719,1.17716,0.75,0.75
17.08.2021 01:33:01.871,1.17719,1.1771500000000001,0.75,2.51
17.08.2021 01:33:01.986,1.17719,1.17716,0.75,0.18
17.08.2021 01:33:02.737,1.17718,1.1771500000000001,0.75,1.31
17.08.2021 01:33:02.991,1.17717,1.17713,0.82,2.44
17.08.2021 01:33:03.042,1.17717,1.1771500000000001,0.75,0.19
17.08.2021 01:33:03.144,1.17717,1.17714,0.75,1.49
17.08.2021 01:33:03.245,1.17718,1.17714,0.82,2.44
17.08.2021 01:33:03.347,1.17718,1.1771500000000001,0.75,0.75
17.08.2021 01:33:03.499,1.17719,1.1771500000000001,0.82,2.06
17.08.2021 01:33:05.290,1.17719,1.17716,0.75,0.18
17.08.2021 01:33:05.647,1.1772200000000002,1.17718,2.4,1.87
17.08.2021 01:33:05.750,1.17723,1.1772,1.2,0.75
17.08.2021 01:33:05.904,1.17724,1.1772,0.82,0.75
17.08.2021 01:33:07.540,1.17723,1.1772,0.75,0.75
17.08.2021 01:33:07.641,1.17723,1.17719,0.75,9.48
17.08.2021 01:33:07.743,1.17723,1.1772,0.75,0.75
17.08.2021 01:33:08.609,1.17723,1.17719,0.75,4.76
17.08.2021 01:33:08.711,1.1772200000000002,1.17719,0.75,3
17.08.2021 01:33:08.863,1.17721,1.17719,0.82,0.75
17.08.2021 01:33:08.914,1.17719,1.17716,0.75,2.24
17.08.2021 01:33:09.520,1.17718,1.1771500000000001,0.75,2.14
17.08.2021 01:33:09.673,1.17718,1.17714,0.75,1.5
17.08.2021 01:33:09.774,1.17716,1.17713,0.75,1.87
17.08.2021 01:33:10.601,1.17716,1.17714,0.75,1.5
17.08.2021 01:33:10.703,1.17717,1.17714,0.75,1.69
17.08.2021 01:33:11.365,1.17718,1.17714,0.75,2.44
17.08.2021 01:33:11.467,1.17718,1.1771500000000001,0.75,0.75
17.08.2021 01:33:11.590,1.17717,1.17714,0.82,0.75
17.08.2021 01:33:11.691,1.17717,1.17713,0.75,1.69
17.08.2021 01:33:11.894,1.17716,1.17714,0.75,0.37
17.08.2021 01:33:11.995,1.17716,1.17713,0.75,1.69
17.08.2021 01:33:12.097,1.1771500000000001,1.1771200000000002,0.75,0.94
17.08.2021 01:33:12.768,1.17714,1.17711,0.75,3.06
17.08.2021 01:33:13.561,1.1771500000000001,1.1771200000000002,0.75,0.75
17.08.2021 01:33:13.864,1.17716,1.17714,0.75,0.37
17.08.2021 01:33:13.966,1.17717,1.17714,0.75,1.12
17.08.2021 01:33:14.168,1.17718,1.17714,0.82,2.44
17.08.2021 01:33:14.269,1.17718,1.1771500000000001,0.75,0.37
17.08.2021 01:33:15.533,1.17719,1.1771500000000001,0.82,0.75
17.08.2021 01:33:23.361,1.17719,1.17716,0.75,0.18
17.08.2021 01:33:23.980,1.1772,1.17716,0.82,1.87
17.08.2021 01:33:27.131,1.17719,1.17716,0.75,0.75
17.08.2021 01:33:28.380,1.1772,1.17717,0.82,0.75
17.08.2021 01:33:28.583,1.1772,1.17716,0.82,0.75
17.08.2021 01:33:29.241,1.17718,1.17717,0.75,0.75
17.08.2021 01:33:32.527,1.17718,1.17716,0.75,3.64
17.08.2021 01:33:32.628,1.17718,1.17717,0.75,0.18
17.08.2021 01:33:32.831,1.17719,1.1771500000000001,0.75,4.01
17.08.2021 01:33:33.134,1.17719,1.17716,0.75,1.5
17.08.2021 01:33:33.913,1.1772,1.17716,0.1,0.18
17.08.2021 01:33:34.386,1.17719,1.17716,0.1,0.18
17.08.2021 01:33:34.488,1.17718,1.1771500000000001,0.75,3.56
17.08.2021 01:33:34.893,1.17718,1.17714,0.75,1.5
17.08.2021 01:33:34.995,1.17717,1.17714,0.75,1.68
17.08.2021 01:33:37.755,1.17717,1.17713,0.82,2.05
17.08.2021 01:33:38.210,1.1771500000000001,1.1771200000000002,0.75,2.25
17.08.2021 01:33:38.957,1.1771500000000001,1.17711,0.75,2.88
17.08.2021 01:33:39.059,1.17713,1.1771,0.75,0.75
17.08.2021 01:33:44.940,1.17713,1.17709,0.75,2.32
17.08.2021 01:33:45.042,1.17709,1.17706,0.75,6.97
17.08.2021 01:33:45.144,1.17708,1.17706,0.82,8.62
17.08.2021 01:33:45.295,1.17708,1.1770500000000002,0.75,0.55
17.08.2021 01:33:46.003,1.17707,1.1770500000000002,0.75,2.5
17.08.2021 01:33:46.311,1.17707,1.17704,0.75,0.93
17.08.2021 01:33:47.174,1.17708,1.1770500000000002,0.75,1.12
17.08.2021 01:33:49.072,1.17708,1.17704,0.75,1.57
17.08.2021 01:33:49.224,1.17708,1.1770500000000002,0.75,1.12
17.08.2021 01:33:49.427,1.17708,1.17704,0.75,1.57
17.08.2021 01:33:49.681,1.17706,1.1770200000000002,0.75,1.5
17.08.2021 01:33:49.783,1.17704,1.1770100000000001,0.75,0.37
17.08.2021 01:33:49.986,1.17703,1.1770100000000001,0.75,4.75
17.08.2021 01:33:50.037,1.1770500000000002,1.17704,1.2,1.12
17.08.2021 01:33:50.139,1.17706,1.17704,0.75,0.75
17.08.2021 01:33:50.241,1.17707,1.17704,0.75,1.5
17.08.2021 01:33:50.343,1.17708,1.17704,0.75,1.68
17.08.2021 01:33:50.445,1.17707,1.17704,0.75,1.5
17.08.2021 01:33:50.547,1.17708,1.17704,0.75,1.5
17.08.2021 01:33:51.699,1.17708,1.1770500000000002,0.75,0.1
17.08.2021 01:33:52.402,1.17707,1.17704,0.75,0.82
17.08.2021 01:33:52.503,1.17707,1.1770500000000002,0.75,0.1
17.08.2021 01:33:52.605,1.17708,1.1770500000000002,0.75,0.1
17.08.2021 01:33:53.037,1.17708,1.17704,0.75,1.57
17.08.2021 01:33:53.138,1.17707,1.17704,0.75,1.57
17.08.2021 01:33:53.596,1.17707,1.1770500000000002,0.75,0.1
17.08.2021 01:33:54.201,1.17707,1.17704,0.75,1.2
17.08.2021 01:33:54.302,1.1770500000000002,1.1770200000000002,0.75,5.92
17.08.2021 01:33:54.404,1.17704,1.1770100000000001,0.75,0.45
17.08.2021 01:33:54.505,1.17703,1.1770100000000001,0.75,0.1
17.08.2021 01:33:54.607,1.17703,1.177,0.75,3.63
17.08.2021 01:33:54.708,1.1770200000000002,1.177,0.75,2.25
17.08.2021 01:33:54.861,1.177,1.17697,0.75,0.75
17.08.2021 01:33:54.962,1.17699,1.17696,0.75,1.12
17.08.2021 01:33:55.114,1.1770100000000001,1.17697,0.45,1.5
17.08.2021 01:33:55.317,1.1770200000000002,1.17697,2.02,1.5
17.08.2021 01:33:56.208,1.177,1.17696,0.75,1.75
17.08.2021 01:33:56.311,1.17697,1.17694,0.75,1.95
17.08.2021 01:33:56.817,1.17698,1.17694,0.75,3.82
17.08.2021 01:33:56.969,1.17698,1.1769500000000002,0.75,0.75
17.08.2021 01:33:57.070,1.177,1.17696,1.2,2.88
17.08.2021 01:33:57.172,1.177,1.17697,0.45,1.5
17.08.2021 01:33:57.223,1.1770200000000002,1.17697,2.02,0.75
17.08.2021 01:33:57.274,1.17699,1.1769500000000002,0.75,2.89
17.08.2021 01:33:57.526,1.1770100000000001,1.17697,0.45,1.5
17.08.2021 01:33:57.628,1.1770100000000001,1.17699,0.45,0.37
17.08.2021 01:33:57.679,1.17703,1.17699,1.2,1.5
17.08.2021 01:33:57.781,1.17703,1.177,0.75,0.18
17.08.2021 01:33:57.882,1.17703,1.17699,0.75,2.25
17.08.2021 01:33:58.540,1.17703,1.177,0.75,0.75
17.08.2021 01:33:58.894,1.17704,1.177,0.75,0.75
17.08.2021 01:34:00.351,1.17704,1.1770100000000001,0.82,0.75
17.08.2021 01:34:00.402,1.17703,1.17699,0.82,0.75
17.08.2021 01:34:00.504,1.17703,1.177,0.75,0.75
17.08.2021 01:34:01.077,1.17704,1.177,1.27,0.93
17.08.2021 01:34:01.331,1.17703,1.177,0.75,0.75
17.08.2021 01:34:02.768,1.17703,1.17699,1.46,0.75
17.08.2021 01:34:02.870,1.1770100000000001,1.17698,0.75,0.82
17.08.2021 01:34:02.971,1.177,1.17697,0.75,1.95
17.08.2021 01:34:03.180,1.1770100000000001,1.17698,0.45,1.2
17.08.2021 01:34:03.281,1.1770100000000001,1.17699,0.45,0.1
17.08.2021 01:34:03.382,1.1770200000000002,1.17699,0.75,0.1
17.08.2021 01:34:03.554,1.1770200000000002,1.17698,0.75,1.95
17.08.2021 01:34:04.090,1.17703,1.17699,1.27,0.75
17.08.2021 01:34:04.447,1.1770200000000002,1.17698,0.75,0.82
17.08.2021 01:34:04.548,1.1770200000000002,1.17699,0.75,0.75
17.08.2021 01:34:04.710,1.17703,1.17699,1.27,0.75
17.08.2021 01:34:06.429,1.17703,1.177,0.82,0.75
17.08.2021 01:34:06.480,1.177,1.17697,0.75,0.82
17.08.2021 01:34:06.581,1.1770100000000001,1.17698,0.75,0.75
17.08.2021 01:34:06.682,1.1770200000000002,1.17698,1.2,0.82
17.08.2021 01:34:06.834,1.1770200000000002,1.17699,0.45,1.57
17.08.2021 01:34:06.936,1.1770200000000002,1.177,0.75,1.57
17.08.2021 01:34:07.037,1.1770200000000002,1.1770100000000001,0.75,0.75
17.08.2021 01:34:09.721,1.17704,1.177,0.75,0.82
17.08.2021 01:34:11.230,1.17704,1.1770100000000001,0.75,0.75
17.08.2021 01:34:13.473,1.17706,1.17703,0.45,1.95
17.08.2021 01:34:13.574,1.17708,1.1770500000000002,0.75,0.75
17.08.2021 01:34:13.726,1.17708,1.17704,0.75,0.82
17.08.2021 01:34:13.979,1.1770500000000002,1.17704,0.75,0.75
17.08.2021 01:34:15.685,1.17706,1.1770200000000002,0.75,0.82
17.08.2021 01:34:16.679,1.1770500000000002,1.1770100000000001,0.75,3.06
17.08.2021 01:34:20.232,1.17706,1.17703,1.2,3.64
17.08.2021 01:34:20.333,1.17706,1.17704,0.45,0.1
17.08.2021 01:34:20.435,1.17707,1.17703,0.75,1.95
17.08.2021 01:34:22.406,1.17708,1.17704,0.75,1.38
17.08.2021 01:34:24.209,1.17707,1.17703,0.75,2.7
17.08.2021 01:34:24.362,1.17707,1.17704,0.75,1.2
17.08.2021 01:34:24.565,1.17708,1.17704,0.75,1.75
17.08.2021 01:34:25.663,1.17707,1.17704,0.75,0.82
17.08.2021 01:34:25.916,1.17707,1.1770500000000002,0.75,1.2
17.08.2021 01:34:28.578,1.17708,1.1770500000000002,0.75,0.1
17.08.2021 01:34:28.679,1.17708,1.17704,0.75,2.51
17.08.2021 01:34:28.784,1.17708,1.1770500000000002,0.75,0.1
17.08.2021 01:34:29.736,1.17706,1.17703,0.75,1.12
17.08.2021 01:34:29.837,1.17706,1.1770200000000002,0.75,1
17.08.2021 01:34:29.938,1.1770500000000002,1.1770200000000002,0.75,0.82
17.08.2021 01:34:33.862,1.17704,1.1770100000000001,0.75,1
17.08.2021 01:34:33.965,1.17704,1.177,0.75,0.99
17.08.2021 01:34:34.370,1.17703,1.17699,0.75,1.38
17.08.2021 01:34:34.522,1.17703,1.177,0.75,0.18
17.08.2021 01:34:34.674,1.17704,1.177,0.75,3.07
17.08.2021 01:34:34.776,1.17704,1.1770100000000001,0.75,0.1
17.08.2021 01:34:34.877,1.17704,1.177,0.75,3.07
17.08.2021 01:34:34.979,1.17703,1.1770200000000002,0.75,0.1
17.08.2021 01:34:35.484,1.17704,1.177,0.75,1.95
17.08.2021 01:34:35.585,1.17704,1.1770100000000001,0.75,0.18
17.08.2021 01:34:36.599,1.17704,1.177,0.75,2.13
17.08.2021 01:34:36.889,1.17704,1.1770100000000001,0.75,0.18
17.08.2021 01:34:36.991,1.17704,1.177,0.75,1.38
17.08.2021 01:34:37.397,1.17704,1.1770100000000001,0.75,0.1
17.08.2021 01:34:38.663,1.1770500000000002,1.1770100000000001,0.75,1.38
17.08.2021 01:34:40.836,1.17704,1.1770100000000001,1.12,0.75
17.08.2021 01:34:41.039,1.17704,1.177,1.12,0.82
17.08.2021 01:34:42.408,1.17704,1.1770100000000001,0.75,0.1
17.08.2021 01:34:44.295,1.17706,1.17703,0.75,1.57
17.08.2021 01:34:44.346,1.17708,1.17704,4.2,1.2
17.08.2021 01:34:44.448,1.17708,1.1770500000000002,0.45,0.75
17.08.2021 01:34:44.549,1.17708,1.17704,0.75,2.32
17.08.2021 01:34:45.902,1.17707,1.17703,0.75,1.95
17.08.2021 01:34:47.452,1.17704,1.17703,0.75,0.82
17.08.2021 01:34:47.958,1.1770500000000002,1.1770100000000001,0.75,2.13
17.08.2021 01:34:49.092,1.17704,1.1770100000000001,0.75,0.18
17.08.2021 01:34:49.244,1.17704,1.177,0.75,3.82
17.08.2021 01:34:50.219,1.17704,1.1770100000000001,0.75,0.45
17.08.2021 01:34:51.666,1.17704,1.177,0.75,3.45
17.08.2021 01:34:52.317,1.17704,1.1770100000000001,0.75,0.18
17.08.2021 01:34:53.776,1.1770500000000002,1.1770100000000001,1.12,0.82
17.08.2021 01:34:54.029,1.17704,1.1770100000000001,0.75,0.82
17.08.2021 01:34:54.260,1.1770500000000002,1.1770100000000001,1.12,0.82
17.08.2021 01:34:57.598,1.17704,1.1770100000000001,0.75,0.75
17.08.2021 01:34:57.700,1.17704,1.177,1.12,0.82
17.08.2021 01:35:01.091,1.17704,1.1770100000000001,0.75,0.75
17.08.2021 01:35:04.284,1.1770500000000002,1.1770100000000001,1.12,0.75
17.08.2021 01:35:04.437,1.17703,1.17699,1.87,2.32
17.08.2021 01:35:04.641,1.17704,1.177,1.12,0.82
17.08.2021 01:35:05.599,1.17704,1.1770100000000001,1.12,0.1
17.08.2021 01:35:07.829,1.1770500000000002,1.1770100000000001,1.12,0.75
17.08.2021 01:35:10.751,1.17704,1.1770100000000001,0.75,0.75
17.08.2021 01:35:15.761,1.17708,1.17704,4.87,0.75
17.08.2021 01:35:15.862,1.17708,1.1770500000000002,1.12,0.1
17.08.2021 01:35:16.591,1.17707,1.17704,0.37,1.65
17.08.2021 01:35:16.744,1.17706,1.17704,0.37,0.45
17.08.2021 01:35:16.845,1.17706,1.17703,0.37,0.82
17.08.2021 01:35:16.946,1.17706,1.1770200000000002,1.12,0.82
17.08.2021 01:35:17.148,1.17706,1.17703,0.75,0.1
17.08.2021 01:35:18.495,1.17706,1.17704,0.75,0.1
17.08.2021 01:35:19.594,1.17708,1.17704,1.12,0.82
17.08.2021 01:35:19.696,1.17709,1.1770500000000002,4.12,0.82
17.08.2021 01:35:19.798,1.17709,1.17706,1.12,0.1
17.08.2021 01:35:19.951,1.17709,1.1770500000000002,1.12,1.27
17.08.2021 01:35:21.037,1.17708,1.17707,1.12,0.1
17.08.2021 01:35:23.557,1.1771,1.17706,1.12,2.4
17.08.2021 01:35:23.822,1.1771,1.17707,0.75,0.1
17.08.2021 01:35:23.923,1.17711,1.17707,1.12,1.2
17.08.2021 01:35:24.024,1.17709,1.17708,0.75,1.65
17.08.2021 01:35:34.702,1.17709,1.17707,0.75,3.51
17.08.2021 01:35:36.083,1.1771,1.17707,0.75,0.45
17.08.2021 01:35:36.942,1.17713,1.17709,0.75,1
17.08.2021 01:35:37.146,1.1771200000000002,1.17711,0.75,1.57
17.08.2021 01:35:37.811,1.17714,1.1771,0.75,2.5
17.08.2021 01:35:37.914,1.17717,1.17713,0.75,1.39
17.08.2021 01:35:38.016,1.17719,1.1771500000000001,0.75,1.2
17.08.2021 01:35:42.790,1.17717,1.17716,1.5,0.75
17.08.2021 01:35:42.893,1.17717,1.17713,0.75,0.82
17.08.2021 01:35:42.944,1.1771500000000001,1.1771200000000002,0.75,4.79
17.08.2021 01:35:43.046,1.1771500000000001,1.17711,0.75,1.94
17.08.2021 01:35:43.537,1.17716,1.1771200000000002,3.75,0.75
17.08.2021 01:35:47.812,1.17717,1.17714,4.31,0.75
17.08.2021 01:35:49.060,1.17717,1.17713,4.31,0.75
17.08.2021 01:35:51.469,1.17716,1.17713,0.37,0.75
17.08.2021 01:36:00.295,1.17719,1.17716,0.19,0.75
17.08.2021 01:36:00.548,1.1772,1.17716,0.75,0.75
17.08.2021 01:36:00.852,1.1772200000000002,1.1772,1.12,0.75
17.08.2021 01:36:01.516,1.1772200000000002,1.17719,3.64,0.75
17.08.2021 01:36:02.434,1.17721,1.17717,0.75,1.2
17.08.2021 01:36:02.535,1.17719,1.17716,0.75,3.15
17.08.2021 01:36:02.737,1.17719,1.17717,0.75,0.45
17.08.2021 01:36:03.241,1.17719,1.17716,0.75,3.33
17.08.2021 01:36:03.342,1.1772,1.17717,0.75,0.1
17.08.2021 01:36:03.658,1.17719,1.17716,0.75,2.58
17.08.2021 01:36:03.962,1.17719,1.1771500000000001,0.75,4.08
17.08.2021 01:36:04.457,1.17719,1.17716,0.75,0.18
17.08.2021 01:36:06.349,1.1772,1.17716,0.75,3.52
17.08.2021 01:36:07.214,1.17719,1.17717,0.75,0.45
17.08.2021 01:36:07.418,1.17719,1.1771500000000001,0.75,2.4
17.08.2021 01:36:08.815,1.17719,1.17716,0.75,0.1
17.08.2021 01:36:10.073,1.1772,1.17716,0.75,2.58
17.08.2021 01:36:10.175,1.1772,1.17717,0.75,0.45
17.08.2021 01:36:16.530,1.17719,1.17716,0.75,1.83
17.08.2021 01:36:27.769,1.17719,1.1771500000000001,0.75,3.33
17.08.2021 01:36:30.235,1.17719,1.17716,0.75,0.45
17.08.2021 01:36:30.702,1.1772,1.17716,0.75,2.4
17.08.2021 01:36:31.017,1.1772,1.17717,0.75,0.45
17.08.2021 01:36:31.555,1.1772,1.17716,0.75,2.4
17.08.2021 01:36:32.303,1.1772,1.17717,0.75,0.45
17.08.2021 01:36:32.488,1.1772,1.17716,0.75,2.58
17.08.2021 01:36:32.691,1.1772,1.17717,0.75,0.45
17.08.2021 01:36:32.888,1.1772,1.17716,0.75,2.95
17.08.2021 01:36:33.243,1.1772,1.17717,0.75,0.82
17.08.2021 01:36:33.562,1.17721,1.17717,0.75,2.88
17.08.2021 01:36:33.663,1.17721,1.17718,0.75,0.82
17.08.2021 01:36:35.072,1.17719,1.17717,0.75,1.57
17.08.2021 01:36:35.275,1.17719,1.17716,0.75,3.07
17.08.2021 01:36:35.909,1.1772,1.17717,0.75,0.75
17.08.2021 01:36:36.739,1.17721,1.17717,0.75,2.32
17.08.2021 01:36:37.223,1.17721,1.17718,0.75,0.45
17.08.2021 01:36:41.219,1.17724,1.1772,0.94,1.12
17.08.2021 01:36:41.421,1.17724,1.17721,0.75,1.2
17.08.2021 01:36:47.242,1.1772500000000001,1.1772200000000002,0.75,1.95
17.08.2021 01:36:52.348,1.1772500000000001,1.17723,0.75,1.2
17.08.2021 01:36:54.660,1.1772500000000001,1.1772200000000002,0.75,2.32
17.08.2021 01:36:54.985,1.17724,1.1772200000000002,0.75,0.75
17.08.2021 01:36:55.087,1.17724,1.17721,0.75,1.5
17.08.2021 01:37:01.353,1.1772500000000001,1.17721,0.75,2.77
17.08.2021 01:37:02.430,1.17724,1.17723,0.75,0.75
17.08.2021 01:37:06.746,1.1772500000000001,1.17721,0.75,2.77
17.08.2021 01:37:08.360,1.17727,1.17724,0.75,1.95
17.08.2021 01:37:08.461,1.17729,1.1772600000000002,1.2,0.1
17.08.2021 01:37:08.815,1.1773,1.1772600000000002,0.75,2.02
17.08.2021 01:37:13.658,1.17731,1.17727,0.75,2.02
17.08.2021 01:37:15.828,1.1773,1.1772600000000002,0.75,3.15
17.08.2021 01:37:16.081,1.17729,1.1772500000000001,0.75,4.08
17.08.2021 01:37:19.221,1.1772799999999999,1.17724,1.87,2.7
17.08.2021 01:37:19.323,1.17727,1.17724,0.75,2.32
17.08.2021 01:37:19.424,1.1772600000000002,1.17724,0.75,0.75
17.08.2021 01:37:19.762,1.1772600000000002,1.17723,0.75,1.5
17.08.2021 01:37:21.644,1.17727,1.17723,3.75,1.5
17.08.2021 01:37:22.201,1.17729,1.1772500000000001,0.75,0.75
17.08.2021 01:37:22.303,1.1772799999999999,1.1772500000000001,0.75,0.75
17.08.2021 01:37:22.404,1.1772799999999999,1.17724,0.75,1.95
17.08.2021 01:37:22.859,1.1772799999999999,1.1772500000000001,0.75,0.82
17.08.2021 01:37:22.961,1.17729,1.1772500000000001,0.75,1.57
17.08.2021 01:37:24.861,1.1772799999999999,1.17727,0.75,1.12
17.08.2021 01:37:24.912,1.17731,1.17727,0.75,1.57
17.08.2021 01:37:25.014,1.1773,1.17727,0.75,1.57
17.08.2021 01:37:30.135,1.17731,1.17727,0.75,5.47
17.08.2021 01:37:30.186,1.17733,1.17729,0.75,1.95
17.08.2021 01:37:30.287,1.17734,1.1773,0.75,1.87
17.08.2021 01:37:33.117,1.17733,1.1773,0.75,1.12
17.08.2021 01:37:34.265,1.1773200000000001,1.1773,0.75,2.4
17.08.2021 01:37:34.366,1.1773200000000001,1.1773,0.75,0.37
17.08.2021 01:37:36.079,1.1773200000000001,1.1772799999999999,0.75,1.95
17.08.2021 01:37:36.942,1.1773200000000001,1.17729,0.75,0.37
17.08.2021 01:37:37.203,1.17734,1.1773,0.75,0.75
17.08.2021 01:37:37.305,1.17734,1.17731,0.75,0.75
17.08.2021 01:37:38.872,1.1773500000000001,1.17731,0.75,1.5
17.08.2021 01:37:40.146,1.17734,1.17731,0.75,0.37
17.08.2021 01:37:40.263,1.17733,1.17731,0.75,2.95
