Gmt time,Ask,Bid,AskVolume,BidVolume
19.08.2021 00:00:00.137,1.1703000000000001,1.1702700000000001,0.1,0.75
19.08.2021 00:00:00.646,1.17033,1.17029,1.76,0.75
19.08.2021 00:00:00.848,1.17032,1.1703100000000002,1.76,0.75
19.08.2021 00:00:01.051,1.17034,1.1703000000000001,0.1,0.75
19.08.2021 00:00:01.152,1.17033,1.17029,1.01,1.2
19.08.2021 00:00:01.253,1.17033,1.17028,1.01,2.62
19.08.2021 00:00:01.405,1.17033,1.17029,0.19,0.75
19.08.2021 00:00:01.556,1.17033,1.17028,1.01,4.57
19.08.2021 00:00:01.658,1.17033,1.17029,1.39,4.31
19.08.2021 00:00:01.759,1.17033,1.17029,0.94,0.75
19.08.2021 00:00:02.601,1.17032,1.1702700000000001,0.26,0.75
19.08.2021 00:00:02.703,1.1703100000000002,1.1702700000000001,0.19,0.75
19.08.2021 00:00:02.804,1.1703100000000002,1.17026,0.19,0.75
19.08.2021 00:00:05.003,1.1703000000000001,1.17028,1.31,0.75
19.08.2021 00:00:07.440,1.1703100000000002,1.17028,1.31,0.75
19.08.2021 00:00:07.592,1.1703100000000002,1.1702700000000001,0.75,0.75
19.08.2021 00:00:07.795,1.17032,1.17028,1.39,0.75
19.08.2021 00:00:07.846,1.17034,1.1703000000000001,1.2,0.75
19.08.2021 00:00:07.947,1.17034,1.1703100000000002,0.1,0.75
19.08.2021 00:00:08.149,1.17035,1.1703100000000002,2.89,0.75
19.08.2021 00:00:08.706,1.17036,1.17032,1.01,0.75
19.08.2021 00:00:08.808,1.17038,1.17033,3.07,2.25
19.08.2021 00:00:08.859,1.17038,1.17035,0.37,0.75
19.08.2021 00:00:08.960,1.17039,1.17036,0.1,0.75
19.08.2021 00:00:09.061,1.1704,1.17036,2.14,0.75
19.08.2021 00:00:09.162,1.17039,1.17036,0.37,0.75
19.08.2021 00:00:09.868,1.1704,1.17036,2.14,0.75
19.08.2021 00:00:10.262,1.17039,1.17036,0.37,0.75
19.08.2021 00:00:13.298,1.1703700000000001,1.17035,1.87,0.75
19.08.2021 00:00:13.399,1.1703700000000001,1.17034,4.31,0.75
19.08.2021 00:00:13.501,1.17035,1.17033,2.21,0.75
19.08.2021 00:00:16.470,1.17033,1.1703100000000002,0.1,0.75
19.08.2021 00:00:19.159,1.17033,1.1703000000000001,0.1,0.75
19.08.2021 00:00:21.744,1.17034,1.17032,0.1,0.75
19.08.2021 00:00:21.998,1.17035,1.17032,0.1,0.75
19.08.2021 00:00:23.450,1.1703700000000001,1.17036,0.1,0.75
19.08.2021 00:00:23.501,1.17039,1.17036,0.1,0.75
19.08.2021 00:00:24.006,1.17039,1.1703700000000001,1.57,1.12
19.08.2021 00:00:28.419,1.1704,1.1703700000000001,0.82,0.75
19.08.2021 00:00:29.177,1.17039,1.17036,0.1,0.75
19.08.2021 00:00:30.762,1.1704,1.17036,1.39,0.75
19.08.2021 00:00:32.569,1.1704100000000002,1.1703700000000001,1.95,0.75
19.08.2021 00:00:37.678,1.1704,1.1703700000000001,1.39,0.75
19.08.2021 00:00:37.729,1.1703700000000001,1.17034,1.12,1.95
19.08.2021 00:00:37.830,1.17036,1.17034,0.45,1.2
19.08.2021 00:00:37.881,1.17034,1.17032,0.75,7.5
19.08.2021 00:00:37.983,1.17035,1.1703100000000002,1.2,0.75
19.08.2021 00:00:38.085,1.17032,1.17028,1.2,3.19
19.08.2021 00:00:38.287,1.1703100000000002,1.1702700000000001,0.75,0.75
19.08.2021 00:00:38.603,1.17029,1.1702700000000001,0.37,0.75
19.08.2021 00:00:38.805,1.1703000000000001,1.1702700000000001,0.37,0.75
19.08.2021 00:00:40.543,1.1703100000000002,1.1702700000000001,1.57,0.75
19.08.2021 00:00:42.948,1.1703000000000001,1.17026,0.75,1.69
19.08.2021 00:00:43.525,1.1703100000000002,1.1702700000000001,0.82,0.75
19.08.2021 00:00:47.975,1.17032,1.17028,0.75,0.75
19.08.2021 00:00:48.077,1.1703100000000002,1.1702700000000001,0.75,1.95
19.08.2021 00:00:49.722,1.1703000000000001,1.1702700000000001,0.75,0.75
19.08.2021 00:00:49.925,1.1703100000000002,1.17028,0.75,0.75
19.08.2021 00:00:52.535,1.1703100000000002,1.1702700000000001,0.75,0.75
19.08.2021 00:00:53.250,1.1703100000000002,1.17028,0.75,1.69
19.08.2021 00:00:53.351,1.1703000000000001,1.17028,0.75,2.44
19.08.2021 00:00:54.198,1.17035,1.1703100000000002,2.32,0.75
19.08.2021 00:00:56.381,1.17036,1.17032,1.2,0.75
19.08.2021 00:01:00.843,1.1703700000000001,1.17035,0.75,0.94
19.08.2021 00:01:01.817,1.1703700000000001,1.17033,1.2,0.75
19.08.2021 00:01:02.568,1.17036,1.17032,0.75,1.87
19.08.2021 00:01:06.297,1.17038,1.17034,0.82,0.75
19.08.2021 00:01:08.510,1.1703700000000001,1.17034,0.1,0.75
19.08.2021 00:01:11.160,1.17036,1.17033,0.1,1.12
19.08.2021 00:01:11.920,1.17036,1.17034,0.1,0.75
19.08.2021 00:01:12.021,1.1703700000000001,1.17034,0.1,0.75
19.08.2021 00:01:17.297,1.17038,1.17036,0.1,0.75
19.08.2021 00:01:23.768,1.1703700000000001,1.17035,0.1,0.75
19.08.2021 00:01:25.628,1.17038,1.17036,0.1,0.75
19.08.2021 00:01:27.608,1.17036,1.17034,0.1,2.7
19.08.2021 00:01:27.914,1.17038,1.17034,5.44,0.75
19.08.2021 00:01:28.015,1.17035,1.17033,0.1,0.75
19.08.2021 00:01:29.238,1.17035,1.17032,0.1,1.5
19.08.2021 00:01:30.061,1.17034,1.17032,0.75,1.5
19.08.2021 00:01:30.112,1.1703100000000002,1.17029,0.1,0.75
19.08.2021 00:01:30.213,1.1703000000000001,1.1702700000000001,0.1,9.75
19.08.2021 00:01:33.272,1.1703000000000001,1.17028,0.1,0.75
19.08.2021 00:01:34.273,1.1703000000000001,1.1702700000000001,0.1,1.95
19.08.2021 00:01:34.686,1.1703000000000001,1.17028,0.1,0.75
19.08.2021 00:01:44.810,1.1703100000000002,1.17028,0.82,0.75
19.08.2021 00:01:46.692,1.1703100000000002,1.1702700000000001,2.14,0.75
19.08.2021 00:01:55.451,1.1703000000000001,1.17026,0.75,2.25
19.08.2021 00:01:58.155,1.1703100000000002,1.1702700000000001,1.95,0.75
19.08.2021 00:02:00.399,1.17032,1.17028,0.94,0.75
19.08.2021 00:02:00.502,1.17032,1.17029,0.75,0.75
19.08.2021 00:02:01.477,1.17032,1.17029,1.95,2.44
19.08.2021 00:02:01.578,1.17032,1.17029,0.75,0.75
19.08.2021 00:02:01.680,1.17034,1.1703000000000001,2.51,0.75
19.08.2021 00:02:01.782,1.17034,1.1703100000000002,1.39,0.75
19.08.2021 00:02:01.883,1.17034,1.17032,0.82,0.75
19.08.2021 00:02:02.035,1.17035,1.17032,0.75,0.75
19.08.2021 00:02:18.940,1.17035,1.1703100000000002,0.82,0.75
19.08.2021 00:02:38.666,1.17033,1.1703000000000001,4.01,0.45
19.08.2021 00:02:38.767,1.17032,1.17029,0.45,1.2
19.08.2021 00:02:38.818,1.1703100000000002,1.1702700000000001,0.75,12.75
19.08.2021 00:02:45.711,1.17029,1.17026,0.75,1.57
19.08.2021 00:02:45.813,1.17029,1.17025,0.82,3.15
19.08.2021 00:02:46.167,1.1702700000000001,1.17025,0.75,0.45
19.08.2021 00:02:46.268,1.17026,1.17024,0.82,1.2
19.08.2021 00:02:46.324,1.17025,1.1702299999999999,0.82,0.82
19.08.2021 00:02:47.447,1.17025,1.1702100000000002,0.75,0.82
19.08.2021 00:02:48.003,1.17024,1.1702100000000002,0.75,1.2
19.08.2021 00:02:48.104,1.17024,1.1702000000000001,2.7,0.75
19.08.2021 00:02:48.206,1.17022,1.1702000000000001,0.75,0.75
19.08.2021 00:02:48.636,1.17022,1.17018,0.75,0.75
19.08.2021 00:02:53.855,1.1702100000000002,1.1701700000000002,0.75,2.7
19.08.2021 00:02:54.591,1.17022,1.17019,1.5,0.75
19.08.2021 00:02:54.693,1.17024,1.1702000000000001,1.57,0.75
19.08.2021 00:02:54.845,1.1702299999999999,1.1702000000000001,0.75,0.75
19.08.2021 00:02:54.946,1.17022,1.17019,0.1,1.2
19.08.2021 00:02:55.048,1.1702299999999999,1.17019,1.95,0.75
19.08.2021 00:02:55.149,1.17022,1.17018,1.95,0.75
19.08.2021 00:02:56.321,1.1702100000000002,1.1701700000000002,0.75,0.82
19.08.2021 00:02:58.359,1.17022,1.17018,0.75,0.75
19.08.2021 00:03:01.220,1.1702100000000002,1.1701700000000002,0.75,0.75
19.08.2021 00:03:02.189,1.17022,1.17018,3.07,0.75
19.08.2021 00:03:08.670,1.17022,1.17019,0.1,0.75
19.08.2021 00:03:09.207,1.17022,1.17018,1.95,0.75
19.08.2021 00:03:18.988,1.17022,1.17019,0.75,0.45
19.08.2021 00:03:19.090,1.17022,1.1702100000000002,0.82,0.37
19.08.2021 00:03:19.669,1.17024,1.1702000000000001,0.82,1.2
19.08.2021 00:03:20.193,1.17024,1.1702100000000002,0.82,0.37
19.08.2021 00:03:27.699,1.17024,1.1702000000000001,0.82,0.82
19.08.2021 00:03:33.170,1.1702299999999999,1.17019,3.07,0.1
19.08.2021 00:03:33.220,1.1702000000000001,1.17018,0.75,1.2
19.08.2021 00:03:33.372,1.17019,1.17016,0.75,7.5
19.08.2021 00:03:33.473,1.17019,1.17015,0.75,2.77
19.08.2021 00:03:37.042,1.17019,1.17016,0.75,0.37
19.08.2021 00:03:39.859,1.17022,1.17019,0.75,0.37
19.08.2021 00:03:40.061,1.17022,1.1702100000000002,0.75,1.12
19.08.2021 00:03:40.680,1.1702299999999999,1.17019,0.75,4.65
19.08.2021 00:03:40.782,1.1702299999999999,1.1702000000000001,0.75,1.2
19.08.2021 00:03:41.521,1.1702299999999999,1.17019,0.75,4.65
19.08.2021 00:03:41.623,1.17022,1.17019,0.94,1.2
19.08.2021 00:03:41.724,1.17022,1.17018,0.94,0.82
19.08.2021 00:03:42.975,1.1702100000000002,1.1701700000000002,1.01,0.75
19.08.2021 00:03:43.076,1.1702000000000001,1.17016,0.94,2.02
19.08.2021 00:03:43.279,1.17019,1.17016,0.75,0.1
19.08.2021 00:03:48.266,1.17019,1.17015,0.75,1.5
19.08.2021 00:03:49.443,1.17018,1.17014,0.75,4.27
19.08.2021 00:03:52.117,1.17018,1.17015,0.75,1.2
19.08.2021 00:03:52.886,1.17018,1.17014,0.75,4.46
19.08.2021 00:03:55.383,1.17018,1.17016,0.75,0.1
19.08.2021 00:03:57.149,1.1701700000000002,1.17016,0.75,0.82
19.08.2021 00:03:59.017,1.17018,1.17016,0.75,4.65
19.08.2021 00:04:01.490,1.17019,1.17016,0.75,0.1
19.08.2021 00:04:02.869,1.17019,1.17015,0.75,2.02
19.08.2021 00:04:09.055,1.1701700000000002,1.17015,0.75,0.82
19.08.2021 00:04:12.486,1.1701700000000002,1.17014,0.75,3.52
19.08.2021 00:04:12.638,1.17016,1.17014,0.19,0.45
19.08.2021 00:04:12.739,1.17013,1.17011,0.75,0.37
19.08.2021 00:04:12.840,1.17013,1.1701000000000001,0.75,2.02
19.08.2021 00:04:17.320,1.17013,1.17011,0.75,0.82
19.08.2021 00:04:20.327,1.17016,1.17012,0.64,0.75
19.08.2021 00:04:21.963,1.17014,1.17011,0.75,0.45
19.08.2021 00:04:22.849,1.17013,1.1701000000000001,0.75,0.52
19.08.2021 00:04:27.265,1.17013,1.17011,0.75,0.75
19.08.2021 00:04:27.417,1.17015,1.17012,0.75,1.57
19.08.2021 00:04:27.518,1.17013,1.17012,0.75,1.27
19.08.2021 00:04:27.769,1.17013,1.17011,0.75,0.75
19.08.2021 00:04:29.961,1.17014,1.17011,0.75,0.75
19.08.2021 00:04:43.855,1.17014,1.1701000000000001,0.75,3.07
19.08.2021 00:04:45.121,1.17013,1.1701000000000001,0.75,1.87
19.08.2021 00:04:50.824,1.17009,1.1700700000000002,0.75,2.89
19.08.2021 00:04:50.875,1.17012,1.17008,1.5,0.1
19.08.2021 00:04:50.976,1.17009,1.17006,0.75,8.25
19.08.2021 00:04:51.129,1.17012,1.1700700000000002,2.02,2.14
19.08.2021 00:04:51.331,1.17011,1.1700700000000002,0.75,0.82
19.08.2021 00:04:51.533,1.17009,1.1700700000000002,0.75,1.57
19.08.2021 00:04:51.584,1.17012,1.1700700000000002,3.15,1.76
19.08.2021 00:04:52.307,1.17011,1.1700700000000002,0.75,1.57
19.08.2021 00:04:52.409,1.1701000000000001,1.1700700000000002,0.75,0.82
19.08.2021 00:04:52.611,1.17009,1.1700700000000002,0.94,0.82
19.08.2021 00:04:52.952,1.17011,1.1700700000000002,0.75,1.76
19.08.2021 00:04:53.154,1.1701000000000001,1.1700700000000002,0.75,0.75
19.08.2021 00:04:53.255,1.1701000000000001,1.17006,0.75,0.82
19.08.2021 00:04:55.937,1.17011,1.1700700000000002,0.94,2.7
19.08.2021 00:04:56.039,1.17012,1.17008,1.5,0.1
19.08.2021 00:04:56.218,1.17012,1.1700700000000002,2.96,1.95
19.08.2021 00:04:56.320,1.17011,1.1700700000000002,0.75,0.82
19.08.2021 00:04:56.477,1.1701000000000001,1.17006,0.75,0.82
19.08.2021 00:05:00.556,1.1701000000000001,1.1700700000000002,0.75,0.37
19.08.2021 00:05:07.985,1.1701000000000001,1.17006,0.75,1.2
19.08.2021 00:05:26.821,1.17009,1.17006,0.75,0.1
19.08.2021 00:05:32.378,1.1701000000000001,1.17006,0.75,0.82
19.08.2021 00:05:32.581,1.1701000000000001,1.17008,0.75,1.5
19.08.2021 00:05:32.683,1.17011,1.17008,0.19,0.75
19.08.2021 00:05:33.658,1.1701000000000001,1.1700700000000002,1.01,1.57
19.08.2021 00:05:43.461,1.1701000000000001,1.17006,0.75,0.82
19.08.2021 00:05:48.389,1.17011,1.17009,1.76,0.75
19.08.2021 00:05:48.592,1.17012,1.17009,0.75,0.37
19.08.2021 00:05:48.744,1.17013,1.17009,0.75,1.57
19.08.2021 00:05:50.992,1.17012,1.17008,1.76,0.75
19.08.2021 00:05:51.093,1.17011,1.1700700000000002,0.75,0.82
19.08.2021 00:05:51.716,1.17012,1.17009,0.75,0.75
19.08.2021 00:05:51.817,1.17013,1.17009,1.01,0.75
19.08.2021 00:05:52.260,1.17012,1.17008,0.94,1.2
19.08.2021 00:05:54.347,1.17013,1.17009,0.75,2.7
19.08.2021 00:05:55.172,1.17013,1.1701000000000001,0.75,0.1
19.08.2021 00:05:56.578,1.17014,1.1701000000000001,0.75,3.07
19.08.2021 00:05:56.901,1.17015,1.17012,0.75,1.95
19.08.2021 00:05:57.002,1.17016,1.17013,0.75,0.75
19.08.2021 00:05:57.104,1.1701700000000002,1.17013,0.75,1.57
19.08.2021 00:06:00.263,1.17019,1.17015,0.82,0.75
19.08.2021 00:06:09.115,1.17019,1.17018,0.75,0.1
19.08.2021 00:06:09.217,1.1702100000000002,1.17018,0.75,1.57
19.08.2021 00:06:09.318,1.17019,1.1701700000000002,0.75,0.94
19.08.2021 00:06:09.369,1.1702100000000002,1.1701700000000002,0.75,3.45
19.08.2021 00:06:09.471,1.1702100000000002,1.17018,0.19,1.5
19.08.2021 00:06:09.573,1.17022,1.17019,0.75,1.5
19.08.2021 00:06:09.674,1.1702100000000002,1.1701700000000002,0.75,2.7
19.08.2021 00:06:12.941,1.1702000000000001,1.1701700000000002,0.75,0.75
19.08.2021 00:06:13.230,1.1702100000000002,1.1701700000000002,0.75,1.57
19.08.2021 00:06:13.484,1.1702100000000002,1.1702000000000001,0.75,0.75
19.08.2021 00:06:13.586,1.1702299999999999,1.17019,0.82,1.5
19.08.2021 00:06:13.688,1.17022,1.17019,0.75,1.5
19.08.2021 00:06:14.010,1.1702299999999999,1.1702000000000001,0.82,0.75
19.08.2021 00:06:14.112,1.17024,1.1702000000000001,1.01,1.5
19.08.2021 00:06:24.940,1.17024,1.1702100000000002,0.75,0.75
19.08.2021 00:06:26.044,1.17025,1.1702100000000002,0.82,1.5
19.08.2021 00:06:26.145,1.17026,1.17022,0.82,0.75
19.08.2021 00:06:27.143,1.17029,1.1702700000000001,0.45,2.32
19.08.2021 00:06:27.244,1.17032,1.17028,2.14,1.12
19.08.2021 00:06:27.346,1.17032,1.17029,0.82,0.75
19.08.2021 00:06:27.552,1.17032,1.17028,0.94,1.27
19.08.2021 00:06:27.653,1.1703100000000002,1.17028,1.01,0.45
19.08.2021 00:06:27.754,1.1703100000000002,1.1702700000000001,1.01,1.5
19.08.2021 00:06:30.002,1.1703000000000001,1.1702700000000001,0.26,0.75
19.08.2021 00:06:30.103,1.1703000000000001,1.17026,1.76,1.5
19.08.2021 00:06:30.811,1.17028,1.1702700000000001,1.57,1.5
19.08.2021 00:06:31.911,1.1703000000000001,1.17026,1.76,1.5
19.08.2021 00:06:33.020,1.17029,1.17026,1.57,1.5
19.08.2021 00:06:34.110,1.1703000000000001,1.17026,1.76,1.5
19.08.2021 00:06:34.980,1.1703000000000001,1.1702700000000001,1.76,0.75
19.08.2021 00:06:35.219,1.17029,1.1702700000000001,1.57,0.75
19.08.2021 00:06:36.311,1.17029,1.17028,0.82,0.75
19.08.2021 00:06:37.410,1.17029,1.1702700000000001,1.57,0.75
19.08.2021 00:06:38.510,1.1703000000000001,1.1702700000000001,0.82,0.75
19.08.2021 00:06:39.610,1.17029,1.1702700000000001,1.57,0.75
19.08.2021 00:06:39.921,1.1703000000000001,1.1702700000000001,1.57,0.75
19.08.2021 00:06:40.718,1.1703100000000002,1.1702700000000001,2.14,0.75
19.08.2021 00:06:41.810,1.1703000000000001,1.1702700000000001,1.57,0.75
19.08.2021 00:06:42.966,1.1703100000000002,1.1702700000000001,1.76,0.75
19.08.2021 00:06:44.052,1.1703000000000001,1.1702700000000001,1.57,0.75
19.08.2021 00:06:45.114,1.1703100000000002,1.1702700000000001,1.76,0.75
19.08.2021 00:06:46.210,1.1703000000000001,1.1702700000000001,1.57,0.75
19.08.2021 00:06:47.311,1.1703100000000002,1.1702700000000001,1.76,0.75
19.08.2021 00:06:48.410,1.1703000000000001,1.1702700000000001,1.57,0.75
19.08.2021 00:06:49.514,1.1703100000000002,1.1702700000000001,1.76,0.75
19.08.2021 00:06:50.610,1.1703000000000001,1.1702700000000001,1.57,0.75
19.08.2021 00:06:51.710,1.1703100000000002,1.1702700000000001,1.76,0.75
19.08.2021 00:06:52.811,1.1703000000000001,1.1702700000000001,1.57,0.75
19.08.2021 00:06:53.911,1.1703100000000002,1.1702700000000001,1.76,0.75
19.08.2021 00:06:55.010,1.1703000000000001,1.1702700000000001,1.57,0.75
19.08.2021 00:06:56.158,1.1703000000000001,1.17028,1.76,0.75
19.08.2021 00:06:57.218,1.1703000000000001,1.1702700000000001,1.57,0.75
19.08.2021 00:06:58.315,1.1703100000000002,1.1702700000000001,1.76,0.75
19.08.2021 00:06:59.410,1.1703000000000001,1.1702700000000001,1.57,0.75
19.08.2021 00:07:00.267,1.1703100000000002,1.17028,1.57,1.12
19.08.2021 00:07:00.368,1.17032,1.17029,1.57,0.75
19.08.2021 00:07:00.520,1.17033,1.17029,0.82,0.75
19.08.2021 00:07:01.610,1.17032,1.17029,1.57,0.75
19.08.2021 00:07:02.722,1.17033,1.17029,0.82,0.75
19.08.2021 00:07:03.811,1.17032,1.17029,1.57,0.75
19.08.2021 00:07:04.909,1.17033,1.17029,0.82,0.75
19.08.2021 00:07:06.969,1.17033,1.1703000000000001,0.1,0.75
19.08.2021 00:07:11.619,1.17032,1.17028,1.76,1.5
19.08.2021 00:07:15.940,1.17033,1.17029,1.57,0.75
19.08.2021 00:07:20.413,1.17032,1.17028,0.82,1.12
19.08.2021 00:07:21.526,1.1703000000000001,1.17026,0.75,1.2
19.08.2021 00:07:21.697,1.17028,1.17025,0.75,1.5
19.08.2021 00:07:21.799,1.17026,1.17024,0.75,1.12
19.08.2021 00:07:21.900,1.17026,1.17022,1.2,0.75
19.08.2021 00:07:24.660,1.1702299999999999,1.1702000000000001,0.75,1.5
19.08.2021 00:07:24.711,1.17025,1.1702100000000002,1.57,0.75
19.08.2021 00:07:43.076,1.1702299999999999,1.1702000000000001,0.37,0.75
19.08.2021 00:07:43.573,1.17022,1.17018,0.75,2.62
19.08.2021 00:07:43.775,1.1702100000000002,1.17018,0.75,0.75
19.08.2021 00:07:44.028,1.1702100000000002,1.1701700000000002,1.57,0.75
19.08.2021 00:07:47.678,1.1702000000000001,1.17016,0.82,1.5
19.08.2021 00:08:02.459,1.1702000000000001,1.1701700000000002,0.1,0.75
19.08.2021 00:08:02.560,1.1702100000000002,1.1701700000000002,2.02,0.75
19.08.2021 00:08:02.712,1.17022,1.17019,0.45,0.75
19.08.2021 00:08:02.915,1.1702100000000002,1.17019,1.76,0.75
19.08.2021 00:08:04.909,1.1702299999999999,1.17019,2.4,0.75
19.08.2021 00:08:05.010,1.1702299999999999,1.1702000000000001,0.45,0.75
19.08.2021 00:08:05.111,1.17024,1.1702000000000001,1.95,0.75
19.08.2021 00:08:07.025,1.17025,1.1702100000000002,2.7,0.75
19.08.2021 00:08:07.405,1.17026,1.17022,2.14,0.75
19.08.2021 00:08:13.773,1.1702000000000001,1.1701700000000002,0.75,2.7
19.08.2021 00:08:34.064,1.1702100000000002,1.1701700000000002,2.4,0.75
19.08.2021 00:08:39.940,1.1702100000000002,1.17018,0.75,0.75
19.08.2021 00:08:44.513,1.17022,1.17019,1.5,0.75
19.08.2021 00:08:44.614,1.1702299999999999,1.17019,1.2,0.75
19.08.2021 00:08:44.716,1.1702299999999999,1.1702100000000002,2.4,0.75
19.08.2021 00:08:44.969,1.17024,1.1702100000000002,1.95,0.75
19.08.2021 00:08:47.962,1.17022,1.17019,0.75,0.37
19.08.2021 00:08:48.941,1.17022,1.1702000000000001,0.75,0.75
19.08.2021 00:08:49.483,1.17022,1.17019,0.75,0.75
19.08.2021 00:08:49.912,1.1702100000000002,1.17019,0.75,0.75
19.08.2021 00:08:51.744,1.1702299999999999,1.17019,0.75,1.12
19.08.2021 00:08:52.636,1.17024,1.1702100000000002,0.75,0.75
19.08.2021 00:09:00.646,1.1702299999999999,1.1702000000000001,0.75,0.75
19.08.2021 00:09:01.705,1.1702000000000001,1.17016,1.69,0.75
19.08.2021 00:09:01.857,1.17018,1.17014,0.82,10.2
19.08.2021 00:09:02.009,1.1701700000000002,1.17014,2.44,0.75
19.08.2021 00:09:02.110,1.17014,1.17011,1.5,0.75
19.08.2021 00:09:02.313,1.17013,1.1701000000000001,0.75,0.75
19.08.2021 00:09:02.414,1.17013,1.17009,0.75,0.82
19.08.2021 00:09:02.515,1.17011,1.17008,0.37,0.75
19.08.2021 00:09:02.869,1.17011,1.1700700000000002,1.12,1.57
19.08.2021 00:09:03.724,1.17009,1.17008,0.75,1.5
19.08.2021 00:09:03.826,1.1701000000000001,1.17006,0.82,0.75
19.08.2021 00:09:06.233,1.17009,1.17005,0.75,1.76
19.08.2021 00:09:06.969,1.17009,1.17006,1.5,0.1
19.08.2021 00:09:12.954,1.17009,1.17005,0.75,1.57
19.08.2021 00:09:19.306,1.17006,1.17004,1.57,1.69
19.08.2021 00:09:19.357,1.17005,1.17002,1.5,0.75
19.08.2021 00:09:19.458,1.17005,1.17001,1.57,0.75
19.08.2021 00:09:19.559,1.17004,1.1700000000000002,0.82,0.75
19.08.2021 00:09:20.188,1.17003,1.17002,0.75,0.75
19.08.2021 00:09:24.961,1.17004,1.1700000000000002,0.75,1.57
19.08.2021 00:09:25.062,1.17004,1.17001,0.75,0.75
19.08.2021 00:09:33.620,1.17005,1.17002,0.75,0.75
19.08.2021 00:09:47.292,1.17006,1.17005,0.75,0.1
19.08.2021 00:09:47.393,1.17008,1.17005,0.45,0.75
19.08.2021 00:09:47.494,1.17009,1.17005,0.75,0.82
19.08.2021 00:09:48.280,1.1701000000000001,1.17006,0.75,0.82
19.08.2021 00:09:48.432,1.1701000000000001,1.17008,2.14,0.75
19.08.2021 00:09:52.985,1.17011,1.17008,0.75,0.75
19.08.2021 00:09:53.238,1.17011,1.1700700000000002,0.75,0.82
19.08.2021 00:09:54.200,1.1701000000000001,1.1700700000000002,0.75,0.75
19.08.2021 00:09:54.373,1.1701000000000001,1.17006,0.94,0.75
19.08.2021 00:09:56.277,1.17009,1.17006,0.75,0.75
19.08.2021 00:10:10.083,1.17008,1.17005,0.75,1.5
19.08.2021 00:10:11.647,1.17009,1.17006,1.5,0.75
19.08.2021 00:10:17.859,1.17008,1.17005,0.75,0.75
19.08.2021 00:10:21.606,1.17008,1.17004,0.75,3.07
19.08.2021 00:10:31.538,1.17006,1.17003,0.75,0.45
19.08.2021 00:10:31.639,1.17005,1.17003,0.75,0.45
19.08.2021 00:10:31.740,1.17005,1.17002,0.75,0.75
19.08.2021 00:10:34.634,1.17003,1.17001,0.75,0.75
19.08.2021 00:10:42.947,1.17006,1.17003,0.75,3.19
19.08.2021 00:10:42.998,1.17004,1.17002,0.75,1.12
19.08.2021 00:10:43.548,1.17004,1.17001,0.75,1.2
19.08.2021 00:10:43.859,1.17003,1.17001,0.75,0.82
19.08.2021 00:10:44.866,1.17003,1.1700000000000002,0.75,1.69
19.08.2021 00:11:05.581,1.17003,1.16999,0.37,0.52
19.08.2021 00:11:05.682,1.17001,1.1700000000000002,0.82,1.2
19.08.2021 00:11:05.783,1.17001,1.1699700000000002,0.75,2.96
19.08.2021 00:11:05.885,1.1700000000000002,1.1699700000000002,0.75,1.27
19.08.2021 00:11:05.986,1.16999,1.16996,0.75,4.2
19.08.2021 00:11:07.703,1.16999,1.16998,0.82,0.75
19.08.2021 00:11:08.367,1.17001,1.16998,0.45,0.75
19.08.2021 00:11:08.569,1.17002,1.16999,0.1,0.75
19.08.2021 00:11:09.247,1.17002,1.16998,0.82,2.25
19.08.2021 00:11:09.398,1.17002,1.16999,0.75,0.75
19.08.2021 00:11:13.452,1.17002,1.16998,1.95,1.5
19.08.2021 00:11:13.720,1.17002,1.16999,0.75,0.75
19.08.2021 00:11:19.952,1.17001,1.16999,1.5,2.32
19.08.2021 00:11:20.123,1.17002,1.16999,0.75,0.75
19.08.2021 00:11:25.990,1.1700000000000002,1.1699700000000002,1.5,0.75
19.08.2021 00:11:26.142,1.16999,1.16996,0.75,2.7
19.08.2021 00:11:31.305,1.16998,1.16996,0.75,2.62
19.08.2021 00:11:31.507,1.16998,1.16995,0.75,0.75
19.08.2021 00:11:32.900,1.16996,1.16993,0.75,1.95
19.08.2021 00:11:33.002,1.16995,1.16993,0.75,0.45
19.08.2021 00:11:33.104,1.16995,1.16992,0.75,0.75
19.08.2021 00:11:33.531,1.16994,1.16991,0.75,1.5
19.08.2021 00:11:34.067,1.16993,1.1699000000000002,0.75,1.76
19.08.2021 00:11:39.447,1.16992,1.1699000000000002,0.75,1.01
19.08.2021 00:11:40.656,1.16992,1.16989,0.82,1.95
19.08.2021 00:11:40.758,1.16991,1.16988,0.1,0.45
19.08.2021 00:11:40.859,1.16989,1.1698600000000001,0.75,1.39
19.08.2021 00:11:40.961,1.16988,1.1698600000000001,0.75,3.34
19.08.2021 00:11:41.069,1.16989,1.1698600000000001,0.75,0.1
19.08.2021 00:11:41.170,1.16988,1.16985,0.75,2.14
19.08.2021 00:11:44.612,1.16989,1.1698600000000001,0.75,0.82
19.08.2021 00:11:54.185,1.16989,1.16985,0.75,2.51
19.08.2021 00:11:57.754,1.16985,1.16982,0.75,0.82
19.08.2021 00:11:57.957,1.16984,1.16982,0.75,0.26
19.08.2021 00:11:59.467,1.16984,1.16981,0.75,2.14
19.08.2021 00:12:00.859,1.16983,1.16981,0.75,8.14
19.08.2021 00:12:05.710,1.16984,1.16981,0.75,1.76
19.08.2021 00:12:07.926,1.16983,1.1698,0.75,1.46
19.08.2021 00:12:08.285,1.16982,1.1698,0.75,0.82
19.08.2021 00:12:09.913,1.16982,1.16979,0.75,1.2
19.08.2021 00:12:10.014,1.1698,1.1697700000000002,0.75,2.51
19.08.2021 00:12:10.116,1.1698,1.16978,0.75,0.26
19.08.2021 00:12:10.797,1.1698,1.1697700000000002,0.75,1.76
19.08.2021 00:12:11.858,1.1698,1.16978,0.75,0.1
19.08.2021 00:12:11.960,1.16979,1.16978,0.75,0.82
19.08.2021 00:12:12.191,1.16978,1.1697600000000001,0.75,1.57
19.08.2021 00:12:12.241,1.16978,1.16974,2.25,0.82
19.08.2021 00:12:12.343,1.16975,1.16973,0.75,0.1
19.08.2021 00:12:15.608,1.16974,1.16973,1.87,3.07
19.08.2021 00:12:15.760,1.16972,1.1697,0.75,2.32
19.08.2021 00:12:15.861,1.16972,1.1696900000000001,1.5,2.32
19.08.2021 00:12:15.962,1.1697,1.16968,0.75,1.57
19.08.2021 00:12:16.064,1.16971,1.16968,1.12,1.57
19.08.2021 00:12:16.165,1.1696900000000001,1.1696700000000002,0.75,1.57
19.08.2021 00:12:16.216,1.16971,1.16968,0.45,1.57
19.08.2021 00:12:16.368,1.1697,1.16968,1.12,1.57
19.08.2021 00:12:16.470,1.16972,1.1697,0.75,1.57
19.08.2021 00:12:16.622,1.16973,1.1697,1.5,1.57
19.08.2021 00:12:16.723,1.16973,1.16971,0.75,1.57
19.08.2021 00:12:18.442,1.16972,1.16971,0.75,0.82
19.08.2021 00:12:19.348,1.16972,1.1696900000000001,0.75,0.75
19.08.2021 00:12:19.500,1.16973,1.1696900000000001,1.01,0.75
19.08.2021 00:12:20.469,1.16972,1.1696900000000001,0.75,0.82
19.08.2021 00:12:23.682,1.16972,1.16971,0.94,0.75
19.08.2021 00:12:23.783,1.16974,1.16971,1.39,0.75
19.08.2021 00:12:25.754,1.16973,1.16971,0.19,0.75
19.08.2021 00:12:25.856,1.16973,1.1697,0.94,1.5
19.08.2021 00:12:26.982,1.16974,1.16971,1.01,0.75
19.08.2021 00:12:27.849,1.16973,1.1697,0.75,0.75
19.08.2021 00:12:31.830,1.16974,1.16971,1.01,0.75
19.08.2021 00:12:33.573,1.1697700000000002,1.16974,1.39,0.75
19.08.2021 00:12:33.675,1.1697700000000002,1.16975,0.45,0.75
19.08.2021 00:12:33.776,1.16979,1.1697600000000001,0.94,0.75
19.08.2021 00:12:34.130,1.1698,1.1697600000000001,1.01,0.75
19.08.2021 00:12:34.232,1.16979,1.1697600000000001,0.19,1.5
19.08.2021 00:12:34.484,1.1698,1.1697700000000002,0.94,0.75
19.08.2021 00:12:38.574,1.16981,1.1698,1.2,1.87
19.08.2021 00:12:38.625,1.16984,1.16981,2.96,0.75
19.08.2021 00:12:40.785,1.16985,1.16982,1.01,0.75
19.08.2021 00:12:40.988,1.16983,1.16982,0.19,1.5
19.08.2021 00:12:42.990,1.16985,1.16982,1.01,0.75
19.08.2021 00:12:45.710,1.16983,1.16979,1.69,3.45
19.08.2021 00:12:45.812,1.16982,1.16979,0.75,1.12
19.08.2021 00:12:45.964,1.16981,1.1697700000000002,2.14,0.75
19.08.2021 00:12:46.168,1.1698,1.1697600000000001,0.75,1.57
19.08.2021 00:12:46.916,1.1698,1.1697700000000002,0.75,0.75
19.08.2021 00:12:47.017,1.1698,1.1697600000000001,0.75,1.57
19.08.2021 00:12:49.442,1.16979,1.1697600000000001,0.75,0.75
19.08.2021 00:12:49.544,1.1697700000000002,1.16973,0.75,1.5
19.08.2021 00:12:49.595,1.16978,1.16975,1.27,0.75
19.08.2021 00:12:49.697,1.1697700000000002,1.16975,1.2,0.75
19.08.2021 00:12:49.853,1.1697700000000002,1.16974,0.75,0.75
19.08.2021 00:12:58.639,1.16979,1.16975,2.59,0.75
19.08.2021 00:12:58.791,1.16979,1.1697600000000001,0.64,0.75
19.08.2021 00:12:58.892,1.1698,1.1697600000000001,2.14,0.75
19.08.2021 00:13:00.235,1.16978,1.16975,0.75,2.25
19.08.2021 00:13:01.468,1.16978,1.1697600000000001,0.75,0.75
19.08.2021 00:13:01.631,1.16979,1.1697600000000001,0.75,0.75
19.08.2021 00:13:04.539,1.16978,1.1697600000000001,0.75,0.75
19.08.2021 00:13:04.741,1.1697700000000002,1.16974,0.75,7.95
19.08.2021 00:13:04.842,1.16978,1.16974,0.75,2.32
19.08.2021 00:13:05.011,1.16978,1.1697600000000001,0.94,0.75
19.08.2021 00:13:15.899,1.1697600000000001,1.16973,0.75,3.07
19.08.2021 00:13:16.000,1.16975,1.16972,0.75,1.87
19.08.2021 00:13:16.102,1.16974,1.1697,0.75,2.89
19.08.2021 00:13:18.441,1.16973,1.1697,0.75,2.89
19.08.2021 00:13:20.284,1.16974,1.1697,0.75,2.32
19.08.2021 00:13:21.361,1.16973,1.1697,0.75,1.5
19.08.2021 00:13:21.513,1.16972,1.1696900000000001,0.75,1.87
19.08.2021 00:13:21.665,1.16973,1.1696900000000001,1.95,1.87
19.08.2021 00:13:23.185,1.16973,1.1697,0.75,0.75
19.08.2021 00:13:24.948,1.16974,1.1697,0.75,1.57
19.08.2021 00:13:25.100,1.16974,1.16971,0.75,1.5
19.08.2021 00:13:28.257,1.16974,1.16972,0.75,2.25
19.08.2021 00:13:28.308,1.1697600000000001,1.16973,0.75,0.75
19.08.2021 00:13:29.309,1.16975,1.16972,0.75,0.82
19.08.2021 00:13:29.461,1.1697600000000001,1.16973,0.75,0.75
19.08.2021 00:13:29.968,1.16975,1.16972,0.75,0.82
19.08.2021 00:13:32.029,1.16974,1.16972,0.75,1.57
19.08.2021 00:13:32.130,1.16974,1.16971,0.75,0.82
19.08.2021 00:13:32.232,1.16975,1.16973,0.75,0.75
19.08.2021 00:13:32.333,1.16974,1.16972,0.75,0.75
19.08.2021 00:13:32.435,1.16975,1.16972,0.75,0.75
19.08.2021 00:13:33.512,1.1697600000000001,1.16972,0.75,2.25
19.08.2021 00:13:35.599,1.1697700000000002,1.16973,0.75,4.2
19.08.2021 00:13:36.091,1.16975,1.16973,0.75,0.75
19.08.2021 00:13:36.193,1.16975,1.16972,0.75,0.75
19.08.2021 00:13:36.294,1.16974,1.16972,0.75,0.75
19.08.2021 00:13:36.395,1.16973,1.16971,0.75,0.75
19.08.2021 00:13:38.642,1.16974,1.16971,0.75,0.75
19.08.2021 00:13:45.327,1.16974,1.1697,0.75,2.32
19.08.2021 00:13:47.466,1.16973,1.1697,0.75,4.95
19.08.2021 00:13:47.568,1.16974,1.1697,0.75,3.07
19.08.2021 00:13:49.710,1.16974,1.16972,0.75,0.75
19.08.2021 00:13:56.171,1.16974,1.1697,0.75,2.7
19.08.2021 00:13:57.208,1.16973,1.1697,0.75,2.32
19.08.2021 00:13:58.758,1.16972,1.1697,0.75,1.12
19.08.2021 00:13:58.859,1.16972,1.1697,0.75,2.62
19.08.2021 00:13:58.960,1.16973,1.1696900000000001,0.75,2.7
19.08.2021 00:14:00.839,1.16973,1.1697,0.75,0.75
19.08.2021 00:14:02.422,1.16973,1.1696900000000001,0.75,3.07
19.08.2021 00:14:06.336,1.16973,1.1697,0.75,0.75
19.08.2021 00:14:07.849,1.16974,1.1697,0.75,1.5
19.08.2021 00:14:09.378,1.16973,1.1697,0.75,1.5
19.08.2021 00:14:13.642,1.16972,1.1697,0.75,0.75
19.08.2021 00:14:14.142,1.16973,1.1697,0.75,0.75
19.08.2021 00:14:17.277,1.16974,1.1697,1.57,1.5
19.08.2021 00:14:18.310,1.16973,1.1697,0.1,1.5
19.08.2021 00:14:19.410,1.16974,1.1697,0.82,1.5
19.08.2021 00:14:20.547,1.16973,1.1697,0.1,1.5
19.08.2021 00:14:22.454,1.16974,1.1697,0.75,1.5
19.08.2021 00:14:23.126,1.16974,1.16971,0.82,0.75
19.08.2021 00:14:23.402,1.16974,1.1697,0.82,1.5
19.08.2021 00:14:28.928,1.16972,1.1696900000000001,0.94,0.45
19.08.2021 00:14:29.029,1.16973,1.1697,0.75,0.75
19.08.2021 00:14:29.131,1.16972,1.1696900000000001,0.75,0.75
19.08.2021 00:14:29.283,1.16973,1.1696900000000001,0.75,1.5
19.08.2021 00:14:30.397,1.16974,1.16971,0.75,1.5
19.08.2021 00:14:30.499,1.16975,1.16971,0.94,1.57
19.08.2021 00:14:31.271,1.16972,1.1696900000000001,0.75,1.95
19.08.2021 00:14:31.372,1.16973,1.1696900000000001,0.75,1.95
19.08.2021 00:14:31.726,1.16973,1.1697,0.75,0.75
19.08.2021 00:14:31.827,1.16974,1.1697,0.82,1.5
19.08.2021 00:14:33.154,1.16972,1.1696900000000001,0.75,1.95
19.08.2021 00:14:33.306,1.16971,1.16968,0.94,0.75
19.08.2021 00:14:33.710,1.1696900000000001,1.16968,0.1,2.25
19.08.2021 00:14:33.820,1.1697,1.1696700000000002,0.1,1.5
19.08.2021 00:14:34.831,1.1697,1.16968,1.01,1.5
19.08.2021 00:14:35.910,1.1697,1.1696700000000002,0.1,1.5
19.08.2021 00:14:37.041,1.16971,1.1696700000000002,1.01,1.5
19.08.2021 00:14:38.110,1.1697,1.1696700000000002,0.1,1.5
19.08.2021 00:14:39.210,1.16971,1.1696700000000002,1.01,1.5
19.08.2021 00:14:40.310,1.1697,1.1696700000000002,0.1,1.5
19.08.2021 00:14:48.630,1.1696900000000001,1.1696700000000002,0.75,1.95
19.08.2021 00:14:49.388,1.1697,1.1696700000000002,0.75,1.57
19.08.2021 00:14:51.290,1.1697,1.1696600000000001,0.94,1.57
19.08.2021 00:14:52.348,1.1696900000000001,1.1696600000000001,0.75,0.75
19.08.2021 00:14:52.841,1.1696900000000001,1.16965,0.75,3.15
19.08.2021 00:14:58.938,1.1696900000000001,1.1696600000000001,0.75,0.1
19.08.2021 00:15:01.631,1.16971,1.1696900000000001,0.1,0.75
19.08.2021 00:15:01.682,1.1696900000000001,1.1696700000000002,0.75,0.75
19.08.2021 00:15:01.733,1.16972,1.16968,1.01,0.75
19.08.2021 00:15:01.835,1.1697,1.16968,0.75,1.57
19.08.2021 00:15:05.802,1.16971,1.1696900000000001,0.75,0.75
19.08.2021 00:15:05.904,1.16972,1.1696900000000001,0.75,0.82
19.08.2021 00:15:06.005,1.16973,1.1697,0.75,0.82
19.08.2021 00:15:06.056,1.1697600000000001,1.16972,0.75,0.82
19.08.2021 00:15:06.208,1.16975,1.16971,0.75,2.32
19.08.2021 00:15:07.936,1.1697600000000001,1.16972,0.82,0.75
19.08.2021 00:15:13.464,1.1697700000000002,1.16974,0.75,0.45
19.08.2021 00:15:13.566,1.16978,1.16974,0.75,4.01
19.08.2021 00:15:13.768,1.16978,1.16975,0.75,0.1
19.08.2021 00:15:13.869,1.1697700000000002,1.16973,0.75,2.77
19.08.2021 00:15:13.971,1.1697600000000001,1.16973,0.75,1.2
19.08.2021 00:15:14.072,1.1697600000000001,1.16972,0.75,0.82
19.08.2021 00:15:18.258,1.1697700000000002,1.16974,0.75,1.2
19.08.2021 00:15:18.308,1.16975,1.16973,0.75,3.34
19.08.2021 00:15:18.410,1.1697700000000002,1.16973,0.82,0.75
19.08.2021 00:15:18.474,1.16974,1.16973,0.75,0.82
19.08.2021 00:15:43.800,1.16975,1.16971,0.75,2.7
19.08.2021 00:15:47.620,1.1697600000000001,1.16972,0.75,0.82
19.08.2021 00:15:51.702,1.16975,1.16972,0.75,0.75
19.08.2021 00:15:51.823,1.1697600000000001,1.16973,0.82,1.5
19.08.2021 00:15:51.974,1.1697700000000002,1.16974,0.82,0.75
19.08.2021 00:15:54.663,1.16978,1.16974,0.82,1.5
19.08.2021 00:16:06.940,1.16978,1.16975,0.75,0.75
19.08.2021 00:16:09.449,1.1697600000000001,1.16972,0.75,10.2
19.08.2021 00:16:10.012,1.16974,1.16972,0.75,0.94
19.08.2021 00:16:11.465,1.16974,1.1697,0.75,1.69
19.08.2021 00:16:14.467,1.16972,1.1696900000000001,0.75,1.2
19.08.2021 00:16:14.568,1.16971,1.1696900000000001,0.75,0.45
19.08.2021 00:16:14.670,1.16971,1.1696700000000002,0.82,0.75
19.08.2021 00:16:25.464,1.1697,1.1696600000000001,0.75,2.51
19.08.2021 00:16:26.732,1.1697,1.1696700000000002,0.75,0.75
19.08.2021 00:16:26.833,1.16971,1.1696900000000001,0.75,0.37
19.08.2021 00:16:26.884,1.16973,1.1696900000000001,1.2,1.12
19.08.2021 00:16:29.249,1.16972,1.16968,0.75,2.89
19.08.2021 00:16:29.892,1.16973,1.1696900000000001,0.75,1.31
19.08.2021 00:16:31.023,1.16971,1.16968,0.75,1.69
19.08.2021 00:16:34.725,1.16972,1.16968,0.75,0.94
19.08.2021 00:16:36.194,1.16972,1.1696900000000001,0.75,0.37
19.08.2021 00:16:36.348,1.16972,1.16968,0.75,3.26
19.08.2021 00:16:36.450,1.16973,1.1697,0.75,0.75
19.08.2021 00:16:38.824,1.16973,1.1696900000000001,0.75,0.75
19.08.2021 00:16:42.977,1.16974,1.1697,0.82,0.75
19.08.2021 00:16:51.277,1.16973,1.1696900000000001,0.75,1.69
19.08.2021 00:17:02.003,1.16973,1.1697,0.75,0.75
19.08.2021 00:17:04.300,1.16974,1.1697,0.75,0.75
19.08.2021 00:17:13.897,1.16973,1.1696900000000001,0.82,0.75
19.08.2021 00:17:14.049,1.16972,1.16968,1.57,0.75
19.08.2021 00:17:14.201,1.16971,1.1696700000000002,0.75,1.69
19.08.2021 00:17:18.071,1.16971,1.16968,1.2,0.75
19.08.2021 00:17:18.915,1.16971,1.1696700000000002,1.5,0.75
19.08.2021 00:17:34.730,1.16973,1.1696900000000001,1.2,1.31
19.08.2021 00:17:34.882,1.16974,1.1697,1.57,0.75
19.08.2021 00:17:52.723,1.16971,1.1697,0.75,0.75
19.08.2021 00:17:52.824,1.16972,1.16968,0.75,0.82
19.08.2021 00:17:57.940,1.16971,1.1696700000000002,0.75,0.82
19.08.2021 00:17:59.473,1.16973,1.1697,0.45,0.75
19.08.2021 00:17:59.676,1.16974,1.1697,0.82,0.75
19.08.2021 00:18:02.877,1.16974,1.16971,0.1,0.75
19.08.2021 00:18:17.222,1.16975,1.16971,1.27,0.75
19.08.2021 00:18:21.170,1.1697600000000001,1.16973,0.75,0.75
19.08.2021 00:18:22.380,1.1697600000000001,1.16972,0.75,1.76
19.08.2021 00:18:22.763,1.16978,1.16974,1.65,1.5
19.08.2021 00:18:23.353,1.16979,1.16975,0.82,0.75
19.08.2021 00:18:23.606,1.1698,1.1697600000000001,0.82,0.75
19.08.2021 00:18:24.010,1.16981,1.1697700000000002,1.27,0.75
19.08.2021 00:18:27.138,1.16981,1.16978,0.75,1.5
19.08.2021 00:18:34.959,1.16982,1.16978,2.02,0.75
19.08.2021 00:18:39.940,1.16981,1.1697700000000002,0.75,1.57
19.08.2021 00:18:49.518,1.16981,1.16978,0.1,0.75
19.08.2021 00:18:55.041,1.16983,1.1698,3.45,0.75
19.08.2021 00:18:55.243,1.16984,1.1698,0.75,1.5
19.08.2021 00:18:56.433,1.16985,1.16981,1.95,0.75
19.08.2021 00:18:57.927,1.16984,1.16981,0.1,0.75
19.08.2021 00:18:58.485,1.16985,1.16981,1.27,1.5
19.08.2021 00:18:58.890,1.1698600000000001,1.16983,1.57,0.75
19.08.2021 00:19:02.585,1.1698600000000001,1.16985,0.45,0.75
19.08.2021 00:19:02.688,1.1698700000000002,1.16983,1.2,0.75
19.08.2021 00:19:05.003,1.1698600000000001,1.16983,0.1,0.75
19.08.2021 00:19:05.154,1.1698600000000001,1.16982,0.82,0.75
19.08.2021 00:19:06.345,1.16983,1.16979,1.95,1.2
19.08.2021 00:19:06.447,1.16981,1.1698,1.2,0.45
19.08.2021 00:19:06.549,1.16982,1.16978,2.21,0.75
19.08.2021 00:19:06.702,1.16981,1.1697700000000002,0.75,1.12
19.08.2021 00:19:13.720,1.1698,1.1697700000000002,0.82,0.75
19.08.2021 00:19:14.385,1.1698,1.16978,0.1,0.75
19.08.2021 00:19:23.731,1.1698,1.1697700000000002,0.1,0.75
19.08.2021 00:19:26.451,1.16978,1.16975,1.2,1.69
19.08.2021 00:19:26.553,1.1697700000000002,1.16974,0.1,2.7
19.08.2021 00:19:31.439,1.16978,1.16974,3.52,0.75
19.08.2021 00:19:31.541,1.1697700000000002,1.16974,0.1,0.75
19.08.2021 00:19:37.006,1.1697700000000002,1.16973,1.65,0.75
19.08.2021 00:19:37.650,1.16968,1.1696700000000002,1.5,3.07
19.08.2021 00:19:37.701,1.1697,1.16968,1.12,8.62
19.08.2021 00:19:37.803,1.16968,1.1696600000000001,1.87,0.75
19.08.2021 00:19:37.905,1.1696700000000002,1.16964,0.37,1.5
19.08.2021 00:19:38.209,1.16965,1.16963,0.82,0.75
19.08.2021 00:19:38.663,1.1696600000000001,1.16964,5.96,0.75
19.08.2021 00:19:39.087,1.1696600000000001,1.16963,0.37,0.75
19.08.2021 00:19:39.320,1.16965,1.16963,0.45,0.75
19.08.2021 00:19:39.525,1.1696600000000001,1.16963,0.82,0.75
19.08.2021 00:19:42.197,1.1696600000000001,1.16962,0.75,0.75
19.08.2021 00:19:44.808,1.1696700000000002,1.16963,1.5,0.75
19.08.2021 00:19:44.859,1.16968,1.16965,1.95,0.75
19.08.2021 00:19:44.961,1.16968,1.1696600000000001,0.75,0.75
19.08.2021 00:19:45.063,1.1696900000000001,1.1696600000000001,1.2,0.75
19.08.2021 00:19:45.165,1.1696600000000001,1.16963,0.75,0.75
19.08.2021 00:19:45.267,1.1696600000000001,1.16962,2.81,0.75
19.08.2021 00:19:46.127,1.16965,1.16961,0.75,0.75
19.08.2021 00:19:47.088,1.16963,1.1696,0.37,0.75
19.08.2021 00:19:48.368,1.16963,1.1695900000000001,1.12,0.75
19.08.2021 00:19:49.903,1.16962,1.1695900000000001,0.75,0.75
19.08.2021 00:19:52.539,1.16962,1.16958,0.75,2.32
19.08.2021 00:19:56.715,1.16962,1.1695900000000001,0.75,1.5
19.08.2021 00:19:57.240,1.16961,1.1695900000000001,0.75,1.5
19.08.2021 00:20:02.910,1.16962,1.1695700000000002,2.81,1.5
19.08.2021 00:20:03.063,1.16961,1.1695700000000002,1.69,1.5
19.08.2021 00:20:03.574,1.1695900000000001,1.1695700000000002,0.75,0.75
19.08.2021 00:20:03.625,1.1695900000000001,1.16955,1.5,2.32
19.08.2021 00:20:03.726,1.16961,1.1695700000000002,1.57,1.5
19.08.2021 00:20:03.928,1.1696,1.1695700000000002,0.75,1.5
19.08.2021 00:20:05.802,1.1695900000000001,1.1695600000000002,0.75,0.82
19.08.2021 00:20:06.054,1.1696,1.1695600000000002,0.75,1.2
19.08.2021 00:20:06.838,1.1695900000000001,1.1695600000000002,0.75,0.75
19.08.2021 00:20:07.842,1.1696,1.1695600000000002,0.75,0.75
19.08.2021 00:20:11.976,1.16961,1.1695700000000002,1.95,0.75
19.08.2021 00:20:21.351,1.1695900000000001,1.1695700000000002,0.37,0.75
19.08.2021 00:20:22.337,1.16961,1.1695700000000002,1.2,0.75
19.08.2021 00:20:32.365,1.1696,1.1695700000000002,0.75,0.75
19.08.2021 00:20:36.298,1.1696,1.1695600000000002,0.75,1.5
19.08.2021 00:21:23.724,1.1696,1.1695700000000002,0.75,0.75
19.08.2021 00:21:26.571,1.16961,1.1695700000000002,1.87,0.75
19.08.2021 00:21:36.836,1.1696,1.1695700000000002,0.37,0.75
19.08.2021 00:21:37.456,1.16961,1.1695700000000002,1.87,0.75
19.08.2021 00:21:37.558,1.1696,1.1695700000000002,0.37,0.75
19.08.2021 00:21:39.067,1.16961,1.1695700000000002,1.87,0.75
19.08.2021 00:21:39.168,1.1696,1.1695700000000002,0.75,0.75
19.08.2021 00:21:40.939,1.16961,1.1695700000000002,2.25,0.75
19.08.2021 00:21:51.890,1.1696,1.1695600000000002,0.75,1.57
19.08.2021 00:21:55.958,1.16961,1.1695700000000002,1.12,0.75
19.08.2021 00:22:01.033,1.1695900000000001,1.1695700000000002,1.5,0.75
19.08.2021 00:22:01.084,1.1695900000000001,1.16955,2.62,1.95
19.08.2021 00:22:02.376,1.1695700000000002,1.16953,0.75,0.75
19.08.2021 00:22:02.529,1.16955,1.1695200000000001,0.75,0.75
19.08.2021 00:22:02.732,1.16955,1.16951,0.75,0.82
19.08.2021 00:22:12.788,1.16951,1.16949,0.75,1.95
19.08.2021 00:22:12.839,1.1694700000000002,1.16945,1.5,1.39
19.08.2021 00:22:12.890,1.1694600000000002,1.16943,0.75,1.31
19.08.2021 00:22:12.941,1.16943,1.16941,2.32,0.75
19.08.2021 00:22:13.093,1.16943,1.1694,0.75,0.45
19.08.2021 00:22:13.195,1.16943,1.16941,1.01,1.5
19.08.2021 00:22:13.347,1.16944,1.16941,0.75,0.75
19.08.2021 00:22:13.448,1.16945,1.16941,1.39,0.75
19.08.2021 00:22:13.600,1.1694600000000002,1.1694200000000001,0.82,0.75
19.08.2021 00:22:13.702,1.1694700000000002,1.16944,0.52,0.75
19.08.2021 00:22:13.803,1.16949,1.16945,2.14,0.75
19.08.2021 00:22:17.638,1.16948,1.1694700000000002,0.26,0.75
19.08.2021 00:22:17.689,1.16951,1.16949,0.45,0.75
19.08.2021 00:22:17.791,1.16951,1.16948,0.75,0.75
19.08.2021 00:22:23.097,1.1695,1.1694700000000002,0.75,0.75
19.08.2021 00:22:25.684,1.1695,1.1694600000000002,1.39,0.75
19.08.2021 00:22:27.715,1.16948,1.16945,3.26,0.75
19.08.2021 00:22:27.817,1.16948,1.16944,1.57,1.2
19.08.2021 00:22:27.919,1.16948,1.16945,0.82,0.75
19.08.2021 00:22:28.069,1.16948,1.16944,1.57,0.75
19.08.2021 00:22:29.281,1.1694700000000002,1.16944,0.75,0.75
19.08.2021 00:22:30.095,1.16948,1.16944,2.32,0.75
19.08.2021 00:22:30.196,1.16949,1.16945,2.21,0.75
19.08.2021 00:22:33.317,1.16948,1.16945,0.75,0.75
19.08.2021 00:22:35.146,1.16949,1.16945,1.2,0.75
19.08.2021 00:22:35.298,1.16948,1.16944,0.75,0.82
19.08.2021 00:22:35.399,1.16948,1.16945,0.75,0.75
19.08.2021 00:22:35.501,1.16948,1.16944,0.75,0.82
19.08.2021 00:22:35.602,1.1694700000000002,1.16944,0.75,0.82
19.08.2021 00:22:35.856,1.16948,1.16944,0.75,0.82
19.08.2021 00:22:35.958,1.16948,1.16945,0.75,0.75
19.08.2021 00:22:43.260,1.1694700000000002,1.16943,0.75,2.7
19.08.2021 00:22:43.362,1.1694600000000002,1.16943,0.75,1.95
19.08.2021 00:22:43.748,1.1694600000000002,1.1694200000000001,0.75,1.5
19.08.2021 00:22:46.011,1.16945,1.16941,0.75,1.5
19.08.2021 00:22:48.264,1.16944,1.16941,0.75,0.75
19.08.2021 00:22:49.710,1.16945,1.16941,1.5,1.5
19.08.2021 00:22:50.903,1.16944,1.16941,1.69,0.75
19.08.2021 00:22:51.004,1.16943,1.16939,3.82,1.2
19.08.2021 00:22:51.897,1.1694200000000001,1.16939,0.75,0.75
19.08.2021 00:22:52.556,1.1694200000000001,1.16938,0.75,1.5
19.08.2021 00:22:52.657,1.16941,1.16938,0.75,0.75
19.08.2021 00:22:52.758,1.16941,1.16937,0.75,1.5
19.08.2021 00:22:52.911,1.16939,1.1693600000000002,0.75,1.95
19.08.2021 00:22:53.113,1.16939,1.1693500000000001,0.75,0.75
19.08.2021 00:22:53.215,1.16938,1.16934,0.75,1.95
19.08.2021 00:22:53.317,1.1693600000000002,1.16933,0.94,1.5
19.08.2021 00:22:53.419,1.16934,1.1693200000000001,0.75,1.2
19.08.2021 00:22:53.521,1.16934,1.16931,0.75,0.74
19.08.2021 00:22:53.622,1.16934,1.1693200000000001,0.75,0.74
19.08.2021 00:22:53.801,1.16934,1.16931,0.75,1.2
19.08.2021 00:22:54.207,1.16933,1.16931,0.75,0.45
19.08.2021 00:22:54.309,1.1693200000000001,1.1692799999999999,0.75,0.75
19.08.2021 00:22:56.802,1.1693200000000001,1.1693,1.5,2.7
19.08.2021 00:22:56.903,1.1693200000000001,1.16931,1.5,0.75
19.08.2021 00:22:58.124,1.16933,1.16931,0.75,0.75
19.08.2021 00:22:58.226,1.16934,1.1693200000000001,0.75,1.57
19.08.2021 00:23:01.962,1.16934,1.1693200000000001,0.75,0.75
19.08.2021 00:23:02.064,1.1693500000000001,1.1693200000000001,0.75,0.1
19.08.2021 00:23:02.513,1.1693500000000001,1.16931,0.75,2.77
19.08.2021 00:23:04.931,1.16934,1.16931,0.75,2.02
19.08.2021 00:23:09.990,1.1693500000000001,1.16931,0.75,2.96
19.08.2021 00:23:15.534,1.16934,1.16931,0.75,0.82
19.08.2021 00:23:15.635,1.1693500000000001,1.16931,0.82,0.75
19.08.2021 00:23:15.737,1.1693500000000001,1.1693200000000001,0.1,0.75
19.08.2021 00:23:21.425,1.16934,1.1693200000000001,1.5,0.75
19.08.2021 00:23:21.526,1.16934,1.16931,0.82,0.75
19.08.2021 00:23:23.780,1.16934,1.1693200000000001,0.1,0.75
19.08.2021 00:23:24.259,1.16933,1.1693,1.2,0.75
19.08.2021 00:23:31.307,1.16931,1.1693,1.39,0.75
19.08.2021 00:23:31.560,1.16931,1.16927,1.69,1.57
19.08.2021 00:23:31.669,1.1693,1.1692799999999999,0.19,0.75
19.08.2021 00:23:31.771,1.1693,1.16927,0.19,1.5
19.08.2021 00:23:34.732,1.1693,1.1692600000000002,1.01,1.5
19.08.2021 00:23:37.506,1.16929,1.1692600000000002,0.75,0.75
19.08.2021 00:23:37.557,1.1692600000000002,1.16923,0.75,0.82
19.08.2021 00:23:37.659,1.1692500000000001,1.16923,0.94,2.02
19.08.2021 00:23:37.760,1.1692500000000001,1.1692200000000001,0.75,1.5
19.08.2021 00:23:39.011,1.1692500000000001,1.16921,0.82,1.5
19.08.2021 00:23:39.903,1.16924,1.16921,0.75,1.5
19.08.2021 00:23:40.416,1.16923,1.16921,0.75,0.75
19.08.2021 00:23:40.520,1.16924,1.16921,2.44,0.75
19.08.2021 00:23:40.571,1.1692200000000001,1.1691799999999999,0.75,3.07
19.08.2021 00:23:40.672,1.16921,1.16917,0.75,2.32
19.08.2021 00:23:40.723,1.16917,1.1691500000000001,0.75,2.7
19.08.2021 00:23:40.774,1.16919,1.1691600000000002,0.75,0.75
19.08.2021 00:23:40.875,1.16919,1.1691500000000001,0.75,0.75
19.08.2021 00:23:40.977,1.16921,1.1691799999999999,1.5,2.62
19.08.2021 00:23:41.129,1.1692200000000001,1.1691799999999999,0.75,0.82
19.08.2021 00:23:41.230,1.1692200000000001,1.16919,0.75,1.12
19.08.2021 00:23:41.382,1.1692200000000001,1.1691799999999999,0.75,4.76
19.08.2021 00:23:41.533,1.1692200000000001,1.16919,0.75,0.75
19.08.2021 00:23:42.497,1.16924,1.1692,1.5,0.75
19.08.2021 00:23:44.229,1.16924,1.16921,0.75,0.75
19.08.2021 00:23:44.331,1.1692500000000001,1.1692200000000001,0.94,0.75
19.08.2021 00:23:45.937,1.1692600000000002,1.1692200000000001,2.51,0.75
19.08.2021 00:23:46.168,1.1692600000000002,1.16924,0.75,0.75
19.08.2021 00:23:46.269,1.1692600000000002,1.1692200000000001,0.94,0.75
19.08.2021 00:23:57.490,1.1692500000000001,1.16921,0.75,2.51
19.08.2021 00:24:12.340,1.16923,1.1692200000000001,0.75,0.75
19.08.2021 00:24:13.434,1.16923,1.16921,0.75,3.34
19.08.2021 00:24:14.358,1.1692200000000001,1.16919,0.75,1.95
19.08.2021 00:24:14.460,1.16921,1.16919,0.75,1.2
19.08.2021 00:24:14.562,1.1692,1.16917,0.75,0.26
19.08.2021 00:24:14.663,1.16919,1.1691600000000002,0.75,0.64
19.08.2021 00:24:14.815,1.16919,1.1691500000000001,0.75,1.84
19.08.2021 00:24:15.119,1.1691600000000002,1.1691200000000002,0.75,4.46
19.08.2021 00:24:15.271,1.1691600000000002,1.16913,0.75,1.01
19.08.2021 00:24:15.730,1.1691799999999999,1.16914,1.5,0.75
19.08.2021 00:24:18.560,1.16917,1.1691600000000002,0.19,0.75
19.08.2021 00:24:19.004,1.1691799999999999,1.16914,0.94,0.75
19.08.2021 00:24:19.383,1.16917,1.16914,0.75,0.75
19.08.2021 00:24:21.720,1.16917,1.16913,0.94,0.75
19.08.2021 00:24:21.923,1.1691799999999999,1.16914,2.14,1.12
19.08.2021 00:24:22.025,1.1691799999999999,1.1691600000000002,0.64,0.75
19.08.2021 00:24:22.126,1.16919,1.1691600000000002,1.69,0.75
19.08.2021 00:24:22.381,1.1692,1.1691600000000002,2.51,0.75
19.08.2021 00:24:22.482,1.1691799999999999,1.16917,0.19,0.75
19.08.2021 00:24:24.256,1.1691799999999999,1.1691600000000002,0.75,0.75
19.08.2021 00:24:27.817,1.1691799999999999,1.1691500000000001,0.94,0.75
19.08.2021 00:24:28.767,1.16914,1.1691200000000002,1.5,1.2
19.08.2021 00:24:28.919,1.1691500000000001,1.16911,0.82,0.75
19.08.2021 00:24:29.278,1.16914,1.16911,0.75,0.75
19.08.2021 00:24:30.717,1.1691500000000001,1.16911,2.51,0.75
19.08.2021 00:24:31.717,1.16914,1.16911,0.75,0.75
19.08.2021 00:24:32.726,1.16913,1.16911,0.75,0.75
19.08.2021 00:24:33.316,1.16914,1.16911,0.75,0.75
19.08.2021 00:24:36.940,1.1691500000000001,1.16911,1.76,0.75
19.08.2021 00:24:38.095,1.1691200000000002,1.1691,0.75,0.75
19.08.2021 00:24:38.147,1.16911,1.16908,0.82,1.2
19.08.2021 00:24:38.248,1.16913,1.16909,2.51,0.75
19.08.2021 00:24:38.350,1.16913,1.1691,3.26,0.75
19.08.2021 00:24:38.658,1.1691200000000002,1.16909,0.75,0.75
19.08.2021 00:24:39.366,1.1691,1.16909,0.75,0.1
19.08.2021 00:24:39.722,1.1691200000000002,1.16909,0.94,0.75
19.08.2021 00:24:39.893,1.16911,1.16908,0.75,0.82
19.08.2021 00:24:40.285,1.1691200000000002,1.16909,1.69,0.75
19.08.2021 00:24:40.503,1.16911,1.16908,0.75,0.82
19.08.2021 00:24:41.534,1.16911,1.16907,0.75,1.95
19.08.2021 00:24:41.931,1.16911,1.16909,1.76,0.75
19.08.2021 00:24:42.153,1.16911,1.16907,0.75,1.95
19.08.2021 00:24:42.496,1.16911,1.16909,0.82,0.75
19.08.2021 00:24:42.649,1.16911,1.16907,0.75,1.95
19.08.2021 00:24:42.801,1.1691,1.16907,0.75,0.82
19.08.2021 00:24:42.902,1.16909,1.16906,0.75,1.27
19.08.2021 00:24:42.953,1.1691200000000002,1.16908,1.57,0.75
19.08.2021 00:24:43.055,1.16913,1.16909,1.5,0.82
19.08.2021 00:24:43.998,1.1691200000000002,1.16909,0.75,0.75
19.08.2021 00:24:44.397,1.1691200000000002,1.16908,0.75,0.82
19.08.2021 00:24:45.496,1.16911,1.16908,0.75,0.1
19.08.2021 00:24:45.846,1.1691200000000002,1.16908,0.75,0.82
19.08.2021 00:24:46.049,1.16911,1.16908,0.75,0.1
19.08.2021 00:24:46.368,1.1691200000000002,1.16909,0.75,0.75
19.08.2021 00:24:46.596,1.16911,1.16908,0.75,0.1
19.08.2021 00:24:46.925,1.16913,1.16909,3.64,0.75
19.08.2021 00:24:47.145,1.16911,1.16908,0.75,0.82
19.08.2021 00:24:47.524,1.16913,1.16909,3.64,0.75
19.08.2021 00:24:47.682,1.16911,1.16908,0.75,0.82
19.08.2021 00:24:48.047,1.1691200000000002,1.16909,0.75,0.75
19.08.2021 00:24:48.259,1.1691,1.16909,0.75,0.75
19.08.2021 00:24:49.731,1.16911,1.16909,2.51,0.75
19.08.2021 00:24:49.906,1.1691,1.16908,0.75,2.77
19.08.2021 00:24:50.062,1.1691200000000002,1.16909,1.57,0.75
19.08.2021 00:24:50.113,1.16911,1.16907,0.75,2.77
19.08.2021 00:24:50.164,1.1691200000000002,1.16909,2.51,0.75
19.08.2021 00:24:50.265,1.16911,1.16907,0.75,2.77
19.08.2021 00:24:50.320,1.1691200000000002,1.16909,2.51,0.75
19.08.2021 00:24:51.302,1.16911,1.16907,0.75,2.02
19.08.2021 00:24:51.403,1.1691200000000002,1.16909,2.51,0.75
19.08.2021 00:24:51.453,1.16911,1.16907,0.75,2.02
19.08.2021 00:24:51.555,1.1691200000000002,1.16909,1.57,0.75
19.08.2021 00:24:51.605,1.16911,1.16907,0.75,2.02
19.08.2021 00:24:51.707,1.1691200000000002,1.16909,1.57,0.75
19.08.2021 00:24:52.115,1.16911,1.16907,0.75,2.02
19.08.2021 00:24:52.166,1.1691200000000002,1.16909,1.57,0.75
19.08.2021 00:24:52.368,1.16911,1.16907,0.75,2.02
19.08.2021 00:24:52.419,1.1691200000000002,1.16909,2.51,0.75
19.08.2021 00:24:52.621,1.1691,1.16908,0.75,2.02
19.08.2021 00:24:52.777,1.1691200000000002,1.16909,1.76,0.75
19.08.2021 00:24:52.828,1.16911,1.16907,0.75,2.02
19.08.2021 00:24:52.879,1.16911,1.16909,2.51,0.75
19.08.2021 00:24:53.402,1.16911,1.16907,0.75,2.02
19.08.2021 00:24:53.452,1.1691200000000002,1.16909,1.57,0.75
19.08.2021 00:24:53.654,1.16911,1.16907,0.75,2.02
19.08.2021 00:24:53.705,1.1691200000000002,1.16909,2.51,0.75
19.08.2021 00:24:56.470,1.1691200000000002,1.16908,2.51,0.75
19.08.2021 00:24:59.273,1.1691200000000002,1.16906,2.51,3.45
19.08.2021 00:24:59.375,1.1691200000000002,1.16907,2.32,2.25
19.08.2021 00:24:59.425,1.1691200000000002,1.16909,1.57,0.75
19.08.2021 00:25:01.624,1.16911,1.16907,0.75,2.25
19.08.2021 00:25:01.731,1.16909,1.16906,0.75,1.57
19.08.2021 00:25:01.832,1.1691,1.16907,0.75,1.87
19.08.2021 00:25:01.984,1.16907,1.16904,0.75,1.2
19.08.2021 00:25:02.085,1.1691,1.16908,1.2,0.75
19.08.2021 00:25:02.136,1.16909,1.16906,0.75,0.75
19.08.2021 00:25:02.186,1.16911,1.16908,2.51,0.75
19.08.2021 00:25:02.237,1.16909,1.16907,0.75,1.57
19.08.2021 00:25:02.338,1.16909,1.16907,0.75,0.75
19.08.2021 00:25:02.440,1.16908,1.16907,0.75,1.12
19.08.2021 00:25:02.541,1.1691,1.1690500000000001,0.26,1.12
19.08.2021 00:25:02.643,1.16911,1.16908,1.57,0.75
19.08.2021 00:25:04.652,1.1691200000000002,1.16908,1.95,0.75
19.08.2021 00:25:04.855,1.16909,1.16907,0.75,3.82
19.08.2021 00:25:04.956,1.16911,1.16907,0.94,1.5
19.08.2021 00:25:05.007,1.16911,1.16909,0.82,0.75
19.08.2021 00:25:05.312,1.1691200000000002,1.16909,2.96,0.75
19.08.2021 00:25:06.143,1.16911,1.16907,0.75,1.87
19.08.2021 00:25:06.194,1.16911,1.16909,2.51,0.75
19.08.2021 00:25:06.296,1.16907,1.1690500000000001,5.7,1.12
19.08.2021 00:25:06.347,1.1690500000000001,1.16903,0.75,0.75
19.08.2021 00:25:06.499,1.16904,1.1690200000000002,2.44,8.25
19.08.2021 00:25:07.165,1.16901,1.16899,0.75,0.1
19.08.2021 00:25:07.216,1.16896,1.16894,1.5,8.25
19.08.2021 00:25:07.318,1.16897,1.16894,1.2,0.75
19.08.2021 00:25:07.369,1.16894,1.1689100000000001,0.1,0.75
19.08.2021 00:25:07.470,1.16893,1.1689100000000001,0.75,0.1
19.08.2021 00:25:07.571,1.16893,1.1689,0.75,0.75
19.08.2021 00:25:07.774,1.16893,1.1689100000000001,0.75,0.1
19.08.2021 00:25:07.875,1.16894,1.1689100000000001,0.75,0.82
19.08.2021 00:25:08.230,1.16893,1.1689100000000001,0.75,0.1
19.08.2021 00:25:08.331,1.1689200000000002,1.16889,0.94,0.75
19.08.2021 00:25:08.382,1.1689,1.16887,0.75,1.69
19.08.2021 00:25:08.483,1.1689100000000001,1.16888,0.75,0.75
19.08.2021 00:25:09.264,1.16889,1.16888,0.19,0.75
19.08.2021 00:25:09.366,1.1689,1.16887,0.75,0.75
19.08.2021 00:25:09.722,1.1689,1.16888,0.75,0.75
19.08.2021 00:25:09.824,1.16894,1.1689100000000001,1.2,0.75
19.08.2021 00:25:10.433,1.1689500000000002,1.1689100000000001,2.44,0.75
19.08.2021 00:25:10.535,1.16894,1.1689,0.75,0.75
19.08.2021 00:25:11.169,1.1689500000000002,1.1689200000000002,1.2,0.75
19.08.2021 00:25:11.798,1.1689500000000002,1.16893,1.39,0.75
19.08.2021 00:25:11.951,1.16896,1.16893,0.75,0.75
19.08.2021 00:25:12.708,1.16896,1.1689500000000002,0.82,0.1
19.08.2021 00:25:12.809,1.16896,1.16893,0.75,1.57
19.08.2021 00:25:12.911,1.16898,1.1689500000000002,1.2,0.75
19.08.2021 00:25:13.012,1.16899,1.16896,1.2,0.75
19.08.2021 00:25:13.988,1.169,1.16897,1.69,0.75
19.08.2021 00:25:15.466,1.16897,1.16896,0.75,0.82
19.08.2021 00:25:16.377,1.16896,1.1689200000000002,0.75,1.57
19.08.2021 00:25:16.478,1.16898,1.1689500000000002,1.31,0.82
19.08.2021 00:25:16.580,1.1689500000000002,1.16894,0.75,0.82
19.08.2021 00:25:16.681,1.1689500000000002,1.1689200000000002,0.75,0.82
19.08.2021 00:25:17.178,1.1689500000000002,1.16893,0.75,0.1
19.08.2021 00:25:18.248,1.16896,1.16893,0.75,0.82
19.08.2021 00:25:18.607,1.16897,1.16894,0.75,0.75
19.08.2021 00:25:18.708,1.16896,1.16893,0.75,1.2
19.08.2021 00:25:18.994,1.16896,1.1689200000000002,0.75,0.82
19.08.2021 00:25:19.095,1.1689500000000002,1.1689200000000002,0.75,0.82
19.08.2021 00:25:19.708,1.16894,1.1689100000000001,0.75,2.89
19.08.2021 00:25:20.214,1.16896,1.16894,0.45,0.1
19.08.2021 00:25:20.316,1.16897,1.16896,1.2,0.75
19.08.2021 00:25:20.518,1.1689500000000002,1.1689200000000002,0.75,0.82
19.08.2021 00:25:20.620,1.16893,1.1689,1.5,1.2
19.08.2021 00:25:20.670,1.1689,1.16888,0.75,0.1
19.08.2021 00:25:20.721,1.16893,1.1689,0.75,0.1
19.08.2021 00:25:20.822,1.1689,1.16887,0.75,0.82
19.08.2021 00:25:22.917,1.16889,1.16886,0.75,1.5
19.08.2021 00:25:24.110,1.16889,1.1688500000000002,0.75,0.75
19.08.2021 00:25:24.725,1.16887,1.1688500000000002,0.75,0.75
19.08.2021 00:25:24.775,1.16886,1.16884,0.75,1.87
19.08.2021 00:25:24.826,1.16888,1.1688500000000002,0.75,0.75
19.08.2021 00:25:24.877,1.16887,1.16883,0.75,4.2
19.08.2021 00:25:24.928,1.16888,1.1688500000000002,1.2,0.75
19.08.2021 00:25:25.130,1.16887,1.1688500000000002,0.94,0.75
19.08.2021 00:25:25.181,1.16886,1.16883,0.75,0.75
19.08.2021 00:25:25.282,1.1688500000000002,1.1688200000000002,0.75,0.75
19.08.2021 00:25:25.384,1.1688500000000002,1.1688100000000001,0.75,0.82
19.08.2021 00:25:26.449,1.16884,1.1688,0.75,2.14
19.08.2021 00:25:26.691,1.16883,1.1688,0.75,2.14
19.08.2021 00:25:27.543,1.16879,1.16877,0.75,0.94
19.08.2021 00:25:27.594,1.1688100000000001,1.16878,1.5,1.76
19.08.2021 00:25:27.645,1.16879,1.16877,0.75,0.82
19.08.2021 00:25:27.797,1.16879,1.16875,0.75,0.75
19.08.2021 00:25:27.899,1.16879,1.16876,0.75,0.75
19.08.2021 00:25:28.000,1.16878,1.16876,0.75,0.82
19.08.2021 00:25:28.101,1.16877,1.1687400000000001,0.75,0.75
19.08.2021 00:25:28.255,1.16878,1.16875,0.75,0.75
19.08.2021 00:25:28.458,1.16877,1.16875,1.2,0.75
19.08.2021 00:25:29.037,1.16877,1.1687400000000001,0.75,0.75
19.08.2021 00:25:29.140,1.16878,1.1687400000000001,0.75,1.2
19.08.2021 00:25:29.343,1.16878,1.16875,0.75,0.75
19.08.2021 00:25:30.265,1.16879,1.16875,0.75,1.12
19.08.2021 00:25:30.670,1.16878,1.16875,1.12,0.75
19.08.2021 00:25:30.721,1.16875,1.1687200000000002,0.75,0.75
19.08.2021 00:25:30.822,1.16875,1.1687100000000001,0.75,1.2
19.08.2021 00:25:31.025,1.1687400000000001,1.1687100000000001,0.75,0.75
19.08.2021 00:25:31.126,1.16875,1.1687100000000001,0.75,1.31
19.08.2021 00:25:31.464,1.16875,1.1687400000000001,0.75,1.87
19.08.2021 00:25:31.565,1.16878,1.16875,1.57,0.75
19.08.2021 00:25:31.919,1.16878,1.1687400000000001,1.57,0.75
19.08.2021 00:25:32.021,1.16877,1.1687400000000001,0.75,0.82
19.08.2021 00:25:33.896,1.16878,1.1687400000000001,0.75,0.75
19.08.2021 00:25:33.947,1.16875,1.1687200000000002,0.75,0.75
19.08.2021 00:25:34.099,1.1687400000000001,1.1687100000000001,0.75,1.12
19.08.2021 00:25:36.489,1.16873,1.1687,0.75,3.07
19.08.2021 00:25:36.818,1.1687400000000001,1.1687100000000001,0.75,0.75
19.08.2021 00:25:36.971,1.1687400000000001,1.1687200000000002,0.75,0.19
19.08.2021 00:25:37.123,1.1687400000000001,1.1687100000000001,0.75,1.01
19.08.2021 00:25:38.601,1.16873,1.1687100000000001,2.25,1.39
19.08.2021 00:25:38.652,1.1687,1.16867,0.75,1.69
19.08.2021 00:25:38.754,1.1686400000000001,1.1686200000000002,2.25,0.82
19.08.2021 00:25:38.805,1.1686200000000002,1.16858,1.69,0.82
19.08.2021 00:25:38.856,1.16857,1.16854,2.62,7.5
19.08.2021 00:25:38.957,1.16854,1.1685100000000002,2.25,0.26
19.08.2021 00:25:39.059,1.16854,1.1685200000000002,0.75,0.94
19.08.2021 00:25:39.160,1.16855,1.1685100000000002,0.75,0.75
19.08.2021 00:25:39.261,1.16856,1.16853,1.95,0.75
19.08.2021 00:25:39.363,1.16854,1.1685100000000002,1.2,0.75
19.08.2021 00:25:39.668,1.16855,1.16853,1.2,0.75
19.08.2021 00:25:39.769,1.16856,1.16853,1.2,0.75
19.08.2021 00:25:40.265,1.16857,1.16855,0.45,0.75
19.08.2021 00:25:40.366,1.16859,1.16855,0.75,0.75
19.08.2021 00:25:40.469,1.16859,1.16856,0.75,0.75
19.08.2021 00:25:40.571,1.1686,1.16857,0.75,0.75
19.08.2021 00:25:40.673,1.1686100000000001,1.16857,1.5,0.75
19.08.2021 00:25:40.986,1.16859,1.16856,0.75,0.82
19.08.2021 00:25:41.823,1.1686200000000002,1.16858,2.4,1.87
19.08.2021 00:25:41.874,1.16859,1.16857,0.75,1.31
19.08.2021 00:25:41.925,1.1686200000000002,1.1686100000000001,1.2,0.94
19.08.2021 00:25:42.027,1.1686200000000002,1.16859,1.5,0.82
19.08.2021 00:25:42.130,1.1686100000000001,1.16858,0.75,0.75
19.08.2021 00:25:42.974,1.1686,1.16857,0.75,1.76
19.08.2021 00:25:43.075,1.1686,1.16856,0.75,1.76
19.08.2021 00:25:43.177,1.1686,1.16857,0.75,0.75
19.08.2021 00:25:43.552,1.16854,1.1685200000000002,2.25,1.2
19.08.2021 00:25:43.603,1.16856,1.16853,0.75,2.32
19.08.2021 00:25:43.653,1.16858,1.16855,0.75,0.94
19.08.2021 00:25:43.755,1.16857,1.16854,0.75,1.69
19.08.2021 00:25:43.974,1.16856,1.16853,0.75,1.69
19.08.2021 00:25:44.277,1.16855,1.1685200000000002,0.75,0.75
19.08.2021 00:25:44.430,1.16853,1.1685,1.12,0.75
19.08.2021 00:25:44.532,1.16853,1.1685100000000002,0.75,0.75
19.08.2021 00:25:44.583,1.1685,1.1684700000000001,0.75,1.39
19.08.2021 00:25:44.685,1.16849,1.16848,0.75,0.37
19.08.2021 00:25:44.788,1.16849,1.16846,0.75,0.45
19.08.2021 00:25:44.941,1.1685,1.16848,0.75,0.37
19.08.2021 00:25:45.043,1.16849,1.1684700000000001,0.75,0.19
19.08.2021 00:25:45.149,1.16849,1.1684700000000001,0.75,1.39
19.08.2021 00:25:45.251,1.16849,1.1684700000000001,0.75,0.19
19.08.2021 00:25:45.659,1.16849,1.16846,0.75,1.12
19.08.2021 00:25:46.065,1.1684700000000001,1.16845,0.75,1.87
19.08.2021 00:25:46.218,1.16849,1.16845,1.5,1.57
19.08.2021 00:25:46.270,1.1684700000000001,1.16845,0.75,0.75
19.08.2021 00:25:46.371,1.16848,1.16845,1.12,0.75
19.08.2021 00:25:46.473,1.16848,1.16846,1.2,0.94
19.08.2021 00:25:46.676,1.16848,1.1684700000000001,0.75,0.37
19.08.2021 00:25:46.879,1.16848,1.16846,0.75,0.37
19.08.2021 00:25:47.773,1.1684700000000001,1.16845,0.75,1.12
19.08.2021 00:25:48.129,1.1685100000000002,1.1684700000000001,1.46,1.31
19.08.2021 00:25:48.281,1.16848,1.16846,0.75,0.56
19.08.2021 00:25:48.382,1.16849,1.16846,0.75,0.56
19.08.2021 00:25:48.772,1.16848,1.16846,0.75,0.37
19.08.2021 00:25:50.149,1.16848,1.16844,0.75,1.87
19.08.2021 00:25:50.251,1.16848,1.16846,0.75,0.37
19.08.2021 00:25:50.554,1.16848,1.16845,0.75,0.82
19.08.2021 00:25:50.758,1.16848,1.16846,0.75,0.37
19.08.2021 00:25:51.218,1.16849,1.16846,0.75,1.12
19.08.2021 00:25:51.634,1.16849,1.1684700000000001,0.75,2.06
19.08.2021 00:25:51.685,1.1685100000000002,1.16849,0.45,3.07
19.08.2021 00:25:51.787,1.16854,1.1685,3.26,1.12
19.08.2021 00:25:51.889,1.16855,1.16853,0.45,1.57
19.08.2021 00:25:51.940,1.16858,1.16854,0.75,1.12
19.08.2021 00:25:52.042,1.16857,1.16854,1.39,0.75
19.08.2021 00:25:52.144,1.16856,1.1685200000000002,0.75,1.12
19.08.2021 00:25:52.297,1.16856,1.16853,0.75,0.75
19.08.2021 00:25:53.078,1.16855,1.1685200000000002,0.75,0.75
19.08.2021 00:25:53.433,1.16856,1.16853,0.75,0.75
19.08.2021 00:25:53.638,1.16856,1.1685200000000002,0.75,0.82
19.08.2021 00:25:53.739,1.16857,1.16853,0.75,0.75
19.08.2021 00:25:53.891,1.16857,1.16854,0.75,0.75
19.08.2021 00:25:54.066,1.16856,1.16854,0.75,0.75
19.08.2021 00:25:54.117,1.16855,1.1685200000000002,0.82,0.45
19.08.2021 00:25:54.219,1.16855,1.1685100000000002,0.82,0.75
19.08.2021 00:25:56.530,1.16855,1.1685200000000002,0.82,0.75
19.08.2021 00:25:56.701,1.16856,1.16853,0.82,0.75
19.08.2021 00:25:56.903,1.16854,1.1685100000000002,1.5,1.5
19.08.2021 00:25:57.055,1.16853,1.1685100000000002,0.1,0.75
19.08.2021 00:25:58.336,1.1685200000000002,1.1685,2.02,0.75
19.08.2021 00:25:58.438,1.16853,1.1685100000000002,0.45,0.75
19.08.2021 00:25:58.539,1.16854,1.1685100000000002,1.27,0.75
19.08.2021 00:25:58.640,1.16853,1.1685,0.75,2.44
19.08.2021 00:25:58.742,1.16855,1.1685100000000002,1.57,1.2
19.08.2021 00:25:58.843,1.16855,1.1685200000000002,1.2,0.75
19.08.2021 00:25:59.509,1.16856,1.16853,0.82,0.75
19.08.2021 00:25:59.687,1.16855,1.1685200000000002,0.75,0.75
19.08.2021 00:25:59.788,1.1685100000000002,1.1685,0.75,2.62
19.08.2021 00:25:59.890,1.16853,1.16849,0.82,1.5
19.08.2021 00:25:59.992,1.1685200000000002,1.16849,0.75,0.37
19.08.2021 00:26:00.093,1.16853,1.1685,0.82,0.75
19.08.2021 00:26:00.895,1.16855,1.1685200000000002,0.52,1.12
19.08.2021 00:26:00.997,1.16855,1.16853,0.45,0.75
19.08.2021 00:26:01.098,1.16856,1.16853,1.46,0.75
19.08.2021 00:26:01.303,1.16857,1.16855,1.2,1.12
19.08.2021 00:26:01.454,1.16859,1.16855,1.27,0.75
19.08.2021 00:26:02.028,1.16858,1.16857,0.75,0.75
19.08.2021 00:26:02.129,1.16858,1.16855,0.1,0.75
19.08.2021 00:26:02.230,1.16859,1.16855,1.27,0.75
19.08.2021 00:26:02.332,1.16858,1.16854,2.02,0.75
19.08.2021 00:26:02.433,1.16858,1.16855,1.27,0.75
19.08.2021 00:26:02.989,1.16859,1.16855,2.4,0.75
19.08.2021 00:26:03.090,1.16856,1.16853,0.82,1.12
19.08.2021 00:26:03.141,1.16854,1.1685,0.82,1.5
19.08.2021 00:26:03.192,1.16855,1.1685200000000002,0.1,0.75
19.08.2021 00:26:03.293,1.16853,1.1685,2.89,0.75
19.08.2021 00:26:03.395,1.16853,1.1685100000000002,1.57,0.75
19.08.2021 00:26:03.446,1.1685200000000002,1.16848,1.12,3.07
19.08.2021 00:26:03.851,1.1685200000000002,1.16849,0.52,0.75
19.08.2021 00:26:04.309,1.1685100000000002,1.16849,0.1,0.75
19.08.2021 00:26:04.531,1.1685200000000002,1.16849,0.52,0.75
19.08.2021 00:26:04.791,1.1685200000000002,1.16848,0.75,1.57
19.08.2021 00:26:05.342,1.1685100000000002,1.16849,2.89,0.75
19.08.2021 00:26:05.443,1.1685100000000002,1.16848,3.34,1.12
19.08.2021 00:26:05.595,1.16849,1.16848,1.12,0.75
19.08.2021 00:26:05.697,1.16849,1.16846,0.75,1.12
19.08.2021 00:26:05.949,1.16849,1.1684700000000001,1.2,1.2
19.08.2021 00:26:06.051,1.1685,1.1684700000000001,0.75,0.75
19.08.2021 00:26:06.911,1.16849,1.1684700000000001,0.94,0.75
19.08.2021 00:26:06.961,1.16846,1.16845,0.94,1.5
19.08.2021 00:26:07.114,1.16845,1.1684200000000002,0.75,1.87
19.08.2021 00:26:07.215,1.1684700000000001,1.16845,0.45,0.75
19.08.2021 00:26:07.317,1.16848,1.1684700000000001,0.75,0.75
19.08.2021 00:26:07.418,1.1685,1.1684700000000001,1.2,0.75
19.08.2021 00:26:07.519,1.1685100000000002,1.1684700000000001,2.21,0.75
19.08.2021 00:26:07.721,1.1685100000000002,1.16848,0.75,0.75
19.08.2021 00:26:08.489,1.16849,1.16845,0.75,1.87
19.08.2021 00:26:08.590,1.16849,1.1684700000000001,0.82,1.12
19.08.2021 00:26:08.691,1.16849,1.16846,0.75,0.75
19.08.2021 00:26:09.312,1.1684700000000001,1.16844,0.75,1.12
19.08.2021 00:26:09.464,1.16848,1.16844,1.2,1.12
19.08.2021 00:26:09.873,1.16849,1.16845,1.95,1.12
19.08.2021 00:26:10.024,1.16849,1.16846,0.75,0.75
19.08.2021 00:26:10.125,1.1685,1.16846,1.01,0.75
19.08.2021 00:26:10.277,1.1685,1.1684700000000001,0.75,0.75
19.08.2021 00:26:10.379,1.16848,1.16845,0.75,0.75
19.08.2021 00:26:10.631,1.16849,1.16845,2.02,0.75
19.08.2021 00:26:11.143,1.16848,1.1684700000000001,0.75,1.12
19.08.2021 00:26:11.245,1.1685100000000002,1.16849,1.2,0.56
19.08.2021 00:26:11.346,1.16854,1.1685100000000002,1.12,0.75
19.08.2021 00:26:11.800,1.16854,1.16853,0.94,0.75
19.08.2021 00:26:13.270,1.16853,1.1685,1.5,1.2
19.08.2021 00:26:13.372,1.1685200000000002,1.16849,0.75,1.2
19.08.2021 00:26:13.473,1.1685200000000002,1.16848,0.75,4.57
19.08.2021 00:26:14.383,1.16853,1.1685,1.69,0.75
19.08.2021 00:26:14.838,1.1685,1.1684700000000001,0.75,1.12
19.08.2021 00:26:15.092,1.16849,1.1684700000000001,0.94,1.12
19.08.2021 00:26:15.737,1.1685,1.1684700000000001,0.75,0.75
19.08.2021 00:26:15.839,1.1685,1.16846,0.75,1.2
19.08.2021 00:26:17.720,1.16849,1.16846,0.75,1.2
19.08.2021 00:26:18.769,1.16848,1.16846,0.75,0.37
19.08.2021 00:26:19.315,1.16849,1.16846,0.75,1.12
19.08.2021 00:26:19.367,1.1685,1.16848,0.75,1.87
19.08.2021 00:26:19.469,1.1685,1.1684700000000001,0.75,1.12
19.08.2021 00:26:19.521,1.16853,1.16849,1.2,1.12
19.08.2021 00:26:19.622,1.1685100000000002,1.16848,0.75,1.87
19.08.2021 00:26:19.725,1.1685,1.1684700000000001,0.75,1.87
19.08.2021 00:26:23.457,1.1685100000000002,1.1684700000000001,0.94,1.12
19.08.2021 00:26:23.609,1.1685,1.1684700000000001,0.75,1.12
19.08.2021 00:26:24.424,1.1685100000000002,1.1684700000000001,0.75,2.62
19.08.2021 00:26:24.526,1.1685100000000002,1.1685,0.64,0.75
19.08.2021 00:26:24.628,1.16853,1.1685,0.75,0.75
19.08.2021 00:26:24.730,1.16853,1.16849,0.75,0.75
19.08.2021 00:26:28.194,1.16853,1.1685,0.82,0.75
19.08.2021 00:26:31.642,1.1685100000000002,1.1685,0.1,0.75
19.08.2021 00:26:32.417,1.1685200000000002,1.1685,0.1,0.75
19.08.2021 00:26:32.518,1.1685200000000002,1.1685100000000002,0.1,0.75
19.08.2021 00:26:34.778,1.16854,1.1685100000000002,0.1,0.75
19.08.2021 00:26:34.880,1.16854,1.1685200000000002,0.1,0.75
19.08.2021 00:26:35.390,1.1685200000000002,1.1685,0.1,0.75
19.08.2021 00:26:35.492,1.16853,1.1685,2.62,0.75
19.08.2021 00:26:36.215,1.1685200000000002,1.1685,0.1,0.75
19.08.2021 00:26:37.156,1.16854,1.1685200000000002,0.1,0.75
19.08.2021 00:26:38.238,1.16853,1.1685100000000002,0.1,1.57
19.08.2021 00:26:38.340,1.16854,1.1685200000000002,0.1,0.75
19.08.2021 00:26:39.018,1.16854,1.1685100000000002,0.1,0.37
19.08.2021 00:26:39.906,1.16854,1.16853,0.1,0.75
19.08.2021 00:26:40.110,1.16854,1.1685,0.1,1.76
19.08.2021 00:26:40.161,1.16856,1.16853,0.75,0.75
19.08.2021 00:26:40.364,1.16854,1.16853,0.1,0.75
19.08.2021 00:26:40.874,1.16854,1.1685200000000002,0.1,0.75
19.08.2021 00:26:41.026,1.16855,1.1685200000000002,0.1,0.75
19.08.2021 00:26:41.213,1.16856,1.1685200000000002,1.27,0.75
19.08.2021 00:26:41.329,1.1685200000000002,1.1685,0.94,0.75
19.08.2021 00:26:41.431,1.16853,1.1685,0.82,0.75
19.08.2021 00:26:41.481,1.1685200000000002,1.16848,0.82,0.75
19.08.2021 00:26:41.583,1.1685100000000002,1.1684700000000001,0.75,0.75
19.08.2021 00:26:41.684,1.1685100000000002,1.16848,0.82,0.75
19.08.2021 00:26:41.735,1.1685,1.16846,0.75,1.12
19.08.2021 00:26:41.836,1.1685,1.1684700000000001,0.75,0.75
19.08.2021 00:26:42.039,1.16849,1.16846,2.25,0.75
19.08.2021 00:26:42.091,1.16848,1.16844,0.75,0.75
19.08.2021 00:26:42.662,1.16848,1.16845,0.75,0.75
19.08.2021 00:26:43.361,1.16846,1.1684200000000002,0.75,2.06
19.08.2021 00:26:44.764,1.16845,1.1684200000000002,2.25,1.12
19.08.2021 00:26:44.866,1.16844,1.1684,1.5,1.12
19.08.2021 00:26:45.803,1.16843,1.1684,0.75,1.12
19.08.2021 00:26:45.905,1.16843,1.16839,0.75,1.31
19.08.2021 00:26:46.057,1.16843,1.1684,0.75,0.56
19.08.2021 00:26:46.158,1.16843,1.1684100000000002,0.75,0.37
19.08.2021 00:26:46.260,1.16844,1.1684100000000002,0.75,1.31
19.08.2021 00:26:48.591,1.16846,1.16843,0.75,1.12
19.08.2021 00:26:48.693,1.1684700000000001,1.16843,0.75,0.56
19.08.2021 00:26:48.794,1.16846,1.1684200000000002,0.75,2.14
19.08.2021 00:26:49.539,1.16848,1.16844,3.75,1.12
19.08.2021 00:26:49.641,1.16846,1.16843,0.75,1.12
19.08.2021 00:26:50.057,1.16846,1.1684200000000002,0.75,1.76
19.08.2021 00:26:53.749,1.16846,1.16843,0.75,0.75
19.08.2021 00:26:53.851,1.1684700000000001,1.16845,2.4,0.75
19.08.2021 00:26:53.901,1.16848,1.16846,0.45,0.75
19.08.2021 00:26:54.003,1.16849,1.16846,2.4,0.75
19.08.2021 00:26:54.405,1.1685,1.1684700000000001,1.57,0.75
19.08.2021 00:26:54.658,1.1685100000000002,1.1684700000000001,1.27,0.75
19.08.2021 00:26:54.760,1.1685200000000002,1.16849,1.2,0.75
19.08.2021 00:26:54.861,1.1685200000000002,1.16848,1.65,0.75
19.08.2021 00:26:56.873,1.1685200000000002,1.1685,0.37,0.75
19.08.2021 00:26:56.974,1.16853,1.1685100000000002,0.45,0.75
19.08.2021 00:26:57.076,1.16853,1.1685200000000002,0.1,0.75
19.08.2021 00:26:57.250,1.16855,1.1685100000000002,1.65,0.75
19.08.2021 00:26:57.351,1.16856,1.1685200000000002,2.02,0.75
19.08.2021 00:26:57.452,1.16856,1.16853,0.52,0.75
19.08.2021 00:26:58.826,1.16858,1.16854,2.77,0.75
19.08.2021 00:26:58.978,1.16857,1.16853,1.2,0.75
19.08.2021 00:26:59.079,1.16858,1.16854,2.77,0.75
19.08.2021 00:26:59.181,1.16857,1.16854,0.52,0.75
19.08.2021 00:26:59.333,1.16856,1.16853,0.1,0.75
19.08.2021 00:26:59.434,1.16857,1.16853,0.82,1.5
19.08.2021 00:26:59.485,1.16857,1.16855,0.1,0.75
19.08.2021 00:26:59.586,1.16857,1.16855,1.2,0.75
19.08.2021 00:27:00.137,1.16857,1.16853,1.2,0.75
19.08.2021 00:27:00.189,1.16859,1.16857,1.12,1.69
19.08.2021 00:27:00.240,1.1686100000000001,1.16857,3,0.75
19.08.2021 00:27:00.343,1.1686100000000001,1.16858,0.75,0.75
19.08.2021 00:27:00.648,1.1686100000000001,1.16857,1.69,0.75
19.08.2021 00:27:03.810,1.1686100000000001,1.16858,0.94,0.75
19.08.2021 00:27:04.363,1.16863,1.1686,0.94,0.75
19.08.2021 00:27:04.464,1.16865,1.1686200000000002,0.45,0.75
19.08.2021 00:27:04.565,1.16866,1.16863,0.75,0.75
19.08.2021 00:27:09.238,1.16866,1.1686200000000002,0.94,1.5
19.08.2021 00:27:09.718,1.16867,1.16863,0.94,0.75
19.08.2021 00:27:09.820,1.16866,1.16863,0.75,0.75
19.08.2021 00:27:12.716,1.16867,1.1686400000000001,1.69,0.75
19.08.2021 00:27:13.599,1.16866,1.16863,0.75,0.75
19.08.2021 00:27:13.951,1.16869,1.16866,1.69,0.75
19.08.2021 00:27:15.002,1.1687200000000002,1.16869,0.19,1.12
19.08.2021 00:27:15.104,1.16873,1.1687200000000002,2.25,0.75
19.08.2021 00:27:15.205,1.16875,1.1687200000000002,0.75,0.75
19.08.2021 00:27:15.306,1.1687400000000001,1.1687200000000002,0.75,0.75
19.08.2021 00:27:15.357,1.1687400000000001,1.1687,0.75,2.77
19.08.2021 00:27:16.232,1.16875,1.1687200000000002,0.75,1.5
19.08.2021 00:27:18.148,1.1687400000000001,1.1687100000000001,1.5,1.2
19.08.2021 00:27:18.300,1.16873,1.1687100000000001,0.75,1.2
19.08.2021 00:27:18.350,1.16873,1.16869,0.75,1.5
19.08.2021 00:27:21.477,1.1687200000000002,1.16868,0.75,1.95
19.08.2021 00:27:21.630,1.1687100000000001,1.16868,0.75,1.95
19.08.2021 00:27:27.990,1.1687100000000001,1.16867,0.75,1.5
19.08.2021 00:27:29.095,1.1687200000000002,1.16869,1.12,0.75
19.08.2021 00:27:31.278,1.1687100000000001,1.16868,0.19,0.75
19.08.2021 00:27:32.757,1.16869,1.16868,0.75,0.75
19.08.2021 00:27:32.858,1.1687100000000001,1.16867,1.31,0.75
19.08.2021 00:27:35.444,1.1687200000000002,1.1687,0.37,0.75
19.08.2021 00:27:36.306,1.1687100000000001,1.1687,0.37,0.75
19.08.2021 00:27:38.470,1.1687200000000002,1.16868,2.06,0.75
19.08.2021 00:27:38.926,1.1686400000000001,1.1686200000000002,0.37,9.94
19.08.2021 00:27:39.028,1.1686200000000002,1.1686,0.56,1.2
19.08.2021 00:27:39.079,1.1686100000000001,1.16858,1.69,0.75
19.08.2021 00:27:41.540,1.1686100000000001,1.16859,1.12,0.75
19.08.2021 00:27:41.592,1.16863,1.1686,0.37,0.75
19.08.2021 00:27:41.720,1.1686400000000001,1.1686200000000002,1.12,0.75
19.08.2021 00:27:41.823,1.16865,1.1686200000000002,0.37,0.75
19.08.2021 00:27:41.925,1.16868,1.16865,0.75,0.75
19.08.2021 00:27:42.026,1.16869,1.16867,1.2,0.75
19.08.2021 00:27:42.128,1.1687,1.16867,1.12,0.75
19.08.2021 00:27:42.229,1.1687100000000001,1.16867,2.89,0.75
19.08.2021 00:27:50.071,1.1687200000000002,1.16868,2.14,0.75
19.08.2021 00:27:50.172,1.1687100000000001,1.16868,0.75,0.75
19.08.2021 00:27:52.861,1.1687200000000002,1.16868,0.45,0.75
19.08.2021 00:27:53.899,1.1687200000000002,1.16869,3.64,1.95
19.08.2021 00:27:54.000,1.1687400000000001,1.1687100000000001,1.95,0.75
19.08.2021 00:27:54.101,1.16873,1.1687100000000001,0.75,0.75
19.08.2021 00:27:54.203,1.1687400000000001,1.1687100000000001,0.45,0.75
19.08.2021 00:27:54.455,1.1687200000000002,1.16868,0.37,2.32
19.08.2021 00:28:00.646,1.1687100000000001,1.16868,0.19,0.75
19.08.2021 00:28:00.747,1.1687200000000002,1.16868,2.06,0.75
19.08.2021 00:28:02.370,1.1687100000000001,1.16868,2.14,0.75
19.08.2021 00:28:03.518,1.1687100000000001,1.16867,0.75,0.75
19.08.2021 00:28:03.623,1.1687200000000002,1.16868,1.2,0.75
19.08.2021 00:28:11.430,1.1687400000000001,1.1687,1.2,0.75
19.08.2021 00:28:11.532,1.16873,1.1687100000000001,1.12,0.75
19.08.2021 00:28:11.583,1.1687400000000001,1.1687200000000002,1.39,0.75
19.08.2021 00:28:11.684,1.16875,1.16873,1.31,0.75
19.08.2021 00:28:11.887,1.16873,1.1687,0.75,0.45
19.08.2021 00:28:12.039,1.16873,1.16868,2.06,2.02
19.08.2021 00:28:14.790,1.16873,1.16869,1.57,0.75
19.08.2021 00:28:14.891,1.16873,1.16868,2.89,0.75
19.08.2021 00:28:15.093,1.1687200000000002,1.1687,1.01,0.75
19.08.2021 00:28:15.711,1.1687200000000002,1.1687,0.37,0.75
19.08.2021 00:28:16.117,1.1687400000000001,1.1687200000000002,1.2,0.75
19.08.2021 00:28:18.014,1.16875,1.16873,0.37,0.75
19.08.2021 00:28:18.225,1.16878,1.16875,1.87,1.12
19.08.2021 00:28:18.276,1.1688,1.16876,2.77,0.75
19.08.2021 00:28:18.378,1.16879,1.16878,0.45,0.75
19.08.2021 00:28:18.479,1.1688,1.16878,0.75,0.75
19.08.2021 00:28:18.631,1.1688100000000001,1.16878,1.2,0.75
19.08.2021 00:28:18.732,1.16879,1.16878,0.75,0.75
19.08.2021 00:28:19.073,1.1688100000000001,1.16878,1.2,0.75
19.08.2021 00:28:20.368,1.1688100000000001,1.16877,1.2,0.75
19.08.2021 00:28:21.356,1.1688,1.16877,0.75,0.75
19.08.2021 00:28:21.494,1.1688100000000001,1.16877,1.2,0.75
19.08.2021 00:28:24.040,1.16878,1.16877,0.75,1.5
19.08.2021 00:28:24.091,1.16878,1.1687400000000001,2.7,1.95
19.08.2021 00:28:24.193,1.16877,1.1687400000000001,0.45,0.75
19.08.2021 00:28:24.294,1.16877,1.16873,1.2,0.75
19.08.2021 00:28:24.577,1.16876,1.1687200000000002,0.75,0.75
19.08.2021 00:28:24.902,1.16877,1.16873,1.95,0.75
19.08.2021 00:28:26.165,1.16876,1.16873,0.75,0.75
19.08.2021 00:28:31.107,1.16875,1.1687100000000001,0.75,0.45
19.08.2021 00:28:31.258,1.16875,1.1687,0.75,2.96
19.08.2021 00:28:32.047,1.16875,1.1687200000000002,0.75,0.75
19.08.2021 00:28:32.406,1.16876,1.1687200000000002,2.7,0.75
19.08.2021 00:28:44.970,1.16876,1.16873,0.37,0.75
19.08.2021 00:28:46.817,1.16873,1.1687100000000001,0.75,1.65
19.08.2021 00:28:46.868,1.16876,1.1687200000000002,1.2,0.75
19.08.2021 00:28:47.403,1.16876,1.16873,0.45,0.75
19.08.2021 00:28:51.975,1.16877,1.16873,1.2,0.75
19.08.2021 00:28:54.408,1.16877,1.1687400000000001,1.2,0.75
19.08.2021 00:28:57.242,1.16879,1.16877,1.2,0.75
19.08.2021 00:28:57.343,1.1688,1.16877,0.45,0.75
19.08.2021 00:28:57.445,1.1688100000000001,1.16877,0.75,0.75
19.08.2021 00:28:57.565,1.1688100000000001,1.16878,0.75,0.75
19.08.2021 00:28:59.349,1.1688200000000002,1.16878,1.31,0.75
19.08.2021 00:29:00.401,1.1688100000000001,1.16878,0.75,0.75
19.08.2021 00:29:01.617,1.1688,1.16878,0.75,1.12
19.08.2021 00:29:01.719,1.16879,1.16878,0.75,1.12
19.08.2021 00:29:04.121,1.1688,1.16876,0.75,0.82
19.08.2021 00:29:04.954,1.1688100000000001,1.16877,1.12,0.75
19.08.2021 00:29:05.461,1.1688,1.16877,0.75,0.75
19.08.2021 00:29:05.562,1.1688,1.16878,1.12,0.75
19.08.2021 00:29:05.663,1.1688,1.16877,0.75,0.75
19.08.2021 00:29:05.865,1.1688100000000001,1.16877,1.12,0.75
19.08.2021 00:29:06.392,1.1688,1.16876,0.75,1.12
19.08.2021 00:29:07.687,1.1688100000000001,1.16877,1.12,0.75
19.08.2021 00:29:08.040,1.1688,1.16877,0.37,0.75
19.08.2021 00:29:08.146,1.1688100000000001,1.16877,1.12,0.75
19.08.2021 00:29:12.107,1.1688,1.16876,0.75,1.84
19.08.2021 00:29:12.208,1.1688100000000001,1.16877,1.12,0.75
19.08.2021 00:29:12.361,1.1688,1.16877,0.37,0.75
19.08.2021 00:29:12.822,1.1688100000000001,1.16877,1.87,0.75
19.08.2021 00:29:15.019,1.1688,1.16877,0.75,0.75
19.08.2021 00:29:16.194,1.1688,1.16878,1.87,0.75
19.08.2021 00:29:17.820,1.1688100000000001,1.16878,1.87,0.75
19.08.2021 00:29:18.226,1.1688200000000002,1.16878,2.06,0.75
19.08.2021 00:29:33.459,1.1688200000000002,1.16879,0.37,0.75
19.08.2021 00:29:33.560,1.1688200000000002,1.16878,1.12,0.75
19.08.2021 00:29:41.285,1.1688100000000001,1.16878,0.37,0.75
19.08.2021 00:29:41.387,1.1688100000000001,1.16877,1.12,0.75
19.08.2021 00:29:41.489,1.16877,1.16876,1.87,1.95
19.08.2021 00:29:41.591,1.16877,1.1687400000000001,0.56,0.75
19.08.2021 00:29:41.692,1.16876,1.16873,0.37,1.2
19.08.2021 00:29:46.032,1.16876,1.1687400000000001,1.12,0.75
19.08.2021 00:29:46.441,1.16876,1.16875,0.37,0.75
19.08.2021 00:29:46.978,1.16877,1.16875,1.87,0.75
19.08.2021 00:29:48.720,1.16878,1.16876,0.75,0.75
19.08.2021 00:29:48.771,1.1688100000000001,1.16878,1.2,0.75
19.08.2021 00:29:48.872,1.16883,1.1688,0.75,0.75
19.08.2021 00:29:48.974,1.1688500000000002,1.16883,1.57,0.75
19.08.2021 00:29:49.075,1.1688500000000002,1.16883,1.87,0.75
19.08.2021 00:29:49.177,1.16886,1.16883,1.12,0.75
19.08.2021 00:29:49.868,1.1688500000000002,1.1688200000000002,1.12,0.75
19.08.2021 00:29:51.254,1.1688500000000002,1.1688200000000002,0.37,0.75
19.08.2021 00:29:55.871,1.1688500000000002,1.1688100000000001,1.12,0.75
19.08.2021 00:29:55.973,1.16884,1.1688,1.12,0.75
19.08.2021 00:29:56.498,1.16883,1.16879,1.87,0.75
19.08.2021 00:29:56.600,1.1688200000000002,1.16879,0.37,0.75
19.08.2021 00:29:56.853,1.1688100000000001,1.16877,0.75,0.75
19.08.2021 00:30:00.399,1.16879,1.16875,3.07,1.95
19.08.2021 00:30:00.502,1.16878,1.16875,1.57,1.95
19.08.2021 00:30:00.603,1.16877,1.16873,1.5,0.75
19.08.2021 00:30:03.938,1.16876,1.16873,0.75,0.75
19.08.2021 00:30:05.605,1.16873,1.1687200000000002,1.5,1.5
19.08.2021 00:30:05.707,1.16873,1.1687,2.25,1.2
19.08.2021 00:30:05.809,1.1687200000000002,1.1687,1.5,0.75
19.08.2021 00:30:05.911,1.16875,1.1687100000000001,0.75,0.94
19.08.2021 00:30:06.546,1.16876,1.1687200000000002,1.12,0.75
19.08.2021 00:30:06.648,1.16876,1.16873,1.12,0.75
19.08.2021 00:30:07.918,1.16873,1.1687100000000001,1.5,0.45
19.08.2021 00:30:08.020,1.1687200000000002,1.1687,0.37,0.75
19.08.2021 00:30:08.121,1.1687200000000002,1.16869,1.12,0.75
19.08.2021 00:30:08.222,1.1687200000000002,1.16868,1.87,0.75
19.08.2021 00:30:09.154,1.1687100000000001,1.16868,0.75,0.75
19.08.2021 00:30:09.255,1.1687200000000002,1.16868,1.87,0.75
19.08.2021 00:30:14.672,1.16873,1.1687200000000002,1.5,0.75
19.08.2021 00:30:14.773,1.16875,1.1687100000000001,0.75,1.5
19.08.2021 00:30:14.975,1.16876,1.1687200000000002,3.37,0.75
19.08.2021 00:30:16.802,1.1687100000000001,1.16868,2.25,1.95
19.08.2021 00:30:16.954,1.1687,1.16868,0.75,1.2
19.08.2021 00:30:17.056,1.1687,1.16867,0.75,0.75
19.08.2021 00:30:18.233,1.1687100000000001,1.16867,0.75,0.75
19.08.2021 00:30:18.334,1.1687100000000001,1.16868,0.75,0.75
19.08.2021 00:30:18.876,1.1687200000000002,1.16868,4.01,0.75
19.08.2021 00:30:19.871,1.16873,1.16869,1.5,0.75
19.08.2021 00:30:19.973,1.1687400000000001,1.1687,1.95,0.75
19.08.2021 00:30:28.648,1.1687100000000001,1.16869,0.75,2.02
19.08.2021 00:30:34.835,1.1687200000000002,1.16869,0.75,0.75
19.08.2021 00:30:35.148,1.1687200000000002,1.16868,0.75,2.21
19.08.2021 00:30:38.380,1.1687200000000002,1.16869,0.75,0.75
19.08.2021 00:30:38.532,1.1687200000000002,1.16868,0.75,2.21
19.08.2021 00:30:40.024,1.1687,1.16868,0.75,2.7
19.08.2021 00:30:40.327,1.1687100000000001,1.16868,0.75,0.75
19.08.2021 00:30:45.944,1.1687200000000002,1.16869,0.75,0.75
19.08.2021 00:30:46.046,1.1687400000000001,1.1687,1.87,0.75
19.08.2021 00:30:46.147,1.1687400000000001,1.1687100000000001,1.12,0.75
19.08.2021 00:30:54.930,1.16875,1.1687200000000002,0.75,1.5
19.08.2021 00:30:55.031,1.16875,1.1687400000000001,0.75,0.75
19.08.2021 00:30:57.430,1.16877,1.16873,1.12,1.5
19.08.2021 00:30:59.174,1.16876,1.16875,1.12,0.75
19.08.2021 00:31:00.344,1.16878,1.16876,0.75,0.19
19.08.2021 00:31:00.396,1.1688,1.16877,0.75,0.75
19.08.2021 00:31:00.498,1.1688100000000001,1.16878,0.75,0.75
19.08.2021 00:31:03.956,1.1688200000000002,1.16878,1.12,0.75
19.08.2021 00:31:10.609,1.16883,1.1688,0.75,0.75
19.08.2021 00:31:10.711,1.16884,1.1688100000000001,1.57,0.75
19.08.2021 00:31:12.169,1.16883,1.1688,0.75,0.75
19.08.2021 00:31:12.372,1.16883,1.16879,3,0.75
19.08.2021 00:31:12.729,1.1688500000000002,1.1688200000000002,1.12,0.75
19.08.2021 00:31:12.882,1.1688500000000002,1.16884,0.75,0.75
19.08.2021 00:31:13.293,1.16887,1.16883,1.95,0.75
19.08.2021 00:31:13.983,1.16887,1.16884,1.87,0.75
19.08.2021 00:31:17.681,1.16889,1.1688500000000002,1.31,0.75
19.08.2021 00:31:17.782,1.16889,1.16887,1.97,0.75
19.08.2021 00:31:17.883,1.1689,1.16887,1.12,0.75
19.08.2021 00:31:19.965,1.1689100000000001,1.16887,1.2,0.75
19.08.2021 00:31:20.219,1.1689100000000001,1.16888,0.45,0.75
19.08.2021 00:31:20.371,1.1689200000000002,1.16888,2.14,0.75
19.08.2021 00:31:28.648,1.1689100000000001,1.16888,0.75,0.75
19.08.2021 00:31:28.801,1.1689100000000001,1.16887,1.12,0.75
19.08.2021 00:31:29.689,1.1689100000000001,1.16888,0.37,0.75
19.08.2021 00:31:30.690,1.1689100000000001,1.16889,1.39,0.75
19.08.2021 00:31:39.719,1.1689100000000001,1.16888,0.75,0.75
19.08.2021 00:31:44.193,1.16888,1.16887,1.12,0.75
19.08.2021 00:31:44.294,1.16888,1.1688500000000002,1.12,1.95
19.08.2021 00:31:44.778,1.16887,1.16884,0.37,0.75
19.08.2021 00:31:48.084,1.16883,1.1688100000000001,1.12,1.76
19.08.2021 00:31:48.185,1.16884,1.1688100000000001,1.2,1.2
19.08.2021 00:31:51.994,1.1688200000000002,1.16878,1.12,1.69
19.08.2021 00:31:52.146,1.1688100000000001,1.16878,0.37,0.75
19.08.2021 00:31:57.978,1.1688100000000001,1.16877,1.12,0.75
19.08.2021 00:32:00.332,1.16879,1.16878,0.75,0.75
19.08.2021 00:32:00.433,1.1688100000000001,1.16878,1.12,0.75
19.08.2021 00:32:04.138,1.16876,1.16875,0.75,3.07
19.08.2021 00:32:04.239,1.16877,1.1687400000000001,0.37,0.75
19.08.2021 00:32:04.391,1.16876,1.1687400000000001,0.37,0.75
19.08.2021 00:32:04.909,1.16879,1.16876,0.82,0.75
19.08.2021 00:32:05.010,1.1688,1.16877,0.82,0.75
19.08.2021 00:32:05.364,1.1688100000000001,1.16878,2.62,0.75
19.08.2021 00:32:06.317,1.1688,1.16877,0.75,0.75
19.08.2021 00:32:09.274,1.1688100000000001,1.16877,2.62,0.75
19.08.2021 00:32:10.902,1.1688100000000001,1.16878,0.37,0.75
19.08.2021 00:32:12.262,1.1688200000000002,1.16878,1.2,2.44
19.08.2021 00:32:12.364,1.1688200000000002,1.16879,0.37,0.75
19.08.2021 00:32:13.148,1.16883,1.1688,0.1,0.75
19.08.2021 00:32:20.054,1.16884,1.1688100000000001,2.51,0.75
19.08.2021 00:32:20.156,1.16884,1.1688200000000002,0.82,0.75
19.08.2021 00:32:20.257,1.1688500000000002,1.1688200000000002,1.57,0.75
19.08.2021 00:32:20.410,1.16886,1.16883,1.95,0.75
19.08.2021 00:32:23.049,1.16886,1.16884,0.37,0.75
19.08.2021 00:32:25.238,1.16886,1.16883,0.37,0.75
19.08.2021 00:32:25.399,1.16887,1.16883,2.32,0.75
19.08.2021 00:32:27.668,1.16887,1.16884,1.87,0.75
19.08.2021 00:32:28.247,1.16886,1.1688200000000002,1.95,1.5
19.08.2021 00:32:28.349,1.1688500000000002,1.1688200000000002,0.45,0.75
19.08.2021 00:32:28.502,1.16886,1.1688200000000002,1.95,0.75
19.08.2021 00:32:30.384,1.1688500000000002,1.16884,0.37,0.75
19.08.2021 00:32:30.485,1.16887,1.16883,2.4,0.75
19.08.2021 00:32:32.186,1.16886,1.16884,0.37,0.75
19.08.2021 00:32:33.070,1.16887,1.16884,1.95,0.75
19.08.2021 00:32:39.457,1.16888,1.1688500000000002,2.32,0.75
19.08.2021 00:32:42.538,1.16889,1.16886,1.95,0.75
19.08.2021 00:32:49.077,1.16889,1.16887,0.37,0.75
19.08.2021 00:32:52.697,1.16887,1.1688500000000002,0.37,0.75
19.08.2021 00:32:52.798,1.16887,1.16884,0.37,0.75
19.08.2021 00:32:53.973,1.16886,1.16884,0.37,0.75
19.08.2021 00:32:54.074,1.16887,1.16884,1.2,0.75
19.08.2021 00:33:04.631,1.1689,1.16886,4.5,0.75
19.08.2021 00:33:04.784,1.1689,1.16887,1.5,0.75
19.08.2021 00:33:13.121,1.1689,1.16888,0.37,0.75
19.08.2021 00:33:36.777,1.1689100000000001,1.16888,0.45,0.75
19.08.2021 00:33:49.524,1.1689,1.16888,0.37,0.75
19.08.2021 00:34:00.891,1.1689100000000001,1.16888,0.45,0.75
19.08.2021 00:34:05.862,1.1689,1.16888,0.37,0.75
19.08.2021 00:34:14.299,1.1689100000000001,1.16888,0.37,0.75
19.08.2021 00:34:15.944,1.1689,1.16888,0.37,0.75
19.08.2021 00:34:29.492,1.1689100000000001,1.16888,0.37,0.75
19.08.2021 00:34:39.314,1.16889,1.16887,1.87,0.75
19.08.2021 00:34:39.516,1.1689,1.16887,0.1,0.75
19.08.2021 00:34:39.617,1.1689100000000001,1.16888,4.01,0.75
19.08.2021 00:34:42.699,1.16889,1.1688500000000002,0.37,0.1
19.08.2021 00:34:42.940,1.1689100000000001,1.16888,4.01,0.75
19.08.2021 00:34:44.988,1.1689,1.16888,0.37,0.75
19.08.2021 00:34:45.153,1.16888,1.1688500000000002,0.75,0.75
19.08.2021 00:34:45.751,1.16888,1.16883,0.37,2.77
19.08.2021 00:34:46.341,1.16888,1.1688500000000002,0.37,0.37
19.08.2021 00:34:48.030,1.16888,1.16886,0.37,0.75
19.08.2021 00:34:48.708,1.16889,1.16886,0.37,0.75
19.08.2021 00:34:48.859,1.16889,1.16887,0.37,0.75
19.08.2021 00:34:50.485,1.1689200000000002,1.16888,1.12,0.75
19.08.2021 00:34:50.536,1.1689200000000002,1.1689,0.37,0.75
19.08.2021 00:34:50.688,1.1689200000000002,1.16888,1.2,0.75
19.08.2021 00:34:51.823,1.16893,1.1689,1.95,0.75
19.08.2021 00:34:51.924,1.1689200000000002,1.1689,0.37,0.75
19.08.2021 00:35:08.457,1.16893,1.1689,1.12,0.75
19.08.2021 00:35:09.113,1.1689200000000002,1.1689,0.37,0.75
19.08.2021 00:35:13.469,1.16893,1.1689,2.62,0.75
19.08.2021 00:35:13.571,1.16896,1.16893,1.5,0.75
19.08.2021 00:35:13.673,1.16896,1.1689100000000001,0.37,2.14
19.08.2021 00:35:13.723,1.16897,1.16894,2.06,0.75
19.08.2021 00:35:16.645,1.1689500000000002,1.16893,3.37,1.2
19.08.2021 00:35:16.746,1.16893,1.1689,1.12,0.75
19.08.2021 00:35:18.359,1.1689200000000002,1.1689,0.37,0.75
19.08.2021 00:35:43.110,1.1689100000000001,1.16888,7.12,1.2
19.08.2021 00:35:43.414,1.1689100000000001,1.16889,0.37,0.75
19.08.2021 00:35:43.836,1.1689200000000002,1.16889,0.45,0.75
19.08.2021 00:35:44.178,1.1689200000000002,1.1689,0.37,0.75
19.08.2021 00:35:44.589,1.16893,1.1689,0.75,0.75
19.08.2021 00:35:44.899,1.16894,1.1689200000000002,0.37,0.75
19.08.2021 00:35:45.001,1.1689500000000002,1.1689200000000002,2.89,0.75
19.08.2021 00:35:45.736,1.16893,1.1689100000000001,1.12,1.2
19.08.2021 00:35:45.939,1.16893,1.1689,1.5,0.75
19.08.2021 00:35:50.501,1.16893,1.1689100000000001,0.37,0.75
19.08.2021 00:35:51.452,1.16894,1.1689100000000001,2.51,0.75
19.08.2021 00:35:51.655,1.1689500000000002,1.1689200000000002,0.94,0.75
19.08.2021 00:35:52.235,1.16896,1.16893,1.12,0.75
19.08.2021 00:35:54.385,1.16897,1.1689500000000002,1.12,0.75
19.08.2021 00:35:56.244,1.16898,1.1689500000000002,2.25,0.75
19.08.2021 00:35:56.774,1.169,1.16897,1.12,0.75
19.08.2021 00:35:57.310,1.16901,1.16898,1.12,0.75
19.08.2021 00:36:00.164,1.169,1.16897,1.12,0.75
19.08.2021 00:36:00.266,1.169,1.16899,0.37,0.75
19.08.2021 00:36:00.468,1.16901,1.16899,0.37,0.75
19.08.2021 00:36:02.246,1.16901,1.16898,0.37,0.75
19.08.2021 00:36:02.348,1.16901,1.16897,0.37,0.75
19.08.2021 00:36:02.474,1.16901,1.16898,0.37,0.75
19.08.2021 00:36:02.625,1.169,1.16898,0.37,0.75
19.08.2021 00:36:02.776,1.1690200000000002,1.169,0.37,0.75
19.08.2021 00:36:08.698,1.16903,1.169,1.5,1.95
19.08.2021 00:36:11.030,1.16903,1.16901,2.62,0.75
19.08.2021 00:36:11.425,1.1690200000000002,1.169,0.37,0.75
19.08.2021 00:36:12.239,1.1690200000000002,1.16899,0.37,2.32
19.08.2021 00:36:12.391,1.1690200000000002,1.169,0.37,0.45
19.08.2021 00:36:14.149,1.16903,1.16901,3,0.75
19.08.2021 00:36:14.250,1.1690200000000002,1.169,4.5,1.95
19.08.2021 00:36:21.172,1.16899,1.16897,0.75,0.75
19.08.2021 00:36:21.223,1.16899,1.1689500000000002,0.75,6.26
19.08.2021 00:36:21.325,1.16899,1.16896,1.87,1.12
19.08.2021 00:36:21.426,1.16899,1.16897,1.87,0.45
19.08.2021 00:36:21.538,1.16899,1.16896,1.87,1.95
19.08.2021 00:36:21.744,1.16899,1.16897,1.87,0.45
19.08.2021 00:36:25.482,1.16898,1.16896,1.12,1.2
19.08.2021 00:36:25.694,1.16899,1.16896,1.2,1.2
19.08.2021 00:36:25.847,1.16899,1.16897,1.2,0.45
19.08.2021 00:36:28.279,1.16898,1.16896,0.75,1.2
19.08.2021 00:36:29.093,1.16898,1.1689500000000002,0.75,0.75
19.08.2021 00:36:30.493,1.16898,1.16896,0.37,0.75
19.08.2021 00:36:32.097,1.16898,1.1689500000000002,1.5,1.95
19.08.2021 00:36:33.106,1.16898,1.16896,0.37,0.75
19.08.2021 00:36:35.435,1.16898,1.1689500000000002,1.5,1.95
19.08.2021 00:36:43.333,1.16898,1.16896,0.37,0.75
19.08.2021 00:36:44.078,1.16898,1.1689500000000002,2.32,1.95
19.08.2021 00:36:45.917,1.16897,1.1689500000000002,1.95,0.45
19.08.2021 00:36:46.018,1.16896,1.16894,0.82,0.75
19.08.2021 00:36:46.423,1.1689500000000002,1.16894,1.57,1.95
19.08.2021 00:36:46.524,1.16896,1.16894,0.1,0.45
19.08.2021 00:36:46.625,1.16897,1.16894,1.95,0.45
19.08.2021 00:36:46.726,1.16897,1.1689500000000002,1.2,0.75
19.08.2021 00:36:46.777,1.16897,1.16893,1.95,2.32
19.08.2021 00:36:46.879,1.16896,1.16894,0.1,0.75
19.08.2021 00:36:46.980,1.16896,1.1689500000000002,1.95,1.2
19.08.2021 00:36:47.631,1.16897,1.1689500000000002,0.82,0.45
19.08.2021 00:36:49.610,1.16897,1.16894,0.75,2.7
19.08.2021 00:36:51.868,1.16897,1.1689500000000002,0.82,0.75
19.08.2021 00:36:53.532,1.16896,1.16894,0.75,1.2
19.08.2021 00:36:53.633,1.16896,1.1689500000000002,1.57,0.75
19.08.2021 00:36:53.734,1.1689500000000002,1.16894,0.75,2.32
19.08.2021 00:36:53.835,1.16897,1.16894,1.57,1.2
19.08.2021 00:36:55.346,1.16896,1.16894,1.5,1.2
19.08.2021 00:36:55.497,1.16897,1.1689500000000002,0.82,1.2
19.08.2021 00:36:56.508,1.16896,1.16894,0.75,0.45
19.08.2021 00:36:56.609,1.16897,1.16894,0.82,1.2
19.08.2021 00:36:57.421,1.16897,1.1689500000000002,0.1,0.75
19.08.2021 00:36:57.574,1.16897,1.16894,1.57,1.2
19.08.2021 00:36:57.676,1.16897,1.1689500000000002,0.82,0.75
19.08.2021 00:37:05.456,1.1689500000000002,1.16894,0.75,2.32
19.08.2021 00:37:05.568,1.16896,1.16893,1.57,1.95
19.08.2021 00:37:08.844,1.16896,1.16894,0.1,0.75
19.08.2021 00:37:08.946,1.16896,1.1689500000000002,0.82,1.95
19.08.2021 00:37:09.414,1.16897,1.1689500000000002,0.82,1.2
19.08.2021 00:37:09.618,1.16897,1.16894,1.57,1.95
19.08.2021 00:37:12.941,1.16897,1.1689500000000002,0.1,0.75
19.08.2021 00:37:13.529,1.16898,1.1689500000000002,2.7,0.75
19.08.2021 00:37:13.632,1.16899,1.16896,0.82,1.12
19.08.2021 00:37:13.734,1.16899,1.16898,1.57,1.2
19.08.2021 00:37:13.836,1.169,1.16898,0.1,0.75
19.08.2021 00:37:14.336,1.16901,1.16898,0.82,1.95
19.08.2021 00:37:20.619,1.1690200000000002,1.16899,1.87,1.95
19.08.2021 00:37:30.941,1.1690200000000002,1.16901,3.37,0.75
19.08.2021 00:37:47.485,1.1690200000000002,1.169,0.75,0.75
19.08.2021 00:37:47.637,1.16903,1.169,3.45,0.75
19.08.2021 00:37:49.048,1.1690200000000002,1.169,0.75,0.75
19.08.2021 00:37:49.200,1.16901,1.16898,1.5,1.95
19.08.2021 00:37:49.301,1.169,1.16898,0.75,1.2
19.08.2021 00:37:49.403,1.16901,1.16898,0.75,0.75
19.08.2021 00:37:51.164,1.1690200000000002,1.16899,1.5,0.75
19.08.2021 00:37:58.151,1.16903,1.16901,0.45,0.75
19.08.2021 00:38:02.337,1.1690200000000002,1.169,0.75,0.75
19.08.2021 00:38:03.224,1.1690200000000002,1.16899,0.75,1.69
19.08.2021 00:38:05.118,1.169,1.16897,0.75,3.07
19.08.2021 00:38:05.219,1.16901,1.16898,0.82,0.75
19.08.2021 00:38:06.565,1.16899,1.16898,0.75,1.87
19.08.2021 00:38:06.717,1.169,1.16898,0.1,0.75
19.08.2021 00:38:06.818,1.16901,1.16898,0.82,0.75
19.08.2021 00:38:11.572,1.169,1.16897,0.75,5.62
19.08.2021 00:38:13.901,1.16899,1.16897,0.75,3.75
19.08.2021 00:38:14.003,1.16899,1.16898,0.82,3.75
19.08.2021 00:38:14.408,1.169,1.16896,0.82,1.5
19.08.2021 00:38:15.216,1.16897,1.1689500000000002,0.1,0.75
19.08.2021 00:38:15.823,1.16896,1.16893,0.75,0.75
19.08.2021 00:38:15.975,1.1689500000000002,1.16893,0.75,0.75
19.08.2021 00:38:16.026,1.16894,1.1689100000000001,0.1,0.75
19.08.2021 00:38:18.660,1.16894,1.1689200000000002,0.75,0.75
19.08.2021 00:38:18.865,1.1689500000000002,1.1689200000000002,0.82,1.5
19.08.2021 00:38:19.634,1.1689500000000002,1.16893,0.82,0.37
19.08.2021 00:38:20.620,1.1689500000000002,1.1689200000000002,0.82,1.5
19.08.2021 00:38:26.026,1.16894,1.1689200000000002,0.75,0.75
19.08.2021 00:38:26.127,1.16893,1.1689,1.2,0.37
19.08.2021 00:38:26.178,1.1689100000000001,1.16888,0.75,4.09
19.08.2021 00:38:28.433,1.1689200000000002,1.16889,0.75,0.75
19.08.2021 00:38:28.534,1.1689,1.16887,0.75,1.87
19.08.2021 00:38:29.563,1.1689,1.16889,0.82,0.37
19.08.2021 00:38:30.040,1.1689100000000001,1.16888,0.75,1.12
19.08.2021 00:38:31.514,1.1689100000000001,1.16887,0.82,2.25
19.08.2021 00:38:31.616,1.1689,1.16887,0.75,1.87
19.08.2021 00:38:32.227,1.16888,1.16886,1.5,1.5
19.08.2021 00:38:32.278,1.16888,1.16884,1.5,1.57
19.08.2021 00:38:32.385,1.16887,1.16883,0.75,3.07
19.08.2021 00:38:33.031,1.16887,1.16884,0.75,0.37
19.08.2021 00:38:33.082,1.16888,1.16886,0.75,8.81
19.08.2021 00:38:33.183,1.1689,1.16888,1.2,0.94
19.08.2021 00:38:33.234,1.1689200000000002,1.16889,0.82,0.75
19.08.2021 00:38:34.216,1.1689200000000002,1.16888,0.82,0.94
19.08.2021 00:38:35.957,1.1689200000000002,1.1689,0.82,0.75
19.08.2021 00:38:36.110,1.1689200000000002,1.16889,0.75,3.64
19.08.2021 00:38:36.212,1.16894,1.1689100000000001,0.75,0.37
19.08.2021 00:38:37.288,1.16894,1.1689200000000002,0.75,0.75
19.08.2021 00:38:38.042,1.16894,1.1689100000000001,0.75,1.12
19.08.2021 00:38:38.145,1.16894,1.1689200000000002,0.75,0.37
19.08.2021 00:38:39.090,1.16896,1.16893,0.75,0.45
19.08.2021 00:38:39.593,1.1689500000000002,1.16893,0.75,1.87
19.08.2021 00:38:42.180,1.16896,1.16893,0.75,0.75
19.08.2021 00:38:43.014,1.16896,1.1689200000000002,0.75,2.06
19.08.2021 00:38:43.866,1.1689500000000002,1.1689200000000002,0.75,1.87
19.08.2021 00:38:48.005,1.1689500000000002,1.16893,0.75,1.12
19.08.2021 00:38:49.347,1.16894,1.1689100000000001,0.75,4.57
19.08.2021 00:38:51.970,1.16894,1.1689200000000002,0.75,0.37
19.08.2021 00:38:54.960,1.1689500000000002,1.1689200000000002,0.75,1.12
19.08.2021 00:38:56.741,1.16893,1.1689,1.87,0.75
19.08.2021 00:38:56.792,1.1689200000000002,1.16888,1.5,0.75
19.08.2021 00:38:56.893,1.1689100000000001,1.16888,0.75,0.75
19.08.2021 00:39:03.059,1.16893,1.1689100000000001,1.2,0.75
19.08.2021 00:39:03.312,1.16893,1.1689,0.75,1.5
19.08.2021 00:39:04.764,1.1689200000000002,1.16889,0.75,0.75
19.08.2021 00:39:04.916,1.1689,1.16887,0.75,1.12
19.08.2021 00:39:09.941,1.1689100000000001,1.16888,0.75,0.75
19.08.2021 00:39:14.530,1.1689200000000002,1.16889,0.75,1.5
19.08.2021 00:39:14.787,1.1689200000000002,1.1689,0.75,0.75
19.08.2021 00:39:15.015,1.16893,1.1689,0.75,0.75
19.08.2021 00:39:15.116,1.1689200000000002,1.16889,0.75,1.87
19.08.2021 00:39:16.372,1.1689200000000002,1.16888,0.75,0.75
19.08.2021 00:39:17.609,1.1689200000000002,1.1689,0.75,1.5
19.08.2021 00:39:17.711,1.1689200000000002,1.1689100000000001,0.75,2.62
19.08.2021 00:39:17.862,1.16894,1.1689100000000001,0.75,0.75
19.08.2021 00:39:17.963,1.1689500000000002,1.1689200000000002,0.75,0.75
19.08.2021 00:39:18.419,1.16893,1.1689,0.75,1.12
19.08.2021 00:39:18.521,1.16893,1.1689100000000001,0.75,0.37
19.08.2021 00:39:18.673,1.16893,1.1689,0.75,1.87
19.08.2021 00:39:19.034,1.16893,1.1689100000000001,0.75,1.87
19.08.2021 00:39:20.032,1.16894,1.1689100000000001,0.75,0.75
19.08.2021 00:39:24.448,1.1689,1.16888,0.75,1.2
19.08.2021 00:39:24.651,1.1689,1.16887,0.75,1.87
19.08.2021 00:39:24.753,1.16889,1.16887,0.75,1.12
19.08.2021 00:39:25.617,1.16889,1.16886,0.75,1.87
19.08.2021 00:39:26.211,1.16887,1.16884,0.75,3.07
19.08.2021 00:39:27.068,1.16887,1.16883,0.82,2.25
19.08.2021 00:39:27.170,1.16886,1.16883,0.75,1.5
19.08.2021 00:39:30.862,1.16884,1.1688100000000001,0.75,0.75
19.08.2021 00:39:36.941,1.16883,1.1688,0.75,1.12
19.08.2021 00:39:39.104,1.1688200000000002,1.16878,0.75,2.25
19.08.2021 00:39:39.461,1.1688100000000001,1.16878,1.5,0.75
19.08.2021 00:39:39.562,1.1688,1.16877,0.75,0.75
19.08.2021 00:39:42.352,1.16878,1.16877,0.75,1.12
19.08.2021 00:39:43.360,1.1688,1.16877,0.75,0.75
19.08.2021 00:39:45.178,1.16879,1.16876,1.5,0.75
19.08.2021 00:39:45.330,1.16878,1.16876,0.75,0.37
19.08.2021 00:39:46.106,1.1688,1.16876,0.75,1.12
19.08.2021 00:39:46.311,1.1688,1.16877,0.75,0.75
19.08.2021 00:39:54.970,1.1688200000000002,1.16878,0.75,2.06
19.08.2021 00:39:55.072,1.16883,1.1688100000000001,1.2,0.75
19.08.2021 00:39:55.174,1.16884,1.1688100000000001,0.75,1.87
19.08.2021 00:39:55.907,1.16884,1.1688200000000002,0.75,0.37
19.08.2021 00:40:00.313,1.1688500000000002,1.16883,0.75,0.75
19.08.2021 00:40:07.574,1.16886,1.16883,0.75,0.75
19.08.2021 00:40:08.061,1.16888,1.1688500000000002,1.2,1.69
19.08.2021 00:40:08.163,1.16888,1.16886,1.2,0.37
19.08.2021 00:40:08.264,1.16889,1.16886,0.75,1.87
19.08.2021 00:40:13.517,1.1688500000000002,1.16883,1.5,0.94
19.08.2021 00:40:13.618,1.16884,1.1688200000000002,0.75,8.62
19.08.2021 00:40:13.669,1.1688500000000002,1.16884,0.75,0.75
19.08.2021 00:40:13.720,1.16884,1.1688200000000002,0.75,8.25
19.08.2021 00:40:13.821,1.16886,1.16883,0.75,0.75
19.08.2021 00:40:13.973,1.16883,1.1688,0.75,0.75
19.08.2021 00:40:14.074,1.1688200000000002,1.16879,0.75,2.7
19.08.2021 00:40:14.176,1.16883,1.1688200000000002,1.2,1.5
19.08.2021 00:40:15.497,1.1688500000000002,1.1688200000000002,0.75,0.75
19.08.2021 00:40:19.740,1.16888,1.1688500000000002,1.87,0.75
19.08.2021 00:40:19.841,1.16886,1.16883,0.75,3.71
19.08.2021 00:40:19.942,1.16887,1.16884,0.75,0.75
19.08.2021 00:40:20.627,1.16889,1.16886,1.2,0.75
19.08.2021 00:40:28.069,1.1689,1.16887,1.5,0.75
19.08.2021 00:40:29.832,1.1689100000000001,1.16888,0.75,0.75
19.08.2021 00:40:35.512,1.1689,1.16887,1.5,0.75
19.08.2021 00:40:38.128,1.16889,1.16886,0.75,0.75
19.08.2021 00:40:42.264,1.1688500000000002,1.16883,0.75,1.57
19.08.2021 00:40:42.367,1.16886,1.16883,1.12,1.12
19.08.2021 00:40:42.570,1.1688500000000002,1.16883,0.37,0.75
19.08.2021 00:40:43.072,1.16886,1.16883,0.75,0.75
19.08.2021 00:40:44.678,1.16887,1.16884,1.2,0.75
19.08.2021 00:40:56.460,1.1688500000000002,1.16883,0.37,0.75
19.08.2021 00:40:56.565,1.16886,1.16883,1.12,0.75
19.08.2021 00:40:58.313,1.16888,1.1688500000000002,0.75,1.5
19.08.2021 00:40:59.149,1.16889,1.16886,0.75,0.75
19.08.2021 00:41:05.370,1.1689,1.16887,4.2,0.75
19.08.2021 00:41:16.499,1.16887,1.16884,0.75,1.39
19.08.2021 00:41:18.130,1.16889,1.1688500000000002,1.2,0.75
19.08.2021 00:41:18.503,1.16889,1.16886,1.2,0.45
19.08.2021 00:41:18.692,1.16889,1.1688500000000002,1.12,0.75
19.08.2021 00:41:22.423,1.16889,1.16886,0.75,0.75
19.08.2021 00:41:30.276,1.1689,1.16887,1.5,0.75
19.08.2021 00:41:51.511,1.1689100000000001,1.16888,1.2,0.75
19.08.2021 00:41:53.423,1.1689,1.16887,0.75,0.75
19.08.2021 00:42:13.615,1.16888,1.16886,1.5,0.75
19.08.2021 00:42:13.717,1.16889,1.16886,0.75,1.5
19.08.2021 00:42:15.102,1.16887,1.16884,0.75,1.95
19.08.2021 00:42:18.802,1.16888,1.1688500000000002,1.12,0.75
19.08.2021 00:42:20.945,1.16887,1.16884,0.75,0.75
19.08.2021 00:42:21.552,1.16887,1.1688500000000002,0.75,0.45
19.08.2021 00:42:23.101,1.16888,1.16887,1.12,0.75
19.08.2021 00:42:40.451,1.1689,1.16887,1.12,0.75
19.08.2021 00:43:38.170,1.1689200000000002,1.16889,0.75,0.75
19.08.2021 00:43:38.272,1.16894,1.1689100000000001,0.75,0.75
19.08.2021 00:43:38.374,1.16894,1.1689200000000002,0.75,0.75
19.08.2021 00:43:38.527,1.1689500000000002,1.1689200000000002,0.75,1.5
19.08.2021 00:43:38.629,1.16896,1.16893,2.06,0.75
19.08.2021 00:43:40.711,1.16896,1.16894,0.37,0.75
19.08.2021 00:43:41.006,1.16897,1.16894,0.56,1.12
19.08.2021 00:43:45.941,1.16897,1.1689500000000002,0.56,0.75
19.08.2021 00:43:48.343,1.16897,1.16894,1.31,0.75
19.08.2021 00:44:03.056,1.16897,1.1689500000000002,0.64,0.75
19.08.2021 00:44:17.611,1.16897,1.16894,1.12,0.75
19.08.2021 00:44:26.629,1.16898,1.1689500000000002,3.82,1.5
19.08.2021 00:44:26.730,1.169,1.16897,2.32,0.75
19.08.2021 00:44:26.882,1.169,1.16898,0.75,0.75
19.08.2021 00:44:37.037,1.16901,1.16898,1.57,0.75
19.08.2021 00:44:37.806,1.169,1.16898,0.1,0.75
19.08.2021 00:44:42.769,1.16901,1.16898,0.1,0.75
19.08.2021 00:45:00.645,1.16899,1.16897,3.45,0.37
19.08.2021 00:45:00.696,1.16898,1.1689500000000002,1.2,1.95
19.08.2021 00:45:01.331,1.16897,1.1689500000000002,0.1,0.75
19.08.2021 00:45:15.173,1.16896,1.16893,3.64,0.75
19.08.2021 00:45:15.274,1.16894,1.16893,1.01,0.75
19.08.2021 00:45:18.941,1.1689500000000002,1.1689200000000002,2.14,0.75
19.08.2021 00:45:24.218,1.16896,1.16894,0.75,0.75
19.08.2021 00:45:24.320,1.16897,1.16894,5.59,0.75
19.08.2021 00:45:38.295,1.16897,1.1689500000000002,2.06,0.75
19.08.2021 00:45:42.510,1.16897,1.16894,2.44,0.75
19.08.2021 00:45:43.523,1.16897,1.1689500000000002,6,0.75
19.08.2021 00:45:51.516,1.16897,1.16894,2.81,0.75
19.08.2021 00:45:51.718,1.16899,1.16896,2.14,0.75
19.08.2021 00:45:51.820,1.16899,1.16897,0.45,0.75
19.08.2021 00:45:51.921,1.169,1.16897,0.37,0.75
19.08.2021 00:45:52.299,1.16901,1.16898,0.75,0.75
19.08.2021 00:45:52.400,1.1690200000000002,1.169,5.59,0.75
19.08.2021 00:45:52.451,1.1690200000000002,1.16898,0.75,0.75
19.08.2021 00:45:53.331,1.16899,1.16897,2.44,1.2
19.08.2021 00:45:53.432,1.16898,1.1689500000000002,2.25,0.75
19.08.2021 00:45:53.845,1.16899,1.16897,2.02,0.75
19.08.2021 00:45:53.997,1.16901,1.16898,1.57,0.75
19.08.2021 00:45:54.398,1.16899,1.16898,4.39,1.12
19.08.2021 00:45:54.449,1.16898,1.1689500000000002,1.12,1.2
19.08.2021 00:45:54.550,1.16897,1.1689500000000002,0.75,1.2
19.08.2021 00:45:55.307,1.16897,1.16894,2.06,0.75
19.08.2021 00:46:05.517,1.16893,1.1689100000000001,0.37,1.2
19.08.2021 00:46:05.719,1.16893,1.1689,2.32,0.75
19.08.2021 00:46:07.781,1.1689200000000002,1.1689,0.37,0.75
19.08.2021 00:46:07.933,1.16893,1.1689,1.57,0.75
