Gmt time,Ask,Bid,AskVolume,BidVolume
06.08.2021 00:00:00.071,1.1833500000000001,1.1833200000000001,0.37,0.75
06.08.2021 00:00:00.172,1.1833500000000001,1.18331,0.45,0.75
06.08.2021 00:00:00.967,1.1833500000000001,1.1833,1.2,0.82
06.08.2021 00:00:02.479,1.1833500000000001,1.18329,2.02,2.51
06.08.2021 00:00:02.581,1.18334,1.18329,0.37,2.32
06.08.2021 00:00:03.175,1.1833500000000001,1.18329,2.77,2.51
06.08.2021 00:00:05.007,1.1833500000000001,1.1833200000000001,2.77,0.75
06.08.2021 00:00:06.203,1.1833500000000001,1.18331,1.95,0.75
06.08.2021 00:00:08.944,1.18333,1.1833200000000001,0.82,0.75
06.08.2021 00:00:09.157,1.1833500000000001,1.18331,1.12,1.5
06.08.2021 00:00:14.376,1.1833500000000001,1.1833200000000001,5.59,1.5
06.08.2021 00:00:14.600,1.1833500000000001,1.18331,0.37,1.5
06.08.2021 00:00:15.376,1.1833600000000002,1.18331,4.84,1.5
06.08.2021 00:00:15.477,1.1833500000000001,1.18331,0.75,1.5
06.08.2021 00:00:19.322,1.1833600000000002,1.1833200000000001,2.32,0.75
06.08.2021 00:00:21.147,1.1833500000000001,1.18331,0.75,0.82
06.08.2021 00:00:22.169,1.18334,1.18331,0.75,3.64
06.08.2021 00:00:23.108,1.1833500000000001,1.18331,0.75,0.75
06.08.2021 00:00:23.311,1.1833500000000001,1.1833,0.75,3.26
06.08.2021 00:00:32.350,1.18334,1.1833,0.75,2.32
06.08.2021 00:00:36.881,1.18334,1.18329,1.57,3.07
06.08.2021 00:00:37.034,1.18333,1.18329,0.75,2.32
06.08.2021 00:00:37.842,1.18334,1.18329,3.07,1.57
06.08.2021 00:00:42.455,1.1833200000000001,1.18329,1.12,0.75
06.08.2021 00:00:46.370,1.18331,1.18327,3.15,0.75
06.08.2021 00:00:47.601,1.1833,1.1832600000000002,0.75,0.75
06.08.2021 00:00:48.224,1.18331,1.18327,2.4,0.75
06.08.2021 00:00:52.861,1.18331,1.1832799999999999,1.95,0.75
06.08.2021 00:00:54.630,1.1833,1.1832799999999999,0.45,0.75
06.08.2021 00:00:54.833,1.18331,1.1832799999999999,2.7,0.75
06.08.2021 00:00:57.220,1.18331,1.18327,3.07,0.75
06.08.2021 00:00:57.787,1.1833,1.18327,0.45,0.75
06.08.2021 00:00:58.176,1.18331,1.18327,3.07,0.75
06.08.2021 00:01:01.228,1.1833,1.18327,0.45,0.75
06.08.2021 00:01:02.470,1.18329,1.1832600000000002,0.45,0.75
06.08.2021 00:01:02.673,1.1833,1.1832600000000002,1.57,0.75
06.08.2021 00:01:03.119,1.18329,1.1832600000000002,0.45,0.75
06.08.2021 00:01:10.875,1.1832600000000002,1.18323,0.37,0.75
06.08.2021 00:01:11.028,1.1832600000000002,1.1832200000000002,1.57,0.75
06.08.2021 00:01:11.233,1.1832500000000001,1.1832200000000002,0.45,0.75
06.08.2021 00:01:13.386,1.1832600000000002,1.1832200000000002,2.77,0.75
06.08.2021 00:01:13.542,1.1832500000000001,1.1832200000000002,0.45,0.75
06.08.2021 00:01:13.753,1.1832600000000002,1.1832200000000002,2.77,0.75
06.08.2021 00:01:21.477,1.1832600000000002,1.18323,1.57,0.75
06.08.2021 00:01:45.109,1.18327,1.1832500000000001,0.45,0.75
06.08.2021 00:01:45.211,1.18327,1.18324,0.45,0.64
06.08.2021 00:01:45.261,1.18329,1.18327,1.12,0.75
06.08.2021 00:01:45.363,1.1833,1.18327,3.9,0.75
06.08.2021 00:01:45.490,1.18329,1.18327,0.45,0.75
06.08.2021 00:01:46.179,1.1833,1.18327,3.9,0.75
06.08.2021 00:01:49.339,1.1833,1.1832600000000002,3.52,0.75
06.08.2021 00:01:49.529,1.18329,1.1832600000000002,0.45,0.75
06.08.2021 00:01:50.071,1.1833,1.1832600000000002,3.9,0.75
06.08.2021 00:01:50.273,1.18329,1.1832600000000002,0.45,0.75
06.08.2021 00:01:50.488,1.1833,1.1832600000000002,3.07,0.75
06.08.2021 00:01:55.830,1.1833,1.18327,1.12,0.75
06.08.2021 00:02:00.227,1.1833,1.1832799999999999,1.2,0.75
06.08.2021 00:02:00.329,1.18334,1.18331,1.87,0.75
06.08.2021 00:02:00.430,1.18334,1.1833200000000001,1.2,0.75
06.08.2021 00:02:00.582,1.1833600000000002,1.1833200000000001,3.52,0.75
06.08.2021 00:02:12.012,1.18334,1.18333,0.45,0.75
06.08.2021 00:02:13.086,1.18334,1.1833200000000001,0.45,0.75
06.08.2021 00:02:15.130,1.1833500000000001,1.1833200000000001,0.45,0.75
06.08.2021 00:02:19.884,1.1833600000000002,1.1833200000000001,4.27,0.75
06.08.2021 00:02:21.952,1.1833500000000001,1.1833200000000001,2.4,0.75
06.08.2021 00:02:27.587,1.1833600000000002,1.1833200000000001,5.02,0.75
06.08.2021 00:02:28.132,1.1833500000000001,1.1833200000000001,0.45,0.75
06.08.2021 00:02:28.626,1.1833600000000002,1.1833200000000001,5.02,0.75
06.08.2021 00:02:29.626,1.1833500000000001,1.1833200000000001,0.45,0.75
06.08.2021 00:02:30.118,1.1833500000000001,1.18333,5.02,0.75
06.08.2021 00:02:32.616,1.1833500000000001,1.1833200000000001,0.75,0.75
06.08.2021 00:02:33.173,1.1833600000000002,1.1833200000000001,2.77,0.75
06.08.2021 00:02:33.423,1.1833500000000001,1.1833200000000001,0.45,0.75
06.08.2021 00:02:35.673,1.1833500000000001,1.18331,2.02,0.75
06.08.2021 00:02:37.678,1.18334,1.18331,0.45,0.75
06.08.2021 00:02:37.981,1.1833500000000001,1.18331,1.27,0.75
06.08.2021 00:02:38.839,1.18334,1.1833,2.02,0.75
06.08.2021 00:02:39.395,1.18333,1.1833,1.2,0.75
06.08.2021 00:02:39.922,1.1833200000000001,1.1833,0.45,0.75
06.08.2021 00:02:40.401,1.1833200000000001,1.18329,1.2,0.75
06.08.2021 00:02:44.945,1.18331,1.18327,2.4,0.75
06.08.2021 00:02:47.203,1.1832799999999999,1.1832500000000001,0.75,0.75
06.08.2021 00:02:48.139,1.1832799999999999,1.1832600000000002,1.2,0.75
06.08.2021 00:02:49.898,1.1833,1.1832600000000002,0.75,0.75
06.08.2021 00:03:01.406,1.1832600000000002,1.18324,0.37,0.19
06.08.2021 00:03:01.457,1.1832600000000002,1.1832200000000002,1.12,9.3
06.08.2021 00:03:06.477,1.1832500000000001,1.18321,0.75,0.75
06.08.2021 00:03:20.232,1.18324,1.18321,1.2,0.75
06.08.2021 00:03:20.952,1.1832500000000001,1.18321,2.02,0.75
06.08.2021 00:03:27.259,1.18323,1.1832,0.75,0.75
06.08.2021 00:03:27.360,1.18324,1.1832,1.57,0.75
06.08.2021 00:03:28.473,1.18324,1.18321,0.37,0.75
06.08.2021 00:03:28.574,1.1832500000000001,1.18321,2.32,0.75
06.08.2021 00:03:32.818,1.18324,1.18321,0.45,0.75
06.08.2021 00:03:33.303,1.1832500000000001,1.18321,3.15,0.75
06.08.2021 00:03:33.472,1.18323,1.18321,1.2,0.75
06.08.2021 00:03:45.933,1.18321,1.18318,0.37,0.75
06.08.2021 00:03:46.035,1.18321,1.18317,1.57,0.75
06.08.2021 00:03:47.850,1.1832,1.18316,0.75,1.57
06.08.2021 00:03:48.002,1.18321,1.18317,1.12,0.75
06.08.2021 00:03:54.224,1.18321,1.18318,1.95,0.75
06.08.2021 00:03:54.376,1.18321,1.18317,1.5,0.75
06.08.2021 00:03:55.204,1.18319,1.18317,0.75,0.75
06.08.2021 00:03:55.407,1.18319,1.18316,0.37,0.75
06.08.2021 00:03:55.970,1.1832,1.18316,1.2,0.75
06.08.2021 00:04:02.051,1.18321,1.18317,1.2,1.01
06.08.2021 00:04:02.518,1.1832200000000002,1.18318,0.75,0.75
06.08.2021 00:04:05.210,1.18324,1.1832,1.2,0.75
06.08.2021 00:04:05.311,1.18324,1.18321,0.45,0.75
06.08.2021 00:04:05.413,1.1832500000000001,1.18321,1.5,0.75
06.08.2021 00:04:58.256,1.18324,1.1832,0.75,0.75
06.08.2021 00:05:07.083,1.18321,1.18317,1.12,0.75
06.08.2021 00:05:12.514,1.1832,1.18317,0.75,0.75
06.08.2021 00:05:16.934,1.1832,1.18316,0.75,0.75
06.08.2021 00:05:33.741,1.1832,1.18317,0.75,0.37
06.08.2021 00:05:33.943,1.1832,1.18316,0.75,0.75
06.08.2021 00:05:37.387,1.18319,1.1831500000000001,0.75,2.89
06.08.2021 00:05:45.909,1.1832,1.18317,0.75,0.19
06.08.2021 00:05:46.011,1.1832,1.18319,1.2,0.19
06.08.2021 00:05:46.113,1.18323,1.18319,0.75,0.75
06.08.2021 00:05:56.152,1.1832200000000002,1.18321,0.75,0.75
06.08.2021 00:06:01.195,1.1832,1.18319,0.75,0.75
06.08.2021 00:06:01.296,1.18321,1.18317,0.75,0.75
06.08.2021 00:06:03.915,1.1832,1.18316,0.75,0.75
06.08.2021 00:06:05.559,1.18319,1.18316,0.75,0.75
06.08.2021 00:06:09.081,1.1832,1.18316,1.57,1.5
06.08.2021 00:06:13.200,1.18318,1.18316,1.2,1.76
06.08.2021 00:06:45.280,1.1832,1.18316,1.2,0.75
06.08.2021 00:06:45.539,1.18321,1.18318,0.45,2.14
06.08.2021 00:06:45.640,1.18321,1.1832,0.45,0.75
06.08.2021 00:06:45.742,1.18323,1.1832,0.37,0.75
06.08.2021 00:06:45.843,1.18324,1.1832,2.02,0.75
06.08.2021 00:07:04.640,1.18324,1.18321,0.82,0.75
06.08.2021 00:07:18.453,1.1832200000000002,1.1832,0.75,0.75
06.08.2021 00:07:18.503,1.18321,1.18318,0.37,0.75
06.08.2021 00:07:18.605,1.18321,1.18317,1.2,0.75
06.08.2021 00:07:20.531,1.1832,1.18317,0.82,0.75
06.08.2021 00:07:20.733,1.18319,1.18317,0.45,0.75
06.08.2021 00:07:20.937,1.1832,1.18317,1.2,0.75
06.08.2021 00:07:28.388,1.1832,1.18318,1.2,0.75
06.08.2021 00:07:50.317,1.18324,1.18321,0.75,0.75
06.08.2021 00:07:50.419,1.1832500000000001,1.18321,3.15,0.75
06.08.2021 00:07:54.476,1.18324,1.18323,0.37,0.75
06.08.2021 00:07:55.088,1.1832600000000002,1.1832200000000002,2.89,0.75
06.08.2021 00:08:00.059,1.18324,1.18323,0.37,0.75
06.08.2021 00:08:00.369,1.1832600000000002,1.1832200000000002,4.46,0.75
06.08.2021 00:08:08.734,1.18324,1.1832200000000002,0.1,0.75
06.08.2021 00:08:20.291,1.18324,1.1832200000000002,0.75,0.75
06.08.2021 00:08:20.394,1.18324,1.18321,0.75,0.75
06.08.2021 00:08:32.279,1.1832500000000001,1.18321,5.02,0.75
06.08.2021 00:08:36.751,1.1832500000000001,1.1832200000000002,1.2,0.75
06.08.2021 00:08:38.483,1.1832600000000002,1.1832200000000002,4.09,0.75
06.08.2021 00:08:48.052,1.1832500000000001,1.18321,0.75,0.75
06.08.2021 00:09:06.052,1.1832600000000002,1.1832200000000002,1.95,1.12
06.08.2021 00:09:08.049,1.1832500000000001,1.18321,0.75,1.2
06.08.2021 00:10:25.497,1.18324,1.1832,0.75,1.2
06.08.2021 00:10:56.306,1.18324,1.18321,0.75,0.75
06.08.2021 00:11:14.702,1.1832500000000001,1.18321,0.75,1.2
06.08.2021 00:11:18.517,1.1832500000000001,1.1832200000000002,0.75,0.75
06.08.2021 00:11:24.317,1.18324,1.1832,0.75,1.2
06.08.2021 00:11:24.519,1.18324,1.18321,0.75,0.37
06.08.2021 00:11:25.675,1.18324,1.1832,0.75,1.2
06.08.2021 00:11:26.093,1.18324,1.18321,0.75,0.1
06.08.2021 00:11:28.810,1.18324,1.1832,0.75,1.2
06.08.2021 00:11:30.919,1.18324,1.18321,0.75,0.75
06.08.2021 00:11:44.548,1.18321,1.18318,1.12,0.82
06.08.2021 00:11:44.650,1.1832,1.18317,0.75,0.82
06.08.2021 00:11:47.894,1.1832,1.18316,0.75,1.2
06.08.2021 00:11:48.188,1.18319,1.1831500000000001,0.75,1.2
06.08.2021 00:11:54.211,1.18316,1.18313,1.12,0.75
06.08.2021 00:11:54.262,1.1831500000000001,1.18311,0.75,10.2
06.08.2021 00:11:54.363,1.1831500000000001,1.1831200000000002,0.75,0.1
06.08.2021 00:11:54.465,1.1831500000000001,1.18311,0.75,0.82
06.08.2021 00:11:58.368,1.18314,1.1831,0.75,0.82
06.08.2021 00:12:01.949,1.18314,1.18311,0.75,0.1
06.08.2021 00:12:05.815,1.18314,1.1831200000000002,1.87,0.82
06.08.2021 00:12:25.723,1.18314,1.18311,0.37,0.75
06.08.2021 00:12:35.020,1.18314,1.18313,2.32,0.75
06.08.2021 00:12:41.056,1.18316,1.1831200000000002,2.62,0.82
06.08.2021 00:12:41.158,1.18317,1.18314,0.45,0.82
06.08.2021 00:12:41.259,1.18318,1.18314,2.62,0.82
06.08.2021 00:12:41.361,1.18319,1.1831500000000001,4.01,0.75
06.08.2021 00:12:45.273,1.1832,1.18317,1.5,0.75
06.08.2021 00:12:51.190,1.18319,1.18317,0.37,0.75
06.08.2021 00:12:51.317,1.18319,1.18317,3.52,0.75
06.08.2021 00:12:55.253,1.18319,1.18316,0.37,0.75
06.08.2021 00:12:57.703,1.1832,1.18316,3.52,0.75
06.08.2021 00:12:59.588,1.18319,1.18316,0.37,0.75
06.08.2021 00:13:30.627,1.1832,1.18316,3.45,0.82
06.08.2021 00:13:38.101,1.1832,1.18317,0.45,1.5
06.08.2021 00:13:38.924,1.1832,1.18316,0.75,1.12
06.08.2021 00:13:41.941,1.18321,1.18318,1.57,0.75
06.08.2021 00:13:42.042,1.1832,1.18317,0.75,0.75
06.08.2021 00:13:43.494,1.1832,1.18316,0.75,1.12
06.08.2021 00:13:44.954,1.1832200000000002,1.1832,0.45,0.75
06.08.2021 00:13:45.055,1.1832200000000002,1.18319,0.45,1.57
06.08.2021 00:13:45.106,1.18324,1.1832,1.57,0.75
06.08.2021 00:13:58.781,1.18321,1.18318,0.75,0.75
06.08.2021 00:13:58.882,1.18321,1.18317,1.5,2.02
06.08.2021 00:14:07.435,1.18319,1.18317,0.75,0.75
06.08.2021 00:14:23.339,1.18316,1.1831500000000001,2.25,0.75
06.08.2021 00:14:23.440,1.18316,1.18313,0.75,1.95
06.08.2021 00:14:23.542,1.18317,1.18313,0.75,0.75
06.08.2021 00:14:24.359,1.18316,1.1831500000000001,0.75,0.75
06.08.2021 00:14:33.407,1.18318,1.18314,1.5,0.75
06.08.2021 00:14:42.364,1.18316,1.1831200000000002,0.75,1.57
06.08.2021 00:14:45.458,1.18317,1.18313,0.75,0.75
06.08.2021 00:14:47.283,1.1831500000000001,1.1831200000000002,0.75,1.05
06.08.2021 00:14:47.384,1.1831500000000001,1.18311,0.75,3.9
06.08.2021 00:15:01.272,1.18314,1.18311,0.75,1.5
06.08.2021 00:15:02.726,1.1831500000000001,1.18311,0.75,1.69
06.08.2021 00:15:02.828,1.1831500000000001,1.1831200000000002,0.75,0.82
06.08.2021 00:15:06.477,1.18316,1.18313,0.75,0.75
06.08.2021 00:15:08.504,1.18318,1.18314,1.5,1.5
06.08.2021 00:15:15.623,1.18319,1.1831500000000001,0.75,1.5
06.08.2021 00:15:17.246,1.18319,1.18316,0.75,0.75
06.08.2021 00:15:20.376,1.18319,1.1831500000000001,0.75,1.5
06.08.2021 00:15:21.229,1.18318,1.18317,0.75,0.75
06.08.2021 00:15:28.066,1.18319,1.1831500000000001,1.5,1.5
06.08.2021 00:15:34.982,1.18318,1.1831500000000001,1.5,0.75
06.08.2021 00:15:35.084,1.18317,1.18313,1.5,1.5
06.08.2021 00:15:35.237,1.18318,1.18314,13.27,0.75
06.08.2021 00:15:39.741,1.18319,1.1831500000000001,2.77,1.5
06.08.2021 00:16:18.213,1.1832,1.18316,3.82,0.75
06.08.2021 00:16:21.785,1.18318,1.18317,0.75,0.75
06.08.2021 00:16:21.886,1.18319,1.1831500000000001,0.75,1.5
06.08.2021 00:17:11.553,1.18318,1.1831500000000001,0.75,0.75
06.08.2021 00:17:11.604,1.18316,1.18313,1.12,0.75
06.08.2021 00:17:11.706,1.18316,1.1831200000000002,1.87,1.2
06.08.2021 00:17:12.060,1.1831500000000001,1.18311,0.75,0.75
06.08.2021 00:17:35.127,1.18314,1.18311,0.75,0.75
06.08.2021 00:18:00.294,1.18311,1.18308,1.12,1.2
06.08.2021 00:18:00.498,1.18311,1.18307,1.5,0.75
06.08.2021 00:18:03.163,1.1831,1.18307,0.75,0.75
06.08.2021 00:18:07.769,1.1831,1.18306,0.75,0.75
06.08.2021 00:18:07.871,1.1831,1.18307,0.75,0.75
06.08.2021 00:18:10.377,1.1831,1.18306,0.75,0.75
06.08.2021 00:18:13.156,1.1831,1.18307,1.12,0.75
06.08.2021 00:18:20.187,1.1831,1.18306,1.12,0.75
06.08.2021 00:18:25.605,1.18309,1.18306,0.75,0.75
06.08.2021 00:19:08.541,1.1831,1.18306,0.75,0.75
06.08.2021 00:19:09.184,1.18308,1.18307,0.75,0.75
06.08.2021 00:19:10.155,1.1831,1.18306,1.87,0.75
06.08.2021 00:19:10.256,1.18309,1.18306,1.5,0.75
06.08.2021 00:19:40.881,1.1830500000000002,1.18303,0.75,1.05
06.08.2021 00:19:40.983,1.1830500000000002,1.1830200000000002,1.5,1.95
06.08.2021 00:19:45.476,1.18304,1.1830100000000001,0.75,0.82
06.08.2021 00:20:01.256,1.18303,1.183,0.75,0.75
06.08.2021 00:20:02.358,1.1830200000000002,1.18299,3.75,0.75
06.08.2021 00:20:02.409,1.18298,1.18295,0.75,13.01
06.08.2021 00:20:02.460,1.183,1.18296,0.75,0.82
06.08.2021 00:20:02.562,1.18298,1.18296,2.25,0.75
06.08.2021 00:20:02.664,1.18298,1.18295,0.75,0.75
06.08.2021 00:20:02.765,1.18299,1.18295,0.75,0.75
06.08.2021 00:20:04.648,1.18298,1.18295,0.75,0.75
06.08.2021 00:20:04.800,1.18297,1.18293,2.62,0.75
06.08.2021 00:20:04.902,1.18297,1.18294,1.12,0.75
06.08.2021 00:20:09.089,1.18298,1.18294,0.75,0.75
06.08.2021 00:20:09.190,1.18297,1.18296,0.75,0.75
06.08.2021 00:20:15.479,1.18299,1.18296,1.87,0.75
06.08.2021 00:20:26.490,1.18298,1.18295,0.75,0.75
06.08.2021 00:20:30.093,1.18299,1.18296,1.12,0.75
06.08.2021 00:20:35.235,1.183,1.18296,4.12,0.75
06.08.2021 00:20:37.383,1.183,1.18297,1.87,0.75
06.08.2021 00:20:41.211,1.1830100000000001,1.18297,1.87,0.75
06.08.2021 00:20:42.013,1.1830200000000002,1.18298,1.5,0.75
06.08.2021 00:20:42.166,1.18303,1.183,3,0.75
06.08.2021 00:21:05.439,1.18304,1.1830100000000001,1.5,0.75
06.08.2021 00:21:05.540,1.1830500000000002,1.1830100000000001,10.95,0.75
06.08.2021 00:21:07.640,1.18304,1.1830100000000001,0.75,0.75
06.08.2021 00:21:27.841,1.18306,1.18303,2.25,0.75
06.08.2021 00:21:27.942,1.18307,1.18304,0.75,0.94
06.08.2021 00:21:28.044,1.18308,1.1830500000000002,0.45,0.75
06.08.2021 00:21:28.145,1.18309,1.18306,0.75,0.75
06.08.2021 00:21:50.305,1.18308,1.1830500000000002,0.75,0.75
06.08.2021 00:21:51.152,1.18307,1.18304,0.75,0.75
06.08.2021 00:21:51.203,1.18306,1.1830200000000002,2.25,1.2
06.08.2021 00:21:51.305,1.1830500000000002,1.1830200000000002,1.5,1.2
06.08.2021 00:21:51.406,1.18304,1.1830100000000001,0.75,0.75
06.08.2021 00:21:57.517,1.1830500000000002,1.1830100000000001,0.75,0.82
06.08.2021 00:21:57.619,1.1830500000000002,1.1830200000000002,0.75,0.75
06.08.2021 00:22:01.634,1.18304,1.1830200000000002,0.37,0.75
06.08.2021 00:22:01.736,1.18304,1.1830100000000001,1.87,0.75
06.08.2021 00:22:07.184,1.18304,1.183,0.75,0.94
06.08.2021 00:22:10.702,1.18303,1.1830200000000002,1.5,0.75
06.08.2021 00:22:19.120,1.18306,1.1830500000000002,8.4,1.5
06.08.2021 00:22:19.325,1.18308,1.18304,1.5,0.82
06.08.2021 00:22:23.317,1.18308,1.1830500000000002,1.5,0.75
06.08.2021 00:22:27.523,1.18308,1.18304,0.75,0.82
06.08.2021 00:22:29.436,1.18309,1.1830500000000002,0.75,0.75
06.08.2021 00:22:32.905,1.1831,1.18306,0.75,0.75
06.08.2021 00:22:33.974,1.18309,1.1830500000000002,0.75,0.75
06.08.2021 00:22:43.660,1.18309,1.18306,0.75,0.75
06.08.2021 00:22:59.631,1.1831,1.18306,2.59,0.75
06.08.2021 00:22:59.833,1.18309,1.1830500000000002,0.75,0.75
06.08.2021 00:23:00.067,1.18309,1.18306,0.75,0.75
06.08.2021 00:23:54.579,1.1831,1.18307,1.2,0.75
06.08.2021 00:24:00.513,1.1831,1.18306,0.75,0.75
06.08.2021 00:24:12.019,1.18309,1.18306,0.37,0.75
06.08.2021 00:24:25.952,1.18309,1.1830500000000002,1.12,0.82
06.08.2021 00:24:32.022,1.18308,1.1830500000000002,0.75,0.75
06.08.2021 00:24:49.674,1.18308,1.18304,0.75,0.75
06.08.2021 00:24:49.776,1.18307,1.18303,0.75,0.82
06.08.2021 00:24:50.283,1.18304,1.18303,0.75,0.75
06.08.2021 00:24:54.092,1.18306,1.1830200000000002,0.75,0.82
06.08.2021 00:25:12.906,1.1830500000000002,1.1830200000000002,0.75,0.82
06.08.2021 00:25:21.133,1.1830500000000002,1.18303,0.75,0.1
06.08.2021 00:25:22.782,1.1830500000000002,1.1830200000000002,0.75,2.02
06.08.2021 00:25:51.068,1.1830500000000002,1.18303,0.75,0.82
06.08.2021 00:25:54.611,1.18306,1.18304,0.75,0.37
06.08.2021 00:25:54.835,1.18306,1.1830200000000002,0.75,0.82
06.08.2021 00:26:00.232,1.1830500000000002,1.1830100000000001,0.75,1.88
06.08.2021 00:26:03.356,1.18304,1.183,0.75,0.82
06.08.2021 00:26:06.061,1.18303,1.183,0.75,0.1
06.08.2021 00:26:20.521,1.1830200000000002,1.183,0.75,1.57
06.08.2021 00:26:43.404,1.1830200000000002,1.18299,0.75,0.45
06.08.2021 00:26:44.239,1.183,1.18297,0.75,1.5
06.08.2021 00:26:44.341,1.18299,1.18297,0.75,0.45
06.08.2021 00:26:44.442,1.18299,1.18295,0.75,0.82
06.08.2021 00:26:53.386,1.18298,1.18295,0.75,0.1
06.08.2021 00:26:53.487,1.18298,1.18294,0.75,1.95
06.08.2021 00:26:54.314,1.18296,1.1829200000000002,0.75,0.82
06.08.2021 00:26:54.415,1.18295,1.1829200000000002,0.75,0.1
06.08.2021 00:26:55.773,1.18294,1.1829,0.75,4.09
06.08.2021 00:27:04.281,1.18294,1.1829100000000001,0.75,0.75
06.08.2021 00:27:05.412,1.18295,1.1829100000000001,1.5,0.82
06.08.2021 00:27:06.819,1.18294,1.1829,0.75,0.82
06.08.2021 00:27:14.690,1.18295,1.1829100000000001,2.62,0.75
06.08.2021 00:27:17.524,1.18296,1.1829200000000002,0.75,0.82
06.08.2021 00:27:18.944,1.18297,1.18293,0.75,0.75
06.08.2021 00:27:21.464,1.18297,1.18294,0.75,0.75
06.08.2021 00:27:30.999,1.18296,1.1829200000000002,0.75,0.82
06.08.2021 00:27:31.101,1.18295,1.1829200000000002,0.75,0.75
06.08.2021 00:27:31.203,1.18296,1.1829200000000002,0.75,0.75
06.08.2021 00:27:31.918,1.18295,1.1829100000000001,1.5,0.82
06.08.2021 00:27:38.543,1.18293,1.1829100000000001,0.75,0.82
06.08.2021 00:27:38.720,1.18294,1.1829100000000001,0.75,0.1
06.08.2021 00:27:38.922,1.18294,1.1829,0.75,1.27
06.08.2021 00:27:42.064,1.18294,1.1829100000000001,0.75,0.1
06.08.2021 00:27:42.165,1.18294,1.1829,0.75,3.45
06.08.2021 00:27:42.504,1.18295,1.1829100000000001,1.5,0.75
06.08.2021 00:27:52.491,1.1829200000000002,1.18288,3.19,1.95
06.08.2021 00:27:52.593,1.18289,1.18288,1.5,7.5
06.08.2021 00:27:52.745,1.18289,1.18286,0.75,0.75
06.08.2021 00:27:52.847,1.18289,1.18285,1.5,0.82
06.08.2021 00:27:54.109,1.18289,1.18286,0.75,0.82
06.08.2021 00:27:57.476,1.1829,1.18286,1.5,0.82
06.08.2021 00:27:59.494,1.1829100000000001,1.18288,8.7,0.82
06.08.2021 00:27:59.596,1.1829200000000002,1.18289,0.45,0.82
06.08.2021 00:27:59.698,1.18293,1.18289,1.5,0.82
06.08.2021 00:28:07.449,1.1829200000000002,1.18288,2.44,1.27
06.08.2021 00:28:09.363,1.18294,1.1829,1.5,0.82
06.08.2021 00:28:13.796,1.18293,1.1829200000000002,0.75,0.1
06.08.2021 00:28:34.896,1.18294,1.1829,0.75,1.01
06.08.2021 00:28:35.249,1.1829200000000002,1.18288,0.75,1.57
06.08.2021 00:28:38.397,1.1829,1.18286,0.75,1.95
06.08.2021 00:28:40.780,1.18289,1.18285,0.75,0.82
06.08.2021 00:28:41.033,1.18288,1.18287,0.75,0.75
06.08.2021 00:28:41.386,1.18289,1.18287,2.25,0.82
06.08.2021 00:28:42.242,1.18289,1.18286,0.75,0.82
06.08.2021 00:28:43.730,1.1829,1.18286,2.25,0.82
06.08.2021 00:28:44.618,1.1829,1.18287,0.75,0.1
06.08.2021 00:28:51.146,1.1829200000000002,1.18288,1.57,0.75
06.08.2021 00:28:55.459,1.18293,1.18289,1.57,0.75
06.08.2021 00:29:14.320,1.1829100000000001,1.18287,1.5,1.57
06.08.2021 00:29:14.422,1.1829,1.18287,0.75,0.75
06.08.2021 00:29:14.473,1.18289,1.18285,0.75,1.95
06.08.2021 00:29:14.575,1.18289,1.18286,0.75,0.1
06.08.2021 00:29:14.676,1.18289,1.18285,0.75,1.2
06.08.2021 00:29:22.272,1.18288,1.1828400000000001,0.75,2.7
06.08.2021 00:29:22.525,1.18286,1.18283,0.75,1.2
06.08.2021 00:29:23.198,1.18285,1.1828200000000002,0.75,1.95
06.08.2021 00:29:24.509,1.18287,1.18283,1.31,0.82
06.08.2021 00:29:26.899,1.18285,1.1828200000000002,0.75,0.75
06.08.2021 00:29:27.001,1.18285,1.1828100000000001,0.75,0.82
06.08.2021 00:29:27.102,1.18285,1.1828200000000002,0.75,0.82
06.08.2021 00:29:27.204,1.18286,1.1828200000000002,1.5,1.95
06.08.2021 00:29:27.456,1.18283,1.1828100000000001,0.75,1.57
06.08.2021 00:29:28.316,1.18283,1.18279,0.75,2.32
06.08.2021 00:29:28.549,1.1828400000000001,1.1828,1.57,0.75
06.08.2021 00:29:28.650,1.18283,1.18279,0.75,2.32
06.08.2021 00:29:28.801,1.18283,1.1828,0.75,0.37
06.08.2021 00:29:28.994,1.18283,1.18279,0.75,1.95
06.08.2021 00:29:29.171,1.18283,1.1828,0.75,0.75
06.08.2021 00:29:29.407,1.18283,1.18279,0.75,1.95
06.08.2021 00:29:29.714,1.1828400000000001,1.1828,1.57,0.75
06.08.2021 00:29:33.474,1.1828200000000002,1.18278,1.01,0.75
06.08.2021 00:29:33.576,1.18283,1.18279,1.01,0.75
06.08.2021 00:29:33.893,1.18283,1.1828,1.01,0.75
06.08.2021 00:29:33.994,1.18283,1.18279,1.01,0.75
06.08.2021 00:29:35.072,1.18283,1.1828,0.94,0.75
06.08.2021 00:29:35.194,1.18283,1.18279,0.94,0.82
06.08.2021 00:29:35.404,1.18283,1.1828,0.94,0.75
06.08.2021 00:29:35.506,1.18283,1.18279,0.94,0.82
06.08.2021 00:29:46.849,1.18283,1.1828,0.75,1.57
06.08.2021 00:29:48.481,1.1828400000000001,1.1828,1.2,1.95
06.08.2021 00:29:54.515,1.18283,1.18279,0.75,1.2
06.08.2021 00:29:57.852,1.1828200000000002,1.18279,1.69,1.2
06.08.2021 00:29:57.955,1.1828100000000001,1.18277,0.75,1.95
06.08.2021 00:29:58.106,1.1828,1.18278,0.19,0.75
06.08.2021 00:29:58.157,1.1828,1.18276,0.94,0.82
06.08.2021 00:29:58.259,1.18279,1.18276,0.94,0.1
06.08.2021 00:29:58.361,1.18279,1.18275,0.94,0.82
06.08.2021 00:30:00.629,1.18279,1.18276,0.75,0.75
06.08.2021 00:30:00.785,1.18278,1.18276,0.75,0.82
06.08.2021 00:30:01.022,1.18279,1.18276,0.75,1.12
06.08.2021 00:30:01.177,1.1828,1.18276,0.75,1.2
06.08.2021 00:30:06.336,1.1828200000000002,1.18278,1.87,1.2
06.08.2021 00:30:08.322,1.1828200000000002,1.18279,0.75,0.1
06.08.2021 00:30:09.736,1.18283,1.1828,0.75,1.57
06.08.2021 00:30:11.518,1.1828400000000001,1.1828,0.75,0.82
06.08.2021 00:30:15.476,1.18283,1.18279,0.75,1.2
06.08.2021 00:30:26.228,1.1828100000000001,1.18278,0.75,0.1
06.08.2021 00:30:32.414,1.1828200000000002,1.18279,0.75,0.1
06.08.2021 00:30:38.489,1.18283,1.18279,0.75,1.57
06.08.2021 00:30:38.591,1.1828200000000002,1.18279,0.75,0.82
06.08.2021 00:30:38.952,1.18283,1.18279,0.75,1.57
06.08.2021 00:30:39.362,1.18283,1.1828,0.75,0.1
06.08.2021 00:30:39.464,1.1828200000000002,1.1828,0.75,1.57
06.08.2021 00:30:39.574,1.1828200000000002,1.18279,0.75,0.82
06.08.2021 00:30:42.047,1.18283,1.18279,0.82,0.75
06.08.2021 00:30:51.503,1.1828200000000002,1.18278,0.75,0.82
06.08.2021 00:31:05.384,1.18279,1.18277,0.75,1.57
06.08.2021 00:31:09.507,1.18279,1.18276,0.75,0.75
06.08.2021 00:31:17.383,1.18279,1.18275,0.75,0.82
06.08.2021 00:31:17.873,1.18278,1.18275,0.75,0.75
06.08.2021 00:31:17.975,1.18277,1.18273,0.75,1.2
06.08.2021 00:31:18.077,1.18276,1.1827200000000002,0.75,1.57
06.08.2021 00:31:18.179,1.18275,1.1827200000000002,0.75,0.82
06.08.2021 00:31:19.791,1.18277,1.18273,0.75,0.82
06.08.2021 00:31:21.196,1.18275,1.18273,0.75,2.32
06.08.2021 00:31:22.321,1.1827400000000001,1.1827,0.75,1.95
06.08.2021 00:31:28.765,1.18275,1.1827100000000002,0.82,0.75
06.08.2021 00:31:29.428,1.18276,1.18273,1.2,0.1
06.08.2021 00:31:29.580,1.18277,1.18273,0.75,0.82
06.08.2021 00:31:32.178,1.18278,1.1827400000000001,2.32,0.75
06.08.2021 00:31:41.739,1.18279,1.18275,2.51,0.75
06.08.2021 00:31:43.616,1.18279,1.18276,0.75,0.45
06.08.2021 00:31:43.681,1.1828100000000001,1.18277,11.59,0.82
06.08.2021 00:31:44.705,1.1828100000000001,1.18278,0.75,0.1
06.08.2021 00:31:48.476,1.1828200000000002,1.18278,0.75,0.82
06.08.2021 00:32:00.814,1.1828100000000001,1.18278,1.27,0.75
06.08.2021 00:32:00.992,1.1828,1.18276,1.01,0.75
06.08.2021 00:32:22.232,1.1828,1.18277,0.75,0.75
06.08.2021 00:32:22.334,1.18279,1.18276,0.75,0.82
06.08.2021 00:32:27.527,1.1828,1.18276,1.76,0.75
06.08.2021 00:32:28.242,1.18279,1.18275,0.75,0.82
06.08.2021 00:32:29.526,1.18278,1.1827400000000001,1.01,0.75
06.08.2021 00:32:29.636,1.18277,1.18273,0.94,0.82
06.08.2021 00:32:30.045,1.18276,1.1827200000000002,0.75,0.82
06.08.2021 00:32:30.409,1.18278,1.1827400000000001,1.5,1.2
06.08.2021 00:32:30.510,1.18277,1.1827400000000001,0.75,0.45
06.08.2021 00:32:30.662,1.18277,1.18273,0.75,1.2
06.08.2021 00:32:31.768,1.18276,1.1827200000000002,0.75,2.32
06.08.2021 00:32:34.553,1.18275,1.1827100000000002,0.82,0.75
06.08.2021 00:32:34.706,1.1827400000000001,1.1827,0.75,3.45
06.08.2021 00:32:34.807,1.1827400000000001,1.1827100000000002,0.75,0.1
06.08.2021 00:32:35.276,1.1827400000000001,1.1827200000000002,0.75,0.1
06.08.2021 00:32:37.960,1.18275,1.1827100000000002,0.75,0.82
06.08.2021 00:32:38.076,1.1827400000000001,1.1827,0.75,1.2
06.08.2021 00:32:43.380,1.1827400000000001,1.1827100000000002,0.75,0.1
06.08.2021 00:32:43.604,1.1827400000000001,1.1827,0.75,0.82
06.08.2021 00:32:45.179,1.1827400000000001,1.1827100000000002,0.75,0.82
06.08.2021 00:32:46.655,1.18275,1.1827100000000002,0.75,1.95
06.08.2021 00:32:57.477,1.1827400000000001,1.1827,0.75,0.82
06.08.2021 00:33:00.884,1.18273,1.1827,0.75,0.75
06.08.2021 00:33:05.361,1.1827200000000002,1.1827,0.94,0.82
06.08.2021 00:33:06.870,1.1827100000000002,1.1827,0.75,0.75
06.08.2021 00:33:06.972,1.18273,1.18269,0.82,0.75
06.08.2021 00:33:09.336,1.1827200000000002,1.18269,0.75,0.75
06.08.2021 00:33:10.788,1.18273,1.18269,1.01,0.75
06.08.2021 00:33:10.890,1.18273,1.1827,0.82,0.75
06.08.2021 00:33:13.352,1.18273,1.18269,1.01,0.75
06.08.2021 00:33:14.355,1.18273,1.1827,0.82,0.75
06.08.2021 00:33:18.962,1.1827400000000001,1.1827,1.01,0.75
06.08.2021 00:33:19.502,1.18275,1.1827100000000002,0.75,0.82
06.08.2021 00:33:19.604,1.1827400000000001,1.1827100000000002,0.75,0.82
06.08.2021 00:33:24.523,1.1827400000000001,1.1827,0.75,2.32
06.08.2021 00:33:24.965,1.1827400000000001,1.1827100000000002,0.75,0.1
06.08.2021 00:33:25.067,1.1827400000000001,1.1827,0.75,2.7
06.08.2021 00:33:25.219,1.18273,1.1827200000000002,0.75,0.1
06.08.2021 00:33:26.554,1.1827400000000001,1.1827,0.75,2.7
06.08.2021 00:33:28.025,1.1827400000000001,1.18273,0.75,0.75
06.08.2021 00:33:28.126,1.18276,1.1827200000000002,1.5,0.82
06.08.2021 00:33:34.656,1.18276,1.18273,0.75,0.37
06.08.2021 00:33:34.859,1.18276,1.1827200000000002,0.75,0.82
06.08.2021 00:33:38.929,1.18275,1.1827200000000002,1.76,0.75
06.08.2021 00:33:42.476,1.18275,1.1827100000000002,1.01,0.75
06.08.2021 00:33:43.776,1.18273,1.1827200000000002,0.75,0.75
06.08.2021 00:34:03.531,1.18275,1.1827100000000002,1.5,0.82
06.08.2021 00:34:05.839,1.1827400000000001,1.1827100000000002,0.75,0.82
06.08.2021 00:34:05.941,1.18275,1.1827100000000002,0.75,1.57
06.08.2021 00:34:10.567,1.1827400000000001,1.1827100000000002,0.75,0.75
06.08.2021 00:34:23.973,1.18275,1.1827100000000002,1.57,0.75
06.08.2021 00:34:27.433,1.1827400000000001,1.1827100000000002,0.75,0.75
06.08.2021 00:34:35.123,1.18275,1.1827200000000002,1.57,0.75
06.08.2021 00:34:47.717,1.18275,1.1827100000000002,1.57,0.75
06.08.2021 00:36:00.888,1.18273,1.1827100000000002,0.75,0.75
06.08.2021 00:36:00.990,1.18273,1.1827,0.82,0.75
06.08.2021 00:36:01.092,1.1827400000000001,1.1827,1.01,0.75
06.08.2021 00:36:01.193,1.18273,1.1827100000000002,1.95,0.75
06.08.2021 00:36:01.395,1.1827400000000001,1.1827,0.82,0.75
06.08.2021 00:36:04.624,1.18273,1.1827,0.75,0.75
06.08.2021 00:36:04.759,1.18273,1.1827100000000002,2.7,0.75
06.08.2021 00:36:04.910,1.18275,1.1827100000000002,3.26,0.75
06.08.2021 00:36:07.142,1.1827400000000001,1.1827100000000002,1.57,0.75
06.08.2021 00:36:07.294,1.1827400000000001,1.1827,2.7,0.75
06.08.2021 00:36:08.038,1.18273,1.1827,0.1,0.75
06.08.2021 00:36:08.139,1.1827400000000001,1.1827,1.76,0.75
06.08.2021 00:36:22.233,1.18275,1.1827100000000002,1.95,0.75
06.08.2021 00:36:27.476,1.18275,1.1827200000000002,1.01,0.75
06.08.2021 00:36:33.782,1.18276,1.1827200000000002,1.12,0.82
06.08.2021 00:36:33.884,1.18276,1.18273,0.37,0.75
06.08.2021 00:36:33.985,1.18277,1.18273,3.64,0.75
06.08.2021 00:36:34.202,1.18276,1.18273,0.75,0.75
06.08.2021 00:36:37.644,1.18277,1.18273,3.26,0.75
06.08.2021 00:36:42.070,1.18276,1.1827200000000002,1.39,0.75
06.08.2021 00:36:45.125,1.18277,1.18273,3.26,0.75
06.08.2021 00:36:47.529,1.18277,1.18275,1.57,0.75
06.08.2021 00:36:52.196,1.18279,1.18275,2.32,0.75
06.08.2021 00:37:14.204,1.18279,1.18276,2.32,0.75
06.08.2021 00:37:36.567,1.1828,1.18276,1.95,0.75
06.08.2021 00:37:52.006,1.1828100000000001,1.18277,5.51,0.75
06.08.2021 00:37:52.108,1.1828,1.18277,0.1,0.75
06.08.2021 00:37:53.365,1.18279,1.18276,0.75,0.75
06.08.2021 00:38:13.451,1.18278,1.18275,0.75,0.75
06.08.2021 00:38:25.156,1.18279,1.18275,1.57,0.75
06.08.2021 00:38:28.508,1.18278,1.18275,0.75,0.75
06.08.2021 00:38:41.478,1.18278,1.1827400000000001,1.5,0.82
06.08.2021 00:38:55.247,1.18276,1.18273,0.82,0.75
06.08.2021 00:38:58.363,1.18276,1.1827400000000001,3.45,0.75
06.08.2021 00:39:01.051,1.18275,1.1827400000000001,0.37,0.75
06.08.2021 00:39:01.292,1.18276,1.1827200000000002,1.12,0.82
06.08.2021 00:39:10.099,1.18275,1.1827100000000002,1.57,0.75
06.08.2021 00:39:10.200,1.1827400000000001,1.1827,0.75,1.12
06.08.2021 00:39:10.555,1.18273,1.1827,0.75,0.37
06.08.2021 00:39:10.740,1.18273,1.18269,0.75,1.87
06.08.2021 00:39:12.466,1.1827400000000001,1.1827,1.57,0.75
06.08.2021 00:39:13.622,1.1827400000000001,1.1827100000000002,0.75,0.75
06.08.2021 00:39:27.659,1.18273,1.1827100000000002,1.2,0.75
06.08.2021 00:39:30.785,1.18273,1.1827,0.37,0.75
06.08.2021 00:39:30.892,1.18273,1.1827100000000002,0.82,0.75
06.08.2021 00:39:31.097,1.18273,1.1827,0.1,0.75
06.08.2021 00:39:31.200,1.1827200000000002,1.18268,1.57,1.5
06.08.2021 00:39:37.343,1.18269,1.18268,0.75,0.37
06.08.2021 00:39:37.445,1.1827,1.18266,0.75,1.87
06.08.2021 00:39:37.497,1.18266,1.18264,0.75,0.19
06.08.2021 00:39:37.600,1.1826200000000002,1.1826,3,5.63
06.08.2021 00:39:37.651,1.18263,1.1826100000000002,1.57,0.94
06.08.2021 00:39:37.703,1.1826200000000002,1.18259,2.25,0.75
06.08.2021 00:39:37.754,1.18259,1.18256,0.75,2.63
06.08.2021 00:39:37.856,1.1826,1.1825700000000001,0.75,1.76
06.08.2021 00:39:39.196,1.1826,1.18256,0.75,3.64
06.08.2021 00:39:47.621,1.18258,1.18255,0.75,3.15
06.08.2021 00:39:47.875,1.1825700000000001,1.18255,0.75,0.82
06.08.2021 00:39:47.978,1.18258,1.18255,0.75,1.57
06.08.2021 00:39:52.407,1.1825700000000001,1.18255,0.75,0.82
06.08.2021 00:40:01.000,1.1826,1.1825700000000001,1.2,2.33
06.08.2021 00:40:01.102,1.1826100000000002,1.18258,0.75,2.03
06.08.2021 00:40:03.322,1.1826100000000002,1.18259,0.75,2.03
06.08.2021 00:40:06.194,1.1826200000000002,1.18259,0.75,0.1
06.08.2021 00:40:06.332,1.1826200000000002,1.18258,0.75,1.28
06.08.2021 00:40:11.903,1.1826100000000002,1.18258,0.75,0.75
06.08.2021 00:40:11.955,1.18259,1.18256,0.75,1.8
06.08.2021 00:40:12.056,1.1826,1.18256,0.75,2.33
06.08.2021 00:40:12.157,1.1826,1.18258,0.75,2.89
06.08.2021 00:40:12.259,1.1826100000000002,1.1825700000000001,0.75,4.39
06.08.2021 00:40:12.411,1.1826100000000002,1.18258,0.75,0.83
06.08.2021 00:40:23.524,1.1826200000000002,1.18258,0.75,3.64
06.08.2021 00:40:24.666,1.1826100000000002,1.18258,0.75,0.75
06.08.2021 00:40:30.189,1.1826,1.18256,0.75,4.51
06.08.2021 00:40:30.442,1.18259,1.18258,0.75,0.1
06.08.2021 00:40:30.543,1.1826,1.18259,1.2,1.2
06.08.2021 00:40:33.271,1.1826,1.1825700000000001,0.75,1.5
06.08.2021 00:40:37.652,1.1826,1.18258,0.75,0.37
06.08.2021 00:40:37.753,1.1826100000000002,1.18258,0.75,0.37
06.08.2021 00:41:03.766,1.1826,1.18258,0.75,2.55
06.08.2021 00:41:03.868,1.1826100000000002,1.18258,0.75,1.2
06.08.2021 00:41:12.142,1.1826100000000002,1.1826,0.75,0.1
06.08.2021 00:41:12.647,1.1826200000000002,1.1826,0.75,0.83
06.08.2021 00:41:12.800,1.18263,1.1826,0.75,0.1
06.08.2021 00:41:12.901,1.18263,1.18259,0.75,1.58
06.08.2021 00:41:17.106,1.1826200000000002,1.18259,0.75,2.33
06.08.2021 00:41:17.738,1.1826200000000002,1.1826,0.75,0.1
06.08.2021 00:41:18.320,1.1826200000000002,1.18259,0.75,2.7
06.08.2021 00:41:48.743,1.1826200000000002,1.1826,0.75,0.83
06.08.2021 00:41:48.844,1.18264,1.1826200000000002,0.75,0.1
06.08.2021 00:41:48.997,1.18266,1.18263,0.75,0.83
06.08.2021 00:41:49.250,1.18266,1.18264,0.75,2.62
06.08.2021 00:41:58.019,1.18266,1.18263,0.75,2.7
06.08.2021 00:42:17.225,1.18266,1.18264,0.75,0.11
06.08.2021 00:42:17.326,1.18266,1.18263,0.75,2.71
06.08.2021 00:42:29.018,1.18266,1.18264,0.75,0.94
06.08.2021 00:42:29.311,1.18267,1.18264,0.75,1.02
06.08.2021 00:42:29.412,1.18268,1.18265,0.75,0.94
06.08.2021 00:42:32.595,1.18267,1.18265,0.75,0.94
06.08.2021 00:42:34.077,1.18268,1.18265,0.75,0.94
06.08.2021 00:42:35.780,1.18267,1.18265,0.75,3.35
06.08.2021 00:42:58.043,1.1827100000000002,1.18268,9.15,1.87
06.08.2021 00:43:20.237,1.1827100000000002,1.18267,0.75,1.69
06.08.2021 00:43:20.546,1.18269,1.18266,0.75,0.19
06.08.2021 00:43:20.648,1.18269,1.18265,0.82,1.5
06.08.2021 00:43:22.371,1.18267,1.18264,0.75,1.39
06.08.2021 00:43:25.752,1.18266,1.18264,0.75,1.39
06.08.2021 00:43:25.955,1.18264,1.1826100000000002,0.75,1.2
06.08.2021 00:43:26.056,1.18264,1.1826,0.75,2.32
06.08.2021 00:43:26.157,1.18263,1.1826,0.75,2.89
06.08.2021 00:43:27.275,1.18263,1.1826100000000002,0.75,0.75
06.08.2021 00:43:27.376,1.18263,1.1826,0.75,5.51
06.08.2021 00:43:27.477,1.18264,1.1826100000000002,0.75,1.57
06.08.2021 00:43:27.579,1.18265,1.1826100000000002,0.75,3.45
06.08.2021 00:43:27.680,1.18265,1.1826200000000002,0.75,0.37
06.08.2021 00:43:27.987,1.18266,1.1826200000000002,0.75,2.81
06.08.2021 00:44:28.959,1.18264,1.1826,0.75,2.51
06.08.2021 00:44:29.111,1.18264,1.1826100000000002,0.75,2.25
06.08.2021 00:45:16.307,1.18265,1.1826100000000002,0.82,1.5
06.08.2021 00:45:38.167,1.18264,1.1826100000000002,0.75,0.75
06.08.2021 00:45:42.555,1.18263,1.1826100000000002,0.75,0.75
06.08.2021 00:45:44.169,1.18263,1.1826200000000002,0.75,0.75
06.08.2021 00:45:59.141,1.18263,1.1826100000000002,0.75,0.75
06.08.2021 00:46:15.643,1.18264,1.1826100000000002,0.75,0.75
06.08.2021 00:46:17.881,1.18264,1.1826200000000002,0.75,0.37
06.08.2021 00:46:17.983,1.18265,1.18263,0.75,1.12
06.08.2021 00:46:18.034,1.18267,1.18263,8.7,1.12
06.08.2021 00:46:18.506,1.18267,1.18264,0.75,0.37
06.08.2021 00:46:24.091,1.18267,1.18263,0.75,1.12
06.08.2021 00:46:24.674,1.18267,1.18264,0.75,0.37
06.08.2021 00:46:24.858,1.18266,1.18263,0.75,1.87
06.08.2021 00:46:26.866,1.18267,1.18263,0.75,1.87
06.08.2021 00:46:27.020,1.18266,1.18263,0.75,1.87
06.08.2021 00:46:30.902,1.18267,1.18263,0.75,1.87
06.08.2021 00:46:31.115,1.18268,1.18265,0.75,2.7
06.08.2021 00:46:31.268,1.1827,1.18266,0.75,3.94
06.08.2021 00:46:31.369,1.1827,1.18267,0.75,0.37
06.08.2021 00:46:31.471,1.1827100000000002,1.18267,0.75,0.37
06.08.2021 00:46:31.573,1.1827,1.18267,0.75,0.37
06.08.2021 00:46:34.384,1.1827100000000002,1.18267,0.75,0.37
06.08.2021 00:46:34.485,1.1827100000000002,1.18268,0.75,1.31
06.08.2021 00:46:34.586,1.1827100000000002,1.18268,0.75,1.69
06.08.2021 00:46:35.477,1.1827100000000002,1.18268,0.75,2.51
06.08.2021 00:46:37.424,1.1827100000000002,1.18269,0.75,0.37
06.08.2021 00:46:38.196,1.1827100000000002,1.18268,0.75,2.25
06.08.2021 00:46:56.132,1.1827100000000002,1.1827,0.75,0.37
06.08.2021 00:47:19.069,1.1827200000000002,1.18269,0.75,4.31
06.08.2021 00:47:19.170,1.1827200000000002,1.1827100000000002,0.75,0.75
06.08.2021 00:47:19.322,1.1827200000000002,1.18269,0.75,7.31
06.08.2021 00:47:24.476,1.18273,1.18269,0.75,2.81
06.08.2021 00:47:25.610,1.18273,1.1827,0.75,0.75
06.08.2021 00:47:25.712,1.18273,1.1827100000000002,0.75,0.75
06.08.2021 00:47:30.907,1.18273,1.1827,0.75,4.12
06.08.2021 00:47:31.009,1.18273,1.18269,0.75,7.31
06.08.2021 00:47:36.476,1.1827200000000002,1.18269,0.75,1.12
06.08.2021 00:47:39.424,1.1827200000000002,1.1827100000000002,0.75,0.75
06.08.2021 00:47:44.544,1.18273,1.1827,0.75,0.75
06.08.2021 00:47:49.977,1.1827400000000001,1.1827,0.75,1.69
06.08.2021 00:47:58.509,1.18273,1.18269,0.75,4.01
06.08.2021 00:48:01.293,1.1827200000000002,1.18269,0.75,1.5
06.08.2021 00:48:01.497,1.1827200000000002,1.18268,0.75,3.64
06.08.2021 00:48:01.695,1.1827100000000002,1.18267,1.2,0.75
06.08.2021 00:48:01.797,1.1827,1.18266,0.75,0.75
06.08.2021 00:48:02.101,1.18269,1.18265,0.75,8.14
06.08.2021 00:48:06.805,1.1827,1.18267,0.75,0.75
06.08.2021 00:48:16.020,1.1827200000000002,1.18269,0.75,1.12
06.08.2021 00:48:16.122,1.1827200000000002,1.18268,0.75,4.2
06.08.2021 00:48:21.091,1.1827200000000002,1.18269,0.75,0.37
06.08.2021 00:48:29.110,1.1827200000000002,1.18268,0.75,3.07
06.08.2021 00:48:32.182,1.1827100000000002,1.18268,0.75,2.7
06.08.2021 00:49:39.646,1.1827100000000002,1.18268,0.75,1.12
06.08.2021 00:49:45.359,1.1827400000000001,1.18269,2.02,0.1
06.08.2021 00:49:51.477,1.1827100000000002,1.18268,0.75,2.62
06.08.2021 00:49:52.161,1.1827100000000002,1.18269,0.75,0.1
06.08.2021 00:49:57.477,1.1827100000000002,1.18268,0.75,12.64
06.08.2021 00:50:01.874,1.1827100000000002,1.18268,0.75,1.65
06.08.2021 00:50:04.555,1.1827100000000002,1.18268,0.75,1.2
06.08.2021 00:50:04.915,1.1827100000000002,1.18268,1.2,0.45
06.08.2021 00:50:05.017,1.1827,1.18266,0.82,1.05
06.08.2021 00:50:05.069,1.18267,1.18265,0.75,3.45
06.08.2021 00:50:09.348,1.18267,1.18264,0.75,4.2
06.08.2021 00:50:09.502,1.18265,1.1826100000000002,0.75,7.01
06.08.2021 00:50:09.553,1.18263,1.1826100000000002,0.75,1.05
06.08.2021 00:50:09.655,1.18263,1.1826100000000002,0.75,10.76
06.08.2021 00:50:09.910,1.18263,1.1826,0.75,3.26
06.08.2021 00:50:13.053,1.1826200000000002,1.1826,0.75,4.39
06.08.2021 00:50:13.206,1.1826200000000002,1.18259,0.75,3.45
06.08.2021 00:50:15.301,1.18259,1.1825700000000001,0.75,1.2
06.08.2021 00:50:15.503,1.18259,1.18256,0.75,0.82
06.08.2021 00:50:17.098,1.18258,1.18256,0.75,8.21
06.08.2021 00:50:19.426,1.18258,1.18255,0.75,1.57
06.08.2021 00:50:20.238,1.18258,1.18255,0.75,1.57
06.08.2021 00:50:26.525,1.18258,1.18255,0.75,0.1
06.08.2021 00:50:26.677,1.1826,1.1825700000000001,0.75,2.62
06.08.2021 00:50:26.830,1.1826100000000002,1.18258,0.75,1.31
06.08.2021 00:50:26.931,1.18259,1.1825700000000001,0.75,0.45
06.08.2021 00:50:26.982,1.1825700000000001,1.18254,2.25,1.05
06.08.2021 00:50:27.084,1.18255,1.1825200000000002,1.95,0.45
06.08.2021 00:50:27.185,1.18253,1.1825,0.75,9.07
06.08.2021 00:50:29.597,1.18253,1.1825100000000002,0.75,0.1
06.08.2021 00:50:35.605,1.18253,1.1825200000000002,0.75,0.1
06.08.2021 00:50:42.234,1.18255,1.1825100000000002,0.75,3.94
06.08.2021 00:50:43.581,1.18256,1.18253,0.75,0.45
06.08.2021 00:50:48.457,1.18256,1.18254,0.75,0.37
06.08.2021 00:50:51.314,1.18256,1.18253,0.75,1.87
06.08.2021 00:50:56.489,1.1825700000000001,1.18254,0.75,0.37
06.08.2021 00:50:58.101,1.18258,1.18254,0.75,1.87
06.08.2021 00:50:59.158,1.18258,1.18255,0.75,0.1
06.08.2021 00:50:59.260,1.18259,1.18256,0.75,4.39
06.08.2021 00:50:59.311,1.1826,1.18256,0.75,5.14
06.08.2021 00:50:59.413,1.18258,1.1825700000000001,0.75,0.75
06.08.2021 00:50:59.515,1.18259,1.18255,0.75,2.77
06.08.2021 00:50:59.668,1.18258,1.18254,0.75,3.19
06.08.2021 00:51:11.014,1.18258,1.18255,0.75,0.75
06.08.2021 00:51:15.685,1.18259,1.18255,0.75,1.5
06.08.2021 00:51:21.375,1.1826100000000002,1.1825700000000001,1.2,1.87
06.08.2021 00:51:21.528,1.1826,1.18256,0.75,1.5
06.08.2021 00:51:22.696,1.18259,1.18256,0.1,0.75
06.08.2021 00:51:22.799,1.18258,1.18254,0.75,1.87
06.08.2021 00:51:27.539,1.18259,1.18255,0.82,0.75
06.08.2021 00:51:27.641,1.18259,1.18256,0.75,0.75
06.08.2021 00:51:32.819,1.18259,1.18255,1.2,0.75
06.08.2021 00:51:36.400,1.18259,1.18256,0.1,0.75
06.08.2021 00:51:36.501,1.1826,1.18256,1.12,1.5
06.08.2021 00:51:36.603,1.1826,1.1825700000000001,0.75,0.75
06.08.2021 00:51:36.805,1.1826,1.18256,1.76,1.5
06.08.2021 00:51:39.396,1.1826,1.1825700000000001,0.75,0.75
06.08.2021 00:51:39.567,1.1826100000000002,1.1825700000000001,1.2,0.75
06.08.2021 00:51:40.607,1.1826100000000002,1.18258,0.82,0.75
06.08.2021 00:51:41.731,1.1826200000000002,1.18258,1.57,0.75
06.08.2021 00:51:42.709,1.18263,1.18259,1.57,0.75
06.08.2021 00:51:44.206,1.18263,1.1826,0.82,0.75
06.08.2021 00:51:45.164,1.1826100000000002,1.1825700000000001,1.2,1.5
06.08.2021 00:51:45.266,1.1826,1.1825700000000001,0.75,0.75
06.08.2021 00:51:46.101,1.1826,1.18256,0.75,1.5
06.08.2021 00:51:48.444,1.1826100000000002,1.1825700000000001,1.95,0.75
06.08.2021 00:51:50.377,1.1826,1.1825700000000001,0.75,0.75
06.08.2021 00:51:50.808,1.1826,1.18256,0.75,0.75
06.08.2021 00:51:53.408,1.1826,1.1825700000000001,0.75,0.75
06.08.2021 00:51:54.671,1.1826100000000002,1.1825700000000001,0.82,0.75
06.08.2021 00:51:55.244,1.1826100000000002,1.18258,0.82,0.37
06.08.2021 00:51:55.428,1.1826100000000002,1.1825700000000001,0.82,0.75
06.08.2021 00:51:57.077,1.1826100000000002,1.18258,0.82,0.75
06.08.2021 00:51:57.280,1.1826200000000002,1.1826,3.45,0.75
06.08.2021 00:51:57.381,1.1826200000000002,1.18259,0.75,0.75
06.08.2021 00:52:03.524,1.1826,1.18256,0.82,1.5
06.08.2021 00:52:03.625,1.18259,1.18256,0.1,0.75
06.08.2021 00:52:03.726,1.1826,1.18256,1.65,0.75
06.08.2021 00:52:07.532,1.18256,1.1825200000000002,1.2,2.74
06.08.2021 00:52:07.684,1.18255,1.1825200000000002,0.75,0.75
06.08.2021 00:52:12.237,1.1825700000000001,1.18254,0.1,0.75
06.08.2021 00:52:12.339,1.18258,1.18254,1.39,1.5
06.08.2021 00:52:19.357,1.1825700000000001,1.18253,0.75,0.75
06.08.2021 00:52:23.301,1.18258,1.18255,1.57,0.75
06.08.2021 00:52:32.722,1.18256,1.18254,0.45,0.75
06.08.2021 00:52:34.103,1.18256,1.18253,1.57,0.75
06.08.2021 00:52:35.373,1.18255,1.18253,2.02,0.75
06.08.2021 00:52:42.958,1.18256,1.18253,0.82,0.75
06.08.2021 00:52:46.073,1.18256,1.1825200000000002,2.51,0.75
06.08.2021 00:52:46.175,1.18255,1.1825200000000002,0.75,0.75
06.08.2021 00:52:46.276,1.18254,1.1825200000000002,0.1,0.75
06.08.2021 00:52:58.487,1.18253,1.1825200000000002,0.1,0.75
06.08.2021 00:52:58.538,1.18253,1.18249,0.1,0.82
06.08.2021 00:53:00.066,1.18253,1.1825200000000002,0.26,0.75
06.08.2021 00:53:04.233,1.18255,1.1825200000000002,0.1,0.75
06.08.2021 00:53:07.596,1.18254,1.1825200000000002,0.19,0.75
06.08.2021 00:53:15.528,1.18255,1.1825200000000002,0.26,0.75
06.08.2021 00:53:18.178,1.18255,1.18253,0.1,0.75
06.08.2021 00:53:18.286,1.18256,1.18253,0.1,0.75
06.08.2021 00:53:20.042,1.18256,1.18254,0.1,0.75
06.08.2021 00:53:20.093,1.18259,1.18256,0.45,0.75
06.08.2021 00:53:20.245,1.18259,1.1825700000000001,0.45,0.75
06.08.2021 00:53:27.375,1.18259,1.1825700000000001,2.4,0.75
06.08.2021 00:53:32.907,1.18259,1.1825700000000001,0.1,0.75
06.08.2021 00:53:33.059,1.18259,1.18256,1.57,0.75
06.08.2021 00:53:33.160,1.18258,1.18256,0.1,0.75
06.08.2021 00:53:33.644,1.18259,1.18256,1.27,0.75
06.08.2021 00:54:04.939,1.1826,1.1825700000000001,2.4,0.75
06.08.2021 00:54:07.718,1.1826100000000002,1.1825700000000001,1.2,1.01
06.08.2021 00:54:07.819,1.1826,1.1825700000000001,0.1,0.75
06.08.2021 00:54:09.727,1.1826100000000002,1.1825700000000001,0.75,0.75
06.08.2021 00:54:09.879,1.18263,1.18259,1.57,0.75
06.08.2021 00:54:14.275,1.18264,1.1826100000000002,0.1,0.75
06.08.2021 00:54:14.376,1.18264,1.1826200000000002,0.1,0.75
06.08.2021 00:54:15.285,1.18264,1.1826100000000002,0.1,0.75
06.08.2021 00:54:19.639,1.18264,1.1826,3.9,0.75
06.08.2021 00:54:19.791,1.18263,1.1826,0.1,0.75
06.08.2021 00:54:27.329,1.1826,1.1825700000000001,0.1,0.75
06.08.2021 00:54:28.111,1.1826100000000002,1.1825700000000001,3.9,0.75
06.08.2021 00:54:28.656,1.1826100000000002,1.18258,1.2,0.75
06.08.2021 00:54:28.758,1.1826100000000002,1.18259,4.27,0.75
06.08.2021 00:54:28.861,1.1826200000000002,1.18259,1.95,0.75
06.08.2021 00:54:30.295,1.18263,1.1826,0.82,0.75
06.08.2021 00:54:32.855,1.1826200000000002,1.1826,0.75,0.75
06.08.2021 00:54:35.149,1.18263,1.1826,0.1,0.75
06.08.2021 00:54:39.480,1.18263,1.1826100000000002,0.1,0.75
06.08.2021 00:54:42.676,1.18264,1.1826100000000002,0.1,0.75
06.08.2021 00:54:45.463,1.18264,1.1826200000000002,0.1,0.75
06.08.2021 00:54:49.969,1.18265,1.1826200000000002,2.25,0.75
06.08.2021 00:54:50.333,1.18264,1.1826200000000002,0.37,0.75
06.08.2021 00:54:50.485,1.18263,1.1826,1.12,0.75
06.08.2021 00:54:50.839,1.18264,1.1826100000000002,2.02,0.75
06.08.2021 00:54:51.294,1.18263,1.1826,1.2,0.75
06.08.2021 00:54:51.597,1.1826200000000002,1.1826,1.12,0.75
06.08.2021 00:54:51.648,1.1826100000000002,1.18258,0.37,0.75
06.08.2021 00:54:52.539,1.1826,1.1825700000000001,1.57,0.75
06.08.2021 00:54:55.910,1.1826100000000002,1.18258,3.82,0.75
06.08.2021 00:54:56.215,1.1826,1.18258,1.5,0.75
06.08.2021 00:54:56.317,1.1826100000000002,1.18258,3.82,0.75
06.08.2021 00:55:00.235,1.1826,1.18258,1.5,0.75
06.08.2021 00:55:00.337,1.1826,1.1825700000000001,1.27,0.75
06.08.2021 00:55:00.439,1.1826,1.18258,0.45,0.75
06.08.2021 00:55:00.541,1.1826100000000002,1.18258,1.12,0.75
06.08.2021 00:55:00.947,1.1826200000000002,1.18258,3.75,0.75
06.08.2021 00:55:01.049,1.1826200000000002,1.18259,1.87,0.75
06.08.2021 00:55:01.619,1.1826100000000002,1.18259,0.75,0.75
06.08.2021 00:55:01.772,1.1826100000000002,1.1825700000000001,1.95,0.75
06.08.2021 00:55:01.873,1.1826,1.1825700000000001,1.57,0.75
06.08.2021 00:55:02.682,1.1826,1.18256,0.37,0.1
06.08.2021 00:55:02.838,1.1826100000000002,1.18258,1.5,0.75
06.08.2021 00:55:03.041,1.1826100000000002,1.18258,1.57,0.75
06.08.2021 00:55:03.503,1.18263,1.1826100000000002,13.2,1.5
06.08.2021 00:55:03.554,1.18265,1.18263,0.37,0.75
06.08.2021 00:55:03.655,1.18267,1.18265,5.77,0.75
06.08.2021 00:55:03.757,1.18267,1.18264,0.75,0.75
06.08.2021 00:55:03.909,1.18266,1.1826200000000002,2.62,0.75
06.08.2021 00:55:04.010,1.18265,1.1826200000000002,1.5,0.75
06.08.2021 00:55:05.386,1.18264,1.1826100000000002,0.37,0.75
06.08.2021 00:55:07.307,1.18264,1.1826200000000002,4.09,0.75
06.08.2021 00:55:07.628,1.18265,1.1826200000000002,2.89,0.75
06.08.2021 00:55:11.494,1.18263,1.1826200000000002,0.1,0.75
06.08.2021 00:55:11.715,1.18264,1.1826100000000002,0.1,0.75
06.08.2021 00:55:13.360,1.18264,1.1826200000000002,0.1,0.75
06.08.2021 00:55:13.462,1.18265,1.1826200000000002,2.14,0.75
06.08.2021 00:55:14.896,1.18264,1.1826100000000002,0.1,0.75
06.08.2021 00:55:18.101,1.18265,1.1826200000000002,3.26,0.75
06.08.2021 00:55:24.327,1.18264,1.1826200000000002,1.95,0.75
06.08.2021 00:55:28.052,1.18263,1.1826100000000002,0.75,0.75
06.08.2021 00:55:28.305,1.18264,1.1826100000000002,2.77,0.75
06.08.2021 00:55:29.960,1.18263,1.1826100000000002,7.95,0.75
06.08.2021 00:55:30.068,1.18264,1.1826100000000002,11.47,0.75
06.08.2021 00:55:30.663,1.1826200000000002,1.18259,0.75,0.75
06.08.2021 00:55:32.695,1.1826100000000002,1.18259,0.37,0.75
06.08.2021 00:55:32.746,1.1826,1.1825700000000001,0.82,0.75
06.08.2021 00:55:32.848,1.18259,1.1825700000000001,0.75,0.75
06.08.2021 00:55:33.464,1.1826,1.1825700000000001,1.2,0.75
06.08.2021 00:55:36.493,1.1826,1.18256,1.2,0.75
06.08.2021 00:55:41.269,1.18258,1.1825700000000001,0.1,0.75
06.08.2021 00:55:46.875,1.1825700000000001,1.18254,2.7,0.75
06.08.2021 00:55:47.127,1.1825700000000001,1.18255,1.2,0.75
06.08.2021 00:55:58.114,1.18258,1.18255,0.1,0.75
06.08.2021 00:55:59.020,1.18258,1.18256,0.1,0.75
06.08.2021 00:55:59.689,1.18259,1.18256,0.1,0.75
06.08.2021 00:56:08.061,1.18259,1.18255,1.2,0.75
06.08.2021 00:56:21.160,1.18259,1.18256,0.45,0.75
06.08.2021 00:56:36.129,1.18258,1.18256,0.1,0.75
06.08.2021 00:56:36.507,1.18258,1.18255,0.1,0.75
06.08.2021 00:56:39.429,1.18259,1.18255,0.82,0.75
06.08.2021 00:56:39.543,1.18259,1.18256,0.1,0.75
06.08.2021 00:56:48.294,1.1826,1.18256,1.2,0.75
06.08.2021 00:56:52.101,1.18259,1.18255,1.57,0.75
06.08.2021 00:57:20.582,1.1825700000000001,1.18253,1.57,3
06.08.2021 00:57:20.683,1.18256,1.18253,0.75,0.45
06.08.2021 00:57:20.785,1.18256,1.1825200000000002,0.75,0.75
06.08.2021 00:57:24.874,1.18255,1.1825100000000002,0.75,1.2
06.08.2021 00:57:25.329,1.18255,1.1825200000000002,0.75,0.75
06.08.2021 00:57:25.723,1.18255,1.1825100000000002,0.75,0.75
06.08.2021 00:57:26.584,1.18255,1.1825200000000002,0.75,0.75
06.08.2021 00:57:33.173,1.18255,1.1825100000000002,0.75,0.82
06.08.2021 00:57:34.426,1.18254,1.1825100000000002,0.75,0.1
06.08.2021 00:58:09.320,1.18254,1.1825,0.75,0.82
06.08.2021 00:58:19.603,1.18254,1.1825100000000002,0.75,0.75
06.08.2021 00:58:25.458,1.18256,1.18253,0.45,0.82
06.08.2021 00:58:25.561,1.1825700000000001,1.18254,0.75,0.82
06.08.2021 00:58:29.077,1.1825700000000001,1.18255,0.75,0.1
06.08.2021 00:58:29.392,1.1825700000000001,1.18254,0.75,0.82
06.08.2021 00:58:35.834,1.18255,1.1825200000000002,1.87,1.57
06.08.2021 00:58:35.936,1.18255,1.1825100000000002,2.62,0.82
06.08.2021 00:58:36.087,1.18254,1.1825100000000002,0.75,0.82
06.08.2021 00:58:59.913,1.18253,1.1825,0.75,1.5
06.08.2021 00:59:22.046,1.18253,1.1825200000000002,0.75,0.75
06.08.2021 00:59:22.708,1.18254,1.1825200000000002,0.75,0.1
06.08.2021 00:59:25.112,1.18255,1.18254,0.75,0.1
06.08.2021 00:59:25.214,1.18256,1.18255,0.75,0.75
06.08.2021 00:59:29.854,1.18255,1.1825200000000002,0.75,1.2
06.08.2021 00:59:29.955,1.18254,1.1825200000000002,0.75,0.45
06.08.2021 00:59:30.056,1.18254,1.1825100000000002,0.75,0.75
06.08.2021 00:59:32.342,1.18255,1.1825200000000002,0.75,0.82
06.08.2021 00:59:41.180,1.18254,1.1825100000000002,0.75,0.82
06.08.2021 00:59:49.849,1.18254,1.1825200000000002,0.75,0.82
06.08.2021 00:59:50.682,1.18255,1.1825200000000002,1.12,0.75
06.08.2021 00:59:51.137,1.18255,1.18254,1.12,0.75
06.08.2021 00:59:51.289,1.18255,1.1825100000000002,0.75,1.76
06.08.2021 00:59:51.883,1.18256,1.1825200000000002,4.65,0.75
06.08.2021 00:59:54.172,1.18256,1.18253,0.75,0.75
06.08.2021 00:59:57.435,1.18255,1.1825200000000002,0.75,0.82
06.08.2021 00:59:57.537,1.18256,1.1825200000000002,1.12,0.82
06.08.2021 00:59:57.638,1.18256,1.18253,0.75,0.1
06.08.2021 01:00:00.047,1.1825700000000001,1.18253,1.5,0.82
06.08.2021 01:00:00.098,1.18258,1.18255,0.75,0.75
06.08.2021 01:00:00.351,1.18258,1.18256,0.75,0.1
06.08.2021 01:00:00.503,1.1826,1.1825700000000001,1.87,0.75
06.08.2021 01:00:00.554,1.1826200000000002,1.18259,0.45,0.75
06.08.2021 01:00:00.656,1.1826200000000002,1.1826,0.45,1.57
06.08.2021 01:00:00.707,1.18264,1.1826,1.87,1.57
06.08.2021 01:00:00.859,1.18264,1.1826100000000002,1.12,0.75
06.08.2021 01:00:01.214,1.18263,1.1826100000000002,1.12,0.75
06.08.2021 01:00:01.265,1.1826200000000002,1.18259,1.12,0.75
06.08.2021 01:00:02.344,1.1826100000000002,1.18259,0.37,0.75
06.08.2021 01:00:02.556,1.1826200000000002,1.18259,0.75,0.75
06.08.2021 01:00:05.721,1.18263,1.1826100000000002,0.45,0.75
06.08.2021 01:00:05.822,1.18264,1.1826100000000002,0.37,0.75
06.08.2021 01:00:05.924,1.18265,1.1826100000000002,3.37,0.82
06.08.2021 01:00:06.126,1.18265,1.1826200000000002,1.87,0.75
06.08.2021 01:00:08.891,1.18266,1.18264,1.2,0.1
06.08.2021 01:00:08.993,1.18267,1.18263,1.5,1.5
06.08.2021 01:00:09.399,1.18266,1.18263,1.5,1.12
06.08.2021 01:00:09.863,1.18267,1.18263,1.87,1.57
06.08.2021 01:00:10.321,1.18266,1.18263,2.25,3
06.08.2021 01:00:13.062,1.18266,1.18264,0.75,4.57
06.08.2021 01:00:13.113,1.18268,1.18266,0.45,0.75
06.08.2021 01:00:13.214,1.18268,1.18267,0.75,0.75
06.08.2021 01:00:13.321,1.1827,1.18267,4.2,0.75
06.08.2021 01:00:13.424,1.18268,1.18265,0.75,0.75
06.08.2021 01:00:13.978,1.18269,1.18265,3,0.75
06.08.2021 01:00:15.079,1.1827,1.18266,3.15,0.75
06.08.2021 01:00:16.686,1.1827,1.18267,1.5,0.75
06.08.2021 01:00:17.040,1.1827100000000002,1.18267,3.52,0.75
06.08.2021 01:00:27.655,1.18269,1.18266,1.2,0.75
06.08.2021 01:00:33.477,1.1827,1.18267,0.82,0.75
06.08.2021 01:00:33.696,1.18269,1.18267,0.82,0.75
06.08.2021 01:00:33.798,1.18268,1.18266,0.82,0.75
06.08.2021 01:00:35.355,1.18268,1.18265,0.82,0.75
06.08.2021 01:00:44.628,1.18266,1.18264,1.2,0.37
06.08.2021 01:00:44.729,1.18266,1.18263,1.2,0.75
06.08.2021 01:00:45.582,1.18265,1.1826200000000002,0.75,0.75
06.08.2021 01:00:49.663,1.18264,1.1826200000000002,0.75,0.37
06.08.2021 01:00:49.764,1.18264,1.1826100000000002,0.75,1.5
06.08.2021 01:00:58.441,1.18265,1.1826200000000002,2.02,0.75
06.08.2021 01:00:59.685,1.18265,1.1826100000000002,2.77,0.75
06.08.2021 01:01:00.090,1.18264,1.1826100000000002,0.1,0.75
06.08.2021 01:01:00.411,1.18265,1.1826100000000002,2.02,0.75
06.08.2021 01:01:09.527,1.18265,1.1826200000000002,0.75,0.1
06.08.2021 01:01:11.152,1.18264,1.1826200000000002,1.5,1.57
06.08.2021 01:01:28.080,1.18265,1.1826200000000002,0.75,0.1
06.08.2021 01:01:29.603,1.18265,1.1826100000000002,0.75,0.82
06.08.2021 01:01:30.299,1.18265,1.1826200000000002,0.75,0.1
06.08.2021 01:01:45.254,1.18266,1.18263,0.75,0.82
06.08.2021 01:01:45.356,1.18267,1.18264,0.75,0.82
06.08.2021 01:01:45.457,1.18268,1.18265,1.5,0.75
06.08.2021 01:01:47.862,1.18267,1.18264,0.75,0.82
06.08.2021 01:01:59.095,1.18268,1.18266,0.75,0.1
06.08.2021 01:01:59.197,1.18269,1.18266,0.75,0.82
06.08.2021 01:01:59.298,1.1827,1.18266,1.87,0.82
06.08.2021 01:02:02.941,1.18269,1.18266,0.75,0.82
06.08.2021 01:02:14.573,1.1827,1.18267,0.75,0.15
06.08.2021 01:02:17.599,1.1827,1.18266,0.75,0.83
06.08.2021 01:02:17.701,1.1827,1.18267,0.75,0.1
06.08.2021 01:02:17.802,1.1827,1.18266,0.75,1.95
06.08.2021 01:02:36.263,1.18268,1.18267,0.75,0.75
06.08.2021 01:02:36.415,1.18269,1.18265,0.82,1.5
06.08.2021 01:02:37.607,1.1827,1.18266,0.82,0.75
06.08.2021 01:02:41.016,1.1827,1.18267,0.75,0.75
06.08.2021 01:02:41.118,1.1827,1.18266,0.75,1.5
06.08.2021 01:02:44.453,1.1827,1.18267,0.75,0.82
06.08.2021 01:02:45.316,1.18273,1.18269,9.15,0.75
06.08.2021 01:02:45.417,1.18273,1.1827,0.45,1.5
06.08.2021 01:02:45.519,1.18273,1.1827100000000002,0.82,1.5
06.08.2021 01:02:48.134,1.18273,1.1827,0.82,0.75
06.08.2021 01:02:49.101,1.1827400000000001,1.1827100000000002,1.57,0.75
06.08.2021 01:02:55.218,1.1827400000000001,1.1827200000000002,2.7,0.75
06.08.2021 01:02:59.569,1.1827400000000001,1.1827100000000002,0.1,0.75
06.08.2021 01:03:00.374,1.18275,1.1827100000000002,3.15,0.75
06.08.2021 01:03:01.071,1.18273,1.1827,0.75,0.75
06.08.2021 01:03:01.173,1.1827100000000002,1.18268,1.2,1.2
06.08.2021 01:03:04.958,1.1827200000000002,1.18268,8.77,0.75
06.08.2021 01:03:05.514,1.1827100000000002,1.18268,0.1,0.75
06.08.2021 01:03:08.150,1.1827200000000002,1.18268,0.82,1.5
06.08.2021 01:03:08.252,1.18273,1.18269,0.82,0.75
06.08.2021 01:03:11.147,1.1827400000000001,1.1827100000000002,1.5,0.75
06.08.2021 01:03:11.399,1.18273,1.1827100000000002,0.1,0.75
06.08.2021 01:03:11.501,1.1827400000000001,1.1827100000000002,2.7,0.75
06.08.2021 01:03:11.602,1.1827100000000002,1.18268,0.75,1.8
06.08.2021 01:03:11.956,1.1827200000000002,1.18269,0.82,0.75
06.08.2021 01:03:12.405,1.1827200000000002,1.1827,0.82,0.75
06.08.2021 01:03:20.606,1.1827200000000002,1.18269,1.2,0.75
06.08.2021 01:03:21.124,1.18273,1.1827,8.77,0.75
06.08.2021 01:03:24.454,1.1827400000000001,1.1827100000000002,0.75,0.75
06.08.2021 01:03:28.653,1.18273,1.1827,0.75,0.75
06.08.2021 01:03:31.378,1.18273,1.1827100000000002,0.82,0.75
06.08.2021 01:04:02.827,1.1827200000000002,1.1827,0.75,0.75
06.08.2021 01:04:02.929,1.18273,1.18269,0.82,0.75
06.08.2021 01:04:03.031,1.18273,1.1827,0.1,0.75
06.08.2021 01:04:06.273,1.1827200000000002,1.18269,0.82,0.75
06.08.2021 01:04:07.957,1.1827200000000002,1.18268,0.82,1.5
06.08.2021 01:04:08.059,1.1827100000000002,1.18268,0.1,0.75
06.08.2021 01:04:08.263,1.1827100000000002,1.18269,2.77,0.75
06.08.2021 01:04:10.685,1.1827,1.18269,0.45,0.75
06.08.2021 01:04:25.209,1.18273,1.1827100000000002,9.52,0.75
06.08.2021 01:04:25.412,1.1827400000000001,1.1827100000000002,0.75,0.75
06.08.2021 01:04:30.495,1.18275,1.1827100000000002,0.82,0.75
06.08.2021 01:04:33.580,1.1827400000000001,1.1827100000000002,0.1,0.75
06.08.2021 01:04:33.748,1.1827400000000001,1.1827,1.2,1.5
06.08.2021 01:04:36.001,1.1827200000000002,1.18269,0.45,0.75
06.08.2021 01:04:36.767,1.18273,1.18269,1.2,0.75
06.08.2021 01:04:36.895,1.1827400000000001,1.1827,1.27,0.75
06.08.2021 01:04:40.903,1.18273,1.18269,1.2,0.75
06.08.2021 01:04:41.411,1.18273,1.1827,0.1,0.75
06.08.2021 01:04:41.513,1.1827400000000001,1.1827,1.57,0.75
06.08.2021 01:04:43.611,1.18275,1.1827100000000002,2.02,0.75
06.08.2021 01:04:47.904,1.1827400000000001,1.18273,0.75,0.11
06.08.2021 01:04:48.005,1.18276,1.1827200000000002,0.75,0.83
06.08.2021 01:04:48.108,1.18277,1.18273,1.27,0.75
06.08.2021 01:04:48.210,1.18277,1.18275,0.45,0.75
06.08.2021 01:04:48.261,1.18278,1.18276,0.82,0.75
06.08.2021 01:04:48.993,1.18279,1.18276,0.75,0.75
06.08.2021 01:04:49.712,1.1828,1.18276,2.14,1.5
06.08.2021 01:04:57.238,1.18279,1.18275,0.82,1.5
06.08.2021 01:05:00.424,1.18277,1.18273,1.57,2.55
06.08.2021 01:05:00.626,1.18276,1.1827200000000002,0.82,1.5
06.08.2021 01:05:01.657,1.18277,1.18273,1.2,1.01
06.08.2021 01:05:01.759,1.18277,1.1827400000000001,0.45,1.5
06.08.2021 01:05:01.860,1.18278,1.1827400000000001,0.75,1.5
06.08.2021 01:05:02.317,1.1828,1.18278,0.82,0.75
06.08.2021 01:05:02.368,1.18279,1.18275,0.75,3.37
06.08.2021 01:05:02.419,1.1828100000000001,1.18277,2.51,0.75
06.08.2021 01:05:02.622,1.1828,1.18276,0.75,0.75
06.08.2021 01:05:02.824,1.18279,1.18276,0.1,0.75
06.08.2021 01:05:05.159,1.1828,1.18276,0.82,0.75
06.08.2021 01:05:07.554,1.18279,1.18275,0.82,0.75
06.08.2021 01:05:11.584,1.18277,1.18273,1.57,1.57
06.08.2021 01:05:11.736,1.18276,1.18273,0.1,1.2
06.08.2021 01:05:11.838,1.18275,1.18273,0.1,0.75
06.08.2021 01:05:11.990,1.1827400000000001,1.1827100000000002,0.75,1.5
06.08.2021 01:05:12.192,1.18275,1.1827100000000002,0.75,1.5
06.08.2021 01:05:15.477,1.18276,1.1827200000000002,1.2,0.75
06.08.2021 01:05:16.404,1.18275,1.1827200000000002,0.1,0.75
06.08.2021 01:05:17.408,1.18275,1.1827100000000002,0.82,1.5
06.08.2021 01:05:24.309,1.18275,1.1827200000000002,0.75,0.75
06.08.2021 01:05:24.410,1.18276,1.1827200000000002,1.2,1.5
06.08.2021 01:05:29.764,1.18275,1.1827200000000002,0.1,0.75
06.08.2021 01:05:29.866,1.18276,1.1827200000000002,2.59,0.75
06.08.2021 01:05:38.316,1.18275,1.1827100000000002,0.82,0.75
06.08.2021 01:05:40.772,1.1827400000000001,1.1827100000000002,1.2,0.75
06.08.2021 01:05:40.823,1.1827200000000002,1.18268,1.12,3.75
06.08.2021 01:05:43.121,1.1827100000000002,1.18267,0.75,0.75
06.08.2021 01:05:45.153,1.1827100000000002,1.18269,0.75,0.37
06.08.2021 01:05:45.352,1.1827100000000002,1.18267,0.75,0.75
06.08.2021 01:05:50.106,1.18273,1.18269,2.44,0.75
06.08.2021 01:05:50.208,1.1827400000000001,1.1827,1.95,1.5
06.08.2021 01:05:50.309,1.18275,1.1827100000000002,0.82,0.75
06.08.2021 01:05:50.412,1.18276,1.1827200000000002,1.65,0.75
06.08.2021 01:05:51.250,1.18278,1.1827400000000001,2.4,0.75
06.08.2021 01:05:56.821,1.18275,1.1827400000000001,0.1,0.75
06.08.2021 01:05:56.922,1.18275,1.18273,0.1,0.75
06.08.2021 01:05:57.024,1.18275,1.1827200000000002,0.82,0.75
06.08.2021 01:05:57.881,1.18275,1.18273,1.2,1.5
06.08.2021 01:06:00.164,1.18277,1.1827400000000001,8.4,0.75
06.08.2021 01:06:00.266,1.18278,1.1827400000000001,3.45,0.75
06.08.2021 01:06:10.691,1.18278,1.18275,0.1,0.75
06.08.2021 01:06:20.676,1.18277,1.1827400000000001,0.45,0.75
06.08.2021 01:06:20.879,1.18278,1.1827400000000001,1.27,0.75
06.08.2021 01:06:31.398,1.18276,1.1827200000000002,0.82,1.5
06.08.2021 01:06:41.473,1.18275,1.1827200000000002,0.1,0.75
06.08.2021 01:06:41.575,1.18275,1.1827100000000002,0.1,1.5
06.08.2021 01:06:43.745,1.18275,1.1827200000000002,2.77,1.5
06.08.2021 01:06:43.846,1.18276,1.1827200000000002,2.77,0.75
06.08.2021 01:06:47.755,1.18277,1.18273,5.02,0.75
06.08.2021 01:06:48.584,1.18276,1.18273,0.1,0.75
06.08.2021 01:06:57.130,1.18275,1.1827100000000002,1.76,0.75
06.08.2021 01:06:57.232,1.1827400000000001,1.1827100000000002,0.1,0.75
06.08.2021 01:06:58.604,1.1827400000000001,1.1827,0.82,1.5
06.08.2021 01:07:01.230,1.18273,1.1827,0.1,0.75
06.08.2021 01:07:02.244,1.1827400000000001,1.1827,1.95,0.75
06.08.2021 01:07:02.916,1.18273,1.1827,0.1,0.75
06.08.2021 01:07:07.409,1.1827100000000002,1.18268,0.1,0.75
06.08.2021 01:07:07.510,1.1827,1.18267,0.1,0.75
06.08.2021 01:07:07.662,1.1827,1.18266,0.82,0.75
06.08.2021 01:07:20.848,1.18269,1.18266,0.1,0.75
06.08.2021 01:07:20.950,1.18269,1.18265,0.82,0.75
06.08.2021 01:07:21.052,1.18268,1.18265,0.1,0.75
06.08.2021 01:07:35.039,1.18269,1.18265,1.57,0.75
06.08.2021 01:07:37.781,1.18269,1.18266,0.75,0.75
06.08.2021 01:07:39.816,1.1827,1.18266,1.2,0.75
06.08.2021 01:07:44.768,1.18269,1.18266,0.1,0.75
06.08.2021 01:07:46.037,1.1827,1.18266,1.2,0.75
06.08.2021 01:07:47.081,1.18269,1.18265,0.75,0.75
06.08.2021 01:08:43.041,1.18269,1.18264,0.82,2.62
06.08.2021 01:08:52.165,1.18267,1.18264,0.82,1.87
06.08.2021 01:08:52.216,1.18263,1.1826100000000002,2.32,7.87
06.08.2021 01:08:52.318,1.1826100000000002,1.18258,0.45,0.94
06.08.2021 01:08:52.419,1.1826100000000002,1.1825700000000001,1.2,1.95
06.08.2021 01:08:55.806,1.1826100000000002,1.18256,1.57,0.75
06.08.2021 01:08:59.121,1.1826,1.18256,0.75,0.75
06.08.2021 01:09:19.819,1.1826100000000002,1.18256,0.82,0.94
06.08.2021 01:09:24.046,1.1826100000000002,1.1825700000000001,0.75,0.75
06.08.2021 01:09:26.724,1.18263,1.18259,9.15,0.75
06.08.2021 01:10:02.248,1.18259,1.1825700000000001,0.82,0.75
06.08.2021 01:10:02.349,1.18259,1.18256,0.75,1.2
06.08.2021 01:10:02.450,1.18259,1.18255,0.75,8.25
06.08.2021 01:10:33.788,1.18259,1.18254,0.82,1.5
06.08.2021 01:10:34.229,1.18258,1.18256,0.82,0.75
06.08.2021 01:10:35.229,1.18259,1.18254,0.82,2.25
06.08.2021 01:10:49.721,1.18259,1.18255,0.82,0.37
06.08.2021 01:10:51.206,1.18259,1.18254,0.82,3
06.08.2021 01:10:55.156,1.18259,1.18255,0.82,0.37
06.08.2021 01:11:02.378,1.18259,1.18254,0.82,2.62
06.08.2021 01:11:02.951,1.18258,1.18255,0.75,0.75
06.08.2021 01:11:03.052,1.18256,1.1825200000000002,0.75,2.7
06.08.2021 01:11:08.237,1.1825700000000001,1.18256,0.75,0.37
06.08.2021 01:11:08.338,1.18259,1.18255,0.82,0.75
06.08.2021 01:11:09.325,1.18259,1.18256,0.82,0.37
06.08.2021 01:11:11.974,1.18259,1.18254,0.82,1.5
06.08.2021 01:11:12.577,1.1825700000000001,1.18255,1.57,0.75
06.08.2021 01:11:12.628,1.1825700000000001,1.1825200000000002,1.57,4.57
06.08.2021 01:11:13.033,1.18256,1.1825200000000002,0.75,0.75
06.08.2021 01:11:13.387,1.18255,1.1825200000000002,0.75,0.75
06.08.2021 01:11:15.404,1.18255,1.1825100000000002,0.75,1.5
06.08.2021 01:11:28.734,1.18255,1.1825200000000002,0.75,0.75
06.08.2021 01:11:30.476,1.18255,1.1825100000000002,0.75,1.87
06.08.2021 01:11:40.287,1.18255,1.1825200000000002,0.75,0.37
06.08.2021 01:11:40.738,1.18255,1.1825100000000002,0.75,0.75
06.08.2021 01:11:44.845,1.18255,1.1825,2.89,1.5
06.08.2021 01:11:44.896,1.1825200000000002,1.18249,1.87,1.8
06.08.2021 01:11:44.998,1.1825100000000002,1.18248,0.1,1.2
06.08.2021 01:11:45.100,1.18249,1.18248,0.75,0.19
06.08.2021 01:11:45.201,1.1825,1.18246,0.75,0.94
06.08.2021 01:11:45.304,1.18249,1.18245,0.75,2.81
06.08.2021 01:11:45.406,1.18248,1.18245,0.75,0.94
06.08.2021 01:11:50.948,1.1824700000000001,1.18245,0.75,2.06
06.08.2021 01:11:59.500,1.18248,1.18246,0.75,0.56
06.08.2021 01:11:59.601,1.18249,1.18245,0.75,1.31
06.08.2021 01:11:59.705,1.1825,1.18246,0.75,0.94
06.08.2021 01:12:09.154,1.1825,1.18245,1.5,1.87
06.08.2021 01:12:26.349,1.1825200000000002,1.18248,0.75,1.69
06.08.2021 01:12:26.451,1.18253,1.18249,0.75,0.94
06.08.2021 01:12:28.710,1.1825200000000002,1.18248,0.75,2.81
06.08.2021 01:12:29.094,1.1825,1.18248,0.75,1.31
06.08.2021 01:12:34.534,1.18249,1.18245,0.75,3.56
06.08.2021 01:12:42.173,1.1825,1.18246,0.75,0.75
06.08.2021 01:12:44.209,1.18249,1.18245,0.75,2.62
06.08.2021 01:12:44.552,1.18249,1.1824700000000001,0.75,0.37
06.08.2021 01:12:44.604,1.1825100000000002,1.18248,0.75,0.37
06.08.2021 01:12:48.477,1.1825100000000002,1.18249,0.75,2.81
06.08.2021 01:12:51.776,1.18249,1.18248,0.75,0.19
06.08.2021 01:12:51.879,1.1825,1.18246,0.75,1.5
06.08.2021 01:13:02.748,1.18249,1.18246,0.75,0.75
06.08.2021 01:13:06.580,1.18248,1.18246,0.75,2.06
06.08.2021 01:13:10.392,1.18248,1.18244,0.75,2.81
06.08.2021 01:13:10.509,1.1824700000000001,1.18244,0.75,2.06
06.08.2021 01:13:11.650,1.18248,1.18244,0.75,2.44
06.08.2021 01:13:16.696,1.1824700000000001,1.18244,0.75,1.69
06.08.2021 01:13:18.867,1.1824700000000001,1.18244,0.75,1.69
06.08.2021 01:13:19.101,1.1824700000000001,1.18244,0.75,1.69
06.08.2021 01:13:19.354,1.18246,1.18244,0.75,1.69
06.08.2021 01:13:20.034,1.1824700000000001,1.18244,0.75,1.69
06.08.2021 01:13:30.526,1.18246,1.18244,0.75,1.5
06.08.2021 01:13:35.671,1.1824700000000001,1.18244,0.75,2.06
06.08.2021 01:13:37.287,1.18248,1.18244,0.75,4.31
06.08.2021 01:13:39.657,1.1824700000000001,1.18246,0.75,0.37
06.08.2021 01:13:40.263,1.18248,1.18244,0.75,4.31
06.08.2021 01:13:40.505,1.18248,1.18245,0.75,0.37
06.08.2021 01:13:46.115,1.18248,1.18246,0.75,0.75
06.08.2021 01:13:49.532,1.18249,1.18246,0.75,0.75
06.08.2021 01:13:52.580,1.18249,1.1824700000000001,0.75,1.31
06.08.2021 01:13:52.682,1.1825100000000002,1.1824700000000001,0.75,0.94
06.08.2021 01:13:52.785,1.1825100000000002,1.18249,0.75,1.69
06.08.2021 01:14:00.116,1.1825200000000002,1.18249,0.75,0.37
06.08.2021 01:14:01.350,1.1825200000000002,1.18248,0.75,3.56
06.08.2021 01:14:01.502,1.1825200000000002,1.18249,0.75,0.56
06.08.2021 01:14:05.831,1.1825100000000002,1.18248,0.75,1.5
06.08.2021 01:14:05.933,1.18249,1.1824700000000001,0.75,1.39
06.08.2021 01:14:06.034,1.18248,1.18246,0.75,11.06
06.08.2021 01:14:09.424,1.18248,1.18244,0.75,4.01
06.08.2021 01:14:19.345,1.18249,1.18245,0.75,4.2
06.08.2021 01:14:19.725,1.18249,1.18246,0.75,0.37
06.08.2021 01:14:20.124,1.18249,1.18245,0.75,3.45
06.08.2021 01:14:32.818,1.1825200000000002,1.18248,0.75,0.75
06.08.2021 01:14:32.920,1.1825200000000002,1.18249,0.75,0.56
06.08.2021 01:14:45.354,1.18253,1.18249,0.75,1.31
06.08.2021 01:14:45.755,1.18254,1.1825,0.75,0.94
06.08.2021 01:15:00.495,1.18254,1.1825100000000002,0.75,0.19
06.08.2021 01:15:21.859,1.18255,1.1825200000000002,0.75,0.75
06.08.2021 01:15:26.901,1.18255,1.1825100000000002,0.75,1.12
06.08.2021 01:15:56.322,1.18254,1.1825,0.75,1.5
06.08.2021 01:15:56.432,1.18255,1.1825100000000002,0.75,0.75
06.08.2021 01:16:03.006,1.18253,1.1825100000000002,0.75,1.57
06.08.2021 01:16:06.688,1.18253,1.1825,0.75,0.75
06.08.2021 01:16:06.840,1.18253,1.18249,0.82,0.82
06.08.2021 01:16:06.941,1.1825200000000002,1.18249,0.1,0.75
06.08.2021 01:16:07.042,1.1825200000000002,1.1825,0.75,0.75
06.08.2021 01:17:08.407,1.18249,1.1824700000000001,0.82,0.45
06.08.2021 01:17:08.611,1.18248,1.18246,0.82,0.82
06.08.2021 01:17:09.372,1.18248,1.18245,0.75,0.82
06.08.2021 01:17:12.810,1.18249,1.18245,0.75,1.87
06.08.2021 01:17:12.911,1.1824700000000001,1.18245,0.75,1.95
06.08.2021 01:17:17.912,1.1824700000000001,1.18244,0.75,1.12
06.08.2021 01:17:18.469,1.18248,1.18244,0.75,1.12
06.08.2021 01:17:37.187,1.1824700000000001,1.18246,0.75,0.75
06.08.2021 01:17:42.427,1.1824700000000001,1.18245,0.75,0.75
06.08.2021 01:17:51.849,1.18249,1.18245,0.75,1.12
06.08.2021 01:17:52.053,1.18248,1.1824700000000001,0.75,0.75
06.08.2021 01:17:52.431,1.18249,1.18245,0.75,0.75
06.08.2021 01:18:04.536,1.18249,1.18246,0.75,1.12
06.08.2021 01:18:04.638,1.1825,1.18246,0.75,3.07
06.08.2021 01:18:04.739,1.1825200000000002,1.18248,0.75,1.12
06.08.2021 01:18:04.941,1.1825100000000002,1.1824700000000001,0.75,0.75
06.08.2021 01:18:05.204,1.1825,1.1824700000000001,0.75,0.75
06.08.2021 01:18:08.865,1.1825100000000002,1.1824700000000001,0.75,0.75
06.08.2021 01:18:31.824,1.1825,1.1824700000000001,0.75,0.75
06.08.2021 01:18:34.888,1.1825100000000002,1.18249,0.75,0.37
06.08.2021 01:18:35.112,1.18253,1.18249,0.75,1.12
06.08.2021 01:19:27.255,1.18255,1.1825100000000002,0.75,0.75
06.08.2021 01:19:28.393,1.18253,1.1825200000000002,0.75,0.75
06.08.2021 01:19:33.125,1.18254,1.1825,0.75,1.87
06.08.2021 01:19:36.477,1.18255,1.1825100000000002,0.75,0.75
06.08.2021 01:20:04.669,1.18254,1.1825,0.75,0.75
06.08.2021 01:20:24.875,1.18255,1.1825100000000002,0.75,0.75
06.08.2021 01:20:55.483,1.18256,1.1825100000000002,1.5,1.5
06.08.2021 01:20:56.027,1.18255,1.18253,0.75,0.75
06.08.2021 01:20:56.130,1.1825700000000001,1.18253,0.75,1.12
06.08.2021 01:21:04.401,1.18256,1.18253,0.75,0.75
06.08.2021 01:21:04.503,1.18256,1.1825200000000002,1.57,0.75
06.08.2021 01:21:07.782,1.18255,1.1825100000000002,0.75,0.75
06.08.2021 01:21:19.564,1.18255,1.1825,1.2,0.75
06.08.2021 01:21:20.828,1.18254,1.1825,0.75,0.75
06.08.2021 01:21:32.883,1.18253,1.18249,0.75,0.75
06.08.2021 01:21:33.035,1.18253,1.18248,0.75,2.25
06.08.2021 01:21:42.578,1.18254,1.1825,0.75,1.5
06.08.2021 01:22:00.703,1.18253,1.18249,0.75,0.75
06.08.2021 01:22:28.463,1.1825200000000002,1.18249,0.75,2.25
06.08.2021 01:22:56.100,1.18253,1.18249,0.75,0.1
06.08.2021 01:22:56.230,1.18253,1.18248,0.75,2.32
06.08.2021 01:23:00.870,1.18254,1.18249,2.25,2.7
06.08.2021 01:23:00.971,1.18254,1.1825,1.5,0.1
06.08.2021 01:23:08.730,1.18255,1.1825,0.75,1.2
06.08.2021 01:23:08.933,1.18254,1.1825,0.75,0.82
06.08.2021 01:23:09.137,1.18255,1.1825,0.75,0.82
06.08.2021 01:23:09.340,1.18254,1.1825,0.75,0.75
06.08.2021 01:23:10.468,1.18255,1.1825,0.75,1.2
06.08.2021 01:23:10.569,1.18254,1.1825,0.75,0.82
06.08.2021 01:23:10.775,1.18255,1.1825100000000002,0.75,0.75
06.08.2021 01:23:10.978,1.18254,1.1825,0.75,0.82
06.08.2021 01:23:12.174,1.18255,1.1825,0.75,1.57
06.08.2021 01:23:12.376,1.18254,1.1825,0.75,1.2
06.08.2021 01:23:13.473,1.18255,1.1825,0.75,1.2
06.08.2021 01:23:13.726,1.18254,1.1825,0.75,1.2
06.08.2021 01:23:43.685,1.18254,1.18249,0.75,1.95
06.08.2021 01:23:51.149,1.18254,1.1825,0.75,1.12
06.08.2021 01:23:54.334,1.18254,1.18249,0.75,2.77
06.08.2021 01:24:01.546,1.18253,1.18249,0.75,0.45
06.08.2021 01:24:12.085,1.1825,1.1824700000000001,0.75,1.2
06.08.2021 01:24:12.186,1.18249,1.1824700000000001,0.75,1.2
06.08.2021 01:24:12.288,1.1825,1.18245,0.75,4.57
06.08.2021 01:24:12.441,1.1825,1.18246,0.75,0.37
06.08.2021 01:24:13.126,1.1825,1.18245,0.75,7.27
06.08.2021 01:24:13.227,1.18249,1.18245,0.75,3.45
06.08.2021 01:24:15.884,1.1825,1.1824700000000001,0.75,0.37
06.08.2021 01:24:19.071,1.1825100000000002,1.1824700000000001,0.75,3.45
06.08.2021 01:24:28.955,1.1825,1.18245,0.75,5.02
06.08.2021 01:24:29.108,1.18249,1.18245,0.75,3.52
06.08.2021 01:24:43.270,1.18249,1.18246,0.75,0.37
06.08.2021 01:24:59.368,1.18249,1.18245,0.75,0.82
06.08.2021 01:25:00.325,1.18249,1.18246,0.75,0.37
06.08.2021 01:25:12.188,1.18249,1.18245,0.75,1.12
06.08.2021 01:25:12.491,1.18249,1.18246,0.75,0.37
06.08.2021 01:25:56.533,1.18249,1.18245,0.75,1.12
06.08.2021 01:25:57.195,1.1824700000000001,1.18246,0.75,0.37
06.08.2021 01:25:58.937,1.18248,1.18246,0.75,0.37
06.08.2021 01:26:10.628,1.18248,1.18245,0.75,0.37
06.08.2021 01:26:10.729,1.18248,1.18246,0.75,0.37
06.08.2021 01:26:10.881,1.18249,1.18246,0.75,0.37
06.08.2021 01:26:20.313,1.18248,1.18246,0.75,0.37
06.08.2021 01:26:22.952,1.18249,1.18246,0.75,0.37
06.08.2021 01:26:24.104,1.18249,1.18245,0.75,0.75
06.08.2021 01:26:24.704,1.18249,1.18246,0.75,0.37
06.08.2021 01:26:29.272,1.18249,1.18245,0.75,0.75
06.08.2021 01:26:31.537,1.18249,1.18246,0.75,0.37
06.08.2021 01:26:33.522,1.18248,1.18246,0.75,0.37
06.08.2021 01:26:36.047,1.18249,1.18246,0.75,0.37
06.08.2021 01:26:39.008,1.18249,1.18245,0.75,1.12
06.08.2021 01:26:40.259,1.18249,1.1824700000000001,0.75,0.37
06.08.2021 01:26:40.606,1.18249,1.18246,0.75,0.37
06.08.2021 01:26:51.311,1.18249,1.1824700000000001,0.75,0.37
06.08.2021 01:26:52.267,1.18249,1.18246,0.75,1.12
06.08.2021 01:26:53.418,1.1825,1.18249,0.75,0.37
06.08.2021 01:26:53.571,1.18253,1.1825,0.75,0.37
06.08.2021 01:27:00.268,1.18254,1.1825,0.75,0.37
06.08.2021 01:27:00.471,1.18254,1.1825100000000002,0.75,0.37
06.08.2021 01:27:17.962,1.18253,1.1825100000000002,0.75,1.87
06.08.2021 01:27:21.478,1.18253,1.1825,0.75,0.37
06.08.2021 01:27:29.126,1.1825200000000002,1.1825,0.75,0.37
06.08.2021 01:27:50.480,1.18253,1.1825,0.75,0.37
06.08.2021 01:27:54.995,1.18253,1.18249,0.75,0.37
06.08.2021 01:28:08.096,1.18253,1.1825,0.75,0.37
06.08.2021 01:28:08.355,1.18253,1.1825100000000002,0.75,0.37
06.08.2021 01:28:08.456,1.18254,1.1825,0.82,0.37
06.08.2021 01:28:09.066,1.18253,1.1825,0.82,2.06
06.08.2021 01:28:09.952,1.18253,1.18249,0.82,2.25
06.08.2021 01:28:14.425,1.1825,1.1824700000000001,0.75,1.43
06.08.2021 01:28:14.527,1.1825,1.18246,0.82,2.32
06.08.2021 01:28:27.374,1.1825100000000002,1.18248,0.75,0.37
06.08.2021 01:28:28.502,1.1825200000000002,1.18248,0.82,1.87
06.08.2021 01:28:48.807,1.1825100000000002,1.1824700000000001,0.75,1.5
06.08.2021 01:28:53.692,1.1825,1.18246,0.75,2.25
06.08.2021 01:29:04.751,1.1825100000000002,1.1824700000000001,0.75,4.12
06.08.2021 01:29:29.637,1.1825200000000002,1.18248,0.75,0.45
06.08.2021 01:29:29.840,1.1825100000000002,1.1824700000000001,1.2,2.7
06.08.2021 01:29:29.941,1.1825,1.1824700000000001,0.1,2.7
06.08.2021 01:29:30.043,1.1825,1.18246,0.82,1.87
06.08.2021 01:29:33.635,1.18249,1.18245,0.75,2.33
06.08.2021 01:29:36.951,1.18248,1.18245,0.75,0.75
06.08.2021 01:29:37.057,1.1824700000000001,1.18245,0.94,2.25
06.08.2021 01:29:40.042,1.18249,1.18245,1.01,1.5
06.08.2021 01:29:41.524,1.1825,1.18246,0.82,0.75
06.08.2021 01:30:00.333,1.1825100000000002,1.1824700000000001,0.94,0.75
06.08.2021 01:30:00.435,1.18249,1.18245,0.75,2.62
06.08.2021 01:30:02.629,1.1825,1.18246,0.75,0.75
06.08.2021 01:30:02.731,1.1825200000000002,1.18248,0.75,1.5
06.08.2021 01:30:03.287,1.1825200000000002,1.1824700000000001,0.94,1.5
06.08.2021 01:30:03.925,1.1825100000000002,1.1824700000000001,0.94,0.75
06.08.2021 01:30:09.517,1.1825,1.18246,0.75,1.5
06.08.2021 01:30:22.226,1.1825100000000002,1.1824700000000001,0.82,0.75
06.08.2021 01:30:26.281,1.18249,1.1824700000000001,0.75,0.75
06.08.2021 01:30:37.696,1.18249,1.18246,0.94,0.75
06.08.2021 01:30:38.554,1.18249,1.18245,1.69,0.75
06.08.2021 01:30:42.098,1.18248,1.18244,0.75,0.75
06.08.2021 01:30:47.803,1.1824700000000001,1.18243,0.75,1.5
06.08.2021 01:30:51.243,1.18246,1.18242,0.82,0.75
06.08.2021 01:30:51.345,1.18245,1.1824100000000002,0.75,2.25
06.08.2021 01:30:51.549,1.18246,1.18242,0.75,2.25
06.08.2021 01:30:53.380,1.18245,1.18242,0.75,0.75
06.08.2021 01:30:53.482,1.18245,1.1824100000000002,0.75,1.5
06.08.2021 01:31:00.473,1.18244,1.1824100000000002,1.12,1.5
06.08.2021 01:31:00.524,1.18243,1.18239,0.19,0.75
06.08.2021 01:31:00.676,1.18244,1.18239,1.76,0.75
06.08.2021 01:31:00.828,1.18244,1.1824000000000001,1.01,1.5
06.08.2021 01:31:01.886,1.18243,1.1824000000000001,0.19,0.75
06.08.2021 01:31:02.038,1.18244,1.1824000000000001,1.01,2.25
06.08.2021 01:31:07.772,1.18244,1.1824100000000002,0.94,0.1
06.08.2021 01:31:12.406,1.18244,1.1824000000000001,0.94,2.32
06.08.2021 01:31:14.878,1.18244,1.1824100000000002,0.94,0.75
06.08.2021 01:31:18.524,1.18245,1.1824100000000002,0.94,2.32
06.08.2021 01:31:20.561,1.1824700000000001,1.18243,1.31,0.82
06.08.2021 01:31:20.663,1.1824700000000001,1.18244,0.75,0.1
06.08.2021 01:31:20.765,1.18248,1.18244,1.69,1.57
06.08.2021 01:31:34.717,1.18249,1.18245,1.69,0.75
06.08.2021 01:31:34.924,1.18248,1.18245,0.19,0.75
06.08.2021 01:31:35.571,1.18249,1.18245,0.94,0.75
06.08.2021 01:31:41.288,1.18248,1.18245,0.19,0.75
06.08.2021 01:31:41.666,1.18248,1.18244,0.94,1.57
06.08.2021 01:31:42.418,1.18248,1.18245,0.19,0.82
06.08.2021 01:31:42.519,1.18249,1.18245,0.94,0.82
06.08.2021 01:31:43.365,1.1824700000000001,1.18246,0.19,0.82
06.08.2021 01:31:47.311,1.1825,1.1824700000000001,1.87,0.75
06.08.2021 01:31:47.584,1.18249,1.1824700000000001,0.19,0.75
06.08.2021 01:31:55.113,1.1825,1.18248,0.94,0.75
06.08.2021 01:31:55.214,1.1825100000000002,1.18249,0.19,0.75
06.08.2021 01:31:55.626,1.1825100000000002,1.18249,0.45,0.1
06.08.2021 01:31:55.727,1.1825200000000002,1.1825100000000002,0.19,0.75
06.08.2021 01:31:55.888,1.18254,1.1825,7.39,0.75
06.08.2021 01:31:56.565,1.1825200000000002,1.18249,0.94,0.75
06.08.2021 01:31:56.818,1.1825200000000002,1.18248,1.95,0.75
06.08.2021 01:31:59.140,1.1825200000000002,1.1825,1.12,0.75
06.08.2021 01:32:04.568,1.1825200000000002,1.18249,2.51,0.75
06.08.2021 01:32:06.189,1.1825100000000002,1.18249,0.82,0.75
06.08.2021 01:32:06.392,1.1825200000000002,1.18249,3.64,0.75
06.08.2021 01:32:07.040,1.1825100000000002,1.18248,1.2,0.75
06.08.2021 01:32:26.045,1.1825200000000002,1.18249,2.14,0.75
06.08.2021 01:32:26.147,1.18253,1.1825,4.57,0.75
06.08.2021 01:32:26.349,1.18253,1.1825100000000002,2.25,0.75
06.08.2021 01:32:29.032,1.18253,1.1825200000000002,1.12,0.75
06.08.2021 01:32:30.315,1.18254,1.1825200000000002,1.12,0.75
06.08.2021 01:32:42.090,1.1825100000000002,1.18249,3.94,0.75
06.08.2021 01:32:42.394,1.1825100000000002,1.18248,3.64,0.75
06.08.2021 01:32:49.228,1.1825,1.18248,0.37,0.75
06.08.2021 01:32:50.288,1.1825,1.1824700000000001,1.12,0.75
06.08.2021 01:32:54.596,1.1825,1.18248,2.81,0.75
06.08.2021 01:33:05.264,1.18249,1.1824700000000001,2.06,0.75
06.08.2021 01:33:14.328,1.18249,1.18246,1.31,0.75
06.08.2021 01:33:14.429,1.1825,1.18246,2.81,0.75
06.08.2021 01:33:32.104,1.1825,1.1824700000000001,0.37,0.75
06.08.2021 01:33:35.634,1.1825,1.18248,1.12,0.75
06.08.2021 01:33:36.500,1.1825100000000002,1.18248,1.12,0.75
06.08.2021 01:33:37.055,1.1825200000000002,1.18248,1.12,0.75
06.08.2021 01:33:37.157,1.1825100000000002,1.18248,0.56,0.75
06.08.2021 01:33:45.925,1.1825100000000002,1.18249,0.75,0.75
06.08.2021 01:33:46.027,1.1825100000000002,1.1825,0.75,0.75
06.08.2021 01:34:00.187,1.18254,1.1825,1.87,0.75
06.08.2021 01:34:02.254,1.18254,1.1825100000000002,1.69,0.75
06.08.2021 01:34:08.915,1.18255,1.1825100000000002,2.62,0.75
06.08.2021 01:34:09.017,1.18255,1.1825200000000002,2.44,0.75
06.08.2021 01:34:17.672,1.18253,1.1825100000000002,0.75,0.75
06.08.2021 01:34:17.776,1.18253,1.1825,1.12,0.75
06.08.2021 01:34:18.263,1.18253,1.18249,3,0.75
06.08.2021 01:34:21.633,1.18254,1.1825,0.75,0.75
06.08.2021 01:34:21.735,1.18254,1.1825100000000002,0.75,0.75
06.08.2021 01:34:23.176,1.18255,1.1825100000000002,0.75,0.75
06.08.2021 01:34:23.278,1.18255,1.1825200000000002,0.75,0.75
06.08.2021 01:35:04.161,1.18256,1.1825200000000002,0.19,0.75
06.08.2021 01:35:04.263,1.1825700000000001,1.18253,5.44,0.75
06.08.2021 01:35:04.518,1.18256,1.18253,0.19,0.75
06.08.2021 01:35:04.619,1.18256,1.1825200000000002,0.94,0.75
06.08.2021 01:35:16.146,1.18255,1.1825200000000002,0.19,0.75
06.08.2021 01:35:44.969,1.18254,1.1825100000000002,2.44,0.75
06.08.2021 01:35:45.071,1.1825100000000002,1.18249,0.37,0.75
06.08.2021 01:35:45.174,1.1825100000000002,1.18248,0.37,0.75
06.08.2021 01:35:48.140,1.1825200000000002,1.18248,3.64,0.75
06.08.2021 01:36:00.616,1.1825100000000002,1.18248,0.37,0.75
06.08.2021 01:36:01.486,1.1825100000000002,1.1824700000000001,0.37,0.75
06.08.2021 01:36:03.338,1.1825100000000002,1.18248,0.37,0.75
06.08.2021 01:36:03.440,1.1825100000000002,1.1824700000000001,1.12,0.75
06.08.2021 01:36:08.722,1.1825200000000002,1.18248,2.89,0.75
06.08.2021 01:36:16.339,1.18253,1.18249,1.2,0.82
06.08.2021 01:36:16.441,1.18253,1.1825,1.2,0.75
06.08.2021 01:36:18.975,1.1825100000000002,1.18249,0.37,0.75
06.08.2021 01:36:19.077,1.1825200000000002,1.18249,3.56,0.75
06.08.2021 01:36:19.970,1.1825100000000002,1.18249,0.75,0.75
06.08.2021 01:36:21.233,1.1825200000000002,1.18249,4.01,0.75
06.08.2021 01:36:21.588,1.1825100000000002,1.18249,0.37,0.75
06.08.2021 01:36:21.690,1.1825100000000002,1.18248,0.37,0.75
06.08.2021 01:36:21.802,1.1825200000000002,1.18248,5.89,0.75
06.08.2021 01:36:22.185,1.1825100000000002,1.18248,1.12,0.75
06.08.2021 01:36:22.485,1.18249,1.18246,0.56,0.75
06.08.2021 01:36:22.587,1.1824700000000001,1.18246,0.75,0.75
06.08.2021 01:36:22.689,1.18248,1.18244,2.81,0.75
06.08.2021 01:36:35.293,1.1824700000000001,1.18243,6.64,0.75
06.08.2021 01:36:35.394,1.18246,1.18243,1.31,0.75
06.08.2021 01:36:35.496,1.18246,1.18242,3.64,0.75
06.08.2021 01:36:51.876,1.18245,1.18242,0.19,0.75
06.08.2021 01:37:01.850,1.1824700000000001,1.18245,0.45,1.2
06.08.2021 01:37:02.002,1.1825,1.18246,3.37,0.82
06.08.2021 01:37:02.103,1.1825,1.1824700000000001,2.25,0.1
06.08.2021 01:37:04.821,1.18249,1.1824700000000001,2.25,0.82
06.08.2021 01:37:40.955,1.1825100000000002,1.18246,5.32,0.82
06.08.2021 01:37:45.122,1.1825,1.18246,0.37,0.82
06.08.2021 01:38:03.296,1.18249,1.18245,0.75,0.82
06.08.2021 01:38:03.925,1.18249,1.18244,2.7,1.57
06.08.2021 01:38:06.155,1.18248,1.18244,0.37,0.82
06.08.2021 01:38:06.357,1.18249,1.18244,4.95,0.82
06.08.2021 01:38:09.487,1.18248,1.18244,0.75,0.82
06.08.2021 01:38:20.878,1.1824700000000001,1.18243,0.75,0.82
06.08.2021 01:38:31.663,1.18248,1.18244,1.12,0.75
06.08.2021 01:38:33.243,1.18246,1.18244,4.31,0.75
06.08.2021 01:38:33.345,1.18246,1.18242,1.12,1.57
06.08.2021 01:38:44.884,1.18245,1.1824100000000002,0.75,0.82
06.08.2021 01:38:49.197,1.18246,1.18243,0.75,0.1
06.08.2021 01:38:49.298,1.18246,1.18242,1.5,0.82
06.08.2021 01:38:54.292,1.18246,1.18245,1.87,0.75
06.08.2021 01:38:56.266,1.18246,1.18242,1.12,0.75
06.08.2021 01:38:56.317,1.18243,1.1824100000000002,0.75,0.75
06.08.2021 01:38:56.418,1.18245,1.1824100000000002,3.56,0.75
06.08.2021 01:38:56.520,1.18244,1.1824100000000002,0.75,0.75
06.08.2021 01:39:00.479,1.18245,1.1824100000000002,0.75,0.82
06.08.2021 01:39:04.862,1.18244,1.1824100000000002,0.75,0.75
06.08.2021 01:39:04.963,1.18245,1.1824100000000002,4.87,0.75
06.08.2021 01:39:09.621,1.18243,1.18242,0.75,0.75
06.08.2021 01:39:09.773,1.18245,1.1824100000000002,15.26,0.75
06.08.2021 01:39:10.878,1.18245,1.18242,1.12,0.75
06.08.2021 01:39:24.448,1.18245,1.1824100000000002,2.62,0.82
06.08.2021 01:39:24.551,1.18244,1.1824100000000002,0.75,0.75
06.08.2021 01:39:33.030,1.18244,1.18242,0.75,0.75
06.08.2021 01:39:36.498,1.18245,1.18242,1.5,0.75
06.08.2021 01:39:59.407,1.18243,1.18242,1.5,0.75
06.08.2021 01:40:03.923,1.18245,1.1824100000000002,1.87,0.75
06.08.2021 01:40:11.287,1.18245,1.18242,1.5,0.75
06.08.2021 01:40:16.301,1.18246,1.18242,1.12,0.75
06.08.2021 01:40:26.685,1.18245,1.18242,0.75,0.82
06.08.2021 01:40:29.243,1.18246,1.18242,2.44,0.75
06.08.2021 01:40:29.344,1.18246,1.18243,2.06,0.75
06.08.2021 01:40:31.621,1.1824700000000001,1.18243,2.62,0.82
06.08.2021 01:40:32.018,1.18246,1.18243,0.75,0.75
06.08.2021 01:40:35.450,1.18244,1.18243,0.75,0.75
06.08.2021 01:40:35.563,1.18245,1.18242,0.75,0.75
06.08.2021 01:40:55.733,1.18245,1.18243,1.5,0.75
06.08.2021 01:41:00.115,1.18246,1.18243,0.37,0.75
06.08.2021 01:41:00.217,1.1824700000000001,1.18244,4.01,0.75
06.08.2021 01:41:02.676,1.1824700000000001,1.18243,2.4,0.75
06.08.2021 01:41:05.070,1.18245,1.18244,0.1,0.75
06.08.2021 01:41:09.911,1.18245,1.18243,0.82,0.75
06.08.2021 01:41:32.721,1.18245,1.18242,0.1,0.75
06.08.2021 01:41:37.688,1.18246,1.18242,2.32,0.75
06.08.2021 01:41:44.045,1.18245,1.18242,0.1,0.75
06.08.2021 01:41:55.216,1.18246,1.18243,1.57,0.75
06.08.2021 01:41:57.175,1.18246,1.18244,1.57,0.75
06.08.2021 01:42:16.580,1.18245,1.18244,0.1,0.75
06.08.2021 01:42:18.746,1.1824700000000001,1.18243,3.07,0.75
06.08.2021 01:42:19.657,1.18246,1.18243,0.1,0.75
06.08.2021 01:42:19.860,1.18246,1.18244,2.4,0.75
06.08.2021 01:42:30.912,1.18246,1.18243,0.1,0.75
06.08.2021 01:42:47.761,1.1824700000000001,1.18243,1.95,0.75
06.08.2021 01:43:05.012,1.18246,1.18243,1.2,0.75
06.08.2021 01:43:24.452,1.1824700000000001,1.18244,1.27,0.75
06.08.2021 01:43:31.615,1.18246,1.18244,0.1,0.75
06.08.2021 01:43:34.668,1.1824700000000001,1.18244,0.82,0.75
06.08.2021 01:43:50.030,1.18246,1.18244,0.37,0.75
06.08.2021 01:43:50.268,1.1824700000000001,1.18244,2.77,0.75
06.08.2021 01:43:52.419,1.18246,1.18244,0.1,0.75
06.08.2021 01:43:53.196,1.18246,1.18243,0.1,0.75
06.08.2021 01:43:59.509,1.18245,1.18243,0.37,0.75
06.08.2021 01:43:59.693,1.18246,1.18243,0.1,0.75
06.08.2021 01:44:12.194,1.1824700000000001,1.18243,3.15,0.75
06.08.2021 01:44:17.874,1.1824700000000001,1.18244,0.75,0.75
06.08.2021 01:44:19.311,1.18248,1.18244,0.75,0.75
06.08.2021 01:44:21.113,1.18248,1.18245,1.5,0.75
06.08.2021 01:44:21.692,1.18246,1.18245,0.37,0.75
06.08.2021 01:44:23.178,1.18248,1.18245,9.52,0.75
06.08.2021 01:44:24.261,1.18248,1.18246,7.46,0.75
06.08.2021 01:44:29.751,1.18248,1.18245,2.32,0.75
06.08.2021 01:44:34.435,1.18248,1.18244,2.7,0.75
06.08.2021 01:44:34.539,1.18248,1.18245,0.82,0.75
06.08.2021 01:44:34.741,1.18248,1.18246,5.4,0.75
06.08.2021 01:44:35.196,1.1824700000000001,1.18245,3.26,0.75
06.08.2021 01:44:35.550,1.18249,1.18245,1.57,0.75
06.08.2021 01:44:35.651,1.18249,1.1824700000000001,3.71,0.75
06.08.2021 01:44:35.853,1.1825,1.1824700000000001,2.51,0.75
06.08.2021 01:45:21.722,1.1825,1.18246,1.76,0.75
06.08.2021 01:45:54.878,1.18249,1.18245,1.76,0.75
06.08.2021 01:45:54.991,1.18248,1.18245,1.5,0.75
06.08.2021 01:45:55.092,1.1824700000000001,1.18245,2.89,0.75
06.08.2021 01:46:01.236,1.1824700000000001,1.18244,0.82,0.75
06.08.2021 01:46:01.338,1.18246,1.18243,0.75,0.75
06.08.2021 01:46:01.490,1.18245,1.18242,0.75,3.45
06.08.2021 01:46:02.310,1.18246,1.18243,1.01,0.75
06.08.2021 01:46:03.045,1.18244,1.18243,0.75,1.5
06.08.2021 01:46:34.996,1.18244,1.1824100000000002,0.75,0.75
06.08.2021 01:46:46.549,1.18243,1.1824000000000001,2.32,0.75
06.08.2021 01:46:46.853,1.1824100000000002,1.18239,0.75,0.75
06.08.2021 01:46:47.106,1.18242,1.18239,1.57,0.75
06.08.2021 01:46:47.208,1.18242,1.1824000000000001,0.82,0.75
06.08.2021 01:46:51.888,1.18243,1.1824000000000001,3.07,0.75
06.08.2021 01:47:22.609,1.18244,1.1824100000000002,0.75,0.75
06.08.2021 01:47:22.711,1.18245,1.1824100000000002,2.62,0.75
06.08.2021 01:47:27.509,1.18245,1.18242,1.5,0.75
06.08.2021 01:47:32.238,1.18243,1.1824000000000001,1.5,0.75
06.08.2021 01:47:35.840,1.18243,1.18242,9.45,0.75
06.08.2021 01:47:35.941,1.18245,1.18242,2.32,0.75
06.08.2021 01:47:51.755,1.18245,1.18244,1.5,0.75
06.08.2021 01:47:54.995,1.1824700000000001,1.18244,3.07,0.75
06.08.2021 01:48:00.849,1.18246,1.18244,1.12,0.75
06.08.2021 01:48:01.337,1.18246,1.18243,1.87,0.75
06.08.2021 01:48:41.401,1.1824700000000001,1.18244,1.12,0.75
06.08.2021 01:48:41.967,1.18246,1.18243,0.75,0.82
06.08.2021 01:48:50.340,1.18245,1.18242,0.75,0.75
06.08.2021 01:48:50.441,1.18242,1.18239,0.75,3.3
06.08.2021 01:48:53.589,1.18243,1.1824000000000001,0.75,0.75
06.08.2021 01:49:01.133,1.18242,1.18239,0.75,0.75
06.08.2021 01:49:23.625,1.18243,1.1824000000000001,1.5,1.5
06.08.2021 01:49:25.222,1.18243,1.1824100000000002,0.75,0.75
06.08.2021 01:49:25.324,1.18244,1.1824100000000002,0.75,1.95
06.08.2021 01:49:29.931,1.18245,1.18242,0.75,0.75
06.08.2021 01:49:34.035,1.1824700000000001,1.18244,0.75,0.75
06.08.2021 01:49:35.382,1.18248,1.18245,0.75,0.82
06.08.2021 01:49:37.811,1.1825,1.18248,1.12,0.75
06.08.2021 01:49:42.527,1.1825,1.1824700000000001,0.75,0.75
06.08.2021 01:49:50.830,1.1825200000000002,1.18249,0.75,0.75
06.08.2021 01:49:52.013,1.18254,1.1825100000000002,0.75,0.75
06.08.2021 01:49:55.072,1.1825200000000002,1.1825,0.37,0.75
06.08.2021 01:49:55.225,1.1825200000000002,1.18249,1.12,0.75
06.08.2021 01:50:08.708,1.18253,1.1825,1.5,1.2
06.08.2021 01:50:09.115,1.18254,1.1825100000000002,1.5,0.75
06.08.2021 01:50:09.489,1.18253,1.1825100000000002,0.75,0.75
06.08.2021 01:50:13.079,1.18253,1.1825,0.75,1.12
06.08.2021 01:50:18.508,1.18254,1.1825100000000002,1.57,0.75
06.08.2021 01:50:59.607,1.18255,1.1825100000000002,1.5,0.82
06.08.2021 01:50:59.708,1.1825700000000001,1.18254,0.75,0.45
06.08.2021 01:50:59.810,1.18258,1.18255,1.2,0.75
06.08.2021 01:51:03.229,1.18259,1.18256,0.75,0.75
06.08.2021 01:51:10.120,1.18258,1.18255,0.75,1.2
06.08.2021 01:51:12.056,1.1825700000000001,1.18254,1.87,0.75
06.08.2021 01:51:12.159,1.18256,1.18253,0.75,0.75
06.08.2021 01:51:14.489,1.18255,1.1825200000000002,0.75,0.75
06.08.2021 01:51:18.249,1.18256,1.18253,0.75,0.75
06.08.2021 01:51:22.460,1.1825700000000001,1.18254,0.75,0.75
06.08.2021 01:51:29.480,1.18258,1.18255,1.5,0.75
06.08.2021 01:51:29.581,1.18259,1.18256,1.5,0.75
06.08.2021 01:51:46.059,1.1826,1.1825700000000001,0.75,1.5
06.08.2021 01:52:51.529,1.1826,1.18259,1.5,1.87
06.08.2021 01:52:51.630,1.1826200000000002,1.18259,0.75,3.07
06.08.2021 01:52:51.732,1.18264,1.1826100000000002,1.69,0.75
06.08.2021 01:52:51.834,1.1826200000000002,1.1826100000000002,0.75,0.75
06.08.2021 01:52:51.936,1.18263,1.1826,1.5,0.75
06.08.2021 01:52:58.990,1.18264,1.1826100000000002,1.69,0.75
06.08.2021 01:52:59.092,1.18265,1.1826200000000002,1.95,0.75
06.08.2021 01:53:01.246,1.18263,1.1826200000000002,0.75,1.5
06.08.2021 01:53:01.498,1.1826200000000002,1.1826100000000002,0.75,1.5
06.08.2021 01:53:02.015,1.1826200000000002,1.1826,0.37,0.75
06.08.2021 01:53:02.187,1.1826200000000002,1.18259,1.12,0.75
06.08.2021 01:53:06.269,1.18263,1.1826100000000002,0.75,0.75
06.08.2021 01:53:06.370,1.18264,1.1826100000000002,2.89,0.75
06.08.2021 01:53:07.205,1.18263,1.1826100000000002,0.75,0.75
06.08.2021 01:53:08.111,1.18264,1.1826100000000002,0.75,0.75
06.08.2021 01:53:08.364,1.18263,1.1826100000000002,0.75,0.75
06.08.2021 01:53:10.656,1.1826200000000002,1.1826,0.37,0.75
06.08.2021 01:53:10.757,1.1826200000000002,1.1826,3.34,0.75
06.08.2021 01:53:12.259,1.1826200000000002,1.1826,0.37,0.75
06.08.2021 01:53:12.549,1.18263,1.1826,2.89,0.75
06.08.2021 01:53:12.651,1.1826200000000002,1.1826,0.37,0.75
06.08.2021 01:53:13.930,1.1826200000000002,1.18259,1.12,0.75
06.08.2021 01:53:30.478,1.1826100000000002,1.18258,0.75,1.5
06.08.2021 01:53:59.642,1.1826200000000002,1.18259,1.12,0.75
06.08.2021 01:53:59.819,1.1826200000000002,1.18258,1.12,0.75
06.08.2021 01:54:11.473,1.1826100000000002,1.18258,1.69,0.75
06.08.2021 01:54:11.574,1.18259,1.18258,0.75,0.75
06.08.2021 01:54:24.857,1.18258,1.18255,0.75,1.95
06.08.2021 01:54:31.239,1.18259,1.18256,0.75,0.75
06.08.2021 01:54:35.936,1.1826,1.1825700000000001,0.75,0.75
06.08.2021 01:54:39.779,1.18259,1.18256,0.75,0.75
06.08.2021 01:54:44.089,1.1826,1.1825700000000001,0.75,0.75
06.08.2021 01:54:44.346,1.1826100000000002,1.18258,1.5,0.75
06.08.2021 01:54:49.141,1.1826200000000002,1.18258,0.75,1.57
06.08.2021 01:54:50.856,1.18263,1.1826,0.75,0.75
06.08.2021 01:54:50.958,1.1826200000000002,1.18258,0.75,1.95
06.08.2021 01:54:53.198,1.18263,1.1826,0.75,1.5
06.08.2021 01:54:55.369,1.18264,1.1826100000000002,0.75,0.75
06.08.2021 01:55:12.478,1.18264,1.1826,0.75,0.82
06.08.2021 01:55:13.670,1.18263,1.1826,0.75,0.1
06.08.2021 01:55:15.555,1.1826100000000002,1.18258,1.57,1.2
06.08.2021 01:55:15.656,1.1826,1.18258,0.82,1.2
06.08.2021 01:55:15.707,1.18258,1.18255,0.75,8.7
06.08.2021 01:55:18.796,1.1825700000000001,1.18254,0.75,1.2
06.08.2021 01:55:30.046,1.18256,1.18253,0.75,0.75
06.08.2021 01:55:30.147,1.18255,1.1825200000000002,1.5,1.95
06.08.2021 01:55:30.248,1.18254,1.1825100000000002,0.75,0.82
06.08.2021 01:55:42.478,1.18254,1.1825,0.75,1.2
06.08.2021 01:55:46.078,1.18254,1.1825100000000002,0.75,0.82
06.08.2021 01:55:46.984,1.18254,1.1825200000000002,0.75,0.1
06.08.2021 01:55:47.513,1.1825700000000001,1.18254,0.75,1.2
06.08.2021 01:55:47.614,1.18256,1.18253,0.75,1.2
06.08.2021 01:55:48.944,1.18255,1.1825200000000002,0.75,0.82
06.08.2021 01:55:50.961,1.18254,1.1825100000000002,0.75,1.57
06.08.2021 01:56:03.261,1.18254,1.1825,0.75,1.95
06.08.2021 01:56:19.852,1.18253,1.1825,0.75,1.95
06.08.2021 01:56:19.977,1.18253,1.1825100000000002,0.75,0.82
06.08.2021 01:56:24.636,1.18253,1.1825,0.75,1.95
06.08.2021 01:56:27.103,1.18254,1.1825,0.75,1.95
06.08.2021 01:56:27.256,1.18253,1.18249,0.82,1.12
06.08.2021 01:56:27.359,1.1825200000000002,1.18248,0.75,1.88
06.08.2021 01:56:30.130,1.1825100000000002,1.1824700000000001,0.75,1.2
06.08.2021 01:56:31.669,1.1825,1.1824700000000001,0.75,0.82
06.08.2021 01:56:44.269,1.1825,1.18246,0.75,1.57
06.08.2021 01:56:49.934,1.18249,1.18246,0.75,0.75
06.08.2021 01:56:50.769,1.18249,1.18245,0.75,2.89
06.08.2021 01:56:51.527,1.18249,1.18246,0.75,0.75
06.08.2021 01:56:52.940,1.18248,1.18246,0.75,2.32
06.08.2021 01:56:56.989,1.18248,1.18245,0.75,0.75
06.08.2021 01:56:57.376,1.18248,1.18244,1.5,2.32
06.08.2021 01:56:57.478,1.18248,1.18245,0.75,0.82
06.08.2021 01:56:58.601,1.18249,1.18245,0.75,1.95
06.08.2021 01:56:58.754,1.18249,1.18246,0.75,0.82
06.08.2021 01:57:05.955,1.18249,1.18245,0.75,1.95
06.08.2021 01:57:10.331,1.18249,1.1824700000000001,0.75,0.37
06.08.2021 01:57:10.533,1.18249,1.18245,0.75,1.57
06.08.2021 01:57:10.955,1.18248,1.18245,0.75,0.82
06.08.2021 01:57:26.428,1.18246,1.18245,0.75,1.5
06.08.2021 01:57:26.529,1.18248,1.18244,0.75,1.57
06.08.2021 01:57:26.782,1.18248,1.18245,0.75,0.1
06.08.2021 01:57:29.449,1.18249,1.18245,0.75,2.51
06.08.2021 01:57:29.702,1.18249,1.18246,0.75,0.75
06.08.2021 01:57:32.307,1.1825200000000002,1.1825,0.37,0.75
06.08.2021 01:57:32.359,1.18254,1.1825,9.15,1.5
06.08.2021 01:57:33.275,1.18249,1.18246,2.25,1.5
06.08.2021 01:57:33.378,1.18246,1.18243,0.75,1.05
06.08.2021 01:57:33.480,1.18245,1.18242,0.75,1.5
06.08.2021 01:57:33.683,1.18245,1.1824100000000002,0.75,1.57
06.08.2021 01:57:34.090,1.18244,1.1824100000000002,0.75,0.75
06.08.2021 01:57:45.124,1.18245,1.18242,0.75,1.95
06.08.2021 01:57:45.175,1.1824700000000001,1.18243,0.75,0.82
06.08.2021 01:57:45.378,1.1824700000000001,1.18244,0.75,0.75
06.08.2021 01:57:46.970,1.1824700000000001,1.18243,0.75,1.5
06.08.2021 01:57:47.912,1.1824700000000001,1.18244,0.75,0.75
06.08.2021 01:57:47.963,1.18249,1.18246,0.1,1.31
06.08.2021 01:57:48.014,1.1825100000000002,1.18249,8.4,2.32
06.08.2021 01:57:48.066,1.18253,1.1825,0.1,1.5
06.08.2021 01:57:48.269,1.18253,1.1825100000000002,0.82,1.57
06.08.2021 01:57:48.370,1.18254,1.1825100000000002,0.82,0.75
06.08.2021 01:57:55.430,1.18255,1.1825200000000002,0.75,2.7
06.08.2021 01:57:55.481,1.1825700000000001,1.18254,0.82,0.75
06.08.2021 01:57:55.582,1.18259,1.18255,1.27,1.57
06.08.2021 01:57:55.684,1.18259,1.18256,1.01,0.75
06.08.2021 01:57:59.275,1.18259,1.18255,1.01,1.57
06.08.2021 01:58:06.267,1.1825700000000001,1.18256,1.5,0.82
06.08.2021 01:58:09.503,1.18259,1.18255,1.01,1.57
06.08.2021 01:58:14.626,1.18259,1.18256,0.75,1.57
06.08.2021 01:58:14.728,1.1826,1.1825700000000001,0.75,0.1
06.08.2021 01:58:14.829,1.1826200000000002,1.18258,1.2,1.57
06.08.2021 01:58:15.802,1.1826100000000002,1.1826,1.2,0.75
06.08.2021 01:58:21.308,1.1826200000000002,1.18258,1.2,1.57
06.08.2021 01:58:24.059,1.18263,1.18259,1.57,0.82
06.08.2021 01:58:24.261,1.18264,1.1826,0.82,0.82
06.08.2021 01:58:24.363,1.18264,1.1826100000000002,0.82,0.75
06.08.2021 01:58:24.729,1.18263,1.1826,0.82,0.75
06.08.2021 01:58:38.605,1.1826200000000002,1.18259,0.75,1.57
06.08.2021 01:58:40.936,1.1826100000000002,1.18258,0.75,2.7
06.08.2021 01:58:43.002,1.1826200000000002,1.18259,0.82,0.75
06.08.2021 01:58:45.088,1.18263,1.1826,0.82,0.75
06.08.2021 01:58:52.509,1.1826200000000002,1.18259,0.75,1.95
06.08.2021 01:58:56.570,1.1826200000000002,1.18258,0.82,2.7
06.08.2021 01:58:57.638,1.1826100000000002,1.18258,0.1,0.75
06.08.2021 01:59:00.126,1.1826100000000002,1.1825700000000001,0.82,1.57
06.08.2021 01:59:00.933,1.1826100000000002,1.18258,0.82,0.75
06.08.2021 01:59:03.380,1.1826100000000002,1.1825700000000001,0.82,1.57
06.08.2021 01:59:04.492,1.1826200000000002,1.18258,0.82,0.82
06.08.2021 01:59:13.164,1.1826100000000002,1.1825700000000001,0.82,1.57
06.08.2021 01:59:13.317,1.18259,1.18256,0.75,0.82
06.08.2021 01:59:13.418,1.1826,1.1825700000000001,0.82,0.75
06.08.2021 01:59:14.423,1.18259,1.1825700000000001,0.82,0.82
06.08.2021 01:59:14.729,1.1826,1.1825700000000001,0.75,0.82
06.08.2021 01:59:14.830,1.1826100000000002,1.1825700000000001,1.57,0.82
06.08.2021 01:59:14.931,1.1826,1.1825700000000001,0.75,0.82
06.08.2021 01:59:16.851,1.1826,1.18256,0.82,0.82
06.08.2021 01:59:18.568,1.1826100000000002,1.1825700000000001,0.75,0.75
06.08.2021 01:59:33.288,1.18259,1.18258,0.75,0.75
06.08.2021 01:59:34.633,1.18259,1.18256,0.75,0.82
06.08.2021 01:59:34.734,1.1825700000000001,1.18254,0.75,1.57
06.08.2021 01:59:34.836,1.1825700000000001,1.18253,0.75,1.12
06.08.2021 01:59:36.755,1.18256,1.18253,0.75,0.75
06.08.2021 01:59:37.613,1.1825700000000001,1.18254,0.75,0.75
06.08.2021 01:59:37.664,1.18259,1.18255,9.71,0.82
06.08.2021 01:59:37.766,1.18259,1.18256,0.82,0.75
06.08.2021 01:59:39.213,1.1826,1.1825700000000001,0.82,2.25
06.08.2021 01:59:39.315,1.1826100000000002,1.1825700000000001,0.82,1.57
06.08.2021 01:59:39.417,1.1826100000000002,1.18258,0.1,0.75
06.08.2021 01:59:39.519,1.1826200000000002,1.18258,0.82,0.82
06.08.2021 01:59:39.621,1.1826,1.18259,0.75,0.82
06.08.2021 01:59:50.078,1.1826200000000002,1.18259,0.82,0.75
06.08.2021 02:00:00.144,1.18264,1.1826100000000002,7.95,2.25
06.08.2021 02:00:00.297,1.18265,1.1826100000000002,0.75,1.57
06.08.2021 02:00:01.485,1.18264,1.1826100000000002,0.75,0.75
06.08.2021 02:00:02.312,1.18263,1.18259,2.51,1.8
06.08.2021 02:00:02.464,1.1826200000000002,1.18259,0.75,0.75
06.08.2021 02:00:06.409,1.1826100000000002,1.18258,0.75,1.57
06.08.2021 02:00:10.119,1.1826200000000002,1.18258,1.57,0.75
06.08.2021 02:00:12.015,1.1826100000000002,1.18258,0.75,0.82
06.08.2021 02:00:18.710,1.1826200000000002,1.18258,1.5,0.82
06.08.2021 02:00:18.813,1.1826100000000002,1.1825700000000001,0.75,0.82
06.08.2021 02:01:18.036,1.1826200000000002,1.18258,1.2,0.75
06.08.2021 02:01:18.188,1.18263,1.18259,2.7,1.5
06.08.2021 02:01:18.240,1.18264,1.18263,9.15,0.75
06.08.2021 02:01:21.479,1.18266,1.1826200000000002,0.82,0.75
06.08.2021 02:01:22.181,1.18265,1.1826200000000002,0.1,0.75
06.08.2021 02:01:26.156,1.18266,1.1826200000000002,1.01,0.75
06.08.2021 02:01:28.086,1.18264,1.1826100000000002,0.75,1.57
06.08.2021 02:02:05.628,1.18264,1.1826200000000002,0.75,0.82
06.08.2021 02:02:09.478,1.18265,1.1826200000000002,0.75,0.82
06.08.2021 02:02:21.718,1.18264,1.1826200000000002,0.75,0.82
06.08.2021 02:02:29.138,1.18264,1.1826100000000002,0.75,2.7
06.08.2021 02:02:36.693,1.18264,1.1826200000000002,0.75,0.1
06.08.2021 02:02:39.023,1.18264,1.1826100000000002,0.75,1.95
06.08.2021 02:02:47.519,1.18264,1.1826200000000002,0.75,0.1
06.08.2021 02:02:47.657,1.18264,1.1826200000000002,0.75,1.2
06.08.2021 02:02:51.201,1.18264,1.1826200000000002,0.75,0.1
06.08.2021 02:02:51.303,1.18264,1.1826100000000002,0.75,1.95
06.08.2021 02:02:51.760,1.18264,1.1826200000000002,0.75,0.1
06.08.2021 02:03:02.405,1.1826200000000002,1.18259,0.75,2.25
06.08.2021 02:03:02.507,1.1826200000000002,1.18258,0.75,4.2
06.08.2021 02:03:02.608,1.1826,1.1825700000000001,0.75,1.57
06.08.2021 02:03:06.478,1.18259,1.1825700000000001,0.75,4.2
06.08.2021 02:03:09.319,1.18259,1.18256,0.75,1.57
06.08.2021 02:03:14.107,1.18259,1.1825700000000001,0.75,0.1
06.08.2021 02:03:14.366,1.18259,1.18256,0.75,1.57
06.08.2021 02:03:14.865,1.18259,1.1825700000000001,0.75,0.1
06.08.2021 02:03:15.424,1.18258,1.18256,0.75,1.12
06.08.2021 02:03:15.526,1.18259,1.18255,0.75,0.1
06.08.2021 02:03:15.627,1.1825700000000001,1.18255,0.75,0.1
06.08.2021 02:03:19.178,1.1825700000000001,1.18254,0.75,2.32
06.08.2021 02:03:19.280,1.1825700000000001,1.18253,1.12,1.57
06.08.2021 02:03:19.381,1.18255,1.1825200000000002,0.75,0.82
06.08.2021 02:03:20.519,1.18254,1.1825100000000002,0.75,1.95
06.08.2021 02:03:21.083,1.18254,1.1825200000000002,0.75,0.82
06.08.2021 02:03:43.536,1.18255,1.1825200000000002,0.75,2.32
06.08.2021 02:03:44.247,1.18255,1.18253,0.75,0.37
06.08.2021 02:03:44.452,1.18254,1.18253,0.75,0.1
06.08.2021 02:03:48.514,1.18254,1.1825200000000002,0.75,0.1
06.08.2021 02:03:52.099,1.18254,1.1825100000000002,0.75,2.7
06.08.2021 02:03:52.867,1.18254,1.1825,0.75,2.32
06.08.2021 02:03:53.296,1.18254,1.1825100000000002,0.75,0.75
06.08.2021 02:04:04.539,1.18254,1.1825,0.75,2.7
06.08.2021 02:04:04.640,1.18254,1.1825100000000002,0.75,0.82
06.08.2021 02:04:06.636,1.1825100000000002,1.18249,0.75,1.05
06.08.2021 02:04:06.738,1.1825,1.1824700000000001,0.75,8.25
06.08.2021 02:04:06.840,1.18249,1.18246,0.75,0.1
06.08.2021 02:04:18.466,1.18249,1.1824700000000001,0.75,0.82
06.08.2021 02:04:21.211,1.18249,1.18246,0.75,1.5
06.08.2021 02:04:21.463,1.18249,1.18245,0.75,2.62
06.08.2021 02:04:21.767,1.18248,1.1824700000000001,0.75,0.75
06.08.2021 02:04:24.115,1.18248,1.18246,0.75,2.62
06.08.2021 02:04:24.296,1.18249,1.18246,0.75,0.75
06.08.2021 02:04:24.984,1.18249,1.1824700000000001,0.75,0.75
06.08.2021 02:04:25.187,1.18249,1.18246,0.75,0.75
06.08.2021 02:04:31.598,1.18249,1.18245,0.75,1.12
06.08.2021 02:04:33.960,1.1824700000000001,1.18244,0.75,1.8
