Gmt time,Ask,Bid,AskVolume,BidVolume
20.08.2021 00:00:00.062,1.1676700000000002,1.16762,0.75,1.87
20.08.2021 00:00:00.959,1.1676700000000002,1.16763,0.37,1.12
20.08.2021 00:00:01.437,1.1676900000000001,1.16764,4.57,0.37
20.08.2021 00:00:01.669,1.1676700000000002,1.16763,0.37,1.12
20.08.2021 00:00:05.029,1.1676600000000001,1.16763,0.75,1.87
20.08.2021 00:00:07.251,1.1676700000000002,1.16763,0.75,0.75
20.08.2021 00:00:10.183,1.16768,1.1676700000000002,0.45,0.75
20.08.2021 00:00:10.335,1.1677,1.1676600000000001,0.75,0.75
20.08.2021 00:00:33.801,1.1676900000000001,1.16765,0.75,2.25
20.08.2021 00:00:34.449,1.16768,1.1676700000000002,0.75,0.75
20.08.2021 00:00:39.960,1.1677,1.1676600000000001,0.75,1.5
20.08.2021 00:00:41.481,1.1676900000000001,1.16765,1.5,1.5
20.08.2021 00:00:41.834,1.1677,1.16765,1.65,2.44
20.08.2021 00:00:41.936,1.16768,1.16765,0.75,0.75
20.08.2021 00:00:42.037,1.16768,1.16764,0.75,1.76
20.08.2021 00:00:46.563,1.1676700000000002,1.16764,0.75,0.75
20.08.2021 00:00:50.107,1.1676700000000002,1.16763,0.75,1.69
20.08.2021 00:00:58.180,1.1676700000000002,1.16762,0.82,2.44
20.08.2021 00:00:59.808,1.1676600000000001,1.16762,0.75,1.5
20.08.2021 00:01:02.090,1.1676700000000002,1.16763,1.2,0.75
20.08.2021 00:01:06.936,1.1676600000000001,1.16763,0.75,0.75
20.08.2021 00:01:10.467,1.1676700000000002,1.16763,0.75,2.06
20.08.2021 00:01:10.928,1.1676600000000001,1.16765,0.75,0.75
20.08.2021 00:01:12.907,1.16768,1.16764,0.75,0.75
20.08.2021 00:01:13.316,1.1676600000000001,1.16765,0.75,0.75
20.08.2021 00:01:13.698,1.16768,1.16764,0.82,0.75
20.08.2021 00:01:13.800,1.1677,1.16765,1.27,2.25
20.08.2021 00:01:13.951,1.1677,1.1676600000000001,1.2,0.75
20.08.2021 00:01:52.082,1.16771,1.1676700000000002,0.75,0.75
20.08.2021 00:01:59.216,1.16774,1.1677,5.7,0.75
20.08.2021 00:01:59.318,1.16774,1.16771,0.45,2.44
20.08.2021 00:01:59.419,1.16775,1.16772,0.75,0.75
20.08.2021 00:02:03.935,1.1677600000000001,1.16772,1.5,1.5
20.08.2021 00:02:18.967,1.1677600000000001,1.16773,0.75,0.75
20.08.2021 00:02:22.105,1.1677700000000002,1.16773,0.75,0.94
20.08.2021 00:02:30.815,1.1678,1.1677600000000001,1.95,1.69
20.08.2021 00:02:31.321,1.1678,1.1677700000000002,0.75,0.19
20.08.2021 00:02:33.289,1.16781,1.1677700000000002,2.25,0.75
20.08.2021 00:02:36.935,1.1678,1.1677600000000001,0.75,1.87
20.08.2021 00:02:41.259,1.16781,1.1677700000000002,0.94,2.44
20.08.2021 00:02:41.361,1.16781,1.16778,0.94,0.19
20.08.2021 00:02:41.462,1.16785,1.16781,0.75,0.75
20.08.2021 00:02:51.453,1.1678600000000001,1.16782,0.75,0.75
20.08.2021 00:03:10.710,1.16788,1.1678600000000001,4.24,1.31
20.08.2021 00:03:10.812,1.16791,1.1678700000000002,9.07,0.75
20.08.2021 00:03:10.914,1.16791,1.16788,8.25,2.44
20.08.2021 00:03:11.369,1.16791,1.16789,0.75,0.75
20.08.2021 00:03:13.935,1.16791,1.16788,0.75,1.39
20.08.2021 00:03:14.254,1.16791,1.1679000000000002,0.75,0.75
20.08.2021 00:03:19.575,1.16794,1.16791,4.24,0.94
20.08.2021 00:03:19.676,1.16795,1.16793,0.45,0.75
20.08.2021 00:03:19.727,1.1679700000000002,1.16794,9,0.75
20.08.2021 00:03:19.829,1.16798,1.16794,4.57,0.75
20.08.2021 00:03:20.166,1.16798,1.16795,3,0.75
20.08.2021 00:03:20.419,1.1680000000000001,1.16796,5.06,0.75
20.08.2021 00:03:20.722,1.16801,1.1679700000000002,0.75,0.75
20.08.2021 00:03:28.268,1.16799,1.16795,1.12,1.91
20.08.2021 00:03:29.900,1.1679700000000002,1.16794,0.75,0.75
20.08.2021 00:03:30.103,1.1679700000000002,1.16793,0.75,1.5
20.08.2021 00:03:30.204,1.16795,1.16791,1.5,1.69
20.08.2021 00:03:32.090,1.16795,1.16792,1.5,3
20.08.2021 00:03:32.142,1.16798,1.16795,1.2,0.94
20.08.2021 00:03:32.294,1.16799,1.16795,0.82,0.75
20.08.2021 00:03:34.641,1.1679700000000002,1.16793,0.82,0.75
20.08.2021 00:03:34.742,1.16796,1.16793,0.75,0.75
20.08.2021 00:03:35.469,1.16799,1.16795,4.99,0.94
20.08.2021 00:03:35.571,1.1680000000000001,1.16796,1.2,0.75
20.08.2021 00:03:35.674,1.16799,1.16795,0.75,0.75
20.08.2021 00:03:35.776,1.16798,1.16794,0.75,3.26
20.08.2021 00:03:44.953,1.1680000000000001,1.16796,1.2,1.12
20.08.2021 00:03:45.456,1.16802,1.16798,1.95,0.75
20.08.2021 00:03:46.975,1.16801,1.16798,0.75,0.75
20.08.2021 00:03:49.679,1.16801,1.1679700000000002,0.75,0.75
20.08.2021 00:03:51.679,1.16799,1.16796,0.75,1.16
20.08.2021 00:03:51.780,1.16798,1.16796,1.76,1.95
20.08.2021 00:03:51.831,1.16796,1.16793,1.76,0.37
20.08.2021 00:03:51.933,1.16795,1.16792,0.75,0.75
20.08.2021 00:03:52.337,1.16795,1.16791,0.75,1.87
20.08.2021 00:03:54.910,1.16794,1.1679000000000002,0.75,1.95
20.08.2021 00:03:55.012,1.16792,1.1679000000000002,0.75,1.2
20.08.2021 00:03:55.113,1.16791,1.16789,0.75,2.4
20.08.2021 00:03:59.155,1.16791,1.1678700000000002,0.75,1.95
20.08.2021 00:04:00.883,1.16792,1.16788,0.75,2.14
20.08.2021 00:04:00.984,1.16793,1.16789,0.75,1.5
20.08.2021 00:04:02.368,1.16794,1.1679000000000002,0.75,2.62
20.08.2021 00:04:02.673,1.16794,1.16791,0.75,0.37
20.08.2021 00:04:03.167,1.16794,1.1679000000000002,0.75,2.77
20.08.2021 00:04:03.271,1.16793,1.1679000000000002,0.75,0.45
20.08.2021 00:04:03.372,1.16793,1.16789,0.75,1.5
20.08.2021 00:04:03.473,1.16792,1.16788,0.75,2.32
20.08.2021 00:04:05.142,1.16792,1.16789,0.75,0.75
20.08.2021 00:04:05.244,1.16792,1.16788,0.75,0.75
20.08.2021 00:04:05.446,1.16793,1.16789,0.82,1.5
20.08.2021 00:04:05.699,1.16791,1.1678700000000002,0.75,4.84
20.08.2021 00:04:18.517,1.1679000000000002,1.1678600000000001,0.94,0.75
20.08.2021 00:04:19.640,1.1679000000000002,1.1678700000000002,0.75,0.75
20.08.2021 00:04:20.025,1.1679000000000002,1.1678600000000001,0.75,3.52
20.08.2021 00:04:20.253,1.1679000000000002,1.1678700000000002,0.75,0.75
20.08.2021 00:04:22.940,1.16792,1.16789,0.75,1.5
20.08.2021 00:04:22.991,1.16793,1.16791,0.75,2.25
20.08.2021 00:04:23.755,1.16793,1.16792,0.75,0.75
20.08.2021 00:04:27.936,1.16795,1.16791,0.75,1.5
20.08.2021 00:04:45.534,1.16795,1.16792,0.75,0.45
20.08.2021 00:04:46.755,1.16795,1.16793,0.94,0.75
20.08.2021 00:04:46.907,1.16795,1.16791,0.75,1.2
20.08.2021 00:04:47.467,1.16795,1.16792,0.75,0.75
20.08.2021 00:04:55.434,1.16795,1.16791,0.75,2.7
20.08.2021 00:04:57.097,1.16794,1.16793,0.75,0.75
20.08.2021 00:04:59.321,1.16796,1.16793,0.75,0.37
20.08.2021 00:04:59.422,1.16796,1.16794,0.75,0.37
20.08.2021 00:04:59.524,1.1679700000000002,1.16793,0.75,1.2
20.08.2021 00:05:00.045,1.16798,1.16794,0.75,0.75
20.08.2021 00:05:00.624,1.16795,1.16793,0.75,1.76
20.08.2021 00:05:12.935,1.16795,1.16792,0.75,0.94
20.08.2021 00:05:18.960,1.16795,1.16793,0.75,0.94
20.08.2021 00:05:19.357,1.16795,1.16792,0.75,0.19
20.08.2021 00:05:19.459,1.16795,1.16791,0.75,0.94
20.08.2021 00:05:21.532,1.16794,1.16793,0.75,0.94
20.08.2021 00:05:22.125,1.16796,1.16792,0.75,2.06
20.08.2021 00:05:22.893,1.1679700000000002,1.16793,0.75,0.75
20.08.2021 00:05:31.844,1.16796,1.16792,0.75,0.75
20.08.2021 00:05:56.358,1.16796,1.16793,0.75,0.94
20.08.2021 00:06:00.979,1.1679700000000002,1.16793,0.75,0.94
20.08.2021 00:06:02.770,1.16799,1.16795,0.75,1.87
20.08.2021 00:06:02.923,1.1680000000000001,1.16796,0.82,0.75
20.08.2021 00:06:03.277,1.16801,1.1679700000000002,1.01,0.75
20.08.2021 00:06:03.430,1.1680000000000001,1.1679700000000002,0.75,0.75
20.08.2021 00:06:03.532,1.16799,1.16796,0.37,0.75
20.08.2021 00:06:03.634,1.16798,1.16795,0.75,0.75
20.08.2021 00:06:04.097,1.16799,1.16796,0.75,0.75
20.08.2021 00:06:04.200,1.1680000000000001,1.16796,0.75,1.12
20.08.2021 00:06:08.130,1.1680000000000001,1.16798,0.75,2.7
20.08.2021 00:06:18.234,1.1680000000000001,1.16796,0.75,2.4
20.08.2021 00:06:18.336,1.16798,1.16796,0.75,1.2
20.08.2021 00:06:18.387,1.16798,1.16794,0.82,0.75
20.08.2021 00:06:18.489,1.1679700000000002,1.16793,0.75,2.4
20.08.2021 00:06:21.460,1.16795,1.16791,0.75,2.59
20.08.2021 00:06:24.709,1.16795,1.16793,0.75,0.82
20.08.2021 00:06:40.560,1.16798,1.16795,0.94,1.95
20.08.2021 00:06:40.662,1.1680000000000001,1.16796,5.81,0.75
20.08.2021 00:06:41.066,1.16801,1.1679700000000002,0.82,0.75
20.08.2021 00:07:03.944,1.16802,1.16798,1.57,0.75
20.08.2021 00:07:05.900,1.16801,1.1679700000000002,0.75,2.02
20.08.2021 00:07:34.331,1.16799,1.16795,0.75,2.21
20.08.2021 00:07:38.297,1.16799,1.16796,0.75,0.1
20.08.2021 00:07:38.399,1.1680000000000001,1.1679700000000002,0.75,0.82
20.08.2021 00:07:48.028,1.16798,1.16796,0.75,1.01
20.08.2021 00:07:51.566,1.16798,1.1679700000000002,0.75,0.94
20.08.2021 00:07:51.720,1.1680000000000001,1.16796,0.75,1.01
20.08.2021 00:07:52.988,1.1680000000000001,1.1679700000000002,0.75,0.1
20.08.2021 00:07:53.153,1.16801,1.1679700000000002,0.75,2.21
20.08.2021 00:07:54.482,1.16801,1.16798,0.75,0.1
20.08.2021 00:07:57.241,1.16801,1.1679700000000002,0.75,3.34
20.08.2021 00:08:05.412,1.16802,1.16798,0.75,1.01
20.08.2021 00:08:07.011,1.16801,1.16798,0.75,0.82
20.08.2021 00:08:16.801,1.16802,1.16798,0.75,0.82
20.08.2021 00:08:25.921,1.16801,1.16798,0.75,0.1
20.08.2021 00:08:28.984,1.16801,1.1679700000000002,0.75,1.01
20.08.2021 00:08:47.127,1.16799,1.16796,0.37,0.75
20.08.2021 00:08:47.229,1.16798,1.16796,1.2,1.95
20.08.2021 00:08:47.737,1.16798,1.16795,0.1,0.75
20.08.2021 00:08:51.935,1.16798,1.16794,0.82,0.75
20.08.2021 00:08:53.061,1.16799,1.16795,1.57,0.75
20.08.2021 00:08:53.572,1.16798,1.16795,0.1,0.75
20.08.2021 00:08:57.257,1.1679700000000002,1.16795,2.7,0.75
20.08.2021 00:08:58.718,1.16798,1.16793,1.95,0.1
20.08.2021 00:09:03.718,1.16798,1.16794,1.95,0.75
20.08.2021 00:09:17.014,1.1679700000000002,1.16793,0.75,0.82
20.08.2021 00:09:20.418,1.16799,1.16795,0.75,2.32
20.08.2021 00:09:20.520,1.16799,1.1679700000000002,0.75,0.1
20.08.2021 00:09:20.571,1.16801,1.1679700000000002,0.75,0.82
20.08.2021 00:09:23.820,1.16799,1.16796,0.75,0.1
20.08.2021 00:09:23.922,1.16799,1.16795,0.75,2.96
20.08.2021 00:09:24.601,1.1680000000000001,1.16796,0.75,1.76
20.08.2021 00:09:29.175,1.16799,1.16796,0.75,2.21
20.08.2021 00:09:40.554,1.1680000000000001,1.1679700000000002,0.75,0.1
20.08.2021 00:09:50.237,1.1680000000000001,1.16796,0.75,2.14
20.08.2021 00:09:54.968,1.16799,1.16796,0.75,0.64
20.08.2021 00:09:55.637,1.16799,1.1679700000000002,0.75,0.19
20.08.2021 00:10:00.560,1.16799,1.16796,0.75,0.64
20.08.2021 00:10:00.869,1.16799,1.16795,0.75,1.01
20.08.2021 00:10:01.268,1.16798,1.16795,0.75,0.1
20.08.2021 00:10:01.369,1.16798,1.16794,1.5,0.82
20.08.2021 00:10:01.672,1.1679700000000002,1.16793,0.75,2.4
20.08.2021 00:10:16.697,1.16796,1.16792,0.75,3.15
20.08.2021 00:10:17.906,1.16794,1.16791,0.75,0.75
20.08.2021 00:10:18.008,1.16794,1.1679000000000002,0.75,4.57
20.08.2021 00:10:20.046,1.16794,1.16791,0.75,0.75
20.08.2021 00:10:24.935,1.16795,1.16791,0.75,2.7
20.08.2021 00:10:41.969,1.16796,1.16792,0.82,0.75
20.08.2021 00:10:49.590,1.16796,1.16794,0.75,0.37
20.08.2021 00:10:49.692,1.1680000000000001,1.16798,6.64,2.24
20.08.2021 00:10:49.793,1.1680000000000001,1.1679700000000002,0.45,1.39
20.08.2021 00:10:49.845,1.16802,1.16798,0.1,1.12
20.08.2021 00:10:51.647,1.16803,1.16798,1.5,1.12
20.08.2021 00:10:53.124,1.16802,1.16798,0.75,0.75
20.08.2021 00:11:00.789,1.16801,1.1679700000000002,0.75,0.94
20.08.2021 00:11:05.973,1.16798,1.16795,0.75,0.75
20.08.2021 00:11:06.075,1.16798,1.16794,1.57,9.45
20.08.2021 00:11:06.177,1.1679700000000002,1.16794,0.75,7.5
20.08.2021 00:11:06.279,1.16796,1.16794,0.75,0.94
20.08.2021 00:11:06.533,1.1679700000000002,1.16794,0.75,0.19
20.08.2021 00:11:06.635,1.1679700000000002,1.16793,0.75,1.01
20.08.2021 00:11:06.888,1.1679700000000002,1.16794,0.75,0.19
20.08.2021 00:11:07.213,1.16798,1.16794,0.75,0.94
20.08.2021 00:11:12.947,1.1679700000000002,1.16793,0.75,1.69
20.08.2021 00:11:18.384,1.16798,1.16793,0.82,1.31
20.08.2021 00:11:18.707,1.16795,1.16793,0.75,2.25
20.08.2021 00:11:21.955,1.1679700000000002,1.16793,0.75,0.75
20.08.2021 00:11:22.360,1.16798,1.16794,0.75,0.94
20.08.2021 00:11:25.198,1.1679700000000002,1.16793,0.75,0.75
20.08.2021 00:11:47.839,1.16799,1.16796,0.75,1.5
20.08.2021 00:11:47.940,1.16801,1.16799,0.45,0.19
20.08.2021 00:11:48.093,1.16801,1.1679700000000002,0.75,2.89
20.08.2021 00:11:48.369,1.16802,1.16799,0.75,0.94
20.08.2021 00:11:50.208,1.16802,1.16798,0.75,2.14
20.08.2021 00:11:54.956,1.16803,1.16799,0.82,0.75
20.08.2021 00:11:56.557,1.16802,1.16798,0.75,4.2
20.08.2021 00:11:58.562,1.16805,1.16801,2.51,0.75
20.08.2021 00:11:58.664,1.16803,1.16799,0.75,2.7
20.08.2021 00:11:58.765,1.16805,1.16801,0.82,0.75
20.08.2021 00:11:58.867,1.16804,1.1680000000000001,0.75,6.15
20.08.2021 00:12:01.005,1.16803,1.16799,0.75,2.7
20.08.2021 00:12:01.106,1.16802,1.16799,0.75,1.2
20.08.2021 00:12:01.207,1.16802,1.16798,0.75,4.27
20.08.2021 00:12:04.799,1.16801,1.1679700000000002,0.75,5.21
20.08.2021 00:12:04.981,1.16801,1.16798,0.75,0.19
20.08.2021 00:12:07.326,1.16801,1.16799,0.75,0.94
20.08.2021 00:12:12.180,1.16803,1.16799,0.82,0.75
20.08.2021 00:12:18.647,1.16802,1.16798,0.75,0.94
20.08.2021 00:12:18.850,1.16801,1.1679700000000002,0.75,0.75
20.08.2021 00:13:11.086,1.1680000000000001,1.16796,0.75,5.96
20.08.2021 00:13:15.751,1.16801,1.1679700000000002,0.75,0.75
20.08.2021 00:13:34.033,1.16802,1.16798,0.75,0.75
20.08.2021 00:14:07.586,1.16801,1.1679700000000002,0.75,4.27
20.08.2021 00:14:24.354,1.16799,1.16796,0.75,1.12
20.08.2021 00:14:26.002,1.16798,1.16795,0.75,0.75
20.08.2021 00:14:26.104,1.1679700000000002,1.16794,0.75,1.2
20.08.2021 00:14:26.205,1.16796,1.16792,0.75,0.75
20.08.2021 00:14:27.007,1.16795,1.16791,0.75,4.65
20.08.2021 00:14:32.382,1.16795,1.16792,0.75,1.95
20.08.2021 00:14:32.734,1.16796,1.16792,0.75,5.4
20.08.2021 00:14:34.562,1.16795,1.16792,0.75,0.37
20.08.2021 00:14:37.141,1.16795,1.16791,0.75,1.5
20.08.2021 00:14:37.248,1.16794,1.16791,0.75,0.75
20.08.2021 00:14:37.349,1.16794,1.1679000000000002,0.75,4.84
20.08.2021 00:14:38.525,1.16794,1.16791,0.75,1.2
20.08.2021 00:14:40.317,1.16795,1.16792,0.75,0.37
20.08.2021 00:14:46.138,1.16796,1.16792,0.75,3.52
20.08.2021 00:14:46.239,1.1679700000000002,1.16793,0.75,0.19
20.08.2021 00:14:48.724,1.16799,1.16795,1.5,2.32
20.08.2021 00:14:48.825,1.16799,1.16796,0.75,0.45
20.08.2021 00:14:48.927,1.1680000000000001,1.1679700000000002,0.75,0.1
20.08.2021 00:14:58.654,1.16801,1.1679700000000002,0.75,1.2
20.08.2021 00:15:21.617,1.16802,1.16798,1.12,0.75
20.08.2021 00:15:33.923,1.16804,1.16801,0.75,0.75
20.08.2021 00:15:34.024,1.16804,1.1680000000000001,0.75,2.7
20.08.2021 00:15:34.177,1.16803,1.16799,1.31,1.12
20.08.2021 00:15:34.279,1.16802,1.16799,0.75,0.1
20.08.2021 00:15:39.663,1.16802,1.16798,0.75,0.82
20.08.2021 00:15:44.450,1.16801,1.1679700000000002,0.75,1.57
20.08.2021 00:15:45.709,1.1680000000000001,1.1679700000000002,0.75,0.75
20.08.2021 00:15:46.697,1.16799,1.16795,0.75,2.4
20.08.2021 00:15:46.799,1.16798,1.16795,0.75,1.2
20.08.2021 00:15:46.900,1.16798,1.16794,0.75,1.57
20.08.2021 00:15:54.341,1.1679700000000002,1.16793,0.75,0.82
20.08.2021 00:16:18.947,1.16795,1.16793,0.75,2.77
20.08.2021 00:16:19.492,1.16795,1.16792,0.75,0.82
20.08.2021 00:16:26.573,1.16796,1.16793,0.75,0.75
20.08.2021 00:16:32.442,1.16794,1.1679000000000002,1.95,2.7
20.08.2021 00:16:32.543,1.16792,1.1679000000000002,0.75,1.2
20.08.2021 00:16:32.645,1.1679000000000002,1.1678700000000002,0.75,1.2
20.08.2021 00:16:32.797,1.16792,1.16788,0.75,1.57
20.08.2021 00:16:33.101,1.16793,1.16789,0.82,0.75
20.08.2021 00:16:35.731,1.16792,1.16788,0.75,0.82
20.08.2021 00:17:00.952,1.16791,1.1678700000000002,0.75,1.57
20.08.2021 00:17:36.481,1.1679000000000002,1.1678700000000002,6.45,0.75
20.08.2021 00:17:36.532,1.16789,1.1678600000000001,0.1,0.75
20.08.2021 00:17:36.634,1.16789,1.16785,0.82,1.95
20.08.2021 00:17:36.988,1.1679000000000002,1.1678600000000001,0.75,1.57
20.08.2021 00:17:37.090,1.16791,1.1678700000000002,0.75,0.82
20.08.2021 00:17:40.162,1.16792,1.16788,0.82,0.75
20.08.2021 00:17:48.255,1.16791,1.1678700000000002,0.75,1.57
20.08.2021 00:17:52.086,1.16791,1.16789,1.57,0.75
20.08.2021 00:17:58.036,1.16792,1.1679000000000002,3.26,0.75
20.08.2021 00:18:00.916,1.1679000000000002,1.16788,0.75,0.75
20.08.2021 00:18:02.990,1.1679000000000002,1.1678700000000002,0.75,0.75
20.08.2021 00:18:07.214,1.1679000000000002,1.16788,1.01,0.75
20.08.2021 00:18:07.315,1.16792,1.16788,0.1,0.75
20.08.2021 00:18:07.417,1.16794,1.1679000000000002,1.57,0.75
20.08.2021 00:18:07.720,1.16793,1.1679000000000002,0.45,0.75
20.08.2021 00:18:07.822,1.16792,1.16789,0.1,0.75
20.08.2021 00:18:11.300,1.16791,1.16789,0.1,0.75
20.08.2021 00:18:12.912,1.16792,1.16789,0.1,0.75
20.08.2021 00:18:24.365,1.16792,1.1679000000000002,0.1,0.75
20.08.2021 00:18:32.365,1.16793,1.1679000000000002,1.39,0.75
20.08.2021 00:18:36.708,1.16794,1.1679000000000002,0.75,0.82
20.08.2021 00:18:36.809,1.16795,1.16791,0.82,0.75
20.08.2021 00:18:39.935,1.16795,1.16792,0.1,0.75
20.08.2021 00:18:46.335,1.16794,1.16791,0.64,0.75
20.08.2021 00:18:46.537,1.16793,1.16791,0.1,0.75
20.08.2021 00:18:48.013,1.16793,1.1679000000000002,0.1,0.75
20.08.2021 00:19:06.444,1.16793,1.16789,1.2,0.75
20.08.2021 00:19:10.991,1.16794,1.16792,0.75,4.39
20.08.2021 00:19:11.042,1.1679700000000002,1.16794,6.19,0.75
20.08.2021 00:19:23.023,1.1679700000000002,1.16793,0.82,0.75
20.08.2021 00:19:25.359,1.1679700000000002,1.16794,0.1,0.75
20.08.2021 00:19:55.764,1.16798,1.16795,0.75,0.75
20.08.2021 00:19:55.966,1.16799,1.16796,0.75,0.75
20.08.2021 00:19:56.067,1.16801,1.1679700000000002,0.75,0.94
20.08.2021 00:19:56.169,1.16802,1.16798,0.82,0.75
20.08.2021 00:19:57.390,1.16803,1.16799,1.2,0.75
20.08.2021 00:20:01.782,1.16801,1.16799,0.22,0.75
20.08.2021 00:20:18.645,1.16803,1.16799,0.82,0.75
20.08.2021 00:20:34.457,1.16802,1.16799,0.75,0.75
20.08.2021 00:20:34.559,1.16801,1.16798,0.75,0.75
20.08.2021 00:20:34.660,1.16801,1.1679700000000002,0.82,1.95
20.08.2021 00:20:34.762,1.1680000000000001,1.1679700000000002,0.75,0.75
20.08.2021 00:20:35.216,1.1680000000000001,1.16796,0.75,3.45
20.08.2021 00:20:38.345,1.1680000000000001,1.16798,0.75,0.75
20.08.2021 00:20:38.447,1.16801,1.16798,0.75,0.75
20.08.2021 00:20:40.688,1.16802,1.16798,0.82,0.75
20.08.2021 00:20:58.262,1.16802,1.16799,0.75,0.75
20.08.2021 00:21:00.747,1.16799,1.1679700000000002,1.12,1.2
20.08.2021 00:21:00.899,1.1679700000000002,1.16795,0.75,7.5
20.08.2021 00:21:01.001,1.16796,1.16793,0.75,0.64
20.08.2021 00:21:01.102,1.16796,1.16792,0.75,4.39
20.08.2021 00:21:01.468,1.1679700000000002,1.16793,0.75,1.2
20.08.2021 00:21:21.760,1.1679700000000002,1.16794,0.75,0.75
20.08.2021 00:21:27.073,1.16796,1.16794,0.75,1.95
20.08.2021 00:22:01.250,1.1679700000000002,1.16794,0.1,0.75
20.08.2021 00:22:07.326,1.16798,1.16794,0.82,1.5
20.08.2021 00:22:07.377,1.1680000000000001,1.16796,4.99,1.5
20.08.2021 00:22:07.478,1.1680000000000001,1.1679700000000002,0.75,0.75
20.08.2021 00:22:07.529,1.16802,1.16798,3.26,0.75
20.08.2021 00:22:11.129,1.16799,1.1679700000000002,0.75,3.45
20.08.2021 00:22:11.230,1.16799,1.16796,0.75,2.7
20.08.2021 00:22:15.973,1.16798,1.16796,0.75,3.82
20.08.2021 00:22:17.152,1.1680000000000001,1.1679700000000002,0.75,0.75
20.08.2021 00:22:17.254,1.16801,1.1679700000000002,0.82,1.5
20.08.2021 00:22:17.356,1.16801,1.16798,0.75,0.75
20.08.2021 00:22:17.861,1.16799,1.16796,1.12,1.2
20.08.2021 00:22:18.064,1.16798,1.16795,0.75,0.75
20.08.2021 00:22:22.849,1.16798,1.16794,1.76,0.75
20.08.2021 00:22:22.950,1.1679700000000002,1.16793,0.75,2.32
20.08.2021 00:22:23.052,1.16796,1.16793,0.75,1.5
20.08.2021 00:22:26.395,1.1679700000000002,1.16793,0.94,0.75
20.08.2021 00:22:26.939,1.16796,1.16792,0.75,1.87
20.08.2021 00:22:27.385,1.16796,1.16793,0.75,1.5
20.08.2021 00:22:40.100,1.1679700000000002,1.16793,1.01,1.5
20.08.2021 00:22:41.341,1.16798,1.16794,0.82,1.5
20.08.2021 00:22:41.708,1.16799,1.16795,1.2,0.75
20.08.2021 00:22:44.355,1.16799,1.16798,0.75,1.5
20.08.2021 00:22:44.457,1.16801,1.1679700000000002,0.75,1.5
20.08.2021 00:22:45.975,1.16802,1.16798,0.82,0.75
20.08.2021 00:22:46.076,1.16802,1.16799,0.82,0.75
20.08.2021 00:22:56.766,1.16802,1.1680000000000001,0.82,0.75
20.08.2021 00:23:17.022,1.16803,1.16798,0.26,0.75
20.08.2021 00:23:18.935,1.16803,1.16799,0.82,0.75
20.08.2021 00:23:36.892,1.16803,1.1680000000000001,0.75,1.5
20.08.2021 00:23:36.997,1.16804,1.16803,0.75,1.5
20.08.2021 00:23:37.099,1.1680700000000002,1.16803,3.26,0.75
20.08.2021 00:23:49.274,1.1680700000000002,1.16804,2.14,0.75
20.08.2021 00:23:51.814,1.1680700000000002,1.16803,2.14,0.75
20.08.2021 00:24:02.528,1.1680700000000002,1.16804,2.51,0.75
20.08.2021 00:24:04.908,1.16808,1.16805,0.26,0.75
20.08.2021 00:24:05.010,1.16809,1.16805,2.51,0.75
20.08.2021 00:24:05.212,1.1681000000000001,1.1680700000000002,1.2,0.75
20.08.2021 00:24:05.314,1.16809,1.1680700000000002,0.37,0.75
20.08.2021 00:24:09.846,1.16809,1.16806,1.39,0.75
20.08.2021 00:24:09.947,1.16808,1.16806,0.82,0.75
20.08.2021 00:24:10.150,1.16808,1.16805,0.1,0.75
20.08.2021 00:24:10.252,1.16809,1.16806,2.89,0.75
20.08.2021 00:24:15.561,1.1681000000000001,1.16806,2.14,0.75
20.08.2021 00:24:15.713,1.16811,1.1680700000000002,1.76,1.5
20.08.2021 00:24:21.810,1.16814,1.1681000000000001,3.07,0.75
20.08.2021 00:24:21.911,1.16813,1.1681000000000001,0.1,0.75
20.08.2021 00:24:21.962,1.16816,1.16812,0.94,1.5
20.08.2021 00:24:22.063,1.1681700000000002,1.16813,1.2,0.75
20.08.2021 00:24:22.178,1.16818,1.16814,2.14,0.75
20.08.2021 00:24:22.330,1.1682000000000001,1.16816,3.45,0.75
20.08.2021 00:24:22.431,1.16819,1.16816,0.45,0.75
20.08.2021 00:24:22.532,1.1682000000000001,1.16816,1.95,1.69
20.08.2021 00:24:22.634,1.1682000000000001,1.16819,0.82,0.75
20.08.2021 00:24:22.736,1.16822,1.16818,0.82,0.75
20.08.2021 00:24:22.837,1.16824,1.1682000000000001,1.57,0.75
20.08.2021 00:24:23.090,1.1682299999999999,1.1682000000000001,0.1,0.75
20.08.2021 00:24:27.738,1.16822,1.16819,0.75,0.75
20.08.2021 00:24:31.090,1.16822,1.1682100000000002,0.1,0.75
20.08.2021 00:24:38.569,1.1682299999999999,1.16818,0.1,0.75
20.08.2021 00:24:39.958,1.1682299999999999,1.1682000000000001,0.1,0.75
20.08.2021 00:24:41.344,1.16824,1.1682100000000002,0.45,0.75
20.08.2021 00:24:41.546,1.16825,1.1682100000000002,1.2,0.75
20.08.2021 00:24:41.648,1.16824,1.1682100000000002,1.01,0.75
20.08.2021 00:24:41.901,1.1682299999999999,1.1682000000000001,0.1,0.75
20.08.2021 00:24:47.187,1.16824,1.1682100000000002,1.57,0.75
20.08.2021 00:24:47.389,1.16824,1.1682000000000001,1.95,0.75
20.08.2021 00:24:47.886,1.1682299999999999,1.1682000000000001,0.1,0.75
20.08.2021 00:24:50.062,1.16824,1.1682100000000002,1.57,0.75
20.08.2021 00:24:50.518,1.1682299999999999,1.1682100000000002,0.1,0.75
20.08.2021 00:24:52.960,1.16824,1.1682100000000002,2.32,0.75
20.08.2021 00:24:54.512,1.1682299999999999,1.1682100000000002,0.1,0.75
20.08.2021 00:24:56.090,1.16824,1.1682100000000002,3,0.75
20.08.2021 00:24:59.195,1.1682299999999999,1.1682100000000002,0.1,0.75
20.08.2021 00:24:59.524,1.1682299999999999,1.16818,0.1,2.32
20.08.2021 00:25:00.482,1.1682299999999999,1.1682100000000002,0.1,0.75
20.08.2021 00:25:01.082,1.1682299999999999,1.1682000000000001,0.1,0.75
20.08.2021 00:25:15.497,1.1682299999999999,1.16818,0.1,1.27
20.08.2021 00:25:18.935,1.1682299999999999,1.1682000000000001,0.82,0.75
20.08.2021 00:25:20.370,1.16822,1.16819,0.75,0.75
20.08.2021 00:25:23.919,1.1682299999999999,1.16819,0.75,0.82
20.08.2021 00:25:25.609,1.1682299999999999,1.1682000000000001,0.75,0.75
20.08.2021 00:25:27.197,1.16822,1.16818,0.94,1.65
20.08.2021 00:25:27.299,1.1682100000000002,1.16818,0.75,0.45
20.08.2021 00:25:27.400,1.16819,1.16816,1.12,7.5
20.08.2021 00:25:27.451,1.16818,1.16814,0.75,2.77
20.08.2021 00:25:27.553,1.1681700000000002,1.16814,0.75,1.2
20.08.2021 00:25:27.654,1.1681700000000002,1.16813,0.82,0.75
20.08.2021 00:25:28.072,1.1681700000000002,1.16814,0.75,0.75
20.08.2021 00:25:32.349,1.16818,1.16816,1.2,0.75
20.08.2021 00:25:32.501,1.16818,1.16815,0.75,0.75
20.08.2021 00:25:38.467,1.16818,1.1681700000000002,0.1,0.75
20.08.2021 00:25:39.371,1.1682000000000001,1.16818,1.57,0.75
20.08.2021 00:25:41.829,1.16819,1.16818,0.1,0.75
20.08.2021 00:25:47.216,1.16818,1.16815,0.1,0.75
20.08.2021 00:25:47.419,1.1681700000000002,1.16813,0.82,1.91
20.08.2021 00:25:47.470,1.1681700000000002,1.16816,0.45,0.75
20.08.2021 00:26:03.537,1.16819,1.16815,2.14,0.75
20.08.2021 00:26:05.590,1.16816,1.16813,1.69,0.82
20.08.2021 00:26:05.743,1.1681700000000002,1.16813,2.14,0.75
20.08.2021 00:26:10.491,1.16815,1.16812,0.94,0.1
20.08.2021 00:26:10.593,1.16813,1.16811,1.01,1.2
20.08.2021 00:26:10.644,1.16812,1.16809,0.75,8.25
20.08.2021 00:26:10.898,1.16812,1.16808,0.94,0.82
20.08.2021 00:26:51.887,1.16815,1.16812,5.74,0.75
20.08.2021 00:26:51.988,1.16816,1.16812,0.82,0.75
20.08.2021 00:26:54.495,1.1681700000000002,1.16813,3.26,0.75
20.08.2021 00:27:02.106,1.16816,1.16813,0.75,0.75
20.08.2021 00:27:07.582,1.16815,1.16811,1.01,1.5
20.08.2021 00:27:07.734,1.16814,1.16811,0.19,0.75
20.08.2021 00:27:08.040,1.16815,1.16811,1.01,0.75
20.08.2021 00:27:08.383,1.16814,1.16811,0.19,0.75
20.08.2021 00:27:08.615,1.16814,1.1681000000000001,0.75,1.5
20.08.2021 00:27:14.277,1.16813,1.16809,0.75,1.5
20.08.2021 00:27:14.379,1.16812,1.16808,0.75,3.86
20.08.2021 00:27:18.555,1.1681000000000001,1.16809,0.75,0.75
20.08.2021 00:27:21.939,1.16811,1.1680700000000002,0.75,1.91
20.08.2021 00:27:26.209,1.16809,1.1680700000000002,1.01,0.75
20.08.2021 00:27:26.478,1.16809,1.16806,0.19,0.75
20.08.2021 00:27:26.580,1.1681000000000001,1.16806,1.01,0.75
20.08.2021 00:27:26.776,1.16809,1.16808,0.75,0.75
20.08.2021 00:27:34.643,1.16809,1.1680700000000002,0.75,1.5
20.08.2021 00:27:34.802,1.16808,1.16804,0.82,1.5
20.08.2021 00:27:34.954,1.1680700000000002,1.16803,0.75,1.95
20.08.2021 00:27:43.405,1.16806,1.16803,0.75,0.75
20.08.2021 00:27:49.430,1.16806,1.16802,1.01,0.75
20.08.2021 00:27:49.531,1.16805,1.16801,0.75,2.7
20.08.2021 00:27:59.149,1.1680700000000002,1.16803,0.94,0.75
20.08.2021 00:28:00.064,1.16805,1.16804,0.75,0.75
20.08.2021 00:28:02.577,1.16806,1.16802,0.75,1.12
20.08.2021 00:28:38.090,1.16804,1.1680000000000001,1.01,0.75
20.08.2021 00:28:39.029,1.16804,1.16801,0.19,0.75
20.08.2021 00:28:39.130,1.16805,1.16801,0.94,0.75
20.08.2021 00:28:41.976,1.16805,1.16802,0.75,0.19
20.08.2021 00:28:45.659,1.16805,1.16803,0.75,0.19
20.08.2021 00:28:46.395,1.16805,1.16804,0.75,0.19
20.08.2021 00:28:53.629,1.16806,1.16802,0.75,0.94
20.08.2021 00:28:53.730,1.16805,1.16801,0.82,2.14
20.08.2021 00:28:53.954,1.16805,1.16802,0.75,0.19
20.08.2021 00:28:57.069,1.16805,1.16803,0.75,0.19
20.08.2021 00:28:58.045,1.16805,1.16802,0.75,0.19
20.08.2021 00:29:00.938,1.16806,1.16802,0.75,0.94
20.08.2021 00:29:02.237,1.16806,1.16803,0.75,0.94
20.08.2021 00:29:04.878,1.1680700000000002,1.16804,0.75,0.19
20.08.2021 00:29:05.366,1.1680700000000002,1.16803,0.75,0.94
20.08.2021 00:29:14.016,1.1680700000000002,1.16804,0.75,0.19
20.08.2021 00:29:18.170,1.16808,1.16805,0.75,0.94
20.08.2021 00:29:18.271,1.16809,1.16805,0.82,0.94
20.08.2021 00:29:18.373,1.16809,1.1680700000000002,0.82,0.75
20.08.2021 00:29:39.159,1.16809,1.16805,2.7,0.94
20.08.2021 00:29:39.311,1.16808,1.16804,0.75,1.69
20.08.2021 00:29:39.463,1.16808,1.16805,0.75,1.31
20.08.2021 00:29:39.564,1.16809,1.16805,0.75,3.56
20.08.2021 00:29:39.666,1.1681000000000001,1.16806,1.2,0.75
20.08.2021 00:29:45.909,1.16812,1.16809,0.75,0.75
20.08.2021 00:29:46.010,1.16813,1.16809,0.82,1.69
20.08.2021 00:29:46.111,1.16812,1.16809,0.75,1.69
20.08.2021 00:29:53.498,1.16813,1.1681000000000001,0.75,0.75
20.08.2021 00:29:54.027,1.16814,1.1681000000000001,0.82,0.75
20.08.2021 00:29:59.408,1.16815,1.16811,0.82,0.94
20.08.2021 00:30:00.223,1.16814,1.16811,0.75,0.94
20.08.2021 00:30:01.103,1.16812,1.16811,0.75,0.94
20.08.2021 00:30:01.205,1.16812,1.16809,0.75,2.14
20.08.2021 00:30:01.549,1.16812,1.16808,0.82,0.94
20.08.2021 00:30:02.361,1.16811,1.16808,0.75,0.75
20.08.2021 00:30:03.629,1.16811,1.1680700000000002,0.75,0.94
20.08.2021 00:30:04.501,1.16811,1.16808,0.75,0.19
20.08.2021 00:30:04.968,1.16811,1.1680700000000002,0.75,1.69
20.08.2021 00:30:12.124,1.16808,1.16805,0.75,1.2
20.08.2021 00:30:12.225,1.1680700000000002,1.16805,0.75,1.2
20.08.2021 00:30:12.326,1.16808,1.16805,0.75,0.19
20.08.2021 00:30:13.884,1.1681000000000001,1.16806,1.12,0.94
20.08.2021 00:30:14.036,1.1681000000000001,1.1680700000000002,0.75,0.19
20.08.2021 00:30:14.239,1.1681000000000001,1.16808,0.75,0.19
20.08.2021 00:30:15.133,1.1681000000000001,1.1680700000000002,0.75,0.94
20.08.2021 00:30:16.526,1.1681000000000001,1.16808,0.75,0.19
20.08.2021 00:30:16.627,1.1681000000000001,1.1680700000000002,0.75,0.94
20.08.2021 00:30:24.572,1.1681000000000001,1.16809,0.75,0.19
20.08.2021 00:30:36.065,1.16811,1.16808,0.75,0.94
20.08.2021 00:30:36.755,1.16813,1.16809,1.57,0.94
20.08.2021 00:30:37.815,1.16812,1.16809,0.75,0.94
20.08.2021 00:30:42.564,1.16812,1.16808,0.82,2.44
20.08.2021 00:30:42.666,1.16811,1.16808,0.75,0.94
20.08.2021 00:30:49.046,1.16814,1.1681000000000001,0.75,3.94
20.08.2021 00:30:49.147,1.16815,1.16811,0.75,1.69
20.08.2021 00:30:52.703,1.16814,1.1681000000000001,0.75,3.64
20.08.2021 00:31:02.125,1.16814,1.16811,0.75,1.69
20.08.2021 00:31:02.226,1.16815,1.16811,0.75,1.69
20.08.2021 00:31:06.177,1.16814,1.16811,0.75,0.75
20.08.2021 00:31:06.278,1.16814,1.1681000000000001,0.75,3.26
20.08.2021 00:31:09.353,1.16814,1.16811,0.75,0.94
20.08.2021 00:31:09.454,1.16815,1.16811,0.75,1.5
20.08.2021 00:31:15.988,1.16815,1.16812,0.75,0.75
20.08.2021 00:31:17.452,1.1681700000000002,1.16813,1.2,0.75
20.08.2021 00:31:22.467,1.1681700000000002,1.16814,0.1,0.75
20.08.2021 00:31:22.872,1.1681700000000002,1.16813,1.57,0.75
20.08.2021 00:31:28.955,1.16816,1.16813,1.57,0.75
20.08.2021 00:31:29.058,1.16815,1.16812,0.75,0.75
20.08.2021 00:31:33.689,1.16815,1.16813,0.45,0.75
20.08.2021 00:31:34.497,1.16815,1.16813,0.45,0.75
20.08.2021 00:31:34.598,1.1681700000000002,1.16813,3.52,0.75
20.08.2021 00:31:34.851,1.1681700000000002,1.16814,0.45,0.75
20.08.2021 00:31:36.980,1.1681700000000002,1.16815,0.1,0.75
20.08.2021 00:31:38.819,1.16818,1.16815,1.2,0.75
20.08.2021 00:31:39.021,1.1682000000000001,1.1681700000000002,0.52,0.75
20.08.2021 00:31:39.122,1.1682000000000001,1.16818,0.1,0.75
20.08.2021 00:31:39.223,1.1682100000000002,1.16819,0.82,0.75
20.08.2021 00:31:41.230,1.16822,1.16819,1.87,0.75
20.08.2021 00:31:41.762,1.1682100000000002,1.16819,0.82,0.75
20.08.2021 00:31:44.115,1.16822,1.16819,1.2,0.75
20.08.2021 00:31:54.934,1.16822,1.1682000000000001,0.37,0.75
20.08.2021 00:31:57.066,1.1682299999999999,1.1682000000000001,1.95,0.75
20.08.2021 00:31:59.637,1.1682100000000002,1.1682000000000001,0.82,0.75
20.08.2021 00:32:00.935,1.16822,1.16819,0.82,0.75
20.08.2021 00:32:01.236,1.1682299999999999,1.16819,3.9,0.75
20.08.2021 00:32:05.380,1.1682299999999999,1.1682000000000001,0.37,0.75
20.08.2021 00:32:07.900,1.16826,1.1682299999999999,8.89,0.75
20.08.2021 00:32:08.001,1.16825,1.1682299999999999,0.37,0.75
20.08.2021 00:32:08.103,1.1682700000000001,1.1682299999999999,4.57,0.75
20.08.2021 00:32:08.204,1.1682700000000001,1.16824,2.32,0.75
20.08.2021 00:32:19.388,1.16826,1.16824,2.4,0.75
20.08.2021 00:32:35.936,1.1682700000000001,1.16824,0.75,0.75
20.08.2021 00:32:44.754,1.16829,1.16826,0.75,1.12
20.08.2021 00:32:48.478,1.16828,1.16825,0.75,0.75
20.08.2021 00:32:48.731,1.16829,1.16825,1.87,0.75
20.08.2021 00:32:48.984,1.16828,1.16825,0.75,0.75
20.08.2021 00:32:49.086,1.16829,1.16825,1.87,1.12
20.08.2021 00:32:49.581,1.1682700000000001,1.16826,0.75,1.12
20.08.2021 00:32:57.329,1.1682700000000001,1.16824,0.75,0.75
20.08.2021 00:33:09.144,1.16828,1.16824,0.75,0.75
20.08.2021 00:33:10.190,1.1682700000000001,1.1682299999999999,0.75,1.2
20.08.2021 00:33:33.360,1.16826,1.1682299999999999,0.75,1.12
20.08.2021 00:33:35.228,1.16826,1.16822,0.75,1.12
20.08.2021 00:33:35.330,1.16825,1.16822,0.75,0.37
20.08.2021 00:33:35.431,1.16826,1.16822,0.75,1.12
20.08.2021 00:33:39.985,1.1682299999999999,1.1682100000000002,0.75,7.39
20.08.2021 00:33:40.086,1.16825,1.16822,1.5,1.12
20.08.2021 00:33:40.188,1.16824,1.1682100000000002,0.75,0.75
20.08.2021 00:33:40.795,1.16822,1.1682100000000002,0.75,0.75
20.08.2021 00:33:40.896,1.1682299999999999,1.16819,1.12,0.94
20.08.2021 00:33:40.997,1.16822,1.16819,0.75,0.75
20.08.2021 00:33:42.809,1.1682299999999999,1.1682000000000001,0.75,0.75
20.08.2021 00:33:51.564,1.16824,1.1682000000000001,3.07,0.75
20.08.2021 00:33:51.665,1.16824,1.1682100000000002,1.5,0.75
20.08.2021 00:33:51.767,1.16825,1.1682100000000002,2.32,0.75
20.08.2021 00:33:51.868,1.16825,1.16822,2.25,0.75
20.08.2021 00:33:52.070,1.16826,1.1682299999999999,1.5,0.75
20.08.2021 00:33:52.222,1.1682700000000001,1.16824,2.7,0.75
20.08.2021 00:34:00.269,1.16824,1.1682100000000002,0.75,1.39
20.08.2021 00:34:00.625,1.16825,1.16822,2.62,0.75
20.08.2021 00:34:02.825,1.16825,1.1682100000000002,2.25,0.75
20.08.2021 00:34:04.199,1.1682299999999999,1.1682000000000001,1.87,0.75
20.08.2021 00:34:13.973,1.16822,1.16819,0.75,0.75
20.08.2021 00:34:22.150,1.16822,1.16818,0.82,1.12
20.08.2021 00:34:27.980,1.16822,1.16819,0.82,0.75
20.08.2021 00:34:36.935,1.1682100000000002,1.16818,0.75,0.75
20.08.2021 00:34:37.333,1.1682000000000001,1.1681700000000002,0.82,0.75
20.08.2021 00:34:37.434,1.16819,1.16816,0.75,0.75
20.08.2021 00:34:53.798,1.1681700000000002,1.16814,0.75,1.16
20.08.2021 00:34:53.899,1.1681700000000002,1.16813,0.82,0.75
20.08.2021 00:34:54.309,1.1681700000000002,1.16814,0.82,0.75
20.08.2021 00:35:02.884,1.1681700000000002,1.16815,0.1,0.75
20.08.2021 00:35:06.433,1.16818,1.16815,0.82,0.75
20.08.2021 00:35:29.106,1.1682000000000001,1.16816,1.57,1.12
20.08.2021 00:35:29.207,1.1682100000000002,1.16818,0.82,0.37
20.08.2021 00:35:35.002,1.16822,1.16819,0.82,0.75
20.08.2021 00:35:44.078,1.1682000000000001,1.1681700000000002,0.1,1.12
20.08.2021 00:35:46.433,1.1682100000000002,1.16818,0.1,1.12
20.08.2021 00:35:51.170,1.16822,1.16818,0.82,1.12
20.08.2021 00:35:51.386,1.16822,1.16819,0.82,0.75
20.08.2021 00:36:19.787,1.16822,1.16818,0.75,1.2
20.08.2021 00:36:20.305,1.1682299999999999,1.16819,0.82,1.12
20.08.2021 00:36:24.754,1.16822,1.16818,0.75,1.2
20.08.2021 00:36:29.292,1.16822,1.16819,0.82,0.75
20.08.2021 00:36:48.967,1.1682299999999999,1.16819,0.82,0.75
20.08.2021 00:37:02.296,1.1682299999999999,1.1682000000000001,0.1,0.75
20.08.2021 00:37:04.216,1.1682299999999999,1.16819,0.82,1.12
20.08.2021 00:37:09.934,1.16822,1.16818,0.75,1.39
20.08.2021 00:37:13.523,1.16822,1.16819,0.75,0.37
20.08.2021 00:37:13.625,1.1682299999999999,1.1682000000000001,0.75,0.37
20.08.2021 00:37:13.676,1.16825,1.1682100000000002,0.82,1.12
20.08.2021 00:37:18.936,1.16825,1.16822,0.75,0.75
20.08.2021 00:37:19.830,1.16824,1.1682100000000002,0.45,0.75
20.08.2021 00:37:19.932,1.16824,1.1682000000000001,1.57,1.95
20.08.2021 00:37:30.134,1.1682299999999999,1.1682000000000001,0.1,0.75
20.08.2021 00:38:11.999,1.1682299999999999,1.1682100000000002,0.82,1.12
20.08.2021 00:38:24.570,1.1682299999999999,1.1682000000000001,0.37,0.75
20.08.2021 00:38:40.572,1.1682299999999999,1.16819,1.2,0.75
20.08.2021 00:38:45.558,1.16825,1.1682100000000002,1.57,0.75
20.08.2021 00:38:46.117,1.16825,1.16822,0.75,0.75
20.08.2021 00:39:18.585,1.16825,1.1682100000000002,0.75,1.76
20.08.2021 00:39:20.504,1.16824,1.1682100000000002,0.75,0.75
20.08.2021 00:39:21.548,1.16824,1.1682000000000001,0.82,0.94
20.08.2021 00:39:28.626,1.16822,1.16819,0.75,0.75
20.08.2021 00:39:28.778,1.16822,1.16818,0.75,3.71
20.08.2021 00:39:30.788,1.1682100000000002,1.1681700000000002,0.75,3.26
20.08.2021 00:39:35.333,1.1682000000000001,1.16818,0.75,2.51
20.08.2021 00:39:35.697,1.1682100000000002,1.1681700000000002,0.75,1.76
20.08.2021 00:39:54.580,1.1682100000000002,1.16819,0.82,0.75
20.08.2021 00:40:00.208,1.1682299999999999,1.16822,0.75,0.75
20.08.2021 00:40:00.310,1.16825,1.1682100000000002,0.82,0.75
20.08.2021 00:40:00.462,1.16824,1.1682100000000002,0.75,0.75
20.08.2021 00:40:06.226,1.1682299999999999,1.1682000000000001,0.75,0.94
20.08.2021 00:40:06.378,1.16824,1.1682000000000001,0.82,0.75
20.08.2021 00:40:15.483,1.1682299999999999,1.1682000000000001,0.75,0.75
20.08.2021 00:40:21.439,1.16824,1.1682000000000001,0.82,0.75
20.08.2021 00:40:23.884,1.1682299999999999,1.16819,0.75,1.76
20.08.2021 00:40:40.445,1.16824,1.1682000000000001,1.87,0.75
20.08.2021 00:40:41.810,1.1682299999999999,1.1682000000000001,0.75,1.01
20.08.2021 00:40:41.912,1.16824,1.1682100000000002,0.75,0.75
20.08.2021 00:40:58.701,1.1682299999999999,1.1682000000000001,0.75,0.94
20.08.2021 00:41:04.032,1.1682299999999999,1.16819,0.75,2.96
20.08.2021 00:41:04.184,1.16822,1.1682100000000002,0.75,0.19
20.08.2021 00:41:05.624,1.16824,1.1682100000000002,0.75,0.75
20.08.2021 00:41:23.797,1.16825,1.16822,0.75,0.75
20.08.2021 00:41:45.887,1.1682299999999999,1.1682000000000001,0.75,1.57
20.08.2021 00:42:02.212,1.16822,1.16819,0.75,0.75
20.08.2021 00:42:04.788,1.16822,1.1682100000000002,0.75,0.75
20.08.2021 00:42:08.258,1.16822,1.16819,0.75,0.82
20.08.2021 00:42:25.948,1.1682299999999999,1.1682000000000001,0.75,0.75
20.08.2021 00:42:26.202,1.16824,1.1682100000000002,0.82,0.75
20.08.2021 00:42:26.304,1.16824,1.1682000000000001,1.2,1.5
20.08.2021 00:42:26.405,1.16822,1.1682100000000002,0.75,0.75
20.08.2021 00:42:33.891,1.16824,1.1682100000000002,1.2,0.75
20.08.2021 00:42:58.547,1.16824,1.1682000000000001,1.57,0.75
20.08.2021 00:43:25.362,1.16826,1.16822,0.82,0.75
20.08.2021 00:43:25.717,1.16826,1.1682299999999999,0.1,0.75
20.08.2021 00:43:26.679,1.1682700000000001,1.1682299999999999,0.82,0.75
20.08.2021 00:43:30.440,1.16824,1.16822,0.37,0.75
20.08.2021 00:43:30.542,1.16824,1.1682100000000002,0.37,0.75
20.08.2021 00:43:38.517,1.1682299999999999,1.1682100000000002,0.82,0.75
20.08.2021 00:43:38.989,1.16825,1.16822,0.75,0.75
20.08.2021 00:43:39.091,1.16825,1.1682299999999999,1.95,0.75
20.08.2021 00:43:39.192,1.16826,1.1682299999999999,0.37,0.75
20.08.2021 00:43:39.650,1.1682700000000001,1.1682299999999999,1.95,0.75
20.08.2021 00:43:44.764,1.1682700000000001,1.16824,1.2,0.75
20.08.2021 00:44:25.340,1.1682700000000001,1.1682299999999999,1.2,0.75
20.08.2021 00:44:32.523,1.16828,1.16824,1.57,0.75
20.08.2021 00:45:16.200,1.1682700000000001,1.16825,0.45,0.94
20.08.2021 00:45:22.048,1.16829,1.16825,2.32,0.75
20.08.2021 00:45:22.150,1.16829,1.16824,2.32,0.75
20.08.2021 00:45:22.253,1.16829,1.16825,3.07,0.75
20.08.2021 00:45:22.365,1.16829,1.16824,3.07,0.75
20.08.2021 00:45:22.770,1.16829,1.16825,3.07,0.75
20.08.2021 00:45:22.885,1.16828,1.16825,3.07,0.75
20.08.2021 00:45:25.022,1.16829,1.16825,3.07,0.75
20.08.2021 00:45:28.628,1.16829,1.16824,3.07,0.75
20.08.2021 00:45:28.740,1.16828,1.16824,0.1,0.75
20.08.2021 00:45:32.410,1.16829,1.16824,2.32,0.94
20.08.2021 00:45:32.512,1.16829,1.16825,2.32,0.75
20.08.2021 00:45:33.904,1.16829,1.16824,2.7,0.94
20.08.2021 00:45:34.005,1.16829,1.16825,2.7,0.75
20.08.2021 00:45:34.107,1.16829,1.16824,2.32,0.75
20.08.2021 00:45:34.208,1.16828,1.16824,0.1,0.75
20.08.2021 00:45:39.447,1.16829,1.16825,2.32,0.75
20.08.2021 00:45:44.398,1.1683000000000001,1.16826,1.5,0.94
20.08.2021 00:45:48.934,1.1683000000000001,1.16828,2.32,0.75
20.08.2021 00:45:49.874,1.16829,1.1682700000000001,0.45,0.75
20.08.2021 00:45:49.975,1.16829,1.16825,1.2,0.75
20.08.2021 00:46:09.589,1.1683000000000001,1.16826,1.57,0.75
20.08.2021 00:46:17.529,1.1683100000000002,1.16826,1.95,1.69
20.08.2021 00:46:20.205,1.1683000000000001,1.16826,0.75,1.69
20.08.2021 00:46:25.056,1.1683100000000002,1.16828,0.1,0.75
20.08.2021 00:46:26.221,1.16832,1.16828,0.1,2.44
20.08.2021 00:46:26.322,1.16833,1.1683000000000001,0.1,0.75
20.08.2021 00:46:26.427,1.16834,1.1683100000000002,1.95,0.75
20.08.2021 00:46:26.731,1.16832,1.1683100000000002,0.1,0.75
20.08.2021 00:46:30.940,1.16834,1.1683100000000002,4.12,0.75
20.08.2021 00:46:34.423,1.16836,1.16832,3.07,0.75
20.08.2021 00:46:34.525,1.16835,1.16832,0.1,0.75
20.08.2021 00:46:34.883,1.16833,1.16832,0.37,0.75
20.08.2021 00:46:35.086,1.16834,1.1683100000000002,1.57,0.75
20.08.2021 00:46:38.176,1.16833,1.1683100000000002,0.75,0.75
20.08.2021 00:46:40.182,1.16834,1.1683100000000002,2.7,0.75
20.08.2021 00:46:54.333,1.16832,1.16828,0.1,0.75
20.08.2021 00:47:01.554,1.16833,1.1683000000000001,0.45,0.75
20.08.2021 00:47:03.957,1.16834,1.16832,1.12,0.75
20.08.2021 00:47:04.058,1.16834,1.16833,1.5,0.75
20.08.2021 00:47:05.509,1.16834,1.1683100000000002,0.37,0.75
20.08.2021 00:47:05.661,1.16833,1.1683100000000002,1.95,1.2
20.08.2021 00:47:11.557,1.16833,1.1683100000000002,1.5,0.75
20.08.2021 00:47:17.588,1.16835,1.1683100000000002,2.7,0.75
20.08.2021 00:47:31.634,1.16834,1.1683000000000001,1.12,0.75
20.08.2021 00:47:31.786,1.16833,1.16829,0.82,1.95
20.08.2021 00:47:32.596,1.1683100000000002,1.16829,0.75,0.75
20.08.2021 00:47:32.964,1.1683000000000001,1.16826,0.75,3.56
20.08.2021 00:47:35.315,1.1683000000000001,1.1682700000000001,0.75,1.69
20.08.2021 00:47:38.514,1.1683100000000002,1.16829,0.75,1.69
20.08.2021 00:47:40.848,1.16832,1.16829,0.75,0.75
20.08.2021 00:47:41.808,1.16832,1.16828,1.5,1.69
20.08.2021 00:47:42.812,1.16832,1.16829,0.75,0.75
20.08.2021 00:47:43.792,1.16832,1.16828,1.5,1.69
20.08.2021 00:47:44.822,1.16832,1.16829,0.75,0.75
20.08.2021 00:47:45.803,1.16832,1.16828,1.5,0.75
20.08.2021 00:47:55.900,1.16833,1.16829,0.75,2.44
20.08.2021 00:48:09.032,1.16832,1.16828,0.75,0.75
20.08.2021 00:48:21.518,1.16832,1.1682700000000001,0.75,5.51
20.08.2021 00:48:23.895,1.16832,1.16828,0.75,0.94
20.08.2021 00:48:38.806,1.16834,1.1683000000000001,0.75,0.37
20.08.2021 00:48:50.072,1.16833,1.1683000000000001,0.75,1.2
20.08.2021 00:48:50.174,1.16833,1.16829,0.75,0.75
20.08.2021 00:48:50.276,1.1683100000000002,1.1683000000000001,0.75,0.19
20.08.2021 00:48:50.377,1.16833,1.16829,0.75,0.94
20.08.2021 00:48:54.452,1.16833,1.1683100000000002,0.75,0.19
20.08.2021 00:48:54.554,1.16834,1.1683100000000002,0.75,0.19
20.08.2021 00:48:59.354,1.16834,1.1683000000000001,0.75,6.26
20.08.2021 00:49:00.240,1.16833,1.16832,0.75,0.56
20.08.2021 00:49:00.342,1.16834,1.1683000000000001,1.12,4.57
20.08.2021 00:49:03.234,1.16832,1.1683000000000001,0.75,2.89
20.08.2021 00:49:07.975,1.16833,1.16832,0.75,0.19
20.08.2021 00:49:08.077,1.16835,1.1683100000000002,0.75,0.19
20.08.2021 00:49:12.075,1.16834,1.1683100000000002,0.75,0.19
20.08.2021 00:49:13.801,1.16835,1.16832,0.75,1.69
20.08.2021 00:49:13.953,1.16836,1.16833,0.75,0.19
20.08.2021 00:49:14.054,1.1683700000000001,1.16834,0.75,0.37
20.08.2021 00:49:15.543,1.1683700000000001,1.16833,0.75,4.39
20.08.2021 00:49:43.413,1.1683700000000001,1.16835,0.75,1.87
20.08.2021 00:49:43.565,1.16839,1.16836,0.75,0.75
20.08.2021 00:49:46.954,1.16838,1.16835,0.75,1.5
20.08.2021 00:49:47.955,1.16839,1.16835,0.75,3.45
20.08.2021 00:50:00.577,1.1684,1.16835,0.75,2.62
20.08.2021 00:50:00.830,1.16839,1.16835,0.94,1.2
20.08.2021 00:50:00.932,1.1683700000000001,1.16835,1.12,0.45
20.08.2021 00:50:01.033,1.1683700000000001,1.16834,1.12,0.1
20.08.2021 00:50:12.642,1.1683700000000001,1.16833,1.12,1.95
20.08.2021 00:50:13.207,1.1683700000000001,1.16832,0.75,4.01
20.08.2021 00:50:13.360,1.16835,1.16834,0.75,0.37
20.08.2021 00:50:14.109,1.16835,1.16832,0.75,2.51
20.08.2021 00:50:15.327,1.16836,1.16833,0.75,0.37
20.08.2021 00:50:15.684,1.16835,1.16833,0.75,2.59
20.08.2021 00:50:41.361,1.16835,1.16832,0.75,3.26
20.08.2021 00:50:41.513,1.16835,1.1683100000000002,1.5,0.75
20.08.2021 00:50:41.615,1.16833,1.1683000000000001,0.75,1.2
20.08.2021 00:50:41.716,1.16832,1.16828,0.75,9.45
20.08.2021 00:50:41.817,1.1683100000000002,1.16828,0.75,1.2
20.08.2021 00:50:41.919,1.1683100000000002,1.1682700000000001,0.75,1.39
20.08.2021 00:50:44.964,1.1683000000000001,1.16826,0.75,2.44
20.08.2021 00:51:01.136,1.16829,1.16825,1.2,0.75
20.08.2021 00:51:01.238,1.16828,1.16824,0.75,1.95
20.08.2021 00:51:09.622,1.1682700000000001,1.16824,0.75,1.39
20.08.2021 00:51:26.148,1.16828,1.16824,0.82,0.75
20.08.2021 00:51:26.345,1.16828,1.1682299999999999,0.82,1.76
20.08.2021 00:51:36.971,1.16828,1.16824,0.82,0.75
20.08.2021 00:51:44.256,1.16828,1.16825,0.1,0.75
20.08.2021 00:51:45.847,1.16829,1.16825,1.95,0.75
20.08.2021 00:51:45.948,1.16828,1.1682700000000001,1.12,0.75
20.08.2021 00:51:49.042,1.1683000000000001,1.16826,1.95,0.75
20.08.2021 00:51:51.765,1.1683100000000002,1.1682700000000001,0.75,0.75
20.08.2021 00:51:51.968,1.16832,1.16828,2.89,0.75
20.08.2021 00:52:12.254,1.1683100000000002,1.1682700000000001,0.75,0.75
20.08.2021 00:52:12.355,1.1683000000000001,1.16826,0.75,1.12
20.08.2021 00:52:19.829,1.1683000000000001,1.1682700000000001,0.82,1.5
20.08.2021 00:52:19.930,1.1683100000000002,1.1682700000000001,0.82,0.75
20.08.2021 00:52:28.394,1.1683000000000001,1.16825,0.75,1.57
20.08.2021 00:52:32.528,1.1683100000000002,1.1682700000000001,0.82,0.75
20.08.2021 00:52:45.343,1.1683100000000002,1.16828,1.57,0.75
20.08.2021 00:52:47.049,1.1683000000000001,1.16826,0.82,0.75
20.08.2021 00:52:56.591,1.16829,1.16826,0.75,0.75
20.08.2021 00:53:02.585,1.1683000000000001,1.1682700000000001,0.75,0.75
20.08.2021 00:53:05.087,1.1683100000000002,1.16828,0.75,0.75
20.08.2021 00:53:08.136,1.16829,1.16826,0.75,3.49
20.08.2021 00:53:21.708,1.16828,1.16825,0.75,0.75
20.08.2021 00:53:37.338,1.16828,1.16826,1.2,0.75
20.08.2021 00:53:37.951,1.16829,1.1682700000000001,0.37,0.75
20.08.2021 00:53:38.002,1.1683100000000002,1.16828,1.57,0.75
20.08.2021 00:53:47.330,1.16832,1.16829,0.75,0.75
20.08.2021 00:53:47.432,1.16833,1.1683000000000001,0.82,0.75
20.08.2021 00:54:01.539,1.16834,1.1683100000000002,0.82,0.75
20.08.2021 00:54:06.253,1.16832,1.1683100000000002,0.64,0.75
20.08.2021 00:54:09.984,1.16833,1.1683000000000001,1.76,0.75
20.08.2021 00:54:23.603,1.16832,1.16829,1.2,0.75
20.08.2021 00:54:24.193,1.1683100000000002,1.16829,0.37,0.75
20.08.2021 00:54:24.299,1.1683100000000002,1.1682700000000001,1.39,0.75
20.08.2021 00:54:24.401,1.1683000000000001,1.1682700000000001,0.75,0.75
20.08.2021 00:54:26.041,1.16829,1.16826,0.75,0.75
20.08.2021 00:54:26.143,1.16829,1.16825,0.82,0.75
20.08.2021 00:54:29.779,1.16828,1.16825,0.82,0.75
20.08.2021 00:54:30.950,1.1682700000000001,1.16824,0.75,0.75
20.08.2021 00:54:34.262,1.16826,1.1682299999999999,0.75,0.75
20.08.2021 00:54:46.331,1.16825,1.16822,0.75,1.5
20.08.2021 00:54:47.141,1.16826,1.1682299999999999,0.75,0.75
20.08.2021 00:54:50.063,1.1682700000000001,1.16824,0.82,0.75
20.08.2021 00:54:56.742,1.16828,1.16825,0.82,0.75
20.08.2021 00:54:58.938,1.16828,1.16824,0.82,0.75
20.08.2021 00:54:59.141,1.16828,1.16825,0.75,0.75
20.08.2021 00:54:59.193,1.16829,1.1682700000000001,1.01,0.75
20.08.2021 00:55:00.235,1.16829,1.1682700000000001,1.31,0.75
20.08.2021 00:55:00.336,1.16829,1.16826,2.14,0.75
20.08.2021 00:55:00.488,1.1683000000000001,1.1682700000000001,1.01,0.75
20.08.2021 00:55:01.311,1.1683000000000001,1.16829,0.82,0.75
20.08.2021 00:55:01.412,1.16833,1.16829,1.01,0.75
20.08.2021 00:55:01.614,1.16833,1.1683000000000001,0.82,0.75
20.08.2021 00:55:03.112,1.16833,1.16832,0.75,0.75
20.08.2021 00:55:03.315,1.16833,1.1683000000000001,0.75,0.75
20.08.2021 00:55:06.941,1.16832,1.16829,0.75,0.75
20.08.2021 00:55:15.787,1.16832,1.16828,0.75,1.57
20.08.2021 00:55:26.791,1.1683100000000002,1.16829,0.75,1.57
20.08.2021 00:55:27.683,1.16832,1.16829,0.75,0.75
20.08.2021 00:55:40.281,1.16832,1.16828,0.75,1.57
20.08.2021 00:55:50.058,1.1683100000000002,1.16828,0.75,1.5
20.08.2021 00:56:17.807,1.1683100000000002,1.1682700000000001,0.94,0.82
20.08.2021 00:56:19.475,1.16832,1.16829,0.75,0.75
20.08.2021 00:56:24.934,1.16832,1.16828,0.75,0.82
20.08.2021 00:56:47.898,1.16832,1.1683000000000001,0.75,0.75
20.08.2021 00:56:48.000,1.16832,1.1683100000000002,0.94,0.75
20.08.2021 00:56:48.153,1.16834,1.1683000000000001,0.82,0.75
20.08.2021 00:56:52.970,1.16833,1.1683000000000001,0.75,0.75
20.08.2021 00:57:02.845,1.16832,1.16829,0.75,0.75
20.08.2021 00:57:04.177,1.1683100000000002,1.16828,0.75,2.32
20.08.2021 00:57:11.179,1.1683000000000001,1.16828,0.75,1.57
20.08.2021 00:57:14.363,1.1683000000000001,1.1682700000000001,0.94,1.57
20.08.2021 00:57:14.465,1.16829,1.16826,0.75,1.5
20.08.2021 00:57:14.668,1.1683000000000001,1.16826,1.2,1.5
20.08.2021 00:57:19.890,1.16829,1.16826,0.1,1.5
20.08.2021 00:57:21.040,1.16829,1.16825,1.76,0.75
20.08.2021 00:57:21.142,1.16828,1.16824,1.39,0.75
20.08.2021 00:57:26.000,1.16826,1.1682299999999999,0.75,0.82
20.08.2021 00:57:26.202,1.16825,1.16822,0.75,1.57
20.08.2021 00:57:26.408,1.16824,1.1682100000000002,1.12,0.75
20.08.2021 00:57:26.509,1.1682299999999999,1.1682000000000001,0.82,1.2
20.08.2021 00:57:26.612,1.16822,1.16819,0.75,1.5
20.08.2021 00:57:32.481,1.1682100000000002,1.16818,0.75,0.75
20.08.2021 00:57:40.154,1.1682100000000002,1.1681700000000002,0.75,0.82
20.08.2021 00:57:44.570,1.1682100000000002,1.16818,0.75,0.75
20.08.2021 00:57:46.694,1.1682299999999999,1.16822,5.81,0.75
20.08.2021 00:57:54.085,1.16825,1.16822,1.01,0.75
20.08.2021 00:58:10.374,1.16826,1.16822,1.95,0.75
20.08.2021 00:58:20.318,1.16826,1.1682299999999999,1.5,1.5
20.08.2021 00:58:24.935,1.16826,1.16822,1.57,1.5
20.08.2021 00:58:33.447,1.16825,1.16822,0.75,1.5
20.08.2021 00:58:38.969,1.16824,1.16822,0.82,0.75
20.08.2021 00:58:39.071,1.16824,1.1682100000000002,2.14,0.75
20.08.2021 00:58:41.215,1.16824,1.1682000000000001,0.75,0.75
20.08.2021 00:58:41.420,1.1682299999999999,1.1682000000000001,0.75,0.75
20.08.2021 00:58:42.522,1.16822,1.16819,0.75,0.75
20.08.2021 00:58:46.727,1.1682100000000002,1.16819,0.75,0.75
20.08.2021 00:58:47.444,1.16822,1.16819,1.5,0.75
20.08.2021 00:58:47.995,1.1682100000000002,1.16819,0.75,0.75
20.08.2021 00:58:49.766,1.16822,1.16819,0.75,0.75
20.08.2021 00:59:07.420,1.1682299999999999,1.16822,0.82,0.75
20.08.2021 00:59:12.935,1.16825,1.16822,0.75,0.75
20.08.2021 01:00:00.241,1.16824,1.16822,0.37,0.75
20.08.2021 01:00:00.494,1.16824,1.1682100000000002,1.2,0.75
20.08.2021 01:00:01.946,1.16822,1.1682100000000002,0.75,0.75
20.08.2021 01:00:03.139,1.16825,1.16822,5.06,0.75
20.08.2021 01:00:05.162,1.16824,1.16822,0.75,0.75
20.08.2021 01:00:05.263,1.16825,1.16822,1.5,0.75
20.08.2021 01:00:06.269,1.16824,1.16822,0.75,0.75
20.08.2021 01:00:06.798,1.16824,1.1682299999999999,1.5,0.75
20.08.2021 01:00:07.449,1.16824,1.16822,0.75,0.75
20.08.2021 01:00:08.372,1.16825,1.16822,1.5,0.75
20.08.2021 01:00:09.007,1.16824,1.16822,0.75,0.75
20.08.2021 01:00:09.692,1.16824,1.1682299999999999,1.5,0.75
20.08.2021 01:00:36.572,1.16824,1.1682100000000002,0.75,0.75
20.08.2021 01:00:39.945,1.1682299999999999,1.1682000000000001,0.75,0.75
20.08.2021 01:00:44.311,1.16824,1.1682100000000002,1.2,0.75
20.08.2021 01:00:49.911,1.16824,1.16822,0.37,0.75
20.08.2021 01:00:51.433,1.16825,1.16822,1.12,0.82
20.08.2021 01:00:54.085,1.16824,1.1682100000000002,1.12,0.75
20.08.2021 01:00:57.299,1.1682299999999999,1.1682000000000001,0.75,0.75
20.08.2021 01:01:02.848,1.1682299999999999,1.1682100000000002,0.37,0.75
20.08.2021 01:01:03.185,1.16824,1.1682100000000002,2.06,0.75
20.08.2021 01:01:04.751,1.1682100000000002,1.16819,0.75,0.45
20.08.2021 01:01:04.903,1.1682100000000002,1.16818,0.75,0.82
20.08.2021 01:01:10.087,1.1682100000000002,1.16819,0.75,0.1
20.08.2021 01:01:12.542,1.1682100000000002,1.1682000000000001,1.12,0.82
20.08.2021 01:01:16.195,1.1682100000000002,1.16819,0.75,0.1
20.08.2021 01:01:16.296,1.1682100000000002,1.16818,0.75,0.82
20.08.2021 01:01:25.701,1.16819,1.16816,0.75,0.82
20.08.2021 01:01:25.803,1.16818,1.1681700000000002,0.75,0.82
20.08.2021 01:01:26.485,1.16818,1.16816,0.75,0.1
20.08.2021 01:01:26.999,1.16818,1.16815,0.75,0.82
20.08.2021 01:01:30.166,1.1681700000000002,1.16814,0.75,0.82
20.08.2021 01:01:30.319,1.16816,1.16814,0.75,0.1
20.08.2021 01:01:31.596,1.16816,1.16813,0.75,0.82
20.08.2021 01:01:39.935,1.16815,1.16813,0.75,0.1
20.08.2021 01:02:03.578,1.16815,1.16812,0.94,0.82
20.08.2021 01:02:03.680,1.16814,1.16812,0.75,0.82
20.08.2021 01:02:18.844,1.16814,1.16811,1.31,0.75
20.08.2021 01:02:18.997,1.16812,1.16809,0.75,2.02
20.08.2021 01:02:19.098,1.16812,1.1681000000000001,0.75,0.1
20.08.2021 01:02:19.199,1.16812,1.16809,0.75,0.82
20.08.2021 01:02:19.301,1.16812,1.1681000000000001,0.75,0.1
20.08.2021 01:02:19.402,1.16812,1.16809,0.75,0.82
20.08.2021 01:02:36.613,1.16814,1.16811,0.75,0.75
20.08.2021 01:02:41.563,1.16814,1.16813,0.94,0.75
20.08.2021 01:02:44.233,1.16813,1.16812,0.75,0.75
20.08.2021 01:02:55.929,1.16815,1.16812,0.75,0.75
20.08.2021 01:03:06.978,1.16815,1.16814,0.75,0.75
20.08.2021 01:03:13.101,1.16814,1.16812,0.75,0.82
20.08.2021 01:03:31.182,1.16814,1.16811,0.75,2.32
20.08.2021 01:03:33.975,1.16813,1.16811,0.75,1.57
20.08.2021 01:03:34.935,1.16814,1.16811,0.75,3.9
20.08.2021 01:03:39.294,1.16814,1.16812,0.75,0.1
20.08.2021 01:03:39.395,1.16815,1.16813,0.75,0.82
20.08.2021 01:03:41.486,1.16815,1.16812,0.75,3.49
20.08.2021 01:03:45.247,1.16815,1.16813,0.75,0.1
20.08.2021 01:03:46.687,1.16816,1.16813,0.75,0.82
20.08.2021 01:03:52.202,1.16815,1.16812,0.75,1.57
20.08.2021 01:04:05.232,1.16816,1.16813,0.75,1.57
20.08.2021 01:04:05.333,1.16818,1.16815,0.75,3.07
20.08.2021 01:04:05.434,1.16819,1.16816,0.75,1.57
20.08.2021 01:04:29.749,1.16819,1.1681700000000002,0.75,0.19
20.08.2021 01:04:31.161,1.16819,1.16816,0.75,2.32
20.08.2021 01:04:31.263,1.16818,1.16816,0.75,0.75
20.08.2021 01:04:31.365,1.16818,1.16815,0.75,0.75
20.08.2021 01:04:32.136,1.1681700000000002,1.16815,0.75,4.01
20.08.2021 01:04:32.338,1.1681700000000002,1.16815,0.75,0.19
20.08.2021 01:04:32.440,1.16818,1.16815,0.75,1.76
20.08.2021 01:04:33.513,1.1681700000000002,1.16814,0.75,2.25
20.08.2021 01:04:35.556,1.16818,1.16815,0.75,5.06
20.08.2021 01:04:35.658,1.16818,1.1681700000000002,0.75,0.94
20.08.2021 01:04:35.759,1.16819,1.1681700000000002,0.75,0.19
20.08.2021 01:04:41.004,1.1682100000000002,1.16819,0.1,0.94
20.08.2021 01:04:41.105,1.1682100000000002,1.1682000000000001,0.75,1.5
20.08.2021 01:04:47.936,1.16822,1.16819,0.75,2.44
20.08.2021 01:04:55.448,1.1682299999999999,1.1682000000000001,0.75,1.69
20.08.2021 01:04:55.550,1.16824,1.1682100000000002,0.75,0.19
20.08.2021 01:04:55.752,1.16824,1.16822,0.75,0.19
20.08.2021 01:04:57.900,1.16825,1.16822,0.75,0.94
20.08.2021 01:05:00.936,1.16824,1.1682100000000002,0.75,1.87
20.08.2021 01:05:06.986,1.16824,1.16822,0.75,0.75
20.08.2021 01:05:07.037,1.1682700000000001,1.16824,0.75,3
20.08.2021 01:05:07.138,1.16828,1.16826,0.45,0.75
20.08.2021 01:05:07.240,1.16828,1.16825,0.94,1.5
20.08.2021 01:05:07.443,1.1682700000000001,1.16824,0.75,1.5
20.08.2021 01:05:09.265,1.16826,1.1682299999999999,0.75,2.25
20.08.2021 01:05:12.964,1.16825,1.16822,0.75,1.57
20.08.2021 01:05:17.557,1.16824,1.16822,0.75,0.75
20.08.2021 01:05:17.814,1.16824,1.1682100000000002,0.75,1.57
20.08.2021 01:05:17.916,1.1682299999999999,1.1682000000000001,0.75,1.5
20.08.2021 01:05:18.017,1.1682000000000001,1.16818,0.75,12.11
20.08.2021 01:05:23.801,1.1682000000000001,1.16818,0.75,0.37
20.08.2021 01:05:26.807,1.1682299999999999,1.16819,1.01,0.75
20.08.2021 01:05:27.945,1.1682000000000001,1.16818,0.75,0.37
20.08.2021 01:05:29.820,1.16824,1.1682100000000002,0.75,0.82
20.08.2021 01:05:44.765,1.16825,1.16822,0.75,0.75
20.08.2021 01:05:47.560,1.16826,1.16825,0.75,0.75
20.08.2021 01:05:47.713,1.16828,1.1682700000000001,0.75,1.5
20.08.2021 01:05:48.413,1.1683000000000001,1.1682700000000001,0.75,1.5
20.08.2021 01:05:48.516,1.16833,1.1683000000000001,0.75,0.75
20.08.2021 01:05:48.618,1.16834,1.1683100000000002,0.75,1.57
20.08.2021 01:05:52.009,1.16835,1.16832,0.75,0.75
20.08.2021 01:05:52.112,1.16834,1.1683100000000002,0.75,3.26
20.08.2021 01:06:00.776,1.16835,1.16832,0.75,1.5
20.08.2021 01:06:00.878,1.16836,1.16833,0.75,0.75
20.08.2021 01:06:03.485,1.1683700000000001,1.16834,0.82,0.75
20.08.2021 01:06:24.542,1.16836,1.16833,0.75,1.5
20.08.2021 01:06:24.652,1.16835,1.16832,0.75,1.5
20.08.2021 01:06:24.905,1.16833,1.1683100000000002,0.75,0.75
20.08.2021 01:06:25.007,1.16833,1.1683000000000001,0.75,0.75
20.08.2021 01:06:25.803,1.16832,1.16829,0.75,0.75
20.08.2021 01:06:26.894,1.1683100000000002,1.16828,0.75,1.69
20.08.2021 01:06:28.368,1.16832,1.16829,0.75,0.75
20.08.2021 01:06:28.469,1.16833,1.1683000000000001,0.75,1.5
20.08.2021 01:06:28.570,1.16833,1.16832,0.75,0.75
20.08.2021 01:06:28.672,1.16835,1.1683100000000002,0.75,1.76
20.08.2021 01:06:28.823,1.16835,1.16832,0.75,0.75
20.08.2021 01:06:29.668,1.16835,1.1683100000000002,0.75,2.51
20.08.2021 01:06:31.428,1.16834,1.1683100000000002,0.75,1.76
20.08.2021 01:06:31.530,1.16835,1.16832,0.75,0.94
20.08.2021 01:06:33.391,1.16836,1.16832,0.82,0.94
20.08.2021 01:06:39.917,1.16836,1.16833,0.75,0.75
20.08.2021 01:06:40.019,1.16835,1.16832,0.75,0.94
20.08.2021 01:06:53.206,1.16835,1.16834,0.75,0.75
20.08.2021 01:06:53.307,1.16836,1.16834,0.82,0.75
20.08.2021 01:07:08.456,1.16836,1.16832,0.75,0.94
20.08.2021 01:07:24.601,1.1683700000000001,1.16833,0.75,0.75
20.08.2021 01:07:36.574,1.16839,1.16836,0.82,0.94
20.08.2021 01:07:39.950,1.1684,1.1683700000000001,0.75,0.75
20.08.2021 01:07:58.579,1.16839,1.16836,0.75,0.82
20.08.2021 01:08:05.847,1.1684,1.1683700000000001,0.75,1.69
20.08.2021 01:08:05.949,1.1684100000000002,1.1683700000000001,0.75,0.75
20.08.2021 01:08:06.051,1.1684100000000002,1.16838,0.75,0.94
20.08.2021 01:08:06.152,1.1684200000000002,1.16839,0.75,0.75
20.08.2021 01:08:26.689,1.1684100000000002,1.16838,0.75,1.57
20.08.2021 01:08:28.615,1.1684200000000002,1.16838,0.82,1.57
20.08.2021 01:08:29.042,1.1684100000000002,1.1683700000000001,0.75,2.14
20.08.2021 01:08:29.144,1.16839,1.16838,0.75,1.2
20.08.2021 01:08:49.280,1.16839,1.16836,1.2,0.75
20.08.2021 01:08:49.432,1.16838,1.16836,0.1,0.75
20.08.2021 01:08:49.534,1.16838,1.16835,0.82,0.75
20.08.2021 01:08:49.635,1.1683700000000001,1.16834,0.75,0.82
20.08.2021 01:08:56.684,1.16836,1.16833,0.82,0.75
20.08.2021 01:09:06.428,1.16835,1.16832,0.75,1.76
20.08.2021 01:09:11.822,1.16836,1.16833,0.82,0.75
20.08.2021 01:09:15.084,1.16833,1.1683100000000002,0.82,0.45
20.08.2021 01:09:15.236,1.16833,1.1683000000000001,0.82,0.75
20.08.2021 01:09:15.337,1.1683100000000002,1.16828,0.75,1.39
20.08.2021 01:09:16.735,1.16832,1.16829,0.75,0.75
20.08.2021 01:09:42.936,1.1683100000000002,1.16828,0.75,0.75
20.08.2021 01:09:49.284,1.16829,1.1682700000000001,1.5,0.75
20.08.2021 01:09:49.639,1.16829,1.16825,0.75,2.44
20.08.2021 01:09:49.741,1.16828,1.16825,0.82,0.75
20.08.2021 01:09:53.765,1.1682700000000001,1.16824,0.75,0.82
20.08.2021 01:10:08.070,1.16826,1.16824,0.75,0.75
20.08.2021 01:10:13.632,1.16829,1.16826,0.82,0.75
20.08.2021 01:10:13.834,1.1683000000000001,1.1682700000000001,0.75,0.75
20.08.2021 01:10:16.139,1.1683100000000002,1.16828,0.82,0.75
20.08.2021 01:10:29.862,1.16832,1.16829,0.75,0.82
20.08.2021 01:10:29.964,1.16833,1.1683000000000001,0.82,0.75
20.08.2021 01:10:36.962,1.16834,1.1683000000000001,0.82,0.82
20.08.2021 01:10:45.414,1.16833,1.1683000000000001,0.75,0.75
20.08.2021 01:10:45.667,1.16833,1.16829,0.75,0.75
20.08.2021 01:10:46.320,1.16832,1.16828,0.82,0.75
20.08.2021 01:10:50.014,1.1683100000000002,1.16828,0.75,0.75
20.08.2021 01:11:01.920,1.16832,1.16829,0.75,0.75
20.08.2021 01:11:11.187,1.16833,1.16829,1.95,0.75
20.08.2021 01:11:16.358,1.1683100000000002,1.1683000000000001,0.75,0.75
20.08.2021 01:11:19.465,1.16832,1.16828,0.75,0.82
20.08.2021 01:12:19.442,1.1683100000000002,1.16828,0.1,0.75
20.08.2021 01:12:26.619,1.16829,1.16826,1.2,0.75
20.08.2021 01:12:26.721,1.16829,1.16825,4.39,1.2
20.08.2021 01:12:26.823,1.16828,1.16824,1.2,0.75
20.08.2021 01:12:26.976,1.1682700000000001,1.1682299999999999,0.75,1.01
20.08.2021 01:12:31.874,1.16825,1.1682299999999999,0.82,1.5
20.08.2021 01:12:31.976,1.16824,1.1682000000000001,1.57,1.95
20.08.2021 01:12:33.504,1.1682299999999999,1.1682000000000001,0.75,0.75
20.08.2021 01:12:34.045,1.1682299999999999,1.16819,1.57,0.75
20.08.2021 01:12:38.970,1.16822,1.16818,1.5,0.82
20.08.2021 01:12:39.071,1.1682100000000002,1.16818,0.75,0.75
20.08.2021 01:13:14.178,1.16822,1.16818,1.57,0.75
20.08.2021 01:13:27.645,1.1682299999999999,1.16819,1.5,0.82
20.08.2021 01:13:29.613,1.16822,1.16819,0.75,0.75
20.08.2021 01:13:36.149,1.16822,1.16818,1.57,0.75
20.08.2021 01:13:40.128,1.1682299999999999,1.16819,1.2,0.75
20.08.2021 01:13:47.648,1.16822,1.16819,0.75,0.75
20.08.2021 01:13:49.959,1.16822,1.16818,0.75,0.82
20.08.2021 01:13:56.682,1.1682100000000002,1.16818,0.75,1.01
20.08.2021 01:13:56.784,1.16822,1.16818,0.75,1.01
20.08.2021 01:13:57.605,1.1682299999999999,1.16819,0.75,0.82
20.08.2021 01:14:03.419,1.16822,1.16819,1.2,0.75
20.08.2021 01:14:03.571,1.16822,1.16818,1.2,0.75
20.08.2021 01:14:05.451,1.1682100000000002,1.1681700000000002,0.75,1.57
20.08.2021 01:14:12.792,1.1682100000000002,1.16818,0.75,0.75
20.08.2021 01:14:32.574,1.1682000000000001,1.1681700000000002,0.75,0.82
20.08.2021 01:14:32.676,1.1682000000000001,1.16816,0.75,1.01
20.08.2021 01:15:00.571,1.16822,1.16819,0.75,0.75
20.08.2021 01:15:00.672,1.1682299999999999,1.1682000000000001,0.75,0.75
20.08.2021 01:15:00.824,1.16825,1.1682100000000002,0.75,0.75
20.08.2021 01:15:00.926,1.16825,1.16822,0.75,0.75
20.08.2021 01:15:01.034,1.16826,1.16822,0.94,0.75
20.08.2021 01:15:02.539,1.1682700000000001,1.1682299999999999,1.31,0.75
20.08.2021 01:15:03.131,1.1682700000000001,1.16824,0.75,0.75
20.08.2021 01:15:03.182,1.1683000000000001,1.16826,1.12,0.75
20.08.2021 01:15:04.728,1.1683000000000001,1.1682700000000001,0.75,0.75
20.08.2021 01:15:05.189,1.1683000000000001,1.16826,2.06,0.75
20.08.2021 01:15:07.181,1.16829,1.16826,0.1,0.75
20.08.2021 01:15:16.310,1.16828,1.16825,0.75,0.75
20.08.2021 01:15:16.412,1.1682700000000001,1.16824,0.75,0.75
20.08.2021 01:15:17.100,1.1682700000000001,1.16825,0.82,0.75
20.08.2021 01:15:17.202,1.16828,1.16825,0.82,0.75
20.08.2021 01:15:51.890,1.16829,1.16825,1.39,0.75
20.08.2021 01:15:52.708,1.1683000000000001,1.1682700000000001,1.01,0.75
20.08.2021 01:15:52.810,1.1683100000000002,1.16828,1.46,0.75
20.08.2021 01:16:05.376,1.1683100000000002,1.1683000000000001,0.75,0.75
20.08.2021 01:16:13.471,1.16832,1.16828,0.75,0.82
20.08.2021 01:16:26.605,1.16833,1.16829,0.82,0.75
20.08.2021 01:16:51.562,1.16833,1.1683000000000001,1.12,0.75
20.08.2021 01:17:01.076,1.16834,1.1683000000000001,2.51,0.75
20.08.2021 01:17:02.811,1.16833,1.1683000000000001,0.37,0.75
20.08.2021 01:17:05.610,1.16833,1.16829,2.89,0.75
20.08.2021 01:17:05.711,1.1683100000000002,1.16828,0.75,1.87
20.08.2021 01:17:09.977,1.1683000000000001,1.16826,1.57,2.7
20.08.2021 01:17:10.281,1.1683100000000002,1.1682700000000001,0.94,0.75
20.08.2021 01:17:19.230,1.16832,1.16828,0.94,0.75
20.08.2021 01:17:20.511,1.16832,1.16829,0.75,0.75
20.08.2021 01:17:23.440,1.16833,1.16829,1.31,0.75
20.08.2021 01:17:28.079,1.16832,1.16829,1.5,0.75
20.08.2021 01:17:37.521,1.16832,1.16828,1.31,0.75
20.08.2021 01:17:46.116,1.16833,1.1683000000000001,0.75,0.75
20.08.2021 01:17:46.218,1.16834,1.1683000000000001,3.19,0.75
20.08.2021 01:17:47.057,1.16833,1.1683000000000001,0.75,0.75
20.08.2021 01:17:51.781,1.16833,1.16829,0.75,1.5
20.08.2021 01:17:57.406,1.16832,1.16829,0.75,0.75
20.08.2021 01:18:06.024,1.1683100000000002,1.16829,0.75,2.32
20.08.2021 01:18:15.322,1.16832,1.16829,0.75,0.75
20.08.2021 01:18:37.705,1.16834,1.1683000000000001,0.75,4.01
20.08.2021 01:18:37.806,1.16835,1.16832,0.75,0.75
20.08.2021 01:18:38.565,1.16836,1.16832,0.75,3.15
20.08.2021 01:18:40.718,1.16836,1.16833,0.75,0.75
20.08.2021 01:18:43.255,1.1683700000000001,1.16833,0.75,1.87
20.08.2021 01:18:50.746,1.16838,1.16834,0.75,0.75
20.08.2021 01:18:50.898,1.16839,1.16836,0.75,0.1
20.08.2021 01:18:51.000,1.1684,1.1683700000000001,0.75,1.5
20.08.2021 01:18:53.222,1.1684,1.16838,0.75,0.75
20.08.2021 01:18:53.324,1.1684,1.16839,0.75,0.75
20.08.2021 01:18:54.452,1.1684200000000002,1.16838,0.75,1.5
20.08.2021 01:19:17.293,1.1684200000000002,1.16839,0.75,0.75
20.08.2021 01:19:24.856,1.1684200000000002,1.16838,0.75,0.75
20.08.2021 01:19:32.562,1.16844,1.1684,0.75,2.7
20.08.2021 01:19:36.372,1.16843,1.1684200000000002,0.75,0.45
20.08.2021 01:19:38.092,1.16844,1.1684,0.75,2.02
20.08.2021 01:19:38.244,1.16843,1.1684,0.75,0.45
20.08.2021 01:19:38.346,1.16843,1.16839,0.75,0.75
20.08.2021 01:19:40.359,1.1684100000000002,1.16838,0.75,0.75
20.08.2021 01:19:45.626,1.1684100000000002,1.1683700000000001,0.75,0.82
20.08.2021 01:19:46.098,1.1684,1.16836,0.75,2.4
20.08.2021 01:19:46.290,1.16838,1.1683700000000001,0.75,0.75
20.08.2021 01:19:46.391,1.16839,1.16835,0.75,2.02
20.08.2021 01:19:52.269,1.16838,1.16834,0.75,0.75
20.08.2021 01:19:57.936,1.1683700000000001,1.16833,0.75,2.02
20.08.2021 01:20:00.078,1.16836,1.16833,0.75,0.75
20.08.2021 01:20:00.357,1.1683700000000001,1.16833,1.87,0.75
20.08.2021 01:20:03.575,1.16834,1.1683100000000002,0.37,1.95
20.08.2021 01:20:03.676,1.16833,1.1683100000000002,0.75,1.2
20.08.2021 01:20:03.778,1.16833,1.16829,1.5,2.7
20.08.2021 01:20:09.046,1.16832,1.16829,0.75,0.75
20.08.2021 01:20:11.322,1.16834,1.1683000000000001,1.5,0.82
20.08.2021 01:20:15.668,1.16836,1.16832,1.5,0.75
20.08.2021 01:20:19.732,1.16836,1.16833,0.75,1.2
20.08.2021 01:20:20.037,1.1683700000000001,1.16833,0.75,1.27
20.08.2021 01:20:22.524,1.1683700000000001,1.16834,0.75,0.45
20.08.2021 01:20:23.110,1.1683700000000001,1.16833,0.75,1.95
20.08.2021 01:20:35.006,1.1683700000000001,1.16834,0.75,0.45
20.08.2021 01:20:35.196,1.1683700000000001,1.16833,0.75,2.02
20.08.2021 01:20:37.959,1.1683700000000001,1.16834,0.75,0.45
20.08.2021 01:20:38.205,1.16836,1.16834,0.75,2.02
20.08.2021 01:20:46.550,1.1683700000000001,1.16834,0.75,0.45
20.08.2021 01:20:46.752,1.1683700000000001,1.16833,0.75,2.02
20.08.2021 01:20:47.207,1.16839,1.16836,0.75,0.1
20.08.2021 01:20:47.308,1.16839,1.16838,0.75,0.75
20.08.2021 01:20:47.410,1.1684100000000002,1.16838,0.75,0.1
20.08.2021 01:20:52.366,1.16843,1.16839,7.87,0.75
20.08.2021 01:20:53.057,1.16843,1.1684,1.95,0.75
20.08.2021 01:21:00.128,1.16844,1.1684100000000002,0.56,0.75
20.08.2021 01:21:00.617,1.16845,1.1684100000000002,1.57,0.75
20.08.2021 01:21:01.621,1.16844,1.1684100000000002,2.62,0.75
20.08.2021 01:21:03.890,1.16843,1.16839,0.75,1.5
20.08.2021 01:21:42.005,1.16844,1.1684,1.5,0.75
20.08.2021 01:21:42.361,1.16844,1.1684100000000002,0.75,0.45
20.08.2021 01:21:42.563,1.16844,1.1684,0.75,1.2
20.08.2021 01:21:49.632,1.1684200000000002,1.16838,0.94,2.32
20.08.2021 01:21:57.594,1.16843,1.16839,1.87,0.75
20.08.2021 01:21:57.913,1.1684200000000002,1.16839,0.75,0.75
20.08.2021 01:21:59.228,1.1684100000000002,1.16838,0.75,0.75
20.08.2021 01:21:59.626,1.1684200000000002,1.16838,1.31,0.75
20.08.2021 01:21:59.777,1.1684100000000002,1.1683700000000001,0.75,1.95
20.08.2021 01:22:03.037,1.1684100000000002,1.16838,0.75,0.75
20.08.2021 01:22:05.996,1.1684200000000002,1.16839,0.75,0.75
20.08.2021 01:22:10.271,1.1684200000000002,1.16838,0.75,0.75
20.08.2021 01:22:10.574,1.1684100000000002,1.1683700000000001,0.75,2.7
20.08.2021 01:22:11.201,1.1684100000000002,1.16838,0.75,0.75
20.08.2021 01:22:11.779,1.1684,1.1683700000000001,3.56,0.75
20.08.2021 01:22:11.880,1.1684,1.16836,0.75,1.95
20.08.2021 01:22:20.024,1.1684,1.1683700000000001,0.75,0.75
20.08.2021 01:22:20.126,1.1684200000000002,1.16838,1.87,0.75
20.08.2021 01:22:20.509,1.16843,1.16839,1.12,0.75
20.08.2021 01:22:24.287,1.1684100000000002,1.1683700000000001,0.75,2.7
20.08.2021 01:22:24.590,1.1684,1.16836,0.75,3.45
20.08.2021 01:22:24.691,1.1684,1.1683700000000001,0.75,1.2
20.08.2021 01:22:24.843,1.1684,1.16836,0.75,2.7
20.08.2021 01:22:27.105,1.16839,1.16836,0.75,0.75
20.08.2021 01:22:27.308,1.16838,1.16835,0.75,0.75
20.08.2021 01:22:27.409,1.1683700000000001,1.16834,0.75,1.95
20.08.2021 01:22:27.870,1.16838,1.16834,0.75,0.75
20.08.2021 01:22:28.032,1.1683700000000001,1.16834,0.75,0.75
20.08.2021 01:22:28.134,1.1683700000000001,1.16833,0.94,1.5
20.08.2021 01:22:28.235,1.16836,1.16833,0.75,0.75
20.08.2021 01:22:31.233,1.16836,1.16832,3.56,0.75
20.08.2021 01:22:31.741,1.16835,1.16832,1.12,0.75
20.08.2021 01:22:37.093,1.16835,1.16833,1.12,0.75
20.08.2021 01:22:37.245,1.16839,1.16835,3.37,0.75
20.08.2021 01:22:37.347,1.1684,1.16836,2.06,0.75
20.08.2021 01:22:38.115,1.16839,1.16836,0.75,0.75
20.08.2021 01:22:38.268,1.16838,1.16835,0.94,0.75
20.08.2021 01:22:38.781,1.16839,1.16835,1.69,0.75
20.08.2021 01:22:42.590,1.16838,1.16835,0.19,0.75
20.08.2021 01:22:43.060,1.16838,1.16836,7.8,0.75
20.08.2021 01:22:43.487,1.16838,1.16835,0.19,0.75
20.08.2021 01:22:44.729,1.16839,1.16835,2.81,0.75
20.08.2021 01:22:45.042,1.16838,1.16835,0.19,0.75
20.08.2021 01:22:47.019,1.1683700000000001,1.16833,2.06,0.75
20.08.2021 01:22:47.121,1.16836,1.16833,0.94,0.75
20.08.2021 01:22:52.174,1.16836,1.16834,0.19,0.75
20.08.2021 01:22:55.818,1.1683700000000001,1.16834,0.56,0.75
20.08.2021 01:23:00.198,1.16838,1.16834,1.87,0.75
20.08.2021 01:23:01.165,1.16838,1.16835,1.5,0.75
20.08.2021 01:23:10.551,1.16839,1.16835,1.87,0.75
20.08.2021 01:23:13.752,1.1684,1.1683700000000001,0.75,0.37
20.08.2021 01:23:13.854,1.1684100000000002,1.16838,0.75,0.37
20.08.2021 01:23:14.008,1.1684200000000002,1.16839,0.75,0.75
20.08.2021 01:23:14.263,1.16843,1.1684,0.75,0.75
20.08.2021 01:23:20.648,1.16843,1.1684200000000002,5.36,0.75
20.08.2021 01:23:33.004,1.16845,1.1684100000000002,1.5,0.75
20.08.2021 01:23:35.710,1.16843,1.1684200000000002,0.75,0.75
20.08.2021 01:23:37.612,1.16845,1.1684100000000002,0.75,1.87
20.08.2021 01:23:37.714,1.16845,1.1684200000000002,0.75,0.37
20.08.2021 01:23:37.817,1.16844,1.1684100000000002,0.75,1.5
20.08.2021 01:24:11.414,1.16844,1.1684200000000002,0.75,0.37
20.08.2021 01:24:12.934,1.16845,1.1684200000000002,0.75,0.56
20.08.2021 01:24:30.533,1.16843,1.1684100000000002,0.75,0.45
20.08.2021 01:24:30.736,1.1684200000000002,1.16839,0.75,0.37
20.08.2021 01:24:33.143,1.16843,1.1684,1.95,0.75
20.08.2021 01:24:34.219,1.16844,1.1684100000000002,3.07,0.75
20.08.2021 01:24:38.149,1.16844,1.1684200000000002,0.82,0.75
20.08.2021 01:24:40.221,1.16844,1.1684100000000002,1.2,0.75
20.08.2021 01:24:44.118,1.16843,1.1684100000000002,0.75,0.75
20.08.2021 01:24:44.299,1.16844,1.1684100000000002,2.7,0.75
20.08.2021 01:24:46.012,1.16843,1.1684,0.82,0.75
20.08.2021 01:24:46.063,1.1684200000000002,1.16838,0.82,0.75
20.08.2021 01:24:46.164,1.1684200000000002,1.16839,0.82,0.75
20.08.2021 01:24:46.266,1.1684200000000002,1.16838,0.1,0.75
20.08.2021 01:24:46.368,1.1684200000000002,1.16839,0.1,0.75
20.08.2021 01:24:46.520,1.16843,1.16839,1.57,0.75
20.08.2021 01:24:46.622,1.16843,1.1684,1.57,0.75
20.08.2021 01:24:48.457,1.16843,1.16838,2.32,0.75
20.08.2021 01:24:48.558,1.1684100000000002,1.16839,0.82,0.75
20.08.2021 01:24:48.812,1.1684100000000002,1.16838,0.75,0.75
20.08.2021 01:24:48.913,1.1684200000000002,1.16838,2.7,0.75
20.08.2021 01:24:49.751,1.1684100000000002,1.16838,0.75,0.75
20.08.2021 01:24:49.904,1.1684,1.1683700000000001,0.1,0.75
20.08.2021 01:24:50.056,1.1684100000000002,1.1683700000000001,0.75,2.06
20.08.2021 01:24:50.108,1.1684200000000002,1.16839,2.32,0.75
20.08.2021 01:24:51.285,1.16843,1.16839,1.57,0.75
20.08.2021 01:24:51.617,1.16843,1.1684100000000002,0.75,0.75
20.08.2021 01:24:51.718,1.16843,1.1684,0.75,0.75
20.08.2021 01:24:54.295,1.16844,1.1684200000000002,0.1,0.75
20.08.2021 01:24:54.629,1.16843,1.1684200000000002,0.75,0.75
20.08.2021 01:24:54.768,1.16843,1.1684,0.75,0.75
20.08.2021 01:24:54.936,1.16844,1.1684200000000002,7.31,0.75
20.08.2021 01:24:57.930,1.16844,1.1684100000000002,1.2,0.75
20.08.2021 01:24:58.915,1.16844,1.1684200000000002,0.45,0.75
20.08.2021 01:24:59.036,1.16844,1.1684100000000002,0.45,0.75
20.08.2021 01:24:59.301,1.16845,1.1684200000000002,0.82,0.75
20.08.2021 01:25:00.609,1.16844,1.1684200000000002,0.37,0.75
20.08.2021 01:25:00.735,1.16844,1.1684100000000002,1.12,0.75
20.08.2021 01:25:01.794,1.16845,1.1684200000000002,2.32,0.75
20.08.2021 01:25:02.424,1.16846,1.16843,0.75,2.44
20.08.2021 01:25:03.482,1.16845,1.16843,0.75,0.75
20.08.2021 01:25:03.592,1.16845,1.1684200000000002,1.5,0.75
20.08.2021 01:25:08.623,1.16846,1.16843,1.5,0.75
20.08.2021 01:25:14.612,1.16845,1.16843,0.75,0.75
20.08.2021 01:25:14.721,1.16846,1.16843,1.5,0.75
20.08.2021 01:25:34.269,1.16845,1.1684200000000002,1.5,0.75
20.08.2021 01:25:44.348,1.16844,1.1684200000000002,6.82,0.75
20.08.2021 01:25:46.471,1.16845,1.1684200000000002,0.75,0.75
20.08.2021 01:25:51.936,1.16846,1.16843,0.75,0.75
20.08.2021 01:26:06.952,1.16849,1.16846,5.62,0.75
20.08.2021 01:26:07.054,1.1685100000000002,1.16848,1.5,0.75
20.08.2021 01:26:07.207,1.1685200000000002,1.16849,0.75,0.75
20.08.2021 01:26:09.943,1.16854,1.1685100000000002,2.51,0.75
20.08.2021 01:26:27.987,1.16853,1.1685,0.75,0.75
20.08.2021 01:26:47.983,1.16855,1.1685100000000002,0.75,0.75
20.08.2021 01:26:48.084,1.16855,1.1685200000000002,3.45,1.69
20.08.2021 01:26:48.186,1.16856,1.16853,0.75,0.75
20.08.2021 01:26:48.287,1.16857,1.16853,0.75,0.75
20.08.2021 01:26:49.874,1.16856,1.16854,0.75,0.75
20.08.2021 01:26:50.033,1.16856,1.16853,0.75,0.75
20.08.2021 01:26:50.188,1.16856,1.16854,3.45,0.75
20.08.2021 01:26:51.501,1.16855,1.1685200000000002,0.75,0.75
20.08.2021 01:26:57.965,1.16854,1.1685200000000002,0.75,0.75
20.08.2021 01:26:58.168,1.16854,1.1685100000000002,1.12,0.75
20.08.2021 01:27:00.420,1.1685200000000002,1.16849,0.75,0.75
20.08.2021 01:27:01.115,1.1685200000000002,1.16848,1.12,0.75
20.08.2021 01:27:06.937,1.1685100000000002,1.16848,0.75,0.75
20.08.2021 01:27:07.038,1.1685,1.1684700000000001,1.5,0.75
20.08.2021 01:27:07.190,1.1685,1.16846,3.37,0.75
20.08.2021 01:27:07.398,1.1685,1.1684700000000001,1.5,0.75
20.08.2021 01:27:08.016,1.16849,1.16845,0.75,2.96
20.08.2021 01:27:08.812,1.16848,1.16844,1.12,3.11
20.08.2021 01:27:09.795,1.16849,1.16846,2.62,0.75
20.08.2021 01:27:09.896,1.16849,1.1684700000000001,0.75,0.75
20.08.2021 01:27:09.998,1.1685,1.1684700000000001,4.57,0.75
20.08.2021 01:27:10.048,1.16849,1.16845,0.75,1.69
20.08.2021 01:27:15.207,1.1684700000000001,1.16845,1.5,4.87
20.08.2021 01:27:16.194,1.16848,1.16845,0.75,0.75
20.08.2021 01:27:33.415,1.1684700000000001,1.16844,0.75,0.82
20.08.2021 01:27:33.567,1.16848,1.16845,0.75,0.94
20.08.2021 01:27:36.936,1.16849,1.16846,0.75,0.75
20.08.2021 01:27:37.407,1.1685,1.1684700000000001,0.75,0.94
20.08.2021 01:27:47.679,1.1685100000000002,1.16848,2.25,0.75
20.08.2021 01:27:56.677,1.1685,1.1684700000000001,0.75,0.94
20.08.2021 01:28:00.879,1.1685200000000002,1.1685100000000002,0.75,0.75
20.08.2021 01:28:01.031,1.1685100000000002,1.16849,0.75,2.25
20.08.2021 01:28:01.082,1.16853,1.1685,2.62,0.75
20.08.2021 01:28:02.021,1.1685200000000002,1.16849,0.75,0.75
20.08.2021 01:28:04.628,1.1685100000000002,1.16848,0.75,0.75
20.08.2021 01:28:06.490,1.16849,1.16848,0.75,0.75
20.08.2021 01:28:14.284,1.16849,1.16846,0.75,0.75
20.08.2021 01:28:16.367,1.16848,1.16845,0.75,0.75
20.08.2021 01:28:30.828,1.16846,1.16843,0.75,2.89
20.08.2021 01:28:31.031,1.16845,1.1684200000000002,0.75,2.51
20.08.2021 01:28:31.615,1.16846,1.16843,0.75,0.75
20.08.2021 01:28:31.716,1.16848,1.16845,1.2,0.75
20.08.2021 01:28:32.818,1.1685,1.1684700000000001,6.49,0.75
20.08.2021 01:28:35.408,1.1685,1.16849,1.5,0.75
20.08.2021 01:28:50.292,1.16853,1.16849,6.49,0.94
20.08.2021 01:28:50.343,1.16853,1.1685100000000002,4.24,0.75
20.08.2021 01:28:50.444,1.16854,1.1685100000000002,1.12,0.75
20.08.2021 01:28:51.102,1.16855,1.1685200000000002,1.5,0.75
20.08.2021 01:28:55.144,1.16853,1.16849,0.75,0.82
20.08.2021 01:28:55.245,1.1685200000000002,1.16849,2.14,0.75
20.08.2021 01:28:59.115,1.1685100000000002,1.16849,0.75,1.12
20.08.2021 01:29:00.452,1.16853,1.16848,2.14,1.12
20.08.2021 01:29:00.502,1.16853,1.1685,2.14,0.75
20.08.2021 01:29:01.525,1.16854,1.1685200000000002,0.45,0.75
20.08.2021 01:29:01.628,1.16855,1.16853,2.25,0.75
20.08.2021 01:29:28.357,1.16854,1.16849,0.75,1.27
20.08.2021 01:29:30.115,1.16854,1.1685100000000002,1.5,0.75
20.08.2021 01:29:39.961,1.16855,1.1685200000000002,3.45,0.75
20.08.2021 01:29:45.572,1.16854,1.1685100000000002,0.75,0.75
20.08.2021 01:29:48.146,1.16855,1.1685200000000002,1.12,0.75
20.08.2021 01:29:49.088,1.16855,1.16853,0.37,0.75
20.08.2021 01:29:54.568,1.16855,1.16854,2.7,0.75
20.08.2021 01:29:59.226,1.16855,1.1685200000000002,2.62,0.75
20.08.2021 01:30:00.273,1.16854,1.1685200000000002,0.37,0.75
20.08.2021 01:30:00.430,1.16853,1.1685,0.75,1.87
20.08.2021 01:30:06.982,1.1685200000000002,1.16849,0.75,0.94
20.08.2021 01:30:07.723,1.1685100000000002,1.16849,0.75,0.19
20.08.2021 01:30:13.523,1.1685,1.1684700000000001,0.75,1.69
20.08.2021 01:30:13.745,1.1685,1.16848,0.75,0.75
20.08.2021 01:30:14.226,1.1685,1.1684700000000001,0.75,2.51
20.08.2021 01:30:15.919,1.1685100000000002,1.16848,0.75,0.75
20.08.2021 01:30:19.067,1.1685,1.1684700000000001,0.75,2.44
20.08.2021 01:30:24.138,1.16848,1.16846,1.12,6.41
20.08.2021 01:30:24.290,1.16846,1.16844,0.75,1.2
20.08.2021 01:30:24.392,1.16846,1.16843,0.75,0.75
20.08.2021 01:30:31.507,1.16845,1.1684200000000002,1.5,0.75
20.08.2021 01:30:31.609,1.16844,1.1684100000000002,0.75,0.75
20.08.2021 01:30:31.710,1.1684200000000002,1.1684100000000002,0.75,1.5
20.08.2021 01:30:31.964,1.16843,1.1684100000000002,0.75,0.75
20.08.2021 01:30:32.970,1.16843,1.1684,0.75,0.75
20.08.2021 01:30:33.325,1.16844,1.1684100000000002,0.82,0.75
20.08.2021 01:30:33.477,1.16846,1.16843,0.82,0.75
20.08.2021 01:30:40.113,1.1684700000000001,1.16844,0.75,0.75
20.08.2021 01:30:40.785,1.16848,1.16846,0.75,0.75
20.08.2021 01:30:45.810,1.1684700000000001,1.16844,0.75,2.66
20.08.2021 01:30:46.316,1.16848,1.16845,0.75,0.75
20.08.2021 01:30:46.720,1.1684700000000001,1.16844,0.75,0.75
20.08.2021 01:30:48.508,1.1685,1.1684700000000001,4.99,1.69
20.08.2021 01:30:48.813,1.1685100000000002,1.16848,0.75,0.75
20.08.2021 01:30:49.380,1.16849,1.16846,0.75,0.75
20.08.2021 01:30:49.532,1.16848,1.16845,0.75,2.7
20.08.2021 01:30:50.408,1.16849,1.16846,0.75,2.51
20.08.2021 01:30:50.651,1.16849,1.1684700000000001,0.75,0.19
20.08.2021 01:30:52.187,1.1685,1.16848,0.75,0.19
20.08.2021 01:30:53.570,1.1685,1.1684700000000001,0.75,2.14
20.08.2021 01:30:53.723,1.16849,1.1684700000000001,0.75,2.21
20.08.2021 01:31:01.083,1.16849,1.16846,0.75,1.57
20.08.2021 01:31:02.582,1.16849,1.1684700000000001,0.75,0.75
20.08.2021 01:31:04.596,1.16849,1.16846,0.75,4.46
20.08.2021 01:31:06.936,1.16849,1.16846,0.75,10.87
20.08.2021 01:31:09.977,1.1685,1.16848,0.1,0.75
20.08.2021 01:31:10.150,1.1685100000000002,1.16848,0.75,0.75
20.08.2021 01:31:10.259,1.1685100000000002,1.16849,0.75,3.45
20.08.2021 01:31:10.361,1.1685,1.1684700000000001,0.75,4.12
20.08.2021 01:31:10.462,1.16849,1.1684700000000001,0.75,1.01
20.08.2021 01:31:14.820,1.16849,1.16846,0.75,0.75
20.08.2021 01:31:14.972,1.16848,1.16845,0.75,2.25
20.08.2021 01:31:20.185,1.16848,1.16846,0.75,0.94
20.08.2021 01:31:24.953,1.16849,1.16846,0.75,1.76
20.08.2021 01:31:29.431,1.16848,1.16846,0.75,1.01
20.08.2021 01:31:35.423,1.16849,1.16846,0.75,2.14
20.08.2021 01:31:51.173,1.16848,1.16846,0.75,8.17
20.08.2021 01:31:52.574,1.16848,1.16845,0.75,3.26
20.08.2021 01:31:56.576,1.1684700000000001,1.16844,0.75,1.5
20.08.2021 01:31:57.013,1.16846,1.16843,0.75,2.51
20.08.2021 01:32:05.123,1.1684700000000001,1.16844,0.75,0.75
20.08.2021 01:32:11.511,1.16845,1.16843,0.75,2.44
20.08.2021 01:32:11.613,1.16846,1.16843,0.75,0.75
20.08.2021 01:32:11.715,1.16845,1.1684200000000002,0.75,1.76
20.08.2021 01:32:11.918,1.16846,1.16843,0.75,0.75
20.08.2021 01:32:12.071,1.16845,1.16843,0.75,3.34
20.08.2021 01:32:12.173,1.16845,1.16843,0.75,0.94
20.08.2021 01:32:12.694,1.16846,1.16843,0.75,2.44
20.08.2021 01:32:12.800,1.16845,1.16843,0.75,1.69
20.08.2021 01:32:15.035,1.16845,1.1684200000000002,0.75,1.01
20.08.2021 01:32:42.488,1.16844,1.1684100000000002,1.12,0.75
20.08.2021 01:32:42.640,1.1684200000000002,1.16839,0.75,1.95
20.08.2021 01:32:42.741,1.1684100000000002,1.16838,0.75,0.75
20.08.2021 01:32:46.991,1.1684,1.1683700000000001,1.5,0.75
20.08.2021 01:32:47.243,1.1684100000000002,1.16838,2.25,0.75
20.08.2021 01:32:50.111,1.1684200000000002,1.16839,0.75,0.75
20.08.2021 01:32:57.982,1.1684100000000002,1.16838,0.75,0.75
20.08.2021 01:33:00.996,1.1684,1.16838,0.75,0.75
20.08.2021 01:33:01.047,1.16839,1.16836,0.75,0.75
20.08.2021 01:33:02.238,1.16839,1.1683700000000001,0.75,0.19
20.08.2021 01:33:02.358,1.1684100000000002,1.16838,1.5,0.75
20.08.2021 01:33:03.374,1.1684,1.1683700000000001,1.5,0.75
20.08.2021 01:33:03.476,1.16838,1.1683700000000001,1.5,0.75
20.08.2021 01:33:04.144,1.16839,1.1683700000000001,0.75,0.26
20.08.2021 01:33:05.295,1.1684,1.1683700000000001,0.75,0.94
20.08.2021 01:33:08.165,1.16839,1.16836,1.12,1.5
20.08.2021 01:33:12.936,1.16838,1.16835,0.75,0.75
20.08.2021 01:33:13.949,1.16839,1.16836,1.95,0.75
20.08.2021 01:33:17.455,1.1683700000000001,1.16836,0.75,0.75
20.08.2021 01:33:17.646,1.1684,1.1683700000000001,2.32,0.75
20.08.2021 01:33:18.414,1.16839,1.16836,0.45,0.75
20.08.2021 01:33:18.515,1.16838,1.16836,0.75,0.75
20.08.2021 01:33:19.878,1.16839,1.16836,6.94,0.75
20.08.2021 01:33:21.935,1.16838,1.16835,0.75,0.82
20.08.2021 01:33:23.041,1.1684,1.16838,4.69,0.1
20.08.2021 01:33:23.195,1.1684100000000002,1.16838,0.75,0.82
20.08.2021 01:33:27.190,1.16839,1.16836,1.12,0.82
20.08.2021 01:33:27.292,1.16838,1.16835,0.75,2.77
20.08.2021 01:33:29.485,1.1683700000000001,1.16834,0.75,0.75
20.08.2021 01:33:33.202,1.16838,1.16835,0.75,0.75
20.08.2021 01:33:41.626,1.1683700000000001,1.16834,0.75,0.82
20.08.2021 01:33:57.872,1.16838,1.16835,0.75,0.75
20.08.2021 01:33:58.096,1.16839,1.16838,0.75,0.19
20.08.2021 01:33:58.198,1.1684,1.1683700000000001,0.75,0.82
20.08.2021 01:34:00.388,1.1684200000000002,1.16839,0.75,0.94
20.08.2021 01:34:00.858,1.1684100000000002,1.16838,0.75,0.75
20.08.2021 01:34:03.509,1.1684,1.1683700000000001,0.75,1.76
20.08.2021 01:34:05.316,1.16839,1.1683700000000001,0.75,0.1
20.08.2021 01:34:17.132,1.16838,1.16836,0.75,0.45
20.08.2021 01:34:17.234,1.16838,1.16835,0.75,0.82
20.08.2021 01:34:17.437,1.16836,1.16834,0.75,1.01
20.08.2021 01:34:18.404,1.16836,1.16833,0.75,2.32
20.08.2021 01:34:33.367,1.1683700000000001,1.16834,0.75,0.75
20.08.2021 01:34:38.716,1.16836,1.16833,0.75,1.39
20.08.2021 01:34:42.041,1.16835,1.16833,0.75,0.26
20.08.2021 01:34:42.505,1.16835,1.16832,0.75,0.82
20.08.2021 01:34:43.139,1.16833,1.1683100000000002,0.75,0.75
20.08.2021 01:34:43.242,1.16833,1.1683000000000001,0.75,1.76
20.08.2021 01:34:45.266,1.16834,1.1683100000000002,0.75,1.01
20.08.2021 01:34:45.377,1.16835,1.16832,0.75,0.82
20.08.2021 01:34:45.478,1.16835,1.16833,0.75,0.1
20.08.2021 01:34:49.249,1.16835,1.16832,0.75,2.7
20.08.2021 01:34:52.011,1.16834,1.16832,0.75,0.1
20.08.2021 01:34:53.472,1.16836,1.16833,0.75,1.12
20.08.2021 01:34:57.949,1.1683700000000001,1.16834,0.75,0.75
20.08.2021 01:35:04.293,1.16838,1.16834,0.75,0.82
20.08.2021 01:35:04.395,1.1683700000000001,1.16834,0.75,0.82
20.08.2021 01:35:05.168,1.16838,1.16835,0.75,0.75
20.08.2021 01:35:05.534,1.16839,1.16836,0.75,0.75
20.08.2021 01:35:05.635,1.16839,1.16835,1.12,1.57
20.08.2021 01:35:06.597,1.16838,1.16835,0.75,0.75
20.08.2021 01:35:17.069,1.16839,1.16835,2.44,0.75
20.08.2021 01:35:21.935,1.16839,1.16836,1.12,0.75
20.08.2021 01:35:27.862,1.1684,1.1683700000000001,2.02,0.75
20.08.2021 01:35:33.935,1.1684100000000002,1.1683700000000001,0.82,0.75
20.08.2021 01:35:44.356,1.1684,1.1683700000000001,0.75,0.75
20.08.2021 01:35:47.852,1.16839,1.16836,0.75,0.75
20.08.2021 01:35:50.454,1.16838,1.16835,0.75,0.82
20.08.2021 01:36:01.533,1.1684100000000002,1.1683700000000001,3.07,2.44
20.08.2021 01:36:01.635,1.1684200000000002,1.1684,4.24,2.14
20.08.2021 01:36:01.686,1.16844,1.1684,0.75,1.39
20.08.2021 01:36:01.738,1.1684200000000002,1.1684,0.75,0.75
20.08.2021 01:36:01.841,1.1684200000000002,1.16839,0.75,2.32
20.08.2021 01:36:02.095,1.1684100000000002,1.16838,0.75,2.02
20.08.2021 01:36:02.197,1.1684200000000002,1.16839,0.75,0.82
20.08.2021 01:36:05.875,1.1684200000000002,1.1684,0.75,0.1
20.08.2021 01:36:08.794,1.16843,1.1684100000000002,0.75,0.1
20.08.2021 01:36:08.999,1.16843,1.1684,0.75,0.1
20.08.2021 01:36:12.086,1.16843,1.1684100000000002,0.75,0.1
20.08.2021 01:36:12.238,1.16843,1.1684,0.75,3.56
20.08.2021 01:36:12.493,1.16844,1.1684200000000002,0.75,0.1
20.08.2021 01:36:12.645,1.16845,1.1684200000000002,0.75,0.82
20.08.2021 01:36:12.746,1.16845,1.16843,0.75,0.1
20.08.2021 01:36:13.050,1.16844,1.16843,0.75,0.52
20.08.2021 01:36:14.242,1.16844,1.1684200000000002,0.75,0.1
20.08.2021 01:36:18.231,1.16844,1.1684100000000002,0.75,0.82
20.08.2021 01:36:18.384,1.16844,1.1684200000000002,0.75,0.1
20.08.2021 01:36:20.664,1.16844,1.1684100000000002,0.75,0.82
20.08.2021 01:36:20.765,1.16843,1.1684,0.75,0.82
20.08.2021 01:36:21.337,1.16843,1.16839,0.75,0.82
20.08.2021 01:36:21.491,1.1684200000000002,1.16839,0.75,0.82
20.08.2021 01:36:23.836,1.1684100000000002,1.16838,0.75,1.01
20.08.2021 01:36:23.937,1.1684,1.16838,0.75,1.57
20.08.2021 01:36:24.038,1.16839,1.1683700000000001,0.75,0.1
20.08.2021 01:36:29.178,1.1684,1.1683700000000001,0.75,0.1
20.08.2021 01:36:32.094,1.1684,1.16836,0.75,1.95
20.08.2021 01:36:35.080,1.16839,1.16836,0.75,1.95
20.08.2021 01:36:35.238,1.16838,1.16835,0.75,1.2
20.08.2021 01:36:35.339,1.16838,1.16834,0.82,1.2
20.08.2021 01:36:35.441,1.1683700000000001,1.16834,0.75,1.2
20.08.2021 01:36:37.379,1.1683700000000001,1.16833,1.5,0.82
20.08.2021 01:36:37.480,1.16835,1.16832,0.75,1.95
20.08.2021 01:36:47.936,1.16832,1.16829,0.75,7.31
20.08.2021 01:36:48.088,1.1683100000000002,1.16829,0.75,1.2
20.08.2021 01:36:48.189,1.1683100000000002,1.16828,0.75,0.1
20.08.2021 01:36:50.768,1.1683100000000002,1.1682700000000001,0.75,2.89
20.08.2021 01:36:52.465,1.1683000000000001,1.16829,0.75,0.1
20.08.2021 01:36:54.486,1.1683100000000002,1.1682700000000001,0.75,2.14
20.08.2021 01:36:56.165,1.1683000000000001,1.1682700000000001,0.75,2.89
20.08.2021 01:36:56.584,1.1683000000000001,1.16828,0.75,0.1
20.08.2021 01:36:56.685,1.1683000000000001,1.1682700000000001,0.75,0.82
20.08.2021 01:36:56.786,1.16829,1.16826,0.75,1.57
20.08.2021 01:36:56.889,1.16828,1.16826,0.75,0.82
20.08.2021 01:36:59.743,1.16828,1.16825,0.75,3.07
20.08.2021 01:37:00.255,1.16828,1.16826,0.75,0.45
20.08.2021 01:37:00.407,1.16829,1.16826,0.75,1.2
20.08.2021 01:37:01.219,1.16828,1.16825,0.75,3.49
20.08.2021 01:37:01.422,1.1682700000000001,1.16824,0.75,2.32
20.08.2021 01:37:01.574,1.1682700000000001,1.1682299999999999,0.75,3.19
20.08.2021 01:37:01.675,1.16826,1.1682299999999999,0.75,2.02
20.08.2021 01:37:01.777,1.16825,1.1682299999999999,0.75,4.24
20.08.2021 01:37:02.133,1.16825,1.16822,0.75,2.77
20.08.2021 01:37:02.235,1.16824,1.1682100000000002,0.75,3.19
20.08.2021 01:37:07.644,1.16825,1.16822,1.01,0.75
20.08.2021 01:37:08.803,1.1682700000000001,1.16824,0.82,0.75
20.08.2021 01:37:08.905,1.16829,1.16826,5.44,0.75
20.08.2021 01:37:09.648,1.1683000000000001,1.1682700000000001,0.82,0.75
20.08.2021 01:37:11.596,1.16832,1.16829,1.27,0.75
20.08.2021 01:37:12.538,1.16833,1.1683000000000001,0.82,0.75
20.08.2021 01:37:15.720,1.16834,1.1683100000000002,0.82,0.75
20.08.2021 01:37:15.872,1.16835,1.16833,0.1,0.75
20.08.2021 01:37:15.973,1.16836,1.16834,0.9,0.75
20.08.2021 01:37:18.102,1.16834,1.16833,0.75,1.5
20.08.2021 01:37:23.498,1.1683700000000001,1.16835,0.1,0.75
20.08.2021 01:37:23.650,1.16836,1.16833,0.75,0.75
20.08.2021 01:37:31.774,1.1683700000000001,1.16833,1.12,0.75
20.08.2021 01:37:31.876,1.16836,1.16833,0.75,0.75
20.08.2021 01:37:33.406,1.16838,1.16834,2.89,0.75
20.08.2021 01:37:33.666,1.1683700000000001,1.16833,0.94,0.75
20.08.2021 01:37:33.919,1.16836,1.16833,0.19,0.75
20.08.2021 01:37:34.290,1.16836,1.16834,1.76,0.75
20.08.2021 01:37:34.394,1.16836,1.16833,0.75,0.75
20.08.2021 01:37:36.031,1.1683700000000001,1.16835,1.12,0.75
20.08.2021 01:37:36.082,1.16839,1.16836,1.95,0.75
20.08.2021 01:37:41.219,1.1683700000000001,1.16836,0.75,0.75
20.08.2021 01:37:43.430,1.16838,1.16834,1.87,0.75
20.08.2021 01:37:43.582,1.16836,1.16833,0.75,0.75
20.08.2021 01:37:43.684,1.1683700000000001,1.16834,0.75,0.75
20.08.2021 01:37:44.476,1.16838,1.16834,1.2,0.75
20.08.2021 01:37:46.310,1.16839,1.16835,2.06,0.75
20.08.2021 01:37:46.414,1.16839,1.16836,0.75,0.75
20.08.2021 01:37:46.515,1.1684,1.1683700000000001,0.75,0.75
20.08.2021 01:37:48.702,1.1684,1.16838,2.44,0.75
20.08.2021 01:37:52.999,1.1684100000000002,1.1683700000000001,1.5,0.75
20.08.2021 01:37:55.260,1.1684,1.16836,0.75,1.5
20.08.2021 01:37:57.400,1.1684100000000002,1.16838,1.5,0.75
20.08.2021 01:37:59.100,1.1684100000000002,1.1683700000000001,1.5,0.75
20.08.2021 01:38:00.845,1.1684100000000002,1.16838,1.5,0.75
20.08.2021 01:38:01.654,1.16839,1.16838,0.75,0.75
20.08.2021 01:38:03.173,1.1684,1.16836,0.75,2.32
20.08.2021 01:38:03.343,1.1684,1.1683700000000001,0.75,0.75
20.08.2021 01:38:07.269,1.16839,1.16835,0.75,2.25
20.08.2021 01:38:07.524,1.16838,1.16835,0.75,1.5
20.08.2021 01:38:07.626,1.16838,1.1683700000000001,0.75,1.5
20.08.2021 01:38:07.779,1.1684,1.1683700000000001,0.75,0.75
20.08.2021 01:38:09.133,1.1684100000000002,1.1683700000000001,1.5,0.75
20.08.2021 01:38:10.275,1.16839,1.16836,0.75,1.5
20.08.2021 01:38:15.444,1.1684,1.1683700000000001,0.75,1.5
20.08.2021 01:38:15.546,1.1684100000000002,1.1683700000000001,1.87,1.5
20.08.2021 01:38:18.297,1.1684,1.1683700000000001,0.75,1.5
20.08.2021 01:38:19.216,1.16839,1.16836,2.06,0.75
20.08.2021 01:38:23.463,1.16839,1.16838,0.75,0.75
20.08.2021 01:38:28.737,1.16839,1.16836,1.2,0.75
20.08.2021 01:38:28.838,1.16838,1.16835,0.75,0.75
20.08.2021 01:38:31.636,1.16838,1.16836,2.32,0.75
20.08.2021 01:38:31.788,1.16838,1.16836,0.1,0.75
20.08.2021 01:38:32.268,1.16838,1.16835,0.82,0.75
20.08.2021 01:38:35.693,1.1683700000000001,1.16834,0.82,0.75
20.08.2021 01:38:35.794,1.16836,1.16833,0.75,0.75
20.08.2021 01:38:35.946,1.16836,1.16832,0.82,0.75
20.08.2021 01:38:37.618,1.16834,1.1683100000000002,1.2,1.5
20.08.2021 01:38:37.770,1.16833,1.1683000000000001,0.75,0.75
20.08.2021 01:38:38.174,1.16832,1.16829,0.75,0.75
20.08.2021 01:38:45.260,1.1683100000000002,1.16828,0.75,0.75
20.08.2021 01:38:46.653,1.16832,1.16829,0.75,0.75
20.08.2021 01:38:49.108,1.1683100000000002,1.16828,0.75,0.75
20.08.2021 01:38:49.411,1.16829,1.16826,1.31,1.95
20.08.2021 01:38:49.513,1.16828,1.16825,0.75,0.75
20.08.2021 01:38:50.740,1.1682700000000001,1.16824,0.75,0.75
20.08.2021 01:38:51.009,1.16826,1.16824,0.75,1.87
20.08.2021 01:38:52.750,1.16824,1.1682299999999999,0.75,0.75
20.08.2021 01:38:52.902,1.16824,1.16822,0.75,0.75
20.08.2021 01:38:53.003,1.16824,1.1682100000000002,0.75,1.12
20.08.2021 01:38:56.026,1.16825,1.16822,2.25,0.75
20.08.2021 01:38:57.692,1.1682700000000001,1.1682299999999999,0.75,0.75
20.08.2021 01:38:59.904,1.16826,1.1682299999999999,0.75,0.75
20.08.2021 01:39:00.057,1.16826,1.16822,0.75,0.75
20.08.2021 01:39:00.674,1.16825,1.1682100000000002,2.89,0.75
20.08.2021 01:39:00.828,1.16824,1.1682100000000002,0.75,0.75
20.08.2021 01:39:01.132,1.1682299999999999,1.1682000000000001,0.75,0.75
20.08.2021 01:39:02.386,1.16824,1.1682100000000002,2.21,0.75
20.08.2021 01:39:06.346,1.16825,1.1682100000000002,0.75,0.75
20.08.2021 01:39:06.447,1.16825,1.16822,0.75,0.75
20.08.2021 01:39:06.852,1.16826,1.1682299999999999,0.82,0.75
20.08.2021 01:39:07.908,1.16826,1.16825,0.82,0.75
20.08.2021 01:39:08.010,1.16828,1.16825,0.82,0.75
20.08.2021 01:39:17.043,1.16826,1.16825,0.26,0.75
20.08.2021 01:39:17.094,1.16826,1.1682299999999999,0.1,0.75
20.08.2021 01:39:18.223,1.16825,1.16822,2.44,0.75
20.08.2021 01:39:18.375,1.16824,1.16822,1.31,0.75
20.08.2021 01:39:19.547,1.1682000000000001,1.16819,0.94,5.36
20.08.2021 01:39:19.649,1.1682000000000001,1.1681700000000002,0.75,1.5
20.08.2021 01:39:19.800,1.16822,1.16818,2.14,0.75
20.08.2021 01:39:20.511,1.16822,1.16819,1.39,0.75
20.08.2021 01:39:22.824,1.1682299999999999,1.1682000000000001,1.2,0.75
20.08.2021 01:39:25.756,1.16822,1.16819,0.75,0.75
20.08.2021 01:39:31.365,1.16822,1.16818,0.75,2.25
20.08.2021 01:39:32.668,1.1682299999999999,1.16819,0.82,0.75
20.08.2021 01:39:39.644,1.1682100000000002,1.1682000000000001,0.75,0.75
20.08.2021 01:39:41.315,1.1682299999999999,1.16819,0.82,0.75
20.08.2021 01:39:48.013,1.1682299999999999,1.1682000000000001,0.75,0.75
20.08.2021 01:39:48.226,1.16824,1.1682000000000001,2.32,0.75
20.08.2021 01:39:51.129,1.1682299999999999,1.16819,0.75,0.75
20.08.2021 01:39:58.641,1.16822,1.16819,0.75,0.75
20.08.2021 01:40:00.635,1.1682299999999999,1.1682000000000001,1.12,0.75
20.08.2021 01:40:10.024,1.16825,1.1682100000000002,1.5,1.5
20.08.2021 01:40:10.126,1.16825,1.16822,0.75,0.75
20.08.2021 01:40:10.279,1.16825,1.1682100000000002,0.82,0.75
20.08.2021 01:40:10.380,1.16824,1.1682299999999999,0.75,0.75
20.08.2021 01:40:10.704,1.16826,1.16822,0.82,0.75
20.08.2021 01:40:11.222,1.16825,1.16822,0.75,0.75
20.08.2021 01:40:12.844,1.16826,1.16822,0.82,0.75
20.08.2021 01:40:23.246,1.1682700000000001,1.16824,0.1,0.75
20.08.2021 01:40:23.347,1.16828,1.16825,1.95,0.75
20.08.2021 01:40:24.328,1.16829,1.16825,2.51,0.75
20.08.2021 01:40:25.428,1.1683000000000001,1.16826,0.82,0.75
20.08.2021 01:40:25.529,1.1683100000000002,1.16828,4.31,0.75
20.08.2021 01:40:25.630,1.16832,1.16828,1.95,0.75
20.08.2021 01:40:27.435,1.16832,1.16829,0.75,0.75
20.08.2021 01:40:27.738,1.16833,1.1683000000000001,1.87,0.75
20.08.2021 01:40:32.333,1.16834,1.1683000000000001,1.57,0.75
20.08.2021 01:40:32.434,1.16834,1.1683100000000002,0.37,0.75
20.08.2021 01:40:34.058,1.16835,1.1683100000000002,1.2,0.75
20.08.2021 01:40:35.353,1.16836,1.16832,1.95,0.75
20.08.2021 01:40:35.455,1.16836,1.16833,0.75,0.75
20.08.2021 01:40:36.616,1.16836,1.16832,1.95,0.75
20.08.2021 01:40:36.827,1.16836,1.16833,1.95,0.75
20.08.2021 01:40:40.092,1.16836,1.16832,1.87,0.75
20.08.2021 01:40:44.286,1.16835,1.16832,0.75,0.75
20.08.2021 01:40:46.531,1.1683700000000001,1.16835,4.24,0.75
20.08.2021 01:40:46.582,1.16839,1.16835,1.2,1.5
20.08.2021 01:40:49.816,1.1684,1.1683700000000001,1.5,0.75
20.08.2021 01:40:50.019,1.16839,1.16836,0.75,0.75
20.08.2021 01:41:02.061,1.16838,1.16835,1.12,1.5
20.08.2021 01:41:02.163,1.1683700000000001,1.16834,0.75,2.7
20.08.2021 01:41:03.090,1.16836,1.16833,0.75,0.75
20.08.2021 01:41:03.191,1.16836,1.16832,0.75,1.5
20.08.2021 01:41:03.293,1.16835,1.16832,0.75,0.75
20.08.2021 01:41:06.762,1.16836,1.16833,0.75,0.75
20.08.2021 01:41:07.786,1.1683700000000001,1.16833,1.87,0.75
20.08.2021 01:41:07.937,1.1683700000000001,1.16834,0.75,0.75
20.08.2021 01:41:08.039,1.16838,1.16834,0.75,0.75
20.08.2021 01:41:11.719,1.16839,1.16835,3.26,0.75
20.08.2021 01:41:15.634,1.16839,1.16836,1.87,0.75
20.08.2021 01:41:16.414,1.1684,1.1683700000000001,2.62,0.75
20.08.2021 01:41:22.336,1.1684100000000002,1.1683700000000001,2.62,0.75
20.08.2021 01:41:22.437,1.1684100000000002,1.16838,2.62,0.75
20.08.2021 01:41:34.688,1.1684100000000002,1.16839,0.37,1.69
20.08.2021 01:41:34.790,1.16843,1.1684200000000002,2.62,0.75
20.08.2021 01:41:34.892,1.1684100000000002,1.16839,0.37,1.57
20.08.2021 01:41:43.222,1.16844,1.1684100000000002,2.62,0.75
20.08.2021 01:41:46.976,1.16845,1.1684200000000002,1.87,0.75
20.08.2021 01:41:49.957,1.16846,1.16843,1.12,0.75
20.08.2021 01:41:50.069,1.1684700000000001,1.16844,1.12,0.75
20.08.2021 01:41:50.171,1.1684700000000001,1.16843,1.12,0.75
20.08.2021 01:41:50.222,1.1684700000000001,1.16845,1.95,0.75
20.08.2021 01:41:51.448,1.1684700000000001,1.16844,0.37,0.75
20.08.2021 01:41:51.549,1.1684700000000001,1.16845,1.12,0.75
20.08.2021 01:41:51.650,1.16849,1.16846,2.62,0.75
20.08.2021 01:42:00.920,1.16848,1.16845,0.37,0.75
20.08.2021 01:42:01.023,1.1684700000000001,1.16843,0.75,1.5
20.08.2021 01:42:01.124,1.16846,1.16843,0.75,0.75
20.08.2021 01:42:04.624,1.16846,1.1684200000000002,0.75,0.94
20.08.2021 01:42:09.959,1.16846,1.16843,0.75,0.75
20.08.2021 01:42:13.017,1.16845,1.1684200000000002,1.12,0.75
20.08.2021 01:42:15.562,1.16845,1.16843,0.75,0.75
20.08.2021 01:42:15.663,1.16846,1.16843,0.75,0.75
20.08.2021 01:42:18.696,1.16845,1.1684200000000002,0.75,0.75
20.08.2021 01:42:31.153,1.16846,1.16843,0.75,0.75
20.08.2021 01:42:42.467,1.16845,1.1684200000000002,0.75,0.75
20.08.2021 01:42:48.935,1.16846,1.16843,0.75,0.75
20.08.2021 01:42:54.909,1.16845,1.1684200000000002,1.5,0.75
20.08.2021 01:42:55.061,1.16844,1.1684100000000002,0.75,0.75
20.08.2021 01:42:56.423,1.16845,1.1684200000000002,1.5,0.75
20.08.2021 01:43:03.063,1.16846,1.16843,0.75,0.75
20.08.2021 01:43:05.160,1.1684700000000001,1.16844,0.75,1.5
20.08.2021 01:43:05.564,1.1684700000000001,1.16845,0.75,0.75
20.08.2021 01:43:05.615,1.1685,1.1684700000000001,4.99,0.75
20.08.2021 01:43:05.716,1.16849,1.1684700000000001,0.75,0.75
20.08.2021 01:43:05.767,1.1685,1.16849,0.75,0.75
20.08.2021 01:43:08.597,1.16853,1.1685,1.12,0.75
20.08.2021 01:43:14.121,1.16853,1.16848,3.37,1.5
20.08.2021 01:43:14.173,1.1685100000000002,1.16848,0.75,0.75
20.08.2021 01:43:15.181,1.1685,1.1684700000000001,0.75,0.75
20.08.2021 01:43:15.282,1.16849,1.1684700000000001,0.75,0.75
20.08.2021 01:43:16.187,1.16848,1.16845,0.75,0.75
20.08.2021 01:43:28.784,1.16846,1.16843,0.75,1.5
20.08.2021 01:43:37.663,1.16845,1.1684200000000002,0.75,0.75
20.08.2021 01:43:40.274,1.16844,1.1684100000000002,1.5,0.75
20.08.2021 01:43:40.426,1.16843,1.16839,1.12,1.5
20.08.2021 01:43:40.528,1.1684,1.1683700000000001,0.75,1.69
20.08.2021 01:43:41.852,1.16839,1.1683700000000001,0.75,0.75
20.08.2021 01:43:41.954,1.16838,1.16835,0.75,0.75
20.08.2021 01:43:43.708,1.16838,1.1683700000000001,0.75,0.19
20.08.2021 01:43:43.809,1.16839,1.16836,0.75,0.94
20.08.2021 01:43:56.808,1.16838,1.16835,0.75,0.94
20.08.2021 01:43:57.134,1.1683700000000001,1.16834,0.75,0.94
20.08.2021 01:43:58.786,1.16838,1.16835,0.75,0.75
20.08.2021 01:43:59.933,1.1683700000000001,1.16834,0.75,4.05
20.08.2021 01:44:00.086,1.16836,1.16833,0.75,1.69
20.08.2021 01:44:00.962,1.16835,1.16832,0.75,2.51
20.08.2021 01:44:02.118,1.16836,1.16833,0.82,0.75
20.08.2021 01:44:03.817,1.16836,1.16834,0.75,1.01
20.08.2021 01:44:03.919,1.1683700000000001,1.16834,0.75,1.76
20.08.2021 01:44:07.528,1.16838,1.16835,0.82,0.75
20.08.2021 01:44:07.630,1.1684,1.1683700000000001,0.82,0.75
20.08.2021 01:44:08.817,1.1684,1.16838,0.75,0.1
20.08.2021 01:44:09.021,1.1684,1.1683700000000001,0.75,1.76
20.08.2021 01:44:09.371,1.1684,1.16839,0.82,0.19
20.08.2021 01:44:09.997,1.1684,1.16838,0.75,1.76
20.08.2021 01:44:10.642,1.16839,1.16836,0.75,2.44
20.08.2021 01:44:13.852,1.1684,1.1683700000000001,0.75,2.7
20.08.2021 01:44:13.953,1.1684100000000002,1.16838,0.82,0.75
20.08.2021 01:44:14.665,1.1684,1.1683700000000001,0.75,2.32
20.08.2021 01:44:23.407,1.16839,1.16836,0.82,0.75
20.08.2021 01:44:25.515,1.16839,1.1683700000000001,0.1,0.75
20.08.2021 01:44:30.022,1.16838,1.16836,0.1,0.75
20.08.2021 01:44:35.702,1.1683700000000001,1.16834,0.82,0.75
20.08.2021 01:44:35.753,1.16834,1.16832,0.1,0.75
20.08.2021 01:44:35.856,1.16835,1.16832,0.75,0.75
20.08.2021 01:44:36.209,1.16836,1.16833,0.82,0.75
20.08.2021 01:44:40.678,1.16835,1.16832,0.82,0.75
20.08.2021 01:44:41.083,1.16836,1.16833,0.75,0.75
20.08.2021 01:44:42.165,1.16835,1.16832,0.82,0.75
20.08.2021 01:44:42.267,1.16835,1.16833,0.1,0.75
20.08.2021 01:44:48.728,1.16834,1.16832,0.1,0.75
20.08.2021 01:44:48.829,1.16834,1.1683100000000002,1.12,0.75
20.08.2021 01:44:48.932,1.16834,1.1683000000000001,1.12,0.75
20.08.2021 01:44:49.359,1.16834,1.1683100000000002,0.75,0.75
20.08.2021 01:44:49.511,1.16836,1.16833,0.75,0.75
20.08.2021 01:44:50.996,1.16835,1.16832,3.82,0.75
20.08.2021 01:44:51.098,1.16833,1.16832,1.12,0.75
20.08.2021 01:44:52.770,1.16835,1.16832,2.62,0.75
20.08.2021 01:44:53.372,1.16833,1.16832,1.12,0.75
20.08.2021 01:44:53.525,1.16834,1.1683000000000001,1.5,0.75
20.08.2021 01:44:54.732,1.16834,1.1683100000000002,1.12,0.75
20.08.2021 01:44:57.847,1.16835,1.16832,0.75,0.75
20.08.2021 01:45:00.604,1.16836,1.16833,0.75,0.75
20.08.2021 01:45:06.959,1.1683700000000001,1.16834,0.75,0.75
20.08.2021 01:45:07.276,1.16838,1.16835,0.75,0.75
20.08.2021 01:45:08.583,1.1684,1.1683700000000001,2.4,0.75
20.08.2021 01:45:08.937,1.16838,1.1683700000000001,0.37,0.75
20.08.2021 01:45:09.089,1.16839,1.16836,2.59,0.75
20.08.2021 01:45:09.190,1.16838,1.16836,0.37,0.75
20.08.2021 01:45:11.129,1.1683700000000001,1.16834,0.75,0.75
20.08.2021 01:45:15.543,1.1683700000000001,1.16833,0.75,0.75
20.08.2021 01:45:16.297,1.16836,1.16833,0.75,0.75
20.08.2021 01:45:16.746,1.16835,1.16832,0.82,0.75
20.08.2021 01:45:17.202,1.16836,1.16833,0.75,0.75
20.08.2021 01:45:17.303,1.1683700000000001,1.16834,0.75,0.75
20.08.2021 01:45:17.657,1.16836,1.16833,0.75,0.75
20.08.2021 01:45:18.607,1.16835,1.16832,0.75,2.25
20.08.2021 01:45:18.709,1.16834,1.1683100000000002,0.75,2.25
20.08.2021 01:45:18.915,1.16833,1.1683100000000002,0.75,0.75
20.08.2021 01:45:19.017,1.16832,1.1683000000000001,0.75,0.1
20.08.2021 01:45:19.119,1.16832,1.16829,0.75,0.75
20.08.2021 01:45:20.137,1.1683100000000002,1.16828,0.75,3.79
20.08.2021 01:45:20.902,1.1683000000000001,1.1682700000000001,2.25,3.49
20.08.2021 01:45:21.004,1.16829,1.1682700000000001,0.82,1.16
20.08.2021 01:45:21.055,1.16828,1.16825,0.75,2.02
20.08.2021 01:45:21.156,1.16828,1.16824,0.75,2.44
20.08.2021 01:45:21.258,1.1682700000000001,1.16824,0.75,2.44
20.08.2021 01:45:23.399,1.16826,1.16824,0.75,0.75
20.08.2021 01:45:24.325,1.16826,1.16824,0.75,2.62
