Gmt time,Ask,Bid,AskVolume,BidVolume
24.08.2021 00:00:00.122,1.17443,1.17439,1.5,2.32
24.08.2021 00:00:00.224,1.1744,1.17436,0.75,1.95
24.08.2021 00:00:00.325,1.17442,1.17438,1.2,0.75
24.08.2021 00:00:00.376,1.1744100000000002,1.17436,0.75,1.5
24.08.2021 00:00:00.959,1.17442,1.17435,5.73,4.57
24.08.2021 00:00:01.061,1.1744,1.17435,0.75,3
24.08.2021 00:00:01.162,1.1744,1.17434,0.59,8.89
24.08.2021 00:00:01.263,1.1744100000000002,1.17434,2.92,8.14
24.08.2021 00:00:01.756,1.1744100000000002,1.17435,1.57,3.75
24.08.2021 00:00:05.003,1.1744100000000002,1.17436,0.82,0.75
24.08.2021 00:00:20.427,1.17443,1.17438,3.74,0.75
24.08.2021 00:00:23.474,1.1744100000000002,1.1743700000000001,0.75,4.5
24.08.2021 00:00:24.239,1.17442,1.1743700000000001,1.6,1.5
24.08.2021 00:00:26.550,1.17442,1.1744,0.45,2.62
24.08.2021 00:00:26.652,1.17443,1.1744,0.45,0.75
24.08.2021 00:00:26.753,1.17445,1.1744,1.95,0.75
24.08.2021 00:00:27.699,1.17445,1.1744100000000002,0.82,0.75
24.08.2021 00:00:40.742,1.17446,1.1744100000000002,3.45,0.75
24.08.2021 00:00:41.094,1.17446,1.17442,3.37,0.1
24.08.2021 00:00:43.382,1.17446,1.1744100000000002,3.37,0.82
24.08.2021 00:00:47.193,1.1744700000000001,1.1744100000000002,4.42,1.95
24.08.2021 00:00:47.244,1.17449,1.17445,6.04,0.1
24.08.2021 00:00:47.497,1.17449,1.17446,0.75,1.2
24.08.2021 00:00:48.752,1.1745100000000002,1.17446,1.69,0.82
24.08.2021 00:01:03.070,1.1745,1.17446,0.75,3.45
24.08.2021 00:01:03.991,1.1745100000000002,1.17446,0.75,1.2
24.08.2021 00:01:05.340,1.1745,1.17446,0.75,0.1
24.08.2021 00:01:05.448,1.1745100000000002,1.17446,0.75,0.82
24.08.2021 00:01:06.620,1.1745,1.17446,0.75,0.1
24.08.2021 00:01:06.769,1.1745100000000002,1.17446,0.75,0.82
24.08.2021 00:01:07.775,1.1745,1.17446,0.75,0.45
24.08.2021 00:01:07.876,1.1745100000000002,1.17446,0.82,1.12
24.08.2021 00:01:08.490,1.1745,1.17446,0.75,0.37
24.08.2021 00:01:08.750,1.1745100000000002,1.17446,0.82,1.12
24.08.2021 00:01:09.108,1.1745,1.17446,0.75,0.37
24.08.2021 00:01:09.409,1.1745100000000002,1.17446,0.82,1.12
24.08.2021 00:01:11.039,1.1745,1.17446,0.75,0.37
24.08.2021 00:01:11.179,1.1745100000000002,1.17446,0.82,1.12
24.08.2021 00:01:12.435,1.17449,1.1744700000000001,0.75,0.37
24.08.2021 00:01:12.537,1.1745100000000002,1.17446,0.82,1.12
24.08.2021 00:01:18.745,1.1745,1.17446,0.75,0.37
24.08.2021 00:01:18.854,1.1745100000000002,1.17446,1.6,1.12
24.08.2021 00:01:23.984,1.1745100000000002,1.17448,0.75,1.12
24.08.2021 00:01:24.035,1.17453,1.1745,2.99,3.37
24.08.2021 00:01:24.364,1.17454,1.1745,0.75,1.12
24.08.2021 00:01:24.465,1.17455,1.1745,2.92,1.87
24.08.2021 00:01:28.151,1.17454,1.17449,0.75,6
24.08.2021 00:01:31.780,1.17454,1.1745,0.75,1.87
24.08.2021 00:01:32.937,1.17454,1.17449,0.75,6
24.08.2021 00:01:39.945,1.17453,1.1745100000000002,0.75,1.12
24.08.2021 00:01:40.047,1.17455,1.1745,2.92,1.87
24.08.2021 00:01:47.589,1.17455,1.1745100000000002,0.82,1.12
24.08.2021 00:01:47.791,1.17456,1.1745200000000002,1.95,1.5
24.08.2021 00:01:47.993,1.17456,1.1745100000000002,1.95,1.5
24.08.2021 00:01:53.152,1.17456,1.1745200000000002,2.7,0.75
24.08.2021 00:02:02.828,1.17458,1.17455,0.75,0.75
24.08.2021 00:02:02.930,1.17459,1.17456,0.45,1.12
24.08.2021 00:02:03.031,1.1746,1.17456,0.82,1.5
24.08.2021 00:02:04.984,1.1746100000000002,1.1745700000000001,3.48,0.75
24.08.2021 00:02:20.160,1.17459,1.17456,0.75,0.75
24.08.2021 00:02:20.312,1.17459,1.17455,1.5,0.75
24.08.2021 00:02:21.994,1.1746,1.17456,4.6,0.75
24.08.2021 00:02:22.426,1.17458,1.17454,0.75,2.25
24.08.2021 00:02:22.527,1.17459,1.17455,2.54,0.75
24.08.2021 00:02:25.330,1.17458,1.17454,0.75,1.5
24.08.2021 00:02:26.683,1.1745700000000001,1.1745200000000002,2.92,1.5
24.08.2021 00:02:27.151,1.1745700000000001,1.17453,7.57,1.12
24.08.2021 00:02:27.897,1.1745700000000001,1.1745200000000002,4.6,2.62
24.08.2021 00:02:30.093,1.17456,1.1745200000000002,0.75,2.25
24.08.2021 00:02:30.380,1.17455,1.1745100000000002,0.75,6
24.08.2021 00:02:31.066,1.17455,1.1745,1.69,6.37
24.08.2021 00:02:31.168,1.17455,1.1745100000000002,1.69,1.12
24.08.2021 00:02:33.845,1.17454,1.1745100000000002,1.69,4.87
24.08.2021 00:02:33.947,1.17455,1.1745100000000002,0.94,0.75
24.08.2021 00:02:34.504,1.17454,1.1745,0.19,5.25
24.08.2021 00:02:34.707,1.17453,1.17449,3.75,0.75
24.08.2021 00:02:34.859,1.17453,1.1745,2.25,0.75
24.08.2021 00:02:34.960,1.17454,1.1745,5.43,0.75
24.08.2021 00:02:35.449,1.17455,1.1745,2.51,5.25
24.08.2021 00:02:36.216,1.17454,1.1745200000000002,1.76,1.12
24.08.2021 00:02:37.761,1.17456,1.17454,0.45,2.62
24.08.2021 00:02:37.863,1.17459,1.17456,2.96,2.62
24.08.2021 00:02:37.964,1.1746,1.17456,8.25,2.62
24.08.2021 00:02:38.015,1.1746100000000002,1.17458,1.5,0.75
24.08.2021 00:02:38.268,1.1746200000000002,1.17458,2.62,1.87
24.08.2021 00:02:38.369,1.1746100000000002,1.17458,0.75,1.87
24.08.2021 00:02:39.132,1.1746200000000002,1.17458,3.78,0.75
24.08.2021 00:02:41.961,1.1746200000000002,1.17459,0.37,0.75
24.08.2021 00:02:42.013,1.1746400000000001,1.1746,1.2,0.75
24.08.2021 00:02:42.268,1.17465,1.1746100000000002,0.82,0.75
24.08.2021 00:02:45.036,1.17466,1.1746100000000002,4.39,1.87
24.08.2021 00:02:45.523,1.17466,1.1746200000000002,1.76,1.87
24.08.2021 00:02:45.958,1.17466,1.1746100000000002,0.94,2.32
24.08.2021 00:02:55.571,1.17466,1.1746200000000002,0.75,0.75
24.08.2021 00:02:59.321,1.17468,1.1746400000000001,0.45,2.62
24.08.2021 00:02:59.423,1.1747100000000001,1.17467,0.37,0.82
24.08.2021 00:02:59.525,1.17473,1.17469,12.9,1.12
24.08.2021 00:02:59.957,1.17473,1.17468,5.7,2.14
24.08.2021 00:03:00.322,1.1747200000000002,1.17468,0.37,2.14
24.08.2021 00:03:00.435,1.17473,1.17468,7.79,2.14
24.08.2021 00:03:01.072,1.1747200000000002,1.17468,0.1,0.94
24.08.2021 00:03:01.963,1.17473,1.17469,5.73,0.75
24.08.2021 00:03:02.064,1.17473,1.17468,6.48,0.82
24.08.2021 00:03:02.165,1.17473,1.17469,5.73,0.75
24.08.2021 00:03:06.342,1.17473,1.17468,4.39,3.82
24.08.2021 00:03:06.444,1.1747200000000002,1.17468,1.2,0.75
24.08.2021 00:03:06.596,1.1747100000000001,1.17467,0.75,0.82
24.08.2021 00:03:08.736,1.1747100000000001,1.17466,0.82,1.95
24.08.2021 00:03:14.595,1.1747200000000002,1.17468,0.75,0.1
24.08.2021 00:03:14.727,1.17473,1.17468,5.21,5.32
24.08.2021 00:03:14.828,1.1747400000000001,1.1747,0.75,1.57
24.08.2021 00:03:14.931,1.1747400000000001,1.1747100000000001,0.75,0.1
24.08.2021 00:03:15.280,1.17476,1.1747100000000001,0.82,0.82
24.08.2021 00:03:27.480,1.17476,1.1747200000000002,0.75,0.1
24.08.2021 00:04:15.348,1.17476,1.1747100000000001,1.57,1.2
24.08.2021 00:04:15.400,1.1747400000000001,1.1747,1.76,2.25
24.08.2021 00:04:15.501,1.17475,1.1747,1.39,2.32
24.08.2021 00:04:19.772,1.1747400000000001,1.17469,0.82,5.14
24.08.2021 00:04:19.874,1.17475,1.1747100000000001,0.75,0.82
24.08.2021 00:04:54.146,1.17473,1.1747100000000001,0.75,5.32
24.08.2021 00:04:56.883,1.17475,1.1747100000000001,0.75,0.1
24.08.2021 00:04:59.772,1.17476,1.1747200000000002,0.75,1.2
24.08.2021 00:05:02.844,1.17475,1.1747100000000001,0.75,2.7
24.08.2021 00:05:02.945,1.1747200000000002,1.1747,0.75,0.82
24.08.2021 00:05:06.089,1.1747200000000002,1.17468,1.12,2.32
24.08.2021 00:05:06.401,1.1747,1.17468,0.75,1.57
24.08.2021 00:05:06.705,1.1747100000000001,1.17466,0.82,2.89
24.08.2021 00:05:06.848,1.1747,1.17466,0.75,1.95
24.08.2021 00:05:06.950,1.17469,1.17465,0.75,1.95
24.08.2021 00:05:07.052,1.17469,1.1746400000000001,2.51,6.07
24.08.2021 00:05:11.152,1.17467,1.17465,0.75,2.32
24.08.2021 00:05:24.848,1.17469,1.17465,1.57,0.75
24.08.2021 00:05:34.024,1.17469,1.17466,0.75,0.37
24.08.2021 00:05:37.133,1.17469,1.17467,1.69,1.12
24.08.2021 00:05:59.494,1.17467,1.17463,1.12,3.11
24.08.2021 00:05:59.708,1.17466,1.1746200000000002,0.75,1.2
24.08.2021 00:06:00.547,1.1746400000000001,1.1746100000000002,0.75,1.2
24.08.2021 00:06:00.649,1.1746400000000001,1.1746,0.75,3.07
24.08.2021 00:06:01.008,1.17465,1.1746100000000002,0.75,0.82
24.08.2021 00:06:25.303,1.17467,1.17466,1.04,0.82
24.08.2021 00:06:25.507,1.17469,1.17465,0.75,0.82
24.08.2021 00:06:31.474,1.17469,1.17466,0.75,0.1
24.08.2021 00:06:31.576,1.1747,1.17466,0.75,0.1
24.08.2021 00:07:25.560,1.1747100000000001,1.17469,1.5,0.75
24.08.2021 00:07:25.763,1.17473,1.17468,1.57,4.87
24.08.2021 00:07:25.864,1.17473,1.17469,0.82,0.82
24.08.2021 00:07:28.107,1.1747200000000002,1.17468,1.2,1.2
24.08.2021 00:07:29.142,1.17473,1.1747,0.82,0.75
24.08.2021 00:07:29.295,1.1747400000000001,1.1747,1.27,1.01
24.08.2021 00:07:30.002,1.1747400000000001,1.1747100000000001,0.75,0.1
24.08.2021 00:07:30.104,1.17475,1.1747200000000002,0.75,0.1
24.08.2021 00:07:30.577,1.17475,1.1747100000000001,0.75,0.82
24.08.2021 00:08:03.291,1.17475,1.1747200000000002,0.75,0.1
24.08.2021 00:08:23.857,1.17475,1.1747100000000001,0.75,1.76
24.08.2021 00:08:23.971,1.17476,1.1747100000000001,1.57,1.76
24.08.2021 00:08:24.797,1.17475,1.1747100000000001,0.75,1.76
24.08.2021 00:08:25.092,1.1747400000000001,1.17473,0.75,0.75
24.08.2021 00:08:44.132,1.17475,1.1747100000000001,0.75,1.76
24.08.2021 00:08:48.609,1.1747400000000001,1.17473,0.75,0.37
24.08.2021 00:08:49.135,1.1747400000000001,1.1747200000000002,0.75,0.82
24.08.2021 00:09:00.257,1.1747200000000002,1.17468,1.2,6.3
24.08.2021 00:09:00.359,1.1747100000000001,1.17467,1.57,7.57
24.08.2021 00:09:00.462,1.1747,1.17467,0.82,7.5
24.08.2021 00:09:00.564,1.17469,1.17467,0.82,1.01
24.08.2021 00:09:11.315,1.1747100000000001,1.17467,0.75,0.19
24.08.2021 00:09:11.841,1.1747100000000001,1.17466,0.75,1.76
24.08.2021 00:09:37.189,1.17469,1.17467,0.75,3.82
24.08.2021 00:09:37.291,1.17468,1.17466,1.01,0.1
24.08.2021 00:09:37.393,1.17468,1.1746400000000001,1.57,0.1
24.08.2021 00:09:37.646,1.17468,1.17463,2.32,1.5
24.08.2021 00:09:41.153,1.17467,1.17463,0.75,0.75
24.08.2021 00:09:43.849,1.17467,1.1746200000000002,0.75,5.89
24.08.2021 00:09:44.031,1.17466,1.1746200000000002,0.75,4.95
24.08.2021 00:09:44.132,1.17465,1.1746100000000002,0.75,6.45
24.08.2021 00:10:06.079,1.17465,1.17463,0.75,0.75
24.08.2021 00:10:06.180,1.17466,1.1746200000000002,0.75,2.7
24.08.2021 00:10:26.641,1.17466,1.17463,0.75,0.37
24.08.2021 00:10:31.665,1.17466,1.1746200000000002,0.75,1.57
24.08.2021 00:10:31.885,1.17466,1.17463,0.75,0.37
24.08.2021 00:10:32.927,1.17466,1.1746100000000002,0.75,8.55
24.08.2021 00:10:33.029,1.17465,1.1746100000000002,0.75,0.82
24.08.2021 00:10:47.234,1.17466,1.1746200000000002,0.75,0.75
24.08.2021 00:10:48.755,1.17466,1.1746100000000002,0.75,1.39
24.08.2021 00:11:00.101,1.1746400000000001,1.1746,0.75,0.1
24.08.2021 00:11:00.202,1.17463,1.1746,0.75,4.01
24.08.2021 00:11:00.304,1.17463,1.1746100000000002,0.75,0.37
24.08.2021 00:11:00.515,1.1746400000000001,1.17459,0.75,7.42
24.08.2021 00:11:01.492,1.1746400000000001,1.1746,0.75,3.75
24.08.2021 00:11:15.625,1.17463,1.1746,3.07,3
24.08.2021 00:11:15.676,1.1746200000000002,1.17458,0.37,0.75
24.08.2021 00:11:15.727,1.17459,1.1745700000000001,0.75,9.79
24.08.2021 00:11:15.879,1.17459,1.17455,0.75,3.45
24.08.2021 00:11:18.139,1.1745700000000001,1.17455,0.75,4.57
24.08.2021 00:11:18.241,1.17458,1.17453,1.5,6.45
24.08.2021 00:11:19.513,1.1745700000000001,1.1745200000000002,1.12,8.51
24.08.2021 00:11:19.614,1.1745700000000001,1.17453,1.12,0.1
24.08.2021 00:11:19.971,1.17456,1.1745200000000002,0.75,0.1
24.08.2021 00:11:21.254,1.17455,1.1745200000000002,0.75,0.1
24.08.2021 00:11:25.446,1.17459,1.17454,1.65,1.95
24.08.2021 00:11:25.548,1.17459,1.17455,1.2,0.1
24.08.2021 00:11:25.952,1.17459,1.17456,0.75,0.1
24.08.2021 00:11:30.264,1.17458,1.17456,0.75,0.45
24.08.2021 00:11:30.700,1.1746,1.17455,0.82,1.2
24.08.2021 00:11:56.007,1.1746,1.17456,0.75,0.1
24.08.2021 00:12:04.142,1.1746,1.17455,0.82,4.2
24.08.2021 00:12:04.294,1.17459,1.17455,0.1,0.75
24.08.2021 00:12:04.446,1.17458,1.17455,0.82,1.95
24.08.2021 00:12:04.703,1.17456,1.1745200000000002,0.75,3.11
24.08.2021 00:12:06.026,1.17454,1.17453,0.75,0.1
24.08.2021 00:12:08.346,1.17455,1.1745100000000002,0.75,1.57
24.08.2021 00:12:30.354,1.17458,1.17453,1.6,1.2
24.08.2021 00:12:30.456,1.17458,1.17454,1.42,0.75
24.08.2021 00:12:30.558,1.17458,1.17453,1.6,0.82
24.08.2021 00:12:35.457,1.17456,1.1745200000000002,0.75,0.82
24.08.2021 00:12:55.395,1.17456,1.1745100000000002,0.82,1.57
24.08.2021 00:12:55.547,1.17455,1.1745100000000002,0.75,0.1
24.08.2021 00:12:55.659,1.17455,1.1745,1.57,3.82
24.08.2021 00:13:06.385,1.17454,1.1745,0.82,1.95
24.08.2021 00:13:06.487,1.17453,1.17449,0.82,1.87
24.08.2021 00:13:17.203,1.17453,1.17448,0.82,3.82
24.08.2021 00:13:17.304,1.17454,1.17449,2.51,0.82
24.08.2021 00:13:20.388,1.17454,1.1745,1.76,0.75
24.08.2021 00:13:27.387,1.17455,1.1745,0.82,5.7
24.08.2021 00:13:27.488,1.17455,1.1745100000000002,0.75,4.57
24.08.2021 00:13:29.558,1.17456,1.1745100000000002,1.39,2.32
24.08.2021 00:13:32.543,1.1745700000000001,1.17453,1.53,0.1
24.08.2021 00:13:32.644,1.17458,1.17454,1.2,1.2
24.08.2021 00:13:32.746,1.17459,1.17455,0.75,0.1
24.08.2021 00:14:03.381,1.17458,1.1745700000000001,0.75,0.45
24.08.2021 00:14:03.432,1.1746100000000002,1.17456,1.42,1.2
24.08.2021 00:14:03.825,1.1746100000000002,1.1745700000000001,0.82,0.37
24.08.2021 00:14:03.978,1.1746100000000002,1.17456,0.82,5.32
24.08.2021 00:14:37.210,1.1746100000000002,1.1745700000000001,0.75,0.1
24.08.2021 00:15:33.166,1.1746100000000002,1.17456,1.12,4.57
24.08.2021 00:15:58.204,1.1745700000000001,1.17454,0.37,3.56
24.08.2021 00:15:58.406,1.1745700000000001,1.17453,2.7,0.1
24.08.2021 00:15:59.740,1.1745700000000001,1.1745200000000002,3.1,0.75
24.08.2021 00:16:02.203,1.17456,1.1745100000000002,0.75,2.7
24.08.2021 00:16:15.650,1.17456,1.1745200000000002,0.75,0.37
24.08.2021 00:16:17.516,1.17456,1.1745100000000002,0.75,2.32
24.08.2021 00:16:56.817,1.17455,1.1745100000000002,0.82,0.1
24.08.2021 00:17:08.979,1.17453,1.17449,4.2,4.05
24.08.2021 00:17:10.963,1.1745200000000002,1.17449,0.75,0.1
24.08.2021 00:17:11.066,1.1745,1.17448,0.75,0.75
24.08.2021 00:17:11.168,1.1745100000000002,1.17446,4.53,2.77
24.08.2021 00:17:11.271,1.1745,1.17446,0.75,1.57
24.08.2021 00:17:15.640,1.17448,1.17444,1.2,7.69
24.08.2021 00:17:17.389,1.1744700000000001,1.17443,0.1,0.82
24.08.2021 00:17:29.398,1.1744700000000001,1.17444,1.2,0.75
24.08.2021 00:17:29.449,1.17449,1.17445,4.54,1.57
24.08.2021 00:17:31.401,1.1745,1.17445,0.75,9.56
24.08.2021 00:17:39.498,1.17449,1.17445,0.75,1.2
24.08.2021 00:18:09.168,1.17449,1.17446,0.75,2.29
24.08.2021 00:18:09.269,1.17449,1.17445,0.75,4.05
24.08.2021 00:18:09.946,1.1745,1.17445,1.34,2.14
24.08.2021 00:18:18.924,1.17448,1.17446,0.75,1.57
24.08.2021 00:19:22.667,1.17449,1.17446,0.75,0.37
24.08.2021 00:19:36.977,1.17449,1.17445,0.75,1.39
24.08.2021 00:19:46.901,1.1745,1.17445,0.75,1.31
24.08.2021 00:21:22.437,1.17448,1.17445,0.75,0.64
24.08.2021 00:21:40.604,1.17445,1.17443,0.75,1.57
24.08.2021 00:21:40.655,1.1744700000000001,1.17443,1.53,1.2
24.08.2021 00:21:40.756,1.17444,1.17442,0.75,7.5
24.08.2021 00:21:40.807,1.17446,1.17442,3.03,7.5
24.08.2021 00:21:40.859,1.17442,1.1744100000000002,0.75,0.45
24.08.2021 00:21:40.960,1.17442,1.17439,0.75,0.1
24.08.2021 00:21:41.062,1.17439,1.1743700000000001,0.75,1.57
24.08.2021 00:21:41.164,1.17439,1.17436,0.75,0.82
24.08.2021 00:21:48.095,1.17439,1.17435,0.75,1.39
24.08.2021 00:21:49.892,1.17439,1.17436,0.75,0.37
24.08.2021 00:21:56.910,1.17439,1.17435,0.75,1.76
24.08.2021 00:21:59.431,1.1744,1.17436,1.12,0.75
24.08.2021 00:22:51.376,1.17439,1.17435,2.32,0.75
24.08.2021 00:22:51.910,1.1744,1.17435,2.51,1.2
24.08.2021 00:23:23.144,1.17439,1.17435,0.75,1.57
24.08.2021 00:23:31.453,1.17439,1.17436,1.6,1.95
24.08.2021 00:23:55.143,1.1744,1.17436,0.75,0.75
24.08.2021 00:24:53.040,1.1743700000000001,1.17436,0.75,1.5
24.08.2021 00:24:53.142,1.17439,1.17435,0.75,1.12
24.08.2021 00:25:10.761,1.17438,1.17434,0.82,1.2
24.08.2021 00:25:11.650,1.1743700000000001,1.1743299999999999,0.75,1.57
24.08.2021 00:25:11.752,1.1743700000000001,1.17432,1.34,4.76
24.08.2021 00:25:13.654,1.17436,1.17432,0.75,1.12
24.08.2021 00:25:16.832,1.17435,1.1743100000000002,0.75,1.2
24.08.2021 00:25:20.592,1.17434,1.1743000000000001,0.75,5.7
24.08.2021 00:25:26.196,1.17434,1.17429,0.75,4.31
24.08.2021 00:25:26.451,1.1743299999999999,1.17429,0.75,2.62
24.08.2021 00:25:27.238,1.1743000000000001,1.17428,0.75,0.45
24.08.2021 00:25:27.391,1.1743000000000001,1.17426,0.75,1.87
24.08.2021 00:25:27.745,1.17429,1.17425,0.75,4.39
24.08.2021 00:25:35.328,1.17426,1.17424,0.75,0.45
24.08.2021 00:25:35.429,1.17425,1.1742100000000002,0.75,9
24.08.2021 00:25:35.581,1.1742299999999999,1.1742100000000002,0.75,1.57
24.08.2021 00:26:07.103,1.1742299999999999,1.17419,0.19,1.5
24.08.2021 00:26:07.204,1.17424,1.1742000000000001,1.01,0.75
24.08.2021 00:26:07.255,1.17422,1.17419,0.75,0.75
24.08.2021 00:26:07.357,1.1742100000000002,1.17419,0.75,0.75
24.08.2021 00:26:07.408,1.17419,1.1741700000000002,0.75,2.32
24.08.2021 00:26:07.610,1.17419,1.17415,0.75,5.25
24.08.2021 00:26:08.421,1.17418,1.17414,0.75,9.45
24.08.2021 00:26:09.011,1.17418,1.17415,0.75,3
24.08.2021 00:26:09.444,1.17418,1.17414,0.75,11.74
24.08.2021 00:26:10.434,1.17418,1.17415,0.75,3
24.08.2021 00:26:10.536,1.17418,1.17414,0.75,6.82
24.08.2021 00:26:10.739,1.17418,1.17415,0.75,3
24.08.2021 00:26:12.144,1.17418,1.17414,0.75,3.82
24.08.2021 00:26:12.505,1.17418,1.17415,0.75,3
24.08.2021 00:26:12.606,1.17418,1.17414,0.75,6.9
24.08.2021 00:26:14.450,1.17419,1.17414,0.75,6.9
24.08.2021 00:26:15.844,1.17419,1.17415,0.75,0.75
24.08.2021 00:26:17.095,1.17418,1.17414,0.75,2.25
24.08.2021 00:26:17.247,1.1741700000000002,1.17413,1.34,0.45
24.08.2021 00:26:17.349,1.17416,1.17412,0.75,2.32
24.08.2021 00:26:17.399,1.17414,1.17412,0.75,0.75
24.08.2021 00:26:17.501,1.17414,1.1741000000000001,0.75,7.65
24.08.2021 00:26:17.928,1.17414,1.17411,0.75,3
24.08.2021 00:26:18.129,1.17414,1.1741000000000001,0.75,3.45
24.08.2021 00:26:27.601,1.17414,1.17411,0.56,0.75
24.08.2021 00:26:28.039,1.17414,1.1741000000000001,1.31,0.75
24.08.2021 00:26:41.920,1.17415,1.1741000000000001,2.14,0.75
24.08.2021 00:26:43.309,1.17413,1.17409,0.75,2.62
24.08.2021 00:26:43.410,1.17414,1.1741000000000001,1.12,0.75
24.08.2021 00:26:43.878,1.17415,1.1741000000000001,0.45,1.12
24.08.2021 00:26:44.867,1.17414,1.1741000000000001,0.75,1.12
24.08.2021 00:26:47.153,1.17415,1.1741000000000001,1.2,1.12
24.08.2021 00:27:00.265,1.17415,1.17413,0.75,1.69
24.08.2021 00:27:00.367,1.17416,1.17413,0.56,0.75
24.08.2021 00:27:00.621,1.1741700000000002,1.17414,0.97,0.75
24.08.2021 00:27:00.723,1.17418,1.17414,0.82,0.75
24.08.2021 00:27:00.824,1.1741700000000002,1.17413,0.75,1.12
24.08.2021 00:27:00.976,1.17415,1.17413,0.75,1.65
24.08.2021 00:27:24.894,1.17418,1.17414,0.75,2.62
24.08.2021 00:27:24.995,1.17419,1.17414,1.57,5.7
24.08.2021 00:27:26.157,1.17419,1.17415,1.12,0.75
24.08.2021 00:27:51.528,1.1741700000000002,1.17414,0.37,5.32
24.08.2021 00:27:51.630,1.17416,1.17412,0.75,8.77
24.08.2021 00:27:56.099,1.17415,1.17411,0.75,4.95
24.08.2021 00:28:00.877,1.17415,1.17412,0.37,0.75
24.08.2021 00:28:01.178,1.17415,1.17413,0.37,0.75
24.08.2021 00:28:01.280,1.17418,1.17414,1.2,2.25
24.08.2021 00:28:01.381,1.17419,1.17415,1.79,0.75
24.08.2021 00:28:01.483,1.1742000000000001,1.17415,3.64,0.75
24.08.2021 00:28:07.536,1.17418,1.17414,0.37,0.75
24.08.2021 00:28:09.552,1.17419,1.17416,0.37,0.75
24.08.2021 00:28:09.654,1.17419,1.17416,1.57,1.12
24.08.2021 00:28:14.327,1.17418,1.17414,1.2,0.75
24.08.2021 00:28:14.429,1.1741700000000002,1.17413,0.75,3.07
24.08.2021 00:28:19.099,1.17416,1.17412,0.37,1.5
24.08.2021 00:28:35.406,1.17415,1.17412,0.75,0.75
24.08.2021 00:28:35.760,1.17415,1.17411,0.75,1.31
24.08.2021 00:29:00.334,1.17415,1.17413,0.75,1.5
24.08.2021 00:29:00.384,1.1741700000000002,1.17412,1.87,4.01
24.08.2021 00:29:00.486,1.1741700000000002,1.17413,2.32,0.75
24.08.2021 00:29:00.587,1.17416,1.17412,1.12,0.75
24.08.2021 00:29:02.074,1.17416,1.17411,0.75,3.82
24.08.2021 00:29:12.172,1.17414,1.1741000000000001,0.75,5.96
24.08.2021 00:30:00.619,1.17415,1.1741000000000001,0.75,2.7
24.08.2021 00:30:00.720,1.17415,1.17411,0.75,0.75
24.08.2021 00:30:00.823,1.17415,1.17413,0.75,1.69
24.08.2021 00:30:00.925,1.17418,1.17415,1.2,0.75
24.08.2021 00:30:01.027,1.17418,1.17416,1.12,0.75
24.08.2021 00:30:01.229,1.17419,1.17414,0.75,7.39
24.08.2021 00:30:01.381,1.17419,1.17415,0.75,0.19
24.08.2021 00:30:03.019,1.17419,1.17414,0.75,7.01
24.08.2021 00:30:04.461,1.17419,1.17415,0.75,0.19
24.08.2021 00:30:25.677,1.17419,1.17416,0.75,0.1
24.08.2021 00:30:47.837,1.1742000000000001,1.17416,0.82,0.1
24.08.2021 00:31:06.283,1.17419,1.17418,0.75,0.75
24.08.2021 00:31:06.334,1.1742100000000002,1.17419,0.75,0.94
24.08.2021 00:31:06.385,1.17424,1.1742000000000001,2.02,0.82
24.08.2021 00:31:06.539,1.17425,1.1742100000000002,0.75,0.82
24.08.2021 00:32:02.726,1.17426,1.1742100000000002,0.75,5.32
24.08.2021 00:32:03.136,1.17426,1.17422,0.75,0.75
24.08.2021 00:32:03.254,1.17426,1.1742100000000002,0.75,6.45
24.08.2021 00:32:19.453,1.17426,1.17422,0.75,3
24.08.2021 00:32:26.832,1.17426,1.1742100000000002,0.75,7.12
24.08.2021 00:32:33.073,1.17425,1.1742100000000002,0.1,0.82
24.08.2021 00:32:36.143,1.17425,1.17422,3.22,0.82
24.08.2021 00:32:36.405,1.17422,1.1742000000000001,1.87,4.84
24.08.2021 00:32:36.507,1.17422,1.17419,0.37,1.27
24.08.2021 00:32:39.879,1.17422,1.17418,0.45,3.82
24.08.2021 00:32:40.488,1.1742100000000002,1.1741700000000002,2.32,0.82
24.08.2021 00:32:51.671,1.1742000000000001,1.1741700000000002,0.75,0.1
24.08.2021 00:32:52.739,1.1742000000000001,1.17416,0.75,1.5
24.08.2021 00:33:16.499,1.17419,1.17416,0.75,0.75
24.08.2021 00:33:16.679,1.1742000000000001,1.17416,1.12,0.75
24.08.2021 00:33:16.782,1.1742000000000001,1.1741700000000002,0.75,1.69
24.08.2021 00:33:16.883,1.1742100000000002,1.1741700000000002,1.2,2.14
24.08.2021 00:33:26.229,1.1742000000000001,1.1741700000000002,0.75,0.1
24.08.2021 00:33:27.095,1.1742000000000001,1.17416,0.82,1.95
24.08.2021 00:34:00.495,1.1742100000000002,1.17419,0.75,0.75
24.08.2021 00:34:00.546,1.1742299999999999,1.17419,1.65,1.57
24.08.2021 00:34:00.698,1.17424,1.1742000000000001,2.7,1.57
24.08.2021 00:34:00.951,1.17424,1.1742100000000002,0.1,0.75
24.08.2021 00:34:01.052,1.17425,1.1742100000000002,0.75,0.75
24.08.2021 00:34:01.355,1.17425,1.1742000000000001,0.75,1.95
24.08.2021 00:34:10.540,1.17426,1.1742100000000002,2.73,0.75
24.08.2021 00:34:17.284,1.17422,1.1742000000000001,1.12,0.45
24.08.2021 00:34:17.436,1.17422,1.17419,1.12,0.75
24.08.2021 00:34:17.792,1.1742299999999999,1.17419,5.14,0.75
24.08.2021 00:34:17.893,1.17422,1.17419,0.37,0.75
24.08.2021 00:34:18.074,1.1742299999999999,1.17419,3.82,0.75
24.08.2021 00:34:19.249,1.17425,1.1742000000000001,6.14,1.57
24.08.2021 00:34:19.502,1.17425,1.1742100000000002,0.75,0.1
24.08.2021 00:34:19.603,1.17425,1.1742000000000001,0.82,6.07
24.08.2021 00:34:21.524,1.17425,1.1742100000000002,0.75,1.57
24.08.2021 00:34:48.563,1.17424,1.1742100000000002,0.37,0.82
24.08.2021 00:34:48.675,1.1742299999999999,1.17419,3.26,1.95
24.08.2021 00:34:49.130,1.17424,1.1742000000000001,2.96,2.32
24.08.2021 00:34:49.232,1.17424,1.17422,1.2,0.82
24.08.2021 00:35:01.578,1.17426,1.17422,0.82,0.75
24.08.2021 00:35:19.033,1.1742299999999999,1.1742000000000001,0.75,3.9
24.08.2021 00:35:19.084,1.17425,1.1742000000000001,0.82,4.65
24.08.2021 00:35:20.135,1.17425,1.1742100000000002,0.75,0.82
24.08.2021 00:35:32.108,1.17426,1.17424,4.76,0.75
24.08.2021 00:35:55.248,1.17425,1.17422,1.01,0.75
24.08.2021 00:35:57.457,1.17422,1.1742000000000001,0.75,1.57
24.08.2021 00:35:58.113,1.1742299999999999,1.1742000000000001,2.32,0.75
24.08.2021 00:35:58.215,1.17424,1.17422,0.1,0.75
24.08.2021 00:35:58.317,1.17425,1.17422,3.48,0.75
24.08.2021 00:36:01.416,1.17424,1.17422,0.75,0.75
24.08.2021 00:36:01.467,1.17422,1.1742000000000001,0.37,0.75
24.08.2021 00:36:03.988,1.1742299999999999,1.1742100000000002,0.1,0.75
24.08.2021 00:36:06.783,1.17422,1.1742000000000001,0.37,0.75
24.08.2021 00:36:08.161,1.1742299999999999,1.1742100000000002,0.82,0.75
24.08.2021 00:36:08.262,1.17424,1.1742100000000002,2.89,0.75
24.08.2021 00:36:09.992,1.17422,1.1742000000000001,1.12,0.75
24.08.2021 00:36:18.421,1.1742100000000002,1.17419,0.75,0.75
24.08.2021 00:36:18.835,1.1742100000000002,1.17418,0.75,0.82
24.08.2021 00:36:18.965,1.17422,1.1742000000000001,1.87,0.75
24.08.2021 00:36:19.194,1.17422,1.17419,1.12,0.75
24.08.2021 00:36:19.878,1.17425,1.17422,1.27,0.75
24.08.2021 00:36:19.980,1.17425,1.1742299999999999,0.45,0.75
24.08.2021 00:36:20.081,1.17426,1.1742299999999999,1.57,0.75
24.08.2021 00:36:22.266,1.1742100000000002,1.1742000000000001,1.12,5.36
24.08.2021 00:36:55.223,1.1742299999999999,1.1742000000000001,1.2,0.75
24.08.2021 00:37:04.949,1.17422,1.1742000000000001,0.37,0.75
24.08.2021 00:37:31.310,1.17424,1.17422,0.1,0.75
24.08.2021 00:37:31.412,1.17425,1.1742299999999999,0.45,0.75
24.08.2021 00:37:31.514,1.17425,1.17422,0.75,0.75
24.08.2021 00:37:31.615,1.17426,1.17424,0.82,0.75
24.08.2021 00:37:31.767,1.1742700000000001,1.17424,3.26,0.75
24.08.2021 00:37:31.868,1.17426,1.17424,0.75,0.75
24.08.2021 00:37:33.894,1.1742700000000001,1.17424,4.6,0.75
24.08.2021 00:37:33.998,1.17426,1.17424,0.75,0.75
24.08.2021 00:37:42.740,1.17425,1.1742299999999999,0.75,0.75
24.08.2021 00:37:43.081,1.17425,1.1742299999999999,2.89,0.75
24.08.2021 00:37:43.369,1.17425,1.1742299999999999,0.75,0.75
24.08.2021 00:37:43.917,1.17426,1.1742299999999999,2.14,0.75
24.08.2021 00:37:45.070,1.17425,1.1742299999999999,0.75,0.75
24.08.2021 00:37:51.370,1.17426,1.1742299999999999,3.64,0.75
24.08.2021 00:37:59.152,1.17426,1.17422,4.6,0.75
24.08.2021 00:38:15.280,1.17425,1.1742299999999999,0.82,0.75
24.08.2021 00:39:03.989,1.17426,1.17424,0.75,0.75
24.08.2021 00:39:04.090,1.1742700000000001,1.17424,1.95,0.75
24.08.2021 00:39:31.162,1.17426,1.17424,0.75,0.75
24.08.2021 00:39:33.789,1.1742700000000001,1.17424,3.67,0.75
24.08.2021 00:39:35.617,1.17426,1.1742299999999999,0.82,0.75
24.08.2021 00:39:40.754,1.17426,1.1742299999999999,1.42,0.75
24.08.2021 00:39:44.007,1.17426,1.17424,0.75,0.75
24.08.2021 00:39:45.008,1.17426,1.1742299999999999,0.82,0.75
24.08.2021 00:40:28.888,1.17425,1.1742299999999999,2.17,0.75
24.08.2021 00:40:30.700,1.17425,1.17422,0.1,0.75
24.08.2021 00:40:30.802,1.1742299999999999,1.1742100000000002,1.57,0.75
24.08.2021 00:40:30.853,1.17422,1.17419,1.12,0.45
24.08.2021 00:40:30.954,1.17422,1.17418,1.12,6.82
24.08.2021 00:40:34.759,1.17422,1.1742100000000002,2.7,0.75
24.08.2021 00:40:34.932,1.17422,1.17418,0.37,5.14
24.08.2021 00:40:35.155,1.17422,1.1742000000000001,0.37,0.75
24.08.2021 00:40:37.222,1.1742299999999999,1.1742000000000001,2.7,0.75
24.08.2021 00:40:37.594,1.17422,1.1742000000000001,0.37,0.75
24.08.2021 00:40:37.924,1.17422,1.1742000000000001,2.7,0.75
24.08.2021 00:40:38.151,1.17422,1.1742000000000001,0.75,0.75
24.08.2021 00:40:42.351,1.1742100000000002,1.17418,0.82,0.75
24.08.2021 00:40:59.187,1.1742100000000002,1.1741700000000002,3.64,0.75
24.08.2021 00:41:48.652,1.1742100000000002,1.17418,1.57,0.75
24.08.2021 00:42:10.513,1.1742100000000002,1.1741700000000002,0.75,0.75
24.08.2021 00:42:12.444,1.17422,1.1741700000000002,6,0.75
24.08.2021 00:42:36.480,1.1742100000000002,1.1741700000000002,0.1,0.75
24.08.2021 00:42:43.858,1.17418,1.17416,2.7,2.29
24.08.2021 00:42:43.960,1.1741700000000002,1.17415,0.45,1.2
24.08.2021 00:42:44.213,1.17418,1.17415,0.82,0.75
24.08.2021 00:42:44.899,1.1741700000000002,1.17415,0.45,0.75
24.08.2021 00:42:45.050,1.17416,1.17415,0.45,0.75
24.08.2021 00:42:45.202,1.17418,1.17414,0.82,0.82
24.08.2021 00:42:46.105,1.1741700000000002,1.17416,0.82,0.75
24.08.2021 00:42:50.656,1.17414,1.17412,0.19,0.45
24.08.2021 00:42:50.758,1.17413,1.17411,0.45,7.5
24.08.2021 00:42:50.809,1.17412,1.17409,0.82,1.5
24.08.2021 00:42:51.012,1.17412,1.1741000000000001,0.1,0.75
24.08.2021 00:42:51.114,1.17413,1.1741000000000001,0.82,0.75
24.08.2021 00:42:51.374,1.17413,1.17409,0.82,1.57
24.08.2021 00:42:51.476,1.17412,1.17408,0.45,1.57
24.08.2021 00:43:01.021,1.17409,1.17406,0.1,5.62
24.08.2021 00:43:01.072,1.17406,1.17404,0.75,2.29
24.08.2021 00:43:01.173,1.17405,1.17403,0.1,7.5
24.08.2021 00:43:01.275,1.17405,1.17402,0.1,0.75
24.08.2021 00:43:01.377,1.17406,1.17402,1.34,4.72
24.08.2021 00:43:01.479,1.1741000000000001,1.17406,0.1,0.75
24.08.2021 00:43:01.580,1.17411,1.1740700000000002,3.78,0.75
24.08.2021 00:43:02.012,1.17412,1.1740700000000002,4.15,0.75
24.08.2021 00:43:02.348,1.17412,1.17408,3.78,0.75
24.08.2021 00:43:04.842,1.17411,1.17408,0.1,0.75
24.08.2021 00:43:18.373,1.17411,1.1740700000000002,1.42,0.75
24.08.2021 00:43:22.962,1.17408,1.17406,0.75,0.82
24.08.2021 00:43:23.064,1.1741000000000001,1.17406,2.89,0.75
24.08.2021 00:43:26.781,1.17412,1.17408,1.65,0.75
24.08.2021 00:43:26.933,1.17412,1.17409,0.1,0.75
24.08.2021 00:43:27.927,1.17413,1.17409,1.57,0.75
24.08.2021 00:43:37.473,1.1741000000000001,1.17406,0.1,2.51
24.08.2021 00:43:37.575,1.1741000000000001,1.1740700000000002,0.1,0.75
24.08.2021 00:43:37.880,1.17411,1.1740700000000002,4.38,0.75
24.08.2021 00:44:02.166,1.17411,1.17408,0.1,0.75
24.08.2021 00:44:02.419,1.17411,1.1741000000000001,1.57,0.75
24.08.2021 00:44:02.521,1.17413,1.17409,1.27,0.75
24.08.2021 00:44:02.622,1.17413,1.1741000000000001,0.82,0.75
24.08.2021 00:44:02.723,1.17413,1.17409,0.82,0.75
24.08.2021 00:44:14.069,1.17412,1.17409,0.1,0.75
24.08.2021 00:44:19.587,1.17413,1.17409,3.1,1.5
24.08.2021 00:44:21.134,1.17412,1.17408,1.42,0.75
24.08.2021 00:44:22.477,1.17412,1.1740700000000002,1.76,0.82
24.08.2021 00:44:26.198,1.17413,1.1741000000000001,4.24,0.75
24.08.2021 00:44:26.351,1.17412,1.1741000000000001,0.75,0.75
24.08.2021 00:44:26.889,1.17413,1.1741000000000001,0.82,0.75
24.08.2021 00:44:32.317,1.17413,1.17409,1.2,0.75
24.08.2021 00:44:39.268,1.17412,1.17409,0.1,0.75
24.08.2021 00:44:40.949,1.17411,1.17409,0.1,0.75
24.08.2021 00:44:43.381,1.17411,1.17408,0.1,0.75
24.08.2021 00:44:46.800,1.17411,1.1740700000000002,0.82,0.75
24.08.2021 00:45:28.303,1.17412,1.1740700000000002,6.1,0.82
24.08.2021 00:45:38.029,1.17413,1.17409,2.65,0.75
24.08.2021 00:45:38.131,1.17412,1.17409,1.5,0.75
24.08.2021 00:45:38.232,1.17411,1.17409,0.75,0.75
24.08.2021 00:45:40.869,1.17412,1.17409,0.45,0.75
24.08.2021 00:45:40.971,1.17412,1.1741000000000001,0.1,0.75
24.08.2021 00:45:41.073,1.17412,1.17409,0.1,0.75
24.08.2021 00:45:45.255,1.17413,1.1741000000000001,0.82,0.75
24.08.2021 00:45:46.656,1.17412,1.17409,2.17,0.75
24.08.2021 00:45:51.477,1.17411,1.17408,0.19,0.75
24.08.2021 00:45:52.252,1.17411,1.1740700000000002,0.19,0.75
24.08.2021 00:46:21.393,1.17412,1.17408,2.73,0.1
24.08.2021 00:47:29.708,1.17411,1.17408,0.1,0.75
24.08.2021 00:47:31.667,1.17413,1.17409,0.82,1.95
24.08.2021 00:47:35.555,1.17412,1.17409,0.67,0.75
24.08.2021 00:47:37.471,1.17413,1.1741000000000001,0.1,0.75
24.08.2021 00:47:37.573,1.17413,1.17409,0.82,1.2
24.08.2021 00:47:39.747,1.17414,1.17411,0.1,0.75
24.08.2021 00:47:40.527,1.17415,1.17411,0.26,0.82
24.08.2021 00:47:40.633,1.17415,1.17412,0.26,0.75
24.08.2021 00:47:56.179,1.1741700000000002,1.17414,0.1,0.75
24.08.2021 00:47:56.280,1.1741700000000002,1.17416,0.75,1.5
24.08.2021 00:47:56.382,1.17418,1.17416,0.1,1.5
24.08.2021 00:47:56.585,1.17419,1.17416,0.1,0.75
24.08.2021 00:47:56.956,1.17419,1.17415,0.1,0.75
24.08.2021 00:47:57.063,1.1742000000000001,1.17416,7.42,0.75
24.08.2021 00:48:08.744,1.17422,1.17419,0.9,0.75
24.08.2021 00:48:08.846,1.1742299999999999,1.1742000000000001,0.45,1.57
24.08.2021 00:48:08.948,1.17425,1.1742100000000002,8.51,0.75
24.08.2021 00:48:10.136,1.17426,1.1742100000000002,3.85,0.82
24.08.2021 00:48:16.899,1.17425,1.1742100000000002,0.59,0.82
24.08.2021 00:48:18.878,1.17426,1.1742100000000002,4.3,0.82
24.08.2021 00:48:19.552,1.17425,1.1742100000000002,0.75,0.82
24.08.2021 00:48:26.128,1.17426,1.17422,2.51,0.75
24.08.2021 00:48:32.755,1.17425,1.17422,0.19,0.75
24.08.2021 00:48:46.088,1.1742299999999999,1.1742100000000002,0.75,0.75
24.08.2021 00:48:46.799,1.1742299999999999,1.1742000000000001,0.75,0.75
24.08.2021 00:48:47.894,1.17422,1.17419,1.01,0.75
24.08.2021 00:48:47.996,1.17422,1.17418,3.64,0.75
24.08.2021 00:48:48.097,1.1742100000000002,1.1741700000000002,3.48,0.75
24.08.2021 00:48:48.199,1.17419,1.17418,0.37,0.75
24.08.2021 00:48:48.453,1.17419,1.1741700000000002,0.82,0.75
24.08.2021 00:49:01.509,1.17418,1.17415,0.75,0.75
24.08.2021 00:49:01.863,1.1741700000000002,1.17414,0.37,0.75
24.08.2021 00:49:02.686,1.1741700000000002,1.17415,3.64,0.75
24.08.2021 00:49:02.887,1.1741700000000002,1.17414,0.37,0.75
24.08.2021 00:49:02.988,1.17418,1.17414,3.64,0.75
24.08.2021 00:49:03.217,1.1741700000000002,1.17414,0.37,0.75
24.08.2021 00:49:20.552,1.17418,1.17414,1.57,0.75
24.08.2021 00:49:22.237,1.17418,1.17416,0.26,1.5
24.08.2021 00:49:22.338,1.17418,1.1741700000000002,0.19,0.75
24.08.2021 00:49:22.439,1.1742000000000001,1.17416,3.64,0.75
24.08.2021 00:49:23.143,1.17419,1.17416,0.1,0.75
24.08.2021 00:49:24.771,1.17419,1.1741700000000002,5.43,0.75
24.08.2021 00:49:27.247,1.17418,1.17415,0.82,0.75
24.08.2021 00:49:36.557,1.17419,1.17415,1.98,0.75
24.08.2021 00:49:37.768,1.1742000000000001,1.17415,4.72,4.57
24.08.2021 00:49:37.920,1.1742000000000001,1.17416,1.76,0.75
24.08.2021 00:49:50.151,1.1742100000000002,1.1741700000000002,3.26,0.75
24.08.2021 00:50:04.251,1.1742000000000001,1.17419,0.1,0.75
24.08.2021 00:50:41.217,1.1742100000000002,1.1741700000000002,1.76,0.75
24.08.2021 00:50:45.662,1.1742100000000002,1.17416,0.94,4.87
24.08.2021 00:51:00.786,1.1742100000000002,1.1741700000000002,0.94,0.75
24.08.2021 00:51:01.322,1.1742100000000002,1.17416,1.69,4.5
24.08.2021 00:51:30.087,1.17419,1.17416,0.75,0.75
24.08.2021 00:52:09.250,1.17418,1.17415,0.75,4.5
24.08.2021 00:52:09.353,1.1741700000000002,1.17414,2.32,0.45
24.08.2021 00:52:09.404,1.17414,1.17412,0.75,7.5
24.08.2021 00:52:09.506,1.17414,1.17411,0.75,0.1
24.08.2021 00:52:14.063,1.17414,1.1741000000000001,0.75,5.4
24.08.2021 00:52:21.578,1.17414,1.17411,0.75,0.1
24.08.2021 00:52:27.821,1.17414,1.1741000000000001,0.75,6.07
24.08.2021 00:52:27.922,1.17414,1.17411,0.75,0.1
24.08.2021 00:52:46.991,1.17413,1.1741000000000001,0.75,2.32
24.08.2021 00:52:47.042,1.17408,1.1740700000000002,1.12,12.37
24.08.2021 00:52:47.145,1.1740700000000002,1.17404,0.75,0.1
24.08.2021 00:52:47.248,1.17406,1.17403,0.75,0.75
24.08.2021 00:52:47.814,1.17406,1.17401,0.75,2.7
24.08.2021 00:52:48.016,1.17405,1.17401,0.82,1.57
24.08.2021 00:52:48.424,1.17403,1.17402,0.75,0.82
24.08.2021 00:52:48.548,1.17405,1.17401,0.82,0.1
24.08.2021 00:52:49.123,1.17404,1.17401,0.75,0.1
24.08.2021 00:52:52.273,1.17402,1.1740000000000002,1.57,1.95
24.08.2021 00:52:52.424,1.17404,1.1740000000000002,1.01,0.1
24.08.2021 00:53:00.202,1.1740000000000002,1.17398,1.5,3.45
24.08.2021 00:53:00.304,1.17399,1.1739600000000001,1.57,2.29
24.08.2021 00:53:00.405,1.17398,1.1739600000000001,0.75,0.75
24.08.2021 00:53:00.557,1.17399,1.1739600000000001,0.82,0.75
24.08.2021 00:53:00.658,1.17398,1.17395,0.75,1.57
24.08.2021 00:53:01.930,1.17398,1.1739600000000001,0.75,0.75
24.08.2021 00:53:02.031,1.17399,1.1739600000000001,0.75,0.1
24.08.2021 00:53:02.133,1.1740000000000002,1.1739600000000001,0.82,0.1
24.08.2021 00:53:02.235,1.17401,1.1739700000000002,0.82,1.95
24.08.2021 00:53:02.286,1.17402,1.1740000000000002,0.45,0.75
24.08.2021 00:53:02.337,1.17404,1.1740000000000002,0.75,1.12
24.08.2021 00:53:08.362,1.17406,1.17401,1.01,0.75
24.08.2021 00:53:17.258,1.1740700000000002,1.17403,1.2,0.82
24.08.2021 00:53:17.370,1.1740700000000002,1.17404,0.82,0.75
24.08.2021 00:53:17.472,1.17409,1.17405,0.82,0.1
24.08.2021 00:53:19.054,1.17409,1.17406,0.75,0.1
24.08.2021 00:53:29.940,1.1741000000000001,1.1740700000000002,0.75,0.82
24.08.2021 00:53:30.041,1.1741000000000001,1.17406,2.51,2.32
24.08.2021 00:53:30.143,1.17408,1.1740700000000002,0.75,0.82
24.08.2021 00:53:30.244,1.1741000000000001,1.17406,0.82,0.82
24.08.2021 00:53:30.345,1.17411,1.17406,0.94,5.32
24.08.2021 00:53:36.251,1.17406,1.17404,1.57,9.07
24.08.2021 00:53:36.302,1.17403,1.17402,0.75,2.25
24.08.2021 00:53:36.404,1.17402,1.1740000000000002,0.75,0.45
24.08.2021 00:53:36.506,1.17403,1.17398,1.5,1.5
24.08.2021 00:53:36.658,1.17402,1.17398,0.75,2.62
24.08.2021 00:53:36.760,1.17403,1.17398,1.5,1.5
24.08.2021 00:53:42.191,1.17403,1.17399,0.82,0.82
24.08.2021 00:53:42.293,1.17404,1.1740000000000002,0.1,0.82
24.08.2021 00:53:44.827,1.17405,1.1740000000000002,0.75,0.82
24.08.2021 00:53:51.615,1.17405,1.17401,0.75,0.75
24.08.2021 00:54:01.384,1.17406,1.17401,1.57,0.75
24.08.2021 00:54:03.175,1.1740700000000002,1.17403,1.95,0.75
24.08.2021 00:54:03.327,1.1740700000000002,1.17404,0.37,0.82
24.08.2021 00:54:03.428,1.17408,1.17405,0.82,0.75
24.08.2021 00:54:03.530,1.17408,1.17404,0.82,0.82
24.08.2021 00:54:04.024,1.17408,1.17405,0.75,1.57
24.08.2021 00:54:04.126,1.17409,1.17405,0.1,1.57
24.08.2021 00:54:04.227,1.1741000000000001,1.17405,0.75,2.32
24.08.2021 00:54:07.381,1.1741000000000001,1.17406,0.75,2.29
24.08.2021 00:54:07.547,1.1741000000000001,1.17405,1.5,5.32
24.08.2021 00:54:08.461,1.1741000000000001,1.17406,0.75,2.29
24.08.2021 00:54:08.590,1.1741000000000001,1.17405,0.75,7.61
24.08.2021 00:54:18.299,1.1741000000000001,1.17406,0.75,0.75
24.08.2021 00:54:29.787,1.17408,1.17405,3,0.19
24.08.2021 00:54:29.838,1.1740700000000002,1.17403,0.37,6.56
24.08.2021 00:54:31.245,1.17408,1.17404,1.57,0.75
24.08.2021 00:54:36.045,1.17409,1.17405,0.94,0.75
24.08.2021 00:54:36.311,1.1741000000000001,1.17405,0.94,1.57
24.08.2021 00:54:37.540,1.1741000000000001,1.17406,1.5,0.75
24.08.2021 00:54:42.543,1.17411,1.1740700000000002,2.44,0.75
24.08.2021 00:54:46.610,1.1741000000000001,1.17406,0.75,1.5
24.08.2021 00:54:48.684,1.17411,1.17406,0.94,2.32
24.08.2021 00:54:49.581,1.17412,1.1740700000000002,4.23,0.75
24.08.2021 00:54:55.142,1.17414,1.17411,1.04,0.75
24.08.2021 00:54:55.295,1.17414,1.17412,0.45,0.75
24.08.2021 00:54:55.396,1.17415,1.17411,0.19,0.82
24.08.2021 00:54:55.497,1.17414,1.1741000000000001,0.75,2.25
24.08.2021 00:54:55.649,1.17415,1.17411,0.75,0.75
24.08.2021 00:54:55.801,1.17415,1.17412,1.69,0.75
24.08.2021 00:54:55.903,1.17416,1.17412,0.75,0.1
24.08.2021 00:54:56.004,1.17416,1.17411,0.82,1.76
24.08.2021 00:54:56.105,1.17415,1.17411,0.75,1.76
24.08.2021 00:54:59.202,1.17415,1.17413,0.75,1.5
24.08.2021 00:54:59.253,1.17418,1.17415,0.45,1.95
24.08.2021 00:54:59.355,1.17418,1.17416,0.45,0.75
24.08.2021 00:54:59.407,1.1742000000000001,1.17416,0.75,0.82
24.08.2021 00:54:59.966,1.17419,1.17415,0.82,0.75
24.08.2021 00:55:00.168,1.17418,1.17415,1.5,0.75
24.08.2021 00:55:00.219,1.1741700000000002,1.17413,0.82,0.45
24.08.2021 00:55:00.321,1.17416,1.17413,0.75,0.45
24.08.2021 00:55:00.372,1.17416,1.17411,1.01,1.57
24.08.2021 00:55:00.524,1.17416,1.17412,0.75,0.1
24.08.2021 00:55:00.626,1.1741700000000002,1.17413,0.75,0.82
24.08.2021 00:55:00.778,1.17418,1.17413,0.82,3.82
24.08.2021 00:55:01.283,1.17418,1.17414,0.75,0.1
24.08.2021 00:55:01.562,1.17418,1.17413,0.82,1.57
24.08.2021 00:55:02.675,1.1741700000000002,1.17415,0.82,0.75
24.08.2021 00:55:02.827,1.17419,1.17414,1.57,0.82
24.08.2021 00:55:02.928,1.17418,1.17414,0.1,0.75
24.08.2021 00:55:03.029,1.17419,1.17414,1.57,0.82
24.08.2021 00:55:03.920,1.17418,1.17414,0.75,0.82
24.08.2021 00:55:04.484,1.17418,1.17415,1.76,0.82
24.08.2021 00:55:09.169,1.17419,1.17415,0.75,0.82
24.08.2021 00:55:09.271,1.1742000000000001,1.17415,3.64,0.82
24.08.2021 00:55:11.204,1.1742000000000001,1.17416,1.5,0.82
24.08.2021 00:55:14.244,1.1742100000000002,1.17416,2.92,0.82
24.08.2021 00:55:15.104,1.1742000000000001,1.17416,0.75,0.82
24.08.2021 00:55:22.082,1.1742100000000002,1.17416,1.57,1.2
24.08.2021 00:55:37.586,1.17419,1.17415,0.75,1.57
24.08.2021 00:55:37.689,1.1742000000000001,1.17415,1.57,1.57
24.08.2021 00:55:37.842,1.17419,1.17415,0.1,0.75
24.08.2021 00:55:38.946,1.1741700000000002,1.17414,0.75,0.82
24.08.2021 00:55:39.099,1.17415,1.17412,0.75,6.71
24.08.2021 00:55:39.201,1.17414,1.17412,0.75,2.02
24.08.2021 00:55:39.302,1.17414,1.17411,0.75,0.1
24.08.2021 00:55:39.605,1.17416,1.17411,0.82,0.1
24.08.2021 00:55:40.343,1.17413,1.1741000000000001,0.75,1.39
24.08.2021 00:55:40.926,1.17413,1.17411,0.75,0.1
24.08.2021 00:55:41.576,1.17412,1.17409,1.12,1.57
24.08.2021 00:55:41.730,1.17409,1.1740700000000002,0.75,0.37
24.08.2021 00:55:41.781,1.1741000000000001,1.1740700000000002,1.01,0.1
24.08.2021 00:55:41.882,1.1741000000000001,1.17405,0.82,5.59
24.08.2021 00:55:41.933,1.1740700000000002,1.17405,0.75,10.84
24.08.2021 00:55:44.295,1.1741000000000001,1.17406,0.75,0.1
24.08.2021 00:55:47.266,1.17408,1.17405,0.75,3.19
24.08.2021 00:55:54.694,1.1740700000000002,1.17404,0.75,0.45
24.08.2021 00:55:54.796,1.17406,1.17404,0.75,0.45
24.08.2021 00:55:54.898,1.17406,1.17403,0.75,1.01
24.08.2021 00:55:57.013,1.1740700000000002,1.17403,0.75,1.01
24.08.2021 00:55:59.934,1.17404,1.17402,0.75,0.75
24.08.2021 00:56:00.035,1.17404,1.17401,0.75,2.32
24.08.2021 00:56:00.239,1.17402,1.1740000000000002,0.75,0.45
24.08.2021 00:56:00.341,1.17402,1.17398,0.75,4.46
24.08.2021 00:56:01.393,1.17403,1.17398,1.5,2.51
24.08.2021 00:56:01.546,1.17403,1.17399,0.75,3.64
24.08.2021 00:56:01.900,1.17402,1.17401,0.75,0.1
24.08.2021 00:56:02.186,1.17403,1.17399,0.75,9.71
24.08.2021 00:56:02.519,1.17403,1.1740000000000002,0.75,0.75
24.08.2021 00:56:02.671,1.17404,1.1740000000000002,0.75,0.45
24.08.2021 00:56:05.909,1.17403,1.17399,1.5,5.25
24.08.2021 00:56:06.430,1.17403,1.1740000000000002,0.75,0.75
24.08.2021 00:56:06.532,1.17403,1.17399,0.75,7.91
24.08.2021 00:56:06.633,1.17404,1.1740000000000002,0.75,0.1
24.08.2021 00:56:07.347,1.17405,1.1740000000000002,0.75,3.41
24.08.2021 00:56:13.869,1.17401,1.1740000000000002,0.37,1.57
24.08.2021 00:56:14.023,1.17402,1.17398,1.5,10.65
24.08.2021 00:56:14.126,1.17402,1.17399,1.5,0.75
24.08.2021 00:56:14.532,1.17403,1.17399,3,0.75
24.08.2021 00:56:14.686,1.17402,1.17399,0.75,0.75
24.08.2021 00:56:14.820,1.17403,1.17399,2.32,0.75
24.08.2021 00:56:19.953,1.17401,1.1739700000000002,0.75,0.75
24.08.2021 00:56:20.156,1.1740000000000002,1.1739700000000002,0.75,2.4
24.08.2021 00:56:22.713,1.1740000000000002,1.1739600000000001,0.75,4.84
24.08.2021 00:56:58.555,1.1740000000000002,1.1739700000000002,3.07,0.75
24.08.2021 00:56:58.837,1.1740000000000002,1.17395,0.75,3.52
24.08.2021 00:57:00.930,1.17399,1.17395,0.75,3.22
24.08.2021 00:57:02.904,1.17399,1.17394,0.75,6.34
24.08.2021 00:57:03.269,1.1739700000000002,1.17393,1.57,0.45
24.08.2021 00:57:03.370,1.1739600000000001,1.17393,2.51,0.45
24.08.2021 00:57:03.472,1.17395,1.17391,0.75,0.75
24.08.2021 00:57:03.523,1.17393,1.1739000000000002,0.75,0.45
24.08.2021 00:57:03.625,1.17394,1.1739000000000002,0.75,0.45
24.08.2021 00:57:05.375,1.17395,1.1739000000000002,0.75,1.39
24.08.2021 00:57:08.202,1.17394,1.1739000000000002,0.75,0.64
24.08.2021 00:57:09.344,1.17394,1.17391,0.75,0.19
24.08.2021 00:57:09.972,1.17393,1.1739000000000002,2.25,1.2
24.08.2021 00:57:10.024,1.17393,1.17388,1.5,5.17
24.08.2021 00:57:10.177,1.17392,1.17388,0.75,3.94
24.08.2021 00:57:11.512,1.17392,1.1739000000000002,1.5,0.75
24.08.2021 00:57:11.715,1.17394,1.17389,1.69,1.2
24.08.2021 00:57:17.177,1.17393,1.17389,0.75,0.94
24.08.2021 00:57:21.730,1.17393,1.17388,0.75,4.01
24.08.2021 00:57:21.832,1.17394,1.17389,3.26,0.75
24.08.2021 00:57:21.983,1.17394,1.1739000000000002,1.5,0.19
24.08.2021 00:57:22.287,1.17394,1.17389,1.5,5.21
24.08.2021 00:57:22.712,1.17394,1.1739000000000002,1.5,0.19
24.08.2021 00:57:30.214,1.17393,1.17392,0.75,0.75
24.08.2021 00:57:30.315,1.17395,1.17391,1.5,2.14
24.08.2021 00:57:34.677,1.1739700000000002,1.17392,3.07,2.44
24.08.2021 00:57:36.368,1.1739700000000002,1.17393,0.75,0.82
24.08.2021 00:57:37.510,1.1739600000000001,1.17392,0.75,5.51
24.08.2021 00:57:37.611,1.17395,1.17391,0.75,6.34
24.08.2021 00:57:40.302,1.17394,1.17391,0.75,0.75
24.08.2021 00:57:41.123,1.17393,1.17391,0.75,3.75
24.08.2021 00:57:52.821,1.17394,1.17389,0.75,4.09
24.08.2021 00:57:53.074,1.17394,1.1739000000000002,0.75,0.37
24.08.2021 00:57:53.826,1.17394,1.17389,0.75,6.9
24.08.2021 00:57:55.163,1.17394,1.1739000000000002,0.75,3
24.08.2021 00:57:55.710,1.17394,1.17389,0.75,7.27
24.08.2021 00:57:55.811,1.17394,1.1739000000000002,0.75,0.45
24.08.2021 00:57:55.913,1.17394,1.17389,0.75,6.34
24.08.2021 00:57:56.494,1.17394,1.1739000000000002,0.75,3
24.08.2021 00:57:58.297,1.1739600000000001,1.17391,1.95,2.06
24.08.2021 00:57:58.398,1.17395,1.17391,1.5,0.94
24.08.2021 00:58:15.473,1.17394,1.17391,0.75,1.12
24.08.2021 00:58:15.955,1.17394,1.1739000000000002,0.75,4.76
24.08.2021 00:58:16.217,1.17393,1.17392,0.75,0.37
24.08.2021 00:58:21.232,1.17394,1.1739000000000002,0.75,5.51
24.08.2021 00:58:21.333,1.17391,1.17389,0.75,1.2
24.08.2021 00:58:21.434,1.1739000000000002,1.17388,0.75,0.75
24.08.2021 00:58:21.536,1.1739000000000002,1.1738600000000001,0.75,0.45
24.08.2021 00:58:21.637,1.1739000000000002,1.17385,0.75,7.84
24.08.2021 00:58:25.041,1.17389,1.17384,0.75,4.09
24.08.2021 00:58:29.152,1.17388,1.17384,0.75,7.84
24.08.2021 00:58:31.824,1.17388,1.1738600000000001,0.75,0.19
24.08.2021 00:58:33.415,1.1739000000000002,1.1738600000000001,0.75,0.1
24.08.2021 00:58:33.871,1.17389,1.17385,0.75,1.57
24.08.2021 00:58:34.022,1.17389,1.17384,0.75,8.59
24.08.2021 00:58:34.174,1.17388,1.17384,0.75,7.84
24.08.2021 00:58:35.192,1.17388,1.17385,0.75,0.19
24.08.2021 00:58:35.303,1.17389,1.17384,0.75,7.09
24.08.2021 00:58:41.123,1.17389,1.17385,0.75,3.19
24.08.2021 00:58:49.791,1.17389,1.17384,0.82,5.62
24.08.2021 00:58:52.521,1.17389,1.17385,0.75,1.12
24.08.2021 00:58:59.605,1.1739000000000002,1.1738600000000001,0.75,0.75
24.08.2021 00:59:05.071,1.17392,1.17389,1.12,0.75
24.08.2021 00:59:05.173,1.17394,1.1739000000000002,4.91,0.75
24.08.2021 00:59:06.702,1.17395,1.17391,0.75,0.19
24.08.2021 00:59:07.272,1.17395,1.1739000000000002,0.75,7.46
24.08.2021 00:59:10.139,1.17394,1.1739000000000002,0.75,5.14
24.08.2021 00:59:17.796,1.17394,1.17389,0.75,6.34
24.08.2021 00:59:27.211,1.17394,1.1739000000000002,0.75,0.1
24.08.2021 00:59:29.218,1.17394,1.17389,0.82,3.71
24.08.2021 00:59:29.395,1.17394,1.1739000000000002,0.75,0.1
24.08.2021 00:59:36.753,1.17394,1.17391,0.75,0.1
24.08.2021 00:59:41.020,1.17394,1.1739000000000002,0.75,3.82
24.08.2021 00:59:41.845,1.17393,1.1739000000000002,0.75,0.45
24.08.2021 00:59:42.749,1.17393,1.17389,0.75,2.59
24.08.2021 00:59:42.865,1.17393,1.1739000000000002,0.75,0.1
24.08.2021 00:59:44.634,1.17393,1.17391,0.75,0.1
24.08.2021 00:59:46.381,1.17392,1.17389,1.2,0.82
24.08.2021 00:59:46.584,1.17391,1.17388,0.75,0.1
24.08.2021 00:59:46.685,1.1739000000000002,1.17388,0.75,0.1
24.08.2021 00:59:46.787,1.1739000000000002,1.1738600000000001,0.75,3.94
24.08.2021 00:59:56.043,1.17391,1.1738700000000002,0.75,2.44
24.08.2021 00:59:56.145,1.17392,1.17388,1.95,0.1
24.08.2021 00:59:56.246,1.17392,1.17389,1.5,1.01
24.08.2021 00:59:56.348,1.17394,1.1739000000000002,1.57,0.26
24.08.2021 01:00:01.062,1.17394,1.17392,0.75,0.94
24.08.2021 01:00:01.164,1.17395,1.17391,0.75,4.76
24.08.2021 01:00:01.621,1.17395,1.1739000000000002,0.75,3.71
24.08.2021 01:00:02.044,1.17394,1.1739000000000002,0.75,5.7
24.08.2021 01:00:02.561,1.17394,1.17392,0.75,0.75
24.08.2021 01:00:02.663,1.17395,1.17392,0.75,0.1
24.08.2021 01:00:10.174,1.17394,1.17392,0.75,0.1
24.08.2021 01:00:14.604,1.17394,1.1739000000000002,0.75,3.64
24.08.2021 01:00:25.586,1.17392,1.17389,1.12,0.1
24.08.2021 01:00:25.687,1.17392,1.17388,1.2,2.02
24.08.2021 01:00:26.110,1.17393,1.17389,0.82,1.57
24.08.2021 01:00:30.230,1.17394,1.1739000000000002,0.75,0.1
24.08.2021 01:00:32.397,1.17394,1.17391,0.75,0.1
24.08.2021 01:00:33.314,1.17394,1.1739000000000002,0.82,0.1
24.08.2021 01:00:33.995,1.17394,1.17391,0.75,0.1
24.08.2021 01:00:34.581,1.17393,1.17391,0.82,0.45
24.08.2021 01:00:35.433,1.17394,1.17389,0.82,6.45
24.08.2021 01:00:40.706,1.17392,1.17388,1.2,0.82
24.08.2021 01:00:43.568,1.17392,1.1739000000000002,0.82,0.82
24.08.2021 01:00:48.730,1.17392,1.17389,0.75,0.1
24.08.2021 01:00:48.831,1.17392,1.17388,3.85,0.1
24.08.2021 01:00:48.933,1.1739000000000002,1.1738700000000002,0.75,0.1
24.08.2021 01:00:48.984,1.1739000000000002,1.17385,0.75,3.15
24.08.2021 01:00:50.679,1.1739000000000002,1.1738600000000001,0.75,0.1
24.08.2021 01:00:51.090,1.1739000000000002,1.17385,0.75,1.95
24.08.2021 01:00:51.260,1.17389,1.17385,0.75,1.95
24.08.2021 01:00:57.394,1.1738600000000001,1.17384,0.75,0.75
24.08.2021 01:00:57.496,1.17385,1.17382,0.75,1.65
24.08.2021 01:00:57.598,1.17384,1.17382,0.75,1.2
24.08.2021 01:00:57.700,1.17384,1.17381,0.75,0.1
24.08.2021 01:01:00.613,1.17381,1.1737900000000001,0.75,3.15
24.08.2021 01:01:00.714,1.1738,1.17378,0.75,1.2
24.08.2021 01:01:00.815,1.1738,1.1737600000000001,0.75,4.57
24.08.2021 01:01:00.967,1.1738,1.1737700000000002,0.75,0.75
24.08.2021 01:01:01.069,1.1738,1.1737600000000001,0.75,1.57
24.08.2021 01:01:03.121,1.1738,1.1737700000000002,0.75,0.75
24.08.2021 01:01:03.223,1.1738,1.1737600000000001,0.75,1.2
24.08.2021 01:01:14.824,1.1737600000000001,1.17373,0.1,1.95
24.08.2021 01:01:15.026,1.17374,1.17372,0.75,7.5
24.08.2021 01:01:15.128,1.17374,1.17371,0.75,0.1
24.08.2021 01:01:22.014,1.1737600000000001,1.17372,0.75,1.76
24.08.2021 01:01:22.065,1.1737700000000002,1.1737600000000001,1.5,0.1
24.08.2021 01:01:22.982,1.1737900000000001,1.17375,1.5,0.1
24.08.2021 01:01:27.041,1.1737900000000001,1.1737600000000001,0.75,0.82
24.08.2021 01:01:27.143,1.1737900000000001,1.1737700000000002,0.75,0.9
24.08.2021 01:01:27.346,1.1738,1.1737700000000002,0.75,0.37
24.08.2021 01:01:28.109,1.1737900000000001,1.1737700000000002,0.75,1.65
24.08.2021 01:01:32.930,1.1738,1.17378,0.75,1.5
24.08.2021 01:01:33.032,1.17384,1.1738,3.71,0.82
24.08.2021 01:01:33.134,1.17385,1.1738,0.82,6.97
24.08.2021 01:01:33.237,1.17385,1.17381,0.75,0.45
24.08.2021 01:01:33.393,1.17385,1.17382,0.75,0.1
24.08.2021 01:01:33.964,1.17385,1.17381,0.75,1.35
24.08.2021 01:01:54.700,1.17384,1.17381,0.75,0.1
24.08.2021 01:01:58.502,1.17384,1.17382,0.75,1.2
24.08.2021 01:01:58.604,1.17385,1.17382,0.75,0.1
24.08.2021 01:01:58.857,1.1738600000000001,1.17384,1.5,0.1
24.08.2021 01:01:58.959,1.17388,1.17384,0.75,0.82
24.08.2021 01:02:00.182,1.17388,1.17385,0.75,0.1
24.08.2021 01:02:00.937,1.1738700000000002,1.17383,0.75,5.36
24.08.2021 01:02:01.090,1.1738700000000002,1.17384,0.75,1.12
24.08.2021 01:02:01.191,1.1738700000000002,1.17385,0.75,1.57
24.08.2021 01:02:01.293,1.1738600000000001,1.17383,0.75,4.5
24.08.2021 01:02:01.395,1.1738600000000001,1.17382,0.75,2.77
24.08.2021 01:02:02.167,1.17385,1.17381,0.75,4.95
24.08.2021 01:02:02.268,1.17385,1.17382,0.75,0.1
24.08.2021 01:02:02.370,1.17385,1.17381,0.75,1.57
24.08.2021 01:02:06.138,1.17385,1.17382,0.75,0.1
24.08.2021 01:02:06.251,1.17385,1.17381,0.75,1.65
24.08.2021 01:02:06.894,1.17385,1.17382,0.75,0.1
24.08.2021 01:02:08.389,1.17385,1.17381,0.75,1.65
24.08.2021 01:02:09.920,1.17384,1.17383,0.75,0.1
24.08.2021 01:02:10.028,1.1738700000000002,1.17383,0.75,0.1
24.08.2021 01:02:10.233,1.1738600000000001,1.17382,0.75,1.57
24.08.2021 01:02:12.050,1.17385,1.17382,0.75,0.1
24.08.2021 01:02:12.290,1.17385,1.17381,0.75,4.95
24.08.2021 01:02:15.701,1.17385,1.17382,0.75,3
24.08.2021 01:02:16.950,1.17385,1.17381,0.75,0.1
24.08.2021 01:02:51.471,1.17384,1.17381,0.75,0.1
24.08.2021 01:03:00.096,1.17384,1.1738,0.75,5.14
24.08.2021 01:03:13.648,1.17385,1.1738,1.12,6.34
24.08.2021 01:03:13.800,1.17384,1.17382,0.75,6.71
24.08.2021 01:03:13.901,1.17385,1.17383,0.75,0.1
24.08.2021 01:03:14.053,1.1738700000000002,1.17383,3.59,0.26
24.08.2021 01:03:14.155,1.1738600000000001,1.17382,0.75,3.26
24.08.2021 01:03:26.159,1.1738700000000002,1.17383,2.84,0.26
24.08.2021 01:03:26.262,1.1738700000000002,1.17385,2.25,0.94
24.08.2021 01:03:26.364,1.17388,1.17385,0.75,0.26
24.08.2021 01:03:26.465,1.17389,1.17385,0.75,0.26
24.08.2021 01:03:30.157,1.17389,1.1738600000000001,0.75,0.1
24.08.2021 01:03:30.259,1.1739000000000002,1.1738600000000001,1.5,0.1
24.08.2021 01:03:30.360,1.17391,1.1738700000000002,1.87,0.1
24.08.2021 01:03:31.674,1.1739000000000002,1.1738600000000001,0.75,1.01
24.08.2021 01:03:32.334,1.17389,1.1738600000000001,0.75,0.26
24.08.2021 01:03:50.157,1.1739000000000002,1.1738600000000001,0.75,1.01
24.08.2021 01:04:02.330,1.17391,1.1738700000000002,0.75,1.01
24.08.2021 01:04:02.533,1.17392,1.17388,0.82,0.19
24.08.2021 01:04:02.735,1.17394,1.1739000000000002,1.57,0.19
24.08.2021 01:04:12.715,1.17394,1.17391,0.75,0.1
24.08.2021 01:04:22.606,1.17394,1.17392,0.75,0.75
24.08.2021 01:04:22.708,1.17395,1.17392,0.75,0.9
24.08.2021 01:04:26.237,1.17395,1.17393,0.75,0.82
24.08.2021 01:04:26.447,1.17395,1.17392,0.75,1.09
24.08.2021 01:04:26.788,1.17395,1.17393,0.75,0.82
24.08.2021 01:04:27.390,1.17399,1.17395,4.61,0.19
24.08.2021 01:04:27.491,1.17399,1.1739600000000001,1.2,0.82
24.08.2021 01:04:30.672,1.17398,1.17394,3.07,2.7
24.08.2021 01:04:30.774,1.1739600000000001,1.17393,0.75,6.71
24.08.2021 01:04:30.875,1.1739600000000001,1.17392,0.82,0.1
24.08.2021 01:04:40.719,1.17395,1.17392,1.5,0.1
24.08.2021 01:04:40.820,1.17395,1.17391,1.57,0.26
24.08.2021 01:04:40.922,1.17394,1.17391,0.75,0.26
24.08.2021 01:04:41.469,1.17395,1.17391,1.57,0.26
24.08.2021 01:04:55.710,1.17392,1.1739000000000002,0.37,0.75
24.08.2021 01:04:55.812,1.17392,1.17388,0.37,3.52
24.08.2021 01:04:55.914,1.17392,1.1739000000000002,0.82,0.75
24.08.2021 01:04:56.334,1.17394,1.1739000000000002,0.75,0.1
24.08.2021 01:04:56.639,1.17395,1.1739000000000002,0.82,0.82
24.08.2021 01:04:56.740,1.17395,1.17391,1.5,0.1
24.08.2021 01:05:23.278,1.17395,1.1739000000000002,0.82,7.09
24.08.2021 01:05:25.457,1.17394,1.1739000000000002,0.75,1.57
24.08.2021 01:05:28.157,1.17393,1.17389,1.5,2.32
24.08.2021 01:05:28.258,1.17394,1.1739000000000002,0.75,0.1
24.08.2021 01:05:30.946,1.17394,1.17391,0.75,0.1
24.08.2021 01:05:33.067,1.17395,1.17391,0.75,0.1
24.08.2021 01:05:33.577,1.17395,1.17392,0.75,0.1
24.08.2021 01:05:33.679,1.17395,1.17391,0.75,1.57
24.08.2021 01:05:33.955,1.17395,1.17392,0.75,0.1
24.08.2021 01:05:34.357,1.17395,1.17391,0.75,1.57
24.08.2021 01:05:35.154,1.17395,1.1739000000000002,0.82,7.65
24.08.2021 01:05:35.407,1.17394,1.1739000000000002,0.75,1.95
24.08.2021 01:05:35.559,1.17394,1.17391,0.75,0.1
24.08.2021 01:05:35.661,1.17394,1.1739000000000002,0.75,4.95
24.08.2021 01:05:38.386,1.17394,1.17391,0.75,0.1
24.08.2021 01:05:38.690,1.17394,1.1739000000000002,0.75,1.95
24.08.2021 01:05:42.506,1.17394,1.17391,0.75,0.19
24.08.2021 01:05:42.940,1.17393,1.17391,0.75,2.14
24.08.2021 01:05:54.662,1.17394,1.17389,2.92,1.76
24.08.2021 01:05:54.764,1.17393,1.17389,0.82,0.94
24.08.2021 01:05:55.937,1.1739000000000002,1.1738600000000001,1.69,1.65
24.08.2021 01:05:56.039,1.17389,1.1738600000000001,0.75,1.2
24.08.2021 01:05:56.140,1.17389,1.17385,0.75,4.57
24.08.2021 01:05:56.882,1.17389,1.1738600000000001,0.75,0.1
24.08.2021 01:05:57.722,1.17389,1.17385,0.75,3.82
24.08.2021 01:06:01.778,1.17389,1.1738600000000001,0.75,0.1
24.08.2021 01:06:02.132,1.17389,1.17385,0.75,5.4
24.08.2021 01:06:10.926,1.17389,1.17384,1.57,2.32
24.08.2021 01:06:13.729,1.17388,1.17384,3.45,0.75
24.08.2021 01:06:13.830,1.17389,1.17385,0.75,0.82
24.08.2021 01:06:14.083,1.17388,1.1738700000000002,0.75,0.1
24.08.2021 01:06:15.072,1.1739000000000002,1.1738600000000001,0.75,0.1
24.08.2021 01:06:17.292,1.17391,1.1738600000000001,1.2,0.82
24.08.2021 01:06:47.216,1.1739000000000002,1.1738600000000001,0.75,0.1
24.08.2021 01:06:51.342,1.1739000000000002,1.17385,0.82,7.01
24.08.2021 01:06:52.193,1.1739000000000002,1.1738600000000001,0.75,0.1
24.08.2021 01:07:02.152,1.1739000000000002,1.17385,0.82,7.01
24.08.2021 01:07:04.561,1.17388,1.17384,1.5,6.64
24.08.2021 01:07:04.663,1.17388,1.17385,0.82,2.89
24.08.2021 01:07:04.764,1.17389,1.17385,0.75,0.1
24.08.2021 01:07:12.631,1.1739000000000002,1.17385,2.17,1.01
24.08.2021 01:07:21.489,1.17389,1.17385,0.75,1.01
24.08.2021 01:07:38.306,1.17389,1.1738600000000001,0.75,0.26
24.08.2021 01:07:41.716,1.1739000000000002,1.17385,1.57,4.76
24.08.2021 01:07:50.966,1.1739000000000002,1.1738600000000001,0.82,0.19
24.08.2021 01:08:25.940,1.17391,1.1738600000000001,2.17,1.39
24.08.2021 01:08:42.939,1.17391,1.1738700000000002,1.5,0.26
24.08.2021 01:08:53.717,1.17391,1.1738600000000001,1.57,1.76
24.08.2021 01:08:54.544,1.17389,1.1738700000000002,1.5,0.26
24.08.2021 01:08:57.910,1.17389,1.17385,0.75,1.76
24.08.2021 01:09:12.878,1.17389,1.17384,4.79,3.71
24.08.2021 01:09:12.979,1.17388,1.17384,0.75,2.77
24.08.2021 01:09:16.337,1.17389,1.17385,4.42,0.75
24.08.2021 01:09:16.758,1.1739000000000002,1.17385,0.82,5.14
24.08.2021 01:09:20.151,1.1739000000000002,1.1738600000000001,0.82,0.75
24.08.2021 01:09:29.200,1.17391,1.1738600000000001,0.82,5.77
24.08.2021 01:09:38.021,1.17391,1.1738700000000002,0.1,0.75
24.08.2021 01:09:59.573,1.17392,1.17388,0.82,0.19
24.08.2021 01:09:59.676,1.17394,1.1739000000000002,0.1,1.5
24.08.2021 01:09:59.777,1.17395,1.1739000000000002,2.17,2.51
24.08.2021 01:09:59.889,1.17395,1.17391,0.75,0.82
24.08.2021 01:10:00.722,1.17395,1.17393,3.67,0.75
24.08.2021 01:10:51.186,1.17395,1.17392,3.07,0.82
24.08.2021 01:10:51.287,1.1739600000000001,1.17392,1.57,0.75
24.08.2021 01:12:18.667,1.17395,1.17391,0.75,1.65
24.08.2021 01:12:33.058,1.17395,1.1739000000000002,0.82,7.84
24.08.2021 01:12:33.234,1.17393,1.17389,0.75,2.96
24.08.2021 01:12:33.337,1.17394,1.17389,1.57,3.9
24.08.2021 01:12:33.438,1.17394,1.1739000000000002,1.57,0.75
24.08.2021 01:12:48.158,1.17394,1.17392,0.75,0.1
24.08.2021 01:12:51.570,1.17395,1.1739000000000002,0.82,7.91
24.08.2021 01:12:52.285,1.17395,1.17391,0.82,2.4
24.08.2021 01:13:00.410,1.1739600000000001,1.17394,2.54,2.7
24.08.2021 01:13:00.511,1.17398,1.17394,1.5,2.62
24.08.2021 01:13:00.714,1.17399,1.17395,1.57,0.75
24.08.2021 01:13:16.831,1.1740000000000002,1.17395,0.82,3.64
24.08.2021 01:13:17.556,1.17398,1.1739600000000001,0.1,3.64
24.08.2021 01:13:23.151,1.17399,1.1739600000000001,0.1,0.75
24.08.2021 01:13:30.710,1.17399,1.17395,0.1,4.09
24.08.2021 01:13:45.848,1.17398,1.1739700000000002,0.1,0.75
24.08.2021 01:13:55.991,1.17398,1.1739600000000001,0.1,0.75
24.08.2021 01:13:56.144,1.17399,1.1739600000000001,4.72,0.75
24.08.2021 01:13:57.194,1.1739700000000002,1.17393,0.1,0.75
24.08.2021 01:13:59.126,1.1739700000000002,1.1739600000000001,0.1,0.75
24.08.2021 01:13:59.375,1.17398,1.17395,0.1,0.75
24.08.2021 01:14:03.491,1.17398,1.17394,0.82,0.75
24.08.2021 01:14:08.874,1.1739700000000002,1.17392,1.57,1.5
24.08.2021 01:14:18.300,1.1739600000000001,1.17392,0.1,1.5
24.08.2021 01:14:19.946,1.1739600000000001,1.17391,0.82,1.57
24.08.2021 01:14:34.959,1.17395,1.1739000000000002,0.82,2.89
24.08.2021 01:14:41.487,1.17395,1.17391,0.75,0.75
24.08.2021 01:14:58.357,1.1739600000000001,1.17391,0.75,0.75
24.08.2021 01:15:05.139,1.1739700000000002,1.17392,3.59,0.75
24.08.2021 01:15:05.240,1.1739600000000001,1.17392,0.75,0.75
24.08.2021 01:15:06.557,1.1739600000000001,1.17391,1.5,0.75
24.08.2021 01:15:07.167,1.17395,1.17391,0.1,0.75
24.08.2021 01:15:13.842,1.17395,1.17392,0.1,0.37
24.08.2021 01:15:14.030,1.17395,1.17391,0.1,0.75
24.08.2021 01:15:20.166,1.1739600000000001,1.17391,1.57,0.75
24.08.2021 01:15:29.401,1.17395,1.17391,0.1,0.75
24.08.2021 01:15:30.412,1.1739600000000001,1.17391,1.2,0.75
24.08.2021 01:15:31.223,1.17395,1.17391,0.82,0.75
24.08.2021 01:15:39.014,1.1739600000000001,1.17391,0.82,3.26
24.08.2021 01:16:00.197,1.1739600000000001,1.17392,0.82,0.75
24.08.2021 01:16:02.692,1.17398,1.17393,2.54,0.75
24.08.2021 01:16:03.062,1.17399,1.17395,1.42,0.75
24.08.2021 01:16:03.164,1.1740000000000002,1.17395,0.82,1.5
24.08.2021 01:16:08.169,1.1740000000000002,1.1739600000000001,0.82,0.75
24.08.2021 01:16:09.440,1.1739700000000002,1.17395,1.12,0.75
24.08.2021 01:16:09.491,1.1739700000000002,1.17393,2.25,2.32
24.08.2021 01:16:09.643,1.1739600000000001,1.17391,0.82,9.94
24.08.2021 01:16:21.762,1.17395,1.17391,0.82,0.75
24.08.2021 01:16:21.864,1.17393,1.17391,1.57,0.75
24.08.2021 01:16:21.965,1.17393,1.17389,2.7,0.75
24.08.2021 01:16:22.067,1.17392,1.17388,1.57,0.75
24.08.2021 01:16:30.164,1.17392,1.1738700000000002,1.57,3.26
24.08.2021 01:16:30.266,1.17391,1.1738700000000002,0.1,1.5
24.08.2021 01:16:42.294,1.1739000000000002,1.1738700000000002,0.1,1.5
24.08.2021 01:16:44.801,1.17391,1.1738700000000002,1.79,0.75
24.08.2021 01:16:49.201,1.1739000000000002,1.1738700000000002,2.54,0.82
24.08.2021 01:16:49.304,1.1739000000000002,1.1738600000000001,0.1,0.75
24.08.2021 01:16:50.270,1.17391,1.1738600000000001,1.79,0.82
24.08.2021 01:17:16.459,1.17391,1.1738700000000002,0.67,0.75
24.08.2021 01:17:29.357,1.17391,1.17388,0.1,3
24.08.2021 01:17:32.028,1.17391,1.1738700000000002,0.1,0.75
24.08.2021 01:17:32.774,1.1739000000000002,1.1738700000000002,0.82,0.75
24.08.2021 01:17:32.883,1.1739000000000002,1.1738600000000001,0.82,1.5
24.08.2021 01:17:40.658,1.17391,1.1738600000000001,2.14,1.57
24.08.2021 01:17:44.571,1.17389,1.1738700000000002,0.1,1.5
24.08.2021 01:17:46.328,1.1739000000000002,1.1738700000000002,2.14,1.57
24.08.2021 01:18:00.007,1.1739000000000002,1.1738600000000001,0.1,4.5
24.08.2021 01:18:00.160,1.17391,1.1738600000000001,2.14,1.57
24.08.2021 01:18:02.289,1.17391,1.1738700000000002,1.12,3.07
24.08.2021 01:18:06.166,1.17392,1.17388,0.75,3.07
24.08.2021 01:18:06.271,1.17393,1.17388,3.82,1.01
24.08.2021 01:18:06.372,1.17393,1.1739000000000002,0.75,1.5
24.08.2021 01:18:06.575,1.17394,1.17391,1.57,4.57
24.08.2021 01:18:09.500,1.17392,1.17389,0.37,0.75
24.08.2021 01:18:09.602,1.17392,1.17388,0.82,2.7
24.08.2021 01:18:14.151,1.17392,1.1738700000000002,1.57,0.82
24.08.2021 01:18:32.408,1.17391,1.1738600000000001,1.57,2.7
24.08.2021 01:19:07.783,1.17392,1.1738700000000002,2.32,0.82
24.08.2021 01:19:12.096,1.17392,1.17388,1.57,0.75
24.08.2021 01:19:17.146,1.17391,1.17388,0.1,0.75
24.08.2021 01:19:24.939,1.17392,1.17388,1.57,0.75
24.08.2021 01:19:25.360,1.17391,1.17388,0.1,0.75
24.08.2021 01:19:28.297,1.17391,1.1738700000000002,0.82,0.75
24.08.2021 01:19:39.431,1.1739000000000002,1.1738700000000002,0.1,0.75
24.08.2021 01:19:39.482,1.17389,1.17385,1.2,0.75
24.08.2021 01:19:39.634,1.1738700000000002,1.1738600000000001,2.32,0.75
24.08.2021 01:19:50.268,1.17389,1.1738600000000001,0.1,0.75
24.08.2021 01:19:50.369,1.1739000000000002,1.1738600000000001,0.37,0.75
24.08.2021 01:19:55.993,1.17389,1.17385,0.75,1.5
24.08.2021 01:20:00.123,1.1739000000000002,1.17385,2.92,0.75
24.08.2021 01:20:00.854,1.1739000000000002,1.1738600000000001,0.75,0.75
24.08.2021 01:20:00.956,1.17391,1.1738600000000001,3.64,0.75
24.08.2021 01:20:02.380,1.17391,1.1738700000000002,1.34,0.75
24.08.2021 01:20:17.330,1.17392,1.1738700000000002,2.92,0.75
24.08.2021 01:20:17.432,1.17392,1.17388,0.75,0.75
24.08.2021 01:20:25.312,1.17392,1.17389,0.75,0.75
24.08.2021 01:20:25.587,1.17393,1.17389,1.04,0.75
24.08.2021 01:20:33.476,1.17393,1.17388,1.2,3.75
24.08.2021 01:20:33.577,1.17392,1.17388,0.75,3.75
24.08.2021 01:20:38.152,1.17392,1.1738700000000002,2.25,2.14
24.08.2021 01:20:46.796,1.17394,1.1739000000000002,1.57,0.75
24.08.2021 01:20:51.490,1.17394,1.17391,0.75,1.57
24.08.2021 01:20:51.541,1.17395,1.17392,1.95,1.57
24.08.2021 01:21:02.028,1.1739600000000001,1.17392,1.57,0.75
24.08.2021 01:21:02.695,1.1739700000000002,1.17395,2.47,1.5
24.08.2021 01:21:02.797,1.17399,1.17395,1.57,0.75
24.08.2021 01:21:02.950,1.1739700000000002,1.17395,3,6.52
24.08.2021 01:21:03.053,1.1739700000000002,1.17394,5.54,1.2
24.08.2021 01:21:03.104,1.1739600000000001,1.17392,0.75,2.51
24.08.2021 01:21:03.207,1.17395,1.17392,0.75,1.2
24.08.2021 01:21:03.308,1.17395,1.1739000000000002,0.75,3.64
24.08.2021 01:21:06.273,1.17395,1.17391,0.75,0.75
24.08.2021 01:21:11.151,1.17395,1.1739000000000002,0.75,7.09
24.08.2021 01:21:11.850,1.17394,1.1739000000000002,1.34,0.75
24.08.2021 01:21:11.951,1.17393,1.17389,0.75,2.7
24.08.2021 01:21:12.916,1.17394,1.17389,2.62,1.95
24.08.2021 01:21:13.050,1.17393,1.17389,0.75,1.95
24.08.2021 01:21:15.907,1.17393,1.17391,0.75,0.75
24.08.2021 01:21:16.563,1.17393,1.1739000000000002,0.75,0.75
24.08.2021 01:21:16.876,1.17393,1.17391,0.75,0.75
24.08.2021 01:21:18.752,1.17394,1.17391,0.75,0.75
24.08.2021 01:21:22.662,1.17394,1.1739000000000002,0.75,0.75
24.08.2021 01:21:22.764,1.17395,1.17391,4.42,0.75
24.08.2021 01:21:22.865,1.17394,1.17391,0.75,0.75
24.08.2021 01:21:23.319,1.17394,1.17392,2.32,0.75
24.08.2021 01:21:26.730,1.17395,1.1739000000000002,1.57,1.31
24.08.2021 01:21:29.036,1.17395,1.17391,0.82,0.75
24.08.2021 01:21:29.151,1.17394,1.17391,1.57,1.31
24.08.2021 01:21:43.724,1.17392,1.1739000000000002,1.95,1.95
24.08.2021 01:21:43.826,1.17391,1.1738700000000002,1.5,2.51
24.08.2021 01:21:45.500,1.1739000000000002,1.1738600000000001,0.75,0.75
24.08.2021 01:21:45.856,1.17389,1.17385,0.75,1.76
24.08.2021 01:21:46.770,1.1739000000000002,1.17385,1.12,1.76
24.08.2021 01:21:49.554,1.17388,1.1738600000000001,0.75,0.75
24.08.2021 01:21:52.968,1.1739000000000002,1.17385,1.57,1.69
24.08.2021 01:21:53.120,1.1739000000000002,1.1738600000000001,0.75,0.75
24.08.2021 01:22:14.088,1.17391,1.1738700000000002,0.75,4.39
24.08.2021 01:22:15.012,1.1739000000000002,1.1738700000000002,1.5,2.77
24.08.2021 01:22:15.164,1.1739000000000002,1.1738600000000001,1.5,0.75
24.08.2021 01:22:16.961,1.17391,1.1738600000000001,2.7,2.32
24.08.2021 01:23:27.424,1.17391,1.1738700000000002,0.82,0.1
24.08.2021 01:23:50.068,1.17393,1.1739000000000002,0.82,0.75
24.08.2021 01:23:50.170,1.17394,1.1739000000000002,3.49,1.01
24.08.2021 01:23:50.727,1.17394,1.17391,0.1,0.75
24.08.2021 01:24:00.920,1.17395,1.17391,0.82,1.01
24.08.2021 01:24:01.022,1.17395,1.17392,0.1,0.75
24.08.2021 01:24:09.809,1.17393,1.1739000000000002,3.07,0.75
24.08.2021 01:24:09.911,1.17392,1.17388,0.45,1.57
24.08.2021 01:24:17.899,1.17392,1.17389,0.1,0.75
24.08.2021 01:24:19.565,1.17393,1.1739000000000002,0.1,0.75
24.08.2021 01:24:19.667,1.17394,1.1739000000000002,4.04,0.82
24.08.2021 01:24:19.768,1.17394,1.17391,0.82,0.75
24.08.2021 01:24:20.386,1.17393,1.17389,1.5,0.75
24.08.2021 01:24:26.032,1.17391,1.1739000000000002,0.1,0.75
24.08.2021 01:24:28.079,1.1739000000000002,1.17389,0.1,0.75
24.08.2021 01:24:28.698,1.17391,1.1738700000000002,0.1,0.75
24.08.2021 01:24:32.285,1.17389,1.17388,0.37,0.75
24.08.2021 01:24:32.386,1.17391,1.1738700000000002,2.32,0.75
24.08.2021 01:24:48.110,1.17392,1.17388,0.75,0.82
24.08.2021 01:24:53.620,1.17391,1.17388,0.82,0.75
24.08.2021 01:24:53.722,1.17391,1.1738700000000002,0.82,0.75
24.08.2021 01:25:35.349,1.17392,1.1738700000000002,0.75,6.64
24.08.2021 01:25:39.902,1.17392,1.17388,0.75,0.1
24.08.2021 01:25:40.054,1.17392,1.17389,0.75,0.75
24.08.2021 01:25:40.105,1.17394,1.1739000000000002,0.1,0.75
24.08.2021 01:25:40.207,1.17394,1.17391,0.1,0.75
24.08.2021 01:25:40.308,1.17395,1.17391,1.2,0.75
24.08.2021 01:25:52.209,1.1739600000000001,1.17392,1.95,0.75
24.08.2021 01:25:54.511,1.1739600000000001,1.17391,1.95,1.01
24.08.2021 01:25:54.972,1.17395,1.17391,0.1,0.94
24.08.2021 01:26:13.685,1.1739600000000001,1.17391,4.79,1.01
24.08.2021 01:26:13.849,1.1739600000000001,1.17392,4.79,0.82
24.08.2021 01:26:14.001,1.1739600000000001,1.17391,2.7,1.84
24.08.2021 01:26:15.220,1.1739700000000002,1.17392,2.32,2.59
24.08.2021 01:26:15.329,1.1739700000000002,1.17394,0.75,0.94
24.08.2021 01:26:15.431,1.1739700000000002,1.17394,3.07,4.39
24.08.2021 01:26:15.685,1.1739600000000001,1.17394,3.29,0.75
24.08.2021 01:26:15.846,1.1739600000000001,1.17392,0.1,0.75
24.08.2021 01:26:17.571,1.17399,1.17394,3.74,2.51
24.08.2021 01:26:18.114,1.17398,1.17394,0.75,2.32
24.08.2021 01:26:18.215,1.17398,1.17393,2.32,5.32
24.08.2021 01:26:18.418,1.1739600000000001,1.17394,0.75,0.82
24.08.2021 01:26:28.951,1.17399,1.17394,3.67,2.89
24.08.2021 01:26:31.602,1.17399,1.17395,2.92,0.75
24.08.2021 01:26:37.570,1.17398,1.17395,2.32,0.75
24.08.2021 01:26:37.672,1.1739700000000002,1.17394,3.67,1.57
24.08.2021 01:26:37.773,1.1739700000000002,1.17393,1.57,0.75
24.08.2021 01:26:49.991,1.1739700000000002,1.17394,2.17,0.75
24.08.2021 01:26:50.042,1.17399,1.17394,3.37,2.51
24.08.2021 01:26:50.144,1.17399,1.17395,2.62,0.75
24.08.2021 01:26:52.350,1.1739700000000002,1.17393,0.45,3.79
24.08.2021 01:26:52.452,1.1739700000000002,1.17392,3.29,2.96
24.08.2021 01:26:52.605,1.1739600000000001,1.17392,0.82,1.69
24.08.2021 01:26:52.707,1.17395,1.17392,0.1,0.75
24.08.2021 01:26:52.810,1.17395,1.17391,0.82,0.94
24.08.2021 01:26:53.667,1.1739600000000001,1.17391,4.04,1.01
24.08.2021 01:26:54.494,1.17395,1.17391,0.75,1.01
24.08.2021 01:26:59.132,1.1739600000000001,1.17391,4.04,1.01
24.08.2021 01:27:03.402,1.1739600000000001,1.17392,2.17,0.75
24.08.2021 01:27:08.762,1.1739600000000001,1.17391,1.2,4.76
24.08.2021 01:27:12.763,1.1739600000000001,1.17392,0.82,0.75
24.08.2021 01:27:13.091,1.1739600000000001,1.17391,1.2,1.76
24.08.2021 01:27:17.288,1.1739700000000002,1.17392,1.57,2.96
24.08.2021 01:27:17.390,1.1739600000000001,1.17394,0.75,0.82
24.08.2021 01:27:17.491,1.1739600000000001,1.17395,0.75,0.19
24.08.2021 01:27:17.542,1.17399,1.17395,0.52,0.75
24.08.2021 01:27:17.694,1.1740000000000002,1.17395,1.57,4.01
24.08.2021 01:27:23.152,1.1740000000000002,1.1739600000000001,1.57,0.75
24.08.2021 01:27:29.151,1.1740000000000002,1.1739700000000002,0.82,0.75
24.08.2021 01:27:34.549,1.17399,1.1739600000000001,0.1,0.75
24.08.2021 01:27:34.701,1.1740000000000002,1.1739600000000001,0.82,0.75
24.08.2021 01:27:38.713,1.1740000000000002,1.1739700000000002,0.82,0.75
24.08.2021 01:27:52.042,1.1740000000000002,1.1739600000000001,2.32,0.75
24.08.2021 01:28:35.187,1.1740000000000002,1.1739700000000002,0.1,0.75
24.08.2021 01:28:48.994,1.1740000000000002,1.1739600000000001,0.82,0.75
24.08.2021 01:28:53.180,1.17401,1.1739600000000001,2.84,0.75
24.08.2021 01:29:07.422,1.17401,1.1739700000000002,3.22,0.75
24.08.2021 01:29:11.138,1.1740000000000002,1.1739700000000002,0.82,0.75
24.08.2021 01:29:11.239,1.17399,1.1739700000000002,0.82,0.75
24.08.2021 01:29:11.514,1.17398,1.17395,2.32,4.5
24.08.2021 01:29:11.616,1.17399,1.1739600000000001,1.65,0.75
24.08.2021 01:29:21.937,1.17399,1.17395,2.4,0.75
24.08.2021 01:29:24.243,1.17399,1.1739600000000001,1.65,0.75
24.08.2021 01:29:33.140,1.1740000000000002,1.1739600000000001,2.4,0.75
24.08.2021 01:29:38.252,1.1740000000000002,1.1739700000000002,0.82,0.75
24.08.2021 01:29:40.120,1.17401,1.1739700000000002,5.4,0.75
24.08.2021 01:29:40.171,1.17401,1.1740000000000002,0.82,0.75
24.08.2021 01:29:40.273,1.17403,1.1740000000000002,0.1,0.75
24.08.2021 01:29:48.678,1.17403,1.17399,3.45,0.75
24.08.2021 01:29:48.933,1.17402,1.17399,0.1,0.75
24.08.2021 01:29:53.151,1.17402,1.17398,0.82,0.94
24.08.2021 01:29:54.638,1.17401,1.17398,0.82,0.75
24.08.2021 01:29:56.335,1.1740000000000002,1.17398,1.5,0.75
24.08.2021 01:30:08.151,1.1740000000000002,1.1739600000000001,0.75,0.82
24.08.2021 01:30:52.201,1.17399,1.1739600000000001,0.82,0.75
24.08.2021 01:30:52.252,1.1739700000000002,1.17392,3.29,5.62
24.08.2021 01:30:52.303,1.17394,1.17393,0.75,4.69
24.08.2021 01:30:52.455,1.17395,1.17391,1.5,0.82
24.08.2021 01:30:53.786,1.17394,1.17391,0.75,0.1
24.08.2021 01:30:55.170,1.17395,1.17391,2.09,0.82
24.08.2021 01:30:58.354,1.17394,1.1739000000000002,2.32,0.94
24.08.2021 01:31:02.189,1.17395,1.17391,1.76,0.75
24.08.2021 01:31:24.967,1.17395,1.17394,0.75,0.75
24.08.2021 01:31:25.068,1.1739700000000002,1.17393,2.25,0.82
24.08.2021 01:31:29.151,1.1739600000000001,1.17392,0.75,4.57
24.08.2021 01:31:35.700,1.17395,1.17391,0.75,0.82
24.08.2021 01:32:27.694,1.17395,1.17392,4.68,0.75
24.08.2021 01:32:30.024,1.17395,1.17391,0.19,0.75
24.08.2021 01:32:40.532,1.17394,1.1739000000000002,3.48,0.75
24.08.2021 01:32:40.735,1.17393,1.1739000000000002,0.82,0.75
24.08.2021 01:32:41.055,1.17394,1.1739000000000002,4.75,0.75
24.08.2021 01:32:41.247,1.17393,1.1739000000000002,0.37,0.75
24.08.2021 01:32:45.268,1.17393,1.17391,0.37,0.75
24.08.2021 01:32:45.369,1.17394,1.17391,0.75,0.75
24.08.2021 01:32:45.471,1.17395,1.17391,2.65,0.75
24.08.2021 01:32:52.786,1.1739600000000001,1.17391,4.3,0.75
24.08.2021 01:32:52.887,1.1739600000000001,1.17392,3.48,0.75
24.08.2021 01:32:53.152,1.1739700000000002,1.17394,1.79,0.75
24.08.2021 01:32:53.254,1.1739700000000002,1.17395,0.45,0.75
24.08.2021 01:32:53.305,1.17398,1.1739600000000001,2.84,0.75
24.08.2021 01:32:55.676,1.17399,1.1739600000000001,0.59,0.75
24.08.2021 01:32:55.777,1.1740000000000002,1.1739600000000001,4.3,0.75
24.08.2021 01:33:02.563,1.17401,1.1739700000000002,1.31,0.75
24.08.2021 01:33:03.801,1.17401,1.1739600000000001,5.43,1.5
24.08.2021 01:33:03.924,1.1740000000000002,1.1739600000000001,0.19,1.5
24.08.2021 01:33:04.025,1.1740000000000002,1.1739700000000002,5.05,1.5
24.08.2021 01:33:08.151,1.1740000000000002,1.1739600000000001,0.75,4.5
24.08.2021 01:33:27.756,1.17399,1.1739600000000001,3.34,0.75
24.08.2021 01:33:27.857,1.17398,1.1739600000000001,0.1,0.75
24.08.2021 01:33:30.446,1.17398,1.17394,5.43,0.75
24.08.2021 01:33:30.548,1.1739700000000002,1.17394,0.37,0.75
24.08.2021 01:33:31.649,1.17398,1.17394,3.55,0.75
24.08.2021 01:33:32.937,1.17399,1.1739600000000001,1.57,0.75
24.08.2021 01:33:39.525,1.1740000000000002,1.1739600000000001,2.17,0.75
24.08.2021 01:33:52.563,1.1740000000000002,1.1739700000000002,1.5,0.75
24.08.2021 01:33:52.715,1.1740000000000002,1.17398,1.57,0.75
24.08.2021 01:33:53.883,1.17401,1.17398,0.75,0.75
24.08.2021 01:33:56.808,1.1740000000000002,1.17398,0.1,0.75
24.08.2021 01:33:59.381,1.17401,1.17398,2.32,0.75
24.08.2021 01:34:00.154,1.1740000000000002,1.17398,0.1,0.75
24.08.2021 01:34:02.185,1.1740000000000002,1.1739700000000002,0.1,0.75
24.08.2021 01:34:03.278,1.1740000000000002,1.17398,0.82,0.75
24.08.2021 01:34:08.070,1.17401,1.1739700000000002,2.32,0.75
24.08.2021 01:34:08.172,1.1739600000000001,1.17394,0.75,3.04
24.08.2021 01:34:08.273,1.1739700000000002,1.17393,1.27,13.12
24.08.2021 01:34:09.216,1.1739600000000001,1.17393,0.1,0.75
24.08.2021 01:34:09.961,1.1739600000000001,1.17392,1.57,0.75
24.08.2021 01:34:11.155,1.17395,1.17392,0.1,0.75
24.08.2021 01:34:23.321,1.1739600000000001,1.17392,2.92,0.75
24.08.2021 01:34:24.819,1.1739600000000001,1.17393,2.32,0.75
24.08.2021 01:34:27.651,1.1739600000000001,1.17392,2.51,0.75
24.08.2021 01:34:28.019,1.17395,1.17392,0.1,0.75
24.08.2021 01:34:32.397,1.1739600000000001,1.17392,3.1,0.75
24.08.2021 01:34:37.506,1.17395,1.17393,0.1,0.75
24.08.2021 01:34:41.202,1.1739600000000001,1.17393,1.95,0.75
24.08.2021 01:34:44.021,1.1739700000000002,1.17394,1.2,0.75
24.08.2021 01:34:49.177,1.1739700000000002,1.17393,2.54,0.75
24.08.2021 01:34:49.278,1.17395,1.17393,0.82,0.75
24.08.2021 01:34:51.761,1.17395,1.17394,0.75,0.75
24.08.2021 01:34:51.862,1.1739700000000002,1.17393,1.42,0.75
24.08.2021 01:34:54.452,1.17399,1.17395,5.95,0.75
24.08.2021 01:34:55.693,1.17398,1.17395,2.96,0.75
24.08.2021 01:34:55.795,1.17399,1.17395,2.17,0.75
24.08.2021 01:34:59.151,1.17399,1.1739600000000001,1.42,0.75
24.08.2021 01:35:13.189,1.1740000000000002,1.1739600000000001,3.18,0.75
24.08.2021 01:35:13.291,1.17399,1.1739600000000001,0.19,0.75
24.08.2021 01:35:34.166,1.17398,1.17394,3.26,0.75
24.08.2021 01:35:34.369,1.1739700000000002,1.17393,0.82,0.75
24.08.2021 01:35:37.023,1.17399,1.17395,3.78,0.75
24.08.2021 01:36:11.646,1.1739700000000002,1.17395,0.82,0.37
24.08.2021 01:36:11.747,1.1739600000000001,1.17395,2.14,1.2
24.08.2021 01:36:11.849,1.17395,1.17393,0.75,1.57
24.08.2021 01:36:12.051,1.17395,1.17392,0.75,1.65
24.08.2021 01:36:12.153,1.17395,1.17394,1.01,0.37
24.08.2021 01:36:12.254,1.1739600000000001,1.17392,0.82,3.15
24.08.2021 01:36:12.356,1.1739600000000001,1.17393,0.75,0.37
24.08.2021 01:36:12.684,1.17395,1.17393,0.75,3.15
24.08.2021 01:36:13.083,1.1739600000000001,1.17393,0.75,0.37
24.08.2021 01:36:14.638,1.1739600000000001,1.17392,0.75,3.15
24.08.2021 01:36:22.357,1.17394,1.17391,0.75,0.1
24.08.2021 01:36:22.509,1.17392,1.17389,0.75,11.77
24.08.2021 01:36:22.762,1.17392,1.17388,0.75,0.75
24.08.2021 01:36:23.367,1.17391,1.1738700000000002,1.5,0.82
24.08.2021 01:36:23.810,1.1739000000000002,1.1738600000000001,0.75,1.95
24.08.2021 01:36:32.621,1.17389,1.1738600000000001,0.75,0.82
24.08.2021 01:36:36.704,1.1739000000000002,1.1738600000000001,0.75,0.82
24.08.2021 01:36:41.895,1.17389,1.1738600000000001,0.75,0.1
24.08.2021 01:36:46.430,1.1739000000000002,1.1738600000000001,1.01,0.1
24.08.2021 01:36:48.102,1.17391,1.1738700000000002,2.06,0.75
24.08.2021 01:36:48.481,1.17391,1.17389,0.75,0.37
24.08.2021 01:36:48.532,1.17393,1.1739000000000002,1.2,0.75
24.08.2021 01:36:49.077,1.17392,1.1739000000000002,0.37,0.75
24.08.2021 01:36:50.042,1.17393,1.1739000000000002,0.1,0.75
24.08.2021 01:36:51.473,1.17393,1.17391,2.35,0.82
24.08.2021 01:36:51.524,1.17392,1.17388,1.5,4.2
24.08.2021 01:36:58.882,1.17393,1.1739000000000002,0.19,0.75
24.08.2021 01:36:58.984,1.17394,1.1739000000000002,0.64,0.75
24.08.2021 01:36:59.085,1.17392,1.17388,2.14,0.75
24.08.2021 01:37:02.178,1.17391,1.1738700000000002,0.75,0.82
24.08.2021 01:37:02.879,1.17391,1.17388,0.75,3.07
24.08.2021 01:37:04.123,1.17392,1.17388,0.75,0.82
24.08.2021 01:37:09.795,1.17392,1.1738700000000002,1.76,3.15
24.08.2021 01:37:11.525,1.1739000000000002,1.17388,0.59,0.82
24.08.2021 01:37:12.231,1.17392,1.1738700000000002,2.51,0.82
24.08.2021 01:37:12.385,1.17391,1.1738700000000002,0.59,0.82
24.08.2021 01:37:12.613,1.17392,1.1738700000000002,2.73,0.82
24.08.2021 01:37:14.742,1.17391,1.1738700000000002,0.1,0.75
24.08.2021 01:37:20.742,1.1739000000000002,1.1738600000000001,0.75,1.57
24.08.2021 01:37:23.047,1.1739000000000002,1.1738700000000002,0.75,0.1
24.08.2021 01:37:29.350,1.1739000000000002,1.1738600000000001,0.75,4.57
24.08.2021 01:37:36.981,1.17391,1.17388,0.75,0.1
24.08.2021 01:37:37.133,1.17393,1.1739000000000002,3.34,0.75
24.08.2021 01:37:37.644,1.17394,1.1739000000000002,1.12,1.57
24.08.2021 01:37:43.393,1.17394,1.17391,0.75,0.1
24.08.2021 01:37:44.031,1.1739600000000001,1.17392,0.75,0.1
24.08.2021 01:37:44.587,1.1739600000000001,1.17393,0.75,0.75
24.08.2021 01:37:44.688,1.1739700000000002,1.17393,0.75,1.57
24.08.2021 01:37:45.296,1.1739600000000001,1.17394,0.75,0.75
24.08.2021 01:37:45.347,1.17398,1.17394,1.87,1.57
24.08.2021 01:37:47.123,1.17398,1.17395,0.75,1.12
24.08.2021 01:37:50.151,1.17399,1.17395,2.17,1.12
24.08.2021 01:38:08.275,1.17399,1.1739600000000001,0.75,0.1
24.08.2021 01:38:13.534,1.17398,1.1739600000000001,0.75,5.51
24.08.2021 01:38:13.889,1.1740000000000002,1.1739600000000001,0.75,0.75
24.08.2021 01:38:34.936,1.17399,1.17395,0.75,6.82
24.08.2021 01:39:13.241,1.17398,1.17395,1.87,0.19
24.08.2021 01:39:13.343,1.1739700000000002,1.17393,0.75,4.76
24.08.2021 01:39:13.444,1.17395,1.17391,0.75,2.89
24.08.2021 01:39:13.545,1.1739600000000001,1.17392,0.75,0.75
24.08.2021 01:39:15.695,1.17395,1.17391,0.75,2.44
24.08.2021 01:39:17.139,1.17394,1.17391,0.75,0.75
24.08.2021 01:39:21.598,1.17395,1.17391,0.75,4.31
24.08.2021 01:39:31.514,1.17394,1.17391,0.75,0.75
24.08.2021 01:39:37.752,1.17394,1.1739000000000002,0.75,1.76
24.08.2021 01:39:40.265,1.17392,1.17389,0.75,2.7
24.08.2021 01:39:40.366,1.17392,1.17388,0.75,5.96
24.08.2021 01:39:47.178,1.17391,1.1738700000000002,0.75,2.06
24.08.2021 01:39:50.638,1.17391,1.17388,0.75,0.19
24.08.2021 01:39:50.739,1.17391,1.1738700000000002,0.75,2.89
24.08.2021 01:40:08.651,1.17391,1.17388,0.75,0.75
24.08.2021 01:40:14.067,1.17392,1.17388,0.82,6.37
24.08.2021 01:40:14.169,1.17393,1.17389,0.75,6.82
24.08.2021 01:40:14.270,1.17393,1.1739000000000002,0.75,1.5
24.08.2021 01:40:15.028,1.17394,1.1739000000000002,0.82,2.25
24.08.2021 01:40:19.025,1.1739600000000001,1.17392,1.42,1.5
24.08.2021 01:40:37.214,1.1739600000000001,1.17393,0.82,0.19
24.08.2021 01:40:44.276,1.1739600000000001,1.17392,0.82,1.01
24.08.2021 01:40:44.591,1.17395,1.17392,0.75,0.1
24.08.2021 01:40:49.614,1.1739600000000001,1.17393,0.82,0.75
24.08.2021 01:40:52.006,1.17398,1.17394,0.82,1.57
24.08.2021 01:40:52.208,1.1739700000000002,1.17394,0.45,0.75
24.08.2021 01:40:53.757,1.1739600000000001,1.17394,0.37,0.75
24.08.2021 01:40:56.162,1.1739600000000001,1.17393,0.37,1.01
24.08.2021 01:40:56.808,1.1739700000000002,1.17393,1.2,1.01
24.08.2021 01:41:00.402,1.1739600000000001,1.17392,0.75,0.94
24.08.2021 01:41:02.489,1.1739600000000001,1.17393,1.12,0.19
24.08.2021 01:41:16.798,1.1739700000000002,1.17394,0.37,0.82
24.08.2021 01:41:16.899,1.17395,1.17393,0.82,4.95
24.08.2021 01:41:32.888,1.17394,1.17393,0.75,0.1
24.08.2021 01:41:32.990,1.17395,1.17391,0.82,2.51
24.08.2021 01:41:34.995,1.17395,1.17392,0.75,0.19
24.08.2021 01:41:35.252,1.17395,1.17391,0.75,2.14
24.08.2021 01:41:37.088,1.17394,1.17391,0.75,1.01
24.08.2021 01:41:51.763,1.17395,1.17391,0.82,1.76
24.08.2021 01:42:03.454,1.17395,1.17392,0.75,0.1
24.08.2021 01:42:10.979,1.1739600000000001,1.17392,0.82,0.82
24.08.2021 01:42:19.470,1.1739600000000001,1.17393,0.75,0.1
24.08.2021 01:42:22.557,1.17398,1.17395,1.57,0.75
24.08.2021 01:42:22.658,1.1739700000000002,1.17394,1.2,0.75
24.08.2021 01:42:26.151,1.1739700000000002,1.17393,0.82,0.82
24.08.2021 01:42:36.994,1.17398,1.17395,0.75,0.82
24.08.2021 01:42:37.149,1.17398,1.17394,1.2,1.01
24.08.2021 01:42:37.251,1.1739700000000002,1.17393,0.82,2.14
24.08.2021 01:42:37.352,1.17398,1.17394,1.2,1.57
24.08.2021 01:42:37.454,1.1739700000000002,1.17394,0.1,0.75
24.08.2021 01:42:37.555,1.17398,1.17395,0.1,0.75
24.08.2021 01:42:37.606,1.1739700000000002,1.17393,0.82,2.51
24.08.2021 01:42:41.151,1.17398,1.17394,1.72,0.75
24.08.2021 01:42:42.209,1.1739700000000002,1.17393,0.82,1.39
24.08.2021 01:42:42.653,1.1739600000000001,1.17393,0.75,0.1
24.08.2021 01:42:42.856,1.1739600000000001,1.17392,0.75,1.69
24.08.2021 01:42:48.905,1.1739600000000001,1.17394,1.79,0.75
24.08.2021 01:43:29.469,1.17399,1.17395,2.54,0.82
24.08.2021 01:43:49.222,1.17398,1.17395,0.75,1.01
24.08.2021 01:44:31.547,1.17398,1.1739600000000001,0.75,0.1
24.08.2021 01:44:40.057,1.17399,1.1739600000000001,0.75,5.14
24.08.2021 01:45:01.114,1.17399,1.17398,0.75,2.14
24.08.2021 01:45:01.166,1.17402,1.17399,0.82,1.5
24.08.2021 01:45:01.895,1.1740000000000002,1.17398,0.82,2.96
24.08.2021 01:45:01.996,1.1740000000000002,1.1739700000000002,0.75,0.1
24.08.2021 01:45:14.151,1.17399,1.1739700000000002,0.75,0.1
24.08.2021 01:45:37.384,1.17401,1.17399,0.82,0.75
24.08.2021 01:45:37.434,1.17399,1.1739700000000002,0.75,0.1
24.08.2021 01:45:44.151,1.17398,1.1739600000000001,0.75,6.56
24.08.2021 01:45:49.299,1.17399,1.17395,0.75,2.14
24.08.2021 01:45:50.278,1.17398,1.17395,0.75,1.39
24.08.2021 01:45:52.452,1.17398,1.1739600000000001,0.75,0.37
24.08.2021 01:45:52.554,1.17398,1.17395,0.75,2.14
24.08.2021 01:46:08.756,1.17398,1.1739600000000001,0.75,0.37
24.08.2021 01:46:08.857,1.1739700000000002,1.17393,0.82,4.87
24.08.2021 01:46:08.959,1.17395,1.17393,0.75,1.2
24.08.2021 01:46:09.010,1.17393,1.17392,0.75,0.75
24.08.2021 01:46:09.111,1.17394,1.1739000000000002,0.75,5.14
24.08.2021 01:46:23.511,1.17394,1.17391,0.75,0.82
24.08.2021 01:46:23.613,1.17394,1.17392,0.75,0.1
24.08.2021 01:46:26.331,1.1739700000000002,1.17394,0.75,1.57
24.08.2021 01:46:26.434,1.17398,1.17395,0.75,0.1
24.08.2021 01:46:31.474,1.1739700000000002,1.17394,0.75,1.95
24.08.2021 01:46:35.151,1.17398,1.17394,0.82,3.15
24.08.2021 01:46:36.146,1.17398,1.17395,0.75,0.1
24.08.2021 01:46:54.156,1.1739700000000002,1.17394,0.75,0.1
24.08.2021 01:46:54.257,1.1739600000000001,1.17393,0.75,0.52
24.08.2021 01:46:54.359,1.1739700000000002,1.17394,0.1,1.5
24.08.2021 01:46:54.714,1.17398,1.17394,0.82,4.09
24.08.2021 01:46:58.754,1.1739600000000001,1.17394,0.75,0.26
24.08.2021 01:46:58.856,1.17395,1.17392,0.75,5.06
24.08.2021 01:46:59.131,1.1739600000000001,1.17392,1.79,0.1
24.08.2021 01:46:59.232,1.17393,1.17391,0.75,0.26
24.08.2021 01:47:10.306,1.17393,1.1739000000000002,0.75,0.64
24.08.2021 01:47:30.261,1.17393,1.17391,1.42,0.82
24.08.2021 01:47:34.959,1.17393,1.1739000000000002,0.75,1.39
24.08.2021 01:47:43.081,1.17394,1.1739000000000002,0.75,4.46
24.08.2021 01:48:00.655,1.17393,1.1739000000000002,0.75,1.2
24.08.2021 01:48:00.787,1.17393,1.17389,2.32,1.57
24.08.2021 01:48:00.990,1.17393,1.1739000000000002,0.82,0.75
24.08.2021 01:48:04.003,1.1739000000000002,1.17389,0.75,2.36
24.08.2021 01:48:04.105,1.17391,1.1738700000000002,1.34,1.95
24.08.2021 01:48:04.516,1.1739000000000002,1.1738600000000001,0.75,0.75
24.08.2021 01:48:09.731,1.17389,1.17385,0.75,3.37
24.08.2021 01:48:10.863,1.1739000000000002,1.1738600000000001,2.47,0.75
24.08.2021 01:48:28.288,1.17391,1.1738700000000002,4.79,0.75
24.08.2021 01:48:28.389,1.1739000000000002,1.1738700000000002,1.12,0.75
24.08.2021 01:48:48.014,1.1739000000000002,1.1738600000000001,1.12,0.75
24.08.2021 01:48:53.130,1.17391,1.1738700000000002,3.29,0.75
24.08.2021 01:48:58.383,1.17391,1.17388,0.1,0.75
24.08.2021 01:49:00.071,1.17392,1.17389,0.59,1.12
24.08.2021 01:49:00.172,1.17393,1.17391,0.37,0.75
24.08.2021 01:49:00.274,1.17394,1.17391,0.1,0.75
24.08.2021 01:49:25.987,1.17395,1.17391,2.25,0.75
24.08.2021 01:49:31.373,1.17394,1.17391,0.1,0.75
24.08.2021 01:49:31.474,1.17395,1.17391,3.29,0.82
24.08.2021 01:49:32.135,1.17394,1.17391,0.1,0.75
24.08.2021 01:49:32.791,1.17391,1.17389,0.1,0.75
24.08.2021 01:49:35.815,1.17391,1.17388,0.1,0.75
24.08.2021 01:49:38.187,1.17391,1.1738700000000002,0.82,1.76
24.08.2021 01:49:41.799,1.17392,1.17389,1.42,1.5
24.08.2021 01:49:41.901,1.17393,1.17391,0.1,0.75
24.08.2021 01:49:42.232,1.17394,1.17391,0.82,0.75
24.08.2021 01:50:12.874,1.17393,1.17389,1.57,0.82
24.08.2021 01:50:17.529,1.17392,1.17389,0.1,0.75
24.08.2021 01:50:18.632,1.17392,1.17388,0.82,0.82
24.08.2021 01:50:23.151,1.17391,1.17388,0.75,0.1
24.08.2021 01:50:24.914,1.17391,1.1738700000000002,0.82,1.76
24.08.2021 01:50:26.015,1.1739000000000002,1.1738600000000001,0.82,1.01
24.08.2021 01:50:37.848,1.17391,1.1738700000000002,0.82,1.76
24.08.2021 01:50:55.711,1.1739000000000002,1.1738600000000001,0.75,1.69
24.08.2021 01:51:39.927,1.1738700000000002,1.17383,1.57,2.4
24.08.2021 01:51:40.029,1.1738600000000001,1.17383,0.82,1.95
24.08.2021 01:51:40.130,1.1738600000000001,1.17382,1.57,0.82
24.08.2021 01:51:40.231,1.17385,1.17382,0.75,0.82
24.08.2021 01:51:40.333,1.17385,1.17381,1.57,1.01
24.08.2021 01:51:48.361,1.17384,1.17381,0.75,1.01
24.08.2021 01:52:11.995,1.17384,1.1738,0.82,1.01
24.08.2021 01:52:12.097,1.17383,1.1738,0.75,0.26
24.08.2021 01:52:20.781,1.17383,1.17381,0.75,0.19
24.08.2021 01:52:31.406,1.17383,1.1738,0.75,1.01
24.08.2021 01:52:31.508,1.17383,1.1737900000000001,1.57,3.26
24.08.2021 01:52:31.609,1.17383,1.1738,0.75,0.1
24.08.2021 01:52:42.814,1.17384,1.1738,1.95,1.01
24.08.2021 01:53:03.718,1.17385,1.17381,1.5,0.94
24.08.2021 01:53:03.820,1.1738600000000001,1.17382,0.75,0.94
24.08.2021 01:53:05.423,1.17385,1.17382,0.75,0.94
24.08.2021 01:53:07.752,1.1738600000000001,1.17383,0.97,1.2
24.08.2021 01:53:08.108,1.17388,1.17385,2.09,0.1
24.08.2021 01:53:08.613,1.17389,1.17385,2.32,0.82
24.08.2021 01:53:09.334,1.17388,1.17385,0.37,0.82
24.08.2021 01:53:09.610,1.1738700000000002,1.17385,0.37,1.76
24.08.2021 01:53:09.862,1.17389,1.17385,1.57,1.76
24.08.2021 01:53:13.962,1.17389,1.1738600000000001,1.57,0.75
24.08.2021 01:53:15.732,1.1739000000000002,1.1738700000000002,1.12,0.75
24.08.2021 01:53:22.750,1.17389,1.1738600000000001,0.75,0.94
24.08.2021 01:53:22.851,1.1738700000000002,1.1738600000000001,1.5,0.1
24.08.2021 01:53:23.003,1.1738700000000002,1.17384,1.87,0.1
24.08.2021 01:53:23.105,1.17388,1.17384,1.34,1.01
24.08.2021 01:53:23.206,1.1738700000000002,1.1738600000000001,0.75,0.75
24.08.2021 01:53:23.308,1.17388,1.17384,0.75,1.01
24.08.2021 01:53:27.774,1.1738700000000002,1.17383,1.12,1.01
24.08.2021 01:53:27.875,1.1738600000000001,1.17383,0.75,0.19
24.08.2021 01:53:28.908,1.1738600000000001,1.17382,1.57,0.94
24.08.2021 01:53:29.025,1.17385,1.17382,0.75,0.19
24.08.2021 01:53:30.622,1.17384,1.17382,0.75,0.19
24.08.2021 01:53:30.724,1.17384,1.17381,0.75,1.01
24.08.2021 01:53:35.738,1.17384,1.1738,0.75,2.14
24.08.2021 01:53:43.239,1.17381,1.1737900000000001,1.12,0.19
24.08.2021 01:53:43.341,1.17381,1.17378,2.7,1.2
24.08.2021 01:53:43.442,1.1737900000000001,1.1737600000000001,0.75,0.75
24.08.2021 01:53:43.627,1.17378,1.1737600000000001,0.75,3.15
24.08.2021 01:53:48.504,1.1737900000000001,1.1737600000000001,0.75,0.1
24.08.2021 01:53:48.606,1.1737900000000001,1.17375,0.75,2.14
24.08.2021 01:53:49.112,1.1737900000000001,1.1737600000000001,0.75,0.1
24.08.2021 01:53:49.213,1.1737900000000001,1.17375,0.75,2.14
24.08.2021 01:54:03.519,1.1737900000000001,1.1737600000000001,0.75,0.1
24.08.2021 01:54:04.167,1.1737900000000001,1.17375,0.75,5.14
24.08.2021 01:54:10.839,1.1737900000000001,1.1737600000000001,0.75,0.1
24.08.2021 01:54:17.970,1.1737900000000001,1.17375,0.75,1.95
24.08.2021 01:54:33.264,1.1737900000000001,1.1737600000000001,0.75,0.1
24.08.2021 01:54:50.303,1.1737900000000001,1.1737700000000002,0.75,1.5
24.08.2021 01:54:50.354,1.17383,1.1738,0.75,1.95
24.08.2021 01:54:50.456,1.17385,1.17381,1.95,0.82
24.08.2021 01:54:50.709,1.17385,1.17382,1.5,0.75
24.08.2021 01:54:51.519,1.17385,1.17381,0.75,1.01
24.08.2021 01:54:51.626,1.17384,1.17381,0.75,0.19
24.08.2021 01:54:51.944,1.17384,1.1738,0.75,0.82
24.08.2021 01:55:05.730,1.17384,1.17381,0.75,0.1
24.08.2021 01:55:09.720,1.17385,1.17381,0.75,1.01
24.08.2021 01:55:10.415,1.17385,1.17382,0.75,0.19
24.08.2021 01:55:10.467,1.1738700000000002,1.1738600000000001,0.59,0.75
24.08.2021 01:55:10.569,1.17389,1.1738600000000001,9.07,0.75
24.08.2021 01:55:10.671,1.1739000000000002,1.1738600000000001,3.82,0.75
24.08.2021 01:55:20.202,1.1739000000000002,1.1738700000000002,1.57,0.75
24.08.2021 01:55:27.251,1.17391,1.1738700000000002,2.25,0.75
24.08.2021 01:55:27.353,1.17392,1.17388,1.87,0.75
24.08.2021 01:55:45.088,1.1739000000000002,1.1738700000000002,0.75,0.75
24.08.2021 01:55:45.246,1.17391,1.1738700000000002,1.5,0.75
24.08.2021 01:55:48.241,1.17389,1.1738700000000002,2.25,0.75
24.08.2021 01:56:08.513,1.17389,1.1738600000000001,0.82,0.75
24.08.2021 01:56:08.748,1.1739000000000002,1.1738600000000001,4.79,0.75
24.08.2021 01:56:17.408,1.1739000000000002,1.1738700000000002,1.5,0.75
24.08.2021 01:56:18.818,1.17392,1.17388,1.87,2.81
24.08.2021 01:56:18.869,1.17394,1.17391,6.79,0.75
24.08.2021 01:56:28.950,1.17393,1.1739000000000002,0.1,0.75
24.08.2021 01:56:32.012,1.17391,1.1739000000000002,0.75,0.75
24.08.2021 01:56:35.340,1.17393,1.17389,0.75,2.14
24.08.2021 01:56:41.677,1.17391,1.1738700000000002,0.75,2.59
24.08.2021 01:56:47.151,1.1739000000000002,1.1738700000000002,0.75,0.75
24.08.2021 01:56:49.466,1.17391,1.1738700000000002,1.5,4.76
24.08.2021 01:56:51.718,1.17392,1.17388,1.5,0.82
24.08.2021 01:56:51.870,1.17391,1.17388,0.75,0.1
24.08.2021 01:56:53.517,1.17391,1.1738700000000002,0.82,0.75
24.08.2021 01:56:53.619,1.1739000000000002,1.1738600000000001,0.75,6.71
24.08.2021 01:56:53.721,1.17389,1.1738600000000001,0.75,1.12
24.08.2021 01:56:54.077,1.17389,1.17385,0.75,1.39
24.08.2021 01:57:12.491,1.17389,1.1738600000000001,0.75,0.1
24.08.2021 01:57:12.695,1.17389,1.17388,0.75,0.1
24.08.2021 01:57:13.452,1.17389,1.1738600000000001,0.75,6.71
24.08.2021 01:57:17.155,1.17389,1.17385,0.75,5.14
24.08.2021 01:57:26.040,1.17389,1.1738600000000001,0.75,0.37
24.08.2021 01:57:37.372,1.17389,1.17385,0.75,2.14
24.08.2021 01:57:39.868,1.17385,1.17384,0.1,4.16
24.08.2021 01:57:39.970,1.17384,1.17382,0.75,1.27
24.08.2021 01:57:40.072,1.17384,1.1738,0.82,0.82
24.08.2021 01:57:53.504,1.17381,1.1737900000000001,0.75,0.82
24.08.2021 01:57:53.605,1.17382,1.1737900000000001,1.57,0.75
24.08.2021 01:57:54.717,1.1737900000000001,1.1737700000000002,0.75,2.36
24.08.2021 01:57:54.819,1.1737900000000001,1.1737600000000001,0.75,1.27
24.08.2021 01:58:01.611,1.1737900000000001,1.17375,0.82,1.39
24.08.2021 01:58:06.562,1.1737900000000001,1.1737600000000001,0.75,0.1
24.08.2021 01:58:22.720,1.1737900000000001,1.17375,1.57,1.39
24.08.2021 01:58:26.122,1.17378,1.17375,0.75,0.64
24.08.2021 01:58:50.000,1.1737600000000001,1.17372,1.2,1.01
24.08.2021 01:58:50.102,1.17374,1.17371,0.75,1.39
24.08.2021 01:58:50.204,1.17374,1.1737,0.82,6.64
24.08.2021 01:58:58.953,1.17372,1.17368,0.82,3.3
24.08.2021 01:58:59.055,1.1737,1.1736700000000002,0.75,1.01
24.08.2021 01:58:59.207,1.1737,1.1736600000000001,0.75,0.94
24.08.2021 01:59:01.800,1.1737,1.17368,1.5,0.75
24.08.2021 01:59:01.902,1.17373,1.1736900000000001,3.74,0.82
24.08.2021 01:59:02.003,1.17372,1.1736900000000001,0.75,0.82
24.08.2021 01:59:02.794,1.17374,1.1737,2.32,0.82
24.08.2021 01:59:02.947,1.17374,1.17371,0.75,0.1
24.08.2021 01:59:07.626,1.17375,1.17371,0.82,1.01
24.08.2021 01:59:21.613,1.17374,1.17371,0.75,0.1
24.08.2021 01:59:21.714,1.17374,1.1737,0.82,1.39
24.08.2021 01:59:33.403,1.17372,1.17368,0.82,3.3
24.08.2021 01:59:33.506,1.17371,1.17368,0.82,0.75
24.08.2021 01:59:33.608,1.1737,1.1736700000000002,0.75,0.26
24.08.2021 01:59:37.611,1.1736900000000001,1.17365,0.82,0.82
24.08.2021 01:59:41.485,1.17368,1.17365,0.75,0.94
24.08.2021 01:59:41.587,1.17368,1.1736600000000001,0.82,1.01
24.08.2021 01:59:41.942,1.1736600000000001,1.17363,0.75,1.76
24.08.2021 01:59:42.043,1.17364,1.17362,1.5,0.94
24.08.2021 01:59:46.617,1.17364,1.17361,0.75,0.94
24.08.2021 01:59:48.677,1.17363,1.17359,1.57,0.75
24.08.2021 01:59:50.565,1.17362,1.17358,1.95,0.75
24.08.2021 01:59:50.666,1.17361,1.17358,0.1,0.75
24.08.2021 01:59:51.374,1.17362,1.17358,3.07,0.75
24.08.2021 01:59:52.808,1.17361,1.17358,0.1,0.75
24.08.2021 01:59:53.846,1.17362,1.17358,3.07,0.75
24.08.2021 01:59:55.370,1.17362,1.17359,0.75,0.75
24.08.2021 01:59:55.471,1.17363,1.17359,0.82,1.5
24.08.2021 02:00:00.716,1.17364,1.1736,1.5,0.75
24.08.2021 02:00:03.875,1.17363,1.17362,0.75,0.1
24.08.2021 02:00:05.456,1.17365,1.17361,0.75,0.82
24.08.2021 02:00:05.557,1.17365,1.17362,0.75,0.75
24.08.2021 02:00:06.195,1.17364,1.17361,0.75,0.1
24.08.2021 02:00:09.807,1.17364,1.1736,0.75,3.64
24.08.2021 02:00:11.238,1.17363,1.17362,0.75,0.1
24.08.2021 02:00:11.541,1.17364,1.1736,0.75,2.89
24.08.2021 02:00:11.933,1.17364,1.17361,0.75,0.1
24.08.2021 02:00:12.127,1.17364,1.1736,0.75,2.89
24.08.2021 02:00:12.385,1.17364,1.17361,0.75,0.1
24.08.2021 02:00:15.262,1.17364,1.1736,0.75,2.51
24.08.2021 02:00:30.935,1.17363,1.1736,0.75,0.75
24.08.2021 02:00:31.046,1.17363,1.17359,0.82,0.75
24.08.2021 02:00:32.144,1.17362,1.17358,0.75,0.75
24.08.2021 02:00:32.296,1.1736,1.1735700000000002,0.75,2.89
24.08.2021 02:00:33.414,1.17362,1.17359,0.75,0.75
24.08.2021 02:00:33.515,1.17363,1.17359,0.75,2.62
24.08.2021 02:00:35.299,1.17363,1.1736,0.75,0.75
24.08.2021 02:00:37.541,1.17359,1.1735700000000002,0.75,0.94
24.08.2021 02:00:57.420,1.17359,1.17358,0.75,0.94
24.08.2021 02:01:00.716,1.17363,1.1736,0.82,0.75
24.08.2021 02:01:01.295,1.17364,1.1736,0.82,0.75
24.08.2021 02:01:27.051,1.17364,1.17361,0.82,0.75
24.08.2021 02:01:30.312,1.17363,1.1736,0.82,0.75
24.08.2021 02:01:30.363,1.17362,1.17358,0.82,2.7
24.08.2021 02:01:30.464,1.17361,1.1735700000000002,0.82,1.95
24.08.2021 02:01:31.198,1.17362,1.17359,0.82,1.87
24.08.2021 02:01:31.300,1.17363,1.1736,0.1,0.75
24.08.2021 02:01:35.186,1.17363,1.17361,0.1,0.75
24.08.2021 02:01:39.029,1.17363,1.17361,1.57,0.75
24.08.2021 02:01:43.618,1.17364,1.17362,0.75,0.94
24.08.2021 02:01:43.770,1.17365,1.17362,0.75,0.75
24.08.2021 02:01:45.777,1.17365,1.17361,0.75,0.94
24.08.2021 02:01:58.656,1.17363,1.1736,0.75,2.14
24.08.2021 02:02:01.253,1.1736,1.17358,0.75,0.19
24.08.2021 02:02:03.222,1.1736,1.1735700000000002,0.75,0.75
24.08.2021 02:02:06.705,1.17359,1.1735600000000002,0.75,0.94
24.08.2021 02:02:07.580,1.17359,1.1735700000000002,0.75,0.19
24.08.2021 02:02:12.654,1.17358,1.1735600000000002,0.75,0.94
24.08.2021 02:02:14.158,1.17358,1.17355,0.75,0.56
24.08.2021 02:02:14.944,1.17358,1.17354,2.25,0.94
24.08.2021 02:02:15.046,1.1735700000000002,1.17353,1.39,1.2
24.08.2021 02:02:15.148,1.17353,1.17351,0.75,1.12
24.08.2021 02:02:15.503,1.17353,1.1735,0.75,2.81
24.08.2021 02:02:15.757,1.17353,1.1735,0.75,1.31
24.08.2021 02:02:18.293,1.17353,1.17349,1.95,0.75
24.08.2021 02:02:21.688,1.17354,1.1735,0.75,0.75
24.08.2021 02:02:29.489,1.17354,1.17351,0.75,0.75
24.08.2021 02:02:42.068,1.1735200000000001,1.17349,0.75,0.94
24.08.2021 02:02:42.119,1.17354,1.1735,1.5,0.75
24.08.2021 02:02:52.420,1.17353,1.1735,2.7,0.75
24.08.2021 02:02:52.471,1.17351,1.17348,0.75,0.19
24.08.2021 02:02:52.572,1.17351,1.1734700000000002,0.75,0.75
24.08.2021 02:02:52.775,1.1735200000000001,1.1735,1.2,0.75
24.08.2021 02:02:52.876,1.17351,1.17348,0.75,0.75
24.08.2021 02:02:52.978,1.1735200000000001,1.17348,1.5,0.75
24.08.2021 02:02:54.380,1.17351,1.1734700000000002,0.82,1.69
24.08.2021 02:02:54.481,1.1735,1.1734700000000002,0.1,0.94
24.08.2021 02:02:56.498,1.17349,1.1734700000000002,0.1,0.75
24.08.2021 02:02:56.599,1.17349,1.1734600000000002,0.1,0.75
24.08.2021 02:03:00.589,1.17349,1.17345,0.82,1.31
24.08.2021 02:03:00.741,1.17349,1.1734700000000002,0.82,0.94
24.08.2021 02:03:00.842,1.1735,1.1734600000000002,0.82,1.31
24.08.2021 02:03:14.073,1.17351,1.17348,0.82,0.75
24.08.2021 02:03:14.225,1.17351,1.1734700000000002,0.82,1.69
24.08.2021 02:03:15.023,1.17349,1.17348,0.1,0.75
24.08.2021 02:03:23.720,1.1735,1.1734600000000002,1.2,0.75
24.08.2021 02:03:23.826,1.17349,1.1734600000000002,0.1,0.75
24.08.2021 02:03:26.175,1.1734600000000002,1.1734200000000001,0.82,4.16
24.08.2021 02:03:26.276,1.17345,1.1734200000000001,0.1,0.75
24.08.2021 02:03:26.378,1.17344,1.1734200000000001,0.1,0.75
24.08.2021 02:03:32.151,1.17344,1.17341,0.1,0.75
24.08.2021 02:03:36.975,1.17344,1.1734200000000001,0.1,0.75
24.08.2021 02:03:38.304,1.1734600000000002,1.17344,0.1,0.75
24.08.2021 02:03:38.456,1.1734700000000002,1.17344,0.1,0.75
24.08.2021 02:03:38.557,1.17348,1.1734600000000002,0.52,0.75
24.08.2021 02:03:38.709,1.17349,1.1734600000000002,0.1,0.75
24.08.2021 02:03:53.002,1.1734600000000002,1.17344,0.82,4.12
24.08.2021 02:03:53.105,1.1734600000000002,1.17343,0.75,2.25
24.08.2021 02:03:59.172,1.1734600000000002,1.1734200000000001,0.82,1.5
24.08.2021 02:04:00.280,1.17348,1.17344,1.57,0.75
24.08.2021 02:04:00.381,1.17348,1.17345,0.1,1.5
24.08.2021 02:04:02.822,1.17349,1.17345,1.57,1.5
24.08.2021 02:04:08.008,1.1735,1.1734700000000002,0.1,0.75
24.08.2021 02:04:11.215,1.1735200000000001,1.17349,0.82,0.75
24.08.2021 02:04:12.216,1.17351,1.17348,0.1,0.75
24.08.2021 02:04:13.493,1.17351,1.1734700000000002,0.82,1.5
24.08.2021 02:04:14.490,1.1735,1.1734700000000002,0.1,1.5
24.08.2021 02:04:27.201,1.1735,1.1734600000000002,0.82,1.69
24.08.2021 02:04:39.426,1.17349,1.1734600000000002,0.1,0.75
24.08.2021 02:04:41.038,1.1735,1.1734600000000002,0.82,0.75
24.08.2021 02:04:51.962,1.1735,1.1734700000000002,0.1,0.75
24.08.2021 02:04:55.108,1.17351,1.1734700000000002,0.82,1.5
24.08.2021 02:04:55.964,1.1735200000000001,1.17348,0.82,1.5
24.08.2021 02:04:57.925,1.1735,1.1734700000000002,0.1,0.75
24.08.2021 02:05:04.027,1.17349,1.1734600000000002,0.1,0.75
24.08.2021 02:05:08.452,1.17349,1.1734700000000002,0.1,0.75
24.08.2021 02:05:09.149,1.1735,1.1734700000000002,0.1,0.75
24.08.2021 02:05:09.250,1.17351,1.1734700000000002,1.95,0.75
24.08.2021 02:05:15.867,1.17351,1.17348,0.75,0.75
24.08.2021 02:05:16.018,1.1735200000000001,1.17348,0.82,0.75
24.08.2021 02:05:17.173,1.1735200000000001,1.17349,0.1,0.75
24.08.2021 02:05:17.357,1.1735200000000001,1.1735,0.82,0.75
24.08.2021 02:05:19.677,1.17353,1.1735,0.1,0.75
24.08.2021 02:05:19.997,1.17354,1.17351,0.1,0.75
24.08.2021 02:05:24.173,1.17355,1.17351,0.82,0.75
24.08.2021 02:05:25.515,1.17355,1.1735200000000001,0.1,0.75
24.08.2021 02:05:26.875,1.1735600000000002,1.1735200000000001,0.82,0.75
24.08.2021 02:05:35.841,1.17355,1.1735200000000001,0.1,0.75
24.08.2021 02:05:39.085,1.1735600000000002,1.1735200000000001,0.82,0.75
24.08.2021 02:05:44.803,1.17355,1.1735200000000001,0.1,0.75
24.08.2021 02:05:56.111,1.17355,1.17351,0.82,0.94
24.08.2021 02:06:09.879,1.17353,1.1735,0.1,0.75
24.08.2021 02:06:09.980,1.1735200000000001,1.17349,0.45,0.75
24.08.2021 02:06:10.082,1.1735200000000001,1.17348,1.95,0.94
24.08.2021 02:06:13.926,1.17351,1.17348,0.82,0.19
24.08.2021 02:06:19.072,1.17351,1.1734700000000002,0.82,0.94
24.08.2021 02:06:37.608,1.1735,1.1734700000000002,0.1,0.75
24.08.2021 02:06:37.760,1.1735,1.1734600000000002,0.82,0.94
24.08.2021 02:06:41.588,1.1735,1.1734700000000002,0.1,0.75
24.08.2021 02:06:44.318,1.17351,1.1734700000000002,0.82,0.75
24.08.2021 02:06:54.258,1.17351,1.17348,0.1,0.75
24.08.2021 02:06:55.082,1.1735200000000001,1.17349,0.82,0.75
24.08.2021 02:06:57.242,1.17354,1.1735200000000001,4.99,0.75
24.08.2021 02:06:58.272,1.17355,1.1735200000000001,0.1,0.75
24.08.2021 02:07:02.201,1.17355,1.17353,0.1,0.75
24.08.2021 02:07:25.072,1.17355,1.1735200000000001,0.1,0.75
24.08.2021 02:07:30.269,1.17355,1.17353,0.1,0.75
24.08.2021 02:07:30.370,1.1735600000000002,1.17354,0.1,2.25
24.08.2021 02:07:30.472,1.1735700000000002,1.17354,2.62,0.75
24.08.2021 02:07:30.573,1.1735700000000002,1.17355,2.25,0.75
