Gmt time,Ask,Bid,AskVolume,BidVolume
18.08.2021 00:00:00.359,1.1709500000000002,1.1709200000000002,0.19,0.75
18.08.2021 00:00:00.964,1.1709500000000002,1.1709100000000001,0.19,2.23
18.08.2021 00:00:01.721,1.17096,1.1709100000000001,1.2,2.98
18.08.2021 00:00:02.012,1.17097,1.1709200000000002,3.45,0.75
18.08.2021 00:00:02.114,1.17097,1.1709100000000001,4.76,3.36
18.08.2021 00:00:02.215,1.17096,1.1709100000000001,0.56,3.36
18.08.2021 00:00:04.725,1.17097,1.1709100000000001,2.96,0.75
18.08.2021 00:00:05.111,1.17096,1.1709200000000002,0.75,0.75
18.08.2021 00:00:05.214,1.17096,1.17094,1.2,0.75
18.08.2021 00:00:06.188,1.17096,1.1709200000000002,0.82,0.75
18.08.2021 00:00:07.231,1.1709500000000002,1.1709100000000001,1.69,1.5
18.08.2021 00:00:07.870,1.1709200000000002,1.17089,0.94,0.75
18.08.2021 00:00:07.921,1.1709,1.17086,0.75,7.42
18.08.2021 00:00:08.022,1.1709100000000001,1.17087,0.75,0.75
18.08.2021 00:00:08.639,1.17087,1.17085,0.75,0.75
18.08.2021 00:00:08.740,1.17087,1.17085,0.75,2.7
18.08.2021 00:00:08.842,1.17089,1.17085,1.01,0.75
18.08.2021 00:00:08.943,1.17088,1.17084,0.75,6.22
18.08.2021 00:00:09.045,1.17089,1.17085,4.01,1.5
18.08.2021 00:00:10.126,1.17087,1.17084,0.75,1.31
18.08.2021 00:00:10.177,1.17089,1.17085,1.57,0.75
18.08.2021 00:00:11.305,1.1709,1.17086,0.82,0.75
18.08.2021 00:00:12.370,1.1709200000000002,1.17089,0.45,0.75
18.08.2021 00:00:12.471,1.17093,1.17089,0.82,1.5
18.08.2021 00:00:12.573,1.17094,1.1709,3.82,0.75
18.08.2021 00:00:12.675,1.17093,1.1709,0.1,0.75
18.08.2021 00:00:12.776,1.17093,1.17089,0.82,1.5
18.08.2021 00:00:13.249,1.1709100000000001,1.17088,0.75,0.75
18.08.2021 00:00:13.776,1.17094,1.1709,1.46,0.75
18.08.2021 00:00:13.878,1.17093,1.1709,0.1,0.75
18.08.2021 00:00:15.110,1.17093,1.1709100000000001,0.82,1.5
18.08.2021 00:00:16.544,1.17094,1.1709100000000001,0.26,0.75
18.08.2021 00:00:17.324,1.1709200000000002,1.1709,4.76,0.75
18.08.2021 00:00:17.426,1.1709200000000002,1.17089,0.1,0.75
18.08.2021 00:00:18.086,1.1709100000000001,1.17087,0.82,0.75
18.08.2021 00:00:21.506,1.1709200000000002,1.17088,0.82,0.75
18.08.2021 00:00:26.339,1.17093,1.17089,5.59,0.75
18.08.2021 00:00:29.843,1.1709100000000001,1.17087,3.82,0.75
18.08.2021 00:00:30.722,1.1709100000000001,1.1709,0.1,0.75
18.08.2021 00:00:32.436,1.17094,1.1709100000000001,3.26,0.75
18.08.2021 00:00:34.413,1.1709100000000001,1.17088,0.1,0.75
18.08.2021 00:00:34.515,1.1709200000000002,1.17088,4.2,0.75
18.08.2021 00:00:41.148,1.1709200000000002,1.1709,4.76,0.75
18.08.2021 00:00:41.992,1.17094,1.1709,4.46,0.75
18.08.2021 00:00:42.144,1.17094,1.1709100000000001,0.52,0.75
18.08.2021 00:00:42.245,1.17094,1.1709,1.01,0.75
18.08.2021 00:00:42.689,1.1709500000000002,1.1709100000000001,1.57,0.75
18.08.2021 00:00:48.379,1.17094,1.1709,1.01,3.36
18.08.2021 00:00:50.179,1.1709500000000002,1.1709100000000001,1.01,0.75
18.08.2021 00:01:14.902,1.17094,1.1709,0.94,1.5
18.08.2021 00:01:18.971,1.17093,1.1709200000000002,0.19,0.75
18.08.2021 00:01:19.738,1.17096,1.1709200000000002,1.57,0.75
18.08.2021 00:01:21.360,1.1709500000000002,1.1709100000000001,1.57,0.75
18.08.2021 00:01:22.357,1.17094,1.1709100000000001,3,0.75
18.08.2021 00:01:23.295,1.1709500000000002,1.1709100000000001,2.77,0.75
18.08.2021 00:01:26.290,1.1709200000000002,1.17088,2.62,2.89
18.08.2021 00:01:26.392,1.1709100000000001,1.17088,0.75,0.45
18.08.2021 00:01:26.493,1.1709100000000001,1.17087,0.75,8.25
18.08.2021 00:01:33.329,1.1709,1.17086,0.75,1.5
18.08.2021 00:01:33.430,1.17089,1.17085,0.75,1.95
18.08.2021 00:01:35.605,1.1709,1.17086,6.34,0.75
18.08.2021 00:01:39.263,1.17088,1.17084,0.75,1.69
18.08.2021 00:01:39.364,1.17089,1.17085,2.14,0.75
18.08.2021 00:01:39.466,1.17086,1.17083,3,5.47
18.08.2021 00:01:40.568,1.17085,1.17083,4.12,0.75
18.08.2021 00:01:46.180,1.17085,1.1708200000000002,3,0.75
18.08.2021 00:01:46.292,1.17086,1.1708200000000002,4.39,0.75
18.08.2021 00:01:58.648,1.17085,1.1708100000000001,0.75,1.5
18.08.2021 00:02:00.852,1.1708200000000002,1.17078,1.87,2.7
18.08.2021 00:02:00.953,1.1708100000000001,1.17078,1.12,1.2
18.08.2021 00:02:01.054,1.1708100000000001,1.17077,1.12,1.5
18.08.2021 00:02:03.287,1.1708,1.17076,0.75,1.5
18.08.2021 00:02:03.389,1.17079,1.17075,0.75,1.87
18.08.2021 00:02:05.432,1.1708,1.17076,0.75,0.75
18.08.2021 00:02:11.192,1.1708,1.17075,3.75,1.5
18.08.2021 00:02:12.140,1.1708,1.17076,0.75,2.23
18.08.2021 00:02:14.807,1.1708200000000002,1.17078,1.57,0.75
18.08.2021 00:02:18.341,1.17083,1.1708,1.2,0.75
18.08.2021 00:02:18.442,1.17085,1.1708100000000001,2.32,0.82
18.08.2021 00:02:18.494,1.17087,1.17085,0.37,0.75
18.08.2021 00:02:18.545,1.17089,1.17086,8.25,0.75
18.08.2021 00:02:18.646,1.1709,1.17086,1.2,0.75
18.08.2021 00:02:22.474,1.1709200000000002,1.1709,0.45,0.75
18.08.2021 00:02:22.627,1.17093,1.1709100000000001,1.5,1.5
18.08.2021 00:02:22.779,1.1709500000000002,1.1709100000000001,0.75,0.75
18.08.2021 00:02:26.808,1.17096,1.1709200000000002,1.2,0.75
18.08.2021 00:02:29.541,1.1709500000000002,1.1709100000000001,0.75,3.62
18.08.2021 00:02:30.607,1.1709500000000002,1.17093,0.75,0.75
18.08.2021 00:02:31.667,1.17097,1.17093,6,0.75
18.08.2021 00:02:31.718,1.17094,1.17093,0.75,0.75
18.08.2021 00:02:31.870,1.17094,1.1709200000000002,4.5,1.5
18.08.2021 00:02:32.123,1.17094,1.1709100000000001,3,1.5
18.08.2021 00:02:32.224,1.1709500000000002,1.1709100000000001,1.95,1.5
18.08.2021 00:02:32.729,1.17096,1.17093,0.45,0.75
18.08.2021 00:02:32.831,1.1709500000000002,1.17093,0.75,0.75
18.08.2021 00:02:36.990,1.1709500000000002,1.1709100000000001,0.75,0.75
18.08.2021 00:02:46.049,1.1709500000000002,1.17093,4.12,0.75
18.08.2021 00:02:46.203,1.17097,1.1709500000000002,0.45,0.75
18.08.2021 00:02:46.255,1.17099,1.1709500000000002,5.51,0.75
18.08.2021 00:02:48.270,1.17099,1.17097,5.06,0.75
18.08.2021 00:02:53.924,1.17097,1.17093,2.44,4.18
18.08.2021 00:02:54.025,1.17096,1.17093,0.75,0.45
18.08.2021 00:02:54.127,1.1709500000000002,1.17093,0.75,0.75
18.08.2021 00:02:58.225,1.17096,1.1709500000000002,0.37,0.75
18.08.2021 00:02:58.377,1.17097,1.17093,1.87,0.75
18.08.2021 00:03:03.940,1.17096,1.1709200000000002,0.75,1.5
18.08.2021 00:03:08.608,1.17098,1.17094,5.96,0.75
18.08.2021 00:03:22.652,1.17099,1.1709500000000002,0.94,1.5
18.08.2021 00:03:26.105,1.17101,1.17097,2.89,1.5
18.08.2021 00:03:26.206,1.17099,1.17097,0.75,0.75
18.08.2021 00:03:42.184,1.17097,1.17094,1.12,0.45
18.08.2021 00:03:42.286,1.1709500000000002,1.17094,0.75,1.2
18.08.2021 00:03:42.388,1.17098,1.17094,0.75,1.69
18.08.2021 00:03:42.489,1.17098,1.17096,2.32,0.75
18.08.2021 00:03:42.945,1.171,1.1709500000000002,4.65,0.94
18.08.2021 00:03:45.847,1.17099,1.1709500000000002,0.75,0.94
18.08.2021 00:03:47.030,1.17097,1.17094,2.32,0.94
18.08.2021 00:03:47.131,1.17097,1.17093,2.25,1.2
18.08.2021 00:03:47.233,1.17096,1.1709200000000002,1.12,1.5
18.08.2021 00:03:47.486,1.1709500000000002,1.1709200000000002,0.75,0.75
18.08.2021 00:03:48.426,1.1709500000000002,1.1709100000000001,0.75,1.69
18.08.2021 00:03:48.528,1.17093,1.1709100000000001,2.25,0.75
18.08.2021 00:03:48.579,1.1709200000000002,1.17088,5.89,0.75
18.08.2021 00:03:48.681,1.1709100000000001,1.17087,4.5,1.5
18.08.2021 00:03:51.417,1.1709200000000002,1.17089,0.45,0.75
18.08.2021 00:03:51.518,1.1709200000000002,1.1709,0.45,1.5
18.08.2021 00:03:51.620,1.17094,1.1709,4.5,1.5
18.08.2021 00:03:51.882,1.17093,1.1709,0.37,1.5
18.08.2021 00:03:51.984,1.17093,1.17089,4.87,0.75
18.08.2021 00:03:54.298,1.1709,1.17088,0.75,2.44
18.08.2021 00:03:56.670,1.1709,1.17087,0.75,0.75
18.08.2021 00:03:56.771,1.17088,1.17084,1.5,3.07
18.08.2021 00:03:59.605,1.17086,1.17085,0.75,0.75
18.08.2021 00:04:00.647,1.17087,1.17083,1.12,0.75
18.08.2021 00:04:00.698,1.17085,1.1708100000000001,0.75,5.12
18.08.2021 00:04:01.968,1.17083,1.1708,2.7,2.98
18.08.2021 00:04:02.070,1.1708100000000001,1.17079,1.12,1.2
18.08.2021 00:04:02.122,1.1708100000000001,1.17077,1.87,5.47
18.08.2021 00:04:02.530,1.17078,1.17077,3.75,0.75
18.08.2021 00:04:02.632,1.17079,1.17075,3.75,1.5
18.08.2021 00:04:03.157,1.17079,1.17076,0.75,1.48
18.08.2021 00:04:03.258,1.1708,1.17077,1.12,0.75
18.08.2021 00:04:04.086,1.1708100000000001,1.17077,1.87,0.75
18.08.2021 00:04:04.341,1.17083,1.1708,1.2,0.75
18.08.2021 00:04:04.442,1.17083,1.1708100000000001,1.2,0.75
18.08.2021 00:04:04.544,1.17085,1.1708100000000001,1.5,0.75
18.08.2021 00:04:05.958,1.17086,1.1708200000000002,5.62,0.75
18.08.2021 00:04:06.060,1.1708200000000002,1.17079,1.5,2.7
18.08.2021 00:04:06.161,1.1708100000000001,1.17079,1.12,1.2
18.08.2021 00:04:06.212,1.1708,1.17078,1.12,1.76
18.08.2021 00:04:06.479,1.17083,1.1708100000000001,0.45,0.75
18.08.2021 00:04:06.684,1.17085,1.1708100000000001,3.75,0.75
18.08.2021 00:04:07.766,1.1708200000000002,1.17078,2.25,8.15
18.08.2021 00:04:07.918,1.1708100000000001,1.17078,2.62,1.2
18.08.2021 00:04:08.019,1.1708100000000001,1.17077,3.37,0.75
18.08.2021 00:04:12.051,1.17083,1.1708100000000001,0.45,0.75
18.08.2021 00:04:12.254,1.17085,1.1708100000000001,1.57,0.75
18.08.2021 00:04:12.356,1.17085,1.1708200000000002,4.57,0.75
18.08.2021 00:04:21.483,1.17084,1.1708100000000001,0.1,0.75
18.08.2021 00:04:22.086,1.17084,1.1708200000000002,1.57,0.75
18.08.2021 00:04:23.121,1.17085,1.1708200000000002,1.01,0.75
18.08.2021 00:04:23.223,1.17085,1.1708100000000001,4.57,1.5
18.08.2021 00:04:23.324,1.17083,1.1708,0.82,0.75
18.08.2021 00:04:23.679,1.17084,1.1708,1.27,0.75
18.08.2021 00:04:26.521,1.17084,1.1708100000000001,0.1,0.75
18.08.2021 00:04:27.372,1.17085,1.1708200000000002,4.27,0.19
18.08.2021 00:04:27.474,1.17085,1.1708100000000001,0.82,1.5
18.08.2021 00:04:27.576,1.17086,1.1708200000000002,5.4,1.69
18.08.2021 00:04:27.677,1.17086,1.17083,0.75,0.94
18.08.2021 00:04:27.779,1.17086,1.1708200000000002,1.12,1.87
18.08.2021 00:04:32.234,1.17085,1.1708200000000002,0.1,0.75
18.08.2021 00:04:38.785,1.17086,1.1708200000000002,0.75,2.14
18.08.2021 00:04:38.887,1.17088,1.17085,0.75,0.75
18.08.2021 00:04:38.988,1.17089,1.17086,0.82,0.75
18.08.2021 00:04:39.090,1.1709,1.17086,1.87,0.82
18.08.2021 00:04:41.963,1.1709,1.17087,1.5,0.75
18.08.2021 00:04:43.337,1.1709100000000001,1.17087,4.95,0.75
18.08.2021 00:04:43.439,1.1709100000000001,1.17088,4.87,0.75
18.08.2021 00:04:43.541,1.17094,1.1709,4.95,0.75
18.08.2021 00:04:44.588,1.17094,1.1709100000000001,0.1,0.75
18.08.2021 00:04:44.689,1.1709500000000002,1.1709100000000001,5.14,0.75
18.08.2021 00:04:45.481,1.1709500000000002,1.1709200000000002,1.39,0.75
18.08.2021 00:04:48.152,1.17093,1.1709,0.1,0.75
18.08.2021 00:04:48.516,1.17094,1.1709100000000001,0.1,0.75
18.08.2021 00:04:48.618,1.1709500000000002,1.1709100000000001,2.14,0.75
18.08.2021 00:04:58.690,1.17097,1.17093,0.75,0.75
18.08.2021 00:04:58.791,1.1709500000000002,1.17093,1.12,0.75
18.08.2021 00:04:58.893,1.17097,1.17094,1.12,0.75
18.08.2021 00:04:59.833,1.17098,1.17094,1.12,0.75
18.08.2021 00:05:00.087,1.17096,1.17094,2.25,0.75
18.08.2021 00:05:00.189,1.17096,1.17093,1.12,0.75
18.08.2021 00:05:00.644,1.17096,1.1709200000000002,4.95,0.75
18.08.2021 00:05:01.796,1.1709200000000002,1.1709100000000001,1.12,2.61
18.08.2021 00:05:01.847,1.1709100000000001,1.1709,1.87,1.2
18.08.2021 00:05:01.949,1.17094,1.1709,4.5,0.75
18.08.2021 00:05:02.051,1.17093,1.1709200000000002,0.75,0.75
18.08.2021 00:05:03.800,1.1709500000000002,1.1709100000000001,4.95,0.75
18.08.2021 00:05:03.950,1.17094,1.1709100000000001,3,0.75
18.08.2021 00:05:04.340,1.1709500000000002,1.1709100000000001,4.95,0.75
18.08.2021 00:05:04.869,1.17094,1.1709100000000001,3,0.75
18.08.2021 00:05:06.941,1.17094,1.1709200000000002,4.87,0.75
18.08.2021 00:05:09.833,1.1709500000000002,1.1709100000000001,4.87,0.75
18.08.2021 00:05:10.042,1.17094,1.1709100000000001,3,0.75
18.08.2021 00:05:11.335,1.1709500000000002,1.1709100000000001,4.95,0.75
18.08.2021 00:05:18.940,1.1709500000000002,1.1709200000000002,0.75,0.75
18.08.2021 00:05:19.892,1.17094,1.1709,0.75,1.5
18.08.2021 00:05:20.534,1.1709500000000002,1.1709100000000001,0.75,0.75
18.08.2021 00:05:25.247,1.17097,1.17093,1.69,0.75
18.08.2021 00:05:25.348,1.1709500000000002,1.17094,0.75,0.75
18.08.2021 00:05:25.450,1.17097,1.17093,4.12,1.12
18.08.2021 00:05:28.586,1.17098,1.17094,4.95,0.75
18.08.2021 00:05:31.671,1.17098,1.17096,4.76,0.75
18.08.2021 00:05:32.206,1.171,1.17096,1.95,0.75
18.08.2021 00:05:37.008,1.171,1.17097,0.1,0.75
18.08.2021 00:05:39.581,1.1710200000000002,1.17099,0.75,0.37
18.08.2021 00:05:39.683,1.17103,1.17099,0.82,1.12
18.08.2021 00:05:39.835,1.17103,1.17101,3.82,1.12
18.08.2021 00:05:40.626,1.17104,1.17101,0.1,0.75
18.08.2021 00:05:40.728,1.1710500000000001,1.17101,1.57,0.75
18.08.2021 00:05:53.804,1.17103,1.171,0.75,1.95
18.08.2021 00:05:53.906,1.17101,1.17099,0.82,1.2
18.08.2021 00:05:54.007,1.17101,1.17097,1.2,3.19
18.08.2021 00:05:55.387,1.17103,1.171,0.1,0.75
18.08.2021 00:05:55.488,1.17104,1.171,1.95,0.75
18.08.2021 00:05:55.894,1.17101,1.17098,0.75,7.04
18.08.2021 00:05:55.995,1.17101,1.17097,1.2,2.32
18.08.2021 00:05:58.660,1.17103,1.17099,5.7,0.75
18.08.2021 00:05:58.963,1.17104,1.17101,1.95,0.75
18.08.2021 00:06:00.705,1.1710200000000002,1.171,0.75,0.82
18.08.2021 00:06:05.633,1.17104,1.171,1.95,0.75
18.08.2021 00:06:06.672,1.17101,1.17098,0.75,1.95
18.08.2021 00:06:15.966,1.1710200000000002,1.17098,1.57,0.75
18.08.2021 00:06:17.412,1.17103,1.171,0.75,0.1
18.08.2021 00:06:17.716,1.17104,1.171,0.82,1.12
18.08.2021 00:06:59.110,1.17104,1.17101,0.75,0.37
18.08.2021 00:07:06.989,1.1710500000000001,1.17101,1.57,1.12
18.08.2021 00:07:08.216,1.17101,1.171,1.95,0.75
18.08.2021 00:07:08.318,1.17103,1.171,0.82,0.75
18.08.2021 00:07:08.469,1.17104,1.171,4.57,1.12
18.08.2021 00:07:08.823,1.17103,1.1710200000000002,0.82,0.75
18.08.2021 00:07:11.782,1.17104,1.171,0.82,1.12
18.08.2021 00:07:12.690,1.17104,1.17101,0.75,0.75
18.08.2021 00:07:18.803,1.17106,1.17103,0.1,0.75
18.08.2021 00:07:18.905,1.17106,1.1710200000000002,0.82,1.87
18.08.2021 00:07:21.425,1.1710500000000001,1.1710200000000002,0.75,0.75
18.08.2021 00:07:21.627,1.1710500000000001,1.17101,0.82,3.54
18.08.2021 00:07:21.729,1.1710500000000001,1.1710200000000002,0.82,0.75
18.08.2021 00:07:26.333,1.1710500000000001,1.17101,0.82,1.12
18.08.2021 00:07:26.554,1.1710500000000001,1.1710200000000002,0.82,0.75
18.08.2021 00:07:30.955,1.1710500000000001,1.17101,0.75,1.2
18.08.2021 00:07:31.309,1.1710500000000001,1.1710200000000002,0.75,0.75
18.08.2021 00:07:35.240,1.1710500000000001,1.17101,4.2,0.75
18.08.2021 00:07:36.001,1.17104,1.17101,0.75,0.75
18.08.2021 00:07:38.045,1.1710500000000001,1.17101,1.2,0.75
18.08.2021 00:07:40.298,1.1710500000000001,1.1710200000000002,0.75,0.75
18.08.2021 00:07:48.294,1.17104,1.17101,0.1,0.75
18.08.2021 00:07:48.470,1.17104,1.171,0.82,1.12
18.08.2021 00:07:52.444,1.1710500000000001,1.17101,1.5,0.82
18.08.2021 00:07:52.546,1.1710500000000001,1.1710200000000002,3,0.75
18.08.2021 00:08:02.119,1.17103,1.17101,0.1,0.75
18.08.2021 00:08:02.220,1.17103,1.171,0.1,0.75
18.08.2021 00:08:09.340,1.17104,1.171,1.2,0.75
18.08.2021 00:08:13.521,1.1710200000000002,1.17098,2.32,1.95
18.08.2021 00:08:13.622,1.17101,1.17098,3.07,1.95
18.08.2021 00:08:14.380,1.1710200000000002,1.171,0.1,0.75
18.08.2021 00:08:14.431,1.1710200000000002,1.17098,0.1,0.75
18.08.2021 00:08:14.532,1.1710200000000002,1.171,1.2,0.75
18.08.2021 00:08:19.210,1.17104,1.17101,4.57,0.75
18.08.2021 00:08:19.362,1.1710500000000001,1.1710200000000002,2.32,0.75
18.08.2021 00:08:19.515,1.17106,1.1710200000000002,8.48,0.75
18.08.2021 00:08:21.138,1.1710500000000001,1.17103,1.2,0.75
18.08.2021 00:08:40.126,1.17106,1.1710200000000002,1.2,0.75
18.08.2021 00:08:40.233,1.17106,1.17103,1.2,0.75
18.08.2021 00:08:42.838,1.17107,1.17103,6.79,0.75
18.08.2021 00:08:43.092,1.17107,1.1710500000000001,6.23,0.75
18.08.2021 00:08:43.659,1.17108,1.1710500000000001,4.95,0.75
18.08.2021 00:08:46.418,1.17107,1.17104,2.32,0.75
18.08.2021 00:08:51.505,1.17108,1.1710500000000001,4.5,0.75
18.08.2021 00:08:51.606,1.1711,1.17107,1.95,0.75
18.08.2021 00:08:54.770,1.1711,1.17106,0.45,0.19
18.08.2021 00:08:54.820,1.1711,1.17108,4.2,0.75
18.08.2021 00:08:59.806,1.17111,1.17108,0.82,0.75
18.08.2021 00:08:59.912,1.17113,1.17111,4.36,0.75
18.08.2021 00:09:00.065,1.1711500000000001,1.1711,9.23,1.01
18.08.2021 00:09:00.167,1.1711500000000001,1.17113,0.82,0.75
18.08.2021 00:09:02.492,1.17113,1.17111,0.82,0.19
18.08.2021 00:09:02.595,1.17114,1.1711200000000002,0.82,0.75
18.08.2021 00:09:09.225,1.1711500000000001,1.1711200000000002,1.2,0.75
18.08.2021 00:09:16.200,1.1711500000000001,1.17113,0.1,0.75
18.08.2021 00:09:16.302,1.1711600000000002,1.17113,1.95,0.75
18.08.2021 00:09:28.666,1.17119,1.1711500000000001,8.03,0.82
18.08.2021 00:09:28.717,1.17119,1.17117,4.28,0.75
18.08.2021 00:09:29.022,1.17119,1.1711600000000002,0.1,0.75
18.08.2021 00:09:29.224,1.17119,1.17117,0.1,0.75
18.08.2021 00:09:29.325,1.1712,1.17117,4.95,0.75
18.08.2021 00:09:38.634,1.1712,1.1711799999999999,0.1,0.75
18.08.2021 00:09:41.998,1.1712,1.1711500000000001,3.07,0.26
18.08.2021 00:09:42.967,1.1712,1.1711799999999999,0.1,0.75
18.08.2021 00:09:49.090,1.17121,1.1711799999999999,0.82,0.75
18.08.2021 00:09:52.860,1.1712,1.17117,0.1,0.75
18.08.2021 00:09:54.446,1.17119,1.1711600000000002,0.75,3.56
18.08.2021 00:09:54.497,1.17123,1.17121,4.28,0.75
18.08.2021 00:09:54.548,1.1712200000000001,1.17119,1.95,0.75
18.08.2021 00:09:57.129,1.17121,1.1711799999999999,1.2,0.75
18.08.2021 00:10:00.548,1.1712,1.1711799999999999,1.12,0.94
18.08.2021 00:10:00.649,1.1712,1.17117,0.75,0.94
18.08.2021 00:10:05.456,1.17121,1.17117,1.87,0.94
18.08.2021 00:10:19.363,1.1712,1.17117,0.75,0.75
18.08.2021 00:10:19.570,1.1712,1.1711600000000002,0.82,0.94
18.08.2021 00:10:21.411,1.1712,1.17117,0.82,0.75
18.08.2021 00:10:21.513,1.1712200000000001,1.1712,0.45,0.75
18.08.2021 00:10:21.614,1.17121,1.17119,0.75,2.7
18.08.2021 00:10:21.665,1.17123,1.1712,0.82,0.75
18.08.2021 00:10:21.767,1.1712200000000001,1.1711799999999999,0.82,0.75
18.08.2021 00:10:24.130,1.17121,1.1711799999999999,1.2,0.75
18.08.2021 00:10:24.231,1.17121,1.17117,1.2,0.75
18.08.2021 00:10:25.582,1.1712,1.1711600000000002,0.82,0.75
18.08.2021 00:10:25.684,1.17119,1.1711600000000002,0.75,0.75
18.08.2021 00:10:25.937,1.17119,1.1711500000000001,3.82,0.75
18.08.2021 00:10:26.443,1.1712,1.1711600000000002,3.82,0.75
18.08.2021 00:10:49.269,1.1711600000000002,1.17114,0.75,0.45
18.08.2021 00:10:49.471,1.1711600000000002,1.1711200000000002,1.2,9
18.08.2021 00:10:49.623,1.1711500000000001,1.1711200000000002,0.75,0.75
18.08.2021 00:10:52.137,1.1711500000000001,1.17111,0.75,3.24
18.08.2021 00:10:52.338,1.1711500000000001,1.1711200000000002,0.75,0.75
18.08.2021 00:11:02.754,1.17113,1.1711200000000002,0.75,0.94
18.08.2021 00:11:05.710,1.17111,1.17109,0.75,4.72
18.08.2021 00:11:05.812,1.17111,1.17108,0.75,1.39
18.08.2021 00:11:05.913,1.17111,1.17107,0.75,1.01
18.08.2021 00:11:09.627,1.1711200000000002,1.17108,5.03,0.94
18.08.2021 00:11:09.729,1.17113,1.17109,1.2,0.94
18.08.2021 00:11:09.830,1.17113,1.1711,0.75,0.75
18.08.2021 00:11:12.186,1.17114,1.17111,0.75,0.75
18.08.2021 00:11:12.287,1.1711500000000001,1.17111,2.32,0.75
18.08.2021 00:11:20.856,1.17114,1.17111,0.75,0.94
18.08.2021 00:11:29.624,1.1711500000000001,1.17111,4.12,0.75
18.08.2021 00:11:29.776,1.1711500000000001,1.1711200000000002,4.12,0.75
18.08.2021 00:11:30.607,1.17114,1.1711200000000002,0.75,0.94
18.08.2021 00:11:42.943,1.17114,1.17113,0.75,0.75
18.08.2021 00:11:43.211,1.1711500000000001,1.17111,0.75,1.01
18.08.2021 00:11:46.355,1.1711200000000002,1.1711,0.75,0.19
18.08.2021 00:11:46.456,1.1711200000000002,1.17109,0.75,1.2
18.08.2021 00:11:46.658,1.17113,1.17109,4.95,0.75
18.08.2021 00:11:46.760,1.17113,1.1711,0.75,0.75
18.08.2021 00:11:46.862,1.17114,1.17111,1.2,0.75
18.08.2021 00:11:47.266,1.1711500000000001,1.17111,1.12,0.75
18.08.2021 00:11:47.840,1.17114,1.17113,1.12,0.75
18.08.2021 00:12:03.085,1.17114,1.17111,0.75,0.75
18.08.2021 00:12:03.136,1.17113,1.17109,0.75,1.46
18.08.2021 00:12:03.237,1.17114,1.1711,1.2,0.75
18.08.2021 00:12:06.414,1.17113,1.1711,0.75,0.75
18.08.2021 00:12:07.190,1.17114,1.1711,0.75,0.82
18.08.2021 00:12:09.106,1.17113,1.1711,0.75,0.82
18.08.2021 00:12:09.208,1.17113,1.17109,3.75,1.12
18.08.2021 00:12:11.332,1.17113,1.1711,0.75,0.19
18.08.2021 00:12:11.744,1.17114,1.17111,0.82,0.19
18.08.2021 00:12:16.684,1.17114,1.1711,0.82,1.01
18.08.2021 00:12:16.735,1.1711200000000002,1.17108,0.82,5.99
18.08.2021 00:12:16.836,1.17113,1.17109,3.75,1.69
18.08.2021 00:12:16.938,1.17113,1.1711,0.75,0.82
18.08.2021 00:12:20.482,1.17114,1.1711,0.82,0.82
18.08.2021 00:12:28.359,1.17113,1.1711200000000002,0.75,0.94
18.08.2021 00:12:28.410,1.17117,1.17114,5.48,0.82
18.08.2021 00:12:28.562,1.1711799999999999,1.17114,0.82,0.82
18.08.2021 00:12:31.548,1.17119,1.1711500000000001,4.5,0.75
18.08.2021 00:12:31.866,1.17119,1.1711600000000002,1.5,0.75
18.08.2021 00:12:35.326,1.17119,1.1711500000000001,0.75,0.75
18.08.2021 00:12:37.646,1.17119,1.1711600000000002,0.75,0.75
18.08.2021 00:12:44.096,1.1712,1.17117,0.75,0.75
18.08.2021 00:12:44.252,1.1712,1.1711600000000002,0.75,1.69
18.08.2021 00:12:44.354,1.1712,1.17119,1.2,0.1
18.08.2021 00:12:44.455,1.1712200000000001,1.1711799999999999,2.7,0.82
18.08.2021 00:12:44.556,1.17121,1.1711799999999999,0.75,0.1
18.08.2021 00:12:49.041,1.17121,1.17117,0.82,1.76
18.08.2021 00:12:49.142,1.1712,1.17117,0.75,0.82
18.08.2021 00:12:49.243,1.17121,1.1711799999999999,0.82,0.75
18.08.2021 00:12:49.690,1.17123,1.1712,5.56,0.75
18.08.2021 00:12:49.943,1.17124,1.1712200000000001,0.52,0.94
18.08.2021 00:12:50.044,1.17124,1.17121,1.2,0.75
18.08.2021 00:12:57.695,1.17121,1.17117,0.82,3.69
18.08.2021 00:13:00.940,1.1712,1.17117,0.75,0.1
18.08.2021 00:13:03.249,1.17121,1.1712,6.23,0.19
18.08.2021 00:13:03.502,1.17123,1.1712,0.75,0.26
18.08.2021 00:13:03.758,1.17124,1.1712,0.82,1.01
18.08.2021 00:13:15.457,1.17124,1.1712200000000001,0.75,0.1
18.08.2021 00:13:15.559,1.17124,1.17121,0.75,1.69
18.08.2021 00:13:24.192,1.1712500000000001,1.1712200000000001,0.75,0.75
18.08.2021 00:13:24.293,1.1712500000000001,1.17121,0.75,2.14
18.08.2021 00:14:06.509,1.1712600000000002,1.1712200000000001,2.7,0.75
18.08.2021 00:14:11.841,1.17127,1.1712600000000002,5.48,0.1
18.08.2021 00:14:11.943,1.1712799999999999,1.1712600000000002,0.45,0.75
18.08.2021 00:14:11.994,1.17129,1.17127,1.57,0.94
18.08.2021 00:14:14.556,1.17129,1.1712600000000002,1.5,0.75
18.08.2021 00:14:16.281,1.1712600000000002,1.17123,0.75,0.94
18.08.2021 00:14:17.162,1.1712600000000002,1.1712200000000001,0.82,0.94
18.08.2021 00:14:20.888,1.1712600000000002,1.17123,1.2,0.75
18.08.2021 00:14:26.923,1.1712500000000001,1.1712200000000001,0.45,0.75
18.08.2021 00:14:32.588,1.1712500000000001,1.17121,1.2,0.75
18.08.2021 00:14:33.627,1.17124,1.17123,0.82,0.75
18.08.2021 00:14:45.338,1.1712600000000002,1.17123,4.2,0.75
18.08.2021 00:14:50.823,1.1712600000000002,1.1712200000000001,4.2,1.5
18.08.2021 00:14:57.990,1.1712500000000001,1.17124,1.2,0.75
18.08.2021 00:14:58.294,1.1712500000000001,1.1712200000000001,1.95,0.75
18.08.2021 00:15:02.674,1.17123,1.17119,0.75,3.9
18.08.2021 00:15:02.776,1.17123,1.1712,0.82,0.75
18.08.2021 00:15:06.690,1.1712200000000001,1.1711799999999999,2.7,1.39
18.08.2021 00:15:06.792,1.17121,1.1711799999999999,0.82,1.2
18.08.2021 00:15:06.893,1.17121,1.17117,1.27,0.94
18.08.2021 00:15:07.453,1.17119,1.1711799999999999,0.82,0.75
18.08.2021 00:15:07.504,1.17117,1.1711500000000001,0.75,0.45
18.08.2021 00:15:07.605,1.1711600000000002,1.17113,0.75,0.75
18.08.2021 00:15:07.757,1.1711600000000002,1.1711200000000002,1.5,1.46
18.08.2021 00:15:12.335,1.17114,1.17111,1.5,0.75
18.08.2021 00:15:12.437,1.17113,1.1711,0.75,0.94
18.08.2021 00:15:12.538,1.17114,1.17111,0.75,0.75
18.08.2021 00:15:12.792,1.1711600000000002,1.1711200000000002,2.02,0.75
18.08.2021 00:15:13.785,1.17117,1.1711500000000001,0.45,0.75
18.08.2021 00:15:13.938,1.17119,1.1711500000000001,4.57,0.75
18.08.2021 00:15:14.039,1.1711799999999999,1.1711500000000001,0.1,0.75
18.08.2021 00:15:15.880,1.17119,1.17117,0.45,2.89
18.08.2021 00:15:15.981,1.1712200000000001,1.1712,2.32,0.75
18.08.2021 00:15:16.084,1.17124,1.1712,5.77,0.75
18.08.2021 00:15:16.187,1.17124,1.17121,0.75,0.75
18.08.2021 00:15:16.289,1.1712500000000001,1.1712200000000001,1.2,0.75
18.08.2021 00:15:19.130,1.1712500000000001,1.17121,0.82,0.94
18.08.2021 00:15:20.501,1.17124,1.17123,0.75,0.75
18.08.2021 00:15:35.419,1.17124,1.1712200000000001,0.75,0.75
18.08.2021 00:15:35.470,1.1712200000000001,1.17119,1.2,2.14
18.08.2021 00:15:35.571,1.1712,1.17117,0.75,8.44
18.08.2021 00:15:35.673,1.17119,1.17117,0.75,7.5
18.08.2021 00:15:35.774,1.17119,1.1711600000000002,0.75,1.2
18.08.2021 00:15:35.926,1.17119,1.17117,0.75,0.82
18.08.2021 00:15:36.129,1.17119,1.1711500000000001,1.2,0.75
18.08.2021 00:15:36.331,1.1711799999999999,1.1711500000000001,0.75,0.75
18.08.2021 00:15:40.765,1.1711799999999999,1.1711600000000002,1.5,0.82
18.08.2021 00:15:40.967,1.1712,1.1711600000000002,1.5,0.82
18.08.2021 00:15:48.341,1.17121,1.17117,4.95,0.82
18.08.2021 00:15:54.778,1.17121,1.1711799999999999,0.82,0.75
18.08.2021 00:16:00.892,1.17121,1.17117,0.82,0.75
18.08.2021 00:16:07.599,1.17119,1.1711500000000001,0.82,2.14
18.08.2021 00:16:09.736,1.1711799999999999,1.1711500000000001,0.75,0.75
18.08.2021 00:16:31.817,1.1711799999999999,1.1711600000000002,1.27,0.75
18.08.2021 00:16:31.970,1.17119,1.1711600000000002,0.45,0.75
18.08.2021 00:16:32.071,1.1712,1.1711600000000002,0.75,0.82
18.08.2021 00:16:33.686,1.17119,1.1711500000000001,0.82,0.75
18.08.2021 00:16:34.798,1.1711799999999999,1.1711500000000001,0.75,0.75
18.08.2021 00:16:37.079,1.17119,1.1711500000000001,4.2,0.82
18.08.2021 00:16:37.187,1.1711799999999999,1.17117,1.2,0.75
18.08.2021 00:16:38.872,1.1711799999999999,1.1711600000000002,1.87,0.75
18.08.2021 00:16:38.924,1.1711600000000002,1.17114,0.1,0.45
18.08.2021 00:16:39.076,1.1711600000000002,1.1711200000000002,1.27,1.5
18.08.2021 00:16:39.381,1.1711500000000001,1.1711200000000002,0.75,0.75
18.08.2021 00:16:43.166,1.17114,1.17111,0.75,1.69
18.08.2021 00:16:43.268,1.1711200000000002,1.1711,1.12,1.2
18.08.2021 00:16:43.369,1.17111,1.17107,0.75,1.76
18.08.2021 00:16:43.471,1.1711,1.17107,0.75,1.46
18.08.2021 00:16:46.933,1.17109,1.17107,0.75,0.19
18.08.2021 00:16:49.492,1.17109,1.17106,0.75,2.49
18.08.2021 00:16:52.873,1.17109,1.17108,0.75,0.19
18.08.2021 00:16:54.194,1.1711,1.17107,0.75,0.19
18.08.2021 00:16:55.093,1.1711,1.17106,0.75,1.01
18.08.2021 00:16:55.246,1.17109,1.17106,0.75,1.01
18.08.2021 00:16:58.357,1.1711,1.17106,0.75,2.21
18.08.2021 00:17:11.231,1.1711,1.17107,0.75,0.19
18.08.2021 00:17:12.313,1.1711,1.17106,0.75,2.59
18.08.2021 00:17:15.761,1.1711,1.17107,0.75,0.75
18.08.2021 00:17:30.167,1.17109,1.17106,0.75,2.21
18.08.2021 00:18:02.269,1.1711,1.17107,0.75,0.75
18.08.2021 00:18:21.637,1.17111,1.17108,0.75,0.75
18.08.2021 00:18:21.748,1.1711200000000002,1.17109,1.2,0.75
18.08.2021 00:18:23.015,1.1711200000000002,1.17111,0.75,0.75
18.08.2021 00:18:23.303,1.17114,1.1711,1.95,1.76
18.08.2021 00:18:23.408,1.17114,1.1711200000000002,1.2,0.75
18.08.2021 00:18:25.047,1.1711500000000001,1.1711200000000002,1.5,0.75
18.08.2021 00:18:27.756,1.17117,1.17114,3.37,0.75
18.08.2021 00:18:28.342,1.17117,1.17113,4.5,0.75
18.08.2021 00:18:48.309,1.1711600000000002,1.17114,1.5,0.75
18.08.2021 00:18:49.070,1.1711799999999999,1.1711600000000002,8.48,0.1
18.08.2021 00:18:49.172,1.17119,1.17117,0.45,0.75
18.08.2021 00:18:49.273,1.1712,1.17117,2.32,0.75
18.08.2021 00:19:01.195,1.1712,1.1711600000000002,1.5,0.75
18.08.2021 00:19:06.940,1.17119,1.17117,1.5,0.75
18.08.2021 00:19:09.414,1.17121,1.17117,4.12,0.75
18.08.2021 00:19:15.930,1.1712200000000001,1.1712,6.53,0.75
18.08.2021 00:19:15.981,1.17124,1.17121,1.2,0.75
18.08.2021 00:19:16.084,1.17124,1.1712200000000001,0.45,0.75
18.08.2021 00:19:16.136,1.1712500000000001,1.17124,4.12,0.75
18.08.2021 00:19:16.289,1.17127,1.17124,7.57,0.75
18.08.2021 00:19:17.692,1.17127,1.17123,11.86,0.75
18.08.2021 00:19:17.894,1.1712600000000002,1.17123,0.37,0.75
18.08.2021 00:19:20.045,1.1712600000000002,1.17124,0.37,0.75
18.08.2021 00:19:20.247,1.1712600000000002,1.17123,1.12,0.75
18.08.2021 00:19:33.238,1.17129,1.17127,5.03,0.75
18.08.2021 00:19:33.339,1.1713,1.17127,2.02,0.75
18.08.2021 00:19:37.361,1.1713,1.1712600000000002,3,0.1
18.08.2021 00:19:37.519,1.17131,1.1712799999999999,5.4,0.75
18.08.2021 00:19:44.086,1.17131,1.17129,0.37,0.75
18.08.2021 00:19:44.448,1.17131,1.1712799999999999,1.12,0.75
18.08.2021 00:19:48.035,1.1713200000000001,1.17129,1.12,1.69
18.08.2021 00:19:49.075,1.17131,1.17129,2.77,0.75
18.08.2021 00:19:50.764,1.17133,1.17131,0.45,0.75
18.08.2021 00:19:50.866,1.17134,1.17131,1.2,0.75
18.08.2021 00:19:54.939,1.1713500000000001,1.1713200000000001,1.5,0.75
18.08.2021 00:19:57.002,1.17133,1.17129,6.45,5.92
18.08.2021 00:19:57.103,1.1713200000000001,1.1713,4.2,1.2
18.08.2021 00:19:59.135,1.17133,1.17131,0.45,0.75
18.08.2021 00:20:01.067,1.17133,1.1713,2.7,0.75
18.08.2021 00:20:01.169,1.1713200000000001,1.17129,1.57,0.75
18.08.2021 00:20:01.220,1.17127,1.1712500000000001,2.25,8.25
18.08.2021 00:20:01.322,1.17127,1.17124,5.32,0.75
18.08.2021 00:20:01.424,1.1712600000000002,1.17123,0.82,0.75
18.08.2021 00:20:02.791,1.1712500000000001,1.1712200000000001,1.01,0.75
18.08.2021 00:20:04.709,1.1712799999999999,1.1712500000000001,5.41,0.75
18.08.2021 00:20:05.114,1.1712799999999999,1.1712600000000002,0.75,0.75
18.08.2021 00:20:05.215,1.17129,1.1712600000000002,0.75,1.5
18.08.2021 00:20:05.317,1.1713,1.17127,1.31,0.75
18.08.2021 00:20:08.370,1.1713,1.17129,0.75,1.12
18.08.2021 00:20:08.627,1.1713200000000001,1.17129,0.82,0.75
18.08.2021 00:20:10.073,1.17134,1.17131,5.4,0.75
18.08.2021 00:20:16.029,1.1713500000000001,1.17133,2.51,0.75
18.08.2021 00:20:17.355,1.1713500000000001,1.1713200000000001,0.19,0.75
18.08.2021 00:20:22.330,1.1713600000000002,1.1713200000000001,4.76,1.12
18.08.2021 00:20:24.018,1.17137,1.17133,1.39,0.75
18.08.2021 00:20:27.852,1.1713600000000002,1.17133,0.75,0.75
18.08.2021 00:20:33.057,1.17134,1.17133,0.75,0.75
18.08.2021 00:20:58.153,1.17134,1.17131,1.01,0.75
18.08.2021 00:21:00.653,1.17133,1.17131,0.19,0.75
18.08.2021 00:21:00.754,1.17133,1.1713,1.39,0.75
18.08.2021 00:21:01.105,1.17131,1.17129,0.75,0.75
18.08.2021 00:21:01.257,1.17133,1.1713,7.01,0.75
18.08.2021 00:21:18.395,1.1713200000000001,1.17129,1.12,0.75
18.08.2021 00:21:18.498,1.17131,1.1712799999999999,0.82,0.75
18.08.2021 00:21:18.599,1.1713200000000001,1.17129,0.75,0.75
18.08.2021 00:21:18.701,1.17133,1.1713,4.95,0.75
18.08.2021 00:21:19.058,1.17133,1.17131,0.19,0.75
18.08.2021 00:21:19.160,1.17133,1.1713,1.01,0.75
18.08.2021 00:21:24.202,1.17133,1.17131,4.01,0.75
18.08.2021 00:21:40.045,1.1713200000000001,1.17129,1.2,1.95
18.08.2021 00:21:40.197,1.1713200000000001,1.1712799999999999,0.82,0.82
18.08.2021 00:21:40.299,1.17133,1.1713,0.75,0.82
18.08.2021 00:21:42.962,1.17131,1.1713,1.2,0.75
18.08.2021 00:21:43.064,1.17131,1.1712799999999999,0.75,1.27
18.08.2021 00:21:51.474,1.1713200000000001,1.17129,0.75,0.82
18.08.2021 00:22:00.644,1.17131,1.1712799999999999,1.01,0.75
18.08.2021 00:22:01.094,1.17131,1.1713,1.2,0.75
18.08.2021 00:22:01.196,1.17131,1.1712799999999999,0.75,0.82
18.08.2021 00:22:06.186,1.1713200000000001,1.1713,1.01,0.75
18.08.2021 00:22:06.287,1.17133,1.1713,0.82,0.75
18.08.2021 00:22:24.983,1.17133,1.1713200000000001,0.75,0.75
18.08.2021 00:22:33.175,1.17131,1.17129,0.75,0.82
18.08.2021 00:22:33.277,1.17131,1.1712799999999999,1.39,1.95
18.08.2021 00:22:33.429,1.17129,1.1712799999999999,0.75,0.82
18.08.2021 00:22:33.649,1.1713,1.1712799999999999,0.75,0.37
18.08.2021 00:22:33.751,1.1713,1.17127,0.75,3.07
18.08.2021 00:22:35.020,1.1713,1.1712799999999999,0.75,0.37
18.08.2021 00:22:36.422,1.17131,1.1712799999999999,0.82,0.75
18.08.2021 00:22:40.689,1.1713,1.1712799999999999,0.19,0.75
18.08.2021 00:22:40.790,1.1713,1.17127,0.94,0.75
18.08.2021 00:22:56.687,1.17129,1.1712600000000002,0.75,0.75
18.08.2021 00:22:57.728,1.17127,1.1712600000000002,0.75,0.82
18.08.2021 00:23:06.473,1.17129,1.1712600000000002,0.75,0.75
18.08.2021 00:23:17.688,1.1712799999999999,1.1712600000000002,0.1,0.75
18.08.2021 00:23:21.344,1.1712799999999999,1.1712500000000001,0.82,0.75
18.08.2021 00:23:21.446,1.17127,1.1712500000000001,0.1,0.75
18.08.2021 00:23:24.730,1.17127,1.17123,3.07,0.1
18.08.2021 00:23:24.780,1.17127,1.1712500000000001,0.1,0.75
18.08.2021 00:23:24.832,1.1712500000000001,1.17124,0.82,0.75
18.08.2021 00:23:40.404,1.1712600000000002,1.1712500000000001,0.75,0.82
18.08.2021 00:23:40.889,1.1712799999999999,1.1712500000000001,0.82,0.75
18.08.2021 00:23:41.412,1.17127,1.17124,0.75,0.82
18.08.2021 00:23:57.940,1.1712600000000002,1.17123,0.75,0.75
18.08.2021 00:23:59.663,1.1712500000000001,1.1712200000000001,0.75,0.82
18.08.2021 00:24:02.289,1.17124,1.1712200000000001,0.75,0.82
18.08.2021 00:24:05.588,1.1712500000000001,1.1712200000000001,3.75,0.82
18.08.2021 00:24:05.690,1.17124,1.17121,0.75,0.75
18.08.2021 00:24:05.791,1.17124,1.1712200000000001,0.75,0.82
18.08.2021 00:24:07.085,1.1712500000000001,1.17123,0.75,0.45
18.08.2021 00:24:07.187,1.1712600000000002,1.17123,0.75,3.07
18.08.2021 00:24:07.288,1.17127,1.17124,0.75,1.2
18.08.2021 00:24:10.486,1.17127,1.17123,1.5,1.5
18.08.2021 00:24:10.587,1.1712600000000002,1.17123,0.75,1.5
18.08.2021 00:24:33.678,1.1712600000000002,1.17124,0.75,0.94
18.08.2021 00:24:33.988,1.17127,1.17124,0.75,1.69
18.08.2021 00:24:37.584,1.1712799999999999,1.1712500000000001,0.75,0.75
18.08.2021 00:24:54.005,1.17123,1.1712200000000001,2.7,0.75
18.08.2021 00:24:54.106,1.17123,1.1712,1.5,2.44
18.08.2021 00:24:54.612,1.17123,1.1712200000000001,1.5,0.75
18.08.2021 00:25:00.285,1.17123,1.1712,0.75,1.01
18.08.2021 00:25:01.054,1.1712200000000001,1.17119,0.75,0.82
18.08.2021 00:25:02.993,1.17121,1.1711799999999999,0.75,1.76
18.08.2021 00:25:03.094,1.1712200000000001,1.1711799999999999,0.75,1.76
18.08.2021 00:25:14.294,1.1712200000000001,1.17119,0.75,0.1
18.08.2021 00:25:18.214,1.17121,1.17119,0.75,0.1
18.08.2021 00:25:18.366,1.17119,1.17117,0.75,0.1
18.08.2021 00:25:18.569,1.17119,1.1711600000000002,0.75,2.32
18.08.2021 00:25:20.111,1.17119,1.17117,0.75,0.1
18.08.2021 00:25:21.964,1.1712,1.17117,3.75,0.1
18.08.2021 00:25:23.236,1.1711799999999999,1.1711600000000002,0.75,0.75
18.08.2021 00:25:23.400,1.17119,1.17117,0.75,0.1
18.08.2021 00:25:26.175,1.1711799999999999,1.17117,0.75,0.1
18.08.2021 00:25:26.328,1.1711799999999999,1.1711500000000001,0.75,0.1
18.08.2021 00:25:31.463,1.1711799999999999,1.1711600000000002,0.75,0.1
18.08.2021 00:26:00.500,1.1712,1.17117,1.5,0.1
18.08.2021 00:26:02.295,1.17119,1.17117,0.75,0.1
18.08.2021 00:26:10.613,1.1711799999999999,1.17117,0.75,0.1
18.08.2021 00:26:10.822,1.1712,1.1711600000000002,1.95,0.1
18.08.2021 00:26:42.990,1.1712,1.17117,0.75,0.1
18.08.2021 00:26:43.142,1.1712,1.1711799999999999,0.75,0.1
18.08.2021 00:26:43.244,1.17121,1.1711799999999999,0.75,0.1
18.08.2021 00:26:43.395,1.17121,1.17119,0.75,0.1
18.08.2021 00:26:43.632,1.17121,1.1711799999999999,0.75,0.1
18.08.2021 00:26:43.734,1.1712200000000001,1.1712,0.75,0.1
18.08.2021 00:26:43.936,1.1712500000000001,1.17121,4.87,0.26
18.08.2021 00:26:44.721,1.17124,1.17121,0.75,0.1
18.08.2021 00:26:46.029,1.17124,1.1712,0.75,0.26
18.08.2021 00:26:46.131,1.17123,1.1712200000000001,0.75,0.1
18.08.2021 00:26:47.003,1.17123,1.17121,0.75,0.1
18.08.2021 00:26:55.286,1.17124,1.1712200000000001,0.75,0.26
18.08.2021 00:26:55.439,1.1712600000000002,1.17123,0.75,1.01
18.08.2021 00:26:55.541,1.17127,1.17124,0.75,1.31
18.08.2021 00:26:55.643,1.17127,1.1712500000000001,0.75,0.1
18.08.2021 00:26:56.357,1.1712799999999999,1.1712500000000001,0.75,0.82
18.08.2021 00:26:57.320,1.17129,1.1712500000000001,0.75,0.82
18.08.2021 00:26:57.807,1.17129,1.1712600000000002,3.75,0.1
18.08.2021 00:27:00.338,1.1712799999999999,1.1712600000000002,0.75,0.1
18.08.2021 00:27:02.762,1.1712799999999999,1.1712500000000001,0.75,0.1
18.08.2021 00:27:51.149,1.1712799999999999,1.1712600000000002,0.75,0.1
18.08.2021 00:28:05.906,1.17129,1.17127,0.75,0.1
18.08.2021 00:28:06.160,1.17129,1.1712600000000002,0.75,0.26
18.08.2021 00:28:07.929,1.1712799999999999,1.1712600000000002,0.75,0.26
18.08.2021 00:28:17.007,1.1712799999999999,1.1712500000000001,0.75,1.01
18.08.2021 00:28:19.923,1.17127,1.1712500000000001,0.75,0.1
18.08.2021 00:28:29.643,1.17127,1.17124,0.75,1.01
18.08.2021 00:28:30.100,1.1712500000000001,1.1712200000000001,0.75,1.01
18.08.2021 00:28:36.939,1.17124,1.1712200000000001,0.75,0.26
18.08.2021 00:28:52.042,1.17124,1.17121,0.75,1.01
18.08.2021 00:28:52.193,1.17123,1.17121,0.75,0.1
18.08.2021 00:29:02.143,1.17123,1.1712,0.75,1.76
18.08.2021 00:29:02.396,1.1712200000000001,1.1712,0.75,1.01
18.08.2021 00:29:05.462,1.1712200000000001,1.17119,0.75,1.76
18.08.2021 00:29:08.224,1.1712200000000001,1.1712,0.75,0.26
18.08.2021 00:29:08.376,1.1712200000000001,1.17121,1.12,1.39
18.08.2021 00:29:08.477,1.1712200000000001,1.1712,0.75,0.1
18.08.2021 00:29:09.098,1.1712500000000001,1.1712200000000001,12.79,0.1
18.08.2021 00:29:09.149,1.17123,1.17121,0.75,0.1
18.08.2021 00:29:09.301,1.17124,1.1712200000000001,0.75,0.1
18.08.2021 00:29:09.403,1.1712500000000001,1.1712200000000001,0.75,0.1
18.08.2021 00:29:11.593,1.1712600000000002,1.17124,0.75,0.1
18.08.2021 00:29:12.579,1.1712500000000001,1.1712200000000001,0.75,1.57
18.08.2021 00:29:18.973,1.17124,1.1712200000000001,0.75,0.1
18.08.2021 00:29:19.324,1.17123,1.1712200000000001,0.75,1.76
18.08.2021 00:29:56.306,1.1712500000000001,1.1712200000000001,0.75,1.57
18.08.2021 00:29:57.310,1.1712500000000001,1.17123,0.75,1.31
18.08.2021 00:29:57.809,1.1712600000000002,1.17124,0.75,2.14
18.08.2021 00:30:05.804,1.17124,1.17121,0.75,7.23
18.08.2021 00:30:07.626,1.17123,1.17121,0.75,4.37
18.08.2021 00:30:07.963,1.17123,1.1712,0.75,4.37
18.08.2021 00:30:10.962,1.17121,1.17119,0.75,0.45
18.08.2021 00:30:11.064,1.17121,1.1711799999999999,0.75,1.01
18.08.2021 00:30:11.317,1.1712,1.17117,0.75,1.84
18.08.2021 00:30:16.846,1.1712,1.1711799999999999,0.75,0.37
18.08.2021 00:30:16.947,1.1712,1.17117,0.75,1.76
18.08.2021 00:30:17.048,1.1712,1.1711799999999999,0.75,0.19
18.08.2021 00:30:20.420,1.17119,1.17117,0.75,8.79
18.08.2021 00:30:20.538,1.17119,1.1711600000000002,0.75,2.59
18.08.2021 00:30:25.510,1.1711799999999999,1.1711600000000002,0.75,2.14
18.08.2021 00:30:25.815,1.1711799999999999,1.1711500000000001,0.75,1.39
18.08.2021 00:30:43.323,1.17117,1.17114,0.19,1.27
18.08.2021 00:30:43.424,1.17114,1.17111,0.75,8.25
18.08.2021 00:30:43.526,1.17113,1.17111,0.75,7.5
18.08.2021 00:30:43.577,1.1711200000000002,1.1711,0.75,2.02
18.08.2021 00:30:50.095,1.1711200000000002,1.17108,0.75,7.85
18.08.2021 00:30:50.298,1.17111,1.17108,0.75,0.1
18.08.2021 00:30:50.399,1.17111,1.17107,0.75,3.06
18.08.2021 00:30:50.925,1.17111,1.17108,0.75,3.62
18.08.2021 00:30:51.027,1.1711200000000002,1.17109,0.75,0.1
18.08.2021 00:30:51.128,1.17113,1.17109,0.75,0.82
18.08.2021 00:31:01.586,1.1711200000000002,1.17108,0.75,4.26
18.08.2021 00:31:02.145,1.17113,1.17109,0.75,1.2
18.08.2021 00:31:07.815,1.17111,1.17108,0.75,0.1
18.08.2021 00:31:07.916,1.17111,1.17107,0.75,9.93
18.08.2021 00:31:12.642,1.1711,1.17107,0.75,0.82
18.08.2021 00:31:12.744,1.17109,1.17107,0.75,3.15
18.08.2021 00:31:14.317,1.17109,1.1710500000000001,0.75,4.82
18.08.2021 00:31:18.967,1.17108,1.1710500000000001,0.75,3.13
18.08.2021 00:31:19.825,1.17111,1.17107,0.75,2.89
18.08.2021 00:31:20.283,1.17111,1.17109,0.75,2.14
18.08.2021 00:31:20.385,1.1711200000000002,1.17108,0.75,4.18
18.08.2021 00:31:21.276,1.1711200000000002,1.17109,0.75,0.1
18.08.2021 00:31:29.886,1.1711200000000002,1.1711,0.75,0.82
18.08.2021 00:32:30.870,1.17113,1.17111,0.75,1.01
18.08.2021 00:32:31.707,1.17113,1.17109,0.75,7.3
18.08.2021 00:32:40.356,1.1711200000000002,1.17109,0.75,0.64
18.08.2021 00:32:54.664,1.1711,1.17108,0.1,1.5
18.08.2021 00:32:54.766,1.17109,1.17107,0.75,1.95
18.08.2021 00:32:54.867,1.17108,1.17106,0.75,2.32
18.08.2021 00:32:56.879,1.17108,1.17104,0.75,4.82
18.08.2021 00:33:11.596,1.17109,1.1710500000000001,0.75,0.75
18.08.2021 00:33:24.765,1.17109,1.17106,0.75,0.19
18.08.2021 00:33:24.867,1.17109,1.1710500000000001,0.75,4.82
18.08.2021 00:33:33.339,1.17108,1.1710500000000001,0.75,2.42
18.08.2021 00:34:30.453,1.17108,1.17104,0.75,3.07
18.08.2021 00:34:45.224,1.17108,1.1710500000000001,0.75,1.48
18.08.2021 00:34:51.774,1.17109,1.1710500000000001,0.75,8.15
18.08.2021 00:34:51.825,1.17111,1.17108,1.2,1.2
18.08.2021 00:34:51.926,1.17111,1.17109,0.45,0.82
18.08.2021 00:34:52.028,1.1711200000000002,1.17109,0.75,1.2
18.08.2021 00:35:01.643,1.17113,1.17109,0.75,2.32
18.08.2021 00:35:06.220,1.1711200000000002,1.17111,0.75,0.1
18.08.2021 00:35:08.763,1.17113,1.17111,0.75,1.2
18.08.2021 00:35:45.602,1.17114,1.17111,0.75,0.75
18.08.2021 00:35:45.704,1.1711500000000001,1.17111,0.75,3.45
18.08.2021 00:35:46.271,1.1711500000000001,1.1711200000000002,0.75,3.45
18.08.2021 00:35:46.322,1.17117,1.17113,0.82,0.75
18.08.2021 00:35:46.777,1.1711600000000002,1.17114,0.75,1.2
18.08.2021 00:35:46.929,1.17117,1.1711500000000001,0.75,1.95
18.08.2021 00:35:47.182,1.1711799999999999,1.1711500000000001,0.75,0.1
18.08.2021 00:35:47.283,1.17119,1.1711500000000001,0.75,0.82
18.08.2021 00:36:23.530,1.1711799999999999,1.17114,0.75,4.18
18.08.2021 00:36:28.220,1.17117,1.17114,0.75,1.57
18.08.2021 00:36:28.321,1.1711600000000002,1.1711200000000002,3.82,1.95
18.08.2021 00:36:28.423,1.1711500000000001,1.1711200000000002,0.1,0.75
18.08.2021 00:36:28.930,1.17114,1.1711,0.75,3.51
18.08.2021 00:36:30.129,1.17114,1.17111,0.75,1.48
18.08.2021 00:36:30.231,1.17114,1.1711,0.75,10.1
18.08.2021 00:36:47.704,1.17114,1.1711200000000002,1.2,0.75
18.08.2021 00:36:48.899,1.1711500000000001,1.1711200000000002,0.37,0.75
18.08.2021 00:36:49.000,1.1711600000000002,1.1711200000000002,0.75,0.82
18.08.2021 00:36:49.745,1.1711600000000002,1.17113,0.75,0.37
18.08.2021 00:36:49.796,1.1711799999999999,1.17114,0.75,0.82
18.08.2021 00:37:02.697,1.17119,1.1711500000000001,3.75,0.82
18.08.2021 00:37:37.289,1.1711500000000001,1.17113,0.75,5.17
18.08.2021 00:37:37.441,1.17114,1.1711,0.75,11.51
18.08.2021 00:38:20.610,1.1711200000000002,1.1711,0.82,0.75
18.08.2021 00:38:20.813,1.1711,1.17109,0.75,0.37
18.08.2021 00:38:25.461,1.1711,1.17108,1.57,0.75
18.08.2021 00:38:25.562,1.1711,1.17106,0.82,2.68
18.08.2021 00:38:25.664,1.17108,1.17107,0.1,0.75
18.08.2021 00:38:25.716,1.17107,1.1710500000000001,0.75,6.51
18.08.2021 00:38:26.366,1.17107,1.17104,0.75,0.82
18.08.2021 00:38:30.939,1.17108,1.17104,0.75,0.82
18.08.2021 00:38:47.068,1.17109,1.1710500000000001,3.82,0.75
18.08.2021 00:39:16.429,1.1711,1.17107,0.75,0.19
18.08.2021 00:39:17.725,1.1711,1.17106,0.75,5.57
18.08.2021 00:39:19.564,1.1711,1.17107,0.75,0.19
18.08.2021 00:39:20.955,1.1711,1.17106,0.75,9.09
18.08.2021 00:39:33.393,1.1711,1.17107,0.75,1.69
18.08.2021 00:39:33.496,1.1711200000000002,1.17108,1.2,2.49
18.08.2021 00:39:33.598,1.17113,1.17109,0.75,1.76
18.08.2021 00:39:33.700,1.17114,1.1711,4.12,0.82
18.08.2021 00:40:00.756,1.17113,1.17109,0.75,8.05
18.08.2021 00:40:23.569,1.1711200000000002,1.17108,0.75,1.27
18.08.2021 00:40:23.670,1.1711,1.17108,0.75,1.2
18.08.2021 00:40:23.772,1.1711,1.17107,0.75,0.45
18.08.2021 00:40:23.874,1.1711,1.17106,0.75,4.74
18.08.2021 00:40:24.203,1.17111,1.17107,0.75,1.01
18.08.2021 00:40:26.812,1.1711200000000002,1.17108,0.75,0.75
18.08.2021 00:40:26.913,1.17113,1.17109,0.94,0.75
18.08.2021 00:40:33.142,1.1711200000000002,1.17109,1.31,0.75
18.08.2021 00:40:33.193,1.17111,1.17107,0.75,1.2
18.08.2021 00:40:33.295,1.1711,1.17107,0.1,1.2
18.08.2021 00:40:36.939,1.1711,1.17106,0.82,0.75
18.08.2021 00:40:41.581,1.17109,1.1710500000000001,0.75,0.82
18.08.2021 00:40:47.594,1.1711,1.17107,0.75,1.5
18.08.2021 00:40:47.695,1.17111,1.17107,5.56,1.5
18.08.2021 00:40:50.813,1.1711,1.17107,0.82,0.75
18.08.2021 00:40:51.021,1.1711,1.17106,0.82,1.5
18.08.2021 00:41:41.731,1.17109,1.1710500000000001,0.82,0.75
18.08.2021 00:41:52.575,1.17106,1.17103,0.75,6.67
18.08.2021 00:41:52.728,1.17106,1.1710200000000002,4.2,0.75
18.08.2021 00:41:53.223,1.1710500000000001,1.1710200000000002,0.1,0.75
18.08.2021 00:41:56.619,1.17104,1.1710200000000002,0.82,0.75
18.08.2021 00:41:57.818,1.17104,1.17101,0.1,0.75
18.08.2021 00:42:02.840,1.1710500000000001,1.1710200000000002,0.82,0.75
18.08.2021 00:42:02.941,1.17106,1.17103,1.2,0.45
18.08.2021 00:42:03.043,1.17109,1.17106,5.77,0.75
18.08.2021 00:42:07.609,1.17108,1.17106,0.37,0.75
18.08.2021 00:42:07.711,1.17109,1.1710500000000001,5.14,0.75
18.08.2021 00:42:28.951,1.17108,1.1710500000000001,0.75,0.75
18.08.2021 00:42:29.052,1.17108,1.17104,1.5,1.46
18.08.2021 00:42:29.558,1.17108,1.1710500000000001,0.75,0.75
18.08.2021 00:42:30.541,1.17109,1.1710500000000001,2.7,0.75
18.08.2021 00:42:30.994,1.17108,1.1710500000000001,0.75,0.75
18.08.2021 00:42:36.096,1.17108,1.17104,1.12,1.76
18.08.2021 00:42:36.324,1.17107,1.17104,0.75,1.76
18.08.2021 00:42:38.194,1.17108,1.1710500000000001,1.12,0.75
18.08.2021 00:42:38.786,1.17108,1.17104,1.12,1.01
18.08.2021 00:42:56.157,1.17107,1.1710500000000001,1.12,1.74
18.08.2021 00:43:00.856,1.17106,1.17104,0.75,0.19
18.08.2021 00:43:01.008,1.17106,1.1710500000000001,0.75,0.19
18.08.2021 00:43:09.952,1.17107,1.17103,0.75,5.49
18.08.2021 00:43:24.636,1.17106,1.1710500000000001,0.75,0.19
18.08.2021 00:43:28.727,1.17104,1.1710200000000002,1.5,0.45
18.08.2021 00:43:28.929,1.1710200000000002,1.171,0.75,7.5
18.08.2021 00:43:29.031,1.17101,1.171,0.75,1.76
18.08.2021 00:43:40.825,1.17101,1.17099,0.75,1.01
18.08.2021 00:44:14.309,1.17101,1.17098,0.75,2.87
18.08.2021 00:44:21.033,1.171,1.17097,0.75,2.51
18.08.2021 00:44:31.110,1.171,1.17098,0.75,0.94
18.08.2021 00:44:31.211,1.17101,1.17098,0.75,0.94
18.08.2021 00:44:32.268,1.17101,1.17099,0.75,0.19
18.08.2021 00:44:38.961,1.1710200000000002,1.17099,0.75,0.19
18.08.2021 00:44:42.950,1.1710200000000002,1.17098,0.75,5.19
18.08.2021 00:44:56.110,1.17103,1.17099,0.75,0.75
18.08.2021 00:45:12.536,1.1710200000000002,1.17099,0.75,0.19
18.08.2021 00:45:13.082,1.1710200000000002,1.17098,0.75,7.74
18.08.2021 00:45:13.900,1.1710200000000002,1.17099,1.5,0.19
18.08.2021 00:45:18.210,1.17101,1.17098,0.94,1.5
18.08.2021 00:45:18.312,1.171,1.17097,1.2,0.45
18.08.2021 00:45:18.414,1.17099,1.1709500000000002,0.82,9.19
18.08.2021 00:45:21.968,1.17098,1.17094,1.5,2.44
18.08.2021 00:45:22.019,1.17099,1.17096,1.95,0.75
18.08.2021 00:45:22.070,1.17097,1.1709500000000002,1.5,1.69
18.08.2021 00:45:23.220,1.17098,1.1709500000000002,0.75,0.75
18.08.2021 00:45:33.012,1.17098,1.17094,0.75,0.75
18.08.2021 00:45:36.433,1.17099,1.1709500000000002,2.32,0.75
18.08.2021 00:45:43.216,1.17096,1.17093,0.19,0.75
18.08.2021 00:45:43.318,1.17098,1.17094,1.5,0.75
18.08.2021 00:45:45.351,1.17097,1.17093,0.75,1.5
18.08.2021 00:45:52.629,1.17096,1.17093,0.75,0.75
18.08.2021 00:45:53.733,1.17098,1.17094,2.21,0.75
18.08.2021 00:46:00.412,1.17099,1.1709500000000002,0.75,0.75
18.08.2021 00:46:14.471,1.171,1.17097,0.75,0.75
18.08.2021 00:46:14.573,1.17101,1.17099,0.82,2.25
18.08.2021 00:46:14.674,1.17103,1.17099,2.32,0.75
18.08.2021 00:46:18.549,1.17104,1.171,1.5,0.75
18.08.2021 00:46:18.651,1.1710500000000001,1.17101,1.01,0.75
18.08.2021 00:46:19.368,1.1710500000000001,1.1710200000000002,0.75,0.75
18.08.2021 00:46:19.469,1.17106,1.1710200000000002,0.75,1.5
18.08.2021 00:46:20.557,1.17106,1.17104,4.39,0.75
18.08.2021 00:46:24.182,1.17108,1.17104,1.01,0.75
18.08.2021 00:46:24.232,1.17109,1.17106,4.36,0.75
18.08.2021 00:46:24.334,1.1711,1.17106,5.51,0.75
18.08.2021 00:46:24.586,1.17109,1.17106,0.56,0.75
18.08.2021 00:46:24.688,1.17109,1.17107,5.14,0.75
18.08.2021 00:46:26.444,1.17109,1.17106,0.19,0.75
18.08.2021 00:46:29.155,1.1711,1.17106,5.14,0.75
18.08.2021 00:46:30.969,1.1711200000000002,1.17108,2.14,0.75
18.08.2021 00:46:31.070,1.17114,1.1711,4.01,0.75
18.08.2021 00:46:42.001,1.17113,1.1711,0.1,0.75
18.08.2021 00:46:45.213,1.17113,1.17109,1.01,0.75
18.08.2021 00:46:46.070,1.17111,1.17107,0.82,6.67
18.08.2021 00:46:47.271,1.17109,1.17107,0.75,3.73
18.08.2021 00:47:00.630,1.17109,1.1710500000000001,0.75,1.5
18.08.2021 00:47:02.551,1.17108,1.17104,0.82,1.5
18.08.2021 00:47:35.156,1.17109,1.1710500000000001,3.75,1.69
18.08.2021 00:47:39.349,1.1711,1.17106,0.75,4.74
18.08.2021 00:47:39.451,1.17111,1.17107,0.75,1.5
18.08.2021 00:47:39.552,1.1711200000000002,1.17107,5.02,2.44
18.08.2021 00:48:14.204,1.17111,1.17107,0.75,1.5
18.08.2021 00:48:15.702,1.17109,1.17106,0.75,4.72
18.08.2021 00:48:15.804,1.17109,1.1710500000000001,0.75,4.18
18.08.2021 00:48:15.906,1.17108,1.17104,0.75,2.25
18.08.2021 00:48:26.498,1.17109,1.17104,0.82,1.5
18.08.2021 00:48:27.571,1.17108,1.17104,0.75,2.98
18.08.2021 00:49:00.211,1.17109,1.17104,3.82,1.5
18.08.2021 00:49:00.432,1.17109,1.1710500000000001,0.82,0.75
18.08.2021 00:49:05.099,1.17111,1.17106,2.02,1.5
18.08.2021 00:49:05.923,1.1711,1.17106,0.1,0.75
18.08.2021 00:49:06.801,1.1711,1.1710500000000001,0.82,3.92
18.08.2021 00:49:29.179,1.17109,1.17106,0.1,0.75
18.08.2021 00:49:30.310,1.17109,1.1710500000000001,0.1,0.75
18.08.2021 00:49:33.162,1.17109,1.17104,8.48,1.5
18.08.2021 00:49:59.843,1.17109,1.1710500000000001,0.82,1.5
18.08.2021 00:50:00.147,1.17109,1.17106,0.1,0.75
18.08.2021 00:50:05.085,1.1711,1.17106,1.95,0.75
18.08.2021 00:50:12.970,1.17109,1.17106,0.1,0.75
18.08.2021 00:50:18.938,1.17109,1.1710500000000001,0.52,0.75
18.08.2021 00:50:38.544,1.17107,1.17103,1.57,6.67
18.08.2021 00:50:38.646,1.17106,1.17103,0.75,0.45
18.08.2021 00:50:38.747,1.17106,1.1710200000000002,3.75,1.5
18.08.2021 00:50:38.899,1.1710500000000001,1.17101,0.75,2.61
18.08.2021 00:50:39.102,1.17104,1.171,0.82,1.2
18.08.2021 00:50:42.186,1.1710500000000001,1.171,0.82,1.31
18.08.2021 00:50:47.490,1.1710500000000001,1.17101,0.82,0.75
18.08.2021 00:50:49.240,1.17104,1.17101,0.1,0.75
18.08.2021 00:50:51.911,1.17104,1.171,0.75,2.44
18.08.2021 00:50:55.873,1.1710500000000001,1.171,4.2,2.81
18.08.2021 00:51:06.507,1.17103,1.17101,0.75,1.69
18.08.2021 00:51:11.742,1.17106,1.1710200000000002,2.14,0.75
18.08.2021 00:51:12.883,1.17107,1.17103,1.2,0.75
18.08.2021 00:51:13.556,1.17108,1.17104,0.75,0.75
18.08.2021 00:51:28.834,1.1711,1.17106,4.73,4.2
18.08.2021 00:51:28.935,1.1711,1.17107,0.45,1.69
18.08.2021 00:51:28.987,1.1711200000000002,1.17108,0.75,4.67
18.08.2021 00:51:29.089,1.1711200000000002,1.1711,0.75,2.23
18.08.2021 00:51:30.032,1.17114,1.17109,0.82,7.7
18.08.2021 00:51:47.109,1.1711,1.17109,1.95,4.72
18.08.2021 00:51:47.211,1.17111,1.17107,0.82,1.95
18.08.2021 00:51:47.619,1.17111,1.17108,0.75,0.75
18.08.2021 00:51:48.145,1.1711200000000002,1.17108,0.75,1.5
18.08.2021 00:52:00.133,1.17113,1.1711,0.1,0.75
18.08.2021 00:52:00.235,1.17114,1.17111,0.82,0.75
18.08.2021 00:52:00.336,1.1711500000000001,1.17111,2.4,0.75
18.08.2021 00:52:03.220,1.17113,1.17111,0.75,0.75
18.08.2021 00:52:03.271,1.17111,1.17109,1.57,1.2
18.08.2021 00:52:03.322,1.1711,1.17106,0.75,10.48
18.08.2021 00:52:03.423,1.17109,1.17106,0.45,9
18.08.2021 00:52:03.525,1.17108,1.17104,0.75,2.98
18.08.2021 00:52:08.430,1.17109,1.1710500000000001,6.23,0.75
18.08.2021 00:52:08.532,1.17107,1.17106,0.75,0.75
18.08.2021 00:52:10.706,1.17108,1.17104,4.95,0.75
18.08.2021 00:52:15.679,1.17108,1.1710500000000001,0.75,0.75
18.08.2021 00:52:15.781,1.17109,1.1710500000000001,1.57,0.75
18.08.2021 00:52:16.570,1.17108,1.1710500000000001,0.75,0.75
18.08.2021 00:52:17.320,1.17108,1.17104,1.5,2.31
18.08.2021 00:52:19.598,1.17106,1.17104,1.57,0.75
18.08.2021 00:52:19.700,1.17106,1.1710200000000002,0.75,2.02
18.08.2021 00:52:19.801,1.17107,1.1710200000000002,4.95,1.57
18.08.2021 00:52:19.903,1.17106,1.1710200000000002,0.75,1.57
18.08.2021 00:52:20.005,1.17107,1.1710200000000002,6.68,1.57
18.08.2021 00:52:20.107,1.17106,1.1710200000000002,0.75,1.57
18.08.2021 00:52:25.449,1.1710500000000001,1.1710200000000002,0.75,0.75
18.08.2021 00:52:26.056,1.1710500000000001,1.17101,1.5,0.82
18.08.2021 00:52:29.969,1.17103,1.171,0.75,0.75
18.08.2021 00:52:33.702,1.17104,1.171,1.5,0.75
18.08.2021 00:52:33.804,1.1710500000000001,1.17101,6.07,0.75
18.08.2021 00:52:35.160,1.1710500000000001,1.171,6.07,0.75
18.08.2021 00:52:50.499,1.17104,1.1710200000000002,10.06,0.75
18.08.2021 00:52:50.601,1.17104,1.171,0.82,0.75
18.08.2021 00:52:56.989,1.17103,1.171,0.75,0.75
18.08.2021 00:53:10.746,1.17104,1.17101,0.75,0.75
18.08.2021 00:53:14.657,1.1710500000000001,1.1710200000000002,0.75,0.75
18.08.2021 00:53:14.758,1.17106,1.1710200000000002,0.75,1.57
18.08.2021 00:53:14.859,1.17106,1.17103,0.75,0.75
18.08.2021 00:53:15.264,1.1710500000000001,1.1710200000000002,0.1,0.94
18.08.2021 00:53:15.365,1.1710500000000001,1.17101,1.01,1.2
18.08.2021 00:53:15.517,1.1710500000000001,1.1710200000000002,1.2,1.5
18.08.2021 00:53:15.619,1.1710500000000001,1.17103,0.45,1.12
18.08.2021 00:53:15.670,1.17107,1.17103,0.75,1.2
18.08.2021 00:53:16.276,1.17107,1.17104,0.75,0.75
18.08.2021 00:53:18.113,1.17107,1.17103,1.5,0.82
18.08.2021 00:53:19.035,1.17107,1.17104,0.75,0.75
18.08.2021 00:53:19.587,1.17107,1.17103,0.75,0.82
18.08.2021 00:53:30.489,1.17106,1.17103,0.45,0.75
18.08.2021 00:53:30.540,1.1710500000000001,1.17101,1.57,1.2
18.08.2021 00:53:30.845,1.1710500000000001,1.171,4.95,0.82
18.08.2021 00:53:30.947,1.17104,1.171,4.66,0.82
18.08.2021 00:53:37.678,1.17103,1.171,0.75,0.75
18.08.2021 00:53:59.954,1.17103,1.17101,2.02,0.75
18.08.2021 00:54:00.849,1.17103,1.171,1.2,0.75
18.08.2021 00:54:00.950,1.17103,1.17099,6.23,0.75
18.08.2021 00:54:14.647,1.17104,1.171,7.06,0.75
18.08.2021 00:54:15.942,1.17103,1.171,0.75,0.82
18.08.2021 00:54:16.043,1.17103,1.17099,1.5,2.02
18.08.2021 00:54:18.536,1.17103,1.17101,1.57,0.75
18.08.2021 00:54:23.052,1.17104,1.17099,7.99,1.57
18.08.2021 00:54:23.372,1.17103,1.17099,0.37,1.57
18.08.2021 00:54:24.629,1.17103,1.171,0.37,0.75
18.08.2021 00:54:25.709,1.17103,1.17099,0.37,1.57
18.08.2021 00:54:26.759,1.17104,1.171,6.04,0.75
18.08.2021 00:54:31.522,1.17103,1.171,0.37,0.75
18.08.2021 00:54:33.564,1.17103,1.17099,1.57,1.5
18.08.2021 00:54:36.492,1.171,1.17097,1.5,1.2
18.08.2021 00:54:36.697,1.171,1.17096,2.51,0.75
18.08.2021 00:54:37.187,1.17101,1.17097,0.94,1.57
18.08.2021 00:54:37.871,1.17101,1.17098,0.75,1.93
18.08.2021 00:54:38.307,1.1710200000000002,1.17098,0.19,2.68
18.08.2021 00:54:38.512,1.17103,1.17098,1.76,2.68
18.08.2021 00:54:39.834,1.171,1.17096,0.82,7.42
18.08.2021 00:54:40.037,1.171,1.17098,4.95,0.75
18.08.2021 00:54:40.139,1.171,1.17099,3.75,0.45
18.08.2021 00:54:41.005,1.171,1.17097,0.75,1.2
18.08.2021 00:54:41.208,1.171,1.17096,2.32,0.75
18.08.2021 00:54:45.838,1.17099,1.17096,3.94,0.75
18.08.2021 00:54:50.011,1.17099,1.1709500000000002,0.94,0.82
18.08.2021 00:54:50.113,1.171,1.17096,3.82,1.31
18.08.2021 00:54:50.214,1.17101,1.17097,4.76,0.75
18.08.2021 00:54:50.518,1.17099,1.17097,4.76,0.75
18.08.2021 00:54:53.116,1.171,1.1709500000000002,1.01,3.81
18.08.2021 00:54:54.944,1.171,1.17096,4.01,0.75
18.08.2021 00:54:55.307,1.17099,1.17096,0.19,0.75
18.08.2021 00:55:00.245,1.171,1.17096,4.01,0.75
18.08.2021 00:55:00.347,1.17101,1.17096,5.89,2.25
18.08.2021 00:55:00.448,1.171,1.17096,3.94,1.5
18.08.2021 00:55:01.106,1.17099,1.17096,0.26,0.75
18.08.2021 00:55:01.620,1.171,1.17096,5.14,0.75
18.08.2021 00:55:02.963,1.171,1.17097,0.19,0.75
18.08.2021 00:55:05.018,1.17101,1.17097,0.82,0.75
18.08.2021 00:55:05.613,1.1710200000000002,1.17098,5.03,1.2
18.08.2021 00:55:05.714,1.17103,1.17099,1.76,0.75
18.08.2021 00:55:09.724,1.17106,1.17103,4.28,1.87
18.08.2021 00:55:09.826,1.17108,1.17104,2.02,0.75
18.08.2021 00:55:11.161,1.17107,1.17103,0.82,5.47
18.08.2021 00:55:14.285,1.17108,1.17104,6.87,0.75
18.08.2021 00:55:14.387,1.17108,1.1710500000000001,1.46,0.75
18.08.2021 00:55:15.276,1.17108,1.17104,1.76,0.75
18.08.2021 00:55:15.555,1.17109,1.1710500000000001,6.87,0.75
18.08.2021 00:55:18.826,1.17108,1.1710500000000001,0.19,0.75
18.08.2021 00:55:18.964,1.17109,1.1710500000000001,1.01,0.75
18.08.2021 00:55:23.459,1.1711,1.17106,2.14,0.75
18.08.2021 00:55:23.611,1.17111,1.17107,1.46,0.75
18.08.2021 00:55:23.914,1.1711200000000002,1.17109,0.45,0.75
18.08.2021 00:55:24.016,1.17113,1.17109,0.82,0.75
18.08.2021 00:55:25.644,1.1711,1.17109,0.94,1.2
18.08.2021 00:55:25.695,1.17111,1.17107,1.01,1.2
18.08.2021 00:55:26.200,1.1711200000000002,1.17108,0.19,1.87
18.08.2021 00:55:26.402,1.17113,1.17108,1.01,4.18
18.08.2021 00:55:36.859,1.1711200000000002,1.17108,0.75,5.38
18.08.2021 00:55:44.190,1.17113,1.17109,0.75,0.75
18.08.2021 00:55:45.214,1.17114,1.17109,1.39,2.98
18.08.2021 00:55:45.316,1.17114,1.1711,0.82,0.75
18.08.2021 00:55:50.605,1.17114,1.17109,0.82,3.36
18.08.2021 00:55:51.699,1.17114,1.1711,0.1,0.75
18.08.2021 00:56:08.764,1.17114,1.17111,3.07,0.75
18.08.2021 00:56:22.294,1.1711500000000001,1.17111,1.2,0.75
18.08.2021 00:56:22.395,1.1711500000000001,1.1711200000000002,3.82,0.75
18.08.2021 00:56:22.446,1.1711600000000002,1.17114,5.11,2.14
18.08.2021 00:56:22.548,1.17117,1.17113,0.75,2.14
18.08.2021 00:56:22.649,1.1711799999999999,1.17114,0.82,0.75
18.08.2021 00:56:26.553,1.1711799999999999,1.1711600000000002,1.01,0.75
18.08.2021 00:56:52.957,1.1711500000000001,1.1711200000000002,0.75,3.43
18.08.2021 00:56:53.160,1.17114,1.1711200000000002,1.01,0.75
18.08.2021 00:56:57.094,1.17113,1.1711200000000002,0.26,0.75
18.08.2021 00:56:58.224,1.17114,1.1711,4.46,0.75
18.08.2021 00:57:07.947,1.1711500000000001,1.1711,1.39,1.5
18.08.2021 00:57:09.318,1.17114,1.1711,0.1,0.75
18.08.2021 00:57:19.090,1.17114,1.17111,0.26,0.75
18.08.2021 00:57:20.310,1.1711500000000001,1.17113,0.45,0.37
18.08.2021 00:57:20.513,1.1711600000000002,1.17113,0.19,0.75
18.08.2021 00:57:20.716,1.17117,1.17113,0.75,1.87
18.08.2021 00:57:24.981,1.1711600000000002,1.17113,1.69,1.5
18.08.2021 00:57:25.083,1.1711500000000001,1.1711200000000002,0.94,0.75
18.08.2021 00:57:25.185,1.1711600000000002,1.1711200000000002,2.14,1.5
18.08.2021 00:57:30.117,1.1711600000000002,1.17114,2.14,1.12
18.08.2021 00:57:30.218,1.17117,1.17114,1.39,0.75
18.08.2021 00:57:30.319,1.1711600000000002,1.17114,1.69,0.75
18.08.2021 00:57:32.671,1.1711500000000001,1.17114,0.94,0.75
18.08.2021 00:57:32.773,1.1711600000000002,1.1711200000000002,1.69,0.75
18.08.2021 00:57:42.020,1.17117,1.17114,0.19,0.75
18.08.2021 00:57:42.121,1.17117,1.1711500000000001,4.84,0.75
18.08.2021 00:57:42.324,1.1711799999999999,1.1711500000000001,0.56,0.75
18.08.2021 00:57:44.610,1.17119,1.1711500000000001,5.29,0.75
18.08.2021 00:57:46.508,1.17119,1.1711600000000002,0.26,0.75
18.08.2021 00:57:56.295,1.1712,1.1711600000000002,6.64,0.75
18.08.2021 00:57:56.397,1.17119,1.1711600000000002,0.1,0.75
18.08.2021 00:57:56.652,1.17119,1.1711500000000001,0.1,0.75
18.08.2021 00:58:01.645,1.17119,1.17117,5.25,0.19
18.08.2021 00:58:01.748,1.17121,1.1711799999999999,1.2,0.45
18.08.2021 00:58:01.850,1.1712200000000001,1.1712,0.82,1.2
18.08.2021 00:58:01.953,1.1712200000000001,1.17119,0.1,1.12
18.08.2021 00:58:02.004,1.17124,1.1712,5.4,0.75
18.08.2021 00:58:03.153,1.1712200000000001,1.17119,0.1,0.75
18.08.2021 00:58:03.255,1.17123,1.17119,0.75,0.75
18.08.2021 00:58:06.833,1.17124,1.1712,0.82,0.75
18.08.2021 00:58:08.198,1.1712500000000001,1.1712200000000001,0.1,1.5
18.08.2021 00:58:22.183,1.1712500000000001,1.17121,1.57,0.82
18.08.2021 00:58:24.387,1.17124,1.17121,0.45,0.75
18.08.2021 00:58:27.938,1.17123,1.17121,6.15,0.75
18.08.2021 00:58:34.140,1.1712,1.1711799999999999,0.1,4.72
18.08.2021 00:58:34.242,1.1712,1.17117,1.57,1.2
18.08.2021 00:58:34.344,1.1712,1.1711600000000002,1.57,0.82
18.08.2021 00:58:37.295,1.1712,1.17117,0.75,0.82
18.08.2021 00:58:37.447,1.1712,1.1711799999999999,0.82,1.57
18.08.2021 00:58:43.933,1.17121,1.1711799999999999,0.75,0.1
18.08.2021 00:58:44.035,1.1712200000000001,1.1711799999999999,0.82,1.2
18.08.2021 00:58:47.944,1.1712200000000001,1.17119,0.1,0.75
18.08.2021 00:58:50.612,1.17123,1.17119,0.75,0.75
18.08.2021 00:58:53.566,1.17121,1.17119,0.75,2.14
18.08.2021 00:59:02.808,1.17121,1.17117,0.75,5.01
18.08.2021 00:59:41.699,1.17121,1.17119,1.27,0.75
18.08.2021 00:59:46.001,1.17123,1.17119,1.5,2.42
18.08.2021 00:59:46.103,1.17124,1.1712,1.95,0.75
18.08.2021 01:00:00.223,1.17123,1.1712,1.57,0.19
18.08.2021 01:00:00.274,1.1712200000000001,1.1711799999999999,0.75,7.12
18.08.2021 01:00:00.326,1.1712,1.1711799999999999,0.75,1.2
18.08.2021 01:00:00.427,1.1712,1.17117,1.5,0.75
18.08.2021 01:00:00.529,1.17121,1.17117,1.5,1.5
18.08.2021 01:00:01.178,1.1712200000000001,1.1711799999999999,0.75,1.12
18.08.2021 01:00:01.482,1.17123,1.17119,0.75,2.23
18.08.2021 01:00:06.012,1.17124,1.17119,1.57,0.75
18.08.2021 01:00:06.478,1.17123,1.17119,0.75,0.75
18.08.2021 01:00:06.831,1.1712200000000001,1.17119,0.82,0.75
18.08.2021 01:00:06.933,1.1712200000000001,1.1711799999999999,1.57,1.2
18.08.2021 01:00:07.034,1.1712200000000001,1.17119,0.75,0.82
18.08.2021 01:00:08.315,1.17123,1.17119,0.82,2.31
18.08.2021 01:00:08.517,1.17124,1.1712,1.5,0.75
18.08.2021 01:00:12.553,1.17123,1.1712,0.1,0.75
18.08.2021 01:00:15.928,1.1712200000000001,1.1711799999999999,1.76,1.12
18.08.2021 01:00:17.021,1.1712,1.17117,0.37,0.75
18.08.2021 01:00:17.123,1.1711799999999999,1.1711600000000002,0.75,0.75
18.08.2021 01:00:17.224,1.17117,1.1711600000000002,0.75,0.75
18.08.2021 01:00:19.354,1.1711799999999999,1.1711600000000002,0.82,0.75
18.08.2021 01:00:24.544,1.17119,1.17114,1.76,2.68
18.08.2021 01:00:25.970,1.17119,1.1711500000000001,1.69,0.82
18.08.2021 01:00:27.829,1.17117,1.1711500000000001,0.75,1.95
18.08.2021 01:00:28.796,1.17117,1.17114,0.75,0.82
18.08.2021 01:00:29.251,1.17117,1.17113,0.75,3.06
18.08.2021 01:00:29.454,1.1711799999999999,1.17113,4.57,1.95
18.08.2021 01:00:31.264,1.17117,1.17113,0.75,1.2
18.08.2021 01:00:31.366,1.1711600000000002,1.1711200000000002,0.75,2.32
18.08.2021 01:00:31.467,1.17114,1.17111,0.75,0.1
18.08.2021 01:00:31.569,1.17114,1.1711,0.75,4.26
18.08.2021 01:00:36.023,1.17111,1.17108,0.75,2.4
18.08.2021 01:00:36.125,1.1711,1.17108,0.75,3.07
18.08.2021 01:00:36.904,1.1711,1.17107,0.75,1.57
18.08.2021 01:00:37.486,1.17111,1.17107,0.75,5.49
18.08.2021 01:00:37.587,1.1711200000000002,1.17108,0.75,3.99
18.08.2021 01:00:38.151,1.1711200000000002,1.17109,0.75,1.57
18.08.2021 01:00:38.253,1.17113,1.1711,0.75,0.82
18.08.2021 01:00:38.785,1.17113,1.17111,1.5,0.82
18.08.2021 01:00:41.416,1.17113,1.17109,1.57,0.75
18.08.2021 01:00:45.811,1.17114,1.1711,0.94,0.82
18.08.2021 01:00:53.606,1.1711500000000001,1.17111,0.75,0.82
18.08.2021 01:00:54.062,1.17114,1.17113,0.75,0.1
18.08.2021 01:00:54.163,1.1711500000000001,1.17111,0.75,0.82
18.08.2021 01:00:55.368,1.17114,1.17113,0.75,0.75
18.08.2021 01:00:55.419,1.17117,1.17113,0.94,1.2
18.08.2021 01:00:55.621,1.1711799999999999,1.17114,0.75,0.82
18.08.2021 01:00:55.932,1.17117,1.17113,0.82,0.75
18.08.2021 01:00:56.041,1.1711600000000002,1.1711200000000002,0.75,2.31
18.08.2021 01:00:57.306,1.17117,1.17113,0.82,0.75
18.08.2021 01:00:59.128,1.1711500000000001,1.17113,0.75,3.45
18.08.2021 01:00:59.395,1.17117,1.17113,0.75,1.95
18.08.2021 01:00:59.683,1.17117,1.17114,0.75,0.1
18.08.2021 01:01:02.478,1.1711799999999999,1.17114,0.75,0.82
18.08.2021 01:01:03.147,1.1711799999999999,1.1711500000000001,0.75,0.1
18.08.2021 01:01:08.152,1.1711799999999999,1.17114,0.94,0.82
18.08.2021 01:01:09.339,1.1711799999999999,1.1711500000000001,0.75,0.1
18.08.2021 01:01:15.021,1.1711600000000002,1.17114,1.69,2.31
18.08.2021 01:01:15.073,1.1711500000000001,1.1711200000000002,0.75,5.92
18.08.2021 01:01:15.224,1.1711500000000001,1.17111,0.75,0.82
18.08.2021 01:01:22.064,1.17114,1.17111,0.75,0.1
18.08.2021 01:01:23.375,1.17114,1.17113,0.75,0.1
18.08.2021 01:01:23.479,1.1711600000000002,1.17113,0.75,0.1
18.08.2021 01:01:23.682,1.17117,1.17113,1.12,0.82
18.08.2021 01:01:23.834,1.17117,1.17114,1.12,0.1
18.08.2021 01:01:24.191,1.17119,1.1711500000000001,6.98,0.82
18.08.2021 01:01:30.396,1.1711799999999999,1.17117,0.75,0.1
18.08.2021 01:01:35.125,1.1711799999999999,1.1711500000000001,0.75,0.82
18.08.2021 01:01:35.226,1.17119,1.1711500000000001,1.76,0.75
18.08.2021 01:01:40.662,1.1712,1.1711600000000002,4.69,0.1
18.08.2021 01:01:56.082,1.17119,1.1711600000000002,0.75,0.1
18.08.2021 01:01:56.183,1.17119,1.1711500000000001,0.75,1.57
18.08.2021 01:01:56.819,1.17119,1.1711600000000002,0.75,0.1
18.08.2021 01:01:56.935,1.17119,1.1711500000000001,0.75,1.57
18.08.2021 01:01:58.535,1.1712,1.1711600000000002,4.69,0.82
18.08.2021 01:02:02.700,1.1712,1.17117,0.75,0.1
18.08.2021 01:02:06.713,1.17121,1.17117,0.94,0.82
18.08.2021 01:02:08.216,1.17119,1.17117,0.75,1.57
18.08.2021 01:02:10.450,1.17119,1.1711600000000002,0.75,0.1
18.08.2021 01:02:10.551,1.17119,1.1711500000000001,0.75,0.82
18.08.2021 01:02:12.998,1.17119,1.1711600000000002,0.75,0.1
18.08.2021 01:02:14.266,1.17119,1.1711500000000001,0.75,0.82
18.08.2021 01:02:29.466,1.17117,1.17114,0.19,0.1
18.08.2021 01:02:29.668,1.17117,1.1711500000000001,1.39,0.82
18.08.2021 01:02:31.146,1.17117,1.17113,0.56,1.2
18.08.2021 01:02:31.247,1.1711600000000002,1.1711200000000002,2.06,0.75
18.08.2021 01:02:31.349,1.17114,1.1711200000000002,4.76,0.75
18.08.2021 01:02:31.501,1.17114,1.17111,3,0.75
18.08.2021 01:02:31.864,1.1711500000000001,1.17111,4.76,0.75
18.08.2021 01:02:32.572,1.1711600000000002,1.1711200000000002,0.75,0.75
18.08.2021 01:02:34.226,1.17114,1.17113,0.19,0.75
18.08.2021 01:02:35.194,1.1711600000000002,1.1711200000000002,1.69,0.75
18.08.2021 01:02:35.548,1.17117,1.17113,0.75,0.75
18.08.2021 01:02:37.151,1.1711600000000002,1.1711200000000002,1.87,1.48
18.08.2021 01:02:37.253,1.1711600000000002,1.17111,1.12,2.31
18.08.2021 01:02:39.697,1.1711799999999999,1.17114,4.95,0.75
18.08.2021 01:02:57.503,1.1711799999999999,1.17113,1.69,3.81
18.08.2021 01:02:57.604,1.1711500000000001,1.1711200000000002,0.75,1.2
18.08.2021 01:02:57.705,1.1711500000000001,1.17111,0.75,1.5
18.08.2021 01:03:00.761,1.1711500000000001,1.1711,0.75,2.32
18.08.2021 01:03:03.238,1.1711500000000001,1.17111,1.12,0.75
18.08.2021 01:03:03.339,1.17114,1.17111,0.19,0.75
18.08.2021 01:03:06.826,1.1711500000000001,1.17111,4.76,0.75
18.08.2021 01:03:06.927,1.1711500000000001,1.1711,1.31,1.57
18.08.2021 01:03:12.035,1.17117,1.17113,10.36,1.2
18.08.2021 01:03:12.137,1.17117,1.1711500000000001,0.45,0.75
18.08.2021 01:03:12.239,1.17119,1.1711500000000001,9,0.75
18.08.2021 01:03:15.944,1.1712,1.1711500000000001,1.87,0.82
18.08.2021 01:03:21.837,1.17119,1.1711500000000001,0.75,0.75
18.08.2021 01:03:22.343,1.17117,1.17114,0.75,0.82
18.08.2021 01:03:28.053,1.17117,1.1711500000000001,0.75,0.82
18.08.2021 01:03:30.896,1.17119,1.1711500000000001,1.5,0.75
18.08.2021 01:03:43.461,1.1711799999999999,1.1711500000000001,0.75,0.82
18.08.2021 01:03:43.562,1.1711799999999999,1.17114,0.75,0.1
18.08.2021 01:03:49.995,1.17119,1.17114,5.02,0.82
18.08.2021 01:03:57.807,1.1711799999999999,1.17114,0.75,0.82
18.08.2021 01:04:00.527,1.1712,1.1711799999999999,0.19,1.12
18.08.2021 01:04:00.629,1.1712,1.1711799999999999,0.45,3.82
18.08.2021 01:04:00.730,1.17123,1.17119,0.75,2.7
18.08.2021 01:04:00.832,1.17124,1.1712,1.2,0.82
18.08.2021 01:04:07.739,1.1712500000000001,1.17121,1.5,0.82
18.08.2021 01:04:07.891,1.17127,1.1712200000000001,2.14,2.32
18.08.2021 01:04:08.144,1.1712600000000002,1.17124,0.75,0.75
18.08.2021 01:04:08.245,1.1712799999999999,1.17123,0.94,3.81
18.08.2021 01:04:08.498,1.1712799999999999,1.17124,0.94,0.82
18.08.2021 01:04:20.299,1.1712799999999999,1.17123,0.75,5.94
18.08.2021 01:04:21.149,1.1712799999999999,1.17124,0.75,0.75
18.08.2021 01:04:24.160,1.17127,1.17124,1.12,0.75
18.08.2021 01:04:24.211,1.1712500000000001,1.1712200000000001,0.75,1.27
18.08.2021 01:04:24.363,1.1712500000000001,1.17121,0.75,0.26
18.08.2021 01:04:24.465,1.17127,1.17124,0.45,0.82
18.08.2021 01:04:24.566,1.1712799999999999,1.17124,0.75,0.82
18.08.2021 01:04:29.619,1.1712600000000002,1.17124,0.75,0.75
18.08.2021 01:04:29.669,1.17127,1.1712200000000001,0.75,6.74
18.08.2021 01:04:29.720,1.1712500000000001,1.1712200000000001,0.75,1.2
18.08.2021 01:04:29.822,1.1712500000000001,1.17121,0.75,0.94
18.08.2021 01:04:29.923,1.1712500000000001,1.1712,0.75,6.69
18.08.2021 01:04:30.024,1.1712500000000001,1.17121,0.75,0.1
18.08.2021 01:04:31.549,1.1712500000000001,1.1712,0.75,5.94
18.08.2021 01:04:35.258,1.17124,1.1712,0.75,0.75
18.08.2021 01:04:38.810,1.1712600000000002,1.17123,0.45,1.2
18.08.2021 01:04:39.013,1.1712799999999999,1.17123,0.75,3.99
18.08.2021 01:04:41.843,1.1712799999999999,1.17124,0.75,0.1
18.08.2021 01:04:45.795,1.1712799999999999,1.17123,1.12,3.06
18.08.2021 01:04:46.734,1.17127,1.17123,0.75,1.57
18.08.2021 01:04:46.835,1.1712799999999999,1.17124,0.75,0.75
18.08.2021 01:04:48.765,1.17129,1.1712500000000001,0.75,0.75
18.08.2021 01:04:52.321,1.1713,1.1712600000000002,0.75,0.19
18.08.2021 01:04:52.866,1.17133,1.1712799999999999,13.92,0.82
18.08.2021 01:04:53.018,1.17133,1.17129,1.57,0.82
18.08.2021 01:04:53.957,1.17134,1.17129,1.5,1.01
18.08.2021 01:04:54.059,1.17134,1.1713,0.75,0.82
18.08.2021 01:05:01.969,1.17133,1.17129,0.75,1.01
18.08.2021 01:05:09.841,1.17134,1.1713,1.27,0.75
18.08.2021 01:05:09.998,1.1713500000000001,1.1713,5.77,1.01
18.08.2021 01:05:10.949,1.17134,1.1713,0.1,0.75
18.08.2021 01:05:12.963,1.1713500000000001,1.1713,5.4,1.01
18.08.2021 01:05:21.073,1.17134,1.1713,0.52,0.75
18.08.2021 01:05:33.525,1.1713500000000001,1.1713,4.2,1.01
18.08.2021 01:05:42.029,1.17134,1.1713200000000001,4.2,0.19
18.08.2021 01:05:42.131,1.1713600000000002,1.17131,2.7,3.24
18.08.2021 01:05:42.234,1.1713600000000002,1.1713200000000001,0.75,1.01
18.08.2021 01:05:42.634,1.17137,1.17133,0.82,0.75
18.08.2021 01:05:42.736,1.17137,1.1713200000000001,0.82,2.49
18.08.2021 01:05:42.839,1.17137,1.17133,1.2,0.75
18.08.2021 01:05:42.941,1.1713600000000002,1.17133,0.82,2.49
18.08.2021 01:05:43.196,1.1713600000000002,1.1713200000000001,0.75,2.49
18.08.2021 01:05:47.754,1.17138,1.17133,2.32,2.49
18.08.2021 01:05:47.856,1.17138,1.17134,2.25,0.1
18.08.2021 01:05:47.959,1.17138,1.17133,2.32,3.69
18.08.2021 01:05:52.014,1.17138,1.17134,1.57,0.75
18.08.2021 01:06:06.902,1.17137,1.17133,0.1,2.61
18.08.2021 01:06:06.953,1.1713500000000001,1.1713200000000001,0.75,5.92
18.08.2021 01:06:07.054,1.1713500000000001,1.17131,0.82,2.98
18.08.2021 01:06:20.051,1.17134,1.17131,0.1,0.75
18.08.2021 01:06:32.539,1.17134,1.1713,0.82,0.75
18.08.2021 01:06:33.643,1.1713500000000001,1.17131,4.2,0.75
18.08.2021 01:06:36.602,1.17134,1.1713,0.82,0.75
18.08.2021 01:06:48.952,1.17134,1.17131,0.1,0.75
18.08.2021 01:07:01.091,1.17134,1.1713,0.82,0.75
18.08.2021 01:07:01.193,1.17133,1.17129,0.1,1.5
18.08.2021 01:07:03.224,1.17134,1.17129,0.82,2.31
18.08.2021 01:07:09.992,1.17134,1.1713,0.82,0.75
18.08.2021 01:08:06.438,1.1713500000000001,1.1713,5.14,0.82
18.08.2021 01:08:09.775,1.1713600000000002,1.1713200000000001,1.57,1.57
18.08.2021 01:08:09.876,1.1713600000000002,1.17133,0.45,0.75
18.08.2021 01:08:09.978,1.17137,1.17134,1.5,0.75
18.08.2021 01:08:13.081,1.17138,1.17134,0.75,0.82
18.08.2021 01:08:13.182,1.17139,1.1713500000000001,0.45,0.75
18.08.2021 01:08:32.451,1.1714,1.1713500000000001,5.7,0.82
18.08.2021 01:08:33.876,1.1714,1.1713600000000002,0.82,0.75
18.08.2021 01:08:48.584,1.17139,1.1713600000000002,0.1,0.75
18.08.2021 01:09:02.705,1.17139,1.1713500000000001,0.1,0.75
18.08.2021 01:09:03.193,1.17137,1.17133,2.14,5.47
18.08.2021 01:09:04.474,1.17138,1.17134,0.75,0.75
18.08.2021 01:09:06.886,1.17139,1.1713500000000001,5.14,0.75
18.08.2021 01:09:22.454,1.17138,1.1713500000000001,0.26,0.75
18.08.2021 01:09:27.355,1.17138,1.17134,0.75,0.75
18.08.2021 01:09:28.942,1.17138,1.1713600000000002,4.76,0.75
18.08.2021 01:09:38.018,1.17138,1.17134,0.75,0.75
18.08.2021 01:09:39.857,1.1713600000000002,1.17133,0.75,1.39
18.08.2021 01:09:39.958,1.1713500000000001,1.17133,0.75,1.2
18.08.2021 01:09:40.060,1.1713500000000001,1.17131,3.75,0.75
18.08.2021 01:09:51.376,1.17133,1.17131,0.75,0.94
18.08.2021 01:09:51.579,1.17133,1.1713,0.37,0.75
18.08.2021 01:09:52.404,1.17131,1.17127,1.57,5.54
18.08.2021 01:09:52.870,1.1713,1.17127,0.75,0.1
18.08.2021 01:09:52.972,1.1713,1.1712600000000002,0.82,2.31
18.08.2021 01:09:53.409,1.1713,1.1712799999999999,3.07,0.82
18.08.2021 01:09:53.511,1.1713,1.17129,0.75,0.26
18.08.2021 01:09:53.612,1.1713200000000001,1.17129,0.45,0.75
18.08.2021 01:09:53.715,1.17133,1.17129,3.15,0.82
18.08.2021 01:09:54.810,1.17131,1.17127,3.45,0.82
18.08.2021 01:09:54.913,1.17131,1.1712600000000002,4.57,3.43
18.08.2021 01:09:55.015,1.1713,1.1712600000000002,0.75,2.23
18.08.2021 01:10:00.295,1.17129,1.1712500000000001,0.82,3.24
18.08.2021 01:10:00.396,1.1712799999999999,1.17124,0.82,7.77
18.08.2021 01:10:18.186,1.17129,1.1712500000000001,0.75,0.75
18.08.2021 01:10:18.288,1.17129,1.1712600000000002,3.52,3.17
18.08.2021 01:10:20.109,1.1713,1.1712600000000002,0.82,0.82
18.08.2021 01:10:26.334,1.17129,1.1712500000000001,0.75,2.42
18.08.2021 01:10:48.240,1.1713,1.1712600000000002,1.57,0.75
18.08.2021 01:10:50.418,1.1713,1.1712500000000001,2.14,2.23
18.08.2021 01:11:00.463,1.1713,1.17127,0.94,0.82
18.08.2021 01:11:00.565,1.17131,1.17127,0.82,1.57
18.08.2021 01:11:01.229,1.1713200000000001,1.1712799999999999,2.7,1.2
18.08.2021 01:11:06.942,1.17131,1.17127,0.82,2.31
18.08.2021 01:11:15.038,1.1713200000000001,1.1712799999999999,0.1,1.2
18.08.2021 01:11:15.139,1.17133,1.17129,0.75,0.75
18.08.2021 01:11:15.493,1.17133,1.1713,0.75,0.1
18.08.2021 01:11:18.948,1.17134,1.1713,0.82,0.82
18.08.2021 01:11:32.865,1.1713500000000001,1.17133,1.5,2.81
18.08.2021 01:11:32.967,1.17137,1.17133,6.23,2.61
18.08.2021 01:11:33.068,1.17139,1.17134,14.29,0.75
18.08.2021 01:11:39.141,1.17137,1.17134,0.75,0.75
18.08.2021 01:11:39.243,1.1713500000000001,1.17133,1.5,3.45
18.08.2021 01:11:39.395,1.1713600000000002,1.17133,1.12,0.75
18.08.2021 01:11:39.446,1.1713500000000001,1.17131,0.75,2.02
18.08.2021 01:11:39.547,1.1713600000000002,1.1713200000000001,5.11,0.75
18.08.2021 01:11:39.649,1.1713600000000002,1.17131,8.03,2.31
18.08.2021 01:11:39.750,1.17134,1.1713200000000001,0.75,2.23
18.08.2021 01:11:43.198,1.17134,1.17131,0.75,0.75
18.08.2021 01:11:43.700,1.17134,1.1713,3.75,0.75
18.08.2021 01:11:45.471,1.17134,1.17131,0.75,1.48
18.08.2021 01:11:45.628,1.17134,1.1713,0.75,2.44
18.08.2021 01:11:45.831,1.17134,1.17131,0.75,0.75
18.08.2021 01:11:51.549,1.17134,1.1713,4.5,1.69
18.08.2021 01:11:51.751,1.17134,1.17129,4.27,0.75
18.08.2021 01:11:51.853,1.17133,1.17129,3,0.75
18.08.2021 01:11:55.284,1.17134,1.17129,3.75,1.57
18.08.2021 01:11:55.976,1.17134,1.1713,3.75,0.75
18.08.2021 01:11:58.389,1.1713500000000001,1.17131,5.25,0.75
18.08.2021 01:11:58.744,1.17134,1.17131,0.75,0.75
18.08.2021 01:11:58.846,1.17134,1.1713,1.31,0.75
18.08.2021 01:12:03.045,1.17133,1.17129,3.75,0.75
18.08.2021 01:12:08.993,1.17134,1.1713,1.57,0.75
18.08.2021 01:12:28.791,1.17134,1.17129,3.64,0.75
18.08.2021 01:12:32.157,1.17134,1.1713,3.56,0.75
18.08.2021 01:12:55.711,1.17134,1.17131,3,0.75
18.08.2021 01:13:03.785,1.17134,1.1713,4.01,0.75
18.08.2021 01:13:03.988,1.17133,1.1713,0.37,0.75
18.08.2021 01:13:04.414,1.17134,1.1713,4.39,0.75
18.08.2021 01:13:18.735,1.17134,1.17129,4.39,0.75
18.08.2021 01:13:41.077,1.17133,1.17129,0.1,1.2
18.08.2021 01:14:00.086,1.1713,1.17127,0.82,5.92
18.08.2021 01:14:00.238,1.17129,1.17127,0.1,1.2
18.08.2021 01:14:00.339,1.17129,1.1712600000000002,0.1,0.75
18.08.2021 01:14:00.542,1.17129,1.1712500000000001,0.82,1.2
18.08.2021 01:14:15.653,1.1713,1.1712500000000001,7.2,0.75
18.08.2021 01:14:17.055,1.17129,1.1712500000000001,3,0.75
18.08.2021 01:14:21.617,1.1712799999999999,1.17124,0.1,1.2
18.08.2021 01:14:31.265,1.1712799999999999,1.1712500000000001,4.57,0.75
18.08.2021 01:14:36.617,1.17129,1.1712500000000001,0.82,0.75
18.08.2021 01:14:36.719,1.1713,1.1712500000000001,6.64,0.75
18.08.2021 01:14:36.821,1.1713,1.1712600000000002,6.64,0.75
18.08.2021 01:14:36.973,1.17131,1.1712799999999999,4.28,0.37
18.08.2021 01:14:37.074,1.1713200000000001,1.17129,3.82,0.75
18.08.2021 01:14:45.318,1.17133,1.17129,0.82,0.75
18.08.2021 01:15:00.576,1.17133,1.17131,3.75,0.75
18.08.2021 01:15:00.627,1.1713600000000002,1.17131,2.81,1.12
18.08.2021 01:15:00.729,1.1713500000000001,1.17131,0.75,0.75
18.08.2021 01:15:01.259,1.1713500000000001,1.1713200000000001,3.75,0.75
18.08.2021 01:15:01.493,1.17137,1.17133,9,1.12
18.08.2021 01:15:01.646,1.17138,1.17134,2.25,0.75
18.08.2021 01:15:01.748,1.17139,1.17134,5.81,0.75
18.08.2021 01:15:02.104,1.17139,1.1713500000000001,1.87,0.75
18.08.2021 01:15:02.561,1.1714,1.1713600000000002,6.56,0.75
18.08.2021 01:15:02.727,1.17139,1.1713600000000002,0.37,0.75
18.08.2021 01:15:03.642,1.1714,1.1713600000000002,3.56,0.75
18.08.2021 01:15:06.644,1.1714,1.1713500000000001,3.94,0.75
18.08.2021 01:15:06.745,1.1713600000000002,1.17133,0.75,1.87
18.08.2021 01:15:06.796,1.17138,1.17134,1.31,0.75
18.08.2021 01:15:06.847,1.1713600000000002,1.17131,2.81,2.23
18.08.2021 01:15:06.948,1.1713600000000002,1.1713200000000001,1.12,0.75
18.08.2021 01:15:07.895,1.1713500000000001,1.17131,0.75,0.75
18.08.2021 01:15:08.351,1.1713600000000002,1.17131,5.32,1.69
18.08.2021 01:15:08.453,1.1713500000000001,1.17133,1.95,0.75
18.08.2021 01:15:09.305,1.17137,1.17133,5.14,1.12
18.08.2021 01:15:09.507,1.17138,1.17133,5.51,1.12
18.08.2021 01:15:11.716,1.17138,1.17134,4.76,0.75
18.08.2021 01:15:23.769,1.17137,1.17133,1.76,0.75
18.08.2021 01:15:23.921,1.17138,1.17134,1.95,0.75
18.08.2021 01:15:24.614,1.17138,1.1713500000000001,0.75,0.75
18.08.2021 01:15:24.772,1.17139,1.1713500000000001,3.82,0.75
18.08.2021 01:15:25.403,1.17139,1.1713600000000002,0.37,0.75
18.08.2021 01:15:25.658,1.1714,1.1713600000000002,2.14,0.75
18.08.2021 01:15:32.454,1.1714,1.17137,0.1,0.75
18.08.2021 01:15:32.505,1.17141,1.17138,2.7,3.37
18.08.2021 01:15:32.607,1.17141,1.17137,1.01,0.75
18.08.2021 01:15:35.710,1.17141,1.17139,0.37,0.75
18.08.2021 01:15:35.812,1.17143,1.17139,1.76,2.23
18.08.2021 01:15:47.322,1.17144,1.1714,0.75,0.75
18.08.2021 01:15:47.425,1.17144,1.1714200000000001,5.96,0.75
18.08.2021 01:15:47.526,1.17144,1.17141,0.1,0.75
18.08.2021 01:15:51.938,1.17144,1.1714,0.82,0.75
18.08.2021 01:15:55.962,1.1714200000000001,1.17138,0.26,0.75
18.08.2021 01:15:56.114,1.17143,1.17138,5.51,1.5
18.08.2021 01:15:56.216,1.1714200000000001,1.17138,4.76,0.75
18.08.2021 01:15:58.597,1.17141,1.17137,2.14,0.75
18.08.2021 01:15:58.699,1.1714,1.1713600000000002,0.75,0.75
18.08.2021 01:16:00.196,1.1714200000000001,1.17138,1.84,0.75
18.08.2021 01:16:00.298,1.17141,1.1714,0.45,0.75
18.08.2021 01:16:00.399,1.17143,1.17139,3.64,0.75
18.08.2021 01:16:00.500,1.1714200000000001,1.17139,0.1,0.75
18.08.2021 01:16:00.704,1.17143,1.17139,2.21,0.75
18.08.2021 01:16:34.131,1.17144,1.1714,5.7,0.75
18.08.2021 01:16:35.571,1.1714600000000002,1.1714200000000001,9.61,4.57
18.08.2021 01:16:35.672,1.1714600000000002,1.17143,4.73,1.12
18.08.2021 01:16:35.774,1.1714700000000002,1.17144,7.5,0.75
18.08.2021 01:16:35.875,1.17148,1.17144,1.01,0.75
18.08.2021 01:16:40.015,1.17145,1.1714200000000001,0.37,1.5
18.08.2021 01:16:40.167,1.17145,1.17141,4.87,0.82
18.08.2021 01:16:44.665,1.17144,1.17141,0.75,0.75
18.08.2021 01:16:44.889,1.17144,1.1714,0.75,2.32
18.08.2021 01:16:46.897,1.17143,1.17139,1.12,0.82
18.08.2021 01:16:46.998,1.17141,1.17137,3.37,1.57
18.08.2021 01:16:47.100,1.1714200000000001,1.17137,2.51,3.06
18.08.2021 01:16:47.412,1.1714200000000001,1.17138,0.75,1.2
18.08.2021 01:16:48.194,1.17143,1.17139,1.12,3.06
18.08.2021 01:16:48.296,1.1714200000000001,1.17139,0.19,0.75
18.08.2021 01:16:48.448,1.1714200000000001,1.17138,1.12,1.87
18.08.2021 01:16:48.549,1.1714200000000001,1.17139,0.75,0.75
18.08.2021 01:16:48.651,1.17143,1.17139,1.12,0.75
18.08.2021 01:16:49.123,1.17143,1.17138,1.12,6.32
18.08.2021 01:16:50.152,1.17143,1.17139,4.2,0.75
18.08.2021 01:16:57.243,1.1714200000000001,1.17139,0.37,0.75
18.08.2021 01:16:58.176,1.17143,1.17139,1.2,0.75
18.08.2021 01:17:00.178,1.17143,1.17138,5.14,2.25
18.08.2021 01:17:00.330,1.1714,1.1713600000000002,1.2,6.67
18.08.2021 01:17:00.432,1.17139,1.1713600000000002,0.64,1.95
18.08.2021 01:17:00.533,1.17139,1.1713500000000001,2.14,0.75
18.08.2021 01:17:00.635,1.17138,1.17134,0.75,1.5
18.08.2021 01:17:00.738,1.17139,1.17134,5.59,1.5
18.08.2021 01:17:01.676,1.17139,1.1713500000000001,1.39,2.98
18.08.2021 01:17:10.284,1.17138,1.17134,0.75,1.5
18.08.2021 01:17:18.138,1.17137,1.17133,0.37,2.62
18.08.2021 01:17:18.341,1.17138,1.17133,1.95,4.11
18.08.2021 01:17:21.896,1.17137,1.17133,0.75,1.5
18.08.2021 01:17:25.811,1.17138,1.17134,3.15,0.75
18.08.2021 01:18:00.556,1.1713600000000002,1.17133,0.37,0.75
18.08.2021 01:18:02.218,1.1713600000000002,1.1713200000000001,1.95,0.75
18.08.2021 01:18:07.634,1.1713500000000001,1.17131,1.5,0.75
18.08.2021 01:18:07.738,1.17134,1.17131,0.56,0.75
18.08.2021 01:18:10.335,1.17133,1.17129,0.94,0.75
18.08.2021 01:18:14.958,1.1713,1.17127,1.12,4.72
18.08.2021 01:18:15.059,1.1713,1.1712600000000002,2.25,4.18
18.08.2021 01:18:17.840,1.1713200000000001,1.1712799999999999,5.93,1.2
18.08.2021 01:18:18.042,1.17133,1.1712799999999999,2.81,2.98
18.08.2021 01:18:21.409,1.17133,1.17129,2.81,0.75
18.08.2021 01:18:24.564,1.1713200000000001,1.1712799999999999,0.1,8.52
18.08.2021 01:18:27.941,1.1713200000000001,1.17129,0.1,0.75
18.08.2021 01:18:28.554,1.17133,1.17129,2.44,0.75
18.08.2021 01:18:35.556,1.17131,1.17129,0.75,0.75
18.08.2021 01:18:36.116,1.17131,1.17127,1.5,1.5
18.08.2021 01:18:37.900,1.1713200000000001,1.1712799999999999,6.23,1.2
18.08.2021 01:18:38.203,1.1713200000000001,1.17129,0.1,0.75
18.08.2021 01:18:38.799,1.1713200000000001,1.1712799999999999,0.1,0.82
18.08.2021 01:18:39.098,1.1713200000000001,1.17129,0.1,0.75
18.08.2021 01:18:42.173,1.17133,1.17129,2.44,0.82
18.08.2021 01:19:00.643,1.17131,1.17129,0.94,1.2
18.08.2021 01:19:01.527,1.17133,1.17129,2.21,0.75
18.08.2021 01:19:01.933,1.17134,1.17131,4.28,0.75
18.08.2021 01:19:02.035,1.1713500000000001,1.17131,7.09,0.75
18.08.2021 01:19:02.137,1.17134,1.17131,3.07,0.75
18.08.2021 01:19:04.167,1.17133,1.17131,0.19,0.75
18.08.2021 01:19:04.432,1.17133,1.1713,0.19,0.75
18.08.2021 01:19:25.623,1.17134,1.1713,4.76,0.75
18.08.2021 01:19:27.813,1.17133,1.17129,0.82,0.75
18.08.2021 01:19:30.189,1.17131,1.17127,0.75,6.29
18.08.2021 01:19:30.392,1.1713200000000001,1.17127,12.12,0.82
18.08.2021 01:19:30.545,1.17131,1.17127,0.45,0.82
18.08.2021 01:19:30.959,1.1713200000000001,1.17129,4.99,0.75
18.08.2021 01:19:42.099,1.1713200000000001,1.1712799999999999,0.19,0.82
18.08.2021 01:19:42.788,1.17131,1.17127,1.57,0.75
18.08.2021 01:19:42.890,1.17129,1.1712799999999999,0.1,0.75
18.08.2021 01:19:42.991,1.1713,1.1712600000000002,10.24,0.75
18.08.2021 01:19:44.019,1.17129,1.1712500000000001,0.75,0.82
18.08.2021 01:19:44.170,1.1713,1.1712500000000001,6.34,0.82
18.08.2021 01:19:49.778,1.17129,1.1712500000000001,3.07,0.75
18.08.2021 01:19:56.447,1.1712799999999999,1.1712500000000001,3,0.75
18.08.2021 01:19:56.611,1.1712799999999999,1.17124,3,0.82
18.08.2021 01:19:58.963,1.17127,1.17124,3,0.75
18.08.2021 01:20:00.097,1.17127,1.1712500000000001,3.52,0.75
18.08.2021 01:20:00.249,1.17127,1.17124,3,0.75
18.08.2021 01:20:00.350,1.1712799999999999,1.17124,3.52,0.75
18.08.2021 01:20:01.758,1.17129,1.17124,6.42,0.82
18.08.2021 01:20:02.566,1.1712799999999999,1.1712600000000002,5.14,0.75
18.08.2021 01:20:11.402,1.1712799999999999,1.1712500000000001,0.1,0.75
18.08.2021 01:20:12.218,1.17127,1.17123,5.59,0.75
18.08.2021 01:20:12.320,1.1712500000000001,1.1712200000000001,0.82,0.75
18.08.2021 01:20:12.422,1.1712500000000001,1.17121,2.51,0.75
18.08.2021 01:20:12.523,1.17124,1.17121,0.1,0.75
18.08.2021 01:20:13.246,1.17124,1.1712,0.82,0.75
18.08.2021 01:20:16.606,1.1712600000000002,1.1712200000000001,8.86,2.7
18.08.2021 01:20:16.708,1.1712600000000002,1.17124,0.45,0.75
18.08.2021 01:20:16.809,1.17127,1.1712500000000001,5.59,0.75
18.08.2021 01:20:26.157,1.1712500000000001,1.1712200000000001,1.01,0.75
18.08.2021 01:20:26.258,1.17124,1.1712200000000001,5.14,1.95
18.08.2021 01:20:26.360,1.17123,1.1712,0.64,0.75
18.08.2021 01:20:33.021,1.17124,1.1712,4.76,0.75
18.08.2021 01:20:44.313,1.17124,1.17119,4.76,0.82
18.08.2021 01:20:54.604,1.17124,1.1712,0.75,0.82
18.08.2021 01:20:59.767,1.1712500000000001,1.1712200000000001,3,1.12
18.08.2021 01:20:59.872,1.1712600000000002,1.17124,0.45,0.82
18.08.2021 01:20:59.923,1.17129,1.1712500000000001,1.01,0.75
18.08.2021 01:21:00.226,1.1712799999999999,1.17124,0.75,3.51
18.08.2021 01:21:00.378,1.17129,1.1712500000000001,1.01,0.75
18.08.2021 01:21:00.480,1.1713,1.17127,4.73,0.75
18.08.2021 01:21:00.581,1.17131,1.1712600000000002,1.01,5.68
18.08.2021 01:21:03.969,1.1713,1.1712600000000002,0.75,3.82
18.08.2021 01:21:04.735,1.17131,1.17127,0.75,0.82
18.08.2021 01:21:05.277,1.1712799999999999,1.17127,0.1,1.5
18.08.2021 01:21:08.103,1.17129,1.1712500000000001,0.75,0.82
18.08.2021 01:21:08.205,1.17129,1.1712600000000002,0.75,0.75
18.08.2021 01:21:08.306,1.17129,1.1712500000000001,0.75,9.88
18.08.2021 01:21:08.407,1.1712799999999999,1.17127,0.75,1.48
18.08.2021 01:21:10.111,1.17129,1.1712500000000001,0.75,13.85
18.08.2021 01:21:11.440,1.17129,1.1712600000000002,0.75,1.48
18.08.2021 01:21:11.542,1.17131,1.17129,3,1.95
18.08.2021 01:21:11.644,1.17133,1.1713,4.73,0.82
18.08.2021 01:21:11.745,1.17134,1.1713,0.75,0.82
18.08.2021 01:21:17.751,1.17134,1.17129,3.82,1.95
18.08.2021 01:21:24.152,1.17133,1.17129,0.82,0.75
18.08.2021 01:21:27.533,1.17134,1.1713,3.82,0.75
18.08.2021 01:21:27.634,1.17133,1.17129,0.75,0.82
18.08.2021 01:21:33.551,1.17133,1.1713,0.75,0.45
18.08.2021 01:21:33.652,1.17134,1.1713,0.75,1.2
18.08.2021 01:21:40.548,1.1713500000000001,1.17131,3.75,0.82
18.08.2021 01:22:00.979,1.17133,1.17131,4.76,0.75
18.08.2021 01:22:39.683,1.1713500000000001,1.1713,7.09,1.57
18.08.2021 01:22:39.889,1.17134,1.1713,0.45,1.57
18.08.2021 01:22:40.092,1.17134,1.17131,6.34,1.57
18.08.2021 01:22:44.585,1.17134,1.1713,2.51,1.5
18.08.2021 01:22:57.694,1.1713600000000002,1.1713200000000001,5.11,0.75
18.08.2021 01:22:58.250,1.17138,1.17134,6.23,1.57
18.08.2021 01:22:58.554,1.17139,1.17134,4.57,1.57
18.08.2021 01:23:09.728,1.17137,1.17134,0.19,0.82
18.08.2021 01:23:09.830,1.17137,1.17133,3.26,0.75
18.08.2021 01:23:09.882,1.1713600000000002,1.17131,2.51,3.06
18.08.2021 01:23:09.990,1.1713500000000001,1.17131,0.82,1.5
18.08.2021 01:23:10.448,1.17134,1.17131,0.64,0.75
18.08.2021 01:23:10.550,1.17134,1.1713,4.39,0.75
18.08.2021 01:23:13.066,1.17133,1.1713,1.01,0.75
18.08.2021 01:23:13.168,1.17133,1.17129,1.76,0.75
18.08.2021 01:23:25.132,1.1713200000000001,1.1712799999999999,0.75,0.82
18.08.2021 01:23:42.477,1.1713200000000001,1.1713,0.75,0.82
18.08.2021 01:24:14.353,1.17134,1.17129,6.71,0.82
18.08.2021 01:24:24.180,1.17133,1.17129,0.1,0.75
18.08.2021 01:24:38.299,1.17134,1.1713,1.76,0.75
18.08.2021 01:24:41.175,1.17133,1.1713,3.07,0.75
18.08.2021 01:25:05.285,1.17134,1.1713,4.76,0.75
18.08.2021 01:25:12.922,1.1713600000000002,1.17133,8.86,0.37
18.08.2021 01:25:13.125,1.17138,1.17134,8.44,1.57
18.08.2021 01:25:13.761,1.17137,1.17134,0.19,1.5
18.08.2021 01:25:13.862,1.1713600000000002,1.17133,0.19,1.5
18.08.2021 01:25:13.964,1.1713600000000002,1.1713200000000001,0.19,1.57
18.08.2021 01:25:16.482,1.17137,1.17133,4.47,0.82
18.08.2021 01:25:16.584,1.1713600000000002,1.17133,0.19,0.75
18.08.2021 01:25:18.060,1.1713500000000001,1.17133,0.94,1.57
18.08.2021 01:25:18.213,1.1713600000000002,1.17134,4.01,0.75
18.08.2021 01:25:18.336,1.1713600000000002,1.1713200000000001,0.19,1.57
18.08.2021 01:25:22.026,1.1713500000000001,1.17131,0.82,4.48
18.08.2021 01:25:22.230,1.17134,1.17131,0.19,0.75
18.08.2021 01:25:22.635,1.17134,1.17129,1.01,1.2
18.08.2021 01:25:22.736,1.17133,1.17129,0.19,0.82
18.08.2021 01:25:22.837,1.17134,1.17129,1.01,0.82
18.08.2021 01:25:27.074,1.17134,1.1713,0.82,0.19
18.08.2021 01:25:34.230,1.1713600000000002,1.17131,8.56,2.51
18.08.2021 01:25:34.281,1.1713600000000002,1.17133,5.48,0.56
18.08.2021 01:25:34.382,1.1713600000000002,1.17134,0.45,0.94
18.08.2021 01:25:34.433,1.17138,1.17134,0.75,1.01
18.08.2021 01:25:38.492,1.17139,1.1713500000000001,3.9,0.75
18.08.2021 01:25:41.041,1.17139,1.1713600000000002,0.45,0.75
18.08.2021 01:25:42.788,1.17139,1.1713500000000001,0.1,0.75
18.08.2021 01:25:48.132,1.17139,1.1713600000000002,0.1,0.75
18.08.2021 01:25:54.964,1.17139,1.1713500000000001,3.07,0.75
18.08.2021 01:25:56.378,1.1714,1.1713600000000002,6.82,0.75
18.08.2021 01:25:57.887,1.17139,1.1713600000000002,0.1,0.75
18.08.2021 01:26:06.944,1.1714,1.1713600000000002,6.07,0.75
18.08.2021 01:26:11.616,1.17139,1.1713500000000001,0.75,0.82
18.08.2021 01:26:12.315,1.1714,1.17137,4.28,1.76
18.08.2021 01:26:12.417,1.17141,1.17137,1.2,1.57
18.08.2021 01:26:12.569,1.1714200000000001,1.17138,0.75,2.87
18.08.2021 01:26:12.671,1.17143,1.17139,0.82,0.75
18.08.2021 01:26:20.430,1.17144,1.1714,0.82,0.75
18.08.2021 01:26:41.811,1.17144,1.17139,0.82,1.76
18.08.2021 01:26:41.964,1.17143,1.17139,0.82,0.75
18.08.2021 01:26:42.066,1.1714200000000001,1.17138,0.75,1.2
18.08.2021 01:26:42.169,1.17143,1.17139,3.82,0.75
18.08.2021 01:26:44.468,1.17143,1.1714,0.75,0.75
18.08.2021 01:26:46.433,1.17144,1.1714,1.95,0.75
18.08.2021 01:26:58.936,1.17144,1.17139,2.02,0.82
18.08.2021 01:26:59.037,1.17145,1.17141,5.56,0.75
18.08.2021 01:26:59.190,1.17143,1.1714200000000001,0.1,0.75
18.08.2021 01:27:03.984,1.17144,1.1714,0.82,0.75
18.08.2021 01:27:07.038,1.17144,1.17139,1.76,0.82
18.08.2021 01:27:12.483,1.17145,1.17141,0.75,0.82
18.08.2021 01:27:12.636,1.17145,1.1714,1.2,8.05
18.08.2021 01:27:14.782,1.17144,1.1714,0.1,0.75
18.08.2021 01:27:22.598,1.17145,1.17141,1.2,1.69
18.08.2021 01:27:29.404,1.17145,1.1714200000000001,0.75,0.94
18.08.2021 01:27:29.456,1.17148,1.17145,4.73,0.75
18.08.2021 01:27:29.660,1.17149,1.17145,0.75,0.75
18.08.2021 01:27:33.990,1.17148,1.17144,0.75,2.23
18.08.2021 01:27:48.145,1.17148,1.17145,0.75,0.37
18.08.2021 01:27:48.247,1.1715,1.1714700000000002,5.86,0.75
18.08.2021 01:27:48.348,1.1715,1.1714600000000002,1.01,0.82
18.08.2021 01:27:50.130,1.17149,1.1714600000000002,0.75,0.1
18.08.2021 01:27:50.235,1.17149,1.17145,0.75,0.75
18.08.2021 01:27:51.278,1.17149,1.17144,5.44,1.5
18.08.2021 01:27:57.389,1.17148,1.17144,0.75,3.19
18.08.2021 01:28:18.604,1.1714600000000002,1.1714200000000001,0.75,1.69
18.08.2021 01:28:25.695,1.17145,1.17141,1.5,2.98
18.08.2021 01:28:28.841,1.17144,1.1714,0.75,3.94
18.08.2021 01:28:42.702,1.1714200000000001,1.17139,0.75,0.75
18.08.2021 01:28:42.854,1.1714200000000001,1.17138,0.75,5.42
18.08.2021 01:29:00.612,1.17139,1.1713600000000002,0.75,8.17
18.08.2021 01:29:00.814,1.17139,1.1713500000000001,0.75,6.62
18.08.2021 01:29:01.727,1.17138,1.17134,0.75,5.49
18.08.2021 01:29:05.710,1.17137,1.17134,0.1,0.75
18.08.2021 01:29:06.975,1.17137,1.17133,0.82,3.54
18.08.2021 01:29:19.541,1.17137,1.17134,0.82,1.48
18.08.2021 01:29:19.642,1.17138,1.17134,0.82,2.42
18.08.2021 01:29:19.743,1.17138,1.1713500000000001,0.75,1.48
18.08.2021 01:29:19.845,1.17141,1.17137,1.27,3.73
18.08.2021 01:29:20.047,1.17141,1.17138,0.75,1.86
18.08.2021 01:29:24.938,1.1714200000000001,1.17138,0.82,5.84
18.08.2021 01:29:27.985,1.17141,1.1714,0.1,0.75
18.08.2021 01:29:33.578,1.17143,1.17139,1.57,2.23
18.08.2021 01:29:38.039,1.17141,1.17139,0.1,0.75
18.08.2021 01:29:42.945,1.17141,1.17138,0.1,0.75
18.08.2021 01:29:51.490,1.17141,1.17137,0.82,4.18
18.08.2021 01:29:53.936,1.17141,1.17138,0.82,1.48
18.08.2021 01:29:54.038,1.17143,1.17139,0.82,3.92
18.08.2021 01:29:54.139,1.17144,1.1714,0.82,0.75
18.08.2021 01:29:55.688,1.17143,1.17139,0.75,10.66
18.08.2021 01:30:00.295,1.1714200000000001,1.17138,0.75,2.81
18.08.2021 01:30:00.548,1.17141,1.17138,0.75,1.95
18.08.2021 01:30:00.650,1.1714,1.17137,0.75,4.72
18.08.2021 01:30:00.701,1.17139,1.1713500000000001,0.75,4.74
18.08.2021 01:30:00.905,1.17138,1.17134,0.75,1.95
18.08.2021 01:30:01.057,1.17139,1.17137,0.37,1.5
18.08.2021 01:30:01.158,1.1714,1.17138,0.45,0.56
18.08.2021 01:30:01.260,1.1714200000000001,1.17138,0.75,3.54
18.08.2021 01:30:01.817,1.17141,1.17138,0.75,0.37
18.08.2021 01:30:01.918,1.1714200000000001,1.17138,1.5,5.79
18.08.2021 01:30:02.020,1.1714200000000001,1.17139,0.75,3.92
18.08.2021 01:30:02.121,1.17144,1.1714,0.75,3.19
18.08.2021 01:30:02.273,1.17145,1.17141,0.75,3.17
18.08.2021 01:30:02.426,1.1714600000000002,1.1714200000000001,0.75,0.75
18.08.2021 01:30:02.872,1.17145,1.1714200000000001,0.37,0.75
18.08.2021 01:30:03.311,1.1714600000000002,1.1714200000000001,1.5,0.75
18.08.2021 01:30:05.825,1.1714600000000002,1.17143,0.75,0.75
18.08.2021 01:30:06.027,1.1714600000000002,1.1714200000000001,0.75,8.12
18.08.2021 01:30:11.865,1.17144,1.17141,0.75,3.81
18.08.2021 01:30:11.966,1.17144,1.1714,0.82,3.45
18.08.2021 01:30:13.970,1.17143,1.1714,0.75,1.5
18.08.2021 01:30:16.151,1.17143,1.17139,0.75,2.23
18.08.2021 01:30:17.039,1.17141,1.17138,0.75,1.5
18.08.2021 01:30:17.454,1.17139,1.17138,0.75,1.2
18.08.2021 01:30:17.606,1.17139,1.1713500000000001,0.75,3.92
18.08.2021 01:30:21.252,1.17138,1.1713500000000001,0.1,1.5
18.08.2021 01:30:22.643,1.17137,1.1713500000000001,0.1,0.75
18.08.2021 01:30:23.492,1.1713600000000002,1.1713500000000001,0.1,1.5
18.08.2021 01:30:23.543,1.17134,1.17133,0.75,2.7
18.08.2021 01:30:24.129,1.17134,1.1713200000000001,0.75,0.75
18.08.2021 01:30:25.785,1.1713600000000002,1.17133,0.75,0.37
18.08.2021 01:30:30.938,1.17137,1.17133,0.75,3.73
18.08.2021 01:30:33.023,1.1713600000000002,1.17133,0.75,1.12
18.08.2021 01:30:40.744,1.17137,1.17133,0.75,4.29
18.08.2021 01:30:48.168,1.1713600000000002,1.17133,0.75,0.75
18.08.2021 01:30:58.769,1.1713600000000002,1.17134,0.75,2.32
18.08.2021 01:30:58.872,1.17137,1.17134,1.5,0.1
18.08.2021 01:30:58.974,1.17137,1.17133,1.5,1.57
18.08.2021 01:30:59.126,1.1713600000000002,1.1713200000000001,0.75,9.27
18.08.2021 01:31:06.169,1.1713500000000001,1.1713200000000001,0.75,2.32
18.08.2021 01:31:07.976,1.1713600000000002,1.17133,0.75,0.1
18.08.2021 01:31:19.031,1.17134,1.1713200000000001,0.75,1.95
18.08.2021 01:31:20.236,1.1713600000000002,1.1713200000000001,1.2,1.5
18.08.2021 01:31:20.337,1.1713500000000001,1.1713200000000001,0.75,3.06
18.08.2021 01:31:40.535,1.17137,1.1713500000000001,1.5,0.75
18.08.2021 01:31:40.587,1.17141,1.17138,10.5,0.82
18.08.2021 01:31:40.689,1.17141,1.17139,7.5,1.76
18.08.2021 01:31:40.790,1.17143,1.17139,0.75,6.24
18.08.2021 01:31:40.892,1.17145,1.1714200000000001,0.75,0.1
18.08.2021 01:31:41.043,1.17145,1.17141,0.75,6.32
18.08.2021 01:31:41.413,1.17145,1.1714200000000001,0.75,0.75
18.08.2021 01:31:43.485,1.1714600000000002,1.1714200000000001,1.5,3.45
18.08.2021 01:31:45.520,1.1714600000000002,1.17143,0.75,4.18
18.08.2021 01:31:45.621,1.1714700000000002,1.17143,0.75,4.39
18.08.2021 01:31:48.989,1.17144,1.1714200000000001,0.75,0.75
18.08.2021 01:31:51.136,1.1714600000000002,1.1714200000000001,0.75,2.25
18.08.2021 01:31:51.239,1.1714700000000002,1.17143,0.75,3.36
18.08.2021 01:31:51.341,1.1714600000000002,1.17145,0.75,1.48
18.08.2021 01:31:52.787,1.17148,1.17144,0.75,3.43
18.08.2021 01:32:09.095,1.17148,1.17145,0.75,0.37
18.08.2021 01:32:09.146,1.1715,1.1714700000000002,1.57,0.75
18.08.2021 01:32:14.041,1.1715,1.17148,0.75,0.1
18.08.2021 01:32:14.193,1.1715,1.1714700000000002,0.75,2.02
18.08.2021 01:32:15.426,1.1715,1.17149,0.75,0.45
18.08.2021 01:32:15.629,1.1715200000000001,1.17149,0.75,0.19
18.08.2021 01:32:16.034,1.1715200000000001,1.17148,1.12,4.44
18.08.2021 01:32:16.681,1.1715200000000001,1.17149,0.75,0.45
18.08.2021 01:32:16.922,1.1715200000000001,1.17148,0.75,2.96
18.08.2021 01:32:21.397,1.1715200000000001,1.17149,0.75,0.45
18.08.2021 01:32:22.959,1.1715200000000001,1.17148,0.75,3.52
18.08.2021 01:32:23.657,1.1715200000000001,1.17149,0.75,0.45
18.08.2021 01:32:25.276,1.17151,1.17149,0.75,2.77
18.08.2021 01:32:27.669,1.17149,1.17148,0.75,3.52
18.08.2021 01:32:27.972,1.17151,1.17149,0.75,1.57
18.08.2021 01:32:28.023,1.17153,1.1715,4.28,0.1
18.08.2021 01:32:28.125,1.17154,1.1715,1.57,0.82
18.08.2021 01:32:40.601,1.17155,1.1715200000000001,1.5,0.75
18.08.2021 01:32:40.854,1.17154,1.17151,0.75,1.27
18.08.2021 01:32:51.288,1.17154,1.1715,0.75,0.75
18.08.2021 01:32:52.204,1.17153,1.17149,0.75,1.12
18.08.2021 01:32:58.373,1.17151,1.17149,0.19,0.75
18.08.2021 01:32:58.474,1.1715200000000001,1.17148,0.82,1.2
18.08.2021 01:33:00.506,1.17153,1.17148,5.25,2.14
18.08.2021 01:33:00.608,1.1715200000000001,1.1715,1.5,0.75
18.08.2021 01:33:01.955,1.1715200000000001,1.17149,0.75,3.26
18.08.2021 01:33:02.389,1.17153,1.17149,0.75,0.75
18.08.2021 01:33:07.952,1.17151,1.17149,0.75,0.75
18.08.2021 01:33:10.055,1.1715,1.1714700000000002,0.75,0.26
18.08.2021 01:33:10.157,1.1715,1.1714600000000002,1.57,1.57
18.08.2021 01:33:10.258,1.17149,1.1714600000000002,0.75,0.1
18.08.2021 01:33:27.388,1.17149,1.17145,1.01,0.82
18.08.2021 01:33:27.490,1.17148,1.17145,3.75,0.1
18.08.2021 01:33:27.959,1.1714700000000002,1.17145,3.94,0.75
18.08.2021 01:33:28.748,1.1714700000000002,1.17143,1.76,0.82
18.08.2021 01:33:34.784,1.1714600000000002,1.17143,0.75,0.1
18.08.2021 01:33:37.047,1.17145,1.17141,0.75,2.62
18.08.2021 01:33:39.218,1.17144,1.17141,0.75,0.1
18.08.2021 01:33:39.369,1.17144,1.1714,0.75,0.75
18.08.2021 01:33:42.560,1.17143,1.17139,0.75,4.67
18.08.2021 01:33:59.873,1.17144,1.1714,0.94,0.75
18.08.2021 01:34:02.603,1.17143,1.17139,0.75,1.12
18.08.2021 01:34:06.938,1.1714200000000001,1.17139,0.75,0.37
18.08.2021 01:34:07.704,1.1714200000000001,1.17138,0.75,5.14
18.08.2021 01:34:22.749,1.17143,1.17139,0.82,0.75
18.08.2021 01:34:25.190,1.17143,1.17138,0.82,5.57
18.08.2021 01:34:27.436,1.1714200000000001,1.17138,0.75,3.15
18.08.2021 01:34:27.538,1.17141,1.17137,0.75,3.52
18.08.2021 01:34:27.690,1.1714,1.17137,0.75,1.2
18.08.2021 01:34:27.791,1.1714,1.1713600000000002,0.75,0.45
18.08.2021 01:34:27.943,1.1714,1.1713500000000001,0.75,5.49
18.08.2021 01:34:32.411,1.17141,1.17137,0.75,7.74
18.08.2021 01:34:32.512,1.1714200000000001,1.17137,2.32,9.24
18.08.2021 01:34:32.614,1.1714200000000001,1.17138,2.32,0.45
18.08.2021 01:34:32.816,1.1714200000000001,1.17137,2.32,10.44
18.08.2021 01:34:33.018,1.1714200000000001,1.17138,1.57,0.37
18.08.2021 01:34:33.120,1.17141,1.17138,0.75,0.37
18.08.2021 01:34:33.221,1.17141,1.17137,0.75,8.4
18.08.2021 01:34:33.322,1.1714,1.17139,0.75,0.37
18.08.2021 01:34:34.914,1.1714200000000001,1.17138,0.75,5.87
18.08.2021 01:34:41.589,1.17143,1.17138,0.75,6.99
18.08.2021 01:34:45.567,1.1714200000000001,1.17138,0.75,11.41
18.08.2021 01:35:00.670,1.1714,1.17139,0.75,0.1
18.08.2021 01:35:00.772,1.1714,1.17138,0.75,0.1
18.08.2021 01:35:00.873,1.1714,1.1713600000000002,0.75,1.12
18.08.2021 01:35:01.631,1.1714,1.1713500000000001,0.75,8.19
18.08.2021 01:35:03.388,1.17139,1.1713500000000001,0.75,3.99
18.08.2021 01:35:03.592,1.17138,1.17134,0.75,0.75
18.08.2021 01:35:03.744,1.17138,1.17133,0.75,3.07
18.08.2021 01:35:03.869,1.17137,1.17133,0.75,1.87
18.08.2021 01:35:05.514,1.1713600000000002,1.17133,0.75,0.75
18.08.2021 01:35:05.616,1.1713600000000002,1.1713200000000001,0.75,4.69
18.08.2021 01:35:13.850,1.1713500000000001,1.17134,0.75,0.56
18.08.2021 01:35:13.951,1.17137,1.17133,0.75,2.79
18.08.2021 01:35:14.193,1.17137,1.17134,0.75,0.19
18.08.2021 01:35:14.587,1.17137,1.17133,0.75,3.54
18.08.2021 01:35:50.368,1.17137,1.17134,0.75,0.75
18.08.2021 01:35:50.490,1.17137,1.17133,0.75,3.26
18.08.2021 01:36:07.194,1.1713500000000001,1.17131,0.82,6.85
18.08.2021 01:36:07.296,1.17134,1.17131,0.75,1.2
18.08.2021 01:36:07.397,1.17134,1.1713,3.94,0.75
18.08.2021 01:36:07.804,1.17133,1.17129,0.75,1.12
18.08.2021 01:36:22.231,1.17134,1.1713200000000001,0.75,0.75
18.08.2021 01:36:22.332,1.17134,1.17131,0.75,1.57
18.08.2021 01:36:25.642,1.1713500000000001,1.1713200000000001,1.5,2.23
18.08.2021 01:36:28.746,1.1713500000000001,1.17133,0.82,3.36
18.08.2021 01:36:37.867,1.17134,1.17131,0.75,1.5
18.08.2021 01:36:45.641,1.17134,1.1713,0.75,1.95
18.08.2021 01:36:46.180,1.17133,1.17129,0.75,0.75
18.08.2021 01:36:48.723,1.17133,1.1713,0.75,0.75
18.08.2021 01:36:50.708,1.17133,1.17129,0.75,0.75
18.08.2021 01:36:59.495,1.17133,1.17131,2.14,0.75
18.08.2021 01:36:59.597,1.17134,1.17131,0.75,0.75
18.08.2021 01:37:00.089,1.1713500000000001,1.17131,6.52,0.75
18.08.2021 01:37:03.859,1.1713500000000001,1.1713200000000001,0.75,0.75
18.08.2021 01:37:08.190,1.17134,1.17131,0.75,1.5
18.08.2021 01:37:13.519,1.1713500000000001,1.1713200000000001,0.75,3.17
18.08.2021 01:37:13.621,1.1713600000000002,1.17133,0.1,0.75
18.08.2021 01:37:13.723,1.17137,1.17133,0.75,4.74
18.08.2021 01:37:14.027,1.17138,1.17134,1.57,0.75
18.08.2021 01:37:16.057,1.17137,1.17134,0.19,0.75
18.08.2021 01:37:16.223,1.17138,1.17134,1.01,0.75
18.08.2021 01:37:16.584,1.17137,1.17133,0.75,0.75
18.08.2021 01:37:31.369,1.1713500000000001,1.17131,0.82,5.73
18.08.2021 01:37:32.356,1.17134,1.17131,0.75,0.1
