Gmt time,Ask,Bid,AskVolume,BidVolume
25.08.2021 00:00:00.492,1.17531,1.17527,2.14,0.75
25.08.2021 00:00:00.851,1.17531,1.17529,0.82,1.12
25.08.2021 00:00:01.323,1.17533,1.1752799999999999,4.01,0.45
25.08.2021 00:00:01.530,1.17534,1.17529,1.2,0.1
25.08.2021 00:00:05.003,1.17534,1.1753200000000001,0.1,0.75
25.08.2021 00:00:06.803,1.1753500000000001,1.1753200000000001,1.2,0.75
25.08.2021 00:00:06.905,1.17537,1.1753500000000001,4.46,0.75
25.08.2021 00:00:07.006,1.17538,1.1753500000000001,2.13,0.75
25.08.2021 00:00:07.108,1.17539,1.1753500000000001,4.08,0.75
25.08.2021 00:00:10.123,1.17541,1.17537,2.51,0.75
25.08.2021 00:00:10.225,1.1754,1.1753600000000002,0.82,0.75
25.08.2021 00:00:10.781,1.1754,1.17537,2.88,0.75
25.08.2021 00:00:10.883,1.17541,1.17537,4.08,0.75
25.08.2021 00:00:10.989,1.17541,1.17538,4.83,0.75
25.08.2021 00:00:11.751,1.17541,1.17537,2.7,0.75
25.08.2021 00:00:14.105,1.1754200000000001,1.17538,1.95,0.75
25.08.2021 00:00:14.409,1.17543,1.17539,2.14,0.75
25.08.2021 00:00:14.560,1.1754200000000001,1.17538,1.01,2.32
25.08.2021 00:00:14.662,1.17543,1.17539,2.51,0.75
25.08.2021 00:00:14.763,1.1754200000000001,1.17538,1.76,0.75
25.08.2021 00:00:14.966,1.17543,1.17538,2.14,0.75
25.08.2021 00:00:15.067,1.1754200000000001,1.17539,1.65,0.75
25.08.2021 00:00:15.118,1.17541,1.17537,2.32,5.82
25.08.2021 00:00:21.419,1.1754200000000001,1.17538,2.32,1.31
25.08.2021 00:00:21.521,1.17544,1.17541,2.77,0.75
25.08.2021 00:00:25.241,1.17545,1.17543,0.82,0.75
25.08.2021 00:00:25.343,1.1754600000000002,1.17543,1.95,0.75
25.08.2021 00:00:26.353,1.1754700000000002,1.17543,2.02,0.75
25.08.2021 00:00:26.454,1.1754600000000002,1.17545,0.37,0.75
25.08.2021 00:00:26.556,1.17548,1.17545,0.45,0.75
25.08.2021 00:00:26.677,1.17549,1.17545,2.32,0.75
25.08.2021 00:00:26.778,1.17548,1.17545,0.1,0.75
25.08.2021 00:00:30.037,1.1755,1.1754700000000002,4.65,0.75
25.08.2021 00:00:30.138,1.17551,1.17548,0.37,0.75
25.08.2021 00:00:30.342,1.1755200000000001,1.17548,1.57,0.75
25.08.2021 00:00:30.443,1.17551,1.17548,1.95,0.75
25.08.2021 00:00:32.272,1.17553,1.1755,0.75,0.75
25.08.2021 00:00:32.374,1.17553,1.17551,4.83,0.75
25.08.2021 00:00:36.151,1.17551,1.17549,0.45,0.75
25.08.2021 00:00:36.253,1.17551,1.17548,2.7,1.2
25.08.2021 00:00:36.354,1.17551,1.1754700000000002,2.7,0.75
25.08.2021 00:00:43.811,1.1755,1.1754700000000002,0.1,0.75
25.08.2021 00:01:02.148,1.17551,1.1754700000000002,4.38,0.75
25.08.2021 00:01:02.251,1.17551,1.17548,0.75,0.75
25.08.2021 00:01:02.302,1.17554,1.1755,4.83,0.75
25.08.2021 00:01:05.130,1.17554,1.17551,3.33,0.75
25.08.2021 00:01:08.478,1.17555,1.17551,4.08,0.75
25.08.2021 00:01:08.580,1.17555,1.1755200000000001,1.87,0.75
25.08.2021 00:01:12.805,1.17555,1.17551,1.87,0.75
25.08.2021 00:01:17.159,1.17554,1.17551,2.13,0.75
25.08.2021 00:01:17.301,1.17555,1.17551,4.01,0.75
25.08.2021 00:01:23.845,1.17555,1.1755200000000001,1.87,0.75
25.08.2021 00:01:27.824,1.1755600000000002,1.1755200000000001,1.12,0.75
25.08.2021 00:01:27.926,1.1755700000000002,1.17554,4.83,0.75
25.08.2021 00:01:28.028,1.1755700000000002,1.17553,0.75,0.75
25.08.2021 00:01:28.131,1.17558,1.17555,2.62,0.75
25.08.2021 00:01:31.912,1.17558,1.17553,6.07,0.75
25.08.2021 00:01:32.165,1.1755700000000002,1.17554,0.37,0.75
25.08.2021 00:01:32.317,1.1755700000000002,1.17553,1.12,0.75
25.08.2021 00:01:32.469,1.17558,1.17554,4.76,0.75
25.08.2021 00:01:34.368,1.17558,1.1755600000000002,4.76,0.75
25.08.2021 00:01:39.882,1.17559,1.1755600000000002,4.38,0.75
25.08.2021 00:01:40.034,1.1756,1.1755700000000002,0.56,0.75
25.08.2021 00:01:42.249,1.1756,1.17555,2.13,1.57
25.08.2021 00:01:43.285,1.17561,1.17558,3.56,0.75
25.08.2021 00:01:44.381,1.17563,1.17561,0.19,0.75
25.08.2021 00:01:44.483,1.17564,1.17561,3.82,0.75
25.08.2021 00:01:48.320,1.17565,1.17562,0.56,0.75
25.08.2021 00:01:48.522,1.1756600000000001,1.17562,5.88,0.75
25.08.2021 00:01:48.624,1.1756700000000002,1.17563,2.51,0.75
25.08.2021 00:01:48.725,1.1756700000000002,1.17564,0.37,0.75
25.08.2021 00:01:48.830,1.1756900000000001,1.17565,1.2,0.75
25.08.2021 00:01:48.982,1.17568,1.17565,2.88,0.75
25.08.2021 00:01:49.084,1.1756900000000001,1.17565,3.33,0.75
25.08.2021 00:01:49.809,1.1756700000000002,1.17565,2.88,0.75
25.08.2021 00:01:51.579,1.17563,1.17561,2.25,1.57
25.08.2021 00:01:51.630,1.17565,1.17562,1.5,0.75
25.08.2021 00:01:51.681,1.17563,1.17561,1.87,1.2
25.08.2021 00:01:51.782,1.17562,1.17558,3.63,1.12
25.08.2021 00:02:06.650,1.17561,1.1755700000000002,5.32,0.75
25.08.2021 00:02:06.752,1.1756,1.1755700000000002,1.57,0.75
25.08.2021 00:02:09.709,1.17562,1.17558,1.5,0.75
25.08.2021 00:02:12.205,1.17561,1.17558,0.75,0.75
25.08.2021 00:02:18.661,1.17561,1.17559,1.69,0.75
25.08.2021 00:02:20.989,1.17563,1.17559,5.39,0.75
25.08.2021 00:02:21.090,1.17562,1.17558,0.75,2.62
25.08.2021 00:02:23.114,1.17563,1.1756,2.88,0.75
25.08.2021 00:02:23.165,1.17562,1.17558,0.75,0.75
25.08.2021 00:02:29.764,1.17561,1.17558,2.13,0.75
25.08.2021 00:02:30.188,1.1756,1.17558,0.19,0.75
25.08.2021 00:02:30.289,1.1756,1.1755700000000002,2.88,0.75
25.08.2021 00:02:32.266,1.17561,1.1755700000000002,3.07,0.75
25.08.2021 00:02:44.152,1.1756,1.1755700000000002,1.31,0.75
25.08.2021 00:02:46.573,1.17559,1.1755600000000002,0.75,0.75
25.08.2021 00:02:55.864,1.1756,1.1755600000000002,2.14,0.75
25.08.2021 00:02:59.408,1.17559,1.1755600000000002,0.75,0.75
25.08.2021 00:03:09.660,1.1755700000000002,1.17553,0.19,2.7
25.08.2021 00:03:09.812,1.1755600000000002,1.17553,0.75,1.95
25.08.2021 00:03:09.914,1.17555,1.1755200000000001,0.75,1.95
25.08.2021 00:03:10.015,1.17555,1.17551,1.39,0.75
25.08.2021 00:03:11.309,1.17554,1.17551,0.75,0.75
25.08.2021 00:03:11.410,1.1755200000000001,1.17549,0.75,0.75
25.08.2021 00:03:12.551,1.1755200000000001,1.17548,1.76,0.75
25.08.2021 00:03:12.653,1.1755,1.1754700000000002,0.75,0.75
25.08.2021 00:03:12.805,1.17549,1.1754600000000002,0.75,0.75
25.08.2021 00:03:12.906,1.17549,1.17545,2.88,0.75
25.08.2021 00:03:31.474,1.17551,1.17548,0.75,0.75
25.08.2021 00:03:55.622,1.1755,1.1754700000000002,0.75,1.57
25.08.2021 00:03:55.876,1.17551,1.1754700000000002,3.07,0.82
25.08.2021 00:03:55.978,1.17551,1.17548,0.75,0.82
25.08.2021 00:03:58.956,1.1755,1.1754700000000002,0.75,0.75
25.08.2021 00:03:59.108,1.1755200000000001,1.17549,0.75,0.75
25.08.2021 00:03:59.361,1.17553,1.1755,0.82,0.75
25.08.2021 00:04:00.110,1.17554,1.1755200000000001,3.26,0.75
25.08.2021 00:04:00.212,1.17554,1.17551,0.75,0.75
25.08.2021 00:04:03.730,1.1755600000000002,1.17553,1.12,0.75
25.08.2021 00:04:04.785,1.1755600000000002,1.1755200000000001,0.75,4.24
25.08.2021 00:04:12.701,1.17554,1.17551,0.75,0.75
25.08.2021 00:04:17.154,1.17554,1.1755,0.75,0.75
25.08.2021 00:04:18.650,1.17555,1.1755200000000001,1.69,1.2
25.08.2021 00:04:18.751,1.1755600000000002,1.17553,0.75,0.82
25.08.2021 00:04:18.854,1.1755700000000002,1.17554,0.75,0.82
25.08.2021 00:04:27.031,1.17558,1.17554,0.94,0.82
25.08.2021 00:04:30.070,1.17561,1.17558,0.75,0.82
25.08.2021 00:04:30.171,1.1756,1.1755700000000002,0.75,0.82
25.08.2021 00:04:30.273,1.17561,1.17558,0.75,0.82
25.08.2021 00:04:34.116,1.17562,1.17559,0.75,0.82
25.08.2021 00:04:34.369,1.17563,1.17559,0.94,0.82
25.08.2021 00:04:43.926,1.17563,1.1756,0.94,0.75
25.08.2021 00:04:48.306,1.17564,1.17561,1.31,0.75
25.08.2021 00:04:51.543,1.17565,1.17561,1.31,0.82
25.08.2021 00:04:51.701,1.1756600000000001,1.17562,1.31,0.82
25.08.2021 00:04:51.802,1.1756700000000002,1.17563,1.31,0.82
25.08.2021 00:04:51.904,1.1756700000000002,1.17564,1.31,0.75
25.08.2021 00:04:52.640,1.17568,1.17565,2.06,0.75
25.08.2021 00:04:54.377,1.1756900000000001,1.1756600000000001,0.94,0.75
25.08.2021 00:05:00.950,1.17571,1.1756700000000002,2.44,0.82
25.08.2021 00:05:01.459,1.1757,1.1756700000000002,0.19,0.75
25.08.2021 00:05:13.892,1.1756900000000001,1.1756700000000002,0.19,0.75
25.08.2021 00:05:16.851,1.1756900000000001,1.1756600000000001,0.94,0.75
25.08.2021 00:05:22.889,1.17568,1.1756600000000001,0.94,0.82
25.08.2021 00:05:26.442,1.17571,1.1756700000000002,0.75,0.82
25.08.2021 00:05:26.544,1.17572,1.17568,0.75,0.82
25.08.2021 00:05:26.646,1.17573,1.1756900000000001,0.75,0.82
25.08.2021 00:05:26.800,1.17573,1.1757,0.75,0.75
25.08.2021 00:05:26.902,1.17574,1.1757,0.75,0.82
25.08.2021 00:05:34.299,1.17573,1.17572,0.75,0.82
25.08.2021 00:05:34.402,1.17575,1.17571,0.75,2.7
25.08.2021 00:05:34.505,1.17575,1.17572,0.75,0.1
25.08.2021 00:05:38.740,1.17575,1.17571,0.75,2.32
25.08.2021 00:05:41.007,1.17574,1.17571,0.75,2.32
25.08.2021 00:05:50.472,1.17575,1.17572,0.75,0.82
25.08.2021 00:05:50.573,1.1757600000000001,1.17573,0.75,0.82
25.08.2021 00:05:50.675,1.1757600000000001,1.17574,0.75,0.82
25.08.2021 00:05:51.816,1.1757600000000001,1.17575,0.75,0.1
25.08.2021 00:05:54.597,1.1757600000000001,1.17573,0.75,0.82
25.08.2021 00:05:55.232,1.1757600000000001,1.17574,0.75,1.57
25.08.2021 00:05:59.997,1.1757600000000001,1.17574,0.75,0.1
25.08.2021 00:06:00.561,1.1757600000000001,1.17575,0.75,0.1
25.08.2021 00:06:03.166,1.17575,1.17573,0.75,0.45
25.08.2021 00:06:03.268,1.17575,1.17572,0.75,1.57
25.08.2021 00:06:05.306,1.17575,1.17571,0.75,0.82
25.08.2021 00:06:06.074,1.17575,1.17572,0.75,0.1
25.08.2021 00:06:06.176,1.1757600000000001,1.17572,0.75,3.94
25.08.2021 00:06:06.277,1.1757600000000001,1.17573,0.75,0.82
25.08.2021 00:06:07.136,1.1757700000000002,1.17574,0.75,0.82
25.08.2021 00:06:07.237,1.17578,1.17574,0.75,0.82
25.08.2021 00:06:11.446,1.17578,1.17575,0.75,0.1
25.08.2021 00:06:19.942,1.17575,1.17573,0.75,1.57
25.08.2021 00:06:20.095,1.17575,1.17571,0.75,2.32
25.08.2021 00:06:21.733,1.17574,1.17571,0.75,0.75
25.08.2021 00:06:21.784,1.1757,1.1756900000000001,1.12,1.57
25.08.2021 00:06:21.941,1.1756900000000001,1.17565,1.12,3.57
25.08.2021 00:06:22.295,1.1756600000000001,1.17564,0.37,0.82
25.08.2021 00:06:22.346,1.17568,1.17564,1.12,0.82
25.08.2021 00:06:22.599,1.1756900000000001,1.17565,4.19,0.75
25.08.2021 00:06:29.901,1.1756700000000002,1.1756600000000001,2.13,0.82
25.08.2021 00:06:31.181,1.1756900000000001,1.17565,2.06,0.82
25.08.2021 00:06:32.401,1.17568,1.17565,0.75,0.82
25.08.2021 00:06:38.157,1.1756700000000002,1.17563,0.94,0.82
25.08.2021 00:06:40.525,1.17565,1.17562,0.75,0.1
25.08.2021 00:06:41.112,1.17565,1.17561,0.75,1.57
25.08.2021 00:06:43.939,1.17565,1.17562,0.75,0.1
25.08.2021 00:06:49.027,1.17565,1.17561,0.75,0.82
25.08.2021 00:06:49.129,1.17564,1.17561,0.75,0.82
25.08.2021 00:06:51.990,1.17564,1.17562,0.75,0.1
25.08.2021 00:06:52.142,1.17564,1.17561,0.75,0.82
25.08.2021 00:06:52.784,1.17565,1.17561,0.75,0.82
25.08.2021 00:06:52.910,1.17565,1.17562,0.75,0.1
25.08.2021 00:06:53.012,1.17565,1.17561,0.75,0.82
25.08.2021 00:06:57.730,1.17564,1.17561,0.75,0.82
25.08.2021 00:07:06.069,1.17564,1.17562,0.75,0.1
25.08.2021 00:07:06.171,1.17564,1.17561,0.75,0.82
25.08.2021 00:07:15.295,1.17565,1.17562,0.75,0.82
25.08.2021 00:07:15.499,1.17565,1.17561,0.75,0.82
25.08.2021 00:07:15.703,1.17565,1.17562,0.75,0.1
25.08.2021 00:07:15.965,1.17565,1.17561,0.75,0.82
25.08.2021 00:07:27.206,1.17564,1.17561,0.75,0.82
25.08.2021 00:07:34.486,1.17561,1.17559,0.75,0.52
25.08.2021 00:07:34.638,1.17561,1.17558,0.75,0.1
25.08.2021 00:07:36.392,1.1756,1.17558,0.75,1.5
25.08.2021 00:07:41.154,1.17559,1.1755700000000002,0.75,3.07
25.08.2021 00:07:48.361,1.1756,1.1755700000000002,0.75,0.82
25.08.2021 00:07:51.204,1.17561,1.1755700000000002,0.75,0.82
25.08.2021 00:07:51.306,1.17565,1.17561,6.15,0.82
25.08.2021 00:07:51.407,1.17565,1.17562,0.75,0.1
25.08.2021 00:07:51.509,1.17565,1.17564,0.75,0.1
25.08.2021 00:07:51.611,1.1756700000000002,1.17563,1.12,1.01
25.08.2021 00:07:53.315,1.1756700000000002,1.17564,0.75,0.1
25.08.2021 00:07:54.321,1.17568,1.1756600000000001,0.75,0.1
25.08.2021 00:07:54.422,1.1756900000000001,1.1756600000000001,0.75,0.1
25.08.2021 00:07:58.118,1.17561,1.17559,0.37,0.75
25.08.2021 00:07:58.169,1.17564,1.17562,1.5,7.57
25.08.2021 00:07:58.220,1.1756,1.1755600000000002,1.2,1.5
25.08.2021 00:07:58.271,1.1756,1.17558,1.2,0.75
25.08.2021 00:07:58.322,1.17558,1.1755600000000002,0.75,2.7
25.08.2021 00:08:02.175,1.17558,1.17555,0.75,0.1
25.08.2021 00:08:08.124,1.17553,1.17551,0.19,8.25
25.08.2021 00:08:08.175,1.1755,1.1754700000000002,0.75,1.95
25.08.2021 00:08:08.378,1.17551,1.1754700000000002,6.03,0.75
25.08.2021 00:08:08.429,1.17548,1.1754600000000002,0.75,0.1
25.08.2021 00:08:12.992,1.17548,1.17545,0.75,0.82
25.08.2021 00:08:13.093,1.1754700000000002,1.17545,0.75,0.1
25.08.2021 00:08:13.698,1.17548,1.1754600000000002,0.75,0.1
25.08.2021 00:08:13.850,1.17548,1.17545,0.75,0.82
25.08.2021 00:08:16.561,1.1754700000000002,1.17545,0.75,0.1
25.08.2021 00:08:16.713,1.1754700000000002,1.17544,0.75,1.46
25.08.2021 00:08:20.965,1.1754600000000002,1.17543,0.75,0.52
25.08.2021 00:08:21.117,1.1754700000000002,1.17544,0.75,0.1
25.08.2021 00:08:26.062,1.17548,1.17545,0.75,0.1
25.08.2021 00:08:27.934,1.17549,1.1754600000000002,0.75,0.1
25.08.2021 00:08:29.813,1.17548,1.17545,0.75,1.46
25.08.2021 00:08:35.205,1.17548,1.1754600000000002,0.75,0.1
25.08.2021 00:08:38.854,1.17548,1.17545,0.75,0.26
25.08.2021 00:08:56.154,1.1754700000000002,1.17545,2.88,2.14
25.08.2021 00:09:05.711,1.17548,1.17545,0.75,0.56
25.08.2021 00:09:06.231,1.17549,1.17545,0.75,1.39
25.08.2021 00:09:08.289,1.17548,1.1754700000000002,0.75,0.45
25.08.2021 00:09:14.581,1.17548,1.1754600000000002,0.82,0.37
25.08.2021 00:09:16.027,1.17548,1.17545,0.82,1.87
25.08.2021 00:09:38.889,1.17548,1.17544,0.75,1.2
25.08.2021 00:09:40.734,1.17548,1.17545,0.75,0.1
25.08.2021 00:10:03.543,1.17549,1.17545,0.75,1.2
25.08.2021 00:10:04.431,1.17549,1.1754600000000002,0.75,0.19
25.08.2021 00:10:04.533,1.17549,1.17548,1.5,2.51
25.08.2021 00:10:04.729,1.1755,1.17548,0.75,0.75
25.08.2021 00:10:04.881,1.1755,1.1754700000000002,0.75,4.76
25.08.2021 00:10:05.008,1.1755,1.17549,0.75,0.94
25.08.2021 00:10:05.059,1.17553,1.1755,1.57,1.69
25.08.2021 00:10:05.110,1.17554,1.1755200000000001,1.12,0.37
25.08.2021 00:10:05.211,1.17553,1.17549,1.76,0.37
25.08.2021 00:10:05.262,1.1755,1.17548,0.75,1.65
25.08.2021 00:10:05.895,1.17551,1.17549,0.75,0.37
25.08.2021 00:10:07.682,1.1755200000000001,1.17549,0.1,0.37
25.08.2021 00:10:07.848,1.1755,1.17548,0.75,0.45
25.08.2021 00:10:08.158,1.17549,1.1754600000000002,0.82,1.31
25.08.2021 00:10:08.260,1.17548,1.17545,0.75,3.15
25.08.2021 00:10:09.996,1.17549,1.17545,0.82,1.2
25.08.2021 00:10:11.231,1.17549,1.1754700000000002,0.75,0.37
25.08.2021 00:10:11.352,1.1755,1.17548,0.75,0.45
25.08.2021 00:10:14.130,1.17549,1.1754600000000002,0.75,2.77
25.08.2021 00:10:14.283,1.1754700000000002,1.1754600000000002,0.75,0.37
25.08.2021 00:10:14.385,1.1754700000000002,1.17545,0.75,0.37
25.08.2021 00:10:15.953,1.17548,1.17545,0.75,1.12
25.08.2021 00:10:25.524,1.17548,1.1754600000000002,0.75,0.45
25.08.2021 00:10:27.230,1.1754700000000002,1.1754600000000002,0.75,1.2
25.08.2021 00:10:54.390,1.17548,1.1754700000000002,0.75,0.45
25.08.2021 00:11:13.672,1.1755,1.1754600000000002,0.82,1.39
25.08.2021 00:11:14.661,1.17548,1.1754600000000002,0.75,1.31
25.08.2021 00:11:18.473,1.17549,1.1754600000000002,0.75,0.19
25.08.2021 00:11:18.524,1.1754700000000002,1.17545,0.75,3.9
25.08.2021 00:11:23.334,1.1754700000000002,1.1754600000000002,0.75,0.64
25.08.2021 00:11:43.960,1.17545,1.1754200000000001,0.75,1.95
25.08.2021 00:11:44.062,1.17544,1.1754200000000001,0.75,1.2
25.08.2021 00:11:44.165,1.17544,1.17541,0.75,1.12
25.08.2021 00:11:44.774,1.17543,1.17541,0.75,1.12
25.08.2021 00:11:44.996,1.17543,1.1754,0.75,0.37
25.08.2021 00:11:48.072,1.17544,1.17541,0.75,0.75
25.08.2021 00:11:50.508,1.17543,1.1754,0.75,1.12
25.08.2021 00:11:59.752,1.17544,1.17541,0.75,0.75
25.08.2021 00:12:00.804,1.17544,1.1754,0.75,1.12
25.08.2021 00:12:01.345,1.1754200000000001,1.17541,1.5,0.75
25.08.2021 00:12:01.396,1.1754,1.17538,0.75,0.45
25.08.2021 00:12:01.497,1.1754,1.1753600000000002,1.2,1.5
25.08.2021 00:12:01.599,1.17539,1.1753600000000002,0.75,0.75
25.08.2021 00:12:01.700,1.17538,1.1753500000000001,0.75,0.75
25.08.2021 00:12:21.283,1.17539,1.1753500000000001,0.75,0.82
25.08.2021 00:12:25.505,1.1754,1.1753600000000002,1.5,0.75
25.08.2021 00:12:32.100,1.1754,1.17537,3.26,0.75
25.08.2021 00:12:34.857,1.1754200000000001,1.17538,0.75,1.57
25.08.2021 00:12:34.958,1.17543,1.17539,2.62,0.75
25.08.2021 00:12:35.282,1.17543,1.1754,0.75,0.75
25.08.2021 00:12:36.833,1.17544,1.17541,1.12,0.75
25.08.2021 00:12:36.934,1.17545,1.17541,3.37,0.75
25.08.2021 00:12:38.222,1.17544,1.17541,0.75,0.75
25.08.2021 00:12:38.324,1.17544,1.1754,0.75,0.75
25.08.2021 00:12:39.587,1.17544,1.17541,0.75,0.75
25.08.2021 00:12:44.204,1.17545,1.17541,1.12,0.75
25.08.2021 00:12:46.728,1.17543,1.1754,0.75,0.75
25.08.2021 00:13:25.710,1.17544,1.1754,0.82,0.75
25.08.2021 00:13:26.013,1.17545,1.17541,0.82,1.5
25.08.2021 00:13:32.224,1.17544,1.17541,0.75,3.34
25.08.2021 00:13:32.325,1.17545,1.17541,0.75,2.96
25.08.2021 00:13:42.215,1.17544,1.17541,0.75,0.82
25.08.2021 00:13:43.934,1.17543,1.1754,0.75,1.5
25.08.2021 00:13:44.036,1.17543,1.17539,0.75,2.4
25.08.2021 00:13:44.390,1.1754200000000001,1.17538,0.75,3.45
25.08.2021 00:13:52.312,1.1754200000000001,1.17539,0.75,0.82
25.08.2021 00:13:52.413,1.17543,1.17539,0.75,0.82
25.08.2021 00:13:59.701,1.17543,1.1754200000000001,0.75,0.75
25.08.2021 00:14:00.005,1.17544,1.1754,2.7,0.75
25.08.2021 00:14:00.106,1.1754200000000001,1.17541,0.19,0.75
25.08.2021 00:14:01.493,1.1754,1.17538,0.75,2.02
25.08.2021 00:14:01.785,1.1754,1.17537,0.75,0.75
25.08.2021 00:14:03.136,1.17538,1.17537,0.75,0.75
25.08.2021 00:14:07.011,1.17539,1.1753500000000001,1.01,0.75
25.08.2021 00:14:21.409,1.1754,1.1753600000000002,4.83,0.75
25.08.2021 00:14:21.816,1.17539,1.1753600000000002,0.1,0.75
25.08.2021 00:14:22.592,1.17539,1.17537,3.33,0.75
25.08.2021 00:14:22.745,1.1754,1.17537,3.33,0.75
25.08.2021 00:14:24.322,1.1754,1.1753600000000002,0.82,0.75
25.08.2021 00:14:28.391,1.1754200000000001,1.17538,3.89,0.75
25.08.2021 00:14:30.871,1.17544,1.1754,4.16,0.82
25.08.2021 00:14:30.973,1.17544,1.1754200000000001,0.45,0.75
25.08.2021 00:14:31.075,1.17545,1.17544,0.1,0.75
25.08.2021 00:14:31.177,1.17548,1.17544,2.32,0.75
25.08.2021 00:14:33.511,1.17548,1.1754600000000002,2.96,0.75
25.08.2021 00:14:39.535,1.17549,1.1754600000000002,0.1,0.75
25.08.2021 00:14:47.446,1.17549,1.17545,0.82,0.82
25.08.2021 00:14:48.867,1.17548,1.17545,2.13,0.82
25.08.2021 00:14:51.604,1.17549,1.17545,0.82,0.82
25.08.2021 00:14:54.860,1.1755,1.1754600000000002,2.32,0.82
25.08.2021 00:14:54.962,1.17549,1.1754600000000002,0.75,0.82
25.08.2021 00:14:57.584,1.1755,1.1754600000000002,3.71,0.82
25.08.2021 00:15:00.440,1.17549,1.1754600000000002,0.75,0.82
25.08.2021 00:15:00.542,1.1755,1.1754600000000002,1.95,1.57
25.08.2021 00:15:03.291,1.17551,1.1754700000000002,1.57,2.7
25.08.2021 00:15:04.447,1.17551,1.17548,0.75,0.1
25.08.2021 00:15:05.092,1.1755200000000001,1.17548,4.08,0.1
25.08.2021 00:15:11.874,1.1755,1.1754600000000002,4.27,0.45
25.08.2021 00:15:11.976,1.17549,1.1754600000000002,2.13,0.45
25.08.2021 00:15:12.078,1.17549,1.17544,2.88,2.02
25.08.2021 00:15:15.943,1.17549,1.17545,0.75,0.75
25.08.2021 00:15:18.097,1.17548,1.17544,0.1,1.57
25.08.2021 00:15:51.987,1.1754700000000002,1.17544,0.37,0.82
25.08.2021 00:15:52.038,1.17545,1.17543,0.75,0.45
25.08.2021 00:15:52.140,1.17544,1.1754,0.1,8.7
25.08.2021 00:15:54.507,1.17543,1.17539,0.75,0.75
25.08.2021 00:16:00.475,1.17543,1.1754,1.01,1.12
25.08.2021 00:16:00.578,1.17544,1.1754,0.1,0.75
25.08.2021 00:16:01.446,1.1754600000000002,1.1754200000000001,2.21,1.2
25.08.2021 00:16:01.548,1.1754700000000002,1.17543,3.14,0.82
25.08.2021 00:16:06.275,1.1754700000000002,1.17544,0.1,0.75
25.08.2021 00:16:06.477,1.17548,1.17544,3.71,0.82
25.08.2021 00:16:08.108,1.1754700000000002,1.1754600000000002,0.1,0.75
25.08.2021 00:16:08.540,1.17549,1.17545,0.1,3.15
25.08.2021 00:16:08.642,1.1755,1.1754600000000002,4.27,0.1
25.08.2021 00:16:16.572,1.1755,1.17548,4.08,0.1
25.08.2021 00:16:18.096,1.1755200000000001,1.17548,3.89,0.1
25.08.2021 00:16:40.657,1.17553,1.17549,2.51,0.82
25.08.2021 00:16:40.758,1.1755200000000001,1.17548,0.1,2.02
25.08.2021 00:16:41.211,1.1755200000000001,1.17549,0.1,0.75
25.08.2021 00:16:41.312,1.1755200000000001,1.17548,0.82,2.77
25.08.2021 00:17:00.276,1.17551,1.1754700000000002,2.14,2.77
25.08.2021 00:17:00.377,1.1755,1.1754700000000002,0.1,1.57
25.08.2021 00:17:00.529,1.17551,1.1754700000000002,5.21,2.7
25.08.2021 00:17:04.554,1.17551,1.17548,0.82,0.75
25.08.2021 00:17:08.879,1.1755200000000001,1.17548,3.71,0.82
25.08.2021 00:17:15.104,1.17551,1.17548,2.21,0.75
25.08.2021 00:17:15.205,1.1755,1.1754700000000002,0.1,0.75
25.08.2021 00:17:15.761,1.1755,1.1754600000000002,1.95,0.75
25.08.2021 00:17:15.913,1.17549,1.1754600000000002,2.13,0.75
25.08.2021 00:17:17.039,1.1755,1.1754600000000002,4.08,0.75
25.08.2021 00:17:17.630,1.17548,1.1754600000000002,2.21,0.75
25.08.2021 00:17:20.493,1.17549,1.17548,2.88,0.37
25.08.2021 00:17:20.594,1.17551,1.17548,1.95,0.75
25.08.2021 00:17:21.091,1.1755200000000001,1.17548,0.1,0.75
25.08.2021 00:17:36.092,1.1755,1.17548,0.1,0.75
25.08.2021 00:17:36.245,1.17551,1.17548,2.32,0.75
25.08.2021 00:17:36.348,1.1755200000000001,1.17548,0.82,0.75
25.08.2021 00:17:44.063,1.17551,1.17548,2.21,0.75
25.08.2021 00:17:50.104,1.1755200000000001,1.17548,1.57,0.75
25.08.2021 00:17:54.961,1.17553,1.17548,7.27,0.82
25.08.2021 00:17:55.114,1.17555,1.17553,2.25,0.75
25.08.2021 00:17:55.266,1.1755700000000002,1.17554,1.57,0.75
25.08.2021 00:17:55.367,1.17558,1.17555,2.51,0.75
25.08.2021 00:17:55.469,1.17558,1.1755600000000002,0.1,0.75
25.08.2021 00:17:57.890,1.17559,1.1755600000000002,2.96,0.75
25.08.2021 00:18:08.164,1.17558,1.17553,0.94,5.44
25.08.2021 00:18:08.215,1.17551,1.1755,2.25,9.07
25.08.2021 00:18:08.317,1.17551,1.17549,3.45,7.5
25.08.2021 00:18:08.418,1.17551,1.17548,1.39,0.75
25.08.2021 00:18:08.571,1.17551,1.1754700000000002,2.89,0.75
25.08.2021 00:18:13.092,1.1755,1.1754700000000002,2.51,0.75
25.08.2021 00:18:13.294,1.17549,1.1754700000000002,1.12,0.75
25.08.2021 00:18:13.472,1.17549,1.17545,1.2,1.5
25.08.2021 00:18:13.731,1.1755,1.1754600000000002,4.08,0.75
25.08.2021 00:18:14.301,1.17549,1.17545,2.96,0.75
25.08.2021 00:18:14.538,1.17549,1.1754600000000002,2.21,0.75
25.08.2021 00:18:20.956,1.17548,1.1754600000000002,5.21,0.75
25.08.2021 00:18:21.149,1.17548,1.17545,0.37,0.75
25.08.2021 00:18:21.412,1.17549,1.17545,5.21,0.75
25.08.2021 00:18:25.519,1.17548,1.17545,0.1,0.75
25.08.2021 00:18:26.357,1.17549,1.17545,1.57,0.75
25.08.2021 00:18:38.058,1.17549,1.1754600000000002,1.2,0.75
25.08.2021 00:18:38.880,1.1755,1.1754600000000002,2.51,0.75
25.08.2021 00:18:40.565,1.1755,1.1754700000000002,1.12,1.12
25.08.2021 00:18:40.616,1.1755200000000001,1.17548,1.39,0.75
25.08.2021 00:18:40.668,1.1755,1.1754700000000002,1.12,1.5
25.08.2021 00:18:40.871,1.17551,1.1754700000000002,1.95,1.12
25.08.2021 00:18:47.170,1.1755200000000001,1.17548,2.89,0.75
25.08.2021 00:18:48.770,1.1755,1.1754700000000002,0.1,0.75
25.08.2021 00:18:58.843,1.1755,1.1754600000000002,0.45,0.75
25.08.2021 00:19:08.099,1.1755200000000001,1.17548,3.14,0.75
25.08.2021 00:20:01.005,1.1755200000000001,1.17549,0.82,0.75
25.08.2021 00:20:01.109,1.1755200000000001,1.17548,1.57,0.75
25.08.2021 00:20:13.192,1.1755200000000001,1.1755,0.1,0.75
25.08.2021 00:20:13.344,1.17551,1.17549,0.82,0.75
25.08.2021 00:20:14.198,1.17553,1.1755,1.65,0.75
25.08.2021 00:20:14.248,1.17551,1.17549,0.75,1.57
25.08.2021 00:20:32.353,1.17551,1.17548,0.37,0.82
25.08.2021 00:20:32.404,1.17549,1.1754700000000002,0.1,0.75
25.08.2021 00:20:32.505,1.17549,1.1754600000000002,0.1,1.12
25.08.2021 00:20:46.401,1.1754700000000002,1.17543,0.82,2.32
25.08.2021 00:20:46.502,1.1754600000000002,1.17543,0.1,0.75
25.08.2021 00:20:46.603,1.17545,1.1754200000000001,0.1,0.75
25.08.2021 00:20:54.951,1.1754600000000002,1.1754200000000001,3.33,0.75
25.08.2021 00:20:55.149,1.17544,1.17543,0.1,0.75
25.08.2021 00:21:03.019,1.1754600000000002,1.17543,0.1,0.75
25.08.2021 00:21:03.120,1.1754700000000002,1.17544,0.1,0.75
25.08.2021 00:21:03.221,1.17548,1.17545,3,0.75
25.08.2021 00:21:08.494,1.17549,1.17545,4.57,0.75
25.08.2021 00:21:11.475,1.1754700000000002,1.17543,0.82,3.94
25.08.2021 00:21:11.881,1.1754700000000002,1.17544,0.1,0.75
25.08.2021 00:21:22.143,1.17548,1.17544,0.75,0.75
25.08.2021 00:21:22.805,1.17545,1.1754200000000001,0.1,2.32
25.08.2021 00:21:23.007,1.17545,1.17541,0.82,8.32
25.08.2021 00:21:23.336,1.1754600000000002,1.1754200000000001,5.58,0.82
25.08.2021 00:21:23.437,1.17545,1.17541,1.2,1.57
25.08.2021 00:21:26.633,1.1754600000000002,1.1754200000000001,0.82,3.45
25.08.2021 00:21:27.070,1.17545,1.1754200000000001,0.75,1.57
25.08.2021 00:21:27.222,1.17544,1.1754200000000001,0.1,0.75
25.08.2021 00:21:27.273,1.17543,1.17541,0.82,5.52
25.08.2021 00:21:27.912,1.17543,1.1754,0.1,0.75
25.08.2021 00:21:28.014,1.17543,1.17539,0.82,0.82
25.08.2021 00:21:28.166,1.17544,1.17541,0.1,0.75
25.08.2021 00:21:28.267,1.17545,1.17541,4.08,0.82
25.08.2021 00:21:44.571,1.17544,1.17541,0.75,0.82
25.08.2021 00:21:44.672,1.17544,1.1754,0.82,1.27
25.08.2021 00:21:51.649,1.17543,1.17539,0.75,0.75
25.08.2021 00:22:02.608,1.17544,1.1754,3.33,0.75
25.08.2021 00:22:08.042,1.17545,1.1754200000000001,0.45,0.82
25.08.2021 00:22:08.244,1.1754600000000002,1.1754200000000001,4.08,0.82
25.08.2021 00:22:08.722,1.17545,1.17541,0.37,1.5
25.08.2021 00:22:09.476,1.1754600000000002,1.17541,4.46,1.5
25.08.2021 00:22:09.581,1.1754600000000002,1.1754200000000001,3.71,0.75
25.08.2021 00:22:14.366,1.1754600000000002,1.17543,0.75,0.75
25.08.2021 00:22:21.419,1.1754600000000002,1.1754200000000001,1.57,0.75
25.08.2021 00:22:28.522,1.17544,1.1754200000000001,1.5,0.75
25.08.2021 00:22:28.624,1.17543,1.1754,0.1,0.75
25.08.2021 00:22:32.454,1.17543,1.17539,0.1,0.82
25.08.2021 00:22:51.734,1.17543,1.1754,0.1,0.75
25.08.2021 00:22:52.549,1.1754200000000001,1.17538,1.87,1.5
25.08.2021 00:22:52.650,1.1754,1.17539,0.37,0.75
25.08.2021 00:22:56.788,1.1754200000000001,1.17538,4.38,0.75
25.08.2021 00:22:56.889,1.17543,1.17539,6.59,0.75
25.08.2021 00:22:59.930,1.17543,1.1754,3.33,0.75
25.08.2021 00:23:06.605,1.17541,1.17539,4.38,0.75
25.08.2021 00:23:10.709,1.17539,1.1753600000000002,0.1,0.75
25.08.2021 00:23:36.424,1.17541,1.1753600000000002,5.09,0.75
25.08.2021 00:23:45.522,1.1754,1.1753600000000002,2.13,0.75
25.08.2021 00:23:48.168,1.17541,1.1753600000000002,4.27,0.75
25.08.2021 00:24:15.661,1.1754200000000001,1.17538,0.52,0.75
25.08.2021 00:24:15.762,1.17543,1.17539,1.65,0.75
25.08.2021 00:24:29.116,1.17543,1.1754,0.1,0.75
25.08.2021 00:24:29.402,1.17544,1.1754,1.95,0.75
25.08.2021 00:24:37.575,1.17544,1.17539,1.57,3.76
25.08.2021 00:24:46.054,1.17543,1.17539,0.1,0.94
25.08.2021 00:24:46.156,1.1754200000000001,1.17538,1.2,0.19
25.08.2021 00:24:46.257,1.17541,1.17538,4.83,1.39
25.08.2021 00:24:46.359,1.1754,1.1753600000000002,0.82,0.19
25.08.2021 00:24:52.791,1.17539,1.1753500000000001,2.96,0.94
25.08.2021 00:24:55.578,1.1753600000000002,1.17534,0.19,0.75
25.08.2021 00:24:55.679,1.17534,1.1753200000000001,0.26,1.2
25.08.2021 00:24:55.781,1.17531,1.17529,0.75,0.75
25.08.2021 00:24:55.883,1.1753,1.17527,0.75,2.96
25.08.2021 00:24:56.136,1.1753,1.1752500000000001,4.83,3.26
25.08.2021 00:25:00.149,1.17529,1.1752500000000001,0.1,1.76
25.08.2021 00:25:00.291,1.17529,1.17527,0.1,0.75
25.08.2021 00:25:00.393,1.1753,1.1752799999999999,1.2,3.26
25.08.2021 00:25:01.145,1.17531,1.1752600000000002,3.52,2.51
25.08.2021 00:25:01.247,1.1753,1.1752600000000002,0.75,1.76
25.08.2021 00:25:10.449,1.17529,1.1752500000000001,0.82,1.69
25.08.2021 00:25:10.551,1.1752799999999999,1.17524,0.75,5.71
25.08.2021 00:25:10.703,1.17527,1.17523,1.95,1.2
25.08.2021 00:25:10.804,1.1752500000000001,1.17523,1.2,0.45
25.08.2021 00:25:10.855,1.17524,1.1752,0.75,2.51
25.08.2021 00:25:11.470,1.1752500000000001,1.1752,1.2,2.51
25.08.2021 00:25:15.004,1.17524,1.1752,0.1,1.69
25.08.2021 00:25:19.604,1.17524,1.17519,0.82,3.64
25.08.2021 00:25:20.354,1.17524,1.1752,1.5,0.82
25.08.2021 00:25:20.682,1.17523,1.17519,0.75,4.51
25.08.2021 00:25:23.420,1.17523,1.17518,0.82,5.71
25.08.2021 00:25:25.111,1.17523,1.17519,0.82,0.94
25.08.2021 00:25:27.621,1.17524,1.17519,4.08,1.76
25.08.2021 00:25:32.318,1.17523,1.17519,0.1,1.69
25.08.2021 00:25:37.137,1.17523,1.17518,0.82,6.38
25.08.2021 00:25:41.857,1.17523,1.17519,0.82,0.75
25.08.2021 00:25:41.959,1.17524,1.17519,3.71,1.76
25.08.2021 00:25:43.125,1.17523,1.17521,0.75,1.01
25.08.2021 00:26:08.062,1.1752500000000001,1.1752200000000002,0.75,0.19
25.08.2021 00:26:08.214,1.17527,1.17524,2.96,0.82
25.08.2021 00:26:08.316,1.1752799999999999,1.17524,0.82,1.69
25.08.2021 00:26:09.759,1.17529,1.17524,3.33,1.76
25.08.2021 00:26:17.423,1.17529,1.1752500000000001,0.82,3.49
25.08.2021 00:26:23.360,1.17529,1.1752600000000002,0.75,0.19
25.08.2021 00:26:36.086,1.1753,1.1752600000000002,0.82,0.19
25.08.2021 00:26:45.238,1.17529,1.1752500000000001,0.75,1.76
25.08.2021 00:26:50.018,1.1752799999999999,1.1752500000000001,0.82,0.19
25.08.2021 00:26:50.122,1.17527,1.17524,0.75,0.19
25.08.2021 00:26:51.142,1.1752799999999999,1.1752500000000001,2.96,0.19
25.08.2021 00:26:59.446,1.17529,1.1752500000000001,0.75,1.01
25.08.2021 00:26:59.547,1.17529,1.1752600000000002,0.75,0.19
25.08.2021 00:27:00.646,1.1753,1.1752799999999999,0.45,0.94
25.08.2021 00:27:00.749,1.1753,1.1752799999999999,0.75,2.14
25.08.2021 00:27:00.952,1.17531,1.1752799999999999,0.75,0.19
25.08.2021 00:27:01.105,1.17531,1.17527,0.75,7.21
25.08.2021 00:27:01.524,1.1753,1.17527,0.75,0.26
25.08.2021 00:27:06.131,1.17529,1.1752600000000002,0.75,0.19
25.08.2021 00:27:06.232,1.17529,1.1752500000000001,0.75,1.46
25.08.2021 00:27:06.536,1.17527,1.1752600000000002,0.75,0.19
25.08.2021 00:27:06.892,1.17529,1.1752500000000001,0.82,0.19
25.08.2021 00:27:13.824,1.17529,1.1752600000000002,1.12,0.19
25.08.2021 00:27:33.388,1.17529,1.1752500000000001,1.2,0.94
25.08.2021 00:27:45.044,1.17529,1.1752600000000002,0.75,0.19
25.08.2021 00:28:01.930,1.17529,1.17527,0.75,0.19
25.08.2021 00:28:01.981,1.17531,1.17527,0.75,4.01
25.08.2021 00:28:11.220,1.17531,1.1752799999999999,0.75,0.75
25.08.2021 00:28:11.271,1.1753200000000001,1.17531,2.88,0.19
25.08.2021 00:28:11.373,1.1753500000000001,1.1753,3.71,1.01
25.08.2021 00:28:15.149,1.1753500000000001,1.17531,3.33,0.19
25.08.2021 00:28:15.252,1.1753600000000002,1.1753200000000001,4.38,0.26
25.08.2021 00:28:18.459,1.17534,1.1753200000000001,0.37,0.26
25.08.2021 00:28:18.630,1.1753600000000002,1.1753200000000001,0.75,0.26
25.08.2021 00:28:21.651,1.17537,1.1753200000000001,4.83,1.01
25.08.2021 00:28:21.753,1.17537,1.17533,0.75,1.76
25.08.2021 00:28:28.702,1.1753600000000002,1.17533,0.37,2.14
25.08.2021 00:28:28.753,1.1753500000000001,1.17531,0.82,1.76
25.08.2021 00:28:28.855,1.17534,1.17531,0.75,1.2
25.08.2021 00:28:28.956,1.17533,1.17531,0.75,9.26
25.08.2021 00:28:40.861,1.1753200000000001,1.1752799999999999,1.57,2.74
25.08.2021 00:28:40.962,1.17531,1.17527,0.75,2.21
25.08.2021 00:28:45.404,1.1753,1.17527,0.75,0.19
25.08.2021 00:28:45.872,1.1753,1.1752600000000002,0.82,0.19
25.08.2021 00:28:46.074,1.1752799999999999,1.17527,0.82,0.19
25.08.2021 00:28:47.125,1.1753,1.1752600000000002,4.83,0.19
25.08.2021 00:28:56.976,1.17529,1.1752500000000001,0.82,0.94
25.08.2021 00:28:57.077,1.17529,1.17524,2.96,1.76
25.08.2021 00:28:57.332,1.1752799999999999,1.17524,0.37,1.76
25.08.2021 00:29:00.900,1.17529,1.17524,3.33,1.76
25.08.2021 00:29:01.805,1.17529,1.1752500000000001,1.2,0.75
25.08.2021 00:29:57.004,1.1753,1.1752500000000001,7.01,0.19
25.08.2021 00:30:00.412,1.1752799999999999,1.1752600000000002,3.26,0.19
25.08.2021 00:30:00.715,1.17529,1.1752600000000002,1.12,0.19
25.08.2021 00:30:10.942,1.1753,1.17527,4.46,0.26
25.08.2021 00:30:11.044,1.1753,1.1752600000000002,0.1,0.19
25.08.2021 00:30:17.494,1.17527,1.1752500000000001,0.75,0.75
25.08.2021 00:30:17.545,1.17523,1.17521,5.06,7.5
25.08.2021 00:30:17.596,1.17521,1.17519,1.12,0.45
25.08.2021 00:30:17.647,1.17518,1.17516,0.75,0.94
25.08.2021 00:30:17.698,1.1752,1.17516,4.2,0.75
25.08.2021 00:30:17.749,1.17518,1.17516,0.1,0.94
25.08.2021 00:30:17.800,1.17517,1.1751500000000001,0.1,1.76
25.08.2021 00:30:20.077,1.17519,1.1751500000000001,0.45,2.06
25.08.2021 00:30:21.065,1.17518,1.17514,0.1,1.76
25.08.2021 00:30:30.256,1.17518,1.17513,0.1,6.83
25.08.2021 00:30:39.758,1.1751200000000002,1.1751,0.75,7.5
25.08.2021 00:30:39.809,1.1751500000000001,1.1751200000000002,5.51,0.37
25.08.2021 00:30:39.860,1.1751200000000002,1.1751,0.75,7.87
25.08.2021 00:30:39.962,1.17511,1.17508,0.1,1.39
25.08.2021 00:30:41.126,1.17513,1.1751,0.1,0.19
25.08.2021 00:30:41.228,1.17511,1.17508,0.1,1.69
25.08.2021 00:30:42.105,1.1751200000000002,1.17508,2.96,0.26
25.08.2021 00:30:43.708,1.17511,1.17508,0.75,0.26
25.08.2021 00:30:49.762,1.1751200000000002,1.17508,0.82,0.26
25.08.2021 00:30:49.864,1.17511,1.17507,0.82,1.01
25.08.2021 00:30:49.966,1.1751,1.17506,0.75,1.39
25.08.2021 00:30:50.068,1.17509,1.1750500000000001,0.1,1.01
25.08.2021 00:30:53.330,1.1750500000000001,1.17503,2.62,0.45
25.08.2021 00:30:53.381,1.17503,1.175,0.1,7.87
25.08.2021 00:30:53.484,1.1750200000000002,1.175,0.75,7.5
25.08.2021 00:30:53.535,1.17501,1.17498,0.1,1.95
25.08.2021 00:30:54.059,1.17501,1.17497,0.1,3.64
25.08.2021 00:30:54.468,1.17501,1.17499,0.1,0.19
25.08.2021 00:30:55.229,1.17504,1.1750200000000002,0.1,0.19
25.08.2021 00:30:55.330,1.1750200000000002,1.175,2.25,0.37
25.08.2021 00:30:55.432,1.1750500000000001,1.175,3.63,0.94
25.08.2021 00:30:55.533,1.17501,1.17499,0.1,0.82
25.08.2021 00:30:55.584,1.17503,1.17499,2.25,0.45
25.08.2021 00:30:55.685,1.17504,1.17501,1.57,0.19
25.08.2021 00:30:55.787,1.1750500000000001,1.17501,1.12,0.19
25.08.2021 00:30:55.888,1.17504,1.175,0.1,0.45
25.08.2021 00:30:55.989,1.17504,1.17499,0.1,3.64
25.08.2021 00:30:59.050,1.1750200000000002,1.17498,0.82,2.59
25.08.2021 00:30:59.469,1.17501,1.17498,2.13,0.26
25.08.2021 00:30:59.827,1.1750200000000002,1.17498,0.82,0.26
25.08.2021 00:31:00.028,1.17501,1.17498,2.13,0.26
25.08.2021 00:31:00.162,1.1750200000000002,1.17498,0.82,0.26
25.08.2021 00:31:00.314,1.1750200000000002,1.17501,2.96,1.69
25.08.2021 00:31:00.365,1.1750500000000001,1.17501,1.95,0.94
25.08.2021 00:31:00.416,1.17503,1.17501,0.75,0.19
25.08.2021 00:31:00.470,1.1750200000000002,1.17498,0.82,3.01
25.08.2021 00:31:00.521,1.17504,1.17499,2.32,2.74
25.08.2021 00:31:00.572,1.1750200000000002,1.17498,0.82,0.45
25.08.2021 00:31:01.322,1.1750200000000002,1.17499,0.1,0.75
25.08.2021 00:31:01.423,1.17501,1.17499,0.1,1.57
25.08.2021 00:31:02.919,1.1750200000000002,1.17499,0.82,1.69
25.08.2021 00:31:03.021,1.17503,1.17499,4.27,0.1
25.08.2021 00:31:04.123,1.1750200000000002,1.17498,0.75,0.1
25.08.2021 00:31:05.528,1.17503,1.17498,4.65,1.57
25.08.2021 00:31:06.272,1.1750200000000002,1.17498,0.75,0.1
25.08.2021 00:31:14.450,1.17501,1.17498,0.75,0.1
25.08.2021 00:31:19.555,1.175,1.17496,0.82,0.94
25.08.2021 00:31:19.656,1.175,1.1749500000000002,1.2,3.71
25.08.2021 00:31:20.704,1.175,1.17496,1.2,0.37
25.08.2021 00:31:20.806,1.17501,1.17497,0.75,1.95
25.08.2021 00:31:32.412,1.17501,1.17496,3.71,0.26
25.08.2021 00:31:34.465,1.175,1.17496,0.75,0.26
25.08.2021 00:31:36.897,1.17499,1.17496,0.1,0.19
25.08.2021 00:31:37.876,1.175,1.17496,1.2,0.19
25.08.2021 00:31:40.539,1.175,1.1749500000000002,1.2,1.69
25.08.2021 00:31:41.323,1.17499,1.1749500000000002,0.1,1.69
25.08.2021 00:31:43.374,1.175,1.1749500000000002,2.13,2.89
25.08.2021 00:31:45.398,1.17501,1.1749500000000002,5.96,2.59
25.08.2021 00:31:45.449,1.17501,1.17497,4.01,2.62
25.08.2021 00:31:45.551,1.1750200000000002,1.17497,2.32,1.87
25.08.2021 00:31:49.867,1.17501,1.17496,2.88,2.96
25.08.2021 00:31:49.968,1.17501,1.17497,2.88,0.1
25.08.2021 00:31:50.099,1.17501,1.17496,2.96,1.76
25.08.2021 00:31:50.980,1.17501,1.17497,2.13,0.82
25.08.2021 00:31:51.081,1.17501,1.17498,4.83,0.82
25.08.2021 00:31:51.443,1.17501,1.17497,2.13,0.82
25.08.2021 00:31:51.658,1.1750200000000002,1.17497,4.08,2.7
25.08.2021 00:31:51.759,1.17501,1.17497,2.13,1.2
25.08.2021 00:31:51.861,1.17501,1.17498,4.83,1.95
25.08.2021 00:31:52.757,1.17501,1.17497,2.13,0.45
25.08.2021 00:31:53.372,1.1750200000000002,1.17497,6.33,1.2
25.08.2021 00:31:53.942,1.17501,1.17497,2.13,0.45
25.08.2021 00:31:58.696,1.1750200000000002,1.17497,2.96,3.64
25.08.2021 00:32:00.398,1.1750200000000002,1.17499,2.96,0.75
25.08.2021 00:32:00.500,1.17503,1.17498,2.7,4.32
25.08.2021 00:32:00.602,1.1750200000000002,1.17498,2.88,0.82
25.08.2021 00:32:02.881,1.1750200000000002,1.17497,1.65,4.69
25.08.2021 00:32:02.992,1.17501,1.17496,0.82,2.51
25.08.2021 00:32:03.251,1.175,1.1749500000000002,0.82,4.46
25.08.2021 00:32:03.666,1.17499,1.1749500000000002,0.1,0.75
25.08.2021 00:32:04.173,1.175,1.17497,0.75,1.5
25.08.2021 00:32:04.274,1.175,1.17497,0.82,8.26
25.08.2021 00:32:04.376,1.1750200000000002,1.17497,1.57,3.45
25.08.2021 00:32:10.274,1.1750200000000002,1.17497,1.57,2.75
25.08.2021 00:32:21.975,1.1750200000000002,1.17499,1.65,0.37
25.08.2021 00:32:22.175,1.17501,1.17498,1.65,2.94
25.08.2021 00:32:24.939,1.1750200000000002,1.17497,1.65,2.93
25.08.2021 00:32:26.233,1.17501,1.17496,1.95,0.86
25.08.2021 00:32:26.334,1.175,1.17496,0.45,0.75
25.08.2021 00:32:26.537,1.17499,1.1749500000000002,0.1,0.75
25.08.2021 00:32:32.183,1.17499,1.17494,1.57,3.57
25.08.2021 00:32:32.576,1.175,1.1749500000000002,4.83,1.01
25.08.2021 00:32:32.678,1.17499,1.1749500000000002,2.13,1.01
25.08.2021 00:32:33.448,1.17499,1.17494,0.82,2.18
25.08.2021 00:32:45.142,1.175,1.1749500000000002,1.87,0.11
25.08.2021 00:32:45.300,1.17501,1.17496,1.95,9.01
25.08.2021 00:32:45.681,1.17501,1.17497,0.75,0.1
25.08.2021 00:32:49.648,1.17496,1.17494,0.75,0.19
25.08.2021 00:32:49.699,1.1749100000000001,1.17489,1.5,2.51
25.08.2021 00:32:49.801,1.1749,1.17488,2.06,0.75
25.08.2021 00:32:49.852,1.17488,1.17485,0.75,0.1
25.08.2021 00:32:49.953,1.17488,1.17484,0.75,3.94
25.08.2021 00:32:54.533,1.17489,1.17485,1.12,0.1
25.08.2021 00:32:54.634,1.17489,1.17484,1.12,6.27
25.08.2021 00:32:56.609,1.1749,1.17485,2.06,0.1
25.08.2021 00:33:00.193,1.17489,1.17484,0.37,2.32
25.08.2021 00:33:00.500,1.17489,1.17485,0.75,1.76
25.08.2021 00:33:03.009,1.1749,1.17485,3.37,0.82
25.08.2021 00:33:07.973,1.17489,1.17484,0.75,2.51
25.08.2021 00:33:10.850,1.17488,1.17484,0.75,2.51
25.08.2021 00:33:10.952,1.17487,1.17484,2.25,7.02
25.08.2021 00:33:11.104,1.17487,1.17483,0.75,7.02
25.08.2021 00:33:12.038,1.17488,1.17484,2.13,0.82
25.08.2021 00:33:12.139,1.17489,1.17484,2.62,0.82
25.08.2021 00:33:16.812,1.17488,1.17484,2.13,0.82
25.08.2021 00:33:17.549,1.17489,1.17484,4.01,0.82
25.08.2021 00:33:17.650,1.17489,1.17485,1.12,0.75
25.08.2021 00:33:31.272,1.17489,1.17484,2.25,0.82
25.08.2021 00:33:32.376,1.17488,1.17483,1.5,2.7
25.08.2021 00:33:47.213,1.17484,1.1748200000000002,1.12,1.95
25.08.2021 00:33:47.265,1.1748100000000001,1.17478,1.87,4.99
25.08.2021 00:33:47.366,1.1748,1.17477,2.06,1.39
25.08.2021 00:33:47.468,1.17478,1.17476,0.75,0.75
25.08.2021 00:33:47.519,1.17478,1.1747400000000001,1.87,0.19
25.08.2021 00:33:47.570,1.17475,1.17473,0.82,1.2
25.08.2021 00:33:47.672,1.17475,1.17469,1.5,8.71
25.08.2021 00:33:47.924,1.1747400000000001,1.17469,0.75,2.89
25.08.2021 00:33:54.711,1.1747200000000002,1.1747,2.32,0.45
25.08.2021 00:33:54.812,1.1747200000000002,1.17468,0.1,1.65
25.08.2021 00:34:04.391,1.1747400000000001,1.17468,5.77,1.2
25.08.2021 00:34:04.502,1.1747400000000001,1.1747,0.45,0.75
25.08.2021 00:34:04.604,1.17475,1.1747,6.56,0.75
25.08.2021 00:34:09.687,1.1747400000000001,1.17469,1.12,0.82
25.08.2021 00:34:15.761,1.1747400000000001,1.1747,0.37,0.75
25.08.2021 00:34:15.892,1.17475,1.1747,2.81,0.75
25.08.2021 00:34:16.223,1.1747400000000001,1.1747,0.75,0.75
25.08.2021 00:34:17.047,1.17475,1.1747,5.96,0.75
25.08.2021 00:34:17.148,1.1747400000000001,1.1747,0.82,0.75
25.08.2021 00:34:21.312,1.17473,1.1747,2.13,0.75
25.08.2021 00:34:21.822,1.1747400000000001,1.1747,0.82,0.75
25.08.2021 00:34:24.267,1.17475,1.1747,2.4,6.31
25.08.2021 00:34:24.368,1.17475,1.17473,1.2,0.82
25.08.2021 00:34:24.419,1.17477,1.17475,0.82,0.75
25.08.2021 00:34:24.622,1.17479,1.1747400000000001,4.16,0.75
25.08.2021 00:34:31.093,1.17476,1.1747400000000001,0.37,0.75
25.08.2021 00:34:31.144,1.17476,1.1747200000000002,4.01,0.82
25.08.2021 00:34:31.245,1.1747400000000001,1.1747200000000002,0.75,4.24
25.08.2021 00:34:31.599,1.17476,1.1747100000000001,2.77,0.75
25.08.2021 00:34:32.157,1.17477,1.17473,0.9,1.95
25.08.2021 00:34:32.258,1.17477,1.17475,0.45,2.44
25.08.2021 00:34:32.359,1.17479,1.1747400000000001,2.21,2.44
25.08.2021 00:34:32.758,1.1748,1.1747400000000001,3.15,1.76
25.08.2021 00:34:32.929,1.17479,1.1747400000000001,2.13,1.76
25.08.2021 00:34:36.135,1.1748,1.1747400000000001,4.53,5.26
25.08.2021 00:34:37.918,1.17479,1.1747400000000001,2.13,2.14
25.08.2021 00:34:38.129,1.1748,1.17476,0.1,0.82
25.08.2021 00:34:45.638,1.1748,1.17475,0.45,1.5
25.08.2021 00:34:50.821,1.17479,1.17475,0.1,0.75
25.08.2021 00:34:55.417,1.17479,1.17476,2.02,3.49
25.08.2021 00:34:59.577,1.1748100000000001,1.17477,0.9,2.7
25.08.2021 00:34:59.679,1.1748100000000001,1.17478,0.45,2.14
25.08.2021 00:34:59.730,1.17483,1.17478,0.75,2.14
25.08.2021 00:34:59.997,1.17484,1.17478,4.91,5.63
25.08.2021 00:35:00.355,1.17484,1.17479,3.03,0.75
25.08.2021 00:35:02.919,1.17484,1.1748,3.41,0.75
25.08.2021 00:35:05.086,1.17485,1.1748100000000001,1.57,0.75
25.08.2021 00:35:05.187,1.17485,1.17483,0.45,0.75
25.08.2021 00:35:05.290,1.17488,1.17483,0.75,4.88
25.08.2021 00:35:05.392,1.17489,1.17483,4.91,4.88
25.08.2021 00:35:07.040,1.17489,1.17485,0.52,3.57
25.08.2021 00:35:07.802,1.1749,1.17485,0.37,0.82
25.08.2021 00:35:11.154,1.1749,1.17486,0.45,0.75
25.08.2021 00:35:12.798,1.1749200000000002,1.17487,2.02,3.49
25.08.2021 00:35:13.203,1.17493,1.17488,1.65,1.5
25.08.2021 00:35:15.598,1.17493,1.17489,0.75,0.75
25.08.2021 00:35:15.750,1.17494,1.17489,2.02,0.75
25.08.2021 00:35:19.989,1.17494,1.1749,1.12,0.75
25.08.2021 00:35:20.092,1.1749500000000002,1.1749,0.9,0.75
25.08.2021 00:35:20.193,1.1749500000000002,1.1749100000000001,0.45,0.75
25.08.2021 00:35:31.114,1.1749500000000002,1.1749,1.27,0.75
25.08.2021 00:36:02.634,1.1749500000000002,1.1749100000000001,0.45,2.74
25.08.2021 00:36:02.736,1.17496,1.17493,0.45,0.75
25.08.2021 00:36:02.838,1.17498,1.17494,0.37,0.75
25.08.2021 00:36:02.939,1.17499,1.1749500000000002,0.9,0.82
25.08.2021 00:36:03.041,1.175,1.17496,0.1,0.1
25.08.2021 00:36:05.075,1.17496,1.17493,2.25,0.75
25.08.2021 00:36:05.126,1.1749500000000002,1.1749100000000001,0.1,8.89
25.08.2021 00:36:05.227,1.17494,1.1749,2.21,2.25
25.08.2021 00:36:06.306,1.17494,1.17489,1.65,3.49
25.08.2021 00:36:08.421,1.1749,1.17486,0.75,2.89
25.08.2021 00:36:08.523,1.17489,1.17486,0.1,1.12
25.08.2021 00:36:08.624,1.17489,1.17485,0.1,4.24
25.08.2021 00:36:13.374,1.17489,1.17486,0.82,0.75
25.08.2021 00:36:13.577,1.17489,1.17485,4.95,0.75
25.08.2021 00:36:25.688,1.17488,1.17487,0.1,0.75
25.08.2021 00:36:25.791,1.1749,1.17486,2.4,3.49
25.08.2021 00:36:28.327,1.17489,1.17486,0.37,0.75
25.08.2021 00:36:31.101,1.1749100000000001,1.17487,0.9,1.57
25.08.2021 00:36:31.203,1.1749,1.17489,0.52,0.75
25.08.2021 00:36:34.456,1.1749100000000001,1.17487,4.08,0.82
25.08.2021 00:36:34.608,1.1749100000000001,1.17488,0.1,0.75
25.08.2021 00:36:45.944,1.1749200000000002,1.17488,0.1,0.82
25.08.2021 00:36:46.049,1.1749200000000002,1.17489,0.1,0.75
25.08.2021 00:37:07.673,1.1749200000000002,1.17488,0.1,1.57
25.08.2021 00:37:11.230,1.1749100000000001,1.17488,0.1,0.75
25.08.2021 00:37:11.331,1.1749100000000001,1.17487,0.1,1.57
25.08.2021 00:37:11.743,1.1749,1.17487,2.21,0.75
25.08.2021 00:37:11.845,1.17489,1.17486,0.1,0.75
25.08.2021 00:37:11.947,1.17489,1.17485,0.1,0.75
25.08.2021 00:37:15.434,1.17489,1.17486,0.1,0.75
25.08.2021 00:37:42.390,1.17489,1.17488,0.1,0.75
25.08.2021 00:37:42.501,1.1749200000000002,1.17489,2.66,0.75
25.08.2021 00:37:43.281,1.17486,1.17483,0.75,8.25
25.08.2021 00:37:43.383,1.17483,1.1748,1.57,1.95
25.08.2021 00:37:46.283,1.1748100000000001,1.17478,0.37,0.75
25.08.2021 00:37:46.435,1.1748100000000001,1.17477,1.2,0.75
25.08.2021 00:37:46.537,1.17479,1.17478,0.1,0.75
25.08.2021 00:37:47.676,1.17479,1.17476,0.1,0.75
25.08.2021 00:37:53.601,1.17479,1.17475,1.57,0.75
25.08.2021 00:37:53.703,1.17478,1.17475,0.75,0.75
25.08.2021 00:37:58.651,1.17479,1.17475,1.95,0.75
25.08.2021 00:38:04.669,1.17479,1.1747400000000001,7.16,0.75
25.08.2021 00:38:23.893,1.17479,1.17477,0.82,0.75
25.08.2021 00:38:23.943,1.1748200000000002,1.17477,8.66,0.75
25.08.2021 00:38:24.045,1.1748100000000001,1.1748,0.45,0.75
25.08.2021 00:38:24.146,1.17483,1.17479,4.2,0.75
25.08.2021 00:38:44.720,1.17483,1.17478,3.64,0.75
25.08.2021 00:38:47.358,1.1748200000000002,1.17478,0.37,0.75
25.08.2021 00:38:49.368,1.1748100000000001,1.17478,0.37,0.75
25.08.2021 00:38:49.419,1.1748,1.17476,0.1,0.82
25.08.2021 00:38:49.572,1.17479,1.17476,0.1,0.75
25.08.2021 00:38:53.191,1.17479,1.17475,0.9,0.75
25.08.2021 00:38:54.513,1.17479,1.1747400000000001,2.4,0.75
25.08.2021 00:38:54.861,1.17476,1.1747400000000001,1.57,0.82
25.08.2021 00:38:54.963,1.17476,1.1747200000000002,0.1,0.75
25.08.2021 00:38:57.078,1.17475,1.1747200000000002,0.75,0.75
25.08.2021 00:38:57.179,1.17476,1.1747100000000001,1.12,3.76
25.08.2021 00:39:00.639,1.17477,1.1747200000000002,5.66,0.75
25.08.2021 00:39:00.983,1.17476,1.1747200000000002,1.12,0.75
25.08.2021 00:39:03.934,1.1747100000000001,1.17469,2.25,7.5
25.08.2021 00:39:04.036,1.1747,1.17467,2.96,0.75
25.08.2021 00:39:04.137,1.1747,1.17466,3.33,0.75
25.08.2021 00:39:08.154,1.1747,1.17465,6.03,0.82
25.08.2021 00:39:11.421,1.17469,1.17465,0.1,0.75
25.08.2021 00:39:19.654,1.17468,1.17465,0.1,0.75
25.08.2021 00:39:23.154,1.17468,1.1746400000000001,0.1,0.75
25.08.2021 00:39:26.683,1.17467,1.17463,0.82,0.75
25.08.2021 00:39:26.785,1.17466,1.1746200000000002,0.1,0.75
25.08.2021 00:39:30.660,1.17466,1.1746100000000002,1.65,0.82
25.08.2021 00:39:30.998,1.17465,1.1746100000000002,0.1,0.75
25.08.2021 00:39:32.794,1.17466,1.1746100000000002,1.84,0.82
25.08.2021 00:39:33.401,1.17465,1.1746100000000002,0.1,0.75
25.08.2021 00:39:33.981,1.17466,1.1746100000000002,3.41,0.82
25.08.2021 00:39:34.082,1.17465,1.1746100000000002,0.1,0.75
25.08.2021 00:39:36.706,1.17466,1.1746100000000002,2.21,1.57
25.08.2021 00:39:36.908,1.17465,1.1746100000000002,0.1,1.5
25.08.2021 00:39:37.010,1.17465,1.1746200000000002,0.82,1.57
25.08.2021 00:39:49.352,1.17465,1.1746100000000002,0.1,0.75
25.08.2021 00:39:52.871,1.1746400000000001,1.1746,0.75,0.1
25.08.2021 00:39:52.972,1.1746400000000001,1.17459,3.71,3.26
25.08.2021 00:39:56.714,1.17463,1.17459,0.1,2.25
25.08.2021 00:40:20.685,1.1746400000000001,1.17459,2.4,1.57
25.08.2021 00:40:24.473,1.17463,1.17459,0.1,1.5
25.08.2021 00:40:25.405,1.1746200000000002,1.17459,0.82,0.75
25.08.2021 00:40:30.970,1.1746100000000002,1.17459,0.37,0.75
25.08.2021 00:40:31.021,1.17456,1.17454,0.37,7.69
25.08.2021 00:40:31.122,1.17455,1.1745200000000002,0.75,0.75
25.08.2021 00:40:31.275,1.17454,1.17449,0.82,3.64
25.08.2021 00:40:35.154,1.17453,1.17449,0.75,1.95
25.08.2021 00:40:35.968,1.1745200000000002,1.17448,0.82,0.82
25.08.2021 00:40:36.069,1.1745,1.1744700000000001,0.82,1.12
25.08.2021 00:40:36.171,1.1745100000000002,1.1744700000000001,0.82,2.7
25.08.2021 00:40:36.527,1.1745100000000002,1.17448,0.75,0.1
25.08.2021 00:40:37.750,1.1745200000000002,1.17448,2.96,0.1
25.08.2021 00:40:51.641,1.1745100000000002,1.17448,0.37,1.2
25.08.2021 00:40:51.692,1.1745,1.17446,0.1,0.82
25.08.2021 00:40:51.794,1.17449,1.17445,0.1,1.46
25.08.2021 00:40:53.283,1.17448,1.17445,0.1,0.75
25.08.2021 00:40:54.062,1.17449,1.17445,0.82,0.75
25.08.2021 00:40:56.180,1.17449,1.17444,4.46,1.5
25.08.2021 00:41:02.167,1.17448,1.17443,0.75,6.19
25.08.2021 00:41:02.269,1.1744700000000001,1.17443,1.57,1.95
25.08.2021 00:41:17.403,1.17446,1.17443,0.75,1.57
25.08.2021 00:41:17.454,1.17444,1.1744100000000002,0.82,0.45
25.08.2021 00:41:17.606,1.17444,1.1744,0.82,1.76
25.08.2021 00:41:17.967,1.17444,1.1744100000000002,0.75,0.1
25.08.2021 00:41:18.676,1.17445,1.17442,2.88,0.45
25.08.2021 00:41:18.778,1.17446,1.17442,0.1,4.39
25.08.2021 00:41:18.879,1.1744700000000001,1.17443,0.75,3.49
25.08.2021 00:41:23.154,1.17448,1.17443,0.75,2.51
25.08.2021 00:41:26.642,1.17449,1.17444,1.76,0.75
25.08.2021 00:41:26.794,1.17449,1.17445,1.01,0.1
25.08.2021 00:41:26.896,1.17449,1.1744700000000001,1.2,0.1
25.08.2021 00:41:30.906,1.1745100000000002,1.17446,0.75,4.32
25.08.2021 00:41:33.632,1.1745,1.17446,0.1,3.49
25.08.2021 00:41:33.733,1.1745,1.17445,0.82,5.89
25.08.2021 00:41:36.352,1.1745100000000002,1.17446,3.41,2.89
25.08.2021 00:41:36.454,1.1745100000000002,1.1744700000000001,0.75,2.7
25.08.2021 00:41:36.555,1.1745100000000002,1.17449,3.14,0.75
25.08.2021 00:41:38.539,1.17453,1.17448,0.82,5.44
25.08.2021 00:41:38.641,1.17453,1.17449,0.1,3.49
25.08.2021 00:41:39.362,1.17453,1.1745,0.82,4.32
25.08.2021 00:41:54.059,1.1745100000000002,1.17449,0.37,0.75
25.08.2021 00:41:54.110,1.1745,1.1744700000000001,0.82,0.45
25.08.2021 00:41:54.262,1.1745,1.17445,2.14,8.25
25.08.2021 00:42:00.592,1.17449,1.17445,0.37,0.75
25.08.2021 00:42:01.959,1.1745,1.17445,6.22,0.75
25.08.2021 00:42:02.161,1.17449,1.17445,0.82,0.75
25.08.2021 00:42:02.974,1.1745,1.17445,6.22,0.75
25.08.2021 00:42:03.126,1.17449,1.17445,0.37,0.75
25.08.2021 00:42:04.223,1.1745,1.17445,6.22,0.75
25.08.2021 00:42:06.974,1.17449,1.17444,0.75,1.57
25.08.2021 00:42:09.592,1.1745,1.17444,3.52,1.76
25.08.2021 00:42:12.586,1.17449,1.17444,0.75,2.14
25.08.2021 00:42:22.241,1.17448,1.17444,0.75,4.06
25.08.2021 00:42:30.906,1.1744700000000001,1.17444,0.82,0.75
25.08.2021 00:42:31.008,1.17445,1.17442,0.75,0.1
25.08.2021 00:42:31.366,1.17445,1.1744100000000002,0.1,4.95
25.08.2021 00:42:31.468,1.17446,1.17442,1.27,0.1
25.08.2021 00:42:31.569,1.17445,1.17442,0.75,0.1
25.08.2021 00:42:34.028,1.17446,1.17442,0.82,2.82
25.08.2021 00:42:41.414,1.17446,1.17443,0.82,0.37
25.08.2021 00:42:41.640,1.17446,1.17442,0.82,2.82
25.08.2021 00:42:43.571,1.17446,1.17443,0.82,0.75
25.08.2021 00:42:43.672,1.1744700000000001,1.17443,0.82,3.94
25.08.2021 00:42:43.774,1.1744700000000001,1.17444,0.1,2.74
25.08.2021 00:42:43.926,1.1744700000000001,1.17443,0.1,4.69
25.08.2021 00:42:46.121,1.17448,1.17444,0.82,4.32
25.08.2021 00:42:46.222,1.17449,1.17445,1.84,0.1
25.08.2021 00:42:48.040,1.1745,1.17446,2.7,0.1
25.08.2021 00:42:48.192,1.1745100000000002,1.1744700000000001,1.84,0.75
25.08.2021 00:42:50.982,1.1745,1.17446,0.75,1.01
25.08.2021 00:42:52.016,1.1745,1.17445,1.2,5.26
25.08.2021 00:42:56.160,1.17449,1.17445,0.75,1.57
25.08.2021 00:42:56.375,1.17444,1.17442,0.1,7.5
25.08.2021 00:42:56.477,1.1744100000000002,1.17438,0.1,1.5
25.08.2021 00:42:56.578,1.1744100000000002,1.17439,0.1,1.5
25.08.2021 00:42:56.679,1.1744100000000002,1.17438,0.82,1.12
25.08.2021 00:42:56.831,1.1744,1.1743700000000001,0.37,0.75
25.08.2021 00:42:56.882,1.1744,1.17435,2.06,4.99
25.08.2021 00:42:56.933,1.17438,1.17435,0.1,4.99
25.08.2021 00:42:57.045,1.17438,1.17434,0.1,2.44
25.08.2021 00:42:57.596,1.17436,1.1743299999999999,3.75,0.19
25.08.2021 00:42:57.697,1.17434,1.1743100000000002,0.75,0.75
25.08.2021 00:42:57.799,1.17435,1.1743100000000002,2.14,0.75
25.08.2021 00:42:57.900,1.17434,1.1743100000000002,0.75,0.75
25.08.2021 00:42:58.405,1.17435,1.1743100000000002,4.27,0.75
25.08.2021 00:42:58.590,1.17435,1.1743000000000001,4.27,1.5
25.08.2021 00:42:58.691,1.17434,1.1743000000000001,0.1,0.75
25.08.2021 00:42:59.287,1.17435,1.1743000000000001,1.76,0.82
25.08.2021 00:42:59.492,1.1743299999999999,1.1743000000000001,0.37,0.82
25.08.2021 00:42:59.664,1.17435,1.1743000000000001,1.76,0.82
25.08.2021 00:43:01.390,1.17434,1.1743000000000001,0.75,0.82
25.08.2021 00:43:01.592,1.17435,1.1743100000000002,2.21,0.75
25.08.2021 00:43:03.405,1.17436,1.1743100000000002,4.72,0.82
25.08.2021 00:43:03.535,1.17436,1.17432,2.59,0.75
25.08.2021 00:43:05.076,1.17436,1.1743100000000002,4.46,0.82
25.08.2021 00:43:05.179,1.17434,1.17432,0.1,0.75
25.08.2021 00:43:06.168,1.17436,1.17432,2.96,0.75
25.08.2021 00:43:06.574,1.1743700000000001,1.17434,0.26,1.5
25.08.2021 00:43:06.675,1.17438,1.17434,4.72,1.5
25.08.2021 00:43:22.552,1.1743700000000001,1.1743299999999999,0.82,1.5
25.08.2021 00:43:23.231,1.17438,1.17434,0.75,3.26
25.08.2021 00:43:23.333,1.17439,1.17434,5.21,1.57
25.08.2021 00:43:28.145,1.1743700000000001,1.17432,1.95,2.51
25.08.2021 00:43:28.297,1.17435,1.17432,0.82,5.44
25.08.2021 00:43:29.315,1.17435,1.1743000000000001,0.82,4.39
25.08.2021 00:43:29.416,1.17435,1.1743100000000002,0.82,0.75
25.08.2021 00:43:31.232,1.17435,1.1743000000000001,2.02,1.57
25.08.2021 00:43:33.803,1.17435,1.1743100000000002,1.27,0.75
25.08.2021 00:43:35.001,1.17436,1.17432,2.02,0.75
25.08.2021 00:43:38.238,1.1743700000000001,1.17434,0.45,0.75
25.08.2021 00:43:38.340,1.17438,1.17434,0.1,0.75
25.08.2021 00:43:38.909,1.17436,1.17434,0.37,0.75
25.08.2021 00:43:39.011,1.1743700000000001,1.1743299999999999,1.95,0.75
25.08.2021 00:43:42.110,1.17438,1.17435,0.1,0.75
25.08.2021 00:43:42.211,1.17439,1.17435,6.59,0.75
25.08.2021 00:43:46.374,1.17439,1.17436,0.1,0.75
25.08.2021 00:43:46.476,1.1744,1.17436,2.77,0.75
25.08.2021 00:43:50.998,1.17439,1.17435,0.1,0.75
25.08.2021 00:43:51.948,1.17436,1.17432,1.87,4.69
25.08.2021 00:43:52.050,1.17435,1.1743100000000002,0.82,11.07
25.08.2021 00:43:52.101,1.1743100000000002,1.17429,0.1,0.37
25.08.2021 00:43:52.202,1.1743100000000002,1.17428,0.1,0.75
25.08.2021 00:43:54.918,1.17432,1.17429,0.1,0.75
25.08.2021 00:43:57.230,1.17432,1.17428,1.57,0.82
25.08.2021 00:44:00.430,1.1743299999999999,1.1743000000000001,0.75,0.75
25.08.2021 00:44:00.481,1.1743000000000001,1.1742700000000001,9.94,0.37
25.08.2021 00:44:00.583,1.1742700000000001,1.17424,1.69,2.93
25.08.2021 00:44:00.634,1.1742299999999999,1.1742000000000001,0.82,1.2
25.08.2021 00:44:00.735,1.1742299999999999,1.17422,2.96,1.95
25.08.2021 00:44:00.888,1.17422,1.17418,2.32,2.32
25.08.2021 00:44:01.141,1.1742299999999999,1.1742100000000002,0.1,0.75
25.08.2021 00:44:01.243,1.1742299999999999,1.1742000000000001,0.1,0.75
25.08.2021 00:44:01.293,1.17425,1.1742100000000002,2.4,0.75
25.08.2021 00:44:01.345,1.1742100000000002,1.17419,1.57,0.75
25.08.2021 00:44:02.509,1.17422,1.1742000000000001,0.82,1.5
25.08.2021 00:44:02.560,1.17422,1.17418,0.82,4.69
25.08.2021 00:44:02.611,1.17422,1.1742000000000001,0.82,0.19
25.08.2021 00:44:02.712,1.1742299999999999,1.1742100000000002,0.1,0.94
25.08.2021 00:44:02.813,1.17426,1.17422,5.21,0.1
25.08.2021 00:44:02.965,1.17425,1.17422,0.1,0.75
25.08.2021 00:44:03.066,1.17426,1.17422,1.57,0.94
25.08.2021 00:44:03.638,1.17426,1.1742299999999999,0.1,0.75
25.08.2021 00:44:03.819,1.1742700000000001,1.1742299999999999,4.46,0.75
25.08.2021 00:44:03.981,1.17426,1.1742299999999999,0.1,0.75
25.08.2021 00:44:04.133,1.1742700000000001,1.17424,0.1,0.75
25.08.2021 00:44:04.306,1.17428,1.17425,0.1,0.75
25.08.2021 00:44:05.307,1.17429,1.17425,2.96,0.75
25.08.2021 00:44:10.877,1.1743000000000001,1.17425,1.27,1.76
25.08.2021 00:44:10.978,1.1743000000000001,1.1742700000000001,0.45,0.75
25.08.2021 00:44:11.084,1.1743100000000002,1.1742700000000001,0.75,0.75
25.08.2021 00:44:11.463,1.17432,1.17428,2.32,0.75
25.08.2021 00:44:16.790,1.1743100000000002,1.17426,2.7,1.31
25.08.2021 00:44:18.167,1.1743100000000002,1.1742700000000001,5.21,0.75
25.08.2021 00:44:18.269,1.1743000000000001,1.1742700000000001,7.83,0.94
25.08.2021 00:44:18.320,1.17429,1.17426,0.1,0.75
25.08.2021 00:44:19.345,1.1743100000000002,1.17426,4.83,0.94
25.08.2021 00:44:20.955,1.1743100000000002,1.1742700000000001,4.46,0.75
25.08.2021 00:44:21.486,1.17432,1.1742700000000001,2.77,0.75
25.08.2021 00:44:21.587,1.1743100000000002,1.1742700000000001,1.57,0.75
25.08.2021 00:44:22.347,1.17432,1.1742700000000001,2.32,3.49
25.08.2021 00:44:22.550,1.1743100000000002,1.1742700000000001,0.1,3.49
25.08.2021 00:44:28.453,1.17432,1.17428,2.21,0.82
25.08.2021 00:44:28.555,1.17432,1.17429,0.1,0.75
25.08.2021 00:44:28.909,1.1743299999999999,1.17429,0.75,0.75
25.08.2021 00:44:31.296,1.17434,1.1743000000000001,4.08,0.75
25.08.2021 00:44:42.093,1.1743299999999999,1.1743000000000001,1.5,0.75
25.08.2021 00:44:42.144,1.17432,1.17428,0.1,6.57
25.08.2021 00:44:42.246,1.1743299999999999,1.17429,0.75,4.24
25.08.2021 00:44:51.696,1.1743299999999999,1.1743100000000002,1.57,0.75
25.08.2021 00:44:53.586,1.17432,1.17429,0.1,0.75
25.08.2021 00:44:53.907,1.1743100000000002,1.17429,0.37,0.75
25.08.2021 00:44:53.958,1.1743000000000001,1.1742700000000001,0.82,0.75
25.08.2021 00:44:54.059,1.1743000000000001,1.17426,0.82,3.49
25.08.2021 00:45:01.227,1.17429,1.17426,2.13,0.75
25.08.2021 00:45:01.367,1.1743000000000001,1.17426,3.71,0.75
25.08.2021 00:45:01.469,1.1743000000000001,1.1742700000000001,0.1,1.87
25.08.2021 00:45:01.571,1.1743100000000002,1.17428,0.45,0.82
25.08.2021 00:45:01.672,1.17432,1.17428,0.1,0.82
25.08.2021 00:45:10.696,1.17432,1.17429,0.1,0.75
25.08.2021 00:45:31.017,1.1743299999999999,1.17429,0.75,0.75
25.08.2021 00:45:44.327,1.17434,1.17429,3.63,0.75
25.08.2021 00:45:50.557,1.17432,1.17429,0.37,0.75
25.08.2021 00:45:50.781,1.17434,1.17429,4.01,0.75
25.08.2021 00:46:16.075,1.17434,1.1743000000000001,2.21,0.75
25.08.2021 00:46:21.480,1.17435,1.1743000000000001,3.9,0.75
25.08.2021 00:46:22.930,1.17435,1.1743100000000002,0.82,0.75
25.08.2021 00:46:34.902,1.17435,1.1743000000000001,1.57,4.24
25.08.2021 00:46:36.653,1.17435,1.1743299999999999,0.52,3.82
25.08.2021 00:46:36.755,1.17436,1.17434,0.45,1.5
25.08.2021 00:46:36.856,1.17439,1.17435,5.58,0.75
25.08.2021 00:46:37.414,1.17439,1.17436,1.95,0.75
25.08.2021 00:46:46.129,1.17439,1.17435,0.1,3.57
25.08.2021 00:46:52.166,1.17439,1.17434,1.57,4.43
25.08.2021 00:46:57.896,1.17436,1.17434,0.75,0.75
25.08.2021 00:46:57.999,1.17436,1.17432,0.1,1.27
25.08.2021 00:47:18.258,1.17436,1.1743299999999999,0.1,0.75
25.08.2021 00:47:18.359,1.1743700000000001,1.1743299999999999,0.1,0.82
25.08.2021 00:47:18.461,1.17438,1.17434,0.75,2.74
25.08.2021 00:47:18.562,1.17439,1.17434,1.95,3.49
25.08.2021 00:47:20.232,1.17438,1.17436,1.95,0.75
25.08.2021 00:47:21.943,1.17439,1.17434,3.45,3.49
25.08.2021 00:47:22.972,1.17439,1.17435,1.95,0.75
25.08.2021 00:47:38.205,1.1744,1.17435,1.95,3.49
25.08.2021 00:47:40.344,1.1744,1.17436,3.26,0.75
25.08.2021 00:47:40.548,1.1744100000000002,1.17436,2.96,1.69
25.08.2021 00:47:40.650,1.17442,1.1743700000000001,4.94,0.75
25.08.2021 00:47:47.346,1.17442,1.17439,0.1,0.75
25.08.2021 00:47:47.498,1.17444,1.17439,1.95,0.75
25.08.2021 00:47:48.527,1.17444,1.1744100000000002,0.82,0.75
25.08.2021 00:47:48.629,1.17444,1.1744,0.1,1.01
25.08.2021 00:47:48.831,1.17444,1.1744100000000002,0.1,0.75
25.08.2021 00:47:49.874,1.17444,1.1744,0.1,3.76
25.08.2021 00:47:56.154,1.17444,1.1744100000000002,0.1,0.75
25.08.2021 00:48:01.232,1.17444,1.1744,0.1,1.01
25.08.2021 00:48:08.285,1.17443,1.17442,0.1,0.75
25.08.2021 00:48:26.039,1.17446,1.1744100000000002,3.26,0.75
25.08.2021 00:48:26.141,1.1744700000000001,1.17443,0.82,0.75
25.08.2021 00:48:26.242,1.17448,1.17443,2.25,4.24
25.08.2021 00:48:29.597,1.17448,1.17445,1.5,0.75
25.08.2021 00:48:29.700,1.17449,1.17446,0.1,0.75
25.08.2021 00:48:31.885,1.17449,1.17445,0.1,3.57
25.08.2021 00:48:34.907,1.1745,1.17445,0.75,0.75
25.08.2021 00:48:35.009,1.1745,1.17446,0.37,0.75
25.08.2021 00:48:38.049,1.17449,1.17446,1.5,0.75
25.08.2021 00:48:38.338,1.1745,1.17446,4.46,0.75
25.08.2021 00:48:39.401,1.17449,1.17446,4.16,0.75
25.08.2021 00:48:40.582,1.17449,1.17445,2.13,0.75
25.08.2021 00:48:42.294,1.1745,1.17445,4.08,0.75
25.08.2021 00:48:45.092,1.17449,1.17445,0.75,0.75
25.08.2021 00:48:45.857,1.17449,1.17444,0.75,5.44
25.08.2021 00:48:54.180,1.17448,1.17444,0.1,0.75
25.08.2021 00:48:54.357,1.17446,1.17443,5.25,2.74
25.08.2021 00:48:54.459,1.17445,1.17442,1.57,0.45
25.08.2021 00:48:54.560,1.17444,1.17439,0.82,5.56
25.08.2021 00:48:57.246,1.17444,1.1744,0.82,0.75
25.08.2021 00:48:57.505,1.17442,1.17438,0.1,0.75
25.08.2021 00:48:57.606,1.17442,1.1743700000000001,1.95,2.7
25.08.2021 00:49:01.460,1.1744100000000002,1.1743700000000001,0.37,0.75
25.08.2021 00:49:01.561,1.1744,1.17436,1.2,0.75
25.08.2021 00:49:01.663,1.17438,1.1743700000000001,0.1,0.75
25.08.2021 00:49:01.976,1.17439,1.17435,2.96,0.75
25.08.2021 00:49:02.078,1.17438,1.17434,0.1,1.5
25.08.2021 00:49:03.034,1.1743700000000001,1.17434,0.1,0.75
25.08.2021 00:49:07.872,1.17436,1.17434,0.82,0.75
25.08.2021 00:49:25.364,1.17436,1.17434,1.12,0.75
25.08.2021 00:49:25.415,1.17435,1.17432,0.1,0.75
25.08.2021 00:49:25.516,1.17434,1.17432,0.75,0.75
25.08.2021 00:49:26.564,1.17435,1.17432,0.75,0.75
25.08.2021 00:49:26.717,1.17436,1.17432,1.2,3.49
25.08.2021 00:49:27.343,1.17435,1.17432,0.75,0.75
25.08.2021 00:49:35.925,1.1743299999999999,1.1743000000000001,1.57,3.49
25.08.2021 00:49:36.027,1.1743100000000002,1.17428,8.47,1.2
25.08.2021 00:49:36.078,1.1743000000000001,1.17426,0.75,1.57
25.08.2021 00:49:36.180,1.17429,1.17425,0.75,4.77
25.08.2021 00:49:36.434,1.17429,1.17426,0.82,0.75
25.08.2021 00:49:37.356,1.17429,1.17425,1.57,0.75
25.08.2021 00:49:40.123,1.17428,1.17425,0.75,0.75
25.08.2021 00:49:43.195,1.17422,1.1742100000000002,1.57,0.75
25.08.2021 00:49:43.246,1.17425,1.17422,2.32,0.37
25.08.2021 00:49:43.348,1.17422,1.17419,3.07,0.37
25.08.2021 00:49:43.449,1.17422,1.17418,3.07,0.75
25.08.2021 00:49:49.457,1.1742000000000001,1.1741700000000002,0.75,0.94
25.08.2021 00:49:49.558,1.17418,1.1741700000000002,0.1,2.14
25.08.2021 00:49:55.069,1.17422,1.17418,5.96,0.75
25.08.2021 00:49:56.109,1.1742000000000001,1.17418,0.82,1.31
25.08.2021 00:49:56.731,1.1742000000000001,1.1741700000000002,0.1,0.75
25.08.2021 00:49:57.899,1.1742100000000002,1.1741700000000002,2.32,0.75
25.08.2021 00:50:01.507,1.1742000000000001,1.1741700000000002,0.1,0.75
25.08.2021 00:50:02.143,1.1742100000000002,1.1741700000000002,3.33,0.75
25.08.2021 00:50:03.597,1.1742100000000002,1.17418,3.33,0.75
25.08.2021 00:50:14.364,1.1742000000000001,1.1741700000000002,0.1,0.75
25.08.2021 00:50:16.836,1.17419,1.1741700000000002,0.1,0.75
25.08.2021 00:50:18.319,1.1742000000000001,1.1741700000000002,2.32,0.75
25.08.2021 00:50:30.587,1.1742000000000001,1.17416,1.2,0.75
25.08.2021 00:50:35.091,1.17422,1.17418,1.57,0.75
25.08.2021 00:50:48.866,1.1742299999999999,1.17419,3.45,0.75
25.08.2021 00:50:48.969,1.17422,1.17418,0.1,2.44
25.08.2021 00:50:58.399,1.1742100000000002,1.17418,0.1,0.75
25.08.2021 00:50:58.502,1.1742100000000002,1.17419,4.46,0.75
25.08.2021 00:51:13.761,1.17422,1.1742000000000001,1.2,0.94
25.08.2021 00:51:13.812,1.17422,1.17418,0.1,0.75
25.08.2021 00:51:19.113,1.17422,1.1742000000000001,0.1,0.75
25.08.2021 00:51:19.214,1.17422,1.17418,0.1,1.5
25.08.2021 00:51:34.215,1.17424,1.1742100000000002,3.78,1.12
25.08.2021 00:51:34.317,1.17426,1.17424,0.75,0.94
25.08.2021 00:51:34.418,1.17428,1.17425,7.57,0.94
25.08.2021 00:51:34.520,1.17429,1.17426,0.82,0.19
25.08.2021 00:51:34.773,1.1743100000000002,1.1742700000000001,4.38,0.75
25.08.2021 00:51:35.025,1.1743000000000001,1.1742700000000001,0.1,0.75
25.08.2021 00:51:37.377,1.1743000000000001,1.17426,0.82,2.51
25.08.2021 00:51:37.878,1.17424,1.17422,0.1,0.94
25.08.2021 00:51:37.980,1.1742299999999999,1.1742000000000001,0.82,0.37
25.08.2021 00:51:38.081,1.17422,1.17419,0.75,8.25
25.08.2021 00:51:38.299,1.1742100000000002,1.1741700000000002,0.82,7.51
25.08.2021 00:51:40.269,1.1742100000000002,1.17418,0.75,0.1
25.08.2021 00:51:41.028,1.1742100000000002,1.1741700000000002,2.32,0.82
25.08.2021 00:51:41.799,1.1742000000000001,1.1741700000000002,1.5,0.82
25.08.2021 00:51:41.951,1.1742000000000001,1.17416,1.65,0.82
25.08.2021 00:51:42.053,1.17419,1.17416,0.1,0.75
25.08.2021 00:51:42.713,1.17419,1.1741700000000002,4.46,0.75
25.08.2021 00:51:46.547,1.17419,1.17416,0.1,0.75
25.08.2021 00:52:08.369,1.1741700000000002,1.17415,0.75,0.26
25.08.2021 00:52:20.456,1.17418,1.17415,0.75,0.26
25.08.2021 00:52:35.152,1.1741700000000002,1.17415,0.82,1.01
25.08.2021 00:52:35.894,1.1741700000000002,1.17414,0.75,0.26
25.08.2021 00:52:37.863,1.17418,1.17414,2.96,0.26
25.08.2021 00:53:12.575,1.17419,1.17414,0.75,5.26
25.08.2021 00:53:13.590,1.1742000000000001,1.1741700000000002,0.75,1.95
25.08.2021 00:53:15.114,1.17419,1.17416,0.75,1.01
25.08.2021 00:53:15.824,1.17419,1.17415,0.75,0.75
25.08.2021 00:53:26.205,1.17415,1.17413,0.82,0.19
25.08.2021 00:53:26.256,1.17413,1.17411,0.75,9.19
25.08.2021 00:53:26.408,1.17412,1.17409,0.75,1.5
25.08.2021 00:53:26.560,1.17411,1.17409,0.75,0.75
25.08.2021 00:53:26.611,1.17411,1.1740700000000002,0.75,1.95
25.08.2021 00:53:26.713,1.17412,1.17408,0.75,1.01
25.08.2021 00:53:29.068,1.17411,1.17408,0.75,0.19
25.08.2021 00:53:29.169,1.17409,1.17406,0.75,0.82
25.08.2021 00:53:29.271,1.1741000000000001,1.17406,0.75,0.82
25.08.2021 00:53:29.372,1.17411,1.17406,1.57,3.57
25.08.2021 00:53:29.473,1.17411,1.1740700000000002,1.27,1.87
25.08.2021 00:53:29.575,1.17411,1.17408,0.45,0.82
25.08.2021 00:53:29.676,1.17413,1.17408,4.46,1.01
25.08.2021 00:53:30.729,1.17413,1.17409,3.33,0.75
25.08.2021 00:53:46.056,1.17414,1.1741000000000001,2.4,0.75
25.08.2021 00:53:46.874,1.17416,1.17412,2.32,2.7
25.08.2021 00:53:46.975,1.17416,1.17413,0.45,1.57
25.08.2021 00:53:47.077,1.17418,1.17414,1.57,0.75
25.08.2021 00:53:52.922,1.17416,1.17414,0.82,0.75
25.08.2021 00:53:56.505,1.17418,1.17413,1.57,1.57
25.08.2021 00:54:03.375,1.1741700000000002,1.17415,1.27,0.75
25.08.2021 00:54:06.715,1.17416,1.17415,0.1,0.75
25.08.2021 00:54:07.557,1.17416,1.17412,2.32,0.75
25.08.2021 00:54:07.709,1.17415,1.17411,0.75,0.82
25.08.2021 00:54:12.169,1.17413,1.17411,0.75,0.82
25.08.2021 00:54:14.445,1.17411,1.17408,0.82,0.75
25.08.2021 00:54:14.546,1.1741000000000001,1.1740700000000002,5.58,9.82
25.08.2021 00:54:14.648,1.1741000000000001,1.17406,0.1,8.25
25.08.2021 00:54:14.749,1.1741000000000001,1.17405,4.08,0.82
25.08.2021 00:54:14.850,1.17408,1.17406,0.1,0.75
25.08.2021 00:54:15.002,1.1741000000000001,1.17405,2.77,3.57
25.08.2021 00:54:15.638,1.17409,1.17405,0.82,0.75
25.08.2021 00:54:20.249,1.17409,1.17404,1.2,4.51
25.08.2021 00:54:21.401,1.17408,1.17406,1.2,0.75
25.08.2021 00:54:32.185,1.17406,1.17403,1.57,2.74
25.08.2021 00:54:32.287,1.17405,1.17403,1.2,0.75
25.08.2021 00:54:32.493,1.17406,1.17401,1.95,8.26
25.08.2021 00:54:33.100,1.17405,1.17401,0.1,0.94
25.08.2021 00:54:38.062,1.17404,1.17401,3.52,0.82
25.08.2021 00:54:38.214,1.17404,1.1740000000000002,0.1,0.75
25.08.2021 00:54:39.066,1.17406,1.17404,0.82,1.57
25.08.2021 00:54:39.218,1.17406,1.17403,0.45,4.43
25.08.2021 00:54:39.269,1.17408,1.17403,2.32,0.94
25.08.2021 00:54:42.622,1.17408,1.17404,3.71,0.75
25.08.2021 00:54:46.325,1.17408,1.17405,0.75,0.75
25.08.2021 00:54:46.427,1.17409,1.1740700000000002,0.9,0.75
25.08.2021 00:54:46.529,1.1741000000000001,1.1740700000000002,0.1,0.94
25.08.2021 00:54:46.630,1.17411,1.17409,0.45,0.75
25.08.2021 00:54:46.731,1.17412,1.1741000000000001,0.1,0.75
25.08.2021 00:54:46.833,1.17413,1.1741000000000001,1.57,0.75
25.08.2021 00:54:46.934,1.17413,1.17411,0.75,0.75
25.08.2021 00:54:47.086,1.17414,1.1741000000000001,4.83,0.75
25.08.2021 00:54:47.187,1.17414,1.17411,4.83,0.75
25.08.2021 00:54:49.391,1.17414,1.1741000000000001,3.71,0.75
25.08.2021 00:54:49.492,1.17414,1.17411,1.57,0.75
25.08.2021 00:54:49.695,1.17415,1.17412,1.57,0.75
25.08.2021 00:54:49.799,1.17416,1.17412,6.03,0.75
25.08.2021 00:54:49.900,1.17415,1.17412,0.37,0.75
25.08.2021 00:54:50.001,1.17416,1.17412,2.32,0.75
25.08.2021 00:54:50.103,1.17416,1.17413,2.32,0.75
25.08.2021 00:54:50.584,1.17416,1.17412,4.83,0.75
25.08.2021 00:54:50.741,1.17416,1.17413,0.1,0.75
25.08.2021 00:54:50.895,1.17415,1.17413,1.95,0.82
25.08.2021 00:54:51.047,1.17416,1.17413,0.82,0.75
25.08.2021 00:54:51.148,1.17414,1.17413,0.1,0.75
25.08.2021 00:54:51.553,1.17414,1.17411,0.1,0.75
25.08.2021 00:54:51.834,1.17414,1.1741000000000001,1.2,1.57
25.08.2021 00:54:52.401,1.17415,1.17412,0.1,0.75
25.08.2021 00:54:52.604,1.1741700000000002,1.17413,4.16,0.75
25.08.2021 00:54:52.655,1.1741700000000002,1.17415,1.57,0.75
25.08.2021 00:54:52.756,1.17416,1.17414,1.57,0.19
25.08.2021 00:54:52.807,1.17418,1.17416,0.82,0.75
25.08.2021 00:54:52.908,1.17418,1.17415,0.75,0.75
25.08.2021 00:54:53.111,1.17419,1.1741700000000002,0.52,0.75
25.08.2021 00:54:53.414,1.1742000000000001,1.1741700000000002,4.46,0.75
25.08.2021 00:54:58.261,1.1742000000000001,1.17416,1.95,0.82
25.08.2021 00:54:59.235,1.17419,1.17418,1.95,0.75
25.08.2021 00:55:00.085,1.1742000000000001,1.17418,1.12,0.75
25.08.2021 00:55:00.186,1.1742100000000002,1.1741700000000002,3.41,0.75
25.08.2021 00:55:00.338,1.17422,1.1741700000000002,3.78,0.75
25.08.2021 00:55:00.440,1.1742000000000001,1.1741700000000002,1.2,0.75
25.08.2021 00:55:00.592,1.1742000000000001,1.17416,0.82,0.82
25.08.2021 00:55:00.794,1.1742000000000001,1.17418,0.82,0.75
25.08.2021 00:55:01.506,1.1742100000000002,1.17418,0.82,0.75
25.08.2021 00:55:03.983,1.17422,1.17418,0.1,0.82
25.08.2021 00:55:07.044,1.1742100000000002,1.17418,1.95,0.75
25.08.2021 00:55:10.829,1.1742000000000001,1.1741700000000002,0.82,0.75
25.08.2021 00:55:12.166,1.1742100000000002,1.17418,0.1,0.75
25.08.2021 00:55:21.236,1.1742000000000001,1.17418,0.82,0.75
25.08.2021 00:55:21.614,1.1742000000000001,1.1741700000000002,0.1,0.75
25.08.2021 00:55:29.158,1.1742100000000002,1.17418,0.82,0.75
25.08.2021 00:55:32.094,1.1742000000000001,1.1741700000000002,0.1,0.75
25.08.2021 00:55:37.891,1.1742000000000001,1.17416,0.45,0.82
25.08.2021 00:55:40.327,1.17419,1.17418,0.82,0.75
25.08.2021 00:55:43.352,1.17418,1.17416,0.75,0.1
25.08.2021 00:55:43.808,1.17418,1.17415,0.75,0.1
25.08.2021 00:55:59.084,1.17419,1.1741700000000002,0.1,0.75
25.08.2021 00:56:07.067,1.1742000000000001,1.1741700000000002,0.1,0.75
25.08.2021 00:56:07.169,1.1742000000000001,1.17418,0.1,0.75
25.08.2021 00:56:13.866,1.1742000000000001,1.1741700000000002,0.1,1.5
25.08.2021 00:56:14.757,1.1742000000000001,1.17418,0.1,0.75
25.08.2021 00:56:15.869,1.1742100000000002,1.17418,6,0.75
25.08.2021 00:56:15.970,1.17419,1.1741700000000002,0.1,0.75
25.08.2021 00:56:18.132,1.17419,1.17416,0.1,0.75
25.08.2021 00:56:23.774,1.17416,1.17414,3.75,0.75
25.08.2021 00:56:23.876,1.17415,1.17412,2.32,0.75
25.08.2021 00:56:23.977,1.17414,1.17411,0.1,0.75
25.08.2021 00:56:24.685,1.17413,1.1741000000000001,2.13,0.75
25.08.2021 00:56:24.787,1.17414,1.1741000000000001,0.45,0.75
25.08.2021 00:56:28.894,1.17409,1.1740700000000002,1.2,0.75
25.08.2021 00:56:28.945,1.17409,1.17405,1.95,8.25
25.08.2021 00:56:30.461,1.17408,1.17405,0.1,0.75
25.08.2021 00:56:31.050,1.17408,1.17404,0.1,1.5
25.08.2021 00:56:44.760,1.1740700000000002,1.17404,2.51,4.32
25.08.2021 00:56:44.877,1.1740700000000002,1.17403,0.82,4.99
25.08.2021 00:56:45.332,1.17406,1.17402,0.82,0.75
25.08.2021 00:56:45.750,1.17406,1.17401,0.82,6.19
25.08.2021 00:56:49.902,1.17405,1.17401,1.5,1.57
25.08.2021 00:56:50.004,1.17405,1.1740000000000002,1.57,5.52
25.08.2021 00:56:51.951,1.17404,1.1740000000000002,0.1,1.5
25.08.2021 00:57:00.104,1.17404,1.17399,0.82,7.58
25.08.2021 00:57:01.120,1.17405,1.17402,0.75,2.7
25.08.2021 00:57:01.222,1.17406,1.17403,0.75,3.38
25.08.2021 00:57:01.424,1.1740700000000002,1.17403,0.75,5.26
25.08.2021 00:57:02.142,1.17408,1.17404,0.75,3.57
25.08.2021 00:57:02.244,1.17409,1.17404,1.2,5.33
25.08.2021 00:57:02.345,1.17409,1.17405,1.2,2.74
25.08.2021 00:57:02.635,1.17409,1.17404,1.2,6.46
25.08.2021 00:57:02.754,1.17409,1.17405,1.2,0.75
25.08.2021 00:57:04.194,1.17409,1.17404,1.57,5.71
25.08.2021 00:57:11.264,1.17409,1.17405,1.2,2.74
25.08.2021 00:57:11.451,1.17409,1.17404,1.2,5.33
25.08.2021 00:57:12.585,1.1741000000000001,1.17406,0.94,0.82
25.08.2021 00:57:12.686,1.17409,1.1740700000000002,0.75,0.75
25.08.2021 00:57:12.737,1.17411,1.1740700000000002,2.25,1.57
25.08.2021 00:57:12.838,1.17412,1.1740700000000002,1.57,4.69
25.08.2021 00:57:12.940,1.17412,1.17408,0.75,4.69
25.08.2021 00:57:23.325,1.17412,1.17409,0.75,0.1
25.08.2021 00:57:23.376,1.17414,1.17409,0.82,4.32
25.08.2021 00:57:26.092,1.17414,1.1741000000000001,0.82,2.74
25.08.2021 00:57:26.296,1.17414,1.17412,0.75,3.57
25.08.2021 00:57:28.675,1.17416,1.17412,2.25,3.07
25.08.2021 00:57:30.126,1.17416,1.17413,0.75,0.1
25.08.2021 00:57:32.191,1.17415,1.17413,0.75,3.82
25.08.2021 00:57:32.454,1.17416,1.17413,0.75,0.1
25.08.2021 00:57:38.419,1.17415,1.17413,0.75,0.1
25.08.2021 00:57:38.918,1.17415,1.17412,0.75,4.32
25.08.2021 00:57:51.430,1.17414,1.17412,0.75,3.57
25.08.2021 00:58:02.454,1.17415,1.17411,3.26,0.1
25.08.2021 00:58:06.607,1.17415,1.1741000000000001,1.76,5.07
25.08.2021 00:58:06.927,1.17414,1.1741000000000001,0.75,5.07
25.08.2021 00:58:07.713,1.17414,1.17411,0.75,0.1
25.08.2021 00:58:16.100,1.17414,1.1741000000000001,0.75,4.32
25.08.2021 00:58:22.240,1.17413,1.1741000000000001,1.5,0.1
25.08.2021 00:58:22.291,1.1741000000000001,1.1740700000000002,0.75,1.57
25.08.2021 00:58:22.392,1.17409,1.1740700000000002,0.75,0.37
25.08.2021 00:58:22.494,1.17408,1.17405,0.75,0.82
25.08.2021 00:58:23.006,1.1740700000000002,1.17403,0.75,5.07
25.08.2021 00:58:29.071,1.1740700000000002,1.17404,0.75,0.1
25.08.2021 00:58:39.463,1.17408,1.17404,1.5,0.1
25.08.2021 00:58:54.075,1.17408,1.17405,1.5,0.37
25.08.2021 00:58:54.126,1.17409,1.17408,0.82,2.32
25.08.2021 00:58:54.279,1.17412,1.17409,8.25,0.1
25.08.2021 00:58:57.925,1.17413,1.17409,0.75,2.82
25.08.2021 00:59:01.092,1.17412,1.17409,0.75,2.82
25.08.2021 00:59:03.401,1.17412,1.1741000000000001,0.75,2.82
25.08.2021 00:59:24.364,1.17414,1.17411,0.75,0.82
25.08.2021 00:59:24.466,1.17416,1.17413,0.45,0.1
25.08.2021 00:59:24.567,1.17416,1.17414,0.75,0.82
25.08.2021 00:59:24.669,1.17418,1.17413,0.82,0.82
25.08.2021 00:59:26.121,1.1741700000000002,1.17413,0.75,0.82
25.08.2021 00:59:26.222,1.1741700000000002,1.17412,3.71,1.57
25.08.2021 00:59:26.324,1.17416,1.17412,0.82,0.75
25.08.2021 00:59:28.161,1.17416,1.17413,0.75,0.1
25.08.2021 00:59:28.263,1.1741700000000002,1.17413,0.75,0.82
25.08.2021 00:59:28.365,1.1741700000000002,1.17414,0.75,0.1
25.08.2021 00:59:32.154,1.17418,1.17414,0.75,0.1
25.08.2021 00:59:36.051,1.17418,1.17415,0.75,0.1
25.08.2021 00:59:41.180,1.17419,1.17415,3.63,0.45
25.08.2021 00:59:45.833,1.17418,1.17415,0.75,0.45
25.08.2021 00:59:50.154,1.17419,1.17415,3.63,0.45
25.08.2021 01:00:00.811,1.17419,1.17416,4.01,0.1
25.08.2021 01:00:03.480,1.17419,1.17415,2.25,0.1
25.08.2021 01:00:15.383,1.17419,1.17416,1.87,2.82
25.08.2021 01:00:24.112,1.17419,1.17415,0.75,3.01
25.08.2021 01:00:24.214,1.17418,1.1741700000000002,0.75,0.1
25.08.2021 01:00:26.154,1.1742000000000001,1.17416,4.01,0.1
25.08.2021 01:00:39.879,1.1742100000000002,1.17418,1.57,0.1
25.08.2021 01:00:51.552,1.1742100000000002,1.1741700000000002,0.75,7.13
25.08.2021 01:01:00.258,1.1742000000000001,1.1741700000000002,0.75,4.32
25.08.2021 01:01:00.360,1.1742000000000001,1.17416,0.75,4.32
25.08.2021 01:01:01.801,1.1742000000000001,1.17415,1.01,5.07
25.08.2021 01:01:03.955,1.17419,1.17415,0.75,5.07
25.08.2021 01:01:12.192,1.1741700000000002,1.17414,0.75,3.49
25.08.2021 01:01:12.244,1.17416,1.17411,0.82,13.96
25.08.2021 01:01:12.346,1.17415,1.17411,0.82,4.69
25.08.2021 01:01:12.448,1.17414,1.17409,1.57,7.13
25.08.2021 01:01:22.081,1.17414,1.1741000000000001,0.75,0.1
25.08.2021 01:01:23.881,1.17414,1.17409,0.75,5.63
25.08.2021 01:01:28.348,1.17413,1.17409,0.75,0.82
25.08.2021 01:01:29.185,1.17411,1.1740700000000002,0.75,0.82
25.08.2021 01:01:29.287,1.17411,1.17406,0.82,5.82
25.08.2021 01:01:29.389,1.1741000000000001,1.17405,0.82,12.76
25.08.2021 01:01:29.499,1.17408,1.17406,0.75,1.57
25.08.2021 01:01:30.785,1.17408,1.17404,0.82,2.74
25.08.2021 01:01:30.887,1.17406,1.17403,2.62,2.74
25.08.2021 01:01:30.989,1.17403,1.17401,0.75,6.57
25.08.2021 01:01:36.835,1.17403,1.17399,1.57,1.5
25.08.2021 01:01:39.526,1.17404,1.17399,5.21,1.57
25.08.2021 01:01:40.125,1.17403,1.17399,0.1,1.5
25.08.2021 01:01:49.610,1.17404,1.17399,4.83,0.82
25.08.2021 01:01:52.609,1.17403,1.17399,0.75,0.82
25.08.2021 01:01:56.105,1.17403,1.1740000000000002,0.75,0.75
25.08.2021 01:01:56.209,1.17405,1.17402,1.2,1.12
25.08.2021 01:01:56.310,1.1740700000000002,1.17403,1.57,1.95
25.08.2021 01:02:02.208,1.17404,1.17401,0.75,1.5
25.08.2021 01:02:02.310,1.17406,1.17401,2.88,2.51
25.08.2021 01:02:02.411,1.17405,1.17403,0.75,3.49
25.08.2021 01:02:04.089,1.1740700000000002,1.17403,1.57,3.57
25.08.2021 01:02:05.565,1.1740700000000002,1.17404,0.75,2.74
25.08.2021 01:02:05.666,1.1740700000000002,1.17403,0.75,4.32
25.08.2021 01:02:05.767,1.1740700000000002,1.17404,0.75,2.74
25.08.2021 01:02:05.935,1.17408,1.17404,1.01,0.75
25.08.2021 01:02:16.092,1.17408,1.17405,0.75,0.1
25.08.2021 01:02:16.954,1.17408,1.17404,0.75,2.82
25.08.2021 01:02:18.032,1.17405,1.17401,0.75,2.32
25.08.2021 01:02:18.133,1.17406,1.17401,1.01,6.57
25.08.2021 01:02:18.184,1.17401,1.17399,0.75,8.25
25.08.2021 01:02:18.235,1.17403,1.1740000000000002,0.37,4.24
25.08.2021 01:02:18.337,1.17401,1.17398,0.75,3.49
25.08.2021 01:02:18.438,1.17402,1.17398,0.94,0.82
25.08.2021 01:02:18.540,1.17401,1.17398,4.39,0.75
25.08.2021 01:02:19.011,1.17399,1.1739700000000002,0.1,0.75
25.08.2021 01:02:19.901,1.17399,1.1739600000000001,2.32,0.75
25.08.2021 01:02:22.024,1.17399,1.17395,5.84,0.75
25.08.2021 01:02:32.097,1.17398,1.17395,0.1,0.75
25.08.2021 01:03:11.154,1.17398,1.17394,0.26,1.5
25.08.2021 01:03:16.104,1.17399,1.17394,1.01,1.5
25.08.2021 01:03:16.208,1.17399,1.17395,0.26,0.75
25.08.2021 01:03:18.584,1.17399,1.17394,1.01,1.5
25.08.2021 01:03:21.285,1.1739600000000001,1.17391,3.07,6.76
25.08.2021 01:03:21.438,1.17394,1.17392,0.1,1.95
25.08.2021 01:03:22.535,1.17394,1.1739000000000002,0.1,4.24
25.08.2021 01:03:22.636,1.17395,1.1739000000000002,1.39,4.24
25.08.2021 01:03:27.643,1.1739700000000002,1.17393,2.51,0.75
25.08.2021 01:03:27.795,1.1739700000000002,1.17394,1.2,0.75
25.08.2021 01:03:27.896,1.1739700000000002,1.17395,0.82,0.75
25.08.2021 01:03:31.683,1.17398,1.17393,0.82,6.68
25.08.2021 01:03:38.154,1.17398,1.17394,0.1,0.75
25.08.2021 01:03:40.044,1.17398,1.17393,4.83,1.5
25.08.2021 01:03:52.221,1.1739700000000002,1.17393,3.71,1.5
25.08.2021 01:03:56.738,1.17398,1.17393,2.14,0.82
25.08.2021 01:03:57.444,1.1739700000000002,1.17393,0.75,0.1
25.08.2021 01:03:59.907,1.17398,1.17393,3.89,0.82
25.08.2021 01:04:00.957,1.1739700000000002,1.17392,2.32,1.95
25.08.2021 01:04:01.850,1.17398,1.17393,1.76,0.82
25.08.2021 01:04:02.431,1.1739700000000002,1.17392,0.82,1.95
25.08.2021 01:04:04.992,1.17398,1.17393,1.57,1.95
25.08.2021 01:04:11.503,1.17398,1.17394,0.82,0.75
25.08.2021 01:04:25.083,1.1739700000000002,1.17392,2.14,3.07
25.08.2021 01:04:27.128,1.1739600000000001,1.17392,0.37,2.32
25.08.2021 01:04:27.230,1.17395,1.17391,0.1,1.5
25.08.2021 01:04:28.545,1.17394,1.17391,0.1,0.75
25.08.2021 01:04:29.154,1.17393,1.17391,0.1,0.75
25.08.2021 01:04:35.158,1.1739600000000001,1.17391,3.9,0.82
25.08.2021 01:04:35.260,1.1739600000000001,1.17392,0.45,0.75
25.08.2021 01:04:37.220,1.17394,1.17392,0.75,1.57
25.08.2021 01:04:48.444,1.17395,1.17392,1.95,0.82
25.08.2021 01:04:52.737,1.1739700000000002,1.17393,4.34,0.75
25.08.2021 01:04:52.838,1.1739700000000002,1.17394,0.1,0.75
25.08.2021 01:04:52.940,1.17398,1.17395,0.1,0.75
25.08.2021 01:04:55.200,1.17399,1.17395,1.95,0.75
25.08.2021 01:04:57.358,1.17399,1.17394,1.2,3.57
25.08.2021 01:04:57.475,1.17398,1.17394,0.1,3.49
25.08.2021 01:05:00.059,1.17399,1.17394,3.33,0.75
25.08.2021 01:05:08.912,1.1739700000000002,1.17393,2.32,5.37
25.08.2021 01:05:09.014,1.17398,1.17393,0.1,4.24
25.08.2021 01:05:09.116,1.17398,1.17394,1.57,0.75
25.08.2021 01:05:09.219,1.17398,1.17393,1.01,1.12
25.08.2021 01:05:10.282,1.1739700000000002,1.17393,0.75,0.75
25.08.2021 01:05:11.948,1.1739700000000002,1.17395,2.39,0.75
25.08.2021 01:05:12.303,1.17398,1.17395,4.27,0.75
25.08.2021 01:05:13.573,1.17399,1.17395,3.33,0.75
25.08.2021 01:05:16.094,1.1740000000000002,1.17395,2.14,0.75
25.08.2021 01:05:17.540,1.1740000000000002,1.1739600000000001,1.39,0.75
25.08.2021 01:05:23.154,1.1740000000000002,1.17395,2.14,4.24
25.08.2021 01:05:41.322,1.17401,1.1739600000000001,6.03,0.75
25.08.2021 01:05:41.776,1.1740000000000002,1.1739600000000001,0.75,3.49
25.08.2021 01:05:43.360,1.17401,1.1739600000000001,0.82,4.99
25.08.2021 01:05:47.467,1.17401,1.1739700000000002,0.82,0.75
25.08.2021 01:05:47.569,1.17402,1.1739700000000002,3.71,2.62
25.08.2021 01:05:53.333,1.17402,1.17398,2.02,0.75
25.08.2021 01:05:54.669,1.1740000000000002,1.17399,1.5,0.75
25.08.2021 01:05:56.555,1.17401,1.1739700000000002,1.5,1.5
25.08.2021 01:05:57.356,1.1740000000000002,1.1739700000000002,0.1,0.75
25.08.2021 01:05:58.168,1.17401,1.1739700000000002,1.65,0.75
25.08.2021 01:06:02.153,1.17401,1.1739600000000001,1.57,4.24
25.08.2021 01:06:03.085,1.17401,1.1739700000000002,0.82,0.75
25.08.2021 01:06:03.867,1.17402,1.17398,0.52,0.75
25.08.2021 01:06:04.193,1.17402,1.1739700000000002,0.37,6.19
25.08.2021 01:06:05.790,1.17402,1.17398,0.1,0.75
25.08.2021 01:06:05.992,1.17403,1.17398,1.65,1.5
25.08.2021 01:06:06.144,1.17404,1.17401,3.03,0.75
25.08.2021 01:06:06.447,1.17405,1.17401,4.16,0.75
25.08.2021 01:06:09.864,1.17406,1.17401,5.28,3
25.08.2021 01:06:09.966,1.17405,1.17404,0.45,2.25
25.08.2021 01:06:10.068,1.17408,1.17403,1.27,5.37
25.08.2021 01:06:10.170,1.1740700000000002,1.17405,0.52,0.75
25.08.2021 01:06:15.654,1.17408,1.17405,0.1,0.75
25.08.2021 01:06:18.278,1.17409,1.17405,1.2,0.75
25.08.2021 01:06:33.224,1.1741000000000001,1.17405,6.59,0.75
25.08.2021 01:06:44.179,1.1741000000000001,1.17406,1.27,0.75
25.08.2021 01:06:44.281,1.1741000000000001,1.1740700000000002,0.45,0.75
25.08.2021 01:06:44.382,1.17413,1.17409,0.9,0.75
25.08.2021 01:06:44.484,1.17412,1.17411,0.45,0.75
25.08.2021 01:06:44.585,1.17414,1.1741000000000001,4.46,0.75
25.08.2021 01:06:52.387,1.17415,1.17411,5.47,0.75
25.08.2021 01:06:56.921,1.17415,1.1741000000000001,2.77,1.5
25.08.2021 01:06:59.700,1.17415,1.17411,0.45,0.75
25.08.2021 01:07:00.158,1.17416,1.17411,4.09,0.75
25.08.2021 01:07:03.220,1.1741700000000002,1.17412,5.09,0.75
25.08.2021 01:07:08.505,1.17416,1.17414,1.01,0.75
25.08.2021 01:07:08.607,1.17418,1.17414,1.57,0.75
25.08.2021 01:07:08.869,1.1741700000000002,1.17413,0.19,0.75
25.08.2021 01:07:09.275,1.17418,1.17413,5.84,0.75
25.08.2021 01:07:09.812,1.1741700000000002,1.17412,1.01,2.32
25.08.2021 01:07:10.014,1.17418,1.17412,6.59,5.26
25.08.2021 01:07:10.788,1.1741700000000002,1.17415,1.09,0.75
25.08.2021 01:07:11.051,1.17418,1.17415,6.22,0.75
25.08.2021 01:07:11.303,1.17418,1.17414,0.45,0.75
25.08.2021 01:07:11.684,1.17419,1.17414,4.34,0.75
25.08.2021 01:07:15.422,1.17419,1.17415,3.97,0.75
25.08.2021 01:07:31.427,1.17419,1.17416,3.34,0.75
25.08.2021 01:07:31.689,1.17419,1.17415,0.37,0.75
25.08.2021 01:07:31.933,1.1742000000000001,1.17415,3.34,0.75
25.08.2021 01:07:32.762,1.17419,1.17415,2.13,0.75
25.08.2021 01:07:32.974,1.1742000000000001,1.17415,4.91,1.69
25.08.2021 01:07:39.655,1.1742000000000001,1.17416,0.1,0.75
25.08.2021 01:07:40.685,1.1742100000000002,1.1741700000000002,2.7,1.5
25.08.2021 01:07:40.787,1.1742299999999999,1.1742000000000001,0.82,0.75
25.08.2021 01:07:40.939,1.17425,1.1742000000000001,0.82,0.75
25.08.2021 01:07:41.964,1.1742299999999999,1.1742100000000002,2.13,0.75
25.08.2021 01:07:42.310,1.17424,1.1742100000000002,1.2,0.75
25.08.2021 01:07:43.521,1.17424,1.1742000000000001,2.13,0.75
25.08.2021 01:07:43.623,1.17425,1.1742000000000001,3.52,0.75
25.08.2021 01:07:45.695,1.17425,1.1742100000000002,3.52,0.75
25.08.2021 01:07:58.577,1.17425,1.1742000000000001,3.26,0.75
25.08.2021 01:08:04.701,1.17426,1.1742000000000001,4.64,4.51
25.08.2021 01:08:05.768,1.17425,1.1742000000000001,2.13,1.57
25.08.2021 01:08:07.369,1.17425,1.1742100000000002,2.13,0.75
25.08.2021 01:08:07.623,1.17426,1.1742100000000002,7.72,0.75
25.08.2021 01:08:07.936,1.17425,1.1742100000000002,2.13,0.75
25.08.2021 01:08:13.844,1.17424,1.1742100000000002,0.75,0.75
25.08.2021 01:08:13.895,1.1742100000000002,1.17418,2.62,0.75
25.08.2021 01:08:13.997,1.1742100000000002,1.1741700000000002,2.14,1.2
25.08.2021 01:08:14.098,1.1742000000000001,1.17416,0.37,8.25
25.08.2021 01:08:14.200,1.1742000000000001,1.17415,8.02,0.82
25.08.2021 01:08:14.352,1.17419,1.17415,0.1,0.75
25.08.2021 01:08:14.846,1.17419,1.17414,0.82,2.62
25.08.2021 01:08:24.606,1.17416,1.17411,3.26,5.82
25.08.2021 01:08:24.707,1.17414,1.17412,4.94,1.2
25.08.2021 01:08:24.808,1.17415,1.1741000000000001,4.94,0.82
25.08.2021 01:08:24.910,1.17411,1.17408,0.37,3.94
25.08.2021 01:08:25.011,1.17411,1.1740700000000002,4.64,0.75
25.08.2021 01:08:25.113,1.17411,1.17406,2.89,0.75
25.08.2021 01:08:25.214,1.1741000000000001,1.17405,3.07,1.2
25.08.2021 01:08:25.315,1.17408,1.17406,0.19,0.75
25.08.2021 01:08:29.154,1.17409,1.17404,3.07,0.82
25.08.2021 01:08:31.044,1.17402,1.1740000000000002,0.75,7.5
25.08.2021 01:08:31.095,1.17404,1.1740000000000002,1.2,11.07
25.08.2021 01:08:31.197,1.17401,1.17398,0.1,0.75
25.08.2021 01:08:31.248,1.17403,1.17398,5.09,1.5
25.08.2021 01:08:31.299,1.17401,1.1739700000000002,0.82,2.62
25.08.2021 01:08:31.400,1.1740000000000002,1.1739600000000001,0.94,0.75
25.08.2021 01:08:31.501,1.17398,1.1739600000000001,0.1,0.75
25.08.2021 01:08:31.552,1.17398,1.17394,0.1,1.87
25.08.2021 01:08:33.526,1.17399,1.17394,1.09,1.57
25.08.2021 01:08:38.871,1.1740000000000002,1.1739600000000001,4.34,0.75
25.08.2021 01:08:39.402,1.1740000000000002,1.1739700000000002,2.96,3.57
25.08.2021 01:08:44.175,1.17399,1.1739700000000002,0.75,2.82
25.08.2021 01:08:48.476,1.17401,1.17398,1.69,0.75
25.08.2021 01:08:49.314,1.1740000000000002,1.17398,0.75,0.75
25.08.2021 01:08:49.797,1.17399,1.17395,0.75,3.57
25.08.2021 01:08:52.263,1.1739700000000002,1.17395,2.88,0.82
25.08.2021 01:08:54.866,1.17399,1.17395,3.33,0.1
25.08.2021 01:09:00.926,1.17398,1.17395,0.75,0.82
25.08.2021 01:09:02.672,1.17399,1.17395,1.87,2.32
25.08.2021 01:09:02.782,1.17398,1.17395,0.75,1.57
25.08.2021 01:09:03.299,1.17399,1.17395,4.38,0.82
25.08.2021 01:09:04.749,1.1740000000000002,1.1739600000000001,1.87,3.07
25.08.2021 01:09:04.799,1.17401,1.17398,2.32,0.75
25.08.2021 01:09:06.259,1.1740000000000002,1.1739700000000002,1.12,0.75
25.08.2021 01:09:06.361,1.1740000000000002,1.1739600000000001,1.5,0.82
25.08.2021 01:09:10.379,1.1740000000000002,1.1739700000000002,1.12,1.2
25.08.2021 01:09:10.582,1.17401,1.1739700000000002,2.62,2.7
25.08.2021 01:09:10.684,1.1740000000000002,1.1739700000000002,0.75,2.7
25.08.2021 01:09:10.858,1.17401,1.1739700000000002,1.5,2.7
25.08.2021 01:09:11.080,1.1740000000000002,1.1739700000000002,0.75,2.7
25.08.2021 01:09:11.306,1.17401,1.1739700000000002,2.62,2.7
25.08.2021 01:09:16.920,1.17402,1.17399,2.81,2.25
25.08.2021 01:09:17.022,1.17402,1.17398,1.69,1.5
25.08.2021 01:09:17.224,1.1740000000000002,1.1739700000000002,1.76,0.75
25.08.2021 01:09:17.276,1.17399,1.17395,0.19,2.25
25.08.2021 01:09:17.429,1.17398,1.17395,1.5,1.5
25.08.2021 01:09:17.531,1.17398,1.17393,2.25,2.7
25.08.2021 01:09:20.831,1.1739700000000002,1.17393,1.12,1.95
25.08.2021 01:09:24.971,1.17398,1.17393,3.37,1.95
25.08.2021 01:09:25.174,1.1739700000000002,1.17393,1.12,1.95
25.08.2021 01:09:25.555,1.17398,1.17394,2.62,0.37
25.08.2021 01:09:25.721,1.1739700000000002,1.17394,1.12,0.37
25.08.2021 01:09:27.434,1.17398,1.17394,2.62,0.37
25.08.2021 01:09:29.898,1.1739700000000002,1.17394,1.12,0.37
25.08.2021 01:09:31.395,1.1739700000000002,1.17393,1.12,1.87
25.08.2021 01:09:33.559,1.17398,1.17394,1.87,1.5
25.08.2021 01:09:33.761,1.1739600000000001,1.17395,1.12,0.75
25.08.2021 01:09:34.008,1.17398,1.17394,1.87,0.75
25.08.2021 01:09:35.101,1.1739700000000002,1.17393,1.12,5.44
25.08.2021 01:09:36.713,1.17398,1.17393,2.62,3.07
25.08.2021 01:09:39.228,1.17398,1.17394,2.25,0.75
25.08.2021 01:09:44.154,1.17398,1.17395,2.7,1.87
25.08.2021 01:09:45.194,1.1739700000000002,1.17395,1.5,1.12
25.08.2021 01:09:46.709,1.17398,1.17393,2.25,2.7
25.08.2021 01:09:47.356,1.17398,1.17394,1.87,0.75
25.08.2021 01:09:50.950,1.17399,1.17394,2.32,3
25.08.2021 01:09:51.442,1.17398,1.17394,0.75,1.87
25.08.2021 01:09:54.888,1.17399,1.17394,1.87,3.07
25.08.2021 01:09:55.603,1.17398,1.17394,0.37,1.87
25.08.2021 01:09:56.004,1.17399,1.17394,2.32,1.87
25.08.2021 01:09:56.106,1.17398,1.17394,0.75,1.12
25.08.2021 01:09:59.625,1.17398,1.17393,2.25,8.07
25.08.2021 01:10:00.638,1.1739700000000002,1.17393,1.12,2.25
25.08.2021 01:10:00.998,1.17398,1.17393,2.7,2.25
25.08.2021 01:10:21.082,1.1740000000000002,1.1739700000000002,2.32,0.37
25.08.2021 01:10:21.234,1.17399,1.1739600000000001,0.75,0.1
25.08.2021 01:10:21.387,1.17399,1.17395,0.75,3.94
25.08.2021 01:10:24.178,1.1740000000000002,1.1739700000000002,0.75,2.7
25.08.2021 01:10:24.830,1.17402,1.17398,0.75,0.82
25.08.2021 01:10:24.959,1.17401,1.17398,0.75,0.82
25.08.2021 01:10:27.677,1.1740000000000002,1.17398,0.75,0.75
25.08.2021 01:10:27.984,1.1740000000000002,1.1739700000000002,0.75,0.82
25.08.2021 01:10:28.244,1.1740000000000002,1.1739600000000001,0.75,1.2
25.08.2021 01:10:32.156,1.1740000000000002,1.1739700000000002,0.75,2.7
25.08.2021 01:10:33.213,1.1740000000000002,1.17398,0.75,0.82
25.08.2021 01:10:33.264,1.17402,1.17399,0.75,0.75
25.08.2021 01:10:33.365,1.1740000000000002,1.17399,0.75,1.5
25.08.2021 01:10:35.681,1.17402,1.17398,0.75,0.82
25.08.2021 01:10:35.783,1.17403,1.17398,1.01,2.7
25.08.2021 01:10:35.834,1.17401,1.17398,0.75,1.5
25.08.2021 01:10:40.608,1.17401,1.1739700000000002,0.94,0.82
25.08.2021 01:10:40.761,1.1740000000000002,1.1739600000000001,0.75,0.82
25.08.2021 01:10:40.963,1.1740000000000002,1.17395,1.01,0.82
25.08.2021 01:10:41.065,1.17399,1.17394,0.82,1.57
25.08.2021 01:10:41.166,1.17399,1.17395,0.82,0.75
25.08.2021 01:10:47.661,1.17399,1.17394,0.82,1.2
25.08.2021 01:10:48.249,1.17398,1.17394,0.75,1.2
25.08.2021 01:10:54.321,1.17399,1.17394,1.39,0.82
25.08.2021 01:10:54.500,1.1740000000000002,1.17395,2.7,3.07
25.08.2021 01:10:55.820,1.1740000000000002,1.1739600000000001,1.95,1.12
25.08.2021 01:10:55.922,1.1740000000000002,1.1739700000000002,1.12,1.2
25.08.2021 01:10:56.023,1.17401,1.1739700000000002,1.87,1.2
25.08.2021 01:10:56.124,1.17401,1.17399,1.12,0.75
25.08.2021 01:10:56.227,1.17402,1.17398,0.75,0.82
25.08.2021 01:11:51.257,1.17403,1.17399,0.82,0.75
25.08.2021 01:11:51.359,1.17401,1.17399,0.75,1.57
25.08.2021 01:11:51.410,1.17404,1.1740000000000002,0.45,0.75
25.08.2021 01:11:51.562,1.17405,1.17401,1.2,0.75
25.08.2021 01:11:51.613,1.17402,1.17398,1.01,3.9
25.08.2021 01:12:00.340,1.17404,1.17402,1.2,1.12
25.08.2021 01:12:00.442,1.17403,1.1740000000000002,3.37,0.37
25.08.2021 01:12:00.543,1.17402,1.17399,0.1,0.75
25.08.2021 01:12:00.645,1.17403,1.1740000000000002,2.88,0.75
25.08.2021 01:12:00.746,1.17402,1.17399,0.1,0.75
25.08.2021 01:12:02.881,1.17402,1.17398,0.1,1.57
25.08.2021 01:12:16.824,1.17404,1.1740000000000002,3.15,2.14
25.08.2021 01:12:16.927,1.17402,1.1740000000000002,0.1,0.75
25.08.2021 01:12:17.028,1.17402,1.17398,0.1,2.32
25.08.2021 01:12:28.862,1.17405,1.17403,1.57,0.75
25.08.2021 01:12:28.913,1.17403,1.17401,1.88,5.07
25.08.2021 01:12:29.015,1.17405,1.17402,0.45,1.31
25.08.2021 01:12:29.116,1.17406,1.17402,2.88,0.75
25.08.2021 01:12:29.217,1.17406,1.17403,0.1,1.87
25.08.2021 01:12:29.268,1.17403,1.17401,0.1,2.32
25.08.2021 01:12:29.421,1.17402,1.17398,0.82,3
25.08.2021 01:12:37.806,1.17401,1.17398,0.75,0.26
25.08.2021 01:12:41.647,1.17403,1.17399,2.32,1.57
25.08.2021 01:12:42.174,1.17401,1.17398,0.75,1.2
25.08.2021 01:12:49.076,1.1740000000000002,1.17398,0.75,0.45
25.08.2021 01:12:58.248,1.1740000000000002,1.17399,0.75,1.2
25.08.2021 01:13:01.094,1.17402,1.17398,0.82,0.82
25.08.2021 01:13:07.582,1.17402,1.1740000000000002,0.1,0.75
25.08.2021 01:13:08.235,1.17401,1.17399,0.82,1.57
25.08.2021 01:13:15.408,1.17403,1.17399,0.75,4.32
25.08.2021 01:13:15.509,1.17402,1.17399,0.75,0.82
25.08.2021 01:13:15.610,1.17403,1.1740000000000002,1.57,0.75
25.08.2021 01:13:15.712,1.17401,1.17399,0.82,6.52
25.08.2021 01:13:23.696,1.17402,1.17399,0.82,0.19
25.08.2021 01:13:23.748,1.17404,1.17402,0.1,0.75
25.08.2021 01:13:23.799,1.17402,1.17399,0.75,0.82
25.08.2021 01:13:23.900,1.17403,1.1740000000000002,0.82,0.75
25.08.2021 01:13:24.002,1.17402,1.17399,0.1,0.75
25.08.2021 01:13:33.766,1.17403,1.17401,1.01,0.75
25.08.2021 01:13:33.868,1.17404,1.17402,1.84,0.75
25.08.2021 01:13:35.127,1.17405,1.17404,1.01,0.75
25.08.2021 01:13:35.229,1.1740700000000002,1.17405,0.1,0.75
25.08.2021 01:13:35.331,1.1740700000000002,1.17406,0.75,0.75
25.08.2021 01:13:35.432,1.17408,1.17406,0.75,0.75
25.08.2021 01:13:35.534,1.17409,1.17406,0.45,0.75
25.08.2021 01:13:37.256,1.17408,1.17406,0.19,0.75
25.08.2021 01:13:37.593,1.17409,1.17406,3.52,0.75
25.08.2021 01:13:38.469,1.17411,1.17408,1.39,0.75
25.08.2021 01:13:38.780,1.17412,1.17409,0.19,0.75
25.08.2021 01:13:38.881,1.17413,1.1741000000000001,1.39,0.75
25.08.2021 01:13:41.626,1.17414,1.17411,3.52,0.75
25.08.2021 01:13:41.728,1.17415,1.17412,3.34,0.75
25.08.2021 01:13:41.829,1.17415,1.17412,1.39,0.75
25.08.2021 01:13:41.931,1.17415,1.17413,2.14,0.75
25.08.2021 01:13:42.133,1.17416,1.17412,0.19,1.12
25.08.2021 01:13:42.235,1.17418,1.17415,0.56,0.75
25.08.2021 01:13:42.337,1.17418,1.17416,4.64,0.75
25.08.2021 01:13:42.438,1.17418,1.17416,3.52,0.75
25.08.2021 01:13:43.739,1.17419,1.1741700000000002,0.1,0.75
25.08.2021 01:13:43.841,1.1742000000000001,1.1741700000000002,0.94,0.75
25.08.2021 01:13:48.380,1.1742000000000001,1.17418,0.19,0.75
25.08.2021 01:13:58.098,1.1742000000000001,1.1741700000000002,0.19,0.75
25.08.2021 01:14:04.320,1.1742100000000002,1.17418,0.1,0.75
25.08.2021 01:14:04.422,1.17422,1.17418,0.37,0.75
25.08.2021 01:14:04.524,1.1742299999999999,1.17418,2.39,0.75
25.08.2021 01:14:05.219,1.17424,1.1742100000000002,3.52,0.75
25.08.2021 01:14:06.205,1.17425,1.1742100000000002,4.72,0.75
25.08.2021 01:14:06.922,1.17425,1.17422,0.1,0.75
25.08.2021 01:14:07.023,1.17426,1.17422,1.01,1.57
25.08.2021 01:14:07.125,1.17426,1.17424,0.26,0.75
25.08.2021 01:14:07.740,1.17425,1.17424,0.26,0.75
25.08.2021 01:14:08.465,1.17425,1.1742299999999999,0.1,0.75
25.08.2021 01:14:09.481,1.17425,1.17422,2.77,0.75
25.08.2021 01:14:14.047,1.17425,1.1742299999999999,0.75,0.75
25.08.2021 01:14:14.159,1.17426,1.1742299999999999,3.14,0.75
25.08.2021 01:14:21.261,1.17426,1.17422,1.76,0.75
25.08.2021 01:14:30.113,1.17425,1.17422,0.26,0.75
25.08.2021 01:14:32.368,1.17424,1.1742100000000002,0.1,0.75
25.08.2021 01:14:33.943,1.17424,1.1742000000000001,1.01,0.75
25.08.2021 01:14:35.982,1.1742299999999999,1.17419,0.75,1.61
25.08.2021 01:14:36.603,1.1741700000000002,1.17415,2.44,1.5
25.08.2021 01:14:36.705,1.1741700000000002,1.17414,0.75,7.5
25.08.2021 01:14:36.806,1.1741700000000002,1.17413,0.75,1.95
25.08.2021 01:14:39.692,1.17418,1.17413,1.57,5.63
25.08.2021 01:14:41.146,1.17418,1.17414,1.57,0.75
25.08.2021 01:14:50.169,1.1741700000000002,1.17413,0.75,1.95
25.08.2021 01:15:16.417,1.17413,1.17412,0.75,0.75
25.08.2021 01:15:16.468,1.17415,1.1741000000000001,0.82,5.82
25.08.2021 01:15:16.570,1.17413,1.1741000000000001,0.75,0.1
25.08.2021 01:15:16.673,1.17413,1.17409,0.75,3.94
25.08.2021 01:15:39.654,1.17412,1.17409,0.75,0.1
25.08.2021 01:15:45.367,1.17413,1.17409,0.75,0.1
25.08.2021 01:15:46.577,1.17411,1.1741000000000001,0.75,0.1
25.08.2021 01:15:49.247,1.17412,1.17408,0.75,4.69
25.08.2021 01:15:49.349,1.17413,1.17408,2.96,4.27
25.08.2021 01:15:58.893,1.17412,1.17408,0.75,5.82
25.08.2021 01:16:04.209,1.17413,1.17409,0.82,3.49
25.08.2021 01:16:05.386,1.17414,1.1741000000000001,0.75,0.1
25.08.2021 01:16:05.854,1.17414,1.17411,0.82,7.39
25.08.2021 01:16:06.428,1.17415,1.17411,0.82,2.74
25.08.2021 01:16:06.560,1.17415,1.1741000000000001,0.82,5.44
25.08.2021 01:16:06.662,1.17415,1.17411,0.75,2.82
25.08.2021 01:16:26.334,1.1741700000000002,1.17413,0.75,0.45
25.08.2021 01:16:33.852,1.1741700000000002,1.17414,0.82,4.69
25.08.2021 01:16:41.966,1.17416,1.17412,1.57,3.19
25.08.2021 01:16:42.119,1.17415,1.17412,0.75,1.5
25.08.2021 01:16:42.371,1.17413,1.1741000000000001,0.75,0.75
25.08.2021 01:16:42.473,1.17413,1.17409,0.75,3.15
25.08.2021 01:16:56.407,1.1741000000000001,1.17406,1.57,1.57
25.08.2021 01:16:56.509,1.17409,1.17406,1.01,1.2
25.08.2021 01:16:56.560,1.17408,1.17404,0.75,0.1
25.08.2021 01:17:09.808,1.17405,1.17401,0.75,2.4
25.08.2021 01:17:09.960,1.17405,1.1740000000000002,3.71,0.82
25.08.2021 01:17:10.232,1.17405,1.17401,4.64,0.37
25.08.2021 01:17:10.437,1.17404,1.17401,5.02,0.82
25.08.2021 01:17:14.153,1.17404,1.1740000000000002,0.75,0.82
25.08.2021 01:17:22.659,1.17405,1.1740000000000002,2.51,0.82
25.08.2021 01:17:35.636,1.17406,1.17402,0.75,1.2
25.08.2021 01:17:35.799,1.1740700000000002,1.17402,2.51,5.44
25.08.2021 01:17:35.948,1.17406,1.17404,2.44,0.1
25.08.2021 01:17:38.140,1.17408,1.17403,5.39,1.2
25.08.2021 01:17:40.156,1.1740700000000002,1.17403,1.69,0.82
25.08.2021 01:17:40.257,1.17406,1.17402,0.94,4.32
25.08.2021 01:17:40.410,1.17406,1.17401,3.89,1.95
25.08.2021 01:17:41.206,1.17404,1.17402,0.75,0.1
25.08.2021 01:17:42.809,1.1740700000000002,1.17403,1.76,2.74
25.08.2021 01:17:45.055,1.17408,1.17403,1.76,2.7
25.08.2021 01:17:45.156,1.17408,1.17404,0.82,2.74
25.08.2021 01:18:20.110,1.17408,1.17405,0.75,0.94
25.08.2021 01:18:20.262,1.17408,1.17406,0.75,1.01
25.08.2021 01:18:22.870,1.1740700000000002,1.17405,0.82,1.01
25.08.2021 01:18:22.921,1.17405,1.17403,1.5,0.45
25.08.2021 01:18:23.023,1.17403,1.17401,0.1,7.5
25.08.2021 01:18:23.074,1.17401,1.17399,0.75,2.02
25.08.2021 01:18:23.175,1.17401,1.17398,0.75,2.29
25.08.2021 01:18:23.825,1.17402,1.17398,0.75,1.84
25.08.2021 01:18:25.056,1.17403,1.1740000000000002,0.75,0.1
25.08.2021 01:18:25.157,1.17401,1.17399,0.75,0.37
25.08.2021 01:18:26.288,1.1740000000000002,1.17398,0.75,1.76
25.08.2021 01:18:26.390,1.17401,1.17398,0.75,1.39
25.08.2021 01:18:31.060,1.17402,1.17398,0.75,5.44
25.08.2021 01:18:31.162,1.17403,1.17399,0.75,1.39
25.08.2021 01:18:31.263,1.17401,1.17398,0.75,1.84
25.08.2021 01:18:40.180,1.1740000000000002,1.17398,0.75,1.39
25.08.2021 01:18:44.153,1.1740000000000002,1.17399,1.5,1.39
25.08.2021 01:18:48.161,1.1740000000000002,1.17398,0.75,0.75
25.08.2021 01:18:48.262,1.17399,1.1739600000000001,0.75,3.76
25.08.2021 01:18:48.414,1.17401,1.1739700000000002,3.71,0.75
25.08.2021 01:18:48.925,1.17401,1.17398,0.75,0.75
25.08.2021 01:19:14.623,1.17402,1.17398,3.71,1.39
25.08.2021 01:19:14.827,1.17401,1.17398,0.75,1.46
25.08.2021 01:19:16.186,1.17402,1.17399,2.89,2.21
25.08.2021 01:19:16.340,1.17401,1.17398,0.75,2.77
25.08.2021 01:19:20.581,1.17402,1.17398,0.75,1.76
25.08.2021 01:19:20.762,1.1740000000000002,1.17399,0.75,1.01
25.08.2021 01:19:22.129,1.1740000000000002,1.17398,0.75,0.75
25.08.2021 01:19:22.839,1.17401,1.17398,2.96,0.75
25.08.2021 01:19:23.114,1.17399,1.1739600000000001,0.75,1.2
25.08.2021 01:19:23.819,1.17398,1.1739600000000001,0.75,1.2
25.08.2021 01:19:26.650,1.1740000000000002,1.17398,4.46,0.75
25.08.2021 01:19:26.979,1.17399,1.1739700000000002,0.75,0.75
25.08.2021 01:19:27.294,1.17398,1.1739600000000001,0.75,1.95
25.08.2021 01:19:27.797,1.17399,1.1739700000000002,0.75,0.75
25.08.2021 01:19:28.142,1.1740000000000002,1.1739700000000002,0.1,0.75
25.08.2021 01:19:29.360,1.17401,1.17398,0.1,0.75
25.08.2021 01:19:58.846,1.1740000000000002,1.17398,0.75,1.39
25.08.2021 01:20:00.668,1.17401,1.17398,0.75,1.39
25.08.2021 01:20:00.769,1.1740000000000002,1.17398,0.75,3.34
25.08.2021 01:20:07.304,1.17399,1.1739600000000001,0.75,3.12
25.08.2021 01:20:07.406,1.17399,1.17395,0.75,3.34
25.08.2021 01:20:17.130,1.17399,1.1739600000000001,0.75,0.37
25.08.2021 01:20:17.181,1.1740000000000002,1.17398,0.75,1.39
25.08.2021 01:20:17.286,1.1740000000000002,1.1739700000000002,0.75,2.32
25.08.2021 01:20:17.438,1.1740000000000002,1.17398,0.75,1.39
25.08.2021 01:20:20.892,1.17401,1.17398,0.1,0.75
25.08.2021 01:20:20.993,1.1740000000000002,1.17398,0.75,1.39
25.08.2021 01:20:24.275,1.1740000000000002,1.1739600000000001,0.75,4.88
25.08.2021 01:20:24.326,1.17401,1.17398,0.75,0.75
25.08.2021 01:20:24.730,1.17402,1.17399,2.88,0.75
25.08.2021 01:20:24.831,1.17402,1.17398,1.5,2.59
25.08.2021 01:20:27.260,1.17401,1.17398,0.75,1.39
25.08.2021 01:20:27.514,1.17402,1.17398,0.75,2.21
25.08.2021 01:20:45.264,1.17403,1.1740000000000002,0.75,0.75
25.08.2021 01:20:45.366,1.17406,1.17403,0.45,0.75
25.08.2021 01:20:45.417,1.17405,1.17401,0.75,1.2
25.08.2021 01:20:45.519,1.17406,1.17402,0.75,1.2
25.08.2021 01:20:45.620,1.17403,1.1740000000000002,0.26,0.75
25.08.2021 01:20:45.722,1.17401,1.17398,0.75,0.37
25.08.2021 01:20:50.153,1.1740000000000002,1.17398,0.75,0.37
25.08.2021 01:21:00.639,1.1740000000000002,1.17398,0.75,1.2
25.08.2021 01:21:12.399,1.1740000000000002,1.17398,0.75,0.1
25.08.2021 01:21:15.362,1.1740000000000002,1.1739700000000002,0.75,1.95
25.08.2021 01:21:18.313,1.1740000000000002,1.17398,0.75,0.1
25.08.2021 01:21:23.602,1.17401,1.17398,0.75,0.1
