Gmt time,Ask,Bid,AskVolume,BidVolume
30.08.2021 00:00:00.542,1.1798600000000001,1.17982,0.75,0.75
30.08.2021 00:00:00.860,1.1798700000000002,1.1798,0.82,1.69
30.08.2021 00:00:01.969,1.1798600000000001,1.1798,0.37,1.12
30.08.2021 00:00:04.424,1.1798600000000001,1.1797900000000001,0.82,4.69
30.08.2021 00:00:04.897,1.1798600000000001,1.17982,1.5,0.75
30.08.2021 00:00:07.167,1.1798600000000001,1.17983,0.37,0.75
30.08.2021 00:00:07.473,1.1798600000000001,1.17984,0.82,0.75
30.08.2021 00:00:13.653,1.1798600000000001,1.17983,0.37,0.75
30.08.2021 00:00:15.182,1.1798600000000001,1.17982,2.77,0.75
30.08.2021 00:00:26.317,1.1798600000000001,1.17983,2.4,0.75
30.08.2021 00:00:26.433,1.17985,1.17983,0.37,0.75
30.08.2021 00:00:28.053,1.1798600000000001,1.17983,3.34,0.75
30.08.2021 00:00:35.468,1.1798700000000002,1.17983,0.82,0.75
30.08.2021 00:00:35.569,1.1798700000000002,1.17984,0.45,1.69
30.08.2021 00:00:35.670,1.1799,1.1798700000000002,0.9,0.75
30.08.2021 00:00:36.254,1.17991,1.17988,1.65,0.75
30.08.2021 00:00:39.655,1.17993,1.17991,1.2,0.75
30.08.2021 00:00:39.959,1.17994,1.17991,0.45,0.75
30.08.2021 00:00:40.162,1.17995,1.17991,2.96,0.75
30.08.2021 00:00:42.195,1.17995,1.17993,0.26,0.75
30.08.2021 00:00:42.748,1.1799600000000001,1.17993,1.09,0.75
30.08.2021 00:00:42.849,1.17995,1.17993,0.1,0.75
30.08.2021 00:00:44.179,1.17995,1.17992,0.1,0.75
30.08.2021 00:00:44.618,1.1799700000000002,1.17993,4.84,0.75
30.08.2021 00:00:46.582,1.17998,1.17995,2.21,0.75
30.08.2021 00:00:46.683,1.1799700000000002,1.17993,0.56,1.5
30.08.2021 00:00:46.785,1.1799700000000002,1.17995,0.19,0.75
30.08.2021 00:00:46.886,1.1799700000000002,1.17993,0.19,1.5
30.08.2021 00:00:47.138,1.1799600000000001,1.17992,1.57,0.75
30.08.2021 00:00:57.488,1.1799600000000001,1.17993,0.82,1.87
30.08.2021 00:00:57.539,1.1799700000000002,1.17995,1.57,0.75
30.08.2021 00:00:58.153,1.1799600000000001,1.17993,0.75,0.75
30.08.2021 00:01:00.099,1.1799600000000001,1.17992,1.39,0.75
30.08.2021 00:01:00.811,1.1799700000000002,1.17993,1.01,0.75
30.08.2021 00:01:00.862,1.17998,1.17995,0.82,0.75
30.08.2021 00:01:00.963,1.17998,1.1799600000000001,0.45,0.75
30.08.2021 00:01:01.064,1.17999,1.1799600000000001,0.82,0.75
30.08.2021 00:01:01.667,1.17999,1.1799700000000002,0.82,0.75
30.08.2021 00:01:03.143,1.18001,1.1799700000000002,0.75,0.75
30.08.2021 00:01:06.251,1.18002,1.1800000000000002,1.2,0.75
30.08.2021 00:01:06.302,1.18001,1.1799700000000002,2.14,0.75
30.08.2021 00:01:07.764,1.18002,1.1800000000000002,3.82,0.75
30.08.2021 00:01:07.966,1.18002,1.17999,0.75,0.75
30.08.2021 00:01:08.067,1.18001,1.17998,0.75,0.75
30.08.2021 00:01:08.168,1.18001,1.1799700000000002,0.75,1.5
30.08.2021 00:01:29.123,1.1800000000000002,1.1799700000000002,0.75,0.75
30.08.2021 00:01:29.224,1.1799700000000002,1.17994,1.5,0.94
30.08.2021 00:01:29.326,1.1799700000000002,1.17993,0.75,2.44
30.08.2021 00:01:29.427,1.17998,1.1799600000000001,2.25,0.75
30.08.2021 00:01:31.077,1.1799600000000001,1.17995,2.32,0.75
30.08.2021 00:01:31.499,1.17994,1.17993,0.75,0.75
30.08.2021 00:01:39.561,1.1799700000000002,1.17993,1.76,0.75
30.08.2021 00:01:39.662,1.17995,1.17993,1.2,0.75
30.08.2021 00:01:41.958,1.17995,1.17992,0.75,0.75
30.08.2021 00:01:42.059,1.17994,1.17992,0.75,1.69
30.08.2021 00:01:45.140,1.17991,1.17988,1.5,1.2
30.08.2021 00:01:45.241,1.1799,1.1798700000000002,1.5,8.25
30.08.2021 00:01:45.342,1.17989,1.1798700000000002,0.75,7.5
30.08.2021 00:01:45.444,1.17989,1.1798600000000001,0.75,0.75
30.08.2021 00:01:46.309,1.1799,1.1798600000000001,0.94,0.75
30.08.2021 00:01:46.464,1.1799,1.17988,0.75,0.75
30.08.2021 00:01:54.812,1.17985,1.17984,1.12,3.07
30.08.2021 00:01:54.963,1.17985,1.17981,1.5,10.12
30.08.2021 00:01:56.669,1.1798700000000002,1.17983,1.5,1.5
30.08.2021 00:01:56.872,1.1798600000000001,1.17983,0.75,0.75
30.08.2021 00:01:57.499,1.1798600000000001,1.17982,2.25,0.75
30.08.2021 00:01:57.601,1.17985,1.17981,0.75,0.75
30.08.2021 00:01:57.703,1.17984,1.17981,0.75,0.75
30.08.2021 00:01:58.703,1.17985,1.17981,0.75,1.5
30.08.2021 00:01:58.804,1.1798700000000002,1.17984,0.45,2.81
30.08.2021 00:01:58.855,1.17989,1.1798700000000002,0.37,0.75
30.08.2021 00:01:58.956,1.1799,1.1798700000000002,0.75,0.75
30.08.2021 00:02:00.479,1.17988,1.1798600000000001,0.75,3
30.08.2021 00:02:04.058,1.17989,1.1798600000000001,0.75,0.75
30.08.2021 00:02:04.210,1.17989,1.17985,1.5,1.12
30.08.2021 00:02:04.261,1.1798700000000002,1.17984,1.5,0.75
30.08.2021 00:02:04.362,1.17988,1.17984,0.75,1.5
30.08.2021 00:02:04.463,1.1798600000000001,1.17983,0.75,0.94
30.08.2021 00:02:04.514,1.17989,1.17985,0.75,0.75
30.08.2021 00:02:04.565,1.1799,1.1798700000000002,1.57,1.31
30.08.2021 00:02:04.666,1.17991,1.17988,2.25,1.69
30.08.2021 00:02:04.717,1.17994,1.1799,1.2,1.12
30.08.2021 00:02:04.920,1.17994,1.17991,0.75,0.75
30.08.2021 00:02:20.667,1.17993,1.1799,0.75,0.75
30.08.2021 00:02:20.768,1.17994,1.1799,0.75,0.75
30.08.2021 00:02:21.853,1.17994,1.17991,0.75,0.75
30.08.2021 00:02:26.069,1.17991,1.17989,0.75,1.5
30.08.2021 00:02:26.171,1.1799,1.17988,1.5,0.45
30.08.2021 00:02:26.221,1.17989,1.1798700000000002,1.69,0.75
30.08.2021 00:02:26.272,1.17985,1.17983,0.75,1.2
30.08.2021 00:02:26.323,1.1798700000000002,1.17983,2.25,1.95
30.08.2021 00:02:26.424,1.17983,1.1798,0.75,0.82
30.08.2021 00:02:26.525,1.17984,1.17981,0.75,0.75
30.08.2021 00:02:26.627,1.17984,1.17982,0.94,0.75
30.08.2021 00:02:27.090,1.17984,1.17981,0.75,0.75
30.08.2021 00:02:28.260,1.17985,1.17981,0.75,0.75
30.08.2021 00:02:39.954,1.1798600000000001,1.17982,1.2,0.75
30.08.2021 00:03:01.978,1.17988,1.17985,1.2,0.75
30.08.2021 00:03:02.880,1.17989,1.1798600000000001,0.75,0.75
30.08.2021 00:03:05.742,1.1799,1.1798600000000001,0.75,0.75
30.08.2021 00:03:06.946,1.1799,1.1798700000000002,0.75,0.75
30.08.2021 00:03:45.333,1.1798700000000002,1.17984,0.82,1.95
30.08.2021 00:03:45.434,1.17985,1.17982,2.32,8.25
30.08.2021 00:03:45.485,1.17982,1.1798,0.75,0.45
30.08.2021 00:03:45.587,1.17982,1.1797900000000001,3.07,0.19
30.08.2021 00:03:45.689,1.1798,1.1797700000000002,0.82,0.75
30.08.2021 00:03:48.815,1.1797600000000001,1.17973,0.75,4.76
30.08.2021 00:03:48.917,1.1797600000000001,1.17972,1.57,1.5
30.08.2021 00:04:01.071,1.17975,1.17972,0.1,0.75
30.08.2021 00:04:04.968,1.1797600000000001,1.17972,1.2,2.25
30.08.2021 00:04:05.069,1.17978,1.17975,1.27,0.75
30.08.2021 00:04:05.170,1.17978,1.1797700000000002,0.82,0.75
30.08.2021 00:04:05.976,1.1798,1.1797600000000001,0.82,0.75
30.08.2021 00:04:10.683,1.17974,1.17973,0.75,0.75
30.08.2021 00:04:12.280,1.17974,1.1797,0.75,1.57
30.08.2021 00:04:16.571,1.17972,1.17968,1.57,1.69
30.08.2021 00:04:16.673,1.1797,1.1796700000000002,0.75,8.25
30.08.2021 00:04:16.824,1.1797,1.1796600000000002,0.82,2.44
30.08.2021 00:04:16.976,1.1796900000000001,1.1796600000000002,0.75,1.31
30.08.2021 00:04:17.178,1.1796900000000001,1.1796700000000002,0.82,1.69
30.08.2021 00:04:21.902,1.1796900000000001,1.1796600000000002,0.75,1.69
30.08.2021 00:04:28.994,1.1797,1.1796700000000002,0.82,0.75
30.08.2021 00:04:42.333,1.17968,1.1796700000000002,0.75,0.75
30.08.2021 00:04:51.182,1.17972,1.17968,0.82,0.75
30.08.2021 00:04:51.233,1.1797,1.17968,0.75,0.19
30.08.2021 00:04:51.334,1.1797,1.1796700000000002,0.75,0.75
30.08.2021 00:04:51.435,1.1797,1.1796600000000002,0.82,3.19
30.08.2021 00:05:00.364,1.17971,1.1796700000000002,0.82,0.75
30.08.2021 00:05:01.118,1.1797,1.1796600000000002,0.75,5.51
30.08.2021 00:05:32.187,1.1796900000000001,1.1796600000000002,0.75,0.75
30.08.2021 00:05:34.834,1.1796600000000002,1.17963,1.2,0.94
30.08.2021 00:05:34.935,1.17965,1.17963,0.82,0.19
30.08.2021 00:05:35.036,1.17964,1.17961,0.75,1.69
30.08.2021 00:05:48.513,1.17961,1.1795700000000002,1.2,3.19
30.08.2021 00:05:48.614,1.1796,1.1795700000000002,0.82,1.5
30.08.2021 00:05:48.716,1.17959,1.1795600000000002,0.1,0.75
30.08.2021 00:05:48.817,1.17959,1.17955,0.82,1.69
30.08.2021 00:05:49.178,1.17959,1.1795600000000002,0.82,0.75
30.08.2021 00:05:53.251,1.1795700000000002,1.17954,1.57,3.94
30.08.2021 00:05:53.352,1.17955,1.17951,0.82,2.06
30.08.2021 00:05:53.453,1.17955,1.1795200000000001,0.82,0.75
30.08.2021 00:05:53.554,1.17955,1.17951,0.82,1.69
30.08.2021 00:05:54.023,1.17955,1.1795200000000001,0.82,0.75
30.08.2021 00:05:54.124,1.1795600000000002,1.17953,0.1,0.94
30.08.2021 00:05:54.226,1.1795700000000002,1.1795600000000002,0.82,0.94
30.08.2021 00:05:56.499,1.17959,1.1795600000000002,0.82,0.75
30.08.2021 00:05:56.693,1.1796,1.1795700000000002,0.1,0.75
30.08.2021 00:05:58.743,1.1796,1.1795600000000002,0.82,0.75
30.08.2021 00:06:00.679,1.17959,1.1795600000000002,0.75,0.75
30.08.2021 00:06:12.130,1.1796,1.1795700000000002,0.75,0.75
30.08.2021 00:06:12.232,1.1796200000000001,1.1796,0.45,0.75
30.08.2021 00:06:12.333,1.17965,1.17961,8.62,0.75
30.08.2021 00:06:14.346,1.17965,1.1796200000000001,0.75,0.75
30.08.2021 00:06:24.394,1.17965,1.17961,1.57,0.75
30.08.2021 00:06:24.596,1.17964,1.1796,0.75,0.75
30.08.2021 00:06:25.553,1.17961,1.17958,1.12,0.75
30.08.2021 00:06:25.656,1.1796,1.1795700000000002,0.75,0.75
30.08.2021 00:06:25.758,1.1796,1.1795600000000002,1.76,0.75
30.08.2021 00:06:25.860,1.17959,1.17955,1.69,0.75
30.08.2021 00:06:30.173,1.1796,1.1795600000000002,1.27,0.75
30.08.2021 00:07:03.732,1.1796,1.1795700000000002,0.75,0.75
30.08.2021 00:07:03.783,1.17963,1.17959,1.57,1.5
30.08.2021 00:07:03.884,1.17963,1.1796,0.45,0.75
30.08.2021 00:07:03.985,1.17964,1.1796,0.75,1.5
30.08.2021 00:07:45.744,1.17964,1.1796200000000001,0.75,0.75
30.08.2021 00:09:01.244,1.1796600000000002,1.1796200000000001,0.82,1.5
30.08.2021 00:09:05.087,1.17965,1.17961,0.75,1.5
30.08.2021 00:09:31.809,1.1796600000000002,1.1796200000000001,1.12,0.82
30.08.2021 00:09:31.911,1.17965,1.1796200000000001,0.75,0.75
30.08.2021 00:09:41.975,1.17964,1.17961,0.75,0.75
30.08.2021 00:10:19.182,1.17965,1.1796200000000001,0.75,0.75
30.08.2021 00:11:39.547,1.1796700000000002,1.17964,2.44,0.75
30.08.2021 00:11:39.649,1.17968,1.17965,0.75,0.75
30.08.2021 00:11:39.802,1.1797,1.1796700000000002,0.26,1.5
30.08.2021 00:11:39.903,1.1796900000000001,1.1796600000000002,0.75,0.75
30.08.2021 00:11:40.005,1.1796900000000001,1.17965,0.75,3.26
30.08.2021 00:11:40.157,1.1796900000000001,1.1796600000000002,0.75,0.75
30.08.2021 00:11:46.262,1.17972,1.17968,0.94,1.12
30.08.2021 00:11:46.313,1.17973,1.1797,1.2,0.75
30.08.2021 00:11:46.995,1.17971,1.17968,1.12,1.5
30.08.2021 00:11:47.876,1.17971,1.1796700000000002,0.75,1.31
30.08.2021 00:11:49.084,1.17972,1.17968,0.75,1.69
30.08.2021 00:11:49.654,1.17972,1.1796900000000001,0.75,0.75
30.08.2021 00:11:49.906,1.17971,1.1796900000000001,0.75,1.87
30.08.2021 00:11:50.221,1.17974,1.1797,1.76,0.75
30.08.2021 00:11:50.385,1.17973,1.1796900000000001,0.75,0.75
30.08.2021 00:11:51.097,1.17973,1.17971,1.76,0.75
30.08.2021 00:11:51.977,1.17971,1.1797,0.75,0.75
30.08.2021 00:11:52.078,1.17973,1.1797,0.75,0.75
30.08.2021 00:11:54.571,1.17974,1.1797,0.75,0.75
30.08.2021 00:11:57.022,1.17973,1.17972,0.75,0.37
30.08.2021 00:11:57.220,1.17974,1.1797,0.75,1.57
30.08.2021 00:11:59.973,1.17974,1.17971,0.75,0.75
30.08.2021 00:12:13.928,1.17975,1.17971,0.75,2.32
30.08.2021 00:12:19.443,1.17974,1.1797,0.75,1.5
30.08.2021 00:12:19.544,1.17974,1.17971,0.75,0.75
30.08.2021 00:13:14.105,1.1797600000000001,1.17972,2.7,0.75
30.08.2021 00:13:15.631,1.17975,1.17972,0.75,0.75
30.08.2021 00:13:27.232,1.1797,1.1796900000000001,1.87,1.95
30.08.2021 00:13:27.384,1.1796900000000001,1.17968,0.82,1.2
30.08.2021 00:13:27.435,1.1797,1.1796600000000002,0.82,8.25
30.08.2021 00:14:02.607,1.1796900000000001,1.17965,0.82,1.12
30.08.2021 00:14:10.998,1.17968,1.17965,1.57,0.75
30.08.2021 00:14:11.049,1.17965,1.1796200000000001,0.75,1.2
30.08.2021 00:14:13.349,1.17964,1.17961,0.82,0.75
30.08.2021 00:14:13.450,1.17964,1.1796,1.57,0.75
30.08.2021 00:14:15.658,1.17968,1.17965,0.82,0.75
30.08.2021 00:14:17.093,1.1796900000000001,1.17965,0.82,0.75
30.08.2021 00:14:18.915,1.1796900000000001,1.1796600000000002,0.75,0.75
30.08.2021 00:14:19.435,1.17971,1.1796700000000002,1.5,0.75
30.08.2021 00:14:20.168,1.17972,1.17968,1.57,0.75
30.08.2021 00:14:20.320,1.17972,1.1796900000000001,1.57,0.75
30.08.2021 00:14:20.421,1.17973,1.1796900000000001,0.82,0.75
30.08.2021 00:14:20.522,1.17974,1.1797,0.82,0.75
30.08.2021 00:14:21.526,1.17975,1.17971,0.82,0.75
30.08.2021 00:14:26.506,1.17974,1.1797,0.75,1.2
30.08.2021 00:14:35.885,1.17974,1.17971,0.82,0.75
30.08.2021 00:14:35.986,1.17973,1.17971,0.82,0.75
30.08.2021 00:14:36.824,1.17974,1.17971,1.57,0.75
30.08.2021 00:14:36.928,1.17974,1.1797,1.57,0.75
30.08.2021 00:15:01.682,1.1797,1.1796700000000002,0.75,10.76
30.08.2021 00:15:01.783,1.1796900000000001,1.1796700000000002,0.75,8.7
30.08.2021 00:15:01.936,1.1796900000000001,1.1796600000000002,0.75,0.75
30.08.2021 00:15:02.037,1.1796900000000001,1.17965,0.82,0.75
30.08.2021 00:15:02.138,1.1796700000000002,1.17964,0.75,0.75
30.08.2021 00:15:02.240,1.17968,1.17965,0.75,0.75
30.08.2021 00:15:07.329,1.17968,1.17964,0.82,1.12
30.08.2021 00:15:17.098,1.17968,1.17965,0.75,0.75
30.08.2021 00:15:18.023,1.1796900000000001,1.17965,0.82,0.75
30.08.2021 00:15:26.414,1.1797,1.1796600000000002,0.75,1.76
30.08.2021 00:15:26.516,1.1797,1.1796700000000002,0.75,0.75
30.08.2021 00:15:28.544,1.1797,1.1796600000000002,0.75,0.75
30.08.2021 00:16:00.897,1.1796900000000001,1.1796600000000002,0.75,0.75
30.08.2021 00:16:08.356,1.1797,1.1796700000000002,0.75,1.12
30.08.2021 00:16:08.458,1.17971,1.17968,0.75,0.75
30.08.2021 00:16:08.559,1.17971,1.1797,0.75,0.75
30.08.2021 00:16:08.762,1.17973,1.1797,0.75,0.75
30.08.2021 00:16:08.943,1.17974,1.17971,1.57,0.75
30.08.2021 00:16:13.764,1.1797600000000001,1.17973,0.75,0.75
30.08.2021 00:16:13.865,1.1797600000000001,1.17972,0.75,0.82
30.08.2021 00:16:17.106,1.17975,1.17974,0.75,0.75
30.08.2021 00:16:17.156,1.17975,1.17971,0.75,2.59
30.08.2021 00:16:17.308,1.17974,1.17971,0.75,1.95
30.08.2021 00:16:49.654,1.17971,1.17968,1.87,2.7
30.08.2021 00:16:49.755,1.17971,1.1797,0.75,0.75
30.08.2021 00:16:49.907,1.17973,1.1796900000000001,2.32,0.75
30.08.2021 00:16:51.222,1.17974,1.1797,0.82,0.75
30.08.2021 00:16:51.323,1.17974,1.17971,0.75,0.75
30.08.2021 00:16:54.251,1.17975,1.17971,0.75,0.75
30.08.2021 00:16:58.571,1.1797700000000002,1.17973,0.75,0.75
30.08.2021 00:17:04.771,1.1797700000000002,1.17974,0.75,0.37
30.08.2021 00:17:06.069,1.1797700000000002,1.17973,0.75,1.5
30.08.2021 00:17:08.126,1.1797900000000001,1.17975,0.82,0.75
30.08.2021 00:17:08.278,1.17982,1.17978,1.2,0.75
30.08.2021 00:17:17.075,1.17983,1.1797900000000001,0.82,0.75
30.08.2021 00:17:18.153,1.17982,1.17978,0.82,0.75
30.08.2021 00:17:18.355,1.1798,1.1797600000000001,0.75,0.75
30.08.2021 00:17:19.930,1.17978,1.1797700000000002,0.75,0.75
30.08.2021 00:17:20.353,1.17978,1.17974,1.57,0.75
30.08.2021 00:17:30.022,1.1797900000000001,1.17975,1.57,0.75
30.08.2021 00:18:02.069,1.1798,1.17975,0.75,2.51
30.08.2021 00:18:07.547,1.17978,1.1797600000000001,0.82,0.75
30.08.2021 00:18:14.075,1.17978,1.17974,0.75,1.01
30.08.2021 00:18:21.498,1.17978,1.17975,0.75,0.1
30.08.2021 00:18:21.711,1.1797900000000001,1.17975,0.75,0.82
30.08.2021 00:18:41.075,1.1798,1.1797600000000001,1.57,0.75
30.08.2021 00:18:43.933,1.17983,1.1797900000000001,3.82,0.75
30.08.2021 00:18:44.035,1.17984,1.1798,2.32,0.75
30.08.2021 00:18:44.137,1.17985,1.17981,11.32,1.5
30.08.2021 00:18:47.900,1.1798600000000001,1.17982,1.57,0.75
30.08.2021 00:18:50.166,1.1798700000000002,1.17983,1.57,0.75
30.08.2021 00:18:52.129,1.17988,1.17984,0.82,0.75
30.08.2021 00:18:57.130,1.1798700000000002,1.17983,0.82,0.75
30.08.2021 00:19:02.275,1.17988,1.17984,0.82,0.75
30.08.2021 00:19:02.377,1.17989,1.17984,1.57,0.82
30.08.2021 00:19:02.647,1.17989,1.17985,0.75,0.82
30.08.2021 00:19:02.756,1.1799,1.1798600000000001,4.76,0.75
30.08.2021 00:19:14.549,1.17991,1.1798700000000002,1.5,0.82
30.08.2021 00:19:14.650,1.17992,1.17988,2.32,0.75
30.08.2021 00:19:16.057,1.17994,1.17991,0.75,0.75
30.08.2021 00:19:16.158,1.17995,1.17991,0.82,0.75
30.08.2021 00:19:26.973,1.17994,1.1799,0.75,0.82
30.08.2021 00:19:27.074,1.17993,1.1799,0.75,0.75
30.08.2021 00:19:27.125,1.17992,1.17988,0.75,0.75
30.08.2021 00:19:27.277,1.17991,1.1798700000000002,0.75,0.75
30.08.2021 00:19:27.378,1.1799,1.1798700000000002,0.1,0.75
30.08.2021 00:19:27.479,1.1799,1.1798600000000001,0.82,0.75
30.08.2021 00:20:03.656,1.1799,1.17985,0.82,0.1
30.08.2021 00:20:08.075,1.1799,1.1798600000000001,1.57,0.75
30.08.2021 00:20:08.760,1.17989,1.1798600000000001,0.1,0.75
30.08.2021 00:20:08.811,1.1798600000000001,1.17983,0.82,0.75
30.08.2021 00:20:08.912,1.1798600000000001,1.17982,1.95,2.02
30.08.2021 00:20:09.013,1.17985,1.17981,0.82,0.82
30.08.2021 00:20:12.860,1.1798600000000001,1.17982,0.75,0.75
30.08.2021 00:20:27.592,1.17985,1.17981,0.82,0.82
30.08.2021 00:20:44.038,1.17984,1.17981,0.75,0.82
30.08.2021 00:20:48.314,1.1798700000000002,1.17983,1.5,0.82
30.08.2021 00:20:50.557,1.17988,1.17984,0.75,0.82
30.08.2021 00:20:53.169,1.17989,1.17985,1.57,0.75
30.08.2021 00:20:53.531,1.1799,1.1798600000000001,0.75,2.32
30.08.2021 00:20:53.632,1.17992,1.17988,0.75,0.82
30.08.2021 00:20:53.733,1.17993,1.17989,0.1,0.94
30.08.2021 00:20:53.834,1.17994,1.17989,1.57,0.82
30.08.2021 00:20:54.243,1.17993,1.17991,1.57,0.75
30.08.2021 00:20:58.269,1.17995,1.17991,0.82,0.75
30.08.2021 00:21:08.752,1.1799600000000001,1.17992,0.75,2.7
30.08.2021 00:21:08.853,1.17998,1.17994,1.95,0.75
30.08.2021 00:21:09.997,1.17999,1.17995,1.5,0.75
30.08.2021 00:21:14.335,1.17999,1.1799600000000001,0.75,0.75
30.08.2021 00:21:31.821,1.1800000000000002,1.1799600000000001,0.75,0.82
30.08.2021 00:21:39.597,1.1800000000000002,1.1799700000000002,0.75,0.75
30.08.2021 00:21:39.698,1.18001,1.1799700000000002,0.82,0.75
30.08.2021 00:21:47.090,1.18002,1.17998,0.75,0.75
30.08.2021 00:21:50.814,1.18003,1.17999,1.5,0.75
30.08.2021 00:22:01.237,1.18004,1.1800000000000002,0.75,0.75
30.08.2021 00:22:07.221,1.18002,1.1800000000000002,1.57,0.75
30.08.2021 00:22:10.162,1.1800000000000002,1.1799600000000001,0.82,0.75
30.08.2021 00:22:10.364,1.17999,1.1799600000000001,0.82,1.76
30.08.2021 00:22:12.303,1.1800000000000002,1.1799600000000001,0.82,0.75
30.08.2021 00:22:12.404,1.18001,1.1799700000000002,0.82,0.75
30.08.2021 00:22:12.738,1.1800000000000002,1.1799600000000001,0.75,0.82
30.08.2021 00:22:24.545,1.17999,1.17995,1.57,0.75
30.08.2021 00:22:31.729,1.1800000000000002,1.1799700000000002,0.75,0.1
30.08.2021 00:22:31.830,1.1800000000000002,1.1799600000000001,0.75,1.01
30.08.2021 00:22:33.922,1.18001,1.1799700000000002,0.1,0.75
30.08.2021 00:22:36.649,1.1800000000000002,1.17995,0.82,4.01
30.08.2021 00:22:37.309,1.1800000000000002,1.1799600000000001,0.82,0.94
30.08.2021 00:22:37.561,1.18001,1.1799700000000002,0.75,0.75
30.08.2021 00:22:37.795,1.18002,1.17998,0.75,0.82
30.08.2021 00:22:39.049,1.18002,1.1800000000000002,0.75,0.82
30.08.2021 00:22:40.579,1.1800000000000002,1.1799600000000001,0.75,3.07
30.08.2021 00:22:44.118,1.18001,1.1799700000000002,0.82,0.75
30.08.2021 00:22:44.832,1.1800000000000002,1.1799600000000001,1.57,0.75
30.08.2021 00:22:57.861,1.1800000000000002,1.1799700000000002,0.82,1.57
30.08.2021 00:22:57.962,1.18001,1.1799700000000002,0.82,0.19
30.08.2021 00:23:00.155,1.18002,1.1799700000000002,0.82,1.01
30.08.2021 00:23:09.595,1.18001,1.1799700000000002,1.95,0.75
30.08.2021 00:23:13.395,1.18001,1.1799600000000001,1.95,1.01
30.08.2021 00:23:13.503,1.18001,1.1799700000000002,0.75,0.82
30.08.2021 00:23:13.604,1.18002,1.17998,1.57,0.75
30.08.2021 00:23:14.750,1.18002,1.1800000000000002,1.57,0.75
30.08.2021 00:23:18.216,1.18004,1.1800000000000002,1.5,0.75
30.08.2021 00:23:18.825,1.18002,1.17998,1.57,2.02
30.08.2021 00:23:23.075,1.18003,1.17999,0.75,0.75
30.08.2021 00:23:29.564,1.18003,1.1800000000000002,0.75,0.1
30.08.2021 00:23:31.143,1.18004,1.1800000000000002,1.57,0.82
30.08.2021 00:23:48.763,1.18004,1.18001,0.1,0.75
30.08.2021 00:24:04.526,1.18005,1.18001,1.57,0.82
30.08.2021 00:24:14.926,1.18006,1.18002,0.75,0.75
30.08.2021 00:24:15.028,1.1800700000000002,1.18003,1.5,0.75
30.08.2021 00:24:26.885,1.18005,1.18001,0.75,1.5
30.08.2021 00:24:31.359,1.18004,1.18001,0.75,0.75
30.08.2021 00:24:32.696,1.18004,1.1800000000000002,1.5,1.5
30.08.2021 00:24:33.019,1.18004,1.18001,1.12,0.75
30.08.2021 00:24:33.221,1.18005,1.18001,0.82,0.75
30.08.2021 00:24:33.323,1.18006,1.18002,1.95,0.75
30.08.2021 00:24:33.963,1.18005,1.18001,0.75,0.75
30.08.2021 00:24:42.844,1.18005,1.1800000000000002,1.5,1.57
30.08.2021 00:24:49.396,1.18005,1.18001,0.75,0.75
30.08.2021 00:24:51.953,1.18005,1.1800000000000002,0.75,0.82
30.08.2021 00:24:54.984,1.1800700000000002,1.18003,1.12,0.75
30.08.2021 00:24:55.086,1.18008,1.18004,1.95,0.75
30.08.2021 00:25:00.304,1.18008,1.18006,0.82,0.75
30.08.2021 00:25:22.665,1.1801000000000001,1.18005,0.82,0.75
30.08.2021 00:25:28.835,1.18009,1.1800700000000002,0.75,5.06
30.08.2021 00:25:28.885,1.18012,1.18009,0.75,0.75
30.08.2021 00:25:28.987,1.18012,1.1801000000000001,4.27,0.75
30.08.2021 00:25:29.780,1.18014,1.1801000000000001,0.1,0.75
30.08.2021 00:25:30.000,1.18015,1.1801000000000001,3.07,0.75
30.08.2021 00:25:32.320,1.18015,1.18011,1.57,0.75
30.08.2021 00:25:33.405,1.18015,1.1801000000000001,0.82,0.75
30.08.2021 00:25:33.957,1.18015,1.18013,0.75,1.5
30.08.2021 00:25:34.058,1.18018,1.18014,2.32,0.75
30.08.2021 00:25:35.835,1.18019,1.18015,1.5,0.75
30.08.2021 00:25:48.761,1.18018,1.18014,0.82,0.75
30.08.2021 00:25:48.862,1.1801700000000002,1.18013,0.75,0.75
30.08.2021 00:25:48.963,1.18015,1.1801000000000001,0.75,10.84
30.08.2021 00:26:03.555,1.18014,1.1801000000000001,0.75,0.75
30.08.2021 00:26:03.982,1.18013,1.18009,1.5,0.75
30.08.2021 00:26:04.034,1.18011,1.18006,2.7,10.76
30.08.2021 00:26:04.135,1.1801000000000001,1.18006,0.75,9.45
30.08.2021 00:26:04.237,1.18009,1.18005,0.75,1.69
30.08.2021 00:26:27.979,1.1800700000000002,1.18004,1.5,1.76
30.08.2021 00:26:28.030,1.18003,1.18002,0.75,7.5
30.08.2021 00:26:28.132,1.18003,1.18001,0.75,7.5
30.08.2021 00:26:28.233,1.18004,1.18001,0.82,7.5
30.08.2021 00:26:28.284,1.18004,1.17999,0.75,1.57
30.08.2021 00:26:28.613,1.18005,1.1800000000000002,2.96,0.75
30.08.2021 00:26:30.235,1.18005,1.18001,2.32,0.75
30.08.2021 00:26:42.936,1.18002,1.17998,1.5,0.75
30.08.2021 00:26:43.087,1.18001,1.17998,1.87,0.75
30.08.2021 00:26:43.188,1.1800000000000002,1.1799600000000001,0.75,0.75
30.08.2021 00:27:05.286,1.18002,1.17998,3.82,0.75
30.08.2021 00:27:13.128,1.18003,1.17999,2.32,0.75
30.08.2021 00:27:16.812,1.18003,1.1800000000000002,0.82,0.75
30.08.2021 00:27:19.122,1.18002,1.1800000000000002,0.82,0.82
30.08.2021 00:27:25.093,1.18003,1.1800000000000002,0.1,0.75
30.08.2021 00:27:35.103,1.18002,1.1800000000000002,0.1,0.82
30.08.2021 00:27:40.740,1.18002,1.18001,0.1,0.75
30.08.2021 00:27:42.095,1.18003,1.17999,0.82,0.82
30.08.2021 00:27:42.297,1.18002,1.17998,1.57,0.75
30.08.2021 00:28:11.851,1.1800000000000002,1.1799600000000001,0.75,0.82
30.08.2021 00:28:15.576,1.17999,1.17995,0.75,0.82
30.08.2021 00:28:20.075,1.17999,1.1799600000000001,0.75,0.75
30.08.2021 00:28:25.907,1.17999,1.17995,0.75,0.75
30.08.2021 00:28:33.136,1.17999,1.1799600000000001,0.75,0.75
30.08.2021 00:29:06.695,1.17999,1.17995,1.5,0.75
30.08.2021 00:29:16.680,1.17999,1.1799600000000001,0.75,0.75
30.08.2021 00:29:18.795,1.17998,1.17994,0.75,1.69
30.08.2021 00:29:18.897,1.17999,1.17995,1.5,0.75
30.08.2021 00:29:26.669,1.1800000000000002,1.1799600000000001,2.25,0.75
30.08.2021 00:29:43.418,1.1800000000000002,1.1799700000000002,1.5,0.94
30.08.2021 00:29:43.469,1.18001,1.17999,0.75,1.76
30.08.2021 00:29:43.570,1.18002,1.17999,0.75,1.01
30.08.2021 00:29:43.671,1.18002,1.17998,0.75,1.76
30.08.2021 00:29:45.239,1.18002,1.17999,0.75,0.1
30.08.2021 00:29:45.340,1.18004,1.1800000000000002,1.5,0.75
30.08.2021 00:29:47.117,1.18004,1.18001,0.75,0.75
30.08.2021 00:29:48.429,1.18005,1.18001,0.75,0.75
30.08.2021 00:30:02.992,1.18005,1.1800000000000002,1.5,1.01
30.08.2021 00:30:04.333,1.18005,1.18001,3.75,0.75
30.08.2021 00:30:04.435,1.18002,1.1800000000000002,0.75,0.75
30.08.2021 00:30:04.536,1.18002,1.17999,0.75,0.75
30.08.2021 00:30:04.689,1.1800000000000002,1.17999,0.75,0.75
30.08.2021 00:30:04.794,1.18002,1.17998,3,1.5
30.08.2021 00:30:09.575,1.18004,1.1800000000000002,3,0.75
30.08.2021 00:30:11.546,1.18005,1.18001,1.87,0.75
30.08.2021 00:30:18.908,1.18006,1.18003,1.12,1.69
30.08.2021 00:30:19.009,1.1800700000000002,1.18003,0.75,1.69
30.08.2021 00:30:19.110,1.18008,1.18004,2.25,0.75
30.08.2021 00:30:22.062,1.18006,1.18002,1.12,0.75
30.08.2021 00:30:22.214,1.18004,1.18002,0.75,1.69
30.08.2021 00:30:24.335,1.1800700000000002,1.18005,1.57,0.75
30.08.2021 00:30:26.191,1.18008,1.18005,0.37,0.75
30.08.2021 00:30:26.334,1.18009,1.18005,3.07,0.75
30.08.2021 00:30:27.038,1.18011,1.1800700000000002,3.07,2.32
30.08.2021 00:30:27.139,1.18011,1.18009,0.45,0.82
30.08.2021 00:30:27.240,1.18013,1.1801000000000001,0.82,1.76
30.08.2021 00:30:27.341,1.18014,1.1801000000000001,0.75,0.82
30.08.2021 00:30:29.739,1.18012,1.18008,1.5,2.51
30.08.2021 00:30:34.286,1.18013,1.18008,1.65,1.01
30.08.2021 00:30:36.260,1.18014,1.1801000000000001,3.07,0.75
30.08.2021 00:30:39.865,1.18015,1.1801000000000001,4.65,0.82
30.08.2021 00:30:39.916,1.1801000000000001,1.1800700000000002,0.75,0.94
30.08.2021 00:30:40.017,1.1801000000000001,1.18006,0.75,9.64
30.08.2021 00:30:44.075,1.18009,1.18005,0.75,1.76
30.08.2021 00:30:47.450,1.18008,1.18004,0.82,0.75
30.08.2021 00:30:54.637,1.1800700000000002,1.18003,1.57,0.75
30.08.2021 00:30:57.808,1.18006,1.18002,0.75,0.82
30.08.2021 00:30:57.912,1.18005,1.18002,0.1,0.75
30.08.2021 00:30:58.014,1.18004,1.18002,0.82,0.75
30.08.2021 00:31:21.491,1.18005,1.18002,0.82,0.75
30.08.2021 00:31:21.592,1.18006,1.18002,1.2,0.75
30.08.2021 00:31:22.303,1.18005,1.18002,0.1,0.75
30.08.2021 00:32:05.029,1.18005,1.18003,0.82,0.75
30.08.2021 00:32:05.080,1.18009,1.18006,1.57,1.76
30.08.2021 00:32:05.191,1.18012,1.18008,9.26,0.82
30.08.2021 00:32:05.292,1.18013,1.18009,0.75,1.5
30.08.2021 00:32:05.394,1.18014,1.1801000000000001,0.75,0.75
30.08.2021 00:32:30.566,1.18013,1.18009,0.75,1.12
30.08.2021 00:32:54.467,1.18011,1.1800700000000002,1.57,0.82
30.08.2021 00:32:54.568,1.1801000000000001,1.1800700000000002,0.1,0.75
30.08.2021 00:32:54.922,1.1801000000000001,1.18009,0.82,0.75
30.08.2021 00:32:55.242,1.18011,1.1800700000000002,1.57,0.82
30.08.2021 00:32:56.338,1.18011,1.18008,0.82,0.75
30.08.2021 00:33:14.325,1.18012,1.18008,0.75,0.75
30.08.2021 00:33:24.973,1.1801000000000001,1.18008,1.57,0.82
30.08.2021 00:33:25.125,1.18011,1.18008,0.1,0.75
30.08.2021 00:33:25.276,1.18012,1.18008,0.75,0.75
30.08.2021 00:33:26.291,1.1801000000000001,1.18008,1.57,0.82
30.08.2021 00:33:26.392,1.1801000000000001,1.1800700000000002,0.1,0.75
30.08.2021 00:33:26.757,1.1801000000000001,1.18006,0.82,1.76
30.08.2021 00:33:44.697,1.1801000000000001,1.1800700000000002,0.75,0.82
30.08.2021 00:33:47.878,1.18012,1.18008,1.95,1.01
30.08.2021 00:33:47.979,1.18013,1.18009,1.2,0.75
30.08.2021 00:33:51.282,1.18014,1.1801000000000001,1.57,0.75
30.08.2021 00:33:58.376,1.18013,1.1801000000000001,0.75,0.75
30.08.2021 00:33:58.477,1.18014,1.1801000000000001,2.02,0.75
30.08.2021 00:34:00.294,1.18013,1.18012,1.2,0.75
30.08.2021 00:34:02.182,1.18015,1.18011,1.57,0.82
30.08.2021 00:34:12.161,1.18014,1.18011,0.75,0.1
30.08.2021 00:34:21.670,1.18014,1.1801000000000001,2.32,0.82
30.08.2021 00:34:23.177,1.18014,1.18011,0.82,0.75
30.08.2021 00:34:24.035,1.18014,1.1801000000000001,0.82,0.82
30.08.2021 00:34:25.508,1.18014,1.18011,0.82,0.75
30.08.2021 00:34:36.556,1.1801000000000001,1.1800700000000002,0.75,3.75
30.08.2021 00:34:36.657,1.18009,1.1800700000000002,0.75,8.32
30.08.2021 00:34:41.075,1.18009,1.18006,0.75,0.75
30.08.2021 00:34:52.907,1.18006,1.18003,2.7,0.75
30.08.2021 00:34:52.958,1.18005,1.18001,1.57,8.32
30.08.2021 00:34:53.060,1.18001,1.1799700000000002,1.2,4.2
30.08.2021 00:34:53.161,1.18002,1.17998,1.27,1.57
30.08.2021 00:34:53.262,1.1800000000000002,1.1799600000000001,0.82,0.75
30.08.2021 00:35:05.664,1.18001,1.1799700000000002,1.65,0.75
30.08.2021 00:35:05.917,1.18002,1.17999,0.75,0.75
30.08.2021 00:35:06.025,1.18003,1.1800000000000002,1.2,0.75
30.08.2021 00:35:10.798,1.18004,1.1800000000000002,0.75,0.82
30.08.2021 00:35:14.075,1.18004,1.18002,0.82,0.75
30.08.2021 00:35:14.381,1.18006,1.18002,1.65,0.75
30.08.2021 00:35:16.573,1.18005,1.18001,0.75,1.57
30.08.2021 00:35:41.320,1.18006,1.18004,2.51,1.57
30.08.2021 00:35:41.421,1.1800700000000002,1.18005,0.45,0.75
30.08.2021 00:35:41.522,1.1800700000000002,1.18006,0.75,0.75
30.08.2021 00:35:51.276,1.1800700000000002,1.18003,0.82,2.25
30.08.2021 00:35:59.104,1.1800700000000002,1.18004,0.75,0.1
30.08.2021 00:36:03.216,1.18008,1.18004,0.75,0.82
30.08.2021 00:36:10.785,1.18006,1.18003,1.5,0.75
30.08.2021 00:36:10.987,1.18005,1.18003,0.75,0.75
30.08.2021 00:36:11.138,1.18005,1.18002,0.75,0.75
30.08.2021 00:36:11.239,1.18006,1.18002,2.32,0.75
30.08.2021 00:36:14.369,1.18006,1.18004,2.32,0.75
30.08.2021 00:36:17.373,1.18006,1.18005,0.75,0.75
30.08.2021 00:36:17.485,1.18008,1.18004,1.57,0.75
30.08.2021 00:36:29.213,1.18005,1.18002,0.75,1.01
30.08.2021 00:36:35.075,1.18005,1.18001,0.75,0.82
30.08.2021 00:36:46.688,1.18005,1.18003,1.2,0.75
30.08.2021 00:36:47.354,1.1800700000000002,1.18004,0.82,0.75
30.08.2021 00:36:55.811,1.18008,1.18005,0.75,0.75
30.08.2021 00:36:55.965,1.18009,1.18005,0.82,0.75
30.08.2021 00:36:56.470,1.18009,1.18006,0.1,0.75
30.08.2021 00:36:56.622,1.1801000000000001,1.18006,0.75,1.57
30.08.2021 00:36:56.723,1.18011,1.1800700000000002,0.82,0.75
30.08.2021 00:36:56.824,1.18012,1.18009,0.82,0.75
30.08.2021 00:36:57.497,1.18013,1.18009,0.82,0.75
30.08.2021 00:36:59.871,1.18014,1.18011,0.82,0.75
30.08.2021 00:37:00.174,1.18015,1.18011,2.32,0.75
30.08.2021 00:37:01.419,1.18014,1.18011,0.75,0.75
30.08.2021 00:37:01.537,1.18014,1.18012,0.75,0.75
30.08.2021 00:37:01.642,1.18015,1.18012,3.07,0.75
30.08.2021 00:37:03.498,1.18016,1.18013,0.75,0.75
30.08.2021 00:37:03.599,1.1801700000000002,1.18015,2.32,0.75
30.08.2021 00:37:05.815,1.1801700000000002,1.18014,0.82,0.75
30.08.2021 00:37:23.741,1.18016,1.18013,2.7,0.75
30.08.2021 00:37:23.870,1.18015,1.18013,3.07,0.75
30.08.2021 00:37:23.971,1.18015,1.18012,0.82,0.75
30.08.2021 00:37:25.262,1.18012,1.1801000000000001,2.25,0.75
30.08.2021 00:37:30.362,1.18011,1.1800700000000002,1.95,0.94
30.08.2021 00:37:30.514,1.1801000000000001,1.1800700000000002,0.75,0.75
30.08.2021 00:37:35.086,1.18009,1.1800700000000002,3.45,0.75
30.08.2021 00:37:35.629,1.18009,1.18006,0.75,0.75
30.08.2021 00:37:39.428,1.1801000000000001,1.18006,1.57,0.75
30.08.2021 00:37:39.935,1.18008,1.18006,0.37,0.75
30.08.2021 00:37:39.986,1.18008,1.18004,0.75,0.82
30.08.2021 00:37:40.087,1.18009,1.18005,0.82,0.75
30.08.2021 00:37:43.189,1.1801000000000001,1.18006,1.57,0.75
30.08.2021 00:38:16.608,1.18009,1.18006,0.75,0.75
30.08.2021 00:38:19.017,1.1801000000000001,1.18006,1.57,0.75
30.08.2021 00:38:49.764,1.18013,1.18009,1.76,0.75
30.08.2021 00:38:50.018,1.18012,1.18009,1.69,0.75
30.08.2021 00:38:52.488,1.18013,1.18009,2.51,0.75
30.08.2021 00:38:53.551,1.18012,1.18009,0.94,0.75
30.08.2021 00:38:53.708,1.18012,1.18008,1.76,0.75
30.08.2021 00:39:11.946,1.18012,1.18009,0.75,0.75
30.08.2021 00:39:13.170,1.18012,1.1801000000000001,0.82,0.75
30.08.2021 00:39:14.097,1.18014,1.1801000000000001,0.82,0.75
30.08.2021 00:39:16.399,1.18015,1.18012,0.75,0.82
30.08.2021 00:39:16.551,1.18015,1.18011,0.82,1.2
30.08.2021 00:39:18.462,1.18013,1.18012,0.75,0.82
30.08.2021 00:39:29.010,1.18015,1.18011,0.82,0.82
30.08.2021 00:39:36.154,1.18014,1.18011,0.75,0.82
30.08.2021 00:39:54.037,1.18012,1.18009,1.5,2.51
30.08.2021 00:39:54.139,1.1801000000000001,1.18008,1.57,1.2
30.08.2021 00:39:54.241,1.18009,1.1800700000000002,0.75,7.5
30.08.2021 00:39:54.342,1.18009,1.18006,0.75,0.75
30.08.2021 00:39:59.075,1.18009,1.18005,0.75,0.75
30.08.2021 00:40:02.719,1.1801000000000001,1.18006,0.82,0.82
30.08.2021 00:40:03.022,1.1801000000000001,1.1800700000000002,0.75,0.1
30.08.2021 00:40:07.512,1.18011,1.1800700000000002,0.82,0.82
30.08.2021 00:40:12.842,1.18011,1.18008,0.82,0.75
30.08.2021 00:40:13.098,1.18012,1.18008,1.76,0.82
30.08.2021 00:40:15.241,1.18011,1.18008,0.75,0.82
30.08.2021 00:40:20.936,1.18012,1.18008,0.82,0.82
30.08.2021 00:40:23.856,1.18011,1.1801000000000001,0.82,0.75
30.08.2021 00:40:24.726,1.18011,1.18009,0.82,1.2
30.08.2021 00:40:27.809,1.18011,1.1801000000000001,0.75,0.1
30.08.2021 00:40:30.508,1.18013,1.1801000000000001,0.1,0.75
30.08.2021 00:40:30.665,1.18014,1.18011,0.82,0.75
30.08.2021 00:40:41.075,1.18014,1.1801000000000001,1.01,0.82
30.08.2021 00:40:42.164,1.18013,1.18009,0.75,0.75
30.08.2021 00:40:52.061,1.18013,1.18011,0.75,0.75
30.08.2021 00:40:52.263,1.18015,1.18011,1.39,0.82
30.08.2021 00:40:52.365,1.18016,1.18011,0.75,2.02
30.08.2021 00:40:52.466,1.18016,1.18013,0.75,0.1
30.08.2021 00:40:52.567,1.18018,1.18014,1.27,0.1
30.08.2021 00:40:52.820,1.18018,1.18015,0.75,0.1
30.08.2021 00:40:53.270,1.18019,1.18015,0.1,0.82
30.08.2021 00:40:56.262,1.1802000000000001,1.18016,0.82,0.1
30.08.2021 00:41:00.366,1.1802000000000001,1.1801700000000002,0.75,0.1
30.08.2021 00:41:00.467,1.1802100000000002,1.1801700000000002,0.82,0.82
30.08.2021 00:41:00.901,1.1802100000000002,1.18018,0.82,0.75
30.08.2021 00:41:01.002,1.18022,1.18018,0.82,0.82
30.08.2021 00:41:01.203,1.1802100000000002,1.1802000000000001,0.1,0.75
30.08.2021 00:41:01.462,1.18022,1.1802000000000001,0.82,0.82
30.08.2021 00:41:02.975,1.18023,1.1802000000000001,0.82,0.75
30.08.2021 00:41:03.076,1.1802000000000001,1.18016,0.75,1.95
30.08.2021 00:41:03.279,1.1802000000000001,1.1801700000000002,0.75,0.1
30.08.2021 00:41:03.649,1.1802100000000002,1.18018,0.75,0.75
30.08.2021 00:41:11.509,1.18022,1.18018,0.82,0.75
30.08.2021 00:41:12.584,1.1802100000000002,1.18018,0.75,0.75
30.08.2021 00:41:16.730,1.1802100000000002,1.1801700000000002,0.75,0.82
30.08.2021 00:41:17.107,1.18022,1.18018,0.75,0.82
30.08.2021 00:41:20.277,1.18023,1.18019,1.01,0.75
30.08.2021 00:41:20.641,1.18022,1.18019,0.75,0.75
30.08.2021 00:41:20.692,1.1802000000000001,1.18016,0.82,0.75
30.08.2021 00:41:21.722,1.18019,1.18015,0.75,0.82
30.08.2021 00:41:29.355,1.1802000000000001,1.18016,0.75,0.94
30.08.2021 00:41:32.109,1.18018,1.18016,1.57,0.75
30.08.2021 00:41:32.538,1.18016,1.18014,1.76,0.75
30.08.2021 00:41:33.307,1.18015,1.18011,0.75,0.75
30.08.2021 00:41:40.723,1.1801700000000002,1.18013,1.2,0.75
30.08.2021 00:41:40.824,1.1801700000000002,1.18014,0.45,0.75
30.08.2021 00:41:40.925,1.18018,1.18014,0.82,0.75
30.08.2021 00:41:41.814,1.18016,1.18012,0.75,3.64
30.08.2021 00:41:43.160,1.1801700000000002,1.18013,3.37,0.75
30.08.2021 00:41:43.261,1.18014,1.1801000000000001,0.75,2.25
30.08.2021 00:41:43.363,1.18012,1.18009,0.75,0.75
30.08.2021 00:41:43.464,1.18012,1.18008,0.75,0.75
30.08.2021 00:41:44.069,1.18011,1.1800700000000002,0.75,2.7
30.08.2021 00:41:52.670,1.18009,1.1800700000000002,0.75,1.69
30.08.2021 00:42:03.213,1.18009,1.18005,0.75,2.25
30.08.2021 00:42:03.415,1.18008,1.18004,0.75,0.75
30.08.2021 00:42:33.882,1.1801000000000001,1.1800700000000002,0.75,1.2
30.08.2021 00:42:33.983,1.18011,1.18008,0.75,0.75
30.08.2021 00:42:38.101,1.18012,1.18008,0.75,1.57
30.08.2021 00:42:39.236,1.18013,1.18009,0.75,1.2
30.08.2021 00:42:42.404,1.1801000000000001,1.18006,0.75,2.4
30.08.2021 00:42:53.075,1.18011,1.1800700000000002,0.82,0.75
30.08.2021 00:43:00.980,1.1801000000000001,1.18006,0.82,0.75
30.08.2021 00:43:01.234,1.18009,1.18005,0.75,0.82
30.08.2021 00:43:11.059,1.18009,1.18006,0.75,0.1
30.08.2021 00:43:12.521,1.1801000000000001,1.18006,1.57,0.1
30.08.2021 00:43:13.413,1.18009,1.18006,0.75,0.1
30.08.2021 00:43:21.886,1.18009,1.1800700000000002,0.75,0.1
30.08.2021 00:43:23.165,1.18009,1.18006,0.75,0.1
30.08.2021 00:43:31.917,1.1801000000000001,1.18006,1.5,0.82
30.08.2021 00:43:32.073,1.18012,1.18008,0.82,1.5
30.08.2021 00:43:32.175,1.18012,1.1801000000000001,1.5,0.82
30.08.2021 00:43:32.276,1.18014,1.1801000000000001,0.94,0.82
30.08.2021 00:43:36.242,1.18015,1.18011,2.44,0.82
30.08.2021 00:43:52.113,1.18015,1.18012,0.75,0.1
30.08.2021 00:43:52.315,1.18016,1.18012,1.01,0.82
30.08.2021 00:43:52.416,1.18016,1.18013,0.75,0.1
30.08.2021 00:43:54.660,1.1801700000000002,1.18013,0.82,1.57
30.08.2021 00:43:55.791,1.18018,1.18014,1.5,0.75
30.08.2021 00:44:05.021,1.18018,1.18015,0.75,0.1
30.08.2021 00:44:05.423,1.18019,1.18015,0.82,0.82
30.08.2021 00:44:34.306,1.18018,1.18015,0.75,0.1
30.08.2021 00:44:48.846,1.18019,1.18015,0.75,0.82
30.08.2021 00:44:51.208,1.1802000000000001,1.18016,2.25,0.82
30.08.2021 00:44:51.360,1.18022,1.18018,1.5,0.82
30.08.2021 00:44:51.814,1.18023,1.1802000000000001,0.75,0.75
30.08.2021 00:44:51.966,1.18024,1.1802000000000001,1.5,0.75
30.08.2021 00:44:52.977,1.18023,1.1802000000000001,0.19,0.75
30.08.2021 00:44:54.379,1.18024,1.1802000000000001,0.94,1.2
30.08.2021 00:44:55.816,1.18024,1.1802100000000002,0.19,0.75
30.08.2021 00:45:04.763,1.18025,1.1802100000000002,2.51,0.75
30.08.2021 00:45:10.520,1.18024,1.1802000000000001,0.75,0.82
30.08.2021 00:45:22.563,1.18024,1.18022,0.75,0.37
30.08.2021 00:45:22.614,1.18026,1.18023,0.75,0.82
30.08.2021 00:45:22.715,1.18028,1.18024,3.71,0.75
30.08.2021 00:45:28.274,1.18028,1.18025,0.75,0.1
30.08.2021 00:45:40.088,1.18025,1.18022,2.25,2.14
30.08.2021 00:45:40.190,1.18022,1.1802000000000001,0.75,7.57
30.08.2021 00:45:40.342,1.18022,1.18018,0.75,2.32
30.08.2021 00:45:41.308,1.18023,1.18019,0.75,0.82
30.08.2021 00:45:42.012,1.1802100000000002,1.1801700000000002,0.75,3.15
30.08.2021 00:45:45.851,1.18019,1.18016,0.75,1.95
30.08.2021 00:45:46.003,1.18019,1.18015,0.75,5.21
30.08.2021 00:45:46.154,1.1802000000000001,1.1801700000000002,0.75,0.37
30.08.2021 00:45:46.256,1.1802100000000002,1.18018,0.75,0.1
30.08.2021 00:45:46.778,1.18022,1.18018,0.75,3.45
30.08.2021 00:45:49.646,1.18025,1.1802100000000002,3.26,0.75
30.08.2021 00:45:49.890,1.18026,1.18023,0.82,0.75
30.08.2021 00:45:50.041,1.1802700000000002,1.18023,3.64,0.75
30.08.2021 00:45:50.142,1.18026,1.18025,0.94,0.75
30.08.2021 00:45:55.194,1.18028,1.18024,1.69,0.75
30.08.2021 00:45:59.283,1.18028,1.18025,0.94,0.75
30.08.2021 00:45:59.626,1.18029,1.18026,0.94,0.75
30.08.2021 00:46:04.435,1.18029,1.18025,2.59,0.75
30.08.2021 00:46:14.697,1.18025,1.18023,1.87,3.56
30.08.2021 00:46:14.798,1.18026,1.18023,0.56,0.75
30.08.2021 00:46:14.900,1.18025,1.18022,1.76,0.75
30.08.2021 00:46:15.001,1.18025,1.1802100000000002,1.69,0.75
30.08.2021 00:46:16.643,1.18025,1.18023,0.75,0.75
30.08.2021 00:46:16.744,1.1802700000000002,1.18023,2.51,0.75
30.08.2021 00:46:18.424,1.18026,1.18024,0.94,0.75
30.08.2021 00:46:21.494,1.18028,1.18025,0.94,0.75
30.08.2021 00:46:24.785,1.18029,1.18025,1.76,0.75
30.08.2021 00:46:29.088,1.18029,1.18026,1.01,0.75
30.08.2021 00:46:38.778,1.18029,1.1802700000000002,0.75,0.75
30.08.2021 00:46:55.065,1.18032,1.18028,2.44,0.75
30.08.2021 00:46:55.167,1.1803299999999999,1.18029,1.2,1.5
30.08.2021 00:46:55.218,1.1803299999999999,1.1803100000000002,0.45,0.75
30.08.2021 00:46:55.319,1.18034,1.1803100000000002,0.19,0.75
30.08.2021 00:46:57.995,1.18034,1.1803000000000001,1.76,0.75
30.08.2021 00:47:02.075,1.1803299999999999,1.18029,0.75,0.75
30.08.2021 00:47:05.703,1.18032,1.18028,0.75,0.75
30.08.2021 00:47:05.804,1.1803100000000002,1.1802700000000002,0.75,0.75
30.08.2021 00:47:08.917,1.1803100000000002,1.18029,0.82,0.75
30.08.2021 00:47:09.868,1.1803299999999999,1.18029,0.75,0.75
30.08.2021 00:47:14.030,1.18032,1.18028,2.62,0.75
30.08.2021 00:47:14.133,1.1803100000000002,1.18028,0.37,0.75
30.08.2021 00:47:14.234,1.1803100000000002,1.1802700000000002,3.07,0.75
30.08.2021 00:47:14.386,1.1803000000000001,1.1802700000000002,0.1,0.75
30.08.2021 00:47:14.487,1.1803100000000002,1.1802700000000002,2.32,0.75
30.08.2021 00:47:15.848,1.1803000000000001,1.18026,0.75,0.75
30.08.2021 00:47:17.321,1.18032,1.18028,0.75,0.75
30.08.2021 00:47:17.422,1.18032,1.1803000000000001,1.5,0.75
30.08.2021 00:47:23.074,1.18034,1.1803000000000001,1.5,0.75
30.08.2021 00:47:34.677,1.18035,1.18032,0.75,0.37
30.08.2021 00:47:34.778,1.18036,1.18034,0.75,0.75
30.08.2021 00:47:34.930,1.18039,1.18034,1.76,0.75
30.08.2021 00:47:37.948,1.18038,1.18034,0.75,0.75
30.08.2021 00:47:40.880,1.18039,1.18035,1.69,0.75
30.08.2021 00:47:41.806,1.18038,1.18035,0.75,0.75
30.08.2021 00:47:42.816,1.18039,1.18035,0.94,1.5
30.08.2021 00:47:43.833,1.1803700000000001,1.18035,0.75,0.75
30.08.2021 00:47:44.825,1.18039,1.18035,0.94,0.75
30.08.2021 00:47:45.806,1.1803700000000001,1.18035,0.75,0.75
30.08.2021 00:47:46.786,1.18039,1.18035,0.94,0.75
30.08.2021 00:47:52.848,1.18038,1.18034,0.75,0.82
30.08.2021 00:47:54.277,1.18036,1.1803100000000002,0.94,1.57
30.08.2021 00:47:54.378,1.18035,1.1803100000000002,0.75,2.32
30.08.2021 00:47:54.896,1.18034,1.1803000000000001,0.75,1.95
30.08.2021 00:47:57.485,1.1803299999999999,1.18029,0.75,0.75
30.08.2021 00:47:58.671,1.1803000000000001,1.1802700000000002,0.75,0.37
30.08.2021 00:47:58.772,1.1803000000000001,1.18026,0.75,1.87
30.08.2021 00:47:58.874,1.1803000000000001,1.18028,1.69,0.75
30.08.2021 00:47:58.975,1.1803100000000002,1.18029,0.75,0.45
30.08.2021 00:47:59.081,1.1803299999999999,1.18029,0.75,0.75
30.08.2021 00:48:08.293,1.18032,1.18028,0.75,0.82
30.08.2021 00:48:16.207,1.18034,1.1803000000000001,5.14,0.75
30.08.2021 00:48:24.584,1.1803100000000002,1.18028,1.95,0.75
30.08.2021 00:48:24.685,1.18029,1.18028,0.94,0.75
30.08.2021 00:48:26.014,1.1803299999999999,1.1803100000000002,0.82,0.75
30.08.2021 00:48:26.217,1.18034,1.1803100000000002,1.01,0.75
30.08.2021 00:48:32.096,1.18034,1.1803000000000001,1.69,0.75
30.08.2021 00:48:38.076,1.18035,1.18032,0.94,0.75
30.08.2021 00:48:38.232,1.18036,1.1803299999999999,0.94,0.75
30.08.2021 00:48:42.766,1.1803700000000001,1.1803299999999999,2.14,0.75
30.08.2021 00:48:44.823,1.1803700000000001,1.18036,0.75,0.75
30.08.2021 00:48:44.975,1.18039,1.18035,3.71,0.75
30.08.2021 00:48:45.128,1.1803700000000001,1.18036,0.75,0.75
30.08.2021 00:48:46.149,1.18038,1.18032,1.57,0.82
30.08.2021 00:48:47.204,1.18036,1.18032,1.95,0.75
30.08.2021 00:48:49.769,1.1803700000000001,1.18032,3,0.82
30.08.2021 00:48:50.728,1.18036,1.18034,1.57,0.75
30.08.2021 00:48:58.707,1.18039,1.18035,3.37,0.75
30.08.2021 00:48:58.859,1.18039,1.1803700000000001,0.75,0.75
30.08.2021 00:49:00.107,1.18039,1.18036,1.5,0.75
30.08.2021 00:49:00.208,1.18039,1.18035,1.57,0.75
30.08.2021 00:49:06.241,1.1804000000000001,1.1803700000000001,4.57,0.75
30.08.2021 00:49:09.425,1.1804100000000002,1.18038,1.5,0.75
30.08.2021 00:49:09.476,1.18043,1.18038,5.4,0.75
30.08.2021 00:49:09.527,1.18043,1.1804000000000001,0.45,0.94
30.08.2021 00:49:09.628,1.18044,1.18042,1.65,0.75
30.08.2021 00:49:13.237,1.18045,1.18042,0.82,0.75
30.08.2021 00:49:13.721,1.18046,1.18043,0.75,1.87
30.08.2021 00:49:13.772,1.18048,1.18044,2.77,0.94
30.08.2021 00:49:13.873,1.18048,1.18045,1.2,0.75
30.08.2021 00:49:19.788,1.18045,1.18042,0.82,0.75
30.08.2021 00:49:19.940,1.18043,1.18042,0.1,1.95
30.08.2021 00:49:20.041,1.18044,1.1804100000000002,0.1,0.75
30.08.2021 00:49:20.142,1.18042,1.1804100000000002,0.1,0.75
30.08.2021 00:49:30.865,1.18045,1.18042,0.82,0.75
30.08.2021 00:49:35.388,1.18044,1.18042,0.1,0.75
30.08.2021 00:49:35.540,1.18044,1.1804100000000002,0.82,0.75
30.08.2021 00:49:40.970,1.18043,1.1804100000000002,0.1,0.75
30.08.2021 00:49:42.561,1.18043,1.18039,0.82,0.1
30.08.2021 00:49:42.662,1.18043,1.1804000000000001,0.82,0.75
30.08.2021 00:49:45.566,1.18043,1.1804100000000002,0.1,0.75
30.08.2021 00:49:45.690,1.18044,1.1804100000000002,0.82,0.75
30.08.2021 00:49:55.089,1.18044,1.18042,0.82,0.75
30.08.2021 00:49:56.983,1.18044,1.1804100000000002,0.75,0.75
30.08.2021 00:50:03.640,1.18044,1.18038,1.5,3.64
30.08.2021 00:50:05.068,1.1804000000000001,1.18039,0.1,2.25
30.08.2021 00:50:05.169,1.1804000000000001,1.18038,2.32,1.5
30.08.2021 00:50:05.271,1.1804000000000001,1.1803700000000001,0.1,0.75
30.08.2021 00:50:10.433,1.18042,1.18038,1.57,0.82
30.08.2021 00:50:14.075,1.18042,1.18039,0.82,0.75
30.08.2021 00:50:20.075,1.18042,1.18038,1.57,0.75
30.08.2021 00:50:22.543,1.1804100000000002,1.18038,0.75,0.75
30.08.2021 00:50:22.644,1.18042,1.18039,0.1,0.75
30.08.2021 00:50:42.725,1.1804100000000002,1.1803700000000001,1.95,1.01
30.08.2021 00:50:42.896,1.1804000000000001,1.1803700000000001,0.1,0.94
30.08.2021 00:50:45.855,1.1804100000000002,1.18038,0.1,0.75
30.08.2021 00:50:48.394,1.18042,1.18038,0.82,0.82
30.08.2021 00:50:53.075,1.18042,1.18039,0.1,0.75
30.08.2021 00:51:02.369,1.1804100000000002,1.18038,0.1,0.75
30.08.2021 00:51:05.140,1.18042,1.18038,0.82,0.82
30.08.2021 00:51:18.584,1.18042,1.18039,0.1,0.75
30.08.2021 00:51:20.571,1.18043,1.18039,0.75,0.94
30.08.2021 00:51:27.849,1.18042,1.18039,0.1,0.75
30.08.2021 00:51:37.172,1.18043,1.18039,0.75,0.75
30.08.2021 00:51:37.273,1.18044,1.1804000000000001,2.32,0.75
30.08.2021 00:51:41.075,1.18043,1.18039,0.75,0.94
30.08.2021 00:51:53.207,1.1804100000000002,1.18039,1.57,0.82
30.08.2021 00:51:56.117,1.18042,1.18039,0.1,0.75
30.08.2021 00:52:00.787,1.18043,1.18039,0.75,0.75
30.08.2021 00:52:02.190,1.18042,1.18039,0.1,0.75
30.08.2021 00:52:02.917,1.18043,1.18039,0.82,0.82
30.08.2021 00:52:02.968,1.18043,1.1804100000000002,0.1,0.75
30.08.2021 00:52:03.763,1.18045,1.18042,0.75,0.1
30.08.2021 00:52:03.864,1.18046,1.18043,0.1,0.75
30.08.2021 00:52:03.965,1.1804700000000001,1.18043,0.82,1.01
30.08.2021 00:52:05.249,1.18048,1.18045,1.57,0.75
30.08.2021 00:52:05.846,1.18049,1.18045,1.57,0.82
30.08.2021 00:52:11.075,1.18048,1.1804700000000001,0.82,0.75
30.08.2021 00:52:11.609,1.18046,1.18044,0.37,0.75
30.08.2021 00:52:11.710,1.18046,1.18043,1.2,0.75
30.08.2021 00:52:11.862,1.1804700000000001,1.18043,0.75,0.82
30.08.2021 00:52:12.306,1.18048,1.18045,0.75,0.75
30.08.2021 00:52:13.557,1.1804700000000001,1.18043,1.57,0.75
30.08.2021 00:52:17.044,1.18048,1.18044,0.75,0.82
30.08.2021 00:52:17.830,1.1804700000000001,1.18044,0.1,0.75
30.08.2021 00:52:18.617,1.18048,1.18044,0.82,0.75
30.08.2021 00:52:21.948,1.1804700000000001,1.18044,0.1,0.75
30.08.2021 00:52:22.707,1.1804700000000001,1.18045,2.32,0.75
30.08.2021 00:52:34.957,1.18044,1.18043,0.82,1.12
30.08.2021 00:52:35.059,1.18045,1.1804100000000002,0.82,0.82
30.08.2021 00:52:35.210,1.18043,1.18042,0.1,0.75
30.08.2021 00:52:43.983,1.18045,1.1804100000000002,1.57,0.82
30.08.2021 00:52:44.084,1.1804700000000001,1.18043,0.82,0.75
30.08.2021 00:52:47.514,1.1804700000000001,1.18045,1.57,0.75
30.08.2021 00:52:50.338,1.18049,1.18045,3.07,0.75
30.08.2021 00:52:53.712,1.18048,1.18045,0.82,0.75
30.08.2021 00:52:55.769,1.18048,1.18044,1.57,0.75
30.08.2021 00:52:57.210,1.18049,1.18045,3.45,0.75
30.08.2021 00:52:57.317,1.18048,1.18045,0.1,0.75
30.08.2021 00:53:00.143,1.18048,1.18044,0.82,0.75
30.08.2021 00:53:00.745,1.18049,1.18045,3.07,0.75
30.08.2021 00:53:01.604,1.18049,1.18046,0.82,0.75
30.08.2021 00:53:03.358,1.18048,1.18045,0.1,0.75
30.08.2021 00:53:07.158,1.18048,1.18044,1.57,0.75
30.08.2021 00:53:07.723,1.18048,1.18046,0.75,0.75
30.08.2021 00:53:09.654,1.18048,1.18046,1.57,0.75
30.08.2021 00:53:29.159,1.18049,1.18045,1.5,0.75
30.08.2021 00:53:38.481,1.18048,1.18045,0.75,0.75
30.08.2021 00:53:38.532,1.18048,1.18043,2.25,0.82
30.08.2021 00:53:38.683,1.18048,1.18044,1.5,0.75
30.08.2021 00:53:40.613,1.18048,1.18045,0.75,0.75
30.08.2021 00:53:40.765,1.18049,1.18045,0.75,0.75
30.08.2021 00:53:50.786,1.1805,1.18046,1.5,0.75
30.08.2021 00:53:53.036,1.1805100000000002,1.1804700000000001,0.75,1.2
30.08.2021 00:53:54.234,1.1805,1.1804700000000001,0.75,0.75
30.08.2021 00:53:55.573,1.1805,1.18046,0.75,0.75
30.08.2021 00:54:05.811,1.1805100000000002,1.1804700000000001,0.75,0.75
30.08.2021 00:54:07.624,1.1805200000000002,1.18048,1.5,0.75
30.08.2021 00:54:09.217,1.18054,1.1805200000000002,0.75,0.37
30.08.2021 00:54:09.272,1.18055,1.18053,1.57,3.19
30.08.2021 00:54:09.374,1.18055,1.18053,0.75,0.82
30.08.2021 00:54:09.475,1.18056,1.18054,0.75,0.19
30.08.2021 00:54:09.576,1.18058,1.1805700000000001,0.37,0.75
30.08.2021 00:54:09.627,1.18055,1.18054,0.75,0.82
30.08.2021 00:54:09.678,1.1805700000000001,1.18055,0.75,0.75
30.08.2021 00:54:09.830,1.1805700000000001,1.18053,0.75,0.75
30.08.2021 00:54:09.931,1.18056,1.1805200000000002,0.75,0.82
30.08.2021 00:54:10.082,1.18055,1.1805100000000002,0.75,0.75
30.08.2021 00:54:10.234,1.18054,1.1805,0.75,1.57
30.08.2021 00:54:25.043,1.18053,1.1805,0.75,0.75
30.08.2021 00:54:25.094,1.1805100000000002,1.1804700000000001,0.75,0.82
30.08.2021 00:54:25.196,1.1805,1.1804700000000001,0.75,0.1
30.08.2021 00:54:25.347,1.1805,1.18046,0.75,1.76
30.08.2021 00:54:25.449,1.18049,1.18046,0.75,1.01
30.08.2021 00:54:25.601,1.1805,1.18046,0.75,3.26
30.08.2021 00:54:30.656,1.1805100000000002,1.1804700000000001,0.75,0.75
30.08.2021 00:54:30.706,1.18049,1.18046,0.75,1.57
30.08.2021 00:54:31.628,1.18049,1.18045,0.75,0.82
30.08.2021 00:54:32.896,1.1805,1.18046,0.75,1.69
30.08.2021 00:54:32.997,1.1805,1.1804700000000001,0.75,0.75
30.08.2021 00:54:36.047,1.1805,1.18046,0.75,1.39
30.08.2021 00:54:37.819,1.18048,1.18046,0.75,0.1
30.08.2021 00:54:45.382,1.18049,1.18046,0.75,0.1
30.08.2021 00:54:52.451,1.1804700000000001,1.18043,7.01,0.1
30.08.2021 00:54:52.502,1.18044,1.18042,0.75,1.57
30.08.2021 00:54:52.603,1.18044,1.1804100000000002,0.75,7.5
30.08.2021 00:54:52.704,1.18044,1.1804000000000001,0.75,1.01
30.08.2021 00:54:54.217,1.1804100000000002,1.18038,0.75,0.82
30.08.2021 00:54:54.318,1.18039,1.18036,0.75,0.19
30.08.2021 00:54:54.420,1.18038,1.18036,0.75,3.71
30.08.2021 00:54:54.688,1.18039,1.18036,0.75,2.51
30.08.2021 00:54:55.182,1.18038,1.18036,0.75,4.46
30.08.2021 00:54:55.283,1.18039,1.18036,0.75,0.82
30.08.2021 00:54:57.020,1.1803700000000001,1.18035,2.25,0.75
30.08.2021 00:54:57.070,1.18034,1.1803299999999999,0.1,3.64
30.08.2021 00:54:57.121,1.1803700000000001,1.1803299999999999,0.82,0.75
30.08.2021 00:54:57.222,1.18036,1.18032,0.75,1.5
30.08.2021 00:55:00.089,1.18035,1.18032,1.5,0.75
30.08.2021 00:55:00.140,1.18032,1.1803000000000001,3.26,1.57
30.08.2021 00:55:00.292,1.1803100000000002,1.1803000000000001,0.75,1.39
30.08.2021 00:55:00.343,1.18034,1.1803000000000001,2.32,0.75
30.08.2021 00:55:00.445,1.18035,1.18032,0.75,0.19
30.08.2021 00:55:00.546,1.18035,1.1803100000000002,0.75,1.69
30.08.2021 00:55:00.647,1.18035,1.18034,0.75,0.75
30.08.2021 00:55:00.749,1.1803700000000001,1.1803299999999999,0.75,0.75
30.08.2021 00:55:00.850,1.1803700000000001,1.18035,1.95,0.75
30.08.2021 00:55:01.153,1.18036,1.18032,0.75,1.69
30.08.2021 00:55:01.255,1.1803700000000001,1.1803299999999999,0.75,0.75
30.08.2021 00:55:02.933,1.18035,1.18032,0.75,0.75
30.08.2021 00:55:04.266,1.18035,1.1803100000000002,0.75,2.89
30.08.2021 00:55:04.660,1.18034,1.1803100000000002,0.75,0.94
30.08.2021 00:55:04.761,1.18034,1.1803000000000001,0.75,3.75
30.08.2021 00:55:05.114,1.1803299999999999,1.1803000000000001,0.75,1.5
30.08.2021 00:55:07.640,1.18032,1.1803000000000001,0.82,1.5
30.08.2021 00:55:15.812,1.1803299999999999,1.1803000000000001,0.75,0.75
30.08.2021 00:55:16.065,1.18034,1.1803000000000001,0.82,0.75
30.08.2021 00:55:21.653,1.18034,1.1803100000000002,0.75,0.75
30.08.2021 00:55:21.906,1.18035,1.1803100000000002,0.75,1.69
30.08.2021 00:55:22.007,1.18036,1.18032,0.75,0.75
30.08.2021 00:55:23.892,1.1803700000000001,1.1803299999999999,0.82,0.75
30.08.2021 00:55:26.108,1.1803700000000001,1.18034,0.1,0.75
30.08.2021 00:55:30.245,1.18038,1.18036,1.57,0.75
30.08.2021 00:55:30.685,1.18039,1.18035,1.57,0.75
30.08.2021 00:55:43.235,1.18038,1.18036,0.1,0.75
30.08.2021 00:55:43.337,1.18039,1.18036,0.1,0.75
30.08.2021 00:55:44.577,1.18039,1.1803700000000001,0.1,0.75
30.08.2021 00:55:45.072,1.1804000000000001,1.1803700000000001,0.1,0.75
30.08.2021 00:55:45.224,1.1804100000000002,1.1803700000000001,3.07,0.75
30.08.2021 00:55:48.272,1.1804100000000002,1.18039,3.07,0.75
30.08.2021 00:55:49.441,1.1804100000000002,1.18038,1.2,0.75
30.08.2021 00:55:50.555,1.18043,1.1804000000000001,0.82,0.75
30.08.2021 00:55:50.656,1.18043,1.1804100000000002,2.02,0.75
30.08.2021 00:55:50.757,1.18044,1.1804100000000002,0.82,0.75
30.08.2021 00:55:53.617,1.18042,1.18039,1.57,0.75
30.08.2021 00:55:53.769,1.18044,1.1804000000000001,1.2,0.75
30.08.2021 00:55:59.084,1.18044,1.1804100000000002,0.82,0.75
30.08.2021 00:56:10.355,1.18044,1.18042,0.1,0.75
30.08.2021 00:56:10.457,1.18045,1.18042,0.82,0.75
30.08.2021 00:56:11.032,1.18044,1.18042,0.1,0.75
30.08.2021 00:56:14.081,1.18044,1.1804100000000002,0.1,0.75
30.08.2021 00:56:14.547,1.18042,1.1804000000000001,0.1,0.75
30.08.2021 00:56:14.649,1.18042,1.18039,0.1,0.75
30.08.2021 00:56:14.751,1.1804000000000001,1.18039,0.1,1.5
30.08.2021 00:56:15.538,1.1804000000000001,1.1803700000000001,0.1,0.75
30.08.2021 00:56:15.690,1.1804000000000001,1.18036,0.82,0.94
30.08.2021 00:56:16.559,1.18039,1.18036,0.1,0.75
30.08.2021 00:56:16.711,1.18036,1.18032,1.95,3.07
30.08.2021 00:56:16.863,1.18034,1.1803299999999999,0.1,1.95
30.08.2021 00:56:18.357,1.18036,1.18032,0.82,0.94
30.08.2021 00:56:18.468,1.18038,1.18034,2.02,0.75
30.08.2021 00:56:18.670,1.18038,1.18035,0.82,0.75
30.08.2021 00:56:19.484,1.18039,1.18035,0.82,0.75
30.08.2021 00:56:19.846,1.1804000000000001,1.18036,0.82,0.75
30.08.2021 00:56:24.651,1.18039,1.18036,0.1,0.75
30.08.2021 00:56:26.717,1.1804000000000001,1.18036,0.75,1.76
30.08.2021 00:56:26.874,1.1804100000000002,1.1803700000000001,0.82,0.75
30.08.2021 00:56:28.308,1.1804100000000002,1.18038,0.82,0.75
30.08.2021 00:56:31.577,1.1804000000000001,1.1803700000000001,0.1,0.75
30.08.2021 00:56:31.729,1.1804000000000001,1.18036,0.82,0.75
30.08.2021 00:56:32.082,1.18039,1.18035,0.82,1.12
30.08.2021 00:56:32.696,1.18038,1.18035,0.1,0.75
30.08.2021 00:56:35.818,1.18038,1.18036,0.82,0.75
30.08.2021 00:56:35.920,1.18039,1.18036,0.1,0.75
30.08.2021 00:56:43.516,1.18039,1.1803700000000001,0.75,2.51
30.08.2021 00:56:43.617,1.1804100000000002,1.1803700000000001,0.82,0.75
30.08.2021 00:56:43.819,1.1804000000000001,1.1803700000000001,0.82,0.75
30.08.2021 00:56:43.971,1.18039,1.18036,0.1,0.75
30.08.2021 00:56:44.929,1.1804000000000001,1.18036,0.82,0.75
30.08.2021 00:56:45.080,1.1804100000000002,1.1803700000000001,1.57,0.75
30.08.2021 00:56:46.810,1.1804100000000002,1.18038,0.1,0.75
30.08.2021 00:56:48.120,1.18042,1.18038,0.82,0.75
30.08.2021 00:56:48.272,1.18042,1.18039,0.82,0.75
30.08.2021 00:56:50.728,1.18044,1.1804100000000002,0.1,0.75
30.08.2021 00:56:50.829,1.18045,1.1804100000000002,1.27,0.75
30.08.2021 00:56:50.981,1.18045,1.18042,0.1,0.75
30.08.2021 00:56:51.913,1.18044,1.18042,0.1,0.75
30.08.2021 00:56:56.083,1.18044,1.1804100000000002,0.1,0.75
30.08.2021 00:56:58.178,1.18044,1.18042,0.1,0.75
30.08.2021 00:57:06.557,1.18043,1.1804100000000002,0.1,0.75
30.08.2021 00:57:06.658,1.18043,1.1804000000000001,0.1,0.75
30.08.2021 00:57:07.271,1.18042,1.1804000000000001,0.1,0.75
30.08.2021 00:57:10.636,1.18043,1.1804000000000001,0.82,0.75
30.08.2021 00:57:12.742,1.1804100000000002,1.18038,0.82,0.75
30.08.2021 00:57:12.994,1.1804100000000002,1.1803700000000001,1.95,0.75
30.08.2021 00:57:13.096,1.1804000000000001,1.1803700000000001,0.1,0.75
30.08.2021 00:57:23.050,1.1804100000000002,1.18038,1.2,0.75
30.08.2021 00:57:23.102,1.18043,1.1804100000000002,1.65,0.75
30.08.2021 00:57:23.455,1.18044,1.18042,0.1,0.75
30.08.2021 00:57:23.556,1.18044,1.18043,0.1,0.75
30.08.2021 00:57:25.224,1.18045,1.18043,0.1,0.75
30.08.2021 00:57:25.325,1.18045,1.18042,0.1,0.75
30.08.2021 00:57:30.091,1.18046,1.18042,1.95,0.82
30.08.2021 00:57:31.584,1.18045,1.18042,0.1,0.75
30.08.2021 00:57:32.770,1.18046,1.18042,1.95,0.82
30.08.2021 00:57:52.970,1.1804700000000001,1.18045,0.75,0.75
30.08.2021 00:57:53.071,1.18048,1.18046,0.45,0.75
30.08.2021 00:57:53.172,1.18049,1.18046,0.75,0.82
30.08.2021 00:57:53.274,1.1805,1.18046,4.01,0.82
30.08.2021 00:57:53.493,1.1805,1.1804700000000001,3.07,0.75
30.08.2021 00:57:53.797,1.1805100000000002,1.1804700000000001,2.14,0.82
30.08.2021 00:57:55.284,1.1805,1.1804700000000001,0.1,0.75
30.08.2021 00:57:58.147,1.18049,1.1804700000000001,0.1,0.75
30.08.2021 00:58:04.738,1.1805,1.1804700000000001,1.57,0.75
30.08.2021 00:58:08.661,1.18049,1.1804700000000001,0.1,0.75
30.08.2021 00:58:09.093,1.18049,1.18046,0.1,0.75
30.08.2021 00:58:11.895,1.1805,1.18046,0.82,0.82
30.08.2021 00:58:17.116,1.1805,1.1804700000000001,2.32,0.75
30.08.2021 00:58:21.742,1.18049,1.18046,0.1,0.75
30.08.2021 00:58:22.333,1.18049,1.18045,1.57,0.82
30.08.2021 00:58:23.195,1.18049,1.18046,0.75,0.1
30.08.2021 00:58:23.297,1.1805,1.18046,0.82,0.82
30.08.2021 00:58:30.106,1.18049,1.18046,0.1,0.75
30.08.2021 00:58:32.208,1.18048,1.18046,0.1,0.75
30.08.2021 00:58:33.102,1.18049,1.18046,3.07,0.75
30.08.2021 00:58:33.204,1.18048,1.18046,0.1,0.75
30.08.2021 00:58:35.173,1.18049,1.18046,0.82,0.75
30.08.2021 00:58:35.487,1.1805,1.18046,3.07,0.82
30.08.2021 00:58:53.873,1.1805100000000002,1.18048,0.75,0.82
30.08.2021 00:58:53.974,1.1805200000000002,1.18049,1.12,0.1
30.08.2021 00:58:55.427,1.1805200000000002,1.18048,0.9,0.82
30.08.2021 00:58:55.528,1.1805100000000002,1.18048,0.37,0.82
30.08.2021 00:58:55.681,1.1805200000000002,1.18048,0.9,0.82
30.08.2021 00:59:04.104,1.1805100000000002,1.18048,0.45,0.75
30.08.2021 00:59:04.205,1.1805100000000002,1.1804700000000001,2.32,0.82
30.08.2021 00:59:05.582,1.1805100000000002,1.18048,0.82,0.75
30.08.2021 00:59:09.301,1.1805,1.1804700000000001,0.82,0.75
30.08.2021 00:59:09.403,1.1805,1.18046,0.82,0.82
30.08.2021 00:59:10.584,1.18049,1.18046,0.19,0.82
30.08.2021 00:59:13.179,1.18048,1.18046,0.19,0.75
30.08.2021 00:59:14.165,1.18049,1.18046,0.26,0.75
30.08.2021 00:59:15.257,1.18048,1.18045,1.76,0.75
30.08.2021 00:59:26.770,1.1805,1.18046,4.39,0.75
30.08.2021 00:59:28.054,1.18049,1.18046,0.1,0.75
30.08.2021 00:59:28.155,1.1805,1.18046,2.06,0.75
30.08.2021 00:59:28.206,1.1805100000000002,1.18049,0.45,0.1
30.08.2021 00:59:28.409,1.18053,1.18049,2.44,0.1
30.08.2021 00:59:29.148,1.18053,1.18048,2.51,1.57
30.08.2021 00:59:29.250,1.18053,1.18049,2.44,0.1
30.08.2021 00:59:35.056,1.18053,1.18048,2.51,0.82
30.08.2021 00:59:35.157,1.18053,1.18049,2.44,0.1
30.08.2021 00:59:36.892,1.1805200000000002,1.18049,0.94,0.1
30.08.2021 00:59:38.101,1.1805,1.1804700000000001,0.94,0.75
30.08.2021 00:59:40.117,1.18049,1.1804700000000001,0.94,0.75
30.08.2021 01:00:01.550,1.1805100000000002,1.18048,0.75,0.82
30.08.2021 01:00:02.703,1.1805100000000002,1.18049,0.75,0.1
30.08.2021 01:00:03.554,1.1805100000000002,1.18048,0.75,0.82
30.08.2021 01:00:07.915,1.1805,1.18048,0.94,0.75
30.08.2021 01:00:08.521,1.1805100000000002,1.18048,6.07,0.75
30.08.2021 01:00:08.622,1.1805,1.18048,0.75,0.75
30.08.2021 01:00:09.245,1.1805100000000002,1.18048,6.07,0.75
30.08.2021 01:00:09.807,1.1805,1.1804700000000001,0.94,0.82
30.08.2021 01:00:09.908,1.1805,1.18048,0.94,0.75
30.08.2021 01:00:10.010,1.1805100000000002,1.18048,0.94,0.75
30.08.2021 01:00:11.146,1.1805200000000002,1.18048,0.94,0.82
30.08.2021 01:00:13.738,1.1805,1.18049,0.37,0.75
30.08.2021 01:00:13.839,1.1805,1.18048,3.26,0.75
30.08.2021 01:00:14.041,1.1805100000000002,1.18048,2.51,0.75
30.08.2021 01:00:16.751,1.1805200000000002,1.18048,1.76,0.75
30.08.2021 01:00:32.412,1.1805100000000002,1.18048,1.76,0.75
30.08.2021 01:00:34.837,1.1805100000000002,1.18049,2.14,0.75
30.08.2021 01:00:45.262,1.1805100000000002,1.18048,0.75,0.82
30.08.2021 01:00:52.629,1.1805,1.1804700000000001,0.75,0.75
30.08.2021 01:00:52.731,1.18049,1.18046,0.75,0.75
30.08.2021 01:00:52.883,1.18048,1.18044,0.75,3.07
30.08.2021 01:00:53.835,1.18046,1.18043,0.75,1.12
30.08.2021 01:00:53.987,1.18045,1.18043,0.94,0.75
30.08.2021 01:00:54.038,1.18044,1.1804000000000001,0.75,4.2
30.08.2021 01:00:54.290,1.18043,1.1804000000000001,0.75,0.75
30.08.2021 01:00:54.492,1.18042,1.18038,0.75,0.75
30.08.2021 01:00:55.321,1.18043,1.18039,1.76,0.75
30.08.2021 01:00:58.465,1.18044,1.1804000000000001,1.57,0.75
30.08.2021 01:00:58.616,1.18044,1.1804100000000002,0.75,0.75
30.08.2021 01:01:08.064,1.18043,1.1804000000000001,0.75,0.75
30.08.2021 01:01:11.395,1.18044,1.1804000000000001,1.76,0.75
30.08.2021 01:01:14.100,1.18043,1.18042,0.75,0.75
30.08.2021 01:01:14.201,1.18045,1.18042,0.75,0.75
30.08.2021 01:01:14.302,1.18046,1.18042,1.69,0.75
30.08.2021 01:01:15.494,1.18046,1.18043,0.75,0.75
30.08.2021 01:01:15.595,1.18046,1.18045,0.75,0.75
30.08.2021 01:01:15.697,1.18048,1.18045,1.76,0.75
30.08.2021 01:01:17.745,1.1804700000000001,1.18044,0.94,0.75
30.08.2021 01:01:17.897,1.18045,1.18043,0.75,0.75
30.08.2021 01:01:17.998,1.18045,1.18042,0.75,0.75
30.08.2021 01:01:18.351,1.18045,1.1804100000000002,1.01,0.75
30.08.2021 01:01:19.684,1.18044,1.1804100000000002,0.94,0.75
30.08.2021 01:01:20.062,1.18043,1.1804000000000001,0.75,1.5
30.08.2021 01:01:20.851,1.18042,1.1804000000000001,1.01,0.75
30.08.2021 01:01:21.329,1.18042,1.18039,0.75,0.75
30.08.2021 01:01:22.107,1.1804000000000001,1.18038,0.75,1.57
30.08.2021 01:01:22.208,1.1804000000000001,1.18036,0.94,2.25
30.08.2021 01:01:22.309,1.18039,1.18036,0.19,0.75
30.08.2021 01:01:25.372,1.1804000000000001,1.1803700000000001,0.94,0.75
30.08.2021 01:01:25.503,1.1804100000000002,1.1803700000000001,1.01,0.75
30.08.2021 01:01:25.605,1.18042,1.18038,1.01,0.75
30.08.2021 01:01:25.706,1.18042,1.18039,1.01,0.75
30.08.2021 01:01:31.832,1.1804100000000002,1.18038,0.82,0.75
30.08.2021 01:01:31.998,1.1804100000000002,1.18039,1.01,0.75
30.08.2021 01:01:34.269,1.18043,1.1804000000000001,0.94,0.75
30.08.2021 01:01:39.092,1.18043,1.1804100000000002,0.75,0.1
30.08.2021 01:01:39.193,1.18042,1.1804100000000002,0.75,0.82
30.08.2021 01:01:44.100,1.18044,1.1804100000000002,0.94,0.75
30.08.2021 01:01:49.566,1.18045,1.1804100000000002,3.19,0.82
30.08.2021 01:01:55.267,1.18044,1.1804100000000002,0.94,0.75
30.08.2021 01:02:00.603,1.18045,1.1804100000000002,1.69,0.82
30.08.2021 01:02:01.198,1.18044,1.1804100000000002,0.19,0.75
30.08.2021 01:02:13.050,1.18044,1.1804000000000001,0.94,1.2
30.08.2021 01:02:13.562,1.18044,1.1804100000000002,0.94,0.82
30.08.2021 01:02:15.584,1.18042,1.18039,0.94,1.57
30.08.2021 01:02:17.869,1.18043,1.1804000000000001,0.19,0.82
30.08.2021 01:02:22.282,1.18043,1.1804100000000002,0.19,0.1
30.08.2021 01:02:23.275,1.18043,1.1804000000000001,0.19,1.2
30.08.2021 01:02:26.752,1.18044,1.1804100000000002,0.94,0.1
30.08.2021 01:02:29.189,1.18045,1.18042,0.94,0.1
30.08.2021 01:02:29.290,1.18046,1.18043,0.94,0.1
30.08.2021 01:02:30.105,1.18049,1.18046,0.94,0.75
30.08.2021 01:02:30.408,1.18048,1.18045,0.94,1.2
30.08.2021 01:02:33.021,1.18049,1.18045,2.44,0.82
30.08.2021 01:02:33.364,1.18049,1.18046,0.19,0.82
30.08.2021 01:02:40.643,1.1805,1.18046,3.19,0.82
30.08.2021 01:02:43.975,1.18049,1.18046,0.19,0.82
30.08.2021 01:02:45.828,1.18049,1.1804700000000001,0.19,0.75
30.08.2021 01:02:45.929,1.1805,1.1804700000000001,2.44,0.75
30.08.2021 01:02:50.226,1.18049,1.1804700000000001,0.19,0.75
30.08.2021 01:02:54.547,1.18049,1.18046,0.19,0.75
30.08.2021 01:02:55.069,1.1804700000000001,1.18045,4.69,2.4
30.08.2021 01:02:55.120,1.18049,1.18046,0.94,0.75
30.08.2021 01:02:55.222,1.1805,1.1804700000000001,3.94,0.75
30.08.2021 01:02:57.351,1.18049,1.18046,1.69,0.75
30.08.2021 01:03:13.475,1.1805200000000002,1.18048,3,0.75
30.08.2021 01:03:13.627,1.1805200000000002,1.1805100000000002,1.87,0.75
30.08.2021 01:03:13.728,1.18054,1.1805,3,0.75
30.08.2021 01:03:14.622,1.18053,1.1805100000000002,1.5,0.75
30.08.2021 01:03:19.533,1.18055,1.1805100000000002,1.69,0.75
30.08.2021 01:03:20.764,1.18054,1.1805100000000002,0.75,0.75
30.08.2021 01:03:23.269,1.18054,1.1805200000000002,1.76,0.75
30.08.2021 01:03:23.430,1.18054,1.1805100000000002,0.75,0.75
30.08.2021 01:03:23.644,1.18055,1.1805100000000002,2.51,0.75
30.08.2021 01:03:24.115,1.18053,1.1805200000000002,0.75,0.75
30.08.2021 01:03:29.054,1.1805100000000002,1.1804700000000001,1.5,1.95
30.08.2021 01:03:29.155,1.1805,1.1804700000000001,0.75,0.75
30.08.2021 01:03:30.619,1.18049,1.18046,0.75,0.75
30.08.2021 01:03:33.006,1.18048,1.18045,0.75,0.75
30.08.2021 01:03:33.107,1.18046,1.18042,2.62,1.5
30.08.2021 01:03:33.209,1.18045,1.1804100000000002,2.32,1.95
30.08.2021 01:03:33.310,1.18044,1.1804100000000002,1.5,0.75
30.08.2021 01:03:36.021,1.18042,1.18039,0.75,1.5
30.08.2021 01:03:36.122,1.18043,1.18039,1.5,1.5
30.08.2021 01:03:41.124,1.18042,1.18039,0.75,0.75
30.08.2021 01:03:43.984,1.18042,1.18038,1.5,0.75
30.08.2021 01:03:44.286,1.1804100000000002,1.1803700000000001,1.87,0.75
30.08.2021 01:03:47.595,1.18039,1.18038,0.75,0.1
30.08.2021 01:03:47.696,1.1804100000000002,1.18038,0.75,0.75
30.08.2021 01:03:47.900,1.18043,1.18039,3,0.75
30.08.2021 01:03:49.236,1.18044,1.1804000000000001,2.25,0.82
30.08.2021 01:03:49.337,1.18044,1.1804100000000002,1.5,0.75
30.08.2021 01:03:49.795,1.18045,1.1804100000000002,0.75,0.82
30.08.2021 01:03:49.897,1.18046,1.18043,1.5,0.75
30.08.2021 01:03:49.998,1.1804700000000001,1.18044,0.75,0.75
30.08.2021 01:03:56.949,1.18048,1.18044,0.75,0.82
30.08.2021 01:04:00.205,1.18048,1.18045,0.75,0.75
30.08.2021 01:04:00.306,1.1804700000000001,1.18044,0.75,0.75
30.08.2021 01:04:02.177,1.1804700000000001,1.18043,1.5,0.75
30.08.2021 01:04:02.279,1.18044,1.18042,0.75,2.4
30.08.2021 01:04:03.778,1.18044,1.1804000000000001,0.75,0.75
30.08.2021 01:04:04.950,1.18042,1.18039,1.5,0.75
30.08.2021 01:04:05.051,1.1804000000000001,1.1803700000000001,0.75,1.2
30.08.2021 01:04:05.152,1.1804000000000001,1.18036,0.75,1.2
30.08.2021 01:04:11.172,1.18039,1.18035,0.75,0.75
30.08.2021 01:04:14.121,1.1804000000000001,1.18036,1.5,0.75
30.08.2021 01:04:14.222,1.1804100000000002,1.1803700000000001,0.75,3.07
30.08.2021 01:04:14.324,1.18042,1.18038,0.75,0.75
30.08.2021 01:04:14.677,1.18043,1.18039,0.75,0.82
30.08.2021 01:04:14.778,1.18044,1.1804000000000001,2.25,0.75
30.08.2021 01:04:17.213,1.18043,1.18039,0.75,0.75
30.08.2021 01:04:17.415,1.18042,1.18039,0.75,0.75
30.08.2021 01:04:19.763,1.18043,1.18039,0.75,0.75
30.08.2021 01:04:19.865,1.18045,1.1804100000000002,0.75,0.75
30.08.2021 01:04:23.513,1.18043,1.1804100000000002,0.75,0.75
30.08.2021 01:04:23.866,1.18043,1.18039,0.75,1.12
30.08.2021 01:04:27.071,1.18044,1.1804000000000001,0.75,0.75
30.08.2021 01:04:29.894,1.18042,1.18038,1.5,0.75
30.08.2021 01:04:31.818,1.1804000000000001,1.1803700000000001,0.75,0.37
30.08.2021 01:04:32.025,1.1804000000000001,1.18036,0.75,0.82
30.08.2021 01:04:46.133,1.1804100000000002,1.1803700000000001,1.12,0.75
30.08.2021 01:04:50.075,1.1804100000000002,1.18038,0.37,0.75
30.08.2021 01:04:54.037,1.1804100000000002,1.18039,0.37,0.75
30.08.2021 01:04:54.347,1.18044,1.1804000000000001,0.75,0.75
30.08.2021 01:04:54.635,1.18045,1.1804100000000002,4.01,0.75
30.08.2021 01:05:00.616,1.18044,1.1804100000000002,0.75,0.75
30.08.2021 01:05:00.717,1.18044,1.1804000000000001,1.57,0.75
30.08.2021 01:05:03.031,1.18042,1.1804000000000001,1.57,0.75
30.08.2021 01:05:03.765,1.18042,1.18039,1.57,0.75
30.08.2021 01:05:03.816,1.1804100000000002,1.1803700000000001,1.87,1.12
30.08.2021 01:05:12.294,1.18042,1.18038,1.5,0.75
30.08.2021 01:05:13.319,1.1804100000000002,1.1803700000000001,1.87,0.75
30.08.2021 01:05:15.852,1.1804000000000001,1.1803700000000001,0.82,0.75
30.08.2021 01:05:15.953,1.1803700000000001,1.18036,0.75,0.45
30.08.2021 01:05:16.054,1.18038,1.18034,0.75,1.2
30.08.2021 01:05:20.806,1.18035,1.18032,0.75,1.57
30.08.2021 01:05:20.958,1.18035,1.1803100000000002,0.75,0.75
30.08.2021 01:05:22.783,1.18034,1.1803100000000002,1.12,0.75
30.08.2021 01:05:23.068,1.18035,1.1803100000000002,3.64,0.75
30.08.2021 01:05:25.898,1.1803299999999999,1.1803000000000001,0.75,0.75
30.08.2021 01:05:26.000,1.1803299999999999,1.18029,1.5,0.75
30.08.2021 01:05:34.583,1.1803100000000002,1.1802700000000002,0.75,3.07
30.08.2021 01:05:35.581,1.1803299999999999,1.18029,1.5,0.82
30.08.2021 01:05:35.732,1.18034,1.1803000000000001,1.5,0.75
30.08.2021 01:05:40.535,1.1803299999999999,1.18029,0.75,1.95
30.08.2021 01:05:40.924,1.18032,1.18028,1.01,0.75
30.08.2021 01:05:41.227,1.18032,1.1803000000000001,0.75,0.75
30.08.2021 01:05:52.971,1.18032,1.18029,0.75,0.75
30.08.2021 01:05:56.080,1.1803100000000002,1.18029,1.5,0.75
30.08.2021 01:05:56.819,1.1803299999999999,1.18029,0.75,0.82
30.08.2021 01:05:56.920,1.18034,1.18029,1.5,0.82
30.08.2021 01:05:57.711,1.18034,1.1803000000000001,1.5,0.75
30.08.2021 01:05:59.036,1.18032,1.18028,0.75,2.21
30.08.2021 01:06:02.745,1.1803299999999999,1.18029,1.5,0.75
30.08.2021 01:06:03.148,1.18034,1.1803000000000001,1.5,0.75
30.08.2021 01:06:05.871,1.1803299999999999,1.18028,1.57,2.14
30.08.2021 01:06:05.972,1.18032,1.18028,0.75,1.39
30.08.2021 01:06:06.174,1.1803299999999999,1.18029,1.5,1.01
30.08.2021 01:06:06.275,1.18034,1.1803000000000001,1.5,0.94
30.08.2021 01:06:06.377,1.18035,1.1803100000000002,0.75,0.75
30.08.2021 01:06:15.412,1.18036,1.18032,4.27,0.75
30.08.2021 01:06:20.484,1.18034,1.1803100000000002,0.75,0.75
30.08.2021 01:06:20.585,1.1803299999999999,1.1803100000000002,1.5,0.94
30.08.2021 01:06:22.660,1.1803299999999999,1.1803000000000001,1.57,0.75
30.08.2021 01:06:22.711,1.18032,1.18028,0.75,0.75
30.08.2021 01:06:22.827,1.1803100000000002,1.1802700000000002,1.5,1.95
30.08.2021 01:06:32.075,1.1803100000000002,1.18026,4.27,0.75
30.08.2021 01:06:32.468,1.1803000000000001,1.18026,1.5,0.75
30.08.2021 01:06:33.046,1.1803100000000002,1.18026,4.27,0.75
30.08.2021 01:06:33.152,1.1803000000000001,1.18028,4.27,0.75
30.08.2021 01:06:33.866,1.18029,1.18025,1.5,2.32
30.08.2021 01:06:33.967,1.1803000000000001,1.18026,0.75,0.75
30.08.2021 01:06:35.392,1.1803100000000002,1.1802700000000002,5.02,0.75
30.08.2021 01:06:35.543,1.1803000000000001,1.1802700000000002,1.5,0.75
30.08.2021 01:06:35.594,1.18029,1.18025,1.5,0.75
30.08.2021 01:06:35.745,1.18029,1.1802700000000002,0.75,0.75
30.08.2021 01:06:36.141,1.1803000000000001,1.1802700000000002,0.75,0.75
30.08.2021 01:06:38.891,1.1803000000000001,1.18026,0.75,0.75
30.08.2021 01:06:41.978,1.1803000000000001,1.1802700000000002,0.75,0.75
30.08.2021 01:06:44.663,1.1803100000000002,1.1802700000000002,1.87,0.75
30.08.2021 01:06:45.234,1.1803299999999999,1.1803000000000001,0.75,0.75
30.08.2021 01:06:45.538,1.18034,1.1803000000000001,1.5,0.75
30.08.2021 01:06:48.479,1.1803299999999999,1.18029,3.07,0.75
30.08.2021 01:06:52.096,1.18032,1.18029,0.75,0.75
30.08.2021 01:06:56.581,1.1803299999999999,1.18029,1.57,0.75
30.08.2021 01:06:58.804,1.18034,1.1803000000000001,1.5,0.75
30.08.2021 01:06:58.905,1.18035,1.1803100000000002,1.57,0.75
30.08.2021 01:07:01.086,1.18035,1.18032,0.75,0.75
30.08.2021 01:07:01.945,1.18036,1.18032,4.2,0.75
30.08.2021 01:07:03.353,1.18036,1.1803299999999999,0.75,0.75
30.08.2021 01:07:06.516,1.18036,1.18032,2.62,0.75
30.08.2021 01:07:08.894,1.18038,1.18035,0.75,0.75
30.08.2021 01:07:08.996,1.18039,1.18035,1.5,0.75
30.08.2021 01:07:16.795,1.18039,1.1803700000000001,1.5,0.75
30.08.2021 01:07:16.947,1.1804100000000002,1.1803700000000001,1.5,0.94
30.08.2021 01:07:17.048,1.1804100000000002,1.18039,0.75,0.75
30.08.2021 01:07:17.209,1.18043,1.18038,2.32,0.75
30.08.2021 01:07:21.340,1.18042,1.1804000000000001,2.32,0.75
30.08.2021 01:07:23.786,1.18042,1.18038,1.2,0.75
30.08.2021 01:07:23.888,1.1804100000000002,1.1803700000000001,1.57,0.75
30.08.2021 01:07:24.526,1.18042,1.18038,2.32,0.75
30.08.2021 01:07:24.628,1.18043,1.1804000000000001,1.2,0.75
30.08.2021 01:07:24.780,1.18042,1.18038,1.5,0.75
30.08.2021 01:07:27.404,1.1804100000000002,1.1803700000000001,1.5,0.75
30.08.2021 01:07:27.505,1.1804100000000002,1.18036,0.75,1.76
30.08.2021 01:07:35.634,1.18043,1.1804000000000001,2.32,0.75
30.08.2021 01:07:35.735,1.18043,1.18039,2.7,0.75
30.08.2021 01:07:35.836,1.18044,1.18039,3.6,0.94
30.08.2021 01:07:35.937,1.18044,1.1804000000000001,3.45,0.75
30.08.2021 01:07:36.139,1.18044,1.1804100000000002,1.5,0.75
30.08.2021 01:07:37.853,1.18045,1.1804100000000002,3.75,0.75
30.08.2021 01:07:39.091,1.18046,1.1804100000000002,1.2,0.82
30.08.2021 01:07:40.135,1.18046,1.18042,1.87,0.82
30.08.2021 01:07:40.236,1.1804700000000001,1.18043,0.82,0.75
30.08.2021 01:07:40.337,1.18046,1.18042,0.82,0.75
30.08.2021 01:07:42.659,1.18045,1.1804100000000002,0.75,0.82
30.08.2021 01:07:52.055,1.1804700000000001,1.18043,1.5,0.75
30.08.2021 01:07:52.156,1.18046,1.18042,1.5,0.82
30.08.2021 01:07:58.722,1.18049,1.18045,1.57,0.75
30.08.2021 01:07:58.873,1.18049,1.18046,4.27,0.82
30.08.2021 01:07:59.559,1.1805,1.18046,1.57,0.75
30.08.2021 01:08:23.902,1.18049,1.18045,0.75,1.01
30.08.2021 01:08:24.053,1.1804700000000001,1.18045,0.75,1.31
30.08.2021 01:08:30.517,1.18048,1.18046,0.75,0.1
30.08.2021 01:08:31.894,1.18048,1.18045,0.75,1.01
30.08.2021 01:08:32.107,1.18049,1.18045,0.75,1.76
30.08.2021 01:08:37.150,1.18049,1.18046,0.75,0.1
30.08.2021 01:08:38.062,1.1805,1.18049,0.75,0.1
30.08.2021 01:08:38.163,1.1805100000000002,1.1805,0.75,0.19
30.08.2021 01:08:38.264,1.18053,1.18049,0.75,1.01
30.08.2021 01:08:38.517,1.1805100000000002,1.18049,0.75,1.76
30.08.2021 01:08:38.618,1.1805,1.18046,0.75,2.96
30.08.2021 01:08:41.167,1.18049,1.18046,0.75,0.19
30.08.2021 01:08:45.258,1.1805100000000002,1.1804700000000001,0.82,1.01
30.08.2021 01:08:45.359,1.1805100000000002,1.18048,0.75,0.1
30.08.2021 01:08:45.672,1.1805100000000002,1.1804700000000001,0.82,1.76
30.08.2021 01:08:50.541,1.1805,1.1804700000000001,0.1,1.5
30.08.2021 01:08:50.643,1.18049,1.18046,0.75,0.26
30.08.2021 01:08:56.299,1.18049,1.18045,0.82,1.01
30.08.2021 01:08:59.484,1.18048,1.18045,0.75,0.26
30.08.2021 01:09:08.424,1.18048,1.18046,0.75,0.1
30.08.2021 01:09:20.968,1.1804700000000001,1.18046,0.75,0.26
30.08.2021 01:09:26.869,1.18048,1.18046,0.75,0.1
30.08.2021 01:09:34.478,1.1805100000000002,1.1804700000000001,0.1,0.26
30.08.2021 01:09:34.579,1.1805,1.18048,0.75,0.26
30.08.2021 01:09:36.300,1.1805,1.1804700000000001,0.1,0.19
30.08.2021 01:09:36.351,1.18048,1.18046,0.75,1.01
30.08.2021 01:09:46.489,1.18048,1.18045,0.75,1.01
30.08.2021 01:09:47.602,1.18048,1.18046,0.75,0.1
30.08.2021 01:09:53.602,1.18048,1.18045,0.75,1.01
30.08.2021 01:10:05.031,1.18049,1.18045,0.82,1.01
30.08.2021 01:10:05.133,1.18049,1.18046,0.75,0.26
30.08.2021 01:10:05.386,1.18049,1.1804700000000001,0.75,0.19
30.08.2021 01:10:05.487,1.1805,1.1804700000000001,0.75,0.26
30.08.2021 01:10:05.537,1.1805200000000002,1.18048,0.82,1.01
30.08.2021 01:10:07.033,1.1805200000000002,1.18049,0.82,0.19
30.08.2021 01:10:07.204,1.18053,1.18049,0.82,1.01
30.08.2021 01:10:07.584,1.1805100000000002,1.18048,0.75,0.52
30.08.2021 01:10:07.737,1.1805200000000002,1.18048,0.82,1.2
30.08.2021 01:10:10.833,1.1805100000000002,1.18048,0.75,0.1
30.08.2021 01:10:15.028,1.1805200000000002,1.18048,0.82,0.82
30.08.2021 01:10:15.180,1.1805200000000002,1.18049,0.75,1.01
30.08.2021 01:10:15.282,1.18053,1.18049,0.82,2.14
30.08.2021 01:10:19.262,1.18053,1.1805,0.75,0.1
30.08.2021 01:10:20.356,1.18054,1.1805,1.57,0.1
30.08.2021 01:10:20.583,1.18053,1.1805,0.75,0.1
30.08.2021 01:10:25.472,1.18054,1.1805,1.57,0.82
30.08.2021 01:10:29.075,1.18053,1.1805,0.75,0.1
30.08.2021 01:10:31.225,1.1805200000000002,1.18048,0.82,4.09
30.08.2021 01:10:31.341,1.1805200000000002,1.18049,0.75,0.45
30.08.2021 01:10:35.449,1.18053,1.18049,0.82,2.59
30.08.2021 01:10:35.652,1.18053,1.1805,0.75,0.1
30.08.2021 01:10:41.017,1.18053,1.18049,0.82,2.59
30.08.2021 01:10:42.859,1.18054,1.18049,0.75,3.34
30.08.2021 01:10:44.020,1.18054,1.1805100000000002,0.75,0.1
30.08.2021 01:10:47.133,1.18055,1.1805200000000002,0.75,1.01
30.08.2021 01:10:47.335,1.18056,1.1805200000000002,0.82,2.14
30.08.2021 01:10:47.810,1.18056,1.18053,0.75,0.1
30.08.2021 01:10:50.379,1.18056,1.1805200000000002,0.82,1.76
30.08.2021 01:10:50.481,1.18054,1.1805,0.82,2.96
30.08.2021 01:10:51.795,1.18053,1.1805,0.1,0.19
30.08.2021 01:10:51.897,1.18053,1.18049,0.82,1.76
30.08.2021 01:10:54.596,1.18053,1.1805,0.82,0.19
30.08.2021 01:11:01.907,1.18054,1.1805,1.57,0.26
30.08.2021 01:11:08.861,1.18053,1.1805,0.82,0.19
30.08.2021 01:11:08.974,1.1805200000000002,1.18048,0.82,0.82
30.08.2021 01:11:09.025,1.1805,1.1804700000000001,0.75,0.26
30.08.2021 01:11:09.619,1.18049,1.18046,0.75,0.26
30.08.2021 01:11:10.260,1.1805,1.18046,0.82,0.26
30.08.2021 01:11:12.148,1.18049,1.18046,0.75,0.26
30.08.2021 01:11:12.824,1.1805,1.18046,0.82,1.01
30.08.2021 01:11:13.180,1.1805100000000002,1.1804700000000001,0.82,0.82
30.08.2021 01:11:16.667,1.1805200000000002,1.18048,0.82,0.1
30.08.2021 01:11:17.329,1.18053,1.1805,0.75,0.75
30.08.2021 01:11:17.430,1.18054,1.1805,1.57,0.75
30.08.2021 01:11:26.549,1.18053,1.18049,0.1,0.75
30.08.2021 01:11:26.683,1.18053,1.1805,1.57,0.82
30.08.2021 01:11:26.784,1.18053,1.18049,0.1,0.75
30.08.2021 01:11:28.554,1.18054,1.18049,1.57,1.01
30.08.2021 01:11:28.659,1.18053,1.18049,0.1,0.94
30.08.2021 01:11:34.561,1.18054,1.18049,1.57,1.01
30.08.2021 01:11:38.049,1.1805200000000002,1.1805,0.1,0.94
30.08.2021 01:11:41.134,1.18054,1.18049,0.82,0.82
30.08.2021 01:11:41.235,1.18053,1.18049,0.1,0.75
30.08.2021 01:11:42.133,1.18054,1.18049,0.82,0.82
30.08.2021 01:11:42.234,1.18053,1.18049,0.1,0.75
30.08.2021 01:11:47.571,1.1805,1.1804700000000001,0.1,0.75
30.08.2021 01:11:47.723,1.18049,1.18046,0.1,0.75
30.08.2021 01:11:52.385,1.18049,1.18045,0.1,0.75
30.08.2021 01:11:53.461,1.18049,1.18046,0.1,0.75
30.08.2021 01:11:53.873,1.1805,1.18046,2.7,0.75
30.08.2021 01:12:00.582,1.18049,1.18046,0.37,0.75
30.08.2021 01:12:01.023,1.1805,1.18046,2.7,0.75
30.08.2021 01:12:01.735,1.18048,1.1804700000000001,0.37,0.75
30.08.2021 01:12:02.043,1.1805,1.18046,1.57,0.75
30.08.2021 01:12:02.246,1.1805100000000002,1.1804700000000001,0.82,0.75
30.08.2021 01:12:05.096,1.18054,1.18049,4.09,0.82
30.08.2021 01:12:05.198,1.18054,1.1805,3.15,0.75
30.08.2021 01:12:05.300,1.18054,1.18049,1.2,1.76
30.08.2021 01:12:06.853,1.18055,1.1805,2.32,0.82
30.08.2021 01:12:06.955,1.18055,1.1805100000000002,1.57,0.75
30.08.2021 01:12:12.718,1.18054,1.1805100000000002,0.1,0.75
30.08.2021 01:12:12.819,1.18054,1.1805,0.82,0.75
30.08.2021 01:12:12.920,1.18053,1.1805,0.37,0.75
30.08.2021 01:12:13.021,1.18053,1.18049,1.27,0.94
30.08.2021 01:12:13.123,1.1805100000000002,1.1804700000000001,1.57,0.75
30.08.2021 01:12:13.483,1.1805,1.1804700000000001,0.1,0.75
30.08.2021 01:12:14.173,1.1805,1.18046,0.82,0.75
30.08.2021 01:12:15.739,1.1805100000000002,1.18046,3.07,0.82
30.08.2021 01:12:15.859,1.1805100000000002,1.1804700000000001,3.07,0.75
30.08.2021 01:12:16.176,1.1805,1.18046,0.1,0.75
30.08.2021 01:12:40.821,1.1805,1.1804700000000001,2.32,0.75
30.08.2021 01:12:40.923,1.1805200000000002,1.18049,0.45,1.5
30.08.2021 01:12:41.025,1.18053,1.1805,9.07,0.94
30.08.2021 01:12:41.128,1.18055,1.1805200000000002,0.52,0.75
30.08.2021 01:12:41.230,1.18054,1.1805100000000002,0.1,0.75
30.08.2021 01:12:41.331,1.18055,1.1805100000000002,2.32,0.75
30.08.2021 01:12:41.433,1.18056,1.1805100000000002,2.32,0.82
30.08.2021 01:12:41.687,1.18055,1.1805100000000002,0.37,0.82
30.08.2021 01:12:41.886,1.18056,1.1805100000000002,2.32,0.82
30.08.2021 01:12:42.256,1.18056,1.1805200000000002,2.32,0.75
30.08.2021 01:12:44.806,1.18055,1.1805200000000002,0.45,0.75
30.08.2021 01:12:45.058,1.18056,1.1805200000000002,3.07,0.75
30.08.2021 01:12:45.159,1.18055,1.1805200000000002,0.45,0.75
30.08.2021 01:12:45.728,1.18055,1.1805100000000002,1.2,0.75
30.08.2021 01:12:47.044,1.18054,1.1805100000000002,0.75,0.75
30.08.2021 01:13:11.862,1.18056,1.1805200000000002,1.57,0.75
30.08.2021 01:13:12.014,1.18056,1.18053,0.75,0.1
30.08.2021 01:13:13.848,1.1805700000000001,1.18054,0.75,0.75
30.08.2021 01:13:13.949,1.18058,1.18054,1.87,0.82
30.08.2021 01:13:14.255,1.18058,1.18055,0.75,0.75
30.08.2021 01:13:15.030,1.18059,1.18055,2.32,0.75
30.08.2021 01:13:15.131,1.18058,1.18055,0.1,0.75
30.08.2021 01:13:15.233,1.18059,1.18055,2.32,0.75
30.08.2021 01:13:35.882,1.18058,1.1805700000000001,0.75,0.75
30.08.2021 01:13:35.983,1.1806,1.18056,1.57,0.75
30.08.2021 01:13:45.945,1.18059,1.18056,0.1,0.75
30.08.2021 01:13:46.158,1.18059,1.18055,0.1,1.69
30.08.2021 01:13:46.259,1.1806,1.18055,1.57,1.76
30.08.2021 01:13:46.410,1.18059,1.18055,0.1,1.69
30.08.2021 01:13:47.734,1.1806,1.18055,1.95,1.76
30.08.2021 01:13:47.987,1.1806,1.18056,1.95,0.75
30.08.2021 01:14:03.057,1.18059,1.18058,0.82,0.75
30.08.2021 01:14:04.809,1.1806,1.18058,1.57,0.75
30.08.2021 01:14:04.911,1.1806100000000002,1.18058,0.75,0.75
30.08.2021 01:14:05.013,1.1806200000000002,1.18059,0.75,0.26
30.08.2021 01:14:11.315,1.18064,1.18059,1.57,1.01
30.08.2021 01:14:13.748,1.1806200000000002,1.1806,1.57,0.75
30.08.2021 01:14:13.850,1.18064,1.18059,1.57,0.26
30.08.2021 01:14:14.793,1.18063,1.18059,0.75,1.01
30.08.2021 01:14:15.250,1.18063,1.1806,0.75,0.19
30.08.2021 01:14:15.301,1.18065,1.1806200000000002,0.75,0.1
30.08.2021 01:14:15.352,1.18066,1.18063,0.45,3.37
30.08.2021 01:14:15.453,1.18065,1.1806100000000002,0.75,4.27
30.08.2021 01:14:16.011,1.18067,1.18063,0.75,1.76
30.08.2021 01:14:16.112,1.18067,1.18064,0.75,0.1
30.08.2021 01:14:16.369,1.18067,1.18063,0.75,1.76
30.08.2021 01:14:17.176,1.18065,1.18064,0.75,0.1
30.08.2021 01:14:17.277,1.18066,1.1806200000000002,0.75,1.76
30.08.2021 01:14:17.378,1.18065,1.1806100000000002,0.75,1.01
30.08.2021 01:14:17.479,1.18064,1.1806100000000002,0.75,0.19
30.08.2021 01:14:17.631,1.18064,1.1806,0.75,0.82
30.08.2021 01:14:17.884,1.18063,1.1806,0.75,0.1
30.08.2021 01:14:18.961,1.1806200000000002,1.18058,0.75,0.82
30.08.2021 01:14:19.481,1.1806100000000002,1.1805700000000001,0.75,1.76
30.08.2021 01:14:21.683,1.18059,1.18056,0.75,0.82
30.08.2021 01:14:25.527,1.1806100000000002,1.18058,0.75,0.1
30.08.2021 01:14:26.155,1.18059,1.18056,0.75,3.9
30.08.2021 01:14:31.375,1.18059,1.18055,0.75,2.51
30.08.2021 01:14:31.702,1.18058,1.18055,0.75,1.76
30.08.2021 01:14:43.336,1.18056,1.18053,0.75,0.1
30.08.2021 01:14:43.387,1.18053,1.1805100000000002,0.75,1.57
30.08.2021 01:14:43.489,1.18053,1.1805,0.75,1.76
30.08.2021 01:14:43.793,1.1805200000000002,1.1805,0.75,2.51
30.08.2021 01:14:46.055,1.1805200000000002,1.1805,0.75,0.1
30.08.2021 01:14:46.458,1.18053,1.1805100000000002,0.75,0.1
30.08.2021 01:14:46.761,1.18053,1.1805,0.75,1.76
30.08.2021 01:14:49.015,1.18055,1.1805200000000002,0.75,1.57
30.08.2021 01:14:49.116,1.18056,1.18053,0.75,0.1
30.08.2021 01:14:52.193,1.18053,1.1805100000000002,0.75,0.82
30.08.2021 01:14:52.395,1.18054,1.1805100000000002,0.75,1.76
30.08.2021 01:14:56.476,1.18055,1.18053,0.75,0.94
30.08.2021 01:14:56.627,1.18055,1.1805200000000002,0.75,2.44
30.08.2021 01:14:56.737,1.18055,1.1805100000000002,0.75,3.19
30.08.2021 01:15:01.090,1.18055,1.1805200000000002,0.75,1.12
30.08.2021 01:15:01.141,1.18054,1.1805,0.75,3.19
30.08.2021 01:15:01.342,1.1805200000000002,1.1805,0.75,0.94
30.08.2021 01:15:02.263,1.1805200000000002,1.18049,0.75,0.94
30.08.2021 01:15:02.364,1.1805100000000002,1.18049,0.75,0.94
30.08.2021 01:15:02.998,1.1805,1.1804700000000001,0.75,1.12
30.08.2021 01:15:03.757,1.1805,1.18046,0.75,3.94
30.08.2021 01:15:04.062,1.18048,1.18046,0.75,5.06
30.08.2021 01:15:10.739,1.18048,1.18046,0.75,0.94
30.08.2021 01:15:10.948,1.18048,1.18045,0.75,1.76
30.08.2021 01:15:11.104,1.18048,1.18046,0.75,0.94
30.08.2021 01:15:11.360,1.18048,1.18045,0.75,1.76
30.08.2021 01:15:14.734,1.1804700000000001,1.18045,0.75,3.26
30.08.2021 01:15:15.609,1.18048,1.18045,0.75,1.01
30.08.2021 01:15:20.931,1.18048,1.18044,0.75,1.76
30.08.2021 01:15:26.989,1.18048,1.18046,0.75,0.19
30.08.2021 01:15:27.142,1.18049,1.18048,0.75,0.64
30.08.2021 01:15:27.193,1.1805200000000002,1.18049,0.75,2.51
30.08.2021 01:15:27.244,1.1805,1.18048,0.75,0.82
30.08.2021 01:15:27.345,1.1805100000000002,1.18049,0.75,0.19
30.08.2021 01:15:28.214,1.1805200000000002,1.1805,0.75,0.19
30.08.2021 01:15:31.162,1.1805200000000002,1.18049,0.75,0.26
30.08.2021 01:15:44.319,1.18053,1.1805,0.75,0.1
30.08.2021 01:15:44.470,1.18053,1.1805100000000002,0.75,0.19
30.08.2021 01:15:44.571,1.18054,1.1805200000000002,0.75,0.19
30.08.2021 01:15:45.545,1.18055,1.1805200000000002,0.75,0.19
30.08.2021 01:15:54.422,1.18054,1.1805100000000002,0.75,0.94
30.08.2021 01:16:01.141,1.18053,1.1805,0.75,0.19
30.08.2021 01:16:12.183,1.18053,1.18049,0.75,0.19
30.08.2021 01:16:22.632,1.18053,1.1805,0.75,0.1
30.08.2021 01:16:39.616,1.18053,1.1805100000000002,0.75,0.1
30.08.2021 01:16:39.718,1.18054,1.1805100000000002,0.75,0.1
30.08.2021 01:16:39.820,1.18054,1.1805200000000002,0.75,0.1
30.08.2021 01:16:39.921,1.18054,1.18053,0.75,0.1
30.08.2021 01:16:40.023,1.18056,1.18053,0.75,0.1
30.08.2021 01:16:40.175,1.18055,1.18053,0.75,0.1
30.08.2021 01:16:43.085,1.18056,1.18053,0.75,0.1
30.08.2021 01:16:44.508,1.18055,1.18053,0.75,0.1
30.08.2021 01:16:47.362,1.18055,1.1805200000000002,0.75,0.1
30.08.2021 01:16:50.414,1.18055,1.18053,0.75,0.1
30.08.2021 01:16:50.515,1.18055,1.1805200000000002,0.75,0.1
30.08.2021 01:16:53.102,1.18054,1.1805200000000002,0.75,0.1
30.08.2021 01:17:00.241,1.18055,1.18053,0.75,0.1
30.08.2021 01:17:00.356,1.18056,1.18054,0.75,0.1
30.08.2021 01:17:00.508,1.18055,1.1805200000000002,1.5,0.1
30.08.2021 01:17:00.610,1.18055,1.1805100000000002,1.5,0.1
30.08.2021 01:17:00.761,1.18053,1.1805,0.75,0.1
30.08.2021 01:17:01.114,1.1805200000000002,1.1805,0.75,0.1
30.08.2021 01:17:01.216,1.18049,1.1804700000000001,0.75,2.32
30.08.2021 01:17:03.488,1.1805,1.1804700000000001,1.69,0.1
30.08.2021 01:17:04.203,1.1804700000000001,1.18045,0.75,0.75
30.08.2021 01:17:07.575,1.1805,1.1804700000000001,1.69,0.1
30.08.2021 01:17:08.074,1.1804700000000001,1.18045,0.75,0.75
30.08.2021 01:17:17.433,1.1805,1.18046,1.76,0.1
30.08.2021 01:17:20.668,1.1804700000000001,1.18045,0.75,0.75
30.08.2021 01:17:31.370,1.18048,1.18046,0.75,0.1
30.08.2021 01:17:31.846,1.1805,1.1804700000000001,0.75,1.5
30.08.2021 01:17:31.998,1.1805100000000002,1.18049,0.75,0.1
30.08.2021 01:17:32.099,1.1805100000000002,1.18048,0.75,0.75
30.08.2021 01:17:41.184,1.18054,1.1805,1.69,0.1
30.08.2021 01:17:43.165,1.1805200000000002,1.1805,0.75,0.1
30.08.2021 01:17:53.605,1.18053,1.1805,0.75,0.1
30.08.2021 01:17:53.807,1.18053,1.1805100000000002,0.75,0.1
30.08.2021 01:17:54.160,1.18054,1.1805200000000002,0.75,0.45
30.08.2021 01:17:54.667,1.18054,1.18053,0.75,0.1
30.08.2021 01:17:58.281,1.18056,1.18053,0.75,0.1
30.08.2021 01:17:58.382,1.1805700000000001,1.18055,0.75,0.1
30.08.2021 01:17:58.483,1.18058,1.18055,0.94,0.1
30.08.2021 01:18:00.377,1.18058,1.18056,0.75,0.1
30.08.2021 01:18:08.165,1.18059,1.1805700000000001,0.75,0.1
30.08.2021 01:18:08.317,1.1806,1.18058,0.75,0.1
30.08.2021 01:18:11.883,1.1806100000000002,1.18059,0.75,0.1
30.08.2021 01:18:12.038,1.1806100000000002,1.18059,2.25,0.1
30.08.2021 01:18:13.363,1.1806200000000002,1.1806,0.75,0.1
30.08.2021 01:18:17.069,1.18064,1.1806100000000002,0.75,1.5
30.08.2021 01:18:17.322,1.18064,1.1806,1.12,0.1
30.08.2021 01:18:17.524,1.18064,1.1806100000000002,0.75,0.1
30.08.2021 01:18:17.879,1.18065,1.1806100000000002,2.81,0.1
30.08.2021 01:18:28.285,1.18064,1.1806100000000002,0.75,0.1
30.08.2021 01:18:36.445,1.18064,1.1806200000000002,0.75,0.1
30.08.2021 01:18:36.546,1.18065,1.1806200000000002,0.75,0.1
30.08.2021 01:18:36.647,1.18065,1.18063,0.75,0.1
30.08.2021 01:18:37.610,1.18064,1.1806100000000002,0.75,0.82
30.08.2021 01:18:37.713,1.18064,1.1806200000000002,0.75,0.1
30.08.2021 01:18:38.951,1.18063,1.1806200000000002,0.75,0.1
30.08.2021 01:18:42.877,1.18066,1.18063,0.75,0.1
30.08.2021 01:18:42.979,1.18067,1.18064,0.75,0.1
30.08.2021 01:18:43.080,1.18067,1.18065,0.75,0.1
30.08.2021 01:18:43.674,1.18068,1.18065,1.31,0.1
30.08.2021 01:18:46.422,1.18068,1.18066,1.69,0.1
30.08.2021 01:18:46.777,1.18068,1.18064,0.75,0.82
30.08.2021 01:18:46.883,1.18068,1.18065,0.94,0.1
30.08.2021 01:18:57.324,1.18069,1.18066,0.75,0.1
30.08.2021 01:18:57.425,1.18069,1.18067,0.75,0.1
30.08.2021 01:18:57.577,1.18069,1.18066,0.75,0.1
30.08.2021 01:18:57.937,1.18069,1.18067,0.75,0.1
30.08.2021 01:18:58.205,1.1807,1.18068,0.75,0.1
30.08.2021 01:18:58.306,1.1807200000000002,1.18069,0.75,0.1
30.08.2021 01:18:58.407,1.1807200000000002,1.18068,0.75,0.82
30.08.2021 01:18:59.310,1.1807200000000002,1.18069,0.75,0.1
30.08.2021 01:18:59.602,1.1807400000000001,1.1807200000000002,0.75,1.87
30.08.2021 01:18:59.653,1.18077,1.1807400000000001,1.31,1.76
30.08.2021 01:18:59.705,1.18078,1.18076,0.94,2.51
30.08.2021 01:18:59.755,1.18077,1.1807400000000001,0.94,0.1
30.08.2021 01:18:59.861,1.18077,1.18075,0.75,0.1
30.08.2021 01:19:00.013,1.18077,1.1807400000000001,1.87,0.82
30.08.2021 01:19:00.164,1.18077,1.18075,2.62,1.6
30.08.2021 01:19:01.356,1.18078,1.18075,0.75,0.1
30.08.2021 01:19:01.457,1.18078,1.18076,0.75,0.1
30.08.2021 01:19:01.621,1.18078,1.18075,0.75,0.1
30.08.2021 01:19:01.936,1.18077,1.18075,0.75,0.1
30.08.2021 01:19:03.299,1.18078,1.18076,0.75,0.1
30.08.2021 01:19:03.400,1.18078,1.18075,0.75,0.1
30.08.2021 01:19:04.009,1.18078,1.18076,2.25,0.1
30.08.2021 01:19:05.056,1.18079,1.18076,1.87,0.1
30.08.2021 01:19:07.057,1.18077,1.1807400000000001,0.75,2.25
30.08.2021 01:19:10.414,1.18079,1.18076,0.75,0.1
30.08.2021 01:19:11.043,1.18076,1.18075,0.75,0.1
30.08.2021 01:19:11.144,1.18075,1.1807200000000002,0.75,0.82
30.08.2021 01:19:11.346,1.18076,1.1807200000000002,0.75,2.02
30.08.2021 01:19:11.447,1.18075,1.1807200000000002,0.75,1.95
30.08.2021 01:19:11.864,1.1807400000000001,1.1807200000000002,0.75,0.1
30.08.2021 01:19:12.199,1.18073,1.1807100000000001,0.75,0.82
30.08.2021 01:19:22.815,1.18073,1.1807,1.5,1.57
30.08.2021 01:19:22.916,1.18073,1.18069,0.75,3.07
30.08.2021 01:19:23.018,1.1807200000000002,1.1807,0.75,0.82
30.08.2021 01:19:24.532,1.1807100000000001,1.18068,2.14,0.75
30.08.2021 01:19:24.633,1.1807,1.18068,0.19,0.75
30.08.2021 01:19:24.684,1.18068,1.18066,0.75,1.2
30.08.2021 01:19:24.785,1.18067,1.18066,0.75,1.57
30.08.2021 01:19:24.886,1.18069,1.18065,0.75,0.1
30.08.2021 01:19:29.075,1.18068,1.18065,0.75,0.1
30.08.2021 01:19:38.546,1.1807,1.18067,0.94,2.32
30.08.2021 01:19:38.648,1.1807100000000001,1.18068,1.2,0.82
30.08.2021 01:19:38.749,1.1807100000000001,1.18069,0.75,0.1
30.08.2021 01:19:38.850,1.1807200000000002,1.18069,0.75,0.1
30.08.2021 01:19:38.951,1.1807200000000002,1.1807,0.75,1.57
30.08.2021 01:19:42.794,1.18073,1.1807,0.75,0.1
30.08.2021 01:19:46.300,1.1807100000000001,1.18069,0.75,0.82
30.08.2021 01:19:47.247,1.1807200000000002,1.18069,0.75,0.82
30.08.2021 01:19:57.081,1.18069,1.18067,0.75,0.75
30.08.2021 01:19:57.183,1.18068,1.18066,0.75,3.07
30.08.2021 01:19:57.285,1.18068,1.18065,0.75,0.1
30.08.2021 01:19:57.436,1.18067,1.18065,0.75,0.1
30.08.2021 01:19:58.250,1.18068,1.18065,0.75,0.1
30.08.2021 01:20:00.332,1.18069,1.18066,0.75,0.1
30.08.2021 01:20:00.579,1.18068,1.18066,0.75,0.1
30.08.2021 01:20:00.861,1.18069,1.18067,0.75,0.1
30.08.2021 01:20:00.962,1.18068,1.18066,0.75,0.1
30.08.2021 01:20:05.302,1.18068,1.18065,0.75,0.1
30.08.2021 01:20:07.665,1.18068,1.18064,0.75,2.32
30.08.2021 01:20:14.983,1.18067,1.18064,0.75,0.82
30.08.2021 01:20:27.190,1.18066,1.18063,0.75,0.82
30.08.2021 01:20:27.342,1.18064,1.1806200000000002,0.75,1.95
30.08.2021 01:20:27.446,1.18063,1.1806100000000002,0.75,0.1
30.08.2021 01:20:27.850,1.18063,1.1806,0.75,0.82
30.08.2021 01:20:38.350,1.18065,1.1806200000000002,0.75,1.95
30.08.2021 01:20:38.452,1.18066,1.18063,0.75,0.1
30.08.2021 01:20:41.142,1.18067,1.18065,0.75,0.1
30.08.2021 01:20:41.741,1.18067,1.18064,0.75,0.1
30.08.2021 01:20:43.581,1.18067,1.18065,0.75,0.1
30.08.2021 01:20:43.939,1.18067,1.18064,0.75,0.1
30.08.2021 01:20:44.366,1.18067,1.18065,0.75,0.1
30.08.2021 01:20:45.066,1.18067,1.18064,0.75,0.1
30.08.2021 01:20:45.847,1.18067,1.18065,0.75,0.1
30.08.2021 01:20:45.953,1.18067,1.18064,0.75,0.1
30.08.2021 01:20:48.474,1.18067,1.18063,0.75,1.57
30.08.2021 01:20:48.973,1.18066,1.18063,0.75,0.82
30.08.2021 01:20:49.513,1.18065,1.1806100000000002,0.75,0.1
30.08.2021 01:20:49.614,1.18064,1.1806100000000002,0.75,0.1
30.08.2021 01:20:50.415,1.18065,1.1806200000000002,0.75,1.87
30.08.2021 01:20:50.516,1.18066,1.18063,0.75,0.1
30.08.2021 01:20:50.617,1.18066,1.18064,0.75,0.1
30.08.2021 01:20:51.969,1.18066,1.18063,0.75,0.1
30.08.2021 01:21:13.294,1.18066,1.18064,0.75,0.1
30.08.2021 01:21:13.548,1.18067,1.18064,0.75,0.1
30.08.2021 01:21:41.625,1.18067,1.18063,0.75,1.57
30.08.2021 01:21:44.386,1.18067,1.18064,0.75,0.1
30.08.2021 01:21:50.793,1.18067,1.18063,0.75,1.57
30.08.2021 01:21:51.784,1.18066,1.18063,0.75,0.82
30.08.2021 01:21:56.277,1.18065,1.1806200000000002,0.75,3.45
30.08.2021 01:21:57.023,1.18066,1.1806200000000002,0.75,3.45
30.08.2021 01:22:03.914,1.18064,1.1806,0.75,0.82
30.08.2021 01:22:04.015,1.18063,1.1806,0.75,0.82
30.08.2021 01:22:14.673,1.1806200000000002,1.18059,0.75,2.25
30.08.2021 01:22:14.786,1.18059,1.1805700000000001,0.75,0.75
30.08.2021 01:22:14.887,1.18058,1.18056,0.75,0.1
30.08.2021 01:22:14.937,1.1805700000000001,1.18054,0.75,2.32
30.08.2021 01:22:20.763,1.18056,1.18054,0.75,0.1
30.08.2021 01:22:24.186,1.1805700000000001,1.18056,0.75,0.1
30.08.2021 01:22:24.685,1.18058,1.18055,0.75,0.1
30.08.2021 01:22:29.122,1.18058,1.1805700000000001,0.94,2.32
30.08.2021 01:22:29.173,1.1806,1.18058,0.75,0.1
30.08.2021 01:22:29.274,1.1806100000000002,1.18059,0.45,0.1
30.08.2021 01:22:29.376,1.1806200000000002,1.18059,0.75,0.1
30.08.2021 01:22:38.193,1.18063,1.18059,1.01,0.1
30.08.2021 01:22:55.244,1.18063,1.1806,0.94,0.1
30.08.2021 01:23:00.116,1.18063,1.18059,0.82,0.1
30.08.2021 01:23:16.823,1.18063,1.1806,0.1,0.75
30.08.2021 01:23:17.118,1.18064,1.1806,2.51,0.82
30.08.2021 01:23:19.571,1.18065,1.1806100000000002,2.77,0.1
30.08.2021 01:23:19.673,1.18064,1.1806,0.1,0.82
30.08.2021 01:23:21.200,1.18064,1.1806100000000002,0.1,0.75
30.08.2021 01:23:23.841,1.18065,1.1806100000000002,1.57,1.57
30.08.2021 01:23:23.942,1.18066,1.1806200000000002,2.96,0.82
30.08.2021 01:23:24.043,1.18065,1.1806200000000002,0.1,0.75
30.08.2021 01:23:24.144,1.18066,1.1806200000000002,2.51,0.82
30.08.2021 01:23:26.372,1.18067,1.18063,2.59,0.82
30.08.2021 01:23:29.710,1.18068,1.18064,1.84,0.82
30.08.2021 01:23:33.592,1.18067,1.18064,0.1,0.75
30.08.2021 01:23:35.855,1.18068,1.18064,0.82,0.82
30.08.2021 01:23:42.939,1.18067,1.18064,0.1,0.75
30.08.2021 01:23:43.040,1.18067,1.18063,0.1,1.57
30.08.2021 01:23:43.192,1.18065,1.18063,0.75,0.75
30.08.2021 01:23:43.293,1.18065,1.1806100000000002,1.57,0.82
30.08.2021 01:23:48.031,1.18063,1.1806200000000002,0.1,0.75
30.08.2021 01:23:48.337,1.18065,1.1806100000000002,1.57,0.82
30.08.2021 01:23:48.488,1.18064,1.1806100000000002,0.1,0.75
30.08.2021 01:23:55.233,1.18066,1.1806200000000002,1.65,2.32
30.08.2021 01:23:55.738,1.18065,1.1806200000000002,0.1,0.75
30.08.2021 01:24:06.385,1.18066,1.1806200000000002,0.82,0.82
30.08.2021 01:24:06.486,1.18066,1.18063,0.1,0.75
30.08.2021 01:24:09.097,1.18067,1.18064,0.1,0.75
30.08.2021 01:24:10.285,1.18067,1.18065,0.82,0.82
30.08.2021 01:24:11.407,1.18067,1.18064,0.1,0.75
30.08.2021 01:24:16.113,1.18068,1.18064,0.82,0.82
30.08.2021 01:24:20.292,1.18067,1.18064,0.1,0.75
30.08.2021 01:24:26.861,1.18068,1.18064,1.57,0.82
30.08.2021 01:24:30.157,1.18067,1.18063,0.1,0.82
30.08.2021 01:24:32.392,1.18067,1.18064,0.1,0.75
30.08.2021 01:24:33.488,1.18068,1.18064,1.57,0.82
30.08.2021 01:24:49.700,1.18064,1.1806100000000002,0.75,0.82
30.08.2021 01:24:49.851,1.18064,1.1806,0.75,8.32
30.08.2021 01:24:54.046,1.18066,1.1806200000000002,0.75,2.32
30.08.2021 01:24:54.198,1.18067,1.18063,1.27,0.75
30.08.2021 01:24:54.301,1.18068,1.18063,2.89,0.82
30.08.2021 01:25:11.562,1.18066,1.18063,0.75,0.1
30.08.2021 01:25:11.718,1.18064,1.1806100000000002,0.75,0.82
30.08.2021 01:25:12.022,1.18064,1.1806,1.5,0.82
30.08.2021 01:25:12.124,1.18063,1.1806,0.75,0.82
30.08.2021 01:25:13.339,1.18063,1.18059,0.75,5.51
30.08.2021 01:25:15.015,1.18063,1.1806,0.75,2.25
30.08.2021 01:25:15.116,1.18064,1.1806100000000002,0.75,1.57
30.08.2021 01:25:15.217,1.18065,1.1806100000000002,0.75,1.57
30.08.2021 01:25:17.400,1.18067,1.18063,1.57,2.32
30.08.2021 01:25:48.619,1.18067,1.18064,0.75,0.1
30.08.2021 01:25:52.580,1.18067,1.18063,0.75,0.82
30.08.2021 01:26:02.125,1.18066,1.1806200000000002,0.75,5.89
30.08.2021 01:26:02.226,1.18064,1.1806100000000002,0.75,0.75
30.08.2021 01:26:02.328,1.18063,1.1806100000000002,0.75,0.1
30.08.2021 01:26:04.287,1.18063,1.18059,0.75,3.82
30.08.2021 01:26:05.769,1.18063,1.1806,0.75,0.1
30.08.2021 01:26:13.477,1.18065,1.1806200000000002,0.75,0.1
30.08.2021 01:26:13.579,1.18065,1.1806100000000002,0.75,0.82
30.08.2021 01:26:15.203,1.18064,1.1806100000000002,0.75,0.82
30.08.2021 01:26:24.103,1.18065,1.1806200000000002,0.75,1.57
30.08.2021 01:26:24.205,1.18066,1.1806200000000002,0.75,3.07
30.08.2021 01:26:24.306,1.18067,1.18063,0.75,0.1
30.08.2021 01:26:38.409,1.18066,1.18063,0.75,0.1
30.08.2021 01:26:38.611,1.18066,1.1806200000000002,0.75,2.32
30.08.2021 01:26:39.117,1.18067,1.1806200000000002,0.82,3.82
30.08.2021 01:26:39.508,1.18067,1.18063,0.75,0.1
30.08.2021 01:26:44.821,1.18066,1.18063,0.75,0.75
30.08.2021 01:26:44.922,1.18066,1.1806200000000002,1.5,1.57
30.08.2021 01:26:45.124,1.18067,1.18063,0.75,0.1
30.08.2021 01:26:52.938,1.18066,1.18063,0.75,0.1
30.08.2021 01:26:53.039,1.18066,1.1806200000000002,0.75,3.07
30.08.2021 01:26:53.141,1.18063,1.1806100000000002,1.12,0.82
30.08.2021 01:26:53.242,1.18063,1.1806,0.75,1.57
30.08.2021 01:27:08.140,1.18063,1.18059,1.12,1.01
30.08.2021 01:27:08.241,1.1806200000000002,1.18059,0.75,0.1
30.08.2021 01:27:08.342,1.18063,1.18059,2.32,0.1
30.08.2021 01:27:14.393,1.18063,1.1806,0.75,0.1
30.08.2021 01:27:14.494,1.18063,1.18059,0.75,4.01
30.08.2021 01:27:17.250,1.18063,1.1806100000000002,1.95,0.1
30.08.2021 01:27:17.502,1.18063,1.1806,0.75,0.1
30.08.2021 01:27:19.120,1.18064,1.1806,0.75,0.1
30.08.2021 01:27:21.511,1.18064,1.1806100000000002,0.75,1.57
30.08.2021 01:27:21.613,1.18065,1.1806200000000002,0.75,1.95
30.08.2021 01:27:21.714,1.18066,1.18063,0.75,0.75
30.08.2021 01:27:25.761,1.18066,1.18064,0.75,1.57
30.08.2021 01:27:27.144,1.18067,1.18064,0.75,0.1
30.08.2021 01:27:27.976,1.18067,1.18063,0.75,2.51
30.08.2021 01:27:32.855,1.18067,1.18064,0.75,0.1
30.08.2021 01:27:34.930,1.1807,1.18067,0.75,1.12
30.08.2021 01:27:36.030,1.1807,1.18068,0.75,0.75
30.08.2021 01:27:36.131,1.1807,1.18067,0.75,3.45
30.08.2021 01:27:38.233,1.1807,1.18066,1.5,0.1
30.08.2021 01:27:38.334,1.18069,1.18066,0.75,0.1
30.08.2021 01:27:38.604,1.1807,1.18066,3,0.1
30.08.2021 01:27:39.285,1.18069,1.18066,0.75,0.1
30.08.2021 01:27:41.255,1.18069,1.18067,0.75,1.95
30.08.2021 01:27:41.468,1.1807,1.18067,0.75,2.7
30.08.2021 01:27:53.064,1.1807,1.18068,0.75,0.75
30.08.2021 01:27:53.855,1.1807100000000001,1.18068,0.75,0.75
30.08.2021 01:27:54.291,1.1807100000000001,1.18067,0.75,3.64
30.08.2021 01:27:59.057,1.1807200000000002,1.18069,0.75,2.25
30.08.2021 01:27:59.158,1.18073,1.1807100000000001,0.75,0.1
30.08.2021 01:27:59.259,1.18075,1.1807200000000002,0.75,2.14
30.08.2021 01:27:59.360,1.18076,1.1807400000000001,0.75,0.1
30.08.2021 01:27:59.462,1.18077,1.1807400000000001,0.75,0.1
30.08.2021 01:28:04.338,1.18078,1.18075,0.75,0.1
30.08.2021 01:28:05.416,1.18078,1.1807400000000001,1.57,1.76
30.08.2021 01:28:08.176,1.1807400000000001,1.1807200000000002,0.75,3.9
30.08.2021 01:28:08.328,1.1807400000000001,1.1807100000000001,0.75,0.1
30.08.2021 01:28:08.927,1.1807400000000001,1.1807,1.57,1.57
30.08.2021 01:28:11.136,1.1807200000000002,1.1807100000000001,0.75,0.1
30.08.2021 01:28:13.724,1.1807400000000001,1.1807,1.57,0.1
30.08.2021 01:28:15.372,1.18073,1.1807,0.75,0.1
30.08.2021 01:28:25.673,1.1807400000000001,1.1807,1.57,0.82
30.08.2021 01:28:51.808,1.1807400000000001,1.1807100000000001,0.75,0.1
30.08.2021 01:28:52.164,1.18075,1.1807200000000002,0.75,1.57
30.08.2021 01:28:52.265,1.18076,1.1807200000000002,0.82,2.32
30.08.2021 01:28:52.366,1.18076,1.18073,0.75,0.1
30.08.2021 01:28:52.884,1.18076,1.1807400000000001,0.75,0.1
30.08.2021 01:28:53.003,1.18077,1.1807400000000001,1.5,0.1
30.08.2021 01:28:53.104,1.18078,1.18075,0.75,0.1
30.08.2021 01:28:53.815,1.18078,1.1807400000000001,0.75,0.82
30.08.2021 01:29:03.902,1.18079,1.1807400000000001,2.25,2.51
30.08.2021 01:29:06.820,1.18078,1.1807400000000001,0.75,1.57
30.08.2021 01:29:38.658,1.18079,1.18075,1.5,0.75
30.08.2021 01:29:41.215,1.18079,1.1807400000000001,1.5,1.2
30.08.2021 01:29:44.156,1.18078,1.1807400000000001,0.75,1.2
30.08.2021 01:29:47.805,1.18075,1.18073,0.75,0.75
30.08.2021 01:29:48.130,1.18077,1.18073,0.75,0.75
30.08.2021 01:29:50.619,1.18075,1.1807100000000001,0.75,0.75
30.08.2021 01:29:50.720,1.18075,1.1807,1.5,0.82
30.08.2021 01:29:53.187,1.18076,1.18073,0.75,0.75
30.08.2021 01:29:53.288,1.18077,1.18073,1.2,1.69
30.08.2021 01:29:53.389,1.18077,1.18075,0.75,0.26
30.08.2021 01:29:54.833,1.18079,1.1807400000000001,1.5,1.01
30.08.2021 01:29:57.147,1.18079,1.18075,1.5,0.75
30.08.2021 01:29:57.248,1.18079,1.1807400000000001,1.5,0.94
30.08.2021 01:30:00.196,1.18078,1.1807400000000001,0.75,0.75
30.08.2021 01:30:00.406,1.1808100000000001,1.18077,1.57,1.56
30.08.2021 01:30:00.508,1.1808,1.18076,1.5,0.75
30.08.2021 01:30:00.963,1.1808,1.18075,2.25,0.75
