Gmt time,Ask,Bid,AskVolume,BidVolume
09.08.2021 00:00:00.567,1.1748100000000001,1.17477,9.52,1.12
09.08.2021 00:00:00.669,1.1748200000000002,1.17478,7.95,0.75
09.08.2021 00:00:00.822,1.17483,1.17478,3,0.75
09.08.2021 00:00:00.975,1.17483,1.17477,2.25,2.25
09.08.2021 00:00:01.280,1.17484,1.17477,5.81,2.25
09.08.2021 00:00:01.912,1.17484,1.17478,1.5,0.94
09.08.2021 00:00:02.013,1.17484,1.17479,0.75,0.94
09.08.2021 00:00:02.115,1.17487,1.1748200000000002,9.9,2.06
09.08.2021 00:00:02.216,1.17488,1.17483,0.45,1.69
09.08.2021 00:00:02.317,1.17489,1.17483,0.75,3.56
09.08.2021 00:00:02.469,1.17489,1.17484,0.75,1.69
09.08.2021 00:00:02.520,1.1749100000000001,1.17485,3.37,0.94
09.08.2021 00:00:02.621,1.1749200000000002,1.17485,3.56,2.81
09.08.2021 00:00:02.722,1.1749200000000002,1.17486,1.12,0.19
09.08.2021 00:00:03.077,1.1749200000000002,1.17488,0.64,0.75
09.08.2021 00:00:03.623,1.17493,1.17488,0.37,0.37
09.08.2021 00:00:04.083,1.17493,1.17489,0.37,1.5
09.08.2021 00:00:04.134,1.1749500000000002,1.17489,13.65,0.75
09.08.2021 00:00:04.338,1.17497,1.17493,1.87,1.69
09.08.2021 00:00:04.440,1.17498,1.17493,0.75,1.5
09.08.2021 00:00:05.951,1.1749500000000002,1.1749200000000002,0.75,0.75
09.08.2021 00:00:06.052,1.1749500000000002,1.1749100000000001,0.75,1.5
09.08.2021 00:00:07.013,1.17497,1.17493,0.75,0.75
09.08.2021 00:00:08.381,1.1749500000000002,1.17493,0.75,2.25
09.08.2021 00:00:10.113,1.17497,1.1749200000000002,2.25,3.94
09.08.2021 00:00:10.215,1.17496,1.1749200000000002,1.12,3.94
09.08.2021 00:00:10.316,1.17497,1.1749200000000002,1.12,4.31
09.08.2021 00:00:12.761,1.17497,1.17493,0.37,0.75
09.08.2021 00:00:13.731,1.17496,1.1749200000000002,0.75,2.25
09.08.2021 00:00:17.655,1.17497,1.17493,0.75,0.75
09.08.2021 00:00:18.164,1.17498,1.17493,1.12,0.75
09.08.2021 00:00:18.266,1.17499,1.17496,1.12,2.25
09.08.2021 00:00:18.368,1.17499,1.17497,0.75,1.69
09.08.2021 00:00:18.844,1.17501,1.17497,0.75,0.75
09.08.2021 00:00:19.208,1.1750200000000002,1.17498,1.12,1.5
09.08.2021 00:00:19.360,1.17503,1.17499,0.75,1.5
09.08.2021 00:00:19.462,1.17504,1.175,0.75,0.75
09.08.2021 00:00:19.615,1.17504,1.17499,0.75,4.31
09.08.2021 00:00:21.074,1.1750200000000002,1.17499,0.75,4.31
09.08.2021 00:00:21.126,1.17499,1.17497,0.19,1.35
09.08.2021 00:00:21.228,1.17497,1.1749500000000002,1.5,1.5
09.08.2021 00:00:25.135,1.17497,1.17494,0.75,4.69
09.08.2021 00:00:25.264,1.17498,1.17494,0.75,0.75
09.08.2021 00:00:25.696,1.17498,1.17493,0.75,4.31
09.08.2021 00:00:25.797,1.17496,1.1749200000000002,1.87,1.5
09.08.2021 00:00:25.899,1.1749500000000002,1.1749,0.75,4.69
09.08.2021 00:00:26.000,1.17494,1.1749,0.75,3.94
09.08.2021 00:00:28.192,1.17494,1.17489,0.75,3.94
09.08.2021 00:00:30.182,1.1749200000000002,1.17489,0.75,1.5
09.08.2021 00:00:30.966,1.17493,1.17489,0.75,2.44
09.08.2021 00:00:35.269,1.1749500000000002,1.1749100000000001,1.5,0.75
09.08.2021 00:00:35.371,1.17494,1.1749,0.75,1.69
09.08.2021 00:00:35.473,1.1749500000000002,1.1749100000000001,0.75,0.75
09.08.2021 00:00:35.576,1.17493,1.1749,0.75,0.75
09.08.2021 00:00:35.688,1.17493,1.17489,0.75,3.56
09.08.2021 00:00:36.392,1.17494,1.17489,0.75,4.31
09.08.2021 00:00:38.393,1.17493,1.17489,0.75,0.94
09.08.2021 00:00:42.152,1.17493,1.17488,0.75,3.56
09.08.2021 00:00:45.438,1.1749100000000001,1.17487,0.75,1.69
09.08.2021 00:00:45.540,1.17489,1.17486,0.75,0.75
09.08.2021 00:00:45.591,1.17488,1.17484,0.75,0.75
09.08.2021 00:00:45.844,1.17488,1.17483,0.75,2.25
09.08.2021 00:00:46.474,1.17488,1.17484,0.75,1.5
09.08.2021 00:00:49.830,1.17488,1.17483,0.75,2.25
09.08.2021 00:00:50.649,1.17484,1.1748100000000001,0.75,0.75
09.08.2021 00:00:50.750,1.17483,1.1748,0.75,0.75
09.08.2021 00:00:50.851,1.17483,1.17479,1.5,7.5
09.08.2021 00:00:50.953,1.17483,1.17478,1.87,2.25
09.08.2021 00:00:51.054,1.17483,1.17479,1.5,0.75
09.08.2021 00:00:53.561,1.17483,1.1748,0.75,0.75
09.08.2021 00:00:54.323,1.17483,1.17479,1.5,1.5
09.08.2021 00:00:56.092,1.17483,1.1748,0.75,0.75
09.08.2021 00:01:00.411,1.17483,1.1748100000000001,0.37,0.75
09.08.2021 00:01:02.622,1.17485,1.1748,4.31,0.75
09.08.2021 00:01:10.746,1.17483,1.1748,1.5,0.94
09.08.2021 00:01:10.847,1.17483,1.17479,1.12,0.75
09.08.2021 00:01:10.999,1.17483,1.17478,1.31,0.75
09.08.2021 00:01:11.100,1.1748,1.17475,2.81,4.8
09.08.2021 00:01:11.202,1.17479,1.17475,1.12,0.75
09.08.2021 00:01:15.287,1.17479,1.1747400000000001,2.06,1.5
09.08.2021 00:01:15.388,1.17478,1.1747400000000001,0.75,0.75
09.08.2021 00:01:15.490,1.17478,1.17475,1.12,1.5
09.08.2021 00:01:15.592,1.17479,1.17475,1.12,0.75
09.08.2021 00:01:19.100,1.17478,1.1747400000000001,1.87,0.75
09.08.2021 00:01:19.202,1.17475,1.1747100000000001,1.12,0.75
09.08.2021 00:01:19.303,1.17475,1.1747,1.87,1.69
09.08.2021 00:01:21.815,1.1747400000000001,1.1747,2.81,0.75
09.08.2021 00:01:21.917,1.1747100000000001,1.1747,0.75,0.75
09.08.2021 00:01:21.969,1.1747,1.17466,1.87,2.1
09.08.2021 00:01:22.071,1.17469,1.17465,1.12,0.75
09.08.2021 00:01:22.172,1.17468,1.17465,1.12,1.5
09.08.2021 00:01:22.374,1.17468,1.17466,1.12,0.75
09.08.2021 00:01:24.020,1.17469,1.1746400000000001,1.12,0.94
09.08.2021 00:01:24.279,1.17469,1.17465,1.31,0.75
09.08.2021 00:01:24.431,1.17468,1.1746400000000001,1.5,0.75
09.08.2021 00:01:24.583,1.17467,1.17463,0.75,0.75
09.08.2021 00:01:24.734,1.17469,1.1746400000000001,1.12,1.5
09.08.2021 00:01:24.937,1.17469,1.17465,1.12,0.75
09.08.2021 00:01:27.117,1.17469,1.1746400000000001,1.12,0.75
09.08.2021 00:01:27.219,1.17469,1.17465,1.12,0.75
09.08.2021 00:01:30.069,1.17468,1.17465,1.12,0.75
09.08.2021 00:01:32.370,1.17468,1.17463,1.5,1.5
09.08.2021 00:01:33.005,1.17469,1.17465,2.62,0.75
09.08.2021 00:01:33.663,1.1747,1.17466,0.75,0.75
09.08.2021 00:01:33.765,1.1747200000000002,1.17467,1.87,1.5
09.08.2021 00:01:33.866,1.1747200000000002,1.17469,1.12,0.75
09.08.2021 00:01:34.150,1.1747400000000001,1.1747,1.87,0.75
09.08.2021 00:01:34.252,1.17475,1.1747100000000001,0.75,0.75
09.08.2021 00:01:34.353,1.1747100000000001,1.17469,1.12,1.35
09.08.2021 00:01:34.455,1.1747100000000001,1.17468,0.37,0.75
09.08.2021 00:01:34.556,1.1747,1.17468,1.12,0.75
09.08.2021 00:01:42.132,1.1747200000000002,1.17468,1.5,0.75
09.08.2021 00:01:51.358,1.17473,1.17468,1.12,0.75
09.08.2021 00:01:53.216,1.1747400000000001,1.17469,1.12,1.69
09.08.2021 00:02:03.195,1.17475,1.1747100000000001,1.12,0.75
09.08.2021 00:02:03.803,1.17476,1.1747200000000002,1.12,0.94
09.08.2021 00:02:04.006,1.17477,1.17473,0.75,0.75
09.08.2021 00:02:06.077,1.17479,1.17475,10.27,0.75
09.08.2021 00:02:06.230,1.1748,1.17475,1.12,2.44
09.08.2021 00:02:11.835,1.17479,1.17475,0.37,2.25
09.08.2021 00:02:11.939,1.17478,1.1747400000000001,0.75,1.69
09.08.2021 00:02:12.450,1.17479,1.17475,1.12,0.94
09.08.2021 00:02:12.974,1.1748100000000001,1.17477,0.75,0.75
09.08.2021 00:02:13.076,1.1748200000000002,1.17477,2.62,1.69
09.08.2021 00:02:13.177,1.1748200000000002,1.17478,1.5,0.19
09.08.2021 00:02:17.909,1.17483,1.17478,1.12,0.75
09.08.2021 00:02:19.029,1.17483,1.17479,1.12,0.19
09.08.2021 00:02:25.364,1.1748200000000002,1.17477,2.06,0.75
09.08.2021 00:02:25.569,1.1748200000000002,1.17478,1.87,0.75
09.08.2021 00:02:26.744,1.1748200000000002,1.17477,1.87,0.94
09.08.2021 00:02:35.468,1.1748200000000002,1.17478,2.81,0.75
09.08.2021 00:02:39.314,1.1748100000000001,1.17478,1.5,0.94
09.08.2021 00:02:40.414,1.1748100000000001,1.17477,0.75,0.75
09.08.2021 00:02:40.674,1.1748,1.17477,0.75,2.44
09.08.2021 00:02:41.599,1.1748,1.17475,1.87,2.44
09.08.2021 00:02:41.701,1.17478,1.17476,0.75,1.69
09.08.2021 00:02:42.006,1.17478,1.1747400000000001,0.75,0.94
09.08.2021 00:02:42.057,1.17476,1.1747400000000001,0.37,0.94
09.08.2021 00:02:42.108,1.17473,1.1747100000000001,5.62,1.73
09.08.2021 00:02:42.159,1.17475,1.1747200000000002,0.75,0.75
09.08.2021 00:02:42.210,1.17473,1.1747,0.75,0.75
09.08.2021 00:02:42.311,1.1747400000000001,1.1747,0.75,0.94
09.08.2021 00:02:42.514,1.17473,1.1747200000000002,0.75,0.19
09.08.2021 00:02:42.615,1.17475,1.1747100000000001,1.87,1.5
09.08.2021 00:02:43.949,1.1747400000000001,1.1747100000000001,0.37,0.75
09.08.2021 00:02:45.172,1.17473,1.1747100000000001,1.12,0.75
09.08.2021 00:02:45.283,1.17473,1.1747,1.12,2.62
09.08.2021 00:02:46.938,1.1747,1.17467,1.87,1.35
09.08.2021 00:02:47.039,1.1747,1.17466,1.87,1.2
09.08.2021 00:02:47.142,1.17469,1.17465,0.75,1.5
09.08.2021 00:02:47.346,1.17467,1.1746400000000001,0.75,1.5
09.08.2021 00:02:47.448,1.17469,1.17465,1.12,0.75
09.08.2021 00:02:47.499,1.17467,1.17463,1.87,1.5
09.08.2021 00:02:47.601,1.17466,1.1746200000000002,1.12,2.44
09.08.2021 00:02:47.703,1.17465,1.1746200000000002,0.75,0.94
09.08.2021 00:02:47.804,1.17465,1.1746100000000002,2.81,0.75
09.08.2021 00:02:48.554,1.1746400000000001,1.1746,1.12,0.75
09.08.2021 00:02:48.706,1.1746200000000002,1.17458,2.25,1.5
09.08.2021 00:02:48.757,1.17456,1.17454,0.75,1.5
09.08.2021 00:02:48.859,1.17456,1.1745200000000002,3,1.5
09.08.2021 00:02:48.910,1.17454,1.1745,0.75,3.04
09.08.2021 00:02:49.011,1.1745,1.17448,1.87,12.49
09.08.2021 00:02:49.112,1.1745,1.17445,1.87,2.89
09.08.2021 00:02:49.999,1.1745,1.17446,0.75,0.75
09.08.2021 00:02:50.353,1.1744700000000001,1.17444,0.75,2.7
09.08.2021 00:02:51.255,1.17448,1.17444,0.75,0.75
09.08.2021 00:02:51.508,1.17449,1.1744700000000001,0.75,0.75
09.08.2021 00:02:51.610,1.17455,1.1745100000000002,11.14,0.75
09.08.2021 00:02:51.712,1.17455,1.17453,7.69,6.37
09.08.2021 00:02:51.762,1.17459,1.17455,0.75,0.75
09.08.2021 00:02:51.864,1.1746,1.17456,0.75,0.75
09.08.2021 00:02:52.162,1.1746200000000002,1.17458,0.75,0.75
09.08.2021 00:02:52.313,1.17463,1.1746,0.75,0.75
09.08.2021 00:02:52.415,1.1746400000000001,1.1746,0.75,0.75
09.08.2021 00:02:52.516,1.17465,1.1746200000000002,0.75,0.75
09.08.2021 00:02:52.871,1.1746100000000002,1.1746,2.25,0.45
09.08.2021 00:02:52.973,1.17463,1.17459,2.25,1.2
09.08.2021 00:02:53.235,1.17463,1.1746,0.75,0.75
09.08.2021 00:02:54.040,1.1746400000000001,1.1746,1.87,0.75
09.08.2021 00:02:56.015,1.1746200000000002,1.1746100000000002,0.37,0.75
09.08.2021 00:02:56.116,1.1746400000000001,1.1746,2.62,0.75
09.08.2021 00:02:58.354,1.17465,1.1746200000000002,1.5,0.75
09.08.2021 00:02:58.455,1.17465,1.17463,0.75,0.75
09.08.2021 00:02:58.557,1.17466,1.1746400000000001,0.75,0.75
09.08.2021 00:02:59.091,1.17469,1.17465,1.87,0.75
09.08.2021 00:03:00.208,1.1747,1.17466,1.12,0.75
09.08.2021 00:03:02.929,1.1747,1.17468,1.12,0.75
09.08.2021 00:03:03.031,1.1747200000000002,1.17469,2.62,0.75
09.08.2021 00:03:03.133,1.17473,1.1747,0.37,0.75
09.08.2021 00:03:03.185,1.17475,1.1747200000000002,8.4,0.75
09.08.2021 00:03:03.389,1.17476,1.1747200000000002,1.5,0.75
09.08.2021 00:03:03.440,1.17475,1.1747,3,1.2
09.08.2021 00:03:03.828,1.17473,1.1747100000000001,0.37,0.75
09.08.2021 00:03:05.835,1.17475,1.17473,0.75,0.75
09.08.2021 00:03:05.886,1.1747400000000001,1.1747100000000001,0.37,0.75
09.08.2021 00:03:06.911,1.17468,1.17466,1.69,0.94
09.08.2021 00:03:06.962,1.17466,1.1746400000000001,0.37,1.5
09.08.2021 00:03:07.064,1.17466,1.17463,2.44,8.7
09.08.2021 00:03:07.166,1.1746400000000001,1.1746100000000002,0.37,0.75
09.08.2021 00:03:07.572,1.17465,1.1746200000000002,1.5,0.37
09.08.2021 00:03:07.673,1.1746400000000001,1.1746200000000002,1.5,0.75
09.08.2021 00:03:09.643,1.1746400000000001,1.1746,1.12,0.75
09.08.2021 00:03:16.465,1.1746200000000002,1.17459,0.37,0.75
09.08.2021 00:03:16.566,1.1746200000000002,1.17458,1.87,0.75
09.08.2021 00:03:17.259,1.17459,1.17455,0.94,1.2
09.08.2021 00:03:17.360,1.1745700000000001,1.17454,1.87,0.75
09.08.2021 00:03:17.462,1.1745700000000001,1.17453,2.62,1.2
09.08.2021 00:03:17.563,1.1745700000000001,1.17454,1.12,0.75
09.08.2021 00:03:17.715,1.17458,1.17454,1.87,0.75
09.08.2021 00:03:20.967,1.1745700000000001,1.17453,0.75,0.75
09.08.2021 00:03:23.303,1.17458,1.17455,0.75,0.75
09.08.2021 00:03:23.405,1.17458,1.17456,1.12,0.75
09.08.2021 00:03:23.815,1.1746,1.17458,0.94,0.75
09.08.2021 00:03:23.916,1.1746100000000002,1.17459,1.69,0.75
09.08.2021 00:03:23.967,1.17463,1.1746,2.81,0.75
09.08.2021 00:03:24.069,1.1746200000000002,1.17458,3.19,1.95
09.08.2021 00:03:24.777,1.17463,1.17459,1.5,0.75
09.08.2021 00:03:24.928,1.17466,1.1746200000000002,10.27,1.87
09.08.2021 00:03:25.030,1.17466,1.17463,0.19,2.06
09.08.2021 00:03:25.132,1.17468,1.17465,0.37,0.75
09.08.2021 00:03:25.334,1.17469,1.17465,1.69,0.75
09.08.2021 00:03:25.461,1.17468,1.17465,0.19,0.75
09.08.2021 00:03:28.743,1.1747,1.17467,0.75,1.12
09.08.2021 00:03:28.845,1.1747200000000002,1.17468,1.31,0.75
09.08.2021 00:03:29.674,1.1747100000000001,1.17467,0.75,1.5
09.08.2021 00:03:32.057,1.17468,1.17466,0.75,1.2
09.08.2021 00:03:32.679,1.17468,1.17465,0.19,0.75
09.08.2021 00:03:33.234,1.17465,1.1746200000000002,0.75,0.45
09.08.2021 00:03:33.336,1.1746400000000001,1.1746200000000002,0.75,0.45
09.08.2021 00:03:33.387,1.1746400000000001,1.1746,0.94,0.75
09.08.2021 00:03:33.590,1.17463,1.1746,0.19,0.75
09.08.2021 00:03:34.145,1.1746,1.1745700000000001,0.56,0.75
09.08.2021 00:03:34.246,1.17459,1.17456,0.19,1.95
09.08.2021 00:03:34.398,1.17459,1.17455,1.31,0.75
09.08.2021 00:03:34.499,1.17458,1.17455,0.19,0.75
09.08.2021 00:03:34.657,1.17459,1.17455,1.5,0.75
09.08.2021 00:03:34.809,1.17458,1.17455,0.37,0.75
09.08.2021 00:03:35.237,1.1745700000000001,1.17455,0.94,0.75
09.08.2021 00:03:35.288,1.1745700000000001,1.17453,1.69,0.75
09.08.2021 00:03:37.621,1.17455,1.17454,0.37,0.75
09.08.2021 00:03:37.672,1.17454,1.1745200000000002,2.81,1.2
09.08.2021 00:03:37.774,1.17454,1.1745100000000002,1.31,1.2
09.08.2021 00:03:37.926,1.17454,1.1745,2.06,0.75
09.08.2021 00:03:40.630,1.1745700000000001,1.17453,8.77,0.75
09.08.2021 00:03:41.407,1.17458,1.17454,2.06,0.75
09.08.2021 00:03:44.158,1.1746,1.17456,7.65,1.5
09.08.2021 00:03:44.260,1.1746100000000002,1.17456,1.12,2.25
09.08.2021 00:03:44.463,1.1746100000000002,1.1745700000000001,0.75,0.75
09.08.2021 00:03:45.019,1.17463,1.17459,1.69,0.75
09.08.2021 00:03:46.453,1.1746400000000001,1.1746,0.75,0.75
09.08.2021 00:03:46.555,1.1746400000000001,1.17459,0.75,1.95
09.08.2021 00:03:49.667,1.17467,1.17463,1.5,1.5
09.08.2021 00:03:49.769,1.17467,1.17465,0.75,0.75
09.08.2021 00:03:50.236,1.17467,1.1746400000000001,0.19,0.75
09.08.2021 00:03:50.337,1.17466,1.1746100000000002,0.94,2.25
09.08.2021 00:03:50.439,1.17465,1.1746100000000002,1.87,0.75
09.08.2021 00:03:50.540,1.1746400000000001,1.1746,0.75,0.75
09.08.2021 00:03:52.944,1.1746200000000002,1.1746,0.56,0.75
09.08.2021 00:03:53.198,1.1746200000000002,1.1746,0.19,0.75
09.08.2021 00:03:55.294,1.1746200000000002,1.17459,0.19,0.75
09.08.2021 00:03:56.221,1.1746,1.17456,2.06,1.5
09.08.2021 00:03:56.323,1.17459,1.17456,0.37,1.5
09.08.2021 00:03:56.424,1.17459,1.17455,1.69,0.75
09.08.2021 00:03:57.570,1.17458,1.17454,1.31,1.5
09.08.2021 00:04:01.451,1.1746,1.17456,0.94,0.75
09.08.2021 00:04:01.704,1.1746200000000002,1.1745700000000001,2.06,1.5
09.08.2021 00:04:04.814,1.1746100000000002,1.1745700000000001,2.25,1.5
09.08.2021 00:04:04.916,1.17459,1.17455,0.19,1.5
09.08.2021 00:04:05.017,1.17458,1.17454,0.75,2.7
09.08.2021 00:04:05.832,1.1745700000000001,1.17454,2.44,0.75
09.08.2021 00:04:05.884,1.17454,1.1745200000000002,0.37,0.75
09.08.2021 00:04:05.986,1.17454,1.17449,1.31,1.5
09.08.2021 00:04:06.089,1.17453,1.17449,1.31,1.5
09.08.2021 00:04:06.739,1.1745100000000002,1.17449,0.37,1.5
09.08.2021 00:04:06.841,1.1745,1.17448,4.12,0.45
09.08.2021 00:04:06.891,1.17448,1.17446,2.06,0.75
09.08.2021 00:04:06.993,1.17448,1.17444,1.87,0.75
09.08.2021 00:04:08.045,1.17449,1.17445,0.75,0.75
09.08.2021 00:04:08.442,1.1745100000000002,1.1744700000000001,8.4,0.75
09.08.2021 00:04:08.544,1.17453,1.17449,0.37,0.75
09.08.2021 00:04:08.847,1.17454,1.17449,1.31,0.75
09.08.2021 00:04:09.195,1.1745100000000002,1.17449,0.75,0.75
09.08.2021 00:04:09.247,1.17449,1.17445,1.31,0.75
09.08.2021 00:04:09.785,1.1744700000000001,1.17445,2.81,0.75
09.08.2021 00:04:09.836,1.17443,1.17442,0.75,2.32
09.08.2021 00:04:09.990,1.17444,1.1744,1.87,0.75
09.08.2021 00:04:10.143,1.17443,1.1744,1.12,0.75
09.08.2021 00:04:12.447,1.17442,1.1744,0.75,0.75
09.08.2021 00:04:12.549,1.17439,1.17438,6.94,1.2
09.08.2021 00:04:12.650,1.17439,1.17435,2.06,0.75
09.08.2021 00:04:13.700,1.1744100000000002,1.17438,0.75,0.75
09.08.2021 00:04:13.802,1.17442,1.17439,0.75,0.75
09.08.2021 00:04:14.253,1.17442,1.1744,3.56,0.75
09.08.2021 00:04:20.355,1.1744100000000002,1.17439,0.19,0.75
09.08.2021 00:04:20.457,1.1744,1.1743700000000001,1.69,0.75
09.08.2021 00:04:20.559,1.1744,1.17436,3.19,0.75
09.08.2021 00:04:22.555,1.1744100000000002,1.1743700000000001,3.19,0.75
09.08.2021 00:04:22.683,1.1744100000000002,1.17438,1.69,0.75
09.08.2021 00:04:25.030,1.17442,1.17438,1.5,0.75
09.08.2021 00:04:26.527,1.1744100000000002,1.17438,0.37,0.75
09.08.2021 00:04:26.578,1.1744,1.17436,4.31,1.95
09.08.2021 00:04:26.679,1.17439,1.17436,1.31,1.95
09.08.2021 00:04:26.780,1.17438,1.17436,0.19,0.75
09.08.2021 00:04:26.881,1.17439,1.17436,0.56,0.75
09.08.2021 00:04:27.945,1.17438,1.17435,0.94,0.75
09.08.2021 00:04:29.174,1.17439,1.17435,2.44,0.75
09.08.2021 00:04:34.821,1.17438,1.17436,0.75,0.75
09.08.2021 00:04:34.872,1.1744,1.17436,4.31,0.75
09.08.2021 00:04:35.075,1.1744100000000002,1.17436,2.81,0.75
09.08.2021 00:04:43.853,1.17442,1.17438,0.19,0.75
09.08.2021 00:04:45.582,1.1744,1.17436,2.44,1.95
09.08.2021 00:04:45.684,1.17439,1.17436,1.31,1.2
09.08.2021 00:04:45.785,1.17438,1.17435,0.19,0.75
09.08.2021 00:04:47.454,1.17439,1.17435,0.19,0.75
09.08.2021 00:04:48.360,1.1744,1.17435,4.31,0.75
09.08.2021 00:04:48.512,1.17439,1.1743700000000001,1.69,0.75
09.08.2021 00:04:48.613,1.1744100000000002,1.1743700000000001,1.69,0.75
09.08.2021 00:04:50.957,1.1744100000000002,1.17436,2.44,0.75
09.08.2021 00:04:51.058,1.1744,1.17439,0.19,0.75
09.08.2021 00:04:53.588,1.1744100000000002,1.1743700000000001,2.44,0.75
09.08.2021 00:04:54.627,1.17442,1.1743700000000001,2.81,0.75
09.08.2021 00:04:54.729,1.1744100000000002,1.1743700000000001,0.19,0.75
09.08.2021 00:04:54.982,1.17442,1.17438,0.94,0.75
09.08.2021 00:04:55.083,1.17443,1.17438,2.06,0.75
09.08.2021 00:04:59.599,1.1744,1.1743700000000001,0.75,1.12
09.08.2021 00:05:00.761,1.17438,1.17435,0.75,9.37
09.08.2021 00:05:00.913,1.1743700000000001,1.17434,0.75,1.95
09.08.2021 00:05:01.504,1.17436,1.1743299999999999,0.75,4.39
09.08.2021 00:05:02.223,1.1743700000000001,1.17434,0.75,1.12
09.08.2021 00:05:02.375,1.1743700000000001,1.17436,0.75,0.75
09.08.2021 00:05:04.282,1.1743700000000001,1.17434,0.75,0.75
09.08.2021 00:05:05.826,1.17436,1.17434,0.75,0.75
09.08.2021 00:05:05.927,1.17436,1.1743299999999999,0.75,0.67
09.08.2021 00:05:05.978,1.17438,1.1743299999999999,0.56,0.67
09.08.2021 00:05:06.234,1.17435,1.17432,0.75,1.04
09.08.2021 00:05:06.692,1.17436,1.1743100000000002,0.37,0.75
09.08.2021 00:05:06.844,1.1743299999999999,1.1743100000000002,0.75,0.75
09.08.2021 00:05:07.046,1.17434,1.1743100000000002,0.75,0.75
09.08.2021 00:05:07.463,1.17435,1.1743100000000002,0.75,2.25
09.08.2021 00:05:07.564,1.17434,1.1743100000000002,0.75,3
09.08.2021 00:05:08.415,1.17434,1.1743100000000002,0.75,1.12
09.08.2021 00:05:11.454,1.17439,1.17436,11.4,0.75
09.08.2021 00:05:11.556,1.1743700000000001,1.17435,0.75,0.75
09.08.2021 00:05:11.659,1.17436,1.17434,0.75,0.75
09.08.2021 00:05:11.761,1.17439,1.17436,0.75,2.62
09.08.2021 00:05:11.863,1.1743700000000001,1.17435,0.75,0.75
09.08.2021 00:05:12.066,1.17438,1.17435,0.75,1.12
09.08.2021 00:05:14.022,1.1743700000000001,1.17434,0.75,0.75
09.08.2021 00:05:16.227,1.17438,1.17436,0.75,0.75
09.08.2021 00:05:16.329,1.1744,1.1743700000000001,0.75,0.37
09.08.2021 00:05:16.430,1.17439,1.1743700000000001,0.75,0.37
09.08.2021 00:05:18.306,1.1743700000000001,1.17435,0.75,0.75
09.08.2021 00:05:18.407,1.17438,1.17434,0.94,1.2
09.08.2021 00:05:18.508,1.17435,1.1743299999999999,0.75,1.12
09.08.2021 00:05:22.105,1.17439,1.17436,0.75,1.5
09.08.2021 00:05:22.210,1.1744,1.1743700000000001,0.75,0.37
09.08.2021 00:05:22.642,1.17439,1.1743700000000001,0.75,0.37
09.08.2021 00:05:24.929,1.1744,1.1743700000000001,0.75,0.37
09.08.2021 00:05:25.806,1.17439,1.1743700000000001,0.75,0.37
09.08.2021 00:05:26.160,1.17438,1.17435,0.75,0.75
09.08.2021 00:05:26.211,1.17436,1.17434,0.75,0.75
09.08.2021 00:05:29.132,1.17439,1.17436,0.75,1.5
09.08.2021 00:05:29.337,1.17439,1.1743700000000001,0.75,0.75
09.08.2021 00:05:30.299,1.17439,1.17436,0.75,3.37
09.08.2021 00:05:31.875,1.17439,1.1743700000000001,0.75,0.37
09.08.2021 00:05:40.774,1.17439,1.17436,0.75,1.12
09.08.2021 00:05:49.726,1.1744,1.1743700000000001,0.75,1.12
09.08.2021 00:05:51.389,1.17445,1.17443,0.75,1.12
09.08.2021 00:05:51.492,1.17446,1.17443,0.75,0.75
09.08.2021 00:05:52.483,1.17445,1.17443,0.75,0.75
09.08.2021 00:05:59.509,1.17444,1.1744100000000002,0.75,1.5
09.08.2021 00:05:59.611,1.17443,1.1744100000000002,0.75,0.75
09.08.2021 00:05:59.713,1.17443,1.1744,0.75,0.75
09.08.2021 00:05:59.814,1.17442,1.1744,0.75,5.25
09.08.2021 00:06:06.995,1.17442,1.17439,0.75,3.75
09.08.2021 00:06:28.620,1.17444,1.1744100000000002,0.75,3
09.08.2021 00:06:28.721,1.17446,1.17443,0.75,0.75
09.08.2021 00:06:29.407,1.1744700000000001,1.17443,0.75,3.56
09.08.2021 00:06:47.897,1.1744700000000001,1.17444,0.75,0.37
09.08.2021 00:06:47.998,1.17446,1.17443,0.75,2.06
09.08.2021 00:06:56.716,1.17444,1.17442,0.75,0.37
09.08.2021 00:06:56.817,1.17445,1.17442,0.75,0.37
09.08.2021 00:06:57.282,1.17445,1.17444,0.75,0.75
09.08.2021 00:06:57.383,1.1744700000000001,1.17443,0.75,1.69
09.08.2021 00:06:57.485,1.1744700000000001,1.17444,0.75,1.5
09.08.2021 00:06:59.895,1.17449,1.17448,0.75,0.37
09.08.2021 00:07:00.047,1.1745100000000002,1.17448,0.75,0.75
09.08.2021 00:07:04.633,1.1745,1.17448,0.75,3
09.08.2021 00:07:05.616,1.17448,1.17445,0.75,0.75
09.08.2021 00:07:05.717,1.17448,1.17444,0.75,4.5
09.08.2021 00:07:08.776,1.17444,1.17442,0.75,0.75
09.08.2021 00:07:08.877,1.17443,1.1744,0.75,3.45
09.08.2021 00:07:08.979,1.17443,1.17439,0.75,11.62
09.08.2021 00:07:09.483,1.17443,1.1744,0.75,0.75
09.08.2021 00:07:09.586,1.17444,1.1744,0.75,4.12
09.08.2021 00:07:10.546,1.17444,1.17439,0.75,4.12
09.08.2021 00:07:10.959,1.17443,1.17439,0.75,4.87
09.08.2021 00:07:15.406,1.17445,1.17442,0.75,0.37
09.08.2021 00:07:15.507,1.1744700000000001,1.17443,0.75,0.75
09.08.2021 00:07:17.736,1.17443,1.1744100000000002,0.75,3.56
09.08.2021 00:07:17.837,1.17443,1.1744,0.75,0.75
09.08.2021 00:07:17.939,1.17443,1.17439,0.75,1.87
09.08.2021 00:07:20.609,1.17443,1.17438,0.75,3.56
09.08.2021 00:07:25.842,1.17443,1.17439,0.75,3.19
09.08.2021 00:07:25.943,1.17444,1.1744100000000002,0.75,0.37
09.08.2021 00:07:26.045,1.17444,1.1744,0.75,1.5
09.08.2021 00:07:26.374,1.17446,1.17442,0.75,1.5
09.08.2021 00:07:26.475,1.1744700000000001,1.17443,0.75,0.75
09.08.2021 00:07:26.997,1.17446,1.17443,0.75,0.75
09.08.2021 00:07:27.048,1.17444,1.1744,0.75,3.6
09.08.2021 00:07:30.344,1.17443,1.17439,0.75,0.75
09.08.2021 00:07:39.502,1.17445,1.17442,0.75,1.5
09.08.2021 00:07:39.553,1.17446,1.17444,8.25,1.5
09.08.2021 00:07:42.213,1.17445,1.17443,0.75,2.62
09.08.2021 00:07:47.232,1.1744700000000001,1.17443,0.75,0.75
09.08.2021 00:07:51.334,1.17446,1.17442,0.75,2.25
09.08.2021 00:07:51.495,1.17444,1.1744100000000002,0.75,0.75
09.08.2021 00:07:51.597,1.17443,1.17439,0.75,10.69
09.08.2021 00:07:53.777,1.17442,1.17438,0.75,2.25
09.08.2021 00:08:00.067,1.1744,1.17436,0.75,3.94
09.08.2021 00:08:02.606,1.1744,1.17438,0.75,2.25
09.08.2021 00:08:05.710,1.17442,1.17438,0.75,0.75
09.08.2021 00:08:05.960,1.17443,1.1744,0.75,0.75
09.08.2021 00:08:06.011,1.17445,1.1744100000000002,0.75,1.12
09.08.2021 00:08:12.259,1.17442,1.1744100000000002,0.75,0.75
09.08.2021 00:08:12.513,1.17443,1.17439,0.75,0.75
09.08.2021 00:08:13.265,1.17443,1.1744100000000002,0.75,0.75
09.08.2021 00:08:13.367,1.17443,1.17439,0.75,0.75
09.08.2021 00:08:13.519,1.17443,1.1744,0.75,0.75
09.08.2021 00:08:13.621,1.17444,1.1744,0.75,2.25
09.08.2021 00:08:15.162,1.17445,1.1744,0.75,1.87
09.08.2021 00:08:19.491,1.17444,1.1744,0.75,1.87
09.08.2021 00:08:20.437,1.17444,1.1744100000000002,0.75,1.12
09.08.2021 00:08:20.488,1.17446,1.17442,0.75,1.87
09.08.2021 00:08:22.405,1.1744700000000001,1.17443,0.75,0.75
09.08.2021 00:08:24.784,1.17449,1.17445,0.75,1.5
09.08.2021 00:08:24.936,1.1745,1.1744700000000001,0.94,1.5
09.08.2021 00:08:26.036,1.1745100000000002,1.1744700000000001,0.75,0.75
09.08.2021 00:08:30.984,1.17449,1.17445,0.75,0.75
09.08.2021 00:08:31.086,1.17448,1.17444,0.75,0.75
09.08.2021 00:08:31.187,1.1744700000000001,1.17443,0.75,0.75
09.08.2021 00:08:32.853,1.17448,1.17444,0.75,0.75
09.08.2021 00:08:35.862,1.17449,1.1744700000000001,0.75,0.75
09.08.2021 00:08:35.964,1.17453,1.17448,2.51,0.75
09.08.2021 00:08:36.065,1.1745200000000002,1.1745,0.75,1.12
09.08.2021 00:08:36.116,1.17455,1.1745,1.69,0.75
09.08.2021 00:08:36.217,1.17455,1.1745100000000002,0.75,0.75
09.08.2021 00:08:36.370,1.1745700000000001,1.1745200000000002,2.81,1.5
09.08.2021 00:08:36.471,1.1745700000000001,1.17453,0.75,0.75
09.08.2021 00:08:37.332,1.17454,1.1745,0.75,1.87
09.08.2021 00:08:38.244,1.17455,1.1745100000000002,0.94,0.75
09.08.2021 00:08:38.838,1.1745700000000001,1.17453,0.75,0.75
09.08.2021 00:08:40.557,1.17456,1.1745200000000002,0.94,0.75
09.08.2021 00:08:40.861,1.17454,1.1745,0.75,1.5
09.08.2021 00:08:41.114,1.17453,1.17449,0.75,1.87
09.08.2021 00:08:43.972,1.17454,1.1745,0.75,1.12
09.08.2021 00:08:44.073,1.17455,1.1745100000000002,0.75,0.75
09.08.2021 00:08:44.225,1.17455,1.1745200000000002,0.75,0.75
09.08.2021 00:08:44.276,1.1745700000000001,1.17453,0.75,1.5
09.08.2021 00:08:46.817,1.17459,1.17454,1.69,1.5
09.08.2021 00:08:48.641,1.17458,1.17455,1.12,0.75
09.08.2021 00:08:48.743,1.17458,1.17456,1.69,1.5
09.08.2021 00:08:48.844,1.17458,1.17455,0.75,0.75
09.08.2021 00:08:52.606,1.17458,1.17454,0.75,1.5
09.08.2021 00:08:52.933,1.17456,1.17454,0.75,1.5
09.08.2021 00:08:54.125,1.17456,1.17453,0.75,0.75
09.08.2021 00:08:54.227,1.17454,1.1745,0.75,3.82
09.08.2021 00:08:54.329,1.17453,1.17449,0.75,0.75
09.08.2021 00:08:55.919,1.1745200000000002,1.17448,0.75,1.5
09.08.2021 00:08:56.620,1.1745100000000002,1.1744700000000001,0.75,1.5
09.08.2021 00:08:56.721,1.1745200000000002,1.17448,0.75,1.5
09.08.2021 00:08:59.061,1.17453,1.17449,0.75,0.75
09.08.2021 00:08:59.263,1.1745200000000002,1.17448,0.75,3
09.08.2021 00:09:01.410,1.17453,1.17448,0.94,0.75
09.08.2021 00:09:01.562,1.17453,1.17449,0.75,0.75
09.08.2021 00:09:01.766,1.17454,1.1745,1.31,0.75
09.08.2021 00:09:02.172,1.17453,1.17449,0.75,0.75
09.08.2021 00:09:02.644,1.17454,1.1745,0.94,0.75
09.08.2021 00:09:03.789,1.17454,1.1745100000000002,0.19,0.75
09.08.2021 00:09:03.891,1.17455,1.1745100000000002,2.06,0.75
09.08.2021 00:09:05.557,1.17454,1.1745100000000002,0.19,0.75
09.08.2021 00:09:06.142,1.17453,1.17449,0.75,1.5
09.08.2021 00:09:10.440,1.17454,1.1745100000000002,0.19,0.75
09.08.2021 00:09:11.007,1.17455,1.1745100000000002,1.87,0.75
09.08.2021 00:09:11.057,1.17454,1.17449,1.12,1.5
09.08.2021 00:09:11.209,1.17453,1.17449,0.75,1.5
09.08.2021 00:09:11.805,1.17454,1.1745,2.06,0.75
09.08.2021 00:09:11.906,1.17454,1.1745100000000002,0.19,0.75
09.08.2021 00:09:12.008,1.17453,1.1745100000000002,2.44,0.75
09.08.2021 00:09:12.261,1.17454,1.17449,1.31,1.5
09.08.2021 00:09:13.286,1.1745200000000002,1.1745,0.37,0.75
09.08.2021 00:09:14.461,1.17454,1.17449,2.06,1.5
09.08.2021 00:09:14.563,1.17454,1.1745,0.56,0.75
09.08.2021 00:09:20.123,1.17455,1.1745200000000002,0.75,0.37
09.08.2021 00:09:20.173,1.1745700000000001,1.17453,0.75,0.75
09.08.2021 00:09:24.316,1.1745700000000001,1.17454,1.12,0.75
09.08.2021 00:09:26.042,1.17455,1.1745100000000002,1.5,0.75
09.08.2021 00:09:29.390,1.1745700000000001,1.17453,1.5,0.75
09.08.2021 00:09:37.553,1.17458,1.17454,0.75,0.75
09.08.2021 00:09:37.655,1.1746,1.17455,1.5,0.75
09.08.2021 00:09:37.980,1.1746,1.17456,0.75,0.75
09.08.2021 00:09:38.237,1.17459,1.17455,0.75,0.75
09.08.2021 00:09:50.534,1.1745700000000001,1.17454,0.75,1.12
09.08.2021 00:09:52.893,1.17458,1.17454,0.75,0.75
09.08.2021 00:10:00.186,1.17459,1.17454,1.5,2.06
09.08.2021 00:10:00.288,1.17459,1.17455,0.75,1.31
09.08.2021 00:10:00.339,1.17463,1.1746100000000002,1.12,5.62
09.08.2021 00:10:00.440,1.1746400000000001,1.1746200000000002,8.4,2.44
09.08.2021 00:10:00.491,1.17466,1.17463,0.45,0.94
09.08.2021 00:10:00.593,1.17468,1.1746400000000001,0.75,0.75
09.08.2021 00:10:00.896,1.17467,1.1746400000000001,0.75,0.75
09.08.2021 00:10:01.484,1.17467,1.17463,0.75,0.75
09.08.2021 00:10:09.330,1.17467,1.17465,1.87,0.75
09.08.2021 00:10:09.431,1.17469,1.17465,2.25,0.75
09.08.2021 00:10:09.533,1.1747,1.17466,2.25,0.75
09.08.2021 00:10:09.584,1.1747100000000001,1.17468,0.45,0.75
09.08.2021 00:10:09.635,1.1747200000000002,1.1747,9.94,0.75
09.08.2021 00:10:15.314,1.1747400000000001,1.17469,1.87,0.75
09.08.2021 00:10:18.493,1.17475,1.1747200000000002,0.37,1.12
09.08.2021 00:10:18.595,1.17477,1.17473,10.35,1.12
09.08.2021 00:10:18.697,1.17478,1.1747400000000001,0.75,0.75
09.08.2021 00:10:21.322,1.17479,1.17475,0.75,0.75
09.08.2021 00:10:22.419,1.1748,1.17476,1.5,0.75
09.08.2021 00:10:22.571,1.17479,1.17478,0.75,0.37
09.08.2021 00:10:22.622,1.17483,1.17479,1.5,0.75
09.08.2021 00:10:27.008,1.1748100000000001,1.17477,2.62,0.75
09.08.2021 00:10:27.109,1.1748100000000001,1.17476,1.87,0.94
09.08.2021 00:10:27.210,1.1748100000000001,1.17477,0.75,0.75
09.08.2021 00:10:31.411,1.1748100000000001,1.17476,0.75,1.31
09.08.2021 00:10:33.717,1.1748,1.17475,1.5,2.44
09.08.2021 00:10:33.819,1.1748200000000002,1.17478,0.75,0.75
09.08.2021 00:10:33.920,1.17483,1.17479,1.5,0.75
09.08.2021 00:10:34.173,1.1748,1.17478,0.75,0.75
09.08.2021 00:10:34.578,1.1748,1.17476,0.75,0.75
09.08.2021 00:10:41.695,1.17479,1.17475,1.5,1.5
09.08.2021 00:10:41.796,1.17478,1.17475,0.75,0.75
09.08.2021 00:10:42.630,1.17477,1.17475,0.75,1.31
09.08.2021 00:10:42.731,1.17479,1.17475,0.75,0.94
09.08.2021 00:10:42.833,1.1748,1.17476,0.75,0.75
09.08.2021 00:10:44.384,1.17479,1.17475,0.75,1.69
09.08.2021 00:10:58.508,1.1748,1.17476,0.75,3.56
09.08.2021 00:10:58.609,1.1748200000000002,1.17478,0.75,0.75
09.08.2021 00:10:59.383,1.1748100000000001,1.17477,0.75,2.06
09.08.2021 00:11:05.387,1.1748,1.17477,1.5,1.12
09.08.2021 00:11:05.489,1.17476,1.17473,2.25,10.8
09.08.2021 00:11:05.591,1.1747400000000001,1.17473,2.81,8.25
09.08.2021 00:11:05.642,1.17473,1.17469,0.75,0.75
09.08.2021 00:11:05.743,1.1747200000000002,1.17467,1.69,0.75
09.08.2021 00:11:06.482,1.1747,1.17466,0.75,1.87
09.08.2021 00:11:07.617,1.1747100000000001,1.17466,10.65,0.75
09.08.2021 00:11:07.719,1.1747100000000001,1.17468,2.25,0.37
09.08.2021 00:11:09.608,1.1747100000000001,1.17466,1.5,1.5
09.08.2021 00:11:11.384,1.1747100000000001,1.17467,2.25,0.37
09.08.2021 00:11:13.547,1.1747100000000001,1.17466,2.25,1.12
09.08.2021 00:11:14.334,1.1747200000000002,1.17468,0.75,0.75
09.08.2021 00:11:17.412,1.17473,1.17468,4.31,0.75
09.08.2021 00:11:20.809,1.1747200000000002,1.17468,0.75,0.75
09.08.2021 00:11:24.516,1.1747100000000001,1.17468,1.5,0.75
09.08.2021 00:11:24.567,1.1747,1.17465,0.75,1.87
09.08.2021 00:11:25.690,1.17469,1.17465,0.75,0.75
09.08.2021 00:11:42.612,1.17468,1.17465,1.12,0.75
09.08.2021 00:11:42.663,1.17467,1.17463,1.5,0.75
09.08.2021 00:11:43.932,1.17467,1.1746200000000002,1.5,0.75
09.08.2021 00:11:47.487,1.17465,1.1746100000000002,0.75,0.75
09.08.2021 00:11:47.856,1.17467,1.17463,1.95,0.75
09.08.2021 00:11:48.110,1.17466,1.1746200000000002,0.75,0.75
09.08.2021 00:11:57.225,1.17465,1.1746100000000002,0.75,1.87
09.08.2021 00:11:58.044,1.17467,1.1746400000000001,0.45,0.75
09.08.2021 00:11:58.145,1.17467,1.17465,0.45,0.75
09.08.2021 00:11:58.196,1.17469,1.17465,1.5,0.75
09.08.2021 00:11:59.531,1.17469,1.1746400000000001,1.5,0.75
09.08.2021 00:12:05.653,1.17468,1.1746400000000001,0.75,0.75
09.08.2021 00:12:06.220,1.17466,1.1746200000000002,0.75,0.75
09.08.2021 00:12:06.322,1.1746400000000001,1.1746100000000002,0.75,0.75
09.08.2021 00:12:06.423,1.1746400000000001,1.1746,0.75,2.06
09.08.2021 00:12:06.525,1.17465,1.1746,0.75,2.06
09.08.2021 00:12:20.064,1.17465,1.1746100000000002,0.75,0.75
09.08.2021 00:12:20.461,1.1746400000000001,1.1746100000000002,0.75,2.81
09.08.2021 00:12:22.261,1.17465,1.1746100000000002,0.75,0.75
09.08.2021 00:12:26.031,1.1746400000000001,1.1746100000000002,1.5,2.25
09.08.2021 00:12:26.133,1.1746400000000001,1.1746,0.75,2.25
09.08.2021 00:12:39.827,1.1746400000000001,1.17459,2.7,1.87
09.08.2021 00:12:41.005,1.1746400000000001,1.1746,2.25,0.75
09.08.2021 00:12:44.686,1.1746400000000001,1.1746100000000002,0.75,0.94
09.08.2021 00:12:44.737,1.17466,1.1746200000000002,1.95,0.19
09.08.2021 00:12:44.990,1.17467,1.17463,0.75,0.75
09.08.2021 00:12:49.118,1.17465,1.1746100000000002,0.75,1.5
09.08.2021 00:12:51.290,1.1746400000000001,1.1746100000000002,0.19,0.75
09.08.2021 00:12:51.442,1.1746400000000001,1.1746200000000002,3.64,0.75
09.08.2021 00:12:52.021,1.1746400000000001,1.1746100000000002,0.75,0.75
09.08.2021 00:12:52.122,1.17465,1.1746100000000002,4.76,0.75
09.08.2021 00:12:52.233,1.1746400000000001,1.1746100000000002,0.75,0.75
09.08.2021 00:12:57.350,1.1746400000000001,1.1746,1.2,1.5
09.08.2021 00:12:59.234,1.1746400000000001,1.1746100000000002,0.75,0.75
09.08.2021 00:13:00.217,1.1746400000000001,1.1746,1.5,1.5
09.08.2021 00:13:00.318,1.17463,1.17459,1.5,0.75
09.08.2021 00:13:03.952,1.1746200000000002,1.17458,0.75,0.75
09.08.2021 00:13:04.104,1.1746100000000002,1.1745700000000001,0.75,2.62
09.08.2021 00:13:04.205,1.1746200000000002,1.1745700000000001,1.5,3.56
09.08.2021 00:13:10.553,1.1746100000000002,1.1745700000000001,0.75,1.5
09.08.2021 00:13:11.216,1.17458,1.17456,0.75,3.56
09.08.2021 00:13:11.419,1.17458,1.17455,0.75,0.75
09.08.2021 00:13:11.570,1.17458,1.17454,0.75,1.5
09.08.2021 00:13:30.655,1.17459,1.17455,1.5,1.31
09.08.2021 00:13:35.565,1.1746100000000002,1.17456,0.75,0.75
09.08.2021 00:13:48.331,1.1746200000000002,1.17458,0.75,0.75
09.08.2021 00:13:48.433,1.1746200000000002,1.17459,2.62,0.75
09.08.2021 00:13:49.046,1.1746200000000002,1.1745700000000001,1.5,0.75
09.08.2021 00:13:49.197,1.1746,1.17456,0.75,1.87
09.08.2021 00:13:56.792,1.17459,1.17455,0.75,0.94
09.08.2021 00:13:57.252,1.17459,1.17454,0.75,2.06
09.08.2021 00:14:13.843,1.1745700000000001,1.17453,1.5,0.1
09.08.2021 00:14:19.772,1.17456,1.1745200000000002,0.75,2.25
09.08.2021 00:14:19.873,1.17455,1.1745100000000002,0.75,1.5
09.08.2021 00:14:29.687,1.17456,1.1745200000000002,0.75,0.75
09.08.2021 00:14:42.826,1.17456,1.17454,0.75,0.75
09.08.2021 00:14:43.787,1.1745700000000001,1.1745200000000002,2.25,3.19
09.08.2021 00:14:53.666,1.17455,1.17453,1.87,1.69
09.08.2021 00:14:53.769,1.17455,1.1745100000000002,2.25,1.69
09.08.2021 00:14:53.921,1.17454,1.1745,0.75,2.81
09.08.2021 00:14:55.239,1.17453,1.1745200000000002,0.75,0.19
09.08.2021 00:14:55.340,1.17455,1.1745100000000002,1.5,2.81
09.08.2021 00:15:01.066,1.1745700000000001,1.17453,1.5,0.75
09.08.2021 00:15:07.229,1.17455,1.1745100000000002,0.75,0.1
09.08.2021 00:15:07.331,1.17454,1.1745,0.75,2.44
09.08.2021 00:15:07.484,1.17453,1.17448,0.75,4.31
09.08.2021 00:15:15.446,1.1745200000000002,1.1745,0.75,1.69
09.08.2021 00:15:15.597,1.17454,1.17449,3.37,1.69
09.08.2021 00:15:19.582,1.17453,1.17449,0.75,0.75
09.08.2021 00:15:19.684,1.17453,1.17448,0.75,1.5
09.08.2021 00:15:19.786,1.1745200000000002,1.17448,0.75,1.5
09.08.2021 00:15:20.842,1.17453,1.17449,0.75,0.75
09.08.2021 00:15:23.761,1.1745200000000002,1.17448,0.75,0.75
09.08.2021 00:15:26.914,1.17453,1.17448,0.75,0.75
09.08.2021 00:15:27.016,1.17454,1.17449,4.12,0.94
09.08.2021 00:15:27.118,1.1745200000000002,1.1745,0.75,0.75
09.08.2021 00:15:30.236,1.1745200000000002,1.17448,1.5,0.75
09.08.2021 00:15:30.743,1.1745,1.1744700000000001,1.12,0.37
09.08.2021 00:15:30.794,1.1745,1.17445,1.5,3.86
09.08.2021 00:15:34.454,1.17449,1.17445,0.75,0.75
09.08.2021 00:15:40.585,1.1745,1.1744700000000001,0.75,0.19
09.08.2021 00:15:40.687,1.1745,1.17446,0.75,2.14
09.08.2021 00:15:40.789,1.1745100000000002,1.17446,0.75,2.14
09.08.2021 00:15:41.003,1.1745100000000002,1.17448,0.75,0.94
09.08.2021 00:15:42.811,1.1745100000000002,1.1744700000000001,0.75,2.81
09.08.2021 00:15:42.913,1.17449,1.17445,0.75,1.69
09.08.2021 00:15:47.051,1.17449,1.17444,1.5,3.19
09.08.2021 00:15:47.154,1.1745,1.17446,1.5,0.19
09.08.2021 00:15:48.873,1.17448,1.17444,0.75,1.69
09.08.2021 00:15:49.025,1.1744700000000001,1.17444,0.75,0.19
09.08.2021 00:15:49.126,1.1744700000000001,1.17443,0.75,2.44
09.08.2021 00:16:00.746,1.1744700000000001,1.17442,0.75,3.19
09.08.2021 00:16:01.498,1.1744700000000001,1.17443,1.5,0.75
09.08.2021 00:16:01.599,1.17443,1.1744100000000002,0.75,1.5
09.08.2021 00:16:01.802,1.17442,1.17438,0.75,1.12
09.08.2021 00:16:02.156,1.17443,1.1744,1.5,0.37
09.08.2021 00:16:02.257,1.17444,1.1744,2.62,0.37
09.08.2021 00:16:03.074,1.17445,1.1744100000000002,0.75,0.19
09.08.2021 00:16:03.176,1.17445,1.17442,0.75,0.37
09.08.2021 00:16:03.378,1.17445,1.1744,1.12,2.66
09.08.2021 00:16:03.581,1.17444,1.1744,0.37,1.5
09.08.2021 00:16:03.733,1.17445,1.1744,3,1.31
09.08.2021 00:16:03.885,1.17445,1.1744100000000002,2.25,0.19
09.08.2021 00:16:03.986,1.17445,1.17442,1.5,0.37
09.08.2021 00:16:04.349,1.17443,1.17439,0.75,2.1
09.08.2021 00:16:04.451,1.1744100000000002,1.1743700000000001,0.75,0.75
09.08.2021 00:16:04.552,1.1744,1.17436,1.87,0.75
09.08.2021 00:16:05.561,1.17439,1.17436,0.37,0.75
09.08.2021 00:16:07.515,1.17439,1.17435,1.87,0.75
09.08.2021 00:16:08.078,1.17438,1.17435,0.75,0.75
09.08.2021 00:16:08.180,1.17435,1.1743100000000002,0.75,1.35
09.08.2021 00:16:08.772,1.17434,1.1743000000000001,0.75,1.12
09.08.2021 00:16:15.061,1.17436,1.17432,2.25,0.75
09.08.2021 00:16:15.213,1.1743700000000001,1.1743299999999999,0.75,0.75
09.08.2021 00:16:16.391,1.17436,1.1743299999999999,0.75,0.37
09.08.2021 00:16:16.493,1.17435,1.1743100000000002,0.75,1.69
09.08.2021 00:16:16.958,1.17436,1.17432,0.75,1.87
09.08.2021 00:16:17.060,1.17435,1.17432,0.75,1.69
09.08.2021 00:16:18.436,1.17434,1.1743100000000002,0.75,0.19
09.08.2021 00:16:18.613,1.17435,1.1743000000000001,0.75,1.76
09.08.2021 00:16:19.639,1.17434,1.1743000000000001,0.75,1.39
09.08.2021 00:16:25.163,1.17435,1.1743100000000002,1.5,3.56
09.08.2021 00:16:25.618,1.17434,1.1743000000000001,0.75,1.31
09.08.2021 00:16:27.380,1.1743100000000002,1.17429,0.37,2.44
09.08.2021 00:16:27.430,1.1743299999999999,1.17429,0.75,1.87
09.08.2021 00:16:27.532,1.1743299999999999,1.1743000000000001,0.75,0.56
09.08.2021 00:16:27.634,1.1743100000000002,1.17429,2.25,2.62
09.08.2021 00:16:27.938,1.17432,1.17429,0.75,0.37
09.08.2021 00:16:28.040,1.1743100000000002,1.17429,0.75,0.37
09.08.2021 00:16:29.259,1.1743000000000001,1.17428,1.5,0.37
09.08.2021 00:16:29.310,1.17432,1.17428,1.5,1.12
09.08.2021 00:16:29.412,1.17432,1.17429,0.75,0.37
09.08.2021 00:16:29.514,1.1743299999999999,1.17429,1.5,0.37
09.08.2021 00:16:30.229,1.1743299999999999,1.1743000000000001,0.75,0.19
09.08.2021 00:16:30.447,1.1743299999999999,1.17429,0.75,4.76
09.08.2021 00:16:31.794,1.17434,1.1743000000000001,0.75,0.75
09.08.2021 00:16:32.599,1.17432,1.17429,0.94,0.37
09.08.2021 00:16:33.124,1.1743100000000002,1.17429,0.75,0.37
09.08.2021 00:16:33.225,1.17432,1.17429,0.75,0.37
09.08.2021 00:16:33.580,1.1743000000000001,1.17429,0.75,0.37
09.08.2021 00:16:35.642,1.17429,1.17426,0.75,0.75
09.08.2021 00:16:35.743,1.1743000000000001,1.17426,0.75,0.75
09.08.2021 00:16:39.501,1.1743000000000001,1.17429,0.75,0.37
09.08.2021 00:16:39.654,1.17432,1.17428,0.75,1.5
09.08.2021 00:16:39.949,1.1743100000000002,1.17429,0.75,0.37
09.08.2021 00:16:43.092,1.1743000000000001,1.17426,0.75,1.12
09.08.2021 00:16:43.194,1.1743000000000001,1.1742700000000001,0.75,6.75
09.08.2021 00:16:43.346,1.1743100000000002,1.17429,0.75,0.37
09.08.2021 00:16:44.345,1.1743100000000002,1.17428,1.69,0.37
09.08.2021 00:16:44.783,1.1743000000000001,1.17426,0.75,0.75
09.08.2021 00:16:46.032,1.17429,1.17425,0.75,9.19
09.08.2021 00:16:46.133,1.17429,1.17426,0.75,0.37
09.08.2021 00:16:46.386,1.17429,1.1742700000000001,0.75,0.37
09.08.2021 00:16:46.993,1.17429,1.17425,0.75,2.51
09.08.2021 00:16:47.095,1.1743000000000001,1.17426,0.75,0.75
09.08.2021 00:16:48.401,1.1743000000000001,1.17428,0.75,0.37
09.08.2021 00:16:49.509,1.1743100000000002,1.17428,5.89,0.37
09.08.2021 00:16:50.292,1.17429,1.1742700000000001,0.75,0.37
09.08.2021 00:16:50.546,1.1743000000000001,1.1742700000000001,0.75,0.37
09.08.2021 00:16:50.975,1.17429,1.1742700000000001,0.75,0.37
09.08.2021 00:16:51.076,1.17429,1.17426,0.75,0.37
09.08.2021 00:16:52.044,1.1743000000000001,1.17428,0.75,0.37
09.08.2021 00:16:52.523,1.1743000000000001,1.1742700000000001,0.75,0.37
09.08.2021 00:16:53.169,1.1743000000000001,1.17428,0.75,0.37
09.08.2021 00:16:54.102,1.1743000000000001,1.17426,0.94,0.75
09.08.2021 00:16:54.642,1.1743000000000001,1.1742700000000001,0.75,0.37
09.08.2021 00:16:55.146,1.1743000000000001,1.17428,0.75,0.37
09.08.2021 00:16:56.899,1.1743000000000001,1.1742700000000001,0.75,0.37
09.08.2021 00:16:58.065,1.17429,1.1742700000000001,0.75,0.37
09.08.2021 00:16:58.116,1.17429,1.17425,0.75,1.5
09.08.2021 00:16:58.718,1.17428,1.1742700000000001,1.12,0.37
09.08.2021 00:16:59.427,1.1743000000000001,1.17428,0.75,0.37
09.08.2021 00:17:00.126,1.1743000000000001,1.1742700000000001,0.75,0.37
09.08.2021 00:17:00.480,1.1743000000000001,1.17428,0.75,0.37
09.08.2021 00:17:00.581,1.1743100000000002,1.17428,1.12,0.37
09.08.2021 00:17:00.733,1.1743000000000001,1.17428,0.37,0.37
09.08.2021 00:17:00.834,1.1743100000000002,1.17428,3.26,0.37
09.08.2021 00:17:01.928,1.1743000000000001,1.17428,0.75,0.37
09.08.2021 00:17:02.155,1.1743000000000001,1.17428,4.76,0.37
09.08.2021 00:17:02.429,1.1743000000000001,1.17428,0.75,0.37
09.08.2021 00:17:03.928,1.1743000000000001,1.17426,0.75,0.75
09.08.2021 00:17:07.754,1.17428,1.17426,0.75,1.12
09.08.2021 00:17:12.940,1.1743000000000001,1.17425,2.7,0.75
09.08.2021 00:17:13.119,1.17429,1.17425,0.75,0.75
09.08.2021 00:17:29.456,1.17428,1.17425,0.75,0.37
09.08.2021 00:17:29.659,1.1742700000000001,1.17424,0.75,3
09.08.2021 00:17:30.057,1.17429,1.1742700000000001,0.75,0.37
09.08.2021 00:17:30.412,1.17428,1.17426,0.75,5.74
09.08.2021 00:17:33.637,1.17428,1.17425,0.75,2.51
09.08.2021 00:17:33.739,1.17429,1.1742700000000001,0.75,0.37
09.08.2021 00:17:33.843,1.17429,1.17426,0.75,2.14
09.08.2021 00:17:34.432,1.17428,1.17426,0.75,4.01
09.08.2021 00:17:34.613,1.1743000000000001,1.1742700000000001,0.75,0.37
09.08.2021 00:17:34.832,1.17429,1.17425,0.75,3.07
09.08.2021 00:17:35.136,1.17428,1.17426,0.75,0.45
09.08.2021 00:17:35.472,1.1742700000000001,1.17425,0.75,1.95
09.08.2021 00:17:35.574,1.1742700000000001,1.17425,0.75,1.5
09.08.2021 00:17:35.726,1.1742700000000001,1.17424,0.75,1.87
09.08.2021 00:17:35.934,1.17428,1.17424,0.75,1.87
09.08.2021 00:17:36.316,1.1742700000000001,1.17424,0.75,0.75
09.08.2021 00:17:36.946,1.17428,1.17424,0.75,1.12
09.08.2021 00:17:44.738,1.17428,1.17425,0.75,1.35
09.08.2021 00:17:45.092,1.17429,1.1742700000000001,0.75,0.37
09.08.2021 00:17:45.295,1.1743100000000002,1.1742700000000001,0.75,2.51
09.08.2021 00:17:45.700,1.1743000000000001,1.1742700000000001,0.75,2.25
09.08.2021 00:17:46.417,1.17429,1.1742700000000001,0.75,4.57
09.08.2021 00:17:46.536,1.17429,1.17426,0.75,3.82
09.08.2021 00:17:51.799,1.1743000000000001,1.17426,0.75,0.82
09.08.2021 00:17:55.277,1.1743000000000001,1.1742700000000001,0.75,0.37
09.08.2021 00:17:55.997,1.1743100000000002,1.1742700000000001,0.75,0.75
09.08.2021 00:17:56.317,1.1743000000000001,1.1742700000000001,0.75,0.37
09.08.2021 00:17:56.547,1.1743100000000002,1.1742700000000001,0.75,0.75
09.08.2021 00:17:56.755,1.1743000000000001,1.1742700000000001,0.75,1.31
09.08.2021 00:17:56.959,1.1743100000000002,1.1742700000000001,0.75,3
09.08.2021 00:17:57.061,1.1743100000000002,1.17428,0.75,0.75
09.08.2021 00:17:57.164,1.1743000000000001,1.1742700000000001,0.75,3.37
09.08.2021 00:17:57.418,1.1743100000000002,1.1742700000000001,0.75,2.32
09.08.2021 00:17:57.672,1.1743000000000001,1.1742700000000001,0.75,3.45
09.08.2021 00:17:57.774,1.1743000000000001,1.1742700000000001,0.75,3
09.08.2021 00:17:57.979,1.1743000000000001,1.1742700000000001,0.75,1.5
09.08.2021 00:17:58.732,1.1743100000000002,1.1742700000000001,0.75,3
09.08.2021 00:17:59.659,1.1743000000000001,1.1742700000000001,0.75,1.5
09.08.2021 00:18:00.138,1.1743100000000002,1.1742700000000001,0.75,1.87
09.08.2021 00:18:00.288,1.1743000000000001,1.1742700000000001,0.75,1.87
09.08.2021 00:18:04.013,1.1743299999999999,1.1743000000000001,10.65,4.87
09.08.2021 00:18:04.115,1.17434,1.1743000000000001,0.75,3.94
09.08.2021 00:18:04.216,1.1743299999999999,1.17429,0.75,0.75
09.08.2021 00:18:04.318,1.1743000000000001,1.1742700000000001,0.75,2.89
09.08.2021 00:18:05.052,1.1743000000000001,1.17426,0.75,4.39
09.08.2021 00:18:05.831,1.17429,1.17425,0.75,1.57
09.08.2021 00:18:05.932,1.17428,1.17425,0.75,1.57
09.08.2021 00:18:06.603,1.1742700000000001,1.17425,0.75,5.89
09.08.2021 00:18:06.755,1.1742700000000001,1.17424,0.75,3.82
09.08.2021 00:18:10.433,1.1742700000000001,1.17425,0.75,0.75
09.08.2021 00:18:11.557,1.1742700000000001,1.17424,0.75,3.45
09.08.2021 00:18:13.290,1.1742700000000001,1.17425,0.75,0.75
09.08.2021 00:18:16.619,1.17428,1.17425,0.75,0.75
09.08.2021 00:18:19.810,1.17429,1.17426,0.75,1.95
09.08.2021 00:18:20.704,1.17429,1.1742700000000001,0.75,0.37
09.08.2021 00:18:22.454,1.17429,1.17426,0.75,2.89
09.08.2021 00:18:22.556,1.17429,1.17428,0.75,0.37
09.08.2021 00:18:26.207,1.1743000000000001,1.17428,0.75,0.75
09.08.2021 00:18:27.570,1.1743000000000001,1.1742700000000001,0.75,0.37
09.08.2021 00:18:27.914,1.1743000000000001,1.17426,0.75,3.64
09.08.2021 00:18:29.218,1.1743000000000001,1.1742700000000001,0.75,0.37
09.08.2021 00:18:35.807,1.17429,1.1742700000000001,0.75,2.89
09.08.2021 00:18:39.312,1.17432,1.17429,0.75,1.5
09.08.2021 00:18:39.414,1.17434,1.17432,0.75,0.37
09.08.2021 00:18:39.465,1.1743299999999999,1.1743000000000001,1.69,0.75
09.08.2021 00:18:39.567,1.17434,1.1743100000000002,0.75,0.75
09.08.2021 00:18:39.618,1.17432,1.17429,0.94,0.75
09.08.2021 00:18:39.669,1.1743100000000002,1.1742700000000001,0.75,5.62
09.08.2021 00:18:39.821,1.17429,1.1742700000000001,0.75,1.12
09.08.2021 00:18:41.095,1.1743000000000001,1.1742700000000001,0.75,0.37
09.08.2021 00:18:41.209,1.1743000000000001,1.17428,0.75,0.75
09.08.2021 00:18:41.412,1.1743000000000001,1.1742700000000001,0.75,0.37
09.08.2021 00:18:44.084,1.1743000000000001,1.17428,0.75,3.82
09.08.2021 00:18:44.236,1.1743000000000001,1.17428,0.75,1.5
09.08.2021 00:18:54.492,1.1743000000000001,1.17426,0.75,2.44
09.08.2021 00:18:54.694,1.17429,1.1742700000000001,0.75,0.37
09.08.2021 00:18:54.795,1.1743000000000001,1.1742700000000001,0.75,0.37
09.08.2021 00:19:02.799,1.1743000000000001,1.17428,0.75,0.75
09.08.2021 00:19:02.851,1.17434,1.1743100000000002,8.4,0.75
09.08.2021 00:19:02.952,1.1743299999999999,1.1743100000000002,0.75,1.31
09.08.2021 00:19:03.004,1.17435,1.17432,7.5,2.44
09.08.2021 00:19:03.105,1.17436,1.17432,1.5,2.25
09.08.2021 00:19:05.847,1.1743299999999999,1.1743000000000001,0.75,1.12
09.08.2021 00:19:05.949,1.17432,1.1743000000000001,0.75,1.5
09.08.2021 00:19:06.758,1.17432,1.17428,0.75,2.51
09.08.2021 00:19:13.079,1.1743100000000002,1.1742700000000001,0.75,2.89
09.08.2021 00:19:24.274,1.17432,1.17428,0.75,0.75
09.08.2021 00:19:27.625,1.17432,1.1743000000000001,1.5,0.75
09.08.2021 00:19:27.676,1.17435,1.17432,8.4,0.37
09.08.2021 00:19:27.778,1.1743700000000001,1.1743299999999999,1.95,0.75
09.08.2021 00:19:28.133,1.17438,1.17434,2.25,1.69
09.08.2021 00:19:29.499,1.1743700000000001,1.17434,0.75,0.75
09.08.2021 00:19:29.854,1.17439,1.17435,2.25,0.75
09.08.2021 00:19:30.108,1.17438,1.17434,0.75,0.94
09.08.2021 00:19:36.735,1.1743700000000001,1.17436,0.75,0.75
09.08.2021 00:19:36.836,1.17439,1.17435,1.5,0.75
09.08.2021 00:19:46.190,1.1744,1.1743700000000001,0.75,0.37
09.08.2021 00:19:46.291,1.1744,1.17438,0.75,1.12
09.08.2021 00:19:46.393,1.17442,1.17438,0.75,0.75
09.08.2021 00:19:54.139,1.1744,1.17438,0.75,2.25
09.08.2021 00:19:54.694,1.1744100000000002,1.17438,0.75,0.75
09.08.2021 00:19:56.045,1.17442,1.17438,0.75,0.75
09.08.2021 00:19:57.236,1.17442,1.1744,0.75,1.57
09.08.2021 00:19:57.337,1.17444,1.1744,0.75,0.75
09.08.2021 00:19:58.613,1.17446,1.17442,1.5,1.12
09.08.2021 00:20:01.376,1.1744700000000001,1.17443,0.75,0.75
09.08.2021 00:20:01.579,1.17449,1.17445,3,0.75
09.08.2021 00:20:01.731,1.17449,1.17446,0.75,0.75
09.08.2021 00:20:02.034,1.17449,1.17445,0.75,1.12
09.08.2021 00:20:02.355,1.17448,1.17444,0.75,0.75
09.08.2021 00:20:02.456,1.1744700000000001,1.17443,0.75,1.57
09.08.2021 00:20:08.397,1.17448,1.17444,0.75,0.94
09.08.2021 00:20:15.315,1.17446,1.17444,0.75,1.2
09.08.2021 00:20:16.977,1.17448,1.17444,0.75,0.94
09.08.2021 00:20:17.078,1.17449,1.1744700000000001,0.75,0.37
09.08.2021 00:20:17.129,1.17449,1.17445,0.75,4.61
09.08.2021 00:20:17.230,1.1745,1.17446,0.75,3.45
09.08.2021 00:20:20.204,1.1745100000000002,1.1744700000000001,0.75,1.12
09.08.2021 00:20:26.803,1.1745200000000002,1.17448,0.75,0.75
09.08.2021 00:20:58.547,1.1745200000000002,1.1745,0.75,1.12
09.08.2021 00:20:58.598,1.17454,1.1745200000000002,0.75,0.37
09.08.2021 00:20:58.699,1.17455,1.1745200000000002,0.75,0.56
09.08.2021 00:20:58.851,1.17456,1.1745200000000002,0.75,1.39
09.08.2021 00:20:59.415,1.17456,1.17453,0.75,0.19
09.08.2021 00:21:03.315,1.1745700000000001,1.17453,0.75,0.94
09.08.2021 00:21:12.615,1.1745700000000001,1.17454,0.75,0.19
09.08.2021 00:21:14.694,1.17456,1.17454,0.75,0.19
09.08.2021 00:21:14.745,1.17455,1.1745200000000002,0.75,0.94
09.08.2021 00:21:14.847,1.1745200000000002,1.1745100000000002,0.75,2.14
09.08.2021 00:21:14.948,1.17453,1.17449,0.75,1.5
09.08.2021 00:21:27.961,1.17454,1.1745100000000002,0.75,0.19
09.08.2021 00:21:28.112,1.17454,1.1745,0.75,1.76
09.08.2021 00:21:28.517,1.17453,1.1745,0.75,0.94
09.08.2021 00:21:32.504,1.17455,1.1745,1.5,0.94
09.08.2021 00:21:32.606,1.17456,1.1745200000000002,1.5,2.06
09.08.2021 00:21:32.707,1.1745700000000001,1.17453,0.75,1.69
09.08.2021 00:21:32.809,1.1745700000000001,1.17454,3.45,2.44
09.08.2021 00:21:36.177,1.1745700000000001,1.17453,0.75,3.56
09.08.2021 00:21:41.898,1.17458,1.17454,1.5,0.75
09.08.2021 00:21:42.167,1.1745700000000001,1.17453,0.75,1.5
09.08.2021 00:21:42.450,1.17456,1.1745200000000002,0.75,2.06
09.08.2021 00:21:46.554,1.17455,1.1745100000000002,0.75,1.69
09.08.2021 00:21:49.077,1.17456,1.1745200000000002,1.5,1.31
09.08.2021 00:21:49.229,1.17456,1.17453,0.75,0.94
09.08.2021 00:21:49.380,1.17456,1.1745200000000002,0.75,2.81
09.08.2021 00:21:51.452,1.17454,1.1745100000000002,0.75,0.94
09.08.2021 00:21:51.553,1.17453,1.1745100000000002,0.75,0.75
09.08.2021 00:21:51.655,1.17453,1.17449,0.75,2.81
09.08.2021 00:21:59.090,1.1745200000000002,1.17448,0.75,1.5
09.08.2021 00:22:12.803,1.1745100000000002,1.1745,0.75,0.94
09.08.2021 00:22:12.905,1.1745200000000002,1.17448,0.75,2.44
09.08.2021 00:22:16.626,1.1745200000000002,1.1745,1.5,0.75
09.08.2021 00:22:22.217,1.17453,1.1745,0.75,0.75
09.08.2021 00:22:22.268,1.17456,1.1745200000000002,1.5,1.12
09.08.2021 00:22:22.369,1.1745700000000001,1.17453,0.75,1.69
09.08.2021 00:22:24.533,1.17456,1.1745200000000002,0.75,2.89
09.08.2021 00:22:24.634,1.1745700000000001,1.1745200000000002,0.75,2.14
09.08.2021 00:22:24.735,1.1745700000000001,1.17453,0.82,0.94
09.08.2021 00:22:28.151,1.1745700000000001,1.17454,0.75,0.94
09.08.2021 00:22:28.516,1.1745700000000001,1.17453,0.75,2.44
09.08.2021 00:22:32.675,1.17456,1.1745200000000002,0.75,2.44
09.08.2021 00:22:32.777,1.17455,1.1745100000000002,0.75,2.44
09.08.2021 00:22:39.739,1.17454,1.1745,0.75,1.69
09.08.2021 00:22:39.891,1.17453,1.17449,0.75,1.5
09.08.2021 00:22:45.710,1.17455,1.1745200000000002,1.5,0.37
09.08.2021 00:22:45.811,1.17456,1.1745200000000002,0.75,2.81
09.08.2021 00:22:45.912,1.1745700000000001,1.17453,1.5,2.44
09.08.2021 00:22:49.153,1.17458,1.17454,1.12,0.75
09.08.2021 00:22:49.767,1.17458,1.17455,0.37,0.75
09.08.2021 00:22:52.855,1.1746100000000002,1.1745700000000001,8.77,1.31
09.08.2021 00:22:57.354,1.1746200000000002,1.17458,2.25,0.75
09.08.2021 00:22:57.894,1.17463,1.17458,2.7,2.44
09.08.2021 00:22:57.996,1.17463,1.17459,1.12,0.94
09.08.2021 00:22:58.677,1.1746400000000001,1.1746,2.62,0.75
09.08.2021 00:22:58.829,1.17465,1.1746100000000002,1.5,1.5
09.08.2021 00:22:58.981,1.17466,1.1746200000000002,1.5,0.75
09.08.2021 00:23:03.828,1.17468,1.1746400000000001,2.62,0.75
09.08.2021 00:23:14.700,1.1746400000000001,1.1746200000000002,2.7,0.75
09.08.2021 00:23:17.251,1.1746400000000001,1.1746100000000002,1.5,0.75
09.08.2021 00:23:18.331,1.1746400000000001,1.1746,1.5,1.5
09.08.2021 00:23:35.197,1.17465,1.1746100000000002,3,1.69
09.08.2021 00:23:38.403,1.17466,1.17463,0.75,0.75
09.08.2021 00:23:38.505,1.17466,1.1746200000000002,0.75,2.81
09.08.2021 00:23:38.657,1.17467,1.17463,1.5,0.75
09.08.2021 00:23:41.936,1.17466,1.1746200000000002,1.12,1.31
09.08.2021 00:23:42.038,1.1746400000000001,1.1746100000000002,0.75,0.75
09.08.2021 00:23:42.140,1.1746400000000001,1.1746,0.75,1.5
09.08.2021 00:23:44.811,1.17465,1.1746200000000002,1.95,0.75
09.08.2021 00:23:45.017,1.17465,1.17463,0.75,0.75
09.08.2021 00:23:45.516,1.17465,1.1746200000000002,1.87,0.75
09.08.2021 00:23:50.341,1.1746400000000001,1.1746200000000002,0.75,0.75
09.08.2021 00:23:57.784,1.17465,1.1746200000000002,1.95,0.75
09.08.2021 00:23:57.990,1.1746400000000001,1.1746200000000002,0.75,0.75
09.08.2021 00:24:09.075,1.1746400000000001,1.1746100000000002,0.75,0.75
09.08.2021 00:24:27.614,1.1746400000000001,1.1746,1.5,0.75
09.08.2021 00:25:01.237,1.1746400000000001,1.1746100000000002,0.75,0.75
09.08.2021 00:25:02.802,1.17466,1.1746200000000002,1.5,2.06
09.08.2021 00:25:06.314,1.17467,1.17463,0.82,0.75
09.08.2021 00:25:08.769,1.17466,1.17463,0.37,0.75
09.08.2021 00:25:08.871,1.17465,1.1746200000000002,0.75,0.75
09.08.2021 00:25:10.060,1.17466,1.1746200000000002,2.62,0.75
09.08.2021 00:25:10.362,1.17465,1.1746200000000002,0.75,0.75
09.08.2021 00:25:10.717,1.17466,1.1746200000000002,2.62,0.75
09.08.2021 00:25:11.000,1.17466,1.17463,1.87,0.75
09.08.2021 00:25:13.149,1.17466,1.1746200000000002,2.7,0.75
09.08.2021 00:25:13.658,1.17465,1.1746100000000002,3.45,0.75
09.08.2021 00:25:13.810,1.1746400000000001,1.1746100000000002,0.1,0.75
09.08.2021 00:25:13.911,1.1746400000000001,1.1746,0.82,0.75
09.08.2021 00:25:28.122,1.1746400000000001,1.1746100000000002,8.4,0.75
09.08.2021 00:25:30.979,1.17463,1.1746100000000002,0.14,0.75
09.08.2021 00:25:31.030,1.1746200000000002,1.17459,0.89,0.75
09.08.2021 00:25:34.619,1.17463,1.17459,1.5,0.94
09.08.2021 00:25:34.935,1.17463,1.1746,0.75,0.75
09.08.2021 00:25:36.079,1.1746400000000001,1.1746,3.59,0.75
09.08.2021 00:25:36.233,1.1746400000000001,1.1746100000000002,2.77,0.75
09.08.2021 00:25:39.988,1.1746200000000002,1.1746100000000002,0.37,0.75
09.08.2021 00:25:40.089,1.1746400000000001,1.1746,4.98,0.75
09.08.2021 00:25:44.525,1.1746400000000001,1.1746100000000002,0.75,0.75
09.08.2021 00:25:44.626,1.17465,1.1746100000000002,3.52,0.75
09.08.2021 00:25:44.727,1.17466,1.1746200000000002,1.2,2.06
09.08.2021 00:25:44.829,1.17466,1.17463,0.45,0.94
09.08.2021 00:25:44.930,1.17467,1.17465,1.5,0.75
09.08.2021 00:25:45.032,1.17469,1.17465,1.65,0.75
09.08.2021 00:25:48.043,1.1747,1.17467,0.75,0.94
09.08.2021 00:25:48.145,1.1747100000000001,1.17468,0.45,1.69
09.08.2021 00:25:48.247,1.1747400000000001,1.1747,1.12,0.75
09.08.2021 00:25:48.873,1.17476,1.17473,0.45,0.75
09.08.2021 00:25:49.075,1.17477,1.17473,1.5,0.75
09.08.2021 00:25:49.878,1.17476,1.17475,0.75,0.75
09.08.2021 00:25:50.080,1.17478,1.1747400000000001,3.45,0.75
09.08.2021 00:25:51.292,1.17478,1.17475,1.87,0.75
09.08.2021 00:25:51.393,1.17478,1.1747400000000001,1.87,0.75
09.08.2021 00:25:51.796,1.17478,1.17476,0.75,0.75
09.08.2021 00:25:51.897,1.1748,1.17476,3.07,0.75
09.08.2021 00:25:53.204,1.1748,1.17477,0.75,0.75
09.08.2021 00:25:54.206,1.1748,1.17476,2.4,0.75
09.08.2021 00:26:00.439,1.17479,1.17476,1.12,0.75
09.08.2021 00:26:02.698,1.17479,1.17475,3.07,0.75
09.08.2021 00:26:02.800,1.17478,1.1747400000000001,1.12,0.75
09.08.2021 00:26:02.901,1.17476,1.1747400000000001,0.75,0.75
09.08.2021 00:26:03.002,1.17475,1.1747200000000002,0.1,0.75
09.08.2021 00:26:03.711,1.17477,1.17473,1.2,0.75
09.08.2021 00:26:03.813,1.17477,1.1747400000000001,0.45,0.75
09.08.2021 00:26:03.914,1.17478,1.1747400000000001,2.25,0.75
09.08.2021 00:26:04.835,1.17479,1.17475,2.62,0.75
09.08.2021 00:26:13.599,1.1748,1.17476,1.57,1.69
09.08.2021 00:26:13.801,1.1748100000000001,1.17477,0.75,0.75
09.08.2021 00:26:13.953,1.17483,1.17479,3,0.75
09.08.2021 00:26:22.492,1.1748200000000002,1.17478,2.7,0.75
09.08.2021 00:26:22.593,1.1748100000000001,1.17478,0.1,0.75
09.08.2021 00:26:22.695,1.1748100000000001,1.17477,1.2,0.75
09.08.2021 00:26:22.796,1.1748,1.17476,0.75,0.94
09.08.2021 00:26:34.009,1.1748100000000001,1.17477,0.75,1.69
09.08.2021 00:26:34.111,1.1748200000000002,1.17478,1.27,0.75
09.08.2021 00:26:35.947,1.17483,1.17479,1.12,0.75
09.08.2021 00:26:41.187,1.1748,1.17476,0.82,2.14
09.08.2021 00:26:43.569,1.17479,1.17475,0.75,0.94
09.08.2021 00:26:43.734,1.1748,1.17477,2.02,0.75
09.08.2021 00:26:47.424,1.17479,1.17477,0.45,0.75
09.08.2021 00:26:48.338,1.17479,1.17476,0.37,0.75
09.08.2021 00:26:52.342,1.1748100000000001,1.17479,0.45,0.75
09.08.2021 00:26:52.443,1.1748100000000001,1.17478,0.45,2.06
09.08.2021 00:26:52.494,1.17483,1.1748100000000001,0.75,0.75
09.08.2021 00:26:52.596,1.17484,1.1748100000000001,0.37,0.75
09.08.2021 00:26:53.120,1.1748200000000002,1.17479,1.95,0.75
09.08.2021 00:26:53.222,1.1748200000000002,1.17478,1.95,0.75
09.08.2021 00:26:53.323,1.1748,1.17478,1.27,0.75
09.08.2021 00:26:58.953,1.1748,1.17477,0.45,0.75
09.08.2021 00:26:59.220,1.1748100000000001,1.17477,2.77,0.75
09.08.2021 00:27:01.223,1.1748,1.17477,0.82,0.75
09.08.2021 00:27:01.376,1.17479,1.17477,0.37,0.75
09.08.2021 00:27:01.730,1.17478,1.17477,0.37,0.75
09.08.2021 00:27:13.561,1.17479,1.17475,0.75,0.75
09.08.2021 00:27:16.377,1.17479,1.17476,1.12,0.75
09.08.2021 00:27:17.545,1.1748,1.17477,3,0.75
09.08.2021 00:27:17.647,1.1748,1.17476,0.75,1.69
09.08.2021 00:27:17.749,1.1748100000000001,1.17477,1.5,0.75
09.08.2021 00:27:18.257,1.1748,1.17477,0.75,0.75
09.08.2021 00:27:18.771,1.17479,1.17476,0.37,0.75
09.08.2021 00:27:20.892,1.1748,1.17476,2.25,1.5
09.08.2021 00:27:20.994,1.1748100000000001,1.17476,1.12,2.81
09.08.2021 00:27:21.095,1.1748200000000002,1.17477,3.45,0.75
09.08.2021 00:27:21.247,1.1748200000000002,1.17479,2.25,0.19
09.08.2021 00:27:21.349,1.17483,1.1748100000000001,0.75,0.75
09.08.2021 00:27:21.452,1.17483,1.1748,0.75,1.31
09.08.2021 00:27:21.604,1.17485,1.1748200000000002,1.2,0.75
09.08.2021 00:27:23.570,1.17483,1.1748100000000001,0.75,0.75
09.08.2021 00:27:23.621,1.17485,1.1748100000000001,3.07,0.75
09.08.2021 00:27:25.195,1.17484,1.1748100000000001,0.75,0.75
09.08.2021 00:27:25.303,1.17485,1.1748100000000001,3.07,0.75
09.08.2021 00:27:27.133,1.17484,1.1748100000000001,0.37,0.75
09.08.2021 00:27:32.181,1.1748100000000001,1.17479,2.25,0.19
09.08.2021 00:27:32.232,1.1748100000000001,1.17477,3.07,3.3
09.08.2021 00:27:32.333,1.1748,1.17477,0.37,1.95
09.08.2021 00:27:32.434,1.1748100000000001,1.17477,3.07,0.75
09.08.2021 00:27:32.587,1.1748100000000001,1.17478,2.25,0.75
09.08.2021 00:27:32.688,1.1748,1.17477,0.37,0.75
09.08.2021 00:27:46.452,1.17479,1.17475,0.37,2.06
09.08.2021 00:27:46.983,1.1748,1.17475,3,2.06
09.08.2021 00:27:47.335,1.1748,1.17476,1.87,0.75
09.08.2021 00:27:57.325,1.1748,1.17477,0.75,0.75
09.08.2021 00:28:01.076,1.1748100000000001,1.17477,7.5,0.75
09.08.2021 00:28:03.458,1.1748100000000001,1.17479,8.92,1.12
09.08.2021 00:28:03.559,1.1748200000000002,1.1748,0.45,0.75
09.08.2021 00:28:03.661,1.17484,1.1748,0.75,0.75
09.08.2021 00:28:08.412,1.17483,1.1748,0.45,0.75
09.08.2021 00:28:08.877,1.1748200000000002,1.1748,0.75,0.75
09.08.2021 00:28:09.428,1.17483,1.1748,1.57,0.75
09.08.2021 00:28:23.840,1.17483,1.17479,4.2,0.75
09.08.2021 00:28:36.334,1.17483,1.1748100000000001,1.5,0.75
09.08.2021 00:28:47.045,1.1748200000000002,1.17478,2.7,1.5
09.08.2021 00:28:47.148,1.1748100000000001,1.17477,1.5,2.44
09.08.2021 00:28:47.250,1.1748,1.17477,0.75,0.75
09.08.2021 00:28:47.351,1.1748,1.17476,1.5,0.75
09.08.2021 00:29:03.133,1.1748100000000001,1.17478,0.75,0.37
09.08.2021 00:29:03.235,1.1748200000000002,1.1748,0.45,0.19
09.08.2021 00:29:03.337,1.17483,1.1748,0.75,0.56
09.08.2021 00:29:04.062,1.17484,1.1748100000000001,0.75,0.75
09.08.2021 00:29:07.642,1.17484,1.1748,0.75,2.06
09.08.2021 00:29:11.805,1.17484,1.1748100000000001,1.5,0.75
09.08.2021 00:29:27.076,1.17485,1.1748100000000001,1.87,0.75
09.08.2021 00:29:35.539,1.17485,1.1748200000000002,0.75,0.37
09.08.2021 00:29:35.640,1.17487,1.17483,1.5,1.12
09.08.2021 00:29:35.792,1.17489,1.17485,2.25,0.75
09.08.2021 00:29:37.206,1.17486,1.17484,0.37,0.75
09.08.2021 00:29:37.256,1.17486,1.1748200000000002,1.5,1.12
09.08.2021 00:29:37.611,1.17485,1.1748200000000002,0.75,0.75
09.08.2021 00:29:39.924,1.17485,1.1748100000000001,1.5,0.75
09.08.2021 00:29:43.053,1.17484,1.1748100000000001,0.75,0.75
09.08.2021 00:29:54.391,1.17485,1.1748100000000001,1.5,0.75
09.08.2021 00:29:55.237,1.17484,1.1748,0.75,0.75
09.08.2021 00:29:56.703,1.1748200000000002,1.17479,0.75,0.75
09.08.2021 00:29:56.805,1.17483,1.17479,1.5,0.75
09.08.2021 00:30:00.948,1.17484,1.1748,2.25,0.75
09.08.2021 00:30:02.446,1.17484,1.1748100000000001,1.87,0.75
09.08.2021 00:30:03.075,1.17486,1.1748200000000002,1.5,1.69
09.08.2021 00:30:03.598,1.17485,1.1748200000000002,0.37,0.75
09.08.2021 00:30:03.800,1.17486,1.1748200000000002,3.37,0.75
09.08.2021 00:30:04.002,1.17485,1.1748100000000001,1.12,0.75
09.08.2021 00:30:09.097,1.17484,1.1748100000000001,0.37,0.75
09.08.2021 00:30:09.308,1.17485,1.1748100000000001,11.77,0.75
09.08.2021 00:30:09.409,1.17484,1.1748,0.75,0.75
09.08.2021 00:30:09.512,1.17484,1.1748200000000002,0.75,1.69
09.08.2021 00:30:09.714,1.17485,1.17483,1.87,0.75
09.08.2021 00:30:15.313,1.17487,1.17483,8.77,0.75
09.08.2021 00:30:19.234,1.17487,1.17484,0.75,0.94
09.08.2021 00:30:19.436,1.17488,1.17484,1.12,1.69
09.08.2021 00:30:25.167,1.17487,1.17483,0.75,2.06
09.08.2021 00:30:32.468,1.17487,1.17484,0.75,0.94
09.08.2021 00:30:42.201,1.17487,1.17483,0.75,1.69
09.08.2021 00:30:42.353,1.17486,1.1748200000000002,0.75,0.75
09.08.2021 00:30:53.169,1.17485,1.1748100000000001,0.75,1.87
09.08.2021 00:30:53.272,1.17484,1.1748100000000001,0.75,1.12
09.08.2021 00:30:53.373,1.17484,1.1748,0.75,0.75
09.08.2021 00:30:58.419,1.17483,1.17479,0.75,3.19
09.08.2021 00:30:58.862,1.1748200000000002,1.17478,0.75,2.06
09.08.2021 00:31:03.050,1.17485,1.1748200000000002,0.75,0.37
09.08.2021 00:31:03.151,1.17486,1.17484,0.45,0.75
09.08.2021 00:31:03.252,1.17488,1.17484,1.5,0.94
09.08.2021 00:31:10.785,1.1749,1.17487,8.85,1.5
09.08.2021 00:31:10.888,1.1749200000000002,1.17489,0.75,0.75
09.08.2021 00:31:10.989,1.1749500000000002,1.1749200000000002,7.95,1.12
09.08.2021 00:31:11.091,1.17496,1.17494,0.75,0.19
09.08.2021 00:31:11.192,1.17498,1.17494,1.95,1.69
09.08.2021 00:31:14.913,1.1749500000000002,1.1749100000000001,0.75,0.75
09.08.2021 00:31:16.190,1.17494,1.1749,0.75,1.69
09.08.2021 00:31:17.860,1.17494,1.1749100000000001,0.75,0.94
09.08.2021 00:31:19.104,1.17494,1.1749,0.75,1.69
09.08.2021 00:31:25.275,1.17496,1.1749200000000002,0.75,2.06
09.08.2021 00:31:28.628,1.17497,1.17493,0.75,1.69
09.08.2021 00:31:34.229,1.1749500000000002,1.17493,0.75,0.75
09.08.2021 00:31:34.549,1.1749500000000002,1.1749100000000001,0.75,0.75
09.08.2021 00:31:35.563,1.17496,1.1749200000000002,1.87,0.75
09.08.2021 00:31:35.664,1.17496,1.17494,1.5,0.75
09.08.2021 00:31:36.197,1.17496,1.17493,0.37,0.75
09.08.2021 00:31:36.248,1.1749500000000002,1.1749100000000001,0.75,0.75
09.08.2021 00:31:36.350,1.17494,1.1749,0.75,1.69
09.08.2021 00:31:46.070,1.1749100000000001,1.17487,1.5,3.19
09.08.2021 00:31:46.173,1.17489,1.17486,0.75,7.5
09.08.2021 00:31:46.325,1.17489,1.17485,1.87,0.75
09.08.2021 00:31:49.867,1.1749,1.17487,0.75,0.75
09.08.2021 00:31:49.969,1.1749200000000002,1.17488,1.2,0.75
09.08.2021 00:31:58.965,1.17493,1.17489,0.75,1.69
09.08.2021 00:31:59.066,1.1749200000000002,1.1749100000000001,0.75,0.19
09.08.2021 00:32:00.442,1.17494,1.1749,1.5,0.94
09.08.2021 00:32:20.252,1.17494,1.1749100000000001,1.5,0.19
09.08.2021 00:32:22.301,1.17494,1.1749,0.75,0.94
09.08.2021 00:32:27.099,1.1749500000000002,1.1749100000000001,1.2,0.94
09.08.2021 00:32:27.573,1.17494,1.1749,0.75,0.75
09.08.2021 00:32:28.779,1.1749500000000002,1.1749100000000001,0.75,2.06
09.08.2021 00:32:29.085,1.17496,1.1749200000000002,0.75,0.75
09.08.2021 00:32:31.188,1.17496,1.17493,0.75,0.75
09.08.2021 00:32:31.856,1.17498,1.17494,0.75,0.75
09.08.2021 00:32:36.313,1.17499,1.1749500000000002,1.95,0.75
09.08.2021 00:33:03.062,1.17498,1.17494,2.25,0.75
09.08.2021 00:33:03.164,1.1749500000000002,1.1749100000000001,0.75,2.14
09.08.2021 00:33:03.326,1.17494,1.1749100000000001,0.75,0.19
09.08.2021 00:33:03.428,1.17494,1.1749,0.75,0.94
09.08.2021 00:33:04.057,1.17493,1.1749,0.37,0.75
09.08.2021 00:33:04.158,1.17494,1.1749,1.57,0.75
09.08.2021 00:33:09.313,1.17493,1.17489,0.75,0.75
09.08.2021 00:33:12.484,1.1749200000000002,1.17488,6.07,0.75
09.08.2021 00:33:12.585,1.1749,1.17486,1.5,1.2
09.08.2021 00:33:12.687,1.17489,1.17485,0.75,0.75
09.08.2021 00:33:22.484,1.17488,1.17484,0.75,1.69
09.08.2021 00:33:22.586,1.17487,1.17483,2.62,0.75
09.08.2021 00:33:22.688,1.17486,1.1748200000000002,0.75,1.5
09.08.2021 00:33:29.407,1.17487,1.17483,0.37,1.5
09.08.2021 00:33:29.508,1.17487,1.17485,0.75,0.94
09.08.2021 00:33:40.561,1.1749,1.17486,1.57,0.75
09.08.2021 00:33:40.765,1.1749200000000002,1.17488,2.32,0.75
09.08.2021 00:33:45.819,1.1749,1.17485,3.37,0.75
09.08.2021 00:34:00.113,1.17488,1.17484,0.75,0.75
09.08.2021 00:34:00.723,1.17489,1.17485,1.12,0.75
09.08.2021 00:34:01.242,1.1749,1.17486,0.75,1.69
09.08.2021 00:34:01.343,1.1749100000000001,1.17487,1.95,0.75
09.08.2021 00:34:02.256,1.1749200000000002,1.17489,0.37,0.75
09.08.2021 00:34:02.407,1.17493,1.17489,1.95,0.75
09.08.2021 00:34:03.045,1.17494,1.1749,1.87,0.75
09.08.2021 00:34:03.454,1.1749500000000002,1.1749100000000001,0.75,2.44
09.08.2021 00:34:03.707,1.17496,1.1749200000000002,1.12,0.75
09.08.2021 00:34:04.145,1.17497,1.17493,1.95,0.75
09.08.2021 00:34:06.928,1.17497,1.1749200000000002,1.2,0.75
09.08.2021 00:34:15.245,1.17498,1.17493,10.35,0.75
09.08.2021 00:34:23.187,1.17496,1.1749200000000002,1.5,0.75
09.08.2021 00:34:24.278,1.17498,1.17494,6.45,0.75
09.08.2021 00:34:50.697,1.17496,1.1749200000000002,0.75,1.69
09.08.2021 00:34:50.849,1.1749500000000002,1.1749100000000001,1.12,0.75
09.08.2021 00:34:54.102,1.17494,1.1749100000000001,0.75,0.75
09.08.2021 00:34:54.204,1.1749500000000002,1.1749100000000001,1.2,0.75
09.08.2021 00:35:07.728,1.17496,1.1749200000000002,1.27,0.75
09.08.2021 00:35:12.485,1.17497,1.17493,1.95,0.75
09.08.2021 00:35:14.421,1.1749500000000002,1.1749100000000001,1.5,1.5
09.08.2021 00:35:16.680,1.1749500000000002,1.1749200000000002,0.75,0.19
09.08.2021 00:35:16.832,1.17497,1.17493,1.95,0.75
09.08.2021 00:35:19.684,1.17496,1.17493,1.95,0.94
09.08.2021 00:35:19.888,1.17496,1.1749100000000001,1.95,1.69
09.08.2021 00:35:20.726,1.1749500000000002,1.1749100000000001,0.75,1.69
09.08.2021 00:35:22.672,1.1749500000000002,1.1749200000000002,2.32,1.69
09.08.2021 00:35:24.568,1.1749500000000002,1.1749100000000001,1.5,0.94
09.08.2021 00:35:27.138,1.1749500000000002,1.1749,1.5,1.69
09.08.2021 00:35:33.985,1.1749500000000002,1.1749100000000001,0.75,0.75
09.08.2021 00:35:34.238,1.17496,1.1749200000000002,1.5,0.75
09.08.2021 00:35:40.277,1.1749500000000002,1.1749200000000002,0.37,0.75
09.08.2021 00:35:41.175,1.17494,1.1749,0.75,0.75
09.08.2021 00:35:41.669,1.17493,1.17489,0.75,0.94
09.08.2021 00:36:06.251,1.1749200000000002,1.17489,0.37,0.75
09.08.2021 00:36:10.868,1.1749100000000001,1.17487,1.31,0.75
09.08.2021 00:36:10.970,1.1749,1.17486,1.5,0.75
09.08.2021 00:36:11.382,1.17489,1.17485,0.94,0.75
09.08.2021 00:36:11.686,1.17488,1.17485,0.37,0.75
09.08.2021 00:36:12.636,1.17488,1.17484,1.12,0.75
09.08.2021 00:36:30.255,1.1749,1.17486,1.2,1.87
09.08.2021 00:36:30.357,1.1749,1.17487,0.45,0.75
09.08.2021 00:36:30.459,1.1749100000000001,1.17487,1.5,0.75
09.08.2021 00:36:33.959,1.1749100000000001,1.17488,0.37,0.75
09.08.2021 00:36:34.061,1.1749200000000002,1.17488,2.44,0.75
09.08.2021 00:36:34.162,1.1749,1.17486,0.37,1.95
09.08.2021 00:36:34.263,1.1749,1.17485,1.5,2.89
09.08.2021 00:36:40.705,1.1749,1.17486,1.12,0.37
09.08.2021 00:36:46.025,1.1749,1.17485,1.12,2.89
09.08.2021 00:36:46.126,1.17489,1.17485,1.5,0.75
09.08.2021 00:36:46.278,1.17488,1.17484,0.75,1.12
09.08.2021 00:36:46.636,1.17487,1.17484,0.37,0.75
09.08.2021 00:36:46.788,1.17488,1.17484,1.12,0.75
09.08.2021 00:37:01.443,1.17489,1.17487,1.2,0.75
09.08.2021 00:37:06.313,1.17488,1.17486,0.75,0.75
09.08.2021 00:37:06.505,1.17487,1.17485,0.75,0.94
09.08.2021 00:37:10.424,1.17485,1.1748100000000001,0.75,4.43
09.08.2021 00:37:10.627,1.17485,1.1748,1.5,2.06
09.08.2021 00:37:13.490,1.17486,1.1748200000000002,1.2,1.87
09.08.2021 00:37:13.591,1.17488,1.17484,2.25,0.75
09.08.2021 00:37:20.117,1.17487,1.17483,0.75,0.75
09.08.2021 00:37:34.888,1.17488,1.17484,0.75,1.5
09.08.2021 00:37:35.129,1.17486,1.17484,0.75,2.81
09.08.2021 00:37:51.365,1.17485,1.1748200000000002,0.75,1.69
09.08.2021 00:37:51.466,1.17484,1.1748200000000002,0.75,0.75
09.08.2021 00:37:51.619,1.17484,1.1748100000000001,0.75,3.19
09.08.2021 00:37:51.721,1.17484,1.1748200000000002,0.75,3.94
09.08.2021 00:37:53.186,1.17484,1.1748100000000001,0.75,1.69
09.08.2021 00:37:53.539,1.17483,1.1748,0.75,1.69
09.08.2021 00:37:54.199,1.17483,1.17479,0.75,3.56
09.08.2021 00:37:57.367,1.17483,1.1748,0.75,0.19
09.08.2021 00:37:59.178,1.1748100000000001,1.17479,0.75,0.94
09.08.2021 00:37:59.331,1.1748100000000001,1.17478,0.75,0.37
09.08.2021 00:37:59.432,1.1748100000000001,1.17477,0.75,3.94
09.08.2021 00:37:59.585,1.1748,1.17477,0.75,2.44
09.08.2021 00:38:00.840,1.17478,1.17476,0.75,0.75
09.08.2021 00:38:00.943,1.17477,1.17475,0.75,0.45
09.08.2021 00:38:01.046,1.17477,1.1747400000000001,0.75,0.75
09.08.2021 00:38:01.300,1.17477,1.17473,0.75,1.5
09.08.2021 00:38:10.062,1.17477,1.1747400000000001,0.75,0.75
09.08.2021 00:38:10.163,1.17478,1.17476,0.75,0.75
09.08.2021 00:38:10.381,1.17478,1.17477,0.75,0.75
09.08.2021 00:38:12.346,1.17479,1.17476,0.75,2.06
09.08.2021 00:38:12.448,1.17479,1.17477,0.75,1.31
09.08.2021 00:38:12.600,1.17476,1.1747400000000001,0.75,0.94
09.08.2021 00:38:12.702,1.17476,1.17473,0.75,4.2
09.08.2021 00:38:20.501,1.17475,1.17473,0.75,2.06
09.08.2021 00:38:20.602,1.17475,1.1747200000000002,0.75,0.75
09.08.2021 00:38:20.703,1.17475,1.1747100000000001,0.75,2.06
09.08.2021 00:38:20.906,1.1747400000000001,1.1747,0.75,6.64
09.08.2021 00:38:21.618,1.1747400000000001,1.1747100000000001,0.75,0.56
09.08.2021 00:38:21.720,1.17473,1.1747100000000001,0.75,3.19
09.08.2021 00:38:21.821,1.17473,1.1747,0.75,1.5
09.08.2021 00:38:22.074,1.17473,1.1747100000000001,0.75,0.75
09.08.2021 00:38:22.452,1.17473,1.1747,0.75,1.5
09.08.2021 00:38:22.880,1.17473,1.17469,0.75,2.06
09.08.2021 00:38:22.981,1.1747400000000001,1.17469,1.12,2.81
09.08.2021 00:38:23.313,1.1747400000000001,1.1747,0.75,0.19
09.08.2021 00:38:23.515,1.1747400000000001,1.1747100000000001,0.75,0.75
09.08.2021 00:38:23.617,1.17475,1.1747200000000002,0.75,0.75
09.08.2021 00:38:26.521,1.1747400000000001,1.1747200000000002,0.75,0.75
09.08.2021 00:38:26.928,1.1747400000000001,1.1747,0.75,1.87
09.08.2021 00:38:27.037,1.17473,1.1747,0.75,1.5
09.08.2021 00:38:31.661,1.17473,1.17469,0.75,2.81
09.08.2021 00:38:36.050,1.1747400000000001,1.17469,0.75,4.84
09.08.2021 00:38:36.151,1.1747400000000001,1.1747200000000002,0.75,1.12
09.08.2021 00:38:36.253,1.17476,1.17473,0.75,0.75
09.08.2021 00:38:42.643,1.17476,1.1747400000000001,0.75,0.75
09.08.2021 00:38:42.746,1.17477,1.1747400000000001,0.75,0.75
09.08.2021 00:38:46.585,1.17476,1.17473,0.75,0.75
09.08.2021 00:38:52.877,1.17477,1.17473,0.75,1.69
09.08.2021 00:38:55.407,1.17478,1.17476,0.75,0.75
09.08.2021 00:38:55.660,1.17479,1.17476,0.75,1.5
09.08.2021 00:38:56.327,1.17479,1.17475,0.75,3.56
09.08.2021 00:38:56.853,1.17479,1.17476,0.75,0.19
09.08.2021 00:38:57.005,1.17479,1.17477,0.75,0.75
09.08.2021 00:38:57.156,1.17479,1.17476,0.75,0.94
09.08.2021 00:39:00.599,1.17479,1.17475,0.75,2.81
09.08.2021 00:39:00.755,1.17479,1.1747400000000001,0.75,2.81
09.08.2021 00:39:01.533,1.17478,1.1747400000000001,0.75,3.19
09.08.2021 00:39:02.954,1.17477,1.1747400000000001,0.75,1.5
09.08.2021 00:39:05.967,1.17476,1.17473,0.75,0.75
09.08.2021 00:39:06.119,1.17477,1.17473,0.75,0.75
09.08.2021 00:39:08.088,1.1747400000000001,1.17473,0.75,0.75
09.08.2021 00:39:08.392,1.17476,1.1747200000000002,0.75,1.87
09.08.2021 00:39:08.494,1.17477,1.1747200000000002,0.75,2.25
09.08.2021 00:39:08.596,1.17477,1.17473,0.75,0.75
09.08.2021 00:39:10.776,1.17475,1.1747200000000002,0.75,0.75
09.08.2021 00:39:10.878,1.17475,1.1747100000000001,0.75,2.62
09.08.2021 00:39:11.181,1.1747400000000001,1.1747100000000001,0.75,1.5
09.08.2021 00:39:11.283,1.17475,1.1747200000000002,0.75,1.12
09.08.2021 00:39:11.435,1.17475,1.1747100000000001,0.75,3.94
09.08.2021 00:39:15.042,1.1747400000000001,1.1747100000000001,0.75,0.19
09.08.2021 00:39:15.143,1.17473,1.1747,0.75,0.45
09.08.2021 00:39:20.917,1.17473,1.1747200000000002,0.75,0.19
09.08.2021 00:39:21.018,1.1747400000000001,1.1747100000000001,0.75,0.19
09.08.2021 00:39:21.119,1.1747400000000001,1.1747200000000002,0.75,0.94
09.08.2021 00:39:24.581,1.1747400000000001,1.1747100000000001,0.75,1.31
09.08.2021 00:39:27.168,1.1747400000000001,1.1747,0.75,0.94
09.08.2021 00:39:27.421,1.17473,1.1747,0.75,0.19
09.08.2021 00:39:31.091,1.17473,1.17469,0.75,3.19
09.08.2021 00:39:35.220,1.17469,1.17467,3.45,0.19
09.08.2021 00:39:35.272,1.17465,1.17463,1.12,0.19
09.08.2021 00:39:35.374,1.1746200000000002,1.17459,0.94,1.57
09.08.2021 00:39:35.476,1.1746200000000002,1.1745700000000001,0.75,6.34
09.08.2021 00:39:43.733,1.1746200000000002,1.17458,0.75,0.1
09.08.2021 00:39:44.744,1.17463,1.17459,0.75,0.75
09.08.2021 00:39:49.687,1.1746400000000001,1.1746200000000002,0.75,0.37
09.08.2021 00:39:49.789,1.17465,1.1746200000000002,0.75,1.76
09.08.2021 00:39:49.890,1.17467,1.1746200000000002,0.75,2.96
09.08.2021 00:39:50.042,1.17468,1.17463,2.25,0.82
09.08.2021 00:39:51.653,1.17465,1.1746100000000002,0.75,1.65
09.08.2021 00:39:51.906,1.17467,1.1746400000000001,1.95,0.75
09.08.2021 00:39:51.957,1.17466,1.1746200000000002,0.75,1.2
09.08.2021 00:39:52.058,1.17465,1.1746200000000002,0.75,0.37
09.08.2021 00:39:53.666,1.17466,1.1746200000000002,0.75,2.51
09.08.2021 00:39:53.768,1.17466,1.17463,0.75,0.1
09.08.2021 00:39:56.795,1.17465,1.1746100000000002,0.75,2.02
09.08.2021 00:39:56.947,1.1746400000000001,1.1746100000000002,0.75,0.45
09.08.2021 00:39:57.049,1.1746400000000001,1.1746,0.75,1.5
09.08.2021 00:40:00.757,1.17465,1.1746200000000002,0.75,0.37
09.08.2021 00:40:00.858,1.17466,1.1746200000000002,8.4,0.37
09.08.2021 00:40:00.960,1.17467,1.1746200000000002,0.75,1.2
09.08.2021 00:40:03.157,1.17467,1.17463,0.75,0.75
09.08.2021 00:40:22.874,1.1746400000000001,1.1746100000000002,0.75,0.45
09.08.2021 00:40:22.976,1.17465,1.1746200000000002,0.75,0.82
09.08.2021 00:40:23.128,1.17466,1.1746200000000002,0.75,1.2
09.08.2021 00:40:23.993,1.17467,1.17463,0.75,2.81
09.08.2021 00:40:34.055,1.17468,1.1746400000000001,0.75,1.01
09.08.2021 00:40:44.926,1.17468,1.17466,0.75,3
09.08.2021 00:40:44.977,1.17473,1.1747100000000001,16.65,0.75
09.08.2021 00:40:45.079,1.17473,1.1747,9,1.01
09.08.2021 00:40:48.437,1.1747400000000001,1.1747200000000002,0.75,0.45
09.08.2021 00:40:48.538,1.17476,1.1747200000000002,0.75,2.89
09.08.2021 00:40:49.674,1.1747400000000001,1.1747200000000002,0.75,1.76
09.08.2021 00:40:56.557,1.17476,1.17473,0.75,0.26
09.08.2021 00:40:56.659,1.17478,1.1747400000000001,0.75,1.69
09.08.2021 00:40:56.761,1.17479,1.1747400000000001,0.75,3.26
09.08.2021 00:40:56.913,1.17479,1.17475,0.75,1.69
09.08.2021 00:40:57.015,1.17479,1.17476,0.75,0.94
09.08.2021 00:40:57.116,1.1748,1.17476,0.75,3.64
09.08.2021 00:40:57.217,1.1748100000000001,1.17477,0.75,1.69
09.08.2021 00:41:07.554,1.17479,1.17476,0.75,0.75
09.08.2021 00:41:07.656,1.17477,1.1747400000000001,1.12,2.44
09.08.2021 00:41:07.707,1.1747400000000001,1.1747200000000002,0.75,1.35
09.08.2021 00:41:07.809,1.1747400000000001,1.1747100000000001,0.75,2.29
09.08.2021 00:41:08.011,1.17475,1.1747100000000001,0.75,2.51
09.08.2021 00:41:12.183,1.1747400000000001,1.1747100000000001,0.75,0.75
09.08.2021 00:41:12.587,1.17475,1.1747100000000001,0.75,0.94
09.08.2021 00:41:13.660,1.1747400000000001,1.1747100000000001,0.75,0.94
09.08.2021 00:41:14.296,1.1747400000000001,1.1747,0.75,1.76
09.08.2021 00:41:14.397,1.17473,1.17469,0.75,1.69
09.08.2021 00:41:14.499,1.1747200000000002,1.17468,1.5,0.94
09.08.2021 00:41:14.600,1.1747100000000001,1.17467,0.75,1.76
09.08.2021 00:41:21.755,1.17469,1.17466,0.75,0.19
09.08.2021 00:41:22.111,1.1747100000000001,1.17467,1.12,1.31
09.08.2021 00:41:22.213,1.1747200000000002,1.17468,0.75,1.01
09.08.2021 00:41:25.647,1.1747200000000002,1.17469,0.75,0.19
09.08.2021 00:41:31.843,1.17473,1.17469,0.75,0.94
09.08.2021 00:41:31.944,1.17473,1.1747,0.75,0.19
09.08.2021 00:41:34.907,1.17473,1.1747100000000001,0.75,0.19
09.08.2021 00:41:35.009,1.1747400000000001,1.1747100000000001,0.75,0.19
09.08.2021 00:41:38.177,1.17475,1.1747100000000001,0.75,1.76
09.08.2021 00:41:38.228,1.17478,1.1747400000000001,9.6,0.75
09.08.2021 00:41:40.156,1.17476,1.1747200000000002,0.75,1.69
09.08.2021 00:41:46.925,1.17475,1.1747100000000001,0.75,0.94
09.08.2021 00:41:47.083,1.1747400000000001,1.1747100000000001,0.75,0.94
09.08.2021 00:41:47.184,1.17473,1.1747,0.75,0.94
09.08.2021 00:41:47.538,1.17473,1.17469,0.75,2.14
09.08.2021 00:41:47.671,1.17473,1.1747,0.75,0.19
09.08.2021 00:41:48.375,1.17473,1.17469,0.75,2.14
09.08.2021 00:41:48.476,1.17473,1.1747,0.75,0.19
09.08.2021 00:41:48.842,1.17473,1.17469,0.75,2.14
09.08.2021 00:41:51.242,1.1747200000000002,1.17469,0.75,0.19
09.08.2021 00:41:51.696,1.17469,1.17467,0.75,0.19
09.08.2021 00:41:51.798,1.17469,1.17465,0.75,2.21
09.08.2021 00:41:55.263,1.17469,1.17467,0.75,1.01
09.08.2021 00:41:55.314,1.1747200000000002,1.17468,8.85,0.82
09.08.2021 00:41:55.415,1.1747200000000002,1.17469,0.75,0.19
09.08.2021 00:41:55.769,1.1747,1.17467,0.75,1.46
09.08.2021 00:41:55.921,1.17469,1.17467,0.75,3.26
09.08.2021 00:42:08.377,1.1747100000000001,1.17466,1.12,2.51
09.08.2021 00:42:35.793,1.1747200000000002,1.17467,1.5,2.06
09.08.2021 00:42:35.894,1.1747200000000002,1.17468,1.12,0.94
09.08.2021 00:42:39.083,1.1747200000000002,1.17467,1.87,1.69
09.08.2021 00:42:40.107,1.17473,1.17469,1.95,0.75
09.08.2021 00:42:40.208,1.17473,1.1747,0.45,0.94
09.08.2021 00:42:40.309,1.1747400000000001,1.1747,0.75,0.94
09.08.2021 00:42:40.512,1.1747400000000001,1.17469,1.12,0.94
09.08.2021 00:42:40.613,1.1747400000000001,1.1747,1.12,0.75
09.08.2021 00:42:46.486,1.1747400000000001,1.17469,1.12,0.94
09.08.2021 00:42:55.310,1.1747100000000001,1.17467,0.75,2.51
09.08.2021 00:42:55.462,1.17469,1.17466,0.75,1.95
09.08.2021 00:43:00.662,1.1747,1.17466,0.75,2.44
09.08.2021 00:43:00.763,1.1747100000000001,1.17467,1.5,0.75
09.08.2021 00:43:01.068,1.1747100000000001,1.17468,0.75,0.75
09.08.2021 00:43:05.615,1.1747100000000001,1.17467,0.75,0.75
09.08.2021 00:43:08.195,1.1747,1.17466,0.75,0.75
09.08.2021 00:43:08.766,1.17469,1.17465,0.75,0.75
09.08.2021 00:43:08.867,1.17465,1.1746200000000002,0.75,3.3
09.08.2021 00:43:09.195,1.17466,1.1746200000000002,0.75,0.75
09.08.2021 00:43:13.997,1.17465,1.1746100000000002,0.75,0.75
09.08.2021 00:43:14.150,1.1746400000000001,1.1746100000000002,0.75,0.75
09.08.2021 00:43:14.506,1.1746400000000001,1.1746,0.75,1.69
09.08.2021 00:43:32.531,1.1746400000000001,1.1746100000000002,0.75,0.75
09.08.2021 00:43:33.502,1.17463,1.1746100000000002,0.75,1.69
09.08.2021 00:43:36.136,1.17466,1.17463,0.75,0.75
09.08.2021 00:43:36.237,1.17467,1.17463,1.2,0.94
09.08.2021 00:43:36.339,1.17466,1.17465,0.75,0.19
09.08.2021 00:43:53.248,1.1747,1.17466,1.2,1.57
09.08.2021 00:43:53.349,1.17469,1.17468,0.45,0.94
09.08.2021 00:43:53.451,1.1747,1.17468,0.75,0.94
09.08.2021 00:44:00.178,1.1747,1.17467,0.75,0.94
09.08.2021 00:44:00.279,1.1747200000000002,1.17468,1.12,0.94
09.08.2021 00:44:00.380,1.1747200000000002,1.17469,0.75,0.19
09.08.2021 00:44:00.482,1.17473,1.1747200000000002,0.75,0.75
09.08.2021 00:44:02.426,1.17473,1.1747,0.75,0.75
09.08.2021 00:44:03.315,1.17475,1.1747100000000001,1.2,2.51
09.08.2021 00:44:03.416,1.17475,1.17473,1.5,0.75
09.08.2021 00:44:03.669,1.17478,1.1747400000000001,1.2,0.75
09.08.2021 00:44:10.051,1.17478,1.17476,1.12,0.75
09.08.2021 00:44:12.815,1.1747400000000001,1.17473,0.75,0.64
09.08.2021 00:44:13.176,1.1747400000000001,1.1747,0.75,0.75
09.08.2021 00:44:15.621,1.1747200000000002,1.17468,0.75,0.94
09.08.2021 00:44:15.723,1.1747100000000001,1.17467,0.75,3.34
09.08.2021 00:44:15.825,1.1747100000000001,1.17468,0.75,0.75
09.08.2021 00:44:15.927,1.1747100000000001,1.17469,0.75,1.5
09.08.2021 00:44:18.619,1.17473,1.17469,0.75,0.75
09.08.2021 00:44:18.741,1.1747400000000001,1.1747,2.4,0.75
09.08.2021 00:44:20.851,1.1747400000000001,1.1747100000000001,1.5,0.75
09.08.2021 00:44:31.080,1.17476,1.17473,1.5,0.75
09.08.2021 00:44:31.182,1.17477,1.1747400000000001,0.45,0.75
09.08.2021 00:44:31.284,1.17478,1.1747400000000001,1.5,0.94
09.08.2021 00:44:36.313,1.17478,1.17476,2.4,0.75
09.08.2021 00:45:01.259,1.17478,1.1747400000000001,0.75,0.75
09.08.2021 00:45:10.313,1.17477,1.17473,0.75,1.76
09.08.2021 00:45:15.314,1.17477,1.17475,3.37,0.75
09.08.2021 00:45:16.400,1.17476,1.1747200000000002,1.12,0.94
09.08.2021 00:45:17.522,1.17476,1.17473,0.75,0.19
09.08.2021 00:45:19.392,1.17476,1.1747200000000002,1.12,0.94
09.08.2021 00:45:23.825,1.17476,1.17473,1.5,0.94
09.08.2021 00:45:25.068,1.17477,1.17473,0.75,0.94
09.08.2021 00:45:25.282,1.17475,1.17473,1.12,1.01
09.08.2021 00:45:40.444,1.17475,1.1747200000000002,0.75,0.19
09.08.2021 00:45:40.545,1.1747400000000001,1.1747100000000001,0.75,0.75
09.08.2021 00:45:40.646,1.1747400000000001,1.1747,0.75,0.94
09.08.2021 00:45:55.666,1.17475,1.1747200000000002,0.75,0.37
09.08.2021 00:45:55.768,1.17476,1.1747200000000002,1.2,2.89
09.08.2021 00:45:55.870,1.17477,1.17473,0.75,1.69
09.08.2021 00:45:55.971,1.17477,1.1747400000000001,0.75,0.94
09.08.2021 00:45:56.175,1.17478,1.1747400000000001,0.75,1.69
09.08.2021 00:46:07.444,1.17477,1.17473,0.75,1.95
09.08.2021 00:46:08.479,1.17477,1.1747400000000001,0.75,0.75
09.08.2021 00:46:09.580,1.17477,1.17473,0.75,1.95
09.08.2021 00:46:09.681,1.1747400000000001,1.1747100000000001,0.75,1.35
09.08.2021 00:46:09.783,1.1747400000000001,1.1747,0.75,2.25
09.08.2021 00:46:12.214,1.17473,1.1747,0.75,1.5
09.08.2021 00:46:14.933,1.17475,1.1747200000000002,0.75,1.95
09.08.2021 00:46:15.034,1.17477,1.17473,1.95,1.5
09.08.2021 00:46:23.168,1.17478,1.1747400000000001,0.75,0.75
09.08.2021 00:46:27.313,1.17478,1.17475,0.75,0.75
09.08.2021 00:46:29.761,1.17479,1.17475,1.69,0.75
09.08.2021 00:46:31.541,1.17477,1.17475,0.75,1.5
09.08.2021 00:46:41.009,1.17477,1.17473,0.75,0.75
09.08.2021 00:46:41.110,1.17476,1.17473,0.75,0.75
09.08.2021 00:46:41.219,1.17476,1.1747200000000002,0.75,1.5
09.08.2021 00:46:44.319,1.1747400000000001,1.1747200000000002,0.94,0.75
09.08.2021 00:46:44.420,1.17473,1.1747,0.75,0.75
09.08.2021 00:46:45.146,1.1747400000000001,1.1747100000000001,1.69,0.75
09.08.2021 00:46:53.700,1.1747200000000002,1.1747100000000001,0.75,0.75
09.08.2021 00:46:54.687,1.17473,1.17469,0.94,0.75
09.08.2021 00:46:54.839,1.1747,1.17466,0.75,1.5
09.08.2021 00:46:55.208,1.1747100000000001,1.17467,0.75,3
09.08.2021 00:46:55.310,1.1747200000000002,1.17468,0.75,0.75
09.08.2021 00:46:55.412,1.17473,1.17469,1.5,0.75
09.08.2021 00:47:01.982,1.1747400000000001,1.1747,1.87,0.75
09.08.2021 00:47:02.084,1.1747400000000001,1.17473,1.5,0.75
09.08.2021 00:47:02.187,1.17476,1.1747200000000002,0.75,0.75
09.08.2021 00:47:03.485,1.17475,1.1747100000000001,0.75,1.57
09.08.2021 00:47:03.587,1.17476,1.1747200000000002,0.75,1.2
09.08.2021 00:47:04.608,1.17476,1.1747400000000001,0.75,0.75
09.08.2021 00:47:04.710,1.17478,1.1747400000000001,1.5,0.75
09.08.2021 00:47:43.134,1.17479,1.17475,1.87,0.75
09.08.2021 00:47:56.789,1.17477,1.17473,1.5,0.75
09.08.2021 00:47:57.765,1.17477,1.1747400000000001,0.75,0.75
09.08.2021 00:48:01.283,1.17477,1.17476,0.75,0.75
09.08.2021 00:48:01.587,1.17478,1.1747400000000001,1.5,0.75
09.08.2021 00:48:02.505,1.17477,1.17473,2.25,0.75
09.08.2021 00:48:02.606,1.17476,1.1747200000000002,0.75,0.75
09.08.2021 00:48:02.708,1.17476,1.1747100000000001,0.75,1.57
09.08.2021 00:48:05.481,1.17476,1.1747200000000002,0.75,0.75
09.08.2021 00:48:22.280,1.17475,1.1747100000000001,0.75,0.75
09.08.2021 00:48:27.463,1.1747400000000001,1.1747100000000001,0.37,0.75
09.08.2021 00:48:29.465,1.17475,1.1747100000000001,6,0.75
09.08.2021 00:48:30.465,1.1747400000000001,1.1747100000000001,0.37,0.75
09.08.2021 00:48:32.525,1.1747400000000001,1.1747,1.12,0.75
09.08.2021 00:48:52.685,1.17473,1.1747,0.37,0.75
09.08.2021 00:49:00.266,1.1747400000000001,1.1747,9.9,0.75
09.08.2021 00:49:08.101,1.17473,1.17469,0.75,0.75
09.08.2021 00:49:24.551,1.1747100000000001,1.17467,0.75,2.32
09.08.2021 00:49:45.313,1.1747200000000002,1.17468,0.75,0.75
09.08.2021 00:49:53.313,1.1747,1.17466,0.75,1.5
09.08.2021 00:50:09.313,1.1747100000000001,1.17467,1.5,0.75
09.08.2021 00:50:13.726,1.1747100000000001,1.17468,0.75,0.1
09.08.2021 00:50:14.200,1.1747100000000001,1.17467,0.75,1.2
09.08.2021 00:50:18.356,1.1747200000000002,1.17467,1.5,1.57
09.08.2021 00:50:41.866,1.1747200000000002,1.17468,0.75,0.1
09.08.2021 00:50:43.763,1.1747200000000002,1.17467,0.75,1.57
09.08.2021 00:50:44.053,1.1747200000000002,1.17468,0.75,0.45
09.08.2021 00:50:44.306,1.1747200000000002,1.17467,0.75,1.2
09.08.2021 00:50:50.125,1.1747200000000002,1.17468,0.75,1.95
09.08.2021 00:50:50.277,1.1747200000000002,1.17469,0.75,0.1
09.08.2021 00:50:50.378,1.1747200000000002,1.1747,0.75,2.89
09.08.2021 00:51:02.636,1.17473,1.1747,0.75,1.69
09.08.2021 00:51:02.738,1.1747400000000001,1.1747,0.75,2.32
09.08.2021 00:51:07.156,1.17473,1.1747,0.75,0.64
09.08.2021 00:51:07.258,1.17475,1.1747100000000001,0.75,1.57
09.08.2021 00:51:08.307,1.17477,1.17475,0.94,0.75
09.08.2021 00:51:08.358,1.17479,1.17477,8.85,3.07
09.08.2021 00:51:08.461,1.1748100000000001,1.17478,0.75,0.56
09.08.2021 00:51:11.145,1.17483,1.1748,1.5,0.82
09.08.2021 00:51:13.548,1.17484,1.1748,0.75,2.14
09.08.2021 00:51:19.108,1.17484,1.1748100000000001,0.75,0.75
09.08.2021 00:51:19.474,1.17487,1.17486,1.2,0.1
09.08.2021 00:51:19.576,1.1749100000000001,1.17488,15.9,0.37
09.08.2021 00:51:22.931,1.1749100000000001,1.17487,0.75,0.82
09.08.2021 00:51:23.032,1.1749,1.17486,0.75,1.95
09.08.2021 00:51:23.134,1.17489,1.17486,0.75,1.2
09.08.2021 00:51:23.857,1.1749,1.17487,0.75,0.1
09.08.2021 00:51:26.373,1.17488,1.17486,0.75,1.57
09.08.2021 00:51:26.477,1.17488,1.17484,0.75,1.2
09.08.2021 00:51:47.647,1.17489,1.17485,1.5,0.82
09.08.2021 00:52:13.860,1.17488,1.17484,0.75,1.2
09.08.2021 00:52:19.053,1.17485,1.17484,0.75,0.75
09.08.2021 00:52:19.104,1.17485,1.1748100000000001,0.75,3.49
09.08.2021 00:52:21.525,1.17484,1.1748,0.75,1.57
09.08.2021 00:52:26.603,1.17483,1.17479,0.75,1.2
09.08.2021 00:52:54.394,1.17485,1.1748100000000001,2.06,0.82
09.08.2021 00:52:54.495,1.17485,1.1748200000000002,0.75,0.1
09.08.2021 00:53:01.882,1.17486,1.17483,0.75,0.1
09.08.2021 00:53:05.965,1.17487,1.17483,0.75,2.89
09.08.2021 00:53:09.324,1.17488,1.17484,1.57,0.75
09.08.2021 00:53:28.564,1.1749100000000001,1.17487,2.7,1.2
09.08.2021 00:53:28.666,1.1749100000000001,1.17489,1.2,0.75
09.08.2021 00:53:28.767,1.1749200000000002,1.1749,0.75,0.75
09.08.2021 00:53:33.313,1.17494,1.1749,0.94,0.75
09.08.2021 00:53:36.980,1.17494,1.1749100000000001,0.75,1.57
09.08.2021 00:53:37.285,1.17496,1.17493,0.94,1.2
09.08.2021 00:53:37.386,1.17496,1.17494,0.75,1.12
09.08.2021 00:53:38.504,1.17494,1.1749100000000001,0.75,0.75
09.08.2021 00:53:38.606,1.17494,1.1749,0.75,1.95
09.08.2021 00:53:42.360,1.17493,1.17489,0.75,1.12
09.08.2021 00:53:54.313,1.17494,1.1749,1.69,0.75
09.08.2021 00:54:04.797,1.1749100000000001,1.17487,0.75,0.75
09.08.2021 00:54:05.000,1.1749200000000002,1.17488,0.75,0.75
09.08.2021 00:54:14.937,1.17489,1.17486,0.75,0.75
09.08.2021 00:54:15.089,1.17489,1.17485,0.75,8.25
09.08.2021 00:54:17.505,1.1749,1.17487,8.1,1.2
09.08.2021 00:54:17.606,1.1749100000000001,1.17487,0.75,1.2
09.08.2021 00:54:34.362,1.1749200000000002,1.17488,0.75,1.12
09.08.2021 00:54:34.915,1.1749,1.17488,0.75,1.57
09.08.2021 00:54:49.912,1.1749200000000002,1.17488,0.75,0.75
09.08.2021 00:54:58.603,1.1749100000000001,1.17487,0.75,1.5
09.08.2021 00:55:00.192,1.1749200000000002,1.17488,0.94,0.75
09.08.2021 00:55:06.511,1.17493,1.17489,0.75,0.75
09.08.2021 00:55:06.613,1.17494,1.1749,1.5,0.75
09.08.2021 00:55:07.069,1.17493,1.1749200000000002,0.75,0.37
09.08.2021 00:55:07.171,1.1749500000000002,1.1749100000000001,0.75,0.75
09.08.2021 00:55:07.988,1.17493,1.1749200000000002,0.75,0.75
09.08.2021 00:55:12.363,1.17496,1.17493,1.69,0.75
09.08.2021 00:55:12.464,1.17497,1.17493,0.75,0.75
09.08.2021 00:55:18.322,1.17497,1.17494,0.75,0.75
09.08.2021 00:55:19.998,1.17497,1.17493,1.01,0.75
09.08.2021 00:55:23.123,1.17498,1.1749500000000002,0.75,0.75
09.08.2021 00:55:23.327,1.17501,1.17498,1.2,0.75
09.08.2021 00:55:23.429,1.17501,1.17499,0.45,2.44
09.08.2021 00:55:23.480,1.17503,1.17499,0.82,2.44
09.08.2021 00:55:23.531,1.17506,1.17503,1.65,0.75
09.08.2021 00:55:23.633,1.1750500000000001,1.17503,1.46,1.5
09.08.2021 00:55:23.735,1.17507,1.1750500000000001,0.82,0.75
09.08.2021 00:55:26.549,1.17506,1.17504,0.94,0.75
09.08.2021 00:55:26.650,1.1750500000000001,1.17501,0.82,1.5
09.08.2021 00:55:30.471,1.17504,1.17501,0.75,0.75
09.08.2021 00:55:31.522,1.17506,1.1750200000000002,1.5,1.2
09.08.2021 00:55:31.674,1.17507,1.17504,1.76,0.75
09.08.2021 00:55:33.185,1.17507,1.17503,0.82,0.75
09.08.2021 00:55:33.286,1.17508,1.17504,0.82,0.75
09.08.2021 00:55:35.028,1.17506,1.17504,0.94,0.75
09.08.2021 00:55:35.129,1.1750500000000001,1.17501,0.82,1.5
09.08.2021 00:55:35.635,1.17506,1.17504,1.01,0.75
09.08.2021 00:55:35.736,1.17507,1.17504,0.19,0.75
09.08.2021 00:55:37.034,1.17507,1.1750500000000001,1.76,0.75
09.08.2021 00:55:47.437,1.17507,1.17503,1.39,0.75
09.08.2021 00:55:50.022,1.17508,1.17504,1.39,0.75
09.08.2021 00:55:56.010,1.17507,1.17503,0.75,1.57
09.08.2021 00:56:01.024,1.1750500000000001,1.17503,0.75,1.57
09.08.2021 00:56:01.126,1.1750500000000001,1.17501,0.75,2.32
09.08.2021 00:56:01.429,1.1750500000000001,1.1750200000000002,0.75,0.75
09.08.2021 00:56:02.419,1.17506,1.1750200000000002,0.75,1.2
09.08.2021 00:56:02.521,1.17506,1.17503,1.5,0.75
09.08.2021 00:56:02.622,1.17506,1.1750200000000002,0.75,0.82
09.08.2021 00:56:02.724,1.1750500000000001,1.17501,0.75,0.82
09.08.2021 00:56:09.868,1.17506,1.17503,0.75,0.1
09.08.2021 00:56:10.035,1.17506,1.1750200000000002,1.5,1.95
09.08.2021 00:56:10.137,1.17504,1.17501,0.75,1.12
09.08.2021 00:56:11.728,1.17504,1.175,0.75,1.76
09.08.2021 00:56:15.845,1.1750500000000001,1.17501,0.75,1.57
09.08.2021 00:56:15.946,1.17506,1.1750200000000002,0.82,0.75
09.08.2021 00:56:16.098,1.1750500000000001,1.1750200000000002,0.75,0.75
09.08.2021 00:56:16.250,1.1750500000000001,1.17501,0.75,2.32
09.08.2021 00:56:17.519,1.17506,1.17503,0.75,0.75
09.08.2021 00:56:17.621,1.17507,1.17503,0.75,1.2
09.08.2021 00:56:20.336,1.17506,1.17503,0.75,0.75
09.08.2021 00:56:20.437,1.17506,1.1750200000000002,0.75,0.75
09.08.2021 00:56:20.538,1.1750500000000001,1.17501,0.75,1.57
09.08.2021 00:56:24.375,1.17503,1.17501,0.75,0.75
09.08.2021 00:56:26.665,1.17503,1.17499,0.75,1.87
09.08.2021 00:56:26.766,1.1750200000000002,1.17498,1.2,0.75
09.08.2021 00:56:26.868,1.175,1.17496,0.75,1.57
09.08.2021 00:56:29.288,1.17499,1.17496,0.75,0.75
09.08.2021 00:56:31.567,1.17499,1.1749500000000002,1.5,0.75
09.08.2021 00:56:35.710,1.17497,1.17494,0.75,0.37
09.08.2021 00:56:35.762,1.17496,1.1749200000000002,0.75,0.75
09.08.2021 00:56:35.813,1.17494,1.1749200000000002,0.75,2.66
09.08.2021 00:56:36.220,1.17494,1.1749,0.75,0.75
09.08.2021 00:56:39.167,1.17494,1.1749100000000001,0.75,0.75
09.08.2021 00:56:41.636,1.1749500000000002,1.1749100000000001,0.75,1.69
09.08.2021 00:56:41.738,1.17496,1.17493,0.75,0.37
09.08.2021 00:56:41.859,1.17497,1.17494,1.5,0.75
09.08.2021 00:56:53.236,1.17494,1.1749,0.75,5.81
09.08.2021 00:57:00.363,1.17493,1.17489,1.57,0.75
09.08.2021 00:57:00.465,1.1749200000000002,1.17488,0.75,1.95
09.08.2021 00:57:00.516,1.1749,1.17486,0.75,7.09
09.08.2021 00:57:03.415,1.1749100000000001,1.17488,0.75,0.75
09.08.2021 00:57:03.516,1.1749200000000002,1.17488,1.76,0.75
09.08.2021 00:57:12.302,1.17493,1.17489,1.57,0.75
09.08.2021 00:57:14.529,1.1749200000000002,1.17488,0.75,0.82
09.08.2021 00:57:17.804,1.1749,1.17487,0.75,0.75
09.08.2021 00:57:21.961,1.1749100000000001,1.17488,1.57,0.75
09.08.2021 00:57:25.878,1.1749100000000001,1.17487,0.75,1.2
09.08.2021 00:57:26.783,1.1749,1.17487,0.75,0.75
09.08.2021 00:57:26.884,1.1749,1.17486,0.75,0.82
09.08.2021 00:57:37.041,1.17489,1.17486,0.1,0.75
09.08.2021 00:57:37.262,1.1749,1.17486,0.82,0.75
09.08.2021 00:57:41.502,1.17489,1.17486,0.1,0.75
09.08.2021 00:57:42.008,1.17489,1.17488,0.82,0.75
09.08.2021 00:57:44.881,1.1749100000000001,1.17487,0.82,0.75
09.08.2021 00:57:48.912,1.1749200000000002,1.17488,0.82,0.75
09.08.2021 00:57:49.500,1.17493,1.1749,0.82,0.75
09.08.2021 00:57:49.551,1.17496,1.17493,8.29,0.75
09.08.2021 00:57:49.653,1.17494,1.1749100000000001,0.75,2.25
09.08.2021 00:57:49.805,1.1749500000000002,1.1749100000000001,0.82,2.25
09.08.2021 00:57:50.738,1.17496,1.1749200000000002,0.82,0.75
09.08.2021 00:57:50.840,1.17497,1.17493,0.82,1.12
09.08.2021 00:57:50.992,1.17497,1.17494,0.82,0.75
09.08.2021 00:58:01.924,1.17498,1.17494,0.82,1.31
09.08.2021 00:58:07.067,1.175,1.17497,1.5,0.82
09.08.2021 00:58:07.168,1.17501,1.17497,0.75,2.7
09.08.2021 00:58:07.270,1.1750200000000002,1.17498,0.75,0.82
09.08.2021 00:58:07.371,1.1750200000000002,1.17499,0.75,0.75
09.08.2021 00:58:12.313,1.17503,1.17499,1.57,0.75
09.08.2021 00:58:13.115,1.1750200000000002,1.17499,0.1,0.75
09.08.2021 00:58:16.977,1.17503,1.17499,0.82,1.5
09.08.2021 00:58:17.079,1.1750200000000002,1.17501,0.1,0.75
09.08.2021 00:58:17.182,1.17504,1.17501,0.82,0.75
09.08.2021 00:58:18.846,1.1750500000000001,1.17501,0.82,0.94
09.08.2021 00:58:18.947,1.17504,1.17501,0.82,0.75
09.08.2021 00:58:19.150,1.1750500000000001,1.1750200000000002,1.01,1.5
09.08.2021 00:58:19.252,1.17506,1.17503,0.75,1.5
09.08.2021 00:58:19.505,1.17507,1.17504,0.75,0.75
09.08.2021 00:58:21.660,1.17508,1.17504,1.57,0.75
09.08.2021 00:58:28.697,1.17506,1.1750200000000002,0.82,0.75
09.08.2021 00:58:28.798,1.17504,1.1750200000000002,0.75,3.9
09.08.2021 00:58:28.900,1.17504,1.17501,0.75,1.95
09.08.2021 00:58:36.078,1.1750500000000001,1.17501,0.75,1.95
09.08.2021 00:58:47.897,1.17504,1.175,0.75,0.82
09.08.2021 00:58:56.753,1.1750200000000002,1.175,0.1,0.75
09.08.2021 00:58:56.855,1.1750200000000002,1.17499,0.82,0.75
09.08.2021 00:58:56.956,1.175,1.17497,0.82,0.75
09.08.2021 00:58:57.058,1.175,1.17496,0.82,1.5
09.08.2021 00:58:57.311,1.175,1.17497,0.1,0.75
09.08.2021 00:58:57.412,1.1750200000000002,1.17498,0.82,1.5
09.08.2021 00:59:10.595,1.1750200000000002,1.17499,0.82,0.75
09.08.2021 00:59:19.183,1.175,1.17497,0.1,0.75
09.08.2021 00:59:19.285,1.17499,1.17496,0.1,1.95
09.08.2021 00:59:19.608,1.175,1.17497,0.82,0.75
09.08.2021 00:59:19.710,1.1750200000000002,1.17499,0.1,0.75
09.08.2021 00:59:19.812,1.17503,1.175,0.75,0.75
09.08.2021 00:59:20.014,1.17504,1.175,0.82,1.5
09.08.2021 00:59:20.353,1.1750500000000001,1.17501,1.5,0.82
09.08.2021 00:59:20.455,1.17506,1.1750200000000002,0.82,0.75
09.08.2021 00:59:28.857,1.1750500000000001,1.17501,0.75,1.57
09.08.2021 00:59:28.958,1.17504,1.17501,0.75,1.57
09.08.2021 00:59:30.694,1.17506,1.1750200000000002,0.82,0.75
09.08.2021 00:59:31.701,1.1750500000000001,1.17501,0.82,1.5
09.08.2021 00:59:31.803,1.17504,1.17501,0.75,1.5
09.08.2021 00:59:32.112,1.1750500000000001,1.17501,1.57,1.5
09.08.2021 00:59:34.409,1.17504,1.17501,0.75,1.5
09.08.2021 00:59:34.954,1.1750500000000001,1.17501,0.75,1.57
09.08.2021 00:59:36.213,1.17506,1.1750200000000002,1.57,0.75
09.08.2021 00:59:36.416,1.17507,1.17504,0.75,0.75
09.08.2021 00:59:36.923,1.17508,1.17504,1.01,0.75
09.08.2021 00:59:37.100,1.17507,1.17504,0.1,0.75
09.08.2021 00:59:40.966,1.1750500000000001,1.1750200000000002,0.1,1.5
09.08.2021 00:59:43.506,1.17507,1.1750500000000001,0.1,0.75
09.08.2021 00:59:47.541,1.17507,1.17504,0.1,1.5
09.08.2021 00:59:48.823,1.17507,1.1750500000000001,0.1,0.75
09.08.2021 00:59:48.926,1.17508,1.1750500000000001,0.1,2.25
09.08.2021 00:59:51.905,1.17508,1.17506,0.1,1.5
09.08.2021 00:59:52.006,1.17509,1.17506,1.5,0.75
09.08.2021 01:00:00.539,1.17511,1.17507,0.75,1.87
09.08.2021 01:00:00.641,1.1751200000000002,1.17511,1.2,0.75
09.08.2021 01:00:00.793,1.17514,1.1751,0.82,0.75
09.08.2021 01:00:00.905,1.1751200000000002,1.17511,0.75,0.75
09.08.2021 01:00:02.112,1.1751500000000001,1.17511,2.89,0.75
09.08.2021 01:00:02.214,1.17516,1.1751200000000002,0.75,3.37
09.08.2021 01:00:02.265,1.17516,1.1751500000000001,0.75,0.75
09.08.2021 01:00:02.316,1.17519,1.1751500000000001,1.57,0.75
09.08.2021 01:00:03.812,1.17517,1.17514,1.5,0.75
09.08.2021 01:00:05.162,1.1751500000000001,1.17511,0.82,0.75
09.08.2021 01:00:07.293,1.17514,1.17511,0.1,0.75
09.08.2021 01:00:09.372,1.1751200000000002,1.17508,0.82,4.12
09.08.2021 01:00:09.423,1.1751,1.17507,0.75,1.5
09.08.2021 01:00:09.524,1.17511,1.17507,0.75,2.7
09.08.2021 01:00:15.602,1.17511,1.17509,0.75,0.82
09.08.2021 01:00:15.704,1.17513,1.17509,1.84,0.75
09.08.2021 01:00:20.501,1.1751500000000001,1.1751200000000002,3.75,0.75
09.08.2021 01:00:20.602,1.1751500000000001,1.17514,0.45,0.75
09.08.2021 01:00:20.704,1.17517,1.17514,1.5,0.75
09.08.2021 01:00:20.805,1.17517,1.1751500000000001,0.75,0.75
09.08.2021 01:00:20.969,1.17518,1.1751500000000001,0.82,0.75
09.08.2021 01:00:22.756,1.17521,1.17518,1.2,0.75
09.08.2021 01:00:22.912,1.17523,1.1752,1.76,0.75
09.08.2021 01:00:26.515,1.1752,1.17516,0.82,3.45
09.08.2021 01:00:28.881,1.17519,1.17516,0.1,0.75
09.08.2021 01:00:29.088,1.17521,1.17517,0.75,0.82
09.08.2021 01:00:29.190,1.1752200000000002,1.17519,1.2,0.75
09.08.2021 01:00:31.584,1.1752200000000002,1.17518,2.51,0.75
09.08.2021 01:00:31.737,1.1752200000000002,1.17519,0.19,0.75
09.08.2021 01:00:31.840,1.17523,1.17519,0.82,0.75
09.08.2021 01:00:40.756,1.17524,1.17521,2.51,0.75
09.08.2021 01:00:40.807,1.1752200000000002,1.1752,0.75,0.82
09.08.2021 01:00:43.223,1.1752,1.17517,0.75,3.49
09.08.2021 01:00:43.426,1.1752,1.17516,0.75,0.75
09.08.2021 01:00:43.782,1.17519,1.1751500000000001,0.75,3.64
09.08.2021 01:00:45.858,1.17519,1.17516,0.75,0.75
09.08.2021 01:00:45.960,1.17519,1.1751500000000001,0.75,0.75
09.08.2021 01:00:48.788,1.17518,1.1751500000000001,0.75,0.75
09.08.2021 01:00:55.875,1.17518,1.17514,0.75,0.82
09.08.2021 01:00:59.899,1.1751500000000001,1.1751200000000002,0.75,1.27
09.08.2021 01:01:00.949,1.17514,1.17511,0.75,0.19
09.08.2021 01:01:01.051,1.17514,1.1751,0.75,2.4
09.08.2021 01:01:07.418,1.17513,1.1751,0.1,0.75
09.08.2021 01:01:07.621,1.17513,1.17509,0.82,1.12
09.08.2021 01:01:10.138,1.17513,1.1751,0.75,2.14
09.08.2021 01:01:10.240,1.17514,1.17511,0.75,0.37
09.08.2021 01:01:10.291,1.17516,1.1751200000000002,0.82,2.06
09.08.2021 01:01:10.444,1.17517,1.17513,0.82,0.75
09.08.2021 01:01:21.354,1.17517,1.17514,0.1,0.75
09.08.2021 01:01:27.070,1.17517,1.1751500000000001,0.1,0.75
09.08.2021 01:01:27.172,1.17517,1.17516,0.82,0.75
09.08.2021 01:01:32.131,1.17519,1.17516,0.82,0.94
09.08.2021 01:01:32.590,1.17519,1.1751500000000001,0.82,2.44
09.08.2021 01:01:35.413,1.17519,1.17516,0.82,0.75
09.08.2021 01:01:37.442,1.17519,1.1751500000000001,0.75,2.51
09.08.2021 01:01:42.313,1.17518,1.1751500000000001,0.75,1.76
09.08.2021 01:01:44.893,1.1752200000000002,1.17518,1.2,1.76
09.08.2021 01:01:44.995,1.17521,1.1752,1.2,0.19
09.08.2021 01:01:45.096,1.17523,1.17519,0.75,0.94
09.08.2021 01:01:46.235,1.17524,1.17521,3.45,0.75
09.08.2021 01:01:59.077,1.1752200000000002,1.17519,0.75,0.75
09.08.2021 01:01:59.330,1.17523,1.17519,0.75,0.94
09.08.2021 01:02:01.209,1.1752200000000002,1.17518,1.5,0.75
09.08.2021 01:02:01.312,1.17521,1.17517,0.75,0.75
09.08.2021 01:02:07.987,1.17519,1.17517,0.75,0.94
09.08.2021 01:02:08.139,1.17521,1.17517,1.57,0.75
09.08.2021 01:02:10.739,1.1752200000000002,1.17518,0.75,0.94
09.08.2021 01:02:10.840,1.17523,1.1752,1.2,0.75
