Gmt time,Ask,Bid,AskVolume,BidVolume
04.08.2021 00:00:00.963,1.18695,1.18693,0.1,0.75
04.08.2021 00:00:01.417,1.18696,1.1869100000000001,0.1,0.82
04.08.2021 00:00:05.015,1.18696,1.18694,0.26,0.75
04.08.2021 00:00:06.243,1.18695,1.1869100000000001,0.82,0.75
04.08.2021 00:00:06.294,1.1869100000000001,1.1869,0.1,8.25
04.08.2021 00:00:06.396,1.18693,1.1869,0.94,0.75
04.08.2021 00:00:06.497,1.1869100000000001,1.18689,0.1,8.25
04.08.2021 00:00:08.216,1.1869200000000002,1.18689,3.56,0.75
04.08.2021 00:00:10.033,1.1869100000000001,1.18689,0.1,0.75
04.08.2021 00:00:12.482,1.1869200000000002,1.1869,0.1,0.75
04.08.2021 00:00:14.511,1.18693,1.1869,0.1,0.75
04.08.2021 00:00:14.612,1.18694,1.1869,0.1,0.75
04.08.2021 00:00:14.713,1.18694,1.1869100000000001,0.1,0.75
04.08.2021 00:00:17.673,1.1869200000000002,1.1869,0.1,0.75
04.08.2021 00:00:17.776,1.1869,1.18689,0.1,1.2
04.08.2021 00:00:17.878,1.1869100000000001,1.18688,0.1,0.75
04.08.2021 00:00:34.262,1.1869,1.18688,0.26,0.75
04.08.2021 00:00:34.363,1.1869,1.18687,0.26,0.75
04.08.2021 00:00:34.520,1.1869,1.18688,1.39,0.75
04.08.2021 00:00:34.621,1.1869,1.18687,0.19,0.75
04.08.2021 00:00:34.924,1.1869100000000001,1.18688,0.37,0.75
04.08.2021 00:00:35.127,1.1869100000000001,1.18687,0.64,0.75
04.08.2021 00:00:35.416,1.1869200000000002,1.18688,0.71,0.75
04.08.2021 00:00:35.518,1.1869100000000001,1.18687,0.1,0.75
04.08.2021 00:00:35.625,1.1869100000000001,1.18688,0.1,0.75
04.08.2021 00:00:35.905,1.1869200000000002,1.18688,0.26,0.75
04.08.2021 00:00:36.108,1.1869100000000001,1.18688,0.1,0.75
04.08.2021 00:00:45.704,1.1869,1.18688,0.1,0.75
04.08.2021 00:00:51.323,1.1869100000000001,1.18688,0.1,0.75
04.08.2021 00:00:54.727,1.1869,1.18688,0.1,0.75
04.08.2021 00:00:59.618,1.1869,1.18687,0.1,0.75
04.08.2021 00:01:07.648,1.1869100000000001,1.18687,0.1,1.12
04.08.2021 00:01:12.476,1.1869100000000001,1.18688,0.1,0.75
04.08.2021 00:01:19.014,1.1869,1.18687,0.1,0.75
04.08.2021 00:01:23.182,1.1869100000000001,1.18688,0.1,0.75
04.08.2021 00:01:24.825,1.18693,1.1869,0.82,0.75
04.08.2021 00:01:24.927,1.18694,1.1869100000000001,0.52,0.75
04.08.2021 00:01:25.028,1.18696,1.1869100000000001,1.01,2.7
04.08.2021 00:01:31.640,1.18695,1.1869100000000001,0.1,2.25
04.08.2021 00:01:37.913,1.18693,1.1869,0.1,2.25
04.08.2021 00:01:38.014,1.1869200000000002,1.18688,0.82,1.87
04.08.2021 00:01:38.116,1.1869100000000001,1.18688,0.1,0.75
04.08.2021 00:01:38.217,1.1869100000000001,1.18687,0.26,0.75
04.08.2021 00:01:43.098,1.1869,1.18686,0.1,2.25
04.08.2021 00:01:43.708,1.1869,1.18687,0.1,0.75
04.08.2021 00:01:47.190,1.1869,1.18686,0.1,2.25
04.08.2021 00:02:03.105,1.1869100000000001,1.18686,1.01,2.25
04.08.2021 00:02:03.206,1.1869,1.18686,0.1,2.25
04.08.2021 00:02:10.119,1.1869,1.18687,0.1,0.75
04.08.2021 00:02:23.214,1.1869,1.18686,0.1,2.25
04.08.2021 00:02:31.154,1.1869100000000001,1.18686,0.82,2.25
04.08.2021 00:02:38.129,1.1869100000000001,1.18687,0.82,0.75
04.08.2021 00:02:42.061,1.1869,1.18686,0.1,1.5
04.08.2021 00:02:42.162,1.18689,1.18686,0.19,1.5
04.08.2021 00:02:42.314,1.18687,1.18685,2.06,0.75
04.08.2021 00:02:42.366,1.18686,1.18683,1.69,0.75
04.08.2021 00:02:42.417,1.18686,1.1868100000000001,2.14,8.25
04.08.2021 00:02:42.469,1.1868200000000002,1.18678,1.5,8.24
04.08.2021 00:02:42.673,1.1868100000000001,1.18678,0.94,0.75
04.08.2021 00:02:42.775,1.1868100000000001,1.18677,1.69,0.37
04.08.2021 00:02:43.455,1.1868100000000001,1.18676,1.69,2.32
04.08.2021 00:02:43.949,1.1868100000000001,1.18677,1.69,0.37
04.08.2021 00:02:44.455,1.1868100000000001,1.18676,1.69,2.7
04.08.2021 00:02:45.905,1.1868,1.18676,0.75,1.95
04.08.2021 00:02:46.007,1.1868100000000001,1.18676,2.51,1.5
04.08.2021 00:02:46.108,1.18678,1.1867400000000001,1.69,0.75
04.08.2021 00:02:46.209,1.18678,1.18673,4.01,1.5
04.08.2021 00:02:46.362,1.18676,1.18673,0.75,0.75
04.08.2021 00:02:46.413,1.1867200000000002,1.1867,0.19,0.45
04.08.2021 00:02:46.514,1.1867200000000002,1.18668,1.76,0.75
04.08.2021 00:02:46.615,1.1867100000000002,1.1866700000000001,0.19,3
04.08.2021 00:02:47.204,1.1867,1.1866700000000001,0.19,0.75
04.08.2021 00:02:55.310,1.1867,1.18666,0.19,1.57
04.08.2021 00:02:59.385,1.1867100000000002,1.18666,0.82,1.87
04.08.2021 00:03:04.302,1.1867,1.18666,0.75,1.5
04.08.2021 00:03:04.506,1.1867100000000002,1.18666,1.2,1.5
04.08.2021 00:03:06.753,1.18669,1.18666,2.06,1.5
04.08.2021 00:03:06.854,1.1867100000000002,1.18666,1.39,0.82
04.08.2021 00:03:06.955,1.1867,1.18666,0.1,0.75
04.08.2021 00:03:07.057,1.1867100000000002,1.18666,1.01,0.82
04.08.2021 00:03:07.706,1.1867,1.18665,1.76,1.5
04.08.2021 00:03:09.793,1.1867100000000002,1.18666,1.39,0.75
04.08.2021 00:03:10.610,1.18673,1.18668,6.31,2.25
04.08.2021 00:03:10.712,1.1867400000000001,1.1867,1.5,1.87
04.08.2021 00:03:10.814,1.18675,1.1867,2.14,0.75
04.08.2021 00:03:10.915,1.1867400000000001,1.18669,1.95,1.5
04.08.2021 00:03:11.017,1.18673,1.18669,1.01,0.75
04.08.2021 00:03:13.522,1.1867200000000002,1.18668,0.82,1.5
04.08.2021 00:03:13.624,1.1867400000000001,1.1867,0.26,0.75
04.08.2021 00:03:13.826,1.1867200000000002,1.18669,0.1,0.75
04.08.2021 00:03:13.927,1.1867200000000002,1.18668,1.2,0.75
04.08.2021 00:03:14.028,1.1867100000000002,1.18668,1.95,1.5
04.08.2021 00:03:14.130,1.1867100000000002,1.18666,0.82,2.62
04.08.2021 00:03:16.071,1.1867,1.18666,0.82,0.75
04.08.2021 00:03:16.172,1.18668,1.18666,1.95,1.5
04.08.2021 00:03:16.274,1.18668,1.18664,3.26,0.75
04.08.2021 00:03:16.375,1.1866700000000001,1.18663,0.26,0.75
04.08.2021 00:03:16.476,1.18666,1.1866100000000002,0.75,2.32
04.08.2021 00:03:18.820,1.1866700000000001,1.18664,0.1,0.75
04.08.2021 00:03:18.921,1.18669,1.18664,3.34,1.5
04.08.2021 00:03:20.748,1.1867,1.18665,0.82,3.37
04.08.2021 00:03:20.799,1.1867,1.1866700000000001,0.1,0.75
04.08.2021 00:03:20.920,1.1867100000000002,1.1866700000000001,1.12,0.75
04.08.2021 00:03:21.754,1.1867200000000002,1.1866700000000001,1.39,1.5
04.08.2021 00:03:27.630,1.1867100000000002,1.1866700000000001,0.1,1.5
04.08.2021 00:03:31.251,1.1867100000000002,1.18666,1.01,2.25
04.08.2021 00:03:31.366,1.1867100000000002,1.18668,1.39,0.75
04.08.2021 00:03:32.115,1.1867,1.18668,0.26,0.75
04.08.2021 00:03:33.489,1.1867200000000002,1.1866700000000001,1.39,1.5
04.08.2021 00:03:33.853,1.18665,1.18664,1.69,6.29
04.08.2021 00:03:33.955,1.1866700000000001,1.18663,0.19,0.75
04.08.2021 00:03:34.056,1.18666,1.1866200000000002,0.82,7.5
04.08.2021 00:03:34.158,1.18665,1.1866,1.76,2.62
04.08.2021 00:03:34.259,1.18665,1.1866100000000002,0.82,0.75
04.08.2021 00:03:34.361,1.18666,1.1866100000000002,1.39,0.75
04.08.2021 00:03:34.513,1.18665,1.1866100000000002,1.39,0.75
04.08.2021 00:03:34.564,1.18663,1.18658,1.57,7.42
04.08.2021 00:03:40.284,1.1866200000000002,1.18658,0.37,2.25
04.08.2021 00:03:46.882,1.18665,1.1866,7.43,1.5
04.08.2021 00:03:46.984,1.18664,1.1866,0.1,2.25
04.08.2021 00:03:47.085,1.18665,1.1866100000000002,0.82,0.75
04.08.2021 00:03:51.467,1.18663,1.18659,0.1,1.5
04.08.2021 00:03:53.700,1.1866200000000002,1.18658,0.82,1.5
04.08.2021 00:04:01.291,1.1866100000000002,1.1865700000000001,0.1,1.5
04.08.2021 00:04:01.605,1.1866200000000002,1.1865700000000001,0.82,1.5
04.08.2021 00:04:01.706,1.1866100000000002,1.1865700000000001,0.1,1.5
04.08.2021 00:04:02.772,1.1866100000000002,1.18656,0.82,3.75
04.08.2021 00:04:03.693,1.18659,1.18655,0.26,0.75
04.08.2021 00:04:03.896,1.1865700000000001,1.18653,1.39,1.5
04.08.2021 00:04:03.997,1.18656,1.18652,0.1,2.7
04.08.2021 00:04:04.150,1.18656,1.1865100000000002,1.01,2.62
04.08.2021 00:04:04.252,1.18652,1.1865,0.19,0.75
04.08.2021 00:04:04.303,1.18652,1.18648,0.82,5.47
04.08.2021 00:04:04.406,1.1865100000000002,1.1864700000000001,1.39,1.2
04.08.2021 00:04:04.508,1.1865,1.18646,1.01,1.5
04.08.2021 00:04:04.975,1.18649,1.18646,0.1,0.75
04.08.2021 00:04:05.129,1.1865,1.18646,1.84,0.75
04.08.2021 00:04:05.382,1.1865100000000002,1.1864700000000001,1.95,0.75
04.08.2021 00:04:05.585,1.18653,1.1865100000000002,0.45,0.75
04.08.2021 00:04:05.636,1.18655,1.1865100000000002,0.45,1.5
04.08.2021 00:04:05.737,1.18656,1.18652,0.45,0.75
04.08.2021 00:04:06.497,1.18654,1.1865100000000002,0.1,0.75
04.08.2021 00:04:12.077,1.18655,1.18652,0.82,0.75
04.08.2021 00:04:12.178,1.18654,1.1865100000000002,0.1,0.75
04.08.2021 00:04:12.532,1.18655,1.1865100000000002,0.1,0.75
04.08.2021 00:04:13.139,1.18654,1.1865100000000002,0.75,0.75
04.08.2021 00:04:13.240,1.18654,1.1865,0.1,2.25
04.08.2021 00:04:14.274,1.18654,1.1865100000000002,0.1,0.75
04.08.2021 00:04:15.355,1.18655,1.1865100000000002,0.82,0.75
04.08.2021 00:04:15.824,1.18654,1.1865100000000002,0.1,0.75
04.08.2021 00:04:16.807,1.18654,1.1865,0.1,1.5
04.08.2021 00:04:17.108,1.18654,1.1865100000000002,0.1,0.75
04.08.2021 00:04:17.210,1.18655,1.1865100000000002,0.82,0.75
04.08.2021 00:04:18.204,1.18654,1.1865100000000002,0.1,0.75
04.08.2021 00:04:18.738,1.18652,1.18648,0.37,2.25
04.08.2021 00:04:18.840,1.1865100000000002,1.18648,0.1,0.75
04.08.2021 00:04:19.244,1.1865,1.18648,0.1,1.87
04.08.2021 00:04:20.365,1.1865100000000002,1.18649,1.2,0.75
04.08.2021 00:04:20.730,1.18652,1.18649,0.45,0.75
04.08.2021 00:04:22.369,1.18653,1.18649,1.95,0.75
04.08.2021 00:04:22.969,1.18652,1.18649,0.1,0.75
04.08.2021 00:04:23.686,1.18653,1.1865,1.39,0.75
04.08.2021 00:04:23.939,1.18652,1.18649,1.01,0.75
04.08.2021 00:04:24.259,1.18652,1.18648,0.64,1.5
04.08.2021 00:04:26.785,1.18654,1.1865,0.45,0.75
04.08.2021 00:04:26.886,1.18653,1.18652,0.45,0.75
04.08.2021 00:04:27.139,1.18653,1.1865,0.26,0.75
04.08.2021 00:04:27.241,1.1865100000000002,1.1865,0.64,0.75
04.08.2021 00:04:27.494,1.18652,1.18648,0.1,2.62
04.08.2021 00:04:27.596,1.18654,1.1865100000000002,0.1,0.75
04.08.2021 00:04:27.981,1.18655,1.1865100000000002,0.26,0.75
04.08.2021 00:04:29.654,1.18655,1.18652,0.26,0.75
04.08.2021 00:04:30.016,1.18652,1.1865100000000002,0.19,0.75
04.08.2021 00:04:30.592,1.18654,1.1865100000000002,0.45,0.75
04.08.2021 00:04:33.769,1.18653,1.18649,0.1,1.12
04.08.2021 00:04:38.752,1.18652,1.18649,0.45,0.75
04.08.2021 00:04:44.089,1.1865100000000002,1.18648,0.26,0.75
04.08.2021 00:04:44.191,1.1865,1.18648,0.19,0.75
04.08.2021 00:04:45.113,1.1865,1.1864700000000001,0.94,0.75
04.08.2021 00:04:45.308,1.18649,1.1864700000000001,0.94,0.75
04.08.2021 00:04:45.781,1.1865,1.1864700000000001,0.26,0.75
04.08.2021 00:04:46.134,1.18648,1.18645,1.95,1.5
04.08.2021 00:04:46.236,1.18646,1.1864299999999999,0.26,1.2
04.08.2021 00:04:46.338,1.18645,1.1864299999999999,0.19,0.75
04.08.2021 00:04:46.439,1.18645,1.18644,0.26,0.75
04.08.2021 00:04:46.775,1.18649,1.18646,0.37,1.87
04.08.2021 00:04:46.876,1.1865100000000002,1.18646,6.05,2.62
04.08.2021 00:04:46.978,1.1865100000000002,1.1864700000000001,0.26,0.75
04.08.2021 00:04:49.032,1.1865,1.1864700000000001,0.26,0.75
04.08.2021 00:04:50.301,1.18649,1.1864700000000001,0.19,0.75
04.08.2021 00:04:50.759,1.1865,1.1864700000000001,0.26,0.75
04.08.2021 00:04:53.339,1.1865100000000002,1.1864700000000001,1.01,0.75
04.08.2021 00:04:53.541,1.1865,1.1864700000000001,0.19,0.75
04.08.2021 00:04:57.026,1.18649,1.18646,0.26,0.75
04.08.2021 00:04:57.279,1.1864700000000001,1.18645,0.94,0.75
04.08.2021 00:04:57.381,1.18646,1.1864299999999999,1.01,1.2
04.08.2021 00:04:57.482,1.18646,1.18642,0.26,1.5
04.08.2021 00:04:58.887,1.1864299999999999,1.18642,0.75,0.75
04.08.2021 00:04:58.989,1.18645,1.1864100000000002,0.64,0.75
04.08.2021 00:04:59.141,1.18646,1.1864100000000002,1.84,0.75
04.08.2021 00:04:59.293,1.18645,1.1864100000000002,1.31,0.75
04.08.2021 00:04:59.394,1.18645,1.1864000000000001,1.76,1.5
04.08.2021 00:05:00.263,1.18644,1.1864100000000002,1.39,0.75
04.08.2021 00:05:00.718,1.18644,1.1864000000000001,2.14,0.75
04.08.2021 00:05:01.200,1.1864100000000002,1.18639,0.19,0.75
04.08.2021 00:05:01.301,1.1864100000000002,1.18636,2.14,2.7
04.08.2021 00:05:01.403,1.1864000000000001,1.18636,0.19,1.12
04.08.2021 00:05:04.956,1.1863299999999999,1.1863100000000002,0.94,0.75
04.08.2021 00:05:05.057,1.18634,1.1863000000000001,0.82,1.5
04.08.2021 00:05:05.159,1.1863100000000002,1.18629,0.1,7.5
04.08.2021 00:05:05.210,1.1863100000000002,1.1862700000000002,0.82,1.5
04.08.2021 00:05:05.513,1.18632,1.1862700000000002,0.82,1.57
04.08.2021 00:05:06.109,1.18632,1.18628,0.82,0.75
04.08.2021 00:05:06.161,1.18635,1.1863100000000002,1.27,0.75
04.08.2021 00:05:06.263,1.18634,1.1863100000000002,0.75,0.75
04.08.2021 00:05:06.364,1.18634,1.18632,1.39,1.5
04.08.2021 00:05:06.897,1.18634,1.1863000000000001,1.76,0.75
04.08.2021 00:05:07.049,1.1863299999999999,1.18629,0.1,1.5
04.08.2021 00:05:09.237,1.18634,1.1863000000000001,2.51,1.12
04.08.2021 00:05:09.440,1.18634,1.18629,3.64,1.57
04.08.2021 00:05:11.483,1.1863299999999999,1.18629,0.1,0.75
04.08.2021 00:05:12.744,1.18634,1.1863000000000001,0.1,1.5
04.08.2021 00:05:12.794,1.18636,1.18634,0.45,0.75
04.08.2021 00:05:12.896,1.18636,1.1863299999999999,0.71,0.75
04.08.2021 00:05:13.003,1.18636,1.18632,0.26,1.12
04.08.2021 00:05:13.105,1.18634,1.1863100000000002,0.75,0.82
04.08.2021 00:05:13.207,1.18634,1.1863000000000001,0.75,1.87
04.08.2021 00:05:13.308,1.18635,1.1863100000000002,1.39,0.37
04.08.2021 00:05:13.510,1.18635,1.1863000000000001,1.39,0.75
04.08.2021 00:05:13.612,1.18635,1.1863100000000002,1.39,0.75
04.08.2021 00:05:13.713,1.18634,1.1863000000000001,1.5,0.75
04.08.2021 00:05:15.098,1.18635,1.1863000000000001,1.39,0.75
04.08.2021 00:05:17.019,1.18635,1.1863100000000002,1.2,0.75
04.08.2021 00:05:17.120,1.18634,1.1863000000000001,1.12,1.12
04.08.2021 00:05:17.221,1.18635,1.1863000000000001,2.14,1.12
04.08.2021 00:05:17.322,1.18635,1.1863100000000002,1.95,0.75
04.08.2021 00:05:18.371,1.18636,1.1863100000000002,2.89,0.75
04.08.2021 00:05:18.472,1.18634,1.1863000000000001,1.12,0.75
04.08.2021 00:05:18.574,1.18634,1.18629,2.14,1.87
04.08.2021 00:05:22.107,1.18635,1.1863000000000001,1.2,0.82
04.08.2021 00:05:22.209,1.1863299999999999,1.1863100000000002,2.44,0.75
04.08.2021 00:05:22.311,1.18632,1.1863000000000001,0.37,1.12
04.08.2021 00:05:24.621,1.18634,1.18629,2.14,1.5
04.08.2021 00:05:26.356,1.1863299999999999,1.18629,0.82,1.5
04.08.2021 00:05:27.077,1.18632,1.18628,2.14,0.75
04.08.2021 00:05:27.230,1.1863100000000002,1.1862700000000002,0.75,0.75
04.08.2021 00:05:27.534,1.1863000000000001,1.1862700000000002,0.94,0.75
04.08.2021 00:05:27.637,1.1863100000000002,1.1862700000000002,1.39,0.75
04.08.2021 00:05:29.108,1.18632,1.1862700000000002,2.14,1.12
04.08.2021 00:05:29.210,1.1863000000000001,1.18628,0.75,1.12
04.08.2021 00:05:31.200,1.18632,1.1862700000000002,2.14,1.12
04.08.2021 00:05:31.648,1.18632,1.18629,1.39,0.75
04.08.2021 00:05:31.749,1.18634,1.1863100000000002,0.45,0.75
04.08.2021 00:05:31.851,1.18635,1.1863100000000002,2.14,0.75
04.08.2021 00:05:33.578,1.18634,1.1863100000000002,0.19,0.75
04.08.2021 00:05:33.914,1.18635,1.1863100000000002,0.19,0.75
04.08.2021 00:05:34.066,1.18634,1.1863000000000001,0.82,0.75
04.08.2021 00:05:34.167,1.18634,1.18629,2.14,1.12
04.08.2021 00:05:34.430,1.1863299999999999,1.18629,1.12,0.75
04.08.2021 00:05:36.237,1.18634,1.1863000000000001,0.75,0.75
04.08.2021 00:05:36.339,1.18635,1.1863000000000001,1.2,0.75
04.08.2021 00:05:37.451,1.18635,1.1863100000000002,0.56,0.75
04.08.2021 00:05:37.552,1.18636,1.1863100000000002,2.89,0.75
04.08.2021 00:05:37.654,1.18634,1.1863000000000001,1.95,0.75
04.08.2021 00:05:37.756,1.18634,1.18629,2.14,1.5
04.08.2021 00:05:39.939,1.18635,1.1863000000000001,2.14,1.12
04.08.2021 00:05:40.108,1.18635,1.1863100000000002,1.5,0.75
04.08.2021 00:05:40.209,1.18636,1.18632,2.14,0.75
04.08.2021 00:05:40.361,1.18635,1.18632,0.75,0.75
04.08.2021 00:05:40.738,1.18636,1.18632,2.14,0.75
04.08.2021 00:05:41.652,1.18635,1.18632,0.75,0.75
04.08.2021 00:05:42.137,1.18635,1.1863299999999999,2.14,0.75
04.08.2021 00:05:42.238,1.18635,1.1863100000000002,0.1,1.5
04.08.2021 00:05:42.340,1.18636,1.1863100000000002,2.14,1.5
04.08.2021 00:05:42.441,1.18635,1.1863000000000001,1.76,1.5
04.08.2021 00:05:42.542,1.18634,1.1863000000000001,0.75,1.12
04.08.2021 00:05:46.296,1.18634,1.18629,2.14,1.87
04.08.2021 00:05:47.874,1.1863299999999999,1.18629,0.19,1.87
04.08.2021 00:05:51.130,1.18634,1.1863100000000002,0.19,0.75
04.08.2021 00:05:53.496,1.18635,1.1863100000000002,0.94,0.75
04.08.2021 00:05:53.665,1.18634,1.1863100000000002,0.75,0.75
04.08.2021 00:05:56.781,1.18635,1.1863100000000002,1.31,0.75
04.08.2021 00:05:57.236,1.18634,1.1863100000000002,0.19,0.75
04.08.2021 00:05:57.287,1.1863299999999999,1.18629,0.94,1.12
04.08.2021 00:06:00.830,1.1863299999999999,1.1863000000000001,0.19,0.75
04.08.2021 00:06:04.234,1.1863100000000002,1.18628,0.19,1.5
04.08.2021 00:06:04.335,1.1863000000000001,1.1862700000000002,0.19,0.75
04.08.2021 00:06:04.437,1.1863100000000002,1.18626,1.01,2.25
04.08.2021 00:06:15.461,1.18626,1.18623,1.01,5.17
04.08.2021 00:06:15.562,1.18625,1.18622,0.94,11.47
04.08.2021 00:06:15.714,1.18625,1.18621,0.19,2.7
04.08.2021 00:06:16.117,1.18625,1.18622,2.14,2.7
04.08.2021 00:06:18.551,1.18628,1.18625,0.75,0.75
04.08.2021 00:06:18.653,1.18629,1.18626,1.2,0.75
04.08.2021 00:06:21.513,1.1863000000000001,1.18626,1.5,0.75
04.08.2021 00:06:28.819,1.18629,1.18626,0.19,0.75
04.08.2021 00:06:28.921,1.18622,1.1862000000000001,0.75,9.75
04.08.2021 00:06:29.023,1.18621,1.18618,1.69,1.2
04.08.2021 00:06:29.125,1.18621,1.1861700000000002,1.57,0.75
04.08.2021 00:06:29.227,1.1862000000000001,1.1861700000000002,1.2,1.76
04.08.2021 00:06:29.480,1.1862000000000001,1.18616,0.1,1.5
04.08.2021 00:06:31.474,1.18621,1.1861700000000002,0.82,0.75
04.08.2021 00:06:31.766,1.18621,1.18618,0.75,2.44
04.08.2021 00:06:31.817,1.18624,1.1862000000000001,2.02,0.75
04.08.2021 00:06:31.919,1.18624,1.18622,3.07,2.06
04.08.2021 00:06:32.021,1.18624,1.18621,0.37,0.37
04.08.2021 00:06:32.224,1.18625,1.18621,1.95,1.12
04.08.2021 00:06:37.250,1.18623,1.18621,0.37,2.32
04.08.2021 00:06:37.351,1.18625,1.18621,1.2,0.75
04.08.2021 00:06:38.726,1.18624,1.1862000000000001,1.2,1.5
04.08.2021 00:06:39.030,1.18626,1.18622,2.77,0.94
04.08.2021 00:06:39.131,1.18625,1.18621,1.95,1.5
04.08.2021 00:06:39.233,1.18626,1.18622,1.95,0.75
04.08.2021 00:06:39.284,1.18622,1.1862000000000001,0.75,1.5
04.08.2021 00:06:39.336,1.18624,1.1862000000000001,0.82,1.5
04.08.2021 00:06:39.438,1.18624,1.18621,0.1,0.75
04.08.2021 00:06:40.181,1.18624,1.18622,1.2,0.75
04.08.2021 00:06:49.287,1.18625,1.18622,0.82,0.75
04.08.2021 00:06:51.722,1.18625,1.18621,0.1,0.75
04.08.2021 00:06:59.119,1.18625,1.18622,0.1,1.69
04.08.2021 00:06:59.170,1.18628,1.18625,0.37,0.75
04.08.2021 00:06:59.273,1.18629,1.18625,0.9,0.75
04.08.2021 00:07:02.165,1.1863000000000001,1.18626,0.45,0.75
04.08.2021 00:07:02.266,1.1863100000000002,1.18626,2.7,0.82
04.08.2021 00:07:03.120,1.1863100000000002,1.1862700000000002,1.2,0.94
04.08.2021 00:07:03.221,1.1863299999999999,1.1863000000000001,0.1,0.75
04.08.2021 00:07:03.323,1.18634,1.1863100000000002,0.1,0.94
04.08.2021 00:07:03.424,1.18635,1.1863100000000002,0.1,0.94
04.08.2021 00:07:08.377,1.18638,1.18634,0.45,0.75
04.08.2021 00:07:08.630,1.18636,1.18635,0.1,0.75
04.08.2021 00:07:08.732,1.1863700000000001,1.1863299999999999,0.1,1.5
04.08.2021 00:07:11.685,1.18638,1.18634,1.2,0.75
04.08.2021 00:07:11.837,1.18638,1.18635,0.37,0.75
04.08.2021 00:07:11.938,1.18639,1.18636,1.12,0.75
04.08.2021 00:07:12.090,1.18638,1.18635,0.1,0.75
04.08.2021 00:07:12.192,1.18639,1.18635,2.7,0.75
04.08.2021 00:07:18.532,1.1863700000000001,1.1863299999999999,0.45,0.75
04.08.2021 00:07:18.633,1.18636,1.18632,0.1,2.25
04.08.2021 00:07:19.227,1.1863700000000001,1.1863299999999999,1.2,0.75
04.08.2021 00:07:20.518,1.18636,1.1863299999999999,0.1,0.75
04.08.2021 00:07:21.186,1.18636,1.18632,0.1,1.5
04.08.2021 00:07:22.784,1.18634,1.1863100000000002,0.1,0.75
04.08.2021 00:07:23.087,1.18635,1.1863100000000002,1.2,0.75
04.08.2021 00:07:23.299,1.18634,1.1863100000000002,0.75,0.75
04.08.2021 00:07:23.409,1.18634,1.1863000000000001,0.82,0.75
04.08.2021 00:07:37.813,1.18636,1.1863100000000002,2.7,1.57
04.08.2021 00:07:37.914,1.18636,1.18632,1.95,0.75
04.08.2021 00:07:38.016,1.1863700000000001,1.1863299999999999,1.2,0.75
04.08.2021 00:07:41.814,1.18635,1.1863299999999999,0.1,0.75
04.08.2021 00:07:43.785,1.18635,1.1863100000000002,0.82,0.75
04.08.2021 00:07:43.886,1.18634,1.1863000000000001,0.82,1.69
04.08.2021 00:07:44.139,1.18634,1.1863100000000002,0.1,0.75
04.08.2021 00:07:45.524,1.18632,1.1863100000000002,1.12,0.75
04.08.2021 00:07:45.626,1.1863100000000002,1.18628,0.1,3.97
04.08.2021 00:07:45.728,1.1863000000000001,1.18626,0.1,0.75
04.08.2021 00:07:45.829,1.18628,1.18625,0.1,0.75
04.08.2021 00:07:45.880,1.1862700000000002,1.18623,0.37,2.59
04.08.2021 00:07:46.133,1.18626,1.18623,0.37,0.75
04.08.2021 00:07:47.347,1.18625,1.18622,0.1,0.75
04.08.2021 00:07:47.449,1.18625,1.18621,0.1,1.5
04.08.2021 00:07:48.732,1.18625,1.18622,0.1,0.75
04.08.2021 00:07:49.882,1.18626,1.18622,0.82,0.75
04.08.2021 00:08:02.456,1.18628,1.18624,1.5,0.94
04.08.2021 00:08:02.658,1.18629,1.18624,1.57,0.94
04.08.2021 00:08:05.819,1.18629,1.18626,0.75,0.75
04.08.2021 00:08:05.921,1.1863000000000001,1.18626,1.95,0.75
04.08.2021 00:08:06.768,1.1863000000000001,1.18625,1.65,0.75
04.08.2021 00:08:15.594,1.18629,1.18625,0.75,0.75
04.08.2021 00:08:17.477,1.1862700000000002,1.18623,1.57,0.75
04.08.2021 00:08:17.578,1.18626,1.18622,0.1,0.75
04.08.2021 00:08:20.317,1.1862700000000002,1.18622,1.95,1.12
04.08.2021 00:08:22.097,1.18625,1.18623,0.1,0.75
04.08.2021 00:08:25.584,1.1862700000000002,1.18622,3.15,0.75
04.08.2021 00:08:26.089,1.18626,1.18622,0.1,0.75
04.08.2021 00:08:27.153,1.18622,1.1862000000000001,0.45,0.75
04.08.2021 00:08:27.204,1.18622,1.18618,0.45,5.47
04.08.2021 00:08:27.305,1.18622,1.1861700000000002,1.2,1.57
04.08.2021 00:08:27.710,1.1862000000000001,1.1861700000000002,0.1,1.12
04.08.2021 00:08:28.171,1.1861700000000002,1.18615,0.45,0.37
04.08.2021 00:08:28.222,1.18616,1.18613,1.2,0.75
04.08.2021 00:08:28.323,1.18614,1.18612,0.1,0.75
04.08.2021 00:08:28.425,1.18614,1.18612,0.45,0.75
04.08.2021 00:08:31.070,1.18614,1.18613,0.1,0.75
04.08.2021 00:08:32.202,1.18616,1.18612,1.2,0.75
04.08.2021 00:08:33.779,1.18614,1.18611,1.57,0.75
04.08.2021 00:08:33.931,1.18613,1.1861000000000002,0.1,0.75
04.08.2021 00:08:34.134,1.18613,1.18609,1.2,0.75
04.08.2021 00:08:34.235,1.18611,1.18609,0.1,0.75
04.08.2021 00:08:45.019,1.18612,1.18609,0.1,0.75
04.08.2021 00:08:47.740,1.18614,1.18611,0.82,0.75
04.08.2021 00:08:47.841,1.18614,1.18613,1.65,0.75
04.08.2021 00:08:47.994,1.18616,1.18612,1.2,0.75
04.08.2021 00:08:48.146,1.18616,1.18613,1.2,0.75
04.08.2021 00:08:48.449,1.18615,1.18613,0.1,0.75
04.08.2021 00:08:48.550,1.18615,1.18612,0.1,0.75
04.08.2021 00:08:52.332,1.18614,1.18612,0.1,0.75
04.08.2021 00:08:52.534,1.18615,1.18612,0.45,0.75
04.08.2021 00:09:00.301,1.18616,1.18612,0.75,1.5
04.08.2021 00:09:00.453,1.1861700000000002,1.18613,2.7,0.75
04.08.2021 00:09:00.555,1.18619,1.18615,0.45,0.75
04.08.2021 00:09:00.656,1.18621,1.18616,2.7,0.75
04.08.2021 00:09:01.533,1.1862000000000001,1.18616,0.82,0.75
04.08.2021 00:09:01.685,1.18621,1.18616,1.95,0.75
04.08.2021 00:09:02.787,1.18621,1.1861700000000002,0.45,0.75
04.08.2021 00:09:03.327,1.18622,1.18618,2.62,1.5
04.08.2021 00:09:03.429,1.18623,1.18621,0.45,0.75
04.08.2021 00:09:03.480,1.18625,1.18621,5.03,0.75
04.08.2021 00:09:03.582,1.18626,1.18622,0.19,0.75
04.08.2021 00:09:03.684,1.1862700000000002,1.18622,2.51,0.75
04.08.2021 00:09:08.314,1.18626,1.18622,0.37,0.75
04.08.2021 00:09:09.383,1.18626,1.18623,2.89,0.75
04.08.2021 00:09:10.436,1.1862700000000002,1.18623,2.14,0.75
04.08.2021 00:09:10.487,1.18629,1.18625,2.59,0.75
04.08.2021 00:09:10.588,1.18629,1.1862700000000002,0.45,0.75
04.08.2021 00:09:10.639,1.1863000000000001,1.18628,0.37,0.75
04.08.2021 00:09:10.741,1.18632,1.1862700000000002,1.87,0.82
04.08.2021 00:09:11.919,1.18632,1.18629,1.12,0.75
04.08.2021 00:09:14.196,1.18632,1.18628,0.37,0.75
04.08.2021 00:09:15.258,1.1863100000000002,1.1862700000000002,0.75,0.75
04.08.2021 00:09:15.730,1.18632,1.1862700000000002,4.09,0.75
04.08.2021 00:09:17.421,1.1863100000000002,1.1862700000000002,0.37,0.75
04.08.2021 00:09:19.928,1.18632,1.1862700000000002,0.75,2.44
04.08.2021 00:09:20.029,1.1863299999999999,1.1863100000000002,0.82,1.5
04.08.2021 00:09:20.131,1.18635,1.1863000000000001,1.69,1.5
04.08.2021 00:09:20.282,1.18635,1.1863100000000002,1.31,0.75
04.08.2021 00:09:29.237,1.18636,1.18632,1.87,0.75
04.08.2021 00:09:31.689,1.18636,1.1863100000000002,1.87,0.75
04.08.2021 00:09:35.994,1.18636,1.18632,0.37,0.75
04.08.2021 00:09:55.087,1.1863700000000001,1.18632,1.31,0.75
04.08.2021 00:09:55.188,1.18636,1.18634,0.37,0.75
04.08.2021 00:09:55.239,1.18638,1.1863700000000001,0.45,0.75
04.08.2021 00:09:55.341,1.1864100000000002,1.18636,3.56,0.75
04.08.2021 00:10:00.519,1.18642,1.1863700000000001,3.07,0.75
04.08.2021 00:10:01.637,1.1864000000000001,1.18636,0.75,0.75
04.08.2021 00:10:01.739,1.18639,1.18635,2.25,1.5
04.08.2021 00:10:01.841,1.18638,1.18634,1.5,0.75
04.08.2021 00:10:01.948,1.18639,1.18634,0.75,1.01
04.08.2021 00:10:02.050,1.1864100000000002,1.18636,2.62,0.94
04.08.2021 00:10:02.151,1.1864100000000002,1.1863700000000001,0.75,0.75
04.08.2021 00:10:02.253,1.18642,1.1863700000000001,1.5,1.5
04.08.2021 00:10:03.883,1.1864100000000002,1.1863700000000001,0.37,1.5
04.08.2021 00:10:12.010,1.1864100000000002,1.18639,0.75,0.75
04.08.2021 00:10:12.062,1.1864299999999999,1.18639,0.37,1.5
04.08.2021 00:10:12.165,1.18642,1.18638,1.12,1.5
04.08.2021 00:10:35.011,1.1864100000000002,1.18636,1.95,2.25
04.08.2021 00:10:35.736,1.1864100000000002,1.1863700000000001,0.37,0.82
04.08.2021 00:10:35.837,1.18642,1.1863700000000001,1.87,0.82
04.08.2021 00:10:37.101,1.18642,1.18638,0.37,0.75
04.08.2021 00:10:37.776,1.18644,1.1864000000000001,1.12,0.75
04.08.2021 00:10:37.877,1.18645,1.1864100000000002,0.75,0.75
04.08.2021 00:10:37.979,1.18646,1.1864100000000002,1.2,1.5
04.08.2021 00:10:39.085,1.18646,1.18642,0.45,0.75
04.08.2021 00:10:43.336,1.18646,1.1864299999999999,2.81,0.75
04.08.2021 00:10:43.437,1.18646,1.18642,1.31,0.75
04.08.2021 00:10:48.476,1.18646,1.1864100000000002,1.12,0.75
04.08.2021 00:10:58.753,1.18645,1.1864100000000002,0.75,1.5
04.08.2021 00:10:59.526,1.18646,1.1864100000000002,2.06,1.5
04.08.2021 00:11:00.862,1.1864700000000001,1.18642,1.12,0.75
04.08.2021 00:11:01.115,1.18648,1.18645,3.64,0.75
04.08.2021 00:11:01.217,1.1865,1.18645,1.5,4.01
04.08.2021 00:11:01.319,1.1865100000000002,1.18646,1.12,0.75
04.08.2021 00:11:01.624,1.1865,1.18646,0.37,0.75
04.08.2021 00:11:03.296,1.18648,1.1864299999999999,2.25,5.47
04.08.2021 00:11:03.397,1.18646,1.18644,0.37,0.75
04.08.2021 00:11:06.410,1.18648,1.1864299999999999,1.69,0.75
04.08.2021 00:11:29.243,1.1864700000000001,1.1864299999999999,0.37,0.75
04.08.2021 00:11:29.345,1.18648,1.1864299999999999,2.25,0.75
04.08.2021 00:11:29.498,1.18649,1.18645,0.45,0.75
04.08.2021 00:11:29.599,1.1865,1.18645,1.87,0.75
04.08.2021 00:11:31.580,1.18649,1.1864700000000001,1.12,0.75
04.08.2021 00:11:42.611,1.1864700000000001,1.18644,0.37,0.75
04.08.2021 00:11:42.713,1.1864700000000001,1.1864299999999999,0.45,0.75
04.08.2021 00:11:42.814,1.18646,1.1864299999999999,0.37,0.75
04.08.2021 00:11:44.059,1.18646,1.18642,0.37,0.75
04.08.2021 00:11:46.666,1.1864700000000001,1.18642,1.39,0.75
04.08.2021 00:11:47.265,1.18646,1.18642,0.37,0.75
04.08.2021 00:11:48.439,1.1864700000000001,1.18642,1.39,0.75
04.08.2021 00:11:59.722,1.18645,1.1864299999999999,0.37,0.75
04.08.2021 00:12:02.067,1.1864700000000001,1.1864299999999999,0.37,0.75
04.08.2021 00:12:02.370,1.1864700000000001,1.18642,1.31,0.82
04.08.2021 00:12:04.797,1.18646,1.18642,0.56,0.75
04.08.2021 00:12:04.999,1.1864700000000001,1.18642,3.26,0.75
04.08.2021 00:12:05.958,1.18644,1.1864100000000002,1.12,0.75
04.08.2021 00:12:06.059,1.18644,1.1864000000000001,1.12,0.82
04.08.2021 00:12:06.161,1.1864299999999999,1.18638,2.25,2.02
04.08.2021 00:12:06.262,1.18642,1.18638,0.19,0.75
04.08.2021 00:12:06.781,1.1864299999999999,1.18638,1.12,0.82
04.08.2021 00:12:06.883,1.18645,1.1864000000000001,9.8,0.75
04.08.2021 00:12:21.195,1.18644,1.18642,0.75,0.75
04.08.2021 00:12:21.347,1.18646,1.1864100000000002,2.7,0.75
04.08.2021 00:12:21.549,1.18646,1.18642,0.37,1.57
04.08.2021 00:12:21.702,1.18646,1.18644,1.5,0.82
04.08.2021 00:12:21.803,1.18648,1.1864299999999999,2.25,0.82
04.08.2021 00:12:24.418,1.1864700000000001,1.1864299999999999,0.37,0.75
04.08.2021 00:12:24.976,1.18648,1.1864299999999999,3.07,0.75
04.08.2021 00:12:25.630,1.1864700000000001,1.1864299999999999,0.37,0.75
04.08.2021 00:12:25.732,1.18648,1.1864299999999999,2.25,5.54
04.08.2021 00:12:30.329,1.1864700000000001,1.18642,2.06,0.82
04.08.2021 00:12:30.481,1.18646,1.1864100000000002,0.75,2.32
04.08.2021 00:12:34.424,1.18644,1.1864000000000001,1.5,1.5
04.08.2021 00:12:47.438,1.18645,1.18642,1.5,2.32
04.08.2021 00:12:47.539,1.1864700000000001,1.18642,0.75,2.89
04.08.2021 00:12:51.486,1.1864700000000001,1.1864299999999999,0.37,0.75
04.08.2021 00:12:53.036,1.1864700000000001,1.18642,1.87,1.57
04.08.2021 00:12:57.913,1.1864700000000001,1.1864299999999999,0.37,0.75
04.08.2021 00:13:02.145,1.18648,1.18644,1.12,0.75
04.08.2021 00:13:03.068,1.18648,1.1864299999999999,2.25,1.57
04.08.2021 00:13:06.714,1.1864700000000001,1.1864299999999999,0.37,0.75
04.08.2021 00:13:07.746,1.1864700000000001,1.18644,4.76,0.75
04.08.2021 00:13:08.701,1.1864700000000001,1.1864299999999999,0.37,0.75
04.08.2021 00:13:12.873,1.18648,1.1864299999999999,4.76,0.75
04.08.2021 00:13:14.770,1.18648,1.18644,2.25,0.75
04.08.2021 00:13:14.973,1.18648,1.1864299999999999,3.75,0.82
04.08.2021 00:13:15.296,1.18649,1.18644,3.45,0.75
04.08.2021 00:13:15.552,1.18649,1.18645,2.25,0.94
04.08.2021 00:13:15.654,1.1865100000000002,1.18646,2.06,0.82
04.08.2021 00:13:15.757,1.18652,1.1864700000000001,2.62,1.57
04.08.2021 00:13:15.859,1.18653,1.18648,3,1.57
04.08.2021 00:13:20.625,1.18654,1.18649,8.78,1.57
04.08.2021 00:13:20.727,1.18654,1.1865,1.5,1.57
04.08.2021 00:13:20.778,1.18656,1.18652,2.62,0.75
04.08.2021 00:13:23.755,1.18653,1.1865,0.37,0.75
04.08.2021 00:13:23.857,1.18653,1.18648,3.75,5.54
04.08.2021 00:13:24.613,1.18655,1.1865100000000002,7.73,0.75
04.08.2021 00:13:24.715,1.18654,1.1865100000000002,0.75,0.75
04.08.2021 00:13:29.411,1.18655,1.1865100000000002,1.12,0.75
04.08.2021 00:13:30.950,1.18654,1.1865100000000002,1.5,0.75
04.08.2021 00:13:31.052,1.1865100000000002,1.18649,1.5,1.95
04.08.2021 00:13:32.298,1.18653,1.18649,3.07,0.75
04.08.2021 00:13:32.766,1.18653,1.18648,4.5,0.82
04.08.2021 00:13:32.867,1.18652,1.18648,0.75,0.75
04.08.2021 00:13:32.970,1.18653,1.18648,4.57,0.75
04.08.2021 00:13:40.474,1.18653,1.18649,2.25,0.75
04.08.2021 00:13:40.626,1.18654,1.18649,1.95,0.75
04.08.2021 00:13:40.727,1.18653,1.1865100000000002,1.12,0.75
04.08.2021 00:13:40.929,1.18655,1.1865,1.76,0.75
04.08.2021 00:13:41.683,1.18656,1.18652,5.78,0.75
04.08.2021 00:13:41.784,1.1865700000000001,1.18653,2.89,0.75
04.08.2021 00:13:42.259,1.1865700000000001,1.18652,3.56,0.82
04.08.2021 00:13:42.360,1.18656,1.18652,0.75,0.75
04.08.2021 00:13:55.364,1.1865700000000001,1.18653,1.12,0.75
04.08.2021 00:13:58.151,1.18658,1.18653,4.01,0.75
04.08.2021 00:14:01.497,1.1865700000000001,1.18653,0.37,0.75
04.08.2021 00:14:01.656,1.18655,1.18654,0.11,0.75
04.08.2021 00:14:01.757,1.18656,1.18652,0.11,0.75
04.08.2021 00:14:02.162,1.18654,1.1865100000000002,0.11,0.75
04.08.2021 00:14:02.998,1.18653,1.18649,2.33,0.75
04.08.2021 00:14:03.099,1.1865100000000002,1.18648,0.11,0.75
04.08.2021 00:14:03.201,1.18652,1.18648,1.21,0.75
04.08.2021 00:14:05.776,1.1865100000000002,1.1864700000000001,0.11,4.72
04.08.2021 00:14:05.878,1.18652,1.1864700000000001,2.22,0.75
04.08.2021 00:14:06.232,1.18652,1.18648,0.37,0.75
04.08.2021 00:14:07.892,1.18652,1.18649,0.37,0.75
04.08.2021 00:14:07.993,1.18654,1.1865,0.37,0.75
04.08.2021 00:14:08.094,1.18655,1.1865100000000002,2.78,0.75
04.08.2021 00:14:09.080,1.18654,1.1865100000000002,0.11,0.75
04.08.2021 00:14:09.288,1.18653,1.1865100000000002,0.11,0.75
04.08.2021 00:14:09.389,1.18654,1.1865,0.83,0.75
04.08.2021 00:14:09.491,1.18653,1.1865,0.11,0.75
04.08.2021 00:14:09.595,1.18654,1.1865,0.83,0.75
04.08.2021 00:14:10.757,1.18653,1.1865100000000002,0.83,0.75
04.08.2021 00:14:20.486,1.18652,1.18649,0.46,0.75
04.08.2021 00:14:20.587,1.18652,1.18648,0.46,0.75
04.08.2021 00:14:25.691,1.18652,1.1864700000000001,1.96,0.82
04.08.2021 00:14:25.792,1.1865100000000002,1.1864700000000001,0.46,0.75
04.08.2021 00:14:25.894,1.1865100000000002,1.18648,2.15,0.82
04.08.2021 00:14:26.875,1.18652,1.18648,1.58,0.75
04.08.2021 00:14:27.497,1.18652,1.1864700000000001,2.71,0.82
04.08.2021 00:14:27.651,1.1865100000000002,1.1864700000000001,0.11,0.82
04.08.2021 00:14:27.752,1.1865100000000002,1.18646,1.21,1.57
04.08.2021 00:14:29.859,1.1865,1.18646,0.11,0.75
04.08.2021 00:14:30.011,1.1865,1.1864700000000001,2.78,0.75
04.08.2021 00:14:31.454,1.1865,1.18646,0.83,0.75
04.08.2021 00:14:32.902,1.1865100000000002,1.18646,4.47,0.75
04.08.2021 00:14:33.003,1.1865,1.18646,0.11,0.75
04.08.2021 00:14:34.415,1.18649,1.18646,0.11,0.75
04.08.2021 00:14:34.517,1.1865,1.18646,1.02,0.75
04.08.2021 00:14:37.146,1.1865100000000002,1.18646,5.22,0.75
04.08.2021 00:14:37.450,1.18649,1.1864700000000001,0.11,0.75
04.08.2021 00:14:37.551,1.1865100000000002,1.18646,5.22,0.75
04.08.2021 00:14:38.027,1.1865,1.18648,2.15,0.75
04.08.2021 00:14:44.879,1.1865,1.18646,0.11,0.75
04.08.2021 00:14:45.031,1.1865100000000002,1.18646,2.15,0.82
04.08.2021 00:14:45.626,1.1865,1.18646,0.11,0.82
04.08.2021 00:14:45.727,1.1865100000000002,1.18646,2.15,0.82
04.08.2021 00:14:46.787,1.1865100000000002,1.1864700000000001,1.58,0.75
04.08.2021 00:14:47.040,1.1865100000000002,1.18648,0.11,0.75
04.08.2021 00:14:47.192,1.18652,1.18648,1.5,0.75
04.08.2021 00:14:47.343,1.18653,1.18649,4.76,0.75
04.08.2021 00:14:47.444,1.18653,1.18648,4.76,0.75
04.08.2021 00:14:47.549,1.18652,1.18648,0.75,0.75
04.08.2021 00:14:48.506,1.18653,1.18648,5.51,0.75
04.08.2021 00:14:48.608,1.18652,1.18648,0.75,0.75
04.08.2021 00:14:49.904,1.18653,1.18648,5.51,0.75
04.08.2021 00:14:51.275,1.18652,1.18648,1.12,0.75
04.08.2021 00:14:51.705,1.1865100000000002,1.1864700000000001,0.75,0.75
04.08.2021 00:14:56.308,1.18652,1.1864700000000001,2.06,0.82
04.08.2021 00:14:59.848,1.18652,1.18648,0.37,0.75
04.08.2021 00:15:12.609,1.1865100000000002,1.1864700000000001,0.75,0.75
04.08.2021 00:15:12.761,1.1865,1.18646,0.75,1.5
04.08.2021 00:15:12.863,1.1865100000000002,1.18646,3.64,1.5
04.08.2021 00:15:12.965,1.1865,1.18646,0.75,1.5
04.08.2021 00:15:15.254,1.1865100000000002,1.18646,2.14,1.5
04.08.2021 00:15:15.831,1.1865,1.18646,2.06,0.75
04.08.2021 00:15:15.932,1.1865100000000002,1.18646,2.51,0.75
04.08.2021 00:15:18.236,1.1865100000000002,1.1864700000000001,1.5,0.75
04.08.2021 00:15:18.443,1.18652,1.18648,3.75,0.75
04.08.2021 00:15:18.546,1.18652,1.1864700000000001,0.75,1.57
04.08.2021 00:15:18.648,1.18653,1.18648,7.31,0.82
04.08.2021 00:15:18.799,1.18652,1.18648,1.69,0.75
04.08.2021 00:15:20.510,1.18653,1.1865100000000002,5.78,0.94
04.08.2021 00:15:20.561,1.18656,1.18652,1.69,0.75
04.08.2021 00:15:20.662,1.18658,1.18653,3.07,1.5
04.08.2021 00:15:20.763,1.18655,1.18652,0.75,4.72
04.08.2021 00:15:20.865,1.18656,1.18652,1.12,0.75
04.08.2021 00:15:22.857,1.1865700000000001,1.18653,1.12,0.75
04.08.2021 00:15:25.515,1.18659,1.18655,1.69,0.75
04.08.2021 00:15:25.616,1.18659,1.18656,0.75,0.75
04.08.2021 00:15:26.710,1.18658,1.18656,1.12,0.75
04.08.2021 00:15:26.762,1.1865700000000001,1.18653,3.19,1.2
04.08.2021 00:15:27.521,1.18658,1.18654,1.87,0.75
04.08.2021 00:15:27.673,1.18659,1.18654,9.61,1.5
04.08.2021 00:15:27.775,1.18659,1.18655,8.03,0.75
04.08.2021 00:15:34.166,1.1865700000000001,1.18653,0.37,1.5
04.08.2021 00:15:35.818,1.18658,1.18653,2.32,0.75
04.08.2021 00:15:35.920,1.18658,1.18656,0.75,1.5
04.08.2021 00:15:39.384,1.1866,1.18655,2.89,1.5
04.08.2021 00:15:40.468,1.18659,1.18655,0.75,1.5
04.08.2021 00:15:49.893,1.1866200000000002,1.18658,5.78,2.25
04.08.2021 00:15:51.146,1.1866200000000002,1.1865700000000001,1.2,1.87
04.08.2021 00:15:51.305,1.1866100000000002,1.1865700000000001,0.75,1.57
04.08.2021 00:15:57.014,1.18658,1.1865700000000001,0.75,4.42
04.08.2021 00:15:57.166,1.1865700000000001,1.18656,3,1.2
04.08.2021 00:15:57.217,1.1865700000000001,1.18653,0.75,2.02
04.08.2021 00:15:57.319,1.18656,1.18652,0.75,6.93
04.08.2021 00:15:57.963,1.18659,1.18654,6.91,2.51
04.08.2021 00:15:58.065,1.18659,1.18655,0.75,0.82
04.08.2021 00:15:58.166,1.1866,1.18656,0.75,1.76
04.08.2021 00:15:58.369,1.1866100000000002,1.1865700000000001,0.75,0.82
04.08.2021 00:16:00.259,1.1866,1.18655,1.95,1.5
04.08.2021 00:16:06.459,1.1866200000000002,1.18658,2.62,1.5
04.08.2021 00:16:07.525,1.1866100000000002,1.18656,0.75,8.05
04.08.2021 00:16:07.627,1.1866100000000002,1.1865700000000001,0.75,0.26
04.08.2021 00:16:17.800,1.1866100000000002,1.18658,1.5,6.18
04.08.2021 00:16:17.901,1.1866200000000002,1.18658,0.75,0.1
04.08.2021 00:16:22.684,1.18659,1.1865700000000001,1.87,3.97
04.08.2021 00:16:22.785,1.18659,1.18656,1.87,1.2
04.08.2021 00:16:22.887,1.18659,1.18655,1.87,1.5
04.08.2021 00:16:26.445,1.18658,1.18654,1.87,0.75
04.08.2021 00:16:26.650,1.18656,1.18654,0.75,5.54
04.08.2021 00:16:26.853,1.1865700000000001,1.18652,1.5,1.57
04.08.2021 00:16:30.527,1.1865700000000001,1.18653,0.75,0.75
04.08.2021 00:16:33.995,1.18658,1.18654,3.75,0.75
04.08.2021 00:16:34.399,1.18659,1.18655,2.25,1.12
04.08.2021 00:16:36.550,1.18659,1.18656,1.5,0.75
04.08.2021 00:16:55.116,1.18659,1.18655,1.87,0.75
04.08.2021 00:16:56.561,1.1866,1.18656,1.2,0.75
04.08.2021 00:16:58.336,1.1866100000000002,1.1865700000000001,0.37,0.75
04.08.2021 00:16:58.437,1.1866200000000002,1.1865700000000001,2.62,1.2
04.08.2021 00:16:59.118,1.1866200000000002,1.18658,0.75,0.75
04.08.2021 00:16:59.466,1.18663,1.18658,4.57,0.75
04.08.2021 00:17:05.827,1.18663,1.18659,4.2,0.75
04.08.2021 00:17:07.826,1.18664,1.1866,1.69,1.12
04.08.2021 00:17:07.928,1.18666,1.1866200000000002,0.75,1.87
04.08.2021 00:17:08.029,1.18666,1.18664,2.06,0.75
04.08.2021 00:17:09.520,1.18666,1.1866200000000002,1.01,0.75
04.08.2021 00:17:09.622,1.18665,1.1866,1.01,3.37
04.08.2021 00:17:09.723,1.18664,1.1866,0.75,0.75
04.08.2021 00:17:09.879,1.18663,1.18658,5.44,6.74
04.08.2021 00:17:09.981,1.1866200000000002,1.18658,1.31,1.5
04.08.2021 00:17:15.330,1.1866200000000002,1.18659,3.82,1.87
04.08.2021 00:17:15.482,1.1866100000000002,1.18659,0.37,1.5
04.08.2021 00:17:15.584,1.18663,1.18658,5.51,1.5
04.08.2021 00:17:16.727,1.1866200000000002,1.18658,0.37,1.5
04.08.2021 00:17:24.402,1.18663,1.18659,0.75,1.12
04.08.2021 00:17:24.503,1.18663,1.1866100000000002,3,0.75
04.08.2021 00:17:25.701,1.18665,1.1866100000000002,0.75,0.75
04.08.2021 00:17:26.793,1.18666,1.1866200000000002,2.89,0.75
04.08.2021 00:17:28.698,1.1866700000000001,1.1866200000000002,1.12,1.95
04.08.2021 00:17:28.749,1.18668,1.18664,8.6,0.75
04.08.2021 00:17:28.851,1.18668,1.18663,3.82,1.12
04.08.2021 00:17:28.952,1.1866700000000001,1.18663,0.37,1.12
04.08.2021 00:17:32.313,1.18668,1.18664,3,0.75
04.08.2021 00:17:48.027,1.1866700000000001,1.18664,0.56,0.75
04.08.2021 00:17:48.180,1.1866700000000001,1.18663,2.06,0.75
04.08.2021 00:17:49.515,1.18668,1.18664,1.95,0.75
04.08.2021 00:17:51.646,1.18669,1.18665,4.2,0.75
04.08.2021 00:17:51.798,1.1867,1.18666,1.12,0.94
04.08.2021 00:17:52.477,1.1867100000000002,1.18666,1.12,1.76
04.08.2021 00:17:52.579,1.1867200000000002,1.18668,4.2,0.75
04.08.2021 00:17:58.979,1.18673,1.18669,3.82,0.75
04.08.2021 00:18:18.394,1.1867200000000002,1.18668,0.37,0.75
04.08.2021 00:18:22.517,1.1867200000000002,1.18669,0.45,0.75
04.08.2021 00:18:38.884,1.18673,1.18669,4.76,0.75
04.08.2021 00:18:46.384,1.1867200000000002,1.18669,0.37,0.75
04.08.2021 00:18:46.700,1.1867200000000002,1.1867,3.82,0.75
04.08.2021 00:18:54.384,1.1867200000000002,1.18669,0.37,0.75
04.08.2021 00:18:57.592,1.1867100000000002,1.18669,0.75,0.75
04.08.2021 00:18:57.693,1.1867200000000002,1.18668,1.12,0.75
04.08.2021 00:19:03.516,1.18673,1.18669,7.09,0.75
04.08.2021 00:19:05.711,1.18668,1.18665,2.7,1.2
04.08.2021 00:19:05.813,1.1866700000000001,1.18665,2.89,0.45
04.08.2021 00:19:05.864,1.18666,1.18663,1.2,0.75
04.08.2021 00:19:09.884,1.1866700000000001,1.18663,3.56,0.75
04.08.2021 00:19:20.638,1.18664,1.1866200000000002,0.1,0.75
04.08.2021 00:19:23.317,1.1866200000000002,1.1866,1.2,0.75
04.08.2021 00:19:23.621,1.1866200000000002,1.18659,0.1,0.75
04.08.2021 00:19:25.124,1.18663,1.1866100000000002,3.15,0.82
04.08.2021 00:19:25.225,1.18663,1.1866200000000002,1.65,0.75
04.08.2021 00:19:37.978,1.18665,1.1866200000000002,0.75,0.75
04.08.2021 00:19:38.080,1.18666,1.1866200000000002,1.69,0.75
04.08.2021 00:19:38.181,1.18666,1.18663,0.19,0.75
04.08.2021 00:19:38.282,1.1866700000000001,1.18663,4.09,0.75
04.08.2021 00:19:43.066,1.1866200000000002,1.1866100000000002,1.2,0.75
04.08.2021 00:19:43.168,1.1866200000000002,1.18659,0.75,1.95
04.08.2021 00:19:43.370,1.1866200000000002,1.1866,5.21,0.75
04.08.2021 00:19:48.884,1.1866100000000002,1.1866,0.37,0.75
04.08.2021 00:19:49.946,1.18663,1.18659,12.05,0.75
04.08.2021 00:19:53.235,1.18663,1.1866,1.57,0.75
04.08.2021 00:19:55.365,1.18664,1.1866,2.89,0.75
04.08.2021 00:19:55.467,1.18666,1.1866200000000002,1.95,0.75
04.08.2021 00:19:55.568,1.18666,1.18663,0.37,0.75
04.08.2021 00:20:03.946,1.18664,1.1866200000000002,0.75,0.75
04.08.2021 00:20:09.498,1.18664,1.1866100000000002,2.7,0.75
04.08.2021 00:20:11.515,1.18665,1.1866100000000002,0.75,1.2
04.08.2021 00:20:11.668,1.18666,1.1866200000000002,2.7,0.75
04.08.2021 00:20:11.873,1.1866700000000001,1.18663,1.12,0.75
04.08.2021 00:20:15.418,1.18665,1.18664,0.37,0.75
04.08.2021 00:20:15.570,1.18666,1.1866200000000002,0.45,0.75
04.08.2021 00:20:15.924,1.1866700000000001,1.1866200000000002,1.95,0.75
04.08.2021 00:20:16.281,1.1866700000000001,1.18663,2.89,0.75
04.08.2021 00:20:17.163,1.18664,1.18663,0.75,0.75
04.08.2021 00:20:17.265,1.18666,1.1866200000000002,0.75,0.75
04.08.2021 00:20:17.366,1.1866700000000001,1.18663,2.89,0.75
04.08.2021 00:20:19.289,1.18666,1.18665,1.12,0.75
04.08.2021 00:20:49.862,1.18663,1.1866100000000002,2.25,4.72
04.08.2021 00:20:49.964,1.18663,1.1866,2.32,0.75
04.08.2021 00:20:59.367,1.18663,1.18659,3.82,0.75
04.08.2021 00:21:08.227,1.18663,1.1866100000000002,0.75,0.75
04.08.2021 00:21:08.329,1.18665,1.1866100000000002,1.87,0.75
04.08.2021 00:21:08.583,1.18666,1.1866200000000002,2.7,0.75
04.08.2021 00:21:08.867,1.18666,1.18663,1.95,0.75
04.08.2021 00:21:20.317,1.18666,1.1866200000000002,1.2,0.75
04.08.2021 00:21:20.701,1.1866100000000002,1.18658,1.5,5.17
04.08.2021 00:21:21.112,1.1866200000000002,1.18658,4.39,0.75
04.08.2021 00:21:24.519,1.1866100000000002,1.1865700000000001,0.75,0.75
04.08.2021 00:21:25.601,1.1866200000000002,1.18658,1.12,0.75
04.08.2021 00:21:36.270,1.18659,1.1865700000000001,2.14,0.75
04.08.2021 00:21:36.371,1.18659,1.18656,0.82,0.75
04.08.2021 00:21:38.025,1.18658,1.18654,3.82,0.75
04.08.2021 00:21:38.128,1.1865700000000001,1.18654,0.1,0.75
04.08.2021 00:21:39.339,1.1865700000000001,1.18653,1.57,0.75
04.08.2021 00:22:17.144,1.18656,1.18653,0.75,0.75
04.08.2021 00:22:17.245,1.18653,1.1865,2.32,4.72
04.08.2021 00:22:17.347,1.1865100000000002,1.18649,0.75,1.95
04.08.2021 00:22:17.449,1.1865100000000002,1.18648,1.2,0.75
04.08.2021 00:22:20.246,1.18652,1.18648,2.89,0.75
04.08.2021 00:22:32.600,1.18652,1.18649,0.45,0.75
04.08.2021 00:22:32.702,1.18654,1.1865,4.2,0.75
04.08.2021 00:22:32.803,1.18654,1.1865100000000002,0.82,0.75
04.08.2021 00:23:05.936,1.18654,1.18652,2.7,0.75
04.08.2021 00:23:05.987,1.18653,1.1865,0.82,0.75
04.08.2021 00:23:06.088,1.18652,1.1865,0.45,0.75
04.08.2021 00:23:06.190,1.1865100000000002,1.18649,0.1,0.75
04.08.2021 00:23:12.575,1.1865100000000002,1.18648,0.1,0.75
04.08.2021 00:23:23.441,1.18652,1.18649,0.45,0.75
04.08.2021 00:23:26.479,1.1865100000000002,1.18649,0.37,0.75
04.08.2021 00:23:32.632,1.18649,1.1864700000000001,1.87,0.75
04.08.2021 00:23:32.683,1.1864700000000001,1.18645,0.1,0.75
04.08.2021 00:23:37.183,1.1865100000000002,1.1864700000000001,6.98,0.75
04.08.2021 00:23:37.952,1.1865100000000002,1.18648,1.2,0.75
04.08.2021 00:23:44.055,1.1865100000000002,1.18649,1.12,0.75
04.08.2021 00:23:44.513,1.18649,1.1864700000000001,2.25,0.75
04.08.2021 00:23:44.564,1.1864700000000001,1.18645,0.45,0.75
04.08.2021 00:23:44.666,1.18646,1.18644,0.45,1.2
04.08.2021 00:23:44.767,1.18646,1.18642,0.45,1.95
04.08.2021 00:23:44.818,1.1864700000000001,1.18646,0.1,0.75
04.08.2021 00:23:44.920,1.18649,1.18645,1.95,1.12
04.08.2021 00:23:45.021,1.18649,1.18646,1.12,0.75
04.08.2021 00:24:05.083,1.1865100000000002,1.1864700000000001,1.95,0.75
04.08.2021 00:24:05.185,1.1865100000000002,1.18648,0.82,0.75
04.08.2021 00:24:07.904,1.18649,1.1864700000000001,0.82,0.75
04.08.2021 00:24:08.019,1.18649,1.18646,0.82,0.75
04.08.2021 00:24:28.541,1.1864700000000001,1.18644,0.1,0.75
04.08.2021 00:25:03.109,1.18646,1.18644,0.1,0.75
04.08.2021 00:25:03.362,1.18645,1.18644,0.1,0.75
04.08.2021 00:25:20.179,1.1864700000000001,1.18644,0.1,0.75
04.08.2021 00:25:20.634,1.18649,1.18645,0.45,1.57
04.08.2021 00:25:20.735,1.18649,1.18646,0.1,0.75
04.08.2021 00:25:22.037,1.1864700000000001,1.18645,2.51,1.5
04.08.2021 00:25:22.139,1.18646,1.18644,0.1,0.75
04.08.2021 00:25:39.439,1.18649,1.18646,0.1,0.75
04.08.2021 00:25:39.541,1.1865,1.1864700000000001,0.52,1.12
04.08.2021 00:25:39.643,1.1865100000000002,1.18648,1.2,0.75
04.08.2021 00:25:39.744,1.1865100000000002,1.1864700000000001,0.82,1.12
04.08.2021 00:25:39.946,1.1865100000000002,1.18648,0.82,0.75
04.08.2021 00:25:40.162,1.1865100000000002,1.18649,0.82,0.75
04.08.2021 00:25:41.752,1.1865100000000002,1.18649,4.39,0.75
04.08.2021 00:25:45.661,1.1865100000000002,1.18649,0.75,0.75
04.08.2021 00:25:45.763,1.1865,1.18648,0.82,0.75
04.08.2021 00:25:46.526,1.1865100000000002,1.18648,0.45,0.75
04.08.2021 00:25:52.868,1.1865,1.18648,0.1,0.75
04.08.2021 00:25:58.819,1.1865100000000002,1.18648,0.1,0.75
04.08.2021 00:26:15.056,1.1865,1.18648,0.1,0.75
04.08.2021 00:26:26.654,1.1865100000000002,1.18648,0.1,0.75
04.08.2021 00:26:31.519,1.1865,1.18648,0.1,0.75
04.08.2021 00:26:41.200,1.1865100000000002,1.18648,0.45,0.75
04.08.2021 00:26:44.044,1.18652,1.18649,0.1,0.75
04.08.2021 00:26:44.450,1.18653,1.18649,2.32,0.75
04.08.2021 00:26:44.551,1.18652,1.18649,0.1,0.75
04.08.2021 00:26:46.532,1.1865100000000002,1.18649,0.82,0.75
04.08.2021 00:27:00.116,1.1865100000000002,1.18648,0.45,0.75
04.08.2021 00:27:03.706,1.1865,1.18648,0.1,0.75
04.08.2021 00:27:04.170,1.18649,1.18646,1.57,1.5
04.08.2021 00:27:04.272,1.1864700000000001,1.18645,0.1,0.75
04.08.2021 00:27:04.373,1.1864700000000001,1.18644,1.95,0.75
04.08.2021 00:27:04.475,1.18646,1.18644,0.1,0.75
04.08.2021 00:27:04.980,1.18646,1.1864299999999999,0.45,0.75
04.08.2021 00:27:38.771,1.18648,1.18644,1.2,0.75
04.08.2021 00:27:38.873,1.18649,1.18646,1.2,0.75
04.08.2021 00:27:41.824,1.1865,1.18646,2.14,0.75
04.08.2021 00:27:42.040,1.1865,1.1864700000000001,2.14,0.75
04.08.2021 00:27:42.172,1.1865,1.18646,2.14,0.75
04.08.2021 00:27:43.933,1.1865,1.1864700000000001,0.1,0.75
04.08.2021 00:27:44.034,1.1865100000000002,1.18648,1.95,0.75
04.08.2021 00:27:46.006,1.1865100000000002,1.1864700000000001,2.7,0.75
04.08.2021 00:27:46.158,1.1865100000000002,1.18648,2.7,0.75
04.08.2021 00:28:37.289,1.18652,1.18648,1.95,0.75
04.08.2021 00:28:37.391,1.18652,1.18649,0.82,0.75
04.08.2021 00:28:46.001,1.1865100000000002,1.18649,0.37,0.75
04.08.2021 00:28:46.334,1.18652,1.18649,0.1,0.75
04.08.2021 00:28:48.125,1.18653,1.18649,1.95,0.75
04.08.2021 00:28:48.277,1.18653,1.1865,0.82,0.75
04.08.2021 00:28:48.378,1.18652,1.18649,0.1,0.75
04.08.2021 00:28:49.893,1.18653,1.1865,0.1,0.75
04.08.2021 00:28:49.995,1.18654,1.1865100000000002,0.1,0.75
04.08.2021 00:28:50.149,1.18655,1.18652,0.64,0.75
04.08.2021 00:28:52.686,1.18655,1.1865100000000002,0.64,0.75
04.08.2021 00:28:59.529,1.18655,1.18652,0.1,0.75
04.08.2021 00:29:20.396,1.18656,1.18652,2.89,0.75
04.08.2021 00:29:30.215,1.18655,1.18652,0.1,0.75
04.08.2021 00:29:32.992,1.18654,1.1865100000000002,0.82,0.75
04.08.2021 00:29:51.041,1.18652,1.1865,0.75,0.75
04.08.2021 00:29:51.524,1.18653,1.1865,0.45,0.75
04.08.2021 00:29:55.597,1.18652,1.18649,0.1,0.75
04.08.2021 00:29:59.487,1.18653,1.18649,3.07,0.75
04.08.2021 00:30:00.225,1.18652,1.18649,0.1,0.75
04.08.2021 00:30:11.771,1.1865100000000002,1.18649,0.37,0.75
04.08.2021 00:30:15.073,1.18652,1.18649,1.57,0.75
04.08.2021 00:30:22.294,1.18653,1.18649,3.82,1.5
04.08.2021 00:30:22.598,1.18653,1.1865,3.07,0.75
04.08.2021 00:30:28.036,1.18652,1.1865,0.1,0.75
04.08.2021 00:30:28.238,1.18652,1.18649,1.2,0.75
04.08.2021 00:30:57.584,1.1865100000000002,1.18649,0.1,0.75
04.08.2021 00:30:58.316,1.1865,1.18649,0.45,0.75
04.08.2021 00:31:39.229,1.18652,1.18649,0.45,0.75
04.08.2021 00:31:41.877,1.1865100000000002,1.18649,0.1,0.75
04.08.2021 00:31:42.358,1.18652,1.18649,0.45,0.75
04.08.2021 00:31:44.039,1.1865100000000002,1.18649,0.1,0.75
04.08.2021 00:31:44.140,1.1865100000000002,1.18648,0.1,0.75
04.08.2021 00:31:55.315,1.18652,1.18648,3.26,0.75
04.08.2021 00:31:57.895,1.1865100000000002,1.18648,0.1,0.75
04.08.2021 00:31:58.966,1.18646,1.18645,0.1,2.7
04.08.2021 00:31:59.067,1.18646,1.18644,0.1,1.2
04.08.2021 00:31:59.171,1.18646,1.1864299999999999,0.1,8.25
04.08.2021 00:32:01.120,1.1864299999999999,1.1864100000000002,1.2,0.75
04.08.2021 00:32:01.222,1.1864299999999999,1.1864000000000001,1.2,0.75
04.08.2021 00:32:01.323,1.1864000000000001,1.18639,0.64,0.75
04.08.2021 00:32:01.425,1.1864000000000001,1.1863700000000001,0.1,0.75
04.08.2021 00:32:02.291,1.1864100000000002,1.1863700000000001,0.37,0.75
04.08.2021 00:32:05.994,1.18642,1.1863700000000001,3.64,0.75
04.08.2021 00:32:07.680,1.1864000000000001,1.18639,0.75,0.75
04.08.2021 00:32:07.882,1.18642,1.18638,1.57,0.75
04.08.2021 00:32:09.212,1.18642,1.18639,1.2,0.75
04.08.2021 00:32:13.803,1.18642,1.18638,2.14,0.75
04.08.2021 00:32:15.143,1.1864100000000002,1.18638,0.75,0.75
04.08.2021 00:32:15.691,1.1864100000000002,1.1863700000000001,0.75,0.75
04.08.2021 00:32:15.845,1.1864100000000002,1.18638,0.75,0.75
04.08.2021 00:32:15.946,1.1864100000000002,1.18639,0.75,0.75
04.08.2021 00:32:19.633,1.1864100000000002,1.18638,0.94,0.75
04.08.2021 00:32:21.703,1.1864100000000002,1.1863700000000001,1.39,0.75
04.08.2021 00:32:22.772,1.1864100000000002,1.18638,1.39,0.75
04.08.2021 00:32:26.211,1.1864000000000001,1.1863700000000001,1.31,0.75
04.08.2021 00:32:26.314,1.18638,1.18635,1.57,0.75
04.08.2021 00:32:26.416,1.1863700000000001,1.18635,0.45,0.75
04.08.2021 00:32:26.823,1.18639,1.18638,0.1,0.75
04.08.2021 00:32:27.027,1.1864000000000001,1.18638,0.1,0.75
04.08.2021 00:32:28.184,1.1864100000000002,1.18638,1.12,0.75
04.08.2021 00:32:33.393,1.18642,1.18638,2.14,0.75
04.08.2021 00:32:34.349,1.18642,1.18639,1.01,0.75
04.08.2021 00:32:34.602,1.1864299999999999,1.1864000000000001,0.1,0.75
04.08.2021 00:32:34.754,1.18644,1.1864000000000001,1.87,0.75
04.08.2021 00:32:39.526,1.1864299999999999,1.18642,0.75,0.75
04.08.2021 00:32:49.313,1.18645,1.1864100000000002,1.39,0.75
04.08.2021 00:32:50.889,1.1864299999999999,1.1864000000000001,1.57,5.47
04.08.2021 00:32:50.990,1.18644,1.1864000000000001,0.1,5.54
04.08.2021 00:32:52.805,1.18645,1.1864000000000001,1.69,1.57
04.08.2021 00:32:52.958,1.18646,1.1864100000000002,2.14,1.5
04.08.2021 00:32:57.093,1.18645,1.1864100000000002,0.1,1.5
04.08.2021 00:33:02.499,1.18644,1.1864100000000002,1.12,0.75
04.08.2021 00:33:03.257,1.18646,1.1864100000000002,4.2,1.5
04.08.2021 00:33:09.043,1.1864299999999999,1.1864100000000002,0.1,0.75
04.08.2021 00:33:10.846,1.18645,1.1864100000000002,0.82,0.82
04.08.2021 00:33:10.948,1.18646,1.1864299999999999,0.45,1.57
04.08.2021 00:33:11.050,1.18648,1.18644,0.1,0.82
04.08.2021 00:33:11.101,1.18648,1.18646,1.27,0.75
04.08.2021 00:33:11.203,1.1865,1.18646,0.1,1.5
04.08.2021 00:33:11.304,1.1865,1.18648,0.82,1.12
04.08.2021 00:33:11.847,1.18652,1.18648,0.1,0.94
04.08.2021 00:33:17.345,1.18652,1.18649,1.2,0.75
04.08.2021 00:33:18.073,1.1865,1.18648,0.1,0.75
04.08.2021 00:33:22.919,1.1865,1.1864700000000001,0.1,0.75
04.08.2021 00:33:23.171,1.1865100000000002,1.18648,0.37,0.75
04.08.2021 00:33:27.892,1.18652,1.18648,1.39,0.75
04.08.2021 00:33:28.139,1.1865100000000002,1.18648,0.19,0.75
04.08.2021 00:33:28.240,1.1865,1.1864700000000001,0.26,0.75
04.08.2021 00:33:28.494,1.1865,1.18646,0.26,1.57
04.08.2021 00:33:29.276,1.18649,1.18646,0.37,1.57
04.08.2021 00:33:29.327,1.1864700000000001,1.1864299999999999,0.64,6.29
04.08.2021 00:33:29.429,1.18646,1.1864299999999999,0.1,0.75
04.08.2021 00:33:31.283,1.18646,1.18642,0.1,1.57
04.08.2021 00:33:40.806,1.18646,1.1864299999999999,0.1,0.75
04.08.2021 00:34:04.296,1.18646,1.18642,0.26,1.57
04.08.2021 00:34:04.348,1.1864299999999999,1.1864000000000001,1.2,3.97
04.08.2021 00:34:04.450,1.18642,1.18639,0.1,0.75
04.08.2021 00:34:04.551,1.1864100000000002,1.18639,0.1,1.57
04.08.2021 00:34:17.598,1.18642,1.1863700000000001,1.95,1.5
04.08.2021 00:34:19.535,1.1864000000000001,1.1863700000000001,0.1,1.5
04.08.2021 00:34:19.687,1.1864100000000002,1.18638,0.1,0.75
04.08.2021 00:34:20.464,1.18642,1.18638,0.82,0.82
04.08.2021 00:34:42.749,1.1864100000000002,1.18638,0.19,0.75
04.08.2021 00:34:45.427,1.1864299999999999,1.1864000000000001,7.81,0.75
04.08.2021 00:34:45.631,1.18644,1.1864000000000001,0.82,0.82
04.08.2021 00:34:52.360,1.1864299999999999,1.1864000000000001,0.1,0.75
04.08.2021 00:34:52.461,1.18644,1.1864000000000001,0.82,0.82
04.08.2021 00:35:02.742,1.18646,1.1864100000000002,3.15,0.75
04.08.2021 00:35:02.894,1.18646,1.18642,1.27,0.1
04.08.2021 00:35:02.995,1.1864700000000001,1.1864299999999999,1.27,0.82
04.08.2021 00:35:03.097,1.1864700000000001,1.18644,0.71,0.75
04.08.2021 00:35:06.476,1.1864700000000001,1.1864299999999999,0.9,0.82
04.08.2021 00:35:09.121,1.1864700000000001,1.18645,1.27,0.82
04.08.2021 00:35:09.374,1.18649,1.18645,0.82,0.1
04.08.2021 00:35:09.692,1.1865,1.18646,0.82,0.1
04.08.2021 00:35:10.125,1.1865100000000002,1.1864700000000001,2.14,0.1
04.08.2021 00:35:17.946,1.1865100000000002,1.18648,0.1,0.75
04.08.2021 00:35:20.713,1.18652,1.18648,0.26,0.82
04.08.2021 00:35:26.041,1.18653,1.18649,2.4,0.1
04.08.2021 00:35:26.144,1.18652,1.18648,0.1,0.82
04.08.2021 00:35:26.246,1.1865100000000002,1.18648,0.1,0.75
04.08.2021 00:35:31.814,1.1865100000000002,1.1864700000000001,1.01,0.1
04.08.2021 00:35:31.916,1.1865,1.18646,0.1,1.57
04.08.2021 00:35:34.631,1.1865,1.1864700000000001,0.1,3.97
04.08.2021 00:35:34.732,1.1865,1.18646,0.1,5.54
04.08.2021 00:35:51.253,1.18649,1.18645,0.1,7.04
04.08.2021 00:35:51.809,1.1865,1.18646,1.27,0.82
04.08.2021 00:35:55.358,1.18649,1.18645,0.1,3.07
04.08.2021 00:35:55.460,1.1865,1.18646,1.27,0.1
04.08.2021 00:35:56.183,1.1865100000000002,1.1864700000000001,1.57,0.1
04.08.2021 00:35:57.691,1.1865100000000002,1.18648,0.1,0.75
04.08.2021 00:36:00.821,1.1865,1.18648,1.84,0.75
04.08.2021 00:36:00.872,1.18649,1.1864700000000001,0.1,0.75
04.08.2021 00:36:00.974,1.18649,1.18646,0.1,0.75
04.08.2021 00:36:03.343,1.1865,1.18646,0.1,1.57
04.08.2021 00:36:03.449,1.18649,1.18648,0.1,0.75
04.08.2021 00:36:03.551,1.1865,1.18648,1.39,0.75
04.08.2021 00:36:03.805,1.1865,1.18646,0.94,0.75
04.08.2021 00:36:04.347,1.18649,1.18646,0.1,0.75
04.08.2021 00:36:15.476,1.18649,1.18645,1.01,1.57
04.08.2021 00:36:17.521,1.1865,1.18646,0.82,0.1
04.08.2021 00:36:17.724,1.1865,1.1864700000000001,0.1,0.75
04.08.2021 00:36:21.520,1.1865,1.18646,0.1,0.82
04.08.2021 00:36:25.323,1.18649,1.18645,1.01,5.54
04.08.2021 00:36:26.848,1.1865,1.18645,1.12,1.76
04.08.2021 00:36:30.150,1.18649,1.18646,0.82,0.75
04.08.2021 00:36:33.522,1.18649,1.18645,0.82,1.57
04.08.2021 00:36:46.071,1.1865,1.1864700000000001,0.45,0.75
04.08.2021 00:36:46.173,1.1865,1.18648,0.45,0.1
04.08.2021 00:36:46.274,1.18652,1.18648,0.82,0.82
04.08.2021 00:37:21.881,1.1865100000000002,1.1864700000000001,0.1,1.57
04.08.2021 00:37:26.212,1.18652,1.18648,5.75,0.82
04.08.2021 00:37:26.415,1.18652,1.18649,0.1,0.75
04.08.2021 00:37:31.022,1.18653,1.18649,0.45,0.82
04.08.2021 00:37:36.333,1.18652,1.18649,1.39,0.75
04.08.2021 00:37:50.748,1.18652,1.18648,2.14,0.82
04.08.2021 00:37:50.900,1.1865100000000002,1.18648,0.1,0.75
04.08.2021 00:37:57.348,1.1865100000000002,1.1864700000000001,2.59,0.75
04.08.2021 00:37:57.449,1.1865,1.1864700000000001,0.19,0.75
04.08.2021 00:37:57.703,1.18649,1.18646,1.01,0.75
04.08.2021 00:37:57.855,1.18649,1.18645,3.64,1.5
04.08.2021 00:38:00.727,1.1864700000000001,1.18644,0.1,0.75
04.08.2021 00:38:09.839,1.1864700000000001,1.18645,1.57,2.32
04.08.2021 00:38:10.031,1.18648,1.18645,0.1,0.75
04.08.2021 00:38:16.420,1.1864700000000001,1.18645,0.1,0.75
04.08.2021 00:38:16.522,1.1864700000000001,1.18644,0.1,1.5
04.08.2021 00:38:28.997,1.18646,1.18644,0.1,0.75
04.08.2021 00:38:29.099,1.18645,1.18644,0.1,0.75
04.08.2021 00:38:30.079,1.1864700000000001,1.1864299999999999,0.82,0.82
04.08.2021 00:38:40.071,1.1864700000000001,1.18644,0.82,0.75
04.08.2021 00:38:52.709,1.1864700000000001,1.1864299999999999,2.59,0.82
04.08.2021 00:38:52.862,1.18646,1.1864299999999999,0.1,0.75
04.08.2021 00:38:59.826,1.1864700000000001,1.1864299999999999,1.2,0.82
04.08.2021 00:39:04.263,1.18646,1.18645,0.82,0.75
04.08.2021 00:39:17.882,1.18649,1.18646,5.75,0.75
04.08.2021 00:39:17.984,1.18649,1.1864700000000001,0.45,0.75
04.08.2021 00:39:18.086,1.1865,1.1864700000000001,0.1,0.75
04.08.2021 00:39:29.010,1.18649,1.1864700000000001,0.75,0.75
04.08.2021 00:39:29.112,1.18649,1.18646,1.57,0.75
04.08.2021 00:40:01.488,1.1865,1.18646,0.82,0.82
04.08.2021 00:40:01.589,1.1865,1.1864700000000001,0.82,1.12
04.08.2021 00:40:07.367,1.1865,1.18646,1.01,0.82
04.08.2021 00:40:08.535,1.18649,1.18646,0.75,0.82
04.08.2021 00:40:08.741,1.18649,1.18645,1.76,0.82
04.08.2021 00:40:50.969,1.18648,1.18645,0.75,0.75
04.08.2021 00:40:51.861,1.1864700000000001,1.18645,1.5,0.75
04.08.2021 00:41:01.848,1.1864700000000001,1.18644,1.57,0.75
04.08.2021 00:41:01.950,1.18646,1.18644,1.5,0.75
04.08.2021 00:41:05.347,1.18644,1.1864100000000002,0.75,0.82
04.08.2021 00:41:05.701,1.18644,1.1864000000000001,2.44,0.75
04.08.2021 00:41:11.923,1.18642,1.18639,0.82,0.75
04.08.2021 00:41:15.492,1.18642,1.18638,1.95,0.82
04.08.2021 00:41:21.175,1.1864100000000002,1.18638,2.06,0.75
04.08.2021 00:41:21.276,1.1864000000000001,1.1863700000000001,0.1,0.75
04.08.2021 00:41:21.478,1.1864000000000001,1.18636,1.76,0.75
04.08.2021 00:41:47.805,1.1864100000000002,1.18638,0.1,0.75
04.08.2021 00:41:48.557,1.1864000000000001,1.1863700000000001,0.1,0.75
04.08.2021 00:41:51.677,1.1864100000000002,1.1863700000000001,3.07,1.57
04.08.2021 00:41:54.463,1.18642,1.18638,1.2,0.82
04.08.2021 00:41:56.931,1.1864100000000002,1.1864000000000001,0.45,0.75
04.08.2021 00:41:59.600,1.1864299999999999,1.18639,0.82,0.82
04.08.2021 00:41:59.701,1.1864299999999999,1.1864100000000002,0.1,0.75
04.08.2021 00:41:59.803,1.18645,1.1864100000000002,0.75,1.12
04.08.2021 00:42:01.893,1.18646,1.18642,2.32,0.75
04.08.2021 00:42:02.872,1.18645,1.18642,0.37,0.75
04.08.2021 00:42:02.973,1.18644,1.18642,1.12,0.75
04.08.2021 00:42:04.157,1.18642,1.18639,0.1,1.5
04.08.2021 00:42:04.309,1.1864299999999999,1.18639,1.12,0.75
04.08.2021 00:42:09.442,1.1864299999999999,1.1864100000000002,0.75,0.75
04.08.2021 00:42:09.573,1.18644,1.1864100000000002,1.57,0.75
04.08.2021 00:42:10.002,1.18644,1.1864000000000001,0.82,1.12
04.08.2021 00:42:18.928,1.18644,1.1864100000000002,0.82,0.37
04.08.2021 00:42:19.030,1.18645,1.18642,0.1,0.75
04.08.2021 00:42:20.757,1.18646,1.18642,1.5,0.75
04.08.2021 00:42:38.043,1.18645,1.18642,1.57,0.75
04.08.2021 00:42:38.094,1.18642,1.1864000000000001,0.1,0.75
04.08.2021 00:42:38.196,1.18642,1.18638,2.77,0.75
04.08.2021 00:42:38.297,1.1864100000000002,1.18638,0.1,0.75
04.08.2021 00:42:38.398,1.18642,1.18638,3.34,0.75
04.08.2021 00:42:39.934,1.1864100000000002,1.18638,0.82,0.75
04.08.2021 00:42:40.047,1.1864100000000002,1.1863700000000001,1.39,0.75
04.08.2021 00:42:41.947,1.1864000000000001,1.1863700000000001,0.1,0.75
04.08.2021 00:42:42.162,1.1864100000000002,1.1863700000000001,2.96,0.75
04.08.2021 00:42:46.777,1.1864000000000001,1.18636,0.1,1.12
04.08.2021 00:42:46.878,1.1864100000000002,1.18636,2.21,1.2
04.08.2021 00:42:47.621,1.1864000000000001,1.18636,0.45,1.2
04.08.2021 00:42:47.824,1.1864100000000002,1.18636,1.84,0.82
04.08.2021 00:42:48.196,1.1864000000000001,1.18636,0.45,0.82
04.08.2021 00:42:50.560,1.1864100000000002,1.1863700000000001,1.2,1.57
04.08.2021 00:42:52.698,1.1864100000000002,1.18638,0.1,0.75
04.08.2021 00:43:02.569,1.18642,1.18638,3.71,0.75
04.08.2021 00:43:03.375,1.1864100000000002,1.18638,0.45,0.75
04.08.2021 00:43:03.741,1.18642,1.18638,5.21,0.75
04.08.2021 00:43:03.859,1.1864100000000002,1.18638,0.1,0.75
04.08.2021 00:43:04.020,1.1864100000000002,1.1863700000000001,4.09,0.75
04.08.2021 00:43:04.121,1.1864000000000001,1.1863700000000001,0.52,0.75
04.08.2021 00:43:04.846,1.1864100000000002,1.1863700000000001,3.9,0.75
04.08.2021 00:43:06.258,1.18639,1.18638,0.52,0.75
04.08.2021 00:43:06.394,1.1864000000000001,1.18636,1.27,0.75
04.08.2021 00:43:14.180,1.18639,1.18638,0.75,0.75
04.08.2021 00:43:14.281,1.1864000000000001,1.18636,0.75,0.82
04.08.2021 00:43:18.634,1.1864100000000002,1.18638,0.52,0.75
04.08.2021 00:43:18.837,1.18642,1.18638,1.95,0.75
04.08.2021 00:43:19.089,1.1864100000000002,1.18638,0.82,0.75
04.08.2021 00:43:20.991,1.18642,1.18638,1.95,0.75
04.08.2021 00:43:21.143,1.1864299999999999,1.18638,1.57,0.82
04.08.2021 00:43:21.245,1.1864299999999999,1.1864100000000002,4.76,0.75
04.08.2021 00:43:21.752,1.18645,1.1864100000000002,0.82,0.75
04.08.2021 00:43:24.665,1.18644,1.1864100000000002,0.1,0.75
04.08.2021 00:43:25.072,1.18645,1.1864100000000002,0.82,0.75
04.08.2021 00:43:32.882,1.18644,1.1864100000000002,0.82,0.75
04.08.2021 00:43:34.785,1.18644,1.1864000000000001,0.82,1.5
04.08.2021 00:43:45.206,1.18645,1.1864100000000002,0.75,2.32
04.08.2021 00:43:45.308,1.18646,1.18642,1.2,1.57
04.08.2021 00:43:51.918,1.18645,1.18642,0.1,1.5
04.08.2021 00:44:03.294,1.18646,1.18642,0.45,0.75
04.08.2021 00:44:08.829,1.18646,1.1864299999999999,0.1,0.75
04.08.2021 00:44:12.066,1.1864700000000001,1.1864299999999999,2.14,0.75
04.08.2021 00:44:16.515,1.18646,1.1864299999999999,0.1,0.75
04.08.2021 00:44:22.785,1.1864700000000001,1.1864299999999999,2.14,0.75
04.08.2021 00:44:27.937,1.18649,1.18645,2.4,0.75
04.08.2021 00:44:28.039,1.18649,1.18646,1.65,0.75
04.08.2021 00:44:48.731,1.1865100000000002,1.1864700000000001,3.34,0.75
04.08.2021 00:44:52.697,1.18652,1.18648,1.76,0.75
04.08.2021 00:44:52.849,1.18652,1.1865,1.27,1.5
04.08.2021 00:44:52.900,1.18654,1.1865100000000002,1.2,0.75
04.08.2021 00:44:53.475,1.18653,1.1865100000000002,0.1,0.75
04.08.2021 00:44:53.577,1.18652,1.1865,0.37,0.75
04.08.2021 00:44:57.495,1.18652,1.18649,0.1,0.75
04.08.2021 00:45:00.320,1.18653,1.18649,2.77,0.75
04.08.2021 00:45:00.421,1.18652,1.18649,0.1,0.75
04.08.2021 00:45:01.787,1.1865100000000002,1.18649,0.1,0.75
04.08.2021 00:45:01.888,1.1865100000000002,1.18648,0.1,0.75
04.08.2021 00:45:02.040,1.18652,1.18648,1.84,0.75
04.08.2021 00:45:06.001,1.1865,1.1864700000000001,0.37,0.82
04.08.2021 00:45:06.244,1.18652,1.18648,1.84,0.75
04.08.2021 00:45:12.112,1.1865100000000002,1.18648,0.1,0.75
04.08.2021 00:45:18.216,1.1865100000000002,1.1864700000000001,1.57,0.75
04.08.2021 00:45:32.125,1.18649,1.18646,0.75,0.75
04.08.2021 00:45:32.227,1.1865,1.18646,0.26,0.75
04.08.2021 00:45:33.907,1.1865100000000002,1.1864700000000001,1.39,1.5
04.08.2021 00:45:40.300,1.1865,1.18646,0.1,1.5
04.08.2021 00:45:46.986,1.1865100000000002,1.1864700000000001,2.14,0.75
04.08.2021 00:45:47.088,1.1865,1.18646,1.01,4.72
04.08.2021 00:45:47.616,1.18649,1.18646,0.45,0.75
04.08.2021 00:45:47.780,1.1865,1.18646,1.84,0.75
04.08.2021 00:45:57.488,1.18649,1.18646,0.1,0.75
04.08.2021 00:46:02.151,1.18648,1.18644,4.01,1.5
04.08.2021 00:46:02.252,1.1864700000000001,1.1864299999999999,1.57,0.75
04.08.2021 00:46:03.163,1.18648,1.18644,1.65,0.75
04.08.2021 00:46:03.416,1.1864700000000001,1.18644,0.1,0.75
04.08.2021 00:46:06.497,1.1864700000000001,1.1864299999999999,0.52,0.75
04.08.2021 00:46:16.035,1.18644,1.18642,0.75,0.75
04.08.2021 00:46:16.136,1.1864299999999999,1.18642,0.75,0.75
04.08.2021 00:46:27.607,1.18645,1.1864100000000002,2.21,0.75
04.08.2021 00:46:27.709,1.18644,1.1864100000000002,0.1,0.75
04.08.2021 00:46:37.088,1.18645,1.1864100000000002,2.02,0.75
04.08.2021 00:47:01.517,1.1864299999999999,1.18642,0.1,0.75
04.08.2021 00:47:02.693,1.1864299999999999,1.18639,5.32,0.75
04.08.2021 00:47:02.794,1.18639,1.18635,0.75,2.7
04.08.2021 00:47:02.896,1.18638,1.18635,2.32,0.75
04.08.2021 00:47:02.997,1.1863700000000001,1.1863299999999999,1.2,0.75
04.08.2021 00:47:03.099,1.18636,1.1863299999999999,0.75,0.75
04.08.2021 00:47:11.628,1.18639,1.18635,3.34,0.75
04.08.2021 00:47:19.782,1.18638,1.18634,2.32,5.47
04.08.2021 00:47:32.162,1.18635,1.18634,0.75,0.75
04.08.2021 00:47:36.133,1.18635,1.1863100000000002,0.75,0.82
04.08.2021 00:47:37.242,1.1863700000000001,1.1863299999999999,2.32,0.75
04.08.2021 00:47:40.870,1.18636,1.1863299999999999,1.65,0.75
04.08.2021 00:47:51.041,1.1863700000000001,1.1863299999999999,1.57,0.75
04.08.2021 00:47:51.345,1.18636,1.18632,0.75,1.57
04.08.2021 00:47:54.114,1.18635,1.1863100000000002,1.39,0.75
04.08.2021 00:47:54.216,1.18634,1.1863100000000002,0.1,0.75
04.08.2021 00:47:58.939,1.18635,1.1863100000000002,2.14,0.75
04.08.2021 00:47:59.090,1.18636,1.18632,3.15,0.75
04.08.2021 00:48:07.322,1.18636,1.18634,0.82,0.75
04.08.2021 00:48:26.858,1.18636,1.18632,0.82,0.75
04.08.2021 00:48:27.672,1.1863700000000001,1.1863299999999999,2.4,0.75
04.08.2021 00:48:29.071,1.1863700000000001,1.18634,1.2,0.37
04.08.2021 00:48:29.325,1.1863700000000001,1.1863299999999999,1.95,0.75
04.08.2021 00:48:33.526,1.1863700000000001,1.18634,0.75,0.75
04.08.2021 00:48:33.678,1.18639,1.18635,2.02,0.75
04.08.2021 00:48:33.780,1.18639,1.18636,0.82,0.37
04.08.2021 00:48:34.516,1.18639,1.18635,0.82,1.12
04.08.2021 00:48:40.841,1.1863700000000001,1.1863299999999999,0.75,0.82
04.08.2021 00:48:51.275,1.1863700000000001,1.18634,0.75,0.75
04.08.2021 00:48:51.578,1.1863700000000001,1.1863299999999999,1.12,0.82
04.08.2021 00:48:53.869,1.18636,1.18632,0.9,0.75
04.08.2021 00:48:53.970,1.18635,1.1863100000000002,0.75,1.95
04.08.2021 00:48:57.336,1.18636,1.1863299999999999,0.82,0.75
04.08.2021 00:48:57.590,1.18636,1.18634,0.75,0.37
04.08.2021 00:48:57.722,1.18636,1.1863299999999999,0.75,0.75
04.08.2021 00:49:03.493,1.1863700000000001,1.1863299999999999,1.2,0.75
04.08.2021 00:49:04.977,1.1863700000000001,1.18634,0.82,0.37
04.08.2021 00:49:05.936,1.1863700000000001,1.1863299999999999,0.82,1.12
04.08.2021 00:49:08.389,1.18636,1.1863299999999999,1.28,0.75
04.08.2021 00:49:08.491,1.18635,1.1863299999999999,2.03,0.75
04.08.2021 00:49:29.123,1.18635,1.1863100000000002,0.75,0.82
04.08.2021 00:49:29.528,1.18636,1.18632,0.75,0.75
04.08.2021 00:49:29.630,1.18635,1.18632,0.75,0.37
04.08.2021 00:49:29.751,1.18636,1.18632,1.31,1.12
04.08.2021 00:49:30.280,1.18635,1.1863100000000002,0.75,0.75
04.08.2021 00:49:31.139,1.18636,1.18632,1.12,0.75
04.08.2021 00:49:31.842,1.18635,1.1863100000000002,0.75,0.82
04.08.2021 00:49:31.944,1.18636,1.18632,1.12,1.87
04.08.2021 00:49:32.349,1.18635,1.18632,0.75,0.37
04.08.2021 00:49:36.526,1.18636,1.18632,1.12,1.5
04.08.2021 00:49:46.637,1.18635,1.18632,0.75,1.5
04.08.2021 00:49:46.789,1.18635,1.1863100000000002,0.75,1.5
04.08.2021 00:49:47.290,1.18635,1.18632,0.75,0.75
04.08.2021 00:49:47.392,1.18635,1.1863299999999999,0.75,1.5
04.08.2021 00:49:47.645,1.18636,1.1863299999999999,0.75,0.75
04.08.2021 00:49:49.407,1.18636,1.18632,0.75,1.57
04.08.2021 00:49:49.752,1.18636,1.1863299999999999,0.75,0.75
04.08.2021 00:49:50.161,1.1863700000000001,1.1863299999999999,0.75,1.5
04.08.2021 00:49:52.911,1.18638,1.18634,2.62,2.32
04.08.2021 00:49:56.387,1.18638,1.18636,1.12,0.75
04.08.2021 00:49:56.489,1.18639,1.18636,0.75,0.75
04.08.2021 00:49:56.591,1.1864000000000001,1.18636,0.75,0.75
04.08.2021 00:50:02.593,1.18639,1.18635,0.75,1.5
04.08.2021 00:50:11.224,1.18636,1.18634,2.06,0.75
04.08.2021 00:50:16.855,1.1863700000000001,1.18635,0.75,1.57
04.08.2021 00:50:16.956,1.18638,1.18635,0.75,1.2
04.08.2021 00:50:20.712,1.1864000000000001,1.18636,2.14,0.75
04.08.2021 00:50:31.556,1.18639,1.18635,0.75,1.5
04.08.2021 00:50:32.421,1.18636,1.1863299999999999,0.75,0.75
04.08.2021 00:50:32.523,1.18636,1.18632,0.75,0.75
04.08.2021 00:50:36.028,1.1863299999999999,1.1863000000000001,0.75,3.97
04.08.2021 00:50:36.130,1.1863299999999999,1.18629,1.12,0.75
04.08.2021 00:50:36.232,1.1863299999999999,1.1863000000000001,0.75,0.75
04.08.2021 00:50:36.436,1.1863299999999999,1.18629,0.75,0.75
04.08.2021 00:50:42.163,1.18632,1.18629,0.75,0.75
04.08.2021 00:50:51.500,1.1863299999999999,1.1863000000000001,0.75,0.75
04.08.2021 00:50:55.932,1.18634,1.1863000000000001,0.75,0.75
04.08.2021 00:50:56.085,1.1863299999999999,1.18632,0.75,0.1
04.08.2021 00:50:56.238,1.18634,1.18632,0.75,0.82
04.08.2021 00:51:10.976,1.18634,1.1863100000000002,0.75,0.75
04.08.2021 00:51:14.396,1.18634,1.1863000000000001,1.87,6.29
04.08.2021 00:51:14.498,1.1863299999999999,1.18629,1.87,4.72
04.08.2021 00:51:14.599,1.18632,1.18628,0.75,0.75
04.08.2021 00:51:17.809,1.1863100000000002,1.18628,0.75,0.75
04.08.2021 00:51:39.812,1.18632,1.18628,1.12,0.75
04.08.2021 00:51:53.978,1.18632,1.1863000000000001,2.32,0.75
04.08.2021 00:51:55.849,1.1863299999999999,1.1863000000000001,1.2,0.75
04.08.2021 00:51:57.092,1.18634,1.1863000000000001,0.75,0.82
04.08.2021 00:51:57.194,1.18635,1.1863100000000002,1.27,1.5
04.08.2021 00:51:59.100,1.1863299999999999,1.18629,1.95,0.75
04.08.2021 00:52:30.815,1.1863100000000002,1.18629,1.57,0.75
04.08.2021 00:52:30.917,1.1863100000000002,1.18628,0.75,0.75
04.08.2021 00:52:31.160,1.18632,1.18628,0.82,0.75
04.08.2021 00:52:32.004,1.1863100000000002,1.1862700000000002,1.57,0.75
04.08.2021 00:52:34.417,1.1863000000000001,1.1862700000000002,0.75,0.75
04.08.2021 00:52:37.939,1.18629,1.18626,0.75,0.75
04.08.2021 00:52:37.990,1.18628,1.18624,1.12,9
04.08.2021 00:52:38.143,1.18629,1.18625,0.82,0.75
04.08.2021 00:52:42.548,1.1863000000000001,1.18626,0.75,1.5
04.08.2021 00:52:42.650,1.1863000000000001,1.1862700000000002,0.75,0.37
04.08.2021 00:52:43.642,1.1863100000000002,1.18629,1.95,0.75
04.08.2021 00:52:43.997,1.1863100000000002,1.18628,0.37,0.75
04.08.2021 00:52:44.100,1.1863000000000001,1.1862700000000002,0.75,0.75
04.08.2021 00:52:51.893,1.18629,1.1862700000000002,0.82,0.75
04.08.2021 00:52:52.046,1.18629,1.18626,0.75,0.75
04.08.2021 00:52:55.570,1.18629,1.18625,0.75,0.82
04.08.2021 00:52:55.672,1.1863000000000001,1.18626,0.82,0.75
04.08.2021 00:52:55.824,1.1863000000000001,1.1862700000000002,0.75,0.75
04.08.2021 00:52:57.862,1.1863100000000002,1.18628,1.2,0.75
04.08.2021 00:53:04.898,1.18632,1.18628,1.76,0.75
04.08.2021 00:53:09.486,1.1863100000000002,1.1862700000000002,0.82,0.75
04.08.2021 00:53:46.582,1.18629,1.18628,0.19,0.75
04.08.2021 00:53:46.634,1.18628,1.18625,0.82,1.69
04.08.2021 00:53:46.685,1.18629,1.1862700000000002,1.12,1.57
04.08.2021 00:53:46.838,1.1863100000000002,1.1862700000000002,0.82,0.75
04.08.2021 00:53:48.454,1.1863100000000002,1.18628,0.75,0.37
04.08.2021 00:53:48.556,1.18632,1.18628,1.95,1.12
04.08.2021 00:53:48.889,1.1863100000000002,1.18628,0.1,0.75
04.08.2021 00:53:56.039,1.1863000000000001,1.1862700000000002,0.1,0.75
04.08.2021 00:53:56.191,1.1863100000000002,1.1862700000000002,2.89,0.75
04.08.2021 00:53:58.952,1.1863100000000002,1.18628,0.82,0.75
04.08.2021 00:54:01.380,1.18632,1.18628,2.32,0.75
04.08.2021 00:54:12.451,1.1863100000000002,1.18628,0.1,0.75
04.08.2021 00:54:15.400,1.1863100000000002,1.1862700000000002,2.51,0.75
04.08.2021 00:54:15.501,1.18629,1.18628,0.1,0.75
04.08.2021 00:54:17.004,1.18629,1.18625,2.14,0.75
04.08.2021 00:54:17.106,1.18629,1.1862700000000002,0.19,0.75
04.08.2021 00:54:17.418,1.1863000000000001,1.1862700000000002,0.75,0.75
04.08.2021 00:54:19.955,1.1863100000000002,1.1862700000000002,1.76,0.75
04.08.2021 00:54:30.260,1.1863000000000001,1.1862700000000002,0.75,0.75
04.08.2021 00:54:32.548,1.1863000000000001,1.18626,1.5,1.2
04.08.2021 00:54:34.061,1.1862700000000002,1.18623,0.94,2.32
04.08.2021 00:54:34.163,1.18626,1.18623,0.75,1.57
04.08.2021 00:54:37.799,1.1862700000000002,1.18623,1.57,0.75
04.08.2021 00:54:38.148,1.18626,1.18623,0.26,0.75
04.08.2021 00:54:38.250,1.18626,1.18622,2.51,0.75
04.08.2021 00:54:39.718,1.18625,1.18621,0.75,1.01
04.08.2021 00:54:40.592,1.18624,1.18621,2.89,0.75
04.08.2021 00:54:40.693,1.18623,1.1862000000000001,1.95,0.75
04.08.2021 00:54:40.844,1.18623,1.18619,4.39,0.75
04.08.2021 00:54:41.116,1.18622,1.18619,0.45,0.75
04.08.2021 00:54:41.218,1.18621,1.1861700000000002,0.75,0.82
04.08.2021 00:54:41.320,1.18619,1.1861700000000002,0.75,0.82
04.08.2021 00:54:41.590,1.18618,1.18614,4.2,0.75
04.08.2021 00:54:41.692,1.1861700000000002,1.18614,0.75,0.75
04.08.2021 00:54:41.861,1.18616,1.18613,0.75,0.82
04.08.2021 00:54:43.154,1.18615,1.18612,0.75,0.75
04.08.2021 00:54:43.255,1.18616,1.18612,1.57,0.75
04.08.2021 00:54:43.357,1.18616,1.18613,1.2,0.75
04.08.2021 00:54:43.508,1.1861700000000002,1.18613,2.32,0.75
04.08.2021 00:54:43.610,1.18618,1.18615,1.2,0.75
04.08.2021 00:54:43.712,1.18618,1.18614,0.82,0.75
04.08.2021 00:54:44.412,1.18616,1.18613,0.75,0.75
04.08.2021 00:54:44.514,1.18616,1.18612,0.75,1.01
04.08.2021 00:54:44.616,1.18616,1.18615,1.2,0.75
04.08.2021 00:54:44.770,1.18618,1.18614,0.75,0.82
04.08.2021 00:54:44.872,1.18618,1.18615,0.75,0.75
04.08.2021 00:54:46.029,1.18618,1.18614,5.4,0.75
04.08.2021 00:54:46.131,1.18616,1.18612,0.75,0.82
04.08.2021 00:54:46.232,1.18615,1.18611,0.75,1.01
04.08.2021 00:54:46.334,1.18615,1.18612,0.75,0.1
04.08.2021 00:54:46.435,1.18616,1.18612,1.2,1.76
04.08.2021 00:54:46.941,1.18615,1.18612,0.75,0.1
04.08.2021 00:54:47.345,1.18613,1.1861000000000002,0.75,3.97
04.08.2021 00:54:47.599,1.18614,1.1861000000000002,3.07,0.75
04.08.2021 00:54:47.750,1.18613,1.1861000000000002,0.75,0.75
04.08.2021 00:54:48.605,1.18614,1.18611,1.2,0.75
04.08.2021 00:54:48.808,1.18614,1.1861000000000002,1.5,1.01
04.08.2021 00:54:48.960,1.18613,1.18609,0.75,1.01
04.08.2021 00:54:49.364,1.18612,1.18608,2.25,1.01
04.08.2021 00:54:49.465,1.18613,1.18609,1.95,0.82
04.08.2021 00:54:49.617,1.18612,1.18608,0.75,1.76
04.08.2021 00:54:50.398,1.18609,1.1860600000000001,0.75,0.75
04.08.2021 00:54:51.157,1.18609,1.1860700000000002,0.45,1.5
04.08.2021 00:54:51.208,1.18612,1.18609,0.37,0.82
04.08.2021 00:54:51.309,1.18612,1.1861000000000002,1.57,0.82
04.08.2021 00:54:51.411,1.18613,1.1861000000000002,0.82,0.75
04.08.2021 00:54:51.569,1.18614,1.1861000000000002,2.77,0.82
04.08.2021 00:54:52.178,1.18613,1.18609,0.75,0.75
04.08.2021 00:54:52.996,1.18614,1.18611,1.27,0.75
04.08.2021 00:54:53.454,1.18613,1.1861000000000002,0.75,0.75
04.08.2021 00:54:53.657,1.18613,1.18609,2.25,1.5
04.08.2021 00:54:53.811,1.18612,1.18611,1.95,1.57
04.08.2021 00:54:54.704,1.18613,1.18611,0.75,0.1
04.08.2021 00:54:54.755,1.18615,1.18611,2.32,0.82
04.08.2021 00:54:54.908,1.18616,1.18612,3.52,0.82
04.08.2021 00:54:55.267,1.18616,1.18613,2.32,0.75
04.08.2021 00:54:55.368,1.18615,1.18612,0.75,0.82
04.08.2021 00:54:55.700,1.18616,1.18612,1.57,0.82
04.08.2021 00:54:56.770,1.18616,1.18613,0.75,0.82
04.08.2021 00:54:56.822,1.18618,1.18614,0.82,0.82
04.08.2021 00:54:59.164,1.18615,1.18612,1.5,0.26
04.08.2021 00:54:59.266,1.18614,1.18611,3.52,3.97
04.08.2021 00:54:59.317,1.18613,1.18609,1.5,8.32
04.08.2021 00:54:59.418,1.18611,1.1861000000000002,0.75,7.5
04.08.2021 00:54:59.530,1.18612,1.18608,0.75,0.82
04.08.2021 00:54:59.857,1.18613,1.18609,2.4,0.75
04.08.2021 00:54:59.959,1.18613,1.18612,1.2,0.75
04.08.2021 00:55:00.111,1.18613,1.1861000000000002,1.12,0.75
04.08.2021 00:55:00.315,1.18614,1.1861000000000002,3.45,0.75
04.08.2021 00:55:00.416,1.18611,1.18608,0.75,0.75
04.08.2021 00:55:00.468,1.1861000000000002,1.1860600000000001,0.75,4.79
04.08.2021 00:55:00.570,1.1861000000000002,1.1860700000000002,0.75,0.75
04.08.2021 00:55:00.823,1.1861000000000002,1.1860600000000001,1.5,0.75
04.08.2021 00:55:00.925,1.1861000000000002,1.1860700000000002,1.2,0.75
04.08.2021 00:55:01.281,1.18611,1.1860700000000002,2.4,0.75
04.08.2021 00:55:01.383,1.1861000000000002,1.1860700000000002,0.45,0.75
04.08.2021 00:55:01.535,1.18611,1.1860700000000002,1.5,0.75
04.08.2021 00:55:01.638,1.18612,1.1861000000000002,0.45,0.75
04.08.2021 00:55:01.740,1.18615,1.18611,3.15,0.75
04.08.2021 00:55:03.831,1.18614,1.18611,1.57,0.75
04.08.2021 00:55:03.932,1.18613,1.18609,0.75,0.82
04.08.2021 00:55:04.034,1.18612,1.18608,0.82,0.75
04.08.2021 00:55:04.135,1.18611,1.18608,0.45,0.75
04.08.2021 00:55:04.237,1.18611,1.1860700000000002,1.2,1.57
04.08.2021 00:55:36.895,1.1861000000000002,1.1860700000000002,0.45,0.75
04.08.2021 00:55:38.349,1.18611,1.1860700000000002,1.27,0.75
04.08.2021 00:55:39.322,1.1861000000000002,1.1860700000000002,0.45,0.75
04.08.2021 00:55:39.601,1.18611,1.1860700000000002,1.27,0.75
04.08.2021 00:55:40.557,1.18609,1.18608,0.45,0.75
04.08.2021 00:55:41.040,1.18611,1.1860700000000002,1.27,0.75
04.08.2021 00:56:07.560,1.18613,1.18609,9.8,0.75
04.08.2021 00:56:07.662,1.18614,1.1861000000000002,3.71,0.75
04.08.2021 00:56:31.119,1.18614,1.18611,0.75,0.1
04.08.2021 00:56:31.222,1.18615,1.18612,0.75,0.1
04.08.2021 00:56:31.324,1.18616,1.18612,0.75,0.82
04.08.2021 00:56:33.471,1.18616,1.18611,0.82,0.82
04.08.2021 00:56:34.576,1.18615,1.18611,0.75,1.57
04.08.2021 00:56:35.826,1.18615,1.18612,0.75,0.1
04.08.2021 00:56:37.294,1.1861700000000002,1.18613,0.82,0.75
04.08.2021 00:56:42.494,1.18616,1.18612,0.75,1.57
04.08.2021 00:56:48.719,1.18616,1.18614,1.95,0.75
04.08.2021 00:56:51.326,1.1861700000000002,1.18614,0.75,0.37
04.08.2021 00:56:51.378,1.18619,1.18615,6.23,1.2
04.08.2021 00:56:56.015,1.18619,1.18616,0.75,0.1
04.08.2021 00:56:56.534,1.1862000000000001,1.18616,0.75,0.82
04.08.2021 00:57:02.195,1.1862000000000001,1.1861700000000002,0.75,0.1
04.08.2021 00:57:02.296,1.18622,1.1861700000000002,0.82,1.95
04.08.2021 00:57:02.397,1.18621,1.1861700000000002,0.75,5.17
04.08.2021 00:57:03.552,1.1862000000000001,1.18616,0.75,1.95
04.08.2021 00:57:07.407,1.18619,1.18616,0.75,0.75
04.08.2021 00:57:07.660,1.1862000000000001,1.18616,0.94,1.57
04.08.2021 00:57:11.997,1.1862000000000001,1.1861700000000002,0.75,0.1
04.08.2021 00:57:12.250,1.18621,1.1861700000000002,0.75,0.82
04.08.2021 00:57:24.816,1.18624,1.1862000000000001,8.3,1.2
04.08.2021 00:57:24.917,1.18624,1.18621,0.45,0.75
04.08.2021 00:57:25.020,1.18625,1.18621,2.51,1.5
04.08.2021 00:57:25.123,1.18624,1.1862000000000001,0.75,1.57
04.08.2021 00:57:30.082,1.18622,1.18619,0.94,0.75
04.08.2021 00:57:30.184,1.1862000000000001,1.1861700000000002,0.19,0.75
04.08.2021 00:57:32.162,1.1862000000000001,1.18616,0.94,0.75
04.08.2021 00:57:33.427,1.18619,1.18616,0.19,0.75
04.08.2021 00:57:33.642,1.1862000000000001,1.18616,1.46,0.75
04.08.2021 00:57:38.660,1.18619,1.18616,0.19,0.75
04.08.2021 00:57:43.642,1.1862000000000001,1.18616,1.46,0.75
04.08.2021 00:57:51.276,1.18618,1.1861700000000002,0.26,0.75
04.08.2021 00:57:57.105,1.1862000000000001,1.18616,2.21,0.75
04.08.2021 00:58:00.381,1.18621,1.18616,1.01,1.87
04.08.2021 00:58:00.483,1.18621,1.18618,0.19,0.75
04.08.2021 00:58:03.645,1.18622,1.18618,1.39,0.75
04.08.2021 00:58:05.128,1.18622,1.18619,0.19,0.75
04.08.2021 00:58:05.230,1.18623,1.18619,1.2,0.75
04.08.2021 00:58:16.773,1.18621,1.1861700000000002,0.1,2.25
04.08.2021 00:58:18.618,1.18621,1.18616,1.01,2.25
04.08.2021 00:58:22.971,1.1862000000000001,1.18616,0.75,2.25
04.08.2021 00:58:27.828,1.18619,1.18615,0.26,1.5
04.08.2021 00:58:28.939,1.1862000000000001,1.18616,1.39,0.75
04.08.2021 00:58:34.076,1.1862000000000001,1.18615,1.01,6.59
04.08.2021 00:58:34.406,1.18619,1.18615,0.26,2.62
04.08.2021 00:58:34.558,1.18618,1.18615,0.1,0.75
04.08.2021 00:58:36.200,1.18618,1.18614,0.82,2.25
04.08.2021 00:58:37.390,1.18619,1.18615,1.01,0.75
04.08.2021 00:58:38.201,1.18618,1.18615,0.1,0.75
04.08.2021 00:58:38.353,1.18618,1.18614,0.82,2.25
04.08.2021 00:58:41.742,1.1861700000000002,1.18614,0.82,0.75
04.08.2021 00:58:42.625,1.1861700000000002,1.18613,0.82,3
04.08.2021 00:58:48.923,1.18616,1.18612,1.01,0.75
04.08.2021 00:58:49.024,1.18615,1.18612,0.75,0.75
04.08.2021 00:58:50.735,1.18615,1.18611,0.75,2.25
04.08.2021 00:58:58.017,1.18615,1.18612,0.75,0.75
04.08.2021 00:59:06.358,1.18616,1.18612,0.94,1.5
04.08.2021 00:59:09.912,1.18615,1.18611,0.75,2.62
04.08.2021 00:59:34.238,1.18614,1.18613,0.75,0.75
04.08.2021 00:59:34.784,1.18615,1.18611,0.75,1.87
04.08.2021 00:59:37.016,1.1861700000000002,1.18614,0.75,0.75
04.08.2021 00:59:37.392,1.1861700000000002,1.18613,0.75,1.5
04.08.2021 00:59:38.980,1.1862000000000001,1.18616,2.89,0.75
04.08.2021 00:59:41.773,1.18619,1.18615,0.1,1.95
04.08.2021 00:59:42.079,1.1861700000000002,1.18613,0.75,1.5
04.08.2021 00:59:45.042,1.18616,1.18612,0.82,0.75
04.08.2021 00:59:45.299,1.18615,1.18611,0.75,3.37
04.08.2021 00:59:49.331,1.1861700000000002,1.18613,0.75,3
04.08.2021 00:59:49.433,1.1862000000000001,1.18615,1.01,2.25
04.08.2021 00:59:49.535,1.18621,1.1861700000000002,9.07,0.75
04.08.2021 00:59:49.636,1.1862000000000001,1.18616,0.75,3
04.08.2021 00:59:54.496,1.18621,1.1861700000000002,0.82,0.75
04.08.2021 00:59:59.852,1.18621,1.18618,0.82,0.37
04.08.2021 01:00:00.621,1.18619,1.1861700000000002,0.75,0.82
04.08.2021 01:00:00.773,1.18621,1.1861700000000002,0.75,0.82
04.08.2021 01:00:00.874,1.18622,1.18618,1.01,0.75
04.08.2021 01:00:01.035,1.18621,1.1861700000000002,0.82,0.75
04.08.2021 01:00:07.283,1.18621,1.18619,0.75,0.75
04.08.2021 01:00:07.788,1.1862000000000001,1.18618,0.75,2.02
04.08.2021 01:00:08.213,1.18622,1.18619,0.82,2.25
04.08.2021 01:00:09.612,1.18622,1.18618,0.82,0.75
04.08.2021 01:00:09.816,1.18621,1.18618,0.1,0.75
04.08.2021 01:00:09.917,1.18622,1.18618,1.2,0.75
04.08.2021 01:00:10.042,1.18621,1.18618,0.1,0.75
04.08.2021 01:00:10.308,1.18621,1.1861700000000002,0.82,2.7
04.08.2021 01:00:10.409,1.18621,1.18618,0.75,2.25
04.08.2021 01:00:10.562,1.18625,1.18621,9.8,3
04.08.2021 01:00:10.715,1.18626,1.18622,8.25,3.07
04.08.2021 01:00:10.867,1.18626,1.18624,0.75,2.25
04.08.2021 01:00:12.244,1.18626,1.18623,0.75,0.75
04.08.2021 01:00:13.222,1.18626,1.18622,0.82,1.5
04.08.2021 01:00:16.580,1.1862700000000002,1.18623,0.82,0.75
04.08.2021 01:00:16.682,1.1862700000000002,1.18624,0.82,2.25
04.08.2021 01:00:17.340,1.18628,1.18624,1.76,2.25
04.08.2021 01:00:17.569,1.1862700000000002,1.18624,0.1,2.25
04.08.2021 01:00:18.158,1.18628,1.18625,0.19,0.75
04.08.2021 01:00:18.260,1.18629,1.18625,1.01,0.75
04.08.2021 01:00:20.310,1.1863000000000001,1.18625,2.32,1.57
04.08.2021 01:00:20.412,1.1863000000000001,1.1862700000000002,0.82,0.75
04.08.2021 01:00:20.513,1.1863100000000002,1.1862700000000002,0.82,0.75
04.08.2021 01:00:22.003,1.1863000000000001,1.1862700000000002,0.1,1.12
04.08.2021 01:00:22.718,1.1863100000000002,1.1862700000000002,0.82,1.95
04.08.2021 01:00:22.819,1.1863100000000002,1.18628,0.82,0.75
04.08.2021 01:00:23.110,1.1863100000000002,1.1862700000000002,0.82,1.95
04.08.2021 01:00:23.414,1.1863100000000002,1.18628,0.82,0.75
04.08.2021 01:00:24.110,1.1863100000000002,1.18626,1.01,2.02
04.08.2021 01:00:27.681,1.18632,1.18628,0.75,0.82
04.08.2021 01:00:27.783,1.18632,1.1863000000000001,1.2,2.25
04.08.2021 01:00:28.086,1.1863299999999999,1.1863000000000001,0.82,0.75
04.08.2021 01:00:31.350,1.18632,1.1863000000000001,1.57,0.75
04.08.2021 01:00:33.789,1.18632,1.18628,0.75,2.02
04.08.2021 01:00:33.890,1.1863100000000002,1.1862700000000002,0.82,6.74
04.08.2021 01:00:34.245,1.1863100000000002,1.18628,0.1,0.75
04.08.2021 01:00:34.346,1.1863100000000002,1.18629,0.1,0.82
04.08.2021 01:00:42.577,1.18632,1.18629,0.75,0.1
04.08.2021 01:00:42.935,1.1863100000000002,1.18629,0.82,2.02
04.08.2021 01:00:43.037,1.1863100000000002,1.18628,1.76,0.45
04.08.2021 01:00:43.138,1.1863100000000002,1.1862700000000002,3.64,1.27
04.08.2021 01:00:43.240,1.1863000000000001,1.1862700000000002,1.12,0.45
04.08.2021 01:00:43.341,1.1863000000000001,1.18626,1.5,0.75
04.08.2021 01:00:43.493,1.1863100000000002,1.1862700000000002,3.56,1.5
04.08.2021 01:00:43.595,1.18632,1.1863000000000001,0.82,0.75
04.08.2021 01:00:44.413,1.18632,1.18629,0.75,1.27
04.08.2021 01:00:44.913,1.18632,1.1863000000000001,0.75,1.5
04.08.2021 01:00:45.015,1.1863299999999999,1.1863000000000001,2.32,0.75
04.08.2021 01:00:45.270,1.18632,1.1863000000000001,2.32,2.02
04.08.2021 01:00:46.861,1.1863299999999999,1.1863000000000001,1.57,0.75
04.08.2021 01:00:47.766,1.1863299999999999,1.18629,2.32,0.82
04.08.2021 01:00:48.270,1.18632,1.18629,0.1,0.75
04.08.2021 01:00:49.762,1.1863100000000002,1.18628,0.75,0.75
04.08.2021 01:00:50.117,1.1863100000000002,1.1862700000000002,1.5,1.57
04.08.2021 01:00:50.219,1.1863100000000002,1.18628,0.75,0.82
04.08.2021 01:00:51.958,1.1863100000000002,1.18629,0.75,0.75
04.08.2021 01:00:52.060,1.1863299999999999,1.18629,1.95,1.5
04.08.2021 01:01:02.600,1.1863299999999999,1.1863100000000002,1.5,0.75
04.08.2021 01:01:03.167,1.1863100000000002,1.1863000000000001,0.75,0.75
04.08.2021 01:01:03.873,1.18632,1.1863000000000001,0.75,0.75
04.08.2021 01:01:04.617,1.18632,1.18629,0.75,0.75
04.08.2021 01:01:05.080,1.18632,1.18628,0.75,1.27
04.08.2021 01:01:08.561,1.18632,1.18629,0.75,0.37
04.08.2021 01:01:10.016,1.18632,1.18628,0.75,1.57
04.08.2021 01:01:12.177,1.1863100000000002,1.18629,0.75,0.37
04.08.2021 01:01:12.279,1.18632,1.18628,1.5,0.82
04.08.2021 01:01:13.250,1.18628,1.18626,1.69,1.2
04.08.2021 01:01:13.402,1.18628,1.18625,0.75,0.75
04.08.2021 01:01:13.504,1.18628,1.18626,1.5,2.25
04.08.2021 01:01:13.605,1.1863000000000001,1.1862700000000002,0.75,3
04.08.2021 01:01:13.707,1.18632,1.18628,1.5,0.75
04.08.2021 01:01:13.808,1.1863299999999999,1.18629,7.85,1.95
04.08.2021 01:01:15.208,1.18632,1.18629,1.5,0.75
04.08.2021 01:01:15.541,1.18632,1.18628,1.5,1.27
04.08.2021 01:01:16.528,1.1863100000000002,1.18628,1.69,0.75
04.08.2021 01:01:16.681,1.1863100000000002,1.1862700000000002,2.44,0.75
04.08.2021 01:01:20.513,1.1863000000000001,1.1862700000000002,1.69,1.12
04.08.2021 01:01:20.564,1.1862700000000002,1.18625,0.75,0.45
04.08.2021 01:01:20.717,1.1862700000000002,1.18623,2.44,1.5
04.08.2021 01:01:20.767,1.1862700000000002,1.18625,1.87,0.75
04.08.2021 01:01:21.356,1.1862700000000002,1.18623,2.25,5.47
04.08.2021 01:01:21.631,1.1862700000000002,1.18624,0.75,0.75
04.08.2021 01:01:22.001,1.1862700000000002,1.18625,0.75,0.75
04.08.2021 01:01:22.102,1.18626,1.18625,1.87,0.75
04.08.2021 01:01:23.797,1.1862700000000002,1.18625,0.75,0.75
04.08.2021 01:01:24.263,1.1862700000000002,1.18624,0.75,1.5
04.08.2021 01:01:24.822,1.1862700000000002,1.18623,1.69,1.12
04.08.2021 01:01:24.973,1.18625,1.18623,0.75,2.02
04.08.2021 01:01:25.223,1.18626,1.18624,0.75,0.75
04.08.2021 01:01:26.426,1.18626,1.18623,0.75,0.75
04.08.2021 01:01:27.512,1.1862700000000002,1.18623,1.5,1.5
04.08.2021 01:01:28.713,1.1862700000000002,1.18625,1.5,0.37
04.08.2021 01:01:29.728,1.1862700000000002,1.18624,1.5,0.75
04.08.2021 01:01:31.547,1.18628,1.1862700000000002,1.31,0.75
04.08.2021 01:01:33.362,1.18629,1.1862700000000002,0.75,0.75
04.08.2021 01:01:36.383,1.18629,1.18626,0.75,1.5
04.08.2021 01:01:37.344,1.18629,1.1862700000000002,0.75,0.75
04.08.2021 01:01:37.659,1.1863000000000001,1.1862700000000002,2.25,0.75
04.08.2021 01:01:38.721,1.1863100000000002,1.1862700000000002,1.5,1.5
04.08.2021 01:01:43.217,1.1863100000000002,1.18628,0.75,0.75
04.08.2021 01:01:43.318,1.18632,1.1863000000000001,0.75,0.75
04.08.2021 01:01:44.828,1.18632,1.18628,1.5,2.02
04.08.2021 01:01:47.305,1.18632,1.1863100000000002,0.75,0.75
04.08.2021 01:01:47.407,1.1863299999999999,1.1863100000000002,0.75,0.75
04.08.2021 01:01:50.607,1.18632,1.1863000000000001,0.75,0.45
04.08.2021 01:01:50.826,1.18632,1.18629,0.75,1.2
04.08.2021 01:01:54.805,1.18632,1.18628,1.69,1.95
04.08.2021 01:01:54.926,1.1863100000000002,1.18628,0.75,1.95
04.08.2021 01:01:55.282,1.18632,1.18628,1.5,0.75
04.08.2021 01:01:59.801,1.18632,1.1863000000000001,1.5,0.75
04.08.2021 01:02:00.073,1.18632,1.18628,1.5,2.7
04.08.2021 01:02:00.377,1.18632,1.18629,0.75,1.2
04.08.2021 01:02:01.763,1.18632,1.18628,1.5,6.67
04.08.2021 01:02:02.730,1.18632,1.18629,1.5,0.75
04.08.2021 01:02:02.997,1.1863299999999999,1.18629,2.44,1.5
04.08.2021 01:02:04.357,1.1863100000000002,1.18629,0.75,1.27
04.08.2021 01:02:07.110,1.18632,1.1863000000000001,2.81,0.75
04.08.2021 01:02:10.364,1.1863100000000002,1.1863000000000001,0.75,0.1
04.08.2021 01:02:10.465,1.1863299999999999,1.18629,2.06,0.82
04.08.2021 01:02:11.458,1.18635,1.1863100000000002,1.5,1.57
04.08.2021 01:02:11.609,1.18635,1.18632,1.5,0.45
04.08.2021 01:02:11.812,1.18635,1.1863100000000002,1.5,2.77
04.08.2021 01:02:14.102,1.18635,1.18632,0.75,0.45
04.08.2021 01:02:14.757,1.18636,1.18632,0.75,2.77
04.08.2021 01:02:20.334,1.1863700000000001,1.1863299999999999,3.56,0.75
04.08.2021 01:02:20.435,1.18636,1.1863299999999999,0.75,0.75
04.08.2021 01:02:24.512,1.18636,1.18632,1.5,0.75
04.08.2021 01:02:24.664,1.18635,1.1863100000000002,0.75,2.02
04.08.2021 01:02:24.840,1.1863299999999999,1.1863000000000001,2.62,1.2
04.08.2021 01:02:24.992,1.1863299999999999,1.18629,2.81,0.75
04.08.2021 01:02:25.837,1.18632,1.18628,0.75,2.02
04.08.2021 01:02:34.496,1.18629,1.1862700000000002,1.5,0.45
04.08.2021 01:02:34.649,1.18629,1.18625,1.87,1.5
04.08.2021 01:02:36.511,1.18628,1.18624,1.5,1.57
04.08.2021 01:02:40.045,1.1863000000000001,1.18626,1.5,1.2
04.08.2021 01:02:40.402,1.1863000000000001,1.1862700000000002,1.5,0.45
04.08.2021 01:02:40.655,1.1863000000000001,1.18626,1.5,1.65
04.08.2021 01:02:43.456,1.18628,1.18625,0.75,1.57
04.08.2021 01:02:43.608,1.1862700000000002,1.18625,1.2,1.2
04.08.2021 01:02:43.659,1.1862700000000002,1.18623,1.2,0.75
04.08.2021 01:02:45.637,1.18626,1.18625,0.75,1.12
04.08.2021 01:02:45.738,1.18629,1.18625,0.75,1.57
04.08.2021 01:02:45.839,1.18629,1.18626,0.75,0.75
04.08.2021 01:02:45.941,1.1863000000000001,1.18626,0.75,1.57
04.08.2021 01:02:46.847,1.1863000000000001,1.1862700000000002,0.75,0.45
04.08.2021 01:02:47.049,1.18629,1.1862700000000002,0.75,1.27
04.08.2021 01:02:50.801,1.1863000000000001,1.1862700000000002,0.75,0.37
04.08.2021 01:02:51.558,1.1863000000000001,1.18626,0.75,2.02
04.08.2021 01:02:54.307,1.1863000000000001,1.1862700000000002,0.75,0.75
04.08.2021 01:02:57.600,1.1863000000000001,1.18626,0.82,0.75
04.08.2021 01:02:59.079,1.1863000000000001,1.1862700000000002,0.75,0.37
04.08.2021 01:03:00.910,1.1863000000000001,1.18628,0.75,0.75
04.08.2021 01:03:01.274,1.1863000000000001,1.1862700000000002,0.75,0.37
04.08.2021 01:03:12.521,1.1863000000000001,1.18626,0.75,1.57
04.08.2021 01:03:12.863,1.1863100000000002,1.18626,1.76,1.57
04.08.2021 01:03:13.273,1.1863000000000001,1.18626,0.75,1.57
04.08.2021 01:03:14.117,1.1863100000000002,1.18626,1.76,1.57
04.08.2021 01:03:21.885,1.1863100000000002,1.1862700000000002,1.5,0.82
04.08.2021 01:03:29.433,1.1863100000000002,1.18626,1.57,1.2
04.08.2021 01:03:29.535,1.1863000000000001,1.18626,0.75,0.45
04.08.2021 01:03:35.286,1.18628,1.18624,1.5,1.95
04.08.2021 01:03:35.388,1.18625,1.18624,1.5,9.45
04.08.2021 01:03:35.489,1.18626,1.18623,1.5,8.25
04.08.2021 01:03:35.590,1.18626,1.18622,1.5,0.82
04.08.2021 01:03:44.037,1.18626,1.18623,0.75,0.1
04.08.2021 01:03:44.139,1.18626,1.18624,0.75,0.75
04.08.2021 01:03:44.240,1.1862700000000002,1.18624,0.75,0.75
04.08.2021 01:03:44.553,1.1862700000000002,1.18623,0.75,4.79
04.08.2021 01:03:45.106,1.1862700000000002,1.18622,0.75,6.29
04.08.2021 01:03:50.825,1.18626,1.18622,1.5,0.1
04.08.2021 01:03:52.186,1.18626,1.18621,1.57,1.95
04.08.2021 01:03:52.338,1.18625,1.18621,0.75,2.7
04.08.2021 01:03:57.477,1.18626,1.18621,1.57,1.95
04.08.2021 01:04:01.030,1.18626,1.18622,0.75,1.57
04.08.2021 01:04:01.131,1.18626,1.18623,0.75,0.1
04.08.2021 01:04:01.233,1.18626,1.18622,0.75,1.57
04.08.2021 01:04:02.542,1.18626,1.18623,0.75,0.1
04.08.2021 01:04:03.644,1.18626,1.18622,0.75,0.82
04.08.2021 01:04:04.466,1.18626,1.18623,1.5,0.37
04.08.2021 01:04:09.303,1.18626,1.18624,0.75,0.75
04.08.2021 01:04:10.076,1.18626,1.18623,0.75,0.82
04.08.2021 01:04:27.412,1.1862700000000002,1.18623,1.5,2.32
04.08.2021 01:04:27.514,1.1863000000000001,1.1862700000000002,0.75,0.75
04.08.2021 01:04:27.616,1.1863100000000002,1.1862700000000002,1.5,1.57
04.08.2021 01:04:31.811,1.1863000000000001,1.18626,1.57,0.75
04.08.2021 01:04:42.190,1.18629,1.18624,1.57,2.02
04.08.2021 01:04:42.292,1.1862700000000002,1.18625,1.57,0.45
04.08.2021 01:04:42.393,1.1862700000000002,1.18624,0.75,0.45
04.08.2021 01:04:42.494,1.1862700000000002,1.18623,1.5,1.57
04.08.2021 01:04:46.213,1.18628,1.18624,2.25,1.57
04.08.2021 01:04:46.315,1.18628,1.18626,0.75,0.75
04.08.2021 01:04:46.520,1.18628,1.18625,0.75,0.75
04.08.2021 01:04:55.956,1.18628,1.18626,0.75,0.37
04.08.2021 01:04:56.952,1.18628,1.18625,0.75,0.82
04.08.2021 01:04:58.952,1.18628,1.18626,0.75,0.37
04.08.2021 01:05:01.953,1.18628,1.18625,0.75,0.82
04.08.2021 01:05:06.784,1.18628,1.18626,0.75,0.37
04.08.2021 01:05:07.785,1.18628,1.18625,0.75,0.82
04.08.2021 01:05:09.786,1.18628,1.18626,0.75,0.37
04.08.2021 01:05:12.036,1.1862700000000002,1.18626,0.75,0.82
04.08.2021 01:05:13.033,1.18628,1.18626,0.75,0.37
04.08.2021 01:05:14.282,1.18629,1.18626,0.75,0.75
04.08.2021 01:05:21.470,1.1863000000000001,1.1862700000000002,0.75,0.75
04.08.2021 01:05:21.572,1.1863100000000002,1.1862700000000002,1.69,0.82
04.08.2021 01:05:22.606,1.1863100000000002,1.18626,2.51,1.95
04.08.2021 01:05:24.201,1.1863000000000001,1.18626,0.75,1.95
04.08.2021 01:05:29.271,1.1863100000000002,1.18626,2.14,1.57
04.08.2021 01:05:29.373,1.1863100000000002,1.1862700000000002,0.75,2.32
04.08.2021 01:05:29.476,1.1863100000000002,1.18628,0.75,0.75
04.08.2021 01:05:29.602,1.18632,1.18628,1.95,0.75
04.08.2021 01:05:29.754,1.1863100000000002,1.18628,1.95,2.77
04.08.2021 01:05:36.204,1.18632,1.18628,0.75,0.82
04.08.2021 01:05:36.306,1.18632,1.18629,0.75,0.75
04.08.2021 01:05:36.357,1.18634,1.18629,2.51,0.82
04.08.2021 01:05:39.749,1.18634,1.1863000000000001,1.95,0.75
04.08.2021 01:05:40.270,1.1863299999999999,1.18629,0.75,4.79
04.08.2021 01:05:41.008,1.1863299999999999,1.18628,1.57,1.95
04.08.2021 01:05:41.210,1.18634,1.18629,2.51,0.82
04.08.2021 01:05:41.631,1.1863299999999999,1.18629,0.75,0.82
04.08.2021 01:05:43.957,1.18632,1.18628,0.75,1.57
04.08.2021 01:05:44.109,1.18632,1.1862700000000002,1.57,7.12
04.08.2021 01:05:45.889,1.18634,1.18629,7.81,1.2
04.08.2021 01:05:45.990,1.18634,1.1863000000000001,1.95,0.1
04.08.2021 01:05:46.092,1.18635,1.1863100000000002,1.5,0.82
04.08.2021 01:05:50.539,1.18636,1.1863100000000002,1.95,0.82
04.08.2021 01:05:50.922,1.18636,1.18632,0.75,0.1
04.08.2021 01:05:57.026,1.18638,1.1863299999999999,4.09,0.82
04.08.2021 01:06:01.606,1.18638,1.1863700000000001,0.75,0.82
04.08.2021 01:06:01.707,1.1864000000000001,1.18636,1.2,1.57
04.08.2021 01:06:01.809,1.1864100000000002,1.18636,2.14,0.82
04.08.2021 01:06:02.013,1.1864000000000001,1.18636,0.75,0.82
04.08.2021 01:06:05.428,1.18638,1.18634,0.75,2.02
04.08.2021 01:06:05.784,1.18638,1.18635,0.75,0.82
04.08.2021 01:06:07.173,1.18639,1.1863700000000001,0.37,0.82
04.08.2021 01:06:07.224,1.1864100000000002,1.18639,0.45,0.1
04.08.2021 01:06:07.275,1.18644,1.18642,9.07,1.5
04.08.2021 01:06:07.377,1.18645,1.18642,7.5,0.75
04.08.2021 01:06:07.478,1.18646,1.18642,0.75,0.75
04.08.2021 01:06:09.805,1.18645,1.1864100000000002,0.82,1.2
04.08.2021 01:06:09.907,1.18644,1.1864100000000002,0.75,0.1
04.08.2021 01:06:10.008,1.18644,1.1864000000000001,0.75,1.87
04.08.2021 01:06:10.472,1.1864299999999999,1.18639,0.82,0.82
04.08.2021 01:06:16.750,1.18642,1.18638,1.57,0.82
04.08.2021 01:06:29.083,1.18642,1.18639,0.75,0.1
04.08.2021 01:06:33.477,1.1864299999999999,1.18639,1.95,0.82
04.08.2021 01:06:50.844,1.18642,1.18639,0.75,0.1
04.08.2021 01:06:57.206,1.1864299999999999,1.18639,2.14,0.1
04.08.2021 01:07:23.245,1.1864100000000002,1.18639,1.57,0.82
04.08.2021 01:07:44.336,1.1864100000000002,1.18638,0.75,0.1
04.08.2021 01:07:44.438,1.1864100000000002,1.1863700000000001,0.82,0.82
04.08.2021 01:07:44.539,1.1864000000000001,1.1863700000000001,0.1,0.75
04.08.2021 01:07:44.691,1.1864000000000001,1.18636,1.57,0.82
04.08.2021 01:07:44.897,1.18639,1.18636,0.75,0.1
04.08.2021 01:07:47.304,1.18638,1.18636,0.82,0.82
04.08.2021 01:07:52.546,1.18638,1.18634,0.82,2.7
04.08.2021 01:07:52.850,1.18639,1.18635,0.82,0.1
04.08.2021 01:08:01.789,1.18638,1.18635,0.75,0.1
04.08.2021 01:08:01.890,1.18638,1.1863299999999999,1.5,3.9
04.08.2021 01:08:01.992,1.18636,1.18634,1.57,0.82
04.08.2021 01:08:02.301,1.18636,1.18632,0.82,0.82
04.08.2021 01:08:08.146,1.1863700000000001,1.18634,0.1,1.5
04.08.2021 01:08:08.198,1.1864000000000001,1.18636,6.98,1.2
04.08.2021 01:08:08.299,1.18639,1.18636,0.75,0.75
04.08.2021 01:08:09.318,1.18639,1.1863700000000001,0.75,0.37
04.08.2021 01:08:09.665,1.1864000000000001,1.1863700000000001,0.75,0.45
04.08.2021 01:08:09.766,1.1864000000000001,1.18636,0.75,0.82
04.08.2021 01:08:14.150,1.18639,1.18636,0.75,0.1
04.08.2021 01:08:15.170,1.18639,1.1863700000000001,0.75,0.82
04.08.2021 01:08:15.524,1.18638,1.18636,0.75,0.82
04.08.2021 01:08:15.677,1.1864000000000001,1.18635,1.57,0.82
04.08.2021 01:08:23.564,1.1864000000000001,1.1863700000000001,0.75,0.1
04.08.2021 01:08:23.717,1.1864000000000001,1.18636,0.75,0.82
04.08.2021 01:08:23.870,1.1864100000000002,1.1863700000000001,0.82,0.75
04.08.2021 01:08:25.166,1.1864100000000002,1.18636,0.82,1.2
04.08.2021 01:08:26.188,1.1864100000000002,1.1863700000000001,0.1,0.75
04.08.2021 01:08:40.085,1.1864000000000001,1.1863700000000001,0.1,0.75
04.08.2021 01:08:40.186,1.1864000000000001,1.18638,2.14,0.75
04.08.2021 01:08:42.801,1.1864000000000001,1.18636,1.76,0.75
04.08.2021 01:08:54.566,1.18638,1.1863700000000001,0.82,0.75
04.08.2021 01:08:58.182,1.1864000000000001,1.1863700000000001,0.75,0.75
04.08.2021 01:08:58.715,1.1864100000000002,1.1863700000000001,2.14,0.75
04.08.2021 01:09:03.286,1.1864100000000002,1.18636,1.57,1.57
04.08.2021 01:09:04.732,1.1864100000000002,1.1863700000000001,1.57,0.75
04.08.2021 01:09:08.763,1.1864000000000001,1.18636,1.57,0.75
04.08.2021 01:09:08.864,1.18639,1.18635,0.1,0.75
04.08.2021 01:09:09.167,1.1864000000000001,1.18635,1.57,0.82
04.08.2021 01:09:10.656,1.18638,1.18635,0.37,1.5
04.08.2021 01:09:10.808,1.18639,1.18635,0.45,1.5
04.08.2021 01:09:10.909,1.1864000000000001,1.18635,1.95,1.57
04.08.2021 01:09:11.150,1.18639,1.18635,0.1,0.75
04.08.2021 01:09:11.302,1.1864000000000001,1.18635,1.95,0.82
04.08.2021 01:09:12.372,1.18638,1.18635,0.37,0.82
04.08.2021 01:09:12.573,1.1864000000000001,1.18635,2.32,0.82
04.08.2021 01:09:14.794,1.18639,1.18634,0.82,1.95
04.08.2021 01:09:15.001,1.1864000000000001,1.18635,2.7,0.82
04.08.2021 01:09:24.901,1.18638,1.18635,0.37,1.5
04.08.2021 01:09:25.053,1.18639,1.18635,1.2,1.5
04.08.2021 01:09:25.154,1.1864000000000001,1.18635,1.57,1.57
04.08.2021 01:09:33.789,1.1864100000000002,1.18636,2.32,0.82
04.08.2021 01:09:37.961,1.1864100000000002,1.1863700000000001,1.57,0.75
04.08.2021 01:09:52.501,1.18642,1.18638,0.82,0.75
04.08.2021 01:10:07.970,1.1864000000000001,1.18636,0.45,0.75
04.08.2021 01:10:08.072,1.1864000000000001,1.1863700000000001,0.1,0.75
04.08.2021 01:10:08.173,1.1864000000000001,1.1863700000000001,3.64,0.82
04.08.2021 01:10:08.274,1.1863700000000001,1.1863299999999999,1.2,5.47
04.08.2021 01:10:15.400,1.18638,1.1863299999999999,2.51,0.82
04.08.2021 01:10:17.260,1.1863700000000001,1.1863299999999999,0.75,0.82
04.08.2021 01:10:23.925,1.18638,1.1863299999999999,2.14,0.82
04.08.2021 01:10:24.077,1.18639,1.18635,0.94,2.7
04.08.2021 01:10:24.178,1.1864000000000001,1.18635,2.32,3.45
04.08.2021 01:10:24.279,1.1864000000000001,1.18636,2.32,0.75
04.08.2021 01:10:24.444,1.1864000000000001,1.1863700000000001,2.32,0.37
04.08.2021 01:10:24.705,1.1864000000000001,1.18635,2.51,3.45
04.08.2021 01:10:27.477,1.1864000000000001,1.18636,1.76,0.75
04.08.2021 01:10:29.077,1.1864100000000002,1.1863700000000001,1.76,1.12
04.08.2021 01:10:29.280,1.18642,1.18638,1.39,0.75
04.08.2021 01:10:35.445,1.18642,1.18639,0.82,0.75
04.08.2021 01:10:35.546,1.18642,1.18638,1.01,0.75
04.08.2021 01:10:35.798,1.1864100000000002,1.18638,0.1,0.75
04.08.2021 01:10:35.900,1.18642,1.18638,0.75,0.82
04.08.2021 01:10:38.079,1.1864100000000002,1.18638,0.1,0.75
04.08.2021 01:10:39.019,1.1864100000000002,1.1863700000000001,0.1,0.75
04.08.2021 01:10:51.301,1.18642,1.18638,1.2,0.75
04.08.2021 01:11:11.288,1.1864100000000002,1.18638,0.1,0.75
04.08.2021 01:11:12.534,1.1864100000000002,1.1863700000000001,0.1,0.75
04.08.2021 01:11:12.845,1.18639,1.18635,1.2,0.75
04.08.2021 01:11:12.997,1.18638,1.18635,1.95,0.75
