Gmt time,Ask,Bid,AskVolume,BidVolume
26.08.2021 00:00:00.139,1.1772,1.17716,0.75,3.37
26.08.2021 00:00:00.240,1.17717,1.1771500000000001,0.75,0.19
26.08.2021 00:00:00.291,1.17719,1.17714,0.82,5.06
26.08.2021 00:00:00.443,1.1772,1.17714,0.82,7.76
26.08.2021 00:00:00.544,1.17719,1.17716,0.82,0.75
26.08.2021 00:00:00.848,1.1772,1.17714,0.1,7.01
26.08.2021 00:00:01.702,1.17719,1.17714,2.32,2.62
26.08.2021 00:00:01.905,1.17719,1.17713,3.07,2.81
26.08.2021 00:00:02.467,1.17718,1.1771200000000002,1.95,4.31
26.08.2021 00:00:04.295,1.17717,1.1771200000000002,7.09,4.2
26.08.2021 00:00:04.923,1.17718,1.1771200000000002,6.34,0.75
26.08.2021 00:00:06.991,1.17717,1.1771200000000002,0.75,4.12
26.08.2021 00:00:07.093,1.17718,1.1771200000000002,1.39,4.12
26.08.2021 00:00:07.295,1.17717,1.1771200000000002,0.75,3.37
26.08.2021 00:00:11.725,1.17717,1.17713,0.75,1.12
26.08.2021 00:00:11.826,1.17717,1.1771200000000002,1.12,4.12
26.08.2021 00:00:14.240,1.17716,1.1771200000000002,0.75,0.75
26.08.2021 00:00:14.291,1.1771500000000001,1.1771,0.75,0.75
26.08.2021 00:00:14.392,1.17716,1.1771,5.51,0.75
26.08.2021 00:00:14.493,1.1771500000000001,1.1771,0.75,0.75
26.08.2021 00:00:14.832,1.17716,1.1771,6.64,0.75
26.08.2021 00:00:18.456,1.1771500000000001,1.1771,0.75,0.75
26.08.2021 00:00:18.581,1.1771500000000001,1.17709,8.14,1.12
26.08.2021 00:00:24.297,1.1771500000000001,1.1771,0.75,0.75
26.08.2021 00:00:36.783,1.17716,1.17711,6.64,0.75
26.08.2021 00:00:37.800,1.17716,1.1771,3,5.51
26.08.2021 00:00:42.142,1.1771500000000001,1.1771,1.69,3.37
26.08.2021 00:00:44.194,1.17713,1.17708,0.82,4.87
26.08.2021 00:00:44.346,1.1771200000000002,1.17707,0.45,5.32
26.08.2021 00:01:06.337,1.1771200000000002,1.17708,0.82,0.19
26.08.2021 00:01:06.439,1.1771200000000002,1.17707,1.39,3.37
26.08.2021 00:01:06.541,1.17711,1.17706,0.19,2.32
26.08.2021 00:01:17.400,1.17708,1.1770500000000002,0.75,0.75
26.08.2021 00:01:17.502,1.17707,1.17704,1.39,1.2
26.08.2021 00:01:17.603,1.17707,1.1770200000000002,1.39,0.75
26.08.2021 00:01:17.754,1.17707,1.17704,0.19,1.12
26.08.2021 00:01:17.855,1.17709,1.17704,2.51,0.75
26.08.2021 00:01:17.957,1.17709,1.1770500000000002,0.1,0.75
26.08.2021 00:01:18.058,1.1771,1.17707,1.01,0.75
26.08.2021 00:01:18.109,1.17711,1.17706,1.39,1.5
26.08.2021 00:01:18.760,1.1771200000000002,1.17706,4.01,1.57
26.08.2021 00:01:29.098,1.1771200000000002,1.17707,4.01,0.75
26.08.2021 00:01:32.233,1.17714,1.17709,1.76,1.87
26.08.2021 00:01:32.334,1.17714,1.1771,0.45,1.87
26.08.2021 00:01:32.435,1.1771500000000001,1.1771,1.5,1.87
26.08.2021 00:01:32.537,1.17714,1.17709,0.94,3.45
26.08.2021 00:01:34.254,1.17716,1.1771200000000002,0.19,0.75
26.08.2021 00:01:34.356,1.17716,1.17711,0.19,1.87
26.08.2021 00:01:34.606,1.17716,1.1771200000000002,0.19,0.75
26.08.2021 00:01:35.379,1.17716,1.17711,0.94,1.5
26.08.2021 00:01:36.239,1.17716,1.1771200000000002,0.94,0.75
26.08.2021 00:01:36.290,1.17719,1.17714,3.9,0.75
26.08.2021 00:01:37.142,1.1772,1.1771500000000001,0.75,3.37
26.08.2021 00:01:37.243,1.17721,1.17716,0.75,0.75
26.08.2021 00:01:42.392,1.1772200000000002,1.17716,3.82,3.45
26.08.2021 00:01:42.493,1.1772200000000002,1.17717,1.57,0.75
26.08.2021 00:01:58.467,1.17723,1.17717,1.57,2.62
26.08.2021 00:01:58.568,1.17723,1.17718,0.82,0.75
26.08.2021 00:01:58.670,1.17724,1.17718,5.14,0.75
26.08.2021 00:02:00.348,1.17723,1.17717,6.26,2.62
26.08.2021 00:02:05.485,1.1772200000000002,1.17717,1.2,0.75
26.08.2021 00:02:14.248,1.1772200000000002,1.17718,1.87,5.14
26.08.2021 00:02:14.349,1.17724,1.17718,4.84,1.87
26.08.2021 00:02:14.450,1.17724,1.17719,2.14,0.75
26.08.2021 00:02:21.758,1.17723,1.17717,4.01,2.25
26.08.2021 00:02:21.859,1.1772200000000002,1.17717,1.2,0.75
26.08.2021 00:02:33.656,1.1772200000000002,1.17716,1.2,5.44
26.08.2021 00:02:47.389,1.17723,1.17717,4.2,1.12
26.08.2021 00:02:47.846,1.17723,1.1772,4.2,0.75
26.08.2021 00:02:47.948,1.1772500000000001,1.1772,0.75,1.5
26.08.2021 00:02:48.049,1.1772600000000002,1.17721,4.84,0.75
26.08.2021 00:02:52.069,1.1772600000000002,1.1772200000000002,2.25,0.75
26.08.2021 00:02:52.171,1.17727,1.1772200000000002,4.2,0.75
26.08.2021 00:03:10.930,1.1772799999999999,1.17724,4.5,0.82
26.08.2021 00:03:10.981,1.1773,1.1772500000000001,0.82,0.82
26.08.2021 00:03:11.082,1.1773,1.17727,1.39,0.82
26.08.2021 00:03:14.195,1.17731,1.17727,0.1,0.82
26.08.2021 00:03:31.173,1.17731,1.1772600000000002,0.64,4.27
26.08.2021 00:03:34.286,1.17731,1.17727,0.1,0.75
26.08.2021 00:03:59.121,1.1773,1.1772600000000002,0.1,0.75
26.08.2021 00:04:13.680,1.1772799999999999,1.1772500000000001,0.75,2.02
26.08.2021 00:04:13.882,1.1772799999999999,1.17724,0.1,0.75
26.08.2021 00:04:15.947,1.17729,1.1772500000000001,0.82,0.75
26.08.2021 00:04:16.099,1.1773,1.1772500000000001,4.39,0.82
26.08.2021 00:04:16.310,1.1773,1.1772600000000002,2.14,0.75
26.08.2021 00:04:16.411,1.17729,1.1772500000000001,0.26,1.95
26.08.2021 00:04:35.453,1.1773,1.1772600000000002,0.94,1.2
26.08.2021 00:04:35.554,1.17731,1.1772600000000002,1.01,1.57
26.08.2021 00:04:39.903,1.1773200000000001,1.1772799999999999,0.45,0.75
26.08.2021 00:05:03.216,1.17734,1.1773,3,1.2
26.08.2021 00:05:03.317,1.17734,1.1773200000000001,0.45,0.82
26.08.2021 00:05:03.419,1.17737,1.17733,3.64,0.82
26.08.2021 00:05:26.456,1.17738,1.1773500000000001,0.1,1.5
26.08.2021 00:05:26.507,1.1774,1.1773500000000001,2.51,0.75
26.08.2021 00:05:26.998,1.1774,1.1773600000000002,0.64,0.75
26.08.2021 00:05:27.256,1.1774,1.1773500000000001,0.64,1.87
26.08.2021 00:05:27.467,1.1774,1.1773600000000002,0.64,0.75
26.08.2021 00:05:37.110,1.1774,1.1773500000000001,0.26,2.7
26.08.2021 00:05:41.226,1.1774,1.1773600000000002,0.26,0.75
26.08.2021 00:05:41.642,1.17738,1.1773600000000002,0.75,0.75
26.08.2021 00:05:41.693,1.17737,1.17734,0.1,1.2
26.08.2021 00:05:41.794,1.17737,1.17733,0.64,0.82
26.08.2021 00:05:42.311,1.17737,1.1773200000000001,1.39,4.12
26.08.2021 00:05:42.434,1.1773600000000002,1.1773200000000001,0.19,0.75
26.08.2021 00:05:43.850,1.17737,1.1773200000000001,4.76,0.75
26.08.2021 00:05:45.374,1.1773600000000002,1.17734,0.1,0.82
26.08.2021 00:05:51.024,1.17738,1.17734,2.25,1.5
26.08.2021 00:05:51.126,1.17739,1.17734,3.19,1.57
26.08.2021 00:05:51.227,1.1774,1.1773500000000001,1.39,0.75
26.08.2021 00:05:52.280,1.1774,1.1773600000000002,1.76,0.75
26.08.2021 00:05:59.956,1.17739,1.1773600000000002,0.26,3.45
26.08.2021 00:06:03.848,1.1773600000000002,1.1773500000000001,0.1,1.2
26.08.2021 00:06:04.050,1.17737,1.17733,0.1,0.1
26.08.2021 00:07:03.928,1.17737,1.1773200000000001,1.31,1.87
26.08.2021 00:07:17.049,1.17737,1.17733,0.94,0.37
26.08.2021 00:07:30.293,1.17738,1.1773600000000002,0.45,0.37
26.08.2021 00:07:30.394,1.17739,1.1773600000000002,0.82,0.37
26.08.2021 00:07:33.869,1.17737,1.17733,1.76,0.45
26.08.2021 00:07:33.971,1.1773600000000002,1.1773200000000001,0.82,1.65
26.08.2021 00:07:39.663,1.1773500000000001,1.17731,1.57,0.75
26.08.2021 00:07:39.765,1.1773500000000001,1.1773,3.64,1.12
26.08.2021 00:07:41.851,1.1773500000000001,1.17731,3.07,0.37
26.08.2021 00:07:52.652,1.17733,1.17731,1.01,1.95
26.08.2021 00:07:58.498,1.1773200000000001,1.17729,0.1,0.37
26.08.2021 00:07:58.600,1.1773200000000001,1.1772799999999999,0.26,1.57
26.08.2021 00:07:58.701,1.1773200000000001,1.17727,1.39,2.62
26.08.2021 00:08:02.150,1.17731,1.17727,0.75,1.12
26.08.2021 00:08:57.441,1.17729,1.1772799999999999,0.1,1.12
26.08.2021 00:08:57.543,1.1773,1.1772600000000002,0.26,2.32
26.08.2021 00:08:57.645,1.1772799999999999,1.1772500000000001,1.95,0.37
26.08.2021 00:08:57.747,1.1772799999999999,1.17724,2.14,0.45
26.08.2021 00:09:08.760,1.17727,1.17723,0.1,4.57
26.08.2021 00:09:17.588,1.1772600000000002,1.1772200000000002,1.31,0.75
26.08.2021 00:09:17.690,1.1772500000000001,1.1772200000000002,0.1,0.75
26.08.2021 00:09:17.792,1.17723,1.1772,0.37,0.1
26.08.2021 00:09:17.893,1.17723,1.1772200000000002,0.1,0.37
26.08.2021 00:09:17.995,1.17724,1.17723,0.1,0.75
26.08.2021 00:09:18.147,1.1772600000000002,1.1772200000000002,1.2,0.82
26.08.2021 00:09:18.553,1.1772500000000001,1.17721,0.82,4.57
26.08.2021 00:09:19.008,1.1772500000000001,1.1772200000000002,0.82,0.37
26.08.2021 00:09:28.566,1.1772600000000002,1.1772200000000002,0.82,0.45
26.08.2021 00:09:35.955,1.17723,1.1772,0.1,3.37
26.08.2021 00:09:36.057,1.17724,1.17721,0.75,0.37
26.08.2021 00:09:38.189,1.1772500000000001,1.17721,0.94,1.12
26.08.2021 00:09:45.428,1.1772500000000001,1.17723,3.26,0.75
26.08.2021 00:10:07.040,1.1772799999999999,1.1772500000000001,0.9,0.75
26.08.2021 00:10:07.192,1.1772799999999999,1.1772600000000002,0.82,1.2
26.08.2021 00:10:07.394,1.17731,1.17727,0.75,1.2
26.08.2021 00:10:10.619,1.17729,1.1772600000000002,0.82,0.75
26.08.2021 00:10:11.619,1.17731,1.17727,0.75,1.2
26.08.2021 00:10:16.905,1.17731,1.17729,0.82,0.75
26.08.2021 00:10:20.088,1.17729,1.1772600000000002,0.82,3
26.08.2021 00:10:23.162,1.1773200000000001,1.1772799999999999,0.82,0.75
26.08.2021 00:10:35.658,1.1772799999999999,1.1772500000000001,2.14,1.5
26.08.2021 00:10:35.760,1.17727,1.17724,0.26,1.95
26.08.2021 00:10:36.021,1.17727,1.17723,1.01,2.62
26.08.2021 00:10:38.678,1.1772500000000001,1.17724,0.1,1.12
26.08.2021 00:10:43.017,1.1772600000000002,1.1772200000000002,0.75,1.2
26.08.2021 00:10:44.150,1.1772600000000002,1.17724,2.14,0.75
26.08.2021 00:10:51.450,1.1772600000000002,1.17723,0.19,0.75
26.08.2021 00:10:54.482,1.17727,1.17723,1.39,0.75
26.08.2021 00:10:58.506,1.1772600000000002,1.1772200000000002,1.01,1.12
26.08.2021 00:11:13.858,1.1772799999999999,1.1772500000000001,0.75,0.37
26.08.2021 00:11:13.959,1.1772799999999999,1.1772600000000002,1.39,1.95
26.08.2021 00:11:14.061,1.1773,1.1772600000000002,2.06,0.82
26.08.2021 00:11:14.516,1.1773,1.17727,1.76,0.75
26.08.2021 00:11:16.279,1.1772799999999999,1.17727,0.26,0.75
26.08.2021 00:11:18.875,1.17729,1.1772500000000001,1.01,1.12
26.08.2021 00:11:39.578,1.1772799999999999,1.17724,1.76,0.75
26.08.2021 00:11:39.800,1.1772799999999999,1.1772500000000001,2.32,0.75
26.08.2021 00:11:48.747,1.17729,1.1772500000000001,4.76,0.75
26.08.2021 00:11:52.985,1.1772799999999999,1.17724,3,1.2
26.08.2021 00:11:53.982,1.17727,1.17723,1.2,0.75
26.08.2021 00:11:54.962,1.1772600000000002,1.17723,0.1,0.75
26.08.2021 00:11:55.388,1.1772600000000002,1.1772200000000002,0.82,1.12
26.08.2021 00:12:12.307,1.1772500000000001,1.1772200000000002,0.75,0.37
26.08.2021 00:12:18.128,1.1772500000000001,1.17721,0.75,1.2
26.08.2021 00:12:21.371,1.1772500000000001,1.1772200000000002,0.75,0.75
26.08.2021 00:12:40.121,1.17724,1.17721,0.75,1.95
26.08.2021 00:13:03.664,1.17724,1.1772,5.7,0.75
26.08.2021 00:13:10.738,1.17724,1.17721,0.75,0.56
26.08.2021 00:13:10.840,1.1772500000000001,1.17721,1.57,1.31
26.08.2021 00:13:10.941,1.1772500000000001,1.1772200000000002,1.5,0.75
26.08.2021 00:13:32.551,1.1772600000000002,1.1772200000000002,2.32,0.75
26.08.2021 00:13:35.050,1.1772500000000001,1.1772200000000002,0.1,0.75
26.08.2021 00:13:36.247,1.1772500000000001,1.17723,0.1,0.75
26.08.2021 00:13:39.403,1.1772500000000001,1.1772200000000002,1.2,0.75
26.08.2021 00:13:42.190,1.1772600000000002,1.1772200000000002,4.2,0.75
26.08.2021 00:13:57.181,1.17724,1.1772200000000002,4.57,0.75
26.08.2021 00:13:57.282,1.1772500000000001,1.17721,4.57,0.75
26.08.2021 00:13:57.384,1.1772500000000001,1.1772200000000002,4.57,0.75
26.08.2021 00:14:18.724,1.1772500000000001,1.17723,1.57,0.19
26.08.2021 00:14:18.826,1.1772500000000001,1.1772200000000002,0.75,1.12
26.08.2021 00:14:18.928,1.1772600000000002,1.17723,1.2,0.75
26.08.2021 00:14:19.130,1.1772500000000001,1.17723,0.1,0.75
26.08.2021 00:14:19.231,1.1772500000000001,1.1772200000000002,0.82,0.75
26.08.2021 00:14:19.893,1.1772600000000002,1.1772200000000002,1.87,0.75
26.08.2021 00:14:19.994,1.1772500000000001,1.1772200000000002,0.1,0.75
26.08.2021 00:14:29.744,1.17723,1.17719,3.07,3.15
26.08.2021 00:14:30.844,1.17723,1.1772,3.07,0.75
26.08.2021 00:14:32.055,1.17723,1.17721,0.1,0.75
26.08.2021 00:14:35.300,1.17724,1.1772200000000002,0.82,0.75
26.08.2021 00:14:58.437,1.17723,1.1772,2.7,0.75
26.08.2021 00:15:01.982,1.1772200000000002,1.1772,0.1,0.75
26.08.2021 00:15:02.084,1.1772200000000002,1.17719,2.7,0.75
26.08.2021 00:15:02.736,1.17721,1.17718,1.57,0.75
26.08.2021 00:15:11.600,1.17721,1.17719,0.1,0.75
26.08.2021 00:15:15.858,1.1772200000000002,1.17719,0.1,0.75
26.08.2021 00:15:19.944,1.1772200000000002,1.17718,1.76,0.82
26.08.2021 00:15:22.558,1.1772200000000002,1.17719,4.01,0.75
26.08.2021 00:15:24.805,1.17723,1.17721,0.1,0.75
26.08.2021 00:15:25.794,1.1772200000000002,1.1772,0.1,0.75
26.08.2021 00:15:25.895,1.1772200000000002,1.17719,0.82,0.75
26.08.2021 00:15:26.725,1.17724,1.1772,4.2,0.75
26.08.2021 00:15:32.328,1.17724,1.17721,0.1,0.75
26.08.2021 00:15:32.480,1.1772200000000002,1.1772,0.1,0.75
26.08.2021 00:15:32.582,1.1772200000000002,1.17719,0.82,1.95
26.08.2021 00:15:32.683,1.1772200000000002,1.17718,3.45,0.82
26.08.2021 00:15:34.849,1.1772,1.17719,0.1,0.75
26.08.2021 00:15:35.556,1.17721,1.17719,0.1,0.75
26.08.2021 00:15:39.590,1.1772,1.17717,0.1,0.75
26.08.2021 00:15:42.651,1.1772,1.17718,0.1,0.75
26.08.2021 00:15:43.006,1.17721,1.17718,0.82,0.75
26.08.2021 00:15:50.416,1.1772,1.17717,0.75,0.1
26.08.2021 00:16:08.112,1.1772,1.17719,0.82,1.5
26.08.2021 00:16:08.213,1.1772200000000002,1.17718,0.75,4.87
26.08.2021 00:16:08.315,1.17723,1.17719,0.75,0.75
26.08.2021 00:16:09.687,1.17723,1.1772,0.75,0.75
26.08.2021 00:16:11.637,1.17724,1.1772,0.82,1.2
26.08.2021 00:16:12.573,1.1772500000000001,1.1772200000000002,0.75,0.75
26.08.2021 00:16:24.655,1.1772600000000002,1.1772200000000002,0.82,3.37
26.08.2021 00:16:24.793,1.17724,1.17723,0.75,3.37
26.08.2021 00:16:38.098,1.17723,1.17721,0.82,0.82
26.08.2021 00:16:38.199,1.17723,1.1772,0.75,0.82
26.08.2021 00:16:38.672,1.17723,1.17719,0.75,0.75
26.08.2021 00:16:39.034,1.17721,1.17718,0.75,0.82
26.08.2021 00:16:39.136,1.17721,1.17717,0.75,3
26.08.2021 00:17:06.926,1.1772,1.17717,0.75,0.75
26.08.2021 00:17:07.027,1.1772,1.17716,0.75,4.95
26.08.2021 00:17:31.919,1.17717,1.17714,0.75,2.25
26.08.2021 00:17:32.121,1.17716,1.17714,1.12,1.5
26.08.2021 00:17:32.222,1.17716,1.1771200000000002,0.75,2.32
26.08.2021 00:17:39.635,1.17717,1.17713,0.75,2.06
26.08.2021 00:17:39.923,1.17719,1.17716,1.2,0.75
26.08.2021 00:17:40.024,1.1772,1.17716,0.75,0.75
26.08.2021 00:17:45.264,1.1772,1.17717,0.75,0.75
26.08.2021 00:17:45.367,1.17719,1.1771500000000001,1.87,3.37
26.08.2021 00:17:45.418,1.17717,1.17713,0.75,2.32
26.08.2021 00:17:45.519,1.17717,1.17714,0.75,0.75
26.08.2021 00:17:45.671,1.17717,1.17713,3,0.75
26.08.2021 00:17:45.851,1.17716,1.1771500000000001,0.75,0.75
26.08.2021 00:17:45.952,1.17716,1.17713,0.75,0.75
26.08.2021 00:17:46.053,1.17717,1.17713,0.75,0.75
26.08.2021 00:17:46.439,1.17716,1.17713,0.75,0.75
26.08.2021 00:17:59.387,1.1771500000000001,1.1771200000000002,0.75,0.82
26.08.2021 00:18:04.278,1.1771500000000001,1.17711,0.75,4.57
26.08.2021 00:18:04.839,1.17713,1.17711,0.94,1.5
26.08.2021 00:18:04.940,1.17713,1.1771,0.75,0.75
26.08.2021 00:18:05.468,1.17714,1.17711,0.94,0.75
26.08.2021 00:18:06.423,1.17714,1.1771,0.94,0.75
26.08.2021 00:18:08.369,1.17713,1.17709,1.5,0.75
26.08.2021 00:18:08.734,1.1771200000000002,1.17709,0.75,0.75
26.08.2021 00:18:21.420,1.17711,1.17708,0.75,0.75
26.08.2021 00:18:21.522,1.17709,1.17706,0.75,0.75
26.08.2021 00:18:21.623,1.17708,1.1770500000000002,0.75,2.25
26.08.2021 00:18:21.724,1.17708,1.17704,2.62,0.75
26.08.2021 00:18:21.876,1.17707,1.17704,0.75,0.75
26.08.2021 00:18:22.424,1.17708,1.1770500000000002,0.75,0.75
26.08.2021 00:18:22.526,1.17709,1.17706,0.75,0.75
26.08.2021 00:18:22.729,1.1771,1.17706,0.75,0.75
26.08.2021 00:18:25.422,1.17709,1.17706,0.75,0.75
26.08.2021 00:18:26.842,1.17708,1.1770500000000002,0.75,0.75
26.08.2021 00:18:30.917,1.17708,1.17704,2.62,0.75
26.08.2021 00:18:31.069,1.17707,1.17704,0.75,0.75
26.08.2021 00:18:31.170,1.17707,1.17703,0.75,0.82
26.08.2021 00:18:37.075,1.17706,1.17703,0.75,0.75
26.08.2021 00:18:37.180,1.1770500000000002,1.1770200000000002,0.75,0.82
26.08.2021 00:18:37.685,1.1770500000000002,1.1770100000000001,0.75,4.87
26.08.2021 00:18:38.095,1.17704,1.17703,0.75,0.75
26.08.2021 00:18:53.561,1.17704,1.1770100000000001,0.75,4.95
26.08.2021 00:18:53.888,1.17703,1.1770100000000001,3,0.75
26.08.2021 00:18:53.989,1.1770200000000002,1.17699,1.39,1.2
26.08.2021 00:18:54.040,1.1770100000000001,1.17698,0.82,0.75
26.08.2021 00:18:54.142,1.177,1.17697,0.75,3.37
26.08.2021 00:18:59.590,1.17703,1.177,0.75,0.75
26.08.2021 00:19:00.113,1.1770200000000002,1.17698,0.75,0.82
26.08.2021 00:19:08.021,1.1770200000000002,1.177,0.82,0.75
26.08.2021 00:19:08.123,1.1770100000000001,1.17698,0.75,0.75
26.08.2021 00:19:09.841,1.1770200000000002,1.17699,0.75,0.75
26.08.2021 00:19:09.942,1.1770200000000002,1.17698,0.75,0.75
26.08.2021 00:19:10.044,1.17703,1.17699,0.75,1.2
26.08.2021 00:19:10.149,1.17703,1.177,0.75,0.75
26.08.2021 00:19:15.612,1.17704,1.1770100000000001,0.75,0.75
26.08.2021 00:19:16.697,1.17704,1.1770200000000002,0.75,0.37
26.08.2021 00:19:16.799,1.1770500000000002,1.1770200000000002,0.75,1.12
26.08.2021 00:19:25.818,1.17706,1.17703,0.75,0.75
26.08.2021 00:19:29.750,1.17706,1.1770200000000002,0.75,1.2
26.08.2021 00:19:40.992,1.17704,1.177,1.95,3.9
26.08.2021 00:19:41.094,1.17704,1.1770100000000001,0.1,1.12
26.08.2021 00:19:41.398,1.1770500000000002,1.1770100000000001,0.75,1.87
26.08.2021 00:19:43.307,1.1770500000000002,1.17703,0.75,1.5
26.08.2021 00:19:43.358,1.1771,1.17706,4.5,3.45
26.08.2021 00:19:43.410,1.1771200000000002,1.17708,9.75,2.7
26.08.2021 00:19:43.512,1.1771200000000002,1.1771,7.5,0.75
26.08.2021 00:19:43.564,1.17714,1.17711,1.57,0.75
26.08.2021 00:19:46.882,1.17713,1.17709,2.25,0.82
26.08.2021 00:19:47.135,1.17714,1.1771,2.51,0.75
26.08.2021 00:19:47.647,1.17713,1.1771,0.75,0.75
26.08.2021 00:19:49.722,1.1771200000000002,1.17709,0.75,0.75
26.08.2021 00:19:53.787,1.1771200000000002,1.17708,0.82,0.75
26.08.2021 00:19:53.888,1.17711,1.17708,0.75,0.75
26.08.2021 00:19:59.251,1.1771,1.17708,7.12,0.75
26.08.2021 00:19:59.302,1.17708,1.1770500000000002,2.25,3.45
26.08.2021 00:19:59.504,1.17709,1.1770500000000002,0.75,2.32
26.08.2021 00:19:59.606,1.1771,1.17707,1.2,0.75
26.08.2021 00:19:59.758,1.1771,1.17706,1.2,0.75
26.08.2021 00:19:59.872,1.17709,1.1770500000000002,0.82,0.75
26.08.2021 00:20:00.478,1.17706,1.1770500000000002,0.82,0.75
26.08.2021 00:20:00.987,1.17708,1.17704,1.95,0.75
26.08.2021 00:20:04.015,1.17708,1.17706,3.07,0.75
26.08.2021 00:20:04.117,1.1771,1.17706,3.07,0.75
26.08.2021 00:20:04.219,1.17709,1.17706,0.1,0.75
26.08.2021 00:20:04.320,1.1771,1.17706,1.01,0.75
26.08.2021 00:20:04.421,1.1771,1.17707,2.51,0.75
26.08.2021 00:20:04.523,1.17709,1.17706,0.1,0.75
26.08.2021 00:20:04.624,1.1771,1.17706,0.82,0.75
26.08.2021 00:20:08.228,1.17707,1.17704,0.82,3.37
26.08.2021 00:20:08.380,1.17707,1.17703,1.2,5.7
26.08.2021 00:20:08.482,1.17709,1.17706,0.82,0.75
26.08.2021 00:20:08.583,1.17709,1.1770500000000002,0.82,0.75
26.08.2021 00:20:09.058,1.17709,1.17706,0.82,0.75
26.08.2021 00:20:09.210,1.1771,1.17707,2.32,0.75
26.08.2021 00:20:09.311,1.17709,1.17706,0.75,0.75
26.08.2021 00:20:09.413,1.1771,1.17706,4.57,0.75
26.08.2021 00:20:09.918,1.17709,1.17706,0.75,0.75
26.08.2021 00:20:10.021,1.17709,1.1770500000000002,0.82,0.75
26.08.2021 00:20:10.122,1.17708,1.1770500000000002,0.75,0.75
26.08.2021 00:20:10.375,1.17708,1.17706,2.32,0.75
26.08.2021 00:20:10.476,1.17708,1.17704,1.2,0.75
26.08.2021 00:20:10.729,1.17708,1.1770500000000002,1.2,0.75
26.08.2021 00:20:13.090,1.17707,1.17703,1.2,1.12
26.08.2021 00:20:18.177,1.17708,1.17704,1.2,0.75
26.08.2021 00:20:18.329,1.17709,1.1770500000000002,3.45,0.75
26.08.2021 00:20:18.481,1.17708,1.1770500000000002,0.1,0.75
26.08.2021 00:20:20.019,1.17709,1.17706,0.82,0.75
26.08.2021 00:20:21.373,1.17708,1.17706,1.2,0.75
26.08.2021 00:20:22.314,1.1770200000000002,1.17699,0.82,9
26.08.2021 00:20:22.416,1.1770100000000001,1.17699,1.12,7.5
26.08.2021 00:20:22.568,1.177,1.17696,0.75,2.25
26.08.2021 00:20:26.345,1.17697,1.17694,1.87,1.5
26.08.2021 00:20:26.448,1.17696,1.17693,1.57,1.2
26.08.2021 00:20:26.550,1.17696,1.1769200000000002,3.07,0.75
26.08.2021 00:20:26.652,1.1769500000000002,1.1769100000000001,0.82,1.12
26.08.2021 00:20:26.906,1.17696,1.1769200000000002,0.82,0.75
26.08.2021 00:20:27.008,1.17696,1.17694,0.82,0.75
26.08.2021 00:20:27.110,1.1769500000000002,1.17693,0.75,0.82
26.08.2021 00:20:27.869,1.1769500000000002,1.1769200000000002,0.82,0.75
26.08.2021 00:20:27.970,1.17694,1.1769100000000001,0.75,0.75
26.08.2021 00:20:28.072,1.17694,1.1769,4.57,0.75
26.08.2021 00:20:28.985,1.17693,1.1769200000000002,2.3,0.75
26.08.2021 00:20:30.382,1.1769500000000002,1.1769100000000001,0.82,0.75
26.08.2021 00:20:30.534,1.17696,1.17693,0.75,0.75
26.08.2021 00:20:31.586,1.17697,1.17693,1.95,0.75
26.08.2021 00:20:35.129,1.17696,1.17693,1.87,0.75
26.08.2021 00:20:35.231,1.1769500000000002,1.17693,1.2,1.12
26.08.2021 00:20:35.332,1.17694,1.1769100000000001,0.75,0.75
26.08.2021 00:20:35.434,1.17693,1.1769100000000001,1.95,1.95
26.08.2021 00:20:35.538,1.1769200000000002,1.17689,0.75,2.14
26.08.2021 00:20:35.690,1.1769200000000002,1.17688,1.2,4.31
26.08.2021 00:20:37.104,1.1769100000000001,1.17688,0.75,3.56
26.08.2021 00:20:40.671,1.17693,1.17689,0.82,0.75
26.08.2021 00:20:44.118,1.17693,1.1769,0.82,0.75
26.08.2021 00:20:51.629,1.17694,1.1769100000000001,0.82,0.75
26.08.2021 00:20:51.731,1.1769500000000002,1.1769100000000001,0.82,0.75
26.08.2021 00:20:51.833,1.1769500000000002,1.1769200000000002,0.75,0.75
26.08.2021 00:20:51.935,1.17696,1.1769200000000002,0.75,1.2
26.08.2021 00:20:52.551,1.17696,1.17693,0.82,0.75
26.08.2021 00:20:57.269,1.17696,1.1769200000000002,0.82,2.32
26.08.2021 00:20:59.451,1.1769500000000002,1.17694,0.75,0.75
26.08.2021 00:21:01.597,1.17696,1.17694,1.2,1.69
26.08.2021 00:21:01.749,1.17698,1.17694,0.75,1.01
26.08.2021 00:21:03.572,1.1770100000000001,1.17697,1.2,4.12
26.08.2021 00:21:03.673,1.17699,1.17698,0.75,0.75
26.08.2021 00:21:03.850,1.1770100000000001,1.17699,0.82,0.75
26.08.2021 00:21:03.953,1.1770100000000001,1.17697,0.82,2.32
26.08.2021 00:21:04.055,1.177,1.17697,0.75,1.95
26.08.2021 00:21:04.157,1.17699,1.17697,0.75,4.39
26.08.2021 00:21:16.286,1.177,1.17697,0.75,0.75
26.08.2021 00:21:16.591,1.1770200000000002,1.17698,4.95,0.75
26.08.2021 00:21:17.254,1.1770100000000001,1.17698,0.1,0.75
26.08.2021 00:21:17.507,1.1770100000000001,1.17697,0.82,0.75
26.08.2021 00:21:20.160,1.177,1.17697,0.75,0.75
26.08.2021 00:21:30.774,1.1770100000000001,1.17697,0.82,0.75
26.08.2021 00:21:35.241,1.17698,1.17696,0.75,1.57
26.08.2021 00:21:35.342,1.177,1.17696,0.75,0.82
26.08.2021 00:21:38.208,1.177,1.17697,0.75,0.75
26.08.2021 00:21:41.211,1.177,1.17696,0.75,1.01
26.08.2021 00:22:05.141,1.17699,1.17696,0.1,0.75
26.08.2021 00:22:06.211,1.17698,1.1769500000000002,0.75,0.75
26.08.2021 00:22:06.313,1.17697,1.17693,1.2,3.37
26.08.2021 00:22:08.491,1.17696,1.17693,0.1,0.75
26.08.2021 00:22:08.593,1.17696,1.1769200000000002,1.95,0.75
26.08.2021 00:22:08.696,1.1769500000000002,1.1769100000000001,0.75,0.82
26.08.2021 00:22:16.132,1.17694,1.1769100000000001,0.75,0.75
26.08.2021 00:22:18.816,1.17694,1.1769,1.57,3.37
26.08.2021 00:22:24.811,1.17693,1.1769,1.57,0.75
26.08.2021 00:22:24.862,1.1769100000000001,1.17689,0.75,5.21
26.08.2021 00:22:27.729,1.1769100000000001,1.17687,1.57,0.75
26.08.2021 00:22:27.931,1.1769200000000002,1.17688,1.2,4.12
26.08.2021 00:22:28.185,1.17694,1.1769100000000001,3.45,0.75
26.08.2021 00:22:28.286,1.17693,1.17689,0.82,2.25
26.08.2021 00:22:28.388,1.17694,1.1769100000000001,0.1,0.75
26.08.2021 00:22:28.540,1.17694,1.1769200000000002,2.7,0.75
26.08.2021 00:22:28.844,1.1769500000000002,1.1769200000000002,0.75,0.1
26.08.2021 00:22:28.995,1.17696,1.1769200000000002,1.95,0.75
26.08.2021 00:22:29.977,1.1769500000000002,1.1769200000000002,0.75,0.75
26.08.2021 00:22:30.079,1.17694,1.1769100000000001,0.75,3.07
26.08.2021 00:22:30.180,1.17694,1.1769200000000002,0.82,1.5
26.08.2021 00:22:30.282,1.17694,1.1769100000000001,0.45,1.5
26.08.2021 00:22:30.383,1.1769500000000002,1.1769100000000001,0.75,0.82
26.08.2021 00:22:43.994,1.17693,1.1769100000000001,0.82,1.57
26.08.2021 00:22:44.096,1.17694,1.1769100000000001,0.82,1.95
26.08.2021 00:22:44.197,1.17693,1.1769100000000001,3.82,0.75
26.08.2021 00:22:44.450,1.17693,1.1769,0.1,0.75
26.08.2021 00:22:46.894,1.17693,1.17689,0.82,0.75
26.08.2021 00:22:49.867,1.17693,1.1769200000000002,0.82,0.75
26.08.2021 00:22:50.019,1.1769500000000002,1.1769200000000002,0.1,0.75
26.08.2021 00:22:55.823,1.17697,1.17694,0.75,1.2
26.08.2021 00:22:55.924,1.17698,1.17694,0.82,0.82
26.08.2021 00:23:15.441,1.17697,1.17693,1.2,0.75
26.08.2021 00:23:15.542,1.17696,1.1769200000000002,0.75,0.82
26.08.2021 00:23:15.644,1.1769500000000002,1.1769100000000001,0.75,0.82
26.08.2021 00:23:24.257,1.17693,1.1769100000000001,0.75,0.75
26.08.2021 00:23:24.308,1.17689,1.17687,1.5,8.62
26.08.2021 00:23:24.512,1.17689,1.17685,0.82,2.77
26.08.2021 00:23:24.721,1.1769100000000001,1.17687,1.87,0.75
26.08.2021 00:23:47.454,1.17693,1.17689,0.82,0.82
26.08.2021 00:23:52.552,1.1769200000000002,1.17687,0.75,4.12
26.08.2021 00:23:55.621,1.1769100000000001,1.17687,0.75,4.12
26.08.2021 00:24:03.712,1.1769200000000002,1.1769,1.5,0.75
26.08.2021 00:24:03.763,1.17694,1.1769,1.57,0.82
26.08.2021 00:24:04.454,1.1769500000000002,1.1769200000000002,4.2,0.75
26.08.2021 00:24:04.555,1.17696,1.1769200000000002,1.57,0.75
26.08.2021 00:24:04.879,1.17696,1.17693,0.1,0.75
26.08.2021 00:24:04.981,1.17697,1.17693,2.25,3.37
26.08.2021 00:24:05.083,1.17698,1.17694,0.82,0.82
26.08.2021 00:24:06.132,1.17698,1.17696,2.32,0.82
26.08.2021 00:24:09.707,1.17698,1.1769500000000002,0.82,0.75
26.08.2021 00:24:09.808,1.17698,1.17694,0.82,2.02
26.08.2021 00:24:10.314,1.17697,1.17694,0.37,0.75
26.08.2021 00:24:10.888,1.17697,1.17693,1.12,0.75
26.08.2021 00:24:13.459,1.17698,1.17694,1.57,0.75
26.08.2021 00:24:25.121,1.17697,1.17693,0.75,0.75
26.08.2021 00:24:38.941,1.17696,1.1769200000000002,3.07,0.82
26.08.2021 00:24:41.380,1.17694,1.17693,0.75,0.1
26.08.2021 00:24:41.932,1.1769500000000002,1.1769100000000001,0.75,0.75
26.08.2021 00:24:49.750,1.17696,1.1769200000000002,2.7,0.75
26.08.2021 00:25:20.170,1.17696,1.17693,2.25,0.75
26.08.2021 00:25:20.423,1.17697,1.17693,4.39,0.75
26.08.2021 00:25:23.191,1.17699,1.1769500000000002,3.82,0.75
26.08.2021 00:25:23.293,1.177,1.1769500000000002,12.07,2.06
26.08.2021 00:25:23.394,1.177,1.17696,9.45,0.75
26.08.2021 00:25:24.997,1.1770100000000001,1.17697,4.95,0.75
26.08.2021 00:25:47.324,1.17699,1.17697,0.75,0.75
26.08.2021 00:25:47.425,1.17699,1.17696,1.5,0.75
26.08.2021 00:25:47.832,1.17698,1.17694,1.95,0.75
26.08.2021 00:25:47.984,1.17697,1.17693,0.75,3.82
26.08.2021 00:25:48.435,1.17696,1.1769200000000002,0.82,0.75
26.08.2021 00:25:48.587,1.17697,1.17693,4.76,0.75
26.08.2021 00:25:48.689,1.17696,1.17693,2.25,0.75
26.08.2021 00:25:48.790,1.17696,1.1769200000000002,3.07,0.75
26.08.2021 00:25:50.489,1.17693,1.1769100000000001,1.87,0.75
26.08.2021 00:25:50.590,1.17693,1.1769,0.75,0.75
26.08.2021 00:25:50.641,1.1769200000000002,1.17688,1.12,1.95
26.08.2021 00:26:32.063,1.17693,1.1769,0.82,0.75
26.08.2021 00:26:32.165,1.17693,1.1769100000000001,0.45,0.75
26.08.2021 00:26:32.216,1.1769500000000002,1.1769100000000001,1.87,0.75
26.08.2021 00:26:35.461,1.17696,1.1769200000000002,0.82,0.75
26.08.2021 00:26:36.991,1.1769500000000002,1.1769100000000001,0.75,0.82
26.08.2021 00:26:38.646,1.17694,1.1769100000000001,0.75,0.75
26.08.2021 00:26:38.747,1.17693,1.1769,0.75,0.75
26.08.2021 00:26:38.849,1.17693,1.17689,0.75,0.75
26.08.2021 00:26:39.441,1.17688,1.17686,0.19,2.32
26.08.2021 00:26:39.492,1.17684,1.1768200000000002,2.25,1.5
26.08.2021 00:26:39.782,1.17683,1.1768100000000001,2.62,2.32
26.08.2021 00:26:39.833,1.17679,1.17676,0.75,2.02
26.08.2021 00:26:40.482,1.1768100000000001,1.17677,1.39,0.75
26.08.2021 00:26:50.445,1.1768100000000001,1.17678,0.75,1.69
26.08.2021 00:26:50.547,1.17683,1.17679,0.75,0.82
26.08.2021 00:26:50.699,1.17684,1.1768,1.39,0.75
26.08.2021 00:26:59.766,1.1768200000000002,1.17678,0.82,0.75
26.08.2021 00:27:05.151,1.1768100000000001,1.17678,1.76,4.2
26.08.2021 00:27:10.389,1.17683,1.1768,1.5,0.75
26.08.2021 00:27:10.491,1.17684,1.1768,0.1,0.75
26.08.2021 00:27:10.592,1.17685,1.1768,4.76,0.82
26.08.2021 00:27:10.745,1.17685,1.1768100000000001,1.39,1.5
26.08.2021 00:27:13.224,1.17685,1.1768200000000002,0.26,0.75
26.08.2021 00:27:13.444,1.1768200000000002,1.17679,0.1,1.5
26.08.2021 00:27:13.495,1.17683,1.1768100000000001,5.14,0.75
26.08.2021 00:27:13.596,1.17683,1.1768,2.7,0.75
26.08.2021 00:27:13.647,1.17683,1.17678,5.89,1.57
26.08.2021 00:27:15.113,1.1768200000000002,1.17678,0.82,1.5
26.08.2021 00:27:37.172,1.1768200000000002,1.1768,0.37,0.75
26.08.2021 00:27:37.274,1.17683,1.1768,1.87,2.25
26.08.2021 00:27:37.325,1.17685,1.1768100000000001,2.02,1.5
26.08.2021 00:27:37.631,1.17685,1.17683,0.75,0.75
26.08.2021 00:27:37.733,1.17686,1.17683,0.75,0.94
26.08.2021 00:27:37.784,1.17688,1.17684,3.9,1.69
26.08.2021 00:27:40.972,1.17688,1.17685,0.1,0.75
26.08.2021 00:27:41.127,1.17689,1.17685,3.26,0.75
26.08.2021 00:28:00.019,1.1769,1.17686,2.14,0.75
26.08.2021 00:28:21.931,1.17688,1.17683,3.26,4.95
26.08.2021 00:28:22.033,1.17687,1.1768200000000002,0.82,5.14
26.08.2021 00:28:26.152,1.17686,1.1768200000000002,0.75,5.14
26.08.2021 00:28:44.908,1.17686,1.17684,0.75,0.82
26.08.2021 00:28:45.111,1.17688,1.17684,4.39,0.75
26.08.2021 00:28:45.635,1.17686,1.17684,0.75,1.57
26.08.2021 00:28:52.549,1.17688,1.17684,0.75,2.32
26.08.2021 00:29:04.757,1.17688,1.17686,0.75,0.82
26.08.2021 00:29:05.563,1.1769,1.17686,0.75,5.14
26.08.2021 00:29:05.614,1.1769,1.17689,0.75,0.75
26.08.2021 00:29:05.715,1.1769,1.17687,0.75,0.1
26.08.2021 00:29:06.660,1.1769100000000001,1.17687,0.75,0.82
26.08.2021 00:29:07.233,1.1769,1.17686,0.75,1.76
26.08.2021 00:29:15.834,1.1769100000000001,1.17688,0.75,0.75
26.08.2021 00:29:15.936,1.1769200000000002,1.17688,0.75,4.95
26.08.2021 00:29:16.038,1.1769200000000002,1.17689,0.75,0.75
26.08.2021 00:29:16.192,1.17694,1.1769,1.46,0.75
26.08.2021 00:29:30.528,1.1769500000000002,1.1769100000000001,0.82,1.5
26.08.2021 00:29:30.630,1.17696,1.1769200000000002,0.75,0.82
26.08.2021 00:29:30.731,1.17696,1.17693,0.75,2.62
26.08.2021 00:29:30.832,1.1769500000000002,1.1769100000000001,0.75,2.7
26.08.2021 00:29:30.934,1.1769500000000002,1.1769200000000002,0.75,0.75
26.08.2021 00:29:31.035,1.17696,1.1769200000000002,3,0.82
26.08.2021 00:29:32.196,1.17696,1.17693,0.75,3.37
26.08.2021 00:29:38.152,1.17697,1.17693,0.75,4.2
26.08.2021 00:29:51.100,1.17696,1.17693,0.75,2.62
26.08.2021 00:29:51.202,1.17696,1.1769200000000002,0.75,0.82
26.08.2021 00:29:54.153,1.1769500000000002,1.1769100000000001,0.82,1.5
26.08.2021 00:29:55.596,1.17694,1.1769,0.75,5.32
26.08.2021 00:29:56.871,1.17693,1.1769,0.75,0.75
26.08.2021 00:29:56.973,1.1769200000000002,1.17688,1.2,0.75
26.08.2021 00:30:00.391,1.1769,1.17688,0.75,4.2
26.08.2021 00:30:05.156,1.1769,1.17687,0.75,0.75
26.08.2021 00:30:09.739,1.1769200000000002,1.17688,0.75,1.57
26.08.2021 00:30:16.244,1.1769100000000001,1.17688,0.75,0.82
26.08.2021 00:30:16.719,1.1769100000000001,1.17687,0.75,4.2
26.08.2021 00:30:20.152,1.1769,1.17687,0.75,0.82
26.08.2021 00:30:28.718,1.1769,1.17686,0.75,1.95
26.08.2021 00:30:56.949,1.1769,1.17687,0.75,0.1
26.08.2021 00:30:57.313,1.1769100000000001,1.17687,0.75,1.2
26.08.2021 00:31:03.386,1.1769,1.17687,0.75,0.82
26.08.2021 00:31:09.561,1.1769100000000001,1.17687,0.75,0.82
26.08.2021 00:31:38.688,1.1769100000000001,1.17688,0.75,0.75
26.08.2021 00:31:45.241,1.1769100000000001,1.1769,0.75,0.75
26.08.2021 00:31:45.342,1.1769200000000002,1.17688,0.75,3.82
26.08.2021 00:31:47.075,1.17693,1.17689,3.07,0.75
26.08.2021 00:32:27.198,1.1769200000000002,1.17689,0.1,0.75
26.08.2021 00:32:29.631,1.1769200000000002,1.17688,1.39,0.75
26.08.2021 00:32:32.414,1.17693,1.17689,0.82,0.75
26.08.2021 00:32:37.132,1.1769200000000002,1.17689,1.01,0.75
26.08.2021 00:32:41.152,1.1769200000000002,1.17688,1.01,0.75
26.08.2021 00:32:58.253,1.17693,1.17689,4.84,0.75
26.08.2021 00:32:58.355,1.17693,1.1769,0.1,0.75
26.08.2021 00:32:58.457,1.17694,1.1769,3.71,0.75
26.08.2021 00:33:04.923,1.17694,1.1769100000000001,0.75,0.1
26.08.2021 00:33:05.024,1.1769500000000002,1.1769100000000001,0.94,0.82
26.08.2021 00:33:13.706,1.17696,1.1769200000000002,1.76,0.75
26.08.2021 00:33:27.435,1.1769500000000002,1.1769200000000002,0.1,0.75
26.08.2021 00:33:29.391,1.1769500000000002,1.1769100000000001,0.82,1.5
26.08.2021 00:33:50.273,1.1769500000000002,1.1769200000000002,0.75,0.1
26.08.2021 00:33:51.281,1.1769500000000002,1.1769100000000001,0.75,4.57
26.08.2021 00:33:53.151,1.17696,1.1769200000000002,1.2,0.75
26.08.2021 00:34:08.405,1.1769500000000002,1.1769100000000001,1.01,1.5
26.08.2021 00:34:09.342,1.17694,1.1769100000000001,0.19,0.75
26.08.2021 00:34:09.444,1.1769500000000002,1.1769100000000001,1.57,0.75
26.08.2021 00:34:13.440,1.17694,1.1769100000000001,0.1,0.75
26.08.2021 00:34:13.542,1.17694,1.1769,0.82,1.5
26.08.2021 00:34:25.080,1.17693,1.1769,1.2,0.75
26.08.2021 00:34:25.182,1.1769200000000002,1.1769,0.75,0.75
26.08.2021 00:34:25.234,1.1769200000000002,1.17688,1.95,0.75
26.08.2021 00:34:27.361,1.1769,1.17688,0.75,3.45
26.08.2021 00:34:32.727,1.1769,1.17687,0.26,0.75
26.08.2021 00:34:33.698,1.1769,1.17686,1.01,0.75
26.08.2021 00:34:35.354,1.17689,1.17686,1.76,0.75
26.08.2021 00:34:35.456,1.17688,1.17685,2.51,0.75
26.08.2021 00:34:35.814,1.17689,1.17685,0.75,0.82
26.08.2021 00:34:35.916,1.1769,1.17686,1.46,0.75
26.08.2021 00:34:41.507,1.1769100000000001,1.17688,1.12,0.75
26.08.2021 00:34:49.507,1.1769200000000002,1.17688,1.5,0.82
26.08.2021 00:34:52.375,1.1769100000000001,1.17687,0.75,3.45
26.08.2021 00:34:53.440,1.1769200000000002,1.17688,4.46,0.75
26.08.2021 00:34:59.202,1.1769100000000001,1.17688,0.1,0.75
26.08.2021 00:34:59.323,1.1769200000000002,1.17688,2.89,0.75
26.08.2021 00:34:59.573,1.1769100000000001,1.17687,2.51,0.75
26.08.2021 00:34:59.776,1.1769,1.17686,3.26,0.75
26.08.2021 00:35:01.370,1.17689,1.17686,1.69,0.75
26.08.2021 00:35:01.471,1.17688,1.17685,2.89,0.75
26.08.2021 00:35:03.557,1.17688,1.17684,2.14,0.75
26.08.2021 00:35:07.455,1.17687,1.17684,0.75,0.75
26.08.2021 00:35:07.565,1.17688,1.17684,3.64,0.75
26.08.2021 00:35:10.568,1.17687,1.17684,0.75,0.75
26.08.2021 00:35:10.669,1.17688,1.17684,3.64,0.75
26.08.2021 00:35:11.436,1.17687,1.17684,0.75,0.75
26.08.2021 00:35:13.389,1.17688,1.17684,4.39,0.75
26.08.2021 00:35:20.642,1.17684,1.1768200000000002,1.5,1.2
26.08.2021 00:35:20.693,1.17683,1.1768,0.75,2.32
26.08.2021 00:35:20.794,1.17685,1.1768100000000001,1.76,0.75
26.08.2021 00:35:21.120,1.17684,1.17683,1.69,0.75
26.08.2021 00:35:24.369,1.17686,1.1768200000000002,2.51,0.75
26.08.2021 00:35:28.700,1.17687,1.17683,5.89,0.75
26.08.2021 00:35:31.892,1.17685,1.17684,0.94,0.75
26.08.2021 00:35:33.492,1.17685,1.1768200000000002,0.75,0.75
26.08.2021 00:35:33.593,1.17685,1.1768100000000001,0.75,0.82
26.08.2021 00:35:35.245,1.17685,1.1768200000000002,0.94,0.75
26.08.2021 00:35:35.414,1.17686,1.1768200000000002,5.14,0.75
26.08.2021 00:35:37.378,1.17686,1.17683,1.69,0.75
26.08.2021 00:35:43.160,1.17687,1.17683,5.89,0.75
26.08.2021 00:35:49.492,1.17685,1.17684,2.44,0.75
26.08.2021 00:35:52.485,1.17685,1.1768200000000002,1.69,0.75
26.08.2021 00:36:05.542,1.17685,1.1768100000000001,1.76,0.75
26.08.2021 00:36:05.980,1.17684,1.1768100000000001,0.1,0.75
26.08.2021 00:36:27.722,1.1768200000000002,1.1768100000000001,2.7,0.75
26.08.2021 00:36:27.823,1.17684,1.1768,1.76,0.75
26.08.2021 00:36:29.301,1.17684,1.1768100000000001,0.82,0.75
26.08.2021 00:36:30.267,1.17685,1.1768100000000001,2.96,0.75
26.08.2021 00:36:30.717,1.17683,1.1768200000000002,0.1,0.75
26.08.2021 00:36:41.362,1.17684,1.1768,4.01,0.75
26.08.2021 00:36:41.463,1.17683,1.17679,2.7,0.75
26.08.2021 00:36:41.565,1.1768200000000002,1.17679,0.75,0.75
26.08.2021 00:36:41.749,1.17683,1.17679,2.7,0.75
26.08.2021 00:36:43.809,1.1768200000000002,1.17678,0.75,4.95
26.08.2021 00:36:47.963,1.1768100000000001,1.17679,0.75,4.95
26.08.2021 00:36:51.535,1.1768,1.17677,0.75,3.45
26.08.2021 00:36:53.854,1.17679,1.17677,0.75,0.1
26.08.2021 00:36:55.050,1.1768,1.17677,0.75,0.1
26.08.2021 00:37:05.887,1.1768,1.17676,3,1.57
26.08.2021 00:37:06.122,1.17679,1.17676,1.69,0.75
26.08.2021 00:37:06.173,1.17677,1.1767400000000001,0.75,0.75
26.08.2021 00:37:06.274,1.17676,1.17673,0.75,5.7
26.08.2021 00:37:06.548,1.17678,1.1767400000000001,0.94,0.82
26.08.2021 00:37:06.599,1.17676,1.17673,0.75,3.07
26.08.2021 00:37:31.642,1.17678,1.1767400000000001,3.64,0.75
26.08.2021 00:37:31.743,1.17677,1.17676,0.75,0.75
26.08.2021 00:37:34.613,1.17677,1.1767400000000001,0.75,0.75
26.08.2021 00:37:34.715,1.17676,1.1767400000000001,0.75,5.7
26.08.2021 00:37:36.709,1.17677,1.17673,0.75,3.07
26.08.2021 00:37:38.927,1.17676,1.17673,0.75,3.07
26.08.2021 00:37:44.151,1.17677,1.17673,0.75,3.07
26.08.2021 00:37:45.145,1.17677,1.1767400000000001,0.75,0.75
26.08.2021 00:37:45.358,1.17678,1.1767400000000001,1.01,0.75
26.08.2021 00:37:45.463,1.17678,1.17675,0.75,0.75
26.08.2021 00:37:45.685,1.17679,1.17676,1.76,0.75
26.08.2021 00:37:49.721,1.17678,1.17675,0.75,0.75
26.08.2021 00:37:50.751,1.17679,1.17675,1.76,0.75
26.08.2021 00:38:02.612,1.17678,1.17675,0.75,0.75
26.08.2021 00:38:11.834,1.17679,1.17675,0.75,0.82
26.08.2021 00:38:30.883,1.17675,1.1767200000000002,0.75,9.07
26.08.2021 00:38:31.136,1.17675,1.1767100000000001,0.75,0.82
26.08.2021 00:38:31.742,1.1767400000000001,1.1767100000000001,0.75,0.75
26.08.2021 00:38:31.843,1.17675,1.1767100000000001,0.75,0.82
26.08.2021 00:38:37.422,1.1767400000000001,1.1767100000000001,0.75,0.82
26.08.2021 00:38:41.959,1.17673,1.1767,0.75,0.75
26.08.2021 00:38:42.061,1.1767400000000001,1.1767,0.75,3.45
26.08.2021 00:38:46.162,1.1767400000000001,1.1767100000000001,0.75,0.75
26.08.2021 00:39:07.616,1.1767400000000001,1.1767,1.39,0.75
26.08.2021 00:39:07.717,1.17675,1.1767100000000001,1.46,0.75
26.08.2021 00:39:08.752,1.1767400000000001,1.1767100000000001,0.75,0.75
26.08.2021 00:39:12.989,1.17675,1.1767100000000001,0.82,0.75
26.08.2021 00:39:15.710,1.17673,1.1767100000000001,0.75,0.75
26.08.2021 00:39:15.761,1.1767100000000001,1.17668,0.19,1.57
26.08.2021 00:39:15.863,1.1767,1.17667,3.07,0.75
26.08.2021 00:39:16.510,1.1767,1.17666,3.07,0.82
26.08.2021 00:39:19.286,1.1767,1.17667,0.1,0.75
26.08.2021 00:39:24.013,1.17673,1.1767,4.09,0.75
26.08.2021 00:39:24.115,1.17673,1.17669,3.71,0.82
26.08.2021 00:39:24.216,1.17673,1.1767,0.82,0.75
26.08.2021 00:39:24.318,1.17673,1.17669,3.26,0.82
26.08.2021 00:39:39.939,1.1767400000000001,1.1767,3.64,0.82
26.08.2021 00:39:44.152,1.17673,1.1767200000000002,1.01,0.75
26.08.2021 00:40:34.409,1.17673,1.1767,0.75,0.1
26.08.2021 00:40:34.510,1.1767200000000002,1.17669,0.75,0.75
26.08.2021 00:40:34.904,1.1767100000000001,1.17667,1.76,3.45
26.08.2021 00:41:00.782,1.1767100000000001,1.17668,1.2,0.75
26.08.2021 00:41:14.106,1.17673,1.1767,3.37,0.75
26.08.2021 00:41:14.208,1.1767400000000001,1.1767,4.76,0.75
26.08.2021 00:41:14.410,1.1767400000000001,1.1767100000000001,1.76,0.75
26.08.2021 00:41:18.348,1.1767400000000001,1.1767200000000002,0.1,0.75
26.08.2021 00:41:29.072,1.1767400000000001,1.1767100000000001,0.82,0.75
26.08.2021 00:42:53.816,1.17676,1.17673,1.95,0.75
26.08.2021 00:42:57.099,1.17676,1.1767400000000001,0.75,0.75
26.08.2021 00:42:57.201,1.17677,1.1767400000000001,2.32,0.75
26.08.2021 00:43:38.099,1.17676,1.1767400000000001,0.1,0.75
26.08.2021 00:43:39.595,1.17678,1.1767400000000001,1.76,0.75
26.08.2021 00:43:39.696,1.17677,1.1767400000000001,1.2,0.75
26.08.2021 00:44:49.098,1.17678,1.1767400000000001,4.76,0.75
26.08.2021 00:44:50.536,1.17678,1.17675,1.95,0.75
26.08.2021 00:44:58.543,1.17677,1.1767400000000001,0.1,0.75
26.08.2021 00:45:01.861,1.17677,1.17675,3.26,0.75
26.08.2021 00:45:03.163,1.17677,1.17675,0.37,0.75
26.08.2021 00:45:03.265,1.17677,1.1767400000000001,1.2,0.75
26.08.2021 00:45:36.469,1.17677,1.17673,1.01,0.75
26.08.2021 00:45:47.643,1.17677,1.17675,0.19,0.75
26.08.2021 00:45:47.744,1.17679,1.17676,5.14,0.75
26.08.2021 00:45:54.083,1.1768,1.17677,4.01,0.75
26.08.2021 00:46:00.685,1.1768,1.17676,0.75,0.82
26.08.2021 00:46:57.503,1.1768,1.17677,3.94,0.75
26.08.2021 00:47:03.437,1.17678,1.17675,2.7,0.75
26.08.2021 00:47:03.539,1.17677,1.1767400000000001,1.76,0.75
26.08.2021 00:47:03.642,1.17676,1.1767400000000001,0.94,0.75
26.08.2021 00:47:03.693,1.17676,1.1767200000000002,2.51,0.75
26.08.2021 00:47:03.795,1.17676,1.17673,2.51,0.75
26.08.2021 00:47:41.808,1.17675,1.17673,0.75,0.75
26.08.2021 00:47:42.818,1.17676,1.17673,2.14,0.75
26.08.2021 00:47:43.798,1.17675,1.17673,0.75,0.75
26.08.2021 00:47:44.827,1.17676,1.17673,2.14,0.75
26.08.2021 00:47:45.808,1.17675,1.17673,0.75,0.75
26.08.2021 00:47:46.788,1.17676,1.17673,2.14,0.75
26.08.2021 00:48:20.624,1.17677,1.17673,2.89,0.75
26.08.2021 00:48:21.875,1.17676,1.17673,1.01,0.75
26.08.2021 00:48:32.278,1.17676,1.1767200000000002,3.64,0.75
26.08.2021 00:48:32.379,1.17675,1.1767200000000002,0.75,0.75
26.08.2021 00:48:38.152,1.17676,1.1767200000000002,1.39,0.75
26.08.2021 00:48:38.304,1.17676,1.17673,1.39,0.75
26.08.2021 00:48:38.457,1.17678,1.17675,0.26,0.75
26.08.2021 00:48:38.608,1.17678,1.1767400000000001,2.89,0.75
26.08.2021 00:48:38.709,1.17677,1.1767400000000001,0.1,0.75
26.08.2021 00:48:47.076,1.17677,1.17673,0.82,3.37
26.08.2021 00:48:55.251,1.17676,1.17673,0.1,0.75
26.08.2021 00:48:59.900,1.17676,1.1767400000000001,1.2,0.75
26.08.2021 00:49:38.203,1.17678,1.1767400000000001,0.82,1.12
26.08.2021 00:49:41.921,1.17676,1.1767400000000001,0.82,3.75
26.08.2021 00:49:49.830,1.17678,1.17675,0.1,0.75
26.08.2021 00:49:55.523,1.17679,1.17675,2.32,0.75
26.08.2021 00:49:56.523,1.1768,1.17676,3.82,0.75
26.08.2021 00:50:34.600,1.17679,1.17675,1.57,0.75
26.08.2021 00:50:36.696,1.17678,1.17675,0.75,0.75
26.08.2021 00:50:41.152,1.17678,1.1767400000000001,0.82,1.87
26.08.2021 00:50:44.253,1.17679,1.17675,0.82,0.75
26.08.2021 00:50:51.868,1.1768,1.17676,3.26,0.75
26.08.2021 00:51:17.153,1.17679,1.17676,0.75,0.75
26.08.2021 00:51:24.048,1.1768,1.17676,0.75,1.95
26.08.2021 00:51:24.200,1.1768200000000002,1.1768,3.52,1.57
26.08.2021 00:51:24.302,1.17683,1.1768200000000002,0.1,0.75
26.08.2021 00:51:27.278,1.17685,1.1768100000000001,0.82,0.82
26.08.2021 00:51:33.255,1.17685,1.1768200000000002,0.82,0.75
26.08.2021 00:51:33.305,1.17687,1.17683,1.57,0.82
26.08.2021 00:51:33.407,1.17687,1.17684,0.1,1.5
26.08.2021 00:51:33.510,1.17688,1.17684,0.82,0.82
26.08.2021 00:51:33.612,1.17688,1.17685,0.1,0.75
26.08.2021 00:51:35.014,1.1769,1.17686,4.2,0.75
26.08.2021 00:52:04.428,1.1769,1.17687,0.75,1.87
26.08.2021 00:52:04.602,1.1769,1.17686,3,1.12
26.08.2021 00:52:04.754,1.1769100000000001,1.17687,2.7,0.75
26.08.2021 00:52:05.007,1.1769100000000001,1.17689,0.82,0.75
26.08.2021 00:52:05.058,1.17693,1.1769,0.52,0.75
26.08.2021 00:52:05.161,1.17694,1.1769100000000001,0.1,0.75
26.08.2021 00:52:05.262,1.1769500000000002,1.1769100000000001,0.82,1.95
26.08.2021 00:52:05.363,1.17696,1.1769200000000002,0.75,2.25
26.08.2021 00:52:06.255,1.17697,1.17693,1.39,0.75
26.08.2021 00:52:36.338,1.17696,1.17693,0.94,0.75
26.08.2021 00:52:36.440,1.1769500000000002,1.17693,0.1,0.75
26.08.2021 00:52:37.809,1.17696,1.17693,1.31,0.75
26.08.2021 00:52:44.837,1.17697,1.17693,4.39,1.12
26.08.2021 00:52:45.811,1.17697,1.17694,3.26,0.75
26.08.2021 00:52:46.127,1.17698,1.17694,0.75,0.75
26.08.2021 00:52:46.229,1.17699,1.17696,2.02,0.75
26.08.2021 00:52:49.708,1.17699,1.1769500000000002,2.32,0.75
26.08.2021 00:52:50.488,1.17697,1.17693,1.5,3
26.08.2021 00:52:52.309,1.17698,1.1769500000000002,0.75,0.75
26.08.2021 00:52:52.410,1.17699,1.1769500000000002,1.27,0.75
26.08.2021 00:52:53.129,1.177,1.17696,3.64,0.75
26.08.2021 00:53:04.021,1.17699,1.17696,0.37,0.75
26.08.2021 00:53:04.275,1.17698,1.17696,1.69,0.75
26.08.2021 00:53:04.326,1.17697,1.17694,0.75,0.75
26.08.2021 00:53:06.882,1.17696,1.17694,0.75,0.75
26.08.2021 00:53:07.900,1.17697,1.17694,4.01,0.75
26.08.2021 00:53:09.303,1.17698,1.1769500000000002,4.01,0.75
26.08.2021 00:53:09.456,1.17699,1.1769500000000002,1.76,0.75
26.08.2021 00:53:10.254,1.17699,1.17696,0.56,0.75
26.08.2021 00:53:17.171,1.17697,1.1769500000000002,4.2,0.75
26.08.2021 00:53:17.222,1.1769500000000002,1.17693,1.57,0.75
26.08.2021 00:53:17.323,1.1769500000000002,1.1769200000000002,0.75,0.75
26.08.2021 00:53:21.995,1.1769500000000002,1.17693,1.69,1.5
26.08.2021 00:53:28.608,1.1769500000000002,1.1769100000000001,0.75,1.69
26.08.2021 00:53:30.213,1.17694,1.1769100000000001,1.12,1.69
26.08.2021 00:53:30.315,1.1769200000000002,1.1769100000000001,2.25,3.37
26.08.2021 00:53:30.568,1.17694,1.1769,5.02,0.75
26.08.2021 00:53:31.420,1.17693,1.1769,1.87,0.75
26.08.2021 00:53:31.966,1.17694,1.1769,6.07,0.75
26.08.2021 00:53:32.672,1.17693,1.17689,0.75,0.94
26.08.2021 00:53:32.773,1.1769100000000001,1.1769,1.5,0.75
26.08.2021 00:53:32.874,1.1769100000000001,1.17688,0.75,1.5
26.08.2021 00:53:33.801,1.17693,1.1769,3,0.75
26.08.2021 00:53:33.902,1.17694,1.1769,1.95,3.37
26.08.2021 00:53:34.004,1.1769500000000002,1.1769100000000001,1.57,0.75
26.08.2021 00:53:36.433,1.17694,1.1769100000000001,0.75,0.75
26.08.2021 00:53:36.535,1.1769500000000002,1.1769100000000001,3.34,0.75
26.08.2021 00:53:36.636,1.17693,1.1769200000000002,0.75,0.75
26.08.2021 00:53:36.737,1.17694,1.1769,2.32,0.75
26.08.2021 00:53:40.442,1.17694,1.1769100000000001,1.5,0.75
26.08.2021 00:53:40.493,1.17697,1.17693,4.57,0.75
26.08.2021 00:53:41.814,1.17696,1.17693,0.75,0.75
26.08.2021 00:53:51.298,1.17696,1.1769200000000002,0.75,0.75
26.08.2021 00:53:54.301,1.1769500000000002,1.1769100000000001,0.75,1.69
26.08.2021 00:53:55.395,1.1769500000000002,1.1769200000000002,0.75,0.75
26.08.2021 00:53:57.122,1.1769500000000002,1.1769100000000001,0.75,1.69
26.08.2021 00:54:00.015,1.17696,1.1769200000000002,1.5,0.75
26.08.2021 00:54:03.556,1.1769500000000002,1.1769100000000001,0.75,2.06
26.08.2021 00:54:03.971,1.17693,1.17689,3.82,0.82
26.08.2021 00:54:04.072,1.1769100000000001,1.17688,0.37,2.21
26.08.2021 00:54:05.411,1.1769100000000001,1.17687,3,4.12
26.08.2021 00:54:05.512,1.17689,1.17686,3.75,1.57
26.08.2021 00:54:05.563,1.17688,1.17684,3.45,15.52
26.08.2021 00:54:05.665,1.17686,1.17684,0.37,13.5
26.08.2021 00:54:06.561,1.17686,1.1768200000000002,1.12,1.87
26.08.2021 00:54:06.796,1.17685,1.1768200000000002,0.75,3.75
26.08.2021 00:54:07.100,1.17685,1.1768100000000001,1.2,1.5
26.08.2021 00:54:07.895,1.17683,1.1768,0.37,4.12
26.08.2021 00:54:07.997,1.17684,1.1768,1.95,1.5
26.08.2021 00:54:08.099,1.1768100000000001,1.17678,0.37,1.69
26.08.2021 00:54:10.578,1.1768100000000001,1.17677,1.12,1.31
26.08.2021 00:54:19.552,1.1768,1.17679,0.82,0.75
26.08.2021 00:54:19.704,1.1768100000000001,1.17677,0.82,0.75
26.08.2021 00:54:27.821,1.1768100000000001,1.17678,0.75,0.75
26.08.2021 00:54:29.017,1.1768100000000001,1.17677,0.82,0.75
26.08.2021 00:54:37.190,1.1768,1.17676,0.75,0.75
26.08.2021 00:54:37.725,1.17679,1.17676,0.82,0.75
26.08.2021 00:54:37.827,1.17678,1.1767400000000001,0.82,0.75
26.08.2021 00:54:39.631,1.17677,1.17673,0.75,0.75
26.08.2021 00:54:39.884,1.17676,1.1767200000000002,0.75,0.75
26.08.2021 00:54:40.583,1.17677,1.17673,0.75,1.5
26.08.2021 00:54:40.837,1.17677,1.17675,5.4,0.75
26.08.2021 00:54:41.292,1.1768,1.17676,3.52,0.75
26.08.2021 00:54:43.477,1.17679,1.17675,1.57,0.75
26.08.2021 00:54:44.134,1.17678,1.17675,0.75,0.75
26.08.2021 00:54:44.236,1.17679,1.17675,2.32,0.75
26.08.2021 00:54:44.674,1.17678,1.1767400000000001,3.07,0.75
26.08.2021 00:54:44.776,1.17677,1.17673,0.75,3.82
26.08.2021 00:54:45.679,1.17676,1.1767200000000002,0.75,0.75
26.08.2021 00:54:47.469,1.17675,1.1767200000000002,0.75,0.75
26.08.2021 00:54:47.621,1.17676,1.1767200000000002,0.75,0.75
26.08.2021 00:54:47.722,1.17675,1.1767200000000002,0.75,0.75
26.08.2021 00:54:48.878,1.17676,1.1767200000000002,0.75,0.75
26.08.2021 00:54:49.710,1.17677,1.17673,1.57,2.25
26.08.2021 00:54:49.964,1.17676,1.1767200000000002,0.75,0.75
26.08.2021 00:54:50.318,1.17675,1.1767100000000001,0.75,1.5
26.08.2021 00:54:50.621,1.1767400000000001,1.1767100000000001,0.19,1.12
26.08.2021 00:54:50.723,1.1767400000000001,1.1767,1.5,0.75
26.08.2021 00:54:52.024,1.17673,1.17669,2.25,1.12
26.08.2021 00:54:52.593,1.1767100000000001,1.17667,0.75,0.75
26.08.2021 00:54:52.745,1.1767,1.17666,0.75,0.75
26.08.2021 00:54:52.897,1.1767100000000001,1.17667,2.02,0.75
26.08.2021 00:54:53.251,1.1767,1.17666,0.75,0.75
26.08.2021 00:54:53.352,1.17669,1.17666,0.75,0.37
26.08.2021 00:54:53.998,1.17669,1.17667,0.75,1.2
26.08.2021 00:54:55.059,1.1767200000000002,1.1767,0.45,2.44
26.08.2021 00:54:55.161,1.1767400000000001,1.1767,2.02,0.75
26.08.2021 00:54:55.751,1.1767200000000002,1.17669,0.75,0.75
26.08.2021 00:54:55.852,1.17673,1.17669,0.75,0.75
26.08.2021 00:54:55.954,1.1767200000000002,1.17669,0.75,0.75
26.08.2021 00:54:56.056,1.17673,1.17669,0.82,0.75
26.08.2021 00:54:56.361,1.1767400000000001,1.1767,2.4,0.75
26.08.2021 00:54:56.464,1.17673,1.17669,3,0.75
26.08.2021 00:54:57.023,1.1767400000000001,1.1767,1.65,0.75
26.08.2021 00:54:57.683,1.1767400000000001,1.1767100000000001,1.2,0.75
26.08.2021 00:54:57.986,1.17675,1.1767200000000002,0.45,0.75
26.08.2021 00:54:58.138,1.17676,1.1767200000000002,0.75,0.75
26.08.2021 00:54:59.199,1.1767400000000001,1.1767200000000002,0.37,0.75
26.08.2021 00:54:59.250,1.17673,1.1767,0.75,0.75
26.08.2021 00:54:59.352,1.1767400000000001,1.1767200000000002,2.81,0.75
26.08.2021 00:54:59.453,1.1767400000000001,1.1767100000000001,0.45,0.75
26.08.2021 00:54:59.605,1.17673,1.1767,3,0.75
26.08.2021 00:55:00.301,1.17673,1.17669,5.7,0.75
26.08.2021 00:55:00.453,1.17669,1.17665,2.25,1.76
26.08.2021 00:55:00.555,1.17669,1.17666,0.45,0.75
26.08.2021 00:55:00.656,1.1767,1.17666,4.95,1.12
26.08.2021 00:55:00.758,1.17669,1.17668,0.45,1.5
26.08.2021 00:55:00.911,1.1767100000000001,1.17668,0.45,0.75
26.08.2021 00:55:01.012,1.1767100000000001,1.17669,0.45,0.75
26.08.2021 00:55:01.113,1.17673,1.17669,8.32,0.75
26.08.2021 00:55:01.164,1.1767,1.17668,2.44,0.75
26.08.2021 00:55:01.265,1.1767100000000001,1.17669,1.87,0.75
26.08.2021 00:55:01.740,1.1767100000000001,1.17668,0.1,0.75
26.08.2021 00:55:05.932,1.17669,1.17665,0.82,0.75
26.08.2021 00:55:06.033,1.17669,1.17666,0.37,0.75
26.08.2021 00:55:06.134,1.1767,1.17666,0.82,0.75
26.08.2021 00:55:06.236,1.17669,1.17668,0.1,0.75
26.08.2021 00:55:06.338,1.1767100000000001,1.17667,1.27,0.75
26.08.2021 00:55:09.972,1.1767200000000002,1.17668,2.02,0.75
26.08.2021 00:55:11.153,1.1767100000000001,1.17667,0.82,0.75
26.08.2021 00:55:13.771,1.17668,1.1766400000000001,0.82,2.7
26.08.2021 00:55:13.872,1.17669,1.17665,0.75,3.37
26.08.2021 00:55:17.164,1.1767,1.17666,1.57,0.75
26.08.2021 00:55:19.798,1.17668,1.17666,2.32,0.75
26.08.2021 00:55:19.899,1.17668,1.17665,1.57,0.75
26.08.2021 00:55:22.676,1.17669,1.17666,0.45,0.82
26.08.2021 00:55:22.828,1.1767,1.17666,0.75,0.82
26.08.2021 00:55:23.613,1.1767200000000002,1.17668,3.71,1.5
26.08.2021 00:55:23.714,1.1767100000000001,1.17668,0.75,0.75
26.08.2021 00:55:25.256,1.1767400000000001,1.1767,2.7,0.94
26.08.2021 00:55:25.459,1.17675,1.1767100000000001,1.2,0.75
26.08.2021 00:55:25.880,1.17675,1.1767,0.1,3.56
26.08.2021 00:55:26.993,1.17673,1.17669,1.57,1.2
26.08.2021 00:55:27.195,1.17673,1.17668,0.1,0.94
26.08.2021 00:55:27.753,1.1767400000000001,1.17669,0.1,0.19
26.08.2021 00:55:28.486,1.17675,1.17669,0.1,7.09
26.08.2021 00:55:28.588,1.17675,1.1767,0.1,3.37
26.08.2021 00:55:28.691,1.17676,1.1767,2.77,5.14
26.08.2021 00:55:34.228,1.17676,1.1767100000000001,0.82,1.31
26.08.2021 00:55:34.330,1.17677,1.1767200000000002,0.45,0.19
26.08.2021 00:55:37.748,1.17678,1.17673,1.2,2.89
26.08.2021 00:55:44.521,1.17678,1.1767200000000002,4.95,1.01
26.08.2021 00:55:48.268,1.17678,1.17673,3.45,0.19
26.08.2021 00:55:48.369,1.17678,1.1767200000000002,4.95,2.59
26.08.2021 00:55:49.954,1.17678,1.17673,4.95,0.19
26.08.2021 00:55:52.282,1.17678,1.1767200000000002,4.95,2.59
26.08.2021 00:55:52.976,1.17678,1.17673,4.95,0.1
26.08.2021 00:55:53.572,1.17678,1.1767200000000002,4.95,2.59
26.08.2021 00:55:54.364,1.17678,1.17673,0.82,5.14
26.08.2021 00:55:54.668,1.17679,1.1767400000000001,3.07,0.19
26.08.2021 00:56:01.510,1.17679,1.17675,2.32,0.37
26.08.2021 00:56:01.713,1.17679,1.17676,2.25,0.75
26.08.2021 00:56:01.815,1.1768,1.17675,0.1,5.06
26.08.2021 00:56:02.535,1.1768100000000001,1.17676,2.32,0.75
26.08.2021 00:56:06.270,1.1768,1.17676,0.75,0.75
26.08.2021 00:56:06.322,1.17678,1.17673,1.57,4.39
26.08.2021 00:56:06.475,1.17677,1.17673,0.1,4.76
26.08.2021 00:56:06.955,1.17679,1.17675,2.32,0.19
26.08.2021 00:56:17.229,1.17678,1.1767400000000001,0.1,0.75
26.08.2021 00:56:17.431,1.17678,1.17675,0.82,0.75
26.08.2021 00:56:18.740,1.17677,1.17673,0.75,3.56
26.08.2021 00:56:20.453,1.17676,1.17673,0.75,0.75
26.08.2021 00:56:27.654,1.17676,1.1767200000000002,0.75,0.94
26.08.2021 00:56:30.256,1.1767400000000001,1.1767200000000002,0.75,1.69
26.08.2021 00:56:59.280,1.17673,1.17669,3.07,0.75
26.08.2021 00:56:59.431,1.1767200000000002,1.17668,1.2,1.95
26.08.2021 00:56:59.533,1.1767100000000001,1.17667,0.75,0.75
26.08.2021 00:56:59.634,1.1767,1.17667,0.75,0.75
26.08.2021 00:57:03.267,1.1767,1.17666,3,1.5
26.08.2021 00:57:03.424,1.17666,1.17663,0.75,5.32
26.08.2021 00:57:03.627,1.17666,1.1766200000000002,0.82,1.69
26.08.2021 00:57:06.275,1.17665,1.1766200000000002,0.75,0.75
26.08.2021 00:57:13.074,1.17667,1.17663,1.2,2.44
26.08.2021 00:57:20.858,1.17667,1.1766400000000001,0.75,0.75
26.08.2021 00:57:20.959,1.17668,1.1766400000000001,0.75,8.06
26.08.2021 00:57:21.162,1.17669,1.17666,0.75,0.75
26.08.2021 00:57:26.385,1.17669,1.17665,0.75,0.75
26.08.2021 00:57:29.696,1.17668,1.1766400000000001,2.32,0.75
26.08.2021 00:57:29.798,1.17667,1.17663,0.82,1.95
26.08.2021 00:57:29.899,1.17666,1.1766200000000002,0.75,5.44
26.08.2021 00:58:06.477,1.17667,1.17663,0.82,0.75
26.08.2021 00:58:20.010,1.17666,1.17665,0.75,0.75
26.08.2021 00:58:21.168,1.17668,1.17665,0.82,0.75
26.08.2021 00:58:21.544,1.17669,1.17665,1.57,0.75
26.08.2021 00:58:47.956,1.1767,1.17666,3.82,0.75
26.08.2021 00:58:55.179,1.17669,1.17666,0.82,0.75
26.08.2021 00:58:55.331,1.17669,1.17665,2.32,0.75
26.08.2021 00:58:56.754,1.17669,1.17666,0.82,0.75
26.08.2021 00:59:00.061,1.1767,1.17666,3.26,0.75
26.08.2021 00:59:00.465,1.1767100000000001,1.17668,0.75,0.75
26.08.2021 00:59:00.567,1.1767100000000001,1.17667,0.82,4.12
26.08.2021 00:59:00.669,1.1767200000000002,1.17668,0.75,1.57
26.08.2021 00:59:02.286,1.1767200000000002,1.17669,0.75,0.75
26.08.2021 00:59:03.059,1.17673,1.17669,1.2,0.75
26.08.2021 00:59:28.373,1.1767200000000002,1.17668,1.2,0.75
26.08.2021 01:00:00.428,1.1767100000000001,1.17667,0.82,0.75
26.08.2021 01:00:00.631,1.1767,1.17667,0.75,0.75
26.08.2021 01:00:01.781,1.17668,1.17665,0.82,0.75
26.08.2021 01:00:01.882,1.17667,1.1766400000000001,0.1,1.95
26.08.2021 01:00:02.034,1.17667,1.17663,0.82,0.82
26.08.2021 01:00:02.135,1.17666,1.17663,0.1,0.75
26.08.2021 01:00:02.237,1.17667,1.1766400000000001,0.1,0.75
26.08.2021 01:00:03.664,1.17666,1.1766200000000002,0.82,0.82
26.08.2021 01:00:07.044,1.17665,1.1766200000000002,0.75,0.82
26.08.2021 01:00:18.785,1.17665,1.17663,0.75,0.75
26.08.2021 01:00:18.836,1.17667,1.17663,0.82,1.95
26.08.2021 01:00:23.366,1.17669,1.17665,1.57,0.82
26.08.2021 01:00:28.385,1.17669,1.17666,0.1,0.75
26.08.2021 01:00:29.325,1.1767,1.17666,0.82,0.82
26.08.2021 01:00:38.620,1.17669,1.17666,0.26,0.75
26.08.2021 01:00:38.742,1.17667,1.1766400000000001,0.1,0.75
26.08.2021 01:00:39.197,1.17667,1.17663,3.45,0.82
26.08.2021 01:00:43.636,1.17663,1.1766100000000002,0.37,0.75
26.08.2021 01:00:43.788,1.1766100000000002,1.1766,0.45,1.95
26.08.2021 01:00:43.890,1.1766200000000002,1.17659,1.2,0.75
26.08.2021 01:00:43.991,1.1766100000000002,1.17658,0.82,0.75
26.08.2021 01:00:45.389,1.1766,1.17658,0.82,0.75
26.08.2021 01:00:47.563,1.1766,1.17659,0.82,0.75
26.08.2021 01:00:49.564,1.1766100000000002,1.1765700000000001,0.82,0.75
26.08.2021 01:00:54.034,1.1766100000000002,1.17658,0.75,0.75
26.08.2021 01:00:56.454,1.1766200000000002,1.17658,4.2,0.75
26.08.2021 01:01:05.749,1.1766100000000002,1.17658,0.75,0.75
26.08.2021 01:01:10.938,1.1766200000000002,1.17658,3,0.82
26.08.2021 01:01:11.040,1.17663,1.1766100000000002,0.45,0.75
26.08.2021 01:01:11.141,1.1766400000000001,1.1766100000000002,0.75,0.75
26.08.2021 01:01:11.243,1.17665,1.1766100000000002,2.77,0.75
26.08.2021 01:01:15.901,1.17665,1.1766200000000002,1.27,0.75
26.08.2021 01:01:18.697,1.1766400000000001,1.1766200000000002,0.1,0.75
26.08.2021 01:01:18.849,1.1766400000000001,1.1766100000000002,0.45,0.75
26.08.2021 01:01:20.851,1.1766200000000002,1.17659,0.1,0.75
26.08.2021 01:01:22.131,1.1766200000000002,1.17658,0.82,0.75
26.08.2021 01:01:31.523,1.1766100000000002,1.17658,0.19,0.75
26.08.2021 01:01:31.627,1.1766100000000002,1.17659,6.34,0.75
26.08.2021 01:01:36.564,1.1766100000000002,1.17658,0.75,0.1
26.08.2021 01:01:36.665,1.1766100000000002,1.1765700000000001,0.75,0.82
26.08.2021 01:01:38.549,1.17659,1.17656,2.25,0.75
26.08.2021 01:01:38.651,1.17658,1.17655,0.75,0.75
26.08.2021 01:01:38.753,1.17658,1.17654,3.82,0.75
26.08.2021 01:01:38.855,1.1765700000000001,1.17653,4.2,1.5
26.08.2021 01:01:39.110,1.1765700000000001,1.17655,1.95,0.82
26.08.2021 01:01:39.868,1.17659,1.17655,5.77,0.75
26.08.2021 01:01:41.789,1.17658,1.17655,0.45,0.75
26.08.2021 01:01:41.891,1.1765700000000001,1.17654,0.1,0.75
26.08.2021 01:01:50.153,1.1765700000000001,1.17653,3.9,1.5
26.08.2021 01:01:52.847,1.17654,1.1765100000000002,2.7,1.5
26.08.2021 01:01:52.898,1.17653,1.17649,0.82,6.07
26.08.2021 01:01:53.100,1.1765200000000002,1.17649,0.1,0.75
26.08.2021 01:01:55.609,1.17653,1.1765,0.82,0.75
26.08.2021 01:01:55.813,1.17654,1.1765,0.75,0.82
26.08.2021 01:01:58.010,1.17654,1.1765100000000002,0.75,0.75
26.08.2021 01:02:03.147,1.17655,1.1765100000000002,0.75,1.57
26.08.2021 01:02:03.299,1.17656,1.1765200000000002,5.4,0.75
26.08.2021 01:02:06.093,1.17655,1.1765200000000002,0.82,0.75
26.08.2021 01:02:06.195,1.17655,1.1765100000000002,1.01,0.75
26.08.2021 01:02:06.299,1.17653,1.17649,2.7,0.75
26.08.2021 01:02:06.451,1.1765200000000002,1.17649,0.1,0.75
26.08.2021 01:02:06.654,1.17653,1.17649,1.65,0.75
26.08.2021 01:02:06.755,1.17653,1.1765,0.45,0.75
26.08.2021 01:02:06.856,1.17654,1.1765,0.82,0.75
26.08.2021 01:02:06.958,1.17653,1.17649,1.95,1.5
26.08.2021 01:02:07.059,1.1765200000000002,1.17649,1.5,0.75
26.08.2021 01:02:07.211,1.1765,1.17648,0.75,2.51
26.08.2021 01:02:07.313,1.1765,1.1764700000000001,0.75,3.37
26.08.2021 01:02:07.414,1.1765100000000002,1.1764700000000001,0.82,0.75
26.08.2021 01:02:07.869,1.1765200000000002,1.1765,0.82,1.57
26.08.2021 01:02:08.022,1.17655,1.17653,0.37,0.75
26.08.2021 01:02:08.123,1.17655,1.17653,1.87,1.57
26.08.2021 01:02:08.225,1.17656,1.17653,0.75,0.75
26.08.2021 01:02:08.630,1.1765700000000001,1.17653,3.45,0.75
26.08.2021 01:02:08.732,1.17658,1.17656,0.82,0.75
26.08.2021 01:02:08.833,1.17658,1.1765700000000001,0.37,0.82
26.08.2021 01:02:08.934,1.1766,1.17656,0.75,0.82
26.08.2021 01:02:10.332,1.1766100000000002,1.1765700000000001,4.41,0.75
26.08.2021 01:02:16.039,1.1766100000000002,1.17658,0.82,0.75
26.08.2021 01:02:25.812,1.1766200000000002,1.17659,1.2,0.75
26.08.2021 01:02:26.029,1.17663,1.17659,1.2,0.75
26.08.2021 01:02:26.295,1.1766200000000002,1.1766100000000002,0.1,0.75
26.08.2021 01:02:26.397,1.1766400000000001,1.1766100000000002,1.57,0.75
26.08.2021 01:02:26.928,1.17665,1.1766100000000002,2.02,0.75
26.08.2021 01:02:29.928,1.17665,1.1766200000000002,0.75,0.75
26.08.2021 01:02:30.130,1.17665,1.1766400000000001,0.82,0.75
26.08.2021 01:02:30.982,1.17667,1.17663,5.02,0.75
26.08.2021 01:02:31.084,1.17666,1.1766200000000002,0.82,0.75
26.08.2021 01:02:41.454,1.17666,1.17663,0.82,0.75
26.08.2021 01:02:50.185,1.17667,1.17663,3.07,0.75
26.08.2021 01:02:52.153,1.17669,1.17666,1.57,0.75
26.08.2021 01:03:04.134,1.17669,1.17665,0.82,0.75
26.08.2021 01:03:04.908,1.17668,1.17665,0.75,0.75
26.08.2021 01:03:05.536,1.17667,1.1766400000000001,0.82,1.12
26.08.2021 01:03:05.637,1.17666,1.17663,0.75,1.5
26.08.2021 01:03:10.735,1.17666,1.1766200000000002,0.82,1.5
26.08.2021 01:03:10.888,1.17665,1.1766200000000002,0.1,0.75
26.08.2021 01:03:10.990,1.17666,1.1766200000000002,1.27,0.75
26.08.2021 01:03:11.091,1.17665,1.1766100000000002,0.75,1.95
26.08.2021 01:03:11.345,1.17665,1.1766200000000002,0.75,0.75
26.08.2021 01:03:11.447,1.17665,1.1766100000000002,0.82,1.87
26.08.2021 01:03:14.512,1.1766400000000001,1.1766100000000002,0.82,0.75
26.08.2021 01:03:19.234,1.1766200000000002,1.17659,0.82,0.75
26.08.2021 01:03:19.337,1.1766,1.17659,0.75,0.75
26.08.2021 01:03:26.305,1.1766100000000002,1.1765700000000001,3.9,0.75
26.08.2021 01:03:26.509,1.1766,1.17656,5.21,0.75
26.08.2021 01:03:26.611,1.17659,1.17656,0.45,0.75
26.08.2021 01:03:27.497,1.1766,1.17656,4.84,0.75
26.08.2021 01:03:27.598,1.17659,1.17656,0.37,0.75
26.08.2021 01:03:30.360,1.17658,1.17654,3.52,0.75
26.08.2021 01:03:44.154,1.1765700000000001,1.17654,0.75,0.75
26.08.2021 01:03:50.075,1.17656,1.17653,4.2,0.75
26.08.2021 01:03:50.126,1.17653,1.1765,0.75,10.5
26.08.2021 01:03:50.228,1.17653,1.1765100000000002,1.95,10.5
26.08.2021 01:03:53.887,1.17655,1.1765100000000002,1.65,0.75
26.08.2021 01:03:56.643,1.17656,1.1765200000000002,0.82,0.75
26.08.2021 01:04:03.298,1.17656,1.17653,0.75,0.75
26.08.2021 01:04:06.569,1.17658,1.17655,1.65,0.75
26.08.2021 01:04:22.945,1.17658,1.17654,0.82,1.5
26.08.2021 01:04:24.754,1.1766,1.17656,4.27,0.75
26.08.2021 01:04:25.954,1.17659,1.17655,3.07,0.75
26.08.2021 01:04:29.042,1.1765700000000001,1.17653,0.82,4.12
26.08.2021 01:04:29.144,1.17658,1.17654,3.34,0.75
26.08.2021 01:04:50.153,1.17658,1.17655,0.1,0.75
26.08.2021 01:04:51.031,1.17659,1.17655,3.9,0.75
26.08.2021 01:05:05.530,1.17659,1.17654,1.65,0.82
26.08.2021 01:05:09.774,1.17659,1.17655,0.82,0.75
26.08.2021 01:05:20.643,1.1765700000000001,1.17653,0.75,0.75
26.08.2021 01:05:21.497,1.17658,1.17653,3.34,0.75
26.08.2021 01:05:21.599,1.17656,1.17654,2.25,0.75
26.08.2021 01:05:21.889,1.17658,1.17653,4.46,0.75
26.08.2021 01:05:22.197,1.1765700000000001,1.17653,2.25,0.75
26.08.2021 01:05:22.423,1.17658,1.17653,4.46,0.75
26.08.2021 01:05:23.025,1.1765700000000001,1.17653,0.37,0.75
26.08.2021 01:05:23.232,1.17658,1.17655,1.12,0.75
26.08.2021 01:05:23.334,1.17658,1.17654,0.75,0.82
26.08.2021 01:05:23.435,1.17659,1.17655,2.32,0.75
26.08.2021 01:05:25.044,1.1766,1.17656,4.84,0.75
26.08.2021 01:05:52.828,1.1766100000000002,1.17656,4.84,0.75
26.08.2021 01:05:53.223,1.1766,1.17656,0.37,0.75
26.08.2021 01:06:20.365,1.17658,1.1765700000000001,0.75,0.75
26.08.2021 01:06:25.729,1.17658,1.17656,3.56,0.75
26.08.2021 01:06:27.594,1.17658,1.17655,0.75,0.75
26.08.2021 01:06:27.796,1.17658,1.17654,7.39,0.75
26.08.2021 01:06:31.546,1.1765700000000001,1.17653,0.75,0.75
26.08.2021 01:06:50.949,1.17655,1.17653,0.75,0.75
26.08.2021 01:06:51.269,1.17655,1.1765100000000002,0.75,0.75
26.08.2021 01:07:22.494,1.17653,1.17649,1.95,0.75
26.08.2021 01:07:22.595,1.1765200000000002,1.17648,2.14,0.75
26.08.2021 01:07:22.697,1.1765,1.17648,1.95,0.75
26.08.2021 01:07:22.798,1.17648,1.17645,1.57,0.75
26.08.2021 01:07:22.900,1.17649,1.17646,1.12,0.75
26.08.2021 01:07:31.405,1.17648,1.17644,2.32,0.75
26.08.2021 01:07:32.759,1.17646,1.17642,0.75,3.45
26.08.2021 01:07:32.861,1.17642,1.1764100000000002,1.2,1.2
26.08.2021 01:07:32.912,1.17642,1.17638,0.82,1.12
26.08.2021 01:07:34.775,1.1763700000000001,1.17635,2.7,1.57
26.08.2021 01:07:34.877,1.17638,1.17635,2.7,1.2
26.08.2021 01:07:34.978,1.1763700000000001,1.17634,0.1,0.75
26.08.2021 01:07:35.544,1.17638,1.17635,0.45,0.75
26.08.2021 01:07:35.646,1.17639,1.17636,0.1,0.75
26.08.2021 01:07:35.900,1.17638,1.17635,0.1,0.75
26.08.2021 01:07:36.966,1.1763700000000001,1.17635,3.45,0.75
26.08.2021 01:07:37.119,1.1763700000000001,1.17634,0.37,0.75
26.08.2021 01:07:38.512,1.1763700000000001,1.1763299999999999,4.95,0.75
26.08.2021 01:07:40.288,1.17638,1.17634,0.75,3.37
26.08.2021 01:07:40.393,1.17639,1.17635,3.07,0.75
26.08.2021 01:07:43.005,1.1763700000000001,1.1763299999999999,1.2,4.65
26.08.2021 01:07:43.393,1.17636,1.1763299999999999,0.1,0.75
26.08.2021 01:07:46.967,1.17636,1.17632,0.82,1.57
26.08.2021 01:07:48.753,1.17636,1.1763299999999999,0.82,0.75
26.08.2021 01:07:48.855,1.17635,1.1763299999999999,0.1,0.75
26.08.2021 01:07:52.120,1.17636,1.1763299999999999,0.75,0.75
26.08.2021 01:07:52.222,1.1763700000000001,1.1763299999999999,4.39,0.75
26.08.2021 01:08:00.926,1.1764100000000002,1.1763700000000001,1.95,0.75
26.08.2021 01:08:01.028,1.17642,1.17638,2.89,0.75
26.08.2021 01:08:10.909,1.1764100000000002,1.17638,0.45,0.75
26.08.2021 01:08:26.153,1.1764100000000002,1.1763700000000001,4.46,0.75
26.08.2021 01:08:31.337,1.17638,1.17635,2.7,1.5
26.08.2021 01:08:31.439,1.1763700000000001,1.17634,0.1,1.95
26.08.2021 01:08:31.540,1.17636,1.17634,1.01,0.75
26.08.2021 01:08:31.694,1.17636,1.1763299999999999,1.01,0.75
26.08.2021 01:08:55.519,1.17636,1.17634,1.39,0.75
26.08.2021 01:08:55.671,1.17638,1.17634,1.57,0.75
26.08.2021 01:08:56.127,1.1763700000000001,1.17634,0.1,0.75
26.08.2021 01:08:58.491,1.17638,1.17634,2.32,0.75
26.08.2021 01:08:58.956,1.1764000000000001,1.17636,2.96,0.75
26.08.2021 01:09:01.711,1.17639,1.17636,0.45,0.75
26.08.2021 01:09:05.423,1.1763700000000001,1.17634,0.1,0.75
26.08.2021 01:09:05.829,1.17636,1.1763299999999999,0.1,0.75
26.08.2021 01:09:06.032,1.17635,1.17632,0.1,0.75
26.08.2021 01:09:10.491,1.17634,1.17632,0.26,0.75
26.08.2021 01:09:10.593,1.17634,1.1763100000000002,0.26,0.75
26.08.2021 01:09:12.578,1.1763299999999999,1.17629,3.26,0.75
26.08.2021 01:09:12.679,1.17632,1.17629,2.32,0.75
26.08.2021 01:09:13.803,1.17632,1.17628,3.07,1.5
26.08.2021 01:09:18.037,1.1763100000000002,1.17628,0.1,1.5
26.08.2021 01:09:21.912,1.1763000000000001,1.17628,0.75,0.75
26.08.2021 01:09:23.486,1.17632,1.17628,1.2,1.5
26.08.2021 01:09:29.153,1.1763100000000002,1.17628,0.75,0.75
26.08.2021 01:09:42.943,1.17632,1.17628,4.2,1.5
26.08.2021 01:09:44.231,1.1763000000000001,1.17629,0.1,1.5
26.08.2021 01:09:53.570,1.1763000000000001,1.17628,0.1,0.75
26.08.2021 01:09:57.955,1.17629,1.17626,4.57,13.5
26.08.2021 01:09:58.057,1.1763000000000001,1.17626,1.39,14.25
26.08.2021 01:10:00.210,1.1763000000000001,1.17628,2.89,0.75
26.08.2021 01:10:00.312,1.17634,1.1763000000000001,4.27,0.75
26.08.2021 01:10:00.615,1.1763299999999999,1.1763000000000001,2.25,0.75
26.08.2021 01:10:00.781,1.17634,1.1763000000000001,3.26,0.75
26.08.2021 01:10:03.055,1.17634,1.1763100000000002,0.26,0.75
26.08.2021 01:10:03.156,1.17635,1.1763100000000002,3.07,0.75
26.08.2021 01:10:16.751,1.1763299999999999,1.1763000000000001,1.87,0.75
26.08.2021 01:10:16.852,1.1763299999999999,1.17629,2.32,1.12
26.08.2021 01:10:22.313,1.17632,1.17629,0.1,0.75
26.08.2021 01:10:24.592,1.1763299999999999,1.17629,1.57,0.75
26.08.2021 01:10:26.225,1.17634,1.1763000000000001,0.75,0.82
26.08.2021 01:10:32.154,1.17635,1.1763100000000002,2.89,0.75
26.08.2021 01:10:39.979,1.1763299999999999,1.1763000000000001,2.32,0.75
26.08.2021 01:10:41.863,1.17634,1.1763000000000001,0.75,1.95
26.08.2021 01:10:41.964,1.17634,1.17632,3.71,0.75
26.08.2021 01:10:42.117,1.17636,1.17632,3.82,0.75
26.08.2021 01:10:42.269,1.1763700000000001,1.1763299999999999,0.82,1.5
26.08.2021 01:10:45.924,1.1763700000000001,1.17634,0.1,0.75
26.08.2021 01:10:46.027,1.17638,1.17634,1.57,3.37
26.08.2021 01:10:46.128,1.17639,1.17635,0.75,3.82
26.08.2021 01:10:46.230,1.1764000000000001,1.17636,1.27,0.75
26.08.2021 01:10:47.568,1.1764100000000002,1.1763700000000001,3.64,0.75
26.08.2021 01:10:53.139,1.1764000000000001,1.17636,0.75,5.32
26.08.2021 01:10:54.672,1.1764000000000001,1.1763700000000001,0.75,2.62
26.08.2021 01:10:55.150,1.17639,1.1763700000000001,0.75,5.32
26.08.2021 01:10:55.602,1.1764100000000002,1.1763700000000001,0.82,0.75
26.08.2021 01:11:00.185,1.17639,1.17635,0.75,1.57
26.08.2021 01:11:11.154,1.1764000000000001,1.17635,4.27,1.57
26.08.2021 01:11:11.854,1.1764000000000001,1.17636,0.82,0.75
26.08.2021 01:11:17.645,1.1764100000000002,1.1763700000000001,0.82,0.75
26.08.2021 01:11:28.514,1.17643,1.17639,2.77,0.75
26.08.2021 01:11:32.347,1.17642,1.17639,0.1,0.75
26.08.2021 01:11:32.467,1.17642,1.1764000000000001,0.1,0.75
26.08.2021 01:11:32.518,1.17644,1.1764100000000002,0.1,0.75
26.08.2021 01:11:36.686,1.17644,1.17643,0.1,0.75
26.08.2021 01:11:36.787,1.17645,1.17642,0.1,0.75
26.08.2021 01:11:42.635,1.17646,1.17643,0.1,0.75
26.08.2021 01:11:42.737,1.1764700000000001,1.17643,0.82,0.75
26.08.2021 01:11:42.838,1.1764700000000001,1.17644,0.1,0.75
26.08.2021 01:12:08.084,1.1764700000000001,1.17645,0.1,0.75
26.08.2021 01:12:08.254,1.1764700000000001,1.17644,0.1,0.75
26.08.2021 01:12:18.437,1.17646,1.17644,0.1,0.75
26.08.2021 01:12:20.011,1.17645,1.17642,0.1,0.75
26.08.2021 01:12:20.112,1.17644,1.17642,0.1,0.75
26.08.2021 01:12:20.163,1.17643,1.1764000000000001,2.32,1.95
26.08.2021 01:12:20.264,1.17642,1.1764000000000001,0.1,0.75
26.08.2021 01:12:21.266,1.17642,1.17639,0.1,0.75
26.08.2021 01:12:21.317,1.17639,1.17638,0.1,1.5
26.08.2021 01:12:21.418,1.17639,1.1763700000000001,0.1,0.75
26.08.2021 01:12:24.447,1.1763700000000001,1.17635,0.1,0.75
26.08.2021 01:12:24.699,1.17639,1.17636,0.9,0.75
26.08.2021 01:12:24.851,1.1764000000000001,1.17636,0.82,1.5
26.08.2021 01:12:24.953,1.1764000000000001,1.1763700000000001,0.1,0.75
26.08.2021 01:12:29.153,1.1764000000000001,1.17638,0.82,0.75
26.08.2021 01:12:31.241,1.1764100000000002,1.17638,2.62,0.75
26.08.2021 01:12:31.344,1.17639,1.1763700000000001,0.1,0.75
26.08.2021 01:12:31.496,1.17639,1.17636,0.1,0.75
26.08.2021 01:12:32.016,1.17638,1.17635,1.57,0.75
26.08.2021 01:12:32.168,1.17638,1.17636,0.1,0.75
26.08.2021 01:12:33.476,1.17639,1.17636,0.1,0.75
26.08.2021 01:12:49.207,1.1764000000000001,1.17636,0.82,2.25
26.08.2021 01:12:49.308,1.1764000000000001,1.17638,0.1,0.75
26.08.2021 01:12:56.184,1.1764000000000001,1.1763700000000001,0.1,0.75
26.08.2021 01:13:00.119,1.1764100000000002,1.17638,0.1,0.75
26.08.2021 01:13:06.245,1.1764100000000002,1.17639,0.1,0.75
26.08.2021 01:13:06.347,1.17642,1.17639,0.82,0.75
26.08.2021 01:13:08.504,1.17643,1.1764100000000002,0.1,0.75
26.08.2021 01:13:08.832,1.1764100000000002,1.1764000000000001,0.75,1.5
26.08.2021 01:13:11.177,1.17642,1.17638,0.82,6.82
26.08.2021 01:13:11.288,1.1764100000000002,1.17638,0.75,0.75
26.08.2021 01:13:11.339,1.17639,1.1763700000000001,0.75,3.45
26.08.2021 01:13:11.441,1.17638,1.17636,0.75,0.75
26.08.2021 01:13:11.543,1.17636,1.17634,0.1,1.2
26.08.2021 01:13:11.644,1.1763700000000001,1.17632,0.82,9.07
26.08.2021 01:13:11.695,1.17635,1.17632,0.75,2.7
26.08.2021 01:13:15.486,1.1763700000000001,1.17634,0.75,3.37
26.08.2021 01:13:22.783,1.1763700000000001,1.1763299999999999,0.82,1.5
26.08.2021 01:13:22.886,1.17635,1.1763299999999999,0.75,5.7
26.08.2021 01:13:22.988,1.17636,1.17632,0.1,3.37
26.08.2021 01:13:23.089,1.17634,1.17632,0.75,0.75
26.08.2021 01:13:28.035,1.17635,1.17632,0.75,7.95
26.08.2021 01:13:28.158,1.1763700000000001,1.1763299999999999,0.82,0.75
26.08.2021 01:13:28.281,1.1763700000000001,1.17634,0.75,3.37
26.08.2021 01:13:42.502,1.17638,1.17635,0.75,0.1
26.08.2021 01:13:48.363,1.17638,1.17634,0.75,6.52
26.08.2021 01:13:49.316,1.17638,1.17635,0.75,1.2
26.08.2021 01:13:51.054,1.17639,1.17635,0.75,1.95
26.08.2021 01:13:54.063,1.17639,1.17636,0.75,0.75
26.08.2021 01:13:55.480,1.17638,1.17635,0.75,2.32
26.08.2021 01:13:55.684,1.17638,1.17634,0.82,0.75
26.08.2021 01:13:57.250,1.17636,1.17634,0.75,3.82
26.08.2021 01:13:58.616,1.17635,1.17632,0.75,4.2
26.08.2021 01:14:00.135,1.17636,1.17632,0.75,4.95
26.08.2021 01:14:01.334,1.17638,1.1763700000000001,1.57,0.82
26.08.2021 01:14:03.919,1.1764000000000001,1.1763700000000001,0.75,1.12
26.08.2021 01:14:04.020,1.1764100000000002,1.17638,0.75,0.1
26.08.2021 01:14:04.324,1.17643,1.17639,0.82,2.32
26.08.2021 01:14:06.369,1.17645,1.17642,1.87,0.1
26.08.2021 01:14:06.951,1.17645,1.17643,0.82,1.95
26.08.2021 01:14:10.301,1.17644,1.1764000000000001,0.75,5.32
26.08.2021 01:14:15.288,1.17648,1.17645,1.57,0.1
26.08.2021 01:14:16.399,1.17649,1.17645,0.82,0.82
26.08.2021 01:14:18.349,1.1764700000000001,1.17646,0.75,0.1
26.08.2021 01:14:22.666,1.1764700000000001,1.17644,0.75,0.1
26.08.2021 01:14:22.931,1.17648,1.17645,0.75,0.82
26.08.2021 01:14:23.033,1.1764700000000001,1.17644,0.75,3.45
26.08.2021 01:14:23.134,1.17649,1.17645,0.94,0.75
26.08.2021 01:14:28.448,1.17645,1.17643,0.75,1.2
26.08.2021 01:14:28.549,1.17645,1.1764100000000002,1.01,8.32
26.08.2021 01:14:28.600,1.17643,1.1764100000000002,0.82,7.5
26.08.2021 01:14:28.651,1.17642,1.17639,0.82,1.2
26.08.2021 01:14:28.752,1.17642,1.17638,1.01,2.32
26.08.2021 01:14:28.854,1.1764100000000002,1.17638,0.26,0.75
26.08.2021 01:14:28.955,1.1764100000000002,1.1763700000000001,1.01,1.57
26.08.2021 01:14:34.414,1.17643,1.17639,1.57,0.82
26.08.2021 01:14:34.515,1.17642,1.17639,0.75,0.1
26.08.2021 01:14:34.925,1.17642,1.17638,0.82,4.2
26.08.2021 01:14:37.050,1.1764100000000002,1.1763700000000001,0.82,1.57
26.08.2021 01:14:37.151,1.1764000000000001,1.1763700000000001,0.1,1.5
26.08.2021 01:14:38.430,1.1764000000000001,1.17636,1.01,1.57
26.08.2021 01:14:38.532,1.1764000000000001,1.1763700000000001,0.1,0.75
26.08.2021 01:14:38.633,1.1764100000000002,1.1763700000000001,0.94,0.75
26.08.2021 01:14:43.596,1.17639,1.1763700000000001,0.1,0.75
26.08.2021 01:14:43.646,1.17638,1.17635,2.25,0.1
26.08.2021 01:14:43.899,1.1763700000000001,1.17635,0.82,1.57
26.08.2021 01:14:51.452,1.17638,1.17635,0.82,0.75
26.08.2021 01:14:51.554,1.17638,1.17634,2.51,4.2
26.08.2021 01:14:57.594,1.1763700000000001,1.17634,0.75,0.75
26.08.2021 01:14:57.702,1.17638,1.17635,0.75,0.75
26.08.2021 01:14:57.803,1.17639,1.17635,0.75,0.75
26.08.2021 01:15:00.740,1.17638,1.17634,2.44,3.37
26.08.2021 01:15:00.841,1.17636,1.17635,0.75,1.5
26.08.2021 01:15:01.646,1.17636,1.17634,1.12,1.5
26.08.2021 01:15:01.696,1.17634,1.17632,1.12,0.75
26.08.2021 01:15:01.748,1.17632,1.1763000000000001,0.94,3.75
26.08.2021 01:15:01.849,1.1763100000000002,1.17628,0.75,0.75
26.08.2021 01:15:01.951,1.1763100000000002,1.1762700000000001,0.75,1.5
26.08.2021 01:15:02.611,1.1763100000000002,1.17628,0.75,0.75
26.08.2021 01:15:13.289,1.1763100000000002,1.1762700000000001,0.75,1.57
26.08.2021 01:15:33.028,1.17632,1.17628,1.39,0.75
26.08.2021 01:15:35.451,1.1763299999999999,1.1763000000000001,1.12,1.2
26.08.2021 01:15:35.554,1.17634,1.1763000000000001,0.82,0.82
26.08.2021 01:15:35.656,1.17635,1.17632,1.31,0.75
26.08.2021 01:15:35.910,1.17634,1.17632,3.19,0.75
26.08.2021 01:15:36.827,1.1763700000000001,1.1763299999999999,1.57,0.82
26.08.2021 01:15:36.930,1.1763700000000001,1.17634,0.82,0.75
26.08.2021 01:15:37.032,1.17638,1.17634,0.82,0.82
26.08.2021 01:15:38.537,1.1763700000000001,1.17634,0.75,0.75
26.08.2021 01:15:39.887,1.1763700000000001,1.1763299999999999,1.76,0.75
26.08.2021 01:15:44.255,1.17635,1.17632,0.1,1.5
26.08.2021 01:15:44.356,1.17634,1.1763100000000002,0.82,0.75
26.08.2021 01:15:51.491,1.17635,1.1763100000000002,1.01,2.77
26.08.2021 01:15:51.593,1.17635,1.17632,0.1,1.12
26.08.2021 01:15:53.765,1.17636,1.1763299999999999,0.82,0.75
26.08.2021 01:16:15.624,1.17638,1.17634,2.14,2.4
26.08.2021 01:16:15.726,1.17638,1.17635,1.76,0.75
26.08.2021 01:16:21.561,1.1764000000000001,1.17636,3.82,0.82
26.08.2021 01:16:21.713,1.1764000000000001,1.1763700000000001,0.82,0.75
26.08.2021 01:16:21.814,1.1764100000000002,1.1763700000000001,0.82,0.82
26.08.2021 01:16:21.915,1.17642,1.17638,1.5,0.75
26.08.2021 01:16:22.117,1.1764000000000001,1.17639,0.1,0.75
26.08.2021 01:16:22.594,1.1764100000000002,1.1763700000000001,0.82,2.4
26.08.2021 01:16:22.876,1.1764100000000002,1.17638,0.1,0.75
26.08.2021 01:16:22.977,1.17642,1.17639,0.82,0.75
26.08.2021 01:16:27.245,1.17642,1.1764000000000001,0.82,2.4
26.08.2021 01:16:31.426,1.17642,1.1764100000000002,0.1,2.32
26.08.2021 01:16:34.399,1.17644,1.1764000000000001,0.75,2.32
26.08.2021 01:16:38.256,1.17645,1.17642,0.82,0.75
26.08.2021 01:16:42.218,1.17646,1.17642,0.82,0.82
26.08.2021 01:16:43.256,1.17646,1.17643,0.82,0.75
26.08.2021 01:16:44.213,1.1764700000000001,1.17644,1.5,0.75
26.08.2021 01:16:44.365,1.17648,1.17644,3.07,0.82
26.08.2021 01:16:44.516,1.17648,1.17645,0.82,0.75
26.08.2021 01:16:44.618,1.1764700000000001,1.17644,0.75,2.02
26.08.2021 01:16:45.488,1.17648,1.17644,0.82,0.82
26.08.2021 01:16:45.590,1.1764700000000001,1.17646,0.82,0.75
26.08.2021 01:16:45.691,1.17649,1.17645,0.82,0.82
26.08.2021 01:16:48.309,1.1765,1.17646,1.57,0.82
26.08.2021 01:16:50.088,1.17648,1.17645,0.82,2.32
26.08.2021 01:16:50.189,1.1764700000000001,1.17645,1.57,1.2
26.08.2021 01:16:50.240,1.1764700000000001,1.17643,1.57,3.52
26.08.2021 01:16:50.494,1.17646,1.17643,0.75,2.4
26.08.2021 01:16:52.017,1.17646,1.17642,0.82,2.4
26.08.2021 01:16:52.119,1.17645,1.1764100000000002,1.57,2.02
26.08.2021 01:16:52.462,1.17643,1.17642,0.1,0.75
26.08.2021 01:17:01.436,1.17644,1.1764000000000001,0.82,0.82
26.08.2021 01:17:20.761,1.17643,1.17639,4.95,0.75
26.08.2021 01:17:25.851,1.17642,1.17639,0.82,0.75
26.08.2021 01:17:26.009,1.1764100000000002,1.1763700000000001,0.75,0.75
26.08.2021 01:17:28.896,1.1764000000000001,1.1763700000000001,0.75,0.75
26.08.2021 01:17:32.558,1.1764000000000001,1.17636,0.82,1.87
26.08.2021 01:17:34.715,1.1764000000000001,1.17638,1.01,0.75
26.08.2021 01:17:34.867,1.1764100000000002,1.17638,0.82,0.75
26.08.2021 01:17:48.116,1.1764100000000002,1.1763700000000001,0.82,4.5
26.08.2021 01:17:57.872,1.1764000000000001,1.1763700000000001,0.75,0.75
26.08.2021 01:18:12.877,1.1764100000000002,1.1763700000000001,1.01,0.75
26.08.2021 01:18:12.978,1.1764100000000002,1.17638,0.82,0.75
26.08.2021 01:18:14.506,1.17642,1.17638,2.62,0.75
26.08.2021 01:18:18.955,1.1764100000000002,1.17638,0.75,0.75
26.08.2021 01:18:24.390,1.17642,1.17638,0.75,0.75
26.08.2021 01:18:24.491,1.17643,1.17639,1.57,0.75
26.08.2021 01:18:24.593,1.17642,1.1764100000000002,0.75,0.75
26.08.2021 01:18:45.165,1.17644,1.1764000000000001,0.75,0.75
26.08.2021 01:18:46.357,1.17643,1.17639,0.82,4.95
26.08.2021 01:18:46.459,1.17643,1.1764000000000001,0.1,0.75
26.08.2021 01:18:48.855,1.17643,1.17639,0.82,0.75
26.08.2021 01:18:53.379,1.1764100000000002,1.17638,0.82,0.75
26.08.2021 01:18:53.480,1.1764000000000001,1.1763700000000001,0.75,1.95
26.08.2021 01:18:57.054,1.1764100000000002,1.1763700000000001,0.82,0.75
26.08.2021 01:19:01.565,1.1764100000000002,1.17638,0.75,0.75
26.08.2021 01:19:03.593,1.17642,1.17638,3.75,0.75
26.08.2021 01:19:03.695,1.1764100000000002,1.1764000000000001,0.75,2.25
26.08.2021 01:19:03.796,1.17643,1.1764000000000001,0.75,0.75
26.08.2021 01:19:07.108,1.17642,1.17639,1.5,0.75
26.08.2021 01:19:07.209,1.17642,1.17638,3.75,2.7
26.08.2021 01:19:20.934,1.17643,1.17639,1.5,1.87
26.08.2021 01:19:21.035,1.17643,1.1764000000000001,0.75,0.75
26.08.2021 01:19:22.892,1.17643,1.17642,1.5,0.75
26.08.2021 01:19:23.044,1.17644,1.1764000000000001,3.07,0.75
26.08.2021 01:19:23.247,1.17644,1.1764100000000002,0.75,0.75
26.08.2021 01:19:23.348,1.17645,1.1764100000000002,1.01,0.75
26.08.2021 01:19:23.601,1.17645,1.17642,0.75,0.75
26.08.2021 01:19:26.750,1.17645,1.17643,1.39,0.75
26.08.2021 01:19:26.852,1.17646,1.17643,0.75,0.75
26.08.2021 01:19:27.397,1.1764700000000001,1.17643,5.32,0.75
26.08.2021 01:19:47.363,1.17646,1.17643,0.75,0.75
26.08.2021 01:19:52.937,1.17646,1.17642,0.75,5.77
26.08.2021 01:19:53.038,1.1764700000000001,1.17643,0.75,0.75
26.08.2021 01:19:53.139,1.17648,1.17644,0.75,0.75
26.08.2021 01:19:53.241,1.17649,1.17645,0.75,5.62
26.08.2021 01:19:53.393,1.1765,1.17646,0.75,0.75
26.08.2021 01:19:54.272,1.1765,1.1764700000000001,0.75,2.62
26.08.2021 01:19:54.374,1.1765200000000002,1.17648,0.82,0.75
26.08.2021 01:19:56.155,1.1765100000000002,1.17648,0.75,0.75
26.08.2021 01:20:01.563,1.1765,1.17648,0.75,1.5
26.08.2021 01:20:06.586,1.1765200000000002,1.17649,0.75,0.75
26.08.2021 01:20:06.687,1.1765200000000002,1.17648,0.75,1.57
26.08.2021 01:20:12.028,1.1765100000000002,1.17648,0.75,0.75
26.08.2021 01:20:12.664,1.1765200000000002,1.17648,2.25,0.82
26.08.2021 01:20:15.525,1.1765100000000002,1.17648,0.75,0.75
26.08.2021 01:20:19.254,1.1765200000000002,1.17648,2.51,0.75
26.08.2021 01:20:22.437,1.1765100000000002,1.1764700000000001,0.75,1.57
26.08.2021 01:20:23.883,1.1765,1.17646,0.75,2.4
26.08.2021 01:20:23.984,1.17648,1.1764700000000001,0.82,0.75
26.08.2021 01:20:24.086,1.17648,1.17644,0.75,0.82
26.08.2021 01:20:25.185,1.1764700000000001,1.17644,0.75,0.75
26.08.2021 01:20:25.504,1.1764700000000001,1.17643,0.75,0.82
26.08.2021 01:20:26.706,1.17646,1.17645,0.75,0.1
26.08.2021 01:20:26.807,1.17648,1.17644,1.5,0.82
26.08.2021 01:20:29.756,1.1764700000000001,1.17644,0.75,0.82
26.08.2021 01:20:29.858,1.1764700000000001,1.17643,0.82,1.95
26.08.2021 01:20:32.168,1.17646,1.17642,0.75,3.45
26.08.2021 01:20:36.871,1.17644,1.1764000000000001,1.5,4.2
26.08.2021 01:20:36.973,1.17643,1.17639,1.01,1.12
26.08.2021 01:20:37.074,1.17642,1.17638,0.82,1.95
26.08.2021 01:21:00.610,1.17644,1.1764100000000002,2.32,0.75
26.08.2021 01:21:00.762,1.17645,1.17642,0.56,0.82
26.08.2021 01:21:00.864,1.17646,1.17642,2.32,0.82
26.08.2021 01:21:01.037,1.17645,1.17642,1.12,0.1
26.08.2021 01:21:01.875,1.17644,1.1764100000000002,3.82,0.75
26.08.2021 01:21:01.976,1.17642,1.17639,0.82,0.75
26.08.2021 01:21:02.078,1.17643,1.17639,1.2,2.7
26.08.2021 01:21:10.507,1.17642,1.17638,0.82,0.82
26.08.2021 01:21:10.658,1.1764100000000002,1.1763700000000001,1.2,1.57
26.08.2021 01:21:13.257,1.1764000000000001,1.1763700000000001,0.37,1.57
26.08.2021 01:21:13.358,1.17638,1.17634,0.82,2.32
26.08.2021 01:21:13.459,1.1763700000000001,1.17634,0.75,3.45
26.08.2021 01:21:30.304,1.17635,1.17632,0.75,4.2
26.08.2021 01:21:37.693,1.17635,1.1763299999999999,0.82,1.57
26.08.2021 01:21:38.314,1.17636,1.1763299999999999,0.82,0.75
26.08.2021 01:21:41.008,1.17638,1.17635,0.82,0.75
26.08.2021 01:21:44.154,1.17638,1.17636,2.14,0.82
26.08.2021 01:21:55.708,1.17639,1.17636,0.75,0.82
26.08.2021 01:21:55.961,1.17638,1.17635,0.75,1.57
26.08.2021 01:21:57.073,1.17639,1.17635,0.82,1.57
26.08.2021 01:22:09.635,1.17638,1.1763700000000001,0.75,1.57
26.08.2021 01:22:09.736,1.1764000000000001,1.1763700000000001,0.75,0.75
26.08.2021 01:22:16.959,1.1764100000000002,1.1763700000000001,0.75,1.5
26.08.2021 01:22:17.201,1.17642,1.17638,4.2,0.75
26.08.2021 01:22:35.759,1.1764100000000002,1.1763700000000001,0.75,1.5
26.08.2021 01:22:43.855,1.1764100000000002,1.17638,0.75,0.75
26.08.2021 01:22:45.243,1.1764100000000002,1.1763700000000001,0.75,0.75
26.08.2021 01:22:55.874,1.1764100000000002,1.17638,0.75,0.75
26.08.2021 01:22:57.613,1.1764100000000002,1.17639,6.26,0.75
26.08.2021 01:23:00.574,1.1764100000000002,1.17638,2.25,0.75
26.08.2021 01:23:01.056,1.17642,1.17638,5.89,0.75
26.08.2021 01:23:02.183,1.1764000000000001,1.17638,0.75,0.75
26.08.2021 01:23:05.930,1.1764000000000001,1.1763700000000001,0.1,0.75
26.08.2021 01:23:06.183,1.1764000000000001,1.17636,3.07,0.82
26.08.2021 01:23:06.285,1.17638,1.17634,0.82,4.65
26.08.2021 01:23:06.488,1.1763700000000001,1.17634,0.75,0.75
26.08.2021 01:23:11.736,1.1763700000000001,1.1763299999999999,3.75,0.75
26.08.2021 01:23:11.838,1.17636,1.17632,3.75,0.75
26.08.2021 01:23:11.939,1.17635,1.17632,0.1,0.75
26.08.2021 01:23:16.055,1.17634,1.1763100000000002,0.37,0.82
26.08.2021 01:23:16.157,1.17634,1.1763000000000001,1.57,1.2
26.08.2021 01:23:18.193,1.17635,1.1763100000000002,1.57,0.82
26.08.2021 01:23:34.121,1.17636,1.17634,2.7,0.82
26.08.2021 01:23:43.064,1.17636,1.1763299999999999,0.82,0.75
26.08.2021 01:23:43.446,1.17635,1.17632,0.1,0.75
26.08.2021 01:23:47.011,1.17634,1.1763100000000002,0.1,0.75
26.08.2021 01:23:53.715,1.17635,1.1763100000000002,4.57,0.82
26.08.2021 01:23:54.069,1.17636,1.17632,0.75,0.75
26.08.2021 01:23:55.087,1.1763700000000001,1.1763299999999999,3.19,0.75
26.08.2021 01:23:57.805,1.17635,1.17632,0.82,2.62
26.08.2021 01:23:57.906,1.17635,1.1763100000000002,0.82,0.82
26.08.2021 01:24:04.782,1.17635,1.17632,0.82,0.75
26.08.2021 01:24:04.886,1.17636,1.17632,1.5,0.82
26.08.2021 01:24:08.887,1.17636,1.1763299999999999,0.75,0.75
26.08.2021 01:24:09.140,1.1763700000000001,1.17634,0.94,0.75
26.08.2021 01:24:14.866,1.17638,1.17635,1.12,0.75
26.08.2021 01:24:15.069,1.17639,1.17635,0.75,0.82
26.08.2021 01:24:15.235,1.17639,1.17636,0.75,0.75
26.08.2021 01:24:17.311,1.17639,1.17635,1.2,0.75
26.08.2021 01:24:17.463,1.17638,1.17635,0.37,0.75
26.08.2021 01:24:17.710,1.17638,1.17636,0.82,0.75
26.08.2021 01:24:22.147,1.1763700000000001,1.17635,3.07,0.75
26.08.2021 01:24:27.356,1.1763700000000001,1.17634,0.75,0.75
26.08.2021 01:24:41.079,1.1763700000000001,1.17635,0.75,2.32
26.08.2021 01:24:41.180,1.17639,1.17636,1.57,0.75
26.08.2021 01:24:41.282,1.17638,1.17636,1.57,0.75
26.08.2021 01:24:44.490,1.17639,1.17636,0.75,1.57
26.08.2021 01:24:44.591,1.1764000000000001,1.17636,1.12,1.57
26.08.2021 01:24:49.204,1.1764000000000001,1.1763700000000001,0.75,0.75
26.08.2021 01:24:50.679,1.1764100000000002,1.1763700000000001,4.2,1.5
26.08.2021 01:24:56.086,1.1764000000000001,1.1763700000000001,0.75,0.75
26.08.2021 01:25:04.597,1.1764000000000001,1.17636,0.75,2.32
26.08.2021 01:25:08.893,1.1764000000000001,1.1763700000000001,0.75,0.75
26.08.2021 01:25:11.998,1.17642,1.17638,3.64,0.75
26.08.2021 01:25:52.473,1.17642,1.17639,0.75,0.75
26.08.2021 01:25:54.456,1.17643,1.17639,3.07,0.75
26.08.2021 01:25:55.572,1.17642,1.17639,2.32,0.75
26.08.2021 01:25:55.693,1.17642,1.17638,3.07,0.75
26.08.2021 01:26:00.261,1.17643,1.1764000000000001,0.75,0.75
26.08.2021 01:26:05.191,1.17643,1.1764100000000002,3.82,0.75
26.08.2021 01:26:06.513,1.17645,1.1764100000000002,0.75,1.57
26.08.2021 01:26:09.086,1.17646,1.17642,0.82,0.75
26.08.2021 01:26:13.851,1.17645,1.17642,0.75,0.75
26.08.2021 01:26:26.656,1.17646,1.17643,0.82,0.75
26.08.2021 01:26:37.417,1.17645,1.17642,0.82,0.75
26.08.2021 01:26:38.033,1.17643,1.1764000000000001,2.32,0.75
26.08.2021 01:26:38.135,1.1764100000000002,1.17639,0.1,1.2
26.08.2021 01:26:38.236,1.1764100000000002,1.17638,0.1,0.75
26.08.2021 01:26:39.913,1.17638,1.17636,1.5,0.82
26.08.2021 01:26:39.965,1.17636,1.17634,1.5,1.57
26.08.2021 01:26:40.015,1.17638,1.17635,1.2,0.75
26.08.2021 01:26:40.117,1.17636,1.17634,0.1,1.2
26.08.2021 01:26:40.219,1.1763700000000001,1.1763299999999999,0.82,0.75
26.08.2021 01:26:40.370,1.1763700000000001,1.17634,0.1,0.75
26.08.2021 01:26:41.002,1.17636,1.17634,0.75,0.75
26.08.2021 01:26:41.105,1.17635,1.17632,0.82,0.75
26.08.2021 01:26:41.308,1.17636,1.17632,1.2,3.37
26.08.2021 01:26:41.512,1.17636,1.1763299999999999,0.75,0.75
26.08.2021 01:26:41.665,1.1763700000000001,1.1763299999999999,1.2,0.75
26.08.2021 01:26:41.970,1.17636,1.1763299999999999,0.82,0.75
26.08.2021 01:26:42.326,1.17636,1.17632,3.07,2.7
26.08.2021 01:26:42.618,1.1763700000000001,1.1763299999999999,1.2,0.75
26.08.2021 01:26:43.190,1.1763700000000001,1.17634,0.75,0.75
26.08.2021 01:26:43.291,1.17638,1.17634,1.2,0.75
26.08.2021 01:26:43.564,1.17636,1.17634,0.75,0.75
26.08.2021 01:26:43.615,1.17635,1.17632,0.82,2.32
26.08.2021 01:26:44.779,1.17635,1.1763299999999999,0.1,0.75
26.08.2021 01:26:45.094,1.17635,1.17632,0.1,0.75
26.08.2021 01:26:45.449,1.17636,1.1763299999999999,0.82,0.75
26.08.2021 01:26:45.607,1.17636,1.17632,0.82,0.82
26.08.2021 01:26:45.709,1.17636,1.1763299999999999,0.1,0.75
26.08.2021 01:26:49.493,1.17635,1.1763100000000002,0.82,2.4
26.08.2021 01:26:49.594,1.17635,1.17632,3.07,0.75
26.08.2021 01:26:51.818,1.17634,1.1763100000000002,1.2,0.75
26.08.2021 01:27:00.423,1.1763299999999999,1.1763100000000002,1.57,1.57
26.08.2021 01:27:17.127,1.1763299999999999,1.1763000000000001,0.75,1.57
26.08.2021 01:27:27.430,1.17634,1.1763100000000002,0.82,0.75
26.08.2021 01:27:27.689,1.17635,1.1763100000000002,0.82,3.15
26.08.2021 01:27:27.832,1.17634,1.1763100000000002,0.75,2.77
26.08.2021 01:27:27.934,1.17635,1.1763100000000002,0.82,1.95
26.08.2021 01:27:40.458,1.17634,1.1763000000000001,3.45,0.82
26.08.2021 01:27:40.661,1.17634,1.1763100000000002,3.45,0.75
26.08.2021 01:27:40.763,1.1763299999999999,1.1763100000000002,3.45,2.02
26.08.2021 01:27:47.392,1.1763299999999999,1.1763000000000001,0.75,0.82
26.08.2021 01:27:54.272,1.17634,1.1763000000000001,1.2,0.82
26.08.2021 01:27:54.373,1.17634,1.1763100000000002,0.82,0.75
26.08.2021 01:28:09.630,1.17635,1.1763100000000002,0.75,1.5
26.08.2021 01:28:17.256,1.17634,1.1763100000000002,0.1,0.75
26.08.2021 01:28:25.891,1.17634,1.1763000000000001,1.2,0.82
26.08.2021 01:28:25.992,1.17634,1.1763100000000002,3.45,0.75
26.08.2021 01:28:33.576,1.17635,1.1763100000000002,0.82,0.82
26.08.2021 01:28:33.679,1.17635,1.17632,0.75,0.75
26.08.2021 01:28:33.781,1.17636,1.17632,1.87,0.75
26.08.2021 01:28:34.038,1.17636,1.1763299999999999,1.87,0.75
26.08.2021 01:28:34.140,1.17636,1.17634,3.82,0.75
26.08.2021 01:28:38.824,1.17636,1.1763299999999999,0.75,0.75
26.08.2021 01:28:38.926,1.17636,1.17632,0.75,2.32
26.08.2021 01:28:39.654,1.17636,1.1763299999999999,0.75,0.75
26.08.2021 01:28:49.802,1.1763700000000001,1.17634,4.39,0.75
26.08.2021 01:28:51.648,1.17639,1.17635,0.82,1.76
26.08.2021 01:28:51.749,1.17639,1.17636,0.75,1.57
26.08.2021 01:28:51.902,1.1764000000000001,1.17636,0.82,1.57
26.08.2021 01:28:52.483,1.1764000000000001,1.1763700000000001,0.82,0.75
26.08.2021 01:28:55.445,1.1764100000000002,1.1763700000000001,0.82,3.45
26.08.2021 01:28:55.597,1.1764100000000002,1.17638,0.1,0.75
26.08.2021 01:29:00.093,1.1764100000000002,1.17639,0.1,0.75
26.08.2021 01:29:08.007,1.17642,1.17639,0.75,0.75
26.08.2021 01:29:10.112,1.17643,1.17639,4.39,0.75
26.08.2021 01:29:10.214,1.17643,1.1764000000000001,0.82,1.5
26.08.2021 01:29:12.868,1.17644,1.1764100000000002,0.75,1.57
26.08.2021 01:29:12.970,1.17646,1.17642,3.82,0.82
26.08.2021 01:29:15.137,1.17646,1.17643,0.82,0.75
26.08.2021 01:29:15.445,1.17646,1.17642,0.82,1.57
26.08.2021 01:29:15.901,1.17645,1.17642,0.75,1.57
26.08.2021 01:29:16.002,1.17646,1.17642,0.82,1.57
26.08.2021 01:29:16.103,1.17645,1.17642,0.75,1.57
26.08.2021 01:29:18.634,1.17644,1.1764000000000001,0.82,1.57
26.08.2021 01:29:18.735,1.17644,1.1764100000000002,0.82,0.75
26.08.2021 01:29:18.837,1.17644,1.1764000000000001,0.82,3.15
26.08.2021 01:29:38.205,1.17643,1.1764000000000001,0.82,1.5
26.08.2021 01:29:38.307,1.1764100000000002,1.1764000000000001,0.75,0.82
26.08.2021 01:29:48.053,1.17642,1.17638,0.75,1.5
26.08.2021 01:30:00.357,1.17642,1.17639,0.75,1.87
26.08.2021 01:30:00.459,1.17644,1.1764100000000002,0.75,0.75
26.08.2021 01:30:00.560,1.17645,1.1764100000000002,0.75,3.07
26.08.2021 01:30:00.662,1.17644,1.1764100000000002,0.75,1.95
26.08.2021 01:30:00.864,1.17643,1.17639,0.75,4.76
26.08.2021 01:30:02.576,1.17644,1.1764000000000001,1.12,0.75
26.08.2021 01:30:03.390,1.17643,1.17639,0.75,2.25
26.08.2021 01:30:07.144,1.1764100000000002,1.1764000000000001,0.1,0.75
26.08.2021 01:30:07.833,1.17644,1.1764000000000001,1.2,0.82
26.08.2021 01:30:11.169,1.17644,1.1764100000000002,0.82,0.75
26.08.2021 01:30:13.886,1.17643,1.1764000000000001,1.2,0.75
26.08.2021 01:30:17.205,1.17642,1.17639,2.32,0.75
26.08.2021 01:30:18.303,1.17643,1.1764000000000001,0.82,0.75
26.08.2021 01:30:28.237,1.17643,1.1764100000000002,0.1,0.75
26.08.2021 01:30:31.080,1.17644,1.1764100000000002,0.82,0.75
26.08.2021 01:30:40.151,1.17643,1.17639,3.82,1.5
26.08.2021 01:30:40.303,1.17642,1.17639,2.25,0.75
26.08.2021 01:30:47.710,1.17643,1.17639,3,1.57
26.08.2021 01:30:51.970,1.17644,1.1764000000000001,1.87,0.75
26.08.2021 01:30:55.434,1.17643,1.17639,1.12,3.45
26.08.2021 01:30:56.340,1.17644,1.1764000000000001,1.95,0.75
26.08.2021 01:30:56.450,1.17644,1.1764100000000002,1.87,0.75
26.08.2021 01:31:11.837,1.17645,1.17642,0.75,0.75
26.08.2021 01:31:11.938,1.17646,1.17643,1.5,0.75
26.08.2021 01:31:15.200,1.17646,1.17642,1.5,0.75
26.08.2021 01:31:15.352,1.1764700000000001,1.17644,1.95,0.75
26.08.2021 01:31:17.560,1.17648,1.17644,1.57,1.57
26.08.2021 01:31:17.712,1.1764700000000001,1.17644,2.25,0.82
26.08.2021 01:31:25.451,1.1764700000000001,1.17645,0.1,0.75
26.08.2021 01:31:25.552,1.17648,1.17645,1.57,0.75
26.08.2021 01:31:26.159,1.17649,1.17645,1.12,2.7
26.08.2021 01:31:26.311,1.17648,1.17644,0.82,2.02
26.08.2021 01:31:26.900,1.1764700000000001,1.17644,0.1,0.75
26.08.2021 01:31:28.844,1.1764700000000001,1.17646,0.1,0.75
26.08.2021 01:31:31.316,1.17648,1.17644,0.82,0.82
26.08.2021 01:31:31.902,1.1764700000000001,1.17644,0.75,0.75
26.08.2021 01:31:39.117,1.17648,1.17644,3.45,0.75
26.08.2021 01:31:41.108,1.1764700000000001,1.17644,0.37,0.75
26.08.2021 01:31:42.923,1.17648,1.17644,3.82,0.75
26.08.2021 01:31:46.425,1.1764700000000001,1.17644,0.75,0.75
26.08.2021 01:31:58.791,1.1764700000000001,1.17643,0.75,0.75
26.08.2021 01:31:59.526,1.17644,1.17643,0.75,4.27
26.08.2021 01:31:59.627,1.17646,1.17643,0.1,0.75
26.08.2021 01:32:00.912,1.17645,1.17643,0.1,0.75
26.08.2021 01:32:00.963,1.17645,1.1764100000000002,1.57,4.27
26.08.2021 01:32:01.064,1.17645,1.17642,1.57,0.75
26.08.2021 01:32:01.318,1.17643,1.1764000000000001,0.75,0.1
26.08.2021 01:32:02.347,1.17643,1.17639,0.82,1.57
26.08.2021 01:32:02.702,1.17642,1.1764100000000002,0.1,0.75
26.08.2021 01:32:02.854,1.17643,1.1764100000000002,0.82,1.57
26.08.2021 01:32:04.018,1.17645,1.1764100000000002,1.5,1.5
26.08.2021 01:32:09.243,1.17643,1.17639,0.82,7.27
26.08.2021 01:32:10.657,1.17643,1.1764000000000001,0.1,1.5
26.08.2021 01:32:11.213,1.17643,1.17639,0.82,1.57
26.08.2021 01:32:11.365,1.1764000000000001,1.1763700000000001,1.57,1.57
26.08.2021 01:32:11.567,1.1764000000000001,1.17636,1.95,2.32
26.08.2021 01:32:11.719,1.17639,1.17636,0.75,1.2
26.08.2021 01:32:12.071,1.1764000000000001,1.17636,1.57,3.07
26.08.2021 01:32:13.255,1.17639,1.17636,0.75,1.57
26.08.2021 01:32:23.953,1.1764000000000001,1.1763700000000001,0.82,0.75
26.08.2021 01:32:24.054,1.1764100000000002,1.1763700000000001,2.25,0.94
26.08.2021 01:32:24.155,1.1764100000000002,1.17639,4.2,0.75
26.08.2021 01:32:26.144,1.17643,1.17639,4.2,0.75
26.08.2021 01:32:35.333,1.17642,1.17639,0.75,0.75
26.08.2021 01:32:38.667,1.1764000000000001,1.17638,0.82,1.57
26.08.2021 01:32:38.769,1.17638,1.1763700000000001,1.57,2.32
26.08.2021 01:32:38.870,1.17639,1.17635,3.07,11.02
26.08.2021 01:32:38.971,1.1764000000000001,1.17636,1.2,1.95
26.08.2021 01:32:39.073,1.17639,1.17636,1.5,2.02
26.08.2021 01:32:41.841,1.1764000000000001,1.17636,1.87,0.75
26.08.2021 01:32:44.511,1.17639,1.17635,2.32,2.59
26.08.2021 01:32:44.763,1.17639,1.17636,0.82,0.75
26.08.2021 01:32:44.864,1.17638,1.17636,2.7,3.34
26.08.2021 01:32:45.066,1.17639,1.17636,3.82,0.75
26.08.2021 01:32:46.255,1.17639,1.1763700000000001,3.07,2.32
26.08.2021 01:32:47.334,1.1764000000000001,1.1763700000000001,1.5,0.75
26.08.2021 01:32:47.486,1.1764100000000002,1.1763700000000001,3.07,2.32
26.08.2021 01:32:47.587,1.1764100000000002,1.17638,0.82,0.75
26.08.2021 01:32:48.265,1.17642,1.17638,4.57,0.75
26.08.2021 01:32:51.237,1.17642,1.17639,4.57,0.26
26.08.2021 01:32:51.490,1.17643,1.1764000000000001,0.82,0.75
26.08.2021 01:32:51.743,1.17644,1.1764100000000002,0.82,0.75
26.08.2021 01:32:51.844,1.17642,1.1764100000000002,0.75,2.59
26.08.2021 01:32:52.317,1.17644,1.1764000000000001,0.75,2.51
26.08.2021 01:32:52.540,1.17645,1.17642,4.95,0.75
26.08.2021 01:32:52.796,1.17643,1.1764000000000001,0.1,2.51
26.08.2021 01:32:53.160,1.17642,1.1764000000000001,0.1,1.2
26.08.2021 01:32:53.262,1.17642,1.17639,2.32,0.75
26.08.2021 01:32:53.414,1.17643,1.1764000000000001,3,0.75
26.08.2021 01:32:53.516,1.17644,1.1764000000000001,3,2.51
26.08.2021 01:32:53.668,1.17644,1.1764100000000002,0.75,0.75
26.08.2021 01:32:54.510,1.17643,1.1764000000000001,3.07,0.75
26.08.2021 01:32:54.864,1.17643,1.1764100000000002,0.1,0.75
26.08.2021 01:32:55.076,1.17645,1.1764100000000002,5.32,0.75
26.08.2021 01:32:55.892,1.17643,1.1764000000000001,0.1,2.51
26.08.2021 01:32:56.195,1.17644,1.1764100000000002,0.1,0.75
26.08.2021 01:33:03.049,1.17645,1.17642,0.82,0.75
26.08.2021 01:33:04.095,1.17646,1.17642,0.82,2.32
26.08.2021 01:33:04.197,1.17645,1.17642,0.75,2.32
26.08.2021 01:33:04.629,1.17645,1.1764100000000002,0.75,3.26
26.08.2021 01:33:07.155,1.17643,1.17642,0.1,0.75
26.08.2021 01:33:09.628,1.17644,1.1764000000000001,0.82,2.59
26.08.2021 01:33:10.453,1.17643,1.1764000000000001,0.82,0.75
26.08.2021 01:33:10.807,1.17644,1.1764100000000002,0.1,0.75
26.08.2021 01:33:12.162,1.17645,1.17642,0.75,0.75
26.08.2021 01:33:19.197,1.17645,1.1764100000000002,0.75,2.51
26.08.2021 01:33:20.450,1.17645,1.17642,0.75,1.57
26.08.2021 01:33:31.284,1.17645,1.1764100000000002,0.75,2.51
26.08.2021 01:33:42.438,1.17645,1.17642,1.87,0.75
26.08.2021 01:33:42.691,1.17645,1.17643,0.75,2.51
26.08.2021 01:33:47.655,1.17645,1.17642,0.82,0.75
26.08.2021 01:33:47.857,1.17643,1.17642,0.75,2.4
26.08.2021 01:33:48.039,1.17644,1.1764100000000002,0.1,0.75
26.08.2021 01:33:49.627,1.17642,1.1764100000000002,1.2,2.32
26.08.2021 01:33:52.328,1.17644,1.1764000000000001,1.12,2.51
26.08.2021 01:33:52.429,1.17644,1.1764100000000002,1.12,0.75
26.08.2021 01:33:52.662,1.17643,1.1764000000000001,0.1,0.94
26.08.2021 01:33:54.357,1.17643,1.1764100000000002,0.82,0.75
26.08.2021 01:33:54.458,1.17644,1.1764100000000002,0.75,0.75
26.08.2021 01:33:54.715,1.17645,1.1764100000000002,3.75,0.75
26.08.2021 01:33:58.286,1.17645,1.17642,1.57,0.75
26.08.2021 01:33:58.437,1.17645,1.17643,0.1,0.75
26.08.2021 01:33:58.589,1.17645,1.17644,1.12,0.75
26.08.2021 01:34:04.060,1.17645,1.17642,0.1,2.32
26.08.2021 01:34:05.402,1.17646,1.17642,0.75,2.51
26.08.2021 01:34:05.506,1.1764700000000001,1.17644,1.12,0.75
26.08.2021 01:34:10.465,1.17649,1.17646,0.75,0.75
26.08.2021 01:34:16.217,1.1765,1.17646,0.75,2.32
26.08.2021 01:34:19.043,1.1765,1.1764700000000001,0.75,0.75
26.08.2021 01:34:19.195,1.1765100000000002,1.1764700000000001,1.12,0.75
26.08.2021 01:34:19.329,1.1765100000000002,1.17648,1.12,0.75
26.08.2021 01:34:24.428,1.17653,1.17649,6.37,0.94
26.08.2021 01:34:24.530,1.17653,1.1765,0.37,0.94
26.08.2021 01:34:24.631,1.17654,1.1765100000000002,2.25,0.75
26.08.2021 01:34:24.732,1.17655,1.1765200000000002,3.45,0.75
26.08.2021 01:34:24.834,1.17655,1.1765100000000002,1.2,2.59
26.08.2021 01:34:25.036,1.17655,1.1765200000000002,3.07,0.75
26.08.2021 01:34:26.358,1.17656,1.17653,0.1,0.75
26.08.2021 01:34:28.943,1.17655,1.1765200000000002,0.82,0.75
26.08.2021 01:34:30.689,1.17654,1.1765100000000002,0.1,0.75
26.08.2021 01:34:54.639,1.17654,1.1765200000000002,0.1,0.75
26.08.2021 01:34:54.791,1.17654,1.17653,3.07,0.75
26.08.2021 01:34:57.287,1.17656,1.17653,0.75,0.75
26.08.2021 01:34:57.388,1.1765700000000001,1.17654,0.45,0.75
26.08.2021 01:34:58.770,1.1765700000000001,1.17655,1.95,1.57
26.08.2021 01:35:01.191,1.17658,1.17655,1.95,0.75
26.08.2021 01:35:03.887,1.17658,1.17654,1.95,0.75
26.08.2021 01:35:04.186,1.17659,1.17655,1.95,0.75
26.08.2021 01:35:04.288,1.17659,1.17656,1.95,0.75
26.08.2021 01:35:17.747,1.17659,1.1765700000000001,0.75,0.37
26.08.2021 01:35:19.399,1.17656,1.17654,0.1,0.94
26.08.2021 01:35:19.551,1.17655,1.17653,1.57,1.2
26.08.2021 01:35:19.602,1.17655,1.1765100000000002,1.57,9.9
26.08.2021 01:35:27.059,1.1765200000000002,1.1765100000000002,0.1,1.57
26.08.2021 01:35:37.518,1.17653,1.1765100000000002,0.1,0.75
26.08.2021 01:35:37.692,1.17654,1.1765100000000002,4.12,2.32
26.08.2021 01:35:39.698,1.17655,1.1765200000000002,4.95,0.75
26.08.2021 01:35:43.773,1.17655,1.1765100000000002,1.95,2.4
26.08.2021 01:35:55.559,1.17655,1.1765200000000002,1.95,0.75
26.08.2021 01:36:00.165,1.17655,1.1765100000000002,1.95,2.4
26.08.2021 01:36:07.873,1.17653,1.1765200000000002,3.45,0.75
26.08.2021 01:36:08.455,1.17653,1.1765,0.82,0.75
26.08.2021 01:36:29.420,1.17653,1.1765100000000002,0.75,0.1
26.08.2021 01:36:29.521,1.17654,1.1765100000000002,0.75,2.4
26.08.2021 01:36:29.622,1.17654,1.17653,0.82,1.12
26.08.2021 01:36:33.516,1.17655,1.17653,0.82,0.37
26.08.2021 01:36:35.270,1.17655,1.1765200000000002,0.82,2.32
26.08.2021 01:36:41.210,1.17655,1.1765100000000002,0.82,2.4
26.08.2021 01:36:44.861,1.17653,1.1765200000000002,0.75,1.65
26.08.2021 01:36:45.015,1.17653,1.1765,0.82,2.7
26.08.2021 01:36:46.839,1.1765200000000002,1.17649,6.75,1.57
26.08.2021 01:36:46.940,1.1765100000000002,1.17649,0.82,1.2
26.08.2021 01:36:47.041,1.1765100000000002,1.17648,0.82,0.75
26.08.2021 01:37:01.074,1.1765,1.1764700000000001,1.57,2.7
26.08.2021 01:37:01.378,1.17649,1.1764700000000001,0.75,0.75
26.08.2021 01:37:05.155,1.17649,1.17646,0.75,1.65
26.08.2021 01:37:05.637,1.1765,1.17646,0.82,1.65
26.08.2021 01:37:11.182,1.17649,1.17646,0.75,2.4
26.08.2021 01:37:19.105,1.17648,1.17646,0.75,0.82
26.08.2021 01:37:19.256,1.17648,1.17645,0.82,1.57
26.08.2021 01:37:23.190,1.1764700000000001,1.17644,0.75,3.34
