Gmt time,Ask,Bid,AskVolume,BidVolume
03.08.2021 00:00:00.179,1.18743,1.1873799999999999,0.82,2.89
03.08.2021 00:00:00.500,1.18741,1.18739,0.75,2.89
03.08.2021 00:00:00.602,1.18741,1.1874,0.75,0.19
03.08.2021 00:00:00.704,1.18743,1.18739,0.75,1.2
03.08.2021 00:00:00.980,1.18744,1.18739,0.1,0.45
03.08.2021 00:00:01.257,1.18743,1.1873799999999999,0.1,2.51
03.08.2021 00:00:03.581,1.1874500000000001,1.18741,0.45,0.45
03.08.2021 00:00:03.682,1.1874600000000002,1.18741,2.7,1.01
03.08.2021 00:00:04.098,1.18747,1.1874200000000001,0.82,1.01
03.08.2021 00:00:05.006,1.1874600000000002,1.1874200000000001,0.75,0.1
03.08.2021 00:00:07.415,1.18748,1.18743,1.2,1.76
03.08.2021 00:00:07.517,1.18748,1.18744,1.2,0.19
03.08.2021 00:00:11.714,1.18748,1.18743,1.2,1.01
03.08.2021 00:00:19.798,1.18748,1.18744,0.1,0.94
03.08.2021 00:00:24.818,1.1874600000000002,1.18741,1.95,7.09
03.08.2021 00:00:28.117,1.1874500000000001,1.18741,0.1,1.5
03.08.2021 00:00:32.263,1.18743,1.1874,0.1,1.87
03.08.2021 00:00:32.415,1.1874200000000001,1.18739,0.1,2.7
03.08.2021 00:00:32.944,1.18741,1.1873799999999999,0.1,1.5
03.08.2021 00:00:33.046,1.1874200000000001,1.1873799999999999,0.1,1.12
03.08.2021 00:00:51.541,1.18744,1.1874,0.82,0.75
03.08.2021 00:00:51.642,1.1874500000000001,1.18741,0.82,1.5
03.08.2021 00:00:53.597,1.1874600000000002,1.18741,0.82,5.14
03.08.2021 00:00:54.069,1.1874600000000002,1.1874200000000001,0.82,0.75
03.08.2021 00:00:56.119,1.1874500000000001,1.1874200000000001,0.1,0.75
03.08.2021 00:00:59.070,1.1874600000000002,1.18743,0.82,0.75
03.08.2021 00:00:59.171,1.1874500000000001,1.18743,0.1,0.75
03.08.2021 00:01:00.176,1.18748,1.18744,1.57,0.75
03.08.2021 00:01:03.114,1.18747,1.18744,0.1,0.75
03.08.2021 00:01:09.035,1.18747,1.1874500000000001,0.1,0.75
03.08.2021 00:01:12.727,1.18748,1.1874500000000001,0.1,0.75
03.08.2021 00:01:25.555,1.18749,1.18747,0.1,0.75
03.08.2021 00:01:25.657,1.18751,1.18747,0.82,0.75
03.08.2021 00:01:25.759,1.1875,1.1874600000000002,2.32,0.75
03.08.2021 00:01:25.861,1.18749,1.1874500000000001,0.1,1.95
03.08.2021 00:01:26.232,1.18751,1.18747,5.52,1.5
03.08.2021 00:01:26.333,1.18751,1.18748,4.69,0.75
03.08.2021 00:01:26.434,1.1875200000000001,1.18748,0.82,0.75
03.08.2021 00:01:26.536,1.1875200000000001,1.18749,0.1,0.75
03.08.2021 00:01:26.637,1.18753,1.18749,2.14,0.75
03.08.2021 00:01:30.034,1.18754,1.18749,1.95,0.82
03.08.2021 00:01:30.135,1.18754,1.1875,1.57,0.75
03.08.2021 00:01:35.710,1.18753,1.1875,0.1,0.75
03.08.2021 00:01:40.657,1.18753,1.18749,0.1,0.75
03.08.2021 00:01:41.069,1.18753,1.1875,0.1,0.75
03.08.2021 00:01:42.078,1.18753,1.18749,0.1,0.75
03.08.2021 00:01:45.696,1.18753,1.1875,0.1,0.75
03.08.2021 00:01:47.189,1.1875200000000001,1.1875,0.82,0.75
03.08.2021 00:01:52.058,1.18755,1.18751,1.5,0.82
03.08.2021 00:01:52.159,1.18755,1.1875200000000001,0.82,1.76
03.08.2021 00:01:52.261,1.1875600000000002,1.1875200000000001,0.82,0.75
03.08.2021 00:01:52.362,1.18755,1.18751,2.32,0.45
03.08.2021 00:01:52.463,1.18753,1.1875,0.82,2.32
03.08.2021 00:01:52.565,1.18753,1.18749,0.75,2.32
03.08.2021 00:02:06.269,1.18751,1.18747,0.82,1.2
03.08.2021 00:02:06.471,1.18751,1.1874600000000002,1.57,1.2
03.08.2021 00:02:08.316,1.1875,1.1874600000000002,0.75,0.82
03.08.2021 00:02:08.418,1.1875,1.1874500000000001,1.57,2.32
03.08.2021 00:02:09.192,1.18749,1.1874500000000001,0.75,2.32
03.08.2021 00:02:10.961,1.18747,1.18744,0.75,0.75
03.08.2021 00:02:12.035,1.1874600000000002,1.18744,0.75,0.75
03.08.2021 00:02:12.137,1.1874600000000002,1.18743,0.75,1.12
03.08.2021 00:02:12.544,1.1874500000000001,1.18743,0.75,1.2
03.08.2021 00:02:16.249,1.18743,1.1874200000000001,0.75,1.2
03.08.2021 00:02:16.351,1.1874200000000001,1.1874,0.1,4.76
03.08.2021 00:02:16.452,1.18741,1.1873799999999999,0.75,0.37
03.08.2021 00:02:17.071,1.1874200000000001,1.1873799999999999,0.82,0.37
03.08.2021 00:02:18.193,1.18741,1.18737,0.75,7.38
03.08.2021 00:02:23.443,1.18739,1.1873600000000002,0.75,0.45
03.08.2021 00:02:23.645,1.18739,1.1873500000000001,0.75,2.32
03.08.2021 00:02:25.091,1.1874,1.18737,0.75,0.45
03.08.2021 00:02:25.192,1.18741,1.18737,0.75,0.82
03.08.2021 00:02:25.840,1.18739,1.18737,0.75,0.75
03.08.2021 00:02:25.890,1.18739,1.1873500000000001,1.5,0.82
03.08.2021 00:02:25.992,1.1873799999999999,1.1873500000000001,0.75,0.75
03.08.2021 00:02:26.093,1.1873799999999999,1.18734,0.75,1.57
03.08.2021 00:02:27.651,1.18737,1.18734,0.75,0.82
03.08.2021 00:02:38.667,1.1873799999999999,1.18733,0.82,1.57
03.08.2021 00:02:40.326,1.18737,1.18733,0.75,1.57
03.08.2021 00:02:43.744,1.18737,1.1873500000000001,1.5,0.1
03.08.2021 00:03:01.935,1.18739,1.18737,1.12,2.51
03.08.2021 00:03:02.036,1.18741,1.18737,2.25,1.2
03.08.2021 00:03:02.137,1.1874200000000001,1.1873799999999999,0.75,0.82
03.08.2021 00:03:09.684,1.18741,1.18737,2.25,1.2
03.08.2021 00:03:09.785,1.18739,1.1873600000000002,0.75,0.37
03.08.2021 00:03:17.738,1.18739,1.1873500000000001,0.75,3.26
03.08.2021 00:03:20.384,1.18741,1.18737,0.75,1.95
03.08.2021 00:03:20.485,1.1874200000000001,1.1873799999999999,0.75,0.82
03.08.2021 00:03:20.587,1.1874200000000001,1.18739,2.32,0.82
03.08.2021 00:03:38.880,1.1874200000000001,1.1873799999999999,0.75,0.1
03.08.2021 00:03:43.213,1.1874200000000001,1.18737,1.57,2.14
03.08.2021 00:03:44.349,1.1874200000000001,1.1873799999999999,1.5,0.1
03.08.2021 00:03:45.137,1.18743,1.1873799999999999,2.32,0.82
03.08.2021 00:04:00.088,1.1874200000000001,1.1873799999999999,0.75,0.82
03.08.2021 00:04:06.589,1.1874200000000001,1.18739,2.32,0.82
03.08.2021 00:04:13.073,1.1874500000000001,1.18741,1.5,1.95
03.08.2021 00:04:13.175,1.1874600000000002,1.18741,4.46,1.57
03.08.2021 00:04:13.276,1.1874500000000001,1.18741,0.75,1.57
03.08.2021 00:04:13.580,1.1874500000000001,1.1874,0.82,2.77
03.08.2021 00:04:15.432,1.18744,1.1874,0.75,2.7
03.08.2021 00:04:21.218,1.18744,1.1874200000000001,0.82,0.37
03.08.2021 00:04:21.420,1.18744,1.1874,0.75,1.95
03.08.2021 00:04:24.636,1.1874200000000001,1.1874,0.75,0.82
03.08.2021 00:04:24.738,1.1874200000000001,1.1873799999999999,0.75,2.02
03.08.2021 00:04:27.614,1.18741,1.18737,0.82,3.82
03.08.2021 00:04:27.715,1.1874200000000001,1.1873799999999999,1.5,0.1
03.08.2021 00:04:28.069,1.1874,1.1873600000000002,0.75,5.96
03.08.2021 00:04:28.170,1.18741,1.1873600000000002,1.57,1.65
03.08.2021 00:04:28.424,1.1874,1.1873600000000002,0.75,0.82
03.08.2021 00:04:31.727,1.18741,1.18737,0.75,0.1
03.08.2021 00:04:31.829,1.1874200000000001,1.18737,1.57,0.82
03.08.2021 00:04:31.931,1.18743,1.18739,3.37,0.1
03.08.2021 00:04:39.150,1.18743,1.1873799999999999,2.51,1.57
03.08.2021 00:04:40.349,1.1874200000000001,1.1873799999999999,0.75,0.82
03.08.2021 00:04:41.684,1.18743,1.1873799999999999,3.26,0.82
03.08.2021 00:04:44.708,1.1874200000000001,1.1873799999999999,0.75,0.82
03.08.2021 00:04:47.478,1.18741,1.1873799999999999,1.57,1.2
03.08.2021 00:04:47.579,1.1874,1.18737,0.82,3.9
03.08.2021 00:04:48.208,1.1874,1.1873600000000002,1.2,0.75
03.08.2021 00:04:48.309,1.18739,1.1873500000000001,1.57,1.95
03.08.2021 00:04:48.411,1.1873799999999999,1.18734,0.1,0.75
03.08.2021 00:04:49.089,1.18739,1.18734,2.32,1.2
03.08.2021 00:04:49.190,1.18739,1.1873500000000001,2.25,0.1
03.08.2021 00:04:52.611,1.1874,1.1873500000000001,2.32,0.82
03.08.2021 00:04:54.048,1.1874,1.1873600000000002,2.32,0.75
03.08.2021 00:05:02.500,1.18739,1.1873500000000001,1.01,0.75
03.08.2021 00:05:02.601,1.18739,1.18734,2.14,0.82
03.08.2021 00:05:08.804,1.1873799999999999,1.1873600000000002,1.5,1.2
03.08.2021 00:05:08.957,1.1874,1.1873600000000002,1.57,0.75
03.08.2021 00:05:29.729,1.18741,1.18737,1.87,1.2
03.08.2021 00:05:29.831,1.18741,1.1873799999999999,0.75,0.75
03.08.2021 00:05:29.933,1.1874200000000001,1.1873799999999999,0.75,0.82
03.08.2021 00:05:30.034,1.18743,1.1873799999999999,2.32,1.2
03.08.2021 00:05:31.239,1.1874200000000001,1.1873799999999999,0.75,1.2
03.08.2021 00:05:35.594,1.1874200000000001,1.18739,3.26,0.82
03.08.2021 00:05:35.695,1.1874200000000001,1.1873799999999999,0.94,0.82
03.08.2021 00:05:39.809,1.18741,1.1873799999999999,1.76,1.95
03.08.2021 00:05:39.910,1.1874,1.1873600000000002,0.75,0.1
03.08.2021 00:05:40.214,1.1874,1.1873799999999999,1.5,0.82
03.08.2021 00:05:40.669,1.1874200000000001,1.18737,2.32,1.2
03.08.2021 00:05:41.655,1.1874,1.1873600000000002,0.75,5.13
03.08.2021 00:05:52.374,1.18739,1.1873500000000001,1.57,0.75
03.08.2021 00:06:00.039,1.18737,1.1873600000000002,0.75,0.75
03.08.2021 00:06:00.504,1.1873799999999999,1.18734,1.12,0.82
03.08.2021 00:06:11.360,1.18739,1.1873500000000001,1.2,0.75
03.08.2021 00:06:14.672,1.1873799999999999,1.18734,0.82,0.75
03.08.2021 00:06:37.518,1.18737,1.18733,0.75,1.57
03.08.2021 00:06:38.122,1.1873799999999999,1.18734,1.2,0.75
03.08.2021 00:06:38.509,1.1873799999999999,1.18733,1.2,1.57
03.08.2021 00:06:40.161,1.1873799999999999,1.18734,1.2,0.75
03.08.2021 00:06:40.377,1.1873799999999999,1.18733,1.2,1.57
03.08.2021 00:06:40.781,1.1873799999999999,1.18734,1.2,0.75
03.08.2021 00:06:43.462,1.18739,1.1873500000000001,0.75,0.82
03.08.2021 00:06:43.614,1.1874,1.1873600000000002,1.57,0.75
03.08.2021 00:06:44.050,1.18739,1.1873600000000002,1.95,1.2
03.08.2021 00:06:46.974,1.18739,1.1873500000000001,1.57,0.75
03.08.2021 00:06:48.343,1.18739,1.18734,2.51,0.82
03.08.2021 00:06:48.444,1.1873799999999999,1.18734,0.75,0.82
03.08.2021 00:07:05.550,1.18739,1.18734,3.26,0.82
03.08.2021 00:07:14.048,1.1873799999999999,1.18734,0.75,0.82
03.08.2021 00:07:15.369,1.18739,1.18734,3.26,0.82
03.08.2021 00:07:30.668,1.1873799999999999,1.18734,0.75,0.82
03.08.2021 00:08:31.498,1.1873600000000002,1.18733,0.82,0.75
03.08.2021 00:08:31.650,1.1873600000000002,1.1873200000000002,3.07,0.75
03.08.2021 00:08:31.752,1.1873500000000001,1.18731,1.5,0.82
03.08.2021 00:08:32.055,1.18734,1.18731,0.75,0.75
03.08.2021 00:08:32.818,1.18734,1.1873,1.5,0.82
03.08.2021 00:08:33.845,1.18733,1.18729,1.57,0.75
03.08.2021 00:08:49.881,1.1873200000000002,1.18728,0.75,0.82
03.08.2021 00:09:13.252,1.18731,1.18728,0.75,0.75
03.08.2021 00:09:13.353,1.18731,1.18727,0.75,1.95
03.08.2021 00:09:31.684,1.18729,1.1872500000000001,0.82,5.81
03.08.2021 00:09:31.786,1.1873,1.1872500000000001,8.52,0.82
03.08.2021 00:09:32.409,1.1873,1.1872600000000002,2.7,0.75
03.08.2021 00:09:35.700,1.1873,1.1872500000000001,2.32,1.95
03.08.2021 00:09:39.528,1.18729,1.1872500000000001,1.2,1.5
03.08.2021 00:09:45.856,1.1873,1.18727,0.37,0.82
03.08.2021 00:09:45.958,1.18731,1.18727,1.95,0.82
03.08.2021 00:09:48.134,1.1873200000000002,1.18727,0.82,2.7
03.08.2021 00:09:49.632,1.1873200000000002,1.18728,0.82,0.75
03.08.2021 00:09:51.155,1.1873200000000002,1.18727,1.57,1.95
03.08.2021 00:09:51.257,1.18731,1.1872600000000002,0.82,7.08
03.08.2021 00:09:51.358,1.18731,1.18727,0.75,0.82
03.08.2021 00:09:57.499,1.1873200000000002,1.18728,1.57,0.75
03.08.2021 00:10:43.677,1.18733,1.18729,1.57,0.75
03.08.2021 00:10:48.095,1.18734,1.1873,2.32,0.75
03.08.2021 00:10:48.197,1.18737,1.1873200000000002,2.89,0.75
03.08.2021 00:10:48.298,1.18737,1.18733,2.32,0.75
03.08.2021 00:10:48.763,1.18737,1.18734,1.01,0.75
03.08.2021 00:10:48.865,1.1874,1.1873600000000002,3.15,1.12
03.08.2021 00:10:48.967,1.1874,1.18737,0.45,0.75
03.08.2021 00:10:49.069,1.1874200000000001,1.1873799999999999,0.82,0.75
03.08.2021 00:10:49.222,1.18743,1.18739,2.51,0.75
03.08.2021 00:10:50.608,1.18743,1.1874,2.44,0.75
03.08.2021 00:10:50.710,1.18743,1.1874200000000001,0.45,2.25
03.08.2021 00:10:50.812,1.18747,1.18743,2.89,0.75
03.08.2021 00:10:50.913,1.1874600000000002,1.18741,1.01,0.75
03.08.2021 00:10:51.014,1.1874500000000001,1.18741,0.82,0.75
03.08.2021 00:10:52.971,1.1874500000000001,1.1874,1.57,1.87
03.08.2021 00:10:53.130,1.1874600000000002,1.1874200000000001,2.21,0.75
03.08.2021 00:10:53.383,1.1874500000000001,1.18741,0.94,0.75
03.08.2021 00:10:53.485,1.1874500000000001,1.1874,1.76,0.75
03.08.2021 00:10:54.480,1.18743,1.18741,0.75,0.75
03.08.2021 00:10:55.221,1.1874500000000001,1.1874,2.59,0.75
03.08.2021 00:10:55.322,1.1874500000000001,1.18741,2.59,0.75
03.08.2021 00:10:58.891,1.1874600000000002,1.1874200000000001,0.94,0.82
03.08.2021 00:10:58.992,1.18747,1.1874200000000001,3.15,0.82
03.08.2021 00:10:59.145,1.18747,1.18743,1.57,0.75
03.08.2021 00:10:59.288,1.18747,1.1874200000000001,1.57,1.2
03.08.2021 00:10:59.491,1.1874600000000002,1.1874200000000001,0.75,0.82
03.08.2021 00:11:00.000,1.18747,1.18743,2.77,0.75
03.08.2021 00:11:01.372,1.1874600000000002,1.1874500000000001,0.75,0.75
03.08.2021 00:11:04.130,1.18747,1.18743,1.5,0.82
03.08.2021 00:11:09.165,1.1874600000000002,1.18743,2.14,1.2
03.08.2021 00:11:09.266,1.1874500000000001,1.18741,0.75,1.57
03.08.2021 00:11:11.190,1.18744,1.18741,0.19,0.75
03.08.2021 00:11:11.351,1.18744,1.1874,0.19,0.75
03.08.2021 00:11:13.202,1.18744,1.18741,2.51,0.75
03.08.2021 00:11:16.949,1.1874500000000001,1.18743,1.69,0.75
03.08.2021 00:11:17.056,1.18747,1.1874200000000001,3.34,0.75
03.08.2021 00:11:17.208,1.18747,1.18743,2.44,0.75
03.08.2021 00:11:18.609,1.18748,1.18744,3.34,0.75
03.08.2021 00:11:30.961,1.18747,1.18744,0.37,0.75
03.08.2021 00:11:31.197,1.18748,1.18744,3.26,0.75
03.08.2021 00:11:43.018,1.18747,1.18744,0.19,0.75
03.08.2021 00:11:43.373,1.18748,1.18744,3.26,0.75
03.08.2021 00:11:46.104,1.18747,1.18743,0.94,0.75
03.08.2021 00:11:48.331,1.18749,1.1874500000000001,6.19,0.1
03.08.2021 00:11:48.433,1.18749,1.1874600000000002,0.75,1.2
03.08.2021 00:11:48.534,1.1875200000000001,1.18747,2.44,0.75
03.08.2021 00:11:54.067,1.1875,1.1874600000000002,1.31,0.82
03.08.2021 00:11:54.168,1.18749,1.1874500000000001,1.69,0.75
03.08.2021 00:11:54.270,1.18747,1.18743,0.75,9.45
03.08.2021 00:12:31.803,1.18748,1.18743,1.87,1.2
03.08.2021 00:12:32.660,1.18749,1.18744,2.06,1.57
03.08.2021 00:12:33.606,1.18748,1.1874600000000002,0.75,0.75
03.08.2021 00:12:33.707,1.1875,1.1874500000000001,1.5,1.95
03.08.2021 00:12:38.080,1.1875,1.1874600000000002,0.75,0.37
03.08.2021 00:12:38.385,1.18751,1.18747,1.5,1.2
03.08.2021 00:12:38.488,1.18753,1.18749,1.95,0.75
03.08.2021 00:12:38.896,1.1875200000000001,1.18747,0.75,1.57
03.08.2021 00:12:44.298,1.1875,1.1874600000000002,0.82,1.95
03.08.2021 00:12:44.501,1.18749,1.1874500000000001,0.75,0.82
03.08.2021 00:12:44.604,1.18749,1.18744,2.14,1.27
03.08.2021 00:12:44.706,1.18747,1.18743,0.75,1.57
03.08.2021 00:12:45.719,1.18748,1.18744,2.51,0.75
03.08.2021 00:12:46.721,1.18749,1.18744,1.95,0.82
03.08.2021 00:12:46.823,1.18749,1.1874500000000001,0.75,0.82
03.08.2021 00:12:46.924,1.1875,1.1874600000000002,1.57,0.75
03.08.2021 00:12:47.026,1.1875,1.1874500000000001,1.57,0.82
03.08.2021 00:12:47.127,1.18749,1.18744,1.95,1.27
03.08.2021 00:12:47.229,1.18748,1.18744,0.82,0.75
03.08.2021 00:12:50.457,1.18748,1.1874600000000002,0.75,2.06
03.08.2021 00:12:50.508,1.1875,1.1874600000000002,0.75,3.26
03.08.2021 00:12:50.610,1.18751,1.18747,0.45,2.14
03.08.2021 00:12:50.712,1.1875200000000001,1.18748,2.25,0.75
03.08.2021 00:12:56.010,1.18753,1.18748,2.32,0.75
03.08.2021 00:12:58.820,1.18753,1.18749,1.5,0.75
03.08.2021 00:13:04.151,1.18754,1.18749,2.32,0.75
03.08.2021 00:13:04.202,1.18754,1.18751,1.5,0.75
03.08.2021 00:13:04.304,1.1875600000000002,1.18751,2.02,2.06
03.08.2021 00:13:05.721,1.1875600000000002,1.1875200000000001,1.5,0.75
03.08.2021 00:13:06.299,1.1875700000000002,1.1875200000000001,1.57,2.06
03.08.2021 00:13:06.400,1.1875600000000002,1.18754,0.75,0.75
03.08.2021 00:13:06.502,1.18758,1.18753,2.62,1.76
03.08.2021 00:13:24.202,1.1875600000000002,1.18753,1.12,0.75
03.08.2021 00:13:24.303,1.18755,1.18753,6.57,0.75
03.08.2021 00:13:25.395,1.1875600000000002,1.18751,2.62,1.01
03.08.2021 00:13:41.119,1.18755,1.18751,0.75,0.75
03.08.2021 00:13:48.154,1.1875600000000002,1.1875200000000001,5.44,2.06
03.08.2021 00:13:48.263,1.1875700000000002,1.1875200000000001,6.94,2.06
03.08.2021 00:13:49.535,1.1875700000000002,1.18753,1.5,0.75
03.08.2021 00:13:53.667,1.18758,1.18755,4.69,1.76
03.08.2021 00:13:53.768,1.18759,1.1875700000000002,0.75,0.75
03.08.2021 00:13:53.870,1.18761,1.1875700000000002,3.45,0.75
03.08.2021 00:13:54.149,1.18761,1.1875600000000002,3.45,1.01
03.08.2021 00:14:01.074,1.1876200000000001,1.18758,1.57,0.75
03.08.2021 00:14:01.175,1.18763,1.1876,0.52,0.75
03.08.2021 00:14:04.422,1.18763,1.18759,0.1,0.75
03.08.2021 00:14:22.013,1.18763,1.18758,1.57,0.82
03.08.2021 00:14:27.336,1.18763,1.18759,0.82,0.94
03.08.2021 00:14:27.697,1.18764,1.18761,0.75,0.19
03.08.2021 00:14:27.799,1.18765,1.1876,3.07,1.01
03.08.2021 00:14:28.278,1.18764,1.1876,0.75,1.01
03.08.2021 00:14:40.770,1.18763,1.1876,1.5,0.75
03.08.2021 00:14:40.871,1.18763,1.18759,2.32,0.75
03.08.2021 00:14:40.973,1.18763,1.18758,2.7,0.82
03.08.2021 00:14:42.917,1.1876200000000001,1.18758,0.1,0.75
03.08.2021 00:14:43.398,1.18761,1.18758,0.1,0.75
03.08.2021 00:14:43.819,1.1876,1.1875600000000002,0.37,0.82
03.08.2021 00:14:43.920,1.18759,1.18755,0.82,1.12
03.08.2021 00:14:44.022,1.1876,1.18755,2.32,1.39
03.08.2021 00:14:44.906,1.1876,1.1875600000000002,0.82,0.94
03.08.2021 00:14:53.419,1.18761,1.1875600000000002,0.82,1.39
03.08.2021 00:15:00.540,1.1876200000000001,1.1875700000000002,1.57,1.39
03.08.2021 00:15:01.391,1.1876200000000001,1.18758,0.1,0.75
03.08.2021 00:15:01.594,1.18763,1.18758,2.32,1.01
03.08.2021 00:15:04.331,1.18763,1.18759,0.1,0.75
03.08.2021 00:15:04.433,1.18764,1.18759,2.7,0.82
03.08.2021 00:15:04.551,1.18764,1.1876,1.2,0.94
03.08.2021 00:15:04.754,1.18763,1.18759,0.1,0.75
03.08.2021 00:15:08.107,1.18763,1.1876,2.7,1.76
03.08.2021 00:15:09.228,1.18765,1.1876,2.32,1.76
03.08.2021 00:15:11.010,1.1876600000000002,1.18761,2.7,0.82
03.08.2021 00:15:12.049,1.1876700000000002,1.1876200000000001,2.32,2.14
03.08.2021 00:15:12.614,1.1876700000000002,1.18763,2.32,0.75
03.08.2021 00:15:13.895,1.1876600000000002,1.18763,0.75,0.75
03.08.2021 00:15:13.996,1.1876600000000002,1.1876200000000001,1.57,0.75
03.08.2021 00:15:19.295,1.18765,1.18761,2.7,0.75
03.08.2021 00:15:19.396,1.18765,1.1876,4.57,1.76
03.08.2021 00:15:19.498,1.18764,1.1876,0.82,0.75
03.08.2021 00:15:23.159,1.1876600000000002,1.18761,3.82,1.76
03.08.2021 00:15:23.261,1.1876600000000002,1.1876200000000001,0.75,0.82
03.08.2021 00:15:23.362,1.1876700000000002,1.18763,0.82,0.75
03.08.2021 00:15:24.170,1.1876600000000002,1.1876200000000001,0.1,0.75
03.08.2021 00:15:28.721,1.18765,1.18761,2.32,0.75
03.08.2021 00:15:28.928,1.18764,1.1876,0.1,0.94
03.08.2021 00:15:36.157,1.18765,1.1876200000000001,0.75,0.19
03.08.2021 00:15:36.259,1.1876600000000002,1.18764,0.82,0.75
03.08.2021 00:15:36.710,1.18768,1.18763,2.32,1.01
03.08.2021 00:15:39.132,1.1876600000000002,1.18763,0.75,0.75
03.08.2021 00:15:39.284,1.1876600000000002,1.18761,1.57,1.76
03.08.2021 00:15:39.437,1.1876600000000002,1.1876200000000001,1.57,0.75
03.08.2021 00:15:49.357,1.18764,1.18761,0.1,0.75
03.08.2021 00:15:50.618,1.18764,1.1876,1.2,0.75
03.08.2021 00:16:02.897,1.18764,1.18761,1.57,0.75
03.08.2021 00:16:07.074,1.18764,1.1876,2.7,0.75
03.08.2021 00:16:08.172,1.18763,1.1876,0.1,0.75
03.08.2021 00:16:08.907,1.1876200000000001,1.1876,0.75,0.75
03.08.2021 00:16:08.958,1.1876,1.1875600000000002,1.2,9.45
03.08.2021 00:16:09.110,1.18759,1.1875600000000002,0.1,8.25
03.08.2021 00:16:10.893,1.18759,1.18755,0.1,0.75
03.08.2021 00:16:11.864,1.1876200000000001,1.18759,0.45,0.75
03.08.2021 00:16:11.965,1.18763,1.18759,2.32,0.75
03.08.2021 00:16:16.402,1.18764,1.1876,1.95,0.75
03.08.2021 00:16:22.495,1.18763,1.1876,0.45,0.75
03.08.2021 00:16:22.799,1.18764,1.1876,2.7,0.75
03.08.2021 00:16:23.827,1.18763,1.1876,0.1,0.75
03.08.2021 00:16:26.635,1.18764,1.1876,1.95,0.75
03.08.2021 00:16:45.991,1.18763,1.18759,1.95,0.75
03.08.2021 00:16:46.655,1.18763,1.1876,0.1,0.75
03.08.2021 00:16:46.907,1.18764,1.1876,1.57,0.75
03.08.2021 00:16:52.619,1.18765,1.1876200000000001,0.75,0.19
03.08.2021 00:16:52.721,1.1876700000000002,1.18763,0.82,0.75
03.08.2021 00:16:53.227,1.1876700000000002,1.18764,0.1,0.75
03.08.2021 00:16:53.379,1.18768,1.18764,0.1,0.75
03.08.2021 00:17:03.355,1.18769,1.18765,0.82,0.75
03.08.2021 00:17:10.908,1.18768,1.18764,2.32,0.75
03.08.2021 00:17:11.010,1.1876700000000002,1.18763,1.57,0.75
03.08.2021 00:17:11.111,1.1876600000000002,1.18763,0.75,0.75
03.08.2021 00:17:18.746,1.18765,1.18763,0.82,0.75
03.08.2021 00:17:21.854,1.1876700000000002,1.18763,1.57,0.94
03.08.2021 00:17:25.062,1.1876700000000002,1.18765,1.57,0.75
03.08.2021 00:17:29.308,1.1876700000000002,1.1876600000000002,0.1,0.75
03.08.2021 00:17:31.691,1.18769,1.18765,1.95,0.75
03.08.2021 00:17:33.670,1.18768,1.18765,0.1,0.75
03.08.2021 00:17:34.617,1.18769,1.18765,1.57,0.75
03.08.2021 00:17:40.021,1.18769,1.1876600000000002,0.1,0.75
03.08.2021 00:17:40.498,1.18771,1.1876700000000002,0.75,1.57
03.08.2021 00:17:40.651,1.18772,1.18769,0.1,0.75
03.08.2021 00:17:41.604,1.18772,1.1877,0.82,0.75
03.08.2021 00:17:45.516,1.18773,1.1877,0.1,0.75
03.08.2021 00:17:47.321,1.18774,1.1877,2.7,0.75
03.08.2021 00:18:02.036,1.18774,1.18771,0.82,0.75
03.08.2021 00:18:05.794,1.1877,1.18768,0.37,0.45
03.08.2021 00:18:05.946,1.1877,1.1876600000000002,1.95,8.25
03.08.2021 00:18:06.047,1.18769,1.1876600000000002,0.1,0.75
03.08.2021 00:18:09.482,1.18769,1.18765,0.82,0.75
03.08.2021 00:18:13.116,1.18768,1.18765,0.1,0.75
03.08.2021 00:18:13.218,1.1876700000000002,1.18764,0.1,0.75
03.08.2021 00:18:13.422,1.1876600000000002,1.18763,0.82,0.75
03.08.2021 00:18:21.369,1.1876600000000002,1.18764,0.82,0.75
03.08.2021 00:18:21.470,1.1876600000000002,1.18763,0.75,0.75
03.08.2021 00:18:23.261,1.1876700000000002,1.18763,0.82,0.75
03.08.2021 00:18:27.276,1.18769,1.18765,0.82,0.75
03.08.2021 00:18:27.378,1.18772,1.1876700000000002,1.2,0.82
03.08.2021 00:18:27.479,1.18772,1.18768,0.1,0.75
03.08.2021 00:18:28.463,1.18772,1.18769,0.1,0.75
03.08.2021 00:18:36.554,1.18771,1.18768,0.75,0.75
03.08.2021 00:18:44.802,1.1877,1.18769,0.75,0.75
03.08.2021 00:18:44.854,1.18774,1.1877,10.02,0.75
03.08.2021 00:19:03.757,1.1877600000000001,1.18772,0.75,1.76
03.08.2021 00:19:03.858,1.18778,1.18774,0.75,1.76
03.08.2021 00:19:03.960,1.1877900000000001,1.18775,8.32,0.75
03.08.2021 00:19:07.225,1.1878,1.1877600000000001,0.75,1.76
03.08.2021 00:19:07.427,1.18781,1.1877700000000002,1.95,0.75
03.08.2021 00:19:09.476,1.18781,1.1877900000000001,1.2,0.75
03.08.2021 00:19:11.478,1.18782,1.1878,1.57,0.75
03.08.2021 00:19:12.055,1.18783,1.18778,0.1,0.1
03.08.2021 00:19:17.049,1.18783,1.1877900000000001,0.82,0.75
03.08.2021 00:19:17.749,1.18783,1.18778,0.82,0.1
03.08.2021 00:19:19.090,1.18781,1.1877700000000002,0.75,0.1
03.08.2021 00:19:19.191,1.1878,1.1877700000000002,0.82,2.89
03.08.2021 00:19:21.774,1.18781,1.18778,0.82,0.1
03.08.2021 00:19:21.876,1.18782,1.18778,0.75,0.1
03.08.2021 00:19:21.986,1.18783,1.18778,1.57,0.1
03.08.2021 00:19:22.763,1.18783,1.1877900000000001,1.57,0.75
03.08.2021 00:19:23.754,1.18783,1.18778,1.57,0.1
03.08.2021 00:19:28.753,1.18783,1.1877900000000001,1.57,0.75
03.08.2021 00:19:29.757,1.18783,1.18778,1.57,0.1
03.08.2021 00:19:34.099,1.18783,1.1877700000000002,1.2,0.56
03.08.2021 00:19:34.757,1.18783,1.1877900000000001,1.2,0.75
03.08.2021 00:19:35.760,1.18782,1.18778,1.2,0.56
03.08.2021 00:19:36.790,1.18782,1.1878,1.2,0.75
03.08.2021 00:19:36.841,1.18782,1.18778,1.2,1.31
03.08.2021 00:19:37.875,1.18783,1.1877900000000001,0.45,0.75
03.08.2021 00:19:39.763,1.18782,1.18778,0.45,2.06
03.08.2021 00:19:40.763,1.18782,1.1878,0.1,0.75
03.08.2021 00:19:40.813,1.18783,1.1877700000000002,0.1,2.06
03.08.2021 00:19:41.848,1.18783,1.1877900000000001,0.1,0.75
03.08.2021 00:19:43.765,1.18783,1.1877700000000002,0.1,2.06
03.08.2021 00:19:44.765,1.18782,1.1878,0.1,0.75
03.08.2021 00:19:44.816,1.18783,1.1877700000000002,0.1,2.06
03.08.2021 00:19:45.807,1.18783,1.1877900000000001,0.1,0.75
03.08.2021 00:19:47.768,1.18783,1.1877700000000002,0.1,1.31
03.08.2021 00:19:48.281,1.18782,1.1877900000000001,0.1,0.37
03.08.2021 00:19:48.768,1.18783,1.1877900000000001,0.1,0.75
03.08.2021 00:19:49.770,1.18783,1.18778,0.1,0.37
03.08.2021 00:19:50.818,1.18783,1.1877900000000001,0.1,0.75
03.08.2021 00:19:51.785,1.18783,1.18778,0.16,0.37
03.08.2021 00:19:52.800,1.18783,1.1877900000000001,0.16,0.75
03.08.2021 00:19:53.794,1.18782,1.1877900000000001,0.16,0.37
03.08.2021 00:19:54.782,1.18783,1.1877900000000001,0.16,0.75
03.08.2021 00:19:55.775,1.18783,1.18778,0.16,0.37
03.08.2021 00:19:56.249,1.18783,1.1877700000000002,0.16,1.31
03.08.2021 00:19:56.774,1.18783,1.1877900000000001,0.16,0.75
03.08.2021 00:19:57.825,1.18783,1.1877700000000002,0.16,1.31
03.08.2021 00:19:58.776,1.18783,1.1877900000000001,0.16,0.75
03.08.2021 00:19:59.777,1.18783,1.1877700000000002,0.16,1.31
03.08.2021 00:20:00.777,1.18782,1.1878,0.16,0.75
03.08.2021 00:20:00.828,1.18783,1.1877700000000002,0.16,1.31
03.08.2021 00:20:01.815,1.18782,1.1878,0.16,0.75
03.08.2021 00:20:01.865,1.18783,1.1877700000000002,0.16,1.31
03.08.2021 00:20:02.265,1.18783,1.18778,0.16,0.37
03.08.2021 00:20:02.366,1.18783,1.1877700000000002,0.16,1.31
03.08.2021 00:20:02.853,1.18783,1.1877900000000001,0.16,0.75
03.08.2021 00:20:03.482,1.18783,1.1878,0.16,0.75
03.08.2021 00:20:03.533,1.18783,1.1877700000000002,0.16,1.31
03.08.2021 00:20:03.894,1.18782,1.1877700000000002,0.11,1.31
03.08.2021 00:20:03.995,1.1877900000000001,1.1877700000000002,2.03,0.75
03.08.2021 00:20:04.097,1.1877900000000001,1.18775,0.16,8.7
03.08.2021 00:20:04.198,1.1877700000000002,1.18775,0.11,7.5
03.08.2021 00:20:04.249,1.1877700000000002,1.18773,0.11,0.1
03.08.2021 00:20:04.804,1.1877700000000002,1.18774,0.91,0.1
03.08.2021 00:20:05.838,1.18778,1.18772,0.91,1.31
03.08.2021 00:20:06.107,1.18775,1.18773,0.11,0.45
03.08.2021 00:20:06.208,1.18774,1.18771,0.1,1.57
03.08.2021 00:20:06.310,1.18773,1.1877,0.11,0.94
03.08.2021 00:20:06.411,1.18774,1.1877,2.03,0.75
03.08.2021 00:20:06.513,1.18772,1.18771,0.16,0.75
03.08.2021 00:20:06.614,1.18773,1.18769,0.1,4.5
03.08.2021 00:20:07.396,1.18775,1.18771,0.75,0.45
03.08.2021 00:20:07.498,1.1877700000000002,1.18772,1.57,0.64
03.08.2021 00:20:07.600,1.18778,1.18773,0.82,0.26
03.08.2021 00:20:07.651,1.18775,1.18771,0.75,0.1
03.08.2021 00:20:07.753,1.18773,1.1877,0.1,4.57
03.08.2021 00:20:07.854,1.18772,1.18769,0.1,2.14
03.08.2021 00:20:08.519,1.18773,1.1877,0.1,0.75
03.08.2021 00:20:09.788,1.18773,1.18768,1.57,0.26
03.08.2021 00:20:10.783,1.18773,1.1877,1.57,0.75
03.08.2021 00:20:11.178,1.18773,1.18769,6.27,0.75
03.08.2021 00:20:11.785,1.18773,1.18768,1.57,0.26
03.08.2021 00:20:16.785,1.18773,1.18769,1.57,0.75
03.08.2021 00:20:17.826,1.18773,1.18768,1.57,0.19
03.08.2021 00:20:21.846,1.18773,1.1876700000000002,1.57,1.95
03.08.2021 00:20:22.840,1.18773,1.18769,1.57,0.75
03.08.2021 00:20:23.830,1.18773,1.1876700000000002,1.57,1.95
03.08.2021 00:20:26.367,1.1877,1.18765,0.37,9.52
03.08.2021 00:20:26.621,1.18771,1.18765,1.57,2.89
03.08.2021 00:20:26.781,1.18771,1.1876700000000002,0.75,0.37
03.08.2021 00:20:26.883,1.18772,1.1876600000000002,0.82,3.64
03.08.2021 00:20:28.794,1.18772,1.18768,0.82,0.75
03.08.2021 00:20:29.803,1.18772,1.1876600000000002,0.82,4.84
03.08.2021 00:20:30.540,1.18772,1.1876700000000002,0.82,0.19
03.08.2021 00:20:30.794,1.1877,1.1876600000000002,0.75,2.51
03.08.2021 00:20:33.616,1.1877,1.18764,3.82,1.39
03.08.2021 00:20:33.717,1.18768,1.18764,0.75,0.19
03.08.2021 00:20:33.869,1.18768,1.18763,1.5,2.89
03.08.2021 00:20:33.970,1.1876700000000002,1.18765,0.75,0.19
03.08.2021 00:20:39.806,1.18768,1.18763,0.75,7.95
03.08.2021 00:20:44.806,1.18768,1.18764,0.75,0.75
03.08.2021 00:20:45.778,1.18769,1.18763,0.1,2.89
03.08.2021 00:20:51.482,1.18768,1.18764,0.75,0.75
03.08.2021 00:20:51.783,1.18769,1.18763,0.45,2.89
03.08.2021 00:20:54.343,1.18768,1.1876600000000002,1.2,0.75
03.08.2021 00:20:55.785,1.18769,1.18763,0.45,3.64
03.08.2021 00:20:56.774,1.18769,1.18764,0.1,3.56
03.08.2021 00:20:56.825,1.1877,1.1876700000000002,0.75,0.75
03.08.2021 00:20:56.927,1.18772,1.18768,2.51,0.75
03.08.2021 00:20:57.180,1.18773,1.18768,1.95,0.75
03.08.2021 00:20:57.723,1.18772,1.18768,0.1,0.75
03.08.2021 00:20:57.787,1.18771,1.1876700000000002,0.1,5.51
03.08.2021 00:20:57.888,1.18772,1.18769,0.1,0.75
03.08.2021 00:20:59.830,1.18772,1.1876600000000002,0.1,4.76
03.08.2021 00:21:00.465,1.1877,1.1876600000000002,2.32,0.75
03.08.2021 00:21:00.566,1.18769,1.1876600000000002,0.1,0.75
03.08.2021 00:21:01.836,1.18768,1.18764,0.1,9.45
03.08.2021 00:21:03.278,1.18768,1.18765,0.1,0.75
03.08.2021 00:21:03.581,1.18769,1.18765,1.95,0.75
03.08.2021 00:21:03.799,1.18769,1.18763,0.45,5.7
03.08.2021 00:21:07.531,1.1876700000000002,1.18763,0.1,0.75
03.08.2021 00:21:07.633,1.18768,1.18763,1.95,0.75
03.08.2021 00:21:07.837,1.18768,1.1876200000000001,1.2,0.45
03.08.2021 00:21:09.628,1.18768,1.18764,1.57,0.75
03.08.2021 00:21:09.830,1.18769,1.1876600000000002,1.2,0.75
03.08.2021 00:21:15.107,1.18768,1.1876600000000002,0.1,0.75
03.08.2021 00:21:18.482,1.18768,1.18765,0.1,0.75
03.08.2021 00:21:20.759,1.18769,1.18765,1.95,0.75
03.08.2021 00:21:34.789,1.1877,1.1876600000000002,1.57,0.75
03.08.2021 00:21:35.644,1.18769,1.1876600000000002,0.1,0.75
03.08.2021 00:21:39.496,1.18769,1.18765,1.2,0.75
03.08.2021 00:21:49.419,1.1877,1.1876600000000002,1.57,0.75
03.08.2021 00:21:50.036,1.18769,1.1876600000000002,0.1,0.75
03.08.2021 00:21:50.137,1.18769,1.18765,0.82,0.75
03.08.2021 00:21:50.852,1.18769,1.1876600000000002,0.1,0.75
03.08.2021 00:21:51.003,1.18769,1.18765,0.82,0.75
03.08.2021 00:22:06.058,1.1877,1.1876600000000002,2.32,0.75
03.08.2021 00:22:06.211,1.1877,1.18768,0.82,0.75
03.08.2021 00:22:06.312,1.18771,1.18769,1.57,0.75
03.08.2021 00:22:09.045,1.18772,1.18769,0.1,0.75
03.08.2021 00:22:10.575,1.18773,1.18769,1.95,0.75
03.08.2021 00:22:14.388,1.18774,1.18771,1.2,0.75
03.08.2021 00:22:14.591,1.18775,1.18771,0.75,0.75
03.08.2021 00:22:14.693,1.1877700000000002,1.18773,1.57,0.75
03.08.2021 00:22:14.794,1.1877700000000002,1.18774,0.1,0.75
03.08.2021 00:22:14.896,1.18778,1.18774,1.95,0.75
03.08.2021 00:22:21.101,1.1877700000000002,1.18774,0.1,0.75
03.08.2021 00:22:21.203,1.18778,1.18774,1.57,0.75
03.08.2021 00:22:29.395,1.1877900000000001,1.18773,3.07,0.1
03.08.2021 00:22:29.496,1.18778,1.18773,0.1,0.1
03.08.2021 00:22:30.482,1.18778,1.18774,0.82,0.75
03.08.2021 00:22:34.508,1.18778,1.18775,0.1,0.75
03.08.2021 00:22:35.390,1.1877900000000001,1.18775,2.7,0.75
03.08.2021 00:22:47.986,1.18782,1.1877700000000002,2.02,1.39
03.08.2021 00:22:48.037,1.18782,1.1877900000000001,0.52,0.75
03.08.2021 00:22:48.139,1.18782,1.1878,0.45,0.75
03.08.2021 00:22:48.241,1.18783,1.1878,0.1,0.75
03.08.2021 00:22:48.343,1.18783,1.18781,1.95,0.75
03.08.2021 00:22:48.849,1.18783,1.1878,0.82,0.75
03.08.2021 00:22:53.942,1.18784,1.1878,0.82,0.75
03.08.2021 00:22:55.765,1.1878600000000001,1.18782,4.57,1.69
03.08.2021 00:22:56.018,1.1878700000000002,1.18783,0.82,0.75
03.08.2021 00:22:56.311,1.1878700000000002,1.18785,0.1,0.75
03.08.2021 00:22:58.033,1.18788,1.18785,0.45,0.75
03.08.2021 00:23:00.477,1.18788,1.18783,0.1,0.1
03.08.2021 00:23:02.958,1.18788,1.18784,0.1,0.75
03.08.2021 00:23:03.009,1.1878900000000001,1.1878600000000001,0.1,0.75
03.08.2021 00:23:03.211,1.18788,1.1878600000000001,0.1,0.75
03.08.2021 00:23:03.658,1.18788,1.18785,1.2,0.75
03.08.2021 00:23:10.610,1.1878700000000002,1.18784,1.2,0.75
03.08.2021 00:23:21.382,1.18788,1.18784,1.95,0.75
03.08.2021 00:23:26.200,1.1878700000000002,1.18784,0.1,0.75
03.08.2021 00:23:29.097,1.1878600000000001,1.18784,0.75,0.75
03.08.2021 00:23:30.078,1.1878700000000002,1.18784,0.1,0.75
03.08.2021 00:23:33.583,1.18788,1.18784,1.57,0.75
03.08.2021 00:23:44.127,1.1878600000000001,1.18784,1.12,0.75
03.08.2021 00:23:44.179,1.18784,1.18782,1.95,0.75
03.08.2021 00:23:44.281,1.18784,1.18781,0.82,0.75
03.08.2021 00:23:44.383,1.18784,1.1878,0.82,0.19
03.08.2021 00:23:44.485,1.18784,1.1877900000000001,0.82,4.2
03.08.2021 00:23:45.193,1.18784,1.18781,0.1,0.75
03.08.2021 00:23:48.414,1.18784,1.1878,0.1,0.75
03.08.2021 00:23:50.709,1.18784,1.18781,0.1,0.75
03.08.2021 00:23:52.525,1.18785,1.18781,2.14,0.75
03.08.2021 00:23:57.625,1.18784,1.18781,0.75,0.75
03.08.2021 00:23:59.408,1.18785,1.18781,2.14,0.75
03.08.2021 00:24:02.099,1.18784,1.18781,0.1,0.75
03.08.2021 00:24:05.281,1.18784,1.1878,0.82,0.75
03.08.2021 00:24:23.645,1.18783,1.1878,1.12,0.75
03.08.2021 00:24:24.041,1.18782,1.1878,0.37,0.75
03.08.2021 00:24:27.533,1.18782,1.18778,2.32,0.75
03.08.2021 00:24:27.634,1.1878,1.18778,0.75,0.75
03.08.2021 00:24:27.736,1.18781,1.1877700000000002,0.82,0.75
03.08.2021 00:24:33.538,1.1877900000000001,1.18775,0.75,0.82
03.08.2021 00:24:34.239,1.18778,1.18775,0.75,0.75
03.08.2021 00:24:34.501,1.1877900000000001,1.18775,0.82,0.75
03.08.2021 00:24:39.420,1.1877700000000002,1.18773,3.64,0.75
03.08.2021 00:24:39.521,1.1877600000000001,1.18772,0.82,0.75
03.08.2021 00:24:39.622,1.1877700000000002,1.18772,6.83,0.82
03.08.2021 00:24:41.142,1.18775,1.18771,0.82,0.75
03.08.2021 00:24:42.804,1.18774,1.18771,0.75,0.75
03.08.2021 00:24:47.582,1.18774,1.1877,1.95,0.75
03.08.2021 00:24:47.683,1.18773,1.1877,0.1,0.75
03.08.2021 00:24:50.828,1.18774,1.1877,1.2,0.75
03.08.2021 00:24:50.929,1.18775,1.18771,0.1,0.75
03.08.2021 00:24:51.081,1.18775,1.18772,0.82,0.75
03.08.2021 00:24:51.205,1.18775,1.18771,0.82,0.75
03.08.2021 00:24:53.986,1.18774,1.18771,0.1,0.75
03.08.2021 00:24:54.231,1.18774,1.1877,0.82,0.75
03.08.2021 00:24:54.333,1.18771,1.1877,0.37,0.75
03.08.2021 00:24:56.391,1.18773,1.18769,1.39,0.75
03.08.2021 00:24:58.441,1.18772,1.18771,0.1,0.75
03.08.2021 00:24:58.542,1.18774,1.1877,2.14,0.75
03.08.2021 00:24:58.796,1.18773,1.1877,0.1,0.75
03.08.2021 00:24:59.128,1.18773,1.18769,0.82,0.75
03.08.2021 00:25:00.233,1.18774,1.18769,2.14,0.82
03.08.2021 00:25:01.003,1.18773,1.18769,0.1,0.75
03.08.2021 00:25:03.106,1.18773,1.18771,2.32,0.19
03.08.2021 00:25:03.208,1.18775,1.18771,1.5,1.57
03.08.2021 00:25:03.309,1.1877700000000002,1.18773,6.45,0.75
03.08.2021 00:25:03.411,1.18778,1.18773,2.51,0.82
03.08.2021 00:25:03.516,1.18778,1.18774,2.51,0.75
03.08.2021 00:25:03.824,1.18778,1.18775,1.57,0.75
03.08.2021 00:25:24.713,1.1877900000000001,1.18775,1.95,0.75
03.08.2021 00:25:26.345,1.18778,1.18775,0.1,0.75
03.08.2021 00:25:31.575,1.1877900000000001,1.18775,1.95,0.75
03.08.2021 00:25:36.069,1.1877900000000001,1.1877600000000001,0.1,1.5
03.08.2021 00:25:36.120,1.18781,1.1877700000000002,3.82,1.12
03.08.2021 00:25:36.221,1.18781,1.18778,0.82,0.75
03.08.2021 00:25:36.423,1.18782,1.18778,3.07,0.75
03.08.2021 00:25:40.622,1.18781,1.1878,0.75,0.75
03.08.2021 00:25:43.899,1.18781,1.1877700000000002,0.1,0.75
03.08.2021 00:25:45.323,1.18782,1.18778,1.57,0.75
03.08.2021 00:25:45.424,1.18782,1.1877900000000001,0.75,0.75
03.08.2021 00:25:45.857,1.18782,1.1878,0.75,0.75
03.08.2021 00:25:45.908,1.1878,1.1877600000000001,0.82,4.87
03.08.2021 00:25:46.010,1.1877900000000001,1.1877600000000001,0.37,0.75
03.08.2021 00:25:51.155,1.18778,1.18775,0.1,0.75
03.08.2021 00:25:51.560,1.1877700000000002,1.18773,1.01,0.75
03.08.2021 00:25:51.661,1.1877600000000001,1.18773,0.1,0.75
03.08.2021 00:25:51.813,1.18775,1.18773,0.82,0.75
03.08.2021 00:25:57.362,1.18775,1.18771,1.95,0.75
03.08.2021 00:25:57.565,1.18774,1.18771,0.1,0.75
03.08.2021 00:25:57.666,1.18775,1.18771,1.39,0.75
03.08.2021 00:25:57.931,1.18774,1.18771,0.1,0.75
03.08.2021 00:25:59.320,1.18774,1.1877,0.1,0.75
03.08.2021 00:26:09.158,1.1877600000000001,1.18772,1.95,1.76
03.08.2021 00:26:09.260,1.1877600000000001,1.18773,0.45,0.94
03.08.2021 00:26:09.362,1.1877700000000002,1.18773,0.75,1.01
03.08.2021 00:26:09.669,1.1877700000000002,1.18774,0.75,0.19
03.08.2021 00:26:09.770,1.18778,1.18775,0.1,0.75
03.08.2021 00:26:10.594,1.1877900000000001,1.18775,1.2,0.75
03.08.2021 00:26:34.325,1.18778,1.18775,0.82,0.75
03.08.2021 00:26:36.914,1.1877700000000002,1.18775,0.37,0.75
03.08.2021 00:26:38.673,1.1877700000000002,1.1877600000000001,0.45,0.75
03.08.2021 00:26:43.259,1.1877900000000001,1.18775,1.95,0.75
03.08.2021 00:26:48.000,1.18778,1.18775,0.37,0.75
03.08.2021 00:26:49.030,1.1877700000000002,1.18775,0.37,0.75
03.08.2021 00:26:49.453,1.18778,1.18775,0.1,0.75
03.08.2021 00:26:49.605,1.18778,1.18774,0.1,0.75
03.08.2021 00:26:49.818,1.1877900000000001,1.18774,1.95,0.82
03.08.2021 00:26:55.888,1.1877900000000001,1.18775,1.95,0.75
03.08.2021 00:27:09.196,1.18778,1.18775,0.37,0.75
03.08.2021 00:27:10.157,1.18778,1.18774,1.12,0.82
03.08.2021 00:27:17.858,1.18778,1.18773,1.57,1.57
03.08.2021 00:27:17.976,1.1877700000000002,1.18773,0.82,0.75
03.08.2021 00:27:18.077,1.1877600000000001,1.18772,0.82,0.75
03.08.2021 00:27:27.106,1.1877700000000002,1.18773,1.12,1.57
03.08.2021 00:27:28.888,1.18774,1.18771,0.75,4.76
03.08.2021 00:27:29.091,1.18774,1.1877,0.75,0.82
03.08.2021 00:27:29.668,1.1877600000000001,1.18772,5.44,3.07
03.08.2021 00:27:29.770,1.1877700000000002,1.18773,1.2,1.57
03.08.2021 00:27:29.871,1.18778,1.18774,1.95,0.75
03.08.2021 00:27:34.056,1.1877700000000002,1.18773,0.82,1.87
03.08.2021 00:27:37.221,1.1877600000000001,1.18772,0.82,1.5
03.08.2021 00:27:42.782,1.1877600000000001,1.18771,0.82,2.7
03.08.2021 00:27:43.832,1.1877700000000002,1.18772,1.95,1.57
03.08.2021 00:27:43.933,1.1877700000000002,1.18774,2.32,1.57
03.08.2021 00:27:46.416,1.18778,1.18774,1.57,0.75
03.08.2021 00:27:48.498,1.18774,1.18772,0.82,1.5
03.08.2021 00:27:48.651,1.18775,1.18772,0.75,0.75
03.08.2021 00:27:56.047,1.18775,1.18771,0.75,1.2
03.08.2021 00:27:56.148,1.18774,1.1877,0.75,0.82
03.08.2021 00:28:19.106,1.18774,1.18771,0.75,0.37
03.08.2021 00:28:19.157,1.1877600000000001,1.18772,0.75,2.32
03.08.2021 00:28:19.258,1.1877600000000001,1.18773,0.75,0.82
03.08.2021 00:28:21.102,1.18778,1.18773,1.2,0.1
03.08.2021 00:28:24.497,1.1877600000000001,1.18773,0.75,0.82
03.08.2021 00:28:28.150,1.1877600000000001,1.18772,0.82,1.5
03.08.2021 00:28:28.670,1.18774,1.1877,0.75,1.57
03.08.2021 00:28:28.771,1.18773,1.1877,0.75,0.82
03.08.2021 00:28:31.543,1.18773,1.18771,0.75,0.1
03.08.2021 00:28:31.645,1.18774,1.18771,0.75,0.1
03.08.2021 00:28:32.221,1.18774,1.1877,0.75,0.82
03.08.2021 00:28:32.324,1.18774,1.18771,0.75,0.1
03.08.2021 00:28:33.809,1.18774,1.1877,0.75,0.82
03.08.2021 00:28:56.177,1.18769,1.1876700000000002,1.2,13.76
03.08.2021 00:28:56.279,1.18771,1.1876700000000002,2.32,0.75
03.08.2021 00:28:56.381,1.1877,1.1876600000000002,0.75,1.57
03.08.2021 00:29:00.529,1.18769,1.1876600000000002,0.75,0.82
03.08.2021 00:29:02.514,1.18769,1.18765,1.2,0.75
03.08.2021 00:29:02.615,1.18768,1.18765,0.1,0.75
03.08.2021 00:29:02.919,1.1876700000000002,1.18763,0.75,2.32
03.08.2021 00:29:09.589,1.18765,1.1876200000000001,0.82,0.75
03.08.2021 00:29:09.690,1.18764,1.18761,0.82,1.5
03.08.2021 00:29:09.791,1.1876200000000001,1.18759,0.75,0.75
03.08.2021 00:29:09.943,1.1876200000000001,1.18758,0.75,2.32
03.08.2021 00:29:11.169,1.18761,1.1875700000000002,1.57,1.12
03.08.2021 00:29:12.266,1.18763,1.18761,2.25,0.75
03.08.2021 00:29:12.368,1.18764,1.1876200000000001,4.69,1.2
03.08.2021 00:29:12.418,1.1876600000000002,1.1876200000000001,0.75,1.95
03.08.2021 00:29:15.481,1.1876700000000002,1.18763,0.82,0.75
03.08.2021 00:29:18.147,1.18765,1.18761,0.75,2.62
03.08.2021 00:29:18.299,1.18764,1.18761,0.75,0.75
03.08.2021 00:29:20.091,1.18765,1.18761,0.75,1.87
03.08.2021 00:29:24.977,1.18764,1.1876,0.82,0.75
03.08.2021 00:29:25.080,1.18763,1.18759,0.75,0.75
03.08.2021 00:29:25.181,1.1876200000000001,1.18758,0.75,2.62
03.08.2021 00:29:26.349,1.18763,1.18759,0.82,0.75
03.08.2021 00:29:42.600,1.18761,1.18758,0.82,0.45
03.08.2021 00:29:42.752,1.1876,1.18758,0.75,0.45
03.08.2021 00:29:42.854,1.1876,1.1875700000000002,0.75,0.75
03.08.2021 00:29:43.106,1.18761,1.1875700000000002,0.75,1.87
03.08.2021 00:29:43.258,1.1876200000000001,1.18758,0.75,1.5
03.08.2021 00:29:43.582,1.18761,1.18758,0.75,0.75
03.08.2021 00:29:43.684,1.18763,1.18759,0.82,1.87
03.08.2021 00:29:48.316,1.1876200000000001,1.18758,0.75,2.62
03.08.2021 00:29:51.215,1.18761,1.18758,0.75,1.5
03.08.2021 00:29:51.419,1.1876200000000001,1.18758,0.82,1.87
03.08.2021 00:29:52.855,1.18763,1.18759,0.82,0.75
03.08.2021 00:29:56.065,1.1876200000000001,1.18758,0.75,2.32
03.08.2021 00:30:02.375,1.18763,1.1876,0.1,0.75
03.08.2021 00:30:02.780,1.18764,1.1876,0.82,0.75
03.08.2021 00:30:02.881,1.1876600000000002,1.1876200000000001,3.07,2.25
03.08.2021 00:30:03.185,1.18765,1.18761,0.75,2.25
03.08.2021 00:30:05.001,1.18764,1.18761,0.1,0.75
03.08.2021 00:30:05.213,1.18764,1.1876,0.82,0.75
03.08.2021 00:30:06.998,1.1876200000000001,1.18761,0.1,0.75
03.08.2021 00:30:07.049,1.18761,1.18759,0.75,4.27
03.08.2021 00:30:10.528,1.18763,1.18758,0.82,2.32
03.08.2021 00:30:20.768,1.18763,1.18759,0.75,0.82
03.08.2021 00:31:19.614,1.1876200000000001,1.18758,0.75,0.82
03.08.2021 00:31:31.581,1.1876200000000001,1.18759,2.32,0.82
03.08.2021 00:31:36.481,1.1876200000000001,1.18758,0.75,1.2
03.08.2021 00:31:39.167,1.18759,1.1875700000000002,1.2,5.81
03.08.2021 00:31:39.269,1.18759,1.1875600000000002,0.75,0.75
03.08.2021 00:31:39.370,1.18759,1.18755,0.75,2.32
03.08.2021 00:31:39.641,1.18759,1.18754,0.82,1.57
03.08.2021 00:31:41.102,1.18759,1.18755,0.75,0.82
03.08.2021 00:31:41.203,1.1876,1.1875600000000002,0.75,0.45
03.08.2021 00:31:41.305,1.18761,1.1875600000000002,0.82,1.39
03.08.2021 00:31:42.702,1.18759,1.18755,0.75,1.57
03.08.2021 00:31:42.854,1.18759,1.18754,0.82,2.02
03.08.2021 00:31:43.005,1.18758,1.18754,0.75,1.2
03.08.2021 00:31:48.116,1.18758,1.18753,0.82,3.26
03.08.2021 00:31:49.215,1.18758,1.18754,0.82,0.37
03.08.2021 00:31:49.317,1.18759,1.18754,0.82,1.76
03.08.2021 00:31:50.610,1.18758,1.18753,0.82,3.26
03.08.2021 00:32:05.029,1.1875600000000002,1.18754,0.37,0.82
03.08.2021 00:32:10.134,1.1875700000000002,1.1875200000000001,0.82,1.76
03.08.2021 00:32:10.286,1.1875600000000002,1.1875200000000001,1.5,0.45
03.08.2021 00:32:14.031,1.1875600000000002,1.18753,0.75,0.1
03.08.2021 00:32:16.517,1.1875600000000002,1.1875200000000001,0.75,1.57
03.08.2021 00:32:16.619,1.18754,1.1875,0.75,2.02
03.08.2021 00:32:16.720,1.18753,1.1875,0.75,1.2
03.08.2021 00:32:16.822,1.18754,1.18749,1.57,1.2
03.08.2021 00:32:17.675,1.1875200000000001,1.18748,0.75,1.2
03.08.2021 00:32:20.595,1.1875,1.18748,0.75,1.76
03.08.2021 00:32:36.981,1.1875,1.18749,0.75,0.1
03.08.2021 00:32:37.083,1.18751,1.18747,0.75,1.2
03.08.2021 00:32:37.682,1.18751,1.18748,0.75,0.1
03.08.2021 00:32:39.326,1.1875200000000001,1.18748,0.75,0.1
03.08.2021 00:32:40.287,1.1875200000000001,1.18749,1.57,1.95
03.08.2021 00:32:40.916,1.1875200000000001,1.18748,0.75,0.45
03.08.2021 00:32:41.287,1.1875200000000001,1.18749,0.82,2.06
03.08.2021 00:32:41.440,1.1875200000000001,1.18748,0.75,2.32
03.08.2021 00:32:43.379,1.18753,1.18749,0.75,0.75
03.08.2021 00:32:44.256,1.18753,1.18748,0.82,1.31
03.08.2021 00:32:44.358,1.18751,1.18747,1.2,0.45
03.08.2021 00:32:45.210,1.1875,1.1874600000000002,1.5,1.2
03.08.2021 00:32:45.311,1.18749,1.1874600000000002,1.57,0.45
03.08.2021 00:32:45.362,1.18749,1.18744,1.57,1.12
03.08.2021 00:32:47.485,1.18749,1.1874500000000001,0.75,1.69
03.08.2021 00:32:48.041,1.18749,1.18744,0.75,1.39
03.08.2021 00:32:48.863,1.1875,1.1874500000000001,2.25,2.14
03.08.2021 00:32:48.964,1.18749,1.18747,1.5,0.19
03.08.2021 00:32:49.576,1.1875,1.1874500000000001,0.75,1.39
03.08.2021 00:32:49.773,1.18749,1.1874500000000001,0.75,1.31
03.08.2021 00:32:50.466,1.18749,1.18744,1.2,1.31
03.08.2021 00:32:50.567,1.18748,1.18744,0.75,0.94
03.08.2021 00:32:56.050,1.18749,1.18744,1.5,1.39
03.08.2021 00:32:56.303,1.18748,1.18744,0.75,1.31
03.08.2021 00:32:56.658,1.18748,1.18743,0.82,0.75
03.08.2021 00:32:59.218,1.18747,1.1874200000000001,0.75,2.51
03.08.2021 00:32:59.320,1.18747,1.18743,0.75,0.75
03.08.2021 00:32:59.432,1.18747,1.1874200000000001,0.75,1.57
03.08.2021 00:33:00.276,1.18747,1.18743,0.82,0.37
03.08.2021 00:33:00.327,1.18747,1.1874500000000001,0.75,0.75
03.08.2021 00:33:00.428,1.18748,1.18744,1.12,1.39
03.08.2021 00:33:16.432,1.18748,1.18743,0.75,2.89
03.08.2021 00:33:16.692,1.18747,1.18743,0.75,0.94
03.08.2021 00:33:16.962,1.18747,1.1874200000000001,0.75,3.26
03.08.2021 00:33:19.628,1.1874600000000002,1.1874200000000001,0.75,3.19
03.08.2021 00:33:29.214,1.18744,1.1874,0.75,2.51
03.08.2021 00:33:32.361,1.18743,1.18739,0.75,0.37
03.08.2021 00:33:33.879,1.1874,1.18737,0.75,0.45
03.08.2021 00:33:33.981,1.18739,1.18737,0.94,0.45
03.08.2021 00:33:34.032,1.18737,1.1873500000000001,0.75,0.37
03.08.2021 00:33:34.133,1.1873600000000002,1.18734,0.75,1.31
03.08.2021 00:33:37.178,1.18737,1.1873200000000002,0.75,1.39
03.08.2021 00:33:37.465,1.18733,1.1873,0.75,1.39
03.08.2021 00:33:37.617,1.1873,1.18728,0.75,1.5
03.08.2021 00:33:37.771,1.18731,1.18728,0.75,0.75
03.08.2021 00:33:37.974,1.18731,1.18727,0.75,3.34
03.08.2021 00:33:38.430,1.18731,1.1872600000000002,0.75,5.14
03.08.2021 00:33:38.532,1.18731,1.18728,0.75,0.19
03.08.2021 00:33:38.634,1.1873,1.18728,0.75,0.64
03.08.2021 00:33:38.736,1.18731,1.18728,0.75,0.19
03.08.2021 00:33:39.537,1.18731,1.18727,0.75,1.39
03.08.2021 00:33:40.462,1.1873,1.18727,0.75,0.75
03.08.2021 00:33:40.563,1.18731,1.18727,0.75,1.12
03.08.2021 00:33:40.664,1.1873,1.18727,0.75,0.37
03.08.2021 00:33:40.765,1.1873,1.1872600000000002,0.75,4.39
03.08.2021 00:33:44.316,1.1873200000000002,1.18728,1.12,0.19
03.08.2021 00:33:44.418,1.18734,1.18731,0.75,2.89
03.08.2021 00:33:44.519,1.1873500000000001,1.1873200000000002,0.75,0.56
03.08.2021 00:33:44.672,1.1873600000000002,1.1873200000000002,0.75,1.31
03.08.2021 00:33:46.053,1.1873500000000001,1.1873200000000002,0.75,0.56
03.08.2021 00:33:46.572,1.18734,1.1873200000000002,0.75,0.19
03.08.2021 00:33:47.250,1.1873500000000001,1.1873200000000002,0.75,0.56
03.08.2021 00:33:48.423,1.1873500000000001,1.18733,0.75,0.19
03.08.2021 00:33:48.575,1.1873600000000002,1.18733,0.75,0.56
03.08.2021 00:33:50.058,1.1873600000000002,1.1873200000000002,0.75,2.06
03.08.2021 00:33:50.943,1.1873600000000002,1.18733,0.75,0.19
03.08.2021 00:33:57.811,1.18733,1.18731,0.75,0.75
03.08.2021 00:33:58.018,1.18733,1.18729,0.75,8.89
03.08.2021 00:33:58.389,1.1873200000000002,1.18729,0.75,1.39
03.08.2021 00:33:59.765,1.1873200000000002,1.18728,0.75,1.12
03.08.2021 00:33:59.866,1.18731,1.18728,0.75,0.37
03.08.2021 00:34:00.276,1.1873200000000002,1.18728,0.75,0.56
03.08.2021 00:34:04.277,1.1873200000000002,1.18729,0.75,0.75
03.08.2021 00:34:15.319,1.18733,1.18729,0.75,0.94
03.08.2021 00:34:15.954,1.18734,1.18731,0.75,0.19
03.08.2021 00:34:16.208,1.1873500000000001,1.18731,0.75,1.39
03.08.2021 00:34:16.669,1.1873600000000002,1.18731,0.75,2.14
03.08.2021 00:34:19.404,1.1873600000000002,1.1873200000000002,0.75,3.19
03.08.2021 00:34:19.505,1.1873600000000002,1.18733,0.75,0.75
03.08.2021 00:34:21.689,1.18737,1.18733,0.75,2.14
03.08.2021 00:34:28.010,1.1873600000000002,1.18733,0.75,1.12
03.08.2021 00:34:53.599,1.1873799999999999,1.18733,0.75,1.87
03.08.2021 00:35:01.450,1.18739,1.18734,0.75,2.25
03.08.2021 00:35:01.501,1.1874,1.1873600000000002,5.89,1.5
03.08.2021 00:35:02.218,1.1874,1.18737,0.75,2.81
03.08.2021 00:35:02.369,1.1874200000000001,1.1873799999999999,0.75,0.75
03.08.2021 00:35:02.471,1.18743,1.1873799999999999,0.75,1.5
03.08.2021 00:35:02.572,1.1874200000000001,1.1873799999999999,0.75,0.75
03.08.2021 00:35:02.775,1.1874200000000001,1.18737,0.75,2.44
03.08.2021 00:35:06.275,1.1874,1.18737,0.75,0.37
03.08.2021 00:35:06.376,1.1874,1.1873600000000002,0.75,1.5
03.08.2021 00:35:06.631,1.18741,1.18737,0.82,0.75
03.08.2021 00:35:06.886,1.1874200000000001,1.18737,5.52,2.25
03.08.2021 00:35:12.201,1.18741,1.18737,1.2,0.75
03.08.2021 00:35:14.564,1.18741,1.1873600000000002,1.39,1.5
03.08.2021 00:35:14.666,1.18739,1.1873500000000001,0.75,2.81
03.08.2021 00:35:15.021,1.18739,1.1873600000000002,0.75,1.69
03.08.2021 00:35:15.123,1.1874,1.18737,0.75,0.75
03.08.2021 00:35:18.450,1.1874,1.1873600000000002,0.75,2.06
03.08.2021 00:35:18.597,1.18741,1.1873600000000002,0.75,2.81
03.08.2021 00:35:18.698,1.18741,1.18737,0.75,0.75
03.08.2021 00:35:30.277,1.1874,1.18737,0.75,0.75
03.08.2021 00:35:30.328,1.1874,1.1873500000000001,0.75,7.01
03.08.2021 00:35:30.632,1.18739,1.18734,0.75,2.62
03.08.2021 00:35:36.481,1.1873799999999999,1.18733,0.75,4.31
03.08.2021 00:36:01.370,1.1873799999999999,1.18734,0.75,0.75
03.08.2021 00:36:01.421,1.1874,1.18737,5.89,0.37
03.08.2021 00:36:01.573,1.1874200000000001,1.18737,1.12,2.25
03.08.2021 00:36:02.447,1.18744,1.18739,7.47,0.94
03.08.2021 00:36:02.599,1.18744,1.1874,0.45,0.75
03.08.2021 00:36:02.701,1.1874500000000001,1.1874,1.12,0.75
03.08.2021 00:36:03.258,1.1874500000000001,1.18741,0.75,0.75
03.08.2021 00:36:03.360,1.1874500000000001,1.1874,0.75,0.75
03.08.2021 00:36:05.135,1.1874600000000002,1.1874200000000001,4.69,3.56
03.08.2021 00:36:05.237,1.18747,1.18743,1.2,0.75
03.08.2021 00:36:09.481,1.18748,1.18743,0.75,1.69
03.08.2021 00:36:14.519,1.18749,1.18744,5.82,2.44
03.08.2021 00:36:14.975,1.18748,1.18744,0.1,0.75
03.08.2021 00:36:15.076,1.18748,1.18743,0.82,1.31
03.08.2021 00:36:15.178,1.18748,1.18744,0.75,0.75
03.08.2021 00:36:15.582,1.18749,1.1874600000000002,5.82,1.31
03.08.2021 00:36:17.916,1.18749,1.1874500000000001,0.37,0.75
03.08.2021 00:36:18.120,1.1875,1.1874500000000001,1.2,0.75
03.08.2021 00:36:19.698,1.18749,1.18747,1.2,0.75
03.08.2021 00:36:20.810,1.1875200000000001,1.18747,2.4,0.75
03.08.2021 00:36:21.071,1.18751,1.18747,0.75,1.12
03.08.2021 00:36:33.156,1.1875,1.1874500000000001,0.75,2.62
03.08.2021 00:36:33.655,1.18751,1.1874600000000002,1.2,1.5
03.08.2021 00:36:33.757,1.18751,1.18747,0.37,0.75
03.08.2021 00:36:33.858,1.1875200000000001,1.18747,2.32,0.75
03.08.2021 00:36:34.363,1.18751,1.18747,0.37,0.75
03.08.2021 00:36:39.067,1.18751,1.1874600000000002,1.12,2.62
03.08.2021 00:36:40.131,1.1875,1.1874600000000002,1.01,0.75
03.08.2021 00:36:40.232,1.18748,1.1874600000000002,0.45,0.75
03.08.2021 00:36:40.334,1.18749,1.18744,1.12,3.19
03.08.2021 00:36:43.109,1.1875,1.1874500000000001,5.89,0.75
03.08.2021 00:36:44.176,1.18751,1.1874600000000002,5.44,1.87
03.08.2021 00:36:44.278,1.1875200000000001,1.18747,3.45,0.75
03.08.2021 00:36:45.605,1.18751,1.18747,0.37,0.75
03.08.2021 00:36:49.294,1.1875200000000001,1.18747,1.2,0.75
03.08.2021 00:36:51.134,1.1875200000000001,1.18748,1.12,0.37
03.08.2021 00:36:53.841,1.1875200000000001,1.18747,0.75,3.37
03.08.2021 00:36:54.501,1.18753,1.18748,2.32,0.75
03.08.2021 00:36:57.656,1.1875200000000001,1.18747,0.75,1.5
03.08.2021 00:36:57.808,1.18751,1.18747,0.75,0.75
03.08.2021 00:36:59.185,1.18751,1.1874600000000002,0.75,2.62
03.08.2021 00:37:05.526,1.1875,1.1874600000000002,0.45,0.75
03.08.2021 00:37:05.628,1.18748,1.18743,0.75,14.25
03.08.2021 00:37:06.279,1.18747,1.18743,0.75,1.69
03.08.2021 00:37:13.398,1.18747,1.1874200000000001,1.95,0.75
03.08.2021 00:37:13.449,1.1874500000000001,1.1874,0.75,3.19
03.08.2021 00:37:13.551,1.18744,1.1874200000000001,0.75,0.75
03.08.2021 00:37:18.161,1.1874500000000001,1.1874,1.12,0.75
03.08.2021 00:37:22.477,1.18744,1.1874200000000001,0.75,1.5
03.08.2021 00:37:22.579,1.1874500000000001,1.1874200000000001,0.75,3.94
03.08.2021 00:37:22.681,1.18747,1.1874200000000001,0.75,1.5
03.08.2021 00:37:23.137,1.1874600000000002,1.18741,0.94,3
03.08.2021 00:37:31.820,1.1874500000000001,1.18741,0.37,6.75
03.08.2021 00:37:32.023,1.1874600000000002,1.18741,0.75,6.75
03.08.2021 00:37:33.709,1.1874500000000001,1.18741,0.82,0.75
03.08.2021 00:37:33.810,1.18744,1.18741,0.82,0.94
03.08.2021 00:37:34.108,1.18744,1.1874,0.19,0.75
03.08.2021 00:37:34.260,1.18744,1.18739,1.31,0.75
03.08.2021 00:37:34.563,1.18743,1.1873799999999999,0.75,2.81
03.08.2021 00:37:39.798,1.18744,1.18739,0.94,0.75
03.08.2021 00:37:49.900,1.18744,1.1874,0.75,0.75
03.08.2021 00:37:58.895,1.1874200000000001,1.18739,0.82,2.81
03.08.2021 00:38:05.109,1.18744,1.18739,1.39,0.75
03.08.2021 00:38:19.493,1.1874500000000001,1.1874,1.57,0.75
03.08.2021 00:38:21.399,1.18741,1.1873799999999999,0.82,1.5
03.08.2021 00:38:21.500,1.18741,1.18737,0.82,0.45
03.08.2021 00:38:21.602,1.1874,1.18737,0.82,1.5
03.08.2021 00:38:21.918,1.18741,1.18737,0.75,1.5
03.08.2021 00:38:22.020,1.1874200000000001,1.18737,2.51,0.75
03.08.2021 00:38:22.477,1.18741,1.18737,0.1,0.75
03.08.2021 00:38:36.392,1.18741,1.1873600000000002,2.51,0.75
03.08.2021 00:38:36.545,1.18741,1.18737,1.01,0.75
03.08.2021 00:38:36.647,1.18741,1.1873600000000002,3.26,0.75
03.08.2021 00:38:53.132,1.1874,1.1873600000000002,0.82,0.75
03.08.2021 00:38:53.829,1.18741,1.1873600000000002,7.2,0.82
03.08.2021 00:38:53.931,1.18741,1.18737,1.76,0.75
03.08.2021 00:38:55.838,1.18741,1.1873600000000002,3.64,0.82
03.08.2021 00:38:59.121,1.1874,1.1873799999999999,1.01,0.75
03.08.2021 00:38:59.525,1.18741,1.1873600000000002,4.01,0.82
03.08.2021 00:39:00.277,1.1874,1.1873600000000002,0.1,0.75
03.08.2021 00:39:00.869,1.1874,1.1873500000000001,3.26,1.95
03.08.2021 00:39:01.021,1.18739,1.1873500000000001,0.75,1.2
03.08.2021 00:39:01.122,1.1873799999999999,1.18734,0.75,0.82
03.08.2021 00:39:01.224,1.1873799999999999,1.18733,0.82,1.95
03.08.2021 00:39:01.839,1.18737,1.18733,0.75,0.82
03.08.2021 00:39:04.095,1.1873799999999999,1.18733,1.57,0.82
03.08.2021 00:39:05.997,1.1873799999999999,1.18734,1.5,0.1
03.08.2021 00:39:09.813,1.1873799999999999,1.18733,0.82,2.32
03.08.2021 00:39:13.807,1.18737,1.18733,0.82,1.12
03.08.2021 00:39:14.081,1.1873500000000001,1.18731,0.26,0.75
03.08.2021 00:39:14.183,1.1873500000000001,1.1873,1.01,3.52
03.08.2021 00:39:16.726,1.18737,1.18733,1.27,1.12
03.08.2021 00:39:16.878,1.1873600000000002,1.1873200000000002,0.94,0.82
03.08.2021 00:39:19.482,1.18737,1.18733,5.7,0.75
03.08.2021 00:39:21.146,1.1873600000000002,1.18731,0.82,7.01
03.08.2021 00:39:22.359,1.1873500000000001,1.18731,0.82,0.75
03.08.2021 00:39:32.703,1.18734,1.1873,0.82,2.25
03.08.2021 00:39:32.818,1.18734,1.18729,1.01,2.7
03.08.2021 00:39:33.641,1.18733,1.18729,0.94,0.82
03.08.2021 00:40:08.789,1.18733,1.18728,0.82,1.5
03.08.2021 00:40:13.299,1.18733,1.18729,0.82,0.75
03.08.2021 00:40:43.200,1.18734,1.1873,0.94,1.2
03.08.2021 00:40:45.703,1.18733,1.18729,0.75,0.82
03.08.2021 00:40:58.905,1.18734,1.1873,0.82,0.75
03.08.2021 00:41:02.639,1.1873500000000001,1.18731,5.44,2.7
03.08.2021 00:41:02.741,1.1873600000000002,1.18734,0.45,0.75
03.08.2021 00:41:02.842,1.18737,1.18734,0.75,0.75
03.08.2021 00:41:06.632,1.1873600000000002,1.18733,0.94,0.75
03.08.2021 00:41:08.491,1.18737,1.18733,0.75,1.95
03.08.2021 00:41:11.651,1.1873500000000001,1.18731,1.39,0.75
03.08.2021 00:41:11.753,1.18734,1.18731,0.75,0.75
03.08.2021 00:41:12.359,1.1873500000000001,1.18731,1.39,0.75
03.08.2021 00:41:22.253,1.18733,1.1873,0.75,1.5
03.08.2021 00:41:30.044,1.18733,1.18729,1.2,1.5
03.08.2021 00:41:44.425,1.1873200000000002,1.18729,0.37,0.75
03.08.2021 00:41:44.609,1.18733,1.18729,0.82,0.75
03.08.2021 00:42:07.202,1.1873200000000002,1.18728,0.75,3.45
03.08.2021 00:42:09.020,1.18731,1.1873,0.75,0.75
03.08.2021 00:42:10.885,1.1873,1.1872600000000002,0.75,5.88
03.08.2021 00:42:11.038,1.18728,1.18727,0.75,0.75
03.08.2021 00:42:11.453,1.18729,1.1872500000000001,0.75,3.07
03.08.2021 00:42:11.559,1.1873,1.1872600000000002,0.82,1.87
03.08.2021 00:42:11.661,1.18731,1.18727,0.82,0.75
03.08.2021 00:42:15.456,1.1873200000000002,1.18728,1.12,1.2
03.08.2021 00:42:17.926,1.1873200000000002,1.18729,0.75,0.75
03.08.2021 00:42:21.927,1.18733,1.1873,0.75,0.75
03.08.2021 00:42:21.978,1.1873500000000001,1.1873200000000002,0.45,1.12
03.08.2021 00:42:22.080,1.1873600000000002,1.1873200000000002,0.82,1.87
03.08.2021 00:42:22.233,1.18737,1.18733,0.82,0.75
03.08.2021 00:42:28.615,1.1873500000000001,1.18731,1.01,1.5
03.08.2021 00:42:28.767,1.18734,1.18731,0.37,0.75
03.08.2021 00:42:34.832,1.18733,1.1873,0.19,0.75
03.08.2021 00:42:34.984,1.18734,1.1873,1.39,0.75
03.08.2021 00:42:42.908,1.18733,1.18729,0.75,1.57
03.08.2021 00:43:23.437,1.18733,1.18731,1.01,0.75
03.08.2021 00:43:30.746,1.18733,1.1873,0.75,1.5
03.08.2021 00:43:30.849,1.18734,1.18731,0.75,0.75
03.08.2021 00:43:36.480,1.1873500000000001,1.18731,1.57,0.75
03.08.2021 00:43:45.955,1.18734,1.18731,0.1,0.75
03.08.2021 00:43:46.056,1.18733,1.1873,0.82,0.75
03.08.2021 00:43:46.158,1.18733,1.18729,1.57,0.75
03.08.2021 00:43:50.809,1.1873200000000002,1.18729,4.69,0.75
03.08.2021 00:43:51.509,1.18733,1.18729,9.08,0.75
03.08.2021 00:44:00.092,1.18733,1.1873,0.82,0.75
03.08.2021 00:44:05.111,1.18733,1.18729,1.76,0.75
03.08.2021 00:44:15.341,1.1873200000000002,1.18729,0.75,0.75
03.08.2021 00:44:15.803,1.18733,1.18729,2.51,0.75
03.08.2021 00:44:20.485,1.18733,1.1873,0.82,0.75
03.08.2021 00:44:24.247,1.18733,1.18729,0.82,0.75
03.08.2021 00:44:43.827,1.18731,1.18728,0.75,3
03.08.2021 00:44:43.878,1.18733,1.18729,5.89,0.75
03.08.2021 00:44:43.979,1.1873200000000002,1.18729,0.75,0.75
03.08.2021 00:44:46.046,1.18733,1.1873,4.77,0.75
03.08.2021 00:44:46.148,1.18733,1.18731,4.69,0.75
03.08.2021 00:44:46.249,1.18733,1.1873200000000002,0.1,0.75
03.08.2021 00:44:46.350,1.18734,1.1873,0.1,0.75
03.08.2021 00:44:51.026,1.18733,1.1873,0.75,0.75
03.08.2021 00:44:59.967,1.18734,1.1873,2.7,0.75
03.08.2021 00:45:00.118,1.1873200000000002,1.18731,0.1,0.75
03.08.2021 00:45:03.128,1.18731,1.18727,0.82,0.75
03.08.2021 00:45:03.229,1.1873,1.18727,0.75,0.75
03.08.2021 00:45:03.331,1.1873200000000002,1.18728,5.4,0.75
03.08.2021 00:45:03.483,1.18731,1.18728,0.75,0.75
03.08.2021 00:45:03.584,1.1873200000000002,1.18728,0.82,0.75
03.08.2021 00:45:08.209,1.18733,1.18729,1.2,0.75
03.08.2021 00:45:39.673,1.1873500000000001,1.18731,8.4,0.75
03.08.2021 00:45:42.370,1.1873600000000002,1.18733,1.5,0.75
03.08.2021 00:45:42.474,1.1873600000000002,1.1873200000000002,0.75,2.89
03.08.2021 00:45:42.576,1.1873600000000002,1.18733,0.75,0.1
03.08.2021 00:45:42.677,1.1873600000000002,1.1873200000000002,0.75,11.88
03.08.2021 00:45:43.928,1.1873600000000002,1.18733,0.75,0.37
03.08.2021 00:45:43.979,1.18737,1.1873500000000001,0.82,0.75
03.08.2021 00:45:44.081,1.1873799999999999,1.1873500000000001,0.1,0.75
03.08.2021 00:45:44.182,1.18739,1.1873600000000002,0.82,0.75
03.08.2021 00:45:46.655,1.18739,1.1873500000000001,0.82,0.94
03.08.2021 00:45:51.583,1.1873799999999999,1.1873500000000001,0.75,0.75
03.08.2021 00:45:51.685,1.18737,1.18734,0.75,0.75
03.08.2021 00:46:02.049,1.1873799999999999,1.18734,0.82,1.5
03.08.2021 00:47:12.874,1.18737,1.18734,0.1,0.75
03.08.2021 00:47:13.903,1.18737,1.1873500000000001,0.82,0.75
03.08.2021 00:47:15.453,1.18737,1.18734,0.75,0.75
03.08.2021 00:47:28.143,1.1873600000000002,1.18734,1.5,0.75
03.08.2021 00:47:28.195,1.18734,1.18731,0.1,0.75
03.08.2021 00:47:28.297,1.18734,1.1873200000000002,0.1,0.75
03.08.2021 00:47:28.400,1.18734,1.18731,0.1,0.75
03.08.2021 00:47:29.350,1.1873600000000002,1.1873200000000002,1.57,0.75
03.08.2021 00:47:31.579,1.18737,1.18734,0.82,0.75
03.08.2021 00:47:32.353,1.1873600000000002,1.18733,0.1,0.75
03.08.2021 00:47:50.692,1.1873799999999999,1.18734,5.7,0.75
03.08.2021 00:47:50.793,1.1873799999999999,1.1873500000000001,0.82,0.75
03.08.2021 00:47:58.015,1.1873799999999999,1.18734,2.02,0.75
03.08.2021 00:47:58.116,1.18737,1.18734,0.82,0.75
03.08.2021 00:47:58.268,1.18737,1.18733,0.1,0.75
03.08.2021 00:47:58.370,1.1873600000000002,1.1873500000000001,0.1,0.75
03.08.2021 00:48:04.360,1.18737,1.18733,1.57,0.75
03.08.2021 00:48:05.501,1.1873500000000001,1.18734,0.1,0.75
03.08.2021 00:48:05.653,1.1873600000000002,1.1873200000000002,1.2,0.75
03.08.2021 00:48:09.529,1.1873600000000002,1.18733,0.1,0.75
03.08.2021 00:48:12.297,1.1873600000000002,1.1873200000000002,3.82,0.75
03.08.2021 00:48:12.399,1.18734,1.18731,0.1,0.75
03.08.2021 00:48:13.006,1.18733,1.18729,0.82,0.75
03.08.2021 00:48:21.983,1.1873200000000002,1.18729,0.1,0.75
03.08.2021 00:48:28.317,1.18733,1.1873,0.1,0.75
03.08.2021 00:48:28.418,1.18734,1.1873,1.65,0.75
03.08.2021 00:48:28.469,1.18734,1.1873200000000002,0.45,0.75
03.08.2021 00:48:28.874,1.1873500000000001,1.1873200000000002,0.75,0.75
03.08.2021 00:48:28.975,1.1873600000000002,1.1873200000000002,1.95,0.94
03.08.2021 00:48:29.177,1.1873500000000001,1.18734,0.1,0.75
03.08.2021 00:48:31.674,1.1873500000000001,1.1873200000000002,0.82,0.75
03.08.2021 00:48:31.978,1.18734,1.18731,0.1,0.75
03.08.2021 00:48:35.608,1.18734,1.1873200000000002,0.1,0.75
03.08.2021 00:48:35.709,1.18734,1.18733,0.82,0.75
03.08.2021 00:48:36.375,1.18734,1.1873200000000002,0.1,0.75
03.08.2021 00:48:36.578,1.1873500000000001,1.1873200000000002,2.02,0.75
03.08.2021 00:48:36.780,1.18734,1.18731,0.1,0.75
03.08.2021 00:48:36.931,1.18734,1.1873,1.2,0.75
03.08.2021 00:48:37.083,1.1873200000000002,1.18731,0.1,0.75
03.08.2021 00:49:01.901,1.18734,1.18731,4.2,0.75
03.08.2021 00:49:06.374,1.1873200000000002,1.1873,0.1,0.75
03.08.2021 00:49:06.425,1.1873200000000002,1.18728,1.2,0.75
03.08.2021 00:49:07.779,1.18731,1.18729,0.1,0.75
03.08.2021 00:49:20.390,1.18731,1.1873,0.1,0.75
03.08.2021 00:49:20.491,1.18733,1.18729,1.95,0.75
03.08.2021 00:49:28.885,1.18731,1.18728,0.1,0.75
03.08.2021 00:49:28.986,1.18731,1.18727,0.82,0.75
03.08.2021 00:49:41.169,1.1873,1.18729,0.1,0.75
03.08.2021 00:49:59.475,1.1873,1.18727,2.32,0.75
03.08.2021 00:49:59.577,1.18729,1.1872600000000002,0.1,0.75
03.08.2021 00:50:00.248,1.1873,1.18727,0.82,0.75
03.08.2021 00:50:00.350,1.18731,1.18728,0.1,0.75
03.08.2021 00:50:00.451,1.1873200000000002,1.18729,0.82,0.37
03.08.2021 00:50:00.959,1.1873200000000002,1.18728,0.82,0.94
03.08.2021 00:50:03.480,1.18733,1.18729,1.57,0.75
03.08.2021 00:50:04.766,1.18733,1.1873,0.82,0.75
03.08.2021 00:50:48.083,1.18733,1.18731,0.82,0.75
03.08.2021 00:50:57.058,1.18734,1.18731,0.75,0.75
03.08.2021 00:50:57.210,1.1873500000000001,1.18731,2.4,0.75
03.08.2021 00:51:00.634,1.18733,1.18731,0.75,0.75
03.08.2021 00:51:01.070,1.18734,1.18731,4.2,0.75
03.08.2021 00:51:01.172,1.1873500000000001,1.18731,3.9,0.75
03.08.2021 00:51:01.426,1.1873600000000002,1.1873200000000002,4.95,0.75
03.08.2021 00:51:14.398,1.1873500000000001,1.18731,0.82,0.75
03.08.2021 00:51:14.550,1.18734,1.18731,0.1,0.75
03.08.2021 00:51:15.235,1.18734,1.1873,1.57,0.75
03.08.2021 00:51:15.838,1.18733,1.1873,0.37,0.75
03.08.2021 00:51:16.839,1.18734,1.1873,1.95,0.75
03.08.2021 00:51:17.178,1.18733,1.1873,0.37,0.75
03.08.2021 00:51:23.807,1.18734,1.1873,5.33,0.75
03.08.2021 00:51:25.263,1.18733,1.1873,0.1,0.75
03.08.2021 00:52:00.126,1.1873200000000002,1.1873,0.1,0.75
03.08.2021 00:52:02.659,1.18731,1.18727,0.37,0.82
03.08.2021 00:52:03.811,1.18731,1.18729,0.37,0.75
03.08.2021 00:52:35.718,1.18731,1.18728,0.37,0.75
03.08.2021 00:52:40.538,1.1873200000000002,1.18728,0.82,0.75
03.08.2021 00:52:40.640,1.18733,1.18729,1.65,0.75
03.08.2021 00:52:40.742,1.18733,1.1873,0.1,0.75
03.08.2021 00:52:40.995,1.18733,1.18731,1.57,0.75
03.08.2021 00:52:50.077,1.18734,1.18731,0.82,0.75
03.08.2021 00:53:10.188,1.18734,1.1873,1.2,0.75
03.08.2021 00:53:10.289,1.18733,1.1873,0.1,0.75
03.08.2021 00:53:10.712,1.18734,1.1873,1.57,0.75
03.08.2021 00:53:20.487,1.18733,1.1873,0.1,0.75
03.08.2021 00:53:20.760,1.1873200000000002,1.18729,0.37,0.75
03.08.2021 00:53:20.811,1.1873,1.1872600000000002,0.82,1.5
03.08.2021 00:53:28.437,1.18731,1.18727,0.75,1.01
03.08.2021 00:53:28.538,1.1873200000000002,1.18728,0.82,0.75
03.08.2021 00:53:33.976,1.1873200000000002,1.18729,0.75,0.19
03.08.2021 00:53:34.077,1.18733,1.18729,0.82,0.75
03.08.2021 00:53:36.433,1.18733,1.1873,0.75,0.75
03.08.2021 00:53:36.617,1.18733,1.18729,0.75,1.01
03.08.2021 00:53:37.319,1.18734,1.1873,2.7,0.75
03.08.2021 00:53:40.103,1.18733,1.18729,0.75,1.57
03.08.2021 00:53:43.658,1.1873200000000002,1.18728,0.82,0.75
03.08.2021 00:53:53.779,1.18733,1.18729,0.75,1.01
03.08.2021 00:53:59.172,1.18731,1.18728,0.75,0.75
03.08.2021 00:53:59.526,1.18731,1.18727,0.75,1.95
03.08.2021 00:53:59.628,1.18731,1.18728,0.75,0.75
03.08.2021 00:53:59.741,1.18729,1.18727,0.82,1.87
03.08.2021 00:53:59.894,1.18729,1.1872500000000001,0.82,1.69
03.08.2021 00:54:02.918,1.1872600000000002,1.18724,1.57,0.75
03.08.2021 00:54:02.969,1.18724,1.1872200000000002,0.75,4.87
03.08.2021 00:54:03.020,1.18724,1.1872,0.82,0.75
03.08.2021 00:54:03.122,1.1872200000000002,1.18718,0.75,9.07
03.08.2021 00:54:04.045,1.18723,1.18719,1.12,1.01
03.08.2021 00:54:05.000,1.18724,1.1872,2.7,0.75
03.08.2021 00:54:05.102,1.18723,1.18719,0.75,0.75
03.08.2021 00:54:05.354,1.18723,1.1872,0.75,0.75
03.08.2021 00:54:05.933,1.18724,1.1872,0.75,0.94
03.08.2021 00:54:06.357,1.18723,1.1872,0.75,0.75
03.08.2021 00:54:08.258,1.18723,1.18719,0.75,1.5
03.08.2021 00:54:08.360,1.1872200000000002,1.18719,0.75,0.75
03.08.2021 00:54:08.461,1.18723,1.18719,0.75,1.5
03.08.2021 00:54:08.815,1.18723,1.1872,0.75,0.19
03.08.2021 00:54:08.967,1.18723,1.18719,0.75,1.76
03.08.2021 00:54:09.119,1.1872200000000002,1.18719,0.75,0.75
03.08.2021 00:54:09.233,1.1872200000000002,1.18718,0.75,1.57
03.08.2021 00:54:09.486,1.1872200000000002,1.18719,0.75,1.69
03.08.2021 00:54:10.705,1.18723,1.18719,0.75,0.82
03.08.2021 00:54:11.926,1.18724,1.1872,0.82,0.75
03.08.2021 00:54:12.179,1.18723,1.1872,0.82,0.75
03.08.2021 00:54:12.280,1.1872200000000002,1.1872,0.82,0.94
03.08.2021 00:54:12.382,1.18724,1.1872,0.82,0.75
03.08.2021 00:54:13.325,1.18724,1.18721,0.75,0.75
03.08.2021 00:54:13.578,1.1872500000000001,1.18721,0.75,2.51
03.08.2021 00:54:13.680,1.1872600000000002,1.1872200000000002,0.75,0.82
03.08.2021 00:54:13.832,1.1872500000000001,1.1872200000000002,0.1,0.75
03.08.2021 00:54:13.983,1.1872600000000002,1.1872200000000002,1.95,0.75
03.08.2021 00:54:14.232,1.1872500000000001,1.1872200000000002,0.1,0.75
03.08.2021 00:54:15.952,1.1872500000000001,1.18721,0.82,0.75
03.08.2021 00:54:16.357,1.18724,1.18721,0.75,0.75
03.08.2021 00:54:16.559,1.18724,1.1872,0.82,0.75
03.08.2021 00:54:16.661,1.18723,1.18719,0.75,1.57
03.08.2021 00:54:20.229,1.18721,1.18719,0.75,1.76
03.08.2021 00:54:23.868,1.1872,1.18716,0.82,5.62
03.08.2021 00:54:24.070,1.18719,1.18716,0.1,0.75
03.08.2021 00:54:24.222,1.18719,1.18717,5.33,0.75
03.08.2021 00:54:24.323,1.18718,1.18717,0.45,0.75
03.08.2021 00:54:24.424,1.18719,1.1871500000000001,1.2,0.75
03.08.2021 00:54:25.558,1.1872,1.18716,0.82,0.75
03.08.2021 00:54:27.145,1.18718,1.18717,0.75,0.75
03.08.2021 00:54:27.247,1.18718,1.18714,0.82,0.75
03.08.2021 00:54:32.957,1.18719,1.1871500000000001,1.57,0.75
03.08.2021 00:54:35.644,1.18718,1.1871500000000001,0.1,0.75
03.08.2021 00:54:35.846,1.18718,1.18714,0.82,0.75
03.08.2021 00:54:38.133,1.18719,1.18716,4.13,1.5
03.08.2021 00:54:38.235,1.1872,1.18716,1.5,1.76
03.08.2021 00:54:40.636,1.1872,1.18717,0.75,0.75
03.08.2021 00:54:43.239,1.1872,1.18716,0.75,2.51
03.08.2021 00:54:45.405,1.18719,1.18716,0.75,2.25
03.08.2021 00:54:45.507,1.18719,1.1871500000000001,0.82,0.75
03.08.2021 00:54:45.609,1.18717,1.18714,0.75,1.5
03.08.2021 00:54:45.710,1.18718,1.18714,1.57,0.94
03.08.2021 00:54:46.158,1.18717,1.18713,0.75,0.82
03.08.2021 00:54:47.292,1.18718,1.18714,0.75,0.82
03.08.2021 00:54:47.393,1.18719,1.1871500000000001,1.57,0.75
03.08.2021 00:54:47.747,1.18718,1.18714,0.75,0.82
03.08.2021 00:54:48.151,1.18717,1.18713,0.75,1.01
03.08.2021 00:54:48.665,1.18719,1.1871500000000001,0.75,0.82
03.08.2021 00:54:49.474,1.1872,1.18716,0.75,1.76
03.08.2021 00:54:49.576,1.1872,1.18717,0.75,0.56
03.08.2021 00:54:50.392,1.1872,1.18716,0.75,3.26
03.08.2021 00:54:52.036,1.1872,1.18717,0.75,0.19
03.08.2021 00:54:52.137,1.18721,1.18717,0.75,1.39
03.08.2021 00:54:52.599,1.1872200000000002,1.18718,0.82,0.75
03.08.2021 00:54:52.751,1.1872200000000002,1.18719,0.75,0.75
03.08.2021 00:54:54.442,1.18723,1.1872,0.75,0.75
03.08.2021 00:54:55.575,1.18723,1.18719,1.57,1.5
03.08.2021 00:54:55.677,1.1872200000000002,1.18719,0.82,0.75
03.08.2021 00:54:56.179,1.1872200000000002,1.18718,0.82,0.94
03.08.2021 00:54:56.486,1.18723,1.18719,0.75,1.76
03.08.2021 00:54:59.561,1.1872200000000002,1.18718,0.82,0.75
03.08.2021 00:54:59.663,1.18721,1.18718,0.75,0.75
03.08.2021 00:55:00.284,1.18717,1.1871500000000001,0.52,2.44
03.08.2021 00:55:00.335,1.18713,1.18709,1.65,1.87
03.08.2021 00:55:00.539,1.18713,1.1871,0.75,0.75
03.08.2021 00:55:03.119,1.1871200000000002,1.1871,0.1,0.75
03.08.2021 00:55:03.222,1.18711,1.1871,0.1,0.75
03.08.2021 00:55:03.527,1.1871200000000002,1.18708,0.82,1.57
03.08.2021 00:55:05.387,1.1871200000000002,1.18709,0.1,0.75
03.08.2021 00:55:09.695,1.1871200000000002,1.18708,1.2,1.57
03.08.2021 00:55:09.797,1.18711,1.18708,0.1,1.5
03.08.2021 00:55:13.685,1.1871,1.18708,0.75,0.75
03.08.2021 00:55:13.736,1.18708,1.1870500000000002,0.1,0.75
03.08.2021 00:55:13.838,1.18708,1.18704,0.82,1.76
03.08.2021 00:55:13.889,1.18709,1.18706,0.1,0.75
03.08.2021 00:55:13.939,1.18707,1.1870500000000002,0.82,2.51
03.08.2021 00:55:15.826,1.18708,1.1870500000000002,0.75,0.1
03.08.2021 00:55:18.527,1.18709,1.1870500000000002,0.82,0.82
03.08.2021 00:55:23.752,1.18708,1.1870500000000002,0.1,0.75
03.08.2021 00:55:26.330,1.18709,1.1870500000000002,0.82,0.82
03.08.2021 00:55:37.291,1.18707,1.18706,0.82,0.75
03.08.2021 00:55:38.747,1.18708,1.18704,0.82,1.57
03.08.2021 00:55:45.509,1.18709,1.18706,0.1,0.75
03.08.2021 00:55:45.990,1.1871,1.18706,0.82,0.82
03.08.2021 00:55:46.143,1.1871,1.18707,0.82,0.94
03.08.2021 00:55:46.245,1.18711,1.18708,0.75,2.51
03.08.2021 00:55:46.347,1.1871200000000002,1.18708,0.82,2.51
03.08.2021 00:55:47.157,1.1871200000000002,1.18709,0.82,1.12
03.08.2021 00:55:47.260,1.18713,1.1871200000000002,0.1,0.75
03.08.2021 00:55:47.363,1.18713,1.18711,0.1,1.5
03.08.2021 00:55:47.464,1.18713,1.1871,0.1,0.75
03.08.2021 00:55:47.567,1.1871200000000002,1.1871,0.1,0.75
03.08.2021 00:55:48.175,1.18713,1.1871,0.82,0.94
03.08.2021 00:55:48.277,1.1871500000000001,1.1871200000000002,0.45,1.95
03.08.2021 00:55:48.378,1.18716,1.18713,0.1,0.75
03.08.2021 00:55:48.479,1.18717,1.18713,0.75,1.5
03.08.2021 00:55:48.581,1.18718,1.18714,1.57,0.75
03.08.2021 00:55:49.251,1.18719,1.18716,0.52,0.75
03.08.2021 00:55:54.945,1.18719,1.1871500000000001,4.27,0.75
03.08.2021 00:55:55.047,1.18718,1.1871500000000001,4.13,0.75
03.08.2021 00:55:55.148,1.18717,1.18714,0.1,0.75
03.08.2021 00:56:01.374,1.18719,1.1871500000000001,1.27,0.82
03.08.2021 00:56:05.145,1.18718,1.18714,0.75,0.75
03.08.2021 00:56:11.213,1.18719,1.1871500000000001,0.75,0.75
03.08.2021 00:56:11.315,1.1872,1.18716,5.4,0.82
03.08.2021 00:56:19.219,1.18719,1.18716,0.1,0.75
03.08.2021 00:56:19.321,1.18719,1.1871500000000001,0.82,0.82
03.08.2021 00:56:19.770,1.18719,1.18716,0.1,1.5
03.08.2021 00:56:19.883,1.1872,1.18716,0.82,1.57
03.08.2021 00:56:20.714,1.18717,1.18714,0.1,1.5
03.08.2021 00:56:20.867,1.18717,1.1871500000000001,0.82,2.51
03.08.2021 00:56:21.190,1.18718,1.1871500000000001,0.1,0.75
03.08.2021 00:56:27.395,1.18717,1.18714,0.1,1.5
03.08.2021 00:56:27.497,1.18718,1.1871500000000001,0.1,0.75
03.08.2021 00:56:28.396,1.18718,1.18714,1.57,1.57
03.08.2021 00:56:28.861,1.18717,1.18714,0.82,1.5
03.08.2021 00:56:29.068,1.18716,1.18714,0.75,1.5
03.08.2021 00:56:29.119,1.18714,1.1871200000000002,0.1,1.12
03.08.2021 00:56:29.221,1.18714,1.18711,0.1,0.75
03.08.2021 00:56:29.322,1.18713,1.1871,0.75,0.75
03.08.2021 00:56:29.625,1.18714,1.18711,0.1,0.75
03.08.2021 00:56:29.726,1.1871500000000001,1.18711,0.75,2.25
03.08.2021 00:56:33.471,1.18716,1.1871200000000002,1.57,0.75
03.08.2021 00:56:33.573,1.18714,1.18711,0.1,0.75
03.08.2021 00:56:33.977,1.18713,1.18709,0.75,1.12
03.08.2021 00:56:34.079,1.18714,1.18711,0.1,0.94
03.08.2021 00:56:34.180,1.1871500000000001,1.18711,0.75,0.94
03.08.2021 00:56:41.406,1.18716,1.1871200000000002,0.82,1.01
03.08.2021 00:56:41.508,1.18716,1.18713,0.82,1.5
03.08.2021 00:56:41.660,1.18716,1.18714,0.75,1.5
03.08.2021 00:56:41.761,1.18716,1.18713,0.82,1.5
03.08.2021 00:56:41.863,1.1871500000000001,1.1871200000000002,0.1,0.75
03.08.2021 00:56:41.964,1.18716,1.1871200000000002,0.75,2.06
03.08.2021 00:56:42.116,1.18717,1.18713,0.82,0.75
03.08.2021 00:56:43.546,1.18717,1.18714,0.75,0.75
03.08.2021 00:56:43.647,1.18717,1.18713,0.75,2.81
03.08.2021 00:56:45.849,1.18717,1.18714,0.75,0.75
03.08.2021 00:56:48.480,1.18718,1.18714,0.82,1.5
03.08.2021 00:56:49.026,1.18717,1.18714,0.75,0.75
03.08.2021 00:56:49.127,1.1871500000000001,1.1871200000000002,0.1,0.75
03.08.2021 00:57:04.426,1.1871500000000001,1.18711,0.82,3.26
03.08.2021 00:57:04.976,1.18716,1.1871200000000002,0.82,2.14
03.08.2021 00:57:05.077,1.18716,1.18713,0.1,1.69
03.08.2021 00:57:05.128,1.18718,1.18714,4.88,0.75
03.08.2021 00:57:05.230,1.18719,1.18716,0.1,0.75
03.08.2021 00:57:05.331,1.18718,1.1871500000000001,0.1,0.75
03.08.2021 00:57:07.143,1.18718,1.18714,0.82,0.82
03.08.2021 00:57:14.297,1.18717,1.18714,0.75,0.75
03.08.2021 00:57:14.500,1.18714,1.18713,0.82,0.75
03.08.2021 00:57:14.601,1.18714,1.18711,0.1,0.75
03.08.2021 00:57:14.703,1.18714,1.1871,0.82,1.5
03.08.2021 00:57:15.662,1.1871200000000002,1.18708,0.82,1.76
03.08.2021 00:57:21.014,1.1871200000000002,1.18709,0.1,0.75
03.08.2021 00:57:21.267,1.1871200000000002,1.18708,0.82,1.57
03.08.2021 00:57:26.266,1.18711,1.18708,0.1,1.5
03.08.2021 00:57:26.469,1.18709,1.18706,0.1,0.75
03.08.2021 00:57:26.571,1.18708,1.1870500000000002,0.1,1.5
03.08.2021 00:57:26.672,1.18709,1.1870500000000002,0.82,2.32
03.08.2021 00:57:26.875,1.18709,1.18706,0.75,0.1
03.08.2021 00:57:27.077,1.1871,1.18706,0.82,0.82
03.08.2021 00:57:27.497,1.18708,1.18704,0.75,2.81
03.08.2021 00:57:27.972,1.18708,1.1870500000000002,0.75,0.75
03.08.2021 00:57:29.595,1.18709,1.18706,0.1,0.75
03.08.2021 00:57:29.697,1.1871,1.18706,0.75,0.82
03.08.2021 00:57:44.641,1.18708,1.1870500000000002,0.1,0.75
03.08.2021 00:57:44.793,1.18708,1.18704,1.2,1.5
03.08.2021 00:57:45.710,1.18709,1.1870500000000002,0.82,0.75
03.08.2021 00:57:46.591,1.18708,1.1870500000000002,0.1,0.75
03.08.2021 00:57:46.693,1.18707,1.18704,0.75,0.75
03.08.2021 00:57:46.846,1.18708,1.18704,0.82,0.75
03.08.2021 00:57:46.947,1.18707,1.18704,0.75,0.75
03.08.2021 00:57:53.056,1.18708,1.18704,0.82,0.75
03.08.2021 00:57:53.158,1.18709,1.1870500000000002,1.2,0.75
03.08.2021 00:57:53.919,1.18709,1.18706,0.1,0.75
03.08.2021 00:57:54.487,1.1871,1.18706,1.2,0.75
03.08.2021 00:57:54.589,1.1871,1.18707,0.75,0.82
03.08.2021 00:57:55.656,1.1871200000000002,1.18708,0.82,0.75
03.08.2021 00:57:55.757,1.1871200000000002,1.18709,0.75,0.75
03.08.2021 00:57:58.570,1.18713,1.18709,0.82,1.5
03.08.2021 00:58:01.500,1.1871200000000002,1.18709,0.1,1.5
03.08.2021 00:58:01.601,1.18711,1.18709,0.82,0.75
03.08.2021 00:58:01.786,1.18711,1.18708,0.82,0.75
03.08.2021 00:58:01.938,1.1871200000000002,1.18708,1.57,0.75
03.08.2021 00:58:02.091,1.18714,1.18711,0.75,1.69
03.08.2021 00:58:02.193,1.18714,1.1871,0.82,1.69
03.08.2021 00:58:02.619,1.18711,1.1871,0.75,5.81
03.08.2021 00:58:03.023,1.18713,1.18709,0.82,0.94
03.08.2021 00:58:04.398,1.18713,1.1871,0.82,0.75
03.08.2021 00:58:16.732,1.18713,1.18709,0.82,0.75
03.08.2021 00:58:35.092,1.18709,1.18707,0.75,6.07
03.08.2021 00:58:35.143,1.18711,1.18708,0.1,0.75
03.08.2021 00:58:35.245,1.1871200000000002,1.18709,0.1,0.75
03.08.2021 00:58:38.314,1.18714,1.1871,0.82,1.01
03.08.2021 00:58:38.516,1.18714,1.18711,0.1,0.75
03.08.2021 00:58:38.669,1.1871500000000001,1.18711,0.82,1.57
03.08.2021 00:58:40.326,1.1871500000000001,1.1871200000000002,0.1,0.75
03.08.2021 00:58:42.113,1.18714,1.18711,0.82,1.5
03.08.2021 00:58:42.265,1.18713,1.1871,0.1,0.75
03.08.2021 00:58:42.368,1.18714,1.1871,0.82,0.82
03.08.2021 00:58:42.470,1.18714,1.18711,0.1,1.5
03.08.2021 00:58:42.572,1.1871500000000001,1.18711,0.82,1.57
03.08.2021 00:58:44.127,1.1871500000000001,1.1871200000000002,0.82,0.75
03.08.2021 00:58:47.140,1.18717,1.1871200000000002,2.7,0.75
03.08.2021 00:58:47.397,1.18716,1.1871200000000002,0.75,0.75
03.08.2021 00:58:47.499,1.1871500000000001,1.18711,0.82,3.07
03.08.2021 00:58:50.023,1.1871500000000001,1.1871200000000002,0.1,0.75
03.08.2021 00:58:50.685,1.1871500000000001,1.18711,0.1,1.76
03.08.2021 00:58:51.451,1.18714,1.18711,0.1,0.75
03.08.2021 00:58:51.603,1.18713,1.18711,0.1,0.75
03.08.2021 00:58:51.705,1.18713,1.18709,0.1,2.89
03.08.2021 00:58:54.428,1.18714,1.18711,0.1,0.75
03.08.2021 00:58:58.614,1.18716,1.18711,2.7,0.75
03.08.2021 00:58:59.392,1.18716,1.1871200000000002,1.2,0.37
03.08.2021 00:59:01.061,1.1871500000000001,1.1871200000000002,0.75,0.82
03.08.2021 00:59:01.163,1.18716,1.1871200000000002,0.1,1.2
03.08.2021 00:59:01.315,1.18716,1.18714,0.82,2.7
03.08.2021 00:59:01.518,1.18716,1.18713,0.1,0.75
03.08.2021 00:59:01.669,1.18716,1.1871200000000002,0.1,1.2
03.08.2021 00:59:02.684,1.18718,1.18713,6.83,0.75
03.08.2021 00:59:04.078,1.18718,1.18714,0.82,0.82
03.08.2021 00:59:16.678,1.18717,1.18714,0.1,0.75
03.08.2021 00:59:18.258,1.18718,1.18714,0.1,0.82
03.08.2021 00:59:20.539,1.18718,1.1871500000000001,0.1,0.75
03.08.2021 00:59:21.408,1.1872,1.18716,0.82,0.82
03.08.2021 00:59:28.603,1.18721,1.18717,0.82,0.45
03.08.2021 00:59:28.756,1.1872,1.18716,0.1,5.88
03.08.2021 00:59:48.794,1.18721,1.18717,1.57,0.1
03.08.2021 00:59:58.884,1.1872,1.18717,0.1,0.75
03.08.2021 01:00:00.411,1.1872200000000002,1.1872,0.52,0.75
03.08.2021 01:00:00.539,1.1872200000000002,1.18719,0.1,0.75
03.08.2021 01:00:00.640,1.18723,1.18719,0.45,0.75
03.08.2021 01:00:00.741,1.18723,1.1872,2.62,0.75
03.08.2021 01:00:01.199,1.1872500000000001,1.18723,0.52,0.75
03.08.2021 01:00:01.351,1.18727,1.1872500000000001,0.52,0.75
03.08.2021 01:00:01.553,1.18727,1.1872600000000002,0.1,0.75
03.08.2021 01:00:02.070,1.18728,1.18724,0.1,0.82
03.08.2021 01:00:02.513,1.18727,1.18724,0.1,0.75
03.08.2021 01:00:02.665,1.18727,1.18723,0.1,0.82
03.08.2021 01:00:02.882,1.18727,1.18724,0.1,0.75
03.08.2021 01:00:06.313,1.18728,1.1872500000000001,0.75,0.75
03.08.2021 01:00:06.414,1.1873,1.1872600000000002,3.07,0.75
03.08.2021 01:00:06.566,1.1873,1.18727,0.1,1.12
03.08.2021 01:00:07.279,1.18731,1.18727,0.1,0.82
03.08.2021 01:00:07.509,1.18729,1.18728,0.1,0.75
03.08.2021 01:00:11.161,1.1873,1.18728,0.1,0.82
03.08.2021 01:00:11.390,1.1873,1.18727,0.1,0.75
03.08.2021 01:00:11.756,1.18727,1.1872500000000001,0.1,0.75
03.08.2021 01:00:11.859,1.18727,1.18724,0.1,0.75
03.08.2021 01:00:12.160,1.18728,1.18724,0.52,0.75
03.08.2021 01:00:12.928,1.18727,1.18724,0.1,0.75
03.08.2021 01:00:13.080,1.18727,1.18723,0.1,0.75
03.08.2021 01:00:13.434,1.18727,1.1872500000000001,0.45,0.75
03.08.2021 01:00:13.535,1.18728,1.1872500000000001,1.2,0.75
03.08.2021 01:00:14.207,1.18727,1.1872500000000001,0.1,0.75
03.08.2021 01:00:22.027,1.18727,1.18724,0.45,0.75
03.08.2021 01:00:25.115,1.18728,1.18724,4.95,0.75
03.08.2021 01:00:28.567,1.18727,1.18723,0.1,0.75
03.08.2021 01:00:28.669,1.18727,1.18724,0.45,0.75
03.08.2021 01:00:29.578,1.18727,1.1872500000000001,0.1,0.75
03.08.2021 01:00:37.095,1.18728,1.1872500000000001,1.65,0.75
03.08.2021 01:00:40.363,1.18729,1.1872500000000001,2.4,0.75
03.08.2021 01:00:42.137,1.18729,1.1872600000000002,1.12,0.75
03.08.2021 01:00:42.306,1.1873,1.1872600000000002,2.4,0.75
03.08.2021 01:00:44.033,1.18731,1.18727,5.33,1.2
03.08.2021 01:00:44.537,1.1873200000000002,1.18727,3.45,1.2
03.08.2021 01:00:48.479,1.1873200000000002,1.18728,3.82,0.75
03.08.2021 01:00:50.615,1.18731,1.18728,0.37,0.75
03.08.2021 01:00:53.691,1.18729,1.1872600000000002,0.75,0.1
03.08.2021 01:00:53.793,1.18728,1.1872600000000002,0.1,0.75
03.08.2021 01:00:54.147,1.18729,1.1872500000000001,1.46,0.75
03.08.2021 01:00:55.686,1.18729,1.1872600000000002,0.19,0.75
03.08.2021 01:00:55.788,1.1873,1.1872600000000002,7.65,0.75
03.08.2021 01:01:00.969,1.18728,1.1872600000000002,0.37,0.75
03.08.2021 01:01:01.121,1.18729,1.1872500000000001,1.87,0.75
03.08.2021 01:01:01.692,1.18728,1.1872500000000001,1.5,0.75
03.08.2021 01:01:02.850,1.18727,1.1872500000000001,0.75,0.75
03.08.2021 01:01:02.952,1.1872600000000002,1.18723,0.1,0.75
03.08.2021 01:01:03.154,1.18728,1.18724,6.08,0.75
03.08.2021 01:01:03.590,1.18729,1.18724,7.88,0.75
03.08.2021 01:01:04.625,1.18728,1.18724,4.13,0.75
03.08.2021 01:01:05.870,1.18729,1.18724,11.25,0.75
03.08.2021 01:01:06.022,1.18729,1.1872500000000001,7.58,0.75
03.08.2021 01:01:07.014,1.18728,1.1872500000000001,0.37,0.75
03.08.2021 01:01:08.119,1.18728,1.1872600000000002,0.1,0.75
03.08.2021 01:01:08.271,1.18727,1.1872500000000001,0.1,0.75
03.08.2021 01:01:11.022,1.18727,1.18724,0.1,0.75
03.08.2021 01:01:13.350,1.1872600000000002,1.18724,0.1,0.75
03.08.2021 01:01:14.072,1.18727,1.18724,0.75,0.75
03.08.2021 01:01:14.602,1.18727,1.1872500000000001,0.75,0.75
03.08.2021 01:01:21.137,1.18727,1.18724,0.75,0.75
03.08.2021 01:01:24.906,1.1872600000000002,1.18724,0.1,0.75
03.08.2021 01:01:25.166,1.1872600000000002,1.1872200000000002,0.45,1.95
03.08.2021 01:01:25.318,1.1872600000000002,1.18723,0.1,0.75
03.08.2021 01:01:25.419,1.18727,1.18723,0.75,0.75
03.08.2021 01:01:25.770,1.18727,1.18724,0.75,0.75
03.08.2021 01:01:29.818,1.1872600000000002,1.18724,0.1,0.75
03.08.2021 01:01:29.919,1.1872600000000002,1.18723,0.1,0.75
03.08.2021 01:01:30.516,1.1872600000000002,1.18724,0.1,0.75
03.08.2021 01:01:35.135,1.18727,1.18724,0.75,0.75
03.08.2021 01:01:40.516,1.1872500000000001,1.18723,0.1,0.75
03.08.2021 01:01:40.618,1.18724,1.1872200000000002,1.39,0.75
03.08.2021 01:01:40.720,1.18724,1.18721,0.1,0.75
03.08.2021 01:01:41.124,1.18723,1.1872,0.1,0.75
03.08.2021 01:01:45.623,1.1872200000000002,1.18719,0.1,0.75
03.08.2021 01:01:45.724,1.1872,1.18717,0.26,0.75
03.08.2021 01:01:45.826,1.1872,1.18716,0.26,0.75
03.08.2021 01:01:51.033,1.18719,1.18714,1.95,1.5
03.08.2021 01:01:51.135,1.18719,1.1871500000000001,4.39,0.75
03.08.2021 01:01:51.236,1.18717,1.1871500000000001,0.1,0.75
03.08.2021 01:01:53.024,1.18719,1.18714,1.76,0.75
03.08.2021 01:01:53.126,1.18719,1.1871500000000001,0.75,0.75
03.08.2021 01:01:54.836,1.1872,1.18717,1.2,0.75
03.08.2021 01:01:54.937,1.1872,1.18716,0.82,0.82
03.08.2021 01:01:55.140,1.18718,1.18717,0.94,0.82
03.08.2021 01:01:55.493,1.18718,1.18716,0.1,0.75
03.08.2021 01:01:56.245,1.1872,1.1871500000000001,2.14,0.75
03.08.2021 01:01:56.555,1.18719,1.1871500000000001,1.01,0.75
03.08.2021 01:02:00.761,1.1872,1.1871500000000001,1.95,1.69
03.08.2021 01:02:00.913,1.1872,1.18716,1.57,0.1
03.08.2021 01:02:01.015,1.1872,1.18717,0.82,0.75
03.08.2021 01:02:01.118,1.18719,1.18716,0.1,0.75
03.08.2021 01:02:01.733,1.18719,1.1871500000000001,0.45,0.82
03.08.2021 01:02:03.197,1.18719,1.18714,2.14,0.75
03.08.2021 01:02:07.638,1.18719,1.18716,0.1,0.75
03.08.2021 01:02:07.741,1.1872,1.18716,0.82,0.82
03.08.2021 01:02:08.561,1.1872,1.1871500000000001,3.64,0.75
03.08.2021 01:02:08.714,1.18719,1.1871500000000001,0.75,0.75
03.08.2021 01:02:10.185,1.18719,1.18716,0.1,0.75
03.08.2021 01:02:10.507,1.18719,1.18717,0.82,0.82
03.08.2021 01:02:12.636,1.18721,1.18717,0.82,1.2
03.08.2021 01:02:12.737,1.18721,1.18718,0.82,0.75
03.08.2021 01:02:14.348,1.18723,1.18718,1.95,0.75
03.08.2021 01:02:16.158,1.1872200000000002,1.18718,0.75,0.75
03.08.2021 01:02:16.260,1.18721,1.18718,0.1,0.75
03.08.2021 01:02:16.361,1.18723,1.18718,6.72,0.75
03.08.2021 01:02:16.512,1.18723,1.18719,5.52,0.75
03.08.2021 01:02:21.182,1.1872200000000002,1.18719,1.76,0.75
03.08.2021 01:02:23.517,1.18723,1.18719,0.1,0.75
03.08.2021 01:02:24.045,1.1872200000000002,1.18719,0.1,0.75
03.08.2021 01:02:24.956,1.1872200000000002,1.18718,0.82,0.82
03.08.2021 01:02:34.713,1.18724,1.18719,9.08,0.75
03.08.2021 01:02:36.514,1.18723,1.18718,0.75,0.75
03.08.2021 01:02:36.615,1.1872200000000002,1.18718,0.1,0.82
03.08.2021 01:02:41.457,1.1872,1.18716,0.1,0.75
03.08.2021 01:02:41.558,1.18719,1.18716,0.1,0.75
03.08.2021 01:02:42.129,1.1872,1.18716,0.82,1.5
03.08.2021 01:02:42.230,1.18721,1.18716,1.57,1.57
03.08.2021 01:02:43.410,1.18721,1.18718,4.13,0.75
03.08.2021 01:02:43.512,1.18721,1.18719,0.1,0.75
03.08.2021 01:02:44.170,1.18721,1.18716,6.45,1.95
03.08.2021 01:02:44.271,1.1872,1.18716,0.1,1.5
03.08.2021 01:02:44.373,1.1872,1.18717,6.53,1.57
03.08.2021 01:02:46.493,1.1872,1.18716,0.1,1.5
03.08.2021 01:02:46.595,1.18721,1.18716,2.4,1.57
03.08.2021 01:02:46.707,1.1872,1.18716,0.1,1.5
03.08.2021 01:02:46.808,1.18721,1.18716,2.4,1.57
03.08.2021 01:02:46.909,1.1872,1.18716,0.1,1.5
03.08.2021 01:02:47.225,1.18721,1.18716,2.4,1.57
03.08.2021 01:02:47.345,1.1872,1.18716,0.1,1.5
03.08.2021 01:02:47.637,1.18721,1.18716,2.4,1.57
03.08.2021 01:02:47.795,1.18719,1.18717,0.1,1.5
03.08.2021 01:02:48.528,1.18721,1.18716,2.4,1.57
03.08.2021 01:02:48.639,1.1872,1.18716,0.1,1.5
03.08.2021 01:02:49.708,1.18721,1.18716,2.4,1.57
03.08.2021 01:02:50.025,1.1872,1.18716,0.1,1.5
03.08.2021 01:02:50.508,1.18721,1.18716,2.4,1.57
03.08.2021 01:02:50.609,1.1872,1.18716,0.1,1.5
03.08.2021 01:02:50.963,1.18719,1.1871500000000001,0.45,0.75
03.08.2021 01:02:51.065,1.18718,1.18714,0.1,1.5
03.08.2021 01:02:51.230,1.18719,1.18714,3.82,0.82
03.08.2021 01:02:51.382,1.18718,1.18714,0.1,0.75
03.08.2021 01:02:53.809,1.18717,1.18713,0.1,0.75
03.08.2021 01:02:54.062,1.1871500000000001,1.18714,0.75,0.75
03.08.2021 01:02:54.113,1.1871500000000001,1.1871200000000002,1.95,1.57
03.08.2021 01:02:54.214,1.1871500000000001,1.18713,0.1,0.75
03.08.2021 01:02:56.032,1.18718,1.18714,4.88,0.82
03.08.2021 01:02:56.184,1.18719,1.18714,5.4,1.76
03.08.2021 01:03:02.207,1.18719,1.1871500000000001,0.1,0.75
03.08.2021 01:03:03.536,1.18719,1.18717,0.45,1.12
03.08.2021 01:03:03.586,1.18721,1.18717,2.77,1.12
03.08.2021 01:03:03.688,1.18721,1.18718,0.52,0.75
03.08.2021 01:03:04.084,1.1872200000000002,1.18718,1.27,0.75
03.08.2021 01:03:05.785,1.18723,1.18718,1.65,1.95
03.08.2021 01:03:06.721,1.18723,1.18719,0.75,0.1
03.08.2021 01:03:09.479,1.18724,1.18719,1.57,0.82
03.08.2021 01:03:15.151,1.18724,1.1872,0.82,0.75
03.08.2021 01:03:21.534,1.18723,1.1872,0.1,0.75
03.08.2021 01:03:25.797,1.18724,1.1872,1.65,0.75
03.08.2021 01:03:26.344,1.18723,1.1872,0.1,0.75
03.08.2021 01:03:26.445,1.1872200000000002,1.1872,0.52,0.75
03.08.2021 01:03:28.718,1.18724,1.18719,1.2,1.2
03.08.2021 01:03:32.777,1.18723,1.18719,0.1,0.75
03.08.2021 01:03:34.083,1.18724,1.18719,0.82,0.82
03.08.2021 01:03:42.526,1.18723,1.18719,0.82,0.75
03.08.2021 01:03:45.306,1.1872,1.18717,0.82,0.75
03.08.2021 01:03:45.408,1.18718,1.18717,0.1,0.75
03.08.2021 01:03:45.510,1.18718,1.18713,0.64,11.7
03.08.2021 01:03:48.812,1.18717,1.18713,0.1,0.75
03.08.2021 01:03:52.038,1.18718,1.18713,7.28,0.82
03.08.2021 01:03:53.519,1.18716,1.18714,4.13,0.82
03.08.2021 01:03:53.623,1.18718,1.18713,7.28,0.82
03.08.2021 01:03:54.958,1.18718,1.1871500000000001,1.95,1.57
03.08.2021 01:03:55.211,1.18718,1.18716,0.82,0.75
03.08.2021 01:04:01.484,1.18718,1.18714,2.32,0.75
03.08.2021 01:04:01.788,1.18717,1.18714,0.52,0.75
03.08.2021 01:04:02.228,1.1871500000000001,1.18711,0.1,1.5
03.08.2021 01:04:02.583,1.18714,1.18711,0.82,0.82
03.08.2021 01:04:02.837,1.1871500000000001,1.18711,0.82,1.5
03.08.2021 01:04:04.375,1.18716,1.1871200000000002,4.2,0.75
03.08.2021 01:04:04.679,1.18716,1.18711,0.1,1.57
03.08.2021 01:04:05.337,1.18716,1.1871200000000002,0.1,0.75
03.08.2021 01:04:11.439,1.1871500000000001,1.18711,0.1,0.75
03.08.2021 01:04:11.542,1.18714,1.18711,0.82,0.75
03.08.2021 01:04:11.643,1.18713,1.18708,0.26,9.07
03.08.2021 01:04:15.001,1.18713,1.18709,0.75,0.26
03.08.2021 01:04:15.103,1.18714,1.18709,1.27,2.14
03.08.2021 01:04:15.204,1.18714,1.1871,0.82,0.75
03.08.2021 01:04:15.406,1.1871500000000001,1.1871,1.2,1.01
03.08.2021 01:04:18.083,1.18714,1.1871,0.82,0.75
03.08.2021 01:04:18.184,1.18713,1.1871,0.1,0.75
03.08.2021 01:04:18.285,1.18713,1.18709,0.1,0.75
03.08.2021 01:04:19.216,1.18714,1.18709,2.21,0.82
03.08.2021 01:04:19.368,1.18713,1.18709,0.1,0.75
03.08.2021 01:04:21.735,1.18714,1.18709,1.57,1.01
03.08.2021 01:04:21.786,1.1871500000000001,1.18711,6.15,0.75
03.08.2021 01:04:22.290,1.18716,1.18711,1.76,1.57
03.08.2021 01:04:22.975,1.1871500000000001,1.18711,0.1,1.5
03.08.2021 01:04:26.540,1.18714,1.1871,0.1,0.75
03.08.2021 01:04:26.844,1.18714,1.18709,1.01,0.82
03.08.2021 01:04:26.945,1.18713,1.18709,0.1,0.75
03.08.2021 01:04:29.999,1.18713,1.18708,5.14,1.57
03.08.2021 01:04:30.101,1.18711,1.18707,0.1,0.75
03.08.2021 01:04:30.303,1.18711,1.18706,0.82,1.76
03.08.2021 01:04:33.306,1.1871200000000002,1.18707,7.95,0.26
03.08.2021 01:04:33.408,1.18713,1.18708,2.02,1.01
03.08.2021 01:04:33.712,1.18713,1.18709,0.82,0.75
03.08.2021 01:04:34.664,1.18713,1.18708,5.7,1.01
03.08.2021 01:04:35.793,1.1871200000000002,1.18707,0.82,1.2
03.08.2021 01:04:44.727,1.18713,1.18708,2.02,0.1
03.08.2021 01:04:44.829,1.1871200000000002,1.18707,0.1,4.76
03.08.2021 01:04:58.909,1.1871200000000002,1.18708,0.1,0.75
03.08.2021 01:05:01.485,1.1871200000000002,1.18707,0.82,2.32
03.08.2021 01:05:01.738,1.18711,1.18707,0.1,1.12
03.08.2021 01:05:05.491,1.1871200000000002,1.18707,5.7,1.2
03.08.2021 01:05:05.784,1.18711,1.18707,4.13,1.2
03.08.2021 01:05:05.970,1.1871200000000002,1.18707,6.08,1.2
03.08.2021 01:05:07.362,1.18711,1.18707,0.1,1.12
03.08.2021 01:05:08.261,1.1871200000000002,1.18707,4.2,1.2
03.08.2021 01:05:09.593,1.1871,1.18706,0.1,1.5
03.08.2021 01:05:09.695,1.18709,1.1870500000000002,0.1,1.5
03.08.2021 01:05:10.353,1.18708,1.18704,0.1,0.75
03.08.2021 01:05:12.535,1.18707,1.18703,0.1,0.75
03.08.2021 01:05:12.898,1.18708,1.18703,1.57,0.82
03.08.2021 01:05:15.501,1.18708,1.18704,1.5,0.1
03.08.2021 01:05:15.820,1.18709,1.18704,1.57,0.82
03.08.2021 01:05:16.465,1.18709,1.1870500000000002,0.75,0.1
03.08.2021 01:05:16.568,1.18711,1.18707,4.88,0.45
03.08.2021 01:05:16.671,1.1871200000000002,1.18707,2.02,3.26
03.08.2021 01:05:16.773,1.1871200000000002,1.18708,1.57,0.94
03.08.2021 01:05:17.028,1.18714,1.18709,1.57,0.26
03.08.2021 01:05:19.602,1.18713,1.18709,0.1,0.19
03.08.2021 01:05:24.576,1.18713,1.18708,0.82,1.01
03.08.2021 01:05:24.678,1.1871200000000002,1.18707,0.82,2.32
03.08.2021 01:05:25.993,1.18713,1.18708,6.15,0.26
03.08.2021 01:05:26.094,1.18713,1.18709,1.2,0.1
03.08.2021 01:05:29.214,1.18713,1.1871,1.95,0.82
03.08.2021 01:05:31.549,1.18714,1.1871,1.95,0.75
03.08.2021 01:05:31.650,1.1871500000000001,1.18711,4.58,2.32
03.08.2021 01:05:31.753,1.18716,1.1871200000000002,0.75,0.82
03.08.2021 01:05:31.854,1.18717,1.1871200000000002,2.02,2.32
03.08.2021 01:05:35.530,1.18716,1.18711,1.2,5.7
03.08.2021 01:05:37.349,1.18716,1.1871200000000002,0.1,0.75
03.08.2021 01:05:37.401,1.18718,1.18713,2.4,0.82
03.08.2021 01:05:45.983,1.18717,1.1871500000000001,0.75,0.1
03.08.2021 01:05:46.084,1.18719,1.18714,3.82,1.01
03.08.2021 01:05:46.237,1.1872,1.1871500000000001,3.82,1.01
03.08.2021 01:05:47.245,1.18719,1.1871500000000001,0.1,0.75
03.08.2021 01:05:47.397,1.18719,1.18714,4.01,0.82
03.08.2021 01:05:47.498,1.18718,1.18713,0.82,0.82
03.08.2021 01:05:48.772,1.1871500000000001,1.18713,0.82,2.25
03.08.2021 01:05:48.874,1.18717,1.1871200000000002,2.7,1.95
03.08.2021 01:05:48.975,1.18716,1.18711,5.32,0.82
03.08.2021 01:05:55.424,1.18714,1.18709,0.1,2.14
03.08.2021 01:05:55.779,1.18713,1.18709,0.1,0.75
03.08.2021 01:05:56.207,1.18714,1.1871,1.12,1.2
03.08.2021 01:05:56.309,1.1871500000000001,1.18711,1.27,0.75
03.08.2021 01:05:56.410,1.18716,1.18711,2.32,1.39
03.08.2021 01:05:59.457,1.18717,1.1871200000000002,1.57,1.57
03.08.2021 01:05:59.558,1.18717,1.18713,1.5,0.1
03.08.2021 01:06:00.489,1.18717,1.1871200000000002,0.82,3.07
03.08.2021 01:06:03.127,1.18716,1.1871200000000002,0.26,1.12
03.08.2021 01:06:03.228,1.18716,1.18711,1.57,0.82
03.08.2021 01:06:03.330,1.1871500000000001,1.18711,0.1,0.75
03.08.2021 01:06:03.431,1.1871500000000001,1.1871,1.57,0.1
03.08.2021 01:06:03.533,1.18713,1.18709,0.1,6.37
03.08.2021 01:06:03.838,1.18713,1.18708,0.82,1.57
03.08.2021 01:06:05.471,1.18713,1.18709,0.75,0.1
03.08.2021 01:06:10.076,1.18713,1.18708,0.82,1.95
03.08.2021 01:06:17.638,1.18713,1.18709,0.75,0.1
03.08.2021 01:06:19.168,1.18713,1.18708,0.82,3.07
03.08.2021 01:06:21.832,1.18713,1.18709,0.75,0.82
03.08.2021 01:06:24.896,1.18713,1.18708,0.82,1.95
03.08.2021 01:06:33.994,1.18713,1.18709,0.75,0.1
03.08.2021 01:06:40.594,1.18713,1.18708,0.82,1.57
03.08.2021 01:06:40.696,1.18711,1.18709,0.1,1.5
03.08.2021 01:06:40.798,1.1871200000000002,1.18707,0.1,1.95
03.08.2021 01:06:40.950,1.1871200000000002,1.18708,0.1,0.75
03.08.2021 01:06:42.598,1.1871200000000002,1.18707,0.82,2.32
03.08.2021 01:06:46.535,1.1871,1.18707,1.2,2.51
03.08.2021 01:06:46.838,1.18711,1.18707,0.82,0.56
03.08.2021 01:06:46.940,1.1871200000000002,1.18707,6.72,1.57
03.08.2021 01:06:51.292,1.1871200000000002,1.18709,2.14,0.1
03.08.2021 01:06:52.102,1.1871200000000002,1.18708,0.1,0.75
03.08.2021 01:06:55.478,1.18713,1.18708,2.14,0.82
03.08.2021 01:06:57.101,1.1871200000000002,1.18707,0.1,2.51
03.08.2021 01:06:58.353,1.18713,1.18708,1.57,1.76
03.08.2021 01:06:58.454,1.18714,1.18709,4.09,0.1
03.08.2021 01:07:00.695,1.18713,1.18709,0.1,0.75
03.08.2021 01:07:01.573,1.1871200000000002,1.18708,0.1,1.5
03.08.2021 01:07:04.380,1.1871200000000002,1.18707,1.01,2.32
03.08.2021 01:07:09.038,1.1871,1.18706,0.1,0.75
03.08.2021 01:07:09.140,1.1871,1.1870500000000002,0.1,5.89
03.08.2021 01:07:11.971,1.18711,1.18706,2.14,0.1
03.08.2021 01:07:12.360,1.18709,1.1870500000000002,0.1,0.75
03.08.2021 01:07:21.051,1.18707,1.1870200000000002,0.1,8.7
03.08.2021 01:07:23.638,1.18706,1.1870200000000002,4.13,1.95
03.08.2021 01:07:23.965,1.18707,1.1870200000000002,6.15,1.2
03.08.2021 01:07:25.922,1.18707,1.18703,1.27,0.75
03.08.2021 01:07:32.103,1.18708,1.18703,2.77,0.82
03.08.2021 01:07:32.489,1.18707,1.18703,0.1,0.75
03.08.2021 01:07:32.591,1.18706,1.1870200000000002,1.95,0.75
03.08.2021 01:07:34.254,1.18706,1.1870100000000001,3.34,0.82
03.08.2021 01:07:37.642,1.1870500000000002,1.187,2.59,0.82
03.08.2021 01:07:37.744,1.18704,1.187,0.1,0.75
03.08.2021 01:07:37.846,1.18704,1.18699,2.02,1.76
03.08.2021 01:07:38.049,1.18703,1.18699,0.45,1.01
03.08.2021 01:07:38.253,1.18703,1.187,2.02,1.76
03.08.2021 01:07:38.552,1.18703,1.18698,0.52,3.64
03.08.2021 01:07:39.704,1.1870200000000002,1.187,0.1,0.19
03.08.2021 01:07:39.806,1.18704,1.18699,1.27,1.76
03.08.2021 01:07:41.257,1.18703,1.1870100000000001,1.27,0.75
03.08.2021 01:07:41.459,1.18703,1.187,0.82,2.51
03.08.2021 01:07:42.674,1.1870200000000002,1.187,0.1,1.5
03.08.2021 01:07:43.214,1.1870200000000002,1.18699,0.37,0.75
03.08.2021 01:07:43.371,1.1870100000000001,1.18699,0.37,3.26
03.08.2021 01:07:43.943,1.1870100000000001,1.18698,0.37,1.5
03.08.2021 01:07:44.045,1.1870100000000001,1.18697,0.37,1.95
03.08.2021 01:07:44.197,1.1870200000000002,1.18697,0.52,1.95
03.08.2021 01:07:44.399,1.1870200000000002,1.18698,0.1,0.75
03.08.2021 01:07:44.500,1.1870200000000002,1.18697,1.27,1.95
03.08.2021 01:07:48.520,1.1870200000000002,1.18698,0.52,0.75
03.08.2021 01:07:49.802,1.1870100000000001,1.18697,0.82,1.87
03.08.2021 01:07:55.307,1.1870200000000002,1.18697,2.02,1.95
03.08.2021 01:07:56.127,1.1870200000000002,1.18699,2.02,0.75
03.08.2021 01:07:56.725,1.1870100000000001,1.18699,0.82,0.75
03.08.2021 01:07:56.978,1.1870100000000001,1.18698,0.1,0.75
03.08.2021 01:07:57.085,1.1870100000000001,1.18699,2.02,0.75
03.08.2021 01:07:59.093,1.187,1.18698,0.1,0.75
03.08.2021 01:07:59.194,1.1870100000000001,1.18698,8.59,0.75
03.08.2021 01:07:59.296,1.187,1.18698,0.52,0.75
03.08.2021 01:08:00.159,1.187,1.18697,0.1,0.75
03.08.2021 01:08:03.711,1.1870100000000001,1.18697,1.39,0.75
03.08.2021 01:08:03.932,1.1870200000000002,1.18698,5.52,0.75
03.08.2021 01:08:09.216,1.1870200000000002,1.18699,0.1,0.75
03.08.2021 01:08:10.125,1.18703,1.18699,1.46,0.75
03.08.2021 01:08:13.530,1.18703,1.187,1.01,0.75
03.08.2021 01:08:13.632,1.18704,1.1870200000000002,0.45,1.12
03.08.2021 01:08:13.834,1.18707,1.18703,0.1,0.75
03.08.2021 01:08:13.935,1.18708,1.18704,0.52,0.75
03.08.2021 01:08:14.037,1.18709,1.18706,0.82,0.75
03.08.2021 01:08:15.057,1.18708,1.18706,1.46,0.75
03.08.2021 01:08:15.209,1.18708,1.1870500000000002,0.1,0.75
03.08.2021 01:08:15.310,1.18707,1.1870500000000002,0.52,0.75
03.08.2021 01:08:16.353,1.18709,1.1870500000000002,5.78,0.75
03.08.2021 01:08:16.656,1.18708,1.1870500000000002,0.1,0.75
03.08.2021 01:08:17.883,1.18708,1.18707,0.1,0.75
03.08.2021 01:08:18.372,1.1871,1.18706,1.09,0.75
03.08.2021 01:08:18.474,1.18709,1.18706,0.1,0.75
03.08.2021 01:08:20.894,1.1871,1.18707,0.45,0.75
03.08.2021 01:08:21.046,1.1871200000000002,1.18707,5.21,1.2
03.08.2021 01:08:21.703,1.18711,1.18707,0.1,0.75
03.08.2021 01:08:23.001,1.18711,1.18706,0.52,1.01
03.08.2021 01:08:23.994,1.18711,1.18709,0.45,0.75
03.08.2021 01:08:24.045,1.18713,1.18709,1.09,0.75
03.08.2021 01:08:25.312,1.18714,1.1871,1.65,0.75
03.08.2021 01:08:25.414,1.18714,1.18711,1.65,0.75
03.08.2021 01:08:25.775,1.18713,1.18711,0.82,0.75
03.08.2021 01:08:26.078,1.18713,1.18709,1.27,0.75
03.08.2021 01:08:26.230,1.18713,1.18711,0.45,0.75
03.08.2021 01:08:26.332,1.18714,1.18711,1.27,0.75
03.08.2021 01:08:26.878,1.1871500000000001,1.18711,0.52,0.75
03.08.2021 01:08:26.980,1.18714,1.18713,0.45,0.75
03.08.2021 01:08:27.082,1.18716,1.1871200000000002,0.1,0.75
03.08.2021 01:08:29.010,1.18717,1.18714,0.1,0.75
03.08.2021 01:08:29.852,1.18717,1.1871500000000001,0.1,0.75
03.08.2021 01:08:30.631,1.18717,1.18714,0.1,0.75
03.08.2021 01:08:31.842,1.18716,1.18713,1.01,0.75
03.08.2021 01:08:31.943,1.1871500000000001,1.18711,0.1,0.75
03.08.2021 01:08:32.095,1.18714,1.18711,0.1,0.75
03.08.2021 01:08:32.196,1.18714,1.1871,0.64,0.75
03.08.2021 01:08:32.889,1.18714,1.1871200000000002,0.45,0.75
03.08.2021 01:08:32.991,1.18714,1.18711,0.45,0.75
03.08.2021 01:08:33.092,1.18713,1.18711,0.1,0.75
03.08.2021 01:08:33.193,1.18713,1.1871,0.1,0.75
03.08.2021 01:08:34.563,1.18713,1.18709,0.52,0.75
03.08.2021 01:08:35.888,1.18714,1.1871,4.58,0.82
03.08.2021 01:08:36.091,1.18714,1.1871200000000002,1.01,0.75
03.08.2021 01:08:36.193,1.18714,1.18711,0.1,0.75
03.08.2021 01:08:37.149,1.18714,1.1871,1.09,0.75
03.08.2021 01:08:38.024,1.18713,1.18709,0.45,0.75
03.08.2021 01:08:38.848,1.18714,1.18711,0.64,0.75
03.08.2021 01:08:39.051,1.1871500000000001,1.18711,0.52,0.75
03.08.2021 01:08:39.506,1.18716,1.18711,0.52,2.32
03.08.2021 01:08:39.608,1.18716,1.1871200000000002,0.1,0.75
03.08.2021 01:08:41.031,1.18716,1.18713,0.1,0.75
03.08.2021 01:08:42.813,1.18717,1.18713,1.27,0.75
03.08.2021 01:08:42.914,1.18717,1.18714,0.52,0.75
03.08.2021 01:08:43.066,1.18718,1.1871500000000001,0.82,0.75
03.08.2021 01:08:43.117,1.18718,1.18713,1.76,0.82
03.08.2021 01:08:43.218,1.18718,1.1871500000000001,1.27,0.75
03.08.2021 01:08:45.175,1.18718,1.18714,1.27,0.75
03.08.2021 01:08:45.277,1.18717,1.18713,0.26,0.75
03.08.2021 01:08:48.444,1.18717,1.1871500000000001,0.1,0.75
03.08.2021 01:08:48.546,1.18718,1.1871500000000001,1.27,0.75
03.08.2021 01:08:54.814,1.18718,1.18716,0.82,0.75
03.08.2021 01:08:55.941,1.18717,1.1871500000000001,0.82,0.75
03.08.2021 01:08:56.043,1.18716,1.18713,0.1,0.75
03.08.2021 01:08:56.840,1.18717,1.18713,1.27,0.75
03.08.2021 01:08:56.941,1.18717,1.1871500000000001,0.82,0.75
03.08.2021 01:08:57.042,1.18717,1.18713,0.1,1.5
03.08.2021 01:08:57.093,1.18717,1.1871500000000001,0.1,0.75
03.08.2021 01:08:57.194,1.18716,1.18714,0.1,0.75
03.08.2021 01:08:57.245,1.18718,1.18716,1.65,0.75
03.08.2021 01:08:57.346,1.18717,1.18713,0.1,0.75
03.08.2021 01:08:57.397,1.18718,1.1871500000000001,1.2,0.75
03.08.2021 01:08:57.448,1.18718,1.18713,1.95,0.82
03.08.2021 01:08:57.499,1.18717,1.1871500000000001,0.1,0.75
03.08.2021 01:08:57.600,1.18716,1.18714,0.1,0.75
03.08.2021 01:09:00.996,1.18717,1.1871500000000001,0.1,0.75
03.08.2021 01:09:01.098,1.18718,1.1871500000000001,0.82,0.75
03.08.2021 01:09:01.199,1.18718,1.18716,0.1,0.75
03.08.2021 01:09:01.938,1.18719,1.18716,0.1,0.75
03.08.2021 01:09:03.207,1.18719,1.18716,1.2,0.75
03.08.2021 01:09:04.420,1.18718,1.18716,0.9,0.75
03.08.2021 01:09:04.578,1.18719,1.18716,0.9,0.75
03.08.2021 01:09:07.169,1.18719,1.18717,0.52,0.75
03.08.2021 01:09:11.085,1.18717,1.1871500000000001,0.1,0.75
03.08.2021 01:09:11.186,1.18717,1.18713,0.1,1.5
03.08.2021 01:09:11.237,1.18717,1.1871500000000001,0.1,0.75
03.08.2021 01:09:11.339,1.18718,1.18716,0.52,0.75
03.08.2021 01:09:11.491,1.18719,1.18716,0.82,0.75
03.08.2021 01:09:11.592,1.18719,1.18717,0.82,0.75
03.08.2021 01:09:20.584,1.1872,1.18717,2.32,0.75
03.08.2021 01:09:24.910,1.1872,1.18719,0.45,0.75
03.08.2021 01:09:25.112,1.1872200000000002,1.18718,2.02,0.75
03.08.2021 01:09:26.087,1.1872200000000002,1.1872,0.1,0.75
03.08.2021 01:09:26.189,1.18723,1.18721,2.02,0.75
03.08.2021 01:09:40.049,1.18724,1.1872200000000002,0.82,0.75
03.08.2021 01:09:44.468,1.18723,1.18721,0.82,0.75
03.08.2021 01:09:44.621,1.18724,1.18721,1.87,0.75
03.08.2021 01:09:44.723,1.18723,1.1872,0.1,0.75
03.08.2021 01:09:46.549,1.18723,1.18721,0.1,0.75
03.08.2021 01:09:52.471,1.1872200000000002,1.18717,0.82,2.51
03.08.2021 01:09:52.573,1.1872200000000002,1.18718,0.1,0.94
03.08.2021 01:09:52.674,1.18721,1.18718,0.82,0.75
03.08.2021 01:09:52.776,1.1872,1.18718,0.45,0.75
03.08.2021 01:09:52.877,1.18719,1.18717,0.1,0.75
03.08.2021 01:09:53.209,1.18717,1.18716,0.1,0.75
03.08.2021 01:09:53.311,1.18719,1.18716,0.82,0.75
03.08.2021 01:10:02.089,1.18717,1.18716,0.1,0.75
03.08.2021 01:10:02.190,1.18719,1.1871500000000001,0.82,1.69
03.08.2021 01:10:04.339,1.18719,1.18716,0.82,0.75
03.08.2021 01:10:04.441,1.1872,1.18716,0.1,0.75
03.08.2021 01:10:04.543,1.18721,1.18718,0.1,0.75
03.08.2021 01:10:07.099,1.1872,1.18718,0.1,0.75
03.08.2021 01:10:07.200,1.1872,1.18717,0.1,0.75
