Gmt time,Ask,Bid,AskVolume,BidVolume
05.08.2021 00:00:00.100,1.18375,1.18373,0.75,0.75
05.08.2021 00:00:00.504,1.18378,1.18374,1.5,0.75
05.08.2021 00:00:00.973,1.1837900000000001,1.18373,1.95,0.37
05.08.2021 00:00:05.005,1.18378,1.18374,0.75,0.75
05.08.2021 00:00:17.697,1.18378,1.18373,0.75,1.95
05.08.2021 00:00:27.492,1.1837700000000002,1.18373,1.87,0.75
05.08.2021 00:00:31.876,1.1837700000000002,1.18374,0.75,0.37
05.08.2021 00:00:33.283,1.1837900000000001,1.18374,1.5,1.39
05.08.2021 00:00:34.347,1.18378,1.18374,0.75,1.2
05.08.2021 00:00:40.471,1.1838,1.18378,1.2,2.7
05.08.2021 00:00:40.573,1.18381,1.18378,0.45,1.12
05.08.2021 00:00:40.674,1.18381,1.1837900000000001,0.75,1.87
05.08.2021 00:00:42.326,1.18382,1.1837900000000001,0.75,0.37
05.08.2021 00:00:43.354,1.18381,1.1837900000000001,0.75,1.95
05.08.2021 00:00:45.476,1.18383,1.1837900000000001,0.75,0.75
05.08.2021 00:01:08.871,1.18382,1.18378,1.69,0.75
05.08.2021 00:01:08.972,1.1837900000000001,1.18375,0.94,1.8
05.08.2021 00:01:09.074,1.18378,1.18374,0.75,8.25
05.08.2021 00:01:11.155,1.1837700000000002,1.18374,0.75,0.37
05.08.2021 00:01:12.251,1.1837700000000002,1.18373,0.75,0.75
05.08.2021 00:01:12.352,1.1837600000000001,1.18372,0.75,3.37
05.08.2021 00:01:13.030,1.18375,1.18371,0.75,1.12
05.08.2021 00:01:14.148,1.18375,1.1837,0.75,3.82
05.08.2021 00:01:15.102,1.18375,1.18371,0.75,0.37
05.08.2021 00:01:18.476,1.18374,1.18371,0.75,0.37
05.08.2021 00:01:24.315,1.18374,1.1837,0.75,2.62
05.08.2021 00:01:24.569,1.18374,1.18371,0.75,0.37
05.08.2021 00:01:31.645,1.18374,1.1837,0.75,3
05.08.2021 00:01:33.571,1.18372,1.18368,0.75,3.45
05.08.2021 00:01:39.120,1.18373,1.1836900000000001,0.75,0.75
05.08.2021 00:02:04.645,1.18374,1.1836900000000001,1.5,1.12
05.08.2021 00:02:18.888,1.18374,1.18372,1.5,0.37
05.08.2021 00:02:18.940,1.1837600000000001,1.18373,0.75,0.37
05.08.2021 00:02:21.463,1.18374,1.1837,0.75,1.8
05.08.2021 00:02:29.019,1.18373,1.1836900000000001,0.75,1.87
05.08.2021 00:02:29.223,1.18372,1.1836900000000001,0.75,0.37
05.08.2021 00:02:35.834,1.18372,1.18368,0.75,2.62
05.08.2021 00:03:06.739,1.18371,1.1836700000000002,0.75,2.25
05.08.2021 00:03:06.841,1.18371,1.1836900000000001,0.75,1.12
05.08.2021 00:03:11.535,1.1836900000000001,1.1836600000000002,0.75,0.75
05.08.2021 00:03:11.638,1.1836900000000001,1.18365,1.5,0.75
05.08.2021 00:03:11.892,1.18368,1.18364,0.75,1.12
05.08.2021 00:03:53.763,1.1837,1.1836600000000002,1.5,0.75
05.08.2021 00:03:54.067,1.18372,1.18368,1.87,0.75
05.08.2021 00:03:55.007,1.18371,1.1836700000000002,0.75,1.87
05.08.2021 00:03:59.594,1.18372,1.18368,2.25,0.75
05.08.2021 00:03:59.696,1.18371,1.1836700000000002,0.75,1.87
05.08.2021 00:03:59.868,1.18372,1.18368,2.25,0.75
05.08.2021 00:04:00.245,1.1837,1.1836700000000002,0.75,1.87
05.08.2021 00:04:00.396,1.1837,1.18368,0.75,0.37
05.08.2021 00:04:00.498,1.1837,1.1836700000000002,0.75,0.75
05.08.2021 00:04:00.599,1.18371,1.1836700000000002,0.75,2.62
05.08.2021 00:04:00.878,1.18372,1.18368,0.75,0.75
05.08.2021 00:04:02.794,1.18372,1.1836700000000002,0.75,4.12
05.08.2021 00:04:05.664,1.18372,1.18368,0.75,0.75
05.08.2021 00:04:06.682,1.18372,1.1836900000000001,0.75,0.75
05.08.2021 00:04:10.801,1.18373,1.1836900000000001,0.75,0.75
05.08.2021 00:04:11.755,1.18372,1.18368,0.75,2.25
05.08.2021 00:04:12.252,1.18371,1.18368,0.75,0.37
05.08.2021 00:04:15.345,1.18372,1.18368,0.75,1.2
05.08.2021 00:04:15.446,1.18373,1.1836900000000001,0.75,0.82
05.08.2021 00:04:29.754,1.18368,1.1836700000000002,0.75,3.49
05.08.2021 00:04:29.855,1.1836700000000002,1.18365,0.75,3.75
05.08.2021 00:04:36.014,1.18368,1.18365,0.75,0.37
05.08.2021 00:04:36.776,1.18368,1.18364,0.75,2.32
05.08.2021 00:04:37.078,1.18368,1.18365,0.75,0.37
05.08.2021 00:04:37.180,1.18368,1.18364,0.75,1.2
05.08.2021 00:04:38.061,1.18371,1.1836700000000002,3.45,1.12
05.08.2021 00:04:38.163,1.18371,1.18368,1.2,1.5
05.08.2021 00:04:38.265,1.18372,1.18368,0.75,1.2
05.08.2021 00:04:41.072,1.18372,1.1836900000000001,0.75,0.37
05.08.2021 00:04:44.150,1.18372,1.18368,0.75,3.38
05.08.2021 00:04:51.299,1.18372,1.1836900000000001,0.75,0.75
05.08.2021 00:04:51.619,1.18373,1.1836900000000001,1.5,0.82
05.08.2021 00:05:04.349,1.18372,1.1836900000000001,0.75,0.82
05.08.2021 00:05:11.058,1.18372,1.18368,0.75,1.95
05.08.2021 00:05:19.500,1.1837,1.1836700000000002,0.75,2.7
05.08.2021 00:05:19.947,1.1837,1.18368,0.75,0.37
05.08.2021 00:05:20.049,1.18371,1.18368,0.75,0.37
05.08.2021 00:05:20.150,1.18371,1.1836700000000002,0.75,2.7
05.08.2021 00:05:21.522,1.18368,1.18365,0.75,2.25
05.08.2021 00:05:21.624,1.1836700000000002,1.18365,0.75,1.95
05.08.2021 00:05:21.725,1.18368,1.18365,0.75,0.75
05.08.2021 00:05:22.451,1.18368,1.18364,0.75,2.7
05.08.2021 00:05:23.323,1.18368,1.1836600000000002,0.75,1.5
05.08.2021 00:05:23.374,1.1837,1.1836700000000002,0.75,2.7
05.08.2021 00:05:23.476,1.18371,1.1836700000000002,0.75,3.45
05.08.2021 00:05:23.581,1.1837,1.1836700000000002,0.75,0.82
05.08.2021 00:05:23.733,1.1836900000000001,1.1836600000000002,0.75,3
05.08.2021 00:05:24.038,1.18371,1.18368,0.75,0.75
05.08.2021 00:05:24.241,1.18372,1.18368,0.75,1.5
05.08.2021 00:05:30.164,1.18374,1.18372,0.75,0.75
05.08.2021 00:05:30.265,1.18375,1.18372,0.45,4.57
05.08.2021 00:05:30.367,1.1837700000000002,1.18374,0.75,0.82
05.08.2021 00:05:31.586,1.18378,1.18374,0.75,1.57
05.08.2021 00:06:02.743,1.1837900000000001,1.18378,0.75,0.37
05.08.2021 00:06:02.845,1.1838,1.1837700000000002,0.75,0.82
05.08.2021 00:06:02.947,1.18381,1.18378,0.75,1.95
05.08.2021 00:06:03.048,1.18382,1.1837900000000001,0.75,0.75
05.08.2021 00:08:04.374,1.18383,1.1837900000000001,0.75,1.5
05.08.2021 00:09:15.432,1.18382,1.1837900000000001,0.75,1.5
05.08.2021 00:09:21.944,1.18383,1.1837900000000001,0.75,0.82
05.08.2021 00:09:22.045,1.18382,1.18381,0.75,0.75
05.08.2021 00:09:22.197,1.18384,1.1838,1.57,1.5
05.08.2021 00:09:22.756,1.18384,1.18383,8.7,0.82
05.08.2021 00:09:22.857,1.1838600000000001,1.18382,1.2,2.32
05.08.2021 00:09:23.293,1.18384,1.1838,0.75,2.63
05.08.2021 00:09:23.395,1.18385,1.18381,1.57,0.75
05.08.2021 00:09:23.497,1.18383,1.1838,0.75,1.57
05.08.2021 00:09:23.650,1.18384,1.1838,1.5,1.57
05.08.2021 00:09:26.448,1.18382,1.18381,0.75,0.75
05.08.2021 00:09:33.623,1.18382,1.1837900000000001,0.75,0.75
05.08.2021 00:09:35.413,1.1837900000000001,1.1837600000000001,0.75,2.55
05.08.2021 00:09:35.515,1.18378,1.1837600000000001,0.75,0.75
05.08.2021 00:09:35.617,1.18378,1.18375,0.75,1.5
05.08.2021 00:09:36.512,1.1838,1.1837700000000002,0.75,1.12
05.08.2021 00:09:36.614,1.18381,1.1837700000000002,1.2,3
05.08.2021 00:09:36.715,1.18382,1.18378,3.07,0.75
05.08.2021 00:09:36.816,1.1838,1.1837600000000001,0.75,2.89
05.08.2021 00:09:36.917,1.18381,1.18378,0.75,0.75
05.08.2021 00:09:37.019,1.18383,1.1837900000000001,0.75,0.75
05.08.2021 00:09:40.398,1.18382,1.1837900000000001,0.37,1.5
05.08.2021 00:09:40.592,1.18383,1.1837900000000001,0.75,1.5
05.08.2021 00:09:42.476,1.18382,1.18381,0.75,0.75
05.08.2021 00:09:44.187,1.18383,1.1837900000000001,0.75,1.5
05.08.2021 00:09:47.882,1.18383,1.1838,0.75,0.75
05.08.2021 00:09:51.740,1.18383,1.1837900000000001,1.5,1.5
05.08.2021 00:10:06.136,1.18384,1.1838,1.57,0.75
05.08.2021 00:10:06.238,1.18382,1.18381,1.5,0.75
05.08.2021 00:10:06.998,1.18384,1.1838,0.82,0.75
05.08.2021 00:10:08.646,1.1838600000000001,1.18382,2.89,1.12
05.08.2021 00:10:08.749,1.1838600000000001,1.18383,1.2,0.37
05.08.2021 00:10:08.851,1.1838700000000002,1.18384,0.75,0.75
05.08.2021 00:10:08.953,1.18388,1.18384,0.82,0.75
05.08.2021 00:10:16.193,1.1838700000000002,1.18384,0.75,0.75
05.08.2021 00:10:16.605,1.18388,1.18384,0.82,0.75
05.08.2021 00:10:28.852,1.18388,1.18385,0.75,0.75
05.08.2021 00:10:33.419,1.1838700000000002,1.18384,0.75,1.57
05.08.2021 00:10:40.375,1.1838600000000001,1.18383,0.75,0.75
05.08.2021 00:10:43.115,1.1838600000000001,1.18382,1.5,2.7
05.08.2021 00:10:45.993,1.18385,1.18382,0.75,0.75
05.08.2021 00:10:46.096,1.18384,1.18381,0.75,1.57
05.08.2021 00:10:46.249,1.18383,1.18381,0.75,1.57
05.08.2021 00:10:51.821,1.18383,1.1837900000000001,0.75,2.32
05.08.2021 00:10:56.809,1.18383,1.1838,0.75,0.1
05.08.2021 00:11:00.821,1.18384,1.1838,0.75,2.14
05.08.2021 00:11:00.922,1.18384,1.18381,0.75,0.82
05.08.2021 00:11:06.367,1.18383,1.18381,0.75,2.89
05.08.2021 00:11:10.085,1.18383,1.1838,0.75,2.89
05.08.2021 00:11:17.399,1.18384,1.1838,0.75,2.89
05.08.2021 00:11:25.303,1.1838600000000001,1.18383,1.12,1.2
05.08.2021 00:11:25.405,1.1838700000000002,1.18384,1.2,1.5
05.08.2021 00:11:33.308,1.1838700000000002,1.18383,0.75,2.7
05.08.2021 00:11:59.694,1.18383,1.18381,0.75,0.75
05.08.2021 00:11:59.795,1.18382,1.1837900000000001,0.75,2.25
05.08.2021 00:12:23.931,1.18382,1.18378,2.7,1.5
05.08.2021 00:12:24.033,1.18381,1.18378,0.75,0.75
05.08.2021 00:12:24.609,1.18382,1.18378,1.95,0.75
05.08.2021 00:12:24.711,1.18381,1.18378,0.75,0.75
05.08.2021 00:12:33.475,1.18382,1.18378,0.75,2.06
05.08.2021 00:12:45.051,1.18382,1.1837900000000001,0.75,0.75
05.08.2021 00:12:49.264,1.18382,1.18378,0.75,2.81
05.08.2021 00:13:17.118,1.18382,1.1837900000000001,0.75,0.75
05.08.2021 00:13:32.535,1.18382,1.18378,0.75,1.5
05.08.2021 00:13:36.864,1.18382,1.1837900000000001,0.75,0.75
05.08.2021 00:13:37.162,1.18382,1.18378,0.75,1.87
05.08.2021 00:13:38.315,1.18381,1.1837700000000002,0.75,1.5
05.08.2021 00:13:38.467,1.1837900000000001,1.1837700000000002,0.75,0.75
05.08.2021 00:13:38.568,1.1837900000000001,1.1837700000000002,0.75,1.87
05.08.2021 00:13:44.971,1.1838,1.1837600000000001,1.57,0.75
05.08.2021 00:13:45.072,1.1837900000000001,1.1837600000000001,0.75,0.75
05.08.2021 00:13:45.189,1.1837900000000001,1.18378,0.75,0.75
05.08.2021 00:13:45.290,1.18381,1.18378,1.95,0.75
05.08.2021 00:13:48.160,1.18382,1.1837900000000001,0.75,0.75
05.08.2021 00:13:50.500,1.18383,1.1838,0.75,0.75
05.08.2021 00:13:50.601,1.18384,1.1838,1.5,0.75
05.08.2021 00:13:50.704,1.18384,1.18381,1.5,0.75
05.08.2021 00:14:05.445,1.1838600000000001,1.18383,8.7,0.75
05.08.2021 00:14:05.547,1.1838700000000002,1.18383,2.02,0.75
05.08.2021 00:14:05.649,1.18388,1.18384,0.82,0.75
05.08.2021 00:14:07.036,1.1838600000000001,1.18383,0.75,0.75
05.08.2021 00:14:07.796,1.1838700000000002,1.18384,0.82,0.75
05.08.2021 00:14:13.675,1.18388,1.18385,0.82,0.75
05.08.2021 00:14:15.203,1.18388,1.18384,0.82,0.75
05.08.2021 00:14:28.763,1.1838600000000001,1.18385,0.75,0.75
05.08.2021 00:14:28.864,1.1838600000000001,1.18382,0.82,2.62
05.08.2021 00:14:29.016,1.18385,1.18382,0.75,0.75
05.08.2021 00:14:29.424,1.1838600000000001,1.18382,9.9,0.75
05.08.2021 00:14:31.025,1.18385,1.18381,1.57,0.75
05.08.2021 00:14:31.187,1.18384,1.18383,0.75,0.75
05.08.2021 00:14:31.238,1.1838700000000002,1.18384,0.75,0.75
05.08.2021 00:14:55.726,1.18388,1.18385,0.75,0.75
05.08.2021 00:14:55.827,1.18389,1.1838600000000001,1.2,0.75
05.08.2021 00:14:56.006,1.1838700000000002,1.1838600000000001,0.75,0.75
05.08.2021 00:14:56.158,1.18388,1.18385,0.75,0.75
05.08.2021 00:15:00.525,1.18388,1.1838700000000002,0.75,0.75
05.08.2021 00:15:00.576,1.1838600000000001,1.18384,0.82,0.19
05.08.2021 00:15:00.678,1.1838600000000001,1.18382,0.75,2.32
05.08.2021 00:15:00.779,1.1838700000000002,1.18383,0.82,0.75
05.08.2021 00:15:01.951,1.1838700000000002,1.18384,0.82,0.75
05.08.2021 00:15:04.557,1.1838700000000002,1.18385,0.75,0.75
05.08.2021 00:15:19.563,1.1838700000000002,1.18384,0.75,0.75
05.08.2021 00:15:37.735,1.1838600000000001,1.18383,0.75,1.87
05.08.2021 00:16:06.252,1.1838700000000002,1.18384,0.75,0.75
05.08.2021 00:16:08.607,1.1838600000000001,1.18384,0.75,1.12
05.08.2021 00:16:18.453,1.1838600000000001,1.18382,1.69,1.2
05.08.2021 00:16:18.554,1.18385,1.18382,0.75,0.37
05.08.2021 00:16:18.605,1.18383,1.1838,0.75,1.95
05.08.2021 00:16:18.707,1.18382,1.1838,0.75,1.87
05.08.2021 00:16:18.808,1.18382,1.1837900000000001,0.75,0.37
05.08.2021 00:16:21.442,1.18382,1.18378,0.75,1.87
05.08.2021 00:16:21.607,1.18381,1.18378,0.75,1.12
05.08.2021 00:16:55.845,1.18382,1.1837900000000001,0.75,0.75
05.08.2021 00:16:56.697,1.18381,1.1837900000000001,0.75,1.87
05.08.2021 00:16:56.798,1.18381,1.18378,0.75,1.12
05.08.2021 00:17:02.057,1.18381,1.1837700000000002,0.75,5.32
05.08.2021 00:17:02.360,1.18381,1.18378,0.75,0.37
05.08.2021 00:17:15.333,1.18381,1.1837700000000002,0.75,5.32
05.08.2021 00:17:20.727,1.18381,1.18378,0.75,0.37
05.08.2021 00:17:24.911,1.18381,1.1837900000000001,0.75,0.37
05.08.2021 00:17:25.269,1.18381,1.18378,0.75,1.12
05.08.2021 00:17:31.179,1.18382,1.18378,0.75,1.12
05.08.2021 00:17:36.557,1.18383,1.18381,0.75,1.5
05.08.2021 00:17:36.608,1.1838600000000001,1.18383,0.75,1.12
05.08.2021 00:17:36.709,1.1838700000000002,1.18384,8.7,0.75
05.08.2021 00:17:47.944,1.1838700000000002,1.18383,0.75,1.12
05.08.2021 00:17:49.081,1.1838600000000001,1.18383,0.75,1.12
05.08.2021 00:17:49.132,1.18384,1.18381,0.75,1.05
05.08.2021 00:17:49.234,1.18382,1.18381,0.75,1.95
05.08.2021 00:17:49.335,1.18383,1.1837900000000001,0.75,1.87
05.08.2021 00:17:50.270,1.18382,1.18378,0.75,1.12
05.08.2021 00:18:00.576,1.18381,1.18378,0.75,0.37
05.08.2021 00:18:02.500,1.18381,1.1837700000000002,0.75,3.45
05.08.2021 00:18:10.941,1.18381,1.18378,0.75,0.37
05.08.2021 00:18:19.597,1.18381,1.1837700000000002,0.75,3.45
05.08.2021 00:18:19.854,1.18382,1.18378,0.75,0.75
05.08.2021 00:18:21.620,1.18381,1.18378,0.75,0.75
05.08.2021 00:18:48.121,1.1837900000000001,1.1837700000000002,0.75,0.37
05.08.2021 00:18:48.223,1.1838,1.18378,0.75,2.32
05.08.2021 00:18:55.766,1.18381,1.18378,0.75,0.75
05.08.2021 00:19:08.363,1.1837900000000001,1.1837600000000001,0.82,1.95
05.08.2021 00:19:08.464,1.18378,1.18375,0.75,0.75
05.08.2021 00:19:08.566,1.18381,1.18378,0.75,0.75
05.08.2021 00:19:08.669,1.1838,1.18378,0.75,1.95
05.08.2021 00:19:12.484,1.18381,1.1837700000000002,0.75,2.77
05.08.2021 00:19:22.116,1.1837900000000001,1.1837600000000001,0.82,2.25
05.08.2021 00:19:22.624,1.1838,1.1837600000000001,0.75,1.95
05.08.2021 00:19:23.493,1.1837900000000001,1.1837600000000001,0.75,0.75
05.08.2021 00:19:24.436,1.18381,1.1837700000000002,0.75,1.2
05.08.2021 00:19:24.638,1.18381,1.18378,0.75,0.75
05.08.2021 00:19:31.548,1.18382,1.18378,1.5,1.12
05.08.2021 00:19:31.649,1.18382,1.1837900000000001,1.5,0.75
05.08.2021 00:19:32.395,1.18383,1.1837900000000001,0.82,0.75
05.08.2021 00:19:32.547,1.18383,1.1838,0.82,0.75
05.08.2021 00:19:38.445,1.18383,1.1837900000000001,1.5,0.75
05.08.2021 00:19:39.406,1.18381,1.1838,0.37,0.75
05.08.2021 00:19:40.450,1.18383,1.1837900000000001,1.57,0.75
05.08.2021 00:19:47.377,1.18383,1.1838,1.5,0.75
05.08.2021 00:19:57.579,1.18384,1.18383,0.94,1.95
05.08.2021 00:19:57.681,1.1838600000000001,1.18382,0.75,1.57
05.08.2021 00:19:57.782,1.1838700000000002,1.18384,1.5,0.75
05.08.2021 00:19:57.934,1.18388,1.18385,0.75,0.75
05.08.2021 00:20:06.003,1.1838700000000002,1.18384,0.75,0.75
05.08.2021 00:20:11.637,1.18388,1.18384,0.82,1.12
05.08.2021 00:20:11.738,1.18388,1.18385,0.75,0.75
05.08.2021 00:20:13.647,1.1838700000000002,1.18384,0.75,0.37
05.08.2021 00:20:17.225,1.1838700000000002,1.18383,0.75,1.12
05.08.2021 00:20:23.117,1.1838700000000002,1.18385,0.75,0.75
05.08.2021 00:20:23.319,1.1838700000000002,1.18383,0.75,1.57
05.08.2021 00:20:28.117,1.18388,1.18384,0.75,0.75
05.08.2021 00:20:31.302,1.18388,1.18385,1.69,0.75
05.08.2021 00:20:42.167,1.18389,1.18385,1.01,0.75
05.08.2021 00:20:42.496,1.18388,1.18385,0.75,0.75
05.08.2021 00:20:44.717,1.1838700000000002,1.18384,0.75,0.75
05.08.2021 00:20:52.922,1.18384,1.18382,1.5,0.45
05.08.2021 00:20:53.125,1.18382,1.1837900000000001,0.75,8.62
05.08.2021 00:20:58.942,1.18382,1.18378,0.75,2.32
05.08.2021 00:21:23.469,1.1838,1.1837600000000001,1.57,2.89
05.08.2021 00:21:23.571,1.18378,1.1837600000000001,0.75,1.2
05.08.2021 00:21:23.674,1.18375,1.18373,0.75,1.2
05.08.2021 00:21:23.877,1.18375,1.18371,1.12,1.57
05.08.2021 00:21:23.979,1.1837600000000001,1.18372,0.75,2.32
05.08.2021 00:21:24.233,1.18374,1.18373,0.75,1.2
05.08.2021 00:21:24.335,1.18373,1.1837,0.75,1.2
05.08.2021 00:21:24.437,1.18372,1.1837,0.82,1.12
05.08.2021 00:21:30.127,1.18373,1.1837,0.75,1.5
05.08.2021 00:21:30.229,1.18373,1.1836900000000001,0.75,1.2
05.08.2021 00:21:32.451,1.18372,1.1836900000000001,0.75,0.37
05.08.2021 00:21:32.553,1.18371,1.18368,0.75,1.87
05.08.2021 00:21:32.656,1.18368,1.18365,0.75,2.18
05.08.2021 00:21:32.757,1.18368,1.18364,0.94,0.82
05.08.2021 00:21:33.153,1.1836700000000002,1.18364,0.75,0.82
05.08.2021 00:21:34.148,1.1836700000000002,1.18365,0.75,0.82
05.08.2021 00:21:34.581,1.18368,1.18365,0.75,0.37
05.08.2021 00:21:34.683,1.1837,1.1836700000000002,0.75,2.25
05.08.2021 00:21:34.785,1.18371,1.1836700000000002,0.75,3.07
05.08.2021 00:21:35.451,1.1837,1.1836700000000002,0.75,2.02
05.08.2021 00:21:35.553,1.1836900000000001,1.1836700000000002,1.01,1.2
05.08.2021 00:21:35.604,1.18368,1.18365,0.75,2.55
05.08.2021 00:21:35.707,1.18368,1.18364,0.75,1.95
05.08.2021 00:21:36.038,1.1836700000000002,1.18364,0.75,0.75
05.08.2021 00:21:38.468,1.1836700000000002,1.18363,0.75,1.95
05.08.2021 00:21:41.103,1.1836700000000002,1.18364,0.75,0.75
05.08.2021 00:21:41.226,1.1836700000000002,1.18363,0.75,3.9
05.08.2021 00:22:07.108,1.1836700000000002,1.18364,0.75,0.37
05.08.2021 00:22:08.908,1.18365,1.18363,0.75,0.75
05.08.2021 00:22:09.010,1.18365,1.1836200000000001,0.75,2.32
05.08.2021 00:22:09.111,1.1836600000000002,1.1836200000000001,0.94,2.62
05.08.2021 00:22:09.477,1.18364,1.18361,0.75,3
05.08.2021 00:22:09.932,1.18363,1.18361,0.75,0.75
05.08.2021 00:22:10.034,1.1836200000000001,1.18361,0.75,0.75
05.08.2021 00:22:12.567,1.1836600000000002,1.1836200000000001,2.25,2.7
05.08.2021 00:22:12.669,1.1836700000000002,1.18363,0.82,1.87
05.08.2021 00:22:12.822,1.18368,1.18364,0.75,2.7
05.08.2021 00:22:12.974,1.1836900000000001,1.18365,1.5,1.12
05.08.2021 00:22:18.761,1.18371,1.18368,8.7,0.75
05.08.2021 00:22:23.790,1.18372,1.18368,1.01,1.12
05.08.2021 00:22:23.892,1.18371,1.1836700000000002,0.75,1.5
05.08.2021 00:22:23.993,1.1837,1.1836700000000002,0.75,0.75
05.08.2021 00:22:24.408,1.1836900000000001,1.1836600000000002,0.75,0.75
05.08.2021 00:22:24.509,1.1836900000000001,1.18365,0.75,1.5
05.08.2021 00:22:25.713,1.18371,1.1836900000000001,8.7,0.82
05.08.2021 00:22:27.188,1.18372,1.1836900000000001,0.75,0.75
05.08.2021 00:22:34.354,1.1837,1.1836700000000002,0.75,0.45
05.08.2021 00:22:34.455,1.1836900000000001,1.1836700000000002,0.75,0.45
05.08.2021 00:22:34.557,1.1836900000000001,1.18365,0.75,1.5
05.08.2021 00:22:35.623,1.18368,1.18365,0.75,1.5
05.08.2021 00:22:40.371,1.1836900000000001,1.18365,0.75,1.5
05.08.2021 00:22:45.096,1.18368,1.18365,0.75,0.75
05.08.2021 00:22:52.371,1.1836900000000001,1.18365,0.75,0.75
05.08.2021 00:23:00.366,1.1837,1.1836700000000002,0.75,0.75
05.08.2021 00:23:20.736,1.1836900000000001,1.18365,0.75,1.5
05.08.2021 00:23:22.835,1.1837,1.1836600000000002,0.75,0.75
05.08.2021 00:23:23.582,1.1836900000000001,1.18365,0.75,0.75
05.08.2021 00:23:23.683,1.1837,1.1836600000000002,0.75,0.75
05.08.2021 00:23:39.780,1.18371,1.1836900000000001,0.75,0.75
05.08.2021 00:23:39.882,1.18373,1.1836900000000001,0.75,0.75
05.08.2021 00:24:03.400,1.18374,1.1837,1.5,0.75
05.08.2021 00:24:21.904,1.18373,1.18372,0.75,0.75
05.08.2021 00:24:31.313,1.18374,1.1837,0.75,0.75
05.08.2021 00:24:38.099,1.18373,1.18372,0.75,0.75
05.08.2021 00:24:39.190,1.18374,1.1837,2.51,0.75
05.08.2021 00:24:39.291,1.18373,1.1836900000000001,0.75,0.75
05.08.2021 00:24:41.191,1.18372,1.1836900000000001,0.19,0.75
05.08.2021 00:24:43.773,1.18373,1.1836900000000001,1.01,0.75
05.08.2021 00:24:44.614,1.18373,1.1837,0.94,0.75
05.08.2021 00:24:53.739,1.18373,1.18371,1.01,0.75
05.08.2021 00:25:00.085,1.18373,1.1837,0.19,0.75
05.08.2021 00:25:00.237,1.18373,1.1836900000000001,0.94,1.12
05.08.2021 00:25:00.339,1.18374,1.1837,1.01,0.75
05.08.2021 00:25:02.409,1.18373,1.1837,0.75,0.75
05.08.2021 00:25:03.867,1.18372,1.1836900000000001,0.75,0.75
05.08.2021 00:25:11.175,1.18373,1.1837,0.75,0.75
05.08.2021 00:25:11.290,1.18374,1.1837,1.39,0.75
05.08.2021 00:25:14.810,1.18372,1.1837,0.75,0.75
05.08.2021 00:25:15.063,1.18371,1.1837,0.75,0.75
05.08.2021 00:25:18.809,1.18373,1.1836900000000001,0.75,0.75
05.08.2021 00:25:27.434,1.18372,1.1836900000000001,0.75,0.75
05.08.2021 00:25:34.170,1.18373,1.18371,1.39,0.75
05.08.2021 00:25:37.867,1.18373,1.1837,0.75,0.75
05.08.2021 00:25:40.957,1.18373,1.1836900000000001,0.75,0.75
05.08.2021 00:25:45.474,1.18372,1.1836900000000001,0.75,0.75
05.08.2021 00:25:59.899,1.18373,1.1837,0.75,0.75
05.08.2021 00:26:00.153,1.18374,1.1837,0.94,0.75
05.08.2021 00:26:05.759,1.18373,1.1836900000000001,0.75,1.5
05.08.2021 00:26:05.911,1.18373,1.1837,0.19,0.75
05.08.2021 00:26:06.012,1.18373,1.1836900000000001,0.75,1.5
05.08.2021 00:26:06.179,1.18372,1.1836900000000001,0.75,1.5
05.08.2021 00:26:06.752,1.18373,1.1837,0.75,0.75
05.08.2021 00:26:08.238,1.18373,1.1836900000000001,1.12,0.75
05.08.2021 00:26:20.929,1.1836900000000001,1.1836700000000002,0.82,0.45
05.08.2021 00:26:21.081,1.18368,1.18364,0.75,1.57
05.08.2021 00:26:21.954,1.1836600000000002,1.18365,0.75,1.5
05.08.2021 00:26:35.986,1.1836700000000002,1.18365,0.75,0.75
05.08.2021 00:26:49.643,1.1836600000000002,1.18365,0.75,0.75
05.08.2021 00:26:54.433,1.1836700000000002,1.18363,0.75,0.75
05.08.2021 00:27:15.626,1.18365,1.1836200000000001,0.75,0.75
05.08.2021 00:27:15.728,1.18364,1.18361,0.75,0.75
05.08.2021 00:27:15.830,1.18364,1.1836,0.82,1.5
05.08.2021 00:27:27.985,1.1836700000000002,1.18363,1.01,1.12
05.08.2021 00:27:28.087,1.1836700000000002,1.18364,0.75,0.75
05.08.2021 00:27:28.188,1.18368,1.18364,0.75,0.75
05.08.2021 00:27:32.002,1.1836900000000001,1.18365,0.82,0.75
05.08.2021 00:27:32.204,1.18368,1.18364,0.75,1.95
05.08.2021 00:27:54.078,1.1837,1.1836700000000002,0.75,1.87
05.08.2021 00:27:54.180,1.18371,1.1836700000000002,0.75,2.32
05.08.2021 00:27:55.522,1.18372,1.18368,0.82,0.75
05.08.2021 00:28:06.922,1.18371,1.1836700000000002,0.82,0.75
05.08.2021 00:28:07.392,1.1837,1.1836700000000002,0.1,0.75
05.08.2021 00:28:08.778,1.18372,1.18368,9.52,0.75
05.08.2021 00:28:36.459,1.1837,1.1836900000000001,0.75,0.75
05.08.2021 00:28:39.891,1.1836900000000001,1.18368,1.5,0.75
05.08.2021 00:28:40.915,1.1836900000000001,1.1836700000000002,0.37,0.75
05.08.2021 00:28:43.254,1.1836900000000001,1.18365,1.5,0.75
05.08.2021 00:29:37.745,1.1836700000000002,1.18365,0.75,0.75
05.08.2021 00:29:43.225,1.18365,1.18361,1.01,10.2
05.08.2021 00:29:43.327,1.18364,1.18361,0.26,9.45
05.08.2021 00:29:44.142,1.18364,1.1836,1.01,0.75
05.08.2021 00:29:45.175,1.18363,1.18359,0.75,1.95
05.08.2021 00:29:50.769,1.1836200000000001,1.18361,0.1,0.75
05.08.2021 00:30:00.305,1.18364,1.1836,1.01,0.75
05.08.2021 00:30:00.534,1.18364,1.18361,0.26,0.75
05.08.2021 00:30:01.038,1.1836600000000002,1.1836200000000001,1.57,0.75
05.08.2021 00:30:01.392,1.1836600000000002,1.18363,0.82,0.75
05.08.2021 00:30:02.742,1.1836700000000002,1.18364,0.1,0.75
05.08.2021 00:30:03.218,1.18368,1.18364,0.82,0.75
05.08.2021 00:30:06.512,1.18368,1.18365,0.1,0.75
05.08.2021 00:30:06.613,1.18368,1.1836600000000002,10.09,0.75
05.08.2021 00:30:11.394,1.1836900000000001,1.1836600000000002,0.1,0.75
05.08.2021 00:30:15.493,1.1836900000000001,1.18365,0.82,0.75
05.08.2021 00:30:17.583,1.1836600000000002,1.1836200000000001,1.12,0.75
05.08.2021 00:30:17.735,1.18364,1.18363,1.76,0.75
05.08.2021 00:30:18.039,1.18365,1.18361,2.14,0.75
05.08.2021 00:30:18.140,1.18364,1.18361,0.1,0.75
05.08.2021 00:30:23.398,1.18364,1.1836,0.82,0.75
05.08.2021 00:30:45.280,1.18361,1.18358,1.2,0.75
05.08.2021 00:30:45.383,1.18359,1.1835700000000002,0.1,1.2
05.08.2021 00:30:45.484,1.18359,1.18355,1.95,0.75
05.08.2021 00:30:51.085,1.18358,1.18355,0.1,0.75
05.08.2021 00:30:54.846,1.1835700000000002,1.18355,0.82,0.75
05.08.2021 00:31:05.636,1.1836,1.1835600000000002,8.77,0.75
05.08.2021 00:31:06.888,1.18359,1.1835600000000002,0.1,0.75
05.08.2021 00:31:06.992,1.18358,1.1835600000000002,0.82,0.75
05.08.2021 00:31:09.203,1.18359,1.1835700000000002,1.95,0.75
05.08.2021 00:31:09.749,1.18361,1.1835700000000002,8.7,1.2
05.08.2021 00:31:09.850,1.18361,1.18358,7.95,0.75
05.08.2021 00:31:09.952,1.1836200000000001,1.18358,8.77,0.75
05.08.2021 00:31:15.474,1.18363,1.18359,1.57,0.75
05.08.2021 00:31:20.959,1.1836,1.1835700000000002,0.82,0.75
05.08.2021 00:31:21.010,1.18359,1.18355,0.82,1.95
05.08.2021 00:31:21.112,1.18358,1.18355,0.75,1.2
05.08.2021 00:31:21.213,1.18358,1.18354,0.75,1.2
05.08.2021 00:31:21.365,1.18359,1.18355,1.57,0.75
05.08.2021 00:31:24.126,1.18358,1.18354,0.75,0.82
05.08.2021 00:31:24.278,1.18359,1.18355,2.32,0.75
05.08.2021 00:31:28.782,1.18358,1.18355,0.75,0.75
05.08.2021 00:31:31.152,1.1835700000000002,1.18353,0.75,0.82
05.08.2021 00:31:44.628,1.1835600000000002,1.18354,0.37,0.75
05.08.2021 00:31:44.680,1.1835600000000002,1.1835200000000001,1.57,0.75
05.08.2021 00:31:44.832,1.18355,1.18351,0.75,0.75
05.08.2021 00:31:51.029,1.18353,1.18349,0.82,2.02
05.08.2021 00:31:51.180,1.1835200000000001,1.18349,0.82,1.2
05.08.2021 00:31:51.282,1.1835200000000001,1.18348,0.82,2.89
05.08.2021 00:31:51.408,1.1835200000000001,1.18349,0.1,0.75
05.08.2021 00:31:51.510,1.1835200000000001,1.18348,0.82,2.89
05.08.2021 00:31:58.423,1.1835200000000001,1.18349,0.1,0.75
05.08.2021 00:31:58.575,1.1835200000000001,1.18348,0.82,0.82
05.08.2021 00:31:58.677,1.18351,1.18347,1.2,1.2
05.08.2021 00:31:58.778,1.1835,1.18347,0.75,0.45
05.08.2021 00:31:58.880,1.1835200000000001,1.18348,8.77,0.82
05.08.2021 00:31:58.982,1.1835200000000001,1.18349,8.02,0.75
05.08.2021 00:31:59.083,1.18353,1.18349,0.75,0.75
05.08.2021 00:31:59.562,1.1835200000000001,1.18348,2.25,0.75
05.08.2021 00:31:59.714,1.18351,1.18347,0.75,1.57
05.08.2021 00:31:59.966,1.18351,1.18348,0.45,0.75
05.08.2021 00:32:00.119,1.1835200000000001,1.18348,0.82,1.2
05.08.2021 00:32:27.397,1.1835200000000001,1.18349,0.75,0.75
05.08.2021 00:32:52.519,1.18354,1.1835200000000001,7.95,1.12
05.08.2021 00:32:52.570,1.1835600000000002,1.1835200000000001,0.82,1.12
05.08.2021 00:32:52.772,1.1835600000000002,1.18353,0.75,0.75
05.08.2021 00:32:52.823,1.1835700000000002,1.18355,8.7,0.75
05.08.2021 00:32:52.874,1.1835600000000002,1.1835200000000001,0.75,4.01
05.08.2021 00:32:52.975,1.1835600000000002,1.18353,0.82,0.75
05.08.2021 00:32:53.077,1.1835600000000002,1.1835200000000001,0.82,1.12
05.08.2021 00:32:53.330,1.18355,1.18351,1.5,2.51
05.08.2021 00:32:53.461,1.18355,1.1835200000000001,1.5,0.37
05.08.2021 00:32:53.878,1.1835600000000002,1.18353,0.75,0.37
05.08.2021 00:32:53.929,1.18358,1.18354,9.45,0.75
05.08.2021 00:32:54.081,1.1835700000000002,1.18354,0.75,0.75
05.08.2021 00:33:33.434,1.1835600000000002,1.18353,0.75,1.5
05.08.2021 00:33:37.205,1.1835700000000002,1.18353,0.75,1.87
05.08.2021 00:34:34.153,1.18358,1.18354,0.75,0.75
05.08.2021 00:34:34.255,1.1835700000000002,1.18354,0.75,0.75
05.08.2021 00:34:54.279,1.18355,1.1835200000000001,0.82,0.94
05.08.2021 00:34:54.330,1.1835700000000002,1.18355,3.19,2.44
05.08.2021 00:34:54.381,1.1835700000000002,1.18353,0.94,2.25
05.08.2021 00:34:54.432,1.18358,1.18355,0.75,0.19
05.08.2021 00:34:54.888,1.18359,1.18355,0.75,1.01
05.08.2021 00:34:54.989,1.18358,1.18355,0.75,0.82
05.08.2021 00:34:55.141,1.18359,1.18355,0.82,0.75
05.08.2021 00:34:57.988,1.18358,1.18354,1.5,2.14
05.08.2021 00:34:58.917,1.1835700000000002,1.18354,7.95,0.75
05.08.2021 00:34:59.018,1.18358,1.18354,9.52,0.75
05.08.2021 00:35:08.994,1.18358,1.18355,0.37,0.82
05.08.2021 00:35:11.103,1.18358,1.18354,1.5,0.82
05.08.2021 00:35:24.133,1.1835700000000002,1.18354,0.37,1.5
05.08.2021 00:35:24.977,1.18358,1.18354,0.82,1.5
05.08.2021 00:35:26.507,1.1835700000000002,1.18354,0.75,1.5
05.08.2021 00:35:50.167,1.18358,1.18354,0.75,2.32
05.08.2021 00:35:50.268,1.18359,1.18355,0.82,0.75
05.08.2021 00:35:50.534,1.18358,1.1835700000000002,0.75,0.75
05.08.2021 00:35:50.737,1.18358,1.18355,0.75,0.75
05.08.2021 00:35:51.027,1.18358,1.18354,0.82,0.75
05.08.2021 00:36:08.946,1.18355,1.1835200000000001,0.75,2.7
05.08.2021 00:36:09.047,1.18355,1.18351,0.75,3.07
05.08.2021 00:36:09.249,1.1835600000000002,1.18353,8.7,0.75
05.08.2021 00:36:09.351,1.1835700000000002,1.18353,1.57,0.75
05.08.2021 00:36:34.479,1.1835600000000002,1.18355,0.75,0.75
05.08.2021 00:36:39.676,1.18355,1.1835200000000001,0.75,3.75
05.08.2021 00:36:39.828,1.18355,1.18351,0.82,0.75
05.08.2021 00:36:44.681,1.18353,1.1835,0.75,1.5
05.08.2021 00:36:46.355,1.18354,1.1835,1.2,0.75
05.08.2021 00:36:46.554,1.1835200000000001,1.18351,0.75,0.75
05.08.2021 00:36:47.089,1.18354,1.1835,1.2,0.75
05.08.2021 00:36:47.402,1.18353,1.1835,0.75,0.75
05.08.2021 00:36:53.206,1.1835200000000001,1.18349,0.75,1.5
05.08.2021 00:36:56.152,1.18353,1.18349,0.75,1.5
05.08.2021 00:36:59.528,1.18353,1.1835,0.75,0.75
05.08.2021 00:37:00.862,1.18353,1.18349,0.75,1.57
05.08.2021 00:37:04.346,1.18354,1.1835,0.75,1.57
05.08.2021 00:37:04.447,1.18353,1.1835,0.75,1.57
05.08.2021 00:37:06.096,1.1835200000000001,1.18349,0.75,1.95
05.08.2021 00:37:10.010,1.18353,1.18349,0.75,1.95
05.08.2021 00:37:18.010,1.18353,1.1835,0.75,0.1
05.08.2021 00:37:20.875,1.18354,1.18351,0.75,0.1
05.08.2021 00:37:21.027,1.18354,1.1835200000000001,0.75,0.1
05.08.2021 00:37:21.179,1.18355,1.1835200000000001,0.75,0.82
05.08.2021 00:37:28.146,1.18353,1.18351,0.75,0.75
05.08.2021 00:37:28.247,1.18353,1.1835,0.75,2.77
05.08.2021 00:37:42.469,1.1835200000000001,1.1835,0.75,0.75
05.08.2021 00:37:53.518,1.18353,1.1835,0.75,0.75
05.08.2021 00:38:06.604,1.18354,1.1835200000000001,0.82,1.12
05.08.2021 00:38:06.655,1.18353,1.1835,0.75,2.02
05.08.2021 00:38:06.857,1.18354,1.1835,0.75,3.45
05.08.2021 00:38:14.171,1.18353,1.1835,0.37,0.82
05.08.2021 00:38:14.411,1.18353,1.18351,0.75,0.82
05.08.2021 00:38:26.887,1.18353,1.1835,0.37,0.82
05.08.2021 00:38:28.178,1.1835,1.18349,2.14,0.45
05.08.2021 00:38:28.279,1.1835,1.18348,2.51,0.45
05.08.2021 00:38:28.330,1.18347,1.1834600000000002,1.12,7.57
05.08.2021 00:38:28.432,1.18347,1.18344,1.5,0.1
05.08.2021 00:38:28.584,1.1834600000000002,1.18344,0.75,0.1
05.08.2021 00:38:29.026,1.18347,1.18344,1.5,0.1
05.08.2021 00:38:29.127,1.1834600000000002,1.18344,0.75,0.1
05.08.2021 00:38:30.644,1.1834600000000002,1.18344,0.75,1.57
05.08.2021 00:38:36.002,1.18344,1.18341,0.75,1.27
05.08.2021 00:38:36.103,1.18343,1.18341,0.75,1.2
05.08.2021 00:38:36.154,1.18343,1.18339,0.75,3.45
05.08.2021 00:38:36.256,1.18343,1.18341,0.75,0.1
05.08.2021 00:38:36.408,1.18343,1.1834,0.75,3.45
05.08.2021 00:38:40.686,1.1834200000000001,1.18339,0.75,2.32
05.08.2021 00:39:04.814,1.18343,1.18341,0.75,0.75
05.08.2021 00:39:05.017,1.18344,1.18341,0.75,1.57
05.08.2021 00:39:05.718,1.18344,1.1834,0.75,1.57
05.08.2021 00:39:05.870,1.18344,1.18341,1.12,0.82
05.08.2021 00:39:06.073,1.1834500000000001,1.18341,0.75,1.95
05.08.2021 00:39:11.640,1.1834600000000002,1.18343,0.75,1.2
05.08.2021 00:39:14.465,1.18344,1.18343,0.75,0.45
05.08.2021 00:39:14.769,1.1834600000000002,1.18343,0.75,0.45
05.08.2021 00:39:16.017,1.18347,1.18343,0.75,1.2
05.08.2021 00:39:26.914,1.1834500000000001,1.1834200000000001,0.75,0.1
05.08.2021 00:39:48.232,1.1834500000000001,1.18341,1.5,2.32
05.08.2021 00:39:48.333,1.18343,1.1834,0.75,0.82
05.08.2021 00:39:50.557,1.18343,1.18341,0.75,1.2
05.08.2021 00:39:50.883,1.18344,1.18341,0.75,1.95
05.08.2021 00:39:53.883,1.1834500000000001,1.18341,0.75,1.95
05.08.2021 00:39:56.141,1.1834600000000002,1.18343,1.12,0.1
05.08.2021 00:39:56.725,1.1834600000000002,1.1834200000000001,0.75,0.82
05.08.2021 00:39:57.324,1.1834600000000002,1.18343,0.75,0.1
05.08.2021 00:40:09.018,1.18344,1.1834,0.82,2.18
05.08.2021 00:40:09.069,1.1834200000000001,1.1834,0.75,1.05
05.08.2021 00:40:09.172,1.1834200000000001,1.18339,0.75,1.27
05.08.2021 00:40:11.326,1.1834200000000001,1.1833799999999999,0.75,2.32
05.08.2021 00:40:59.235,1.18341,1.18337,1.01,0.75
05.08.2021 00:40:59.336,1.1834,1.1833600000000002,0.75,2.77
05.08.2021 00:40:59.438,1.18341,1.1833799999999999,0.75,0.82
05.08.2021 00:41:04.929,1.1834200000000001,1.18339,0.75,0.75
05.08.2021 00:41:05.705,1.18343,1.18339,0.75,0.82
05.08.2021 00:41:06.060,1.18344,1.1834,0.75,0.82
05.08.2021 00:41:16.069,1.18344,1.18341,0.75,0.75
05.08.2021 00:41:31.850,1.18344,1.1834,0.75,0.82
05.08.2021 00:41:32.054,1.18343,1.1834,0.75,0.75
05.08.2021 00:41:34.107,1.18344,1.1834,0.82,0.75
05.08.2021 00:41:34.209,1.18343,1.1834,0.75,0.75
05.08.2021 00:41:34.384,1.18343,1.18339,0.75,1.95
05.08.2021 00:41:39.152,1.1834200000000001,1.1833799999999999,0.75,4.57
05.08.2021 00:41:55.163,1.1834200000000001,1.18339,0.75,0.1
05.08.2021 00:42:11.888,1.18343,1.18339,0.75,1.2
05.08.2021 00:42:21.027,1.18343,1.1834,0.75,0.75
05.08.2021 00:42:22.060,1.18344,1.18341,0.75,0.75
05.08.2021 00:42:22.161,1.18344,1.1834,0.75,0.82
05.08.2021 00:42:32.116,1.18344,1.18341,0.75,0.82
05.08.2021 00:42:32.218,1.1834500000000001,1.1834200000000001,0.75,0.82
05.08.2021 00:42:32.320,1.1834600000000002,1.18343,1.5,0.82
05.08.2021 00:42:34.325,1.1834600000000002,1.1834200000000001,1.5,2.7
05.08.2021 00:42:34.426,1.1834600000000002,1.18343,1.5,0.1
05.08.2021 00:42:36.665,1.1834600000000002,1.1834200000000001,1.5,0.82
05.08.2021 00:42:36.926,1.18344,1.18343,0.75,0.75
05.08.2021 00:42:42.382,1.1834600000000002,1.1834500000000001,9.45,0.82
05.08.2021 00:42:42.484,1.18348,1.18344,1.5,1.87
05.08.2021 00:42:42.585,1.18347,1.18344,0.75,1.87
05.08.2021 00:42:42.738,1.1834600000000002,1.18344,0.75,1.5
05.08.2021 00:42:44.451,1.18347,1.18344,1.5,1.5
05.08.2021 00:42:52.484,1.18348,1.1834500000000001,1.5,0.75
05.08.2021 00:43:01.064,1.18347,1.1834500000000001,0.75,1.5
05.08.2021 00:43:01.165,1.18348,1.1834500000000001,0.75,0.75
05.08.2021 00:43:01.367,1.18348,1.1834600000000002,1.5,0.75
05.08.2021 00:43:01.469,1.18349,1.1834600000000002,1.5,2.25
05.08.2021 00:43:01.571,1.18348,1.1834600000000002,0.75,1.5
05.08.2021 00:43:03.631,1.18349,1.1834600000000002,0.75,0.75
05.08.2021 00:43:05.521,1.1835,1.1834600000000002,0.75,2.25
05.08.2021 00:43:05.622,1.18349,1.1834600000000002,0.75,1.87
05.08.2021 00:43:06.550,1.18349,1.1834500000000001,0.75,1.95
05.08.2021 00:43:07.314,1.18349,1.18347,0.75,0.37
05.08.2021 00:43:07.415,1.18348,1.1834600000000002,0.75,0.75
05.08.2021 00:43:08.563,1.1835,1.18347,9.45,1.87
05.08.2021 00:43:08.665,1.18351,1.18347,0.75,1.87
05.08.2021 00:43:20.618,1.18349,1.1834600000000002,0.75,1.8
05.08.2021 00:43:20.720,1.18348,1.1834500000000001,4.5,1.12
05.08.2021 00:43:21.124,1.18348,1.1834600000000002,2.25,1.5
05.08.2021 00:43:21.226,1.18348,1.1834500000000001,3,0.75
05.08.2021 00:43:24.687,1.18348,1.18344,0.75,0.75
05.08.2021 00:43:26.171,1.1834600000000002,1.1834500000000001,0.75,0.75
05.08.2021 00:43:30.157,1.1835,1.18348,0.75,0.75
05.08.2021 00:43:30.259,1.1835200000000001,1.18348,0.75,1.12
05.08.2021 00:43:30.685,1.1835200000000001,1.18349,0.75,0.75
05.08.2021 00:43:33.331,1.1835200000000001,1.1835,0.75,1.57
05.08.2021 00:43:33.382,1.18354,1.18351,1.5,0.75
05.08.2021 00:43:33.635,1.18354,1.1835,1.5,0.75
05.08.2021 00:43:33.737,1.18353,1.1835,3.75,0.75
05.08.2021 00:43:35.715,1.18353,1.18351,3.75,0.75
05.08.2021 00:43:38.582,1.18353,1.1835,3.75,0.75
05.08.2021 00:43:39.531,1.18354,1.1835,3.82,0.75
05.08.2021 00:43:43.234,1.18353,1.1835200000000001,1.5,0.75
05.08.2021 00:43:43.336,1.18354,1.1835,1.5,0.75
05.08.2021 00:43:43.488,1.18353,1.1835,0.75,0.75
05.08.2021 00:44:03.367,1.18354,1.18351,0.75,0.75
05.08.2021 00:44:03.469,1.18355,1.1835200000000001,12.45,0.75
05.08.2021 00:44:07.818,1.1835600000000002,1.1835200000000001,3.75,0.75
05.08.2021 00:44:10.111,1.1835600000000002,1.18353,3.75,0.75
05.08.2021 00:44:10.315,1.1835600000000002,1.18354,3,0.75
05.08.2021 00:44:11.229,1.18354,1.18351,0.75,2.62
05.08.2021 00:44:11.433,1.18354,1.1835,6.75,0.75
05.08.2021 00:44:11.534,1.18353,1.1835200000000001,3.75,2.62
05.08.2021 00:44:11.638,1.18354,1.1835200000000001,3.75,1.5
05.08.2021 00:44:11.741,1.1835600000000002,1.18353,0.75,0.75
05.08.2021 00:44:11.995,1.18354,1.18351,6.75,1.8
05.08.2021 00:44:12.097,1.18353,1.18349,0.75,3.45
05.08.2021 00:44:12.588,1.18353,1.1835,3,1.12
05.08.2021 00:44:23.679,1.18354,1.1835200000000001,0.75,2.32
05.08.2021 00:44:23.781,1.18355,1.18354,2.25,0.37
05.08.2021 00:44:25.249,1.18355,1.1835200000000001,0.75,1.5
05.08.2021 00:44:25.400,1.18354,1.18351,3,0.75
05.08.2021 00:44:25.754,1.18355,1.18351,0.75,2.7
05.08.2021 00:44:26.810,1.18355,1.18353,3.75,0.75
05.08.2021 00:44:28.839,1.18355,1.18354,2.25,0.75
05.08.2021 00:44:30.684,1.1835600000000002,1.1835200000000001,3.75,2.62
05.08.2021 00:44:31.392,1.18355,1.1835200000000001,3.75,3
05.08.2021 00:44:34.359,1.18354,1.1835200000000001,3.75,0.75
05.08.2021 00:44:37.352,1.18355,1.1835200000000001,6,1.12
05.08.2021 00:44:43.679,1.18353,1.18351,0.75,1.5
05.08.2021 00:44:43.780,1.18353,1.1835,3.75,1.5
05.08.2021 00:44:44.033,1.18353,1.18351,0.75,1.87
05.08.2021 00:44:44.135,1.18354,1.1835,3,0.75
05.08.2021 00:44:44.665,1.18354,1.18351,2.25,0.75
05.08.2021 00:44:44.818,1.18355,1.18351,0.75,1.5
05.08.2021 00:44:50.804,1.18354,1.1835,0.75,0.75
05.08.2021 00:44:50.905,1.18353,1.18349,4.5,2.62
05.08.2021 00:45:00.442,1.18353,1.18351,0.75,0.37
05.08.2021 00:45:00.543,1.18353,1.1835,0.75,1.5
05.08.2021 00:45:00.644,1.18354,1.1835,0.75,0.75
05.08.2021 00:45:00.796,1.18353,1.18349,0.75,1.87
05.08.2021 00:45:01.008,1.1835200000000001,1.18349,7.95,1.87
05.08.2021 00:45:01.109,1.18353,1.18349,0.75,1.87
05.08.2021 00:45:01.599,1.1835200000000001,1.18349,7.95,1.12
05.08.2021 00:45:01.700,1.18353,1.18349,1.5,1.12
05.08.2021 00:45:03.864,1.1835200000000001,1.18349,0.75,0.75
05.08.2021 00:45:04.194,1.1835200000000001,1.18348,1.12,2.62
05.08.2021 00:45:04.548,1.1835200000000001,1.18349,0.75,0.37
05.08.2021 00:45:07.609,1.1835200000000001,1.18348,0.75,2.62
05.08.2021 00:45:10.138,1.1835200000000001,1.18349,0.75,0.37
05.08.2021 00:45:12.943,1.1835200000000001,1.18348,0.75,2.7
05.08.2021 00:45:14.810,1.18351,1.1835,0.75,0.75
05.08.2021 00:45:24.991,1.18353,1.1835200000000001,0.75,0.75
05.08.2021 00:45:25.092,1.18353,1.1835,0.75,2.62
05.08.2021 00:45:25.194,1.18353,1.18351,0.75,1.12
05.08.2021 00:45:30.474,1.18354,1.18351,0.75,0.37
05.08.2021 00:45:33.712,1.18354,1.1835,0.75,1.57
05.08.2021 00:45:33.814,1.18353,1.1835,0.75,0.82
05.08.2021 00:45:33.915,1.1835200000000001,1.1835,0.75,0.37
05.08.2021 00:45:34.117,1.18354,1.1835,0.75,1.12
05.08.2021 00:45:34.219,1.18354,1.18351,0.75,2.7
05.08.2021 00:45:41.022,1.18355,1.18351,0.75,3.07
05.08.2021 00:45:43.017,1.1835600000000002,1.18353,0.75,0.37
05.08.2021 00:45:45.310,1.1835600000000002,1.18354,0.75,3.64
05.08.2021 00:45:45.565,1.1835700000000002,1.18354,0.75,0.37
05.08.2021 00:45:45.666,1.18358,1.18354,0.75,1.95
05.08.2021 00:45:49.283,1.18359,1.18355,0.75,1.2
05.08.2021 00:45:53.972,1.18358,1.18355,0.75,0.37
05.08.2021 00:45:55.382,1.18359,1.18355,0.75,1.2
05.08.2021 00:45:55.709,1.1836,1.1835700000000002,0.75,1.12
05.08.2021 00:45:55.810,1.1836,1.1835600000000002,0.75,4.2
05.08.2021 00:45:59.659,1.18359,1.1835600000000002,0.75,0.37
05.08.2021 00:45:59.762,1.18359,1.18355,0.75,3.9
05.08.2021 00:45:59.917,1.18359,1.1835600000000002,0.75,1.5
05.08.2021 00:46:00.019,1.1836,1.1835700000000002,0.75,1.12
05.08.2021 00:46:00.120,1.1836,1.1835600000000002,0.75,3.45
05.08.2021 00:46:00.475,1.1836,1.1835700000000002,0.75,0.75
05.08.2021 00:46:00.576,1.18361,1.1835700000000002,1.5,1.87
05.08.2021 00:46:00.678,1.18361,1.18358,0.75,0.37
05.08.2021 00:46:03.151,1.1836200000000001,1.18358,0.75,0.45
05.08.2021 00:46:15.046,1.18358,1.18355,0.75,3.75
05.08.2021 00:46:15.147,1.18358,1.18354,1.5,12.75
05.08.2021 00:46:15.249,1.1835700000000002,1.18354,0.75,12
05.08.2021 00:46:15.554,1.18358,1.1835600000000002,1.5,0.75
05.08.2021 00:46:15.655,1.18358,1.18354,1.5,3.64
05.08.2021 00:46:15.757,1.18358,1.18355,0.75,0.75
05.08.2021 00:46:15.858,1.18358,1.1835600000000002,0.75,0.75
05.08.2021 00:46:19.136,1.18358,1.18355,0.75,0.1
05.08.2021 00:46:20.457,1.1835700000000002,1.18355,0.75,0.1
05.08.2021 00:46:21.116,1.1835700000000002,1.18355,0.75,3.64
05.08.2021 00:46:23.443,1.1835700000000002,1.18355,0.75,0.37
05.08.2021 00:46:26.322,1.18358,1.1835600000000002,0.75,1.5
05.08.2021 00:46:28.699,1.18358,1.18355,0.75,1.2
05.08.2021 00:46:30.030,1.18359,1.18355,0.75,1.95
05.08.2021 00:46:30.617,1.1836,1.1835700000000002,0.75,1.12
05.08.2021 00:46:30.719,1.1836,1.18358,0.75,0.37
05.08.2021 00:46:30.821,1.1836,1.18359,0.75,0.37
05.08.2021 00:46:34.146,1.18359,1.1835600000000002,0.75,2.32
05.08.2021 00:46:34.256,1.18358,1.1835600000000002,0.75,0.37
05.08.2021 00:46:34.358,1.18358,1.18355,0.75,0.75
05.08.2021 00:46:34.459,1.18358,1.18354,0.75,2.7
05.08.2021 00:46:34.560,1.18358,1.18355,0.75,1.69
05.08.2021 00:46:34.661,1.1836,1.1835700000000002,1.5,1.12
05.08.2021 00:46:34.813,1.1836,1.18358,0.75,0.37
05.08.2021 00:46:35.810,1.1836200000000001,1.18358,0.75,1.95
05.08.2021 00:46:40.587,1.18363,1.18359,1.5,1.12
05.08.2021 00:46:51.487,1.18364,1.18359,1.2,1.87
05.08.2021 00:46:56.250,1.18364,1.18361,0.75,1.5
05.08.2021 00:46:56.352,1.18364,1.1836,0.75,0.75
05.08.2021 00:47:02.143,1.1836600000000002,1.1836200000000001,1.5,2.7
05.08.2021 00:47:02.244,1.1836600000000002,1.18364,0.75,1.87
05.08.2021 00:47:02.346,1.18368,1.18364,1.87,0.75
05.08.2021 00:47:28.333,1.1836900000000001,1.18365,0.75,0.75
05.08.2021 00:47:32.908,1.1837,1.18365,0.82,2.06
05.08.2021 00:47:33.210,1.1836900000000001,1.18365,0.75,0.75
05.08.2021 00:47:37.097,1.1836900000000001,1.1836700000000002,9.07,0.75
05.08.2021 00:47:37.300,1.1836900000000001,1.18364,0.75,5.02
05.08.2021 00:47:40.115,1.18368,1.18364,0.37,2.62
05.08.2021 00:47:40.320,1.1836900000000001,1.18364,1.2,2.62
05.08.2021 00:47:47.204,1.1837,1.1836600000000002,0.75,0.75
05.08.2021 00:47:50.479,1.18371,1.1836700000000002,0.75,1.5
05.08.2021 00:47:54.248,1.1837,1.1836600000000002,0.75,1.95
05.08.2021 00:47:57.575,1.18371,1.1836700000000002,0.75,1.87
05.08.2021 00:47:57.677,1.18372,1.18368,0.75,1.2
05.08.2021 00:47:57.778,1.18373,1.1836900000000001,0.75,0.75
05.08.2021 00:48:18.182,1.18371,1.1836900000000001,0.75,2.62
05.08.2021 00:48:24.156,1.18372,1.1836900000000001,0.75,0.37
05.08.2021 00:48:36.298,1.18372,1.18368,0.75,1.12
05.08.2021 00:48:40.924,1.18373,1.1836900000000001,1.5,0.75
05.08.2021 00:48:58.060,1.18374,1.1836900000000001,1.57,1.87
05.08.2021 00:49:17.131,1.18373,1.18371,0.82,0.75
05.08.2021 00:49:20.318,1.18374,1.1836900000000001,0.82,1.87
05.08.2021 00:49:21.319,1.18373,1.1836900000000001,0.75,1.87
05.08.2021 00:49:55.267,1.1837600000000001,1.18372,1.69,1.87
05.08.2021 00:49:55.368,1.1837700000000002,1.18373,2.32,0.37
05.08.2021 00:50:06.834,1.1837600000000001,1.18372,0.75,2.7
05.08.2021 00:50:06.935,1.18374,1.18371,1.5,0.45
05.08.2021 00:50:07.036,1.18374,1.1837,1.5,7.5
05.08.2021 00:50:07.138,1.18373,1.1836900000000001,0.75,3.75
05.08.2021 00:50:15.865,1.18373,1.18371,0.75,0.37
05.08.2021 00:50:16.054,1.18373,1.1836900000000001,0.75,2.7
05.08.2021 00:50:23.318,1.18375,1.18371,2.25,2.7
05.08.2021 00:50:23.420,1.1837600000000001,1.18373,0.75,0.37
05.08.2021 00:50:23.521,1.1837700000000002,1.18373,2.25,1.2
05.08.2021 00:50:29.779,1.1837700000000002,1.18372,0.75,2.7
05.08.2021 00:50:30.032,1.1837700000000002,1.18373,0.75,0.37
05.08.2021 00:50:39.488,1.18375,1.18371,0.82,1.2
05.08.2021 00:50:39.641,1.18374,1.1837,0.75,0.82
05.08.2021 00:50:40.950,1.18372,1.18371,0.75,0.75
05.08.2021 00:50:41.661,1.18373,1.1836900000000001,1.5,3.45
05.08.2021 00:50:45.292,1.18373,1.1837,0.75,0.75
05.08.2021 00:50:45.496,1.18375,1.1837,1.57,0.82
05.08.2021 00:50:48.168,1.18375,1.18371,0.75,0.1
05.08.2021 00:50:48.270,1.18375,1.18372,0.75,0.1
05.08.2021 00:50:48.321,1.1837700000000002,1.18373,2.25,1.2
05.08.2021 00:50:54.312,1.18378,1.18374,1.57,0.75
05.08.2021 00:50:57.313,1.18375,1.18374,0.75,0.82
05.08.2021 00:50:58.283,1.1837700000000002,1.18373,1.5,0.82
05.08.2021 00:50:59.229,1.18375,1.18373,0.75,1.2
05.08.2021 00:51:00.523,1.1837700000000002,1.18373,10.95,1.2
05.08.2021 00:51:00.675,1.1837600000000001,1.18372,0.75,1.2
05.08.2021 00:51:01.082,1.18375,1.18372,0.75,0.75
05.08.2021 00:51:01.234,1.18374,1.18372,1.5,0.82
05.08.2021 00:51:01.959,1.18374,1.1837,0.75,0.82
05.08.2021 00:51:03.604,1.18372,1.1837,0.75,2.14
05.08.2021 00:51:10.868,1.18371,1.18368,0.19,0.75
05.08.2021 00:51:10.969,1.18371,1.1836700000000002,1.01,1.5
05.08.2021 00:51:11.071,1.1837,1.1836600000000002,0.75,0.82
05.08.2021 00:51:11.541,1.18372,1.18368,10.2,0.82
05.08.2021 00:51:11.817,1.18373,1.18368,3.45,1.57
05.08.2021 00:51:22.918,1.18373,1.1836900000000001,0.75,1.2
05.08.2021 00:51:23.072,1.18372,1.1836900000000001,0.75,0.1
05.08.2021 00:51:23.174,1.1837,1.1836600000000002,1.5,2.02
05.08.2021 00:51:23.891,1.18368,1.18364,2.81,0.82
05.08.2021 00:51:23.993,1.1836700000000002,1.18364,0.75,0.1
05.08.2021 00:51:24.095,1.1836700000000002,1.18363,0.75,0.82
05.08.2021 00:51:24.731,1.18364,1.1836,0.75,1.88
05.08.2021 00:51:24.833,1.1836200000000001,1.1836,0.75,2.02
05.08.2021 00:51:25.240,1.1836200000000001,1.18359,0.75,0.1
05.08.2021 00:51:25.804,1.1836200000000001,1.18358,0.75,0.82
05.08.2021 00:51:26.748,1.18361,1.18358,0.75,0.1
05.08.2021 00:51:28.267,1.18361,1.1835700000000002,0.75,1.95
05.08.2021 00:51:31.970,1.1836200000000001,1.18358,0.75,0.75
05.08.2021 00:51:36.474,1.18361,1.18358,0.75,0.37
05.08.2021 00:51:40.488,1.18361,1.1835700000000002,0.75,1.2
05.08.2021 00:51:42.192,1.18359,1.1835600000000002,0.75,0.75
05.08.2021 00:51:42.244,1.18358,1.18354,0.75,3.38
05.08.2021 00:51:42.346,1.1835700000000002,1.18354,0.75,1.57
05.08.2021 00:51:42.448,1.1835700000000002,1.18353,0.75,2.14
05.08.2021 00:51:45.718,1.18355,1.18353,0.75,1.95
05.08.2021 00:51:45.920,1.1835700000000002,1.18353,2.62,0.75
05.08.2021 00:51:47.853,1.18354,1.1835,1.2,0.75
05.08.2021 00:51:47.954,1.18353,1.18349,0.75,2.32
05.08.2021 00:51:49.009,1.1835200000000001,1.18348,0.75,0.82
05.08.2021 00:51:49.111,1.18353,1.18349,1.12,0.75
05.08.2021 00:51:49.263,1.18353,1.18348,1.57,1.12
05.08.2021 00:51:51.205,1.18351,1.18347,2.7,1.8
05.08.2021 00:51:55.277,1.1835,1.1834600000000002,1.5,1.12
05.08.2021 00:51:55.480,1.18348,1.1834500000000001,0.75,0.37
05.08.2021 00:51:55.581,1.18348,1.18344,0.75,1.12
05.08.2021 00:52:00.832,1.18349,1.18344,0.75,1.95
05.08.2021 00:52:00.988,1.18349,1.1834500000000001,0.75,1.2
05.08.2021 00:52:01.091,1.18349,1.1834600000000002,0.75,1.5
05.08.2021 00:52:01.193,1.1835,1.1834600000000002,0.75,1.87
05.08.2021 00:52:01.295,1.18351,1.18347,0.75,0.75
05.08.2021 00:52:01.397,1.18351,1.18349,1.5,0.75
05.08.2021 00:52:01.842,1.18351,1.18347,1.95,0.75
05.08.2021 00:52:01.994,1.18349,1.1834500000000001,1.12,0.75
05.08.2021 00:52:02.095,1.18348,1.18344,0.75,1.87
05.08.2021 00:52:05.906,1.18349,1.1834500000000001,1.12,0.75
05.08.2021 00:52:15.662,1.18349,1.18347,0.75,0.37
05.08.2021 00:52:15.713,1.1835200000000001,1.18348,1.87,0.75
05.08.2021 00:52:17.418,1.18353,1.18349,1.5,0.75
05.08.2021 00:52:18.088,1.18351,1.18347,0.75,1.95
05.08.2021 00:52:18.240,1.18351,1.1834600000000002,1.12,3.45
05.08.2021 00:52:18.393,1.18351,1.18348,0.37,0.75
05.08.2021 00:52:18.495,1.1835200000000001,1.18348,0.75,0.75
05.08.2021 00:52:22.545,1.18351,1.18347,1.5,0.75
05.08.2021 00:52:22.749,1.18351,1.18348,0.75,0.75
05.08.2021 00:52:22.954,1.1835200000000001,1.18348,0.75,0.75
05.08.2021 00:52:23.821,1.1835,1.18349,0.37,0.75
05.08.2021 00:52:23.978,1.18351,1.18347,1.12,0.75
05.08.2021 00:52:24.081,1.18351,1.18348,0.75,0.37
05.08.2021 00:52:24.182,1.18351,1.18347,0.75,1.12
05.08.2021 00:52:24.335,1.18351,1.18348,0.75,0.37
05.08.2021 00:52:24.938,1.18351,1.18347,0.75,1.2
05.08.2021 00:52:25.759,1.18353,1.18349,1.95,0.75
05.08.2021 00:52:28.312,1.1835200000000001,1.18348,0.75,0.75
05.08.2021 00:52:38.675,1.18354,1.18349,1.76,0.75
05.08.2021 00:52:46.367,1.18353,1.18349,0.75,0.75
05.08.2021 00:52:50.963,1.18351,1.18348,0.75,2.7
05.08.2021 00:52:52.155,1.18351,1.18347,0.75,2.7
05.08.2021 00:52:52.307,1.1835200000000001,1.1835,0.75,0.75
05.08.2021 00:52:52.459,1.18351,1.18349,0.75,0.75
05.08.2021 00:52:55.896,1.18353,1.18349,0.75,0.75
05.08.2021 00:53:00.942,1.18351,1.18347,0.75,1.87
05.08.2021 00:53:02.180,1.18349,1.1834500000000001,0.75,5.63
05.08.2021 00:53:02.333,1.18348,1.1834500000000001,0.37,0.75
05.08.2021 00:53:03.142,1.18348,1.18344,0.75,0.82
05.08.2021 00:53:04.464,1.18347,1.18343,1.12,0.82
05.08.2021 00:53:05.738,1.18347,1.18344,0.75,0.75
05.08.2021 00:53:05.839,1.18348,1.1834500000000001,0.75,0.82
05.08.2021 00:53:05.890,1.18351,1.18347,8.7,1.5
05.08.2021 00:53:06.042,1.1835200000000001,1.18348,0.75,0.75
05.08.2021 00:53:07.697,1.1835,1.18347,0.75,0.1
05.08.2021 00:53:07.799,1.18351,1.18347,0.75,1.5
05.08.2021 00:53:09.194,1.1835200000000001,1.18348,0.75,0.75
05.08.2021 00:53:09.397,1.18349,1.18348,0.75,0.1
05.08.2021 00:53:09.907,1.18349,1.1834500000000001,0.75,1.57
05.08.2021 00:53:13.398,1.18348,1.1834500000000001,0.75,0.82
05.08.2021 00:53:13.499,1.18349,1.1834500000000001,0.75,2.32
05.08.2021 00:53:24.386,1.18348,1.1834500000000001,0.75,0.75
05.08.2021 00:53:24.487,1.18348,1.18344,2.25,0.75
05.08.2021 00:53:26.355,1.1834500000000001,1.1834200000000001,1.57,0.45
05.08.2021 00:53:26.457,1.18344,1.18341,0.26,1.2
05.08.2021 00:53:26.558,1.18343,1.18339,0.75,0.75
05.08.2021 00:53:26.761,1.1834200000000001,1.1833799999999999,0.75,1.12
05.08.2021 00:53:26.965,1.18341,1.18337,0.75,2.32
05.08.2021 00:53:27.066,1.1834200000000001,1.1833799999999999,0.75,0.75
05.08.2021 00:53:29.640,1.1834200000000001,1.18339,0.75,0.1
05.08.2021 00:53:30.324,1.1834200000000001,1.1833799999999999,0.75,3.71
05.08.2021 00:53:30.426,1.18341,1.1833799999999999,0.75,1.2
05.08.2021 00:53:30.528,1.18341,1.18337,0.75,2.32
05.08.2021 00:53:34.806,1.1834200000000001,1.18337,0.75,3.9
05.08.2021 00:53:34.908,1.1834200000000001,1.18339,0.75,0.1
05.08.2021 00:53:35.010,1.1834200000000001,1.1833799999999999,0.75,2.02
05.08.2021 00:53:36.750,1.18343,1.1834,0.75,1.01
05.08.2021 00:53:36.851,1.18343,1.18339,0.75,0.82
05.08.2021 00:53:41.473,1.18341,1.18339,0.75,1.2
05.08.2021 00:53:41.574,1.1834200000000001,1.18337,0.75,6.71
05.08.2021 00:53:41.676,1.1834200000000001,1.1833799999999999,0.75,0.94
05.08.2021 00:53:43.680,1.18343,1.1833799999999999,1.5,2.21
05.08.2021 00:53:44.179,1.1834200000000001,1.18337,1.5,2.77
05.08.2021 00:53:46.378,1.18341,1.1833600000000002,0.75,5.77
05.08.2021 00:53:47.755,1.18341,1.18337,0.75,0.1
05.08.2021 00:53:49.190,1.18341,1.1833600000000002,0.75,5.02
05.08.2021 00:53:51.120,1.18341,1.18337,0.75,0.45
05.08.2021 00:53:55.978,1.1834200000000001,1.1833799999999999,0.75,0.82
05.08.2021 00:53:56.740,1.18341,1.18337,0.75,1.57
05.08.2021 00:53:58.388,1.1834,1.1833600000000002,3,0.75
05.08.2021 00:53:58.489,1.18339,1.1833500000000001,0.75,2.7
05.08.2021 00:53:58.591,1.18339,1.18334,0.75,0.94
05.08.2021 00:53:58.895,1.1833799999999999,1.18334,0.75,0.75
05.08.2021 00:53:58.996,1.18339,1.18334,0.75,1.2
05.08.2021 00:54:00.390,1.1833799999999999,1.18334,0.75,1.2
05.08.2021 00:54:01.446,1.18339,1.18334,0.75,0.94
05.08.2021 00:54:01.548,1.1833799999999999,1.18334,1.5,0.75
05.08.2021 00:54:01.650,1.18337,1.18333,0.75,0.75
05.08.2021 00:54:01.852,1.18337,1.18334,0.75,0.94
05.08.2021 00:54:01.954,1.18339,1.1833600000000002,0.75,1.57
05.08.2021 00:54:03.056,1.1833799999999999,1.18334,0.75,2.77
05.08.2021 00:54:03.892,1.1833799999999999,1.1833500000000001,0.75,0.75
05.08.2021 00:54:04.044,1.1833799999999999,1.18334,0.75,1.76
05.08.2021 00:54:04.544,1.1833799999999999,1.18333,0.75,2.96
05.08.2021 00:54:04.645,1.1833600000000002,1.18334,0.75,2.77
05.08.2021 00:54:06.363,1.1833799999999999,1.1833500000000001,0.75,0.75
05.08.2021 00:54:06.516,1.1833799999999999,1.18334,0.75,2.14
05.08.2021 00:54:07.249,1.18337,1.18333,0.75,1.57
05.08.2021 00:54:07.452,1.1833799999999999,1.18334,1.5,0.75
05.08.2021 00:54:07.807,1.1833799999999999,1.1833500000000001,1.5,2.02
05.08.2021 00:54:08.215,1.1833799999999999,1.18334,0.75,0.82
05.08.2021 00:54:10.250,1.18337,1.18333,0.75,1.57
05.08.2021 00:54:11.658,1.1833799999999999,1.18334,0.75,0.75
05.08.2021 00:54:12.045,1.1833799999999999,1.1833500000000001,0.75,1.69
05.08.2021 00:54:12.147,1.18339,1.1833500000000001,0.75,2.51
05.08.2021 00:54:12.299,1.18341,1.18337,0.75,0.75
05.08.2021 00:54:13.129,1.1834,1.1833600000000002,0.75,3.07
05.08.2021 00:54:13.730,1.18339,1.1833500000000001,2.25,1.05
05.08.2021 00:54:13.832,1.1833799999999999,1.18334,0.75,0.82
05.08.2021 00:54:14.918,1.18337,1.18333,0.75,0.75
05.08.2021 00:54:19.677,1.1833799999999999,1.18334,2.25,0.75
05.08.2021 00:54:25.193,1.18337,1.18333,0.75,1.95
05.08.2021 00:54:26.363,1.1833799999999999,1.18333,4.5,1.01
05.08.2021 00:54:32.455,1.1833799999999999,1.1833500000000001,0.75,0.75
05.08.2021 00:54:32.608,1.1833799999999999,1.18334,0.75,2.44
05.08.2021 00:54:32.864,1.18337,1.18333,0.75,1.69
05.08.2021 00:54:34.373,1.18337,1.1833200000000001,0.75,1.87
05.08.2021 00:54:34.698,1.1833600000000002,1.1833200000000001,1.5,1.5
05.08.2021 00:54:35.332,1.18337,1.18333,1.5,0.75
05.08.2021 00:54:36.855,1.1833799999999999,1.18333,1.5,0.82
05.08.2021 00:54:36.957,1.1833799999999999,1.18334,1.5,0.75
05.08.2021 00:54:37.575,1.1833799999999999,1.1833500000000001,2.81,0.75
05.08.2021 00:54:38.216,1.18337,1.1833500000000001,1.5,0.75
05.08.2021 00:54:38.737,1.18337,1.18334,0.75,0.75
05.08.2021 00:54:38.889,1.1833799999999999,1.18334,1.5,0.75
05.08.2021 00:54:40.476,1.18337,1.18333,1.5,0.75
05.08.2021 00:54:41.142,1.1833600000000002,1.18333,0.37,0.75
05.08.2021 00:54:41.852,1.18337,1.18333,1.5,0.75
05.08.2021 00:54:44.201,1.18333,1.1833,1.69,1.2
05.08.2021 00:54:44.303,1.1833200000000001,1.1833,6.75,1.2
05.08.2021 00:54:44.353,1.18331,1.18327,1.5,0.82
05.08.2021 00:54:45.077,1.18329,1.18327,0.75,0.75
05.08.2021 00:54:45.180,1.18329,1.1832600000000002,0.75,0.75
05.08.2021 00:54:45.231,1.1832799999999999,1.18324,1.5,2.02
05.08.2021 00:54:46.109,1.1832600000000002,1.18323,0.75,0.75
05.08.2021 00:54:46.210,1.1832500000000001,1.18323,0.75,1.76
05.08.2021 00:54:47.965,1.18327,1.18323,1.5,0.94
05.08.2021 00:54:48.067,1.18327,1.18324,0.75,1.01
05.08.2021 00:54:49.322,1.18327,1.18323,0.75,1.01
05.08.2021 00:54:49.575,1.1832799999999999,1.18324,0.75,1.5
05.08.2021 00:54:51.107,1.18327,1.18323,0.75,0.75
05.08.2021 00:54:51.462,1.1832600000000002,1.1832200000000002,0.75,1.57
05.08.2021 00:54:51.817,1.18324,1.18319,0.75,3
05.08.2021 00:54:51.868,1.18324,1.18321,0.75,0.82
05.08.2021 00:54:51.969,1.18323,1.1832,0.75,0.75
05.08.2021 00:54:52.397,1.18323,1.18319,0.75,1.5
05.08.2021 00:54:52.599,1.18324,1.1832200000000002,0.75,0.37
05.08.2021 00:54:52.701,1.18324,1.18323,0.75,1.12
05.08.2021 00:54:54.355,1.1832600000000002,1.1832200000000002,0.75,1.95
05.08.2021 00:54:54.826,1.18327,1.18324,0.75,0.75
05.08.2021 00:54:54.927,1.18327,1.18323,0.75,1.57
05.08.2021 00:54:55.079,1.1832500000000001,1.1832200000000002,0.75,1.12
05.08.2021 00:54:55.589,1.18324,1.1832200000000002,0.75,0.75
05.08.2021 00:54:58.355,1.18324,1.18321,0.75,0.75
05.08.2021 00:54:58.710,1.1832500000000001,1.18321,0.75,0.75
05.08.2021 00:54:58.969,1.1832600000000002,1.1832200000000002,0.75,1.87
05.08.2021 00:54:59.020,1.18329,1.18327,0.75,1.5
05.08.2021 00:54:59.122,1.18331,1.18327,0.75,3.56
05.08.2021 00:54:59.779,1.18331,1.1832799999999999,0.75,1.5
05.08.2021 00:54:59.881,1.18333,1.18329,0.75,3.19
05.08.2021 00:54:59.932,1.18334,1.18331,0.75,0.75
05.08.2021 00:54:59.982,1.1833,1.1832799999999999,0.94,3
05.08.2021 00:55:00.084,1.1833,1.1832600000000002,0.94,0.45
05.08.2021 00:55:00.134,1.18327,1.18323,0.75,3.94
05.08.2021 00:55:00.185,1.18331,1.1832799999999999,7.12,0.75
05.08.2021 00:55:00.287,1.18329,1.18327,0.37,1.31
05.08.2021 00:55:00.389,1.18331,1.1832799999999999,0.75,0.94
05.08.2021 00:55:00.491,1.1833,1.1832799999999999,1.5,4.39
05.08.2021 00:55:00.693,1.18331,1.1832799999999999,0.75,0.75
05.08.2021 00:55:00.744,1.18337,1.1833500000000001,0.75,0.75
05.08.2021 00:55:00.795,1.18334,1.1833200000000001,0.37,0.75
05.08.2021 00:55:01.200,1.1833600000000002,1.1833200000000001,0.75,1.5
05.08.2021 00:55:04.132,1.18337,1.18333,0.75,0.94
05.08.2021 00:55:05.074,1.18337,1.1833200000000001,1.2,2.44
05.08.2021 00:55:05.377,1.18337,1.18333,0.75,0.75
05.08.2021 00:55:05.873,1.1833600000000002,1.1833200000000001,0.75,1.57
05.08.2021 00:55:07.356,1.18337,1.18333,0.75,1.57
05.08.2021 00:55:08.088,1.1833600000000002,1.1833200000000001,0.75,1.87
05.08.2021 00:55:08.985,1.18334,1.18333,0.75,1.5
05.08.2021 00:55:09.193,1.1833600000000002,1.1833200000000001,0.75,1.5
05.08.2021 00:55:11.265,1.18337,1.18333,1.57,0.75
05.08.2021 00:55:13.874,1.1833600000000002,1.18333,0.37,1.12
05.08.2021 00:55:14.412,1.18337,1.18333,0.75,1.12
05.08.2021 00:55:18.937,1.18339,1.1833500000000001,0.75,0.75
05.08.2021 00:55:22.826,1.1834,1.1833500000000001,1.2,2.06
05.08.2021 00:55:36.214,1.1833799999999999,1.1833600000000002,1.12,0.82
05.08.2021 00:55:36.326,1.1833799999999999,1.1833500000000001,0.37,0.75
05.08.2021 00:55:37.585,1.1833799999999999,1.18334,1.12,1.57
05.08.2021 00:55:37.989,1.18337,1.18333,0.75,1.57
05.08.2021 00:55:42.014,1.1833799999999999,1.18333,1.2,2.7
05.08.2021 00:55:43.170,1.1833600000000002,1.18334,0.75,1.57
05.08.2021 00:55:54.575,1.1833600000000002,1.18333,0.75,0.1
05.08.2021 00:55:58.951,1.18333,1.18331,0.82,1.2
05.08.2021 00:55:59.052,1.18329,1.1832600000000002,0.75,2.25
05.08.2021 00:55:59.103,1.1833,1.1832799999999999,0.75,1.2
05.08.2021 00:55:59.205,1.18331,1.18327,1.12,0.75
05.08.2021 00:55:59.307,1.1833,1.1832600000000002,0.75,1.5
05.08.2021 00:56:01.569,1.18329,1.1832500000000001,0.75,0.75
05.08.2021 00:56:02.939,1.1832799999999999,1.1832500000000001,0.75,0.75
05.08.2021 00:56:03.539,1.1832799999999999,1.18324,1.5,0.75
05.08.2021 00:56:04.517,1.18327,1.18324,0.75,0.75
05.08.2021 00:56:09.294,1.1832799999999999,1.18324,0.75,0.75
05.08.2021 00:56:11.855,1.18329,1.1832500000000001,1.2,0.82
05.08.2021 00:56:11.957,1.1832799999999999,1.1832500000000001,0.37,0.82
05.08.2021 00:56:12.263,1.18329,1.1832500000000001,0.82,0.82
05.08.2021 00:56:13.538,1.18327,1.1832600000000002,0.75,0.82
05.08.2021 00:56:14.857,1.1832799999999999,1.18324,1.5,0.94
05.08.2021 00:56:15.915,1.1832799999999999,1.1832500000000001,0.75,0.1
05.08.2021 00:56:16.118,1.18329,1.1832500000000001,0.75,1.01
05.08.2021 00:56:19.444,1.1833200000000001,1.18327,0.82,1.95
05.08.2021 00:56:19.546,1.1833200000000001,1.1832799999999999,0.75,0.82
05.08.2021 00:56:24.122,1.1833200000000001,1.18329,0.75,0.1
05.08.2021 00:56:26.646,1.1833200000000001,1.1832799999999999,0.75,1.95
05.08.2021 00:56:26.798,1.18331,1.1832799999999999,0.75,0.82
05.08.2021 00:56:35.079,1.1833200000000001,1.1832799999999999,0.75,1.57
05.08.2021 00:56:47.389,1.1833200000000001,1.18329,0.75,0.1
05.08.2021 00:56:47.490,1.1833200000000001,1.1832799999999999,0.75,2.7
05.08.2021 00:56:50.014,1.1833200000000001,1.18329,0.75,0.82
05.08.2021 00:56:50.369,1.1833200000000001,1.1832799999999999,0.75,1.95
05.08.2021 00:56:52.426,1.18333,1.18329,0.75,0.82
05.08.2021 00:57:08.244,1.1833200000000001,1.1832799999999999,1.5,1.95
05.08.2021 00:57:09.369,1.18331,1.1832799999999999,0.75,0.75
05.08.2021 00:57:14.933,1.1833200000000001,1.1832799999999999,0.75,1.57
05.08.2021 00:57:19.003,1.1833200000000001,1.18329,0.75,0.1
05.08.2021 00:57:20.943,1.1833500000000001,1.18331,8.7,1.57
05.08.2021 00:57:21.045,1.1833500000000001,1.1833200000000001,0.75,0.45
05.08.2021 00:57:21.146,1.1833500000000001,1.18333,0.75,0.75
05.08.2021 00:57:21.248,1.1833600000000002,1.18333,0.75,0.75
05.08.2021 00:57:22.299,1.18337,1.18334,0.75,0.1
05.08.2021 00:57:22.401,1.1833799999999999,1.18334,0.75,2.32
05.08.2021 00:57:22.503,1.1834,1.18337,0.75,0.37
05.08.2021 00:57:25.009,1.18339,1.1833600000000002,0.75,1.2
05.08.2021 00:57:25.496,1.18339,1.1833500000000001,0.75,1.01
05.08.2021 00:57:26.762,1.1833799999999999,1.1833500000000001,0.75,0.82
05.08.2021 00:57:26.868,1.1833799999999999,1.18334,0.75,1.57
05.08.2021 00:57:27.021,1.1833799999999999,1.1833500000000001,0.75,0.1
05.08.2021 00:57:28.622,1.1834,1.1833600000000002,0.75,1.95
05.08.2021 00:57:28.766,1.1834,1.1833799999999999,0.75,0.1
05.08.2021 00:57:28.868,1.18341,1.1833799999999999,0.75,0.1
05.08.2021 00:57:29.246,1.18341,1.18337,0.75,0.82
05.08.2021 00:57:29.347,1.1834,1.18337,0.75,0.82
05.08.2021 00:57:29.448,1.18339,1.18337,0.75,2.32
05.08.2021 00:57:29.550,1.18339,1.1833600000000002,0.75,1.57
05.08.2021 00:57:31.523,1.18339,1.1833500000000001,1.5,0.75
05.08.2021 00:57:31.625,1.1833799999999999,1.18334,0.75,1.69
05.08.2021 00:57:33.272,1.18337,1.18334,0.37,1.5
05.08.2021 00:57:33.374,1.1833600000000002,1.18334,1.12,1.31
05.08.2021 00:57:33.636,1.1833600000000002,1.18333,0.75,1.31
05.08.2021 00:57:34.198,1.18334,1.18333,1.5,1.5
05.08.2021 00:57:35.078,1.18334,1.1833,0.75,0.75
05.08.2021 00:57:35.179,1.18333,1.18329,0.75,5.21
05.08.2021 00:57:35.432,1.18333,1.1833,0.75,0.64
05.08.2021 00:57:38.314,1.18333,1.18331,0.75,0.37
05.08.2021 00:57:42.575,1.18333,1.1833,0.75,1.39
05.08.2021 00:57:48.359,1.18333,1.18329,0.75,4.69
05.08.2021 00:57:48.945,1.1833200000000001,1.1832799999999999,0.75,1.87
05.08.2021 00:57:52.151,1.18333,1.1832799999999999,8.77,3.37
05.08.2021 00:57:57.441,1.1833,1.1832799999999999,0.75,0.75
05.08.2021 00:57:57.872,1.1833,1.18327,0.75,2.25
05.08.2021 00:58:00.553,1.18331,1.18327,0.75,2.32
05.08.2021 00:58:15.381,1.1833200000000001,1.1832799999999999,0.75,0.82
05.08.2021 00:58:15.483,1.18333,1.18329,0.75,0.82
05.08.2021 00:58:15.584,1.18334,1.1833,0.75,0.1
05.08.2021 00:58:16.399,1.18333,1.18329,0.75,0.82
05.08.2021 00:58:16.551,1.18333,1.1833,0.75,0.75
05.08.2021 00:58:18.021,1.1833200000000001,1.1832799999999999,0.75,2.25
05.08.2021 00:58:18.989,1.18331,1.1832799999999999,0.75,0.82
05.08.2021 00:58:19.141,1.18331,1.18327,0.75,1.95
05.08.2021 00:58:19.765,1.18331,1.1832799999999999,0.75,0.1
05.08.2021 00:58:20.593,1.18331,1.18329,0.75,2.32
05.08.2021 00:58:20.695,1.18333,1.18329,0.75,0.82
05.08.2021 00:58:21.633,1.18334,1.1833200000000001,0.75,0.82
05.08.2021 00:58:21.735,1.1833600000000002,1.1833200000000001,0.75,1.57
05.08.2021 00:58:21.837,1.18337,1.18333,0.82,0.75
05.08.2021 00:58:28.924,1.1833600000000002,1.1833200000000001,0.75,1.2
05.08.2021 00:58:29.026,1.18334,1.1833,0.75,1.01
05.08.2021 00:58:29.128,1.18333,1.1833,0.75,0.1
05.08.2021 00:58:29.432,1.18333,1.18329,0.75,1.95
05.08.2021 00:58:42.937,1.1833200000000001,1.1832799999999999,0.75,1.2
05.08.2021 00:58:53.567,1.1833200000000001,1.18329,0.75,0.75
05.08.2021 00:58:55.545,1.1833200000000001,1.1832799999999999,0.75,0.82
05.08.2021 00:59:08.515,1.18329,1.18327,1.12,3.75
05.08.2021 00:59:08.567,1.1832799999999999,1.1832500000000001,0.75,2.7
05.08.2021 00:59:08.669,1.1832600000000002,1.18324,0.75,1.5
05.08.2021 00:59:09.025,1.1832799999999999,1.1832600000000002,0.82,0.75
05.08.2021 00:59:09.329,1.1832799999999999,1.18324,0.75,1.01
05.08.2021 00:59:09.997,1.18327,1.18324,0.75,0.82
05.08.2021 00:59:10.098,1.1832600000000002,1.18324,0.75,0.75
05.08.2021 00:59:11.368,1.18327,1.18324,0.75,0.75
05.08.2021 00:59:13.185,1.1832799999999999,1.18324,0.75,0.1
05.08.2021 00:59:13.813,1.18327,1.18324,0.75,0.1
05.08.2021 00:59:14.755,1.1832799999999999,1.18324,0.75,0.82
05.08.2021 00:59:18.070,1.1832799999999999,1.1832600000000002,0.75,0.1
05.08.2021 00:59:18.172,1.18329,1.1832600000000002,0.75,0.82
05.08.2021 00:59:18.689,1.18329,1.18327,0.75,0.75
05.08.2021 00:59:21.913,1.1832799999999999,1.1832600000000002,0.75,0.75
05.08.2021 00:59:22.167,1.1832799999999999,1.1832500000000001,0.75,0.26
05.08.2021 00:59:25.476,1.18327,1.1832500000000001,0.75,2.89
05.08.2021 00:59:28.218,1.18327,1.18324,0.75,0.1
05.08.2021 00:59:28.324,1.18327,1.18323,0.75,2.32
05.08.2021 00:59:28.425,1.1832600000000002,1.18323,0.75,1.57
05.08.2021 00:59:29.469,1.18324,1.18321,0.75,0.45
05.08.2021 00:59:29.570,1.18323,1.18321,0.75,3.08
05.08.2021 00:59:29.672,1.18323,1.1832,0.75,0.82
05.08.2021 00:59:30.245,1.18323,1.18321,0.75,0.37
05.08.2021 00:59:31.288,1.18323,1.1832,0.75,0.45
05.08.2021 00:59:31.672,1.18323,1.18321,0.75,0.75
05.08.2021 00:59:32.403,1.18324,1.18321,0.75,1.95
05.08.2021 00:59:32.907,1.18323,1.1832,0.75,1.88
05.08.2021 00:59:38.841,1.1832200000000002,1.18319,0.75,1.57
05.08.2021 00:59:39.475,1.18323,1.1832,0.75,1.2
05.08.2021 00:59:39.577,1.18323,1.18321,0.75,1.2
05.08.2021 00:59:41.699,1.1832200000000002,1.1832,0.75,0.82
05.08.2021 00:59:41.851,1.1832200000000002,1.18319,0.75,3.9
05.08.2021 00:59:49.315,1.1832200000000002,1.18318,0.75,1.57
05.08.2021 00:59:50.072,1.18319,1.18318,0.75,0.45
05.08.2021 00:59:50.224,1.18318,1.18316,5.62,0.45
05.08.2021 00:59:50.325,1.18319,1.1831500000000001,0.75,1.76
05.08.2021 00:59:50.427,1.1832200000000002,1.1832,0.75,0.75
05.08.2021 00:59:50.681,1.18323,1.1832,0.75,0.75
05.08.2021 00:59:51.148,1.18323,1.18319,0.75,4.13
05.08.2021 00:59:51.249,1.18323,1.1832,0.75,0.82
05.08.2021 00:59:52.080,1.1832200000000002,1.1832,0.75,5.25
05.08.2021 00:59:52.233,1.1832200000000002,1.18321,0.75,0.75
05.08.2021 00:59:52.926,1.18323,1.18319,0.75,3.45
05.08.2021 00:59:54.121,1.18323,1.1832,0.75,0.75
05.08.2021 00:59:55.319,1.1832200000000002,1.1832,0.75,3.45
05.08.2021 00:59:55.805,1.1832,1.18317,0.75,2.33
05.08.2021 00:59:55.856,1.1832200000000002,1.18317,1.95,3.45
05.08.2021 00:59:55.958,1.1832200000000002,1.18318,1.12,0.1
05.08.2021 00:59:56.161,1.1832200000000002,1.18319,0.75,0.82
05.08.2021 00:59:56.371,1.1832,1.18317,0.75,0.82
05.08.2021 00:59:56.523,1.1832,1.18318,0.75,0.75
05.08.2021 00:59:59.574,1.18321,1.18317,1.87,1.2
05.08.2021 00:59:59.676,1.18319,1.18316,0.75,1.58
05.08.2021 00:59:59.777,1.1832,1.18317,0.75,2.32
05.08.2021 00:59:59.828,1.1832200000000002,1.18317,1.57,3.07
05.08.2021 00:59:59.929,1.18321,1.18317,0.75,3.82
05.08.2021 01:00:00.625,1.1832200000000002,1.18319,1.5,0.1
05.08.2021 01:00:00.777,1.18323,1.1832200000000002,0.75,0.75
05.08.2021 01:00:00.878,1.18323,1.1832,0.75,0.1
05.08.2021 01:00:02.145,1.18323,1.18319,1.5,0.82
05.08.2021 01:00:04.082,1.1832500000000001,1.1832200000000002,0.75,1.5
05.08.2021 01:00:04.234,1.18327,1.18323,0.75,1.12
05.08.2021 01:00:04.386,1.1832799999999999,1.18324,1.12,0.75
05.08.2021 01:00:18.146,1.18327,1.18324,0.75,0.37
05.08.2021 01:00:20.491,1.18327,1.1832500000000001,0.75,0.1
05.08.2021 01:00:21.054,1.18327,1.18324,0.75,0.45
05.08.2021 01:00:23.477,1.1832799999999999,1.18324,1.5,1.2
05.08.2021 01:00:23.578,1.1832799999999999,1.1832500000000001,1.5,0.1
05.08.2021 01:00:24.289,1.18327,1.1832500000000001,1.5,1.2
05.08.2021 01:00:24.667,1.1832799999999999,1.1832600000000002,0.75,0.75
05.08.2021 01:00:24.769,1.1833200000000001,1.18327,1.5,4.01
05.08.2021 01:00:24.819,1.1833200000000001,1.18329,1.5,0.75
05.08.2021 01:00:30.474,1.1833200000000001,1.1833,1.5,1.2
05.08.2021 01:00:34.024,1.1833200000000001,1.18331,0.75,0.1
05.08.2021 01:00:34.126,1.18334,1.18331,0.75,0.75
05.08.2021 01:00:34.480,1.18334,1.1833,1.5,0.82
05.08.2021 01:00:35.372,1.18333,1.1833,0.75,0.82
05.08.2021 01:00:36.114,1.1833200000000001,1.1833,0.75,0.1
05.08.2021 01:00:36.832,1.18334,1.18333,0.75,0.82
05.08.2021 01:00:36.933,1.1833600000000002,1.1833200000000001,0.75,3.26
05.08.2021 01:00:37.034,1.1833500000000001,1.18333,0.75,0.1
05.08.2021 01:00:37.428,1.18334,1.18331,2.25,0.75
05.08.2021 01:00:37.580,1.1833200000000001,1.1833,0.75,0.1
05.08.2021 01:00:39.878,1.1833200000000001,1.18329,0.75,1.95
05.08.2021 01:00:50.364,1.1833200000000001,1.1832799999999999,1.5,1.95
05.08.2021 01:00:51.884,1.1833200000000001,1.18329,0.75,0.75
05.08.2021 01:00:54.061,1.1833200000000001,1.1832799999999999,0.75,2.7
05.08.2021 01:01:03.203,1.1832799999999999,1.1832500000000001,0.75,4.58
05.08.2021 01:01:03.305,1.18327,1.18324,0.75,8.7
05.08.2021 01:01:05.507,1.18327,1.18323,0.75,2.7
05.08.2021 01:01:05.612,1.1832500000000001,1.18323,0.75,0.37
05.08.2021 01:01:05.714,1.18324,1.1832200000000002,0.75,1.12
05.08.2021 01:01:07.929,1.1832200000000002,1.18319,0.75,3.08
05.08.2021 01:01:13.067,1.18324,1.1832200000000002,1.5,0.37
05.08.2021 01:01:13.523,1.18324,1.18321,0.75,3.08
05.08.2021 01:01:14.066,1.18323,1.1832,0.75,6.52
05.08.2021 01:01:14.775,1.1832200000000002,1.1832,0.75,0.45
05.08.2021 01:01:18.576,1.1832200000000002,1.1832,0.75,1.2
05.08.2021 01:01:22.980,1.18323,1.1832,0.75,0.37
05.08.2021 01:01:23.082,1.1832200000000002,1.18319,0.75,1.95
05.08.2021 01:01:27.166,1.18323,1.18321,0.75,0.37
05.08.2021 01:01:31.082,1.18324,1.18323,0.75,0.37
05.08.2021 01:01:31.183,1.18324,1.1832200000000002,0.75,0.37
05.08.2021 01:01:31.510,1.1832500000000001,1.1832200000000002,0.75,1.57
05.08.2021 01:01:31.561,1.18323,1.18321,0.75,0.37
05.08.2021 01:01:31.662,1.18323,1.1832,0.75,1.95
05.08.2021 01:01:38.074,1.18323,1.18321,0.75,1.95
05.08.2021 01:01:41.706,1.1832200000000002,1.18319,0.75,2.25
05.08.2021 01:01:42.467,1.1832200000000002,1.18318,0.75,2.7
05.08.2021 01:01:43.105,1.18321,1.18318,0.75,0.45
05.08.2021 01:01:43.207,1.1832200000000002,1.18318,0.75,0.45
05.08.2021 01:01:44.648,1.18318,1.18316,0.75,2.96
05.08.2021 01:01:44.749,1.18319,1.18317,0.75,1.2
05.08.2021 01:01:44.800,1.18321,1.18318,8.7,0.1
05.08.2021 01:01:44.902,1.1832200000000002,1.18318,2.25,0.1
05.08.2021 01:02:05.931,1.18319,1.18317,0.75,0.1
05.08.2021 01:02:06.033,1.1832200000000002,1.18317,1.69,0.82
05.08.2021 01:02:07.124,1.1832200000000002,1.18318,1.12,0.45
05.08.2021 01:02:07.768,1.1832,1.18318,0.75,0.45
05.08.2021 01:02:11.305,1.18321,1.18319,0.75,0.45
05.08.2021 01:02:14.993,1.1832,1.18318,0.75,0.45
05.08.2021 01:02:15.178,1.1832200000000002,1.18318,0.75,0.45
05.08.2021 01:02:17.708,1.1832,1.18318,0.75,0.45
05.08.2021 01:02:23.304,1.1832,1.18317,0.75,1.95
05.08.2021 01:02:23.462,1.18318,1.1831500000000001,0.75,2.32
05.08.2021 01:02:23.563,1.18319,1.18317,0.75,0.82
05.08.2021 01:02:23.614,1.1832200000000002,1.18317,2.81,1.95
05.08.2021 01:02:23.817,1.1832200000000002,1.18318,1.12,0.1
05.08.2021 01:02:27.387,1.1832200000000002,1.18319,0.75,0.1
05.08.2021 01:02:40.320,1.18323,1.18319,0.75,3.45
05.08.2021 01:02:40.371,1.1832600000000002,1.1832200000000002,7.95,2.32
05.08.2021 01:02:40.473,1.18327,1.18324,1.2,0.75
05.08.2021 01:02:40.575,1.1832799999999999,1.18324,0.75,0.82
05.08.2021 01:02:50.619,1.18327,1.18324,0.75,1.2
05.08.2021 01:02:53.635,1.18331,1.1832799999999999,7.95,2.51
05.08.2021 01:02:53.736,1.18331,1.1833,1.2,0.75
05.08.2021 01:02:53.889,1.1833200000000001,1.1832799999999999,0.75,3.45
05.08.2021 01:02:54.142,1.18331,1.1833,0.75,0.82
05.08.2021 01:02:54.990,1.18333,1.18329,0.75,1.2
05.08.2021 01:02:55.143,1.1833200000000001,1.18329,0.75,1.2
05.08.2021 01:02:57.269,1.1833200000000001,1.1832799999999999,0.75,1.2
05.08.2021 01:02:57.370,1.1833,1.1832799999999999,0.75,0.45
05.08.2021 01:02:57.521,1.1833200000000001,1.1832799999999999,0.75,0.82
05.08.2021 01:02:57.572,1.1833,1.18327,0.75,1.57
05.08.2021 01:02:57.775,1.1833200000000001,1.1832799999999999,0.75,0.82
05.08.2021 01:02:57.876,1.18331,1.1832799999999999,0.75,0.75
05.08.2021 01:03:01.019,1.1833200000000001,1.1832799999999999,0.75,1.95
05.08.2021 01:03:01.121,1.1833200000000001,1.18329,0.75,0.1
05.08.2021 01:03:02.302,1.18331,1.1832799999999999,0.75,0.45
05.08.2021 01:03:02.404,1.18331,1.18329,0.75,1.2
05.08.2021 01:03:02.527,1.18331,1.1832799999999999,0.75,0.45
05.08.2021 01:03:02.781,1.1833200000000001,1.1832799999999999,0.75,1.2
05.08.2021 01:03:02.882,1.18331,1.1832799999999999,0.75,0.45
05.08.2021 01:03:03.334,1.18331,1.18327,0.75,1.95
05.08.2021 01:03:03.664,1.18331,1.1832799999999999,1.5,2.7
05.08.2021 01:03:03.766,1.18331,1.1832799999999999,0.75,0.1
05.08.2021 01:03:04.018,1.1833200000000001,1.1832799999999999,1.5,0.82
05.08.2021 01:03:04.671,1.18331,1.18327,0.75,1.57
05.08.2021 01:03:05.804,1.1833200000000001,1.1832799999999999,0.75,1.2
05.08.2021 01:03:05.905,1.1833200000000001,1.18329,0.75,0.75
05.08.2021 01:03:08.356,1.18333,1.18329,0.75,0.82
05.08.2021 01:03:19.780,1.1833200000000001,1.1832799999999999,0.75,1.95
05.08.2021 01:03:22.404,1.18331,1.18327,0.75,2.32
05.08.2021 01:03:25.037,1.18329,1.1832500000000001,0.75,2.55
05.08.2021 01:03:25.189,1.18327,1.1832500000000001,0.75,1.87
05.08.2021 01:03:29.529,1.18327,1.18323,0.75,1.87
05.08.2021 01:03:29.630,1.1832600000000002,1.18323,0.75,0.37
05.08.2021 01:03:32.147,1.1832600000000002,1.1832200000000002,0.75,2.32
05.08.2021 01:03:32.736,1.18327,1.18323,0.75,0.75
05.08.2021 01:03:32.838,1.1832799999999999,1.18324,1.5,0.75
05.08.2021 01:03:35.395,1.1832799999999999,1.1832500000000001,0.75,0.75
05.08.2021 01:03:36.949,1.1832799999999999,1.18324,0.75,1.95
05.08.2021 01:03:37.051,1.18327,1.1832600000000002,0.75,0.75
05.08.2021 01:03:38.558,1.1833,1.18327,0.75,0.75
05.08.2021 01:03:40.373,1.18331,1.18327,0.75,1.5
05.08.2021 01:03:40.475,1.1832799999999999,1.1832600000000002,0.75,0.75
05.08.2021 01:03:46.925,1.1832799999999999,1.18324,0.75,1.95
05.08.2021 01:04:04.592,1.18327,1.18324,0.75,0.75
05.08.2021 01:04:04.694,1.18327,1.18323,0.75,1.87
05.08.2021 01:04:05.003,1.1832500000000001,1.1832200000000002,0.75,1.5
05.08.2021 01:04:12.271,1.1832600000000002,1.1832200000000002,0.75,2.25
05.08.2021 01:04:12.423,1.18327,1.18323,1.5,0.75
05.08.2021 01:04:12.625,1.1832799999999999,1.18324,0.75,0.75
05.08.2021 01:04:16.577,1.18329,1.1832500000000001,0.75,1.87
05.08.2021 01:04:16.730,1.1833,1.1832600000000002,0.75,1.12
05.08.2021 01:04:19.581,1.18331,1.18327,0.75,1.12
05.08.2021 01:04:24.192,1.1833200000000001,1.1832799999999999,0.75,1.87
05.08.2021 01:04:24.546,1.18331,1.1833,1.12,0.75
05.08.2021 01:04:24.698,1.1833200000000001,1.1832799999999999,1.87,1.5
05.08.2021 01:04:45.076,1.18333,1.18329,0.75,3.07
05.08.2021 01:05:07.905,1.18333,1.1833,0.75,0.75
05.08.2021 01:05:15.384,1.18333,1.18331,0.75,0.75
05.08.2021 01:05:15.486,1.1833500000000001,1.18331,1.5,0.75
05.08.2021 01:05:15.587,1.1833500000000001,1.1833200000000001,0.75,0.75
05.08.2021 01:05:22.202,1.1833600000000002,1.1833200000000001,0.75,2.32
05.08.2021 01:05:22.303,1.1833600000000002,1.18334,0.75,0.75
05.08.2021 01:05:32.443,1.1834,1.1833799999999999,8.4,1.12
05.08.2021 01:05:32.544,1.1834200000000001,1.1833799999999999,8.25,2.06
05.08.2021 01:05:32.595,1.1834200000000001,1.1834,7.5,0.75
05.08.2021 01:05:32.697,1.18343,1.1834,0.75,0.75
05.08.2021 01:05:33.411,1.1834200000000001,1.18339,0.75,0.75
05.08.2021 01:05:33.585,1.1834200000000001,1.1833799999999999,0.75,1.12
05.08.2021 01:05:34.090,1.1834,1.1833799999999999,0.75,1.12
05.08.2021 01:05:35.655,1.1834200000000001,1.1833799999999999,0.75,0.75
05.08.2021 01:05:44.292,1.1834200000000001,1.18339,0.75,0.37
05.08.2021 01:05:44.660,1.18343,1.18339,0.75,1.12
05.08.2021 01:05:49.962,1.1834200000000001,1.1833799999999999,0.75,1.5
05.08.2021 01:05:50.063,1.18341,1.18337,0.75,1.5
05.08.2021 01:05:50.165,1.1834,1.1833600000000002,0.75,2.25
05.08.2021 01:05:50.266,1.1834,1.1833799999999999,0.94,0.75
05.08.2021 01:05:51.234,1.1834,1.1833600000000002,0.94,0.75
05.08.2021 01:05:53.699,1.1834200000000001,1.18339,8.4,0.75
05.08.2021 01:05:53.801,1.1834200000000001,1.1834,8.4,0.75
05.08.2021 01:05:53.852,1.18344,1.1834,10.2,0.75
05.08.2021 01:05:56.360,1.18343,1.18339,0.75,0.75
05.08.2021 01:05:57.907,1.18343,1.18341,3,0.75
05.08.2021 01:05:58.009,1.18343,1.1834,0.75,0.75
05.08.2021 01:05:58.110,1.18343,1.18339,1.5,0.75
05.08.2021 01:05:59.706,1.18344,1.1834,2.32,0.75
05.08.2021 01:06:01.076,1.18343,1.18339,0.75,0.75
05.08.2021 01:06:01.177,1.18344,1.1834,4.39,0.75
05.08.2021 01:06:01.456,1.18343,1.18339,0.75,0.75
05.08.2021 01:06:02.726,1.1834200000000001,1.1833799999999999,0.75,1.12
05.08.2021 01:06:04.558,1.1834,1.18337,0.75,0.75
05.08.2021 01:06:04.659,1.18339,1.18337,1.87,1.2
05.08.2021 01:06:04.760,1.18339,1.1833500000000001,1.5,0.75
05.08.2021 01:06:05.268,1.18339,1.1833600000000002,0.75,0.75
05.08.2021 01:06:05.555,1.18339,1.1833500000000001,0.75,0.75
05.08.2021 01:06:05.859,1.1833799999999999,1.18334,0.75,0.75
05.08.2021 01:06:14.203,1.18339,1.1833600000000002,0.75,0.75
05.08.2021 01:06:15.946,1.1834200000000001,1.1833799999999999,9.45,0.75
05.08.2021 01:06:16.047,1.18343,1.18339,2.25,0.75
05.08.2021 01:06:18.616,1.18344,1.1834,1.5,0.75
05.08.2021 01:06:26.148,1.18343,1.18339,0.82,0.75
05.08.2021 01:06:26.199,1.18341,1.1833799999999999,0.75,1.12
05.08.2021 01:06:29.297,1.18341,1.18337,0.75,1.5
05.08.2021 01:06:30.480,1.1834200000000001,1.1833799999999999,0.75,0.75
05.08.2021 01:06:40.070,1.18343,1.18339,1.5,0.75
05.08.2021 01:06:49.510,1.1834200000000001,1.1833799999999999,0.75,0.75
05.08.2021 01:07:06.884,1.18341,1.18337,0.75,2.25
05.08.2021 01:07:06.985,1.18339,1.1833500000000001,0.75,4.65
05.08.2021 01:07:07.238,1.1833799999999999,1.18334,0.75,1.95
05.08.2021 01:07:07.743,1.1834,1.18337,0.75,0.82
05.08.2021 01:07:07.845,1.18341,1.18337,0.75,1.57
05.08.2021 01:07:09.268,1.1834200000000001,1.1833799999999999,0.75,0.75
05.08.2021 01:07:24.880,1.18343,1.18339,0.75,0.75
05.08.2021 01:07:27.409,1.18341,1.18339,0.75,3.45
05.08.2021 01:07:30.474,1.18343,1.18339,0.75,0.75
05.08.2021 01:07:49.483,1.1834200000000001,1.1833799999999999,0.75,2.32
05.08.2021 01:07:49.986,1.18343,1.18339,0.75,0.75
05.08.2021 01:07:59.086,1.18341,1.18339,0.75,3.07
05.08.2021 01:08:08.828,1.18341,1.18337,1.5,2.25
05.08.2021 01:08:08.930,1.18339,1.1833600000000002,0.75,0.45
05.08.2021 01:08:09.031,1.18339,1.1833500000000001,0.75,0.75
05.08.2021 01:08:09.184,1.1833799999999999,1.18334,0.75,0.82
05.08.2021 01:08:10.565,1.1833799999999999,1.1833600000000002,0.75,0.75
05.08.2021 01:08:12.672,1.1833799999999999,1.1833500000000001,0.75,0.75
05.08.2021 01:08:12.775,1.18339,1.18334,0.75,7.31
05.08.2021 01:08:14.078,1.1833799999999999,1.18334,0.75,1.5
05.08.2021 01:08:14.180,1.1833799999999999,1.18333,0.75,3.52
05.08.2021 01:08:14.771,1.1833600000000002,1.18333,0.75,0.37
05.08.2021 01:08:17.693,1.18334,1.18331,0.75,1.5
05.08.2021 01:08:17.845,1.18333,1.1832799999999999,0.75,4.13
05.08.2021 01:08:18.048,1.1833200000000001,1.1832799999999999,0.75,1.87
05.08.2021 01:08:19.765,1.18331,1.1833,0.75,0.75
05.08.2021 01:08:19.867,1.18333,1.18329,0.75,3.37
05.08.2021 01:08:21.050,1.18331,1.1833,0.75,0.37
05.08.2021 01:08:21.353,1.1833200000000001,1.1832799999999999,0.75,4.8
05.08.2021 01:08:21.560,1.1833200000000001,1.18329,0.75,0.37
05.08.2021 01:08:21.907,1.18333,1.18329,0.75,1.5
05.08.2021 01:08:25.680,1.1833200000000001,1.18329,0.75,0.37
05.08.2021 01:08:25.949,1.18331,1.18329,0.75,3.75
05.08.2021 01:08:29.105,1.1833200000000001,1.18329,0.75,0.37
05.08.2021 01:08:29.307,1.18333,1.1833,0.75,2.25
05.08.2021 01:08:29.459,1.18333,1.18331,0.75,0.37
05.08.2021 01:08:29.560,1.18333,1.1833,0.75,2.62
05.08.2021 01:08:30.084,1.1833500000000001,1.1833,0.75,7.27
05.08.2021 01:08:31.395,1.1833500000000001,1.18331,0.75,1.05
05.08.2021 01:08:31.499,1.18334,1.1833,0.75,5.32
05.08.2021 01:08:31.652,1.18334,1.18331,0.75,1.87
05.08.2021 01:08:39.920,1.18334,1.1833,0.75,1.43
05.08.2021 01:08:40.021,1.18334,1.18329,0.75,5.4
05.08.2021 01:09:00.928,1.18333,1.18329,0.75,1.87
05.08.2021 01:09:03.218,1.18333,1.18331,0.75,0.1
05.08.2021 01:09:08.223,1.18333,1.1833,0.75,0.1
05.08.2021 01:09:14.320,1.18333,1.18329,0.75,1.5
05.08.2021 01:09:14.530,1.1833200000000001,1.1832799999999999,0.75,0.75
05.08.2021 01:09:14.632,1.1833,1.1832799999999999,0.75,0.1
05.08.2021 01:09:21.277,1.1833,1.1832600000000002,0.82,1.88
05.08.2021 01:09:21.329,1.1832799999999999,1.1832600000000002,0.75,1.13
05.08.2021 01:09:21.532,1.1832799999999999,1.18324,0.75,1.87
05.08.2021 01:09:36.307,1.1832799999999999,1.1832600000000002,0.75,1.12
05.08.2021 01:09:36.358,1.1833,1.18327,0.75,0.37
05.08.2021 01:09:38.621,1.18331,1.18327,0.75,4.12
05.08.2021 01:09:38.722,1.18331,1.1832799999999999,0.75,0.75
05.08.2021 01:09:42.474,1.1833200000000001,1.1832799999999999,0.75,1.5
05.08.2021 01:09:45.743,1.1833200000000001,1.18331,0.75,0.1
05.08.2021 01:09:47.839,1.18331,1.18329,0.75,2.06
05.08.2021 01:10:00.271,1.18333,1.18329,1.5,0.75
05.08.2021 01:10:01.789,1.1833200000000001,1.1832799999999999,0.75,4.39
05.08.2021 01:10:09.645,1.18329,1.1832600000000002,0.75,0.1
05.08.2021 01:10:10.049,1.18329,1.1832500000000001,1.2,1.2
05.08.2021 01:10:10.352,1.1832799999999999,1.1832500000000001,0.75,0.1
05.08.2021 01:10:10.715,1.1832799999999999,1.1832600000000002,0.75,0.1
05.08.2021 01:10:13.688,1.18329,1.1832600000000002,0.75,0.1
05.08.2021 01:10:13.799,1.1832799999999999,1.1832500000000001,0.75,0.1
05.08.2021 01:10:19.418,1.1832799999999999,1.1832600000000002,0.75,0.1
05.08.2021 01:10:23.620,1.18329,1.1832600000000002,0.75,0.82
05.08.2021 01:10:24.405,1.18329,1.18327,0.75,1.05
05.08.2021 01:10:24.516,1.18329,1.1832600000000002,0.75,1.2
05.08.2021 01:10:24.969,1.18329,1.18327,0.75,0.1
05.08.2021 01:10:25.070,1.1833,1.18327,0.75,0.45
05.08.2021 01:10:29.963,1.1833,1.18329,0.75,0.64
05.08.2021 01:10:30.458,1.18331,1.18329,0.75,0.1
05.08.2021 01:10:35.603,1.1833200000000001,1.18329,0.75,0.1
05.08.2021 01:10:50.965,1.18333,1.18329,0.75,4.76
05.08.2021 01:10:57.147,1.1833500000000001,1.1833200000000001,0.75,0.45
05.08.2021 01:10:57.249,1.1833600000000002,1.18334,7.95,0.1
05.08.2021 01:10:57.350,1.18337,1.18334,0.75,0.1
05.08.2021 01:10:57.739,1.1833799999999999,1.18334,2.25,0.82
05.08.2021 01:10:58.311,1.18339,1.1833500000000001,1.5,0.75
05.08.2021 01:10:58.948,1.1834200000000001,1.18339,1.2,0.1
05.08.2021 01:10:59.049,1.1834200000000001,1.1834,0.45,0.26
05.08.2021 01:10:59.151,1.18343,1.1834,0.75,0.26
05.08.2021 01:10:59.647,1.1834200000000001,1.1834,0.75,0.1
05.08.2021 01:11:00.122,1.18341,1.1833799999999999,0.75,2.02
05.08.2021 01:11:00.324,1.1834,1.18337,0.75,0.82
05.08.2021 01:11:00.375,1.1834200000000001,1.1833799999999999,0.75,1.95
05.08.2021 01:11:02.708,1.1834200000000001,1.18339,0.75,0.1
05.08.2021 01:11:03.333,1.18344,1.1834,1.5,0.82
05.08.2021 01:11:07.124,1.18344,1.1834200000000001,0.75,0.1
05.08.2021 01:11:07.225,1.1834500000000001,1.1834200000000001,0.75,0.1
05.08.2021 01:11:24.099,1.1834600000000002,1.1834200000000001,0.75,4.76
05.08.2021 01:11:24.200,1.1834600000000002,1.18343,0.75,0.56
05.08.2021 01:11:25.086,1.1834600000000002,1.1834200000000001,0.75,5.89
05.08.2021 01:11:25.293,1.1834500000000001,1.18341,0.75,3
05.08.2021 01:11:26.104,1.18344,1.18341,0.75,0.75
05.08.2021 01:11:26.875,1.18343,1.18339,0.75,0.75
05.08.2021 01:11:31.370,1.1834200000000001,1.1833799999999999,0.75,2.06
05.08.2021 01:11:42.424,1.18341,1.1834,0.75,0.37
05.08.2021 01:11:59.984,1.18343,1.1834,0.75,0.75
05.08.2021 01:12:00.440,1.1834200000000001,1.18339,0.75,0.37
05.08.2021 01:12:00.542,1.1834200000000001,1.1833799999999999,0.75,1.87
05.08.2021 01:12:04.215,1.18341,1.1833799999999999,0.75,0.56
05.08.2021 01:12:05.204,1.1834200000000001,1.1833799999999999,0.75,1.31
05.08.2021 01:12:11.811,1.18341,1.1833799999999999,0.75,0.37
05.08.2021 01:12:11.863,1.18339,1.1833600000000002,0.75,1.05
05.08.2021 01:12:11.964,1.1833799999999999,1.18334,0.75,10.31
05.08.2021 01:12:15.023,1.18339,1.1833600000000002,0.75,1.12
05.08.2021 01:12:16.577,1.18339,1.1833500000000001,0.75,1.39
05.08.2021 01:12:17.032,1.1833799999999999,1.1833500000000001,0.75,0.1
05.08.2021 01:12:17.565,1.1833799999999999,1.18334,1.95,2.55
05.08.2021 01:12:17.666,1.1833600000000002,1.1833200000000001,0.75,0.94
05.08.2021 01:12:17.768,1.18334,1.1833,0.75,8.25
05.08.2021 01:12:17.869,1.18333,1.18329,0.75,1.2
05.08.2021 01:12:17.970,1.1833200000000001,1.1832799999999999,0.75,1.69
05.08.2021 01:12:18.072,1.18331,1.18327,0.75,1.95
05.08.2021 01:12:19.166,1.1833,1.18329,0.75,0.37
05.08.2021 01:12:23.636,1.18329,1.1832799999999999,0.75,1.12
05.08.2021 01:12:23.788,1.1833,1.18329,0.75,0.37
05.08.2021 01:12:27.497,1.18331,1.1832799999999999,0.75,0.37
05.08.2021 01:12:30.959,1.1833200000000001,1.1832799999999999,0.75,2.14
05.08.2021 01:12:31.060,1.18333,1.1833,0.75,1.39
05.08.2021 01:12:31.363,1.18334,1.1833,0.75,1.39
05.08.2021 01:12:39.511,1.18333,1.1833,0.75,0.64
05.08.2021 01:12:40.507,1.18333,1.18329,0.75,2.36
05.08.2021 01:12:40.608,1.1833200000000001,1.18329,0.75,0.56
05.08.2021 01:12:53.465,1.18333,1.18329,0.75,2.14
05.08.2021 01:12:56.233,1.18333,1.1833,0.75,0.37
05.08.2021 01:12:58.338,1.18333,1.18329,0.75,2.14
05.08.2021 01:13:10.915,1.1833200000000001,1.18329,0.75,1.31
05.08.2021 01:13:14.093,1.1833200000000001,1.1832799999999999,0.75,2.51
05.08.2021 01:13:15.010,1.1833200000000001,1.18329,0.75,0.19
05.08.2021 01:13:15.947,1.1833200000000001,1.1832799999999999,0.75,3.07
05.08.2021 01:13:16.150,1.1833200000000001,1.18329,0.75,2.44
05.08.2021 01:13:16.251,1.1833200000000001,1.1833,0.75,2.51
05.08.2021 01:13:16.352,1.18333,1.1833,0.75,0.19
05.08.2021 01:13:17.651,1.18334,1.1833,0.75,2.14
05.08.2021 01:13:26.833,1.1833200000000001,1.18329,0.75,0.75
05.08.2021 01:13:26.935,1.1833200000000001,1.1832799999999999,0.75,2.51
05.08.2021 01:13:31.173,1.18333,1.18329,0.75,1.95
05.08.2021 01:13:34.187,1.18333,1.1833,0.75,1.5
05.08.2021 01:13:37.304,1.1833500000000001,1.18333,1.2,1.87
05.08.2021 01:13:55.729,1.1833600000000002,1.18333,0.75,0.75
05.08.2021 01:14:02.860,1.1833600000000002,1.1833200000000001,0.82,0.75
05.08.2021 01:14:02.962,1.1833500000000001,1.18331,1.5,1.5
05.08.2021 01:14:03.063,1.18334,1.18331,0.75,0.75
05.08.2021 01:14:03.218,1.18334,1.1833,0.75,1.31
05.08.2021 01:14:10.123,1.18333,1.18329,0.75,0.75
05.08.2021 01:14:14.442,1.1833200000000001,1.1832799999999999,0.75,1.5
05.08.2021 01:14:18.474,1.18333,1.18329,0.75,0.75
05.08.2021 01:14:30.346,1.1833200000000001,1.1832799999999999,1.5,0.75
05.08.2021 01:14:30.447,1.18331,1.18327,0.75,1.87
05.08.2021 01:14:32.282,1.1833,1.1832600000000002,0.82,0.75
05.08.2021 01:14:32.383,1.18329,1.1832500000000001,0.82,1.5
05.08.2021 01:14:32.485,1.18327,1.1832600000000002,0.75,0.75
05.08.2021 01:14:32.637,1.1832799999999999,1.18324,1.5,1.87
05.08.2021 01:14:41.237,1.1833,1.1832600000000002,0.75,2.81
05.08.2021 01:14:41.339,1.1833,1.18327,0.75,0.37
05.08.2021 01:14:42.825,1.1833,1.1832799999999999,0.75,0.37
05.08.2021 01:14:43.841,1.1833,1.1832600000000002,0.82,0.75
05.08.2021 01:14:44.976,1.1832799999999999,1.18324,0.75,1.12
05.08.2021 01:14:45.848,1.18327,1.18323,0.75,1.12
05.08.2021 01:14:46.153,1.1832600000000002,1.1832200000000002,0.75,1.2
05.08.2021 01:14:49.542,1.18324,1.1832200000000002,0.82,0.75
05.08.2021 01:14:49.643,1.18323,1.18321,0.75,0.75
05.08.2021 01:14:50.117,1.18324,1.18321,0.75,1.5
05.08.2021 01:14:50.218,1.18324,1.1832200000000002,0.75,2.81
05.08.2021 01:14:52.154,1.1832600000000002,1.1832200000000002,0.75,2.81
05.08.2021 01:14:52.255,1.1832500000000001,1.18324,0.75,0.94
05.08.2021 01:14:57.477,1.18327,1.18323,0.75,0.94
05.08.2021 01:15:02.673,1.1832500000000001,1.18324,0.75,0.37
05.08.2021 01:15:02.784,1.1832600000000002,1.1832200000000002,0.75,1.12
05.08.2021 01:15:05.152,1.1832500000000001,1.18321,0.75,0.75
05.08.2021 01:15:05.321,1.18324,1.18321,0.75,0.75
05.08.2021 01:15:05.475,1.18324,1.1832,0.75,1.12
05.08.2021 01:15:15.758,1.1832500000000001,1.1832200000000002,0.75,0.37
05.08.2021 01:15:17.980,1.1832600000000002,1.1832200000000002,0.75,1.12
05.08.2021 01:15:19.067,1.18327,1.1832500000000001,1.57,0.75
05.08.2021 01:15:24.474,1.1832799999999999,1.1832500000000001,0.75,0.75
05.08.2021 01:15:25.159,1.1832799999999999,1.18324,0.75,0.75
05.08.2021 01:15:41.821,1.1833,1.18327,0.94,1.12
05.08.2021 01:15:41.922,1.1833200000000001,1.1832799999999999,1.95,0.75
05.08.2021 01:15:59.040,1.1833,1.18327,0.75,0.75
05.08.2021 01:15:59.142,1.1833,1.1832600000000002,0.82,0.75
05.08.2021 01:16:02.793,1.18329,1.1832500000000001,0.75,1.5
05.08.2021 01:16:03.756,1.18327,1.18324,0.75,1.12
05.08.2021 01:16:03.858,1.1832600000000002,1.18323,0.75,2.06
05.08.2021 01:16:06.086,1.1832799999999999,1.18324,0.75,0.94
05.08.2021 01:16:09.337,1.1832799999999999,1.1832600000000002,0.75,0.75
05.08.2021 01:16:11.402,1.1833,1.18327,0.75,1.12
05.08.2021 01:16:11.503,1.18331,1.18327,0.75,2.06
05.08.2021 01:16:11.655,1.1833,1.18327,0.75,0.75
05.08.2021 01:16:12.143,1.18331,1.18327,0.75,1.12
05.08.2021 01:16:14.304,1.1833200000000001,1.1832799999999999,1.5,0.94
05.08.2021 01:16:17.316,1.18331,1.18327,0.75,2.06
05.08.2021 01:16:21.402,1.1833200000000001,1.1832799999999999,0.75,0.75
05.08.2021 01:16:27.495,1.18331,1.1832799999999999,0.75,0.37
05.08.2021 01:16:31.952,1.18331,1.18327,0.75,2.81
05.08.2021 01:16:36.664,1.1833,1.18329,0.75,0.37
05.08.2021 01:16:37.040,1.18331,1.18327,0.75,2.81
05.08.2021 01:16:37.188,1.18331,1.1832799999999999,0.75,0.37
05.08.2021 01:16:37.666,1.18331,1.18327,0.75,2.81
05.08.2021 01:16:37.885,1.18331,1.1832799999999999,0.75,0.37
05.08.2021 01:16:38.383,1.18331,1.18327,0.75,2.81
05.08.2021 01:16:40.462,1.18331,1.1832799999999999,0.75,0.37
05.08.2021 01:16:43.564,1.18331,1.18327,0.75,2.81
05.08.2021 01:16:48.473,1.18331,1.1832799999999999,0.75,0.37
05.08.2021 01:16:49.268,1.1833200000000001,1.1832799999999999,0.75,2.14
05.08.2021 01:18:02.366,1.1833200000000001,1.18329,0.75,0.37
05.08.2021 01:18:04.105,1.18334,1.18331,0.94,1.5
05.08.2021 01:18:04.207,1.1833500000000001,1.1833200000000001,1.2,0.37
05.08.2021 01:18:05.289,1.1833600000000002,1.18333,0.75,0.75
05.08.2021 01:18:05.390,1.1833799999999999,1.18334,1.2,0.75
05.08.2021 01:18:05.542,1.1833799999999999,1.1833500000000001,0.75,0.75
05.08.2021 01:18:05.694,1.18339,1.1833600000000002,0.75,1.12
05.08.2021 01:18:05.796,1.1834,1.1833600000000002,0.75,0.75
05.08.2021 01:18:09.520,1.18339,1.1833600000000002,0.75,1.5
05.08.2021 01:18:18.961,1.1834,1.1833600000000002,0.75,1.87
05.08.2021 01:18:21.916,1.1834,1.18337,0.75,0.75
05.08.2021 01:18:22.017,1.1834,1.1833600000000002,0.82,0.75
05.08.2021 01:18:23.023,1.18339,1.1833600000000002,0.75,0.75
05.08.2021 01:18:25.862,1.1834,1.1833600000000002,0.75,0.75
05.08.2021 01:18:27.418,1.18341,1.18337,0.75,1.12
05.08.2021 01:18:29.386,1.1834200000000001,1.1833799999999999,0.82,0.75
05.08.2021 01:18:34.593,1.18341,1.18337,0.75,1.5
05.08.2021 01:18:36.242,1.1834,1.1833600000000002,0.82,2.55
05.08.2021 01:18:39.361,1.18339,1.1833600000000002,0.75,0.75
05.08.2021 01:18:40.862,1.18339,1.1833500000000001,1.76,1.5
05.08.2021 01:18:50.297,1.18339,1.1833600000000002,0.75,0.75
05.08.2021 01:18:50.398,1.1834,1.1833600000000002,0.82,0.75
05.08.2021 01:18:50.499,1.1834,1.18337,0.75,0.75
05.08.2021 01:19:01.846,1.1834,1.18339,0.75,0.75
05.08.2021 01:19:10.451,1.1834200000000001,1.1833799999999999,0.75,1.87
05.08.2021 01:19:15.524,1.1834200000000001,1.1834,0.82,0.94
05.08.2021 01:19:21.350,1.1834200000000001,1.18339,0.75,0.19
05.08.2021 01:19:26.769,1.1834,1.1833799999999999,0.75,0.19
05.08.2021 01:19:27.236,1.1834,1.18337,0.75,0.94
05.08.2021 01:19:31.540,1.18341,1.18337,0.75,1.69
05.08.2021 01:19:31.692,1.1834,1.18339,0.75,0.94
05.08.2021 01:19:41.243,1.18347,1.1834500000000001,7.5,12.07
05.08.2021 01:19:41.294,1.1835200000000001,1.1835,0.19,1.5
05.08.2021 01:19:41.395,1.18354,1.1835200000000001,1.2,0.75
05.08.2021 01:19:41.497,1.1835700000000002,1.18354,8.4,0.75
05.08.2021 01:19:41.599,1.1835700000000002,1.18355,0.45,1.69
05.08.2021 01:19:41.701,1.18359,1.1835600000000002,0.75,0.94
05.08.2021 01:19:44.174,1.1836,1.1835600000000002,1.5,2.44
05.08.2021 01:19:45.002,1.1836,1.1835700000000002,0.75,0.94
05.08.2021 01:20:02.615,1.18359,1.1835700000000002,0.75,2.06
05.08.2021 01:20:03.250,1.18359,1.1835600000000002,0.75,0.75
05.08.2021 01:20:03.403,1.18359,1.18355,0.75,1.69
05.08.2021 01:20:06.609,1.18358,1.18355,0.75,0.75
05.08.2021 01:20:10.200,1.18359,1.18355,1.95,0.75
05.08.2021 01:20:10.252,1.1835600000000002,1.18354,0.82,1.69
05.08.2021 01:20:10.354,1.1835600000000002,1.18353,0.75,0.75
05.08.2021 01:20:11.626,1.18355,1.1835200000000001,0.75,2.44
05.08.2021 01:20:11.778,1.18354,1.18351,0.75,0.75
05.08.2021 01:20:11.879,1.18354,1.1835,0.75,2.06
05.08.2021 01:20:13.230,1.18353,1.18349,0.75,1.12
05.08.2021 01:20:13.533,1.18353,1.1835,0.75,0.75
05.08.2021 01:20:15.545,1.1835200000000001,1.1835,0.75,2.06
05.08.2021 01:20:19.564,1.1835200000000001,1.18351,0.75,0.75
05.08.2021 01:21:20.415,1.18354,1.18351,1.5,0.75
05.08.2021 01:21:42.474,1.18353,1.1835,0.75,0.75
05.08.2021 01:22:13.768,1.18353,1.18351,0.75,0.94
05.08.2021 01:22:14.631,1.18353,1.1835,0.75,1.69
05.08.2021 01:22:15.892,1.18353,1.18351,0.75,0.94
05.08.2021 01:22:20.577,1.1835600000000002,1.18354,0.75,1.5
05.08.2021 01:22:20.679,1.1835700000000002,1.18354,0.75,0.94
05.08.2021 01:22:20.780,1.18358,1.18355,0.75,0.75
05.08.2021 01:22:24.474,1.1835700000000002,1.18354,0.75,0.75
05.08.2021 01:22:24.676,1.18355,1.1835200000000001,0.75,1.8
05.08.2021 01:22:26.020,1.18354,1.18351,0.75,0.75
05.08.2021 01:22:28.935,1.18353,1.18351,0.75,0.19
05.08.2021 01:22:33.829,1.18353,1.1835,0.75,1.69
05.08.2021 01:22:35.922,1.18354,1.18351,0.75,0.75
05.08.2021 01:22:36.023,1.18353,1.1835,0.75,1.69
05.08.2021 01:22:40.303,1.18354,1.18351,0.75,0.75
05.08.2021 01:22:57.484,1.18353,1.1835,0.75,1.69
05.08.2021 01:23:13.298,1.18353,1.18351,0.75,0.75
05.08.2021 01:23:13.400,1.18354,1.18351,0.75,0.75
05.08.2021 01:23:16.855,1.18353,1.18351,0.75,0.19
05.08.2021 01:23:16.956,1.18353,1.1835,0.75,2.44
05.08.2021 01:23:42.288,1.18353,1.18351,0.75,0.19
05.08.2021 01:23:42.389,1.18354,1.18351,0.75,1.5
05.08.2021 01:23:52.946,1.18353,1.18351,0.75,2.25
05.08.2021 01:23:58.399,1.18355,1.18353,1.12,0.75
05.08.2021 01:23:58.501,1.18355,1.1835200000000001,0.75,0.94
05.08.2021 01:24:03.484,1.18354,1.18351,0.75,0.75
05.08.2021 01:24:05.584,1.18355,1.1835200000000001,0.75,0.75
05.08.2021 01:24:09.103,1.18354,1.18351,0.75,0.94
05.08.2021 01:24:11.597,1.18354,1.18353,0.82,0.94
05.08.2021 01:24:11.703,1.1835600000000002,1.18353,0.75,1.31
05.08.2021 01:24:11.804,1.1835600000000002,1.18354,0.75,0.37
05.08.2021 01:24:12.699,1.1835600000000002,1.18353,0.75,3.3
05.08.2021 01:24:14.685,1.18355,1.1835200000000001,0.75,0.75
05.08.2021 01:24:20.704,1.18355,1.18353,0.75,0.19
05.08.2021 01:24:20.805,1.18355,1.1835200000000001,0.75,4.57
05.08.2021 01:24:21.172,1.18355,1.18353,0.75,0.37
05.08.2021 01:24:21.223,1.1835700000000002,1.18354,0.75,0.75
05.08.2021 01:24:24.603,1.1835700000000002,1.18353,0.75,1.5
05.08.2021 01:24:24.756,1.18355,1.1835200000000001,0.75,1.8
05.08.2021 01:24:31.613,1.1835600000000002,1.18353,0.75,0.75
05.08.2021 01:24:33.568,1.1835700000000002,1.18354,0.75,1.87
05.08.2021 01:24:36.484,1.18358,1.18355,0.75,0.75
05.08.2021 01:24:53.044,1.18359,1.1835600000000002,0.75,0.75
05.08.2021 01:24:53.095,1.18361,1.1835700000000002,9.45,0.75
05.08.2021 01:24:53.196,1.18361,1.18358,0.75,1.87
05.08.2021 01:24:57.628,1.1836,1.1835600000000002,0.75,0.75
05.08.2021 01:25:00.278,1.1836,1.1835700000000002,0.75,1.5
05.08.2021 01:25:00.531,1.18361,1.1835700000000002,0.75,1.5
05.08.2021 01:25:02.267,1.18361,1.18358,0.75,1.87
05.08.2021 01:25:02.369,1.1836200000000001,1.18359,0.75,0.75
05.08.2021 01:25:06.323,1.18363,1.1836,0.75,1.5
05.08.2021 01:25:12.518,1.18363,1.18361,1.5,0.75
05.08.2021 01:25:12.889,1.18363,1.1836,0.75,0.75
05.08.2021 01:25:14.134,1.1836,1.1835700000000002,0.75,1.8
05.08.2021 01:25:14.287,1.18359,1.1835600000000002,0.94,1.2
05.08.2021 01:25:14.389,1.18358,1.18354,0.75,2.25
05.08.2021 01:25:14.744,1.1835700000000002,1.18353,0.75,0.75
05.08.2021 01:25:14.846,1.1835600000000002,1.18353,0.75,0.75
05.08.2021 01:25:16.870,1.1835700000000002,1.18354,0.75,0.75
05.08.2021 01:25:17.022,1.1835700000000002,1.18353,0.75,1.87
05.08.2021 01:25:17.189,1.18354,1.18353,0.75,4.8
05.08.2021 01:25:17.290,1.18353,1.1835200000000001,0.75,0.75
05.08.2021 01:25:21.043,1.18355,1.18351,0.75,1.5
05.08.2021 01:25:21.242,1.18354,1.18351,0.75,0.75
05.08.2021 01:25:22.314,1.18355,1.18351,0.75,1.5
05.08.2021 01:25:23.916,1.18354,1.18351,0.75,0.75
05.08.2021 01:25:24.128,1.18355,1.18351,0.82,1.5
05.08.2021 01:25:25.542,1.18354,1.18351,0.75,0.75
05.08.2021 01:25:25.643,1.18355,1.18351,0.82,0.75
05.08.2021 01:25:26.386,1.18353,1.1835200000000001,0.75,0.75
05.08.2021 01:25:27.310,1.18355,1.18351,0.82,0.75
05.08.2021 01:25:28.013,1.18354,1.1835,0.75,0.75
05.08.2021 01:25:28.114,1.18354,1.18351,0.75,0.75
05.08.2021 01:25:32.974,1.18353,1.18351,0.75,0.75
05.08.2021 01:25:33.076,1.18354,1.18351,9.71,0.75
05.08.2021 01:25:33.517,1.18353,1.1835,0.75,0.75
05.08.2021 01:25:42.485,1.18354,1.18351,0.82,0.75
05.08.2021 01:25:43.901,1.18354,1.1835,0.75,0.75
05.08.2021 01:25:46.002,1.18354,1.18351,0.75,0.75
05.08.2021 01:25:53.695,1.1835600000000002,1.18354,0.19,0.75
05.08.2021 01:25:53.796,1.1835600000000002,1.18355,0.75,0.75
05.08.2021 01:25:53.899,1.18358,1.18354,1.5,0.75
05.08.2021 01:25:58.018,1.18359,1.1835600000000002,1.5,0.75
05.08.2021 01:26:07.655,1.18359,1.18355,1.57,0.75
05.08.2021 01:26:07.756,1.1835700000000002,1.18354,0.75,0.75
05.08.2021 01:26:07.942,1.1835700000000002,1.18353,0.75,1.12
05.08.2021 01:26:10.377,1.1835700000000002,1.18354,0.75,0.75
05.08.2021 01:26:22.342,1.18358,1.18354,0.75,0.75
05.08.2021 01:26:23.070,1.1835700000000002,1.18354,0.75,0.75
05.08.2021 01:26:24.732,1.1835700000000002,1.18355,0.75,0.75
05.08.2021 01:26:33.564,1.1835700000000002,1.18354,0.75,0.75
05.08.2021 01:26:36.634,1.1835600000000002,1.18353,0.75,1.12
05.08.2021 01:26:57.276,1.1835600000000002,1.18355,0.75,0.75
05.08.2021 01:27:14.741,1.18358,1.18355,0.75,0.75
05.08.2021 01:27:15.064,1.1835700000000002,1.18354,0.75,0.75
05.08.2021 01:27:22.432,1.1835700000000002,1.18353,0.75,1.12
05.08.2021 01:27:31.759,1.18359,1.18355,2.89,0.75
05.08.2021 01:27:38.974,1.18358,1.18354,0.75,0.75
05.08.2021 01:27:39.075,1.1835700000000002,1.18353,0.75,1.57
05.08.2021 01:27:48.120,1.1835700000000002,1.18355,0.75,0.75
05.08.2021 01:27:52.080,1.1835700000000002,1.18354,0.75,0.75
05.08.2021 01:27:52.936,1.1835700000000002,1.18353,0.75,1.57
05.08.2021 01:28:00.341,1.18355,1.18354,0.75,1.12
05.08.2021 01:28:13.215,1.1835700000000002,1.18353,2.14,0.75
05.08.2021 01:28:13.317,1.18355,1.18351,0.75,1.95
05.08.2021 01:28:13.469,1.18354,1.18351,0.75,0.75
05.08.2021 01:28:13.723,1.18354,1.1835,1.57,0.75
05.08.2021 01:28:40.633,1.18354,1.18351,0.75,0.75
05.08.2021 01:28:43.566,1.18355,1.1835200000000001,1.5,1.12
05.08.2021 01:28:43.719,1.1835700000000002,1.18354,0.45,0.75
05.08.2021 01:28:43.821,1.18358,1.18354,1.5,0.75
05.08.2021 01:28:44.126,1.1835700000000002,1.18354,0.75,0.75
05.08.2021 01:28:44.445,1.18358,1.18354,0.75,0.75
05.08.2021 01:28:47.469,1.1835700000000002,1.18354,0.75,0.75
05.08.2021 01:28:52.545,1.1835700000000002,1.18353,0.82,0.75
05.08.2021 01:28:52.647,1.1835600000000002,1.18353,0.75,0.75
05.08.2021 01:28:52.748,1.1835600000000002,1.1835200000000001,0.75,1.5
05.08.2021 01:29:01.324,1.1835700000000002,1.18353,0.75,1.5
05.08.2021 01:29:01.592,1.1835700000000002,1.18354,0.75,0.75
05.08.2021 01:29:21.757,1.1835700000000002,1.18353,1.76,1.5
05.08.2021 01:29:21.859,1.1835600000000002,1.1835200000000001,0.75,1.87
05.08.2021 01:29:30.053,1.1835700000000002,1.18353,1.57,0.75
05.08.2021 01:29:32.768,1.1835600000000002,1.1835200000000001,0.75,2.62
05.08.2021 01:29:43.212,1.1835600000000002,1.18353,0.75,0.75
05.08.2021 01:29:43.314,1.1835700000000002,1.18354,0.75,0.75
05.08.2021 01:29:46.172,1.18358,1.18354,1.57,0.75
05.08.2021 01:29:48.662,1.1835700000000002,1.1835600000000002,1.5,0.75
05.08.2021 01:29:50.411,1.18359,1.18355,1.57,0.75
05.08.2021 01:29:56.663,1.18359,1.1835600000000002,1.5,0.75
05.08.2021 01:30:00.459,1.18359,1.18355,1.87,0.75
05.08.2021 01:30:01.109,1.18359,1.1835600000000002,1.5,0.75
05.08.2021 01:30:01.463,1.18358,1.18355,0.75,0.75
05.08.2021 01:30:01.960,1.1835700000000002,1.18354,0.75,1.5
05.08.2021 01:30:03.458,1.18358,1.18354,0.75,0.75
05.08.2021 01:30:04.303,1.18358,1.18355,0.75,0.75
05.08.2021 01:30:08.335,1.18359,1.1835600000000002,1.5,0.75
05.08.2021 01:30:15.341,1.18358,1.18355,1.5,0.75
05.08.2021 01:30:15.443,1.18358,1.18354,1.5,1.5
05.08.2021 01:30:17.419,1.1835700000000002,1.1835600000000002,0.75,0.75
05.08.2021 01:30:21.451,1.1835700000000002,1.18355,0.37,0.75
05.08.2021 01:30:21.704,1.18358,1.18355,1.5,0.75
05.08.2021 01:30:22.851,1.18358,1.18354,1.5,1.5
05.08.2021 01:30:25.883,1.1835700000000002,1.18353,0.75,1.87
05.08.2021 01:30:26.384,1.1835700000000002,1.18354,0.75,0.75
05.08.2021 01:30:28.686,1.1835700000000002,1.18353,0.75,1.87
05.08.2021 01:30:28.888,1.1835600000000002,1.18353,0.75,0.75
05.08.2021 01:30:29.336,1.1835700000000002,1.18353,0.75,1.5
05.08.2021 01:30:29.438,1.1835700000000002,1.18354,0.75,0.75
05.08.2021 01:30:31.914,1.1835700000000002,1.18353,0.75,1.87
05.08.2021 01:30:34.730,1.1835600000000002,1.18354,0.75,1.69
05.08.2021 01:30:34.833,1.1835700000000002,1.18353,1.76,1.5
05.08.2021 01:30:35.136,1.1835600000000002,1.18353,0.75,1.5
05.08.2021 01:30:35.288,1.1835700000000002,1.18353,0.94,1.5
05.08.2021 01:30:36.493,1.1835600000000002,1.18353,0.1,1.5
05.08.2021 01:30:38.430,1.18355,1.18353,1.57,0.75
05.08.2021 01:30:38.782,1.18355,1.18351,1.5,1.95
05.08.2021 01:30:50.838,1.18354,1.1835,0.82,3
05.08.2021 01:30:52.946,1.18354,1.18351,0.1,0.75
05.08.2021 01:30:54.433,1.18355,1.18351,1.76,0.75
