Gmt time,Ask,Bid,AskVolume,BidVolume
19.08.2021 00:00:00.134,1.37436,1.3743100000000001,0.75,0.75
19.08.2021 00:00:00.185,1.3743400000000001,1.37428,0.75,0.75
19.08.2021 00:00:00.287,1.3743400000000001,1.37427,0.75,0.37
19.08.2021 00:00:00.388,1.37433,1.37427,0.75,0.37
19.08.2021 00:00:00.743,1.37433,1.37426,0.75,1.12
19.08.2021 00:00:00.946,1.37436,1.37426,0.75,1.12
19.08.2021 00:00:01.097,1.3744,1.3743100000000001,1.12,1.12
19.08.2021 00:00:01.199,1.3744100000000001,1.3743200000000002,0.94,0.75
19.08.2021 00:00:01.301,1.3744200000000002,1.3743,1.69,1.87
19.08.2021 00:00:01.402,1.37443,1.3743,0.94,4.39
19.08.2021 00:00:01.504,1.3744200000000002,1.3743200000000002,0.75,0.45
19.08.2021 00:00:05.042,1.3744100000000001,1.3743200000000002,0.75,1.87
19.08.2021 00:00:07.141,1.3744100000000001,1.37433,0.75,0.75
19.08.2021 00:00:08.912,1.3744200000000002,1.37433,0.75,1.12
19.08.2021 00:00:11.955,1.37443,1.37433,0.75,0.75
19.08.2021 00:00:14.029,1.3744,1.3743100000000001,0.19,0.75
19.08.2021 00:00:14.080,1.3744200000000002,1.3743200000000002,0.75,0.75
19.08.2021 00:00:23.484,1.3744100000000001,1.3743400000000001,0.75,0.75
19.08.2021 00:00:25.217,1.3744100000000001,1.37433,0.75,1.5
19.08.2021 00:00:27.385,1.3744200000000002,1.37433,0.75,1.5
19.08.2021 00:00:32.398,1.3744100000000001,1.37433,0.75,0.75
19.08.2021 00:00:38.022,1.37438,1.3743100000000001,0.75,0.75
19.08.2021 00:00:38.123,1.37438,1.37429,0.75,1.5
19.08.2021 00:00:38.606,1.37438,1.37429,0.19,0.75
19.08.2021 00:00:38.708,1.37436,1.37427,0.75,0.75
19.08.2021 00:00:41.680,1.3743400000000001,1.37428,0.75,0.75
19.08.2021 00:00:42.169,1.37435,1.37428,0.75,0.75
19.08.2021 00:00:42.554,1.3743400000000001,1.37428,0.75,0.75
19.08.2021 00:00:43.483,1.37435,1.37428,0.75,0.75
19.08.2021 00:00:49.722,1.37433,1.37427,0.75,0.75
19.08.2021 00:00:49.920,1.37433,1.37428,0.75,0.75
19.08.2021 00:00:58.435,1.37436,1.3743100000000001,0.75,0.37
19.08.2021 00:00:58.537,1.37438,1.3743,0.75,0.75
19.08.2021 00:00:58.690,1.37436,1.3743100000000001,0.75,0.75
19.08.2021 00:01:00.139,1.37437,1.3743100000000001,0.75,1.12
19.08.2021 00:01:00.395,1.37437,1.3743200000000002,0.75,0.75
19.08.2021 00:01:00.860,1.37438,1.3743200000000002,0.75,0.75
19.08.2021 00:01:01.115,1.3744,1.3743200000000002,0.75,0.75
19.08.2021 00:01:01.879,1.37439,1.3743200000000002,0.75,0.1
19.08.2021 00:01:02.059,1.37439,1.3743100000000001,0.75,0.64
19.08.2021 00:01:06.152,1.37439,1.3743,0.75,0.64
19.08.2021 00:01:11.104,1.37438,1.3743,0.75,1.76
19.08.2021 00:01:11.155,1.37436,1.37429,0.75,3.64
19.08.2021 00:01:11.256,1.3743400000000001,1.37428,0.75,1.46
19.08.2021 00:01:12.354,1.37435,1.37428,0.75,0.75
19.08.2021 00:01:14.477,1.37436,1.37428,0.75,0.75
19.08.2021 00:01:14.580,1.3743400000000001,1.37429,0.75,0.75
19.08.2021 00:01:14.682,1.37433,1.37429,0.75,0.75
19.08.2021 00:01:17.097,1.37435,1.37428,0.75,0.75
19.08.2021 00:01:19.552,1.37433,1.3742400000000001,0.75,0.26
19.08.2021 00:01:20.183,1.37433,1.37423,0.75,0.26
19.08.2021 00:01:23.335,1.3743200000000002,1.37423,0.75,1.76
19.08.2021 00:01:24.225,1.3743200000000002,1.3742400000000001,0.75,0.1
19.08.2021 00:01:25.625,1.3743200000000002,1.37423,0.75,1.76
19.08.2021 00:01:30.079,1.3743,1.3742200000000002,0.75,1.69
19.08.2021 00:01:30.436,1.3743,1.3742100000000002,0.75,2.7
19.08.2021 00:01:31.061,1.3743100000000001,1.3742100000000002,0.75,0.45
19.08.2021 00:01:31.163,1.3743200000000002,1.3742100000000002,0.75,1.2
19.08.2021 00:01:37.771,1.3743,1.3742200000000002,0.75,0.82
19.08.2021 00:01:44.849,1.3743100000000001,1.3742200000000002,0.75,1.95
19.08.2021 00:01:49.336,1.3743200000000002,1.3742200000000002,0.75,0.1
19.08.2021 00:01:50.891,1.3743100000000001,1.3742200000000002,0.75,1.95
19.08.2021 00:01:51.421,1.3743200000000002,1.3742200000000002,0.75,0.1
19.08.2021 00:01:55.446,1.3743,1.37423,0.75,0.1
19.08.2021 00:02:00.402,1.3743100000000001,1.3742400000000001,0.75,0.1
19.08.2021 00:02:00.503,1.3743200000000002,1.37425,0.75,0.1
19.08.2021 00:02:01.754,1.37436,1.37425,0.75,1.57
19.08.2021 00:02:01.855,1.37435,1.37427,0.75,0.1
19.08.2021 00:02:10.331,1.37433,1.37425,0.75,1.57
19.08.2021 00:02:10.484,1.37433,1.37426,0.75,0.1
19.08.2021 00:02:11.033,1.3743400000000001,1.3742400000000001,0.75,1.2
19.08.2021 00:02:12.901,1.37433,1.3742400000000001,0.75,1.2
19.08.2021 00:02:13.231,1.3743200000000002,1.3742400000000001,0.75,0.1
19.08.2021 00:02:16.640,1.3743100000000001,1.3742400000000001,0.75,0.1
19.08.2021 00:02:20.175,1.3743200000000002,1.3742400000000001,1.5,1.2
19.08.2021 00:02:20.339,1.37433,1.3742400000000001,1.5,0.1
19.08.2021 00:02:37.188,1.37433,1.37425,1.5,1.5
19.08.2021 00:02:37.239,1.37439,1.3743400000000001,8.25,0.75
19.08.2021 00:02:37.341,1.3744500000000002,1.37439,0.75,0.82
19.08.2021 00:02:37.392,1.3745100000000001,1.37448,0.75,1.5
19.08.2021 00:02:37.443,1.37453,1.3744500000000002,0.75,0.75
19.08.2021 00:02:37.848,1.37454,1.37446,0.75,1.5
19.08.2021 00:02:38.320,1.37454,1.37448,1.95,0.75
19.08.2021 00:02:38.421,1.37454,1.37447,1.95,0.75
19.08.2021 00:02:38.527,1.37454,1.37446,1.95,1.5
19.08.2021 00:02:38.628,1.37454,1.3744500000000002,0.94,2.32
19.08.2021 00:02:38.730,1.37453,1.37444,1.69,0.82
19.08.2021 00:02:45.368,1.37453,1.37449,0.75,1.5
19.08.2021 00:02:45.419,1.37454,1.37443,1.5,0.82
19.08.2021 00:02:45.470,1.37454,1.37449,0.19,1.5
19.08.2021 00:02:45.572,1.37456,1.37448,1.69,1.5
19.08.2021 00:02:45.673,1.3745500000000002,1.37448,0.75,1.5
19.08.2021 00:02:45.825,1.37456,1.37448,1.76,1.5
19.08.2021 00:02:46.173,1.3745500000000002,1.37448,1.01,1.5
19.08.2021 00:02:46.275,1.3745100000000001,1.37444,0.75,0.75
19.08.2021 00:02:46.326,1.37456,1.3744500000000002,2.32,0.75
19.08.2021 00:02:46.945,1.3745500000000002,1.3744500000000002,1.95,1.5
19.08.2021 00:02:47.819,1.37454,1.3744500000000002,0.75,1.5
19.08.2021 00:02:47.922,1.3745500000000002,1.3744500000000002,1.2,1.5
19.08.2021 00:02:48.539,1.3745500000000002,1.37446,1.2,0.75
19.08.2021 00:02:50.939,1.37456,1.37444,1.12,1.57
19.08.2021 00:02:52.448,1.37456,1.37448,0.75,1.5
19.08.2021 00:02:52.549,1.37456,1.37449,0.75,1.5
19.08.2021 00:02:52.803,1.37458,1.37448,1.01,1.5
19.08.2021 00:02:53.262,1.37457,1.3745,1.01,0.37
19.08.2021 00:02:54.004,1.37456,1.3745,0.1,0.37
19.08.2021 00:02:54.219,1.37459,1.3745100000000001,0.45,0.75
19.08.2021 00:02:54.322,1.37461,1.37453,1.46,0.75
19.08.2021 00:02:54.577,1.37464,1.37458,0.45,1.5
19.08.2021 00:02:54.629,1.37469,1.3746500000000001,2.25,0.75
19.08.2021 00:02:54.732,1.37469,1.37466,0.94,0.75
19.08.2021 00:02:54.835,1.3747,1.37466,0.75,1.5
19.08.2021 00:02:54.938,1.37473,1.37466,1.65,0.75
19.08.2021 00:02:55.090,1.37473,1.37464,0.1,1.5
19.08.2021 00:02:55.295,1.37473,1.3746500000000001,0.45,1.5
19.08.2021 00:02:58.183,1.37473,1.37464,0.26,0.75
19.08.2021 00:02:58.335,1.3747200000000002,1.37463,0.1,0.75
19.08.2021 00:02:58.386,1.37467,1.37458,0.94,3.07
19.08.2021 00:02:58.488,1.37467,1.37457,0.75,0.75
19.08.2021 00:02:59.268,1.37466,1.37457,0.75,0.75
19.08.2021 00:02:59.675,1.37468,1.37458,0.75,1.12
19.08.2021 00:02:59.776,1.37468,1.37459,0.75,2.62
19.08.2021 00:02:59.878,1.37469,1.37459,0.75,0.75
19.08.2021 00:03:00.081,1.37468,1.37459,0.75,2.62
19.08.2021 00:03:00.132,1.3747,1.3746200000000002,0.82,0.75
19.08.2021 00:03:00.183,1.37469,1.37458,1.01,1.87
19.08.2021 00:03:00.739,1.37467,1.37458,0.82,1.87
19.08.2021 00:03:01.347,1.37467,1.37457,0.75,0.75
19.08.2021 00:03:02.169,1.37468,1.37457,1.01,1.5
19.08.2021 00:03:04.176,1.37467,1.37456,0.82,1.5
19.08.2021 00:03:04.883,1.37467,1.37457,0.1,0.75
19.08.2021 00:03:06.007,1.37468,1.37457,1.76,0.75
19.08.2021 00:03:06.108,1.37468,1.37456,1.76,3
19.08.2021 00:03:06.260,1.37468,1.37457,1.76,0.37
19.08.2021 00:03:07.032,1.37467,1.37457,1.76,3
19.08.2021 00:03:07.134,1.37466,1.37456,0.94,1.5
19.08.2021 00:03:07.236,1.37464,1.37456,0.94,1.5
19.08.2021 00:03:07.338,1.37463,1.3745500000000002,1.69,0.75
19.08.2021 00:03:07.439,1.37461,1.37453,0.19,1.5
19.08.2021 00:03:07.618,1.3746,1.3745200000000002,0.19,0.75
19.08.2021 00:03:07.770,1.37459,1.3745200000000002,0.19,0.75
19.08.2021 00:03:08.529,1.37458,1.3745200000000002,0.19,0.75
19.08.2021 00:03:08.580,1.37456,1.37447,0.19,1.5
19.08.2021 00:03:08.682,1.37456,1.3744500000000002,1.87,1.5
19.08.2021 00:03:08.784,1.37454,1.3744500000000002,0.19,0.75
19.08.2021 00:03:08.886,1.3745200000000002,1.3744500000000002,1.12,1.5
19.08.2021 00:03:08.988,1.3745100000000001,1.3744200000000002,0.94,0.75
19.08.2021 00:03:13.617,1.3745,1.3744200000000002,0.94,1.5
19.08.2021 00:03:33.201,1.37449,1.3744200000000002,0.37,0.75
19.08.2021 00:03:33.303,1.37446,1.37437,1.12,1.2
19.08.2021 00:03:33.405,1.3744200000000002,1.37436,0.37,7.5
19.08.2021 00:03:33.506,1.37444,1.3743200000000002,1.95,2.77
19.08.2021 00:03:33.615,1.37444,1.37433,1.95,0.75
19.08.2021 00:03:34.434,1.37443,1.37435,0.45,0.75
19.08.2021 00:03:39.883,1.37443,1.37436,0.37,0.75
19.08.2021 00:03:39.984,1.37444,1.37436,0.45,1.5
19.08.2021 00:03:57.328,1.37446,1.37439,0.37,0.75
19.08.2021 00:03:57.430,1.37453,1.37444,7.5,1.5
19.08.2021 00:03:57.632,1.37454,1.37446,0.45,0.75
19.08.2021 00:03:58.914,1.3745500000000002,1.37446,0.1,0.75
19.08.2021 00:03:59.571,1.37456,1.37446,0.82,1.57
19.08.2021 00:04:00.697,1.37458,1.37449,0.1,1.5
19.08.2021 00:04:01.471,1.3746,1.37448,1.5,1.5
19.08.2021 00:04:02.755,1.37456,1.37447,0.82,1.5
19.08.2021 00:04:03.451,1.37456,1.37448,0.1,0.75
19.08.2021 00:04:04.255,1.37458,1.37446,0.75,1.69
19.08.2021 00:04:04.356,1.37458,1.37448,1.57,0.75
19.08.2021 00:04:09.062,1.37458,1.37446,0.75,1.69
19.08.2021 00:04:12.575,1.37456,1.37447,0.75,0.94
19.08.2021 00:04:12.627,1.3745500000000002,1.3744500000000002,2.32,1.57
19.08.2021 00:04:17.367,1.3745500000000002,1.37446,1.57,0.75
19.08.2021 00:04:27.167,1.37456,1.37446,1.57,1.57
19.08.2021 00:04:27.472,1.3745500000000002,1.37446,0.82,1.5
19.08.2021 00:04:42.073,1.37457,1.3744500000000002,1.57,1.57
19.08.2021 00:04:50.875,1.3745500000000002,1.37446,0.1,1.5
19.08.2021 00:04:51.936,1.37456,1.37446,1.57,1.57
19.08.2021 00:05:00.301,1.37457,1.37446,0.82,0.75
19.08.2021 00:05:01.269,1.37456,1.37446,0.1,0.75
19.08.2021 00:05:03.927,1.37454,1.37446,0.1,1.5
19.08.2021 00:05:09.698,1.37454,1.37444,0.82,0.75
19.08.2021 00:05:25.313,1.3745500000000002,1.37444,0.82,0.75
19.08.2021 00:05:32.306,1.37454,1.37447,0.1,0.75
19.08.2021 00:05:33.739,1.37454,1.37446,0.1,1.5
19.08.2021 00:05:43.376,1.3745500000000002,1.37447,0.82,0.75
19.08.2021 00:05:47.813,1.37456,1.37449,0.75,0.75
19.08.2021 00:05:47.914,1.37458,1.37448,0.82,0.75
19.08.2021 00:05:49.792,1.37457,1.3745100000000001,0.1,0.75
19.08.2021 00:05:49.895,1.37458,1.3745100000000001,0.75,0.75
19.08.2021 00:05:49.998,1.37459,1.3745200000000002,0.1,0.75
19.08.2021 00:05:50.049,1.3746200000000002,1.3745100000000001,2.32,0.75
19.08.2021 00:05:50.101,1.3746200000000002,1.37456,0.82,0.75
19.08.2021 00:05:50.204,1.37464,1.37456,0.82,0.75
19.08.2021 00:05:50.459,1.37464,1.37458,0.75,0.75
19.08.2021 00:05:50.561,1.3746500000000001,1.37459,0.75,0.75
19.08.2021 00:05:50.664,1.37468,1.37463,1.95,0.75
19.08.2021 00:05:50.766,1.37469,1.3746,1.95,0.75
19.08.2021 00:05:50.868,1.37468,1.3746,0.1,0.75
19.08.2021 00:05:51.378,1.37466,1.37461,0.75,0.75
19.08.2021 00:05:51.429,1.37467,1.37457,0.75,0.75
19.08.2021 00:05:51.481,1.37468,1.37459,0.82,0.75
19.08.2021 00:05:51.723,1.37469,1.3746,0.82,0.75
19.08.2021 00:05:51.774,1.37471,1.37461,1.57,0.75
19.08.2021 00:05:51.877,1.3747,1.37461,0.75,0.75
19.08.2021 00:05:52.735,1.3747,1.3746200000000002,1.57,0.75
19.08.2021 00:05:54.349,1.37469,1.37461,0.37,0.75
19.08.2021 00:05:54.451,1.37471,1.37461,2.32,0.75
19.08.2021 00:05:55.023,1.37469,1.3746200000000002,0.75,0.75
19.08.2021 00:05:55.125,1.3747,1.37463,1.57,0.75
19.08.2021 00:05:56.569,1.3747200000000002,1.37468,0.19,0.37
19.08.2021 00:05:56.620,1.37477,1.37471,0.82,0.75
19.08.2021 00:05:56.721,1.37478,1.37471,0.1,0.75
19.08.2021 00:05:56.772,1.37478,1.3747600000000002,0.19,0.75
19.08.2021 00:05:56.823,1.37484,1.37478,0.82,0.75
19.08.2021 00:05:56.924,1.3748600000000002,1.37477,1.76,0.75
19.08.2021 00:05:57.333,1.3748500000000001,1.37477,0.75,0.75
19.08.2021 00:05:57.637,1.3748600000000002,1.37477,1.01,0.75
19.08.2021 00:05:59.415,1.3748500000000001,1.37477,1.01,0.75
19.08.2021 00:06:03.785,1.3748500000000001,1.3747600000000002,0.94,0.75
19.08.2021 00:06:13.838,1.3748600000000002,1.3748,0.75,0.75
19.08.2021 00:06:13.889,1.37493,1.3748500000000001,0.1,0.75
19.08.2021 00:06:13.991,1.37493,1.3748600000000002,7.5,0.75
19.08.2021 00:06:14.093,1.3749600000000002,1.3748500000000001,1.01,1.5
19.08.2021 00:06:16.973,1.3749500000000001,1.37487,1.01,0.75
19.08.2021 00:06:18.064,1.3749600000000002,1.37488,0.75,2.44
19.08.2021 00:06:18.116,1.37498,1.37491,0.75,1.5
19.08.2021 00:06:18.218,1.37499,1.3749,0.19,1.57
19.08.2021 00:06:18.320,1.375,1.3749,0.19,0.75
19.08.2021 00:06:19.177,1.37501,1.3749,0.75,0.94
19.08.2021 00:06:22.101,1.37499,1.37487,0.82,1.76
19.08.2021 00:06:22.202,1.3749700000000002,1.37488,0.82,0.75
19.08.2021 00:06:22.303,1.3749700000000002,1.37487,0.82,1.76
19.08.2021 00:06:27.211,1.37498,1.37487,0.82,0.75
19.08.2021 00:06:27.761,1.37501,1.37493,0.45,1.69
19.08.2021 00:06:27.812,1.37503,1.3749600000000002,1.12,0.75
19.08.2021 00:06:28.295,1.37501,1.3749600000000002,1.5,0.75
19.08.2021 00:06:28.396,1.3750200000000001,1.37493,1.5,1.69
19.08.2021 00:06:28.498,1.3749600000000002,1.3749,0.37,0.75
19.08.2021 00:06:28.902,1.3749600000000002,1.37488,0.37,1.5
19.08.2021 00:06:29.478,1.3749500000000001,1.37488,0.37,0.75
19.08.2021 00:06:32.480,1.37494,1.37488,0.37,0.75
19.08.2021 00:06:33.961,1.3749500000000001,1.37488,0.37,0.75
19.08.2021 00:06:39.982,1.3749700000000002,1.37487,1.2,0.75
19.08.2021 00:07:02.482,1.3749700000000002,1.37488,1.57,0.75
19.08.2021 00:07:03.627,1.3749600000000002,1.37488,0.75,0.75
19.08.2021 00:07:06.114,1.3749700000000002,1.3748600000000002,0.1,2.44
19.08.2021 00:07:07.703,1.3749700000000002,1.37488,0.75,0.75
19.08.2021 00:07:07.805,1.37501,1.37494,1.12,0.75
19.08.2021 00:07:07.856,1.3750200000000001,1.3749200000000001,0.75,0.94
19.08.2021 00:07:07.958,1.375,1.37489,1.57,0.75
19.08.2021 00:07:08.060,1.37499,1.37487,2.7,0.75
19.08.2021 00:07:08.112,1.3749700000000002,1.3748600000000002,0.75,0.75
19.08.2021 00:07:08.215,1.3749600000000002,1.3748600000000002,0.75,1.5
19.08.2021 00:07:08.479,1.37494,1.3748500000000001,0.75,0.75
19.08.2021 00:07:09.059,1.3749500000000001,1.3748600000000002,0.82,0.75
19.08.2021 00:07:09.729,1.3749500000000001,1.3748500000000001,0.82,1.5
19.08.2021 00:07:10.120,1.3749500000000001,1.3748600000000002,0.82,0.75
19.08.2021 00:07:16.618,1.3749500000000001,1.3748500000000001,0.82,1.5
19.08.2021 00:07:18.726,1.3749500000000001,1.37484,0.75,1.5
19.08.2021 00:07:20.791,1.3749500000000001,1.37483,1.57,0.94
19.08.2021 00:07:20.894,1.37493,1.37483,0.75,0.19
19.08.2021 00:07:21.068,1.37494,1.3748200000000002,0.75,1.76
19.08.2021 00:07:21.170,1.37493,1.37484,0.75,0.1
19.08.2021 00:07:21.693,1.37488,1.37481,0.94,0.45
19.08.2021 00:07:21.794,1.3749,1.37478,1.5,1.01
19.08.2021 00:07:24.441,1.3749,1.37479,1.5,0.75
19.08.2021 00:07:24.644,1.37488,1.3748,0.82,0.75
19.08.2021 00:07:24.695,1.37487,1.37478,0.82,0.75
19.08.2021 00:07:24.796,1.3748600000000002,1.37478,0.75,0.75
19.08.2021 00:07:30.449,1.37488,1.37477,1.2,0.75
19.08.2021 00:07:43.040,1.3748600000000002,1.37478,0.75,0.75
19.08.2021 00:07:43.142,1.37487,1.3747600000000002,0.75,1.69
19.08.2021 00:07:43.610,1.3748500000000001,1.3747600000000002,1.5,0.75
19.08.2021 00:07:44.084,1.37484,1.3747600000000002,1.5,1.5
19.08.2021 00:07:47.633,1.3748,1.3747500000000001,0.37,0.75
19.08.2021 00:07:47.684,1.3748,1.37469,0.82,1.5
19.08.2021 00:07:47.786,1.37481,1.3747,0.75,0.75
19.08.2021 00:07:47.888,1.37481,1.37469,0.75,1.5
19.08.2021 00:07:48.366,1.37481,1.3747,0.75,0.75
19.08.2021 00:07:48.467,1.3748,1.3747200000000002,0.75,0.75
19.08.2021 00:07:48.620,1.37481,1.3747200000000002,1.57,0.75
19.08.2021 00:07:48.721,1.37481,1.37471,1.57,0.75
19.08.2021 00:07:48.825,1.37481,1.37473,1.57,0.75
19.08.2021 00:07:48.928,1.37481,1.37474,0.75,0.75
19.08.2021 00:07:50.174,1.37483,1.37473,0.82,0.75
19.08.2021 00:08:02.662,1.3748500000000001,1.3747600000000002,1.57,0.75
19.08.2021 00:08:02.815,1.3748600000000002,1.3747600000000002,0.82,0.75
19.08.2021 00:08:12.851,1.3748600000000002,1.37477,1.57,0.75
19.08.2021 00:08:12.952,1.3748600000000002,1.37478,1.57,0.75
19.08.2021 00:08:21.822,1.3748600000000002,1.37477,0.75,0.75
19.08.2021 00:08:31.379,1.3748500000000001,1.37477,0.82,0.75
19.08.2021 00:08:37.817,1.3748500000000001,1.37478,0.82,0.75
19.08.2021 00:08:44.522,1.3748600000000002,1.37479,0.82,0.75
19.08.2021 00:08:44.624,1.3749,1.3748500000000001,0.1,0.75
19.08.2021 00:08:44.675,1.3749200000000001,1.3748600000000002,0.82,0.75
19.08.2021 00:08:44.726,1.37494,1.3748600000000002,9.07,0.75
19.08.2021 00:08:44.828,1.37493,1.3748600000000002,0.1,0.75
19.08.2021 00:08:44.930,1.37493,1.37487,0.1,0.75
19.08.2021 00:08:45.082,1.37494,1.3748600000000002,1.57,0.75
19.08.2021 00:08:45.185,1.37494,1.37487,0.82,0.75
19.08.2021 00:08:45.337,1.3749500000000001,1.37487,0.82,0.75
19.08.2021 00:08:53.468,1.3749600000000002,1.37487,1.57,0.75
19.08.2021 00:08:53.729,1.3749500000000001,1.37487,1.57,0.75
19.08.2021 00:08:58.720,1.3749500000000001,1.37488,0.82,0.75
19.08.2021 00:09:00.699,1.3749700000000002,1.37487,0.82,0.75
19.08.2021 00:09:01.709,1.3749500000000001,1.37488,0.75,0.75
19.08.2021 00:09:01.810,1.3749500000000001,1.37487,0.1,0.75
19.08.2021 00:09:01.912,1.3749500000000001,1.3748600000000002,0.1,0.75
19.08.2021 00:09:02.064,1.3749,1.3748,1.76,1.2
19.08.2021 00:09:02.115,1.3748600000000002,1.3748,0.94,0.37
19.08.2021 00:09:02.166,1.37487,1.3747600000000002,0.82,9.07
19.08.2021 00:09:02.824,1.3748500000000001,1.37477,0.37,0.75
19.08.2021 00:09:03.781,1.3748500000000001,1.3747600000000002,0.1,0.75
19.08.2021 00:09:04.142,1.37483,1.37477,0.37,0.75
19.08.2021 00:09:05.890,1.37484,1.37477,0.1,0.75
19.08.2021 00:09:05.991,1.3748600000000002,1.3747600000000002,1.76,0.75
19.08.2021 00:09:13.586,1.37484,1.37477,0.1,0.75
19.08.2021 00:09:14.092,1.3748500000000001,1.37477,0.82,0.75
19.08.2021 00:09:19.300,1.3748,1.37477,1.12,0.75
19.08.2021 00:09:19.402,1.37479,1.37471,2.32,1.2
19.08.2021 00:09:19.504,1.37479,1.3747,1.57,0.75
19.08.2021 00:09:19.605,1.3748,1.37471,0.75,1.5
19.08.2021 00:09:19.707,1.3748,1.3747200000000002,0.75,0.75
19.08.2021 00:09:19.808,1.3748,1.37473,0.75,0.75
19.08.2021 00:09:19.910,1.37481,1.37473,0.75,0.75
19.08.2021 00:09:20.518,1.3748200000000002,1.37474,0.1,0.75
19.08.2021 00:09:20.620,1.37484,1.37474,2.32,0.75
19.08.2021 00:09:21.516,1.37483,1.37474,0.82,0.75
19.08.2021 00:09:21.618,1.3748200000000002,1.37474,0.82,0.75
19.08.2021 00:09:22.005,1.37481,1.37474,0.75,0.75
19.08.2021 00:09:22.106,1.37481,1.37473,0.75,0.75
19.08.2021 00:09:25.168,1.37483,1.37473,0.75,0.75
19.08.2021 00:09:29.304,1.3748200000000002,1.37473,0.82,0.75
19.08.2021 00:09:33.454,1.3748200000000002,1.37474,0.75,0.75
19.08.2021 00:09:33.606,1.3748200000000002,1.3747500000000001,0.75,0.75
19.08.2021 00:09:34.956,1.37483,1.3747500000000001,1.5,0.75
19.08.2021 00:09:35.483,1.3748200000000002,1.3747500000000001,0.75,0.75
19.08.2021 00:09:37.203,1.37483,1.3747500000000001,1.57,0.75
19.08.2021 00:09:44.603,1.37483,1.37474,0.75,0.75
19.08.2021 00:09:44.654,1.37481,1.37474,3,0.75
19.08.2021 00:09:44.907,1.3748200000000002,1.37474,1.69,0.75
19.08.2021 00:09:45.059,1.3748,1.3747500000000001,2.02,0.75
19.08.2021 00:09:45.655,1.3748200000000002,1.37474,0.75,0.75
19.08.2021 00:09:46.210,1.37483,1.3747500000000001,1.57,0.75
19.08.2021 00:09:52.863,1.37484,1.3747500000000001,1.5,0.75
19.08.2021 00:09:52.965,1.3748500000000001,1.3747600000000002,1.57,0.75
19.08.2021 00:09:54.868,1.37484,1.3747600000000002,0.75,0.75
19.08.2021 00:10:17.569,1.3748500000000001,1.37474,0.75,1.69
19.08.2021 00:10:17.675,1.3748500000000001,1.3747500000000001,0.75,0.75
19.08.2021 00:10:27.806,1.3748600000000002,1.3747600000000002,0.75,0.75
19.08.2021 00:10:27.908,1.3748600000000002,1.37478,0.75,0.75
19.08.2021 00:10:31.597,1.3748600000000002,1.37479,1.5,0.75
19.08.2021 00:10:31.698,1.37484,1.37478,0.75,0.75
19.08.2021 00:10:31.800,1.3748500000000001,1.3747600000000002,1.5,0.75
19.08.2021 00:10:32.306,1.37484,1.3747600000000002,1.5,0.75
19.08.2021 00:10:33.508,1.3748500000000001,1.37474,1.5,1.31
19.08.2021 00:10:33.972,1.3748200000000002,1.3747500000000001,0.37,1.12
19.08.2021 00:10:35.483,1.37481,1.3747500000000001,0.37,1.12
19.08.2021 00:10:43.463,1.37483,1.3747500000000001,0.75,1.12
19.08.2021 00:10:44.115,1.3748200000000002,1.37474,0.37,1.12
19.08.2021 00:10:44.855,1.37478,1.37471,0.75,0.19
19.08.2021 00:10:44.906,1.3747600000000002,1.37469,0.75,0.75
19.08.2021 00:10:45.007,1.3747600000000002,1.37468,0.75,0.75
19.08.2021 00:11:05.597,1.3747600000000002,1.37466,0.75,0.75
19.08.2021 00:11:08.362,1.37477,1.37466,3.37,0.75
19.08.2021 00:11:12.509,1.37474,1.37463,0.82,1.5
19.08.2021 00:11:12.611,1.37474,1.3746500000000001,0.75,0.75
19.08.2021 00:11:12.866,1.37477,1.3746500000000001,4.57,0.75
19.08.2021 00:11:15.954,1.3747600000000002,1.37467,0.75,0.75
19.08.2021 00:11:16.247,1.3747600000000002,1.37466,1.5,1.5
19.08.2021 00:11:16.399,1.3747600000000002,1.37467,0.75,0.75
19.08.2021 00:11:21.282,1.37477,1.3746500000000001,0.75,1.5
19.08.2021 00:11:26.067,1.3747500000000001,1.37466,0.75,0.75
19.08.2021 00:11:31.346,1.3747500000000001,1.3746500000000001,0.75,0.75
19.08.2021 00:11:32.902,1.3747500000000001,1.37463,1.5,0.75
19.08.2021 00:11:33.004,1.3747500000000001,1.37464,1.5,0.75
19.08.2021 00:11:33.055,1.37471,1.37464,1.5,0.75
19.08.2021 00:11:33.157,1.3747200000000002,1.3746200000000002,1.5,0.19
19.08.2021 00:11:33.260,1.37471,1.3746200000000002,1.5,1.57
19.08.2021 00:11:33.362,1.3747200000000002,1.3746200000000002,3,2.7
19.08.2021 00:11:33.515,1.3747200000000002,1.37461,0.75,0.1
19.08.2021 00:11:33.617,1.37471,1.37461,1.5,1.76
19.08.2021 00:11:39.133,1.3747,1.37461,0.75,1.01
19.08.2021 00:11:39.235,1.37468,1.37459,1.12,0.75
19.08.2021 00:11:39.437,1.37468,1.37458,0.75,0.75
19.08.2021 00:11:40.667,1.3746500000000001,1.37458,0.75,0.75
19.08.2021 00:11:40.718,1.37466,1.37456,0.75,0.94
19.08.2021 00:11:40.819,1.37467,1.37457,0.75,0.75
19.08.2021 00:11:41.022,1.3746500000000001,1.37457,0.75,0.75
19.08.2021 00:11:41.124,1.37464,1.37457,0.75,0.75
19.08.2021 00:11:44.156,1.3746200000000002,1.3745500000000002,0.75,0.75
19.08.2021 00:11:44.308,1.37463,1.3745500000000002,0.75,0.75
19.08.2021 00:11:44.800,1.3746200000000002,1.3745500000000002,0.75,0.75
19.08.2021 00:11:45.008,1.37463,1.3745500000000002,0.75,0.75
19.08.2021 00:11:46.248,1.3746200000000002,1.3745500000000002,0.75,0.75
19.08.2021 00:11:46.350,1.37463,1.3745500000000002,0.75,0.75
19.08.2021 00:11:48.968,1.3746200000000002,1.3745500000000002,0.75,0.75
19.08.2021 00:11:49.069,1.37463,1.3745500000000002,0.75,0.75
19.08.2021 00:11:49.702,1.3746200000000002,1.3745500000000002,0.75,0.75
19.08.2021 00:11:49.804,1.37463,1.3745500000000002,0.75,0.75
19.08.2021 00:11:50.057,1.3746200000000002,1.3745500000000002,0.75,0.75
19.08.2021 00:11:51.317,1.37463,1.3745500000000002,0.82,0.75
19.08.2021 00:11:51.419,1.37463,1.37454,0.75,0.75
19.08.2021 00:11:51.993,1.37458,1.3745100000000001,0.75,0.75
19.08.2021 00:11:52.096,1.37458,1.3745,0.75,0.45
19.08.2021 00:11:52.198,1.3746,1.37449,0.82,0.94
19.08.2021 00:11:57.753,1.37459,1.37449,0.75,1.69
19.08.2021 00:11:57.956,1.37458,1.37449,0.75,0.94
19.08.2021 00:11:58.822,1.37458,1.37448,0.75,0.94
19.08.2021 00:12:02.010,1.37456,1.37449,0.75,0.94
19.08.2021 00:12:04.144,1.37458,1.37448,0.75,0.94
19.08.2021 00:12:05.288,1.37458,1.37449,0.75,0.94
19.08.2021 00:12:08.125,1.37457,1.37449,0.75,0.94
19.08.2021 00:12:11.871,1.3745500000000002,1.37447,1.5,0.19
19.08.2021 00:12:11.974,1.37453,1.37446,0.75,1.12
19.08.2021 00:12:12.076,1.37454,1.37444,0.75,0.26
19.08.2021 00:12:12.179,1.37453,1.37443,1.5,0.19
19.08.2021 00:12:12.282,1.37448,1.37439,1.5,0.75
19.08.2021 00:12:12.385,1.37448,1.37439,0.75,0.19
19.08.2021 00:12:12.487,1.37449,1.37439,0.75,0.19
19.08.2021 00:12:13.471,1.37448,1.37439,0.75,0.94
19.08.2021 00:12:14.339,1.37448,1.37438,0.75,1.12
19.08.2021 00:12:15.750,1.3744500000000002,1.37437,1.5,0.19
19.08.2021 00:12:15.801,1.37443,1.37435,0.75,2.77
19.08.2021 00:12:15.954,1.37443,1.3743400000000001,1.5,1.2
19.08.2021 00:12:16.055,1.37443,1.37433,0.75,0.1
19.08.2021 00:12:16.156,1.3744100000000001,1.37433,1.5,1.2
19.08.2021 00:12:16.308,1.3744100000000001,1.3743200000000002,1.5,1.2
19.08.2021 00:12:16.768,1.3744200000000002,1.37433,0.75,1.2
19.08.2021 00:12:16.869,1.37443,1.37433,0.75,0.19
19.08.2021 00:12:18.188,1.37443,1.3743400000000001,1.5,0.19
19.08.2021 00:12:19.966,1.3744200000000002,1.3743400000000001,0.75,0.19
19.08.2021 00:12:20.463,1.3744200000000002,1.37433,0.75,0.26
19.08.2021 00:12:23.903,1.37444,1.3743200000000002,1.57,0.26
19.08.2021 00:12:24.803,1.37443,1.3743200000000002,0.37,0.26
19.08.2021 00:12:25.831,1.3744200000000002,1.3743200000000002,0.37,0.26
19.08.2021 00:12:26.853,1.37444,1.3743200000000002,1.57,0.26
19.08.2021 00:12:27.812,1.3744200000000002,1.37433,0.37,0.26
19.08.2021 00:12:29.323,1.37444,1.3743200000000002,1.5,0.26
19.08.2021 00:12:29.781,1.37443,1.3743400000000001,1.5,0.19
19.08.2021 00:12:33.652,1.3744500000000002,1.37436,0.75,0.19
19.08.2021 00:12:38.427,1.3744500000000002,1.37437,1.5,0.19
19.08.2021 00:12:38.899,1.37446,1.37439,0.75,0.19
19.08.2021 00:12:39.001,1.37447,1.37439,0.75,0.19
19.08.2021 00:12:40.248,1.37447,1.3744,0.75,0.19
19.08.2021 00:12:40.712,1.37448,1.3744100000000001,0.75,0.19
19.08.2021 00:12:40.763,1.37453,1.37444,4.5,0.19
19.08.2021 00:12:40.965,1.37453,1.3744500000000002,0.75,0.19
19.08.2021 00:12:44.825,1.3745500000000002,1.37444,1.5,0.19
19.08.2021 00:12:45.763,1.3745200000000002,1.3744500000000002,0.75,0.19
19.08.2021 00:12:45.966,1.3745100000000001,1.3744,0.75,1.01
19.08.2021 00:12:46.786,1.3745,1.3744,1.5,1.12
19.08.2021 00:12:49.394,1.3745,1.37439,0.37,0.37
19.08.2021 00:12:49.547,1.37447,1.37438,0.75,0.19
19.08.2021 00:12:49.598,1.37446,1.37437,0.75,0.26
19.08.2021 00:12:50.530,1.37446,1.37435,1.5,0.26
19.08.2021 00:12:53.789,1.3744500000000002,1.37433,1.5,1.01
19.08.2021 00:12:53.892,1.37444,1.37433,0.75,0.19
19.08.2021 00:12:56.610,1.3744500000000002,1.37433,0.75,0.94
19.08.2021 00:12:58.599,1.3744500000000002,1.3743400000000001,2.25,0.94
19.08.2021 00:12:58.650,1.3744500000000002,1.37436,1.5,0.19
19.08.2021 00:12:58.752,1.3744500000000002,1.37437,1.5,0.19
19.08.2021 00:13:04.377,1.37444,1.37437,0.75,0.19
19.08.2021 00:13:04.479,1.37444,1.37436,0.75,1.01
19.08.2021 00:13:15.015,1.37443,1.37436,0.75,0.19
19.08.2021 00:13:15.472,1.37444,1.37436,1.5,0.19
19.08.2021 00:13:15.752,1.37444,1.37435,0.75,0.19
19.08.2021 00:13:16.006,1.37443,1.37435,0.75,0.26
19.08.2021 00:13:16.831,1.3744100000000001,1.37435,0.75,0.19
19.08.2021 00:13:16.932,1.37443,1.3743400000000001,0.75,0.19
19.08.2021 00:13:21.186,1.3744200000000002,1.3743400000000001,0.75,0.19
19.08.2021 00:13:21.590,1.37443,1.3743400000000001,1.5,0.26
19.08.2021 00:13:21.692,1.3744200000000002,1.3743400000000001,0.75,0.26
19.08.2021 00:13:21.793,1.37444,1.37433,1.5,0.26
19.08.2021 00:13:21.894,1.37443,1.37433,0.75,0.26
19.08.2021 00:13:21.996,1.3744100000000001,1.3743400000000001,0.75,0.19
19.08.2021 00:13:23.420,1.37443,1.37433,0.75,0.19
19.08.2021 00:13:26.509,1.37443,1.3743400000000001,1.5,0.26
19.08.2021 00:13:26.611,1.37443,1.37433,0.75,0.19
19.08.2021 00:13:26.864,1.37443,1.37435,0.75,0.1
19.08.2021 00:13:26.965,1.37444,1.37433,0.75,0.26
19.08.2021 00:13:27.704,1.37444,1.37435,1.12,0.82
19.08.2021 00:13:32.044,1.37443,1.37435,0.75,0.82
19.08.2021 00:13:36.083,1.3744200000000002,1.37435,0.75,0.82
19.08.2021 00:13:36.185,1.3744200000000002,1.3743400000000001,0.75,1.01
19.08.2021 00:13:36.388,1.3744100000000001,1.3743400000000001,0.75,0.19
19.08.2021 00:13:36.742,1.3744,1.3743400000000001,0.75,0.19
19.08.2021 00:13:38.063,1.3744,1.37433,0.75,0.26
19.08.2021 00:13:38.684,1.3744100000000001,1.37433,0.75,0.26
19.08.2021 00:13:39.129,1.3744200000000002,1.37433,0.75,0.26
19.08.2021 00:13:39.230,1.3744200000000002,1.3743400000000001,0.75,0.1
19.08.2021 00:13:39.703,1.3744200000000002,1.37433,0.75,0.26
19.08.2021 00:13:40.094,1.3744200000000002,1.3743200000000002,0.75,0.26
19.08.2021 00:13:45.176,1.3744200000000002,1.3743100000000001,2.44,0.45
19.08.2021 00:13:45.278,1.37437,1.3743,0.75,0.1
19.08.2021 00:13:47.126,1.3744,1.3743100000000001,4.5,0.1
19.08.2021 00:13:47.227,1.3744,1.3743200000000002,0.75,0.1
19.08.2021 00:13:47.329,1.3744,1.3743100000000001,0.75,0.1
19.08.2021 00:13:47.688,1.37439,1.3743200000000002,0.75,0.1
19.08.2021 00:13:47.841,1.37438,1.3743,0.75,0.1
19.08.2021 00:13:47.892,1.37436,1.37429,0.75,0.1
19.08.2021 00:13:48.225,1.37436,1.37428,0.75,0.82
19.08.2021 00:13:48.370,1.37435,1.37428,0.75,0.82
19.08.2021 00:13:49.390,1.37435,1.37427,0.75,0.1
19.08.2021 00:13:49.551,1.37437,1.37426,1.5,0.1
19.08.2021 00:13:49.905,1.37435,1.37426,0.75,0.1
19.08.2021 00:13:56.133,1.37435,1.37427,0.75,0.1
19.08.2021 00:13:57.111,1.3743400000000001,1.37427,0.75,0.1
19.08.2021 00:13:58.758,1.37435,1.37427,0.75,0.1
19.08.2021 00:13:58.859,1.3743400000000001,1.37426,0.75,1.57
19.08.2021 00:14:01.942,1.37433,1.37426,0.75,0.75
19.08.2021 00:14:06.206,1.37435,1.37425,0.75,0.75
19.08.2021 00:14:17.254,1.37436,1.37425,1.57,0.75
19.08.2021 00:14:28.931,1.3743400000000001,1.3742400000000001,2.32,1.57
19.08.2021 00:14:29.033,1.3743400000000001,1.37425,1.5,0.1
19.08.2021 00:14:29.134,1.3743400000000001,1.3742400000000001,1.57,1.76
19.08.2021 00:14:30.975,1.3743400000000001,1.37425,1.5,0.1
19.08.2021 00:14:33.163,1.3743400000000001,1.3742400000000001,1.57,1.76
19.08.2021 00:14:51.701,1.37433,1.3742400000000001,0.75,1.76
19.08.2021 00:14:51.940,1.37435,1.37423,1.5,1.57
19.08.2021 00:15:01.064,1.37433,1.3742400000000001,0.75,1.57
19.08.2021 00:15:01.811,1.3743400000000001,1.3742400000000001,0.75,0.1
19.08.2021 00:15:05.901,1.3743400000000001,1.37425,1.5,0.82
19.08.2021 00:15:06.394,1.37436,1.37425,1.5,0.1
19.08.2021 00:15:07.975,1.37437,1.37425,1.5,1.57
19.08.2021 00:15:08.026,1.37438,1.37427,1.5,0.1
19.08.2021 00:15:14.883,1.37437,1.37429,1.5,0.1
19.08.2021 00:15:16.810,1.37438,1.37429,1.5,0.1
19.08.2021 00:15:50.915,1.37438,1.37428,0.75,0.1
19.08.2021 00:15:51.497,1.37438,1.37427,0.75,0.82
19.08.2021 00:16:00.494,1.37438,1.37428,0.75,0.75
19.08.2021 00:16:04.864,1.37437,1.37428,0.75,0.75
19.08.2021 00:16:06.357,1.37435,1.37429,0.75,0.75
19.08.2021 00:16:07.688,1.3743400000000001,1.37429,0.75,0.75
19.08.2021 00:16:09.435,1.37435,1.37429,0.75,0.75
19.08.2021 00:16:11.479,1.3743400000000001,1.37429,0.75,0.75
19.08.2021 00:16:12.674,1.3743400000000001,1.37426,0.75,0.75
19.08.2021 00:16:14.466,1.37433,1.3742400000000001,0.75,0.75
19.08.2021 00:16:14.568,1.37433,1.3742200000000002,0.75,1.5
19.08.2021 00:16:15.898,1.3743,1.3742100000000002,0.82,1.5
19.08.2021 00:16:16.000,1.37428,1.37419,0.75,0.45
19.08.2021 00:16:16.102,1.37428,1.37418,0.75,0.82
19.08.2021 00:16:16.488,1.37429,1.37418,0.75,1.5
19.08.2021 00:16:16.761,1.37428,1.3742,0.75,0.75
19.08.2021 00:16:16.863,1.3743,1.3742,1.57,0.75
19.08.2021 00:16:16.964,1.37428,1.3742100000000002,0.75,0.75
19.08.2021 00:16:18.251,1.37429,1.3742100000000002,0.82,0.75
19.08.2021 00:16:22.742,1.3743,1.3742200000000002,1.5,0.75
19.08.2021 00:16:22.843,1.3743100000000001,1.3742200000000002,0.82,0.75
19.08.2021 00:16:25.515,1.37429,1.3742200000000002,0.75,0.75
19.08.2021 00:16:26.751,1.3743400000000001,1.37423,0.75,1.5
19.08.2021 00:16:26.853,1.3743400000000001,1.37426,0.75,0.75
19.08.2021 00:16:29.035,1.3743400000000001,1.37425,0.82,0.75
19.08.2021 00:16:32.400,1.37435,1.37425,0.82,1.5
19.08.2021 00:16:33.388,1.3743400000000001,1.37425,0.75,1.5
19.08.2021 00:16:34.925,1.37436,1.3742400000000001,0.82,1.5
19.08.2021 00:16:38.983,1.37435,1.37426,0.82,0.75
19.08.2021 00:16:39.188,1.37435,1.37425,0.82,1.57
19.08.2021 00:16:39.289,1.37436,1.37425,0.82,1.5
19.08.2021 00:17:13.891,1.37435,1.37425,0.82,0.75
19.08.2021 00:17:13.992,1.3743400000000001,1.3742400000000001,0.1,0.75
19.08.2021 00:17:14.094,1.37433,1.3742400000000001,0.1,0.75
19.08.2021 00:17:15.106,1.3743100000000001,1.37423,0.1,0.75
19.08.2021 00:17:15.376,1.3743200000000002,1.3742,0.82,1.5
19.08.2021 00:17:16.196,1.3743100000000001,1.3742200000000002,0.1,0.75
19.08.2021 00:17:16.298,1.3743100000000001,1.3742100000000002,0.82,1.5
19.08.2021 00:17:16.864,1.3743,1.3742100000000002,0.37,0.75
19.08.2021 00:17:16.915,1.37429,1.3741700000000001,1.2,1.57
19.08.2021 00:17:17.017,1.37429,1.37418,1.2,1.5
19.08.2021 00:17:17.371,1.37428,1.3741700000000001,0.1,1.5
19.08.2021 00:17:28.743,1.37428,1.37419,0.82,0.75
19.08.2021 00:17:28.845,1.3743,1.3742100000000002,0.82,0.75
19.08.2021 00:17:43.158,1.3743100000000001,1.3742100000000002,1.2,0.75
19.08.2021 00:17:53.074,1.37428,1.37419,0.75,1.5
19.08.2021 00:17:53.958,1.37429,1.37419,0.37,0.75
19.08.2021 00:17:54.549,1.37429,1.3742100000000002,0.1,0.75
19.08.2021 00:17:54.702,1.3743,1.3742100000000002,0.1,0.75
19.08.2021 00:18:03.411,1.3743100000000001,1.3742100000000002,0.1,0.75
19.08.2021 00:18:21.180,1.37433,1.37423,0.19,0.75
19.08.2021 00:18:21.282,1.37433,1.37425,0.1,0.75
19.08.2021 00:18:22.614,1.37435,1.3742400000000001,0.1,0.75
19.08.2021 00:18:23.359,1.37436,1.37425,0.1,0.75
19.08.2021 00:18:24.168,1.37437,1.37425,0.82,1.57
19.08.2021 00:18:25.371,1.37436,1.37427,0.1,0.75
19.08.2021 00:18:25.477,1.37437,1.37428,1.2,0.75
19.08.2021 00:18:27.185,1.37437,1.37427,0.1,0.75
19.08.2021 00:18:27.416,1.37436,1.37427,0.1,0.75
19.08.2021 00:18:34.954,1.37437,1.37428,0.45,0.75
19.08.2021 00:18:35.176,1.37438,1.37428,0.37,0.75
19.08.2021 00:18:36.186,1.37437,1.37428,0.1,1.5
19.08.2021 00:18:36.389,1.37437,1.37427,0.1,0.75
19.08.2021 00:18:37.795,1.37436,1.37427,0.1,1.5
19.08.2021 00:18:38.456,1.37437,1.37427,0.1,0.75
19.08.2021 00:18:38.561,1.37437,1.37426,0.1,1.5
19.08.2021 00:18:39.499,1.37438,1.37426,0.82,1.57
19.08.2021 00:18:43.234,1.37436,1.37427,0.1,0.75
19.08.2021 00:18:43.336,1.37435,1.37427,0.1,0.75
19.08.2021 00:18:44.580,1.37437,1.37428,0.82,0.75
19.08.2021 00:18:52.495,1.37436,1.37428,0.1,0.75
19.08.2021 00:18:52.647,1.37437,1.37426,0.1,0.75
19.08.2021 00:18:55.049,1.37438,1.37429,0.1,1.5
19.08.2021 00:18:57.048,1.37439,1.37429,0.1,0.75
19.08.2021 00:18:58.573,1.37439,1.3743,0.45,0.75
19.08.2021 00:19:02.616,1.3744100000000001,1.37429,1.2,0.75
19.08.2021 00:19:05.160,1.37438,1.37428,1.57,1.5
19.08.2021 00:19:05.364,1.37438,1.37427,0.1,0.75
19.08.2021 00:19:05.568,1.37437,1.37427,1.57,1.5
19.08.2021 00:19:06.366,1.37437,1.37426,0.75,1.5
19.08.2021 00:19:06.468,1.37436,1.37425,1.2,1.5
19.08.2021 00:19:06.569,1.37433,1.3742400000000001,0.94,1.5
19.08.2021 00:19:13.726,1.3743,1.3742200000000002,2.14,0.75
19.08.2021 00:19:13.776,1.37429,1.37419,2.32,0.75
19.08.2021 00:19:14.753,1.37429,1.3741700000000001,0.75,2.44
19.08.2021 00:19:15.260,1.37428,1.37419,1.31,0.75
19.08.2021 00:19:19.958,1.37428,1.3742100000000002,0.19,0.75
19.08.2021 00:19:20.009,1.3743100000000001,1.3742100000000002,1.76,1.5
19.08.2021 00:19:20.112,1.3743100000000001,1.3742200000000002,1.69,0.75
19.08.2021 00:19:26.407,1.3743100000000001,1.3742100000000002,0.19,0.75
19.08.2021 00:19:26.459,1.37428,1.37418,1.12,2.25
19.08.2021 00:19:26.562,1.37427,1.3741700000000001,0.56,1.5
19.08.2021 00:19:26.715,1.37428,1.3741700000000001,0.56,0.75
19.08.2021 00:19:27.418,1.37428,1.37418,1.2,1.5
19.08.2021 00:19:27.520,1.37427,1.37419,0.19,0.75
19.08.2021 00:19:27.959,1.37428,1.3741700000000001,0.19,0.75
19.08.2021 00:19:28.779,1.37428,1.37418,1.76,1.5
19.08.2021 00:19:29.234,1.37428,1.37419,1.01,0.75
19.08.2021 00:19:31.435,1.37427,1.37419,0.19,0.75
19.08.2021 00:19:35.892,1.37426,1.37418,0.19,1.5
19.08.2021 00:19:37.667,1.37425,1.37415,0.75,1.5
19.08.2021 00:19:38.173,1.37425,1.3741400000000001,1.12,1.5
19.08.2021 00:19:38.325,1.37423,1.37415,0.37,1.5
19.08.2021 00:19:42.186,1.3742400000000001,1.37415,1.12,1.5
19.08.2021 00:19:42.654,1.37426,1.3741400000000001,1.95,1.5
19.08.2021 00:19:44.829,1.37426,1.37415,1.12,0.75
19.08.2021 00:19:48.369,1.37425,1.37415,0.75,1.5
19.08.2021 00:19:48.996,1.37426,1.37416,1.95,0.75
19.08.2021 00:19:56.713,1.37426,1.37415,0.75,0.75
19.08.2021 00:19:56.966,1.3742400000000001,1.37416,0.37,0.75
19.08.2021 00:19:57.746,1.3742200000000002,1.37415,0.75,0.75
19.08.2021 00:20:01.566,1.37423,1.37415,0.75,0.75
19.08.2021 00:20:02.909,1.37425,1.3741400000000001,1.87,0.75
19.08.2021 00:20:05.812,1.3742400000000001,1.3741400000000001,0.75,0.75
19.08.2021 00:20:05.913,1.3742400000000001,1.37415,1.87,0.75
19.08.2021 00:20:10.323,1.37426,1.3741400000000001,2.62,1.5
19.08.2021 00:20:43.303,1.3742400000000001,1.37415,0.75,1.5
19.08.2021 00:20:49.945,1.37426,1.3741400000000001,1.5,1.5
19.08.2021 00:20:58.419,1.37425,1.37416,0.75,0.75
19.08.2021 00:21:04.927,1.37425,1.37415,1.5,1.5
19.08.2021 00:21:18.746,1.37426,1.37415,0.75,0.75
19.08.2021 00:21:26.216,1.37426,1.37416,0.75,0.75
19.08.2021 00:21:51.890,1.37425,1.37416,0.75,0.75
19.08.2021 00:22:01.050,1.37426,1.3741400000000001,2.25,1.5
19.08.2021 00:22:01.152,1.3742400000000001,1.37415,1.5,1.5
19.08.2021 00:22:02.354,1.37423,1.37415,0.75,1.5
19.08.2021 00:22:07.652,1.37423,1.3741400000000001,0.75,1.5
19.08.2021 00:22:09.633,1.37423,1.37413,2.62,0.75
19.08.2021 00:22:10.410,1.37419,1.37408,0.75,3.07
19.08.2021 00:22:10.511,1.3741700000000001,1.37408,0.75,0.75
19.08.2021 00:22:12.820,1.3741700000000001,1.37406,0.75,0.94
19.08.2021 00:22:12.921,1.3741100000000002,1.37405,1.69,0.75
19.08.2021 00:22:13.023,1.37408,1.374,0.75,0.75
19.08.2021 00:22:13.125,1.37408,1.37398,0.75,0.75
19.08.2021 00:22:13.644,1.3741100000000002,1.37404,0.75,0.75
19.08.2021 00:22:13.746,1.3741200000000002,1.37405,0.75,0.75
19.08.2021 00:22:15.766,1.37413,1.37405,0.75,0.75
19.08.2021 00:22:17.687,1.37413,1.37406,0.75,0.75
19.08.2021 00:22:17.796,1.3741400000000001,1.37406,0.75,0.75
19.08.2021 00:22:19.402,1.3741400000000001,1.3740700000000001,0.75,0.75
19.08.2021 00:22:32.745,1.37415,1.37405,0.75,0.75
19.08.2021 00:22:37.667,1.37415,1.37406,0.75,0.75
19.08.2021 00:22:38.738,1.37416,1.37406,0.75,0.37
19.08.2021 00:22:48.264,1.37415,1.37405,1.5,2.32
19.08.2021 00:22:51.004,1.3741400000000001,1.37405,1.5,0.1
19.08.2021 00:22:52.743,1.37413,1.3740200000000002,1.5,0.45
19.08.2021 00:22:52.996,1.37408,1.3740100000000002,1.5,0.75
19.08.2021 00:22:53.098,1.3740700000000001,1.374,1.5,0.45
19.08.2021 00:22:53.200,1.37408,1.37396,1.5,2.51
19.08.2021 00:22:53.352,1.37406,1.3739700000000001,0.75,1.01
19.08.2021 00:22:53.402,1.37406,1.37399,0.75,0.19
19.08.2021 00:22:53.453,1.37406,1.3739700000000001,0.75,1.01
19.08.2021 00:22:54.201,1.37406,1.37399,1.5,0.19
19.08.2021 00:22:54.252,1.37406,1.37396,1.5,2.25
19.08.2021 00:22:54.758,1.37406,1.3739700000000001,0.75,0.1
19.08.2021 00:22:54.860,1.3740700000000001,1.37395,0.75,1.57
19.08.2021 00:22:56.364,1.37406,1.37395,0.75,0.1
19.08.2021 00:22:58.028,1.37405,1.3739700000000001,0.75,0.1
19.08.2021 00:22:58.282,1.37406,1.37395,1.5,0.45
19.08.2021 00:23:00.259,1.3740700000000001,1.37399,1.5,0.19
19.08.2021 00:23:00.309,1.37406,1.3739700000000001,1.5,1.01
19.08.2021 00:23:00.411,1.37405,1.3739700000000001,0.75,0.19
19.08.2021 00:23:00.762,1.37405,1.37396,1.5,1.01
19.08.2021 00:23:02.407,1.37406,1.37396,1.5,0.19
19.08.2021 00:23:04.931,1.37405,1.37396,1.5,0.26
19.08.2021 00:23:21.146,1.37404,1.37395,0.75,0.75
19.08.2021 00:23:21.298,1.37403,1.37395,0.75,0.75
19.08.2021 00:23:22.963,1.37403,1.37396,0.75,0.75
19.08.2021 00:23:23.970,1.37405,1.37395,0.75,0.75
19.08.2021 00:23:28.243,1.37404,1.37395,0.75,0.94
19.08.2021 00:23:30.959,1.37404,1.37396,0.75,0.19
19.08.2021 00:23:37.672,1.37404,1.37395,2.25,1.2
19.08.2021 00:23:37.773,1.37404,1.37394,0.75,1.12
19.08.2021 00:23:37.875,1.3740200000000002,1.37395,0.75,0.19
19.08.2021 00:23:37.976,1.37404,1.37394,1.5,0.19
19.08.2021 00:23:38.446,1.37403,1.37394,1.5,1.01
19.08.2021 00:23:39.157,1.3740200000000002,1.37394,0.37,1.01
19.08.2021 00:23:40.407,1.3740200000000002,1.37393,0.75,1.01
19.08.2021 00:23:40.804,1.374,1.37393,0.75,0.75
19.08.2021 00:23:40.906,1.37398,1.37394,0.75,0.75
19.08.2021 00:23:41.212,1.37399,1.37394,1.5,0.75
19.08.2021 00:23:42.652,1.3740100000000002,1.37394,1.57,0.75
19.08.2021 00:23:44.499,1.37403,1.37393,0.75,0.75
19.08.2021 00:23:44.601,1.37399,1.37394,0.75,1.69
19.08.2021 00:23:44.702,1.374,1.37394,0.75,0.94
19.08.2021 00:23:46.208,1.3740200000000002,1.37394,0.75,1.01
19.08.2021 00:23:46.642,1.3740100000000002,1.37396,0.75,0.94
19.08.2021 00:23:49.338,1.374,1.37396,0.75,0.94
19.08.2021 00:23:52.324,1.3740200000000002,1.37395,0.75,1.01
19.08.2021 00:23:57.483,1.374,1.37396,0.75,0.94
19.08.2021 00:24:03.862,1.3740200000000002,1.37395,0.75,0.94
19.08.2021 00:24:13.434,1.37399,1.37396,0.75,1.69
19.08.2021 00:24:14.421,1.37399,1.37394,0.37,0.75
19.08.2021 00:24:14.522,1.374,1.37394,0.75,0.75
19.08.2021 00:24:14.624,1.3740100000000002,1.37394,0.75,0.75
19.08.2021 00:24:15.738,1.37399,1.37394,0.75,0.75
19.08.2021 00:24:18.718,1.37398,1.37394,0.75,0.75
19.08.2021 00:24:19.916,1.37399,1.37394,0.75,0.75
19.08.2021 00:24:20.536,1.374,1.37394,0.82,0.75
19.08.2021 00:24:20.798,1.37399,1.37394,0.75,0.75
19.08.2021 00:24:21.929,1.3740100000000002,1.37393,1.5,0.75
19.08.2021 00:24:22.233,1.37398,1.37394,0.75,0.75
19.08.2021 00:24:38.320,1.37395,1.3739000000000001,0.75,0.75
19.08.2021 00:24:38.432,1.37396,1.37388,0.75,0.75
19.08.2021 00:24:38.826,1.37395,1.37388,0.75,0.19
19.08.2021 00:24:38.979,1.37394,1.3739000000000001,0.75,0.75
19.08.2021 00:24:39.364,1.37396,1.37389,0.75,0.75
19.08.2021 00:24:40.222,1.37399,1.37394,0.75,1.69
19.08.2021 00:24:40.325,1.3740200000000002,1.37394,1.5,0.75
19.08.2021 00:24:43.043,1.3740100000000002,1.37396,0.75,0.75
19.08.2021 00:24:43.145,1.37403,1.37395,0.75,0.75
19.08.2021 00:24:43.297,1.37403,1.37396,0.75,0.75
19.08.2021 00:24:44.092,1.3740200000000002,1.37396,0.75,0.75
19.08.2021 00:24:44.708,1.3740100000000002,1.37396,0.75,0.75
19.08.2021 00:24:46.190,1.37403,1.37395,0.75,0.75
19.08.2021 00:24:52.617,1.37404,1.37395,0.75,1.69
19.08.2021 00:24:58.782,1.37403,1.37395,0.75,1.69
19.08.2021 00:24:59.459,1.37404,1.37395,0.75,1.69
19.08.2021 00:25:01.278,1.37406,1.3739700000000001,0.75,1.95
19.08.2021 00:25:01.329,1.37406,1.37399,0.75,0.19
19.08.2021 00:25:01.585,1.37405,1.37399,0.75,0.19
19.08.2021 00:25:01.687,1.37404,1.37398,0.75,0.94
19.08.2021 00:25:02.419,1.37403,1.3739700000000001,0.75,0.94
19.08.2021 00:25:04.745,1.37403,1.37398,0.75,0.19
19.08.2021 00:25:06.294,1.374,1.37396,5.32,0.19
19.08.2021 00:25:06.396,1.37398,1.37393,0.75,0.75
19.08.2021 00:25:06.548,1.37394,1.37388,0.75,0.94
19.08.2021 00:25:07.228,1.37393,1.37388,0.75,0.94
19.08.2021 00:25:07.330,1.37392,1.37388,0.75,0.94
19.08.2021 00:25:07.586,1.37393,1.37388,0.75,0.94
19.08.2021 00:25:08.258,1.37392,1.37388,0.75,0.94
19.08.2021 00:25:08.411,1.37392,1.3738700000000001,0.75,0.19
19.08.2021 00:25:09.905,1.37392,1.37388,0.75,0.19
19.08.2021 00:25:11.137,1.37394,1.3738700000000001,0.75,0.19
19.08.2021 00:25:11.836,1.37395,1.3738700000000001,0.75,0.19
19.08.2021 00:25:15.474,1.37393,1.37388,0.75,0.19
19.08.2021 00:25:17.245,1.37395,1.3738700000000001,0.75,0.19
19.08.2021 00:25:21.198,1.37394,1.3738700000000001,0.75,0.26
19.08.2021 00:25:24.781,1.37394,1.37386,0.75,1.01
19.08.2021 00:25:26.768,1.3739100000000002,1.37386,0.75,0.75
19.08.2021 00:25:26.820,1.37392,1.3738299999999999,0.75,0.75
19.08.2021 00:25:27.563,1.37385,1.37379,0.75,0.82
19.08.2021 00:25:27.665,1.37384,1.3737700000000002,0.75,0.94
19.08.2021 00:25:35.507,1.37385,1.37375,0.75,0.75
19.08.2021 00:25:36.489,1.3738299999999999,1.37376,0.75,0.75
19.08.2021 00:25:37.354,1.37385,1.37375,0.75,1.01
19.08.2021 00:25:37.507,1.37384,1.3737700000000002,0.75,0.75
19.08.2021 00:25:37.559,1.37389,1.3738100000000002,1.95,1.2
19.08.2021 00:25:37.661,1.37385,1.37379,0.75,0.75
19.08.2021 00:25:37.916,1.37385,1.37378,0.75,1.76
19.08.2021 00:25:38.631,1.37384,1.37378,0.75,0.75
19.08.2021 00:25:38.751,1.3738299999999999,1.37378,0.75,0.75
19.08.2021 00:25:38.854,1.37379,1.37373,0.75,0.19
19.08.2021 00:25:38.956,1.3737700000000002,1.37373,0.75,0.19
19.08.2021 00:25:39.057,1.37379,1.37372,0.75,0.94
19.08.2021 00:25:39.159,1.3738000000000001,1.37372,0.75,0.94
19.08.2021 00:25:39.514,1.3738000000000001,1.37375,0.75,0.19
19.08.2021 00:25:39.565,1.3738299999999999,1.37375,0.45,0.19
19.08.2021 00:25:39.616,1.37385,1.37375,0.15,0.94
19.08.2021 00:25:39.718,1.37386,1.37376,0.75,0.19
19.08.2021 00:25:40.275,1.37386,1.3737700000000002,0.75,0.19
19.08.2021 00:25:41.293,1.37386,1.37376,0.75,0.94
19.08.2021 00:25:44.725,1.37385,1.37376,0.75,0.19
19.08.2021 00:25:46.208,1.3738299999999999,1.3737700000000002,1.5,0.19
19.08.2021 00:25:46.309,1.37385,1.37376,0.75,0.19
19.08.2021 00:25:47.651,1.3738299999999999,1.3737700000000002,0.75,0.19
19.08.2021 00:25:50.122,1.37385,1.37376,0.75,0.19
19.08.2021 00:25:51.941,1.37385,1.3737700000000002,0.75,0.19
19.08.2021 00:25:52.956,1.37386,1.3737700000000002,1.5,0.19
19.08.2021 00:25:53.088,1.37386,1.37376,0.75,0.19
19.08.2021 00:25:53.407,1.37386,1.37378,1.5,0.19
19.08.2021 00:25:55.756,1.37384,1.37378,0.75,0.19
19.08.2021 00:25:56.724,1.37386,1.3737700000000002,0.75,0.19
19.08.2021 00:25:56.876,1.37384,1.37378,0.75,0.19
19.08.2021 00:25:58.600,1.37385,1.37376,0.75,0.19
19.08.2021 00:25:59.609,1.37384,1.37376,0.75,0.19
19.08.2021 00:25:59.777,1.37376,1.3737100000000002,0.75,1.5
19.08.2021 00:25:59.879,1.3737700000000002,1.37369,0.75,8.44
19.08.2021 00:26:00.031,1.37379,1.3737000000000001,2.62,0.94
19.08.2021 00:26:00.082,1.37382,1.37373,0.75,2.44
19.08.2021 00:26:00.133,1.3738299999999999,1.37374,2.1,2.44
19.08.2021 00:26:00.612,1.37384,1.37374,1.57,2.44
19.08.2021 00:26:00.887,1.37384,1.37375,1.5,0.94
19.08.2021 00:26:01.140,1.37384,1.37376,0.75,1.69
19.08.2021 00:26:02.050,1.37385,1.37376,1.5,1.69
19.08.2021 00:26:02.663,1.37386,1.37376,1.5,0.19
19.08.2021 00:26:02.978,1.37386,1.3737700000000002,1.57,0.19
19.08.2021 00:26:03.282,1.37386,1.37376,0.75,0.94
19.08.2021 00:26:03.536,1.37386,1.3737700000000002,0.82,0.19
19.08.2021 00:26:04.318,1.3738700000000001,1.37375,0.82,1.69
19.08.2021 00:26:04.832,1.37385,1.37376,0.75,1.69
19.08.2021 00:26:06.340,1.37385,1.37375,0.75,0.94
19.08.2021 00:26:06.629,1.37379,1.37372,1.12,0.19
19.08.2021 00:26:06.885,1.37379,1.3737000000000001,0.75,1.69
19.08.2021 00:26:07.241,1.37379,1.3737100000000002,1.5,0.75
19.08.2021 00:26:07.292,1.37382,1.37373,1.95,0.94
19.08.2021 00:26:07.444,1.3738299999999999,1.37373,0.82,1.69
19.08.2021 00:26:07.697,1.3738299999999999,1.37375,0.82,0.19
19.08.2021 00:26:08.167,1.37384,1.37375,0.75,0.19
19.08.2021 00:26:08.952,1.3738100000000002,1.37375,0.75,0.19
19.08.2021 00:26:09.004,1.37379,1.37374,0.37,0.94
19.08.2021 00:26:09.665,1.3738299999999999,1.37373,0.75,0.94
19.08.2021 00:26:09.776,1.3738299999999999,1.37372,0.75,2.44
19.08.2021 00:26:09.930,1.37382,1.37376,0.75,0.19
19.08.2021 00:26:10.033,1.3738299999999999,1.37376,0.75,0.19
19.08.2021 00:26:11.193,1.37385,1.37375,2.32,0.19
19.08.2021 00:26:11.295,1.37384,1.3737700000000002,0.75,0.19
19.08.2021 00:26:18.771,1.3738299999999999,1.37376,0.75,0.19
19.08.2021 00:26:19.511,1.37384,1.37376,0.75,0.19
19.08.2021 00:26:19.663,1.37382,1.37376,0.75,0.94
19.08.2021 00:26:21.618,1.3738299999999999,1.37376,0.75,0.94
19.08.2021 00:26:22.687,1.3738299999999999,1.37375,0.75,0.94
19.08.2021 00:26:24.482,1.37385,1.37376,0.75,1.76
19.08.2021 00:26:28.346,1.3738700000000001,1.37376,1.57,0.75
19.08.2021 00:26:34.819,1.37386,1.37378,0.82,0.75
19.08.2021 00:26:40.278,1.37386,1.3737700000000002,1.57,0.75
19.08.2021 00:26:40.399,1.3738700000000001,1.3737700000000002,0.82,0.75
19.08.2021 00:26:40.776,1.37386,1.3737700000000002,1.57,0.75
19.08.2021 00:26:41.431,1.37386,1.37376,1.76,0.75
19.08.2021 00:26:41.482,1.3738000000000001,1.3737100000000002,2.62,6
19.08.2021 00:26:41.583,1.37379,1.37373,1.95,0.75
19.08.2021 00:26:41.735,1.37378,1.37373,0.1,0.75
19.08.2021 00:26:41.837,1.37379,1.3737100000000002,0.1,0.75
19.08.2021 00:26:41.888,1.37382,1.37372,1.12,1.5
19.08.2021 00:26:41.989,1.3738100000000002,1.37374,1.12,0.75
19.08.2021 00:26:42.091,1.37382,1.37374,0.1,0.75
19.08.2021 00:26:43.387,1.37378,1.3737000000000001,0.94,0.94
19.08.2021 00:26:43.488,1.3738000000000001,1.3737000000000001,1.95,0.75
19.08.2021 00:26:43.591,1.37378,1.3737000000000001,0.1,0.94
19.08.2021 00:26:44.857,1.37378,1.37369,0.82,0.94
19.08.2021 00:26:48.591,1.37379,1.37369,1.57,0.19
19.08.2021 00:26:48.692,1.37378,1.37369,1.57,0.94
19.08.2021 00:26:51.981,1.37379,1.37369,0.82,0.75
19.08.2021 00:26:54.253,1.37382,1.37373,1.2,0.94
19.08.2021 00:26:54.355,1.3738100000000002,1.37375,1.2,1.69
19.08.2021 00:26:55.823,1.3738100000000002,1.37376,0.75,0.75
19.08.2021 00:26:56.928,1.37385,1.37375,0.1,0.75
19.08.2021 00:26:57.030,1.37386,1.37376,0.82,0.75
19.08.2021 00:26:59.170,1.37386,1.3737700000000002,0.82,0.75
19.08.2021 00:27:04.251,1.37386,1.37378,0.75,0.75
19.08.2021 00:27:04.383,1.37388,1.3738000000000001,0.75,1.69
19.08.2021 00:27:04.485,1.3739100000000002,1.3738100000000002,1.2,0.94
19.08.2021 00:27:04.587,1.37394,1.37385,9,0.75
19.08.2021 00:27:09.658,1.3739100000000002,1.37385,1.5,0.94
19.08.2021 00:27:09.709,1.37389,1.3738000000000001,0.37,0.75
19.08.2021 00:27:09.811,1.37388,1.37378,0.75,0.94
19.08.2021 00:27:11.527,1.37386,1.37378,1.5,0.94
19.08.2021 00:27:11.629,1.37384,1.3737700000000002,0.75,0.19
19.08.2021 00:27:11.922,1.37384,1.37376,1.12,0.75
19.08.2021 00:27:13.599,1.37384,1.37375,1.12,2.44
19.08.2021 00:27:13.873,1.3738100000000002,1.37376,0.75,2.44
19.08.2021 00:27:13.975,1.37379,1.37375,3,0.75
19.08.2021 00:27:14.026,1.3738000000000001,1.3737000000000001,1.5,0.75
19.08.2021 00:27:14.128,1.3738000000000001,1.37373,0.75,0.19
19.08.2021 00:27:14.230,1.37382,1.37372,0.75,0.19
19.08.2021 00:27:14.666,1.37382,1.37375,0.75,0.19
19.08.2021 00:27:14.969,1.37384,1.37374,1.5,0.19
19.08.2021 00:27:15.071,1.37385,1.37376,0.75,1.69
19.08.2021 00:27:15.526,1.37386,1.37376,0.75,0.19
19.08.2021 00:27:20.898,1.37382,1.37375,0.75,0.19
19.08.2021 00:27:21.152,1.37382,1.37374,0.75,0.19
19.08.2021 00:27:22.468,1.37379,1.37372,0.75,0.75
19.08.2021 00:27:22.519,1.37379,1.3737000000000001,0.75,2.14
19.08.2021 00:27:23.713,1.3738100000000002,1.37374,0.75,0.19
19.08.2021 00:27:23.815,1.3738100000000002,1.37375,0.75,0.19
19.08.2021 00:27:24.688,1.37382,1.37375,1.5,0.19
19.08.2021 00:27:29.092,1.3738299999999999,1.37375,0.75,0.19
19.08.2021 00:27:31.269,1.37382,1.37375,0.75,0.19
19.08.2021 00:27:38.929,1.3738000000000001,1.37372,0.75,0.19
19.08.2021 00:27:38.980,1.37378,1.3737100000000002,0.75,0.75
19.08.2021 00:27:39.082,1.37376,1.3737100000000002,1.5,0.75
19.08.2021 00:27:39.184,1.37378,1.3737000000000001,0.75,0.75
19.08.2021 00:27:41.835,1.37378,1.3737100000000002,1.5,0.75
19.08.2021 00:27:41.886,1.3738000000000001,1.37372,0.75,0.75
19.08.2021 00:27:41.988,1.37382,1.37375,0.45,0.75
19.08.2021 00:27:42.090,1.37384,1.3737700000000002,0.75,0.19
19.08.2021 00:27:42.141,1.37385,1.37378,0.75,0.94
19.08.2021 00:27:42.395,1.37386,1.37378,0.75,0.75
19.08.2021 00:27:52.833,1.37386,1.37379,0.75,0.75
19.08.2021 00:28:02.430,1.37386,1.37378,0.75,0.75
19.08.2021 00:28:08.846,1.37386,1.3737700000000002,0.37,0.75
19.08.2021 00:28:08.948,1.3738700000000001,1.37376,2.62,0.75
19.08.2021 00:28:09.406,1.37386,1.37379,1.87,0.75
19.08.2021 00:28:10.987,1.37386,1.37378,1.87,0.75
19.08.2021 00:28:11.401,1.3738700000000001,1.3738299999999999,1.5,0.75
19.08.2021 00:28:11.452,1.3739000000000001,1.37384,1.5,0.75
19.08.2021 00:28:11.604,1.3739000000000001,1.3738299999999999,0.75,1.5
19.08.2021 00:28:12.060,1.37388,1.3738299999999999,1.5,0.75
19.08.2021 00:28:12.111,1.37388,1.3738100000000002,1.5,0.75
19.08.2021 00:28:14.840,1.37388,1.37382,1.5,0.75
19.08.2021 00:28:15.085,1.3739100000000002,1.3738100000000002,2.25,0.75
19.08.2021 00:28:15.339,1.37389,1.37382,0.75,0.75
19.08.2021 00:28:16.105,1.37389,1.3738100000000002,0.75,0.75
19.08.2021 00:28:16.207,1.3739000000000001,1.3738100000000002,1.5,0.75
19.08.2021 00:28:17.936,1.3739000000000001,1.37382,1.5,0.19
19.08.2021 00:28:17.987,1.37393,1.37384,3.45,0.75
19.08.2021 00:28:18.038,1.37393,1.37386,1.95,0.75
19.08.2021 00:28:18.140,1.37394,1.37386,0.75,0.75
19.08.2021 00:28:18.292,1.37395,1.37386,1.5,0.94
19.08.2021 00:28:20.204,1.37396,1.3738700000000001,1.57,0.75
19.08.2021 00:28:24.088,1.37395,1.37386,1.5,1.69
19.08.2021 00:28:24.190,1.37394,1.37386,2.25,1.69
19.08.2021 00:28:24.590,1.37392,1.37385,0.37,1.5
19.08.2021 00:28:24.642,1.37389,1.37379,0.75,2.32
19.08.2021 00:28:24.749,1.37388,1.37379,0.75,3.26
19.08.2021 00:28:24.903,1.37389,1.3738000000000001,1.5,0.75
19.08.2021 00:28:30.312,1.3739100000000002,1.3738000000000001,1.57,0.75
19.08.2021 00:28:32.913,1.37388,1.3737700000000002,0.75,2.44
19.08.2021 00:28:44.996,1.3739100000000002,1.3738299999999999,0.75,0.19
19.08.2021 00:28:45.048,1.37393,1.3738299999999999,0.75,1.69
19.08.2021 00:28:45.151,1.37393,1.37385,8.25,0.94
19.08.2021 00:28:46.817,1.3739100000000002,1.37385,0.75,0.94
19.08.2021 00:28:46.918,1.37393,1.37384,1.5,0.94
19.08.2021 00:28:48.649,1.37394,1.37384,1.5,0.19
19.08.2021 00:28:52.658,1.37396,1.37385,1.5,1.5
19.08.2021 00:28:57.164,1.37396,1.37388,0.75,0.75
19.08.2021 00:28:57.266,1.37396,1.37389,0.75,0.75
19.08.2021 00:28:57.907,1.37396,1.3739000000000001,0.75,0.75
19.08.2021 00:29:02.771,1.37396,1.37389,0.75,0.75
19.08.2021 00:29:05.382,1.37395,1.37389,0.75,0.75
19.08.2021 00:29:08.190,1.37395,1.37388,0.75,0.75
19.08.2021 00:29:08.805,1.37394,1.37388,0.75,0.75
19.08.2021 00:29:10.131,1.37396,1.3738700000000001,0.75,0.75
19.08.2021 00:29:11.121,1.37396,1.37385,0.75,0.82
19.08.2021 00:29:19.101,1.37396,1.3738700000000001,0.75,0.75
19.08.2021 00:29:19.153,1.3739700000000001,1.37388,0.75,0.75
19.08.2021 00:29:20.087,1.37398,1.37386,0.75,0.75
19.08.2021 00:29:21.148,1.37392,1.3738700000000001,0.75,0.75
19.08.2021 00:29:22.240,1.37386,1.3738000000000001,0.75,0.75
19.08.2021 00:29:22.341,1.37385,1.37379,0.75,7.5
19.08.2021 00:29:22.493,1.37384,1.37378,0.75,0.75
19.08.2021 00:29:25.528,1.3738299999999999,1.3737700000000002,0.75,0.75
19.08.2021 00:29:25.630,1.37382,1.3737700000000002,0.75,0.75
19.08.2021 00:29:30.479,1.37382,1.37378,0.75,0.75
19.08.2021 00:29:34.176,1.3738700000000001,1.3738299999999999,0.75,0.75
19.08.2021 00:29:34.227,1.37382,1.37376,0.75,0.75
19.08.2021 00:29:34.329,1.3738299999999999,1.37375,0.75,0.82
19.08.2021 00:29:41.621,1.37382,1.37375,1.5,0.75
19.08.2021 00:29:41.673,1.37375,1.3737100000000002,0.75,0.37
19.08.2021 00:29:41.775,1.37374,1.3737000000000001,0.75,0.75
19.08.2021 00:29:41.877,1.3737700000000002,1.3737100000000002,0.75,1.01
19.08.2021 00:29:41.980,1.3738100000000002,1.37374,0.75,0.82
19.08.2021 00:29:42.988,1.3738100000000002,1.37375,0.75,0.75
19.08.2021 00:29:43.477,1.3738100000000002,1.37374,0.75,0.82
19.08.2021 00:29:43.579,1.3738100000000002,1.37375,0.75,0.75
19.08.2021 00:29:48.797,1.3738299999999999,1.37375,0.75,0.82
19.08.2021 00:29:48.949,1.3738299999999999,1.37376,0.75,0.75
19.08.2021 00:29:49.000,1.37385,1.37376,0.75,0.82
19.08.2021 00:29:49.253,1.3738299999999999,1.3737700000000002,0.75,0.82
19.08.2021 00:29:49.355,1.37386,1.37376,0.75,0.75
19.08.2021 00:29:49.723,1.3738299999999999,1.3737700000000002,0.75,0.75
19.08.2021 00:29:49.774,1.37385,1.3737700000000002,0.75,0.75
19.08.2021 00:29:49.875,1.3738299999999999,1.3737700000000002,0.75,0.75
19.08.2021 00:29:49.926,1.37386,1.37376,0.75,0.75
19.08.2021 00:29:50.789,1.3738299999999999,1.3737700000000002,0.75,0.75
19.08.2021 00:29:50.941,1.37385,1.37376,0.75,0.75
19.08.2021 00:29:51.042,1.37384,1.37376,0.75,0.75
19.08.2021 00:29:51.147,1.37385,1.3737700000000002,0.75,0.75
19.08.2021 00:29:51.511,1.37384,1.37376,0.75,0.75
19.08.2021 00:29:51.953,1.37385,1.3737700000000002,0.75,0.75
19.08.2021 00:29:55.183,1.3738299999999999,1.3737700000000002,0.75,0.75
19.08.2021 00:29:56.079,1.37384,1.3737700000000002,0.75,0.75
19.08.2021 00:29:56.494,1.3738299999999999,1.37376,0.75,0.75
19.08.2021 00:29:56.923,1.37384,1.37374,0.75,0.75
19.08.2021 00:30:00.359,1.3738299999999999,1.37374,0.75,0.75
19.08.2021 00:30:05.606,1.37376,1.37369,0.75,4.09
19.08.2021 00:30:05.759,1.3737700000000002,1.3737100000000002,0.75,1.01
19.08.2021 00:30:05.860,1.3737700000000002,1.37372,0.75,0.75
19.08.2021 00:30:05.962,1.37379,1.3737100000000002,1.5,0.75
19.08.2021 00:30:08.552,1.37378,1.37373,0.75,0.19
19.08.2021 00:30:08.604,1.3738000000000001,1.37373,0.75,0.19
19.08.2021 00:30:08.655,1.3738000000000001,1.37375,0.75,0.75
19.08.2021 00:30:08.756,1.3738100000000002,1.37372,0.75,1.57
19.08.2021 00:30:09.678,1.37382,1.37373,0.75,0.75
19.08.2021 00:30:13.661,1.37382,1.37374,0.75,0.75
19.08.2021 00:30:14.623,1.3738700000000001,1.3737700000000002,0.75,0.75
19.08.2021 00:30:14.674,1.37384,1.3737700000000002,0.75,0.1
19.08.2021 00:30:16.431,1.37384,1.37376,0.75,0.82
19.08.2021 00:30:16.797,1.37382,1.37374,0.75,0.1
19.08.2021 00:30:16.899,1.3738100000000002,1.37374,0.75,0.82
19.08.2021 00:30:17.002,1.3738299999999999,1.37373,0.75,0.82
19.08.2021 00:30:19.880,1.37382,1.37375,0.75,0.1
19.08.2021 00:30:20.922,1.3738299999999999,1.37373,0.75,0.82
19.08.2021 00:30:21.025,1.3738299999999999,1.37374,0.75,0.82
19.08.2021 00:30:25.243,1.37382,1.37374,0.75,0.82
19.08.2021 00:30:28.649,1.3738000000000001,1.37373,0.75,0.1
19.08.2021 00:30:28.751,1.37378,1.37372,0.75,0.75
19.08.2021 00:30:39.930,1.37378,1.3737000000000001,0.75,1.01
19.08.2021 00:30:39.981,1.37376,1.3736700000000002,0.75,1.01
19.08.2021 00:30:40.083,1.37375,1.37369,0.75,0.19
19.08.2021 00:30:40.185,1.37375,1.37368,0.75,0.82
19.08.2021 00:30:40.287,1.37375,1.37369,0.75,0.19
19.08.2021 00:30:40.591,1.37376,1.37366,0.75,1.2
19.08.2021 00:30:40.693,1.37374,1.37366,1.5,0.45
19.08.2021 00:30:40.845,1.37374,1.37368,0.75,0.37
19.08.2021 00:30:41.149,1.37374,1.3736700000000002,0.75,0.1
19.08.2021 00:30:41.659,1.37374,1.37366,1.5,0.1
19.08.2021 00:30:42.511,1.37374,1.37365,0.75,0.1
19.08.2021 00:30:45.972,1.37373,1.3736700000000002,1.5,0.1
19.08.2021 00:30:46.073,1.37374,1.37365,0.75,0.1
19.08.2021 00:30:46.226,1.37373,1.37365,0.75,0.1
19.08.2021 00:30:47.031,1.37372,1.37365,0.75,0.1
19.08.2021 00:31:10.847,1.37374,1.37364,1.5,0.1
19.08.2021 00:31:12.792,1.37373,1.37366,1.5,0.1
19.08.2021 00:31:15.488,1.37375,1.37368,0.75,1.65
19.08.2021 00:31:15.590,1.37374,1.3736700000000002,0.75,0.1
19.08.2021 00:31:15.960,1.37373,1.37366,0.75,0.1
19.08.2021 00:31:28.598,1.37373,1.37365,1.5,0.1
19.08.2021 00:31:33.275,1.37373,1.37364,0.75,0.1
19.08.2021 00:31:33.637,1.37373,1.37363,0.75,0.82
19.08.2021 00:31:48.078,1.3736700000000002,1.37364,0.75,0.75
19.08.2021 00:31:48.129,1.37364,1.37358,0.75,0.75
19.08.2021 00:31:48.231,1.37366,1.3735700000000002,0.75,0.75
19.08.2021 00:31:48.333,1.37366,1.37358,0.75,0.75
19.08.2021 00:31:48.434,1.37369,1.37364,2.25,0.75
19.08.2021 00:31:48.536,1.3737000000000001,1.37364,1.5,0.75
19.08.2021 00:31:49.984,1.37373,1.37363,0.75,0.75
19.08.2021 00:31:52.033,1.37368,1.37364,1.5,0.75
19.08.2021 00:31:52.134,1.3737000000000001,1.37363,1.5,0.75
19.08.2021 00:31:58.744,1.37368,1.37363,0.75,0.75
19.08.2021 00:31:58.846,1.37369,1.37363,4.57,0.75
19.08.2021 00:31:58.998,1.3736700000000002,1.37358,0.75,0.75
19.08.2021 00:31:59.201,1.37365,1.37358,0.75,0.75
19.08.2021 00:31:59.628,1.37366,1.37359,0.75,0.75
19.08.2021 00:32:00.172,1.37365,1.3736000000000002,0.75,0.75
19.08.2021 00:32:00.223,1.37369,1.37362,0.75,0.19
19.08.2021 00:32:00.274,1.37369,1.37364,0.75,0.75
19.08.2021 00:32:04.147,1.37368,1.37364,1.12,0.75
19.08.2021 00:32:04.653,1.37368,1.37359,1.12,0.75
19.08.2021 00:32:04.963,1.3737000000000001,1.3736000000000002,0.75,0.75
19.08.2021 00:32:09.912,1.3737100000000002,1.3736000000000002,0.75,1.5
19.08.2021 00:32:13.763,1.3737100000000002,1.37361,0.75,0.75
19.08.2021 00:32:18.340,1.37368,1.37359,0.75,0.75
19.08.2021 00:32:18.391,1.37369,1.37361,0.75,0.75
19.08.2021 00:32:18.496,1.37369,1.3736000000000002,0.75,0.75
19.08.2021 00:32:21.724,1.37369,1.37358,1.5,0.75
19.08.2021 00:32:21.826,1.3737000000000001,1.37359,0.75,0.75
19.08.2021 00:32:24.116,1.37373,1.37363,1.57,0.19
19.08.2021 00:32:24.320,1.37374,1.37363,1.5,1.01
19.08.2021 00:32:30.391,1.37374,1.37365,1.5,0.75
19.08.2021 00:32:35.286,1.37376,1.3736700000000002,1.5,0.19
19.08.2021 00:32:35.387,1.3737700000000002,1.37368,0.75,0.19
19.08.2021 00:32:37.543,1.3737700000000002,1.37366,1.5,0.82
19.08.2021 00:32:40.617,1.37376,1.37365,0.75,1.76
19.08.2021 00:32:44.957,1.37375,1.3736700000000002,0.75,0.19
19.08.2021 00:32:52.704,1.37375,1.37365,1.5,0.19
19.08.2021 00:32:52.806,1.37374,1.37365,0.75,0.19
19.08.2021 00:32:55.256,1.37375,1.37365,2.25,0.19
19.08.2021 00:33:02.935,1.37373,1.37366,0.75,0.19
19.08.2021 00:33:04.292,1.37374,1.37365,1.5,1.01
19.08.2021 00:33:13.109,1.37374,1.37366,0.75,0.75
19.08.2021 00:33:26.808,1.37376,1.37365,1.5,1.69
19.08.2021 00:33:31.970,1.37376,1.3736700000000002,0.75,0.19
19.08.2021 00:33:36.966,1.3737700000000002,1.3736700000000002,0.75,1.69
19.08.2021 00:33:37.068,1.3738299999999999,1.37375,1.95,0.75
19.08.2021 00:33:37.221,1.3738299999999999,1.37376,0.45,0.94
19.08.2021 00:33:37.324,1.37385,1.37375,0.75,0.94
19.08.2021 00:33:37.426,1.37385,1.37376,0.75,0.75
19.08.2021 00:33:41.434,1.37384,1.37376,0.75,0.94
19.08.2021 00:33:42.823,1.3738700000000001,1.37376,1.5,0.94
19.08.2021 00:33:43.206,1.37386,1.37378,0.75,0.94
19.08.2021 00:33:43.308,1.37388,1.3737700000000002,1.5,0.94
19.08.2021 00:33:45.132,1.3738700000000001,1.37376,0.75,1.69
19.08.2021 00:33:59.788,1.37385,1.3737700000000002,0.75,0.19
19.08.2021 00:34:06.067,1.37385,1.37376,0.75,0.19
19.08.2021 00:34:43.595,1.37385,1.3737700000000002,1.5,0.19
19.08.2021 00:34:45.181,1.37384,1.37376,0.75,0.19
19.08.2021 00:34:48.715,1.37386,1.37376,1.5,0.19
19.08.2021 00:34:50.603,1.37386,1.3737700000000002,0.75,0.19
19.08.2021 00:34:51.525,1.37386,1.37376,0.75,0.19
19.08.2021 00:35:08.453,1.37385,1.37378,0.75,0.19
19.08.2021 00:35:08.554,1.37386,1.37378,1.5,0.19
19.08.2021 00:35:12.686,1.37386,1.3737700000000002,1.5,0.94
19.08.2021 00:35:13.584,1.3738700000000001,1.3737700000000002,1.5,0.19
19.08.2021 00:35:16.718,1.3738700000000001,1.37376,1.5,0.94
19.08.2021 00:35:18.348,1.3738100000000002,1.37373,1.87,0.94
19.08.2021 00:35:18.450,1.3738000000000001,1.37373,0.75,0.19
19.08.2021 00:35:18.551,1.3738000000000001,1.37372,0.75,0.94
19.08.2021 00:35:20.668,1.37376,1.37365,1.5,1.69
19.08.2021 00:35:20.770,1.37375,1.37365,1.5,0.19
19.08.2021 00:35:24.541,1.37374,1.37365,0.75,0.75
19.08.2021 00:35:24.845,1.37372,1.37366,0.37,0.75
19.08.2021 00:35:25.801,1.37374,1.37365,1.87,0.75
19.08.2021 00:35:26.139,1.37369,1.37362,0.75,0.19
19.08.2021 00:35:26.241,1.3737100000000002,1.37363,0.75,1.5
19.08.2021 00:35:26.343,1.3737000000000001,1.37362,1.5,0.94
19.08.2021 00:35:27.117,1.3737100000000002,1.3736000000000002,1.5,1.87
19.08.2021 00:35:43.219,1.3737100000000002,1.37359,2.32,2.06
19.08.2021 00:35:44.330,1.37374,1.37363,1.5,0.75
19.08.2021 00:35:44.431,1.37373,1.37365,0.75,0.75
19.08.2021 00:35:44.542,1.37373,1.37366,0.75,0.75
19.08.2021 00:35:44.643,1.37375,1.37365,1.87,0.75
19.08.2021 00:35:48.603,1.37375,1.37366,1.5,0.94
19.08.2021 00:35:52.263,1.37376,1.37366,0.75,0.19
19.08.2021 00:35:56.885,1.3737700000000002,1.37368,1.5,1.01
19.08.2021 00:35:56.986,1.3737700000000002,1.37369,0.75,0.75
19.08.2021 00:36:00.164,1.37382,1.37373,1.12,1.69
19.08.2021 00:36:00.266,1.37384,1.37375,2.25,0.75
19.08.2021 00:36:02.789,1.37384,1.37376,0.75,0.94
19.08.2021 00:36:08.713,1.37385,1.37376,1.5,1.69
19.08.2021 00:36:21.175,1.37385,1.37374,0.75,1.76
19.08.2021 00:36:44.081,1.37384,1.37374,0.75,0.19
19.08.2021 00:36:44.899,1.3738299999999999,1.37374,0.75,0.19
19.08.2021 00:36:45.909,1.3737700000000002,1.3737100000000002,0.75,0.37
19.08.2021 00:36:45.960,1.37375,1.3736700000000002,0.75,2.06
19.08.2021 00:36:46.112,1.37376,1.37365,1.5,0.94
19.08.2021 00:36:48.478,1.37376,1.37366,1.5,0.19
19.08.2021 00:36:53.431,1.37376,1.37365,1.5,0.94
19.08.2021 00:36:55.798,1.37375,1.37364,0.75,0.75
19.08.2021 00:36:58.270,1.37374,1.37364,0.75,1.12
19.08.2021 00:36:59.212,1.37372,1.37365,0.75,1.12
19.08.2021 00:37:05.454,1.37372,1.37364,0.75,1.12
19.08.2021 00:37:08.937,1.37372,1.37365,0.75,0.94
19.08.2021 00:37:13.620,1.37373,1.37365,0.75,0.94
19.08.2021 00:37:13.722,1.37374,1.37365,0.75,0.19
19.08.2021 00:37:18.329,1.37375,1.37365,0.75,0.19
19.08.2021 00:37:30.759,1.37375,1.3737000000000001,0.75,0.94
19.08.2021 00:37:30.811,1.3738299999999999,1.37373,1.5,0.19
19.08.2021 00:37:30.862,1.3738299999999999,1.37376,0.75,0.19
19.08.2021 00:37:32.231,1.37385,1.37375,0.75,0.94
19.08.2021 00:37:40.552,1.37385,1.37374,1.5,1.01
19.08.2021 00:37:49.095,1.3737700000000002,1.3737000000000001,0.75,0.75
19.08.2021 00:37:49.146,1.37379,1.3737000000000001,0.75,0.75
19.08.2021 00:37:49.349,1.3738100000000002,1.37369,1.5,0.75
19.08.2021 00:37:50.045,1.3738000000000001,1.37369,0.75,0.75
19.08.2021 00:37:53.473,1.3738100000000002,1.37372,0.75,1.2
19.08.2021 00:37:53.524,1.3738299999999999,1.37374,2.32,0.1
19.08.2021 00:37:55.352,1.37385,1.37374,0.75,0.82
19.08.2021 00:38:01.788,1.3738700000000001,1.3737700000000002,1.5,0.19
19.08.2021 00:38:02.395,1.37388,1.3737700000000002,1.5,0.94
19.08.2021 00:38:11.501,1.37386,1.37378,0.75,0.19
19.08.2021 00:38:12.686,1.37386,1.3737700000000002,0.75,0.37
19.08.2021 00:38:13.143,1.37385,1.37376,1.5,0.37
19.08.2021 00:38:13.499,1.37384,1.37376,1.5,0.37
19.08.2021 00:38:15.220,1.37385,1.37374,1.5,0.19
19.08.2021 00:38:15.552,1.3738299999999999,1.37375,0.75,0.19
19.08.2021 00:38:15.820,1.3737700000000002,1.37369,1.5,1.12
19.08.2021 00:38:15.922,1.37375,1.3736700000000002,0.75,0.37
19.08.2021 00:38:21.040,1.37375,1.37366,1.5,0.19
19.08.2021 00:38:22.573,1.37374,1.37366,1.5,0.19
19.08.2021 00:38:28.569,1.37373,1.37365,0.75,0.37
19.08.2021 00:38:31.040,1.37372,1.37365,0.75,0.37
19.08.2021 00:38:32.226,1.37368,1.37363,0.75,0.19
19.08.2021 00:38:32.278,1.3737000000000001,1.3736000000000002,0.75,0.1
19.08.2021 00:38:32.379,1.37368,1.3736000000000002,0.75,0.19
19.08.2021 00:38:32.481,1.37369,1.3736000000000002,0.75,0.19
19.08.2021 00:38:33.078,1.37373,1.37363,0.75,0.45
19.08.2021 00:38:33.180,1.37373,1.37366,0.75,0.19
19.08.2021 00:38:36.024,1.37374,1.37366,0.75,0.26
19.08.2021 00:38:40.067,1.37374,1.3736700000000002,0.75,0.26
19.08.2021 00:38:42.902,1.37375,1.3736700000000002,0.75,0.19
19.08.2021 00:38:43.693,1.37375,1.37366,0.75,0.26
19.08.2021 00:38:49.659,1.37374,1.37366,0.75,0.26
19.08.2021 00:38:52.075,1.37375,1.37364,0.75,0.82
19.08.2021 00:38:55.602,1.37374,1.37366,0.75,0.75
19.08.2021 00:38:56.432,1.37374,1.3736700000000002,0.75,0.75
19.08.2021 00:38:57.816,1.37374,1.37366,0.75,0.75
19.08.2021 00:39:04.185,1.37374,1.37365,0.75,1.01
19.08.2021 00:39:05.082,1.37374,1.37364,0.75,0.82
19.08.2021 00:39:05.185,1.37373,1.37364,0.75,0.26
19.08.2021 00:39:14.887,1.37374,1.37364,0.75,0.1
19.08.2021 00:39:20.905,1.37373,1.37364,0.75,1.01
19.08.2021 00:39:22.252,1.37374,1.37364,0.75,0.1
19.08.2021 00:39:24.589,1.37373,1.37363,0.75,0.26
19.08.2021 00:39:27.103,1.37368,1.3736000000000002,0.75,0.75
19.08.2021 00:39:27.205,1.3736700000000002,1.37359,0.75,0.1
19.08.2021 00:39:30.834,1.37366,1.37359,1.5,0.19
19.08.2021 00:39:30.885,1.37365,1.3735700000000002,1.5,0.19
19.08.2021 00:39:30.986,1.37365,1.3735600000000001,1.5,0.45
19.08.2021 00:39:31.138,1.37364,1.3735600000000001,0.75,0.37
19.08.2021 00:39:31.595,1.37364,1.37355,1.5,0.26
19.08.2021 00:39:36.492,1.37363,1.37355,0.75,0.19
19.08.2021 00:39:39.467,1.37362,1.37355,0.75,0.19
19.08.2021 00:39:42.358,1.37362,1.37354,0.75,0.19
19.08.2021 00:39:46.560,1.37364,1.37353,1.5,0.19
19.08.2021 00:39:46.712,1.37364,1.37354,1.5,0.19
19.08.2021 00:39:50.227,1.37363,1.37354,0.75,0.19
19.08.2021 00:39:51.867,1.3736000000000002,1.37355,0.75,0.19
19.08.2021 00:39:53.102,1.37361,1.37355,0.75,0.19
19.08.2021 00:39:55.072,1.37363,1.37354,0.75,0.19
19.08.2021 00:39:58.211,1.37363,1.37355,0.75,0.19
19.08.2021 00:40:01.785,1.37359,1.37353,1.5,1.57
19.08.2021 00:40:01.886,1.3735700000000002,1.37349,1.5,0.37
19.08.2021 00:40:01.988,1.37354,1.37348,1.5,7.5
19.08.2021 00:40:02.039,1.37355,1.37344,1.5,0.37
19.08.2021 00:40:02.711,1.37353,1.37345,0.75,0.19
19.08.2021 00:40:03.694,1.37353,1.3734600000000001,0.75,0.19
19.08.2021 00:40:05.854,1.37354,1.3734600000000001,1.5,0.19
19.08.2021 00:40:08.062,1.37359,1.37349,1.2,2.25
19.08.2021 00:40:08.265,1.3736000000000002,1.37349,0.75,0.37
19.08.2021 00:40:13.517,1.3735700000000002,1.3735000000000002,0.75,0.19
19.08.2021 00:40:13.568,1.37358,1.3734700000000002,0.37,1.95
19.08.2021 00:40:13.670,1.3735600000000001,1.3734700000000002,1.5,0.37
19.08.2021 00:40:13.772,1.3735600000000001,1.37345,0.75,1.5
19.08.2021 00:40:13.974,1.37351,1.37344,0.37,1.2
19.08.2021 00:40:14.076,1.37351,1.37343,0.37,1.2
19.08.2021 00:40:14.127,1.37353,1.37344,0.75,0.75
19.08.2021 00:40:19.570,1.37351,1.3734000000000002,2.06,0.75
19.08.2021 00:40:19.671,1.37348,1.37339,1.5,0.75
19.08.2021 00:40:19.773,1.37349,1.37339,0.75,0.75
19.08.2021 00:40:20.631,1.37353,1.37342,2.32,0.75
19.08.2021 00:40:20.733,1.37353,1.37343,1.2,0.75
19.08.2021 00:40:21.090,1.37353,1.37345,0.75,0.75
19.08.2021 00:40:25.056,1.37354,1.37345,0.75,0.75
19.08.2021 00:40:29.783,1.37354,1.3734600000000001,0.75,0.75
19.08.2021 00:40:30.965,1.37354,1.37344,0.75,0.75
19.08.2021 00:40:31.066,1.37354,1.37345,0.75,0.75
19.08.2021 00:40:38.157,1.37354,1.37344,1.5,1.5
19.08.2021 00:40:44.139,1.37354,1.37344,0.75,0.75
19.08.2021 00:40:56.460,1.37352,1.37344,0.82,0.94
19.08.2021 00:40:56.562,1.37351,1.37344,0.75,1.69
19.08.2021 00:40:58.079,1.37353,1.37344,1.5,1.76
19.08.2021 00:40:58.130,1.37353,1.3734600000000001,0.75,0.75
19.08.2021 00:41:00.697,1.37355,1.37345,0.75,0.19
19.08.2021 00:41:04.981,1.37355,1.3734600000000001,0.82,1.69
19.08.2021 00:41:08.150,1.3736000000000002,1.37353,7.5,1.69
19.08.2021 00:41:08.252,1.3736000000000002,1.37354,7.5,0.19
19.08.2021 00:41:08.303,1.37362,1.37351,1.12,0.94
19.08.2021 00:41:09.837,1.3736000000000002,1.37351,0.37,0.94
19.08.2021 00:41:09.939,1.37361,1.37352,1.57,0.94
19.08.2021 00:41:16.503,1.37358,1.37349,1.57,0.19
19.08.2021 00:41:16.554,1.3735700000000002,1.3734700000000002,0.75,0.94
19.08.2021 00:41:16.706,1.3735700000000002,1.3734600000000001,0.82,1.69
19.08.2021 00:41:22.456,1.3735700000000002,1.37348,0.82,0.94
19.08.2021 00:41:22.557,1.37358,1.37348,0.82,0.94
19.08.2021 00:41:26.603,1.3735600000000001,1.37349,0.82,0.75
19.08.2021 00:41:26.704,1.3735600000000001,1.37348,0.82,0.94
19.08.2021 00:41:30.258,1.37361,1.37353,0.75,0.75
19.08.2021 00:41:30.359,1.37362,1.37354,7.5,1.5
19.08.2021 00:41:30.511,1.37363,1.37354,1.5,1.5
19.08.2021 00:41:55.521,1.37364,1.37354,1.5,0.75
19.08.2021 00:42:13.617,1.37361,1.37355,3,0.75
19.08.2021 00:42:13.719,1.37361,1.37354,0.75,0.75
19.08.2021 00:42:15.367,1.37359,1.37355,1.5,0.75
19.08.2021 00:42:16.640,1.3736000000000002,1.37355,2.32,0.75
19.08.2021 00:42:18.711,1.3736000000000002,1.37351,0.82,0.94
19.08.2021 00:42:21.109,1.3736000000000002,1.3735000000000002,1.2,1.76
19.08.2021 00:42:21.161,1.37358,1.3735000000000002,1.12,0.82
19.08.2021 00:42:21.212,1.37358,1.3734700000000002,0.82,0.94
19.08.2021 00:42:21.313,1.3735700000000002,1.3734600000000001,0.75,1.69
19.08.2021 00:42:21.617,1.3735600000000001,1.37348,0.75,0.19
19.08.2021 00:42:37.185,1.37355,1.3734600000000001,0.82,3
19.08.2021 00:42:40.144,1.37354,1.3734600000000001,0.75,2.25
19.08.2021 00:43:07.363,1.3735600000000001,1.37345,0.82,2.25
19.08.2021 00:43:29.078,1.37355,1.37345,1.5,1.5
19.08.2021 00:43:29.130,1.3735000000000002,1.37342,1.5,4.69
19.08.2021 00:43:29.231,1.37352,1.37341,0.75,1.69
19.08.2021 00:43:38.172,1.37355,1.37345,1.5,0.75
19.08.2021 00:43:38.274,1.3735600000000001,1.37345,0.52,0.75
19.08.2021 00:43:38.426,1.3735600000000001,1.3734700000000002,1.57,0.75
19.08.2021 00:43:42.381,1.37353,1.3734700000000002,0.75,0.19
19.08.2021 00:43:42.432,1.37349,1.37342,1.5,0.37
19.08.2021 00:43:42.533,1.37351,1.37344,1.87,0.75
19.08.2021 00:43:42.635,1.37354,1.37343,0.75,1.69
19.08.2021 00:43:52.437,1.37354,1.37345,1.95,0.75
19.08.2021 00:43:53.510,1.37355,1.3734600000000001,2.7,0.75
19.08.2021 00:44:01.226,1.3735600000000001,1.3734600000000001,2.32,2.44
19.08.2021 00:44:02.911,1.3735600000000001,1.3734700000000002,2.32,0.75
19.08.2021 00:44:02.962,1.3735600000000001,1.37349,2.32,0.75
19.08.2021 00:44:03.281,1.3735700000000002,1.37349,2.32,0.75
19.08.2021 00:44:04.271,1.3735600000000001,1.37349,2.32,0.75
19.08.2021 00:44:12.051,1.3735600000000001,1.37348,1.5,0.75
19.08.2021 00:44:17.833,1.3735700000000002,1.37348,0.82,0.75
19.08.2021 00:44:17.935,1.37361,1.37354,0.82,0.75
19.08.2021 00:44:18.036,1.37364,1.3735700000000002,8.7,0.75
19.08.2021 00:44:18.619,1.37366,1.3735600000000001,0.75,0.75
19.08.2021 00:44:26.681,1.3736700000000002,1.3735700000000002,0.82,0.75
19.08.2021 00:44:26.782,1.3737000000000001,1.37362,1.2,0.75
19.08.2021 00:44:26.935,1.3737000000000001,1.37361,0.82,0.75
19.08.2021 00:44:27.087,1.37369,1.37361,0.1,0.75
19.08.2021 00:44:42.310,1.3737000000000001,1.37361,0.75,0.75
19.08.2021 00:44:42.884,1.37369,1.37361,0.1,0.75
19.08.2021 00:44:44.390,1.3737000000000001,1.37361,0.82,0.75
19.08.2021 00:44:46.270,1.37369,1.3736000000000002,0.82,0.75
19.08.2021 00:44:46.372,1.37368,1.3736000000000002,0.1,0.75
19.08.2021 00:44:50.093,1.37369,1.3736000000000002,0.82,0.75
19.08.2021 00:45:00.672,1.3736700000000002,1.37358,0.82,0.94
19.08.2021 00:45:00.774,1.3736700000000002,1.3735700000000002,0.1,0.75
19.08.2021 00:45:02.073,1.37366,1.3735600000000001,0.1,1.5
19.08.2021 00:45:02.796,1.37366,1.37355,1.2,1.5
19.08.2021 00:45:15.157,1.37361,1.37351,1.5,3.9
19.08.2021 00:45:15.208,1.37362,1.37352,0.75,0.75
19.08.2021 00:45:15.310,1.37362,1.37353,1.57,1.5
19.08.2021 00:45:15.563,1.37365,1.37354,1.57,0.75
19.08.2021 00:45:15.979,1.37365,1.37355,2.32,0.75
19.08.2021 00:45:21.398,1.37363,1.37355,0.75,0.75
19.08.2021 00:45:23.419,1.37363,1.37354,0.75,0.82
19.08.2021 00:45:23.966,1.37365,1.37353,1.5,1.57
19.08.2021 00:45:24.068,1.37365,1.3735700000000002,1.12,0.75
19.08.2021 00:45:24.119,1.37364,1.37355,0.75,1.01
19.08.2021 00:45:26.086,1.37363,1.37352,0.75,0.75
19.08.2021 00:45:26.187,1.37362,1.37354,0.75,0.75
19.08.2021 00:45:27.984,1.37361,1.37354,0.75,0.75
19.08.2021 00:45:28.086,1.3735600000000001,1.37349,0.75,6.45
19.08.2021 00:45:28.137,1.3735600000000001,1.3734600000000001,0.75,1.5
19.08.2021 00:45:29.643,1.3735600000000001,1.37345,0.75,0.82
19.08.2021 00:45:30.025,1.3736000000000002,1.3735000000000002,0.75,0.75
19.08.2021 00:45:31.437,1.37359,1.37349,0.75,0.75
19.08.2021 00:45:43.524,1.37359,1.3735000000000002,0.75,0.75
19.08.2021 00:45:51.665,1.37361,1.37351,0.75,0.37
19.08.2021 00:45:51.716,1.37364,1.37353,0.75,0.75
19.08.2021 00:45:51.819,1.37364,1.37354,0.75,0.75
19.08.2021 00:45:52.240,1.37364,1.37359,0.75,0.19
19.08.2021 00:45:52.291,1.3737000000000001,1.37364,1.5,0.75
19.08.2021 00:45:52.342,1.37373,1.37364,7.5,0.75
19.08.2021 00:45:52.494,1.37373,1.37365,0.75,0.75
19.08.2021 00:45:53.192,1.37368,1.37363,0.75,0.1
19.08.2021 00:45:53.293,1.37365,1.3736000000000002,0.75,0.75
19.08.2021 00:45:53.395,1.37364,1.3736000000000002,0.75,0.75
19.08.2021 00:45:53.446,1.37364,1.3735600000000001,0.75,0.75
19.08.2021 00:45:54.220,1.37365,1.3735600000000001,0.75,0.75
19.08.2021 00:45:54.434,1.37364,1.3735600000000001,0.75,1.5
19.08.2021 00:45:55.900,1.37358,1.37351,0.75,4.2
19.08.2021 00:45:56.002,1.37359,1.3734700000000002,1.5,0.82
19.08.2021 00:45:56.053,1.3736000000000002,1.37352,0.37,1.5
19.08.2021 00:45:56.104,1.37363,1.37352,0.75,2.7
19.08.2021 00:45:56.155,1.37364,1.37354,0.75,0.75
19.08.2021 00:46:05.527,1.37358,1.37351,0.19,3
19.08.2021 00:46:05.629,1.37359,1.3735000000000002,0.19,2.77
19.08.2021 00:46:09.734,1.3736000000000002,1.37351,0.19,0.75
19.08.2021 00:46:10.861,1.37361,1.37352,0.94,0.75
19.08.2021 00:46:16.505,1.37362,1.37354,0.75,0.75
19.08.2021 00:46:16.606,1.37362,1.37355,0.75,0.75
19.08.2021 00:46:17.557,1.37363,1.37355,0.94,0.75
19.08.2021 00:46:22.225,1.37364,1.37359,0.75,0.75
19.08.2021 00:46:22.276,1.37369,1.37361,0.75,0.82
19.08.2021 00:46:22.327,1.37366,1.3736000000000002,0.75,0.75
19.08.2021 00:46:22.378,1.37365,1.37358,0.75,0.82
19.08.2021 00:46:22.479,1.37365,1.3735700000000002,0.75,0.75
19.08.2021 00:46:25.126,1.37364,1.3735600000000001,0.75,0.75
19.08.2021 00:46:27.089,1.37363,1.3735600000000001,0.75,0.75
19.08.2021 00:46:28.184,1.37364,1.37353,0.75,0.75
19.08.2021 00:46:28.285,1.37362,1.37354,0.82,0.75
19.08.2021 00:46:28.387,1.37361,1.37354,0.75,0.75
19.08.2021 00:46:28.438,1.3735700000000002,1.37353,0.75,0.75
19.08.2021 00:46:28.540,1.37359,1.37352,0.75,0.75
19.08.2021 00:46:28.591,1.37358,1.3735000000000002,0.75,0.75
19.08.2021 00:46:28.844,1.37358,1.37348,0.75,0.75
19.08.2021 00:46:29.410,1.37359,1.37349,1.76,0.75
19.08.2021 00:46:29.945,1.37358,1.37348,0.75,0.75
19.08.2021 00:46:31.745,1.37358,1.37349,0.75,0.75
19.08.2021 00:46:32.586,1.37358,1.37348,0.75,0.75
19.08.2021 00:46:33.165,1.3735700000000002,1.37348,0.75,0.75
19.08.2021 00:46:34.536,1.3735600000000001,1.37348,0.75,0.75
19.08.2021 00:46:35.856,1.3735700000000002,1.37348,1.12,0.75
19.08.2021 00:46:39.458,1.37354,1.3734600000000001,0.75,0.75
19.08.2021 00:46:39.560,1.37353,1.3734600000000001,0.75,0.75
19.08.2021 00:46:40.236,1.37354,1.37344,1.12,0.75
19.08.2021 00:46:43.009,1.37353,1.3734600000000001,0.75,0.75
19.08.2021 00:46:47.082,1.3735600000000001,1.37345,1.95,0.75
19.08.2021 00:46:47.286,1.37352,1.37344,1.12,0.75
19.08.2021 00:46:47.540,1.37353,1.37345,1.76,0.75
19.08.2021 00:46:51.194,1.37354,1.37345,0.75,0.82
19.08.2021 00:46:51.296,1.37355,1.37345,0.75,0.75
19.08.2021 00:46:54.391,1.3735600000000001,1.3734700000000002,0.94,0.82
19.08.2021 00:47:03.435,1.3735700000000002,1.3734700000000002,1.87,0.82
19.08.2021 00:47:15.280,1.3735700000000002,1.3734600000000001,0.75,0.1
19.08.2021 00:47:19.976,1.37358,1.3734600000000001,1.87,0.82
19.08.2021 00:47:22.124,1.3735700000000002,1.3734600000000001,0.75,0.82
19.08.2021 00:47:35.830,1.3735600000000001,1.37348,0.75,0.75
19.08.2021 00:47:36.549,1.37355,1.37348,0.75,0.75
19.08.2021 00:47:51.664,1.37353,1.37348,0.75,0.75
19.08.2021 00:47:51.867,1.37352,1.37348,0.75,0.75
19.08.2021 00:47:51.919,1.37351,1.37344,0.75,0.75
19.08.2021 00:47:52.021,1.37352,1.3734700000000002,0.75,0.75
19.08.2021 00:47:52.072,1.37352,1.37345,0.75,0.75
19.08.2021 00:47:52.173,1.37352,1.37344,0.75,0.75
19.08.2021 00:47:55.641,1.37349,1.37341,0.56,7.87
19.08.2021 00:47:55.744,1.3735000000000002,1.37342,0.94,1.5
19.08.2021 00:47:55.847,1.37349,1.37339,1.12,0.75
19.08.2021 00:47:56.103,1.37349,1.3734000000000002,0.94,0.75
19.08.2021 00:47:56.898,1.3735000000000002,1.3734000000000002,1.12,0.75
19.08.2021 00:47:57.906,1.37352,1.37343,0.75,0.82
19.08.2021 00:47:58.009,1.37351,1.37343,0.75,0.75
19.08.2021 00:47:58.111,1.37352,1.37343,0.94,0.75
19.08.2021 00:47:59.220,1.37353,1.37343,0.75,0.75
19.08.2021 00:47:59.422,1.37353,1.37344,1.69,0.75
19.08.2021 00:47:59.776,1.37353,1.37345,0.94,0.75
19.08.2021 00:48:00.495,1.37354,1.37345,0.19,1.5
19.08.2021 00:48:00.648,1.37355,1.3734700000000002,0.37,0.75
19.08.2021 00:48:02.925,1.37355,1.3734600000000001,0.94,0.75
19.08.2021 00:48:03.491,1.37359,1.3735000000000002,2.32,0.75
19.08.2021 00:48:03.643,1.3736000000000002,1.37351,1.12,0.75
19.08.2021 00:48:11.579,1.37363,1.37353,0.19,1.5
19.08.2021 00:48:11.681,1.37364,1.37354,0.45,1.5
19.08.2021 00:48:11.782,1.37365,1.37354,0.75,1.5
19.08.2021 00:48:11.883,1.37365,1.37355,1.87,1.5
19.08.2021 00:48:12.162,1.37365,1.37354,0.75,1.5
19.08.2021 00:48:12.365,1.37366,1.37354,1.87,1.5
19.08.2021 00:48:16.362,1.37364,1.37355,0.75,1.5
19.08.2021 00:48:16.413,1.37364,1.37352,0.75,0.75
19.08.2021 00:48:17.732,1.37363,1.37351,0.75,0.75
19.08.2021 00:48:17.885,1.37362,1.3735000000000002,0.75,1.5
19.08.2021 00:48:36.574,1.37362,1.3735700000000002,0.75,1.5
19.08.2021 00:48:36.625,1.3737000000000001,1.37366,0.75,0.19
19.08.2021 00:48:36.676,1.3737000000000001,1.37363,0.75,1.5
19.08.2021 00:48:36.727,1.3737000000000001,1.37365,1.5,0.75
19.08.2021 00:48:36.829,1.3736700000000002,1.37362,0.19,0.75
19.08.2021 00:48:37.456,1.37368,1.3735700000000002,0.19,0.75
19.08.2021 00:48:40.720,1.3737000000000001,1.37359,0.19,2.62
19.08.2021 00:48:41.226,1.37368,1.37359,0.94,0.75
19.08.2021 00:48:47.120,1.37369,1.3735700000000002,0.94,1.5
19.08.2021 00:48:47.222,1.37368,1.3735700000000002,0.19,1.5
19.08.2021 00:48:52.530,1.37368,1.37361,0.19,0.75
19.08.2021 00:48:52.581,1.3737100000000002,1.37363,1.76,0.75
19.08.2021 00:48:52.733,1.37373,1.37362,1.12,0.82
19.08.2021 00:48:53.188,1.37372,1.37365,0.94,0.75
19.08.2021 00:48:53.290,1.37374,1.37365,0.94,0.75
19.08.2021 00:49:00.242,1.37373,1.37365,0.19,0.75
19.08.2021 00:49:01.261,1.37374,1.37363,0.19,0.82
19.08.2021 00:49:05.533,1.37372,1.37364,0.37,0.1
19.08.2021 00:49:06.082,1.37373,1.37364,0.19,0.1
19.08.2021 00:49:17.078,1.37373,1.37368,0.19,0.75
19.08.2021 00:49:17.555,1.37373,1.37364,0.19,0.82
19.08.2021 00:49:18.616,1.37374,1.37364,0.94,0.82
19.08.2021 00:49:18.990,1.37374,1.37366,0.94,0.75
19.08.2021 00:49:30.623,1.37374,1.37365,1.5,0.75
19.08.2021 00:49:30.725,1.37373,1.37365,0.37,0.75
19.08.2021 00:49:30.826,1.37373,1.37363,1.31,0.75
19.08.2021 00:49:30.927,1.37373,1.37362,1.31,1.5
19.08.2021 00:49:31.502,1.37373,1.37363,0.94,0.75
19.08.2021 00:49:39.647,1.37374,1.37363,3.37,0.75
19.08.2021 00:49:40.009,1.37374,1.37365,1.12,0.75
19.08.2021 00:49:40.110,1.37376,1.37364,1.87,0.75
19.08.2021 00:49:42.209,1.37376,1.37365,1.5,0.94
19.08.2021 00:49:42.605,1.37376,1.37366,3,1.76
19.08.2021 00:49:42.706,1.37376,1.3736700000000002,0.75,1.69
19.08.2021 00:49:46.694,1.37378,1.37366,1.87,1.69
19.08.2021 00:49:51.165,1.37378,1.3737000000000001,1.87,0.75
19.08.2021 00:49:51.266,1.37379,1.37368,2.25,1.69
19.08.2021 00:49:52.127,1.37379,1.37369,0.75,0.75
19.08.2021 00:49:54.990,1.37378,1.37369,1.5,1.69
19.08.2021 00:49:55.091,1.3737700000000002,1.37369,1.57,0.94
19.08.2021 00:49:55.194,1.3737700000000002,1.3736700000000002,0.1,1.69
19.08.2021 00:49:56.158,1.37378,1.3736700000000002,0.82,1.87
19.08.2021 00:49:56.261,1.37379,1.37368,0.75,0.94
19.08.2021 00:49:58.679,1.37379,1.37369,3.37,2.44
19.08.2021 00:50:04.967,1.37379,1.3737000000000001,2.25,0.75
19.08.2021 00:50:05.271,1.37379,1.37373,2.25,0.75
19.08.2021 00:50:05.322,1.3738100000000002,1.37374,1.5,1.5
19.08.2021 00:50:05.423,1.37382,1.37375,1.5,0.19
19.08.2021 00:50:05.525,1.3738100000000002,1.37374,0.75,1.69
19.08.2021 00:50:05.576,1.37385,1.37373,2.32,1.76
19.08.2021 00:50:05.628,1.3738299999999999,1.37374,1.5,1.5
19.08.2021 00:50:05.730,1.3738299999999999,1.37373,1.5,1.69
19.08.2021 00:50:05.831,1.3738100000000002,1.37375,1.5,0.75
19.08.2021 00:50:05.932,1.37382,1.37375,1.5,0.75
19.08.2021 00:50:06.034,1.3738299999999999,1.37373,1.5,1.69
19.08.2021 00:50:06.135,1.3738100000000002,1.37375,1.5,0.75
19.08.2021 00:50:06.238,1.3738299999999999,1.37374,1.5,0.75
19.08.2021 00:50:06.377,1.3738100000000002,1.37375,1.5,0.75
19.08.2021 00:50:06.597,1.3738100000000002,1.37374,1.5,0.94
19.08.2021 00:50:09.389,1.37382,1.37374,1.5,0.19
19.08.2021 00:50:09.491,1.3738100000000002,1.37374,1.5,0.94
19.08.2021 00:50:09.694,1.37382,1.37374,2.25,0.94
19.08.2021 00:50:09.796,1.3738100000000002,1.37374,1.5,0.94
19.08.2021 00:50:09.897,1.37382,1.37374,2.25,0.94
19.08.2021 00:50:10.158,1.37382,1.37375,1.5,0.75
19.08.2021 00:50:12.595,1.37384,1.37375,0.75,0.19
19.08.2021 00:50:19.611,1.3738299999999999,1.37375,1.5,0.19
19.08.2021 00:50:19.713,1.37382,1.37375,0.75,0.19
19.08.2021 00:50:21.206,1.37382,1.37374,1.5,0.19
19.08.2021 00:50:21.257,1.3738100000000002,1.37372,1.5,1.39
19.08.2021 00:50:21.409,1.37379,1.3737100000000002,0.75,0.19
19.08.2021 00:50:21.511,1.3738000000000001,1.37373,0.75,0.82
19.08.2021 00:50:21.561,1.37382,1.37373,1.5,1.95
19.08.2021 00:50:21.714,1.37384,1.37373,0.82,0.75
19.08.2021 00:50:21.764,1.37382,1.37372,0.75,1.2
19.08.2021 00:50:21.866,1.37384,1.37374,0.75,0.94
19.08.2021 00:50:23.569,1.37384,1.37375,1.5,0.19
19.08.2021 00:50:23.670,1.3738299999999999,1.37375,0.75,0.19
19.08.2021 00:50:23.772,1.3738299999999999,1.37374,1.5,0.19
19.08.2021 00:50:26.269,1.37384,1.37374,0.75,0.19
19.08.2021 00:50:26.652,1.3738299999999999,1.37373,1.5,0.19
19.08.2021 00:50:26.754,1.37382,1.37373,0.75,1.87
19.08.2021 00:50:26.856,1.3738299999999999,1.37373,0.75,1.12
19.08.2021 00:50:26.957,1.3738100000000002,1.37374,0.75,1.12
19.08.2021 00:50:27.059,1.37382,1.37373,0.75,1.95
19.08.2021 00:50:27.160,1.37382,1.37372,0.75,1.2
19.08.2021 00:50:27.262,1.3738299999999999,1.37372,1.5,1.2
19.08.2021 00:50:27.755,1.3738100000000002,1.37373,0.75,1.2
19.08.2021 00:50:29.104,1.3738299999999999,1.37372,1.5,1.2
19.08.2021 00:50:29.409,1.37382,1.37372,0.75,1.12
19.08.2021 00:50:29.510,1.3738299999999999,1.37372,1.57,1.12
19.08.2021 00:50:30.321,1.37382,1.37372,0.75,1.12
19.08.2021 00:50:30.422,1.3738299999999999,1.37372,0.75,1.95
19.08.2021 00:50:31.458,1.37384,1.37374,1.57,1.95
19.08.2021 00:50:31.662,1.37384,1.37373,0.75,1.95
19.08.2021 00:50:38.111,1.37384,1.37375,1.5,0.1
19.08.2021 00:50:39.260,1.37384,1.37374,1.57,1.95
19.08.2021 00:50:40.094,1.3738100000000002,1.37374,1.5,0.82
19.08.2021 00:50:40.195,1.3738000000000001,1.3737000000000001,1.57,2.4
19.08.2021 00:50:40.246,1.37378,1.3737000000000001,0.75,1.2
19.08.2021 00:50:40.348,1.37378,1.37369,0.75,1.76
19.08.2021 00:50:51.105,1.37378,1.37368,0.75,0.94
19.08.2021 00:50:51.260,1.37379,1.37369,0.75,0.19
19.08.2021 00:50:53.123,1.3737700000000002,1.37369,0.75,0.19
19.08.2021 00:50:53.225,1.3737700000000002,1.37368,2.25,0.75
19.08.2021 00:50:58.048,1.37378,1.37369,1.57,0.94
19.08.2021 00:50:58.149,1.37379,1.37369,1.57,0.19
19.08.2021 00:51:14.280,1.3738000000000001,1.3737000000000001,2.25,0.94
19.08.2021 00:51:14.943,1.3738000000000001,1.37372,2.25,0.19
19.08.2021 00:51:15.044,1.3738100000000002,1.37373,3.82,0.19
19.08.2021 00:51:24.790,1.37382,1.37373,2.32,0.94
19.08.2021 00:51:26.405,1.3738299999999999,1.37373,0.75,0.19
19.08.2021 00:51:27.307,1.37379,1.37368,1.5,2.51
19.08.2021 00:51:27.408,1.3737700000000002,1.37369,0.75,0.75
19.08.2021 00:51:37.716,1.3737700000000002,1.37368,0.75,0.75
19.08.2021 00:51:52.148,1.37372,1.37366,0.75,0.75
19.08.2021 00:51:52.250,1.3737100000000002,1.37366,1.5,0.19
19.08.2021 00:51:52.596,1.3737100000000002,1.37365,1.5,0.19
19.08.2021 00:51:57.437,1.3737100000000002,1.37364,1.5,0.19
19.08.2021 00:51:57.885,1.3737100000000002,1.37365,1.5,0.19
19.08.2021 00:51:58.415,1.37372,1.37365,0.75,0.19
19.08.2021 00:52:01.094,1.3737100000000002,1.37364,1.5,0.19
19.08.2021 00:52:01.917,1.3737100000000002,1.37366,1.5,0.19
19.08.2021 00:52:02.485,1.3737100000000002,1.37364,1.5,0.19
19.08.2021 00:52:03.264,1.37372,1.37364,1.5,0.19
19.08.2021 00:52:03.466,1.3737000000000001,1.37365,0.75,0.19
19.08.2021 00:52:03.517,1.37369,1.37361,1.5,0.94
19.08.2021 00:52:03.619,1.37368,1.3736000000000002,0.75,2.06
19.08.2021 00:52:03.670,1.3736700000000002,1.37359,0.75,0.19
19.08.2021 00:52:03.772,1.37366,1.37358,0.75,0.19
19.08.2021 00:52:06.401,1.37366,1.37359,0.75,0.19
19.08.2021 00:52:06.502,1.3736700000000002,1.37359,1.5,0.19
19.08.2021 00:52:06.604,1.3736700000000002,1.37358,0.75,0.19
19.08.2021 00:52:07.600,1.3736700000000002,1.37359,1.5,0.19
19.08.2021 00:52:13.176,1.3736700000000002,1.37358,0.75,0.19
19.08.2021 00:52:13.890,1.37365,1.37359,0.75,0.19
19.08.2021 00:52:18.818,1.37365,1.37358,1.5,0.19
19.08.2021 00:52:20.836,1.37366,1.37358,1.5,0.19
19.08.2021 00:52:24.163,1.37365,1.37358,1.5,0.19
19.08.2021 00:52:24.470,1.37365,1.3735700000000002,1.5,0.94
19.08.2021 00:52:29.777,1.3736000000000002,1.37354,0.75,0.64
19.08.2021 00:52:29.879,1.3736000000000002,1.37352,0.75,0.19
19.08.2021 00:52:29.930,1.37362,1.37352,1.5,0.19
19.08.2021 00:52:30.031,1.3736000000000002,1.37353,0.75,0.19
19.08.2021 00:52:30.133,1.3736000000000002,1.37351,1.5,0.19
19.08.2021 00:52:31.282,1.37359,1.37351,1.5,0.19
19.08.2021 00:52:35.695,1.37359,1.3735000000000002,0.75,0.19
19.08.2021 00:52:36.709,1.37358,1.3735000000000002,0.75,0.19
19.08.2021 00:52:36.760,1.3735600000000001,1.3734700000000002,0.75,0.19
19.08.2021 00:52:36.862,1.37355,1.3734700000000002,0.75,0.19
19.08.2021 00:52:37.719,1.3735600000000001,1.3734700000000002,1.5,0.19
19.08.2021 00:52:41.405,1.3735700000000002,1.3734700000000002,0.75,0.19
19.08.2021 00:52:42.042,1.3735700000000002,1.37349,3,0.19
19.08.2021 00:52:48.504,1.37358,1.3735000000000002,0.75,0.19
19.08.2021 00:52:48.606,1.3736000000000002,1.37353,0.75,0.37
19.08.2021 00:52:48.708,1.3736000000000002,1.37354,0.75,0.94
19.08.2021 00:52:48.910,1.37359,1.37353,0.75,0.94
19.08.2021 00:52:49.315,1.3736000000000002,1.37353,0.75,0.94
19.08.2021 00:52:50.273,1.37359,1.37351,0.75,0.19
19.08.2021 00:52:50.375,1.37359,1.3735000000000002,0.75,0.19
19.08.2021 00:52:50.598,1.37358,1.37352,0.75,0.19
19.08.2021 00:52:51.239,1.3736000000000002,1.37353,0.75,0.19
19.08.2021 00:52:52.131,1.37359,1.37352,0.75,0.19
19.08.2021 00:52:52.233,1.37358,1.37351,2.25,0.94
19.08.2021 00:52:53.528,1.37355,1.37348,0.75,0.94
19.08.2021 00:52:53.630,1.3735600000000001,1.3734600000000001,0.75,0.94
19.08.2021 00:52:56.809,1.37352,1.3734600000000001,0.75,0.94
19.08.2021 00:52:56.911,1.3735000000000002,1.37344,1.5,0.19
19.08.2021 00:52:57.013,1.37352,1.37344,3,0.19
19.08.2021 00:53:00.189,1.37352,1.37342,3,0.94
19.08.2021 00:53:00.240,1.37348,1.37342,1.5,0.94
19.08.2021 00:53:00.341,1.37349,1.3734000000000002,1.5,0.19
19.08.2021 00:53:02.689,1.37349,1.37341,0.75,0.94
19.08.2021 00:53:02.791,1.37352,1.37342,1.5,0.19
19.08.2021 00:53:03.673,1.3735000000000002,1.37343,0.75,0.19
19.08.2021 00:53:03.776,1.37351,1.37343,0.75,0.19
19.08.2021 00:53:03.929,1.37354,1.37345,1.5,1.69
19.08.2021 00:53:04.134,1.37353,1.37345,0.75,0.94
19.08.2021 00:53:04.339,1.37354,1.37345,1.5,1.69
19.08.2021 00:53:05.762,1.37354,1.3734600000000001,1.5,0.94
19.08.2021 00:53:07.329,1.37354,1.3734700000000002,0.75,0.75
19.08.2021 00:53:07.430,1.37358,1.37351,0.37,0.19
19.08.2021 00:53:07.481,1.37361,1.37355,0.9,0.94
19.08.2021 00:53:07.583,1.37362,1.37355,0.75,2.51
19.08.2021 00:53:07.684,1.37362,1.3735600000000001,0.75,0.94
19.08.2021 00:53:09.599,1.37359,1.37352,1.5,0.94
19.08.2021 00:53:09.700,1.37358,1.37352,0.75,0.94
19.08.2021 00:53:10.158,1.37358,1.37351,0.75,0.45
19.08.2021 00:53:11.110,1.37359,1.37351,0.75,1.2
19.08.2021 00:53:14.842,1.3736000000000002,1.37351,1.5,1.2
19.08.2021 00:53:28.045,1.3735700000000002,1.3734600000000001,1.5,1.95
19.08.2021 00:53:30.997,1.3735700000000002,1.37345,1.57,2.7
19.08.2021 00:53:34.107,1.37352,1.37345,1.5,1.57
19.08.2021 00:53:34.158,1.37351,1.37344,0.75,1.2
19.08.2021 00:53:34.261,1.37353,1.37342,1.5,0.1
19.08.2021 00:53:34.363,1.37353,1.37341,1.5,1.95
19.08.2021 00:53:36.076,1.37353,1.37342,1.5,0.1
19.08.2021 00:53:41.014,1.37353,1.37345,0.75,0.1
19.08.2021 00:53:41.115,1.37354,1.37345,0.75,0.82
19.08.2021 00:53:51.598,1.37354,1.37344,0.75,0.75
19.08.2021 00:53:52.085,1.37355,1.37344,0.75,0.75
19.08.2021 00:53:52.948,1.37355,1.37343,0.75,1.57
19.08.2021 00:53:53.151,1.37354,1.37343,0.75,1.57
19.08.2021 00:54:02.402,1.37352,1.37343,0.75,2.25
19.08.2021 00:54:06.019,1.37353,1.37345,0.75,0.75
19.08.2021 00:54:06.222,1.37354,1.37345,0.75,0.75
19.08.2021 00:54:10.618,1.37353,1.37345,0.75,0.75
19.08.2021 00:54:15.146,1.37351,1.37343,2.62,0.75
19.08.2021 00:54:15.247,1.37348,1.37338,0.75,0.75
19.08.2021 00:54:15.500,1.37348,1.3733700000000002,0.75,0.82
19.08.2021 00:54:15.602,1.3734700000000002,1.3733600000000001,0.75,0.82
19.08.2021 00:54:21.975,1.37345,1.3733700000000002,0.75,0.75
19.08.2021 00:54:22.988,1.37344,1.3733600000000001,0.75,0.1
19.08.2021 00:54:23.089,1.37344,1.37335,0.75,1.2
19.08.2021 00:54:26.193,1.37343,1.37335,0.75,0.82
19.08.2021 00:54:29.393,1.37342,1.37333,0.75,1.2
19.08.2021 00:54:29.444,1.37343,1.37334,0.75,1.2
19.08.2021 00:54:30.291,1.37344,1.37334,3,1.95
19.08.2021 00:54:30.899,1.37343,1.37334,0.75,1.2
19.08.2021 00:54:31.052,1.37339,1.3732900000000001,0.75,1.57
19.08.2021 00:54:31.153,1.3733600000000001,1.37328,0.75,0.75
19.08.2021 00:54:32.152,1.37335,1.37328,0.75,0.75
19.08.2021 00:54:32.506,1.37335,1.3732900000000001,0.75,0.75
19.08.2021 00:54:32.760,1.3733600000000001,1.3732700000000002,0.75,0.75
19.08.2021 00:54:36.039,1.37335,1.3732900000000001,0.75,0.75
19.08.2021 00:54:36.191,1.3733600000000001,1.3732700000000002,0.75,0.75
19.08.2021 00:54:37.444,1.37335,1.3732700000000002,0.94,0.75
19.08.2021 00:54:37.546,1.37335,1.37328,0.75,0.75
19.08.2021 00:54:37.648,1.3733600000000001,1.37328,0.75,0.75
19.08.2021 00:54:39.460,1.3733600000000001,1.3732600000000001,0.75,0.82
19.08.2021 00:54:39.870,1.3733600000000001,1.3732700000000002,0.75,0.82
19.08.2021 00:54:41.559,1.37335,1.3732700000000002,0.75,0.82
19.08.2021 00:54:41.712,1.37335,1.37324,0.75,1.57
19.08.2021 00:54:42.219,1.37333,1.37323,1.5,1.5
19.08.2021 00:54:42.321,1.37333,1.37324,0.75,1.57
19.08.2021 00:54:42.538,1.3733,1.37322,0.75,0.94
19.08.2021 00:54:42.590,1.37332,1.37322,0.94,2.51
19.08.2021 00:54:43.173,1.37333,1.37324,0.94,0.75
19.08.2021 00:54:43.637,1.37334,1.37325,0.94,0.82
19.08.2021 00:54:48.616,1.37333,1.37325,0.19,0.75
19.08.2021 00:54:50.958,1.37335,1.37324,0.94,1.5
19.08.2021 00:54:59.728,1.37334,1.3732700000000002,0.19,2.32
19.08.2021 00:54:59.779,1.3733600000000001,1.37328,1.5,0.75
19.08.2021 00:54:59.982,1.3733700000000002,1.3732600000000001,1.5,0.1
19.08.2021 00:55:00.083,1.37335,1.3732700000000002,0.75,0.1
19.08.2021 00:55:00.286,1.37335,1.3732600000000001,0.75,0.82
19.08.2021 00:55:00.388,1.37335,1.3732700000000002,0.75,0.1
19.08.2021 00:55:00.694,1.37335,1.37325,1.5,3.45
19.08.2021 00:55:00.848,1.37335,1.3732600000000001,1.5,0.1
19.08.2021 00:55:02.168,1.3733700000000002,1.3732600000000001,1.5,1.57
19.08.2021 00:55:09.725,1.37341,1.37331,0.45,0.1
19.08.2021 00:55:09.826,1.37341,1.37332,2.44,0.82
19.08.2021 00:55:11.137,1.37342,1.37332,1.5,0.82
19.08.2021 00:55:11.239,1.3734000000000002,1.3733,0.94,0.1
19.08.2021 00:55:11.340,1.3733700000000002,1.3732900000000001,0.75,0.52
19.08.2021 00:55:14.461,1.3733700000000002,1.37331,0.75,0.75
19.08.2021 00:55:14.565,1.37339,1.37331,1.01,0.75
19.08.2021 00:55:15.235,1.37339,1.37332,0.82,0.75
19.08.2021 00:55:15.810,1.3734000000000002,1.37332,0.75,0.75
19.08.2021 00:55:17.223,1.3734000000000002,1.37333,0.75,0.75
19.08.2021 00:55:18.577,1.3734000000000002,1.37332,0.75,0.75
19.08.2021 00:55:19.386,1.3734000000000002,1.37333,0.75,0.75
19.08.2021 00:55:19.488,1.37341,1.37331,0.75,0.75
19.08.2021 00:55:19.591,1.3734000000000002,1.37333,0.75,0.75
19.08.2021 00:55:21.771,1.37341,1.37331,0.75,0.75
19.08.2021 00:55:21.974,1.3734000000000002,1.37333,0.75,0.75
19.08.2021 00:55:22.076,1.3734000000000002,1.37332,0.75,0.75
19.08.2021 00:55:22.903,1.3734000000000002,1.37333,0.75,0.75
19.08.2021 00:55:23.005,1.3734000000000002,1.37332,0.75,0.75
19.08.2021 00:55:23.258,1.37341,1.37332,0.75,0.82
19.08.2021 00:55:23.308,1.37342,1.37333,0.75,0.75
19.08.2021 00:55:26.805,1.37342,1.37332,2.62,0.75
19.08.2021 00:55:26.907,1.37341,1.37334,0.75,0.75
19.08.2021 00:55:27.110,1.3734700000000002,1.3734000000000002,0.75,1.5
19.08.2021 00:55:27.212,1.37351,1.3734700000000002,7.5,0.75
19.08.2021 00:55:27.263,1.37355,1.3734600000000001,1.87,0.75
19.08.2021 00:55:27.795,1.37355,1.3734700000000002,0.19,0.75
19.08.2021 00:55:30.237,1.37355,1.37348,0.94,0.75
19.08.2021 00:55:31.745,1.37355,1.3734700000000002,0.19,0.75
19.08.2021 00:55:31.955,1.37355,1.37348,0.19,0.75
19.08.2021 00:55:32.310,1.3735600000000001,1.3734600000000001,0.19,0.75
19.08.2021 00:55:32.530,1.3735700000000002,1.37348,0.82,0.75
19.08.2021 00:55:35.042,1.3735700000000002,1.3734700000000002,0.75,0.75
19.08.2021 00:55:36.227,1.37358,1.37348,1.2,1.5
19.08.2021 00:55:36.906,1.37358,1.3735000000000002,0.45,0.75
19.08.2021 00:55:47.009,1.37358,1.37349,0.75,0.75
19.08.2021 00:55:47.111,1.3735600000000001,1.3735000000000002,0.75,0.75
19.08.2021 00:55:47.162,1.3735600000000001,1.37348,0.75,0.75
19.08.2021 00:55:47.213,1.37353,1.3734700000000002,0.75,0.75
19.08.2021 00:55:47.517,1.37355,1.3734700000000002,1.76,0.75
19.08.2021 00:55:51.516,1.37355,1.3734600000000001,1.01,0.75
19.08.2021 00:55:51.618,1.37353,1.37345,1.5,0.75
19.08.2021 00:55:51.720,1.37354,1.3734600000000001,0.64,0.75
19.08.2021 00:55:51.771,1.37352,1.3734600000000001,1.5,0.75
19.08.2021 00:55:52.062,1.37355,1.37345,1.39,0.75
19.08.2021 00:55:52.214,1.37352,1.3734600000000001,0.75,0.75
19.08.2021 00:55:52.316,1.37354,1.3734600000000001,0.82,0.75
19.08.2021 00:55:53.907,1.37355,1.3734600000000001,0.26,1.5
19.08.2021 00:55:54.142,1.3735000000000002,1.3734600000000001,0.19,0.75
19.08.2021 00:55:54.193,1.37348,1.3734000000000002,0.19,0.75
19.08.2021 00:55:54.294,1.3734700000000002,1.37339,0.19,1.5
19.08.2021 00:55:54.396,1.37348,1.37339,0.19,1.5
19.08.2021 00:55:54.498,1.37348,1.3734000000000002,0.19,1.5
19.08.2021 00:56:02.985,1.37351,1.37342,0.37,1.5
19.08.2021 00:56:03.087,1.37353,1.37341,1.2,0.75
19.08.2021 00:56:03.138,1.3735000000000002,1.37341,0.75,0.82
19.08.2021 00:56:03.290,1.37351,1.37342,0.1,1.5
19.08.2021 00:56:03.392,1.37352,1.37342,1.12,1.5
19.08.2021 00:56:05.818,1.37354,1.37345,0.82,1.5
19.08.2021 00:56:11.145,1.37355,1.37343,1.01,0.75
19.08.2021 00:56:11.247,1.37355,1.37344,1.01,0.75
19.08.2021 00:56:11.679,1.37351,1.37345,1.5,0.75
19.08.2021 00:56:11.780,1.37351,1.37342,1.5,1.5
19.08.2021 00:56:12.642,1.37353,1.37343,0.26,0.75
19.08.2021 00:56:12.744,1.37353,1.37345,0.19,0.75
19.08.2021 00:56:12.846,1.37354,1.37345,1.01,0.75
19.08.2021 00:56:16.850,1.37354,1.37344,1.01,1.5
19.08.2021 00:56:18.681,1.37355,1.37345,1.01,0.75
19.08.2021 00:56:20.629,1.37355,1.37343,1.01,1.5
19.08.2021 00:56:20.989,1.37355,1.37344,1.01,0.75
19.08.2021 00:56:21.040,1.3735000000000002,1.37342,1.12,0.75
19.08.2021 00:56:21.090,1.37348,1.37341,0.94,6
19.08.2021 00:56:21.192,1.3734700000000002,1.3734000000000002,0.19,0.75
19.08.2021 00:56:21.293,1.3734700000000002,1.37338,0.19,0.75
19.08.2021 00:56:23.362,1.37345,1.37339,0.19,0.75
19.08.2021 00:56:30.596,1.3734700000000002,1.37339,0.19,0.75
19.08.2021 00:56:33.346,1.3735000000000002,1.37345,0.45,0.75
19.08.2021 00:56:33.448,1.37353,1.37345,1.69,0.75
19.08.2021 00:56:33.600,1.37353,1.37344,1.5,0.75
19.08.2021 00:56:33.753,1.37351,1.37345,0.19,0.75
19.08.2021 00:56:35.320,1.37351,1.37344,0.19,0.75
19.08.2021 00:56:36.698,1.37352,1.37344,0.19,0.75
19.08.2021 00:56:36.935,1.37352,1.37345,0.37,0.75
19.08.2021 00:56:37.545,1.37353,1.37343,2.25,0.75
19.08.2021 00:56:38.264,1.37352,1.37343,0.75,0.75
19.08.2021 00:56:38.467,1.37351,1.37343,0.75,0.75
19.08.2021 00:56:38.568,1.37352,1.37343,3.56,0.75
19.08.2021 00:56:39.130,1.37352,1.37342,0.75,0.75
19.08.2021 00:56:41.640,1.37351,1.37342,0.75,1.5
19.08.2021 00:56:47.624,1.37352,1.37342,0.75,0.75
19.08.2021 00:56:47.675,1.37352,1.37345,1.5,0.75
19.08.2021 00:56:47.777,1.37354,1.37345,0.75,0.75
19.08.2021 00:56:47.879,1.3735600000000001,1.37345,0.94,0.75
19.08.2021 00:56:50.694,1.37355,1.3734700000000002,0.94,0.75
19.08.2021 00:56:55.684,1.37355,1.3734600000000001,1.01,0.75
19.08.2021 00:56:56.505,1.37355,1.37344,0.94,0.75
19.08.2021 00:56:56.608,1.37352,1.37345,1.5,0.75
19.08.2021 00:56:56.713,1.37353,1.37343,1.5,1.5
19.08.2021 00:56:59.563,1.37352,1.37343,1.5,0.75
19.08.2021 00:57:00.255,1.37352,1.37342,1.5,0.75
19.08.2021 00:57:01.242,1.37349,1.37341,0.19,0.75
19.08.2021 00:57:01.293,1.37351,1.37341,0.19,0.82
19.08.2021 00:57:03.171,1.37352,1.37341,2.62,0.82
19.08.2021 00:57:13.062,1.37352,1.37342,2.44,0.75
19.08.2021 00:57:13.393,1.37352,1.37341,2.44,0.82
19.08.2021 00:57:16.237,1.37348,1.3734000000000002,0.75,0.1
19.08.2021 00:57:16.339,1.37349,1.37338,0.75,0.82
19.08.2021 00:57:17.183,1.3734700000000002,1.37339,0.75,0.82
19.08.2021 00:57:17.386,1.37345,1.37335,0.94,0.75
19.08.2021 00:57:17.488,1.37345,1.37334,0.94,2.02
19.08.2021 00:57:19.629,1.37345,1.37335,0.94,0.37
19.08.2021 00:57:21.945,1.3734600000000001,1.37339,1.57,0.75
19.08.2021 00:57:21.996,1.37352,1.37344,1.5,1.87
19.08.2021 00:57:22.098,1.37354,1.37349,8.44,0.37
19.08.2021 00:57:23.002,1.37354,1.3734600000000001,0.19,0.37
19.08.2021 00:57:24.466,1.3735600000000001,1.3734700000000002,0.19,0.37
19.08.2021 00:57:27.422,1.3735600000000001,1.37348,0.19,0.37
19.08.2021 00:57:29.433,1.37355,1.37348,0.19,0.37
19.08.2021 00:57:30.457,1.37355,1.37349,0.19,0.37
19.08.2021 00:57:31.032,1.3735700000000002,1.37348,1.69,0.37
19.08.2021 00:57:31.462,1.3735600000000001,1.3735000000000002,1.69,0.37
