Gmt time,Ask,Bid,AskVolume,BidVolume
24.08.2021 00:00:00.283,1.37238,1.37225,2.7,1.95
24.08.2021 00:00:00.384,1.37236,1.37225,0.1,0.1
24.08.2021 00:00:00.537,1.37235,1.3722400000000001,0.1,0.82
24.08.2021 00:00:01.049,1.3723400000000001,1.37223,0.1,0.1
24.08.2021 00:00:02.245,1.3723,1.37218,1.12,1.01
24.08.2021 00:00:02.347,1.37229,1.37216,0.1,1.01
24.08.2021 00:00:05.083,1.37229,1.3721700000000001,0.82,0.37
24.08.2021 00:00:10.594,1.37226,1.37215,1.5,0.1
24.08.2021 00:00:10.696,1.37228,1.3722200000000002,0.94,0.19
24.08.2021 00:00:10.748,1.3723100000000001,1.3722,0.82,0.45
24.08.2021 00:00:10.850,1.3723100000000001,1.3722100000000002,0.75,0.1
24.08.2021 00:00:10.952,1.3723,1.3722,0.75,0.45
24.08.2021 00:00:11.054,1.3723100000000001,1.3722,0.1,0.45
24.08.2021 00:00:15.088,1.3723400000000001,1.3722100000000002,1.2,0.1
24.08.2021 00:00:16.213,1.3723100000000001,1.3722,0.75,0.1
24.08.2021 00:00:16.315,1.3723,1.37216,0.75,0.82
24.08.2021 00:00:17.274,1.3723,1.37215,0.75,1.39
24.08.2021 00:00:18.064,1.3723,1.37219,0.75,0.1
24.08.2021 00:00:20.265,1.3723200000000002,1.3722,0.75,0.1
24.08.2021 00:00:20.417,1.3723,1.3721700000000001,0.82,0.75
24.08.2021 00:00:21.769,1.37229,1.3721700000000001,0.1,1.5
24.08.2021 00:00:23.070,1.3723,1.3721700000000001,1.57,1.5
24.08.2021 00:00:23.478,1.37229,1.3721700000000001,0.82,0.75
24.08.2021 00:00:23.580,1.37229,1.37216,1.57,0.94
24.08.2021 00:00:25.716,1.37228,1.37216,0.75,0.19
24.08.2021 00:00:27.118,1.3723,1.37215,1.57,0.94
24.08.2021 00:00:27.707,1.37228,1.37216,0.75,0.19
24.08.2021 00:00:31.424,1.37229,1.37216,1.57,0.94
24.08.2021 00:00:35.578,1.3723,1.37216,0.82,0.75
24.08.2021 00:00:40.549,1.37229,1.37218,0.75,0.75
24.08.2021 00:00:40.678,1.37229,1.3721700000000001,0.75,0.75
24.08.2021 00:00:44.781,1.3723100000000001,1.3722200000000002,0.75,0.75
24.08.2021 00:00:44.832,1.37235,1.3722100000000002,1.57,0.82
24.08.2021 00:00:44.934,1.37235,1.3722200000000002,0.75,0.1
24.08.2021 00:00:47.279,1.37235,1.37223,1.57,0.82
24.08.2021 00:00:48.763,1.37236,1.37225,0.82,0.37
24.08.2021 00:00:49.067,1.37237,1.37223,0.82,0.82
24.08.2021 00:00:54.434,1.37237,1.3722400000000001,0.75,0.1
24.08.2021 00:00:54.536,1.37237,1.37223,0.82,2.32
24.08.2021 00:00:55.531,1.37237,1.37225,0.75,0.75
24.08.2021 00:00:55.841,1.37238,1.37225,1.5,1.76
24.08.2021 00:00:57.039,1.37239,1.37226,0.75,1.5
24.08.2021 00:00:57.192,1.37239,1.37227,0.75,0.75
24.08.2021 00:01:00.878,1.37238,1.37229,0.75,0.75
24.08.2021 00:01:01.321,1.37239,1.37229,0.75,0.82
24.08.2021 00:01:01.372,1.37243,1.3723100000000001,0.75,0.75
24.08.2021 00:01:01.423,1.37244,1.37233,0.82,0.75
24.08.2021 00:01:02.981,1.37244,1.3723200000000002,0.82,1.57
24.08.2021 00:01:03.138,1.3724500000000002,1.3723200000000002,0.82,0.75
24.08.2021 00:01:03.995,1.37244,1.3723200000000002,0.82,1.57
24.08.2021 00:01:24.034,1.3724500000000002,1.37233,1.95,0.82
24.08.2021 00:01:24.187,1.37247,1.3723400000000001,0.82,0.75
24.08.2021 00:01:24.288,1.3724500000000002,1.3723400000000001,0.1,1.5
24.08.2021 00:01:46.825,1.37248,1.3723400000000001,0.75,0.75
24.08.2021 00:01:50.351,1.37248,1.37235,1.57,1.5
24.08.2021 00:01:50.720,1.37248,1.37237,0.82,0.75
24.08.2021 00:02:02.703,1.3725200000000002,1.3724100000000001,0.1,1.2
24.08.2021 00:02:02.805,1.37254,1.3724100000000001,0.1,0.1
24.08.2021 00:02:06.678,1.3725200000000002,1.3724100000000001,0.1,4.95
24.08.2021 00:02:19.385,1.3725100000000001,1.3724200000000002,0.1,0.75
24.08.2021 00:02:19.437,1.37249,1.37238,0.1,0.1
24.08.2021 00:02:19.538,1.3725,1.37235,0.82,1.76
24.08.2021 00:02:19.690,1.37249,1.37237,0.1,0.75
24.08.2021 00:02:20.148,1.37246,1.37236,0.1,0.75
24.08.2021 00:02:20.249,1.37248,1.37235,0.1,0.82
24.08.2021 00:02:24.036,1.37246,1.37235,0.82,0.1
24.08.2021 00:02:26.364,1.3724500000000002,1.3723400000000001,0.1,0.1
24.08.2021 00:02:26.904,1.37244,1.37233,0.1,0.82
24.08.2021 00:02:29.058,1.3724500000000002,1.37235,0.75,0.1
24.08.2021 00:02:30.060,1.3724500000000002,1.3723200000000002,0.1,0.82
24.08.2021 00:02:30.975,1.37243,1.3723200000000002,0.1,0.82
24.08.2021 00:02:34.204,1.37238,1.37229,0.19,0.37
24.08.2021 00:02:34.255,1.37238,1.37225,1.2,0.82
24.08.2021 00:02:34.356,1.37237,1.3722400000000001,0.1,0.1
24.08.2021 00:02:34.710,1.37236,1.37223,0.1,0.1
24.08.2021 00:02:35.977,1.37236,1.3722400000000001,0.1,0.1
24.08.2021 00:02:37.766,1.37236,1.37226,0.75,0.1
24.08.2021 00:02:37.868,1.37236,1.37225,0.75,1.57
24.08.2021 00:02:38.070,1.37236,1.37226,0.75,0.1
24.08.2021 00:02:39.197,1.37236,1.37225,0.75,1.57
24.08.2021 00:02:41.945,1.3724,1.3723,0.37,0.37
24.08.2021 00:02:41.996,1.37243,1.3723100000000001,0.9,0.1
24.08.2021 00:02:42.047,1.37244,1.37233,9.77,0.1
24.08.2021 00:02:42.148,1.37244,1.3723400000000001,7.5,0.1
24.08.2021 00:02:42.250,1.3724500000000002,1.3723400000000001,0.26,0.1
24.08.2021 00:02:43.558,1.37246,1.3723400000000001,1.2,0.1
24.08.2021 00:02:44.010,1.37247,1.3723400000000001,1.12,0.1
24.08.2021 00:02:45.481,1.37247,1.37235,3.07,0.1
24.08.2021 00:02:54.637,1.37246,1.3723400000000001,0.1,0.45
24.08.2021 00:02:55.553,1.37248,1.37233,1.5,0.82
24.08.2021 00:02:55.654,1.37248,1.37235,2.32,0.75
24.08.2021 00:03:02.099,1.37249,1.37235,2.32,1.57
24.08.2021 00:03:02.567,1.37249,1.37236,2.25,0.1
24.08.2021 00:03:05.082,1.37249,1.37238,2.25,0.37
24.08.2021 00:03:08.101,1.37249,1.37237,2.32,0.37
24.08.2021 00:03:08.641,1.37248,1.37237,0.1,0.37
24.08.2021 00:03:08.812,1.37249,1.3723400000000001,0.1,1.57
24.08.2021 00:03:08.863,1.3725200000000002,1.3724100000000001,0.37,0.1
24.08.2021 00:03:08.914,1.37253,1.3724200000000002,0.1,0.82
24.08.2021 00:03:09.016,1.3725500000000002,1.3724200000000002,0.82,0.1
24.08.2021 00:03:09.269,1.37253,1.3724200000000002,0.1,0.82
24.08.2021 00:03:13.274,1.37254,1.37243,0.82,0.1
24.08.2021 00:03:14.785,1.37254,1.37244,0.1,0.37
24.08.2021 00:03:18.778,1.3725500000000002,1.37244,0.1,0.1
24.08.2021 00:03:19.335,1.37256,1.3724500000000002,1.57,0.1
24.08.2021 00:03:23.663,1.37258,1.3724500000000002,0.75,0.37
24.08.2021 00:03:28.071,1.37254,1.3724500000000002,0.75,0.37
24.08.2021 00:03:28.173,1.37253,1.3724500000000002,0.75,0.82
24.08.2021 00:04:03.298,1.37256,1.37244,0.75,1.57
24.08.2021 00:04:15.260,1.3725500000000002,1.37243,0.75,0.1
24.08.2021 00:04:15.413,1.37253,1.3724200000000002,0.75,0.82
24.08.2021 00:04:19.763,1.37253,1.37243,0.75,0.1
24.08.2021 00:04:19.965,1.37253,1.37244,0.75,0.1
24.08.2021 00:04:40.839,1.37254,1.37244,0.75,0.1
24.08.2021 00:04:46.272,1.37256,1.37244,0.75,0.82
24.08.2021 00:04:59.760,1.37259,1.3725100000000001,0.75,1.57
24.08.2021 00:04:59.811,1.37263,1.37253,0.75,0.1
24.08.2021 00:04:59.913,1.3726500000000001,1.37253,0.75,0.1
24.08.2021 00:05:01.076,1.37263,1.37254,0.75,0.1
24.08.2021 00:05:01.965,1.37263,1.37253,0.75,1.57
24.08.2021 00:05:02.816,1.37259,1.3725100000000001,0.94,0.82
24.08.2021 00:05:02.867,1.37254,1.37247,0.75,0.37
24.08.2021 00:05:02.918,1.3725500000000002,1.37244,0.75,0.82
24.08.2021 00:05:03.020,1.37254,1.37244,0.75,0.1
24.08.2021 00:05:04.856,1.37253,1.37244,0.75,0.1
24.08.2021 00:05:05.678,1.37254,1.3724500000000002,0.75,0.1
24.08.2021 00:05:06.156,1.37254,1.37244,0.75,0.1
24.08.2021 00:05:06.308,1.37254,1.37243,0.94,0.82
24.08.2021 00:05:06.359,1.37253,1.3724200000000002,0.75,0.82
24.08.2021 00:05:06.460,1.3725200000000002,1.3724200000000002,0.75,0.82
24.08.2021 00:05:06.972,1.3725200000000002,1.3724,0.75,0.82
24.08.2021 00:05:07.074,1.37247,1.37238,0.19,0.75
24.08.2021 00:05:07.177,1.37247,1.37237,0.94,0.82
24.08.2021 00:05:09.651,1.37246,1.37237,0.75,0.82
24.08.2021 00:05:59.502,1.37244,1.37233,0.75,0.1
24.08.2021 00:05:59.604,1.3724200000000002,1.3723400000000001,0.75,0.1
24.08.2021 00:06:00.492,1.37238,1.3723,7.57,0.75
24.08.2021 00:06:00.593,1.37233,1.37228,0.75,0.75
24.08.2021 00:06:00.695,1.3723400000000001,1.37226,0.75,0.75
24.08.2021 00:06:01.415,1.3723400000000001,1.3722400000000001,0.75,0.1
24.08.2021 00:06:06.925,1.37237,1.37225,1.01,0.1
24.08.2021 00:06:07.027,1.37235,1.37227,0.75,0.1
24.08.2021 00:06:07.129,1.37236,1.37227,0.75,0.1
24.08.2021 00:06:10.214,1.37237,1.37228,0.75,1.12
24.08.2021 00:06:10.265,1.37239,1.37229,1.5,0.75
24.08.2021 00:06:10.316,1.37236,1.37227,0.75,1.57
24.08.2021 00:06:35.262,1.37238,1.37226,0.75,0.82
24.08.2021 00:06:50.374,1.37239,1.3723200000000002,0.75,0.1
24.08.2021 00:06:50.426,1.37243,1.3723100000000001,2.21,0.1
24.08.2021 00:06:50.528,1.3724200000000002,1.37233,0.94,0.1
24.08.2021 00:06:50.682,1.37243,1.37233,0.94,0.1
24.08.2021 00:07:02.306,1.37243,1.3723400000000001,0.94,0.1
24.08.2021 00:07:25.522,1.37243,1.37237,0.75,0.94
24.08.2021 00:07:25.573,1.37247,1.3724,0.1,2.81
24.08.2021 00:07:25.624,1.37249,1.3724100000000001,0.75,0.1
24.08.2021 00:07:25.726,1.37249,1.37238,1.69,0.1
24.08.2021 00:07:25.777,1.37248,1.37236,0.26,1.2
24.08.2021 00:07:27.361,1.37248,1.37235,1.12,0.82
24.08.2021 00:07:30.002,1.37249,1.3724100000000001,0.75,0.1
24.08.2021 00:07:30.053,1.3725200000000002,1.3724100000000001,0.19,0.1
24.08.2021 00:07:30.155,1.37253,1.3724200000000002,0.19,0.1
24.08.2021 00:07:31.103,1.37253,1.37244,0.94,0.1
24.08.2021 00:07:54.635,1.3725500000000002,1.37243,1.01,0.1
24.08.2021 00:07:54.736,1.3725500000000002,1.37244,0.94,0.1
24.08.2021 00:08:07.426,1.3725500000000002,1.37243,0.26,0.1
24.08.2021 00:08:23.865,1.3725500000000002,1.3724500000000002,2.7,0.1
24.08.2021 00:08:44.788,1.3725500000000002,1.37243,1.2,0.1
24.08.2021 00:08:58.356,1.3725500000000002,1.3724500000000002,1.95,0.1
24.08.2021 00:08:59.588,1.37254,1.37244,0.1,0.1
24.08.2021 00:09:00.443,1.37253,1.37243,0.1,0.1
24.08.2021 00:09:23.351,1.37254,1.37244,4.2,0.1
24.08.2021 00:09:37.131,1.37254,1.3724200000000002,0.1,0.1
24.08.2021 00:09:37.284,1.3725,1.37243,0.75,0.1
24.08.2021 00:09:37.335,1.37248,1.37237,0.19,0.82
24.08.2021 00:09:37.437,1.37249,1.37236,1.01,0.37
24.08.2021 00:09:37.640,1.37248,1.37236,0.26,0.82
24.08.2021 00:09:38.238,1.37248,1.37235,0.19,0.82
24.08.2021 00:09:43.536,1.3724500000000002,1.37235,0.26,0.1
24.08.2021 00:09:48.196,1.37244,1.3723400000000001,0.1,0.1
24.08.2021 00:09:49.727,1.3724500000000002,1.37235,0.26,0.1
24.08.2021 00:09:57.149,1.3724500000000002,1.37233,0.1,0.1
24.08.2021 00:10:50.703,1.37238,1.3723100000000001,0.56,0.37
24.08.2021 00:10:50.754,1.37236,1.37228,0.19,0.37
24.08.2021 00:10:50.856,1.37236,1.37227,0.19,7.5
24.08.2021 00:10:50.957,1.37237,1.37225,0.19,0.1
24.08.2021 00:10:51.437,1.37239,1.37228,0.19,0.45
24.08.2021 00:10:51.488,1.3724,1.37229,0.26,0.45
24.08.2021 00:10:51.640,1.3724100000000001,1.37229,0.19,0.1
24.08.2021 00:10:54.157,1.37235,1.37226,0.37,3.07
24.08.2021 00:10:54.259,1.37233,1.37227,0.19,1.5
24.08.2021 00:10:54.766,1.3723400000000001,1.3722400000000001,0.19,0.1
24.08.2021 00:10:59.300,1.3723400000000001,1.3722400000000001,0.19,0.1
24.08.2021 00:11:16.868,1.37233,1.37223,0.19,0.1
24.08.2021 00:11:17.639,1.37233,1.3722200000000002,0.19,0.1
24.08.2021 00:11:18.053,1.3723100000000001,1.3722200000000002,0.75,0.1
24.08.2021 00:11:18.104,1.37229,1.37219,0.94,0.45
24.08.2021 00:11:18.205,1.37228,1.37218,1.2,0.1
24.08.2021 00:11:19.518,1.37226,1.37216,0.1,0.1
24.08.2021 00:11:19.721,1.37225,1.37216,0.19,0.1
24.08.2021 00:11:19.974,1.37227,1.3722100000000002,1.57,0.75
24.08.2021 00:11:20.025,1.37228,1.37219,0.1,1.87
24.08.2021 00:11:20.076,1.3723100000000001,1.3722200000000002,0.37,0.1
24.08.2021 00:11:20.127,1.37233,1.3722200000000002,0.26,0.1
24.08.2021 00:11:20.229,1.37233,1.37223,0.19,0.1
24.08.2021 00:11:20.995,1.37233,1.3722200000000002,0.26,0.1
24.08.2021 00:11:22.242,1.3723400000000001,1.37223,2.7,0.1
24.08.2021 00:11:36.344,1.37235,1.37223,0.75,0.1
24.08.2021 00:11:37.126,1.3723400000000001,1.37223,0.82,0.1
24.08.2021 00:11:38.786,1.37233,1.3722200000000002,0.75,0.1
24.08.2021 00:11:55.946,1.3723200000000002,1.3722400000000001,0.75,0.1
24.08.2021 00:12:00.303,1.3723200000000002,1.37223,0.75,0.1
24.08.2021 00:12:04.705,1.3723200000000002,1.3722100000000002,0.19,0.1
24.08.2021 00:12:04.807,1.3723100000000001,1.37223,0.19,0.1
24.08.2021 00:12:04.858,1.37229,1.37219,0.75,3.07
24.08.2021 00:12:04.909,1.37228,1.37216,0.75,1.57
24.08.2021 00:12:05.010,1.37226,1.3721700000000001,0.75,0.82
24.08.2021 00:12:30.357,1.3722400000000001,1.3721700000000001,0.75,0.1
24.08.2021 00:12:35.461,1.3722400000000001,1.37216,0.75,0.82
24.08.2021 00:12:38.066,1.37225,1.3721700000000001,0.75,0.37
24.08.2021 00:12:38.169,1.37228,1.37218,0.75,1.5
24.08.2021 00:12:40.239,1.37226,1.37218,0.75,0.75
24.08.2021 00:12:41.141,1.37227,1.37219,0.75,0.37
24.08.2021 00:12:41.192,1.37229,1.37219,0.75,0.45
24.08.2021 00:12:41.395,1.37228,1.3722100000000002,0.75,0.1
24.08.2021 00:12:41.654,1.37228,1.3722,0.75,0.45
24.08.2021 00:12:41.806,1.37227,1.3722,0.75,0.45
24.08.2021 00:12:42.061,1.37226,1.3721700000000001,0.75,0.82
24.08.2021 00:12:42.620,1.37227,1.3721700000000001,0.75,0.75
24.08.2021 00:12:45.261,1.37228,1.37219,0.19,1.5
24.08.2021 00:12:45.413,1.37229,1.37216,1.69,1.2
24.08.2021 00:12:53.249,1.37227,1.3721700000000001,0.75,0.75
24.08.2021 00:12:55.455,1.37225,1.3721400000000001,0.94,1.2
24.08.2021 00:12:55.658,1.37225,1.37213,0.19,0.75
24.08.2021 00:12:55.817,1.3722400000000001,1.37213,0.19,3.45
24.08.2021 00:12:57.421,1.37223,1.37213,0.37,2.32
24.08.2021 00:13:00.229,1.37223,1.3721400000000001,0.37,0.1
24.08.2021 00:13:00.280,1.37226,1.37213,0.75,0.82
24.08.2021 00:13:03.954,1.37226,1.3721400000000001,1.76,0.82
24.08.2021 00:13:05.761,1.37225,1.3721200000000002,0.37,4.57
24.08.2021 00:13:06.772,1.37223,1.37213,0.37,0.37
24.08.2021 00:13:12.033,1.37223,1.3721200000000002,0.37,0.82
24.08.2021 00:13:12.236,1.37223,1.3721100000000002,1.12,0.75
24.08.2021 00:13:12.439,1.3721700000000001,1.37209,1.87,0.37
24.08.2021 00:13:12.490,1.37216,1.37206,0.75,0.1
24.08.2021 00:13:12.591,1.37216,1.37204,1.57,1.01
24.08.2021 00:13:13.494,1.37215,1.37204,2.19,0.1
24.08.2021 00:13:13.633,1.37216,1.37204,1.57,0.1
24.08.2021 00:13:13.854,1.3721700000000001,1.37204,1.57,0.1
24.08.2021 00:13:15.960,1.37216,1.37204,0.75,0.1
24.08.2021 00:13:17.001,1.37216,1.37208,1.12,0.75
24.08.2021 00:13:17.255,1.37216,1.3720700000000001,0.75,0.1
24.08.2021 00:13:17.996,1.37218,1.37206,0.75,0.1
24.08.2021 00:13:23.551,1.3721700000000001,1.37206,0.75,0.1
24.08.2021 00:13:23.719,1.3721700000000001,1.3720700000000001,0.75,0.1
24.08.2021 00:13:26.154,1.37216,1.3720700000000001,0.75,0.1
24.08.2021 00:13:32.571,1.37219,1.3721100000000002,0.75,0.1
24.08.2021 00:13:32.622,1.3722100000000002,1.3721200000000002,0.37,0.1
24.08.2021 00:13:32.723,1.3722100000000002,1.37209,1.5,0.1
24.08.2021 00:13:32.824,1.37219,1.3721,0.75,0.1
24.08.2021 00:13:32.996,1.3722200000000002,1.3721100000000002,0.37,0.1
24.08.2021 00:13:33.249,1.37223,1.3721100000000002,1.5,0.1
24.08.2021 00:13:34.238,1.3722200000000002,1.37213,0.75,0.1
24.08.2021 00:13:43.732,1.37223,1.37213,1.5,0.1
24.08.2021 00:14:09.118,1.3722400000000001,1.37213,2.7,0.1
24.08.2021 00:14:15.653,1.3722400000000001,1.3721200000000002,0.75,0.1
24.08.2021 00:14:34.208,1.37223,1.3721200000000002,0.75,0.75
24.08.2021 00:14:37.239,1.3722400000000001,1.3721400000000001,1.87,0.1
24.08.2021 00:14:39.751,1.37223,1.3721400000000001,0.75,0.1
24.08.2021 00:14:45.150,1.3722400000000001,1.3721400000000001,0.94,0.1
24.08.2021 00:14:45.202,1.37226,1.37215,2.32,0.1
24.08.2021 00:14:45.305,1.37226,1.37216,1.5,0.1
24.08.2021 00:14:45.747,1.37227,1.3721400000000001,1.76,0.1
24.08.2021 00:14:46.292,1.3722400000000001,1.37215,0.75,0.1
24.08.2021 00:15:52.716,1.37225,1.3721100000000002,0.75,2.32
24.08.2021 00:15:58.103,1.3722400000000001,1.3721100000000002,0.82,0.75
24.08.2021 00:15:58.458,1.37218,1.37209,1.2,1.12
24.08.2021 00:15:58.560,1.37218,1.37208,0.75,0.82
24.08.2021 00:16:13.901,1.37218,1.3721,0.75,0.37
24.08.2021 00:16:13.951,1.37218,1.37208,0.75,0.75
24.08.2021 00:17:00.071,1.37218,1.3720700000000001,0.75,1.87
24.08.2021 00:17:01.570,1.37216,1.37203,1.5,1.57
24.08.2021 00:17:03.995,1.37215,1.37203,0.37,0.75
24.08.2021 00:17:04.097,1.37215,1.3720200000000002,1.12,0.75
24.08.2021 00:17:04.849,1.37215,1.3720100000000002,2.14,1.12
24.08.2021 00:17:09.006,1.3721400000000001,1.3720100000000002,0.82,1.12
24.08.2021 00:17:09.107,1.3721200000000002,1.3720200000000002,0.37,1.12
24.08.2021 00:17:11.120,1.37208,1.372,0.82,0.75
24.08.2021 00:17:11.170,1.37208,1.3719700000000001,0.1,0.82
24.08.2021 00:17:11.221,1.3720700000000001,1.37196,0.1,1.5
24.08.2021 00:17:15.412,1.37206,1.37196,0.1,0.75
24.08.2021 00:17:15.514,1.37206,1.37195,0.1,2.06
24.08.2021 00:17:15.668,1.37205,1.37194,1.57,1.95
24.08.2021 00:17:15.770,1.37205,1.37193,0.1,0.75
24.08.2021 00:17:21.414,1.37205,1.3719100000000002,0.1,5.4
24.08.2021 00:17:23.791,1.37204,1.37193,0.82,0.75
24.08.2021 00:17:29.473,1.37204,1.37194,0.1,0.75
24.08.2021 00:17:29.882,1.3720700000000001,1.37194,0.1,1.12
24.08.2021 00:17:29.983,1.37208,1.37195,1.95,0.37
24.08.2021 00:17:39.342,1.3720700000000001,1.37195,0.26,4.87
24.08.2021 00:18:00.735,1.37209,1.372,0.75,2.81
24.08.2021 00:18:00.837,1.3721,1.372,0.19,2.06
24.08.2021 00:18:05.310,1.3721100000000002,1.372,0.19,2.25
24.08.2021 00:18:19.284,1.3721100000000002,1.37199,0.19,0.37
24.08.2021 00:18:35.310,1.3721100000000002,1.37198,0.26,3.37
24.08.2021 00:18:38.508,1.37209,1.3719700000000001,0.1,0.37
24.08.2021 00:18:38.863,1.37208,1.37196,0.82,1.12
24.08.2021 00:18:39.853,1.37208,1.37195,1.57,1.87
24.08.2021 00:18:45.968,1.37208,1.37196,1.57,0.37
24.08.2021 00:18:47.894,1.3720700000000001,1.37196,0.75,0.37
24.08.2021 00:19:06.434,1.3720700000000001,1.37195,1.57,1.5
24.08.2021 00:19:08.017,1.37208,1.37195,1.57,0.37
24.08.2021 00:19:40.088,1.3720700000000001,1.37194,1.57,2.81
24.08.2021 00:19:44.091,1.3720700000000001,1.37193,0.37,2.81
24.08.2021 00:19:52.130,1.37206,1.37195,0.37,0.37
24.08.2021 00:19:53.931,1.37205,1.37195,0.1,0.37
24.08.2021 00:19:54.948,1.37206,1.37193,0.1,0.75
24.08.2021 00:19:55.269,1.37205,1.37193,0.1,3.07
24.08.2021 00:19:55.370,1.37206,1.37193,0.45,0.37
24.08.2021 00:20:00.919,1.37205,1.37195,0.37,0.37
24.08.2021 00:20:07.136,1.37205,1.37194,0.45,0.75
24.08.2021 00:20:12.866,1.3720700000000001,1.37193,1.39,0.37
24.08.2021 00:20:16.036,1.37206,1.37195,1.39,0.37
24.08.2021 00:20:17.682,1.37206,1.37194,0.37,0.37
24.08.2021 00:20:18.049,1.37205,1.37194,0.37,1.5
24.08.2021 00:20:22.548,1.37206,1.37194,1.39,1.5
24.08.2021 00:20:24.100,1.37206,1.37195,1.39,0.37
24.08.2021 00:20:25.085,1.37205,1.37195,0.37,0.37
24.08.2021 00:20:28.180,1.37206,1.37195,0.37,0.37
24.08.2021 00:20:30.087,1.37206,1.37194,0.37,0.37
24.08.2021 00:20:37.828,1.37206,1.37195,1.39,0.37
24.08.2021 00:20:40.176,1.37206,1.37194,1.39,0.82
24.08.2021 00:20:43.225,1.37206,1.37196,2.14,0.37
24.08.2021 00:20:46.925,1.37206,1.37195,0.75,0.37
24.08.2021 00:20:48.244,1.37206,1.37196,2.14,0.37
24.08.2021 00:20:48.704,1.37204,1.37196,0.37,0.37
24.08.2021 00:20:48.855,1.37205,1.37196,0.37,0.37
24.08.2021 00:20:50.074,1.3720700000000001,1.37195,2.14,0.37
24.08.2021 00:20:50.176,1.37205,1.37196,0.37,0.37
24.08.2021 00:20:55.600,1.37204,1.37196,0.37,0.37
24.08.2021 00:20:55.791,1.37205,1.37196,0.45,0.37
24.08.2021 00:21:02.499,1.37204,1.37196,0.37,0.37
24.08.2021 00:21:02.605,1.37205,1.37196,0.45,0.37
24.08.2021 00:21:07.218,1.3720700000000001,1.37193,1.2,1.39
24.08.2021 00:21:22.393,1.37205,1.37193,0.75,1.2
24.08.2021 00:21:29.753,1.37204,1.37195,0.75,0.37
24.08.2021 00:21:30.555,1.37205,1.37194,1.12,0.45
24.08.2021 00:21:30.657,1.37209,1.37198,0.82,1.5
24.08.2021 00:21:30.760,1.37205,1.37196,0.75,1.12
24.08.2021 00:21:31.164,1.37205,1.37195,0.75,0.75
24.08.2021 00:21:40.744,1.37204,1.37193,1.2,0.6
24.08.2021 00:21:40.795,1.3720200000000002,1.3719100000000002,0.75,1.5
24.08.2021 00:21:40.897,1.37199,1.3719100000000002,0.75,0.75
24.08.2021 00:21:40.948,1.37199,1.3718700000000001,2.32,7.5
24.08.2021 00:21:41.000,1.37196,1.3718700000000001,0.75,1.12
24.08.2021 00:21:41.103,1.37196,1.37186,0.75,1.2
24.08.2021 00:21:41.205,1.37195,1.37186,0.75,0.75
24.08.2021 00:21:41.307,1.37195,1.37185,0.75,0.75
24.08.2021 00:21:41.915,1.37198,1.37189,0.82,1.12
24.08.2021 00:21:42.017,1.3719700000000001,1.37189,0.75,1.5
24.08.2021 00:21:42.808,1.37196,1.37186,0.75,0.75
24.08.2021 00:22:00.455,1.3719700000000001,1.37184,1.2,0.75
24.08.2021 00:22:17.380,1.37196,1.37184,0.75,0.75
24.08.2021 00:22:17.526,1.37196,1.37185,0.75,0.75
24.08.2021 00:22:19.574,1.37195,1.37182,0.75,3.07
24.08.2021 00:22:20.648,1.37196,1.37182,0.75,4.2
24.08.2021 00:22:20.750,1.37195,1.37185,0.75,0.1
24.08.2021 00:22:21.154,1.37196,1.37185,0.75,0.1
24.08.2021 00:22:21.914,1.37194,1.37184,0.75,0.1
24.08.2021 00:22:22.016,1.37194,1.3718299999999999,0.75,1.95
24.08.2021 00:22:22.117,1.37195,1.3718299999999999,0.82,2.7
24.08.2021 00:22:24.213,1.37196,1.3718299999999999,0.75,0.82
24.08.2021 00:22:51.377,1.37194,1.3718299999999999,0.75,3.07
24.08.2021 00:22:51.681,1.37194,1.37182,0.75,0.75
24.08.2021 00:22:52.698,1.37194,1.3718100000000002,0.75,2.32
24.08.2021 00:23:11.249,1.37192,1.37182,0.1,1.5
24.08.2021 00:23:16.319,1.37193,1.37182,1.57,1.57
24.08.2021 00:23:17.795,1.37192,1.37182,0.1,1.5
24.08.2021 00:23:23.194,1.37193,1.37182,1.57,1.57
24.08.2021 00:23:30.756,1.37192,1.37182,0.1,1.5
24.08.2021 00:23:33.803,1.37193,1.37182,1.57,1.57
24.08.2021 00:23:35.796,1.37193,1.3718100000000002,0.1,1.12
24.08.2021 00:23:40.654,1.37194,1.3718100000000002,1.57,1.12
24.08.2021 00:24:05.355,1.37193,1.3718100000000002,0.1,0.75
24.08.2021 00:24:17.405,1.37192,1.3718299999999999,0.1,0.75
24.08.2021 00:24:17.509,1.37198,1.37189,0.82,1.12
24.08.2021 00:24:17.712,1.37198,1.37186,1.01,1.12
24.08.2021 00:24:17.814,1.3719700000000001,1.37186,0.82,1.12
24.08.2021 00:24:32.166,1.37196,1.37186,0.1,0.75
24.08.2021 00:24:51.921,1.37196,1.37184,0.82,1.12
24.08.2021 00:24:52.175,1.37195,1.37184,0.1,0.75
24.08.2021 00:24:52.277,1.37195,1.3718299999999999,0.82,1.12
24.08.2021 00:24:52.429,1.37194,1.3718299999999999,0.1,1.12
24.08.2021 00:24:53.091,1.37193,1.37182,0.1,1.12
24.08.2021 00:24:53.921,1.37194,1.37182,1.01,1.87
24.08.2021 00:24:55.011,1.37193,1.37182,0.1,1.12
24.08.2021 00:25:01.147,1.37194,1.37182,1.76,0.75
24.08.2021 00:25:01.530,1.37195,1.37182,1.76,0.37
24.08.2021 00:25:03.180,1.37195,1.3718100000000002,1.76,1.87
24.08.2021 00:25:10.788,1.37194,1.3718100000000002,0.82,1.5
24.08.2021 00:25:16.269,1.37193,1.3718100000000002,1.01,1.5
24.08.2021 00:25:21.161,1.37194,1.3718100000000002,1.01,0.37
24.08.2021 00:25:22.161,1.37193,1.3718100000000002,1.01,1.5
24.08.2021 00:25:22.877,1.37192,1.3718000000000001,0.19,1.12
24.08.2021 00:25:22.984,1.37193,1.3718000000000001,0.19,1.12
24.08.2021 00:25:33.724,1.3719100000000002,1.37179,0.1,1.5
24.08.2021 00:25:33.826,1.37188,1.3718000000000001,0.19,0.75
24.08.2021 00:25:34.028,1.37188,1.37176,1.01,0.75
24.08.2021 00:25:35.332,1.37186,1.3717100000000002,1.76,6.82
24.08.2021 00:25:35.434,1.37184,1.37172,0.1,4.57
24.08.2021 00:25:35.535,1.37185,1.37175,0.1,0.75
24.08.2021 00:25:35.637,1.37188,1.37174,1.57,1.5
24.08.2021 00:25:36.479,1.37188,1.37175,3.45,1.57
24.08.2021 00:25:36.782,1.3718700000000001,1.37175,0.75,0.82
24.08.2021 00:25:36.889,1.37188,1.37175,3.45,1.57
24.08.2021 00:25:39.674,1.37185,1.37174,1.76,0.37
24.08.2021 00:25:39.725,1.37184,1.37172,0.1,3.75
24.08.2021 00:25:39.877,1.3718299999999999,1.37172,0.1,0.75
24.08.2021 00:25:39.979,1.3718000000000001,1.3717000000000001,0.19,1.12
24.08.2021 00:25:40.081,1.3718100000000002,1.3717100000000002,0.19,0.37
24.08.2021 00:25:40.183,1.37182,1.37169,0.19,0.37
24.08.2021 00:25:41.534,1.37175,1.37166,0.19,3.37
24.08.2021 00:25:41.635,1.3718100000000002,1.3717000000000001,0.56,3.75
24.08.2021 00:25:41.737,1.37182,1.3717000000000001,0.19,1.12
24.08.2021 00:25:44.989,1.3718100000000002,1.3717000000000001,0.19,1.87
24.08.2021 00:25:45.343,1.37179,1.37169,0.19,1.2
24.08.2021 00:25:45.546,1.3718000000000001,1.3716700000000002,0.19,0.75
24.08.2021 00:25:53.500,1.37179,1.3716700000000002,1.01,1.5
24.08.2021 00:25:55.439,1.37182,1.37169,1.01,0.75
24.08.2021 00:25:56.379,1.3718100000000002,1.3717100000000002,0.19,1.12
24.08.2021 00:25:56.481,1.37182,1.3717100000000002,1.01,1.12
24.08.2021 00:25:59.396,1.3718100000000002,1.3717000000000001,0.1,1.87
24.08.2021 00:25:59.497,1.37182,1.3717000000000001,1.01,1.87
24.08.2021 00:25:59.992,1.37182,1.3717100000000002,1.01,0.37
24.08.2021 00:26:00.543,1.3718100000000002,1.3717000000000001,0.82,1.87
24.08.2021 00:26:00.644,1.37182,1.3717000000000001,0.82,0.75
24.08.2021 00:26:00.746,1.3718299999999999,1.3717000000000001,1.01,1.12
24.08.2021 00:26:00.847,1.3718100000000002,1.3717000000000001,0.1,1.87
24.08.2021 00:26:01.313,1.37182,1.3717100000000002,1.01,1.12
24.08.2021 00:26:01.414,1.37182,1.37169,0.1,1.87
24.08.2021 00:26:01.516,1.3718299999999999,1.37169,1.01,2.62
24.08.2021 00:26:01.617,1.37182,1.37169,0.75,2.62
24.08.2021 00:26:01.719,1.37182,1.3717000000000001,1.01,2.62
24.08.2021 00:26:01.820,1.3718100000000002,1.3717000000000001,0.82,1.12
24.08.2021 00:26:01.921,1.37182,1.3717000000000001,0.75,0.75
24.08.2021 00:26:03.503,1.37179,1.3717000000000001,0.19,0.75
24.08.2021 00:26:03.554,1.3718000000000001,1.3716700000000002,0.19,2.25
24.08.2021 00:26:07.757,1.37178,1.3716700000000002,1.69,1.5
24.08.2021 00:26:07.807,1.3717700000000002,1.37165,0.82,0.75
24.08.2021 00:26:17.135,1.37176,1.37164,1.5,0.37
24.08.2021 00:26:17.388,1.37175,1.37162,0.1,1.5
24.08.2021 00:26:17.590,1.37173,1.37163,0.1,0.75
24.08.2021 00:26:18.046,1.37174,1.37161,0.1,1.87
24.08.2021 00:26:28.261,1.37174,1.37162,1.01,2.64
24.08.2021 00:26:44.159,1.37173,1.37162,0.1,1.5
24.08.2021 00:27:15.645,1.37174,1.37162,0.1,0.37
24.08.2021 00:27:19.616,1.37173,1.37162,0.1,0.75
24.08.2021 00:27:24.904,1.37176,1.37164,1.57,2.62
24.08.2021 00:27:25.005,1.3717700000000002,1.37164,0.1,0.75
24.08.2021 00:27:25.911,1.3717700000000002,1.37165,1.76,0.75
24.08.2021 00:27:28.872,1.37179,1.3717100000000002,0.75,0.37
24.08.2021 00:27:28.922,1.3718299999999999,1.3717000000000001,0.82,0.37
24.08.2021 00:27:32.234,1.3718100000000002,1.3717100000000002,0.1,0.37
24.08.2021 00:27:34.004,1.37182,1.3717100000000002,3.02,0.37
24.08.2021 00:27:34.158,1.37179,1.37168,1.12,2.25
24.08.2021 00:27:34.209,1.37176,1.37166,1.01,0.37
24.08.2021 00:27:34.260,1.37176,1.37163,1.01,7.5
24.08.2021 00:27:34.412,1.37176,1.37162,1.01,1.57
24.08.2021 00:27:34.732,1.37174,1.37163,0.1,1.5
24.08.2021 00:27:35.757,1.37175,1.37161,0.1,3.45
24.08.2021 00:27:35.873,1.37174,1.37163,0.1,0.75
24.08.2021 00:27:51.931,1.37174,1.37162,0.82,2.32
24.08.2021 00:27:58.027,1.37173,1.37162,0.1,2.32
24.08.2021 00:28:01.318,1.37174,1.37163,0.82,0.82
24.08.2021 00:28:02.882,1.37174,1.37164,0.82,0.75
24.08.2021 00:28:02.984,1.3717700000000002,1.37164,0.82,0.82
24.08.2021 00:28:12.539,1.37176,1.37164,0.1,0.75
24.08.2021 00:28:14.023,1.37175,1.37164,0.1,2.89
24.08.2021 00:28:19.099,1.37175,1.37163,0.1,0.37
24.08.2021 00:28:19.201,1.37174,1.37163,0.1,1.2
24.08.2021 00:28:24.301,1.37176,1.37162,1.57,0.1
24.08.2021 00:28:35.276,1.37174,1.37163,0.75,0.1
24.08.2021 00:28:35.428,1.37174,1.37162,1.57,3.07
24.08.2021 00:28:39.040,1.37174,1.37163,0.75,0.82
24.08.2021 00:28:47.956,1.37174,1.37162,0.82,2.32
24.08.2021 00:29:00.398,1.37174,1.37163,0.82,0.1
24.08.2021 00:29:39.856,1.37173,1.37162,0.1,0.45
24.08.2021 00:30:00.706,1.37174,1.37163,2.32,0.1
24.08.2021 00:30:00.911,1.37176,1.37169,0.75,1.5
24.08.2021 00:30:00.962,1.3718000000000001,1.37168,0.82,1.12
24.08.2021 00:30:01.064,1.3718000000000001,1.3716700000000002,1.76,0.1
24.08.2021 00:30:01.165,1.37178,1.3716700000000002,0.1,0.82
24.08.2021 00:30:29.079,1.37179,1.3716700000000002,1.76,0.1
24.08.2021 00:30:33.132,1.37179,1.37165,1.57,0.82
24.08.2021 00:30:33.283,1.3717700000000002,1.37166,0.37,0.82
24.08.2021 00:30:36.513,1.37178,1.37168,1.2,0.1
24.08.2021 00:30:36.615,1.3718100000000002,1.3717100000000002,1.46,0.1
24.08.2021 00:30:36.716,1.3718100000000002,1.37172,0.94,0.1
24.08.2021 00:30:39.750,1.3718100000000002,1.3717100000000002,1.2,0.1
24.08.2021 00:30:41.968,1.3718000000000001,1.3717000000000001,1.2,0.1
24.08.2021 00:30:42.746,1.37179,1.37169,1.2,0.1
24.08.2021 00:31:06.406,1.3718100000000002,1.3717100000000002,0.45,0.1
24.08.2021 00:31:06.508,1.37182,1.37172,1.95,0.1
24.08.2021 00:31:07.492,1.3718100000000002,1.37172,0.37,0.1
24.08.2021 00:31:09.247,1.3718299999999999,1.3717100000000002,1.2,0.1
24.08.2021 00:31:24.610,1.3717700000000002,1.37169,0.56,0.94
24.08.2021 00:31:24.711,1.37178,1.37168,0.75,0.45
24.08.2021 00:31:24.813,1.37179,1.37169,0.37,0.1
24.08.2021 00:31:25.121,1.37179,1.3717000000000001,1.12,0.1
24.08.2021 00:32:02.732,1.3718100000000002,1.37172,1.12,0.1
24.08.2021 00:32:08.352,1.37182,1.3717000000000001,1.2,0.1
24.08.2021 00:32:08.454,1.37179,1.3717000000000001,0.75,0.45
24.08.2021 00:32:36.405,1.37178,1.3716700000000002,1.12,0.1
24.08.2021 00:32:36.509,1.37176,1.37168,0.37,0.1
24.08.2021 00:32:36.663,1.37175,1.37168,0.19,0.1
24.08.2021 00:32:39.925,1.3717700000000002,1.37168,2.06,0.1
24.08.2021 00:32:40.027,1.37178,1.37169,0.37,0.1
24.08.2021 00:32:47.898,1.37179,1.37169,1.57,0.1
24.08.2021 00:32:48.170,1.37179,1.37168,0.94,0.1
24.08.2021 00:32:48.221,1.3717700000000002,1.3716700000000002,0.75,0.1
24.08.2021 00:32:54.558,1.37178,1.37165,0.75,0.1
24.08.2021 00:33:09.075,1.37176,1.37166,0.75,0.1
24.08.2021 00:33:09.259,1.3717700000000002,1.37166,0.75,0.1
24.08.2021 00:33:54.553,1.37178,1.37164,0.75,0.75
24.08.2021 00:34:00.727,1.37176,1.37165,0.75,0.75
24.08.2021 00:34:17.627,1.37178,1.3717000000000001,0.75,0.82
24.08.2021 00:34:17.677,1.3718000000000001,1.3717100000000002,0.75,0.37
24.08.2021 00:34:17.830,1.3718100000000002,1.37169,0.75,0.1
24.08.2021 00:34:17.932,1.3718000000000001,1.37169,1.76,0.1
24.08.2021 00:34:19.239,1.3718000000000001,1.3717000000000001,0.75,0.45
24.08.2021 00:34:19.290,1.3718100000000002,1.3717100000000002,0.75,0.45
24.08.2021 00:34:42.002,1.37182,1.3717100000000002,2.7,0.45
24.08.2021 00:34:48.675,1.3718000000000001,1.3717000000000001,1.5,0.1
24.08.2021 00:34:49.067,1.37179,1.3717000000000001,0.75,0.1
24.08.2021 00:34:49.169,1.3718000000000001,1.37168,0.75,0.1
24.08.2021 00:34:49.971,1.37182,1.3717000000000001,0.75,0.1
24.08.2021 00:34:50.074,1.37182,1.37172,1.69,0.1
24.08.2021 00:34:57.812,1.3718000000000001,1.3717000000000001,1.5,0.45
24.08.2021 00:35:01.489,1.3718000000000001,1.37169,0.82,0.1
24.08.2021 00:35:01.712,1.37182,1.37169,1.57,0.1
24.08.2021 00:35:01.814,1.37182,1.3717000000000001,0.75,0.1
24.08.2021 00:35:01.916,1.37182,1.3717100000000002,2.14,0.1
24.08.2021 00:35:06.953,1.37182,1.3717000000000001,0.75,0.1
24.08.2021 00:35:16.824,1.37182,1.3717100000000002,0.75,0.1
24.08.2021 00:35:18.354,1.37182,1.3717000000000001,0.75,0.1
24.08.2021 00:35:19.055,1.3718100000000002,1.37169,0.75,0.82
24.08.2021 00:35:26.213,1.3718299999999999,1.37172,0.75,0.1
24.08.2021 00:35:28.727,1.37182,1.37172,0.82,0.1
24.08.2021 00:35:32.880,1.3718100000000002,1.37172,0.75,0.82
24.08.2021 00:35:32.981,1.3718000000000001,1.3717000000000001,0.94,2.32
24.08.2021 00:35:33.082,1.3718000000000001,1.3717000000000001,0.75,1.2
24.08.2021 00:35:35.554,1.3718100000000002,1.37172,0.75,0.1
24.08.2021 00:35:55.252,1.37179,1.37172,0.75,0.75
24.08.2021 00:35:55.354,1.3718000000000001,1.3717000000000001,0.75,0.82
24.08.2021 00:35:58.142,1.3718000000000001,1.3717100000000002,0.75,1.2
24.08.2021 00:35:58.244,1.3718100000000002,1.3717100000000002,0.75,0.1
24.08.2021 00:36:18.388,1.3718000000000001,1.3717100000000002,0.75,0.82
24.08.2021 00:36:19.879,1.37182,1.3717100000000002,0.75,0.1
24.08.2021 00:37:25.678,1.3718100000000002,1.3717100000000002,0.75,1.5
24.08.2021 00:37:28.599,1.3718100000000002,1.37172,0.75,0.37
24.08.2021 00:37:31.304,1.3718299999999999,1.37174,0.75,0.45
24.08.2021 00:37:31.608,1.37186,1.37176,0.75,0.1
24.08.2021 00:37:34.837,1.37185,1.37178,0.75,0.1
24.08.2021 00:38:34.859,1.37185,1.37175,0.75,1.87
24.08.2021 00:38:57.290,1.37185,1.37176,0.75,1.52
24.08.2021 00:39:00.186,1.37188,1.37175,0.75,1.52
24.08.2021 00:39:00.287,1.3718700000000001,1.37175,0.75,3.02
24.08.2021 00:39:03.903,1.3719000000000001,1.3718299999999999,0.19,0.1
24.08.2021 00:39:04.005,1.37195,1.3718299999999999,0.94,0.1
24.08.2021 00:39:04.107,1.37194,1.37185,0.94,0.1
24.08.2021 00:39:04.310,1.37196,1.37185,0.75,0.1
24.08.2021 00:39:04.361,1.37198,1.37186,0.75,0.1
24.08.2021 00:39:04.412,1.372,1.3719100000000002,0.37,0.1
24.08.2021 00:39:04.513,1.37204,1.37192,2.81,0.1
24.08.2021 00:39:55.121,1.37203,1.37194,0.75,0.1
24.08.2021 00:39:55.223,1.3720200000000002,1.37194,0.75,0.1
24.08.2021 00:39:55.324,1.3720200000000002,1.37193,0.75,0.1
24.08.2021 00:39:57.551,1.37199,1.3719100000000002,0.75,0.45
24.08.2021 00:39:57.653,1.37198,1.37186,0.75,0.45
24.08.2021 00:40:07.670,1.37198,1.3718700000000001,0.75,0.1
24.08.2021 00:40:30.730,1.37194,1.37184,0.75,0.1
24.08.2021 00:40:30.832,1.37194,1.3718299999999999,1.57,0.1
24.08.2021 00:40:30.933,1.37193,1.3718299999999999,0.37,0.1
24.08.2021 00:40:31.035,1.37193,1.37182,0.75,0.1
24.08.2021 00:40:44.223,1.3719100000000002,1.3718299999999999,0.75,0.1
24.08.2021 00:40:48.295,1.37192,1.3718100000000002,0.75,0.1
24.08.2021 00:41:04.628,1.37193,1.3718100000000002,0.37,0.1
24.08.2021 00:41:05.143,1.37194,1.3718100000000002,2.14,0.1
24.08.2021 00:41:05.447,1.37193,1.3718299999999999,2.06,0.1
24.08.2021 00:41:21.946,1.37193,1.37182,0.37,0.1
24.08.2021 00:41:22.047,1.37192,1.37182,0.37,0.45
24.08.2021 00:41:31.763,1.37193,1.37182,2.14,0.1
24.08.2021 00:42:10.519,1.37194,1.37182,1.69,0.1
24.08.2021 00:42:12.495,1.37195,1.37182,2.89,0.1
24.08.2021 00:42:38.720,1.37195,1.3718299999999999,2.06,0.1
24.08.2021 00:42:39.149,1.37194,1.37186,0.56,0.75
24.08.2021 00:42:40.277,1.37196,1.3719100000000002,0.37,0.75
24.08.2021 00:42:40.328,1.37199,1.3719100000000002,1.12,0.75
24.08.2021 00:42:42.936,1.372,1.3719100000000002,1.12,0.75
24.08.2021 00:42:43.252,1.372,1.3719000000000001,1.12,0.82
24.08.2021 00:42:43.859,1.37198,1.3719000000000001,0.45,0.75
24.08.2021 00:42:43.960,1.37196,1.37186,1.01,0.82
24.08.2021 00:42:44.063,1.37195,1.37186,0.19,0.82
24.08.2021 00:42:44.883,1.37194,1.37186,0.19,0.75
24.08.2021 00:42:50.670,1.37195,1.37184,1.2,0.75
24.08.2021 00:42:50.772,1.37193,1.37184,0.19,0.82
24.08.2021 00:42:50.873,1.37193,1.3718299999999999,0.26,1.57
24.08.2021 00:42:50.975,1.37192,1.3718299999999999,0.19,1.57
24.08.2021 00:42:51.178,1.37193,1.37184,0.37,0.1
24.08.2021 00:42:51.280,1.37193,1.3718299999999999,0.45,1.57
24.08.2021 00:42:56.160,1.37195,1.3718299999999999,1.2,0.1
24.08.2021 00:42:56.362,1.37194,1.37182,0.1,0.82
24.08.2021 00:42:56.464,1.37195,1.3718299999999999,1.2,0.1
24.08.2021 00:42:59.551,1.37194,1.37182,0.26,0.1
24.08.2021 00:42:59.602,1.37189,1.3718299999999999,0.75,0.1
24.08.2021 00:43:00.259,1.37189,1.3718100000000002,0.75,0.1
24.08.2021 00:43:00.361,1.37186,1.3718000000000001,0.75,0.1
24.08.2021 00:43:00.514,1.37186,1.37179,0.75,0.82
24.08.2021 00:43:00.665,1.37188,1.37179,0.75,0.1
24.08.2021 00:43:01.131,1.37189,1.3717700000000002,0.75,0.75
24.08.2021 00:43:04.794,1.37186,1.37178,0.75,0.82
24.08.2021 00:43:04.895,1.37185,1.37178,0.75,0.82
24.08.2021 00:43:27.077,1.3718700000000001,1.37178,0.75,0.75
24.08.2021 00:43:33.760,1.37185,1.37178,0.75,0.82
24.08.2021 00:44:02.486,1.37189,1.3718100000000002,0.75,1.2
24.08.2021 00:44:02.537,1.37189,1.3718299999999999,0.75,0.1
24.08.2021 00:44:05.365,1.3719000000000001,1.3718100000000002,0.75,0.1
24.08.2021 00:44:07.786,1.37189,1.3718299999999999,0.75,0.1
24.08.2021 00:44:07.887,1.37189,1.37182,0.75,0.1
24.08.2021 00:44:08.639,1.37189,1.3718299999999999,0.75,0.1
24.08.2021 00:44:08.841,1.3719000000000001,1.3718100000000002,0.75,0.1
24.08.2021 00:44:14.218,1.3719000000000001,1.37182,0.75,0.1
24.08.2021 00:44:14.320,1.3719000000000001,1.3718100000000002,0.75,0.1
24.08.2021 00:44:16.066,1.37189,1.3718299999999999,0.75,0.1
24.08.2021 00:44:16.167,1.37189,1.37182,0.75,0.1
24.08.2021 00:44:19.530,1.3719000000000001,1.37182,0.75,0.1
24.08.2021 00:44:19.682,1.37189,1.37182,0.75,0.1
24.08.2021 00:44:26.215,1.37189,1.3718299999999999,0.75,0.1
24.08.2021 00:44:26.418,1.37189,1.37182,0.75,0.1
24.08.2021 00:44:32.211,1.3719000000000001,1.37182,0.75,0.1
24.08.2021 00:44:33.343,1.37192,1.3718100000000002,0.75,0.1
24.08.2021 00:44:37.509,1.37192,1.37182,0.94,0.1
24.08.2021 00:44:46.765,1.37192,1.3718299999999999,0.94,0.1
24.08.2021 00:44:46.868,1.37192,1.37182,0.94,0.1
24.08.2021 00:44:49.278,1.3719100000000002,1.37178,0.75,0.1
24.08.2021 00:44:49.380,1.3719000000000001,1.37178,1.76,0.82
24.08.2021 00:44:49.740,1.37189,1.37178,0.75,0.82
24.08.2021 00:45:38.041,1.37193,1.37182,0.75,0.1
24.08.2021 00:45:38.783,1.37193,1.37184,1.87,0.1
24.08.2021 00:45:41.653,1.37195,1.3718299999999999,1.2,0.1
24.08.2021 00:45:51.480,1.37193,1.37182,0.94,0.1
24.08.2021 00:45:52.089,1.37193,1.3718299999999999,1.2,0.1
24.08.2021 00:45:52.291,1.37193,1.37184,0.94,0.1
24.08.2021 00:46:24.982,1.37194,1.37184,1.01,0.1
24.08.2021 00:46:27.472,1.37194,1.37185,0.94,0.1
24.08.2021 00:46:30.068,1.37194,1.37184,1.76,0.1
24.08.2021 00:47:09.897,1.37195,1.37184,0.94,0.1
24.08.2021 00:47:31.640,1.37195,1.37186,1.5,0.82
24.08.2021 00:47:31.742,1.37198,1.37189,1.2,0.45
24.08.2021 00:47:31.894,1.372,1.37188,2.32,0.1
24.08.2021 00:47:33.382,1.37198,1.37188,2.7,0.1
24.08.2021 00:47:37.947,1.37196,1.37188,0.75,0.1
24.08.2021 00:47:37.998,1.37196,1.37186,2.7,0.1
24.08.2021 00:47:39.155,1.37198,1.37186,0.19,0.1
24.08.2021 00:47:39.257,1.37199,1.37186,2.51,0.1
24.08.2021 00:47:41.295,1.37198,1.37189,1.5,0.37
24.08.2021 00:47:56.174,1.37203,1.37192,2.7,0.1
24.08.2021 00:47:56.276,1.3720200000000002,1.37194,0.45,0.1
24.08.2021 00:47:56.378,1.37203,1.37194,0.75,0.1
24.08.2021 00:47:56.480,1.37204,1.37195,1.69,0.1
24.08.2021 00:48:09.139,1.37205,1.37196,2.62,0.1
24.08.2021 00:48:10.468,1.37205,1.37195,2.7,0.1
24.08.2021 00:48:12.952,1.37204,1.37195,0.75,0.45
24.08.2021 00:48:25.886,1.37206,1.37194,2.7,0.45
24.08.2021 00:48:26.001,1.37205,1.3719700000000001,2.7,0.37
24.08.2021 00:48:31.190,1.37204,1.3719700000000001,0.75,0.37
24.08.2021 00:48:38.265,1.37204,1.37196,0.75,0.37
24.08.2021 00:48:39.463,1.37205,1.37194,1.57,0.37
24.08.2021 00:48:40.434,1.37205,1.37193,1.57,0.45
24.08.2021 00:48:41.008,1.37204,1.37193,0.75,0.45
24.08.2021 00:48:46.090,1.37203,1.37193,2.7,0.1
24.08.2021 00:48:46.191,1.3720200000000002,1.37193,0.75,0.1
24.08.2021 00:48:46.242,1.3720100000000002,1.37189,1.69,0.1
24.08.2021 00:48:46.293,1.37199,1.37188,0.94,0.82
24.08.2021 00:48:46.698,1.37199,1.3718700000000001,1.76,0.82
24.08.2021 00:48:48.075,1.3719700000000001,1.3718700000000001,1.12,0.82
24.08.2021 00:48:48.176,1.37195,1.37185,0.82,0.1
24.08.2021 00:49:01.236,1.37195,1.37186,0.75,0.1
24.08.2021 00:49:01.509,1.37195,1.37185,1.57,0.1
24.08.2021 00:49:01.662,1.37194,1.37184,0.1,0.1
24.08.2021 00:49:22.420,1.37195,1.37184,1.5,0.1
24.08.2021 00:49:23.025,1.37195,1.3718299999999999,1.57,0.1
24.08.2021 00:49:23.223,1.37195,1.37184,1.5,0.1
24.08.2021 00:49:31.890,1.37195,1.3718299999999999,1.57,0.1
24.08.2021 00:49:36.986,1.37195,1.37184,1.5,0.1
24.08.2021 00:49:44.928,1.37196,1.3718700000000001,0.75,0.1
24.08.2021 00:49:47.051,1.37196,1.37185,1.69,0.1
24.08.2021 00:49:47.152,1.37195,1.37185,1.76,0.1
24.08.2021 00:50:03.458,1.37195,1.37186,1.5,0.1
24.08.2021 00:50:03.829,1.37196,1.37184,1.57,0.1
24.08.2021 00:50:04.105,1.37196,1.37186,1.12,0.1
24.08.2021 00:50:04.257,1.37196,1.3718700000000001,0.75,0.1
24.08.2021 00:50:31.349,1.37198,1.37186,0.94,0.1
24.08.2021 00:50:45.361,1.37195,1.37186,0.75,0.37
24.08.2021 00:50:51.052,1.3719700000000001,1.37185,0.75,0.1
24.08.2021 00:51:29.431,1.37195,1.37185,0.1,0.82
24.08.2021 00:51:30.091,1.37195,1.37184,0.75,0.82
24.08.2021 00:51:38.615,1.37195,1.37185,0.75,0.1
24.08.2021 00:51:50.792,1.37196,1.3718700000000001,0.75,0.1
24.08.2021 00:52:09.295,1.37196,1.37185,0.75,0.1
24.08.2021 00:52:11.703,1.37195,1.37185,0.75,0.1
24.08.2021 00:52:19.675,1.37194,1.37185,0.75,0.1
24.08.2021 00:52:47.038,1.37195,1.3718299999999999,0.82,0.45
24.08.2021 00:52:48.974,1.37189,1.3718100000000002,0.19,0.64
24.08.2021 00:52:49.076,1.3719100000000002,1.3718100000000002,1.5,0.64
24.08.2021 00:52:49.177,1.3719100000000002,1.37182,1.5,0.1
24.08.2021 00:52:49.567,1.37193,1.3718299999999999,1.69,0.1
24.08.2021 00:52:49.872,1.3719100000000002,1.3718299999999999,0.75,0.1
24.08.2021 00:52:49.974,1.3719000000000001,1.3718100000000002,0.75,0.26
24.08.2021 00:52:50.075,1.3719000000000001,1.3718000000000001,0.94,0.1
24.08.2021 00:52:50.126,1.37189,1.37179,0.94,0.1
24.08.2021 00:52:50.329,1.37189,1.3717700000000002,0.75,0.82
24.08.2021 00:52:52.250,1.37188,1.37176,0.75,0.82
24.08.2021 00:52:52.351,1.37186,1.3717700000000002,0.75,0.1
24.08.2021 00:53:00.231,1.37184,1.37174,0.75,0.1
24.08.2021 00:53:00.333,1.37184,1.37173,0.75,0.1
24.08.2021 00:53:02.449,1.37184,1.37174,0.75,0.1
24.08.2021 00:53:11.666,1.37184,1.37175,0.75,0.1
24.08.2021 00:53:36.302,1.37184,1.37174,0.75,0.1
24.08.2021 00:53:36.352,1.3718299999999999,1.37172,0.75,1.5
24.08.2021 00:53:36.454,1.37182,1.37173,0.75,0.1
24.08.2021 00:53:40.319,1.37182,1.37172,0.82,0.1
24.08.2021 00:53:45.667,1.37182,1.37173,0.75,0.1
24.08.2021 00:54:00.215,1.3718299999999999,1.37173,1.57,0.1
24.08.2021 00:54:00.369,1.37184,1.37173,0.75,0.1
24.08.2021 00:54:03.135,1.37184,1.37174,0.82,0.1
24.08.2021 00:54:03.237,1.37185,1.37174,0.75,0.1
24.08.2021 00:54:03.571,1.37188,1.3717700000000002,0.75,0.1
24.08.2021 00:54:03.673,1.37189,1.3717700000000002,0.82,0.1
24.08.2021 00:54:09.952,1.3718700000000001,1.37178,0.75,0.1
24.08.2021 00:54:28.623,1.37186,1.3717700000000002,0.75,0.1
24.08.2021 00:54:28.724,1.37186,1.37176,0.82,0.1
24.08.2021 00:54:29.370,1.37185,1.37175,0.82,0.1
24.08.2021 00:54:29.826,1.37184,1.37174,0.82,0.1
24.08.2021 00:54:29.927,1.37184,1.37173,0.82,0.1
24.08.2021 00:54:31.380,1.37186,1.37173,0.1,0.82
24.08.2021 00:54:31.481,1.3718700000000001,1.37174,2.32,0.82
24.08.2021 00:54:31.583,1.37186,1.37176,0.82,0.75
24.08.2021 00:54:31.685,1.37184,1.37174,0.75,1.57
24.08.2021 00:54:31.786,1.37184,1.37176,0.75,0.75
24.08.2021 00:54:31.837,1.37186,1.37175,0.82,0.82
24.08.2021 00:54:32.264,1.37186,1.3717700000000002,1.57,0.75
24.08.2021 00:54:32.416,1.3718700000000001,1.37174,1.57,1.2
24.08.2021 00:54:32.814,1.37186,1.37176,0.82,0.75
24.08.2021 00:54:32.916,1.37185,1.37175,0.75,1.2
24.08.2021 00:54:33.017,1.37185,1.37176,0.75,0.75
24.08.2021 00:54:33.119,1.37186,1.37174,0.75,1.95
24.08.2021 00:54:33.220,1.37185,1.37176,0.75,0.75
24.08.2021 00:54:33.322,1.37184,1.37175,0.75,1.12
24.08.2021 00:54:35.735,1.37184,1.37176,0.75,0.75
24.08.2021 00:54:35.837,1.37186,1.37176,1.57,0.82
24.08.2021 00:54:35.939,1.37186,1.37178,1.57,0.75
24.08.2021 00:54:36.092,1.37186,1.37175,0.75,1.57
24.08.2021 00:54:36.194,1.3718700000000001,1.37178,0.45,0.82
24.08.2021 00:54:36.346,1.37189,1.37178,1.57,0.75
24.08.2021 00:54:36.700,1.37188,1.3718000000000001,0.75,0.75
24.08.2021 00:54:36.802,1.37188,1.3718100000000002,0.75,0.75
24.08.2021 00:54:36.903,1.37189,1.37179,0.75,0.1
24.08.2021 00:54:40.085,1.37189,1.3718100000000002,0.75,0.75
24.08.2021 00:54:42.776,1.37189,1.37182,0.75,0.75
24.08.2021 00:54:49.530,1.3719000000000001,1.37182,0.75,0.75
24.08.2021 00:54:49.581,1.3719000000000001,1.37179,0.75,0.75
24.08.2021 00:54:49.734,1.3719000000000001,1.3718000000000001,1.5,0.1
24.08.2021 00:54:49.836,1.37189,1.3718000000000001,1.5,0.75
24.08.2021 00:54:50.192,1.3719000000000001,1.3717700000000002,1.5,0.82
24.08.2021 00:54:50.508,1.37189,1.3718100000000002,0.75,0.82
24.08.2021 00:54:50.661,1.37189,1.37182,0.75,0.75
24.08.2021 00:54:51.018,1.37189,1.37179,0.75,0.82
24.08.2021 00:54:51.221,1.3719000000000001,1.3718100000000002,0.75,0.75
24.08.2021 00:54:52.536,1.37189,1.3718100000000002,0.75,0.75
24.08.2021 00:54:52.638,1.37189,1.37182,0.75,0.75
24.08.2021 00:54:52.791,1.37189,1.37184,0.75,0.75
24.08.2021 00:54:52.943,1.37189,1.3718299999999999,0.75,0.75
24.08.2021 00:54:53.146,1.37189,1.3718100000000002,0.75,0.75
24.08.2021 00:54:55.168,1.37193,1.37184,1.57,0.75
24.08.2021 00:54:59.241,1.37196,1.37192,0.75,0.56
24.08.2021 00:54:59.292,1.3720100000000002,1.3719100000000002,7.5,0.75
24.08.2021 00:54:59.394,1.3720100000000002,1.37192,7.5,0.75
24.08.2021 00:54:59.495,1.37203,1.37192,1.5,0.75
24.08.2021 00:55:00.204,1.3720200000000002,1.37192,0.75,0.75
24.08.2021 00:55:00.407,1.3720700000000001,1.372,4.69,0.19
24.08.2021 00:55:00.509,1.37206,1.3720200000000002,0.75,0.94
24.08.2021 00:55:00.559,1.3721200000000002,1.37206,0.75,0.75
24.08.2021 00:55:00.661,1.37213,1.37204,0.75,8.25
24.08.2021 00:55:00.712,1.3720700000000001,1.37199,0.94,0.37
24.08.2021 00:55:00.763,1.37205,1.37196,0.75,0.37
24.08.2021 00:55:00.966,1.37204,1.37194,0.75,0.75
24.08.2021 00:55:01.543,1.37204,1.37193,0.75,1.5
24.08.2021 00:55:02.864,1.37204,1.37194,0.82,0.1
24.08.2021 00:55:05.365,1.37204,1.37195,0.75,0.1
24.08.2021 00:55:06.979,1.37204,1.37194,0.75,0.1
24.08.2021 00:55:20.669,1.37203,1.37196,0.75,0.1
24.08.2021 00:55:20.822,1.37203,1.37195,0.75,0.1
24.08.2021 00:55:25.694,1.37205,1.37195,1.5,0.1
24.08.2021 00:55:25.796,1.37204,1.37193,1.87,0.1
24.08.2021 00:55:29.285,1.3720200000000002,1.37193,1.5,0.1
24.08.2021 00:55:29.387,1.3720200000000002,1.37194,1.5,0.1
24.08.2021 00:55:29.640,1.3720200000000002,1.37193,1.5,0.1
24.08.2021 00:55:30.347,1.3720100000000002,1.37193,1.5,0.1
24.08.2021 00:55:30.449,1.3720200000000002,1.3719100000000002,1.5,0.1
24.08.2021 00:55:35.788,1.3720100000000002,1.3719100000000002,1.57,0.82
24.08.2021 00:55:36.594,1.37199,1.3719100000000002,0.75,1.2
24.08.2021 00:55:36.698,1.37198,1.37188,0.75,2.34
24.08.2021 00:55:36.953,1.372,1.3718700000000001,2.25,0.82
24.08.2021 00:55:37.555,1.37198,1.37188,0.75,0.82
24.08.2021 00:55:37.845,1.3719700000000001,1.37188,0.75,0.82
24.08.2021 00:55:38.060,1.37199,1.37188,1.5,0.82
24.08.2021 00:55:38.951,1.37195,1.3718700000000001,0.75,0.82
24.08.2021 00:55:39.104,1.3719000000000001,1.37184,0.75,0.1
24.08.2021 00:55:39.408,1.37189,1.37184,0.75,0.82
24.08.2021 00:55:41.548,1.37188,1.37184,0.75,0.1
24.08.2021 00:55:41.752,1.37188,1.37182,0.75,0.1
24.08.2021 00:55:41.855,1.37186,1.3718100000000002,0.75,0.1
24.08.2021 00:55:43.340,1.37186,1.37179,0.75,0.75
24.08.2021 00:55:51.276,1.37189,1.37178,0.75,0.75
24.08.2021 00:55:54.698,1.37188,1.3717700000000002,0.75,0.1
24.08.2021 00:55:54.800,1.37186,1.3717700000000002,0.75,0.82
24.08.2021 00:55:59.930,1.3718100000000002,1.37174,0.75,0.75
24.08.2021 00:56:00.031,1.3718000000000001,1.37173,0.75,0.75
24.08.2021 00:56:04.830,1.3718100000000002,1.37173,0.75,0.75
24.08.2021 00:56:05.879,1.3718100000000002,1.37172,0.75,0.82
24.08.2021 00:56:11.767,1.37182,1.37172,0.75,0.82
24.08.2021 00:56:23.314,1.3718299999999999,1.37172,0.75,0.1
24.08.2021 00:56:42.609,1.37182,1.37172,0.75,1.2
24.08.2021 00:56:45.588,1.3718299999999999,1.37172,0.75,0.37
24.08.2021 00:56:51.095,1.3718299999999999,1.3717100000000002,0.75,1.2
24.08.2021 00:57:03.312,1.37182,1.3717100000000002,0.75,0.37
24.08.2021 00:57:03.414,1.37174,1.3716700000000002,0.75,0.75
24.08.2021 00:57:03.465,1.37173,1.37165,0.75,2.27
24.08.2021 00:57:03.667,1.37174,1.37165,0.75,0.82
24.08.2021 00:57:03.769,1.37176,1.37164,0.75,0.82
24.08.2021 00:57:03.870,1.3717700000000002,1.37164,0.75,0.82
24.08.2021 00:57:03.971,1.37176,1.37166,0.75,0.1
24.08.2021 00:57:07.369,1.37178,1.3717000000000001,0.75,0.37
24.08.2021 00:57:07.471,1.37176,1.37169,0.75,1.12
24.08.2021 00:57:07.522,1.3717700000000002,1.37166,0.75,0.82
24.08.2021 00:57:08.338,1.37178,1.37166,0.75,0.45
24.08.2021 00:57:22.735,1.3718000000000001,1.3717000000000001,1.5,0.37
24.08.2021 00:57:22.837,1.3718100000000002,1.3717000000000001,1.5,0.45
24.08.2021 00:57:23.140,1.37182,1.3717000000000001,0.75,0.1
24.08.2021 00:57:30.525,1.37182,1.3717100000000002,1.5,0.45
24.08.2021 00:57:34.704,1.3718299999999999,1.3717100000000002,0.75,0.45
24.08.2021 00:57:38.630,1.37182,1.37173,0.75,0.1
24.08.2021 00:57:50.560,1.37182,1.37172,0.75,0.1
24.08.2021 00:57:55.711,1.37182,1.37173,0.75,0.75
24.08.2021 00:57:55.813,1.37182,1.37172,0.75,1.57
24.08.2021 00:57:56.015,1.37182,1.37173,0.75,0.1
24.08.2021 00:57:56.474,1.3718299999999999,1.3717100000000002,0.75,0.45
24.08.2021 00:58:00.426,1.3718299999999999,1.37173,0.75,0.75
24.08.2021 00:58:00.529,1.3718299999999999,1.37172,0.75,0.82
24.08.2021 00:58:15.651,1.3718100000000002,1.37173,0.75,0.1
24.08.2021 00:58:21.313,1.37175,1.3717000000000001,0.75,0.56
24.08.2021 00:58:21.364,1.37174,1.37166,0.75,7.87
24.08.2021 00:58:21.466,1.37173,1.37166,0.75,7.5
24.08.2021 00:58:21.567,1.37172,1.37164,0.75,0.1
24.08.2021 00:58:22.394,1.3717000000000001,1.37161,0.75,0.45
24.08.2021 00:58:22.986,1.3717000000000001,1.37162,0.75,0.45
24.08.2021 00:58:23.655,1.37172,1.37162,0.75,1.2
24.08.2021 00:58:24.466,1.37173,1.37162,0.75,0.1
24.08.2021 00:58:25.025,1.37165,1.3716000000000002,0.75,0.75
24.08.2021 00:58:25.076,1.37166,1.37158,0.75,0.82
24.08.2021 00:58:25.127,1.37165,1.3715600000000001,0.75,0.82
24.08.2021 00:58:25.229,1.3716700000000002,1.37155,0.75,0.1
24.08.2021 00:58:31.773,1.37166,1.3715700000000002,0.75,0.75
24.08.2021 00:58:31.875,1.37168,1.3715700000000002,0.75,0.82
24.08.2021 00:58:33.063,1.3716700000000002,1.37159,0.75,0.75
24.08.2021 00:58:33.266,1.3716700000000002,1.37158,0.75,0.82
24.08.2021 00:58:33.418,1.3716700000000002,1.37159,0.75,0.75
24.08.2021 00:58:33.722,1.3716700000000002,1.37158,0.75,0.75
24.08.2021 00:58:33.891,1.3716700000000002,1.3715700000000002,0.75,0.82
24.08.2021 00:58:34.086,1.3716700000000002,1.37158,0.75,0.75
24.08.2021 00:58:34.187,1.3716700000000002,1.3715700000000002,0.75,0.82
24.08.2021 00:58:34.394,1.3716700000000002,1.37158,0.75,0.75
24.08.2021 00:58:34.616,1.3716700000000002,1.3715700000000002,0.75,0.82
24.08.2021 00:58:35.308,1.3716700000000002,1.37158,0.75,0.75
24.08.2021 00:58:35.631,1.3716700000000002,1.3715700000000002,0.75,0.82
24.08.2021 00:58:35.732,1.3716700000000002,1.37158,0.75,0.75
24.08.2021 00:58:35.937,1.37168,1.3715600000000001,0.75,0.82
24.08.2021 00:58:38.859,1.3716700000000002,1.37158,0.75,0.75
24.08.2021 00:58:41.192,1.37168,1.37158,0.75,0.75
24.08.2021 00:58:41.299,1.3716700000000002,1.37158,0.75,0.82
24.08.2021 00:58:41.510,1.37168,1.37158,0.75,0.75
24.08.2021 00:58:41.802,1.3716700000000002,1.3716000000000002,0.75,0.75
24.08.2021 00:58:41.904,1.3716700000000002,1.37159,0.75,0.75
24.08.2021 00:58:49.505,1.3716700000000002,1.37158,0.75,1.12
24.08.2021 00:58:49.607,1.37168,1.37159,0.75,0.75
24.08.2021 00:58:52.105,1.37168,1.37158,0.75,0.75
24.08.2021 00:58:52.207,1.37169,1.37158,0.75,0.75
24.08.2021 00:58:56.475,1.37169,1.3715700000000002,0.75,0.75
24.08.2021 00:58:59.555,1.37169,1.37158,0.75,0.75
24.08.2021 00:58:59.665,1.37168,1.3716000000000002,0.75,0.75
24.08.2021 00:59:00.314,1.37169,1.37158,0.75,0.75
24.08.2021 00:59:03.167,1.37169,1.37159,0.75,0.75
24.08.2021 00:59:03.591,1.3717000000000001,1.37159,0.75,0.75
24.08.2021 00:59:04.551,1.3717000000000001,1.37158,0.75,0.75
24.08.2021 00:59:05.119,1.3717100000000002,1.37163,0.37,0.75
24.08.2021 00:59:05.757,1.37173,1.37164,0.75,0.1
24.08.2021 00:59:06.127,1.37173,1.37163,0.75,0.82
24.08.2021 00:59:11.014,1.37173,1.37162,0.75,0.1
24.08.2021 00:59:13.319,1.37172,1.37162,0.75,0.75
24.08.2021 00:59:14.549,1.37173,1.3716000000000002,0.75,1.87
24.08.2021 00:59:17.391,1.37172,1.37162,0.75,0.75
24.08.2021 00:59:17.492,1.37172,1.37161,0.75,1.87
24.08.2021 00:59:17.712,1.37172,1.3716000000000002,0.75,3.07
24.08.2021 00:59:17.813,1.3717100000000002,1.3716000000000002,0.75,3.45
24.08.2021 00:59:17.916,1.3717000000000001,1.37159,0.75,0.45
24.08.2021 00:59:18.019,1.37168,1.3716000000000002,0.75,0.1
24.08.2021 00:59:18.872,1.37168,1.37159,0.75,1.57
24.08.2021 00:59:21.072,1.37168,1.37162,1.5,0.75
24.08.2021 00:59:21.368,1.37169,1.37158,1.5,0.1
24.08.2021 00:59:21.785,1.37169,1.3715700000000002,1.5,1.5
24.08.2021 00:59:22.234,1.37169,1.37158,1.5,0.75
24.08.2021 00:59:22.583,1.37169,1.3715700000000002,1.5,1.5
24.08.2021 00:59:23.808,1.37168,1.37159,1.5,0.75
24.08.2021 00:59:28.889,1.37168,1.37158,0.75,0.75
24.08.2021 00:59:29.023,1.37168,1.3715700000000002,0.75,1.5
24.08.2021 00:59:29.534,1.3716700000000002,1.37159,0.75,0.75
24.08.2021 00:59:32.850,1.3716700000000002,1.37158,0.75,1.5
24.08.2021 00:59:33.200,1.3716700000000002,1.37159,0.75,0.75
24.08.2021 00:59:33.923,1.37168,1.3715700000000002,0.75,1.5
24.08.2021 00:59:34.779,1.37168,1.37158,0.75,0.75
24.08.2021 00:59:35.311,1.37168,1.3715700000000002,0.75,1.5
24.08.2021 00:59:36.557,1.3716700000000002,1.37159,0.75,0.75
24.08.2021 00:59:36.887,1.3716700000000002,1.37158,0.75,1.5
24.08.2021 00:59:40.226,1.3716700000000002,1.37159,0.75,0.75
24.08.2021 00:59:40.527,1.3716700000000002,1.37158,0.75,1.5
24.08.2021 00:59:41.016,1.37168,1.37158,1.5,0.75
24.08.2021 00:59:41.118,1.3716700000000002,1.37158,0.75,0.75
24.08.2021 00:59:41.830,1.37163,1.37155,0.75,2.32
24.08.2021 00:59:41.932,1.37164,1.37155,0.75,0.75
24.08.2021 00:59:42.034,1.37165,1.37155,0.75,0.75
24.08.2021 00:59:42.735,1.3716700000000002,1.3715600000000001,0.75,0.75
24.08.2021 00:59:44.347,1.3716700000000002,1.3715700000000002,0.75,0.75
24.08.2021 00:59:44.509,1.37166,1.3715700000000002,0.75,0.82
24.08.2021 00:59:44.712,1.37166,1.37158,0.75,0.75
24.08.2021 00:59:46.000,1.37166,1.3715700000000002,0.75,0.82
24.08.2021 00:59:56.106,1.37166,1.37158,0.75,0.75
24.08.2021 00:59:56.259,1.3716700000000002,1.3715600000000001,0.75,0.82
24.08.2021 00:59:56.361,1.37166,1.37158,0.75,0.75
24.08.2021 00:59:56.466,1.3716700000000002,1.37158,0.75,0.75
24.08.2021 00:59:56.568,1.37166,1.37158,0.75,0.75
24.08.2021 00:59:57.928,1.3716700000000002,1.3715600000000001,0.75,0.82
24.08.2021 00:59:58.045,1.3716700000000002,1.3715700000000002,0.75,0.82
24.08.2021 00:59:58.147,1.37168,1.3715700000000002,0.75,0.75
24.08.2021 00:59:58.248,1.37168,1.3715600000000001,0.75,0.82
24.08.2021 00:59:58.412,1.37168,1.3715700000000002,2.44,0.82
24.08.2021 01:00:00.246,1.37166,1.3715600000000001,0.75,0.75
24.08.2021 01:00:00.347,1.37166,1.3715600000000001,0.75,0.82
24.08.2021 01:00:00.449,1.37166,1.3715700000000002,0.75,0.75
24.08.2021 01:00:01.099,1.37166,1.37158,0.75,0.75
24.08.2021 01:00:01.200,1.3716700000000002,1.37155,0.75,0.82
24.08.2021 01:00:01.352,1.37166,1.3715700000000002,0.75,0.75
24.08.2021 01:00:01.454,1.37166,1.37158,0.75,0.75
24.08.2021 01:00:01.555,1.37166,1.3715600000000001,0.75,0.82
24.08.2021 01:00:01.973,1.3716700000000002,1.3715600000000001,0.75,0.75
24.08.2021 01:00:02.074,1.3716700000000002,1.37155,0.75,0.1
24.08.2021 01:00:04.050,1.37166,1.3715700000000002,0.75,0.75
24.08.2021 01:00:04.295,1.3716700000000002,1.37155,0.75,0.82
24.08.2021 01:00:04.397,1.37166,1.3715700000000002,0.75,0.75
24.08.2021 01:00:04.549,1.3716700000000002,1.3715700000000002,0.75,0.75
24.08.2021 01:00:04.770,1.37166,1.3715700000000002,0.75,0.75
24.08.2021 01:00:05.519,1.3716700000000002,1.3715700000000002,0.75,0.75
24.08.2021 01:00:05.659,1.3716700000000002,1.37158,0.75,0.75
24.08.2021 01:00:06.174,1.3716700000000002,1.3715700000000002,0.75,0.75
24.08.2021 01:00:06.528,1.3716700000000002,1.3715600000000001,0.75,0.82
24.08.2021 01:00:06.801,1.3716700000000002,1.3715700000000002,0.75,0.75
24.08.2021 01:00:07.210,1.3716700000000002,1.3715600000000001,0.75,0.82
24.08.2021 01:00:07.596,1.37168,1.3715600000000001,0.75,0.75
24.08.2021 01:00:07.800,1.37168,1.37155,0.75,0.82
24.08.2021 01:00:08.570,1.3716700000000002,1.3715700000000002,0.75,0.75
24.08.2021 01:00:08.876,1.3716700000000002,1.37158,0.75,0.75
24.08.2021 01:00:09.492,1.3716700000000002,1.3715700000000002,0.75,0.75
24.08.2021 01:00:09.626,1.3716700000000002,1.37158,0.75,0.75
24.08.2021 01:00:10.111,1.3716700000000002,1.3715600000000001,0.75,0.82
24.08.2021 01:00:10.620,1.3716700000000002,1.3715700000000002,0.75,0.75
24.08.2021 01:00:10.866,1.3716700000000002,1.3715600000000001,0.75,0.82
24.08.2021 01:00:11.012,1.37168,1.3715600000000001,0.75,0.75
24.08.2021 01:00:11.223,1.3716700000000002,1.3715600000000001,0.75,0.82
24.08.2021 01:00:12.451,1.3716700000000002,1.3715700000000002,0.75,0.75
24.08.2021 01:00:12.604,1.37168,1.37155,0.75,0.82
24.08.2021 01:00:16.984,1.37168,1.3715600000000001,0.75,0.75
24.08.2021 01:00:17.205,1.37168,1.37155,0.75,0.82
24.08.2021 01:00:20.690,1.3716700000000002,1.37155,0.75,1.57
24.08.2021 01:00:21.319,1.3716700000000002,1.3715600000000001,0.75,0.75
24.08.2021 01:00:21.447,1.3716700000000002,1.37155,0.75,1.95
24.08.2021 01:00:22.647,1.37168,1.37155,0.75,0.75
24.08.2021 01:00:26.141,1.3716700000000002,1.3715700000000002,0.75,0.75
24.08.2021 01:00:26.242,1.37168,1.37155,0.75,0.82
24.08.2021 01:00:26.343,1.3716700000000002,1.3715700000000002,0.75,0.75
24.08.2021 01:00:26.706,1.37168,1.37155,0.75,0.82
24.08.2021 01:00:26.808,1.37168,1.3715600000000001,0.75,0.75
24.08.2021 01:00:27.686,1.37168,1.37155,0.75,0.82
24.08.2021 01:00:27.856,1.37168,1.3715600000000001,0.75,0.75
24.08.2021 01:00:27.958,1.3716700000000002,1.3715600000000001,0.75,0.82
24.08.2021 01:00:28.626,1.3716700000000002,1.3715700000000002,0.75,0.75
24.08.2021 01:00:29.911,1.3716700000000002,1.3715600000000001,0.75,0.82
24.08.2021 01:00:30.128,1.37168,1.37158,0.75,0.75
24.08.2021 01:00:30.229,1.37169,1.37158,1.69,0.75
24.08.2021 01:00:30.890,1.37168,1.3715700000000002,1.69,0.82
24.08.2021 01:00:30.992,1.37168,1.37158,1.69,0.75
24.08.2021 01:00:32.285,1.37169,1.37158,1.69,0.75
24.08.2021 01:00:32.386,1.37168,1.3716000000000002,0.75,0.75
24.08.2021 01:00:32.437,1.37173,1.37162,1.69,0.75
24.08.2021 01:00:33.988,1.37175,1.37163,2.81,0.1
24.08.2021 01:00:36.926,1.37175,1.37162,2.44,0.1
24.08.2021 01:00:40.702,1.37173,1.37162,0.19,0.1
24.08.2021 01:00:44.630,1.37175,1.37161,3.82,0.82
24.08.2021 01:00:44.833,1.37174,1.37163,3.75,0.1
24.08.2021 01:00:46.386,1.37174,1.37162,3.45,0.82
24.08.2021 01:00:47.038,1.37175,1.37162,3.45,0.75
24.08.2021 01:00:47.241,1.37174,1.37164,3.37,0.75
24.08.2021 01:00:47.481,1.37174,1.37163,3.37,0.82
24.08.2021 01:00:47.739,1.37175,1.37163,3.37,0.75
24.08.2021 01:00:48.120,1.37174,1.37163,3.37,0.1
24.08.2021 01:00:57.429,1.37174,1.37162,3.45,0.1
24.08.2021 01:00:59.631,1.37174,1.37161,0.94,0.1
24.08.2021 01:00:59.733,1.3717100000000002,1.37161,0.75,0.1
24.08.2021 01:00:59.834,1.3717100000000002,1.3716000000000002,1.5,0.1
24.08.2021 01:00:59.936,1.37172,1.3715700000000002,1.69,1.95
24.08.2021 01:01:00.369,1.3717100000000002,1.3715700000000002,0.75,1.2
24.08.2021 01:01:00.926,1.3717000000000001,1.3715700000000002,1.5,0.82
24.08.2021 01:01:03.078,1.3717000000000001,1.3715600000000001,0.37,0.82
24.08.2021 01:01:04.028,1.3717100000000002,1.3715600000000001,1.87,1.57
24.08.2021 01:01:05.760,1.3717000000000001,1.3715600000000001,1.5,0.82
24.08.2021 01:01:06.296,1.37168,1.3715700000000002,0.75,0.75
24.08.2021 01:01:14.621,1.37168,1.37158,0.75,0.75
24.08.2021 01:01:14.824,1.37166,1.37155,0.75,0.37
24.08.2021 01:01:14.925,1.37165,1.37154,0.75,0.45
24.08.2021 01:01:15.027,1.37164,1.37154,0.75,0.45
24.08.2021 01:01:21.936,1.37165,1.37155,0.82,0.75
24.08.2021 01:01:22.037,1.37166,1.3715600000000001,0.75,0.75
24.08.2021 01:01:22.140,1.3716700000000002,1.3715600000000001,0.75,0.75
24.08.2021 01:01:26.906,1.3716700000000002,1.37158,0.75,0.75
24.08.2021 01:01:26.957,1.37172,1.37162,4.5,0.1
24.08.2021 01:01:27.059,1.37173,1.37162,2.4,0.82
24.08.2021 01:01:27.465,1.3717100000000002,1.37162,0.37,0.82
24.08.2021 01:01:30.588,1.37172,1.37162,0.37,0.1
24.08.2021 01:01:32.948,1.37173,1.37162,1.2,0.82
24.08.2021 01:01:33.050,1.37174,1.37165,0.82,0.75
24.08.2021 01:01:33.151,1.37175,1.37165,0.82,0.75
24.08.2021 01:01:33.253,1.37174,1.37165,0.75,0.75
24.08.2021 01:01:33.456,1.37175,1.37165,0.75,0.75
24.08.2021 01:01:35.945,1.37175,1.3716700000000002,1.95,0.75
24.08.2021 01:01:36.046,1.37176,1.37165,1.95,0.75
24.08.2021 01:01:36.148,1.37176,1.37164,1.95,0.75
24.08.2021 01:01:36.456,1.37175,1.37166,1.95,0.75
24.08.2021 01:01:37.056,1.37176,1.37164,1.95,0.75
24.08.2021 01:01:37.421,1.37175,1.37166,0.75,0.75
24.08.2021 01:01:37.558,1.3717700000000002,1.37165,0.75,0.75
24.08.2021 01:01:38.551,1.3717700000000002,1.37164,0.75,0.82
24.08.2021 01:01:39.498,1.3717700000000002,1.37165,0.75,0.75
24.08.2021 01:01:39.607,1.37178,1.37166,0.75,0.75
24.08.2021 01:01:39.753,1.37179,1.37166,1.87,0.75
24.08.2021 01:01:39.905,1.37179,1.37165,1.87,0.82
24.08.2021 01:01:40.236,1.37179,1.37166,1.87,0.75
24.08.2021 01:01:40.689,1.37179,1.37165,1.87,0.82
24.08.2021 01:01:40.808,1.37179,1.37166,1.87,0.75
24.08.2021 01:01:42.245,1.37178,1.37168,1.87,0.75
24.08.2021 01:01:42.346,1.37178,1.37169,0.75,0.75
24.08.2021 01:01:42.766,1.37179,1.3716700000000002,0.75,0.75
24.08.2021 01:01:43.074,1.37179,1.37166,1.5,0.82
24.08.2021 01:01:43.535,1.37178,1.37168,1.5,0.75
24.08.2021 01:01:46.104,1.37178,1.3716700000000002,1.5,0.82
24.08.2021 01:01:58.482,1.37178,1.37168,1.5,0.75
24.08.2021 01:01:58.584,1.37178,1.3716700000000002,1.5,0.82
24.08.2021 01:01:58.685,1.37179,1.3716700000000002,1.5,0.75
24.08.2021 01:01:58.901,1.37178,1.3717000000000001,0.75,0.75
24.08.2021 01:01:59.003,1.37178,1.37168,0.75,0.75
24.08.2021 01:01:59.343,1.37178,1.37169,0.75,0.75
24.08.2021 01:01:59.444,1.37178,1.37168,0.75,0.75
24.08.2021 01:02:00.786,1.37178,1.3716700000000002,0.75,0.82
24.08.2021 01:02:00.938,1.37178,1.37168,0.75,0.75
24.08.2021 01:02:01.090,1.37179,1.37166,0.75,0.82
24.08.2021 01:02:01.200,1.37178,1.37168,0.75,0.75
24.08.2021 01:02:01.301,1.37179,1.37166,0.75,0.1
24.08.2021 01:02:04.186,1.37178,1.37168,0.75,0.75
24.08.2021 01:02:06.086,1.37178,1.3716700000000002,0.75,0.82
24.08.2021 01:02:06.230,1.37178,1.37168,0.75,0.75
24.08.2021 01:02:06.801,1.37179,1.37168,0.75,0.75
24.08.2021 01:02:07.155,1.37178,1.37168,0.75,0.75
24.08.2021 01:02:07.256,1.37178,1.37169,0.75,0.75
24.08.2021 01:02:07.380,1.37178,1.37168,0.75,0.75
24.08.2021 01:02:08.350,1.37179,1.37166,0.75,0.82
24.08.2021 01:02:09.145,1.37178,1.37168,0.75,0.75
24.08.2021 01:02:09.246,1.37178,1.37169,0.75,0.75
24.08.2021 01:02:09.347,1.37178,1.37168,0.75,0.75
24.08.2021 01:02:09.878,1.37178,1.37169,0.75,0.75
24.08.2021 01:02:10.088,1.3718299999999999,1.3717100000000002,0.82,0.75
24.08.2021 01:02:10.189,1.3718299999999999,1.37173,1.5,0.1
24.08.2021 01:02:12.309,1.3718100000000002,1.3717000000000001,1.5,0.45
24.08.2021 01:02:12.563,1.3718000000000001,1.37169,0.19,0.82
24.08.2021 01:02:45.153,1.37179,1.37168,0.75,0.75
24.08.2021 01:02:45.597,1.37179,1.37166,0.75,0.1
24.08.2021 01:02:46.937,1.37178,1.37166,0.75,0.1
24.08.2021 01:02:50.669,1.37179,1.37166,1.5,0.75
24.08.2021 01:02:51.314,1.37174,1.37164,0.75,2.32
24.08.2021 01:02:53.109,1.37174,1.37163,0.75,1.95
24.08.2021 01:02:58.260,1.37174,1.37162,0.75,1.2
24.08.2021 01:02:58.514,1.37173,1.37164,0.75,0.75
24.08.2021 01:02:58.615,1.37174,1.37163,1.5,0.82
24.08.2021 01:02:58.767,1.37173,1.37163,0.75,0.82
24.08.2021 01:03:00.783,1.37175,1.37162,1.5,1.95
24.08.2021 01:03:00.884,1.37176,1.37166,0.75,0.82
24.08.2021 01:03:00.986,1.37178,1.37165,1.5,1.57
24.08.2021 01:03:13.783,1.37178,1.37166,0.75,0.75
24.08.2021 01:03:13.885,1.37179,1.37166,1.5,0.75
24.08.2021 01:03:24.375,1.37178,1.37168,0.75,0.75
24.08.2021 01:03:24.579,1.37178,1.3716700000000002,0.75,0.82
24.08.2021 01:03:26.052,1.37179,1.37169,1.69,0.75
24.08.2021 01:03:26.154,1.3718299999999999,1.3717100000000002,0.75,1.2
24.08.2021 01:03:26.205,1.37184,1.37173,2.7,0.1
24.08.2021 01:03:26.307,1.37184,1.37172,0.75,0.1
24.08.2021 01:03:30.342,1.3718299999999999,1.37174,0.75,0.82
24.08.2021 01:03:31.702,1.3718299999999999,1.37173,0.75,0.1
24.08.2021 01:03:31.854,1.3718299999999999,1.37172,0.75,0.82
24.08.2021 01:03:43.545,1.3718299999999999,1.37173,0.75,0.1
24.08.2021 01:03:44.327,1.37184,1.3717100000000002,0.75,0.82
24.08.2021 01:03:44.571,1.37184,1.37172,0.75,0.1
24.08.2021 01:03:45.399,1.3718299999999999,1.37172,0.75,0.82
24.08.2021 01:03:50.071,1.3718299999999999,1.37174,0.75,0.82
24.08.2021 01:03:50.172,1.37185,1.37173,0.94,0.82
24.08.2021 01:04:02.333,1.37185,1.37174,0.94,0.75
24.08.2021 01:04:02.435,1.37184,1.37174,0.94,0.82
24.08.2021 01:04:02.536,1.37184,1.37175,0.94,0.75
24.08.2021 01:04:04.466,1.37185,1.37175,0.75,0.82
24.08.2021 01:04:05.678,1.37186,1.37173,0.75,1.2
24.08.2021 01:04:06.576,1.37185,1.37175,0.75,0.1
24.08.2021 01:04:12.682,1.37188,1.37178,1.57,0.75
24.08.2021 01:04:12.784,1.37188,1.3717700000000002,0.75,0.82
24.08.2021 01:04:12.936,1.37189,1.3717700000000002,2.62,0.82
24.08.2021 01:04:21.821,1.37189,1.37179,2.62,0.75
24.08.2021 01:04:22.515,1.37192,1.3718100000000002,1.12,1.12
24.08.2021 01:04:22.616,1.37193,1.3718100000000002,0.75,1.2
24.08.2021 01:04:22.718,1.37195,1.37182,2.44,0.1
24.08.2021 01:04:25.297,1.37193,1.3718299999999999,0.75,0.1
24.08.2021 01:04:27.392,1.37196,1.37186,1.5,0.75
24.08.2021 01:04:29.886,1.372,1.37188,1.95,0.45
24.08.2021 01:04:29.937,1.37199,1.37186,0.94,1.95
24.08.2021 01:04:30.681,1.37198,1.37184,0.75,1.2
24.08.2021 01:04:30.784,1.37195,1.37182,0.75,0.82
24.08.2021 01:04:30.887,1.37194,1.37182,1.76,0.1
24.08.2021 01:04:31.040,1.37189,1.3718000000000001,0.75,1.2
24.08.2021 01:04:31.092,1.3719100000000002,1.3717700000000002,1.5,0.1
24.08.2021 01:04:31.195,1.3719000000000001,1.37175,1.5,0.82
24.08.2021 01:04:53.610,1.37189,1.3717700000000002,2.62,0.75
24.08.2021 01:04:53.993,1.37189,1.37176,2.62,1.57
24.08.2021 01:04:54.095,1.37188,1.37176,1.57,0.1
24.08.2021 01:04:55.200,1.37186,1.37173,2.06,0.1
24.08.2021 01:04:55.453,1.37186,1.37172,2.32,0.45
24.08.2021 01:04:55.715,1.37184,1.37173,0.75,0.1
24.08.2021 01:04:56.349,1.37185,1.37173,0.75,0.75
24.08.2021 01:04:56.400,1.3718700000000001,1.37174,2.14,0.75
24.08.2021 01:04:56.654,1.37186,1.37176,0.94,0.75
24.08.2021 01:04:56.807,1.37186,1.37175,0.94,0.82
24.08.2021 01:04:58.394,1.37186,1.37176,0.94,0.75
24.08.2021 01:04:58.794,1.37186,1.37175,0.19,0.82
24.08.2021 01:04:59.253,1.37186,1.37176,0.19,0.75
24.08.2021 01:04:59.383,1.37186,1.37175,0.19,0.82
24.08.2021 01:04:59.691,1.37186,1.37176,0.19,0.75
24.08.2021 01:05:00.027,1.3718700000000001,1.37174,0.19,0.82
24.08.2021 01:05:00.537,1.37186,1.37176,0.19,0.75
24.08.2021 01:05:00.748,1.37186,1.3717700000000002,0.19,0.75
24.08.2021 01:05:00.849,1.37188,1.37175,1.76,0.75
24.08.2021 01:05:00.951,1.3718700000000001,1.3717700000000002,1.76,0.75
24.08.2021 01:05:01.199,1.3718700000000001,1.37176,1.76,0.75
24.08.2021 01:05:01.432,1.3718700000000001,1.3717700000000002,1.76,0.75
24.08.2021 01:05:02.039,1.37188,1.37175,1.76,0.75
24.08.2021 01:05:02.160,1.3718700000000001,1.3717700000000002,1.76,0.75
24.08.2021 01:05:02.368,1.37188,1.37175,1.76,0.75
24.08.2021 01:05:03.479,1.3718700000000001,1.3717700000000002,1.76,0.75
24.08.2021 01:05:03.688,1.37188,1.37175,1.76,0.75
24.08.2021 01:05:05.814,1.3718700000000001,1.37175,1.76,0.82
24.08.2021 01:05:06.054,1.37188,1.37175,1.76,0.75
24.08.2021 01:05:08.594,1.3718700000000001,1.37175,1.76,0.82
24.08.2021 01:05:10.054,1.3718700000000001,1.37176,1.76,0.75
24.08.2021 01:05:13.396,1.37188,1.37176,1.76,0.75
24.08.2021 01:05:13.978,1.37188,1.37174,1.76,0.82
24.08.2021 01:05:14.236,1.3718700000000001,1.37176,1.76,0.75
24.08.2021 01:05:14.400,1.3718700000000001,1.37175,1.76,0.82
24.08.2021 01:05:14.506,1.3718700000000001,1.37176,1.76,0.75
24.08.2021 01:05:14.889,1.3718700000000001,1.3717700000000002,1.76,0.75
24.08.2021 01:05:15.082,1.3718700000000001,1.37175,1.76,0.82
24.08.2021 01:05:15.344,1.3718700000000001,1.37176,1.76,0.75
24.08.2021 01:05:15.448,1.3718700000000001,1.37175,1.76,0.82
24.08.2021 01:05:15.662,1.3718700000000001,1.37176,1.76,0.75
24.08.2021 01:05:15.790,1.37188,1.37174,1.76,0.82
24.08.2021 01:05:15.891,1.3718700000000001,1.37176,1.76,0.75
24.08.2021 01:05:18.038,1.3718700000000001,1.37175,1.76,0.82
24.08.2021 01:05:19.053,1.37188,1.37175,1.76,0.75
24.08.2021 01:05:23.092,1.37188,1.37174,1.76,0.82
24.08.2021 01:05:25.315,1.37185,1.37174,0.94,0.1
24.08.2021 01:05:25.468,1.37184,1.37173,0.37,0.1
24.08.2021 01:05:25.570,1.37184,1.37172,0.37,2.32
24.08.2021 01:05:25.880,1.37184,1.37173,0.37,0.75
24.08.2021 01:05:25.982,1.3718299999999999,1.37173,0.37,1.95
24.08.2021 01:05:26.425,1.37184,1.37173,0.37,1.95
24.08.2021 01:05:28.310,1.37185,1.37173,0.37,0.75
24.08.2021 01:05:28.412,1.37185,1.37172,0.37,0.82
24.08.2021 01:05:29.525,1.37185,1.37173,2.14,0.82
24.08.2021 01:05:30.814,1.37185,1.37174,2.14,0.75
24.08.2021 01:05:30.967,1.37185,1.37173,2.14,0.82
24.08.2021 01:05:31.069,1.37185,1.37174,2.14,0.75
24.08.2021 01:05:32.958,1.37186,1.37174,2.06,0.75
24.08.2021 01:05:33.061,1.37185,1.37174,2.06,0.82
24.08.2021 01:05:33.542,1.37186,1.37172,2.14,0.1
24.08.2021 01:05:33.857,1.37185,1.37172,0.37,0.1
24.08.2021 01:05:35.148,1.37185,1.3717100000000002,0.45,1.95
24.08.2021 01:05:35.249,1.37184,1.3717100000000002,1.76,0.37
24.08.2021 01:05:35.351,1.3718000000000001,1.3717000000000001,0.37,0.1
24.08.2021 01:05:35.402,1.3718000000000001,1.3716700000000002,0.94,0.75
24.08.2021 01:05:36.093,1.37179,1.3716700000000002,0.75,1.95
24.08.2021 01:05:42.455,1.3718000000000001,1.3716700000000002,0.75,0.75
24.08.2021 01:05:42.556,1.37179,1.3716700000000002,0.75,1.57
24.08.2021 01:05:55.932,1.37176,1.37163,0.94,1.2
24.08.2021 01:05:56.039,1.37175,1.37163,1.12,0.82
24.08.2021 01:06:00.632,1.37174,1.37163,0.75,0.82
24.08.2021 01:06:06.009,1.37174,1.37162,1.5,0.82
24.08.2021 01:06:06.794,1.37175,1.37162,1.5,1.5
24.08.2021 01:06:07.731,1.37175,1.37161,1.5,0.1
24.08.2021 01:06:12.246,1.37174,1.37163,1.5,0.75
24.08.2021 01:06:13.033,1.37174,1.37162,1.5,1.2
24.08.2021 01:06:15.078,1.37174,1.37163,1.5,0.75
24.08.2021 01:06:16.020,1.37174,1.37162,1.5,0.82
24.08.2021 01:06:16.121,1.37174,1.37163,1.5,0.75
24.08.2021 01:06:20.176,1.37175,1.37161,1.5,0.45
24.08.2021 01:06:20.642,1.37173,1.37162,0.75,0.37
24.08.2021 01:06:20.800,1.37174,1.37162,1.57,0.37
24.08.2021 01:06:34.041,1.37175,1.37162,1.5,0.75
24.08.2021 01:06:34.183,1.37174,1.37162,1.5,1.2
24.08.2021 01:07:00.662,1.37172,1.37162,1.12,0.45
24.08.2021 01:07:00.865,1.37173,1.37162,2.7,0.1
24.08.2021 01:07:04.125,1.3717100000000002,1.37161,0.94,0.45
24.08.2021 01:07:04.226,1.37172,1.37159,1.01,0.75
24.08.2021 01:07:04.438,1.3717000000000001,1.3716000000000002,0.19,0.75
24.08.2021 01:07:04.540,1.3717000000000001,1.37159,0.94,0.1
24.08.2021 01:07:38.268,1.3717000000000001,1.37163,0.94,0.75
24.08.2021 01:07:38.319,1.37174,1.37161,1.27,0.1
24.08.2021 01:07:38.420,1.37173,1.37163,0.75,0.1
24.08.2021 01:07:38.521,1.37174,1.37163,2.7,0.1
24.08.2021 01:07:38.962,1.37174,1.37161,2.7,1.2
24.08.2021 01:07:42.836,1.37173,1.37161,0.75,1.57
24.08.2021 01:07:49.153,1.37174,1.37162,1.5,0.1
24.08.2021 01:07:51.017,1.37175,1.37162,2.7,0.1
24.08.2021 01:07:59.243,1.37173,1.37163,0.75,0.1
24.08.2021 01:08:10.693,1.37173,1.37161,1.5,1.57
24.08.2021 01:08:27.014,1.37174,1.37161,0.75,0.37
24.08.2021 01:08:29.513,1.37173,1.37161,0.75,2.32
24.08.2021 01:08:32.589,1.37173,1.37163,0.75,0.82
24.08.2021 01:08:32.792,1.37174,1.37163,0.75,0.75
24.08.2021 01:08:32.944,1.37173,1.37163,0.75,0.1
24.08.2021 01:08:34.432,1.37174,1.37164,1.5,0.82
24.08.2021 01:08:42.088,1.37174,1.37165,0.75,0.75
24.08.2021 01:08:42.190,1.37174,1.37164,0.75,0.82
24.08.2021 01:08:42.398,1.37174,1.37165,0.75,0.75
24.08.2021 01:08:43.202,1.37174,1.37164,0.75,0.82
24.08.2021 01:08:51.985,1.37174,1.37165,0.75,0.75
24.08.2021 01:08:53.611,1.37175,1.37163,1.5,0.82
24.08.2021 01:09:04.828,1.37174,1.37165,0.75,0.75
24.08.2021 01:09:04.929,1.37174,1.37164,0.75,1.2
24.08.2021 01:09:09.853,1.37174,1.37165,0.75,0.75
24.08.2021 01:09:10.228,1.37174,1.37164,0.75,1.2
24.08.2021 01:09:12.674,1.37169,1.37163,0.94,0.1
24.08.2021 01:09:12.775,1.37163,1.3716000000000002,0.19,7.5
24.08.2021 01:09:12.826,1.3716000000000002,1.37153,0.19,0.1
24.08.2021 01:09:12.928,1.3716000000000002,1.37152,0.19,0.1
24.08.2021 01:09:13.029,1.37161,1.3715000000000002,0.19,1.95
24.08.2021 01:09:13.181,1.37161,1.37151,0.19,0.1
24.08.2021 01:09:13.528,1.37161,1.3715000000000002,0.19,0.82
24.08.2021 01:09:13.579,1.37155,1.3715000000000002,0.19,0.75
24.08.2021 01:09:13.781,1.37154,1.3715000000000002,0.37,0.75
24.08.2021 01:09:13.832,1.37154,1.37145,0.37,0.1
24.08.2021 01:09:14.256,1.37155,1.37145,0.19,0.1
24.08.2021 01:09:14.591,1.3715600000000001,1.3714600000000001,0.94,0.82
24.08.2021 01:09:16.613,1.3715700000000002,1.3714600000000001,0.19,0.75
24.08.2021 01:09:16.816,1.3715700000000002,1.3714700000000002,0.19,0.75
24.08.2021 01:09:18.484,1.3715700000000002,1.37148,1.69,0.75
24.08.2021 01:09:20.073,1.37158,1.3714600000000001,1.69,0.82
24.08.2021 01:09:20.225,1.3715700000000002,1.37148,1.69,0.75
24.08.2021 01:09:20.459,1.37158,1.3714600000000001,1.69,0.82
24.08.2021 01:09:20.873,1.37158,1.3714700000000002,1.5,0.75
24.08.2021 01:09:39.175,1.37158,1.3714600000000001,1.5,0.82
24.08.2021 01:09:40.851,1.3715700000000002,1.3714600000000001,0.75,0.75
24.08.2021 01:09:41.366,1.3715700000000002,1.3714700000000002,0.75,0.75
24.08.2021 01:09:43.481,1.37155,1.37148,0.75,0.75
24.08.2021 01:09:46.538,1.37155,1.3714700000000002,0.75,0.75
24.08.2021 01:09:46.649,1.3715600000000001,1.3714700000000002,0.75,0.75
24.08.2021 01:10:07.678,1.3715700000000002,1.37148,1.57,0.75
24.08.2021 01:10:12.722,1.37159,1.37148,0.75,1.2
24.08.2021 01:10:12.824,1.37158,1.3714700000000002,0.94,0.75
24.08.2021 01:11:05.248,1.3715700000000002,1.3714700000000002,0.19,0.82
24.08.2021 01:11:05.591,1.37158,1.3714700000000002,0.19,0.75
24.08.2021 01:11:12.793,1.37159,1.3714700000000002,0.94,0.75
24.08.2021 01:11:20.382,1.37159,1.37148,0.19,0.1
24.08.2021 01:11:23.220,1.37158,1.3715000000000002,0.19,0.1
24.08.2021 01:11:29.045,1.37158,1.37149,1.5,0.1
24.08.2021 01:11:35.797,1.37158,1.37148,1.57,0.82
24.08.2021 01:11:59.090,1.37159,1.3714600000000001,1.57,1.2
24.08.2021 01:11:59.397,1.3715600000000001,1.3714700000000002,0.75,1.2
24.08.2021 01:12:04.293,1.3715600000000001,1.37148,0.75,0.1
24.08.2021 01:12:12.705,1.37162,1.37149,0.82,1.12
24.08.2021 01:12:12.857,1.3716000000000002,1.3715000000000002,0.75,0.45
24.08.2021 01:12:31.225,1.37162,1.3715000000000002,0.94,0.37
24.08.2021 01:12:31.832,1.3716000000000002,1.37149,1.87,0.45
24.08.2021 01:12:31.934,1.37159,1.37148,1.87,0.1
24.08.2021 01:12:32.035,1.37159,1.3714700000000002,0.75,0.1
24.08.2021 01:12:33.224,1.3715700000000002,1.3714700000000002,0.75,0.1
24.08.2021 01:12:33.326,1.37158,1.37145,0.75,0.82
24.08.2021 01:12:55.105,1.37158,1.3714600000000001,1.5,3.45
24.08.2021 01:12:55.206,1.37159,1.3714600000000001,1.5,0.1
24.08.2021 01:12:57.688,1.37158,1.37148,0.75,0.1
24.08.2021 01:13:00.424,1.37161,1.37149,0.94,1.87
24.08.2021 01:13:00.577,1.37161,1.3715000000000002,0.94,1.5
24.08.2021 01:13:00.728,1.37162,1.3715000000000002,0.94,0.1
24.08.2021 01:13:01.857,1.37161,1.37151,0.19,0.37
24.08.2021 01:13:06.715,1.3716000000000002,1.37151,0.19,1.2
24.08.2021 01:13:59.127,1.37161,1.37151,0.19,0.1
24.08.2021 01:14:01.851,1.37162,1.37151,0.19,0.1
24.08.2021 01:14:02.297,1.37162,1.37152,0.75,0.1
24.08.2021 01:14:08.722,1.37158,1.3715000000000002,0.56,0.1
24.08.2021 01:14:08.824,1.37158,1.3715000000000002,0.94,0.1
24.08.2021 01:14:08.926,1.37154,1.37148,0.19,7.5
24.08.2021 01:14:08.977,1.37154,1.37145,0.94,0.1
24.08.2021 01:14:09.080,1.37154,1.37143,0.19,0.1
24.08.2021 01:14:12.164,1.37155,1.37145,1.76,0.1
24.08.2021 01:14:13.937,1.37155,1.37144,2.7,0.75
24.08.2021 01:14:19.084,1.37155,1.37143,2.19,0.82
24.08.2021 01:14:24.404,1.37155,1.37144,0.94,0.82
24.08.2021 01:14:35.761,1.3715600000000001,1.37144,0.94,0.1
24.08.2021 01:14:37.202,1.37155,1.37144,1.01,0.75
24.08.2021 01:14:48.580,1.3715700000000002,1.37143,0.82,0.82
24.08.2021 01:14:56.537,1.3715600000000001,1.37145,0.75,0.75
24.08.2021 01:14:56.639,1.3715600000000001,1.3714600000000001,0.75,0.75
24.08.2021 01:14:57.286,1.3715700000000002,1.37144,0.75,0.75
24.08.2021 01:14:57.640,1.3715600000000001,1.3714600000000001,0.75,0.75
24.08.2021 01:14:57.773,1.3715700000000002,1.37144,0.75,0.75
24.08.2021 01:14:58.351,1.37159,1.37149,0.19,1.69
24.08.2021 01:14:58.452,1.3715700000000002,1.37148,0.94,1.5
24.08.2021 01:14:58.554,1.37155,1.37145,0.75,1.52
24.08.2021 01:14:58.655,1.3715600000000001,1.37143,0.75,1.2
24.08.2021 01:15:01.540,1.37154,1.37142,0.75,1.12
24.08.2021 01:15:04.022,1.37155,1.37142,0.75,1.87
24.08.2021 01:15:14.309,1.37154,1.37142,0.1,0.37
24.08.2021 01:15:30.247,1.37153,1.37142,0.1,0.75
24.08.2021 01:15:35.097,1.37154,1.37142,0.82,0.82
24.08.2021 01:15:35.881,1.37154,1.37141,0.1,0.75
24.08.2021 01:15:39.110,1.37154,1.37143,0.82,0.37
24.08.2021 01:15:51.173,1.37153,1.37143,0.1,0.37
24.08.2021 01:16:01.035,1.37153,1.37142,0.1,0.75
24.08.2021 01:16:02.918,1.37154,1.37142,0.1,0.37
24.08.2021 01:16:03.070,1.37158,1.3715000000000002,2.38,0.37
24.08.2021 01:16:03.171,1.37159,1.3715000000000002,0.19,0.37
24.08.2021 01:16:04.264,1.3716000000000002,1.37148,0.26,3.56
24.08.2021 01:16:04.369,1.3716000000000002,1.3715000000000002,1.2,2.06
24.08.2021 01:16:06.077,1.3716000000000002,1.37151,0.19,0.37
24.08.2021 01:16:09.342,1.37159,1.3715000000000002,0.19,2.06
24.08.2021 01:16:09.449,1.37158,1.37149,0.1,1.5
24.08.2021 01:16:09.551,1.37158,1.37148,0.1,1.5
24.08.2021 01:16:09.653,1.3715700000000002,1.37144,0.1,0.75
24.08.2021 01:16:09.754,1.37155,1.37145,0.1,0.75
24.08.2021 01:16:11.752,1.37154,1.37145,0.1,0.75
24.08.2021 01:16:18.093,1.37153,1.37143,0.1,0.75
24.08.2021 01:16:21.796,1.37152,1.37142,0.1,1.87
24.08.2021 01:16:36.599,1.37154,1.37141,1.2,0.75
24.08.2021 01:16:40.905,1.37152,1.37142,0.1,1.12
24.08.2021 01:16:44.801,1.37153,1.37142,1.2,1.12
24.08.2021 01:16:45.857,1.37153,1.37141,0.1,1.12
24.08.2021 01:16:52.953,1.37153,1.3714000000000002,0.1,1.5
24.08.2021 01:16:57.057,1.37153,1.37141,0.1,0.37
24.08.2021 01:17:34.059,1.37153,1.3714000000000002,0.1,1.5
24.08.2021 01:17:48.357,1.37152,1.37142,0.1,0.37
24.08.2021 01:18:02.296,1.37153,1.37142,1.2,1.12
24.08.2021 01:18:03.414,1.37152,1.37142,0.1,0.37
24.08.2021 01:18:32.353,1.37151,1.37142,0.1,0.75
24.08.2021 01:18:32.408,1.37148,1.3714000000000002,1.39,0.37
24.08.2021 01:18:32.460,1.3714700000000002,1.37135,1.12,0.75
24.08.2021 01:18:32.561,1.37145,1.37135,0.37,0.75
24.08.2021 01:18:45.439,1.37143,1.37133,0.82,0.75
24.08.2021 01:18:45.541,1.37143,1.37132,0.1,1.5
24.08.2021 01:18:45.643,1.37144,1.37132,0.1,2.32
24.08.2021 01:18:46.360,1.37144,1.37134,0.1,0.75
24.08.2021 01:18:53.841,1.37145,1.37131,1.2,1.57
24.08.2021 01:18:53.942,1.37144,1.37131,0.1,1.5
24.08.2021 01:19:07.724,1.3714600000000001,1.37138,0.1,1.12
24.08.2021 01:19:07.776,1.3714600000000001,1.37133,0.1,2.25
24.08.2021 01:19:12.110,1.3714600000000001,1.37135,0.1,0.75
24.08.2021 01:19:16.353,1.3714600000000001,1.3713600000000001,1.2,0.75
24.08.2021 01:19:16.798,1.3714600000000001,1.37133,1.2,0.75
24.08.2021 01:19:16.849,1.37143,1.37133,0.1,1.87
24.08.2021 01:19:16.950,1.37143,1.37134,0.1,0.75
24.08.2021 01:19:20.480,1.37142,1.37134,0.1,0.75
24.08.2021 01:19:20.633,1.37142,1.37133,0.1,1.12
24.08.2021 01:19:23.298,1.37143,1.37133,0.82,1.12
24.08.2021 01:19:23.736,1.37142,1.37133,0.1,1.12
24.08.2021 01:19:28.295,1.37142,1.37132,0.1,1.12
24.08.2021 01:20:02.014,1.37143,1.37133,0.45,0.75
24.08.2021 01:20:02.217,1.37144,1.37134,1.2,0.75
24.08.2021 01:20:04.010,1.37143,1.37133,0.1,0.37
24.08.2021 01:20:04.320,1.37143,1.37132,0.1,3
24.08.2021 01:20:06.186,1.37143,1.37131,0.1,3
24.08.2021 01:20:07.842,1.37144,1.37131,0.45,3
24.08.2021 01:20:08.072,1.37143,1.37135,0.45,1.5
24.08.2021 01:20:10.026,1.37143,1.37133,0.1,0.37
24.08.2021 01:20:11.081,1.37142,1.37133,0.1,0.75
24.08.2021 01:20:13.312,1.37143,1.37133,0.45,0.75
24.08.2021 01:20:15.043,1.37143,1.37134,0.45,0.75
24.08.2021 01:20:15.285,1.37142,1.37134,0.1,0.75
24.08.2021 01:20:17.410,1.37143,1.37134,0.1,0.75
24.08.2021 01:20:27.335,1.37143,1.37133,0.1,0.75
24.08.2021 01:20:32.131,1.37143,1.37134,0.1,0.75
24.08.2021 01:20:33.488,1.37143,1.37133,0.1,0.75
24.08.2021 01:20:40.281,1.37143,1.3713600000000001,0.1,0.75
24.08.2021 01:20:46.790,1.3714700000000002,1.37139,0.75,8.7
24.08.2021 01:20:46.892,1.37151,1.37144,0.26,0.75
24.08.2021 01:20:46.994,1.37152,1.37145,0.45,0.75
24.08.2021 01:20:52.365,1.37152,1.3714600000000001,0.1,0.75
24.08.2021 01:20:52.467,1.37154,1.37145,0.26,0.75
24.08.2021 01:21:00.053,1.37155,1.37145,1.2,0.75
24.08.2021 01:21:00.808,1.37154,1.37145,0.1,0.75
24.08.2021 01:21:01.061,1.37153,1.37145,0.1,0.75
24.08.2021 01:21:02.591,1.37153,1.3714600000000001,0.45,0.75
24.08.2021 01:21:02.997,1.37155,1.37145,0.64,0.75
24.08.2021 01:21:03.220,1.37153,1.3714600000000001,0.37,0.75
24.08.2021 01:21:10.282,1.37153,1.37145,0.37,0.75
24.08.2021 01:21:10.384,1.37153,1.37142,0.37,1.57
24.08.2021 01:21:11.318,1.37153,1.37144,0.37,0.75
24.08.2021 01:21:11.760,1.37152,1.37144,0.37,0.75
24.08.2021 01:21:21.051,1.37153,1.37144,1.01,0.75
24.08.2021 01:21:43.723,1.37153,1.37143,0.1,0.75
24.08.2021 01:21:43.926,1.3715000000000002,1.37141,0.19,0.75
24.08.2021 01:21:43.977,1.37148,1.37138,0.19,0.37
24.08.2021 01:21:44.079,1.3714700000000002,1.3713700000000002,0.1,0.75
24.08.2021 01:21:44.181,1.37148,1.37135,0.1,1.5
24.08.2021 01:21:44.546,1.37148,1.37138,0.1,1.5
24.08.2021 01:21:44.597,1.37151,1.3714000000000002,1.57,1.12
24.08.2021 01:21:45.476,1.37145,1.3713700000000002,0.19,0.75
24.08.2021 01:21:45.528,1.3714600000000001,1.37134,0.26,0.75
24.08.2021 01:21:45.630,1.37144,1.37134,0.1,0.75
24.08.2021 01:21:47.799,1.37144,1.37133,0.45,0.94
24.08.2021 01:21:49.223,1.37142,1.37133,0.1,0.94
24.08.2021 01:21:50.610,1.37143,1.37133,0.1,0.75
24.08.2021 01:22:11.270,1.37144,1.37133,0.1,0.75
24.08.2021 01:22:14.110,1.37144,1.37134,0.1,0.75
24.08.2021 01:22:14.212,1.3714700000000002,1.37142,0.75,0.75
24.08.2021 01:22:14.313,1.3714700000000002,1.37143,0.75,0.75
24.08.2021 01:22:15.104,1.37149,1.3714000000000002,0.37,0.75
24.08.2021 01:22:15.205,1.37149,1.37138,0.19,0.75
24.08.2021 01:22:15.307,1.37148,1.3713700000000002,0.26,1.5
24.08.2021 01:22:15.554,1.3714600000000001,1.3713700000000002,0.37,1.5
24.08.2021 01:22:21.208,1.3714700000000002,1.3713700000000002,0.37,0.75
24.08.2021 01:22:22.526,1.37148,1.3713700000000002,0.26,0.75
24.08.2021 01:22:31.920,1.3714700000000002,1.3713600000000001,0.1,0.75
24.08.2021 01:22:32.021,1.37148,1.37134,0.1,2.44
24.08.2021 01:22:32.278,1.3714600000000001,1.37135,0.1,2.44
24.08.2021 01:23:27.433,1.37149,1.37142,0.94,0.75
24.08.2021 01:23:27.485,1.37153,1.3714000000000002,2.32,1.2
24.08.2021 01:23:37.804,1.37153,1.37141,0.1,0.75
24.08.2021 01:23:38.213,1.37153,1.37142,1.95,0.82
24.08.2021 01:23:38.361,1.37153,1.37141,0.1,0.75
24.08.2021 01:23:44.455,1.37154,1.37141,1.95,0.82
24.08.2021 01:23:50.068,1.37153,1.37143,0.19,0.1
24.08.2021 01:24:03.933,1.37155,1.37143,0.19,0.1
24.08.2021 01:24:09.809,1.37153,1.37143,0.1,0.75
24.08.2021 01:24:11.634,1.37155,1.37142,1.01,0.82
24.08.2021 01:24:20.339,1.37154,1.37144,0.26,0.75
24.08.2021 01:24:22.707,1.37155,1.37142,0.26,0.82
24.08.2021 01:24:28.699,1.37153,1.37143,0.1,0.75
24.08.2021 01:24:32.310,1.37154,1.37143,1.01,0.82
24.08.2021 01:24:44.284,1.37154,1.37144,2.94,0.1
24.08.2021 01:24:44.386,1.37155,1.37144,0.45,0.82
24.08.2021 01:24:48.106,1.3715700000000002,1.37148,2.19,0.75
24.08.2021 01:24:48.158,1.3715600000000001,1.3714600000000001,0.19,0.75
24.08.2021 01:24:48.259,1.3715700000000002,1.37144,0.19,0.82
24.08.2021 01:24:49.609,1.37158,1.37144,0.26,1.01
24.08.2021 01:24:50.497,1.3715700000000002,1.37143,0.45,0.82
24.08.2021 01:24:50.599,1.37155,1.37145,0.75,0.75
24.08.2021 01:24:50.700,1.37154,1.37145,2.19,0.75
24.08.2021 01:24:50.801,1.3715600000000001,1.37144,2.94,0.75
24.08.2021 01:24:51.041,1.37154,1.37144,2.19,0.75
24.08.2021 01:24:51.220,1.37154,1.37143,2.19,0.1
24.08.2021 01:24:51.270,1.37155,1.37144,0.75,0.1
24.08.2021 01:24:51.531,1.37154,1.37144,0.37,0.1
24.08.2021 01:24:52.886,1.37154,1.37143,0.37,0.1
24.08.2021 01:24:53.625,1.37155,1.37141,0.45,1.95
24.08.2021 01:25:01.577,1.3715600000000001,1.3714600000000001,0.1,0.19
24.08.2021 01:25:01.683,1.37155,1.37142,0.26,1.57
24.08.2021 01:25:01.784,1.37153,1.37143,0.37,1.57
24.08.2021 01:25:05.133,1.37154,1.37143,0.64,1.57
24.08.2021 01:25:06.088,1.37153,1.37143,0.37,1.57
24.08.2021 01:25:08.767,1.37154,1.37143,0.45,1.57
24.08.2021 01:25:09.780,1.37153,1.37143,0.37,1.57
24.08.2021 01:25:10.840,1.37155,1.37142,0.45,1.57
24.08.2021 01:25:12.292,1.3715600000000001,1.37143,0.1,1.2
24.08.2021 01:25:13.802,1.37154,1.37144,0.37,0.82
24.08.2021 01:25:16.525,1.37153,1.37144,0.37,0.82
24.08.2021 01:25:31.567,1.37155,1.37143,0.37,0.82
24.08.2021 01:25:40.157,1.37155,1.3715000000000002,0.37,0.75
24.08.2021 01:25:40.209,1.37159,1.37149,0.75,1.5
24.08.2021 01:25:40.310,1.3716000000000002,1.3715000000000002,7.69,1.87
24.08.2021 01:25:53.050,1.3716000000000002,1.37151,0.19,0.1
24.08.2021 01:26:00.138,1.37159,1.37151,0.19,0.1
24.08.2021 01:26:00.610,1.3716000000000002,1.37149,0.19,1.2
24.08.2021 01:26:02.210,1.3716000000000002,1.3715000000000002,0.19,1.95
24.08.2021 01:26:03.333,1.37159,1.3715000000000002,0.19,1.2
24.08.2021 01:26:08.440,1.3716000000000002,1.3715000000000002,0.19,0.75
24.08.2021 01:26:11.260,1.37161,1.3715000000000002,0.19,0.75
24.08.2021 01:26:52.670,1.3715600000000001,1.37149,0.75,0.19
24.08.2021 01:26:52.773,1.37154,1.3714600000000001,0.26,7.5
24.08.2021 01:26:52.925,1.37155,1.37143,0.26,0.75
24.08.2021 01:26:53.182,1.3715600000000001,1.37143,2.51,1.57
24.08.2021 01:26:56.708,1.37155,1.37143,0.75,0.82
24.08.2021 01:27:00.122,1.37153,1.37143,0.82,1.5
24.08.2021 01:27:03.260,1.37158,1.3714700000000002,3.19,0.75
24.08.2021 01:27:03.361,1.3715600000000001,1.37144,1.76,0.75
24.08.2021 01:27:03.929,1.37155,1.37144,0.19,0.75
24.08.2021 01:27:20.209,1.37155,1.37143,0.94,1.57
24.08.2021 01:27:20.310,1.37154,1.37145,0.1,0.75
24.08.2021 01:27:25.570,1.37158,1.3715000000000002,0.75,0.75
24.08.2021 01:27:25.621,1.37161,1.3715000000000002,10.33,0.75
24.08.2021 01:27:25.830,1.3716000000000002,1.37153,0.37,0.75
24.08.2021 01:27:25.931,1.37161,1.37153,1.76,0.75
24.08.2021 01:27:38.726,1.37161,1.37152,0.19,0.75
24.08.2021 01:27:49.715,1.37161,1.37153,0.26,0.75
24.08.2021 01:27:50.075,1.3716000000000002,1.37153,0.19,0.75
24.08.2021 01:27:50.287,1.37161,1.37153,0.19,0.75
24.08.2021 01:27:50.522,1.37161,1.37152,0.19,0.75
24.08.2021 01:27:51.620,1.3716000000000002,1.37152,0.1,0.75
24.08.2021 01:27:52.054,1.37159,1.37152,0.1,0.75
24.08.2021 01:27:52.159,1.3716000000000002,1.37152,0.26,0.75
24.08.2021 01:28:05.172,1.3716000000000002,1.3715000000000002,1.01,2.62
24.08.2021 01:28:26.904,1.3716000000000002,1.37151,1.01,0.75
24.08.2021 01:28:32.346,1.3716000000000002,1.3715000000000002,0.94,1.87
24.08.2021 01:28:35.170,1.3716000000000002,1.37153,0.94,1.5
24.08.2021 01:28:35.222,1.37161,1.3715000000000002,0.75,2.25
24.08.2021 01:28:35.424,1.3716000000000002,1.3715000000000002,0.75,5.44
24.08.2021 01:28:47.187,1.37161,1.3715000000000002,0.94,0.75
24.08.2021 01:28:47.443,1.3716000000000002,1.3715000000000002,0.94,6.37
24.08.2021 01:29:11.467,1.37155,1.3714600000000001,0.94,2.06
24.08.2021 01:29:11.569,1.37153,1.37145,1.01,7.5
24.08.2021 01:29:11.721,1.37153,1.37144,1.01,1.5
24.08.2021 01:29:12.853,1.37153,1.37143,1.76,0.75
24.08.2021 01:29:38.151,1.3715700000000002,1.3715000000000002,2.19,3.37
24.08.2021 01:29:38.253,1.3715700000000002,1.37149,0.82,0.75
24.08.2021 01:29:38.354,1.3715700000000002,1.37148,0.82,0.75
24.08.2021 01:29:38.633,1.3715700000000002,1.3714700000000002,0.82,1.69
24.08.2021 01:29:40.174,1.3716000000000002,1.37149,1.69,3
24.08.2021 01:29:40.276,1.37161,1.37149,0.26,3.75
24.08.2021 01:29:56.345,1.37155,1.3714700000000002,0.19,0.75
24.08.2021 01:29:56.396,1.37155,1.37143,0.75,1.12
24.08.2021 01:29:56.699,1.37154,1.37143,0.37,0.75
24.08.2021 01:30:01.202,1.37155,1.37143,1.12,0.75
24.08.2021 01:30:02.082,1.37154,1.37145,0.75,0.75
24.08.2021 01:30:23.708,1.3715700000000002,1.37149,0.75,1.95
24.08.2021 01:30:23.759,1.37158,1.37151,0.37,0.82
24.08.2021 01:30:24.370,1.3716000000000002,1.3715000000000002,0.75,0.82
24.08.2021 01:30:25.334,1.3716000000000002,1.37151,0.75,0.1
24.08.2021 01:30:27.952,1.3716000000000002,1.37152,0.94,0.1
24.08.2021 01:30:28.141,1.3716000000000002,1.37151,0.94,0.82
24.08.2021 01:30:37.174,1.37159,1.37149,0.82,1.57
24.08.2021 01:30:37.277,1.37159,1.37148,0.82,0.75
24.08.2021 01:30:38.756,1.3716000000000002,1.37149,2.19,3.82
24.08.2021 01:30:38.857,1.37161,1.3715000000000002,0.94,0.1
24.08.2021 01:30:44.653,1.37161,1.37149,1.01,3.82
24.08.2021 01:30:48.351,1.3716000000000002,1.37151,0.94,0.1
24.08.2021 01:30:49.201,1.37161,1.37149,1.01,2.7
24.08.2021 01:30:52.244,1.37155,1.37149,0.19,0.75
24.08.2021 01:30:52.295,1.3715600000000001,1.37145,2.62,0.75
24.08.2021 01:30:52.346,1.37155,1.37144,2.62,2.32
24.08.2021 01:30:52.398,1.37155,1.3714600000000001,2.62,0.75
24.08.2021 01:30:52.856,1.3715600000000001,1.37143,2.62,1.57
24.08.2021 01:30:57.993,1.3715600000000001,1.37144,1.95,0.75
24.08.2021 01:30:58.352,1.37155,1.37142,1.76,1.87
24.08.2021 01:30:58.940,1.37153,1.37143,0.37,1.12
24.08.2021 01:31:00.921,1.37155,1.37142,3.07,0.75
24.08.2021 01:31:01.194,1.37154,1.37144,1.12,0.75
24.08.2021 01:31:03.896,1.37153,1.37144,0.37,0.75
24.08.2021 01:31:11.103,1.37153,1.37143,0.37,1.12
24.08.2021 01:31:11.204,1.37154,1.37143,1.95,1.12
24.08.2021 01:31:12.796,1.37154,1.37142,0.37,1.12
24.08.2021 01:31:24.062,1.37154,1.37143,1.95,1.12
24.08.2021 01:31:24.967,1.37154,1.3714700000000002,0.82,0.37
24.08.2021 01:31:25.018,1.3715600000000001,1.37148,0.75,1.5
24.08.2021 01:31:25.069,1.37153,1.37148,0.37,0.75
24.08.2021 01:31:25.120,1.37154,1.37144,0.37,1.5
24.08.2021 01:31:26.109,1.37154,1.37145,0.37,0.75
24.08.2021 01:31:29.878,1.37153,1.37145,0.37,0.75
24.08.2021 01:31:35.589,1.37153,1.37144,0.37,1.5
24.08.2021 01:31:37.099,1.37155,1.37143,0.45,1.5
24.08.2021 01:31:38.499,1.3715000000000002,1.37143,0.19,1.5
24.08.2021 01:31:38.601,1.3715000000000002,1.37142,0.19,0.75
24.08.2021 01:31:38.702,1.37149,1.37141,0.37,0.75
24.08.2021 01:31:38.753,1.37145,1.3713600000000001,0.19,10.5
24.08.2021 01:31:38.855,1.37145,1.37134,0.19,1.5
24.08.2021 01:31:39.233,1.3714600000000001,1.37134,0.75,1.5
24.08.2021 01:31:40.756,1.3715000000000002,1.37139,0.82,4.01
24.08.2021 01:31:40.858,1.37149,1.37141,0.45,1.12
24.08.2021 01:31:40.959,1.37151,1.3714000000000002,0.26,1.12
24.08.2021 01:31:42.281,1.3715000000000002,1.37142,0.19,0.75
24.08.2021 01:31:57.118,1.37152,1.37143,0.26,0.75
24.08.2021 01:32:07.155,1.37154,1.37142,0.94,1.5
24.08.2021 01:32:49.230,1.37153,1.37144,0.19,0.75
24.08.2021 01:32:52.644,1.37155,1.37143,1.76,0.75
24.08.2021 01:32:53.123,1.3715600000000001,1.3715000000000002,2.19,0.75
24.08.2021 01:32:53.226,1.3716000000000002,1.37152,1.01,0.75
24.08.2021 01:32:53.531,1.3716000000000002,1.37149,0.75,2.7
24.08.2021 01:32:56.368,1.37159,1.37151,0.75,0.1
24.08.2021 01:32:58.088,1.3716000000000002,1.37149,0.75,3.26
24.08.2021 01:32:58.225,1.37159,1.37151,0.75,0.1
24.08.2021 01:32:58.373,1.37159,1.3715000000000002,0.75,3.26
24.08.2021 01:32:59.224,1.3716000000000002,1.3715000000000002,0.75,0.1
24.08.2021 01:33:00.068,1.37159,1.3715000000000002,0.75,2.32
24.08.2021 01:33:00.173,1.3716000000000002,1.3715000000000002,0.75,0.1
24.08.2021 01:33:00.292,1.37159,1.3715000000000002,0.75,2.32
24.08.2021 01:33:01.619,1.37159,1.37151,0.75,0.1
24.08.2021 01:33:03.810,1.3716000000000002,1.37149,0.75,3.07
24.08.2021 01:33:04.370,1.37159,1.37151,0.75,0.1
24.08.2021 01:33:04.684,1.3716000000000002,1.37149,0.75,2.32
24.08.2021 01:33:04.885,1.37159,1.37151,0.75,0.1
24.08.2021 01:33:06.671,1.37159,1.3715000000000002,0.75,3.07
24.08.2021 01:33:06.937,1.37159,1.37151,0.75,0.1
24.08.2021 01:33:11.815,1.3716000000000002,1.37149,0.75,3.45
24.08.2021 01:33:12.682,1.37159,1.37151,0.75,1.5
24.08.2021 01:33:14.825,1.3716000000000002,1.37149,0.75,3.07
24.08.2021 01:33:16.360,1.37159,1.37151,0.75,0.1
24.08.2021 01:33:16.798,1.37159,1.3715000000000002,0.75,3.07
24.08.2021 01:33:16.950,1.3716000000000002,1.3715000000000002,0.75,0.1
24.08.2021 01:33:17.405,1.37159,1.3715000000000002,0.75,3.82
24.08.2021 01:33:19.677,1.37159,1.37151,0.75,0.75
24.08.2021 01:33:24.421,1.37159,1.3715000000000002,0.75,4.2
24.08.2021 01:33:24.574,1.37154,1.37148,0.94,0.37
24.08.2021 01:33:24.676,1.37152,1.3714600000000001,0.75,7.5
24.08.2021 01:33:24.777,1.37152,1.37145,0.75,0.75
24.08.2021 01:33:24.878,1.37151,1.37145,0.75,0.75
24.08.2021 01:33:25.688,1.37151,1.37144,0.75,0.75
24.08.2021 01:33:27.758,1.37151,1.37143,0.75,0.75
24.08.2021 01:33:28.574,1.37152,1.37143,0.75,0.75
24.08.2021 01:33:28.693,1.37151,1.37143,0.75,0.75
24.08.2021 01:33:32.425,1.37152,1.37143,0.75,0.75
24.08.2021 01:33:35.643,1.37152,1.37144,0.75,0.75
24.08.2021 01:33:52.563,1.37154,1.37149,0.19,1.5
24.08.2021 01:33:52.614,1.3715700000000002,1.3714600000000001,0.82,0.37
24.08.2021 01:33:52.665,1.37155,1.3714600000000001,0.75,0.37
24.08.2021 01:33:53.449,1.37155,1.3715000000000002,0.75,2.06
24.08.2021 01:33:53.501,1.37158,1.3715000000000002,0.75,1.87
24.08.2021 01:33:56.625,1.37154,1.37149,0.75,0.75
24.08.2021 01:33:56.676,1.3715600000000001,1.37149,1.01,0.75
24.08.2021 01:33:56.777,1.37154,1.3715000000000002,0.1,0.75
24.08.2021 01:33:58.408,1.37153,1.37144,0.75,0.75
24.08.2021 01:34:07.849,1.37151,1.37145,0.75,0.75
24.08.2021 01:34:08.211,1.37152,1.37143,0.75,0.75
24.08.2021 01:34:09.535,1.3715000000000002,1.37144,0.75,0.75
24.08.2021 01:34:10.303,1.37151,1.37144,0.75,0.75
24.08.2021 01:34:10.615,1.37152,1.37142,0.75,0.94
24.08.2021 01:34:14.447,1.37151,1.37142,0.75,0.94
24.08.2021 01:34:14.650,1.3715000000000002,1.37144,0.75,0.75
24.08.2021 01:34:32.432,1.37152,1.37143,0.75,0.75
24.08.2021 01:34:32.534,1.37151,1.37143,0.75,0.75
24.08.2021 01:34:36.994,1.37152,1.37143,0.75,0.75
24.08.2021 01:34:37.340,1.37152,1.37144,0.75,0.75
24.08.2021 01:34:37.442,1.37151,1.37144,0.75,0.75
24.08.2021 01:34:44.176,1.37153,1.37144,0.75,0.75
24.08.2021 01:34:49.150,1.37152,1.37143,0.75,0.75
24.08.2021 01:34:51.833,1.37153,1.37143,0.75,0.75
24.08.2021 01:34:54.584,1.37153,1.37144,0.75,0.75
24.08.2021 01:34:56.691,1.37153,1.37143,0.75,0.75
24.08.2021 01:34:56.843,1.37151,1.37144,0.75,0.75
24.08.2021 01:35:02.450,1.37152,1.37144,0.75,0.75
24.08.2021 01:35:13.138,1.37152,1.37145,0.75,0.75
24.08.2021 01:35:13.239,1.37152,1.37143,0.75,1.57
24.08.2021 01:35:27.486,1.37153,1.37144,0.75,0.1
24.08.2021 01:35:27.972,1.37154,1.37144,1.5,0.1
24.08.2021 01:35:28.109,1.37154,1.37143,1.5,0.1
24.08.2021 01:36:24.015,1.3714600000000001,1.37138,0.94,0.45
24.08.2021 01:36:24.117,1.3715000000000002,1.3714000000000002,0.45,2.32
24.08.2021 01:36:24.218,1.37152,1.3714000000000002,1.69,0.1
24.08.2021 01:36:26.773,1.37151,1.37142,1.69,0.1
24.08.2021 01:36:46.789,1.37152,1.37143,0.94,0.1
24.08.2021 01:36:48.523,1.37152,1.37144,0.75,0.1
24.08.2021 01:36:48.675,1.37154,1.37145,0.75,0.1
24.08.2021 01:36:51.555,1.37153,1.37144,0.75,0.1
24.08.2021 01:36:54.207,1.37153,1.37143,0.75,0.1
24.08.2021 01:36:58.881,1.3715600000000001,1.37145,0.94,0.1
24.08.2021 01:36:59.034,1.37154,1.3714600000000001,0.75,0.1
24.08.2021 01:36:59.136,1.37154,1.37145,0.75,0.1
24.08.2021 01:37:00.894,1.37153,1.37145,0.75,0.1
24.08.2021 01:37:02.882,1.37155,1.3714600000000001,0.75,0.1
24.08.2021 01:37:02.984,1.37155,1.3714700000000002,0.75,0.1
24.08.2021 01:37:07.084,1.3715600000000001,1.3714700000000002,0.75,0.1
24.08.2021 01:37:09.776,1.37155,1.3714600000000001,1.5,0.1
24.08.2021 01:37:12.127,1.37155,1.37145,1.57,0.1
24.08.2021 01:37:14.542,1.37155,1.3714600000000001,0.75,0.1
24.08.2021 01:37:14.644,1.3715600000000001,1.3714600000000001,1.57,0.1
24.08.2021 01:37:15.411,1.3715600000000001,1.3714700000000002,1.5,0.1
24.08.2021 01:37:19.298,1.37154,1.37145,0.75,0.1
24.08.2021 01:37:20.614,1.3715600000000001,1.37145,0.75,0.1
24.08.2021 01:37:20.766,1.37154,1.3714600000000001,0.75,0.1
24.08.2021 01:37:36.952,1.37154,1.3714700000000002,0.75,0.1
24.08.2021 01:37:37.003,1.37159,1.37149,0.75,1.57
24.08.2021 01:37:37.105,1.37159,1.3715000000000002,0.75,0.1
24.08.2021 01:37:43.443,1.37159,1.37151,0.75,0.1
24.08.2021 01:37:43.747,1.37159,1.37154,0.75,0.75
24.08.2021 01:37:44.534,1.37159,1.37155,0.75,0.75
24.08.2021 01:37:44.585,1.37159,1.37153,0.75,10.01
24.08.2021 01:37:44.636,1.37164,1.37158,0.75,0.75
24.08.2021 01:37:44.687,1.37165,1.37159,0.75,1.12
24.08.2021 01:37:44.738,1.37162,1.3716000000000002,0.19,0.75
24.08.2021 01:37:44.789,1.37161,1.3715600000000001,0.75,0.75
24.08.2021 01:37:44.891,1.3716000000000002,1.3715600000000001,0.19,0.75
24.08.2021 01:37:44.993,1.37159,1.3715600000000001,0.75,0.75
24.08.2021 01:37:48.811,1.3716000000000002,1.3715600000000001,0.94,0.75
24.08.2021 01:37:54.294,1.37159,1.3715600000000001,0.75,0.75
24.08.2021 01:37:55.196,1.37159,1.37155,0.75,0.75
24.08.2021 01:38:08.145,1.37161,1.37154,0.94,0.75
24.08.2021 01:38:21.527,1.37161,1.37155,0.75,0.75
24.08.2021 01:38:37.048,1.37161,1.3715600000000001,0.94,0.75
24.08.2021 01:38:42.688,1.37161,1.3715700000000002,0.75,0.75
24.08.2021 01:38:42.841,1.37161,1.3715600000000001,0.75,0.75
24.08.2021 01:38:43.354,1.37162,1.3715600000000001,0.94,0.75
24.08.2021 01:38:43.455,1.3716000000000002,1.3715700000000002,0.75,0.75
24.08.2021 01:38:50.018,1.3716000000000002,1.3715600000000001,0.75,0.75
24.08.2021 01:39:03.848,1.37161,1.37158,0.75,0.75
24.08.2021 01:39:04.562,1.37168,1.37159,2.19,0.1
24.08.2021 01:39:04.612,1.37164,1.37159,0.75,0.75
24.08.2021 01:39:04.714,1.37164,1.37158,0.75,0.37
24.08.2021 01:39:04.816,1.3716700000000002,1.37161,1.87,0.75
24.08.2021 01:39:04.918,1.37163,1.3715700000000002,0.75,0.75
24.08.2021 01:39:05.019,1.37163,1.37154,0.75,0.45
24.08.2021 01:39:05.070,1.3716700000000002,1.37164,0.19,0.75
24.08.2021 01:39:05.171,1.37168,1.37163,0.75,0.75
24.08.2021 01:39:13.241,1.3716700000000002,1.37163,0.75,0.75
24.08.2021 01:39:13.443,1.37165,1.3716000000000002,0.75,0.75
24.08.2021 01:39:13.545,1.37164,1.3716000000000002,0.75,0.75
24.08.2021 01:39:13.697,1.37168,1.37163,0.75,0.75
24.08.2021 01:39:13.799,1.3716700000000002,1.37163,0.75,0.75
24.08.2021 01:39:14.357,1.37168,1.37161,0.75,0.75
24.08.2021 01:39:15.688,1.3716700000000002,1.37161,0.75,0.75
24.08.2021 01:39:15.893,1.37166,1.37161,0.75,0.75
24.08.2021 01:39:15.996,1.37163,1.3716000000000002,0.75,0.75
24.08.2021 01:39:16.047,1.37166,1.37159,0.19,0.75
24.08.2021 01:39:16.251,1.37162,1.37159,0.75,0.75
24.08.2021 01:39:20.397,1.37164,1.37158,0.75,0.75
24.08.2021 01:39:20.499,1.37165,1.37162,0.75,0.75
24.08.2021 01:39:20.600,1.3716700000000002,1.37161,0.75,0.75
24.08.2021 01:39:30.221,1.3716700000000002,1.3716000000000002,0.75,0.75
24.08.2021 01:39:31.916,1.37165,1.3716000000000002,0.94,0.75
24.08.2021 01:39:35.267,1.37163,1.37155,0.75,0.37
24.08.2021 01:39:36.328,1.37162,1.37159,0.75,0.75
24.08.2021 01:39:50.637,1.37164,1.37158,0.75,0.75
24.08.2021 01:39:54.386,1.37162,1.37159,0.75,0.75
24.08.2021 01:39:54.689,1.37163,1.3715700000000002,0.75,0.75
24.08.2021 01:40:07.438,1.37164,1.37158,0.75,0.75
24.08.2021 01:40:07.539,1.37165,1.3716000000000002,0.75,0.75
24.08.2021 01:40:07.641,1.37165,1.37161,0.75,0.75
24.08.2021 01:40:08.821,1.37166,1.37161,0.75,0.75
24.08.2021 01:40:17.489,1.3717000000000001,1.37164,0.19,0.75
24.08.2021 01:40:17.590,1.3717100000000002,1.37164,0.75,0.75
24.08.2021 01:40:17.793,1.3717100000000002,1.3716700000000002,0.75,0.75
24.08.2021 01:40:21.220,1.37172,1.37164,0.75,0.75
24.08.2021 01:40:21.847,1.3717100000000002,1.37166,0.75,0.75
24.08.2021 01:40:46.887,1.37172,1.37166,0.75,0.75
24.08.2021 01:41:32.226,1.37173,1.37164,0.75,0.75
24.08.2021 01:41:32.328,1.37173,1.37163,0.75,0.82
24.08.2021 01:41:33.456,1.37172,1.37165,0.75,0.1
24.08.2021 01:41:36.070,1.37172,1.37164,0.75,0.82
24.08.2021 01:41:54.363,1.37173,1.37164,1.5,0.1
24.08.2021 01:42:18.425,1.37175,1.37163,1.5,1.2
24.08.2021 01:42:18.526,1.37174,1.37165,1.5,0.1
24.08.2021 01:42:18.730,1.37176,1.37165,0.19,0.82
24.08.2021 01:42:18.832,1.37175,1.3716700000000002,0.75,0.1
24.08.2021 01:42:19.036,1.37175,1.37166,0.75,0.1
24.08.2021 01:42:19.469,1.37175,1.3716700000000002,0.75,0.1
24.08.2021 01:42:19.520,1.37178,1.37166,1.5,0.1
24.08.2021 01:42:19.622,1.3717700000000002,1.37168,1.5,0.1
24.08.2021 01:42:21.563,1.37178,1.37168,1.69,0.1
24.08.2021 01:42:21.818,1.37178,1.37169,1.69,0.1
24.08.2021 01:42:22.723,1.3718000000000001,1.3717100000000002,1.87,0.1
24.08.2021 01:42:22.825,1.37179,1.37169,0.75,2.32
24.08.2021 01:42:25.567,1.3718000000000001,1.3716700000000002,1.01,1.57
24.08.2021 01:42:32.893,1.3718000000000001,1.37168,1.01,0.75
24.08.2021 01:42:34.758,1.37179,1.3717000000000001,0.26,0.75
24.08.2021 01:42:34.859,1.37179,1.3717100000000002,0.26,0.75
24.08.2021 01:42:36.124,1.37179,1.3717000000000001,0.26,0.75
24.08.2021 01:42:50.341,1.37179,1.37172,0.37,0.75
24.08.2021 01:43:09.682,1.37179,1.37173,0.37,0.75
24.08.2021 01:43:10.192,1.3718000000000001,1.37173,1.5,0.75
24.08.2021 01:43:13.122,1.3718000000000001,1.37174,1.5,0.75
24.08.2021 01:43:14.440,1.3718100000000002,1.37175,0.75,0.75
