Gmt time,Ask,Bid,AskVolume,BidVolume
23.08.2021 00:00:00.256,1.36251,1.3624100000000001,0.82,0.75
23.08.2021 00:00:00.357,1.36251,1.3624,1.2,1.5
23.08.2021 00:00:01.396,1.36251,1.3624200000000002,1.2,0.75
23.08.2021 00:00:02.159,1.36254,1.36247,0.75,0.75
23.08.2021 00:00:02.260,1.36257,1.36248,1.87,0.75
23.08.2021 00:00:05.238,1.36257,1.3625,1.12,0.19
23.08.2021 00:00:10.652,1.36257,1.3625200000000002,1.12,0.94
23.08.2021 00:00:11.006,1.36263,1.3625200000000002,0.82,1.69
23.08.2021 00:00:11.613,1.3626600000000002,1.36254,4.95,1.5
23.08.2021 00:00:12.287,1.3626600000000002,1.3625500000000001,0.82,0.75
23.08.2021 00:00:12.339,1.36267,1.36257,1.2,1.5
23.08.2021 00:00:12.592,1.36268,1.36257,0.75,0.75
23.08.2021 00:00:12.817,1.36267,1.36259,0.75,0.75
23.08.2021 00:00:13.531,1.3627,1.36258,0.82,0.75
23.08.2021 00:00:16.202,1.3627200000000002,1.36261,4.5,1.31
23.08.2021 00:00:16.305,1.36273,1.3626500000000001,0.45,0.75
23.08.2021 00:00:16.356,1.3627500000000001,1.3626600000000002,0.82,0.75
23.08.2021 00:00:16.660,1.3627600000000002,1.36267,0.75,0.75
23.08.2021 00:00:18.348,1.36278,1.3626600000000002,1.12,1.5
23.08.2021 00:00:21.275,1.36278,1.36267,1.27,1.69
23.08.2021 00:00:21.583,1.36279,1.36267,0.45,0.75
23.08.2021 00:00:30.105,1.36278,1.36269,0.37,0.75
23.08.2021 00:00:34.006,1.36278,1.36267,0.37,0.19
23.08.2021 00:00:36.017,1.36277,1.3626600000000002,0.75,0.19
23.08.2021 00:00:39.920,1.3627600000000002,1.36268,0.75,0.19
23.08.2021 00:00:47.482,1.36279,1.36268,1.12,0.19
23.08.2021 00:00:48.293,1.36279,1.3627,0.37,0.37
23.08.2021 00:00:48.345,1.3628200000000001,1.3627,3,0.19
23.08.2021 00:00:48.447,1.3628200000000001,1.3627200000000002,2.32,0.19
23.08.2021 00:00:50.293,1.3628500000000001,1.36273,0.75,0.94
23.08.2021 00:00:50.343,1.3628600000000002,1.3627500000000001,0.82,0.94
23.08.2021 00:00:50.495,1.3628700000000002,1.3627500000000001,1.5,1.01
23.08.2021 00:00:51.074,1.3628700000000002,1.36278,1.5,0.75
23.08.2021 00:00:53.179,1.3628700000000002,1.36277,1.5,0.75
23.08.2021 00:00:54.499,1.36289,1.3627600000000002,0.82,0.75
23.08.2021 00:00:57.261,1.36288,1.3627500000000001,0.1,1.5
23.08.2021 00:00:57.362,1.3628200000000001,1.36274,0.37,0.94
23.08.2021 00:00:57.464,1.3628200000000001,1.36273,0.37,1.69
23.08.2021 00:00:57.515,1.36284,1.36273,0.75,1.69
23.08.2021 00:01:00.596,1.3628500000000001,1.3627500000000001,0.75,0.75
23.08.2021 00:01:00.647,1.3628600000000002,1.3627600000000002,1.39,0.75
23.08.2021 00:01:00.699,1.3628600000000002,1.36278,0.75,0.75
23.08.2021 00:01:00.902,1.36288,1.36277,0.82,0.75
23.08.2021 00:01:01.848,1.3628700000000002,1.36277,0.75,0.75
23.08.2021 00:01:01.950,1.3628700000000002,1.3627600000000002,0.75,0.19
23.08.2021 00:01:06.636,1.3628700000000002,1.36277,0.75,0.75
23.08.2021 00:01:06.744,1.3628700000000002,1.3627600000000002,2.47,0.75
23.08.2021 00:01:07.544,1.3628700000000002,1.36277,0.75,0.75
23.08.2021 00:01:12.392,1.3628700000000002,1.3627600000000002,0.75,0.26
23.08.2021 00:01:12.493,1.36288,1.3627600000000002,0.75,0.19
23.08.2021 00:01:14.471,1.36288,1.36277,0.75,0.75
23.08.2021 00:01:14.572,1.36288,1.36278,0.75,0.75
23.08.2021 00:01:14.775,1.3628700000000002,1.36277,0.75,0.19
23.08.2021 00:01:14.876,1.36288,1.3627500000000001,0.75,0.19
23.08.2021 00:01:18.380,1.3628700000000002,1.3627500000000001,0.75,0.19
23.08.2021 00:01:19.785,1.36284,1.3627500000000001,1.5,0.19
23.08.2021 00:01:19.836,1.36283,1.36274,2.44,0.19
23.08.2021 00:01:19.887,1.36283,1.3627200000000002,0.75,0.1
23.08.2021 00:01:19.988,1.36283,1.36271,0.75,1.95
23.08.2021 00:01:22.173,1.36284,1.36273,0.75,0.75
23.08.2021 00:01:23.221,1.3628600000000002,1.36277,0.1,0.75
23.08.2021 00:01:23.323,1.3628700000000002,1.36277,0.1,0.75
23.08.2021 00:01:23.991,1.3628700000000002,1.36278,0.82,0.75
23.08.2021 00:01:27.404,1.36291,1.3628500000000001,0.37,0.75
23.08.2021 00:01:27.506,1.36294,1.36288,2.47,0.75
23.08.2021 00:01:27.608,1.36295,1.36288,7.5,0.75
23.08.2021 00:01:27.658,1.3629700000000002,1.36288,0.75,0.75
23.08.2021 00:01:32.435,1.36298,1.3628600000000002,1.5,0.19
23.08.2021 00:01:40.178,1.3629200000000001,1.3628,2.25,2.92
23.08.2021 00:01:40.280,1.36293,1.3628200000000001,0.75,0.45
23.08.2021 00:01:40.485,1.36293,1.36283,0.75,0.45
23.08.2021 00:01:47.574,1.36294,1.36281,1.95,1.2
23.08.2021 00:01:47.676,1.36294,1.36284,0.1,0.19
23.08.2021 00:01:52.169,1.36295,1.3628500000000001,0.82,0.19
23.08.2021 00:01:52.880,1.36291,1.36281,0.1,0.19
23.08.2021 00:01:52.982,1.36291,1.3628200000000001,0.75,0.19
23.08.2021 00:01:58.378,1.3629200000000001,1.3628200000000001,0.75,0.19
23.08.2021 00:02:01.136,1.36295,1.36283,1.57,1.5
23.08.2021 00:02:01.238,1.3629600000000002,1.36283,0.75,1.69
23.08.2021 00:02:04.585,1.36295,1.3628500000000001,0.75,0.75
23.08.2021 00:02:05.242,1.36295,1.3628600000000002,0.75,0.75
23.08.2021 00:02:05.545,1.3629700000000002,1.3628500000000001,0.82,0.75
23.08.2021 00:02:09.058,1.3629600000000002,1.3628700000000002,0.75,0.75
23.08.2021 00:02:10.228,1.3629700000000002,1.3628700000000002,0.75,1.5
23.08.2021 00:02:13.051,1.3629700000000002,1.36288,0.75,0.75
23.08.2021 00:02:13.913,1.3630200000000001,1.3629200000000001,0.75,0.75
23.08.2021 00:02:13.964,1.36303,1.36293,1.2,0.19
23.08.2021 00:02:14.065,1.36304,1.36293,3.07,0.19
23.08.2021 00:02:14.446,1.36304,1.3629200000000001,0.1,0.19
23.08.2021 00:02:14.554,1.36303,1.3629200000000001,0.1,0.94
23.08.2021 00:02:15.181,1.36304,1.3629200000000001,3.07,0.75
23.08.2021 00:02:15.320,1.3630200000000001,1.36293,0.75,0.75
23.08.2021 00:02:16.056,1.3630200000000001,1.36294,0.75,0.75
23.08.2021 00:02:16.310,1.3630200000000001,1.3629200000000001,0.75,1.5
23.08.2021 00:02:17.028,1.3630200000000001,1.36294,0.75,0.75
23.08.2021 00:02:19.064,1.36301,1.3629,1.5,0.75
23.08.2021 00:02:20.356,1.3630200000000001,1.36291,1.5,0.75
23.08.2021 00:02:24.392,1.36301,1.36291,0.75,0.75
23.08.2021 00:02:29.542,1.3630200000000001,1.36291,0.75,1.69
23.08.2021 00:02:29.834,1.3630200000000001,1.3629200000000001,0.75,0.75
23.08.2021 00:02:30.087,1.3630200000000001,1.36293,0.75,0.75
23.08.2021 00:02:30.188,1.36303,1.36291,0.75,0.75
23.08.2021 00:02:32.661,1.36301,1.36291,0.1,1.69
23.08.2021 00:02:32.762,1.363,1.36291,0.1,0.75
23.08.2021 00:02:32.864,1.36301,1.36291,0.82,0.75
23.08.2021 00:02:32.915,1.36303,1.36295,0.75,1.5
23.08.2021 00:02:40.841,1.36303,1.36294,1.5,0.19
23.08.2021 00:02:49.638,1.36303,1.3629600000000002,1.5,0.75
23.08.2021 00:02:49.689,1.36305,1.3629600000000002,0.19,0.94
23.08.2021 00:02:49.791,1.3630600000000002,1.3629700000000002,1.5,1.69
23.08.2021 00:02:49.892,1.3630600000000002,1.36298,1.5,0.19
23.08.2021 00:03:00.195,1.3630700000000002,1.36298,1.5,0.19
23.08.2021 00:03:02.287,1.3630700000000002,1.36299,0.75,0.75
23.08.2021 00:03:07.396,1.36312,1.36308,0.75,0.19
23.08.2021 00:03:07.498,1.36318,1.3630900000000001,7.5,0.19
23.08.2021 00:03:07.650,1.3631900000000001,1.36311,0.75,0.19
23.08.2021 00:03:08.655,1.36321,1.3631,0.82,0.19
23.08.2021 00:03:09.289,1.3632,1.3631,0.1,0.19
23.08.2021 00:03:10.095,1.3631900000000001,1.3631,0.1,0.19
23.08.2021 00:03:12.815,1.36318,1.3631,0.1,0.19
23.08.2021 00:03:14.896,1.3632,1.3630900000000001,1.57,0.19
23.08.2021 00:03:19.240,1.36311,1.36303,0.37,3
23.08.2021 00:03:19.342,1.3630900000000001,1.36301,0.1,8.44
23.08.2021 00:03:20.871,1.3631,1.36299,0.82,1.87
23.08.2021 00:03:20.985,1.36308,1.363,0.1,0.94
23.08.2021 00:03:32.312,1.36308,1.36299,0.1,0.37
23.08.2021 00:03:32.521,1.3630900000000001,1.36299,1.76,0.19
23.08.2021 00:03:33.431,1.3630900000000001,1.3629700000000002,0.19,0.26
23.08.2021 00:03:36.136,1.3630900000000001,1.36299,0.19,0.75
23.08.2021 00:03:48.036,1.3630900000000001,1.36298,0.26,0.75
23.08.2021 00:03:54.353,1.36308,1.36298,0.26,1.76
23.08.2021 00:03:56.485,1.36308,1.3629700000000002,0.1,0.75
23.08.2021 00:04:20.153,1.3630700000000002,1.3629700000000002,0.1,0.94
23.08.2021 00:04:23.674,1.3630200000000001,1.36293,1.69,1.12
23.08.2021 00:04:23.726,1.363,1.36291,1.39,0.75
23.08.2021 00:04:23.777,1.36299,1.36288,0.1,7.5
23.08.2021 00:04:23.880,1.3629700000000002,1.36288,0.1,7.5
23.08.2021 00:04:23.931,1.3629700000000002,1.3628600000000002,0.1,0.75
23.08.2021 00:04:27.028,1.3629700000000002,1.3628700000000002,0.1,1.12
23.08.2021 00:04:38.628,1.3630200000000001,1.3629200000000001,1.2,1.76
23.08.2021 00:04:38.729,1.36304,1.3629200000000001,0.1,1.01
23.08.2021 00:04:41.778,1.36303,1.36295,0.1,0.75
23.08.2021 00:04:41.880,1.36304,1.3629700000000002,0.1,0.75
23.08.2021 00:04:42.331,1.36305,1.3629700000000002,0.1,0.75
23.08.2021 00:04:43.762,1.36305,1.36298,0.1,0.75
23.08.2021 00:04:45.435,1.3630600000000002,1.36298,0.1,0.75
23.08.2021 00:04:48.354,1.36305,1.36298,0.1,0.75
23.08.2021 00:04:50.986,1.3630600000000002,1.36295,0.1,0.19
23.08.2021 00:04:57.725,1.36305,1.36295,0.1,1.2
23.08.2021 00:04:57.827,1.36303,1.36293,0.1,1.57
23.08.2021 00:05:02.125,1.36301,1.36289,0.82,0.19
23.08.2021 00:05:02.227,1.363,1.36289,0.1,0.19
23.08.2021 00:05:04.435,1.36299,1.36289,0.1,1.12
23.08.2021 00:05:08.073,1.3630200000000001,1.3629200000000001,1.87,0.45
23.08.2021 00:05:08.276,1.36304,1.36291,0.82,1.2
23.08.2021 00:05:11.959,1.36303,1.36294,0.1,0.19
23.08.2021 00:05:15.633,1.3630700000000002,1.3629600000000002,4.57,0.19
23.08.2021 00:05:15.735,1.36308,1.3629600000000002,0.1,0.19
23.08.2021 00:05:16.082,1.3630700000000002,1.36295,0.1,0.94
23.08.2021 00:05:17.713,1.3630700000000002,1.3629700000000002,0.1,0.75
23.08.2021 00:05:21.854,1.36305,1.3629600000000002,0.75,0.75
23.08.2021 00:05:21.956,1.3630600000000002,1.3629600000000002,0.75,0.75
23.08.2021 00:05:26.409,1.3630600000000002,1.3629700000000002,0.75,0.75
23.08.2021 00:05:28.612,1.36299,1.36293,0.75,0.75
23.08.2021 00:05:28.663,1.36303,1.36294,0.82,0.75
23.08.2021 00:05:28.714,1.36304,1.36295,0.75,0.75
23.08.2021 00:05:29.666,1.36303,1.3629700000000002,0.75,0.75
23.08.2021 00:05:32.057,1.36304,1.3629700000000002,0.75,0.75
23.08.2021 00:05:32.108,1.3630600000000002,1.36299,0.75,0.75
23.08.2021 00:05:35.505,1.3630700000000002,1.3629700000000002,0.75,0.75
23.08.2021 00:06:06.256,1.3630600000000002,1.36299,0.75,0.19
23.08.2021 00:06:06.308,1.3630700000000002,1.3630200000000001,0.75,0.75
23.08.2021 00:06:06.360,1.36314,1.3630600000000002,0.83,0.19
23.08.2021 00:06:06.461,1.36315,1.3630700000000002,0.75,0.75
23.08.2021 00:06:06.513,1.36318,1.3630600000000002,0.82,0.75
23.08.2021 00:06:10.090,1.36318,1.3630700000000002,0.75,0.75
23.08.2021 00:06:12.409,1.3631700000000002,1.3630900000000001,0.75,0.75
23.08.2021 00:06:14.626,1.3631700000000002,1.36308,0.75,1.01
23.08.2021 00:06:19.079,1.3631900000000001,1.3630700000000002,0.75,1.01
23.08.2021 00:06:22.328,1.36318,1.3630900000000001,1.5,0.19
23.08.2021 00:06:24.617,1.36318,1.3631,0.75,0.75
23.08.2021 00:06:31.365,1.36318,1.3630900000000001,1.5,0.19
23.08.2021 00:06:37.397,1.36318,1.3631,0.75,0.75
23.08.2021 00:06:54.599,1.36323,1.3631600000000001,1.12,0.94
23.08.2021 00:06:54.700,1.36323,1.3631700000000002,0.75,0.75
23.08.2021 00:06:54.803,1.3632600000000001,1.36318,1.5,0.75
23.08.2021 00:07:05.434,1.3632600000000001,1.3631600000000001,1.5,1.01
23.08.2021 00:07:07.646,1.3632900000000001,1.3631900000000001,0.75,0.19
23.08.2021 00:07:08.153,1.3633,1.3632,1.57,0.45
23.08.2021 00:07:08.204,1.36331,1.36323,0.75,0.37
23.08.2021 00:07:08.255,1.36334,1.36323,0.75,0.1
23.08.2021 00:07:08.357,1.36334,1.36324,0.75,0.1
23.08.2021 00:07:08.919,1.36334,1.36325,0.75,0.19
23.08.2021 00:07:09.508,1.3633600000000001,1.36325,0.75,0.19
23.08.2021 00:07:10.179,1.3633600000000001,1.3632600000000001,1.5,0.94
23.08.2021 00:07:10.331,1.3633600000000001,1.3632900000000001,0.75,0.75
23.08.2021 00:07:12.568,1.36338,1.36328,0.75,0.75
23.08.2021 00:07:12.669,1.3633700000000002,1.3633,0.75,0.75
23.08.2021 00:07:13.359,1.36338,1.36328,0.75,0.75
23.08.2021 00:07:13.460,1.36338,1.3633,0.75,0.75
23.08.2021 00:07:13.912,1.3634000000000002,1.3633,0.82,0.75
23.08.2021 00:07:14.472,1.36338,1.3632900000000001,0.82,0.75
23.08.2021 00:07:14.573,1.36338,1.36328,1.57,0.94
23.08.2021 00:07:14.726,1.36339,1.36331,0.75,0.19
23.08.2021 00:07:14.777,1.36342,1.36331,1.5,0.19
23.08.2021 00:07:18.189,1.36339,1.36332,0.75,0.19
23.08.2021 00:07:21.546,1.36339,1.36331,0.75,0.1
23.08.2021 00:07:21.647,1.3634000000000002,1.36331,1.5,0.1
23.08.2021 00:07:22.423,1.36339,1.3632900000000001,0.75,0.82
23.08.2021 00:07:23.237,1.3633600000000001,1.3632700000000002,0.75,0.1
23.08.2021 00:07:23.340,1.36335,1.3632700000000002,0.75,0.1
23.08.2021 00:07:23.747,1.3633600000000001,1.36325,0.75,0.82
23.08.2021 00:07:23.956,1.36334,1.3632600000000001,0.75,0.82
23.08.2021 00:07:27.206,1.3633700000000002,1.3632600000000001,0.75,0.75
23.08.2021 00:07:32.766,1.3633700000000002,1.3632700000000002,1.5,0.82
23.08.2021 00:07:33.020,1.3633700000000002,1.3632600000000001,0.75,0.75
23.08.2021 00:07:40.247,1.3633700000000002,1.36328,0.75,0.75
23.08.2021 00:07:44.042,1.36333,1.3632600000000001,0.94,0.75
23.08.2021 00:07:44.144,1.36333,1.36324,0.75,0.75
23.08.2021 00:07:44.246,1.36331,1.36325,0.75,0.75
23.08.2021 00:07:48.564,1.3633,1.36322,0.94,0.75
23.08.2021 00:07:48.667,1.3632900000000001,1.36322,0.19,0.75
23.08.2021 00:07:54.083,1.36333,1.36323,1.12,0.75
23.08.2021 00:07:54.134,1.36335,1.36325,1.12,0.75
23.08.2021 00:07:54.235,1.36335,1.3632600000000001,1.2,0.75
23.08.2021 00:07:54.337,1.36334,1.3632600000000001,0.75,0.75
23.08.2021 00:07:56.115,1.3633600000000001,1.36325,1.12,0.75
23.08.2021 00:08:00.191,1.36335,1.3632700000000002,0.75,0.75
23.08.2021 00:08:00.622,1.36335,1.36325,1.5,0.82
23.08.2021 00:08:20.356,1.3633600000000001,1.36325,0.75,0.75
23.08.2021 00:08:21.016,1.36333,1.3632600000000001,0.75,0.1
23.08.2021 00:08:22.495,1.36334,1.3632600000000001,0.75,0.1
23.08.2021 00:08:23.457,1.36334,1.36325,0.75,0.1
23.08.2021 00:08:23.871,1.36333,1.3632700000000002,0.75,0.1
23.08.2021 00:08:24.472,1.36334,1.36325,0.75,0.1
23.08.2021 00:08:24.648,1.36333,1.3632700000000002,0.75,0.1
23.08.2021 00:08:24.790,1.36333,1.3632600000000001,0.75,0.1
23.08.2021 00:08:28.957,1.3632700000000002,1.36321,0.75,1.69
23.08.2021 00:08:29.008,1.3632600000000001,1.3632,0.75,0.75
23.08.2021 00:08:29.161,1.3632700000000002,1.3631600000000001,0.75,0.82
23.08.2021 00:08:32.283,1.36325,1.3631700000000002,0.75,0.82
23.08.2021 00:08:32.384,1.3632,1.36312,0.75,2.62
23.08.2021 00:08:32.435,1.36321,1.36313,0.75,2.25
23.08.2021 00:08:32.486,1.3631900000000001,1.36313,0.75,0.37
23.08.2021 00:08:32.537,1.36321,1.36312,0.75,0.82
23.08.2021 00:08:32.639,1.36321,1.36313,0.75,0.1
23.08.2021 00:08:32.695,1.3631900000000001,1.3631,0.75,3
23.08.2021 00:08:32.746,1.36315,1.3630700000000002,0.75,1.5
23.08.2021 00:08:32.848,1.3631700000000002,1.3630600000000002,0.75,1.31
23.08.2021 00:08:34.880,1.3631600000000001,1.3630600000000002,0.75,0.82
23.08.2021 00:08:34.932,1.36314,1.36304,0.75,0.82
23.08.2021 00:08:35.034,1.36312,1.3630200000000001,0.75,4.5
23.08.2021 00:08:35.367,1.36312,1.36301,0.75,0.82
23.08.2021 00:08:41.714,1.36314,1.36305,0.75,0.1
23.08.2021 00:08:41.815,1.36315,1.36305,0.75,0.1
23.08.2021 00:08:42.365,1.36314,1.3630700000000002,0.75,0.1
23.08.2021 00:08:43.876,1.3631700000000002,1.3630700000000002,1.95,0.82
23.08.2021 00:08:53.199,1.36318,1.36311,0.19,0.75
23.08.2021 00:08:53.250,1.36321,1.3631,1.2,1.57
23.08.2021 00:08:53.453,1.36322,1.3631,1.01,0.75
23.08.2021 00:08:56.444,1.3632,1.36308,0.82,1.57
23.08.2021 00:08:59.457,1.36318,1.3630900000000001,0.1,0.75
23.08.2021 00:08:59.558,1.36318,1.36308,0.1,0.75
23.08.2021 00:09:00.927,1.36318,1.3630900000000001,0.82,0.75
23.08.2021 00:09:01.567,1.3632,1.36311,0.1,0.75
23.08.2021 00:09:01.669,1.3632,1.36312,0.82,0.75
23.08.2021 00:09:03.252,1.3632,1.3631,0.82,0.82
23.08.2021 00:09:12.596,1.3632,1.36311,0.75,0.1
23.08.2021 00:09:15.957,1.36322,1.36311,0.75,0.75
23.08.2021 00:09:16.008,1.36328,1.3631600000000001,1.27,0.75
23.08.2021 00:09:16.261,1.3632900000000001,1.3631700000000002,2.32,0.75
23.08.2021 00:09:16.312,1.36328,1.36321,0.19,0.75
23.08.2021 00:09:16.414,1.36335,1.3632600000000001,0.1,0.75
23.08.2021 00:09:16.516,1.3633600000000001,1.3632600000000001,0.82,0.75
23.08.2021 00:09:18.669,1.3633700000000002,1.3632600000000001,1.57,0.82
23.08.2021 00:09:24.009,1.3633700000000002,1.36328,0.75,0.75
23.08.2021 00:09:24.161,1.36338,1.36328,1.57,0.75
23.08.2021 00:09:26.144,1.3633700000000002,1.36328,0.82,0.75
23.08.2021 00:09:28.025,1.36335,1.36324,1.57,0.75
23.08.2021 00:09:28.076,1.36334,1.36322,0.75,0.1
23.08.2021 00:09:31.832,1.3632900000000001,1.36322,0.75,0.75
23.08.2021 00:09:31.883,1.3632700000000002,1.3631900000000001,0.1,0.75
23.08.2021 00:09:31.984,1.3632600000000001,1.3631900000000001,0.1,0.75
23.08.2021 00:09:34.126,1.3632600000000001,1.3631700000000002,0.1,0.75
23.08.2021 00:09:34.329,1.3632700000000002,1.3631700000000002,1.57,0.82
23.08.2021 00:09:38.902,1.36325,1.3631600000000001,0.75,0.82
23.08.2021 00:09:57.744,1.36323,1.36315,0.75,0.26
23.08.2021 00:09:57.795,1.3632,1.36313,1.2,0.1
23.08.2021 00:09:57.897,1.3631600000000001,1.36313,0.75,0.1
23.08.2021 00:10:01.117,1.3631700000000002,1.36313,0.1,0.1
23.08.2021 00:10:13.116,1.3631700000000002,1.36308,0.1,0.75
23.08.2021 00:10:17.623,1.3631900000000001,1.36313,0.19,0.19
23.08.2021 00:10:17.674,1.36323,1.36312,0.75,0.82
23.08.2021 00:10:17.826,1.36322,1.36312,0.82,1.57
23.08.2021 00:10:25.839,1.36322,1.36314,0.82,0.75
23.08.2021 00:10:26.063,1.36324,1.36314,2.32,0.75
23.08.2021 00:10:27.655,1.36325,1.36312,2.32,0.75
23.08.2021 00:10:38.095,1.36324,1.36312,0.1,1.5
23.08.2021 00:10:39.006,1.36325,1.3631600000000001,0.45,0.75
23.08.2021 00:10:39.158,1.36325,1.3631700000000002,0.1,0.75
23.08.2021 00:10:39.260,1.3632700000000002,1.3631600000000001,0.1,0.75
23.08.2021 00:10:45.457,1.3632700000000002,1.3631700000000002,0.82,0.75
23.08.2021 00:10:47.566,1.3632700000000002,1.3631600000000001,0.1,0.75
23.08.2021 00:10:49.044,1.3632700000000002,1.3631700000000002,0.1,0.75
23.08.2021 00:10:56.694,1.3632700000000002,1.36318,0.1,0.75
23.08.2021 00:11:29.899,1.3632900000000001,1.3631700000000002,1.57,0.75
23.08.2021 00:11:39.443,1.36328,1.3631900000000001,1.2,0.75
23.08.2021 00:11:41.122,1.3633,1.36324,0.37,0.1
23.08.2021 00:11:41.173,1.36333,1.3632600000000001,0.37,0.75
23.08.2021 00:11:41.224,1.36334,1.3632700000000002,0.37,0.75
23.08.2021 00:11:41.275,1.36333,1.3632600000000001,0.37,0.75
23.08.2021 00:11:41.326,1.3633600000000001,1.36325,0.1,0.75
23.08.2021 00:11:41.376,1.3633600000000001,1.36328,0.82,0.75
23.08.2021 00:11:41.954,1.3633700000000002,1.36328,0.82,0.75
23.08.2021 00:11:42.366,1.36335,1.3632700000000002,0.75,0.1
23.08.2021 00:11:42.467,1.3633600000000001,1.36325,0.75,0.82
23.08.2021 00:11:49.750,1.36335,1.3632700000000002,0.75,0.1
23.08.2021 00:11:54.155,1.36338,1.3632700000000002,0.1,0.75
23.08.2021 00:11:54.877,1.36339,1.3632700000000002,0.1,0.82
23.08.2021 00:11:55.180,1.3633700000000002,1.36328,0.1,0.75
23.08.2021 00:12:09.209,1.36339,1.3632700000000002,0.1,0.82
23.08.2021 00:12:09.869,1.36338,1.3632700000000002,0.1,0.75
23.08.2021 00:12:10.385,1.3633700000000002,1.3632700000000002,0.82,0.82
23.08.2021 00:12:13.526,1.3633700000000002,1.36328,0.75,0.1
23.08.2021 00:12:20.196,1.36338,1.3632600000000001,0.82,0.82
23.08.2021 00:12:22.629,1.3633700000000002,1.36328,0.75,0.1
23.08.2021 00:12:22.731,1.36338,1.3632600000000001,0.82,0.82
23.08.2021 00:12:29.109,1.3633700000000002,1.36328,0.75,0.1
23.08.2021 00:12:32.268,1.3633700000000002,1.3632700000000002,0.82,0.82
23.08.2021 00:12:41.027,1.3633600000000001,1.3632700000000002,0.1,0.75
23.08.2021 00:12:52.961,1.36338,1.3632600000000001,1.95,0.82
23.08.2021 00:12:54.981,1.36338,1.36328,0.1,0.1
23.08.2021 00:12:56.479,1.36338,1.3632600000000001,0.1,0.82
23.08.2021 00:12:57.431,1.3633600000000001,1.3632700000000002,0.1,0.75
23.08.2021 00:13:07.174,1.36331,1.36323,0.75,1.99
23.08.2021 00:13:07.276,1.36332,1.36322,1.57,1.27
23.08.2021 00:13:07.428,1.36333,1.36323,1.95,0.1
23.08.2021 00:13:08.159,1.36333,1.36322,1.57,0.75
23.08.2021 00:13:11.568,1.36333,1.36321,1.12,0.75
23.08.2021 00:13:11.670,1.3632900000000001,1.36318,1.57,0.82
23.08.2021 00:13:11.771,1.36328,1.36318,0.75,0.82
23.08.2021 00:13:11.872,1.3632700000000002,1.36318,0.1,0.75
23.08.2021 00:13:17.898,1.36324,1.3631700000000002,0.75,0.1
23.08.2021 00:13:19.461,1.36324,1.3631600000000001,0.75,0.45
23.08.2021 00:13:24.989,1.36324,1.36315,0.75,0.1
23.08.2021 00:13:42.122,1.3632,1.36312,0.75,0.75
23.08.2021 00:13:42.426,1.36323,1.36313,2.32,0.75
23.08.2021 00:13:43.017,1.36323,1.36312,0.75,0.75
23.08.2021 00:13:44.517,1.3631900000000001,1.3630900000000001,1.57,1.57
23.08.2021 00:13:44.620,1.36318,1.3630900000000001,0.1,1.5
23.08.2021 00:13:44.722,1.36318,1.36311,1.57,0.75
23.08.2021 00:13:46.470,1.36318,1.36308,1.57,0.82
23.08.2021 00:13:49.804,1.3631700000000002,1.36308,0.1,0.75
23.08.2021 00:13:54.087,1.3631900000000001,1.3630700000000002,1.57,0.82
23.08.2021 00:13:54.450,1.36318,1.3630700000000002,0.1,0.75
23.08.2021 00:13:58.511,1.3631900000000001,1.3630700000000002,1.57,0.82
23.08.2021 00:14:00.143,1.3631700000000002,1.36308,0.1,0.75
23.08.2021 00:14:01.744,1.36318,1.36308,1.57,0.82
23.08.2021 00:14:06.026,1.36318,1.3630700000000002,0.1,0.75
23.08.2021 00:14:10.505,1.3631900000000001,1.3630700000000002,0.82,0.82
23.08.2021 00:14:10.894,1.36318,1.3630700000000002,0.1,0.75
23.08.2021 00:14:11.062,1.36318,1.36308,0.82,0.82
23.08.2021 00:14:18.020,1.36318,1.36311,0.82,0.75
23.08.2021 00:14:30.274,1.36318,1.36308,0.82,0.82
23.08.2021 00:14:32.299,1.3631900000000001,1.3631,0.1,0.75
23.08.2021 00:14:47.099,1.3631700000000002,1.36311,0.1,0.75
23.08.2021 00:14:47.565,1.3631900000000001,1.3631,0.1,0.75
23.08.2021 00:14:51.389,1.3631700000000002,1.36311,0.1,0.75
23.08.2021 00:14:51.703,1.3631900000000001,1.3631,0.1,0.75
23.08.2021 00:14:55.426,1.36318,1.3631,0.1,0.75
23.08.2021 00:14:55.651,1.3631900000000001,1.3631,0.1,0.75
23.08.2021 00:15:00.029,1.36318,1.3631,0.1,0.75
23.08.2021 00:15:00.131,1.3632,1.3631600000000001,0.37,0.75
23.08.2021 00:15:00.182,1.36323,1.3631900000000001,8.25,0.75
23.08.2021 00:15:00.283,1.36324,1.3631700000000002,7.5,0.1
23.08.2021 00:15:00.385,1.36328,1.3632,0.75,0.75
23.08.2021 00:15:19.301,1.3632700000000002,1.3631900000000001,0.75,0.75
23.08.2021 00:15:19.402,1.3632700000000002,1.36318,0.75,0.82
23.08.2021 00:15:54.215,1.3632700000000002,1.3631700000000002,1.2,0.75
23.08.2021 00:15:57.487,1.3632700000000002,1.3631900000000001,1.12,0.75
23.08.2021 00:16:06.581,1.3632600000000001,1.36318,1.2,0.75
23.08.2021 00:16:06.683,1.3632700000000002,1.3631600000000001,1.2,0.75
23.08.2021 00:16:10.272,1.36324,1.3631700000000002,0.75,0.75
23.08.2021 00:16:10.424,1.3632600000000001,1.3631600000000001,0.75,0.75
23.08.2021 00:16:10.525,1.3632600000000001,1.3631700000000002,0.75,0.75
23.08.2021 00:16:13.373,1.36324,1.36315,0.75,0.75
23.08.2021 00:16:13.424,1.36324,1.36313,0.75,1.5
23.08.2021 00:16:13.800,1.36324,1.36312,0.75,0.82
23.08.2021 00:16:15.743,1.36324,1.36313,0.82,0.82
23.08.2021 00:16:19.630,1.36323,1.36315,1.12,0.75
23.08.2021 00:16:20.111,1.36325,1.36315,0.75,0.75
23.08.2021 00:16:20.263,1.36325,1.3631600000000001,0.75,0.75
23.08.2021 00:16:23.579,1.3632700000000002,1.3631600000000001,0.75,0.75
23.08.2021 00:16:25.518,1.3632600000000001,1.36318,0.75,0.75
23.08.2021 00:16:30.616,1.3632700000000002,1.36318,1.2,0.75
23.08.2021 00:16:30.717,1.3632700000000002,1.3631900000000001,0.75,0.75
23.08.2021 00:16:41.980,1.36328,1.3631700000000002,1.2,0.75
23.08.2021 00:16:52.169,1.36328,1.3631900000000001,1.5,0.75
23.08.2021 00:17:01.005,1.3632900000000001,1.3631700000000002,1.12,0.82
23.08.2021 00:17:08.057,1.3632600000000001,1.3631700000000002,0.75,0.75
23.08.2021 00:17:12.410,1.3632700000000002,1.3631700000000002,0.75,0.82
23.08.2021 00:17:16.248,1.36328,1.3631700000000002,0.75,0.75
23.08.2021 00:17:30.776,1.36328,1.36318,0.75,0.82
23.08.2021 00:17:32.670,1.3632900000000001,1.36318,0.75,0.75
23.08.2021 00:17:32.979,1.36328,1.36318,0.82,0.75
23.08.2021 00:17:42.819,1.3632900000000001,1.36318,2.7,0.82
23.08.2021 00:17:43.785,1.36328,1.36318,0.75,0.82
23.08.2021 00:17:46.577,1.36328,1.36322,0.75,0.75
23.08.2021 00:17:46.678,1.3633700000000002,1.3632700000000002,1.87,0.75
23.08.2021 00:17:46.830,1.3633700000000002,1.36328,9.45,0.75
23.08.2021 00:17:51.712,1.36335,1.3632700000000002,1.2,0.75
23.08.2021 00:17:51.865,1.36334,1.3632700000000002,0.75,0.75
23.08.2021 00:17:53.139,1.36334,1.36325,0.75,0.75
23.08.2021 00:18:03.386,1.36335,1.3632600000000001,0.19,0.82
23.08.2021 00:18:03.488,1.36338,1.3632700000000002,0.37,0.82
23.08.2021 00:18:03.590,1.36338,1.36328,1.12,0.82
23.08.2021 00:18:03.742,1.36342,1.36335,0.37,0.75
23.08.2021 00:18:03.793,1.36344,1.36335,0.1,0.75
23.08.2021 00:18:03.894,1.36345,1.36335,1.12,0.82
23.08.2021 00:18:08.333,1.36341,1.36335,1.57,0.75
23.08.2021 00:18:08.384,1.36339,1.3633,0.75,2.74
23.08.2021 00:18:08.487,1.36338,1.3633,0.75,0.75
23.08.2021 00:18:09.127,1.36339,1.36328,0.75,0.75
23.08.2021 00:18:09.229,1.3634000000000002,1.36328,1.2,0.75
23.08.2021 00:18:10.865,1.3634000000000002,1.3632900000000001,1.2,0.75
23.08.2021 00:18:10.966,1.36338,1.3633,0.1,0.75
23.08.2021 00:18:26.235,1.36339,1.3633,1.95,0.75
23.08.2021 00:18:29.949,1.36338,1.3633,0.75,0.75
23.08.2021 00:18:45.622,1.36338,1.3632900000000001,0.82,0.75
23.08.2021 00:18:45.775,1.36338,1.36328,0.1,0.75
23.08.2021 00:18:45.877,1.3633700000000002,1.36328,0.1,0.75
23.08.2021 00:18:46.454,1.36338,1.36328,2.32,0.75
23.08.2021 00:18:47.057,1.36338,1.3632700000000002,1.2,0.75
23.08.2021 00:18:59.418,1.36338,1.36328,3.45,0.75
23.08.2021 00:18:59.723,1.36338,1.3632700000000002,0.37,0.75
23.08.2021 00:19:00.278,1.36338,1.36328,3.45,0.75
23.08.2021 00:19:03.120,1.36338,1.3632700000000002,0.75,0.75
23.08.2021 00:19:15.241,1.36339,1.3632700000000002,2.32,0.75
23.08.2021 00:19:24.527,1.36338,1.3632700000000002,0.1,0.75
23.08.2021 00:19:27.186,1.3633700000000002,1.3632700000000002,1.57,0.75
23.08.2021 00:19:35.937,1.36335,1.3632600000000001,0.75,0.1
23.08.2021 00:19:36.322,1.36334,1.3632600000000001,0.75,0.1
23.08.2021 00:19:36.425,1.36334,1.36325,0.75,0.82
23.08.2021 00:19:36.787,1.36335,1.36325,0.75,0.1
23.08.2021 00:19:36.940,1.36335,1.36324,0.75,0.82
23.08.2021 00:19:37.301,1.3632900000000001,1.36322,0.75,0.45
23.08.2021 00:19:37.403,1.3632700000000002,1.3631900000000001,0.75,0.64
23.08.2021 00:19:42.393,1.3632700000000002,1.36318,0.75,0.19
23.08.2021 00:20:00.231,1.3632900000000001,1.36318,0.75,0.19
23.08.2021 00:20:26.571,1.36331,1.36324,0.37,2.32
23.08.2021 00:20:26.622,1.3633600000000001,1.36324,8.25,1.01
23.08.2021 00:20:26.723,1.3633600000000001,1.36325,8.25,0.1
23.08.2021 00:20:35.408,1.3633600000000001,1.3632900000000001,0.75,0.75
23.08.2021 00:20:35.813,1.3633700000000002,1.3632900000000001,0.75,0.75
23.08.2021 00:20:36.729,1.36338,1.36335,0.75,0.75
23.08.2021 00:20:36.831,1.36338,1.36334,0.75,0.75
23.08.2021 00:20:36.983,1.36339,1.36332,0.75,0.94
23.08.2021 00:20:37.034,1.36343,1.36339,0.75,0.75
23.08.2021 00:20:37.136,1.36344,1.36339,0.75,0.75
23.08.2021 00:20:37.288,1.36345,1.36339,0.75,0.75
23.08.2021 00:20:39.834,1.3634600000000001,1.36341,0.75,0.75
23.08.2021 00:20:41.946,1.3634700000000002,1.36341,1.5,0.75
23.08.2021 00:20:43.038,1.36348,1.3633700000000002,0.75,0.82
23.08.2021 00:21:03.366,1.3634600000000001,1.36338,0.75,0.75
23.08.2021 00:21:15.487,1.3634600000000001,1.36339,0.75,0.75
23.08.2021 00:21:57.030,1.36343,1.36338,0.75,0.75
23.08.2021 00:21:57.133,1.36343,1.3633600000000001,0.75,0.75
23.08.2021 00:21:57.235,1.36342,1.3633600000000001,0.75,0.75
23.08.2021 00:21:57.491,1.36342,1.36335,0.75,0.75
23.08.2021 00:21:57.543,1.36341,1.36331,0.75,0.75
23.08.2021 00:21:57.645,1.36339,1.36332,0.75,0.75
23.08.2021 00:22:01.736,1.36342,1.36331,0.75,0.75
23.08.2021 00:22:03.721,1.36341,1.36335,0.75,0.75
23.08.2021 00:22:03.823,1.36349,1.36339,1.12,0.19
23.08.2021 00:22:08.122,1.36349,1.36338,0.75,0.75
23.08.2021 00:22:08.224,1.3634700000000002,1.36339,0.75,0.75
23.08.2021 00:22:43.469,1.3634600000000001,1.36339,0.75,0.75
23.08.2021 00:22:44.984,1.3634600000000001,1.36338,0.75,0.75
23.08.2021 00:22:45.086,1.36345,1.3633600000000001,0.75,0.75
23.08.2021 00:22:45.187,1.36345,1.36338,0.75,0.75
23.08.2021 00:23:03.999,1.3634600000000001,1.36338,0.75,0.75
23.08.2021 00:23:50.164,1.3634700000000002,1.3633600000000001,0.75,1.5
23.08.2021 00:24:07.574,1.3634600000000001,1.3633600000000001,0.75,1.5
23.08.2021 00:24:12.001,1.3634700000000002,1.3633600000000001,0.75,1.57
23.08.2021 00:24:18.181,1.3634700000000002,1.36338,0.75,0.75
23.08.2021 00:24:36.936,1.3634600000000001,1.36338,0.75,0.82
23.08.2021 00:24:50.570,1.3634700000000002,1.36335,0.82,0.82
23.08.2021 00:24:50.621,1.36344,1.36335,0.75,0.19
23.08.2021 00:24:50.723,1.3634000000000002,1.36332,1.5,0.94
23.08.2021 00:24:50.825,1.3633700000000002,1.36333,0.75,0.75
23.08.2021 00:24:50.941,1.36338,1.3632900000000001,0.75,1.5
23.08.2021 00:24:53.905,1.3633700000000002,1.3632900000000001,0.75,1.12
23.08.2021 00:24:56.490,1.3634000000000002,1.36328,0.75,1.12
23.08.2021 00:24:56.541,1.36339,1.36335,0.75,0.75
23.08.2021 00:24:57.337,1.36342,1.36334,0.75,0.37
23.08.2021 00:24:57.439,1.36343,1.36334,1.5,0.37
23.08.2021 00:24:57.540,1.36344,1.36332,1.5,0.75
23.08.2021 00:24:57.820,1.36343,1.36335,0.75,1.76
23.08.2021 00:24:57.871,1.3634700000000002,1.36338,1.12,0.75
23.08.2021 00:24:57.972,1.3634700000000002,1.3634000000000002,1.12,0.75
23.08.2021 00:25:01.194,1.3634700000000002,1.36343,0.94,0.75
23.08.2021 00:25:01.245,1.3635000000000002,1.3634600000000001,0.1,0.75
23.08.2021 00:25:01.398,1.36352,1.36349,0.37,0.75
23.08.2021 00:25:01.450,1.36351,1.3634700000000002,1.31,0.75
23.08.2021 00:25:01.602,1.36351,1.36341,0.45,1.5
23.08.2021 00:25:01.653,1.3635000000000002,1.36344,0.45,0.75
23.08.2021 00:25:01.974,1.36352,1.36344,0.37,0.75
23.08.2021 00:25:02.076,1.36352,1.36345,0.45,0.75
23.08.2021 00:25:02.177,1.3635000000000002,1.3634600000000001,0.1,0.75
23.08.2021 00:25:02.556,1.36352,1.36345,0.56,0.75
23.08.2021 00:25:02.763,1.36352,1.36348,0.56,0.75
23.08.2021 00:25:03.017,1.36352,1.36348,0.19,0.75
23.08.2021 00:25:03.756,1.36353,1.36349,1.39,0.75
23.08.2021 00:25:12.094,1.36354,1.3635000000000002,1.5,0.75
23.08.2021 00:25:12.145,1.3634700000000002,1.36342,0.75,0.52
23.08.2021 00:25:12.196,1.3635000000000002,1.36342,0.1,0.75
23.08.2021 00:25:12.298,1.36348,1.36344,0.1,0.75
23.08.2021 00:25:13.531,1.36348,1.36343,0.1,0.75
23.08.2021 00:25:45.408,1.3635000000000002,1.36342,0.45,0.75
23.08.2021 00:25:47.855,1.36353,1.36348,1.12,0.75
23.08.2021 00:25:47.956,1.36355,1.36348,2.14,0.75
23.08.2021 00:25:48.058,1.36354,1.3635000000000002,2.14,0.75
23.08.2021 00:25:53.597,1.36354,1.36345,0.45,0.75
23.08.2021 00:25:53.648,1.36353,1.36349,0.45,0.75
23.08.2021 00:26:01.133,1.36353,1.36348,0.45,0.75
23.08.2021 00:26:12.367,1.36354,1.36348,0.45,0.75
23.08.2021 00:26:20.216,1.36355,1.36349,1.5,0.75
23.08.2021 00:26:23.138,1.36352,1.3634700000000002,0.37,0.75
23.08.2021 00:26:24.772,1.36352,1.36345,0.45,0.75
23.08.2021 00:26:27.172,1.36354,1.36344,0.45,0.75
23.08.2021 00:26:30.155,1.36355,1.36349,1.5,0.75
23.08.2021 00:26:34.117,1.36353,1.36345,0.45,0.75
23.08.2021 00:26:35.236,1.36354,1.36343,0.45,0.75
23.08.2021 00:26:35.287,1.36353,1.3634600000000001,1.57,0.75
23.08.2021 00:26:35.388,1.36351,1.3634700000000002,0.45,0.75
23.08.2021 00:26:36.038,1.36354,1.36348,1.5,0.75
23.08.2021 00:26:36.139,1.36354,1.36349,1.5,0.75
23.08.2021 00:26:37.199,1.3635700000000002,1.36352,0.82,0.75
23.08.2021 00:26:40.098,1.36358,1.36352,0.45,0.75
23.08.2021 00:26:45.764,1.36358,1.36351,0.1,0.75
23.08.2021 00:26:48.953,1.3635700000000002,1.36353,0.1,0.75
23.08.2021 00:26:52.306,1.3635700000000002,1.36352,0.1,0.75
23.08.2021 00:26:56.520,1.36358,1.36352,0.45,0.75
23.08.2021 00:27:02.421,1.3635700000000002,1.36352,0.1,0.75
23.08.2021 00:27:15.087,1.36358,1.36353,0.1,0.75
23.08.2021 00:27:15.138,1.3636100000000002,1.36353,1.12,0.1
23.08.2021 00:27:15.189,1.36365,1.36359,0.1,0.75
23.08.2021 00:27:15.291,1.3636000000000001,1.36355,0.75,0.1
23.08.2021 00:27:15.342,1.36363,1.36354,1.12,0.1
23.08.2021 00:27:15.393,1.36359,1.36352,0.45,0.75
23.08.2021 00:27:16.096,1.3636100000000002,1.36352,0.1,0.75
23.08.2021 00:27:16.198,1.36363,1.36354,0.1,0.75
23.08.2021 00:27:18.055,1.36363,1.36355,0.82,0.75
23.08.2021 00:27:24.819,1.3636100000000002,1.36353,1.12,0.75
23.08.2021 00:27:24.920,1.3636000000000001,1.36353,0.37,0.75
23.08.2021 00:27:27.735,1.36359,1.36351,0.37,0.75
23.08.2021 00:27:28.399,1.36358,1.36351,0.37,0.75
23.08.2021 00:27:29.087,1.36358,1.36349,1.12,0.75
23.08.2021 00:27:29.443,1.3635700000000002,1.36349,0.45,0.75
23.08.2021 00:27:33.700,1.36356,1.36349,0.1,0.75
23.08.2021 00:27:33.802,1.36356,1.36348,0.1,0.75
23.08.2021 00:27:33.903,1.3635700000000002,1.3634600000000001,0.1,1.5
23.08.2021 00:27:37.492,1.36355,1.3634700000000002,0.1,1.5
23.08.2021 00:27:37.776,1.36354,1.3634700000000002,0.75,1.5
23.08.2021 00:27:37.828,1.36351,1.36344,0.37,0.75
23.08.2021 00:27:37.930,1.36352,1.36342,0.37,0.75
23.08.2021 00:27:38.298,1.36351,1.36342,0.37,0.75
23.08.2021 00:27:38.401,1.36351,1.36341,0.37,0.75
23.08.2021 00:27:38.504,1.36349,1.36342,0.37,0.75
23.08.2021 00:27:41.257,1.36349,1.36341,0.37,0.75
23.08.2021 00:27:41.358,1.3634600000000001,1.3633700000000002,0.37,0.75
23.08.2021 00:27:41.460,1.36343,1.36339,0.75,1.5
23.08.2021 00:27:41.561,1.36348,1.36339,1.57,1.5
23.08.2021 00:27:45.953,1.36349,1.36339,0.82,0.75
23.08.2021 00:27:48.792,1.3635000000000002,1.3634000000000002,0.45,0.75
23.08.2021 00:27:49.242,1.36351,1.36342,1.2,0.75
23.08.2021 00:27:50.790,1.36354,1.3634600000000001,0.82,0.75
23.08.2021 00:27:50.892,1.36355,1.36349,0.1,0.75
23.08.2021 00:27:50.993,1.36356,1.36349,0.1,0.75
23.08.2021 00:27:51.928,1.36356,1.36348,0.75,0.75
23.08.2021 00:27:59.007,1.36356,1.36349,0.75,0.75
23.08.2021 00:28:08.300,1.36356,1.3635000000000002,0.75,0.75
23.08.2021 00:28:21.810,1.36358,1.3635000000000002,0.75,0.94
23.08.2021 00:28:21.912,1.3635700000000002,1.3635000000000002,0.75,0.94
23.08.2021 00:29:03.084,1.3636100000000002,1.36354,1.69,0.19
23.08.2021 00:29:03.186,1.36363,1.36354,0.75,0.19
23.08.2021 00:29:05.303,1.36363,1.36358,0.75,0.75
23.08.2021 00:29:05.405,1.36364,1.3635700000000002,2.25,0.94
23.08.2021 00:29:05.506,1.36365,1.36358,1.5,0.75
23.08.2021 00:29:05.986,1.3636700000000002,1.36359,0.75,0.75
23.08.2021 00:29:09.149,1.36369,1.36358,0.45,1.5
23.08.2021 00:29:11.950,1.3637000000000001,1.36358,1.2,0.94
23.08.2021 00:29:26.614,1.36368,1.36359,0.1,0.94
23.08.2021 00:29:27.478,1.36368,1.3636000000000001,0.1,0.75
23.08.2021 00:29:41.905,1.36369,1.3636000000000001,0.1,0.75
23.08.2021 00:29:41.956,1.3637000000000001,1.36364,0.1,0.75
23.08.2021 00:29:42.007,1.36372,1.36366,0.82,0.75
23.08.2021 00:29:42.058,1.3637100000000002,1.36363,0.1,0.19
23.08.2021 00:29:42.164,1.3637100000000002,1.3636100000000002,0.1,0.19
23.08.2021 00:29:42.882,1.3637100000000002,1.3636000000000001,0.1,1.69
23.08.2021 00:29:45.966,1.36372,1.36365,0.45,0.75
23.08.2021 00:29:46.067,1.3637299999999999,1.36365,0.1,0.94
23.08.2021 00:29:46.270,1.36375,1.36364,0.64,0.19
23.08.2021 00:29:48.219,1.3637700000000001,1.36366,0.1,1.69
23.08.2021 00:29:48.437,1.3637700000000001,1.3636700000000002,0.1,1.69
23.08.2021 00:29:49.452,1.3637700000000001,1.36368,0.1,1.5
23.08.2021 00:29:49.562,1.36378,1.36368,0.45,1.69
23.08.2021 00:29:51.394,1.36379,1.3637000000000001,0.45,1.12
23.08.2021 00:29:55.313,1.36379,1.3637100000000002,0.45,0.75
23.08.2021 00:29:55.534,1.3638000000000001,1.36369,0.45,0.19
23.08.2021 00:29:59.633,1.36379,1.36369,0.75,0.19
23.08.2021 00:30:01.585,1.36376,1.36369,0.94,0.19
23.08.2021 00:30:01.687,1.3637700000000001,1.36369,0.37,0.19
23.08.2021 00:30:01.788,1.36378,1.36369,0.75,0.19
23.08.2021 00:30:02.987,1.3637700000000001,1.36369,0.75,0.19
23.08.2021 00:30:15.093,1.3638000000000001,1.36369,0.45,0.75
23.08.2021 00:30:15.711,1.3638100000000002,1.36375,1.12,1.69
23.08.2021 00:30:15.813,1.36382,1.36378,0.75,0.75
23.08.2021 00:30:16.015,1.36384,1.36378,1.5,0.75
23.08.2021 00:30:34.229,1.36385,1.36376,0.75,1.01
23.08.2021 00:30:37.942,1.3638100000000002,1.36376,0.75,0.26
23.08.2021 00:30:38.044,1.3638000000000001,1.36375,0.75,0.19
23.08.2021 00:30:38.146,1.3637700000000001,1.36372,0.75,0.19
23.08.2021 00:30:38.252,1.36378,1.36372,0.75,0.56
23.08.2021 00:30:38.952,1.3637700000000001,1.3637100000000002,0.75,0.19
23.08.2021 00:30:50.161,1.3638000000000001,1.3637000000000001,0.75,0.19
23.08.2021 00:30:55.789,1.3638000000000001,1.36369,0.75,0.94
23.08.2021 00:30:56.050,1.3638100000000002,1.3637100000000002,1.5,0.19
23.08.2021 00:31:10.162,1.3638000000000001,1.3637000000000001,0.75,0.19
23.08.2021 00:31:12.397,1.36378,1.3637100000000002,0.75,0.19
23.08.2021 00:31:14.259,1.36379,1.3637100000000002,0.75,0.75
23.08.2021 00:31:14.653,1.36378,1.3637299999999999,0.75,0.75
23.08.2021 00:31:14.755,1.36379,1.3637100000000002,0.75,0.75
23.08.2021 00:31:15.060,1.36379,1.36372,0.75,0.75
23.08.2021 00:31:15.667,1.36379,1.3637100000000002,0.75,0.75
23.08.2021 00:31:17.218,1.36378,1.3637100000000002,0.75,0.75
23.08.2021 00:31:20.096,1.36368,1.36364,0.19,1.12
23.08.2021 00:31:20.147,1.36368,1.3636100000000002,0.94,0.75
23.08.2021 00:31:20.249,1.3636700000000002,1.36359,0.19,7.95
23.08.2021 00:31:20.350,1.36366,1.36359,0.19,1.12
23.08.2021 00:31:25.266,1.36363,1.36359,0.75,0.75
23.08.2021 00:31:27.558,1.36364,1.3635700000000002,0.75,1.12
23.08.2021 00:31:28.213,1.36362,1.36358,0.94,0.75
23.08.2021 00:31:28.315,1.36363,1.36356,0.94,0.75
23.08.2021 00:31:30.141,1.36362,1.36356,0.75,0.75
23.08.2021 00:31:30.750,1.3636000000000001,1.36353,0.75,1.12
23.08.2021 00:31:30.852,1.36358,1.36353,0.75,1.2
23.08.2021 00:31:30.953,1.36358,1.36351,0.75,1.12
23.08.2021 00:31:31.605,1.3635700000000002,1.36351,0.75,1.12
23.08.2021 00:31:31.709,1.36356,1.36351,0.75,0.75
23.08.2021 00:31:31.812,1.36355,1.36351,0.75,0.75
23.08.2021 00:31:32.016,1.3635700000000002,1.3635000000000002,0.75,0.75
23.08.2021 00:31:36.377,1.36355,1.36351,0.75,0.75
23.08.2021 00:31:42.768,1.36354,1.36351,0.75,0.75
23.08.2021 00:31:42.869,1.36355,1.36348,0.75,0.75
23.08.2021 00:31:52.517,1.36354,1.3634600000000001,0.75,1.12
23.08.2021 00:32:00.063,1.36353,1.3634600000000001,0.75,0.75
23.08.2021 00:32:00.165,1.36353,1.3634700000000002,0.75,0.75
23.08.2021 00:32:00.216,1.36353,1.36349,0.75,0.75
23.08.2021 00:32:04.129,1.36355,1.36348,0.75,0.75
23.08.2021 00:32:09.832,1.36356,1.36349,0.75,0.75
23.08.2021 00:32:09.984,1.36356,1.36351,0.75,0.75
23.08.2021 00:32:31.764,1.36358,1.3635000000000002,0.45,0.75
23.08.2021 00:32:33.542,1.36359,1.36352,0.64,0.75
23.08.2021 00:32:33.593,1.3636000000000001,1.36354,0.26,0.75
23.08.2021 00:32:35.053,1.36362,1.36353,0.19,0.75
23.08.2021 00:32:38.208,1.36363,1.36356,1.12,1.12
23.08.2021 00:32:38.310,1.36365,1.36358,0.19,0.75
23.08.2021 00:32:38.411,1.36365,1.36359,0.19,0.75
23.08.2021 00:32:40.398,1.36365,1.3636000000000001,0.19,0.75
23.08.2021 00:32:40.450,1.36368,1.3636100000000002,0.19,0.75
23.08.2021 00:32:40.905,1.36368,1.36362,0.19,0.75
23.08.2021 00:32:43.943,1.36368,1.3636100000000002,0.26,0.75
23.08.2021 00:32:44.569,1.36369,1.3636100000000002,1.2,0.75
23.08.2021 00:32:46.132,1.36369,1.36362,1.2,0.75
23.08.2021 00:32:48.618,1.36369,1.36363,0.37,0.75
23.08.2021 00:32:49.064,1.3637000000000001,1.36363,0.1,1.5
23.08.2021 00:32:49.341,1.3637299999999999,1.36363,0.19,0.75
23.08.2021 00:32:52.027,1.3637299999999999,1.36368,0.19,0.75
23.08.2021 00:32:52.129,1.36375,1.3636700000000002,2.32,0.75
23.08.2021 00:32:52.281,1.36375,1.36366,3.07,0.75
23.08.2021 00:32:52.383,1.36374,1.36366,0.45,0.75
23.08.2021 00:32:52.484,1.36372,1.3636700000000002,0.37,0.75
23.08.2021 00:33:02.656,1.36372,1.36363,0.45,1.12
23.08.2021 00:33:10.849,1.36374,1.3636700000000002,1.69,0.75
23.08.2021 00:33:10.951,1.36374,1.36368,1.5,0.75
23.08.2021 00:33:11.103,1.36376,1.36368,1.12,1.12
23.08.2021 00:33:21.130,1.36376,1.3636700000000002,0.82,1.12
23.08.2021 00:33:21.236,1.36375,1.3636700000000002,0.26,0.75
23.08.2021 00:33:21.854,1.36375,1.36366,0.19,0.75
23.08.2021 00:33:30.050,1.36375,1.36364,0.26,1.12
23.08.2021 00:33:39.840,1.3637299999999999,1.36365,0.19,0.75
23.08.2021 00:33:44.073,1.3637299999999999,1.36364,0.19,2.4
23.08.2021 00:33:46.592,1.36372,1.36364,0.19,0.75
23.08.2021 00:33:46.694,1.3637100000000002,1.36363,0.26,0.45
23.08.2021 00:33:46.795,1.36372,1.3636100000000002,0.26,0.75
23.08.2021 00:33:47.239,1.36368,1.3636100000000002,0.19,0.82
23.08.2021 00:33:47.341,1.36369,1.36359,0.19,1.57
23.08.2021 00:33:47.552,1.36368,1.36359,0.26,1.2
23.08.2021 00:33:47.754,1.36369,1.3635700000000002,0.26,0.82
23.08.2021 00:33:49.005,1.3636700000000002,1.36358,0.19,0.82
23.08.2021 00:33:51.303,1.36364,1.36358,0.75,0.75
23.08.2021 00:33:54.637,1.36364,1.3635700000000002,0.75,0.75
23.08.2021 00:33:55.148,1.36364,1.36355,0.82,0.75
23.08.2021 00:33:55.199,1.36362,1.36353,0.19,2.02
23.08.2021 00:33:55.300,1.36363,1.36353,0.26,0.37
23.08.2021 00:33:56.217,1.36362,1.36353,0.26,0.75
23.08.2021 00:33:56.319,1.36362,1.36351,0.1,1.95
23.08.2021 00:33:57.448,1.36363,1.36351,0.26,0.82
23.08.2021 00:33:58.523,1.3636000000000001,1.36349,0.19,2.77
23.08.2021 00:34:13.315,1.36359,1.36351,0.75,0.75
23.08.2021 00:34:13.416,1.3636100000000002,1.3635000000000002,1.01,0.75
23.08.2021 00:34:13.961,1.3636000000000001,1.36352,1.01,0.75
23.08.2021 00:34:21.151,1.3636000000000001,1.36351,0.75,0.75
23.08.2021 00:34:21.482,1.3636100000000002,1.36352,0.94,0.75
23.08.2021 00:34:46.291,1.3636000000000001,1.36352,0.75,0.37
23.08.2021 00:35:02.197,1.36358,1.36351,0.75,0.1
23.08.2021 00:35:02.299,1.36359,1.36349,0.75,1.39
23.08.2021 00:35:02.623,1.3635700000000002,1.36348,0.75,1.84
23.08.2021 00:35:02.826,1.3635700000000002,1.36349,0.75,0.19
23.08.2021 00:35:04.533,1.36355,1.3634700000000002,0.75,1.46
23.08.2021 00:35:17.287,1.36355,1.3634600000000001,0.75,1.76
23.08.2021 00:35:17.389,1.36355,1.36345,0.75,1.76
23.08.2021 00:35:17.541,1.36353,1.36343,0.75,1.65
23.08.2021 00:35:19.961,1.36354,1.36344,0.75,0.94
23.08.2021 00:35:21.156,1.36354,1.36345,0.75,1.76
23.08.2021 00:35:21.707,1.36355,1.3634600000000001,0.75,0.94
23.08.2021 00:35:26.221,1.36354,1.3634700000000002,0.75,0.75
23.08.2021 00:35:52.315,1.36354,1.3634600000000001,0.75,1.01
23.08.2021 00:35:52.518,1.36356,1.3634600000000001,0.75,1.01
23.08.2021 00:35:52.782,1.36358,1.3634700000000002,0.75,1.57
23.08.2021 00:35:52.884,1.36359,1.36351,0.75,0.1
23.08.2021 00:35:52.986,1.3636100000000002,1.3635000000000002,0.75,0.1
23.08.2021 00:35:53.239,1.3636000000000001,1.36352,0.75,0.1
23.08.2021 00:35:55.456,1.3636100000000002,1.36352,0.75,0.1
23.08.2021 00:36:02.418,1.36362,1.3635000000000002,0.75,1.09
23.08.2021 00:36:05.343,1.3636100000000002,1.36352,0.75,0.1
23.08.2021 00:36:06.087,1.36362,1.36352,1.5,0.1
23.08.2021 00:36:39.179,1.3636100000000002,1.36352,0.75,0.75
23.08.2021 00:36:43.239,1.3636100000000002,1.36353,0.75,0.1
23.08.2021 00:36:55.000,1.36363,1.36356,0.75,0.19
23.08.2021 00:36:55.101,1.36364,1.36356,0.75,0.26
23.08.2021 00:37:04.794,1.36364,1.3635700000000002,0.75,0.19
23.08.2021 00:37:09.645,1.36364,1.36356,0.75,1.01
23.08.2021 00:37:25.812,1.36364,1.3635700000000002,0.75,0.75
23.08.2021 00:37:28.355,1.36364,1.36359,0.75,0.94
23.08.2021 00:37:28.406,1.36368,1.36358,0.75,1.01
23.08.2021 00:37:28.819,1.36366,1.36359,0.75,0.94
23.08.2021 00:37:30.759,1.36372,1.36365,2.62,0.19
23.08.2021 00:37:30.860,1.3637299999999999,1.36365,0.75,0.26
23.08.2021 00:37:30.962,1.36374,1.36366,2.25,0.75
23.08.2021 00:37:42.778,1.36372,1.36364,0.75,0.45
23.08.2021 00:37:42.879,1.3637299999999999,1.36362,0.75,0.45
23.08.2021 00:37:42.981,1.3637100000000002,1.3636100000000002,0.75,0.82
23.08.2021 00:37:43.083,1.3637100000000002,1.36362,0.75,0.1
23.08.2021 00:37:45.608,1.3637100000000002,1.3636100000000002,0.75,0.1
23.08.2021 00:37:47.769,1.3637000000000001,1.3636100000000002,0.75,1.2
23.08.2021 00:37:52.610,1.3637000000000001,1.36362,0.75,0.1
23.08.2021 00:38:03.897,1.36372,1.36362,1.2,0.82
23.08.2021 00:38:09.421,1.36372,1.3636100000000002,0.75,0.82
23.08.2021 00:38:19.649,1.3637100000000002,1.3636100000000002,0.75,0.1
23.08.2021 00:38:20.001,1.36374,1.36365,2.25,0.26
23.08.2021 00:38:20.102,1.36374,1.36366,2.25,0.1
23.08.2021 00:38:26.887,1.36375,1.36364,2.25,0.26
23.08.2021 00:38:35.815,1.36374,1.36366,1.5,0.1
23.08.2021 00:39:01.603,1.36376,1.36365,1.12,0.1
23.08.2021 00:39:09.662,1.36375,1.3636700000000002,0.19,0.75
23.08.2021 00:39:09.764,1.36376,1.3636700000000002,0.19,0.75
23.08.2021 00:39:21.933,1.36375,1.36369,0.19,0.75
23.08.2021 00:39:22.260,1.36382,1.36372,2.47,6.9
23.08.2021 00:39:22.362,1.36384,1.36372,2.51,0.75
23.08.2021 00:39:23.364,1.36383,1.36375,1.69,0.75
23.08.2021 00:39:32.507,1.36382,1.36374,0.75,0.75
23.08.2021 00:39:33.676,1.36383,1.3637299999999999,0.75,0.94
23.08.2021 00:39:33.828,1.3638000000000001,1.3637100000000002,0.75,0.19
23.08.2021 00:39:33.879,1.3638000000000001,1.36369,0.75,1.12
23.08.2021 00:39:36.730,1.3637700000000001,1.3637000000000001,0.75,0.75
23.08.2021 00:39:36.838,1.36379,1.36369,0.75,0.75
23.08.2021 00:39:37.603,1.36378,1.36368,0.75,0.75
23.08.2021 00:39:40.508,1.36375,1.36369,0.37,0.75
23.08.2021 00:39:40.560,1.3637299999999999,1.36366,0.75,0.1
23.08.2021 00:39:40.662,1.3637100000000002,1.36364,1.5,2.25
23.08.2021 00:39:40.763,1.3637000000000001,1.36364,0.75,2.25
23.08.2021 00:39:40.864,1.3637100000000002,1.3636000000000001,0.75,0.1
23.08.2021 00:39:45.103,1.36368,1.36359,1.5,0.1
23.08.2021 00:39:45.154,1.36368,1.36356,0.82,6.45
23.08.2021 00:39:45.255,1.3636700000000002,1.36358,0.75,0.1
23.08.2021 00:39:56.375,1.36364,1.36355,1.12,0.1
23.08.2021 00:39:56.478,1.36363,1.36354,0.75,1.76
23.08.2021 00:39:56.579,1.36363,1.36355,0.75,0.1
23.08.2021 00:39:56.784,1.3636000000000001,1.36354,0.75,0.45
23.08.2021 00:39:56.887,1.36356,1.36348,0.75,0.52
23.08.2021 00:39:57.040,1.36355,1.36348,0.75,0.82
23.08.2021 00:39:57.194,1.36358,1.3634700000000002,0.75,1.57
23.08.2021 00:39:58.168,1.36358,1.36349,1.5,1.57
23.08.2021 00:39:58.271,1.36359,1.36349,1.5,0.26
23.08.2021 00:40:14.534,1.36358,1.36349,1.57,0.75
23.08.2021 00:40:14.686,1.36358,1.36348,1.57,1.01
23.08.2021 00:40:15.677,1.3635700000000002,1.36348,0.75,0.1
23.08.2021 00:40:15.779,1.36358,1.3634600000000001,1.57,1.27
23.08.2021 00:40:25.164,1.3635700000000002,1.36348,1.5,0.1
23.08.2021 00:40:26.810,1.36358,1.36349,1.5,0.1
23.08.2021 00:40:26.911,1.36359,1.36349,1.5,0.75
23.08.2021 00:40:27.786,1.36359,1.36348,1.5,0.82
23.08.2021 00:40:30.329,1.36358,1.3635000000000002,1.5,1.24
23.08.2021 00:40:31.003,1.36358,1.36349,1.5,2.06
23.08.2021 00:40:40.833,1.36359,1.3634700000000002,1.57,1.57
23.08.2021 00:40:40.935,1.3635700000000002,1.36348,0.75,0.82
23.08.2021 00:40:41.037,1.3635700000000002,1.3634700000000002,0.82,2.32
23.08.2021 00:40:46.601,1.36358,1.3634700000000002,0.75,0.1
23.08.2021 00:40:51.653,1.36359,1.36348,1.5,0.1
23.08.2021 00:40:51.856,1.36358,1.3635000000000002,0.75,0.75
23.08.2021 00:40:52.579,1.3636100000000002,1.36349,0.82,1.57
23.08.2021 00:40:52.681,1.36362,1.3635000000000002,1.57,1.95
23.08.2021 00:40:52.784,1.3636000000000001,1.36351,1.5,0.1
23.08.2021 00:41:04.536,1.3635700000000002,1.3635000000000002,0.75,0.82
23.08.2021 00:41:04.587,1.3635700000000002,1.36348,1.57,1.5
23.08.2021 00:41:04.689,1.36359,1.3634700000000002,0.82,1.57
23.08.2021 00:41:04.740,1.36356,1.3634600000000001,0.75,1.57
23.08.2021 00:41:04.841,1.36356,1.36345,1.57,1.5
23.08.2021 00:41:05.926,1.36358,1.36349,1.2,1.69
23.08.2021 00:41:06.027,1.36355,1.36349,0.75,0.75
23.08.2021 00:41:06.078,1.36354,1.3634700000000002,0.75,1.2
23.08.2021 00:41:06.180,1.36354,1.3634600000000001,0.75,1.5
23.08.2021 00:41:06.332,1.36355,1.3634600000000001,1.57,1.5
23.08.2021 00:41:06.433,1.36354,1.3634600000000001,0.75,1.5
23.08.2021 00:41:06.570,1.36355,1.3634600000000001,1.57,1.5
23.08.2021 00:41:06.737,1.36354,1.3634600000000001,0.75,0.75
23.08.2021 00:41:26.162,1.36356,1.36345,0.1,1.5
23.08.2021 00:41:26.263,1.3635700000000002,1.3634600000000001,0.82,0.75
23.08.2021 00:41:26.365,1.36356,1.36348,0.82,0.75
23.08.2021 00:41:27.531,1.36356,1.36349,0.1,0.75
23.08.2021 00:41:27.633,1.3635700000000002,1.36349,0.1,0.75
23.08.2021 00:41:29.530,1.36358,1.36349,0.1,0.75
23.08.2021 00:41:30.359,1.36358,1.3635000000000002,0.26,0.75
23.08.2021 00:41:30.411,1.3636100000000002,1.36351,1.01,1.5
23.08.2021 00:41:30.462,1.36362,1.36352,0.19,0.75
23.08.2021 00:41:30.514,1.36363,1.36353,1.2,1.5
23.08.2021 00:41:36.293,1.36364,1.36353,0.75,0.75
23.08.2021 00:41:36.564,1.36365,1.36353,1.5,1.5
23.08.2021 00:41:36.615,1.36366,1.36356,0.1,0.75
23.08.2021 00:41:36.716,1.36366,1.36358,0.1,0.75
23.08.2021 00:41:36.868,1.3636700000000002,1.36356,0.1,0.75
23.08.2021 00:41:37.935,1.36366,1.36358,0.1,0.75
23.08.2021 00:41:38.356,1.3636700000000002,1.36358,0.1,0.75
23.08.2021 00:41:40.381,1.36368,1.36358,1.39,0.75
23.08.2021 00:41:41.408,1.36369,1.36358,1.39,0.75
23.08.2021 00:41:46.086,1.36368,1.3635700000000002,0.1,0.75
23.08.2021 00:41:51.088,1.36366,1.36358,0.75,0.75
23.08.2021 00:41:52.180,1.36365,1.3635700000000002,0.75,0.75
23.08.2021 00:41:52.281,1.36365,1.36358,0.75,0.75
23.08.2021 00:42:00.853,1.3636700000000002,1.3635700000000002,0.75,0.75
23.08.2021 00:42:08.647,1.36366,1.36359,0.75,0.75
23.08.2021 00:42:09.438,1.3636700000000002,1.36359,0.75,0.75
23.08.2021 00:42:27.235,1.36368,1.36359,0.82,0.75
23.08.2021 00:42:31.417,1.3637000000000001,1.36358,1.57,1.5
23.08.2021 00:42:36.926,1.36372,1.36362,0.75,0.82
23.08.2021 00:42:37.028,1.3637299999999999,1.36365,0.75,0.75
23.08.2021 00:42:37.129,1.36375,1.36364,0.75,0.75
23.08.2021 00:42:39.777,1.3637700000000001,1.36366,1.5,0.75
23.08.2021 00:42:39.929,1.3637700000000001,1.3636700000000002,1.2,1.5
23.08.2021 00:42:45.551,1.36379,1.36366,0.82,1.57
23.08.2021 00:42:49.033,1.36379,1.36368,0.75,0.75
23.08.2021 00:42:53.980,1.3638000000000001,1.3637100000000002,0.45,0.75
23.08.2021 00:42:54.081,1.36382,1.36372,1.5,1.5
23.08.2021 00:43:00.315,1.36384,1.3637100000000002,0.75,0.75
23.08.2021 00:43:06.691,1.36384,1.3637299999999999,0.75,0.75
23.08.2021 00:43:06.793,1.36388,1.3637700000000001,2.25,0.75
23.08.2021 00:43:08.534,1.36388,1.36378,0.37,1.5
23.08.2021 00:43:14.623,1.3639000000000001,1.3637700000000001,2.32,1.5
23.08.2021 00:43:17.316,1.3639000000000001,1.36378,2.32,0.75
23.08.2021 00:43:19.362,1.36388,1.3637700000000001,0.75,0.82
23.08.2021 00:43:21.333,1.3639000000000001,1.3637700000000001,3,1.57
23.08.2021 00:43:24.482,1.3639000000000001,1.36386,0.37,0.75
23.08.2021 00:43:24.584,1.3639100000000002,1.3638700000000001,0.75,0.82
23.08.2021 00:43:24.849,1.3639200000000002,1.36388,0.75,0.75
23.08.2021 00:43:24.900,1.36398,1.36388,1.2,1.5
23.08.2021 00:43:28.583,1.36399,1.3639100000000002,0.75,0.75
23.08.2021 00:43:28.634,1.3640200000000002,1.3639000000000001,0.75,0.75
23.08.2021 00:43:28.736,1.3640200000000002,1.3639200000000002,0.75,0.75
23.08.2021 00:43:28.837,1.3640100000000002,1.3639200000000002,0.75,0.75
23.08.2021 00:43:28.888,1.364,1.3639000000000001,0.75,2.32
23.08.2021 00:43:33.953,1.3640100000000002,1.3639000000000001,0.75,0.75
23.08.2021 00:43:48.675,1.3640100000000002,1.3639100000000002,0.75,2.25
23.08.2021 00:43:50.979,1.3640100000000002,1.3639200000000002,0.75,0.1
23.08.2021 00:43:52.442,1.3640200000000002,1.3639200000000002,0.75,1.57
23.08.2021 00:43:53.341,1.3640200000000002,1.36394,0.75,0.75
23.08.2021 00:43:53.444,1.3640200000000002,1.3639000000000001,1.57,1.87
23.08.2021 00:43:53.546,1.3640100000000002,1.36389,0.1,2.25
23.08.2021 00:43:55.272,1.36399,1.36389,1.57,1.5
23.08.2021 00:43:55.374,1.36398,1.36388,0.1,1.5
23.08.2021 00:43:57.005,1.364,1.3638700000000001,2.32,1.57
23.08.2021 00:44:01.003,1.36398,1.36388,0.1,1.5
23.08.2021 00:44:01.107,1.36399,1.36388,2.32,1.57
23.08.2021 00:44:02.852,1.36399,1.36389,1.57,0.75
23.08.2021 00:44:04.514,1.36398,1.36389,0.75,0.75
23.08.2021 00:44:04.630,1.36399,1.3639000000000001,0.75,0.75
23.08.2021 00:44:06.415,1.3639700000000001,1.36389,0.75,0.75
23.08.2021 00:44:06.516,1.36393,1.36389,0.75,0.75
23.08.2021 00:44:06.618,1.36393,1.36388,0.75,0.75
23.08.2021 00:44:06.720,1.3639200000000002,1.3638700000000001,0.75,1.57
23.08.2021 00:44:07.815,1.3639200000000002,1.36386,0.75,1.57
23.08.2021 00:44:09.525,1.36393,1.36386,0.75,1.57
23.08.2021 00:44:16.652,1.36395,1.36385,0.75,1.57
23.08.2021 00:44:17.848,1.36395,1.36386,0.75,1.57
23.08.2021 00:44:22.883,1.36395,1.3638700000000001,0.75,0.82
23.08.2021 00:44:34.524,1.3639700000000001,1.3638700000000001,0.75,0.1
23.08.2021 00:44:40.875,1.36394,1.3638700000000001,0.75,0.1
23.08.2021 00:44:40.926,1.36394,1.36385,1.5,0.1
23.08.2021 00:44:41.027,1.36393,1.36384,0.75,0.82
23.08.2021 00:44:44.251,1.36395,1.36385,1.5,0.1
23.08.2021 00:44:45.205,1.36395,1.36386,0.75,0.1
23.08.2021 00:44:47.696,1.36395,1.3638700000000001,0.75,0.1
23.08.2021 00:44:48.889,1.36396,1.36388,1.5,0.1
23.08.2021 00:44:50.358,1.3639700000000001,1.36388,0.75,0.75
23.08.2021 00:44:52.528,1.3639700000000001,1.36389,0.75,0.75
23.08.2021 00:44:54.979,1.364,1.3639100000000002,0.75,0.75
23.08.2021 00:44:55.182,1.3640200000000002,1.3639100000000002,0.75,0.82
23.08.2021 00:44:57.872,1.3640100000000002,1.36393,0.75,0.75
23.08.2021 00:44:57.923,1.36403,1.36396,0.75,0.75
23.08.2021 00:44:58.026,1.36403,1.36393,0.75,0.82
23.08.2021 00:44:58.230,1.36405,1.36395,0.94,0.75
23.08.2021 00:44:58.433,1.36405,1.36394,1.5,0.1
23.08.2021 00:45:00.241,1.36399,1.3639200000000002,0.75,0.9
23.08.2021 00:45:00.342,1.36399,1.36388,1.5,0.1
23.08.2021 00:45:00.619,1.36399,1.3638700000000001,1.5,0.1
23.08.2021 00:45:01.475,1.36396,1.3638700000000001,1.5,0.1
23.08.2021 00:45:04.699,1.3639700000000001,1.36389,0.75,0.1
23.08.2021 00:45:04.801,1.3639700000000001,1.36388,1.5,0.82
23.08.2021 00:45:05.097,1.36396,1.3638700000000001,1.5,0.45
23.08.2021 00:45:19.458,1.36396,1.36388,0.75,0.1
23.08.2021 00:45:24.546,1.36398,1.3638700000000001,0.75,0.1
23.08.2021 00:45:24.647,1.3639700000000001,1.36389,0.75,0.45
23.08.2021 00:45:35.291,1.36396,1.36388,0.75,0.1
23.08.2021 00:45:49.410,1.3639700000000001,1.36388,0.75,0.1
23.08.2021 00:45:54.570,1.36399,1.3639100000000002,0.75,0.75
23.08.2021 00:45:54.697,1.36399,1.3639200000000002,0.75,0.75
23.08.2021 00:46:06.089,1.36399,1.36393,0.75,0.75
23.08.2021 00:46:06.342,1.36403,1.36396,3.82,0.75
23.08.2021 00:46:11.366,1.36404,1.36396,0.26,0.75
23.08.2021 00:46:19.026,1.36405,1.36396,0.26,0.75
23.08.2021 00:46:19.077,1.36405,1.36398,0.19,0.75
23.08.2021 00:46:19.626,1.36406,1.36398,0.26,0.75
23.08.2021 00:46:20.247,1.36406,1.36399,0.82,0.75
23.08.2021 00:46:21.924,1.36405,1.36399,0.19,0.75
23.08.2021 00:46:35.526,1.36404,1.36399,0.19,0.75
23.08.2021 00:46:36.979,1.36406,1.36398,1.95,0.75
23.08.2021 00:46:52.376,1.36404,1.36398,0.75,0.75
23.08.2021 00:47:00.958,1.36403,1.3639700000000001,0.75,0.75
23.08.2021 00:47:01.418,1.3640200000000002,1.3639700000000001,0.75,0.75
23.08.2021 00:47:01.520,1.36403,1.36395,0.75,0.75
23.08.2021 00:47:01.622,1.36403,1.36396,0.75,0.75
23.08.2021 00:47:01.723,1.3640200000000002,1.36396,0.75,0.75
23.08.2021 00:47:08.287,1.36404,1.36395,0.75,0.75
23.08.2021 00:47:09.937,1.36404,1.36396,0.75,0.75
23.08.2021 00:47:11.499,1.36403,1.36394,0.75,2.51
23.08.2021 00:47:12.395,1.36405,1.36394,0.75,0.75
23.08.2021 00:47:19.472,1.36408,1.3640200000000002,1.12,0.75
23.08.2021 00:47:19.523,1.36413,1.36406,1.69,0.75
23.08.2021 00:47:19.574,1.36408,1.36405,0.19,0.75
23.08.2021 00:47:19.625,1.3641,1.36406,0.37,0.75
23.08.2021 00:47:19.676,1.3641400000000001,1.36406,8.25,0.75
23.08.2021 00:47:19.777,1.36415,1.36406,0.75,0.82
23.08.2021 00:47:20.660,1.36415,1.36405,0.75,0.1
23.08.2021 00:47:20.762,1.36415,1.36406,0.75,0.1
23.08.2021 00:47:21.015,1.3641400000000001,1.36408,0.75,0.1
23.08.2021 00:47:21.733,1.36415,1.36408,0.75,0.1
23.08.2021 00:47:22.349,1.36418,1.3640700000000001,1.5,0.82
23.08.2021 00:47:25.353,1.36419,1.3641,1.5,0.1
23.08.2021 00:47:25.661,1.3642100000000001,1.36409,0.75,0.82
23.08.2021 00:47:30.112,1.3642,1.3641100000000002,0.75,0.26
23.08.2021 00:47:41.055,1.3642,1.3641,0.75,0.19
23.08.2021 00:47:41.157,1.36419,1.3641,0.75,0.19
23.08.2021 00:47:43.685,1.36418,1.3641,0.75,0.19
23.08.2021 00:47:43.787,1.3641,1.36405,0.75,0.19
23.08.2021 00:47:43.889,1.36409,1.36404,0.75,1.2
23.08.2021 00:47:43.990,1.3641,1.3640100000000002,0.75,0.37
23.08.2021 00:47:47.447,1.3640700000000001,1.36399,0.75,0.82
23.08.2021 00:47:47.550,1.3640700000000001,1.36398,0.75,0.75
23.08.2021 00:47:47.702,1.3640700000000001,1.36399,0.75,0.75
23.08.2021 00:47:48.456,1.36405,1.3639700000000001,0.75,1.65
23.08.2021 00:47:48.558,1.36404,1.3639700000000001,0.75,1.2
23.08.2021 00:47:49.016,1.36404,1.36398,0.75,0.1
23.08.2021 00:47:49.271,1.36405,1.3639700000000001,0.75,2.4
23.08.2021 00:47:50.844,1.36406,1.36398,0.75,0.75
23.08.2021 00:47:51.420,1.36406,1.36399,0.75,0.75
23.08.2021 00:47:57.352,1.3640700000000001,1.3639700000000001,0.75,0.82
23.08.2021 00:48:01.201,1.36409,1.3639700000000001,0.75,0.75
23.08.2021 00:48:01.976,1.3641100000000002,1.364,2.32,0.75
23.08.2021 00:48:02.077,1.3641200000000002,1.364,1.5,0.75
23.08.2021 00:48:06.031,1.3641200000000002,1.3640100000000002,1.5,1.5
23.08.2021 00:48:06.083,1.3641400000000001,1.36404,1.5,0.45
23.08.2021 00:48:06.237,1.3641400000000001,1.36405,0.75,0.75
23.08.2021 00:48:09.234,1.3641400000000001,1.36406,0.75,0.1
23.08.2021 00:48:15.542,1.36415,1.36404,0.75,1.2
23.08.2021 00:48:15.892,1.3641400000000001,1.36406,0.75,0.1
23.08.2021 00:48:20.620,1.36416,1.36406,0.75,0.82
23.08.2021 00:48:22.932,1.36418,1.36406,2.32,0.75
23.08.2021 00:48:23.033,1.36416,1.3640700000000001,0.75,0.75
23.08.2021 00:48:23.832,1.3642100000000001,1.36409,6.26,0.75
23.08.2021 00:48:28.807,1.3642400000000001,1.36415,1.12,1.12
23.08.2021 00:48:28.909,1.36425,1.36416,1.5,0.75
23.08.2021 00:48:29.336,1.36426,1.3641400000000001,1.5,1.12
23.08.2021 00:48:30.678,1.36427,1.36416,0.75,0.75
23.08.2021 00:48:31.408,1.36427,1.3642100000000001,0.75,1.87
23.08.2021 00:48:31.560,1.36428,1.3642100000000001,0.75,0.75
23.08.2021 00:48:31.813,1.3643,1.3642100000000001,0.75,0.75
23.08.2021 00:48:31.915,1.36429,1.3642100000000001,0.75,0.75
23.08.2021 00:48:32.067,1.36433,1.36425,1.5,0.75
23.08.2021 00:48:32.168,1.3643200000000002,1.3642400000000001,0.75,0.75
23.08.2021 00:48:35.248,1.36428,1.36419,0.75,0.75
23.08.2021 00:48:35.299,1.36428,1.36417,0.82,1.95
23.08.2021 00:48:36.741,1.36427,1.36416,0.82,0.75
23.08.2021 00:48:43.635,1.36425,1.3641400000000001,0.75,0.82
23.08.2021 00:48:43.737,1.3642400000000001,1.3641400000000001,0.82,1.57
23.08.2021 00:48:43.838,1.3642100000000001,1.3641,0.75,0.82
23.08.2021 00:48:45.327,1.3642100000000001,1.3641200000000002,0.75,1.57
23.08.2021 00:48:46.206,1.3642200000000002,1.3641200000000002,1.57,0.82
23.08.2021 00:48:46.358,1.36423,1.3641200000000002,0.75,1.2
23.08.2021 00:48:46.460,1.3642400000000001,1.36416,1.57,0.75
23.08.2021 00:48:46.612,1.3642400000000001,1.36413,0.75,0.82
23.08.2021 00:48:48.566,1.3642400000000001,1.36415,0.75,0.82
23.08.2021 00:48:59.051,1.3642400000000001,1.36416,0.75,0.1
23.08.2021 00:49:00.567,1.36425,1.36416,0.75,0.1
23.08.2021 00:49:00.618,1.36426,1.36417,2.25,0.1
23.08.2021 00:49:00.669,1.36428,1.36419,1.5,0.1
23.08.2021 00:49:00.771,1.3643,1.36419,1.5,0.1
23.08.2021 00:49:06.769,1.3643,1.36418,1.5,0.1
23.08.2021 00:49:08.755,1.36428,1.36419,0.75,0.1
23.08.2021 00:49:11.080,1.36428,1.36416,1.5,0.1
23.08.2021 00:49:11.233,1.36428,1.36415,1.57,2.7
23.08.2021 00:49:11.334,1.36427,1.36415,0.75,1.95
23.08.2021 00:49:12.126,1.36423,1.3641200000000002,0.75,1.2
23.08.2021 00:49:12.940,1.3642200000000002,1.3641200000000002,0.75,0.45
23.08.2021 00:49:15.033,1.36423,1.36415,0.82,0.75
23.08.2021 00:49:18.051,1.3642200000000002,1.36415,0.37,0.75
23.08.2021 00:49:18.102,1.36423,1.3641200000000002,0.45,0.75
23.08.2021 00:49:25.767,1.36423,1.3641100000000002,0.1,1.2
23.08.2021 00:49:26.551,1.36423,1.36418,2.62,0.75
23.08.2021 00:49:31.711,1.3642400000000001,1.3641200000000002,2.32,0.1
23.08.2021 00:49:43.156,1.36423,1.3641200000000002,0.1,0.75
23.08.2021 00:49:43.792,1.36417,1.36409,0.75,3.56
23.08.2021 00:49:43.894,1.36417,1.36408,0.75,0.75
23.08.2021 00:49:45.514,1.36418,1.36406,0.75,0.82
23.08.2021 00:49:52.140,1.36419,1.3640700000000001,0.75,0.75
23.08.2021 00:49:53.727,1.36423,1.3641100000000002,3.22,1.87
23.08.2021 00:49:53.828,1.3642100000000001,1.36409,1.5,2.25
23.08.2021 00:49:57.641,1.36419,1.36409,0.75,4.2
23.08.2021 00:50:01.103,1.36419,1.3640700000000001,1.5,0.75
23.08.2021 00:50:02.126,1.36418,1.36409,2.25,1.24
23.08.2021 00:50:03.302,1.36418,1.36408,2.25,0.75
23.08.2021 00:50:19.882,1.36419,1.3641100000000002,1.57,0.75
23.08.2021 00:50:24.373,1.3642100000000001,1.3641,1.57,0.75
23.08.2021 00:50:27.367,1.36418,1.3641,0.75,0.75
23.08.2021 00:50:27.570,1.3642,1.3641,1.87,0.75
23.08.2021 00:50:29.733,1.3642,1.3641100000000002,1.87,0.75
23.08.2021 00:50:42.895,1.36419,1.3641100000000002,0.1,0.75
23.08.2021 00:50:46.844,1.36418,1.3641,3.07,0.75
23.08.2021 00:50:46.945,1.36416,1.3641100000000002,0.1,0.75
23.08.2021 00:50:49.016,1.3641400000000001,1.3640700000000001,0.75,0.75
23.08.2021 00:50:53.322,1.36413,1.36403,0.75,0.82
23.08.2021 00:50:55.581,1.3641100000000002,1.36403,0.75,0.75
23.08.2021 00:50:56.514,1.36409,1.3640100000000002,0.75,0.82
23.08.2021 00:50:56.617,1.36406,1.364,0.75,0.75
23.08.2021 00:50:56.770,1.3640700000000001,1.36398,0.75,0.75
23.08.2021 00:50:56.821,1.3641,1.36398,1.87,0.75
23.08.2021 00:50:58.540,1.36409,1.364,0.75,0.82
23.08.2021 00:50:58.591,1.3641100000000002,1.3640100000000002,1.57,1.57
23.08.2021 00:50:58.946,1.3641100000000002,1.3640200000000002,0.75,0.82
23.08.2021 00:50:58.997,1.36413,1.36404,0.82,0.75
23.08.2021 00:50:59.602,1.3641200000000002,1.36403,0.75,1.57
23.08.2021 00:51:28.228,1.36413,1.3640100000000002,0.75,1.5
23.08.2021 00:51:37.140,1.3641200000000002,1.36403,0.75,0.75
23.08.2021 00:51:42.622,1.36416,1.36406,2.14,1.57
23.08.2021 00:51:42.724,1.36417,1.36406,2.14,0.75
23.08.2021 00:51:48.083,1.36416,1.36406,0.75,0.75
23.08.2021 00:51:48.291,1.36416,1.3640700000000001,0.75,0.82
23.08.2021 00:51:49.449,1.3642100000000001,1.36413,1.12,0.75
23.08.2021 00:51:49.551,1.3642100000000001,1.36413,1.2,0.75
23.08.2021 00:51:51.994,1.3642,1.3641,0.82,0.75
23.08.2021 00:51:52.045,1.36419,1.36408,0.82,0.75
23.08.2021 00:51:52.146,1.36419,1.3640700000000001,1.57,1.57
23.08.2021 00:51:53.375,1.36417,1.36408,0.75,1.57
23.08.2021 00:51:53.477,1.36419,1.3640700000000001,2.32,1.57
23.08.2021 00:51:53.578,1.36417,1.36408,0.75,1.57
23.08.2021 00:52:01.743,1.36416,1.36408,0.75,0.75
23.08.2021 00:52:02.349,1.36418,1.3640700000000001,1.57,0.75
23.08.2021 00:52:08.058,1.36416,1.36408,0.75,0.75
23.08.2021 00:52:08.950,1.36417,1.36408,2.51,0.75
23.08.2021 00:52:09.160,1.36417,1.3640700000000001,0.75,0.75
23.08.2021 00:52:09.872,1.36417,1.36406,0.75,0.82
23.08.2021 00:52:12.231,1.36417,1.3640700000000001,2.32,0.82
23.08.2021 00:52:16.230,1.36417,1.36406,0.75,0.82
23.08.2021 00:52:16.331,1.36417,1.3640700000000001,2.32,0.82
23.08.2021 00:52:16.753,1.36416,1.3640700000000001,0.75,0.82
23.08.2021 00:52:19.137,1.36416,1.36408,0.75,0.1
23.08.2021 00:52:19.239,1.36416,1.3640700000000001,0.75,0.82
23.08.2021 00:52:36.749,1.36416,1.36406,0.75,0.1
23.08.2021 00:52:36.953,1.3641100000000002,1.36405,0.75,0.19
23.08.2021 00:52:37.005,1.3640700000000001,1.3640200000000002,0.75,0.75
23.08.2021 00:52:37.057,1.36406,1.36398,0.75,8.51
23.08.2021 00:52:39.598,1.3640700000000001,1.36396,0.75,0.26
23.08.2021 00:52:40.916,1.36408,1.36396,1.57,0.94
23.08.2021 00:52:44.361,1.3640700000000001,1.36399,0.82,0.75
23.08.2021 00:52:45.234,1.36404,1.3639700000000001,0.1,0.75
23.08.2021 00:52:45.336,1.36405,1.36395,0.82,0.75
23.08.2021 00:52:45.438,1.36406,1.36399,1.2,0.75
23.08.2021 00:52:46.192,1.36408,1.36398,1.95,0.75
23.08.2021 00:52:49.850,1.36406,1.36399,0.1,0.75
23.08.2021 00:52:55.044,1.36406,1.36398,0.1,0.75
23.08.2021 00:52:56.248,1.36406,1.36399,0.1,0.75
23.08.2021 00:52:56.299,1.36408,1.364,1.39,0.75
23.08.2021 00:52:56.501,1.3641,1.36399,1.76,0.75
23.08.2021 00:52:57.572,1.3641100000000002,1.3640200000000002,0.82,1.5
23.08.2021 00:52:57.675,1.3641200000000002,1.36408,0.19,0.75
23.08.2021 00:52:57.776,1.36413,1.36408,0.45,0.75
23.08.2021 00:52:57.878,1.3641400000000001,1.36409,0.82,0.75
23.08.2021 00:52:57.980,1.36416,1.36409,0.26,0.75
23.08.2021 00:53:00.122,1.36416,1.3641,0.26,0.75
23.08.2021 00:53:00.173,1.36418,1.36413,0.82,0.75
23.08.2021 00:53:00.275,1.3642100000000001,1.36413,1.46,0.75
23.08.2021 00:53:00.427,1.3642100000000001,1.3641400000000001,2.32,0.75
23.08.2021 00:53:10.389,1.3642100000000001,1.36413,0.26,0.75
23.08.2021 00:53:11.495,1.36417,1.36413,0.75,0.75
23.08.2021 00:53:11.808,1.36419,1.36413,0.75,0.75
23.08.2021 00:53:12.062,1.36418,1.3641100000000002,0.75,0.56
23.08.2021 00:53:12.163,1.36419,1.3641100000000002,0.75,0.37
23.08.2021 00:53:14.785,1.3642100000000001,1.36416,0.1,0.75
23.08.2021 00:53:14.984,1.3642200000000002,1.36416,0.1,0.75
23.08.2021 00:53:15.644,1.3642100000000001,1.36416,0.1,0.75
23.08.2021 00:53:16.387,1.36418,1.36415,0.75,0.75
23.08.2021 00:53:21.364,1.36418,1.3641,0.75,0.37
23.08.2021 00:53:21.414,1.36417,1.3641400000000001,0.75,0.75
23.08.2021 00:53:21.617,1.3642,1.36413,0.1,0.75
23.08.2021 00:53:22.267,1.36418,1.36413,0.75,0.75
23.08.2021 00:53:22.688,1.36417,1.36413,0.75,0.75
23.08.2021 00:53:23.042,1.36417,1.3641200000000002,0.75,0.75
23.08.2021 00:53:25.433,1.36418,1.3641200000000002,0.75,0.75
23.08.2021 00:53:28.390,1.36417,1.3641200000000002,0.75,0.75
23.08.2021 00:53:31.161,1.3641100000000002,1.36406,0.75,7.69
23.08.2021 00:53:31.212,1.3641200000000002,1.3640700000000001,0.75,0.75
23.08.2021 00:53:31.263,1.3641100000000002,1.36406,0.19,7.5
23.08.2021 00:53:31.314,1.3641,1.36405,0.75,0.75
23.08.2021 00:53:31.466,1.3641,1.36405,0.75,0.37
23.08.2021 00:53:34.111,1.3641100000000002,1.36403,0.75,0.37
23.08.2021 00:53:34.562,1.3641200000000002,1.36408,0.1,0.75
23.08.2021 00:53:37.125,1.3641100000000002,1.36403,0.75,0.37
23.08.2021 00:53:37.176,1.3641,1.3640700000000001,0.75,0.75
23.08.2021 00:53:37.328,1.3641,1.36406,0.75,0.75
23.08.2021 00:53:37.429,1.3641,1.36405,0.75,0.75
23.08.2021 00:53:44.473,1.3641,1.36404,0.75,0.75
23.08.2021 00:53:44.574,1.36409,1.36406,0.75,0.75
23.08.2021 00:53:47.188,1.3641,1.36403,0.75,0.75
23.08.2021 00:53:52.623,1.3641100000000002,1.36403,0.75,0.75
23.08.2021 00:53:58.790,1.3641200000000002,1.36404,0.75,0.75
23.08.2021 00:54:02.241,1.3641200000000002,1.3640200000000002,0.75,0.75
23.08.2021 00:54:02.755,1.3641100000000002,1.364,0.75,0.82
23.08.2021 00:54:02.857,1.36408,1.36399,0.75,1.57
23.08.2021 00:54:03.009,1.36408,1.36398,0.75,0.75
23.08.2021 00:54:04.339,1.36408,1.364,0.75,0.1
23.08.2021 00:54:04.731,1.36408,1.36399,0.75,0.82
23.08.2021 00:54:07.836,1.36408,1.36398,0.75,0.1
23.08.2021 00:54:09.221,1.3640700000000001,1.3640200000000002,0.75,0.75
23.08.2021 00:54:10.096,1.3641,1.3640100000000002,0.82,0.75
23.08.2021 00:54:11.295,1.3641,1.36403,0.75,0.75
23.08.2021 00:54:11.969,1.3641100000000002,1.36403,0.75,0.75
23.08.2021 00:54:12.671,1.3641200000000002,1.36403,0.82,0.75
23.08.2021 00:54:12.772,1.3641100000000002,1.36403,0.82,0.75
23.08.2021 00:54:17.700,1.3641200000000002,1.36404,0.82,0.75
23.08.2021 00:54:17.751,1.3641100000000002,1.36403,0.75,0.75
23.08.2021 00:54:17.802,1.36416,1.36408,0.45,0.75
23.08.2021 00:54:17.904,1.36417,1.36408,0.1,0.75
23.08.2021 00:54:18.005,1.36417,1.36409,0.82,0.75
23.08.2021 00:54:21.836,1.36418,1.36409,0.1,0.75
23.08.2021 00:54:21.939,1.3642,1.36409,0.1,0.75
23.08.2021 00:54:22.192,1.3642,1.36413,0.1,0.75
23.08.2021 00:54:22.294,1.3642200000000002,1.3641200000000002,0.1,0.75
23.08.2021 00:54:22.551,1.3642100000000001,1.3641400000000001,0.1,0.75
23.08.2021 00:54:22.653,1.3642200000000002,1.3641400000000001,0.1,0.75
23.08.2021 00:54:25.670,1.36427,1.36417,0.1,0.75
23.08.2021 00:54:26.024,1.36427,1.36418,0.1,1.5
23.08.2021 00:54:27.645,1.36428,1.36419,0.1,0.75
23.08.2021 00:54:27.747,1.3643,1.3642100000000001,0.1,0.75
23.08.2021 00:54:28.002,1.3643100000000001,1.3642200000000002,0.1,0.75
23.08.2021 00:54:28.053,1.3643200000000002,1.36423,1.01,0.75
23.08.2021 00:54:28.105,1.3643,1.36423,0.1,0.75
23.08.2021 00:54:28.586,1.3643100000000001,1.36423,0.1,0.75
23.08.2021 00:54:29.267,1.3643100000000001,1.3642200000000002,0.1,0.75
23.08.2021 00:54:33.844,1.3643100000000001,1.36423,0.1,0.75
23.08.2021 00:54:33.947,1.3643200000000002,1.36423,0.1,0.75
23.08.2021 00:54:34.636,1.3643500000000002,1.36426,0.1,1.5
23.08.2021 00:54:34.738,1.3643500000000002,1.36428,0.1,0.75
23.08.2021 00:54:35.229,1.36436,1.36428,0.1,1.5
23.08.2021 00:54:35.435,1.36437,1.36428,0.1,1.5
23.08.2021 00:54:35.717,1.36436,1.36428,0.1,1.5
23.08.2021 00:54:35.906,1.3643500000000002,1.36428,0.1,1.5
23.08.2021 00:54:36.202,1.36436,1.36426,0.1,1.5
23.08.2021 00:54:36.304,1.3643500000000002,1.36428,0.1,0.75
23.08.2021 00:54:36.457,1.3643500000000002,1.36427,0.1,1.5
23.08.2021 00:54:36.560,1.36437,1.36429,0.1,0.75
23.08.2021 00:54:36.662,1.36437,1.36427,0.1,0.75
23.08.2021 00:54:36.764,1.3643500000000002,1.36426,0.26,0.75
23.08.2021 00:54:36.866,1.36434,1.36426,0.1,0.75
23.08.2021 00:54:37.121,1.36433,1.36426,0.1,0.75
23.08.2021 00:54:38.156,1.36434,1.3642400000000001,0.1,0.75
23.08.2021 00:54:41.758,1.36434,1.36425,0.82,0.75
23.08.2021 00:54:42.581,1.36434,1.3642400000000001,0.1,0.75
23.08.2021 00:54:48.227,1.3643500000000002,1.36425,0.26,0.75
23.08.2021 00:54:48.279,1.36436,1.3643,0.19,0.75
23.08.2021 00:54:48.614,1.36438,1.36429,0.26,0.75
23.08.2021 00:54:48.665,1.36437,1.36427,0.1,0.75
23.08.2021 00:54:50.143,1.36436,1.36426,1.01,0.75
23.08.2021 00:54:50.245,1.3643500000000002,1.36426,0.26,0.75
23.08.2021 00:54:50.498,1.3643500000000002,1.36425,0.26,0.75
23.08.2021 00:54:53.597,1.36436,1.36427,0.82,0.19
23.08.2021 00:54:53.648,1.3644,1.3643,0.1,0.75
23.08.2021 00:54:54.206,1.3644,1.3643100000000001,0.82,0.75
23.08.2021 00:54:56.514,1.3644200000000002,1.36437,0.37,0.75
23.08.2021 00:54:56.616,1.36443,1.3644,0.75,0.75
23.08.2021 00:54:56.667,1.3644200000000002,1.36438,0.75,0.75
23.08.2021 00:54:57.313,1.36443,1.36436,0.75,0.75
23.08.2021 00:54:59.385,1.3644200000000002,1.36436,0.75,0.94
23.08.2021 00:55:00.098,1.36443,1.36436,0.75,0.75
23.08.2021 00:55:00.250,1.3644100000000001,1.36433,0.75,0.75
23.08.2021 00:55:00.352,1.36446,1.36438,0.1,0.19
23.08.2021 00:55:00.403,1.36448,1.3644100000000001,0.82,0.75
23.08.2021 00:55:00.454,1.36446,1.3644100000000001,0.75,0.75
23.08.2021 00:55:00.555,1.36446,1.36438,0.75,0.75
23.08.2021 00:55:00.657,1.36446,1.36437,0.82,0.75
23.08.2021 00:55:01.315,1.3644500000000002,1.3644,0.75,0.94
23.08.2021 00:55:01.366,1.36447,1.3644100000000001,0.75,0.75
23.08.2021 00:55:01.468,1.36447,1.3644,0.75,0.75
23.08.2021 00:55:01.772,1.36447,1.36439,0.75,0.75
23.08.2021 00:55:01.874,1.36447,1.36438,0.75,0.75
23.08.2021 00:55:02.695,1.36446,1.3644,0.75,1.12
23.08.2021 00:55:02.746,1.36448,1.3644,0.75,1.12
23.08.2021 00:55:02.797,1.36448,1.3644200000000002,0.75,0.75
23.08.2021 00:55:02.899,1.36447,1.3644100000000001,1.5,0.75
23.08.2021 00:55:03.203,1.36447,1.36437,0.75,0.45
23.08.2021 00:55:05.396,1.36447,1.36436,1.5,0.26
23.08.2021 00:55:07.611,1.36444,1.36436,0.75,0.1
23.08.2021 00:55:08.381,1.36444,1.3643500000000002,0.75,0.45
23.08.2021 00:55:12.328,1.36444,1.36434,0.75,1.2
23.08.2021 00:55:14.113,1.36443,1.36436,0.75,0.75
23.08.2021 00:55:14.366,1.3644500000000002,1.3643500000000002,1.5,0.75
23.08.2021 00:55:16.093,1.3644,1.3643500000000002,0.75,0.1
23.08.2021 00:55:16.194,1.3644100000000001,1.36434,0.75,0.75
23.08.2021 00:55:16.296,1.36443,1.36433,2.25,1.01
23.08.2021 00:55:17.845,1.36439,1.3643200000000002,0.75,1.2
23.08.2021 00:55:17.947,1.3644,1.3643200000000002,0.75,1.2
23.08.2021 00:55:18.151,1.3644100000000001,1.3643200000000002,0.75,1.2
23.08.2021 00:55:18.482,1.3644200000000002,1.3643200000000002,0.75,0.37
23.08.2021 00:55:26.943,1.36444,1.36436,0.75,0.37
23.08.2021 00:55:27.045,1.36444,1.3643500000000002,0.75,0.45
23.08.2021 00:55:27.096,1.3644500000000002,1.36437,1.5,0.1
23.08.2021 00:55:31.087,1.36444,1.36436,0.75,0.1
23.08.2021 00:55:40.428,1.3644500000000002,1.36437,2.25,0.26
23.08.2021 00:55:40.529,1.36444,1.36437,0.75,0.26
23.08.2021 00:55:40.826,1.36446,1.36436,2.25,0.26
23.08.2021 00:55:40.974,1.36444,1.36437,0.75,0.26
23.08.2021 00:55:41.453,1.36446,1.36436,3,0.26
23.08.2021 00:55:43.005,1.36444,1.36437,0.75,0.26
23.08.2021 00:55:43.500,1.3644500000000002,1.36437,3,0.26
23.08.2021 00:55:47.897,1.36444,1.36437,0.75,0.1
23.08.2021 00:55:47.999,1.36444,1.36436,0.75,0.45
23.08.2021 00:55:48.203,1.3644500000000002,1.36437,2.25,0.1
23.08.2021 00:55:48.992,1.3644500000000002,1.36436,3,0.45
23.08.2021 00:55:50.088,1.3644500000000002,1.3643500000000002,0.75,0.45
23.08.2021 00:55:50.970,1.36446,1.3643500000000002,1.5,0.45
23.08.2021 00:55:51.149,1.36444,1.36436,0.75,0.45
23.08.2021 00:55:51.300,1.3644500000000002,1.36436,1.5,0.45
23.08.2021 00:55:54.107,1.3644500000000002,1.36437,0.75,0.1
23.08.2021 00:55:54.208,1.3644500000000002,1.36438,0.75,0.1
23.08.2021 00:55:55.805,1.36447,1.36437,0.75,0.1
23.08.2021 00:55:55.907,1.36448,1.36437,1.5,0.1
23.08.2021 00:56:00.099,1.36446,1.36438,0.75,0.19
23.08.2021 00:56:00.201,1.36446,1.36437,1.5,0.1
23.08.2021 00:56:00.255,1.36446,1.3643500000000002,1.57,2.7
23.08.2021 00:56:00.667,1.3644500000000002,1.3643500000000002,0.75,2.7
23.08.2021 00:56:01.864,1.3644500000000002,1.36436,0.75,0.37
23.08.2021 00:56:02.377,1.36446,1.36434,0.75,2.32
23.08.2021 00:56:20.085,1.36446,1.3643500000000002,1.5,1.2
23.08.2021 00:56:25.636,1.36447,1.3643500000000002,1.5,0.1
23.08.2021 00:56:28.614,1.36438,1.3643200000000002,0.75,0.37
23.08.2021 00:56:28.716,1.36436,1.3643100000000001,1.5,7.5
23.08.2021 00:56:28.767,1.36436,1.36429,1.5,0.19
23.08.2021 00:56:37.411,1.36438,1.3643100000000001,0.82,0.75
23.08.2021 00:56:38.578,1.36439,1.3643200000000002,0.75,0.75
23.08.2021 00:56:43.409,1.3644200000000002,1.36434,0.75,0.75
23.08.2021 00:56:43.510,1.36443,1.36434,3.45,0.75
23.08.2021 00:56:43.612,1.36443,1.36433,2.32,0.75
23.08.2021 00:56:46.134,1.36443,1.36434,2.32,0.75
23.08.2021 00:56:52.066,1.3644200000000002,1.36434,0.75,0.75
23.08.2021 00:56:52.168,1.36443,1.3643200000000002,1.57,0.75
23.08.2021 00:56:53.345,1.36444,1.3643200000000002,1.57,0.75
23.08.2021 00:56:54.447,1.36444,1.3643500000000002,0.75,0.94
23.08.2021 00:56:54.548,1.3644500000000002,1.36436,1.57,0.75
23.08.2021 00:57:02.222,1.3644500000000002,1.3643500000000002,0.75,0.94
23.08.2021 00:57:02.324,1.36446,1.3643500000000002,1.5,0.94
23.08.2021 00:57:02.920,1.36444,1.36436,0.75,0.94
23.08.2021 00:57:06.241,1.36444,1.3643500000000002,0.75,0.19
23.08.2021 00:57:20.895,1.3644200000000002,1.36436,0.75,0.19
23.08.2021 00:57:23.259,1.36443,1.36436,2.44,0.19
23.08.2021 00:57:39.407,1.36443,1.3643500000000002,0.75,0.45
23.08.2021 00:57:43.192,1.36436,1.3643,0.75,0.37
23.08.2021 00:57:43.293,1.3643100000000001,1.36427,0.37,7.5
23.08.2021 00:57:43.344,1.36427,1.3642,0.75,5.74
23.08.2021 00:57:43.446,1.36426,1.36419,0.75,1.57
23.08.2021 00:57:44.555,1.36426,1.36417,0.75,0.37
23.08.2021 00:57:44.607,1.36425,1.36415,0.75,1.57
23.08.2021 00:57:44.658,1.3642200000000002,1.36415,0.75,0.75
23.08.2021 00:57:44.761,1.3642200000000002,1.36413,0.75,0.26
23.08.2021 00:57:47.761,1.36418,1.36409,0.75,0.37
23.08.2021 00:57:47.862,1.36418,1.36408,0.75,0.45
23.08.2021 00:57:49.612,1.36416,1.36409,0.75,0.19
23.08.2021 00:57:56.414,1.36417,1.36409,0.75,0.19
23.08.2021 00:57:58.427,1.36416,1.36409,0.75,0.19
23.08.2021 00:57:59.898,1.36416,1.3641,0.75,0.19
23.08.2021 00:58:00.259,1.36416,1.36409,0.75,0.19
23.08.2021 00:58:01.011,1.36417,1.36409,0.75,0.19
23.08.2021 00:58:11.321,1.3642,1.36415,0.75,0.19
23.08.2021 00:58:11.525,1.3642400000000001,1.36416,0.75,0.26
23.08.2021 00:58:11.626,1.36425,1.36416,0.75,0.19
23.08.2021 00:58:30.771,1.3642400000000001,1.36416,0.75,0.26
23.08.2021 00:58:40.234,1.3642200000000002,1.36413,0.75,1.01
23.08.2021 00:58:40.386,1.3642,1.3641200000000002,1.5,0.26
23.08.2021 00:58:41.348,1.36419,1.3641200000000002,0.75,0.19
23.08.2021 00:58:41.449,1.36418,1.3641200000000002,0.75,0.19
23.08.2021 00:58:42.218,1.36419,1.3641200000000002,1.5,0.19
23.08.2021 00:58:43.071,1.36418,1.36409,0.75,0.37
23.08.2021 00:58:43.173,1.36417,1.36409,0.75,0.37
23.08.2021 00:58:46.975,1.36417,1.3641,0.75,0.1
23.08.2021 00:58:47.076,1.36417,1.36409,0.75,0.45
23.08.2021 00:58:58.532,1.36417,1.36408,0.75,1.2
23.08.2021 00:59:12.776,1.36415,1.3640700000000001,0.75,1.2
23.08.2021 00:59:12.827,1.36415,1.36404,2.25,0.37
23.08.2021 00:59:12.929,1.36415,1.36406,2.25,0.37
23.08.2021 00:59:25.928,1.36417,1.36406,0.82,0.75
23.08.2021 00:59:26.030,1.36416,1.36406,1.5,0.75
23.08.2021 00:59:26.968,1.36417,1.36406,0.75,0.75
23.08.2021 00:59:27.120,1.36416,1.36406,0.75,0.75
23.08.2021 00:59:27.578,1.36416,1.3640700000000001,0.82,0.75
23.08.2021 00:59:27.679,1.36415,1.3640700000000001,0.75,0.75
23.08.2021 00:59:27.781,1.36416,1.3640700000000001,0.1,0.75
23.08.2021 00:59:30.878,1.36417,1.3640700000000001,3.07,0.75
23.08.2021 00:59:34.289,1.36416,1.3640700000000001,0.75,0.75
23.08.2021 00:59:42.478,1.36416,1.36406,0.75,0.75
23.08.2021 00:59:42.580,1.36416,1.3640700000000001,1.5,0.75
23.08.2021 00:59:51.133,1.36417,1.3640700000000001,2.32,1.5
23.08.2021 00:59:55.308,1.36418,1.36409,0.82,0.75
23.08.2021 00:59:55.611,1.36419,1.3641400000000001,0.75,0.75
23.08.2021 00:59:55.662,1.3642100000000001,1.36415,0.75,0.75
23.08.2021 00:59:59.765,1.3642200000000002,1.36415,0.75,0.75
23.08.2021 01:00:00.046,1.3642200000000002,1.3641400000000001,0.75,0.75
23.08.2021 01:00:00.300,1.3642,1.3641,0.75,0.75
23.08.2021 01:00:01.873,1.3642100000000001,1.36416,0.75,0.75
23.08.2021 01:00:01.975,1.36423,1.36416,0.82,0.75
23.08.2021 01:00:02.076,1.3642400000000001,1.3641400000000001,0.82,0.75
23.08.2021 01:00:02.921,1.36423,1.3641400000000001,0.75,0.75
23.08.2021 01:00:02.972,1.3642,1.3641200000000002,0.1,0.75
23.08.2021 01:00:03.075,1.36419,1.3641100000000002,0.1,0.75
23.08.2021 01:00:03.986,1.3642200000000002,1.36416,0.75,0.75
23.08.2021 01:00:04.037,1.36426,1.36417,0.1,0.75
23.08.2021 01:00:04.089,1.36428,1.36418,0.1,0.75
23.08.2021 01:00:05.606,1.36428,1.36419,0.82,0.75
23.08.2021 01:00:05.758,1.3643,1.3642,0.82,0.94
23.08.2021 01:00:05.861,1.36433,1.36427,0.75,0.75
23.08.2021 01:00:05.913,1.36434,1.36428,0.1,0.75
23.08.2021 01:00:06.069,1.36437,1.36427,0.82,0.75
23.08.2021 01:00:06.379,1.36437,1.36428,0.1,0.75
23.08.2021 01:00:06.583,1.36439,1.36427,0.82,0.75
23.08.2021 01:00:06.735,1.36438,1.36429,0.1,0.75
23.08.2021 01:00:10.135,1.36437,1.36429,0.75,0.75
23.08.2021 01:00:11.128,1.36438,1.36429,0.1,0.75
23.08.2021 01:00:12.590,1.36438,1.36428,0.75,0.75
23.08.2021 01:00:16.115,1.36439,1.3643,1.87,0.1
23.08.2021 01:00:16.567,1.36438,1.3643,0.75,0.1
23.08.2021 01:00:17.068,1.36439,1.3643,1.87,0.1
23.08.2021 01:00:17.200,1.36438,1.3643,0.75,0.1
23.08.2021 01:00:17.307,1.3644,1.36429,2.81,0.1
23.08.2021 01:00:18.579,1.36438,1.3643,0.75,0.1
23.08.2021 01:00:19.561,1.3644,1.36429,1.87,0.1
23.08.2021 01:00:19.663,1.36439,1.36429,0.75,0.1
23.08.2021 01:00:20.245,1.36439,1.3643,2.81,0.1
23.08.2021 01:00:28.714,1.36438,1.3643,0.75,0.1
23.08.2021 01:00:28.864,1.36439,1.3643,2.25,0.1
23.08.2021 01:00:31.551,1.36438,1.3643,0.75,0.1
23.08.2021 01:00:31.855,1.36437,1.3643,0.75,0.1
23.08.2021 01:00:32.158,1.36438,1.3643,0.75,0.1
23.08.2021 01:00:32.680,1.36439,1.3643,0.75,0.1
23.08.2021 01:00:37.884,1.36437,1.3643,0.75,0.1
23.08.2021 01:00:39.255,1.36439,1.36429,1.12,0.1
23.08.2021 01:00:43.918,1.36438,1.3643100000000001,0.75,0.1
23.08.2021 01:00:48.734,1.36438,1.36429,0.75,0.1
23.08.2021 01:00:50.050,1.3643200000000002,1.36426,0.75,0.37
23.08.2021 01:00:50.101,1.3643500000000002,1.36427,3,0.82
23.08.2021 01:00:50.152,1.36437,1.36428,1.69,0.82
23.08.2021 01:00:52.002,1.36437,1.36429,0.19,0.82
23.08.2021 01:00:59.317,1.36437,1.36428,0.75,0.82
23.08.2021 01:00:59.419,1.36438,1.36428,1.87,0.82
23.08.2021 01:01:00.137,1.36437,1.36428,0.75,0.82
23.08.2021 01:01:00.289,1.36437,1.36427,0.75,0.82
23.08.2021 01:01:00.597,1.36436,1.36429,0.75,0.1
23.08.2021 01:01:00.994,1.36436,1.36428,0.75,0.1
23.08.2021 01:01:02.170,1.36438,1.36429,0.75,0.1
23.08.2021 01:01:02.272,1.3644,1.3643100000000001,0.75,0.82
23.08.2021 01:01:02.374,1.3644100000000001,1.3643100000000001,2.25,0.1
23.08.2021 01:01:02.476,1.3644100000000001,1.3643,2.25,0.1
23.08.2021 01:01:04.856,1.3644100000000001,1.3643100000000001,2.62,0.1
23.08.2021 01:01:05.167,1.3644,1.3643100000000001,0.37,0.1
23.08.2021 01:01:11.082,1.3644,1.36429,0.45,0.75
23.08.2021 01:01:18.776,1.3644,1.3643,1.57,0.75
23.08.2021 01:01:19.095,1.3644,1.3643200000000002,1.57,0.75
23.08.2021 01:01:19.197,1.36446,1.36437,5.22,1.5
23.08.2021 01:01:19.299,1.36447,1.36437,0.82,1.69
23.08.2021 01:01:21.516,1.36446,1.36437,0.75,1.69
23.08.2021 01:01:21.825,1.36446,1.36436,0.75,1.5
23.08.2021 01:01:22.135,1.36446,1.36437,0.82,1.5
23.08.2021 01:01:23.940,1.3644500000000002,1.36437,0.75,1.5
23.08.2021 01:01:24.758,1.36446,1.36437,0.75,1.5
23.08.2021 01:01:25.368,1.36446,1.36436,0.75,1.5
23.08.2021 01:01:25.634,1.36447,1.36436,0.75,1.5
23.08.2021 01:01:28.773,1.36447,1.36438,0.75,0.75
23.08.2021 01:01:30.465,1.36448,1.3644500000000002,0.75,0.94
23.08.2021 01:01:30.516,1.3645,1.36446,1.69,1.69
23.08.2021 01:01:30.871,1.3645500000000002,1.36446,1.57,0.94
23.08.2021 01:01:31.198,1.36454,1.36446,1.5,0.94
23.08.2021 01:01:31.704,1.36454,1.36447,0.75,0.75
23.08.2021 01:01:31.805,1.3645500000000002,1.36447,0.75,0.75
23.08.2021 01:01:32.008,1.36456,1.36447,0.75,0.75
23.08.2021 01:01:32.262,1.36458,1.36447,1.01,0.75
23.08.2021 01:01:33.440,1.36457,1.36447,0.75,0.75
23.08.2021 01:01:33.592,1.36454,1.36447,0.75,1.69
23.08.2021 01:01:33.693,1.3645500000000002,1.36447,0.75,1.69
23.08.2021 01:01:34.098,1.36454,1.36447,0.75,1.5
23.08.2021 01:01:34.301,1.3645500000000002,1.36447,0.82,1.5
23.08.2021 01:01:35.025,1.36457,1.36447,0.82,1.5
23.08.2021 01:01:35.177,1.36458,1.36447,0.82,1.5
23.08.2021 01:01:36.616,1.36458,1.36448,1.76,1.5
23.08.2021 01:01:37.147,1.36458,1.36447,0.1,1.5
23.08.2021 01:01:37.299,1.36456,1.36447,0.1,1.5
23.08.2021 01:01:42.139,1.36457,1.36448,0.82,0.75
23.08.2021 01:01:43.331,1.36458,1.36449,0.82,0.75
23.08.2021 01:01:43.534,1.36458,1.3645,2.32,0.75
23.08.2021 01:01:46.573,1.36458,1.3645100000000001,1.57,0.75
23.08.2021 01:01:49.337,1.36456,1.3645,0.75,0.75
23.08.2021 01:01:49.438,1.36456,1.36449,0.82,0.75
23.08.2021 01:01:49.951,1.3645500000000002,1.36449,0.75,0.75
23.08.2021 01:01:50.074,1.36457,1.36448,0.82,0.75
23.08.2021 01:01:53.465,1.36456,1.3645100000000001,0.75,0.75
23.08.2021 01:01:53.516,1.36458,1.3645100000000001,1.57,0.75
23.08.2021 01:02:00.781,1.36457,1.3645100000000001,0.75,0.75
23.08.2021 01:02:00.885,1.36457,1.3645,0.75,0.75
23.08.2021 01:02:00.986,1.36458,1.36448,0.75,0.75
23.08.2021 01:02:01.831,1.36456,1.36447,0.75,0.75
23.08.2021 01:02:01.932,1.36456,1.36449,0.82,0.75
23.08.2021 01:02:02.134,1.36456,1.36448,0.75,0.75
23.08.2021 01:02:02.356,1.36457,1.36448,1.57,0.75
23.08.2021 01:02:02.457,1.36448,1.3644100000000001,0.75,0.75
23.08.2021 01:02:02.508,1.36447,1.36439,0.75,2.25
23.08.2021 01:02:02.610,1.36447,1.3644,0.75,2.25
23.08.2021 01:02:02.813,1.36449,1.36439,0.75,2.25
23.08.2021 01:02:02.965,1.36447,1.3644,0.75,1.5
23.08.2021 01:02:03.125,1.36446,1.3644,0.75,1.5
23.08.2021 01:02:03.480,1.36447,1.3644,0.82,0.75
23.08.2021 01:02:04.610,1.36447,1.36439,0.82,0.75
23.08.2021 01:02:08.129,1.36448,1.36437,0.82,1.5
23.08.2021 01:02:09.084,1.36447,1.36437,0.75,1.5
23.08.2021 01:02:09.722,1.36447,1.36438,1.57,1.5
23.08.2021 01:02:10.558,1.36446,1.36438,0.75,1.5
23.08.2021 01:02:10.660,1.36447,1.36438,0.82,1.5
23.08.2021 01:02:14.152,1.36447,1.36437,0.75,1.5
23.08.2021 01:02:15.790,1.36447,1.36438,0.82,1.5
23.08.2021 01:02:16.717,1.36446,1.36437,0.75,1.5
23.08.2021 01:02:16.768,1.36447,1.36438,0.82,1.5
23.08.2021 01:02:16.871,1.36447,1.36437,0.82,1.5
23.08.2021 01:02:17.672,1.36446,1.36437,0.75,1.5
23.08.2021 01:02:17.774,1.3644500000000002,1.36437,0.75,0.75
23.08.2021 01:02:17.875,1.36444,1.36437,0.75,0.75
23.08.2021 01:02:17.976,1.3644500000000002,1.36437,1.5,0.75
23.08.2021 01:02:18.251,1.36443,1.36434,1.95,1.12
23.08.2021 01:02:18.352,1.36439,1.3643100000000001,0.1,1.24
23.08.2021 01:02:18.453,1.36436,1.3643100000000001,0.75,7.5
23.08.2021 01:02:18.504,1.36437,1.36428,1.5,0.75
23.08.2021 01:02:18.555,1.3643500000000002,1.3642400000000001,2.51,1.69
23.08.2021 01:02:18.708,1.3643,1.3642100000000001,0.75,1.31
23.08.2021 01:02:18.759,1.3643200000000002,1.3642200000000002,2.44,0.75
23.08.2021 01:02:18.961,1.3643200000000002,1.36423,0.19,0.75
23.08.2021 01:02:19.217,1.36433,1.36423,1.01,0.75
23.08.2021 01:02:19.664,1.3643100000000001,1.3642200000000002,0.75,0.94
23.08.2021 01:02:19.765,1.36433,1.3642100000000001,0.37,2.44
23.08.2021 01:02:19.866,1.36433,1.36423,0.94,0.75
23.08.2021 01:02:23.631,1.3643500000000002,1.36426,1.76,0.75
23.08.2021 01:02:23.783,1.3643500000000002,1.3642400000000001,0.75,0.75
23.08.2021 01:02:24.595,1.3643500000000002,1.36425,0.75,0.75
23.08.2021 01:02:26.061,1.36434,1.3642400000000001,0.75,0.75
23.08.2021 01:02:26.162,1.3643500000000002,1.3642400000000001,2.25,0.75
23.08.2021 01:02:26.265,1.36433,1.36425,0.75,0.75
23.08.2021 01:02:26.367,1.36433,1.36423,0.75,1.12
23.08.2021 01:02:26.469,1.36433,1.3642400000000001,0.75,0.75
23.08.2021 01:02:29.103,1.3643500000000002,1.36426,1.5,0.75
23.08.2021 01:02:29.205,1.36438,1.36427,1.95,0.75
23.08.2021 01:02:30.076,1.36437,1.36427,0.1,0.75
23.08.2021 01:02:30.696,1.36438,1.36427,2.7,0.75
23.08.2021 01:02:31.518,1.36437,1.36427,0.75,0.75
23.08.2021 01:02:32.119,1.36438,1.36427,2.89,0.75
23.08.2021 01:02:32.220,1.36436,1.36428,0.75,0.75
23.08.2021 01:02:35.217,1.36436,1.36427,0.82,0.75
23.08.2021 01:02:35.318,1.3643500000000002,1.36427,0.75,0.75
23.08.2021 01:02:36.254,1.36434,1.36426,1.5,0.75
23.08.2021 01:02:36.406,1.36433,1.3642400000000001,0.75,1.12
23.08.2021 01:02:37.638,1.3643200000000002,1.3642400000000001,0.75,1.12
23.08.2021 01:02:37.689,1.3643500000000002,1.36423,0.82,1.12
23.08.2021 01:02:47.437,1.36434,1.36427,0.75,0.75
23.08.2021 01:02:47.791,1.36437,1.36427,1.5,0.75
23.08.2021 01:02:59.908,1.36436,1.36429,0.75,0.75
23.08.2021 01:03:00.571,1.36436,1.36428,1.5,0.75
23.08.2021 01:03:00.622,1.3643500000000002,1.36426,0.75,0.75
23.08.2021 01:03:01.976,1.36434,1.36426,0.75,0.75
23.08.2021 01:03:02.403,1.36433,1.36426,0.82,0.75
23.08.2021 01:03:03.376,1.36434,1.3642400000000001,0.82,0.75
23.08.2021 01:03:11.137,1.36434,1.36423,1.57,0.75
23.08.2021 01:03:14.850,1.3643200000000002,1.3642400000000001,0.75,0.75
23.08.2021 01:03:15.610,1.36433,1.3642400000000001,1.57,0.75
23.08.2021 01:03:15.712,1.36433,1.36423,1.57,0.94
23.08.2021 01:03:18.577,1.36433,1.36429,0.82,0.75
23.08.2021 01:03:20.568,1.3643500000000002,1.36426,1.5,0.19
23.08.2021 01:03:20.619,1.3643500000000002,1.3643200000000002,0.75,0.75
23.08.2021 01:03:20.891,1.36437,1.3643200000000002,0.82,0.75
23.08.2021 01:03:20.992,1.3644100000000001,1.3643200000000002,0.75,0.37
23.08.2021 01:03:21.044,1.36444,1.3643200000000002,1.87,0.45
23.08.2021 01:03:21.196,1.36443,1.3644,0.75,0.75
23.08.2021 01:03:22.157,1.36443,1.36433,0.75,0.37
23.08.2021 01:03:22.208,1.3644,1.36436,0.75,0.75
23.08.2021 01:03:22.311,1.3644100000000001,1.36436,0.75,0.75
23.08.2021 01:03:24.898,1.3644100000000001,1.36436,0.82,0.75
23.08.2021 01:03:32.930,1.3644200000000002,1.36434,1.5,1.12
23.08.2021 01:03:33.033,1.36444,1.36436,0.75,0.19
23.08.2021 01:03:34.267,1.36446,1.3644200000000002,0.82,0.75
23.08.2021 01:03:35.576,1.36448,1.3644200000000002,0.1,0.75
23.08.2021 01:03:35.678,1.36449,1.3644200000000002,1.01,0.75
23.08.2021 01:03:39.068,1.3645,1.36443,0.75,0.75
23.08.2021 01:03:39.119,1.3645200000000002,1.36443,0.82,0.75
23.08.2021 01:03:39.271,1.3645100000000001,1.36444,0.75,0.75
23.08.2021 01:03:39.547,1.3645100000000001,1.3644500000000002,1.57,0.75
23.08.2021 01:03:39.598,1.3645100000000001,1.3644200000000002,0.45,0.75
23.08.2021 01:03:39.649,1.36448,1.36443,0.1,0.75
23.08.2021 01:03:40.036,1.3645100000000001,1.3644200000000002,4.2,0.75
23.08.2021 01:03:40.137,1.3645100000000001,1.3644500000000002,1.2,0.75
23.08.2021 01:03:41.963,1.3645100000000001,1.36446,0.1,0.75
23.08.2021 01:03:49.641,1.36449,1.36443,0.1,0.75
23.08.2021 01:03:49.743,1.3645100000000001,1.36443,0.82,0.75
23.08.2021 01:03:49.845,1.3645,1.3644500000000002,0.82,0.75
23.08.2021 01:03:58.587,1.3645,1.36444,0.82,0.75
23.08.2021 01:04:00.183,1.3645100000000001,1.36444,0.82,0.75
23.08.2021 01:04:01.233,1.3645,1.36444,0.82,0.75
23.08.2021 01:04:01.435,1.3645,1.3644500000000002,0.82,0.75
23.08.2021 01:04:02.463,1.3645100000000001,1.3644500000000002,0.1,0.75
23.08.2021 01:04:02.565,1.3645200000000002,1.3644500000000002,0.1,0.75
23.08.2021 01:04:05.227,1.3645100000000001,1.3644500000000002,0.82,0.75
23.08.2021 01:04:05.379,1.3645100000000001,1.36444,0.1,0.75
23.08.2021 01:04:05.430,1.3645,1.36443,1.2,0.75
23.08.2021 01:04:06.582,1.3645200000000002,1.36443,1.57,0.75
23.08.2021 01:04:06.836,1.36453,1.36443,0.82,0.75
23.08.2021 01:04:07.089,1.36453,1.36444,1.57,0.75
23.08.2021 01:04:08.164,1.3645200000000002,1.36446,0.75,0.75
23.08.2021 01:04:09.265,1.36454,1.3644500000000002,0.82,0.75
23.08.2021 01:04:12.070,1.3645200000000002,1.36444,1.2,0.75
23.08.2021 01:04:12.121,1.36456,1.3645100000000001,2.02,0.75
23.08.2021 01:04:12.375,1.36457,1.3645100000000001,1.57,0.75
23.08.2021 01:04:12.479,1.36456,1.3645100000000001,0.1,0.75
23.08.2021 01:04:12.581,1.36457,1.3645100000000001,1.57,0.75
23.08.2021 01:04:12.632,1.36458,1.36447,1.57,0.75
23.08.2021 01:04:13.937,1.36458,1.36453,0.75,0.75
23.08.2021 01:04:14.139,1.36457,1.36448,0.82,0.75
23.08.2021 01:04:14.240,1.36458,1.36453,0.75,0.75
23.08.2021 01:04:14.812,1.36457,1.36448,0.82,0.75
23.08.2021 01:04:14.964,1.36457,1.36453,0.75,0.75
23.08.2021 01:04:15.812,1.3644500000000002,1.36438,0.37,0.75
23.08.2021 01:04:15.864,1.3644200000000002,1.36439,0.75,0.75
23.08.2021 01:04:15.915,1.36447,1.3644100000000001,0.75,7.5
23.08.2021 01:04:15.966,1.3644500000000002,1.3644100000000001,1.87,7.5
23.08.2021 01:04:16.017,1.36444,1.3643500000000002,2.7,0.75
23.08.2021 01:04:16.876,1.36444,1.36436,1.95,0.75
23.08.2021 01:04:17.567,1.36443,1.36436,0.75,0.75
23.08.2021 01:04:17.669,1.36444,1.36436,1.95,0.75
23.08.2021 01:04:18.816,1.36444,1.3643500000000002,1.95,0.75
23.08.2021 01:04:18.917,1.36444,1.36436,1.95,0.75
23.08.2021 01:04:31.509,1.3644500000000002,1.36436,1.01,0.75
23.08.2021 01:04:35.043,1.36444,1.3643500000000002,1.01,1.5
23.08.2021 01:04:35.094,1.3644500000000002,1.36436,1.01,0.75
23.08.2021 01:04:35.195,1.36444,1.3643500000000002,1.01,1.5
23.08.2021 01:04:35.297,1.36444,1.36436,1.01,1.5
23.08.2021 01:04:35.398,1.36444,1.36437,0.26,0.75
23.08.2021 01:04:35.499,1.3644500000000002,1.3643500000000002,0.26,1.5
23.08.2021 01:04:35.652,1.3644500000000002,1.36436,0.26,0.75
23.08.2021 01:04:35.854,1.3644500000000002,1.3643500000000002,0.26,1.5
23.08.2021 01:04:35.956,1.36444,1.36437,0.26,0.75
23.08.2021 01:04:36.513,1.3644500000000002,1.3643500000000002,0.26,1.5
23.08.2021 01:04:36.615,1.36444,1.36437,0.26,0.75
23.08.2021 01:04:36.775,1.3644500000000002,1.3643500000000002,0.26,1.5
23.08.2021 01:04:36.876,1.36444,1.36437,0.26,0.75
23.08.2021 01:04:38.566,1.36444,1.36436,0.26,1.5
23.08.2021 01:04:38.667,1.3644500000000002,1.36436,0.26,0.75
23.08.2021 01:04:40.685,1.36444,1.36436,0.26,1.5
23.08.2021 01:04:40.786,1.36444,1.36437,0.26,0.75
23.08.2021 01:04:44.165,1.36444,1.36436,0.26,1.5
23.08.2021 01:04:44.266,1.36444,1.36437,0.26,0.75
23.08.2021 01:04:46.283,1.3644500000000002,1.36438,1.95,0.75
23.08.2021 01:04:46.485,1.36446,1.36436,2.32,0.75
23.08.2021 01:04:46.586,1.36444,1.36437,0.1,0.75
23.08.2021 01:04:47.084,1.36446,1.36436,0.45,0.75
23.08.2021 01:04:47.135,1.3644500000000002,1.36439,0.37,0.75
23.08.2021 01:04:47.186,1.36446,1.36436,1.95,0.75
23.08.2021 01:04:48.686,1.36446,1.36437,1.95,0.75
23.08.2021 01:04:49.147,1.36444,1.36438,0.1,0.75
23.08.2021 01:04:54.996,1.36444,1.36437,0.1,0.75
23.08.2021 01:04:58.399,1.36444,1.36438,0.1,0.75
23.08.2021 01:04:58.501,1.3644500000000002,1.36439,1.2,0.75
23.08.2021 01:04:58.602,1.36447,1.3643500000000002,0.82,1.87
23.08.2021 01:04:58.653,1.36447,1.3644100000000001,0.45,1.12
23.08.2021 01:04:58.704,1.36447,1.36439,0.26,0.94
23.08.2021 01:04:58.755,1.3644500000000002,1.36438,1.69,0.75
23.08.2021 01:04:58.860,1.36444,1.36436,0.37,1.5
23.08.2021 01:04:58.962,1.3644500000000002,1.36437,0.45,0.75
23.08.2021 01:04:59.013,1.36444,1.36436,0.45,1.5
23.08.2021 01:04:59.063,1.36444,1.36438,0.45,0.75
23.08.2021 01:04:59.343,1.36447,1.36437,0.75,0.75
23.08.2021 01:04:59.444,1.36444,1.36437,0.1,0.75
23.08.2021 01:04:59.546,1.36444,1.36438,0.26,0.75
23.08.2021 01:04:59.754,1.36444,1.36439,0.1,0.75
23.08.2021 01:04:59.856,1.36443,1.36438,0.75,0.75
23.08.2021 01:04:59.908,1.36444,1.36436,1.69,1.5
23.08.2021 01:04:59.959,1.36444,1.36438,1.69,0.75
23.08.2021 01:05:01.071,1.3644500000000002,1.36436,0.45,0.75
23.08.2021 01:05:02.689,1.3644500000000002,1.3643500000000002,1.2,1.5
23.08.2021 01:05:05.814,1.36444,1.36437,0.1,0.75
23.08.2021 01:05:11.122,1.3644500000000002,1.36438,2.44,0.75
23.08.2021 01:05:11.223,1.3644500000000002,1.36437,2.51,0.75
23.08.2021 01:05:11.326,1.3644500000000002,1.36436,0.26,0.75
23.08.2021 01:05:11.530,1.36443,1.36437,0.1,0.75
23.08.2021 01:05:11.682,1.36443,1.36436,0.1,1.5
23.08.2021 01:05:11.784,1.36443,1.36437,0.1,0.75
23.08.2021 01:05:11.886,1.3644500000000002,1.36436,1.01,0.75
23.08.2021 01:05:11.987,1.36443,1.36436,0.56,0.75
23.08.2021 01:05:13.075,1.36444,1.36437,1.01,0.75
23.08.2021 01:05:17.441,1.3644200000000002,1.36437,0.37,0.75
23.08.2021 01:05:19.188,1.3644500000000002,1.36436,1.69,0.75
23.08.2021 01:05:21.820,1.36443,1.36437,0.75,0.75
23.08.2021 01:05:33.673,1.36444,1.36437,1.87,0.75
23.08.2021 01:05:39.151,1.3644100000000001,1.36433,0.75,0.75
23.08.2021 01:05:39.253,1.3644,1.3643100000000001,2.25,0.75
23.08.2021 01:05:39.356,1.36438,1.3643,2.25,0.75
23.08.2021 01:05:39.660,1.36436,1.3643,0.75,0.75
23.08.2021 01:05:39.711,1.36437,1.36427,0.75,0.75
23.08.2021 01:05:39.812,1.36437,1.36428,0.75,0.75
23.08.2021 01:05:46.824,1.36436,1.3643200000000002,0.75,0.75
23.08.2021 01:05:46.981,1.36437,1.3643100000000001,0.75,0.75
23.08.2021 01:05:47.133,1.36437,1.3643200000000002,1.5,0.75
23.08.2021 01:05:47.476,1.36437,1.36433,1.5,0.75
23.08.2021 01:05:47.578,1.3644100000000001,1.36436,2.47,0.75
23.08.2021 01:05:47.679,1.3644100000000001,1.36434,0.94,0.75
23.08.2021 01:05:47.984,1.3644200000000002,1.36434,1.01,0.75
23.08.2021 01:05:48.035,1.36436,1.3643100000000001,1.5,0.75
23.08.2021 01:05:48.136,1.36436,1.36433,0.19,0.75
23.08.2021 01:05:48.187,1.3643500000000002,1.3643100000000001,0.94,1.12
23.08.2021 01:05:48.238,1.36437,1.3643100000000001,0.1,1.12
23.08.2021 01:05:48.289,1.36436,1.3643,0.75,1.87
23.08.2021 01:05:48.390,1.36438,1.3643,0.75,0.75
23.08.2021 01:05:48.441,1.3643500000000002,1.3643100000000001,0.94,1.87
23.08.2021 01:05:48.543,1.36438,1.3643,0.75,1.12
23.08.2021 01:05:48.594,1.36436,1.3643,0.75,1.12
23.08.2021 01:05:48.696,1.36438,1.36429,0.75,0.75
23.08.2021 01:05:48.748,1.3643500000000002,1.36427,0.19,0.75
23.08.2021 01:05:48.850,1.36434,1.36429,0.19,0.75
23.08.2021 01:05:48.901,1.36434,1.36427,0.19,1.5
23.08.2021 01:05:48.951,1.3643500000000002,1.36428,0.19,0.75
23.08.2021 01:05:49.103,1.36434,1.36427,0.19,1.5
23.08.2021 01:05:49.154,1.36434,1.36429,0.19,0.75
23.08.2021 01:05:50.770,1.36434,1.36427,0.19,1.5
23.08.2021 01:05:59.687,1.36439,1.3643,3,0.75
23.08.2021 01:05:59.789,1.3644,1.36434,0.75,0.75
23.08.2021 01:05:59.890,1.3644200000000002,1.36433,0.94,0.75
23.08.2021 01:06:00.093,1.3644,1.36433,0.75,0.75
23.08.2021 01:06:01.648,1.36437,1.36433,0.75,0.75
23.08.2021 01:06:02.533,1.36438,1.3643200000000002,0.75,0.75
23.08.2021 01:06:02.635,1.36438,1.36433,0.75,0.75
23.08.2021 01:06:07.901,1.36438,1.3643200000000002,0.75,0.26
23.08.2021 01:06:10.301,1.3644200000000002,1.36433,0.75,0.45
23.08.2021 01:06:10.352,1.3644200000000002,1.36437,0.75,0.75
23.08.2021 01:06:11.022,1.3644200000000002,1.36436,0.75,0.45
23.08.2021 01:06:11.123,1.36443,1.3644,0.75,0.75
23.08.2021 01:06:14.373,1.3644500000000002,1.36439,0.75,0.45
23.08.2021 01:06:14.476,1.36447,1.3644100000000001,0.75,0.37
23.08.2021 01:06:15.133,1.36447,1.36443,0.75,0.75
23.08.2021 01:06:15.235,1.36448,1.36443,0.75,0.75
23.08.2021 01:06:15.539,1.3645200000000002,1.36448,0.75,0.75
23.08.2021 01:06:15.641,1.36453,1.36448,0.75,0.75
23.08.2021 01:06:16.349,1.36459,1.36453,1.5,0.75
23.08.2021 01:06:16.450,1.36459,1.3645500000000002,0.75,0.75
23.08.2021 01:06:16.502,1.3646200000000002,1.36453,0.75,0.37
23.08.2021 01:06:16.603,1.3646,1.3645500000000002,1.5,0.1
23.08.2021 01:06:16.705,1.36461,1.36453,1.5,0.45
23.08.2021 01:06:17.211,1.36458,1.3645200000000002,1.5,0.19
23.08.2021 01:06:17.262,1.36456,1.3645,0.75,0.1
23.08.2021 01:06:17.313,1.36453,1.36448,0.75,0.1
23.08.2021 01:06:18.297,1.36454,1.3645100000000001,0.75,0.75
23.08.2021 01:06:18.499,1.36454,1.36448,0.75,0.1
23.08.2021 01:06:19.712,1.3645500000000002,1.36448,1.5,0.1
23.08.2021 01:06:20.145,1.3645500000000002,1.36449,0.75,0.75
23.08.2021 01:06:29.646,1.36461,1.3645500000000002,0.75,0.75
23.08.2021 01:06:29.748,1.3646200000000002,1.36457,0.75,0.75
23.08.2021 01:06:29.799,1.3646200000000002,1.3645500000000002,0.75,0.1
23.08.2021 01:06:30.965,1.36464,1.36456,0.75,0.75
23.08.2021 01:06:31.116,1.36464,1.36454,0.75,0.26
23.08.2021 01:06:38.701,1.36459,1.36453,0.75,0.19
23.08.2021 01:06:38.752,1.36456,1.36449,0.75,0.45
23.08.2021 01:06:38.803,1.3645500000000002,1.36448,0.75,0.26
23.08.2021 01:06:39.578,1.36459,1.3645200000000002,0.75,1.31
23.08.2021 01:06:39.629,1.36461,1.3645200000000002,2.25,1.2
23.08.2021 01:06:39.731,1.36464,1.36453,1.5,1.2
23.08.2021 01:06:39.832,1.36463,1.3645500000000002,0.75,0.1
23.08.2021 01:06:40.035,1.3646500000000001,1.36454,0.75,0.1
23.08.2021 01:06:40.137,1.3646500000000001,1.3645500000000002,0.75,0.19
23.08.2021 01:06:40.291,1.3646500000000001,1.36456,0.75,0.19
23.08.2021 01:06:42.290,1.3646600000000002,1.36456,0.75,0.19
23.08.2021 01:06:43.498,1.3646600000000002,1.36459,0.75,0.19
23.08.2021 01:06:43.731,1.36469,1.3646,0.75,1.2
23.08.2021 01:06:43.833,1.36473,1.36464,0.75,0.19
23.08.2021 01:06:43.884,1.3647200000000002,1.3646200000000002,0.75,0.19
23.08.2021 01:06:45.718,1.36473,1.3646500000000001,0.75,0.19
23.08.2021 01:06:45.820,1.36473,1.3646600000000002,0.75,0.75
23.08.2021 01:06:45.921,1.3647500000000001,1.3646500000000001,0.75,1.87
23.08.2021 01:06:48.482,1.3647500000000001,1.36469,0.75,0.75
23.08.2021 01:06:48.927,1.3647500000000001,1.36468,0.75,0.75
23.08.2021 01:06:49.214,1.36477,1.36468,0.75,0.75
23.08.2021 01:06:49.265,1.36479,1.36471,1.5,0.19
23.08.2021 01:06:49.367,1.36481,1.36471,0.75,0.19
23.08.2021 01:06:50.711,1.3648200000000001,1.36471,0.75,0.19
23.08.2021 01:06:54.951,1.36483,1.3647200000000002,1.5,0.19
23.08.2021 01:06:55.002,1.36484,1.3647500000000001,4.5,1.69
23.08.2021 01:06:55.155,1.3648500000000001,1.3647500000000001,1.87,1.76
23.08.2021 01:06:56.266,1.3648600000000002,1.3647600000000002,0.75,0.75
23.08.2021 01:06:57.004,1.3648500000000001,1.3647600000000002,0.75,0.19
23.08.2021 01:06:57.714,1.3648500000000001,1.36477,0.75,0.75
23.08.2021 01:06:58.019,1.3648500000000001,1.3647600000000002,0.75,0.19
23.08.2021 01:07:00.075,1.3648500000000001,1.3647500000000001,0.75,0.19
23.08.2021 01:07:03.019,1.3648600000000002,1.3647500000000001,0.75,0.94
23.08.2021 01:07:03.172,1.3648500000000001,1.36477,0.75,0.75
23.08.2021 01:07:03.273,1.3648600000000002,1.3647500000000001,0.75,1.01
23.08.2021 01:07:04.366,1.3648500000000001,1.36477,0.75,0.19
23.08.2021 01:07:04.467,1.36489,1.3648,3,1.87
23.08.2021 01:07:04.670,1.36488,1.3648,0.75,0.19
23.08.2021 01:07:04.772,1.36489,1.3648,1.5,0.19
23.08.2021 01:07:05.128,1.36489,1.36479,1.5,0.94
23.08.2021 01:07:05.230,1.36489,1.3648,1.5,0.19
23.08.2021 01:07:08.261,1.3649200000000001,1.3648500000000001,0.75,0.19
23.08.2021 01:07:08.312,1.36495,1.36487,1.57,0.75
23.08.2021 01:07:08.414,1.3649600000000002,1.36487,0.82,1.5
23.08.2021 01:07:08.853,1.36498,1.3648600000000002,1.76,1.5
23.08.2021 01:07:08.954,1.36498,1.36487,2.14,0.75
23.08.2021 01:07:11.157,1.3649700000000002,1.36489,0.82,0.75
23.08.2021 01:07:11.419,1.3649600000000002,1.36488,0.75,0.75
23.08.2021 01:07:12.367,1.36501,1.36494,1.5,0.75
23.08.2021 01:07:12.418,1.365,1.3649,0.75,1.87
23.08.2021 01:07:12.520,1.365,1.36491,0.75,0.75
23.08.2021 01:07:12.672,1.36499,1.36491,0.75,0.75
