Gmt time,Ask,Bid,AskVolume,BidVolume
12.08.2021 00:00:00.134,1.38667,1.38659,0.1,1.5
12.08.2021 00:00:01.441,1.38667,1.38658,0.1,0.94
12.08.2021 00:00:01.542,1.38667,1.38657,0.1,1.12
12.08.2021 00:00:01.644,1.38666,1.38659,0.1,0.75
12.08.2021 00:00:01.952,1.38666,1.38658,0.1,1.12
12.08.2021 00:00:02.617,1.38667,1.38658,0.1,0.75
12.08.2021 00:00:03.353,1.38666,1.38658,0.1,1.69
12.08.2021 00:00:03.963,1.38667,1.38658,0.1,0.75
12.08.2021 00:00:10.949,1.38666,1.3866,0.1,0.75
12.08.2021 00:00:11.202,1.38666,1.38659,0.1,1.12
12.08.2021 00:00:11.303,1.38666,1.38658,0.1,0.75
12.08.2021 00:00:11.404,1.3866500000000002,1.38658,0.1,1.12
12.08.2021 00:00:12.057,1.38669,1.38657,0.1,1.12
12.08.2021 00:00:12.158,1.3866500000000002,1.38658,0.1,1.12
12.08.2021 00:00:13.766,1.3866500000000002,1.38659,0.1,0.75
12.08.2021 00:00:15.490,1.38663,1.38656,2.32,3.75
12.08.2021 00:00:15.541,1.38659,1.3865200000000002,0.1,0.19
12.08.2021 00:00:15.642,1.38657,1.38653,0.1,0.19
12.08.2021 00:00:16.090,1.38657,1.3865,0.1,0.75
12.08.2021 00:00:17.717,1.38658,1.3865,0.1,0.75
12.08.2021 00:00:17.818,1.38657,1.3865200000000002,0.1,0.37
12.08.2021 00:00:18.786,1.38657,1.38653,0.1,1.12
12.08.2021 00:00:18.888,1.38658,1.38653,0.1,1.12
12.08.2021 00:00:18.940,1.3866100000000001,1.38653,0.82,1.12
12.08.2021 00:00:23.224,1.38663,1.3865200000000002,1.95,1.12
12.08.2021 00:00:25.615,1.3866200000000002,1.3865200000000002,0.1,1.12
12.08.2021 00:00:29.194,1.3866100000000001,1.3865200000000002,0.37,1.12
12.08.2021 00:00:30.099,1.38657,1.3865200000000002,0.1,1.12
12.08.2021 00:00:44.870,1.38658,1.3865200000000002,0.1,0.75
12.08.2021 00:00:44.972,1.38657,1.3865200000000002,0.1,1.12
12.08.2021 00:00:45.249,1.38657,1.38653,0.1,0.75
12.08.2021 00:00:46.094,1.38657,1.3865200000000002,0.1,1.12
12.08.2021 00:00:46.400,1.38657,1.38653,0.1,0.75
12.08.2021 00:00:46.851,1.38657,1.3865200000000002,0.1,1.12
12.08.2021 00:00:48.054,1.3866,1.3865100000000001,0.75,1.12
12.08.2021 00:00:48.156,1.38657,1.3865200000000002,0.1,1.12
12.08.2021 00:00:49.599,1.38658,1.3865200000000002,0.1,0.75
12.08.2021 00:00:51.249,1.3866200000000002,1.38659,0.37,0.75
12.08.2021 00:00:51.301,1.38666,1.3866100000000001,7.38,0.19
12.08.2021 00:00:51.352,1.3867,1.3866100000000001,0.45,0.75
12.08.2021 00:00:51.954,1.3867,1.38663,0.45,0.94
12.08.2021 00:00:52.056,1.38673,1.38663,1.57,0.94
12.08.2021 00:00:52.159,1.38673,1.38664,0.1,0.75
12.08.2021 00:00:52.262,1.38676,1.38668,0.1,0.94
12.08.2021 00:00:52.364,1.38678,1.3867,0.1,1.69
12.08.2021 00:00:54.170,1.3868,1.38669,0.82,0.75
12.08.2021 00:00:55.421,1.38679,1.38671,0.1,0.75
12.08.2021 00:00:57.387,1.3868,1.38671,1.2,1.69
12.08.2021 00:00:57.640,1.3868,1.3867200000000002,1.2,0.75
12.08.2021 00:00:58.890,1.38681,1.38673,0.45,1.5
12.08.2021 00:00:59.810,1.3868200000000002,1.3867500000000001,0.45,0.75
12.08.2021 00:01:00.300,1.3868500000000001,1.38676,0.1,0.75
12.08.2021 00:01:00.401,1.3868500000000001,1.38678,0.1,0.75
12.08.2021 00:01:01.637,1.3868600000000002,1.38678,0.1,0.75
12.08.2021 00:01:01.738,1.3868600000000002,1.38679,0.1,0.94
12.08.2021 00:01:01.840,1.38687,1.38679,1.57,0.19
12.08.2021 00:01:02.207,1.3868600000000002,1.38679,0.75,0.19
12.08.2021 00:01:02.309,1.38687,1.38677,1.57,0.75
12.08.2021 00:01:02.781,1.38689,1.38679,0.45,0.75
12.08.2021 00:01:05.666,1.38688,1.38681,0.1,0.75
12.08.2021 00:01:06.060,1.3868600000000002,1.3868,0.1,0.75
12.08.2021 00:01:06.161,1.38684,1.3868,0.1,0.75
12.08.2021 00:01:06.378,1.38683,1.38679,0.1,0.75
12.08.2021 00:01:06.479,1.38684,1.3868,0.1,0.75
12.08.2021 00:01:10.288,1.3868600000000002,1.38679,0.1,0.75
12.08.2021 00:01:11.195,1.3868600000000002,1.38678,0.1,1.87
12.08.2021 00:01:12.701,1.3868500000000001,1.38678,0.1,1.87
12.08.2021 00:01:15.697,1.3868500000000001,1.38679,0.1,1.87
12.08.2021 00:01:15.850,1.38684,1.38679,0.1,1.87
12.08.2021 00:01:18.633,1.3868500000000001,1.38679,0.1,1.87
12.08.2021 00:01:22.066,1.38683,1.38678,0.1,1.12
12.08.2021 00:01:22.369,1.3868200000000002,1.38678,0.1,1.87
12.08.2021 00:01:23.103,1.38687,1.38679,0.67,0.75
12.08.2021 00:01:23.205,1.3868500000000001,1.3868,0.1,0.75
12.08.2021 00:01:33.070,1.38684,1.3868,0.1,1.5
12.08.2021 00:01:33.121,1.38684,1.38677,0.1,1.12
12.08.2021 00:01:33.223,1.3868200000000002,1.38677,0.1,0.94
12.08.2021 00:01:36.085,1.3868,1.38674,0.1,1.69
12.08.2021 00:01:36.136,1.3868200000000002,1.38674,0.75,0.19
12.08.2021 00:01:36.187,1.3868,1.38674,0.1,0.19
12.08.2021 00:01:36.289,1.3868,1.38673,0.1,0.19
12.08.2021 00:01:36.548,1.3868,1.3867200000000002,0.1,1.87
12.08.2021 00:01:38.136,1.38679,1.38674,0.1,0.37
12.08.2021 00:01:38.288,1.3868,1.38674,0.1,1.12
12.08.2021 00:01:38.772,1.3868,1.3867500000000001,0.1,0.75
12.08.2021 00:01:39.097,1.3868200000000002,1.3867500000000001,0.1,0.75
12.08.2021 00:01:39.199,1.3868,1.3867500000000001,0.1,0.37
12.08.2021 00:01:39.353,1.38681,1.38677,0.1,0.75
12.08.2021 00:01:39.456,1.38683,1.38677,0.1,1.87
12.08.2021 00:01:39.559,1.38684,1.38677,0.1,0.37
12.08.2021 00:01:40.152,1.38687,1.38677,0.82,0.37
12.08.2021 00:01:41.100,1.38684,1.38677,0.1,0.37
12.08.2021 00:01:46.337,1.3868500000000001,1.38679,0.1,1.12
12.08.2021 00:01:52.167,1.3868600000000002,1.38679,0.1,1.87
12.08.2021 00:01:52.269,1.3868600000000002,1.3868,0.1,1.12
12.08.2021 00:01:52.420,1.38691,1.38681,0.75,2.62
12.08.2021 00:01:52.677,1.3869200000000002,1.3868500000000001,0.1,0.19
12.08.2021 00:01:52.779,1.38693,1.38687,0.37,0.75
12.08.2021 00:01:52.830,1.3869600000000002,1.3868600000000002,0.1,0.75
12.08.2021 00:01:54.901,1.38694,1.38687,0.1,0.75
12.08.2021 00:01:58.877,1.38689,1.3868500000000001,0.75,0.19
12.08.2021 00:01:59.100,1.38689,1.3868200000000002,0.1,1.12
12.08.2021 00:01:59.203,1.38687,1.38683,0.1,0.75
12.08.2021 00:02:00.441,1.38687,1.38681,0.1,1.87
12.08.2021 00:02:01.042,1.3868600000000002,1.38681,0.1,1.5
12.08.2021 00:02:03.190,1.38688,1.3868,0.1,1.87
12.08.2021 00:02:13.145,1.38687,1.38679,0.75,0.19
12.08.2021 00:02:13.247,1.38687,1.38678,0.75,1.87
12.08.2021 00:02:13.501,1.38688,1.3868,0.1,0.75
12.08.2021 00:02:13.603,1.38689,1.3868,0.1,0.75
12.08.2021 00:02:13.755,1.38689,1.38681,0.82,0.94
12.08.2021 00:02:17.123,1.38687,1.38681,0.1,0.94
12.08.2021 00:02:18.345,1.38687,1.38679,0.1,0.75
12.08.2021 00:02:18.447,1.3868500000000001,1.3868,0.1,0.75
12.08.2021 00:02:18.902,1.38684,1.38677,0.1,0.19
12.08.2021 00:02:19.004,1.38683,1.38677,0.1,0.19
12.08.2021 00:02:19.105,1.3868200000000002,1.38677,0.1,0.19
12.08.2021 00:02:19.616,1.38681,1.38677,0.1,0.19
12.08.2021 00:02:25.918,1.3868500000000001,1.38676,0.1,0.19
12.08.2021 00:02:30.055,1.3868200000000002,1.38677,0.1,0.19
12.08.2021 00:03:00.105,1.38684,1.38677,0.1,0.19
12.08.2021 00:03:06.819,1.3868600000000002,1.38676,0.82,0.19
12.08.2021 00:03:07.372,1.38683,1.38673,0.1,0.94
12.08.2021 00:03:07.474,1.38681,1.38673,0.1,0.75
12.08.2021 00:03:09.791,1.38681,1.38671,0.1,0.94
12.08.2021 00:03:32.632,1.3868,1.38671,0.1,0.94
12.08.2021 00:03:36.090,1.38679,1.38671,0.1,0.75
12.08.2021 00:03:36.192,1.38678,1.38671,0.1,0.75
12.08.2021 00:03:36.410,1.3868,1.3867,0.1,0.75
12.08.2021 00:03:36.676,1.38679,1.3867,0.1,0.75
12.08.2021 00:03:37.035,1.3868,1.3867,0.1,0.75
12.08.2021 00:03:39.052,1.38678,1.38671,0.1,0.94
12.08.2021 00:03:40.921,1.38679,1.38671,0.1,0.75
12.08.2021 00:03:46.430,1.3868,1.38671,0.1,1.69
12.08.2021 00:03:49.676,1.38681,1.38671,0.1,0.75
12.08.2021 00:03:50.105,1.3868,1.38671,0.1,0.75
12.08.2021 00:03:55.699,1.38679,1.38671,0.82,0.75
12.08.2021 00:03:57.639,1.38679,1.38669,0.1,0.94
12.08.2021 00:03:57.842,1.38677,1.3867,0.1,0.75
12.08.2021 00:03:57.944,1.38678,1.38668,0.1,0.75
12.08.2021 00:04:02.233,1.38673,1.38664,0.82,0.75
12.08.2021 00:04:02.284,1.38671,1.38664,0.1,0.75
12.08.2021 00:04:02.641,1.38671,1.3866100000000001,0.1,0.75
12.08.2021 00:04:06.445,1.38669,1.3866200000000002,0.1,0.75
12.08.2021 00:04:14.333,1.38669,1.3866100000000001,0.1,0.94
12.08.2021 00:04:22.610,1.3867,1.3866200000000002,0.1,0.75
12.08.2021 00:04:22.711,1.38671,1.3866200000000002,0.45,0.75
12.08.2021 00:04:23.711,1.38671,1.38663,0.45,0.75
12.08.2021 00:04:26.031,1.3867,1.3866200000000002,0.1,0.94
12.08.2021 00:04:30.345,1.3867,1.3866100000000001,0.1,0.75
12.08.2021 00:04:30.446,1.38669,1.3866100000000001,0.1,0.94
12.08.2021 00:04:34.679,1.3867,1.3866100000000001,0.1,0.94
12.08.2021 00:04:34.780,1.38673,1.38663,0.45,1.5
12.08.2021 00:04:34.882,1.3867500000000001,1.38668,0.1,0.19
12.08.2021 00:04:34.984,1.38676,1.38668,0.1,1.12
12.08.2021 00:04:36.927,1.38678,1.38667,0.1,1.87
12.08.2021 00:04:40.895,1.38677,1.38669,0.1,0.75
12.08.2021 00:04:45.994,1.38679,1.38669,0.1,0.94
12.08.2021 00:04:46.247,1.38678,1.38671,0.1,0.94
12.08.2021 00:04:46.349,1.38681,1.38671,0.1,0.94
12.08.2021 00:04:46.551,1.3868,1.38671,0.1,0.94
12.08.2021 00:04:47.800,1.3868,1.3867200000000002,0.1,0.94
12.08.2021 00:04:48.435,1.3868,1.38673,0.1,0.94
12.08.2021 00:04:48.587,1.3868200000000002,1.3867200000000002,0.1,0.94
12.08.2021 00:04:56.714,1.3868,1.3867200000000002,0.1,0.75
12.08.2021 00:04:56.816,1.38679,1.3867200000000002,0.1,0.75
12.08.2021 00:04:59.152,1.38679,1.38671,0.1,0.94
12.08.2021 00:05:01.796,1.3868,1.3867200000000002,0.1,0.19
12.08.2021 00:05:01.898,1.3868,1.38673,0.1,0.37
12.08.2021 00:05:03.065,1.38681,1.38673,0.1,0.37
12.08.2021 00:05:03.696,1.3868,1.38673,0.1,0.37
12.08.2021 00:05:03.797,1.38681,1.38671,0.1,0.94
12.08.2021 00:05:17.523,1.38681,1.3867200000000002,0.1,0.75
12.08.2021 00:05:17.777,1.38681,1.38674,0.1,0.19
12.08.2021 00:05:18.030,1.38683,1.38673,0.45,0.19
12.08.2021 00:05:18.183,1.38683,1.38676,0.37,0.19
12.08.2021 00:05:18.235,1.38687,1.38678,0.1,0.94
12.08.2021 00:05:18.286,1.38688,1.3868,0.52,0.75
12.08.2021 00:05:18.440,1.38689,1.3868,1.2,0.94
12.08.2021 00:05:18.858,1.38689,1.3868200000000002,0.82,0.75
12.08.2021 00:05:20.325,1.38689,1.38681,0.1,0.75
12.08.2021 00:05:20.477,1.38688,1.38681,0.1,0.75
12.08.2021 00:05:21.825,1.38689,1.38679,0.1,0.94
12.08.2021 00:05:22.028,1.38689,1.38678,0.1,0.94
12.08.2021 00:05:22.129,1.38688,1.38678,0.1,0.75
12.08.2021 00:05:23.138,1.3868600000000002,1.38679,0.1,0.75
12.08.2021 00:05:26.228,1.38687,1.38677,0.1,0.94
12.08.2021 00:05:39.621,1.38687,1.38676,0.1,0.94
12.08.2021 00:05:40.420,1.3868600000000002,1.38678,0.1,0.75
12.08.2021 00:05:49.509,1.38691,1.3868,2.32,0.37
12.08.2021 00:05:49.560,1.38689,1.38681,0.75,0.19
12.08.2021 00:05:51.535,1.38689,1.38683,0.75,0.19
12.08.2021 00:05:51.586,1.38691,1.38683,0.1,0.19
12.08.2021 00:05:52.041,1.38691,1.38684,0.82,0.94
12.08.2021 00:05:52.143,1.38691,1.3868500000000001,0.75,0.19
12.08.2021 00:05:52.398,1.38693,1.3868500000000001,0.1,0.19
12.08.2021 00:05:56.551,1.38693,1.38683,0.45,0.37
12.08.2021 00:05:56.603,1.3869200000000002,1.38681,0.45,0.75
12.08.2021 00:05:56.705,1.3869,1.3868200000000002,0.1,0.75
12.08.2021 00:06:01.401,1.38691,1.38683,0.1,0.75
12.08.2021 00:06:01.504,1.3869200000000002,1.38681,0.1,1.87
12.08.2021 00:06:01.865,1.3869200000000002,1.3868200000000002,0.1,0.75
12.08.2021 00:06:02.448,1.38694,1.3868600000000002,1.2,0.19
12.08.2021 00:06:02.704,1.3869600000000002,1.3868500000000001,0.82,0.19
12.08.2021 00:06:05.875,1.3869600000000002,1.38684,0.1,0.94
12.08.2021 00:06:05.976,1.3869600000000002,1.3868500000000001,0.1,0.19
12.08.2021 00:06:07.838,1.38697,1.3868500000000001,1.57,0.94
12.08.2021 00:06:11.455,1.3869600000000002,1.3868500000000001,0.75,0.75
12.08.2021 00:06:15.445,1.3869600000000002,1.3868600000000002,1.95,0.75
12.08.2021 00:06:21.932,1.3869500000000001,1.3868600000000002,0.75,0.75
12.08.2021 00:06:25.649,1.38693,1.3868200000000002,0.75,0.75
12.08.2021 00:06:28.140,1.38694,1.3868600000000002,0.45,0.75
12.08.2021 00:06:32.199,1.38694,1.3868500000000001,0.1,0.94
12.08.2021 00:06:33.784,1.3869600000000002,1.3868500000000001,1.5,0.75
12.08.2021 00:06:37.385,1.3869600000000002,1.38687,0.82,0.19
12.08.2021 00:06:59.575,1.3869,1.38683,0.75,7.5
12.08.2021 00:06:59.777,1.3869,1.38681,0.75,2.62
12.08.2021 00:07:05.074,1.3869,1.38683,0.75,0.94
12.08.2021 00:07:05.176,1.38691,1.38683,0.75,0.94
12.08.2021 00:07:07.371,1.38691,1.3868200000000002,1.12,0.94
12.08.2021 00:07:08.535,1.38691,1.38683,0.82,0.94
12.08.2021 00:07:09.249,1.38691,1.38684,0.82,0.75
12.08.2021 00:07:09.400,1.38694,1.38687,3,0.75
12.08.2021 00:07:09.502,1.38697,1.3869,0.75,0.94
12.08.2021 00:07:09.603,1.38699,1.38691,0.75,0.94
12.08.2021 00:07:09.705,1.38698,1.38691,0.75,0.19
12.08.2021 00:07:09.807,1.38698,1.3869,0.75,0.19
12.08.2021 00:07:11.000,1.38698,1.38689,0.75,0.19
12.08.2021 00:07:11.203,1.38698,1.38688,0.75,0.19
12.08.2021 00:07:11.305,1.3869600000000002,1.38689,0.75,0.19
12.08.2021 00:07:14.103,1.3869500000000001,1.38689,0.75,0.19
12.08.2021 00:07:14.607,1.3869600000000002,1.38689,0.75,0.19
12.08.2021 00:07:21.741,1.38697,1.38689,0.75,0.19
12.08.2021 00:07:25.044,1.38698,1.38689,0.75,0.94
12.08.2021 00:07:36.856,1.38698,1.3869,0.75,0.94
12.08.2021 00:07:39.657,1.38697,1.38689,0.75,0.19
12.08.2021 00:07:39.759,1.3869600000000002,1.38689,0.75,0.19
12.08.2021 00:07:40.755,1.3869500000000001,1.38688,0.75,0.19
12.08.2021 00:07:40.806,1.38691,1.38684,1.12,0.37
12.08.2021 00:07:40.908,1.3869,1.38681,0.75,1.12
12.08.2021 00:07:41.009,1.3869,1.3868200000000002,0.75,0.37
12.08.2021 00:07:41.111,1.3869,1.38683,0.75,1.12
12.08.2021 00:07:42.434,1.38688,1.38683,0.75,0.37
12.08.2021 00:08:02.368,1.38689,1.38683,0.75,0.19
12.08.2021 00:08:15.326,1.38693,1.3868600000000002,0.1,0.75
12.08.2021 00:08:15.428,1.38691,1.38684,0.75,1.12
12.08.2021 00:08:15.630,1.3869,1.38684,0.75,1.12
12.08.2021 00:08:15.883,1.3869,1.3868500000000001,0.75,0.75
12.08.2021 00:08:16.826,1.38691,1.3868500000000001,0.75,0.94
12.08.2021 00:08:17.079,1.3869200000000002,1.3868500000000001,0.75,0.75
12.08.2021 00:08:17.551,1.38694,1.38688,0.75,0.19
12.08.2021 00:08:17.652,1.3869500000000001,1.38688,0.75,0.19
12.08.2021 00:08:23.257,1.3869500000000001,1.38687,0.75,0.19
12.08.2021 00:08:25.385,1.38694,1.38689,0.75,0.19
12.08.2021 00:08:53.196,1.3869500000000001,1.38689,0.75,0.19
12.08.2021 00:09:13.340,1.3869600000000002,1.38687,0.75,0.19
12.08.2021 00:09:13.391,1.38694,1.38684,0.82,1.62
12.08.2021 00:09:13.493,1.3869,1.3868200000000002,0.75,0.19
12.08.2021 00:09:16.397,1.38689,1.38684,0.75,1.12
12.08.2021 00:09:18.461,1.3869,1.38684,0.75,1.12
12.08.2021 00:09:21.136,1.38691,1.38684,0.75,0.19
12.08.2021 00:09:21.238,1.3869,1.38684,0.75,0.19
12.08.2021 00:09:21.491,1.38689,1.3868500000000001,0.75,0.19
12.08.2021 00:09:21.644,1.3869,1.38683,0.75,0.19
12.08.2021 00:09:25.245,1.38689,1.3868200000000002,0.75,0.19
12.08.2021 00:09:29.469,1.38689,1.38683,0.75,0.19
12.08.2021 00:09:30.666,1.38694,1.38688,0.75,0.94
12.08.2021 00:09:30.768,1.3869500000000001,1.38688,0.75,0.37
12.08.2021 00:09:33.470,1.3869600000000002,1.3868600000000002,0.75,1.5
12.08.2021 00:09:36.625,1.3869500000000001,1.38688,0.75,0.75
12.08.2021 00:09:38.084,1.3869600000000002,1.38688,0.75,0.75
12.08.2021 00:09:40.445,1.38697,1.3869,0.75,0.75
12.08.2021 00:09:42.110,1.38698,1.3869,0.75,0.75
12.08.2021 00:09:46.795,1.38697,1.3869,0.75,1.12
12.08.2021 00:09:46.897,1.3869500000000001,1.38689,0.75,0.37
12.08.2021 00:09:51.226,1.3869600000000002,1.3868600000000002,0.75,0.37
12.08.2021 00:09:53.549,1.3869500000000001,1.38688,0.75,0.37
12.08.2021 00:10:04.934,1.38697,1.38687,0.75,1.12
12.08.2021 00:10:05.504,1.3869500000000001,1.38688,0.75,0.37
12.08.2021 00:10:19.349,1.3869,1.38684,0.75,0.75
12.08.2021 00:10:19.451,1.3869,1.38683,0.75,0.75
12.08.2021 00:10:19.553,1.38694,1.3868500000000001,0.75,0.75
12.08.2021 00:10:19.655,1.3869500000000001,1.3868500000000001,0.75,0.75
12.08.2021 00:10:21.991,1.3869500000000001,1.3868600000000002,0.75,0.75
12.08.2021 00:10:26.942,1.3869600000000002,1.3868600000000002,0.75,0.75
12.08.2021 00:10:27.044,1.3869600000000002,1.3868500000000001,0.75,1.87
12.08.2021 00:10:27.714,1.3869500000000001,1.38687,0.75,0.75
12.08.2021 00:10:27.815,1.3869600000000002,1.3868500000000001,0.75,1.87
12.08.2021 00:10:27.917,1.3869200000000002,1.3868500000000001,0.75,0.94
12.08.2021 00:10:28.019,1.38693,1.3868600000000002,0.75,0.37
12.08.2021 00:10:28.121,1.38694,1.3868600000000002,0.75,1.12
12.08.2021 00:10:29.572,1.3869600000000002,1.3868600000000002,0.75,1.12
12.08.2021 00:10:36.209,1.38694,1.3868600000000002,0.75,1.12
12.08.2021 00:10:43.083,1.38694,1.38687,0.75,0.75
12.08.2021 00:10:43.184,1.3869600000000002,1.3868600000000002,0.75,0.37
12.08.2021 00:10:46.217,1.38697,1.38688,0.75,0.75
12.08.2021 00:10:46.318,1.38697,1.38687,0.75,0.75
12.08.2021 00:10:47.022,1.3869600000000002,1.38687,0.75,1.87
12.08.2021 00:11:02.856,1.3869600000000002,1.38688,0.75,0.75
12.08.2021 00:11:05.258,1.38697,1.38688,0.82,0.75
12.08.2021 00:11:12.126,1.38697,1.38689,0.75,0.75
12.08.2021 00:11:16.640,1.38698,1.38687,0.75,1.5
12.08.2021 00:11:18.105,1.38697,1.38687,0.75,0.75
12.08.2021 00:11:30.777,1.38699,1.38688,0.82,0.75
12.08.2021 00:11:30.929,1.38698,1.38691,0.75,0.75
12.08.2021 00:11:35.237,1.387,1.3869,0.75,0.75
12.08.2021 00:11:35.821,1.387,1.38689,0.75,1.12
12.08.2021 00:11:38.819,1.387,1.38691,0.75,0.75
12.08.2021 00:11:38.920,1.387,1.38693,0.75,0.75
12.08.2021 00:11:39.022,1.387,1.3869200000000002,0.75,0.75
12.08.2021 00:11:40.078,1.387,1.38693,0.75,0.75
12.08.2021 00:11:41.491,1.387,1.38694,0.75,0.75
12.08.2021 00:11:41.542,1.3870600000000002,1.38698,1.13,0.94
12.08.2021 00:11:41.643,1.38708,1.38697,0.82,1.87
12.08.2021 00:11:41.795,1.3870600000000002,1.38698,0.75,1.12
12.08.2021 00:11:42.294,1.38708,1.38697,0.75,1.87
12.08.2021 00:11:53.734,1.38709,1.38698,0.75,0.75
12.08.2021 00:12:09.283,1.38708,1.387,0.75,0.75
12.08.2021 00:12:09.385,1.38709,1.387,1.57,1.5
12.08.2021 00:12:09.556,1.38709,1.38699,0.75,1.5
12.08.2021 00:12:14.217,1.38708,1.38699,1.5,1.87
12.08.2021 00:12:18.343,1.38708,1.387,0.75,0.75
12.08.2021 00:12:20.083,1.38708,1.38699,0.75,1.87
12.08.2021 00:12:20.235,1.3870700000000002,1.38699,0.75,1.12
12.08.2021 00:12:26.975,1.3870700000000002,1.38701,0.75,0.75
12.08.2021 00:12:27.128,1.38708,1.38701,0.75,0.75
12.08.2021 00:12:32.177,1.38708,1.387,0.75,1.5
12.08.2021 00:12:32.614,1.38708,1.38701,0.75,0.75
12.08.2021 00:12:33.227,1.38709,1.38699,0.75,1.5
12.08.2021 00:13:04.124,1.38708,1.38701,0.75,0.75
12.08.2021 00:13:09.207,1.38708,1.387,0.75,1.5
12.08.2021 00:13:13.944,1.38708,1.38699,0.75,0.75
12.08.2021 00:13:13.995,1.3870700000000002,1.38698,0.75,1.95
12.08.2021 00:13:16.681,1.3870600000000002,1.38698,0.75,0.75
12.08.2021 00:13:22.967,1.3870700000000002,1.3869600000000002,0.75,1.87
12.08.2021 00:13:32.322,1.3870700000000002,1.38697,0.75,0.75
12.08.2021 00:13:39.377,1.3870700000000002,1.3869600000000002,0.75,1.87
12.08.2021 00:13:45.099,1.3870600000000002,1.38698,0.75,0.75
12.08.2021 00:13:50.349,1.3870700000000002,1.3869600000000002,0.75,0.82
12.08.2021 00:13:50.452,1.38701,1.38691,0.75,8.4
12.08.2021 00:13:50.605,1.38701,1.3869200000000002,0.75,0.37
12.08.2021 00:13:50.707,1.38701,1.38693,0.75,0.37
12.08.2021 00:13:52.288,1.38701,1.38694,0.75,0.37
12.08.2021 00:13:55.021,1.38701,1.3869500000000001,0.75,0.37
12.08.2021 00:13:55.131,1.3870200000000001,1.3869500000000001,0.75,1.12
12.08.2021 00:13:55.601,1.38704,1.3869600000000002,0.75,0.94
12.08.2021 00:13:55.653,1.3870600000000002,1.38697,0.75,1.5
12.08.2021 00:13:59.245,1.3870600000000002,1.3869500000000001,0.75,1.87
12.08.2021 00:14:00.845,1.3870500000000001,1.38697,0.75,0.75
12.08.2021 00:14:00.896,1.3870700000000002,1.387,0.75,0.75
12.08.2021 00:14:00.998,1.3870700000000002,1.38699,0.75,1.5
12.08.2021 00:14:02.212,1.3870700000000002,1.3869600000000002,0.75,1.87
12.08.2021 00:14:02.314,1.3870500000000001,1.38697,0.75,0.75
12.08.2021 00:14:02.466,1.3870500000000001,1.3869600000000002,0.75,0.75
12.08.2021 00:14:03.654,1.3870700000000002,1.3870200000000001,1.5,0.75
12.08.2021 00:14:03.755,1.3870700000000002,1.38701,1.5,0.75
12.08.2021 00:14:03.857,1.38709,1.387,0.75,0.75
12.08.2021 00:14:04.143,1.38708,1.387,0.75,1.87
12.08.2021 00:14:06.245,1.38708,1.38701,0.75,0.75
12.08.2021 00:14:08.454,1.38708,1.387,1.5,1.12
12.08.2021 00:14:09.679,1.38709,1.387,1.5,0.75
12.08.2021 00:14:09.780,1.38708,1.387,1.5,1.12
12.08.2021 00:14:10.700,1.3870700000000002,1.387,0.75,1.12
12.08.2021 00:14:10.802,1.3870700000000002,1.38699,0.75,1.87
12.08.2021 00:14:10.968,1.38708,1.38699,0.75,0.75
12.08.2021 00:14:12.063,1.38708,1.38698,0.75,2.44
12.08.2021 00:14:12.948,1.3870700000000002,1.387,0.75,0.75
12.08.2021 00:14:24.777,1.3870700000000002,1.38701,1.5,0.75
12.08.2021 00:14:24.879,1.38708,1.38699,1.5,1.12
12.08.2021 00:14:29.247,1.3870700000000002,1.38701,1.5,0.75
12.08.2021 00:14:29.399,1.38708,1.38699,1.5,1.12
12.08.2021 00:14:29.551,1.38708,1.387,1.5,0.75
12.08.2021 00:14:30.007,1.38708,1.38699,0.75,1.12
12.08.2021 00:14:30.109,1.3870700000000002,1.38701,0.75,0.75
12.08.2021 00:14:30.870,1.38708,1.38699,0.75,1.12
12.08.2021 00:14:31.633,1.3870700000000002,1.38701,1.5,0.75
12.08.2021 00:14:32.565,1.38708,1.38701,1.5,0.75
12.08.2021 00:14:32.717,1.38708,1.3870200000000001,1.5,0.75
12.08.2021 00:14:33.134,1.38708,1.38701,1.5,0.94
12.08.2021 00:14:33.541,1.38708,1.3870200000000001,1.5,0.75
12.08.2021 00:14:42.193,1.38709,1.387,0.75,1.12
12.08.2021 00:14:42.486,1.38708,1.3870200000000001,0.75,0.75
12.08.2021 00:14:44.186,1.38708,1.38701,0.75,1.12
12.08.2021 00:14:44.287,1.38708,1.3870200000000001,0.75,0.75
12.08.2021 00:14:44.968,1.38708,1.38701,0.75,1.69
12.08.2021 00:14:45.824,1.38708,1.3870200000000001,0.75,0.75
12.08.2021 00:14:45.925,1.38708,1.38701,0.75,1.12
12.08.2021 00:14:47.711,1.38708,1.387,1.5,1.12
12.08.2021 00:14:47.812,1.3870700000000002,1.387,0.75,1.12
12.08.2021 00:14:48.426,1.3870700000000002,1.38701,0.75,0.75
12.08.2021 00:14:48.928,1.3870700000000002,1.387,0.75,1.12
12.08.2021 00:14:49.029,1.3870700000000002,1.38701,0.75,0.75
12.08.2021 00:14:49.452,1.38708,1.38701,1.5,0.75
12.08.2021 00:14:53.376,1.38709,1.38701,1.5,0.75
12.08.2021 00:14:54.016,1.38709,1.387,1.5,1.12
12.08.2021 00:14:54.129,1.38708,1.3870200000000001,1.5,0.75
12.08.2021 00:14:55.435,1.38708,1.38701,0.75,1.12
12.08.2021 00:14:56.712,1.38709,1.38701,0.75,0.75
12.08.2021 00:14:56.814,1.38708,1.38701,0.75,1.12
12.08.2021 00:14:56.953,1.38709,1.38701,0.75,0.75
12.08.2021 00:14:58.069,1.38708,1.38701,0.75,1.69
12.08.2021 00:15:00.599,1.38708,1.3870200000000001,0.75,0.75
12.08.2021 00:15:01.921,1.38708,1.38701,0.75,1.12
12.08.2021 00:15:02.023,1.38708,1.3870200000000001,0.75,0.75
12.08.2021 00:15:02.515,1.38708,1.38703,0.75,0.75
12.08.2021 00:15:02.667,1.38709,1.38703,0.75,0.75
12.08.2021 00:15:02.819,1.38709,1.3870200000000001,0.75,0.75
12.08.2021 00:15:02.925,1.38708,1.38704,0.75,0.75
12.08.2021 00:15:03.027,1.38709,1.3870200000000001,0.75,0.75
12.08.2021 00:15:03.183,1.38708,1.38704,0.75,0.75
12.08.2021 00:15:04.670,1.3871,1.38703,0.75,0.75
12.08.2021 00:15:04.772,1.3871,1.38704,1.5,0.75
12.08.2021 00:15:05.025,1.3871,1.3870500000000001,1.5,0.75
12.08.2021 00:15:05.133,1.3871,1.38704,1.5,0.75
12.08.2021 00:15:05.514,1.3871,1.38701,0.75,1.12
12.08.2021 00:15:06.558,1.38709,1.38701,0.75,0.37
12.08.2021 00:15:06.660,1.38709,1.387,0.75,1.12
12.08.2021 00:15:08.971,1.38708,1.387,0.75,1.12
12.08.2021 00:15:17.774,1.38708,1.38701,0.75,1.12
12.08.2021 00:15:18.819,1.38709,1.38701,0.75,0.75
12.08.2021 00:15:20.142,1.3871,1.3870200000000001,0.75,0.75
12.08.2021 00:15:20.295,1.38711,1.38703,1.5,0.75
12.08.2021 00:15:20.396,1.3871,1.38703,1.5,1.12
12.08.2021 00:15:20.498,1.38709,1.38703,0.75,0.75
12.08.2021 00:15:26.179,1.38709,1.3870200000000001,0.75,1.69
12.08.2021 00:15:27.387,1.3871,1.3870200000000001,0.75,0.75
12.08.2021 00:15:29.275,1.3871,1.38703,1.5,0.75
12.08.2021 00:15:30.596,1.38709,1.3870200000000001,0.75,1.12
12.08.2021 00:15:33.131,1.38708,1.3870200000000001,0.75,0.19
12.08.2021 00:15:50.393,1.38708,1.38701,0.75,0.19
12.08.2021 00:15:50.625,1.38708,1.387,0.75,0.19
12.08.2021 00:16:12.834,1.38708,1.38701,0.75,0.19
12.08.2021 00:16:43.692,1.38708,1.3870200000000001,0.75,0.75
12.08.2021 00:16:46.625,1.38709,1.387,0.75,1.12
12.08.2021 00:16:46.827,1.38708,1.387,0.75,1.12
12.08.2021 00:16:58.063,1.3870700000000002,1.387,0.75,0.19
12.08.2021 00:17:02.384,1.38708,1.38697,0.75,1.69
12.08.2021 00:17:02.890,1.3870600000000002,1.38697,0.75,0.94
12.08.2021 00:17:04.415,1.3870700000000002,1.38697,0.75,0.19
12.08.2021 00:17:16.509,1.38703,1.38693,1.5,0.64
12.08.2021 00:17:16.611,1.38699,1.38691,0.75,0.19
12.08.2021 00:17:16.712,1.38699,1.3869,0.75,0.19
12.08.2021 00:17:19.327,1.38698,1.3869,0.75,0.19
12.08.2021 00:17:19.890,1.38699,1.3869,0.75,0.19
12.08.2021 00:17:25.227,1.38699,1.38691,0.75,0.19
12.08.2021 00:17:28.779,1.387,1.38693,0.75,0.37
12.08.2021 00:17:28.830,1.3870200000000001,1.38693,1.5,0.37
12.08.2021 00:17:29.983,1.3870200000000001,1.38694,1.5,0.75
12.08.2021 00:17:33.326,1.38703,1.38698,0.75,0.75
12.08.2021 00:17:33.377,1.3870600000000002,1.38699,0.75,0.75
12.08.2021 00:17:33.428,1.3870700000000002,1.38701,8.25,0.75
12.08.2021 00:17:33.529,1.3870700000000002,1.3870200000000001,8.25,0.75
12.08.2021 00:17:33.631,1.38708,1.387,0.75,0.94
12.08.2021 00:17:34.802,1.38708,1.38699,0.75,0.94
12.08.2021 00:17:34.904,1.3870700000000002,1.38699,0.75,1.12
12.08.2021 00:17:36.472,1.3870700000000002,1.38698,0.75,0.94
12.08.2021 00:17:36.574,1.3870500000000001,1.38698,0.75,1.12
12.08.2021 00:17:36.777,1.3870500000000001,1.38699,0.75,0.75
12.08.2021 00:17:39.377,1.3870600000000002,1.38697,0.75,1.12
12.08.2021 00:17:41.002,1.38704,1.38698,0.75,0.19
12.08.2021 00:17:41.755,1.3870500000000001,1.3869600000000002,0.75,1.12
12.08.2021 00:17:50.058,1.3870500000000001,1.38697,0.75,0.94
12.08.2021 00:17:51.139,1.38704,1.38699,0.75,0.75
12.08.2021 00:17:52.644,1.38704,1.38698,0.75,0.94
12.08.2021 00:18:00.141,1.3870500000000001,1.38698,0.75,0.94
12.08.2021 00:18:11.304,1.3870600000000002,1.38698,0.75,0.75
12.08.2021 00:18:12.144,1.3870600000000002,1.38699,0.75,0.75
12.08.2021 00:18:16.166,1.38708,1.38699,1.5,0.75
12.08.2021 00:18:19.388,1.3870700000000002,1.38699,1.5,0.94
12.08.2021 00:18:23.450,1.38708,1.38697,1.57,0.94
12.08.2021 00:18:23.754,1.38701,1.38697,0.75,1.12
12.08.2021 00:18:26.281,1.38708,1.38697,1.57,0.75
12.08.2021 00:18:28.314,1.3870700000000002,1.38697,1.57,1.12
12.08.2021 00:18:35.244,1.38701,1.38697,0.75,0.19
12.08.2021 00:18:36.894,1.3870600000000002,1.38694,3.07,0.94
12.08.2021 00:18:36.945,1.38701,1.3869500000000001,0.75,0.75
12.08.2021 00:18:37.046,1.38701,1.38693,0.75,1.12
12.08.2021 00:18:43.445,1.38697,1.3869,0.75,0.1
12.08.2021 00:18:44.173,1.38701,1.38693,0.75,0.37
12.08.2021 00:18:44.275,1.38701,1.3869200000000002,0.75,1.12
12.08.2021 00:18:44.376,1.387,1.38691,0.75,0.94
12.08.2021 00:18:47.264,1.387,1.3869,0.75,0.94
12.08.2021 00:18:47.365,1.38699,1.3869,0.75,0.19
12.08.2021 00:18:53.196,1.38694,1.38689,0.75,0.19
12.08.2021 00:18:56.219,1.387,1.38689,0.75,0.94
12.08.2021 00:18:56.772,1.38694,1.3869,0.75,0.19
12.08.2021 00:18:57.754,1.38699,1.3869,0.75,0.94
12.08.2021 00:19:00.853,1.38694,1.3869,0.75,0.19
12.08.2021 00:19:06.843,1.38699,1.3869,0.82,0.94
12.08.2021 00:19:07.976,1.38694,1.3869,0.75,0.19
12.08.2021 00:19:31.062,1.38694,1.3868600000000002,1.5,1.2
12.08.2021 00:19:31.118,1.38694,1.38683,1.12,2.18
12.08.2021 00:19:31.220,1.3869500000000001,1.38687,0.75,0.19
12.08.2021 00:19:31.322,1.3869600000000002,1.38687,0.82,0.19
12.08.2021 00:19:31.474,1.38691,1.3868600000000002,0.75,0.19
12.08.2021 00:19:39.486,1.38689,1.38683,0.75,0.1
12.08.2021 00:19:39.588,1.38687,1.38683,0.75,0.19
12.08.2021 00:19:40.272,1.38687,1.3868200000000002,0.75,1.95
12.08.2021 00:19:40.373,1.3868600000000002,1.3868200000000002,0.75,0.19
12.08.2021 00:19:41.922,1.38687,1.3868,0.75,1.57
12.08.2021 00:19:43.141,1.38687,1.38681,0.75,0.75
12.08.2021 00:19:43.901,1.3868600000000002,1.38681,0.75,1.57
12.08.2021 00:19:45.144,1.3868600000000002,1.3868200000000002,0.75,0.75
12.08.2021 00:19:45.803,1.3868600000000002,1.38681,0.75,1.57
12.08.2021 00:19:47.002,1.3868600000000002,1.3868200000000002,0.75,0.75
12.08.2021 00:19:47.205,1.38687,1.3868200000000002,0.75,0.94
12.08.2021 00:19:48.777,1.38687,1.38681,0.75,1.57
12.08.2021 00:19:49.844,1.38688,1.38681,0.75,1.57
12.08.2021 00:19:50.017,1.38689,1.38681,0.75,0.75
12.08.2021 00:19:50.573,1.38689,1.3868,0.75,1.01
12.08.2021 00:20:11.939,1.38691,1.38684,0.75,1.12
12.08.2021 00:20:12.041,1.38691,1.3868500000000001,0.75,0.37
12.08.2021 00:20:17.207,1.3869200000000002,1.3868500000000001,0.75,0.37
12.08.2021 00:20:19.088,1.38693,1.3868500000000001,0.75,0.37
12.08.2021 00:20:19.341,1.38693,1.3868600000000002,0.75,0.94
12.08.2021 00:20:19.443,1.3869600000000002,1.3869,0.75,0.75
12.08.2021 00:20:19.544,1.38697,1.3869,0.75,0.75
12.08.2021 00:20:26.616,1.38698,1.3869,0.75,0.75
12.08.2021 00:20:27.413,1.38699,1.3869,0.75,1.12
12.08.2021 00:20:51.755,1.38697,1.38691,0.75,0.94
12.08.2021 00:21:00.294,1.38697,1.38689,0.75,1.12
12.08.2021 00:21:06.772,1.3869600000000002,1.38689,0.75,0.37
12.08.2021 00:21:06.976,1.3869500000000001,1.38688,0.75,0.19
12.08.2021 00:21:07.079,1.3869500000000001,1.38687,0.75,0.19
12.08.2021 00:21:07.877,1.3869200000000002,1.38683,0.75,2.32
12.08.2021 00:21:07.980,1.3869,1.38684,0.75,1.12
12.08.2021 00:21:08.558,1.3869,1.38683,0.75,1.87
12.08.2021 00:21:08.720,1.38689,1.3868200000000002,0.75,0.19
12.08.2021 00:21:08.771,1.38689,1.38679,0.75,3.57
12.08.2021 00:21:12.985,1.3868600000000002,1.38679,0.75,1.12
12.08.2021 00:21:13.087,1.3868,1.38673,0.75,0.75
12.08.2021 00:21:13.138,1.38679,1.3867200000000002,0.75,8.06
12.08.2021 00:21:13.240,1.38679,1.38671,0.75,0.56
12.08.2021 00:21:13.342,1.38678,1.38671,0.75,0.26
12.08.2021 00:21:16.526,1.38677,1.3867,0.75,1.01
12.08.2021 00:21:17.224,1.38677,1.38671,0.75,0.19
12.08.2021 00:21:19.411,1.38678,1.38671,0.75,0.19
12.08.2021 00:21:19.949,1.38679,1.38671,0.75,0.19
12.08.2021 00:21:23.107,1.3868,1.3867200000000002,0.75,0.19
12.08.2021 00:21:42.534,1.3868200000000002,1.38671,0.82,0.94
12.08.2021 00:21:42.639,1.3868,1.3867200000000002,0.82,0.19
12.08.2021 00:22:08.141,1.38681,1.3867,0.82,0.94
12.08.2021 00:22:35.449,1.3868,1.3867200000000002,0.82,0.75
12.08.2021 00:22:38.324,1.38681,1.3867200000000002,1.2,1.5
12.08.2021 00:22:38.425,1.3868200000000002,1.3867200000000002,0.45,1.5
12.08.2021 00:22:39.465,1.38684,1.38676,1.2,0.94
12.08.2021 00:22:39.516,1.3868500000000001,1.38677,0.75,1.69
12.08.2021 00:22:39.859,1.3868500000000001,1.38678,0.75,0.75
12.08.2021 00:22:40.011,1.3868500000000001,1.38677,0.75,1.69
12.08.2021 00:22:40.163,1.3868500000000001,1.38678,0.75,0.75
12.08.2021 00:22:41.077,1.38687,1.38677,0.75,0.75
12.08.2021 00:22:43.253,1.38687,1.38676,0.75,1.69
12.08.2021 00:22:44.462,1.3868600000000002,1.38678,0.75,0.75
12.08.2021 00:22:44.564,1.3868600000000002,1.38679,0.75,0.75
12.08.2021 00:22:47.407,1.38687,1.38679,0.75,0.75
12.08.2021 00:22:51.653,1.38687,1.3868,0.75,0.75
12.08.2021 00:22:51.754,1.38688,1.38679,0.75,0.75
12.08.2021 00:23:06.004,1.38687,1.38679,0.75,0.75
12.08.2021 00:23:06.106,1.38687,1.3868,0.75,0.75
12.08.2021 00:23:06.498,1.38687,1.38679,0.75,1.5
12.08.2021 00:23:08.993,1.38688,1.38677,0.75,2.44
12.08.2021 00:23:09.044,1.3868600000000002,1.3867500000000001,2.62,1.5
12.08.2021 00:23:09.145,1.38684,1.3867500000000001,0.75,0.75
12.08.2021 00:23:17.021,1.38683,1.38677,0.75,0.75
12.08.2021 00:23:17.127,1.3868500000000001,1.38676,1.76,0.75
12.08.2021 00:23:18.366,1.38687,1.38679,0.75,0.94
12.08.2021 00:23:18.469,1.38687,1.3868,0.75,0.94
12.08.2021 00:23:18.571,1.38689,1.38679,0.75,0.94
12.08.2021 00:23:29.191,1.3869,1.3868,1.5,0.94
12.08.2021 00:23:30.501,1.3869,1.38681,0.75,0.75
12.08.2021 00:23:31.279,1.3869,1.3868,0.75,1.12
12.08.2021 00:23:31.482,1.38689,1.3868,0.75,1.5
12.08.2021 00:23:31.585,1.38689,1.38679,0.75,0.75
12.08.2021 00:23:31.686,1.38687,1.38679,0.75,0.75
12.08.2021 00:23:44.506,1.3868600000000002,1.38678,0.75,0.75
12.08.2021 00:23:55.127,1.38688,1.38679,0.75,1.12
12.08.2021 00:23:55.230,1.38689,1.3868,0.75,1.12
12.08.2021 00:23:55.333,1.38689,1.3868200000000002,0.75,0.75
12.08.2021 00:23:58.766,1.3869,1.3868200000000002,0.75,1.12
12.08.2021 00:24:02.398,1.3869,1.38683,0.75,1.12
12.08.2021 00:24:13.492,1.38691,1.38683,0.75,1.12
12.08.2021 00:24:28.146,1.38691,1.38681,0.75,1.69
12.08.2021 00:24:28.247,1.38688,1.38681,0.1,0.75
12.08.2021 00:24:28.351,1.38689,1.38679,0.82,0.75
12.08.2021 00:25:03.473,1.38689,1.38678,0.75,0.94
12.08.2021 00:25:08.839,1.38689,1.38679,0.75,0.75
12.08.2021 00:25:10.148,1.38689,1.3868,0.75,0.75
12.08.2021 00:25:10.250,1.3869,1.38684,0.75,1.12
12.08.2021 00:25:10.351,1.3869200000000002,1.38684,0.75,1.12
12.08.2021 00:25:10.655,1.38693,1.38684,0.75,1.12
12.08.2021 00:25:10.757,1.3869200000000002,1.38684,0.75,1.12
12.08.2021 00:25:10.979,1.38691,1.3868600000000002,0.75,0.75
12.08.2021 00:25:11.080,1.38693,1.3868500000000001,0.75,1.12
12.08.2021 00:25:12.921,1.38693,1.38684,0.75,1.12
12.08.2021 00:25:15.256,1.3869200000000002,1.3868600000000002,0.75,1.12
12.08.2021 00:25:15.359,1.38694,1.3868500000000001,0.75,1.12
12.08.2021 00:25:15.893,1.38694,1.3868600000000002,0.75,0.75
12.08.2021 00:25:16.096,1.38694,1.3868500000000001,0.75,1.12
12.08.2021 00:25:16.197,1.38693,1.38687,0.75,1.12
12.08.2021 00:25:17.390,1.38693,1.3868600000000002,0.75,1.87
12.08.2021 00:25:17.544,1.38694,1.3868600000000002,0.75,1.12
12.08.2021 00:25:17.697,1.38694,1.3868500000000001,0.75,1.87
12.08.2021 00:25:17.800,1.38694,1.3868600000000002,0.75,1.12
12.08.2021 00:25:21.717,1.3869600000000002,1.38691,0.75,1.12
12.08.2021 00:25:21.768,1.38699,1.38693,0.37,1.12
12.08.2021 00:25:21.870,1.387,1.3869500000000001,0.75,1.12
12.08.2021 00:25:21.972,1.38701,1.3869500000000001,0.75,1.12
12.08.2021 00:25:22.175,1.3870200000000001,1.38693,1.5,0.97
12.08.2021 00:25:22.276,1.38701,1.38693,1.69,1.35
12.08.2021 00:25:24.831,1.387,1.3869200000000002,0.75,1.35
12.08.2021 00:25:26.374,1.38693,1.38688,1.5,0.94
12.08.2021 00:25:26.425,1.38691,1.3868500000000001,1.87,8.25
12.08.2021 00:25:26.527,1.38689,1.3868500000000001,0.75,7.5
12.08.2021 00:25:26.629,1.38688,1.3868,0.75,0.94
12.08.2021 00:25:44.005,1.38687,1.38677,0.75,0.94
12.08.2021 00:25:46.058,1.38683,1.38673,1.12,4.69
12.08.2021 00:25:46.160,1.38679,1.3867200000000002,0.75,0.75
12.08.2021 00:25:46.261,1.38679,1.38671,0.75,0.75
12.08.2021 00:25:48.209,1.38679,1.3867200000000002,0.75,0.75
12.08.2021 00:25:51.502,1.38679,1.38673,0.75,0.75
12.08.2021 00:25:57.539,1.3868,1.38673,0.75,0.75
12.08.2021 00:26:02.287,1.3868,1.3867200000000002,0.75,2.25
12.08.2021 00:26:14.695,1.3868,1.38674,0.75,0.75
12.08.2021 00:26:14.797,1.38683,1.3867500000000001,0.75,0.37
12.08.2021 00:26:14.848,1.3868600000000002,1.38681,0.45,0.75
12.08.2021 00:26:14.950,1.3869,1.3868200000000002,1.5,1.12
12.08.2021 00:26:35.247,1.38689,1.3868200000000002,0.75,1.5
12.08.2021 00:26:39.544,1.38689,1.38683,0.75,0.75
12.08.2021 00:26:41.450,1.38689,1.3868200000000002,0.75,1.5
12.08.2021 00:26:57.189,1.3869,1.3868,1.57,0.75
12.08.2021 00:26:59.418,1.3869,1.38681,0.82,0.75
12.08.2021 00:27:30.277,1.3869,1.3868,0.75,1.69
12.08.2021 00:27:58.940,1.38689,1.3868,1.5,2.7
12.08.2021 00:28:04.957,1.38684,1.38676,1.5,0.37
12.08.2021 00:28:05.059,1.38679,1.38673,0.75,7.87
12.08.2021 00:28:07.588,1.3868,1.38671,1.5,0.37
12.08.2021 00:28:07.689,1.3868,1.3867,1.5,1.12
12.08.2021 00:28:12.154,1.38679,1.3867200000000002,0.75,0.94
12.08.2021 00:28:14.916,1.3868,1.3867,0.75,1.12
12.08.2021 00:28:15.723,1.3868,1.38671,0.75,0.37
12.08.2021 00:28:28.814,1.3868,1.3867200000000002,0.82,1.12
12.08.2021 00:28:44.196,1.3868,1.38671,0.75,1.12
12.08.2021 00:28:55.309,1.38681,1.38671,0.82,1.87
12.08.2021 00:28:58.777,1.38679,1.3867200000000002,0.75,0.37
12.08.2021 00:28:59.005,1.38679,1.38671,0.75,0.37
12.08.2021 00:29:19.186,1.3868200000000002,1.38671,0.82,0.75
12.08.2021 00:29:41.876,1.3868,1.3867200000000002,0.75,0.75
12.08.2021 00:29:42.029,1.3868,1.38671,0.82,2.25
12.08.2021 00:29:42.131,1.38679,1.38671,0.75,0.75
12.08.2021 00:29:42.233,1.38678,1.3867,0.82,1.5
12.08.2021 00:29:42.436,1.38678,1.38667,0.75,2.51
12.08.2021 00:29:48.515,1.38677,1.38667,0.75,0.75
12.08.2021 00:29:50.402,1.38678,1.38671,0.75,1.12
12.08.2021 00:29:50.504,1.3868,1.3867200000000002,0.75,1.31
12.08.2021 00:29:50.605,1.3868,1.38673,0.75,1.31
12.08.2021 00:30:01.826,1.38679,1.38673,0.75,0.19
12.08.2021 00:30:13.688,1.3868,1.38673,0.75,0.19
12.08.2021 00:30:18.363,1.3868,1.38671,0.75,0.37
12.08.2021 00:30:18.464,1.38678,1.3867,0.75,1.01
12.08.2021 00:30:18.617,1.38679,1.38668,0.82,1.69
12.08.2021 00:30:18.729,1.38677,1.38669,0.75,0.19
12.08.2021 00:30:27.784,1.38677,1.38671,0.75,1.12
12.08.2021 00:30:27.886,1.38678,1.38671,0.75,1.12
12.08.2021 00:30:33.726,1.38679,1.38671,0.75,1.87
12.08.2021 00:30:43.498,1.38679,1.3867200000000002,0.75,0.37
12.08.2021 00:30:43.651,1.38681,1.38671,0.75,1.12
12.08.2021 00:30:49.740,1.3868,1.38673,0.75,0.75
12.08.2021 00:30:49.992,1.38681,1.38671,0.75,1.87
12.08.2021 00:30:51.323,1.3868,1.38673,0.75,0.75
12.08.2021 00:30:55.662,1.38681,1.38671,0.75,1.12
12.08.2021 00:30:57.378,1.38681,1.38673,0.82,0.75
12.08.2021 00:30:57.480,1.38681,1.3867200000000002,0.82,1.87
12.08.2021 00:31:01.531,1.38681,1.38673,0.82,1.12
12.08.2021 00:31:01.633,1.3868200000000002,1.38673,0.75,0.75
12.08.2021 00:31:04.618,1.3868200000000002,1.38674,0.75,1.87
12.08.2021 00:31:04.721,1.38683,1.3867200000000002,0.82,1.87
12.08.2021 00:31:04.823,1.3868200000000002,1.38671,0.82,1.87
12.08.2021 00:31:04.925,1.3868,1.3867200000000002,0.75,1.87
12.08.2021 00:31:16.244,1.3868,1.38673,0.75,0.75
12.08.2021 00:31:20.811,1.38681,1.38673,0.75,0.75
12.08.2021 00:31:21.081,1.38681,1.38674,0.75,0.75
12.08.2021 00:31:21.183,1.38684,1.38677,0.75,0.19
12.08.2021 00:31:21.437,1.38684,1.38678,0.75,0.75
12.08.2021 00:31:22.567,1.38684,1.38677,0.75,1.69
12.08.2021 00:31:22.990,1.3868600000000002,1.3867500000000001,2.7,0.75
12.08.2021 00:31:23.091,1.3868500000000001,1.3867500000000001,1.2,0.75
12.08.2021 00:31:23.193,1.38684,1.38674,0.1,0.75
12.08.2021 00:31:30.615,1.38683,1.38674,0.82,1.87
12.08.2021 00:31:34.478,1.38683,1.3867500000000001,0.82,0.75
12.08.2021 00:31:50.198,1.38684,1.3867500000000001,1.2,0.75
12.08.2021 00:32:00.199,1.3868200000000002,1.38674,0.82,0.19
12.08.2021 00:32:00.301,1.38681,1.3867200000000002,0.75,0.19
12.08.2021 00:32:01.090,1.3868,1.3867200000000002,0.82,0.94
12.08.2021 00:32:01.192,1.38681,1.38674,0.82,0.94
12.08.2021 00:32:01.243,1.38683,1.3867500000000001,0.82,0.94
12.08.2021 00:32:01.954,1.38683,1.38677,0.75,0.19
12.08.2021 00:32:02.056,1.3868500000000001,1.38676,0.82,0.19
12.08.2021 00:32:23.207,1.3868500000000001,1.38677,0.82,0.19
12.08.2021 00:32:48.197,1.38687,1.3868,1.12,0.75
12.08.2021 00:32:48.961,1.38684,1.3867500000000001,0.75,0.94
12.08.2021 00:32:49.063,1.3868200000000002,1.3867500000000001,0.75,0.19
12.08.2021 00:32:49.215,1.38684,1.38674,0.82,0.19
12.08.2021 00:32:49.953,1.3868200000000002,1.3867500000000001,0.75,0.19
12.08.2021 00:32:50.056,1.3868200000000002,1.38674,0.82,0.19
12.08.2021 00:32:50.159,1.38681,1.38673,0.82,0.19
12.08.2021 00:32:58.291,1.38684,1.3867500000000001,0.82,0.19
12.08.2021 00:32:58.392,1.38684,1.38677,0.82,0.19
12.08.2021 00:33:03.255,1.38684,1.38678,0.75,0.19
12.08.2021 00:33:03.357,1.3868500000000001,1.38678,0.75,0.19
12.08.2021 00:33:06.388,1.38687,1.38677,0.75,0.19
12.08.2021 00:33:11.701,1.38688,1.38677,0.75,0.94
12.08.2021 00:33:13.337,1.38687,1.38679,0.75,0.75
12.08.2021 00:33:13.441,1.38689,1.3868,0.75,1.31
12.08.2021 00:33:13.496,1.38691,1.3868,1.57,2.06
12.08.2021 00:33:13.799,1.38691,1.38681,0.82,0.75
12.08.2021 00:33:13.900,1.3869,1.38683,0.82,1.12
12.08.2021 00:33:15.041,1.38691,1.38683,0.82,1.12
12.08.2021 00:33:15.601,1.38691,1.38684,0.82,1.12
12.08.2021 00:33:15.703,1.38691,1.38683,0.82,1.31
12.08.2021 00:33:15.804,1.38691,1.3868200000000002,0.82,2.06
12.08.2021 00:33:18.439,1.38691,1.38683,0.82,0.19
12.08.2021 00:33:35.246,1.3869,1.38683,0.75,0.19
12.08.2021 00:33:36.163,1.3869,1.38681,0.75,0.94
12.08.2021 00:33:36.264,1.38689,1.38681,0.75,0.94
12.08.2021 00:34:00.566,1.3869,1.38681,0.75,0.19
12.08.2021 00:34:04.406,1.38691,1.38681,0.82,0.19
12.08.2021 00:34:13.995,1.3869,1.38683,0.82,0.19
12.08.2021 00:34:24.179,1.38691,1.38681,0.75,2.06
12.08.2021 00:34:31.152,1.3869,1.38681,0.75,0.94
12.08.2021 00:34:32.128,1.38689,1.38681,0.1,0.94
12.08.2021 00:34:33.021,1.38688,1.38681,0.1,0.75
12.08.2021 00:34:33.174,1.38689,1.38679,0.1,0.75
12.08.2021 00:34:43.454,1.38689,1.38678,0.82,2.44
12.08.2021 00:34:44.387,1.38688,1.3868,0.82,0.37
12.08.2021 00:34:44.488,1.3869,1.38681,0.82,0.19
12.08.2021 00:34:50.196,1.3869,1.3868200000000002,0.82,0.19
12.08.2021 00:35:02.389,1.3869,1.38681,0.82,0.75
12.08.2021 00:35:02.491,1.38689,1.38678,0.82,1.87
12.08.2021 00:35:02.593,1.38688,1.38677,0.82,1.5
12.08.2021 00:35:06.609,1.3868600000000002,1.38677,0.75,1.12
12.08.2021 00:35:11.471,1.3868600000000002,1.3867500000000001,0.75,1.87
12.08.2021 00:35:19.427,1.38687,1.38676,0.75,2.25
12.08.2021 00:35:19.529,1.38687,1.3868,0.75,0.19
12.08.2021 00:35:19.630,1.38688,1.3868,0.75,0.19
12.08.2021 00:35:33.328,1.38688,1.38679,0.75,1.69
12.08.2021 00:35:38.595,1.38689,1.38679,0.75,0.19
12.08.2021 00:35:38.855,1.38688,1.38681,0.75,0.19
12.08.2021 00:35:39.885,1.3869,1.3868,0.75,1.31
12.08.2021 00:35:45.299,1.38689,1.38679,0.75,0.1
12.08.2021 00:35:47.185,1.38687,1.38678,0.75,1.69
12.08.2021 00:35:52.102,1.38687,1.38677,0.75,0.19
12.08.2021 00:35:55.869,1.3868500000000001,1.38678,0.75,0.19
12.08.2021 00:35:59.808,1.3868600000000002,1.38676,1.95,0.94
12.08.2021 00:35:59.859,1.38679,1.3867200000000002,0.75,0.19
12.08.2021 00:35:59.961,1.38678,1.3867200000000002,0.75,0.19
12.08.2021 00:36:00.573,1.38679,1.3867,0.75,0.19
12.08.2021 00:36:00.675,1.38678,1.3867200000000002,0.75,0.19
12.08.2021 00:36:00.981,1.38679,1.3867,0.75,0.19
12.08.2021 00:36:06.616,1.38678,1.3867200000000002,0.75,0.19
12.08.2021 00:36:10.902,1.38679,1.3867,0.75,0.19
12.08.2021 00:36:13.884,1.38678,1.3867200000000002,0.75,0.19
12.08.2021 00:36:14.086,1.3868,1.38671,0.75,0.19
12.08.2021 00:36:33.178,1.38679,1.38671,0.75,0.19
12.08.2021 00:36:38.681,1.38679,1.3867200000000002,0.75,0.19
12.08.2021 00:37:08.298,1.38678,1.38671,0.75,0.19
12.08.2021 00:37:11.928,1.38678,1.3867,0.75,0.94
12.08.2021 00:37:20.373,1.38678,1.38671,0.75,0.94
12.08.2021 00:37:40.149,1.38679,1.38669,0.75,0.94
12.08.2021 00:37:52.126,1.38678,1.38671,0.75,0.19
12.08.2021 00:38:01.903,1.38678,1.3867,0.75,0.94
12.08.2021 00:38:14.316,1.38678,1.38669,0.75,1.69
12.08.2021 00:38:14.419,1.38677,1.38669,0.75,1.69
12.08.2021 00:38:17.053,1.38678,1.38669,0.75,0.75
12.08.2021 00:38:17.155,1.38681,1.38676,0.75,0.75
12.08.2021 00:38:17.206,1.3868,1.38674,0.75,2.44
12.08.2021 00:38:17.257,1.3868200000000002,1.3867500000000001,0.75,0.75
12.08.2021 00:38:17.359,1.38683,1.38678,0.75,0.75
12.08.2021 00:38:17.461,1.3868600000000002,1.38679,0.75,0.75
12.08.2021 00:38:17.562,1.3868600000000002,1.3868,0.75,0.75
12.08.2021 00:38:17.664,1.38687,1.3868,0.75,0.75
12.08.2021 00:38:25.260,1.3868600000000002,1.3868,0.75,0.75
12.08.2021 00:39:06.193,1.3868600000000002,1.38681,0.75,0.94
12.08.2021 00:39:06.245,1.38688,1.3868200000000002,0.75,1.31
12.08.2021 00:39:06.346,1.38689,1.3868200000000002,0.75,1.31
12.08.2021 00:39:14.413,1.38689,1.38683,0.75,1.12
12.08.2021 00:39:17.600,1.38689,1.3868200000000002,0.75,1.31
12.08.2021 00:39:20.564,1.3869,1.38683,0.75,0.75
12.08.2021 00:39:20.666,1.38691,1.38683,0.75,1.12
12.08.2021 00:39:39.104,1.38691,1.3868200000000002,0.75,0.19
12.08.2021 00:39:39.206,1.38689,1.38679,0.75,1.12
12.08.2021 00:39:40.248,1.38687,1.3868,0.75,1.87
12.08.2021 00:39:40.349,1.38688,1.3868,0.75,1.12
12.08.2021 00:39:52.410,1.3868600000000002,1.38679,0.75,0.37
12.08.2021 00:40:04.144,1.38688,1.38679,0.75,0.94
12.08.2021 00:40:07.770,1.3868500000000001,1.38679,0.75,0.37
12.08.2021 00:40:08.795,1.38684,1.38679,0.75,0.37
12.08.2021 00:40:09.177,1.38683,1.3867500000000001,0.75,0.37
12.08.2021 00:40:09.228,1.38681,1.38673,0.75,1.81
12.08.2021 00:40:09.480,1.3868,1.3867200000000002,0.75,0.19
12.08.2021 00:40:10.901,1.38679,1.3867200000000002,0.75,0.19
12.08.2021 00:40:11.401,1.38679,1.38671,0.75,0.94
12.08.2021 00:40:20.865,1.38679,1.3867,0.75,0.19
12.08.2021 00:40:50.855,1.38678,1.3867,0.75,0.94
12.08.2021 00:41:13.039,1.38678,1.38669,0.75,1.69
12.08.2021 00:41:13.140,1.38677,1.38669,0.75,0.94
12.08.2021 00:41:26.349,1.38679,1.38669,0.75,0.19
12.08.2021 00:41:47.605,1.38677,1.38668,0.75,0.37
12.08.2021 00:41:47.707,1.38678,1.3867200000000002,1.12,0.19
12.08.2021 00:41:47.859,1.38679,1.3867200000000002,0.75,0.19
12.08.2021 00:41:54.807,1.38679,1.38673,0.75,1.31
12.08.2021 00:41:54.909,1.38681,1.3867200000000002,0.75,1.31
12.08.2021 00:41:55.061,1.38681,1.38673,0.75,0.19
12.08.2021 00:41:55.325,1.3868200000000002,1.38673,0.75,0.19
12.08.2021 00:41:56.203,1.38681,1.38673,0.82,0.19
12.08.2021 00:41:56.305,1.3868,1.38673,0.75,0.19
12.08.2021 00:41:57.843,1.38681,1.38673,0.75,0.19
12.08.2021 00:41:57.945,1.3868,1.3867200000000002,0.75,0.19
12.08.2021 00:42:02.196,1.38681,1.3867200000000002,0.75,0.19
12.08.2021 00:42:03.446,1.3868,1.3867200000000002,0.75,0.19
12.08.2021 00:42:03.598,1.3868,1.38671,0.75,0.19
12.08.2021 00:42:06.548,1.38679,1.3867,0.75,0.19
12.08.2021 00:42:32.131,1.38678,1.3867,0.75,0.19
12.08.2021 00:42:32.941,1.38673,1.38663,0.75,0.19
12.08.2021 00:42:33.044,1.38668,1.3866200000000002,1.12,0.19
12.08.2021 00:42:33.248,1.38668,1.38659,1.12,1.12
12.08.2021 00:42:33.349,1.38667,1.38659,0.75,1.12
12.08.2021 00:42:33.910,1.38667,1.3866,0.75,0.75
12.08.2021 00:42:34.606,1.38668,1.38663,0.75,0.75
12.08.2021 00:42:34.758,1.3867,1.38663,0.75,0.94
12.08.2021 00:42:34.961,1.3867,1.38664,0.75,0.75
12.08.2021 00:42:44.230,1.38671,1.38664,0.75,0.94
12.08.2021 00:42:59.423,1.38671,1.38663,0.82,0.19
12.08.2021 00:42:59.531,1.38671,1.3866200000000002,0.75,0.19
12.08.2021 00:43:02.140,1.3867,1.38664,0.75,0.94
12.08.2021 00:43:03.221,1.38671,1.38664,0.82,0.94
12.08.2021 00:43:07.951,1.3867200000000002,1.38664,0.1,0.75
12.08.2021 00:43:10.229,1.38671,1.38663,0.82,1.69
12.08.2021 00:43:10.583,1.38671,1.38664,0.82,0.75
12.08.2021 00:43:13.257,1.3867200000000002,1.3866200000000002,0.82,0.94
12.08.2021 00:43:14.069,1.3867,1.3866200000000002,0.75,0.94
12.08.2021 00:43:18.193,1.3867,1.38663,0.75,0.75
12.08.2021 00:43:20.021,1.38671,1.38663,0.82,0.94
12.08.2021 00:43:20.122,1.3867200000000002,1.38663,0.82,0.75
12.08.2021 00:43:20.224,1.3867,1.38663,0.75,0.19
12.08.2021 00:43:20.325,1.3867,1.3866200000000002,0.75,0.94
12.08.2021 00:43:20.477,1.38669,1.3866200000000002,0.75,0.94
12.08.2021 00:43:29.095,1.38671,1.3866100000000001,0.75,0.94
12.08.2021 00:43:32.150,1.3867,1.3866100000000001,0.75,0.94
12.08.2021 00:43:32.252,1.3867,1.3866,0.75,0.94
12.08.2021 00:43:36.045,1.38669,1.3866,0.75,0.19
12.08.2021 00:43:36.197,1.38669,1.38659,0.75,0.19
12.08.2021 00:43:36.299,1.38668,1.38659,0.75,0.19
12.08.2021 00:43:38.514,1.38668,1.38658,0.75,0.94
12.08.2021 00:43:38.982,1.38666,1.38659,0.75,0.94
12.08.2021 00:43:39.134,1.38668,1.3866,0.75,1.12
12.08.2021 00:43:49.950,1.38668,1.3866200000000002,0.75,0.19
12.08.2021 00:43:59.757,1.38669,1.3866200000000002,0.75,1.31
12.08.2021 00:43:59.858,1.3867,1.38663,0.75,1.31
12.08.2021 00:43:59.960,1.38674,1.38669,0.37,1.31
12.08.2021 00:44:00.061,1.38676,1.3867,0.75,0.19
12.08.2021 00:44:00.264,1.38679,1.38669,0.82,0.19
12.08.2021 00:44:02.887,1.38678,1.38671,0.82,0.19
12.08.2021 00:44:07.414,1.38679,1.38671,0.75,0.94
12.08.2021 00:44:12.223,1.38678,1.38671,0.75,0.94
12.08.2021 00:44:34.279,1.38679,1.38669,0.75,0.19
12.08.2021 00:44:34.330,1.3867,1.38664,0.75,0.37
12.08.2021 00:44:34.432,1.3867,1.3866100000000001,0.75,7.5
12.08.2021 00:44:34.584,1.3867,1.3866,1.12,1.87
12.08.2021 00:44:36.638,1.3867,1.3866100000000001,0.75,0.19
12.08.2021 00:44:43.187,1.3867,1.3866200000000002,0.75,1.87
12.08.2021 00:44:49.519,1.38671,1.3866,0.75,1.95
12.08.2021 00:44:51.337,1.38669,1.3866,0.75,1.95
12.08.2021 00:44:58.423,1.38673,1.38667,0.37,0.94
12.08.2021 00:44:58.474,1.38677,1.38668,7.46,0.94
12.08.2021 00:44:58.576,1.38679,1.38669,0.75,0.19
12.08.2021 00:44:58.679,1.38679,1.3867,0.75,1.12
12.08.2021 00:45:00.261,1.38677,1.38671,0.75,0.37
12.08.2021 00:45:00.618,1.38677,1.3867,0.75,0.37
12.08.2021 00:45:15.322,1.38677,1.38671,0.75,1.5
12.08.2021 00:45:15.475,1.38679,1.3867,0.75,1.5
12.08.2021 00:45:17.558,1.38679,1.38671,0.75,0.75
12.08.2021 00:45:21.683,1.38679,1.3867200000000002,0.75,1.12
12.08.2021 00:45:30.059,1.3868200000000002,1.38674,0.75,0.19
12.08.2021 00:45:30.162,1.3868,1.38674,0.75,0.19
12.08.2021 00:45:30.265,1.3868200000000002,1.3867500000000001,0.75,1.69
12.08.2021 00:45:30.366,1.38681,1.38677,0.75,1.31
12.08.2021 00:45:30.469,1.3868200000000002,1.3867500000000001,0.75,1.31
12.08.2021 00:45:30.677,1.38681,1.3867500000000001,0.75,1.31
12.08.2021 00:45:30.779,1.3868,1.38676,0.75,0.19
12.08.2021 00:45:33.071,1.38683,1.38677,0.75,1.31
12.08.2021 00:45:33.173,1.3868500000000001,1.38679,0.75,1.12
12.08.2021 00:45:33.225,1.3868600000000002,1.3868,0.75,1.31
12.08.2021 00:45:33.276,1.38687,1.3868200000000002,0.75,0.75
12.08.2021 00:45:33.377,1.38688,1.38679,0.75,1.31
12.08.2021 00:45:34.820,1.3868600000000002,1.38679,0.75,0.19
12.08.2021 00:45:35.023,1.3868500000000001,1.38679,0.75,0.19
12.08.2021 00:45:36.225,1.3868500000000001,1.38678,0.75,0.19
12.08.2021 00:45:37.897,1.3868500000000001,1.38677,0.75,1.5
12.08.2021 00:45:38.049,1.38684,1.38676,0.75,1.87
12.08.2021 00:45:38.154,1.3868500000000001,1.38676,0.75,2.25
12.08.2021 00:45:38.256,1.38684,1.38676,0.75,2.25
12.08.2021 00:45:38.357,1.3868500000000001,1.38676,0.75,1.12
12.08.2021 00:45:38.458,1.3868600000000002,1.38677,0.75,1.12
12.08.2021 00:45:38.611,1.38688,1.38678,0.75,0.75
12.08.2021 00:45:38.712,1.38684,1.38678,0.75,0.19
12.08.2021 00:45:49.654,1.38683,1.38674,0.75,0.75
12.08.2021 00:45:49.857,1.3868200000000002,1.38674,0.75,0.75
12.08.2021 00:45:59.618,1.3868200000000002,1.38673,0.75,0.75
12.08.2021 00:46:01.868,1.38681,1.38673,0.75,0.75
12.08.2021 00:46:04.726,1.3868,1.3867200000000002,0.75,1.5
12.08.2021 00:46:04.828,1.38679,1.38671,0.75,1.5
12.08.2021 00:46:04.929,1.38679,1.3867,0.75,0.75
12.08.2021 00:46:11.838,1.38677,1.38671,0.75,0.37
12.08.2021 00:46:11.889,1.38677,1.38674,0.75,0.19
12.08.2021 00:46:11.940,1.38681,1.38674,0.75,1.12
12.08.2021 00:46:12.092,1.38681,1.3867200000000002,0.75,1.12
12.08.2021 00:46:12.953,1.3868,1.3867200000000002,0.75,1.87
12.08.2021 00:46:13.054,1.38679,1.3867200000000002,0.75,1.12
12.08.2021 00:46:14.804,1.3868,1.3867,1.12,1.12
12.08.2021 00:46:14.905,1.38678,1.38671,0.37,1.12
12.08.2021 00:46:15.806,1.3868,1.38676,0.1,1.5
12.08.2021 00:46:15.908,1.38681,1.38676,0.75,1.5
12.08.2021 00:46:16.677,1.38681,1.3867500000000001,0.75,1.5
12.08.2021 00:46:16.829,1.3868500000000001,1.38681,1.87,0.19
12.08.2021 00:46:16.931,1.38689,1.38683,0.75,0.75
12.08.2021 00:46:17.133,1.38691,1.3868200000000002,0.75,0.75
12.08.2021 00:46:17.386,1.38691,1.38681,0.75,1.87
12.08.2021 00:46:17.591,1.38691,1.3868200000000002,0.75,0.75
12.08.2021 00:46:23.519,1.3869,1.3868200000000002,0.75,1.87
12.08.2021 00:46:29.081,1.38689,1.3868200000000002,0.75,1.87
12.08.2021 00:46:35.792,1.38688,1.3868200000000002,0.75,1.12
12.08.2021 00:46:37.811,1.38688,1.38681,0.75,1.87
12.08.2021 00:46:43.531,1.38689,1.38681,0.75,0.75
12.08.2021 00:46:43.632,1.38689,1.3868200000000002,0.75,0.75
12.08.2021 00:46:47.340,1.38689,1.38681,0.75,0.75
12.08.2021 00:46:49.182,1.3869,1.38681,0.75,1.5
12.08.2021 00:46:52.957,1.3869,1.3868,0.75,1.87
12.08.2021 00:46:54.666,1.38684,1.3868,2.62,0.94
12.08.2021 00:46:54.717,1.38681,1.3867500000000001,0.75,1.95
12.08.2021 00:46:54.768,1.38679,1.38673,0.75,1.62
12.08.2021 00:46:54.870,1.38678,1.3867200000000002,0.75,0.37
12.08.2021 00:46:54.971,1.38678,1.38671,0.75,0.37
12.08.2021 00:46:55.771,1.38679,1.38671,0.37,1.12
12.08.2021 00:46:56.666,1.38679,1.3867200000000002,0.75,1.12
12.08.2021 00:46:57.806,1.38679,1.38671,0.75,1.87
12.08.2021 00:46:59.553,1.38679,1.3867200000000002,1.12,0.75
12.08.2021 00:47:02.228,1.3868200000000002,1.38676,0.1,0.75
12.08.2021 00:47:02.330,1.38688,1.3868200000000002,0.1,0.19
12.08.2021 00:47:02.381,1.38689,1.38684,8.25,0.75
12.08.2021 00:47:02.968,1.3869,1.3868200000000002,0.75,1.12
12.08.2021 00:47:04.646,1.38689,1.3868200000000002,0.75,1.12
12.08.2021 00:47:09.593,1.38688,1.38681,0.75,0.37
12.08.2021 00:47:11.420,1.38681,1.38674,0.75,1.69
12.08.2021 00:47:11.471,1.3868,1.38671,1.12,8.81
12.08.2021 00:47:11.635,1.38678,1.3867200000000002,0.75,0.37
12.08.2021 00:47:11.739,1.38678,1.38671,0.75,1.12
12.08.2021 00:47:12.901,1.38678,1.3867,1.12,1.69
12.08.2021 00:47:13.302,1.38673,1.38666,0.75,0.75
12.08.2021 00:47:13.354,1.3867200000000002,1.38664,0.75,1.87
12.08.2021 00:47:13.456,1.3867200000000002,1.3866200000000002,0.75,1.87
12.08.2021 00:47:13.557,1.38671,1.3866200000000002,0.75,1.87
12.08.2021 00:47:15.027,1.3867500000000001,1.3867,0.75,0.37
12.08.2021 00:47:15.129,1.38676,1.38669,0.75,1.12
12.08.2021 00:47:19.484,1.38678,1.38668,0.75,1.87
12.08.2021 00:47:23.639,1.38677,1.3867,0.75,0.75
12.08.2021 00:47:30.751,1.38677,1.38669,0.75,1.5
12.08.2021 00:47:35.114,1.38677,1.3867,0.75,0.75
12.08.2021 00:47:35.215,1.38679,1.38673,0.75,1.12
12.08.2021 00:47:42.425,1.38679,1.3867200000000002,0.75,1.5
12.08.2021 00:47:42.528,1.38679,1.38671,0.75,0.75
12.08.2021 00:47:42.630,1.38678,1.3867,0.75,2.25
12.08.2021 00:47:42.782,1.38679,1.3867,0.75,1.5
12.08.2021 00:47:42.884,1.3867200000000002,1.38666,0.75,3.31
12.08.2021 00:47:42.985,1.3867,1.3866500000000002,0.75,0.75
12.08.2021 00:47:43.087,1.38671,1.38663,0.75,0.75
12.08.2021 00:47:43.189,1.38671,1.3866100000000001,0.75,1.12
12.08.2021 00:47:43.290,1.3867,1.38663,0.75,0.75
12.08.2021 00:47:48.312,1.3867,1.3866200000000002,0.75,1.87
12.08.2021 00:47:50.174,1.3867,1.3866,0.75,1.87
12.08.2021 00:47:50.276,1.38669,1.3866,0.75,1.87
12.08.2021 00:47:50.377,1.38668,1.3866200000000002,0.75,0.75
12.08.2021 00:47:50.479,1.38669,1.3866,0.75,1.5
12.08.2021 00:48:00.198,1.3866500000000002,1.3866,0.75,1.12
12.08.2021 00:48:00.300,1.38666,1.38658,0.75,1.12
12.08.2021 00:48:00.553,1.38666,1.38659,0.75,1.12
12.08.2021 00:48:01.293,1.38666,1.3866,0.75,0.75
12.08.2021 00:48:06.521,1.38667,1.3866,0.75,0.75
12.08.2021 00:48:06.724,1.38669,1.38663,0.94,0.75
12.08.2021 00:48:06.775,1.38671,1.38663,0.82,0.75
12.08.2021 00:48:06.877,1.38671,1.3866500000000002,0.75,0.75
12.08.2021 00:48:06.978,1.3867,1.3866500000000002,0.75,0.75
12.08.2021 00:48:07.080,1.3867,1.38664,0.75,0.75
12.08.2021 00:48:09.163,1.3867,1.38663,0.75,0.75
12.08.2021 00:48:11.067,1.38671,1.38663,0.75,0.75
12.08.2021 00:48:11.320,1.38671,1.3866200000000002,0.75,0.75
12.08.2021 00:48:11.422,1.38669,1.38663,0.75,0.75
12.08.2021 00:48:12.604,1.38669,1.38664,0.75,0.75
12.08.2021 00:48:12.806,1.3867,1.3866200000000002,0.75,0.75
12.08.2021 00:48:17.347,1.3867,1.38663,0.75,0.75
12.08.2021 00:48:18.730,1.38669,1.38663,0.75,1.5
12.08.2021 00:48:24.109,1.38671,1.3866200000000002,0.75,0.75
12.08.2021 00:48:32.669,1.38668,1.3866200000000002,0.19,1.5
12.08.2021 00:48:32.771,1.3867,1.38663,1.2,0.75
12.08.2021 00:48:34.960,1.38671,1.38663,0.75,0.75
12.08.2021 00:48:35.061,1.3867200000000002,1.38664,0.82,0.75
12.08.2021 00:48:35.271,1.3867200000000002,1.3866500000000002,0.82,0.75
12.08.2021 00:48:35.397,1.3867200000000002,1.38664,0.82,1.5
12.08.2021 00:48:38.373,1.3867200000000002,1.38666,1.95,0.75
12.08.2021 00:48:38.475,1.3867200000000002,1.3866500000000002,1.2,0.75
12.08.2021 00:48:38.891,1.38673,1.3866500000000002,1.2,0.75
12.08.2021 00:48:39.094,1.38673,1.38664,0.82,0.75
12.08.2021 00:48:40.351,1.3867200000000002,1.38666,0.82,0.75
12.08.2021 00:48:41.236,1.3867200000000002,1.3866500000000002,0.82,1.5
12.08.2021 00:48:41.465,1.38673,1.38666,1.57,1.5
12.08.2021 00:48:41.672,1.38673,1.38667,1.57,0.75
12.08.2021 00:48:41.773,1.38674,1.3866500000000002,1.2,0.75
12.08.2021 00:48:41.875,1.3867200000000002,1.38666,0.1,0.75
12.08.2021 00:48:42.179,1.38674,1.3866500000000002,1.57,1.69
12.08.2021 00:48:42.381,1.38674,1.38668,0.75,0.75
12.08.2021 00:48:42.731,1.38677,1.38671,0.37,1.5
12.08.2021 00:48:42.833,1.3868,1.38673,2.32,0.75
12.08.2021 00:48:42.934,1.3868,1.38674,1.57,0.75
12.08.2021 00:48:48.158,1.3868,1.3867500000000001,0.75,0.75
12.08.2021 00:48:50.035,1.3868,1.38674,0.75,0.75
12.08.2021 00:48:53.088,1.38681,1.38674,0.75,0.75
12.08.2021 00:48:53.285,1.3868,1.38674,0.75,0.75
12.08.2021 00:48:53.386,1.3868,1.3867500000000001,0.75,0.75
12.08.2021 00:48:53.759,1.38681,1.38673,0.75,1.5
12.08.2021 00:48:53.863,1.3868,1.3867500000000001,0.75,0.75
12.08.2021 00:48:54.339,1.3868,1.38674,0.75,0.75
12.08.2021 00:48:54.450,1.3868,1.3867500000000001,0.75,0.75
12.08.2021 00:48:54.552,1.38681,1.38673,0.75,0.75
12.08.2021 00:49:00.212,1.38681,1.3867200000000002,0.75,0.75
12.08.2021 00:49:03.914,1.3868,1.38674,0.75,0.75
12.08.2021 00:49:13.473,1.38681,1.3867200000000002,0.75,1.5
12.08.2021 00:49:17.196,1.38679,1.38673,0.75,0.75
12.08.2021 00:49:20.093,1.3868,1.38671,0.75,1.5
12.08.2021 00:49:22.457,1.3868,1.3867200000000002,0.75,0.75
12.08.2021 00:49:27.754,1.3868,1.38673,1.12,1.5
12.08.2021 00:49:32.027,1.3868,1.38674,0.75,0.75
12.08.2021 00:49:33.793,1.38681,1.38674,0.75,0.75
12.08.2021 00:49:33.894,1.38681,1.38673,0.75,0.75
12.08.2021 00:49:36.599,1.3868,1.3867500000000001,0.75,0.75
12.08.2021 00:49:46.214,1.38681,1.3867500000000001,0.75,1.12
12.08.2021 00:49:55.933,1.38681,1.38676,0.75,0.75
12.08.2021 00:49:58.344,1.3868200000000002,1.38677,1.5,0.75
12.08.2021 00:49:58.445,1.38684,1.38676,0.75,1.12
12.08.2021 00:49:58.497,1.3868500000000001,1.38681,1.12,1.12
12.08.2021 00:49:58.599,1.38688,1.38681,1.95,1.65
12.08.2021 00:50:04.749,1.38688,1.3868200000000002,0.75,0.75
12.08.2021 00:50:04.901,1.38688,1.38681,0.75,1.65
12.08.2021 00:50:05.104,1.38688,1.3868200000000002,0.75,0.15
12.08.2021 00:50:05.206,1.38684,1.3867500000000001,0.75,1.5
12.08.2021 00:50:05.257,1.38681,1.38676,0.75,0.75
12.08.2021 00:50:05.359,1.38681,1.3867500000000001,0.75,1.5
12.08.2021 00:50:10.308,1.38681,1.38673,0.75,0.75
12.08.2021 00:50:10.777,1.3868,1.38673,0.75,1.5
12.08.2021 00:50:10.885,1.3868,1.3867200000000002,0.75,0.75
12.08.2021 00:50:16.013,1.3868,1.38674,0.75,0.75
12.08.2021 00:50:16.165,1.38681,1.38674,0.75,1.5
12.08.2021 00:50:21.451,1.3868,1.38673,0.75,1.5
12.08.2021 00:50:21.997,1.38681,1.38674,0.75,0.75
12.08.2021 00:50:22.099,1.38681,1.3867500000000001,0.75,0.75
12.08.2021 00:50:26.122,1.3868200000000002,1.38673,0.75,1.5
12.08.2021 00:50:28.432,1.38681,1.38676,0.75,0.75
12.08.2021 00:50:28.534,1.38683,1.38676,0.75,0.75
12.08.2021 00:50:29.404,1.38684,1.38676,0.75,0.75
12.08.2021 00:50:37.422,1.38684,1.38677,1.57,1.5
12.08.2021 00:50:38.147,1.3868600000000002,1.38683,0.37,0.75
12.08.2021 00:50:38.198,1.3869,1.3868200000000002,7.8,1.5
12.08.2021 00:50:38.300,1.3869,1.38683,0.75,1.5
12.08.2021 00:50:38.401,1.38691,1.3868600000000002,0.45,0.75
12.08.2021 00:50:38.503,1.3869200000000002,1.3868600000000002,1.95,0.75
12.08.2021 00:50:42.006,1.38693,1.3868600000000002,1.2,0.75
12.08.2021 00:50:43.391,1.38693,1.3868500000000001,1.12,1.5
12.08.2021 00:50:43.616,1.3869200000000002,1.3868500000000001,1.12,2.25
12.08.2021 00:50:45.796,1.3869200000000002,1.38684,0.75,0.75
12.08.2021 00:50:49.703,1.38691,1.38687,0.75,0.75
12.08.2021 00:50:49.806,1.3869200000000002,1.38687,1.12,0.75
12.08.2021 00:50:49.907,1.38693,1.3868500000000001,1.12,0.75
12.08.2021 00:50:50.059,1.38693,1.38687,0.75,0.75
12.08.2021 00:50:50.161,1.38693,1.38688,0.75,0.75
12.08.2021 00:50:50.547,1.38693,1.38689,0.75,0.75
12.08.2021 00:50:50.749,1.38694,1.38689,2.32,0.75
12.08.2021 00:50:51.352,1.38699,1.3869200000000002,1.87,0.75
12.08.2021 00:50:51.454,1.38701,1.3869600000000002,1.57,0.75
12.08.2021 00:50:54.178,1.3870200000000001,1.38694,1.87,0.75
12.08.2021 00:50:55.416,1.38701,1.38694,1.5,2.25
12.08.2021 00:50:57.831,1.38701,1.38693,0.75,0.75
12.08.2021 00:51:00.101,1.387,1.3869200000000002,0.75,1.5
12.08.2021 00:51:05.172,1.38699,1.3869200000000002,0.82,0.75
12.08.2021 00:51:05.274,1.38697,1.38689,0.94,0.75
12.08.2021 00:51:05.376,1.38693,1.3868600000000002,0.1,0.75
12.08.2021 00:51:05.427,1.38691,1.3868200000000002,0.75,0.75
12.08.2021 00:51:05.680,1.38689,1.38681,0.37,0.75
12.08.2021 00:51:05.933,1.38689,1.3868200000000002,0.75,0.75
12.08.2021 00:51:06.214,1.38689,1.38681,0.37,0.75
12.08.2021 00:51:07.383,1.38689,1.3868,1.12,0.75
12.08.2021 00:51:09.680,1.38689,1.38683,0.75,1.12
12.08.2021 00:51:09.730,1.38691,1.38684,0.82,1.5
12.08.2021 00:51:09.832,1.38693,1.38684,0.75,0.75
12.08.2021 00:51:10.533,1.38694,1.3868500000000001,0.75,0.75
12.08.2021 00:51:13.934,1.38697,1.38691,0.75,0.37
12.08.2021 00:51:13.985,1.38698,1.38693,0.75,1.12
12.08.2021 00:51:14.087,1.387,1.3869200000000002,0.94,1.87
12.08.2021 00:51:15.201,1.387,1.38693,0.75,0.75
12.08.2021 00:51:16.297,1.38701,1.38693,0.75,1.12
12.08.2021 00:51:19.142,1.38699,1.38694,0.75,1.12
12.08.2021 00:51:26.201,1.387,1.3869200000000002,0.75,0.97
12.08.2021 00:51:26.302,1.38699,1.3869200000000002,0.75,0.97
12.08.2021 00:51:34.557,1.38698,1.38694,0.75,0.75
12.08.2021 00:51:34.659,1.38699,1.38694,0.75,0.97
12.08.2021 00:51:40.943,1.38699,1.38693,0.75,0.97
12.08.2021 00:51:41.044,1.38698,1.38693,0.75,0.97
12.08.2021 00:51:43.749,1.38698,1.38694,0.75,0.75
12.08.2021 00:51:43.853,1.38698,1.38693,0.75,0.97
12.08.2021 00:51:44.005,1.38698,1.38694,0.75,0.97
12.08.2021 00:51:46.648,1.38698,1.38693,0.75,0.97
12.08.2021 00:51:51.443,1.38698,1.38694,0.75,0.75
12.08.2021 00:51:51.544,1.38699,1.38694,0.75,0.97
12.08.2021 00:51:55.526,1.38699,1.38693,0.75,0.97
12.08.2021 00:51:55.628,1.38699,1.3869200000000002,0.75,0.97
12.08.2021 00:51:59.823,1.38699,1.3869,0.75,1.5
12.08.2021 00:51:59.925,1.38698,1.38689,0.75,1.5
12.08.2021 00:52:00.127,1.3869600000000002,1.3869200000000002,0.75,1.12
12.08.2021 00:52:00.229,1.38697,1.3869200000000002,0.75,1.12
12.08.2021 00:52:00.382,1.38698,1.38689,0.75,0.75
12.08.2021 00:52:00.484,1.3869600000000002,1.38689,0.75,1.87
12.08.2021 00:52:02.510,1.3869200000000002,1.3868500000000001,0.75,1.12
12.08.2021 00:52:02.611,1.3869,1.38683,0.75,0.75
12.08.2021 00:52:08.196,1.3869,1.38681,0.75,0.94
12.08.2021 00:52:11.385,1.38688,1.38681,0.75,1.01
12.08.2021 00:52:23.486,1.38688,1.38684,0.75,1.12
12.08.2021 00:52:23.537,1.38691,1.3868500000000001,0.75,0.75
12.08.2021 00:52:23.638,1.38693,1.38684,0.75,1.5
12.08.2021 00:52:25.953,1.38693,1.3868500000000001,0.75,1.5
12.08.2021 00:52:26.617,1.38697,1.38691,1.12,1.12
12.08.2021 00:52:26.719,1.38698,1.38691,0.75,1.12
12.08.2021 00:52:26.821,1.38699,1.38691,0.75,1.12
12.08.2021 00:52:28.531,1.38699,1.3869,0.75,1.87
12.08.2021 00:52:30.511,1.38698,1.3869,0.75,0.75
12.08.2021 00:52:30.816,1.38699,1.38691,0.75,1.12
12.08.2021 00:52:30.917,1.387,1.38691,0.75,1.12
12.08.2021 00:52:33.156,1.38699,1.38691,0.75,1.5
12.08.2021 00:52:33.258,1.38698,1.38691,0.75,1.5
12.08.2021 00:52:45.040,1.38698,1.3869200000000002,0.75,0.75
12.08.2021 00:52:45.141,1.38699,1.3869200000000002,0.75,1.5
12.08.2021 00:52:47.673,1.38698,1.38691,0.75,1.5
12.08.2021 00:53:00.084,1.38693,1.38684,0.75,2.89
12.08.2021 00:53:00.186,1.38691,1.3868200000000002,0.75,9
12.08.2021 00:53:03.829,1.38691,1.38684,0.75,0.75
12.08.2021 00:53:03.932,1.3869200000000002,1.3868500000000001,0.75,0.75
12.08.2021 00:53:04.685,1.38694,1.38684,0.75,0.75
12.08.2021 00:53:05.700,1.38693,1.38684,0.75,0.75
12.08.2021 00:53:08.097,1.3869200000000002,1.38683,0.75,0.75
12.08.2021 00:53:08.149,1.38691,1.38681,0.75,0.75
12.08.2021 00:53:10.869,1.38691,1.3868200000000002,0.75,0.75
12.08.2021 00:53:10.920,1.3869,1.3868500000000001,0.75,0.75
12.08.2021 00:53:11.022,1.38693,1.3868500000000001,0.75,2.25
12.08.2021 00:53:11.073,1.38694,1.38688,0.75,0.75
12.08.2021 00:53:11.124,1.38698,1.38691,8.13,0.75
12.08.2021 00:53:11.225,1.38699,1.3869200000000002,0.75,0.75
12.08.2021 00:53:13.055,1.38698,1.38694,0.75,0.75
12.08.2021 00:53:14.246,1.38699,1.38694,0.75,0.75
12.08.2021 00:53:16.252,1.38701,1.38693,0.75,0.75
12.08.2021 00:53:19.356,1.38701,1.38691,0.75,1.5
12.08.2021 00:53:19.458,1.387,1.38691,0.75,1.5
12.08.2021 00:53:29.767,1.38699,1.38693,0.75,0.75
12.08.2021 00:53:33.978,1.38699,1.3869200000000002,0.75,2.25
12.08.2021 00:53:36.390,1.387,1.38693,0.75,0.75
12.08.2021 00:53:38.746,1.38701,1.38693,0.75,0.75
12.08.2021 00:53:44.432,1.38701,1.38694,0.75,0.75
12.08.2021 00:53:44.533,1.3870200000000001,1.38694,0.75,0.75
12.08.2021 00:53:44.635,1.3870200000000001,1.3869500000000001,1.5,0.75
12.08.2021 00:53:44.787,1.3870700000000002,1.38697,1.95,0.75
12.08.2021 00:53:44.888,1.3870600000000002,1.38697,0.75,1.5
12.08.2021 00:53:45.040,1.3870600000000002,1.38699,0.75,0.75
12.08.2021 00:53:46.510,1.3870600000000002,1.38698,0.75,0.75
12.08.2021 00:53:50.261,1.3870600000000002,1.38699,0.75,0.75
12.08.2021 00:53:54.393,1.38709,1.38699,0.75,1.5
12.08.2021 00:53:54.495,1.38709,1.38701,1.5,0.75
12.08.2021 00:54:05.761,1.38709,1.387,0.75,1.87
12.08.2021 00:54:07.213,1.38704,1.38699,0.75,0.37
12.08.2021 00:54:07.264,1.38703,1.38697,0.82,0.37
12.08.2021 00:54:07.315,1.38701,1.38697,0.75,0.37
12.08.2021 00:54:07.366,1.38701,1.38693,0.75,0.75
12.08.2021 00:54:07.467,1.387,1.3869200000000002,0.75,8.25
12.08.2021 00:54:09.489,1.38699,1.3869200000000002,0.75,0.75
12.08.2021 00:54:12.185,1.387,1.38693,0.75,0.75
12.08.2021 00:54:14.216,1.38701,1.38693,0.75,0.75
12.08.2021 00:54:17.105,1.3870600000000002,1.38698,0.75,0.75
12.08.2021 00:54:17.156,1.3870500000000001,1.38697,0.75,1.87
12.08.2021 00:54:17.258,1.3870700000000002,1.38698,0.75,0.75
12.08.2021 00:54:21.638,1.38709,1.387,0.75,0.75
12.08.2021 00:54:21.740,1.38709,1.38701,0.75,1.5
12.08.2021 00:54:22.167,1.38709,1.3870200000000001,0.75,0.75
12.08.2021 00:54:22.269,1.3871,1.387,0.75,1.5
12.08.2021 00:54:25.709,1.38709,1.3870200000000001,0.75,0.75
12.08.2021 00:54:26.931,1.3871,1.38703,0.75,0.75
12.08.2021 00:54:27.033,1.38711,1.38703,0.75,0.75
12.08.2021 00:54:27.134,1.3871,1.38703,0.75,0.75
12.08.2021 00:54:27.736,1.3871,1.3870200000000001,0.75,1.5
12.08.2021 00:54:28.214,1.3871,1.38703,0.75,0.75
12.08.2021 00:54:29.117,1.3871,1.3870200000000001,0.75,1.5
12.08.2021 00:54:29.218,1.3871,1.38703,0.75,0.75
12.08.2021 00:54:32.224,1.38711,1.38703,1.5,1.5
12.08.2021 00:54:33.614,1.3871,1.38703,0.75,0.75
12.08.2021 00:54:34.059,1.38711,1.38704,0.75,0.75
12.08.2021 00:54:34.110,1.38713,1.3870500000000001,0.75,0.75
12.08.2021 00:54:34.524,1.3871700000000002,1.3871,1.95,0.75
12.08.2021 00:54:34.625,1.3871700000000002,1.38713,0.75,0.75
12.08.2021 00:54:35.509,1.3872,1.38713,1.2,0.75
12.08.2021 00:54:36.759,1.3872,1.3871200000000001,0.82,1.5
12.08.2021 00:54:36.861,1.38719,1.3871200000000001,0.75,1.5
12.08.2021 00:54:39.018,1.3872,1.3871200000000001,0.82,1.5
12.08.2021 00:54:39.120,1.38721,1.3871200000000001,0.82,0.75
12.08.2021 00:54:39.594,1.3872,1.3871200000000001,0.75,1.69
12.08.2021 00:54:40.747,1.38721,1.38713,0.82,0.75
12.08.2021 00:54:40.849,1.38721,1.3871200000000001,0.1,0.75
12.08.2021 00:54:42.157,1.38721,1.38711,0.82,1.5
12.08.2021 00:54:42.258,1.3872,1.38713,0.82,0.75
12.08.2021 00:54:43.473,1.38721,1.38711,0.82,1.5
12.08.2021 00:54:44.739,1.3872,1.38713,0.82,0.75
12.08.2021 00:54:49.684,1.38721,1.38713,0.75,1.5
12.08.2021 00:54:51.111,1.38721,1.3871200000000001,0.75,1.5
12.08.2021 00:54:52.222,1.38721,1.38713,0.75,0.75
12.08.2021 00:54:52.870,1.38721,1.38714,0.75,0.75
12.08.2021 00:54:53.923,1.38721,1.38713,0.75,2.25
12.08.2021 00:54:54.025,1.38721,1.3871200000000001,0.75,1.5
12.08.2021 00:54:59.306,1.38721,1.38711,0.75,2.44
12.08.2021 00:54:59.408,1.38719,1.38713,0.75,0.75
12.08.2021 00:54:59.561,1.3872,1.38713,0.75,0.75
12.08.2021 00:54:59.724,1.38721,1.38711,0.75,1.5
12.08.2021 00:54:59.845,1.3872,1.38713,0.75,0.75
12.08.2021 00:54:59.947,1.38721,1.38713,0.75,0.75
12.08.2021 00:55:00.048,1.3872,1.38713,0.75,0.75
12.08.2021 00:55:00.304,1.3872,1.38714,0.75,0.75
12.08.2021 00:55:00.355,1.3872,1.3871200000000001,0.75,1.5
12.08.2021 00:55:00.457,1.38721,1.3871200000000001,0.75,1.5
12.08.2021 00:55:00.509,1.3872,1.38715,0.75,0.75
12.08.2021 00:55:00.712,1.38721,1.38713,0.75,0.75
12.08.2021 00:55:00.814,1.3872200000000001,1.3871700000000002,0.37,0.75
12.08.2021 00:55:00.968,1.38723,1.38715,0.37,0.75
12.08.2021 00:55:01.070,1.38723,1.38714,0.37,1.5
12.08.2021 00:55:01.748,1.38723,1.38715,2.7,1.5
12.08.2021 00:55:02.193,1.38724,1.38715,2.7,0.75
12.08.2021 00:55:02.607,1.38724,1.38714,2.32,1.5
12.08.2021 00:55:03.906,1.38724,1.38715,2.7,0.75
12.08.2021 00:55:12.519,1.3872200000000001,1.3871600000000002,0.75,0.75
12.08.2021 00:55:12.620,1.38723,1.3871600000000002,2.32,0.75
12.08.2021 00:55:14.656,1.3872700000000002,1.38718,2.62,0.75
12.08.2021 00:55:14.707,1.38728,1.3872,8.88,0.75
12.08.2021 00:55:14.758,1.3872900000000001,1.38721,0.75,0.75
12.08.2021 00:55:14.860,1.38728,1.38723,0.75,0.75
12.08.2021 00:55:15.990,1.3873,1.38723,0.75,0.75
12.08.2021 00:55:19.022,1.3872600000000002,1.38721,0.75,0.75
12.08.2021 00:55:20.341,1.3872700000000002,1.38721,0.75,0.75
12.08.2021 00:55:20.392,1.38731,1.38721,0.75,1.5
12.08.2021 00:55:20.545,1.3873,1.38723,0.75,0.75
12.08.2021 00:55:20.848,1.38731,1.38723,0.75,0.75
12.08.2021 00:55:21.122,1.38731,1.38724,0.75,1.5
12.08.2021 00:55:21.464,1.38731,1.38725,0.75,0.75
12.08.2021 00:55:21.920,1.38733,1.38724,1.87,1.5
12.08.2021 00:55:29.929,1.38733,1.38723,0.75,0.75
12.08.2021 00:55:30.030,1.38731,1.38724,0.75,0.75
12.08.2021 00:55:31.340,1.38731,1.38723,0.75,0.75
12.08.2021 00:55:33.794,1.3872900000000001,1.38723,0.75,0.75
12.08.2021 00:55:34.139,1.3872900000000001,1.38724,0.75,0.75
12.08.2021 00:55:35.031,1.38731,1.38724,0.75,0.75
12.08.2021 00:55:49.504,1.38731,1.38723,1.12,1.5
12.08.2021 00:55:49.656,1.3873,1.3872200000000001,0.75,1.5
12.08.2021 00:55:52.903,1.38731,1.3872200000000001,0.75,0.75
12.08.2021 00:55:57.581,1.38732,1.3872200000000001,1.12,1.5
12.08.2021 00:56:10.979,1.38731,1.38724,0.82,0.75
12.08.2021 00:56:11.080,1.38731,1.38723,0.75,0.75
12.08.2021 00:56:11.784,1.38731,1.38724,0.1,1.5
12.08.2021 00:56:35.590,1.38732,1.38725,0.1,0.75
12.08.2021 00:56:43.102,1.38733,1.38725,1.2,0.75
12.08.2021 00:56:55.524,1.38731,1.3872600000000002,0.1,0.75
12.08.2021 00:56:57.680,1.38733,1.38725,1.57,0.75
12.08.2021 00:57:01.139,1.38732,1.3872700000000002,1.2,0.75
12.08.2021 00:57:04.085,1.38732,1.3872600000000002,1.2,0.75
12.08.2021 00:57:05.132,1.38732,1.3872700000000002,0.1,0.75
12.08.2021 00:57:06.432,1.38733,1.3872700000000002,1.2,0.75
12.08.2021 00:57:06.653,1.38733,1.3872600000000002,0.1,0.75
12.08.2021 00:57:07.021,1.38733,1.3872700000000002,0.82,0.75
12.08.2021 00:57:11.188,1.38734,1.38725,0.82,1.5
12.08.2021 00:57:20.557,1.38732,1.3872600000000002,0.1,0.75
12.08.2021 00:57:21.701,1.38731,1.3872600000000002,0.1,0.75
12.08.2021 00:57:21.752,1.38732,1.38723,0.82,0.75
12.08.2021 00:57:27.483,1.3873,1.38725,0.1,0.75
12.08.2021 00:57:27.585,1.38731,1.38725,0.82,0.75
12.08.2021 00:57:28.371,1.38732,1.38725,0.1,0.75
12.08.2021 00:57:28.473,1.38733,1.3872600000000002,0.75,0.75
12.08.2021 00:57:28.625,1.38734,1.3872600000000002,1.2,0.75
12.08.2021 00:57:29.530,1.3873600000000001,1.3872900000000001,0.37,1.5
12.08.2021 00:57:29.581,1.38738,1.3873,0.9,0.75
12.08.2021 00:57:29.682,1.38738,1.38732,0.26,0.75
12.08.2021 00:57:30.297,1.3873900000000001,1.3872900000000001,0.94,1.57
12.08.2021 00:57:30.960,1.38738,1.38731,0.75,0.75
12.08.2021 00:57:31.574,1.3873900000000001,1.38732,3,0.75
12.08.2021 00:57:32.586,1.3874,1.38732,2.25,0.75
12.08.2021 00:57:32.687,1.38741,1.38735,2.25,0.75
12.08.2021 00:57:34.188,1.38743,1.38735,1.5,0.75
12.08.2021 00:57:35.581,1.38742,1.38735,0.75,1.5
12.08.2021 00:57:38.196,1.38744,1.38734,3,1.5
12.08.2021 00:57:39.116,1.38745,1.3873600000000001,3.75,0.75
12.08.2021 00:57:44.019,1.38743,1.3873600000000001,0.75,1.5
12.08.2021 00:57:44.427,1.38745,1.38735,3.75,1.5
12.08.2021 00:57:47.196,1.38743,1.3873600000000001,0.75,1.5
12.08.2021 00:58:01.773,1.38743,1.3873700000000002,0.75,0.75
12.08.2021 00:58:11.858,1.38742,1.3873700000000002,0.37,0.75
12.08.2021 00:58:11.960,1.38742,1.38735,2.62,0.75
12.08.2021 00:58:19.065,1.38741,1.38734,0.75,0.75
12.08.2021 00:58:19.221,1.38734,1.3872900000000001,1.5,0.75
12.08.2021 00:58:19.324,1.38734,1.38728,1.87,0.75
12.08.2021 00:58:19.427,1.38733,1.3872700000000002,0.75,1.5
12.08.2021 00:58:19.529,1.38735,1.3872600000000002,2.62,0.75
12.08.2021 00:58:19.930,1.38734,1.38725,0.75,0.75
12.08.2021 00:58:27.683,1.38733,1.38724,0.75,1.5
12.08.2021 00:58:28.091,1.38732,1.38724,0.75,0.75
12.08.2021 00:58:29.762,1.38731,1.38724,0.75,1.57
12.08.2021 00:58:31.053,1.3873,1.38723,0.75,0.82
12.08.2021 00:58:34.056,1.3872900000000001,1.3872200000000001,0.75,0.82
12.08.2021 00:58:40.580,1.3872900000000001,1.38723,0.75,0.75
12.08.2021 00:58:40.682,1.3873,1.38723,0.75,1.57
12.08.2021 00:58:40.935,1.3873,1.38724,0.75,0.75
12.08.2021 00:58:41.088,1.38731,1.3872200000000001,0.75,1.57
12.08.2021 00:58:43.219,1.3872900000000001,1.3872200000000001,0.75,0.82
12.08.2021 00:58:46.601,1.38731,1.3872200000000001,0.75,0.75
12.08.2021 00:58:53.196,1.3872900000000001,1.3872200000000001,0.75,0.82
12.08.2021 00:59:01.112,1.38731,1.38721,1.5,0.82
12.08.2021 00:59:08.897,1.3872900000000001,1.3872200000000001,0.75,0.82
12.08.2021 00:59:15.705,1.38723,1.3871700000000002,0.75,0.75
12.08.2021 00:59:15.807,1.3872200000000001,1.38715,0.75,0.75
12.08.2021 00:59:15.909,1.38721,1.38714,0.75,1.57
12.08.2021 00:59:16.010,1.38723,1.38713,0.75,1.57
12.08.2021 00:59:16.314,1.3872200000000001,1.38715,0.75,0.75
12.08.2021 00:59:16.869,1.38723,1.38713,0.82,1.69
12.08.2021 00:59:18.786,1.38721,1.38714,0.75,1.5
12.08.2021 00:59:19.056,1.3872,1.3871600000000002,0.75,0.75
12.08.2021 00:59:19.817,1.3872200000000001,1.3871600000000002,0.75,0.75
12.08.2021 00:59:19.868,1.3872200000000001,1.38718,0.75,0.75
12.08.2021 00:59:19.970,1.38723,1.3871700000000002,1.57,0.75
12.08.2021 00:59:20.273,1.38723,1.38719,0.75,0.75
12.08.2021 00:59:20.324,1.3872700000000002,1.3872,0.75,0.75
12.08.2021 00:59:20.426,1.3872700000000002,1.3872200000000001,0.75,0.75
12.08.2021 00:59:24.830,1.3872700000000002,1.38721,1.5,1.5
12.08.2021 00:59:24.881,1.38723,1.3871700000000002,0.75,0.75
12.08.2021 00:59:24.983,1.3872200000000001,1.3871600000000002,0.75,0.75
12.08.2021 00:59:30.213,1.3872200000000001,1.3871700000000002,0.75,0.75
12.08.2021 00:59:30.315,1.38723,1.38715,0.75,0.75
12.08.2021 00:59:40.993,1.38723,1.3871600000000002,0.75,0.75
12.08.2021 00:59:43.076,1.38723,1.38715,0.75,0.75
12.08.2021 00:59:43.518,1.38723,1.38714,0.75,2.25
12.08.2021 00:59:43.770,1.3872,1.38713,1.5,1.5
12.08.2021 00:59:43.923,1.38719,1.38713,0.82,0.75
12.08.2021 00:59:44.025,1.38713,1.3870700000000002,0.75,1.2
12.08.2021 00:59:45.104,1.38714,1.3870500000000001,1.5,1.5
12.08.2021 00:59:45.258,1.3871200000000001,1.3870500000000001,1.5,0.75
12.08.2021 00:59:45.412,1.3871200000000001,1.38703,0.75,0.75
12.08.2021 00:59:45.667,1.3871,1.38704,0.75,0.75
12.08.2021 00:59:49.519,1.3871,1.38703,1.5,1.5
12.08.2021 00:59:49.729,1.38711,1.38703,1.5,0.75
12.08.2021 00:59:49.964,1.3871,1.3870500000000001,1.5,0.75
12.08.2021 00:59:50.538,1.3871,1.3870600000000002,0.75,0.75
12.08.2021 00:59:55.580,1.3871200000000001,1.3870600000000002,0.75,0.75
12.08.2021 00:59:55.742,1.38711,1.3870600000000002,0.75,0.75
12.08.2021 00:59:55.844,1.38711,1.3870700000000002,0.75,0.75
12.08.2021 01:00:00.089,1.38711,1.3870600000000002,0.75,1.5
12.08.2021 01:00:00.345,1.38711,1.3870700000000002,0.75,0.75
12.08.2021 01:00:01.664,1.3871200000000001,1.3870500000000001,0.75,0.75
12.08.2021 01:00:02.521,1.3871,1.38704,0.75,0.75
12.08.2021 01:00:02.622,1.38711,1.38704,1.5,1.5
12.08.2021 01:00:03.617,1.38711,1.3870500000000001,1.5,0.75
12.08.2021 01:00:04.222,1.38711,1.3870600000000002,0.75,0.75
12.08.2021 01:00:06.294,1.38711,1.3870700000000002,0.75,0.75
12.08.2021 01:00:06.395,1.38711,1.38708,0.75,0.75
12.08.2021 01:00:06.497,1.38713,1.3870700000000002,0.75,0.75
12.08.2021 01:00:06.648,1.38714,1.38708,0.75,0.75
12.08.2021 01:00:06.699,1.3871600000000002,1.38708,0.82,0.75
12.08.2021 01:00:06.750,1.38719,1.38714,1.5,0.75
12.08.2021 01:00:06.852,1.38721,1.3871600000000002,0.75,0.75
12.08.2021 01:00:07.055,1.3872200000000001,1.38714,1.5,1.5
12.08.2021 01:00:07.156,1.3872200000000001,1.3871600000000002,0.75,0.75
12.08.2021 01:00:07.424,1.38721,1.3871600000000002,0.75,1.5
12.08.2021 01:00:08.584,1.38721,1.3871700000000002,0.75,0.75
12.08.2021 01:00:09.030,1.38723,1.3871600000000002,0.75,0.75
12.08.2021 01:00:09.132,1.38724,1.3871600000000002,1.5,0.75
12.08.2021 01:00:09.385,1.38723,1.38719,1.5,0.75
12.08.2021 01:00:09.588,1.3872600000000002,1.38719,0.82,1.69
12.08.2021 01:00:09.639,1.38728,1.38721,1.5,0.75
12.08.2021 01:00:09.741,1.38728,1.3872200000000001,1.5,0.75
12.08.2021 01:00:10.017,1.38723,1.38715,0.75,2.25
12.08.2021 01:00:10.119,1.38728,1.38719,1.57,1.5
12.08.2021 01:00:10.221,1.3872900000000001,1.3872,0.75,1.5
12.08.2021 01:00:10.752,1.38728,1.3872200000000001,0.75,0.75
12.08.2021 01:00:12.021,1.38731,1.3872200000000001,1.57,1.5
12.08.2021 01:00:13.094,1.3872900000000001,1.38721,0.75,0.75
12.08.2021 01:00:13.296,1.3872900000000001,1.38723,0.75,0.75
12.08.2021 01:00:13.397,1.3873,1.38723,1.5,1.5
12.08.2021 01:00:19.095,1.3873,1.38724,1.5,0.75
12.08.2021 01:00:21.534,1.3873,1.38723,1.5,1.5
12.08.2021 01:00:21.635,1.3873,1.38724,1.5,0.75
12.08.2021 01:00:24.043,1.3873,1.38725,0.75,0.75
12.08.2021 01:00:25.861,1.38732,1.38724,1.5,0.75
12.08.2021 01:00:30.219,1.38732,1.38725,0.75,0.75
12.08.2021 01:00:30.829,1.38731,1.38725,0.75,2.25
12.08.2021 01:00:33.946,1.38731,1.3872600000000002,0.75,0.75
12.08.2021 01:00:36.110,1.38732,1.3872600000000002,0.75,1.5
12.08.2021 01:00:36.211,1.38733,1.3872600000000002,0.75,0.75
12.08.2021 01:00:36.363,1.38733,1.3872700000000002,0.75,1.5
12.08.2021 01:00:36.520,1.38735,1.38728,0.75,0.75
12.08.2021 01:00:36.621,1.3873700000000002,1.38731,1.2,1.5
12.08.2021 01:00:37.283,1.3873700000000002,1.3873,1.57,0.75
12.08.2021 01:00:42.504,1.38733,1.3872700000000002,0.75,0.75
12.08.2021 01:00:42.657,1.38734,1.38725,1.95,0.75
12.08.2021 01:00:49.131,1.38735,1.3872700000000002,0.75,0.75
12.08.2021 01:00:49.232,1.38735,1.3872900000000001,1.5,0.75
12.08.2021 01:00:49.485,1.38735,1.3873,1.5,0.75
12.08.2021 01:00:49.587,1.3873600000000001,1.38728,1.5,0.75
12.08.2021 01:00:50.285,1.3873600000000001,1.3872700000000002,1.5,1.5
12.08.2021 01:00:50.387,1.38735,1.3872900000000001,0.75,0.75
12.08.2021 01:00:52.013,1.38734,1.3872600000000002,1.2,0.75
12.08.2021 01:00:52.064,1.38732,1.38725,1.5,1.5
12.08.2021 01:00:53.924,1.38731,1.3872200000000001,0.75,0.75
12.08.2021 01:01:04.511,1.3873,1.38721,0.75,0.75
12.08.2021 01:01:17.434,1.38725,1.38718,1.69,0.75
12.08.2021 01:01:17.485,1.3872200000000001,1.38714,0.82,8.25
12.08.2021 01:01:17.587,1.3872,1.38714,0.75,7.5
12.08.2021 01:01:17.688,1.3872,1.38713,0.75,0.75
12.08.2021 01:01:17.891,1.38721,1.38711,0.75,0.75
12.08.2021 01:01:25.077,1.38719,1.3871200000000001,0.75,0.75
12.08.2021 01:01:25.634,1.3872,1.3871,0.75,0.75
12.08.2021 01:01:26.026,1.38719,1.3871200000000001,0.82,0.75
12.08.2021 01:01:27.359,1.3871700000000002,1.3871,0.75,0.75
12.08.2021 01:01:27.460,1.3871700000000002,1.3870700000000002,1.5,0.75
12.08.2021 01:01:28.706,1.38711,1.38704,0.75,0.75
12.08.2021 01:01:28.757,1.3871,1.3870200000000001,0.75,0.82
12.08.2021 01:01:29.111,1.3871,1.387,0.75,0.75
12.08.2021 01:01:38.126,1.3871,1.38701,0.82,0.75
12.08.2021 01:01:42.589,1.3871,1.3870200000000001,0.75,0.75
12.08.2021 01:01:52.598,1.38709,1.38701,0.75,0.75
12.08.2021 01:01:52.851,1.38708,1.387,0.75,0.75
12.08.2021 01:02:00.016,1.3871,1.387,0.75,0.75
12.08.2021 01:02:03.191,1.3870700000000002,1.38699,1.57,0.75
12.08.2021 01:02:03.293,1.3870600000000002,1.38698,1.5,0.75
12.08.2021 01:02:04.446,1.3870500000000001,1.38697,0.75,0.75
12.08.2021 01:02:04.552,1.3870700000000002,1.38699,0.75,0.75
12.08.2021 01:02:06.190,1.3870600000000002,1.38698,0.75,0.82
12.08.2021 01:02:09.798,1.3870700000000002,1.38699,0.75,0.75
12.08.2021 01:02:14.516,1.3871,1.38701,0.82,1.5
12.08.2021 01:02:14.769,1.3871,1.3870200000000001,0.75,0.75
12.08.2021 01:02:20.058,1.38709,1.38701,0.75,0.75
12.08.2021 01:02:24.126,1.38711,1.38701,0.75,0.75
12.08.2021 01:02:29.650,1.38711,1.38703,0.82,0.75
12.08.2021 01:02:32.627,1.38713,1.38703,0.82,0.75
12.08.2021 01:02:32.729,1.38713,1.3870200000000001,0.82,1.5
12.08.2021 01:02:33.335,1.38713,1.38703,0.82,0.75
12.08.2021 01:02:39.222,1.38713,1.3870500000000001,1.57,0.75
12.08.2021 01:02:40.611,1.3871200000000001,1.38704,0.75,0.75
12.08.2021 01:02:40.813,1.3871200000000001,1.3870200000000001,0.75,0.75
12.08.2021 01:02:40.915,1.38713,1.3870200000000001,0.82,1.5
12.08.2021 01:02:41.524,1.38713,1.38703,0.82,0.75
12.08.2021 01:02:45.025,1.3871200000000001,1.3870200000000001,0.75,1.5
12.08.2021 01:02:47.985,1.3871200000000001,1.38704,0.82,0.75
12.08.2021 01:03:00.388,1.3871200000000001,1.38703,1.12,0.75
12.08.2021 01:03:00.492,1.38711,1.38703,0.82,0.75
12.08.2021 01:03:01.268,1.3871,1.3870200000000001,0.75,0.75
12.08.2021 01:03:01.370,1.38709,1.3870200000000001,0.1,0.75
12.08.2021 01:03:02.428,1.38709,1.38701,0.1,0.75
12.08.2021 01:03:02.631,1.3871,1.38701,0.1,0.75
12.08.2021 01:03:03.605,1.38709,1.38701,0.1,0.75
12.08.2021 01:03:03.757,1.3871,1.3870200000000001,0.82,0.75
12.08.2021 01:03:03.808,1.3871200000000001,1.38704,2.32,0.75
12.08.2021 01:03:04.620,1.38711,1.38703,0.75,0.75
12.08.2021 01:03:07.584,1.38711,1.3870200000000001,0.75,0.82
12.08.2021 01:03:09.610,1.3871200000000001,1.38704,0.75,0.75
12.08.2021 01:03:10.175,1.3871200000000001,1.3870200000000001,0.75,0.75
12.08.2021 01:03:14.197,1.38711,1.38701,0.75,0.75
12.08.2021 01:03:21.420,1.38711,1.387,0.75,0.82
12.08.2021 01:03:30.453,1.3871,1.3870200000000001,0.75,0.75
12.08.2021 01:03:33.592,1.38709,1.38701,0.75,0.75
12.08.2021 01:03:39.917,1.3871,1.3870200000000001,0.82,0.75
12.08.2021 01:03:41.386,1.38709,1.38701,0.75,0.75
12.08.2021 01:03:41.689,1.3870700000000002,1.38699,0.75,0.75
12.08.2021 01:03:41.791,1.38708,1.38699,0.82,0.75
12.08.2021 01:03:43.252,1.3870700000000002,1.38699,0.75,0.75
12.08.2021 01:03:43.929,1.3870700000000002,1.3869600000000002,0.82,0.75
12.08.2021 01:03:44.031,1.3870600000000002,1.38698,0.82,0.75
12.08.2021 01:03:44.184,1.3870700000000002,1.3869600000000002,0.82,0.75
12.08.2021 01:04:03.434,1.3870600000000002,1.3869600000000002,0.75,0.75
12.08.2021 01:04:04.955,1.38708,1.387,0.75,0.75
12.08.2021 01:04:05.056,1.38709,1.38701,0.1,0.75
12.08.2021 01:04:05.208,1.38709,1.38699,0.75,0.75
12.08.2021 01:04:05.489,1.3871,1.387,0.82,0.75
12.08.2021 01:04:05.691,1.38709,1.387,0.82,0.75
12.08.2021 01:04:10.282,1.38708,1.387,0.75,0.75
12.08.2021 01:04:13.568,1.3871,1.38699,0.82,0.75
12.08.2021 01:04:16.031,1.38709,1.38698,0.82,0.75
12.08.2021 01:04:18.173,1.3871,1.38699,0.82,0.75
12.08.2021 01:04:18.428,1.38708,1.38699,0.75,0.75
12.08.2021 01:04:20.548,1.3871,1.38699,0.82,0.75
12.08.2021 01:04:24.438,1.3871,1.38701,2.32,0.75
12.08.2021 01:04:24.540,1.3871,1.38699,0.75,0.75
12.08.2021 01:04:25.765,1.3871,1.387,0.75,0.75
12.08.2021 01:04:25.867,1.3871,1.38701,1.5,0.75
12.08.2021 01:04:28.191,1.3871200000000001,1.38703,1.57,0.75
12.08.2021 01:04:28.344,1.3871200000000001,1.38704,0.75,0.75
12.08.2021 01:04:29.721,1.38713,1.38704,0.82,3.75
12.08.2021 01:04:29.822,1.3871200000000001,1.3870700000000002,0.94,0.75
12.08.2021 01:04:29.873,1.3871200000000001,1.38703,1.57,2.37
12.08.2021 01:04:29.975,1.38711,1.3870200000000001,0.75,0.94
12.08.2021 01:04:30.076,1.3871,1.3870200000000001,0.75,0.94
12.08.2021 01:04:32.430,1.38711,1.3870200000000001,0.75,0.75
12.08.2021 01:04:32.943,1.3871,1.38701,0.75,0.75
12.08.2021 01:04:38.196,1.38711,1.3870200000000001,0.75,0.75
12.08.2021 01:04:41.623,1.38711,1.38701,0.75,0.75
12.08.2021 01:04:43.574,1.3871,1.38701,0.75,1.01
12.08.2021 01:04:46.152,1.38711,1.3870200000000001,0.75,0.75
12.08.2021 01:04:46.254,1.38711,1.387,0.75,1.01
12.08.2021 01:04:51.453,1.3871200000000001,1.38701,0.75,0.75
12.08.2021 01:05:03.185,1.3871,1.3870200000000001,0.1,0.75
12.08.2021 01:05:11.035,1.38711,1.3870200000000001,0.82,0.75
12.08.2021 01:05:11.137,1.3871200000000001,1.3870200000000001,0.82,0.75
12.08.2021 01:05:14.706,1.38711,1.3870200000000001,0.75,0.75
12.08.2021 01:05:14.808,1.3871,1.38701,0.75,0.75
12.08.2021 01:05:18.057,1.3870600000000002,1.3869600000000002,2.44,0.37
12.08.2021 01:05:18.159,1.38704,1.3869500000000001,0.75,0.75
12.08.2021 01:05:18.260,1.38703,1.38694,0.75,0.75
12.08.2021 01:05:18.362,1.38703,1.3869200000000002,0.75,0.75
12.08.2021 01:05:18.514,1.38703,1.38693,0.75,0.19
12.08.2021 01:05:18.615,1.3870200000000001,1.38693,0.75,0.94
12.08.2021 01:05:19.058,1.38704,1.38694,0.75,0.19
12.08.2021 01:05:19.109,1.3870500000000001,1.3869600000000002,0.82,0.75
12.08.2021 01:05:19.211,1.3870600000000002,1.38697,0.75,0.75
12.08.2021 01:05:22.594,1.38709,1.38698,0.75,0.75
12.08.2021 01:05:27.909,1.38709,1.38699,0.75,0.37
12.08.2021 01:05:28.692,1.38709,1.387,0.82,1.12
12.08.2021 01:05:34.538,1.3871,1.38701,0.75,0.37
12.08.2021 01:05:35.551,1.38709,1.387,0.82,1.12
12.08.2021 01:05:38.447,1.3871,1.387,0.82,0.37
12.08.2021 01:05:39.448,1.3871,1.3870200000000001,0.75,0.37
12.08.2021 01:05:39.725,1.3871,1.38699,0.75,0.94
12.08.2021 01:05:39.776,1.3871200000000001,1.387,0.82,0.94
12.08.2021 01:05:40.620,1.38711,1.3870500000000001,0.75,0.37
12.08.2021 01:05:49.802,1.38714,1.38704,1.95,0.56
12.08.2021 01:05:56.101,1.3871200000000001,1.3870500000000001,0.75,0.37
12.08.2021 01:06:07.306,1.3871200000000001,1.38704,0.75,0.37
12.08.2021 01:06:07.408,1.3871,1.38704,0.75,0.37
12.08.2021 01:06:08.313,1.3871,1.38703,0.75,0.37
12.08.2021 01:06:11.196,1.3871200000000001,1.3870200000000001,0.75,0.37
12.08.2021 01:06:14.488,1.38711,1.3870200000000001,0.75,1.31
12.08.2021 01:06:15.511,1.38711,1.38703,0.75,0.37
12.08.2021 01:06:21.539,1.38711,1.38704,0.75,0.37
12.08.2021 01:06:25.598,1.38711,1.3870200000000001,0.82,1.31
12.08.2021 01:06:26.763,1.38711,1.38703,0.82,0.37
12.08.2021 01:06:28.020,1.3871,1.38703,0.75,0.37
12.08.2021 01:06:28.779,1.38711,1.38701,0.75,1.12
12.08.2021 01:06:31.260,1.3871200000000001,1.38701,0.75,0.75
12.08.2021 01:06:31.590,1.38711,1.387,0.75,0.94
12.08.2021 01:06:41.190,1.38709,1.387,0.75,0.75
12.08.2021 01:06:41.342,1.3871,1.3870200000000001,2.32,0.75
12.08.2021 01:06:57.285,1.38711,1.38704,1.5,0.75
12.08.2021 01:06:57.895,1.3871200000000001,1.38704,0.75,0.75
12.08.2021 01:07:01.730,1.3871200000000001,1.3870500000000001,0.75,0.37
12.08.2021 01:07:01.902,1.38718,1.3870700000000002,1.5,0.75
12.08.2021 01:07:02.157,1.38718,1.38709,0.75,0.75
12.08.2021 01:07:02.585,1.38719,1.38709,0.75,0.75
12.08.2021 01:07:04.577,1.3872,1.38709,3,0.75
12.08.2021 01:07:05.235,1.38719,1.38711,0.75,0.75
12.08.2021 01:07:05.337,1.3872,1.38711,2.62,0.75
12.08.2021 01:07:05.546,1.38719,1.3871,0.75,0.82
12.08.2021 01:07:06.090,1.38721,1.3871,2.62,0.75
12.08.2021 01:07:07.036,1.38714,1.3870600000000002,2.06,0.82
12.08.2021 01:07:07.138,1.38713,1.3870500000000001,0.75,0.75
12.08.2021 01:07:14.031,1.38714,1.3870500000000001,1.5,0.94
12.08.2021 01:07:14.133,1.38715,1.3870600000000002,2.25,0.75
12.08.2021 01:07:16.883,1.38715,1.3870700000000002,2.25,0.75
12.08.2021 01:07:16.986,1.38715,1.3870600000000002,1.12,0.75
12.08.2021 01:07:17.088,1.38715,1.3870500000000001,1.12,0.75
12.08.2021 01:07:17.344,1.38714,1.3870500000000001,1.12,1.69
12.08.2021 01:07:17.931,1.3871600000000002,1.38708,1.5,1.5
12.08.2021 01:07:32.512,1.38718,1.3870700000000002,0.75,1.5
12.08.2021 01:07:34.975,1.3871700000000002,1.3870700000000002,0.75,0.75
12.08.2021 01:07:36.395,1.3871700000000002,1.3870600000000002,0.94,0.75
12.08.2021 01:07:39.676,1.38713,1.38704,0.94,0.75
12.08.2021 01:07:39.779,1.38711,1.38703,0.19,0.75
12.08.2021 01:07:40.219,1.3871200000000001,1.38703,0.75,0.94
12.08.2021 01:07:40.370,1.38713,1.38704,0.75,0.19
12.08.2021 01:07:44.055,1.38714,1.3870500000000001,0.75,0.94
12.08.2021 01:07:49.402,1.3871600000000002,1.38708,2.25,0.75
12.08.2021 01:07:49.504,1.38719,1.38708,2.25,0.75
12.08.2021 01:07:50.236,1.3872,1.3871,1.5,0.75
12.08.2021 01:07:50.541,1.3872,1.38711,0.75,0.75
12.08.2021 01:07:50.996,1.3872,1.3871200000000001,0.75,1.12
12.08.2021 01:07:51.463,1.38721,1.3871,0.75,0.75
12.08.2021 01:08:00.068,1.38714,1.3870700000000002,0.37,4.31
12.08.2021 01:08:00.171,1.38713,1.3870500000000001,1.12,0.75
12.08.2021 01:08:00.360,1.38713,1.38703,0.75,0.94
12.08.2021 01:08:05.857,1.3871200000000001,1.38703,0.75,0.37
12.08.2021 01:08:06.060,1.38711,1.38703,0.75,0.19
12.08.2021 01:08:12.202,1.3871,1.38703,0.75,0.19
12.08.2021 01:08:12.538,1.3871200000000001,1.3870200000000001,0.75,0.19
12.08.2021 01:08:12.639,1.3871200000000001,1.38704,0.75,0.19
12.08.2021 01:08:12.892,1.3871200000000001,1.3870200000000001,0.75,0.75
12.08.2021 01:08:12.994,1.3871200000000001,1.38701,0.75,1.31
12.08.2021 01:08:31.892,1.3871,1.38701,0.75,0.75
12.08.2021 01:08:31.994,1.38708,1.38699,0.75,1.12
12.08.2021 01:08:33.740,1.38703,1.38694,0.75,3
12.08.2021 01:08:33.842,1.38701,1.38693,0.75,0.75
12.08.2021 01:08:33.994,1.387,1.3869200000000002,0.75,0.94
12.08.2021 01:08:49.308,1.38701,1.3869200000000002,0.75,0.94
12.08.2021 01:08:51.790,1.3870500000000001,1.38698,0.75,0.94
12.08.2021 01:08:51.841,1.38709,1.38698,0.75,1.87
12.08.2021 01:08:51.943,1.38708,1.387,0.75,0.75
12.08.2021 01:08:52.044,1.38709,1.387,0.75,0.75
12.08.2021 01:08:52.466,1.38709,1.38698,0.75,3.94
12.08.2021 01:08:56.197,1.38708,1.38697,0.75,0.94
12.08.2021 01:09:02.195,1.3870700000000002,1.38699,0.75,0.75
12.08.2021 01:09:02.517,1.3870500000000001,1.38698,1.12,0.82
12.08.2021 01:09:02.568,1.38703,1.3869500000000001,0.75,3
12.08.2021 01:09:02.669,1.38703,1.38694,0.75,1.76
12.08.2021 01:09:03.074,1.3870200000000001,1.38694,0.75,0.19
12.08.2021 01:09:07.127,1.38701,1.38693,0.75,1.01
12.08.2021 01:09:07.329,1.3870200000000001,1.38693,0.75,1.76
12.08.2021 01:09:18.860,1.38701,1.3869200000000002,0.75,5.62
12.08.2021 01:09:25.102,1.38701,1.38691,0.75,1.12
12.08.2021 01:09:40.027,1.387,1.38691,0.75,5.7
12.08.2021 01:09:55.535,1.38701,1.38691,0.75,0.82
12.08.2021 01:09:59.749,1.38703,1.38693,0.75,1.87
12.08.2021 01:09:59.851,1.3870200000000001,1.3869200000000002,0.75,0.94
12.08.2021 01:10:14.201,1.38704,1.38697,0.75,0.19
12.08.2021 01:10:14.302,1.3870600000000002,1.38698,0.75,0.19
12.08.2021 01:10:14.404,1.3870500000000001,1.387,0.75,0.19
12.08.2021 01:10:14.760,1.3870700000000002,1.387,0.75,0.19
12.08.2021 01:10:34.105,1.38708,1.38698,0.75,1.01
12.08.2021 01:10:35.105,1.3870700000000002,1.38698,0.75,1.76
12.08.2021 01:10:47.720,1.3870200000000001,1.38693,0.75,0.94
12.08.2021 01:10:50.237,1.387,1.38694,0.75,0.19
12.08.2021 01:10:50.935,1.38703,1.38693,0.75,0.94
12.08.2021 01:10:51.935,1.38704,1.3869600000000002,1.5,1.69
12.08.2021 01:10:52.037,1.3870700000000002,1.38697,0.75,0.19
12.08.2021 01:10:52.496,1.38708,1.38697,0.75,0.94
12.08.2021 01:10:53.198,1.3870700000000002,1.38699,0.75,0.37
12.08.2021 01:11:11.209,1.38709,1.38698,0.75,1.31
12.08.2021 01:11:31.652,1.3871,1.38699,0.75,0.75
12.08.2021 01:11:32.042,1.38709,1.38698,0.75,1.31
12.08.2021 01:12:15.744,1.3871,1.38699,0.82,0.75
12.08.2021 01:12:20.536,1.38708,1.38699,0.82,1.12
12.08.2021 01:12:25.600,1.3870700000000002,1.38698,0.75,1.12
12.08.2021 01:12:25.652,1.38709,1.38698,0.75,1.12
12.08.2021 01:12:28.223,1.38708,1.38698,0.75,0.75
12.08.2021 01:12:28.275,1.38703,1.38694,0.75,0.94
12.08.2021 01:12:28.377,1.38701,1.38693,0.75,0.37
12.08.2021 01:12:28.582,1.3870200000000001,1.38694,0.75,0.75
12.08.2021 01:12:28.684,1.38703,1.3869200000000002,0.75,1.01
12.08.2021 01:12:28.786,1.38701,1.38693,0.75,0.19
12.08.2021 01:12:34.735,1.3870200000000001,1.38691,0.75,1.76
12.08.2021 01:12:35.791,1.38699,1.3869200000000002,0.75,0.94
12.08.2021 01:12:39.089,1.38699,1.38691,0.75,0.94
12.08.2021 01:12:46.225,1.387,1.38689,0.75,1.2
12.08.2021 01:13:52.738,1.387,1.3869,0.75,0.75
12.08.2021 01:13:56.987,1.387,1.38691,0.82,0.75
12.08.2021 01:14:00.147,1.387,1.3869,0.75,0.75
12.08.2021 01:14:03.218,1.387,1.38689,0.75,0.82
12.08.2021 01:14:28.030,1.38698,1.3869,0.1,0.75
12.08.2021 01:14:28.131,1.38691,1.3868500000000001,1.5,0.37
12.08.2021 01:14:28.233,1.3869,1.3868200000000002,0.75,0.75
12.08.2021 01:14:38.137,1.3869,1.38683,0.75,0.37
12.08.2021 01:14:40.239,1.3869,1.3868200000000002,0.75,1.12
12.08.2021 01:14:41.276,1.3869,1.38681,0.82,0.75
12.08.2021 01:14:58.006,1.3869,1.3868200000000002,0.75,0.75
12.08.2021 01:15:01.854,1.38689,1.38681,0.75,0.75
12.08.2021 01:15:05.345,1.3869,1.3868200000000002,0.75,0.75
12.08.2021 01:15:09.494,1.3869,1.38681,0.82,0.75
12.08.2021 01:15:10.549,1.3869,1.38679,0.82,0.75
12.08.2021 01:15:22.895,1.38688,1.3868,0.75,0.75
12.08.2021 01:15:42.897,1.38687,1.38679,0.75,0.1
12.08.2021 01:15:56.563,1.38687,1.3868,0.75,0.1
12.08.2021 01:16:01.052,1.38688,1.3868,0.75,0.1
12.08.2021 01:16:01.913,1.38688,1.38681,0.75,0.1
12.08.2021 01:16:02.015,1.38689,1.38681,0.75,0.1
12.08.2021 01:16:03.176,1.38688,1.38681,0.75,0.37
12.08.2021 01:16:03.523,1.38688,1.3868,0.75,0.1
12.08.2021 01:16:12.765,1.38689,1.38678,0.75,1.57
12.08.2021 01:16:18.269,1.38688,1.38678,0.75,0.82
12.08.2021 01:16:18.550,1.38689,1.38678,0.75,1.57
12.08.2021 01:16:22.873,1.38689,1.38679,0.75,0.82
12.08.2021 01:16:25.896,1.3869,1.3868,0.75,0.1
12.08.2021 01:16:26.123,1.3869,1.3868200000000002,0.75,1.95
12.08.2021 01:16:26.174,1.38693,1.3868200000000002,0.75,1.95
12.08.2021 01:16:26.226,1.38697,1.38687,0.75,0.75
12.08.2021 01:16:26.328,1.38698,1.38688,0.75,0.75
12.08.2021 01:16:27.296,1.38698,1.38689,0.75,0.82
12.08.2021 01:16:34.228,1.38698,1.38688,0.75,0.1
12.08.2021 01:16:34.330,1.38698,1.38689,0.75,0.82
12.08.2021 01:16:36.366,1.387,1.38689,0.75,0.82
12.08.2021 01:17:02.210,1.38699,1.38689,0.75,0.1
12.08.2021 01:17:02.761,1.38698,1.38689,0.75,1.57
12.08.2021 01:17:31.734,1.387,1.38689,0.75,0.75
12.08.2021 01:17:58.218,1.38699,1.38691,0.75,0.75
12.08.2021 01:17:58.319,1.387,1.38691,0.75,0.37
12.08.2021 01:18:00.966,1.38699,1.38691,0.75,0.37
12.08.2021 01:18:05.030,1.38699,1.38688,0.75,1.95
12.08.2021 01:18:06.055,1.38693,1.38687,0.19,1.62
12.08.2021 01:18:06.106,1.38691,1.38684,1.5,3.75
12.08.2021 01:18:06.207,1.3869,1.38683,0.75,3.75
12.08.2021 01:18:06.258,1.3869,1.38679,0.75,1.2
12.08.2021 01:18:06.360,1.38688,1.3868,0.75,0.82
12.08.2021 01:18:07.640,1.38689,1.3868,0.75,0.75
12.08.2021 01:18:17.684,1.38689,1.38679,0.75,0.1
12.08.2021 01:18:19.082,1.38689,1.3868,0.75,0.82
12.08.2021 01:18:27.883,1.38688,1.3868,0.75,0.1
12.08.2021 01:18:27.984,1.38689,1.38678,0.75,1.57
12.08.2021 01:19:06.133,1.38689,1.3868,0.75,0.82
12.08.2021 01:19:21.807,1.3869,1.38681,1.57,0.75
12.08.2021 01:19:33.480,1.38691,1.38681,0.82,0.75
12.08.2021 01:19:34.489,1.38691,1.3868200000000002,0.82,0.75
12.08.2021 01:20:06.064,1.3869,1.3868200000000002,0.1,0.75
12.08.2021 01:20:11.475,1.38691,1.3868200000000002,0.82,0.75
12.08.2021 01:20:31.926,1.3869,1.3868,0.75,0.75
12.08.2021 01:20:32.130,1.3869,1.38679,0.82,0.75
12.08.2021 01:20:38.514,1.38689,1.38681,0.82,0.75
12.08.2021 01:20:41.765,1.3869,1.38679,0.75,0.82
12.08.2021 01:20:41.866,1.3869,1.3868,0.75,0.75
12.08.2021 01:20:43.052,1.3869,1.38679,0.82,0.75
12.08.2021 01:20:49.194,1.3869,1.38681,0.82,0.75
12.08.2021 01:21:00.650,1.38691,1.38681,0.75,0.75
12.08.2021 01:21:18.075,1.3869200000000002,1.38681,0.75,0.82
12.08.2021 01:21:37.273,1.3869,1.3868200000000002,0.75,0.82
12.08.2021 01:22:03.026,1.38691,1.38683,0.75,0.75
12.08.2021 01:22:03.128,1.38693,1.3868500000000001,0.75,0.82
12.08.2021 01:22:06.433,1.38697,1.38688,1.12,0.82
12.08.2021 01:22:11.199,1.38698,1.38688,0.37,0.75
12.08.2021 01:22:12.767,1.38698,1.38687,1.12,0.82
12.08.2021 01:22:12.969,1.3869600000000002,1.38688,0.75,0.82
12.08.2021 01:22:21.484,1.38693,1.38687,0.94,0.75
12.08.2021 01:22:21.535,1.3869200000000002,1.3868200000000002,0.75,0.82
12.08.2021 01:22:21.586,1.3869200000000002,1.3868600000000002,0.94,1.62
12.08.2021 01:22:21.640,1.38693,1.3868200000000002,0.94,0.75
12.08.2021 01:22:30.240,1.38693,1.3868500000000001,0.75,0.75
12.08.2021 01:22:31.850,1.38697,1.38689,0.37,0.75
12.08.2021 01:22:32.205,1.38697,1.38688,1.12,0.82
12.08.2021 01:22:32.308,1.38698,1.38688,0.37,0.75
12.08.2021 01:22:32.410,1.38697,1.38687,0.37,0.82
12.08.2021 01:22:32.462,1.38694,1.3868500000000001,0.75,0.75
12.08.2021 01:22:34.887,1.3869200000000002,1.38683,0.94,2.75
12.08.2021 01:22:34.988,1.3869200000000002,1.3868200000000002,0.75,0.75
12.08.2021 01:22:35.089,1.38691,1.3868200000000002,0.75,0.75
12.08.2021 01:22:53.338,1.38691,1.38681,0.75,0.75
12.08.2021 01:22:54.740,1.3869200000000002,1.3868200000000002,0.75,0.75
12.08.2021 01:23:00.409,1.3869200000000002,1.38683,1.31,0.75
12.08.2021 01:23:01.631,1.38693,1.38684,0.75,1.12
12.08.2021 01:23:01.733,1.3869500000000001,1.38684,0.75,0.75
12.08.2021 01:23:01.834,1.38697,1.38689,1.12,0.75
12.08.2021 01:23:02.037,1.38697,1.38688,0.75,0.75
12.08.2021 01:23:02.138,1.3869500000000001,1.3868600000000002,0.75,0.75
12.08.2021 01:23:05.188,1.38697,1.3868600000000002,1.95,0.75
12.08.2021 01:23:14.932,1.3869600000000002,1.3868600000000002,0.75,0.75
12.08.2021 01:23:15.156,1.38693,1.38684,0.37,0.75
12.08.2021 01:23:15.258,1.38691,1.38684,0.19,0.75
12.08.2021 01:23:16.404,1.3869200000000002,1.38684,0.26,0.75
12.08.2021 01:23:18.951,1.3869200000000002,1.38683,0.19,0.75
12.08.2021 01:23:19.498,1.38694,1.38684,1.5,0.75
12.08.2021 01:23:19.600,1.38694,1.38688,0.94,0.75
12.08.2021 01:23:19.651,1.3869600000000002,1.38689,1.12,0.75
12.08.2021 01:23:19.752,1.38697,1.3869,0.19,0.75
12.08.2021 01:23:20.513,1.387,1.38689,1.69,0.75
12.08.2021 01:23:20.564,1.38697,1.3869,0.19,0.75
12.08.2021 01:23:21.180,1.38699,1.3869,1.69,0.75
12.08.2021 01:23:21.282,1.38697,1.3869,0.19,0.75
12.08.2021 01:23:24.728,1.38697,1.38689,0.19,0.82
12.08.2021 01:23:26.642,1.38699,1.38689,0.75,0.75
12.08.2021 01:23:31.497,1.38699,1.3869,1.87,0.75
12.08.2021 01:23:31.598,1.38697,1.3869,0.19,0.75
12.08.2021 01:23:34.204,1.38699,1.38689,0.19,0.75
12.08.2021 01:23:34.308,1.38699,1.3869,0.94,0.75
12.08.2021 01:23:37.749,1.387,1.3869,0.94,0.75
12.08.2021 01:23:53.819,1.38699,1.38689,0.37,1.12
12.08.2021 01:23:53.921,1.38697,1.3869,0.19,1.12
12.08.2021 01:23:54.022,1.38698,1.38688,0.19,1.12
12.08.2021 01:23:54.124,1.38698,1.38689,0.94,1.12
12.08.2021 01:24:02.176,1.38698,1.3869,0.94,0.75
12.08.2021 01:24:03.034,1.38697,1.3869,0.19,0.75
12.08.2021 01:24:03.928,1.38698,1.3869,0.75,0.75
12.08.2021 01:24:07.040,1.3869500000000001,1.38687,0.75,0.75
12.08.2021 01:24:07.142,1.38693,1.38684,0.19,1.12
12.08.2021 01:24:08.107,1.3869500000000001,1.38687,1.5,0.75
12.08.2021 01:24:08.208,1.38693,1.38688,1.5,0.75
12.08.2021 01:24:08.310,1.38691,1.38684,0.19,0.75
12.08.2021 01:24:08.411,1.38691,1.38683,1.39,0.75
12.08.2021 01:24:14.194,1.38691,1.38684,0.19,0.75
12.08.2021 01:24:15.459,1.3869200000000002,1.38684,0.82,0.75
12.08.2021 01:24:15.561,1.3869200000000002,1.3868500000000001,0.75,0.75
12.08.2021 01:24:16.129,1.38693,1.3868600000000002,0.1,0.75
12.08.2021 01:24:16.565,1.38691,1.38683,0.75,0.75
12.08.2021 01:24:18.253,1.3869200000000002,1.38684,1.2,0.75
12.08.2021 01:24:19.760,1.38694,1.3868500000000001,0.37,0.75
12.08.2021 01:24:19.861,1.3869500000000001,1.3868500000000001,2.14,0.75
12.08.2021 01:24:24.499,1.3869,1.38687,0.19,0.75
12.08.2021 01:24:24.550,1.3869,1.38683,0.75,1.62
12.08.2021 01:24:24.652,1.3869200000000002,1.3868500000000001,1.01,0.75
12.08.2021 01:24:29.194,1.3869200000000002,1.38684,1.76,0.75
12.08.2021 01:24:29.440,1.38684,1.38678,0.75,0.75
12.08.2021 01:24:29.542,1.38683,1.38676,0.82,7.5
12.08.2021 01:24:29.644,1.3868200000000002,1.38676,0.82,7.5
12.08.2021 01:24:29.695,1.3868200000000002,1.38674,0.82,0.37
12.08.2021 01:24:29.801,1.3868200000000002,1.38673,0.82,0.37
12.08.2021 01:24:32.742,1.38681,1.38673,0.75,0.75
12.08.2021 01:24:36.241,1.3868600000000002,1.38678,0.82,0.75
12.08.2021 01:24:36.343,1.3869,1.3868200000000002,1.31,1.12
12.08.2021 01:24:36.444,1.3869,1.38683,0.75,1.12
12.08.2021 01:24:42.053,1.38689,1.3868,0.37,0.75
12.08.2021 01:24:42.155,1.38688,1.3868,1.2,0.75
12.08.2021 01:24:44.848,1.3868600000000002,1.38677,1.5,0.75
12.08.2021 01:24:45.254,1.38683,1.38677,0.19,0.75
12.08.2021 01:24:45.356,1.3868200000000002,1.3867500000000001,0.45,0.75
12.08.2021 01:24:49.066,1.38684,1.38674,1.2,0.75
12.08.2021 01:24:55.057,1.3868200000000002,1.38674,1.2,0.75
12.08.2021 01:25:02.188,1.3868200000000002,1.3867200000000002,0.75,0.75
12.08.2021 01:25:02.790,1.3868200000000002,1.38673,1.12,0.75
12.08.2021 01:25:06.199,1.3868,1.3867200000000002,0.75,0.75
12.08.2021 01:25:06.250,1.38681,1.38673,0.75,1.5
12.08.2021 01:25:06.301,1.38683,1.38679,0.37,0.75
12.08.2021 01:25:06.352,1.3868600000000002,1.38678,0.75,1.87
