Gmt time,Ask,Bid,AskVolume,BidVolume
17.08.2021 00:00:00.426,1.3841200000000002,1.38404,0.75,0.75
17.08.2021 00:00:00.678,1.38413,1.3840200000000003,0.75,1.2
17.08.2021 00:00:00.781,1.38413,1.38403,0.75,0.75
17.08.2021 00:00:00.984,1.38413,1.38404,0.75,0.75
17.08.2021 00:00:05.026,1.3841200000000002,1.38403,0.75,0.75
17.08.2021 00:00:07.480,1.3841200000000002,1.3840200000000003,0.75,0.45
17.08.2021 00:00:09.979,1.3841,1.38403,0.75,0.1
17.08.2021 00:00:19.613,1.3841,1.3840200000000003,0.75,0.75
17.08.2021 00:00:22.277,1.3841100000000002,1.3840200000000003,0.75,0.75
17.08.2021 00:00:33.871,1.3841100000000002,1.3840200000000003,0.75,0.1
17.08.2021 00:00:34.175,1.38406,1.3840000000000001,0.94,0.82
17.08.2021 00:00:34.226,1.38406,1.3839700000000001,0.75,0.75
17.08.2021 00:00:34.378,1.38406,1.38395,0.75,0.45
17.08.2021 00:00:36.421,1.38405,1.38395,0.75,0.1
17.08.2021 00:00:36.836,1.38403,1.38394,0.75,0.1
17.08.2021 00:00:36.937,1.3840200000000003,1.38393,0.75,0.45
17.08.2021 00:00:41.813,1.3840200000000003,1.38392,0.75,0.45
17.08.2021 00:00:53.878,1.3840100000000002,1.38394,0.75,0.1
17.08.2021 00:00:59.591,1.3840100000000002,1.38393,0.75,0.82
17.08.2021 00:01:01.639,1.3840200000000003,1.38393,0.75,0.1
17.08.2021 00:01:03.147,1.3840100000000002,1.38393,0.75,0.45
17.08.2021 00:01:06.316,1.3840200000000003,1.38393,0.75,0.1
17.08.2021 00:01:06.417,1.38403,1.38393,0.75,0.1
17.08.2021 00:01:12.128,1.3840100000000002,1.38394,0.75,0.1
17.08.2021 00:01:13.584,1.38403,1.38393,0.75,0.1
17.08.2021 00:01:14.986,1.3840100000000002,1.38394,0.75,0.1
17.08.2021 00:01:15.087,1.3840000000000001,1.38393,0.75,0.45
17.08.2021 00:01:15.139,1.3840200000000003,1.38394,1.5,0.1
17.08.2021 00:01:15.509,1.3840100000000002,1.38394,0.75,0.1
17.08.2021 00:01:15.611,1.38399,1.38389,0.75,1.12
17.08.2021 00:01:15.663,1.38396,1.3838700000000002,1.69,0.45
17.08.2021 00:01:15.765,1.38395,1.3838700000000002,0.75,0.37
17.08.2021 00:01:15.866,1.38395,1.38386,0.75,0.1
17.08.2021 00:01:15.969,1.38393,1.38386,0.75,0.1
17.08.2021 00:01:16.122,1.3839100000000002,1.38385,0.75,0.1
17.08.2021 00:01:16.325,1.38389,1.38382,0.75,0.45
17.08.2021 00:01:16.426,1.38389,1.38383,0.75,0.1
17.08.2021 00:01:18.344,1.3838700000000002,1.3838000000000001,0.94,1.39
17.08.2021 00:01:18.395,1.38385,1.3838000000000001,1.5,0.37
17.08.2021 00:01:18.497,1.38385,1.38378,1.5,0.1
17.08.2021 00:01:18.599,1.38383,1.38375,1.5,0.1
17.08.2021 00:01:18.802,1.38382,1.38375,1.5,0.1
17.08.2021 00:01:18.853,1.3838100000000002,1.38373,0.75,0.1
17.08.2021 00:01:19.005,1.3838000000000001,1.38373,0.75,0.1
17.08.2021 00:01:20.449,1.38382,1.38372,0.75,0.1
17.08.2021 00:01:22.136,1.3838100000000002,1.38374,0.75,0.1
17.08.2021 00:01:26.712,1.38382,1.38374,0.19,0.82
17.08.2021 00:01:27.162,1.38383,1.38374,1.5,0.82
17.08.2021 00:01:38.775,1.38384,1.38375,0.94,0.75
17.08.2021 00:01:38.877,1.38389,1.38382,0.94,0.82
17.08.2021 00:01:38.978,1.3839100000000002,1.38384,8.25,0.82
17.08.2021 00:01:39.080,1.38393,1.38383,0.19,0.82
17.08.2021 00:01:39.182,1.38394,1.38383,1.69,0.82
17.08.2021 00:01:43.060,1.38394,1.38385,1.69,0.82
17.08.2021 00:01:43.161,1.38395,1.38385,0.94,0.1
17.08.2021 00:01:43.911,1.38394,1.3838700000000002,0.19,0.1
17.08.2021 00:01:44.014,1.38395,1.38385,0.19,0.82
17.08.2021 00:01:45.198,1.38394,1.3838700000000002,0.94,0.1
17.08.2021 00:01:46.707,1.38394,1.38386,0.19,0.82
17.08.2021 00:01:47.123,1.38395,1.38386,0.94,0.82
17.08.2021 00:01:47.594,1.38396,1.38386,0.94,0.1
17.08.2021 00:01:51.006,1.38396,1.38385,0.94,0.82
17.08.2021 00:01:51.107,1.38395,1.3838700000000002,0.94,0.1
17.08.2021 00:01:54.870,1.38396,1.38385,0.94,0.82
17.08.2021 00:01:57.501,1.38394,1.38386,0.75,0.82
17.08.2021 00:02:00.021,1.38394,1.38385,0.75,0.82
17.08.2021 00:02:00.123,1.38393,1.38382,0.75,1.2
17.08.2021 00:02:00.376,1.38394,1.38383,1.76,0.75
17.08.2021 00:02:01.281,1.38393,1.38385,0.94,0.82
17.08.2021 00:02:02.159,1.38395,1.38384,1.69,0.82
17.08.2021 00:02:07.947,1.38395,1.38385,0.94,0.75
17.08.2021 00:02:15.029,1.38394,1.38385,1.69,0.82
17.08.2021 00:02:16.619,1.38394,1.38383,0.75,0.82
17.08.2021 00:02:20.364,1.38392,1.38384,0.75,0.82
17.08.2021 00:02:20.868,1.38394,1.38383,0.75,0.82
17.08.2021 00:02:21.514,1.38392,1.38383,0.75,0.82
17.08.2021 00:02:22.012,1.38392,1.38382,0.19,0.75
17.08.2021 00:02:22.113,1.38389,1.3838100000000002,0.75,0.75
17.08.2021 00:02:30.967,1.38389,1.38378,0.75,0.75
17.08.2021 00:02:32.501,1.3839100000000002,1.3838100000000002,0.94,0.75
17.08.2021 00:02:32.552,1.3839000000000001,1.38379,0.75,2.32
17.08.2021 00:02:32.655,1.38388,1.38379,0.75,0.1
17.08.2021 00:02:33.594,1.3838700000000002,1.38379,0.75,0.82
17.08.2021 00:02:35.764,1.38386,1.3837700000000002,0.75,0.82
17.08.2021 00:02:35.967,1.38384,1.38376,0.75,0.1
17.08.2021 00:02:36.070,1.38384,1.38375,0.75,0.82
17.08.2021 00:02:36.359,1.38385,1.38375,0.75,0.1
17.08.2021 00:02:36.933,1.38385,1.38374,0.75,0.82
17.08.2021 00:02:37.883,1.38383,1.38374,0.75,0.1
17.08.2021 00:02:38.805,1.38382,1.38376,0.75,0.1
17.08.2021 00:02:40.313,1.38384,1.38375,0.75,0.1
17.08.2021 00:02:41.914,1.38383,1.38375,0.75,0.82
17.08.2021 00:02:42.971,1.38383,1.38374,0.75,0.82
17.08.2021 00:02:43.077,1.38383,1.38373,0.75,0.1
17.08.2021 00:02:43.179,1.38383,1.38372,0.75,1.95
17.08.2021 00:02:43.503,1.3837700000000002,1.38368,0.19,0.37
17.08.2021 00:02:43.604,1.38375,1.3836700000000002,0.75,0.1
17.08.2021 00:02:43.958,1.38376,1.3836700000000002,0.75,0.1
17.08.2021 00:02:44.520,1.38375,1.3836700000000002,0.75,0.1
17.08.2021 00:02:44.733,1.38374,1.3836700000000002,0.75,0.1
17.08.2021 00:02:45.987,1.38375,1.38365,0.75,0.1
17.08.2021 00:02:46.995,1.38374,1.3836700000000002,0.75,0.1
17.08.2021 00:02:51.556,1.38374,1.38365,0.75,0.1
17.08.2021 00:02:51.657,1.38374,1.38364,0.75,0.82
17.08.2021 00:02:52.149,1.38365,1.38359,0.19,0.94
17.08.2021 00:02:52.251,1.3836600000000001,1.3835700000000002,0.75,0.75
17.08.2021 00:02:52.454,1.38365,1.3835700000000002,0.75,0.82
17.08.2021 00:02:54.682,1.3836600000000001,1.38358,0.75,0.75
17.08.2021 00:02:54.785,1.3836600000000001,1.3835700000000002,0.75,0.75
17.08.2021 00:02:58.071,1.3836700000000002,1.3835700000000002,0.75,0.75
17.08.2021 00:02:58.453,1.38365,1.3835700000000002,0.75,0.75
17.08.2021 00:02:58.707,1.3836600000000001,1.38358,0.94,0.75
17.08.2021 00:02:59.127,1.38365,1.3835700000000002,0.75,0.75
17.08.2021 00:02:59.228,1.3836600000000001,1.38358,0.94,0.75
17.08.2021 00:03:01.282,1.3836600000000001,1.38359,0.94,0.94
17.08.2021 00:03:01.333,1.38369,1.38359,0.75,1.5
17.08.2021 00:03:01.434,1.3836700000000002,1.3836000000000002,0.75,0.75
17.08.2021 00:03:01.703,1.38368,1.38358,0.75,1.5
17.08.2021 00:03:01.906,1.38369,1.38363,0.26,0.75
17.08.2021 00:03:02.175,1.38371,1.3836600000000001,0.56,0.75
17.08.2021 00:03:02.276,1.38372,1.38368,0.19,0.75
17.08.2021 00:03:02.378,1.38373,1.38368,0.19,0.75
17.08.2021 00:03:05.885,1.38374,1.38368,0.26,0.75
17.08.2021 00:03:07.057,1.38375,1.38368,0.19,0.75
17.08.2021 00:03:07.412,1.38378,1.38373,0.19,0.75
17.08.2021 00:03:07.515,1.38379,1.38373,0.19,0.75
17.08.2021 00:03:07.667,1.38379,1.38374,0.37,0.75
17.08.2021 00:03:08.495,1.3838000000000001,1.38374,0.45,0.75
17.08.2021 00:03:17.832,1.3838100000000002,1.38375,0.1,0.75
17.08.2021 00:03:17.934,1.38386,1.3838000000000001,0.1,0.75
17.08.2021 00:03:18.036,1.38386,1.38379,0.1,0.75
17.08.2021 00:03:18.139,1.3838700000000002,1.38379,0.1,0.75
17.08.2021 00:03:18.404,1.38386,1.38379,0.1,0.75
17.08.2021 00:03:20.796,1.38386,1.38378,0.1,0.75
17.08.2021 00:03:21.056,1.38384,1.38379,0.1,0.75
17.08.2021 00:03:21.949,1.38385,1.38379,0.1,0.75
17.08.2021 00:03:22.817,1.38385,1.3838000000000001,0.1,0.75
17.08.2021 00:03:23.951,1.3838700000000002,1.3838000000000001,0.1,0.75
17.08.2021 00:03:24.053,1.3839100000000002,1.3838700000000002,1.57,0.75
17.08.2021 00:03:24.155,1.38389,1.38385,0.75,1.87
17.08.2021 00:03:24.206,1.38393,1.38385,1.5,1.87
17.08.2021 00:03:25.309,1.38394,1.38388,1.5,0.75
17.08.2021 00:03:26.159,1.38393,1.38388,1.5,0.75
17.08.2021 00:03:26.260,1.38394,1.38388,1.5,0.75
17.08.2021 00:03:28.175,1.38394,1.38385,1.5,0.75
17.08.2021 00:03:30.694,1.3840000000000001,1.38394,0.94,0.75
17.08.2021 00:03:30.796,1.3840200000000003,1.38395,1.95,0.75
17.08.2021 00:03:31.817,1.3840200000000003,1.38398,0.1,0.75
17.08.2021 00:03:31.868,1.3840200000000003,1.38396,0.1,0.75
17.08.2021 00:03:31.969,1.3840100000000002,1.38396,0.1,0.75
17.08.2021 00:03:32.595,1.3840100000000002,1.38395,0.1,0.75
17.08.2021 00:03:32.697,1.3840000000000001,1.38395,0.1,0.75
17.08.2021 00:03:42.115,1.38399,1.3839000000000001,0.1,0.75
17.08.2021 00:03:42.218,1.3839700000000001,1.3839100000000002,0.1,0.75
17.08.2021 00:03:42.321,1.38396,1.3839000000000001,0.1,0.75
17.08.2021 00:03:45.471,1.38396,1.38392,0.1,0.75
17.08.2021 00:03:46.139,1.38398,1.38393,0.75,0.75
17.08.2021 00:03:46.442,1.38399,1.38393,0.75,0.75
17.08.2021 00:03:46.698,1.38398,1.38392,0.1,0.75
17.08.2021 00:03:46.750,1.38399,1.38388,0.1,1.12
17.08.2021 00:03:46.801,1.3840000000000001,1.38394,0.1,0.75
17.08.2021 00:04:02.635,1.3840200000000003,1.38398,0.1,0.75
17.08.2021 00:04:02.736,1.3840100000000002,1.3839700000000001,0.1,0.75
17.08.2021 00:04:03.299,1.3840000000000001,1.38396,0.1,0.75
17.08.2021 00:04:06.822,1.3840000000000001,1.38395,0.1,0.75
17.08.2021 00:04:09.123,1.3840200000000003,1.38394,0.1,1.12
17.08.2021 00:04:09.751,1.38404,1.38398,0.1,0.75
17.08.2021 00:04:09.853,1.38406,1.38399,0.1,0.75
17.08.2021 00:04:10.361,1.3840700000000001,1.38399,0.1,0.75
17.08.2021 00:04:13.268,1.3840700000000001,1.3840100000000002,0.94,0.75
17.08.2021 00:04:13.319,1.38409,1.38403,5.62,0.75
17.08.2021 00:04:13.903,1.3841100000000002,1.3840200000000003,1.12,0.75
17.08.2021 00:04:17.982,1.38406,1.38399,0.75,0.37
17.08.2021 00:04:18.083,1.38403,1.3839700000000001,0.75,0.45
17.08.2021 00:04:18.185,1.38403,1.38395,0.75,1.2
17.08.2021 00:04:18.236,1.3840100000000002,1.38393,0.75,0.37
17.08.2021 00:04:18.337,1.3840200000000003,1.3839100000000002,0.75,1.2
17.08.2021 00:04:19.251,1.3840100000000002,1.3839100000000002,0.75,0.37
17.08.2021 00:04:20.317,1.3840100000000002,1.3839000000000001,0.75,0.75
17.08.2021 00:04:20.819,1.38396,1.38388,0.75,1.57
17.08.2021 00:04:20.921,1.38396,1.3838700000000002,0.75,2.32
17.08.2021 00:04:21.022,1.3839700000000001,1.3838700000000002,0.75,0.1
17.08.2021 00:04:21.124,1.3839700000000001,1.38386,0.75,1.57
17.08.2021 00:04:22.922,1.3839700000000001,1.3838700000000002,0.75,0.37
17.08.2021 00:04:25.443,1.3839700000000001,1.38388,0.75,1.12
17.08.2021 00:04:25.738,1.38398,1.38389,0.75,1.12
17.08.2021 00:04:28.917,1.38399,1.3839000000000001,0.75,1.87
17.08.2021 00:04:29.019,1.38399,1.3839100000000002,0.75,0.37
17.08.2021 00:04:29.122,1.3840000000000001,1.38392,0.75,0.75
17.08.2021 00:04:30.037,1.3840200000000003,1.3839100000000002,0.75,0.75
17.08.2021 00:04:32.138,1.3840100000000002,1.3839100000000002,0.75,1.12
17.08.2021 00:04:33.015,1.3840100000000002,1.38392,0.75,1.12
17.08.2021 00:04:37.419,1.3840000000000001,1.38392,0.75,0.75
17.08.2021 00:04:37.470,1.38398,1.38389,0.75,1.2
17.08.2021 00:04:37.908,1.3840100000000002,1.38393,0.1,0.75
17.08.2021 00:04:41.300,1.38403,1.38392,0.82,1.12
17.08.2021 00:04:43.053,1.3840100000000002,1.38393,0.1,0.75
17.08.2021 00:04:43.792,1.3840200000000003,1.3839100000000002,0.82,1.12
17.08.2021 00:04:51.282,1.38403,1.38394,0.82,1.12
17.08.2021 00:04:51.434,1.38403,1.38395,0.75,0.37
17.08.2021 00:04:52.374,1.3840700000000001,1.38398,0.75,1.12
17.08.2021 00:04:52.475,1.38408,1.38399,0.75,1.12
17.08.2021 00:04:54.139,1.38409,1.38399,0.75,0.37
17.08.2021 00:04:54.241,1.38409,1.3840100000000002,0.75,0.75
17.08.2021 00:05:03.238,1.38408,1.3839700000000001,0.75,1.12
17.08.2021 00:05:04.751,1.3840700000000001,1.38396,0.75,0.75
17.08.2021 00:05:08.808,1.38406,1.38395,0.75,1.12
17.08.2021 00:05:12.155,1.38404,1.38396,0.75,0.37
17.08.2021 00:05:12.963,1.3840700000000001,1.38396,0.75,1.12
17.08.2021 00:05:14.831,1.38406,1.38398,0.75,0.37
17.08.2021 00:05:16.614,1.38408,1.3839700000000001,0.75,1.12
17.08.2021 00:05:30.956,1.38408,1.38399,0.82,0.75
17.08.2021 00:05:32.180,1.38408,1.38398,0.1,0.75
17.08.2021 00:05:36.059,1.38408,1.38399,0.82,0.75
17.08.2021 00:06:12.831,1.3841,1.38399,0.82,0.75
17.08.2021 00:06:16.257,1.38408,1.38398,0.75,1.12
17.08.2021 00:06:20.039,1.38405,1.3839700000000001,0.1,0.75
17.08.2021 00:06:20.142,1.3840100000000002,1.38396,0.75,1.12
17.08.2021 00:06:20.347,1.3840200000000003,1.38392,0.75,0.82
17.08.2021 00:06:20.398,1.38404,1.38392,1.2,0.82
17.08.2021 00:06:20.501,1.3840200000000003,1.38393,0.1,0.75
17.08.2021 00:06:21.029,1.3840100000000002,1.38393,4.5,0.75
17.08.2021 00:06:21.383,1.3840200000000003,1.38393,4.57,0.75
17.08.2021 00:06:21.485,1.3840200000000003,1.38394,0.1,0.75
17.08.2021 00:06:24.698,1.38404,1.38393,4.2,0.75
17.08.2021 00:06:30.389,1.3840200000000003,1.38394,0.75,0.75
17.08.2021 00:06:30.440,1.38399,1.38388,0.75,0.75
17.08.2021 00:06:30.542,1.38393,1.3838700000000002,0.75,0.75
17.08.2021 00:06:30.593,1.3839700000000001,1.38386,0.82,0.75
17.08.2021 00:06:31.190,1.3839100000000002,1.3838700000000002,0.75,0.75
17.08.2021 00:06:31.619,1.3839100000000002,1.38386,0.75,0.75
17.08.2021 00:06:34.817,1.38395,1.38386,0.82,0.75
17.08.2021 00:06:38.658,1.38395,1.38385,0.1,0.75
17.08.2021 00:06:47.060,1.38393,1.38386,0.1,0.75
17.08.2021 00:06:54.572,1.38393,1.38385,0.1,0.75
17.08.2021 00:07:03.752,1.38393,1.38386,0.1,0.75
17.08.2021 00:07:06.389,1.38394,1.38386,0.1,0.75
17.08.2021 00:07:24.263,1.38394,1.38385,0.1,0.75
17.08.2021 00:07:24.365,1.38392,1.38385,0.1,0.75
17.08.2021 00:07:24.999,1.3839100000000002,1.38385,0.75,0.75
17.08.2021 00:07:25.050,1.3838700000000002,1.38379,0.75,0.75
17.08.2021 00:07:25.101,1.3838000000000001,1.38373,1.5,1.12
17.08.2021 00:07:25.203,1.38382,1.38372,1.31,8.62
17.08.2021 00:07:25.305,1.38382,1.38375,0.75,0.75
17.08.2021 00:07:25.407,1.38383,1.38376,0.19,0.75
17.08.2021 00:07:25.661,1.38383,1.38375,0.19,0.75
17.08.2021 00:07:26.228,1.38383,1.38374,3.26,0.75
17.08.2021 00:07:40.456,1.38383,1.38375,0.19,0.75
17.08.2021 00:07:48.103,1.38385,1.38374,1.95,0.75
17.08.2021 00:07:48.205,1.38383,1.38374,3,0.75
17.08.2021 00:07:50.867,1.38384,1.38375,3,0.75
17.08.2021 00:07:50.968,1.38384,1.38376,0.94,0.75
17.08.2021 00:08:02.995,1.38385,1.38376,0.19,0.75
17.08.2021 00:08:10.272,1.38386,1.38376,0.75,0.75
17.08.2021 00:08:10.373,1.38386,1.38378,1.12,0.75
17.08.2021 00:08:10.932,1.3838700000000002,1.38378,1.12,0.75
17.08.2021 00:08:12.149,1.38388,1.3838100000000002,0.94,0.75
17.08.2021 00:08:14.896,1.38389,1.38385,0.75,0.75
17.08.2021 00:08:14.947,1.38392,1.38385,0.45,0.75
17.08.2021 00:08:15.099,1.38394,1.38384,1.57,0.75
17.08.2021 00:08:39.707,1.38394,1.38386,0.45,0.75
17.08.2021 00:08:39.808,1.38395,1.38386,0.37,0.75
17.08.2021 00:08:39.909,1.38395,1.3838700000000002,0.37,0.75
17.08.2021 00:08:40.011,1.38396,1.3838700000000002,0.37,0.75
17.08.2021 00:08:40.213,1.38396,1.38388,0.37,0.75
17.08.2021 00:08:40.314,1.38395,1.3839000000000001,0.19,0.75
17.08.2021 00:08:40.365,1.38399,1.3839000000000001,0.1,0.75
17.08.2021 00:08:40.416,1.38396,1.3839100000000002,0.75,0.75
17.08.2021 00:08:41.198,1.38399,1.3839000000000001,0.1,0.75
17.08.2021 00:08:41.350,1.3840100000000002,1.38396,0.19,0.75
17.08.2021 00:08:41.452,1.38403,1.38395,0.19,0.75
17.08.2021 00:08:42.059,1.38404,1.38395,0.19,0.75
17.08.2021 00:08:43.710,1.38404,1.38396,0.19,0.75
17.08.2021 00:08:47.889,1.38403,1.38394,0.37,0.75
17.08.2021 00:08:47.940,1.38398,1.3839000000000001,0.37,0.82
17.08.2021 00:08:48.042,1.38398,1.38388,0.1,0.75
17.08.2021 00:08:50.681,1.3839700000000001,1.3838700000000002,0.1,0.75
17.08.2021 00:08:53.597,1.38396,1.3838700000000002,0.19,0.75
17.08.2021 00:09:01.383,1.38396,1.38388,0.19,0.75
17.08.2021 00:09:01.485,1.3839700000000001,1.3839000000000001,0.19,0.75
17.08.2021 00:09:03.992,1.3839700000000001,1.3839100000000002,0.19,0.75
17.08.2021 00:09:14.807,1.38398,1.3839100000000002,0.26,0.75
17.08.2021 00:09:29.750,1.38398,1.38389,0.82,0.75
17.08.2021 00:09:37.664,1.3839700000000001,1.38389,0.75,0.75
17.08.2021 00:09:41.165,1.38399,1.38394,0.75,0.75
17.08.2021 00:09:41.217,1.3840100000000002,1.38394,0.1,0.75
17.08.2021 00:09:41.268,1.38404,1.38393,2.4,0.75
17.08.2021 00:09:42.747,1.38404,1.38396,5.32,0.75
17.08.2021 00:09:49.229,1.38405,1.38396,1.2,0.75
17.08.2021 00:09:52.022,1.38405,1.38395,0.1,0.75
17.08.2021 00:09:57.063,1.38404,1.3839700000000001,0.1,0.75
17.08.2021 00:09:58.648,1.38406,1.38396,1.2,0.75
17.08.2021 00:10:01.031,1.38405,1.38396,0.1,0.75
17.08.2021 00:10:04.032,1.38406,1.38396,0.45,0.75
17.08.2021 00:10:09.710,1.38406,1.38398,1.95,0.75
17.08.2021 00:10:09.862,1.38406,1.3839700000000001,1.95,0.75
17.08.2021 00:10:11.267,1.38405,1.3839700000000001,0.1,0.75
17.08.2021 00:10:15.250,1.3840700000000001,1.38396,0.82,0.75
17.08.2021 00:10:17.171,1.38405,1.3839700000000001,0.1,0.75
17.08.2021 00:10:22.578,1.38404,1.3839700000000001,0.1,0.75
17.08.2021 00:10:24.035,1.38405,1.3839700000000001,0.1,0.75
17.08.2021 00:10:36.718,1.38406,1.3839700000000001,3.07,0.75
17.08.2021 00:10:47.732,1.38405,1.38396,0.1,0.75
17.08.2021 00:11:04.090,1.38404,1.38395,0.1,0.75
17.08.2021 00:11:19.294,1.38403,1.38393,0.75,1.01
17.08.2021 00:11:19.396,1.38403,1.38392,0.75,0.75
17.08.2021 00:11:22.999,1.3840200000000003,1.3839100000000002,0.75,0.75
17.08.2021 00:11:23.668,1.38403,1.38392,3.75,0.75
17.08.2021 00:11:24.545,1.3840200000000003,1.38392,3,0.75
17.08.2021 00:11:24.659,1.3840200000000003,1.38393,3.75,0.75
17.08.2021 00:11:25.926,1.3840100000000002,1.38393,3,0.75
17.08.2021 00:11:26.794,1.38403,1.38392,3.75,0.75
17.08.2021 00:11:27.085,1.3840200000000003,1.38392,3.75,0.75
17.08.2021 00:11:27.903,1.38399,1.3838700000000002,1.12,1.5
17.08.2021 00:11:28.005,1.3839700000000001,1.38388,0.82,0.75
17.08.2021 00:11:28.141,1.3839700000000001,1.3838700000000002,0.82,0.75
17.08.2021 00:11:31.642,1.3839700000000001,1.3838700000000002,1.95,0.75
17.08.2021 00:11:32.252,1.3839700000000001,1.38385,0.75,0.75
17.08.2021 00:11:35.974,1.3839700000000001,1.3838700000000002,1.95,0.75
17.08.2021 00:11:36.076,1.3840100000000002,1.38393,1.27,0.75
17.08.2021 00:11:36.279,1.3840100000000002,1.38394,0.75,0.75
17.08.2021 00:11:37.391,1.38404,1.38393,0.37,0.75
17.08.2021 00:11:40.526,1.38403,1.38393,1.95,0.75
17.08.2021 00:11:52.764,1.38403,1.38394,0.82,0.75
17.08.2021 00:11:55.641,1.38403,1.38393,0.75,0.75
17.08.2021 00:11:55.742,1.38403,1.38394,1.57,0.75
17.08.2021 00:12:02.642,1.3840200000000003,1.38393,0.82,0.75
17.08.2021 00:12:03.255,1.3840200000000003,1.38392,0.1,0.75
17.08.2021 00:12:07.503,1.3840100000000002,1.38392,0.1,1.5
17.08.2021 00:12:08.038,1.38403,1.3839100000000002,1.57,1.5
17.08.2021 00:12:08.927,1.3840200000000003,1.38393,0.82,0.75
17.08.2021 00:12:12.339,1.3840100000000002,1.38393,4.5,0.75
17.08.2021 00:12:13.777,1.38403,1.38392,5.32,0.75
17.08.2021 00:12:13.988,1.3840200000000003,1.38392,4.5,0.75
17.08.2021 00:12:14.266,1.38403,1.38392,5.32,0.75
17.08.2021 00:12:14.822,1.3840200000000003,1.38392,0.1,0.75
17.08.2021 00:12:14.924,1.3840200000000003,1.38393,4.57,0.75
17.08.2021 00:12:18.187,1.3840200000000003,1.38392,0.1,0.75
17.08.2021 00:12:18.399,1.3840100000000002,1.38392,0.1,1.5
17.08.2021 00:12:23.597,1.3840000000000001,1.38392,2.32,0.75
17.08.2021 00:12:23.699,1.3840000000000001,1.3839100000000002,0.82,0.75
17.08.2021 00:12:24.732,1.38399,1.38389,1.2,0.75
17.08.2021 00:12:31.869,1.38398,1.3838700000000002,0.82,1.5
17.08.2021 00:12:33.874,1.38396,1.38388,0.37,0.75
17.08.2021 00:12:35.811,1.38395,1.38388,0.75,0.75
17.08.2021 00:12:35.960,1.38396,1.38388,0.37,0.75
17.08.2021 00:12:37.280,1.38398,1.3838700000000002,3.07,0.75
17.08.2021 00:12:37.614,1.38398,1.38386,3.07,0.75
17.08.2021 00:12:38.269,1.38396,1.3838700000000002,0.37,0.75
17.08.2021 00:12:38.402,1.3839700000000001,1.38385,2.7,1.5
17.08.2021 00:12:38.503,1.38396,1.38385,0.75,1.5
17.08.2021 00:12:39.765,1.38395,1.38385,1.12,1.5
17.08.2021 00:12:51.893,1.38395,1.38386,1.95,0.75
17.08.2021 00:12:53.637,1.38396,1.38384,1.95,1.5
17.08.2021 00:12:59.027,1.38395,1.38384,0.1,0.75
17.08.2021 00:12:59.244,1.38395,1.38385,6.45,0.75
17.08.2021 00:13:07.409,1.38396,1.38386,1.57,0.75
17.08.2021 00:13:07.510,1.38395,1.38386,0.1,0.75
17.08.2021 00:13:20.759,1.38395,1.38385,1.57,0.75
17.08.2021 00:13:22.444,1.38395,1.38386,0.82,0.75
17.08.2021 00:13:34.062,1.38396,1.38384,6.07,0.75
17.08.2021 00:13:44.443,1.38394,1.38385,0.1,0.75
17.08.2021 00:14:44.885,1.38393,1.3838100000000002,0.75,1.95
17.08.2021 00:14:45.481,1.3839100000000002,1.38382,0.1,0.75
17.08.2021 00:14:55.640,1.38394,1.38382,1.01,0.75
17.08.2021 00:14:56.669,1.3839100000000002,1.38383,0.75,0.75
17.08.2021 00:15:00.704,1.38393,1.38383,0.82,0.75
17.08.2021 00:15:34.101,1.38394,1.38384,1.57,0.75
17.08.2021 00:15:34.203,1.38394,1.38385,1.57,0.75
17.08.2021 00:15:39.436,1.38394,1.38384,1.5,0.82
17.08.2021 00:15:39.590,1.38395,1.38384,0.75,0.75
17.08.2021 00:15:52.711,1.3839000000000001,1.38379,0.75,0.82
17.08.2021 00:15:52.814,1.3839000000000001,1.3838000000000001,1.2,0.75
17.08.2021 00:15:56.354,1.38389,1.3838000000000001,0.75,0.75
17.08.2021 00:15:56.405,1.38389,1.3837700000000002,0.82,0.82
17.08.2021 00:15:57.275,1.3838700000000002,1.38378,0.75,0.82
17.08.2021 00:15:59.491,1.38386,1.38378,0.1,0.75
17.08.2021 00:15:59.593,1.38386,1.3837700000000002,0.82,0.75
17.08.2021 00:15:59.796,1.38385,1.38374,0.75,0.82
17.08.2021 00:16:27.057,1.38386,1.38374,1.57,0.82
17.08.2021 00:16:35.635,1.38385,1.38374,0.1,0.75
17.08.2021 00:16:59.507,1.38383,1.38375,0.1,0.75
17.08.2021 00:16:59.609,1.38385,1.38374,0.75,0.75
17.08.2021 00:16:59.811,1.38386,1.38375,1.5,0.75
17.08.2021 00:17:05.015,1.38386,1.38376,0.75,0.75
17.08.2021 00:17:10.887,1.38389,1.38382,0.19,0.75
17.08.2021 00:17:10.989,1.3839000000000001,1.3838000000000001,0.75,0.75
17.08.2021 00:17:11.836,1.3839000000000001,1.3838100000000002,2.25,0.75
17.08.2021 00:17:15.087,1.3839100000000002,1.3838100000000002,1.5,0.75
17.08.2021 00:17:17.588,1.3839100000000002,1.38383,1.5,0.75
17.08.2021 00:17:21.975,1.38393,1.38385,0.75,0.75
17.08.2021 00:17:22.077,1.38393,1.38386,0.94,0.75
17.08.2021 00:17:24.345,1.38394,1.3838700000000002,1.69,0.75
17.08.2021 00:17:29.735,1.38395,1.3838700000000002,1.57,0.75
17.08.2021 00:17:42.190,1.38393,1.38385,0.19,0.75
17.08.2021 00:17:42.241,1.38392,1.38383,0.75,0.75
17.08.2021 00:17:43.981,1.38392,1.38382,0.75,0.75
17.08.2021 00:17:44.082,1.3839100000000002,1.38382,0.75,0.75
17.08.2021 00:18:02.460,1.38394,1.38383,1.57,0.75
17.08.2021 00:18:02.561,1.38393,1.38383,0.75,0.75
17.08.2021 00:18:03.017,1.38393,1.38384,1.5,0.75
17.08.2021 00:18:06.807,1.38395,1.38383,1.57,0.75
17.08.2021 00:18:12.088,1.38394,1.38385,5.25,0.75
17.08.2021 00:18:12.312,1.38396,1.38384,1.5,1.12
17.08.2021 00:18:14.234,1.38396,1.38385,1.5,0.82
17.08.2021 00:18:14.747,1.38396,1.3838700000000002,0.75,0.75
17.08.2021 00:18:19.409,1.38396,1.38386,0.75,0.75
17.08.2021 00:18:22.177,1.3839700000000001,1.38386,2.7,0.75
17.08.2021 00:18:33.515,1.3839700000000001,1.3838700000000002,2.7,0.75
17.08.2021 00:18:35.950,1.38398,1.3838700000000002,1.95,0.75
17.08.2021 00:18:40.637,1.38399,1.3838700000000002,0.75,0.75
17.08.2021 00:18:41.530,1.38399,1.38386,2.7,0.75
17.08.2021 00:18:53.672,1.38399,1.3838700000000002,0.75,0.75
17.08.2021 00:19:01.281,1.3840100000000002,1.38394,0.37,1.5
17.08.2021 00:19:01.332,1.38405,1.38395,5.32,0.75
17.08.2021 00:19:04.253,1.38406,1.38396,1.57,0.75
17.08.2021 00:19:04.708,1.38408,1.38395,5.32,1.57
17.08.2021 00:19:05.184,1.3840700000000001,1.3839700000000001,1.57,0.75
17.08.2021 00:19:09.678,1.38409,1.38396,1.95,0.82
17.08.2021 00:19:11.951,1.3840700000000001,1.3839700000000001,0.1,0.82
17.08.2021 00:19:12.176,1.3840700000000001,1.38396,1.2,1.5
17.08.2021 00:19:20.979,1.38406,1.38394,0.75,1.5
17.08.2021 00:19:22.552,1.38404,1.38395,0.1,0.75
17.08.2021 00:19:25.982,1.38406,1.38393,1.2,0.75
17.08.2021 00:19:26.134,1.38406,1.38394,1.2,0.75
17.08.2021 00:19:36.897,1.38405,1.38394,0.1,0.75
17.08.2021 00:19:38.063,1.38404,1.38394,0.75,0.75
17.08.2021 00:19:42.595,1.38405,1.38394,0.75,1.5
17.08.2021 00:19:42.807,1.38404,1.38396,0.75,0.75
17.08.2021 00:19:44.151,1.38405,1.38396,1.12,1.5
17.08.2021 00:19:45.269,1.38408,1.3840100000000002,0.37,0.75
17.08.2021 00:19:46.038,1.3841100000000002,1.3840100000000002,0.75,1.5
17.08.2021 00:19:46.140,1.3841100000000002,1.3840200000000003,0.75,1.5
17.08.2021 00:19:46.243,1.3841200000000002,1.3840200000000003,0.82,1.5
17.08.2021 00:19:46.345,1.3841200000000002,1.3840100000000002,1.5,1.5
17.08.2021 00:19:46.498,1.3841100000000002,1.3840100000000002,0.75,1.5
17.08.2021 00:19:54.240,1.3841200000000002,1.3840200000000003,0.75,1.87
17.08.2021 00:19:54.291,1.38413,1.38405,0.75,1.5
17.08.2021 00:19:54.544,1.38414,1.38405,1.5,1.5
17.08.2021 00:19:58.906,1.38415,1.38405,0.75,0.75
17.08.2021 00:20:09.943,1.38414,1.38405,0.75,1.5
17.08.2021 00:20:53.047,1.38413,1.38405,0.1,1.5
17.08.2021 00:21:16.353,1.38415,1.38405,0.82,0.75
17.08.2021 00:21:20.376,1.38415,1.38406,0.82,0.75
17.08.2021 00:21:38.666,1.38413,1.38403,0.75,0.75
17.08.2021 00:21:38.768,1.3841200000000002,1.38403,0.82,0.75
17.08.2021 00:21:38.920,1.3841100000000002,1.38403,0.1,0.75
17.08.2021 00:21:39.073,1.3841100000000002,1.3840200000000003,0.1,0.75
17.08.2021 00:21:53.799,1.38413,1.38403,3,0.75
17.08.2021 00:21:53.901,1.38413,1.38404,0.75,0.75
17.08.2021 00:22:01.053,1.38413,1.38405,0.75,0.75
17.08.2021 00:22:18.442,1.38415,1.38404,0.1,0.75
17.08.2021 00:22:18.747,1.38416,1.38404,1.57,0.75
17.08.2021 00:22:33.437,1.38416,1.38405,0.82,0.75
17.08.2021 00:22:35.945,1.38414,1.38406,0.1,0.75
17.08.2021 00:23:04.712,1.38414,1.38405,0.82,0.75
17.08.2021 00:23:16.383,1.38413,1.38405,0.75,0.75
17.08.2021 00:23:18.136,1.38413,1.38406,0.75,0.75
17.08.2021 00:23:18.238,1.38414,1.38406,0.82,0.75
17.08.2021 00:23:23.343,1.38414,1.38405,0.82,0.75
17.08.2021 00:24:19.884,1.38414,1.38404,0.82,1.5
17.08.2021 00:25:25.217,1.38414,1.38405,0.75,0.75
17.08.2021 00:25:27.028,1.38414,1.38404,1.57,0.75
17.08.2021 00:25:48.243,1.3841100000000002,1.3840200000000003,0.75,1.12
17.08.2021 00:25:48.345,1.3840700000000001,1.38398,0.75,4.87
17.08.2021 00:25:48.396,1.38406,1.3839700000000001,0.75,1.5
17.08.2021 00:25:48.498,1.38406,1.38395,2.32,2.32
17.08.2021 00:25:48.864,1.38405,1.38395,0.1,1.87
17.08.2021 00:25:51.621,1.38404,1.38395,0.82,0.75
17.08.2021 00:26:00.880,1.38405,1.38393,0.82,1.87
17.08.2021 00:26:00.931,1.3840000000000001,1.38394,2.06,0.19
17.08.2021 00:26:00.982,1.38396,1.38389,0.75,0.75
17.08.2021 00:26:01.033,1.38394,1.3838700000000002,0.75,0.75
17.08.2021 00:26:01.134,1.38394,1.38386,0.82,8.25
17.08.2021 00:26:01.286,1.38395,1.38384,0.75,0.75
17.08.2021 00:26:02.705,1.38395,1.38385,0.82,1.5
17.08.2021 00:27:16.091,1.38394,1.38385,0.1,1.5
17.08.2021 00:27:18.561,1.38395,1.38383,0.82,1.5
17.08.2021 00:27:18.663,1.38388,1.3838000000000001,1.5,4.5
17.08.2021 00:27:18.764,1.38389,1.3837700000000002,0.75,1.95
17.08.2021 00:27:18.866,1.38389,1.38379,0.82,1.12
17.08.2021 00:27:20.110,1.3839000000000001,1.38382,0.82,1.87
17.08.2021 00:27:20.263,1.38392,1.38382,1.5,2.32
17.08.2021 00:27:22.365,1.38389,1.38382,0.75,2.32
17.08.2021 00:27:23.245,1.38385,1.3838100000000002,0.75,0.75
17.08.2021 00:27:23.297,1.38382,1.38376,0.75,2.14
17.08.2021 00:27:23.402,1.38382,1.38375,0.75,0.75
17.08.2021 00:27:23.504,1.3838100000000002,1.38375,0.75,0.75
17.08.2021 00:27:23.606,1.3838000000000001,1.38374,0.75,0.75
17.08.2021 00:27:23.708,1.3838000000000001,1.38373,1.69,0.75
17.08.2021 00:27:23.759,1.38376,1.3837000000000002,0.75,0.75
17.08.2021 00:27:23.860,1.38376,1.38369,0.75,0.75
17.08.2021 00:27:23.962,1.38373,1.3837000000000002,0.75,0.75
17.08.2021 00:27:24.012,1.38375,1.3836600000000001,0.75,0.75
17.08.2021 00:27:24.063,1.38372,1.3836600000000001,0.75,0.82
17.08.2021 00:27:24.266,1.38371,1.38365,0.75,0.75
17.08.2021 00:27:25.904,1.38371,1.38364,0.75,0.75
17.08.2021 00:27:27.435,1.38372,1.38362,0.75,1.57
17.08.2021 00:27:28.194,1.38373,1.38363,1.5,0.1
17.08.2021 00:27:34.577,1.38371,1.38363,0.75,0.45
17.08.2021 00:27:41.914,1.38373,1.38362,0.75,0.45
17.08.2021 00:27:47.251,1.38374,1.38371,0.75,0.75
17.08.2021 00:27:47.302,1.3838100000000002,1.38372,0.75,0.19
17.08.2021 00:27:47.404,1.38383,1.38373,13.5,0.19
17.08.2021 00:27:47.505,1.38383,1.38374,1.5,0.26
17.08.2021 00:27:56.033,1.38383,1.38372,0.75,1.01
17.08.2021 00:28:00.256,1.38382,1.38374,0.75,0.37
17.08.2021 00:28:00.358,1.38383,1.38374,1.5,0.45
17.08.2021 00:28:01.438,1.38382,1.38374,0.75,0.45
17.08.2021 00:28:02.893,1.38384,1.38373,0.75,0.45
17.08.2021 00:28:03.100,1.38384,1.38374,0.75,0.1
17.08.2021 00:28:03.329,1.38384,1.38375,0.75,0.82
17.08.2021 00:28:04.129,1.38384,1.38376,0.75,0.1
17.08.2021 00:28:05.808,1.38385,1.38376,0.75,0.1
17.08.2021 00:28:06.265,1.38386,1.38376,0.75,0.1
17.08.2021 00:28:06.518,1.3839000000000001,1.3838000000000001,0.75,1.12
17.08.2021 00:28:07.642,1.38389,1.3838000000000001,0.75,0.26
17.08.2021 00:28:07.946,1.38389,1.38379,0.75,0.1
17.08.2021 00:28:08.100,1.38388,1.38379,0.75,0.19
17.08.2021 00:28:13.450,1.38386,1.3837700000000002,1.5,0.26
17.08.2021 00:28:14.339,1.38386,1.38376,0.75,0.26
17.08.2021 00:28:20.879,1.38385,1.38376,0.75,0.1
17.08.2021 00:28:20.981,1.38385,1.38375,0.75,0.1
17.08.2021 00:28:21.082,1.38384,1.38374,0.75,0.45
17.08.2021 00:28:21.235,1.38385,1.38374,0.75,0.45
17.08.2021 00:28:22.614,1.38386,1.38374,1.5,0.37
17.08.2021 00:28:26.922,1.38384,1.38375,0.75,0.37
17.08.2021 00:28:27.023,1.38385,1.38373,0.75,1.95
17.08.2021 00:28:27.513,1.38384,1.38375,0.75,0.37
17.08.2021 00:28:29.906,1.38385,1.38375,0.75,0.1
17.08.2021 00:28:30.271,1.38384,1.38375,0.75,0.45
17.08.2021 00:28:46.652,1.38385,1.38375,0.75,0.45
17.08.2021 00:28:46.879,1.38389,1.3838100000000002,0.45,0.37
17.08.2021 00:28:46.981,1.38388,1.38382,0.75,0.75
17.08.2021 00:28:47.614,1.38393,1.3838100000000002,0.75,0.75
17.08.2021 00:28:48.201,1.38393,1.38382,0.75,0.37
17.08.2021 00:29:03.157,1.3839100000000002,1.3838100000000002,0.75,0.94
17.08.2021 00:29:03.208,1.38389,1.3838000000000001,0.75,3.37
17.08.2021 00:29:03.309,1.38388,1.3838000000000001,0.75,0.37
17.08.2021 00:29:09.410,1.38392,1.38384,2.32,0.19
17.08.2021 00:29:13.429,1.3839100000000002,1.38383,0.75,0.19
17.08.2021 00:29:13.480,1.3839000000000001,1.3838000000000001,0.75,3
17.08.2021 00:29:13.582,1.38389,1.38379,0.75,0.37
17.08.2021 00:29:18.269,1.38388,1.38379,0.75,0.37
17.08.2021 00:29:19.576,1.38389,1.38379,0.75,0.37
17.08.2021 00:29:19.831,1.38388,1.38379,0.75,0.37
17.08.2021 00:29:20.140,1.3839000000000001,1.38378,0.75,0.37
17.08.2021 00:29:22.683,1.3839000000000001,1.3837700000000002,0.75,1.95
17.08.2021 00:29:25.620,1.38386,1.38376,0.75,3.37
17.08.2021 00:29:25.749,1.3838700000000002,1.3837700000000002,0.75,0.82
17.08.2021 00:29:25.851,1.38388,1.3837700000000002,0.75,0.82
17.08.2021 00:29:26.054,1.38389,1.3837700000000002,0.75,0.75
17.08.2021 00:29:45.668,1.38392,1.3838000000000001,1.57,0.45
17.08.2021 00:29:45.769,1.38392,1.38382,0.45,0.37
17.08.2021 00:29:45.871,1.38392,1.38383,0.75,0.37
17.08.2021 00:29:46.424,1.38392,1.38382,0.75,0.26
17.08.2021 00:29:46.950,1.3839000000000001,1.3838000000000001,0.75,1.95
17.08.2021 00:29:55.075,1.38393,1.3838100000000002,0.75,0.82
17.08.2021 00:29:56.230,1.38393,1.38382,0.82,1.95
17.08.2021 00:30:00.154,1.38392,1.38382,0.75,0.82
17.08.2021 00:30:00.257,1.3839100000000002,1.3838000000000001,0.82,1.95
17.08.2021 00:30:01.227,1.3839100000000002,1.38379,0.1,1.87
17.08.2021 00:30:01.850,1.3839100000000002,1.3838100000000002,0.1,1.12
17.08.2021 00:30:01.952,1.3839100000000002,1.3838000000000001,0.82,3.26
17.08.2021 00:30:02.054,1.3839100000000002,1.38379,0.1,0.94
17.08.2021 00:30:07.663,1.3839000000000001,1.38379,0.82,1.76
17.08.2021 00:30:09.309,1.3838700000000002,1.3837700000000002,0.75,0.82
17.08.2021 00:30:09.411,1.38386,1.38375,0.75,0.1
17.08.2021 00:30:09.513,1.38386,1.38374,0.75,1.12
17.08.2021 00:30:10.020,1.38385,1.38374,0.75,0.75
17.08.2021 00:30:15.530,1.38384,1.38374,0.75,1.2
17.08.2021 00:30:24.677,1.38384,1.38373,0.75,0.75
17.08.2021 00:30:24.809,1.38382,1.38373,0.75,1.12
17.08.2021 00:30:37.883,1.38382,1.38372,0.75,0.1
17.08.2021 00:30:37.984,1.3838100000000002,1.38372,0.75,1.2
17.08.2021 00:30:41.113,1.38382,1.38372,1.5,1.2
17.08.2021 00:30:57.784,1.38383,1.38373,1.57,0.75
17.08.2021 00:30:58.587,1.38383,1.38372,1.57,1.95
17.08.2021 00:30:58.689,1.3837700000000002,1.38368,0.75,1.2
17.08.2021 00:31:19.963,1.38378,1.38368,1.5,1.12
17.08.2021 00:31:20.570,1.38378,1.38369,0.75,1.12
17.08.2021 00:31:20.621,1.38376,1.3836700000000002,1.5,0.37
17.08.2021 00:31:20.672,1.38375,1.38365,0.75,1.2
17.08.2021 00:31:25.613,1.38374,1.38365,0.75,0.37
17.08.2021 00:31:30.558,1.38375,1.38363,0.75,1.12
17.08.2021 00:31:36.147,1.38374,1.38365,0.75,0.1
17.08.2021 00:31:38.042,1.38376,1.3836600000000001,0.75,0.19
17.08.2021 00:31:38.093,1.38376,1.38364,0.75,0.1
17.08.2021 00:31:38.195,1.38374,1.38365,0.75,0.1
17.08.2021 00:31:38.296,1.38374,1.38364,0.75,1.2
17.08.2021 00:31:42.421,1.38375,1.38364,0.75,0.1
17.08.2021 00:31:42.523,1.38375,1.38365,0.75,0.1
17.08.2021 00:31:45.829,1.38375,1.3836600000000001,0.75,0.1
17.08.2021 00:31:46.096,1.38375,1.38365,0.75,0.45
17.08.2021 00:31:48.470,1.38375,1.3836600000000001,0.75,0.45
17.08.2021 00:31:56.100,1.38375,1.3836700000000002,0.75,0.1
17.08.2021 00:31:56.758,1.3838000000000001,1.38369,0.75,1.5
17.08.2021 00:31:57.012,1.38379,1.38368,0.75,0.45
17.08.2021 00:32:00.150,1.38378,1.3837000000000002,0.75,0.1
17.08.2021 00:32:01.855,1.38379,1.38368,0.75,0.45
17.08.2021 00:32:02.287,1.38375,1.3836700000000002,0.75,0.37
17.08.2021 00:32:02.389,1.38375,1.3836600000000001,0.75,0.82
17.08.2021 00:32:02.491,1.38375,1.38365,0.75,0.82
17.08.2021 00:32:03.290,1.38373,1.38364,0.75,1.57
17.08.2021 00:32:24.101,1.38374,1.38365,0.75,0.26
17.08.2021 00:32:37.172,1.38374,1.38364,0.75,0.26
17.08.2021 00:32:39.150,1.38374,1.38363,0.75,0.82
17.08.2021 00:32:43.224,1.38373,1.38365,0.75,0.1
17.08.2021 00:32:44.476,1.38374,1.38363,0.75,0.82
17.08.2021 00:32:48.163,1.38373,1.38362,0.75,1.01
17.08.2021 00:33:36.948,1.3836700000000002,1.3836000000000002,0.75,5.06
17.08.2021 00:33:37.050,1.38368,1.3836000000000002,0.75,0.1
17.08.2021 00:33:54.375,1.38369,1.3836000000000002,0.75,0.45
17.08.2021 00:34:37.008,1.3837000000000002,1.38358,0.75,1.12
17.08.2021 00:34:43.215,1.38369,1.38358,0.75,1.87
17.08.2021 00:34:55.995,1.38371,1.38359,0.75,0.1
17.08.2021 00:35:20.262,1.38373,1.38362,0.75,0.1
17.08.2021 00:35:21.374,1.38373,1.38363,0.75,0.1
17.08.2021 00:35:24.388,1.38374,1.38364,1.5,0.1
17.08.2021 00:35:30.989,1.38374,1.3836600000000001,1.5,0.1
17.08.2021 00:35:31.500,1.38374,1.38365,1.5,0.1
17.08.2021 00:35:39.493,1.38374,1.38364,1.5,0.1
17.08.2021 00:35:41.110,1.38375,1.38364,0.75,0.1
17.08.2021 00:35:42.330,1.38374,1.38364,0.75,0.1
17.08.2021 00:35:45.909,1.38374,1.38363,0.82,0.82
17.08.2021 00:35:46.232,1.38374,1.38362,0.1,0.75
17.08.2021 00:35:46.334,1.38375,1.38362,0.82,0.82
17.08.2021 00:35:47.144,1.38374,1.38362,0.1,0.75
17.08.2021 00:35:47.454,1.38374,1.38363,0.82,0.45
17.08.2021 00:35:47.556,1.38373,1.38362,1.57,1.2
17.08.2021 00:35:47.658,1.38371,1.38362,0.75,1.2
17.08.2021 00:35:47.760,1.38368,1.3835700000000002,0.75,8.32
17.08.2021 00:35:47.963,1.38368,1.3835600000000001,0.75,1.5
17.08.2021 00:35:51.879,1.38369,1.3835600000000001,0.75,1.5
17.08.2021 00:35:57.599,1.3836700000000002,1.38354,1.57,1.2
17.08.2021 00:36:02.457,1.3836600000000001,1.3835600000000001,0.75,0.1
17.08.2021 00:36:02.559,1.3836600000000001,1.38355,0.82,1.2
17.08.2021 00:36:47.424,1.38365,1.38355,0.82,0.75
17.08.2021 00:36:47.781,1.3836600000000001,1.38353,0.82,2.32
17.08.2021 00:36:53.216,1.38364,1.38354,0.1,1.87
17.08.2021 00:37:50.380,1.38363,1.38354,0.75,0.75
17.08.2021 00:38:22.403,1.38364,1.38352,0.75,1.5
17.08.2021 00:38:50.234,1.38362,1.38351,1.12,0.37
17.08.2021 00:38:50.285,1.38361,1.3835000000000002,2.06,7.57
17.08.2021 00:38:51.179,1.38362,1.38352,0.75,1.69
17.08.2021 00:38:51.280,1.38362,1.38353,0.75,0.75
17.08.2021 00:39:02.579,1.38364,1.38352,0.94,0.75
17.08.2021 00:39:04.483,1.38362,1.38353,0.75,0.75
17.08.2021 00:39:06.637,1.38363,1.38353,0.75,0.75
17.08.2021 00:39:15.762,1.38364,1.38353,0.75,0.19
17.08.2021 00:39:41.076,1.38364,1.38354,0.75,0.94
17.08.2021 00:39:51.749,1.38363,1.38354,0.75,0.19
17.08.2021 00:39:51.851,1.38363,1.38353,0.75,2.32
17.08.2021 00:39:54.442,1.38364,1.38353,0.75,2.32
17.08.2021 00:39:56.637,1.3836600000000001,1.38353,0.75,1.57
17.08.2021 00:40:16.089,1.38365,1.3835600000000001,0.75,0.56
17.08.2021 00:40:16.344,1.38365,1.38355,0.75,0.56
17.08.2021 00:40:17.371,1.3836600000000001,1.38355,0.75,2.14
17.08.2021 00:40:17.473,1.38368,1.38364,0.37,1.5
17.08.2021 00:40:17.525,1.38375,1.38363,9.26,2.62
17.08.2021 00:40:17.627,1.38373,1.38364,0.75,1.95
17.08.2021 00:40:17.830,1.38373,1.38365,0.75,0.1
17.08.2021 00:40:18.406,1.38375,1.38364,0.75,0.82
17.08.2021 00:40:20.243,1.38373,1.38365,0.75,0.82
17.08.2021 00:40:22.524,1.38374,1.38365,0.75,0.1
17.08.2021 00:40:22.626,1.38375,1.3836600000000001,0.75,0.1
17.08.2021 00:40:28.439,1.38378,1.3836700000000002,0.75,0.26
17.08.2021 00:40:28.541,1.38378,1.38369,0.75,0.1
17.08.2021 00:40:41.957,1.38376,1.3836700000000002,0.75,0.1
17.08.2021 00:40:44.652,1.38379,1.3836700000000002,0.75,1.01
17.08.2021 00:40:44.754,1.38379,1.38368,0.75,0.1
17.08.2021 00:40:53.429,1.3837700000000002,1.3836700000000002,0.75,1.01
17.08.2021 00:40:53.531,1.38376,1.38368,0.75,0.1
17.08.2021 00:41:06.015,1.3837700000000002,1.3836600000000001,0.75,0.82
17.08.2021 00:41:06.393,1.38375,1.3836600000000001,0.75,0.1
17.08.2021 00:41:06.495,1.38376,1.3836600000000001,0.75,0.1
17.08.2021 00:41:07.007,1.3837700000000002,1.3836600000000001,0.75,0.1
17.08.2021 00:41:15.934,1.38376,1.3836600000000001,0.75,0.82
17.08.2021 00:41:16.036,1.38376,1.38365,0.75,0.1
17.08.2021 00:41:21.069,1.38376,1.38364,0.75,0.82
17.08.2021 00:41:21.170,1.38375,1.38364,0.75,0.1
17.08.2021 00:41:40.308,1.38374,1.38364,0.75,0.75
17.08.2021 00:41:56.348,1.38375,1.38362,0.75,2.7
17.08.2021 00:41:56.449,1.38373,1.38363,0.75,2.7
17.08.2021 00:42:01.732,1.38373,1.38362,0.75,0.75
17.08.2021 00:42:02.176,1.38373,1.38363,0.75,0.75
17.08.2021 00:42:02.887,1.38372,1.38363,0.75,1.01
17.08.2021 00:42:13.194,1.38374,1.38362,0.75,1.95
17.08.2021 00:42:21.029,1.38373,1.38364,0.75,0.1
17.08.2021 00:42:26.406,1.38373,1.38363,0.75,2.32
17.08.2021 00:42:32.669,1.38373,1.38364,0.75,0.1
17.08.2021 00:42:37.251,1.38372,1.38363,0.75,1.95
17.08.2021 00:43:24.148,1.38369,1.38362,0.37,0.75
17.08.2021 00:43:24.250,1.3836600000000001,1.38359,0.75,7.5
17.08.2021 00:43:24.351,1.3836600000000001,1.38358,0.75,0.75
17.08.2021 00:43:24.453,1.3836600000000001,1.3835700000000002,0.75,0.75
17.08.2021 00:43:25.211,1.3836600000000001,1.38355,0.75,0.19
17.08.2021 00:43:28.132,1.38363,1.3835600000000001,0.75,0.19
17.08.2021 00:43:28.387,1.38363,1.38355,0.75,0.19
17.08.2021 00:43:35.097,1.38364,1.38352,0.75,2.62
17.08.2021 00:43:35.300,1.38362,1.38352,0.75,0.37
17.08.2021 00:43:35.401,1.38361,1.38352,0.75,0.94
17.08.2021 00:43:35.503,1.3836000000000002,1.38352,0.75,0.19
17.08.2021 00:43:36.100,1.38361,1.3835000000000002,0.75,0.26
17.08.2021 00:43:43.194,1.38362,1.38353,0.75,0.19
17.08.2021 00:43:43.490,1.38362,1.38354,0.75,4.5
17.08.2021 00:43:43.714,1.38362,1.38353,0.75,1.01
17.08.2021 00:43:52.508,1.38362,1.38352,0.75,0.19
17.08.2021 00:43:56.035,1.38361,1.38352,0.75,1.01
17.08.2021 00:44:28.378,1.38362,1.38352,0.75,0.45
17.08.2021 00:44:29.375,1.38363,1.38352,0.75,0.45
17.08.2021 00:44:29.680,1.38363,1.38353,0.75,4.5
17.08.2021 00:44:29.782,1.38364,1.38353,0.75,0.1
17.08.2021 00:44:31.578,1.38364,1.38355,0.75,0.45
17.08.2021 00:44:31.781,1.38368,1.38361,0.75,0.37
17.08.2021 00:44:31.882,1.38371,1.38363,1.5,0.19
17.08.2021 00:44:38.068,1.38371,1.3836000000000002,0.75,0.45
17.08.2021 00:44:38.170,1.38369,1.38359,0.75,1.2
17.08.2021 00:44:44.009,1.38372,1.3836000000000002,0.75,1.69
17.08.2021 00:44:44.111,1.38371,1.38359,0.75,1.2
17.08.2021 00:44:44.364,1.3837000000000002,1.38359,0.75,0.1
17.08.2021 00:44:45.397,1.38369,1.38359,0.75,1.2
17.08.2021 00:45:00.637,1.38369,1.3836000000000002,0.75,0.1
17.08.2021 00:45:01.611,1.38371,1.38362,0.75,0.1
17.08.2021 00:45:01.713,1.38373,1.38363,3.75,0.1
17.08.2021 00:45:04.099,1.38373,1.38364,0.75,0.1
17.08.2021 00:45:06.002,1.38375,1.38363,0.75,0.1
17.08.2021 00:45:15.922,1.38375,1.38362,0.82,0.82
17.08.2021 00:45:16.610,1.38374,1.38364,0.75,0.1
17.08.2021 00:45:22.613,1.38373,1.38364,0.75,0.1
17.08.2021 00:45:24.850,1.38372,1.38364,0.75,0.1
17.08.2021 00:45:39.592,1.38373,1.38364,0.75,0.82
17.08.2021 00:45:39.744,1.38373,1.38365,0.75,0.1
17.08.2021 00:45:43.811,1.38374,1.38365,0.75,0.1
17.08.2021 00:45:45.298,1.38375,1.38365,0.75,0.1
17.08.2021 00:45:47.979,1.38374,1.38365,0.75,0.82
17.08.2021 00:45:48.294,1.38372,1.38364,0.75,0.82
17.08.2021 00:45:48.396,1.38373,1.38362,0.75,1.12
17.08.2021 00:45:48.600,1.38373,1.38363,0.75,0.1
17.08.2021 00:45:48.701,1.38372,1.38363,0.75,1.39
17.08.2021 00:45:50.153,1.38371,1.38363,0.75,1.01
17.08.2021 00:45:54.774,1.38373,1.38363,0.75,0.1
17.08.2021 00:45:58.614,1.38374,1.38363,0.75,0.1
17.08.2021 00:46:07.615,1.38372,1.38364,0.75,0.1
17.08.2021 00:46:18.578,1.38371,1.38364,0.75,0.1
17.08.2021 00:46:20.196,1.38372,1.38362,0.75,1.01
17.08.2021 00:46:21.068,1.38371,1.38361,0.75,0.26
17.08.2021 00:46:21.171,1.38369,1.3836000000000002,0.75,0.1
17.08.2021 00:46:21.274,1.38368,1.3836000000000002,0.75,0.1
17.08.2021 00:46:22.810,1.38369,1.38358,0.75,1.2
17.08.2021 00:46:25.289,1.38364,1.38358,0.75,0.94
17.08.2021 00:46:25.391,1.38363,1.38355,0.75,0.37
17.08.2021 00:46:27.742,1.38364,1.38355,0.75,1.2
17.08.2021 00:46:46.679,1.38363,1.38355,0.75,1.12
17.08.2021 00:46:48.239,1.38364,1.38355,0.75,0.19
17.08.2021 00:46:56.343,1.3836600000000001,1.3835600000000001,0.75,0.45
17.08.2021 00:46:56.394,1.3836600000000001,1.38358,0.75,0.75
17.08.2021 00:47:08.958,1.38364,1.3835700000000002,0.75,0.19
17.08.2021 00:47:09.060,1.38364,1.38355,0.75,1.2
17.08.2021 00:47:13.499,1.38365,1.38353,0.75,1.2
17.08.2021 00:47:13.600,1.38363,1.38354,0.75,0.1
17.08.2021 00:47:14.045,1.38364,1.38352,0.75,2.32
17.08.2021 00:47:20.119,1.38362,1.38353,0.75,1.95
17.08.2021 00:47:20.322,1.38364,1.38352,0.75,1.57
17.08.2021 00:47:20.423,1.38363,1.38352,0.75,1.57
17.08.2021 00:47:26.938,1.38364,1.38352,0.75,0.82
17.08.2021 00:47:27.810,1.38363,1.38354,0.75,0.1
17.08.2021 00:47:29.625,1.38364,1.38352,0.75,4.2
17.08.2021 00:47:33.828,1.38363,1.38352,0.75,1.2
17.08.2021 00:47:34.184,1.38363,1.38353,0.75,1.2
17.08.2021 00:47:38.193,1.38361,1.38353,0.75,1.2
17.08.2021 00:47:38.413,1.38362,1.38353,0.75,1.2
17.08.2021 00:47:53.246,1.38362,1.38354,0.75,0.1
17.08.2021 00:47:57.674,1.38362,1.38353,0.75,1.2
17.08.2021 00:48:14.259,1.38362,1.38352,0.75,0.82
17.08.2021 00:48:22.234,1.38361,1.38352,0.75,0.82
17.08.2021 00:48:34.930,1.38363,1.38351,0.75,1.57
17.08.2021 00:48:35.287,1.38362,1.38353,0.75,0.37
17.08.2021 00:48:43.392,1.38363,1.38351,0.75,1.95
17.08.2021 00:48:45.500,1.38362,1.38351,0.75,0.45
17.08.2021 00:48:45.602,1.38361,1.38351,0.75,0.45
17.08.2021 00:48:46.910,1.38359,1.3835000000000002,0.75,0.82
17.08.2021 00:48:47.011,1.38361,1.38349,0.75,1.2
17.08.2021 00:48:49.101,1.38361,1.38351,0.75,1.57
17.08.2021 00:48:50.161,1.3836000000000002,1.38351,0.75,0.82
17.08.2021 00:48:54.241,1.38361,1.38352,0.75,0.82
17.08.2021 00:48:54.600,1.38363,1.38352,0.75,0.26
17.08.2021 00:49:15.076,1.38363,1.38353,0.75,0.1
17.08.2021 00:49:15.177,1.38363,1.38352,0.75,0.56
17.08.2021 00:49:19.641,1.38361,1.38353,0.75,0.26
17.08.2021 00:49:39.925,1.38363,1.38352,0.75,0.1
17.08.2021 00:49:49.526,1.38361,1.38353,0.75,0.1
17.08.2021 00:49:49.696,1.38363,1.38352,0.75,0.1
17.08.2021 00:49:50.726,1.38364,1.38352,0.75,0.82
17.08.2021 00:49:51.585,1.38365,1.38353,0.75,1.01
17.08.2021 00:50:24.788,1.38365,1.38355,1.5,0.75
17.08.2021 00:50:38.075,1.38364,1.38354,0.75,0.82
17.08.2021 00:50:45.338,1.38365,1.38355,1.5,0.75
17.08.2021 00:50:45.541,1.3836600000000001,1.3835600000000001,2.25,0.75
17.08.2021 00:51:02.467,1.3836600000000001,1.38355,2.25,1.57
17.08.2021 00:51:09.391,1.38364,1.38355,0.75,0.75
17.08.2021 00:51:11.387,1.38361,1.38354,0.75,1.5
17.08.2021 00:51:14.360,1.38361,1.38355,0.75,1.5
17.08.2021 00:51:14.411,1.38368,1.3835600000000001,0.82,2.62
17.08.2021 00:51:14.512,1.3836700000000002,1.38358,0.75,0.75
17.08.2021 00:51:15.334,1.38368,1.38358,0.75,1.57
17.08.2021 00:51:15.436,1.3837000000000002,1.38358,1.5,0.75
17.08.2021 00:51:21.635,1.38373,1.38362,3.75,0.75
17.08.2021 00:51:21.737,1.38373,1.38364,1.2,0.75
17.08.2021 00:51:21.838,1.38374,1.38364,1.5,0.75
17.08.2021 00:51:22.797,1.38373,1.38364,0.75,0.75
17.08.2021 00:51:28.156,1.38372,1.38364,0.75,0.75
17.08.2021 00:51:28.207,1.38371,1.38362,3.75,0.75
17.08.2021 00:51:28.259,1.38364,1.38359,0.75,1.95
17.08.2021 00:51:31.550,1.3837000000000002,1.38358,0.75,0.75
17.08.2021 00:51:33.332,1.38368,1.38359,2.25,0.75
17.08.2021 00:51:33.383,1.38364,1.38358,0.75,1.5
17.08.2021 00:51:33.435,1.38365,1.38354,3,1.95
17.08.2021 00:51:33.487,1.38363,1.38353,0.75,1.57
17.08.2021 00:51:34.000,1.38365,1.38354,0.75,1.57
17.08.2021 00:51:37.553,1.38364,1.38354,0.75,1.57
17.08.2021 00:51:37.655,1.38365,1.38354,3.07,1.5
17.08.2021 00:51:45.401,1.3836700000000002,1.38354,1.57,0.75
17.08.2021 00:51:45.502,1.3836600000000001,1.3835600000000001,1.57,0.75
17.08.2021 00:51:49.924,1.38365,1.38354,0.75,1.76
17.08.2021 00:51:57.681,1.38365,1.38355,0.75,0.1
17.08.2021 00:51:58.473,1.38364,1.38355,0.75,0.1
17.08.2021 00:52:08.535,1.3836700000000002,1.3835600000000001,0.75,0.1
17.08.2021 00:52:08.637,1.38368,1.3835700000000002,0.75,0.1
17.08.2021 00:52:08.739,1.38364,1.38358,0.75,0.1
17.08.2021 00:52:14.860,1.3836700000000002,1.38358,0.75,0.1
17.08.2021 00:52:34.348,1.3836700000000002,1.38355,1.57,0.1
17.08.2021 00:52:34.399,1.38364,1.3835600000000001,0.75,0.1
17.08.2021 00:52:34.500,1.38363,1.3835600000000001,0.37,0.1
17.08.2021 00:52:34.602,1.38364,1.38354,0.37,0.1
17.08.2021 00:52:35.425,1.38365,1.38354,0.37,0.1
17.08.2021 00:52:43.502,1.3836600000000001,1.38354,2.32,0.1
17.08.2021 00:52:55.447,1.38365,1.3835600000000001,0.75,0.1
17.08.2021 00:52:56.277,1.38362,1.3835600000000001,0.75,0.1
17.08.2021 00:52:56.448,1.38363,1.38354,0.75,0.82
17.08.2021 00:52:57.422,1.38365,1.38355,0.82,0.82
17.08.2021 00:53:05.552,1.38365,1.3835600000000001,0.75,0.1
17.08.2021 00:53:28.751,1.3836600000000001,1.3835600000000001,1.57,0.1
17.08.2021 00:53:30.633,1.3836600000000001,1.38354,0.1,0.82
17.08.2021 00:53:32.666,1.3836700000000002,1.38355,0.82,0.1
17.08.2021 00:53:40.748,1.38365,1.3835600000000001,1.5,0.1
17.08.2021 00:53:40.853,1.3836600000000001,1.38353,1.57,1.2
17.08.2021 00:53:55.716,1.38364,1.38354,1.5,0.26
17.08.2021 00:53:55.818,1.38365,1.38352,1.57,1.2
17.08.2021 00:54:12.957,1.38363,1.38353,0.37,0.82
17.08.2021 00:54:13.058,1.38364,1.38353,1.57,0.82
17.08.2021 00:54:20.199,1.38363,1.38352,0.75,1.2
17.08.2021 00:54:23.653,1.38361,1.38352,0.75,0.37
17.08.2021 00:54:23.754,1.38361,1.3835000000000002,0.75,0.75
17.08.2021 00:54:24.341,1.38362,1.3835000000000002,0.75,0.75
17.08.2021 00:54:28.180,1.38362,1.38353,0.75,1.5
17.08.2021 00:54:28.231,1.38362,1.3835000000000002,0.75,1.57
17.08.2021 00:54:32.199,1.38363,1.38352,1.5,2.7
17.08.2021 00:54:33.672,1.38363,1.38353,1.5,0.75
17.08.2021 00:54:36.204,1.38365,1.38355,1.5,0.75
17.08.2021 00:54:36.313,1.3836600000000001,1.38353,2.25,2.32
17.08.2021 00:54:36.364,1.38365,1.3835600000000001,0.75,1.5
17.08.2021 00:54:36.465,1.3836600000000001,1.38354,1.5,0.75
17.08.2021 00:54:36.567,1.3836600000000001,1.3835700000000002,1.5,0.75
17.08.2021 00:54:36.770,1.38364,1.38355,0.75,0.75
17.08.2021 00:54:36.871,1.38364,1.38354,0.75,0.1
17.08.2021 00:54:40.163,1.38364,1.3835600000000001,0.75,0.75
17.08.2021 00:54:40.214,1.3836600000000001,1.3835600000000001,2.32,1.5
17.08.2021 00:54:40.316,1.38364,1.38354,0.75,0.82
17.08.2021 00:54:43.003,1.38365,1.38352,0.82,1.01
17.08.2021 00:54:43.155,1.38363,1.38353,0.75,0.1
17.08.2021 00:54:44.156,1.38363,1.38355,0.75,0.75
17.08.2021 00:54:44.207,1.38365,1.38355,0.82,1.5
17.08.2021 00:54:44.359,1.38364,1.38355,0.75,0.75
17.08.2021 00:54:44.998,1.38363,1.38353,0.75,0.75
17.08.2021 00:54:45.099,1.38363,1.38354,0.75,0.75
17.08.2021 00:54:45.302,1.38363,1.38352,0.75,0.75
17.08.2021 00:54:45.432,1.38362,1.38352,0.75,0.1
17.08.2021 00:54:46.021,1.38361,1.38352,0.75,0.45
17.08.2021 00:54:46.122,1.38362,1.38353,0.75,0.1
17.08.2021 00:54:48.338,1.38363,1.38353,0.75,0.1
17.08.2021 00:54:48.439,1.38364,1.38354,1.57,1.5
17.08.2021 00:54:48.541,1.38364,1.38354,0.75,0.75
17.08.2021 00:54:48.693,1.38364,1.38351,0.82,1.57
17.08.2021 00:54:50.124,1.38361,1.38352,0.75,0.19
17.08.2021 00:54:50.226,1.38362,1.3835000000000002,0.75,0.1
17.08.2021 00:54:52.344,1.38362,1.38352,0.75,0.82
17.08.2021 00:54:55.441,1.38355,1.38349,2.62,0.37
17.08.2021 00:54:55.492,1.3835600000000001,1.3834600000000001,1.5,7.5
17.08.2021 00:54:55.594,1.3835600000000001,1.3834700000000002,3.75,7.5
17.08.2021 00:54:55.696,1.3835600000000001,1.38345,3.75,0.94
17.08.2021 00:54:55.797,1.3835600000000001,1.38344,1.5,0.94
17.08.2021 00:54:59.606,1.3835600000000001,1.38348,1.5,0.19
17.08.2021 00:54:59.708,1.38358,1.38349,0.45,0.37
17.08.2021 00:54:59.809,1.38359,1.38349,0.75,0.37
17.08.2021 00:55:00.241,1.38355,1.38345,0.75,0.75
17.08.2021 00:55:04.897,1.38354,1.38344,1.5,1.12
17.08.2021 00:55:05.391,1.3835600000000001,1.38343,3.82,1.12
17.08.2021 00:55:32.329,1.38354,1.38343,0.75,2.7
17.08.2021 00:55:37.349,1.38355,1.38343,0.75,0.37
17.08.2021 00:55:40.597,1.38355,1.38342,3,3.07
17.08.2021 00:55:40.699,1.38353,1.38343,0.75,1.95
17.08.2021 00:55:49.073,1.38353,1.38342,0.75,1.87
17.08.2021 00:55:49.175,1.38348,1.38342,0.75,0.75
17.08.2021 00:55:49.226,1.3834700000000002,1.3833600000000001,2.25,9.82
17.08.2021 00:55:49.328,1.3834600000000001,1.3833600000000001,0.82,7.5
17.08.2021 00:55:49.430,1.38344,1.3833600000000001,0.75,0.19
17.08.2021 00:55:50.500,1.38345,1.38333,0.75,1.87
17.08.2021 00:55:53.876,1.3834700000000002,1.3833700000000002,0.75,0.94
17.08.2021 00:55:53.978,1.38348,1.38338,1.27,0.94
17.08.2021 00:55:54.131,1.38349,1.38338,0.75,0.19
17.08.2021 00:55:59.784,1.3834700000000002,1.38338,0.75,0.19
17.08.2021 00:56:00.199,1.38348,1.38338,0.75,0.19
17.08.2021 00:56:02.752,1.38349,1.3833600000000001,0.82,0.75
17.08.2021 00:56:02.853,1.3834700000000002,1.3833600000000001,0.75,1.2
17.08.2021 00:56:05.067,1.3834600000000001,1.3833600000000001,0.75,1.12
17.08.2021 00:56:08.900,1.3834700000000002,1.3833600000000001,1.57,1.12
17.08.2021 00:56:10.431,1.3834600000000001,1.3833600000000001,0.75,1.12
17.08.2021 00:56:10.634,1.3834700000000002,1.3833600000000001,1.57,1.12
17.08.2021 00:56:17.312,1.3834600000000001,1.3833600000000001,0.75,1.12
17.08.2021 00:56:28.374,1.3834600000000001,1.38334,0.1,0.75
17.08.2021 00:56:48.515,1.3834600000000001,1.3833600000000001,0.82,0.75
17.08.2021 00:56:52.543,1.3834700000000002,1.3833900000000001,0.82,0.19
17.08.2021 00:56:52.645,1.38349,1.3833900000000001,0.45,0.19
17.08.2021 00:56:52.696,1.3835000000000002,1.3834,0.1,0.94
17.08.2021 00:56:52.798,1.38352,1.3833900000000001,2.02,0.94
17.08.2021 00:57:00.567,1.38351,1.3833900000000001,0.82,0.75
17.08.2021 00:57:00.668,1.38351,1.38338,1.57,1.69
17.08.2021 00:57:13.631,1.38352,1.38348,0.1,0.19
17.08.2021 00:57:13.733,1.3835600000000001,1.3834600000000001,8.25,0.19
17.08.2021 00:57:13.836,1.3835600000000001,1.3834700000000002,7.5,0.19
17.08.2021 00:57:13.887,1.38358,1.3834700000000002,1.57,0.19
17.08.2021 00:57:21.894,1.38358,1.38349,0.82,0.19
17.08.2021 00:57:21.995,1.38359,1.3835000000000002,1.5,0.19
17.08.2021 00:57:38.852,1.38355,1.38345,0.75,0.82
17.08.2021 00:57:48.755,1.38354,1.38344,1.57,0.75
17.08.2021 00:57:51.119,1.38354,1.38343,0.75,0.75
17.08.2021 00:57:54.176,1.38352,1.38343,1.12,1.95
17.08.2021 00:57:56.647,1.38354,1.38342,2.32,2.62
17.08.2021 00:58:01.098,1.38352,1.38343,1.12,1.12
17.08.2021 00:58:02.560,1.38353,1.38343,1.5,0.75
17.08.2021 00:58:02.611,1.38354,1.3834600000000001,0.82,0.19
17.08.2021 00:58:02.712,1.38355,1.38349,1.2,0.19
17.08.2021 00:58:02.814,1.3835600000000001,1.38349,0.75,0.19
17.08.2021 00:58:02.916,1.3835700000000002,1.38349,0.75,0.19
17.08.2021 00:58:08.558,1.3835700000000002,1.38353,0.75,0.94
17.08.2021 00:58:08.610,1.38361,1.3835700000000002,0.37,1.5
17.08.2021 00:58:08.661,1.38364,1.3835700000000002,0.19,0.37
17.08.2021 00:58:08.713,1.38365,1.38361,7.5,0.19
17.08.2021 00:58:08.815,1.3837000000000002,1.3836000000000002,1.5,0.19
17.08.2021 00:58:10.598,1.3837000000000002,1.38359,0.75,1.5
17.08.2021 00:58:17.642,1.38365,1.3835600000000001,0.75,0.75
17.08.2021 00:58:17.744,1.38364,1.3835700000000002,0.75,0.37
17.08.2021 00:58:18.051,1.3836700000000002,1.3835600000000001,0.75,1.12
17.08.2021 00:58:18.203,1.3836700000000002,1.3835700000000002,0.75,0.19
17.08.2021 00:58:18.254,1.38368,1.38359,1.5,0.37
17.08.2021 00:58:22.150,1.38369,1.3835700000000002,1.5,0.82
17.08.2021 00:58:22.251,1.38369,1.3835600000000001,1.5,0.82
17.08.2021 00:58:26.928,1.38368,1.3835600000000001,0.75,0.75
17.08.2021 00:58:28.070,1.3836700000000002,1.38355,0.82,0.19
17.08.2021 00:58:28.121,1.38363,1.38353,0.75,1.2
17.08.2021 00:58:37.455,1.38364,1.38353,0.75,0.75
17.08.2021 00:58:45.632,1.38364,1.38354,1.5,0.75
17.08.2021 00:58:46.290,1.38365,1.38354,0.75,0.75
17.08.2021 00:59:16.979,1.38365,1.38355,0.75,0.75
17.08.2021 00:59:24.549,1.3836600000000001,1.38355,1.5,0.82
17.08.2021 00:59:24.650,1.3836700000000002,1.38355,1.5,0.75
17.08.2021 00:59:44.501,1.38368,1.38359,1.5,1.12
17.08.2021 00:59:45.571,1.3836700000000002,1.38355,1.5,0.1
17.08.2021 00:59:45.672,1.3836700000000002,1.38354,1.57,1.2
17.08.2021 00:59:54.554,1.38365,1.38355,0.82,0.75
17.08.2021 00:59:54.694,1.38365,1.38354,1.57,0.75
17.08.2021 00:59:57.787,1.38362,1.38352,1.57,0.94
17.08.2021 00:59:57.889,1.38361,1.38348,1.5,0.75
17.08.2021 01:00:00.383,1.38363,1.38351,0.75,0.75
17.08.2021 01:00:00.485,1.38364,1.38352,1.2,0.75
17.08.2021 01:00:00.788,1.38365,1.38352,1.5,0.82
17.08.2021 01:00:00.991,1.3836600000000001,1.38353,2.32,0.75
17.08.2021 01:00:01.092,1.38365,1.38355,0.75,0.75
17.08.2021 01:00:01.194,1.3836700000000002,1.3836000000000002,0.45,0.37
17.08.2021 01:00:01.295,1.38368,1.38359,0.75,0.75
17.08.2021 01:00:02.281,1.3837000000000002,1.38358,0.75,0.75
17.08.2021 01:00:02.829,1.38371,1.38358,1.57,1.12
17.08.2021 01:00:02.930,1.38371,1.3836000000000002,0.37,0.37
17.08.2021 01:00:03.032,1.38372,1.3836000000000002,1.5,0.75
17.08.2021 01:00:03.184,1.38372,1.38359,1.69,2.51
17.08.2021 01:00:03.285,1.38369,1.38359,0.82,0.19
17.08.2021 01:00:04.162,1.3836600000000001,1.3835700000000002,1.5,0.37
17.08.2021 01:00:04.263,1.3836600000000001,1.3835600000000001,1.5,0.19
17.08.2021 01:00:04.415,1.3836700000000002,1.3835600000000001,0.75,1.01
17.08.2021 01:00:04.518,1.3836600000000001,1.3835600000000001,1.5,0.75
17.08.2021 01:00:04.620,1.3836700000000002,1.38354,1.5,2.7
17.08.2021 01:00:04.723,1.3836600000000001,1.3835600000000001,1.5,0.75
17.08.2021 01:00:05.019,1.38365,1.38355,1.5,0.75
17.08.2021 01:00:10.871,1.38364,1.38352,0.75,0.75
17.08.2021 01:00:13.662,1.38365,1.38354,0.75,0.75
17.08.2021 01:00:14.913,1.3836600000000001,1.38354,0.75,0.82
17.08.2021 01:00:15.015,1.3836700000000002,1.38359,0.75,0.19
17.08.2021 01:00:16.181,1.38369,1.3836000000000002,0.75,1.5
17.08.2021 01:00:25.005,1.38369,1.38359,1.5,1.2
17.08.2021 01:00:25.056,1.38371,1.38362,1.5,0.94
17.08.2021 01:00:25.107,1.38374,1.38362,2.32,0.75
17.08.2021 01:00:26.282,1.38375,1.38363,0.75,0.75
17.08.2021 01:00:35.194,1.38368,1.38361,1.5,0.45
17.08.2021 01:00:35.297,1.38368,1.38358,0.75,4.69
17.08.2021 01:00:37.551,1.38369,1.38359,1.5,0.75
17.08.2021 01:00:37.652,1.38369,1.3835700000000002,0.75,0.75
17.08.2021 01:00:37.804,1.3837000000000002,1.3835700000000002,1.5,0.75
17.08.2021 01:00:38.546,1.3837000000000002,1.3836000000000002,2.25,0.75
17.08.2021 01:00:43.157,1.3837000000000002,1.38359,2.25,0.75
17.08.2021 01:00:49.025,1.38369,1.38359,0.37,0.75
17.08.2021 01:00:49.128,1.3836600000000001,1.38355,0.75,0.1
17.08.2021 01:00:49.281,1.3836600000000001,1.38354,0.75,2.14
17.08.2021 01:00:50.155,1.3836700000000002,1.38355,2.25,1.01
17.08.2021 01:00:51.050,1.3836700000000002,1.3835600000000001,1.57,1.01
17.08.2021 01:00:51.152,1.38368,1.3835700000000002,2.32,1.69
17.08.2021 01:00:51.254,1.38368,1.38358,0.75,1.12
17.08.2021 01:00:56.152,1.38369,1.38359,1.5,1.12
17.08.2021 01:00:56.255,1.3837000000000002,1.3836000000000002,1.5,0.75
17.08.2021 01:01:02.762,1.3837000000000002,1.38361,0.75,0.1
17.08.2021 01:01:03.015,1.38371,1.38361,1.5,0.1
17.08.2021 01:01:04.521,1.38372,1.38362,1.5,0.82
17.08.2021 01:01:04.623,1.38372,1.38363,1.5,0.1
17.08.2021 01:01:06.056,1.38372,1.38362,0.75,0.1
17.08.2021 01:01:06.107,1.38371,1.38361,0.75,0.82
17.08.2021 01:01:12.046,1.38371,1.3836000000000002,0.75,0.82
17.08.2021 01:01:14.813,1.38372,1.38362,0.75,0.26
17.08.2021 01:01:14.914,1.38372,1.38363,0.75,0.1
17.08.2021 01:01:19.153,1.38372,1.38361,0.75,0.1
17.08.2021 01:01:19.255,1.38371,1.3836000000000002,0.75,0.94
17.08.2021 01:01:19.929,1.3837000000000002,1.3836000000000002,0.75,2.14
17.08.2021 01:01:24.647,1.38371,1.3836000000000002,0.82,1.57
17.08.2021 01:01:24.959,1.38372,1.3836600000000001,0.75,1.12
17.08.2021 01:01:25.011,1.38375,1.38363,2.77,0.75
17.08.2021 01:01:26.512,1.38374,1.38362,1.5,1.76
17.08.2021 01:01:30.810,1.38371,1.38361,0.75,0.94
17.08.2021 01:01:30.912,1.38371,1.38359,0.75,1.95
17.08.2021 01:01:39.450,1.38369,1.3836000000000002,0.75,0.75
17.08.2021 01:01:49.213,1.38369,1.38361,0.75,0.1
17.08.2021 01:02:06.371,1.38369,1.38359,0.75,0.75
17.08.2021 01:02:09.597,1.38371,1.3836000000000002,0.75,0.75
17.08.2021 01:02:09.698,1.38369,1.38361,0.75,0.75
17.08.2021 01:02:12.153,1.3836600000000001,1.38358,0.75,0.56
17.08.2021 01:02:12.407,1.3836600000000001,1.38359,0.75,0.19
17.08.2021 01:02:13.477,1.3836600000000001,1.3835700000000002,0.75,1.12
17.08.2021 01:02:16.150,1.3836600000000001,1.38358,0.75,0.37
17.08.2021 01:02:19.030,1.3836700000000002,1.38358,0.82,0.37
17.08.2021 01:02:21.114,1.3836600000000001,1.38358,0.75,0.37
17.08.2021 01:02:23.658,1.3836700000000002,1.38359,0.75,0.37
17.08.2021 01:02:23.760,1.38371,1.38359,0.75,3.37
17.08.2021 01:02:23.861,1.38371,1.3836000000000002,0.75,0.37
17.08.2021 01:02:24.064,1.38372,1.38361,0.75,0.37
17.08.2021 01:02:44.814,1.38371,1.38361,0.75,1.5
17.08.2021 01:03:00.463,1.38371,1.38362,0.75,1.5
17.08.2021 01:03:00.822,1.3837000000000002,1.38362,0.75,1.5
17.08.2021 01:03:05.713,1.3836700000000002,1.3836000000000002,0.75,0.19
17.08.2021 01:03:05.763,1.38368,1.3835700000000002,0.75,4.12
17.08.2021 01:03:08.196,1.38368,1.38358,0.75,1.87
17.08.2021 01:03:33.799,1.3836700000000002,1.38358,0.75,1.2
17.08.2021 01:03:36.246,1.3836700000000002,1.3835700000000002,0.75,1.95
17.08.2021 01:03:53.531,1.38364,1.38355,0.75,1.2
17.08.2021 01:03:58.584,1.38365,1.38353,1.5,1.95
17.08.2021 01:04:04.817,1.38363,1.38354,0.75,1.5
17.08.2021 01:04:05.360,1.38364,1.38352,1.5,1.57
17.08.2021 01:04:20.732,1.38358,1.38351,0.75,0.37
17.08.2021 01:04:20.783,1.3835600000000001,1.3834600000000001,1.5,0.75
17.08.2021 01:04:20.886,1.38355,1.38343,1.5,2.32
17.08.2021 01:04:25.145,1.38353,1.38343,1.5,1.2
17.08.2021 01:04:32.997,1.38354,1.38343,1.5,0.1
17.08.2021 01:04:34.544,1.38353,1.38345,1.5,0.75
17.08.2021 01:04:34.696,1.38353,1.38344,1.5,0.1
17.08.2021 01:04:50.192,1.38353,1.38345,0.75,0.1
17.08.2021 01:04:50.612,1.38354,1.38345,1.5,0.1
17.08.2021 01:05:00.558,1.38355,1.38343,1.57,0.82
17.08.2021 01:05:04.696,1.38355,1.38344,0.75,0.82
17.08.2021 01:05:04.797,1.3835600000000001,1.38345,1.5,0.1
17.08.2021 01:05:07.752,1.38358,1.38348,1.57,0.82
17.08.2021 01:05:07.853,1.38358,1.38349,0.75,0.75
17.08.2021 01:05:08.005,1.38359,1.38349,1.5,0.82
17.08.2021 01:05:09.354,1.3835600000000001,1.3834700000000002,0.75,0.82
17.08.2021 01:05:09.456,1.38355,1.3834600000000001,1.5,0.1
17.08.2021 01:05:11.324,1.3835600000000001,1.38348,0.75,0.1
17.08.2021 01:05:11.426,1.38358,1.3834700000000002,0.75,0.1
17.08.2021 01:05:11.528,1.38359,1.3834700000000002,0.75,0.82
17.08.2021 01:05:12.164,1.38362,1.38352,0.75,0.1
17.08.2021 01:05:12.266,1.38363,1.38352,0.75,0.1
17.08.2021 01:05:13.451,1.38364,1.38353,1.5,0.1
17.08.2021 01:05:15.861,1.38364,1.38354,0.75,0.82
17.08.2021 01:05:25.907,1.38364,1.38353,0.75,0.1
17.08.2021 01:05:37.664,1.38363,1.38353,0.75,0.1
17.08.2021 01:05:42.635,1.38363,1.38354,0.75,0.1
17.08.2021 01:05:42.744,1.38365,1.38353,0.75,0.1
17.08.2021 01:05:48.979,1.38365,1.38354,1.57,0.82
17.08.2021 01:05:49.081,1.38365,1.38355,1.57,0.75
17.08.2021 01:05:49.411,1.3836600000000001,1.3835600000000001,1.12,0.82
17.08.2021 01:05:49.513,1.38369,1.38358,0.1,0.75
17.08.2021 01:05:49.615,1.3837000000000002,1.38358,0.1,0.82
17.08.2021 01:05:49.716,1.38371,1.38359,0.82,0.82
17.08.2021 01:05:50.172,1.3837000000000002,1.38359,0.75,0.1
17.08.2021 01:05:55.614,1.3837000000000002,1.3836000000000002,0.82,0.82
17.08.2021 01:06:00.126,1.3836700000000002,1.3835700000000002,0.82,0.82
17.08.2021 01:06:00.443,1.38368,1.3836000000000002,0.37,0.37
17.08.2021 01:06:00.494,1.3836700000000002,1.38358,0.82,0.75
17.08.2021 01:06:00.596,1.3836700000000002,1.3835700000000002,1.57,0.1
17.08.2021 01:06:00.698,1.3836700000000002,1.38355,0.1,0.82
17.08.2021 01:06:03.350,1.38365,1.3835600000000001,0.1,0.75
17.08.2021 01:06:04.455,1.38365,1.38355,0.82,0.75
17.08.2021 01:06:07.649,1.38365,1.38354,0.82,0.75
17.08.2021 01:06:08.228,1.38364,1.38354,1.57,0.82
17.08.2021 01:06:44.672,1.38365,1.38354,1.5,0.1
17.08.2021 01:06:52.078,1.38365,1.38353,0.75,0.82
17.08.2021 01:07:14.257,1.38364,1.38353,0.75,0.1
17.08.2021 01:07:22.107,1.38364,1.38354,1.5,0.82
17.08.2021 01:07:30.689,1.38365,1.38354,1.5,0.1
17.08.2021 01:07:34.110,1.3836700000000002,1.3836000000000002,0.45,2.25
17.08.2021 01:07:34.262,1.3837000000000002,1.38358,1.5,0.82
17.08.2021 01:07:34.515,1.38368,1.38358,0.75,1.5
17.08.2021 01:07:37.840,1.3836700000000002,1.38359,0.75,0.75
17.08.2021 01:07:37.891,1.38365,1.38355,0.75,1.02
17.08.2021 01:07:37.993,1.38364,1.38354,0.75,1.57
17.08.2021 01:07:53.061,1.38363,1.38353,0.75,2.32
17.08.2021 01:08:06.714,1.38364,1.38354,0.75,0.75
17.08.2021 01:08:10.488,1.38363,1.38352,0.75,2.25
17.08.2021 01:08:23.374,1.3835600000000001,1.3835000000000002,0.75,1.57
17.08.2021 01:08:23.425,1.3835600000000001,1.3834700000000002,1.5,0.1
17.08.2021 01:08:23.476,1.38354,1.3834600000000001,0.75,0.75
17.08.2021 01:08:23.527,1.38354,1.38344,0.75,8.02
17.08.2021 01:08:24.257,1.38354,1.38343,0.75,0.82
17.08.2021 01:08:32.369,1.38354,1.38342,0.82,1.2
17.08.2021 01:08:35.199,1.38354,1.38343,0.75,0.1
17.08.2021 01:08:41.927,1.38352,1.38344,0.75,0.1
17.08.2021 01:08:42.029,1.38352,1.38343,0.75,1.2
17.08.2021 01:08:42.482,1.38351,1.38341,0.75,0.75
17.08.2021 01:08:42.634,1.3835000000000002,1.38341,0.75,1.01
17.08.2021 01:08:42.736,1.3835000000000002,1.3834,0.75,0.1
17.08.2021 01:08:42.837,1.38348,1.3834,0.75,0.26
17.08.2021 01:09:00.177,1.3834700000000002,1.38338,0.75,0.26
17.08.2021 01:09:00.329,1.38349,1.3833700000000002,0.75,0.94
17.08.2021 01:09:20.214,1.38348,1.3833900000000001,0.75,0.75
17.08.2021 01:09:29.249,1.38351,1.38343,0.75,0.1
17.08.2021 01:09:29.352,1.38353,1.38344,2.25,0.1
17.08.2021 01:09:30.208,1.38354,1.38344,1.5,0.1
17.08.2021 01:09:30.638,1.38354,1.38343,1.5,0.1
17.08.2021 01:09:36.214,1.38352,1.38344,0.75,0.1
17.08.2021 01:09:37.220,1.38353,1.38344,1.5,0.1
17.08.2021 01:09:56.687,1.38353,1.38345,0.75,0.1
17.08.2021 01:09:56.790,1.38354,1.3834600000000001,1.5,0.1
17.08.2021 01:09:58.089,1.38358,1.3835000000000002,0.45,3.82
17.08.2021 01:09:58.292,1.38359,1.3835000000000002,0.75,0.1
17.08.2021 01:09:58.394,1.3836000000000002,1.38348,0.75,4.2
17.08.2021 01:10:01.971,1.38359,1.3835000000000002,0.75,0.1
17.08.2021 01:10:07.137,1.3836000000000002,1.38348,0.75,1.2
17.08.2021 01:10:08.250,1.3836000000000002,1.38349,0.75,0.1
17.08.2021 01:10:11.578,1.3836000000000002,1.38348,0.75,1.2
17.08.2021 01:10:17.300,1.3835700000000002,1.38348,0.75,0.1
17.08.2021 01:10:17.402,1.38358,1.3834600000000001,0.82,0.1
17.08.2021 01:10:17.554,1.3835700000000002,1.3834600000000001,0.75,0.1
17.08.2021 01:10:23.081,1.3835600000000001,1.3834600000000001,0.82,0.82
17.08.2021 01:10:56.200,1.38355,1.38345,0.82,0.82
17.08.2021 01:10:56.302,1.38355,1.38344,0.75,0.1
17.08.2021 01:10:56.404,1.38355,1.38343,0.82,0.82
17.08.2021 01:10:59.323,1.38353,1.38344,0.75,0.1
17.08.2021 01:10:59.425,1.38352,1.38343,0.75,0.1
17.08.2021 01:10:59.886,1.38352,1.38344,0.75,0.1
17.08.2021 01:11:01.861,1.38353,1.38344,0.75,0.1
17.08.2021 01:11:20.786,1.38354,1.38344,0.82,0.82
17.08.2021 01:11:24.249,1.38354,1.38345,0.75,0.1
17.08.2021 01:11:24.518,1.38355,1.38345,0.75,0.1
17.08.2021 01:11:25.180,1.3835600000000001,1.3834600000000001,1.5,0.1
17.08.2021 01:11:25.844,1.38355,1.3834600000000001,1.5,0.1
17.08.2021 01:11:27.178,1.38355,1.38345,0.75,0.1
17.08.2021 01:11:33.507,1.38355,1.38344,1.5,0.1
17.08.2021 01:11:33.608,1.38354,1.38344,1.57,0.82
17.08.2021 01:11:33.710,1.38345,1.3834,0.75,1.5
17.08.2021 01:11:33.762,1.38342,1.3833600000000001,0.75,1.5
17.08.2021 01:11:33.864,1.38342,1.38335,0.75,1.5
17.08.2021 01:11:33.965,1.38343,1.3833600000000001,0.75,0.75
17.08.2021 01:11:34.066,1.38345,1.38335,0.75,0.75
17.08.2021 01:11:34.218,1.38344,1.38334,0.75,0.82
17.08.2021 01:11:35.039,1.38344,1.38333,0.75,0.1
17.08.2021 01:11:51.567,1.38343,1.38333,0.75,0.82
17.08.2021 01:11:53.596,1.38343,1.38334,0.75,0.1
17.08.2021 01:11:56.229,1.38344,1.38334,0.75,1.39
17.08.2021 01:12:01.055,1.38344,1.3833600000000001,0.75,0.1
17.08.2021 01:12:09.290,1.3834600000000001,1.3833600000000001,0.75,0.1
17.08.2021 01:12:09.397,1.38345,1.3833600000000001,0.75,0.1
17.08.2021 01:12:11.297,1.3834600000000001,1.3833600000000001,0.75,0.1
17.08.2021 01:12:11.907,1.3834600000000001,1.38335,0.75,0.1
17.08.2021 01:12:18.378,1.3834600000000001,1.3833600000000001,0.75,0.1
17.08.2021 01:12:18.947,1.38345,1.3833600000000001,0.75,0.1
17.08.2021 01:12:24.704,1.38343,1.3833600000000001,0.75,0.1
17.08.2021 01:12:25.987,1.38342,1.3833600000000001,0.75,0.1
17.08.2021 01:12:26.583,1.38342,1.38335,0.75,0.1
17.08.2021 01:12:26.994,1.38341,1.38335,0.75,0.1
17.08.2021 01:12:27.745,1.38342,1.38333,0.75,0.1
17.08.2021 01:12:29.095,1.3834,1.38334,0.75,0.1
17.08.2021 01:12:29.197,1.38341,1.38332,0.75,0.75
17.08.2021 01:12:29.299,1.38338,1.38331,0.75,0.1
17.08.2021 01:12:33.739,1.38338,1.3833,0.75,0.82
17.08.2021 01:12:39.464,1.38341,1.38333,0.75,0.1
17.08.2021 01:12:55.555,1.3834,1.38333,0.75,0.1
17.08.2021 01:12:59.560,1.38342,1.38332,0.75,0.1
17.08.2021 01:13:01.535,1.38341,1.38332,0.75,0.1
17.08.2021 01:13:02.506,1.38341,1.38333,0.75,0.1
17.08.2021 01:13:02.674,1.38342,1.38333,0.75,0.1
17.08.2021 01:13:03.777,1.38342,1.38332,0.75,0.1
17.08.2021 01:13:21.978,1.38342,1.38333,0.75,0.1
17.08.2021 01:13:22.079,1.38343,1.38333,0.75,0.1
17.08.2021 01:13:24.280,1.38344,1.38335,0.75,0.1
17.08.2021 01:13:28.444,1.3834600000000001,1.38335,0.75,0.1
17.08.2021 01:13:30.235,1.38344,1.38335,0.75,0.82
17.08.2021 01:13:47.608,1.38345,1.38335,0.75,0.1
17.08.2021 01:13:48.954,1.38345,1.38334,0.75,0.82
17.08.2021 01:13:59.922,1.38345,1.38335,0.82,0.82
17.08.2021 01:14:01.062,1.38344,1.38335,0.75,0.82
17.08.2021 01:14:01.165,1.38345,1.3833600000000001,0.75,0.82
17.08.2021 01:14:01.863,1.3834600000000001,1.3833700000000002,0.82,0.75
17.08.2021 01:14:03.031,1.3835000000000002,1.38342,0.82,0.75
17.08.2021 01:14:03.133,1.38354,1.38343,0.1,0.75
17.08.2021 01:14:03.235,1.38355,1.38343,1.57,0.75
17.08.2021 01:14:08.254,1.38355,1.38344,0.82,0.75
17.08.2021 01:14:30.456,1.3835600000000001,1.38345,0.82,0.75
17.08.2021 01:14:34.420,1.38355,1.38345,0.1,0.75
17.08.2021 01:14:36.394,1.38355,1.3834600000000001,0.1,0.75
17.08.2021 01:14:56.207,1.3835600000000001,1.3834600000000001,1.12,1.5
17.08.2021 01:15:00.663,1.3835700000000002,1.3834700000000002,0.75,1.5
17.08.2021 01:15:03.629,1.38359,1.3834700000000002,1.12,0.75
17.08.2021 01:15:04.482,1.38358,1.3834700000000002,0.37,0.75
17.08.2021 01:15:04.634,1.38359,1.3834700000000002,2.25,0.75
17.08.2021 01:15:05.699,1.3835700000000002,1.3834700000000002,0.75,1.5
17.08.2021 01:15:06.923,1.38358,1.38348,1.5,0.75
17.08.2021 01:15:07.142,1.38358,1.3834700000000002,0.1,0.75
17.08.2021 01:15:08.761,1.3835700000000002,1.3834600000000001,0.1,0.75
17.08.2021 01:15:08.964,1.38355,1.3834700000000002,0.1,0.75
17.08.2021 01:15:10.296,1.38355,1.3834600000000001,0.1,1.5
17.08.2021 01:15:10.448,1.38355,1.38345,0.1,0.75
17.08.2021 01:15:13.659,1.38354,1.38345,0.1,1.5
17.08.2021 01:15:14.719,1.3835600000000001,1.38344,0.82,1.5
17.08.2021 01:15:15.975,1.38355,1.3834600000000001,0.1,0.75
17.08.2021 01:15:16.558,1.3835600000000001,1.3834600000000001,1.2,0.75
17.08.2021 01:15:17.136,1.38358,1.3834600000000001,0.82,0.75
17.08.2021 01:15:17.239,1.38359,1.38349,0.82,1.12
17.08.2021 01:15:17.290,1.38362,1.38353,9.07,1.5
17.08.2021 01:15:17.342,1.38362,1.38355,7.5,1.5
17.08.2021 01:15:17.394,1.38365,1.38354,0.1,1.5
17.08.2021 01:15:21.322,1.3836600000000001,1.38354,0.82,1.57
17.08.2021 01:15:22.644,1.38365,1.3835600000000001,0.1,0.75
17.08.2021 01:15:31.639,1.38364,1.38355,0.1,1.5
17.08.2021 01:15:34.550,1.38363,1.38355,0.1,1.5
17.08.2021 01:15:34.916,1.38364,1.38355,0.1,1.5
17.08.2021 01:16:15.926,1.38363,1.38354,0.75,0.75
17.08.2021 01:16:18.761,1.38359,1.38355,0.1,0.75
17.08.2021 01:16:18.812,1.3835700000000002,1.38349,0.75,0.82
17.08.2021 01:16:18.863,1.38354,1.3834600000000001,0.75,0.45
17.08.2021 01:16:18.965,1.38353,1.38348,0.75,0.75
17.08.2021 01:16:19.016,1.38354,1.38345,0.75,0.75
17.08.2021 01:16:30.064,1.3835600000000001,1.38349,0.75,0.19
17.08.2021 01:16:30.115,1.38358,1.38349,0.75,0.94
17.08.2021 01:16:31.124,1.38359,1.38349,0.75,0.1
17.08.2021 01:16:48.417,1.38355,1.38348,0.75,0.75
17.08.2021 01:16:48.519,1.3835600000000001,1.3834600000000001,0.75,0.75
17.08.2021 01:16:48.671,1.3835600000000001,1.38345,0.75,0.82
17.08.2021 01:16:52.176,1.38348,1.38342,1.39,0.37
17.08.2021 01:16:52.227,1.3834700000000002,1.38338,0.75,4.5
17.08.2021 01:16:52.278,1.38344,1.3833900000000001,0.75,0.75
17.08.2021 01:16:52.380,1.38344,1.3834,0.75,0.75
17.08.2021 01:16:53.192,1.38344,1.3833600000000001,0.75,0.75
17.08.2021 01:16:53.294,1.38343,1.3833600000000001,0.75,0.75
17.08.2021 01:16:53.395,1.38343,1.38335,0.75,0.75
17.08.2021 01:16:57.217,1.38342,1.38335,0.75,0.75
17.08.2021 01:17:07.470,1.38344,1.38334,0.75,0.75
17.08.2021 01:17:08.002,1.38345,1.38334,0.82,0.75
17.08.2021 01:17:23.515,1.38344,1.38334,0.1,0.82
17.08.2021 01:17:43.459,1.3834600000000001,1.3833700000000002,0.1,0.75
17.08.2021 01:17:43.562,1.3834700000000002,1.3833700000000002,0.1,0.82
17.08.2021 01:17:57.691,1.3834700000000002,1.38338,0.1,0.75
17.08.2021 01:18:07.318,1.3835000000000002,1.3833900000000001,1.57,0.75
17.08.2021 01:18:08.337,1.3835000000000002,1.38343,0.37,0.75
17.08.2021 01:18:08.387,1.38353,1.38344,0.82,0.75
17.08.2021 01:18:08.489,1.38354,1.38345,0.82,0.75
17.08.2021 01:18:09.487,1.38354,1.3834600000000001,0.1,0.75
17.08.2021 01:18:10.065,1.38355,1.3834600000000001,1.57,0.75
17.08.2021 01:18:22.329,1.3835600000000001,1.38344,5.32,0.75
17.08.2021 01:18:23.293,1.38355,1.38344,5.32,0.82
17.08.2021 01:18:25.243,1.38354,1.38344,0.1,0.75
17.08.2021 01:18:37.216,1.38355,1.3834600000000001,3.82,0.75
17.08.2021 01:18:40.528,1.3835600000000001,1.3834600000000001,4.57,0.75
17.08.2021 01:18:42.846,1.3835600000000001,1.38345,5.32,0.82
17.08.2021 01:18:44.388,1.3835700000000002,1.38345,5.32,0.75
17.08.2021 01:18:47.333,1.3835600000000001,1.38345,5.32,0.82
17.08.2021 01:18:47.814,1.3835600000000001,1.3834600000000001,5.32,0.75
17.08.2021 01:18:48.350,1.38355,1.38345,0.75,0.82
17.08.2021 01:18:48.834,1.3835600000000001,1.3834600000000001,4.57,0.75
17.08.2021 01:18:49.340,1.38355,1.38345,0.75,0.82
17.08.2021 01:18:58.583,1.38355,1.3834600000000001,3,0.75
17.08.2021 01:18:58.684,1.38355,1.3834700000000002,3,0.75
17.08.2021 01:18:59.243,1.3835600000000001,1.38345,3,0.75
17.08.2021 01:18:59.351,1.3835700000000002,1.38345,5.32,0.75
17.08.2021 01:19:00.292,1.3835600000000001,1.3834700000000002,4.57,0.75
17.08.2021 01:19:04.088,1.3835600000000001,1.38345,0.1,0.75
17.08.2021 01:19:07.615,1.38355,1.38345,0.82,0.75
17.08.2021 01:19:34.929,1.38355,1.38344,3.82,0.82
17.08.2021 01:19:35.458,1.38353,1.38344,0.82,0.75
17.08.2021 01:19:35.559,1.38352,1.38341,0.75,0.45
17.08.2021 01:19:35.661,1.38352,1.3833900000000001,0.75,0.75
17.08.2021 01:19:36.600,1.38351,1.38338,0.75,0.94
17.08.2021 01:19:37.132,1.38352,1.3833900000000001,0.82,0.75
17.08.2021 01:19:37.233,1.38351,1.38341,0.82,0.75
17.08.2021 01:19:59.042,1.38354,1.38343,0.1,0.75
17.08.2021 01:19:59.195,1.38354,1.38344,0.82,0.82
17.08.2021 01:20:03.420,1.38354,1.38345,0.82,0.75
17.08.2021 01:20:17.796,1.3836000000000002,1.3835000000000002,4.2,0.75
17.08.2021 01:20:39.775,1.38359,1.38352,0.75,0.75
17.08.2021 01:20:39.826,1.3835700000000002,1.3834700000000002,0.1,0.45
17.08.2021 01:20:39.928,1.38355,1.38348,1.57,0.45
17.08.2021 01:20:39.979,1.3835600000000001,1.38344,1.57,1.2
17.08.2021 01:20:40.080,1.38355,1.38344,0.1,0.75
17.08.2021 01:21:00.118,1.38352,1.38343,0.82,0.75
17.08.2021 01:21:01.740,1.38351,1.38343,0.75,0.75
17.08.2021 01:21:03.481,1.38352,1.38341,0.82,0.75
17.08.2021 01:22:02.736,1.38353,1.38342,2.25,0.75
17.08.2021 01:22:10.460,1.3835000000000002,1.3833900000000001,1.12,1.65
17.08.2021 01:22:10.662,1.38349,1.3833700000000002,0.1,2.02
17.08.2021 01:22:10.814,1.38348,1.3833700000000002,1.57,0.75
17.08.2021 01:22:13.082,1.3834700000000002,1.38335,0.1,0.82
17.08.2021 01:22:20.906,1.38345,1.38335,0.1,2.32
17.08.2021 01:22:22.811,1.3834600000000001,1.38335,0.1,0.75
17.08.2021 01:22:27.131,1.3834700000000002,1.3833600000000001,1.57,1.5
17.08.2021 01:22:37.044,1.3834600000000001,1.3833700000000002,0.1,0.75
17.08.2021 01:22:37.146,1.3834700000000002,1.38335,0.1,1.57
17.08.2021 01:22:51.477,1.3834600000000001,1.38335,0.1,1.5
17.08.2021 01:22:52.509,1.38344,1.3833600000000001,0.1,0.75
17.08.2021 01:22:52.611,1.38344,1.38335,0.1,1.5
17.08.2021 01:22:52.966,1.38344,1.38334,0.75,0.75
17.08.2021 01:22:54.613,1.38345,1.38334,0.82,0.75
17.08.2021 01:23:26.396,1.38344,1.38334,0.75,0.75
17.08.2021 01:23:26.498,1.38345,1.38334,0.1,0.75
17.08.2021 01:23:46.158,1.38338,1.38333,0.1,0.75
17.08.2021 01:23:46.260,1.38335,1.3832700000000002,0.82,7.5
17.08.2021 01:23:46.361,1.3833600000000001,1.3832700000000002,0.82,7.5
17.08.2021 01:23:46.412,1.38335,1.38325,0.1,1.95
17.08.2021 01:23:48.701,1.38334,1.38325,0.1,1.12
17.08.2021 01:24:02.245,1.38333,1.38325,0.1,0.37
17.08.2021 01:24:05.624,1.38333,1.3832700000000002,0.1,0.75
17.08.2021 01:24:18.538,1.38332,1.3832600000000002,0.1,0.75
17.08.2021 01:24:18.741,1.38334,1.38325,0.82,0.75
17.08.2021 01:24:25.346,1.38335,1.38325,0.1,0.75
17.08.2021 01:24:29.072,1.38335,1.3832600000000002,0.1,0.75
17.08.2021 01:24:29.174,1.38335,1.3832700000000002,0.1,0.75
17.08.2021 01:24:31.212,1.38338,1.3833,0.1,0.75
17.08.2021 01:24:31.313,1.3834,1.38333,0.1,0.75
17.08.2021 01:24:34.261,1.38342,1.38332,0.75,0.75
17.08.2021 01:24:36.283,1.38341,1.3833,0.75,1.12
17.08.2021 01:24:36.486,1.38343,1.38333,0.1,0.82
17.08.2021 01:24:39.253,1.38343,1.38334,0.1,0.75
17.08.2021 01:24:50.039,1.38341,1.38334,1.12,0.75
17.08.2021 01:24:50.090,1.38338,1.3833,2.89,0.82
17.08.2021 01:24:50.141,1.3833600000000001,1.3832900000000001,0.75,0.45
17.08.2021 01:24:50.192,1.38335,1.3832600000000002,0.1,7.5
17.08.2021 01:24:50.293,1.38335,1.38325,0.1,7.5
17.08.2021 01:24:50.395,1.38334,1.38325,0.1,0.75
17.08.2021 01:25:01.064,1.38334,1.3832600000000002,0.1,0.3
17.08.2021 01:25:01.115,1.38335,1.3832700000000002,0.1,0.3
17.08.2021 01:25:01.166,1.3833700000000002,1.3832700000000002,0.1,0.3
17.08.2021 01:25:15.533,1.38342,1.38332,0.37,1.12
17.08.2021 01:25:15.584,1.38343,1.38333,7.5,1.95
17.08.2021 01:25:15.685,1.38343,1.38335,7.5,0.75
17.08.2021 01:25:15.787,1.3834600000000001,1.38335,0.1,0.75
17.08.2021 01:25:15.991,1.3834700000000002,1.38335,0.82,0.75
17.08.2021 01:25:35.573,1.3834600000000001,1.38334,0.82,0.75
17.08.2021 01:25:35.675,1.38344,1.38334,0.82,0.75
17.08.2021 01:25:35.777,1.38344,1.38333,0.82,1.76
17.08.2021 01:25:41.473,1.38344,1.38334,0.82,0.75
17.08.2021 01:25:41.575,1.38345,1.38334,0.1,0.75
17.08.2021 01:25:41.677,1.38345,1.38335,0.82,0.75
17.08.2021 01:26:08.146,1.38344,1.38335,0.1,0.75
17.08.2021 01:26:19.094,1.38345,1.38333,0.1,0.75
17.08.2021 01:26:32.743,1.38345,1.38334,0.82,1.01
17.08.2021 01:26:53.848,1.3834600000000001,1.38334,0.82,0.75
17.08.2021 01:27:27.732,1.3834600000000001,1.3833600000000001,1.57,0.19
17.08.2021 01:27:27.791,1.3834600000000001,1.38338,0.75,0.1
17.08.2021 01:27:27.842,1.38348,1.3833900000000001,0.1,1.12
17.08.2021 01:27:27.944,1.3835000000000002,1.3833900000000001,1.57,1.12
17.08.2021 01:27:34.937,1.3835000000000002,1.38338,0.75,0.37
17.08.2021 01:27:50.950,1.3835000000000002,1.3833700000000002,0.75,1.95
17.08.2021 01:28:21.105,1.38348,1.38338,0.75,1.95
17.08.2021 01:28:21.156,1.3835000000000002,1.3833900000000001,0.75,0.75
17.08.2021 01:28:28.039,1.38349,1.3833900000000001,0.82,0.75
17.08.2021 01:28:28.168,1.38348,1.3833900000000001,0.1,0.75
17.08.2021 01:28:34.900,1.3835000000000002,1.38338,0.82,0.75
17.08.2021 01:28:38.840,1.38352,1.38342,0.1,0.75
17.08.2021 01:28:38.941,1.38352,1.38343,0.1,0.75
17.08.2021 01:28:39.097,1.38352,1.38344,0.1,0.75
17.08.2021 01:28:41.743,1.3834700000000002,1.38338,0.75,4.95
17.08.2021 01:28:41.846,1.3834700000000002,1.3833700000000002,0.1,0.45
17.08.2021 01:28:41.948,1.3834700000000002,1.3833600000000001,0.1,0.94
17.08.2021 01:28:42.100,1.38344,1.3833600000000001,0.82,0.75
17.08.2021 01:28:42.353,1.38343,1.3833600000000001,0.1,0.75
17.08.2021 01:28:44.227,1.38343,1.38334,0.1,1.69
17.08.2021 01:28:48.583,1.38343,1.38333,0.1,1.69
17.08.2021 01:29:00.726,1.38343,1.38334,0.1,0.94
17.08.2021 01:29:04.857,1.38343,1.38333,0.1,0.94
17.08.2021 01:29:07.534,1.38343,1.38334,0.1,0.94
17.08.2021 01:29:25.870,1.38342,1.38334,0.1,0.94
17.08.2021 01:29:40.463,1.38343,1.38332,0.1,1.69
17.08.2021 01:29:40.972,1.38342,1.38332,0.1,0.75
17.08.2021 01:29:44.495,1.38342,1.38333,0.1,0.75
17.08.2021 01:29:44.597,1.38342,1.38334,0.1,0.75
17.08.2021 01:30:00.891,1.38344,1.38333,0.75,0.75
17.08.2021 01:30:02.311,1.38335,1.3833,0.37,0.37
17.08.2021 01:30:02.413,1.38335,1.3832700000000002,0.75,0.19
17.08.2021 01:30:16.190,1.38333,1.38328,0.1,0.19
17.08.2021 01:30:40.736,1.38334,1.38328,0.82,0.19
17.08.2021 01:30:43.239,1.38338,1.3833,0.82,1.12
17.08.2021 01:30:43.392,1.38341,1.3832900000000001,1.57,0.75
17.08.2021 01:30:53.233,1.3833900000000001,1.3833,0.75,0.75
17.08.2021 01:30:53.284,1.38338,1.3832700000000002,1.5,0.19
17.08.2021 01:30:53.588,1.3833900000000001,1.3832700000000002,0.75,0.19
17.08.2021 01:30:53.689,1.3834,1.3832700000000002,0.75,0.94
17.08.2021 01:30:55.321,1.3834,1.3832900000000001,0.82,0.75
17.08.2021 01:30:59.465,1.3833600000000001,1.38328,0.75,0.19
17.08.2021 01:31:01.426,1.3833700000000002,1.38328,0.75,0.94
17.08.2021 01:31:01.477,1.3833900000000001,1.3832900000000001,0.75,0.75
17.08.2021 01:31:01.629,1.3834,1.3832900000000001,1.5,1.5
17.08.2021 01:31:11.567,1.38338,1.38328,0.75,0.75
17.08.2021 01:31:11.668,1.3833600000000001,1.38328,0.75,0.19
17.08.2021 01:31:12.073,1.38335,1.38328,0.75,0.19
17.08.2021 01:31:16.151,1.38333,1.38328,0.75,0.19
17.08.2021 01:31:16.455,1.38335,1.3832700000000002,0.75,0.19
17.08.2021 01:31:21.913,1.38335,1.38328,0.75,0.19
17.08.2021 01:31:23.094,1.3833600000000001,1.38328,0.82,0.19
17.08.2021 01:31:24.279,1.3833600000000001,1.3832700000000002,0.1,0.19
17.08.2021 01:31:29.367,1.3833600000000001,1.38328,0.1,0.19
17.08.2021 01:31:30.312,1.38335,1.38328,0.1,0.19
17.08.2021 01:31:31.175,1.3833700000000002,1.3832700000000002,0.1,0.19
17.08.2021 01:31:33.574,1.3833600000000001,1.3832700000000002,0.1,0.19
17.08.2021 01:31:34.165,1.3833700000000002,1.3832700000000002,0.1,0.19
17.08.2021 01:31:34.317,1.3833600000000001,1.3832700000000002,0.1,0.19
17.08.2021 01:31:34.882,1.3833700000000002,1.3832700000000002,0.1,0.19
17.08.2021 01:31:36.419,1.3833600000000001,1.3832700000000002,0.1,0.19
17.08.2021 01:31:45.337,1.3833600000000001,1.38328,0.82,0.19
17.08.2021 01:31:45.695,1.38335,1.38328,0.1,0.19
17.08.2021 01:31:46.284,1.3833600000000001,1.38328,0.82,0.19
17.08.2021 01:31:47.881,1.38335,1.38328,0.1,0.19
17.08.2021 01:31:55.457,1.3833600000000001,1.38328,0.82,0.19
17.08.2021 01:31:56.731,1.3833600000000001,1.3832700000000002,0.1,0.19
17.08.2021 01:32:01.764,1.38335,1.3832700000000002,0.1,0.19
17.08.2021 01:32:10.167,1.3832900000000001,1.38321,0.75,5.25
17.08.2021 01:32:11.688,1.3832600000000002,1.3832,0.1,0.75
17.08.2021 01:32:11.739,1.38328,1.38319,0.1,0.75
17.08.2021 01:32:11.790,1.3833,1.38319,1.2,0.75
17.08.2021 01:32:11.891,1.38332,1.3832,0.82,0.75
17.08.2021 01:32:21.076,1.38328,1.3831600000000002,0.82,2.7
17.08.2021 01:32:21.178,1.3832600000000002,1.3831700000000002,0.1,1.2
17.08.2021 01:32:22.308,1.3832600000000002,1.38315,0.82,0.75
17.08.2021 01:32:31.979,1.38325,1.38314,0.75,1.87
17.08.2021 01:32:32.082,1.3832700000000002,1.38314,1.57,0.75
17.08.2021 01:32:32.184,1.38325,1.38315,0.75,0.75
17.08.2021 01:32:32.523,1.38325,1.38314,1.5,0.75
17.08.2021 01:32:32.888,1.38324,1.38314,0.1,0.75
17.08.2021 01:32:34.024,1.38319,1.3831,1.2,0.82
17.08.2021 01:32:34.126,1.3831600000000002,1.3830600000000002,1.95,7.5
17.08.2021 01:32:34.227,1.38314,1.3830600000000002,0.75,7.5
17.08.2021 01:32:34.278,1.38313,1.38304,0.75,0.75
17.08.2021 01:32:36.706,1.38311,1.3830200000000001,0.75,0.75
17.08.2021 01:32:36.757,1.3831200000000001,1.38299,1.5,1.57
17.08.2021 01:32:36.858,1.3831,1.383,0.75,0.45
17.08.2021 01:32:36.976,1.3831,1.38299,0.75,1.12
17.08.2021 01:32:39.465,1.3830600000000002,1.3829500000000001,1.5,4.57
17.08.2021 01:32:39.566,1.38303,1.3829600000000002,0.75,0.45
17.08.2021 01:32:39.667,1.38304,1.3829200000000001,0.75,1.87
17.08.2021 01:32:44.025,1.3829500000000001,1.3829,0.75,0.82
17.08.2021 01:32:44.127,1.3829200000000001,1.38287,0.75,8.25
17.08.2021 01:32:44.282,1.38291,1.38284,0.75,0.37
17.08.2021 01:32:44.455,1.3829200000000001,1.3828500000000001,0.75,0.75
17.08.2021 01:32:44.606,1.38291,1.38284,0.75,0.37
17.08.2021 01:32:45.394,1.3829200000000001,1.38284,0.75,1.12
17.08.2021 01:32:47.025,1.3828600000000002,1.38281,0.75,1.57
17.08.2021 01:32:47.132,1.3828799999999999,1.38283,0.75,0.75
17.08.2021 01:32:47.184,1.3829200000000001,1.38284,1.5,0.75
17.08.2021 01:32:47.745,1.3829200000000001,1.38283,0.75,0.37
17.08.2021 01:32:47.847,1.3829200000000001,1.3828200000000002,0.75,1.5
17.08.2021 01:32:48.052,1.38291,1.38281,1.12,0.75
17.08.2021 01:32:48.154,1.38287,1.38278,0.75,0.75
17.08.2021 01:32:48.256,1.3828500000000001,1.38278,0.75,0.45
17.08.2021 01:32:48.357,1.3828600000000002,1.38278,0.75,0.75
17.08.2021 01:32:48.509,1.3828500000000001,1.3827600000000002,0.75,1.87
17.08.2021 01:32:48.712,1.3828600000000002,1.3827600000000002,0.75,2.32
17.08.2021 01:32:48.813,1.3828600000000002,1.3827500000000001,0.75,4.95
17.08.2021 01:32:49.191,1.38287,1.3827500000000001,0.75,1.5
17.08.2021 01:32:49.573,1.3828600000000002,1.38274,0.75,1.87
17.08.2021 01:32:49.674,1.3828600000000002,1.38273,1.12,1.76
17.08.2021 01:32:49.725,1.3828200000000002,1.38273,1.12,0.64
17.08.2021 01:32:49.826,1.38281,1.38273,0.75,0.19
17.08.2021 01:32:49.928,1.38278,1.3827200000000002,0.75,0.45
17.08.2021 01:32:49.979,1.38277,1.3827,0.75,0.19
17.08.2021 01:32:50.083,1.38277,1.38269,0.75,0.75
17.08.2021 01:32:50.185,1.3828,1.38271,0.75,1.12
17.08.2021 01:32:50.287,1.38281,1.38273,0.75,0.75
17.08.2021 01:32:50.338,1.38283,1.38273,0.75,0.75
17.08.2021 01:32:50.490,1.38284,1.38273,0.75,1.5
17.08.2021 01:32:50.692,1.38283,1.3827500000000001,0.75,0.75
17.08.2021 01:32:51.402,1.38283,1.3827600000000002,0.75,0.75
17.08.2021 01:32:51.453,1.38283,1.38278,0.75,1.5
17.08.2021 01:32:51.505,1.38287,1.38279,0.75,0.75
17.08.2021 01:32:51.607,1.38287,1.38283,0.75,0.75
17.08.2021 01:32:51.658,1.38291,1.38284,0.75,0.75
17.08.2021 01:32:51.811,1.38291,1.38283,0.75,1.5
17.08.2021 01:32:51.913,1.3829500000000001,1.3828200000000002,0.75,1.5
17.08.2021 01:32:52.217,1.3829600000000002,1.38284,0.82,0.75
17.08.2021 01:32:52.952,1.38297,1.3829,0.45,0.37
17.08.2021 01:32:53.054,1.38299,1.38289,0.75,0.37
17.08.2021 01:32:53.155,1.383,1.3828799999999999,0.75,0.75
17.08.2021 01:32:54.125,1.3830200000000001,1.38291,0.37,0.75
17.08.2021 01:32:54.176,1.3830200000000001,1.38289,1.2,2.25
17.08.2021 01:32:54.277,1.3830200000000001,1.3829200000000001,0.82,0.75
17.08.2021 01:32:54.378,1.38303,1.3829,0.82,0.75
17.08.2021 01:32:54.682,1.3830200000000001,1.3829,0.1,0.75
17.08.2021 01:32:54.784,1.38297,1.38287,0.82,0.75
17.08.2021 01:32:54.886,1.38297,1.3828500000000001,0.82,1.2
17.08.2021 01:32:56.134,1.3829600000000002,1.3828500000000001,0.82,0.94
17.08.2021 01:32:56.338,1.38297,1.3828500000000001,0.82,0.75
17.08.2021 01:32:56.542,1.3829600000000002,1.38287,0.75,0.75
17.08.2021 01:32:56.644,1.3829600000000002,1.3828600000000002,0.75,1.12
17.08.2021 01:32:56.797,1.3829600000000002,1.3828500000000001,0.82,0.75
17.08.2021 01:32:57.358,1.3829600000000002,1.3828600000000002,0.82,0.75
17.08.2021 01:32:57.460,1.3829500000000001,1.3828500000000001,0.75,0.75
17.08.2021 01:32:58.154,1.38297,1.38287,0.82,0.75
17.08.2021 01:32:58.256,1.38297,1.3828600000000002,0.82,0.75
17.08.2021 01:32:58.357,1.38297,1.38284,0.75,1.12
17.08.2021 01:32:58.610,1.38297,1.3828500000000001,0.75,0.75
17.08.2021 01:32:59.054,1.3829600000000002,1.3828500000000001,0.82,0.75
17.08.2021 01:32:59.289,1.38297,1.3828500000000001,0.82,0.75
17.08.2021 01:32:59.391,1.3829600000000002,1.38284,0.82,0.75
17.08.2021 01:33:00.907,1.38289,1.3828,0.82,0.75
17.08.2021 01:33:01.009,1.38287,1.3827600000000002,0.75,4.5
17.08.2021 01:33:01.110,1.38287,1.3827500000000001,0.75,0.75
17.08.2021 01:33:01.212,1.3828799999999999,1.38278,0.75,1.12
17.08.2021 01:33:01.466,1.3828799999999999,1.38279,0.75,3
17.08.2021 01:33:01.683,1.3828799999999999,1.38278,0.75,1.12
17.08.2021 01:33:02.613,1.38289,1.38279,0.75,0.75
17.08.2021 01:33:02.714,1.38287,1.3827500000000001,0.75,1.12
17.08.2021 01:33:02.866,1.3828500000000001,1.3827500000000001,0.75,1.12
17.08.2021 01:33:03.019,1.38284,1.38274,0.75,0.75
17.08.2021 01:33:05.666,1.3829,1.3828,1.12,2.06
17.08.2021 01:33:05.717,1.3829200000000001,1.38281,1.5,0.75
17.08.2021 01:33:05.768,1.3829200000000001,1.38283,0.75,0.75
17.08.2021 01:33:05.819,1.38294,1.38284,8.32,0.75
17.08.2021 01:33:07.530,1.3829500000000001,1.38284,0.82,0.94
17.08.2021 01:33:07.862,1.38294,1.38284,0.75,1.5
17.08.2021 01:33:08.730,1.38294,1.3828200000000002,0.75,0.94
17.08.2021 01:33:08.831,1.3829,1.38281,1.12,0.19
17.08.2021 01:33:08.882,1.3828799999999999,1.38278,0.82,1.5
17.08.2021 01:33:08.933,1.3828600000000002,1.38278,0.82,0.75
17.08.2021 01:33:09.035,1.38284,1.38274,0.75,1.12
17.08.2021 01:33:11.929,1.38284,1.3827500000000001,0.37,0.75
17.08.2021 01:33:12.445,1.3828200000000002,1.3827500000000001,0.37,0.75
17.08.2021 01:33:12.969,1.3828200000000002,1.38274,0.37,0.75
17.08.2021 01:33:13.464,1.3828500000000001,1.38273,0.82,0.75
17.08.2021 01:33:14.027,1.3828500000000001,1.3827500000000001,0.82,0.75
17.08.2021 01:33:14.180,1.38287,1.38277,0.82,0.75
17.08.2021 01:33:14.332,1.38287,1.3827500000000001,0.75,0.75
17.08.2021 01:33:14.846,1.3828600000000002,1.3827500000000001,0.82,0.75
17.08.2021 01:33:14.948,1.3828600000000002,1.3827600000000002,0.82,0.75
17.08.2021 01:33:15.049,1.38284,1.3827600000000002,0.37,0.75
17.08.2021 01:33:15.828,1.3828500000000001,1.38274,0.37,0.75
17.08.2021 01:33:16.082,1.38284,1.38274,0.37,0.75
17.08.2021 01:33:18.087,1.3828200000000002,1.3827500000000001,0.37,0.75
17.08.2021 01:33:18.189,1.38283,1.3827500000000001,0.37,0.75
17.08.2021 01:33:19.043,1.3828500000000001,1.3827500000000001,0.37,0.75
17.08.2021 01:33:19.675,1.38284,1.3827500000000001,0.37,0.75
17.08.2021 01:33:20.044,1.3828500000000001,1.3827500000000001,0.75,0.75
17.08.2021 01:33:20.196,1.3828500000000001,1.3827600000000002,0.75,0.75
17.08.2021 01:33:23.334,1.38284,1.3827500000000001,0.37,1.5
17.08.2021 01:33:23.436,1.38284,1.3827600000000002,0.37,1.5
17.08.2021 01:33:23.638,1.38284,1.38277,0.37,0.75
17.08.2021 01:33:24.321,1.3828600000000002,1.3827600000000002,0.37,0.75
17.08.2021 01:33:25.753,1.3828600000000002,1.3827500000000001,0.37,1.5
17.08.2021 01:33:26.285,1.3828500000000001,1.38277,0.37,0.75
17.08.2021 01:33:26.387,1.3828600000000002,1.3827500000000001,0.37,1.5
17.08.2021 01:33:26.589,1.3828500000000001,1.38278,0.75,0.75
17.08.2021 01:33:26.692,1.3828500000000001,1.38277,0.75,1.5
17.08.2021 01:33:27.515,1.3828500000000001,1.3827600000000002,0.75,1.5
17.08.2021 01:33:28.224,1.3828200000000002,1.3827600000000002,0.75,1.5
17.08.2021 01:33:28.826,1.38287,1.3827500000000001,0.82,1.5
17.08.2021 01:33:29.470,1.3828200000000002,1.3827600000000002,0.75,1.5
17.08.2021 01:33:30.231,1.38283,1.38274,0.75,1.5
17.08.2021 01:33:31.698,1.3828500000000001,1.3827500000000001,0.82,1.5
17.08.2021 01:33:31.799,1.3828600000000002,1.3827500000000001,0.82,1.5
17.08.2021 01:33:32.223,1.38287,1.3827500000000001,0.82,0.75
17.08.2021 01:33:34.589,1.3828600000000002,1.38274,0.75,0.75
17.08.2021 01:33:36.795,1.38283,1.38273,0.75,1.5
17.08.2021 01:33:38.228,1.3828200000000002,1.38273,0.37,1.5
17.08.2021 01:33:38.329,1.38281,1.3827200000000002,1.12,1.87
17.08.2021 01:33:38.431,1.3828200000000002,1.3827200000000002,0.37,1.87
17.08.2021 01:33:38.583,1.3828200000000002,1.38274,0.37,0.75
17.08.2021 01:33:38.785,1.38284,1.38273,0.75,0.75
17.08.2021 01:33:39.050,1.38281,1.3827200000000002,1.87,0.75
17.08.2021 01:33:39.101,1.38283,1.3827200000000002,0.82,1.87
17.08.2021 01:33:39.203,1.38283,1.38273,0.82,0.75
17.08.2021 01:33:39.786,1.38284,1.38274,0.82,0.75
17.08.2021 01:33:41.194,1.3828600000000002,1.38274,0.1,0.75
17.08.2021 01:33:42.016,1.38283,1.38273,0.75,1.12
17.08.2021 01:33:43.152,1.38283,1.3827200000000002,0.75,1.12
17.08.2021 01:33:43.701,1.3828200000000002,1.3827200000000002,0.75,1.12
17.08.2021 01:33:43.803,1.38281,1.38271,0.75,1.69
17.08.2021 01:33:44.164,1.38281,1.3827,0.75,1.31
17.08.2021 01:33:44.906,1.38277,1.38271,0.75,0.19
17.08.2021 01:33:44.957,1.38277,1.38268,0.75,0.19
17.08.2021 01:33:45.008,1.38274,1.3826500000000002,0.75,0.37
17.08.2021 01:33:45.109,1.38263,1.38259,0.75,0.75
17.08.2021 01:33:45.211,1.38267,1.3826,0.1,0.75
17.08.2021 01:33:45.313,1.38267,1.3826100000000001,0.75,0.94
17.08.2021 01:33:46.131,1.38263,1.38257,0.75,0.19
17.08.2021 01:33:46.334,1.3826200000000002,1.38256,0.75,0.37
17.08.2021 01:33:46.435,1.38263,1.38254,0.75,0.19
17.08.2021 01:33:47.148,1.3826200000000002,1.38256,0.75,0.19
17.08.2021 01:33:47.249,1.38264,1.3825500000000002,0.75,0.19
17.08.2021 01:33:47.796,1.3826500000000002,1.38256,0.75,0.75
17.08.2021 01:33:47.898,1.3826500000000002,1.3825500000000002,0.75,3.94
17.08.2021 01:33:49.363,1.38264,1.3825500000000002,0.75,0.75
17.08.2021 01:33:49.667,1.38263,1.3825500000000002,0.75,0.75
17.08.2021 01:33:49.819,1.3826200000000002,1.3825,0.75,4.5
17.08.2021 01:33:49.921,1.3826100000000001,1.38249,0.75,1.12
17.08.2021 01:33:50.073,1.3826200000000002,1.38253,0.75,0.75
17.08.2021 01:33:50.175,1.38263,1.38253,0.75,1.76
17.08.2021 01:33:50.277,1.38264,1.38253,0.75,0.82
17.08.2021 01:33:54.226,1.3826200000000002,1.3825200000000002,0.75,5.51
17.08.2021 01:33:54.429,1.38256,1.38247,0.75,2.62
17.08.2021 01:33:54.531,1.38256,1.38246,0.75,0.28
17.08.2021 01:33:54.632,1.3825500000000002,1.38246,0.75,0.75
17.08.2021 01:33:54.734,1.3825200000000002,1.38246,0.75,0.75
17.08.2021 01:33:54.836,1.38245,1.38238,0.75,0.37
17.08.2021 01:33:54.887,1.38245,1.38239,0.75,0.75
17.08.2021 01:33:54.988,1.38245,1.38239,0.26,1.5
17.08.2021 01:33:55.090,1.3824200000000002,1.3823400000000001,0.75,0.19
17.08.2021 01:33:56.070,1.38243,1.38233,0.94,2.62
17.08.2021 01:33:56.121,1.38238,1.3823200000000002,0.75,0.75
17.08.2021 01:33:56.173,1.38243,1.3823400000000001,1.5,0.75
17.08.2021 01:33:56.274,1.3824,1.3823,0.75,3.75
17.08.2021 01:33:56.376,1.38243,1.3823400000000001,0.75,0.75
17.08.2021 01:33:56.478,1.38245,1.38236,0.37,1.5
17.08.2021 01:33:56.579,1.38246,1.38236,0.75,1.5
17.08.2021 01:33:56.681,1.38245,1.38235,0.75,0.75
17.08.2021 01:33:57.584,1.38245,1.38236,0.75,0.75
17.08.2021 01:33:57.686,1.3825100000000001,1.38245,0.75,0.75
17.08.2021 01:33:57.737,1.38254,1.38245,0.75,1.5
17.08.2021 01:33:57.939,1.3825500000000002,1.38245,0.75,0.75
17.08.2021 01:33:58.825,1.38256,1.38245,0.75,1.5
17.08.2021 01:33:58.927,1.3825500000000002,1.38247,0.75,0.75
17.08.2021 01:33:59.028,1.3825500000000002,1.38248,0.75,0.75
17.08.2021 01:33:59.591,1.38259,1.3825,0.75,0.75
17.08.2021 01:33:59.945,1.3826,1.3825,0.75,1.5
17.08.2021 01:34:00.047,1.3826,1.3825100000000001,0.75,0.75
17.08.2021 01:34:01.268,1.3826200000000002,1.3825100000000001,0.1,0.75
17.08.2021 01:34:01.369,1.3826200000000002,1.3825200000000002,0.75,0.75
17.08.2021 01:34:01.471,1.3826100000000001,1.38253,0.37,0.75
17.08.2021 01:34:01.877,1.3826100000000001,1.3825200000000002,0.37,0.75
17.08.2021 01:34:02.387,1.3826200000000002,1.3825100000000001,0.37,1.5
17.08.2021 01:34:02.944,1.3826200000000002,1.3825200000000002,0.82,0.75
17.08.2021 01:34:04.241,1.38257,1.38248,0.1,0.75
17.08.2021 01:34:04.343,1.38256,1.38247,0.1,1.5
17.08.2021 01:34:04.547,1.3825500000000002,1.38247,0.1,1.5
17.08.2021 01:34:04.648,1.3825500000000002,1.38246,0.1,0.75
17.08.2021 01:34:05.819,1.3825500000000002,1.38245,0.1,1.5
17.08.2021 01:34:06.295,1.3825500000000002,1.38246,0.1,0.75
17.08.2021 01:34:13.410,1.3825500000000002,1.38247,0.1,0.75
17.08.2021 01:34:13.512,1.3826100000000001,1.3825200000000002,3,1.5
17.08.2021 01:34:13.563,1.38264,1.38254,0.75,1.5
17.08.2021 01:34:13.665,1.38264,1.3825500000000002,0.75,0.75
17.08.2021 01:34:13.767,1.38266,1.3825500000000002,0.82,0.75
17.08.2021 01:34:16.742,1.3826500000000002,1.3825500000000002,0.1,0.75
17.08.2021 01:34:19.359,1.38266,1.3825500000000002,0.1,0.75
17.08.2021 01:34:22.380,1.38266,1.38256,1.2,0.75
17.08.2021 01:34:23.628,1.38266,1.38254,0.75,1.57
17.08.2021 01:34:27.281,1.38266,1.38256,1.2,0.75
17.08.2021 01:34:29.757,1.38266,1.38254,0.75,0.75
17.08.2021 01:34:40.705,1.38266,1.38253,0.82,0.82
17.08.2021 01:34:40.857,1.38259,1.3825,0.19,0.75
17.08.2021 01:34:40.908,1.38257,1.38247,0.94,12
17.08.2021 01:34:41.010,1.38257,1.38246,0.94,0.75
17.08.2021 01:34:41.314,1.38257,1.38245,0.94,0.75
17.08.2021 01:34:42.995,1.38256,1.38247,0.19,0.75
17.08.2021 01:34:43.148,1.38257,1.38245,0.94,0.82
17.08.2021 01:34:44.251,1.38256,1.38247,0.19,0.75
17.08.2021 01:34:44.353,1.38258,1.3825100000000001,0.19,0.75
17.08.2021 01:34:44.404,1.38264,1.3825100000000001,1.69,1.69
17.08.2021 01:34:44.455,1.38264,1.38254,1.39,0.75
17.08.2021 01:34:44.709,1.3826200000000002,1.38253,0.37,0.82
17.08.2021 01:34:44.760,1.3826,1.3825,0.75,2.25
17.08.2021 01:34:44.861,1.3826100000000001,1.3825,0.75,0.75
17.08.2021 01:34:44.963,1.3826100000000001,1.3825100000000001,0.75,1.87
17.08.2021 01:34:45.064,1.3826100000000001,1.3825200000000002,0.19,1.5
17.08.2021 01:34:45.919,1.38258,1.38248,0.75,2.32
17.08.2021 01:34:46.021,1.38259,1.38249,0.75,0.75
17.08.2021 01:34:47.367,1.3826,1.3825,1.12,0.75
17.08.2021 01:34:52.614,1.3826,1.3825200000000002,0.75,0.75
17.08.2021 01:34:54.954,1.3826,1.3825,0.75,1.5
17.08.2021 01:35:04.274,1.38259,1.38247,0.75,0.75
17.08.2021 01:35:04.376,1.38257,1.3824400000000001,0.75,0.82
17.08.2021 01:35:07.819,1.38256,1.38246,0.94,0.75
17.08.2021 01:35:15.709,1.38259,1.38247,0.75,0.82
17.08.2021 01:35:15.811,1.38259,1.38249,0.75,0.75
17.08.2021 01:35:16.340,1.3826,1.38249,0.75,0.82
17.08.2021 01:35:16.618,1.38259,1.38246,0.75,0.82
17.08.2021 01:35:17.125,1.38258,1.38246,0.75,0.82
17.08.2021 01:35:18.118,1.38257,1.38248,0.75,3
17.08.2021 01:35:19.266,1.38258,1.38246,0.75,1.2
17.08.2021 01:35:21.037,1.38258,1.38249,1.5,0.1
17.08.2021 01:35:21.519,1.38264,1.3825200000000002,2.81,0.75
17.08.2021 01:35:22.079,1.38263,1.38254,0.75,0.1
17.08.2021 01:35:22.231,1.38263,1.38253,0.19,0.82
17.08.2021 01:35:30.500,1.3826200000000002,1.38253,0.19,0.75
17.08.2021 01:35:30.772,1.3826200000000002,1.3825200000000002,0.94,0.82
17.08.2021 01:35:36.948,1.38263,1.38253,0.75,1.01
17.08.2021 01:35:37.050,1.38264,1.38254,0.94,0.82
17.08.2021 01:35:40.260,1.3826500000000002,1.3825500000000002,2.06,0.75
17.08.2021 01:35:42.813,1.38259,1.3825100000000001,1.12,7.57
17.08.2021 01:35:42.914,1.38259,1.3825,0.75,7.5
17.08.2021 01:35:43.016,1.38257,1.3825,0.19,7.5
17.08.2021 01:35:43.067,1.38256,1.38246,0.19,0.75
17.08.2021 01:35:43.586,1.38256,1.38247,0.19,0.75
17.08.2021 01:35:45.408,1.38258,1.38246,2.14,0.75
17.08.2021 01:35:58.945,1.38256,1.38246,0.19,0.75
17.08.2021 01:35:59.260,1.38256,1.38248,0.19,0.75
17.08.2021 01:35:59.361,1.38256,1.38249,0.19,0.75
17.08.2021 01:35:59.463,1.3826,1.3825200000000002,1.12,0.75
17.08.2021 01:35:59.564,1.3826200000000002,1.3825200000000002,1.12,0.75
17.08.2021 01:36:00.548,1.38263,1.3825500000000002,0.75,0.75
17.08.2021 01:36:00.650,1.38264,1.38257,0.19,0.75
17.08.2021 01:36:00.802,1.38266,1.38256,0.94,0.75
17.08.2021 01:36:00.904,1.38267,1.38258,0.19,0.75
17.08.2021 01:36:01.005,1.38269,1.3826200000000002,0.19,0.75
17.08.2021 01:36:01.490,1.38269,1.3826100000000001,0.19,0.75
17.08.2021 01:36:01.541,1.38267,1.38259,0.19,0.75
17.08.2021 01:36:01.745,1.38267,1.3826,0.19,0.75
17.08.2021 01:36:01.948,1.38268,1.38258,0.19,0.75
17.08.2021 01:36:02.555,1.38267,1.38258,0.19,0.75
17.08.2021 01:36:04.464,1.38266,1.38258,0.19,1.5
17.08.2021 01:36:06.276,1.38269,1.38257,1.12,0.75
17.08.2021 01:36:06.479,1.38269,1.38259,0.37,0.75
17.08.2021 01:36:07.215,1.38267,1.38258,0.37,0.75
17.08.2021 01:36:07.367,1.38266,1.38257,0.37,0.75
17.08.2021 01:36:15.153,1.38264,1.3825500000000002,0.75,0.75
17.08.2021 01:36:16.429,1.3826500000000002,1.38253,0.75,0.82
17.08.2021 01:36:30.454,1.38266,1.38254,1.12,0.75
17.08.2021 01:36:32.068,1.38266,1.38256,1.12,0.75
17.08.2021 01:36:35.063,1.38266,1.38254,0.75,0.75
17.08.2021 01:36:36.729,1.38267,1.3825500000000002,1.12,0.75
17.08.2021 01:36:40.477,1.38266,1.38257,0.37,0.75
17.08.2021 01:36:40.680,1.38266,1.38256,1.12,0.82
17.08.2021 01:36:40.784,1.3826500000000002,1.38256,0.75,0.1
17.08.2021 01:36:41.229,1.38267,1.3825500000000002,1.12,0.82
17.08.2021 01:36:41.587,1.38269,1.3826,1.5,1.12
17.08.2021 01:36:41.688,1.3827,1.3826,0.94,1.87
17.08.2021 01:36:41.791,1.38269,1.3826,0.19,3.82
17.08.2021 01:36:42.658,1.38271,1.3826100000000001,0.94,0.82
17.08.2021 01:36:42.810,1.3827,1.3826100000000001,0.94,0.1
17.08.2021 01:36:45.346,1.3827,1.3826200000000002,0.19,0.1
17.08.2021 01:36:47.234,1.3827200000000002,1.3826500000000002,0.19,0.94
17.08.2021 01:36:47.286,1.38274,1.38264,0.75,0.94
17.08.2021 01:36:47.338,1.38274,1.38267,0.75,0.75
17.08.2021 01:36:47.440,1.38274,1.38266,0.75,0.75
17.08.2021 01:36:47.592,1.38274,1.3826500000000002,0.75,0.82
17.08.2021 01:36:48.268,1.3827500000000001,1.3826500000000002,1.12,0.82
17.08.2021 01:36:50.979,1.3827600000000002,1.38266,0.75,4.12
17.08.2021 01:36:51.080,1.38279,1.3827,0.75,0.1
17.08.2021 01:36:51.333,1.38279,1.38269,0.75,0.82
17.08.2021 01:36:52.075,1.38281,1.38269,0.75,1.5
17.08.2021 01:36:52.896,1.38283,1.38273,0.75,0.75
17.08.2021 01:36:54.942,1.38278,1.38268,0.75,0.75
17.08.2021 01:36:55.045,1.38277,1.38268,1.12,0.45
17.08.2021 01:36:55.147,1.38277,1.3826500000000002,0.75,1.57
17.08.2021 01:37:00.232,1.38279,1.38267,1.69,1.5
17.08.2021 01:37:00.334,1.38279,1.38269,1.12,0.82
17.08.2021 01:37:00.761,1.3828,1.38269,0.75,0.1
17.08.2021 01:37:00.913,1.3828,1.3827,1.12,0.82
17.08.2021 01:37:02.216,1.3828,1.38271,0.37,0.75
17.08.2021 01:37:02.419,1.38281,1.38271,1.12,0.82
17.08.2021 01:37:08.342,1.38283,1.38271,0.94,0.75
17.08.2021 01:37:08.443,1.3828500000000001,1.38273,0.75,0.82
17.08.2021 01:37:09.661,1.3828,1.3827,0.75,3
17.08.2021 01:37:09.762,1.38278,1.3827,0.75,0.82
17.08.2021 01:37:09.813,1.38281,1.38269,0.94,1.2
17.08.2021 01:37:11.710,1.3828200000000002,1.38273,0.75,0.1
17.08.2021 01:37:11.964,1.38283,1.38274,0.75,0.1
17.08.2021 01:37:15.830,1.38283,1.38273,0.75,0.82
17.08.2021 01:37:15.982,1.38283,1.38271,0.75,1.5
17.08.2021 01:37:16.084,1.3828200000000002,1.3827,0.75,2.32
17.08.2021 01:37:30.129,1.38283,1.38273,0.75,0.75
17.08.2021 01:37:30.230,1.3828500000000001,1.3827500000000001,0.75,0.75
17.08.2021 01:37:34.235,1.38284,1.38274,0.75,1.57
17.08.2021 01:37:38.758,1.3828500000000001,1.3827500000000001,0.75,0.82
17.08.2021 01:37:47.820,1.3828600000000002,1.3827500000000001,0.75,0.1
17.08.2021 01:37:48.113,1.38289,1.38279,0.75,0.75
