Gmt time,Ask,Bid,AskVolume,BidVolume
18.08.2021 00:00:00.937,1.3740700000000001,1.37395,0.82,0.75
18.08.2021 00:00:05.105,1.37406,1.37395,0.75,0.94
18.08.2021 00:00:13.743,1.37405,1.37395,1.5,1.2
18.08.2021 00:00:17.337,1.37406,1.37395,0.75,0.37
18.08.2021 00:00:27.402,1.3740700000000001,1.37395,0.82,1.87
18.08.2021 00:00:29.886,1.37406,1.37395,0.75,0.37
18.08.2021 00:00:30.090,1.37404,1.37396,1.57,0.19
18.08.2021 00:00:41.206,1.37404,1.37395,0.75,1.2
18.08.2021 00:00:43.364,1.3739700000000001,1.3739000000000001,0.75,1.12
18.08.2021 00:00:43.466,1.37398,1.37388,0.75,0.19
18.08.2021 00:00:43.567,1.3739700000000001,1.3739000000000001,0.75,0.19
18.08.2021 00:00:43.668,1.3739700000000001,1.37389,0.75,0.19
18.08.2021 00:00:45.778,1.37398,1.37389,0.75,0.19
18.08.2021 00:00:47.725,1.37398,1.37388,0.75,0.19
18.08.2021 00:00:47.826,1.3739700000000001,1.3739000000000001,0.75,0.19
18.08.2021 00:00:50.178,1.3739700000000001,1.3739100000000002,0.75,0.19
18.08.2021 00:00:50.230,1.3740200000000002,1.37392,1.57,0.19
18.08.2021 00:00:50.333,1.37399,1.3739100000000002,1.5,0.19
18.08.2021 00:00:50.702,1.374,1.3739100000000002,1.57,0.19
18.08.2021 00:00:52.041,1.374,1.37392,1.57,0.19
18.08.2021 00:00:59.872,1.374,1.3739100000000002,0.75,0.37
18.08.2021 00:01:00.081,1.3740200000000002,1.37394,1.5,0.1
18.08.2021 00:01:00.182,1.37403,1.37394,1.95,0.26
18.08.2021 00:01:12.922,1.37404,1.37394,0.75,0.26
18.08.2021 00:01:13.023,1.37404,1.37396,0.75,0.1
18.08.2021 00:01:13.376,1.37404,1.37395,0.75,1.2
18.08.2021 00:01:13.677,1.37404,1.37396,0.75,0.1
18.08.2021 00:01:19.661,1.37405,1.37396,1.5,0.1
18.08.2021 00:01:19.763,1.37405,1.3739700000000001,0.75,0.45
18.08.2021 00:01:19.864,1.37406,1.3739700000000001,0.75,0.75
18.08.2021 00:01:20.195,1.37409,1.37399,1.57,0.94
18.08.2021 00:01:20.296,1.3741100000000002,1.374,1.95,0.82
18.08.2021 00:01:21.230,1.37406,1.3740100000000002,0.75,0.75
18.08.2021 00:01:21.281,1.37406,1.37398,0.75,0.19
18.08.2021 00:01:21.423,1.37406,1.3739700000000001,0.75,0.75
18.08.2021 00:01:21.530,1.37406,1.37396,0.75,0.75
18.08.2021 00:01:24.581,1.37405,1.37396,0.75,0.75
18.08.2021 00:01:37.957,1.37405,1.37395,0.75,0.75
18.08.2021 00:01:42.125,1.37404,1.37395,0.75,0.75
18.08.2021 00:01:44.129,1.37405,1.37395,0.75,0.75
18.08.2021 00:01:52.918,1.37405,1.37396,0.75,0.75
18.08.2021 00:01:56.912,1.37404,1.37396,0.75,0.75
18.08.2021 00:02:05.612,1.37406,1.37395,0.75,0.75
18.08.2021 00:02:09.799,1.37405,1.37395,0.75,0.75
18.08.2021 00:02:18.494,1.37404,1.3739700000000001,0.75,0.37
18.08.2021 00:02:18.595,1.37405,1.3739700000000001,0.75,0.19
18.08.2021 00:02:18.697,1.37406,1.37398,0.75,0.19
18.08.2021 00:02:22.100,1.37406,1.374,0.75,0.19
18.08.2021 00:02:22.467,1.3741100000000002,1.37404,1.95,1.12
18.08.2021 00:02:22.619,1.3741200000000002,1.37404,0.75,1.2
18.08.2021 00:02:23.549,1.3741400000000001,1.37403,0.75,1.2
18.08.2021 00:02:23.650,1.37413,1.37403,0.75,1.2
18.08.2021 00:02:23.830,1.3741400000000001,1.37403,0.75,1.2
18.08.2021 00:02:26.160,1.37413,1.37406,0.75,0.94
18.08.2021 00:02:27.208,1.37413,1.3740700000000001,0.75,0.19
18.08.2021 00:02:32.751,1.37413,1.37406,0.75,1.12
18.08.2021 00:02:40.116,1.3741400000000001,1.37406,0.75,1.12
18.08.2021 00:02:43.194,1.3741400000000001,1.37405,0.75,0.75
18.08.2021 00:02:46.050,1.37415,1.37405,0.75,0.75
18.08.2021 00:02:46.203,1.37415,1.3740700000000001,0.75,0.75
18.08.2021 00:02:47.522,1.37415,1.37406,0.75,1.2
18.08.2021 00:02:50.580,1.3741400000000001,1.37405,0.75,0.75
18.08.2021 00:02:53.929,1.3741400000000001,1.37403,0.75,0.82
18.08.2021 00:02:54.030,1.3741100000000002,1.3740100000000002,0.75,0.94
18.08.2021 00:03:00.328,1.37413,1.37403,0.75,1.2
18.08.2021 00:03:00.429,1.3741200000000002,1.37405,0.75,0.37
18.08.2021 00:03:03.176,1.37413,1.37405,0.75,0.37
18.08.2021 00:03:05.495,1.3741400000000001,1.37403,0.75,1.2
18.08.2021 00:03:09.171,1.3741400000000001,1.37404,1.5,1.95
18.08.2021 00:03:19.230,1.37413,1.37404,0.75,1.2
18.08.2021 00:03:23.547,1.37413,1.37403,0.75,1.2
18.08.2021 00:03:24.027,1.3741200000000002,1.37405,0.75,0.75
18.08.2021 00:03:25.017,1.3741200000000002,1.37406,0.75,0.19
18.08.2021 00:03:26.118,1.37413,1.37406,0.75,0.19
18.08.2021 00:03:30.124,1.3741400000000001,1.37404,0.75,0.94
18.08.2021 00:03:36.901,1.37413,1.37406,0.75,0.19
18.08.2021 00:03:41.194,1.3741400000000001,1.37404,0.75,0.94
18.08.2021 00:03:42.285,1.3741400000000001,1.37403,0.75,1.95
18.08.2021 00:03:47.015,1.3741,1.37404,0.75,0.75
18.08.2021 00:03:47.066,1.37408,1.3740100000000002,0.75,0.75
18.08.2021 00:03:47.117,1.3740700000000001,1.37399,0.75,0.19
18.08.2021 00:03:47.219,1.37405,1.37399,0.75,7.5
18.08.2021 00:03:47.321,1.37406,1.3739700000000001,0.75,0.19
18.08.2021 00:03:48.278,1.37405,1.37395,0.75,0.94
18.08.2021 00:03:48.572,1.37405,1.37393,1.5,1.39
18.08.2021 00:03:48.623,1.3740200000000002,1.37394,0.75,0.19
18.08.2021 00:03:48.724,1.374,1.37392,0.75,0.82
18.08.2021 00:03:51.911,1.3739700000000001,1.37389,0.75,0.37
18.08.2021 00:03:52.013,1.3739700000000001,1.37388,0.75,0.19
18.08.2021 00:03:54.310,1.37396,1.37388,0.75,0.19
18.08.2021 00:03:54.615,1.37395,1.37388,0.75,0.19
18.08.2021 00:03:54.716,1.37396,1.37385,0.75,1.12
18.08.2021 00:03:55.916,1.37394,1.37386,0.75,1.12
18.08.2021 00:03:56.912,1.37394,1.37385,0.75,1.2
18.08.2021 00:03:57.013,1.37394,1.37384,0.75,1.2
18.08.2021 00:03:58.698,1.37388,1.3738100000000002,0.75,0.75
18.08.2021 00:03:58.800,1.3738700000000001,1.3738000000000001,1.5,0.19
18.08.2021 00:03:59.053,1.37386,1.3738000000000001,0.75,0.19
18.08.2021 00:04:00.616,1.37388,1.37379,1.5,0.19
18.08.2021 00:04:01.606,1.37386,1.37379,0.75,0.37
18.08.2021 00:04:01.992,1.37386,1.37375,0.75,1.01
18.08.2021 00:04:02.094,1.37384,1.37375,0.75,1.65
18.08.2021 00:04:02.195,1.3738299999999999,1.37375,0.75,0.37
18.08.2021 00:04:02.348,1.3738299999999999,1.37374,0.75,0.37
18.08.2021 00:04:02.399,1.37378,1.3737000000000001,0.75,1.2
18.08.2021 00:04:02.500,1.3737700000000002,1.37369,1.5,0.19
18.08.2021 00:04:02.602,1.37376,1.37369,0.75,0.19
18.08.2021 00:04:02.876,1.37376,1.37368,0.75,0.19
18.08.2021 00:04:04.303,1.3738100000000002,1.37372,0.75,0.75
18.08.2021 00:04:04.405,1.37384,1.37376,0.75,0.19
18.08.2021 00:04:06.089,1.37384,1.37375,1.5,1.5
18.08.2021 00:04:07.013,1.37385,1.37375,0.75,0.19
18.08.2021 00:04:07.259,1.37385,1.37376,0.75,0.75
18.08.2021 00:04:07.411,1.37384,1.37379,0.75,0.75
18.08.2021 00:04:07.512,1.37388,1.37382,0.75,0.75
18.08.2021 00:04:07.614,1.37388,1.3738299999999999,0.75,0.75
18.08.2021 00:04:07.766,1.37386,1.3738000000000001,0.75,0.75
18.08.2021 00:04:07.918,1.37386,1.37379,0.75,0.75
18.08.2021 00:04:08.070,1.37385,1.37379,0.75,0.75
18.08.2021 00:04:12.057,1.3739100000000002,1.37384,0.45,0.75
18.08.2021 00:04:12.109,1.37394,1.37386,0.75,0.75
18.08.2021 00:04:13.165,1.37394,1.37388,0.75,0.75
18.08.2021 00:04:13.382,1.37393,1.37388,0.75,0.75
18.08.2021 00:04:13.433,1.37395,1.37388,0.75,0.75
18.08.2021 00:04:13.535,1.37394,1.37389,0.75,0.75
18.08.2021 00:04:13.637,1.37396,1.37388,0.75,0.75
18.08.2021 00:04:13.799,1.37395,1.37388,0.75,0.75
18.08.2021 00:04:22.141,1.37395,1.37389,0.75,0.75
18.08.2021 00:04:23.071,1.37394,1.37389,0.75,0.75
18.08.2021 00:04:27.423,1.37393,1.37388,0.75,0.75
18.08.2021 00:04:27.474,1.37393,1.37386,0.75,0.75
18.08.2021 00:04:27.577,1.37393,1.3738700000000001,0.75,0.75
18.08.2021 00:04:27.683,1.37392,1.3738700000000001,0.75,0.75
18.08.2021 00:04:27.786,1.37393,1.3738700000000001,0.75,0.75
18.08.2021 00:04:30.054,1.37393,1.37388,0.75,0.75
18.08.2021 00:04:30.157,1.37394,1.37389,0.75,0.75
18.08.2021 00:04:38.937,1.37396,1.37388,0.75,0.75
18.08.2021 00:04:43.372,1.37399,1.37396,0.37,0.75
18.08.2021 00:04:43.423,1.37405,1.3739700000000001,0.75,0.75
18.08.2021 00:04:44.453,1.37405,1.37398,0.75,0.75
18.08.2021 00:04:46.285,1.37406,1.37398,0.75,0.75
18.08.2021 00:04:47.052,1.37406,1.374,0.75,0.75
18.08.2021 00:04:49.957,1.37408,1.37399,0.75,0.75
18.08.2021 00:04:52.221,1.3740700000000001,1.37399,0.75,0.75
18.08.2021 00:04:53.468,1.37406,1.3740100000000002,0.75,0.75
18.08.2021 00:04:53.570,1.37406,1.374,0.75,0.75
18.08.2021 00:04:54.458,1.37406,1.37399,0.75,0.75
18.08.2021 00:04:54.560,1.37405,1.37399,0.75,0.75
18.08.2021 00:05:01.802,1.37405,1.37398,0.75,0.75
18.08.2021 00:05:01.903,1.37404,1.37398,0.75,0.75
18.08.2021 00:05:02.005,1.37406,1.3739700000000001,0.75,0.75
18.08.2021 00:05:15.142,1.37405,1.3739700000000001,0.75,0.75
18.08.2021 00:05:25.187,1.37406,1.3739700000000001,0.75,0.75
18.08.2021 00:05:25.288,1.3740700000000001,1.37398,0.75,0.75
18.08.2021 00:05:26.919,1.3740700000000001,1.37399,0.75,0.94
18.08.2021 00:05:31.684,1.37409,1.374,0.75,0.94
18.08.2021 00:05:31.735,1.37409,1.37403,0.75,0.75
18.08.2021 00:05:31.836,1.3741,1.37403,0.75,0.94
18.08.2021 00:05:31.938,1.3741,1.37404,0.75,0.75
18.08.2021 00:05:39.007,1.37409,1.37404,0.75,0.75
18.08.2021 00:05:39.580,1.3741400000000001,1.37406,1.57,0.75
18.08.2021 00:05:39.682,1.37415,1.37406,0.75,0.75
18.08.2021 00:05:40.553,1.37418,1.3741100000000002,0.37,0.75
18.08.2021 00:05:40.604,1.3741700000000001,1.3741,0.75,0.75
18.08.2021 00:05:40.707,1.37416,1.3741,0.75,0.75
18.08.2021 00:05:41.116,1.3741700000000001,1.3740700000000001,0.75,0.75
18.08.2021 00:05:42.359,1.37415,1.37408,0.75,0.75
18.08.2021 00:05:44.475,1.37415,1.3740700000000001,0.75,0.75
18.08.2021 00:05:53.803,1.37413,1.3740700000000001,0.75,0.75
18.08.2021 00:05:53.905,1.3741200000000002,1.37403,0.75,0.75
18.08.2021 00:05:54.007,1.37409,1.3740100000000002,0.75,0.45
18.08.2021 00:05:54.109,1.37408,1.3740100000000002,0.75,0.75
18.08.2021 00:05:54.369,1.37408,1.374,0.75,0.75
18.08.2021 00:05:54.470,1.37409,1.37403,0.75,0.75
18.08.2021 00:06:00.099,1.3741400000000001,1.37405,1.5,0.75
18.08.2021 00:06:07.550,1.3741400000000001,1.37406,0.82,0.75
18.08.2021 00:06:17.319,1.37416,1.37406,0.82,0.75
18.08.2021 00:06:17.420,1.3741700000000001,1.3740700000000001,0.75,0.94
18.08.2021 00:06:18.341,1.37415,1.37408,0.75,0.94
18.08.2021 00:06:21.712,1.3741400000000001,1.37408,0.75,0.94
18.08.2021 00:06:22.019,1.37415,1.37408,0.82,0.75
18.08.2021 00:06:24.480,1.37415,1.3740700000000001,0.75,0.75
18.08.2021 00:06:43.592,1.37415,1.37408,0.82,0.75
18.08.2021 00:07:08.274,1.3741400000000001,1.37408,0.75,0.75
18.08.2021 00:07:12.690,1.37415,1.37408,0.75,0.75
18.08.2021 00:07:20.814,1.37416,1.37408,0.75,0.75
18.08.2021 00:07:20.865,1.37423,1.3741700000000001,0.45,0.19
18.08.2021 00:07:20.967,1.37423,1.37418,1.2,0.75
18.08.2021 00:07:21.017,1.37425,1.37418,0.1,0.75
18.08.2021 00:07:21.119,1.37427,1.3741700000000001,1.12,0.75
18.08.2021 00:07:21.220,1.37425,1.37418,0.82,0.75
18.08.2021 00:07:21.423,1.37425,1.3741700000000001,0.75,0.75
18.08.2021 00:07:29.977,1.37425,1.37416,0.75,0.75
18.08.2021 00:07:32.392,1.3742400000000001,1.37416,0.1,0.75
18.08.2021 00:07:33.730,1.3742100000000002,1.3741400000000001,0.75,0.75
18.08.2021 00:07:33.782,1.37423,1.37415,1.57,0.75
18.08.2021 00:07:33.885,1.37423,1.37416,0.75,0.75
18.08.2021 00:07:34.494,1.3742200000000002,1.3741400000000001,0.82,0.75
18.08.2021 00:07:34.597,1.3742100000000002,1.3741400000000001,0.75,0.75
18.08.2021 00:07:37.050,1.3742200000000002,1.3741100000000002,0.82,0.75
18.08.2021 00:07:37.152,1.3742100000000002,1.37413,0.82,0.75
18.08.2021 00:07:38.021,1.3742400000000001,1.37415,0.75,0.75
18.08.2021 00:07:38.149,1.3742400000000001,1.37416,1.57,0.75
18.08.2021 00:07:40.030,1.3742200000000002,1.37416,0.75,0.75
18.08.2021 00:07:40.131,1.37425,1.37416,1.57,0.75
18.08.2021 00:07:40.233,1.37427,1.3741700000000001,0.82,0.75
18.08.2021 00:07:47.114,1.37425,1.37418,0.1,0.75
18.08.2021 00:07:49.057,1.37425,1.3741700000000001,0.1,0.75
18.08.2021 00:07:53.379,1.37425,1.37416,1.2,0.75
18.08.2021 00:08:01.366,1.37425,1.37415,0.75,0.75
18.08.2021 00:08:01.471,1.3742200000000002,1.3741100000000002,0.1,1.95
18.08.2021 00:08:01.573,1.3742,1.3741200000000002,1.5,0.75
18.08.2021 00:08:01.624,1.37418,1.37409,1.57,1.57
18.08.2021 00:08:01.725,1.3741700000000001,1.37409,0.82,0.45
18.08.2021 00:08:01.826,1.37418,1.3740700000000001,1.2,0.75
18.08.2021 00:08:02.079,1.3741700000000001,1.37406,0.1,1.5
18.08.2021 00:08:17.645,1.37415,1.3740700000000001,0.75,0.75
18.08.2021 00:08:19.193,1.37415,1.37408,0.75,0.75
18.08.2021 00:08:19.347,1.37418,1.3741100000000002,0.75,0.75
18.08.2021 00:08:19.398,1.37416,1.37409,0.75,0.94
18.08.2021 00:08:25.443,1.37416,1.37408,0.82,0.75
18.08.2021 00:08:29.698,1.3741700000000001,1.37406,0.82,0.75
18.08.2021 00:08:37.862,1.37416,1.37406,0.1,0.75
18.08.2021 00:08:40.129,1.3741700000000001,1.37406,1.57,0.75
18.08.2021 00:08:43.100,1.3741700000000001,1.37409,1.2,0.75
18.08.2021 00:08:47.458,1.37418,1.37409,3.07,0.75
18.08.2021 00:08:50.983,1.37418,1.3741,2.32,0.75
18.08.2021 00:08:51.530,1.37419,1.3741400000000001,0.75,0.75
18.08.2021 00:08:51.581,1.37425,1.3741700000000001,1.57,0.75
18.08.2021 00:08:58.149,1.37426,1.3741700000000001,0.82,0.75
18.08.2021 00:08:58.251,1.37426,1.37416,0.75,0.75
18.08.2021 00:08:58.807,1.37426,1.3741700000000001,0.75,0.75
18.08.2021 00:09:00.277,1.37426,1.37418,0.82,0.75
18.08.2021 00:09:08.937,1.37426,1.3742100000000002,0.82,0.75
18.08.2021 00:09:18.517,1.37426,1.3742,0.82,0.75
18.08.2021 00:09:24.160,1.37426,1.3742100000000002,2.32,0.75
18.08.2021 00:09:43.190,1.37429,1.3742400000000001,0.75,0.75
18.08.2021 00:09:43.241,1.37433,1.37429,0.75,0.75
18.08.2021 00:09:43.292,1.37435,1.37429,8.32,0.75
18.08.2021 00:09:46.539,1.37436,1.37429,0.82,0.75
18.08.2021 00:09:52.461,1.37435,1.37429,1.57,0.75
18.08.2021 00:09:58.506,1.37435,1.37428,1.57,0.75
18.08.2021 00:09:59.724,1.37436,1.37426,1.57,0.75
18.08.2021 00:10:25.279,1.3743400000000001,1.37427,0.75,0.75
18.08.2021 00:10:31.793,1.37435,1.37425,0.75,0.75
18.08.2021 00:10:46.527,1.3743400000000001,1.37427,0.75,0.75
18.08.2021 00:10:49.284,1.37435,1.37425,0.75,0.75
18.08.2021 00:11:01.954,1.37429,1.3742,0.75,0.75
18.08.2021 00:11:02.005,1.37428,1.37418,0.75,1.12
18.08.2021 00:11:05.697,1.37427,1.37418,1.5,0.75
18.08.2021 00:11:05.799,1.37426,1.3741700000000001,1.5,0.94
18.08.2021 00:11:06.574,1.37426,1.37416,0.37,0.94
18.08.2021 00:11:09.650,1.37427,1.3741700000000001,1.12,0.75
18.08.2021 00:11:12.195,1.37426,1.3742100000000002,0.75,0.75
18.08.2021 00:11:12.246,1.3743,1.3742100000000002,5.7,0.75
18.08.2021 00:11:12.933,1.3743,1.3742,2.25,1.87
18.08.2021 00:11:20.787,1.3743,1.3742100000000002,0.75,0.75
18.08.2021 00:11:33.503,1.3743200000000002,1.3742200000000002,0.75,0.75
18.08.2021 00:11:33.605,1.37433,1.37425,0.75,0.75
18.08.2021 00:11:33.706,1.3743400000000001,1.37423,0.75,0.75
18.08.2021 00:11:33.807,1.37433,1.37425,0.75,0.75
18.08.2021 00:11:34.290,1.3743400000000001,1.37423,0.75,0.75
18.08.2021 00:11:34.391,1.3743200000000002,1.3742400000000001,0.75,0.75
18.08.2021 00:11:34.493,1.37433,1.3742200000000002,0.75,0.75
18.08.2021 00:11:34.594,1.3743200000000002,1.3742100000000002,0.75,0.75
18.08.2021 00:11:43.161,1.37428,1.37419,0.75,0.75
18.08.2021 00:11:43.263,1.37427,1.3741700000000001,0.75,0.75
18.08.2021 00:11:46.359,1.37426,1.37416,0.75,0.75
18.08.2021 00:11:46.410,1.3742400000000001,1.3741400000000001,0.75,0.94
18.08.2021 00:11:46.511,1.3742400000000001,1.37413,0.75,0.75
18.08.2021 00:11:46.613,1.3742200000000002,1.3741400000000001,0.75,0.75
18.08.2021 00:11:46.714,1.37423,1.3741400000000001,0.75,0.75
18.08.2021 00:11:46.765,1.3742400000000001,1.37415,1.5,0.75
18.08.2021 00:11:46.867,1.37425,1.37415,0.75,0.75
18.08.2021 00:11:46.968,1.37426,1.37416,0.75,0.75
18.08.2021 00:11:48.675,1.37425,1.37418,0.75,0.75
18.08.2021 00:11:53.784,1.37426,1.37416,0.75,0.94
18.08.2021 00:12:00.478,1.37426,1.37418,0.75,0.75
18.08.2021 00:12:03.051,1.37427,1.37416,0.75,0.94
18.08.2021 00:12:03.203,1.37425,1.3741700000000001,0.75,0.75
18.08.2021 00:12:09.214,1.37425,1.37416,1.5,0.75
18.08.2021 00:12:16.684,1.3742400000000001,1.3741400000000001,0.75,0.75
18.08.2021 00:12:16.786,1.3742100000000002,1.3741200000000002,2.81,0.75
18.08.2021 00:12:23.284,1.3742400000000001,1.37415,0.75,0.75
18.08.2021 00:12:28.257,1.3742400000000001,1.37416,0.75,0.94
18.08.2021 00:12:31.620,1.37425,1.37416,0.75,0.75
18.08.2021 00:12:44.097,1.37425,1.37418,0.75,0.75
18.08.2021 00:12:49.970,1.37427,1.3742100000000002,0.75,0.75
18.08.2021 00:12:50.071,1.37428,1.37419,0.75,0.75
18.08.2021 00:12:50.223,1.37428,1.3742,1.5,0.75
18.08.2021 00:12:50.324,1.37427,1.37419,0.75,0.75
18.08.2021 00:12:50.885,1.37427,1.3742,0.75,0.75
18.08.2021 00:12:53.035,1.37427,1.37419,0.75,0.75
18.08.2021 00:12:53.347,1.37427,1.37418,0.75,0.75
18.08.2021 00:12:57.695,1.37427,1.3741700000000001,0.75,0.75
18.08.2021 00:12:57.797,1.3742400000000001,1.3741700000000001,0.75,0.75
18.08.2021 00:12:57.898,1.3742400000000001,1.37416,0.75,0.75
18.08.2021 00:12:59.391,1.37423,1.37416,0.75,0.75
18.08.2021 00:12:59.492,1.3742400000000001,1.3741400000000001,0.75,0.75
18.08.2021 00:12:59.743,1.3742200000000002,1.37415,0.75,0.75
18.08.2021 00:13:02.690,1.37423,1.37415,0.75,0.75
18.08.2021 00:13:03.263,1.3742400000000001,1.37415,0.75,0.94
18.08.2021 00:13:24.173,1.37425,1.3741700000000001,0.75,0.75
18.08.2021 00:13:28.617,1.37426,1.3741700000000001,0.75,0.75
18.08.2021 00:13:32.986,1.37426,1.37416,0.75,1.12
18.08.2021 00:13:34.226,1.37426,1.37418,0.75,0.75
18.08.2021 00:13:34.277,1.37429,1.3742200000000002,2.32,0.75
18.08.2021 00:13:34.379,1.37429,1.3742100000000002,3.15,0.75
18.08.2021 00:13:35.177,1.37429,1.3742,0.75,0.75
18.08.2021 00:13:35.600,1.37428,1.3742,0.75,0.75
18.08.2021 00:13:35.702,1.37427,1.3742,0.75,0.75
18.08.2021 00:13:36.311,1.37426,1.3742,0.75,0.75
18.08.2021 00:13:36.610,1.37426,1.37418,0.75,0.94
18.08.2021 00:14:03.966,1.37427,1.37418,0.75,0.75
18.08.2021 00:14:06.254,1.37427,1.3741700000000001,0.75,0.75
18.08.2021 00:14:06.509,1.37426,1.37419,0.75,0.75
18.08.2021 00:14:11.841,1.37427,1.3742200000000002,0.75,0.75
18.08.2021 00:14:11.943,1.3743,1.3742200000000002,0.75,0.75
18.08.2021 00:14:12.044,1.3743,1.37423,0.75,0.75
18.08.2021 00:14:12.146,1.37429,1.37423,0.75,0.75
18.08.2021 00:14:20.101,1.37433,1.3742400000000001,1.5,0.75
18.08.2021 00:14:20.939,1.37433,1.37428,0.75,0.75
18.08.2021 00:14:26.894,1.37428,1.3742400000000001,0.82,0.75
18.08.2021 00:14:26.996,1.37429,1.37425,0.1,0.75
18.08.2021 00:14:27.858,1.3743,1.37425,0.1,0.75
18.08.2021 00:14:53.502,1.3743100000000001,1.37426,0.1,0.75
18.08.2021 00:14:53.604,1.3743100000000001,1.37427,0.1,0.75
18.08.2021 00:14:57.622,1.3743100000000001,1.3742200000000002,0.1,0.75
18.08.2021 00:14:57.803,1.3743100000000001,1.37426,0.1,0.75
18.08.2021 00:14:58.117,1.37428,1.37423,0.75,0.75
18.08.2021 00:14:58.218,1.37427,1.37423,1.57,0.75
18.08.2021 00:15:00.473,1.37428,1.3742100000000002,0.82,0.75
18.08.2021 00:15:02.352,1.37428,1.3742,0.82,0.75
18.08.2021 00:15:02.863,1.37426,1.3742100000000002,0.1,0.75
18.08.2021 00:15:04.378,1.37427,1.3742100000000002,2.32,0.75
18.08.2021 00:15:06.727,1.37427,1.3742,0.1,0.75
18.08.2021 00:15:07.203,1.37427,1.37419,0.82,0.75
18.08.2021 00:15:07.452,1.37425,1.3742,0.1,0.75
18.08.2021 00:15:07.503,1.3742,1.37415,0.75,1.5
18.08.2021 00:15:07.605,1.3742200000000002,1.3741400000000001,1.95,0.75
18.08.2021 00:15:07.987,1.3742200000000002,1.37415,0.82,0.75
18.08.2021 00:15:10.987,1.37418,1.3741100000000002,0.82,0.75
18.08.2021 00:15:11.089,1.37416,1.3741200000000002,0.1,0.75
18.08.2021 00:15:11.652,1.3741700000000001,1.3741100000000002,1.2,0.75
18.08.2021 00:15:13.381,1.37416,1.3741100000000002,0.75,0.75
18.08.2021 00:15:13.790,1.37418,1.3741200000000002,0.75,0.75
18.08.2021 00:15:13.841,1.3742100000000002,1.37413,0.9,0.75
18.08.2021 00:15:13.942,1.3742100000000002,1.3741400000000001,0.45,0.75
18.08.2021 00:15:14.044,1.3742100000000002,1.37415,1.2,0.75
18.08.2021 00:15:15.880,1.3742400000000001,1.3741700000000001,0.75,0.75
18.08.2021 00:15:15.982,1.37423,1.37419,0.75,0.75
18.08.2021 00:15:16.083,1.37425,1.37418,1.12,0.75
18.08.2021 00:15:16.235,1.37426,1.37418,0.82,0.75
18.08.2021 00:15:19.130,1.37425,1.3742,0.82,0.75
18.08.2021 00:15:20.187,1.37426,1.37418,0.82,0.75
18.08.2021 00:15:35.529,1.37425,1.37418,1.2,0.75
18.08.2021 00:15:35.630,1.3742400000000001,1.37418,0.1,0.75
18.08.2021 00:15:52.660,1.3742400000000001,1.37419,0.75,0.75
18.08.2021 00:16:01.117,1.3742400000000001,1.37418,0.75,0.75
18.08.2021 00:16:31.798,1.37426,1.3741700000000001,0.1,0.75
18.08.2021 00:16:37.617,1.37425,1.37419,0.1,0.75
18.08.2021 00:16:39.484,1.37426,1.3741700000000001,0.45,0.75
18.08.2021 00:16:39.585,1.3742400000000001,1.37418,0.45,0.75
18.08.2021 00:16:39.788,1.3742400000000001,1.3741700000000001,0.45,0.75
18.08.2021 00:16:39.889,1.37425,1.3741700000000001,0.1,0.75
18.08.2021 00:16:43.154,1.37419,1.37413,0.82,1.5
18.08.2021 00:16:43.255,1.37418,1.3741100000000002,0.82,0.75
18.08.2021 00:16:43.458,1.37416,1.3741200000000002,0.1,0.75
18.08.2021 00:16:43.509,1.37416,1.3741,0.1,0.75
18.08.2021 00:16:44.763,1.37416,1.37409,0.1,0.75
18.08.2021 00:16:48.184,1.37416,1.37408,0.1,0.75
18.08.2021 00:16:51.909,1.37415,1.3740700000000001,0.37,0.75
18.08.2021 00:16:58.560,1.37415,1.37408,0.1,0.75
18.08.2021 00:16:58.877,1.3741400000000001,1.37408,0.37,0.75
18.08.2021 00:16:59.908,1.37415,1.37408,0.1,0.75
18.08.2021 00:17:00.111,1.3741400000000001,1.37408,0.37,0.75
18.08.2021 00:17:00.279,1.37416,1.3740700000000001,0.1,0.75
18.08.2021 00:17:05.260,1.3741400000000001,1.37408,0.37,0.75
18.08.2021 00:17:11.075,1.37415,1.37408,0.1,0.75
18.08.2021 00:17:11.282,1.37415,1.3740700000000001,0.37,0.75
18.08.2021 00:17:11.837,1.37416,1.3740700000000001,0.45,0.75
18.08.2021 00:17:12.257,1.37416,1.37406,0.1,0.75
18.08.2021 00:17:12.463,1.3741400000000001,1.37406,0.37,0.75
18.08.2021 00:17:12.514,1.37413,1.37405,0.1,0.75
18.08.2021 00:17:13.004,1.3741200000000002,1.37405,0.1,0.75
18.08.2021 00:17:13.105,1.3741100000000002,1.37404,0.1,0.75
18.08.2021 00:17:14.518,1.37413,1.37403,0.82,0.75
18.08.2021 00:17:21.452,1.3741200000000002,1.37403,1.57,0.75
18.08.2021 00:17:24.447,1.37413,1.37403,0.75,0.75
18.08.2021 00:17:24.548,1.3741400000000001,1.37403,1.57,0.75
18.08.2021 00:17:25.224,1.3741400000000001,1.37404,0.75,0.75
18.08.2021 00:17:25.326,1.37413,1.37404,1.57,0.75
18.08.2021 00:17:41.818,1.3740700000000001,1.3740100000000002,0.75,0.75
18.08.2021 00:17:41.920,1.37406,1.374,0.75,0.45
18.08.2021 00:17:42.021,1.3740700000000001,1.37398,0.75,0.75
18.08.2021 00:17:46.473,1.37406,1.37398,0.75,0.75
18.08.2021 00:17:51.308,1.3740700000000001,1.37398,0.75,0.75
18.08.2021 00:18:19.368,1.3740700000000001,1.37399,0.75,0.75
18.08.2021 00:18:23.294,1.37409,1.37403,0.75,0.75
18.08.2021 00:18:23.396,1.37409,1.3740200000000002,0.75,0.75
18.08.2021 00:18:23.498,1.3740700000000001,1.37403,0.75,0.75
18.08.2021 00:18:23.652,1.3740700000000001,1.3740100000000002,0.75,0.75
18.08.2021 00:18:48.437,1.3740700000000001,1.3740200000000002,0.75,0.75
18.08.2021 00:18:49.073,1.3741,1.37406,1.5,0.75
18.08.2021 00:18:49.174,1.3741100000000002,1.37406,1.2,0.75
18.08.2021 00:18:50.257,1.37413,1.3740700000000001,0.75,0.75
18.08.2021 00:18:50.359,1.3741400000000001,1.37408,2.02,0.75
18.08.2021 00:18:50.511,1.3741400000000001,1.37409,0.75,0.75
18.08.2021 00:18:50.865,1.37415,1.3741100000000002,0.75,0.75
18.08.2021 00:18:51.542,1.37416,1.3741100000000002,1.87,0.75
18.08.2021 00:18:52.694,1.37416,1.3741,2.62,0.75
18.08.2021 00:18:53.654,1.37416,1.37409,2.62,0.75
18.08.2021 00:18:54.059,1.37416,1.3741,1.87,0.75
18.08.2021 00:18:55.367,1.37415,1.37409,0.37,0.75
18.08.2021 00:18:55.468,1.37416,1.37409,2.62,0.75
18.08.2021 00:18:56.207,1.3741700000000001,1.37409,1.12,0.75
18.08.2021 00:18:58.338,1.3741700000000001,1.3741,1.5,0.75
18.08.2021 00:18:58.492,1.3741700000000001,1.3741100000000002,1.12,0.75
18.08.2021 00:19:09.284,1.37419,1.3741,1.12,0.75
18.08.2021 00:19:09.628,1.3742,1.3741200000000002,0.75,0.75
18.08.2021 00:19:09.730,1.3742100000000002,1.37413,0.75,0.75
18.08.2021 00:19:11.041,1.37423,1.37413,0.75,0.75
18.08.2021 00:19:13.616,1.3742200000000002,1.37415,0.75,0.75
18.08.2021 00:19:15.177,1.3742400000000001,1.37418,1.12,0.75
18.08.2021 00:19:15.279,1.37426,1.3741700000000001,0.45,0.75
18.08.2021 00:19:15.388,1.37426,1.37418,3.82,0.75
18.08.2021 00:19:15.970,1.37426,1.37419,0.19,0.75
18.08.2021 00:19:16.071,1.37427,1.3742,1.5,0.75
18.08.2021 00:19:18.958,1.37427,1.3742100000000002,1.5,0.75
18.08.2021 00:19:20.065,1.37428,1.37419,1.5,0.75
18.08.2021 00:19:20.167,1.37428,1.37418,0.75,0.75
18.08.2021 00:19:22.768,1.37427,1.3742100000000002,0.75,0.75
18.08.2021 00:19:25.078,1.37428,1.37419,0.75,0.75
18.08.2021 00:19:36.310,1.37427,1.3742100000000002,0.75,0.75
18.08.2021 00:19:43.369,1.37429,1.3742,1.5,0.75
18.08.2021 00:19:48.047,1.3743100000000001,1.3742100000000002,2.32,0.75
18.08.2021 00:19:48.098,1.37428,1.3742200000000002,0.75,0.75
18.08.2021 00:19:49.074,1.3743,1.3742200000000002,3.37,0.75
18.08.2021 00:19:49.407,1.3743100000000001,1.37423,1.57,0.75
18.08.2021 00:19:50.779,1.3743200000000002,1.37423,5.7,0.75
18.08.2021 00:19:51.651,1.3743100000000001,1.37423,0.75,0.75
18.08.2021 00:20:01.233,1.37429,1.3742,0.37,0.75
18.08.2021 00:20:01.335,1.37427,1.37418,0.75,0.75
18.08.2021 00:20:01.538,1.37426,1.37418,0.75,0.75
18.08.2021 00:20:02.860,1.37426,1.37419,0.75,0.75
18.08.2021 00:20:15.976,1.37426,1.3742,0.75,0.75
18.08.2021 00:20:16.843,1.37426,1.37419,0.75,0.75
18.08.2021 00:20:27.950,1.37428,1.3742,0.75,0.75
18.08.2021 00:20:36.039,1.3743,1.3742,0.75,0.75
18.08.2021 00:21:01.180,1.37429,1.3742,0.75,0.75
18.08.2021 00:21:01.281,1.37428,1.3742,0.75,0.75
18.08.2021 00:21:02.044,1.37427,1.3742,0.75,0.75
18.08.2021 00:21:07.617,1.37427,1.3742100000000002,0.75,0.75
18.08.2021 00:21:11.970,1.37427,1.3742,0.75,0.75
18.08.2021 00:21:18.456,1.37426,1.37419,0.75,0.75
18.08.2021 00:21:40.051,1.37427,1.3741700000000001,0.75,0.75
18.08.2021 00:21:40.203,1.37427,1.37418,0.75,0.75
18.08.2021 00:21:43.254,1.37426,1.37418,0.75,0.75
18.08.2021 00:22:00.796,1.37426,1.3741700000000001,0.75,0.75
18.08.2021 00:22:06.087,1.37425,1.37419,0.75,0.75
18.08.2021 00:22:06.189,1.37425,1.37418,0.75,0.75
18.08.2021 00:22:06.292,1.37426,1.37419,0.75,0.75
18.08.2021 00:22:11.520,1.37427,1.3741700000000001,0.75,0.75
18.08.2021 00:22:35.276,1.37426,1.37419,0.75,0.75
18.08.2021 00:22:37.693,1.37426,1.37418,0.75,0.75
18.08.2021 00:22:58.041,1.37426,1.3741700000000001,0.75,0.75
18.08.2021 00:23:01.617,1.37425,1.3741700000000001,0.75,0.75
18.08.2021 00:23:02.156,1.37425,1.37416,0.75,1.5
18.08.2021 00:23:08.868,1.3742400000000001,1.37416,0.75,1.5
18.08.2021 00:23:09.014,1.37426,1.37415,0.75,1.5
18.08.2021 00:23:09.643,1.37426,1.37416,0.75,0.75
18.08.2021 00:23:12.098,1.37425,1.37416,0.75,0.75
18.08.2021 00:23:17.720,1.37423,1.37415,1.5,0.75
18.08.2021 00:23:19.019,1.37423,1.3741400000000001,2.25,0.94
18.08.2021 00:23:21.375,1.3742100000000002,1.3741,1.87,0.75
18.08.2021 00:23:21.477,1.37418,1.3741,0.75,1.69
18.08.2021 00:23:22.760,1.3742100000000002,1.3741,2.62,0.75
18.08.2021 00:23:24.776,1.3742100000000002,1.37413,1.5,0.75
18.08.2021 00:23:24.877,1.3742,1.37413,0.75,0.75
18.08.2021 00:23:24.978,1.3742100000000002,1.3741100000000002,0.75,0.94
18.08.2021 00:23:36.437,1.3742,1.3741100000000002,0.75,0.94
18.08.2021 00:23:46.212,1.37418,1.37408,0.75,0.75
18.08.2021 00:23:46.314,1.37418,1.3740700000000001,0.75,1.12
18.08.2021 00:23:56.562,1.37416,1.37408,0.75,0.75
18.08.2021 00:23:59.666,1.3741700000000001,1.37406,3.37,0.75
18.08.2021 00:23:59.767,1.37416,1.37406,0.75,0.75
18.08.2021 00:24:01.172,1.37415,1.37406,2.62,0.75
18.08.2021 00:24:05.658,1.3741400000000001,1.37406,0.75,0.75
18.08.2021 00:24:05.760,1.37416,1.37405,3.37,0.75
18.08.2021 00:24:09.344,1.37413,1.37404,0.75,0.75
18.08.2021 00:24:17.031,1.3741400000000001,1.37404,0.75,0.75
18.08.2021 00:24:20.388,1.3741200000000002,1.37405,0.75,0.75
18.08.2021 00:24:21.661,1.3741400000000001,1.37404,0.75,0.75
18.08.2021 00:24:28.386,1.3741400000000001,1.37405,0.75,1.5
18.08.2021 00:24:43.245,1.3741400000000001,1.37404,0.75,1.12
18.08.2021 00:24:43.944,1.37413,1.37406,0.75,0.37
18.08.2021 00:24:44.046,1.3741400000000001,1.37406,0.75,0.45
18.08.2021 00:24:54.026,1.37415,1.37404,0.75,0.75
18.08.2021 00:24:54.128,1.37413,1.37405,2.25,0.75
18.08.2021 00:25:02.060,1.37413,1.37404,0.37,0.75
18.08.2021 00:25:02.112,1.3741,1.37399,1.5,2.96
18.08.2021 00:25:02.214,1.37406,1.37398,0.75,7.69
18.08.2021 00:25:02.366,1.37406,1.3739700000000001,0.75,0.19
18.08.2021 00:25:02.468,1.37404,1.37398,0.75,0.19
18.08.2021 00:25:03.083,1.37403,1.37398,0.75,0.19
18.08.2021 00:25:03.810,1.37403,1.3739700000000001,0.75,0.19
18.08.2021 00:25:07.240,1.37403,1.37398,0.75,0.19
18.08.2021 00:25:08.088,1.3740200000000002,1.37395,0.75,0.82
18.08.2021 00:25:08.139,1.3740100000000002,1.37393,0.75,1.01
18.08.2021 00:25:08.291,1.374,1.37393,0.75,0.94
18.08.2021 00:25:08.751,1.37399,1.37392,0.75,0.94
18.08.2021 00:25:08.903,1.37398,1.37389,0.75,0.19
18.08.2021 00:25:09.004,1.37395,1.37388,0.75,0.19
18.08.2021 00:25:18.550,1.37395,1.3738700000000001,0.75,0.19
18.08.2021 00:25:24.194,1.37396,1.3739000000000001,0.75,0.19
18.08.2021 00:25:26.118,1.3739700000000001,1.3739000000000001,0.75,0.19
18.08.2021 00:25:26.219,1.37396,1.3739000000000001,0.75,0.19
18.08.2021 00:26:00.786,1.374,1.3739100000000002,0.75,0.19
18.08.2021 00:26:01.594,1.37398,1.3739000000000001,0.75,0.19
18.08.2021 00:26:01.645,1.37396,1.37389,0.75,0.19
18.08.2021 00:26:01.747,1.37393,1.37389,0.75,0.19
18.08.2021 00:26:01.798,1.37388,1.37382,0.75,9
18.08.2021 00:26:01.849,1.37386,1.3738100000000002,0.75,0.19
18.08.2021 00:26:02.501,1.37389,1.3738000000000001,0.75,0.19
18.08.2021 00:26:02.800,1.37386,1.3738100000000002,0.75,0.19
18.08.2021 00:26:03.516,1.37389,1.3738000000000001,0.75,0.19
18.08.2021 00:26:11.871,1.37388,1.3738000000000001,0.75,0.19
18.08.2021 00:26:11.973,1.3739100000000002,1.37385,1.5,0.19
18.08.2021 00:26:12.075,1.37392,1.37386,0.75,0.19
18.08.2021 00:26:12.126,1.37394,1.3738700000000001,0.75,0.19
18.08.2021 00:26:12.229,1.37394,1.37389,0.75,0.19
18.08.2021 00:26:43.003,1.37398,1.37392,0.75,0.45
18.08.2021 00:26:43.054,1.374,1.37393,1.2,0.26
18.08.2021 00:26:43.156,1.3740100000000002,1.37394,0.75,0.19
18.08.2021 00:26:43.733,1.3740200000000002,1.37394,1.5,0.26
18.08.2021 00:26:43.886,1.3740200000000002,1.37395,1.5,0.19
18.08.2021 00:26:44.831,1.3740200000000002,1.37394,2.25,0.19
18.08.2021 00:26:55.278,1.37403,1.37394,0.75,0.26
18.08.2021 00:27:34.108,1.37404,1.37394,0.75,1.01
18.08.2021 00:27:37.114,1.37404,1.37396,1.5,0.75
18.08.2021 00:27:39.864,1.37404,1.37394,0.75,0.82
18.08.2021 00:27:40.684,1.37405,1.37395,1.5,0.94
18.08.2021 00:27:41.805,1.37404,1.37394,0.75,0.82
18.08.2021 00:27:46.277,1.37403,1.37394,0.75,1.76
18.08.2021 00:27:48.750,1.37404,1.37394,0.75,0.1
18.08.2021 00:27:58.772,1.37404,1.37398,1.5,0.19
18.08.2021 00:27:58.873,1.37406,1.37399,0.75,0.19
18.08.2021 00:27:58.975,1.37405,1.37396,0.75,0.82
18.08.2021 00:27:59.077,1.37405,1.37395,0.75,1.57
18.08.2021 00:28:02.909,1.37403,1.37395,0.75,0.82
18.08.2021 00:28:05.705,1.37404,1.37396,1.5,0.75
18.08.2021 00:28:07.629,1.37403,1.37395,0.75,0.82
18.08.2021 00:28:11.108,1.37403,1.37394,0.75,0.1
18.08.2021 00:28:20.749,1.37403,1.37395,1.87,0.82
18.08.2021 00:28:28.639,1.3740200000000002,1.37394,0.75,1.57
18.08.2021 00:28:29.677,1.3740200000000002,1.37395,0.75,0.19
18.08.2021 00:28:29.937,1.37403,1.37393,0.75,1.76
18.08.2021 00:28:31.191,1.3740200000000002,1.37395,0.75,0.19
18.08.2021 00:28:31.728,1.37403,1.37395,0.75,0.94
18.08.2021 00:28:37.396,1.3740200000000002,1.37395,0.75,0.19
18.08.2021 00:28:39.673,1.37403,1.37395,0.75,0.94
18.08.2021 00:28:59.741,1.37403,1.3739700000000001,0.94,0.75
18.08.2021 00:28:59.843,1.37405,1.37396,1.5,0.75
18.08.2021 00:29:01.746,1.37404,1.37398,0.75,0.19
18.08.2021 00:29:01.798,1.37406,1.37399,1.5,0.19
18.08.2021 00:29:01.951,1.3740700000000001,1.37399,2.06,0.75
18.08.2021 00:29:02.002,1.37406,1.3739700000000001,0.75,0.26
18.08.2021 00:29:02.105,1.37408,1.374,2.25,1.01
18.08.2021 00:29:02.316,1.37405,1.37399,1.5,0.1
18.08.2021 00:29:02.368,1.37405,1.3739700000000001,2.62,0.75
18.08.2021 00:29:02.571,1.37404,1.3739700000000001,0.75,0.75
18.08.2021 00:29:02.726,1.37406,1.37396,2.62,0.75
18.08.2021 00:29:03.017,1.37404,1.3739700000000001,0.75,0.75
18.08.2021 00:29:03.118,1.37405,1.37395,2.62,0.75
18.08.2021 00:29:05.738,1.37403,1.37395,0.75,1.57
18.08.2021 00:29:08.488,1.37403,1.37396,0.75,0.1
18.08.2021 00:29:08.691,1.37404,1.37394,0.75,1.57
18.08.2021 00:29:09.085,1.37405,1.37395,2.62,0.82
18.08.2021 00:29:09.783,1.37404,1.37395,0.75,0.82
18.08.2021 00:29:09.917,1.37404,1.37396,2.62,0.82
18.08.2021 00:29:10.442,1.37404,1.37395,0.75,0.1
18.08.2021 00:29:10.545,1.37404,1.37396,2.25,1.01
18.08.2021 00:29:10.596,1.37404,1.37398,0.75,0.19
18.08.2021 00:29:10.647,1.3740700000000001,1.37399,1.5,1.01
18.08.2021 00:29:10.750,1.37408,1.37399,0.75,0.19
18.08.2021 00:29:12.139,1.37409,1.374,1.5,0.75
18.08.2021 00:29:12.240,1.37408,1.374,0.75,2.14
18.08.2021 00:29:12.576,1.3740700000000001,1.374,1.5,0.19
18.08.2021 00:29:13.716,1.37406,1.374,0.75,0.19
18.08.2021 00:29:15.483,1.37408,1.37399,1.5,0.19
18.08.2021 00:29:15.584,1.3740700000000001,1.37399,2.25,0.94
18.08.2021 00:29:21.807,1.3740700000000001,1.37398,0.75,0.19
18.08.2021 00:29:22.644,1.3740700000000001,1.3739700000000001,1.12,0.94
18.08.2021 00:29:31.643,1.37406,1.3739700000000001,0.75,0.75
18.08.2021 00:29:37.616,1.37406,1.37396,1.12,0.94
18.08.2021 00:29:57.758,1.3740700000000001,1.374,0.75,0.94
18.08.2021 00:29:57.860,1.37409,1.37399,0.75,0.94
18.08.2021 00:30:07.848,1.3740700000000001,1.374,0.75,0.19
18.08.2021 00:30:07.949,1.3740700000000001,1.37399,1.5,0.1
18.08.2021 00:30:10.810,1.37406,1.37399,1.5,0.1
18.08.2021 00:30:11.190,1.37406,1.37398,1.5,1.01
18.08.2021 00:30:38.741,1.37408,1.3739700000000001,3,1.01
18.08.2021 00:30:43.393,1.3740700000000001,1.3739700000000001,0.75,0.26
18.08.2021 00:30:50.896,1.37408,1.3739700000000001,3.37,0.94
18.08.2021 00:30:50.997,1.3740700000000001,1.37399,3,0.19
18.08.2021 00:30:57.601,1.3740700000000001,1.37398,3,0.94
18.08.2021 00:31:00.484,1.37405,1.3739700000000001,0.37,0.94
18.08.2021 00:31:00.791,1.37404,1.3739700000000001,0.37,2.7
18.08.2021 00:31:01.048,1.37405,1.3739700000000001,0.37,1.76
18.08.2021 00:31:01.875,1.3740700000000001,1.37396,1.12,1.76
18.08.2021 00:31:02.511,1.37406,1.37398,1.12,0.19
18.08.2021 00:31:08.044,1.37406,1.3739700000000001,0.37,0.19
18.08.2021 00:31:09.027,1.3740700000000001,1.3739700000000001,1.12,0.19
18.08.2021 00:31:14.591,1.37405,1.37398,0.37,0.19
18.08.2021 00:31:19.859,1.37406,1.37398,1.87,0.19
18.08.2021 00:31:24.472,1.3740700000000001,1.37398,3,0.94
18.08.2021 00:31:35.893,1.37404,1.3739700000000001,0.37,0.94
18.08.2021 00:31:36.195,1.37406,1.37398,0.37,0.94
18.08.2021 00:31:36.305,1.3740700000000001,1.37398,2.25,0.94
18.08.2021 00:32:30.928,1.3740700000000001,1.37399,0.75,0.19
18.08.2021 00:32:43.912,1.3740700000000001,1.3739700000000001,0.75,0.19
18.08.2021 00:32:44.114,1.37406,1.3739700000000001,0.75,1.01
18.08.2021 00:32:44.266,1.37405,1.3739700000000001,0.75,1.01
18.08.2021 00:32:45.727,1.3740700000000001,1.37396,1.12,1.01
18.08.2021 00:32:54.668,1.3740100000000002,1.37396,1.5,0.19
18.08.2021 00:32:54.719,1.37399,1.3739100000000002,2.25,2.44
18.08.2021 00:32:54.822,1.3739700000000001,1.3739000000000001,0.75,9.75
18.08.2021 00:32:54.924,1.3739700000000001,1.37389,0.75,0.94
18.08.2021 00:32:56.813,1.37396,1.37389,0.75,0.19
18.08.2021 00:32:56.915,1.37396,1.37388,0.75,0.19
18.08.2021 00:33:24.707,1.37398,1.3738700000000001,2.25,0.19
18.08.2021 00:33:34.192,1.3739700000000001,1.3738700000000001,1.5,1.01
18.08.2021 00:33:34.335,1.3739700000000001,1.37388,1.5,0.19
18.08.2021 00:33:51.837,1.37398,1.37388,3.37,0.94
18.08.2021 00:33:52.849,1.37398,1.37386,0.75,1.01
18.08.2021 00:34:00.377,1.3739700000000001,1.37388,0.75,0.19
18.08.2021 00:34:21.409,1.3739700000000001,1.37386,0.75,1.01
18.08.2021 00:34:51.780,1.37398,1.37394,0.75,0.75
18.08.2021 00:34:51.882,1.3740200000000002,1.3739700000000001,7.5,0.19
18.08.2021 00:34:51.933,1.3740200000000002,1.37399,7.5,0.19
18.08.2021 00:34:52.034,1.37408,1.37399,2.32,0.19
18.08.2021 00:35:10.267,1.37409,1.374,0.75,0.94
18.08.2021 00:35:10.318,1.3741100000000002,1.37404,1.95,0.19
18.08.2021 00:35:10.471,1.3741400000000001,1.37405,8.25,1.69
18.08.2021 00:35:10.573,1.37415,1.37405,3.07,1.69
18.08.2021 00:35:15.826,1.37416,1.37405,1.12,0.19
18.08.2021 00:35:45.683,1.3741700000000001,1.37405,2.25,1.76
18.08.2021 00:35:46.831,1.3741700000000001,1.3740700000000001,0.75,0.19
18.08.2021 00:35:47.447,1.37418,1.37408,3.75,0.94
18.08.2021 00:35:49.626,1.3741700000000001,1.37408,0.75,0.19
18.08.2021 00:36:05.606,1.37419,1.3740700000000001,3.37,0.94
18.08.2021 00:36:10.163,1.3741700000000001,1.37408,0.75,0.19
18.08.2021 00:36:11.055,1.37419,1.3740700000000001,3.37,0.19
18.08.2021 00:36:22.249,1.37418,1.3740700000000001,0.75,0.19
18.08.2021 00:36:23.291,1.37416,1.37408,0.75,0.19
18.08.2021 00:36:23.392,1.37416,1.37404,2.44,0.75
18.08.2021 00:36:23.500,1.3741,1.37399,0.37,2.51
18.08.2021 00:36:23.601,1.37413,1.37403,1.5,0.19
18.08.2021 00:36:27.988,1.37413,1.3740200000000002,2.25,0.19
18.08.2021 00:36:49.785,1.37413,1.37406,0.75,0.19
18.08.2021 00:36:49.886,1.37415,1.37405,0.45,0.19
18.08.2021 00:36:49.987,1.37415,1.37406,1.5,0.19
18.08.2021 00:36:57.753,1.37416,1.37406,3,0.94
18.08.2021 00:37:13.183,1.37416,1.3740700000000001,0.75,0.75
18.08.2021 00:37:17.416,1.37416,1.37406,1.5,1.69
18.08.2021 00:37:27.140,1.37416,1.37405,0.75,0.94
18.08.2021 00:37:27.243,1.3741400000000001,1.37405,2.25,0.19
18.08.2021 00:37:27.396,1.3741400000000001,1.37404,0.75,0.19
18.08.2021 00:37:27.497,1.37413,1.37404,0.75,0.94
18.08.2021 00:37:37.354,1.3741200000000002,1.37404,0.75,0.19
18.08.2021 00:37:44.874,1.37413,1.37404,1.5,0.19
18.08.2021 00:38:03.153,1.3741400000000001,1.3740200000000002,0.75,1.69
18.08.2021 00:38:14.535,1.37413,1.37404,0.75,0.75
18.08.2021 00:38:22.914,1.3741400000000001,1.37404,2.25,0.75
18.08.2021 00:38:23.274,1.3741200000000002,1.37404,0.75,0.75
18.08.2021 00:38:23.376,1.3741200000000002,1.37403,0.37,0.75
18.08.2021 00:38:24.500,1.37409,1.37403,0.75,0.75
18.08.2021 00:38:24.552,1.37408,1.3740100000000002,1.69,0.75
18.08.2021 00:38:25.443,1.37405,1.374,2.25,0.75
18.08.2021 00:38:25.545,1.37403,1.37398,1.5,1.5
18.08.2021 00:38:25.646,1.37405,1.37398,1.5,1.5
18.08.2021 00:38:25.748,1.37404,1.37398,1.69,1.5
18.08.2021 00:38:25.912,1.37405,1.37398,1.69,1.5
18.08.2021 00:38:26.014,1.37404,1.37398,1.5,1.5
18.08.2021 00:38:26.372,1.37403,1.37398,1.69,0.75
18.08.2021 00:38:26.473,1.37403,1.3739700000000001,1.5,1.5
18.08.2021 00:38:28.181,1.37405,1.37396,1.5,1.5
18.08.2021 00:38:30.225,1.37403,1.3739700000000001,0.75,1.5
18.08.2021 00:38:31.649,1.37404,1.3739700000000001,1.5,1.5
18.08.2021 00:38:32.219,1.37404,1.37396,1.5,1.5
18.08.2021 00:38:32.973,1.37405,1.37396,1.5,1.5
18.08.2021 00:38:37.371,1.37403,1.3739700000000001,0.75,1.5
18.08.2021 00:38:38.155,1.37405,1.37396,1.5,1.5
18.08.2021 00:38:40.345,1.37403,1.3739700000000001,0.75,1.5
18.08.2021 00:38:41.227,1.37405,1.37396,1.69,1.5
18.08.2021 00:38:41.391,1.37403,1.3739700000000001,0.75,1.5
18.08.2021 00:38:47.227,1.37403,1.37396,0.75,1.5
18.08.2021 00:38:47.328,1.37404,1.37396,1.69,1.5
18.08.2021 00:38:50.040,1.37404,1.3739700000000001,1.69,1.5
18.08.2021 00:38:51.130,1.37403,1.3739700000000001,1.69,1.5
18.08.2021 00:38:52.187,1.37406,1.37398,2.25,0.75
18.08.2021 00:38:52.289,1.3740700000000001,1.37398,2.25,1.5
18.08.2021 00:38:53.688,1.37408,1.37398,0.75,1.69
18.08.2021 00:39:16.915,1.37408,1.37399,1.87,0.75
18.08.2021 00:39:32.122,1.37408,1.37398,3,1.76
18.08.2021 00:40:00.356,1.3741,1.37399,0.75,1.76
18.08.2021 00:40:00.406,1.3741200000000002,1.374,1.95,0.75
18.08.2021 00:40:00.508,1.3741200000000002,1.3740100000000002,0.82,0.75
18.08.2021 00:40:00.764,1.3741200000000002,1.3740200000000002,0.75,0.75
18.08.2021 00:40:00.865,1.37413,1.3740200000000002,2.25,0.82
18.08.2021 00:40:15.099,1.3741200000000002,1.3740200000000002,0.75,0.82
18.08.2021 00:40:26.854,1.3741400000000001,1.3740100000000002,2.25,0.82
18.08.2021 00:40:33.354,1.3741200000000002,1.3740200000000002,0.75,0.82
18.08.2021 00:40:46.395,1.37413,1.3740200000000002,2.62,0.75
18.08.2021 00:40:46.496,1.3741200000000002,1.3740200000000002,0.75,0.75
18.08.2021 00:40:47.598,1.3741400000000001,1.37406,0.75,0.75
18.08.2021 00:40:47.703,1.37415,1.37406,0.75,0.75
18.08.2021 00:40:47.805,1.37416,1.37406,3,0.75
18.08.2021 00:41:17.281,1.37415,1.37406,0.75,0.75
18.08.2021 00:41:18.562,1.3741400000000001,1.37404,3.75,0.75
18.08.2021 00:41:18.664,1.37413,1.37404,0.75,0.75
18.08.2021 00:41:33.439,1.3741400000000001,1.3740200000000002,1.69,0.75
18.08.2021 00:41:41.713,1.3741,1.37399,1.5,1.57
18.08.2021 00:41:41.818,1.37408,1.37399,1.5,0.75
18.08.2021 00:41:46.615,1.37408,1.37398,1.12,0.75
18.08.2021 00:41:55.092,1.37408,1.3739700000000001,0.75,0.75
18.08.2021 00:42:02.979,1.37408,1.37398,3.37,0.75
18.08.2021 00:42:03.232,1.3740700000000001,1.37398,0.37,0.75
18.08.2021 00:42:04.186,1.37409,1.3739700000000001,3.37,0.75
18.08.2021 00:42:07.623,1.37408,1.3739700000000001,0.94,0.75
18.08.2021 00:42:14.854,1.37408,1.37396,1.12,1.5
18.08.2021 00:42:29.152,1.3740700000000001,1.37398,1.12,0.75
18.08.2021 00:42:29.318,1.37408,1.37398,3.37,0.75
18.08.2021 00:42:29.801,1.37408,1.3739700000000001,0.75,0.75
18.08.2021 00:42:40.789,1.37409,1.3739700000000001,3.37,0.75
18.08.2021 00:42:54.451,1.37408,1.3739700000000001,3.75,1.5
18.08.2021 00:43:04.593,1.37408,1.37398,3,0.75
18.08.2021 00:43:28.708,1.37409,1.37396,3.37,1.76
18.08.2021 00:43:28.809,1.3740700000000001,1.3739700000000001,0.75,1.69
18.08.2021 00:43:28.910,1.37408,1.3739700000000001,3.37,1.69
18.08.2021 00:43:35.387,1.37408,1.3740200000000002,3.75,0.75
18.08.2021 00:43:35.924,1.37409,1.37396,3.75,1.69
18.08.2021 00:43:40.827,1.37406,1.3739700000000001,0.75,0.94
18.08.2021 00:44:00.069,1.3740700000000001,1.3739700000000001,0.75,0.94
18.08.2021 00:44:01.741,1.37406,1.3739700000000001,0.75,1.01
18.08.2021 00:44:20.215,1.37408,1.37396,1.12,0.75
18.08.2021 00:44:21.067,1.37406,1.3739700000000001,0.75,0.75
18.08.2021 00:44:24.542,1.3740700000000001,1.3739700000000001,1.87,0.75
18.08.2021 00:44:55.764,1.37406,1.3739700000000001,0.75,0.75
18.08.2021 00:45:36.186,1.37406,1.37398,0.75,0.75
18.08.2021 00:45:43.005,1.37406,1.3739700000000001,0.75,0.75
18.08.2021 00:45:52.621,1.3740700000000001,1.37395,1.87,1.5
18.08.2021 00:45:53.096,1.37406,1.3739700000000001,0.75,0.75
18.08.2021 00:46:06.148,1.37406,1.37398,0.75,0.75
18.08.2021 00:46:13.753,1.3740700000000001,1.37398,0.75,0.75
18.08.2021 00:46:14.474,1.37408,1.374,0.75,0.94
18.08.2021 00:46:14.576,1.3740700000000001,1.37399,0.75,0.19
18.08.2021 00:46:19.217,1.3740700000000001,1.374,0.75,0.75
18.08.2021 00:46:19.373,1.3741100000000002,1.37403,0.37,0.94
18.08.2021 00:46:19.424,1.37416,1.37404,1.87,1.69
18.08.2021 00:46:20.275,1.37416,1.37406,1.87,0.75
18.08.2021 00:46:24.081,1.37418,1.37406,2.81,1.5
18.08.2021 00:46:24.182,1.37418,1.3740700000000001,1.12,0.75
18.08.2021 00:46:29.936,1.3741700000000001,1.3740700000000001,1.12,1.76
18.08.2021 00:46:30.037,1.3741700000000001,1.37408,0.75,1.01
18.08.2021 00:46:30.867,1.37419,1.3741100000000002,1.5,0.19
18.08.2021 00:46:30.918,1.3742100000000002,1.3741200000000002,0.75,0.19
18.08.2021 00:46:31.936,1.3742400000000001,1.37415,0.75,1.69
18.08.2021 00:46:32.037,1.37425,1.37415,1.5,1.76
18.08.2021 00:46:34.109,1.37426,1.37415,1.5,0.19
18.08.2021 00:46:41.841,1.3742400000000001,1.37416,0.75,0.19
18.08.2021 00:46:41.998,1.37423,1.3741400000000001,0.75,0.75
18.08.2021 00:46:42.049,1.37423,1.3741200000000002,0.75,1.01
18.08.2021 00:46:45.172,1.3742100000000002,1.37413,0.75,1.01
18.08.2021 00:47:00.528,1.3742,1.37413,0.75,0.26
18.08.2021 00:47:02.544,1.37419,1.3741,1.5,0.19
18.08.2021 00:47:02.646,1.3741700000000001,1.37408,0.75,0.45
18.08.2021 00:47:02.747,1.37416,1.37408,0.75,0.26
18.08.2021 00:47:03.000,1.37416,1.3740700000000001,0.75,0.26
18.08.2021 00:47:13.460,1.37415,1.3740700000000001,0.75,0.26
18.08.2021 00:47:23.695,1.37415,1.37406,0.75,1.01
18.08.2021 00:47:35.328,1.37415,1.3740700000000001,0.75,0.1
18.08.2021 00:47:55.550,1.37416,1.37405,0.75,0.82
18.08.2021 00:48:09.027,1.3741400000000001,1.37406,0.75,0.82
18.08.2021 00:48:15.804,1.37415,1.37403,1.5,1.57
18.08.2021 00:48:15.855,1.3741200000000002,1.37403,0.75,0.1
18.08.2021 00:48:26.381,1.3741400000000001,1.37404,0.75,0.26
18.08.2021 00:48:32.300,1.3741400000000001,1.37405,1.5,0.26
18.08.2021 00:48:37.178,1.3741400000000001,1.37404,0.75,0.26
18.08.2021 00:48:39.409,1.3741400000000001,1.37405,0.75,0.19
18.08.2021 00:49:33.233,1.37413,1.37404,0.75,0.82
18.08.2021 00:49:37.468,1.3741200000000002,1.37404,0.75,0.75
18.08.2021 00:49:43.615,1.3741200000000002,1.37403,0.75,0.75
18.08.2021 00:49:55.666,1.3741,1.37404,0.75,0.75
18.08.2021 00:49:56.092,1.3741,1.37403,0.75,0.19
18.08.2021 00:49:57.840,1.3741100000000002,1.37403,0.75,0.19
18.08.2021 00:50:11.400,1.37413,1.37404,0.75,1.01
18.08.2021 00:50:11.501,1.37413,1.37405,0.75,0.26
18.08.2021 00:50:12.853,1.3741200000000002,1.37405,0.75,0.19
18.08.2021 00:50:12.955,1.3741100000000002,1.37403,0.75,0.19
18.08.2021 00:50:31.672,1.3741,1.37403,0.75,0.94
18.08.2021 00:50:37.295,1.3741200000000002,1.37405,0.75,0.19
18.08.2021 00:50:38.549,1.3741100000000002,1.3740200000000002,0.75,0.37
18.08.2021 00:50:38.651,1.3741100000000002,1.3740100000000002,0.75,0.75
18.08.2021 00:50:40.182,1.3741200000000002,1.37404,0.75,0.94
18.08.2021 00:50:41.047,1.37413,1.37405,0.75,0.75
18.08.2021 00:50:45.240,1.37415,1.37405,1.12,0.75
18.08.2021 00:50:47.722,1.37416,1.37405,0.75,0.94
18.08.2021 00:50:48.300,1.37415,1.37405,0.75,0.94
18.08.2021 00:50:58.104,1.37416,1.37408,0.75,0.19
18.08.2021 00:50:58.516,1.37415,1.37408,0.75,0.19
18.08.2021 00:51:01.785,1.37416,1.37406,0.75,1.12
18.08.2021 00:51:07.426,1.37418,1.37408,0.75,0.19
18.08.2021 00:51:07.528,1.37416,1.37409,0.75,0.19
18.08.2021 00:51:07.730,1.37416,1.37408,0.75,0.19
18.08.2021 00:51:07.907,1.37415,1.37408,0.75,0.19
18.08.2021 00:51:10.368,1.3741700000000001,1.3740700000000001,0.75,0.19
18.08.2021 00:51:26.505,1.3741700000000001,1.37408,0.75,0.19
18.08.2021 00:51:29.737,1.3742,1.37413,1.5,0.94
18.08.2021 00:51:29.838,1.3742100000000002,1.37415,0.45,0.75
18.08.2021 00:51:29.939,1.37423,1.3741400000000001,0.75,0.75
18.08.2021 00:51:31.494,1.37423,1.37416,0.75,0.75
18.08.2021 00:51:33.773,1.3742400000000001,1.37416,0.75,0.94
18.08.2021 00:51:33.924,1.37425,1.37416,0.75,0.94
18.08.2021 00:51:35.040,1.37425,1.3741700000000001,0.75,0.19
18.08.2021 00:51:47.108,1.3742100000000002,1.3741400000000001,2.25,0.19
18.08.2021 00:51:47.159,1.37418,1.3741200000000002,0.75,0.45
18.08.2021 00:51:47.210,1.37418,1.3741,0.75,0.19
18.08.2021 00:51:47.312,1.3741700000000001,1.37409,0.75,0.94
18.08.2021 00:51:50.019,1.37419,1.3741400000000001,0.75,0.19
18.08.2021 00:51:50.070,1.3742100000000002,1.3741400000000001,1.2,0.94
18.08.2021 00:51:50.323,1.3742,1.3741200000000002,0.75,0.75
18.08.2021 00:51:50.828,1.3742,1.37413,0.75,0.75
18.08.2021 00:51:52.226,1.37423,1.37415,0.75,0.94
18.08.2021 00:51:52.327,1.37425,1.3741400000000001,1.2,1.01
18.08.2021 00:51:52.568,1.3742400000000001,1.3741700000000001,0.75,0.75
18.08.2021 00:51:55.652,1.37425,1.3741700000000001,0.75,0.75
18.08.2021 00:52:03.107,1.37425,1.37418,0.75,0.75
18.08.2021 00:52:03.209,1.37427,1.3741700000000001,0.75,0.75
18.08.2021 00:52:03.310,1.3742100000000002,1.37413,0.75,0.19
18.08.2021 00:52:03.412,1.3742100000000002,1.3741200000000002,0.75,2.14
18.08.2021 00:52:04.388,1.3742,1.37408,1.5,1.57
18.08.2021 00:52:04.439,1.3741700000000001,1.37409,0.75,0.94
18.08.2021 00:52:06.105,1.37419,1.37409,1.12,0.75
18.08.2021 00:52:06.309,1.3741700000000001,1.3741,0.75,0.75
18.08.2021 00:52:08.578,1.3741700000000001,1.37409,0.75,0.75
18.08.2021 00:52:10.237,1.3741700000000001,1.37408,1.87,0.75
18.08.2021 00:52:13.615,1.37416,1.37408,0.75,0.75
18.08.2021 00:52:25.243,1.37416,1.3740700000000001,0.75,0.75
18.08.2021 00:52:25.414,1.3741700000000001,1.3740700000000001,0.75,0.75
18.08.2021 00:52:29.001,1.37419,1.37408,1.5,0.75
18.08.2021 00:52:29.051,1.3741700000000001,1.3740700000000001,0.75,0.75
18.08.2021 00:52:29.204,1.3741700000000001,1.37406,1.5,0.75
18.08.2021 00:52:30.002,1.3741400000000001,1.37406,1.12,0.75
18.08.2021 00:52:30.054,1.37413,1.3740200000000002,0.75,0.82
18.08.2021 00:52:30.156,1.3741200000000002,1.3740200000000002,0.75,0.75
18.08.2021 00:52:31.568,1.3741400000000001,1.37404,0.75,0.94
18.08.2021 00:52:31.669,1.37415,1.37406,2.32,0.75
18.08.2021 00:52:31.923,1.3741700000000001,1.37406,2.62,0.75
18.08.2021 00:52:33.600,1.3741700000000001,1.3741200000000002,0.75,0.19
18.08.2021 00:52:33.651,1.3742100000000002,1.3741400000000001,1.5,0.75
18.08.2021 00:52:33.753,1.3742200000000002,1.37413,1.87,0.75
18.08.2021 00:52:33.854,1.3742100000000002,1.37413,0.75,0.75
18.08.2021 00:52:34.870,1.37423,1.37413,0.75,0.75
18.08.2021 00:52:36.706,1.3742400000000001,1.37415,3.37,0.75
18.08.2021 00:52:37.414,1.37423,1.3741400000000001,2.44,0.75
18.08.2021 00:52:39.018,1.3742200000000002,1.37416,0.75,0.19
18.08.2021 00:52:39.120,1.37426,1.37418,0.45,0.75
18.08.2021 00:52:39.233,1.37427,1.37418,0.75,0.75
18.08.2021 00:52:39.645,1.37427,1.3741700000000001,0.75,0.75
18.08.2021 00:52:39.747,1.37425,1.37418,0.75,0.75
18.08.2021 00:52:39.898,1.37427,1.3741700000000001,0.75,0.75
18.08.2021 00:52:46.143,1.37428,1.3741700000000001,0.75,0.94
18.08.2021 00:52:50.378,1.37426,1.37418,0.75,0.94
18.08.2021 00:52:53.660,1.37425,1.3741700000000001,0.75,0.94
18.08.2021 00:52:53.812,1.37426,1.3741700000000001,1.5,0.94
18.08.2021 00:52:57.087,1.37427,1.3741700000000001,3.75,0.94
18.08.2021 00:52:58.968,1.37426,1.3741700000000001,0.37,0.75
18.08.2021 00:52:59.559,1.37428,1.37416,4.87,0.94
18.08.2021 00:53:00.059,1.37426,1.37416,0.75,0.94
18.08.2021 00:53:00.178,1.37427,1.3741700000000001,3.75,0.94
18.08.2021 00:53:06.369,1.37427,1.37416,0.75,0.94
18.08.2021 00:53:10.591,1.37427,1.3741700000000001,1.5,0.75
18.08.2021 00:53:10.642,1.3743,1.3742400000000001,2.32,0.19
18.08.2021 00:53:10.744,1.3743,1.3742200000000002,1.12,0.19
18.08.2021 00:53:10.846,1.3743,1.37419,0.75,1.01
18.08.2021 00:53:10.948,1.37428,1.3742,0.75,0.94
18.08.2021 00:53:11.049,1.37427,1.3742,0.75,0.19
18.08.2021 00:53:11.404,1.37428,1.37418,0.75,0.94
18.08.2021 00:53:14.054,1.3742400000000001,1.37418,0.37,0.19
18.08.2021 00:53:15.593,1.37426,1.37419,0.37,0.19
18.08.2021 00:53:16.387,1.37427,1.3742100000000002,1.5,0.19
18.08.2021 00:53:16.439,1.3743,1.3742200000000002,0.75,0.19
18.08.2021 00:53:16.540,1.37428,1.3742100000000002,0.75,0.1
18.08.2021 00:53:16.642,1.37429,1.37419,1.87,0.19
18.08.2021 00:53:16.895,1.37427,1.3742,0.37,0.19
18.08.2021 00:53:18.871,1.37427,1.37419,0.37,0.19
18.08.2021 00:53:19.417,1.37428,1.3742,0.75,0.19
18.08.2021 00:53:20.034,1.37427,1.3742,0.37,0.19
18.08.2021 00:53:22.685,1.37428,1.37418,0.37,0.19
18.08.2021 00:53:23.478,1.37429,1.37418,2.62,0.19
18.08.2021 00:53:30.519,1.37426,1.37419,1.5,0.19
18.08.2021 00:53:30.571,1.37425,1.3741700000000001,0.37,0.19
18.08.2021 00:53:30.673,1.37425,1.37418,0.37,0.19
18.08.2021 00:53:30.724,1.37425,1.3742,0.37,0.19
18.08.2021 00:53:30.776,1.37429,1.3742100000000002,3.07,0.19
18.08.2021 00:53:30.878,1.37428,1.3742100000000002,0.75,0.19
18.08.2021 00:53:31.882,1.37428,1.3742,0.75,0.19
18.08.2021 00:53:32.304,1.37427,1.37419,1.5,0.19
18.08.2021 00:53:34.665,1.37428,1.3742200000000002,1.5,0.19
18.08.2021 00:53:34.716,1.3743100000000001,1.37423,1.95,0.19
18.08.2021 00:53:34.767,1.37428,1.3742100000000002,0.75,0.19
18.08.2021 00:53:34.868,1.37428,1.3742,1.5,0.19
18.08.2021 00:53:35.374,1.37428,1.37419,2.25,0.19
18.08.2021 00:53:36.849,1.37427,1.37419,0.75,0.19
18.08.2021 00:53:37.388,1.37427,1.37418,0.75,0.94
18.08.2021 00:53:38.174,1.37426,1.37418,0.75,0.19
18.08.2021 00:53:40.706,1.37425,1.37418,0.75,0.19
18.08.2021 00:53:40.807,1.37425,1.3741700000000001,0.75,0.19
18.08.2021 00:53:45.984,1.37426,1.3742100000000002,1.5,0.19
18.08.2021 00:53:46.035,1.37429,1.3742,0.75,0.19
18.08.2021 00:53:46.136,1.37427,1.3742,0.75,0.19
18.08.2021 00:53:46.238,1.37427,1.37419,1.5,0.19
18.08.2021 00:53:46.408,1.37427,1.37418,0.75,0.19
18.08.2021 00:53:47.228,1.37426,1.37418,0.75,0.19
18.08.2021 00:53:50.790,1.37427,1.37416,0.75,0.19
18.08.2021 00:53:50.994,1.3742400000000001,1.3741700000000001,0.37,0.19
18.08.2021 00:53:51.147,1.37427,1.3742,1.5,0.19
18.08.2021 00:53:51.198,1.3743,1.37423,2.62,0.19
18.08.2021 00:53:51.250,1.37429,1.3742100000000002,1.5,0.19
18.08.2021 00:53:51.352,1.37428,1.3742,0.75,0.19
18.08.2021 00:53:54.758,1.37428,1.37419,0.75,0.19
18.08.2021 00:53:59.804,1.37427,1.37419,0.75,0.94
18.08.2021 00:54:08.436,1.37427,1.37418,0.75,1.12
18.08.2021 00:54:09.334,1.37427,1.3741700000000001,0.94,1.76
18.08.2021 00:54:13.142,1.37427,1.37418,0.94,0.1
18.08.2021 00:54:13.900,1.37427,1.3741700000000001,0.94,1.76
18.08.2021 00:54:14.558,1.37427,1.3742,0.75,0.94
18.08.2021 00:54:14.609,1.37428,1.3742100000000002,0.75,0.75
18.08.2021 00:54:14.710,1.3743200000000002,1.3742100000000002,1.5,0.94
18.08.2021 00:54:15.475,1.37427,1.37419,0.75,0.82
18.08.2021 00:54:15.576,1.37428,1.3741700000000001,0.75,1.46
18.08.2021 00:54:15.950,1.37426,1.37416,0.75,0.75
18.08.2021 00:54:21.157,1.37426,1.37418,0.75,1.5
18.08.2021 00:54:21.259,1.3743100000000001,1.3742200000000002,7.95,0.75
18.08.2021 00:54:21.362,1.3743,1.3742200000000002,7.5,0.75
18.08.2021 00:54:21.463,1.3743100000000001,1.3742200000000002,0.94,0.75
18.08.2021 00:54:22.478,1.37429,1.3742200000000002,0.19,0.75
18.08.2021 00:54:22.529,1.37427,1.37419,0.75,1.5
18.08.2021 00:54:22.632,1.37426,1.37418,0.75,0.75
18.08.2021 00:54:23.540,1.37426,1.3741700000000001,0.94,0.75
18.08.2021 00:54:25.945,1.37425,1.3742,0.75,1.12
18.08.2021 00:54:25.996,1.3743,1.3742,1.2,0.19
18.08.2021 00:54:26.047,1.37427,1.3742,0.75,0.19
18.08.2021 00:54:26.148,1.37427,1.37419,0.75,0.19
18.08.2021 00:54:26.740,1.37427,1.37418,0.94,0.75
18.08.2021 00:54:31.615,1.37427,1.3741700000000001,0.75,0.75
18.08.2021 00:54:33.337,1.37426,1.3741700000000001,0.94,1.57
18.08.2021 00:54:33.439,1.37426,1.37416,0.75,0.82
18.08.2021 00:54:33.540,1.37429,1.3742100000000002,3.75,0.19
18.08.2021 00:54:33.642,1.37429,1.37419,0.75,1.01
18.08.2021 00:54:33.694,1.37428,1.3741700000000001,0.75,1.46
18.08.2021 00:54:33.796,1.37426,1.37418,0.75,0.82
18.08.2021 00:54:34.007,1.37427,1.37416,0.75,1.5
18.08.2021 00:54:34.160,1.37425,1.3741700000000001,0.75,0.75
18.08.2021 00:54:36.486,1.37425,1.37416,0.75,1.5
18.08.2021 00:54:36.587,1.37425,1.3741400000000001,0.94,0.75
18.08.2021 00:54:36.739,1.37426,1.3741400000000001,1.5,1.69
18.08.2021 00:54:36.841,1.37425,1.37416,0.75,0.75
18.08.2021 00:54:37.163,1.37426,1.3741700000000001,1.87,0.75
18.08.2021 00:54:37.264,1.37426,1.37416,0.75,0.75
18.08.2021 00:54:37.760,1.37426,1.37418,0.75,0.75
18.08.2021 00:54:37.862,1.3743,1.3742100000000002,2.62,1.5
18.08.2021 00:54:37.963,1.37429,1.3742100000000002,0.75,0.75
18.08.2021 00:54:38.065,1.37428,1.3742100000000002,0.75,0.75
18.08.2021 00:54:38.116,1.37429,1.37418,0.75,1.95
18.08.2021 00:54:38.906,1.37428,1.37418,0.75,0.75
18.08.2021 00:54:39.842,1.37428,1.3741700000000001,0.94,0.75
18.08.2021 00:54:39.943,1.37427,1.3741700000000001,0.75,0.75
18.08.2021 00:54:44.941,1.37425,1.3741700000000001,0.75,0.75
18.08.2021 00:54:46.122,1.3742400000000001,1.3741400000000001,0.94,0.75
18.08.2021 00:54:46.223,1.3742200000000002,1.37415,0.75,0.75
18.08.2021 00:54:46.615,1.3742100000000002,1.37415,0.75,0.75
18.08.2021 00:54:46.666,1.37425,1.3741400000000001,1.69,0.75
18.08.2021 00:54:46.767,1.3742400000000001,1.37416,0.75,0.75
18.08.2021 00:54:48.521,1.37425,1.37416,0.94,1.5
18.08.2021 00:54:51.026,1.3742400000000001,1.3741400000000001,0.19,0.75
18.08.2021 00:54:51.127,1.37423,1.3741400000000001,0.75,0.75
18.08.2021 00:54:53.812,1.3742200000000002,1.3741400000000001,0.75,0.75
18.08.2021 00:54:57.093,1.3742200000000002,1.37413,0.75,1.69
18.08.2021 00:54:59.993,1.37423,1.3741400000000001,0.75,0.75
18.08.2021 00:55:00.095,1.37429,1.3741700000000001,0.82,1.69
18.08.2021 00:55:00.196,1.37428,1.3741700000000001,0.75,0.75
18.08.2021 00:55:00.349,1.3742400000000001,1.37416,1.5,0.75
18.08.2021 00:55:00.400,1.3742200000000002,1.3741400000000001,0.75,1.2
18.08.2021 00:55:00.451,1.37419,1.3741200000000002,0.75,0.37
18.08.2021 00:55:00.553,1.3741100000000002,1.37404,1.31,0.37
18.08.2021 00:55:00.656,1.37408,1.3740200000000002,0.75,7.5
18.08.2021 00:55:00.758,1.3740700000000001,1.37399,0.75,0.45
18.08.2021 00:55:00.860,1.37406,1.37398,0.75,0.75
18.08.2021 00:55:07.855,1.37408,1.37398,0.1,0.75
18.08.2021 00:55:08.106,1.37408,1.37399,0.64,0.75
18.08.2021 00:55:15.237,1.37408,1.37398,1.39,1.5
18.08.2021 00:55:16.059,1.37413,1.37406,3,0.75
18.08.2021 00:55:16.161,1.3741400000000001,1.3740700000000001,7.5,0.75
18.08.2021 00:55:16.314,1.3741700000000001,1.37406,0.94,0.75
18.08.2021 00:55:23.721,1.3741700000000001,1.3740700000000001,1.69,0.94
18.08.2021 00:55:23.946,1.3741700000000001,1.37408,1.69,0.75
18.08.2021 00:55:24.048,1.37418,1.37408,0.19,0.75
18.08.2021 00:55:24.532,1.37418,1.37409,0.19,0.75
18.08.2021 00:55:37.124,1.37418,1.37408,0.94,1.76
18.08.2021 00:55:41.424,1.37419,1.37408,0.19,0.75
18.08.2021 00:55:45.326,1.37419,1.37409,0.19,0.75
18.08.2021 00:55:45.478,1.3742100000000002,1.3741400000000001,0.75,0.75
18.08.2021 00:55:45.529,1.37425,1.3741400000000001,2.14,0.75
18.08.2021 00:55:46.714,1.37423,1.3741400000000001,1.12,0.75
18.08.2021 00:55:46.765,1.3742200000000002,1.3741200000000002,0.75,1.2
18.08.2021 00:55:46.867,1.37423,1.3741200000000002,0.82,0.75
18.08.2021 00:55:46.968,1.3742100000000002,1.3741200000000002,0.82,1.12
18.08.2021 00:55:48.053,1.3742200000000002,1.3741,0.82,0.75
18.08.2021 00:55:50.091,1.3742100000000002,1.37409,0.75,2.7
18.08.2021 00:55:50.605,1.37419,1.37409,0.82,0.75
18.08.2021 00:55:50.707,1.37418,1.3740700000000001,0.75,1.2
18.08.2021 00:56:08.281,1.3741700000000001,1.3740700000000001,0.1,0.75
18.08.2021 00:56:08.984,1.37416,1.3740700000000001,0.82,0.75
18.08.2021 00:56:10.111,1.37416,1.37408,0.82,0.75
18.08.2021 00:56:12.392,1.3741400000000001,1.37406,0.75,0.75
18.08.2021 00:56:22.369,1.3741700000000001,1.37406,0.75,1.5
18.08.2021 00:56:32.863,1.3741700000000001,1.37408,0.75,1.5
18.08.2021 00:56:33.231,1.37418,1.37408,0.75,0.19
18.08.2021 00:56:33.332,1.37419,1.37408,0.75,0.19
18.08.2021 00:56:36.257,1.37418,1.37408,0.75,1.01
18.08.2021 00:56:47.610,1.3741700000000001,1.37408,0.75,0.75
18.08.2021 00:56:47.712,1.37416,1.37408,0.75,0.75
18.08.2021 00:56:52.333,1.37415,1.37408,0.75,0.75
18.08.2021 00:56:53.077,1.37415,1.3740700000000001,0.75,0.75
18.08.2021 00:57:18.989,1.3741700000000001,1.37406,0.75,1.5
18.08.2021 00:57:21.302,1.3741700000000001,1.3740700000000001,0.1,0.75
18.08.2021 00:57:21.403,1.37416,1.3740700000000001,0.82,1.57
18.08.2021 00:58:07.051,1.37418,1.37406,1.2,1.5
18.08.2021 00:58:08.172,1.37419,1.37408,1.01,0.75
18.08.2021 00:58:09.123,1.37419,1.3740700000000001,1.01,1.5
18.08.2021 00:58:09.275,1.37418,1.37409,0.26,0.75
18.08.2021 00:58:24.328,1.37418,1.37408,1.76,1.5
18.08.2021 00:58:28.289,1.37418,1.37406,0.82,0.94
18.08.2021 00:58:28.390,1.3741700000000001,1.37405,0.75,1.5
18.08.2021 00:58:32.242,1.37415,1.37406,0.75,1.5
18.08.2021 00:58:34.185,1.37415,1.37405,0.75,1.87
18.08.2021 00:58:34.690,1.3741700000000001,1.37405,1.12,1.5
18.08.2021 00:58:34.842,1.37416,1.3740700000000001,0.75,0.75
18.08.2021 00:58:43.975,1.37418,1.3740700000000001,0.75,1.69
18.08.2021 00:58:58.425,1.37418,1.37409,0.75,1.01
18.08.2021 00:59:02.802,1.37418,1.37408,0.75,0.75
18.08.2021 00:59:02.904,1.37416,1.37408,0.75,0.94
18.08.2021 00:59:25.936,1.37416,1.3740700000000001,0.75,0.75
18.08.2021 00:59:51.987,1.37416,1.37408,0.75,1.31
18.08.2021 00:59:52.088,1.3741700000000001,1.37408,0.75,1.39
18.08.2021 01:00:00.268,1.37415,1.37408,0.75,0.37
18.08.2021 01:00:00.673,1.3741700000000001,1.37408,1.01,1.12
18.08.2021 01:00:00.774,1.37415,1.37408,0.75,0.75
18.08.2021 01:00:01.247,1.37418,1.37408,0.75,1.5
18.08.2021 01:00:01.298,1.3742,1.3741100000000002,0.75,1.5
18.08.2021 01:00:01.399,1.3742,1.3741,0.75,3.45
18.08.2021 01:00:01.552,1.3742100000000002,1.3741200000000002,0.75,0.75
18.08.2021 01:00:01.653,1.3742100000000002,1.37413,0.75,0.75
18.08.2021 01:00:01.755,1.3742100000000002,1.3741200000000002,0.75,0.75
18.08.2021 01:00:01.856,1.3742100000000002,1.37413,0.75,0.75
18.08.2021 01:00:02.109,1.3742,1.37413,0.75,0.75
18.08.2021 01:00:02.385,1.3742100000000002,1.37413,0.75,0.75
18.08.2021 01:00:02.638,1.3742,1.37413,0.75,0.75
18.08.2021 01:00:03.344,1.37419,1.3741200000000002,0.75,0.37
18.08.2021 01:00:03.445,1.37419,1.3741100000000002,0.1,0.37
18.08.2021 01:00:03.727,1.37419,1.37408,0.82,0.37
18.08.2021 01:00:05.030,1.37419,1.3740700000000001,0.82,2.25
18.08.2021 01:00:13.494,1.3742200000000002,1.3741100000000002,0.75,3.82
18.08.2021 01:00:13.596,1.3742200000000002,1.3741200000000002,0.75,3.82
18.08.2021 01:00:14.917,1.3742100000000002,1.3741200000000002,0.94,1.87
18.08.2021 01:00:15.018,1.3742200000000002,1.37413,0.75,0.94
18.08.2021 01:00:17.021,1.3742,1.37413,0.19,0.75
18.08.2021 01:00:17.123,1.3742,1.3741200000000002,0.19,0.75
18.08.2021 01:00:19.311,1.3742100000000002,1.3741200000000002,1.12,1.69
18.08.2021 01:00:19.468,1.3742200000000002,1.3741200000000002,0.94,1.76
18.08.2021 01:00:21.564,1.3742,1.3741200000000002,0.75,1.01
18.08.2021 01:00:21.665,1.3742,1.3741100000000002,1.12,1.5
18.08.2021 01:00:21.766,1.3742,1.3741200000000002,0.19,0.75
18.08.2021 01:00:22.120,1.3742200000000002,1.3741100000000002,0.26,1.5
18.08.2021 01:00:22.222,1.3742200000000002,1.37413,0.94,0.75
18.08.2021 01:00:23.652,1.3742100000000002,1.37413,0.75,0.75
18.08.2021 01:00:27.718,1.3742100000000002,1.3741100000000002,2.25,0.19
18.08.2021 01:00:27.819,1.3742100000000002,1.3741,1.5,0.75
18.08.2021 01:00:28.072,1.3742200000000002,1.3741100000000002,2.06,0.75
18.08.2021 01:00:29.251,1.3742100000000002,1.3741,1.87,1.5
18.08.2021 01:00:29.454,1.3742200000000002,1.3741100000000002,2.7,0.75
18.08.2021 01:00:31.139,1.3741700000000001,1.3741100000000002,0.37,0.75
18.08.2021 01:00:31.241,1.3741100000000002,1.37404,0.94,7.87
18.08.2021 01:00:31.343,1.37408,1.37398,0.75,0.37
18.08.2021 01:00:31.444,1.37406,1.3739700000000001,0.19,0.45
18.08.2021 01:00:31.546,1.37406,1.37395,0.94,1.5
18.08.2021 01:00:34.614,1.37405,1.37395,0.75,0.19
18.08.2021 01:00:35.984,1.3740100000000002,1.37392,0.75,3.34
18.08.2021 01:00:36.821,1.3740100000000002,1.3739000000000001,0.75,0.82
18.08.2021 01:00:39.025,1.37405,1.37394,1.57,0.75
18.08.2021 01:00:41.448,1.37405,1.37393,0.82,1.5
18.08.2021 01:00:41.550,1.3740100000000002,1.37393,0.75,0.37
18.08.2021 01:00:41.651,1.374,1.37393,0.75,0.37
18.08.2021 01:00:41.803,1.374,1.3739100000000002,0.75,3.15
18.08.2021 01:00:46.259,1.3740200000000002,1.3739100000000002,0.75,0.75
18.08.2021 01:00:46.731,1.37404,1.37395,1.5,0.75
18.08.2021 01:00:46.833,1.37405,1.37396,0.82,0.75
18.08.2021 01:00:48.375,1.37404,1.37395,0.75,0.75
18.08.2021 01:00:52.545,1.37406,1.37395,0.82,0.75
18.08.2021 01:00:53.214,1.37404,1.37395,0.75,1.39
18.08.2021 01:00:53.610,1.37405,1.37396,0.82,0.75
18.08.2021 01:00:55.413,1.37406,1.3739700000000001,1.01,0.75
18.08.2021 01:00:55.515,1.37406,1.37398,0.19,0.75
18.08.2021 01:00:55.932,1.37406,1.3739700000000001,0.94,0.75
18.08.2021 01:00:58.928,1.3740700000000001,1.37395,1.01,0.75
18.08.2021 01:00:59.303,1.37406,1.37398,0.19,0.75
18.08.2021 01:00:59.683,1.3741100000000002,1.374,0.82,1.5
18.08.2021 01:00:59.785,1.3741100000000002,1.3740100000000002,1.95,0.75
18.08.2021 01:01:00.268,1.3741100000000002,1.374,0.75,0.75
18.08.2021 01:01:06.643,1.37409,1.37399,0.19,0.75
18.08.2021 01:01:07.618,1.37408,1.37398,0.94,0.75
18.08.2021 01:01:15.057,1.3740700000000001,1.37398,0.75,0.75
18.08.2021 01:01:16.160,1.3740700000000001,1.37396,0.75,0.94
18.08.2021 01:01:22.340,1.37405,1.37396,0.75,0.75
18.08.2021 01:01:26.726,1.37406,1.3739700000000001,0.75,0.75
18.08.2021 01:01:28.152,1.37406,1.37396,0.75,1.2
18.08.2021 01:01:28.303,1.37406,1.3739700000000001,0.75,0.75
18.08.2021 01:01:35.125,1.37406,1.37396,1.12,0.75
18.08.2021 01:01:35.490,1.37405,1.37395,0.75,1.65
18.08.2021 01:01:38.381,1.37406,1.37396,1.12,0.75
18.08.2021 01:01:55.721,1.37405,1.37396,0.19,0.75
18.08.2021 01:02:02.522,1.37406,1.37396,0.19,0.75
18.08.2021 01:02:07.864,1.37406,1.37395,0.94,0.75
18.08.2021 01:02:08.069,1.37404,1.37395,0.75,1.87
18.08.2021 01:02:09.982,1.37404,1.37396,0.75,0.37
18.08.2021 01:02:10.513,1.37405,1.37396,0.94,0.37
18.08.2021 01:02:16.219,1.37404,1.37396,0.75,0.37
18.08.2021 01:02:16.322,1.37404,1.37395,0.75,0.37
18.08.2021 01:02:16.423,1.37404,1.37393,0.75,0.75
18.08.2021 01:02:18.434,1.37403,1.37392,0.75,2.51
18.08.2021 01:02:18.740,1.37404,1.37393,0.19,0.75
18.08.2021 01:02:18.841,1.37403,1.37395,0.19,0.75
18.08.2021 01:02:19.585,1.37403,1.37394,0.94,0.75
18.08.2021 01:02:24.620,1.37403,1.37393,0.94,2.25
18.08.2021 01:02:26.237,1.37404,1.37393,0.94,0.75
18.08.2021 01:02:30.973,1.3740200000000002,1.37393,0.75,1.87
18.08.2021 01:02:31.226,1.3740100000000002,1.37392,0.94,1.87
18.08.2021 01:02:31.328,1.3739700000000001,1.3739100000000002,0.19,0.45
18.08.2021 01:02:31.429,1.37396,1.37389,0.19,0.37
18.08.2021 01:02:31.940,1.3739700000000001,1.37386,0.94,0.75
18.08.2021 01:02:32.093,1.3739700000000001,1.37389,0.19,1.87
18.08.2021 01:02:32.144,1.37399,1.37389,0.94,1.5
18.08.2021 01:02:32.297,1.37399,1.37388,0.94,1.12
18.08.2021 01:02:32.552,1.3739700000000001,1.37389,0.94,0.37
18.08.2021 01:02:32.972,1.374,1.37393,0.19,0.82
18.08.2021 01:02:33.023,1.3740200000000002,1.37394,0.19,0.75
18.08.2021 01:02:33.126,1.37403,1.37394,0.94,0.82
18.08.2021 01:02:33.178,1.3740100000000002,1.37393,0.75,0.1
18.08.2021 01:02:33.280,1.3740200000000002,1.3739100000000002,0.75,0.9
18.08.2021 01:02:34.180,1.3740100000000002,1.3739100000000002,0.94,1.57
18.08.2021 01:02:35.343,1.374,1.3739100000000002,0.75,0.82
18.08.2021 01:02:37.156,1.37399,1.3739100000000002,0.75,0.82
18.08.2021 01:02:39.839,1.37404,1.37393,0.19,0.82
18.08.2021 01:02:39.940,1.37403,1.37395,0.19,0.75
18.08.2021 01:02:41.286,1.37403,1.37396,0.19,0.37
18.08.2021 01:02:43.409,1.37405,1.37395,0.94,0.37
18.08.2021 01:02:44.501,1.37404,1.37395,0.94,0.37
18.08.2021 01:02:45.462,1.37404,1.37396,0.75,0.37
18.08.2021 01:02:48.035,1.37404,1.3739700000000001,0.75,0.37
18.08.2021 01:02:53.271,1.37406,1.37396,0.94,0.37
18.08.2021 01:02:53.323,1.37405,1.37399,0.75,0.37
18.08.2021 01:03:06.171,1.3740700000000001,1.37398,0.94,0.37
18.08.2021 01:03:06.887,1.37409,1.37398,0.75,0.56
18.08.2021 01:03:06.988,1.37409,1.3740200000000002,0.75,0.1
18.08.2021 01:03:07.140,1.3741,1.374,0.75,0.26
18.08.2021 01:03:12.057,1.3741400000000001,1.37403,0.19,1.39
18.08.2021 01:03:12.159,1.37416,1.37405,0.75,0.75
18.08.2021 01:03:12.463,1.37416,1.37408,0.75,0.37
18.08.2021 01:03:13.031,1.3741700000000001,1.37408,1.12,0.37
18.08.2021 01:03:21.846,1.37416,1.37408,0.75,0.37
18.08.2021 01:03:24.855,1.37416,1.3740700000000001,0.75,0.37
18.08.2021 01:03:35.019,1.37416,1.37406,0.75,0.64
18.08.2021 01:03:40.782,1.37415,1.37406,0.75,0.19
18.08.2021 01:03:40.934,1.37415,1.37405,0.75,1.57
18.08.2021 01:03:42.824,1.3741400000000001,1.37405,0.75,0.1
18.08.2021 01:03:49.848,1.37413,1.37403,0.75,2.14
18.08.2021 01:03:49.949,1.3741400000000001,1.37403,0.75,0.82
18.08.2021 01:03:50.152,1.37413,1.37405,0.75,0.37
18.08.2021 01:03:50.530,1.3741400000000001,1.37405,0.75,1.12
18.08.2021 01:03:54.299,1.3741400000000001,1.37404,0.75,0.82
18.08.2021 01:03:55.276,1.37415,1.37404,0.75,0.37
18.08.2021 01:04:00.336,1.37416,1.37405,1.12,0.37
18.08.2021 01:04:00.589,1.3741700000000001,1.37406,0.75,0.1
18.08.2021 01:04:01.418,1.37416,1.37408,0.75,0.1
18.08.2021 01:04:02.937,1.3741700000000001,1.37406,0.75,0.45
18.08.2021 01:04:03.039,1.3741700000000001,1.3740700000000001,0.75,0.1
18.08.2021 01:04:06.459,1.37418,1.3740700000000001,1.69,0.45
18.08.2021 01:04:07.676,1.3742,1.37409,0.75,0.75
18.08.2021 01:04:07.778,1.3742,1.3741,0.75,0.1
18.08.2021 01:04:08.161,1.3742400000000001,1.37413,0.75,0.45
18.08.2021 01:04:08.263,1.3742400000000001,1.37415,0.75,0.45
18.08.2021 01:04:08.314,1.3742400000000001,1.3741700000000001,0.75,0.37
18.08.2021 01:04:09.212,1.3742400000000001,1.37416,0.75,0.1
18.08.2021 01:04:11.432,1.3742400000000001,1.37415,0.75,0.82
18.08.2021 01:04:11.740,1.37425,1.3741700000000001,0.75,0.37
18.08.2021 01:04:18.194,1.3742400000000001,1.3741400000000001,0.75,0.1
18.08.2021 01:04:18.297,1.37423,1.3741200000000002,0.75,0.1
18.08.2021 01:04:18.399,1.3742100000000002,1.37413,0.75,0.1
18.08.2021 01:04:19.231,1.3742200000000002,1.3741100000000002,0.75,1.2
18.08.2021 01:04:20.317,1.3742200000000002,1.3741200000000002,0.75,1.95
18.08.2021 01:04:20.368,1.37423,1.3741400000000001,0.75,0.37
18.08.2021 01:04:20.419,1.37425,1.37415,1.12,1.95
18.08.2021 01:04:20.469,1.37427,1.37416,1.87,0.1
18.08.2021 01:04:24.228,1.37425,1.37416,0.75,1.2
18.08.2021 01:04:24.330,1.37426,1.37416,1.12,1.95
18.08.2021 01:04:24.532,1.37426,1.3741700000000001,0.75,0.82
18.08.2021 01:04:24.633,1.37426,1.37418,0.75,0.1
18.08.2021 01:04:26.094,1.37427,1.37418,0.94,0.1
18.08.2021 01:04:29.729,1.37426,1.37418,0.75,0.1
18.08.2021 01:04:29.830,1.37426,1.3741700000000001,0.75,1.95
18.08.2021 01:04:31.549,1.37426,1.37418,0.75,0.1
18.08.2021 01:04:33.702,1.37427,1.37416,0.75,0.82
18.08.2021 01:04:34.433,1.37426,1.37416,0.75,0.1
18.08.2021 01:04:34.586,1.37425,1.37416,0.75,1.95
18.08.2021 01:04:36.763,1.37426,1.37416,0.75,0.82
18.08.2021 01:04:37.820,1.37426,1.3741700000000001,0.75,0.37
18.08.2021 01:04:38.793,1.37427,1.37416,0.75,1.2
18.08.2021 01:04:38.843,1.3743,1.37418,1.12,1.57
18.08.2021 01:04:38.894,1.37429,1.3742100000000002,0.37,0.75
18.08.2021 01:04:38.945,1.3743100000000001,1.3742200000000002,1.12,0.82
18.08.2021 01:04:45.812,1.3743100000000001,1.3742100000000002,1.12,0.82
18.08.2021 01:04:52.179,1.3743100000000001,1.37423,0.19,1.12
18.08.2021 01:04:52.230,1.3743400000000001,1.3742400000000001,0.94,1.39
18.08.2021 01:04:52.331,1.37435,1.37425,1.12,0.75
18.08.2021 01:04:52.382,1.37435,1.37427,1.12,0.37
18.08.2021 01:04:54.340,1.37437,1.3743,0.19,0.75
18.08.2021 01:04:54.390,1.3744200000000002,1.37433,0.97,1.57
18.08.2021 01:04:54.492,1.37443,1.3743400000000001,0.75,0.45
18.08.2021 01:04:54.593,1.37444,1.3743400000000001,0.75,1.2
18.08.2021 01:04:56.130,1.37443,1.3743400000000001,0.75,0.82
18.08.2021 01:04:56.967,1.3744500000000002,1.37433,0.94,0.82
18.08.2021 01:05:00.679,1.37439,1.3743100000000001,0.75,0.82
18.08.2021 01:05:00.730,1.37439,1.37429,0.94,0.37
18.08.2021 01:05:00.831,1.37439,1.37428,0.19,1.5
18.08.2021 01:05:00.933,1.37439,1.3743,0.75,0.94
18.08.2021 01:05:08.863,1.3744100000000001,1.37429,0.94,1.69
18.08.2021 01:05:11.553,1.3744,1.37429,0.75,0.94
18.08.2021 01:05:42.116,1.37444,1.37433,0.75,0.1
18.08.2021 01:05:42.167,1.37446,1.3743400000000001,0.75,0.82
18.08.2021 01:05:47.760,1.3744500000000002,1.37436,0.75,0.1
18.08.2021 01:05:47.862,1.37446,1.37436,1.69,0.82
18.08.2021 01:05:48.354,1.37446,1.37437,1.69,0.37
18.08.2021 01:06:06.950,1.37446,1.37436,1.57,1.31
18.08.2021 01:06:07.051,1.3744500000000002,1.37436,0.75,1.12
18.08.2021 01:06:34.947,1.37446,1.37436,1.69,1.39
18.08.2021 01:06:42.980,1.37446,1.37437,0.94,0.1
18.08.2021 01:06:49.591,1.37448,1.37436,1.12,1.01
18.08.2021 01:06:50.030,1.37448,1.37437,0.94,0.75
18.08.2021 01:06:52.666,1.37447,1.37437,0.19,0.75
18.08.2021 01:06:56.905,1.37446,1.37439,0.19,0.75
18.08.2021 01:07:00.651,1.3744500000000002,1.37439,0.37,0.75
18.08.2021 01:07:01.105,1.37443,1.3743400000000001,2.06,1.2
18.08.2021 01:07:01.156,1.3744100000000001,1.37433,0.19,0.45
18.08.2021 01:07:01.562,1.3744100000000001,1.3743400000000001,0.75,0.75
18.08.2021 01:07:01.663,1.3744200000000002,1.3743400000000001,0.75,0.75
18.08.2021 01:07:03.139,1.37443,1.37433,0.75,0.75
18.08.2021 01:07:03.412,1.37446,1.37436,5.06,0.82
18.08.2021 01:07:03.514,1.37446,1.37437,0.94,0.82
18.08.2021 01:07:03.982,1.37447,1.37438,1.87,0.75
18.08.2021 01:07:12.978,1.37447,1.37439,0.75,0.75
18.08.2021 01:07:13.090,1.37448,1.37439,1.5,0.75
18.08.2021 01:07:28.396,1.37449,1.37439,3.45,1.5
18.08.2021 01:07:28.863,1.37448,1.37439,0.37,1.5
18.08.2021 01:08:03.675,1.37449,1.37439,0.75,0.75
18.08.2021 01:08:03.776,1.3745,1.3744200000000002,0.19,1.5
18.08.2021 01:08:03.878,1.3745100000000001,1.37446,0.75,1.5
18.08.2021 01:08:03.929,1.3745500000000002,1.37446,0.37,0.75
18.08.2021 01:08:04.031,1.37454,1.37448,0.19,1.5
18.08.2021 01:08:04.132,1.3745500000000002,1.37448,0.19,1.5
18.08.2021 01:08:04.823,1.3745500000000002,1.37449,0.19,0.75
18.08.2021 01:08:06.452,1.37456,1.37449,0.37,1.5
18.08.2021 01:08:07.945,1.37457,1.37449,0.37,0.75
18.08.2021 01:08:09.776,1.3746,1.3745200000000002,1.12,1.5
18.08.2021 01:08:09.878,1.37459,1.3745200000000002,0.19,0.75
18.08.2021 01:08:13.616,1.37459,1.3745100000000001,0.75,1.5
18.08.2021 01:08:18.149,1.37461,1.3745200000000002,0.37,0.75
18.08.2021 01:08:22.073,1.37459,1.3745100000000001,0.75,1.5
18.08.2021 01:08:22.276,1.37459,1.3745,0.37,1.5
18.08.2021 01:08:33.736,1.37458,1.3745200000000002,0.37,0.75
18.08.2021 01:08:33.838,1.37458,1.37453,0.37,0.75
18.08.2021 01:08:34.249,1.37459,1.37453,0.75,0.75
18.08.2021 01:08:49.774,1.37459,1.3745200000000002,1.12,0.75
18.08.2021 01:08:51.600,1.37458,1.3745200000000002,0.75,0.75
18.08.2021 01:09:00.154,1.37457,1.3745200000000002,0.37,0.75
18.08.2021 01:09:02.473,1.37458,1.3745,0.37,0.75
18.08.2021 01:09:03.194,1.37456,1.3745100000000001,0.37,0.75
18.08.2021 01:09:04.443,1.37458,1.3745,0.75,0.75
18.08.2021 01:09:35.607,1.37458,1.37449,0.37,0.75
18.08.2021 01:09:39.897,1.37456,1.3745,0.19,0.75
18.08.2021 01:09:40.151,1.37456,1.37448,1.12,0.75
18.08.2021 01:09:51.400,1.37456,1.37447,1.87,0.75
18.08.2021 01:09:51.501,1.3745500000000002,1.37444,0.37,1.5
18.08.2021 01:09:52.405,1.3745100000000001,1.3744200000000002,2.44,1.57
18.08.2021 01:09:52.507,1.37453,1.3744500000000002,1.5,0.75
18.08.2021 01:09:53.615,1.37449,1.37443,0.37,0.75
18.08.2021 01:09:53.717,1.37449,1.3744200000000002,0.75,0.75
18.08.2021 01:09:54.795,1.37449,1.3744,0.37,0.75
18.08.2021 01:09:54.896,1.37449,1.37439,0.75,0.75
18.08.2021 01:09:57.260,1.37449,1.3744,1.87,0.75
18.08.2021 01:09:59.703,1.37449,1.37439,0.37,0.75
18.08.2021 01:10:02.013,1.37448,1.37438,0.75,1.5
18.08.2021 01:10:09.183,1.37448,1.37437,0.37,1.5
18.08.2021 01:10:11.938,1.37447,1.37437,0.75,0.75
18.08.2021 01:10:18.086,1.37447,1.37438,0.75,0.75
18.08.2021 01:10:18.137,1.37449,1.37439,0.75,0.75
18.08.2021 01:10:18.188,1.37449,1.37443,0.19,0.1
18.08.2021 01:10:18.290,1.3745200000000002,1.37446,0.75,0.82
18.08.2021 01:10:18.340,1.3745500000000002,1.3744500000000002,7.5,0.82
18.08.2021 01:10:18.391,1.37457,1.3744500000000002,1.5,0.82
18.08.2021 01:10:22.615,1.37457,1.37446,1.12,0.75
18.08.2021 01:10:24.247,1.37456,1.37446,0.75,0.75
18.08.2021 01:10:26.576,1.3745500000000002,1.37446,0.75,1.57
18.08.2021 01:10:32.031,1.37457,1.3744500000000002,1.69,1.57
18.08.2021 01:10:32.082,1.37457,1.37447,0.75,0.75
18.08.2021 01:10:34.058,1.37456,1.37447,0.75,0.82
18.08.2021 01:10:36.621,1.37456,1.37446,0.75,0.82
18.08.2021 01:10:37.192,1.3745500000000002,1.37448,0.75,0.75
18.08.2021 01:10:41.815,1.3745500000000002,1.37447,0.75,1.57
18.08.2021 01:10:48.254,1.37456,1.37447,0.75,0.75
18.08.2021 01:10:49.317,1.3745500000000002,1.37447,1.5,0.75
18.08.2021 01:10:53.598,1.3745500000000002,1.37448,0.75,0.75
18.08.2021 01:10:55.992,1.37456,1.37446,0.75,0.75
18.08.2021 01:10:56.779,1.37453,1.37447,0.75,0.75
18.08.2021 01:11:00.514,1.37454,1.37447,0.75,0.82
18.08.2021 01:11:01.306,1.37454,1.37447,0.75,0.82
18.08.2021 01:11:01.408,1.3745500000000002,1.37447,0.75,0.82
18.08.2021 01:11:03.075,1.3745500000000002,1.37448,0.75,0.75
18.08.2021 01:11:04.016,1.37454,1.37448,0.75,1.57
18.08.2021 01:11:05.335,1.37454,1.37449,0.75,0.75
18.08.2021 01:11:06.717,1.37456,1.37448,0.75,0.75
18.08.2021 01:11:06.976,1.3745500000000002,1.37448,0.75,0.75
18.08.2021 01:11:07.077,1.37456,1.37446,0.75,1.95
18.08.2021 01:11:07.989,1.37454,1.37447,0.75,1.95
18.08.2021 01:11:15.038,1.3745500000000002,1.37447,0.75,0.75
18.08.2021 01:11:15.410,1.37456,1.37449,0.75,0.75
18.08.2021 01:11:15.461,1.37457,1.3745100000000001,0.75,0.75
18.08.2021 01:11:15.668,1.37458,1.3745100000000001,0.75,1.5
18.08.2021 01:11:15.770,1.37459,1.3745100000000001,0.75,0.75
18.08.2021 01:11:18.310,1.37461,1.3745100000000001,0.75,0.75
18.08.2021 01:11:22.358,1.37461,1.3745200000000002,0.75,0.75
18.08.2021 01:11:26.145,1.3746,1.3745200000000002,0.75,0.75
18.08.2021 01:11:29.204,1.37463,1.37454,0.75,0.75
18.08.2021 01:11:29.407,1.37463,1.3745500000000002,0.75,0.75
18.08.2021 01:11:31.126,1.37463,1.37456,0.75,0.37
18.08.2021 01:11:31.680,1.37464,1.37456,0.75,1.2
18.08.2021 01:11:32.306,1.3746500000000001,1.37456,0.75,0.1
18.08.2021 01:11:32.893,1.37464,1.37458,0.75,0.82
18.08.2021 01:11:36.941,1.37464,1.37457,0.75,0.82
18.08.2021 01:11:38.074,1.37466,1.37456,0.75,0.82
18.08.2021 01:11:39.260,1.37464,1.37457,0.75,0.75
18.08.2021 01:11:43.046,1.37466,1.37456,0.75,0.75
18.08.2021 01:11:43.615,1.37466,1.3745500000000002,0.75,1.2
18.08.2021 01:11:44.660,1.3746500000000001,1.37457,0.75,0.1
18.08.2021 01:11:45.481,1.37466,1.37457,0.75,0.1
18.08.2021 01:11:51.590,1.37466,1.37456,0.75,0.82
18.08.2021 01:11:58.355,1.37466,1.37458,0.75,0.82
18.08.2021 01:12:06.652,1.37466,1.37456,1.5,0.82
18.08.2021 01:12:06.754,1.3746500000000001,1.3745500000000002,1.87,0.1
18.08.2021 01:12:06.855,1.3746500000000001,1.37453,0.75,1.27
18.08.2021 01:12:06.906,1.3746500000000001,1.37456,0.75,0.75
18.08.2021 01:12:07.124,1.37467,1.3745500000000002,2.25,0.82
18.08.2021 01:12:07.225,1.37467,1.37456,1.5,0.75
18.08.2021 01:12:08.923,1.3746500000000001,1.37457,0.75,0.82
18.08.2021 01:12:14.130,1.3746500000000001,1.37458,0.75,0.75
18.08.2021 01:12:25.390,1.37467,1.37457,0.75,0.82
18.08.2021 01:12:27.576,1.37467,1.37456,0.75,0.82
18.08.2021 01:12:28.947,1.3746500000000001,1.37456,0.75,1.2
18.08.2021 01:12:31.676,1.3746500000000001,1.37457,0.75,0.1
18.08.2021 01:12:46.812,1.37466,1.37457,0.75,0.75
18.08.2021 01:12:56.165,1.37466,1.37458,0.75,0.75
18.08.2021 01:13:03.785,1.37467,1.37456,0.75,0.82
18.08.2021 01:13:03.988,1.3746500000000001,1.37457,0.75,0.82
18.08.2021 01:13:11.793,1.37466,1.37457,0.75,0.1
18.08.2021 01:13:12.327,1.3746500000000001,1.37457,0.75,0.82
18.08.2021 01:13:46.473,1.37464,1.37457,0.37,0.37
18.08.2021 01:13:46.575,1.37464,1.37454,0.75,2.02
18.08.2021 01:13:46.676,1.37463,1.3745500000000002,1.12,0.75
18.08.2021 01:13:49.087,1.37464,1.37453,0.75,1.57
18.08.2021 01:13:55.175,1.37463,1.37453,0.37,0.75
18.08.2021 01:14:00.085,1.37461,1.3745200000000002,2.44,0.75
18.08.2021 01:14:00.187,1.37458,1.37449,0.75,0.45
18.08.2021 01:14:00.289,1.37457,1.37448,0.82,0.75
18.08.2021 01:14:12.963,1.37457,1.37447,1.57,1.5
18.08.2021 01:14:18.242,1.3745500000000002,1.37447,0.75,1.5
18.08.2021 01:14:36.595,1.37456,1.37447,0.75,0.75
18.08.2021 01:14:55.326,1.37458,1.37448,0.75,0.75
18.08.2021 01:14:56.861,1.37458,1.37447,0.75,1.12
18.08.2021 01:15:00.759,1.37459,1.37448,0.75,0.75
18.08.2021 01:15:00.861,1.37458,1.37448,0.75,0.75
18.08.2021 01:15:01.166,1.3746200000000002,1.37453,0.75,0.75
18.08.2021 01:15:01.268,1.3746500000000001,1.37456,1.5,0.75
18.08.2021 01:15:01.522,1.3746500000000001,1.37457,1.5,0.75
18.08.2021 01:15:05.213,1.37467,1.37456,0.75,1.5
18.08.2021 01:15:06.809,1.37467,1.37457,1.87,0.75
18.08.2021 01:15:10.193,1.37467,1.37458,0.82,0.75
18.08.2021 01:15:12.046,1.37468,1.37458,0.82,1.5
18.08.2021 01:15:23.819,1.37468,1.37457,0.37,1.5
18.08.2021 01:15:25.014,1.37469,1.37457,1.57,1.5
18.08.2021 01:15:35.745,1.37473,1.37464,0.11,0.75
18.08.2021 01:15:35.848,1.3747500000000001,1.37466,0.1,1.5
18.08.2021 01:15:36.005,1.3747600000000002,1.37466,0.82,1.5
18.08.2021 01:15:36.364,1.3747600000000002,1.37467,0.1,0.75
18.08.2021 01:15:37.729,1.37477,1.3746500000000001,0.82,1.5
18.08.2021 01:15:44.953,1.3747500000000001,1.37466,0.75,1.5
18.08.2021 01:15:49.715,1.3747500000000001,1.37467,0.75,0.75
18.08.2021 01:15:50.701,1.37477,1.37466,1.01,0.75
18.08.2021 01:15:56.947,1.3747500000000001,1.37467,0.75,0.75
18.08.2021 01:16:13.615,1.37477,1.37466,0.94,0.75
18.08.2021 01:16:33.692,1.37481,1.3747500000000001,1.5,1.5
18.08.2021 01:16:33.744,1.3748500000000001,1.3747600000000002,1.57,0.75
18.08.2021 01:16:35.571,1.37488,1.37481,0.37,0.75
18.08.2021 01:16:35.622,1.3749200000000001,1.37484,2.62,0.19
18.08.2021 01:16:35.673,1.37489,1.37481,0.75,0.37
18.08.2021 01:16:35.775,1.3749,1.37481,0.75,1.69
18.08.2021 01:16:35.876,1.3749200000000001,1.37481,1.5,0.94
18.08.2021 01:16:40.121,1.37487,1.37479,0.75,1.2
18.08.2021 01:16:40.223,1.3748600000000002,1.37478,0.75,0.94
18.08.2021 01:16:40.577,1.3748600000000002,1.37477,0.75,0.94
18.08.2021 01:16:42.769,1.3748500000000001,1.37477,0.75,0.94
18.08.2021 01:16:43.756,1.3748600000000002,1.37478,0.75,0.19
18.08.2021 01:16:43.858,1.37489,1.3748,0.75,0.94
18.08.2021 01:16:43.910,1.37488,1.37479,0.75,0.19
18.08.2021 01:16:44.012,1.37487,1.37479,0.75,1.69
18.08.2021 01:16:44.115,1.3748600000000002,1.37478,0.75,0.94
18.08.2021 01:16:46.841,1.3748600000000002,1.3747600000000002,0.75,0.75
18.08.2021 01:16:46.943,1.3748600000000002,1.3747500000000001,0.75,0.94
18.08.2021 01:16:49.642,1.3748600000000002,1.3747600000000002,1.5,0.19
18.08.2021 01:16:53.728,1.37484,1.37477,0.75,0.19
18.08.2021 01:16:53.951,1.37484,1.3747600000000002,0.75,0.94
18.08.2021 01:17:00.099,1.37478,1.3747200000000002,0.75,1.57
18.08.2021 01:17:00.150,1.37477,1.37467,0.75,3.71
18.08.2021 01:17:00.453,1.3747600000000002,1.37466,0.75,1.12
18.08.2021 01:17:00.555,1.37474,1.37466,0.75,0.94
18.08.2021 01:17:17.164,1.3747500000000001,1.37466,1.5,0.19
18.08.2021 01:17:42.440,1.3747600000000002,1.37466,0.75,0.19
18.08.2021 01:17:43.696,1.3747600000000002,1.3746500000000001,0.75,0.94
18.08.2021 01:17:49.973,1.3747600000000002,1.37466,0.75,0.37
18.08.2021 01:17:59.375,1.3747600000000002,1.37467,0.75,0.75
18.08.2021 01:18:02.126,1.37474,1.37468,0.75,0.75
18.08.2021 01:18:10.317,1.37471,1.3746500000000001,1.12,0.75
18.08.2021 01:18:10.368,1.37471,1.37463,1.87,0.19
18.08.2021 01:18:10.470,1.3747,1.37463,0.75,0.19
18.08.2021 01:18:10.572,1.37471,1.37461,0.75,0.94
18.08.2021 01:18:13.942,1.3747,1.37461,0.75,0.94
18.08.2021 01:18:14.941,1.37469,1.37461,0.75,1.12
18.08.2021 01:18:15.043,1.37469,1.3746,0.75,1.12
18.08.2021 01:18:18.150,1.3747,1.37461,0.75,0.75
18.08.2021 01:18:19.200,1.3747200000000002,1.3746,0.75,1.5
18.08.2021 01:18:23.156,1.37473,1.37463,2.32,1.87
18.08.2021 01:18:23.418,1.37473,1.37464,1.5,1.12
18.08.2021 01:18:23.520,1.3747200000000002,1.3746200000000002,0.75,1.87
18.08.2021 01:18:24.513,1.37469,1.37461,0.75,0.75
18.08.2021 01:18:24.564,1.37468,1.37459,1.12,0.75
18.08.2021 01:18:24.666,1.37468,1.37458,0.75,0.75
18.08.2021 01:18:42.158,1.37471,1.3746500000000001,0.37,1.12
18.08.2021 01:18:42.209,1.37473,1.37466,0.75,0.75
18.08.2021 01:18:42.260,1.37474,1.37468,0.37,0.75
18.08.2021 01:18:42.362,1.3747500000000001,1.37468,0.75,0.75
18.08.2021 01:18:43.504,1.37474,1.37466,0.75,1.12
18.08.2021 01:18:45.591,1.3747500000000001,1.37466,0.75,1.12
18.08.2021 01:18:47.821,1.37474,1.37466,1.65,1.12
18.08.2021 01:18:47.872,1.3747,1.37463,0.75,0.75
18.08.2021 01:18:47.974,1.37469,1.3746500000000001,1.12,0.75
18.08.2021 01:18:48.075,1.37469,1.3746,1.12,0.94
18.08.2021 01:18:48.209,1.37468,1.3746,0.75,0.94
18.08.2021 01:18:49.138,1.37467,1.3746,0.75,0.94
18.08.2021 01:18:51.687,1.37468,1.3746,0.75,0.94
18.08.2021 01:19:14.972,1.3747200000000002,1.37464,0.37,1.87
18.08.2021 01:19:15.073,1.37474,1.37466,0.37,0.75
18.08.2021 01:19:15.226,1.37474,1.37467,0.75,0.75
18.08.2021 01:19:15.327,1.3747500000000001,1.37467,0.75,0.75
18.08.2021 01:19:15.429,1.3747600000000002,1.37467,3,1.5
18.08.2021 01:19:25.623,1.37477,1.37467,3.07,1.5
18.08.2021 01:19:26.623,1.37479,1.3747500000000001,0.75,1.5
18.08.2021 01:19:26.674,1.3748200000000002,1.3747600000000002,0.97,1.5
18.08.2021 01:19:26.878,1.3748600000000002,1.3747500000000001,0.75,1.87
18.08.2021 01:19:26.980,1.3748600000000002,1.3747600000000002,0.75,1.12
18.08.2021 01:19:27.198,1.3748600000000002,1.37477,2.7,1.12
18.08.2021 01:19:27.792,1.37481,1.3747200000000002,2.81,0.45
18.08.2021 01:19:27.895,1.37479,1.37469,0.37,2.25
18.08.2021 01:19:30.178,1.37477,1.37469,1.69,0.75
18.08.2021 01:19:30.279,1.3747600000000002,1.37469,0.75,0.75
18.08.2021 01:19:30.381,1.3747600000000002,1.37468,0.75,0.75
18.08.2021 01:19:31.114,1.37477,1.37468,2.14,0.75
18.08.2021 01:19:33.695,1.3747600000000002,1.37468,1.5,0.75
18.08.2021 01:19:42.010,1.37477,1.37468,2.7,0.75
18.08.2021 01:19:42.688,1.3747600000000002,1.37468,0.82,0.75
18.08.2021 01:19:42.791,1.37471,1.3746200000000002,2.25,1.2
18.08.2021 01:19:42.893,1.37469,1.3746,1.12,8.25
18.08.2021 01:19:43.146,1.37469,1.37459,0.75,0.75
18.08.2021 01:19:43.947,1.37469,1.37458,0.82,0.75
18.08.2021 01:19:44.049,1.37468,1.37458,0.19,0.75
18.08.2021 01:19:55.559,1.37466,1.37458,0.19,0.75
18.08.2021 01:19:57.191,1.37466,1.37457,0.37,1.5
18.08.2021 01:19:57.907,1.37464,1.3745500000000002,0.75,1.5
18.08.2021 01:19:58.059,1.37463,1.3745500000000002,0.37,0.75
18.08.2021 01:19:58.160,1.37463,1.37454,0.37,0.75
18.08.2021 01:20:12.240,1.37458,1.37449,0.37,2.32
18.08.2021 01:20:16.633,1.3746200000000002,1.37454,0.75,0.75
18.08.2021 01:20:16.684,1.37463,1.3745200000000002,0.56,1.5
18.08.2021 01:20:26.210,1.3746200000000002,1.3745200000000002,0.94,1.5
18.08.2021 01:20:55.030,1.3746200000000002,1.3745100000000001,0.75,0.75
18.08.2021 01:20:57.919,1.3746,1.37449,1.31,0.75
18.08.2021 01:20:58.122,1.3746,1.3745100000000001,1.31,0.75
18.08.2021 01:20:58.224,1.3746200000000002,1.3745,1.12,0.75
18.08.2021 01:20:59.796,1.37463,1.3745500000000002,0.75,1.12
18.08.2021 01:20:59.847,1.37467,1.3745500000000002,5.7,0.75
18.08.2021 01:21:00.100,1.37464,1.3745500000000002,0.19,0.75
18.08.2021 01:21:00.201,1.37464,1.37454,0.19,1.5
18.08.2021 01:21:00.404,1.37467,1.37456,1.12,0.75
18.08.2021 01:21:00.505,1.37468,1.37456,1.12,1.12
18.08.2021 01:21:02.728,1.37468,1.37457,1.12,0.75
18.08.2021 01:21:05.262,1.37466,1.37458,0.75,0.75
18.08.2021 01:21:07.341,1.37468,1.37457,1.87,0.75
18.08.2021 01:21:28.474,1.37467,1.37459,1.5,0.75
18.08.2021 01:21:41.297,1.37469,1.37458,1.12,0.75
18.08.2021 01:21:58.722,1.37468,1.37458,0.94,0.75
18.08.2021 01:21:58.825,1.37467,1.37458,1.12,0.75
18.08.2021 01:21:58.977,1.37466,1.37458,0.37,0.75
18.08.2021 01:21:59.129,1.3746500000000001,1.37458,0.19,0.75
18.08.2021 01:22:00.809,1.37466,1.37458,0.19,0.75
18.08.2021 01:22:05.275,1.37468,1.37458,1.31,0.75
18.08.2021 01:22:58.005,1.3747,1.37464,0.37,0.75
18.08.2021 01:22:58.056,1.3747500000000001,1.3746500000000001,1.95,1.12
18.08.2021 01:22:58.157,1.37474,1.3746500000000001,0.37,0.75
18.08.2021 01:22:58.259,1.3747600000000002,1.37467,1.95,0.75
18.08.2021 01:22:58.360,1.37477,1.37467,2.7,0.75
18.08.2021 01:23:00.288,1.3747600000000002,1.37467,0.75,0.75
18.08.2021 01:23:09.302,1.37477,1.37468,1.87,0.75
18.08.2021 01:23:10.491,1.3747600000000002,1.37468,0.75,0.75
18.08.2021 01:23:10.592,1.37477,1.37468,2.25,0.75
18.08.2021 01:23:15.745,1.3747600000000002,1.37468,0.37,0.75
18.08.2021 01:23:18.577,1.37478,1.37467,1.5,0.75
18.08.2021 01:23:25.136,1.37477,1.37467,0.37,0.75
18.08.2021 01:23:25.840,1.37477,1.37468,1.95,0.75
18.08.2021 01:23:26.954,1.37477,1.37467,0.75,0.75
18.08.2021 01:23:27.157,1.37478,1.37467,2.25,0.75
18.08.2021 01:23:41.232,1.3747600000000002,1.37468,0.75,0.75
18.08.2021 01:23:41.558,1.37477,1.37468,1.87,0.75
18.08.2021 01:23:48.553,1.37477,1.37467,0.75,0.75
18.08.2021 01:23:51.574,1.37477,1.37466,0.75,0.75
18.08.2021 01:23:52.051,1.3747600000000002,1.37468,0.75,0.75
18.08.2021 01:23:54.141,1.37478,1.37467,1.2,0.75
18.08.2021 01:24:07.077,1.37478,1.37466,3.07,0.75
18.08.2021 01:24:08.759,1.37477,1.37466,0.75,0.75
18.08.2021 01:24:12.537,1.37477,1.37467,2.32,1.12
18.08.2021 01:24:13.968,1.37477,1.37469,2.25,0.75
18.08.2021 01:24:24.320,1.37478,1.37467,3.07,0.75
18.08.2021 01:24:24.830,1.37477,1.37467,0.37,0.75
18.08.2021 01:24:25.335,1.37478,1.37467,3.07,0.75
18.08.2021 01:24:26.995,1.3747600000000002,1.37468,0.37,0.75
18.08.2021 01:24:29.420,1.3747500000000001,1.37466,0.37,0.75
18.08.2021 01:24:29.471,1.3747500000000001,1.37463,0.75,1.12
18.08.2021 01:24:29.572,1.37473,1.37464,0.75,1.12
18.08.2021 01:24:30.336,1.37474,1.37464,0.75,1.12
18.08.2021 01:24:33.847,1.3747500000000001,1.37464,0.75,0.75
18.08.2021 01:24:38.308,1.37477,1.37466,1.12,0.75
18.08.2021 01:24:38.409,1.3747600000000002,1.37468,0.75,0.75
18.08.2021 01:24:53.277,1.3747600000000002,1.37467,1.95,0.75
18.08.2021 01:24:56.216,1.3747600000000002,1.37468,0.75,0.75
18.08.2021 01:25:00.719,1.37477,1.37468,0.75,0.75
18.08.2021 01:25:01.325,1.37478,1.37468,0.37,0.75
18.08.2021 01:25:12.826,1.37478,1.37469,2.7,0.75
18.08.2021 01:25:12.978,1.37479,1.37469,3.07,0.75
18.08.2021 01:25:13.079,1.3748,1.3747,1.57,2.06
18.08.2021 01:25:13.180,1.37483,1.3747500000000001,0.75,0.75
18.08.2021 01:25:22.036,1.3748,1.3747500000000001,1.5,0.75
18.08.2021 01:25:22.087,1.37479,1.37471,0.37,0.75
18.08.2021 01:25:22.189,1.37481,1.37471,3.07,0.75
18.08.2021 01:25:25.473,1.37481,1.37474,0.75,0.75
18.08.2021 01:25:25.625,1.37481,1.37473,0.75,0.75
18.08.2021 01:25:26.566,1.3748200000000002,1.37473,1.57,0.75
18.08.2021 01:25:30.538,1.3748500000000001,1.3747500000000001,1.12,0.75
18.08.2021 01:25:30.639,1.37484,1.3747500000000001,0.75,1.12
18.08.2021 01:25:34.233,1.3748600000000002,1.3747500000000001,1.5,0.37
18.08.2021 01:25:34.335,1.3748500000000001,1.37477,0.75,1.5
18.08.2021 01:25:36.475,1.3748600000000002,1.37477,0.75,0.75
18.08.2021 01:25:38.777,1.3748600000000002,1.37478,0.37,1.5
18.08.2021 01:25:38.878,1.37487,1.37479,1.12,1.5
18.08.2021 01:25:56.280,1.37487,1.3748,0.37,0.75
18.08.2021 01:25:56.381,1.3749,1.3748200000000002,0.75,1.5
18.08.2021 01:25:56.482,1.37491,1.37483,1.27,1.5
18.08.2021 01:25:56.584,1.3749200000000001,1.37483,0.1,1.5
18.08.2021 01:25:58.481,1.3749,1.37483,0.37,0.75
18.08.2021 01:25:58.532,1.3749,1.3748,0.37,0.75
18.08.2021 01:25:58.633,1.3749200000000001,1.37481,1.2,0.75
18.08.2021 01:25:58.735,1.3749200000000001,1.3748200000000002,0.75,1.5
18.08.2021 01:26:11.846,1.37491,1.3748200000000002,0.82,1.5
18.08.2021 01:26:12.599,1.37494,1.3748500000000001,1.95,1.12
18.08.2021 01:26:12.702,1.37494,1.37484,2.62,0.37
18.08.2021 01:26:12.803,1.37494,1.37483,2.7,1.87
18.08.2021 01:26:18.767,1.37493,1.37483,0.75,1.5
18.08.2021 01:26:23.529,1.37494,1.3748500000000001,0.1,1.5
18.08.2021 01:26:23.630,1.37494,1.37484,0.1,0.75
18.08.2021 01:26:24.069,1.37493,1.37484,0.1,0.75
18.08.2021 01:26:25.584,1.37494,1.3748200000000002,0.1,1.87
18.08.2021 01:26:28.905,1.3749200000000001,1.37483,0.1,1.5
18.08.2021 01:26:29.793,1.37489,1.3748,0.45,1.57
18.08.2021 01:26:29.895,1.37489,1.37479,0.1,0.45
18.08.2021 01:26:29.996,1.37488,1.37479,0.1,1.87
18.08.2021 01:26:36.306,1.37487,1.37479,0.37,1.5
18.08.2021 01:26:42.080,1.37487,1.37477,0.37,1.95
18.08.2021 01:26:44.519,1.37487,1.3748200000000002,0.37,0.75
18.08.2021 01:27:05.761,1.37489,1.3748200000000002,0.75,0.37
18.08.2021 01:27:05.813,1.37493,1.3748600000000002,0.37,0.75
18.08.2021 01:27:05.914,1.3749500000000001,1.37491,8.25,0.75
18.08.2021 01:27:06.015,1.3749600000000002,1.37491,0.37,0.75
18.08.2021 01:27:06.861,1.3749700000000002,1.37489,0.75,0.75
18.08.2021 01:27:06.963,1.37494,1.3749,0.75,0.75
18.08.2021 01:27:07.917,1.3749700000000002,1.3749,1.12,0.75
18.08.2021 01:27:12.483,1.37498,1.3749,0.37,0.75
18.08.2021 01:27:14.633,1.3749600000000002,1.37491,0.75,0.75
18.08.2021 01:27:16.526,1.3749600000000002,1.3749,0.75,0.75
18.08.2021 01:27:17.000,1.37498,1.37489,0.37,0.75
18.08.2021 01:27:19.059,1.37498,1.3749,1.57,0.75
18.08.2021 01:27:35.690,1.37498,1.3749500000000001,0.37,0.75
18.08.2021 01:27:35.741,1.37504,1.3749600000000002,0.75,0.75
18.08.2021 01:27:35.843,1.37504,1.3749700000000002,0.75,0.75
18.08.2021 01:27:35.945,1.37503,1.3749700000000002,0.75,0.75
18.08.2021 01:27:42.999,1.37504,1.3749700000000002,0.37,0.75
18.08.2021 01:27:43.050,1.3750600000000002,1.3749700000000002,1.12,1.69
18.08.2021 01:27:43.152,1.3750700000000002,1.3749700000000002,0.75,2.81
18.08.2021 01:27:43.254,1.37505,1.3749700000000002,1.87,0.75
18.08.2021 01:27:43.355,1.37504,1.3749700000000002,0.37,0.75
18.08.2021 01:27:47.414,1.37504,1.3749600000000002,1.12,0.75
18.08.2021 01:27:48.200,1.37503,1.3749500000000001,0.37,0.75
18.08.2021 01:27:48.301,1.3750200000000001,1.3749500000000001,0.75,0.75
18.08.2021 01:27:52.095,1.3750200000000001,1.37494,1.5,0.75
18.08.2021 01:28:18.807,1.37499,1.37489,0.75,0.75
18.08.2021 01:28:37.873,1.37499,1.3749,0.82,0.75
18.08.2021 01:28:42.657,1.37499,1.37489,1.95,0.75
18.08.2021 01:29:00.634,1.37498,1.37489,1.12,0.75
18.08.2021 01:29:01.300,1.3749600000000002,1.3749,0.75,0.75
18.08.2021 01:29:08.219,1.3749700000000002,1.37488,0.82,0.75
18.08.2021 01:29:08.320,1.37494,1.3748600000000002,0.75,0.94
18.08.2021 01:29:08.371,1.37488,1.37484,0.75,0.37
18.08.2021 01:29:08.472,1.37488,1.3748200000000002,0.82,7.5
18.08.2021 01:29:08.573,1.37487,1.3748,0.82,0.75
18.08.2021 01:29:08.675,1.37487,1.37479,0.1,0.75
18.08.2021 01:29:09.474,1.3748600000000002,1.37479,0.1,0.75
18.08.2021 01:29:09.575,1.37487,1.37479,0.82,0.75
18.08.2021 01:29:19.530,1.3749,1.3748200000000002,0.82,0.94
18.08.2021 01:29:19.631,1.3749,1.37483,0.82,0.75
18.08.2021 01:29:28.018,1.3749200000000001,1.3748200000000002,0.82,1.31
18.08.2021 01:29:28.982,1.37493,1.3748500000000001,0.75,0.94
18.08.2021 01:29:29.085,1.37493,1.3748600000000002,0.75,0.94
18.08.2021 01:29:30.964,1.3749200000000001,1.3748200000000002,2.81,1.57
18.08.2021 01:29:31.066,1.3749200000000001,1.37483,1.5,0.75
18.08.2021 01:29:34.018,1.37493,1.37483,2.25,0.75
18.08.2021 01:30:00.308,1.3749200000000001,1.3748200000000002,0.75,0.94
18.08.2021 01:30:00.562,1.3749200000000001,1.37481,5.06,0.37
18.08.2021 01:30:00.613,1.37487,1.37481,0.75,0.45
18.08.2021 01:30:00.715,1.37487,1.37478,0.75,1.12
18.08.2021 01:30:00.867,1.3748600000000002,1.37478,0.75,0.75
18.08.2021 01:30:01.587,1.37487,1.3747600000000002,0.75,1.87
18.08.2021 01:30:01.891,1.3748600000000002,1.37478,0.75,0.75
18.08.2021 01:30:02.145,1.37489,1.37483,0.75,1.69
18.08.2021 01:30:02.248,1.37491,1.3748600000000002,0.75,0.75
18.08.2021 01:30:02.349,1.3749600000000002,1.3748500000000001,0.75,1.69
18.08.2021 01:30:02.552,1.37494,1.3748600000000002,0.75,0.75
18.08.2021 01:30:04.845,1.3749500000000001,1.37487,0.75,0.75
18.08.2021 01:30:10.415,1.3749600000000002,1.37487,0.75,0.19
18.08.2021 01:30:17.008,1.3749500000000001,1.37487,0.75,0.94
18.08.2021 01:30:23.518,1.37494,1.37484,0.1,0.94
18.08.2021 01:30:23.619,1.37494,1.37483,1.57,0.94
18.08.2021 01:30:24.716,1.3749500000000001,1.37484,1.87,0.75
18.08.2021 01:30:24.818,1.37494,1.37484,1.57,1.69
18.08.2021 01:30:25.409,1.37489,1.37481,1.57,0.82
18.08.2021 01:30:25.512,1.37489,1.3748,0.82,0.45
18.08.2021 01:30:25.614,1.37487,1.3748,0.1,0.19
18.08.2021 01:30:33.870,1.37487,1.37478,0.82,1.69
18.08.2021 01:30:40.952,1.3749200000000001,1.3748200000000002,0.82,0.19
18.08.2021 01:30:41.205,1.37491,1.37484,0.1,0.19
18.08.2021 01:31:09.981,1.37494,1.3748600000000002,2.7,0.19
18.08.2021 01:31:11.621,1.3749600000000002,1.3748500000000001,1.95,0.19
18.08.2021 01:31:11.722,1.3749500000000001,1.37487,1.95,0.37
18.08.2021 01:31:12.344,1.3749600000000002,1.3748500000000001,1.95,0.19
18.08.2021 01:31:12.675,1.3749600000000002,1.3748600000000002,1.95,0.37
18.08.2021 01:31:17.304,1.37494,1.37487,0.75,0.37
18.08.2021 01:31:18.935,1.3749500000000001,1.3748600000000002,1.57,0.19
18.08.2021 01:31:19.039,1.37491,1.37481,3.45,2.51
18.08.2021 01:31:19.140,1.3749,1.37481,0.75,1.2
18.08.2021 01:31:19.191,1.37489,1.3748,0.82,1.69
18.08.2021 01:31:19.445,1.37488,1.3748,0.82,0.94
18.08.2021 01:31:19.546,1.37487,1.37479,0.1,0.94
18.08.2021 01:31:30.988,1.37488,1.37479,1.95,0.94
18.08.2021 01:31:31.276,1.37487,1.37479,0.1,0.94
18.08.2021 01:31:40.456,1.37489,1.37478,1.95,0.94
18.08.2021 01:31:40.611,1.37489,1.37481,0.75,0.19
18.08.2021 01:31:40.713,1.37491,1.37483,0.75,0.19
18.08.2021 01:31:40.865,1.37494,1.3748500000000001,0.1,2.44
18.08.2021 01:31:40.967,1.3749600000000002,1.3748600000000002,0.82,0.94
18.08.2021 01:31:41.231,1.3749600000000002,1.37487,1.57,0.94
18.08.2021 01:31:45.529,1.3749600000000002,1.37488,0.82,0.19
18.08.2021 01:31:45.631,1.3749700000000002,1.37488,0.82,0.19
18.08.2021 01:31:47.467,1.3749700000000002,1.37487,0.82,0.19
18.08.2021 01:31:51.222,1.3749700000000002,1.37488,0.1,0.94
18.08.2021 01:31:51.323,1.37498,1.37488,0.1,0.94
18.08.2021 01:31:51.811,1.37499,1.37488,1.57,0.94
18.08.2021 01:31:55.783,1.37501,1.37494,0.75,0.75
18.08.2021 01:31:55.835,1.37503,1.37494,1.95,1.69
18.08.2021 01:31:55.937,1.37503,1.3749500000000001,1.2,0.75
18.08.2021 01:31:56.847,1.37504,1.37493,1.2,1.69
18.08.2021 01:31:57.197,1.37503,1.3749500000000001,1.2,0.75
18.08.2021 01:31:57.433,1.37504,1.37493,1.95,1.69
18.08.2021 01:31:57.535,1.37503,1.3749500000000001,1.2,0.75
18.08.2021 01:31:58.742,1.37504,1.37493,1.95,1.69
18.08.2021 01:32:04.022,1.37504,1.3749200000000001,1.95,2.51
18.08.2021 01:32:04.130,1.37503,1.37494,1.95,0.75
18.08.2021 01:32:04.841,1.37503,1.37493,1.95,2.51
18.08.2021 01:32:04.942,1.37503,1.37494,1.95,0.75
18.08.2021 01:32:05.043,1.37503,1.37493,1.95,2.51
18.08.2021 01:32:05.144,1.37503,1.37494,1.95,0.75
18.08.2021 01:32:06.042,1.37504,1.3749200000000001,1.95,2.51
18.08.2021 01:32:06.143,1.37503,1.37494,1.95,0.75
18.08.2021 01:32:07.234,1.37504,1.3749200000000001,1.95,2.51
18.08.2021 01:32:07.336,1.37504,1.37493,0.1,2.44
18.08.2021 01:32:09.013,1.37503,1.3749500000000001,0.1,0.75
18.08.2021 01:32:09.115,1.3750700000000002,1.37498,1.57,1.69
18.08.2021 01:32:09.268,1.3750600000000002,1.3749500000000001,0.75,2.4
18.08.2021 01:32:09.844,1.37505,1.37494,0.82,0.75
18.08.2021 01:32:10.784,1.37504,1.37494,1.95,2.51
18.08.2021 01:32:10.886,1.37505,1.37494,2.32,0.75
18.08.2021 01:32:11.062,1.37503,1.37494,0.75,2.51
18.08.2021 01:32:11.180,1.37504,1.3749500000000001,2.32,0.75
18.08.2021 01:32:11.542,1.37504,1.37493,0.75,2.51
18.08.2021 01:32:11.643,1.37505,1.37494,1.95,0.75
18.08.2021 01:32:14.044,1.37504,1.37493,0.75,2.51
18.08.2021 01:32:14.145,1.37505,1.37494,2.32,0.75
18.08.2021 01:32:14.862,1.37504,1.37493,0.75,2.51
18.08.2021 01:32:15.025,1.37504,1.3749500000000001,2.32,0.75
18.08.2021 01:32:19.882,1.37504,1.37494,0.75,0.1
18.08.2021 01:32:19.983,1.37504,1.3749500000000001,1.87,0.82
18.08.2021 01:32:22.658,1.37505,1.3749500000000001,1.12,0.94
18.08.2021 01:32:22.760,1.37505,1.3749700000000002,0.75,0.94
18.08.2021 01:32:22.861,1.37505,1.37494,1.12,2.32
18.08.2021 01:32:23.013,1.37503,1.3749500000000001,0.75,0.75
18.08.2021 01:32:23.165,1.37504,1.3749500000000001,1.2,1.5
18.08.2021 01:32:24.082,1.37504,1.37494,0.75,0.75
18.08.2021 01:32:24.259,1.37505,1.37494,1.2,1.5
18.08.2021 01:32:24.912,1.37503,1.3749500000000001,0.75,0.75
18.08.2021 01:32:25.068,1.37504,1.3749500000000001,1.2,1.5
18.08.2021 01:32:26.102,1.37503,1.3749500000000001,0.75,0.75
18.08.2021 01:32:27.999,1.37505,1.37494,1.2,1.5
18.08.2021 01:32:28.101,1.37504,1.3749600000000002,1.12,0.94
18.08.2021 01:32:28.203,1.3750600000000002,1.3749600000000002,1.57,0.94
18.08.2021 01:32:28.254,1.37505,1.37494,0.75,1.57
18.08.2021 01:32:28.355,1.37504,1.3749600000000002,0.45,0.75
18.08.2021 01:32:28.456,1.37504,1.3749500000000001,1.2,1.5
18.08.2021 01:32:28.608,1.37503,1.3749500000000001,0.75,1.5
18.08.2021 01:32:28.850,1.37504,1.3749500000000001,1.2,1.5
18.08.2021 01:32:29.051,1.37503,1.3749500000000001,0.75,1.5
18.08.2021 01:32:29.168,1.37504,1.3749500000000001,1.2,1.5
18.08.2021 01:32:29.909,1.37504,1.37494,0.75,1.5
18.08.2021 01:32:30.011,1.37505,1.37494,1.2,1.5
18.08.2021 01:32:31.922,1.37504,1.37494,0.75,0.75
18.08.2021 01:32:32.024,1.3750600000000002,1.3749700000000002,1.5,1.69
18.08.2021 01:32:32.227,1.37505,1.37498,0.75,0.19
18.08.2021 01:32:33.361,1.3750700000000002,1.3749700000000002,0.75,0.19
18.08.2021 01:32:43.007,1.37508,1.3749700000000002,1.5,0.94
18.08.2021 01:32:43.160,1.3750700000000002,1.37499,1.5,0.19
18.08.2021 01:32:51.415,1.3750700000000002,1.3749700000000002,0.75,0.19
18.08.2021 01:33:10.055,1.3750700000000002,1.3749600000000002,2.32,0.75
18.08.2021 01:33:10.106,1.37505,1.3749500000000001,0.1,0.75
18.08.2021 01:33:10.586,1.37504,1.3749500000000001,0.1,0.75
18.08.2021 01:33:12.208,1.37504,1.37494,0.1,1.87
18.08.2021 01:33:16.994,1.37499,1.37491,0.75,10.39
18.08.2021 01:33:17.247,1.375,1.37489,1.57,0.75
18.08.2021 01:33:17.349,1.37499,1.37489,0.75,0.75
18.08.2021 01:33:17.892,1.37499,1.37488,1.95,0.75
