Gmt time,Ask,Bid,AskVolume,BidVolume
27.08.2021 00:00:00.133,1.3701,1.3699700000000001,0.75,0.75
27.08.2021 00:00:00.436,1.37003,1.36996,2.62,0.94
27.08.2021 00:00:00.487,1.3700200000000002,1.3699200000000002,1.95,1.84
27.08.2021 00:00:00.589,1.3700100000000002,1.36989,0.75,1.5
27.08.2021 00:00:00.690,1.37006,1.3699200000000002,0.82,1.5
27.08.2021 00:00:00.842,1.37005,1.3699200000000002,0.1,0.82
27.08.2021 00:00:00.893,1.3700100000000002,1.36989,0.1,4.87
27.08.2021 00:00:02.082,1.37,1.36988,0.1,1.76
27.08.2021 00:00:03.098,1.36999,1.36988,0.82,0.75
27.08.2021 00:00:03.199,1.36999,1.3698700000000001,0.1,0.75
27.08.2021 00:00:03.462,1.36999,1.3698700000000001,0.82,0.82
27.08.2021 00:00:05.910,1.3700100000000002,1.3699200000000002,0.75,1.5
27.08.2021 00:00:05.962,1.37004,1.3699100000000002,3.45,2.81
27.08.2021 00:00:06.064,1.37004,1.36993,1.27,0.19
27.08.2021 00:00:06.997,1.3700200000000002,1.3699000000000001,0.75,0.94
27.08.2021 00:00:07.998,1.3700100000000002,1.3699000000000001,0.82,0.75
27.08.2021 00:00:08.769,1.37,1.3699000000000001,0.75,0.75
27.08.2021 00:00:09.701,1.37,1.36989,0.75,1.57
27.08.2021 00:00:10.692,1.37,1.36988,0.75,1.12
27.08.2021 00:00:11.754,1.36999,1.36988,0.75,1.95
27.08.2021 00:00:17.149,1.36999,1.3698700000000001,0.75,1.95
27.08.2021 00:00:19.811,1.36996,1.36986,0.75,1.57
27.08.2021 00:00:19.913,1.36995,1.36984,0.75,0.45
27.08.2021 00:00:29.336,1.36994,1.36984,0.75,0.1
27.08.2021 00:00:36.207,1.3699000000000001,1.36982,0.75,0.75
27.08.2021 00:00:36.309,1.3699100000000002,1.3698000000000001,0.75,0.45
27.08.2021 00:00:36.411,1.36988,1.36978,0.75,0.26
27.08.2021 00:00:42.354,1.36988,1.3697700000000002,1.5,0.82
27.08.2021 00:00:42.456,1.36986,1.36975,0.82,0.94
27.08.2021 00:00:42.557,1.36984,1.36972,0.75,0.82
27.08.2021 00:00:43.935,1.36979,1.3697100000000002,0.75,0.75
27.08.2021 00:00:43.986,1.36978,1.36969,0.75,1.87
27.08.2021 00:00:44.088,1.36979,1.36965,0.75,3.45
27.08.2021 00:00:44.190,1.36974,1.36965,0.75,0.56
27.08.2021 00:00:44.241,1.36975,1.36961,0.75,2.25
27.08.2021 00:00:44.596,1.36973,1.36962,0.75,1.5
27.08.2021 00:00:45.182,1.3697000000000001,1.36959,0.75,0.75
27.08.2021 00:00:45.283,1.36969,1.36958,0.75,1.12
27.08.2021 00:00:45.384,1.36969,1.3695700000000002,0.75,1.2
27.08.2021 00:00:48.783,1.36969,1.36956,0.75,1.2
27.08.2021 00:00:48.885,1.36966,1.36956,0.75,2.51
27.08.2021 00:00:48.986,1.36965,1.36955,0.75,0.1
27.08.2021 00:00:49.087,1.36966,1.36953,0.75,0.82
27.08.2021 00:00:49.189,1.36965,1.36953,0.75,0.82
27.08.2021 00:00:51.090,1.36959,1.36952,0.75,0.75
27.08.2021 00:00:51.140,1.36959,1.3695000000000002,0.75,1.2
27.08.2021 00:00:51.877,1.36959,1.36948,0.75,0.75
27.08.2021 00:00:52.030,1.36958,1.36948,0.75,0.75
27.08.2021 00:00:52.182,1.36958,1.3694700000000002,0.75,3.07
27.08.2021 00:00:52.385,1.3695700000000002,1.36944,0.75,0.45
27.08.2021 00:00:52.487,1.36954,1.36944,0.75,0.45
27.08.2021 00:00:52.588,1.36954,1.36943,0.75,1.12
27.08.2021 00:00:56.749,1.36955,1.36943,0.75,0.56
27.08.2021 00:00:56.851,1.3695700000000002,1.36949,0.75,0.75
27.08.2021 00:00:57.104,1.36958,1.3694700000000002,0.75,0.45
27.08.2021 00:00:57.710,1.36958,1.3694600000000001,0.75,1.57
27.08.2021 00:01:00.808,1.3695700000000002,1.36948,0.75,0.1
27.08.2021 00:01:01.256,1.36958,1.36948,0.75,0.1
27.08.2021 00:01:01.743,1.3696000000000002,1.3694700000000002,0.75,0.82
27.08.2021 00:01:03.201,1.36959,1.3694700000000002,0.75,0.75
27.08.2021 00:01:05.582,1.36961,1.36949,0.75,0.75
27.08.2021 00:01:07.077,1.36961,1.36951,0.75,0.75
27.08.2021 00:01:10.515,1.3696000000000002,1.3695000000000002,0.75,0.94
27.08.2021 00:01:10.666,1.36959,1.3695000000000002,0.75,0.19
27.08.2021 00:01:10.818,1.3696000000000002,1.3695000000000002,0.75,0.19
27.08.2021 00:01:11.173,1.36962,1.36953,0.75,0.37
27.08.2021 00:01:11.275,1.3696700000000002,1.36956,0.75,1.5
27.08.2021 00:01:11.376,1.36969,1.36956,0.75,1.12
27.08.2021 00:01:12.948,1.36968,1.36958,0.75,0.37
27.08.2021 00:01:13.341,1.36969,1.36956,0.75,1.2
27.08.2021 00:01:13.493,1.36968,1.36956,0.75,0.75
27.08.2021 00:01:13.595,1.36968,1.3695700000000002,0.75,0.75
27.08.2021 00:01:30.822,1.36969,1.3695700000000002,0.82,0.37
27.08.2021 00:01:36.808,1.3697000000000001,1.3695700000000002,0.82,0.19
27.08.2021 00:01:40.106,1.3697000000000001,1.36958,0.82,0.19
27.08.2021 00:01:45.498,1.36969,1.3696000000000002,0.82,0.19
27.08.2021 00:01:54.030,1.3697000000000001,1.3696000000000002,0.82,0.19
27.08.2021 00:02:06.949,1.36969,1.3696000000000002,0.75,0.94
27.08.2021 00:02:10.178,1.3697000000000001,1.36958,0.75,1.2
27.08.2021 00:02:10.890,1.36968,1.36959,0.1,0.37
27.08.2021 00:02:13.646,1.3697000000000001,1.36958,0.82,0.75
27.08.2021 00:02:13.748,1.3697100000000002,1.36959,0.82,0.94
27.08.2021 00:02:17.233,1.3697000000000001,1.36959,0.1,0.94
27.08.2021 00:02:18.528,1.3697000000000001,1.3696000000000002,0.82,0.94
27.08.2021 00:02:27.705,1.36969,1.3696000000000002,0.1,0.94
27.08.2021 00:02:40.048,1.36964,1.36959,1.12,0.94
27.08.2021 00:02:40.099,1.3696700000000002,1.36958,1.76,0.37
27.08.2021 00:02:40.251,1.36968,1.36956,0.82,1.01
27.08.2021 00:02:40.403,1.36966,1.3695700000000002,0.1,0.75
27.08.2021 00:02:40.504,1.36966,1.36954,0.1,1.76
27.08.2021 00:02:40.608,1.36965,1.36956,0.1,0.75
27.08.2021 00:02:40.925,1.36965,1.36955,0.1,0.82
27.08.2021 00:02:44.115,1.36961,1.36951,0.1,0.64
27.08.2021 00:02:44.217,1.3696000000000002,1.36951,0.1,0.56
27.08.2021 00:02:51.802,1.36962,1.36954,1.01,0.75
27.08.2021 00:02:51.903,1.36964,1.36955,0.75,0.19
27.08.2021 00:02:52.006,1.36965,1.36955,1.5,0.19
27.08.2021 00:03:08.866,1.3696700000000002,1.36958,0.75,0.26
27.08.2021 00:03:08.968,1.36968,1.36959,0.75,0.1
27.08.2021 00:03:23.760,1.36969,1.36959,0.82,0.45
27.08.2021 00:03:25.579,1.36969,1.36958,0.1,0.37
27.08.2021 00:03:52.547,1.36969,1.36959,1.57,0.26
27.08.2021 00:04:03.008,1.36969,1.3696000000000002,1.57,0.19
27.08.2021 00:04:04.008,1.3697000000000001,1.36958,1.57,0.45
27.08.2021 00:04:10.014,1.3697000000000001,1.3696000000000002,1.57,0.1
27.08.2021 00:04:21.432,1.36972,1.3696000000000002,0.1,0.45
27.08.2021 00:04:21.533,1.36973,1.36961,1.57,0.1
27.08.2021 00:04:38.053,1.36973,1.36962,1.57,0.19
27.08.2021 00:04:40.605,1.36973,1.36963,0.75,0.37
27.08.2021 00:04:45.560,1.36974,1.36963,0.75,0.37
27.08.2021 00:04:58.990,1.36973,1.36963,0.75,0.37
27.08.2021 00:05:00.597,1.3697700000000002,1.3696700000000002,1.57,0.1
27.08.2021 00:05:00.698,1.3697700000000002,1.36968,0.75,0.1
27.08.2021 00:05:00.851,1.36979,1.3696700000000002,1.57,0.1
27.08.2021 00:05:26.890,1.36978,1.3696700000000002,0.75,0.26
27.08.2021 00:05:29.003,1.36978,1.36968,1.57,0.1
27.08.2021 00:05:29.156,1.3697700000000002,1.36968,0.75,0.1
27.08.2021 00:05:30.160,1.36979,1.3696700000000002,1.57,0.1
27.08.2021 00:05:45.244,1.3697700000000002,1.3696700000000002,0.1,0.1
27.08.2021 00:05:56.147,1.36974,1.36965,1.12,0.1
27.08.2021 00:05:57.083,1.36973,1.36964,0.75,0.45
27.08.2021 00:06:03.056,1.36976,1.36965,2.14,1.76
27.08.2021 00:06:03.157,1.3697700000000002,1.36965,0.37,0.82
27.08.2021 00:06:03.259,1.3697700000000002,1.36966,0.37,0.1
27.08.2021 00:06:03.360,1.3697700000000002,1.3696700000000002,1.5,0.1
27.08.2021 00:06:44.267,1.36973,1.36964,1.5,2.21
27.08.2021 00:06:44.369,1.36973,1.36963,1.5,1.01
27.08.2021 00:06:44.470,1.36974,1.36964,0.75,0.1
27.08.2021 00:06:44.780,1.36973,1.36964,0.75,0.1
27.08.2021 00:06:47.473,1.36974,1.36962,0.75,0.45
27.08.2021 00:06:49.315,1.36974,1.36963,0.82,1.2
27.08.2021 00:06:50.073,1.36974,1.36962,0.75,1.2
27.08.2021 00:06:53.872,1.36978,1.36965,4.2,0.82
27.08.2021 00:06:53.974,1.3697700000000002,1.3696700000000002,0.82,0.75
27.08.2021 00:06:54.540,1.3697700000000002,1.36968,0.75,0.75
27.08.2021 00:06:54.641,1.3698100000000002,1.36973,0.75,1.01
27.08.2021 00:06:54.743,1.36982,1.3697700000000002,0.75,0.82
27.08.2021 00:06:54.794,1.36986,1.36975,0.75,0.26
27.08.2021 00:06:54.896,1.36985,1.36974,0.75,0.37
27.08.2021 00:06:54.997,1.36986,1.36974,1.57,1.12
27.08.2021 00:06:55.800,1.36985,1.36974,0.82,1.2
27.08.2021 00:07:00.144,1.36982,1.36972,0.75,3.26
27.08.2021 00:07:00.245,1.36985,1.36972,3.07,1.2
27.08.2021 00:07:00.347,1.36984,1.36974,3,0.1
27.08.2021 00:07:00.499,1.36984,1.36975,0.75,0.75
27.08.2021 00:07:10.407,1.36986,1.36975,1.76,1.01
27.08.2021 00:07:25.202,1.36986,1.36976,1.01,0.75
27.08.2021 00:07:37.511,1.36986,1.36975,0.75,0.75
27.08.2021 00:07:37.562,1.3698100000000002,1.3697000000000001,0.75,1.2
27.08.2021 00:07:37.867,1.3698000000000001,1.36968,0.1,0.82
27.08.2021 00:07:37.968,1.36974,1.36964,0.19,0.75
27.08.2021 00:07:38.070,1.3697100000000002,1.36963,0.75,0.1
27.08.2021 00:07:38.172,1.36972,1.36961,0.75,1.57
27.08.2021 00:07:38.627,1.36972,1.3696000000000002,1.57,0.1
27.08.2021 00:07:39.071,1.3697000000000001,1.3696000000000002,0.1,1.76
27.08.2021 00:07:39.273,1.36969,1.3696000000000002,0.75,0.1
27.08.2021 00:07:43.134,1.3697000000000001,1.36958,1.57,0.26
27.08.2021 00:07:43.986,1.36969,1.3696000000000002,1.5,0.1
27.08.2021 00:07:56.167,1.3697000000000001,1.36958,1.57,0.26
27.08.2021 00:07:56.269,1.36968,1.36959,0.1,0.19
27.08.2021 00:07:56.537,1.36968,1.36958,0.1,1.01
27.08.2021 00:08:00.658,1.36965,1.36955,0.19,0.37
27.08.2021 00:08:00.709,1.36961,1.36952,0.75,0.82
27.08.2021 00:08:00.811,1.36961,1.36951,1.5,0.1
27.08.2021 00:08:00.962,1.3696000000000002,1.3695000000000002,0.75,0.82
27.08.2021 00:08:02.645,1.36959,1.3695000000000002,0.75,0.82
27.08.2021 00:08:02.747,1.3696000000000002,1.3695000000000002,1.5,0.26
27.08.2021 00:08:03.354,1.36961,1.3695000000000002,0.75,0.1
27.08.2021 00:08:03.456,1.36961,1.36951,1.5,0.1
27.08.2021 00:08:03.608,1.36961,1.36949,0.75,1.01
27.08.2021 00:08:03.709,1.3696000000000002,1.3694700000000002,1.57,1.95
27.08.2021 00:08:04.014,1.36958,1.36948,0.75,0.1
27.08.2021 00:08:04.221,1.36959,1.3694600000000001,0.82,1.2
27.08.2021 00:08:11.140,1.3695700000000002,1.3694700000000002,0.75,0.45
27.08.2021 00:08:12.116,1.3695700000000002,1.36948,0.75,0.1
27.08.2021 00:08:12.168,1.36959,1.36949,1.5,0.1
27.08.2021 00:08:12.270,1.3696000000000002,1.3695000000000002,0.75,0.1
27.08.2021 00:08:12.371,1.3696000000000002,1.36951,0.75,0.1
27.08.2021 00:08:12.631,1.36962,1.3695000000000002,0.75,0.1
27.08.2021 00:08:15.494,1.3696000000000002,1.36951,0.75,0.1
27.08.2021 00:08:15.596,1.3696000000000002,1.3695000000000002,1.5,0.1
27.08.2021 00:08:16.293,1.3696000000000002,1.36949,1.57,1.57
27.08.2021 00:08:20.962,1.36959,1.36949,0.75,0.75
27.08.2021 00:08:23.308,1.3695700000000002,1.36949,0.75,0.75
27.08.2021 00:08:25.131,1.36956,1.36949,0.75,0.75
27.08.2021 00:08:32.553,1.3695700000000002,1.36949,0.75,1.2
27.08.2021 00:08:33.316,1.3695700000000002,1.36948,0.75,0.75
27.08.2021 00:08:33.418,1.3695700000000002,1.3694700000000002,0.75,0.45
27.08.2021 00:08:34.523,1.36958,1.36948,0.75,0.45
27.08.2021 00:08:41.383,1.36958,1.36949,0.75,1.12
27.08.2021 00:08:41.742,1.36958,1.3695000000000002,0.75,0.1
27.08.2021 00:08:41.845,1.3696000000000002,1.36949,0.75,0.1
27.08.2021 00:08:42.172,1.36959,1.36949,0.75,1.95
27.08.2021 00:08:42.276,1.36958,1.36949,0.75,0.1
27.08.2021 00:08:42.378,1.36958,1.36948,0.75,1.95
27.08.2021 00:08:43.130,1.3695700000000002,1.3694700000000002,0.75,1.95
27.08.2021 00:08:43.283,1.36956,1.3694600000000001,0.75,1.12
27.08.2021 00:08:44.160,1.36956,1.3694700000000002,0.75,1.12
27.08.2021 00:08:48.836,1.36956,1.3694600000000001,0.75,1.12
27.08.2021 00:08:48.945,1.36956,1.3694700000000002,0.75,1.12
27.08.2021 00:08:49.894,1.3695700000000002,1.3694700000000002,0.75,1.12
27.08.2021 00:08:50.224,1.36958,1.3694700000000002,0.75,0.75
27.08.2021 00:08:51.316,1.36955,1.36945,0.75,0.82
27.08.2021 00:08:51.367,1.36956,1.3694700000000002,0.82,0.75
27.08.2021 00:08:51.470,1.36953,1.36942,0.75,0.45
27.08.2021 00:08:51.572,1.36952,1.36941,0.75,1.5
27.08.2021 00:08:51.826,1.3695000000000002,1.3694000000000002,0.75,3.07
27.08.2021 00:08:51.928,1.3695000000000002,1.36939,0.75,0.75
27.08.2021 00:08:52.306,1.36949,1.36939,0.75,1.57
27.08.2021 00:08:52.459,1.36948,1.36939,0.75,1.57
27.08.2021 00:08:52.560,1.36948,1.36938,0.75,1.57
27.08.2021 00:08:57.943,1.36949,1.36938,0.75,0.75
27.08.2021 00:08:59.834,1.3695000000000002,1.36939,0.75,2.89
27.08.2021 00:08:59.885,1.36953,1.36941,0.82,0.75
27.08.2021 00:09:00.401,1.36951,1.36941,0.75,2.59
27.08.2021 00:09:00.503,1.36951,1.36942,0.75,0.75
27.08.2021 00:09:07.201,1.36953,1.36941,0.94,0.82
27.08.2021 00:09:23.009,1.36951,1.3694000000000002,1.2,0.1
27.08.2021 00:09:23.212,1.36951,1.36939,0.75,0.1
27.08.2021 00:09:23.985,1.36951,1.36938,1.57,1.57
27.08.2021 00:09:27.577,1.3695000000000002,1.3694000000000002,1.5,0.1
27.08.2021 00:09:51.241,1.36951,1.3694000000000002,1.57,0.1
27.08.2021 00:10:07.903,1.3695000000000002,1.3694000000000002,0.75,0.1
27.08.2021 00:10:08.320,1.36952,1.36939,0.82,0.1
27.08.2021 00:10:11.489,1.36953,1.36941,0.75,0.82
27.08.2021 00:10:11.540,1.36954,1.36943,0.82,0.1
27.08.2021 00:10:26.792,1.36952,1.36942,0.37,0.1
27.08.2021 00:10:26.894,1.36952,1.36941,1.2,0.1
27.08.2021 00:10:32.264,1.36952,1.36943,0.75,0.75
27.08.2021 00:11:01.549,1.36953,1.36943,1.57,0.75
27.08.2021 00:11:05.026,1.36954,1.36941,1.57,0.82
27.08.2021 00:11:13.382,1.36955,1.36943,1.2,0.82
27.08.2021 00:11:13.484,1.36953,1.36943,0.1,0.1
27.08.2021 00:11:20.942,1.36952,1.36941,0.75,0.1
27.08.2021 00:11:21.839,1.36953,1.36939,0.82,1.57
27.08.2021 00:11:30.025,1.36952,1.36939,0.75,0.82
27.08.2021 00:11:30.127,1.36951,1.36939,0.1,0.1
27.08.2021 00:11:40.914,1.36952,1.36939,0.75,0.82
27.08.2021 00:11:40.965,1.36954,1.3694000000000002,3.45,0.82
27.08.2021 00:11:41.980,1.36953,1.36942,0.75,0.1
27.08.2021 00:11:58.790,1.3695000000000002,1.3694000000000002,0.1,0.1
27.08.2021 00:11:59.057,1.3695000000000002,1.36938,0.1,0.82
27.08.2021 00:11:59.159,1.3695000000000002,1.3694000000000002,0.82,0.1
27.08.2021 00:12:00.788,1.36949,1.36939,0.1,0.1
27.08.2021 00:12:10.537,1.3695000000000002,1.3694000000000002,0.1,0.1
27.08.2021 00:12:20.254,1.36949,1.36939,0.1,0.1
27.08.2021 00:12:24.173,1.3694700000000002,1.36939,0.75,0.1
27.08.2021 00:12:27.124,1.36948,1.3693700000000002,0.75,0.82
27.08.2021 00:12:31.722,1.36948,1.3693600000000001,0.75,0.82
27.08.2021 00:12:44.974,1.36944,1.36935,0.75,1.5
27.08.2021 00:12:45.228,1.36943,1.36932,0.75,0.75
27.08.2021 00:12:52.748,1.36942,1.36932,0.75,1.57
27.08.2021 00:12:57.885,1.36939,1.36928,0.75,0.9
27.08.2021 00:12:59.338,1.36939,1.3692700000000002,0.75,0.37
27.08.2021 00:13:02.239,1.3693600000000001,1.36928,0.75,0.37
27.08.2021 00:13:02.340,1.3693700000000002,1.3692600000000001,0.75,2.7
27.08.2021 00:13:05.552,1.3693600000000001,1.3692600000000001,0.75,0.1
27.08.2021 00:13:08.210,1.36935,1.36928,0.75,0.1
27.08.2021 00:13:08.514,1.3693600000000001,1.3692600000000001,0.75,0.1
27.08.2021 00:13:10.921,1.36935,1.3692600000000001,0.75,0.1
27.08.2021 00:13:11.023,1.3693600000000001,1.3692600000000001,0.75,0.1
27.08.2021 00:13:22.740,1.36935,1.3692600000000001,0.75,0.1
27.08.2021 00:13:24.281,1.36935,1.3692700000000002,1.5,0.1
27.08.2021 00:13:25.868,1.36935,1.3692600000000001,0.75,0.1
27.08.2021 00:13:28.279,1.36935,1.3692700000000002,1.5,0.1
27.08.2021 00:13:28.481,1.36935,1.3692600000000001,0.75,0.1
27.08.2021 00:13:30.815,1.3693600000000001,1.3692700000000002,1.5,0.1
27.08.2021 00:13:30.968,1.36935,1.3692700000000002,0.75,0.1
27.08.2021 00:13:31.070,1.3693600000000001,1.3692700000000002,0.75,0.1
27.08.2021 00:13:37.263,1.3693600000000001,1.3692600000000001,1.5,0.19
27.08.2021 00:13:37.314,1.36935,1.36925,0.75,0.19
27.08.2021 00:13:45.564,1.36934,1.36924,0.75,0.1
27.08.2021 00:13:47.444,1.3693,1.36922,0.75,0.75
27.08.2021 00:13:47.547,1.3693,1.36921,0.75,0.75
27.08.2021 00:13:47.598,1.3693,1.3691900000000001,0.75,0.82
27.08.2021 00:13:47.751,1.3692900000000001,1.3691900000000001,0.75,0.37
27.08.2021 00:13:47.853,1.36928,1.3691900000000001,0.75,0.1
27.08.2021 00:13:48.005,1.36928,1.36918,0.75,0.1
27.08.2021 00:13:48.798,1.3692900000000001,1.36918,0.75,0.1
27.08.2021 00:13:50.086,1.3692900000000001,1.3691700000000002,1.5,0.1
27.08.2021 00:13:50.359,1.36928,1.3691700000000002,0.75,0.1
27.08.2021 00:13:50.410,1.3693,1.36918,0.75,0.75
27.08.2021 00:13:50.511,1.36932,1.3691900000000001,0.75,0.1
27.08.2021 00:13:50.966,1.36932,1.36921,0.75,0.75
27.08.2021 00:13:51.068,1.36932,1.3692,0.75,0.82
27.08.2021 00:13:55.259,1.36932,1.36921,0.75,0.82
27.08.2021 00:13:56.272,1.36934,1.36921,0.75,0.82
27.08.2021 00:13:56.789,1.36933,1.3692,0.75,0.82
27.08.2021 00:13:56.891,1.36928,1.3692,0.75,0.82
27.08.2021 00:13:56.992,1.36928,1.3691700000000002,0.75,1.27
27.08.2021 00:13:57.145,1.36923,1.36915,1.57,0.37
27.08.2021 00:13:57.196,1.36925,1.36913,0.75,0.1
27.08.2021 00:13:57.883,1.36925,1.3691200000000001,0.75,0.82
27.08.2021 00:13:58.136,1.3692700000000002,1.36914,1.5,1.95
27.08.2021 00:13:58.238,1.36928,1.36914,1.5,2.32
27.08.2021 00:13:58.339,1.3692700000000002,1.3691700000000002,1.5,0.1
27.08.2021 00:13:58.390,1.36928,1.36914,1.5,1.95
27.08.2021 00:13:58.892,1.36928,1.3691700000000002,1.5,0.1
27.08.2021 00:13:59.154,1.36928,1.36918,0.75,0.82
27.08.2021 00:13:59.256,1.3692900000000001,1.3692,1.5,0.75
27.08.2021 00:14:00.106,1.3692900000000001,1.3691700000000002,0.75,0.1
27.08.2021 00:14:00.208,1.3692700000000002,1.36918,0.75,0.1
27.08.2021 00:14:00.310,1.3692700000000002,1.3691700000000002,0.75,0.82
27.08.2021 00:14:00.411,1.36928,1.36918,0.75,0.1
27.08.2021 00:14:00.513,1.36928,1.3691700000000002,0.75,1.2
27.08.2021 00:14:00.739,1.36928,1.36918,0.75,0.1
27.08.2021 00:14:01.122,1.3692600000000001,1.36914,0.75,4.2
27.08.2021 00:14:01.225,1.36925,1.36914,0.75,2.4
27.08.2021 00:14:02.220,1.3692700000000002,1.3691600000000002,1.5,1.2
27.08.2021 00:14:02.322,1.3692700000000002,1.3691700000000002,1.5,0.1
27.08.2021 00:14:02.424,1.3692600000000001,1.3691700000000002,0.75,0.1
27.08.2021 00:14:02.525,1.3692600000000001,1.3691600000000002,0.75,1.12
27.08.2021 00:14:03.774,1.3692700000000002,1.3691700000000002,0.75,0.1
27.08.2021 00:14:04.379,1.3692700000000002,1.36918,0.75,0.82
27.08.2021 00:14:04.481,1.3692900000000001,1.3691700000000002,1.5,0.1
27.08.2021 00:14:05.429,1.3692900000000001,1.3691600000000002,1.5,0.82
27.08.2021 00:14:05.670,1.36928,1.3691600000000002,1.5,1.5
27.08.2021 00:14:05.772,1.3692700000000002,1.36914,0.75,0.75
27.08.2021 00:14:05.925,1.3692600000000001,1.36914,1.5,0.75
27.08.2021 00:14:07.679,1.3692700000000002,1.36914,1.5,0.1
27.08.2021 00:14:08.060,1.3692700000000002,1.36913,1.5,0.82
27.08.2021 00:14:08.464,1.36928,1.36915,0.75,0.75
27.08.2021 00:14:08.719,1.36925,1.36914,0.75,0.1
27.08.2021 00:14:08.825,1.3692600000000001,1.3691200000000001,0.75,1.39
27.08.2021 00:14:10.322,1.36925,1.3691200000000001,0.75,0.26
27.08.2021 00:14:12.700,1.36923,1.36913,0.75,0.26
27.08.2021 00:14:17.093,1.36921,1.3691200000000001,1.5,2.7
27.08.2021 00:14:17.194,1.36923,1.36911,0.75,0.1
27.08.2021 00:14:20.149,1.36921,1.36911,0.75,0.1
27.08.2021 00:14:20.251,1.3692,1.3691,0.75,0.1
27.08.2021 00:14:20.353,1.36922,1.3691,0.75,0.82
27.08.2021 00:14:20.464,1.36923,1.3691,0.75,0.1
27.08.2021 00:14:22.150,1.36923,1.36911,0.75,1.76
27.08.2021 00:14:29.996,1.36924,1.36911,0.75,0.75
27.08.2021 00:14:32.531,1.3692600000000001,1.36914,0.75,0.37
27.08.2021 00:14:32.632,1.3692600000000001,1.3691200000000001,0.75,1.95
27.08.2021 00:14:33.930,1.36925,1.3691200000000001,0.75,0.82
27.08.2021 00:14:36.341,1.36925,1.36913,0.75,2.7
27.08.2021 00:14:39.536,1.3692700000000002,1.3691200000000001,1.5,1.2
27.08.2021 00:14:39.801,1.3692700000000002,1.36913,0.75,0.75
27.08.2021 00:14:39.852,1.36928,1.36915,2.32,0.1
27.08.2021 00:14:39.954,1.3692600000000001,1.36914,0.75,0.82
27.08.2021 00:14:40.259,1.3692700000000002,1.3691600000000002,0.75,0.37
27.08.2021 00:14:40.360,1.3692900000000001,1.3691600000000002,1.5,0.1
27.08.2021 00:14:40.513,1.3692900000000001,1.36915,0.75,0.75
27.08.2021 00:14:40.868,1.36928,1.3691700000000002,0.75,0.1
27.08.2021 00:14:50.498,1.3692900000000001,1.3691700000000002,0.75,0.1
27.08.2021 00:14:52.453,1.36933,1.36922,0.75,0.75
27.08.2021 00:14:52.504,1.36934,1.36923,2.62,1.5
27.08.2021 00:14:52.605,1.3693600000000001,1.36922,1.2,1.87
27.08.2021 00:14:52.859,1.3693700000000002,1.3692600000000001,1.5,1.2
27.08.2021 00:14:53.263,1.36938,1.3692600000000001,0.75,0.1
27.08.2021 00:14:54.871,1.36938,1.36925,0.75,0.75
27.08.2021 00:14:55.199,1.36938,1.3692600000000001,0.75,1.57
27.08.2021 00:14:56.399,1.3693700000000002,1.3692600000000001,0.75,0.82
27.08.2021 00:14:56.597,1.36939,1.36925,0.75,1.2
27.08.2021 00:14:56.749,1.36938,1.36925,0.75,1.2
27.08.2021 00:14:58.186,1.36939,1.36925,0.75,1.95
27.08.2021 00:15:05.634,1.36938,1.36928,0.75,0.1
27.08.2021 00:15:05.736,1.3694000000000002,1.3692900000000001,0.75,0.82
27.08.2021 00:15:06.208,1.36942,1.3692900000000001,0.75,0.75
27.08.2021 00:15:08.379,1.36944,1.36935,0.82,1.12
27.08.2021 00:15:08.531,1.36944,1.36934,0.45,1.5
27.08.2021 00:15:08.582,1.3694700000000002,1.36934,0.45,1.5
27.08.2021 00:15:08.785,1.3694600000000001,1.36932,0.75,1.5
27.08.2021 00:15:10.793,1.3694600000000001,1.36935,0.75,0.75
27.08.2021 00:15:11.148,1.36948,1.3693700000000002,0.82,0.75
27.08.2021 00:15:11.796,1.36948,1.36938,0.82,0.75
27.08.2021 00:15:11.897,1.36948,1.3693700000000002,0.75,0.82
27.08.2021 00:15:14.011,1.36948,1.3693600000000001,0.82,1.57
27.08.2021 00:15:14.163,1.36948,1.3693700000000002,0.82,0.75
27.08.2021 00:15:14.623,1.36948,1.3693600000000001,0.82,1.57
27.08.2021 00:15:14.927,1.36949,1.3693600000000001,0.75,0.1
27.08.2021 00:15:15.148,1.3694700000000002,1.3693700000000002,0.75,0.1
27.08.2021 00:15:15.300,1.3694700000000002,1.3693600000000001,0.75,0.82
27.08.2021 00:15:15.409,1.3694700000000002,1.3693700000000002,0.75,0.1
27.08.2021 00:15:15.570,1.36948,1.36935,0.75,0.82
27.08.2021 00:15:17.203,1.36948,1.3693600000000001,0.75,0.1
27.08.2021 00:15:17.305,1.36948,1.36935,0.75,0.82
27.08.2021 00:15:17.457,1.36948,1.3693600000000001,0.82,0.82
27.08.2021 00:15:18.029,1.36948,1.3693700000000002,0.75,0.1
27.08.2021 00:15:18.228,1.36948,1.3693600000000001,0.82,0.82
27.08.2021 00:15:18.585,1.36948,1.3693600000000001,0.75,0.1
27.08.2021 00:15:18.686,1.3694700000000002,1.3693600000000001,0.75,0.82
27.08.2021 00:15:18.788,1.3694700000000002,1.3693700000000002,0.75,0.1
27.08.2021 00:15:19.433,1.3694700000000002,1.3693600000000001,0.75,0.82
27.08.2021 00:15:19.584,1.36948,1.3693600000000001,0.82,0.82
27.08.2021 00:15:19.686,1.36949,1.3693600000000001,0.75,0.1
27.08.2021 00:15:19.999,1.36948,1.3693600000000001,0.82,0.82
27.08.2021 00:15:20.344,1.36948,1.3693700000000002,0.82,0.1
27.08.2021 00:15:20.681,1.36948,1.36938,0.75,0.1
27.08.2021 00:15:22.334,1.3694700000000002,1.36938,0.75,0.1
27.08.2021 00:15:22.435,1.36948,1.3693700000000002,1.57,0.1
27.08.2021 00:15:22.537,1.3694700000000002,1.3693700000000002,0.75,0.1
27.08.2021 00:15:25.911,1.3694700000000002,1.3693600000000001,0.82,0.1
27.08.2021 00:15:26.169,1.3694700000000002,1.36935,0.75,0.1
27.08.2021 00:15:29.142,1.3694700000000002,1.36933,0.75,1.95
27.08.2021 00:15:29.295,1.36945,1.36934,0.75,0.37
27.08.2021 00:15:29.396,1.3694600000000001,1.36932,0.75,1.57
27.08.2021 00:15:29.498,1.3694600000000001,1.36934,1.57,0.75
27.08.2021 00:15:29.621,1.3694700000000002,1.36934,1.57,0.1
27.08.2021 00:15:32.515,1.36948,1.36935,2.32,0.1
27.08.2021 00:15:32.821,1.3694600000000001,1.3693600000000001,0.75,0.1
27.08.2021 00:15:33.335,1.3694700000000002,1.3693700000000002,0.75,0.1
27.08.2021 00:15:35.026,1.3694700000000002,1.3693600000000001,0.75,0.1
27.08.2021 00:15:36.284,1.3694700000000002,1.3693700000000002,0.75,0.1
27.08.2021 00:15:38.540,1.36948,1.3693700000000002,0.75,0.1
27.08.2021 00:15:40.852,1.3694700000000002,1.3693700000000002,0.75,0.1
27.08.2021 00:15:47.700,1.3694600000000001,1.3693700000000002,0.75,0.1
27.08.2021 00:15:51.014,1.36948,1.36935,1.57,0.1
27.08.2021 00:15:51.166,1.3694700000000002,1.3693700000000002,0.75,0.1
27.08.2021 00:15:51.318,1.36948,1.36935,0.82,0.1
27.08.2021 00:15:53.817,1.3694600000000001,1.3693700000000002,0.75,0.1
27.08.2021 00:16:02.078,1.3694600000000001,1.36935,0.75,0.37
27.08.2021 00:16:02.179,1.36945,1.36934,0.75,1.65
27.08.2021 00:16:02.230,1.3694600000000001,1.3693700000000002,0.75,0.1
27.08.2021 00:16:14.211,1.3694700000000002,1.36934,0.75,1.2
27.08.2021 00:16:14.464,1.3694600000000001,1.3693700000000002,0.75,0.1
27.08.2021 00:16:21.821,1.3694700000000002,1.36934,0.75,1.2
27.08.2021 00:16:21.922,1.36945,1.36935,0.75,0.45
27.08.2021 00:16:26.293,1.36941,1.36932,0.75,1.12
27.08.2021 00:16:26.394,1.36941,1.36931,0.75,0.37
27.08.2021 00:16:26.548,1.3694000000000002,1.3692900000000001,0.75,0.1
27.08.2021 00:16:26.650,1.36938,1.3692900000000001,0.75,2.02
27.08.2021 00:16:31.317,1.36939,1.36933,0.75,0.37
27.08.2021 00:16:31.368,1.36944,1.3693600000000001,0.75,0.37
27.08.2021 00:16:31.470,1.3694700000000002,1.36934,0.82,0.37
27.08.2021 00:16:31.571,1.3694600000000001,1.3693600000000001,0.75,0.1
27.08.2021 00:16:32.305,1.3694600000000001,1.3693700000000002,0.75,0.1
27.08.2021 00:16:35.237,1.3694600000000001,1.36938,0.75,0.1
27.08.2021 00:16:35.692,1.3694700000000002,1.3693600000000001,0.75,0.1
27.08.2021 00:16:36.063,1.3694600000000001,1.36938,0.75,0.1
27.08.2021 00:16:36.376,1.3694700000000002,1.3693600000000001,0.75,0.1
27.08.2021 00:16:37.843,1.3694600000000001,1.36938,0.75,0.1
27.08.2021 00:16:37.995,1.36948,1.3693700000000002,0.75,0.1
27.08.2021 00:16:38.359,1.3694600000000001,1.36938,0.75,0.1
27.08.2021 00:16:44.293,1.36948,1.3693600000000001,0.75,0.1
27.08.2021 00:16:46.688,1.3694700000000002,1.3693600000000001,0.75,0.1
27.08.2021 00:16:49.216,1.3694600000000001,1.36938,0.75,0.1
27.08.2021 00:16:50.716,1.3694600000000001,1.3693700000000002,0.75,0.1
27.08.2021 00:16:53.155,1.3694600000000001,1.3693600000000001,0.75,0.1
27.08.2021 00:16:53.616,1.3694700000000002,1.3693600000000001,0.75,0.1
27.08.2021 00:16:53.769,1.36945,1.36935,0.75,0.82
27.08.2021 00:16:53.872,1.36944,1.36934,0.75,1.57
27.08.2021 00:16:54.025,1.36945,1.36935,0.75,0.37
27.08.2021 00:16:54.128,1.3694600000000001,1.3693700000000002,0.75,0.1
27.08.2021 00:16:54.230,1.3694600000000001,1.3693600000000001,0.82,0.1
27.08.2021 00:16:54.332,1.36944,1.3693600000000001,0.75,0.1
27.08.2021 00:16:54.434,1.3694600000000001,1.36935,0.75,0.1
27.08.2021 00:16:56.397,1.3694600000000001,1.3693700000000002,0.75,0.1
27.08.2021 00:16:59.185,1.3694600000000001,1.36935,1.5,0.45
27.08.2021 00:16:59.287,1.3694700000000002,1.36935,1.5,0.37
27.08.2021 00:16:59.389,1.3694600000000001,1.3693700000000002,1.5,0.1
27.08.2021 00:17:03.857,1.3694600000000001,1.36938,0.75,0.1
27.08.2021 00:17:04.214,1.3694700000000002,1.36938,1.5,0.1
27.08.2021 00:17:04.315,1.3694600000000001,1.36938,0.75,0.1
27.08.2021 00:17:09.837,1.3694700000000002,1.3693600000000001,1.5,0.1
27.08.2021 00:17:10.745,1.36941,1.36933,0.75,0.1
27.08.2021 00:17:10.847,1.3694000000000002,1.36931,0.75,0.45
27.08.2021 00:17:10.949,1.36939,1.36931,0.75,0.1
27.08.2021 00:17:11.050,1.3693700000000002,1.3692700000000002,0.82,0.52
27.08.2021 00:17:11.152,1.36938,1.3692600000000001,1.57,0.82
27.08.2021 00:17:11.254,1.3693700000000002,1.36928,1.5,0.1
27.08.2021 00:17:22.320,1.3693700000000002,1.3692600000000001,1.5,0.1
27.08.2021 00:17:22.423,1.3693600000000001,1.36925,0.75,0.45
27.08.2021 00:17:22.577,1.3693600000000001,1.36924,0.75,0.1
27.08.2021 00:17:22.729,1.3693700000000002,1.36924,0.75,0.1
27.08.2021 00:17:22.934,1.3693600000000001,1.36924,0.75,0.1
27.08.2021 00:17:23.659,1.3693600000000001,1.3692600000000001,1.87,0.1
27.08.2021 00:17:23.762,1.3693600000000001,1.3692700000000002,0.37,0.1
27.08.2021 00:17:24.964,1.3693700000000002,1.3692700000000002,1.87,0.1
27.08.2021 00:17:25.546,1.3693700000000002,1.36928,1.87,0.1
27.08.2021 00:17:26.020,1.36938,1.3692600000000001,1.5,0.1
27.08.2021 00:17:26.121,1.3693600000000001,1.3692700000000002,0.37,0.1
27.08.2021 00:17:26.850,1.3693700000000002,1.3692700000000002,1.5,0.1
27.08.2021 00:17:27.514,1.3693700000000002,1.36925,1.5,0.82
27.08.2021 00:17:28.999,1.3693700000000002,1.36924,0.75,0.1
27.08.2021 00:17:30.291,1.36938,1.3692600000000001,1.5,0.1
27.08.2021 00:17:30.449,1.3693600000000001,1.36925,0.75,0.1
27.08.2021 00:17:30.500,1.36934,1.36924,0.75,2.21
27.08.2021 00:17:30.601,1.3693600000000001,1.3692700000000002,0.75,0.1
27.08.2021 00:17:33.034,1.3693600000000001,1.36923,1.5,1.01
27.08.2021 00:17:33.085,1.3692900000000001,1.36923,0.75,0.82
27.08.2021 00:17:33.187,1.3692900000000001,1.36921,0.75,0.1
27.08.2021 00:17:33.288,1.3692900000000001,1.3692,0.75,0.1
27.08.2021 00:17:33.390,1.3692700000000002,1.3692,0.75,0.1
27.08.2021 00:17:33.542,1.3692700000000002,1.3691900000000001,0.75,0.1
27.08.2021 00:17:41.628,1.36928,1.3691900000000001,1.5,0.1
27.08.2021 00:17:41.832,1.3692700000000002,1.3691900000000001,0.75,0.1
27.08.2021 00:17:42.711,1.36928,1.3691900000000001,1.5,0.1
27.08.2021 00:17:47.290,1.36932,1.3691900000000001,1.87,0.1
27.08.2021 00:17:47.392,1.36931,1.36921,1.12,0.1
27.08.2021 00:17:59.849,1.3692900000000001,1.3691900000000001,0.75,1.01
27.08.2021 00:18:07.143,1.3692900000000001,1.36918,0.75,0.82
27.08.2021 00:18:14.577,1.3692900000000001,1.3691700000000002,1.5,0.26
27.08.2021 00:18:14.678,1.36928,1.3691900000000001,1.5,0.1
27.08.2021 00:18:14.780,1.36928,1.36918,1.5,0.1
27.08.2021 00:18:40.179,1.3692600000000001,1.36918,0.75,0.1
27.08.2021 00:18:40.229,1.36925,1.36915,0.75,0.1
27.08.2021 00:18:40.331,1.3692600000000001,1.36913,0.75,0.52
27.08.2021 00:18:40.483,1.36924,1.36914,0.75,0.1
27.08.2021 00:18:40.786,1.3692600000000001,1.36914,0.75,0.1
27.08.2021 00:18:41.805,1.36925,1.36913,0.75,0.1
27.08.2021 00:18:41.906,1.36923,1.36913,0.75,0.1
27.08.2021 00:18:42.008,1.36925,1.36914,0.75,0.1
27.08.2021 00:18:47.275,1.3692600000000001,1.3691200000000001,0.75,0.26
27.08.2021 00:18:50.747,1.36924,1.36913,0.75,0.26
27.08.2021 00:19:07.838,1.36924,1.36914,0.75,0.75
27.08.2021 00:19:07.889,1.3692700000000002,1.3691600000000002,0.75,0.45
27.08.2021 00:19:07.991,1.3692700000000002,1.3691700000000002,0.75,0.1
27.08.2021 00:19:19.571,1.3692700000000002,1.36914,1.5,0.82
27.08.2021 00:19:19.672,1.3692600000000001,1.36914,1.5,2.7
27.08.2021 00:19:28.792,1.36921,1.36913,0.75,0.45
27.08.2021 00:19:28.894,1.36922,1.36913,0.75,0.1
27.08.2021 00:19:29.795,1.36921,1.36913,0.75,0.1
27.08.2021 00:19:30.185,1.36922,1.36913,0.75,0.1
27.08.2021 00:19:30.388,1.36921,1.36913,0.75,0.1
27.08.2021 00:19:30.489,1.3692,1.36913,0.75,0.1
27.08.2021 00:19:30.641,1.36922,1.36913,0.75,0.1
27.08.2021 00:19:30.944,1.36922,1.3691200000000001,0.75,0.1
27.08.2021 00:19:31.249,1.3692,1.3691200000000001,0.75,0.75
27.08.2021 00:19:31.604,1.36923,1.3691200000000001,0.75,0.82
27.08.2021 00:19:32.682,1.36924,1.3691200000000001,0.75,0.82
27.08.2021 00:19:34.311,1.36924,1.36913,0.75,0.1
27.08.2021 00:19:38.305,1.36925,1.36913,0.75,0.1
27.08.2021 00:19:40.802,1.36925,1.3691200000000001,0.75,0.1
27.08.2021 00:19:45.257,1.3692600000000001,1.3691200000000001,0.75,0.1
27.08.2021 00:19:45.369,1.36924,1.36913,0.75,0.1
27.08.2021 00:19:48.409,1.36925,1.36913,0.75,0.1
27.08.2021 00:19:56.155,1.36924,1.36913,0.75,0.1
27.08.2021 00:19:58.421,1.3692600000000001,1.3691200000000001,0.75,0.1
27.08.2021 00:19:59.353,1.36924,1.36913,0.75,0.1
27.08.2021 00:20:06.502,1.36925,1.36913,0.75,0.1
27.08.2021 00:20:07.261,1.36925,1.36914,0.75,0.1
27.08.2021 00:20:07.665,1.36925,1.36913,0.75,0.45
27.08.2021 00:20:08.237,1.36924,1.36913,0.75,0.1
27.08.2021 00:20:32.140,1.36924,1.3691200000000001,0.75,0.1
27.08.2021 00:20:32.603,1.36921,1.36913,0.75,1.57
27.08.2021 00:20:32.705,1.3692,1.36913,0.75,1.12
27.08.2021 00:20:32.756,1.3692,1.36911,1.5,1.27
27.08.2021 00:20:33.642,1.36921,1.3690900000000001,1.5,0.26
27.08.2021 00:20:33.744,1.3692,1.36908,0.75,0.45
27.08.2021 00:20:36.552,1.3691900000000001,1.3691,1.5,0.45
27.08.2021 00:20:36.603,1.36922,1.3691,1.5,0.75
27.08.2021 00:20:36.704,1.36921,1.3690900000000001,0.75,2.32
27.08.2021 00:20:36.806,1.36921,1.3691,0.75,0.1
27.08.2021 00:20:37.212,1.3692,1.3690900000000001,0.75,0.1
27.08.2021 00:20:37.313,1.3691900000000001,1.3690900000000001,0.75,1.57
27.08.2021 00:20:52.788,1.36923,1.36915,0.75,0.37
27.08.2021 00:20:52.839,1.3692700000000002,1.36915,0.37,0.1
27.08.2021 00:20:52.940,1.3692700000000002,1.3691600000000002,2.62,0.1
27.08.2021 00:21:02.600,1.3692,1.36914,0.75,0.75
27.08.2021 00:21:02.651,1.3692,1.36911,0.75,0.82
27.08.2021 00:21:02.753,1.3692,1.3691,0.75,0.1
27.08.2021 00:21:17.505,1.3691900000000001,1.3691,1.5,1.2
27.08.2021 00:21:17.767,1.3692,1.36908,1.5,1.2
27.08.2021 00:21:46.552,1.3691700000000002,1.3690900000000001,0.75,0.45
27.08.2021 00:21:51.651,1.36923,1.36915,0.75,0.94
27.08.2021 00:21:51.702,1.36925,1.36915,0.75,1.5
27.08.2021 00:21:51.804,1.36924,1.3691700000000002,0.75,0.1
27.08.2021 00:21:52.006,1.36925,1.3691700000000002,0.75,0.1
27.08.2021 00:21:52.108,1.36925,1.3691600000000002,0.75,0.82
27.08.2021 00:21:52.641,1.3692900000000001,1.3691600000000002,1.87,0.82
27.08.2021 00:21:54.416,1.3692900000000001,1.3691700000000002,0.75,0.1
27.08.2021 00:21:56.585,1.3693,1.3691700000000002,0.75,0.1
27.08.2021 00:21:57.004,1.3693,1.3691600000000002,1.2,1.57
27.08.2021 00:22:02.543,1.3693,1.3691700000000002,0.75,0.1
27.08.2021 00:22:09.648,1.36931,1.3691700000000002,1.95,0.82
27.08.2021 00:22:15.782,1.3693,1.3691900000000001,1.5,0.45
27.08.2021 00:22:16.288,1.3693,1.36925,0.75,0.75
27.08.2021 00:22:16.389,1.3693,1.36921,0.75,0.37
27.08.2021 00:22:16.440,1.3692900000000001,1.3691900000000001,0.75,0.1
27.08.2021 00:22:16.996,1.3693,1.3691900000000001,1.2,0.82
27.08.2021 00:22:17.362,1.3693,1.36918,0.37,0.82
27.08.2021 00:22:21.133,1.3692900000000001,1.3692,0.37,0.1
27.08.2021 00:22:24.632,1.36928,1.3691900000000001,0.37,0.1
27.08.2021 00:22:25.617,1.3692900000000001,1.3691900000000001,1.95,0.1
27.08.2021 00:22:32.288,1.3692700000000002,1.36918,0.75,0.1
27.08.2021 00:23:00.413,1.36924,1.36915,0.75,0.1
27.08.2021 00:23:00.515,1.36921,1.36911,1.5,0.45
27.08.2021 00:23:00.616,1.3691900000000001,1.36911,0.75,0.1
27.08.2021 00:23:00.888,1.36918,1.3691,0.75,0.1
27.08.2021 00:23:00.989,1.36918,1.3690900000000001,0.75,0.45
27.08.2021 00:23:09.997,1.3691700000000002,1.3690900000000001,0.75,0.1
27.08.2021 00:23:13.106,1.36918,1.3690900000000001,0.75,0.1
27.08.2021 00:23:13.486,1.36918,1.36908,0.75,1.2
27.08.2021 00:23:15.432,1.36914,1.36908,2.62,0.82
27.08.2021 00:23:15.534,1.3691,1.36904,0.75,7.5
27.08.2021 00:23:15.636,1.3690900000000001,1.36901,0.75,0.1
27.08.2021 00:23:15.688,1.36913,1.36901,1.57,0.1
27.08.2021 00:23:16.275,1.3691200000000001,1.36901,0.75,0.1
27.08.2021 00:23:16.832,1.36911,1.36901,0.82,0.82
27.08.2021 00:23:22.155,1.3691200000000001,1.36901,1.5,1.01
27.08.2021 00:23:22.409,1.3691200000000001,1.3690200000000001,1.5,0.82
27.08.2021 00:23:32.556,1.3691600000000002,1.36904,0.82,1.2
27.08.2021 00:23:32.909,1.3691700000000002,1.36905,0.75,0.75
27.08.2021 00:23:37.357,1.3691700000000002,1.36908,0.75,0.82
27.08.2021 00:23:37.459,1.3691900000000001,1.36908,1.5,0.1
27.08.2021 00:23:46.671,1.3691900000000001,1.3690900000000001,1.5,0.1
27.08.2021 00:23:49.150,1.36922,1.36911,1.5,0.1
27.08.2021 00:23:50.527,1.36921,1.36913,1.5,0.1
27.08.2021 00:23:51.729,1.36923,1.3691200000000001,1.5,1.12
27.08.2021 00:23:52.145,1.36921,1.36913,0.75,0.1
27.08.2021 00:23:52.588,1.3692,1.3690900000000001,0.75,0.1
27.08.2021 00:23:55.223,1.3691700000000002,1.3691,0.75,0.1
27.08.2021 00:23:55.328,1.3691700000000002,1.3690900000000001,0.75,0.1
27.08.2021 00:24:01.802,1.36918,1.3690900000000001,0.75,0.1
27.08.2021 00:24:02.628,1.36918,1.3691,0.75,0.1
27.08.2021 00:24:02.679,1.36921,1.3691,1.5,0.1
27.08.2021 00:24:03.232,1.36921,1.36913,1.5,0.1
27.08.2021 00:24:12.628,1.3691900000000001,1.36911,0.75,0.1
27.08.2021 00:24:13.573,1.3691900000000001,1.3691,1.5,0.1
27.08.2021 00:24:14.524,1.36918,1.3690900000000001,0.75,0.1
27.08.2021 00:24:15.601,1.3691900000000001,1.3690900000000001,0.75,0.1
27.08.2021 00:24:33.950,1.36918,1.36911,0.75,0.1
27.08.2021 00:24:34.154,1.36918,1.3691,0.75,0.1
27.08.2021 00:24:36.497,1.36918,1.36911,0.75,0.1
27.08.2021 00:24:36.548,1.3692,1.3691200000000001,1.5,0.1
27.08.2021 00:24:36.599,1.36921,1.36913,0.75,0.1
27.08.2021 00:24:36.650,1.36922,1.36915,0.37,0.1
27.08.2021 00:24:36.752,1.36921,1.36914,0.75,0.1
27.08.2021 00:24:36.853,1.36923,1.36915,0.94,0.45
27.08.2021 00:24:37.056,1.36924,1.36915,0.75,0.1
27.08.2021 00:24:37.327,1.36923,1.36915,0.75,0.1
27.08.2021 00:24:39.924,1.3692600000000001,1.3691700000000002,1.5,0.45
27.08.2021 00:24:40.026,1.3692600000000001,1.36918,1.5,0.1
27.08.2021 00:24:41.352,1.3692600000000001,1.3691700000000002,0.75,0.45
27.08.2021 00:24:41.454,1.36928,1.3691700000000002,1.69,0.1
27.08.2021 00:24:41.606,1.3692600000000001,1.36918,0.75,0.1
27.08.2021 00:24:42.236,1.3692600000000001,1.3691700000000002,1.5,0.1
27.08.2021 00:24:42.562,1.3692600000000001,1.36918,0.75,0.1
27.08.2021 00:24:43.721,1.36922,1.36914,1.5,0.45
27.08.2021 00:24:43.823,1.36923,1.36911,0.75,1.27
27.08.2021 00:24:44.076,1.36922,1.36911,0.75,0.1
27.08.2021 00:24:44.177,1.36922,1.3691200000000001,1.5,0.1
27.08.2021 00:24:52.340,1.36922,1.36911,0.75,0.1
27.08.2021 00:25:00.671,1.36923,1.36915,1.5,0.1
27.08.2021 00:25:04.322,1.36924,1.36915,0.75,0.1
27.08.2021 00:25:06.169,1.36922,1.36913,0.75,0.82
27.08.2021 00:25:06.321,1.36923,1.36913,0.75,0.1
27.08.2021 00:25:07.660,1.36922,1.36913,0.75,0.1
27.08.2021 00:25:08.623,1.36922,1.3691200000000001,0.75,0.82
27.08.2021 00:25:08.977,1.36921,1.3691200000000001,0.75,0.1
27.08.2021 00:25:14.559,1.36918,1.3691,0.75,0.1
27.08.2021 00:25:14.661,1.3691900000000001,1.36908,0.75,0.19
27.08.2021 00:25:14.762,1.3691700000000002,1.3690900000000001,0.37,0.19
27.08.2021 00:25:16.307,1.3691700000000002,1.36908,1.12,0.1
27.08.2021 00:25:19.980,1.3691600000000002,1.3690700000000002,0.75,0.1
27.08.2021 00:25:20.031,1.36915,1.3690600000000002,1.5,0.1
27.08.2021 00:25:20.132,1.36914,1.36903,0.75,0.1
27.08.2021 00:25:20.548,1.36913,1.36903,0.75,1.57
27.08.2021 00:25:24.662,1.36914,1.36901,0.75,1.57
27.08.2021 00:25:24.763,1.3690900000000001,1.36899,0.75,0.45
27.08.2021 00:25:24.865,1.3691,1.36898,1.5,0.1
27.08.2021 00:25:25.067,1.3690900000000001,1.36898,1.5,1.95
27.08.2021 00:25:25.169,1.3690700000000002,1.36898,0.75,1.2
27.08.2021 00:25:27.794,1.3690600000000002,1.36898,0.75,0.1
27.08.2021 00:25:27.896,1.3690600000000002,1.3689700000000002,0.75,0.45
27.08.2021 00:25:28.498,1.36905,1.3689700000000002,0.75,0.37
27.08.2021 00:25:29.115,1.3690600000000002,1.3689700000000002,1.5,0.37
27.08.2021 00:25:29.449,1.36905,1.3689700000000002,0.75,0.37
27.08.2021 00:25:31.368,1.36905,1.3689600000000002,0.75,0.45
27.08.2021 00:25:31.861,1.3690600000000002,1.3689600000000002,0.75,0.45
27.08.2021 00:25:35.055,1.36905,1.3689600000000002,0.75,0.45
27.08.2021 00:25:39.015,1.3690700000000002,1.3689500000000001,0.75,0.37
27.08.2021 00:25:42.367,1.36903,1.36894,1.5,0.45
27.08.2021 00:25:42.469,1.36898,1.36891,0.75,0.75
27.08.2021 00:25:42.520,1.3689700000000002,1.36889,1.5,8.02
27.08.2021 00:25:42.672,1.36898,1.36887,1.5,0.1
27.08.2021 00:25:45.617,1.36898,1.36888,1.5,0.75
27.08.2021 00:25:45.769,1.3689700000000002,1.36888,1.5,0.1
27.08.2021 00:25:47.171,1.3689700000000002,1.36887,1.5,1.95
27.08.2021 00:25:48.507,1.36898,1.36887,1.5,0.1
27.08.2021 00:25:50.976,1.3689700000000002,1.36887,1.5,0.1
27.08.2021 00:25:51.132,1.3689700000000002,1.3688600000000002,0.75,0.1
27.08.2021 00:25:55.418,1.3689700000000002,1.36887,0.75,0.1
27.08.2021 00:25:57.162,1.3689700000000002,1.3688600000000002,1.5,0.1
27.08.2021 00:26:00.142,1.3689600000000002,1.36888,1.5,0.1
27.08.2021 00:26:03.199,1.3689700000000002,1.3688600000000002,0.75,0.1
27.08.2021 00:26:05.594,1.36901,1.3689200000000001,3.37,0.37
27.08.2021 00:26:05.695,1.36901,1.36893,1.69,0.37
27.08.2021 00:26:09.528,1.3690200000000001,1.36893,1.01,0.37
27.08.2021 00:26:10.374,1.36905,1.36894,0.82,1.5
27.08.2021 00:26:10.476,1.3690600000000002,1.3689500000000001,1.57,0.37
27.08.2021 00:26:10.578,1.3690600000000002,1.3689600000000002,1.5,1.87
27.08.2021 00:26:10.729,1.36908,1.3689500000000001,1.57,1.31
27.08.2021 00:26:11.346,1.36908,1.3689600000000002,1.69,0.75
27.08.2021 00:26:12.735,1.36908,1.3689500000000001,1.76,1.12
27.08.2021 00:26:17.638,1.3690700000000002,1.3689700000000002,1.76,0.75
27.08.2021 00:26:29.683,1.3690700000000002,1.36898,0.75,1.5
27.08.2021 00:26:31.786,1.36908,1.3689600000000002,1.5,1.31
27.08.2021 00:26:33.948,1.36908,1.3689700000000002,0.75,0.75
27.08.2021 00:26:34.669,1.36908,1.36898,0.82,0.75
27.08.2021 00:26:40.372,1.36908,1.3689700000000002,0.37,0.75
27.08.2021 00:26:41.370,1.3690600000000002,1.3689700000000002,0.37,0.75
27.08.2021 00:26:42.395,1.36905,1.3689600000000002,0.37,2.25
27.08.2021 00:26:43.325,1.36905,1.3689500000000001,0.37,2.25
27.08.2021 00:26:51.339,1.36905,1.3689600000000002,0.37,2.25
27.08.2021 00:26:51.572,1.36904,1.3689500000000001,0.26,0.75
27.08.2021 00:26:51.673,1.36903,1.3689500000000001,0.1,0.75
27.08.2021 00:26:53.049,1.36903,1.36894,0.82,0.75
27.08.2021 00:26:55.926,1.36904,1.3689200000000001,1.2,0.75
27.08.2021 00:26:59.777,1.36903,1.36891,0.75,0.75
27.08.2021 00:27:00.243,1.36904,1.36894,0.75,0.37
27.08.2021 00:27:01.452,1.36904,1.36894,0.75,3.37
27.08.2021 00:27:02.401,1.3690600000000002,1.3689500000000001,0.82,0.37
27.08.2021 00:27:05.612,1.36903,1.3689600000000002,0.37,0.37
27.08.2021 00:27:09.017,1.36903,1.3689500000000001,0.37,0.37
27.08.2021 00:27:09.127,1.3690200000000001,1.3689500000000001,0.37,1.12
27.08.2021 00:27:10.306,1.36903,1.36893,0.37,3.07
27.08.2021 00:27:10.408,1.3690200000000001,1.3689500000000001,0.37,1.12
27.08.2021 00:27:10.772,1.36903,1.36893,0.37,3.07
27.08.2021 00:27:11.277,1.36903,1.36894,0.37,0.37
27.08.2021 00:27:12.428,1.3690200000000001,1.3689600000000002,0.37,0.37
27.08.2021 00:27:13.104,1.36905,1.3689600000000002,1.87,0.37
27.08.2021 00:27:13.155,1.3690200000000001,1.36893,0.75,0.37
27.08.2021 00:27:13.206,1.36901,1.36891,0.75,1.87
27.08.2021 00:27:14.835,1.36901,1.3689,0.75,0.75
27.08.2021 00:27:18.074,1.36899,1.3689200000000001,0.75,0.37
27.08.2021 00:27:18.327,1.36898,1.3689,0.75,0.37
27.08.2021 00:27:26.663,1.3689700000000002,1.36889,0.75,0.37
27.08.2021 00:27:26.765,1.3689700000000002,1.36888,0.75,1.5
27.08.2021 00:27:30.917,1.3689600000000002,1.36888,0.75,0.75
27.08.2021 00:27:32.454,1.3689600000000002,1.36887,0.75,1.87
27.08.2021 00:27:32.657,1.36893,1.36888,0.37,0.75
27.08.2021 00:27:35.542,1.3689200000000001,1.36888,0.37,0.75
27.08.2021 00:27:36.155,1.3689200000000001,1.36887,0.37,1.5
27.08.2021 00:27:36.898,1.36893,1.36887,0.37,0.75
27.08.2021 00:27:38.298,1.36893,1.3688600000000002,0.37,1.5
27.08.2021 00:27:38.686,1.3689200000000001,1.36888,0.37,0.75
27.08.2021 00:27:38.787,1.36893,1.36888,0.37,0.75
27.08.2021 00:27:41.142,1.36894,1.36888,0.37,0.75
27.08.2021 00:27:41.244,1.3689500000000001,1.36889,0.37,0.37
27.08.2021 00:27:41.345,1.36899,1.3689200000000001,0.94,0.37
27.08.2021 00:27:41.396,1.3689700000000002,1.3689,0.94,0.37
27.08.2021 00:27:41.447,1.3689500000000001,1.36888,0.75,1.87
27.08.2021 00:27:42.595,1.3689500000000001,1.36889,1.12,1.5
27.08.2021 00:27:42.696,1.3689600000000002,1.3689,0.37,0.37
27.08.2021 00:27:42.902,1.3689600000000002,1.36888,0.75,0.75
27.08.2021 00:27:44.820,1.3689700000000002,1.3688600000000002,0.75,2.25
27.08.2021 00:27:54.394,1.3689600000000002,1.36888,0.75,0.37
27.08.2021 00:27:54.496,1.3689600000000002,1.36887,0.75,2.06
27.08.2021 00:27:55.069,1.3689600000000002,1.36887,0.75,3.26
27.08.2021 00:27:58.913,1.3689700000000002,1.36887,0.75,0.75
27.08.2021 00:28:11.738,1.3689700000000002,1.36888,1.5,2.81
27.08.2021 00:28:21.100,1.3689600000000002,1.36888,0.75,0.37
27.08.2021 00:28:23.848,1.3689600000000002,1.36889,0.75,0.75
27.08.2021 00:28:29.475,1.3689600000000002,1.3689,0.75,0.75
27.08.2021 00:28:29.527,1.369,1.3689200000000001,0.75,0.37
27.08.2021 00:28:35.585,1.36904,1.3689500000000001,0.75,0.75
27.08.2021 00:28:35.686,1.36903,1.3689700000000002,0.75,0.75
27.08.2021 00:28:51.500,1.36905,1.3689600000000002,0.75,0.75
27.08.2021 00:28:56.226,1.36901,1.3689600000000002,0.19,0.75
27.08.2021 00:28:56.277,1.3689700000000002,1.3689200000000001,0.75,0.75
27.08.2021 00:28:56.328,1.3689700000000002,1.3689,0.75,7.5
27.08.2021 00:28:56.429,1.3689700000000002,1.36888,0.75,1.87
27.08.2021 00:28:57.798,1.3689700000000002,1.36887,0.75,1.5
27.08.2021 00:29:02.651,1.36898,1.36887,1.5,2.06
27.08.2021 00:29:03.100,1.369,1.36888,1.5,3.19
27.08.2021 00:29:03.201,1.369,1.3689,1.5,1.31
27.08.2021 00:29:11.646,1.36901,1.3689,0.75,0.75
27.08.2021 00:29:20.046,1.36898,1.3689,0.75,0.37
27.08.2021 00:29:20.097,1.3689700000000002,1.36888,0.75,6.19
27.08.2021 00:29:25.261,1.36898,1.3688600000000002,0.75,2.62
27.08.2021 00:29:26.044,1.3689700000000002,1.36888,0.75,1.5
27.08.2021 00:29:26.146,1.3689600000000002,1.36888,0.75,1.5
27.08.2021 00:29:39.077,1.36898,1.36887,0.75,1.87
27.08.2021 00:29:53.752,1.3689600000000002,1.36888,0.75,0.75
27.08.2021 00:29:57.451,1.3689700000000002,1.36888,0.75,2.06
27.08.2021 00:29:59.381,1.36899,1.36889,0.75,0.37
27.08.2021 00:29:59.482,1.36903,1.3689600000000002,3.64,0.75
27.08.2021 00:29:59.585,1.36903,1.3689500000000001,0.75,0.37
27.08.2021 00:30:00.208,1.36903,1.36893,0.75,1.95
27.08.2021 00:30:01.607,1.36903,1.36894,0.75,0.1
27.08.2021 00:30:04.237,1.36904,1.3689600000000002,0.75,0.75
27.08.2021 00:30:09.199,1.3690600000000002,1.36894,1.5,2.32
27.08.2021 00:30:09.250,1.36887,1.36879,0.19,0.75
27.08.2021 00:30:09.352,1.3688600000000002,1.36877,0.75,0.45
27.08.2021 00:30:09.404,1.36887,1.3688200000000001,0.75,0.94
27.08.2021 00:30:09.456,1.36887,1.3687799999999999,0.75,0.37
27.08.2021 00:30:09.558,1.3688600000000002,1.36877,0.75,0.45
27.08.2021 00:30:09.661,1.3688500000000001,1.3687600000000002,0.75,1.95
27.08.2021 00:30:09.763,1.3688,1.36873,0.75,1.2
27.08.2021 00:30:09.815,1.3687799999999999,1.3687,0.75,0.37
27.08.2021 00:30:09.918,1.3688,1.3687200000000002,1.69,0.45
27.08.2021 00:30:09.970,1.36877,1.36869,0.75,2.4
27.08.2021 00:30:13.324,1.36877,1.36868,0.75,0.55
27.08.2021 00:30:52.292,1.3687600000000002,1.36868,0.75,0.75
27.08.2021 00:30:52.394,1.36867,1.36861,6.75,7.69
27.08.2021 00:30:52.445,1.36859,1.36853,0.75,0.75
27.08.2021 00:30:52.496,1.36861,1.36854,0.94,4.27
27.08.2021 00:30:52.547,1.36858,1.36849,0.75,3.64
27.08.2021 00:30:52.649,1.3685200000000002,1.36848,0.75,0.37
27.08.2021 00:30:52.751,1.3684500000000002,1.3684100000000001,0.75,0.75
27.08.2021 00:30:52.802,1.3684500000000002,1.36838,0.75,0.75
27.08.2021 00:30:52.853,1.36844,1.36835,0.82,0.37
27.08.2021 00:30:52.904,1.3684200000000002,1.36835,0.75,0.94
27.08.2021 00:30:52.956,1.36843,1.36835,0.75,3.45
27.08.2021 00:30:53.007,1.36846,1.36835,0.75,1.95
27.08.2021 00:30:53.058,1.36844,1.36835,0.19,0.75
27.08.2021 00:30:53.110,1.3684500000000002,1.36837,0.75,0.94
27.08.2021 00:30:53.213,1.36844,1.36838,0.19,0.19
27.08.2021 00:30:53.265,1.36846,1.36837,0.75,1.69
27.08.2021 00:30:53.367,1.3684500000000002,1.36836,0.75,0.82
27.08.2021 00:30:53.521,1.36846,1.36836,0.75,0.1
27.08.2021 00:30:54.921,1.3684500000000002,1.36839,0.75,0.75
27.08.2021 00:30:55.449,1.36846,1.36839,0.75,0.75
27.08.2021 00:30:57.090,1.3684500000000002,1.36839,0.75,0.75
27.08.2021 00:30:58.148,1.36853,1.36848,0.75,0.75
27.08.2021 00:30:58.250,1.3685500000000002,1.36848,0.75,0.75
27.08.2021 00:30:58.980,1.3685500000000002,1.36847,0.75,0.75
27.08.2021 00:31:00.834,1.36854,1.36847,0.75,0.75
27.08.2021 00:31:01.202,1.36854,1.36849,0.75,0.75
27.08.2021 00:31:02.816,1.36856,1.36848,0.75,0.75
27.08.2021 00:31:02.968,1.3685,1.36846,0.19,0.75
27.08.2021 00:31:03.019,1.36849,1.36839,0.75,5.21
27.08.2021 00:31:03.070,1.36847,1.36839,0.75,0.37
27.08.2021 00:31:03.222,1.36838,1.36833,0.75,1.5
27.08.2021 00:31:03.273,1.3684,1.36833,0.45,1.5
27.08.2021 00:31:03.324,1.36837,1.3683,0.75,1.12
27.08.2021 00:31:03.477,1.36838,1.3683,0.75,0.37
27.08.2021 00:31:03.578,1.36838,1.36829,0.75,0.75
27.08.2021 00:31:03.831,1.36839,1.36829,0.75,0.75
27.08.2021 00:31:03.933,1.36846,1.36837,0.75,0.75
27.08.2021 00:31:05.224,1.3684500000000002,1.3684,0.75,0.75
27.08.2021 00:31:05.275,1.36848,1.3684100000000001,0.75,0.75
27.08.2021 00:31:05.630,1.3685200000000002,1.36843,3.37,0.94
27.08.2021 00:31:05.731,1.3685,1.3684200000000002,0.75,0.75
27.08.2021 00:31:05.833,1.3685200000000002,1.36844,0.75,0.75
27.08.2021 00:31:07.897,1.3685100000000001,1.36844,0.75,0.75
27.08.2021 00:31:10.011,1.3685500000000002,1.36846,0.75,0.82
27.08.2021 00:31:10.113,1.3685500000000002,1.3685,0.75,0.75
27.08.2021 00:31:11.365,1.36857,1.36849,0.75,0.75
27.08.2021 00:31:18.459,1.36858,1.36849,0.75,0.75
27.08.2021 00:31:18.561,1.36858,1.36848,0.75,0.75
27.08.2021 00:31:20.177,1.36857,1.36848,0.75,0.75
27.08.2021 00:31:22.949,1.36858,1.36848,0.75,0.75
27.08.2021 00:31:23.051,1.36857,1.3685,0.75,0.75
27.08.2021 00:31:25.063,1.36856,1.36848,0.75,0.75
27.08.2021 00:31:25.165,1.36857,1.36847,0.75,0.82
27.08.2021 00:31:27.706,1.36859,1.3685500000000002,0.75,0.37
27.08.2021 00:31:27.757,1.36863,1.36857,0.75,0.75
27.08.2021 00:31:27.858,1.3686500000000001,1.36856,0.75,0.75
27.08.2021 00:31:27.960,1.36864,1.36856,0.75,0.45
27.08.2021 00:31:28.061,1.3686500000000001,1.36857,0.75,0.1
27.08.2021 00:31:29.930,1.3686200000000002,1.36854,0.75,0.1
27.08.2021 00:31:29.981,1.36863,1.3685100000000001,0.75,0.82
27.08.2021 00:31:30.083,1.36857,1.36849,0.75,7.5
27.08.2021 00:31:30.184,1.36857,1.36848,0.75,0.1
27.08.2021 00:31:32.725,1.36858,1.36848,0.75,0.1
27.08.2021 00:31:33.977,1.36857,1.36848,0.75,0.1
27.08.2021 00:31:35.239,1.36857,1.3685,0.75,0.1
27.08.2021 00:31:36.383,1.36857,1.3685100000000001,0.75,0.75
27.08.2021 00:31:51.947,1.36859,1.3685,0.75,0.75
27.08.2021 00:32:01.049,1.36857,1.3685,0.75,0.1
27.08.2021 00:32:03.187,1.36857,1.36849,0.75,0.1
27.08.2021 00:32:10.446,1.36858,1.36849,1.5,0.1
27.08.2021 00:32:14.133,1.36858,1.36847,0.75,0.1
27.08.2021 00:32:42.461,1.3685500000000002,1.3684500000000002,0.94,0.1
27.08.2021 00:32:42.513,1.36853,1.36844,0.19,4.2
27.08.2021 00:32:42.564,1.3685100000000001,1.3684200000000002,0.75,1.12
27.08.2021 00:32:42.615,1.36854,1.36846,0.75,0.75
27.08.2021 00:32:42.718,1.36856,1.36847,1.39,0.82
27.08.2021 00:32:53.297,1.36857,1.36848,0.94,0.75
27.08.2021 00:32:56.424,1.36857,1.36847,0.75,0.82
27.08.2021 00:33:04.157,1.3685200000000002,1.36846,0.19,0.75
27.08.2021 00:33:04.208,1.3685200000000002,1.3684200000000002,0.94,0.82
27.08.2021 00:33:06.124,1.3685100000000001,1.3684200000000002,0.94,0.75
27.08.2021 00:33:20.457,1.3685100000000001,1.3684100000000001,0.75,0.75
27.08.2021 00:33:30.807,1.36848,1.36839,0.75,8.32
27.08.2021 00:33:30.908,1.36848,1.36838,0.75,7.57
27.08.2021 00:33:32.893,1.36847,1.36837,0.75,0.82
27.08.2021 00:33:48.673,1.36847,1.36839,0.75,0.75
27.08.2021 00:33:48.775,1.36847,1.3684,0.75,0.75
27.08.2021 00:33:52.069,1.36847,1.3684100000000001,0.75,0.75
27.08.2021 00:33:52.786,1.36846,1.3684,0.75,0.75
27.08.2021 00:33:55.492,1.36847,1.3684,0.75,0.75
27.08.2021 00:33:58.973,1.36849,1.3684,0.75,0.75
27.08.2021 00:33:59.074,1.36847,1.3684100000000001,0.75,0.75
27.08.2021 00:33:59.277,1.36849,1.36843,0.75,0.75
27.08.2021 00:33:59.378,1.36847,1.3684100000000001,0.75,0.75
27.08.2021 00:33:59.696,1.36846,1.3684100000000001,0.75,0.75
27.08.2021 00:33:59.746,1.36849,1.3684,0.75,0.75
27.08.2021 00:33:59.898,1.3685,1.3684200000000002,0.75,0.75
27.08.2021 00:34:00.902,1.3685,1.36844,0.75,0.75
27.08.2021 00:34:01.004,1.36848,1.36843,0.75,0.75
27.08.2021 00:34:01.055,1.36849,1.3684,0.75,0.82
27.08.2021 00:34:01.156,1.36847,1.3684100000000001,0.75,0.75
27.08.2021 00:34:01.257,1.36848,1.3684100000000001,0.75,0.75
27.08.2021 00:34:01.713,1.36847,1.3684100000000001,0.75,0.75
27.08.2021 00:34:01.814,1.36848,1.3684100000000001,0.75,0.75
27.08.2021 00:34:01.966,1.36848,1.3684200000000002,0.75,0.75
27.08.2021 00:34:02.068,1.36848,1.3684100000000001,0.75,0.75
27.08.2021 00:34:03.310,1.36848,1.3684,0.75,0.82
27.08.2021 00:34:04.304,1.36849,1.3684200000000002,0.75,0.75
27.08.2021 00:34:04.406,1.36848,1.3684200000000002,0.75,0.75
27.08.2021 00:34:04.608,1.36848,1.3684,0.75,0.82
27.08.2021 00:34:09.947,1.36848,1.36839,0.75,0.82
27.08.2021 00:34:10.976,1.36849,1.3684100000000001,0.75,0.82
27.08.2021 00:34:15.947,1.36849,1.3684,0.75,0.82
27.08.2021 00:34:27.311,1.3685,1.36843,0.75,0.75
27.08.2021 00:34:27.545,1.3685100000000001,1.3684100000000001,0.75,0.82
27.08.2021 00:34:27.698,1.3685100000000001,1.3684200000000002,0.75,0.75
27.08.2021 00:34:27.799,1.3685200000000002,1.3684200000000002,0.75,0.82
27.08.2021 00:34:27.951,1.36849,1.3684200000000002,0.75,0.75
27.08.2021 00:34:28.103,1.3685100000000001,1.36843,0.75,0.75
27.08.2021 00:34:28.205,1.3685100000000001,1.36844,0.75,0.75
27.08.2021 00:34:28.306,1.3685100000000001,1.36843,0.75,0.82
27.08.2021 00:34:28.407,1.3685,1.3684200000000002,0.75,0.75
27.08.2021 00:34:28.559,1.3685100000000001,1.36843,0.75,0.1
27.08.2021 00:34:28.762,1.3685100000000001,1.3684200000000002,0.75,0.1
27.08.2021 00:34:31.602,1.36849,1.3684100000000001,0.75,0.1
27.08.2021 00:34:31.756,1.3685200000000002,1.3684100000000001,0.75,0.82
27.08.2021 00:34:31.960,1.3685100000000001,1.3684,0.75,0.82
27.08.2021 00:34:35.871,1.3685100000000001,1.3684100000000001,0.75,0.37
27.08.2021 00:34:54.296,1.3685100000000001,1.3684,0.75,2.32
27.08.2021 00:34:55.011,1.3685,1.3684,0.75,0.75
27.08.2021 00:34:58.290,1.36849,1.36839,0.75,0.75
27.08.2021 00:34:58.392,1.36848,1.36839,0.75,0.75
27.08.2021 00:35:00.867,1.36848,1.36838,0.75,0.75
27.08.2021 00:35:00.969,1.3684200000000002,1.36836,0.75,0.37
27.08.2021 00:35:01.020,1.3684,1.3683,0.75,8.7
27.08.2021 00:35:01.475,1.3684100000000001,1.36838,0.75,0.75
27.08.2021 00:35:01.526,1.36844,1.36838,1.57,0.75
27.08.2021 00:35:01.678,1.36844,1.36837,0.75,0.75
27.08.2021 00:35:01.831,1.3684,1.36833,0.75,0.75
27.08.2021 00:35:02.084,1.3684,1.3683400000000001,0.75,0.75
27.08.2021 00:35:03.893,1.36844,1.36835,0.75,0.75
27.08.2021 00:35:03.995,1.36844,1.36836,0.75,0.75
27.08.2021 00:35:04.254,1.36844,1.36835,0.75,0.82
27.08.2021 00:35:04.356,1.36843,1.3683400000000001,0.75,0.75
27.08.2021 00:35:04.610,1.3684100000000001,1.36833,0.75,0.75
27.08.2021 00:35:09.947,1.3684100000000001,1.3683200000000002,0.75,0.75
27.08.2021 00:35:12.941,1.3684200000000002,1.36833,0.75,0.75
27.08.2021 00:35:15.947,1.36843,1.36833,0.75,0.75
27.08.2021 00:35:17.045,1.36846,1.36838,0.75,0.75
27.08.2021 00:35:17.146,1.36847,1.36838,0.82,0.75
27.08.2021 00:35:17.248,1.36847,1.36837,0.75,0.75
27.08.2021 00:35:18.938,1.36846,1.36837,0.75,0.1
27.08.2021 00:35:19.039,1.36846,1.36836,0.75,0.82
27.08.2021 00:35:19.493,1.36846,1.36838,0.75,0.75
27.08.2021 00:35:22.776,1.36847,1.36839,0.75,0.75
27.08.2021 00:35:27.237,1.36846,1.36839,0.75,0.75
27.08.2021 00:35:27.389,1.36847,1.36839,0.75,0.75
27.08.2021 00:35:29.876,1.36847,1.36838,0.75,0.75
27.08.2021 00:35:30.709,1.36846,1.36838,0.75,0.75
27.08.2021 00:35:33.583,1.36848,1.36837,0.75,0.82
27.08.2021 00:35:37.373,1.36848,1.36839,0.75,0.75
27.08.2021 00:35:37.980,1.36847,1.36839,0.75,0.75
27.08.2021 00:35:44.369,1.36848,1.36839,0.75,0.75
27.08.2021 00:35:51.050,1.36848,1.36838,0.75,0.75
27.08.2021 00:36:36.134,1.36848,1.36839,0.75,0.75
27.08.2021 00:36:41.748,1.36848,1.36838,0.75,0.75
27.08.2021 00:36:46.217,1.36849,1.36838,0.75,0.75
27.08.2021 00:36:56.013,1.3685,1.36839,0.75,0.82
27.08.2021 00:36:56.215,1.3685100000000001,1.36839,1.5,0.82
27.08.2021 00:36:59.437,1.3685,1.36839,0.75,0.75
27.08.2021 00:37:03.151,1.36847,1.36838,0.75,0.75
27.08.2021 00:37:04.627,1.36849,1.36837,1.5,0.82
27.08.2021 00:37:04.781,1.36847,1.36838,0.75,0.82
27.08.2021 00:37:09.350,1.36849,1.36837,1.5,0.82
27.08.2021 00:37:18.333,1.3685,1.36839,0.94,0.75
27.08.2021 00:37:30.591,1.3685100000000001,1.36839,1.57,0.75
27.08.2021 00:37:51.545,1.36849,1.3684,0.75,0.94
27.08.2021 00:37:52.948,1.36848,1.3684,0.37,0.94
27.08.2021 00:37:53.051,1.36843,1.36836,1.12,0.82
27.08.2021 00:37:53.456,1.36843,1.36837,0.75,0.19
27.08.2021 00:37:53.999,1.36847,1.36837,1.45,0.19
27.08.2021 00:37:59.712,1.36847,1.36838,0.75,0.94
27.08.2021 00:37:59.763,1.36846,1.36838,0.75,0.19
27.08.2021 00:37:59.966,1.36843,1.3683400000000001,0.75,1.12
27.08.2021 00:38:00.067,1.36843,1.36835,0.75,0.75
27.08.2021 00:38:00.169,1.36844,1.36833,0.75,0.75
27.08.2021 00:38:00.372,1.36843,1.36835,0.75,0.75
27.08.2021 00:38:00.474,1.36844,1.36833,0.75,0.75
27.08.2021 00:38:02.158,1.3684200000000002,1.3683400000000001,0.75,0.75
27.08.2021 00:38:02.261,1.3684200000000002,1.36833,0.75,0.75
27.08.2021 00:38:02.362,1.3684200000000002,1.3683100000000001,0.75,0.94
27.08.2021 00:38:03.199,1.36843,1.36835,0.75,0.75
27.08.2021 00:38:03.301,1.3684500000000002,1.36836,0.75,0.75
27.08.2021 00:38:03.353,1.36846,1.36837,3,0.75
27.08.2021 00:38:21.244,1.36849,1.36838,1.95,0.75
27.08.2021 00:38:25.356,1.36849,1.36839,0.75,0.75
27.08.2021 00:38:26.635,1.3685,1.36839,1.5,0.94
27.08.2021 00:39:03.476,1.3685,1.36838,1.5,1.76
27.08.2021 00:39:04.037,1.3685,1.36839,0.75,0.19
27.08.2021 00:39:27.799,1.36849,1.36839,0.75,1.87
27.08.2021 00:39:42.598,1.36849,1.36838,0.75,0.94
27.08.2021 00:39:44.127,1.36849,1.36837,0.75,1.5
27.08.2021 00:39:48.974,1.36847,1.36837,1.57,0.75
27.08.2021 00:39:49.076,1.36847,1.36838,0.82,0.75
27.08.2021 00:39:49.127,1.36847,1.36835,0.75,1.12
27.08.2021 00:39:49.998,1.36847,1.36836,0.75,0.75
27.08.2021 00:39:51.852,1.36847,1.36837,0.37,1.5
27.08.2021 00:39:53.668,1.36843,1.36837,0.75,1.5
27.08.2021 00:39:53.719,1.3684200000000002,1.3683400000000001,0.75,1.31
27.08.2021 00:39:53.770,1.3684,1.36833,0.75,1.84
27.08.2021 00:39:53.821,1.3684100000000001,1.3683,0.75,0.75
27.08.2021 00:39:54.075,1.36838,1.3683,0.75,0.75
27.08.2021 00:39:54.176,1.36838,1.36829,0.75,0.82
27.08.2021 00:39:54.940,1.3684,1.36828,1.5,1.57
27.08.2021 00:39:55.699,1.3684,1.36829,1.95,1.57
27.08.2021 00:39:55.801,1.3684,1.36828,0.1,1.5
27.08.2021 00:39:56.207,1.36835,1.36826,1.12,0.75
27.08.2021 00:39:56.309,1.36835,1.36828,0.75,1.5
27.08.2021 00:39:56.410,1.3684,1.36829,1.69,0.1
27.08.2021 00:39:56.513,1.3684,1.36828,1.76,1.57
27.08.2021 00:39:56.706,1.36839,1.3683,1.01,0.75
27.08.2021 00:39:56.858,1.3684100000000001,1.36829,2.14,1.57
27.08.2021 00:40:05.411,1.3684,1.3683100000000001,0.75,0.19
27.08.2021 00:40:08.147,1.3684200000000002,1.36836,1.5,0.45
27.08.2021 00:40:08.249,1.3684200000000002,1.36837,1.5,0.82
27.08.2021 00:40:08.351,1.36843,1.36835,1.5,0.82
27.08.2021 00:40:12.609,1.36846,1.36836,0.75,1.01
27.08.2021 00:40:12.710,1.36847,1.36838,0.37,1.57
27.08.2021 00:40:12.863,1.36849,1.36837,0.94,1.57
27.08.2021 00:40:15.232,1.36847,1.36838,0.75,0.82
27.08.2021 00:40:15.842,1.36849,1.36837,2.44,0.82
27.08.2021 00:40:17.274,1.36849,1.36838,2.44,0.75
27.08.2021 00:40:17.515,1.36847,1.36839,0.75,0.75
27.08.2021 00:40:17.669,1.36844,1.36833,1.87,1.84
27.08.2021 00:40:17.720,1.3684500000000002,1.36836,1.12,1.5
27.08.2021 00:40:17.821,1.3684500000000002,1.36833,1.5,1.95
27.08.2021 00:40:17.922,1.3684500000000002,1.3683400000000001,1.5,0.1
27.08.2021 00:40:18.248,1.3684500000000002,1.36833,1.5,1.95
27.08.2021 00:40:19.477,1.36843,1.3683400000000001,0.75,1.2
27.08.2021 00:40:24.400,1.36844,1.36835,0.75,0.75
27.08.2021 00:40:24.502,1.36844,1.3683400000000001,0.75,1.95
27.08.2021 00:40:24.609,1.3684500000000002,1.3683400000000001,0.75,0.75
27.08.2021 00:40:35.232,1.3684100000000001,1.3683200000000002,0.75,2.44
27.08.2021 00:40:35.333,1.36838,1.3683200000000002,0.75,0.75
27.08.2021 00:40:35.384,1.36836,1.3683100000000001,1.5,0.75
27.08.2021 00:40:35.435,1.36838,1.3683,0.94,1.5
27.08.2021 00:40:35.486,1.36836,1.3683,0.75,0.75
27.08.2021 00:40:35.588,1.36837,1.3683,0.94,0.75
27.08.2021 00:40:35.690,1.36837,1.36829,0.94,0.75
27.08.2021 00:40:38.878,1.36838,1.36827,0.75,0.75
27.08.2021 00:40:39.131,1.36839,1.36827,1.01,1.5
27.08.2021 00:40:40.021,1.36838,1.3683,0.75,0.75
27.08.2021 00:40:50.517,1.36838,1.3683100000000001,0.75,0.75
27.08.2021 00:40:52.204,1.36839,1.36829,0.75,0.75
27.08.2021 00:41:00.190,1.3684,1.36829,0.82,0.75
27.08.2021 00:41:08.117,1.36839,1.3683100000000001,0.75,0.75
27.08.2021 00:41:08.218,1.36846,1.36838,3.75,0.75
27.08.2021 00:41:08.690,1.36848,1.36838,0.94,1.5
27.08.2021 00:41:10.194,1.36848,1.36837,0.75,0.75
27.08.2021 00:41:12.835,1.36848,1.36838,1.5,2.44
27.08.2021 00:41:17.353,1.36849,1.36838,0.75,0.75
27.08.2021 00:41:41.168,1.3685,1.36838,1.5,0.75
27.08.2021 00:42:08.403,1.36848,1.36838,0.75,0.75
27.08.2021 00:42:08.505,1.36846,1.3683400000000001,0.75,0.82
27.08.2021 00:42:08.556,1.3684200000000002,1.36833,1.12,4.12
27.08.2021 00:42:08.658,1.3684,1.36833,1.5,0.75
27.08.2021 00:42:08.912,1.3684,1.3683,1.5,1.57
27.08.2021 00:42:10.990,1.36839,1.3683,0.75,0.82
27.08.2021 00:42:16.462,1.3684100000000001,1.36829,1.5,0.82
27.08.2021 00:42:20.150,1.3684,1.36829,0.75,0.82
27.08.2021 00:42:28.328,1.3684100000000001,1.36829,1.5,0.82
27.08.2021 00:42:50.875,1.3684100000000001,1.3683,0.75,0.75
27.08.2021 00:42:56.885,1.3684100000000001,1.36829,0.75,0.82
27.08.2021 00:42:56.989,1.3684,1.36829,0.75,0.82
27.08.2021 00:42:58.847,1.3684,1.3683,0.75,1.57
27.08.2021 00:42:58.948,1.3684100000000001,1.3683,0.75,0.75
27.08.2021 00:43:02.659,1.3684,1.36829,0.75,0.82
27.08.2021 00:43:05.588,1.3684100000000001,1.36829,0.75,0.82
27.08.2021 00:43:05.690,1.3684100000000001,1.3683,0.75,0.82
27.08.2021 00:43:09.480,1.36839,1.3683100000000001,0.75,0.82
27.08.2021 00:43:16.531,1.3684200000000002,1.36833,1.87,0.82
27.08.2021 00:43:16.633,1.36843,1.3683400000000001,0.45,0.75
27.08.2021 00:43:16.684,1.36846,1.36837,0.75,0.75
27.08.2021 00:43:16.786,1.36848,1.36839,1.2,0.75
27.08.2021 00:43:17.701,1.36849,1.36839,1.57,0.75
27.08.2021 00:43:20.628,1.36848,1.36839,0.75,0.75
27.08.2021 00:43:25.202,1.36849,1.36837,1.5,0.82
27.08.2021 00:43:30.890,1.36847,1.36838,0.75,0.82
27.08.2021 00:43:37.372,1.36847,1.36837,0.82,0.82
27.08.2021 00:43:37.523,1.36848,1.36837,0.75,0.1
27.08.2021 00:43:44.446,1.36843,1.36833,1.31,10.09
27.08.2021 00:43:44.548,1.3684100000000001,1.3683400000000001,1.57,7.5
27.08.2021 00:43:44.649,1.3684100000000001,1.36833,0.75,7.5
27.08.2021 00:43:44.700,1.3684100000000001,1.3683,0.75,0.26
27.08.2021 00:43:47.251,1.3684100000000001,1.3683200000000002,1.5,0.1
27.08.2021 00:43:48.865,1.3684,1.3683,1.57,1.57
27.08.2021 00:44:00.353,1.3684100000000001,1.3683,1.5,0.1
27.08.2021 00:44:00.886,1.3684100000000001,1.3683200000000002,1.5,0.1
27.08.2021 00:44:23.975,1.36847,1.36836,1.2,0.82
27.08.2021 00:44:24.077,1.36846,1.36838,0.45,0.1
27.08.2021 00:44:24.182,1.36848,1.36837,0.75,0.1
27.08.2021 00:44:25.040,1.36849,1.36837,1.57,0.82
27.08.2021 00:44:33.301,1.36848,1.36839,1.57,0.37
27.08.2021 00:44:33.605,1.36849,1.36839,0.75,0.19
27.08.2021 00:44:34.424,1.36849,1.3684,0.1,0.94
27.08.2021 00:44:34.575,1.3685,1.3684,1.57,1.01
27.08.2021 00:44:38.102,1.3685100000000001,1.3684,1.57,0.19
27.08.2021 00:44:43.200,1.3685100000000001,1.36839,1.5,1.01
27.08.2021 00:44:56.952,1.36848,1.3684,0.75,0.26
27.08.2021 00:45:35.164,1.36848,1.36839,0.75,1.01
27.08.2021 00:46:04.100,1.3684500000000002,1.36837,0.37,0.82
27.08.2021 00:46:04.151,1.36843,1.3683200000000002,1.5,0.26
27.08.2021 00:46:04.202,1.3684,1.3683200000000002,0.75,7.69
27.08.2021 00:46:04.304,1.36839,1.3683200000000002,1.5,7.5
27.08.2021 00:46:04.355,1.36839,1.3683,1.5,0.19
27.08.2021 00:46:05.099,1.36839,1.3683100000000001,1.5,0.19
27.08.2021 00:46:21.482,1.36839,1.3683,1.5,0.37
27.08.2021 00:46:24.198,1.36838,1.3683,0.75,0.19
27.08.2021 00:46:24.506,1.36839,1.36828,0.75,0.26
27.08.2021 00:46:31.275,1.36838,1.3683,0.75,0.19
27.08.2021 00:46:37.297,1.36838,1.36829,0.75,0.26
27.08.2021 00:46:40.194,1.36837,1.36829,0.75,0.26
27.08.2021 00:46:48.981,1.36838,1.36829,0.75,0.19
27.08.2021 00:46:58.508,1.36838,1.36828,0.75,0.26
27.08.2021 00:47:03.557,1.36837,1.3683,0.75,0.19
27.08.2021 00:47:14.647,1.36835,1.3683,0.75,0.19
27.08.2021 00:47:18.581,1.36835,1.36828,0.75,1.39
27.08.2021 00:47:19.129,1.3683400000000001,1.36827,0.75,0.82
27.08.2021 00:47:23.623,1.36833,1.36827,0.75,1.57
27.08.2021 00:47:25.260,1.3683,1.36823,0.75,1.84
27.08.2021 00:47:25.312,1.36827,1.3682100000000001,0.75,7.5
27.08.2021 00:47:25.415,1.36826,1.3682,0.75,0.75
27.08.2021 00:47:25.466,1.36826,1.36818,0.75,0.1
27.08.2021 00:47:26.043,1.3682400000000001,1.36819,0.75,0.1
27.08.2021 00:47:26.145,1.36825,1.36819,0.75,0.1
27.08.2021 00:47:32.171,1.3682400000000001,1.36819,0.75,0.1
27.08.2021 00:47:39.201,1.36825,1.36819,0.75,0.1
27.08.2021 00:47:39.467,1.36826,1.36819,0.75,0.1
27.08.2021 00:47:40.400,1.36826,1.36818,0.75,0.1
27.08.2021 00:48:00.255,1.36826,1.36816,0.75,1.57
27.08.2021 00:48:01.021,1.3682200000000002,1.36816,0.75,0.1
27.08.2021 00:48:01.072,1.3682100000000001,1.36813,0.75,2.7
27.08.2021 00:48:01.173,1.3682,1.3681200000000002,0.75,0.82
27.08.2021 00:48:01.274,1.3682,1.3681100000000002,0.75,0.82
27.08.2021 00:48:01.426,1.36819,1.36813,0.75,0.1
27.08.2021 00:48:01.528,1.3682,1.3681100000000002,0.75,0.82
27.08.2021 00:48:03.181,1.36817,1.3681100000000002,0.75,0.1
27.08.2021 00:48:04.773,1.36817,1.36809,0.75,0.75
27.08.2021 00:48:18.002,1.36815,1.3681,0.75,0.82
27.08.2021 00:48:32.923,1.36819,1.36813,0.75,0.1
27.08.2021 00:48:32.975,1.36823,1.36816,0.75,1.5
27.08.2021 00:48:33.027,1.3682400000000001,1.36817,0.75,0.1
27.08.2021 00:48:33.901,1.3682400000000001,1.36818,0.75,0.1
27.08.2021 00:48:37.706,1.3682400000000001,1.36815,0.75,0.75
27.08.2021 00:48:37.809,1.36823,1.3681400000000001,0.75,0.75
27.08.2021 00:48:51.130,1.3682100000000001,1.36815,0.75,0.75
27.08.2021 00:48:54.073,1.36823,1.3681400000000001,0.75,0.75
27.08.2021 00:49:14.411,1.3682100000000001,1.36815,0.75,0.75
27.08.2021 00:49:15.689,1.36823,1.3681400000000001,0.75,0.75
27.08.2021 00:49:17.740,1.3682400000000001,1.36817,0.75,0.75
27.08.2021 00:49:17.791,1.3682400000000001,1.36815,0.75,0.82
27.08.2021 00:49:17.892,1.36823,1.36815,0.75,0.82
27.08.2021 00:49:20.398,1.3682200000000002,1.36815,0.75,0.75
27.08.2021 00:49:25.311,1.3682,1.3681200000000002,0.75,0.75
27.08.2021 00:49:25.413,1.36818,1.3681100000000002,0.75,0.82
27.08.2021 00:49:25.514,1.36817,1.3681100000000002,0.75,0.1
27.08.2021 00:49:25.616,1.36819,1.3681,0.75,0.1
27.08.2021 00:49:29.883,1.3682,1.3681200000000002,0.75,0.82
27.08.2021 00:49:29.934,1.3682200000000002,1.36813,0.75,0.75
27.08.2021 00:49:29.985,1.36825,1.36817,0.75,0.75
27.08.2021 00:49:33.447,1.36826,1.36817,1.5,0.1
27.08.2021 00:49:39.818,1.36825,1.36817,0.75,0.82
27.08.2021 00:49:39.869,1.3682200000000002,1.36817,0.19,0.75
27.08.2021 00:49:39.920,1.3682,1.3681100000000002,0.75,7.58
27.08.2021 00:49:39.971,1.36818,1.3681100000000002,0.75,7.58
27.08.2021 00:49:40.123,1.36817,1.3681,0.75,0.1
27.08.2021 00:50:00.328,1.3682100000000001,1.36815,0.94,1.57
27.08.2021 00:50:00.430,1.36823,1.36818,0.45,0.82
27.08.2021 00:50:00.481,1.36827,1.36817,0.75,0.82
27.08.2021 00:50:00.582,1.36826,1.36819,0.75,0.1
27.08.2021 00:50:00.683,1.36828,1.36818,0.75,0.82
27.08.2021 00:50:00.835,1.36827,1.3682,0.75,0.1
27.08.2021 00:50:02.910,1.36829,1.36819,0.75,0.1
27.08.2021 00:50:04.143,1.36829,1.3682,0.75,0.1
27.08.2021 00:50:08.154,1.36828,1.3682200000000002,0.75,0.75
27.08.2021 00:50:08.205,1.36833,1.36826,0.82,0.75
27.08.2021 00:50:08.257,1.36835,1.36827,0.75,0.1
27.08.2021 00:50:08.409,1.36835,1.36828,0.75,0.1
27.08.2021 00:50:08.461,1.36838,1.36828,0.94,0.1
27.08.2021 00:50:09.168,1.36838,1.36829,0.75,0.1
27.08.2021 00:50:09.270,1.36839,1.3683,0.75,0.1
27.08.2021 00:50:09.798,1.3684,1.3683,0.75,0.82
27.08.2021 00:50:10.361,1.36838,1.3683,0.75,0.82
27.08.2021 00:50:25.321,1.3684100000000001,1.3683400000000001,0.75,0.75
27.08.2021 00:50:25.373,1.3684100000000001,1.3683200000000002,0.75,0.82
27.08.2021 00:50:25.424,1.3684,1.3683100000000001,0.75,0.75
27.08.2021 00:50:42.376,1.36838,1.3683100000000001,0.75,0.75
27.08.2021 00:51:00.350,1.36838,1.3683,0.75,0.82
27.08.2021 00:51:01.528,1.36839,1.3683,0.75,0.82
27.08.2021 00:51:03.650,1.36838,1.3683,0.75,0.75
27.08.2021 00:51:32.039,1.36839,1.3683,1.5,0.1
27.08.2021 00:51:43.049,1.3684,1.3683100000000001,0.75,0.1
27.08.2021 00:51:43.100,1.3684100000000001,1.36833,0.75,0.1
27.08.2021 00:51:43.646,1.36843,1.36833,0.19,0.1
27.08.2021 00:51:47.398,1.3684500000000002,1.36836,1.87,0.1
27.08.2021 00:51:47.499,1.36847,1.36836,1.2,0.82
27.08.2021 00:51:47.601,1.36847,1.36838,1.5,0.1
27.08.2021 00:51:50.855,1.36847,1.36837,1.5,0.82
27.08.2021 00:51:51.292,1.36847,1.36838,1.5,0.1
27.08.2021 00:51:52.529,1.3684500000000002,1.36838,0.75,0.82
27.08.2021 00:51:52.896,1.36844,1.36836,0.75,0.75
27.08.2021 00:51:52.998,1.3684500000000002,1.3683400000000001,0.75,0.75
27.08.2021 00:51:53.740,1.36843,1.3683200000000002,0.19,0.82
27.08.2021 00:51:53.843,1.36838,1.3683100000000001,0.75,0.1
27.08.2021 00:51:53.997,1.36838,1.3683,0.75,1.57
27.08.2021 00:51:57.127,1.3684,1.36829,0.75,0.82
27.08.2021 00:52:00.095,1.36839,1.3683100000000001,1.5,0.1
27.08.2021 00:52:28.259,1.36837,1.3683,0.94,0.1
27.08.2021 00:52:28.310,1.36837,1.36826,0.94,0.82
27.08.2021 00:52:34.847,1.36836,1.36826,0.19,0.1
27.08.2021 00:52:35.026,1.36836,1.36827,1.5,0.1
27.08.2021 00:52:35.127,1.36835,1.36827,0.19,0.1
27.08.2021 00:52:35.415,1.36836,1.36828,0.75,0.1
27.08.2021 00:52:35.517,1.36838,1.36828,0.75,0.82
27.08.2021 00:52:40.378,1.36839,1.36828,0.75,0.82
27.08.2021 00:52:40.480,1.3684,1.36828,1.69,1.57
27.08.2021 00:52:56.598,1.36838,1.36829,0.75,0.82
27.08.2021 00:52:56.699,1.36838,1.3683,0.75,0.1
27.08.2021 00:53:00.938,1.3684,1.3683,0.75,0.1
27.08.2021 00:53:03.336,1.3684,1.3683100000000001,1.5,0.1
27.08.2021 00:53:03.899,1.36837,1.36829,0.94,0.1
27.08.2021 00:53:03.951,1.36836,1.36826,0.19,0.1
27.08.2021 00:53:04.053,1.36836,1.36827,0.75,0.1
27.08.2021 00:53:37.855,1.36838,1.36826,1.69,2.32
27.08.2021 00:53:38.109,1.3684100000000001,1.36836,1.5,0.75
27.08.2021 00:53:38.160,1.36844,1.36837,8.25,1.2
27.08.2021 00:53:38.211,1.36844,1.36839,8.25,1.5
27.08.2021 00:53:38.312,1.36844,1.3684,7.5,1.5
27.08.2021 00:53:38.414,1.3684500000000002,1.3684100000000001,0.75,0.1
27.08.2021 00:53:39.275,1.3685100000000001,1.3684,0.75,0.1
27.08.2021 00:53:39.933,1.36849,1.3684100000000001,0.75,0.82
27.08.2021 00:53:42.020,1.3685,1.3684100000000001,0.75,1.57
27.08.2021 00:53:44.398,1.3685200000000002,1.3684100000000001,1.5,0.82
27.08.2021 00:53:48.323,1.36856,1.36846,3.71,1.57
27.08.2021 00:53:48.425,1.36856,1.36847,0.45,0.82
27.08.2021 00:53:48.526,1.36858,1.36847,1.5,0.82
27.08.2021 00:53:57.186,1.36859,1.36848,1.5,0.82
27.08.2021 00:53:57.237,1.36861,1.36853,0.82,0.82
27.08.2021 00:53:57.340,1.36864,1.36854,0.75,0.75
27.08.2021 00:53:57.443,1.36864,1.3685500000000002,0.94,0.82
27.08.2021 00:53:58.480,1.36863,1.3685500000000002,0.75,0.82
27.08.2021 00:54:00.685,1.36864,1.3685500000000002,1.69,0.82
27.08.2021 00:54:04.102,1.36863,1.3685500000000002,0.75,0.1
27.08.2021 00:54:05.207,1.36863,1.36854,0.75,0.82
27.08.2021 00:54:07.473,1.3686,1.36849,0.75,3.45
27.08.2021 00:54:08.508,1.36859,1.36849,0.75,1.57
27.08.2021 00:54:10.981,1.3686500000000001,1.36854,1.57,0.75
27.08.2021 00:54:11.083,1.36864,1.36856,1.2,0.82
27.08.2021 00:54:12.976,1.36858,1.3685200000000002,0.75,0.1
27.08.2021 00:54:13.027,1.36858,1.36847,0.75,1.57
27.08.2021 00:54:15.222,1.36858,1.36846,1.5,1.76
27.08.2021 00:54:22.639,1.36856,1.36846,0.75,1.76
27.08.2021 00:54:23.944,1.36856,1.36847,0.75,0.75
27.08.2021 00:54:24.047,1.36857,1.36848,1.5,0.94
27.08.2021 00:54:24.505,1.36857,1.36846,0.75,0.94
27.08.2021 00:54:30.274,1.3685100000000001,1.36844,1.5,0.75
27.08.2021 00:54:30.325,1.36848,1.3684200000000002,1.5,1.84
27.08.2021 00:54:30.427,1.36848,1.3684,1.5,7.5
27.08.2021 00:54:30.529,1.36847,1.36838,1.5,1.2
27.08.2021 00:54:31.415,1.36847,1.36837,1.5,1.76
27.08.2021 00:54:31.567,1.36846,1.36837,0.75,0.94
27.08.2021 00:54:33.644,1.36847,1.36835,1.57,1.87
27.08.2021 00:54:34.055,1.36839,1.3683200000000002,1.5,0.1
27.08.2021 00:54:34.157,1.3684200000000002,1.3683400000000001,0.75,0.37
27.08.2021 00:54:34.410,1.3684500000000002,1.36836,0.75,0.19
27.08.2021 00:54:34.512,1.36846,1.36837,1.5,0.19
27.08.2021 00:54:35.036,1.36843,1.3683400000000001,1.5,0.1
27.08.2021 00:54:35.138,1.3684200000000002,1.36833,1.5,0.37
27.08.2021 00:54:35.553,1.36844,1.36835,1.5,1.5
27.08.2021 00:54:36.031,1.36846,1.3683400000000001,0.75,4.69
27.08.2021 00:54:36.133,1.36844,1.36835,0.75,0.37
27.08.2021 00:54:36.234,1.36843,1.3683400000000001,1.5,0.19
27.08.2021 00:54:36.336,1.3684200000000002,1.3683400000000001,0.75,0.19
27.08.2021 00:54:37.129,1.36839,1.3683,0.75,0.75
27.08.2021 00:54:37.179,1.36839,1.36828,1.5,1.69
27.08.2021 00:54:37.433,1.36836,1.36827,0.75,3.45
27.08.2021 00:54:37.535,1.36836,1.36828,0.75,0.1
27.08.2021 00:54:37.636,1.36836,1.36827,0.75,2.62
27.08.2021 00:54:42.140,1.36837,1.36827,1.87,0.94
27.08.2021 00:54:43.169,1.36837,1.36826,0.37,0.94
27.08.2021 00:54:43.271,1.3683,1.3682100000000001,0.82,0.1
27.08.2021 00:54:43.373,1.36829,1.36819,1.5,7.5
27.08.2021 00:54:43.474,1.36827,1.36819,0.75,0.75
27.08.2021 00:54:43.581,1.36828,1.36817,0.75,1.87
27.08.2021 00:54:43.682,1.3683,1.36819,0.75,0.75
27.08.2021 00:54:45.479,1.36828,1.36819,0.75,0.75
27.08.2021 00:54:45.580,1.36829,1.3682,1.5,0.75
27.08.2021 00:54:46.446,1.3683,1.36818,1.5,0.75
27.08.2021 00:54:46.548,1.36827,1.36816,1.5,0.75
27.08.2021 00:54:46.855,1.36826,1.36816,0.82,0.75
27.08.2021 00:54:46.957,1.36825,1.36813,1.57,1.76
27.08.2021 00:54:47.059,1.3682400000000001,1.36815,0.75,1.5
27.08.2021 00:54:47.162,1.36826,1.36816,0.75,0.75
27.08.2021 00:54:48.273,1.36826,1.36815,0.75,0.75
27.08.2021 00:54:48.475,1.36826,1.36816,0.75,0.75
27.08.2021 00:54:48.678,1.36825,1.36816,0.75,0.94
27.08.2021 00:54:49.280,1.36823,1.3681200000000002,1.5,0.75
27.08.2021 00:54:49.381,1.3682100000000001,1.3681100000000002,0.75,0.45
27.08.2021 00:54:49.483,1.3682100000000001,1.3681,1.5,0.75
27.08.2021 00:54:49.889,1.3682100000000001,1.36809,1.5,1.87
27.08.2021 00:54:49.991,1.36815,1.36806,0.75,1.2
27.08.2021 00:54:50.093,1.36818,1.3680700000000001,0.75,1.5
27.08.2021 00:54:50.194,1.36819,1.36808,0.75,0.75
27.08.2021 00:54:50.296,1.3682,1.3681,1.5,0.75
27.08.2021 00:54:50.397,1.3682,1.3681200000000002,0.75,1.87
27.08.2021 00:54:50.498,1.3682,1.3681100000000002,0.75,1.5
27.08.2021 00:54:50.761,1.3682100000000001,1.3681100000000002,1.5,1.5
27.08.2021 00:54:50.863,1.36826,1.36815,0.75,0.37
27.08.2021 00:54:50.964,1.36826,1.36817,0.75,1.12
27.08.2021 00:54:51.623,1.36826,1.36816,1.5,1.5
27.08.2021 00:54:52.197,1.3682200000000002,1.36815,0.75,0.75
27.08.2021 00:54:52.299,1.36818,1.36808,1.5,0.75
27.08.2021 00:54:52.400,1.36816,1.36809,0.75,0.75
27.08.2021 00:54:52.967,1.36816,1.3680700000000001,0.75,0.75
27.08.2021 00:54:53.018,1.36809,1.36803,1.5,1.84
27.08.2021 00:54:53.069,1.3681,1.3680100000000002,0.75,2.81
27.08.2021 00:54:53.171,1.3681,1.3680200000000002,0.75,0.75
27.08.2021 00:54:54.897,1.36808,1.368,1.5,0.19
27.08.2021 00:54:54.998,1.36809,1.368,0.75,0.75
27.08.2021 00:54:55.049,1.3681,1.3680100000000002,1.5,0.75
27.08.2021 00:54:55.892,1.3681200000000002,1.36803,0.75,0.75
27.08.2021 00:54:55.943,1.3680200000000002,1.36796,0.75,4.09
27.08.2021 00:54:56.047,1.3681,1.36805,0.75,0.19
27.08.2021 00:54:56.099,1.36813,1.36805,1.5,2.62
27.08.2021 00:54:56.201,1.36815,1.36806,1.5,0.37
27.08.2021 00:54:57.386,1.36816,1.36806,0.75,1.69
27.08.2021 00:54:58.417,1.36816,1.36805,0.75,0.94
27.08.2021 00:54:58.671,1.36813,1.36805,0.75,0.75
27.08.2021 00:54:58.722,1.36809,1.3680100000000002,0.75,2.96
27.08.2021 00:54:58.772,1.36808,1.36798,0.75,9.37
27.08.2021 00:54:59.227,1.3680700000000001,1.36798,0.75,0.75
27.08.2021 00:54:59.278,1.3680700000000001,1.3679700000000001,1.12,2.25
27.08.2021 00:54:59.329,1.36805,1.36796,0.75,3.75
27.08.2021 00:54:59.431,1.36808,1.3679700000000001,0.75,0.94
27.08.2021 00:54:59.844,1.36808,1.36798,0.75,0.19
27.08.2021 00:55:00.006,1.36808,1.36799,0.75,0.19
27.08.2021 00:55:00.109,1.3681200000000002,1.3680200000000002,0.75,1.12
27.08.2021 00:55:00.210,1.3681100000000002,1.3680100000000002,0.75,1.12
27.08.2021 00:55:00.394,1.36809,1.3680100000000002,0.75,0.75
27.08.2021 00:55:00.547,1.3681,1.3680100000000002,0.75,1.69
27.08.2021 00:55:00.598,1.36804,1.368,0.82,1.5
27.08.2021 00:55:00.649,1.36804,1.36798,0.75,0.75
27.08.2021 00:55:00.752,1.36806,1.36796,0.75,1.5
27.08.2021 00:55:00.804,1.3681,1.36799,0.75,0.75
27.08.2021 00:55:00.906,1.3681,1.3680200000000002,0.75,1.5
27.08.2021 00:55:01.007,1.3681200000000002,1.3680100000000002,0.75,2.25
27.08.2021 00:55:01.160,1.3681200000000002,1.36803,0.75,1.87
27.08.2021 00:55:01.362,1.36815,1.36806,0.75,1.5
27.08.2021 00:55:01.464,1.36816,1.36806,0.75,1.69
27.08.2021 00:55:01.565,1.3682,1.3681,0.75,0.75
27.08.2021 00:55:02.277,1.36823,1.3681200000000002,0.75,1.87
27.08.2021 00:55:02.480,1.3682100000000001,1.3681100000000002,0.75,1.5
27.08.2021 00:55:05.469,1.3682400000000001,1.36815,0.75,1.5
27.08.2021 00:55:05.570,1.36825,1.36817,1.2,0.75
27.08.2021 00:55:05.883,1.36826,1.36816,0.75,1.87
27.08.2021 00:55:11.004,1.36826,1.36815,0.75,1.31
27.08.2021 00:55:15.125,1.36827,1.36815,0.75,2.14
27.08.2021 00:55:16.091,1.36823,1.36815,0.75,3.37
27.08.2021 00:55:16.194,1.3682200000000002,1.36815,0.75,0.75
27.08.2021 00:55:16.346,1.3682200000000002,1.3681400000000001,0.75,0.75
27.08.2021 00:55:16.448,1.3682100000000001,1.3681,0.75,0.75
27.08.2021 00:55:16.651,1.36819,1.3681,0.75,0.75
27.08.2021 00:55:16.753,1.36818,1.36809,0.75,1.2
27.08.2021 00:55:17.008,1.36817,1.36806,0.75,3.45
27.08.2021 00:55:17.111,1.36815,1.3680700000000001,0.75,0.75
27.08.2021 00:55:26.140,1.36817,1.36806,0.75,1.76
27.08.2021 00:55:26.445,1.36816,1.36808,0.75,0.19
27.08.2021 00:55:27.215,1.36816,1.36809,0.75,0.19
27.08.2021 00:55:27.562,1.36816,1.3681,0.75,0.19
27.08.2021 00:55:27.714,1.36818,1.36809,0.75,0.19
27.08.2021 00:55:31.462,1.36818,1.3681200000000002,0.75,0.37
27.08.2021 00:55:31.666,1.36818,1.36809,0.75,0.19
27.08.2021 00:55:37.063,1.36819,1.3681,0.75,1.2
27.08.2021 00:55:37.165,1.36819,1.3681100000000002,0.75,1.2
27.08.2021 00:55:37.317,1.3682100000000001,1.3681,0.75,1.2
27.08.2021 00:55:39.987,1.36825,1.36815,1.5,0.37
27.08.2021 00:55:40.038,1.36827,1.36815,1.57,1.57
27.08.2021 00:55:40.140,1.36827,1.36816,1.2,0.82
27.08.2021 00:55:44.016,1.36826,1.36816,1.5,1.57
27.08.2021 00:56:00.072,1.36825,1.36816,0.75,1.2
27.08.2021 00:56:05.310,1.36826,1.36816,1.5,2.62
27.08.2021 00:56:05.614,1.36826,1.36818,1.5,1.12
27.08.2021 00:56:05.766,1.36828,1.36817,1.5,1.12
27.08.2021 00:56:05.900,1.36828,1.36819,1.5,0.75
27.08.2021 00:56:09.168,1.36827,1.36818,1.5,0.37
27.08.2021 00:56:09.269,1.36827,1.36817,1.5,0.75
27.08.2021 00:56:11.491,1.36826,1.36817,0.75,0.75
27.08.2021 00:56:11.967,1.36827,1.36818,1.5,0.37
27.08.2021 00:56:12.069,1.36829,1.36817,1.5,1.2
27.08.2021 00:56:12.221,1.36829,1.36818,1.5,3.07
27.08.2021 00:56:12.323,1.3683,1.36818,1.5,0.1
27.08.2021 00:56:12.424,1.36829,1.3682,1.5,0.75
27.08.2021 00:56:14.044,1.36835,1.3682400000000001,2.32,2.7
27.08.2021 00:56:14.146,1.36837,1.36825,0.75,1.95
27.08.2021 00:56:16.426,1.3683,1.3682100000000001,0.75,0.75
27.08.2021 00:56:16.477,1.36829,1.36819,1.5,10.09
27.08.2021 00:56:16.578,1.36828,1.36819,0.75,8.25
27.08.2021 00:56:16.680,1.36827,1.36818,0.75,1.76
27.08.2021 00:56:17.423,1.36829,1.36817,0.75,1.76
27.08.2021 00:56:17.590,1.36827,1.36818,0.75,1.76
27.08.2021 00:56:28.021,1.36827,1.36817,0.37,0.75
27.08.2021 00:56:30.068,1.36827,1.36818,1.31,0.75
27.08.2021 00:56:38.900,1.36827,1.36817,1.69,0.75
27.08.2021 00:56:47.545,1.3683,1.3682,4.39,0.37
27.08.2021 00:56:50.023,1.36829,1.36818,0.75,1.69
27.08.2021 00:56:50.125,1.36827,1.36818,0.75,1.12
27.08.2021 00:56:52.573,1.36827,1.36817,0.75,2.25
27.08.2021 00:56:52.675,1.36826,1.36817,0.75,1.5
27.08.2021 00:56:54.434,1.36827,1.36815,1.5,0.75
27.08.2021 00:56:54.537,1.36823,1.36813,0.75,2.25
27.08.2021 00:56:54.840,1.3682200000000002,1.3681200000000002,0.75,0.75
27.08.2021 00:57:05.772,1.3682,1.36809,0.75,0.75
27.08.2021 00:57:05.873,1.36818,1.36809,0.75,0.75
27.08.2021 00:57:05.975,1.36818,1.36808,0.75,2.51
27.08.2021 00:57:08.367,1.36819,1.36806,1.76,1.5
27.08.2021 00:57:14.410,1.36817,1.3680700000000001,0.75,0.75
27.08.2021 00:57:16.238,1.36819,1.36806,1.76,1.5
27.08.2021 00:57:16.857,1.36817,1.36806,0.75,2.32
27.08.2021 00:57:21.478,1.36817,1.3680700000000001,0.75,1.87
27.08.2021 00:57:21.580,1.36817,1.36808,0.75,0.75
27.08.2021 00:57:21.865,1.36818,1.36808,0.75,0.82
27.08.2021 00:57:21.968,1.3682,1.36808,1.5,0.82
27.08.2021 00:57:22.120,1.3682,1.3681,1.31,0.75
27.08.2021 00:57:30.120,1.3682,1.3681200000000002,0.75,0.1
27.08.2021 00:57:54.780,1.3682200000000002,1.3681400000000001,2.89,0.82
27.08.2021 00:57:54.933,1.36823,1.3681400000000001,1.5,0.1
27.08.2021 00:57:57.980,1.36823,1.36813,0.75,0.1
27.08.2021 00:58:00.114,1.36826,1.36815,0.94,0.1
27.08.2021 00:58:00.215,1.3682400000000001,1.36815,0.75,0.82
27.08.2021 00:58:00.317,1.3682400000000001,1.36816,0.75,0.1
27.08.2021 00:58:00.418,1.36826,1.36815,0.94,0.75
27.08.2021 00:58:01.050,1.36825,1.36819,0.94,0.1
27.08.2021 00:58:06.615,1.36825,1.36817,0.94,0.75
27.08.2021 00:58:06.948,1.3682400000000001,1.36817,0.75,0.75
27.08.2021 00:58:08.340,1.36826,1.36816,0.94,0.75
27.08.2021 00:58:13.841,1.36825,1.3682,0.94,0.37
27.08.2021 00:58:14.046,1.36826,1.36816,0.94,0.75
27.08.2021 00:58:20.097,1.36826,1.36818,0.75,0.1
27.08.2021 00:58:20.199,1.36827,1.36818,0.75,0.1
27.08.2021 00:58:20.300,1.36827,1.36819,0.75,0.1
27.08.2021 00:58:22.589,1.36828,1.3682,0.75,1.5
27.08.2021 00:58:22.691,1.36829,1.3682,0.75,1.57
27.08.2021 00:58:26.368,1.36828,1.3682,0.75,0.75
27.08.2021 00:58:32.049,1.36829,1.3682200000000002,0.75,0.1
27.08.2021 00:58:37.167,1.36833,1.36827,3.64,0.1
27.08.2021 00:58:37.270,1.3683400000000001,1.36828,0.75,0.1
27.08.2021 00:58:37.373,1.36836,1.36827,0.75,0.1
27.08.2021 00:58:37.475,1.36837,1.36827,0.75,0.1
27.08.2021 00:58:39.273,1.36836,1.36827,2.89,0.1
27.08.2021 00:58:39.433,1.36837,1.36827,0.75,0.1
27.08.2021 00:58:40.025,1.36835,1.36828,2.89,0.1
27.08.2021 00:58:40.342,1.36837,1.36827,0.75,0.1
27.08.2021 00:58:40.444,1.36835,1.36828,2.89,0.1
27.08.2021 00:58:41.578,1.36837,1.36827,3.64,0.1
27.08.2021 00:58:57.285,1.36836,1.36829,0.75,0.1
27.08.2021 00:58:57.437,1.36838,1.36828,1.5,0.1
27.08.2021 00:59:01.164,1.36839,1.36828,0.75,0.45
27.08.2021 00:59:01.266,1.36839,1.36829,1.5,0.52
27.08.2021 00:59:02.458,1.36837,1.36828,0.19,0.1
27.08.2021 00:59:02.510,1.36837,1.36826,1.69,0.1
27.08.2021 00:59:02.612,1.36835,1.36826,0.75,0.82
27.08.2021 00:59:03.070,1.36836,1.36828,0.75,0.1
27.08.2021 00:59:04.096,1.36835,1.3683,0.75,0.1
27.08.2021 00:59:07.607,1.36837,1.3683,1.69,0.1
27.08.2021 00:59:08.064,1.36838,1.3683100000000001,1.5,0.1
27.08.2021 00:59:08.166,1.36839,1.36833,0.75,0.1
27.08.2021 00:59:08.318,1.3684,1.36833,1.5,0.1
27.08.2021 00:59:09.393,1.3684,1.3683200000000002,1.5,0.1
27.08.2021 00:59:11.036,1.3684100000000001,1.3683400000000001,1.5,0.1
27.08.2021 00:59:11.579,1.3684,1.3683400000000001,0.75,0.1
27.08.2021 00:59:12.109,1.3684,1.3683100000000001,0.75,0.82
27.08.2021 00:59:14.235,1.3684200000000002,1.3683,1.5,0.82
27.08.2021 00:59:34.105,1.3684200000000002,1.3683400000000001,1.5,0.1
27.08.2021 00:59:38.671,1.36839,1.36833,1.5,0.1
27.08.2021 00:59:38.773,1.36837,1.3683200000000002,0.75,0.1
27.08.2021 00:59:39.474,1.36837,1.3683100000000001,0.75,0.1
27.08.2021 00:59:40.168,1.36838,1.3683100000000001,0.75,0.1
27.08.2021 00:59:41.581,1.36837,1.36828,0.75,0.1
27.08.2021 00:59:47.168,1.36837,1.36827,1.5,0.1
27.08.2021 00:59:49.260,1.36835,1.36826,0.19,1.2
27.08.2021 00:59:53.797,1.36837,1.3682400000000001,4.84,1.95
27.08.2021 00:59:53.900,1.3683,1.3682,0.75,0.37
27.08.2021 00:59:54.002,1.3683,1.36819,0.75,0.75
27.08.2021 00:59:54.104,1.36827,1.36819,2.89,0.82
27.08.2021 00:59:54.205,1.3683,1.36818,0.75,0.75
27.08.2021 00:59:58.644,1.36829,1.36818,1.5,0.82
27.08.2021 00:59:59.152,1.36829,1.36819,0.75,1.57
27.08.2021 01:00:00.065,1.3683,1.36819,0.75,0.1
27.08.2021 01:00:00.166,1.3683,1.3682,0.75,0.82
27.08.2021 01:00:00.370,1.36833,1.36826,0.45,0.75
27.08.2021 01:00:00.472,1.36836,1.36825,0.75,0.75
27.08.2021 01:00:00.573,1.36837,1.36826,0.75,0.75
27.08.2021 01:00:00.675,1.36838,1.36826,2.62,0.75
27.08.2021 01:00:05.064,1.36837,1.3683,1.5,0.1
27.08.2021 01:00:06.673,1.3684,1.3683200000000002,1.69,0.1
27.08.2021 01:00:06.927,1.36839,1.3683100000000001,0.19,0.1
27.08.2021 01:00:13.100,1.36839,1.36833,0.75,0.1
27.08.2021 01:00:13.989,1.3684,1.36833,1.69,0.1
27.08.2021 01:00:14.091,1.3684100000000001,1.36833,1.69,0.1
27.08.2021 01:00:15.514,1.3684,1.36835,0.94,0.1
27.08.2021 01:00:18.622,1.3684,1.3683400000000001,0.75,0.1
27.08.2021 01:00:21.092,1.3684200000000002,1.36837,0.75,0.1
27.08.2021 01:00:21.194,1.3684200000000002,1.36836,0.75,0.1
27.08.2021 01:00:22.813,1.36844,1.36835,1.69,0.1
27.08.2021 01:00:22.914,1.36844,1.3683400000000001,1.69,0.1
27.08.2021 01:00:24.169,1.3684200000000002,1.36835,0.75,0.1
27.08.2021 01:00:31.719,1.3684100000000001,1.36835,0.75,0.1
27.08.2021 01:00:31.770,1.3684,1.3683200000000002,1.69,0.1
27.08.2021 01:00:32.023,1.3684,1.3683100000000001,1.69,0.1
27.08.2021 01:00:32.392,1.36838,1.3683100000000001,0.19,0.1
27.08.2021 01:00:33.067,1.3684,1.3683200000000002,3.07,0.1
27.08.2021 01:00:33.169,1.3684,1.36833,0.19,0.1
27.08.2021 01:00:33.321,1.3684100000000001,1.3683100000000001,0.94,0.1
27.08.2021 01:00:33.422,1.36838,1.3683100000000001,0.75,0.1
27.08.2021 01:00:34.177,1.36838,1.36828,0.94,1.57
27.08.2021 01:00:36.107,1.36839,1.3683,1.69,0.1
27.08.2021 01:00:36.838,1.36837,1.3683100000000001,0.75,0.1
27.08.2021 01:00:36.940,1.36837,1.36828,0.19,0.1
27.08.2021 01:00:37.142,1.36835,1.36828,1.69,0.1
27.08.2021 01:00:37.193,1.3683400000000001,1.36827,0.75,0.1
27.08.2021 01:00:38.903,1.36833,1.36827,0.75,0.1
27.08.2021 01:00:39.363,1.3683400000000001,1.36825,1.5,0.1
27.08.2021 01:00:39.464,1.3683200000000002,1.36826,0.75,0.1
27.08.2021 01:00:42.676,1.36833,1.3682200000000002,1.5,0.19
27.08.2021 01:00:42.929,1.3683200000000002,1.3682200000000002,1.5,0.64
27.08.2021 01:00:43.766,1.36833,1.36826,0.75,0.37
27.08.2021 01:00:43.867,1.3683400000000001,1.36826,0.45,0.75
27.08.2021 01:00:43.968,1.36835,1.36826,0.19,0.75
27.08.2021 01:00:44.330,1.36835,1.3682400000000001,0.19,1.87
27.08.2021 01:00:44.432,1.3683200000000002,1.36823,0.75,0.19
27.08.2021 01:00:44.685,1.36833,1.3682100000000001,1.5,1.39
27.08.2021 01:00:52.526,1.36835,1.36827,1.01,0.75
27.08.2021 01:00:52.628,1.36835,1.36826,0.45,1.57
27.08.2021 01:00:52.732,1.36836,1.36826,0.19,1.57
27.08.2021 01:00:54.882,1.36836,1.36827,0.94,0.75
27.08.2021 01:00:57.704,1.36837,1.36825,1.69,0.82
27.08.2021 01:00:58.479,1.36836,1.36827,0.75,0.1
27.08.2021 01:01:06.459,1.36836,1.36828,0.75,0.1
27.08.2021 01:01:07.110,1.36836,1.3683100000000001,0.75,0.1
27.08.2021 01:01:07.212,1.36837,1.36833,0.94,0.1
27.08.2021 01:01:08.482,1.36838,1.3683200000000002,0.75,0.1
27.08.2021 01:01:27.209,1.36839,1.3683,0.94,0.1
27.08.2021 01:01:29.390,1.36838,1.3683200000000002,0.94,0.1
27.08.2021 01:01:36.541,1.36839,1.36833,0.94,0.1
27.08.2021 01:01:37.049,1.36839,1.3683,0.75,0.82
27.08.2021 01:01:37.150,1.36839,1.36833,0.75,0.1
27.08.2021 01:01:42.948,1.3684,1.36833,0.94,0.1
27.08.2021 01:01:47.108,1.3684100000000001,1.36833,0.75,0.1
27.08.2021 01:01:53.331,1.3684200000000002,1.36833,0.75,0.1
27.08.2021 01:01:55.287,1.3684500000000002,1.36836,0.19,0.1
27.08.2021 01:01:55.389,1.3684500000000002,1.36838,1.69,0.1
27.08.2021 01:01:55.490,1.36846,1.36836,1.69,0.1
27.08.2021 01:01:55.593,1.3684500000000002,1.36836,0.19,0.1
27.08.2021 01:01:56.067,1.36844,1.36838,0.19,0.1
27.08.2021 01:02:01.079,1.36844,1.36836,0.19,0.75
27.08.2021 01:02:01.181,1.36844,1.36836,0.19,0.1
27.08.2021 01:02:01.796,1.3684500000000002,1.3684,0.19,0.1
27.08.2021 01:02:01.897,1.36847,1.36839,0.94,0.1
27.08.2021 01:02:02.146,1.36846,1.36838,0.19,0.75
27.08.2021 01:02:02.248,1.36847,1.36839,0.19,0.1
27.08.2021 01:02:02.852,1.36848,1.3684,0.94,0.1
27.08.2021 01:02:03.257,1.36847,1.36838,0.19,0.75
27.08.2021 01:02:07.048,1.36848,1.36839,0.94,0.1
27.08.2021 01:02:07.150,1.36849,1.3684,1.69,0.1
27.08.2021 01:02:07.252,1.36848,1.3684200000000002,0.94,0.1
27.08.2021 01:02:07.467,1.36849,1.3684,0.19,0.1
27.08.2021 01:02:10.963,1.36849,1.3684100000000001,0.94,0.1
27.08.2021 01:02:18.234,1.36849,1.3684200000000002,1.69,0.1
27.08.2021 01:02:18.343,1.36849,1.3684100000000001,1.69,0.1
27.08.2021 01:02:26.596,1.36853,1.3684500000000002,7.87,1.5
27.08.2021 01:02:26.698,1.36853,1.36846,7.5,1.5
27.08.2021 01:02:26.850,1.36857,1.3684500000000002,0.19,1.5
27.08.2021 01:02:27.121,1.36856,1.36844,1.69,1.87
27.08.2021 01:02:28.560,1.36853,1.36843,1.69,1.2
27.08.2021 01:02:30.087,1.36853,1.36846,0.19,0.75
27.08.2021 01:02:30.189,1.36854,1.36847,1.31,0.75
27.08.2021 01:02:30.290,1.3685500000000002,1.36847,0.19,0.75
27.08.2021 01:02:30.392,1.36857,1.36846,0.19,0.75
27.08.2021 01:02:33.234,1.36857,1.3684500000000002,0.94,1.5
27.08.2021 01:02:33.508,1.36856,1.3684500000000002,0.19,1.5
27.08.2021 01:02:47.663,1.3685100000000001,1.36843,0.19,0.37
27.08.2021 01:02:47.714,1.3685,1.3684200000000002,1.69,2.29
27.08.2021 01:02:47.766,1.3685,1.36839,1.69,7.5
27.08.2021 01:02:47.869,1.36848,1.3684,1.69,7.5
27.08.2021 01:02:47.970,1.36848,1.36836,0.75,2.06
27.08.2021 01:02:48.174,1.36846,1.36837,0.19,1.5
27.08.2021 01:02:49.121,1.3684500000000002,1.36835,1.69,0.75
27.08.2021 01:02:49.223,1.36844,1.3683400000000001,0.19,1.57
27.08.2021 01:02:59.988,1.3684,1.36833,1.69,2.62
27.08.2021 01:03:00.039,1.36839,1.36828,0.94,1.57
27.08.2021 01:03:00.242,1.36837,1.36827,0.75,1.76
27.08.2021 01:03:00.495,1.36837,1.36828,0.94,0.1
27.08.2021 01:03:00.644,1.36836,1.36827,1.69,0.1
27.08.2021 01:03:01.103,1.36837,1.36825,1.69,0.82
27.08.2021 01:03:02.383,1.36835,1.36826,0.19,0.82
27.08.2021 01:03:03.843,1.36835,1.36825,0.19,2.32
27.08.2021 01:03:05.192,1.36835,1.3682400000000001,0.94,0.1
27.08.2021 01:03:05.294,1.3683400000000001,1.3682400000000001,0.94,0.82
27.08.2021 01:03:06.679,1.3683400000000001,1.36825,0.94,0.1
27.08.2021 01:03:07.108,1.36833,1.3682400000000001,0.75,0.1
27.08.2021 01:03:07.667,1.3683400000000001,1.3682200000000002,1.5,4.57
27.08.2021 01:03:09.790,1.36833,1.3682200000000002,1.5,4.2
27.08.2021 01:03:09.892,1.36833,1.36823,0.75,0.75
27.08.2021 01:03:10.017,1.36833,1.3682200000000002,1.5,1.57
27.08.2021 01:03:14.929,1.3683200000000002,1.3682200000000002,0.75,0.75
27.08.2021 01:03:16.250,1.3683,1.36819,1.69,5.4
27.08.2021 01:03:16.353,1.36829,1.36819,0.75,1.65
27.08.2021 01:03:16.455,1.36829,1.36818,0.75,0.37
27.08.2021 01:03:16.606,1.36828,1.36818,0.75,2.32
27.08.2021 01:03:17.008,1.36828,1.36819,0.75,0.1
27.08.2021 01:03:37.825,1.36827,1.36819,0.75,0.1
27.08.2021 01:03:50.145,1.36827,1.36817,0.75,1.95
27.08.2021 01:04:14.363,1.3682,1.36815,0.75,1.5
27.08.2021 01:04:14.465,1.3682,1.36813,0.94,0.75
27.08.2021 01:04:14.617,1.3682,1.3681200000000002,1.69,0.75
27.08.2021 01:04:15.022,1.3682,1.36813,0.75,0.75
27.08.2021 01:04:15.124,1.3682100000000001,1.3681200000000002,1.5,0.1
27.08.2021 01:04:15.510,1.3682100000000001,1.3681100000000002,0.75,0.1
27.08.2021 01:04:17.448,1.3682100000000001,1.3681200000000002,0.75,0.75
27.08.2021 01:04:21.025,1.3682,1.3681200000000002,0.75,1.01
27.08.2021 01:04:22.391,1.36819,1.3681,1.5,0.1
27.08.2021 01:04:22.493,1.36818,1.36809,0.75,0.82
27.08.2021 01:04:24.172,1.36818,1.36808,0.75,0.82
27.08.2021 01:04:26.461,1.36818,1.36809,1.5,0.82
27.08.2021 01:04:27.102,1.36818,1.3681,0.75,0.75
27.08.2021 01:04:27.204,1.3682,1.36809,1.5,0.82
27.08.2021 01:04:30.375,1.36818,1.36809,0.75,0.82
27.08.2021 01:04:30.477,1.36817,1.36809,0.75,0.1
27.08.2021 01:04:30.578,1.36818,1.3680700000000001,0.75,0.82
27.08.2021 01:04:31.246,1.36819,1.3680700000000001,1.5,0.82
27.08.2021 01:04:31.903,1.36813,1.3680700000000001,0.19,0.75
27.08.2021 01:04:31.954,1.3681200000000002,1.36805,0.94,1.5
27.08.2021 01:04:32.005,1.36809,1.3680100000000002,0.19,9.34
27.08.2021 01:04:32.157,1.36809,1.368,0.94,0.1
27.08.2021 01:04:33.430,1.36808,1.36799,0.75,0.1
27.08.2021 01:04:36.998,1.36809,1.3679700000000001,1.5,0.82
27.08.2021 01:04:38.605,1.36808,1.36799,1.5,0.1
27.08.2021 01:04:39.017,1.36809,1.3680100000000002,0.75,0.75
27.08.2021 01:04:39.119,1.36813,1.36806,0.82,0.1
27.08.2021 01:04:39.170,1.36816,1.3680700000000001,0.19,0.82
27.08.2021 01:04:39.272,1.36817,1.3680700000000001,0.19,0.1
27.08.2021 01:04:40.189,1.36816,1.3680700000000001,0.19,0.82
27.08.2021 01:04:42.684,1.36816,1.36808,0.19,0.1
27.08.2021 01:04:42.971,1.36817,1.36808,0.94,0.1
27.08.2021 01:04:44.397,1.36816,1.36808,0.19,0.1
27.08.2021 01:04:44.958,1.36816,1.3680700000000001,0.19,2.32
27.08.2021 01:04:50.576,1.36816,1.36808,0.94,0.1
27.08.2021 01:04:51.831,1.36816,1.3680700000000001,0.19,0.82
27.08.2021 01:04:52.652,1.36816,1.36808,0.19,0.1
27.08.2021 01:04:57.229,1.36816,1.3680700000000001,0.19,1.57
27.08.2021 01:05:03.537,1.36816,1.36808,0.19,0.1
27.08.2021 01:05:04.223,1.36817,1.36806,0.19,1.57
27.08.2021 01:05:04.430,1.36816,1.36808,0.19,0.1
27.08.2021 01:05:07.725,1.36816,1.3680700000000001,0.19,1.57
27.08.2021 01:05:15.465,1.36817,1.3680700000000001,0.19,0.1
27.08.2021 01:05:21.493,1.36817,1.36806,0.19,2.32
27.08.2021 01:05:21.696,1.36816,1.36808,0.19,0.1
27.08.2021 01:05:42.645,1.36817,1.36806,0.19,2.32
27.08.2021 01:05:44.401,1.36818,1.36806,1.69,1.57
27.08.2021 01:05:47.401,1.36818,1.3680700000000001,0.75,0.1
27.08.2021 01:06:03.045,1.3682200000000002,1.3681400000000001,3.71,0.37
27.08.2021 01:06:03.096,1.3682400000000001,1.36815,0.37,1.12
27.08.2021 01:06:03.198,1.3682400000000001,1.36817,7.5,0.1
27.08.2021 01:06:03.250,1.36826,1.36817,0.64,0.1
27.08.2021 01:06:03.403,1.36828,1.36816,1.69,0.1
27.08.2021 01:06:06.781,1.36827,1.36816,0.75,0.1
27.08.2021 01:06:08.357,1.36827,1.36815,1.69,1.95
27.08.2021 01:06:11.907,1.36819,1.3681400000000001,0.75,0.75
27.08.2021 01:06:11.958,1.36819,1.3681100000000002,0.19,1.91
27.08.2021 01:06:12.059,1.3682100000000001,1.3681100000000002,0.94,0.1
27.08.2021 01:06:12.161,1.3682,1.3681100000000002,0.75,0.1
27.08.2021 01:06:22.700,1.36818,1.36809,0.75,0.1
27.08.2021 01:06:22.801,1.36818,1.36808,1.5,0.26
27.08.2021 01:06:22.903,1.36817,1.36808,0.75,0.26
27.08.2021 01:06:23.258,1.36818,1.36809,1.5,0.1
27.08.2021 01:06:23.360,1.36819,1.36809,0.75,0.1
27.08.2021 01:06:23.615,1.36819,1.36808,1.5,0.1
27.08.2021 01:06:24.404,1.36818,1.36808,0.75,0.1
27.08.2021 01:06:35.232,1.36817,1.36808,0.75,0.82
27.08.2021 01:06:39.061,1.36817,1.3681,0.75,0.1
27.08.2021 01:06:39.607,1.36817,1.36809,0.75,0.1
27.08.2021 01:06:55.763,1.36817,1.36808,0.75,0.1
27.08.2021 01:06:56.280,1.36817,1.3680700000000001,0.75,2.32
27.08.2021 01:07:00.483,1.36817,1.36806,0.75,0.82
27.08.2021 01:07:04.002,1.36816,1.36808,0.75,1.57
27.08.2021 01:07:04.104,1.36818,1.3680700000000001,0.75,0.82
27.08.2021 01:07:04.205,1.36817,1.36809,0.75,0.1
27.08.2021 01:07:07.781,1.3682,1.36809,0.75,0.1
27.08.2021 01:07:07.882,1.36819,1.3681100000000002,0.75,0.1
27.08.2021 01:07:21.671,1.3682100000000001,1.3681,0.75,0.1
27.08.2021 01:07:34.501,1.36819,1.36808,0.75,0.82
27.08.2021 01:07:36.871,1.36818,1.36808,0.75,0.82
27.08.2021 01:07:42.546,1.36818,1.36809,0.75,0.82
27.08.2021 01:07:42.648,1.36819,1.36809,0.75,0.82
27.08.2021 01:07:48.313,1.3682,1.36809,0.75,0.1
27.08.2021 01:08:30.340,1.3682100000000001,1.36809,0.75,0.82
27.08.2021 01:08:34.813,1.36819,1.36809,1.5,2.32
27.08.2021 01:08:43.403,1.36819,1.36808,1.5,1.57
27.08.2021 01:08:48.691,1.36818,1.36808,0.75,1.5
27.08.2021 01:08:48.999,1.3682,1.3680700000000001,3.07,1.5
27.08.2021 01:08:49.222,1.36818,1.36808,1.5,1.5
27.08.2021 01:08:49.529,1.3682,1.3680700000000001,3.07,1.5
27.08.2021 01:08:49.661,1.36819,1.3680700000000001,0.75,1.5
27.08.2021 01:08:49.778,1.3682,1.3680700000000001,3.07,1.5
27.08.2021 01:08:55.386,1.36818,1.36808,0.75,1.5
27.08.2021 01:08:55.712,1.36819,1.36808,4.57,1.5
27.08.2021 01:08:55.982,1.36819,1.3680700000000001,0.75,1.5
27.08.2021 01:08:56.083,1.3682,1.3680700000000001,3.82,1.5
27.08.2021 01:08:59.779,1.36819,1.3680700000000001,0.75,1.5
27.08.2021 01:09:00.034,1.36819,1.36808,4.01,1.5
27.08.2021 01:09:19.825,1.36818,1.3680700000000001,0.75,0.75
27.08.2021 01:09:27.119,1.36818,1.36808,0.75,0.75
27.08.2021 01:09:28.955,1.36819,1.36808,0.75,0.75
27.08.2021 01:09:45.009,1.36819,1.3680700000000001,0.75,1.76
27.08.2021 01:10:09.558,1.3682200000000002,1.3681,3.64,0.82
27.08.2021 01:10:51.316,1.3682100000000001,1.3681,1.5,3.45
27.08.2021 01:10:53.173,1.3682200000000002,1.3681100000000002,0.75,0.75
27.08.2021 01:10:53.932,1.3682200000000002,1.3681,0.94,0.75
27.08.2021 01:10:54.383,1.36825,1.36817,1.57,0.75
27.08.2021 01:10:54.484,1.36827,1.36816,8.62,0.75
27.08.2021 01:10:54.636,1.36828,1.36816,0.75,0.75
27.08.2021 01:10:56.751,1.36828,1.36817,0.75,0.75
27.08.2021 01:10:57.990,1.36829,1.36817,1.2,0.75
27.08.2021 01:11:01.743,1.36829,1.36818,0.75,0.75
27.08.2021 01:11:12.319,1.36828,1.36818,1.5,0.75
27.08.2021 01:11:12.572,1.36826,1.36819,0.75,0.75
27.08.2021 01:11:13.030,1.36828,1.36818,1.5,0.75
27.08.2021 01:11:16.256,1.36826,1.36819,0.75,0.75
27.08.2021 01:11:18.392,1.36827,1.36819,1.5,0.75
27.08.2021 01:11:19.579,1.36829,1.36818,2.32,0.75
27.08.2021 01:11:20.116,1.36828,1.36818,0.75,0.75
27.08.2021 01:11:20.217,1.36828,1.36819,2.32,0.75
27.08.2021 01:11:20.726,1.36827,1.36819,0.75,0.75
27.08.2021 01:11:20.878,1.36828,1.36819,0.82,1.5
27.08.2021 01:11:26.836,1.3683,1.3682100000000001,1.95,0.75
27.08.2021 01:11:28.957,1.3683,1.3682200000000002,0.94,0.75
27.08.2021 01:11:32.558,1.3683100000000001,1.3682200000000002,2.7,0.75
27.08.2021 01:11:32.659,1.3683100000000001,1.36823,2.32,0.75
27.08.2021 01:11:35.220,1.3683200000000002,1.3682100000000001,2.32,0.75
27.08.2021 01:11:35.331,1.3683200000000002,1.3682,1.57,0.75
27.08.2021 01:11:37.352,1.36833,1.3682100000000001,1.57,0.75
27.08.2021 01:11:39.679,1.3683100000000001,1.3682200000000002,0.75,0.75
27.08.2021 01:11:45.254,1.36829,1.3682100000000001,1.5,0.75
27.08.2021 01:11:45.356,1.3683,1.3682100000000001,2.25,0.75
27.08.2021 01:11:49.595,1.3683100000000001,1.36819,0.75,0.82
27.08.2021 01:11:49.697,1.3683100000000001,1.3682100000000001,0.75,0.1
27.08.2021 01:12:00.584,1.3683,1.3682,0.75,1.57
27.08.2021 01:12:24.244,1.3683,1.36819,3,1.57
27.08.2021 01:12:50.460,1.3683,1.3682,1.5,0.75
27.08.2021 01:12:53.500,1.3683200000000002,1.36823,0.75,0.75
27.08.2021 01:12:53.601,1.3683200000000002,1.3682200000000002,0.75,0.82
27.08.2021 01:12:53.804,1.36833,1.36823,0.94,0.1
27.08.2021 01:13:02.222,1.3683200000000002,1.36826,0.75,0.37
27.08.2021 01:13:02.273,1.36837,1.36828,0.9,0.75
27.08.2021 01:13:02.374,1.36838,1.36828,0.45,0.75
27.08.2021 01:13:02.476,1.36838,1.36829,0.19,0.75
27.08.2021 01:13:02.815,1.36838,1.36828,0.75,0.75
27.08.2021 01:13:07.601,1.36838,1.36827,1.69,0.75
27.08.2021 01:13:09.845,1.36838,1.36828,0.94,0.75
27.08.2021 01:13:15.442,1.36837,1.36828,0.75,1.5
27.08.2021 01:13:15.629,1.36838,1.36828,1.69,1.5
27.08.2021 01:13:16.609,1.36838,1.36827,0.75,1.5
27.08.2021 01:13:16.862,1.36838,1.36828,1.69,1.5
27.08.2021 01:13:17.246,1.36837,1.36828,0.75,1.5
27.08.2021 01:13:17.879,1.36839,1.36827,1.69,1.5
27.08.2021 01:13:18.930,1.36837,1.36828,0.75,1.5
27.08.2021 01:13:20.649,1.36839,1.36827,2.44,0.75
27.08.2021 01:13:22.595,1.36837,1.36828,0.75,0.75
27.08.2021 01:13:22.914,1.36839,1.36827,2.44,0.75
27.08.2021 01:13:26.601,1.36837,1.36828,0.75,0.75
27.08.2021 01:13:29.153,1.36838,1.36828,1.5,0.75
27.08.2021 01:13:31.431,1.36839,1.36828,1.69,0.75
27.08.2021 01:13:32.053,1.36837,1.36829,0.75,0.75
27.08.2021 01:13:34.798,1.36838,1.36829,1.69,0.75
27.08.2021 01:13:39.953,1.36838,1.3683,0.19,0.75
27.08.2021 01:13:42.592,1.36838,1.36828,0.75,1.5
27.08.2021 01:13:42.898,1.36839,1.36828,1.69,1.5
27.08.2021 01:13:48.947,1.36838,1.3683,0.19,0.75
27.08.2021 01:14:00.239,1.36837,1.3683,0.75,0.75
27.08.2021 01:14:00.340,1.36836,1.3683,0.75,0.75
27.08.2021 01:14:00.499,1.36838,1.36829,1.5,0.75
27.08.2021 01:14:01.104,1.36839,1.36829,1.69,0.75
27.08.2021 01:14:06.199,1.3684,1.3683,0.19,0.75
27.08.2021 01:14:06.250,1.3684200000000002,1.3683,2.32,0.75
27.08.2021 01:14:08.226,1.36843,1.3683,0.75,2.32
27.08.2021 01:14:08.429,1.3684200000000002,1.3683,1.69,0.75
27.08.2021 01:14:09.571,1.3684100000000001,1.3683,0.94,0.75
27.08.2021 01:14:15.184,1.3684,1.3683,0.94,0.75
27.08.2021 01:14:29.635,1.36839,1.3683,1.5,0.75
27.08.2021 01:14:29.979,1.36839,1.36829,0.75,0.75
27.08.2021 01:14:30.688,1.36837,1.36829,0.75,0.75
27.08.2021 01:14:30.789,1.36837,1.36829,1.5,1.5
27.08.2021 01:14:31.399,1.36839,1.36828,1.5,1.5
27.08.2021 01:14:32.175,1.36838,1.36828,0.75,1.5
27.08.2021 01:14:32.418,1.36836,1.36829,0.75,1.5
27.08.2021 01:14:38.881,1.36837,1.36829,1.5,1.5
27.08.2021 01:14:39.103,1.36836,1.36829,0.75,1.5
27.08.2021 01:14:40.395,1.36837,1.36829,0.75,1.5
