Gmt time,Ask,Bid,AskVolume,BidVolume
25.08.2021 00:00:00.329,1.37254,1.37244,1.5,0.1
25.08.2021 00:00:06.740,1.3725500000000002,1.37244,0.75,0.1
25.08.2021 00:00:06.994,1.37257,1.37246,0.82,0.19
25.08.2021 00:00:07.096,1.37257,1.37247,1.76,0.1
25.08.2021 00:00:07.299,1.37259,1.37246,1.69,0.82
25.08.2021 00:00:09.571,1.37256,1.37246,1.57,0.1
25.08.2021 00:00:10.126,1.37257,1.37247,1.57,0.1
25.08.2021 00:00:10.278,1.37258,1.37247,2.25,0.1
25.08.2021 00:00:21.369,1.37258,1.37248,2.25,0.75
25.08.2021 00:00:21.420,1.37264,1.3725100000000001,3.26,0.1
25.08.2021 00:00:21.521,1.37263,1.37253,0.75,0.1
25.08.2021 00:00:22.310,1.37264,1.37253,1.95,0.1
25.08.2021 00:00:30.088,1.37266,1.37261,0.19,0.1
25.08.2021 00:00:30.139,1.37271,1.37263,0.56,0.1
25.08.2021 00:00:30.241,1.37271,1.3726200000000002,0.19,0.52
25.08.2021 00:00:30.292,1.37269,1.3726200000000002,0.75,0.45
25.08.2021 00:00:30.393,1.37268,1.37258,0.75,1.95
25.08.2021 00:00:30.495,1.37269,1.37256,0.75,1.27
25.08.2021 00:00:30.546,1.3727200000000002,1.3726200000000002,0.1,0.1
25.08.2021 00:00:30.698,1.37273,1.37263,2.89,0.1
25.08.2021 00:00:30.850,1.37274,1.37263,1.12,0.1
25.08.2021 00:00:31.507,1.3727500000000001,1.37263,2.51,0.1
25.08.2021 00:00:35.549,1.37274,1.3726500000000001,0.75,0.1
25.08.2021 00:00:36.151,1.3727500000000001,1.37263,0.82,0.82
25.08.2021 00:00:42.059,1.3727500000000001,1.37266,0.75,0.1
25.08.2021 00:00:42.162,1.3727600000000002,1.37264,0.82,0.1
25.08.2021 00:00:46.742,1.37274,1.3726500000000001,0.75,0.26
25.08.2021 00:01:01.551,1.37274,1.37264,0.82,0.1
25.08.2021 00:01:02.376,1.37274,1.3726500000000001,0.75,0.1
25.08.2021 00:01:08.401,1.37274,1.37267,0.75,0.75
25.08.2021 00:01:08.502,1.3728200000000002,1.3727600000000002,1.5,1.69
25.08.2021 00:01:08.604,1.3728200000000002,1.3727500000000001,0.75,0.75
25.08.2021 00:01:09.113,1.37284,1.37274,0.75,0.75
25.08.2021 00:01:17.616,1.37284,1.37273,0.75,0.45
25.08.2021 00:01:20.943,1.37284,1.37274,0.75,1.2
25.08.2021 00:01:24.331,1.3728500000000001,1.37274,0.75,0.75
25.08.2021 00:01:26.065,1.3728500000000001,1.37277,0.94,0.1
25.08.2021 00:01:26.367,1.3728500000000001,1.37279,0.19,0.1
25.08.2021 00:01:26.469,1.3728500000000001,1.37277,0.19,0.82
25.08.2021 00:01:33.785,1.3728500000000001,1.3727600000000002,0.19,1.57
25.08.2021 00:01:39.875,1.3728500000000001,1.37277,0.19,0.75
25.08.2021 00:01:39.926,1.3729200000000001,1.3728200000000002,0.94,0.1
25.08.2021 00:01:42.253,1.3729200000000001,1.37283,0.56,0.75
25.08.2021 00:01:44.280,1.3729200000000001,1.37284,0.37,0.82
25.08.2021 00:01:44.331,1.3729500000000001,1.3728500000000001,0.19,0.82
25.08.2021 00:01:44.433,1.3729600000000002,1.3728600000000002,0.19,2.32
25.08.2021 00:01:47.436,1.37298,1.3728500000000001,0.1,3.07
25.08.2021 00:01:47.537,1.37298,1.37287,1.01,0.1
25.08.2021 00:01:48.362,1.37298,1.37289,0.26,0.75
25.08.2021 00:01:48.463,1.37303,1.37293,0.1,0.82
25.08.2021 00:01:48.564,1.37305,1.37293,0.26,0.1
25.08.2021 00:01:49.302,1.37303,1.37293,0.1,2.32
25.08.2021 00:01:50.191,1.37304,1.37293,0.1,0.75
25.08.2021 00:01:51.640,1.37303,1.37293,0.1,2.32
25.08.2021 00:02:06.652,1.37299,1.3729,0.56,0.75
25.08.2021 00:02:06.703,1.3729600000000002,1.3728500000000001,0.19,0.1
25.08.2021 00:02:09.838,1.3729700000000002,1.3728600000000002,1.01,1.76
25.08.2021 00:02:09.939,1.37298,1.37287,0.75,0.1
25.08.2021 00:02:14.041,1.37299,1.37289,0.75,1.95
25.08.2021 00:02:14.560,1.37298,1.37289,0.75,0.1
25.08.2021 00:02:20.895,1.37301,1.3729,0.37,0.1
25.08.2021 00:02:20.996,1.37301,1.37291,0.37,0.1
25.08.2021 00:02:21.048,1.3730200000000001,1.3729200000000001,2.06,0.1
25.08.2021 00:02:29.765,1.37299,1.3729,0.75,0.45
25.08.2021 00:02:29.866,1.373,1.37288,1.5,0.45
25.08.2021 00:02:29.968,1.37299,1.37288,1.5,1.2
25.08.2021 00:02:30.069,1.373,1.37291,0.26,0.22
25.08.2021 00:02:30.171,1.373,1.3729,1.5,0.1
25.08.2021 00:02:30.273,1.37299,1.3729,1.5,0.1
25.08.2021 00:02:31.585,1.37298,1.37289,1.5,0.1
25.08.2021 00:02:35.494,1.37298,1.37288,0.75,0.1
25.08.2021 00:02:46.612,1.3729600000000002,1.37284,1.57,0.9
25.08.2021 00:02:46.663,1.37293,1.3728500000000001,1.5,0.52
25.08.2021 00:02:46.765,1.37293,1.37284,1.5,0.1
25.08.2021 00:03:10.337,1.37294,1.3728200000000002,2.51,0.82
25.08.2021 00:03:10.438,1.3729,1.3728,1.5,0.1
25.08.2021 00:03:11.223,1.37289,1.3728,1.5,0.1
25.08.2021 00:03:11.427,1.37289,1.37279,1.5,0.1
25.08.2021 00:03:11.530,1.37289,1.37278,1.5,0.82
25.08.2021 00:03:15.954,1.37287,1.37279,0.75,0.82
25.08.2021 00:03:19.307,1.3729,1.3728,0.75,0.1
25.08.2021 00:03:19.409,1.37288,1.3728,0.75,0.1
25.08.2021 00:03:19.511,1.37287,1.3728,1.5,0.1
25.08.2021 00:03:20.443,1.37288,1.37278,1.5,0.82
25.08.2021 00:03:32.849,1.37289,1.3728,0.75,0.1
25.08.2021 00:03:33.963,1.37289,1.37278,0.75,0.82
25.08.2021 00:03:36.443,1.37287,1.37279,0.75,0.82
25.08.2021 00:03:55.627,1.37284,1.3727500000000001,0.75,1.01
25.08.2021 00:03:55.779,1.37283,1.3727500000000001,0.75,0.1
25.08.2021 00:03:57.924,1.3728500000000001,1.3727600000000002,0.75,0.1
25.08.2021 00:03:58.026,1.3728600000000002,1.3727600000000002,0.75,0.1
25.08.2021 00:03:58.243,1.37283,1.3727600000000002,0.75,0.1
25.08.2021 00:03:58.345,1.37283,1.3727500000000001,0.75,1.2
25.08.2021 00:03:59.306,1.3728500000000001,1.3727500000000001,0.75,1.2
25.08.2021 00:04:02.374,1.3728500000000001,1.3727600000000002,0.75,2.25
25.08.2021 00:04:02.425,1.3729,1.37279,0.75,0.26
25.08.2021 00:04:02.527,1.37289,1.37279,0.75,0.26
25.08.2021 00:04:12.446,1.3729200000000001,1.37281,1.5,0.1
25.08.2021 00:04:12.598,1.3729200000000001,1.3728200000000002,1.5,0.1
25.08.2021 00:04:12.801,1.37291,1.3728200000000002,0.75,0.1
25.08.2021 00:04:12.902,1.37291,1.37283,0.75,0.1
25.08.2021 00:04:13.373,1.3729200000000001,1.37281,1.5,0.1
25.08.2021 00:04:13.474,1.37291,1.37283,1.5,0.1
25.08.2021 00:04:14.280,1.3729200000000001,1.37281,0.75,0.1
25.08.2021 00:04:14.382,1.3729200000000001,1.3728200000000002,0.75,0.19
25.08.2021 00:04:14.483,1.37291,1.37284,0.75,0.1
25.08.2021 00:04:16.171,1.37291,1.37283,0.75,0.26
25.08.2021 00:04:18.680,1.3729200000000001,1.37284,0.75,0.1
25.08.2021 00:04:18.781,1.37291,1.3728600000000002,0.75,0.1
25.08.2021 00:04:18.934,1.3729600000000002,1.37288,0.75,0.1
25.08.2021 00:04:19.855,1.373,1.37289,0.75,0.1
25.08.2021 00:04:19.956,1.37298,1.37289,0.75,0.64
25.08.2021 00:04:34.128,1.37301,1.37291,0.75,0.82
25.08.2021 00:04:34.179,1.37301,1.37293,0.75,0.1
25.08.2021 00:04:37.162,1.37301,1.3729200000000001,0.75,0.1
25.08.2021 00:04:37.264,1.37299,1.37291,0.75,0.1
25.08.2021 00:04:37.315,1.373,1.37288,0.75,2.02
25.08.2021 00:04:45.953,1.37299,1.3729,0.75,0.75
25.08.2021 00:04:46.004,1.37301,1.3729200000000001,0.75,0.1
25.08.2021 00:04:47.385,1.3730200000000001,1.37293,0.75,0.1
25.08.2021 00:04:48.205,1.37303,1.37293,0.75,0.1
25.08.2021 00:04:48.307,1.37303,1.37294,0.75,0.1
25.08.2021 00:04:49.068,1.37303,1.37293,0.75,0.1
25.08.2021 00:04:52.927,1.37303,1.37294,0.75,0.1
25.08.2021 00:04:55.187,1.37305,1.37293,0.75,0.1
25.08.2021 00:04:57.498,1.37304,1.37293,0.75,0.1
25.08.2021 00:05:34.278,1.3730600000000002,1.3729700000000002,0.75,1.2
25.08.2021 00:05:34.329,1.37308,1.373,2.19,2.14
25.08.2021 00:05:34.430,1.37311,1.37301,0.75,1.2
25.08.2021 00:05:34.633,1.37311,1.3730200000000001,0.75,0.1
25.08.2021 00:05:45.474,1.37311,1.37301,0.75,0.1
25.08.2021 00:05:50.923,1.3731200000000001,1.37301,0.75,0.1
25.08.2021 00:06:01.054,1.37311,1.37303,0.75,0.45
25.08.2021 00:06:01.105,1.37313,1.3730600000000002,0.37,0.26
25.08.2021 00:06:01.207,1.37314,1.3730600000000002,0.75,0.26
25.08.2021 00:06:01.359,1.37314,1.3730700000000002,0.75,0.1
25.08.2021 00:06:01.612,1.3731600000000002,1.3730600000000002,0.75,0.26
25.08.2021 00:06:02.020,1.3731700000000002,1.3730700000000002,0.75,0.37
25.08.2021 00:06:02.862,1.3731900000000001,1.3731200000000001,1.5,0.1
25.08.2021 00:06:02.913,1.37322,1.3731,0.75,1.57
25.08.2021 00:06:02.964,1.37321,1.37313,0.75,0.1
25.08.2021 00:06:03.541,1.37322,1.37313,0.75,0.1
25.08.2021 00:06:03.643,1.3731900000000001,1.37311,0.75,0.1
25.08.2021 00:06:03.744,1.3732,1.37309,0.75,0.1
25.08.2021 00:06:04.759,1.3732,1.37308,0.75,1.2
25.08.2021 00:06:06.075,1.37321,1.3731200000000001,0.75,0.1
25.08.2021 00:06:09.670,1.37323,1.3731200000000001,0.75,0.1
25.08.2021 00:06:19.943,1.3732,1.3731200000000001,0.75,0.19
25.08.2021 00:06:20.044,1.3732,1.37311,0.75,0.56
25.08.2021 00:06:20.740,1.3731600000000002,1.37308,0.75,0.75
25.08.2021 00:06:20.841,1.37315,1.3730700000000002,0.75,0.82
25.08.2021 00:06:20.892,1.3731600000000002,1.37304,0.75,2.7
25.08.2021 00:06:21.006,1.3731600000000002,1.37305,0.75,0.45
25.08.2021 00:06:21.784,1.37314,1.37305,0.75,0.1
25.08.2021 00:06:22.543,1.37314,1.37304,0.75,0.1
25.08.2021 00:06:29.660,1.37313,1.37304,0.75,0.1
25.08.2021 00:06:41.375,1.37313,1.37301,0.75,0.1
25.08.2021 00:06:44.385,1.37311,1.37303,0.75,0.1
25.08.2021 00:06:45.172,1.37311,1.3730200000000001,0.75,0.1
25.08.2021 00:06:52.655,1.37313,1.37301,0.75,0.1
25.08.2021 00:06:52.907,1.37311,1.3730200000000001,0.75,0.1
25.08.2021 00:07:01.712,1.3731200000000001,1.3730200000000001,0.75,0.1
25.08.2021 00:07:09.554,1.37314,1.37301,1.76,0.1
25.08.2021 00:07:09.656,1.37314,1.3730200000000001,1.69,0.1
25.08.2021 00:07:09.757,1.3731200000000001,1.37303,0.75,0.1
25.08.2021 00:07:10.890,1.3731200000000001,1.3730200000000001,0.75,0.26
25.08.2021 00:07:11.162,1.3731200000000001,1.37303,0.75,0.1
25.08.2021 00:07:15.273,1.37313,1.37303,0.75,0.1
25.08.2021 00:07:18.295,1.37313,1.37304,0.75,0.1
25.08.2021 00:07:22.026,1.37313,1.37303,0.75,0.26
25.08.2021 00:07:22.408,1.37314,1.37303,0.75,0.1
25.08.2021 00:07:22.510,1.37314,1.37304,0.75,0.1
25.08.2021 00:07:23.871,1.37314,1.37305,0.75,0.1
25.08.2021 00:07:25.399,1.37315,1.37303,0.75,0.1
25.08.2021 00:07:50.175,1.37314,1.37303,0.75,0.1
25.08.2021 00:07:50.277,1.3731200000000001,1.37303,0.75,0.1
25.08.2021 00:07:51.327,1.37314,1.3730200000000001,0.75,0.1
25.08.2021 00:07:51.632,1.37314,1.37303,0.75,0.1
25.08.2021 00:07:54.402,1.37314,1.37304,0.75,0.26
25.08.2021 00:07:54.504,1.37315,1.37304,0.75,0.1
25.08.2021 00:07:54.606,1.3731700000000002,1.3730600000000002,0.75,0.26
25.08.2021 00:07:54.758,1.37318,1.3730700000000002,0.75,0.45
25.08.2021 00:07:55.633,1.3732,1.3731200000000001,0.75,0.19
25.08.2021 00:07:56.193,1.37322,1.3731200000000001,0.75,0.26
25.08.2021 00:07:56.553,1.37323,1.3731200000000001,0.75,0.1
25.08.2021 00:07:58.118,1.3731700000000002,1.3731,0.75,0.75
25.08.2021 00:07:58.169,1.37318,1.37309,1.69,0.82
25.08.2021 00:08:06.132,1.3731700000000002,1.37309,0.75,0.1
25.08.2021 00:08:08.145,1.37314,1.37308,0.75,0.19
25.08.2021 00:08:08.197,1.37314,1.37304,0.75,0.82
25.08.2021 00:08:08.350,1.37313,1.37304,0.75,0.1
25.08.2021 00:08:27.634,1.37314,1.3730700000000002,0.75,0.37
25.08.2021 00:08:27.833,1.37314,1.37309,0.75,0.37
25.08.2021 00:08:27.884,1.37315,1.37304,0.75,1.95
25.08.2021 00:08:27.935,1.37315,1.3730700000000002,0.75,0.1
25.08.2021 00:08:33.445,1.3731600000000002,1.3730700000000002,0.75,0.1
25.08.2021 00:08:38.067,1.37315,1.3730700000000002,0.75,0.1
25.08.2021 00:08:39.842,1.37315,1.3730600000000002,0.75,1.2
25.08.2021 00:09:06.055,1.3731700000000002,1.37305,0.75,1.2
25.08.2021 00:09:10.889,1.3731600000000002,1.37305,0.75,0.1
25.08.2021 00:09:14.527,1.37313,1.37305,0.75,0.26
25.08.2021 00:09:15.502,1.37314,1.37303,0.75,0.26
25.08.2021 00:09:17.656,1.3731200000000001,1.37304,0.75,0.1
25.08.2021 00:09:20.493,1.37311,1.3730200000000001,0.75,1.2
25.08.2021 00:09:25.015,1.37313,1.37301,0.75,0.82
25.08.2021 00:09:29.154,1.3731200000000001,1.37301,0.75,0.82
25.08.2021 00:09:42.009,1.37311,1.37301,0.75,0.1
25.08.2021 00:09:46.006,1.37311,1.373,0.75,2.7
25.08.2021 00:09:46.183,1.37311,1.37303,0.75,0.26
25.08.2021 00:09:48.164,1.37309,1.37301,0.75,0.64
25.08.2021 00:09:48.266,1.3731,1.3730200000000001,0.75,0.26
25.08.2021 00:09:49.251,1.3731200000000001,1.37303,0.75,0.26
25.08.2021 00:09:49.504,1.3731200000000001,1.37304,0.75,0.26
25.08.2021 00:09:58.107,1.3731200000000001,1.37303,0.75,0.1
25.08.2021 00:09:58.208,1.37311,1.37303,0.75,0.26
25.08.2021 00:09:58.420,1.3731200000000001,1.37303,0.75,0.1
25.08.2021 00:09:59.841,1.37311,1.37303,0.75,0.26
25.08.2021 00:10:02.397,1.3731200000000001,1.37303,0.75,0.1
25.08.2021 00:10:02.768,1.3731200000000001,1.3730200000000001,0.75,0.26
25.08.2021 00:10:03.557,1.3731200000000001,1.37303,0.75,0.26
25.08.2021 00:10:04.473,1.37313,1.37303,0.75,0.1
25.08.2021 00:10:04.575,1.37313,1.37304,0.75,0.1
25.08.2021 00:10:04.778,1.37313,1.37305,0.75,0.26
25.08.2021 00:10:04.829,1.37315,1.37305,0.75,0.26
25.08.2021 00:10:05.193,1.37314,1.3730700000000002,0.75,0.1
25.08.2021 00:10:05.735,1.3731200000000001,1.37305,0.75,0.26
25.08.2021 00:10:05.887,1.3731200000000001,1.37303,0.75,0.26
25.08.2021 00:10:08.170,1.3731200000000001,1.3730200000000001,0.75,0.26
25.08.2021 00:10:08.436,1.37311,1.3730200000000001,0.75,1.01
25.08.2021 00:10:11.036,1.3731200000000001,1.3730200000000001,0.75,0.1
25.08.2021 00:10:14.119,1.3731,1.37303,0.75,0.26
25.08.2021 00:10:14.221,1.37308,1.37301,0.75,0.37
25.08.2021 00:10:14.374,1.3730600000000002,1.37299,0.75,1.12
25.08.2021 00:11:05.664,1.3730600000000002,1.37298,0.75,0.75
25.08.2021 00:11:14.665,1.37303,1.3729600000000002,0.75,0.37
25.08.2021 00:11:14.766,1.37304,1.37294,0.75,0.1
25.08.2021 00:11:16.271,1.37303,1.37293,0.75,0.1
25.08.2021 00:11:27.874,1.3730200000000001,1.3729200000000001,0.75,0.1
25.08.2021 00:11:29.103,1.37301,1.3729200000000001,0.75,0.1
25.08.2021 00:11:29.204,1.37301,1.37293,1.5,0.1
25.08.2021 00:11:30.144,1.373,1.37293,0.75,0.1
25.08.2021 00:11:33.492,1.37301,1.37293,1.5,0.1
25.08.2021 00:11:43.245,1.37301,1.3729200000000001,0.75,0.1
25.08.2021 00:11:43.296,1.37299,1.37291,1.5,0.75
25.08.2021 00:11:43.936,1.37299,1.37289,1.5,0.75
25.08.2021 00:11:44.037,1.37298,1.37289,1.5,1.2
25.08.2021 00:11:44.516,1.3729700000000002,1.37289,0.75,1.2
25.08.2021 00:11:44.995,1.37294,1.3728600000000002,1.5,0.1
25.08.2021 00:11:45.096,1.37293,1.3728500000000001,0.75,0.1
25.08.2021 00:11:52.439,1.3729200000000001,1.3728500000000001,0.75,0.1
25.08.2021 00:11:57.542,1.37294,1.37284,0.75,0.1
25.08.2021 00:12:01.240,1.3729200000000001,1.3728500000000001,0.75,0.1
25.08.2021 00:12:01.403,1.37293,1.37283,1.5,0.1
25.08.2021 00:12:01.504,1.3729200000000001,1.37283,0.75,0.1
25.08.2021 00:12:01.606,1.37291,1.37283,0.75,0.26
25.08.2021 00:12:03.853,1.3729200000000001,1.37283,0.75,0.26
25.08.2021 00:12:04.540,1.3729200000000001,1.3728200000000002,0.75,0.1
25.08.2021 00:12:04.643,1.3729200000000001,1.37281,0.75,0.26
25.08.2021 00:12:05.340,1.3729,1.37281,0.75,2.14
25.08.2021 00:12:14.378,1.3729,1.3728200000000002,0.75,0.1
25.08.2021 00:12:20.691,1.37291,1.3728200000000002,0.75,0.26
25.08.2021 00:12:20.793,1.37291,1.37283,0.75,0.26
25.08.2021 00:12:20.895,1.3729200000000001,1.37283,0.75,0.1
25.08.2021 00:12:21.098,1.37293,1.37283,0.75,0.1
25.08.2021 00:12:34.590,1.37293,1.37284,0.75,0.19
25.08.2021 00:12:34.641,1.37294,1.3728500000000001,0.75,1.01
25.08.2021 00:12:34.844,1.37294,1.3728600000000002,0.75,0.19
25.08.2021 00:12:35.103,1.3729600000000002,1.3728600000000002,1.5,0.26
25.08.2021 00:12:35.272,1.3729600000000002,1.37287,0.75,0.1
25.08.2021 00:12:35.374,1.3729700000000002,1.37287,0.75,0.19
25.08.2021 00:12:36.611,1.37301,1.3729,0.75,0.1
25.08.2021 00:12:36.714,1.3730200000000001,1.37291,0.75,0.1
25.08.2021 00:12:36.816,1.37301,1.37293,0.75,0.1
25.08.2021 00:12:36.919,1.3730200000000001,1.37293,0.75,0.1
25.08.2021 00:12:46.734,1.37303,1.37291,0.82,0.1
25.08.2021 00:12:46.837,1.37301,1.37289,0.82,0.82
25.08.2021 00:12:54.061,1.37299,1.3729,0.75,0.1
25.08.2021 00:13:12.186,1.3729700000000002,1.37287,0.75,0.1
25.08.2021 00:13:12.287,1.3729600000000002,1.37287,0.75,0.1
25.08.2021 00:13:20.402,1.3729500000000001,1.3728600000000002,0.75,0.1
25.08.2021 00:13:22.151,1.37294,1.3728500000000001,0.75,0.1
25.08.2021 00:13:26.022,1.3729500000000001,1.3728600000000002,2.25,0.1
25.08.2021 00:13:26.531,1.3729600000000002,1.3728600000000002,0.75,0.1
25.08.2021 00:13:27.151,1.3729600000000002,1.37287,1.5,0.1
25.08.2021 00:13:43.943,1.3729500000000001,1.3728600000000002,0.75,0.1
25.08.2021 00:13:44.044,1.3729500000000001,1.3728500000000001,0.75,0.1
25.08.2021 00:13:44.203,1.3729500000000001,1.37284,0.75,0.45
25.08.2021 00:14:01.641,1.3729500000000001,1.37283,1.57,0.45
25.08.2021 00:14:04.245,1.37294,1.3728200000000002,0.1,0.45
25.08.2021 00:14:24.153,1.3729600000000002,1.37284,1.57,0.26
25.08.2021 00:14:24.254,1.3729600000000002,1.3728500000000001,0.75,0.1
25.08.2021 00:14:24.415,1.3729600000000002,1.37284,0.82,0.26
25.08.2021 00:14:24.659,1.3729500000000001,1.3728600000000002,0.75,0.1
25.08.2021 00:14:28.444,1.3729700000000002,1.37287,0.75,1.76
25.08.2021 00:14:28.548,1.37298,1.37289,0.75,0.1
25.08.2021 00:14:28.701,1.37301,1.3729200000000001,1.2,0.26
25.08.2021 00:14:28.804,1.37303,1.37293,0.75,1.2
25.08.2021 00:14:28.906,1.37304,1.37293,0.75,0.75
25.08.2021 00:14:30.904,1.37304,1.37294,1.5,0.82
25.08.2021 00:14:31.006,1.37305,1.3729500000000001,1.5,0.45
25.08.2021 00:14:31.158,1.3730600000000002,1.3729600000000002,2.25,0.1
25.08.2021 00:14:32.116,1.37308,1.37301,1.2,0.19
25.08.2021 00:14:32.218,1.3731200000000001,1.373,0.82,0.19
25.08.2021 00:14:33.720,1.3731,1.373,0.82,0.19
25.08.2021 00:14:36.476,1.3731,1.37299,2.51,1.01
25.08.2021 00:14:36.807,1.37309,1.37299,0.19,0.82
25.08.2021 00:14:39.535,1.3731,1.37299,1.95,1.95
25.08.2021 00:14:39.637,1.37311,1.37299,0.94,1.57
25.08.2021 00:14:39.802,1.3731,1.37301,0.94,0.1
25.08.2021 00:14:40.078,1.37311,1.37299,0.94,1.57
25.08.2021 00:14:42.494,1.37311,1.373,0.19,0.1
25.08.2021 00:14:42.596,1.3731200000000001,1.37301,2.7,0.82
25.08.2021 00:14:42.697,1.37313,1.37301,1.2,0.75
25.08.2021 00:14:42.798,1.37313,1.373,1.95,0.82
25.08.2021 00:14:46.405,1.37313,1.37301,1.2,0.75
25.08.2021 00:14:46.556,1.37313,1.373,1.95,0.82
25.08.2021 00:14:48.818,1.3731200000000001,1.3730200000000001,1.95,0.75
25.08.2021 00:14:49.020,1.37311,1.37301,0.75,2.32
25.08.2021 00:14:49.530,1.37311,1.3730200000000001,0.75,0.75
25.08.2021 00:14:54.864,1.3731200000000001,1.3730200000000001,0.19,0.82
25.08.2021 00:15:00.481,1.37313,1.3730200000000001,1.01,1.57
25.08.2021 00:15:00.583,1.37314,1.37303,2.51,0.1
25.08.2021 00:15:03.278,1.37314,1.37304,0.94,0.1
25.08.2021 00:15:03.430,1.37315,1.37304,3.26,0.1
25.08.2021 00:15:11.874,1.37315,1.37303,0.75,0.82
25.08.2021 00:15:12.034,1.37315,1.37304,1.76,0.82
25.08.2021 00:15:15.941,1.3731600000000002,1.3730600000000002,1.69,0.1
25.08.2021 00:15:16.042,1.3731600000000002,1.37304,0.75,0.1
25.08.2021 00:15:16.145,1.3731600000000002,1.3730600000000002,1.69,0.82
25.08.2021 00:15:21.234,1.3731600000000002,1.3730700000000002,0.75,0.1
25.08.2021 00:15:25.057,1.3731600000000002,1.3730600000000002,0.75,1.57
25.08.2021 00:15:33.580,1.3731600000000002,1.3730700000000002,0.75,0.75
25.08.2021 00:15:41.143,1.37315,1.3730600000000002,0.82,0.75
25.08.2021 00:15:41.244,1.37315,1.37305,0.82,0.1
25.08.2021 00:15:44.820,1.37314,1.37305,0.75,0.1
25.08.2021 00:15:50.166,1.37314,1.37304,0.82,0.82
25.08.2021 00:15:54.527,1.37313,1.37304,0.75,0.1
25.08.2021 00:15:54.630,1.37313,1.37303,0.82,0.1
25.08.2021 00:15:54.732,1.3731200000000001,1.37303,0.75,0.1
25.08.2021 00:15:55.031,1.37313,1.37303,0.82,0.1
25.08.2021 00:16:00.369,1.37313,1.37304,0.75,0.1
25.08.2021 00:16:01.440,1.37314,1.37305,0.75,0.1
25.08.2021 00:16:01.542,1.3731600000000002,1.37304,0.82,0.82
25.08.2021 00:16:01.975,1.37315,1.3730600000000002,0.82,0.75
25.08.2021 00:16:02.089,1.3731600000000002,1.37304,0.75,0.82
25.08.2021 00:16:03.537,1.37315,1.3730600000000002,0.75,0.75
25.08.2021 00:16:08.546,1.3731600000000002,1.37304,0.75,0.82
25.08.2021 00:16:08.925,1.3731600000000002,1.37305,0.75,0.75
25.08.2021 00:16:10.803,1.37315,1.37305,0.75,0.82
25.08.2021 00:16:14.122,1.37315,1.3730600000000002,0.75,0.75
25.08.2021 00:16:31.142,1.37315,1.37304,0.75,0.1
25.08.2021 00:16:31.243,1.37315,1.37303,0.82,0.82
25.08.2021 00:16:45.145,1.37313,1.37304,0.75,0.82
25.08.2021 00:16:57.641,1.3731200000000001,1.37303,0.75,1.57
25.08.2021 00:16:57.754,1.3731200000000001,1.37304,0.75,0.1
25.08.2021 00:17:00.299,1.3731200000000001,1.37303,0.75,0.75
25.08.2021 00:17:00.401,1.37313,1.37301,0.75,2.02
25.08.2021 00:17:11.585,1.37313,1.3730200000000001,0.75,0.75
25.08.2021 00:17:14.823,1.37313,1.3730200000000001,0.94,2.02
25.08.2021 00:17:15.314,1.3731200000000001,1.37301,0.75,1.57
25.08.2021 00:17:15.416,1.37308,1.37301,0.75,0.45
25.08.2021 00:17:15.467,1.37308,1.37298,0.75,1.2
25.08.2021 00:17:16.016,1.37309,1.37298,0.75,0.75
25.08.2021 00:17:36.102,1.3730600000000002,1.3729500000000001,0.75,0.82
25.08.2021 00:17:36.204,1.37304,1.3729600000000002,0.75,0.45
25.08.2021 00:17:36.255,1.37304,1.37294,0.75,0.1
25.08.2021 00:17:46.800,1.37304,1.3729500000000001,0.75,0.75
25.08.2021 00:17:55.113,1.3730600000000002,1.373,1.5,1.5
25.08.2021 00:17:55.164,1.3731200000000001,1.37301,0.82,0.75
25.08.2021 00:17:55.266,1.37313,1.37301,7.5,1.2
25.08.2021 00:17:55.368,1.37313,1.37303,0.75,0.1
25.08.2021 00:17:55.885,1.37314,1.37303,0.75,0.75
25.08.2021 00:17:55.988,1.37315,1.37303,0.82,0.75
25.08.2021 00:17:59.344,1.37313,1.37304,0.75,0.75
25.08.2021 00:17:59.445,1.37313,1.37303,0.75,0.82
25.08.2021 00:18:04.234,1.37313,1.37304,0.75,0.75
25.08.2021 00:18:04.742,1.37314,1.37305,0.75,0.75
25.08.2021 00:18:08.215,1.37314,1.37304,0.82,0.75
25.08.2021 00:18:08.266,1.3731200000000001,1.37303,0.75,0.82
25.08.2021 00:18:08.368,1.37314,1.3730200000000001,0.75,1.57
25.08.2021 00:18:08.469,1.37314,1.37303,0.75,0.75
25.08.2021 00:18:08.571,1.37314,1.3730200000000001,0.75,1.57
25.08.2021 00:18:08.874,1.37313,1.37304,0.75,0.75
25.08.2021 00:18:09.058,1.37313,1.37303,0.75,0.82
25.08.2021 00:18:09.516,1.37314,1.37303,0.75,0.75
25.08.2021 00:18:10.381,1.37314,1.3730200000000001,0.75,0.82
25.08.2021 00:18:10.723,1.37314,1.37303,0.75,0.75
25.08.2021 00:18:16.258,1.37313,1.37303,0.75,0.82
25.08.2021 00:18:16.360,1.3731200000000001,1.37303,0.75,0.75
25.08.2021 00:18:19.590,1.37313,1.37301,0.75,0.1
25.08.2021 00:18:19.692,1.37313,1.373,2.51,0.1
25.08.2021 00:18:19.794,1.37311,1.37301,0.75,0.1
25.08.2021 00:18:19.953,1.37311,1.373,0.82,1.57
25.08.2021 00:18:22.032,1.37311,1.37299,0.75,1.57
25.08.2021 00:18:22.311,1.3731200000000001,1.37299,0.82,1.57
25.08.2021 00:18:26.265,1.3731200000000001,1.3730200000000001,1.5,0.1
25.08.2021 00:18:26.367,1.37313,1.37303,0.75,0.1
25.08.2021 00:18:28.631,1.37314,1.37301,0.82,0.82
25.08.2021 00:18:36.550,1.37313,1.37303,0.75,0.82
25.08.2021 00:18:36.652,1.37313,1.37304,0.75,0.75
25.08.2021 00:18:37.529,1.37313,1.3730600000000002,0.75,0.75
25.08.2021 00:18:37.971,1.37314,1.3730600000000002,0.75,0.75
25.08.2021 00:18:38.692,1.37315,1.3730600000000002,0.75,0.75
25.08.2021 00:18:39.917,1.37315,1.3730700000000002,0.75,0.75
25.08.2021 00:18:40.069,1.3731600000000002,1.3730700000000002,1.87,0.75
25.08.2021 00:18:40.801,1.3731700000000002,1.37309,1.5,0.75
25.08.2021 00:18:43.318,1.3731900000000001,1.37308,1.5,0.75
25.08.2021 00:18:56.114,1.37321,1.37313,0.75,0.82
25.08.2021 00:18:56.216,1.37323,1.37313,0.75,0.75
25.08.2021 00:18:57.268,1.37322,1.37313,1.5,0.82
25.08.2021 00:18:59.801,1.37322,1.3731200000000001,1.57,0.1
25.08.2021 00:18:59.902,1.37321,1.3731200000000001,0.75,0.1
25.08.2021 00:19:02.107,1.37321,1.3731,2.25,0.82
25.08.2021 00:19:08.217,1.37322,1.3731,0.75,0.45
25.08.2021 00:19:08.268,1.37321,1.37313,0.75,0.1
25.08.2021 00:19:17.345,1.37321,1.3731200000000001,0.75,0.1
25.08.2021 00:19:19.591,1.37321,1.37313,0.75,0.1
25.08.2021 00:19:20.782,1.37323,1.37313,2.32,0.1
25.08.2021 00:19:20.884,1.37324,1.37313,2.25,0.1
25.08.2021 00:19:23.351,1.37324,1.3731200000000001,1.57,0.1
25.08.2021 00:19:33.007,1.37323,1.37314,1.5,0.1
25.08.2021 00:19:56.515,1.37324,1.37314,2.32,0.1
25.08.2021 00:19:56.616,1.37325,1.37314,2.25,0.1
25.08.2021 00:19:57.171,1.37325,1.37313,2.32,0.1
25.08.2021 00:20:01.004,1.37325,1.37314,1.5,0.1
25.08.2021 00:20:18.942,1.37325,1.37313,1.57,0.82
25.08.2021 00:20:21.084,1.37325,1.37314,1.5,0.1
25.08.2021 00:20:33.272,1.37325,1.37313,1.57,0.1
25.08.2021 00:20:46.300,1.3731900000000001,1.3731,1.69,0.37
25.08.2021 00:20:46.402,1.3731700000000002,1.37305,1.5,7.57
25.08.2021 00:20:46.564,1.3731600000000002,1.37305,3,0.26
25.08.2021 00:20:47.174,1.37315,1.37305,0.75,0.26
25.08.2021 00:20:54.817,1.37315,1.37304,3,0.1
25.08.2021 00:21:00.222,1.3731600000000002,1.3730200000000001,3.07,0.45
25.08.2021 00:21:02.278,1.37314,1.37303,0.75,0.45
25.08.2021 00:21:12.713,1.37314,1.3730200000000001,0.75,0.45
25.08.2021 00:21:22.826,1.37313,1.37301,1.5,0.82
25.08.2021 00:21:22.927,1.37311,1.373,1.5,1.27
25.08.2021 00:21:23.383,1.37309,1.37299,1.5,1.2
25.08.2021 00:21:27.777,1.3730600000000002,1.37299,1.5,0.75
25.08.2021 00:21:27.829,1.3730700000000002,1.3729500000000001,2.25,0.75
25.08.2021 00:21:27.931,1.37305,1.3729500000000001,0.75,0.71
25.08.2021 00:21:28.954,1.3730700000000002,1.3729700000000002,3,0.19
25.08.2021 00:21:29.056,1.37308,1.3729700000000002,1.5,0.19
25.08.2021 00:21:31.399,1.37309,1.37299,0.75,0.64
25.08.2021 00:21:31.551,1.37309,1.37298,0.75,0.19
25.08.2021 00:21:31.652,1.37309,1.3729700000000002,0.75,0.26
25.08.2021 00:21:43.631,1.37308,1.3729700000000002,0.75,0.19
25.08.2021 00:22:02.610,1.37308,1.37298,1.5,0.19
25.08.2021 00:22:08.046,1.3731,1.37301,1.2,0.45
25.08.2021 00:22:08.149,1.3731,1.3730200000000001,0.45,0.1
25.08.2021 00:22:08.200,1.37313,1.37303,9,0.1
25.08.2021 00:22:08.808,1.37314,1.37301,1.57,0.82
25.08.2021 00:22:08.917,1.37314,1.3730200000000001,1.5,0.1
25.08.2021 00:22:09.663,1.37313,1.3730200000000001,1.95,0.82
25.08.2021 00:22:12.595,1.37314,1.37303,1.57,0.75
25.08.2021 00:22:22.426,1.37313,1.37303,1.12,0.82
25.08.2021 00:22:28.294,1.3731200000000001,1.37301,1.5,0.37
25.08.2021 00:22:28.396,1.37311,1.373,1.76,0.82
25.08.2021 00:22:28.447,1.37309,1.37299,0.75,1.01
25.08.2021 00:22:29.118,1.37308,1.37298,0.1,1.57
25.08.2021 00:22:30.120,1.37309,1.37298,0.82,0.75
25.08.2021 00:22:44.468,1.37309,1.3729700000000002,0.82,1.2
25.08.2021 00:22:45.122,1.37309,1.37298,0.82,0.75
25.08.2021 00:22:45.258,1.37308,1.3729700000000002,0.1,0.94
25.08.2021 00:22:52.578,1.3730600000000002,1.37294,0.75,0.75
25.08.2021 00:22:52.679,1.3730700000000002,1.37293,3.37,0.75
25.08.2021 00:22:52.832,1.37305,1.37294,1.5,0.75
25.08.2021 00:22:56.824,1.37308,1.37299,0.75,0.37
25.08.2021 00:22:56.926,1.37309,1.37299,0.45,0.1
25.08.2021 00:22:57.027,1.3731,1.373,2.25,0.1
25.08.2021 00:22:57.184,1.3731,1.37299,2.32,0.45
25.08.2021 00:23:09.123,1.37309,1.37299,0.75,0.45
25.08.2021 00:23:09.225,1.3730700000000002,1.37298,0.82,0.75
25.08.2021 00:23:09.326,1.3730600000000002,1.3729700000000002,0.75,0.1
25.08.2021 00:23:10.705,1.3730600000000002,1.3729500000000001,0.75,0.1
25.08.2021 00:23:10.859,1.3730600000000002,1.37294,1.57,0.1
25.08.2021 00:23:11.069,1.37305,1.37294,0.75,0.1
25.08.2021 00:23:19.090,1.37304,1.37294,0.82,0.45
25.08.2021 00:23:38.201,1.37305,1.37294,0.75,0.1
25.08.2021 00:23:45.630,1.37304,1.37294,0.82,0.45
25.08.2021 00:23:50.728,1.37305,1.37294,0.75,0.1
25.08.2021 00:23:52.099,1.37305,1.3729500000000001,2.7,0.1
25.08.2021 00:24:16.978,1.37305,1.3729600000000002,0.37,0.1
25.08.2021 00:24:17.080,1.37305,1.3729700000000002,0.37,0.1
25.08.2021 00:24:29.320,1.37309,1.37299,0.75,0.82
25.08.2021 00:24:29.371,1.3730600000000002,1.3729600000000002,1.5,0.64
25.08.2021 00:24:29.422,1.37305,1.3729500000000001,0.75,0.37
25.08.2021 00:24:29.523,1.37304,1.37294,0.75,0.45
25.08.2021 00:24:35.621,1.37305,1.37294,1.5,0.1
25.08.2021 00:24:43.117,1.37305,1.37293,1.5,1.2
25.08.2021 00:24:54.126,1.37305,1.3729200000000001,2.32,1.2
25.08.2021 00:24:55.628,1.37303,1.37294,0.75,0.75
25.08.2021 00:24:55.730,1.37304,1.3729200000000001,0.75,1.2
25.08.2021 00:24:55.836,1.373,1.3729200000000001,0.94,0.75
25.08.2021 00:24:55.887,1.37299,1.3729,0.94,0.82
25.08.2021 00:24:55.989,1.37299,1.37288,0.75,1.5
25.08.2021 00:24:56.191,1.37298,1.37288,1.5,0.26
25.08.2021 00:24:56.736,1.37298,1.37289,1.5,0.19
25.08.2021 00:25:07.149,1.37298,1.37288,1.5,0.26
25.08.2021 00:25:10.450,1.3729700000000002,1.3728600000000002,0.75,0.1
25.08.2021 00:25:10.552,1.3729500000000001,1.3728500000000001,1.5,0.52
25.08.2021 00:25:10.653,1.3729500000000001,1.37284,2.32,0.82
25.08.2021 00:25:10.754,1.37294,1.37284,1.5,0.1
25.08.2021 00:25:12.772,1.37294,1.37283,1.57,1.2
25.08.2021 00:25:18.437,1.37293,1.37283,2.25,0.1
25.08.2021 00:25:18.639,1.3729200000000001,1.3728200000000002,0.1,0.1
25.08.2021 00:25:41.944,1.3729200000000001,1.37283,0.75,0.1
25.08.2021 00:25:43.001,1.37293,1.37284,2.32,0.75
25.08.2021 00:25:43.103,1.37294,1.3728500000000001,1.5,0.1
25.08.2021 00:25:45.266,1.37294,1.3728600000000002,1.5,0.1
25.08.2021 00:25:53.235,1.37294,1.3728500000000001,2.25,0.1
25.08.2021 00:26:09.608,1.3729500000000001,1.3728500000000001,1.5,0.1
25.08.2021 00:26:09.722,1.37294,1.37288,1.5,1.12
25.08.2021 00:26:09.774,1.37298,1.37288,0.75,0.45
25.08.2021 00:26:09.876,1.373,1.37288,1.5,0.1
25.08.2021 00:26:09.979,1.37298,1.37289,0.75,0.1
25.08.2021 00:26:11.420,1.37299,1.37287,0.75,0.82
25.08.2021 00:26:32.656,1.3729700000000002,1.37288,0.75,0.1
25.08.2021 00:26:32.757,1.37298,1.37288,1.5,0.1
25.08.2021 00:26:36.417,1.373,1.37291,0.75,0.1
25.08.2021 00:26:36.468,1.3730200000000001,1.3729200000000001,3.75,0.1
25.08.2021 00:26:36.671,1.37303,1.3729200000000001,0.75,0.1
25.08.2021 00:26:45.257,1.37301,1.37291,1.57,0.1
25.08.2021 00:26:46.081,1.373,1.37291,0.75,0.1
25.08.2021 00:26:46.188,1.373,1.3729,2.25,0.75
25.08.2021 00:26:50.927,1.373,1.37288,0.75,1.2
25.08.2021 00:26:51.192,1.373,1.37289,2.25,1.2
25.08.2021 00:27:09.405,1.373,1.3729200000000001,1.57,0.75
25.08.2021 00:27:11.358,1.37301,1.3729200000000001,0.75,0.75
25.08.2021 00:27:12.272,1.3730200000000001,1.3729200000000001,0.75,1.5
25.08.2021 00:27:12.375,1.37301,1.3729700000000002,0.75,0.75
25.08.2021 00:27:12.426,1.37301,1.3729200000000001,1.5,0.45
25.08.2021 00:27:12.541,1.3730200000000001,1.37289,2.32,1.27
25.08.2021 00:27:14.875,1.37301,1.37288,0.1,1.39
25.08.2021 00:27:15.101,1.3730200000000001,1.37289,3.07,0.1
25.08.2021 00:27:15.924,1.37301,1.37288,0.1,1.39
25.08.2021 00:27:22.933,1.373,1.3729,0.1,0.75
25.08.2021 00:27:28.005,1.37301,1.37288,1.57,0.82
25.08.2021 00:27:28.702,1.37301,1.37289,1.5,0.1
25.08.2021 00:27:53.743,1.37299,1.3729,0.75,0.75
25.08.2021 00:27:53.845,1.37299,1.37289,0.75,0.82
25.08.2021 00:28:10.678,1.373,1.37289,2.51,0.82
25.08.2021 00:28:11.416,1.37299,1.37289,0.75,0.82
25.08.2021 00:28:29.004,1.37299,1.37288,0.75,0.75
25.08.2021 00:28:35.869,1.3729500000000001,1.3728600000000002,0.75,0.9
25.08.2021 00:28:35.971,1.3729500000000001,1.37284,0.75,0.1
25.08.2021 00:28:36.073,1.3729500000000001,1.37283,0.82,0.82
25.08.2021 00:28:44.070,1.37294,1.3728200000000002,0.1,0.82
25.08.2021 00:28:45.962,1.37291,1.3728200000000002,0.94,0.1
25.08.2021 00:28:47.020,1.37291,1.37281,1.01,0.75
25.08.2021 00:28:56.978,1.37288,1.37278,0.94,0.1
25.08.2021 00:28:57.079,1.37288,1.37277,1.87,0.82
25.08.2021 00:29:23.941,1.37287,1.37279,0.37,0.75
25.08.2021 00:29:57.798,1.37288,1.37279,1.12,0.75
25.08.2021 00:30:17.545,1.3728500000000001,1.37278,0.75,0.75
25.08.2021 00:30:17.596,1.37283,1.37274,0.75,0.82
25.08.2021 00:30:18.658,1.3728200000000002,1.37273,0.19,0.82
25.08.2021 00:30:39.732,1.3728200000000002,1.3727200000000002,0.75,0.1
25.08.2021 00:30:39.783,1.37281,1.37271,0.82,0.82
25.08.2021 00:30:39.834,1.3728,1.3727,0.75,0.75
25.08.2021 00:30:39.935,1.37279,1.3727,0.82,0.75
25.08.2021 00:30:43.763,1.3728,1.37268,0.75,0.75
25.08.2021 00:30:50.016,1.3728,1.37269,0.75,0.75
25.08.2021 00:30:53.330,1.37274,1.3726500000000001,0.75,1.27
25.08.2021 00:30:53.433,1.37274,1.37263,0.75,0.75
25.08.2021 00:30:53.534,1.37273,1.37263,0.75,0.82
25.08.2021 00:30:59.233,1.3727200000000002,1.3726200000000002,1.76,0.1
25.08.2021 00:30:59.335,1.37271,1.37261,0.94,0.75
25.08.2021 00:30:59.436,1.37267,1.37259,0.75,0.1
25.08.2021 00:30:59.487,1.37268,1.37256,0.94,0.9
25.08.2021 00:30:59.639,1.37268,1.37257,0.94,0.1
25.08.2021 00:31:00.399,1.37267,1.37259,0.19,0.75
25.08.2021 00:31:00.511,1.37266,1.37258,0.19,0.82
25.08.2021 00:31:00.613,1.37267,1.37258,0.94,0.1
25.08.2021 00:31:19.203,1.37266,1.37257,0.82,0.75
25.08.2021 00:31:19.254,1.3726500000000001,1.3725500000000002,0.82,0.75
25.08.2021 00:31:19.558,1.37264,1.37254,2.7,0.75
25.08.2021 00:31:19.660,1.37263,1.37253,1.5,0.82
25.08.2021 00:31:20.760,1.37263,1.37254,2.62,0.75
25.08.2021 00:31:28.006,1.37264,1.37254,1.5,0.75
25.08.2021 00:31:28.311,1.37264,1.37253,0.75,0.82
25.08.2021 00:31:30.780,1.37264,1.3725200000000002,0.75,0.82
25.08.2021 00:31:36.941,1.37263,1.3725200000000002,1.95,0.1
25.08.2021 00:31:40.147,1.37264,1.3725200000000002,1.87,0.1
25.08.2021 00:31:48.490,1.3726200000000002,1.37253,0.19,0.1
25.08.2021 00:31:48.541,1.37261,1.3725100000000001,0.19,0.1
25.08.2021 00:31:48.643,1.3726200000000002,1.3725200000000002,0.75,0.82
25.08.2021 00:31:48.745,1.37264,1.3725100000000001,0.75,0.82
25.08.2021 00:31:52.614,1.37259,1.3725100000000001,1.87,0.75
25.08.2021 00:31:52.716,1.37258,1.37246,0.75,0.82
25.08.2021 00:31:52.817,1.37258,1.37248,1.5,0.1
25.08.2021 00:31:53.277,1.37258,1.37249,0.75,0.75
25.08.2021 00:32:11.143,1.37258,1.37248,0.75,0.1
25.08.2021 00:32:18.153,1.37259,1.37246,0.75,0.82
25.08.2021 00:32:18.935,1.3725500000000002,1.37244,0.75,0.82
25.08.2021 00:32:19.037,1.37254,1.37244,0.75,0.82
25.08.2021 00:32:19.453,1.37253,1.37244,0.75,0.1
25.08.2021 00:32:26.571,1.37253,1.37243,0.75,0.1
25.08.2021 00:32:32.071,1.37253,1.37244,0.75,0.1
25.08.2021 00:32:49.659,1.37254,1.3724200000000002,0.94,0.1
25.08.2021 00:33:04.069,1.3725200000000002,1.3724200000000002,0.75,0.1
25.08.2021 00:33:04.171,1.3724500000000002,1.37238,0.19,0.1
25.08.2021 00:33:04.273,1.37246,1.37237,0.94,0.1
25.08.2021 00:33:06.286,1.37246,1.37238,0.19,0.1
25.08.2021 00:33:06.853,1.37246,1.37237,0.19,0.1
25.08.2021 00:33:07.965,1.37247,1.37237,0.19,0.1
25.08.2021 00:33:10.916,1.37247,1.37236,0.94,0.1
25.08.2021 00:33:47.218,1.37236,1.37233,0.19,0.37
25.08.2021 00:33:47.269,1.37235,1.3723100000000001,0.75,0.19
25.08.2021 00:33:47.320,1.37233,1.37229,0.75,7.69
25.08.2021 00:33:47.371,1.3723200000000002,1.3722400000000001,3.19,1.52
25.08.2021 00:33:47.473,1.3723,1.3722200000000002,1.87,0.75
25.08.2021 00:33:47.524,1.37228,1.37223,0.19,0.1
25.08.2021 00:33:47.575,1.3723100000000001,1.3722,1.31,0.1
25.08.2021 00:33:47.829,1.3723200000000002,1.3722,1.69,0.1
25.08.2021 00:33:48.083,1.3723200000000002,1.3722100000000002,1.69,0.1
25.08.2021 00:33:48.379,1.3723100000000001,1.3722100000000002,1.69,0.1
25.08.2021 00:33:52.399,1.37229,1.3722100000000002,0.19,0.1
25.08.2021 00:33:52.449,1.3723,1.37219,0.94,0.82
25.08.2021 00:33:54.761,1.37229,1.37219,0.75,0.75
25.08.2021 00:33:57.678,1.37229,1.37218,0.75,0.82
25.08.2021 00:34:04.485,1.3723,1.37218,0.75,0.75
25.08.2021 00:34:04.536,1.37233,1.3722200000000002,1.5,0.1
25.08.2021 00:34:14.003,1.37233,1.37223,1.5,0.82
25.08.2021 00:34:14.264,1.3723400000000001,1.37223,1.5,0.1
25.08.2021 00:34:16.205,1.3723400000000001,1.3722400000000001,1.5,0.1
25.08.2021 00:34:23.666,1.37235,1.37227,0.19,0.1
25.08.2021 00:34:23.768,1.37236,1.37226,1.5,0.82
25.08.2021 00:34:23.971,1.37237,1.37226,1.5,0.1
25.08.2021 00:34:24.287,1.37237,1.37227,1.5,0.1
25.08.2021 00:34:27.154,1.37238,1.37227,0.75,0.1
25.08.2021 00:34:31.213,1.37239,1.3723,0.75,0.1
25.08.2021 00:34:31.314,1.3724,1.3723100000000001,1.5,0.1
25.08.2021 00:34:31.466,1.3724200000000002,1.3723,2.32,0.1
25.08.2021 00:34:31.900,1.3724200000000002,1.3723100000000001,2.25,0.1
25.08.2021 00:34:32.210,1.3724200000000002,1.3723200000000002,3.07,0.1
25.08.2021 00:34:32.361,1.37243,1.3723200000000002,2.25,0.1
25.08.2021 00:34:59.555,1.37243,1.37233,1.57,0.1
25.08.2021 00:34:59.656,1.37244,1.37233,1.5,0.1
25.08.2021 00:35:00.504,1.37244,1.3723400000000001,1.76,0.1
25.08.2021 00:35:05.223,1.3724500000000002,1.3723400000000001,1.5,0.1
25.08.2021 00:35:06.928,1.37244,1.3724,1.5,0.75
25.08.2021 00:35:06.979,1.3725,1.3724500000000002,2.25,1.5
25.08.2021 00:35:07.030,1.37253,1.37246,7.5,0.37
25.08.2021 00:35:07.233,1.37257,1.37247,1.69,0.1
25.08.2021 00:35:07.460,1.37257,1.37246,0.19,0.1
25.08.2021 00:35:09.332,1.37257,1.3724500000000002,0.19,0.1
25.08.2021 00:36:02.807,1.37258,1.3725100000000001,0.19,0.37
25.08.2021 00:36:02.909,1.3726200000000002,1.3725100000000001,0.64,0.1
25.08.2021 00:36:03.010,1.37261,1.37253,0.19,0.1
25.08.2021 00:36:04.314,1.37261,1.3725200000000002,0.19,0.1
25.08.2021 00:36:05.057,1.3725500000000002,1.37249,0.75,0.75
25.08.2021 00:36:05.108,1.37256,1.3724500000000002,1.5,3.82
25.08.2021 00:36:05.210,1.37248,1.37243,0.19,7.5
25.08.2021 00:36:05.261,1.37248,1.3724,2.51,1.52
25.08.2021 00:36:05.311,1.3724500000000002,1.37239,1.57,0.75
25.08.2021 00:36:05.463,1.37244,1.37235,1.5,0.1
25.08.2021 00:36:05.866,1.37244,1.3723400000000001,2.32,0.1
25.08.2021 00:36:08.420,1.3724200000000002,1.3723,1.57,1.01
25.08.2021 00:36:08.521,1.37243,1.3723200000000002,0.75,0.1
25.08.2021 00:36:08.623,1.37243,1.3723100000000001,0.75,0.1
25.08.2021 00:36:10.355,1.37243,1.3723200000000002,1.76,0.82
25.08.2021 00:36:10.456,1.37244,1.3723200000000002,1.69,0.1
25.08.2021 00:36:17.071,1.37244,1.37235,0.75,0.75
25.08.2021 00:36:17.664,1.37244,1.37236,1.5,0.75
25.08.2021 00:36:47.096,1.37244,1.37235,0.75,0.75
25.08.2021 00:36:52.096,1.3724500000000002,1.37233,0.75,0.1
25.08.2021 00:37:05.249,1.3724500000000002,1.3723400000000001,1.5,0.1
25.08.2021 00:37:11.739,1.3724500000000002,1.37233,0.75,0.1
25.08.2021 00:37:13.704,1.37244,1.37233,2.25,0.82
25.08.2021 00:37:35.180,1.37244,1.3723400000000001,0.75,0.1
25.08.2021 00:37:43.346,1.37244,1.37233,0.82,0.1
25.08.2021 00:37:46.168,1.37244,1.3723100000000001,0.1,0.82
25.08.2021 00:37:46.271,1.37238,1.37229,0.45,0.75
25.08.2021 00:37:46.373,1.37236,1.37226,0.82,7.57
25.08.2021 00:37:46.526,1.37235,1.37225,0.82,0.1
25.08.2021 00:38:23.859,1.37236,1.37225,0.75,0.1
25.08.2021 00:38:23.961,1.37237,1.37228,0.75,0.1
25.08.2021 00:38:24.063,1.37239,1.37227,1.57,0.1
25.08.2021 00:38:47.822,1.37237,1.37227,1.57,0.82
25.08.2021 00:38:47.924,1.37236,1.37226,1.57,0.1
25.08.2021 00:38:48.025,1.37235,1.37225,0.1,0.82
25.08.2021 00:38:49.529,1.37235,1.37223,0.1,0.82
25.08.2021 00:38:57.429,1.3723200000000002,1.3722200000000002,0.1,0.82
25.08.2021 00:38:57.531,1.3723400000000001,1.3722200000000002,0.82,0.1
25.08.2021 00:38:57.733,1.3723200000000002,1.37223,0.75,0.1
25.08.2021 00:38:57.995,1.37233,1.3722100000000002,0.82,0.82
25.08.2021 00:39:03.942,1.3723,1.3722100000000002,1.12,0.1
25.08.2021 00:39:03.993,1.3723,1.37219,1.12,0.1
25.08.2021 00:39:04.145,1.3723200000000002,1.37218,1.57,0.1
25.08.2021 00:39:10.057,1.37229,1.37218,0.75,0.1
25.08.2021 00:39:10.159,1.37228,1.37218,0.82,0.82
25.08.2021 00:39:10.260,1.3723,1.37218,0.75,0.75
25.08.2021 00:39:10.825,1.3723100000000001,1.37218,1.57,0.75
25.08.2021 00:39:11.681,1.3723200000000002,1.3722,6.07,0.82
25.08.2021 00:39:26.452,1.37228,1.37218,0.82,0.82
25.08.2021 00:39:28.240,1.37227,1.3721700000000001,0.1,0.82
25.08.2021 00:39:28.625,1.37226,1.37216,0.1,0.82
25.08.2021 00:39:28.726,1.37226,1.3721700000000001,0.1,0.75
25.08.2021 00:39:28.828,1.37226,1.37216,0.1,0.75
25.08.2021 00:39:32.663,1.37229,1.3722100000000002,0.75,0.75
25.08.2021 00:39:32.714,1.37229,1.37219,1.2,1.12
25.08.2021 00:39:58.889,1.37229,1.37218,0.82,0.75
25.08.2021 00:40:07.251,1.37226,1.3721700000000001,0.75,0.19
25.08.2021 00:40:07.353,1.37226,1.37216,0.75,0.75
25.08.2021 00:40:08.963,1.37226,1.37215,0.82,0.75
25.08.2021 00:40:09.369,1.37226,1.37216,0.75,0.75
25.08.2021 00:40:10.608,1.37226,1.37215,0.82,0.75
25.08.2021 00:40:12.469,1.37225,1.37215,0.82,0.1
25.08.2021 00:40:31.023,1.37223,1.3721400000000001,0.75,0.82
25.08.2021 00:40:31.125,1.3722400000000001,1.3721200000000002,0.82,0.82
25.08.2021 00:40:31.226,1.3722200000000002,1.37213,0.75,0.1
25.08.2021 00:40:34.216,1.3722200000000002,1.3721200000000002,0.82,1.95
25.08.2021 00:40:35.968,1.3722100000000002,1.3721200000000002,0.75,0.1
25.08.2021 00:40:36.070,1.37218,1.3721,0.75,0.75
25.08.2021 00:40:36.121,1.37216,1.3720700000000001,0.75,0.1
25.08.2021 00:40:36.223,1.37215,1.37206,0.75,0.1
25.08.2021 00:40:36.713,1.3721400000000001,1.37205,0.75,0.82
25.08.2021 00:40:39.960,1.3722,1.3721100000000002,2.57,0.45
25.08.2021 00:40:40.062,1.3722200000000002,1.37213,2.25,0.1
25.08.2021 00:40:40.316,1.3722400000000001,1.3721200000000002,1.57,0.1
25.08.2021 00:40:41.944,1.37223,1.3721400000000001,1.5,0.1
25.08.2021 00:40:44.849,1.37225,1.3721700000000001,0.75,0.19
25.08.2021 00:40:44.900,1.3722400000000001,1.37215,0.75,0.1
25.08.2021 00:40:45.306,1.3722400000000001,1.3721400000000001,0.82,1.76
25.08.2021 00:40:45.529,1.3722400000000001,1.37213,0.75,0.26
25.08.2021 00:40:49.149,1.3722400000000001,1.3721200000000002,0.82,1.76
25.08.2021 00:40:51.701,1.3722200000000002,1.3721200000000002,0.82,0.75
25.08.2021 00:40:51.804,1.3722200000000002,1.3721,0.75,0.82
25.08.2021 00:40:56.629,1.3722,1.37208,2.32,0.75
25.08.2021 00:40:56.781,1.3722,1.37209,0.75,0.75
25.08.2021 00:41:01.616,1.3722100000000002,1.37208,0.1,1.2
25.08.2021 00:41:01.718,1.37219,1.37209,0.75,0.75
25.08.2021 00:41:14.063,1.37218,1.37209,0.75,0.75
25.08.2021 00:41:14.437,1.37218,1.37208,0.75,0.75
25.08.2021 00:41:27.247,1.37219,1.37209,1.5,0.75
25.08.2021 00:41:31.042,1.37219,1.3721,0.75,0.82
25.08.2021 00:41:31.986,1.3722,1.3721,0.75,0.1
25.08.2021 00:41:38.555,1.3722200000000002,1.3721,2.32,0.1
25.08.2021 00:41:40.340,1.3722100000000002,1.37213,0.75,0.1
25.08.2021 00:41:40.442,1.3722200000000002,1.37213,0.75,0.1
25.08.2021 00:41:40.594,1.3722400000000001,1.3721400000000001,1.57,0.82
25.08.2021 00:41:40.696,1.37225,1.3721400000000001,1.5,0.1
25.08.2021 00:41:43.670,1.37226,1.3721400000000001,2.32,0.82
25.08.2021 00:41:43.772,1.37226,1.37215,0.82,0.75
25.08.2021 00:41:44.025,1.37227,1.3721700000000001,1.2,0.1
25.08.2021 00:41:44.128,1.37229,1.37219,1.95,0.1
25.08.2021 00:41:44.333,1.37229,1.3722,0.75,0.1
25.08.2021 00:41:44.434,1.3723,1.3722,1.5,0.1
25.08.2021 00:41:54.086,1.3723,1.37219,1.39,1.5
25.08.2021 00:41:54.187,1.37227,1.37216,1.12,0.1
25.08.2021 00:41:54.289,1.37225,1.37216,0.75,7.57
25.08.2021 00:41:54.390,1.37227,1.37215,1.2,0.1
25.08.2021 00:41:55.339,1.37228,1.3721700000000001,0.75,0.1
25.08.2021 00:41:55.390,1.37229,1.37218,1.95,0.82
25.08.2021 00:41:55.492,1.37229,1.37219,0.75,0.82
25.08.2021 00:41:55.908,1.3723,1.37219,0.75,0.1
25.08.2021 00:41:56.188,1.37229,1.3722200000000002,0.75,0.1
25.08.2021 00:41:56.289,1.37229,1.3722100000000002,0.75,0.1
25.08.2021 00:41:58.515,1.37229,1.37219,0.75,0.82
25.08.2021 00:42:03.752,1.37229,1.3722,0.75,0.1
25.08.2021 00:42:05.874,1.3723,1.3722,0.75,0.82
25.08.2021 00:42:20.146,1.37227,1.37215,1.57,0.45
25.08.2021 00:42:20.248,1.37226,1.37215,0.75,0.1
25.08.2021 00:42:20.980,1.37226,1.3721400000000001,0.82,0.82
25.08.2021 00:42:21.088,1.37225,1.3721400000000001,0.75,0.1
25.08.2021 00:42:29.894,1.3722400000000001,1.3721400000000001,0.82,0.82
25.08.2021 00:42:48.039,1.3722400000000001,1.37215,0.75,0.1
25.08.2021 00:42:52.174,1.3722400000000001,1.3721400000000001,0.75,0.1
25.08.2021 00:42:55.171,1.37225,1.37215,1.57,0.1
25.08.2021 00:42:56.384,1.37225,1.37213,0.1,0.82
25.08.2021 00:42:56.930,1.3722,1.3721100000000002,1.31,0.75
25.08.2021 00:42:56.994,1.3721700000000001,1.37209,1.31,1.87
25.08.2021 00:42:57.096,1.37216,1.37208,0.82,7.5
25.08.2021 00:42:57.147,1.37216,1.37206,0.82,0.1
25.08.2021 00:42:57.249,1.37216,1.37204,0.1,0.45
25.08.2021 00:43:00.240,1.37213,1.37203,0.82,0.1
25.08.2021 00:43:01.741,1.37213,1.3720100000000002,0.1,0.82
25.08.2021 00:43:03.305,1.37213,1.37204,0.82,0.37
25.08.2021 00:43:05.090,1.3721400000000001,1.3720200000000002,0.82,0.1
25.08.2021 00:43:06.633,1.37215,1.37203,0.82,0.82
25.08.2021 00:43:28.145,1.3721400000000001,1.37203,0.82,0.75
25.08.2021 00:43:28.247,1.37213,1.37203,0.82,0.1
25.08.2021 00:43:29.345,1.3721200000000002,1.3720200000000002,0.1,0.82
25.08.2021 00:43:35.047,1.3721100000000002,1.3720100000000002,0.82,0.1
25.08.2021 00:43:35.149,1.3721,1.372,0.1,0.45
25.08.2021 00:43:46.238,1.3721100000000002,1.372,0.75,1.2
25.08.2021 00:43:46.339,1.37213,1.3720100000000002,1.5,0.75
25.08.2021 00:43:51.999,1.3721200000000002,1.372,0.75,0.75
25.08.2021 00:43:57.231,1.3720700000000001,1.3719700000000001,2.14,0.1
25.08.2021 00:43:57.332,1.37206,1.37196,1.57,0.1
25.08.2021 00:43:58.376,1.37208,1.37196,1.5,0.1
25.08.2021 00:43:58.528,1.37208,1.3719700000000001,0.75,0.1
25.08.2021 00:44:00.250,1.37209,1.3719700000000001,0.75,0.1
25.08.2021 00:44:00.503,1.37206,1.3719700000000001,0.1,0.75
25.08.2021 00:44:00.605,1.37205,1.37195,0.1,0.82
25.08.2021 00:44:01.482,1.37205,1.37193,0.1,0.82
25.08.2021 00:44:02.683,1.37205,1.37195,2.32,0.1
25.08.2021 00:44:10.877,1.3720700000000001,1.3719700000000001,2.32,0.1
25.08.2021 00:44:10.978,1.37208,1.3719700000000001,0.75,0.1
25.08.2021 00:44:16.765,1.37206,1.3719700000000001,0.82,0.75
25.08.2021 00:44:16.866,1.3720700000000001,1.37195,0.82,0.1
25.08.2021 00:44:24.657,1.37205,1.37195,0.1,0.1
25.08.2021 00:44:28.453,1.37208,1.37198,3.26,0.1
25.08.2021 00:45:10.596,1.37213,1.3720100000000002,1.65,0.1
25.08.2021 00:45:10.699,1.37213,1.3720200000000002,1.2,0.1
25.08.2021 00:45:10.851,1.37213,1.37203,1.57,0.1
25.08.2021 00:45:14.399,1.37213,1.3720200000000002,0.75,0.1
25.08.2021 00:45:17.724,1.37213,1.37204,0.75,0.1
25.08.2021 00:45:24.565,1.3721400000000001,1.37204,0.82,0.1
25.08.2021 00:45:58.734,1.37213,1.37203,0.1,0.82
25.08.2021 00:46:13.627,1.3721400000000001,1.37204,1.57,0.1
25.08.2021 00:46:37.264,1.37215,1.37205,1.57,0.1
25.08.2021 00:46:37.366,1.37218,1.3720700000000001,4.2,0.82
25.08.2021 00:46:37.470,1.37218,1.37208,0.75,0.82
25.08.2021 00:46:37.653,1.37219,1.37208,0.75,0.82
25.08.2021 00:46:38.488,1.3722,1.37209,1.57,0.75
25.08.2021 00:46:44.254,1.3722100000000002,1.3720700000000001,2.7,1.57
25.08.2021 00:47:11.853,1.3722,1.3721,1.87,0.1
25.08.2021 00:47:11.954,1.3722100000000002,1.37208,1.2,1.57
25.08.2021 00:47:12.106,1.37219,1.37209,0.75,0.1
25.08.2021 00:47:18.645,1.3722100000000002,1.37208,1.95,0.1
25.08.2021 00:47:21.069,1.37215,1.37209,0.37,0.1
25.08.2021 00:47:21.272,1.3722,1.37209,1.95,0.1
25.08.2021 00:47:23.158,1.3722100000000002,1.3721200000000002,0.75,0.1
25.08.2021 00:47:23.209,1.37223,1.3721200000000002,1.27,1.57
25.08.2021 00:47:26.077,1.3722200000000002,1.3721,0.75,0.1
25.08.2021 00:47:26.179,1.3722100000000002,1.3721,1.5,0.75
25.08.2021 00:47:26.280,1.3722,1.3721,0.75,0.75
25.08.2021 00:47:34.300,1.3722100000000002,1.3721,1.5,0.75
25.08.2021 00:47:40.183,1.37223,1.3721100000000002,1.5,0.82
25.08.2021 00:47:40.285,1.3722400000000001,1.3721100000000002,0.1,1.57
25.08.2021 00:47:43.171,1.3722400000000001,1.37213,1.95,0.1
25.08.2021 00:48:33.528,1.3722400000000001,1.3721100000000002,0.1,1.57
25.08.2021 00:48:34.906,1.37223,1.37213,0.1,0.75
25.08.2021 00:48:35.846,1.3722400000000001,1.3721100000000002,0.1,0.82
25.08.2021 00:48:36.556,1.37223,1.37213,0.1,0.75
25.08.2021 00:48:36.658,1.37223,1.3721200000000002,0.1,1.57
25.08.2021 00:48:37.212,1.37223,1.37213,0.1,0.75
25.08.2021 00:48:39.424,1.3722100000000002,1.37209,0.1,0.45
25.08.2021 00:48:44.561,1.3722100000000002,1.37213,0.1,0.75
25.08.2021 00:48:44.612,1.37223,1.3721400000000001,0.75,1.87
25.08.2021 00:48:44.714,1.3722400000000001,1.37216,7.5,0.45
25.08.2021 00:48:44.817,1.37226,1.37216,0.75,0.45
25.08.2021 00:48:44.919,1.37227,1.3721700000000001,1.95,0.45
25.08.2021 00:48:47.186,1.37229,1.37219,3.02,0.1
25.08.2021 00:48:47.288,1.37226,1.37218,0.1,0.75
25.08.2021 00:48:47.339,1.37226,1.37215,0.1,0.75
25.08.2021 00:48:47.491,1.37225,1.37215,0.82,0.1
25.08.2021 00:48:47.593,1.37225,1.37213,0.1,0.82
25.08.2021 00:48:54.386,1.37223,1.3721400000000001,0.1,0.75
25.08.2021 00:48:54.487,1.3722400000000001,1.3721400000000001,0.82,0.82
25.08.2021 00:48:54.858,1.3722400000000001,1.3721200000000002,0.1,0.82
25.08.2021 00:49:01.504,1.37219,1.3721,0.1,1.12
25.08.2021 00:49:01.554,1.37218,1.37208,0.1,0.9
25.08.2021 00:49:04.566,1.37218,1.37206,0.1,0.82
25.08.2021 00:49:05.504,1.37218,1.37208,0.1,0.75
25.08.2021 00:49:07.056,1.37218,1.37209,0.1,0.75
25.08.2021 00:49:08.199,1.3722,1.37209,5.7,0.75
25.08.2021 00:49:12.791,1.37218,1.37209,0.1,0.75
25.08.2021 00:49:17.560,1.3722,1.37209,2.7,0.75
25.08.2021 00:49:25.535,1.3721700000000001,1.37209,0.1,0.75
25.08.2021 00:49:25.636,1.3721700000000001,1.37208,0.1,0.75
25.08.2021 00:49:25.738,1.37218,1.37208,0.1,0.75
25.08.2021 00:49:32.093,1.37219,1.37209,0.1,0.75
25.08.2021 00:49:36.187,1.37219,1.37208,0.82,0.75
25.08.2021 00:49:36.339,1.37219,1.3720700000000001,0.82,1.57
25.08.2021 00:49:36.595,1.37219,1.37206,0.75,1.57
25.08.2021 00:49:37.576,1.3721700000000001,1.3720700000000001,0.1,1.57
25.08.2021 00:49:43.237,1.3721400000000001,1.37205,0.1,0.75
25.08.2021 00:49:43.338,1.3721400000000001,1.37204,0.82,0.82
25.08.2021 00:49:45.166,1.37213,1.37203,0.1,0.82
25.08.2021 00:49:51.902,1.3721100000000002,1.3720100000000002,0.1,0.1
25.08.2021 00:49:51.953,1.3721200000000002,1.37198,1.57,0.82
25.08.2021 00:50:02.893,1.3721200000000002,1.37199,0.82,0.75
25.08.2021 00:50:03.205,1.3721,1.372,0.1,0.75
25.08.2021 00:50:16.853,1.37206,1.37195,0.64,1.95
25.08.2021 00:50:16.970,1.37205,1.37195,0.1,0.75
25.08.2021 00:50:35.096,1.37206,1.3719700000000001,0.19,0.82
25.08.2021 00:50:35.147,1.37208,1.37198,0.45,0.1
25.08.2021 00:50:35.249,1.37209,1.37198,0.75,0.1
25.08.2021 00:50:35.350,1.3721100000000002,1.3719700000000001,2.32,0.1
25.08.2021 00:50:37.524,1.3721,1.37199,1.57,0.75
25.08.2021 00:50:59.511,1.3721,1.37198,1.57,1.57
25.08.2021 00:51:00.207,1.3721,1.3719700000000001,0.1,1.5
25.08.2021 00:51:00.987,1.3721,1.37198,0.82,1.57
25.08.2021 00:51:04.673,1.3721,1.37199,0.82,0.75
25.08.2021 00:51:05.711,1.3721,1.3720200000000002,0.75,0.1
25.08.2021 00:51:05.762,1.3721200000000002,1.3720200000000002,0.82,0.82
25.08.2021 00:51:05.915,1.37213,1.3720200000000002,0.1,1.57
25.08.2021 00:51:07.794,1.3721400000000001,1.37203,1.95,0.1
25.08.2021 00:51:32.980,1.37215,1.37203,0.75,0.1
25.08.2021 00:51:33.628,1.37215,1.37204,0.82,0.1
25.08.2021 00:51:34.251,1.37218,1.3721100000000002,0.75,1.12
25.08.2021 00:51:34.303,1.3722,1.37213,2.62,1.12
25.08.2021 00:51:35.112,1.3722400000000001,1.3721200000000002,0.1,1.95
25.08.2021 00:51:38.092,1.3722100000000002,1.3721100000000002,0.1,0.75
25.08.2021 00:51:41.886,1.37216,1.3721100000000002,0.1,0.75
25.08.2021 00:51:41.937,1.37216,1.37205,2.32,2.32
25.08.2021 00:51:42.038,1.37216,1.37204,0.1,2.25
25.08.2021 00:51:43.919,1.37215,1.37204,0.82,1.01
25.08.2021 00:51:44.336,1.3721400000000001,1.37204,0.75,1.01
25.08.2021 00:51:45.494,1.37216,1.37203,0.82,1.01
25.08.2021 00:51:46.547,1.37215,1.37203,0.75,1.01
25.08.2021 00:52:13.530,1.3721400000000001,1.37206,0.82,0.75
25.08.2021 00:52:14.838,1.37215,1.37204,0.82,0.75
25.08.2021 00:52:18.960,1.37215,1.3720700000000001,0.75,0.75
25.08.2021 00:52:19.213,1.37216,1.3720700000000001,0.75,0.75
25.08.2021 00:52:19.416,1.37219,1.37209,2.32,0.19
25.08.2021 00:52:19.518,1.37219,1.3721,2.25,0.75
25.08.2021 00:52:34.501,1.37216,1.37205,0.75,0.82
25.08.2021 00:52:34.603,1.3721400000000001,1.37205,0.75,0.82
25.08.2021 00:52:37.212,1.3721400000000001,1.37204,0.1,1.95
25.08.2021 00:52:40.476,1.37216,1.37204,1.57,0.1
25.08.2021 00:52:42.501,1.3721400000000001,1.37204,0.1,1.95
25.08.2021 00:52:43.080,1.37215,1.37205,1.57,0.1
25.08.2021 00:52:49.432,1.37215,1.37203,0.1,1.95
25.08.2021 00:52:57.920,1.37215,1.37205,1.57,0.1
25.08.2021 00:52:59.213,1.37215,1.37203,0.1,1.95
25.08.2021 00:53:00.590,1.3721400000000001,1.37203,0.75,1.95
25.08.2021 00:53:13.593,1.37216,1.37204,1.57,0.26
25.08.2021 00:53:13.695,1.3721400000000001,1.37205,0.75,0.26
25.08.2021 00:53:13.847,1.37215,1.37205,0.82,0.26
25.08.2021 00:53:14.071,1.37216,1.37205,0.75,0.1
25.08.2021 00:53:14.510,1.3721400000000001,1.37205,0.75,1.95
25.08.2021 00:53:15.232,1.3721400000000001,1.37204,1.57,1.95
25.08.2021 00:53:15.334,1.3721400000000001,1.37203,0.1,0.75
25.08.2021 00:53:15.435,1.37213,1.37203,0.82,1.2
25.08.2021 00:53:15.537,1.3721200000000002,1.37203,0.75,0.1
25.08.2021 00:53:15.638,1.3721200000000002,1.3720200000000002,0.82,1.2
25.08.2021 00:53:26.170,1.3721,1.3720200000000002,0.75,1.2
25.08.2021 00:53:26.271,1.37205,1.3719700000000001,0.82,0.75
25.08.2021 00:53:26.373,1.37204,1.3719700000000001,0.75,0.75
25.08.2021 00:53:26.424,1.37204,1.37195,0.82,9.19
25.08.2021 00:53:29.084,1.37204,1.37194,0.82,0.82
25.08.2021 00:53:29.186,1.37204,1.37192,0.1,1.2
25.08.2021 00:53:29.287,1.37205,1.37193,0.82,0.45
25.08.2021 00:53:29.490,1.37204,1.37195,0.75,0.1
25.08.2021 00:53:30.598,1.37205,1.37195,0.82,0.26
25.08.2021 00:53:38.414,1.37206,1.37195,0.82,0.19
25.08.2021 00:53:42.754,1.37206,1.37194,0.82,1.01
25.08.2021 00:53:44.888,1.37203,1.37195,0.75,0.26
25.08.2021 00:53:46.875,1.37206,1.37196,0.75,1.01
25.08.2021 00:53:46.977,1.37208,1.37199,0.75,0.75
25.08.2021 00:53:47.079,1.37208,1.37198,0.75,1.01
25.08.2021 00:53:47.180,1.3721,1.37198,1.5,0.1
25.08.2021 00:54:01.907,1.3721100000000002,1.37198,1.5,0.1
25.08.2021 00:54:06.473,1.37205,1.37196,0.75,0.45
25.08.2021 00:54:06.524,1.37205,1.37193,0.75,1.2
25.08.2021 00:54:12.192,1.3720200000000002,1.37192,0.75,4.95
25.08.2021 00:54:13.749,1.3720200000000002,1.37193,0.75,0.1
25.08.2021 00:54:14.691,1.3720200000000002,1.37192,0.75,0.1
25.08.2021 00:54:14.794,1.3720200000000002,1.3719100000000002,0.75,0.82
25.08.2021 00:54:14.947,1.37203,1.37192,0.75,0.1
25.08.2021 00:54:16.431,1.37203,1.3719100000000002,0.75,0.75
25.08.2021 00:54:17.508,1.3720100000000002,1.37192,0.75,0.75
25.08.2021 00:54:21.144,1.37203,1.3719100000000002,0.75,0.75
25.08.2021 00:54:25.235,1.3720200000000002,1.3719100000000002,0.75,1.5
25.08.2021 00:54:32.206,1.37196,1.37188,0.75,0.75
25.08.2021 00:54:32.257,1.37196,1.37186,0.75,1.52
25.08.2021 00:54:32.360,1.37195,1.37185,0.75,1.57
25.08.2021 00:54:33.019,1.37196,1.37185,0.75,0.1
25.08.2021 00:54:33.121,1.37194,1.37186,0.75,0.1
25.08.2021 00:54:35.322,1.37195,1.37186,0.75,0.1
25.08.2021 00:54:38.755,1.37195,1.37185,0.75,0.1
25.08.2021 00:54:39.077,1.37194,1.3718700000000001,0.75,0.1
25.08.2021 00:54:41.352,1.37195,1.3718700000000001,0.75,0.1
25.08.2021 00:54:46.322,1.37198,1.3719000000000001,1.5,0.1
25.08.2021 00:54:46.373,1.372,1.3719100000000002,6.02,0.1
25.08.2021 00:54:46.475,1.37203,1.37192,8.25,0.1
25.08.2021 00:54:46.729,1.37203,1.37194,0.75,0.1
25.08.2021 00:54:46.830,1.37203,1.37193,0.82,0.1
25.08.2021 00:54:47.777,1.37203,1.37192,0.82,0.82
25.08.2021 00:54:49.527,1.37203,1.37193,0.75,0.1
25.08.2021 00:54:50.125,1.37203,1.37192,0.82,1.57
25.08.2021 00:54:50.415,1.37203,1.37193,0.82,0.1
25.08.2021 00:54:52.667,1.37203,1.37194,0.75,0.1
25.08.2021 00:54:52.768,1.37205,1.37195,0.82,0.1
25.08.2021 00:54:53.021,1.37205,1.37193,0.1,1.57
25.08.2021 00:54:53.274,1.37206,1.37194,0.82,0.1
25.08.2021 00:54:57.298,1.37205,1.37193,0.1,0.1
25.08.2021 00:55:00.129,1.37203,1.37193,0.1,0.82
25.08.2021 00:55:01.506,1.37204,1.37194,0.82,0.82
25.08.2021 00:55:02.468,1.37205,1.37194,0.1,0.75
25.08.2021 00:55:02.604,1.37206,1.37194,0.82,0.82
25.08.2021 00:55:03.897,1.37204,1.37194,0.1,1.57
25.08.2021 00:55:03.999,1.37209,1.372,0.82,0.82
25.08.2021 00:55:04.050,1.3721200000000002,1.3720100000000002,2.19,0.1
25.08.2021 00:55:04.152,1.3721200000000002,1.37203,0.75,0.1
25.08.2021 00:55:04.254,1.3721400000000001,1.3720200000000002,0.82,0.1
25.08.2021 00:55:06.070,1.37213,1.3720100000000002,0.1,0.82
25.08.2021 00:55:06.222,1.37213,1.3720200000000002,0.1,0.75
25.08.2021 00:55:06.324,1.37213,1.37203,0.1,0.82
25.08.2021 00:55:07.025,1.3721200000000002,1.37203,0.1,0.75
25.08.2021 00:55:07.178,1.37213,1.37203,0.1,0.82
25.08.2021 00:55:07.828,1.3721400000000001,1.3720100000000002,0.82,0.82
25.08.2021 00:55:07.929,1.37213,1.37203,0.82,0.75
25.08.2021 00:55:08.031,1.3721400000000001,1.3720100000000002,0.82,0.82
25.08.2021 00:55:08.133,1.3721400000000001,1.3720200000000002,0.82,0.75
25.08.2021 00:55:09.319,1.37213,1.3720200000000002,0.82,0.82
25.08.2021 00:55:09.950,1.3721200000000002,1.3720200000000002,0.75,0.82
25.08.2021 00:55:10.834,1.3721200000000002,1.3720100000000002,0.82,1.57
25.08.2021 00:55:10.936,1.3721100000000002,1.3720100000000002,0.75,0.75
25.08.2021 00:55:22.700,1.3721,1.3720100000000002,0.75,0.75
25.08.2021 00:55:22.835,1.3721,1.372,0.75,0.75
25.08.2021 00:55:29.802,1.3721,1.37199,0.75,0.75
25.08.2021 00:55:32.095,1.37208,1.3719700000000001,1.5,0.1
25.08.2021 00:55:32.248,1.37208,1.37195,1.5,1.5
25.08.2021 00:55:32.299,1.37208,1.3719700000000001,1.5,0.1
25.08.2021 00:55:33.542,1.37204,1.37195,1.5,0.45
25.08.2021 00:55:33.644,1.37204,1.37194,1.57,0.1
25.08.2021 00:55:33.804,1.37203,1.37194,0.75,0.1
25.08.2021 00:55:36.471,1.37204,1.37192,1.57,0.82
25.08.2021 00:55:40.281,1.37203,1.37192,0.82,2.32
25.08.2021 00:55:42.031,1.37204,1.37192,0.82,0.75
25.08.2021 00:55:43.352,1.37204,1.3719100000000002,1.57,1.57
25.08.2021 00:55:47.068,1.37203,1.3719100000000002,0.1,1.5
25.08.2021 00:55:59.036,1.3720200000000002,1.3719700000000001,0.1,0.75
25.08.2021 00:56:00.947,1.37203,1.37195,0.1,0.75
25.08.2021 00:56:02.030,1.37203,1.37194,0.1,0.75
25.08.2021 00:56:03.434,1.37203,1.37195,0.82,0.75
25.08.2021 00:56:08.419,1.3720200000000002,1.37195,0.75,0.75
25.08.2021 00:56:14.334,1.3720200000000002,1.37194,0.75,0.75
25.08.2021 00:56:15.842,1.37196,1.3719000000000001,1.12,0.37
25.08.2021 00:56:15.893,1.37195,1.37185,0.75,2.27
25.08.2021 00:56:15.994,1.37194,1.37185,0.82,0.75
25.08.2021 00:56:18.865,1.37193,1.37184,0.75,0.75
25.08.2021 00:56:22.373,1.37192,1.37184,0.75,0.75
25.08.2021 00:56:27.381,1.37192,1.3718299999999999,0.75,0.75
25.08.2021 00:56:28.901,1.3718700000000001,1.37182,1.39,0.75
25.08.2021 00:56:28.952,1.37185,1.37179,0.75,1.52
25.08.2021 00:56:29.006,1.3718700000000001,1.37175,0.94,1.5
25.08.2021 00:56:29.107,1.3718700000000001,1.3717700000000002,0.75,0.75
25.08.2021 00:56:29.259,1.3718700000000001,1.37178,0.75,0.75
25.08.2021 00:56:30.405,1.37189,1.3717700000000002,0.82,1.5
25.08.2021 00:56:32.216,1.37188,1.37179,0.75,0.75
25.08.2021 00:56:32.932,1.3719000000000001,1.37182,0.75,0.75
25.08.2021 00:56:33.290,1.3719100000000002,1.37182,0.75,0.75
25.08.2021 00:56:37.004,1.3719100000000002,1.3718100000000002,0.82,1.5
25.08.2021 00:56:39.050,1.3719100000000002,1.37182,0.82,0.75
25.08.2021 00:56:39.228,1.37192,1.37182,0.75,0.75
25.08.2021 00:56:39.380,1.3719100000000002,1.37182,0.75,1.5
25.08.2021 00:56:53.127,1.37189,1.37179,0.75,0.75
25.08.2021 00:56:53.229,1.37188,1.37179,0.75,0.75
25.08.2021 00:57:00.159,1.37188,1.37178,1.5,1.5
25.08.2021 00:57:01.808,1.37189,1.37179,0.75,0.75
25.08.2021 00:57:08.364,1.37193,1.3718100000000002,3.02,0.75
25.08.2021 00:57:08.466,1.37193,1.37182,1.27,0.75
25.08.2021 00:57:12.757,1.37194,1.37182,1.2,1.57
25.08.2021 00:57:12.858,1.37194,1.37185,0.82,0.75
25.08.2021 00:57:13.010,1.37194,1.37184,0.82,0.75
25.08.2021 00:57:23.239,1.37195,1.3719000000000001,0.75,0.1
25.08.2021 00:57:23.290,1.3720100000000002,1.3719000000000001,2.19,0.1
25.08.2021 00:57:23.392,1.3720200000000002,1.3719100000000002,8.44,0.45
25.08.2021 00:57:26.087,1.37203,1.3719100000000002,1.01,0.82
25.08.2021 00:57:28.163,1.37203,1.3719000000000001,0.75,0.82
25.08.2021 00:57:30.314,1.37204,1.3719000000000001,1.01,0.82
25.08.2021 00:58:15.506,1.37203,1.37193,0.75,0.75
25.08.2021 00:58:22.286,1.3720200000000002,1.37193,0.75,0.75
25.08.2021 00:58:22.438,1.3720100000000002,1.3719000000000001,1.69,0.82
25.08.2021 00:58:22.539,1.3720100000000002,1.37189,0.1,0.75
25.08.2021 00:58:23.317,1.3720100000000002,1.3719000000000001,0.37,0.75
25.08.2021 00:58:24.955,1.3720200000000002,1.3719000000000001,1.5,0.75
25.08.2021 00:58:26.484,1.3720100000000002,1.37192,1.5,0.75
25.08.2021 00:58:31.820,1.37203,1.3719000000000001,2.51,0.75
25.08.2021 00:58:31.922,1.37203,1.37192,0.82,0.75
25.08.2021 00:58:32.024,1.37203,1.3719100000000002,1.57,1.5
25.08.2021 00:58:36.662,1.37204,1.3719100000000002,0.82,1.57
25.08.2021 00:58:50.728,1.37204,1.37192,0.64,0.75
25.08.2021 00:58:54.121,1.37204,1.37194,0.82,0.75
25.08.2021 00:58:54.223,1.3720700000000001,1.37195,0.26,1.5
25.08.2021 00:58:56.281,1.37206,1.37194,0.26,1.5
25.08.2021 00:59:03.279,1.3720700000000001,1.3719700000000001,0.82,0.75
25.08.2021 00:59:05.133,1.37206,1.37195,0.45,1.57
25.08.2021 00:59:05.234,1.37205,1.37195,0.1,0.75
25.08.2021 00:59:06.490,1.37205,1.37194,0.1,2.32
25.08.2021 00:59:06.595,1.37206,1.37194,0.1,0.75
25.08.2021 00:59:24.355,1.3720700000000001,1.37194,0.37,0.82
25.08.2021 00:59:24.456,1.37206,1.37196,0.37,1.5
25.08.2021 00:59:26.083,1.3720700000000001,1.37194,1.57,1.5
25.08.2021 00:59:26.185,1.37205,1.37195,0.1,0.75
25.08.2021 00:59:28.303,1.3720700000000001,1.37194,1.2,1.5
25.08.2021 00:59:32.186,1.37206,1.37194,0.1,0.75
25.08.2021 00:59:36.108,1.37206,1.37195,0.1,0.75
25.08.2021 00:59:36.210,1.37206,1.37196,1.2,0.75
25.08.2021 00:59:53.240,1.3720700000000001,1.37194,1.2,0.75
25.08.2021 00:59:53.342,1.37206,1.37194,1.2,1.57
25.08.2021 00:59:55.080,1.37205,1.37193,0.1,1.5
25.08.2021 00:59:55.414,1.37204,1.37195,0.1,0.75
25.08.2021 01:00:01.186,1.37204,1.37194,0.1,1.5
25.08.2021 01:00:10.648,1.37203,1.3719100000000002,0.45,1.12
25.08.2021 01:00:10.908,1.37203,1.37193,1.2,0.75
25.08.2021 01:00:11.062,1.37203,1.37192,1.2,0.82
25.08.2021 01:00:11.786,1.37203,1.37193,0.45,0.75
25.08.2021 01:00:21.691,1.37205,1.37196,0.75,1.5
25.08.2021 01:00:21.742,1.3720700000000001,1.3719700000000001,0.1,0.75
25.08.2021 01:00:30.115,1.3720700000000001,1.37194,0.1,1.5
25.08.2021 01:00:30.372,1.37206,1.37196,0.26,0.75
25.08.2021 01:00:31.331,1.37206,1.37195,1.01,1.5
25.08.2021 01:00:34.010,1.37205,1.37195,0.1,1.5
25.08.2021 01:01:05.022,1.37205,1.37194,0.1,2.25
25.08.2021 01:01:12.338,1.37205,1.37193,0.37,1.5
25.08.2021 01:01:12.439,1.37205,1.37192,1.2,2.25
25.08.2021 01:01:12.856,1.37199,1.3719000000000001,0.19,0.75
25.08.2021 01:01:12.907,1.37198,1.37188,0.19,0.82
25.08.2021 01:01:12.959,1.3719700000000001,1.37186,0.1,0.75
25.08.2021 01:01:13.061,1.37195,1.37186,0.1,0.75
25.08.2021 01:01:13.163,1.37195,1.37185,0.1,1.5
25.08.2021 01:01:25.669,1.37196,1.37186,0.64,0.1
25.08.2021 01:01:25.821,1.37196,1.37184,0.1,0.1
25.08.2021 01:01:29.144,1.37196,1.3718299999999999,0.1,2.32
25.08.2021 01:01:29.246,1.37195,1.3718299999999999,0.1,0.75
25.08.2021 01:01:30.795,1.37194,1.3718299999999999,1.39,0.82
25.08.2021 01:01:30.897,1.3719100000000002,1.37182,1.31,1.87
25.08.2021 01:01:30.999,1.3719000000000001,1.3718000000000001,0.1,0.75
25.08.2021 01:01:31.404,1.3719000000000001,1.3718100000000002,0.26,0.75
25.08.2021 01:01:33.242,1.37186,1.37176,0.19,2.32
25.08.2021 01:01:33.562,1.37186,1.37175,0.45,1.95
25.08.2021 01:01:33.663,1.37186,1.37174,0.19,1.95
25.08.2021 01:01:34.062,1.37184,1.37175,0.37,1.57
25.08.2021 01:01:36.020,1.37185,1.37175,0.56,1.57
25.08.2021 01:01:37.037,1.37185,1.37174,0.37,0.75
25.08.2021 01:01:40.125,1.37186,1.37174,0.45,0.75
25.08.2021 01:01:42.080,1.37186,1.37175,0.82,0.82
25.08.2021 01:01:53.253,1.37186,1.37176,0.45,0.75
25.08.2021 01:01:55.728,1.37186,1.37175,0.45,1.57
25.08.2021 01:01:56.215,1.37189,1.37179,0.37,1.95
25.08.2021 01:01:56.367,1.37189,1.37178,0.37,1.5
25.08.2021 01:01:56.739,1.3719100000000002,1.37178,2.06,0.75
25.08.2021 01:02:00.335,1.3719100000000002,1.3718000000000001,0.19,2.32
25.08.2021 01:02:00.386,1.3718700000000001,1.3717700000000002,0.19,1.12
25.08.2021 01:02:00.489,1.3718700000000001,1.37178,0.19,0.37
25.08.2021 01:02:00.590,1.3718700000000001,1.3717700000000002,0.19,0.75
25.08.2021 01:02:02.209,1.37186,1.37176,0.19,2.25
25.08.2021 01:02:02.310,1.37185,1.37175,0.19,2.25
25.08.2021 01:02:02.810,1.3718299999999999,1.37175,0.37,2.32
25.08.2021 01:02:03.768,1.37186,1.37175,0.37,0.1
25.08.2021 01:02:03.869,1.37185,1.37178,0.37,0.1
25.08.2021 01:02:04.750,1.3718700000000001,1.37178,1.12,0.1
25.08.2021 01:02:16.097,1.37185,1.37175,0.75,2.32
25.08.2021 01:02:16.912,1.37184,1.37174,0.37,0.75
25.08.2021 01:02:18.039,1.3718299999999999,1.37174,0.37,0.75
25.08.2021 01:02:18.141,1.3718299999999999,1.37173,0.37,1.5
25.08.2021 01:02:18.439,1.3717700000000002,1.3717100000000002,0.19,0.13
25.08.2021 01:02:18.491,1.3717700000000002,1.37168,0.94,0.82
25.08.2021 01:02:18.542,1.37176,1.37165,0.75,0.37
25.08.2021 01:02:18.643,1.37175,1.3717100000000002,0.75,0.75
25.08.2021 01:02:19.047,1.37174,1.37169,0.75,0.75
25.08.2021 01:02:19.552,1.37175,1.37169,0.75,0.75
25.08.2021 01:02:19.602,1.37175,1.3717100000000002,0.75,0.75
25.08.2021 01:02:19.756,1.37174,1.37169,0.75,0.75
25.08.2021 01:02:25.608,1.37174,1.3717000000000001,0.75,0.75
25.08.2021 01:02:29.609,1.37174,1.3717100000000002,0.75,0.75
25.08.2021 01:02:30.212,1.37172,1.37169,0.75,0.75
25.08.2021 01:02:37.243,1.37175,1.3717000000000001,0.64,0.75
25.08.2021 01:02:39.817,1.37173,1.37163,0.75,3.21
25.08.2021 01:02:40.301,1.37174,1.3716700000000002,0.75,0.75
25.08.2021 01:02:42.104,1.37174,1.37163,0.75,0.37
25.08.2021 01:02:43.650,1.37174,1.3716700000000002,0.75,0.75
25.08.2021 01:02:46.461,1.37173,1.37165,0.75,0.37
25.08.2021 01:02:47.004,1.3717700000000002,1.37164,1.57,0.37
25.08.2021 01:02:47.055,1.37176,1.37168,1.57,0.75
25.08.2021 01:02:47.838,1.37176,1.3716700000000002,0.1,0.75
25.08.2021 01:02:50.864,1.37176,1.37172,0.94,0.75
25.08.2021 01:02:53.433,1.37175,1.3716700000000002,0.1,0.75
25.08.2021 01:02:54.362,1.37174,1.3716700000000002,0.1,0.75
25.08.2021 01:02:57.473,1.37175,1.3716700000000002,0.1,0.75
25.08.2021 01:03:04.905,1.37174,1.3716700000000002,0.1,0.75
25.08.2021 01:03:07.040,1.3717700000000002,1.3717100000000002,0.75,0.75
25.08.2021 01:03:08.031,1.37174,1.3716700000000002,0.1,0.75
25.08.2021 01:03:09.954,1.3717700000000002,1.3717100000000002,0.75,0.75
25.08.2021 01:03:10.648,1.37173,1.3716700000000002,0.1,0.75
25.08.2021 01:03:13.589,1.37176,1.3717100000000002,0.19,0.75
25.08.2021 01:03:13.692,1.37173,1.3716700000000002,0.1,0.75
25.08.2021 01:03:14.987,1.37176,1.3717100000000002,0.19,0.75
25.08.2021 01:03:18.199,1.37173,1.37166,0.1,0.75
25.08.2021 01:03:19.195,1.37175,1.3717100000000002,0.19,0.75
25.08.2021 01:03:21.292,1.37175,1.3717000000000001,0.94,0.75
25.08.2021 01:03:21.393,1.37173,1.37169,0.19,0.75
25.08.2021 01:03:21.552,1.37172,1.37165,0.1,0.75
25.08.2021 01:03:22.434,1.3717100000000002,1.37165,0.1,0.75
25.08.2021 01:03:22.587,1.3717100000000002,1.37166,0.1,0.75
25.08.2021 01:03:22.710,1.37172,1.37166,0.1,0.75
25.08.2021 01:03:25.661,1.37176,1.3717000000000001,1.5,0.75
25.08.2021 01:03:27.647,1.37175,1.37166,0.94,0.75
25.08.2021 01:03:27.698,1.3717700000000002,1.37168,0.1,0.75
25.08.2021 01:03:27.749,1.3717700000000002,1.3716700000000002,0.45,0.75
25.08.2021 01:03:27.851,1.37179,1.37166,0.26,0.75
25.08.2021 01:03:28.218,1.37178,1.3717000000000001,0.26,0.75
25.08.2021 01:03:30.153,1.37178,1.3717100000000002,0.19,0.75
25.08.2021 01:03:32.789,1.37178,1.37174,0.19,0.75
25.08.2021 01:03:34.016,1.37178,1.3717000000000001,0.1,0.75
25.08.2021 01:03:37.078,1.37179,1.37174,0.19,0.75
25.08.2021 01:03:40.710,1.37178,1.3717000000000001,0.1,0.75
25.08.2021 01:03:46.983,1.37178,1.37174,0.19,0.75
25.08.2021 01:03:47.644,1.37178,1.3717000000000001,0.1,0.75
25.08.2021 01:03:49.269,1.37179,1.37174,0.19,0.75
25.08.2021 01:03:49.624,1.37178,1.37174,0.19,0.75
25.08.2021 01:03:52.343,1.37178,1.37169,0.1,0.75
25.08.2021 01:03:53.076,1.37178,1.3717000000000001,0.26,0.75
25.08.2021 01:03:53.455,1.37179,1.37173,0.26,0.75
25.08.2021 01:03:56.556,1.37179,1.37169,0.26,0.75
25.08.2021 01:03:58.199,1.37179,1.37173,0.26,0.75
25.08.2021 01:04:11.515,1.3718000000000001,1.3717100000000002,0.75,1.12
25.08.2021 01:04:11.566,1.3718100000000002,1.37173,0.75,0.75
25.08.2021 01:04:11.667,1.37182,1.37174,0.1,0.75
25.08.2021 01:04:11.769,1.37182,1.37178,0.1,0.75
25.08.2021 01:04:15.954,1.37182,1.3717700000000002,0.1,0.75
25.08.2021 01:04:16.056,1.37182,1.37178,0.1,0.75
25.08.2021 01:04:25.184,1.3718299999999999,1.37178,1.69,0.75
25.08.2021 01:04:25.285,1.37182,1.37178,0.1,0.75
25.08.2021 01:04:30.456,1.3718299999999999,1.37173,0.1,0.75
25.08.2021 01:04:32.086,1.3718299999999999,1.37179,0.94,0.75
25.08.2021 01:04:32.582,1.37178,1.37172,0.19,0.75
25.08.2021 01:04:32.633,1.3718100000000002,1.37168,1.2,1.5
25.08.2021 01:04:32.735,1.3718100000000002,1.3717000000000001,0.45,1.12
25.08.2021 01:04:33.090,1.37182,1.37172,0.37,0.75
25.08.2021 01:04:33.771,1.3718100000000002,1.37174,0.37,0.75
25.08.2021 01:04:35.133,1.37184,1.37178,1.01,0.75
25.08.2021 01:04:52.762,1.37185,1.37179,1.5,0.75
25.08.2021 01:04:54.441,1.37184,1.37179,1.57,0.75
25.08.2021 01:05:04.251,1.37184,1.37178,0.1,0.75
25.08.2021 01:05:06.066,1.37185,1.37178,0.82,0.75
25.08.2021 01:05:12.301,1.37184,1.3718000000000001,0.1,0.75
25.08.2021 01:05:13.584,1.37185,1.3718000000000001,0.82,0.75
25.08.2021 01:05:17.219,1.37185,1.37179,0.1,0.75
25.08.2021 01:05:17.321,1.37184,1.37179,0.26,0.75
25.08.2021 01:05:18.954,1.3718299999999999,1.37179,0.1,0.75
25.08.2021 01:05:22.269,1.37184,1.37179,0.1,0.75
25.08.2021 01:05:47.245,1.37184,1.3718000000000001,0.1,0.75
25.08.2021 01:06:04.342,1.37185,1.37175,0.82,0.75
25.08.2021 01:06:04.444,1.37185,1.37182,0.75,0.75
25.08.2021 01:06:05.690,1.3718700000000001,1.37179,1.01,1.12
25.08.2021 01:06:05.742,1.37188,1.3718100000000002,0.75,0.75
25.08.2021 01:06:05.843,1.3718700000000001,1.3718299999999999,0.75,0.75
25.08.2021 01:06:05.894,1.3719100000000002,1.3718700000000001,0.1,0.75
25.08.2021 01:06:07.482,1.37192,1.37184,0.1,0.75
25.08.2021 01:06:09.868,1.37194,1.37188,0.1,0.75
25.08.2021 01:06:09.969,1.37194,1.37189,0.82,0.75
25.08.2021 01:06:10.071,1.37194,1.3719000000000001,0.1,0.75
25.08.2021 01:06:19.005,1.3719700000000001,1.37189,1.95,0.75
25.08.2021 01:06:20.103,1.37195,1.3719000000000001,0.1,0.75
25.08.2021 01:06:33.353,1.37196,1.3719100000000002,1.01,0.75
25.08.2021 01:06:33.454,1.3719700000000001,1.37192,0.1,0.75
25.08.2021 01:06:44.232,1.37199,1.3719100000000002,1.2,0.75
25.08.2021 01:06:44.333,1.37199,1.37192,1.2,0.75
25.08.2021 01:06:52.236,1.3720200000000002,1.37198,1.87,0.75
25.08.2021 01:06:52.338,1.37203,1.37198,2.02,0.75
25.08.2021 01:06:56.352,1.37203,1.37198,1.57,0.75
25.08.2021 01:06:56.819,1.37203,1.3719700000000001,0.75,0.75
25.08.2021 01:06:58.837,1.37203,1.37198,1.57,0.75
25.08.2021 01:06:59.700,1.37203,1.37199,1.2,0.75
25.08.2021 01:07:04.622,1.37204,1.37199,1.57,0.75
25.08.2021 01:07:10.830,1.37204,1.37198,0.1,0.75
25.08.2021 01:07:40.760,1.37204,1.37199,1.57,0.75
25.08.2021 01:07:46.007,1.37204,1.37198,0.82,0.75
25.08.2021 01:07:46.109,1.37203,1.37198,0.1,0.75
25.08.2021 01:07:52.158,1.37203,1.37199,0.1,0.75
25.08.2021 01:07:52.825,1.37204,1.37198,0.75,0.75
25.08.2021 01:07:55.269,1.3720200000000002,1.37192,0.1,0.75
25.08.2021 01:07:55.788,1.3720200000000002,1.37198,0.1,0.75
25.08.2021 01:07:59.530,1.37204,1.37199,1.5,0.75
25.08.2021 01:08:00.750,1.3720200000000002,1.37198,0.1,0.75
25.08.2021 01:08:09.955,1.3720200000000002,1.3719700000000001,0.1,0.75
25.08.2021 01:08:14.834,1.3720200000000002,1.37195,0.1,0.75
25.08.2021 01:08:15.782,1.3720100000000002,1.37195,0.1,0.75
25.08.2021 01:08:21.763,1.3720100000000002,1.37194,0.1,0.75
25.08.2021 01:08:24.563,1.372,1.37194,0.1,0.75
25.08.2021 01:08:24.665,1.37196,1.3719100000000002,0.1,0.75
25.08.2021 01:08:24.716,1.3719700000000001,1.37188,0.1,0.75
25.08.2021 01:08:24.767,1.37195,1.3718700000000001,0.1,0.75
25.08.2021 01:08:24.919,1.37194,1.3718700000000001,0.1,0.75
25.08.2021 01:08:25.020,1.37193,1.3718700000000001,0.1,0.75
25.08.2021 01:08:30.299,1.37195,1.37186,0.1,0.75
25.08.2021 01:08:31.051,1.37193,1.3718700000000001,0.1,0.75
25.08.2021 01:08:31.152,1.37192,1.37186,0.1,0.75
25.08.2021 01:08:31.305,1.3719100000000002,1.37185,0.1,0.75
25.08.2021 01:08:31.406,1.3719100000000002,1.3718299999999999,0.1,0.75
25.08.2021 01:08:35.709,1.3718700000000001,1.37178,0.1,0.75
25.08.2021 01:08:35.811,1.37185,1.37179,0.82,0.75
25.08.2021 01:08:37.218,1.37185,1.37178,1.2,0.75
25.08.2021 01:08:49.336,1.37185,1.3717700000000002,0.1,0.75
25.08.2021 01:08:49.797,1.37186,1.37175,0.1,1.5
25.08.2021 01:08:49.899,1.37185,1.37175,0.1,0.75
25.08.2021 01:09:04.919,1.37185,1.37176,0.82,0.75
25.08.2021 01:09:16.870,1.37184,1.37176,0.1,0.75
25.08.2021 01:09:17.301,1.3718299999999999,1.37176,0.1,0.75
25.08.2021 01:09:26.991,1.3718299999999999,1.3717700000000002,0.1,0.75
25.08.2021 01:09:27.105,1.37184,1.37175,0.1,0.75
25.08.2021 01:09:29.797,1.3718299999999999,1.37175,0.1,0.75
25.08.2021 01:09:32.579,1.3718299999999999,1.37176,0.1,0.75
25.08.2021 01:09:39.477,1.37184,1.37176,0.1,0.75
25.08.2021 01:09:45.199,1.3718299999999999,1.37176,0.1,0.75
25.08.2021 01:09:46.930,1.3718299999999999,1.37175,0.1,0.75
25.08.2021 01:09:47.416,1.3718299999999999,1.37176,0.1,0.75
25.08.2021 01:10:02.118,1.37184,1.37176,1.95,0.75
25.08.2021 01:10:17.629,1.37185,1.37176,1.76,0.75
25.08.2021 01:10:18.040,1.37186,1.37178,0.75,0.75
25.08.2021 01:10:18.092,1.37188,1.37179,0.82,0.75
25.08.2021 01:10:18.143,1.37188,1.3718100000000002,0.45,0.75
25.08.2021 01:10:18.246,1.37189,1.3718100000000002,0.19,0.75
25.08.2021 01:10:23.882,1.3719000000000001,1.3718100000000002,1.57,0.75
25.08.2021 01:10:27.677,1.3719000000000001,1.3718000000000001,0.82,0.75
25.08.2021 01:10:33.141,1.3719100000000002,1.3718000000000001,0.75,0.75
25.08.2021 01:10:35.455,1.37193,1.3718299999999999,2.14,0.75
25.08.2021 01:10:35.557,1.37193,1.37184,0.75,0.75
25.08.2021 01:10:35.710,1.37194,1.37184,1.76,0.75
25.08.2021 01:10:35.812,1.37194,1.37185,2.51,0.75
25.08.2021 01:10:40.605,1.37193,1.37185,0.19,0.75
25.08.2021 01:10:40.707,1.37193,1.37184,0.75,0.75
25.08.2021 01:10:44.353,1.37193,1.37185,0.94,0.75
25.08.2021 01:10:48.249,1.37194,1.37182,1.01,0.75
25.08.2021 01:10:48.300,1.3719100000000002,1.3718299999999999,0.82,0.75
25.08.2021 01:10:48.402,1.3719100000000002,1.37182,1.2,0.75
25.08.2021 01:10:48.851,1.3719000000000001,1.37182,0.75,0.75
25.08.2021 01:10:48.954,1.3718700000000001,1.37178,1.39,0.75
25.08.2021 01:10:49.057,1.3718700000000001,1.3717700000000002,0.1,0.75
25.08.2021 01:10:50.129,1.3718700000000001,1.37178,0.1,0.75
25.08.2021 01:10:50.610,1.37186,1.37178,0.1,0.75
25.08.2021 01:10:52.990,1.37185,1.37178,0.1,0.75
25.08.2021 01:10:54.107,1.37185,1.37179,0.1,0.75
25.08.2021 01:10:54.158,1.37188,1.37179,0.37,0.75
25.08.2021 01:10:54.513,1.37192,1.37185,0.45,0.75
25.08.2021 01:10:54.614,1.37192,1.37186,0.1,0.75
25.08.2021 01:10:54.716,1.37194,1.37185,0.82,0.75
25.08.2021 01:10:55.863,1.37195,1.37186,0.82,0.75
25.08.2021 01:10:57.461,1.37194,1.37186,0.1,0.75
25.08.2021 01:11:00.662,1.37195,1.37186,0.1,0.75
25.08.2021 01:11:00.810,1.37195,1.3718700000000001,0.1,0.75
25.08.2021 01:11:01.281,1.37194,1.3718700000000001,0.1,0.75
25.08.2021 01:11:01.382,1.37194,1.37188,0.1,0.75
25.08.2021 01:11:01.484,1.37194,1.3718700000000001,0.1,0.75
25.08.2021 01:11:01.737,1.37194,1.37188,0.1,0.75
25.08.2021 01:11:01.838,1.37194,1.3718700000000001,0.1,0.75
25.08.2021 01:11:01.940,1.37193,1.3718700000000001,0.1,0.75
25.08.2021 01:11:02.042,1.37194,1.3718700000000001,0.1,0.75
25.08.2021 01:11:03.021,1.37194,1.37188,0.1,0.75
25.08.2021 01:11:06.977,1.37194,1.3718700000000001,0.1,0.75
25.08.2021 01:11:26.880,1.37194,1.37188,0.1,0.75
25.08.2021 01:11:42.786,1.37192,1.37186,0.1,0.75
25.08.2021 01:11:42.888,1.3719100000000002,1.37186,0.1,0.75
25.08.2021 01:11:48.956,1.3719100000000002,1.37185,0.1,0.75
25.08.2021 01:11:51.307,1.37193,1.37186,0.1,0.75
25.08.2021 01:11:51.359,1.37194,1.3718700000000001,3.07,0.75
25.08.2021 01:11:51.563,1.37194,1.37188,2.32,0.75
25.08.2021 01:11:53.319,1.37194,1.37189,2.7,0.75
25.08.2021 01:12:00.343,1.37196,1.3719000000000001,0.75,3.37
25.08.2021 01:12:00.394,1.3720100000000002,1.37189,0.19,3
25.08.2021 01:12:00.445,1.37203,1.37195,9.64,0.75
25.08.2021 01:12:00.547,1.3720100000000002,1.37195,0.19,0.75
25.08.2021 01:12:01.154,1.3720100000000002,1.37196,0.94,0.75
25.08.2021 01:12:01.255,1.3720100000000002,1.37195,0.94,0.75
25.08.2021 01:12:04.009,1.372,1.37195,0.19,0.75
25.08.2021 01:12:04.845,1.372,1.37196,0.19,0.75
25.08.2021 01:12:16.836,1.37204,1.37195,0.75,0.75
25.08.2021 01:12:16.937,1.37205,1.37195,1.95,0.75
25.08.2021 01:12:21.850,1.37204,1.3719700000000001,1.57,0.75
25.08.2021 01:12:29.072,1.37206,1.37196,1.95,0.75
25.08.2021 01:12:29.276,1.37205,1.37196,1.95,0.75
25.08.2021 01:12:29.378,1.37204,1.37196,0.82,0.75
25.08.2021 01:12:42.175,1.3720200000000002,1.37194,0.37,0.75
25.08.2021 01:12:42.276,1.3720200000000002,1.37193,0.1,0.75
25.08.2021 01:12:43.177,1.3720100000000002,1.37193,0.1,0.75
25.08.2021 01:12:43.279,1.3720200000000002,1.37193,1.2,0.75
25.08.2021 01:12:49.108,1.37203,1.3719100000000002,1.95,0.75
25.08.2021 01:12:52.796,1.3720100000000002,1.37192,0.1,0.75
25.08.2021 01:13:00.137,1.3720100000000002,1.37193,0.1,0.75
25.08.2021 01:13:06.794,1.3720100000000002,1.37194,0.1,0.75
25.08.2021 01:13:07.587,1.37203,1.37195,0.82,0.75
25.08.2021 01:13:07.690,1.37204,1.37195,0.75,0.75
25.08.2021 01:13:12.955,1.37203,1.3719700000000001,0.75,0.75
25.08.2021 01:13:14.331,1.37204,1.37198,0.75,0.75
25.08.2021 01:13:15.417,1.37204,1.37199,2.51,0.75
25.08.2021 01:13:21.973,1.37205,1.3719700000000001,1.76,0.75
25.08.2021 01:13:22.582,1.37204,1.3719700000000001,0.19,0.75
25.08.2021 01:13:22.683,1.37203,1.3719700000000001,1.01,0.75
25.08.2021 01:13:26.490,1.37204,1.37195,1.01,0.75
25.08.2021 01:13:33.467,1.37203,1.37198,1.01,0.75
25.08.2021 01:13:35.712,1.37203,1.3719700000000001,1.01,0.75
25.08.2021 01:13:38.362,1.37203,1.37198,0.19,0.75
25.08.2021 01:13:38.464,1.37204,1.37198,1.39,0.75
25.08.2021 01:13:41.735,1.37206,1.372,1.39,0.75
25.08.2021 01:13:41.838,1.3720700000000001,1.372,1.01,0.75
25.08.2021 01:13:42.464,1.37209,1.3720100000000002,0.75,1.2
25.08.2021 01:13:42.515,1.3721200000000002,1.37205,0.64,0.75
25.08.2021 01:13:42.768,1.3721,1.37206,0.19,0.75
25.08.2021 01:13:42.870,1.3721200000000002,1.37205,0.19,0.75
25.08.2021 01:13:48.346,1.3721200000000002,1.37206,0.19,0.75
25.08.2021 01:13:48.447,1.3721100000000002,1.37206,0.19,0.75
25.08.2021 01:13:58.051,1.3721100000000002,1.37205,0.19,0.75
25.08.2021 01:14:04.500,1.37213,1.37204,0.19,0.75
25.08.2021 01:14:04.602,1.3721100000000002,1.37204,0.19,0.75
25.08.2021 01:14:04.653,1.37213,1.37204,0.19,0.75
25.08.2021 01:14:05.405,1.3721,1.37205,0.19,0.75
25.08.2021 01:14:05.979,1.3721200000000002,1.37204,0.19,0.75
25.08.2021 01:14:06.081,1.37213,1.37204,0.19,0.75
25.08.2021 01:14:07.148,1.3721400000000001,1.37205,0.26,0.75
25.08.2021 01:14:07.250,1.3721400000000001,1.3720700000000001,0.26,0.75
25.08.2021 01:14:08.520,1.3721400000000001,1.37206,0.26,0.75
25.08.2021 01:14:12.164,1.3721400000000001,1.3720700000000001,0.26,0.75
25.08.2021 01:14:12.758,1.37208,1.37204,0.2,0.75
25.08.2021 01:14:12.809,1.37213,1.37206,0.1,0.75
25.08.2021 01:14:12.910,1.3721400000000001,1.37206,0.1,0.75
25.08.2021 01:14:13.163,1.3721400000000001,1.3720700000000001,0.1,0.75
25.08.2021 01:14:21.271,1.37215,1.37204,0.1,0.75
25.08.2021 01:14:27.207,1.37216,1.37205,0.1,0.75
25.08.2021 01:14:31.253,1.37215,1.37205,0.26,1.57
25.08.2021 01:14:33.937,1.37215,1.37204,1.5,0.75
25.08.2021 01:14:36.566,1.3721400000000001,1.37204,0.75,0.75
25.08.2021 01:14:36.618,1.3721200000000002,1.37203,0.26,2.25
25.08.2021 01:14:36.669,1.3721200000000002,1.372,0.19,1.5
25.08.2021 01:14:36.770,1.3721100000000002,1.372,0.45,0.75
25.08.2021 01:14:53.755,1.3721100000000002,1.37199,1.2,1.5
25.08.2021 01:14:57.044,1.3721,1.37199,1.5,1.5
25.08.2021 01:14:57.095,1.37213,1.3720100000000002,0.94,0.75
25.08.2021 01:14:57.146,1.3721200000000002,1.37199,0.19,1.5
25.08.2021 01:14:57.247,1.3721200000000002,1.372,0.19,0.75
25.08.2021 01:15:04.917,1.37213,1.372,0.37,0.75
25.08.2021 01:15:05.018,1.37213,1.3720100000000002,0.94,0.75
25.08.2021 01:15:07.625,1.37213,1.372,1.01,0.82
25.08.2021 01:15:08.030,1.3721200000000002,1.372,0.75,0.75
25.08.2021 01:15:08.132,1.3721100000000002,1.372,1.01,2.25
25.08.2021 01:15:19.007,1.3721100000000002,1.37199,1.01,1.5
25.08.2021 01:15:49.146,1.37213,1.3720100000000002,0.75,2.32
25.08.2021 01:15:49.248,1.37215,1.3720200000000002,2.51,0.1
25.08.2021 01:15:50.597,1.37213,1.3720200000000002,0.1,2.32
25.08.2021 01:15:58.892,1.37215,1.3720200000000002,2.51,0.1
25.08.2021 01:16:27.002,1.3721400000000001,1.37204,0.1,0.75
25.08.2021 01:16:27.104,1.37216,1.37203,2.51,0.82
25.08.2021 01:16:29.397,1.37216,1.37206,0.82,0.75
25.08.2021 01:16:29.448,1.37219,1.37205,2.51,1.5
25.08.2021 01:16:29.753,1.37218,1.3720700000000001,2.51,0.75
25.08.2021 01:16:30.295,1.37219,1.37205,2.44,1.57
25.08.2021 01:16:33.955,1.37218,1.3720700000000001,2.44,0.75
25.08.2021 01:16:36.254,1.3722200000000002,1.3721200000000002,0.1,0.75
25.08.2021 01:16:36.357,1.3722400000000001,1.3721100000000002,3.64,0.75
25.08.2021 01:16:37.353,1.37223,1.37213,3.26,0.75
25.08.2021 01:16:41.889,1.37218,1.3721100000000002,0.75,0.75
25.08.2021 01:16:41.991,1.37215,1.3720700000000001,0.75,7.5
25.08.2021 01:16:42.092,1.37216,1.3720700000000001,2.32,7.5
25.08.2021 01:16:42.143,1.37216,1.37205,2.32,0.82
25.08.2021 01:16:42.346,1.37215,1.37205,0.1,0.75
25.08.2021 01:16:42.448,1.37216,1.37203,0.82,0.82
25.08.2021 01:16:55.533,1.3721400000000001,1.37204,0.37,0.82
25.08.2021 01:17:38.172,1.37215,1.37205,0.75,1.57
25.08.2021 01:17:43.416,1.37216,1.37203,0.1,2.32
25.08.2021 01:17:44.913,1.37215,1.37205,0.1,0.75
25.08.2021 01:17:45.014,1.37216,1.37205,1.95,0.82
25.08.2021 01:17:48.245,1.37215,1.37205,0.1,0.75
25.08.2021 01:17:54.955,1.37216,1.37203,0.1,2.32
25.08.2021 01:18:02.904,1.37215,1.37203,0.19,1.57
25.08.2021 01:18:11.200,1.37216,1.37203,0.82,0.82
25.08.2021 01:18:11.302,1.37215,1.37203,0.37,0.82
25.08.2021 01:18:11.454,1.3721400000000001,1.37205,0.37,0.1
25.08.2021 01:18:11.606,1.37216,1.37205,1.95,0.1
25.08.2021 01:18:18.349,1.37216,1.37203,0.1,2.32
25.08.2021 01:18:19.027,1.37216,1.37204,1.5,2.32
25.08.2021 01:18:19.129,1.37215,1.37204,0.1,2.32
25.08.2021 01:18:22.925,1.3721400000000001,1.37203,0.75,0.75
25.08.2021 01:18:23.026,1.3721400000000001,1.3720200000000002,0.75,0.75
25.08.2021 01:18:23.128,1.3721,1.37203,2.19,0.75
25.08.2021 01:18:23.280,1.37213,1.37203,0.75,0.75
25.08.2021 01:18:48.382,1.3721100000000002,1.37199,0.82,1.12
25.08.2021 01:18:48.586,1.3721100000000002,1.37198,2.19,1.12
25.08.2021 01:18:48.688,1.3721200000000002,1.37198,0.82,1.12
25.08.2021 01:18:52.038,1.3721100000000002,1.37198,2.19,1.5
25.08.2021 01:18:52.515,1.3721100000000002,1.37199,3.02,1.5
25.08.2021 01:18:53.262,1.37209,1.37199,2.19,1.5
25.08.2021 01:18:54.400,1.3721,1.37199,2.19,1.5
25.08.2021 01:18:55.004,1.3721100000000002,1.37199,0.82,1.5
25.08.2021 01:18:56.717,1.37208,1.3719700000000001,1.5,1.5
25.08.2021 01:18:56.819,1.3720700000000001,1.37196,0.75,2.32
25.08.2021 01:19:06.377,1.3720700000000001,1.3719700000000001,1.5,0.75
25.08.2021 01:19:06.479,1.3720700000000001,1.37196,1.5,1.57
25.08.2021 01:19:06.581,1.37209,1.37198,1.95,0.1
25.08.2021 01:19:16.327,1.3721,1.372,0.75,0.75
25.08.2021 01:19:16.428,1.3721100000000002,1.3720100000000002,0.75,0.75
25.08.2021 01:19:16.581,1.37213,1.37203,1.5,0.75
25.08.2021 01:19:16.835,1.37213,1.3720200000000002,1.5,1.5
25.08.2021 01:19:18.392,1.37213,1.37203,0.75,1.5
25.08.2021 01:19:20.142,1.37213,1.3720200000000002,1.5,1.57
25.08.2021 01:19:20.294,1.3721400000000001,1.3720200000000002,1.5,1.57
25.08.2021 01:19:20.497,1.3721400000000001,1.3720100000000002,1.57,1.5
25.08.2021 01:19:20.598,1.3721200000000002,1.3720200000000002,0.75,0.75
25.08.2021 01:19:20.700,1.37213,1.3720200000000002,1.5,0.82
25.08.2021 01:19:20.801,1.37213,1.3720100000000002,0.75,0.75
25.08.2021 01:19:20.953,1.3721200000000002,1.3720100000000002,1.57,0.75
25.08.2021 01:19:21.105,1.37209,1.37198,0.75,0.75
25.08.2021 01:19:21.207,1.3720700000000001,1.37199,0.75,0.75
25.08.2021 01:19:21.308,1.37208,1.3719700000000001,0.75,0.75
25.08.2021 01:19:21.410,1.3720700000000001,1.3719700000000001,0.75,0.75
25.08.2021 01:19:22.738,1.37209,1.37198,0.75,0.75
25.08.2021 01:19:23.252,1.3721,1.37198,2.25,0.75
25.08.2021 01:19:39.666,1.3721,1.3720100000000002,2.25,0.75
25.08.2021 01:19:39.769,1.37213,1.37203,0.75,1.12
25.08.2021 01:19:39.923,1.37213,1.37204,0.75,0.1
25.08.2021 01:19:40.280,1.3721400000000001,1.3720200000000002,1.5,1.2
25.08.2021 01:19:40.432,1.3721400000000001,1.37203,1.5,0.1
25.08.2021 01:19:45.241,1.37213,1.37203,1.5,1.2
25.08.2021 01:19:45.343,1.37215,1.37203,1.5,0.1
25.08.2021 01:19:53.873,1.37215,1.37204,0.75,0.1
25.08.2021 01:19:57.412,1.3721400000000001,1.37204,1.5,0.1
25.08.2021 01:19:58.064,1.3721400000000001,1.37205,1.5,0.1
25.08.2021 01:19:58.321,1.3721400000000001,1.37204,1.5,0.1
25.08.2021 01:19:58.677,1.37215,1.37204,1.5,0.1
25.08.2021 01:20:00.221,1.37215,1.37205,0.75,0.1
25.08.2021 01:20:05.389,1.37215,1.37206,0.75,0.1
25.08.2021 01:20:06.110,1.37215,1.37205,0.75,0.82
25.08.2021 01:20:07.508,1.3721400000000001,1.37205,0.75,0.1
25.08.2021 01:20:07.559,1.3721400000000001,1.37203,0.75,1.12
25.08.2021 01:20:15.179,1.37215,1.37204,0.75,0.1
25.08.2021 01:20:15.280,1.37215,1.37203,0.75,1.57
25.08.2021 01:20:19.033,1.3721400000000001,1.37205,0.75,0.1
25.08.2021 01:20:20.958,1.3721400000000001,1.37204,0.75,2.32
25.08.2021 01:20:21.059,1.3721400000000001,1.37205,0.75,0.1
25.08.2021 01:20:24.740,1.37216,1.37205,0.75,0.82
25.08.2021 01:20:25.227,1.37216,1.37204,1.5,0.1
25.08.2021 01:20:25.328,1.37216,1.37203,0.75,0.1
25.08.2021 01:20:27.260,1.37215,1.37205,0.75,1.52
25.08.2021 01:20:27.888,1.37215,1.37204,0.75,0.82
25.08.2021 01:20:36.278,1.37216,1.37204,0.75,0.1
25.08.2021 01:20:36.380,1.37216,1.37205,0.75,0.1
25.08.2021 01:20:36.891,1.37216,1.37206,0.75,0.1
25.08.2021 01:20:37.151,1.37218,1.3720700000000001,1.5,1.57
25.08.2021 01:20:38.471,1.3722,1.3720700000000001,1.5,0.1
25.08.2021 01:20:41.826,1.3722,1.37208,0.75,0.1
25.08.2021 01:20:45.530,1.37219,1.37208,0.75,0.82
25.08.2021 01:20:45.733,1.37216,1.37206,0.75,0.1
25.08.2021 01:20:49.060,1.37216,1.3720700000000001,0.75,0.75
25.08.2021 01:20:49.263,1.37216,1.37206,0.75,0.82
25.08.2021 01:20:50.502,1.3721700000000001,1.3720700000000001,0.75,0.82
25.08.2021 01:20:50.654,1.37216,1.37206,0.75,0.82
25.08.2021 01:20:50.856,1.37218,1.37206,0.75,0.82
25.08.2021 01:20:51.160,1.37218,1.3720700000000001,0.75,0.1
25.08.2021 01:20:51.413,1.37216,1.3720700000000001,0.75,0.82
25.08.2021 01:20:53.601,1.3721700000000001,1.3720700000000001,0.75,0.82
25.08.2021 01:21:00.850,1.37216,1.3720700000000001,0.75,0.75
25.08.2021 01:21:02.699,1.37215,1.3720700000000001,0.75,0.75
25.08.2021 01:21:03.690,1.37215,1.37206,0.75,0.1
25.08.2021 01:21:03.993,1.37215,1.3720700000000001,0.75,0.75
25.08.2021 01:21:05.285,1.37216,1.37205,0.75,0.82
25.08.2021 01:21:12.280,1.37215,1.37205,0.75,0.82
25.08.2021 01:21:15.490,1.37216,1.37205,0.75,0.75
25.08.2021 01:21:16.206,1.37216,1.37204,0.75,0.82
25.08.2021 01:21:17.426,1.37216,1.37205,0.75,0.75
25.08.2021 01:21:17.528,1.37216,1.37204,0.75,0.82
25.08.2021 01:21:23.190,1.37216,1.37205,0.75,0.75
25.08.2021 01:21:23.293,1.37216,1.37204,0.75,0.82
25.08.2021 01:21:23.496,1.37215,1.37206,0.75,0.75
25.08.2021 01:21:24.523,1.37215,1.37205,0.75,0.75
25.08.2021 01:21:24.625,1.37215,1.37206,0.75,0.75
25.08.2021 01:21:28.160,1.37216,1.37204,0.75,0.75
25.08.2021 01:21:28.313,1.37216,1.37206,0.75,0.82
25.08.2021 01:21:28.414,1.3721700000000001,1.37206,0.75,0.75
25.08.2021 01:21:28.515,1.3721700000000001,1.37205,0.75,0.75
25.08.2021 01:21:31.849,1.3721700000000001,1.37206,0.75,0.75
25.08.2021 01:21:35.560,1.37216,1.37206,0.75,0.75
25.08.2021 01:21:36.930,1.3721700000000001,1.37203,0.75,2.25
25.08.2021 01:21:37.082,1.3721700000000001,1.37205,0.75,0.75
25.08.2021 01:21:37.495,1.37216,1.3720700000000001,0.75,0.75
25.08.2021 01:21:37.950,1.3721700000000001,1.37204,0.75,0.75
25.08.2021 01:21:38.052,1.37216,1.37204,0.75,1.69
25.08.2021 01:21:38.737,1.37216,1.37206,0.75,0.75
25.08.2021 01:21:38.889,1.37216,1.3720700000000001,0.75,0.75
25.08.2021 01:21:45.073,1.37218,1.3720700000000001,2.25,0.75
25.08.2021 01:22:00.125,1.37218,1.37208,1.5,0.75
25.08.2021 01:22:00.328,1.37219,1.37206,1.5,0.75
25.08.2021 01:22:02.602,1.37216,1.37206,0.75,0.75
25.08.2021 01:22:02.704,1.3721700000000001,1.37206,0.75,0.75
25.08.2021 01:22:02.858,1.37218,1.37206,0.75,0.82
25.08.2021 01:22:03.345,1.3721700000000001,1.37204,1.57,1.57
25.08.2021 01:22:03.869,1.37216,1.37204,1.5,1.5
25.08.2021 01:22:03.971,1.37215,1.37204,0.1,0.1
25.08.2021 01:22:04.730,1.37216,1.37204,0.1,0.75
25.08.2021 01:22:10.509,1.37216,1.37205,2.32,0.82
25.08.2021 01:22:11.163,1.3721700000000001,1.37205,0.75,0.1
25.08.2021 01:22:15.814,1.3721700000000001,1.37205,1.5,0.82
25.08.2021 01:22:17.988,1.3721700000000001,1.37204,1.57,0.75
25.08.2021 01:22:21.462,1.37215,1.37205,0.1,0.75
25.08.2021 01:22:21.614,1.37216,1.37205,1.95,0.75
25.08.2021 01:22:30.737,1.37215,1.37205,0.1,0.75
25.08.2021 01:22:31.197,1.3721700000000001,1.37204,1.95,0.75
25.08.2021 01:22:31.298,1.37215,1.37205,0.1,0.75
25.08.2021 01:22:32.305,1.3721700000000001,1.37204,1.57,0.75
25.08.2021 01:22:37.233,1.37216,1.37204,1.57,0.75
25.08.2021 01:22:39.458,1.37216,1.37205,1.57,0.75
25.08.2021 01:22:41.145,1.37215,1.37205,0.1,0.75
25.08.2021 01:22:47.501,1.3721700000000001,1.37204,1.57,0.75
25.08.2021 01:22:50.057,1.37216,1.37204,1.57,0.75
25.08.2021 01:22:52.123,1.37216,1.37203,0.1,0.75
25.08.2021 01:23:02.397,1.3721400000000001,1.37204,0.1,0.75
25.08.2021 01:23:05.182,1.37215,1.37204,0.1,0.75
25.08.2021 01:23:06.717,1.3721700000000001,1.37203,1.57,0.75
25.08.2021 01:23:07.540,1.37215,1.37204,0.1,0.75
25.08.2021 01:23:07.861,1.37216,1.37204,1.57,0.75
25.08.2021 01:23:10.575,1.37216,1.37205,1.57,0.75
25.08.2021 01:23:10.676,1.37216,1.37203,0.82,0.75
25.08.2021 01:23:12.198,1.37216,1.37204,2.32,0.75
25.08.2021 01:23:13.694,1.3721700000000001,1.37204,1.5,0.75
25.08.2021 01:23:14.251,1.3721700000000001,1.37203,0.82,2.25
25.08.2021 01:23:15.589,1.3721700000000001,1.37204,0.1,0.75
25.08.2021 01:23:15.976,1.37216,1.37204,0.1,3
25.08.2021 01:23:26.280,1.3721700000000001,1.37204,0.82,0.75
25.08.2021 01:23:26.896,1.3721700000000001,1.37203,0.82,2.25
25.08.2021 01:23:36.788,1.3721700000000001,1.37204,0.75,0.1
25.08.2021 01:23:39.405,1.3721700000000001,1.37203,1.57,1.57
25.08.2021 01:24:00.273,1.37216,1.37205,0.94,0.1
25.08.2021 01:24:00.681,1.37216,1.37204,1.57,1.57
25.08.2021 01:24:06.041,1.37216,1.37205,1.57,0.75
25.08.2021 01:24:14.575,1.37218,1.37204,1.57,0.82
25.08.2021 01:24:14.677,1.3721700000000001,1.37206,0.75,0.1
25.08.2021 01:24:17.636,1.37216,1.37205,1.57,0.75
25.08.2021 01:24:26.289,1.37216,1.37204,1.57,0.82
25.08.2021 01:24:26.646,1.37216,1.37205,1.57,0.75
25.08.2021 01:24:34.447,1.37215,1.37205,0.1,0.75
25.08.2021 01:24:39.980,1.37216,1.37203,0.1,0.75
25.08.2021 01:24:45.515,1.37216,1.37204,2.32,0.82
25.08.2021 01:24:50.233,1.3721700000000001,1.37204,1.57,0.75
25.08.2021 01:24:51.485,1.3721700000000001,1.37205,1.5,0.1
25.08.2021 01:24:51.587,1.3721700000000001,1.37206,1.5,0.1
25.08.2021 01:24:51.740,1.37216,1.37205,1.57,0.75
25.08.2021 01:24:57.093,1.37218,1.37204,3.82,0.82
25.08.2021 01:25:00.749,1.3721700000000001,1.37206,1.5,0.1
25.08.2021 01:25:00.851,1.37216,1.37205,1.57,0.82
25.08.2021 01:25:00.953,1.37215,1.37204,0.1,1.57
25.08.2021 01:25:04.310,1.37216,1.37204,0.75,0.1
25.08.2021 01:25:07.530,1.37215,1.37204,0.82,1.57
25.08.2021 01:25:08.140,1.37216,1.37204,1.5,1.57
25.08.2021 01:25:08.192,1.3721700000000001,1.37205,1.5,0.1
25.08.2021 01:25:08.293,1.37216,1.37204,0.75,0.75
25.08.2021 01:25:08.711,1.37215,1.37204,0.82,0.75
25.08.2021 01:25:08.812,1.37215,1.37205,0.75,0.75
25.08.2021 01:25:13.400,1.37216,1.3720200000000002,1.57,1.2
25.08.2021 01:25:13.501,1.37215,1.37204,1.5,0.1
25.08.2021 01:25:13.653,1.37216,1.3720200000000002,1.57,1.2
25.08.2021 01:25:13.906,1.37215,1.37205,1.57,0.75
25.08.2021 01:25:16.527,1.37215,1.37204,1.57,0.75
25.08.2021 01:25:16.628,1.37216,1.37204,1.57,0.75
25.08.2021 01:25:21.001,1.37216,1.37203,0.82,0.75
25.08.2021 01:25:21.102,1.3721400000000001,1.37204,0.75,0.75
25.08.2021 01:25:24.954,1.37216,1.37203,0.82,0.75
25.08.2021 01:25:27.015,1.3721400000000001,1.37204,0.1,0.75
25.08.2021 01:25:28.433,1.37215,1.3720200000000002,0.1,1.5
25.08.2021 01:25:28.652,1.3721400000000001,1.37204,0.1,0.75
25.08.2021 01:25:28.753,1.37215,1.3720200000000002,0.1,1.5
25.08.2021 01:25:39.912,1.37215,1.37203,0.1,0.75
25.08.2021 01:25:40.013,1.3721400000000001,1.37203,0.1,1.5
25.08.2021 01:25:43.724,1.37215,1.37203,0.1,0.75
25.08.2021 01:25:43.961,1.3721400000000001,1.37203,0.1,1.5
25.08.2021 01:26:27.262,1.37216,1.3720200000000002,0.75,0.75
25.08.2021 01:26:44.096,1.37215,1.3720200000000002,0.75,2.25
25.08.2021 01:26:55.246,1.37216,1.37203,0.75,0.75
25.08.2021 01:26:55.347,1.37215,1.37203,0.75,0.75
25.08.2021 01:27:07.775,1.37209,1.3720100000000002,0.75,0.37
25.08.2021 01:27:07.826,1.3721100000000002,1.37199,1.95,0.75
25.08.2021 01:27:08.575,1.3721200000000002,1.3720200000000002,0.82,0.75
25.08.2021 01:27:09.680,1.37213,1.3720200000000002,1.57,0.82
25.08.2021 01:27:39.276,1.37215,1.3720200000000002,0.82,1.57
25.08.2021 01:27:57.340,1.37216,1.37203,1.57,0.1
25.08.2021 01:28:12.376,1.37215,1.37203,0.75,1.5
25.08.2021 01:28:21.486,1.37215,1.37205,0.75,0.75
25.08.2021 01:28:21.602,1.3721700000000001,1.37204,0.75,0.75
25.08.2021 01:28:21.805,1.37216,1.37206,0.75,0.75
25.08.2021 01:28:22.340,1.3721700000000001,1.37204,0.75,0.75
25.08.2021 01:28:22.499,1.3721700000000001,1.37205,0.75,0.75
25.08.2021 01:28:22.798,1.37216,1.37205,0.75,0.75
25.08.2021 01:28:23.344,1.37218,1.37205,0.75,0.75
25.08.2021 01:28:24.032,1.3721700000000001,1.3720700000000001,0.75,0.75
25.08.2021 01:28:27.550,1.3722100000000002,1.3721100000000002,0.75,0.75
25.08.2021 01:28:27.601,1.3722200000000002,1.3721200000000002,0.82,0.82
25.08.2021 01:28:27.754,1.37223,1.3721200000000002,1.5,0.82
25.08.2021 01:28:28.283,1.37223,1.3721400000000001,1.5,0.75
25.08.2021 01:28:34.200,1.3722400000000001,1.3721400000000001,1.5,0.75
25.08.2021 01:28:34.301,1.37225,1.37216,0.75,0.75
25.08.2021 01:28:34.352,1.37227,1.37216,0.75,1.5
25.08.2021 01:28:34.453,1.37228,1.37216,0.75,0.75
25.08.2021 01:28:37.704,1.37225,1.37216,0.75,0.75
25.08.2021 01:28:37.806,1.37226,1.37213,0.75,2.64
25.08.2021 01:28:37.907,1.3722400000000001,1.3721400000000001,0.75,0.75
25.08.2021 01:28:44.296,1.37225,1.3721400000000001,0.82,0.75
25.08.2021 01:28:44.839,1.3722400000000001,1.3721400000000001,0.75,0.75
25.08.2021 01:28:47.857,1.3722400000000001,1.37213,0.75,1.5
25.08.2021 01:28:59.688,1.37225,1.37213,0.75,0.75
25.08.2021 01:28:59.789,1.3722400000000001,1.37213,0.75,1.5
25.08.2021 01:29:21.954,1.37223,1.3721200000000002,0.75,1.5
25.08.2021 01:29:23.839,1.3722400000000001,1.37213,1.57,0.75
25.08.2021 01:29:24.338,1.37218,1.3721100000000002,0.75,0.75
25.08.2021 01:29:24.389,1.3721700000000001,1.37209,1.57,0.82
25.08.2021 01:29:24.491,1.3721700000000001,1.3720700000000001,1.5,0.75
25.08.2021 01:29:24.592,1.37218,1.3720700000000001,1.57,0.75
25.08.2021 01:29:24.694,1.37216,1.3720700000000001,0.75,0.75
25.08.2021 01:29:24.795,1.3721700000000001,1.3720700000000001,1.57,0.75
25.08.2021 01:29:26.609,1.37215,1.37208,0.82,0.75
25.08.2021 01:29:42.720,1.37216,1.37208,0.82,0.75
25.08.2021 01:29:42.821,1.37218,1.3720700000000001,1.57,1.5
25.08.2021 01:29:43.125,1.3722,1.37208,0.75,0.75
25.08.2021 01:29:43.227,1.3722100000000002,1.3721,0.75,0.75
25.08.2021 01:29:43.328,1.3722100000000002,1.3721100000000002,0.75,0.75
25.08.2021 01:29:44.006,1.37223,1.37213,0.1,1.5
25.08.2021 01:29:44.107,1.37223,1.3721200000000002,0.82,1.57
25.08.2021 01:29:44.209,1.37223,1.37213,0.1,0.75
25.08.2021 01:29:45.173,1.3722400000000001,1.37213,1.5,0.82
25.08.2021 01:29:50.230,1.37225,1.37213,0.75,0.1
25.08.2021 01:29:53.113,1.3722400000000001,1.37213,0.75,0.82
25.08.2021 01:29:59.046,1.3722400000000001,1.3721100000000002,0.75,2.25
25.08.2021 01:29:59.147,1.3722400000000001,1.37213,0.75,0.75
25.08.2021 01:29:59.299,1.37223,1.37213,0.75,0.75
25.08.2021 01:29:59.400,1.3722400000000001,1.37213,1.5,0.75
25.08.2021 01:30:01.181,1.37226,1.37213,2.25,0.75
25.08.2021 01:30:02.706,1.37226,1.37215,1.5,1.5
25.08.2021 01:30:02.958,1.37226,1.37216,1.5,0.75
25.08.2021 01:30:03.111,1.37226,1.3721400000000001,1.5,2.25
25.08.2021 01:30:03.465,1.37226,1.37215,1.5,0.75
25.08.2021 01:30:03.566,1.37227,1.37213,1.5,2.25
25.08.2021 01:30:03.668,1.37226,1.37215,1.5,0.75
25.08.2021 01:30:03.820,1.37227,1.37215,1.5,0.75
25.08.2021 01:30:03.921,1.37226,1.37215,1.5,1.5
25.08.2021 01:30:04.478,1.37226,1.37216,1.5,0.75
25.08.2021 01:30:05.038,1.37226,1.37215,1.5,1.5
25.08.2021 01:30:05.140,1.37226,1.37216,1.5,0.75
25.08.2021 01:30:05.498,1.37225,1.3721400000000001,0.75,2.25
25.08.2021 01:30:05.703,1.37225,1.37215,0.75,0.75
25.08.2021 01:30:06.008,1.37225,1.3721400000000001,0.75,2.25
25.08.2021 01:30:06.109,1.37226,1.3721400000000001,0.75,0.75
25.08.2021 01:30:06.212,1.37227,1.3721400000000001,1.5,1.5
25.08.2021 01:30:07.162,1.37227,1.37215,1.5,0.1
25.08.2021 01:30:10.227,1.37226,1.37215,1.5,0.82
25.08.2021 01:30:10.950,1.37226,1.37216,1.5,0.75
25.08.2021 01:30:11.102,1.37226,1.37215,1.5,3.09
25.08.2021 01:30:11.304,1.37226,1.37216,1.5,0.75
25.08.2021 01:30:11.466,1.37226,1.37215,1.5,0.82
25.08.2021 01:30:11.618,1.37226,1.37216,1.5,0.75
25.08.2021 01:30:12.126,1.37226,1.37215,1.5,1.57
25.08.2021 01:30:12.485,1.37226,1.37216,1.5,0.75
25.08.2021 01:30:13.219,1.37227,1.37216,0.75,1.5
25.08.2021 01:30:13.320,1.37227,1.3721700000000001,1.5,0.1
25.08.2021 01:30:13.575,1.37226,1.37216,0.75,0.82
25.08.2021 01:30:13.677,1.37226,1.37215,0.75,1.57
25.08.2021 01:30:13.791,1.37227,1.37215,1.57,1.57
25.08.2021 01:30:13.909,1.37228,1.37215,1.57,0.75
25.08.2021 01:30:14.438,1.37227,1.3721400000000001,0.75,1.57
25.08.2021 01:30:24.239,1.37227,1.3721700000000001,0.75,0.82
25.08.2021 01:30:24.341,1.37229,1.37216,0.75,1.57
25.08.2021 01:30:26.373,1.37227,1.3721700000000001,1.5,0.75
25.08.2021 01:30:26.575,1.37227,1.37216,1.5,2.25
25.08.2021 01:30:27.079,1.37227,1.3721700000000001,0.75,0.75
25.08.2021 01:30:31.005,1.37229,1.37216,1.5,0.82
25.08.2021 01:30:31.633,1.37229,1.37215,1.5,2.32
25.08.2021 01:30:31.758,1.37228,1.3721700000000001,1.5,0.1
25.08.2021 01:30:33.789,1.37227,1.3721700000000001,0.75,0.82
25.08.2021 01:30:33.890,1.37228,1.3721700000000001,1.5,0.82
25.08.2021 01:30:33.992,1.37227,1.3721700000000001,0.75,0.1
25.08.2021 01:30:34.093,1.37227,1.37216,0.75,2.32
25.08.2021 01:30:34.352,1.37227,1.37215,0.75,1.57
25.08.2021 01:30:34.962,1.37227,1.37216,1.5,2.32
25.08.2021 01:30:35.114,1.37227,1.3721700000000001,1.5,0.75
25.08.2021 01:30:36.105,1.37227,1.37216,1.5,2.51
25.08.2021 01:30:36.218,1.37226,1.37216,0.75,0.82
25.08.2021 01:30:36.471,1.37228,1.37215,1.57,2.32
25.08.2021 01:30:37.419,1.37227,1.3721700000000001,1.5,0.82
25.08.2021 01:30:37.899,1.37226,1.37216,0.75,0.1
25.08.2021 01:30:38.001,1.37228,1.37215,1.5,0.1
25.08.2021 01:30:41.921,1.37227,1.37215,1.57,2.51
25.08.2021 01:30:42.022,1.37226,1.37215,0.75,2.51
25.08.2021 01:30:42.124,1.37228,1.37215,1.57,0.75
25.08.2021 01:30:42.588,1.37227,1.3721400000000001,0.75,2.32
25.08.2021 01:30:42.690,1.37227,1.37216,1.57,0.75
25.08.2021 01:30:42.893,1.37227,1.3721400000000001,0.75,2.32
25.08.2021 01:30:43.044,1.37227,1.37215,1.57,2.32
25.08.2021 01:30:43.196,1.37227,1.37216,1.57,0.75
25.08.2021 01:30:43.398,1.37227,1.37215,1.57,2.32
25.08.2021 01:30:45.358,1.37227,1.37216,1.5,0.1
25.08.2021 01:30:45.609,1.37228,1.3721400000000001,1.57,2.32
25.08.2021 01:30:48.281,1.37228,1.37215,1.5,0.1
25.08.2021 01:30:52.306,1.37228,1.37216,2.32,1.57
25.08.2021 01:30:54.269,1.37227,1.37215,0.82,3.07
25.08.2021 01:30:54.421,1.37227,1.37216,0.82,0.75
25.08.2021 01:31:00.566,1.37227,1.37215,1.57,2.32
25.08.2021 01:31:00.667,1.37227,1.37216,1.5,1.57
25.08.2021 01:31:01.752,1.37228,1.3721400000000001,1.57,2.32
25.08.2021 01:31:02.225,1.37226,1.37215,0.75,2.32
25.08.2021 01:31:02.771,1.37225,1.3721400000000001,1.57,1.5
25.08.2021 01:31:03.484,1.37225,1.37213,0.1,0.75
25.08.2021 01:31:05.603,1.37226,1.37213,2.32,0.75
25.08.2021 01:31:07.031,1.37225,1.37213,2.32,1.57
25.08.2021 01:31:07.233,1.37226,1.37213,2.32,0.75
25.08.2021 01:31:07.576,1.3722400000000001,1.3721400000000001,0.75,0.75
25.08.2021 01:31:07.850,1.3722400000000001,1.3721100000000002,1.5,0.75
25.08.2021 01:31:15.402,1.3722400000000001,1.3721200000000002,0.75,1.5
25.08.2021 01:31:15.503,1.3722400000000001,1.37213,0.82,1.5
25.08.2021 01:31:17.357,1.3722400000000001,1.3721200000000002,0.75,1.5
25.08.2021 01:31:17.812,1.3722200000000002,1.37213,0.75,0.75
25.08.2021 01:31:17.913,1.3722200000000002,1.3721200000000002,0.75,1.5
25.08.2021 01:31:34.540,1.3722400000000001,1.37213,2.32,0.75
25.08.2021 01:31:38.714,1.3722400000000001,1.3721200000000002,0.75,0.75
25.08.2021 01:31:39.876,1.3722400000000001,1.37213,2.7,0.75
