Gmt time,Ask,Bid,AskVolume,BidVolume
09.08.2021 00:00:00.974,1.3867500000000001,1.3866200000000002,0.75,0.75
09.08.2021 00:00:01.794,1.38679,1.38667,0.75,0.37
09.08.2021 00:00:01.897,1.3868200000000002,1.38668,1.5,0.37
09.08.2021 00:00:01.999,1.3868,1.38669,0.75,0.37
09.08.2021 00:00:02.204,1.3868200000000002,1.38668,0.37,1.87
09.08.2021 00:00:02.710,1.38681,1.3867,0.37,0.1
09.08.2021 00:00:04.085,1.38681,1.38671,0.37,0.75
09.08.2021 00:00:07.273,1.38684,1.38671,1.87,1.5
09.08.2021 00:00:09.537,1.38683,1.38671,0.75,0.75
09.08.2021 00:00:15.964,1.38684,1.38669,2.25,0.75
09.08.2021 00:00:17.159,1.3868500000000001,1.3867,1.5,0.75
09.08.2021 00:00:17.564,1.38684,1.38673,0.75,0.75
09.08.2021 00:00:17.666,1.3868600000000002,1.3867200000000002,0.75,0.75
09.08.2021 00:00:18.709,1.3868500000000001,1.38674,0.75,0.75
09.08.2021 00:00:19.247,1.3868600000000002,1.38674,0.75,0.75
09.08.2021 00:00:19.399,1.38691,1.38681,5.25,0.75
09.08.2021 00:00:19.501,1.38694,1.38681,0.75,1.5
09.08.2021 00:00:19.552,1.3869500000000001,1.38684,0.37,0.75
09.08.2021 00:00:19.957,1.3869500000000001,1.38683,0.37,1.5
09.08.2021 00:00:20.059,1.3869600000000002,1.38683,0.75,1.5
09.08.2021 00:00:20.161,1.3869600000000002,1.3868200000000002,0.75,0.75
09.08.2021 00:00:20.363,1.3869500000000001,1.38681,0.75,0.75
09.08.2021 00:00:21.126,1.3869200000000002,1.38679,0.75,0.75
09.08.2021 00:00:21.227,1.3869,1.38679,0.75,0.56
09.08.2021 00:00:22.229,1.38688,1.38676,0.75,1.5
09.08.2021 00:00:24.293,1.38688,1.3867500000000001,0.75,0.75
09.08.2021 00:00:25.701,1.38684,1.3867,2.25,8.81
09.08.2021 00:00:25.802,1.3868200000000002,1.38669,1.5,1.87
09.08.2021 00:00:26.005,1.38681,1.38669,0.75,1.12
09.08.2021 00:00:28.773,1.3868,1.38669,0.75,0.37
09.08.2021 00:00:32.080,1.38681,1.38669,2.25,0.37
09.08.2021 00:00:43.270,1.3868200000000002,1.38669,1.5,1.87
09.08.2021 00:00:45.277,1.3868200000000002,1.38668,0.75,1.12
09.08.2021 00:00:45.382,1.3867200000000002,1.38666,0.75,0.37
09.08.2021 00:00:45.484,1.38668,1.3866,0.37,4.5
09.08.2021 00:00:45.535,1.38663,1.38658,0.75,0.75
09.08.2021 00:00:45.637,1.38663,1.38656,0.75,7.5
09.08.2021 00:00:45.688,1.3866,1.38656,0.75,7.5
09.08.2021 00:00:45.739,1.3866,1.38647,1.5,2.25
09.08.2021 00:00:45.840,1.3866200000000002,1.38648,0.75,0.75
09.08.2021 00:00:45.942,1.38663,1.38648,1.5,1.5
09.08.2021 00:00:46.195,1.3866100000000001,1.38649,0.75,0.75
09.08.2021 00:00:46.297,1.38663,1.38648,1.5,1.5
09.08.2021 00:00:47.070,1.3866100000000001,1.38649,0.75,0.75
09.08.2021 00:00:50.653,1.38659,1.38647,0.75,0.94
09.08.2021 00:00:50.755,1.38658,1.38647,0.75,0.94
09.08.2021 00:00:50.858,1.38658,1.38646,0.75,1.5
09.08.2021 00:00:51.359,1.3866100000000001,1.38647,0.75,0.37
09.08.2021 00:00:51.613,1.3866100000000001,1.38648,2.25,1.12
09.08.2021 00:00:56.094,1.3866200000000002,1.38648,1.5,0.75
09.08.2021 00:00:56.196,1.3866100000000001,1.38648,2.25,0.75
09.08.2021 00:01:00.146,1.3866100000000001,1.38649,1.5,0.75
09.08.2021 00:01:02.729,1.3866100000000001,1.3865,0.75,0.75
09.08.2021 00:01:08.781,1.3866100000000001,1.38649,0.75,1.5
09.08.2021 00:01:18.949,1.38657,1.38645,0.75,0.94
09.08.2021 00:01:19.000,1.38657,1.38643,0.75,1.12
09.08.2021 00:01:19.102,1.38656,1.38643,1.5,1.5
09.08.2021 00:01:20.057,1.3865500000000002,1.3864200000000002,0.75,1.69
09.08.2021 00:01:21.818,1.3865200000000002,1.3864100000000001,0.75,0.75
09.08.2021 00:01:21.920,1.3865100000000001,1.3864100000000001,0.75,0.75
09.08.2021 00:01:22.022,1.3865,1.38638,0.75,0.75
09.08.2021 00:01:22.123,1.38648,1.38638,0.75,0.75
09.08.2021 00:01:22.174,1.38648,1.3863400000000001,1.5,0.56
09.08.2021 00:01:22.276,1.38645,1.3863400000000001,0.75,0.75
09.08.2021 00:01:24.610,1.38645,1.38633,0.75,0.75
09.08.2021 00:01:26.056,1.38648,1.38637,5.25,0.75
09.08.2021 00:01:26.157,1.3865,1.38637,1.5,0.75
09.08.2021 00:01:27.215,1.38649,1.38636,2.25,0.75
09.08.2021 00:01:27.317,1.3865,1.38637,0.75,0.75
09.08.2021 00:01:27.419,1.3865,1.38636,1.5,0.75
09.08.2021 00:01:27.521,1.38647,1.38636,0.75,0.75
09.08.2021 00:01:27.814,1.38649,1.38636,0.75,0.75
09.08.2021 00:01:27.966,1.38648,1.38636,0.75,1.12
09.08.2021 00:01:28.068,1.38647,1.3863400000000001,0.75,0.75
09.08.2021 00:01:29.033,1.38646,1.3863400000000001,0.75,1.5
09.08.2021 00:01:34.054,1.38648,1.38638,4.5,0.75
09.08.2021 00:01:34.156,1.38648,1.38639,4.5,0.75
09.08.2021 00:01:34.207,1.3865100000000001,1.38638,0.75,1.5
09.08.2021 00:01:34.258,1.3865500000000002,1.3864200000000002,5.25,0.75
09.08.2021 00:01:34.360,1.3865100000000001,1.38639,0.75,0.75
09.08.2021 00:01:34.765,1.3865200000000002,1.38639,0.75,0.75
09.08.2021 00:01:34.866,1.3865100000000001,1.38639,0.75,1.5
09.08.2021 00:01:36.720,1.3865100000000001,1.38638,1.5,1.69
09.08.2021 00:01:36.821,1.3865200000000002,1.38638,1.5,0.75
09.08.2021 00:01:36.923,1.3865100000000001,1.38638,1.5,1.87
09.08.2021 00:01:37.024,1.3865,1.38638,0.75,1.87
09.08.2021 00:01:37.126,1.3865100000000001,1.38638,0.75,0.75
09.08.2021 00:01:37.380,1.3865,1.38638,0.75,1.87
09.08.2021 00:01:37.481,1.3865100000000001,1.38638,0.75,0.75
09.08.2021 00:01:37.787,1.3865,1.38638,0.75,1.87
09.08.2021 00:01:38.125,1.3865,1.38639,0.75,0.75
09.08.2021 00:01:38.329,1.3865200000000002,1.38638,0.75,0.75
09.08.2021 00:01:42.757,1.3865,1.38639,0.75,0.75
09.08.2021 00:01:47.808,1.3865100000000001,1.38639,1.5,0.75
09.08.2021 00:01:50.116,1.3865200000000002,1.38637,1.5,2.25
09.08.2021 00:01:50.415,1.3865100000000001,1.38639,1.5,0.75
09.08.2021 00:01:50.516,1.3865100000000001,1.38638,1.5,2.25
09.08.2021 00:01:51.170,1.3865200000000002,1.38638,1.5,0.75
09.08.2021 00:01:51.322,1.3865200000000002,1.38637,1.5,2.25
09.08.2021 00:01:53.191,1.3865200000000002,1.38639,0.75,0.75
09.08.2021 00:01:53.297,1.3865100000000001,1.38639,0.75,0.75
09.08.2021 00:01:58.003,1.3865200000000002,1.38639,2.25,0.75
09.08.2021 00:02:00.468,1.3865200000000002,1.3864,2.25,0.75
09.08.2021 00:02:00.570,1.3865200000000002,1.38639,2.25,0.75
09.08.2021 00:02:01.244,1.3865100000000001,1.38639,0.75,0.75
09.08.2021 00:02:01.938,1.38653,1.38638,0.75,1.5
09.08.2021 00:02:06.082,1.38656,1.38646,4.87,0.75
09.08.2021 00:02:06.184,1.38658,1.38646,0.37,0.75
09.08.2021 00:02:06.286,1.3866100000000001,1.38647,1.5,1.12
09.08.2021 00:02:08.479,1.3866100000000001,1.38648,1.5,2.62
09.08.2021 00:02:09.216,1.3866,1.38647,0.75,0.75
09.08.2021 00:02:12.347,1.3866100000000001,1.38647,1.5,1.12
09.08.2021 00:02:13.225,1.3866100000000001,1.38648,0.75,1.87
09.08.2021 00:02:13.382,1.3866,1.38648,0.75,1.5
09.08.2021 00:02:13.585,1.38659,1.38648,0.75,0.75
09.08.2021 00:02:13.686,1.3866,1.38646,1.5,0.94
09.08.2021 00:02:14.503,1.3866,1.38645,2.25,0.75
09.08.2021 00:02:14.604,1.38659,1.38647,2.25,0.75
09.08.2021 00:02:14.706,1.3866,1.38645,2.25,1.12
09.08.2021 00:02:14.808,1.38659,1.38647,2.25,1.12
09.08.2021 00:02:15.062,1.38659,1.38648,0.75,0.75
09.08.2021 00:02:15.163,1.3866,1.38646,2.25,1.12
09.08.2021 00:02:15.416,1.3866,1.38645,2.25,0.75
09.08.2021 00:02:15.518,1.38659,1.38647,1.5,0.75
09.08.2021 00:02:15.670,1.38659,1.38645,0.75,0.75
09.08.2021 00:02:15.772,1.38659,1.38647,1.5,1.12
09.08.2021 00:02:16.784,1.38658,1.38646,0.75,1.12
09.08.2021 00:02:16.886,1.3866,1.38647,1.5,0.75
09.08.2021 00:02:16.988,1.38659,1.38647,1.5,0.75
09.08.2021 00:02:17.089,1.38654,1.38643,0.75,1.5
09.08.2021 00:02:17.191,1.38653,1.3864100000000001,0.75,0.19
09.08.2021 00:02:21.794,1.3865200000000002,1.3864,0.75,0.19
09.08.2021 00:02:22.604,1.38654,1.3864,0.75,0.19
09.08.2021 00:02:30.136,1.38653,1.3864,0.75,0.19
09.08.2021 00:02:34.241,1.38654,1.3864,0.75,0.19
09.08.2021 00:02:40.417,1.3865100000000001,1.3864,0.75,0.19
09.08.2021 00:02:40.682,1.3865100000000001,1.3864100000000001,0.75,0.19
09.08.2021 00:02:41.641,1.3865200000000002,1.38639,0.75,1.12
09.08.2021 00:02:41.844,1.3865,1.38639,0.75,0.94
09.08.2021 00:02:41.946,1.3865100000000001,1.38636,1.5,0.94
09.08.2021 00:02:42.047,1.38649,1.38637,0.75,0.19
09.08.2021 00:02:42.099,1.3864200000000002,1.38635,0.75,0.37
09.08.2021 00:02:42.150,1.38646,1.38633,0.19,0.37
09.08.2021 00:02:42.201,1.38649,1.38635,1.5,1.5
09.08.2021 00:02:42.251,1.38649,1.38638,0.75,0.37
09.08.2021 00:02:42.353,1.3864200000000002,1.3863400000000001,0.75,0.75
09.08.2021 00:02:43.371,1.38646,1.3863200000000002,0.75,0.94
09.08.2021 00:02:46.006,1.38647,1.38636,0.75,0.37
09.08.2021 00:02:46.310,1.38647,1.38635,0.75,1.12
09.08.2021 00:02:46.411,1.38648,1.38635,0.75,1.12
09.08.2021 00:02:46.513,1.38646,1.38636,0.75,0.56
09.08.2021 00:02:46.615,1.3865,1.38635,1.5,1.31
09.08.2021 00:02:46.717,1.38648,1.38636,0.75,0.56
09.08.2021 00:02:46.819,1.38649,1.38636,0.75,0.37
09.08.2021 00:02:46.920,1.38643,1.3863200000000002,0.75,1.12
09.08.2021 00:02:47.022,1.3864100000000001,1.38629,0.75,1.12
09.08.2021 00:02:47.376,1.3864,1.38629,0.75,1.12
09.08.2021 00:02:47.529,1.3863400000000001,1.38625,0.75,0.37
09.08.2021 00:02:47.579,1.38633,1.3862100000000002,0.75,5.44
09.08.2021 00:02:47.630,1.3863,1.3862200000000002,0.75,0.75
09.08.2021 00:02:47.681,1.3863,1.3862,0.75,8.62
09.08.2021 00:02:47.783,1.38628,1.38616,1.5,2.06
09.08.2021 00:02:47.885,1.3863,1.3861700000000001,0.75,0.37
09.08.2021 00:02:47.987,1.3863,1.38618,0.75,1.12
09.08.2021 00:02:48.088,1.38629,1.38618,0.75,1.12
09.08.2021 00:02:48.291,1.3863,1.38618,0.75,1.12
09.08.2021 00:02:48.392,1.38629,1.38618,0.75,1.12
09.08.2021 00:02:48.494,1.38629,1.3861700000000001,0.75,1.5
09.08.2021 00:02:48.696,1.38629,1.38618,0.75,0.37
09.08.2021 00:02:48.798,1.3862100000000002,1.3861,0.75,2.25
09.08.2021 00:02:48.950,1.38618,1.3861,0.75,1.5
09.08.2021 00:02:49.052,1.38613,1.38609,0.75,0.75
09.08.2021 00:02:49.103,1.3861200000000002,1.3860100000000002,1.5,8.44
09.08.2021 00:02:49.154,1.38613,1.38609,0.75,0.75
09.08.2021 00:02:49.205,1.38615,1.38609,1.5,0.75
09.08.2021 00:02:49.306,1.38615,1.38609,0.75,0.75
09.08.2021 00:02:49.825,1.38614,1.38603,1.5,0.1
09.08.2021 00:02:49.927,1.38613,1.38602,1.5,0.75
09.08.2021 00:02:50.180,1.3861200000000002,1.38602,0.75,0.75
09.08.2021 00:02:50.332,1.38613,1.38602,1.5,0.75
09.08.2021 00:02:50.384,1.3861100000000002,1.38599,1.5,0.56
09.08.2021 00:02:50.485,1.3861100000000002,1.38598,0.75,0.56
09.08.2021 00:02:50.586,1.3861,1.38598,0.75,0.56
09.08.2021 00:02:50.638,1.38606,1.38594,1.5,0.75
09.08.2021 00:02:50.689,1.38602,1.38594,0.75,0.75
09.08.2021 00:02:50.739,1.38604,1.38592,0.75,0.75
09.08.2021 00:02:50.841,1.38605,1.3859299999999999,0.75,0.75
09.08.2021 00:02:50.892,1.38604,1.38592,0.75,0.1
09.08.2021 00:02:50.994,1.3860700000000001,1.3859299999999999,0.75,0.94
09.08.2021 00:02:51.196,1.3860700000000001,1.38596,1.5,0.37
09.08.2021 00:02:51.298,1.38609,1.38598,0.75,0.56
09.08.2021 00:02:51.551,1.3861200000000002,1.3860100000000002,0.75,0.75
09.08.2021 00:02:51.653,1.38614,1.38602,0.75,1.5
09.08.2021 00:02:51.704,1.3862,1.38608,1.5,0.75
09.08.2021 00:02:51.806,1.3862,1.38609,1.5,0.19
09.08.2021 00:02:52.162,1.3862200000000002,1.38609,0.75,0.1
09.08.2021 00:02:52.264,1.3862100000000002,1.3861200000000002,0.75,0.75
09.08.2021 00:02:52.871,1.3862,1.3861200000000002,0.75,0.75
09.08.2021 00:02:53.124,1.3862,1.38609,1.5,0.19
09.08.2021 00:02:53.580,1.38619,1.38606,0.75,1.69
09.08.2021 00:02:53.682,1.38619,1.38608,0.75,0.75
09.08.2021 00:02:53.783,1.38618,1.38606,1.5,1.5
09.08.2021 00:02:54.273,1.3862,1.3860700000000001,2.25,1.5
09.08.2021 00:02:54.374,1.3862,1.38608,2.25,0.75
09.08.2021 00:02:54.476,1.3862,1.3860700000000001,2.25,1.5
09.08.2021 00:02:54.753,1.3862,1.38608,2.25,0.75
09.08.2021 00:02:54.865,1.38619,1.3860700000000001,0.75,1.5
09.08.2021 00:02:54.966,1.3862100000000002,1.3860700000000001,2.25,0.75
09.08.2021 00:02:55.169,1.3862100000000002,1.38609,0.75,0.56
09.08.2021 00:02:57.536,1.3862400000000001,1.38616,0.75,0.37
09.08.2021 00:02:57.644,1.3862100000000002,1.3861,0.75,3
09.08.2021 00:02:57.695,1.38623,1.3861100000000002,0.75,1.5
09.08.2021 00:02:58.377,1.38629,1.38615,4.12,0.75
09.08.2021 00:02:58.480,1.38626,1.38615,0.75,0.37
09.08.2021 00:02:58.582,1.38628,1.38618,1.12,0.75
09.08.2021 00:02:58.683,1.38628,1.38616,2.25,0.75
09.08.2021 00:02:58.785,1.3862700000000001,1.38616,0.75,0.75
09.08.2021 00:02:58.937,1.38628,1.3861700000000001,0.75,0.75
09.08.2021 00:02:59.089,1.3863,1.3862100000000002,0.75,0.1
09.08.2021 00:02:59.191,1.3863200000000002,1.3862400000000001,0.75,0.1
09.08.2021 00:02:59.243,1.3863200000000002,1.3862,0.75,0.1
09.08.2021 00:02:59.295,1.3863200000000002,1.38623,0.75,0.75
09.08.2021 00:02:59.397,1.3863100000000002,1.3862100000000002,0.75,0.1
09.08.2021 00:02:59.448,1.3863100000000002,1.38623,0.75,0.75
09.08.2021 00:02:59.550,1.38633,1.3862200000000002,0.75,0.75
09.08.2021 00:02:59.702,1.38633,1.3862100000000002,0.75,0.75
09.08.2021 00:03:03.156,1.38636,1.3862200000000002,0.75,1.5
09.08.2021 00:03:06.920,1.3862700000000001,1.38619,0.75,4.5
09.08.2021 00:03:07.022,1.38626,1.38615,0.75,0.75
09.08.2021 00:03:07.073,1.3862200000000002,1.38615,0.75,1.5
09.08.2021 00:03:07.123,1.38623,1.3861200000000002,0.75,8.25
09.08.2021 00:03:07.225,1.3862100000000002,1.3861,0.75,1.12
09.08.2021 00:03:07.580,1.3862400000000001,1.3861200000000002,0.75,0.75
09.08.2021 00:03:07.631,1.38626,1.3861200000000002,0.75,2.25
09.08.2021 00:03:07.732,1.38626,1.38614,0.75,0.75
09.08.2021 00:03:12.541,1.3862700000000001,1.38615,1.5,0.75
09.08.2021 00:03:16.461,1.38623,1.3861,0.75,3
09.08.2021 00:03:16.512,1.3862200000000002,1.38608,1.5,0.75
09.08.2021 00:03:16.718,1.3862,1.38609,0.75,0.75
09.08.2021 00:03:16.820,1.3862100000000002,1.3860700000000001,0.75,2.25
09.08.2021 00:03:17.260,1.38619,1.38608,0.75,0.75
09.08.2021 00:03:17.363,1.3861700000000001,1.38608,0.75,0.75
09.08.2021 00:03:17.667,1.3861700000000001,1.38606,0.75,2.25
09.08.2021 00:03:17.769,1.38619,1.38606,0.75,2.25
09.08.2021 00:03:17.870,1.38618,1.38608,0.75,0.75
09.08.2021 00:03:18.124,1.38618,1.3860700000000001,0.75,1.5
09.08.2021 00:03:18.225,1.38619,1.3860700000000001,0.75,0.75
09.08.2021 00:03:18.732,1.38618,1.3860700000000001,0.75,0.75
09.08.2021 00:03:18.909,1.38618,1.38608,0.75,0.75
09.08.2021 00:03:19.074,1.38619,1.38605,0.75,2.25
09.08.2021 00:03:19.278,1.38619,1.38606,0.75,2.25
09.08.2021 00:03:19.583,1.38618,1.38606,1.5,0.75
09.08.2021 00:03:20.126,1.38619,1.38606,0.75,0.75
09.08.2021 00:03:20.635,1.38618,1.38606,0.75,1.12
09.08.2021 00:03:20.736,1.38618,1.3860700000000001,0.75,0.37
09.08.2021 00:03:21.040,1.38618,1.38606,0.75,1.12
09.08.2021 00:03:21.192,1.38618,1.3860700000000001,0.75,1.5
09.08.2021 00:03:21.395,1.38618,1.38606,1.5,1.5
09.08.2021 00:03:21.547,1.38618,1.38605,1.5,1.5
09.08.2021 00:03:21.649,1.38618,1.38606,0.75,0.75
09.08.2021 00:03:22.764,1.38618,1.3860700000000001,0.75,0.37
09.08.2021 00:03:22.916,1.38619,1.38605,0.75,0.75
09.08.2021 00:03:23.220,1.3862100000000002,1.38606,1.5,0.75
09.08.2021 00:03:23.321,1.3862200000000002,1.38608,1.5,0.37
09.08.2021 00:03:23.423,1.38623,1.3861100000000002,0.75,1.5
09.08.2021 00:03:23.524,1.38625,1.3861200000000002,4.5,0.75
09.08.2021 00:03:23.575,1.38623,1.3861,1.5,1.69
09.08.2021 00:03:23.692,1.3862400000000001,1.3861,0.75,1.5
09.08.2021 00:03:23.794,1.3862400000000001,1.38613,1.5,0.19
09.08.2021 00:03:23.946,1.38626,1.3861200000000002,0.75,0.19
09.08.2021 00:03:24.098,1.3862700000000001,1.3861700000000001,0.75,2.25
09.08.2021 00:03:24.200,1.3863100000000002,1.3861700000000001,0.94,1.87
09.08.2021 00:03:24.301,1.3863,1.38619,0.75,1.87
09.08.2021 00:03:24.922,1.38635,1.38625,3,0.37
09.08.2021 00:03:25.024,1.38638,1.3863200000000002,4.5,0.75
09.08.2021 00:03:25.074,1.38638,1.38629,4.5,0.19
09.08.2021 00:03:25.126,1.3864,1.3863,0.75,0.75
09.08.2021 00:03:25.278,1.3864100000000001,1.38628,0.75,0.37
09.08.2021 00:03:25.430,1.3864100000000001,1.3862700000000001,1.5,1.5
09.08.2021 00:03:25.532,1.38638,1.3862700000000001,0.75,0.75
09.08.2021 00:03:25.634,1.38638,1.3862400000000001,0.75,1.31
09.08.2021 00:03:25.736,1.38638,1.38626,0.75,0.75
09.08.2021 00:03:25.837,1.38638,1.3862400000000001,1.5,0.19
09.08.2021 00:03:26.040,1.38637,1.38623,0.75,1.69
09.08.2021 00:03:26.393,1.38633,1.3862200000000002,0.75,0.94
09.08.2021 00:03:26.495,1.38635,1.3862200000000002,0.75,2.25
09.08.2021 00:03:28.744,1.38639,1.38628,0.75,1.12
09.08.2021 00:03:28.845,1.3864,1.38628,0.75,1.12
09.08.2021 00:03:29.352,1.3864,1.38629,0.75,1.12
09.08.2021 00:03:29.453,1.3864100000000001,1.3863200000000002,0.75,0.19
09.08.2021 00:03:29.605,1.3864,1.3863200000000002,0.75,0.19
09.08.2021 00:03:32.072,1.3864100000000001,1.3863,1.5,0.37
09.08.2021 00:03:33.237,1.38635,1.3862400000000001,0.75,0.94
09.08.2021 00:03:33.389,1.3863200000000002,1.38623,0.75,0.19
09.08.2021 00:03:33.491,1.3863400000000001,1.3862200000000002,0.75,2.62
09.08.2021 00:03:34.147,1.3863100000000002,1.3862,1.5,0.75
09.08.2021 00:03:34.299,1.3863,1.3862,0.75,0.37
09.08.2021 00:03:34.805,1.3863100000000002,1.3861700000000001,0.75,1.12
09.08.2021 00:03:35.285,1.3863,1.3861700000000001,0.75,1.12
09.08.2021 00:03:40.630,1.3863100000000002,1.3862,0.75,0.19
09.08.2021 00:03:41.449,1.38636,1.38625,4.5,0.56
09.08.2021 00:03:41.551,1.38637,1.38626,0.19,0.19
09.08.2021 00:03:41.653,1.3864,1.38626,9,0.94
09.08.2021 00:03:41.757,1.38639,1.38626,0.75,0.19
09.08.2021 00:03:41.859,1.38639,1.3862700000000001,0.75,0.94
09.08.2021 00:03:43.242,1.3864100000000001,1.3862700000000001,1.5,0.37
09.08.2021 00:03:44.793,1.3864,1.3862700000000001,0.75,1.12
09.08.2021 00:03:44.895,1.3864100000000001,1.3862700000000001,0.75,1.12
09.08.2021 00:03:44.996,1.3864100000000001,1.3863,1.5,0.19
09.08.2021 00:03:45.098,1.3864100000000001,1.38629,0.75,0.19
09.08.2021 00:03:46.963,1.3864100000000001,1.3863,0.75,0.19
09.08.2021 00:03:47.065,1.38643,1.3863,0.75,0.37
09.08.2021 00:03:49.671,1.38646,1.3863400000000001,1.5,0.37
09.08.2021 00:03:49.721,1.38649,1.38637,8.25,1.87
09.08.2021 00:03:49.777,1.3865,1.38638,0.75,0.19
09.08.2021 00:03:49.981,1.3865,1.38639,1.5,0.19
09.08.2021 00:03:50.083,1.3865,1.38638,0.75,0.19
09.08.2021 00:03:50.184,1.38647,1.38639,0.75,0.19
09.08.2021 00:03:50.438,1.38647,1.38637,0.75,0.19
09.08.2021 00:03:50.539,1.38646,1.38637,0.75,0.19
09.08.2021 00:03:52.847,1.3864200000000002,1.3863400000000001,0.75,0.19
09.08.2021 00:03:52.898,1.3864100000000001,1.3863100000000002,0.75,0.37
09.08.2021 00:03:53.959,1.3864,1.3863100000000002,0.75,0.37
09.08.2021 00:03:57.579,1.38636,1.38626,1.5,0.37
09.08.2021 00:03:57.681,1.38635,1.38625,0.75,0.37
09.08.2021 00:03:59.949,1.3864,1.38626,0.75,1.5
09.08.2021 00:04:00.052,1.3864100000000001,1.38626,2.25,1.87
09.08.2021 00:04:00.104,1.38638,1.3862700000000001,0.75,0.75
09.08.2021 00:04:00.206,1.38637,1.3862700000000001,1.5,0.37
09.08.2021 00:04:00.257,1.38638,1.3862400000000001,2.25,0.75
09.08.2021 00:04:00.308,1.3863400000000001,1.3862400000000001,0.75,0.37
09.08.2021 00:04:00.410,1.38635,1.3862400000000001,0.75,0.37
09.08.2021 00:04:01.302,1.38636,1.3862400000000001,0.75,0.37
09.08.2021 00:04:01.454,1.38639,1.3862700000000001,5.25,0.19
09.08.2021 00:04:01.556,1.3864100000000001,1.3862700000000001,1.5,0.37
09.08.2021 00:04:01.708,1.38639,1.38628,0.75,0.37
09.08.2021 00:04:01.809,1.3864,1.38628,1.5,1.12
09.08.2021 00:04:02.417,1.38638,1.38628,0.75,0.37
09.08.2021 00:04:02.468,1.3864100000000001,1.3862700000000001,1.5,0.37
09.08.2021 00:04:03.227,1.38639,1.38628,0.75,0.37
09.08.2021 00:04:03.328,1.3864,1.38628,2.25,0.37
09.08.2021 00:04:03.531,1.38638,1.38628,0.75,0.37
09.08.2021 00:04:04.054,1.3864,1.38628,2.25,0.37
09.08.2021 00:04:05.639,1.38639,1.38628,0.75,0.37
09.08.2021 00:04:05.845,1.38638,1.38628,0.75,0.37
09.08.2021 00:04:05.896,1.3863400000000001,1.3862400000000001,0.75,1.5
09.08.2021 00:04:05.997,1.38635,1.3862200000000002,1.5,0.75
09.08.2021 00:04:06.830,1.3863200000000002,1.3862200000000002,0.75,0.37
09.08.2021 00:04:06.880,1.3863100000000002,1.3862100000000002,0.75,0.37
09.08.2021 00:04:06.982,1.38629,1.3862,0.75,0.19
09.08.2021 00:04:07.135,1.3863,1.3862,0.75,0.19
09.08.2021 00:04:07.236,1.3863,1.38619,0.75,0.19
09.08.2021 00:04:07.338,1.3863100000000002,1.38619,0.75,0.19
09.08.2021 00:04:07.439,1.3863100000000002,1.3862,1.5,0.19
09.08.2021 00:04:08.459,1.38633,1.3862200000000002,0.75,0.19
09.08.2021 00:04:08.562,1.38635,1.3862100000000002,0.75,0.94
09.08.2021 00:04:08.716,1.38635,1.3862400000000001,0.75,0.19
09.08.2021 00:04:08.818,1.38637,1.38623,0.75,0.19
09.08.2021 00:04:09.194,1.38635,1.3862400000000001,0.75,0.19
09.08.2021 00:04:09.296,1.3863100000000002,1.3862200000000002,0.75,0.19
09.08.2021 00:04:10.015,1.3863,1.38619,1.5,0.94
09.08.2021 00:04:10.066,1.38628,1.3861700000000001,0.75,1.12
09.08.2021 00:04:10.269,1.38628,1.38616,0.75,0.19
09.08.2021 00:04:10.320,1.38625,1.38613,1.5,3.45
09.08.2021 00:04:10.371,1.3862100000000002,1.3861100000000002,0.75,4.5
09.08.2021 00:04:10.472,1.3862100000000002,1.3861,0.75,1.87
09.08.2021 00:04:11.177,1.3862,1.3861,0.75,0.37
09.08.2021 00:04:12.551,1.38618,1.3860700000000001,0.75,0.37
09.08.2021 00:04:12.652,1.38618,1.38606,1.5,0.19
09.08.2021 00:04:12.754,1.38616,1.3860700000000001,0.75,0.19
09.08.2021 00:04:12.856,1.38615,1.38602,0.75,4.12
09.08.2021 00:04:12.957,1.3861700000000001,1.38602,0.75,1.87
09.08.2021 00:04:13.008,1.3862,1.38609,5.25,0.37
09.08.2021 00:04:13.363,1.3862200000000002,1.38608,0.75,0.37
09.08.2021 00:04:13.693,1.3862100000000002,1.3861,0.75,0.75
09.08.2021 00:04:13.794,1.38623,1.3861100000000002,0.75,0.75
09.08.2021 00:04:13.896,1.38625,1.38613,0.75,0.75
09.08.2021 00:04:14.049,1.3862700000000001,1.3861200000000002,1.5,0.75
09.08.2021 00:04:14.295,1.38626,1.38614,0.75,0.75
09.08.2021 00:04:19.108,1.3862700000000001,1.38614,1.5,0.94
09.08.2021 00:04:20.245,1.3863,1.3861700000000001,0.75,0.37
09.08.2021 00:04:20.347,1.3862200000000002,1.3861200000000002,0.75,0.75
09.08.2021 00:04:20.448,1.3862200000000002,1.3861,0.75,0.37
09.08.2021 00:04:20.551,1.38623,1.3861,0.75,1.12
09.08.2021 00:04:20.652,1.3862100000000002,1.3861100000000002,0.75,0.37
09.08.2021 00:04:21.189,1.3862200000000002,1.3861100000000002,0.75,0.37
09.08.2021 00:04:23.043,1.38623,1.38613,0.75,1.12
09.08.2021 00:04:23.145,1.3862400000000001,1.38613,0.75,1.12
09.08.2021 00:04:26.580,1.38625,1.38613,0.75,0.19
09.08.2021 00:04:26.682,1.3862200000000002,1.3861,0.75,0.19
09.08.2021 00:04:27.000,1.3862200000000002,1.3861100000000002,0.75,0.19
09.08.2021 00:04:43.493,1.3862100000000002,1.38609,0.75,0.37
09.08.2021 00:04:43.595,1.38618,1.38608,0.75,0.37
09.08.2021 00:04:43.697,1.38618,1.38609,0.75,0.37
09.08.2021 00:04:43.798,1.38618,1.38608,0.75,0.37
09.08.2021 00:04:43.849,1.3862,1.38609,3.75,0.37
09.08.2021 00:04:43.951,1.38618,1.38609,0.75,0.37
09.08.2021 00:04:44.400,1.3862,1.38609,0.75,0.37
09.08.2021 00:04:44.501,1.3862100000000002,1.38609,1.5,0.37
09.08.2021 00:04:44.653,1.3862,1.38609,0.75,0.37
09.08.2021 00:04:44.856,1.3862100000000002,1.3861100000000002,0.75,0.37
09.08.2021 00:04:44.958,1.38623,1.3861,0.75,0.37
09.08.2021 00:04:45.583,1.3862100000000002,1.3861,0.75,0.37
09.08.2021 00:04:45.736,1.3862100000000002,1.38608,0.75,0.37
09.08.2021 00:04:47.200,1.3862,1.38608,0.75,0.37
09.08.2021 00:04:47.301,1.3862,1.38609,0.75,0.37
09.08.2021 00:04:48.458,1.3862100000000002,1.38609,0.75,0.75
09.08.2021 00:04:48.560,1.3862200000000002,1.38609,0.75,0.75
09.08.2021 00:04:48.662,1.3862100000000002,1.3861100000000002,0.75,0.37
09.08.2021 00:04:53.604,1.3862,1.3861100000000002,0.75,0.37
09.08.2021 00:04:53.756,1.3862100000000002,1.3861100000000002,0.75,0.37
09.08.2021 00:04:53.857,1.3862100000000002,1.3861,0.75,0.37
09.08.2021 00:04:54.110,1.3862200000000002,1.3861,0.75,0.37
09.08.2021 00:04:54.212,1.3862,1.3861100000000002,0.75,0.37
09.08.2021 00:04:55.017,1.3862100000000002,1.3861100000000002,0.75,0.37
09.08.2021 00:04:55.119,1.3862100000000002,1.3861,0.75,0.37
09.08.2021 00:04:55.220,1.3862200000000002,1.3861,0.75,0.37
09.08.2021 00:04:55.322,1.3862100000000002,1.3861,0.75,0.37
09.08.2021 00:04:55.423,1.3862100000000002,1.3861100000000002,0.75,0.37
09.08.2021 00:04:55.951,1.3862100000000002,1.3861,0.75,0.37
09.08.2021 00:04:56.099,1.3862100000000002,1.3861100000000002,0.75,0.37
09.08.2021 00:04:57.062,1.3862100000000002,1.3861,0.75,0.37
09.08.2021 00:04:57.196,1.3862100000000002,1.3861100000000002,0.75,0.37
09.08.2021 00:04:59.577,1.38618,1.3861,0.75,0.37
09.08.2021 00:05:00.115,1.38615,1.3861100000000002,0.75,0.37
09.08.2021 00:05:00.419,1.38615,1.3861,0.75,0.19
09.08.2021 00:05:00.520,1.38614,1.38609,0.75,0.37
09.08.2021 00:05:00.571,1.38616,1.38609,0.75,0.37
09.08.2021 00:05:00.926,1.38614,1.38609,0.75,0.37
09.08.2021 00:05:01.028,1.38614,1.38608,0.75,0.37
09.08.2021 00:05:01.180,1.38613,1.3860700000000001,0.75,0.37
09.08.2021 00:05:01.281,1.38615,1.3861,0.75,0.37
09.08.2021 00:05:01.332,1.38619,1.3861,3,0.37
09.08.2021 00:05:01.383,1.38615,1.3861,0.75,0.37
09.08.2021 00:05:01.484,1.38616,1.3860700000000001,0.75,0.75
09.08.2021 00:05:01.586,1.38615,1.3860700000000001,0.75,0.75
09.08.2021 00:05:01.738,1.38613,1.38608,0.75,0.37
09.08.2021 00:05:01.839,1.38613,1.38609,0.75,0.19
09.08.2021 00:05:02.092,1.38613,1.38608,0.75,0.37
09.08.2021 00:05:02.194,1.38614,1.38608,0.75,0.37
09.08.2021 00:05:02.297,1.38615,1.38609,0.75,0.37
09.08.2021 00:05:02.398,1.38616,1.3860700000000001,0.75,0.75
09.08.2021 00:05:02.500,1.3861700000000001,1.38609,0.75,0.37
09.08.2021 00:05:02.601,1.38616,1.38609,0.75,0.37
09.08.2021 00:05:02.703,1.38616,1.38608,0.75,0.75
09.08.2021 00:05:02.860,1.38616,1.3860700000000001,0.37,0.37
09.08.2021 00:05:02.962,1.38615,1.38609,0.37,0.37
09.08.2021 00:05:03.565,1.38616,1.38609,0.75,0.37
09.08.2021 00:05:03.996,1.38615,1.38609,0.75,0.37
09.08.2021 00:05:04.174,1.38614,1.38609,0.75,0.37
09.08.2021 00:05:04.326,1.38613,1.3860700000000001,0.75,0.75
09.08.2021 00:05:04.428,1.38616,1.3860700000000001,0.75,0.75
09.08.2021 00:05:04.530,1.38614,1.38608,0.75,0.75
09.08.2021 00:05:04.631,1.38613,1.38608,0.75,0.19
09.08.2021 00:05:04.733,1.38614,1.38608,0.75,0.37
09.08.2021 00:05:04.885,1.38613,1.3860700000000001,0.75,0.37
09.08.2021 00:05:04.987,1.38614,1.3860700000000001,0.75,0.37
09.08.2021 00:05:05.090,1.38613,1.38606,0.75,0.19
09.08.2021 00:05:05.192,1.38613,1.3860700000000001,0.75,0.37
09.08.2021 00:05:05.295,1.38614,1.38605,0.75,0.75
09.08.2021 00:05:05.397,1.38613,1.3860700000000001,0.75,0.37
09.08.2021 00:05:05.500,1.3861100000000002,1.38605,0.75,0.37
09.08.2021 00:05:05.601,1.38614,1.38605,0.75,0.19
09.08.2021 00:05:05.702,1.38614,1.38606,0.75,0.19
09.08.2021 00:05:06.042,1.38614,1.38605,0.75,0.37
09.08.2021 00:05:06.093,1.3861200000000002,1.38605,0.75,0.37
09.08.2021 00:05:06.695,1.38613,1.38602,0.75,0.94
09.08.2021 00:05:11.200,1.3861100000000002,1.38603,0.75,0.19
09.08.2021 00:05:11.459,1.38616,1.38608,0.75,1.12
09.08.2021 00:05:11.562,1.38616,1.38606,0.75,1.5
09.08.2021 00:05:11.664,1.38616,1.3860700000000001,0.75,0.37
09.08.2021 00:05:11.766,1.3861700000000001,1.3860700000000001,0.75,1.87
09.08.2021 00:05:11.867,1.3861700000000001,1.38608,0.75,0.75
09.08.2021 00:05:16.257,1.3861700000000001,1.38609,0.75,1.87
09.08.2021 00:05:16.358,1.38618,1.38609,0.75,1.2
09.08.2021 00:05:16.409,1.38619,1.3861,0.75,0.37
09.08.2021 00:05:17.501,1.38619,1.3861100000000002,0.75,1.12
09.08.2021 00:05:18.311,1.38618,1.3861100000000002,0.75,0.37
09.08.2021 00:05:19.037,1.38616,1.3861,0.75,0.37
09.08.2021 00:05:19.088,1.38613,1.38608,0.75,0.75
09.08.2021 00:05:19.139,1.38613,1.38606,0.75,1.12
09.08.2021 00:05:19.241,1.38615,1.38606,0.75,1.12
09.08.2021 00:05:19.343,1.38614,1.38606,0.75,0.37
09.08.2021 00:05:19.495,1.38615,1.38606,0.75,0.75
09.08.2021 00:05:19.596,1.38615,1.38605,0.75,0.75
09.08.2021 00:05:19.698,1.38613,1.38606,0.75,0.37
09.08.2021 00:05:19.800,1.38616,1.38605,0.75,0.75
09.08.2021 00:05:19.901,1.38614,1.38606,0.75,0.37
09.08.2021 00:05:20.002,1.38616,1.38606,0.75,0.75
09.08.2021 00:05:20.104,1.38616,1.38608,0.75,0.37
09.08.2021 00:05:20.206,1.3861700000000001,1.38609,0.75,0.75
09.08.2021 00:05:20.308,1.3861700000000001,1.38608,0.75,0.37
09.08.2021 00:05:20.410,1.3861700000000001,1.3861,0.75,0.19
09.08.2021 00:05:21.608,1.38618,1.3861,0.75,0.19
09.08.2021 00:05:24.916,1.38619,1.3861,0.75,1.01
09.08.2021 00:05:25.017,1.3862,1.3861,0.75,0.37
09.08.2021 00:05:25.068,1.3862100000000002,1.3861100000000002,0.75,1.12
09.08.2021 00:05:25.170,1.3862200000000002,1.3861100000000002,0.75,1.2
09.08.2021 00:05:25.474,1.38625,1.38615,0.75,1.12
09.08.2021 00:05:25.575,1.38626,1.38615,0.75,0.19
09.08.2021 00:05:25.677,1.38619,1.3861100000000002,0.75,1.31
09.08.2021 00:05:25.779,1.3862100000000002,1.3861100000000002,0.75,0.37
09.08.2021 00:05:26.162,1.38618,1.3861200000000002,0.75,0.19
09.08.2021 00:05:26.213,1.38619,1.38609,0.75,0.37
09.08.2021 00:05:28.084,1.38619,1.3861,0.75,0.37
09.08.2021 00:05:28.186,1.38619,1.38609,0.75,0.37
09.08.2021 00:05:28.490,1.38618,1.38609,0.75,0.19
09.08.2021 00:05:28.993,1.3862,1.38608,0.75,0.56
09.08.2021 00:05:29.196,1.3862200000000002,1.38609,0.75,1.2
09.08.2021 00:05:29.297,1.3862200000000002,1.3861,0.75,0.1
09.08.2021 00:05:29.399,1.3862100000000002,1.3861200000000002,0.75,0.19
09.08.2021 00:05:29.500,1.3862200000000002,1.3861200000000002,0.75,0.19
09.08.2021 00:05:30.290,1.38619,1.3861,0.75,1.5
09.08.2021 00:05:30.391,1.38618,1.3861,0.75,0.37
09.08.2021 00:05:30.594,1.38619,1.3861,0.75,0.37
09.08.2021 00:05:31.842,1.3862,1.3861200000000002,0.75,0.75
09.08.2021 00:05:31.944,1.38626,1.38614,0.75,1.12
09.08.2021 00:05:32.045,1.38628,1.38615,0.75,1.12
09.08.2021 00:05:32.147,1.3862700000000001,1.38615,0.75,0.37
09.08.2021 00:05:32.258,1.3862700000000001,1.38615,1.5,0.75
09.08.2021 00:05:32.360,1.38626,1.38616,0.75,0.37
09.08.2021 00:05:32.512,1.38626,1.38615,0.75,0.37
09.08.2021 00:05:32.664,1.38626,1.38616,0.75,0.37
09.08.2021 00:05:32.969,1.3862700000000001,1.38614,0.75,0.75
09.08.2021 00:05:33.070,1.3862700000000001,1.38615,0.75,1.5
09.08.2021 00:05:33.222,1.3862100000000002,1.38613,0.75,1.12
09.08.2021 00:05:33.273,1.38623,1.38614,0.75,0.75
09.08.2021 00:05:34.576,1.3862400000000001,1.38614,0.75,0.75
09.08.2021 00:05:40.832,1.3862400000000001,1.38613,0.75,0.37
09.08.2021 00:05:42.035,1.3862400000000001,1.3861200000000002,0.75,0.37
09.08.2021 00:05:48.629,1.3862400000000001,1.3861,0.75,1.12
09.08.2021 00:05:48.842,1.3862200000000002,1.3861100000000002,0.75,1.12
09.08.2021 00:05:49.753,1.3862,1.3861100000000002,0.75,1.12
09.08.2021 00:05:49.855,1.3862200000000002,1.3861100000000002,0.75,1.12
09.08.2021 00:05:51.390,1.3862400000000001,1.38614,0.75,0.75
09.08.2021 00:05:51.493,1.38625,1.3861200000000002,0.75,0.45
09.08.2021 00:05:51.595,1.38623,1.38613,0.75,0.45
09.08.2021 00:05:51.697,1.3862200000000002,1.38613,0.75,0.37
09.08.2021 00:05:59.507,1.3862100000000002,1.38609,0.75,0.37
09.08.2021 00:05:59.609,1.3862,1.38609,0.75,0.19
09.08.2021 00:05:59.710,1.38619,1.38609,0.75,0.19
09.08.2021 00:06:07.025,1.3862100000000002,1.38608,0.75,0.56
09.08.2021 00:06:07.834,1.3862100000000002,1.38609,1.5,0.56
09.08.2021 00:06:17.863,1.3862,1.38609,0.75,1.31
09.08.2021 00:06:17.964,1.3862100000000002,1.38609,1.5,1.31
09.08.2021 00:06:27.238,1.3862200000000002,1.3861,1.5,0.75
09.08.2021 00:06:27.339,1.38623,1.3861100000000002,1.5,1.12
09.08.2021 00:06:28.271,1.38625,1.3861,0.75,1.87
09.08.2021 00:06:28.372,1.38626,1.3861100000000002,1.5,0.75
09.08.2021 00:06:28.727,1.38625,1.38613,0.75,0.37
09.08.2021 00:06:29.300,1.3862400000000001,1.38615,0.75,1.52
09.08.2021 00:06:29.406,1.38625,1.38615,0.75,1.12
09.08.2021 00:06:30.380,1.3862400000000001,1.38615,0.75,0.37
09.08.2021 00:06:56.719,1.3862200000000002,1.38613,0.75,0.75
09.08.2021 00:06:56.820,1.38623,1.38613,0.75,0.94
09.08.2021 00:06:56.922,1.3862400000000001,1.38613,0.75,1.12
09.08.2021 00:06:57.023,1.3862400000000001,1.38614,0.75,0.75
09.08.2021 00:06:59.898,1.38626,1.38615,0.75,0.37
09.08.2021 00:06:59.950,1.38629,1.38619,4.5,0.37
09.08.2021 00:07:00.052,1.3863,1.3862,0.75,0.75
09.08.2021 00:07:00.155,1.3863200000000002,1.3862,0.75,0.75
09.08.2021 00:07:03.002,1.3863,1.3862,0.75,0.94
09.08.2021 00:07:03.104,1.3863,1.38619,0.75,0.19
09.08.2021 00:07:03.205,1.3863,1.3862,0.75,0.19
09.08.2021 00:07:03.531,1.38629,1.3862,0.75,0.19
09.08.2021 00:07:05.463,1.3863,1.3862,0.75,0.19
09.08.2021 00:07:06.382,1.3863,1.38619,0.75,0.19
09.08.2021 00:07:06.492,1.3863,1.3862,0.75,0.19
09.08.2021 00:07:06.950,1.3863,1.38619,0.75,0.19
09.08.2021 00:07:07.052,1.3863,1.3862,0.75,0.19
09.08.2021 00:07:08.086,1.38629,1.3862,0.75,0.19
09.08.2021 00:07:08.188,1.3863100000000002,1.38619,1.5,0.19
09.08.2021 00:07:08.850,1.38628,1.3861700000000001,0.75,0.37
09.08.2021 00:07:08.902,1.3862700000000001,1.38616,0.75,0.37
09.08.2021 00:07:09.121,1.3862700000000001,1.38615,0.75,0.37
09.08.2021 00:07:10.671,1.3862700000000001,1.38618,0.75,0.19
09.08.2021 00:07:10.824,1.3863,1.38616,0.75,0.37
09.08.2021 00:07:10.925,1.38629,1.38618,0.75,0.19
09.08.2021 00:07:11.279,1.38629,1.3861700000000001,0.75,0.37
09.08.2021 00:07:11.381,1.38629,1.38618,1.5,0.37
09.08.2021 00:07:11.752,1.38629,1.3861700000000001,0.75,0.37
09.08.2021 00:07:11.854,1.38629,1.38618,0.75,0.37
09.08.2021 00:07:12.056,1.38629,1.3861700000000001,0.75,0.37
09.08.2021 00:07:12.309,1.3863,1.3861700000000001,1.5,0.37
09.08.2021 00:07:12.411,1.38628,1.38618,0.75,0.37
09.08.2021 00:07:12.816,1.3863,1.3861700000000001,0.75,0.37
09.08.2021 00:07:12.867,1.3862700000000001,1.38618,0.75,0.37
09.08.2021 00:07:13.019,1.3863,1.3861700000000001,0.75,0.37
09.08.2021 00:07:13.121,1.38628,1.38618,0.75,0.37
09.08.2021 00:07:14.424,1.38629,1.38618,0.75,1.12
09.08.2021 00:07:14.525,1.3863,1.38618,1.5,1.12
09.08.2021 00:07:14.626,1.38629,1.38618,0.75,1.12
09.08.2021 00:07:15.015,1.3863100000000002,1.3861700000000001,1.5,1.12
09.08.2021 00:07:15.167,1.38629,1.38618,0.75,1.12
09.08.2021 00:07:15.416,1.3863,1.3862100000000002,0.75,0.19
09.08.2021 00:07:15.517,1.3863200000000002,1.3862,0.75,0.19
09.08.2021 00:07:15.923,1.38633,1.3862,0.75,0.19
09.08.2021 00:07:16.024,1.3863100000000002,1.3862200000000002,0.75,0.37
09.08.2021 00:07:17.735,1.3863100000000002,1.38619,0.75,0.37
09.08.2021 00:07:18.140,1.38629,1.3862,0.75,0.37
09.08.2021 00:07:18.597,1.3863100000000002,1.38619,1.5,0.37
09.08.2021 00:07:18.699,1.3863,1.38619,0.75,0.37
09.08.2021 00:07:18.800,1.3863,1.3862,1.5,0.37
09.08.2021 00:07:18.902,1.38629,1.3862,0.75,0.37
09.08.2021 00:07:19.105,1.3863,1.3861700000000001,0.75,0.37
09.08.2021 00:07:20.194,1.3863,1.38618,1.5,0.37
09.08.2021 00:07:20.296,1.38629,1.38618,0.75,0.37
09.08.2021 00:07:20.399,1.3863100000000002,1.3861700000000001,1.5,0.37
09.08.2021 00:07:20.450,1.38629,1.3861700000000001,0.75,0.37
09.08.2021 00:07:20.552,1.3863,1.38618,2.25,0.37
09.08.2021 00:07:20.706,1.38629,1.38618,0.75,0.37
09.08.2021 00:07:20.910,1.3863,1.38618,2.25,0.37
09.08.2021 00:07:21.012,1.3863,1.3861700000000001,0.75,0.37
09.08.2021 00:07:21.469,1.3863,1.38618,2.25,0.37
09.08.2021 00:07:21.622,1.38629,1.38618,0.75,0.37
09.08.2021 00:07:21.724,1.3863100000000002,1.3861700000000001,2.25,0.75
09.08.2021 00:07:21.826,1.38629,1.38618,0.75,0.37
09.08.2021 00:07:21.928,1.38628,1.38618,0.75,0.37
09.08.2021 00:07:21.980,1.3863,1.38618,2.25,0.37
09.08.2021 00:07:22.184,1.38629,1.38618,0.75,0.37
09.08.2021 00:07:24.471,1.3863100000000002,1.3861700000000001,2.25,0.37
09.08.2021 00:07:24.673,1.38628,1.38618,0.75,0.37
09.08.2021 00:07:24.775,1.3863100000000002,1.3861700000000001,2.25,0.37
09.08.2021 00:07:25.035,1.3863,1.3861700000000001,0.75,0.37
09.08.2021 00:07:25.295,1.3863100000000002,1.3861700000000001,2.25,0.75
09.08.2021 00:07:25.803,1.38629,1.38618,0.75,0.37
09.08.2021 00:07:25.905,1.3863100000000002,1.3861700000000001,1.5,1.12
09.08.2021 00:07:26.007,1.3863,1.3861700000000001,0.75,1.12
09.08.2021 00:07:26.160,1.3863100000000002,1.3861700000000001,1.5,1.12
09.08.2021 00:07:26.283,1.38629,1.38618,0.75,1.12
09.08.2021 00:07:26.385,1.3863100000000002,1.3861700000000001,0.75,1.12
09.08.2021 00:07:30.196,1.38629,1.38618,0.75,0.37
09.08.2021 00:07:30.305,1.38629,1.3861700000000001,0.75,0.37
09.08.2021 00:07:30.906,1.3863,1.38618,2.25,1.12
09.08.2021 00:07:31.059,1.38629,1.38618,0.75,0.37
09.08.2021 00:07:31.160,1.3863100000000002,1.3861700000000001,2.25,1.12
09.08.2021 00:07:31.262,1.38629,1.38618,0.75,0.37
09.08.2021 00:07:31.363,1.3863100000000002,1.3861700000000001,2.25,0.75
09.08.2021 00:07:31.981,1.38629,1.38618,0.75,0.37
09.08.2021 00:07:32.082,1.3863,1.38618,2.25,0.37
09.08.2021 00:07:32.184,1.3863,1.3861700000000001,0.75,0.37
09.08.2021 00:07:32.386,1.3863100000000002,1.3861700000000001,2.25,0.37
09.08.2021 00:07:33.548,1.3863,1.3861700000000001,0.75,0.37
09.08.2021 00:07:33.751,1.38629,1.3861700000000001,0.75,0.37
09.08.2021 00:07:33.853,1.3863,1.38618,1.5,0.75
09.08.2021 00:07:34.094,1.38629,1.3861700000000001,0.75,0.37
09.08.2021 00:07:34.196,1.3863,1.38618,1.5,0.37
09.08.2021 00:07:34.348,1.38629,1.38618,0.75,0.37
09.08.2021 00:07:35.093,1.3863,1.38618,1.5,0.37
09.08.2021 00:07:35.346,1.38628,1.38618,0.75,0.37
09.08.2021 00:07:38.288,1.38626,1.38616,0.37,1.12
09.08.2021 00:07:38.542,1.38628,1.38616,0.75,1.12
09.08.2021 00:07:45.876,1.38626,1.3861200000000002,0.75,1.12
09.08.2021 00:07:45.978,1.38625,1.38615,0.75,1.12
09.08.2021 00:07:46.079,1.38626,1.38615,0.75,1.12
09.08.2021 00:07:47.233,1.38625,1.38615,0.75,1.12
09.08.2021 00:07:47.334,1.38626,1.38615,0.75,1.12
09.08.2021 00:07:49.092,1.3862400000000001,1.38615,0.75,1.12
09.08.2021 00:07:49.195,1.38625,1.38615,0.75,1.12
09.08.2021 00:07:49.298,1.38625,1.38614,0.75,1.12
09.08.2021 00:07:49.401,1.38626,1.38614,0.75,1.12
09.08.2021 00:07:51.500,1.3862400000000001,1.38614,0.75,1.12
09.08.2021 00:07:51.601,1.38625,1.38615,0.75,1.12
09.08.2021 00:07:51.804,1.3862400000000001,1.38615,0.75,1.12
09.08.2021 00:07:52.057,1.38626,1.38614,0.75,1.12
09.08.2021 00:07:52.158,1.3862700000000001,1.38614,0.75,1.12
09.08.2021 00:07:53.766,1.3862100000000002,1.38615,0.75,0.94
09.08.2021 00:07:53.818,1.3862100000000002,1.38609,1.5,5.62
09.08.2021 00:07:53.920,1.3862,1.38609,0.75,1.5
09.08.2021 00:07:54.377,1.3862200000000002,1.38609,0.75,0.75
09.08.2021 00:07:54.479,1.3862100000000002,1.38609,0.75,0.75
09.08.2021 00:07:54.580,1.3862200000000002,1.38609,0.75,0.75
09.08.2021 00:07:55.041,1.3862100000000002,1.3861100000000002,0.75,0.19
09.08.2021 00:07:55.983,1.3862,1.38609,0.75,0.37
09.08.2021 00:07:56.186,1.38619,1.38609,0.75,0.37
09.08.2021 00:07:56.343,1.3862100000000002,1.38608,0.75,0.37
09.08.2021 00:07:57.104,1.38619,1.38609,0.75,0.37
09.08.2021 00:07:59.094,1.38618,1.38609,0.75,0.37
09.08.2021 00:07:59.145,1.38619,1.38606,0.75,1.87
09.08.2021 00:07:59.246,1.38618,1.38606,0.75,1.5
09.08.2021 00:07:59.461,1.38618,1.38605,1.5,1.12
09.08.2021 00:08:00.153,1.3861700000000001,1.38605,1.5,0.75
09.08.2021 00:08:01.723,1.3861700000000001,1.38604,0.75,0.75
09.08.2021 00:08:01.774,1.38614,1.38602,2.25,0.19
09.08.2021 00:08:01.875,1.38615,1.3860000000000001,2.25,1.69
09.08.2021 00:08:02.477,1.38614,1.38602,1.5,0.75
09.08.2021 00:08:02.578,1.38615,1.38602,1.5,1.12
09.08.2021 00:08:03.712,1.3862,1.3860700000000001,9.37,1.5
09.08.2021 00:08:03.814,1.38619,1.3860700000000001,1.87,1.12
09.08.2021 00:08:04.068,1.38619,1.38606,1.5,0.37
09.08.2021 00:08:04.171,1.38619,1.3860700000000001,1.87,0.37
09.08.2021 00:08:04.427,1.3862,1.38605,1.5,2.06
09.08.2021 00:08:04.581,1.38618,1.38605,0.75,2.06
09.08.2021 00:08:04.633,1.38619,1.38606,2.25,1.69
09.08.2021 00:08:04.736,1.38618,1.38606,0.75,1.31
09.08.2021 00:08:04.838,1.38618,1.38605,0.75,0.94
09.08.2021 00:08:04.941,1.38619,1.38606,2.25,2.06
09.08.2021 00:08:05.043,1.38619,1.38606,0.75,0.75
09.08.2021 00:08:05.146,1.38619,1.38605,0.75,2.06
09.08.2021 00:08:05.351,1.38619,1.3860700000000001,1.5,0.37
09.08.2021 00:08:05.555,1.38619,1.38608,2.25,0.37
09.08.2021 00:08:05.759,1.38619,1.3860700000000001,1.5,0.37
09.08.2021 00:08:05.866,1.3862100000000002,1.3861100000000002,0.75,0.19
09.08.2021 00:08:05.918,1.38623,1.3861200000000002,0.75,1.12
09.08.2021 00:08:06.020,1.3862,1.3861100000000002,0.75,0.75
09.08.2021 00:08:06.123,1.3862,1.3861,0.75,0.37
09.08.2021 00:08:07.700,1.3862,1.38609,0.75,0.37
09.08.2021 00:08:12.011,1.38618,1.38608,0.37,0.75
09.08.2021 00:08:12.215,1.38616,1.38608,0.75,0.37
09.08.2021 00:08:12.417,1.38615,1.38608,0.75,0.37
09.08.2021 00:08:12.519,1.38615,1.38606,0.75,0.37
09.08.2021 00:08:16.038,1.38616,1.38606,0.75,0.37
09.08.2021 00:08:20.484,1.38618,1.38608,0.37,0.37
09.08.2021 00:08:21.491,1.3862,1.38608,1.87,1.12
09.08.2021 00:08:24.785,1.3862,1.3861,0.37,0.75
09.08.2021 00:08:24.886,1.3862,1.38609,0.37,2.62
09.08.2021 00:08:24.937,1.3862200000000002,1.38609,1.5,2.62
09.08.2021 00:08:25.398,1.38623,1.38609,0.75,1.12
09.08.2021 00:08:25.499,1.3862100000000002,1.3861,0.37,1.12
09.08.2021 00:08:25.909,1.3862200000000002,1.3861,0.75,1.12
09.08.2021 00:08:28.345,1.3862100000000002,1.3861,0.75,0.37
09.08.2021 00:08:31.019,1.3862,1.3861,0.75,0.37
09.08.2021 00:08:32.861,1.3862100000000002,1.3860700000000001,1.5,0.37
09.08.2021 00:08:33.216,1.3862,1.3860700000000001,0.75,0.37
09.08.2021 00:08:33.318,1.3862,1.38608,1.5,0.37
09.08.2021 00:08:33.727,1.3862,1.3860700000000001,0.75,0.37
09.08.2021 00:08:33.878,1.3862,1.38608,1.5,0.75
09.08.2021 00:08:35.866,1.3862100000000002,1.38609,0.75,1.12
09.08.2021 00:08:35.917,1.38623,1.3861,0.75,0.75
09.08.2021 00:08:35.968,1.3862400000000001,1.3861100000000002,1.5,0.75
09.08.2021 00:08:36.019,1.38625,1.38613,1.5,0.75
09.08.2021 00:08:36.121,1.38628,1.38614,1.5,1.12
09.08.2021 00:08:36.324,1.38628,1.38615,1.5,0.19
09.08.2021 00:08:36.888,1.38629,1.38615,2.25,0.94
09.08.2021 00:08:37.220,1.3862700000000001,1.38616,0.75,0.19
09.08.2021 00:08:38.250,1.38629,1.38615,2.25,0.19
09.08.2021 00:08:41.925,1.38623,1.3861100000000002,0.75,3.75
09.08.2021 00:08:42.077,1.3862200000000002,1.3861100000000002,0.75,0.75
09.08.2021 00:08:42.179,1.38623,1.3861100000000002,0.75,0.75
09.08.2021 00:08:43.838,1.38625,1.3861100000000002,1.5,0.75
09.08.2021 00:08:43.940,1.3862400000000001,1.38613,1.5,0.37
09.08.2021 00:08:44.093,1.38628,1.38613,2.25,0.75
09.08.2021 00:08:44.194,1.38628,1.38614,2.25,0.75
09.08.2021 00:08:44.682,1.38628,1.38615,0.75,0.75
09.08.2021 00:08:44.784,1.38628,1.38616,0.75,1.5
09.08.2021 00:08:44.909,1.38628,1.38615,0.75,0.75
09.08.2021 00:08:46.537,1.38629,1.38615,0.75,0.75
09.08.2021 00:08:46.958,1.38629,1.38614,1.5,1.69
09.08.2021 00:08:47.841,1.3863,1.3861700000000001,0.75,1.5
09.08.2021 00:08:47.893,1.3863100000000002,1.38618,0.75,1.5
09.08.2021 00:08:47.995,1.38629,1.38619,0.75,0.75
09.08.2021 00:08:48.568,1.3863100000000002,1.38618,0.75,0.75
09.08.2021 00:08:49.028,1.3863,1.38618,1.5,0.75
09.08.2021 00:08:49.129,1.3863,1.38619,0.75,0.75
09.08.2021 00:08:49.818,1.3863100000000002,1.3861700000000001,1.5,0.75
09.08.2021 00:08:50.071,1.3863100000000002,1.38618,1.5,0.75
09.08.2021 00:08:50.375,1.3863100000000002,1.3861700000000001,1.5,0.75
09.08.2021 00:08:51.391,1.3863,1.38619,1.5,0.75
09.08.2021 00:08:52.508,1.3863100000000002,1.3861700000000001,0.75,0.75
09.08.2021 00:08:52.610,1.3863,1.3861700000000001,0.75,0.75
09.08.2021 00:08:52.711,1.38629,1.38619,0.75,0.75
09.08.2021 00:08:52.762,1.38625,1.3861200000000002,0.75,0.75
09.08.2021 00:08:52.864,1.3862400000000001,1.3861100000000002,0.75,2.44
09.08.2021 00:08:52.965,1.3862400000000001,1.3861,0.75,2.44
09.08.2021 00:08:53.117,1.38626,1.38614,0.75,0.94
09.08.2021 00:08:53.219,1.3862700000000001,1.38614,0.75,1.69
09.08.2021 00:08:54.402,1.38626,1.38614,0.75,0.94
09.08.2021 00:08:54.804,1.38625,1.38613,0.75,0.75
09.08.2021 00:08:55.082,1.38623,1.3861200000000002,0.75,0.75
09.08.2021 00:08:55.386,1.3862200000000002,1.3861200000000002,0.75,0.75
09.08.2021 00:08:55.437,1.38623,1.3861,0.75,2.62
09.08.2021 00:08:55.640,1.38623,1.38609,0.75,2.62
09.08.2021 00:08:55.842,1.38623,1.3861,0.75,1.87
09.08.2021 00:08:56.705,1.38626,1.38614,1.5,0.37
09.08.2021 00:08:56.806,1.3862700000000001,1.38614,1.5,1.87
09.08.2021 00:08:57.263,1.38628,1.38614,1.5,0.75
09.08.2021 00:08:59.161,1.38626,1.38614,0.75,1.5
09.08.2021 00:09:00.163,1.3862700000000001,1.38614,1.5,1.87
09.08.2021 00:09:01.409,1.38625,1.3861100000000002,0.75,0.75
09.08.2021 00:09:01.511,1.38623,1.3861100000000002,1.5,0.37
09.08.2021 00:09:01.612,1.38623,1.3861,1.5,1.5
09.08.2021 00:09:02.525,1.3862400000000001,1.3861,1.5,0.75
09.08.2021 00:09:02.688,1.38625,1.3861100000000002,0.75,0.75
09.08.2021 00:09:03.239,1.38625,1.3861200000000002,1.95,0.75
09.08.2021 00:09:03.340,1.3862400000000001,1.3861100000000002,0.82,2.25
09.08.2021 00:09:03.492,1.3862400000000001,1.3861200000000002,0.82,0.75
09.08.2021 00:09:03.820,1.38625,1.38614,0.75,0.75
09.08.2021 00:09:03.921,1.38628,1.38615,1.5,0.75
09.08.2021 00:09:04.226,1.3862700000000001,1.38615,1.5,0.75
09.08.2021 00:09:10.069,1.3862700000000001,1.38616,0.75,0.75
09.08.2021 00:09:10.447,1.38629,1.38615,2.25,0.75
09.08.2021 00:09:11.202,1.38626,1.38616,0.75,0.75
09.08.2021 00:09:11.745,1.38628,1.38615,0.75,0.75
09.08.2021 00:09:11.846,1.38628,1.38616,0.75,1.5
09.08.2021 00:09:17.200,1.38628,1.3861700000000001,1.5,0.75
09.08.2021 00:09:20.123,1.3863200000000002,1.38618,0.75,1.5
09.08.2021 00:09:20.225,1.3863200000000002,1.38619,0.75,1.5
09.08.2021 00:09:20.276,1.38633,1.3862,1.5,1.5
09.08.2021 00:09:20.378,1.38633,1.3862200000000002,1.5,0.75
09.08.2021 00:09:21.632,1.3863400000000001,1.38619,1.5,1.69
09.08.2021 00:09:21.733,1.38633,1.38619,0.75,0.94
09.08.2021 00:09:23.494,1.3863100000000002,1.3862,0.75,0.19
09.08.2021 00:09:23.597,1.3863200000000002,1.3862,1.5,0.94
09.08.2021 00:09:23.851,1.3863,1.3862,0.75,0.94
09.08.2021 00:09:23.953,1.3863200000000002,1.3862,0.75,0.94
09.08.2021 00:09:24.105,1.3863100000000002,1.38619,0.75,1.5
09.08.2021 00:09:24.206,1.38633,1.38618,1.57,1.5
09.08.2021 00:09:24.308,1.3863,1.38619,0.75,1.5
09.08.2021 00:09:26.038,1.38629,1.3861700000000001,0.75,1.12
09.08.2021 00:09:29.238,1.3863,1.38619,0.75,0.75
09.08.2021 00:09:29.340,1.3863100000000002,1.3862,0.75,0.75
09.08.2021 00:09:29.442,1.38633,1.38619,1.57,0.75
09.08.2021 00:09:29.746,1.3863100000000002,1.38619,0.75,1.5
09.08.2021 00:09:29.848,1.3863100000000002,1.3862,0.75,0.75
09.08.2021 00:09:29.949,1.38633,1.38619,2.25,0.75
09.08.2021 00:09:30.051,1.3863200000000002,1.38618,1.5,1.5
09.08.2021 00:09:30.152,1.3863100000000002,1.3861700000000001,0.75,0.75
09.08.2021 00:09:32.146,1.3863200000000002,1.38619,1.5,1.69
09.08.2021 00:09:32.400,1.3863200000000002,1.3862,0.75,0.75
09.08.2021 00:09:33.306,1.3863100000000002,1.38619,1.5,1.87
09.08.2021 00:09:33.408,1.3863100000000002,1.3862,0.75,0.75
09.08.2021 00:09:33.661,1.3863200000000002,1.3862,1.5,0.75
09.08.2021 00:09:33.712,1.3863100000000002,1.38618,0.75,1.87
09.08.2021 00:09:33.813,1.3863,1.3862,0.75,0.75
09.08.2021 00:09:33.915,1.3863,1.38619,0.75,1.12
09.08.2021 00:09:35.235,1.3863100000000002,1.38619,0.75,0.75
09.08.2021 00:09:35.336,1.3863100000000002,1.38618,0.75,1.69
09.08.2021 00:09:35.848,1.3863200000000002,1.38618,0.75,1.69
09.08.2021 00:09:36.047,1.3863,1.38619,0.75,1.69
09.08.2021 00:09:36.250,1.3863200000000002,1.3862,0.75,0.75
09.08.2021 00:09:36.300,1.3863,1.3862,0.75,0.75
09.08.2021 00:09:36.402,1.3863,1.38619,0.75,1.69
09.08.2021 00:09:36.504,1.3863100000000002,1.38619,0.75,1.69
09.08.2021 00:09:36.606,1.3863,1.38619,0.75,1.69
09.08.2021 00:09:36.708,1.3863100000000002,1.38619,0.75,0.75
09.08.2021 00:09:36.810,1.3863,1.38619,0.75,1.69
09.08.2021 00:09:37.562,1.38633,1.3862,2.32,0.75
09.08.2021 00:09:37.714,1.3863400000000001,1.3862,0.75,0.75
09.08.2021 00:09:37.816,1.38633,1.3862200000000002,0.75,0.75
09.08.2021 00:09:37.968,1.38635,1.3862100000000002,1.5,1.5
09.08.2021 00:09:38.582,1.3863200000000002,1.3862,0.75,1.69
09.08.2021 00:09:40.790,1.3863200000000002,1.3862100000000002,0.75,0.75
09.08.2021 00:09:45.549,1.38633,1.3862100000000002,0.75,0.75
09.08.2021 00:09:49.326,1.38633,1.3862,1.5,1.69
09.08.2021 00:09:49.528,1.38633,1.38619,0.75,1.69
09.08.2021 00:09:49.630,1.3863200000000002,1.38619,0.75,1.69
09.08.2021 00:09:50.440,1.3863200000000002,1.3862,1.57,0.94
09.08.2021 00:09:52.068,1.3863200000000002,1.38619,1.5,0.19
09.08.2021 00:09:52.169,1.3863100000000002,1.38619,1.5,1.12
09.08.2021 00:09:52.372,1.38633,1.38618,1.57,1.87
09.08.2021 00:09:52.473,1.3863100000000002,1.38618,0.75,1.87
09.08.2021 00:09:52.575,1.3863100000000002,1.38619,0.75,1.87
09.08.2021 00:09:52.676,1.3863,1.38619,0.75,1.87
09.08.2021 00:09:52.778,1.3863200000000002,1.38618,1.5,1.87
09.08.2021 00:09:52.879,1.3863100000000002,1.38618,0.75,1.87
09.08.2021 00:09:53.082,1.3863100000000002,1.3862,0.75,0.75
09.08.2021 00:09:53.183,1.3863100000000002,1.38618,0.75,1.87
09.08.2021 00:09:58.277,1.38629,1.38618,0.75,0.19
09.08.2021 00:09:58.486,1.38629,1.38616,1.5,1.12
09.08.2021 00:10:00.187,1.38629,1.3862100000000002,4.5,0.75
09.08.2021 00:10:00.288,1.38636,1.3862400000000001,6,0.75
09.08.2021 00:10:00.339,1.38637,1.38629,4.5,0.75
09.08.2021 00:10:00.441,1.3864100000000001,1.3863400000000001,0.75,3
09.08.2021 00:10:00.543,1.3864400000000001,1.38638,1.5,1.5
09.08.2021 00:10:00.594,1.38643,1.38636,1.5,0.75
09.08.2021 00:10:00.645,1.3864400000000001,1.3863100000000002,1.5,0.75
09.08.2021 00:10:00.797,1.38643,1.3863400000000001,0.75,0.56
09.08.2021 00:10:00.848,1.38646,1.38636,1.5,0.75
09.08.2021 00:10:01.523,1.3864400000000001,1.3863200000000002,0.75,0.19
09.08.2021 00:10:01.741,1.3864400000000001,1.3863,0.75,0.75
09.08.2021 00:10:02.589,1.3864400000000001,1.3863100000000002,0.75,1.5
09.08.2021 00:10:08.034,1.3864400000000001,1.3863200000000002,0.75,1.5
09.08.2021 00:10:09.331,1.38646,1.38633,0.75,1.5
09.08.2021 00:10:09.433,1.38649,1.38639,0.37,0.75
09.08.2021 00:10:09.585,1.3865,1.38639,0.75,0.75
09.08.2021 00:10:09.686,1.3865200000000002,1.3864100000000001,1.5,0.75
09.08.2021 00:10:10.767,1.3865200000000002,1.3864,1.5,1.12
09.08.2021 00:10:10.920,1.3865200000000002,1.3864100000000001,1.5,0.75
09.08.2021 00:10:12.042,1.3865100000000001,1.3864100000000001,0.75,0.75
09.08.2021 00:10:13.393,1.3865100000000001,1.3864,0.75,1.12
09.08.2021 00:10:14.611,1.3865200000000002,1.38638,2.25,0.94
09.08.2021 00:10:14.714,1.3865,1.38639,0.75,0.19
09.08.2021 00:10:16.219,1.3865100000000001,1.38637,1.57,0.94
09.08.2021 00:10:17.436,1.38649,1.38638,0.75,0.75
09.08.2021 00:10:18.478,1.3865,1.38639,0.75,0.75
09.08.2021 00:10:18.529,1.3865200000000002,1.3864,1.12,0.75
09.08.2021 00:10:18.681,1.3865100000000001,1.3864200000000002,0.75,0.75
09.08.2021 00:10:22.479,1.38654,1.3864100000000001,0.75,0.75
09.08.2021 00:10:22.581,1.38654,1.3864200000000002,1.5,0.75
09.08.2021 00:10:22.632,1.38657,1.38649,0.75,0.75
09.08.2021 00:10:22.733,1.38657,1.3865,0.75,0.94
09.08.2021 00:10:22.784,1.3866100000000001,1.3865,0.75,0.94
09.08.2021 00:10:22.885,1.3866100000000001,1.3865100000000001,0.75,0.75
09.08.2021 00:10:25.003,1.3866,1.3865,0.75,0.94
09.08.2021 00:10:25.647,1.3866200000000002,1.38649,0.75,0.94
09.08.2021 00:10:25.748,1.3866200000000002,1.3865,0.75,0.75
09.08.2021 00:10:28.269,1.3866100000000001,1.3865,0.75,0.94
09.08.2021 00:10:33.709,1.3866,1.38649,0.75,0.75
09.08.2021 00:10:33.811,1.38659,1.38647,1.5,0.75
09.08.2021 00:10:42.304,1.3866,1.38645,1.5,1.12
09.08.2021 00:10:42.511,1.38659,1.38648,0.75,0.75
09.08.2021 00:10:42.613,1.3866100000000001,1.38649,0.75,0.75
09.08.2021 00:10:42.715,1.3866100000000001,1.3865,4.5,0.75
09.08.2021 00:10:42.816,1.3866,1.3865,4.5,0.75
09.08.2021 00:10:43.018,1.3866200000000002,1.3865,1.5,0.75
09.08.2021 00:10:45.141,1.38663,1.3865,0.75,0.75
09.08.2021 00:10:47.202,1.3866200000000002,1.3865,0.75,0.75
09.08.2021 00:10:53.080,1.38663,1.3865,1.5,0.19
09.08.2021 00:10:56.350,1.38663,1.38649,1.5,0.94
09.08.2021 00:10:57.290,1.38663,1.3865100000000001,1.5,0.19
09.08.2021 00:11:00.213,1.3866200000000002,1.3865100000000001,1.5,0.19
09.08.2021 00:11:05.492,1.38659,1.38647,0.75,1.12
09.08.2021 00:11:05.596,1.38658,1.38647,0.75,0.75
09.08.2021 00:11:05.697,1.38658,1.38645,1.5,1.87
09.08.2021 00:11:05.800,1.38657,1.38645,0.75,1.12
09.08.2021 00:11:06.513,1.38653,1.3864100000000001,1.5,1.12
09.08.2021 00:11:24.481,1.38653,1.3864,0.75,0.75
09.08.2021 00:11:29.226,1.3865200000000002,1.3864,6,1.12
09.08.2021 00:11:38.192,1.38653,1.3864,0.75,1.12
09.08.2021 00:11:42.671,1.3865100000000001,1.3864100000000001,0.75,0.75
09.08.2021 00:11:45.711,1.3865200000000002,1.38639,0.75,0.75
09.08.2021 00:11:46.792,1.3865100000000001,1.38638,2.25,0.75
09.08.2021 00:11:46.894,1.38649,1.38638,0.75,0.75
09.08.2021 00:11:46.995,1.38649,1.38637,1.5,0.75
09.08.2021 00:11:58.043,1.3865100000000001,1.38639,4.5,0.94
09.08.2021 00:12:06.220,1.3865,1.38639,1.5,0.19
09.08.2021 00:12:06.322,1.38649,1.38638,0.75,0.75
09.08.2021 00:12:06.524,1.38649,1.38637,1.5,0.94
09.08.2021 00:12:23.260,1.38643,1.3863200000000002,0.75,1.12
09.08.2021 00:12:26.500,1.3864200000000002,1.3863200000000002,0.75,0.94
09.08.2021 00:12:43.595,1.38643,1.3863200000000002,0.75,0.37
09.08.2021 00:12:44.687,1.38646,1.38636,1.39,0.19
09.08.2021 00:12:44.841,1.38648,1.38635,1.5,0.37
09.08.2021 00:12:44.943,1.3865,1.3864,0.82,0.94
09.08.2021 00:12:45.046,1.3865100000000001,1.3864,1.5,0.94
09.08.2021 00:12:49.068,1.38649,1.38638,0.75,0.75
09.08.2021 00:12:49.170,1.38649,1.38637,0.75,0.75
09.08.2021 00:12:50.448,1.3864400000000001,1.38635,0.75,0.37
09.08.2021 00:12:50.499,1.3864400000000001,1.3863200000000002,0.75,1.69
09.08.2021 00:12:50.995,1.3864400000000001,1.3863100000000002,0.75,0.94
09.08.2021 00:12:51.097,1.3864200000000002,1.3863200000000002,0.75,0.19
09.08.2021 00:12:51.199,1.3864400000000001,1.3863100000000002,1.57,0.19
09.08.2021 00:12:51.302,1.38643,1.3863100000000002,1.57,0.94
09.08.2021 00:12:53.149,1.3864,1.3863100000000002,4.5,0.94
09.08.2021 00:12:54.381,1.3864,1.3863200000000002,4.5,0.19
09.08.2021 00:12:54.432,1.38643,1.3863200000000002,1.5,0.19
09.08.2021 00:12:54.635,1.3864100000000001,1.3863200000000002,4.5,0.19
09.08.2021 00:12:54.894,1.3864400000000001,1.3863100000000002,1.5,0.19
09.08.2021 00:13:00.041,1.3864400000000001,1.3863,1.57,0.94
09.08.2021 00:13:00.296,1.38643,1.3863,0.75,0.19
09.08.2021 00:13:00.398,1.3864100000000001,1.3863100000000002,0.75,0.19
09.08.2021 00:13:00.899,1.38638,1.3863100000000002,0.75,0.19
09.08.2021 00:13:01.148,1.38636,1.38629,0.75,0.37
09.08.2021 00:13:01.250,1.38635,1.38628,0.75,0.37
09.08.2021 00:13:11.327,1.38636,1.38626,0.75,1.12
09.08.2021 00:13:19.413,1.3863100000000002,1.3862200000000002,0.75,0.19
09.08.2021 00:13:19.514,1.3863,1.3862200000000002,0.75,0.37
09.08.2021 00:13:20.218,1.38628,1.3862200000000002,0.75,0.37
09.08.2021 00:13:21.320,1.38629,1.3862200000000002,0.75,0.37
09.08.2021 00:13:30.504,1.38633,1.38623,0.75,0.75
09.08.2021 00:13:30.555,1.38633,1.38626,0.75,0.19
09.08.2021 00:13:30.656,1.3863400000000001,1.38626,0.75,0.37
09.08.2021 00:13:35.402,1.38639,1.38629,0.75,0.94
09.08.2021 00:13:35.504,1.3864,1.3863,0.75,0.37
09.08.2021 00:13:36.010,1.38639,1.3863,0.75,0.37
09.08.2021 00:13:41.227,1.38638,1.3863,0.75,0.37
09.08.2021 00:13:47.757,1.38637,1.3863,0.75,0.37
09.08.2021 00:13:48.314,1.38637,1.3863100000000002,0.75,0.37
09.08.2021 00:13:48.416,1.38639,1.3863,0.75,0.37
09.08.2021 00:13:48.517,1.38638,1.3863200000000002,0.75,0.37
09.08.2021 00:13:49.032,1.38639,1.3863,0.75,0.37
09.08.2021 00:13:49.134,1.38638,1.3863,0.75,0.75
09.08.2021 00:13:49.291,1.38637,1.3863,0.75,0.75
09.08.2021 00:13:53.184,1.38638,1.38628,0.75,1.5
09.08.2021 00:13:55.377,1.38638,1.38629,0.75,1.5
09.08.2021 00:13:56.806,1.38637,1.38629,0.75,1.87
09.08.2021 00:13:59.673,1.38637,1.3862700000000001,0.75,0.37
09.08.2021 00:13:59.774,1.38636,1.3862700000000001,0.75,0.37
09.08.2021 00:14:00.681,1.38636,1.38626,0.75,0.37
09.08.2021 00:14:01.900,1.38635,1.38626,0.75,0.37
09.08.2021 00:14:14.311,1.38637,1.38628,0.75,0.37
09.08.2021 00:14:16.202,1.38637,1.3862700000000001,0.75,0.37
09.08.2021 00:14:19.782,1.3863,1.3862700000000001,0.75,0.37
09.08.2021 00:14:19.833,1.3863,1.3862400000000001,0.75,0.75
09.08.2021 00:14:19.884,1.38629,1.3862200000000002,0.75,1.12
09.08.2021 00:14:29.303,1.3863100000000002,1.3862100000000002,0.75,0.37
09.08.2021 00:14:30.371,1.3863100000000002,1.3862200000000002,0.75,0.37
09.08.2021 00:14:30.473,1.3863,1.3862200000000002,0.75,0.37
09.08.2021 00:14:30.574,1.3863100000000002,1.3862200000000002,0.75,0.37
09.08.2021 00:14:39.958,1.38633,1.3862400000000001,0.75,0.94
09.08.2021 00:14:40.060,1.3863400000000001,1.38625,0.75,0.37
09.08.2021 00:14:41.293,1.38636,1.38625,0.75,0.37
09.08.2021 00:14:42.796,1.3863100000000002,1.38625,0.75,0.75
09.08.2021 00:14:42.847,1.3863100000000002,1.38623,0.75,0.19
09.08.2021 00:14:42.948,1.3863100000000002,1.3862200000000002,0.75,1.5
09.08.2021 00:14:43.815,1.3863,1.3862,0.75,0.75
09.08.2021 00:14:43.967,1.3863,1.38619,0.75,1.12
09.08.2021 00:14:47.200,1.3863,1.38618,0.75,0.75
09.08.2021 00:14:51.700,1.38629,1.38618,0.75,0.75
09.08.2021 00:14:53.667,1.38625,1.38619,0.75,0.19
09.08.2021 00:14:53.770,1.38623,1.38616,0.75,0.19
09.08.2021 00:14:53.821,1.3862,1.38613,0.75,0.19
09.08.2021 00:14:53.872,1.3862,1.3861,0.75,1.12
09.08.2021 00:14:53.973,1.38618,1.3861100000000002,0.75,0.37
09.08.2021 00:14:54.176,1.38618,1.3861,0.75,0.75
09.08.2021 00:14:54.277,1.38619,1.38608,0.75,0.37
09.08.2021 00:14:56.726,1.38619,1.3861,0.75,0.37
09.08.2021 00:14:56.829,1.3862,1.3861,0.75,0.37
09.08.2021 00:15:01.083,1.3862200000000002,1.3861200000000002,0.75,0.19
09.08.2021 00:15:01.185,1.3862,1.3861200000000002,0.75,1.12
09.08.2021 00:15:06.076,1.38619,1.3861200000000002,0.75,0.37
09.08.2021 00:15:07.319,1.3862,1.3861,0.75,0.19
09.08.2021 00:15:07.371,1.38619,1.38609,0.75,0.75
09.08.2021 00:15:11.217,1.38619,1.38608,0.75,0.75
09.08.2021 00:15:15.259,1.3862,1.38608,0.75,1.12
09.08.2021 00:15:15.360,1.3862,1.38609,0.75,0.75
09.08.2021 00:15:19.790,1.3862,1.38608,0.75,1.12
09.08.2021 00:15:28.353,1.38618,1.38609,0.75,0.37
09.08.2021 00:15:28.507,1.38613,1.38608,0.75,0.37
09.08.2021 00:15:28.559,1.3861,1.38602,0.75,1.5
09.08.2021 00:15:28.610,1.3861100000000002,1.3860000000000001,0.75,0.82
09.08.2021 00:15:28.762,1.3861,1.38599,0.75,1.5
09.08.2021 00:15:30.741,1.38603,1.3859700000000001,0.75,0.75
09.08.2021 00:15:30.843,1.38604,1.3859299999999999,0.75,2.25
09.08.2021 00:15:32.183,1.38604,1.38592,0.19,0.1
09.08.2021 00:15:32.234,1.38599,1.3859000000000001,0.75,1.12
09.08.2021 00:15:32.336,1.38599,1.38586,0.94,0.75
09.08.2021 00:15:32.438,1.38598,1.38589,0.75,0.37
09.08.2021 00:15:34.402,1.3859700000000001,1.38588,1.12,0.75
09.08.2021 00:15:34.453,1.3859299999999999,1.38583,0.75,9.07
09.08.2021 00:15:34.504,1.38592,1.3858100000000002,0.75,0.75
09.08.2021 00:15:34.656,1.3859000000000001,1.3858100000000002,0.75,0.75
09.08.2021 00:15:34.803,1.38589,1.3858100000000002,0.75,0.75
09.08.2021 00:15:35.767,1.38594,1.38588,0.75,0.37
09.08.2021 00:15:35.818,1.38598,1.38588,0.75,0.75
09.08.2021 00:15:35.919,1.38599,1.38588,0.75,0.75
09.08.2021 00:15:36.274,1.38595,1.38588,0.75,1.12
09.08.2021 00:15:36.325,1.3859700000000001,1.38588,0.75,1.12
09.08.2021 00:15:36.478,1.3859299999999999,1.38583,0.75,1.5
09.08.2021 00:15:36.580,1.3859000000000001,1.38582,0.75,0.75
09.08.2021 00:15:37.495,1.38592,1.3858100000000002,0.75,0.75
09.08.2021 00:15:37.702,1.38592,1.38583,0.75,0.75
09.08.2021 00:15:38.685,1.3859100000000002,1.38583,0.75,0.75
09.08.2021 00:15:39.984,1.38589,1.38584,0.75,0.75
09.08.2021 00:15:40.035,1.3859100000000002,1.38579,0.75,1.12
09.08.2021 00:15:40.137,1.3859000000000001,1.38579,0.75,1.12
09.08.2021 00:15:40.238,1.3859000000000001,1.3858000000000001,0.75,0.75
09.08.2021 00:15:40.593,1.38592,1.3858100000000002,0.75,0.75
09.08.2021 00:15:40.695,1.3859000000000001,1.38583,0.75,0.75
09.08.2021 00:15:40.797,1.3859100000000002,1.38583,0.75,0.75
09.08.2021 00:15:41.143,1.3859000000000001,1.38583,0.75,0.75
09.08.2021 00:15:41.345,1.38592,1.38582,0.75,0.75
09.08.2021 00:15:41.447,1.3859100000000002,1.38582,0.75,0.75
09.08.2021 00:15:41.804,1.3859000000000001,1.38582,0.75,0.75
09.08.2021 00:15:42.556,1.3858700000000002,1.3858000000000001,0.75,0.75
09.08.2021 00:15:42.607,1.3859100000000002,1.38579,0.75,0.75
09.08.2021 00:15:42.759,1.38588,1.3858000000000001,0.75,0.75
09.08.2021 00:15:42.861,1.38589,1.3858100000000002,0.75,0.75
09.08.2021 00:15:44.109,1.3859000000000001,1.3858100000000002,0.75,0.75
09.08.2021 00:15:46.948,1.3859000000000001,1.38582,0.75,0.75
09.08.2021 00:15:47.050,1.3859299999999999,1.3858700000000002,0.75,0.75
09.08.2021 00:15:47.102,1.38599,1.38588,0.75,1.12
09.08.2021 00:15:48.024,1.3860000000000001,1.38588,0.75,0.37
09.08.2021 00:15:48.735,1.38598,1.38589,0.75,0.37
09.08.2021 00:15:49.049,1.38598,1.3858700000000002,0.75,0.75
09.08.2021 00:15:49.150,1.38596,1.3858700000000002,0.75,0.75
09.08.2021 00:16:00.107,1.38599,1.38588,0.75,2.51
09.08.2021 00:16:00.209,1.38599,1.3859000000000001,0.75,0.37
09.08.2021 00:16:01.558,1.38592,1.38588,0.75,0.75
09.08.2021 00:16:01.609,1.38595,1.3858700000000002,0.94,0.75
09.08.2021 00:16:01.711,1.3859299999999999,1.38588,1.69,0.75
09.08.2021 00:16:01.812,1.3859000000000001,1.3858000000000001,0.75,1.12
09.08.2021 00:16:01.964,1.3859100000000002,1.3858000000000001,0.75,0.75
09.08.2021 00:16:02.167,1.3859100000000002,1.3858100000000002,0.75,0.75
09.08.2021 00:16:02.523,1.38592,1.3858100000000002,0.75,0.75
09.08.2021 00:16:02.624,1.3859100000000002,1.3858100000000002,0.75,0.75
09.08.2021 00:16:02.726,1.38592,1.3858100000000002,0.75,0.75
09.08.2021 00:16:03.139,1.3859000000000001,1.38582,0.75,0.75
09.08.2021 00:16:03.242,1.3859100000000002,1.38582,0.75,0.75
09.08.2021 00:16:03.395,1.3859000000000001,1.3858000000000001,0.75,0.75
09.08.2021 00:16:03.977,1.3859100000000002,1.3858100000000002,0.75,0.75
09.08.2021 00:16:04.080,1.3859100000000002,1.38582,0.75,0.75
09.08.2021 00:16:04.233,1.3859100000000002,1.3858100000000002,0.75,0.75
09.08.2021 00:16:04.336,1.38592,1.3858000000000001,0.75,0.75
09.08.2021 00:16:04.387,1.3859000000000001,1.38579,0.75,1.12
09.08.2021 00:16:04.490,1.38589,1.38578,0.75,1.87
09.08.2021 00:16:05.019,1.3859000000000001,1.38579,0.75,0.37
09.08.2021 00:16:05.517,1.3859000000000001,1.38578,0.75,2.32
09.08.2021 00:16:05.618,1.38589,1.38578,0.75,0.75
09.08.2021 00:16:08.078,1.3859000000000001,1.38576,0.75,2.7
09.08.2021 00:16:08.939,1.38584,1.38575,0.75,0.75
09.08.2021 00:16:09.040,1.38583,1.38575,0.75,1.12
09.08.2021 00:16:09.091,1.38585,1.38575,0.75,1.12
09.08.2021 00:16:09.192,1.38586,1.38575,0.75,1.12
09.08.2021 00:16:09.445,1.38586,1.38574,0.75,1.87
09.08.2021 00:16:09.648,1.38584,1.38574,0.19,1.2
09.08.2021 00:16:09.699,1.38583,1.38572,0.75,1.5
09.08.2021 00:16:09.851,1.3858100000000002,1.38569,0.75,1.12
09.08.2021 00:16:10.003,1.3858100000000002,1.38568,0.75,2.25
09.08.2021 00:16:10.104,1.38579,1.38568,0.75,1.5
09.08.2021 00:16:10.206,1.38578,1.38568,0.75,2.32
09.08.2021 00:16:11.851,1.38578,1.38569,0.75,0.75
09.08.2021 00:16:19.113,1.38573,1.38565,0.75,1.5
09.08.2021 00:16:19.216,1.38572,1.38564,0.75,0.75
09.08.2021 00:16:19.268,1.38572,1.38562,0.75,0.75
09.08.2021 00:16:19.320,1.3857000000000002,1.3856000000000002,0.75,8.62
09.08.2021 00:16:19.575,1.3856700000000002,1.38559,0.75,0.37
09.08.2021 00:16:19.677,1.38569,1.38559,0.75,0.37
09.08.2021 00:16:21.094,1.38569,1.3856000000000002,0.75,0.37
09.08.2021 00:16:24.857,1.3857000000000002,1.3856000000000002,0.75,0.75
09.08.2021 00:16:25.568,1.38568,1.38561,0.75,0.75
09.08.2021 00:16:25.721,1.3857000000000002,1.3856000000000002,0.75,0.75
09.08.2021 00:16:25.958,1.38568,1.38561,0.75,0.75
09.08.2021 00:16:26.111,1.3857000000000002,1.3856000000000002,0.75,0.75
09.08.2021 00:16:26.449,1.38569,1.3856000000000002,0.75,1.12
09.08.2021 00:16:26.823,1.38568,1.3856000000000002,0.75,1.12
09.08.2021 00:16:27.279,1.3857000000000002,1.38559,0.75,1.87
09.08.2021 00:16:27.995,1.38568,1.3856000000000002,0.75,0.37
09.08.2021 00:16:29.258,1.38568,1.38559,0.75,0.75
09.08.2021 00:16:29.360,1.38568,1.3856000000000002,0.75,1.12
09.08.2021 00:16:29.563,1.38569,1.3856000000000002,0.75,1.12
09.08.2021 00:16:29.765,1.38569,1.38561,0.75,0.75
09.08.2021 00:16:29.816,1.38572,1.3856000000000002,0.75,2.14
09.08.2021 00:16:29.867,1.38573,1.38564,0.75,1.01
09.08.2021 00:16:29.968,1.38571,1.38561,0.75,0.82
09.08.2021 00:16:30.070,1.38572,1.38562,0.75,0.37
09.08.2021 00:16:30.171,1.38572,1.38563,0.75,0.37
09.08.2021 00:16:30.424,1.38569,1.38562,0.75,0.75
09.08.2021 00:16:31.507,1.3857000000000002,1.38562,0.75,0.75
09.08.2021 00:16:31.609,1.38568,1.38561,0.75,0.75
09.08.2021 00:16:31.948,1.38569,1.38561,0.75,0.75
09.08.2021 00:16:32.152,1.38569,1.38559,0.75,3.07
09.08.2021 00:16:33.674,1.38568,1.38559,0.75,3
09.08.2021 00:16:34.795,1.38569,1.38559,0.75,2.7
09.08.2021 00:16:34.846,1.38569,1.38561,0.75,0.75
09.08.2021 00:16:35.642,1.38569,1.38559,0.75,1.87
09.08.2021 00:16:35.952,1.38569,1.38561,0.75,0.75
09.08.2021 00:16:37.749,1.3857000000000002,1.38561,0.75,0.75
09.08.2021 00:16:38.704,1.38569,1.38561,0.75,0.75
09.08.2021 00:16:40.519,1.3857000000000002,1.38561,0.75,0.75
09.08.2021 00:16:40.620,1.3857000000000002,1.3856000000000002,0.75,0.37
09.08.2021 00:16:41.632,1.3857000000000002,1.38559,0.75,0.37
09.08.2021 00:16:43.265,1.38571,1.38559,1.5,0.37
09.08.2021 00:16:43.367,1.38569,1.3856000000000002,0.75,0.37
09.08.2021 00:16:50.992,1.38569,1.38559,0.75,0.75
09.08.2021 00:16:52.045,1.38569,1.38561,0.75,0.75
09.08.2021 00:16:53.744,1.38569,1.3856000000000002,0.75,0.75
09.08.2021 00:16:54.406,1.38569,1.38559,0.75,0.75
09.08.2021 00:16:55.833,1.38569,1.3856000000000002,0.75,0.75
09.08.2021 00:16:57.309,1.38569,1.38559,0.75,0.37
09.08.2021 00:16:57.411,1.38568,1.38558,0.75,0.37
09.08.2021 00:16:58.471,1.38568,1.3855700000000002,0.75,1.12
09.08.2021 00:16:59.409,1.38568,1.3856000000000002,0.75,0.37
09.08.2021 00:17:00.092,1.3856700000000002,1.38559,0.75,1.12
09.08.2021 00:17:00.194,1.38562,1.38555,0.75,0.75
09.08.2021 00:17:00.246,1.38561,1.38551,0.75,1.87
09.08.2021 00:17:01.878,1.3856000000000002,1.38551,0.75,0.75
09.08.2021 00:17:02.338,1.3856000000000002,1.38552,0.75,0.75
09.08.2021 00:17:02.541,1.38561,1.38552,0.75,0.75
09.08.2021 00:17:02.644,1.3856000000000002,1.38552,0.75,0.75
09.08.2021 00:17:02.796,1.3856000000000002,1.38551,0.75,3.19
09.08.2021 00:17:04.822,1.3856000000000002,1.38552,0.75,0.75
09.08.2021 00:17:05.080,1.3856000000000002,1.38551,0.75,2.62
09.08.2021 00:17:06.256,1.38559,1.38551,0.75,2.62
09.08.2021 00:17:07.123,1.3856000000000002,1.38551,0.75,1.87
09.08.2021 00:17:09.200,1.38559,1.38551,1.69,0.37
09.08.2021 00:17:09.301,1.38558,1.3855000000000002,0.75,0.37
09.08.2021 00:17:10.301,1.38559,1.3855000000000002,0.75,1.12
09.08.2021 00:17:10.404,1.38559,1.38551,0.75,0.75
09.08.2021 00:17:11.826,1.38561,1.3855000000000002,0.75,0.75
09.08.2021 00:17:14.905,1.38559,1.38549,0.75,1.87
09.08.2021 00:17:14.956,1.3855700000000002,1.38548,0.75,3.56
09.08.2021 00:17:16.506,1.38559,1.3855000000000002,0.75,0.37
09.08.2021 00:17:17.205,1.38561,1.38549,0.75,0.37
09.08.2021 00:17:18.859,1.3856000000000002,1.38551,0.75,0.75
09.08.2021 00:17:21.431,1.38561,1.38551,0.75,0.75
09.08.2021 00:17:24.065,1.38561,1.3855000000000002,0.75,0.75
09.08.2021 00:17:28.356,1.38563,1.38552,0.75,1.69
09.08.2021 00:17:29.497,1.38558,1.38552,0.75,0.75
09.08.2021 00:17:29.599,1.3855700000000002,1.38551,0.75,0.37
09.08.2021 00:17:29.650,1.3856000000000002,1.3855000000000002,0.75,0.37
09.08.2021 00:17:30.413,1.3856000000000002,1.38548,0.75,2.25
09.08.2021 00:17:31.396,1.3856000000000002,1.38549,0.75,0.37
09.08.2021 00:17:35.433,1.38559,1.38549,0.75,2.51
09.08.2021 00:17:35.585,1.3855600000000001,1.38549,0.75,0.37
09.08.2021 00:17:36.424,1.3855600000000001,1.3854700000000002,0.75,0.37
09.08.2021 00:17:37.860,1.3855700000000002,1.3854700000000002,0.75,1.12
09.08.2021 00:17:38.452,1.38558,1.3854700000000002,0.75,0.37
09.08.2021 00:17:39.598,1.38558,1.3854600000000001,0.75,1.12
09.08.2021 00:17:45.085,1.38559,1.38548,0.75,1.31
09.08.2021 00:17:45.187,1.38559,1.38549,1.5,1.12
09.08.2021 00:17:48.436,1.38559,1.38548,0.75,0.37
09.08.2021 00:17:49.102,1.38559,1.3854700000000002,0.75,0.37
09.08.2021 00:17:52.169,1.3856000000000002,1.38548,0.75,1.5
09.08.2021 00:17:54.190,1.38559,1.3855000000000002,0.75,0.37
09.08.2021 00:17:58.325,1.38561,1.38549,0.75,0.37
09.08.2021 00:17:58.513,1.38565,1.38558,0.82,0.94
09.08.2021 00:17:58.563,1.3856700000000002,1.38559,0.75,0.75
09.08.2021 00:17:58.665,1.38569,1.38558,0.75,0.75
09.08.2021 00:17:58.868,1.3857000000000002,1.38558,0.75,0.75
09.08.2021 00:17:58.969,1.38569,1.38558,0.75,1.69
09.08.2021 00:17:59.172,1.38568,1.38558,0.75,1.69
09.08.2021 00:17:59.908,1.38565,1.38555,0.75,1.12
09.08.2021 00:18:00.009,1.38563,1.38555,0.75,1.12
09.08.2021 00:18:00.111,1.38562,1.38555,0.75,0.75
09.08.2021 00:18:00.418,1.3856000000000002,1.38552,0.75,1.12
09.08.2021 00:18:01.042,1.3856000000000002,1.38551,0.75,0.75
09.08.2021 00:18:04.010,1.3856600000000001,1.3855600000000001,0.75,2.25
09.08.2021 00:18:04.112,1.38568,1.38558,0.75,2.62
09.08.2021 00:18:04.214,1.38569,1.38558,0.75,0.75
09.08.2021 00:18:05.790,1.3856700000000002,1.38559,0.75,0.75
09.08.2021 00:18:05.892,1.3856600000000001,1.38553,0.75,3.37
09.08.2021 00:18:05.993,1.38565,1.38553,0.75,1.12
09.08.2021 00:18:06.044,1.38562,1.38554,1.5,1.12
09.08.2021 00:18:06.145,1.38562,1.38553,0.75,1.12
09.08.2021 00:18:06.366,1.3856000000000002,1.38552,0.75,1.12
09.08.2021 00:18:06.467,1.38561,1.3855000000000002,0.75,0.75
09.08.2021 00:18:06.620,1.38561,1.38549,0.75,1.12
09.08.2021 00:18:09.311,1.38559,1.3855000000000002,0.75,1.12
09.08.2021 00:18:09.978,1.3856000000000002,1.3855000000000002,0.75,1.12
09.08.2021 00:18:10.390,1.3856000000000002,1.38551,0.75,0.75
09.08.2021 00:18:11.335,1.3856000000000002,1.3855000000000002,0.75,1.12
09.08.2021 00:18:14.198,1.3856000000000002,1.38549,0.75,1.12
09.08.2021 00:18:19.861,1.3856000000000002,1.3855000000000002,0.75,1.87
09.08.2021 00:18:21.513,1.3856000000000002,1.38551,0.75,0.37
09.08.2021 00:18:23.504,1.3856000000000002,1.3855000000000002,0.75,1.5
09.08.2021 00:18:24.502,1.3856000000000002,1.38551,0.75,0.37
09.08.2021 00:18:25.198,1.38561,1.38551,1.5,1.12
09.08.2021 00:18:32.941,1.3856700000000002,1.38559,0.75,0.75
09.08.2021 00:18:33.043,1.38568,1.38559,12,0.75
09.08.2021 00:18:33.195,1.3857000000000002,1.38558,0.75,0.75
09.08.2021 00:18:35.798,1.3856700000000002,1.38555,0.37,1.12
09.08.2021 00:18:35.900,1.3856000000000002,1.38549,0.75,0.75
09.08.2021 00:18:38.783,1.38559,1.38549,0.75,2.7
09.08.2021 00:18:39.195,1.3856700000000002,1.38559,6,0.37
09.08.2021 00:18:39.297,1.3856700000000002,1.3856000000000002,4.5,1.69
09.08.2021 00:18:39.348,1.38569,1.3856000000000002,0.75,0.37
09.08.2021 00:18:39.450,1.38571,1.38559,0.75,0.37
09.08.2021 00:18:39.652,1.3857000000000002,1.38559,0.75,0.37
09.08.2021 00:18:39.754,1.38569,1.38559,0.75,0.75
09.08.2021 00:18:40.343,1.38569,1.3855700000000002,0.75,1.87
09.08.2021 00:18:41.202,1.38568,1.38559,0.75,1.5
09.08.2021 00:18:41.303,1.38569,1.38559,0.75,1.5
09.08.2021 00:18:41.405,1.38568,1.38559,0.75,0.75
09.08.2021 00:18:41.611,1.38569,1.3855700000000002,0.75,0.75
09.08.2021 00:18:42.486,1.38568,1.38559,0.75,1.5
09.08.2021 00:18:42.587,1.38569,1.38559,1.5,1.5
09.08.2021 00:18:43.160,1.38569,1.3856000000000002,0.75,0.75
09.08.2021 00:18:43.262,1.38569,1.38559,0.75,1.5
09.08.2021 00:18:44.028,1.38571,1.38559,0.75,1.12
09.08.2021 00:18:44.569,1.3857000000000002,1.38559,0.75,3
09.08.2021 00:18:44.670,1.38569,1.38559,0.75,2.25
09.08.2021 00:18:48.239,1.38569,1.3855700000000002,0.75,1.5
09.08.2021 00:18:49.764,1.38571,1.38558,1.5,2.44
09.08.2021 00:18:49.967,1.38571,1.38559,0.75,0.75
09.08.2021 00:18:53.624,1.3857000000000002,1.38558,0.75,0.37
09.08.2021 00:18:54.494,1.38569,1.38558,0.75,2.44
09.08.2021 00:18:54.722,1.38569,1.38559,0.75,1.87
09.08.2021 00:18:55.985,1.3857000000000002,1.38559,1.5,2.25
09.08.2021 00:18:58.985,1.3857000000000002,1.38558,0.75,2.25
09.08.2021 00:19:02.882,1.3857000000000002,1.38559,0.75,3
09.08.2021 00:19:02.983,1.38571,1.38559,0.75,0.37
09.08.2021 00:19:03.086,1.38572,1.38559,1.5,1.12
09.08.2021 00:19:05.820,1.38571,1.38559,0.75,0.37
09.08.2021 00:19:06.174,1.38569,1.38559,0.75,1.12
09.08.2021 00:19:06.326,1.3857000000000002,1.3855700000000002,0.75,1.87
09.08.2021 00:19:06.427,1.38569,1.38559,0.75,1.12
09.08.2021 00:19:07.273,1.38569,1.3855700000000002,0.75,1.87
09.08.2021 00:19:08.713,1.38565,1.3855700000000002,0.75,0.37
09.08.2021 00:19:08.764,1.3856700000000002,1.3855700000000002,0.75,0.75
09.08.2021 00:19:08.865,1.38564,1.38555,0.75,0.75
09.08.2021 00:19:24.089,1.3856700000000002,1.3855600000000001,0.19,2.25
09.08.2021 00:19:24.192,1.3856700000000002,1.3855700000000002,1.5,1.12
09.08.2021 00:19:24.294,1.3856700000000002,1.38555,0.75,1.31
09.08.2021 00:19:25.281,1.3856600000000001,1.38555,1.5,1.87
09.08.2021 00:19:27.755,1.3857000000000002,1.38558,0.75,1.69
09.08.2021 00:19:27.858,1.3857000000000002,1.38559,1.5,3
09.08.2021 00:19:27.960,1.3857000000000002,1.3856000000000002,1.5,1.5
09.08.2021 00:19:35.355,1.3857000000000002,1.38559,0.75,0.37
09.08.2021 00:19:40.309,1.3857000000000002,1.3856000000000002,0.75,0.37
09.08.2021 00:20:01.349,1.38573,1.38569,0.75,0.37
09.08.2021 00:20:01.400,1.38576,1.38569,0.75,0.75
09.08.2021 00:20:01.703,1.3858100000000002,1.38568,0.75,1.5
09.08.2021 00:20:02.374,1.3857700000000002,1.38568,0.75,1.31
09.08.2021 00:20:02.476,1.38576,1.3856600000000001,0.75,1.12
09.08.2021 00:20:02.527,1.38574,1.38565,0.75,0.75
09.08.2021 00:20:02.628,1.38574,1.38562,0.75,1.69
09.08.2021 00:20:02.679,1.3857700000000002,1.3856700000000002,1.87,2.25
09.08.2021 00:20:02.781,1.38578,1.3856700000000002,0.75,0.37
09.08.2021 00:20:03.412,1.3857700000000002,1.3856700000000002,4.5,1.87
09.08.2021 00:20:03.565,1.38578,1.38569,0.75,1.5
09.08.2021 00:20:04.023,1.3858000000000001,1.38568,0.75,0.37
09.08.2021 00:20:04.176,1.38579,1.3856700000000002,0.75,2.06
09.08.2021 00:20:05.600,1.38578,1.38569,0.75,1.12
09.08.2021 00:20:05.701,1.38579,1.38569,0.75,0.75
09.08.2021 00:20:05.803,1.3858000000000001,1.3856700000000002,0.75,2.7
09.08.2021 00:20:06.015,1.38578,1.38568,0.75,1.95
09.08.2021 00:20:06.243,1.38579,1.38568,0.75,2.7
09.08.2021 00:20:06.395,1.38579,1.38569,0.75,1.12
09.08.2021 00:20:06.600,1.38579,1.38568,0.75,1.95
09.08.2021 00:20:07.893,1.38579,1.38569,0.75,1.12
09.08.2021 00:20:16.667,1.38579,1.3857000000000002,0.75,0.37
09.08.2021 00:20:21.093,1.38586,1.38579,1.5,1.12
09.08.2021 00:20:21.297,1.38589,1.38579,8.25,2.25
09.08.2021 00:20:22.462,1.3859000000000001,1.3858000000000001,0.75,0.75
09.08.2021 00:20:26.852,1.3859000000000001,1.38586,0.75,0.37
09.08.2021 00:20:26.903,1.38595,1.3858700000000002,4.5,7.87
09.08.2021 00:20:26.954,1.3859700000000001,1.3858700000000002,0.37,1.12
09.08.2021 00:20:27.056,1.38596,1.38589,0.37,0.37
09.08.2021 00:20:27.463,1.38598,1.38589,0.75,0.75
09.08.2021 00:20:29.018,1.38599,1.38589,0.75,2.25
09.08.2021 00:20:29.120,1.3860100000000002,1.38589,1.12,1.12
09.08.2021 00:20:32.842,1.3860000000000001,1.38589,0.75,0.37
09.08.2021 00:20:40.007,1.38596,1.38586,0.75,0.37
09.08.2021 00:20:40.109,1.3859700000000001,1.38584,0.75,1.5
09.08.2021 00:20:40.211,1.38594,1.38585,0.75,0.75
09.08.2021 00:20:51.683,1.38596,1.3858700000000002,0.75,0.37
09.08.2021 00:20:51.785,1.3859700000000001,1.3858700000000002,0.75,1.87
09.08.2021 00:20:51.886,1.38598,1.38588,0.75,0.37
09.08.2021 00:20:52.240,1.38599,1.38588,0.75,0.75
09.08.2021 00:20:52.342,1.3860000000000001,1.38588,0.75,1.5
09.08.2021 00:20:56.142,1.38602,1.38589,0.75,2.89
09.08.2021 00:20:56.294,1.38602,1.3859000000000001,0.75,0.37
09.08.2021 00:20:59.429,1.38602,1.3859299999999999,0.75,1.12
09.08.2021 00:21:03.326,1.38603,1.3859100000000002,0.75,0.37
09.08.2021 00:21:03.428,1.38602,1.3859100000000002,0.75,3.75
09.08.2021 00:21:03.731,1.38602,1.38592,0.75,0.75
09.08.2021 00:21:05.251,1.3860100000000002,1.3859100000000002,0.75,1.87
09.08.2021 00:21:05.403,1.38602,1.38589,0.75,3.19
09.08.2021 00:21:05.945,1.3860100000000002,1.38589,0.75,2.06
09.08.2021 00:21:11.867,1.3860100000000002,1.38588,0.75,3.26
09.08.2021 00:21:13.870,1.3860000000000001,1.3859000000000001,0.75,0.37
09.08.2021 00:21:14.677,1.38598,1.38588,0.75,1.12
09.08.2021 00:21:14.779,1.38596,1.38585,0.75,1.87
09.08.2021 00:21:14.931,1.38594,1.38586,0.75,1.12
09.08.2021 00:21:15.896,1.38595,1.38584,0.75,0.37
09.08.2021 00:21:16.873,1.38594,1.38584,0.75,1.12
09.08.2021 00:21:18.086,1.38592,1.38583,0.75,0.37
09.08.2021 00:21:18.137,1.3859100000000002,1.38582,0.75,0.75
09.08.2021 00:21:22.065,1.3859100000000002,1.3858100000000002,0.75,2.25
09.08.2021 00:21:27.860,1.3859299999999999,1.38583,0.75,0.75
09.08.2021 00:21:32.507,1.38594,1.38584,0.75,0.75
09.08.2021 00:21:32.700,1.38595,1.38584,0.75,1.87
09.08.2021 00:21:42.528,1.38594,1.38584,0.75,1.5
09.08.2021 00:21:51.422,1.3859299999999999,1.3858100000000002,0.75,0.75
09.08.2021 00:21:51.574,1.3859000000000001,1.38582,0.75,0.75
09.08.2021 00:21:51.625,1.3859000000000001,1.3858000000000001,0.75,1.12
09.08.2021 00:22:07.957,1.3859100000000002,1.3858000000000001,0.75,0.37
09.08.2021 00:22:09.967,1.3859000000000001,1.3858000000000001,0.75,1.12
09.08.2021 00:22:22.277,1.3859100000000002,1.3858000000000001,1.12,2.62
09.08.2021 00:22:22.987,1.3859100000000002,1.3858100000000002,1.12,0.37
09.08.2021 00:22:23.484,1.3859000000000001,1.3858100000000002,0.75,0.37
09.08.2021 00:22:24.022,1.3859000000000001,1.3858000000000001,0.75,1.12
09.08.2021 00:22:39.743,1.38589,1.3857700000000002,0.75,3.45
09.08.2021 00:22:42.086,1.38588,1.38579,0.75,1.12
09.08.2021 00:22:42.393,1.38588,1.38578,0.75,2.62
09.08.2021 00:22:45.711,1.3859000000000001,1.38579,1.57,1.87
09.08.2021 00:22:45.964,1.3859100000000002,1.38579,0.75,0.37
09.08.2021 00:22:49.803,1.3859100000000002,1.3858100000000002,2.7,0.75
09.08.2021 00:22:56.957,1.3859299999999999,1.3858100000000002,1.95,0.75
09.08.2021 00:22:58.676,1.38595,1.38588,0.37,0.37
09.08.2021 00:22:58.727,1.38599,1.38589,6.45,1.87
09.08.2021 00:22:58.829,1.38599,1.3859000000000001,0.45,0.75
09.08.2021 00:22:58.931,1.3860000000000001,1.3859000000000001,0.75,0.75
09.08.2021 00:22:59.185,1.3860100000000002,1.3859100000000002,1.69,0.75
09.08.2021 00:23:01.912,1.3860100000000002,1.38589,0.75,0.75
09.08.2021 00:23:03.879,1.3860100000000002,1.3859100000000002,1.57,1.5
09.08.2021 00:23:03.981,1.3860100000000002,1.3859299999999999,0.45,0.75
09.08.2021 00:23:04.083,1.38604,1.38592,0.75,1.57
09.08.2021 00:23:06.596,1.3860100000000002,1.3859100000000002,0.75,1.5
09.08.2021 00:23:07.348,1.3860100000000002,1.38589,0.75,0.75
09.08.2021 00:23:14.700,1.38599,1.38589,0.75,0.75
09.08.2021 00:23:14.802,1.3860000000000001,1.3858700000000002,1.57,1.57
09.08.2021 00:23:15.094,1.38599,1.38589,0.75,0.37
09.08.2021 00:23:16.573,1.38599,1.38588,0.75,1.95
09.08.2021 00:23:17.202,1.38598,1.38588,0.75,1.95
09.08.2021 00:23:17.304,1.3859700000000001,1.38588,0.75,0.37
09.08.2021 00:23:17.406,1.38595,1.38585,0.75,1.57
09.08.2021 00:23:18.260,1.38596,1.38583,0.75,2.14
09.08.2021 00:23:24.836,1.38598,1.38588,0.82,2.06
09.08.2021 00:23:24.988,1.3860000000000001,1.38588,0.75,1.12
09.08.2021 00:23:45.019,1.3860100000000002,1.3859000000000001,2.7,0.75
09.08.2021 00:23:45.513,1.3860000000000001,1.38589,0.75,1.12
09.08.2021 00:24:00.055,1.3860000000000001,1.3859000000000001,1.57,0.75
09.08.2021 00:24:30.400,1.38599,1.3859000000000001,0.75,0.37
09.08.2021 00:24:31.806,1.38594,1.3859000000000001,0.19,0.37
09.08.2021 00:24:31.857,1.3859299999999999,1.38584,1.12,0.75
09.08.2021 00:24:31.960,1.38594,1.38583,1.12,0.75
09.08.2021 00:24:32.062,1.3859299999999999,1.3858100000000002,0.75,2.62
09.08.2021 00:24:45.654,1.3859100000000002,1.38582,0.75,1.5
09.08.2021 00:24:53.871,1.3859100000000002,1.38583,0.75,0.37
09.08.2021 00:24:54.020,1.38592,1.38583,0.75,0.37
09.08.2021 00:24:54.916,1.38592,1.38582,0.75,1.12
09.08.2021 00:25:00.348,1.38588,1.38582,0.37,0.37
09.08.2021 00:25:00.451,1.38588,1.3858100000000002,0.37,0.75
09.08.2021 00:25:00.553,1.38588,1.3858000000000001,0.37,0.37
09.08.2021 00:25:00.757,1.38589,1.38578,0.37,2.62
09.08.2021 00:25:01.188,1.38588,1.3858000000000001,0.37,0.75
09.08.2021 00:25:03.497,1.3859000000000001,1.3858000000000001,0.37,1.87
09.08.2021 00:25:06.495,1.3859000000000001,1.38579,0.37,1.87
09.08.2021 00:25:07.360,1.38588,1.3858000000000001,0.37,1.12
09.08.2021 00:25:08.858,1.38589,1.3858000000000001,0.37,1.12
09.08.2021 00:25:09.839,1.38589,1.38579,0.37,1.12
09.08.2021 00:25:10.269,1.38584,1.38574,1.12,0.37
09.08.2021 00:25:10.320,1.38582,1.38573,2.06,8.25
09.08.2021 00:25:10.522,1.38584,1.38572,1.12,0.75
09.08.2021 00:25:11.483,1.38585,1.38579,0.82,0.37
09.08.2021 00:25:11.535,1.38589,1.38579,2.25,1.12
09.08.2021 00:25:11.637,1.38589,1.3858000000000001,0.75,1.12
09.08.2021 00:25:11.740,1.3859100000000002,1.3858100000000002,1.57,0.75
09.08.2021 00:25:12.262,1.3859100000000002,1.38582,1.57,0.37
09.08.2021 00:25:13.143,1.3859100000000002,1.3858100000000002,0.75,0.37
09.08.2021 00:25:13.660,1.38588,1.38578,0.75,1.12
09.08.2021 00:25:13.762,1.38588,1.38576,0.75,0.75
09.08.2021 00:25:13.863,1.38586,1.38576,0.75,1.5
09.08.2021 00:25:18.735,1.38586,1.3857700000000002,0.75,0.19
09.08.2021 00:25:27.065,1.38589,1.38579,0.45,1.5
09.08.2021 00:25:27.167,1.3859000000000001,1.3858000000000001,0.75,1.5
09.08.2021 00:25:34.417,1.38592,1.3858100000000002,0.82,0.75
09.08.2021 00:25:34.518,1.3859100000000002,1.3858100000000002,1.2,0.75
09.08.2021 00:25:34.670,1.38592,1.38579,0.75,2.25
09.08.2021 00:25:36.075,1.38592,1.3858100000000002,0.75,0.37
09.08.2021 00:25:44.524,1.38594,1.38586,0.82,0.19
09.08.2021 00:25:44.736,1.38599,1.38589,0.82,0.75
09.08.2021 00:25:44.838,1.38599,1.3859000000000001,0.45,0.75
09.08.2021 00:25:44.889,1.3860100000000002,1.3859100000000002,0.75,0.75
09.08.2021 00:25:48.108,1.3860100000000002,1.38592,0.75,0.37
09.08.2021 00:25:48.159,1.38602,1.38595,0.75,0.75
09.08.2021 00:25:48.210,1.3860700000000001,1.38599,0.82,0.75
09.08.2021 00:25:48.412,1.38609,1.38598,1.57,0.37
09.08.2021 00:25:48.876,1.38609,1.38602,0.82,0.37
09.08.2021 00:25:49.028,1.3861200000000002,1.3860100000000002,1.12,0.37
09.08.2021 00:25:51.802,1.3861200000000002,1.38603,1.57,1.12
09.08.2021 00:25:52.313,1.3861200000000002,1.38602,0.75,0.75
09.08.2021 00:25:53.291,1.3861100000000002,1.3860000000000001,0.75,2.25
09.08.2021 00:25:53.582,1.3861200000000002,1.3860000000000001,0.75,0.37
09.08.2021 00:25:53.909,1.3861100000000002,1.3860000000000001,0.75,2.25
09.08.2021 00:25:54.111,1.3861,1.3860000000000001,0.75,0.37
09.08.2021 00:25:55.293,1.3861,1.3860100000000002,0.75,0.37
09.08.2021 00:25:55.394,1.3861100000000002,1.3860100000000002,1.57,1.5
09.08.2021 00:26:02.813,1.3861100000000002,1.38599,0.75,1.12
09.08.2021 00:26:02.915,1.3860700000000001,1.38598,0.75,0.37
09.08.2021 00:26:03.348,1.3860700000000001,1.38596,1.12,1.69
09.08.2021 00:26:03.452,1.38606,1.38596,0.75,0.94
09.08.2021 00:26:10.000,1.38605,1.38596,0.75,0.94
09.08.2021 00:26:13.959,1.3860700000000001,1.38599,0.82,1.12
09.08.2021 00:26:14.161,1.38609,1.38599,0.75,1.5
09.08.2021 00:26:22.490,1.38606,1.3859700000000001,0.75,0.56
09.08.2021 00:26:22.591,1.38605,1.38595,0.75,0.37
09.08.2021 00:26:35.949,1.38606,1.38599,0.45,1.5
09.08.2021 00:26:36.101,1.38609,1.38599,0.75,1.5
09.08.2021 00:26:41.186,1.38605,1.38599,0.75,0.19
09.08.2021 00:26:41.238,1.38605,1.38595,0.75,0.75
09.08.2021 00:26:43.586,1.38605,1.38596,1.2,0.75
09.08.2021 00:26:52.031,1.38605,1.38595,0.75,0.75
09.08.2021 00:26:52.338,1.3860700000000001,1.38599,0.82,0.37
09.08.2021 00:26:52.389,1.3861,1.3860000000000001,0.75,0.75
09.08.2021 00:26:52.491,1.3861200000000002,1.3860000000000001,1.12,1.87
09.08.2021 00:26:58.981,1.3861100000000002,1.3860000000000001,1.57,1.5
09.08.2021 00:27:12.767,1.3861100000000002,1.38599,0.75,1.87
09.08.2021 00:27:15.422,1.3861200000000002,1.38599,0.75,1.87
09.08.2021 00:27:17.513,1.3861200000000002,1.3860000000000001,0.75,0.19
09.08.2021 00:27:26.563,1.3861200000000002,1.3860100000000002,0.75,0.75
09.08.2021 00:27:32.180,1.3861100000000002,1.3860000000000001,0.75,0.37
09.08.2021 00:27:32.592,1.3861,1.3860000000000001,0.75,0.75
09.08.2021 00:27:33.802,1.38609,1.38599,0.75,1.87
09.08.2021 00:27:33.911,1.38606,1.38599,0.75,0.37
09.08.2021 00:27:33.962,1.38606,1.38596,0.75,0.75
09.08.2021 00:27:34.064,1.38605,1.38595,0.75,0.75
09.08.2021 00:27:34.165,1.38604,1.38595,0.75,0.94
09.08.2021 00:27:45.818,1.38602,1.3859100000000002,0.75,0.56
09.08.2021 00:27:45.920,1.3860100000000002,1.3859100000000002,0.75,0.75
09.08.2021 00:28:00.894,1.38602,1.38589,0.75,2.25
09.08.2021 00:28:01.895,1.3860100000000002,1.3859100000000002,0.75,0.75
09.08.2021 00:28:03.461,1.38604,1.3859299999999999,0.75,0.37
09.08.2021 00:28:08.252,1.38604,1.38594,0.75,0.37
09.08.2021 00:28:09.453,1.38605,1.38596,0.45,1.12
09.08.2021 00:28:14.923,1.38606,1.38594,0.75,1.12
09.08.2021 00:28:42.336,1.38604,1.38595,0.75,0.75
09.08.2021 00:29:03.099,1.38605,1.38596,0.75,0.37
09.08.2021 00:29:03.200,1.3860700000000001,1.3860000000000001,0.45,1.12
09.08.2021 00:29:03.252,1.38609,1.3860000000000001,0.75,0.37
09.08.2021 00:29:03.404,1.3861,1.38602,0.75,0.37
09.08.2021 00:29:03.505,1.3861200000000002,1.3860100000000002,0.75,0.37
09.08.2021 00:29:08.877,1.3861100000000002,1.3860100000000002,0.75,0.37
09.08.2021 00:29:24.509,1.3861,1.3860100000000002,0.75,0.37
09.08.2021 00:29:34.910,1.3861200000000002,1.3860000000000001,0.75,0.37
09.08.2021 00:29:35.541,1.3861200000000002,1.3860100000000002,0.75,0.19
09.08.2021 00:29:37.079,1.3861200000000002,1.3860000000000001,0.75,0.37
09.08.2021 00:29:37.181,1.3861100000000002,1.3860000000000001,0.75,0.37
09.08.2021 00:29:39.867,1.3861,1.38599,0.75,3
09.08.2021 00:29:43.955,1.3861,1.3860000000000001,0.75,0.19
09.08.2021 00:29:51.589,1.3861,1.38599,0.75,3.75
09.08.2021 00:29:54.392,1.3861,1.3860000000000001,0.75,0.19
09.08.2021 00:29:55.187,1.38608,1.38598,0.37,0.75
09.08.2021 00:29:55.289,1.38602,1.38594,0.75,0.37
09.08.2021 00:29:55.390,1.38603,1.38592,0.75,0.94
09.08.2021 00:29:55.544,1.38602,1.3859100000000002,0.75,1.31
09.08.2021 00:29:55.698,1.3860100000000002,1.3859100000000002,0.75,0.19
09.08.2021 00:29:56.704,1.3860000000000001,1.3859000000000001,0.75,0.56
09.08.2021 00:30:02.509,1.38602,1.3859100000000002,0.75,0.19
09.08.2021 00:30:02.611,1.38602,1.3859299999999999,0.75,0.19
09.08.2021 00:30:03.074,1.38603,1.38594,0.75,0.19
09.08.2021 00:30:03.175,1.38603,1.38595,0.75,0.19
09.08.2021 00:30:03.327,1.38605,1.38594,0.75,0.19
09.08.2021 00:30:10.560,1.38606,1.38598,0.82,0.56
09.08.2021 00:30:10.661,1.38609,1.3859700000000001,0.75,0.56
09.08.2021 00:30:10.814,1.38606,1.3859700000000001,0.75,0.56
09.08.2021 00:30:11.319,1.38608,1.3859700000000001,0.75,0.75
09.08.2021 00:30:11.421,1.38609,1.3859700000000001,0.75,0.75
09.08.2021 00:30:11.625,1.38608,1.3859700000000001,0.75,1.5
09.08.2021 00:30:11.727,1.38606,1.38596,0.75,2.25
09.08.2021 00:30:24.888,1.38605,1.38596,0.75,1.87
09.08.2021 00:30:25.987,1.38605,1.3859700000000001,0.75,0.37
09.08.2021 00:30:26.317,1.38606,1.38595,0.75,1.5
09.08.2021 00:30:42.252,1.38605,1.3859700000000001,0.75,0.37
09.08.2021 00:30:43.340,1.38605,1.38596,0.75,0.75
09.08.2021 00:30:53.315,1.38604,1.38594,0.75,0.37
09.08.2021 00:30:53.367,1.38602,1.3859299999999999,0.75,1.12
09.08.2021 00:30:53.983,1.3860100000000002,1.3859299999999999,0.37,1.12
09.08.2021 00:30:58.297,1.38602,1.3859100000000002,1.12,1.87
09.08.2021 00:30:58.860,1.3860000000000001,1.3859100000000002,0.75,0.37
09.08.2021 00:30:59.062,1.3860000000000001,1.3859000000000001,0.75,1.5
09.08.2021 00:31:03.052,1.38604,1.38599,0.19,0.75
09.08.2021 00:31:03.104,1.38608,1.38599,4.5,0.37
09.08.2021 00:31:03.206,1.38608,1.3860000000000001,5.7,0.37
09.08.2021 00:31:07.643,1.3861100000000002,1.38599,0.75,0.75
09.08.2021 00:31:10.787,1.38614,1.38609,0.19,1.31
09.08.2021 00:31:10.889,1.38619,1.3861,0.45,0.19
09.08.2021 00:31:10.991,1.38619,1.3861100000000002,7.5,0.37
09.08.2021 00:31:11.092,1.3862100000000002,1.3861,0.75,0.37
09.08.2021 00:31:11.244,1.3862100000000002,1.3861200000000002,0.75,1.12
09.08.2021 00:31:12.188,1.3862200000000002,1.3861,0.75,1.12
09.08.2021 00:31:13.561,1.3862200000000002,1.38609,0.75,3.75
09.08.2021 00:31:27.136,1.3862100000000002,1.3861100000000002,0.75,0.37
09.08.2021 00:31:28.758,1.3862,1.3861200000000002,0.75,0.37
09.08.2021 00:31:29.573,1.3862,1.3861100000000002,0.75,0.37
09.08.2021 00:31:34.069,1.3862100000000002,1.38609,0.75,0.37
09.08.2021 00:31:34.520,1.38619,1.3861,0.75,0.37
09.08.2021 00:31:34.684,1.38615,1.3860700000000001,0.75,0.37
09.08.2021 00:31:34.786,1.38615,1.38606,0.75,0.94
09.08.2021 00:31:34.888,1.38614,1.38604,0.75,0.37
09.08.2021 00:31:35.439,1.38615,1.38604,0.75,0.37
09.08.2021 00:31:35.542,1.38615,1.38605,0.75,0.37
09.08.2021 00:31:35.876,1.38615,1.38604,0.75,3.75
09.08.2021 00:31:36.245,1.38615,1.38603,0.75,3
09.08.2021 00:31:46.071,1.3861100000000002,1.38603,0.75,1.31
09.08.2021 00:31:46.124,1.3861200000000002,1.3860000000000001,0.75,0.64
09.08.2021 00:31:46.277,1.38609,1.3860100000000002,0.75,0.37
09.08.2021 00:31:49.869,1.38614,1.38609,0.56,0.37
09.08.2021 00:31:49.920,1.38616,1.38609,4.5,0.37
09.08.2021 00:31:50.022,1.3861700000000001,1.38609,0.75,0.37
09.08.2021 00:31:53.231,1.38619,1.38608,0.75,0.37
09.08.2021 00:31:57.633,1.3862,1.38608,0.75,0.37
09.08.2021 00:31:58.095,1.38619,1.3861,0.75,0.37
09.08.2021 00:31:58.967,1.3862,1.3861200000000002,0.75,0.19
09.08.2021 00:31:59.068,1.3862,1.3861100000000002,0.75,0.37
09.08.2021 00:32:02.574,1.3862100000000002,1.38609,0.75,0.37
09.08.2021 00:32:02.676,1.3862100000000002,1.38608,0.75,1.5
09.08.2021 00:32:04.402,1.38618,1.38609,0.75,0.75
09.08.2021 00:32:05.192,1.38619,1.38609,0.75,2.25
09.08.2021 00:32:11.199,1.38619,1.38608,0.75,0.75
09.08.2021 00:32:20.103,1.38618,1.3861,0.75,0.37
09.08.2021 00:32:20.768,1.3862,1.38609,0.75,0.75
09.08.2021 00:32:29.421,1.3862,1.3861,0.75,0.37
09.08.2021 00:32:30.154,1.3862,1.3861100000000002,0.75,0.37
09.08.2021 00:32:31.660,1.3862100000000002,1.3861100000000002,0.75,0.37
09.08.2021 00:32:32.314,1.3862200000000002,1.3861200000000002,0.75,0.37
09.08.2021 00:32:34.002,1.3862100000000002,1.3861200000000002,0.75,0.19
09.08.2021 00:32:34.500,1.3862100000000002,1.3861,0.75,0.56
09.08.2021 00:32:36.889,1.3862100000000002,1.3861100000000002,0.75,0.19
09.08.2021 00:32:37.109,1.3862,1.3861100000000002,0.75,0.19
09.08.2021 00:33:03.326,1.38619,1.3861,0.75,0.56
09.08.2021 00:33:03.530,1.38618,1.38609,0.75,0.37
09.08.2021 00:33:03.632,1.3861700000000001,1.38608,0.75,0.37
09.08.2021 00:33:04.391,1.3861700000000001,1.3860700000000001,0.37,0.37
09.08.2021 00:33:04.565,1.3861700000000001,1.38605,1.12,1.5
09.08.2021 00:33:04.666,1.38616,1.3860700000000001,1.12,0.37
09.08.2021 00:33:04.768,1.38615,1.38606,0.75,1.5
09.08.2021 00:33:04.920,1.38614,1.38606,0.37,0.37
09.08.2021 00:33:05.820,1.38614,1.38605,0.37,1.69
09.08.2021 00:33:12.472,1.3861100000000002,1.38603,0.75,1.87
09.08.2021 00:33:12.523,1.3861100000000002,1.3860100000000002,0.75,0.75
09.08.2021 00:33:12.675,1.3861200000000002,1.38599,1.12,1.31
09.08.2021 00:33:12.777,1.3861,1.3860000000000001,0.75,0.56
09.08.2021 00:33:12.959,1.3861,1.38599,0.37,0.56
09.08.2021 00:33:22.494,1.3861,1.38598,1.12,1.69
09.08.2021 00:33:29.401,1.3861100000000002,1.3860100000000002,1.57,0.75
09.08.2021 00:33:29.553,1.3861100000000002,1.3860000000000001,1.57,1.5
09.08.2021 00:33:32.345,1.3861100000000002,1.3860100000000002,0.75,0.37
09.08.2021 00:33:34.000,1.3861,1.3860100000000002,0.75,0.37
09.08.2021 00:33:34.350,1.3861,1.3860000000000001,0.75,1.12
09.08.2021 00:33:39.196,1.3861200000000002,1.38599,1.57,1.5
09.08.2021 00:33:40.469,1.3861100000000002,1.38602,0.82,0.75
09.08.2021 00:33:40.571,1.3861200000000002,1.38603,0.82,1.12
09.08.2021 00:33:40.673,1.3861200000000002,1.38604,0.45,0.75
09.08.2021 00:33:40.724,1.38614,1.38604,0.82,0.75
09.08.2021 00:33:41.762,1.38614,1.3860100000000002,0.75,2.25
09.08.2021 00:33:42.256,1.3861200000000002,1.38602,0.37,0.75
09.08.2021 00:33:42.722,1.3861200000000002,1.3860100000000002,0.75,2.25
09.08.2021 00:33:45.825,1.3861100000000002,1.3860000000000001,0.75,1.5
09.08.2021 00:33:49.314,1.3861,1.38599,0.75,3
09.08.2021 00:33:55.271,1.3861,1.3860100000000002,0.75,0.75
09.08.2021 00:33:58.020,1.3861100000000002,1.3860100000000002,0.75,1.5
09.08.2021 00:34:00.085,1.38613,1.38603,1.57,1.12
09.08.2021 00:34:00.187,1.38613,1.38604,1.2,0.75
09.08.2021 00:34:00.289,1.38614,1.38602,0.75,1.12
09.08.2021 00:34:03.023,1.38614,1.38604,0.75,0.94
09.08.2021 00:34:03.449,1.3861700000000001,1.38609,0.37,0.37
09.08.2021 00:34:03.551,1.38619,1.3860700000000001,0.75,2.25
09.08.2021 00:34:03.652,1.38619,1.38609,0.75,2.25
09.08.2021 00:34:22.771,1.3862,1.38609,0.75,0.37
09.08.2021 00:34:23.729,1.38619,1.38609,0.75,1.12
09.08.2021 00:34:27.747,1.38619,1.3861,0.75,0.37
09.08.2021 00:35:07.299,1.3862100000000002,1.38609,0.75,0.37
09.08.2021 00:35:07.928,1.3862100000000002,1.3861,0.75,0.37
09.08.2021 00:35:08.900,1.3862,1.3861,0.75,1.5
09.08.2021 00:35:40.113,1.3862,1.3861100000000002,0.75,0.75
09.08.2021 00:35:41.177,1.3862100000000002,1.38609,0.75,0.75
09.08.2021 00:35:45.874,1.3862,1.3861100000000002,0.75,0.37
09.08.2021 00:35:46.622,1.3862,1.3861,0.75,0.37
09.08.2021 00:35:56.529,1.3862,1.3861100000000002,0.75,0.75
09.08.2021 00:36:07.121,1.3862,1.3861,0.75,1.12
09.08.2021 00:36:17.710,1.3862100000000002,1.3861,0.75,0.37
09.08.2021 00:36:30.244,1.3862200000000002,1.3861100000000002,0.75,0.37
09.08.2021 00:36:33.972,1.38626,1.38618,0.19,0.37
09.08.2021 00:36:34.074,1.3862700000000001,1.38619,0.75,1.87
09.08.2021 00:36:34.176,1.3863200000000002,1.3862,1.2,0.75
09.08.2021 00:36:34.277,1.3863100000000002,1.3862,0.75,0.75
09.08.2021 00:36:34.378,1.3863200000000002,1.3862,1.12,0.75
09.08.2021 00:36:35.302,1.3863,1.3862100000000002,0.75,0.37
09.08.2021 00:36:46.534,1.38629,1.3862100000000002,0.75,0.37
09.08.2021 00:36:46.795,1.3863100000000002,1.3862,0.75,0.37
09.08.2021 00:37:15.273,1.3863200000000002,1.3862,0.75,2.25
09.08.2021 00:37:16.917,1.3863100000000002,1.3862,0.75,0.75
09.08.2021 00:37:20.114,1.3863,1.3862200000000002,0.75,0.37
09.08.2021 00:37:23.099,1.3863100000000002,1.3862,0.75,1.5
09.08.2021 00:37:23.200,1.3863200000000002,1.3862,0.75,1.5
09.08.2021 00:37:24.188,1.3863,1.3862100000000002,0.75,0.75
09.08.2021 00:37:31.932,1.3863100000000002,1.38619,0.75,0.94
09.08.2021 00:37:44.215,1.3863,1.38619,0.75,0.94
09.08.2021 00:37:46.105,1.38629,1.38618,0.75,0.37
09.08.2021 00:37:46.156,1.3862200000000002,1.38614,0.75,0.37
09.08.2021 00:37:46.257,1.38619,1.3861200000000002,0.75,7.5
09.08.2021 00:37:46.409,1.38619,1.3861100000000002,0.75,0.37
09.08.2021 00:37:46.871,1.38619,1.3861,0.75,1.31
09.08.2021 00:37:51.379,1.38614,1.38609,1.87,1.69
09.08.2021 00:37:51.481,1.3861200000000002,1.38609,0.19,0.75
09.08.2021 00:37:51.531,1.3861,1.38603,0.75,0.75
09.08.2021 00:37:51.582,1.38609,1.38602,0.75,0.37
09.08.2021 00:37:51.683,1.38609,1.3860100000000002,0.75,0.75
09.08.2021 00:37:55.599,1.3861100000000002,1.3860000000000001,0.75,0.37
09.08.2021 00:37:59.291,1.38609,1.3860100000000002,0.75,0.37
09.08.2021 00:38:00.853,1.38608,1.3860000000000001,0.37,0.75
09.08.2021 00:38:00.904,1.38606,1.3859700000000001,0.75,0.37
09.08.2021 00:38:01.006,1.38605,1.3859700000000001,0.75,3
09.08.2021 00:38:01.108,1.38605,1.38598,0.75,0.37
09.08.2021 00:38:01.370,1.38605,1.3859700000000001,0.75,2.25
09.08.2021 00:38:01.957,1.38605,1.38596,0.75,0.37
09.08.2021 00:38:02.059,1.38605,1.38595,0.75,1.5
09.08.2021 00:38:03.815,1.38605,1.38594,0.75,1.5
09.08.2021 00:38:10.036,1.38608,1.3860000000000001,1.57,0.19
09.08.2021 00:38:12.726,1.38608,1.38599,0.75,0.56
09.08.2021 00:38:20.512,1.38604,1.38596,0.75,0.19
09.08.2021 00:38:20.614,1.38602,1.38595,0.75,0.37
09.08.2021 00:38:20.715,1.3860100000000002,1.38595,0.75,0.37
09.08.2021 00:38:21.197,1.3860100000000002,1.3859000000000001,0.75,1.69
09.08.2021 00:38:22.459,1.38599,1.3859100000000002,0.75,0.94
09.08.2021 00:38:23.162,1.3860000000000001,1.3859100000000002,0.75,0.19
09.08.2021 00:38:23.518,1.38599,1.3859100000000002,0.75,0.19
09.08.2021 00:38:23.620,1.3860000000000001,1.3859100000000002,0.75,0.19
09.08.2021 00:38:26.801,1.3860100000000002,1.38592,0.75,1.95
09.08.2021 00:38:31.101,1.3860000000000001,1.3859000000000001,0.75,0.56
09.08.2021 00:38:34.350,1.38599,1.3859000000000001,0.75,1.57
09.08.2021 00:38:55.458,1.3860100000000002,1.38589,0.75,1.01
09.08.2021 00:38:58.483,1.3860100000000002,1.3859000000000001,0.75,0.75
09.08.2021 00:39:00.058,1.3860000000000001,1.38594,0.75,0.94
09.08.2021 00:39:00.160,1.38605,1.38594,0.45,0.37
09.08.2021 00:39:00.262,1.38605,1.38594,0.75,0.26
09.08.2021 00:39:00.313,1.38604,1.3859299999999999,0.75,0.19
09.08.2021 00:39:00.414,1.38602,1.38594,0.75,0.19
09.08.2021 00:39:00.516,1.38602,1.3859000000000001,0.75,0.37
09.08.2021 00:39:00.617,1.3860100000000002,1.3859000000000001,0.75,0.56
09.08.2021 00:39:04.629,1.3860000000000001,1.3859000000000001,0.75,0.56
09.08.2021 00:39:07.816,1.3860100000000002,1.3859000000000001,1.5,0.56
09.08.2021 00:39:08.298,1.3860000000000001,1.3859000000000001,0.75,0.37
09.08.2021 00:39:31.896,1.3860000000000001,1.38589,0.75,0.37
09.08.2021 00:39:35.185,1.38599,1.38589,0.75,0.94
09.08.2021 00:39:35.236,1.38592,1.38589,0.37,0.37
09.08.2021 00:39:35.287,1.3859100000000002,1.38585,0.75,0.75
09.08.2021 00:39:35.389,1.3859100000000002,1.38582,1.5,7.5
09.08.2021 00:39:35.491,1.38589,1.3858000000000001,0.75,0.37
09.08.2021 00:39:37.114,1.38589,1.38579,0.75,0.75
09.08.2021 00:39:43.766,1.38589,1.3858100000000002,1.12,0.1
09.08.2021 00:39:49.801,1.38589,1.38582,1.12,0.1
09.08.2021 00:39:51.677,1.38589,1.3858100000000002,0.75,0.1
09.08.2021 00:39:53.621,1.38589,1.38582,0.75,0.1
09.08.2021 00:39:56.795,1.3859000000000001,1.3858000000000001,0.75,0.1
09.08.2021 00:39:57.851,1.38589,1.38582,0.75,0.1
09.08.2021 00:40:04.248,1.3859000000000001,1.38582,1.12,0.1
09.08.2021 00:40:10.222,1.3859100000000002,1.38582,1.5,0.1
09.08.2021 00:40:10.376,1.38592,1.38582,1.5,0.1
09.08.2021 00:40:16.506,1.3859100000000002,1.38582,1.87,0.1
09.08.2021 00:40:17.070,1.3859100000000002,1.38583,1.87,0.1
09.08.2021 00:40:21.833,1.3859100000000002,1.38582,1.12,0.1
09.08.2021 00:40:22.761,1.3859100000000002,1.3858000000000001,1.12,0.1
09.08.2021 00:40:22.863,1.3859000000000001,1.3858000000000001,0.75,0.1
09.08.2021 00:40:25.185,1.3859000000000001,1.3858100000000002,1.87,0.1
09.08.2021 00:40:44.956,1.3859100000000002,1.3858700000000002,0.19,2.06
09.08.2021 00:40:45.007,1.38594,1.38589,0.19,0.56
09.08.2021 00:40:45.058,1.3859700000000001,1.38588,4.5,0.26
09.08.2021 00:40:45.109,1.38598,1.3859000000000001,2.14,0.1
09.08.2021 00:40:48.437,1.38599,1.3859100000000002,0.75,0.1
09.08.2021 00:40:48.541,1.3860100000000002,1.3859100000000002,0.45,0.1
09.08.2021 00:40:48.643,1.38602,1.3859100000000002,1.5,0.1
09.08.2021 00:40:49.907,1.3860100000000002,1.3859100000000002,2.32,0.1
09.08.2021 00:40:56.557,1.38602,1.3859100000000002,2.25,0.1
09.08.2021 00:40:57.013,1.38603,1.38592,0.75,0.1
09.08.2021 00:40:57.165,1.3860100000000002,1.3859299999999999,0.75,0.1
09.08.2021 00:40:57.266,1.3860100000000002,1.38592,0.75,0.1
09.08.2021 00:41:07.502,1.3860100000000002,1.3859000000000001,0.75,0.1
09.08.2021 00:41:07.553,1.38598,1.38589,1.12,0.37
09.08.2021 00:41:07.604,1.38598,1.3858700000000002,1.87,0.1
09.08.2021 00:41:07.656,1.38594,1.38584,0.75,0.45
09.08.2021 00:41:07.758,1.3859299999999999,1.38583,1.5,0.1
09.08.2021 00:41:07.860,1.38592,1.38582,0.75,0.1
09.08.2021 00:41:11.654,1.38592,1.38583,0.75,0.1
09.08.2021 00:41:12.085,1.3859000000000001,1.38582,0.75,0.1
09.08.2021 00:41:13.504,1.3859100000000002,1.38582,0.75,0.1
09.08.2021 00:41:13.808,1.3859100000000002,1.3858100000000002,0.82,0.1
09.08.2021 00:41:14.359,1.38589,1.3858100000000002,0.37,0.1
09.08.2021 00:41:14.460,1.3858100000000002,1.38574,0.75,0.1
09.08.2021 00:41:14.562,1.3858100000000002,1.38573,0.75,0.1
09.08.2021 00:41:16.926,1.38582,1.38573,1.5,0.1
09.08.2021 00:41:17.028,1.38582,1.38574,0.75,0.1
09.08.2021 00:41:19.574,1.38582,1.38573,0.37,0.1
09.08.2021 00:41:19.983,1.3858100000000002,1.38573,0.37,0.1
09.08.2021 00:41:20.189,1.3858100000000002,1.38572,0.37,0.1
09.08.2021 00:41:22.148,1.38582,1.38572,0.37,0.1
09.08.2021 00:41:22.549,1.3858100000000002,1.38574,0.37,0.1
09.08.2021 00:41:23.202,1.38582,1.38572,0.37,0.1
09.08.2021 00:41:24.510,1.38582,1.38573,0.37,0.1
09.08.2021 00:41:24.613,1.3858100000000002,1.38573,0.37,0.1
09.08.2021 00:41:26.411,1.38582,1.38573,0.37,0.1
09.08.2021 00:41:28.018,1.3858100000000002,1.38573,0.37,0.1
09.08.2021 00:41:31.709,1.38582,1.38573,0.37,0.1
09.08.2021 00:41:31.760,1.38584,1.38573,0.94,0.1
09.08.2021 00:41:31.862,1.38585,1.3857700000000002,1.2,0.1
09.08.2021 00:41:31.963,1.3858700000000002,1.38576,0.94,0.1
09.08.2021 00:41:34.235,1.38586,1.38576,0.94,0.1
09.08.2021 00:41:38.196,1.38589,1.3858000000000001,0.82,1.12
09.08.2021 00:41:38.297,1.3859100000000002,1.38582,0.75,0.1
