Gmt time,Ask,Bid,AskVolume,BidVolume
13.08.2021 00:00:00.165,1.38114,1.3810600000000002,1.12,0.75
13.08.2021 00:00:00.772,1.3811600000000002,1.3810600000000002,1.2,0.75
13.08.2021 00:00:00.975,1.38115,1.3810600000000002,0.45,0.75
13.08.2021 00:00:03.600,1.38114,1.3810600000000002,0.37,0.75
13.08.2021 00:00:05.239,1.38115,1.3810600000000002,0.37,0.75
13.08.2021 00:00:05.567,1.38115,1.3810700000000002,0.45,0.75
13.08.2021 00:00:08.770,1.38115,1.38108,0.45,0.75
13.08.2021 00:00:10.457,1.3811700000000002,1.3811,0.37,0.75
13.08.2021 00:00:10.508,1.3811900000000001,1.3811200000000001,6.73,0.75
13.08.2021 00:00:10.560,1.38121,1.38113,1.95,0.75
13.08.2021 00:00:13.995,1.3812200000000001,1.38113,1.57,0.75
13.08.2021 00:00:23.347,1.38124,1.38115,0.1,0.75
13.08.2021 00:00:23.449,1.38124,1.3811700000000002,0.1,0.75
13.08.2021 00:00:28.776,1.38124,1.3811600000000002,0.1,0.75
13.08.2021 00:00:30.709,1.38123,1.3811600000000002,0.75,0.75
13.08.2021 00:00:33.119,1.38124,1.3811600000000002,0.1,0.75
13.08.2021 00:00:52.245,1.38124,1.38115,0.37,0.75
13.08.2021 00:00:56.206,1.3812200000000001,1.3811600000000002,0.37,0.75
13.08.2021 00:00:57.197,1.38121,1.3811600000000002,0.37,0.75
13.08.2021 00:00:58.518,1.38118,1.38109,0.26,4.9
13.08.2021 00:00:58.620,1.38115,1.38105,0.82,8.25
13.08.2021 00:01:00.507,1.3811600000000002,1.38105,1.2,0.75
13.08.2021 00:01:00.609,1.38115,1.3810700000000002,1.01,0.75
13.08.2021 00:01:04.695,1.3811600000000002,1.3810700000000002,0.82,0.75
13.08.2021 00:01:04.950,1.38118,1.38113,1.5,0.75
13.08.2021 00:01:05.001,1.3812200000000001,1.38113,4.85,0.75
13.08.2021 00:01:05.103,1.3812200000000001,1.38114,0.75,0.75
13.08.2021 00:01:14.503,1.3811900000000001,1.38114,0.1,0.75
13.08.2021 00:01:14.609,1.38118,1.38114,0.1,0.75
13.08.2021 00:01:22.324,1.3812200000000001,1.38114,1.12,0.75
13.08.2021 00:01:24.606,1.38121,1.38113,0.75,0.75
13.08.2021 00:01:24.759,1.3811600000000002,1.38109,0.37,1.12
13.08.2021 00:01:24.809,1.38115,1.3810700000000002,0.75,0.75
13.08.2021 00:01:24.911,1.38115,1.3810600000000002,0.75,0.75
13.08.2021 00:01:25.063,1.38114,1.3810600000000002,0.75,0.75
13.08.2021 00:01:25.565,1.38114,1.38104,0.75,0.75
13.08.2021 00:01:38.234,1.38113,1.38103,0.75,0.75
13.08.2021 00:01:39.601,1.38113,1.38104,0.75,0.37
13.08.2021 00:01:39.704,1.38113,1.38105,0.75,1.12
13.08.2021 00:01:40.060,1.38111,1.38105,0.75,0.37
13.08.2021 00:01:41.207,1.38109,1.38105,0.15,0.37
13.08.2021 00:01:42.148,1.3811,1.38103,0.15,0.37
13.08.2021 00:01:57.102,1.3811,1.38104,0.15,0.37
13.08.2021 00:01:57.203,1.38111,1.38104,0.75,0.37
13.08.2021 00:02:09.739,1.38108,1.381,0.75,0.94
13.08.2021 00:02:09.790,1.38105,1.38098,0.75,0.37
13.08.2021 00:02:09.841,1.38104,1.3809500000000001,0.75,0.75
13.08.2021 00:02:09.942,1.3810200000000001,1.3809500000000001,0.75,8.06
13.08.2021 00:02:10.144,1.38103,1.3809500000000001,0.75,0.1
13.08.2021 00:02:11.961,1.38104,1.3809600000000002,0.75,0.1
13.08.2021 00:02:12.440,1.38104,1.38097,0.75,0.1
13.08.2021 00:02:12.945,1.38104,1.38098,0.75,0.1
13.08.2021 00:02:13.090,1.38104,1.3809600000000002,0.75,0.1
13.08.2021 00:02:13.282,1.38103,1.38098,0.75,0.1
13.08.2021 00:02:13.547,1.38104,1.3809600000000002,0.75,0.1
13.08.2021 00:02:21.675,1.38108,1.381,0.37,0.82
13.08.2021 00:02:21.777,1.38108,1.38101,0.75,0.56
13.08.2021 00:02:22.269,1.38109,1.3810200000000001,0.75,0.64
13.08.2021 00:02:22.370,1.3811,1.3810200000000001,0.75,1.39
13.08.2021 00:02:22.940,1.38111,1.3810200000000001,0.75,0.37
13.08.2021 00:02:31.624,1.38109,1.38101,0.75,1.12
13.08.2021 00:02:32.714,1.3811,1.3810200000000001,0.82,0.75
13.08.2021 00:02:35.982,1.3811200000000001,1.38103,0.75,1.12
13.08.2021 00:02:36.134,1.3811200000000001,1.38104,0.75,0.37
13.08.2021 00:02:44.119,1.38114,1.38104,0.75,0.75
13.08.2021 00:02:55.833,1.38114,1.38104,0.82,2.14
13.08.2021 00:02:59.874,1.38113,1.38104,0.75,1.31
13.08.2021 00:03:05.496,1.38111,1.3810200000000001,0.82,2.81
13.08.2021 00:03:05.599,1.38108,1.3810200000000001,0.75,0.37
13.08.2021 00:03:05.650,1.38109,1.38099,0.75,2.25
13.08.2021 00:03:05.802,1.3811,1.38099,0.75,2.25
13.08.2021 00:03:07.034,1.3810700000000002,1.3809600000000002,0.75,0.37
13.08.2021 00:03:07.137,1.38105,1.38097,0.75,0.19
13.08.2021 00:03:07.239,1.3810700000000002,1.38098,0.75,0.19
13.08.2021 00:03:11.819,1.3810700000000002,1.381,0.75,0.19
13.08.2021 00:03:11.972,1.38108,1.381,0.75,0.19
13.08.2021 00:03:19.875,1.38109,1.381,0.82,0.94
13.08.2021 00:03:22.870,1.3811,1.381,0.82,1.31
13.08.2021 00:03:27.540,1.38111,1.381,0.82,0.19
13.08.2021 00:04:02.459,1.3811,1.381,0.82,1.2
13.08.2021 00:04:09.110,1.38109,1.381,0.75,0.37
13.08.2021 00:04:10.161,1.3810600000000002,1.38097,0.75,0.56
13.08.2021 00:04:10.264,1.3810700000000002,1.38094,0.82,1.65
13.08.2021 00:04:13.223,1.38105,1.3809500000000001,0.37,1.39
13.08.2021 00:04:35.296,1.38104,1.3809500000000001,0.75,0.56
13.08.2021 00:04:35.397,1.38104,1.38094,0.82,1.12
13.08.2021 00:04:43.821,1.38105,1.38094,0.82,0.1
13.08.2021 00:04:51.592,1.38105,1.38093,0.82,1.2
13.08.2021 00:05:03.752,1.38104,1.38093,0.19,1.12
13.08.2021 00:05:03.956,1.381,1.3809,0.94,0.37
13.08.2021 00:05:04.058,1.38099,1.3809,0.75,1.2
13.08.2021 00:05:04.160,1.38099,1.38091,0.75,0.75
13.08.2021 00:05:04.261,1.38101,1.38091,1.2,0.75
13.08.2021 00:05:10.074,1.38101,1.3809200000000001,0.82,0.6
13.08.2021 00:05:10.583,1.38103,1.38094,0.82,0.37
13.08.2021 00:05:12.332,1.38103,1.38093,0.82,0.37
13.08.2021 00:05:14.478,1.38104,1.38093,0.75,0.6
13.08.2021 00:05:14.833,1.38104,1.38094,1.57,1.12
13.08.2021 00:05:27.899,1.38104,1.3809500000000001,0.82,0.37
13.08.2021 00:05:28.001,1.3810200000000001,1.38093,0.1,1.12
13.08.2021 00:05:28.897,1.38104,1.38094,0.82,1.35
13.08.2021 00:05:28.999,1.38104,1.3809500000000001,0.75,0.37
13.08.2021 00:05:38.894,1.3810600000000002,1.38094,1.57,0.6
13.08.2021 00:05:38.996,1.3810700000000002,1.3809500000000001,0.82,0.75
13.08.2021 00:05:50.012,1.3810700000000002,1.38094,0.82,1.42
13.08.2021 00:05:50.163,1.3810600000000002,1.3809600000000002,0.82,0.75
13.08.2021 00:05:52.574,1.3810700000000002,1.38094,0.82,1.2
13.08.2021 00:05:52.676,1.3810600000000002,1.38094,0.82,1.12
13.08.2021 00:05:52.778,1.38104,1.3809500000000001,0.1,0.37
13.08.2021 00:06:35.341,1.38104,1.38093,0.1,1.12
13.08.2021 00:06:37.498,1.38103,1.3809500000000001,0.1,0.75
13.08.2021 00:06:38.720,1.38104,1.38093,0.1,1.12
13.08.2021 00:06:40.854,1.38104,1.3809200000000001,0.1,0.75
13.08.2021 00:06:43.059,1.3810200000000001,1.38091,0.1,0.75
13.08.2021 00:06:50.719,1.3810200000000001,1.38093,0.1,0.75
13.08.2021 00:06:51.478,1.38103,1.38093,0.82,0.82
13.08.2021 00:06:56.090,1.3810200000000001,1.38093,0.1,0.97
13.08.2021 00:06:57.820,1.38103,1.38093,0.82,1.05
13.08.2021 00:06:57.969,1.3810200000000001,1.38093,0.1,0.97
13.08.2021 00:07:01.767,1.38103,1.38093,0.82,1.05
13.08.2021 00:07:02.370,1.38103,1.38093,0.1,0.22
13.08.2021 00:07:02.782,1.38104,1.38093,0.1,0.22
13.08.2021 00:07:07.177,1.38105,1.3809500000000001,0.1,0.82
13.08.2021 00:07:14.408,1.38104,1.3809500000000001,0.1,0.75
13.08.2021 00:07:15.763,1.38105,1.3809500000000001,0.1,0.75
13.08.2021 00:07:21.010,1.38105,1.3809600000000002,0.1,0.75
13.08.2021 00:07:22.410,1.38104,1.3809600000000002,0.1,0.75
13.08.2021 00:07:23.437,1.38105,1.3809500000000001,0.1,1.24
13.08.2021 00:07:23.538,1.3810600000000002,1.3809600000000002,0.1,0.82
13.08.2021 00:07:32.819,1.3810600000000002,1.3809500000000001,0.1,0.22
13.08.2021 00:07:38.378,1.3810600000000002,1.3809600000000002,0.1,1.05
13.08.2021 00:07:49.781,1.38105,1.3809500000000001,0.82,1.01
13.08.2021 00:07:58.456,1.381,1.38094,1.31,0.75
13.08.2021 00:07:58.558,1.381,1.3809200000000001,0.1,7.5
13.08.2021 00:07:58.660,1.38101,1.3809200000000001,2.32,7.5
13.08.2021 00:07:58.711,1.38101,1.38089,2.32,0.82
13.08.2021 00:07:59.373,1.3810200000000001,1.3809,0.1,0.82
13.08.2021 00:08:00.131,1.381,1.38091,0.1,0.75
13.08.2021 00:08:08.376,1.381,1.3809200000000001,1.01,0.75
13.08.2021 00:08:08.427,1.38098,1.38089,0.75,0.82
13.08.2021 00:08:08.528,1.38097,1.3808799999999999,0.1,0.75
13.08.2021 00:08:08.731,1.38097,1.38087,0.1,0.75
13.08.2021 00:08:09.467,1.38097,1.3808799999999999,0.45,0.75
13.08.2021 00:08:11.067,1.38097,1.38087,1.2,0.82
13.08.2021 00:08:15.566,1.38097,1.3808600000000002,0.45,0.75
13.08.2021 00:08:20.950,1.3809600000000002,1.38084,0.82,0.82
13.08.2021 00:08:21.595,1.3809500000000001,1.38083,0.75,0.75
13.08.2021 00:08:30.159,1.38094,1.38083,0.1,0.75
13.08.2021 00:08:30.567,1.38087,1.38081,0.37,0.19
13.08.2021 00:08:30.618,1.3808799999999999,1.38077,1.2,1.12
13.08.2021 00:08:30.720,1.38087,1.38077,0.82,9.45
13.08.2021 00:08:39.321,1.3808799999999999,1.38077,0.1,0.75
13.08.2021 00:08:56.693,1.38087,1.38079,0.1,0.75
13.08.2021 00:09:01.502,1.38089,1.38079,0.82,0.75
13.08.2021 00:09:01.604,1.3808799999999999,1.38079,0.75,0.75
13.08.2021 00:09:01.705,1.38091,1.38081,0.82,2.25
13.08.2021 00:09:01.807,1.3809200000000001,1.38081,0.1,0.75
13.08.2021 00:09:01.908,1.3809200000000001,1.3808200000000002,0.82,0.75
13.08.2021 00:09:02.060,1.3809200000000001,1.38083,0.1,0.75
13.08.2021 00:09:03.038,1.38094,1.38084,0.1,0.75
13.08.2021 00:09:03.140,1.3809500000000001,1.38084,0.1,0.75
13.08.2021 00:09:03.393,1.38094,1.3808600000000002,0.1,0.75
13.08.2021 00:09:03.701,1.3809500000000001,1.3808600000000002,0.1,1.5
13.08.2021 00:09:05.199,1.3809500000000001,1.38087,0.1,0.75
13.08.2021 00:09:07.607,1.3809600000000002,1.3808500000000001,0.1,1.5
13.08.2021 00:09:07.708,1.3809500000000001,1.3808799999999999,0.1,0.75
13.08.2021 00:09:07.810,1.38098,1.38087,0.1,0.75
13.08.2021 00:09:07.962,1.38097,1.38087,0.1,0.75
13.08.2021 00:09:09.113,1.3809600000000002,1.38087,0.82,1.5
13.08.2021 00:09:10.896,1.38097,1.3808500000000001,0.82,0.75
13.08.2021 00:09:10.997,1.3809600000000002,1.3808500000000001,0.75,0.75
13.08.2021 00:09:15.208,1.3809600000000002,1.38084,0.82,1.5
13.08.2021 00:09:15.540,1.38093,1.3808500000000001,0.1,1.5
13.08.2021 00:09:22.714,1.38094,1.3808500000000001,1.01,0.75
13.08.2021 00:09:22.921,1.38094,1.38084,1.01,1.57
13.08.2021 00:09:31.411,1.38094,1.3808600000000002,0.1,0.75
13.08.2021 00:09:31.513,1.3809600000000002,1.3808500000000001,0.82,0.75
13.08.2021 00:09:55.771,1.3809500000000001,1.38089,0.1,0.75
13.08.2021 00:09:55.878,1.38099,1.38091,0.1,0.75
13.08.2021 00:09:55.980,1.38099,1.38091,0.45,1.5
13.08.2021 00:09:56.082,1.381,1.38091,0.1,0.37
13.08.2021 00:09:56.133,1.38104,1.38094,0.82,0.75
13.08.2021 00:09:57.241,1.38103,1.3809600000000002,0.75,1.12
13.08.2021 00:09:57.608,1.38105,1.3809500000000001,0.82,1.12
13.08.2021 00:09:57.770,1.38105,1.3809600000000002,0.82,0.75
13.08.2021 00:09:57.872,1.3810600000000002,1.38097,0.82,1.12
13.08.2021 00:09:57.974,1.38105,1.38099,0.82,0.75
13.08.2021 00:09:58.672,1.38105,1.38098,0.82,1.12
13.08.2021 00:10:03.172,1.3810600000000002,1.38098,0.75,0.75
13.08.2021 00:10:03.273,1.3810700000000002,1.38098,0.82,1.12
13.08.2021 00:10:03.375,1.3810700000000002,1.38099,0.82,0.75
13.08.2021 00:10:04.339,1.3810700000000002,1.381,0.1,0.75
13.08.2021 00:10:04.440,1.3810700000000002,1.38101,1.57,0.75
13.08.2021 00:10:12.768,1.3810700000000002,1.381,0.82,0.94
13.08.2021 00:10:12.870,1.3810700000000002,1.38098,0.82,0.19
13.08.2021 00:10:13.259,1.3810600000000002,1.38098,0.75,0.19
13.08.2021 00:10:13.809,1.3810600000000002,1.381,0.75,0.19
13.08.2021 00:10:13.910,1.3810700000000002,1.381,0.82,0.19
13.08.2021 00:10:13.961,1.3811,1.38103,2.44,0.19
13.08.2021 00:10:14.012,1.38111,1.38103,0.82,0.19
13.08.2021 00:10:14.114,1.38111,1.38101,0.75,0.37
13.08.2021 00:10:15.858,1.38109,1.3810200000000001,0.75,0.37
13.08.2021 00:10:16.939,1.3811,1.3810200000000001,0.82,1.12
13.08.2021 00:10:17.041,1.3811200000000001,1.38103,0.82,2.62
13.08.2021 00:10:17.143,1.3811,1.3810200000000001,0.75,0.37
13.08.2021 00:10:18.910,1.3810700000000002,1.38097,0.75,0.94
13.08.2021 00:10:19.012,1.3810600000000002,1.38097,0.75,0.19
13.08.2021 00:10:21.210,1.38104,1.38097,0.75,0.37
13.08.2021 00:10:21.311,1.38105,1.3809500000000001,0.75,0.37
13.08.2021 00:10:21.463,1.38103,1.3809600000000002,0.75,0.37
13.08.2021 00:10:31.193,1.38103,1.3809500000000001,0.75,1.12
13.08.2021 00:10:31.295,1.38103,1.38094,0.75,2.7
13.08.2021 00:10:51.307,1.3810200000000001,1.38094,0.1,0.19
13.08.2021 00:10:51.565,1.38101,1.38093,0.82,0.19
13.08.2021 00:10:51.667,1.381,1.3809200000000001,0.75,0.19
13.08.2021 00:10:51.769,1.381,1.38091,0.75,0.26
13.08.2021 00:11:15.338,1.381,1.3809200000000001,0.82,0.19
13.08.2021 00:11:18.640,1.38101,1.3809200000000001,0.82,0.19
13.08.2021 00:11:18.742,1.3810200000000001,1.38093,0.82,0.19
13.08.2021 00:11:20.670,1.38101,1.38093,0.82,0.37
13.08.2021 00:11:21.381,1.381,1.38093,0.75,0.19
13.08.2021 00:11:24.402,1.38101,1.38093,0.82,0.19
13.08.2021 00:11:24.554,1.3810200000000001,1.38093,0.75,1.2
13.08.2021 00:11:48.400,1.3810200000000001,1.3809200000000001,0.82,1.95
13.08.2021 00:11:48.502,1.38101,1.3809200000000001,0.1,1.12
13.08.2021 00:11:49.803,1.381,1.3809200000000001,0.1,0.37
13.08.2021 00:11:50.634,1.381,1.38091,0.1,1.87
13.08.2021 00:11:53.676,1.381,1.3809200000000001,0.1,0.37
13.08.2021 00:11:54.149,1.38101,1.3809200000000001,0.75,1.12
13.08.2021 00:11:54.715,1.38103,1.38093,0.82,1.95
13.08.2021 00:11:54.867,1.38103,1.38094,0.82,1.12
13.08.2021 00:11:58.198,1.38105,1.3809600000000002,0.82,0.19
13.08.2021 00:11:58.299,1.38105,1.38097,0.82,0.94
13.08.2021 00:12:07.236,1.38105,1.38098,0.1,0.94
13.08.2021 00:12:08.237,1.3810700000000002,1.38097,1.57,0.94
13.08.2021 00:12:18.186,1.3810600000000002,1.38097,0.75,0.19
13.08.2021 00:12:22.034,1.38105,1.38097,0.75,0.37
13.08.2021 00:12:41.485,1.3810700000000002,1.38098,0.75,0.19
13.08.2021 00:12:41.587,1.38105,1.38099,0.75,0.19
13.08.2021 00:12:41.689,1.3810600000000002,1.38099,0.82,0.19
13.08.2021 00:12:42.479,1.38105,1.38098,0.75,0.19
13.08.2021 00:12:47.636,1.38105,1.3809600000000002,0.75,0.19
13.08.2021 00:12:47.737,1.38105,1.3809500000000001,0.75,0.19
13.08.2021 00:12:50.291,1.38105,1.38094,0.82,0.19
13.08.2021 00:12:56.265,1.38104,1.3809600000000002,0.75,0.19
13.08.2021 00:13:20.706,1.38105,1.3809600000000002,0.75,0.19
13.08.2021 00:13:20.869,1.3810600000000002,1.3809600000000002,0.82,0.19
13.08.2021 00:13:48.329,1.38103,1.38094,0.75,0.26
13.08.2021 00:13:48.430,1.38104,1.3809200000000001,0.82,0.1
13.08.2021 00:13:48.532,1.381,1.38091,0.75,0.45
13.08.2021 00:13:48.633,1.3810200000000001,1.3809,0.82,1.2
13.08.2021 00:13:48.735,1.3810200000000001,1.38091,0.82,0.75
13.08.2021 00:13:48.838,1.3810200000000001,1.3809200000000001,0.82,0.82
13.08.2021 00:13:48.940,1.3810200000000001,1.3809,1.57,0.45
13.08.2021 00:13:49.043,1.38099,1.3808799999999999,1.01,1.12
13.08.2021 00:13:49.145,1.3809500000000001,1.38087,0.1,0.19
13.08.2021 00:13:49.501,1.3809500000000001,1.3808600000000002,0.82,0.19
13.08.2021 00:13:52.694,1.38094,1.3808600000000002,0.1,0.19
13.08.2021 00:13:55.183,1.3809500000000001,1.3808600000000002,0.82,0.19
13.08.2021 00:13:56.377,1.3809500000000001,1.38087,0.1,0.19
13.08.2021 00:14:02.349,1.3809500000000001,1.3808799999999999,0.82,0.19
13.08.2021 00:14:03.987,1.3809600000000002,1.3808799999999999,0.82,0.19
13.08.2021 00:14:04.411,1.3809500000000001,1.3808799999999999,0.75,0.19
13.08.2021 00:14:10.070,1.3809600000000002,1.3808799999999999,0.82,0.19
13.08.2021 00:14:11.657,1.3809600000000002,1.38089,0.82,0.75
13.08.2021 00:14:11.708,1.38098,1.3809,1.2,0.19
13.08.2021 00:14:11.759,1.381,1.38091,0.1,0.19
13.08.2021 00:14:11.861,1.38101,1.3809500000000001,1.12,0.75
13.08.2021 00:14:11.912,1.38103,1.3809500000000001,8.25,0.75
13.08.2021 00:14:12.013,1.38104,1.38093,0.75,1.12
13.08.2021 00:14:12.115,1.38103,1.3809500000000001,0.75,0.75
13.08.2021 00:14:12.216,1.38104,1.38093,0.75,1.12
13.08.2021 00:14:13.647,1.38105,1.38093,0.75,1.12
13.08.2021 00:14:15.205,1.38104,1.38093,0.75,1.12
13.08.2021 00:14:18.085,1.38104,1.38094,0.75,0.37
13.08.2021 00:14:23.724,1.38105,1.3809500000000001,0.75,0.94
13.08.2021 00:14:23.827,1.3810600000000002,1.3809600000000002,0.75,0.94
13.08.2021 00:14:30.601,1.3810600000000002,1.38094,0.75,0.94
13.08.2021 00:14:30.702,1.38105,1.3809600000000002,0.75,0.75
13.08.2021 00:14:35.195,1.38105,1.38094,0.75,0.94
13.08.2021 00:14:48.622,1.38105,1.3809500000000001,0.75,0.94
13.08.2021 00:14:49.577,1.3810700000000002,1.38094,2.7,0.94
13.08.2021 00:15:02.157,1.38105,1.3809500000000001,1.39,0.75
13.08.2021 00:15:14.067,1.3810700000000002,1.3809500000000001,2.51,0.75
13.08.2021 00:15:15.548,1.38108,1.3809600000000002,1.5,0.75
13.08.2021 00:15:17.475,1.38108,1.3809500000000001,1.87,1.01
13.08.2021 00:15:22.040,1.3810700000000002,1.3809500000000001,0.75,0.94
13.08.2021 00:15:36.549,1.3810600000000002,1.3809500000000001,0.75,0.19
13.08.2021 00:15:36.842,1.38105,1.3809500000000001,0.75,1.01
13.08.2021 00:16:00.324,1.3810600000000002,1.3809600000000002,1.2,0.75
13.08.2021 00:16:23.545,1.3810700000000002,1.3809600000000002,1.2,0.75
13.08.2021 00:16:26.347,1.3810700000000002,1.38094,0.75,1.95
13.08.2021 00:16:27.321,1.38105,1.3809500000000001,0.1,1.5
13.08.2021 00:16:39.088,1.38105,1.3809600000000002,0.1,0.75
13.08.2021 00:16:53.915,1.38105,1.3809500000000001,0.1,1.5
13.08.2021 00:16:58.542,1.3810600000000002,1.3809500000000001,1.2,2.32
13.08.2021 00:17:07.120,1.3810700000000002,1.3809500000000001,1.12,0.75
13.08.2021 00:17:07.428,1.3810700000000002,1.38097,1.57,0.75
13.08.2021 00:17:07.681,1.3810700000000002,1.3809600000000002,1.2,0.94
13.08.2021 00:17:09.945,1.3810700000000002,1.38097,0.75,0.94
13.08.2021 00:17:23.838,1.3810600000000002,1.3809600000000002,0.82,0.19
13.08.2021 00:17:23.939,1.3810600000000002,1.3809500000000001,0.82,0.94
13.08.2021 00:17:31.601,1.3810600000000002,1.3809600000000002,0.75,0.94
13.08.2021 00:17:31.754,1.38108,1.3809500000000001,1.57,0.94
13.08.2021 00:17:34.440,1.3810600000000002,1.3809600000000002,0.75,0.19
13.08.2021 00:17:37.638,1.38105,1.3809600000000002,0.75,0.19
13.08.2021 00:17:47.668,1.38105,1.3809200000000001,0.75,1.76
13.08.2021 00:17:47.719,1.38103,1.38091,0.75,0.75
13.08.2021 00:17:47.820,1.3810200000000001,1.38091,0.82,1.87
13.08.2021 00:17:48.348,1.38101,1.38089,0.75,0.82
13.08.2021 00:17:56.134,1.38097,1.38087,0.75,0.19
13.08.2021 00:17:56.185,1.3809600000000002,1.3808600000000002,0.75,0.94
13.08.2021 00:17:58.219,1.3809500000000001,1.3808600000000002,0.75,0.19
13.08.2021 00:18:06.316,1.38094,1.3808500000000001,0.94,0.75
13.08.2021 00:18:18.418,1.3809500000000001,1.3808500000000001,0.82,0.19
13.08.2021 00:18:33.650,1.3809500000000001,1.38084,0.82,1.01
13.08.2021 00:18:33.936,1.38094,1.38084,0.1,0.94
13.08.2021 00:18:42.192,1.38093,1.3808200000000002,0.1,0.75
13.08.2021 00:18:42.344,1.3809200000000001,1.3808200000000002,0.1,0.75
13.08.2021 00:19:00.153,1.38093,1.38083,0.82,0.19
13.08.2021 00:19:03.131,1.38094,1.38084,0.82,0.75
13.08.2021 00:19:04.282,1.38094,1.3808500000000001,0.75,0.45
13.08.2021 00:19:04.383,1.3809600000000002,1.38084,1.5,0.45
13.08.2021 00:19:09.893,1.3809500000000001,1.38084,0.82,1.76
13.08.2021 00:19:50.478,1.3809600000000002,1.38084,0.82,0.19
13.08.2021 00:20:09.324,1.3809600000000002,1.38083,0.82,1.76
13.08.2021 00:20:34.633,1.38094,1.38084,0.1,1.5
13.08.2021 00:20:44.150,1.3809200000000001,1.3808200000000002,0.82,0.75
13.08.2021 00:20:47.658,1.3809,1.38081,1.2,0.94
13.08.2021 00:20:47.760,1.38094,1.38084,1.57,0.94
13.08.2021 00:20:49.497,1.38093,1.38084,0.75,0.94
13.08.2021 00:20:49.548,1.3808799999999999,1.3808,1.12,0.37
13.08.2021 00:20:49.599,1.3808799999999999,1.38077,0.75,8.06
13.08.2021 00:20:50.065,1.3808799999999999,1.38079,0.82,0.37
13.08.2021 00:20:50.166,1.38089,1.38079,0.1,1.12
13.08.2021 00:20:50.268,1.3809200000000001,1.3808,1.57,0.94
13.08.2021 00:20:53.360,1.3809200000000001,1.38081,0.1,0.75
13.08.2021 00:20:59.341,1.38093,1.38081,1.57,0.75
13.08.2021 00:20:59.442,1.38094,1.3808200000000002,1.57,0.94
13.08.2021 00:21:02.206,1.38089,1.38081,1.12,0.75
13.08.2021 00:21:02.308,1.38089,1.38079,1.95,0.94
13.08.2021 00:21:02.410,1.38089,1.38078,0.1,0.19
13.08.2021 00:21:02.866,1.3809,1.38078,1.2,0.19
13.08.2021 00:21:03.856,1.3809,1.38079,0.82,0.19
13.08.2021 00:21:03.907,1.3809200000000001,1.38083,3.82,0.37
13.08.2021 00:21:04.009,1.38094,1.3808200000000002,0.82,1.12
13.08.2021 00:21:19.190,1.38093,1.3808200000000002,0.1,0.94
13.08.2021 00:21:32.253,1.38093,1.38083,0.75,1.01
13.08.2021 00:21:32.354,1.38094,1.38084,2.32,0.94
13.08.2021 00:22:01.880,1.3809500000000001,1.38084,1.57,1.01
13.08.2021 00:22:15.705,1.3809500000000001,1.38083,0.75,1.01
13.08.2021 00:22:26.195,1.38094,1.38083,0.82,1.01
13.08.2021 00:22:42.162,1.3809600000000002,1.38091,1.5,0.37
13.08.2021 00:22:42.213,1.38101,1.38091,5.6,1.57
13.08.2021 00:22:42.264,1.38104,1.38094,0.75,0.19
13.08.2021 00:22:42.367,1.38104,1.3809500000000001,7.5,0.19
13.08.2021 00:22:42.469,1.3810600000000002,1.38094,2.32,0.19
13.08.2021 00:22:42.926,1.3810700000000002,1.38097,0.45,0.19
13.08.2021 00:22:42.977,1.38108,1.38098,1.57,1.01
13.08.2021 00:22:44.022,1.38108,1.38099,1.57,0.75
13.08.2021 00:22:44.461,1.38111,1.38103,0.45,0.19
13.08.2021 00:22:44.563,1.3811200000000001,1.38101,0.37,1.01
13.08.2021 00:22:44.665,1.38111,1.38103,0.37,0.75
13.08.2021 00:22:45.417,1.3811200000000001,1.38103,0.37,0.75
13.08.2021 00:22:46.152,1.38109,1.38098,1.5,1.2
13.08.2021 00:22:52.885,1.38111,1.3810200000000001,0.75,0.19
13.08.2021 00:22:52.988,1.38113,1.3810200000000001,0.1,0.75
13.08.2021 00:22:55.393,1.38113,1.38103,1.01,0.75
13.08.2021 00:22:59.746,1.38113,1.38104,0.1,0.75
13.08.2021 00:22:59.848,1.38115,1.38103,1.76,0.75
13.08.2021 00:22:59.950,1.38114,1.38103,0.1,0.75
13.08.2021 00:23:01.257,1.38114,1.38104,1.57,0.75
13.08.2021 00:23:15.451,1.38115,1.38104,2.32,1.12
13.08.2021 00:23:18.870,1.38115,1.38103,0.1,0.75
13.08.2021 00:23:21.000,1.38115,1.38104,0.1,0.75
13.08.2021 00:23:28.898,1.38115,1.38105,2.32,0.75
13.08.2021 00:23:32.706,1.3811600000000002,1.38105,1.57,0.75
13.08.2021 00:23:47.093,1.38114,1.3810600000000002,0.1,0.75
13.08.2021 00:23:55.762,1.3811600000000002,1.38105,1.57,0.75
13.08.2021 00:24:16.845,1.3811600000000002,1.38104,0.82,0.75
13.08.2021 00:24:30.291,1.38115,1.3810600000000002,0.82,0.75
13.08.2021 00:24:31.320,1.38114,1.3810600000000002,0.75,0.75
13.08.2021 00:25:01.316,1.38114,1.38105,0.75,0.94
13.08.2021 00:25:23.560,1.38113,1.38105,0.75,0.94
13.08.2021 00:25:24.100,1.38115,1.38104,0.75,0.94
13.08.2021 00:25:41.698,1.3811600000000002,1.38105,0.75,0.75
13.08.2021 00:25:47.224,1.3811600000000002,1.3810600000000002,0.75,0.75
13.08.2021 00:26:14.196,1.38115,1.3810600000000002,0.75,0.75
13.08.2021 00:26:36.984,1.3811700000000002,1.38105,2.32,0.75
13.08.2021 00:27:03.146,1.38115,1.3810600000000002,0.1,0.75
13.08.2021 00:27:03.992,1.38109,1.38104,0.75,0.75
13.08.2021 00:27:04.094,1.3811,1.38104,0.75,0.75
13.08.2021 00:27:04.195,1.3811200000000001,1.38105,0.75,0.75
13.08.2021 00:27:04.297,1.38114,1.38104,0.75,0.75
13.08.2021 00:27:09.942,1.38113,1.38104,0.75,0.75
13.08.2021 00:27:17.046,1.38113,1.38105,0.75,0.75
13.08.2021 00:27:31.871,1.38114,1.38105,0.1,0.75
13.08.2021 00:27:34.291,1.38115,1.38105,1.57,0.75
13.08.2021 00:28:00.168,1.3811600000000002,1.38105,0.82,0.75
13.08.2021 00:28:19.308,1.38115,1.3810700000000002,0.82,0.75
13.08.2021 00:28:24.107,1.3811600000000002,1.3810700000000002,0.82,0.75
13.08.2021 00:28:41.197,1.3811600000000002,1.3810600000000002,1.57,0.75
13.08.2021 00:29:04.479,1.3811600000000002,1.38103,0.82,0.75
13.08.2021 00:29:04.581,1.38114,1.38104,0.75,0.75
13.08.2021 00:29:05.138,1.38113,1.38104,0.1,0.75
13.08.2021 00:29:36.365,1.38114,1.38104,0.82,0.75
13.08.2021 00:29:36.839,1.38113,1.38104,0.1,0.75
13.08.2021 00:29:54.847,1.38114,1.38104,0.82,0.75
13.08.2021 00:30:16.603,1.38114,1.38103,0.1,0.75
13.08.2021 00:30:19.755,1.38115,1.38103,1.57,0.75
13.08.2021 00:30:54.888,1.38114,1.38105,0.75,0.82
13.08.2021 00:30:54.939,1.3811700000000002,1.3810700000000002,0.37,0.94
13.08.2021 00:30:54.990,1.3811900000000001,1.3810700000000002,1.12,1.12
13.08.2021 00:30:55.193,1.3811900000000001,1.38109,0.75,0.94
13.08.2021 00:30:55.592,1.3812,1.3811,1.5,0.75
13.08.2021 00:30:57.892,1.3812200000000001,1.38113,0.75,0.75
13.08.2021 00:30:57.994,1.38123,1.38113,0.75,0.94
13.08.2021 00:30:58.096,1.3811900000000001,1.38109,0.75,1.01
13.08.2021 00:30:58.198,1.38115,1.3810600000000002,0.75,0.1
13.08.2021 00:30:58.299,1.38115,1.38105,0.75,1.01
13.08.2021 00:31:02.347,1.3811700000000002,1.3810700000000002,0.75,1.2
13.08.2021 00:31:02.398,1.38118,1.38109,0.75,0.37
13.08.2021 00:31:04.310,1.38115,1.3810600000000002,0.75,0.19
13.08.2021 00:31:04.412,1.38114,1.3810600000000002,0.75,1.01
13.08.2021 00:31:04.513,1.38113,1.3810600000000002,0.75,1.01
13.08.2021 00:31:05.533,1.38113,1.38105,0.75,1.01
13.08.2021 00:31:06.368,1.3811200000000001,1.38104,0.75,0.75
13.08.2021 00:31:06.470,1.3811200000000001,1.38103,0.75,1.01
13.08.2021 00:31:11.794,1.38113,1.38103,0.75,0.94
13.08.2021 00:31:18.174,1.3811200000000001,1.38105,0.75,0.75
13.08.2021 00:31:28.381,1.38113,1.38103,0.75,0.94
13.08.2021 00:32:20.332,1.38114,1.38103,0.75,0.75
13.08.2021 00:32:24.722,1.38113,1.38105,0.75,0.75
13.08.2021 00:32:25.121,1.38113,1.38104,0.75,0.82
13.08.2021 00:32:29.330,1.38114,1.38104,0.75,0.82
13.08.2021 00:32:42.359,1.38114,1.38105,0.75,0.75
13.08.2021 00:32:50.424,1.38114,1.38104,0.75,0.75
13.08.2021 00:32:50.753,1.38115,1.38104,1.5,0.75
13.08.2021 00:32:58.531,1.38115,1.38105,2.25,0.82
13.08.2021 00:32:58.632,1.38114,1.38105,0.75,0.82
13.08.2021 00:32:58.784,1.3811600000000002,1.38111,0.75,0.75
13.08.2021 00:32:58.835,1.38118,1.3811,0.75,6
13.08.2021 00:32:58.886,1.3811900000000001,1.3811600000000002,7.5,0.19
13.08.2021 00:32:58.988,1.38124,1.38114,0.19,0.82
13.08.2021 00:32:59.039,1.38125,1.3811600000000002,0.75,0.19
13.08.2021 00:32:59.089,1.3812700000000002,1.3811600000000002,2.62,0.37
13.08.2021 00:32:59.191,1.3812700000000002,1.3812,0.75,0.82
13.08.2021 00:32:59.292,1.38128,1.3811900000000001,0.75,0.82
13.08.2021 00:33:07.149,1.38128,1.3812,0.37,0.1
13.08.2021 00:33:07.250,1.38131,1.3812200000000001,0.37,0.75
13.08.2021 00:33:07.403,1.38134,1.38123,0.75,0.75
13.08.2021 00:33:19.227,1.38134,1.38124,0.75,0.75
13.08.2021 00:33:19.328,1.38134,1.38125,0.37,0.75
13.08.2021 00:33:20.186,1.38135,1.38125,2.62,0.75
13.08.2021 00:33:51.772,1.38134,1.38124,1.5,0.75
13.08.2021 00:33:51.823,1.38128,1.3812200000000001,1.5,0.19
13.08.2021 00:33:51.874,1.3812700000000002,1.3811900000000001,0.75,1.57
13.08.2021 00:33:52.492,1.38131,1.3812200000000001,0.75,0.75
13.08.2021 00:33:52.645,1.38132,1.3812200000000001,0.75,0.75
13.08.2021 00:33:54.758,1.38132,1.38123,0.75,0.75
13.08.2021 00:34:01.211,1.38132,1.38124,0.75,0.75
13.08.2021 00:34:06.259,1.38134,1.38123,1.5,0.75
13.08.2021 00:34:25.805,1.38134,1.38124,1.5,0.75
13.08.2021 00:35:08.931,1.38133,1.38123,0.75,0.75
13.08.2021 00:35:11.621,1.38128,1.3811900000000001,0.75,1.12
13.08.2021 00:35:11.722,1.3812700000000002,1.3811900000000001,0.75,0.75
13.08.2021 00:35:14.471,1.3813,1.3811900000000001,0.75,0.75
13.08.2021 00:35:14.572,1.38131,1.3812200000000001,1.69,0.75
13.08.2021 00:35:20.209,1.38132,1.3812200000000001,0.75,0.75
13.08.2021 00:35:39.795,1.38132,1.38123,1.57,0.75
13.08.2021 00:35:39.897,1.38131,1.38121,0.75,0.75
13.08.2021 00:35:59.644,1.38131,1.3812200000000001,0.75,0.75
13.08.2021 00:35:59.745,1.38132,1.3812200000000001,1.57,0.75
13.08.2021 00:36:03.781,1.38133,1.3812200000000001,0.82,0.75
13.08.2021 00:36:03.832,1.38132,1.3811900000000001,1.57,0.75
13.08.2021 00:36:03.933,1.38131,1.3811900000000001,0.1,0.75
13.08.2021 00:36:15.898,1.3812900000000001,1.3811900000000001,0.75,0.75
13.08.2021 00:36:16.000,1.38128,1.3811900000000001,0.75,0.75
13.08.2021 00:36:21.938,1.3812900000000001,1.3811900000000001,1.87,1.12
13.08.2021 00:36:22.040,1.3812900000000001,1.3812,0.75,1.12
13.08.2021 00:36:23.847,1.3813,1.38121,0.75,0.75
13.08.2021 00:36:29.204,1.3813,1.3812200000000001,0.75,0.75
13.08.2021 00:36:44.389,1.3812600000000002,1.38118,0.75,0.75
13.08.2021 00:36:44.592,1.3812600000000002,1.3811900000000001,0.75,0.75
13.08.2021 00:36:56.195,1.3812600000000002,1.38118,0.75,0.75
13.08.2021 00:37:00.005,1.38128,1.38118,0.75,0.75
13.08.2021 00:37:00.939,1.38128,1.38121,0.75,0.75
13.08.2021 00:37:00.990,1.38131,1.38121,1.12,0.75
13.08.2021 00:37:03.228,1.3812700000000002,1.3811900000000001,0.75,1.12
13.08.2021 00:37:04.401,1.3813,1.3812200000000001,1.12,0.75
13.08.2021 00:37:04.869,1.38132,1.38121,0.75,0.75
13.08.2021 00:37:24.153,1.38132,1.3812200000000001,2.25,0.75
13.08.2021 00:37:32.496,1.38131,1.3812200000000001,0.75,0.75
13.08.2021 00:37:33.796,1.38131,1.38121,0.75,0.75
13.08.2021 00:37:59.348,1.3812900000000001,1.3811900000000001,0.75,1.57
13.08.2021 00:38:01.842,1.3812900000000001,1.38118,2.25,0.37
13.08.2021 00:38:01.943,1.3812600000000002,1.3811700000000002,0.75,0.75
13.08.2021 00:38:06.585,1.3812600000000002,1.3811900000000001,0.75,0.75
13.08.2021 00:38:06.687,1.3812700000000002,1.3811900000000001,0.75,0.75
13.08.2021 00:38:16.817,1.3812600000000002,1.3811900000000001,0.75,0.75
13.08.2021 00:38:19.368,1.3812600000000002,1.38118,0.75,0.75
13.08.2021 00:38:21.439,1.3812600000000002,1.3811900000000001,0.75,0.75
13.08.2021 00:38:28.861,1.3812700000000002,1.3811900000000001,0.75,0.75
13.08.2021 00:38:29.576,1.3812600000000002,1.3811900000000001,0.75,0.75
13.08.2021 00:38:30.894,1.38128,1.38118,0.75,0.75
13.08.2021 00:38:31.743,1.3812600000000002,1.3811900000000001,0.75,0.75
13.08.2021 00:38:40.376,1.38125,1.38118,0.75,0.75
13.08.2021 00:38:40.985,1.38125,1.3811900000000001,0.75,0.75
13.08.2021 00:38:52.182,1.3812700000000002,1.3811900000000001,0.75,0.75
13.08.2021 00:38:52.360,1.38128,1.3811900000000001,0.75,0.75
13.08.2021 00:38:53.174,1.38125,1.3811900000000001,0.75,0.75
13.08.2021 00:39:04.452,1.3812700000000002,1.38121,0.75,3.75
13.08.2021 00:39:04.503,1.38131,1.38123,0.75,0.75
13.08.2021 00:39:04.554,1.38132,1.38125,0.75,0.75
13.08.2021 00:39:05.747,1.38132,1.38123,1.5,0.75
13.08.2021 00:39:13.747,1.38131,1.3812200000000001,0.75,0.75
13.08.2021 00:39:52.869,1.38125,1.3811900000000001,0.75,1.12
13.08.2021 00:39:52.921,1.38124,1.3811700000000002,0.75,5.35
13.08.2021 00:40:10.174,1.3812200000000001,1.3811700000000002,0.75,0.19
13.08.2021 00:40:10.235,1.3812200000000001,1.38114,0.75,0.75
13.08.2021 00:40:10.286,1.3811700000000002,1.3811200000000001,0.75,0.75
13.08.2021 00:40:10.338,1.3811700000000002,1.38109,1.5,8.25
13.08.2021 00:40:10.389,1.3811700000000002,1.38111,0.75,0.75
13.08.2021 00:40:10.440,1.3811700000000002,1.3810600000000002,0.75,1.12
13.08.2021 00:40:10.541,1.3811700000000002,1.38111,0.75,0.37
13.08.2021 00:40:10.643,1.3811700000000002,1.3811,0.75,0.37
13.08.2021 00:40:10.744,1.3811600000000002,1.38109,0.75,0.75
13.08.2021 00:40:12.908,1.3811700000000002,1.3810700000000002,0.75,1.12
13.08.2021 00:40:21.254,1.38115,1.38108,0.75,0.37
13.08.2021 00:40:27.957,1.3811600000000002,1.3810600000000002,0.75,0.37
13.08.2021 00:40:28.059,1.38111,1.38104,0.75,0.37
13.08.2021 00:40:31.075,1.38111,1.38103,0.75,0.37
13.08.2021 00:40:32.946,1.3811200000000001,1.38101,1.5,0.75
13.08.2021 00:40:37.320,1.3811,1.3810200000000001,0.75,0.75
13.08.2021 00:40:42.601,1.3811200000000001,1.38101,1.5,0.75
13.08.2021 00:41:26.297,1.3811200000000001,1.3810200000000001,0.75,0.75
13.08.2021 00:41:33.687,1.3811200000000001,1.38103,0.75,1.5
13.08.2021 00:41:33.788,1.38111,1.38103,0.75,3
13.08.2021 00:41:57.991,1.38115,1.3811,0.75,0.19
13.08.2021 00:41:58.042,1.38118,1.3811,0.75,0.94
13.08.2021 00:41:58.093,1.3811900000000001,1.38111,1.5,1.12
13.08.2021 00:41:58.144,1.38118,1.38108,0.75,1.12
13.08.2021 00:41:59.475,1.3811600000000002,1.38109,0.75,1.12
13.08.2021 00:42:02.987,1.3811600000000002,1.38108,1.5,1.12
13.08.2021 00:42:04.322,1.38115,1.38108,0.75,0.37
13.08.2021 00:42:10.947,1.38113,1.3810700000000002,0.75,0.37
13.08.2021 00:42:17.647,1.38113,1.3810600000000002,0.75,0.37
13.08.2021 00:42:26.513,1.38109,1.38103,0.75,1.5
13.08.2021 00:42:26.666,1.3811,1.381,0.82,0.37
13.08.2021 00:42:26.716,1.38104,1.38099,0.75,8.25
13.08.2021 00:42:26.818,1.38104,1.38098,0.75,1.5
13.08.2021 00:42:26.920,1.3810600000000002,1.38099,0.75,0.37
13.08.2021 00:42:27.478,1.3810700000000002,1.3810200000000001,0.75,0.37
13.08.2021 00:42:28.489,1.38109,1.3810200000000001,0.75,0.37
13.08.2021 00:42:40.197,1.38108,1.3810200000000001,0.75,0.37
13.08.2021 00:42:40.300,1.3810700000000002,1.38098,0.75,1.5
13.08.2021 00:42:40.524,1.3810600000000002,1.38098,0.75,0.37
13.08.2021 00:42:44.046,1.3810600000000002,1.38097,0.75,0.37
13.08.2021 00:43:03.550,1.38105,1.38097,0.75,0.37
13.08.2021 00:43:07.874,1.381,1.3809500000000001,0.75,3.37
13.08.2021 00:43:15.260,1.38101,1.38097,0.75,0.19
13.08.2021 00:43:15.362,1.38103,1.38097,0.75,0.37
13.08.2021 00:43:15.463,1.38103,1.38098,0.75,0.37
13.08.2021 00:43:18.744,1.38104,1.38098,0.75,0.37
13.08.2021 00:43:23.546,1.38108,1.38099,0.75,4.39
13.08.2021 00:43:23.649,1.3810700000000002,1.38101,0.75,0.45
13.08.2021 00:43:23.751,1.38108,1.38101,0.75,0.45
13.08.2021 00:43:28.136,1.3810600000000002,1.38098,0.75,0.1
13.08.2021 00:43:28.237,1.38103,1.38098,0.75,0.37
13.08.2021 00:43:28.339,1.38101,1.3809600000000002,0.75,0.37
13.08.2021 00:43:30.218,1.38101,1.3809500000000001,0.75,0.37
13.08.2021 00:43:30.371,1.381,1.38093,0.75,0.37
13.08.2021 00:43:38.396,1.38099,1.38091,0.75,0.75
13.08.2021 00:44:01.485,1.38099,1.38093,0.75,1.5
13.08.2021 00:44:07.095,1.3810200000000001,1.3809200000000001,0.75,0.37
13.08.2021 00:44:53.174,1.3810200000000001,1.38093,0.75,0.37
13.08.2021 00:44:55.299,1.38101,1.38093,0.75,1.2
13.08.2021 00:44:56.115,1.38101,1.38094,0.75,0.45
13.08.2021 00:45:09.814,1.38101,1.38093,0.75,1.2
13.08.2021 00:45:16.418,1.38101,1.3809200000000001,0.75,1.2
13.08.2021 00:45:16.620,1.381,1.3809200000000001,0.75,0.37
13.08.2021 00:45:29.595,1.381,1.38091,0.75,0.75
13.08.2021 00:45:29.697,1.38098,1.38089,0.75,0.56
13.08.2021 00:45:29.799,1.3809200000000001,1.3808500000000001,0.75,7.5
13.08.2021 00:45:29.850,1.38091,1.38084,0.75,1.12
13.08.2021 00:45:31.151,1.3809,1.38084,0.75,0.37
13.08.2021 00:45:33.741,1.3809,1.38083,0.75,1.57
13.08.2021 00:45:43.044,1.38091,1.38083,0.75,1.31
13.08.2021 00:45:46.978,1.38091,1.38084,0.75,0.19
13.08.2021 00:45:54.297,1.38094,1.3808799999999999,1.5,3.37
13.08.2021 00:45:54.349,1.381,1.3809200000000001,0.75,0.75
13.08.2021 00:45:54.400,1.38101,1.3809200000000001,8.25,0.75
13.08.2021 00:45:54.503,1.38104,1.3809600000000002,1.5,0.19
13.08.2021 00:45:54.554,1.38105,1.38098,0.75,0.75
13.08.2021 00:45:54.606,1.38108,1.38097,1.5,2.06
13.08.2021 00:45:54.708,1.38108,1.38098,1.5,0.37
13.08.2021 00:45:54.911,1.3810700000000002,1.38098,0.75,0.75
13.08.2021 00:45:55.116,1.38108,1.38098,0.75,1.12
13.08.2021 00:46:01.595,1.3810600000000002,1.3809500000000001,0.75,3.82
13.08.2021 00:46:01.697,1.3810600000000002,1.3809600000000002,0.75,0.82
13.08.2021 00:46:01.850,1.3810700000000002,1.38099,2.25,1.31
13.08.2021 00:46:08.237,1.38108,1.38099,1.5,1.12
13.08.2021 00:46:20.125,1.3810600000000002,1.38097,1.5,0.37
13.08.2021 00:46:20.227,1.3810600000000002,1.3809600000000002,1.5,1.95
13.08.2021 00:46:21.775,1.38105,1.38098,1.5,0.94
13.08.2021 00:46:21.876,1.3811,1.3810200000000001,0.75,0.75
13.08.2021 00:46:26.777,1.38109,1.381,0.75,0.56
13.08.2021 00:46:26.878,1.38108,1.381,0.75,1.31
13.08.2021 00:46:47.417,1.3811,1.38101,0.75,0.75
13.08.2021 00:46:52.295,1.3811,1.3810200000000001,0.75,0.56
13.08.2021 00:46:54.843,1.38105,1.38098,0.75,0.37
13.08.2021 00:46:54.945,1.38104,1.38098,0.75,0.75
13.08.2021 00:46:55.047,1.38104,1.38097,0.75,0.82
13.08.2021 00:46:59.954,1.3811,1.38101,1.5,0.56
13.08.2021 00:47:00.056,1.3811,1.3810200000000001,1.5,0.56
13.08.2021 00:47:08.518,1.3810600000000002,1.38098,0.75,0.75
13.08.2021 00:47:08.619,1.38105,1.38098,0.75,0.75
13.08.2021 00:47:08.720,1.3810600000000002,1.3809600000000002,0.75,1.12
13.08.2021 00:47:09.484,1.3810600000000002,1.38099,0.75,0.56
13.08.2021 00:47:09.585,1.38109,1.38098,1.5,1.31
13.08.2021 00:47:16.897,1.3811,1.381,1.5,0.19
13.08.2021 00:47:19.323,1.38109,1.3810200000000001,0.75,0.56
13.08.2021 00:47:22.229,1.3811,1.3810200000000001,1.5,0.19
13.08.2021 00:47:31.961,1.38111,1.381,0.75,0.56
13.08.2021 00:47:33.961,1.38111,1.38101,1.5,1.69
13.08.2021 00:47:36.518,1.38111,1.381,0.75,1.69
13.08.2021 00:47:41.060,1.3811200000000001,1.381,1.5,2.81
13.08.2021 00:47:41.267,1.38111,1.3810200000000001,1.5,0.37
13.08.2021 00:47:41.369,1.3811200000000001,1.3810200000000001,1.5,0.37
13.08.2021 00:48:32.677,1.3811200000000001,1.38103,1.5,0.37
13.08.2021 00:48:41.625,1.38111,1.38103,1.5,2.62
13.08.2021 00:48:54.704,1.38111,1.38104,1.5,0.75
13.08.2021 00:48:54.970,1.38111,1.38103,1.5,2.06
13.08.2021 00:48:59.597,1.38111,1.38104,1.5,0.37
13.08.2021 00:49:02.603,1.38111,1.38103,0.75,1.69
13.08.2021 00:49:06.994,1.38111,1.3810200000000001,0.75,2.06
13.08.2021 00:49:12.640,1.38111,1.38101,0.75,1.87
13.08.2021 00:49:14.785,1.3811,1.38101,0.75,1.87
13.08.2021 00:49:15.497,1.38109,1.38101,0.75,1.87
13.08.2021 00:49:22.020,1.38108,1.38099,0.75,1.87
13.08.2021 00:49:22.172,1.38105,1.38098,0.75,0.37
13.08.2021 00:49:22.274,1.3810700000000002,1.38097,0.75,1.31
13.08.2021 00:49:22.375,1.3810700000000002,1.38098,0.75,0.75
13.08.2021 00:49:31.277,1.38105,1.38098,0.75,1.31
13.08.2021 00:49:39.049,1.3810700000000002,1.38099,0.75,0.37
13.08.2021 00:49:49.710,1.38109,1.38098,0.75,0.37
13.08.2021 00:49:51.474,1.38109,1.381,0.75,0.19
13.08.2021 00:49:51.576,1.38109,1.38099,0.75,1.31
13.08.2021 00:50:14.198,1.3810700000000002,1.381,0.75,1.31
13.08.2021 00:50:29.055,1.38109,1.38099,0.75,1.31
13.08.2021 00:50:34.498,1.3810700000000002,1.381,0.75,1.31
13.08.2021 00:50:38.246,1.38108,1.38098,0.75,1.12
13.08.2021 00:50:38.349,1.381,1.38094,0.19,0.75
13.08.2021 00:50:38.451,1.38097,1.3809200000000001,0.19,7.5
13.08.2021 00:50:38.552,1.3809600000000002,1.3808600000000002,0.75,0.75
13.08.2021 00:50:38.604,1.38091,1.3808500000000001,0.75,0.37
13.08.2021 00:50:38.706,1.38091,1.38084,0.75,1.31
13.08.2021 00:50:44.353,1.38093,1.3808799999999999,0.75,2.62
13.08.2021 00:50:44.404,1.38098,1.38091,1.5,0.37
13.08.2021 00:50:44.506,1.38098,1.38093,0.75,0.19
13.08.2021 00:50:44.658,1.38099,1.38093,0.75,0.19
13.08.2021 00:50:44.709,1.3810200000000001,1.3809600000000002,0.75,0.94
13.08.2021 00:50:44.811,1.38103,1.3809600000000002,0.75,4.87
13.08.2021 00:50:45.992,1.38105,1.38098,0.75,1.69
13.08.2021 00:50:46.094,1.3810700000000002,1.38097,0.75,2.06
13.08.2021 00:50:47.327,1.3810700000000002,1.38098,0.75,0.37
13.08.2021 00:50:51.694,1.38108,1.38098,0.75,0.37
13.08.2021 00:50:53.864,1.38105,1.38097,0.75,3.94
13.08.2021 00:50:53.965,1.3810600000000002,1.38097,0.75,0.56
13.08.2021 00:50:54.066,1.3810700000000002,1.38098,0.75,0.37
13.08.2021 00:50:54.226,1.38108,1.38098,0.75,0.37
13.08.2021 00:51:16.305,1.38105,1.38101,0.75,0.56
13.08.2021 00:51:16.407,1.3810700000000002,1.38099,0.75,1.12
13.08.2021 00:51:16.888,1.38108,1.38099,0.75,1.5
13.08.2021 00:51:20.218,1.38108,1.381,0.75,1.12
13.08.2021 00:51:21.868,1.3811,1.38099,1.5,1.12
13.08.2021 00:51:27.840,1.38108,1.381,0.75,1.12
13.08.2021 00:52:11.332,1.38108,1.38099,0.75,2.25
13.08.2021 00:52:13.812,1.38109,1.38099,0.75,0.37
13.08.2021 00:52:14.816,1.38108,1.38099,0.75,2.25
13.08.2021 00:52:23.963,1.38108,1.381,0.75,0.37
13.08.2021 00:52:24.014,1.38111,1.3810200000000001,0.75,0.37
13.08.2021 00:52:24.116,1.38111,1.38101,0.75,1.12
13.08.2021 00:52:37.468,1.38111,1.3810200000000001,0.75,0.75
13.08.2021 00:52:37.658,1.38111,1.38101,0.75,1.5
13.08.2021 00:52:41.048,1.38111,1.3810200000000001,0.75,0.37
13.08.2021 00:52:59.206,1.38111,1.38101,0.75,0.37
13.08.2021 00:52:59.917,1.38111,1.381,0.75,1.2
13.08.2021 00:53:00.018,1.38111,1.38101,0.75,1.2
13.08.2021 00:53:05.355,1.38111,1.381,0.75,1.5
13.08.2021 00:53:05.406,1.38108,1.38101,0.75,1.12
13.08.2021 00:53:05.507,1.38108,1.381,0.75,0.37
13.08.2021 00:53:18.237,1.38109,1.381,0.75,0.37
13.08.2021 00:53:21.403,1.38109,1.38099,0.75,1.5
13.08.2021 00:53:21.504,1.3810700000000002,1.38097,0.75,0.56
13.08.2021 00:53:27.086,1.38109,1.38097,0.75,1.31
13.08.2021 00:53:28.465,1.38108,1.38099,0.75,0.37
13.08.2021 00:53:55.040,1.38105,1.38097,0.75,1.87
13.08.2021 00:53:55.142,1.38105,1.3809500000000001,0.75,1.31
13.08.2021 00:53:55.243,1.3810600000000002,1.38097,0.75,0.19
13.08.2021 00:54:00.422,1.38105,1.38097,0.75,0.94
13.08.2021 00:54:02.406,1.3810700000000002,1.3809600000000002,0.75,0.94
13.08.2021 00:54:02.509,1.38105,1.38097,0.75,0.94
13.08.2021 00:54:02.961,1.3810700000000002,1.3809600000000002,0.75,0.94
13.08.2021 00:54:07.633,1.3810600000000002,1.3809500000000001,0.75,2.06
13.08.2021 00:54:25.912,1.38104,1.3809500000000001,0.75,0.75
13.08.2021 00:54:25.964,1.38105,1.3809600000000002,1.5,0.75
13.08.2021 00:54:26.015,1.38101,1.3809200000000001,0.75,0.37
13.08.2021 00:54:26.117,1.38097,1.3809200000000001,0.75,7.5
13.08.2021 00:54:26.168,1.3809500000000001,1.38084,0.75,4.87
13.08.2021 00:54:26.269,1.38094,1.38083,0.75,1.5
13.08.2021 00:54:27.225,1.38099,1.38089,0.75,2.81
13.08.2021 00:54:27.327,1.38097,1.38089,0.75,1.12
13.08.2021 00:54:27.428,1.38097,1.3808799999999999,0.75,0.75
13.08.2021 00:54:27.530,1.38094,1.3808500000000001,0.75,0.75
13.08.2021 00:54:27.581,1.38093,1.38083,0.75,1.57
13.08.2021 00:54:27.682,1.3809200000000001,1.3808200000000002,0.75,1.57
13.08.2021 00:54:28.381,1.3809200000000001,1.38081,0.75,1.57
13.08.2021 00:54:37.159,1.3809200000000001,1.3808200000000002,0.75,1.57
13.08.2021 00:54:39.039,1.38091,1.3808200000000002,0.75,0.82
13.08.2021 00:54:41.275,1.38093,1.38081,0.75,1.57
13.08.2021 00:54:41.377,1.38093,1.38083,1.5,0.75
13.08.2021 00:54:41.781,1.3809200000000001,1.38083,0.1,0.75
13.08.2021 00:54:45.542,1.38093,1.38081,0.82,0.82
13.08.2021 00:54:48.152,1.38094,1.3808200000000002,0.75,2.32
13.08.2021 00:54:48.785,1.38094,1.38084,1.57,0.75
13.08.2021 00:54:49.291,1.38093,1.38083,0.75,1.76
13.08.2021 00:54:51.921,1.3809200000000001,1.38083,0.75,0.75
13.08.2021 00:54:57.757,1.3809200000000001,1.3808200000000002,0.82,1.2
13.08.2021 00:55:01.029,1.38094,1.3808200000000002,1.5,1.5
13.08.2021 00:55:01.918,1.38097,1.38089,0.82,1.12
13.08.2021 00:55:02.475,1.38097,1.38087,0.75,1.69
13.08.2021 00:55:04.573,1.381,1.38091,0.1,0.75
13.08.2021 00:55:04.675,1.3810200000000001,1.3809,0.82,0.75
13.08.2021 00:55:04.829,1.381,1.3808799999999999,0.82,3.94
13.08.2021 00:55:04.931,1.38098,1.38089,0.75,0.75
13.08.2021 00:55:05.033,1.38099,1.38087,0.75,3
13.08.2021 00:55:06.422,1.381,1.3809,0.75,1.87
13.08.2021 00:55:11.949,1.381,1.38091,0.75,0.75
13.08.2021 00:55:12.051,1.38101,1.38091,0.75,2.44
13.08.2021 00:55:15.545,1.38101,1.3809200000000001,0.75,0.75
13.08.2021 00:55:15.804,1.3810200000000001,1.3809200000000001,0.75,0.75
13.08.2021 00:55:18.623,1.3810200000000001,1.38093,0.75,0.75
13.08.2021 00:55:18.724,1.38103,1.38093,0.75,0.75
13.08.2021 00:55:18.928,1.3810700000000002,1.38099,0.75,0.37
13.08.2021 00:55:18.979,1.3810600000000002,1.3809600000000002,0.75,0.75
13.08.2021 00:55:19.080,1.38105,1.3809600000000002,0.75,0.75
13.08.2021 00:55:28.659,1.38105,1.3809500000000001,0.75,1.5
13.08.2021 00:55:32.229,1.38109,1.381,3.75,1.12
13.08.2021 00:55:32.331,1.3810700000000002,1.38099,0.75,1.12
13.08.2021 00:55:32.433,1.38105,1.38098,0.75,2.06
13.08.2021 00:55:36.768,1.3811,1.381,0.82,1.31
13.08.2021 00:55:37.172,1.3811,1.38101,0.75,0.75
13.08.2021 00:55:38.693,1.3811,1.381,0.75,2.62
13.08.2021 00:55:39.128,1.38108,1.38098,0.75,0.75
13.08.2021 00:55:39.231,1.3810700000000002,1.38097,0.75,0.75
13.08.2021 00:55:41.384,1.38111,1.381,0.82,0.37
13.08.2021 00:55:41.486,1.3811,1.3810200000000001,0.75,0.75
13.08.2021 00:55:41.587,1.3811,1.38101,0.75,1.87
13.08.2021 00:55:42.392,1.38109,1.38101,0.75,0.75
13.08.2021 00:55:42.444,1.38104,1.38097,0.75,0.75
13.08.2021 00:55:42.494,1.38104,1.3809500000000001,0.75,0.75
13.08.2021 00:55:42.596,1.38104,1.38094,0.75,0.75
13.08.2021 00:55:42.697,1.38103,1.38094,0.75,1.5
13.08.2021 00:55:44.222,1.38105,1.3809500000000001,0.75,0.75
13.08.2021 00:55:50.574,1.38103,1.3809500000000001,0.75,1.12
13.08.2021 00:55:50.676,1.38104,1.38093,0.75,1.87
13.08.2021 00:55:52.966,1.38103,1.38093,0.75,1.5
13.08.2021 00:56:05.245,1.38103,1.3809200000000001,0.75,1.5
13.08.2021 00:56:18.074,1.38103,1.38093,0.75,0.19
13.08.2021 00:56:24.076,1.38104,1.38093,0.75,0.75
13.08.2021 00:56:24.197,1.38103,1.38093,0.75,0.94
13.08.2021 00:56:24.684,1.38103,1.3809200000000001,0.75,2.81
13.08.2021 00:56:26.383,1.38103,1.38091,0.75,2.06
13.08.2021 00:56:54.831,1.38103,1.3809200000000001,0.82,2.81
13.08.2021 00:57:07.229,1.38103,1.38091,0.1,2.81
13.08.2021 00:57:22.675,1.3810200000000001,1.38093,0.82,0.75
13.08.2021 00:57:25.367,1.3810200000000001,1.3809200000000001,0.82,1.87
13.08.2021 00:57:39.871,1.3810200000000001,1.38093,0.82,0.75
13.08.2021 00:57:40.011,1.38103,1.38091,0.82,1.87
13.08.2021 00:57:44.310,1.38103,1.3809200000000001,0.82,0.75
13.08.2021 00:57:45.059,1.38103,1.38091,0.82,1.87
13.08.2021 00:57:53.665,1.38103,1.38093,0.82,1.5
13.08.2021 00:57:54.019,1.38104,1.38093,0.75,1.5
13.08.2021 00:57:54.121,1.38105,1.38093,0.75,1.5
13.08.2021 00:58:00.189,1.38105,1.3809200000000001,0.75,3.07
13.08.2021 00:58:02.309,1.38103,1.38093,0.75,1.87
13.08.2021 00:58:08.082,1.38105,1.3809200000000001,1.2,2.25
13.08.2021 00:58:23.042,1.38104,1.3809200000000001,0.75,0.75
13.08.2021 00:58:27.448,1.38103,1.38094,0.82,0.75
13.08.2021 00:58:27.574,1.38103,1.38093,0.82,1.5
13.08.2021 00:58:39.962,1.38104,1.38093,1.2,2.25
13.08.2021 00:58:47.400,1.3810600000000002,1.38093,1.76,0.75
13.08.2021 00:58:47.501,1.38104,1.38094,0.75,0.75
13.08.2021 00:58:47.603,1.3810600000000002,1.38093,1.01,0.75
13.08.2021 00:58:57.372,1.38105,1.38093,0.75,0.75
13.08.2021 00:59:11.584,1.3810600000000002,1.38093,0.75,1.01
13.08.2021 00:59:25.294,1.3810700000000002,1.38093,1.39,1.76
13.08.2021 00:59:28.050,1.3810600000000002,1.3809600000000002,1.01,0.37
13.08.2021 00:59:28.153,1.38111,1.381,5.6,0.19
13.08.2021 00:59:28.256,1.3811,1.381,1.69,0.75
13.08.2021 00:59:28.358,1.3811,1.38099,0.94,1.69
13.08.2021 00:59:28.461,1.38109,1.38099,0.19,0.75
13.08.2021 00:59:28.563,1.38109,1.38098,0.94,1.5
13.08.2021 00:59:30.114,1.38108,1.38098,0.75,1.5
13.08.2021 00:59:44.174,1.3811,1.38098,1.69,0.94
13.08.2021 00:59:51.892,1.38109,1.38098,0.75,2.32
13.08.2021 00:59:58.894,1.38108,1.38098,0.75,1.57
13.08.2021 01:00:06.479,1.38111,1.38101,0.75,0.82
13.08.2021 01:00:06.580,1.38115,1.38103,0.75,1.5
13.08.2021 01:00:06.884,1.38114,1.38105,0.75,0.1
13.08.2021 01:00:08.030,1.38114,1.38104,0.75,1.69
13.08.2021 01:00:08.131,1.38115,1.38104,1.5,1.39
13.08.2021 01:00:08.486,1.38115,1.38103,0.75,1.69
13.08.2021 01:00:11.538,1.38115,1.38104,1.5,0.75
13.08.2021 01:00:11.640,1.38115,1.38103,0.75,1.69
13.08.2021 01:00:12.857,1.38114,1.3810700000000002,1.5,0.37
13.08.2021 01:00:15.066,1.3811600000000002,1.3810600000000002,0.75,0.37
13.08.2021 01:00:15.117,1.38115,1.38104,1.5,2.14
13.08.2021 01:00:15.219,1.38114,1.38105,0.75,0.82
13.08.2021 01:00:15.422,1.38114,1.38104,0.75,2.44
13.08.2021 01:00:15.575,1.38115,1.38104,0.75,0.75
13.08.2021 01:00:16.573,1.3811600000000002,1.38104,0.75,0.37
13.08.2021 01:00:16.676,1.38115,1.38104,0.75,0.37
13.08.2021 01:00:17.083,1.38115,1.38103,0.75,2.06
13.08.2021 01:00:17.667,1.38115,1.3810600000000002,1.5,0.37
13.08.2021 01:00:18.416,1.38113,1.3810700000000002,0.75,0.37
13.08.2021 01:00:18.670,1.38113,1.38105,1.5,0.37
13.08.2021 01:00:21.068,1.38113,1.38104,1.57,0.37
13.08.2021 01:00:27.762,1.38113,1.38105,1.5,0.1
13.08.2021 01:00:27.915,1.38113,1.38104,1.5,0.1
13.08.2021 01:00:29.390,1.3811200000000001,1.38104,0.75,0.1
13.08.2021 01:00:29.865,1.38113,1.38104,1.5,0.1
13.08.2021 01:00:45.362,1.3811200000000001,1.38104,0.75,0.1
13.08.2021 01:00:47.625,1.38113,1.38104,1.5,0.1
13.08.2021 01:00:48.048,1.38114,1.38105,0.75,0.1
13.08.2021 01:00:48.149,1.38114,1.3810600000000002,0.75,0.1
13.08.2021 01:00:50.462,1.38114,1.38104,0.75,0.1
13.08.2021 01:00:50.563,1.38113,1.38104,0.75,1.12
13.08.2021 01:00:54.347,1.38114,1.3810200000000001,0.75,0.82
13.08.2021 01:00:56.235,1.3811200000000001,1.38103,0.75,0.82
13.08.2021 01:00:58.738,1.3811200000000001,1.3810200000000001,0.75,0.1
13.08.2021 01:01:06.201,1.3811200000000001,1.38103,1.5,0.1
13.08.2021 01:01:43.348,1.38111,1.38103,0.75,0.1
13.08.2021 01:01:47.316,1.3811200000000001,1.38101,0.75,0.1
13.08.2021 01:01:59.391,1.3811200000000001,1.381,0.82,0.82
13.08.2021 01:01:59.542,1.38111,1.3810200000000001,0.75,0.1
13.08.2021 01:02:03.559,1.38111,1.381,0.75,0.75
13.08.2021 01:02:03.661,1.3811,1.381,0.75,0.45
13.08.2021 01:02:03.813,1.38111,1.38098,0.75,1.95
13.08.2021 01:02:03.914,1.3811,1.38097,0.75,0.82
13.08.2021 01:02:08.246,1.38108,1.38098,0.75,1.5
13.08.2021 01:02:15.777,1.38109,1.38098,0.75,1.5
13.08.2021 01:02:41.531,1.38105,1.38098,0.75,0.75
13.08.2021 01:02:41.582,1.38105,1.3809500000000001,1.57,0.1
13.08.2021 01:02:41.683,1.38104,1.3809500000000001,0.75,0.1
13.08.2021 01:02:41.785,1.38103,1.3809500000000001,0.75,0.1
13.08.2021 01:02:42.613,1.38104,1.38093,0.75,0.82
13.08.2021 01:02:43.073,1.38103,1.3809500000000001,0.75,0.1
13.08.2021 01:02:47.073,1.38104,1.38093,0.75,0.82
13.08.2021 01:02:47.174,1.38103,1.38093,0.75,0.94
13.08.2021 01:02:49.677,1.38104,1.38093,0.75,0.1
13.08.2021 01:02:51.622,1.38105,1.38093,0.1,1.01
13.08.2021 01:03:01.257,1.38104,1.3809200000000001,0.82,1.76
13.08.2021 01:03:19.022,1.3810200000000001,1.38093,0.75,0.75
13.08.2021 01:03:21.790,1.38103,1.38093,1.57,0.75
13.08.2021 01:03:22.017,1.38103,1.3809200000000001,1.57,1.39
13.08.2021 01:03:29.572,1.38103,1.38091,0.1,1.5
13.08.2021 01:03:37.908,1.38101,1.38091,0.75,1.5
13.08.2021 01:03:38.010,1.38097,1.3808799999999999,0.94,0.45
13.08.2021 01:03:38.113,1.38097,1.3808600000000002,0.1,0.75
13.08.2021 01:03:38.216,1.38097,1.3808600000000002,0.94,1.76
13.08.2021 01:04:03.331,1.38097,1.38084,0.1,1.5
13.08.2021 01:04:04.478,1.38097,1.3808600000000002,0.26,0.75
13.08.2021 01:04:24.141,1.38098,1.3808600000000002,0.75,0.75
13.08.2021 01:04:24.242,1.38098,1.38091,0.19,0.19
13.08.2021 01:04:24.293,1.3810200000000001,1.38091,1.12,1.01
13.08.2021 01:04:24.395,1.38101,1.3808799999999999,0.19,1.57
13.08.2021 01:04:29.194,1.38099,1.38089,0.75,0.94
13.08.2021 01:04:31.922,1.38101,1.3808799999999999,0.82,0.94
13.08.2021 01:04:33.688,1.38103,1.3809200000000001,1.95,0.1
13.08.2021 01:04:33.790,1.38104,1.3809200000000001,0.75,0.1
13.08.2021 01:04:38.194,1.38105,1.3809200000000001,1.95,0.1
13.08.2021 01:04:50.979,1.3810600000000002,1.3809500000000001,1.2,1.95
13.08.2021 01:04:56.195,1.3810600000000002,1.38094,0.75,0.45
13.08.2021 01:05:02.533,1.38105,1.3809600000000002,0.75,0.75
13.08.2021 01:05:02.635,1.38108,1.38101,0.37,0.19
13.08.2021 01:05:02.737,1.38109,1.381,0.82,0.75
13.08.2021 01:05:03.142,1.3811,1.38098,0.82,1.12
13.08.2021 01:05:05.176,1.38109,1.381,0.75,0.19
13.08.2021 01:05:05.279,1.3811,1.381,0.82,1.2
13.08.2021 01:05:10.186,1.3811,1.38099,0.82,0.94
13.08.2021 01:05:10.287,1.38108,1.38099,0.75,0.19
13.08.2021 01:05:39.371,1.3810700000000002,1.38099,0.75,0.26
13.08.2021 01:05:40.451,1.3810700000000002,1.38098,0.75,0.82
13.08.2021 01:05:40.552,1.38108,1.38098,0.82,0.82
13.08.2021 01:06:04.266,1.3810700000000002,1.3809500000000001,0.82,0.45
13.08.2021 01:06:04.368,1.38105,1.3809500000000001,0.82,1.01
13.08.2021 01:06:05.067,1.38104,1.3809500000000001,0.75,0.19
13.08.2021 01:06:08.127,1.38104,1.38094,0.75,0.19
13.08.2021 01:06:14.663,1.38104,1.38093,0.94,2.51
13.08.2021 01:06:23.146,1.38104,1.38094,0.75,0.75
13.08.2021 01:06:23.247,1.38105,1.38094,0.75,0.75
13.08.2021 01:06:32.849,1.38104,1.38094,0.75,0.75
13.08.2021 01:06:38.452,1.38104,1.38093,0.94,2.25
13.08.2021 01:06:39.584,1.3810200000000001,1.3809200000000001,0.19,2.32
13.08.2021 01:06:39.686,1.38103,1.38093,0.75,0.1
13.08.2021 01:06:39.838,1.38104,1.38091,1.01,2.32
13.08.2021 01:06:47.007,1.3810200000000001,1.3809200000000001,0.1,2.25
13.08.2021 01:06:48.836,1.38103,1.38093,0.1,0.75
13.08.2021 01:06:51.072,1.3810200000000001,1.38093,0.1,0.75
13.08.2021 01:07:03.140,1.38103,1.38093,0.82,0.75
13.08.2021 01:07:03.242,1.38103,1.38094,0.82,0.75
13.08.2021 01:07:10.031,1.38103,1.3809200000000001,0.82,1.5
13.08.2021 01:07:10.990,1.38103,1.38093,0.82,1.5
13.08.2021 01:07:33.286,1.38103,1.3809200000000001,0.75,0.75
13.08.2021 01:07:33.388,1.381,1.38091,0.82,1.12
13.08.2021 01:07:33.490,1.381,1.3809,0.82,1.95
13.08.2021 01:07:33.591,1.381,1.3808799999999999,0.75,2.06
13.08.2021 01:07:35.100,1.38101,1.3808799999999999,1.01,1.5
13.08.2021 01:07:36.256,1.3810200000000001,1.3809,0.82,0.37
13.08.2021 01:07:36.408,1.38101,1.38089,0.75,1.12
13.08.2021 01:07:37.428,1.38101,1.3808799999999999,0.82,1.87
13.08.2021 01:07:51.587,1.381,1.3808799999999999,0.75,0.75
13.08.2021 01:08:10.027,1.38097,1.3808600000000002,0.75,1.95
13.08.2021 01:08:10.129,1.38097,1.38087,0.82,1.2
13.08.2021 01:08:17.747,1.38094,1.3808500000000001,0.75,2.51
13.08.2021 01:08:17.850,1.3809600000000002,1.38084,0.82,1.39
13.08.2021 01:08:18.620,1.3809500000000001,1.38084,0.75,0.94
13.08.2021 01:08:21.612,1.38094,1.3808200000000002,0.1,2.25
13.08.2021 01:08:26.172,1.3809200000000001,1.3808200000000002,0.1,2.4
13.08.2021 01:08:27.159,1.38091,1.3808200000000002,0.1,1.57
13.08.2021 01:08:27.311,1.38091,1.3808,0.82,0.37
13.08.2021 01:08:27.413,1.38091,1.38078,1.2,1.5
13.08.2021 01:08:27.464,1.3808799999999999,1.38079,0.75,0.75
13.08.2021 01:08:27.515,1.3809,1.38079,1.2,3
13.08.2021 01:08:27.718,1.38089,1.38079,0.75,0.75
13.08.2021 01:08:27.820,1.38089,1.38078,0.75,1.5
13.08.2021 01:08:27.972,1.3808799999999999,1.38078,0.1,1.5
13.08.2021 01:08:31.532,1.3808500000000001,1.3807500000000001,0.1,1.95
13.08.2021 01:08:31.634,1.38087,1.38074,0.75,3.07
13.08.2021 01:08:32.870,1.3808799999999999,1.3807500000000001,0.82,0.75
13.08.2021 01:09:00.373,1.38087,1.38077,0.1,0.75
13.08.2021 01:09:04.061,1.38087,1.38078,0.19,0.75
13.08.2021 01:09:04.164,1.3808799999999999,1.3807600000000002,0.26,0.45
13.08.2021 01:09:04.266,1.38087,1.3807600000000002,0.26,1.39
13.08.2021 01:09:04.369,1.38087,1.38077,0.1,0.19
13.08.2021 01:09:04.573,1.3808799999999999,1.38077,1.01,0.19
13.08.2021 01:09:13.366,1.3808600000000002,1.3807600000000002,0.82,0.19
13.08.2021 01:09:17.001,1.3808600000000002,1.3807500000000001,1.76,0.19
13.08.2021 01:09:17.111,1.3808600000000002,1.38074,0.82,0.19
13.08.2021 01:09:17.741,1.38083,1.38074,0.1,0.94
13.08.2021 01:09:18.250,1.38084,1.3807200000000002,0.1,1.87
13.08.2021 01:09:27.833,1.3808200000000002,1.38073,0.1,0.94
13.08.2021 01:09:30.882,1.38077,1.38071,0.26,0.37
13.08.2021 01:09:31.010,1.3807500000000001,1.38066,0.1,0.45
13.08.2021 01:09:31.112,1.38074,1.3806500000000002,0.1,0.94
13.08.2021 01:09:31.263,1.38074,1.38064,0.1,0.94
13.08.2021 01:09:45.098,1.38073,1.38063,0.1,2.44
13.08.2021 01:10:01.512,1.38073,1.3806200000000002,0.1,0.19
13.08.2021 01:10:02.579,1.38074,1.3806200000000002,0.1,0.19
13.08.2021 01:10:02.680,1.38073,1.38064,0.1,0.94
13.08.2021 01:10:02.781,1.3807500000000001,1.38063,0.1,0.94
13.08.2021 01:10:16.115,1.38074,1.38063,0.1,1.69
13.08.2021 01:10:59.920,1.3807500000000001,1.38063,0.1,1.87
13.08.2021 01:11:00.293,1.38074,1.3806500000000002,0.1,0.75
13.08.2021 01:11:02.002,1.38073,1.38064,0.1,2.25
13.08.2021 01:11:06.698,1.38074,1.38064,0.1,1.5
13.08.2021 01:11:18.324,1.38073,1.38064,0.1,0.75
13.08.2021 01:11:18.425,1.38074,1.3806200000000002,0.1,0.75
13.08.2021 01:11:20.181,1.3807500000000001,1.3806200000000002,1.57,0.75
13.08.2021 01:11:36.462,1.38073,1.38063,0.1,0.75
13.08.2021 01:11:41.245,1.38074,1.38063,1.57,0.75
13.08.2021 01:11:46.797,1.38074,1.3806500000000002,1.57,0.75
13.08.2021 01:11:48.528,1.3807500000000001,1.3806500000000002,0.82,0.75
13.08.2021 01:11:52.571,1.3807500000000001,1.38066,0.1,0.75
13.08.2021 01:11:52.673,1.3807500000000001,1.38067,0.1,0.75
13.08.2021 01:11:52.890,1.3807600000000002,1.3806500000000002,0.1,0.75
13.08.2021 01:12:04.255,1.3807600000000002,1.38064,0.1,0.75
13.08.2021 01:12:23.552,1.3807500000000001,1.38064,0.1,0.75
13.08.2021 01:12:32.034,1.38074,1.38064,0.1,0.75
13.08.2021 01:12:37.996,1.3807500000000001,1.3806200000000002,0.82,1.5
13.08.2021 01:12:45.521,1.38073,1.38063,0.37,1.5
13.08.2021 01:12:51.194,1.3807200000000002,1.38063,0.1,1.5
13.08.2021 01:13:08.507,1.3807,1.38063,0.75,2.25
13.08.2021 01:13:10.941,1.3807,1.3806200000000002,0.75,1.5
13.08.2021 01:13:38.460,1.38071,1.3806200000000002,1.5,0.75
13.08.2021 01:13:38.662,1.3806500000000002,1.38059,0.75,0.75
13.08.2021 01:13:38.713,1.3806500000000002,1.3805500000000002,0.75,8.62
13.08.2021 01:13:38.764,1.3806100000000001,1.3805500000000002,1.5,7.5
13.08.2021 01:13:38.815,1.38058,1.3805200000000002,0.37,2.25
13.08.2021 01:13:38.916,1.38057,1.3805200000000002,0.75,0.75
13.08.2021 01:13:39.335,1.38059,1.3805100000000001,0.37,0.75
13.08.2021 01:13:39.437,1.38059,1.3805,0.37,1.5
13.08.2021 01:13:40.316,1.38057,1.3805100000000001,0.37,1.5
13.08.2021 01:13:41.329,1.38059,1.3805,0.37,1.5
13.08.2021 01:13:51.229,1.38059,1.38049,0.37,2.25
13.08.2021 01:13:51.332,1.38053,1.3804500000000002,0.75,1.57
13.08.2021 01:13:51.384,1.3805100000000001,1.3804400000000001,0.75,1.87
13.08.2021 01:13:51.486,1.3805200000000002,1.3804200000000002,0.75,7.5
13.08.2021 01:13:51.587,1.3805100000000001,1.3804200000000002,0.75,1.12
13.08.2021 01:13:55.399,1.3805100000000001,1.3804100000000001,1.5,2.81
13.08.2021 01:13:56.189,1.3805100000000001,1.3804,0.37,2.81
13.08.2021 01:13:58.168,1.3805200000000002,1.3804,1.87,2.06
13.08.2021 01:14:07.467,1.3804400000000001,1.38038,0.75,2.25
13.08.2021 01:14:07.570,1.3804200000000002,1.3803400000000001,0.75,7.87
13.08.2021 01:14:07.671,1.38043,1.3803400000000001,1.5,8.62
13.08.2021 01:14:12.520,1.38043,1.38039,0.75,1.12
13.08.2021 01:14:12.571,1.38049,1.38039,4.85,1.69
13.08.2021 01:14:12.672,1.3805200000000002,1.38039,2.32,2.51
13.08.2021 01:14:13.077,1.3805200000000002,1.3804,1.57,0.75
13.08.2021 01:14:31.027,1.3805200000000002,1.3804100000000001,1.57,2.7
13.08.2021 01:14:32.336,1.3805200000000002,1.3804200000000002,1.5,0.1
13.08.2021 01:14:35.152,1.3805200000000002,1.3804100000000001,0.75,0.1
13.08.2021 01:14:36.385,1.3805100000000001,1.3804100000000001,0.75,1.2
13.08.2021 01:14:44.063,1.3805,1.3804100000000001,0.75,0.1
13.08.2021 01:14:47.745,1.3805100000000001,1.3804100000000001,0.75,1.57
13.08.2021 01:14:47.847,1.3805100000000001,1.38043,0.75,0.45
13.08.2021 01:14:53.194,1.3805200000000002,1.38043,0.75,0.45
13.08.2021 01:15:01.867,1.3805100000000001,1.3804200000000002,0.75,2.25
13.08.2021 01:15:02.019,1.3805100000000001,1.3804100000000001,0.75,2.25
13.08.2021 01:15:02.120,1.38049,1.3804100000000001,0.75,0.75
13.08.2021 01:15:02.222,1.3805100000000001,1.38039,0.75,3.19
13.08.2021 01:15:02.323,1.3805100000000001,1.3804,0.75,0.19
13.08.2021 01:15:05.690,1.3805100000000001,1.3804100000000001,0.75,0.94
13.08.2021 01:15:07.172,1.3805200000000002,1.3804100000000001,0.75,0.1
13.08.2021 01:15:08.123,1.38053,1.3804100000000001,1.5,0.82
13.08.2021 01:15:26.180,1.38053,1.38043,0.75,0.75
13.08.2021 01:15:51.892,1.38054,1.38043,3.45,0.75
13.08.2021 01:15:51.993,1.38054,1.3804400000000001,0.75,1.5
13.08.2021 01:15:53.945,1.38058,1.3805,2.62,1.69
13.08.2021 01:15:54.047,1.3806,1.3805100000000001,0.19,0.75
13.08.2021 01:15:54.148,1.3806100000000001,1.3805100000000001,1.12,0.75
13.08.2021 01:15:54.249,1.38063,1.3805,1.57,0.94
13.08.2021 01:15:54.756,1.38063,1.3805200000000002,0.75,0.75
13.08.2021 01:16:00.985,1.38064,1.3805200000000002,1.69,0.75
13.08.2021 01:16:01.086,1.38064,1.38054,1.69,0.75
13.08.2021 01:16:02.026,1.38063,1.38054,0.75,0.75
13.08.2021 01:16:02.355,1.38064,1.38054,1.69,0.75
13.08.2021 01:16:04.217,1.3806500000000002,1.38054,1.76,1.12
13.08.2021 01:16:04.318,1.38066,1.38054,1.76,0.75
13.08.2021 01:16:23.228,1.3806500000000002,1.38054,1.76,0.75
13.08.2021 01:16:28.470,1.38064,1.38054,1.01,0.75
13.08.2021 01:16:28.573,1.38063,1.38054,1.01,0.75
13.08.2021 01:16:29.416,1.38063,1.3805200000000002,1.76,0.75
13.08.2021 01:16:32.624,1.3806200000000002,1.3805200000000002,0.1,0.75
13.08.2021 01:16:33.159,1.38063,1.3805200000000002,1.76,0.75
13.08.2021 01:16:34.802,1.38064,1.3805200000000002,1.57,1.12
13.08.2021 01:16:35.801,1.38063,1.38054,1.5,0.37
13.08.2021 01:16:36.508,1.3806500000000002,1.38053,0.82,1.12
13.08.2021 01:16:44.051,1.38066,1.38054,2.32,0.75
13.08.2021 01:16:55.831,1.3806500000000002,1.38053,0.75,1.31
13.08.2021 01:16:58.091,1.38066,1.38053,1.57,1.31
13.08.2021 01:17:08.757,1.3806500000000002,1.3805500000000002,0.82,0.75
13.08.2021 01:17:09.490,1.38067,1.38057,1.57,0.75
13.08.2021 01:17:09.621,1.38069,1.38057,1.01,0.75
13.08.2021 01:17:09.924,1.38068,1.38057,0.1,0.75
13.08.2021 01:17:10.574,1.38068,1.38058,1.76,0.75
13.08.2021 01:17:22.533,1.38069,1.38059,0.94,2.25
13.08.2021 01:17:22.635,1.38073,1.3806100000000001,1.69,0.82
13.08.2021 01:17:24.554,1.38074,1.3806200000000002,0.1,0.75
13.08.2021 01:17:24.656,1.38074,1.38063,2.32,0.82
13.08.2021 01:17:24.808,1.38074,1.3806200000000002,0.1,0.75
13.08.2021 01:17:31.678,1.3807200000000002,1.3806200000000002,0.75,0.82
13.08.2021 01:18:02.660,1.3807200000000002,1.38063,0.75,0.75
13.08.2021 01:18:02.761,1.3807200000000002,1.3806200000000002,0.75,0.82
13.08.2021 01:18:18.795,1.38074,1.3806100000000001,1.2,0.82
13.08.2021 01:18:24.416,1.38073,1.3806100000000001,0.1,0.75
13.08.2021 01:18:29.407,1.38073,1.3806200000000002,0.82,1.57
13.08.2021 01:18:29.509,1.38074,1.3806200000000002,0.1,0.75
13.08.2021 01:18:31.297,1.3807,1.3806100000000001,0.75,0.75
13.08.2021 01:18:31.399,1.3807,1.3806,0.75,0.75
13.08.2021 01:18:31.999,1.38071,1.38058,0.75,0.75
13.08.2021 01:18:41.711,1.38073,1.3806100000000001,0.75,0.82
13.08.2021 01:18:41.813,1.38073,1.3806200000000002,1.57,0.82
13.08.2021 01:18:44.101,1.38074,1.3806200000000002,0.75,0.1
13.08.2021 01:18:44.472,1.38073,1.38064,0.75,0.1
13.08.2021 01:18:54.802,1.38077,1.38069,1.01,1.12
13.08.2021 01:18:54.955,1.38079,1.38067,0.82,0.1
13.08.2021 01:19:04.203,1.38078,1.38069,0.75,0.1
13.08.2021 01:19:06.205,1.38078,1.38068,0.82,0.1
13.08.2021 01:19:11.181,1.38077,1.3806500000000002,0.82,0.1
13.08.2021 01:19:11.283,1.3807600000000002,1.38064,0.1,1.2
13.08.2021 01:19:11.917,1.38074,1.3806500000000002,0.75,0.1
13.08.2021 01:19:18.924,1.3807500000000001,1.3806500000000002,1.57,0.1
13.08.2021 01:19:23.977,1.38074,1.3806500000000002,0.75,0.1
13.08.2021 01:19:30.103,1.3807500000000001,1.38063,0.82,0.82
13.08.2021 01:20:03.295,1.38073,1.38064,0.75,0.1
13.08.2021 01:20:04.971,1.38073,1.38063,0.75,0.82
13.08.2021 01:20:06.178,1.38074,1.38063,0.75,0.1
13.08.2021 01:20:08.135,1.38073,1.38063,0.75,0.82
13.08.2021 01:20:22.198,1.38073,1.3806200000000002,0.37,0.82
13.08.2021 01:20:23.168,1.38073,1.38063,1.12,0.1
13.08.2021 01:20:47.373,1.38073,1.38064,0.75,0.1
13.08.2021 01:20:58.181,1.38074,1.3806200000000002,0.75,0.1
13.08.2021 01:21:16.223,1.38073,1.38064,1.87,0.1
13.08.2021 01:21:23.137,1.38073,1.38063,1.87,0.1
13.08.2021 01:21:23.866,1.3807200000000002,1.38063,0.37,0.1
13.08.2021 01:21:34.479,1.3807200000000002,1.38064,0.37,0.1
13.08.2021 01:21:35.038,1.3807200000000002,1.3806500000000002,0.37,0.1
13.08.2021 01:21:35.240,1.3807500000000001,1.3806500000000002,1.12,0.1
13.08.2021 01:21:36.232,1.38074,1.38064,0.37,0.1
13.08.2021 01:21:36.961,1.38074,1.38063,0.37,0.1
13.08.2021 01:21:38.653,1.38074,1.3806200000000002,0.37,0.82
13.08.2021 01:21:45.959,1.38074,1.38063,1.12,0.1
13.08.2021 01:21:46.384,1.38074,1.3806200000000002,1.12,0.82
13.08.2021 01:21:46.983,1.3807200000000002,1.38063,0.37,0.82
13.08.2021 01:21:55.881,1.38074,1.3806200000000002,0.75,0.82
13.08.2021 01:22:01.507,1.3807200000000002,1.3806200000000002,0.75,0.82
13.08.2021 01:22:01.929,1.38074,1.3806200000000002,0.82,0.75
13.08.2021 01:22:23.182,1.38074,1.38063,1.57,0.82
13.08.2021 01:22:32.479,1.38073,1.38063,0.75,0.1
13.08.2021 01:22:41.322,1.38071,1.38063,0.75,0.1
13.08.2021 01:22:47.908,1.3807200000000002,1.38063,0.75,0.1
13.08.2021 01:22:56.125,1.38074,1.38063,0.75,0.1
13.08.2021 01:22:57.866,1.38074,1.3806200000000002,0.82,0.1
13.08.2021 01:23:00.583,1.38073,1.3806200000000002,0.75,0.1
13.08.2021 01:23:06.866,1.38073,1.38063,0.82,0.1
13.08.2021 01:23:11.699,1.38073,1.38064,0.75,0.1
13.08.2021 01:23:14.430,1.38073,1.38063,0.82,0.1
13.08.2021 01:23:14.996,1.3807200000000002,1.38063,0.75,0.1
13.08.2021 01:24:09.914,1.38074,1.38063,0.75,0.1
13.08.2021 01:24:10.015,1.38074,1.3806500000000002,0.75,0.1
13.08.2021 01:24:11.494,1.38074,1.38064,0.82,0.26
13.08.2021 01:24:12.098,1.38073,1.38063,0.75,0.1
13.08.2021 01:24:12.351,1.38073,1.3806200000000002,0.75,0.26
13.08.2021 01:24:17.707,1.38073,1.38063,0.82,0.26
13.08.2021 01:24:36.186,1.38074,1.38064,0.82,0.1
13.08.2021 01:24:36.338,1.3807500000000001,1.3806500000000002,0.82,1.01
13.08.2021 01:24:41.615,1.3807500000000001,1.38066,0.1,0.19
13.08.2021 01:24:44.350,1.3807500000000001,1.3806500000000002,0.1,1.2
13.08.2021 01:24:44.704,1.3807600000000002,1.3806500000000002,0.1,0.19
13.08.2021 01:24:44.962,1.3807500000000001,1.3806500000000002,0.1,1.01
13.08.2021 01:24:53.117,1.3807500000000001,1.38066,0.82,0.19
13.08.2021 01:24:53.320,1.3807500000000001,1.38067,0.75,0.1
13.08.2021 01:24:57.183,1.3807600000000002,1.38067,2.25,0.1
13.08.2021 01:24:58.226,1.38079,1.38068,1.5,0.1
13.08.2021 01:24:58.328,1.38081,1.38073,1.5,0.1
13.08.2021 01:24:58.430,1.3808200000000002,1.3807500000000001,4.85,0.1
13.08.2021 01:24:58.480,1.3808500000000001,1.38074,1.87,0.1
13.08.2021 01:24:58.645,1.38084,1.38074,0.75,0.1
13.08.2021 01:24:58.746,1.38081,1.38074,1.5,0.1
13.08.2021 01:25:00.124,1.38083,1.38074,1.5,0.1
13.08.2021 01:25:00.225,1.38083,1.3807500000000001,1.5,0.1
13.08.2021 01:25:09.305,1.38083,1.3807600000000002,0.75,0.1
13.08.2021 01:25:09.407,1.3808500000000001,1.38077,0.75,0.1
13.08.2021 01:25:13.739,1.3808500000000001,1.38078,0.75,0.1
13.08.2021 01:25:13.840,1.3808600000000002,1.38078,0.75,0.1
13.08.2021 01:25:24.845,1.3808500000000001,1.38078,0.75,0.1
13.08.2021 01:25:24.997,1.3808600000000002,1.3807600000000002,0.75,0.1
13.08.2021 01:25:25.098,1.3808600000000002,1.3807500000000001,0.75,0.1
13.08.2021 01:25:25.301,1.3808500000000001,1.3807500000000001,0.75,0.1
13.08.2021 01:25:25.453,1.38084,1.3807500000000001,0.75,0.1
13.08.2021 01:25:30.922,1.38084,1.3807600000000002,0.75,0.1
13.08.2021 01:25:41.188,1.38084,1.3807500000000001,0.75,0.1
13.08.2021 01:25:42.788,1.38084,1.38077,0.75,0.1
13.08.2021 01:25:42.896,1.3808500000000001,1.38077,1.5,0.1
13.08.2021 01:25:43.250,1.38084,1.38077,0.75,0.1
13.08.2021 01:25:45.915,1.38091,1.3808200000000002,1.5,0.1
13.08.2021 01:25:46.018,1.3809200000000001,1.38083,0.75,0.1
13.08.2021 01:25:46.120,1.38093,1.3808600000000002,8.25,0.1
13.08.2021 01:25:47.137,1.38093,1.3808500000000001,0.75,0.1
13.08.2021 01:26:21.521,1.38094,1.3808500000000001,3,0.1
13.08.2021 01:26:24.639,1.38094,1.3808600000000002,3,0.1
13.08.2021 01:26:24.740,1.3809500000000001,1.38084,3.19,0.1
13.08.2021 01:26:27.909,1.38089,1.38081,1.5,0.1
13.08.2021 01:26:28.010,1.3809,1.38079,0.75,0.82
13.08.2021 01:26:28.112,1.3809,1.3808,0.75,0.75
13.08.2021 01:26:36.692,1.38094,1.38084,6.26,0.75
13.08.2021 01:26:36.895,1.38094,1.38083,2.44,0.82
13.08.2021 01:26:40.747,1.38094,1.38084,2.44,0.75
13.08.2021 01:26:42.867,1.38093,1.38084,2.44,0.82
13.08.2021 01:26:43.262,1.3809200000000001,1.38084,0.75,0.75
13.08.2021 01:26:43.364,1.38093,1.38084,0.75,0.75
13.08.2021 01:26:43.668,1.38093,1.3808500000000001,1.5,0.75
13.08.2021 01:26:43.877,1.3809200000000001,1.3808500000000001,0.37,0.82
13.08.2021 01:26:44.847,1.38094,1.38084,0.75,0.82
13.08.2021 01:26:49.976,1.38093,1.38084,1.12,0.75
13.08.2021 01:27:04.190,1.38083,1.3807600000000002,0.75,8.32
13.08.2021 01:27:04.347,1.38081,1.38077,0.75,7.5
13.08.2021 01:27:04.448,1.3808200000000002,1.3807500000000001,1.69,0.75
13.08.2021 01:27:12.640,1.38081,1.3807600000000002,0.75,0.75
13.08.2021 01:27:12.741,1.3808200000000002,1.3807600000000002,0.94,0.75
13.08.2021 01:27:13.650,1.38084,1.3807500000000001,2.44,0.75
13.08.2021 01:27:13.752,1.38083,1.38077,0.37,0.75
13.08.2021 01:27:14.219,1.38084,1.38077,0.75,0.75
13.08.2021 01:27:16.400,1.38084,1.38078,0.94,0.75
13.08.2021 01:27:16.502,1.38084,1.38079,0.19,0.75
13.08.2021 01:27:16.553,1.3808600000000002,1.38079,1.69,0.75
13.08.2021 01:27:21.671,1.3808600000000002,1.3808,0.19,0.75
13.08.2021 01:27:32.997,1.38087,1.3808,0.19,0.75
13.08.2021 01:27:48.584,1.38087,1.38081,1.69,0.75
13.08.2021 01:27:51.205,1.3808799999999999,1.38081,0.75,0.75
13.08.2021 01:27:52.444,1.3808799999999999,1.3808200000000002,0.75,0.75
13.08.2021 01:27:52.647,1.3808799999999999,1.38083,0.75,0.75
13.08.2021 01:27:52.748,1.38093,1.3808600000000002,3.82,0.75
13.08.2021 01:27:52.799,1.38094,1.38087,0.82,0.75
13.08.2021 01:27:52.901,1.38094,1.3808799999999999,0.75,0.75
13.08.2021 01:27:53.586,1.3809500000000001,1.3808799999999999,1.87,0.75
13.08.2021 01:28:09.527,1.3809500000000001,1.38087,1.12,0.75
13.08.2021 01:28:18.985,1.3809500000000001,1.3808600000000002,0.94,0.75
13.08.2021 01:28:19.189,1.3809500000000001,1.38087,2.25,0.75
13.08.2021 01:28:19.390,1.38094,1.38087,0.37,0.75
13.08.2021 01:28:20.391,1.3809600000000002,1.3808600000000002,2.62,0.75
13.08.2021 01:28:21.588,1.38094,1.38087,0.37,0.75
13.08.2021 01:28:24.589,1.3809500000000001,1.38087,2.62,0.75
13.08.2021 01:28:25.590,1.3809500000000001,1.3808600000000002,0.37,0.75
13.08.2021 01:28:26.590,1.3809500000000001,1.38087,2.62,0.75
13.08.2021 01:28:48.587,1.38094,1.38087,0.75,0.75
13.08.2021 01:29:13.495,1.38094,1.3808799999999999,0.75,0.75
13.08.2021 01:29:15.555,1.3809600000000002,1.38087,1.12,0.75
13.08.2021 01:29:34.756,1.3809500000000001,1.38087,0.75,0.75
13.08.2021 01:29:38.817,1.3809600000000002,1.38087,0.75,0.75
13.08.2021 01:29:39.145,1.38097,1.3809,0.37,0.75
13.08.2021 01:29:39.247,1.38097,1.38091,0.37,0.75
13.08.2021 01:29:39.690,1.38098,1.38091,1.12,0.75
13.08.2021 01:29:40.639,1.38098,1.3809200000000001,1.12,0.75
13.08.2021 01:29:44.861,1.38097,1.3808799999999999,2.25,0.75
13.08.2021 01:29:44.963,1.3809600000000002,1.3808799999999999,1.12,0.75
13.08.2021 01:29:54.021,1.38097,1.3808799999999999,1.12,0.75
13.08.2021 01:29:54.122,1.3809600000000002,1.3808799999999999,1.12,0.75
13.08.2021 01:29:56.468,1.38097,1.3808799999999999,1.12,0.75
13.08.2021 01:30:00.358,1.3809600000000002,1.3809,0.75,0.75
13.08.2021 01:30:00.460,1.3809600000000002,1.38089,0.75,0.75
13.08.2021 01:30:00.714,1.3809600000000002,1.3808799999999999,0.75,0.75
13.08.2021 01:30:00.917,1.38097,1.3808799999999999,0.75,0.75
13.08.2021 01:30:01.020,1.38097,1.38087,0.75,0.75
13.08.2021 01:30:01.122,1.3809600000000002,1.38089,0.75,0.75
13.08.2021 01:30:01.375,1.38097,1.38087,0.75,0.75
13.08.2021 01:30:01.476,1.3809600000000002,1.38089,0.75,0.75
13.08.2021 01:30:01.578,1.38097,1.38087,0.75,0.75
13.08.2021 01:30:02.396,1.38097,1.3808799999999999,0.75,0.75
13.08.2021 01:30:02.497,1.38097,1.38087,0.75,0.75
13.08.2021 01:30:06.463,1.3809600000000002,1.38089,0.75,0.75
13.08.2021 01:30:06.666,1.38097,1.38087,0.75,0.75
13.08.2021 01:30:09.657,1.38099,1.38093,1.12,0.75
13.08.2021 01:30:09.709,1.3810200000000001,1.3809500000000001,0.75,0.75
13.08.2021 01:30:09.810,1.38101,1.38097,0.75,0.75
13.08.2021 01:30:09.912,1.3810200000000001,1.38097,0.37,0.75
13.08.2021 01:30:10.661,1.38103,1.38097,1.12,0.75
13.08.2021 01:30:13.899,1.38103,1.3809600000000002,0.37,0.75
13.08.2021 01:30:16.861,1.38105,1.3809600000000002,1.12,0.75
13.08.2021 01:30:31.518,1.38104,1.38098,0.75,0.75
13.08.2021 01:30:31.569,1.3810700000000002,1.38097,1.87,0.75
13.08.2021 01:30:31.825,1.3810700000000002,1.38099,1.12,0.75
13.08.2021 01:30:31.928,1.38108,1.381,1.12,0.75
13.08.2021 01:30:32.191,1.38109,1.38103,0.19,0.75
13.08.2021 01:30:32.242,1.38111,1.38105,0.75,0.75
13.08.2021 01:30:32.343,1.38113,1.3810700000000002,0.75,0.75
13.08.2021 01:30:32.546,1.38111,1.3810700000000002,0.37,0.75
13.08.2021 01:30:35.541,1.38111,1.3810600000000002,0.37,0.94
13.08.2021 01:30:35.592,1.3811600000000002,1.3810700000000002,0.75,0.75
13.08.2021 01:30:35.997,1.38115,1.38109,0.75,0.75
13.08.2021 01:30:36.098,1.3811600000000002,1.3810700000000002,0.75,0.75
13.08.2021 01:30:36.465,1.3811600000000002,1.3810600000000002,0.75,0.75
13.08.2021 01:30:36.568,1.38115,1.38108,0.75,0.75
13.08.2021 01:30:38.103,1.3811200000000001,1.3810700000000002,0.37,0.75
13.08.2021 01:30:39.578,1.38115,1.3810600000000002,0.75,0.75
13.08.2021 01:30:46.919,1.38115,1.3810700000000002,1.12,0.75
13.08.2021 01:30:58.828,1.3811600000000002,1.3810700000000002,1.12,0.75
13.08.2021 01:30:58.929,1.3811600000000002,1.38108,1.12,0.75
13.08.2021 01:30:59.915,1.3811700000000002,1.38108,1.12,0.75
13.08.2021 01:31:00.016,1.3811700000000002,1.3810700000000002,0.75,0.75
13.08.2021 01:31:00.118,1.3811600000000002,1.38109,0.75,0.75
13.08.2021 01:31:00.270,1.3811600000000002,1.3811200000000001,0.75,0.75
13.08.2021 01:31:00.371,1.38121,1.38111,0.37,0.94
13.08.2021 01:31:00.422,1.38121,1.38114,1.87,0.75
13.08.2021 01:31:00.574,1.38123,1.3811700000000002,1.31,0.75
13.08.2021 01:31:06.906,1.38123,1.3811600000000002,1.12,0.75
13.08.2021 01:31:10.868,1.38124,1.3811600000000002,2.06,0.75
13.08.2021 01:31:16.099,1.38124,1.38115,0.19,0.75
13.08.2021 01:31:16.239,1.38124,1.3811600000000002,2.06,0.75
13.08.2021 01:31:20.475,1.38124,1.38115,0.19,0.75
13.08.2021 01:31:23.362,1.38125,1.38115,1.31,0.75
13.08.2021 01:31:24.984,1.38123,1.3811600000000002,0.19,0.75
13.08.2021 01:31:31.548,1.38123,1.38115,0.19,0.75
13.08.2021 01:31:31.909,1.3811700000000002,1.38111,0.37,0.94
13.08.2021 01:31:31.960,1.38118,1.3810700000000002,0.56,0.75
13.08.2021 01:31:38.314,1.38118,1.3810600000000002,2.06,0.75
13.08.2021 01:31:38.517,1.3811700000000002,1.38108,1.31,0.75
13.08.2021 01:31:39.025,1.38118,1.38108,1.12,0.75
13.08.2021 01:31:39.380,1.38118,1.3810700000000002,1.12,0.75
13.08.2021 01:31:39.481,1.3811700000000002,1.38108,0.37,0.75
13.08.2021 01:31:42.045,1.3811600000000002,1.38108,0.37,0.75
13.08.2021 01:31:46.968,1.3811700000000002,1.3810600000000002,0.37,0.75
13.08.2021 01:32:09.316,1.38109,1.3810600000000002,0.75,0.75
13.08.2021 01:32:09.367,1.3810700000000002,1.38101,0.56,7.5
13.08.2021 01:32:09.419,1.38105,1.38097,0.19,1.5
13.08.2021 01:32:09.520,1.38104,1.38094,2.81,0.82
13.08.2021 01:32:09.672,1.38103,1.38094,0.37,0.75
13.08.2021 01:32:17.757,1.3810600000000002,1.38101,2.25,0.75
13.08.2021 01:32:17.859,1.38108,1.38099,5.6,0.82
13.08.2021 01:32:17.960,1.38105,1.38098,0.19,0.1
13.08.2021 01:32:18.062,1.38105,1.38099,0.75,0.75
13.08.2021 01:32:18.164,1.38109,1.38101,0.75,0.75
13.08.2021 01:32:18.215,1.38104,1.381,0.75,0.75
13.08.2021 01:32:18.266,1.38104,1.38098,0.75,0.75
13.08.2021 01:32:23.593,1.38104,1.38097,1.12,0.75
13.08.2021 01:32:41.364,1.38105,1.3809500000000001,1.12,0.94
13.08.2021 01:32:44.220,1.3810200000000001,1.38093,0.94,0.82
13.08.2021 01:32:44.322,1.38104,1.38093,0.75,0.75
13.08.2021 01:32:46.868,1.38099,1.38091,1.87,0.75
13.08.2021 01:32:46.970,1.38099,1.3809200000000001,1.12,0.75
13.08.2021 01:32:47.072,1.38101,1.38091,0.75,0.75
13.08.2021 01:32:48.391,1.38104,1.38094,1.12,0.75
13.08.2021 01:32:48.594,1.38104,1.3809500000000001,2.66,0.75
13.08.2021 01:33:00.310,1.38104,1.38093,0.75,0.75
13.08.2021 01:33:04.565,1.38103,1.3809500000000001,0.75,0.37
13.08.2021 01:33:04.769,1.38103,1.38094,0.75,0.75
13.08.2021 01:33:05.478,1.38104,1.38094,0.75,0.19
13.08.2021 01:33:21.900,1.38104,1.38093,0.75,1.57
13.08.2021 01:33:22.001,1.38103,1.3809500000000001,0.75,0.19
13.08.2021 01:33:26.194,1.3810200000000001,1.3809500000000001,0.75,0.19
13.08.2021 01:33:26.977,1.38103,1.38093,0.75,0.82
13.08.2021 01:33:59.345,1.38104,1.38093,0.75,1.5
13.08.2021 01:34:35.305,1.38105,1.38094,1.5,0.75
13.08.2021 01:34:45.249,1.38103,1.38099,0.37,0.1
13.08.2021 01:34:45.300,1.38104,1.38097,0.94,0.75
13.08.2021 01:34:45.401,1.38105,1.38094,3.56,2.25
13.08.2021 01:34:47.417,1.38104,1.38094,0.75,0.75
13.08.2021 01:34:55.628,1.38103,1.38094,0.75,1.57
13.08.2021 01:35:03.067,1.38103,1.38093,0.75,1.57
13.08.2021 01:35:04.526,1.3809600000000002,1.3808799999999999,1.5,5.27
13.08.2021 01:35:04.627,1.3809600000000002,1.38087,1.12,0.75
13.08.2021 01:35:04.880,1.3809500000000001,1.38087,0.75,0.75
13.08.2021 01:35:11.818,1.3809500000000001,1.3808600000000002,0.75,0.94
13.08.2021 01:35:11.920,1.3809600000000002,1.38087,1.12,0.82
13.08.2021 01:35:12.022,1.3809600000000002,1.3808600000000002,0.75,0.82
13.08.2021 01:35:12.123,1.3809600000000002,1.38087,0.75,0.82
13.08.2021 01:35:12.224,1.3809500000000001,1.3808600000000002,0.75,1.01
13.08.2021 01:35:15.132,1.3809500000000001,1.38087,0.75,0.82
13.08.2021 01:35:15.233,1.3809500000000001,1.3808600000000002,0.75,1.01
13.08.2021 01:35:15.385,1.3809500000000001,1.38087,0.75,0.75
13.08.2021 01:35:16.423,1.3809600000000002,1.3808500000000001,0.75,1.01
13.08.2021 01:35:21.104,1.3809600000000002,1.3808600000000002,0.75,0.75
13.08.2021 01:35:22.848,1.38097,1.3808600000000002,0.75,0.75
13.08.2021 01:35:23.818,1.3809600000000002,1.3808500000000001,0.75,1.01
13.08.2021 01:35:23.919,1.3809600000000002,1.38087,0.75,0.75
13.08.2021 01:35:26.673,1.38094,1.3808600000000002,0.75,1.01
13.08.2021 01:35:34.874,1.38098,1.3809,0.37,1.01
13.08.2021 01:35:34.976,1.381,1.3809200000000001,0.75,0.1
13.08.2021 01:35:35.491,1.38101,1.3809200000000001,0.75,0.1
13.08.2021 01:35:55.245,1.38101,1.38093,0.75,0.1
13.08.2021 01:36:08.746,1.381,1.38093,0.75,0.1
13.08.2021 01:36:15.843,1.3810200000000001,1.38091,0.75,1.57
13.08.2021 01:36:22.036,1.381,1.3809200000000001,0.75,0.1
13.08.2021 01:36:23.001,1.38098,1.3809,1.12,0.75
13.08.2021 01:36:23.052,1.3809600000000002,1.38087,0.75,0.45
13.08.2021 01:36:23.103,1.3809500000000001,1.3808500000000001,0.75,8.25
13.08.2021 01:36:24.572,1.38094,1.3808500000000001,0.75,1.12
13.08.2021 01:36:25.184,1.38093,1.38084,0.75,1.95
13.08.2021 01:36:29.792,1.38094,1.38084,0.75,0.19
13.08.2021 01:36:29.894,1.38093,1.38084,0.75,0.94
13.08.2021 01:36:46.604,1.3809500000000001,1.38084,0.75,0.75
13.08.2021 01:36:48.244,1.38094,1.38083,0.75,1.01
13.08.2021 01:36:49.263,1.3809200000000001,1.38083,0.75,1.01
13.08.2021 01:36:49.651,1.38093,1.38084,3.19,1.01
13.08.2021 01:37:01.004,1.38093,1.3808500000000001,0.75,0.1
13.08.2021 01:37:01.307,1.38093,1.38084,0.75,1.01
13.08.2021 01:37:01.408,1.38094,1.38084,0.75,0.1
13.08.2021 01:37:08.443,1.3809500000000001,1.3808500000000001,0.75,0.1
13.08.2021 01:37:09.506,1.38094,1.3808500000000001,0.75,0.1
13.08.2021 01:37:10.902,1.38094,1.38084,0.75,0.1
13.08.2021 01:37:18.241,1.38094,1.3808500000000001,0.75,0.82
13.08.2021 01:37:21.076,1.38098,1.38087,1.12,0.82
13.08.2021 01:37:24.816,1.3809500000000001,1.3808500000000001,0.75,0.1
13.08.2021 01:37:24.918,1.38094,1.3808500000000001,0.75,0.82
13.08.2021 01:37:27.536,1.38093,1.3808500000000001,0.75,0.1
13.08.2021 01:37:27.735,1.38093,1.38084,0.75,0.82
13.08.2021 01:37:50.972,1.3809200000000001,1.38084,0.75,0.1
13.08.2021 01:38:02.398,1.38087,1.38081,3,0.75
13.08.2021 01:38:02.449,1.3808600000000002,1.38077,0.75,5.35
13.08.2021 01:38:02.551,1.38084,1.3807500000000001,0.75,7.57
13.08.2021 01:38:02.703,1.3808600000000002,1.38077,1.5,0.75
13.08.2021 01:38:03.058,1.3808600000000002,1.3807600000000002,1.5,0.75
13.08.2021 01:38:03.160,1.3808600000000002,1.38077,1.95,0.75
13.08.2021 01:38:03.666,1.38087,1.38078,1.95,0.75
13.08.2021 01:38:05.419,1.38087,1.38079,0.37,0.75
13.08.2021 01:38:05.520,1.38089,1.3808200000000002,1.2,0.26
13.08.2021 01:38:05.571,1.38091,1.38083,1.12,0.19
13.08.2021 01:38:05.622,1.38094,1.38084,8.68,0.1
13.08.2021 01:38:05.673,1.38094,1.38089,0.82,0.75
13.08.2021 01:38:06.319,1.3809500000000001,1.38089,3.64,0.75
13.08.2021 01:38:06.793,1.38094,1.3808799999999999,1.5,0.75
13.08.2021 01:38:06.895,1.3809500000000001,1.3808799999999999,1.5,0.75
13.08.2021 01:38:08.127,1.38093,1.38089,1.5,0.75
13.08.2021 01:38:08.848,1.38094,1.38089,1.5,0.75
13.08.2021 01:38:10.904,1.38093,1.38089,0.75,0.75
13.08.2021 01:38:11.005,1.38093,1.3808799999999999,1.5,0.75
13.08.2021 01:38:11.161,1.38094,1.3808799999999999,1.95,0.75
13.08.2021 01:38:11.610,1.38094,1.38087,1.5,0.75
13.08.2021 01:38:11.711,1.38094,1.3808799999999999,1.95,0.75
13.08.2021 01:38:11.879,1.38093,1.3808799999999999,0.75,0.75
13.08.2021 01:38:11.980,1.38094,1.3808799999999999,1.95,0.75
13.08.2021 01:38:13.530,1.38094,1.38087,1.5,0.75
13.08.2021 01:38:13.632,1.38091,1.38087,1.5,0.75
13.08.2021 01:38:13.785,1.38091,1.3808600000000002,1.5,0.75
13.08.2021 01:38:13.886,1.3809200000000001,1.3808600000000002,1.69,0.75
13.08.2021 01:38:14.369,1.3809200000000001,1.3808500000000001,1.87,0.75
13.08.2021 01:38:18.955,1.3809200000000001,1.3808600000000002,0.75,0.75
13.08.2021 01:38:19.057,1.38093,1.38087,0.75,0.75
13.08.2021 01:38:19.159,1.38094,1.3808799999999999,0.37,0.75
13.08.2021 01:38:24.717,1.3809500000000001,1.3808799999999999,0.37,0.75
13.08.2021 01:38:28.782,1.38097,1.3808799999999999,0.94,0.75
13.08.2021 01:38:28.883,1.38097,1.38089,0.37,0.75
13.08.2021 01:38:28.985,1.38097,1.38091,0.37,0.75
13.08.2021 01:38:30.045,1.381,1.38091,1.57,0.75
13.08.2021 01:38:31.169,1.3810200000000001,1.38094,1.01,0.75
13.08.2021 01:38:31.271,1.38101,1.38094,1.01,0.75
13.08.2021 01:38:31.372,1.38101,1.38093,0.19,0.75
13.08.2021 01:38:33.704,1.38101,1.3809200000000001,0.19,0.75
13.08.2021 01:38:37.713,1.38101,1.38093,0.94,0.75
13.08.2021 01:38:42.348,1.38103,1.3809600000000002,1.69,0.75
13.08.2021 01:38:44.885,1.3810700000000002,1.38097,1.31,0.19
13.08.2021 01:38:44.987,1.3810600000000002,1.38097,0.37,0.75
13.08.2021 01:38:45.139,1.3810600000000002,1.38098,1.01,0.75
13.08.2021 01:38:56.540,1.3810600000000002,1.38097,0.19,0.75
13.08.2021 01:39:06.663,1.3810700000000002,1.38097,0.37,0.75
13.08.2021 01:39:14.244,1.3810600000000002,1.38099,0.37,0.75
13.08.2021 01:39:27.328,1.3810600000000002,1.38097,0.75,0.75
13.08.2021 01:39:27.588,1.3810700000000002,1.38097,3.45,0.75
13.08.2021 01:39:27.690,1.3810600000000002,1.38097,1.5,0.75
13.08.2021 01:39:27.792,1.3810600000000002,1.38098,1.95,0.75
13.08.2021 01:39:29.045,1.38104,1.38098,0.75,0.75
13.08.2021 01:39:31.181,1.38104,1.38097,1.87,0.75
13.08.2021 01:39:31.283,1.38104,1.3809600000000002,1.5,0.75
13.08.2021 01:39:31.756,1.38104,1.38097,0.37,0.75
13.08.2021 01:39:34.845,1.38104,1.38098,0.37,0.75
13.08.2021 01:39:37.398,1.3810600000000002,1.38097,0.19,0.75
13.08.2021 01:39:51.204,1.38105,1.38097,0.19,0.75
13.08.2021 01:39:51.306,1.38105,1.3809600000000002,0.19,0.75
13.08.2021 01:39:51.521,1.3810200000000001,1.3809600000000002,1.5,0.75
13.08.2021 01:39:55.591,1.38103,1.3809600000000002,0.19,0.75
13.08.2021 01:39:55.692,1.38104,1.38097,0.19,0.75
13.08.2021 01:39:55.894,1.38104,1.38098,0.19,0.75
13.08.2021 01:40:11.530,1.38105,1.38098,0.19,0.75
13.08.2021 01:40:13.081,1.3810600000000002,1.38098,0.56,0.75
13.08.2021 01:40:20.520,1.3810700000000002,1.38098,1.2,0.75
13.08.2021 01:40:20.621,1.3810700000000002,1.38097,1.95,0.75
13.08.2021 01:40:20.833,1.3810700000000002,1.3809600000000002,0.1,0.75
13.08.2021 01:40:21.975,1.38108,1.3809600000000002,1.95,0.75
13.08.2021 01:40:25.362,1.3810700000000002,1.3809600000000002,1.76,0.75
13.08.2021 01:40:27.020,1.38105,1.38097,0.75,0.75
13.08.2021 01:40:27.733,1.38105,1.3809600000000002,1.5,0.75
13.08.2021 01:40:29.242,1.38105,1.38097,4.2,0.75
13.08.2021 01:40:30.825,1.38104,1.38097,1.5,0.75
13.08.2021 01:40:31.796,1.3810600000000002,1.3809600000000002,4.2,0.75
13.08.2021 01:40:32.662,1.38104,1.38097,0.75,0.75
13.08.2021 01:40:35.532,1.3810600000000002,1.3809600000000002,4.2,0.75
13.08.2021 01:40:36.033,1.3810700000000002,1.3809600000000002,2.51,0.75
13.08.2021 01:40:36.135,1.3810700000000002,1.38097,1.5,0.75
13.08.2021 01:40:37.018,1.3810700000000002,1.3809600000000002,1.2,0.75
13.08.2021 01:40:51.395,1.3810700000000002,1.38097,1.5,0.75
13.08.2021 01:41:13.120,1.38105,1.38098,0.75,0.75
13.08.2021 01:41:13.222,1.3810700000000002,1.38097,2.62,0.75
13.08.2021 01:41:22.353,1.3810700000000002,1.3809600000000002,1.87,0.75
13.08.2021 01:41:41.343,1.38109,1.38103,0.37,0.75
13.08.2021 01:41:41.445,1.3811200000000001,1.3810600000000002,7.5,0.75
13.08.2021 01:41:41.597,1.3811600000000002,1.38105,1.87,0.75
13.08.2021 01:41:45.362,1.38115,1.38108,0.75,0.75
13.08.2021 01:41:48.284,1.3811700000000002,1.3810700000000002,0.37,0.75
13.08.2021 01:41:52.538,1.3812,1.38113,1.95,0.75
13.08.2021 01:41:52.640,1.38123,1.38114,1.31,1.5
13.08.2021 01:41:57.682,1.38123,1.38115,1.12,0.75
13.08.2021 01:42:28.347,1.38123,1.3811600000000002,1.12,0.75
13.08.2021 01:42:31.760,1.38125,1.38115,0.75,0.75
13.08.2021 01:42:31.811,1.3812600000000002,1.3811700000000002,1.31,1.5
13.08.2021 01:42:31.913,1.38128,1.38121,1.12,0.75
13.08.2021 01:42:31.964,1.3813,1.3812200000000001,0.19,1.5
13.08.2021 01:42:48.441,1.3812900000000001,1.3812200000000001,0.75,0.75
13.08.2021 01:42:48.947,1.38131,1.38121,2.62,0.75
13.08.2021 01:42:51.530,1.3813,1.38124,0.37,0.75
13.08.2021 01:42:52.049,1.38133,1.3812700000000002,0.75,0.75
13.08.2021 01:42:52.151,1.38135,1.3812600000000002,0.19,1.5
13.08.2021 01:42:52.252,1.38134,1.38128,0.19,0.75
13.08.2021 01:42:53.707,1.38133,1.38128,1.5,0.75
13.08.2021 01:42:53.809,1.38134,1.38128,2.06,0.75
13.08.2021 01:43:28.562,1.3813600000000001,1.3812700000000002,1.39,0.75
13.08.2021 01:43:34.336,1.38135,1.3812700000000002,0.19,1.5
13.08.2021 01:43:36.931,1.38135,1.3812600000000002,0.19,1.5
13.08.2021 01:43:38.597,1.3813600000000001,1.3812600000000002,0.26,1.5
13.08.2021 01:43:44.975,1.38135,1.3812600000000002,0.19,1.5
13.08.2021 01:44:05.671,1.38133,1.3812700000000002,0.75,1.5
13.08.2021 01:44:05.772,1.38135,1.3812600000000002,1.69,1.5
13.08.2021 01:44:06.601,1.38133,1.3812600000000002,2.44,0.75
13.08.2021 01:44:16.565,1.38132,1.3812600000000002,1.5,0.75
13.08.2021 01:44:17.323,1.38133,1.3812600000000002,2.44,0.75
13.08.2021 01:44:24.026,1.38134,1.3812600000000002,0.19,0.75
13.08.2021 01:44:24.128,1.3813600000000001,1.38125,1.12,0.75
13.08.2021 01:44:28.719,1.38134,1.38124,1.69,0.75
13.08.2021 01:44:28.821,1.3813,1.38125,1.5,0.75
13.08.2021 01:44:28.872,1.3813,1.3812200000000001,1.5,1.5
13.08.2021 01:44:29.633,1.38131,1.3812200000000001,4.2,0.75
13.08.2021 01:44:29.933,1.3813,1.3812200000000001,1.5,0.75
13.08.2021 01:44:30.091,1.38132,1.38121,4.2,0.75
13.08.2021 01:44:32.221,1.3813,1.3812200000000001,0.75,0.75
13.08.2021 01:44:34.191,1.38131,1.38123,0.75,0.75
13.08.2021 01:44:34.242,1.38132,1.38125,3.07,0.75
13.08.2021 01:44:34.429,1.38131,1.38125,0.75,0.75
13.08.2021 01:44:34.531,1.38133,1.38124,2.62,0.75
13.08.2021 01:44:34.632,1.38131,1.38125,0.75,0.75
13.08.2021 01:44:34.919,1.38131,1.38124,0.75,0.75
13.08.2021 01:44:40.476,1.3813,1.38123,1.5,0.75
13.08.2021 01:44:40.578,1.3813,1.3812,0.82,0.75
13.08.2021 01:44:43.902,1.3813,1.38121,3.07,0.75
13.08.2021 01:44:55.447,1.3813,1.3812200000000001,1.95,0.75
13.08.2021 01:44:58.058,1.3813,1.38121,1.95,0.75
13.08.2021 01:44:58.160,1.3813,1.3812200000000001,1.87,0.75
13.08.2021 01:45:05.944,1.38132,1.38123,0.75,0.75
13.08.2021 01:45:09.283,1.38133,1.38124,2.25,0.75
13.08.2021 01:45:09.385,1.38132,1.38124,0.37,0.75
13.08.2021 01:45:12.512,1.38133,1.38124,2.81,0.75
13.08.2021 01:45:12.614,1.38132,1.38124,0.19,0.75
13.08.2021 01:45:15.568,1.38132,1.38123,1.95,0.75
13.08.2021 01:45:26.464,1.38133,1.38123,1.69,0.75
13.08.2021 01:45:35.399,1.38132,1.38123,0.75,0.75
13.08.2021 01:45:35.450,1.38128,1.38124,0.75,0.75
13.08.2021 01:45:35.552,1.3813,1.3812200000000001,1.5,0.75
13.08.2021 01:45:35.704,1.3813,1.38121,1.5,0.75
13.08.2021 01:45:40.682,1.38131,1.38121,3.07,0.75
13.08.2021 01:45:41.505,1.3812900000000001,1.3812200000000001,1.5,0.75
13.08.2021 01:45:42.209,1.38131,1.38121,3.82,0.75
13.08.2021 01:45:45.595,1.3812900000000001,1.3812200000000001,1.57,0.75
13.08.2021 01:45:46.727,1.3813,1.3812200000000001,2.7,0.75
13.08.2021 01:45:52.992,1.3812900000000001,1.3812200000000001,1.5,0.75
13.08.2021 01:45:54.599,1.3813,1.3812200000000001,3.07,0.75
13.08.2021 01:46:01.150,1.3812900000000001,1.3812200000000001,1.5,0.75
13.08.2021 01:46:01.624,1.3812700000000002,1.3811900000000001,1.5,0.75
13.08.2021 01:46:01.727,1.38125,1.3812,0.75,0.75
13.08.2021 01:46:02.588,1.38125,1.3811900000000001,0.75,0.75
13.08.2021 01:46:02.691,1.38124,1.3811700000000002,1.5,0.75
13.08.2021 01:46:19.220,1.38125,1.3811700000000002,1.01,0.75
13.08.2021 01:46:23.295,1.3812200000000001,1.38114,0.75,0.75
13.08.2021 01:46:23.397,1.3811700000000002,1.38109,1.5,1.12
13.08.2021 01:46:23.449,1.38118,1.3811,0.75,0.75
13.08.2021 01:46:23.651,1.38118,1.38111,1.95,0.75
13.08.2021 01:46:27.984,1.38118,1.3811,1.95,0.75
13.08.2021 01:46:32.739,1.38118,1.38109,0.37,0.75
13.08.2021 01:46:37.857,1.38118,1.38109,1.57,0.75
13.08.2021 01:46:37.958,1.38123,1.38115,1.57,0.75
13.08.2021 01:46:38.060,1.38125,1.38115,1.5,0.75
13.08.2021 01:46:57.267,1.38123,1.3811600000000002,0.75,0.75
13.08.2021 01:46:57.892,1.38124,1.3811600000000002,2.32,0.75
13.08.2021 01:47:00.068,1.38125,1.3811600000000002,0.82,0.75
13.08.2021 01:47:05.082,1.3812200000000001,1.38115,0.19,0.75
13.08.2021 01:47:20.345,1.38124,1.38114,1.01,0.75
13.08.2021 01:47:21.055,1.38123,1.38114,0.37,0.75
13.08.2021 01:47:22.221,1.38123,1.38115,1.01,0.75
13.08.2021 01:47:23.153,1.3812200000000001,1.38115,0.19,0.75
13.08.2021 01:47:24.599,1.38124,1.38114,1.01,0.75
13.08.2021 01:47:50.543,1.38125,1.38115,0.64,0.75
13.08.2021 01:47:50.646,1.38125,1.3811600000000002,1.31,0.75
13.08.2021 01:47:53.510,1.3812200000000001,1.38115,0.19,0.75
13.08.2021 01:47:53.611,1.38123,1.38115,0.94,0.75
13.08.2021 01:48:11.484,1.38123,1.38114,0.19,0.75
13.08.2021 01:48:19.162,1.38121,1.38115,0.75,0.75
13.08.2021 01:48:19.263,1.3812200000000001,1.38115,2.44,0.75
13.08.2021 01:48:19.365,1.38121,1.38114,0.94,0.75
13.08.2021 01:48:19.466,1.38121,1.38115,0.19,0.75
13.08.2021 01:48:20.481,1.3812,1.38115,1.5,0.75
13.08.2021 01:48:20.984,1.3812200000000001,1.38114,1.69,0.75
13.08.2021 01:48:21.555,1.3811900000000001,1.3811200000000001,0.75,0.75
13.08.2021 01:48:30.606,1.3812,1.3811,1.01,0.75
13.08.2021 01:48:36.326,1.3812200000000001,1.3811200000000001,6.26,1.57
13.08.2021 01:48:36.377,1.3812200000000001,1.38114,1.2,0.75
13.08.2021 01:48:38.832,1.3812200000000001,1.3811600000000002,1.12,0.75
13.08.2021 01:48:44.030,1.38121,1.38114,2.25,0.75
13.08.2021 01:48:44.080,1.3811900000000001,1.3811200000000001,0.75,0.75
13.08.2021 01:48:44.915,1.3811900000000001,1.38111,0.75,0.75
13.08.2021 01:49:04.446,1.3811900000000001,1.3811,1.5,0.75
13.08.2021 01:49:04.548,1.38118,1.3811,0.75,0.75
13.08.2021 01:49:04.651,1.3811900000000001,1.3811,2.32,0.75
13.08.2021 01:49:09.434,1.3811700000000002,1.38111,1.5,0.75
13.08.2021 01:49:09.590,1.3811900000000001,1.3811,2.25,0.75
13.08.2021 01:49:16.624,1.38121,1.38114,2.62,0.75
13.08.2021 01:49:19.604,1.38121,1.3811600000000002,0.75,0.75
13.08.2021 01:49:20.226,1.3812200000000001,1.3811600000000002,0.94,0.75
13.08.2021 01:49:23.734,1.3812200000000001,1.38115,0.94,0.75
13.08.2021 01:49:32.481,1.38123,1.3811600000000002,1.31,0.75
13.08.2021 01:49:36.379,1.3812200000000001,1.3811600000000002,0.75,0.75
13.08.2021 01:49:36.480,1.3812200000000001,1.38115,0.94,0.75
13.08.2021 01:50:19.233,1.38123,1.38115,1.31,0.75
13.08.2021 01:50:21.389,1.38125,1.38115,1.87,0.75
13.08.2021 01:50:23.014,1.38124,1.38115,0.75,0.75
13.08.2021 01:50:24.031,1.38124,1.38118,0.19,1.5
13.08.2021 01:50:24.132,1.38124,1.3811700000000002,2.25,0.75
13.08.2021 01:50:24.234,1.38124,1.38115,0.75,0.75
13.08.2021 01:50:25.774,1.38123,1.38115,1.87,0.75
13.08.2021 01:50:33.974,1.38123,1.38114,1.5,0.75
13.08.2021 01:50:36.960,1.38121,1.38115,0.75,0.75
13.08.2021 01:50:37.169,1.3812200000000001,1.38115,2.44,0.75
13.08.2021 01:50:37.271,1.3812,1.3811200000000001,0.19,0.75
13.08.2021 01:50:37.322,1.38121,1.38114,1.5,0.75
13.08.2021 01:50:39.677,1.38121,1.3811600000000002,0.75,0.75
13.08.2021 01:50:48.844,1.3811700000000002,1.38109,0.75,0.75
13.08.2021 01:50:48.945,1.3811700000000002,1.38111,0.75,0.75
13.08.2021 01:50:49.047,1.38118,1.38111,0.75,0.75
13.08.2021 01:51:00.879,1.3812,1.38111,1.57,1.5
13.08.2021 01:51:00.930,1.3812,1.38114,0.75,0.75
13.08.2021 01:51:00.981,1.3812200000000001,1.38114,1.69,0.75
13.08.2021 01:51:01.234,1.3812200000000001,1.38115,0.75,0.75
13.08.2021 01:51:11.206,1.3812200000000001,1.38114,0.1,0.75
13.08.2021 01:51:11.569,1.3812200000000001,1.38113,0.82,0.75
13.08.2021 01:51:12.797,1.38121,1.38113,0.75,0.75
13.08.2021 01:51:12.848,1.3811600000000002,1.3811,1.12,0.75
13.08.2021 01:51:13.722,1.3811700000000002,1.3811,0.75,0.75
13.08.2021 01:51:16.242,1.38118,1.3811,0.75,0.75
13.08.2021 01:51:21.905,1.3811700000000002,1.3811,0.37,0.75
13.08.2021 01:51:22.948,1.38118,1.3811,1.12,0.75
13.08.2021 01:51:45.502,1.38118,1.38111,1.5,0.75
13.08.2021 01:51:51.994,1.3811900000000001,1.38111,2.44,0.75
13.08.2021 01:52:06.394,1.3811700000000002,1.3811200000000001,0.75,0.75
13.08.2021 01:52:06.844,1.38121,1.38114,9.8,0.75
13.08.2021 01:52:08.231,1.38121,1.38115,0.75,0.75
13.08.2021 01:52:09.830,1.38118,1.38111,1.12,0.75
13.08.2021 01:52:09.932,1.38118,1.3811,0.75,0.75
13.08.2021 01:52:14.036,1.38118,1.38109,0.75,0.75
13.08.2021 01:52:14.932,1.38115,1.38109,2.25,0.75
13.08.2021 01:52:16.683,1.38115,1.38108,0.75,0.75
13.08.2021 01:52:20.610,1.38114,1.38108,0.75,0.75
13.08.2021 01:52:45.592,1.38113,1.38108,0.75,0.75
13.08.2021 01:53:01.082,1.38113,1.3810700000000002,0.75,0.75
13.08.2021 01:53:01.133,1.3811700000000002,1.38108,0.75,1.12
13.08.2021 01:53:01.185,1.3811700000000002,1.3811200000000001,4.85,0.75
13.08.2021 01:53:01.286,1.38121,1.38114,9.07,0.75
13.08.2021 01:53:20.973,1.38123,1.38115,0.19,0.75
13.08.2021 01:53:21.075,1.38125,1.3811600000000002,1.5,0.75
13.08.2021 01:53:22.944,1.38123,1.38115,0.75,0.75
13.08.2021 01:53:27.703,1.38124,1.38115,0.75,0.75
13.08.2021 01:53:27.977,1.38124,1.3811700000000002,2.25,0.75
13.08.2021 01:53:30.531,1.3811900000000001,1.38113,2.06,0.75
13.08.2021 01:53:30.984,1.3811700000000002,1.38111,0.75,0.75
13.08.2021 01:53:34.313,1.3811600000000002,1.38108,0.75,0.75
13.08.2021 01:53:35.329,1.3811600000000002,1.38109,0.75,0.75
13.08.2021 01:53:37.302,1.3811700000000002,1.38111,0.75,0.75
13.08.2021 01:53:44.048,1.3811900000000001,1.38114,0.75,0.75
13.08.2021 01:53:44.997,1.3812,1.38114,0.75,0.75
13.08.2021 01:53:45.499,1.3812,1.38113,0.75,0.75
13.08.2021 01:53:45.971,1.38121,1.38113,0.75,0.75
13.08.2021 01:53:47.096,1.38121,1.3811200000000001,0.75,0.75
13.08.2021 01:53:47.198,1.3812,1.38114,0.75,0.75
13.08.2021 01:53:48.461,1.38124,1.3811600000000002,3.07,0.75
13.08.2021 01:53:50.221,1.3812200000000001,1.38115,0.19,0.75
13.08.2021 01:53:50.323,1.3812200000000001,1.38114,0.75,0.75
13.08.2021 01:53:53.322,1.3812200000000001,1.38115,0.75,0.75
13.08.2021 01:54:21.940,1.38121,1.38115,0.82,0.75
13.08.2021 01:54:21.991,1.3811900000000001,1.3811200000000001,1.12,0.75
13.08.2021 01:54:22.042,1.3811700000000002,1.38111,0.75,1.12
13.08.2021 01:54:55.294,1.3811600000000002,1.38111,0.75,0.75
13.08.2021 01:55:02.483,1.3812,1.3811200000000001,0.75,0.75
13.08.2021 01:55:02.534,1.3812,1.38114,0.75,0.75
13.08.2021 01:55:04.200,1.38121,1.38114,0.75,0.75
13.08.2021 01:55:09.901,1.3812,1.38113,2.44,0.75
13.08.2021 01:55:09.952,1.3812600000000002,1.3812,2.7,0.75
13.08.2021 01:55:10.003,1.38125,1.3811600000000002,2.44,0.75
13.08.2021 01:55:11.950,1.38121,1.38115,0.75,1.5
13.08.2021 01:55:36.226,1.38121,1.38114,0.75,0.75
13.08.2021 01:55:49.204,1.38121,1.38113,0.75,0.75
13.08.2021 01:56:02.511,1.38118,1.38114,0.75,0.75
13.08.2021 01:56:02.562,1.3811900000000001,1.38111,0.75,0.75
13.08.2021 01:56:02.613,1.38118,1.38114,0.75,0.75
13.08.2021 01:56:02.716,1.3812,1.38113,0.75,0.75
13.08.2021 01:56:02.921,1.3811900000000001,1.38113,0.75,0.75
13.08.2021 01:56:02.972,1.3812,1.38111,0.75,0.75
13.08.2021 01:56:03.075,1.38118,1.3811200000000001,0.75,0.75
13.08.2021 01:56:03.177,1.38118,1.38113,0.75,0.75
13.08.2021 01:56:03.278,1.3811900000000001,1.38113,0.75,0.75
13.08.2021 01:56:04.856,1.3811900000000001,1.3811200000000001,0.75,0.75
13.08.2021 01:56:06.242,1.3811700000000002,1.3811200000000001,0.75,0.75
13.08.2021 01:56:06.294,1.3811700000000002,1.3811,0.75,0.75
13.08.2021 01:56:07.690,1.3811700000000002,1.3810700000000002,0.75,1.57
13.08.2021 01:56:07.792,1.3811600000000002,1.3810700000000002,0.75,0.82
13.08.2021 01:56:08.552,1.3811700000000002,1.3811,0.75,0.75
13.08.2021 01:56:14.939,1.3811600000000002,1.38109,0.75,0.75
13.08.2021 01:56:15.091,1.3812,1.38111,0.75,0.75
13.08.2021 01:56:15.193,1.3811900000000001,1.38113,0.75,0.75
13.08.2021 01:56:17.461,1.3812,1.38113,0.75,0.75
13.08.2021 01:56:24.907,1.3811600000000002,1.38111,0.75,0.75
13.08.2021 01:56:24.958,1.3811600000000002,1.3810600000000002,0.75,0.82
13.08.2021 01:56:26.712,1.3811900000000001,1.38111,3.75,0.75
13.08.2021 01:56:26.814,1.38118,1.38111,0.75,0.75
13.08.2021 01:56:28.486,1.3812,1.38111,0.75,0.75
13.08.2021 01:56:29.446,1.3812,1.3811200000000001,0.75,0.75
13.08.2021 01:56:30.482,1.3812,1.38113,2.44,0.75
13.08.2021 01:56:30.584,1.3811900000000001,1.38108,0.75,0.75
13.08.2021 01:56:30.685,1.38118,1.3811,0.75,0.75
13.08.2021 01:56:30.787,1.3811700000000002,1.38109,0.75,0.75
13.08.2021 01:56:31.086,1.3811900000000001,1.3811200000000001,1.5,0.75
13.08.2021 01:56:31.188,1.3812,1.3811200000000001,0.75,0.75
13.08.2021 01:56:31.780,1.38121,1.3811200000000001,0.75,0.75
13.08.2021 01:57:09.497,1.3812,1.3811200000000001,0.75,0.26
13.08.2021 01:57:15.446,1.3812,1.38113,0.75,0.19
13.08.2021 01:57:16.818,1.3812200000000001,1.38113,1.5,0.94
13.08.2021 01:57:22.544,1.38124,1.3811900000000001,1.5,0.75
13.08.2021 01:57:22.595,1.38124,1.3811600000000002,1.69,0.75
13.08.2021 01:57:22.697,1.38123,1.38113,1.69,4.57
13.08.2021 01:57:22.798,1.38121,1.38113,0.75,0.82
13.08.2021 01:57:23.395,1.38121,1.3811200000000001,0.75,1.95
13.08.2021 01:57:25.593,1.3812,1.3811200000000001,0.75,0.45
13.08.2021 01:57:40.399,1.3812,1.38113,0.75,0.19
13.08.2021 01:57:43.415,1.38121,1.38111,0.75,0.45
13.08.2021 01:57:45.397,1.3812200000000001,1.38111,1.5,1.2
13.08.2021 01:58:02.175,1.38115,1.38109,0.75,4.15
13.08.2021 01:58:02.226,1.38114,1.38105,1.5,0.82
13.08.2021 01:58:02.328,1.38114,1.38104,0.75,0.75
13.08.2021 01:58:02.902,1.3811200000000001,1.38104,0.75,0.37
13.08.2021 01:58:08.537,1.38111,1.3810200000000001,0.75,0.82
13.08.2021 01:58:08.589,1.38109,1.38098,1.69,4.9
13.08.2021 01:58:08.691,1.3810700000000002,1.38098,1.5,0.75
13.08.2021 01:58:09.943,1.3810700000000002,1.3809600000000002,1.5,1.2
13.08.2021 01:58:20.303,1.38105,1.38097,0.75,0.37
13.08.2021 01:58:20.404,1.3810600000000002,1.38097,1.5,1.12
13.08.2021 01:58:20.506,1.38105,1.38097,0.75,0.37
13.08.2021 01:58:21.252,1.38105,1.3809600000000002,0.75,1.01
13.08.2021 01:58:31.064,1.3810600000000002,1.38097,0.75,0.37
13.08.2021 01:58:31.166,1.3810600000000002,1.38098,1.5,0.37
13.08.2021 01:58:31.268,1.3810700000000002,1.38098,1.5,0.37
13.08.2021 01:58:37.556,1.3810700000000002,1.38097,1.5,1.2
13.08.2021 01:58:39.140,1.3810700000000002,1.381,0.75,0.19
13.08.2021 01:58:39.191,1.38111,1.3810200000000001,1.5,0.75
13.08.2021 01:58:39.292,1.38113,1.38103,2.25,0.75
13.08.2021 01:59:03.901,1.3811,1.38101,0.75,0.75
13.08.2021 01:59:04.002,1.38109,1.38101,1.5,0.75
13.08.2021 01:59:04.519,1.3811,1.38099,1.5,1.01
13.08.2021 01:59:23.194,1.3811,1.38098,0.75,0.75
13.08.2021 01:59:24.873,1.38104,1.3809500000000001,0.75,4.57
13.08.2021 01:59:25.025,1.38104,1.38094,0.75,0.75
13.08.2021 01:59:29.194,1.38104,1.38093,0.75,0.75
13.08.2021 01:59:40.253,1.3810600000000002,1.381,0.75,0.82
13.08.2021 01:59:40.304,1.3811200000000001,1.3810200000000001,4.85,0.75
13.08.2021 01:59:40.406,1.3811200000000001,1.38103,1.5,0.82
13.08.2021 01:59:44.228,1.3811,1.381,0.75,1.12
13.08.2021 01:59:55.154,1.38108,1.38097,0.75,0.45
13.08.2021 01:59:55.256,1.38109,1.38097,1.5,0.82
13.08.2021 01:59:57.130,1.38108,1.38099,0.75,0.75
13.08.2021 01:59:57.292,1.38109,1.381,1.87,0.94
13.08.2021 01:59:57.342,1.3811,1.38101,1.12,1.5
13.08.2021 01:59:57.444,1.3811200000000001,1.38103,0.75,0.75
13.08.2021 01:59:57.545,1.38111,1.38103,0.75,0.75
13.08.2021 01:59:58.052,1.38109,1.38101,1.87,1.12
13.08.2021 01:59:58.154,1.38108,1.3810200000000001,0.75,0.75
13.08.2021 01:59:58.205,1.38108,1.38099,0.75,1.2
13.08.2021 01:59:58.307,1.3810600000000002,1.3809600000000002,0.75,0.75
13.08.2021 01:59:58.408,1.38105,1.3809600000000002,0.75,0.75
13.08.2021 01:59:58.667,1.38104,1.38094,0.75,0.75
13.08.2021 01:59:59.311,1.38104,1.38093,0.75,0.82
13.08.2021 02:00:01.931,1.38104,1.38094,0.75,0.82
13.08.2021 02:00:02.293,1.38108,1.38099,0.75,0.75
13.08.2021 02:00:02.395,1.38109,1.38099,0.75,0.75
13.08.2021 02:00:02.446,1.3811,1.381,2.25,0.75
13.08.2021 02:00:02.975,1.3811200000000001,1.3810200000000001,1.5,1.57
13.08.2021 02:00:03.076,1.3811200000000001,1.38103,1.5,0.1
13.08.2021 02:00:03.178,1.38114,1.3810200000000001,1.5,0.82
