Gmt time,Ask,Bid,AskVolume,BidVolume
26.08.2021 00:00:00.145,1.37649,1.37638,0.45,0.75
26.08.2021 00:00:00.247,1.37647,1.37638,0.1,0.75
26.08.2021 00:00:02.424,1.37647,1.37637,0.1,0.75
26.08.2021 00:00:03.224,1.37647,1.37636,0.1,0.75
26.08.2021 00:00:04.135,1.37646,1.37636,0.1,0.75
26.08.2021 00:00:04.802,1.37646,1.37635,0.1,0.75
26.08.2021 00:00:10.266,1.3764500000000002,1.37635,0.1,0.75
26.08.2021 00:00:11.226,1.3764500000000002,1.37636,0.1,0.75
26.08.2021 00:00:12.700,1.37644,1.37636,0.1,0.75
26.08.2021 00:00:21.269,1.37644,1.37635,0.1,0.75
26.08.2021 00:00:24.282,1.3764500000000002,1.37636,0.1,0.75
26.08.2021 00:00:24.384,1.37646,1.37637,0.1,0.75
26.08.2021 00:00:24.485,1.37647,1.37635,0.1,0.75
26.08.2021 00:00:25.001,1.37647,1.37638,0.1,0.75
26.08.2021 00:00:30.190,1.37648,1.37639,0.26,1.87
26.08.2021 00:00:30.241,1.37647,1.37635,0.1,0.75
26.08.2021 00:00:30.342,1.37646,1.37635,0.1,0.75
26.08.2021 00:00:35.559,1.37646,1.3763400000000001,0.1,0.94
26.08.2021 00:00:36.778,1.3764500000000002,1.37636,0.1,0.75
26.08.2021 00:00:37.901,1.3764500000000002,1.37635,0.1,0.75
26.08.2021 00:00:38.104,1.37644,1.37635,0.1,0.75
26.08.2021 00:00:41.182,1.3764500000000002,1.37635,0.1,0.94
26.08.2021 00:00:44.182,1.37644,1.37635,0.1,0.75
26.08.2021 00:00:45.499,1.37644,1.3763400000000001,0.1,1.69
26.08.2021 00:01:04.516,1.37643,1.3763400000000001,0.1,0.75
26.08.2021 00:01:06.194,1.37643,1.3763200000000002,0.1,1.69
26.08.2021 00:01:06.347,1.37638,1.37629,0.26,0.37
26.08.2021 00:01:06.448,1.37637,1.37628,0.1,0.19
26.08.2021 00:01:10.133,1.37638,1.37628,0.1,0.19
26.08.2021 00:01:12.427,1.37638,1.37626,0.1,1.12
26.08.2021 00:01:13.934,1.37638,1.37628,0.1,0.19
26.08.2021 00:01:14.737,1.37637,1.37628,0.1,0.75
26.08.2021 00:01:14.940,1.37637,1.37629,0.1,0.19
26.08.2021 00:01:17.322,1.37637,1.37628,0.1,0.75
26.08.2021 00:01:17.423,1.37635,1.37626,0.26,0.75
26.08.2021 00:01:17.525,1.3763400000000001,1.37625,0.26,0.75
26.08.2021 00:01:17.626,1.37633,1.37625,0.1,0.75
26.08.2021 00:01:17.727,1.3763400000000001,1.37623,0.1,1.5
26.08.2021 00:01:25.250,1.37635,1.37623,0.1,0.75
26.08.2021 00:01:29.611,1.3763400000000001,1.37625,0.1,0.75
26.08.2021 00:01:34.490,1.37636,1.3762400000000001,0.1,0.75
26.08.2021 00:01:34.804,1.37636,1.37626,0.1,0.75
26.08.2021 00:01:37.134,1.37639,1.3763100000000001,0.75,1.12
26.08.2021 00:01:37.185,1.3764200000000002,1.3763100000000001,0.1,0.75
26.08.2021 00:01:37.388,1.3764100000000001,1.37633,0.1,0.75
26.08.2021 00:01:38.386,1.3764200000000002,1.37633,0.82,0.75
26.08.2021 00:02:14.408,1.37644,1.3763200000000002,0.1,1.12
26.08.2021 00:02:15.141,1.3764200000000002,1.37633,0.1,1.12
26.08.2021 00:02:25.312,1.37643,1.37633,0.1,1.12
26.08.2021 00:02:28.051,1.37643,1.3763400000000001,0.1,0.75
26.08.2021 00:02:47.392,1.37644,1.3763400000000001,0.1,1.5
26.08.2021 00:02:47.494,1.3764500000000002,1.37636,0.1,1.52
26.08.2021 00:02:47.595,1.37646,1.3763400000000001,0.1,1.52
26.08.2021 00:02:47.902,1.3764500000000002,1.37637,0.1,0.75
26.08.2021 00:02:48.003,1.37648,1.37639,0.1,0.75
26.08.2021 00:02:48.105,1.37647,1.37639,0.1,0.75
26.08.2021 00:02:48.439,1.37649,1.37639,0.1,0.75
26.08.2021 00:02:51.404,1.3765,1.37643,0.1,0.75
26.08.2021 00:02:51.556,1.3765200000000002,1.3764200000000002,0.1,0.75
26.08.2021 00:02:51.660,1.3765100000000001,1.37644,0.1,0.75
26.08.2021 00:02:58.901,1.3765100000000001,1.3764200000000002,0.26,0.75
26.08.2021 00:03:00.074,1.3765100000000001,1.37643,0.26,0.75
26.08.2021 00:03:00.630,1.3765100000000001,1.3764200000000002,0.1,0.75
26.08.2021 00:03:02.349,1.3765100000000001,1.37644,0.26,0.75
26.08.2021 00:03:02.805,1.3765200000000002,1.37644,0.26,0.75
26.08.2021 00:03:06.603,1.37653,1.37644,0.26,0.75
26.08.2021 00:03:08.399,1.3765100000000001,1.3764500000000002,0.19,0.75
26.08.2021 00:03:10.766,1.37653,1.37644,0.26,0.75
26.08.2021 00:03:10.980,1.37653,1.3764500000000002,0.1,0.75
26.08.2021 00:03:11.081,1.37659,1.3765100000000001,0.1,0.75
26.08.2021 00:03:11.183,1.37659,1.3765200000000002,0.1,0.75
26.08.2021 00:03:11.285,1.37664,1.37656,0.1,0.75
26.08.2021 00:03:11.387,1.3766500000000002,1.37656,0.1,0.75
26.08.2021 00:03:15.558,1.3766500000000002,1.37657,0.26,0.75
26.08.2021 00:03:28.203,1.3766500000000002,1.37656,0.1,0.75
26.08.2021 00:03:28.305,1.37663,1.37654,0.1,0.75
26.08.2021 00:03:28.762,1.37663,1.37653,0.1,0.75
26.08.2021 00:03:29.260,1.3766200000000002,1.37653,0.1,0.75
26.08.2021 00:03:32.703,1.3766200000000002,1.37653,0.1,0.75
26.08.2021 00:03:34.451,1.3766100000000001,1.37653,0.1,0.75
26.08.2021 00:03:40.022,1.3766,1.37653,0.1,0.75
26.08.2021 00:03:46.664,1.3766,1.3765200000000002,0.1,0.75
26.08.2021 00:03:55.348,1.3766,1.3765100000000001,0.1,0.75
26.08.2021 00:04:00.165,1.3766,1.3765200000000002,0.1,0.75
26.08.2021 00:04:00.781,1.3766,1.3765100000000001,0.1,0.75
26.08.2021 00:04:01.167,1.3766100000000001,1.3765100000000001,0.1,0.75
26.08.2021 00:04:02.787,1.3766100000000001,1.37654,0.1,0.75
26.08.2021 00:04:02.888,1.3766200000000002,1.37653,0.1,0.75
26.08.2021 00:04:03.720,1.3766100000000001,1.37653,0.1,0.75
26.08.2021 00:04:05.635,1.3766100000000001,1.3765200000000002,0.1,0.75
26.08.2021 00:04:13.699,1.37658,1.3765200000000002,0.64,0.75
26.08.2021 00:04:13.750,1.37658,1.37648,0.26,0.75
26.08.2021 00:04:13.852,1.37657,1.37648,0.1,0.75
26.08.2021 00:04:17.661,1.37657,1.37647,0.1,0.75
26.08.2021 00:04:33.513,1.37658,1.37647,0.1,0.75
26.08.2021 00:04:35.454,1.37659,1.37649,0.1,0.75
26.08.2021 00:04:35.505,1.3766,1.3765,0.82,0.75
26.08.2021 00:04:36.529,1.3766100000000001,1.3765,1.2,0.75
26.08.2021 00:04:37.773,1.3766,1.3765,0.1,0.75
26.08.2021 00:04:40.166,1.3766100000000001,1.3765,0.82,0.75
26.08.2021 00:04:47.094,1.3766,1.3765,0.1,0.75
26.08.2021 00:04:48.390,1.3766100000000001,1.3765,0.75,1.5
26.08.2021 00:05:03.216,1.3766200000000002,1.37653,0.75,1.5
26.08.2021 00:05:03.318,1.37666,1.3765500000000002,0.1,0.75
26.08.2021 00:05:03.470,1.37667,1.37656,1.2,0.75
26.08.2021 00:05:34.718,1.37667,1.37657,0.1,0.75
26.08.2021 00:05:34.820,1.3767,1.3766200000000002,0.19,0.75
26.08.2021 00:05:35.073,1.3767,1.37663,0.19,0.75
26.08.2021 00:05:35.176,1.3767200000000002,1.3766200000000002,0.26,0.75
26.08.2021 00:05:35.278,1.37673,1.3766200000000002,0.26,0.75
26.08.2021 00:05:39.244,1.3767200000000002,1.37664,0.19,0.75
26.08.2021 00:05:50.934,1.3767500000000001,1.3766500000000002,1.2,0.75
26.08.2021 00:05:51.035,1.37678,1.37671,4.26,0.75
26.08.2021 00:05:51.086,1.37681,1.3767,7.57,0.75
26.08.2021 00:05:51.188,1.37681,1.37671,0.1,1.5
26.08.2021 00:05:53.690,1.3768200000000002,1.37671,0.82,1.57
26.08.2021 00:05:54.307,1.3768200000000002,1.37674,0.1,0.75
26.08.2021 00:05:54.359,1.3768500000000001,1.37673,0.82,0.75
26.08.2021 00:05:54.563,1.3768500000000001,1.3767500000000001,1.01,0.75
26.08.2021 00:05:57.951,1.3768500000000001,1.37674,0.26,1.57
26.08.2021 00:06:01.180,1.3768,1.37671,0.26,1.57
26.08.2021 00:06:01.231,1.3768,1.37669,1.2,9.07
26.08.2021 00:06:01.332,1.37678,1.37669,0.1,8.62
26.08.2021 00:06:01.594,1.37679,1.37667,0.1,1.57
26.08.2021 00:06:03.849,1.37677,1.37667,0.1,0.1
26.08.2021 00:06:06.810,1.37679,1.37667,0.1,0.1
26.08.2021 00:06:07.747,1.37679,1.37669,0.1,0.1
26.08.2021 00:06:32.663,1.37683,1.37671,0.82,0.82
26.08.2021 00:06:32.967,1.37683,1.37673,0.1,0.1
26.08.2021 00:06:33.068,1.37684,1.37674,0.1,0.1
26.08.2021 00:06:50.775,1.37683,1.37673,0.1,0.1
26.08.2021 00:06:50.877,1.3768500000000001,1.37673,0.26,0.1
26.08.2021 00:06:58.237,1.37683,1.37674,0.75,0.1
26.08.2021 00:06:58.538,1.3768500000000001,1.37673,0.26,0.1
26.08.2021 00:07:02.296,1.37683,1.37673,0.1,0.1
26.08.2021 00:07:02.599,1.37684,1.37674,1.01,0.1
26.08.2021 00:07:06.620,1.37684,1.3767200000000002,0.1,0.1
26.08.2021 00:07:11.490,1.3768500000000001,1.37673,1.01,0.1
26.08.2021 00:07:11.592,1.37684,1.3767200000000002,0.1,0.1
26.08.2021 00:07:13.185,1.3768500000000001,1.37673,1.01,0.1
26.08.2021 00:07:16.749,1.3768500000000001,1.37674,0.75,0.1
26.08.2021 00:07:29.947,1.37684,1.37674,0.82,0.1
26.08.2021 00:07:34.043,1.37684,1.3767200000000002,0.1,1.01
26.08.2021 00:07:35.026,1.3768500000000001,1.37673,0.82,0.1
26.08.2021 00:07:35.178,1.37683,1.37673,0.1,0.82
26.08.2021 00:07:39.658,1.37679,1.37668,1.57,8.7
26.08.2021 00:07:39.911,1.37679,1.37667,0.26,0.1
26.08.2021 00:07:47.543,1.37678,1.37669,0.1,1.12
26.08.2021 00:07:47.746,1.37679,1.37667,0.1,0.1
26.08.2021 00:07:58.513,1.37677,1.3766500000000002,0.1,0.1
26.08.2021 00:07:58.565,1.37678,1.37666,0.1,1.57
26.08.2021 00:07:58.667,1.37678,1.37667,0.1,0.75
26.08.2021 00:07:58.770,1.37679,1.37667,1.95,0.82
26.08.2021 00:07:59.667,1.37678,1.37668,0.1,1.12
26.08.2021 00:07:59.768,1.37679,1.37668,0.82,1.12
26.08.2021 00:08:00.139,1.37679,1.37667,0.1,0.1
26.08.2021 00:08:59.897,1.37679,1.37667,0.75,1.5
26.08.2021 00:09:00.259,1.3768200000000002,1.37671,0.75,0.1
26.08.2021 00:09:00.361,1.3768200000000002,1.3767200000000002,1.57,0.1
26.08.2021 00:09:00.463,1.3768200000000002,1.37671,0.75,0.1
26.08.2021 00:09:00.565,1.37681,1.37671,0.82,0.1
26.08.2021 00:09:07.664,1.3768200000000002,1.37669,0.82,0.75
26.08.2021 00:09:17.567,1.37681,1.37669,0.82,0.82
26.08.2021 00:09:35.908,1.37681,1.37668,2.32,1.2
26.08.2021 00:09:36.010,1.37678,1.37668,0.1,0.19
26.08.2021 00:09:36.112,1.37679,1.37668,1.5,0.75
26.08.2021 00:09:36.366,1.3768,1.37669,1.57,0.75
26.08.2021 00:09:45.430,1.37681,1.37671,1.5,0.75
26.08.2021 00:09:49.306,1.37681,1.3767,1.5,0.75
26.08.2021 00:09:59.323,1.37683,1.37673,2.77,0.75
26.08.2021 00:09:59.629,1.37683,1.37674,0.1,0.75
26.08.2021 00:10:00.090,1.3768500000000001,1.37673,1.57,0.75
26.08.2021 00:10:01.621,1.37684,1.37673,1.57,0.82
26.08.2021 00:10:05.376,1.37684,1.3767200000000002,0.1,0.75
26.08.2021 00:10:07.040,1.37684,1.37673,1.57,0.82
26.08.2021 00:10:07.242,1.37684,1.37674,1.57,0.75
26.08.2021 00:10:14.301,1.3768500000000001,1.3767200000000002,1.57,0.82
26.08.2021 00:10:16.661,1.3768500000000001,1.37673,1.57,0.75
26.08.2021 00:10:25.245,1.37684,1.37673,0.82,0.82
26.08.2021 00:10:37.835,1.37683,1.37673,0.1,0.75
26.08.2021 00:10:38.512,1.3768200000000002,1.37671,1.57,0.82
26.08.2021 00:10:38.613,1.3768200000000002,1.37669,1.5,0.75
26.08.2021 00:10:39.596,1.37681,1.37669,1.57,1.12
26.08.2021 00:11:00.591,1.3768,1.37669,0.1,0.75
26.08.2021 00:11:01.812,1.37681,1.37669,2.32,0.75
26.08.2021 00:11:04.621,1.37681,1.37668,2.32,0.82
26.08.2021 00:11:13.937,1.3768200000000002,1.3767200000000002,0.75,0.1
26.08.2021 00:11:16.279,1.37684,1.37671,0.82,1.2
26.08.2021 00:11:21.793,1.37684,1.37673,2.32,1.2
26.08.2021 00:11:22.047,1.37681,1.3767200000000002,0.19,0.45
26.08.2021 00:11:22.098,1.37681,1.37669,0.75,0.82
26.08.2021 00:11:22.200,1.3768,1.37667,0.82,0.1
26.08.2021 00:11:22.665,1.37678,1.37667,0.1,1.2
26.08.2021 00:11:39.603,1.37677,1.3766500000000002,0.82,0.75
26.08.2021 00:11:39.705,1.3767600000000002,1.3766500000000002,0.1,0.82
26.08.2021 00:11:42.358,1.37677,1.3766500000000002,1.5,0.82
26.08.2021 00:11:54.910,1.37677,1.37669,1.5,1.12
26.08.2021 00:11:55.012,1.37679,1.37668,0.45,1.57
26.08.2021 00:11:55.113,1.37679,1.37669,2.25,1.57
26.08.2021 00:12:00.593,1.37678,1.37669,0.75,0.1
26.08.2021 00:12:00.644,1.37679,1.37666,2.32,0.1
26.08.2021 00:12:27.752,1.3767600000000002,1.3766500000000002,0.75,0.26
26.08.2021 00:12:27.854,1.37677,1.37667,0.75,0.75
26.08.2021 00:12:28.756,1.37677,1.3766500000000002,0.75,0.75
26.08.2021 00:12:28.865,1.37677,1.37664,0.75,0.1
26.08.2021 00:12:40.059,1.3767600000000002,1.37663,1.01,0.45
26.08.2021 00:12:40.161,1.3767,1.3766,0.75,1.57
26.08.2021 00:12:40.263,1.37668,1.3766,1.2,7.5
26.08.2021 00:12:40.314,1.37669,1.37656,0.82,0.82
26.08.2021 00:12:40.416,1.37669,1.37658,1.95,0.82
26.08.2021 00:12:40.467,1.37671,1.3766,2.02,1.95
26.08.2021 00:12:40.570,1.37668,1.37659,0.75,1.12
26.08.2021 00:12:40.672,1.3767,1.37656,0.75,1.57
26.08.2021 00:12:43.387,1.37669,1.37658,0.75,0.1
26.08.2021 00:12:44.944,1.37668,1.37657,1.5,0.1
26.08.2021 00:13:00.094,1.37669,1.3765500000000002,1.5,1.01
26.08.2021 00:13:03.895,1.37668,1.3765500000000002,0.75,0.1
26.08.2021 00:13:03.997,1.37668,1.37656,1.5,0.82
26.08.2021 00:13:15.826,1.37669,1.37656,1.57,1.95
26.08.2021 00:13:17.476,1.3767,1.37656,1.5,0.1
26.08.2021 00:13:30.634,1.3767,1.37657,2.32,0.1
26.08.2021 00:13:59.732,1.37669,1.37657,0.1,0.75
26.08.2021 00:14:05.750,1.3767,1.3765500000000002,0.1,2.7
26.08.2021 00:14:08.182,1.37669,1.37657,0.1,0.37
26.08.2021 00:14:11.050,1.37669,1.37656,0.82,1.57
26.08.2021 00:14:11.896,1.3767,1.37656,0.75,0.1
26.08.2021 00:14:12.277,1.3767,1.3765500000000002,0.82,1.57
26.08.2021 00:14:12.885,1.37669,1.37657,0.75,0.1
26.08.2021 00:14:15.873,1.3767,1.3765500000000002,0.82,1.57
26.08.2021 00:14:29.744,1.37667,1.37656,0.82,0.75
26.08.2021 00:14:29.846,1.3766500000000002,1.37653,0.82,2.32
26.08.2021 00:14:29.949,1.37664,1.37653,0.75,1.57
26.08.2021 00:14:30.897,1.37664,1.37654,0.75,0.1
26.08.2021 00:14:35.427,1.37667,1.37654,2.32,0.1
26.08.2021 00:14:43.057,1.37666,1.37656,0.75,0.1
26.08.2021 00:14:43.159,1.37667,1.37656,1.57,0.1
26.08.2021 00:14:53.922,1.37666,1.3765500000000002,0.82,0.1
26.08.2021 00:14:57.241,1.3766500000000002,1.3765500000000002,0.75,0.1
26.08.2021 00:14:57.465,1.37666,1.37653,0.82,0.1
26.08.2021 00:14:58.859,1.3766500000000002,1.37653,0.75,0.1
26.08.2021 00:15:00.665,1.3766200000000002,1.3765100000000001,0.94,0.1
26.08.2021 00:15:00.766,1.3766100000000001,1.3765100000000001,1.69,0.45
26.08.2021 00:15:01.411,1.3766,1.3765100000000001,0.75,0.45
26.08.2021 00:15:02.795,1.37658,1.37646,0.75,0.1
26.08.2021 00:15:02.896,1.37656,1.37646,1.69,7.57
26.08.2021 00:15:03.048,1.37656,1.37644,0.75,0.1
26.08.2021 00:15:03.492,1.37656,1.3764500000000002,1.76,0.1
26.08.2021 00:15:05.586,1.37656,1.37644,0.94,0.1
26.08.2021 00:15:20.271,1.3765500000000002,1.37644,0.75,0.1
26.08.2021 00:15:22.542,1.37656,1.37644,1.5,0.1
26.08.2021 00:15:25.967,1.3765500000000002,1.37646,0.75,0.1
26.08.2021 00:15:26.068,1.37656,1.37646,1.95,0.1
26.08.2021 00:15:32.489,1.37656,1.37644,0.1,0.1
26.08.2021 00:15:33.536,1.3765500000000002,1.37643,0.1,0.1
26.08.2021 00:15:34.870,1.37653,1.37643,0.1,0.1
26.08.2021 00:15:35.561,1.3765500000000002,1.37643,0.1,0.1
26.08.2021 00:15:35.764,1.3765500000000002,1.3764500000000002,1.2,0.1
26.08.2021 00:15:35.865,1.37654,1.37644,0.1,0.1
26.08.2021 00:15:37.955,1.3765500000000002,1.3764500000000002,3.45,0.1
26.08.2021 00:15:39.169,1.3765500000000002,1.37643,0.1,0.1
26.08.2021 00:15:43.293,1.3765500000000002,1.3764500000000002,2.32,0.1
26.08.2021 00:15:50.522,1.3765500000000002,1.37644,0.75,0.1
26.08.2021 00:16:13.993,1.37656,1.37644,1.57,0.1
26.08.2021 00:16:38.098,1.37654,1.37643,0.75,0.1
26.08.2021 00:16:39.089,1.37654,1.3764200000000002,0.82,0.1
26.08.2021 00:16:39.817,1.37654,1.37643,0.75,0.1
26.08.2021 00:17:25.001,1.37654,1.37644,1.76,0.1
26.08.2021 00:17:31.881,1.37653,1.37643,0.1,0.1
26.08.2021 00:17:31.932,1.37647,1.37639,0.19,0.75
26.08.2021 00:17:31.983,1.37646,1.37637,0.94,0.1
26.08.2021 00:17:32.084,1.3764500000000002,1.37636,0.82,7.5
26.08.2021 00:17:32.186,1.37644,1.3763400000000001,0.82,0.37
26.08.2021 00:17:32.287,1.37644,1.37633,0.82,1.2
26.08.2021 00:17:32.643,1.3764500000000002,1.37633,0.75,0.1
26.08.2021 00:17:36.950,1.3764500000000002,1.3763400000000001,0.82,0.1
26.08.2021 00:18:08.428,1.3764500000000002,1.37633,0.75,0.1
26.08.2021 00:18:10.238,1.37644,1.37635,0.75,0.75
26.08.2021 00:18:53.916,1.37638,1.3763,1.12,0.37
26.08.2021 00:18:54.018,1.37636,1.3763100000000001,0.1,0.37
26.08.2021 00:18:54.069,1.37636,1.37629,0.1,7.5
26.08.2021 00:18:54.170,1.37637,1.37625,0.1,1.5
26.08.2021 00:18:58.972,1.37639,1.3763,0.82,0.75
26.08.2021 00:18:59.073,1.37639,1.3763100000000001,0.45,0.37
26.08.2021 00:18:59.175,1.3764100000000001,1.3763,0.75,0.37
26.08.2021 00:19:08.146,1.37639,1.3763,0.75,0.37
26.08.2021 00:19:08.450,1.3764,1.3763,1.57,0.37
26.08.2021 00:19:40.993,1.37639,1.3763,0.75,0.37
26.08.2021 00:19:41.145,1.37639,1.37627,1.5,0.75
26.08.2021 00:19:41.297,1.37638,1.3763100000000001,1.5,0.37
26.08.2021 00:19:41.733,1.37638,1.37628,1.5,0.75
26.08.2021 00:19:43.361,1.37638,1.3763200000000002,0.75,0.37
26.08.2021 00:19:43.412,1.37644,1.37633,1.57,0.1
26.08.2021 00:19:43.565,1.37644,1.3763400000000001,1.5,0.1
26.08.2021 00:19:43.716,1.3764500000000002,1.3763400000000001,2.51,0.1
26.08.2021 00:19:57.043,1.3764500000000002,1.37635,2.25,0.1
26.08.2021 00:19:59.295,1.3764,1.3763400000000001,0.19,0.75
26.08.2021 00:19:59.346,1.37643,1.3763200000000002,0.19,0.75
26.08.2021 00:19:59.447,1.37646,1.37633,2.32,0.82
26.08.2021 00:19:59.599,1.3764500000000002,1.37635,1.5,0.1
26.08.2021 00:20:00.197,1.3764500000000002,1.3763400000000001,1.57,0.82
26.08.2021 00:20:00.566,1.37644,1.3763400000000001,0.1,0.75
26.08.2021 00:20:01.339,1.37646,1.37633,1.76,0.82
26.08.2021 00:20:05.920,1.37646,1.3763400000000001,1.5,0.1
26.08.2021 00:20:08.251,1.3764500000000002,1.3763400000000001,2.32,0.82
26.08.2021 00:20:08.352,1.3764500000000002,1.37633,0.75,0.82
26.08.2021 00:20:08.454,1.37644,1.37633,0.82,1.2
26.08.2021 00:20:08.555,1.37646,1.37633,2.51,0.82
26.08.2021 00:20:08.657,1.3764500000000002,1.37635,2.32,0.75
26.08.2021 00:20:13.090,1.3764500000000002,1.3763400000000001,0.75,0.75
26.08.2021 00:20:14.288,1.3764500000000002,1.37635,2.51,0.75
26.08.2021 00:20:22.334,1.37639,1.3763200000000002,0.19,1.12
26.08.2021 00:20:22.436,1.37637,1.3763100000000001,0.1,0.37
26.08.2021 00:20:22.487,1.37637,1.37627,1.01,0.75
26.08.2021 00:20:22.589,1.37637,1.37626,0.82,0.75
26.08.2021 00:20:26.337,1.37635,1.37626,0.82,0.75
26.08.2021 00:20:26.388,1.37633,1.37625,0.19,1.5
26.08.2021 00:20:26.490,1.3763100000000001,1.3762400000000001,0.19,0.75
26.08.2021 00:20:26.591,1.3763100000000001,1.37625,1.12,0.75
26.08.2021 00:20:26.933,1.37633,1.3762400000000001,2.51,0.75
26.08.2021 00:20:27.753,1.3763200000000002,1.3762200000000002,2.51,0.1
26.08.2021 00:20:30.385,1.37633,1.3762400000000001,0.75,0.82
26.08.2021 00:20:30.487,1.3763400000000001,1.37625,0.19,0.1
26.08.2021 00:20:35.177,1.37635,1.37623,0.26,0.82
26.08.2021 00:20:35.538,1.3763400000000001,1.37623,1.2,0.75
26.08.2021 00:20:35.589,1.3763200000000002,1.3762200000000002,1.2,0.1
26.08.2021 00:20:35.690,1.3763200000000002,1.3762,1.95,0.75
26.08.2021 00:20:44.837,1.37633,1.37618,2.7,2.32
26.08.2021 00:20:47.969,1.37633,1.3762100000000002,2.7,0.1
26.08.2021 00:20:51.633,1.37633,1.3762400000000001,0.75,0.1
26.08.2021 00:20:51.685,1.37636,1.3762400000000001,4.76,0.1
26.08.2021 00:20:55.125,1.37636,1.37626,2.32,0.1
26.08.2021 00:21:04.242,1.37635,1.37626,0.94,0.1
26.08.2021 00:21:04.924,1.37636,1.37626,1.76,0.1
26.08.2021 00:21:06.222,1.37637,1.37626,0.94,0.1
26.08.2021 00:21:10.317,1.37636,1.37626,1.76,0.1
26.08.2021 00:21:16.581,1.37637,1.37626,0.94,0.1
26.08.2021 00:21:17.668,1.37636,1.37626,1.76,0.1
26.08.2021 00:21:20.160,1.37637,1.37626,1.69,0.1
26.08.2021 00:21:31.838,1.37638,1.37627,0.75,0.82
26.08.2021 00:21:31.889,1.3764,1.37628,0.75,0.1
26.08.2021 00:21:39.199,1.37639,1.37628,0.82,0.82
26.08.2021 00:21:53.291,1.37638,1.37628,0.75,0.82
26.08.2021 00:22:10.238,1.37637,1.37628,0.75,0.82
26.08.2021 00:22:10.348,1.37639,1.37627,0.75,0.82
26.08.2021 00:22:24.826,1.3764,1.37627,1.76,0.1
26.08.2021 00:22:24.928,1.37639,1.37627,0.75,0.1
26.08.2021 00:22:25.368,1.37639,1.37626,0.82,0.82
26.08.2021 00:22:27.735,1.37635,1.37626,0.82,0.75
26.08.2021 00:22:27.786,1.37635,1.3762400000000001,2.14,0.82
26.08.2021 00:22:27.887,1.3763400000000001,1.3762400000000001,0.75,0.82
26.08.2021 00:22:28.192,1.37635,1.3762400000000001,0.82,0.82
26.08.2021 00:22:28.394,1.37635,1.37625,1.01,0.75
26.08.2021 00:22:35.406,1.37636,1.37626,0.82,0.75
26.08.2021 00:22:35.507,1.37637,1.37627,2.25,0.1
26.08.2021 00:22:44.029,1.37637,1.37625,0.75,0.82
26.08.2021 00:22:53.302,1.37635,1.37626,0.75,0.75
26.08.2021 00:22:53.404,1.37636,1.3762400000000001,0.82,0.75
26.08.2021 00:22:55.854,1.37636,1.37626,1.5,0.1
26.08.2021 00:22:55.955,1.37636,1.37627,0.75,0.1
26.08.2021 00:22:56.057,1.37637,1.37627,0.75,0.1
26.08.2021 00:22:56.363,1.37638,1.37627,2.51,0.1
26.08.2021 00:22:57.045,1.37639,1.37625,2.51,0.82
26.08.2021 00:23:02.151,1.37638,1.37625,1.5,0.82
26.08.2021 00:23:02.253,1.37637,1.37625,0.94,0.75
26.08.2021 00:23:02.534,1.37635,1.37626,0.75,0.75
26.08.2021 00:23:03.744,1.37636,1.3762400000000001,1.5,0.75
26.08.2021 00:23:15.077,1.37636,1.37623,1.57,0.75
26.08.2021 00:23:15.229,1.3763400000000001,1.3762400000000001,0.75,0.75
26.08.2021 00:23:15.493,1.37633,1.3762100000000002,0.75,1.12
26.08.2021 00:23:15.596,1.3763200000000002,1.37619,1.01,0.75
26.08.2021 00:23:24.268,1.3763,1.3762,0.75,0.75
26.08.2021 00:23:24.319,1.37627,1.37619,0.94,0.75
26.08.2021 00:23:24.371,1.37627,1.37614,0.75,8.32
26.08.2021 00:23:28.891,1.37628,1.37614,2.51,0.82
26.08.2021 00:23:47.428,1.37628,1.37616,0.19,0.75
26.08.2021 00:23:47.529,1.37629,1.37618,2.77,0.75
26.08.2021 00:23:59.196,1.37628,1.37618,0.75,0.75
26.08.2021 00:24:00.177,1.37627,1.37616,0.1,1.5
26.08.2021 00:24:00.489,1.37628,1.37616,1.57,1.57
26.08.2021 00:24:05.551,1.37629,1.3761700000000001,3.07,0.1
26.08.2021 00:24:06.146,1.3763,1.3761700000000001,2.32,0.1
26.08.2021 00:24:06.248,1.37629,1.37619,0.19,0.1
26.08.2021 00:24:06.349,1.37629,1.37618,1.01,0.82
26.08.2021 00:24:09.719,1.37627,1.37616,0.1,0.82
26.08.2021 00:24:09.974,1.37627,1.37618,0.75,0.75
26.08.2021 00:24:10.127,1.37627,1.3761700000000001,0.75,0.1
26.08.2021 00:24:10.229,1.37627,1.37614,0.1,0.82
26.08.2021 00:24:10.855,1.37627,1.37615,0.75,0.1
26.08.2021 00:24:13.460,1.37629,1.37616,1.27,0.82
26.08.2021 00:24:13.561,1.37628,1.37618,0.75,0.82
26.08.2021 00:24:14.780,1.3763,1.3761700000000001,0.82,0.82
26.08.2021 00:24:16.160,1.37628,1.3761700000000001,1.57,0.82
26.08.2021 00:24:28.204,1.37628,1.37616,0.82,0.75
26.08.2021 00:24:28.255,1.37626,1.37615,0.1,0.82
26.08.2021 00:24:31.245,1.37625,1.37615,0.75,0.82
26.08.2021 00:24:38.948,1.37625,1.37614,0.75,0.75
26.08.2021 00:24:42.796,1.3762400000000001,1.37614,0.75,0.82
26.08.2021 00:24:49.751,1.37625,1.37614,0.75,0.75
26.08.2021 00:24:50.697,1.37626,1.37614,1.2,0.75
26.08.2021 00:24:50.798,1.3762400000000001,1.37615,0.75,0.75
26.08.2021 00:24:57.089,1.3762400000000001,1.37614,0.75,1.57
26.08.2021 00:25:02.370,1.37625,1.37615,0.45,0.75
26.08.2021 00:25:03.690,1.37625,1.37614,0.45,1.57
26.08.2021 00:25:20.150,1.37626,1.37615,1.39,0.1
26.08.2021 00:25:23.219,1.37626,1.37616,0.75,0.1
26.08.2021 00:25:23.321,1.37628,1.37615,0.82,0.1
26.08.2021 00:25:23.880,1.37629,1.37616,4.09,0.1
26.08.2021 00:25:47.325,1.37627,1.37614,0.1,0.82
26.08.2021 00:25:48.001,1.37625,1.37615,0.75,0.1
26.08.2021 00:25:49.294,1.37625,1.37614,0.75,0.1
26.08.2021 00:25:49.396,1.3762400000000001,1.37614,0.75,0.82
26.08.2021 00:25:50.469,1.37619,1.3761,0.19,0.75
26.08.2021 00:25:50.519,1.37618,1.37608,1.76,7.57
26.08.2021 00:25:50.621,1.3761700000000001,1.3760700000000001,0.26,0.1
26.08.2021 00:25:54.616,1.37615,1.37606,0.19,0.1
26.08.2021 00:25:56.142,1.3761700000000001,1.37605,1.01,0.1
26.08.2021 00:25:58.932,1.37619,1.37609,0.75,1.12
26.08.2021 00:25:58.983,1.3762,1.3761,1.39,0.45
26.08.2021 00:25:59.136,1.3762100000000002,1.3761,1.76,0.1
26.08.2021 00:25:59.540,1.3762100000000002,1.37609,0.19,0.1
26.08.2021 00:26:17.057,1.3762100000000002,1.3761200000000002,0.94,1.2
26.08.2021 00:26:17.109,1.37623,1.37613,0.82,0.1
26.08.2021 00:26:17.261,1.3762400000000001,1.37613,1.2,0.82
26.08.2021 00:26:20.265,1.3762400000000001,1.37614,1.12,0.1
26.08.2021 00:26:20.417,1.37625,1.3761200000000002,1.2,0.82
26.08.2021 00:26:32.068,1.37625,1.37614,2.89,0.1
26.08.2021 00:26:39.445,1.3762100000000002,1.3761100000000002,1.12,0.75
26.08.2021 00:26:39.548,1.3762100000000002,1.37609,1.12,0.1
26.08.2021 00:26:39.833,1.37619,1.3761,0.75,0.1
26.08.2021 00:26:52.307,1.3762,1.3761,0.75,0.1
26.08.2021 00:26:56.309,1.3762,1.37609,1.2,0.82
26.08.2021 00:27:10.417,1.3762200000000002,1.3761,1.5,0.1
26.08.2021 00:27:10.518,1.3762200000000002,1.3761100000000002,1.95,0.82
26.08.2021 00:27:10.620,1.37623,1.3761100000000002,1.12,0.1
26.08.2021 00:27:10.772,1.37623,1.3761200000000002,4.2,0.1
26.08.2021 00:27:10.873,1.37623,1.37613,0.75,0.1
26.08.2021 00:27:13.501,1.37625,1.3761200000000002,3.07,0.1
26.08.2021 00:27:15.116,1.37623,1.37613,0.75,0.1
26.08.2021 00:27:18.984,1.37625,1.3761200000000002,2.51,0.1
26.08.2021 00:27:24.952,1.3762400000000001,1.3761200000000002,0.75,0.1
26.08.2021 00:27:35.110,1.3762400000000001,1.37613,0.82,0.45
26.08.2021 00:27:35.213,1.3762400000000001,1.37614,0.75,0.1
26.08.2021 00:27:37.652,1.37626,1.37613,1.01,0.1
26.08.2021 00:27:37.755,1.37626,1.37614,0.94,0.82
26.08.2021 00:27:37.857,1.37625,1.37616,0.75,0.82
26.08.2021 00:27:38.694,1.37627,1.37615,0.75,0.82
26.08.2021 00:27:38.796,1.37629,1.3761700000000001,1.95,0.75
26.08.2021 00:27:58.242,1.37629,1.37618,1.57,0.82
26.08.2021 00:27:58.343,1.3763,1.37618,1.5,0.1
26.08.2021 00:28:00.020,1.3763100000000001,1.3762200000000002,0.75,0.1
26.08.2021 00:28:00.071,1.3763200000000002,1.3762400000000001,0.45,0.82
26.08.2021 00:28:00.122,1.3763400000000001,1.37625,1.69,0.75
26.08.2021 00:28:00.274,1.37635,1.37625,1.69,0.82
26.08.2021 00:28:13.776,1.37635,1.37626,1.69,0.75
26.08.2021 00:28:14.081,1.37635,1.37625,1.69,0.82
26.08.2021 00:28:21.347,1.37635,1.37626,0.19,0.1
26.08.2021 00:28:21.549,1.37635,1.37625,0.19,0.82
26.08.2021 00:29:00.399,1.37637,1.3762400000000001,2.21,0.82
26.08.2021 00:29:04.786,1.37636,1.37626,1.57,0.75
26.08.2021 00:29:04.888,1.37637,1.37626,1.95,0.75
26.08.2021 00:29:04.989,1.37637,1.37627,1.57,0.75
26.08.2021 00:29:05.301,1.37636,1.37627,0.75,0.75
26.08.2021 00:29:05.621,1.37638,1.37626,1.87,0.82
26.08.2021 00:29:06.702,1.37638,1.37627,1.87,0.75
26.08.2021 00:29:06.804,1.37636,1.37627,0.75,0.75
26.08.2021 00:29:07.327,1.37637,1.37625,1.5,0.82
26.08.2021 00:29:30.159,1.37636,1.37625,0.75,0.82
26.08.2021 00:29:30.298,1.37636,1.37626,1.5,0.82
26.08.2021 00:29:30.557,1.37637,1.37626,1.57,0.82
26.08.2021 00:29:31.814,1.37637,1.37627,1.5,0.1
26.08.2021 00:29:32.231,1.37639,1.37627,0.82,0.75
26.08.2021 00:29:32.538,1.37638,1.37629,0.75,0.75
26.08.2021 00:29:32.644,1.37639,1.3763,0.75,0.75
26.08.2021 00:29:32.752,1.3764,1.3763,1.5,0.75
26.08.2021 00:29:35.860,1.3764,1.37629,0.75,0.82
26.08.2021 00:29:36.669,1.3764,1.3763,2.32,0.75
26.08.2021 00:29:36.770,1.37639,1.3763,0.75,0.75
26.08.2021 00:29:37.023,1.3764100000000001,1.37629,2.32,0.75
26.08.2021 00:29:37.365,1.37639,1.3763,0.75,0.75
26.08.2021 00:29:38.033,1.3764,1.3763,2.32,0.75
26.08.2021 00:29:38.135,1.37639,1.3763,0.75,0.75
26.08.2021 00:29:39.112,1.3764,1.3763,2.32,0.75
26.08.2021 00:29:39.514,1.37639,1.3763,0.75,0.75
26.08.2021 00:29:40.663,1.37639,1.37629,0.75,0.75
26.08.2021 00:29:40.826,1.3764100000000001,1.37628,2.25,0.75
26.08.2021 00:29:40.983,1.37639,1.37629,0.75,0.75
26.08.2021 00:29:41.428,1.37639,1.3763,1.5,0.1
26.08.2021 00:29:41.635,1.37639,1.37629,0.75,0.82
26.08.2021 00:29:44.487,1.37639,1.3763,0.75,0.82
26.08.2021 00:29:46.863,1.37638,1.37628,0.75,0.75
26.08.2021 00:29:46.914,1.37638,1.37626,1.57,0.75
26.08.2021 00:29:47.015,1.37636,1.37627,0.75,0.75
26.08.2021 00:29:49.054,1.37638,1.37626,2.02,0.75
26.08.2021 00:29:51.138,1.37636,1.37627,0.75,0.75
26.08.2021 00:29:53.216,1.37637,1.37627,1.95,0.75
26.08.2021 00:29:53.319,1.37637,1.37626,0.75,0.75
26.08.2021 00:29:53.779,1.37636,1.37626,1.57,0.75
26.08.2021 00:29:56.880,1.3763400000000001,1.37626,0.75,0.75
26.08.2021 00:29:57.032,1.3763400000000001,1.37625,0.82,0.75
26.08.2021 00:30:00.451,1.37629,1.3762100000000002,2.25,1.12
26.08.2021 00:30:00.502,1.37627,1.37618,1.5,0.1
26.08.2021 00:30:00.604,1.37627,1.37616,0.75,0.75
26.08.2021 00:30:02.331,1.37627,1.37615,0.75,0.82
26.08.2021 00:30:02.433,1.37626,1.37615,0.19,0.82
26.08.2021 00:30:20.571,1.37625,1.37614,0.75,0.75
26.08.2021 00:30:21.754,1.3762200000000002,1.37613,0.94,0.1
26.08.2021 00:30:21.856,1.3762200000000002,1.3761200000000002,1.12,0.82
26.08.2021 00:30:22.480,1.3762200000000002,1.3761100000000002,0.75,0.75
26.08.2021 00:30:28.719,1.37618,1.3761,0.75,0.75
26.08.2021 00:30:28.770,1.37616,1.37608,0.75,0.82
26.08.2021 00:30:28.871,1.37616,1.3760700000000001,0.75,0.75
26.08.2021 00:30:39.283,1.37616,1.37606,0.19,0.75
26.08.2021 00:30:39.384,1.37615,1.37606,0.19,0.82
26.08.2021 00:30:53.862,1.37618,1.37606,1.5,0.82
26.08.2021 00:30:53.964,1.37619,1.3761,0.45,0.75
26.08.2021 00:30:54.065,1.37619,1.3761,0.94,0.82
26.08.2021 00:30:54.893,1.3762,1.3761,0.94,0.75
26.08.2021 00:30:56.493,1.3762,1.3761100000000002,0.19,0.75
26.08.2021 00:30:56.595,1.3762,1.3761200000000002,0.75,0.75
26.08.2021 00:30:56.898,1.3762200000000002,1.3761100000000002,1.87,0.75
26.08.2021 00:30:57.013,1.3762,1.3761200000000002,0.75,0.75
26.08.2021 00:30:57.114,1.3762100000000002,1.3761200000000002,1.87,0.75
26.08.2021 00:30:58.795,1.3762400000000001,1.3761200000000002,0.82,0.82
26.08.2021 00:30:58.897,1.3762400000000001,1.37613,0.45,0.75
26.08.2021 00:30:58.998,1.3762400000000001,1.37614,1.69,0.82
26.08.2021 00:31:03.323,1.3762400000000001,1.37613,1.2,0.1
26.08.2021 00:31:07.872,1.3762400000000001,1.37614,0.75,0.1
26.08.2021 00:31:09.201,1.37626,1.37613,2.7,0.1
26.08.2021 00:31:29.164,1.37626,1.37614,1.12,0.1
26.08.2021 00:31:36.867,1.37626,1.37613,1.2,0.1
26.08.2021 00:31:37.019,1.3762400000000001,1.37613,0.19,0.1
26.08.2021 00:31:37.121,1.3762200000000002,1.3761200000000002,0.19,0.1
26.08.2021 00:31:38.489,1.3762400000000001,1.37613,1.95,0.1
26.08.2021 00:31:42.321,1.3762400000000001,1.37614,0.75,0.1
26.08.2021 00:31:44.172,1.37626,1.37613,1.76,0.1
26.08.2021 00:31:45.390,1.37626,1.37614,1.69,0.1
26.08.2021 00:32:25.444,1.37626,1.37616,2.44,0.1
26.08.2021 00:32:27.095,1.37625,1.37616,0.19,0.1
26.08.2021 00:32:27.197,1.37626,1.37614,0.19,0.1
26.08.2021 00:32:45.645,1.37625,1.37613,0.94,0.1
26.08.2021 00:32:53.264,1.3762400000000001,1.37615,0.19,0.1
26.08.2021 00:32:57.287,1.3762400000000001,1.37614,0.19,0.1
26.08.2021 00:32:57.964,1.3762400000000001,1.37615,0.19,0.1
26.08.2021 00:32:58.265,1.37625,1.37616,0.19,0.1
26.08.2021 00:33:12.322,1.37626,1.3761700000000001,1.69,0.1
26.08.2021 00:33:13.641,1.37627,1.37618,0.75,0.1
26.08.2021 00:33:13.742,1.37629,1.3761700000000001,1.69,0.1
26.08.2021 00:33:13.844,1.37629,1.37618,1.76,0.1
26.08.2021 00:33:13.945,1.37629,1.37619,0.75,0.1
26.08.2021 00:33:24.740,1.37629,1.3761700000000001,1.76,0.75
26.08.2021 00:33:24.791,1.37627,1.37616,0.82,0.1
26.08.2021 00:33:28.636,1.37628,1.37618,2.77,0.1
26.08.2021 00:33:28.788,1.37629,1.37618,1.5,0.1
26.08.2021 00:33:31.743,1.37628,1.37618,0.82,0.1
26.08.2021 00:33:37.122,1.37628,1.37619,0.75,0.1
26.08.2021 00:33:42.952,1.3763,1.37618,2.32,0.1
26.08.2021 00:33:50.249,1.3763200000000002,1.3762100000000002,0.82,1.2
26.08.2021 00:33:50.351,1.3763200000000002,1.3762200000000002,0.45,0.1
26.08.2021 00:33:50.453,1.37635,1.3762200000000002,1.95,0.1
26.08.2021 00:34:22.836,1.3763200000000002,1.3762200000000002,1.87,0.1
26.08.2021 00:34:23.140,1.3763200000000002,1.3762100000000002,2.7,0.82
26.08.2021 00:34:25.098,1.3763,1.37619,2.7,0.1
26.08.2021 00:34:32.240,1.3763,1.3761700000000001,1.2,0.1
26.08.2021 00:34:32.342,1.37628,1.3761700000000001,0.45,0.82
26.08.2021 00:34:32.595,1.37628,1.37615,1.95,0.82
26.08.2021 00:34:32.697,1.37627,1.37615,0.75,0.1
26.08.2021 00:34:32.798,1.37626,1.37615,0.75,0.1
26.08.2021 00:34:33.932,1.37625,1.37615,0.75,0.82
26.08.2021 00:34:39.847,1.37626,1.37618,0.75,0.1
26.08.2021 00:34:39.897,1.37629,1.3761700000000001,1.57,0.1
26.08.2021 00:34:40.415,1.37628,1.37619,0.75,0.1
26.08.2021 00:34:41.077,1.37629,1.3761700000000001,0.82,0.1
26.08.2021 00:34:50.378,1.37629,1.37619,2.51,0.1
26.08.2021 00:34:59.575,1.37627,1.3761700000000001,0.1,0.82
26.08.2021 00:34:59.676,1.37627,1.37616,0.75,0.1
26.08.2021 00:35:06.010,1.37627,1.37615,0.82,0.1
26.08.2021 00:35:15.057,1.37626,1.37615,0.75,0.1
26.08.2021 00:35:20.711,1.37627,1.37615,1.76,0.1
26.08.2021 00:35:21.356,1.37626,1.37615,0.75,0.1
26.08.2021 00:35:21.814,1.37626,1.37616,1.01,0.1
26.08.2021 00:35:32.171,1.37626,1.37615,0.75,0.1
26.08.2021 00:35:32.708,1.3762400000000001,1.37615,0.19,0.1
26.08.2021 00:35:33.441,1.37625,1.37615,1.01,0.1
26.08.2021 00:35:33.552,1.3762400000000001,1.37615,0.94,0.1
26.08.2021 00:35:42.912,1.37625,1.37615,1.76,0.1
26.08.2021 00:35:52.440,1.3762400000000001,1.37615,0.75,0.1
26.08.2021 00:36:00.702,1.37625,1.37615,1.95,0.1
26.08.2021 00:36:01.233,1.3762400000000001,1.37615,0.75,0.1
26.08.2021 00:36:01.335,1.37625,1.37615,0.1,0.1
26.08.2021 00:36:01.446,1.37626,1.37616,1.76,0.1
26.08.2021 00:36:19.173,1.37625,1.37616,0.75,0.1
26.08.2021 00:36:27.784,1.37627,1.37615,0.26,0.1
26.08.2021 00:36:29.143,1.37625,1.37616,0.19,0.1
26.08.2021 00:36:29.245,1.37625,1.3761700000000001,0.75,0.1
26.08.2021 00:36:29.347,1.37628,1.37616,2.51,0.1
26.08.2021 00:36:29.729,1.37627,1.37616,0.75,0.1
26.08.2021 00:36:30.626,1.37625,1.37616,0.75,0.1
26.08.2021 00:36:30.729,1.3762400000000001,1.37615,0.75,0.82
26.08.2021 00:36:32.063,1.3762400000000001,1.37614,0.75,0.82
26.08.2021 00:36:32.272,1.3762400000000001,1.37615,0.75,0.82
26.08.2021 00:36:32.323,1.3762200000000002,1.37615,0.75,0.82
26.08.2021 00:36:32.374,1.3762400000000001,1.37615,0.75,0.82
26.08.2021 00:36:39.214,1.37625,1.37613,1.57,0.1
26.08.2021 00:36:42.733,1.3762400000000001,1.3761200000000002,1.01,0.1
26.08.2021 00:36:42.784,1.3762100000000002,1.3761200000000002,0.75,0.1
26.08.2021 00:36:42.886,1.3762100000000002,1.3761100000000002,0.82,1.2
26.08.2021 00:36:47.770,1.3762100000000002,1.37613,0.75,0.1
26.08.2021 00:36:47.821,1.37623,1.37613,0.75,0.1
26.08.2021 00:36:50.605,1.37623,1.3761200000000002,0.75,0.1
26.08.2021 00:36:52.954,1.3762200000000002,1.3761200000000002,0.75,1.57
26.08.2021 00:36:54.389,1.3762200000000002,1.37613,0.75,0.1
26.08.2021 00:36:55.490,1.37623,1.3761100000000002,0.75,1.57
26.08.2021 00:37:06.126,1.37618,1.3761100000000002,0.19,1.12
26.08.2021 00:37:06.227,1.37615,1.37606,1.5,7.57
26.08.2021 00:37:14.658,1.37615,1.37605,1.69,0.1
26.08.2021 00:37:18.052,1.37614,1.37605,0.75,0.1
26.08.2021 00:37:36.801,1.37614,1.37604,2.25,0.1
26.08.2021 00:37:37.956,1.37614,1.37605,2.25,0.1
26.08.2021 00:37:58.608,1.37615,1.37603,2.25,0.1
26.08.2021 00:38:03.744,1.37614,1.37605,2.25,0.1
26.08.2021 00:38:06.417,1.3761200000000002,1.37604,0.75,0.1
26.08.2021 00:38:09.088,1.37613,1.3760200000000002,0.75,0.1
26.08.2021 00:38:15.784,1.37613,1.3760100000000002,0.75,1.57
26.08.2021 00:38:28.713,1.37613,1.3760200000000002,0.75,0.1
26.08.2021 00:38:31.145,1.37613,1.3760100000000002,0.75,1.57
26.08.2021 00:38:41.960,1.37608,1.37599,0.75,2.61
26.08.2021 00:38:42.062,1.37606,1.3759700000000001,1.69,0.1
26.08.2021 00:38:42.163,1.37606,1.37595,0.75,7.57
26.08.2021 00:38:42.419,1.37606,1.37598,1.69,0.75
26.08.2021 00:38:42.623,1.3760700000000001,1.37596,1.69,0.1
26.08.2021 00:38:45.952,1.37605,1.3759700000000001,0.75,0.1
26.08.2021 00:38:52.687,1.37606,1.3759700000000001,1.69,0.1
26.08.2021 00:38:59.798,1.3760700000000001,1.3759700000000001,0.94,0.1
26.08.2021 00:39:00.665,1.3760700000000001,1.37598,0.75,0.1
26.08.2021 00:39:01.479,1.37606,1.3759700000000001,0.94,0.1
26.08.2021 00:39:03.014,1.3760700000000001,1.37598,0.94,0.1
26.08.2021 00:39:03.115,1.37608,1.37596,0.94,0.1
26.08.2021 00:39:03.217,1.37608,1.3759700000000001,0.94,0.1
26.08.2021 00:39:04.975,1.37606,1.37596,0.94,0.82
26.08.2021 00:39:05.774,1.3760700000000001,1.3759700000000001,0.94,0.1
26.08.2021 00:39:07.155,1.37605,1.37596,0.19,0.1
26.08.2021 00:39:07.256,1.37606,1.37594,0.94,0.1
26.08.2021 00:39:07.667,1.37605,1.37595,0.75,0.1
26.08.2021 00:39:07.769,1.37606,1.37595,0.94,0.1
26.08.2021 00:39:07.870,1.37604,1.37596,0.75,0.1
26.08.2021 00:39:08.389,1.37605,1.37594,0.75,0.1
26.08.2021 00:39:11.221,1.37606,1.37594,0.94,0.1
26.08.2021 00:39:12.994,1.37605,1.37596,0.19,0.1
26.08.2021 00:39:15.804,1.37604,1.37596,0.94,0.1
26.08.2021 00:39:15.905,1.37604,1.37595,0.19,0.1
26.08.2021 00:39:16.057,1.37604,1.37594,1.69,0.1
26.08.2021 00:39:16.845,1.37603,1.37594,0.19,0.1
26.08.2021 00:39:37.397,1.37603,1.37593,0.19,2.32
26.08.2021 00:39:37.518,1.37603,1.37594,0.19,0.1
26.08.2021 00:39:47.889,1.37603,1.37593,0.94,1.57
26.08.2021 00:39:50.375,1.37603,1.37594,0.94,0.1
26.08.2021 00:40:05.169,1.37604,1.37592,0.94,1.57
26.08.2021 00:40:05.383,1.3760200000000002,1.37593,0.75,1.57
26.08.2021 00:40:14.336,1.37604,1.37592,0.94,0.82
26.08.2021 00:40:34.864,1.3759700000000001,1.3759000000000001,0.19,0.37
26.08.2021 00:40:34.966,1.37596,1.37588,0.94,0.75
26.08.2021 00:40:35.540,1.3759700000000001,1.37586,0.94,0.1
26.08.2021 00:40:41.817,1.37595,1.3758700000000001,0.19,0.1
26.08.2021 00:40:43.464,1.37599,1.3759000000000001,0.75,2.51
26.08.2021 00:40:43.567,1.3760100000000002,1.3759000000000001,0.64,0.82
26.08.2021 00:40:43.669,1.3760000000000001,1.37592,0.19,0.75
26.08.2021 00:40:43.922,1.37603,1.3759100000000002,0.94,0.82
26.08.2021 00:40:44.024,1.3760200000000002,1.37593,0.94,0.1
26.08.2021 00:41:14.147,1.37603,1.37593,0.94,0.82
26.08.2021 00:41:14.364,1.37603,1.37594,0.94,0.1
26.08.2021 00:41:17.504,1.37603,1.37595,0.75,0.1
26.08.2021 00:41:28.239,1.37603,1.3759700000000001,0.94,0.75
26.08.2021 00:41:52.190,1.37604,1.37594,0.75,1.95
26.08.2021 00:42:35.006,1.37604,1.37593,0.94,0.75
26.08.2021 00:42:35.158,1.37603,1.37593,0.75,0.82
26.08.2021 00:42:57.069,1.37603,1.37594,0.94,0.82
26.08.2021 00:42:57.170,1.37604,1.37594,0.75,0.1
26.08.2021 00:43:16.408,1.37604,1.37593,0.75,1.2
26.08.2021 00:43:21.588,1.37603,1.37595,0.75,0.75
26.08.2021 00:43:23.153,1.37604,1.37595,0.94,0.75
26.08.2021 00:43:39.673,1.37603,1.37595,0.19,0.75
26.08.2021 00:43:39.774,1.37605,1.37594,0.94,0.75
26.08.2021 00:43:51.647,1.37605,1.37593,0.94,0.82
26.08.2021 00:44:08.640,1.37603,1.37593,0.75,1.01
26.08.2021 00:44:09.540,1.37604,1.37593,1.01,1.76
26.08.2021 00:44:11.421,1.37605,1.37593,1.01,0.75
26.08.2021 00:44:16.043,1.37604,1.37593,1.57,1.57
26.08.2021 00:44:26.829,1.37604,1.37594,1.01,0.19
26.08.2021 00:44:29.531,1.37603,1.37593,0.75,1.76
26.08.2021 00:44:32.685,1.37605,1.37592,1.01,1.76
26.08.2021 00:44:33.653,1.37604,1.37592,0.75,1.76
26.08.2021 00:44:33.842,1.37603,1.37594,0.75,0.1
26.08.2021 00:44:36.954,1.37605,1.37593,0.94,0.1
26.08.2021 00:44:49.150,1.37605,1.37594,1.39,1.01
26.08.2021 00:45:01.565,1.37606,1.37595,0.75,0.1
26.08.2021 00:45:01.771,1.37605,1.37595,0.75,0.1
26.08.2021 00:45:01.873,1.37606,1.3759700000000001,0.75,0.1
26.08.2021 00:45:02.025,1.3760700000000001,1.37595,0.82,0.1
26.08.2021 00:45:02.494,1.37606,1.3759700000000001,0.75,0.1
26.08.2021 00:45:02.631,1.37606,1.37599,0.75,1.12
26.08.2021 00:45:02.783,1.37606,1.37595,0.75,0.37
26.08.2021 00:45:07.760,1.37605,1.37595,0.75,1.57
26.08.2021 00:45:11.711,1.37606,1.37596,0.75,0.1
26.08.2021 00:45:11.813,1.37606,1.3759700000000001,0.75,0.1
26.08.2021 00:45:47.618,1.3761,1.3760100000000002,1.95,0.75
26.08.2021 00:45:47.720,1.3761200000000002,1.37603,7.5,0.1
26.08.2021 00:45:47.872,1.37613,1.37604,0.75,0.1
26.08.2021 00:45:47.973,1.37614,1.37605,0.75,0.1
26.08.2021 00:45:51.953,1.37616,1.37604,0.82,0.82
26.08.2021 00:45:56.872,1.37616,1.37606,1.5,1.12
26.08.2021 00:46:08.808,1.3761,1.3760100000000002,0.94,4.31
26.08.2021 00:46:08.910,1.37606,1.3760100000000002,0.19,7.5
26.08.2021 00:46:09.011,1.3761,1.3760000000000001,0.19,7.5
26.08.2021 00:46:09.113,1.37609,1.3760000000000001,0.19,0.1
26.08.2021 00:46:09.944,1.3761100000000002,1.37599,1.69,0.1
26.08.2021 00:46:17.523,1.37608,1.3759700000000001,0.75,0.82
26.08.2021 00:46:21.855,1.3761100000000002,1.3760000000000001,1.39,0.82
26.08.2021 00:46:22.451,1.37609,1.3760100000000002,0.19,0.1
26.08.2021 00:46:22.502,1.37609,1.37599,0.19,0.82
26.08.2021 00:46:58.496,1.37609,1.37598,0.19,1.57
26.08.2021 00:47:03.443,1.37604,1.37596,0.37,0.1
26.08.2021 00:47:03.495,1.37605,1.37593,0.56,1.57
26.08.2021 00:47:03.900,1.37603,1.37594,0.19,1.5
26.08.2021 00:47:30.383,1.37604,1.37594,0.19,0.75
26.08.2021 00:47:37.853,1.37603,1.37594,0.19,1.57
26.08.2021 00:47:48.075,1.37603,1.37595,0.19,0.75
26.08.2021 00:47:52.250,1.37604,1.37595,0.19,0.82
26.08.2021 00:48:06.774,1.37603,1.37595,0.19,0.75
26.08.2021 00:48:15.772,1.37605,1.37595,0.19,0.75
26.08.2021 00:48:16.812,1.37605,1.37594,0.19,1.57
26.08.2021 00:48:27.653,1.37606,1.37594,0.19,0.75
26.08.2021 00:48:38.322,1.37605,1.37596,0.94,0.75
26.08.2021 00:48:38.424,1.37608,1.3759700000000001,1.27,0.82
26.08.2021 00:48:38.475,1.37608,1.3760000000000001,0.45,0.75
26.08.2021 00:48:38.576,1.37609,1.37599,0.45,0.1
26.08.2021 00:48:38.728,1.3761100000000002,1.37598,1.01,0.1
26.08.2021 00:48:39.435,1.3761,1.37598,0.75,0.1
26.08.2021 00:48:39.536,1.3761100000000002,1.37598,1.76,0.1
26.08.2021 00:49:09.059,1.3761,1.3759700000000001,3.64,0.1
26.08.2021 00:49:09.160,1.37609,1.3759700000000001,0.75,0.1
26.08.2021 00:49:10.148,1.37609,1.37598,2.32,0.1
26.08.2021 00:49:13.670,1.37609,1.37599,2.32,1.52
26.08.2021 00:49:14.143,1.37609,1.37598,2.32,1.59
26.08.2021 00:49:14.361,1.3761,1.37598,2.32,1.52
26.08.2021 00:49:15.644,1.3761,1.3759700000000001,2.32,1.59
26.08.2021 00:49:16.087,1.37609,1.37599,2.32,1.52
26.08.2021 00:49:16.515,1.3761,1.3759700000000001,2.32,1.59
26.08.2021 00:49:31.718,1.37609,1.37599,0.82,1.52
26.08.2021 00:49:34.003,1.37609,1.37598,0.82,0.1
26.08.2021 00:49:38.331,1.37608,1.37598,0.1,0.1
26.08.2021 00:49:49.600,1.37609,1.3760000000000001,0.1,3.37
26.08.2021 00:49:49.701,1.37614,1.37603,3.21,1.95
26.08.2021 00:49:49.803,1.37616,1.37603,0.26,1.01
26.08.2021 00:49:50.138,1.37615,1.37605,0.26,0.37
26.08.2021 00:49:51.134,1.3761700000000001,1.37606,1.39,0.37
26.08.2021 00:49:53.000,1.37616,1.37605,1.39,1.76
26.08.2021 00:49:53.281,1.37616,1.37606,0.19,0.1
26.08.2021 00:49:53.333,1.37619,1.37606,1.2,0.82
26.08.2021 00:49:53.702,1.37618,1.37608,1.12,0.1
26.08.2021 00:49:54.342,1.37619,1.37608,2.7,0.1
26.08.2021 00:49:54.548,1.37619,1.37609,1.95,1.52
26.08.2021 00:49:54.859,1.3762,1.37609,1.95,1.52
26.08.2021 00:49:55.078,1.37619,1.37608,1.95,0.1
26.08.2021 00:49:56.812,1.37619,1.37609,1.12,0.1
26.08.2021 00:50:34.527,1.37618,1.37609,0.82,0.75
26.08.2021 00:50:34.628,1.37618,1.3760700000000001,1.2,1.2
26.08.2021 00:50:34.730,1.3761700000000001,1.3760700000000001,0.1,1.12
26.08.2021 00:50:44.301,1.37619,1.37606,0.82,0.82
26.08.2021 00:50:44.663,1.3762,1.3760700000000001,0.82,0.82
26.08.2021 00:50:50.257,1.37619,1.37609,0.75,0.1
26.08.2021 00:50:50.459,1.3762,1.37609,1.95,0.1
26.08.2021 00:51:04.272,1.3762,1.3761,1.12,0.1
26.08.2021 00:51:04.976,1.3762100000000002,1.3761100000000002,0.75,0.1
26.08.2021 00:51:05.232,1.3762200000000002,1.3761100000000002,0.82,0.82
26.08.2021 00:51:06.169,1.3762400000000001,1.37615,0.45,0.75
26.08.2021 00:51:06.992,1.37625,1.37615,0.1,0.75
26.08.2021 00:51:07.426,1.37625,1.3761700000000001,0.1,0.37
26.08.2021 00:51:09.147,1.37626,1.3761700000000001,0.1,0.37
26.08.2021 00:51:12.495,1.37626,1.37616,0.1,0.75
26.08.2021 00:51:12.597,1.37627,1.37616,1.57,0.82
26.08.2021 00:51:12.833,1.37627,1.3761700000000001,1.57,0.37
26.08.2021 00:51:13.346,1.37627,1.37616,1.57,0.82
26.08.2021 00:51:17.433,1.37626,1.37616,0.1,0.75
26.08.2021 00:51:20.383,1.37627,1.37614,0.1,1.57
26.08.2021 00:51:27.202,1.37628,1.37615,0.82,0.82
26.08.2021 00:51:41.459,1.37628,1.37616,1.95,1.57
26.08.2021 00:52:05.065,1.37628,1.37618,1.76,0.75
26.08.2021 00:52:05.167,1.3763400000000001,1.37623,0.75,0.75
26.08.2021 00:52:05.320,1.37633,1.3762400000000001,0.75,0.75
26.08.2021 00:52:05.371,1.37635,1.37625,0.45,0.75
26.08.2021 00:52:15.344,1.37636,1.37625,1.2,0.75
26.08.2021 00:52:22.099,1.37637,1.37625,1.2,0.75
26.08.2021 00:52:25.055,1.37636,1.37625,0.1,0.75
26.08.2021 00:52:30.414,1.37636,1.3762400000000001,0.1,1.5
26.08.2021 00:52:38.792,1.3763400000000001,1.37625,0.1,0.75
26.08.2021 00:52:44.267,1.3763400000000001,1.37623,0.82,2.25
26.08.2021 00:52:46.434,1.3763400000000001,1.3762400000000001,0.82,0.75
26.08.2021 00:52:51.629,1.37635,1.3762200000000002,0.82,1.87
26.08.2021 00:52:55.914,1.3763400000000001,1.3762400000000001,0.82,1.12
26.08.2021 00:52:57.946,1.3763400000000001,1.37623,0.82,3
26.08.2021 00:53:14.159,1.37635,1.3762400000000001,0.82,0.75
26.08.2021 00:53:14.262,1.37638,1.37626,2.14,0.75
26.08.2021 00:53:23.401,1.37637,1.37626,0.19,1.76
26.08.2021 00:53:30.207,1.37636,1.3762400000000001,0.19,1.95
26.08.2021 00:53:30.309,1.3763,1.3762200000000002,0.75,0.75
26.08.2021 00:53:30.461,1.3763100000000001,1.3762200000000002,1.57,0.75
26.08.2021 00:53:31.086,1.3763200000000002,1.37619,1.57,0.94
26.08.2021 00:53:32.804,1.3763100000000001,1.37618,2.7,1.87
26.08.2021 00:53:32.906,1.37629,1.37619,0.1,1.12
26.08.2021 00:53:33.864,1.37628,1.37619,0.75,1.5
26.08.2021 00:53:33.915,1.3763,1.37619,2.7,3.37
26.08.2021 00:53:36.315,1.37629,1.37619,0.1,1.87
26.08.2021 00:53:36.764,1.3763100000000001,1.37618,3.64,1.87
26.08.2021 00:53:36.865,1.37628,1.3761700000000001,1.01,0.75
26.08.2021 00:53:39.267,1.3763,1.37623,1.5,0.19
26.08.2021 00:53:39.319,1.37633,1.3762200000000002,0.45,0.19
26.08.2021 00:53:39.421,1.37633,1.3762200000000002,1.95,0.75
26.08.2021 00:53:39.473,1.3763100000000001,1.3762,1.76,0.75
26.08.2021 00:53:45.296,1.3763100000000001,1.3762100000000002,0.75,0.75
26.08.2021 00:53:45.398,1.37636,1.37626,0.82,2.06
26.08.2021 00:53:45.499,1.37637,1.37626,1.5,1.95
26.08.2021 00:53:51.875,1.37636,1.37626,0.75,0.82
26.08.2021 00:53:52.743,1.3763200000000002,1.37625,0.75,0.37
26.08.2021 00:53:52.848,1.3763,1.3762,3.37,7.76
26.08.2021 00:53:52.949,1.3763,1.3762,1.5,0.19
26.08.2021 00:53:53.371,1.3763100000000001,1.3762,0.75,2.14
26.08.2021 00:53:53.423,1.3763200000000002,1.3762200000000002,0.75,2.7
26.08.2021 00:53:55.451,1.3763400000000001,1.3762100000000002,0.75,2.32
26.08.2021 00:53:56.898,1.37637,1.37627,0.75,0.19
26.08.2021 00:53:56.999,1.37638,1.37627,0.75,0.19
26.08.2021 00:53:59.956,1.37637,1.37629,0.75,0.75
26.08.2021 00:54:00.007,1.3764100000000001,1.3763100000000001,0.75,1.12
26.08.2021 00:54:00.109,1.3764200000000002,1.3763100000000001,1.5,1.2
26.08.2021 00:54:00.313,1.3764,1.3763100000000001,0.75,0.75
26.08.2021 00:54:03.586,1.3764,1.3763,0.75,2.62
26.08.2021 00:54:05.424,1.37638,1.37627,2.32,0.75
26.08.2021 00:54:05.526,1.37637,1.37626,0.75,3.34
26.08.2021 00:54:05.627,1.37635,1.37625,1.5,0.75
26.08.2021 00:54:05.779,1.3763400000000001,1.37627,0.75,0.19
26.08.2021 00:54:05.881,1.37635,1.37628,0.75,0.19
26.08.2021 00:54:06.772,1.37635,1.37627,0.75,0.56
26.08.2021 00:54:07.584,1.37636,1.37623,1.12,3.09
26.08.2021 00:54:07.635,1.3763100000000001,1.37623,0.75,1.52
26.08.2021 00:54:07.686,1.3763100000000001,1.37618,1.5,2.32
26.08.2021 00:54:08.408,1.37627,1.37618,0.75,0.37
26.08.2021 00:54:08.509,1.37627,1.3761700000000001,0.75,0.37
26.08.2021 00:54:15.784,1.37627,1.3762400000000001,0.75,0.94
26.08.2021 00:54:15.835,1.37633,1.3762200000000002,1.87,0.19
26.08.2021 00:54:16.038,1.3763200000000002,1.3762100000000002,0.75,0.26
26.08.2021 00:54:16.140,1.3763100000000001,1.3762100000000002,0.75,0.82
26.08.2021 00:54:16.570,1.37628,1.37618,0.94,4.2
26.08.2021 00:54:17.777,1.37627,1.37616,0.94,0.75
26.08.2021 00:54:17.828,1.3762400000000001,1.3761200000000002,0.94,2.42
26.08.2021 00:54:17.980,1.37623,1.3761200000000002,1.5,1.2
26.08.2021 00:54:19.494,1.3762100000000002,1.3761100000000002,1.5,1.5
26.08.2021 00:54:19.647,1.3762,1.3761100000000002,0.75,1.12
26.08.2021 00:54:19.748,1.3762100000000002,1.3761,1.5,1.95
26.08.2021 00:54:21.087,1.3762,1.37609,1.5,1.12
26.08.2021 00:54:21.668,1.3762,1.3761,0.75,0.75
26.08.2021 00:54:21.720,1.3762200000000002,1.3761200000000002,0.75,0.75
26.08.2021 00:54:21.771,1.3762100000000002,1.3761,0.75,3.75
26.08.2021 00:54:21.872,1.3762,1.3761,0.75,0.82
26.08.2021 00:54:21.974,1.3762,1.37609,1.5,1.57
26.08.2021 00:54:23.131,1.37618,1.37609,0.75,0.75
26.08.2021 00:54:23.500,1.37618,1.37608,0.75,0.82
26.08.2021 00:54:24.893,1.3761700000000001,1.37608,0.75,0.75
26.08.2021 00:54:24.945,1.37615,1.37605,0.75,3.52
26.08.2021 00:54:25.978,1.37614,1.37605,0.75,0.75
26.08.2021 00:54:26.781,1.37614,1.37604,0.75,1.95
26.08.2021 00:54:30.818,1.37613,1.37604,0.75,1.57
26.08.2021 00:54:31.020,1.37614,1.3760700000000001,0.75,0.19
26.08.2021 00:54:31.121,1.37615,1.37608,0.75,0.19
26.08.2021 00:54:31.324,1.3761700000000001,1.3760700000000001,0.75,0.19
26.08.2021 00:54:31.425,1.3762,1.37608,0.75,4.2
26.08.2021 00:54:31.527,1.37618,1.37609,0.75,3.07
26.08.2021 00:54:32.729,1.3762,1.37615,0.75,1.87
26.08.2021 00:54:32.780,1.37623,1.37614,0.94,1.12
26.08.2021 00:54:32.831,1.37619,1.3761200000000002,0.75,0.45
26.08.2021 00:54:32.933,1.37619,1.37609,0.75,0.75
26.08.2021 00:54:33.086,1.37618,1.37609,0.75,0.37
26.08.2021 00:54:34.443,1.37618,1.37608,0.75,2.06
26.08.2021 00:54:35.079,1.37616,1.37608,0.75,2.06
26.08.2021 00:54:35.182,1.3762100000000002,1.37616,0.75,1.12
26.08.2021 00:54:35.235,1.3762200000000002,1.3761200000000002,1.5,1.2
26.08.2021 00:54:35.286,1.37618,1.3761100000000002,0.75,0.75
26.08.2021 00:54:35.389,1.37618,1.3761,0.75,0.64
26.08.2021 00:54:35.594,1.37619,1.3761,0.75,1.31
26.08.2021 00:54:37.138,1.3762,1.37616,0.75,1.87
26.08.2021 00:54:37.189,1.3762200000000002,1.37616,0.75,1.87
26.08.2021 00:54:37.240,1.37625,1.37615,0.75,1.87
26.08.2021 00:54:37.394,1.3762400000000001,1.37615,0.75,0.94
26.08.2021 00:54:37.445,1.3762200000000002,1.37613,0.75,0.37
26.08.2021 00:54:37.547,1.3762100000000002,1.37615,0.75,0.19
26.08.2021 00:54:38.110,1.3762,1.37613,0.75,0.37
26.08.2021 00:54:38.162,1.3762,1.3761200000000002,0.75,0.9
26.08.2021 00:54:38.264,1.37619,1.3761100000000002,0.75,2.32
26.08.2021 00:54:39.391,1.3762,1.37609,0.75,1.57
26.08.2021 00:54:39.688,1.37618,1.3761,0.75,1.57
26.08.2021 00:54:39.847,1.37615,1.37608,0.75,0.82
26.08.2021 00:54:40.000,1.37615,1.37606,0.75,2.89
26.08.2021 00:54:40.481,1.37615,1.3761100000000002,0.75,0.75
26.08.2021 00:54:40.532,1.3761700000000001,1.3761100000000002,1.5,1.5
26.08.2021 00:54:40.583,1.3762,1.3761200000000002,0.75,0.75
26.08.2021 00:54:40.684,1.37619,1.3761100000000002,0.75,0.75
26.08.2021 00:54:40.735,1.37619,1.37609,0.75,0.75
26.08.2021 00:54:42.180,1.3762,1.37609,0.75,2.7
26.08.2021 00:54:42.281,1.3762,1.3761100000000002,0.75,0.75
26.08.2021 00:54:42.775,1.3761700000000001,1.37608,0.75,0.9
26.08.2021 00:54:42.876,1.37615,1.37609,0.75,0.45
26.08.2021 00:54:42.978,1.37615,1.37608,0.75,0.82
26.08.2021 00:54:43.466,1.37616,1.37606,0.75,1.2
26.08.2021 00:54:44.099,1.37614,1.3760700000000001,0.75,1.2
26.08.2021 00:54:44.201,1.3761200000000002,1.37606,0.75,0.56
26.08.2021 00:54:44.353,1.37613,1.37606,0.75,0.94
26.08.2021 00:54:44.657,1.3761700000000001,1.3761200000000002,1.12,0.75
26.08.2021 00:54:44.759,1.37616,1.37609,0.75,2.25
26.08.2021 00:54:44.861,1.37616,1.37606,0.75,0.82
26.08.2021 00:54:44.962,1.37615,1.37606,0.75,0.82
26.08.2021 00:54:46.684,1.37608,1.37604,0.75,0.82
26.08.2021 00:54:46.735,1.3761100000000002,1.3760100000000002,0.75,1.87
26.08.2021 00:54:48.439,1.3761100000000002,1.37603,0.75,0.75
26.08.2021 00:54:49.125,1.3761100000000002,1.3760100000000002,0.75,2.7
26.08.2021 00:54:49.625,1.3762,1.37615,0.19,0.19
26.08.2021 00:54:49.727,1.37623,1.37618,7.5,1.12
26.08.2021 00:54:49.778,1.3762,1.37615,1.31,0.94
26.08.2021 00:54:49.880,1.3762400000000001,1.3761700000000001,0.75,1.5
26.08.2021 00:54:50.032,1.3762400000000001,1.37616,0.75,1.69
26.08.2021 00:54:50.184,1.3762100000000002,1.37613,1.5,1.71
26.08.2021 00:54:50.285,1.37619,1.37614,0.75,0.19
26.08.2021 00:54:50.336,1.3762200000000002,1.37613,1.5,0.19
26.08.2021 00:54:50.387,1.3762100000000002,1.37616,0.75,0.75
26.08.2021 00:54:50.590,1.37623,1.37616,0.75,0.75
26.08.2021 00:54:50.803,1.3762400000000001,1.3761200000000002,1.69,1.5
26.08.2021 00:54:50.854,1.3762100000000002,1.3761100000000002,1.5,1.5
26.08.2021 00:54:52.221,1.37619,1.3761,0.75,2.62
26.08.2021 00:54:52.504,1.37615,1.37609,0.75,0.94
26.08.2021 00:54:52.605,1.37613,1.37604,0.75,2.27
26.08.2021 00:54:52.707,1.3761100000000002,1.37604,0.75,0.75
26.08.2021 00:54:54.375,1.3762,1.37613,0.75,0.75
26.08.2021 00:54:54.427,1.37623,1.3761200000000002,9,0.75
26.08.2021 00:54:55.676,1.3762100000000002,1.3761100000000002,0.75,1.76
26.08.2021 00:54:57.019,1.3762100000000002,1.3761200000000002,0.75,0.75
26.08.2021 00:54:57.172,1.3762100000000002,1.3761100000000002,0.75,1.12
26.08.2021 00:54:57.325,1.3762,1.3761100000000002,0.75,2.32
26.08.2021 00:54:57.528,1.3762100000000002,1.3761200000000002,0.75,0.75
26.08.2021 00:54:58.025,1.3762200000000002,1.3761200000000002,0.75,0.75
26.08.2021 00:54:58.127,1.37619,1.3761,1.5,0.82
26.08.2021 00:54:58.229,1.37619,1.37609,0.75,1.87
26.08.2021 00:54:59.107,1.3762100000000002,1.3761,0.75,0.75
26.08.2021 00:54:59.209,1.3762,1.3761,0.75,1.76
26.08.2021 00:54:59.361,1.37619,1.3761,0.75,1.57
26.08.2021 00:54:59.462,1.3762,1.3761,0.75,3.07
26.08.2021 00:55:00.204,1.3762,1.3761700000000001,0.75,0.94
26.08.2021 00:55:00.255,1.3762200000000002,1.3761700000000001,0.75,0.75
26.08.2021 00:55:00.307,1.37628,1.3762400000000001,0.75,0.75
26.08.2021 00:55:00.359,1.3763100000000001,1.37625,7.5,0.37
26.08.2021 00:55:00.411,1.37626,1.37623,0.75,0.75
26.08.2021 00:55:00.514,1.37625,1.3762100000000002,0.75,0.75
26.08.2021 00:55:00.565,1.3762400000000001,1.37616,0.75,0.75
26.08.2021 00:55:00.616,1.37623,1.37613,0.75,0.75
26.08.2021 00:55:00.717,1.3762200000000002,1.3761100000000002,0.75,1.5
26.08.2021 00:55:01.574,1.3762100000000002,1.37609,0.75,1.5
26.08.2021 00:55:01.676,1.37618,1.3761,0.75,0.75
26.08.2021 00:55:01.727,1.37618,1.3760700000000001,0.75,0.75
26.08.2021 00:55:01.829,1.37618,1.37608,1.5,0.75
26.08.2021 00:55:01.931,1.3761700000000001,1.3760700000000001,0.75,0.75
26.08.2021 00:55:03.256,1.37614,1.37604,0.75,0.75
26.08.2021 00:55:03.358,1.37613,1.37604,0.75,0.75
26.08.2021 00:55:03.460,1.37613,1.37603,0.75,0.75
26.08.2021 00:55:04.768,1.37613,1.3760200000000002,0.82,1.5
26.08.2021 00:55:04.869,1.37613,1.3760100000000002,0.75,1.5
26.08.2021 00:55:05.849,1.3761100000000002,1.3760200000000002,0.75,1.5
26.08.2021 00:55:10.532,1.3761200000000002,1.3760000000000001,0.75,0.75
26.08.2021 00:55:10.633,1.37613,1.3760000000000001,0.82,0.75
26.08.2021 00:55:12.919,1.3761100000000002,1.3760100000000002,0.75,0.75
26.08.2021 00:55:13.444,1.3761100000000002,1.3760000000000001,0.75,0.75
26.08.2021 00:55:13.762,1.37608,1.3759700000000001,0.94,0.75
26.08.2021 00:55:13.914,1.37608,1.37598,1.12,1.12
26.08.2021 00:55:14.723,1.37609,1.37598,0.82,1.12
26.08.2021 00:55:14.825,1.37609,1.3759700000000001,0.1,0.75
26.08.2021 00:55:15.903,1.3761,1.3759700000000001,0.82,0.75
26.08.2021 00:55:17.901,1.3761100000000002,1.37598,2.14,0.75
26.08.2021 00:55:20.070,1.37609,1.37599,0.1,0.75
26.08.2021 00:55:24.013,1.3761200000000002,1.3760000000000001,1.01,0.75
26.08.2021 00:55:24.115,1.3761100000000002,1.3760000000000001,1.01,2.62
26.08.2021 00:55:24.218,1.3761100000000002,1.3760100000000002,1.01,1.5
26.08.2021 00:55:24.532,1.37613,1.3760000000000001,1.01,2.06
26.08.2021 00:55:25.242,1.3761200000000002,1.3760200000000002,1.01,0.37
26.08.2021 00:55:25.548,1.37613,1.3760200000000002,0.82,1.12
26.08.2021 00:55:25.651,1.3761200000000002,1.3760200000000002,0.26,0.75
26.08.2021 00:55:26.960,1.3761,1.37599,0.19,3.75
26.08.2021 00:55:27.062,1.3761,1.37598,0.82,0.37
26.08.2021 00:55:27.216,1.37609,1.37598,0.82,1.12
26.08.2021 00:55:28.092,1.37609,1.37599,0.82,0.37
26.08.2021 00:55:28.552,1.3761200000000002,1.3760000000000001,0.75,1.87
26.08.2021 00:55:28.654,1.3761200000000002,1.3760100000000002,0.75,0.37
26.08.2021 00:55:28.756,1.37614,1.3760100000000002,0.82,0.37
26.08.2021 00:55:29.009,1.37613,1.3760000000000001,0.1,1.12
26.08.2021 00:55:29.213,1.3761200000000002,1.3760200000000002,0.1,0.37
26.08.2021 00:55:29.607,1.37614,1.3760100000000002,0.94,0.37
26.08.2021 00:55:29.659,1.3761,1.37599,0.26,4.5
26.08.2021 00:55:30.807,1.3761,1.37598,0.1,0.75
26.08.2021 00:55:33.936,1.3761,1.37599,0.82,0.75
26.08.2021 00:55:37.105,1.3761,1.3759700000000001,0.19,0.37
26.08.2021 00:55:37.510,1.37603,1.3759700000000001,0.1,0.37
26.08.2021 00:55:37.612,1.37604,1.3759700000000001,0.1,0.37
26.08.2021 00:55:37.713,1.37606,1.3759700000000001,0.1,0.37
26.08.2021 00:55:37.815,1.37606,1.37598,0.1,0.37
26.08.2021 00:55:38.118,1.3760700000000001,1.37598,0.1,0.37
26.08.2021 00:55:38.300,1.37608,1.37598,0.1,0.37
26.08.2021 00:55:38.631,1.37609,1.37598,0.82,0.37
26.08.2021 00:55:41.116,1.3761,1.37598,0.82,0.45
26.08.2021 00:55:41.516,1.3761200000000002,1.3760100000000002,0.9,3.56
26.08.2021 00:55:41.618,1.3761200000000002,1.37604,0.45,0.15
26.08.2021 00:55:41.719,1.37613,1.37604,0.26,0.15
26.08.2021 00:55:43.224,1.3761200000000002,1.37603,0.26,0.15
26.08.2021 00:55:43.275,1.3761200000000002,1.37599,0.26,1.12
26.08.2021 00:55:44.230,1.3761200000000002,1.37598,1.01,1.31
26.08.2021 00:55:45.350,1.37608,1.37598,0.19,0.75
26.08.2021 00:55:45.451,1.3761,1.3759700000000001,0.19,0.37
26.08.2021 00:55:46.232,1.37609,1.3759700000000001,0.26,2.44
26.08.2021 00:55:47.365,1.3761,1.37599,0.82,0.56
26.08.2021 00:55:49.885,1.3761,1.37603,0.82,0.75
26.08.2021 00:55:49.987,1.3760700000000001,1.37599,0.1,1.5
26.08.2021 00:55:50.088,1.3760700000000001,1.3760000000000001,0.1,1.5
26.08.2021 00:55:50.140,1.3761100000000002,1.3760000000000001,1.01,1.5
26.08.2021 00:55:51.993,1.37608,1.3760000000000001,0.75,0.75
26.08.2021 00:55:53.041,1.37609,1.37598,0.75,0.37
26.08.2021 00:55:54.796,1.37609,1.3760000000000001,0.75,1.5
26.08.2021 00:55:54.847,1.3761,1.3760100000000002,0.75,1.12
26.08.2021 00:55:57.064,1.3761100000000002,1.3760100000000002,0.75,0.37
26.08.2021 00:55:57.216,1.3761,1.3760100000000002,0.75,1.12
26.08.2021 00:55:59.124,1.37614,1.37606,0.75,0.75
26.08.2021 00:56:05.866,1.37614,1.37609,0.75,0.75
26.08.2021 00:56:05.920,1.37614,1.37606,0.75,1.69
26.08.2021 00:56:17.417,1.37614,1.3760700000000001,0.75,0.75
26.08.2021 00:56:27.098,1.37615,1.3760700000000001,0.75,0.75
26.08.2021 00:56:33.095,1.3761700000000001,1.37606,0.94,0.75
26.08.2021 00:56:58.684,1.37615,1.3760700000000001,0.1,0.75
26.08.2021 00:57:00.504,1.37616,1.3760700000000001,1.76,0.75
26.08.2021 00:57:03.296,1.37608,1.3760100000000002,0.75,0.75
26.08.2021 00:57:03.398,1.3760700000000001,1.3760100000000002,1.76,7.5
26.08.2021 00:57:03.499,1.3760700000000001,1.3760000000000001,0.1,7.5
26.08.2021 00:57:03.550,1.3760700000000001,1.37596,0.26,0.75
26.08.2021 00:57:20.858,1.37608,1.37599,0.75,1.87
26.08.2021 00:57:20.909,1.37609,1.3760100000000002,0.37,1.87
26.08.2021 00:57:21.011,1.3761,1.37599,0.37,0.94
26.08.2021 00:57:21.163,1.3761100000000002,1.37599,1.57,0.94
26.08.2021 00:57:50.084,1.3761,1.3760100000000002,0.82,0.75
26.08.2021 00:58:06.533,1.37609,1.3760100000000002,0.75,0.75
26.08.2021 00:58:14.881,1.3761100000000002,1.3760200000000002,0.75,1.12
26.08.2021 00:58:15.423,1.3761,1.3760200000000002,0.75,0.75
26.08.2021 00:58:17.223,1.3761,1.3760100000000002,0.75,0.75
26.08.2021 00:58:22.003,1.3761,1.3760000000000001,0.75,0.75
26.08.2021 00:58:52.113,1.3760700000000001,1.37598,0.75,1.12
26.08.2021 00:59:00.167,1.3760700000000001,1.3760200000000002,0.75,0.37
26.08.2021 00:59:00.218,1.3761,1.3760200000000002,0.45,1.87
26.08.2021 00:59:00.274,1.3761200000000002,1.3760200000000002,0.19,2.06
26.08.2021 00:59:00.377,1.3761200000000002,1.37603,0.75,0.75
26.08.2021 00:59:00.480,1.3761200000000002,1.37604,0.75,0.75
26.08.2021 00:59:00.582,1.37613,1.37606,0.75,0.75
26.08.2021 00:59:00.633,1.37613,1.37604,0.75,0.75
26.08.2021 00:59:01.159,1.37614,1.37604,0.75,0.75
26.08.2021 00:59:01.362,1.37614,1.37603,0.75,0.75
26.08.2021 00:59:01.463,1.37613,1.37605,0.75,0.75
26.08.2021 00:59:01.615,1.3761700000000001,1.3760700000000001,1.57,2.81
26.08.2021 00:59:01.716,1.37616,1.3760700000000001,1.27,0.75
26.08.2021 00:59:01.818,1.37616,1.37605,0.75,1.5
26.08.2021 00:59:02.753,1.37616,1.37604,0.75,1.5
26.08.2021 00:59:02.969,1.37615,1.37606,0.75,0.75
26.08.2021 00:59:03.121,1.37615,1.3760700000000001,0.75,0.75
26.08.2021 00:59:03.222,1.37616,1.37605,0.75,0.75
26.08.2021 00:59:04.997,1.37616,1.37604,0.75,1.5
26.08.2021 00:59:05.099,1.37614,1.37606,0.75,0.75
26.08.2021 00:59:19.972,1.37615,1.37604,0.75,1.5
26.08.2021 00:59:20.074,1.37614,1.37606,0.75,0.75
26.08.2021 00:59:20.186,1.37614,1.37605,0.75,1.5
26.08.2021 00:59:20.288,1.37614,1.37606,0.75,0.75
26.08.2021 00:59:27.775,1.37614,1.37605,0.75,0.75
26.08.2021 00:59:28.028,1.37614,1.37606,0.75,0.75
26.08.2021 00:59:28.129,1.37614,1.37605,0.75,0.75
26.08.2021 00:59:28.363,1.37615,1.37603,0.82,0.37
26.08.2021 00:59:29.007,1.37614,1.37603,1.57,1.5
26.08.2021 00:59:30.755,1.37615,1.37603,1.57,0.75
26.08.2021 00:59:30.869,1.37615,1.3760200000000002,1.57,1.5
26.08.2021 00:59:34.487,1.37614,1.37604,1.57,0.75
26.08.2021 00:59:40.676,1.37613,1.37604,0.75,0.75
26.08.2021 00:59:40.780,1.37614,1.37604,1.57,0.75
26.08.2021 00:59:48.954,1.37615,1.3760200000000002,1.57,0.75
26.08.2021 00:59:53.916,1.37613,1.37603,0.1,0.75
26.08.2021 00:59:57.971,1.37613,1.37604,0.1,0.75
26.08.2021 00:59:59.402,1.37614,1.37604,1.57,0.75
26.08.2021 01:00:00.444,1.37614,1.37603,0.1,0.75
26.08.2021 01:00:01.757,1.37614,1.3760200000000002,1.01,1.12
26.08.2021 01:00:01.859,1.3761,1.3760100000000002,0.75,0.75
26.08.2021 01:00:01.961,1.3761,1.37598,1.01,0.75
26.08.2021 01:00:06.106,1.37606,1.3759700000000001,0.75,0.75
26.08.2021 01:00:06.157,1.37609,1.37596,0.82,0.75
26.08.2021 01:00:09.964,1.37608,1.37598,0.82,0.75
26.08.2021 01:00:15.619,1.37608,1.37599,0.82,0.75
26.08.2021 01:00:15.670,1.3761100000000002,1.3760200000000002,0.75,1.12
26.08.2021 01:00:17.191,1.3761100000000002,1.3760000000000001,0.75,0.75
26.08.2021 01:00:19.696,1.3761100000000002,1.3760200000000002,0.75,0.75
26.08.2021 01:00:19.848,1.3761,1.3760200000000002,0.75,0.75
26.08.2021 01:00:19.950,1.3761100000000002,1.3760000000000001,0.75,0.75
26.08.2021 01:00:23.936,1.3761,1.3760000000000001,0.1,0.75
26.08.2021 01:00:24.954,1.3761,1.37599,0.1,0.75
26.08.2021 01:00:28.384,1.3761100000000002,1.3760200000000002,0.75,1.12
26.08.2021 01:00:28.486,1.3761100000000002,1.37603,0.75,0.37
26.08.2021 01:00:29.393,1.37613,1.3760200000000002,0.75,0.37
26.08.2021 01:00:31.439,1.37613,1.3760100000000002,0.75,1.12
26.08.2021 01:00:36.954,1.3761200000000002,1.37603,0.75,0.75
26.08.2021 01:00:38.538,1.37613,1.3760100000000002,0.82,0.75
26.08.2021 01:00:38.741,1.3761200000000002,1.3760000000000001,0.1,2.25
26.08.2021 01:00:38.843,1.3761100000000002,1.3760000000000001,0.82,0.75
26.08.2021 01:00:39.282,1.3761100000000002,1.37598,0.82,1.12
26.08.2021 01:00:41.204,1.37609,1.37599,0.1,0.75
26.08.2021 01:00:41.388,1.3761,1.37599,0.82,0.75
26.08.2021 01:00:43.636,1.3760700000000001,1.3759700000000001,0.75,0.37
26.08.2021 01:00:43.738,1.3760200000000002,1.37593,0.56,1.76
26.08.2021 01:00:43.840,1.3759700000000001,1.3759000000000001,1.2,7.5
26.08.2021 01:00:43.942,1.37594,1.37586,0.75,0.82
26.08.2021 01:00:44.044,1.37598,1.37585,1.5,0.45
26.08.2021 01:00:44.094,1.3759700000000001,1.37593,0.75,1.01
26.08.2021 01:00:44.563,1.37598,1.37592,0.75,0.75
26.08.2021 01:00:48.474,1.3759700000000001,1.3758700000000001,0.75,0.75
26.08.2021 01:00:51.172,1.3760000000000001,1.3759000000000001,0.75,2.81
26.08.2021 01:00:51.274,1.3760000000000001,1.3759100000000002,0.75,1.95
26.08.2021 01:00:52.865,1.3760200000000002,1.3759100000000002,0.75,0.1
26.08.2021 01:00:54.318,1.3760100000000002,1.3759100000000002,0.75,1.95
26.08.2021 01:01:00.982,1.3760200000000002,1.3759100000000002,1.01,1.87
26.08.2021 01:01:02.568,1.37603,1.3759100000000002,1.01,0.75
26.08.2021 01:01:18.269,1.37603,1.37592,0.75,0.1
26.08.2021 01:01:18.702,1.3760200000000002,1.37592,0.75,1.76
26.08.2021 01:01:20.851,1.3760200000000002,1.3759100000000002,0.82,2.51
26.08.2021 01:01:21.591,1.37603,1.3759100000000002,0.82,0.37
26.08.2021 01:01:22.123,1.3760200000000002,1.3759100000000002,0.82,2.14
26.08.2021 01:01:23.082,1.37603,1.3759100000000002,0.82,0.37
26.08.2021 01:01:31.271,1.37603,1.3759000000000001,0.1,2.51
26.08.2021 01:01:31.524,1.37599,1.37589,0.19,3.82
26.08.2021 01:01:31.575,1.37598,1.37586,0.19,0.82
26.08.2021 01:01:31.677,1.3759700000000001,1.37586,0.19,0.75
26.08.2021 01:01:32.206,1.37598,1.37586,0.82,0.75
26.08.2021 01:01:34.892,1.37598,1.37585,0.82,1.5
26.08.2021 01:01:35.247,1.37598,1.37584,0.1,1.5
26.08.2021 01:01:38.651,1.37595,1.37584,0.1,1.95
26.08.2021 01:01:38.955,1.37594,1.37584,0.1,1.5
26.08.2021 01:01:41.190,1.37595,1.37585,0.1,1.87
26.08.2021 01:01:41.292,1.37596,1.3758299999999999,0.1,1.57
26.08.2021 01:01:41.828,1.37594,1.37584,0.1,0.75
26.08.2021 01:01:43.297,1.37594,1.3758299999999999,0.1,1.95
26.08.2021 01:01:52.868,1.37593,1.37582,0.1,2.7
26.08.2021 01:01:52.969,1.37589,1.3757700000000002,1.01,0.75
26.08.2021 01:01:53.071,1.37588,1.3757700000000002,0.1,0.75
26.08.2021 01:01:53.223,1.37588,1.37578,0.75,0.75
26.08.2021 01:01:54.412,1.37588,1.37576,0.75,0.75
26.08.2021 01:01:59.985,1.3759000000000001,1.37578,0.1,2.25
26.08.2021 01:02:02.859,1.3759000000000001,1.37579,1.2,1.5
26.08.2021 01:02:03.164,1.37592,1.3758100000000002,0.45,0.37
26.08.2021 01:02:03.366,1.37594,1.3758100000000002,0.82,0.37
26.08.2021 01:02:06.329,1.37594,1.3758000000000001,1.57,1.95
26.08.2021 01:02:06.936,1.37593,1.37582,1.01,0.37
26.08.2021 01:02:07.037,1.37594,1.3758000000000001,1.57,2.7
26.08.2021 01:02:07.212,1.37593,1.37582,1.57,0.37
26.08.2021 01:02:07.363,1.37593,1.3758100000000002,1.57,1.95
26.08.2021 01:02:07.465,1.37593,1.37582,1.95,0.37
26.08.2021 01:02:07.566,1.37593,1.3758100000000002,2.7,1.57
26.08.2021 01:02:07.769,1.37593,1.3758000000000001,0.1,1.12
26.08.2021 01:02:07.881,1.37594,1.3758100000000002,1.95,0.37
26.08.2021 01:02:08.736,1.37594,1.37582,0.82,1.95
26.08.2021 01:02:08.837,1.37595,1.3758299999999999,2.02,1.95
26.08.2021 01:02:09.090,1.37595,1.37584,1.5,0.1
26.08.2021 01:02:10.024,1.37596,1.37584,2.62,0.1
26.08.2021 01:02:11.525,1.37595,1.37584,0.94,0.1
26.08.2021 01:02:11.627,1.37596,1.37582,0.94,1.95
26.08.2021 01:02:27.414,1.37596,1.37584,1.5,1.2
26.08.2021 01:02:34.091,1.37596,1.37585,0.75,3
26.08.2021 01:02:48.715,1.37596,1.37586,0.75,1.52
26.08.2021 01:02:48.822,1.3759700000000001,1.37584,0.75,4.59
26.08.2021 01:02:51.657,1.37599,1.3759000000000001,1.57,0.75
26.08.2021 01:02:51.760,1.37599,1.37589,0.52,2.25
26.08.2021 01:02:51.861,1.37599,1.37588,0.75,1.12
26.08.2021 01:02:52.015,1.3760000000000001,1.37588,0.82,1.12
26.08.2021 01:02:52.168,1.3760000000000001,1.3759000000000001,0.1,2.25
26.08.2021 01:02:52.270,1.3760100000000002,1.3759000000000001,2.21,1.5
26.08.2021 01:02:52.373,1.37603,1.3759100000000002,0.45,0.19
26.08.2021 01:02:52.526,1.37604,1.3759100000000002,0.19,0.64
26.08.2021 01:03:05.558,1.37603,1.3759100000000002,0.19,2.7
26.08.2021 01:03:09.005,1.37604,1.3759100000000002,0.94,0.75
26.08.2021 01:03:14.405,1.3759700000000001,1.3759100000000002,0.94,0.37
26.08.2021 01:03:14.456,1.37598,1.37585,1.87,9.02
26.08.2021 01:03:14.558,1.37596,1.37586,0.75,7.5
26.08.2021 01:03:14.659,1.3759700000000001,1.37584,0.75,0.75
26.08.2021 01:03:14.761,1.37596,1.37584,0.75,1.95
26.08.2021 01:03:17.856,1.37596,1.3758299999999999,3.45,2.7
26.08.2021 01:03:19.256,1.37596,1.37582,0.75,1.95
26.08.2021 01:03:26.306,1.37595,1.3758100000000002,0.1,1.5
26.08.2021 01:03:26.511,1.37592,1.37582,0.94,0.75
26.08.2021 01:03:26.563,1.37593,1.37579,1.95,0.75
26.08.2021 01:03:26.666,1.3759100000000002,1.37579,0.1,1.5
26.08.2021 01:03:26.920,1.3759100000000002,1.37578,0.9,0.75
26.08.2021 01:03:27.022,1.3759000000000001,1.37578,0.52,1.5
26.08.2021 01:03:27.672,1.37589,1.37578,0.1,0.75
26.08.2021 01:03:30.313,1.3759000000000001,1.37576,0.1,0.75
26.08.2021 01:03:30.416,1.3758700000000001,1.37573,0.1,1.76
26.08.2021 01:03:50.076,1.37586,1.37572,1.57,0.82
26.08.2021 01:03:50.178,1.37585,1.37572,0.26,0.75
26.08.2021 01:04:01.262,1.37585,1.37573,0.75,0.75
26.08.2021 01:04:02.427,1.37584,1.37575,0.75,0.1
26.08.2021 01:04:03.068,1.37584,1.37573,0.75,1.5
26.08.2021 01:04:04.383,1.37585,1.37575,0.75,0.1
26.08.2021 01:04:04.484,1.3758700000000001,1.37574,1.01,0.1
26.08.2021 01:04:06.599,1.37586,1.37574,0.75,1.57
26.08.2021 01:04:11.137,1.37586,1.37576,0.75,0.75
26.08.2021 01:04:11.240,1.37588,1.3758100000000002,0.45,0.37
26.08.2021 01:04:11.343,1.37592,1.3758000000000001,0.75,0.37
26.08.2021 01:04:11.445,1.37593,1.3758000000000001,2.02,0.37
26.08.2021 01:04:11.548,1.37594,1.3758000000000001,3.45,0.37
26.08.2021 01:04:12.612,1.37595,1.3758100000000002,1.95,0.37
26.08.2021 01:04:29.027,1.37593,1.3758100000000002,0.75,3.82
26.08.2021 01:04:38.054,1.37592,1.3758100000000002,0.75,0.75
26.08.2021 01:04:49.366,1.37592,1.37582,0.75,0.37
26.08.2021 01:04:58.120,1.37592,1.3758100000000002,0.75,2.32
26.08.2021 01:05:00.791,1.37592,1.37582,0.75,0.37
26.08.2021 01:05:19.073,1.37592,1.3758299999999999,0.75,0.1
26.08.2021 01:05:20.746,1.37592,1.37582,0.75,0.45
26.08.2021 01:05:22.195,1.37592,1.3758299999999999,0.75,0.1
26.08.2021 01:05:23.382,1.37593,1.3758299999999999,0.75,0.1
26.08.2021 01:05:23.812,1.37592,1.3758299999999999,0.75,0.1
26.08.2021 01:05:25.071,1.37593,1.37584,0.75,0.1
26.08.2021 01:05:25.173,1.37595,1.37585,3.82,0.1
26.08.2021 01:05:25.476,1.37596,1.37585,2.62,0.1
26.08.2021 01:05:27.744,1.37595,1.37585,3.37,0.1
26.08.2021 01:05:32.475,1.37596,1.37585,2.62,0.1
26.08.2021 01:05:51.136,1.3759700000000001,1.37585,2.62,0.1
26.08.2021 01:05:51.439,1.3759700000000001,1.37586,1.5,0.1
26.08.2021 01:05:52.763,1.37596,1.37586,1.12,0.1
26.08.2021 01:06:11.048,1.37595,1.37586,0.94,0.1
26.08.2021 01:06:11.150,1.37595,1.37584,0.75,0.1
26.08.2021 01:06:20.466,1.37595,1.3758299999999999,1.87,0.1
26.08.2021 01:06:27.690,1.37593,1.37582,2.51,0.1
26.08.2021 01:06:27.791,1.37593,1.3758100000000002,0.19,0.1
26.08.2021 01:06:33.126,1.37593,1.37582,0.19,0.1
26.08.2021 01:06:36.076,1.37589,1.3758100000000002,0.19,0.1
26.08.2021 01:06:40.085,1.37592,1.3758100000000002,0.37,0.45
26.08.2021 01:06:40.186,1.37592,1.3758299999999999,0.94,0.1
26.08.2021 01:06:41.858,1.37592,1.37582,0.75,0.1
26.08.2021 01:06:50.889,1.37584,1.37578,0.94,0.1
26.08.2021 01:06:50.940,1.3757700000000002,1.37573,1.5,0.75
26.08.2021 01:06:51.042,1.37576,1.3757100000000002,0.19,7.5
26.08.2021 01:06:51.093,1.37573,1.37565,1.5,0.1
26.08.2021 01:06:51.599,1.37573,1.37566,1.5,0.1
26.08.2021 01:07:00.454,1.37575,1.37564,0.75,0.1
26.08.2021 01:07:06.844,1.37575,1.37565,0.75,0.1
26.08.2021 01:07:12.185,1.37574,1.37565,0.75,0.1
26.08.2021 01:07:22.432,1.3756700000000002,1.37561,0.19,0.82
26.08.2021 01:07:22.483,1.37564,1.37559,0.19,1.52
26.08.2021 01:07:22.586,1.37561,1.37558,0.19,7.5
26.08.2021 01:07:22.637,1.37561,1.37552,0.19,0.1
26.08.2021 01:07:22.739,1.37561,1.37553,0.19,0.1
26.08.2021 01:07:29.459,1.37561,1.37552,0.19,0.1
26.08.2021 01:07:29.560,1.37563,1.37553,0.75,0.1
26.08.2021 01:07:29.662,1.37564,1.37554,0.19,0.1
26.08.2021 01:07:32.825,1.37561,1.3755000000000002,1.69,2.64
26.08.2021 01:07:32.876,1.3755700000000002,1.37551,0.94,1.52
26.08.2021 01:07:32.927,1.3755700000000002,1.37549,0.94,0.75
26.08.2021 01:07:32.978,1.37561,1.3755000000000002,0.75,0.1
26.08.2021 01:07:33.079,1.37559,1.37551,0.75,0.1
26.08.2021 01:07:33.232,1.3756000000000002,1.37551,0.94,0.1
26.08.2021 01:07:34.776,1.3755700000000002,1.3754700000000002,0.19,0.37
26.08.2021 01:07:34.877,1.37558,1.3754700000000002,0.75,1.2
26.08.2021 01:07:35.643,1.37559,1.37548,0.75,1.52
26.08.2021 01:07:35.853,1.37559,1.3754700000000002,0.75,1.59
26.08.2021 01:07:37.029,1.3755700000000002,1.37548,0.19,1.59
26.08.2021 01:07:37.130,1.3755600000000001,1.3754600000000001,0.75,0.82
26.08.2021 01:07:37.283,1.3755700000000002,1.3754600000000001,2.62,0.82
26.08.2021 01:07:37.384,1.3755600000000001,1.3754600000000001,0.75,0.75
26.08.2021 01:07:39.833,1.37555,1.37545,0.75,0.82
26.08.2021 01:07:39.935,1.3755600000000001,1.37545,1.5,0.82
26.08.2021 01:07:40.189,1.3755600000000001,1.3754600000000001,0.75,0.82
26.08.2021 01:07:40.290,1.37558,1.3754600000000001,0.75,0.1
26.08.2021 01:07:40.392,1.37559,1.3754600000000001,0.75,0.82
26.08.2021 01:07:40.620,1.37558,1.37548,0.75,0.1
26.08.2021 01:07:41.967,1.37559,1.37548,0.75,0.1
26.08.2021 01:07:43.001,1.3755700000000002,1.3754600000000001,0.75,0.82
26.08.2021 01:07:43.102,1.3755700000000002,1.37545,0.94,0.1
26.08.2021 01:07:43.407,1.3755600000000001,1.37544,0.75,0.82
26.08.2021 01:07:43.671,1.3755700000000002,1.37544,1.69,0.82
26.08.2021 01:07:46.305,1.37555,1.37545,0.75,0.1
26.08.2021 01:07:47.338,1.3755700000000002,1.37544,0.94,0.1
26.08.2021 01:07:48.803,1.3755600000000001,1.37544,1.01,1.57
26.08.2021 01:08:00.926,1.37561,1.37551,0.26,1.87
26.08.2021 01:08:00.978,1.37564,1.37551,2.46,1.2
26.08.2021 01:08:01.080,1.37564,1.37553,1.46,0.1
26.08.2021 01:08:01.980,1.37563,1.37552,0.1,1.57
26.08.2021 01:08:02.233,1.37562,1.37552,0.26,0.75
26.08.2021 01:08:02.285,1.37561,1.3755000000000002,0.26,0.82
26.08.2021 01:08:02.918,1.3756000000000002,1.37549,0.1,0.1
26.08.2021 01:08:07.692,1.3756000000000002,1.3754600000000001,0.19,2.32
26.08.2021 01:08:07.844,1.3756000000000002,1.37548,0.19,0.75
26.08.2021 01:08:08.199,1.37559,1.37548,0.19,1.5
26.08.2021 01:08:08.615,1.37559,1.37549,0.19,1.5
26.08.2021 01:08:08.716,1.37559,1.37548,0.19,2.25
26.08.2021 01:08:08.817,1.37559,1.37549,0.19,1.5
26.08.2021 01:08:09.679,1.37559,1.37548,0.94,1.5
26.08.2021 01:08:09.832,1.37559,1.37549,0.94,1.5
26.08.2021 01:08:10.647,1.37559,1.37548,0.94,1.5
26.08.2021 01:08:15.432,1.3756000000000002,1.37548,0.75,0.75
26.08.2021 01:08:17.306,1.37559,1.3755000000000002,0.75,1.5
26.08.2021 01:08:17.509,1.37561,1.37549,1.01,1.5
26.08.2021 01:08:17.724,1.37561,1.37548,1.01,1.5
26.08.2021 01:08:18.042,1.37562,1.37552,1.01,1.5
26.08.2021 01:08:19.055,1.37564,1.37552,0.26,0.75
26.08.2021 01:08:19.309,1.37564,1.37551,0.26,1.57
26.08.2021 01:08:19.411,1.37564,1.37552,0.19,0.1
26.08.2021 01:08:21.817,1.37564,1.37551,0.26,0.1
26.08.2021 01:08:23.889,1.37562,1.37552,0.19,0.82
26.08.2021 01:08:29.293,1.37562,1.37553,0.19,1.5
26.08.2021 01:08:29.394,1.37564,1.37552,0.19,0.82
26.08.2021 01:08:29.563,1.37564,1.37553,0.19,0.1
26.08.2021 01:08:30.288,1.37564,1.37552,0.19,0.82
26.08.2021 01:08:31.347,1.3755700000000002,1.3755000000000002,0.19,0.75
26.08.2021 01:08:31.399,1.3755600000000001,1.37549,0.19,1.52
26.08.2021 01:08:31.500,1.3755600000000001,1.3754600000000001,1.01,0.1
26.08.2021 01:08:31.602,1.37555,1.37545,0.26,0.1
26.08.2021 01:08:39.541,1.3755000000000002,1.37543,0.19,1.57
26.08.2021 01:08:39.643,1.3755000000000002,1.37542,0.19,1.57
26.08.2021 01:08:55.648,1.37551,1.37542,0.19,2.32
26.08.2021 01:08:55.750,1.37552,1.37543,0.19,0.1
26.08.2021 01:08:56.163,1.37551,1.37542,0.19,0.1
26.08.2021 01:09:05.747,1.3755000000000002,1.37541,0.19,0.82
26.08.2021 01:09:05.848,1.3754600000000001,1.37538,0.19,1.5
26.08.2021 01:09:05.950,1.37544,1.3753700000000002,0.19,0.1
26.08.2021 01:09:06.053,1.37544,1.3753600000000001,0.19,0.1
26.08.2021 01:09:06.156,1.37545,1.3753600000000001,0.19,0.1
26.08.2021 01:09:06.259,1.3754600000000001,1.3753600000000001,0.26,0.1
26.08.2021 01:09:10.601,1.37545,1.37535,0.1,0.1
26.08.2021 01:09:11.770,1.3754600000000001,1.37535,0.1,0.75
26.08.2021 01:09:13.758,1.3754700000000002,1.37535,1.95,0.82
26.08.2021 01:09:13.859,1.37545,1.3753600000000001,0.82,0.75
26.08.2021 01:09:16.758,1.3754600000000001,1.37534,0.82,0.82
26.08.2021 01:09:18.441,1.37545,1.37534,0.1,0.75
26.08.2021 01:09:21.464,1.37543,1.37535,0.75,0.75
26.08.2021 01:09:23.444,1.37544,1.37535,0.75,0.82
26.08.2021 01:09:23.546,1.37545,1.37535,0.75,0.75
26.08.2021 01:09:24.935,1.37545,1.37534,0.75,2.32
26.08.2021 01:09:25.037,1.37545,1.3753600000000001,0.75,0.75
26.08.2021 01:09:25.703,1.37544,1.3753600000000001,0.75,2.25
26.08.2021 01:09:26.592,1.37544,1.3753700000000002,0.75,0.75
26.08.2021 01:09:27.024,1.37544,1.3753600000000001,0.75,1.5
26.08.2021 01:09:34.861,1.37544,1.37534,0.75,1.57
26.08.2021 01:09:38.907,1.37544,1.37535,0.75,2.32
26.08.2021 01:09:41.580,1.37544,1.3753600000000001,0.75,0.75
26.08.2021 01:09:41.681,1.37544,1.37535,0.75,2.32
26.08.2021 01:09:41.828,1.37544,1.3753600000000001,0.75,1.5
26.08.2021 01:09:42.209,1.37545,1.37534,0.75,2.32
26.08.2021 01:09:44.823,1.37544,1.3753600000000001,0.75,1.5
26.08.2021 01:09:46.436,1.37544,1.37535,0.75,2.25
26.08.2021 01:09:46.537,1.37545,1.37535,0.75,0.75
26.08.2021 01:09:46.644,1.37544,1.37535,0.75,2.25
26.08.2021 01:10:00.222,1.37545,1.37535,0.75,1.69
26.08.2021 01:10:00.425,1.37545,1.3753600000000001,0.75,1.69
26.08.2021 01:10:03.524,1.37545,1.37535,0.75,1.69
26.08.2021 01:10:03.658,1.37545,1.3753600000000001,0.75,0.75
26.08.2021 01:10:03.760,1.37545,1.37535,0.75,1.69
26.08.2021 01:10:04.794,1.37544,1.3753700000000002,0.75,1.69
26.08.2021 01:10:04.895,1.37544,1.37538,0.75,0.94
26.08.2021 01:10:04.997,1.37544,1.3753700000000002,0.75,1.69
26.08.2021 01:10:05.159,1.37545,1.37535,0.75,1.69
26.08.2021 01:10:05.274,1.37545,1.3753600000000001,0.75,1.69
26.08.2021 01:10:07.574,1.37545,1.37538,0.82,1.69
26.08.2021 01:10:08.046,1.3754600000000001,1.37538,0.75,0.75
26.08.2021 01:10:08.148,1.37545,1.37538,0.75,1.5
26.08.2021 01:10:09.025,1.3754600000000001,1.37538,1.01,1.5
26.08.2021 01:10:09.777,1.3754700000000002,1.3753600000000001,0.75,1.57
26.08.2021 01:10:09.879,1.3754700000000002,1.3753700000000002,0.75,0.75
26.08.2021 01:10:10.031,1.3754700000000002,1.3753600000000001,0.75,1.57
26.08.2021 01:10:11.957,1.37545,1.3753700000000002,0.94,0.75
26.08.2021 01:10:12.058,1.37545,1.3753600000000001,1.2,0.75
26.08.2021 01:10:16.751,1.37545,1.37535,1.76,0.75
26.08.2021 01:10:24.697,1.3754600000000001,1.37535,1.95,0.75
26.08.2021 01:10:29.439,1.3754600000000001,1.3753600000000001,1.95,0.75
26.08.2021 01:10:29.541,1.3754600000000001,1.37535,1.95,2.25
26.08.2021 01:10:37.231,1.3754700000000002,1.37538,0.75,1.12
26.08.2021 01:10:37.282,1.37549,1.3754,0.26,1.5
26.08.2021 01:10:37.436,1.37548,1.3754,0.19,0.82
26.08.2021 01:10:38.668,1.3755000000000002,1.37541,0.19,0.82
26.08.2021 01:10:39.023,1.3755000000000002,1.37542,0.19,0.82
26.08.2021 01:10:40.924,1.37551,1.37543,0.19,2.25
26.08.2021 01:10:41.384,1.37553,1.37543,0.19,0.1
26.08.2021 01:10:41.864,1.37553,1.37544,0.19,1.57
26.08.2021 01:10:42.017,1.37553,1.37545,0.19,0.1
26.08.2021 01:10:42.957,1.37555,1.37544,0.19,2.32
26.08.2021 01:10:43.109,1.37555,1.3754600000000001,0.94,0.1
26.08.2021 01:10:45.732,1.3755600000000001,1.3754600000000001,0.94,0.75
26.08.2021 01:10:46.037,1.3755600000000001,1.3754700000000002,0.94,2.51
26.08.2021 01:10:46.089,1.3756000000000002,1.37552,0.75,0.75
26.08.2021 01:10:46.190,1.37562,1.37551,2.77,0.75
26.08.2021 01:10:46.292,1.3756000000000002,1.37551,0.19,0.82
26.08.2021 01:10:46.444,1.37559,1.3755000000000002,0.19,0.82
26.08.2021 01:10:46.546,1.3756000000000002,1.3755000000000002,0.19,0.75
26.08.2021 01:10:46.760,1.37561,1.37553,0.26,0.75
26.08.2021 01:10:47.115,1.37562,1.37554,0.19,0.1
26.08.2021 01:10:47.217,1.37563,1.37554,0.94,0.1
26.08.2021 01:10:47.318,1.37562,1.37554,0.19,0.1
26.08.2021 01:10:47.504,1.37563,1.37554,0.94,0.1
26.08.2021 01:10:57.610,1.3755700000000002,1.37554,0.19,0.75
26.08.2021 01:10:57.661,1.37552,1.3754600000000001,0.75,0.75
26.08.2021 01:10:57.712,1.37554,1.37545,0.94,7.5
26.08.2021 01:10:57.762,1.37551,1.37545,0.19,7.5
26.08.2021 01:10:58.017,1.37551,1.37542,0.19,0.82
26.08.2021 01:11:00.186,1.37549,1.37542,0.19,0.82
26.08.2021 01:11:00.428,1.37551,1.37542,0.94,0.82
26.08.2021 01:11:01.695,1.37551,1.37543,0.94,0.1
26.08.2021 01:11:05.189,1.37552,1.37544,0.19,2.32
26.08.2021 01:11:11.776,1.37554,1.37543,0.19,2.32
26.08.2021 01:11:11.877,1.37554,1.37544,0.19,0.75
26.08.2021 01:11:13.852,1.37554,1.37545,0.82,0.19
26.08.2021 01:11:18.261,1.37555,1.37545,0.82,0.75
26.08.2021 01:11:18.362,1.37555,1.37544,0.82,2.44
26.08.2021 01:11:20.218,1.37554,1.3754600000000001,0.75,0.75
26.08.2021 01:11:36.392,1.37554,1.3754700000000002,0.75,0.75
26.08.2021 01:11:36.614,1.3755700000000002,1.37548,0.82,0.75
26.08.2021 01:11:36.715,1.37558,1.3754700000000002,2.7,1.5
26.08.2021 01:11:37.611,1.3755700000000002,1.3754600000000001,0.75,1.69
26.08.2021 01:11:37.712,1.3755700000000002,1.3754700000000002,0.75,0.75
26.08.2021 01:11:40.372,1.3755600000000001,1.3754700000000002,0.75,1.69
26.08.2021 01:11:40.873,1.3755600000000001,1.37548,0.75,0.75
26.08.2021 01:11:41.593,1.37559,1.37549,1.12,0.19
26.08.2021 01:11:41.695,1.3756000000000002,1.37549,0.82,0.19
26.08.2021 01:11:41.797,1.3756000000000002,1.37551,0.82,0.19
26.08.2021 01:11:42.001,1.37558,1.37552,0.75,0.19
26.08.2021 01:11:42.679,1.37559,1.37552,0.75,0.19
26.08.2021 01:11:45.887,1.3756000000000002,1.3755000000000002,0.75,0.94
26.08.2021 01:11:53.752,1.3756000000000002,1.37552,0.82,0.75
26.08.2021 01:11:53.857,1.37565,1.37553,0.82,1.69
26.08.2021 01:11:55.026,1.37566,1.3756000000000002,1.57,0.19
26.08.2021 01:11:55.078,1.37568,1.3756000000000002,0.82,0.19
26.08.2021 01:11:55.179,1.37569,1.3756000000000002,1.57,0.19
26.08.2021 01:11:57.550,1.37569,1.37559,0.82,0.19
26.08.2021 01:12:00.137,1.37569,1.37561,1.57,0.19
26.08.2021 01:12:01.486,1.37569,1.3756000000000002,0.75,0.19
26.08.2021 01:12:04.887,1.37569,1.37561,1.57,0.19
26.08.2021 01:12:12.315,1.37569,1.37559,0.82,0.94
26.08.2021 01:12:12.417,1.37569,1.37561,0.82,0.19
26.08.2021 01:12:13.547,1.3757000000000001,1.37558,0.82,0.94
26.08.2021 01:12:13.598,1.3757000000000001,1.3756000000000002,0.82,0.19
26.08.2021 01:12:14.713,1.3757000000000001,1.37558,0.82,0.94
26.08.2021 01:12:14.764,1.37569,1.37561,0.82,0.19
26.08.2021 01:12:16.488,1.37565,1.37558,0.75,0.19
26.08.2021 01:12:16.590,1.37564,1.37553,1.57,0.37
26.08.2021 01:12:16.692,1.37563,1.37553,1.5,0.37
26.08.2021 01:12:16.949,1.37562,1.37553,0.75,0.75
26.08.2021 01:12:18.395,1.37562,1.37552,0.82,0.94
26.08.2021 01:12:20.006,1.37561,1.37551,0.1,0.19
26.08.2021 01:12:20.108,1.3756000000000002,1.37549,0.82,0.19
26.08.2021 01:12:21.370,1.37558,1.3755000000000002,0.75,0.19
26.08.2021 01:12:24.453,1.3755600000000001,1.37548,0.75,0.19
26.08.2021 01:12:24.749,1.37558,1.3754700000000002,0.82,0.94
26.08.2021 01:12:24.901,1.37558,1.37548,0.75,0.75
26.08.2021 01:12:26.154,1.37559,1.37548,0.82,0.94
26.08.2021 01:12:26.625,1.37558,1.3755000000000002,0.82,0.19
26.08.2021 01:12:26.726,1.3756000000000002,1.37549,0.82,0.94
26.08.2021 01:12:33.475,1.3756000000000002,1.3755000000000002,0.82,0.75
26.08.2021 01:12:38.587,1.3756000000000002,1.37549,0.82,1.87
26.08.2021 01:12:49.220,1.3756000000000002,1.3755000000000002,0.82,0.75
26.08.2021 01:12:49.322,1.37561,1.37548,0.82,3.37
26.08.2021 01:12:55.150,1.37561,1.37549,0.82,0.75
26.08.2021 01:12:56.033,1.37561,1.37548,0.82,3.37
26.08.2021 01:12:56.991,1.3756000000000002,1.3755000000000002,0.82,0.75
26.08.2021 01:12:57.386,1.37561,1.37548,0.82,3.37
26.08.2021 01:12:57.762,1.37561,1.37549,0.82,0.75
26.08.2021 01:12:57.864,1.37561,1.37548,0.82,3.37
26.08.2021 01:12:59.267,1.3756000000000002,1.3755000000000002,0.1,0.75
26.08.2021 01:12:59.879,1.3756000000000002,1.37551,0.1,1.12
26.08.2021 01:13:00.082,1.3756000000000002,1.37552,0.1,1.69
26.08.2021 01:13:00.133,1.37564,1.37552,0.82,3.37
26.08.2021 01:13:00.718,1.37564,1.37553,0.82,1.87
26.08.2021 01:13:01.546,1.37565,1.37554,0.82,0.19
26.08.2021 01:13:08.786,1.37564,1.37554,0.75,0.19
26.08.2021 01:13:11.382,1.37563,1.37554,0.82,0.94
26.08.2021 01:13:11.483,1.37561,1.37551,0.75,1.87
26.08.2021 01:13:13.419,1.3756000000000002,1.37551,0.75,1.69
26.08.2021 01:13:21.956,1.37562,1.3755000000000002,1.57,0.75
26.08.2021 01:13:22.905,1.3755700000000002,1.37548,0.75,0.75
26.08.2021 01:13:23.057,1.37558,1.37548,0.75,2.62
26.08.2021 01:13:26.755,1.3756000000000002,1.37548,0.82,2.62
26.08.2021 01:13:32.592,1.3756000000000002,1.37549,0.75,0.75
26.08.2021 01:13:34.566,1.3756000000000002,1.37548,0.75,3.45
26.08.2021 01:13:40.712,1.3756000000000002,1.37549,0.82,1.95
26.08.2021 01:13:42.954,1.37561,1.37549,0.82,0.75
26.08.2021 01:13:43.109,1.3756000000000002,1.37549,0.82,3.45
26.08.2021 01:13:47.181,1.37561,1.3755000000000002,0.75,0.37
26.08.2021 01:13:47.424,1.37562,1.37552,2.32,0.94
26.08.2021 01:13:47.477,1.37563,1.37554,0.82,0.75
26.08.2021 01:13:48.766,1.37565,1.37553,0.82,1.87
26.08.2021 01:13:51.928,1.37564,1.37555,0.1,1.12
26.08.2021 01:13:55.478,1.37563,1.37555,0.1,0.19
26.08.2021 01:13:55.530,1.37563,1.37553,0.82,1.01
26.08.2021 01:13:55.783,1.37562,1.37553,0.1,0.94
26.08.2021 01:14:01.320,1.37563,1.37553,0.82,1.01
26.08.2021 01:14:01.422,1.37565,1.37553,0.82,1.01
26.08.2021 01:14:03.978,1.37565,1.37554,0.82,0.94
26.08.2021 01:14:04.254,1.37566,1.37554,0.82,1.01
26.08.2021 01:14:06.403,1.3756700000000002,1.37555,1.57,1.01
26.08.2021 01:14:08.824,1.37566,1.37554,0.1,1.2
26.08.2021 01:14:09.505,1.37566,1.3755600000000001,1.57,0.1
26.08.2021 01:14:10.103,1.37565,1.37555,0.1,1.2
26.08.2021 01:14:19.945,1.37566,1.37555,0.1,0.75
26.08.2021 01:14:20.047,1.37566,1.37554,0.1,1.57
26.08.2021 01:14:21.167,1.3756700000000002,1.37555,0.82,1.57
26.08.2021 01:14:22.719,1.37566,1.37554,0.1,0.82
26.08.2021 01:14:22.945,1.3756700000000002,1.37555,0.82,0.1
26.08.2021 01:14:27.029,1.37565,1.37555,0.1,0.82
26.08.2021 01:14:28.445,1.37564,1.37554,0.1,1.57
26.08.2021 01:14:28.647,1.37563,1.37553,0.1,1.2
26.08.2021 01:14:28.952,1.37562,1.37552,0.1,0.26
26.08.2021 01:14:34.420,1.37563,1.37554,0.1,0.75
26.08.2021 01:14:34.521,1.37564,1.37554,0.82,0.1
26.08.2021 01:14:34.974,1.37563,1.37553,0.1,0.1
26.08.2021 01:14:36.938,1.37563,1.37552,1.57,0.19
26.08.2021 01:14:38.452,1.37564,1.37552,0.1,1.01
26.08.2021 01:14:38.554,1.37564,1.37554,0.1,0.1
26.08.2021 01:14:43.652,1.37564,1.37552,0.1,0.1
26.08.2021 01:14:43.753,1.37564,1.37551,0.82,0.19
26.08.2021 01:14:57.730,1.37564,1.37554,1.5,1.5
26.08.2021 01:14:57.831,1.37565,1.37552,0.75,2.44
26.08.2021 01:15:00.471,1.37565,1.37553,1.5,0.94
26.08.2021 01:15:00.775,1.37564,1.37553,0.75,0.94
26.08.2021 01:15:01.732,1.37561,1.37551,1.5,0.19
26.08.2021 01:15:01.833,1.37562,1.37549,0.75,1.12
26.08.2021 01:15:01.935,1.37563,1.37549,1.5,1.12
26.08.2021 01:15:07.144,1.37562,1.3755000000000002,0.1,0.1
26.08.2021 01:15:09.167,1.3756000000000002,1.3755000000000002,0.82,0.45
26.08.2021 01:15:11.863,1.3756000000000002,1.37549,0.75,0.26
26.08.2021 01:15:12.695,1.37558,1.37548,0.1,0.26
26.08.2021 01:15:12.847,1.37559,1.37548,0.82,0.19
26.08.2021 01:15:14.129,1.37559,1.3755000000000002,1.57,0.19
26.08.2021 01:15:22.735,1.3756000000000002,1.3755000000000002,1.57,0.26
26.08.2021 01:15:28.271,1.3755700000000002,1.3755000000000002,1.69,0.75
26.08.2021 01:15:28.322,1.3755600000000001,1.3754700000000002,0.82,0.75
26.08.2021 01:15:28.424,1.3755600000000001,1.37545,0.82,0.75
26.08.2021 01:15:28.526,1.37553,1.37544,0.26,0.75
26.08.2021 01:15:28.628,1.37552,1.37544,0.1,0.75
26.08.2021 01:15:29.876,1.37553,1.37544,1.01,0.75
26.08.2021 01:15:32.026,1.37552,1.37544,0.1,0.75
26.08.2021 01:15:35.297,1.37554,1.37543,1.01,0.75
26.08.2021 01:15:47.732,1.37553,1.37543,1.01,0.82
26.08.2021 01:15:48.037,1.37552,1.37543,0.1,0.75
26.08.2021 01:15:58.088,1.37558,1.3755000000000002,8.25,1.5
26.08.2021 01:15:58.139,1.37558,1.3754600000000001,0.82,0.82
26.08.2021 01:15:58.190,1.37555,1.37545,0.82,0.56
26.08.2021 01:15:58.241,1.37554,1.37543,0.26,1.12
26.08.2021 01:15:58.343,1.37553,1.37542,0.1,0.75
26.08.2021 01:16:08.176,1.37554,1.37542,0.1,1.2
26.08.2021 01:16:08.227,1.37554,1.37544,0.1,0.75
26.08.2021 01:16:08.329,1.37555,1.37544,0.1,0.75
26.08.2021 01:16:21.828,1.37558,1.37552,0.75,0.94
26.08.2021 01:16:21.879,1.37561,1.37553,0.1,0.94
26.08.2021 01:16:21.930,1.37563,1.37553,0.1,1.01
26.08.2021 01:16:30.816,1.37565,1.37553,0.82,0.1
26.08.2021 01:16:32.497,1.37565,1.37555,0.82,1.01
26.08.2021 01:16:35.665,1.3756700000000002,1.3755700000000002,0.82,0.19
26.08.2021 01:16:35.766,1.3756700000000002,1.37558,0.82,0.19
26.08.2021 01:16:38.261,1.37568,1.37558,1.2,0.26
26.08.2021 01:16:39.148,1.37569,1.37558,0.82,0.19
26.08.2021 01:16:44.255,1.3757000000000001,1.37559,0.82,0.19
26.08.2021 01:16:45.670,1.3757000000000001,1.37561,0.82,0.75
26.08.2021 01:16:45.771,1.37565,1.37558,0.75,0.75
26.08.2021 01:16:45.873,1.37566,1.37554,0.82,0.26
26.08.2021 01:16:50.887,1.37565,1.37554,0.1,0.19
26.08.2021 01:17:03.478,1.37563,1.37555,0.1,0.19
26.08.2021 01:17:11.704,1.37564,1.37553,0.1,0.94
26.08.2021 01:17:11.806,1.37563,1.37553,0.1,0.94
26.08.2021 01:17:20.766,1.37561,1.37551,0.1,0.19
26.08.2021 01:17:20.867,1.37559,1.37551,0.1,0.64
26.08.2021 01:17:32.345,1.3755600000000001,1.3754700000000002,0.1,2.14
26.08.2021 01:17:32.448,1.3755600000000001,1.3754600000000001,0.1,1.2
26.08.2021 01:17:32.550,1.37555,1.3754600000000001,0.1,1.12
26.08.2021 01:17:34.734,1.37555,1.3754700000000002,0.1,0.75
26.08.2021 01:17:35.300,1.3755600000000001,1.3754700000000002,0.1,0.94
26.08.2021 01:17:36.514,1.3755700000000002,1.3754700000000002,0.1,0.19
26.08.2021 01:17:41.150,1.37558,1.3754700000000002,0.1,0.19
26.08.2021 01:17:49.568,1.3755600000000001,1.37544,0.1,2.32
26.08.2021 01:17:50.127,1.3755600000000001,1.3754600000000001,0.1,1.76
26.08.2021 01:17:50.229,1.3755700000000002,1.3754600000000001,0.1,0.19
26.08.2021 01:17:51.352,1.37558,1.3754600000000001,0.1,1.01
26.08.2021 01:17:56.517,1.3755600000000001,1.3754600000000001,0.1,0.82
26.08.2021 01:17:56.721,1.37555,1.37545,0.1,0.19
26.08.2021 01:17:57.247,1.37554,1.37545,0.1,0.19
26.08.2021 01:18:10.451,1.37555,1.37545,0.1,0.19
26.08.2021 01:18:11.107,1.37555,1.37544,0.1,1.01
26.08.2021 01:18:12.899,1.3755600000000001,1.37544,0.1,2.51
26.08.2021 01:18:13.000,1.3755600000000001,1.3754600000000001,0.1,0.94
26.08.2021 01:18:13.938,1.37558,1.3754600000000001,1.2,2.7
26.08.2021 01:18:32.371,1.37559,1.3754600000000001,0.1,0.82
26.08.2021 01:18:37.904,1.37558,1.3755000000000002,0.1,0.19
26.08.2021 01:18:38.006,1.37559,1.37549,0.1,2.25
26.08.2021 01:18:38.107,1.37562,1.37552,0.1,0.37
26.08.2021 01:18:48.867,1.3756000000000002,1.37551,0.1,0.19
26.08.2021 01:18:48.918,1.37559,1.3755000000000002,0.1,0.82
26.08.2021 01:18:49.025,1.3756000000000002,1.3755000000000002,0.1,0.64
26.08.2021 01:18:49.907,1.3756000000000002,1.37549,0.1,0.19
26.08.2021 01:19:13.677,1.3756000000000002,1.3755000000000002,0.1,0.19
26.08.2021 01:19:22.893,1.37563,1.37551,0.1,0.75
26.08.2021 01:19:22.994,1.37563,1.37552,0.1,0.37
26.08.2021 01:19:23.416,1.37563,1.37553,0.1,1.95
26.08.2021 01:19:23.517,1.37565,1.37553,0.1,0.37
26.08.2021 01:19:48.141,1.37566,1.37553,0.1,1.87
26.08.2021 01:19:49.551,1.37566,1.37554,0.1,0.75
26.08.2021 01:19:49.764,1.3756700000000002,1.37554,0.45,0.75
26.08.2021 01:19:52.944,1.3757000000000001,1.37562,3.45,0.75
26.08.2021 01:19:53.046,1.37573,1.37564,7.57,0.75
26.08.2021 01:19:53.198,1.37574,1.37564,0.1,0.94
26.08.2021 01:19:53.249,1.37576,1.37566,0.82,0.94
26.08.2021 01:19:53.351,1.37575,1.37566,0.1,0.19
26.08.2021 01:19:53.554,1.37578,1.3756700000000002,0.1,0.94
26.08.2021 01:19:53.655,1.3758000000000001,1.37569,0.82,0.19
26.08.2021 01:19:54.288,1.37582,1.37572,0.82,1.5
26.08.2021 01:19:54.389,1.37584,1.37574,0.1,0.94
26.08.2021 01:19:55.074,1.3758299999999999,1.37574,0.1,0.94
26.08.2021 01:19:55.641,1.37585,1.37578,0.1,0.19
26.08.2021 01:19:55.692,1.3758700000000001,1.37578,0.1,0.19
26.08.2021 01:19:55.794,1.3758700000000001,1.3757700000000002,0.1,0.19
26.08.2021 01:19:58.047,1.37586,1.37579,0.1,0.19
26.08.2021 01:19:58.269,1.3758700000000001,1.37579,0.1,0.19
26.08.2021 01:19:58.710,1.37588,1.37576,0.1,1.31
26.08.2021 01:19:59.117,1.3758700000000001,1.37578,0.1,0.19
26.08.2021 01:19:59.320,1.37588,1.37576,0.1,0.94
26.08.2021 01:20:00.200,1.3758700000000001,1.37578,0.1,0.19
26.08.2021 01:20:06.595,1.37588,1.37578,0.45,0.94
26.08.2021 01:20:08.378,1.3758700000000001,1.37578,0.1,0.94
26.08.2021 01:20:19.191,1.3758700000000001,1.3757700000000002,0.1,0.19
26.08.2021 01:20:23.803,1.37582,1.37576,0.75,1.5
26.08.2021 01:20:23.854,1.37584,1.37575,1.5,1.2
26.08.2021 01:20:23.905,1.37578,1.37574,0.37,7.5
26.08.2021 01:20:23.956,1.3757700000000002,1.3757100000000002,0.82,0.45
26.08.2021 01:20:24.007,1.37576,1.3756700000000002,0.82,1.12
26.08.2021 01:20:24.108,1.37576,1.37565,0.1,1.2
26.08.2021 01:20:24.210,1.37576,1.37563,0.82,1.57
26.08.2021 01:20:25.288,1.37574,1.37564,0.1,1.5
26.08.2021 01:20:26.920,1.37576,1.37563,0.82,1.76
26.08.2021 01:20:27.021,1.37575,1.37565,0.1,0.75
26.08.2021 01:20:27.230,1.3757700000000002,1.3756700000000002,0.1,1.01
26.08.2021 01:20:27.332,1.37579,1.3756700000000002,0.1,1.57
26.08.2021 01:20:36.690,1.37576,1.37566,0.1,0.71
26.08.2021 01:20:36.791,1.37576,1.37565,0.1,0.45
26.08.2021 01:20:36.893,1.37574,1.37565,0.1,0.75
26.08.2021 01:20:40.127,1.37575,1.37565,0.1,0.82
26.08.2021 01:21:00.582,1.37578,1.37568,0.75,1.39
26.08.2021 01:21:00.685,1.37579,1.37569,0.1,0.56
26.08.2021 01:21:03.059,1.37578,1.37569,0.1,0.19
26.08.2021 01:21:06.158,1.3757700000000002,1.37566,0.82,1.65
26.08.2021 01:21:06.259,1.37576,1.37566,0.1,1.57
26.08.2021 01:21:10.653,1.3757700000000002,1.37564,0.1,2.4
26.08.2021 01:21:11.938,1.37575,1.37565,0.75,1.2
26.08.2021 01:21:13.308,1.37574,1.37563,0.82,1.84
26.08.2021 01:21:13.411,1.37573,1.37563,0.1,1.2
26.08.2021 01:21:13.868,1.37574,1.37561,0.1,2.77
26.08.2021 01:21:17.405,1.37569,1.37561,0.1,1.57
26.08.2021 01:21:17.508,1.37569,1.37559,0.1,0.19
26.08.2021 01:21:17.611,1.3757000000000001,1.37559,0.1,0.19
26.08.2021 01:21:17.936,1.3757000000000001,1.3756000000000002,0.82,0.19
26.08.2021 01:21:36.667,1.37568,1.37562,0.1,0.37
26.08.2021 01:21:36.768,1.3757000000000001,1.37561,0.45,0.37
26.08.2021 01:21:36.972,1.3757000000000001,1.37558,0.1,1.69
26.08.2021 01:21:38.272,1.3757100000000002,1.37559,0.82,0.19
26.08.2021 01:21:40.989,1.37574,1.37563,4.27,0.19
26.08.2021 01:21:55.711,1.37576,1.37564,0.1,0.1
26.08.2021 01:21:58.271,1.37574,1.37565,0.1,0.75
26.08.2021 01:22:09.610,1.3757700000000002,1.37565,0.82,0.1
26.08.2021 01:22:18.424,1.37579,1.3757100000000002,1.2,0.37
26.08.2021 01:22:18.475,1.37582,1.3757000000000001,0.1,1.57
26.08.2021 01:22:24.276,1.37582,1.37573,0.82,0.75
26.08.2021 01:22:28.045,1.37582,1.3757000000000001,0.1,1.76
26.08.2021 01:22:35.764,1.3757700000000002,1.37568,0.37,0.19
26.08.2021 01:22:35.866,1.3757700000000002,1.3756700000000002,0.82,0.45
26.08.2021 01:22:35.967,1.37578,1.37565,0.1,0.45
26.08.2021 01:22:36.629,1.37578,1.3756700000000002,1.57,1.01
26.08.2021 01:22:36.731,1.37579,1.37568,1.57,0.45
26.08.2021 01:22:40.316,1.3758100000000002,1.37572,0.82,0.19
26.08.2021 01:22:40.417,1.37582,1.37572,0.1,1.01
26.08.2021 01:22:43.743,1.3758100000000002,1.37572,0.1,1.69
26.08.2021 01:22:43.846,1.37578,1.37569,0.1,0.37
26.08.2021 01:22:43.898,1.3757700000000002,1.37565,0.1,0.82
26.08.2021 01:22:43.999,1.37576,1.37565,0.1,0.75
26.08.2021 01:22:44.657,1.37576,1.37566,0.1,0.82
26.08.2021 01:22:45.216,1.37575,1.37566,0.1,0.75
26.08.2021 01:22:45.318,1.37575,1.37565,0.1,1.01
26.08.2021 01:22:55.929,1.37578,1.37566,0.82,0.1
26.08.2021 01:22:57.620,1.3757700000000002,1.37565,0.1,1.01
26.08.2021 01:23:00.150,1.37575,1.37566,0.1,0.75
26.08.2021 01:23:06.173,1.37575,1.37565,0.1,0.82
26.08.2021 01:23:06.274,1.37573,1.37564,0.82,0.75
26.08.2021 01:23:06.376,1.37572,1.37562,0.1,0.75
26.08.2021 01:23:06.477,1.37572,1.37561,0.1,0.75
26.08.2021 01:23:06.579,1.37572,1.3756000000000002,0.1,0.75
26.08.2021 01:23:11.147,1.37573,1.3756000000000002,1.57,0.75
26.08.2021 01:23:11.799,1.3757000000000001,1.3756000000000002,0.75,0.75
26.08.2021 01:23:11.850,1.37568,1.3755700000000002,0.45,1.65
26.08.2021 01:23:11.951,1.3756700000000002,1.3755700000000002,0.37,0.52
26.08.2021 01:23:12.212,1.37569,1.37558,0.1,0.64
26.08.2021 01:23:12.313,1.3757100000000002,1.37558,2.32,0.26
26.08.2021 01:23:16.075,1.3756700000000002,1.3755700000000002,1.2,1.2
26.08.2021 01:23:16.176,1.37566,1.37555,1.2,0.1
26.08.2021 01:23:16.278,1.37565,1.37554,0.1,1.76
26.08.2021 01:23:18.203,1.37566,1.37555,1.2,0.1
26.08.2021 01:23:32.058,1.3756700000000002,1.3755600000000001,0.1,0.26
26.08.2021 01:23:32.160,1.37569,1.3755600000000001,0.1,0.64
26.08.2021 01:23:33.390,1.3757000000000001,1.3755700000000002,2.32,0.1
26.08.2021 01:23:43.070,1.37568,1.3755600000000001,0.45,0.37
26.08.2021 01:23:43.323,1.3756700000000002,1.37554,0.1,1.76
26.08.2021 01:23:47.017,1.37565,1.37555,0.1,0.19
26.08.2021 01:23:51.316,1.37566,1.37555,0.45,0.26
26.08.2021 01:23:52.344,1.37565,1.37555,0.1,0.19
26.08.2021 01:23:53.582,1.3756700000000002,1.37554,0.45,1.01
26.08.2021 01:24:01.185,1.37565,1.37555,0.1,1.57
26.08.2021 01:24:04.776,1.37568,1.3755600000000001,0.1,0.1
26.08.2021 01:24:08.898,1.37568,1.37558,0.1,0.1
26.08.2021 01:24:10.561,1.3757000000000001,1.37558,2.32,0.82
26.08.2021 01:24:14.785,1.3757000000000001,1.37559,1.57,0.75
26.08.2021 01:24:14.836,1.3757100000000002,1.37562,0.82,0.75
26.08.2021 01:24:14.887,1.37573,1.37563,0.1,0.1
26.08.2021 01:24:22.737,1.37572,1.37563,0.1,1.5
26.08.2021 01:24:41.082,1.37574,1.37562,0.1,1.2
26.08.2021 01:24:41.183,1.37574,1.37564,0.1,0.26
26.08.2021 01:24:44.547,1.37576,1.37565,0.1,0.19
26.08.2021 01:24:44.649,1.37575,1.37565,0.1,1.01
26.08.2021 01:24:56.025,1.37575,1.37563,0.1,1.76
26.08.2021 01:24:59.669,1.37573,1.37564,0.1,0.19
26.08.2021 01:25:00.241,1.37574,1.37564,0.1,0.26
26.08.2021 01:25:03.265,1.37575,1.37565,0.1,0.1
26.08.2021 01:25:05.094,1.37574,1.37564,0.1,0.26
26.08.2021 01:25:12.501,1.37576,1.37564,0.1,0.1
26.08.2021 01:25:20.836,1.37575,1.37563,0.1,1.01
26.08.2021 01:25:27.834,1.37575,1.37565,0.1,0.1
26.08.2021 01:26:27.868,1.37576,1.37565,1.87,0.19
26.08.2021 01:26:38.100,1.37574,1.37564,0.1,1.01
26.08.2021 01:26:41.121,1.37574,1.37563,0.1,0.94
26.08.2021 01:26:41.475,1.37574,1.37564,0.1,0.26
26.08.2021 01:26:43.278,1.37575,1.37565,0.1,0.1
26.08.2021 01:26:49.601,1.37575,1.37564,0.1,0.19
26.08.2021 01:26:51.822,1.37575,1.37563,0.82,1.01
26.08.2021 01:26:54.249,1.37574,1.37562,0.1,1.76
26.08.2021 01:27:05.495,1.37573,1.37561,0.1,1.76
26.08.2021 01:27:13.667,1.37573,1.37563,0.1,0.82
26.08.2021 01:27:17.541,1.37572,1.37563,0.1,0.75
26.08.2021 01:27:18.355,1.37572,1.37562,0.1,1.76
26.08.2021 01:27:26.977,1.37573,1.37563,1.57,0.1
26.08.2021 01:27:27.404,1.37573,1.37564,0.75,0.1
26.08.2021 01:27:27.506,1.37574,1.37564,0.1,0.1
26.08.2021 01:27:40.398,1.37574,1.37562,0.1,1.76
26.08.2021 01:27:40.500,1.37568,1.3756000000000002,0.45,0.82
26.08.2021 01:27:40.550,1.37569,1.3755700000000002,0.64,1.12
26.08.2021 01:27:40.652,1.3756700000000002,1.37558,0.1,1.12
26.08.2021 01:27:41.422,1.3756700000000002,1.3755600000000001,0.1,2.51
26.08.2021 01:27:54.247,1.37569,1.3755700000000002,0.1,0.37
26.08.2021 01:27:54.349,1.3757000000000001,1.3755700000000002,0.1,1.95
26.08.2021 01:27:54.450,1.3757000000000001,1.37559,0.82,0.1
26.08.2021 01:28:25.891,1.3756700000000002,1.37558,0.1,0.45
26.08.2021 01:28:25.992,1.37566,1.37558,0.1,0.45
26.08.2021 01:28:26.094,1.37566,1.37555,0.1,0.82
26.08.2021 01:28:35.207,1.3756700000000002,1.3755700000000002,0.1,0.19
26.08.2021 01:28:35.309,1.37568,1.3755700000000002,0.1,1.76
26.08.2021 01:28:35.461,1.37569,1.3755700000000002,0.75,2.51
26.08.2021 01:28:36.697,1.3757000000000001,1.3755700000000002,0.75,0.19
26.08.2021 01:28:36.861,1.3757100000000002,1.3755700000000002,0.1,0.19
26.08.2021 01:28:38.416,1.37572,1.3755700000000002,2.32,2.51
26.08.2021 01:28:38.833,1.3756700000000002,1.37558,0.1,1.2
26.08.2021 01:28:38.935,1.37566,1.37558,0.1,0.45
26.08.2021 01:28:39.037,1.37566,1.37555,0.1,2.32
26.08.2021 01:28:39.909,1.37565,1.37555,0.1,0.75
26.08.2021 01:28:45.287,1.37565,1.37554,0.1,2.51
26.08.2021 01:28:50.635,1.37565,1.37555,0.1,0.75
26.08.2021 01:28:50.737,1.3756700000000002,1.37555,0.1,0.75
26.08.2021 01:28:50.838,1.37568,1.3755700000000002,0.1,1.76
26.08.2021 01:28:50.940,1.37569,1.37558,0.1,0.82
26.08.2021 01:28:51.913,1.3757000000000001,1.37558,0.1,0.75
26.08.2021 01:28:53.390,1.37572,1.3756000000000002,0.1,0.56
26.08.2021 01:28:53.491,1.37573,1.37563,0.1,0.75
26.08.2021 01:28:54.050,1.37575,1.37562,0.1,0.82
26.08.2021 01:28:54.747,1.37574,1.37565,0.1,0.37
26.08.2021 01:28:55.021,1.37574,1.37563,0.1,1.84
26.08.2021 01:28:55.953,1.37574,1.37564,0.1,0.75
26.08.2021 01:28:56.004,1.37576,1.37566,0.82,0.37
26.08.2021 01:28:56.327,1.37575,1.37564,0.82,0.82
26.08.2021 01:29:00.599,1.37574,1.37563,0.1,1.84
26.08.2021 01:29:01.344,1.37575,1.37563,0.1,0.75
26.08.2021 01:29:01.857,1.37575,1.37562,0.1,1.84
26.08.2021 01:29:06.955,1.37574,1.37564,0.1,0.75
26.08.2021 01:29:12.263,1.37576,1.37563,0.1,0.82
26.08.2021 01:29:12.919,1.37576,1.37565,1.2,0.1
26.08.2021 01:29:13.071,1.37575,1.37564,0.1,2.21
26.08.2021 01:29:18.643,1.37574,1.37563,0.1,1.76
26.08.2021 01:29:23.449,1.37575,1.37563,0.82,1.01
26.08.2021 01:29:38.254,1.37575,1.37561,0.1,2.59
26.08.2021 01:29:47.989,1.37574,1.37561,0.75,1.01
26.08.2021 01:29:48.040,1.37569,1.37561,1.12,1.2
26.08.2021 01:29:48.141,1.3757100000000002,1.3756000000000002,2.32,0.45
26.08.2021 01:29:48.248,1.3757000000000001,1.37559,2.32,0.82
26.08.2021 01:29:52.057,1.3757100000000002,1.37559,1.5,1.27
26.08.2021 01:29:56.385,1.37572,1.37559,3,1.95
26.08.2021 01:30:00.285,1.37572,1.3756000000000002,2.25,0.37
26.08.2021 01:30:00.336,1.37573,1.37563,0.75,0.19
