Gmt time,Ask,Bid,AskVolume,BidVolume
20.08.2021 00:00:00.983,1.36308,1.36298,0.1,0.75
20.08.2021 00:00:02.259,1.36313,1.3630600000000002,1.5,0.75
20.08.2021 00:00:06.850,1.36318,1.36313,0.75,0.75
20.08.2021 00:00:06.900,1.36321,1.36312,0.75,0.94
20.08.2021 00:00:07.558,1.3632,1.36312,0.75,0.94
20.08.2021 00:00:08.794,1.3632,1.36313,0.75,0.75
20.08.2021 00:00:08.896,1.36323,1.36313,0.75,0.75
20.08.2021 00:00:11.427,1.36323,1.36314,0.82,0.75
20.08.2021 00:00:11.903,1.36321,1.36313,2.25,0.75
20.08.2021 00:00:12.004,1.3631600000000001,1.3631,0.75,0.75
20.08.2021 00:00:13.074,1.36318,1.3630900000000001,0.75,0.75
20.08.2021 00:00:13.184,1.36321,1.36314,0.75,0.75
20.08.2021 00:00:13.285,1.36322,1.36314,0.82,0.75
20.08.2021 00:00:17.890,1.36318,1.3631,0.75,1.5
20.08.2021 00:00:17.991,1.36318,1.3630900000000001,0.75,0.75
20.08.2021 00:00:23.176,1.36318,1.3631,0.75,0.75
20.08.2021 00:00:24.776,1.3631700000000002,1.3631,0.75,0.75
20.08.2021 00:00:28.077,1.3631700000000002,1.3630900000000001,0.75,0.75
20.08.2021 00:00:41.462,1.3631700000000002,1.36308,0.75,0.75
20.08.2021 00:00:41.917,1.3631600000000001,1.36308,0.75,0.75
20.08.2021 00:00:42.932,1.3631600000000001,1.3630700000000002,0.82,1.5
20.08.2021 00:00:44.738,1.36315,1.3630700000000002,0.75,0.75
20.08.2021 00:00:44.841,1.36313,1.3630700000000002,0.75,0.75
20.08.2021 00:00:50.288,1.36314,1.3630700000000002,0.75,0.75
20.08.2021 00:00:50.524,1.36314,1.3630600000000002,0.75,0.75
20.08.2021 00:00:52.293,1.36313,1.3630600000000002,0.75,1.2
20.08.2021 00:00:52.885,1.36314,1.3630600000000002,0.75,0.45
20.08.2021 00:00:58.173,1.36311,1.36303,1.5,0.19
20.08.2021 00:00:58.731,1.36314,1.36304,0.75,0.19
20.08.2021 00:00:58.883,1.36311,1.36304,1.5,0.75
20.08.2021 00:00:59.035,1.3630900000000001,1.3630200000000001,0.75,0.82
20.08.2021 00:00:59.138,1.3630900000000001,1.36301,0.75,0.82
20.08.2021 00:00:59.241,1.3631,1.36301,0.75,0.82
20.08.2021 00:00:59.503,1.3630900000000001,1.36303,0.75,0.19
20.08.2021 00:00:59.554,1.36312,1.36304,0.75,0.19
20.08.2021 00:01:00.414,1.36314,1.36303,0.75,1.39
20.08.2021 00:01:00.515,1.36315,1.36304,1.5,0.26
20.08.2021 00:01:02.281,1.36314,1.3630600000000002,0.75,0.26
20.08.2021 00:01:02.483,1.36314,1.3630700000000002,0.75,0.1
20.08.2021 00:01:02.636,1.36314,1.3630600000000002,0.75,1.2
20.08.2021 00:01:02.788,1.36314,1.3630700000000002,0.75,0.82
20.08.2021 00:01:04.071,1.36315,1.3630700000000002,0.75,0.82
20.08.2021 00:01:09.073,1.3631600000000001,1.3630700000000002,1.5,0.82
20.08.2021 00:01:11.336,1.3631700000000002,1.3631,0.75,0.75
20.08.2021 00:01:11.387,1.36318,1.3631,0.75,1.01
20.08.2021 00:01:11.591,1.3631900000000001,1.3631,0.75,1.01
20.08.2021 00:01:19.184,1.3632,1.3631,0.75,1.01
20.08.2021 00:01:26.766,1.36321,1.3631,0.75,0.75
20.08.2021 00:01:27.564,1.3632,1.36312,0.75,0.75
20.08.2021 00:01:27.787,1.3632,1.36313,0.75,0.75
20.08.2021 00:01:32.605,1.36322,1.36312,0.75,0.75
20.08.2021 00:01:38.957,1.36322,1.36313,0.75,0.75
20.08.2021 00:01:50.702,1.36322,1.36312,0.75,0.75
20.08.2021 00:01:53.080,1.36321,1.36312,0.75,1.5
20.08.2021 00:01:59.217,1.36322,1.36314,0.75,0.37
20.08.2021 00:01:59.318,1.3632600000000001,1.3631600000000001,0.75,0.1
20.08.2021 00:02:00.081,1.3632700000000002,1.3631700000000002,1.5,0.82
20.08.2021 00:02:00.344,1.3632700000000002,1.36318,1.5,0.37
20.08.2021 00:02:06.819,1.3632700000000002,1.3631700000000002,0.75,1.95
20.08.2021 00:02:08.725,1.3632700000000002,1.36318,0.75,0.37
20.08.2021 00:02:09.725,1.36328,1.3631600000000001,0.75,1.95
20.08.2021 00:02:16.492,1.36328,1.3631700000000002,1.5,0.37
20.08.2021 00:02:19.157,1.3632700000000002,1.3631900000000001,0.75,0.75
20.08.2021 00:02:21.245,1.36328,1.3631900000000001,0.82,0.75
20.08.2021 00:02:27.556,1.36328,1.3632,0.75,0.1
20.08.2021 00:02:30.079,1.3633,1.36321,2.44,0.82
20.08.2021 00:02:30.180,1.3633,1.36322,0.19,0.1
20.08.2021 00:02:30.282,1.36332,1.36322,3,0.75
20.08.2021 00:02:30.383,1.36332,1.36324,0.75,0.82
20.08.2021 00:02:30.484,1.36332,1.36325,0.75,0.1
20.08.2021 00:02:31.196,1.36332,1.36324,0.75,0.75
20.08.2021 00:02:33.180,1.36333,1.36324,0.75,0.75
20.08.2021 00:02:41.315,1.36335,1.36325,0.75,0.75
20.08.2021 00:02:41.365,1.3633700000000002,1.3632600000000001,0.75,0.75
20.08.2021 00:02:41.568,1.3633700000000002,1.36328,0.82,0.75
20.08.2021 00:02:46.233,1.36338,1.36328,1.57,0.75
20.08.2021 00:02:46.334,1.36338,1.3632900000000001,0.75,0.75
20.08.2021 00:02:49.480,1.36338,1.36328,0.75,0.82
20.08.2021 00:02:49.751,1.36338,1.3632900000000001,0.75,0.75
20.08.2021 00:03:00.203,1.36339,1.3632900000000001,1.95,0.75
20.08.2021 00:03:01.598,1.36339,1.3632700000000002,0.75,0.75
20.08.2021 00:03:05.823,1.36339,1.3632900000000001,0.82,0.75
20.08.2021 00:03:09.808,1.36338,1.3632900000000001,1.12,0.75
20.08.2021 00:03:09.909,1.36339,1.3632700000000002,1.95,0.75
20.08.2021 00:03:10.724,1.36339,1.36328,0.94,0.75
20.08.2021 00:03:10.876,1.36339,1.3632900000000001,0.82,0.75
20.08.2021 00:03:19.588,1.36339,1.36333,0.19,0.94
20.08.2021 00:03:19.690,1.36341,1.3633600000000001,0.75,0.75
20.08.2021 00:03:19.741,1.3634700000000002,1.36335,1.76,0.75
20.08.2021 00:03:20.417,1.36348,1.36339,1.95,0.75
20.08.2021 00:03:21.437,1.36349,1.36339,2.14,0.75
20.08.2021 00:03:26.057,1.36349,1.3634000000000002,2.14,0.75
20.08.2021 00:03:28.266,1.36348,1.36339,0.1,0.75
20.08.2021 00:03:29.938,1.3634700000000002,1.36338,0.82,0.75
20.08.2021 00:03:30.153,1.3634700000000002,1.3633700000000002,0.82,0.75
20.08.2021 00:03:30.255,1.3634700000000002,1.3633600000000001,0.82,0.75
20.08.2021 00:03:31.719,1.3634600000000001,1.3633600000000001,0.1,0.75
20.08.2021 00:03:35.578,1.3634600000000001,1.3633700000000002,1.76,0.75
20.08.2021 00:03:35.680,1.3634600000000001,1.36338,1.76,0.75
20.08.2021 00:03:39.748,1.3634600000000001,1.3633700000000002,1.01,0.75
20.08.2021 00:03:41.668,1.36345,1.3633700000000002,0.1,0.75
20.08.2021 00:03:44.210,1.36345,1.3633600000000001,0.1,0.75
20.08.2021 00:03:45.103,1.3634600000000001,1.3633600000000001,0.1,0.75
20.08.2021 00:03:45.492,1.3634600000000001,1.36338,0.1,0.75
20.08.2021 00:03:45.593,1.36348,1.3633700000000002,0.82,0.75
20.08.2021 00:03:46.250,1.36348,1.36338,1.2,0.75
20.08.2021 00:03:46.351,1.36348,1.36339,1.2,0.75
20.08.2021 00:03:54.908,1.3634700000000002,1.3633700000000002,1.57,0.75
20.08.2021 00:03:55.520,1.3634600000000001,1.3633600000000001,0.75,0.82
20.08.2021 00:03:58.617,1.36342,1.36331,3,3
20.08.2021 00:03:58.719,1.3634000000000002,1.36331,0.75,0.1
20.08.2021 00:04:00.863,1.36344,1.36333,0.75,0.82
20.08.2021 00:04:00.913,1.3634600000000001,1.3633600000000001,0.75,0.82
20.08.2021 00:04:02.220,1.3634700000000002,1.3633600000000001,0.75,0.1
20.08.2021 00:04:02.368,1.3634700000000002,1.3633700000000002,0.75,0.1
20.08.2021 00:04:03.622,1.36349,1.3633700000000002,2.7,0.75
20.08.2021 00:04:04.088,1.36348,1.3634000000000002,0.1,0.75
20.08.2021 00:04:06.348,1.36349,1.36338,0.1,0.75
20.08.2021 00:04:07.371,1.36349,1.36339,1.39,0.75
20.08.2021 00:04:08.237,1.36349,1.3633700000000002,0.75,0.82
20.08.2021 00:04:09.179,1.36349,1.36339,1.39,0.75
20.08.2021 00:04:11.241,1.36349,1.36338,0.1,0.75
20.08.2021 00:04:12.265,1.36349,1.36339,1.39,0.75
20.08.2021 00:04:13.302,1.3635000000000002,1.36339,1.39,0.75
20.08.2021 00:04:16.671,1.36348,1.3634000000000002,0.1,0.75
20.08.2021 00:04:17.195,1.36348,1.36339,0.1,0.75
20.08.2021 00:04:17.601,1.36348,1.3634000000000002,0.82,0.75
20.08.2021 00:04:18.521,1.36348,1.36339,0.1,0.75
20.08.2021 00:04:18.572,1.3634700000000002,1.36338,0.1,0.75
20.08.2021 00:04:18.853,1.36348,1.36338,0.1,0.75
20.08.2021 00:04:18.954,1.36348,1.36339,1.2,0.75
20.08.2021 00:04:22.939,1.36349,1.36339,1.39,0.75
20.08.2021 00:04:23.745,1.36354,1.3634600000000001,0.45,0.75
20.08.2021 00:04:23.846,1.36358,1.3634600000000001,0.82,0.75
20.08.2021 00:04:24.813,1.36358,1.36345,1.5,1.5
20.08.2021 00:04:26.801,1.36358,1.3634600000000001,1.5,0.75
20.08.2021 00:04:26.962,1.3635700000000002,1.3634600000000001,1.5,1.5
20.08.2021 00:04:27.986,1.36353,1.3634600000000001,0.75,1.5
20.08.2021 00:04:28.290,1.36356,1.36345,1.2,1.5
20.08.2021 00:04:39.489,1.36355,1.36345,0.82,1.57
20.08.2021 00:04:45.252,1.36355,1.3634600000000001,0.82,0.75
20.08.2021 00:05:07.146,1.36356,1.3634700000000002,0.1,0.75
20.08.2021 00:05:07.257,1.3635700000000002,1.3634700000000002,0.82,1.57
20.08.2021 00:05:08.718,1.36358,1.3634700000000002,0.1,0.75
20.08.2021 00:05:12.372,1.3635700000000002,1.3634700000000002,0.82,1.57
20.08.2021 00:05:14.433,1.36358,1.3634700000000002,0.1,0.75
20.08.2021 00:05:16.882,1.36358,1.36348,0.82,0.82
20.08.2021 00:05:31.733,1.36354,1.36348,0.75,1.57
20.08.2021 00:05:31.784,1.3634600000000001,1.36341,0.75,2.25
20.08.2021 00:05:31.835,1.36343,1.36335,0.75,1.87
20.08.2021 00:05:31.937,1.36342,1.36333,1.5,0.45
20.08.2021 00:05:31.988,1.36345,1.36335,0.1,2.14
20.08.2021 00:05:32.039,1.3634600000000001,1.36341,0.82,0.37
20.08.2021 00:05:32.089,1.3634600000000001,1.36338,0.1,0.75
20.08.2021 00:05:32.191,1.36348,1.3633700000000002,0.1,0.75
20.08.2021 00:05:35.712,1.3634600000000001,1.36339,0.1,0.1
20.08.2021 00:05:35.763,1.36348,1.3634000000000002,0.1,0.1
20.08.2021 00:05:35.865,1.36348,1.36342,0.1,0.1
20.08.2021 00:05:37.298,1.3635000000000002,1.36341,1.57,0.1
20.08.2021 00:05:42.665,1.36349,1.3634000000000002,0.82,0.75
20.08.2021 00:05:43.056,1.36349,1.36339,0.1,0.75
20.08.2021 00:05:46.425,1.3634700000000002,1.36338,0.1,0.75
20.08.2021 00:05:46.527,1.3634600000000001,1.3633700000000002,0.1,0.75
20.08.2021 00:05:46.579,1.36345,1.3633600000000001,0.75,0.75
20.08.2021 00:05:46.680,1.36345,1.3633700000000002,0.1,0.75
20.08.2021 00:05:46.782,1.3634600000000001,1.3633700000000002,0.1,0.75
20.08.2021 00:05:50.406,1.3634600000000001,1.36338,0.1,0.75
20.08.2021 00:05:50.508,1.36348,1.36338,0.1,0.75
20.08.2021 00:05:51.517,1.36349,1.36338,0.1,0.75
20.08.2021 00:05:56.507,1.3635000000000002,1.36338,0.1,1.2
20.08.2021 00:05:56.609,1.36354,1.36345,0.45,0.94
20.08.2021 00:05:56.660,1.36356,1.36345,0.1,0.75
20.08.2021 00:05:56.812,1.36355,1.3634700000000002,0.1,0.75
20.08.2021 00:05:58.572,1.36356,1.3634700000000002,2.32,0.75
20.08.2021 00:05:58.876,1.36358,1.36349,0.1,0.94
20.08.2021 00:05:58.979,1.3636000000000001,1.36348,0.1,1.01
20.08.2021 00:05:59.081,1.36359,1.3635000000000002,0.1,0.75
20.08.2021 00:06:01.683,1.36358,1.36349,1.57,0.94
20.08.2021 00:06:02.668,1.3636100000000002,1.36349,1.57,0.75
20.08.2021 00:06:02.871,1.36362,1.36352,0.1,0.75
20.08.2021 00:06:02.972,1.36364,1.36354,1.57,0.75
20.08.2021 00:06:08.136,1.3636000000000001,1.36352,0.82,0.82
20.08.2021 00:06:08.238,1.36359,1.3635000000000002,1.5,0.26
20.08.2021 00:06:08.440,1.36359,1.36351,1.5,0.19
20.08.2021 00:06:08.602,1.3636000000000001,1.36349,1.5,0.26
20.08.2021 00:06:10.751,1.3636000000000001,1.3635000000000002,1.57,0.82
20.08.2021 00:06:11.776,1.3636100000000002,1.36352,0.75,1.01
20.08.2021 00:06:11.878,1.36363,1.36351,1.57,1.01
20.08.2021 00:06:18.179,1.36358,1.3635000000000002,0.75,0.26
20.08.2021 00:06:18.435,1.36359,1.36348,1.5,0.26
20.08.2021 00:06:30.627,1.36358,1.3635000000000002,1.5,0.19
20.08.2021 00:06:36.479,1.36359,1.3635000000000002,0.75,0.19
20.08.2021 00:06:38.173,1.3636000000000001,1.3635000000000002,1.5,1.01
20.08.2021 00:06:38.275,1.3636000000000001,1.36351,0.75,0.26
20.08.2021 00:06:40.560,1.36362,1.36352,0.75,1.2
20.08.2021 00:06:40.675,1.36362,1.36353,0.75,0.26
20.08.2021 00:06:40.827,1.36363,1.36353,1.5,1.01
20.08.2021 00:06:41.080,1.36364,1.36354,1.5,1.01
20.08.2021 00:06:44.800,1.36365,1.36354,0.75,0.75
20.08.2021 00:06:45.009,1.36365,1.36355,1.5,0.82
20.08.2021 00:06:48.209,1.36366,1.36355,1.5,0.19
20.08.2021 00:06:50.120,1.36366,1.36356,1.5,1.01
20.08.2021 00:06:54.373,1.3636700000000002,1.36356,0.75,0.19
20.08.2021 00:06:54.424,1.36362,1.36356,0.75,1.57
20.08.2021 00:06:54.526,1.36366,1.36354,2.25,0.37
20.08.2021 00:06:54.627,1.36364,1.36355,0.75,0.37
20.08.2021 00:06:54.728,1.36365,1.36355,1.5,1.39
20.08.2021 00:06:59.693,1.36366,1.3635700000000002,0.75,0.75
20.08.2021 00:07:00.080,1.3636700000000002,1.3635700000000002,2.44,0.75
20.08.2021 00:07:00.894,1.3636700000000002,1.36356,1.69,1.5
20.08.2021 00:07:02.833,1.3636700000000002,1.3635700000000002,1.5,0.19
20.08.2021 00:07:05.152,1.36368,1.3635700000000002,0.75,0.75
20.08.2021 00:07:06.015,1.36368,1.36358,1.5,0.75
20.08.2021 00:07:07.023,1.36368,1.36359,0.75,0.75
20.08.2021 00:07:19.078,1.3636700000000002,1.36359,0.75,0.75
20.08.2021 00:07:22.713,1.36368,1.36356,1.5,0.82
20.08.2021 00:07:25.188,1.36366,1.3635700000000002,0.75,0.1
20.08.2021 00:07:25.703,1.36362,1.36356,0.75,0.75
20.08.2021 00:07:25.805,1.36363,1.36352,1.5,0.45
20.08.2021 00:07:26.060,1.36362,1.36354,0.75,0.1
20.08.2021 00:07:26.162,1.36363,1.36354,1.5,0.1
20.08.2021 00:07:28.192,1.36362,1.36351,1.5,1.01
20.08.2021 00:07:28.294,1.36364,1.36353,1.5,0.1
20.08.2021 00:07:28.395,1.36364,1.36354,1.5,1.2
20.08.2021 00:07:28.601,1.36364,1.36353,0.75,1.2
20.08.2021 00:07:28.702,1.36365,1.36353,0.75,1.95
20.08.2021 00:07:32.686,1.36366,1.36354,1.5,0.1
20.08.2021 00:07:35.042,1.36365,1.36354,0.75,1.2
20.08.2021 00:07:35.850,1.36359,1.3635000000000002,1.5,1.39
20.08.2021 00:07:37.511,1.36359,1.36351,0.75,0.19
20.08.2021 00:07:37.613,1.3636100000000002,1.3635000000000002,1.5,0.19
20.08.2021 00:07:38.520,1.3636100000000002,1.36353,0.75,0.19
20.08.2021 00:07:40.267,1.36363,1.36352,1.5,1.12
20.08.2021 00:07:40.369,1.36362,1.36351,1.87,1.5
20.08.2021 00:07:40.472,1.36359,1.36351,0.75,0.45
20.08.2021 00:07:40.574,1.36359,1.3635000000000002,0.75,0.94
20.08.2021 00:07:47.802,1.3636000000000001,1.3635000000000002,1.5,0.94
20.08.2021 00:07:48.011,1.36359,1.3635000000000002,1.5,0.19
20.08.2021 00:07:50.315,1.36359,1.36349,0.75,0.19
20.08.2021 00:07:50.675,1.3635700000000002,1.3635000000000002,0.75,0.19
20.08.2021 00:07:50.827,1.36359,1.36349,1.5,0.19
20.08.2021 00:07:53.023,1.36359,1.3635000000000002,1.5,0.19
20.08.2021 00:07:54.501,1.3636100000000002,1.3635000000000002,1.5,0.26
20.08.2021 00:07:55.897,1.3636100000000002,1.36352,0.75,0.45
20.08.2021 00:07:57.375,1.36362,1.36353,0.75,0.75
20.08.2021 00:07:57.476,1.36363,1.36353,1.5,1.12
20.08.2021 00:08:09.709,1.36362,1.36353,0.75,0.82
20.08.2021 00:08:19.817,1.3636000000000001,1.3635000000000002,0.75,0.94
20.08.2021 00:08:19.919,1.36359,1.3635000000000002,0.75,0.75
20.08.2021 00:08:32.633,1.3636000000000001,1.36351,0.75,0.19
20.08.2021 00:08:32.735,1.3636000000000001,1.36353,0.75,0.19
20.08.2021 00:08:32.836,1.3636100000000002,1.36351,0.75,0.64
20.08.2021 00:08:33.140,1.36362,1.36351,1.5,0.64
20.08.2021 00:08:33.292,1.36363,1.36352,0.75,0.82
20.08.2021 00:08:34.326,1.36362,1.36354,0.75,0.19
20.08.2021 00:08:34.699,1.36363,1.36355,0.75,0.19
20.08.2021 00:08:44.877,1.36365,1.36354,2.25,0.19
20.08.2021 00:08:55.434,1.3636100000000002,1.36352,0.75,1.01
20.08.2021 00:08:55.687,1.3636100000000002,1.36354,0.75,0.19
20.08.2021 00:08:55.788,1.36362,1.36354,0.75,0.19
20.08.2021 00:09:01.956,1.36363,1.36354,0.75,0.19
20.08.2021 00:09:12.368,1.36363,1.36355,1.5,0.19
20.08.2021 00:09:14.373,1.3636000000000001,1.36353,0.75,0.94
20.08.2021 00:09:14.425,1.36358,1.3635000000000002,0.75,0.94
20.08.2021 00:09:20.395,1.36359,1.36353,0.75,0.82
20.08.2021 00:09:20.446,1.36363,1.36356,0.75,0.19
20.08.2021 00:09:20.497,1.36358,1.36352,0.75,0.37
20.08.2021 00:09:20.598,1.36358,1.3635000000000002,0.75,1.31
20.08.2021 00:09:23.848,1.36358,1.36349,0.75,1.39
20.08.2021 00:09:24.712,1.36358,1.36348,0.75,0.82
20.08.2021 00:09:26.811,1.36358,1.36349,0.75,1.01
20.08.2021 00:09:28.440,1.36359,1.36349,1.5,0.19
20.08.2021 00:09:29.183,1.36356,1.3635000000000002,0.75,0.19
20.08.2021 00:09:36.667,1.3635700000000002,1.3635000000000002,0.75,0.19
20.08.2021 00:09:37.158,1.3635700000000002,1.36349,0.75,0.19
20.08.2021 00:09:48.182,1.36358,1.36349,0.75,0.19
20.08.2021 00:09:50.841,1.36358,1.3635000000000002,0.75,0.19
20.08.2021 00:10:11.715,1.36358,1.36351,0.75,0.19
20.08.2021 00:10:11.817,1.36359,1.36351,0.75,0.19
20.08.2021 00:10:11.918,1.3636000000000001,1.3635000000000002,0.75,0.19
20.08.2021 00:10:12.282,1.36359,1.3635000000000002,0.75,1.01
20.08.2021 00:10:13.184,1.36358,1.3635000000000002,0.75,0.94
20.08.2021 00:10:20.034,1.36363,1.36353,1.12,0.19
20.08.2021 00:10:20.186,1.36359,1.36352,0.75,0.19
20.08.2021 00:10:20.288,1.36365,1.36355,0.75,0.94
20.08.2021 00:10:20.339,1.36364,1.36353,0.75,0.75
20.08.2021 00:10:20.390,1.36359,1.36353,0.75,0.37
20.08.2021 00:10:20.441,1.36359,1.36351,0.75,0.75
20.08.2021 00:10:37.756,1.36359,1.3635000000000002,0.75,0.75
20.08.2021 00:10:37.807,1.36359,1.36348,0.75,1.76
20.08.2021 00:10:40.326,1.36358,1.36348,0.75,1.76
20.08.2021 00:10:41.922,1.36359,1.3635000000000002,0.82,0.75
20.08.2021 00:10:45.229,1.36359,1.36349,1.57,2.51
20.08.2021 00:10:49.863,1.36359,1.3635000000000002,0.82,1.5
20.08.2021 00:10:50.124,1.3636000000000001,1.36351,1.57,0.75
20.08.2021 00:10:53.080,1.3636000000000001,1.36348,0.82,1.57
20.08.2021 00:11:00.785,1.36358,1.36349,0.75,1.57
20.08.2021 00:11:03.147,1.3635700000000002,1.36349,0.75,0.82
20.08.2021 00:11:06.024,1.36355,1.36348,0.75,0.75
20.08.2021 00:11:06.125,1.36349,1.36342,0.75,0.56
20.08.2021 00:11:06.227,1.3635000000000002,1.3634000000000002,0.75,8.44
20.08.2021 00:11:06.328,1.36349,1.3634000000000002,0.75,0.19
20.08.2021 00:11:08.290,1.36349,1.36339,0.75,0.26
20.08.2021 00:11:08.391,1.36349,1.36338,0.75,0.82
20.08.2021 00:11:23.542,1.36349,1.36339,1.57,1.57
20.08.2021 00:11:25.276,1.36349,1.36338,0.1,1.5
20.08.2021 00:11:25.390,1.36345,1.3633600000000001,0.82,0.75
20.08.2021 00:11:25.491,1.36345,1.36334,0.1,1.5
20.08.2021 00:11:38.441,1.36345,1.3633600000000001,0.75,0.82
20.08.2021 00:11:47.917,1.3634700000000002,1.3633600000000001,0.75,0.1
20.08.2021 00:11:51.043,1.3634700000000002,1.3633700000000002,2.32,0.82
20.08.2021 00:11:58.679,1.36348,1.3633700000000002,0.82,0.75
20.08.2021 00:12:00.571,1.3634700000000002,1.3633700000000002,0.82,1.76
20.08.2021 00:12:01.855,1.3634600000000001,1.3633700000000002,0.75,0.82
20.08.2021 00:12:02.476,1.3634700000000002,1.3633700000000002,0.82,1.57
20.08.2021 00:12:03.651,1.36348,1.3633700000000002,0.82,0.75
20.08.2021 00:12:03.754,1.3634700000000002,1.36339,0.75,0.75
20.08.2021 00:12:12.183,1.36348,1.36339,0.1,1.5
20.08.2021 00:12:40.162,1.3634700000000002,1.36339,0.75,0.75
20.08.2021 00:12:49.578,1.36349,1.36338,0.82,0.75
20.08.2021 00:13:01.612,1.36348,1.36338,0.75,0.75
20.08.2021 00:13:15.757,1.36348,1.36339,0.75,1.5
20.08.2021 00:13:31.998,1.3635000000000002,1.36338,0.75,1.5
20.08.2021 00:13:38.376,1.36349,1.3634000000000002,0.75,0.75
20.08.2021 00:13:43.271,1.3635000000000002,1.36338,1.5,1.5
20.08.2021 00:13:44.654,1.36348,1.36339,1.5,0.75
20.08.2021 00:13:49.876,1.36348,1.36339,0.1,0.75
20.08.2021 00:13:50.370,1.36348,1.36338,0.1,0.75
20.08.2021 00:14:07.638,1.36345,1.36339,0.75,0.75
20.08.2021 00:14:18.731,1.36342,1.36335,0.37,1.12
20.08.2021 00:14:18.833,1.36338,1.36333,0.75,0.75
20.08.2021 00:14:18.885,1.3633700000000002,1.36331,0.75,0.19
20.08.2021 00:14:25.015,1.36338,1.3632900000000001,0.75,0.75
20.08.2021 00:14:26.006,1.36335,1.3632900000000001,0.75,1.69
20.08.2021 00:14:27.849,1.36333,1.3632600000000001,0.75,1.01
20.08.2021 00:14:29.876,1.36333,1.3632700000000002,0.75,0.75
20.08.2021 00:14:32.473,1.36334,1.3632700000000002,0.75,1.01
20.08.2021 00:14:37.229,1.36331,1.3632600000000001,0.1,0.75
20.08.2021 00:14:37.280,1.3632900000000001,1.3632,0.75,1.84
20.08.2021 00:14:37.381,1.3632700000000002,1.36321,0.75,0.94
20.08.2021 00:14:38.289,1.3632900000000001,1.36321,0.75,0.94
20.08.2021 00:14:38.391,1.3633,1.36322,0.75,0.75
20.08.2021 00:14:38.492,1.36331,1.36322,0.75,0.75
20.08.2021 00:14:38.543,1.36333,1.36323,0.75,1.01
20.08.2021 00:14:40.320,1.36335,1.36325,0.75,0.75
20.08.2021 00:14:40.471,1.36334,1.3632700000000002,0.75,0.75
20.08.2021 00:14:44.173,1.36335,1.3632700000000002,0.75,0.75
20.08.2021 00:14:44.542,1.3633600000000001,1.3632700000000002,0.75,0.75
20.08.2021 00:14:45.174,1.3633600000000001,1.36328,0.75,0.75
20.08.2021 00:14:45.447,1.3633600000000001,1.3632900000000001,0.75,0.75
20.08.2021 00:14:45.581,1.3633600000000001,1.3633,0.75,0.75
20.08.2021 00:14:46.111,1.3633700000000002,1.3633,0.75,0.75
20.08.2021 00:14:46.162,1.36341,1.36334,0.75,0.75
20.08.2021 00:14:46.264,1.36344,1.36335,0.75,0.75
20.08.2021 00:14:46.771,1.36345,1.3633700000000002,0.75,0.94
20.08.2021 00:14:46.821,1.3634600000000001,1.36338,0.75,0.75
20.08.2021 00:14:48.690,1.3634600000000001,1.36339,0.75,0.75
20.08.2021 00:14:48.791,1.36348,1.3634000000000002,0.75,0.75
20.08.2021 00:14:50.408,1.3635000000000002,1.36341,0.75,0.75
20.08.2021 00:14:50.613,1.36349,1.36341,0.75,0.75
20.08.2021 00:14:51.742,1.3635000000000002,1.36341,0.75,0.75
20.08.2021 00:14:54.634,1.36349,1.36343,0.75,0.75
20.08.2021 00:14:54.735,1.36349,1.36342,0.75,0.75
20.08.2021 00:14:58.607,1.3635000000000002,1.36342,0.75,0.75
20.08.2021 00:15:00.674,1.3635000000000002,1.36343,0.75,0.75
20.08.2021 00:15:00.775,1.36351,1.36343,0.75,0.75
20.08.2021 00:15:10.402,1.36351,1.36345,0.75,0.75
20.08.2021 00:15:11.212,1.36353,1.36344,0.75,0.75
20.08.2021 00:15:16.202,1.3635000000000002,1.36345,0.75,0.75
20.08.2021 00:15:16.406,1.3635000000000002,1.3634600000000001,0.75,0.75
20.08.2021 00:15:16.457,1.36354,1.36345,1.5,0.75
20.08.2021 00:15:25.555,1.36353,1.36345,0.75,0.75
20.08.2021 00:15:30.406,1.36351,1.36344,0.75,0.75
20.08.2021 00:15:30.457,1.36348,1.36341,0.75,0.75
20.08.2021 00:15:33.923,1.36349,1.36341,0.75,0.75
20.08.2021 00:15:43.623,1.36348,1.36341,0.75,0.75
20.08.2021 00:15:47.466,1.36348,1.36339,0.75,1.95
20.08.2021 00:15:48.799,1.36349,1.36339,1.5,1.95
20.08.2021 00:15:58.163,1.36348,1.36339,0.75,1.95
20.08.2021 00:16:04.818,1.3634700000000002,1.36339,0.75,1.95
20.08.2021 00:16:10.563,1.36349,1.36338,0.75,1.95
20.08.2021 00:16:14.592,1.3634700000000002,1.36338,0.75,0.75
20.08.2021 00:16:14.694,1.36345,1.3633700000000002,0.75,0.75
20.08.2021 00:16:14.846,1.3634600000000001,1.36335,0.75,0.75
20.08.2021 00:16:19.421,1.36344,1.3633600000000001,0.75,0.75
20.08.2021 00:16:19.473,1.3634000000000002,1.3633,0.75,1.2
20.08.2021 00:16:19.626,1.36339,1.3633,0.75,1.01
20.08.2021 00:16:20.174,1.36338,1.3633,0.75,0.94
20.08.2021 00:16:32.430,1.36333,1.3633,0.75,0.75
20.08.2021 00:16:32.481,1.36333,1.36325,1.5,1.69
20.08.2021 00:16:33.906,1.3632900000000001,1.3632,0.75,0.94
20.08.2021 00:16:34.007,1.36328,1.3632,0.75,1.46
20.08.2021 00:16:35.731,1.3632700000000002,1.3632,0.75,0.94
20.08.2021 00:16:57.418,1.3632700000000002,1.3631900000000001,0.75,0.19
20.08.2021 00:17:03.049,1.3632600000000001,1.3631900000000001,0.75,0.19
20.08.2021 00:17:30.269,1.3632600000000001,1.36318,0.75,0.82
20.08.2021 00:17:30.496,1.36325,1.36318,0.75,0.75
20.08.2021 00:17:30.648,1.36325,1.3631700000000002,0.75,1.2
20.08.2021 00:17:35.715,1.3632600000000001,1.36318,0.75,0.1
20.08.2021 00:17:36.567,1.3632700000000002,1.3631600000000001,0.75,2.7
20.08.2021 00:17:36.982,1.3632600000000001,1.36318,0.75,1.2
20.08.2021 00:17:37.083,1.3632700000000002,1.36318,0.75,1.95
20.08.2021 00:17:38.270,1.36325,1.36318,0.75,1.2
20.08.2021 00:17:40.214,1.3632600000000001,1.3631900000000001,0.75,0.1
20.08.2021 00:17:51.659,1.3632600000000001,1.36318,0.75,1.2
20.08.2021 00:17:51.762,1.36325,1.3631600000000001,0.75,1.2
20.08.2021 00:17:51.864,1.36325,1.36315,1.5,0.1
20.08.2021 00:17:52.378,1.36323,1.3631600000000001,0.75,0.1
20.08.2021 00:17:57.099,1.36324,1.3631600000000001,1.5,0.1
20.08.2021 00:17:58.025,1.36325,1.3631600000000001,0.75,0.75
20.08.2021 00:17:58.559,1.36324,1.3631600000000001,0.75,0.82
20.08.2021 00:18:00.954,1.36323,1.36315,0.75,1.95
20.08.2021 00:18:01.064,1.36322,1.36314,0.75,1.2
20.08.2021 00:18:03.270,1.36324,1.36313,1.5,1.2
20.08.2021 00:18:03.372,1.36323,1.36315,1.5,0.1
20.08.2021 00:18:03.575,1.36323,1.36314,1.5,1.2
20.08.2021 00:18:07.331,1.36325,1.3631600000000001,1.5,0.1
20.08.2021 00:18:07.483,1.3632600000000001,1.3631600000000001,1.5,0.1
20.08.2021 00:18:07.737,1.36324,1.36315,1.5,0.26
20.08.2021 00:18:15.161,1.36323,1.36315,0.75,0.26
20.08.2021 00:18:22.463,1.36324,1.36315,0.75,0.26
20.08.2021 00:18:23.411,1.36324,1.3631600000000001,0.75,0.1
20.08.2021 00:18:27.775,1.36325,1.3631600000000001,0.75,0.1
20.08.2021 00:18:34.856,1.36325,1.3631700000000002,0.75,0.1
20.08.2021 00:18:48.017,1.3632600000000001,1.36315,0.75,0.1
20.08.2021 00:18:53.751,1.3632600000000001,1.3631600000000001,1.5,1.76
20.08.2021 00:18:55.835,1.3632600000000001,1.36315,0.75,0.26
20.08.2021 00:19:02.958,1.3632700000000002,1.36315,1.5,1.2
20.08.2021 00:19:03.677,1.36325,1.3631700000000002,0.75,0.1
20.08.2021 00:19:03.779,1.3632600000000001,1.3631700000000002,1.5,0.1
20.08.2021 00:19:07.788,1.36325,1.3631700000000002,0.75,0.1
20.08.2021 00:19:08.220,1.36324,1.3631700000000002,0.75,0.1
20.08.2021 00:19:11.001,1.36325,1.36318,0.75,0.45
20.08.2021 00:19:11.103,1.3632700000000002,1.36318,1.5,0.26
20.08.2021 00:19:11.155,1.36331,1.36323,0.75,1.12
20.08.2021 00:19:11.206,1.36333,1.36325,0.75,1.12
20.08.2021 00:19:11.308,1.36333,1.36324,0.75,0.26
20.08.2021 00:19:13.351,1.36333,1.3632600000000001,0.75,0.1
20.08.2021 00:19:21.899,1.36333,1.36324,0.75,0.1
20.08.2021 00:19:22.052,1.36328,1.36322,0.75,0.75
20.08.2021 00:19:22.104,1.3632700000000002,1.3632,0.75,1.65
20.08.2021 00:19:27.707,1.3632900000000001,1.3631900000000001,0.75,0.1
20.08.2021 00:19:29.323,1.3632700000000002,1.3632,0.75,0.1
20.08.2021 00:19:29.477,1.3632700000000002,1.3631900000000001,0.75,0.82
20.08.2021 00:19:31.789,1.3632700000000002,1.36318,0.75,0.82
20.08.2021 00:19:32.182,1.36328,1.36318,0.75,0.82
20.08.2021 00:19:40.197,1.3632600000000001,1.3631900000000001,0.75,0.1
20.08.2021 00:19:51.596,1.3632600000000001,1.36318,0.75,1.57
20.08.2021 00:19:53.819,1.3632600000000001,1.3631900000000001,0.75,0.1
20.08.2021 00:19:55.937,1.3632700000000002,1.3631900000000001,0.75,0.82
20.08.2021 00:19:56.063,1.36328,1.3632,0.75,0.94
20.08.2021 00:19:56.114,1.36331,1.36323,0.75,0.75
20.08.2021 00:19:56.216,1.36333,1.36324,0.75,0.1
20.08.2021 00:19:56.318,1.36333,1.36325,0.75,0.82
20.08.2021 00:19:59.563,1.36334,1.3632700000000002,0.75,0.75
20.08.2021 00:20:00.352,1.36335,1.3632700000000002,0.75,0.82
20.08.2021 00:20:02.322,1.3633600000000001,1.36328,0.75,0.75
20.08.2021 00:20:15.575,1.36335,1.36328,0.75,0.82
20.08.2021 00:20:18.628,1.36335,1.3632900000000001,0.75,0.75
20.08.2021 00:20:23.084,1.3633600000000001,1.3632900000000001,0.75,0.82
20.08.2021 00:20:34.541,1.36334,1.3632700000000002,0.75,0.75
20.08.2021 00:20:34.643,1.36332,1.36325,0.75,0.75
20.08.2021 00:20:40.857,1.36333,1.3632700000000002,0.75,0.75
20.08.2021 00:21:00.761,1.36332,1.3632600000000001,1.39,0.75
20.08.2021 00:21:00.863,1.3632900000000001,1.36322,0.75,1.65
20.08.2021 00:21:00.914,1.3633,1.36323,0.75,0.75
20.08.2021 00:21:01.016,1.36331,1.36323,0.75,0.75
20.08.2021 00:21:02.027,1.36331,1.36324,0.75,0.75
20.08.2021 00:21:02.517,1.36331,1.36323,1.5,0.26
20.08.2021 00:21:02.618,1.36332,1.36323,1.5,0.1
20.08.2021 00:21:22.360,1.3633,1.36324,0.75,0.1
20.08.2021 00:21:22.411,1.3632900000000001,1.36322,1.5,1.2
20.08.2021 00:21:22.563,1.3633,1.36322,0.75,1.2
20.08.2021 00:21:32.674,1.36331,1.36323,1.5,0.75
20.08.2021 00:21:32.801,1.3633,1.36322,1.5,1.57
20.08.2021 00:21:33.059,1.36325,1.36321,1.5,0.75
20.08.2021 00:21:33.111,1.3632600000000001,1.36318,1.5,0.45
20.08.2021 00:21:33.213,1.36325,1.36318,1.5,0.1
20.08.2021 00:21:33.619,1.36325,1.3631600000000001,1.5,0.26
20.08.2021 00:21:42.618,1.36325,1.3631700000000002,0.75,0.26
20.08.2021 00:21:45.963,1.3632600000000001,1.3631900000000001,0.75,0.1
20.08.2021 00:21:46.065,1.3632600000000001,1.3632,0.75,0.1
20.08.2021 00:21:46.166,1.3632600000000001,1.3631900000000001,0.75,0.1
20.08.2021 00:21:52.365,1.3632700000000002,1.3631900000000001,0.75,0.1
20.08.2021 00:21:54.153,1.3632700000000002,1.36318,0.75,0.1
20.08.2021 00:21:54.564,1.3632700000000002,1.3631900000000001,1.5,0.1
20.08.2021 00:21:54.666,1.3632600000000001,1.3631900000000001,1.5,0.1
20.08.2021 00:22:06.391,1.3632700000000002,1.3632,0.75,0.1
20.08.2021 00:22:06.442,1.36328,1.36322,0.75,0.75
20.08.2021 00:22:06.594,1.3633,1.36321,1.5,0.1
20.08.2021 00:22:07.303,1.36331,1.36324,0.75,0.1
20.08.2021 00:22:07.405,1.36333,1.3632600000000001,0.75,0.1
20.08.2021 00:22:07.906,1.36334,1.3632600000000001,0.75,0.1
20.08.2021 00:22:10.798,1.36334,1.36325,0.75,0.1
20.08.2021 00:22:11.000,1.3633,1.36325,0.75,0.37
20.08.2021 00:22:11.304,1.3633,1.36324,0.75,0.1
20.08.2021 00:22:11.927,1.36331,1.36324,0.75,0.1
20.08.2021 00:22:17.153,1.36332,1.36324,0.75,0.1
20.08.2021 00:22:17.255,1.36333,1.36324,0.75,0.1
20.08.2021 00:22:17.356,1.36333,1.36325,0.75,0.1
20.08.2021 00:22:18.399,1.36332,1.36325,0.75,0.1
20.08.2021 00:22:18.500,1.36331,1.36324,0.75,0.82
20.08.2021 00:22:19.598,1.36333,1.36323,1.5,0.45
20.08.2021 00:22:22.732,1.36328,1.36321,0.75,0.37
20.08.2021 00:22:22.833,1.3632600000000001,1.36318,0.75,0.1
20.08.2021 00:22:22.935,1.36325,1.36318,0.75,0.82
20.08.2021 00:22:24.134,1.3632600000000001,1.36318,0.75,0.1
20.08.2021 00:22:24.236,1.3632600000000001,1.3632,0.75,0.1
20.08.2021 00:22:24.337,1.3632700000000002,1.3632,1.5,0.1
20.08.2021 00:22:24.692,1.3632900000000001,1.3632,1.5,0.1
20.08.2021 00:22:25.121,1.36328,1.36322,1.5,0.1
20.08.2021 00:22:34.999,1.36331,1.36321,0.75,1.57
20.08.2021 00:22:35.101,1.36331,1.36323,0.75,0.1
20.08.2021 00:22:35.202,1.36331,1.36324,0.75,0.1
20.08.2021 00:22:40.098,1.36333,1.36324,0.75,0.1
20.08.2021 00:22:41.322,1.36332,1.3632600000000001,0.75,0.1
20.08.2021 00:22:41.423,1.36334,1.36325,0.75,0.1
20.08.2021 00:22:41.885,1.36334,1.3632600000000001,0.75,0.1
20.08.2021 00:22:42.109,1.36334,1.3632700000000002,0.75,0.1
20.08.2021 00:22:44.351,1.3633600000000001,1.3632700000000002,0.75,0.1
20.08.2021 00:22:44.811,1.3633600000000001,1.36328,0.75,0.1
20.08.2021 00:22:45.999,1.36338,1.36331,0.75,0.1
20.08.2021 00:22:46.101,1.36342,1.36333,0.75,0.1
20.08.2021 00:22:49.290,1.36342,1.36334,1.5,0.1
20.08.2021 00:22:49.393,1.36341,1.36334,0.75,0.1
20.08.2021 00:22:49.495,1.36343,1.36333,1.5,0.1
20.08.2021 00:22:56.617,1.36343,1.3633600000000001,1.5,0.1
20.08.2021 00:22:56.940,1.36343,1.3633700000000002,1.5,0.1
20.08.2021 00:22:57.143,1.36344,1.3633700000000002,1.5,0.1
20.08.2021 00:23:09.467,1.3634600000000001,1.3633600000000001,1.5,0.1
20.08.2021 00:23:33.273,1.36345,1.3633600000000001,1.5,0.1
20.08.2021 00:23:33.733,1.36345,1.3633700000000002,1.5,0.1
20.08.2021 00:23:33.834,1.36344,1.3633700000000002,0.75,0.1
20.08.2021 00:23:34.962,1.36345,1.3633700000000002,1.5,0.1
20.08.2021 00:23:48.543,1.3634600000000001,1.36338,0.75,0.75
20.08.2021 00:23:48.594,1.36345,1.3633700000000002,0.75,0.1
20.08.2021 00:23:52.017,1.36345,1.3633600000000001,0.75,0.1
20.08.2021 00:24:00.478,1.36345,1.3633700000000002,0.75,0.1
20.08.2021 00:24:10.612,1.3634600000000001,1.3633700000000002,1.5,0.1
20.08.2021 00:24:20.078,1.3634600000000001,1.36342,0.75,0.75
20.08.2021 00:24:20.231,1.3634700000000002,1.36343,0.75,0.75
20.08.2021 00:24:20.333,1.36352,1.36341,0.75,3.82
20.08.2021 00:24:20.485,1.36351,1.36343,0.75,0.1
20.08.2021 00:24:21.993,1.36353,1.36345,0.75,0.1
20.08.2021 00:24:22.096,1.36354,1.3634600000000001,0.75,0.1
20.08.2021 00:24:22.199,1.36356,1.3634700000000002,0.75,0.82
20.08.2021 00:24:24.757,1.3635700000000002,1.3634700000000002,0.75,1.57
20.08.2021 00:24:30.074,1.36358,1.3634700000000002,0.75,0.82
20.08.2021 00:24:30.175,1.36358,1.36353,1.5,0.75
20.08.2021 00:24:37.276,1.36358,1.36349,0.75,0.75
20.08.2021 00:24:41.459,1.36359,1.36349,0.75,0.82
20.08.2021 00:24:47.432,1.36363,1.36352,0.75,0.75
20.08.2021 00:24:47.533,1.36363,1.36354,0.75,0.75
20.08.2021 00:24:47.635,1.36363,1.36355,0.75,0.75
20.08.2021 00:24:50.147,1.36358,1.36352,0.75,1.2
20.08.2021 00:24:50.249,1.36359,1.36348,0.75,0.82
20.08.2021 00:24:56.043,1.36359,1.36349,1.12,1.57
20.08.2021 00:25:00.680,1.36358,1.36348,1.5,1.5
20.08.2021 00:25:11.145,1.3636000000000001,1.3634700000000002,1.87,1.57
20.08.2021 00:25:20.370,1.36359,1.3634700000000002,0.75,0.82
20.08.2021 00:25:37.212,1.36359,1.36348,2.25,1.57
20.08.2021 00:25:38.470,1.36359,1.36349,2.25,0.75
20.08.2021 00:25:39.358,1.3636100000000002,1.3635700000000002,0.37,0.75
20.08.2021 00:25:39.409,1.36365,1.3636000000000001,10.5,0.75
20.08.2021 00:25:39.512,1.3636000000000001,1.36353,1.69,0.75
20.08.2021 00:25:39.614,1.36358,1.36354,0.94,0.75
20.08.2021 00:25:40.512,1.36358,1.36348,0.94,1.5
20.08.2021 00:25:42.177,1.36359,1.36348,0.94,0.75
20.08.2021 00:25:47.217,1.36349,1.36341,0.94,0.75
20.08.2021 00:25:47.319,1.3634700000000002,1.36341,0.19,8.25
20.08.2021 00:25:47.421,1.36351,1.36341,0.82,9
20.08.2021 00:25:47.523,1.3635000000000002,1.3634000000000002,1.5,2.25
20.08.2021 00:25:47.624,1.36352,1.3634000000000002,1.95,0.75
20.08.2021 00:26:03.517,1.3635000000000002,1.36338,0.75,1.5
20.08.2021 00:26:05.700,1.3635000000000002,1.36339,0.75,0.75
20.08.2021 00:26:10.549,1.36349,1.36339,1.76,0.75
20.08.2021 00:26:16.056,1.36348,1.36339,0.19,0.75
20.08.2021 00:27:02.388,1.36349,1.36339,0.19,0.75
20.08.2021 00:27:06.808,1.36349,1.3634000000000002,2.51,0.75
20.08.2021 00:27:07.220,1.36349,1.36339,2.32,1.5
20.08.2021 00:27:21.089,1.3635000000000002,1.3633700000000002,2.89,1.87
20.08.2021 00:27:26.757,1.36349,1.3633700000000002,0.19,1.87
20.08.2021 00:27:30.175,1.3634600000000001,1.3633700000000002,0.75,1.12
20.08.2021 00:27:30.277,1.36348,1.3633600000000001,0.75,1.87
20.08.2021 00:27:31.446,1.3634700000000002,1.36339,0.75,0.75
20.08.2021 00:27:49.425,1.36342,1.36333,0.94,1.12
20.08.2021 00:27:49.476,1.36342,1.3633600000000001,0.75,0.75
20.08.2021 00:27:49.578,1.36342,1.36335,0.82,0.75
20.08.2021 00:27:49.680,1.36341,1.36332,0.75,0.75
20.08.2021 00:27:50.029,1.36341,1.3633600000000001,0.75,0.75
20.08.2021 00:27:53.024,1.36341,1.36332,0.75,0.75
20.08.2021 00:28:11.179,1.36343,1.3633700000000002,0.75,0.19
20.08.2021 00:28:11.230,1.36348,1.36339,9,1.31
20.08.2021 00:28:11.281,1.3634700000000002,1.36342,9,0.75
20.08.2021 00:28:11.382,1.36349,1.36342,0.75,0.75
20.08.2021 00:28:13.803,1.3634700000000002,1.36342,0.19,0.75
20.08.2021 00:28:13.854,1.36348,1.36338,0.19,0.75
20.08.2021 00:28:18.708,1.3634700000000002,1.36342,0.19,0.75
20.08.2021 00:28:21.356,1.3634700000000002,1.36339,0.19,0.75
20.08.2021 00:28:31.872,1.36349,1.36339,2.7,0.75
20.08.2021 00:28:33.480,1.36348,1.36339,0.75,0.75
20.08.2021 00:28:38.098,1.3634700000000002,1.3633700000000002,0.26,0.75
20.08.2021 00:28:39.056,1.36348,1.3633700000000002,0.1,1.12
20.08.2021 00:28:41.243,1.36351,1.36343,0.82,0.75
20.08.2021 00:28:41.295,1.36354,1.36343,1.57,0.75
20.08.2021 00:28:41.670,1.36355,1.36343,0.82,0.75
20.08.2021 00:28:42.255,1.36353,1.36344,0.75,0.75
20.08.2021 00:29:18.175,1.36356,1.36344,1.2,1.12
20.08.2021 00:29:18.278,1.36356,1.36348,1.2,0.75
20.08.2021 00:29:20.306,1.36356,1.36345,0.82,0.37
20.08.2021 00:29:39.164,1.36355,1.36345,0.82,0.75
20.08.2021 00:29:39.266,1.36355,1.36344,1.57,0.75
20.08.2021 00:29:40.172,1.36354,1.36344,0.1,0.75
20.08.2021 00:29:45.712,1.36356,1.36345,0.1,1.12
20.08.2021 00:29:45.814,1.36356,1.36348,0.1,0.75
20.08.2021 00:29:46.016,1.36356,1.3634700000000002,0.1,0.75
20.08.2021 00:29:46.315,1.3635700000000002,1.36349,0.1,0.75
20.08.2021 00:29:48.855,1.36356,1.3634700000000002,0.1,0.75
20.08.2021 00:29:53.405,1.36356,1.36348,0.75,0.37
20.08.2021 00:30:01.500,1.3635700000000002,1.3635000000000002,0.75,0.75
20.08.2021 00:30:02.271,1.36356,1.36348,0.75,0.37
20.08.2021 00:30:08.195,1.3635700000000002,1.36348,1.57,0.37
20.08.2021 00:30:19.418,1.36359,1.36348,3.07,1.87
20.08.2021 00:30:19.526,1.36359,1.3634700000000002,0.1,1.87
20.08.2021 00:30:21.336,1.36359,1.36348,3.07,1.87
20.08.2021 00:30:25.484,1.36359,1.3634700000000002,0.1,1.87
20.08.2021 00:30:31.291,1.3635700000000002,1.36348,0.75,0.37
20.08.2021 00:30:31.548,1.36355,1.36352,0.75,0.75
20.08.2021 00:30:31.904,1.36359,1.36351,1.31,0.75
20.08.2021 00:30:34.611,1.36355,1.3634700000000002,0.75,1.12
20.08.2021 00:30:48.997,1.36354,1.36349,0.75,0.37
20.08.2021 00:30:49.048,1.36358,1.36352,0.75,1.12
20.08.2021 00:30:49.099,1.3635700000000002,1.36351,0.75,0.75
20.08.2021 00:30:49.201,1.36358,1.36352,0.75,0.45
20.08.2021 00:30:50.546,1.3636100000000002,1.36351,0.75,0.45
20.08.2021 00:30:51.275,1.3636000000000001,1.36354,0.75,0.1
20.08.2021 00:30:51.690,1.36362,1.36356,3.19,0.75
20.08.2021 00:30:51.741,1.3635700000000002,1.3635000000000002,0.75,0.82
20.08.2021 00:30:52.628,1.3635700000000002,1.36349,0.75,0.45
20.08.2021 00:30:58.026,1.36358,1.36351,0.75,0.37
20.08.2021 00:30:58.128,1.36359,1.36351,0.75,0.64
20.08.2021 00:30:58.230,1.36359,1.36353,0.75,0.1
20.08.2021 00:30:58.332,1.3636000000000001,1.36351,0.75,0.1
20.08.2021 00:30:58.433,1.3636000000000001,1.36354,0.75,0.75
20.08.2021 00:30:59.520,1.36359,1.36353,0.75,0.1
20.08.2021 00:30:59.850,1.36358,1.36349,0.75,0.1
20.08.2021 00:30:59.951,1.36356,1.36349,0.75,0.45
20.08.2021 00:31:00.602,1.36359,1.36351,0.75,0.37
20.08.2021 00:31:00.653,1.3636000000000001,1.36352,0.75,0.37
20.08.2021 00:31:00.805,1.3636100000000002,1.36352,0.75,0.1
20.08.2021 00:31:01.140,1.36358,1.36351,0.75,0.45
20.08.2021 00:31:01.241,1.3636000000000001,1.3635000000000002,0.75,0.1
20.08.2021 00:31:02.137,1.36359,1.36352,0.75,0.1
20.08.2021 00:31:03.779,1.36359,1.36351,0.75,0.1
20.08.2021 00:31:06.186,1.3635700000000002,1.36349,0.75,0.45
20.08.2021 00:31:06.288,1.36356,1.36352,0.75,0.75
20.08.2021 00:31:06.789,1.36356,1.36349,0.75,0.45
20.08.2021 00:31:09.347,1.36359,1.36352,0.75,0.37
20.08.2021 00:31:09.450,1.36359,1.36354,0.75,0.75
20.08.2021 00:31:14.813,1.3636000000000001,1.36352,0.75,0.45
20.08.2021 00:31:15.812,1.36359,1.36349,0.75,0.82
20.08.2021 00:31:15.913,1.3635700000000002,1.3635000000000002,0.75,0.82
20.08.2021 00:31:17.069,1.36358,1.36348,0.75,1.2
20.08.2021 00:31:21.207,1.3635700000000002,1.36351,0.75,1.12
20.08.2021 00:31:21.258,1.3636000000000001,1.3635000000000002,0.75,1.2
20.08.2021 00:31:21.359,1.36362,1.36352,0.94,0.75
20.08.2021 00:31:21.461,1.3636100000000002,1.36355,0.75,0.75
20.08.2021 00:31:22.316,1.36364,1.36356,0.75,0.37
20.08.2021 00:31:22.417,1.36363,1.36355,0.75,0.37
20.08.2021 00:31:24.575,1.36364,1.36358,0.75,0.37
20.08.2021 00:31:24.626,1.36362,1.36355,0.19,0.45
20.08.2021 00:31:24.727,1.3636100000000002,1.36355,0.75,0.75
20.08.2021 00:31:29.088,1.3636100000000002,1.36352,0.75,0.45
20.08.2021 00:31:31.293,1.36362,1.36353,0.75,0.45
20.08.2021 00:31:33.691,1.36363,1.36355,0.75,0.75
20.08.2021 00:31:34.506,1.36363,1.36356,0.75,0.75
20.08.2021 00:31:37.548,1.36364,1.3635700000000002,0.75,0.75
20.08.2021 00:31:37.861,1.36365,1.3635700000000002,0.75,0.75
20.08.2021 00:31:39.042,1.36364,1.3635700000000002,0.75,0.75
20.08.2021 00:31:41.656,1.36359,1.36353,0.75,1.12
20.08.2021 00:31:41.707,1.3636100000000002,1.36353,1.31,1.5
20.08.2021 00:31:42.180,1.36365,1.3635700000000002,0.37,0.75
20.08.2021 00:31:42.230,1.3636700000000002,1.36358,0.64,0.75
20.08.2021 00:31:42.332,1.36363,1.36355,1.12,1.5
20.08.2021 00:31:42.383,1.36366,1.36355,0.56,1.5
20.08.2021 00:31:42.485,1.36368,1.36358,0.45,1.5
20.08.2021 00:31:42.586,1.36368,1.36359,2.32,1.5
20.08.2021 00:31:43.146,1.36363,1.36359,1.12,1.5
20.08.2021 00:31:43.248,1.36364,1.3635700000000002,1.12,0.75
20.08.2021 00:31:43.349,1.3636700000000002,1.36358,0.94,0.75
20.08.2021 00:31:43.913,1.36368,1.36358,0.19,0.75
20.08.2021 00:31:44.181,1.36369,1.36358,0.56,0.75
20.08.2021 00:31:45.395,1.36369,1.36359,0.37,0.75
20.08.2021 00:31:49.230,1.3637000000000001,1.36359,1.31,1.5
20.08.2021 00:31:50.884,1.3637100000000002,1.36359,0.37,1.57
20.08.2021 00:32:02.542,1.3637100000000002,1.3636100000000002,0.37,0.75
20.08.2021 00:32:02.693,1.3637100000000002,1.3636000000000001,0.37,1.5
20.08.2021 00:32:02.795,1.3637000000000001,1.36362,0.37,0.75
20.08.2021 00:32:03.008,1.3637100000000002,1.36364,0.37,1.5
20.08.2021 00:32:03.059,1.36374,1.36364,0.75,1.57
20.08.2021 00:32:03.110,1.36375,1.3636700000000002,0.37,1.5
20.08.2021 00:32:03.161,1.36379,1.36369,2.62,0.75
20.08.2021 00:32:03.533,1.36378,1.3637100000000002,1.5,0.75
20.08.2021 00:32:03.736,1.3638000000000001,1.3637000000000001,1.12,0.75
20.08.2021 00:32:04.732,1.36384,1.36374,0.37,0.94
20.08.2021 00:32:04.783,1.36386,1.3637700000000001,1.5,2.25
20.08.2021 00:32:04.885,1.3638700000000001,1.3637700000000001,1.5,0.75
20.08.2021 00:32:07.858,1.36388,1.36378,0.19,1.5
20.08.2021 00:32:07.999,1.3639000000000001,1.36378,3,1.5
20.08.2021 00:32:08.211,1.3639000000000001,1.3638000000000001,3.75,0.75
20.08.2021 00:32:08.312,1.36389,1.3638000000000001,0.75,0.75
20.08.2021 00:32:09.627,1.36389,1.36378,0.75,0.75
20.08.2021 00:32:10.775,1.36388,1.36378,1.5,1.95
20.08.2021 00:32:14.991,1.36389,1.36378,2.25,0.75
20.08.2021 00:32:17.731,1.36388,1.36378,0.75,0.75
20.08.2021 00:32:19.565,1.36386,1.36379,0.75,0.75
20.08.2021 00:32:22.981,1.36385,1.36379,0.75,0.75
20.08.2021 00:32:23.667,1.36385,1.36378,0.75,0.75
20.08.2021 00:32:26.091,1.3638000000000001,1.36374,0.75,1.87
20.08.2021 00:32:26.193,1.36378,1.36375,0.75,0.75
20.08.2021 00:32:26.358,1.36378,1.36374,0.75,0.75
20.08.2021 00:32:26.611,1.36379,1.3637100000000002,0.75,0.75
20.08.2021 00:32:31.647,1.36379,1.3637000000000001,0.75,0.75
20.08.2021 00:32:36.199,1.36379,1.3637100000000002,0.75,0.75
20.08.2021 00:32:36.250,1.3638100000000002,1.36374,0.75,0.75
20.08.2021 00:32:44.753,1.3638100000000002,1.36376,0.75,0.75
20.08.2021 00:32:44.805,1.36384,1.36378,0.75,0.75
20.08.2021 00:32:45.834,1.36384,1.36376,0.75,0.75
20.08.2021 00:33:00.512,1.3638700000000001,1.36375,1.5,1.95
20.08.2021 00:33:00.664,1.3638700000000001,1.36376,1.5,0.1
20.08.2021 00:33:00.870,1.3638700000000001,1.36378,1.87,0.1
20.08.2021 00:33:16.930,1.36388,1.36378,2.81,1.57
20.08.2021 00:33:17.031,1.36389,1.36378,2.06,0.75
20.08.2021 00:33:19.783,1.3638700000000001,1.36379,0.94,0.75
20.08.2021 00:33:24.674,1.3638700000000001,1.36378,0.75,1.5
20.08.2021 00:33:24.725,1.36386,1.3637700000000001,0.75,0.75
20.08.2021 00:33:28.776,1.36385,1.3637700000000001,0.75,0.82
20.08.2021 00:33:36.375,1.36386,1.3637700000000001,0.75,0.82
20.08.2021 00:33:40.006,1.3638100000000002,1.36374,1.12,0.37
20.08.2021 00:33:40.108,1.3638000000000001,1.3637299999999999,1.5,0.75
20.08.2021 00:33:40.362,1.3638100000000002,1.36369,1.5,1.76
20.08.2021 00:33:45.222,1.3638100000000002,1.3637000000000001,1.12,0.75
20.08.2021 00:33:52.096,1.36382,1.3637000000000001,1.57,1.69
20.08.2021 00:33:54.877,1.3638000000000001,1.3637100000000002,0.75,0.94
20.08.2021 00:33:56.559,1.36379,1.3637100000000002,0.75,0.94
20.08.2021 00:34:02.823,1.36378,1.3637100000000002,0.75,0.75
20.08.2021 00:34:04.227,1.36379,1.36368,0.75,1.12
20.08.2021 00:34:04.278,1.36376,1.36368,0.75,0.37
20.08.2021 00:34:04.380,1.3637700000000001,1.36368,0.75,0.75
20.08.2021 00:34:04.546,1.3637700000000001,1.36369,0.75,0.75
20.08.2021 00:34:04.711,1.36378,1.36369,0.94,0.75
20.08.2021 00:34:05.415,1.36379,1.36369,1.31,1.87
20.08.2021 00:34:06.912,1.3638000000000001,1.36369,0.94,0.75
20.08.2021 00:34:07.413,1.36379,1.36368,0.75,1.12
20.08.2021 00:34:07.774,1.36378,1.3637000000000001,0.75,0.75
20.08.2021 00:34:07.994,1.3638000000000001,1.3637000000000001,1.5,1.57
20.08.2021 00:34:08.045,1.3638000000000001,1.36372,1.12,0.75
20.08.2021 00:34:08.421,1.3638100000000002,1.36374,0.75,0.75
20.08.2021 00:34:09.213,1.36382,1.36372,0.75,0.75
20.08.2021 00:34:09.314,1.36382,1.3637299999999999,0.75,0.75
20.08.2021 00:34:31.871,1.36379,1.36375,0.75,0.75
20.08.2021 00:34:31.921,1.36382,1.36374,1.2,0.75
20.08.2021 00:34:31.972,1.36379,1.36375,0.75,0.75
20.08.2021 00:34:32.083,1.3638000000000001,1.3637000000000001,0.75,0.75
20.08.2021 00:34:32.356,1.36378,1.36372,0.75,0.75
20.08.2021 00:34:32.472,1.36378,1.3637299999999999,0.75,0.75
20.08.2021 00:34:33.264,1.36378,1.3637000000000001,0.75,0.75
20.08.2021 00:34:35.978,1.3637700000000001,1.3637000000000001,0.75,0.75
20.08.2021 00:34:36.894,1.36378,1.3637000000000001,0.75,0.75
20.08.2021 00:34:52.612,1.3637700000000001,1.3637000000000001,0.75,0.75
20.08.2021 00:34:53.800,1.36376,1.36369,0.75,0.75
20.08.2021 00:34:53.902,1.36376,1.36368,0.75,0.37
20.08.2021 00:34:54.280,1.36378,1.3636700000000002,0.82,0.37
20.08.2021 00:34:56.327,1.36376,1.36368,0.75,0.37
20.08.2021 00:34:57.511,1.3637299999999999,1.36365,0.1,0.75
20.08.2021 00:34:57.612,1.3637000000000001,1.36363,0.75,0.75
20.08.2021 00:34:57.663,1.3637000000000001,1.36359,0.82,2.25
20.08.2021 00:34:57.764,1.36369,1.36359,0.1,1.87
20.08.2021 00:34:58.427,1.36368,1.36359,0.1,1.87
20.08.2021 00:35:02.645,1.36369,1.36359,0.1,0.75
20.08.2021 00:35:04.419,1.36369,1.36364,0.1,0.75
20.08.2021 00:35:04.470,1.3637100000000002,1.36363,0.1,0.75
20.08.2021 00:35:04.571,1.3637299999999999,1.36365,0.75,0.75
20.08.2021 00:35:04.673,1.36374,1.3636700000000002,0.75,0.75
20.08.2021 00:35:04.785,1.36374,1.36368,0.82,0.75
20.08.2021 00:35:05.354,1.36374,1.36365,0.82,0.75
20.08.2021 00:35:09.473,1.36369,1.36363,0.1,0.75
20.08.2021 00:35:09.575,1.36368,1.36363,0.1,0.75
20.08.2021 00:35:09.983,1.36368,1.3636100000000002,0.1,0.75
20.08.2021 00:35:10.481,1.36369,1.3636100000000002,0.1,0.75
20.08.2021 00:35:13.095,1.36368,1.3636100000000002,0.1,0.75
20.08.2021 00:35:14.524,1.36369,1.36359,0.1,0.75
20.08.2021 00:35:29.271,1.3637000000000001,1.36359,0.1,0.75
20.08.2021 00:35:40.467,1.3637000000000001,1.36363,0.1,0.75
20.08.2021 00:35:43.378,1.3637000000000001,1.36359,0.1,1.5
20.08.2021 00:35:44.139,1.36369,1.36359,0.1,1.5
20.08.2021 00:36:10.169,1.36369,1.3636000000000001,0.75,0.75
20.08.2021 00:36:19.838,1.36369,1.3636100000000002,0.75,0.75
20.08.2021 00:36:19.940,1.36369,1.36362,0.75,0.75
20.08.2021 00:36:20.192,1.3637100000000002,1.3636100000000002,0.82,0.75
20.08.2021 00:36:20.514,1.3637000000000001,1.3636100000000002,0.82,0.75
20.08.2021 00:36:24.653,1.3637100000000002,1.36359,0.82,1.2
20.08.2021 00:36:29.255,1.36372,1.3636000000000001,1.95,1.2
20.08.2021 00:36:29.306,1.36372,1.36365,1.2,0.75
20.08.2021 00:36:30.246,1.3637100000000002,1.36362,0.82,0.75
20.08.2021 00:36:34.387,1.3637100000000002,1.36364,0.82,0.75
20.08.2021 00:36:41.505,1.3637100000000002,1.36362,0.1,1.12
20.08.2021 00:37:00.454,1.3637299999999999,1.36362,0.1,0.75
20.08.2021 00:37:02.519,1.36374,1.36362,1.57,1.12
20.08.2021 00:37:13.551,1.36375,1.3636700000000002,0.37,0.37
20.08.2021 00:37:13.652,1.36376,1.36368,0.75,0.37
20.08.2021 00:37:16.612,1.36378,1.3636700000000002,1.57,0.37
20.08.2021 00:37:19.835,1.3637700000000001,1.36366,0.1,0.75
20.08.2021 00:37:50.871,1.36375,1.3636700000000002,0.1,0.75
20.08.2021 00:38:01.672,1.36375,1.36366,0.1,0.75
20.08.2021 00:38:12.095,1.36376,1.36366,0.1,0.37
20.08.2021 00:38:12.197,1.3637700000000001,1.3636700000000002,0.82,0.37
20.08.2021 00:38:12.299,1.3637700000000001,1.36368,0.82,0.37
20.08.2021 00:38:24.701,1.36376,1.36368,0.1,0.37
20.08.2021 00:38:25.757,1.3637700000000001,1.36368,0.82,0.37
20.08.2021 00:39:30.751,1.36376,1.36368,0.75,1.12
20.08.2021 00:39:30.853,1.36369,1.36364,0.75,0.75
20.08.2021 00:39:30.903,1.36369,1.3636100000000002,0.75,8.25
20.08.2021 00:39:34.648,1.36369,1.3636000000000001,0.75,0.75
20.08.2021 00:39:47.130,1.36369,1.3636100000000002,0.75,0.37
20.08.2021 00:39:54.677,1.36368,1.3636100000000002,0.75,0.75
20.08.2021 00:39:54.785,1.3637000000000001,1.36362,0.75,0.75
20.08.2021 00:39:55.775,1.3637100000000002,1.36362,0.75,1.12
20.08.2021 00:39:55.877,1.3637100000000002,1.36363,0.75,1.12
20.08.2021 00:39:56.485,1.3637299999999999,1.36363,0.75,1.12
20.08.2021 00:40:00.195,1.36372,1.3636700000000002,0.75,1.12
20.08.2021 00:40:00.247,1.36376,1.36368,0.75,0.37
20.08.2021 00:40:00.348,1.36378,1.3636700000000002,0.75,0.37
20.08.2021 00:40:00.550,1.36378,1.36366,0.75,1.87
20.08.2021 00:40:00.601,1.36375,1.36366,0.75,0.75
20.08.2021 00:40:00.703,1.36374,1.36366,0.75,0.75
20.08.2021 00:40:01.179,1.36375,1.36364,0.75,0.75
20.08.2021 00:40:10.968,1.36369,1.36362,0.75,0.75
20.08.2021 00:40:11.070,1.36369,1.3636100000000002,0.75,0.75
20.08.2021 00:40:11.171,1.3637000000000001,1.3636100000000002,0.75,0.37
20.08.2021 00:40:15.382,1.3637000000000001,1.3635700000000002,1.57,1.87
20.08.2021 00:40:15.433,1.36366,1.36358,0.75,1.12
20.08.2021 00:40:15.484,1.36368,1.36359,0.75,1.12
20.08.2021 00:40:19.983,1.3637000000000001,1.3636000000000001,0.75,0.37
20.08.2021 00:40:20.085,1.3637000000000001,1.3636100000000002,0.75,1.12
20.08.2021 00:40:20.186,1.3637100000000002,1.3636100000000002,0.75,0.37
20.08.2021 00:40:20.288,1.3637100000000002,1.3636000000000001,0.75,1.2
20.08.2021 00:40:20.390,1.3637100000000002,1.36363,0.75,0.75
20.08.2021 00:40:26.205,1.3637000000000001,1.36362,0.75,0.37
20.08.2021 00:40:32.617,1.3637000000000001,1.36359,1.5,0.37
20.08.2021 00:40:32.719,1.36368,1.36359,0.75,1.12
20.08.2021 00:40:41.806,1.36369,1.36359,0.75,1.95
20.08.2021 00:40:46.615,1.3637000000000001,1.36359,0.75,0.75
20.08.2021 00:40:52.683,1.3637100000000002,1.36359,0.75,1.95
20.08.2021 00:40:55.612,1.3637000000000001,1.3636100000000002,0.75,0.75
20.08.2021 00:40:58.600,1.3637000000000001,1.36359,0.75,1.12
20.08.2021 00:41:04.053,1.3636700000000002,1.3636000000000001,0.75,0.75
20.08.2021 00:41:07.648,1.3636700000000002,1.36359,0.75,1.87
20.08.2021 00:41:16.329,1.36369,1.36359,1.31,2.62
20.08.2021 00:41:20.664,1.36369,1.3636000000000001,0.94,0.75
20.08.2021 00:41:20.766,1.36369,1.36363,0.75,0.75
20.08.2021 00:41:21.350,1.3637000000000001,1.36359,0.75,1.2
20.08.2021 00:41:45.913,1.36368,1.36359,0.75,0.75
20.08.2021 00:41:46.015,1.36368,1.36358,0.82,1.87
20.08.2021 00:41:57.974,1.3636700000000002,1.36358,0.37,1.5
20.08.2021 00:41:58.916,1.3636700000000002,1.3635700000000002,0.37,1.5
20.08.2021 00:42:05.769,1.36369,1.3635700000000002,1.12,1.95
20.08.2021 00:42:06.750,1.36368,1.3635700000000002,0.37,1.95
20.08.2021 00:42:20.374,1.3636700000000002,1.3635700000000002,0.75,1.12
20.08.2021 00:42:20.425,1.36365,1.36355,0.37,1.87
20.08.2021 00:42:20.526,1.3636100000000002,1.36353,0.75,0.75
20.08.2021 00:42:20.628,1.36362,1.36351,1.5,0.75
20.08.2021 00:42:20.679,1.3636100000000002,1.36349,0.82,1.12
20.08.2021 00:42:20.780,1.3636000000000001,1.36349,0.75,1.12
20.08.2021 00:42:20.881,1.36359,1.36351,0.75,0.75
20.08.2021 00:42:22.254,1.36359,1.3635000000000002,0.75,1.12
20.08.2021 00:42:22.356,1.36356,1.36348,0.75,1.12
20.08.2021 00:42:22.457,1.3635700000000002,1.36348,0.75,0.37
20.08.2021 00:42:22.609,1.36359,1.36349,1.12,0.75
20.08.2021 00:42:23.583,1.3636000000000001,1.36349,1.5,0.75
20.08.2021 00:42:23.877,1.3636100000000002,1.36354,2.32,0.75
20.08.2021 00:42:24.103,1.3636000000000001,1.36351,0.75,1.12
20.08.2021 00:42:24.204,1.3636000000000001,1.36352,0.75,0.75
20.08.2021 00:42:25.902,1.36362,1.36351,1.95,0.75
20.08.2021 00:42:25.953,1.3636100000000002,1.36354,0.75,0.37
20.08.2021 00:42:26.055,1.36362,1.36352,0.75,1.12
20.08.2021 00:42:26.837,1.3636100000000002,1.36352,0.75,1.12
20.08.2021 00:42:26.939,1.36353,1.3634700000000002,0.1,0.75
20.08.2021 00:42:26.990,1.36353,1.36345,0.82,1.12
20.08.2021 00:42:28.623,1.36356,1.36345,0.75,1.12
20.08.2021 00:42:28.725,1.3635700000000002,1.3634600000000001,1.12,2.06
20.08.2021 00:42:28.827,1.36356,1.36349,0.37,0.75
20.08.2021 00:42:29.341,1.3635700000000002,1.36349,0.75,0.75
20.08.2021 00:42:30.654,1.36359,1.36354,1.69,0.75
20.08.2021 00:42:30.756,1.36359,1.3635000000000002,1.69,0.75
20.08.2021 00:42:31.312,1.3636000000000001,1.3635000000000002,1.69,0.75
20.08.2021 00:42:31.631,1.36359,1.36352,0.75,0.75
20.08.2021 00:42:31.834,1.3636100000000002,1.36351,0.75,1.12
20.08.2021 00:42:32.108,1.3636000000000001,1.36353,0.75,0.75
20.08.2021 00:42:32.885,1.3636100000000002,1.36354,0.75,0.75
20.08.2021 00:42:35.573,1.36359,1.36354,0.75,0.75
20.08.2021 00:42:35.675,1.36354,1.3634700000000002,0.37,0.75
20.08.2021 00:42:35.776,1.36355,1.36345,1.95,8.25
20.08.2021 00:42:37.282,1.36353,1.36345,1.12,1.5
20.08.2021 00:42:37.802,1.36354,1.36345,0.37,0.75
20.08.2021 00:42:38.542,1.36355,1.36345,1.5,0.75
20.08.2021 00:42:45.115,1.36356,1.36351,0.75,0.75
20.08.2021 00:42:46.170,1.36354,1.3634600000000001,0.19,1.12
20.08.2021 00:42:46.271,1.36353,1.36345,0.1,1.5
20.08.2021 00:42:46.430,1.36352,1.36345,0.37,0.75
20.08.2021 00:42:46.480,1.3635000000000002,1.36345,0.75,0.75
20.08.2021 00:42:51.524,1.3635000000000002,1.36342,0.75,0.75
20.08.2021 00:43:03.281,1.36351,1.36342,1.39,1.5
20.08.2021 00:43:07.393,1.36351,1.36344,0.26,0.75
20.08.2021 00:43:07.572,1.36352,1.36341,0.26,1.5
20.08.2021 00:43:08.252,1.36349,1.36342,0.75,0.75
20.08.2021 00:43:08.303,1.3635000000000002,1.36338,0.82,1.87
20.08.2021 00:43:18.980,1.3635000000000002,1.36339,0.1,0.75
20.08.2021 00:43:22.000,1.36349,1.36341,0.1,0.75
20.08.2021 00:43:25.372,1.36351,1.36341,0.64,0.75
20.08.2021 00:43:25.424,1.36354,1.36342,0.1,0.75
20.08.2021 00:43:25.526,1.36354,1.3634600000000001,0.82,0.75
20.08.2021 00:43:25.678,1.36354,1.36344,0.82,0.75
20.08.2021 00:43:26.165,1.36354,1.36345,0.1,0.75
20.08.2021 00:43:29.084,1.36358,1.3634700000000002,0.45,0.75
20.08.2021 00:43:29.186,1.36358,1.36348,0.45,0.75
20.08.2021 00:43:29.287,1.3635700000000002,1.36348,0.45,1.12
20.08.2021 00:43:29.498,1.3635700000000002,1.36349,0.45,0.75
20.08.2021 00:43:30.176,1.3635700000000002,1.36348,0.1,1.12
20.08.2021 00:43:30.439,1.36353,1.3634600000000001,1.01,0.75
20.08.2021 00:43:30.489,1.36352,1.36342,2.81,1.5
20.08.2021 00:43:30.540,1.3635000000000002,1.36342,0.37,0.75
20.08.2021 00:43:30.642,1.36349,1.36342,0.1,0.75
20.08.2021 00:43:30.794,1.36351,1.36341,0.1,1.5
20.08.2021 00:43:30.845,1.36352,1.36342,1.01,1.5
20.08.2021 00:43:30.946,1.36351,1.36343,0.1,0.75
20.08.2021 00:43:31.047,1.36351,1.36342,0.1,0.75
20.08.2021 00:43:31.148,1.36352,1.36342,0.1,0.75
20.08.2021 00:43:31.249,1.36352,1.36343,0.82,0.75
20.08.2021 00:43:33.412,1.36351,1.36343,0.1,0.75
20.08.2021 00:43:39.017,1.36352,1.36343,0.1,0.75
20.08.2021 00:43:39.119,1.36352,1.36344,0.1,0.75
20.08.2021 00:43:43.761,1.36353,1.36342,0.1,0.75
20.08.2021 00:43:44.585,1.36352,1.36344,0.1,0.75
20.08.2021 00:44:27.795,1.36353,1.36342,0.1,0.75
20.08.2021 00:44:32.121,1.36353,1.36344,0.1,0.75
20.08.2021 00:44:39.300,1.36356,1.36344,2.25,0.75
20.08.2021 00:44:41.331,1.36356,1.36343,1.87,0.75
20.08.2021 00:44:41.726,1.3635000000000002,1.36342,0.1,0.75
20.08.2021 00:44:41.827,1.36349,1.36342,0.1,0.75
20.08.2021 00:44:43.350,1.36349,1.3634000000000002,0.1,1.5
20.08.2021 00:45:01.851,1.36351,1.36339,0.45,0.75
20.08.2021 00:45:05.567,1.3635000000000002,1.36341,0.45,0.19
20.08.2021 00:45:05.619,1.36354,1.3634600000000001,0.37,1.87
20.08.2021 00:45:05.669,1.3635700000000002,1.3634600000000001,0.1,0.75
20.08.2021 00:45:05.922,1.3635700000000002,1.3634700000000002,0.82,0.75
20.08.2021 00:45:14.402,1.3635700000000002,1.36348,0.1,0.75
20.08.2021 00:45:25.839,1.3635700000000002,1.3634700000000002,0.1,0.75
20.08.2021 00:45:26.736,1.3635700000000002,1.36348,0.1,0.75
20.08.2021 00:45:41.212,1.3635700000000002,1.36349,0.1,0.94
20.08.2021 00:45:41.263,1.3635700000000002,1.36351,0.1,0.75
20.08.2021 00:45:42.359,1.3635700000000002,1.36349,0.1,1.31
20.08.2021 00:45:42.677,1.36359,1.36348,0.1,1.31
20.08.2021 00:45:42.884,1.3636000000000001,1.36349,0.1,0.75
20.08.2021 00:45:50.255,1.36359,1.36349,0.1,2.7
20.08.2021 00:45:52.005,1.3636000000000001,1.36349,0.1,0.75
20.08.2021 00:45:56.344,1.3636000000000001,1.3635000000000002,0.1,0.82
20.08.2021 00:45:56.445,1.3636000000000001,1.36351,0.1,0.75
20.08.2021 00:46:24.774,1.3636700000000002,1.3635700000000002,0.45,0.75
20.08.2021 00:46:24.875,1.36376,1.36366,1.2,0.75
20.08.2021 00:46:24.977,1.36376,1.3636700000000002,1.12,1.95
20.08.2021 00:46:25.079,1.36376,1.3637000000000001,0.37,1.5
20.08.2021 00:46:25.833,1.3637700000000001,1.3637100000000002,0.37,0.75
20.08.2021 00:46:26.534,1.36379,1.3637000000000001,0.1,0.75
20.08.2021 00:46:40.655,1.36379,1.36369,0.1,0.75
20.08.2021 00:46:49.398,1.36383,1.36375,0.1,0.75
20.08.2021 00:46:49.499,1.36385,1.36374,1.2,0.75
20.08.2021 00:46:50.426,1.36385,1.36375,1.12,0.75
20.08.2021 00:46:51.474,1.36386,1.36375,0.75,0.75
20.08.2021 00:46:55.495,1.36385,1.3637700000000001,0.75,0.75
20.08.2021 00:46:55.759,1.36386,1.3637700000000001,1.12,0.75
20.08.2021 00:46:57.287,1.3638700000000001,1.36375,0.75,1.5
20.08.2021 00:46:57.443,1.36386,1.3637700000000001,0.75,0.75
20.08.2021 00:47:00.465,1.36388,1.3638000000000001,0.45,0.75
20.08.2021 00:47:00.618,1.36389,1.3638000000000001,1.2,0.75
20.08.2021 00:47:01.500,1.36389,1.36379,1.2,0.75
20.08.2021 00:47:03.957,1.3639200000000002,1.36386,1.69,0.37
20.08.2021 00:47:04.059,1.36393,1.3638700000000001,0.75,1.12
20.08.2021 00:47:04.160,1.36393,1.36388,0.75,1.12
20.08.2021 00:47:04.262,1.36393,1.3639000000000001,0.75,0.75
20.08.2021 00:47:04.953,1.36393,1.36389,0.75,1.87
20.08.2021 00:47:09.030,1.36395,1.36388,1.5,1.12
20.08.2021 00:47:31.634,1.3639100000000002,1.36385,0.75,0.45
20.08.2021 00:47:31.735,1.36388,1.36382,0.75,0.75
20.08.2021 00:47:32.423,1.3638700000000001,1.36382,0.75,0.75
20.08.2021 00:47:32.475,1.36385,1.36379,0.75,0.75
20.08.2021 00:47:32.526,1.36378,1.36372,0.75,0.75
20.08.2021 00:47:32.629,1.3637700000000001,1.3637000000000001,0.75,0.75
20.08.2021 00:47:33.656,1.36376,1.36369,0.75,0.37
20.08.2021 00:47:38.475,1.3637700000000001,1.3637000000000001,0.75,0.37
20.08.2021 00:47:38.526,1.3638000000000001,1.36372,0.75,0.37
20.08.2021 00:47:38.628,1.3638000000000001,1.36374,0.75,1.12
20.08.2021 00:47:39.457,1.36383,1.3637299999999999,0.75,1.12
20.08.2021 00:47:48.463,1.36384,1.3637299999999999,0.75,0.37
20.08.2021 00:48:00.543,1.3638000000000001,1.3637100000000002,0.75,0.37
20.08.2021 00:48:00.645,1.36379,1.3637000000000001,0.75,1.12
20.08.2021 00:48:18.774,1.36383,1.3637299999999999,0.75,0.75
20.08.2021 00:48:18.876,1.36383,1.36372,0.75,0.37
20.08.2021 00:48:19.128,1.36383,1.3637299999999999,0.75,1.2
20.08.2021 00:48:20.349,1.36384,1.36374,0.75,0.37
20.08.2021 00:48:21.431,1.36383,1.3637700000000001,0.75,0.37
20.08.2021 00:48:21.532,1.36385,1.36376,0.75,0.37
20.08.2021 00:48:21.634,1.3638700000000001,1.36376,0.75,0.37
20.08.2021 00:48:23.927,1.3638700000000001,1.3637700000000001,0.75,0.37
20.08.2021 00:48:24.283,1.3638700000000001,1.36378,0.75,1.2
20.08.2021 00:48:31.777,1.3638700000000001,1.36379,0.75,0.37
20.08.2021 00:48:49.767,1.3638700000000001,1.3638000000000001,0.75,0.37
20.08.2021 00:48:49.818,1.36393,1.36386,2.62,0.37
20.08.2021 00:48:49.920,1.36395,1.3638700000000001,0.75,0.37
20.08.2021 00:48:50.021,1.36395,1.36388,0.75,0.37
20.08.2021 00:48:50.223,1.36395,1.36385,0.75,0.75
20.08.2021 00:48:50.426,1.36393,1.36385,0.75,0.75
20.08.2021 00:48:50.477,1.3639100000000002,1.36383,0.75,0.75
20.08.2021 00:48:52.855,1.3639100000000002,1.36382,0.82,0.19
20.08.2021 00:48:53.390,1.3639200000000002,1.36383,0.82,0.75
20.08.2021 00:48:54.500,1.3639100000000002,1.36383,0.75,0.56
20.08.2021 00:48:54.602,1.36395,1.36386,0.75,0.75
20.08.2021 00:48:57.393,1.36395,1.36385,0.75,0.37
20.08.2021 00:49:00.397,1.36394,1.36385,0.75,0.37
20.08.2021 00:49:01.306,1.36394,1.36384,0.75,1.2
20.08.2021 00:49:07.926,1.36394,1.36386,0.75,0.37
20.08.2021 00:49:08.028,1.36395,1.3638700000000001,0.75,0.37
20.08.2021 00:49:08.130,1.36396,1.3638700000000001,0.75,0.37
20.08.2021 00:49:12.987,1.36396,1.36385,0.1,1.12
20.08.2021 00:49:13.097,1.364,1.3639000000000001,1.57,0.75
20.08.2021 00:49:13.200,1.3640200000000002,1.3639700000000001,7.5,0.45
20.08.2021 00:49:13.252,1.36406,1.3639700000000001,0.75,0.45
20.08.2021 00:49:14.011,1.36406,1.36398,0.75,0.37
20.08.2021 00:49:33.291,1.3640700000000001,1.36398,0.75,0.37
20.08.2021 00:49:41.239,1.36406,1.36398,0.75,0.37
20.08.2021 00:49:44.949,1.36408,1.3639700000000001,0.75,0.37
20.08.2021 00:50:01.184,1.36406,1.36398,0.75,0.37
20.08.2021 00:50:04.124,1.36405,1.36398,0.75,0.37
20.08.2021 00:50:35.027,1.36408,1.36399,0.82,0.37
20.08.2021 00:50:35.872,1.3640700000000001,1.36399,0.1,0.37
20.08.2021 00:50:45.556,1.36408,1.3639700000000001,0.1,0.37
20.08.2021 00:50:46.254,1.36408,1.36398,1.5,0.37
20.08.2021 00:50:46.557,1.36406,1.36398,0.75,0.37
20.08.2021 00:50:49.653,1.3640700000000001,1.36398,0.75,0.37
20.08.2021 00:51:00.400,1.36408,1.36398,0.75,0.37
20.08.2021 00:51:00.529,1.3640700000000001,1.3639700000000001,0.1,0.37
20.08.2021 00:51:01.091,1.36403,1.3639700000000001,0.75,0.37
20.08.2021 00:51:01.142,1.36405,1.36398,1.57,0.75
20.08.2021 00:51:01.193,1.3640700000000001,1.36398,2.32,0.37
20.08.2021 00:51:06.056,1.36408,1.36399,1.2,0.75
20.08.2021 00:51:43.641,1.3640700000000001,1.36399,0.75,0.37
20.08.2021 00:51:45.609,1.36409,1.36398,1.95,0.37
20.08.2021 00:52:14.111,1.3640700000000001,1.36396,1.5,0.37
20.08.2021 00:52:14.213,1.3640700000000001,1.36395,1.95,0.75
20.08.2021 00:52:16.145,1.36406,1.3639700000000001,1.2,0.75
20.08.2021 00:52:17.804,1.36406,1.36398,1.2,0.75
20.08.2021 00:52:18.174,1.36406,1.3639700000000001,1.2,0.37
20.08.2021 00:52:20.016,1.36408,1.3639700000000001,0.82,1.12
20.08.2021 00:52:31.145,1.36408,1.36398,0.82,1.12
20.08.2021 00:52:48.610,1.3640700000000001,1.36398,0.1,1.87
20.08.2021 00:52:49.726,1.3640700000000001,1.364,0.1,0.75
20.08.2021 00:52:51.859,1.36408,1.364,0.82,0.75
20.08.2021 00:53:05.604,1.36408,1.36399,0.82,0.75
20.08.2021 00:53:19.118,1.3640700000000001,1.36399,0.1,0.75
20.08.2021 00:53:28.878,1.36408,1.36399,1.57,0.75
20.08.2021 00:53:30.046,1.36408,1.36398,1.5,1.5
20.08.2021 00:53:37.291,1.36408,1.364,1.5,0.75
20.08.2021 00:53:38.049,1.36408,1.3640100000000002,1.5,0.75
20.08.2021 00:53:47.319,1.36413,1.36403,0.86,0.75
20.08.2021 00:53:47.421,1.3641400000000001,1.36404,1.12,0.75
20.08.2021 00:53:47.472,1.3641400000000001,1.3640700000000001,1.5,0.75
20.08.2021 00:53:49.829,1.3641400000000001,1.36403,1.87,0.82
20.08.2021 00:53:50.032,1.3641400000000001,1.36404,1.12,0.75
20.08.2021 00:53:50.133,1.3641400000000001,1.36403,1.87,0.82
20.08.2021 00:53:50.295,1.3641400000000001,1.36404,1.12,0.75
20.08.2021 00:53:50.649,1.36413,1.36404,1.87,0.82
20.08.2021 00:53:50.902,1.36413,1.36405,1.87,0.75
20.08.2021 00:53:51.155,1.3641100000000002,1.36403,0.75,0.75
20.08.2021 00:53:56.510,1.3641100000000002,1.3640200000000002,0.75,0.75
20.08.2021 00:53:57.257,1.3641100000000002,1.3640100000000002,0.75,0.75
20.08.2021 00:53:59.512,1.3641100000000002,1.364,0.75,0.75
20.08.2021 00:53:59.829,1.36409,1.3640100000000002,0.75,0.75
20.08.2021 00:54:12.948,1.36409,1.364,0.75,0.82
20.08.2021 00:54:24.047,1.36409,1.36398,0.75,0.75
20.08.2021 00:54:25.066,1.36409,1.36399,0.75,1.5
20.08.2021 00:54:34.446,1.36408,1.3639700000000001,0.75,1.5
20.08.2021 00:54:34.598,1.36403,1.36398,1.12,0.75
20.08.2021 00:54:34.649,1.36403,1.36393,1.87,2.59
20.08.2021 00:54:34.801,1.3640200000000002,1.36393,0.75,0.75
20.08.2021 00:54:34.902,1.3640200000000002,1.3639200000000002,1.87,0.75
20.08.2021 00:54:41.176,1.3640200000000002,1.3639100000000002,0.94,0.75
20.08.2021 00:54:45.965,1.36403,1.3639100000000002,1.5,0.75
20.08.2021 00:54:46.281,1.3640200000000002,1.3639100000000002,0.75,0.75
20.08.2021 00:54:46.382,1.3640200000000002,1.3639000000000001,0.75,1.57
20.08.2021 00:54:46.788,1.364,1.3639000000000001,0.75,1.57
20.08.2021 00:54:51.105,1.36399,1.3639000000000001,0.94,0.75
20.08.2021 00:54:51.962,1.36398,1.36389,0.75,0.75
20.08.2021 00:54:52.063,1.36398,1.3639000000000001,0.75,0.75
20.08.2021 00:54:59.202,1.364,1.36389,0.75,0.75
20.08.2021 00:55:00.081,1.364,1.3639100000000002,0.94,0.75
20.08.2021 00:55:00.385,1.364,1.3639200000000002,0.94,1.12
20.08.2021 00:55:00.436,1.3640100000000002,1.36393,0.75,0.19
20.08.2021 00:55:00.487,1.36405,1.36396,0.94,0.19
20.08.2021 00:55:00.588,1.36406,1.3639700000000001,0.75,0.75
20.08.2021 00:55:00.639,1.3640700000000001,1.36398,0.75,0.75
20.08.2021 00:55:01.398,1.36408,1.36396,0.75,1.69
20.08.2021 00:55:01.711,1.36408,1.36398,0.75,0.82
20.08.2021 00:55:12.196,1.36409,1.36398,0.75,0.37
20.08.2021 00:55:26.162,1.36409,1.36399,0.75,0.75
20.08.2021 00:55:26.213,1.3641,1.364,2.7,0.75
20.08.2021 00:55:32.509,1.3641100000000002,1.364,2.32,0.75
20.08.2021 00:55:32.711,1.3641100000000002,1.36399,2.62,0.75
20.08.2021 00:55:42.917,1.3641,1.36399,0.75,0.75
20.08.2021 00:56:17.147,1.3640200000000002,1.36393,0.94,0.37
20.08.2021 00:56:17.249,1.364,1.3639200000000002,1.31,7.5
20.08.2021 00:56:17.401,1.364,1.3639100000000002,1.31,0.75
20.08.2021 00:56:17.705,1.36398,1.36389,0.94,0.75
20.08.2021 00:56:47.723,1.36399,1.3639000000000001,0.75,0.82
20.08.2021 00:56:47.774,1.3640100000000002,1.3639100000000002,4.2,0.75
20.08.2021 00:56:47.875,1.36403,1.3639100000000002,0.75,0.1
20.08.2021 00:56:49.147,1.3640200000000002,1.3639100000000002,0.75,0.1
20.08.2021 00:56:49.696,1.3640100000000002,1.36393,0.75,0.75
20.08.2021 00:56:49.747,1.36403,1.36394,0.75,0.75
20.08.2021 00:56:52.781,1.36405,1.36393,1.5,0.75
20.08.2021 00:57:02.845,1.3640200000000002,1.36393,0.37,0.75
20.08.2021 00:57:02.896,1.36399,1.3639100000000002,0.37,0.75
20.08.2021 00:57:04.229,1.364,1.36389,1.12,0.75
20.08.2021 00:57:21.524,1.364,1.3639000000000001,1.2,0.75
20.08.2021 00:57:21.861,1.36398,1.3639100000000002,0.37,0.75
20.08.2021 00:57:25.978,1.36393,1.36386,0.37,0.75
20.08.2021 00:57:26.029,1.36394,1.36383,2.25,1.31
20.08.2021 00:57:26.132,1.3639200000000002,1.36384,0.37,0.75
20.08.2021 00:57:26.234,1.3639100000000002,1.3638100000000002,2.25,0.75
20.08.2021 00:57:26.387,1.3639000000000001,1.3638000000000001,2.7,1.5
20.08.2021 00:57:29.668,1.36389,1.3638000000000001,0.75,1.5
20.08.2021 00:57:40.143,1.3639000000000001,1.3638000000000001,3.82,0.75
20.08.2021 00:57:43.444,1.36389,1.3638000000000001,1.5,0.75
20.08.2021 00:57:46.589,1.3639000000000001,1.3638000000000001,1.76,1.5
20.08.2021 00:57:46.690,1.3639200000000002,1.36382,1.87,0.75
20.08.2021 00:57:46.792,1.36393,1.36385,0.19,0.75
20.08.2021 00:57:46.893,1.36394,1.36385,1.01,0.75
20.08.2021 00:57:59.288,1.36393,1.36382,0.56,1.5
20.08.2021 00:57:59.389,1.36393,1.36385,3,0.75
20.08.2021 00:58:00.156,1.36394,1.36385,0.75,1.5
20.08.2021 00:58:08.178,1.36395,1.3638700000000001,0.75,0.75
20.08.2021 00:58:08.228,1.3639700000000001,1.3638700000000001,1.57,0.75
20.08.2021 00:58:12.425,1.36398,1.3638700000000001,1.5,0.75
20.08.2021 00:58:16.203,1.36398,1.36388,0.75,0.75
20.08.2021 00:58:26.220,1.36398,1.36389,0.75,0.75
20.08.2021 00:58:26.423,1.36399,1.36389,1.57,0.75
20.08.2021 00:58:31.397,1.36399,1.3639000000000001,0.75,0.75
20.08.2021 00:58:38.972,1.36398,1.36389,1.12,0.75
20.08.2021 00:58:42.784,1.3639700000000001,1.36388,0.82,0.75
20.08.2021 00:58:54.820,1.3639700000000001,1.3638700000000001,1.12,0.75
20.08.2021 00:58:58.313,1.3639700000000001,1.36388,1.87,0.75
20.08.2021 00:58:59.505,1.3639700000000001,1.3638700000000001,1.87,1.5
20.08.2021 00:59:05.790,1.36398,1.36389,1.76,0.75
20.08.2021 00:59:07.534,1.36398,1.3639000000000001,0.75,0.75
20.08.2021 00:59:09.972,1.364,1.3639000000000001,1.57,1.5
20.08.2021 00:59:11.970,1.36399,1.3639000000000001,0.37,1.5
20.08.2021 00:59:16.084,1.36405,1.36395,5.7,0.75
20.08.2021 00:59:16.187,1.3640700000000001,1.36395,4.01,1.5
20.08.2021 00:59:16.341,1.36406,1.3639700000000001,3.37,0.75
20.08.2021 00:59:16.443,1.36405,1.3639700000000001,0.75,0.75
20.08.2021 00:59:41.956,1.3640700000000001,1.36399,0.75,0.75
20.08.2021 00:59:42.059,1.36408,1.364,2.06,0.75
20.08.2021 00:59:42.161,1.36406,1.364,1.5,0.75
20.08.2021 00:59:42.212,1.36406,1.36398,1.5,1.5
20.08.2021 00:59:42.516,1.36408,1.36398,2.51,1.5
20.08.2021 00:59:42.567,1.36408,1.364,2.14,0.75
20.08.2021 00:59:42.669,1.3640700000000001,1.36399,1.5,0.75
20.08.2021 00:59:42.780,1.36406,1.36399,1.5,0.75
20.08.2021 00:59:43.485,1.36409,1.36398,2.06,0.75
20.08.2021 00:59:43.586,1.3641,1.36399,1.39,0.75
20.08.2021 00:59:43.637,1.36406,1.364,1.5,0.75
20.08.2021 00:59:43.688,1.36409,1.36399,0.75,0.75
20.08.2021 00:59:43.789,1.36409,1.364,1.2,0.75
20.08.2021 00:59:51.936,1.36409,1.3640100000000002,0.75,0.75
20.08.2021 00:59:59.787,1.36409,1.364,0.75,0.75
20.08.2021 01:00:03.148,1.3641,1.3640100000000002,1.12,0.75
20.08.2021 01:00:06.437,1.3641,1.364,1.5,1.5
20.08.2021 01:00:18.603,1.36409,1.364,0.75,0.75
20.08.2021 01:00:25.873,1.36408,1.36399,0.75,0.82
20.08.2021 01:00:38.594,1.36408,1.3639700000000001,0.75,0.82
20.08.2021 01:00:49.970,1.36406,1.3639700000000001,0.75,1.57
20.08.2021 01:00:50.072,1.3640700000000001,1.36395,1.5,1.57
20.08.2021 01:00:50.276,1.36406,1.3639700000000001,0.75,0.75
20.08.2021 01:00:51.157,1.36406,1.36396,0.75,1.57
20.08.2021 01:00:52.643,1.36406,1.3639700000000001,0.75,0.75
20.08.2021 01:00:54.089,1.36406,1.36396,1.5,1.57
20.08.2021 01:01:04.305,1.36406,1.3639700000000001,0.75,0.75
20.08.2021 01:01:04.618,1.3640700000000001,1.36395,1.5,0.82
20.08.2021 01:01:04.760,1.36404,1.36394,1.5,0.82
20.08.2021 01:01:26.484,1.3640100000000002,1.3639000000000001,1.5,0.37
20.08.2021 01:01:26.586,1.364,1.36389,1.5,1.27
20.08.2021 01:01:28.025,1.36399,1.36389,0.75,0.1
20.08.2021 01:01:30.119,1.36398,1.36389,0.75,1.57
20.08.2021 01:01:30.221,1.36399,1.3638700000000001,1.5,2.32
20.08.2021 01:01:34.193,1.36396,1.36386,0.37,0.75
20.08.2021 01:01:34.244,1.36395,1.36384,0.75,3.82
20.08.2021 01:01:37.622,1.36394,1.36384,1.5,0.82
20.08.2021 01:01:37.984,1.36395,1.36384,0.75,0.75
20.08.2021 01:02:03.598,1.36389,1.3638100000000002,0.75,0.9
20.08.2021 01:02:03.750,1.36389,1.3638000000000001,1.5,1.95
20.08.2021 01:02:07.394,1.3639000000000001,1.36378,0.75,1.57
20.08.2021 01:02:11.520,1.36389,1.36378,0.75,0.75
20.08.2021 01:02:16.094,1.3639000000000001,1.36378,0.75,1.57
20.08.2021 01:02:23.649,1.3639100000000002,1.36379,2.14,0.75
20.08.2021 01:02:30.042,1.3639000000000001,1.36379,0.75,0.75
20.08.2021 01:02:44.068,1.3639000000000001,1.36378,1.5,1.57
20.08.2021 01:03:13.104,1.36388,1.36379,0.75,0.82
20.08.2021 01:03:28.025,1.36382,1.36378,0.75,0.75
20.08.2021 01:03:28.076,1.36382,1.36375,0.75,1.2
20.08.2021 01:03:28.178,1.36383,1.36374,0.75,0.75
20.08.2021 01:03:28.541,1.36384,1.36374,2.25,0.75
20.08.2021 01:03:30.418,1.36383,1.36374,0.75,0.75
20.08.2021 01:03:31.558,1.36382,1.36374,0.75,0.75
20.08.2021 01:03:31.709,1.36383,1.36374,0.75,0.75
20.08.2021 01:03:32.257,1.36383,1.36375,1.5,0.75
20.08.2021 01:03:32.578,1.36382,1.36375,0.75,0.75
20.08.2021 01:03:35.893,1.3638100000000002,1.36375,0.75,0.75
20.08.2021 01:03:36.046,1.36382,1.36375,0.75,0.75
20.08.2021 01:03:37.865,1.36382,1.36374,0.75,0.75
20.08.2021 01:03:37.966,1.3638100000000002,1.36374,0.75,0.75
20.08.2021 01:03:38.230,1.3638100000000002,1.36375,0.75,0.75
20.08.2021 01:03:39.133,1.36382,1.36375,1.5,0.75
20.08.2021 01:03:39.235,1.36383,1.36375,1.5,0.75
20.08.2021 01:03:39.338,1.36385,1.36374,1.5,0.75
20.08.2021 01:03:39.490,1.36385,1.36376,1.5,0.82
20.08.2021 01:03:39.591,1.36385,1.3637700000000001,1.5,0.1
20.08.2021 01:03:40.148,1.36385,1.36376,1.5,0.82
20.08.2021 01:03:41.365,1.36385,1.36375,0.75,0.82
20.08.2021 01:03:42.240,1.36385,1.36376,1.5,0.82
20.08.2021 01:03:42.803,1.36384,1.36376,0.75,0.82
20.08.2021 01:03:42.914,1.36386,1.36375,1.5,0.82
20.08.2021 01:03:49.711,1.36385,1.3637700000000001,0.75,0.1
20.08.2021 01:03:50.997,1.36386,1.3637700000000001,0.75,0.75
20.08.2021 01:03:52.191,1.36386,1.36376,0.75,0.82
20.08.2021 01:03:52.293,1.36385,1.36376,0.75,0.82
20.08.2021 01:03:52.918,1.36385,1.3637700000000001,1.69,0.82
20.08.2021 01:03:53.022,1.36386,1.3637700000000001,2.44,0.82
20.08.2021 01:03:53.830,1.36385,1.3637700000000001,0.75,0.82
20.08.2021 01:03:55.351,1.36384,1.3637700000000001,0.75,0.82
20.08.2021 01:03:57.337,1.36385,1.3637700000000001,0.75,0.82
20.08.2021 01:03:58.051,1.36384,1.3637700000000001,0.75,0.82
20.08.2021 01:04:02.282,1.36386,1.36376,0.75,0.82
20.08.2021 01:04:03.557,1.36384,1.3637700000000001,0.75,0.82
20.08.2021 01:04:04.865,1.36384,1.36376,0.75,0.82
20.08.2021 01:04:04.977,1.36385,1.36376,0.75,0.82
20.08.2021 01:04:05.078,1.36386,1.36378,1.5,0.75
20.08.2021 01:04:05.331,1.3639000000000001,1.3638000000000001,1.5,1.57
20.08.2021 01:04:05.382,1.3639100000000002,1.3638100000000002,0.75,0.75
20.08.2021 01:04:05.584,1.3639100000000002,1.36384,0.75,0.75
20.08.2021 01:04:05.888,1.36394,1.36384,1.5,0.75
20.08.2021 01:04:14.887,1.36395,1.36386,0.75,0.75
20.08.2021 01:04:17.405,1.36396,1.36386,2.32,1.5
20.08.2021 01:04:31.216,1.36396,1.36385,0.75,0.75
20.08.2021 01:04:35.580,1.36396,1.36386,2.32,0.75
20.08.2021 01:04:38.776,1.36395,1.36386,0.75,0.75
20.08.2021 01:04:38.877,1.36396,1.36386,2.32,0.75
20.08.2021 01:04:55.194,1.36396,1.36385,2.32,1.5
20.08.2021 01:04:55.296,1.36396,1.36386,0.75,0.75
20.08.2021 01:04:55.397,1.36398,1.36386,2.25,0.75
20.08.2021 01:05:01.612,1.3639700000000001,1.36388,0.75,0.75
20.08.2021 01:05:03.926,1.36399,1.3638700000000001,0.75,1.69
20.08.2021 01:05:04.028,1.36399,1.36388,0.75,0.75
20.08.2021 01:05:07.032,1.3640200000000002,1.36394,0.37,0.19
20.08.2021 01:05:07.083,1.36406,1.36395,1.5,0.75
20.08.2021 01:05:07.236,1.36406,1.3639700000000001,0.75,0.75
20.08.2021 01:05:08.235,1.36405,1.36396,0.75,0.75
20.08.2021 01:05:09.224,1.36404,1.36396,0.75,0.75
20.08.2021 01:05:09.326,1.36395,1.3639100000000002,0.75,0.75
20.08.2021 01:05:09.430,1.36394,1.3639100000000002,0.75,0.75
20.08.2021 01:05:09.481,1.36394,1.3638700000000001,0.75,1.2
20.08.2021 01:05:17.571,1.36394,1.36386,0.75,0.75
20.08.2021 01:05:17.622,1.36393,1.36383,0.75,0.75
20.08.2021 01:05:17.875,1.36393,1.36384,0.75,0.75
20.08.2021 01:05:17.926,1.3639000000000001,1.36382,0.75,0.75
20.08.2021 01:05:19.131,1.3639000000000001,1.3638100000000002,0.75,0.75
20.08.2021 01:05:33.995,1.3639200000000002,1.36386,0.75,0.75
20.08.2021 01:05:36.908,1.3639200000000002,1.36383,0.75,0.82
20.08.2021 01:05:47.280,1.36393,1.36385,0.75,0.75
20.08.2021 01:05:47.634,1.36395,1.36385,0.75,0.75
20.08.2021 01:05:48.652,1.36393,1.36386,0.75,0.75
20.08.2021 01:05:48.755,1.36393,1.3638700000000001,0.75,0.75
20.08.2021 01:06:00.127,1.36393,1.36385,0.75,0.75
20.08.2021 01:06:00.229,1.36393,1.36385,0.75,0.82
20.08.2021 01:06:00.785,1.36394,1.36385,0.75,0.75
20.08.2021 01:06:07.231,1.36393,1.3638700000000001,0.75,0.75
20.08.2021 01:06:11.337,1.36394,1.36385,0.75,0.82
20.08.2021 01:06:24.540,1.3639200000000002,1.36384,0.75,0.75
20.08.2021 01:06:24.591,1.3639000000000001,1.36384,0.75,0.75
20.08.2021 01:06:24.693,1.36385,1.36379,0.75,1.57
20.08.2021 01:06:24.896,1.36385,1.3637700000000001,0.75,1.57
20.08.2021 01:06:24.997,1.36384,1.3637700000000001,0.75,0.82
20.08.2021 01:06:26.290,1.36383,1.3637700000000001,0.75,0.82
20.08.2021 01:06:27.603,1.36383,1.36376,0.75,0.82
20.08.2021 01:06:28.445,1.36384,1.36376,0.75,0.75
20.08.2021 01:06:28.547,1.36385,1.3637700000000001,0.75,0.75
20.08.2021 01:06:28.649,1.36384,1.3637700000000001,0.75,0.1
20.08.2021 01:06:28.751,1.3638700000000001,1.3637700000000001,0.75,0.82
20.08.2021 01:06:29.412,1.36386,1.36379,0.75,0.37
20.08.2021 01:06:29.787,1.3638700000000001,1.3637700000000001,0.75,0.82
20.08.2021 01:06:44.222,1.36384,1.3637700000000001,0.75,0.75
20.08.2021 01:06:53.272,1.36385,1.3637700000000001,0.75,0.75
20.08.2021 01:07:11.348,1.36384,1.3637700000000001,0.75,0.75
20.08.2021 01:07:29.156,1.36384,1.36378,0.75,0.75
20.08.2021 01:07:30.146,1.36385,1.36378,0.75,0.82
20.08.2021 01:07:36.571,1.36384,1.3638000000000001,0.75,0.82
20.08.2021 01:07:36.622,1.36388,1.3638000000000001,0.75,0.1
20.08.2021 01:07:36.724,1.3639000000000001,1.3638100000000002,0.75,0.82
20.08.2021 01:07:36.826,1.3639100000000002,1.36382,0.75,0.75
20.08.2021 01:07:37.613,1.3639000000000001,1.36382,0.75,0.82
20.08.2021 01:07:39.672,1.3639000000000001,1.36383,0.75,0.75
20.08.2021 01:07:55.168,1.3639000000000001,1.36382,0.75,0.82
20.08.2021 01:07:55.909,1.3639000000000001,1.36383,0.75,0.37
20.08.2021 01:07:57.442,1.36385,1.3638000000000001,0.75,0.9
20.08.2021 01:07:57.543,1.36384,1.3638000000000001,0.75,0.45
20.08.2021 01:07:57.644,1.36384,1.36379,0.75,0.45
20.08.2021 01:08:05.831,1.36386,1.3638100000000002,0.75,0.37
20.08.2021 01:08:06.033,1.3638700000000001,1.3638100000000002,0.75,0.1
20.08.2021 01:08:15.704,1.36385,1.3638100000000002,0.75,0.1
20.08.2021 01:08:15.807,1.3638700000000001,1.36379,0.75,0.37
20.08.2021 01:08:15.909,1.3638700000000001,1.3638000000000001,0.75,0.37
20.08.2021 01:08:16.228,1.36386,1.3638000000000001,0.75,0.37
20.08.2021 01:08:16.505,1.3638700000000001,1.3638000000000001,0.75,0.37
20.08.2021 01:08:23.525,1.36386,1.36379,0.75,0.45
20.08.2021 01:08:23.677,1.3638700000000001,1.36379,0.75,0.45
20.08.2021 01:08:24.449,1.36386,1.36379,0.75,0.45
20.08.2021 01:08:24.702,1.3638700000000001,1.36379,0.75,0.45
20.08.2021 01:08:25.296,1.3638700000000001,1.36378,0.75,0.45
20.08.2021 01:08:25.448,1.3638700000000001,1.36379,0.75,0.45
20.08.2021 01:08:25.549,1.36386,1.36379,0.75,0.45
20.08.2021 01:08:25.651,1.36388,1.36378,0.75,0.45
20.08.2021 01:08:25.931,1.3638700000000001,1.36378,0.75,0.45
20.08.2021 01:08:26.061,1.36388,1.36378,0.75,0.45
20.08.2021 01:08:26.407,1.36386,1.36379,0.75,0.45
20.08.2021 01:08:26.508,1.3638700000000001,1.36379,0.75,0.45
20.08.2021 01:08:29.009,1.36386,1.36379,0.75,0.37
20.08.2021 01:08:29.111,1.36385,1.36378,0.75,0.37
20.08.2021 01:08:30.629,1.36383,1.36379,0.75,0.37
20.08.2021 01:08:33.761,1.36385,1.36378,0.75,0.37
20.08.2021 01:08:34.347,1.36386,1.36378,0.75,0.37
20.08.2021 01:08:41.174,1.36386,1.3637700000000001,0.75,0.37
20.08.2021 01:08:49.301,1.3638100000000002,1.36374,0.75,0.82
20.08.2021 01:08:49.352,1.3638100000000002,1.36372,0.75,0.82
20.08.2021 01:08:49.403,1.3638000000000001,1.3637100000000002,0.75,0.75
20.08.2021 01:08:49.504,1.36378,1.3637100000000002,0.75,0.37
20.08.2021 01:08:49.711,1.3637700000000001,1.36369,0.75,0.37
20.08.2021 01:08:49.812,1.3637700000000001,1.36368,0.75,0.37
20.08.2021 01:08:50.826,1.36375,1.36369,0.75,0.37
20.08.2021 01:08:51.531,1.36376,1.3636700000000002,0.75,0.37
20.08.2021 01:08:59.267,1.3637299999999999,1.3636700000000002,0.75,0.37
20.08.2021 01:09:15.028,1.3636700000000002,1.36362,0.75,0.37
20.08.2021 01:09:15.079,1.36365,1.36359,0.75,0.75
20.08.2021 01:09:15.181,1.36365,1.36358,0.75,1.12
20.08.2021 01:09:15.384,1.36365,1.3635700000000002,0.75,0.75
20.08.2021 01:09:16.674,1.36365,1.36358,0.75,0.75
20.08.2021 01:09:16.775,1.36366,1.36358,1.95,0.75
20.08.2021 01:09:49.779,1.36363,1.36358,1.12,0.75
20.08.2021 01:09:49.829,1.36363,1.36354,1.2,0.75
20.08.2021 01:09:50.103,1.36363,1.36353,0.82,0.94
20.08.2021 01:10:10.098,1.36363,1.36354,0.75,0.82
20.08.2021 01:10:10.149,1.3636700000000002,1.36355,1.01,0.82
20.08.2021 01:10:15.272,1.36366,1.3635700000000002,0.75,0.1
20.08.2021 01:10:16.139,1.3636700000000002,1.3635700000000002,0.82,0.1
20.08.2021 01:10:29.858,1.36368,1.3635700000000002,0.75,2.51
20.08.2021 01:10:29.960,1.36368,1.36359,0.75,1.57
20.08.2021 01:10:31.098,1.3637100000000002,1.36362,0.75,0.45
20.08.2021 01:10:31.250,1.36372,1.3636000000000001,0.82,0.82
20.08.2021 01:10:34.952,1.3637299999999999,1.3636100000000002,0.82,0.82
20.08.2021 01:10:37.620,1.36372,1.36363,0.75,0.1
20.08.2021 01:10:46.517,1.36369,1.3636000000000001,0.75,0.75
20.08.2021 01:10:46.619,1.36369,1.36359,1.12,2.02
20.08.2021 01:11:44.659,1.36372,1.36365,0.82,0.19
20.08.2021 01:11:44.760,1.36376,1.36369,1.5,0.75
20.08.2021 01:11:44.912,1.3637700000000001,1.36369,1.5,0.75
20.08.2021 01:11:45.052,1.36378,1.36369,1.39,0.75
20.08.2021 01:11:48.321,1.36378,1.3637000000000001,0.19,0.75
20.08.2021 01:11:48.422,1.3638000000000001,1.36369,0.26,0.75
20.08.2021 01:11:54.502,1.36379,1.36369,1.01,0.75
20.08.2021 01:11:54.604,1.3638000000000001,1.36369,0.26,0.75
20.08.2021 01:12:00.212,1.36378,1.3637000000000001,0.1,0.75
20.08.2021 01:12:13.116,1.36378,1.36368,0.82,1.87
20.08.2021 01:12:22.254,1.36378,1.3637000000000001,0.1,0.75
20.08.2021 01:12:26.633,1.36372,1.36364,0.37,2.32
20.08.2021 01:12:26.684,1.3637299999999999,1.36362,0.37,2.44
20.08.2021 01:12:26.786,1.36376,1.36366,0.75,0.75
20.08.2021 01:12:26.887,1.36379,1.36368,0.1,0.94
20.08.2021 01:12:27.039,1.3638000000000001,1.36368,1.2,0.75
20.08.2021 01:12:29.520,1.3637700000000001,1.36369,0.75,0.75
20.08.2021 01:12:29.621,1.36376,1.36368,0.19,0.75
20.08.2021 01:12:31.096,1.3637700000000001,1.36365,1.01,0.75
20.08.2021 01:12:31.658,1.36376,1.36365,0.19,0.75
20.08.2021 01:12:31.760,1.36375,1.36365,0.19,0.75
20.08.2021 01:12:31.861,1.36375,1.36364,0.19,0.75
20.08.2021 01:12:31.963,1.36374,1.36364,1.01,0.75
20.08.2021 01:12:43.083,1.3637000000000001,1.36363,0.37,0.19
20.08.2021 01:12:43.134,1.3637100000000002,1.36359,0.56,1.27
20.08.2021 01:12:43.286,1.36369,1.3636000000000001,0.19,0.75
20.08.2021 01:13:05.594,1.36369,1.36359,0.26,1.5
20.08.2021 01:13:05.695,1.36369,1.3636000000000001,0.1,0.75
20.08.2021 01:13:06.451,1.36369,1.36359,0.82,1.5
20.08.2021 01:13:36.185,1.36368,1.36359,0.75,0.75
20.08.2021 01:13:40.613,1.36368,1.36358,0.75,1.57
20.08.2021 01:14:03.449,1.36368,1.3635700000000002,0.75,0.75
20.08.2021 01:14:03.551,1.3636700000000002,1.3635700000000002,0.82,1.5
20.08.2021 01:14:17.206,1.36366,1.36356,0.75,0.75
20.08.2021 01:14:21.646,1.36364,1.3635700000000002,0.75,0.75
20.08.2021 01:14:45.946,1.36364,1.36356,0.75,0.75
20.08.2021 01:15:00.824,1.36365,1.36356,0.75,0.75
20.08.2021 01:15:00.977,1.36365,1.3635700000000002,0.75,0.75
20.08.2021 01:15:01.832,1.36366,1.3635700000000002,0.75,0.75
20.08.2021 01:15:02.022,1.3636700000000002,1.36358,0.75,0.75
20.08.2021 01:15:02.123,1.36368,1.36358,0.75,0.75
20.08.2021 01:15:02.174,1.3637000000000001,1.36358,1.12,1.5
20.08.2021 01:15:03.044,1.3637100000000002,1.3636100000000002,3,0.75
20.08.2021 01:15:03.145,1.36369,1.3636000000000001,0.75,0.75
20.08.2021 01:15:03.567,1.3637000000000001,1.3636000000000001,0.75,0.75
20.08.2021 01:15:04.720,1.36374,1.36364,0.19,0.75
20.08.2021 01:15:04.771,1.3637700000000001,1.36365,1.69,0.75
20.08.2021 01:15:08.031,1.36376,1.36365,0.19,0.75
20.08.2021 01:15:16.401,1.36375,1.36365,1.69,0.82
20.08.2021 01:15:16.553,1.36375,1.36364,0.19,0.82
20.08.2021 01:15:54.016,1.3637700000000001,1.36366,1.95,1.5
20.08.2021 01:15:57.218,1.3637700000000001,1.3636700000000002,1.12,0.75
20.08.2021 01:16:05.773,1.36379,1.36366,1.2,1.57
20.08.2021 01:16:10.246,1.36379,1.3636700000000002,1.2,0.75
20.08.2021 01:16:13.441,1.36379,1.36366,0.82,2.7
20.08.2021 01:16:13.543,1.36378,1.36366,0.26,0.75
20.08.2021 01:16:13.594,1.36374,1.36363,0.56,1.2
20.08.2021 01:16:14.359,1.36374,1.36364,0.26,1.5
20.08.2021 01:16:26.147,1.3637700000000001,1.3636700000000002,1.01,0.75
20.08.2021 01:16:26.248,1.36379,1.36366,2.7,0.75
20.08.2021 01:16:38.272,1.3637700000000001,1.3636700000000002,0.75,0.75
20.08.2021 01:16:38.424,1.3637700000000001,1.36368,0.75,0.75
20.08.2021 01:16:41.611,1.36379,1.3636700000000002,1.57,0.75
20.08.2021 01:16:45.864,1.36379,1.36368,1.57,1.57
20.08.2021 01:16:51.661,1.36379,1.3636700000000002,0.37,1.57
20.08.2021 01:17:03.947,1.36378,1.3636700000000002,3.45,1.57
20.08.2021 01:17:04.049,1.3637700000000001,1.3636700000000002,0.45,1.5
20.08.2021 01:17:05.560,1.3637700000000001,1.36366,0.19,0.75
20.08.2021 01:17:05.661,1.3637000000000001,1.3636100000000002,0.75,0.75
20.08.2021 01:17:05.763,1.3637000000000001,1.3636000000000001,1.31,1.5
20.08.2021 01:17:06.022,1.36369,1.3636000000000001,0.37,1.5
20.08.2021 01:17:08.434,1.36369,1.36359,0.56,0.82
20.08.2021 01:17:10.194,1.36369,1.36358,2.14,1.5
20.08.2021 01:17:13.962,1.36368,1.36358,0.19,0.75
20.08.2021 01:17:20.316,1.36369,1.36358,1.69,1.57
20.08.2021 01:17:20.483,1.3637000000000001,1.36358,0.75,0.1
20.08.2021 01:17:20.585,1.3637000000000001,1.36359,1.31,1.57
20.08.2021 01:17:22.358,1.36369,1.36359,0.19,0.75
20.08.2021 01:17:28.072,1.36369,1.36358,2.7,0.75
20.08.2021 01:17:28.173,1.36368,1.36358,1.01,0.75
20.08.2021 01:17:28.946,1.36368,1.3635700000000002,1.01,1.5
20.08.2021 01:17:30.856,1.3636700000000002,1.3635700000000002,0.19,1.5
20.08.2021 01:17:33.385,1.36366,1.36356,0.75,0.75
20.08.2021 01:17:44.237,1.3636700000000002,1.36356,0.75,0.75
20.08.2021 01:17:44.797,1.36366,1.36356,0.75,2.32
20.08.2021 01:18:00.021,1.36366,1.36353,1.69,1.76
20.08.2021 01:18:00.428,1.36365,1.36356,1.12,0.75
20.08.2021 01:18:00.630,1.36366,1.36353,1.12,0.1
20.08.2021 01:18:01.418,1.36366,1.36352,1.2,2.7
20.08.2021 01:18:02.574,1.36362,1.36351,1.12,0.82
20.08.2021 01:18:02.676,1.3636100000000002,1.36349,1.5,1.2
20.08.2021 01:18:06.025,1.36359,1.36349,0.75,0.75
20.08.2021 01:18:07.080,1.36359,1.3635000000000002,0.75,0.75
20.08.2021 01:18:09.046,1.36359,1.36351,0.75,0.75
20.08.2021 01:18:12.009,1.3636000000000001,1.36348,0.75,0.82
20.08.2021 01:18:18.343,1.36359,1.36348,0.75,0.75
20.08.2021 01:18:37.705,1.3636000000000001,1.3635000000000002,1.5,1.01
20.08.2021 01:18:37.757,1.36362,1.36352,0.56,0.75
20.08.2021 01:18:38.114,1.36362,1.36353,0.94,0.75
20.08.2021 01:18:38.596,1.36364,1.36353,2.81,0.82
20.08.2021 01:18:38.849,1.36364,1.36354,0.75,1.01
20.08.2021 01:18:38.950,1.36364,1.36353,0.75,0.19
20.08.2021 01:18:40.556,1.36363,1.36353,0.75,0.1
20.08.2021 01:18:41.440,1.36365,1.36352,1.12,0.82
20.08.2021 01:18:42.973,1.36366,1.36352,1.2,1.76
20.08.2021 01:18:43.126,1.36365,1.36354,1.2,0.75
20.08.2021 01:18:44.092,1.36366,1.36354,0.45,0.75
20.08.2021 01:18:44.245,1.36366,1.36356,0.45,0.75
20.08.2021 01:18:44.449,1.36365,1.36358,0.37,0.75
20.08.2021 01:18:45.491,1.36366,1.36358,1.2,0.75
20.08.2021 01:18:46.033,1.36366,1.36356,1.12,1.5
20.08.2021 01:18:46.134,1.36366,1.36355,0.37,1.5
20.08.2021 01:18:46.921,1.3636700000000002,1.36355,1.12,1.5
20.08.2021 01:18:47.082,1.36369,1.3636100000000002,0.82,0.75
20.08.2021 01:18:50.181,1.3637100000000002,1.3636000000000001,0.1,0.75
20.08.2021 01:18:50.283,1.36376,1.3637000000000001,2.06,0.75
20.08.2021 01:18:50.334,1.36379,1.3637000000000001,0.1,0.75
20.08.2021 01:18:50.436,1.36379,1.3637000000000001,2.51,0.75
20.08.2021 01:18:51.873,1.36376,1.3637000000000001,0.75,0.75
20.08.2021 01:18:58.082,1.36376,1.36369,0.75,0.75
20.08.2021 01:19:09.491,1.36376,1.36368,0.75,2.44
20.08.2021 01:19:12.724,1.3637700000000001,1.36368,0.75,0.94
20.08.2021 01:19:17.624,1.3637700000000001,1.36369,0.75,0.75
20.08.2021 01:19:24.038,1.3637700000000001,1.3637000000000001,0.75,0.75
20.08.2021 01:19:24.089,1.36379,1.3637100000000002,1.5,0.75
20.08.2021 01:19:24.293,1.36379,1.3637000000000001,1.5,1.5
20.08.2021 01:19:31.943,1.3638000000000001,1.3637000000000001,1.5,0.75
20.08.2021 01:19:31.995,1.3638000000000001,1.36374,1.5,1.5
20.08.2021 01:19:32.045,1.36384,1.36375,0.82,1.5
20.08.2021 01:19:32.147,1.36386,1.36375,3,0.75
20.08.2021 01:19:32.248,1.36388,1.36376,0.82,0.75
20.08.2021 01:19:32.350,1.36388,1.3637700000000001,0.82,0.75
20.08.2021 01:19:32.553,1.36389,1.3637700000000001,1.2,1.5
20.08.2021 01:19:33.257,1.3639000000000001,1.3637700000000001,1.2,2.14
20.08.2021 01:19:33.358,1.3639000000000001,1.36378,1.2,0.75
20.08.2021 01:19:38.092,1.36388,1.36379,0.1,0.75
20.08.2021 01:19:38.194,1.36385,1.36376,0.1,2.81
20.08.2021 01:19:39.320,1.36386,1.3637700000000001,0.1,0.75
20.08.2021 01:19:40.366,1.3638700000000001,1.3637700000000001,0.1,0.75
20.08.2021 01:19:40.468,1.3638700000000001,1.36379,0.1,0.75
20.08.2021 01:19:43.635,1.36389,1.36378,0.45,0.75
20.08.2021 01:19:44.344,1.3639000000000001,1.36379,2.32,0.75
20.08.2021 01:19:45.625,1.36389,1.36379,0.82,0.75
20.08.2021 01:19:52.237,1.3638700000000001,1.3638000000000001,0.75,0.75
20.08.2021 01:19:52.340,1.3638100000000002,1.36372,0.37,8.25
20.08.2021 01:19:52.391,1.36383,1.36375,1.2,0.75
20.08.2021 01:19:52.492,1.36384,1.36375,0.1,0.94
20.08.2021 01:19:53.828,1.36384,1.36376,0.1,0.75
20.08.2021 01:20:03.367,1.3638100000000002,1.36372,0.37,0.94
20.08.2021 01:20:03.469,1.3638000000000001,1.3637100000000002,0.1,1.69
20.08.2021 01:20:03.570,1.36379,1.3637100000000002,0.1,0.94
20.08.2021 01:20:03.671,1.36379,1.3637000000000001,0.1,1.69
20.08.2021 01:20:03.773,1.36378,1.3637000000000001,0.1,1.69
20.08.2021 01:20:11.459,1.3638000000000001,1.36369,0.1,0.75
20.08.2021 01:20:15.664,1.36382,1.36375,1.31,1.31
20.08.2021 01:20:15.766,1.3638700000000001,1.36378,9.94,0.75
20.08.2021 01:20:15.918,1.36388,1.36378,1.57,0.75
20.08.2021 01:20:19.162,1.36388,1.36376,1.87,0.75
20.08.2021 01:20:19.824,1.3638700000000001,1.36378,0.37,0.75
20.08.2021 01:20:19.925,1.3638700000000001,1.36379,0.37,0.75
20.08.2021 01:20:20.858,1.36388,1.36379,1.76,0.75
20.08.2021 01:20:23.113,1.3638700000000001,1.36376,0.37,0.75
20.08.2021 01:20:30.450,1.36386,1.36378,0.37,0.75
20.08.2021 01:20:30.551,1.3638700000000001,1.36378,0.37,0.75
20.08.2021 01:20:30.854,1.36388,1.36379,2.06,0.75
20.08.2021 01:20:32.985,1.3639000000000001,1.36379,1.87,0.94
20.08.2021 01:20:33.087,1.3639100000000002,1.3638000000000001,0.75,0.75
20.08.2021 01:20:33.189,1.3639100000000002,1.3638100000000002,2.25,1.69
20.08.2021 01:20:39.362,1.3639000000000001,1.3638100000000002,0.37,0.75
20.08.2021 01:20:39.464,1.36389,1.3638000000000001,1.87,0.75
20.08.2021 01:21:01.607,1.36389,1.36379,0.94,0.75
20.08.2021 01:21:01.708,1.36388,1.36379,0.94,0.75
20.08.2021 01:21:01.810,1.3638700000000001,1.36379,0.1,0.75
20.08.2021 01:21:04.784,1.3638700000000001,1.3637700000000001,2.89,0.75
20.08.2021 01:21:04.885,1.3638700000000001,1.36376,0.1,0.75
20.08.2021 01:21:21.259,1.36386,1.36376,0.1,0.75
20.08.2021 01:21:32.103,1.36382,1.3637299999999999,0.37,0.75
20.08.2021 01:21:32.154,1.3638100000000002,1.3637100000000002,2.7,1.39
20.08.2021 01:21:32.256,1.3638000000000001,1.3637100000000002,0.45,0.94
20.08.2021 01:21:36.526,1.36382,1.3637299999999999,0.1,0.75
20.08.2021 01:21:36.628,1.36385,1.36375,0.82,0.94
20.08.2021 01:21:49.525,1.36386,1.36375,1.57,0.94
20.08.2021 01:21:57.600,1.36388,1.36376,0.1,1.5
20.08.2021 01:21:57.701,1.36389,1.3637700000000001,0.82,0.75
20.08.2021 01:21:59.337,1.36388,1.3637700000000001,0.1,0.75
20.08.2021 01:22:00.158,1.36388,1.36378,2.89,0.75
20.08.2021 01:22:10.124,1.3638700000000001,1.36378,0.75,0.19
20.08.2021 01:22:20.645,1.36389,1.3638100000000002,1.12,0.19
20.08.2021 01:22:20.747,1.3639100000000002,1.3638100000000002,0.75,0.19
20.08.2021 01:22:24.530,1.3639000000000001,1.3638100000000002,1.12,0.19
20.08.2021 01:22:24.631,1.36389,1.3638000000000001,0.75,0.19
20.08.2021 01:22:27.105,1.36388,1.3638000000000001,1.5,0.19
20.08.2021 01:22:27.380,1.36388,1.36378,1.87,2.51
20.08.2021 01:22:31.837,1.36382,1.36374,0.37,0.19
20.08.2021 01:22:31.939,1.36383,1.36374,3.07,0.19
20.08.2021 01:22:34.849,1.36382,1.3637299999999999,0.82,0.19
20.08.2021 01:22:37.124,1.36382,1.3637299999999999,0.37,0.75
20.08.2021 01:22:38.290,1.3638100000000002,1.36372,1.5,1.5
20.08.2021 01:22:38.594,1.3638100000000002,1.3637100000000002,2.25,2.51
20.08.2021 01:22:38.695,1.3638100000000002,1.3637000000000001,0.37,1.69
20.08.2021 01:22:55.768,1.36379,1.3637100000000002,0.37,1.69
20.08.2021 01:22:56.165,1.3638100000000002,1.3637000000000001,0.37,1.69
20.08.2021 01:23:13.867,1.36382,1.3637000000000001,2.32,1.69
20.08.2021 01:23:20.588,1.36383,1.3637700000000001,0.37,0.19
20.08.2021 01:23:20.690,1.36388,1.36378,0.75,0.19
20.08.2021 01:23:20.792,1.36389,1.36378,7.57,0.19
20.08.2021 01:23:21.208,1.36389,1.36379,2.7,0.19
20.08.2021 01:23:21.741,1.3639000000000001,1.36379,1.95,0.19
20.08.2021 01:23:33.000,1.36389,1.3638100000000002,0.37,0.19
20.08.2021 01:23:37.721,1.3639100000000002,1.3638000000000001,0.37,0.19
20.08.2021 01:23:46.689,1.3639000000000001,1.3638000000000001,0.1,0.94
20.08.2021 01:23:51.078,1.3639100000000002,1.3638100000000002,0.45,0.19
20.08.2021 01:23:52.290,1.3639200000000002,1.3638100000000002,1.57,0.94
20.08.2021 01:23:52.392,1.3639000000000001,1.36382,0.1,0.94
20.08.2021 01:23:57.311,1.36389,1.36382,0.1,0.75
20.08.2021 01:24:10.161,1.36389,1.3638100000000002,0.82,0.94
20.08.2021 01:24:11.857,1.36389,1.36382,0.82,0.75
20.08.2021 01:24:12.673,1.36389,1.3638100000000002,0.82,0.94
20.08.2021 01:24:12.928,1.3639000000000001,1.36383,0.1,0.75
20.08.2021 01:24:13.080,1.3639100000000002,1.36383,1.2,0.75
20.08.2021 01:24:14.408,1.3639100000000002,1.36382,0.1,0.75
20.08.2021 01:24:15.084,1.3639100000000002,1.36383,1.2,0.75
20.08.2021 01:24:20.265,1.3639000000000001,1.36383,0.75,0.75
20.08.2021 01:24:21.451,1.3639200000000002,1.36382,1.57,0.75
20.08.2021 01:24:24.963,1.3639000000000001,1.36383,0.1,0.75
20.08.2021 01:24:29.570,1.3639200000000002,1.36382,1.2,0.75
20.08.2021 01:24:30.544,1.3639100000000002,1.36382,0.1,0.75
20.08.2021 01:24:30.645,1.3639100000000002,1.3638100000000002,1.2,0.75
20.08.2021 01:24:30.746,1.3639000000000001,1.3638100000000002,0.1,0.75
20.08.2021 01:24:41.656,1.36389,1.3638100000000002,0.45,0.94
20.08.2021 01:24:41.759,1.36388,1.3638100000000002,0.1,0.75
20.08.2021 01:24:42.018,1.3638700000000001,1.3638100000000002,0.1,0.75
20.08.2021 01:24:42.121,1.3638700000000001,1.3638000000000001,0.1,0.75
20.08.2021 01:24:44.119,1.36382,1.36374,1.12,0.75
20.08.2021 01:24:44.221,1.3638100000000002,1.36374,0.45,0.75
20.08.2021 01:24:44.322,1.36379,1.36375,0.1,0.75
20.08.2021 01:24:46.058,1.36379,1.3637100000000002,0.1,0.75
20.08.2021 01:24:46.312,1.36378,1.3637000000000001,0.1,0.75
20.08.2021 01:24:48.598,1.3637700000000001,1.3637000000000001,0.1,0.75
20.08.2021 01:24:49.793,1.3637700000000001,1.36368,0.1,0.75
20.08.2021 01:24:49.895,1.36376,1.3636700000000002,0.82,0.75
20.08.2021 01:24:49.996,1.36375,1.3636700000000002,0.1,0.75
20.08.2021 01:24:51.202,1.36376,1.36369,0.1,0.75
20.08.2021 01:24:51.304,1.3637700000000001,1.36369,0.1,0.75
20.08.2021 01:24:52.665,1.36378,1.36369,0.1,0.94
20.08.2021 01:24:56.619,1.36379,1.36369,0.1,0.75
20.08.2021 01:24:57.951,1.36379,1.3637000000000001,0.1,0.75
20.08.2021 01:24:59.066,1.36378,1.36369,0.1,0.94
20.08.2021 01:25:00.024,1.36379,1.36369,1.95,0.94
20.08.2021 01:25:00.709,1.36379,1.36368,0.1,0.19
20.08.2021 01:25:05.556,1.36379,1.36369,2.7,0.19
20.08.2021 01:25:09.689,1.36379,1.3637000000000001,0.75,0.75
20.08.2021 01:25:11.466,1.36379,1.36372,0.75,0.75
20.08.2021 01:25:11.909,1.36379,1.3637100000000002,0.75,0.75
20.08.2021 01:25:18.778,1.36379,1.3637000000000001,0.75,0.75
20.08.2021 01:25:34.271,1.3638100000000002,1.3637100000000002,0.1,1.69
20.08.2021 01:25:34.322,1.36382,1.3637299999999999,1.2,0.75
20.08.2021 01:25:34.525,1.3638000000000001,1.3637100000000002,1.12,1.01
20.08.2021 01:25:46.516,1.3638100000000002,1.3637100000000002,0.82,0.75
20.08.2021 01:25:57.399,1.3638100000000002,1.3637000000000001,0.82,0.94
20.08.2021 01:26:01.074,1.3638000000000001,1.3637000000000001,0.75,0.94
20.08.2021 01:26:07.023,1.36385,1.36376,0.45,0.75
20.08.2021 01:26:07.125,1.36385,1.3637700000000001,0.75,0.94
20.08.2021 01:26:07.277,1.36384,1.36379,0.75,0.94
20.08.2021 01:26:07.328,1.36388,1.36378,0.75,0.94
20.08.2021 01:26:08.292,1.36389,1.36378,1.2,0.94
20.08.2021 01:26:29.226,1.36389,1.36379,1.2,1.76
20.08.2021 01:26:39.641,1.3639000000000001,1.3638000000000001,0.1,0.19
20.08.2021 01:26:47.468,1.3639100000000002,1.3638000000000001,0.1,0.94
20.08.2021 01:26:47.966,1.3639200000000002,1.36386,1.12,2.44
20.08.2021 01:26:48.068,1.36394,1.36388,0.75,0.75
20.08.2021 01:26:48.389,1.3639700000000001,1.36388,0.1,0.75
20.08.2021 01:26:49.863,1.36396,1.36386,0.1,1.69
20.08.2021 01:26:49.965,1.36395,1.36386,0.1,1.69
20.08.2021 01:26:51.897,1.36394,1.36386,0.1,0.94
20.08.2021 01:27:00.408,1.3639100000000002,1.36384,0.82,0.19
20.08.2021 01:27:00.459,1.3639000000000001,1.3638100000000002,0.45,2.51
20.08.2021 01:27:00.560,1.3639000000000001,1.3638000000000001,0.1,0.19
20.08.2021 01:27:00.662,1.36388,1.3638100000000002,0.1,0.19
20.08.2021 01:27:02.662,1.36388,1.3638000000000001,0.1,0.94
20.08.2021 01:27:03.263,1.3638700000000001,1.3638000000000001,0.1,0.94
20.08.2021 01:27:07.059,1.36388,1.36378,0.1,0.19
20.08.2021 01:27:08.772,1.36388,1.3637700000000001,0.1,0.94
20.08.2021 01:27:08.874,1.36385,1.3637700000000001,0.1,0.75
20.08.2021 01:27:08.976,1.36385,1.36376,0.1,1.69
20.08.2021 01:27:09.802,1.3638700000000001,1.36376,0.1,0.19
20.08.2021 01:27:12.555,1.36388,1.36376,1.57,0.26
20.08.2021 01:27:12.967,1.3638700000000001,1.36378,0.82,0.75
20.08.2021 01:27:26.992,1.36388,1.36378,0.82,1.01
20.08.2021 01:27:29.926,1.36389,1.36378,0.82,0.19
20.08.2021 01:27:30.957,1.36389,1.36379,0.1,0.19
20.08.2021 01:27:33.483,1.36389,1.3638000000000001,0.45,0.19
20.08.2021 01:27:34.194,1.3639000000000001,1.3638000000000001,1.95,0.19
20.08.2021 01:27:37.356,1.36393,1.36382,0.37,0.82
20.08.2021 01:27:37.407,1.36394,1.36384,0.75,1.76
20.08.2021 01:27:40.349,1.36395,1.36385,1.57,0.75
20.08.2021 01:27:47.725,1.36395,1.36386,0.82,0.75
20.08.2021 01:27:54.448,1.36394,1.36386,0.75,0.75
20.08.2021 01:27:54.549,1.3639700000000001,1.36388,0.75,0.19
20.08.2021 01:27:54.651,1.36398,1.36388,0.75,0.75
20.08.2021 01:28:00.879,1.3639700000000001,1.3639000000000001,0.75,0.19
20.08.2021 01:28:01.182,1.36399,1.3639000000000001,0.75,1.01
20.08.2021 01:28:11.055,1.364,1.3639000000000001,0.75,0.19
20.08.2021 01:28:11.311,1.3640100000000002,1.3639000000000001,0.82,0.19
20.08.2021 01:28:11.412,1.3640100000000002,1.3639100000000002,3.07,0.19
20.08.2021 01:28:14.105,1.3640100000000002,1.3639000000000001,0.37,0.19
20.08.2021 01:28:14.579,1.364,1.3639000000000001,1.2,0.19
20.08.2021 01:28:30.718,1.364,1.36389,1.2,1.69
20.08.2021 01:28:31.530,1.36403,1.36394,1.5,0.75
20.08.2021 01:28:31.582,1.3640200000000002,1.36393,0.75,1.12
20.08.2021 01:28:31.735,1.36404,1.3639200000000002,0.1,1.87
20.08.2021 01:28:31.889,1.36403,1.36394,0.1,0.75
20.08.2021 01:28:32.196,1.36404,1.36395,2.51,1.5
20.08.2021 01:28:32.639,1.3640700000000001,1.3639700000000001,0.1,1.5
20.08.2021 01:28:32.791,1.36408,1.36399,1.2,0.75
20.08.2021 01:28:33.210,1.36408,1.364,1.12,0.75
20.08.2021 01:28:35.829,1.3641,1.36399,1.2,0.75
20.08.2021 01:28:36.657,1.36409,1.3640100000000002,1.2,0.75
20.08.2021 01:28:37.288,1.3641,1.3640100000000002,0.37,0.75
20.08.2021 01:28:53.928,1.3641,1.364,0.37,1.5
20.08.2021 01:28:54.792,1.3641,1.3640100000000002,0.37,0.75
20.08.2021 01:29:00.158,1.3641100000000002,1.3640100000000002,0.37,0.75
20.08.2021 01:29:02.988,1.3641,1.36403,0.37,0.75
20.08.2021 01:29:06.379,1.3641100000000002,1.36403,2.32,0.75
20.08.2021 01:29:07.675,1.3641,1.36403,0.37,0.75
20.08.2021 01:29:07.776,1.3641100000000002,1.36403,2.14,0.75
20.08.2021 01:29:08.079,1.3641200000000002,1.36405,2.14,0.75
20.08.2021 01:29:08.528,1.3641400000000001,1.36405,0.75,0.75
20.08.2021 01:29:08.579,1.36416,1.36405,1.57,0.75
20.08.2021 01:29:08.630,1.36416,1.3641,1.57,0.75
20.08.2021 01:29:14.450,1.36415,1.3641,2.06,0.75
20.08.2021 01:29:17.711,1.36416,1.3641,0.1,0.75
20.08.2021 01:29:18.509,1.36416,1.36409,0.1,0.75
20.08.2021 01:29:20.798,1.36415,1.36409,0.1,0.75
20.08.2021 01:29:26.376,1.36416,1.3640700000000001,0.1,0.75
20.08.2021 01:29:30.109,1.36415,1.3640700000000001,0.1,0.75
20.08.2021 01:29:32.513,1.36413,1.36405,1.5,0.75
20.08.2021 01:29:32.615,1.36413,1.36406,1.5,0.75
20.08.2021 01:29:32.666,1.36415,1.36406,0.45,0.75
20.08.2021 01:29:32.768,1.36416,1.36406,0.1,0.75
20.08.2021 01:29:33.484,1.36416,1.3640700000000001,1.2,0.75
20.08.2021 01:29:45.566,1.36415,1.3640700000000001,0.1,0.75
20.08.2021 01:29:45.718,1.3641100000000002,1.3640200000000002,0.82,1.2
20.08.2021 01:29:45.820,1.3641100000000002,1.3640100000000002,1.57,1.5
20.08.2021 01:29:45.978,1.3641100000000002,1.364,0.1,1.5
20.08.2021 01:29:47.174,1.36409,1.3640100000000002,0.37,1.5
20.08.2021 01:29:48.153,1.3641,1.3640100000000002,0.45,1.5
20.08.2021 01:29:49.256,1.3641,1.3640200000000002,1.12,0.75
20.08.2021 01:29:52.240,1.3641200000000002,1.3640100000000002,1.57,0.75
20.08.2021 01:29:53.290,1.3641100000000002,1.3640100000000002,0.37,0.75
20.08.2021 01:29:59.219,1.36409,1.3640200000000002,0.37,0.75
20.08.2021 01:30:00.122,1.3641,1.3640200000000002,0.37,0.75
20.08.2021 01:30:00.443,1.3641100000000002,1.364,0.37,1.5
20.08.2021 01:30:01.854,1.36409,1.3640100000000002,0.37,0.75
20.08.2021 01:30:01.955,1.3641,1.36399,0.37,1.5
20.08.2021 01:30:07.138,1.36408,1.364,0.1,0.75
20.08.2021 01:30:08.969,1.3641,1.36399,1.12,0.75
20.08.2021 01:30:13.525,1.36408,1.36398,0.75,0.75
20.08.2021 01:30:15.180,1.36409,1.36398,1.95,2.06
20.08.2021 01:30:18.916,1.36408,1.36398,0.75,0.75
20.08.2021 01:30:18.967,1.3640700000000001,1.36395,0.56,0.75
20.08.2021 01:30:19.069,1.36404,1.36395,2.06,0.75
20.08.2021 01:30:19.119,1.364,1.3639100000000002,0.75,0.75
20.08.2021 01:30:19.272,1.364,1.3639000000000001,0.45,0.75
20.08.2021 01:30:19.373,1.36399,1.36389,0.45,1.69
20.08.2021 01:30:23.358,1.36399,1.36388,0.75,0.94
20.08.2021 01:30:24.145,1.36393,1.36389,0.37,0.75
20.08.2021 01:30:24.196,1.36393,1.36385,0.37,0.82
20.08.2021 01:30:24.247,1.3639200000000002,1.36384,0.37,0.45
20.08.2021 01:30:24.298,1.3639100000000002,1.3638100000000002,1.12,0.37
20.08.2021 01:30:24.399,1.3639000000000001,1.3638100000000002,1.2,1.5
20.08.2021 01:30:31.510,1.3639000000000001,1.36379,0.64,0.75
20.08.2021 01:30:31.814,1.36388,1.36379,2.7,0.75
20.08.2021 01:30:31.864,1.36386,1.3637700000000001,0.1,0.75
20.08.2021 01:30:32.117,1.36386,1.36376,0.1,0.75
20.08.2021 01:30:33.325,1.36389,1.36378,0.1,0.75
20.08.2021 01:30:33.426,1.3639000000000001,1.36378,1.2,0.75
20.08.2021 01:30:33.528,1.36389,1.3638000000000001,0.45,0.75
20.08.2021 01:30:34.702,1.3639000000000001,1.3638000000000001,0.45,1.5
