Gmt time,Ask,Bid,AskVolume,BidVolume
10.08.2021 00:00:00.058,1.38471,1.3846500000000002,0.1,0.75
10.08.2021 00:00:00.159,1.3847200000000002,1.3846100000000001,0.1,0.75
10.08.2021 00:00:00.261,1.3847,1.3846200000000002,0.1,0.75
10.08.2021 00:00:00.362,1.38471,1.3846,0.1,1.5
10.08.2021 00:00:00.466,1.38469,1.3846100000000001,0.1,0.75
10.08.2021 00:00:00.943,1.3847,1.38459,0.1,0.75
10.08.2021 00:00:01.618,1.3847,1.3846,0.1,0.94
10.08.2021 00:00:04.504,1.38471,1.3846,0.1,0.75
10.08.2021 00:00:05.070,1.3847,1.3846200000000002,0.1,0.75
10.08.2021 00:00:06.719,1.3847200000000002,1.3846100000000001,0.1,0.75
10.08.2021 00:00:07.310,1.3847200000000002,1.38463,0.1,0.94
10.08.2021 00:00:07.411,1.3847600000000002,1.38468,0.1,0.19
10.08.2021 00:00:07.512,1.3847600000000002,1.38469,0.1,0.75
10.08.2021 00:00:07.614,1.38478,1.38468,0.1,0.75
10.08.2021 00:00:09.019,1.3847500000000001,1.38464,1.2,0.94
10.08.2021 00:00:09.120,1.38474,1.38464,0.1,0.75
10.08.2021 00:00:09.475,1.38473,1.38464,0.1,0.75
10.08.2021 00:00:10.198,1.3847200000000002,1.38464,0.1,0.75
10.08.2021 00:00:10.453,1.38473,1.3846200000000002,0.1,1.69
10.08.2021 00:00:11.090,1.38471,1.38463,0.1,1.5
10.08.2021 00:00:11.454,1.38471,1.3846200000000002,0.1,0.75
10.08.2021 00:00:13.810,1.3847,1.3846200000000002,0.1,1.5
10.08.2021 00:00:17.096,1.3847200000000002,1.3846200000000002,0.1,0.75
10.08.2021 00:00:22.127,1.3847200000000002,1.38463,0.1,0.75
10.08.2021 00:00:30.104,1.3847200000000002,1.38464,0.1,0.75
10.08.2021 00:00:30.315,1.3847200000000002,1.3846500000000002,0.1,0.75
10.08.2021 00:00:40.094,1.38474,1.38466,0.75,0.75
10.08.2021 00:00:40.145,1.38477,1.38466,0.82,0.75
10.08.2021 00:00:45.306,1.3848,1.38471,3,1.5
10.08.2021 00:00:45.407,1.38481,1.3847200000000002,0.1,0.75
10.08.2021 00:00:49.428,1.38479,1.38469,1.2,0.75
10.08.2021 00:00:49.529,1.38477,1.38469,0.1,0.75
10.08.2021 00:00:50.008,1.38477,1.38468,0.1,0.75
10.08.2021 00:00:51.401,1.38477,1.38467,1.5,0.75
10.08.2021 00:00:51.553,1.38477,1.38467,1.57,0.75
10.08.2021 00:00:52.010,1.38477,1.3847,0.19,0.75
10.08.2021 00:00:52.061,1.3848,1.3847200000000002,3.45,0.75
10.08.2021 00:00:52.162,1.38481,1.3847200000000002,1.39,0.75
10.08.2021 00:01:00.302,1.38477,1.38469,1.12,0.75
10.08.2021 00:01:00.454,1.3848,1.38471,4.5,0.75
10.08.2021 00:01:00.555,1.38481,1.38471,0.19,0.75
10.08.2021 00:01:00.762,1.38481,1.3847200000000002,0.19,0.75
10.08.2021 00:01:02.169,1.3848200000000002,1.3847200000000002,0.19,0.75
10.08.2021 00:01:02.511,1.38481,1.3847200000000002,0.26,0.75
10.08.2021 00:01:02.613,1.38481,1.38473,0.26,0.75
10.08.2021 00:01:05.330,1.3848200000000002,1.38471,0.26,0.75
10.08.2021 00:01:06.376,1.3848,1.3847200000000002,0.1,0.75
10.08.2021 00:01:07.599,1.38474,1.38469,1.31,0.75
10.08.2021 00:01:07.651,1.38474,1.3846500000000002,2.14,5.06
10.08.2021 00:01:07.753,1.38474,1.38463,1.57,8.25
10.08.2021 00:01:07.854,1.3847200000000002,1.38463,0.82,0.75
10.08.2021 00:01:08.005,1.3847200000000002,1.3846200000000002,0.1,0.75
10.08.2021 00:01:11.915,1.38473,1.3846200000000002,0.45,0.75
10.08.2021 00:01:15.707,1.38471,1.38463,0.1,0.75
10.08.2021 00:01:35.050,1.3847,1.38463,0.1,0.75
10.08.2021 00:01:42.094,1.3847200000000002,1.3846200000000002,0.1,0.75
10.08.2021 00:01:42.853,1.38473,1.3846200000000002,0.1,0.75
10.08.2021 00:01:48.002,1.38471,1.38463,0.1,0.75
10.08.2021 00:01:51.605,1.3847,1.38463,0.1,0.75
10.08.2021 00:01:54.490,1.3847,1.3846200000000002,0.1,0.75
10.08.2021 00:01:55.795,1.38469,1.3846,0.1,0.94
10.08.2021 00:01:57.043,1.38468,1.3846,0.1,0.75
10.08.2021 00:02:00.417,1.3847,1.3846,0.1,0.75
10.08.2021 00:02:00.570,1.38469,1.3846,0.1,0.94
10.08.2021 00:02:04.620,1.38464,1.3845500000000002,0.75,0.37
10.08.2021 00:02:04.722,1.3846,1.3845200000000002,0.1,8.44
10.08.2021 00:02:05.807,1.38459,1.3845100000000001,0.1,1.5
10.08.2021 00:02:05.908,1.3846,1.3845100000000001,0.1,0.75
10.08.2021 00:02:16.089,1.3846100000000001,1.3845100000000001,0.1,1.5
10.08.2021 00:02:16.191,1.38463,1.38457,0.19,0.75
10.08.2021 00:02:16.242,1.38466,1.38456,5.7,0.75
10.08.2021 00:02:16.663,1.38463,1.38456,0.1,0.75
10.08.2021 00:02:17.237,1.38463,1.3845200000000002,0.1,1.5
10.08.2021 00:02:17.338,1.3846200000000002,1.3845200000000002,0.1,1.5
10.08.2021 00:02:22.917,1.3846200000000002,1.38453,0.82,0.75
10.08.2021 00:02:23.681,1.3846200000000002,1.3845500000000002,0.82,0.75
10.08.2021 00:02:23.884,1.38463,1.38453,0.82,0.75
10.08.2021 00:02:23.985,1.3846200000000002,1.38453,0.82,1.69
10.08.2021 00:02:24.469,1.3846200000000002,1.3845200000000002,0.1,1.69
10.08.2021 00:02:24.621,1.3846200000000002,1.38453,0.82,1.69
10.08.2021 00:02:25.417,1.3846200000000002,1.38454,0.1,0.75
10.08.2021 00:02:27.030,1.38463,1.38454,0.82,0.75
10.08.2021 00:02:27.879,1.3846200000000002,1.38454,0.82,0.75
10.08.2021 00:02:27.981,1.3846200000000002,1.38453,0.82,1.69
10.08.2021 00:02:28.730,1.38463,1.38453,0.82,0.75
10.08.2021 00:02:28.832,1.38463,1.38454,0.82,0.75
10.08.2021 00:02:30.231,1.38463,1.38453,0.75,2.44
10.08.2021 00:02:30.433,1.3846200000000002,1.38453,0.75,2.44
10.08.2021 00:02:30.815,1.3846200000000002,1.38454,0.75,0.75
10.08.2021 00:02:30.917,1.38463,1.38454,0.75,0.75
10.08.2021 00:02:33.695,1.38464,1.3845200000000002,1.2,2.44
10.08.2021 00:02:38.555,1.3846200000000002,1.38453,0.75,1.69
10.08.2021 00:02:41.484,1.3846100000000001,1.38453,0.75,0.94
10.08.2021 00:02:41.747,1.3846100000000001,1.3845200000000002,0.75,0.94
10.08.2021 00:02:45.874,1.3846,1.3845200000000002,0.75,0.94
10.08.2021 00:02:56.535,1.3846,1.3845100000000001,0.82,0.75
10.08.2021 00:02:57.953,1.3845500000000002,1.38446,1.57,3
10.08.2021 00:02:58.005,1.38453,1.38446,0.1,0.75
10.08.2021 00:02:58.108,1.3845200000000002,1.38446,0.82,0.75
10.08.2021 00:02:59.067,1.38453,1.38448,0.82,0.75
10.08.2021 00:02:59.172,1.3845500000000002,1.38448,0.75,0.75
10.08.2021 00:03:00.002,1.38457,1.38448,1.2,0.75
10.08.2021 00:03:02.196,1.38457,1.3845,0.1,0.75
10.08.2021 00:03:02.248,1.38457,1.38447,0.82,0.75
10.08.2021 00:03:02.915,1.3845200000000002,1.38445,0.75,0.75
10.08.2021 00:03:03.016,1.3845200000000002,1.38443,0.82,0.75
10.08.2021 00:03:04.407,1.3845,1.38443,0.1,1.5
10.08.2021 00:03:04.712,1.3845100000000001,1.38443,0.82,0.75
10.08.2021 00:03:07.058,1.3845,1.38443,0.1,0.75
10.08.2021 00:03:07.950,1.3845100000000001,1.3844,0.1,1.69
10.08.2021 00:03:27.195,1.38445,1.38435,1.87,1.69
10.08.2021 00:03:27.246,1.38443,1.3843400000000001,1.2,9
10.08.2021 00:03:27.298,1.38445,1.38435,0.1,0.75
10.08.2021 00:03:27.401,1.38445,1.3843400000000001,0.82,0.37
10.08.2021 00:03:27.502,1.38446,1.38438,0.26,0.75
10.08.2021 00:03:28.828,1.38446,1.38437,0.82,0.94
10.08.2021 00:03:28.930,1.38447,1.38437,1.2,0.75
10.08.2021 00:03:29.236,1.38447,1.38439,0.1,0.75
10.08.2021 00:03:31.766,1.38449,1.38438,0.1,1.69
10.08.2021 00:03:35.673,1.38445,1.38437,0.37,0.19
10.08.2021 00:03:35.724,1.38445,1.38435,0.1,0.19
10.08.2021 00:03:35.827,1.3844400000000001,1.3843400000000001,0.1,0.75
10.08.2021 00:03:35.929,1.3844200000000002,1.38435,0.1,0.75
10.08.2021 00:03:38.902,1.38445,1.38438,0.1,1.5
10.08.2021 00:03:39.786,1.38447,1.38437,0.1,0.75
10.08.2021 00:03:45.712,1.38446,1.38439,0.1,0.75
10.08.2021 00:03:49.984,1.3844400000000001,1.3843400000000001,0.1,1.5
10.08.2021 00:03:50.085,1.38445,1.3843400000000001,0.1,1.5
10.08.2021 00:03:50.187,1.38445,1.38436,0.1,0.94
10.08.2021 00:03:50.288,1.38446,1.38437,0.1,0.75
10.08.2021 00:04:00.533,1.38445,1.38437,0.1,0.75
10.08.2021 00:04:00.635,1.38446,1.38437,0.1,0.75
10.08.2021 00:04:01.510,1.3844400000000001,1.38437,0.1,0.75
10.08.2021 00:04:01.611,1.38443,1.38436,0.1,1.5
10.08.2021 00:04:03.485,1.38443,1.38437,0.1,0.75
10.08.2021 00:04:03.556,1.38445,1.38437,0.1,0.75
10.08.2021 00:04:07.193,1.38445,1.38436,0.1,0.75
10.08.2021 00:04:11.021,1.3844100000000001,1.38433,0.1,3.75
10.08.2021 00:04:11.122,1.3844,1.3843200000000002,0.1,0.75
10.08.2021 00:04:14.664,1.3844,1.3843100000000002,0.1,0.75
10.08.2021 00:04:14.767,1.3843400000000001,1.38428,0.1,0.75
10.08.2021 00:04:14.818,1.38435,1.38426,1.2,0.94
10.08.2021 00:04:14.920,1.38436,1.3842700000000001,0.1,0.94
10.08.2021 00:04:15.073,1.38437,1.3842700000000001,0.82,0.94
10.08.2021 00:04:16.045,1.38436,1.3842700000000001,0.1,0.94
10.08.2021 00:04:17.155,1.38437,1.38428,0.1,0.94
10.08.2021 00:04:23.426,1.38437,1.38429,0.1,0.75
10.08.2021 00:04:23.670,1.3844,1.3843,0.1,0.94
10.08.2021 00:04:23.771,1.3844,1.3843200000000002,0.1,0.75
10.08.2021 00:04:25.364,1.3844,1.3843100000000002,0.1,0.75
10.08.2021 00:04:25.496,1.3844,1.3843200000000002,0.1,0.75
10.08.2021 00:04:28.766,1.3844,1.3843100000000002,0.1,0.75
10.08.2021 00:04:28.968,1.3844100000000001,1.3843100000000002,0.1,0.75
10.08.2021 00:04:29.713,1.3844,1.3843100000000002,0.1,0.75
10.08.2021 00:04:29.915,1.3844100000000001,1.3843100000000002,0.1,0.75
10.08.2021 00:04:35.637,1.3844200000000002,1.38433,0.1,0.75
10.08.2021 00:04:35.956,1.38443,1.38433,1.57,0.82
10.08.2021 00:04:38.154,1.3844100000000001,1.38433,0.1,0.75
10.08.2021 00:04:38.256,1.3844,1.38433,0.1,0.75
10.08.2021 00:04:40.376,1.3844100000000001,1.3843100000000002,0.1,0.94
10.08.2021 00:04:46.886,1.3844100000000001,1.3843200000000002,0.1,0.75
10.08.2021 00:04:52.475,1.3844,1.3843200000000002,0.1,0.75
10.08.2021 00:05:00.499,1.3844,1.3843,0.1,0.94
10.08.2021 00:05:02.913,1.38439,1.3843,0.1,0.94
10.08.2021 00:05:03.268,1.3844100000000001,1.38429,0.82,1.95
10.08.2021 00:05:03.928,1.38439,1.3843,0.1,1.87
10.08.2021 00:05:04.079,1.3844100000000001,1.38429,0.82,1.95
10.08.2021 00:05:04.637,1.38439,1.3843,0.1,1.87
10.08.2021 00:05:05.687,1.3844,1.3843,0.1,0.75
10.08.2021 00:05:06.043,1.3844100000000001,1.3843,0.1,0.75
10.08.2021 00:05:07.779,1.3844,1.38429,0.1,0.75
10.08.2021 00:05:07.933,1.38439,1.3843100000000002,0.1,0.75
10.08.2021 00:05:12.549,1.38439,1.3843,0.1,0.75
10.08.2021 00:05:12.651,1.3844,1.3843,0.1,0.75
10.08.2021 00:05:13.300,1.38438,1.38429,0.1,2.62
10.08.2021 00:05:13.560,1.38438,1.3843,0.1,0.75
10.08.2021 00:05:14.673,1.38439,1.3843,0.1,0.75
10.08.2021 00:05:14.776,1.3844,1.3843,0.1,0.75
10.08.2021 00:05:17.995,1.38437,1.3843100000000002,0.37,0.75
10.08.2021 00:05:18.097,1.3843400000000001,1.38423,0.45,1.69
10.08.2021 00:05:18.199,1.3843200000000002,1.3842400000000001,0.1,1.69
10.08.2021 00:05:18.769,1.38433,1.3842200000000002,0.1,1.69
10.08.2021 00:05:19.373,1.3843200000000002,1.38425,0.1,0.75
10.08.2021 00:05:19.708,1.3843200000000002,1.38423,0.1,1.69
10.08.2021 00:05:26.284,1.3843400000000001,1.38425,1.57,1.69
10.08.2021 00:05:26.385,1.38433,1.38426,0.75,0.94
10.08.2021 00:05:26.436,1.38438,1.38426,2.77,0.94
10.08.2021 00:05:26.538,1.38437,1.38428,0.75,0.19
10.08.2021 00:05:28.121,1.38436,1.38428,1.5,0.19
10.08.2021 00:05:28.337,1.38436,1.3842700000000001,1.5,0.94
10.08.2021 00:05:28.438,1.38438,1.38426,0.82,0.94
10.08.2021 00:05:38.237,1.38437,1.38429,0.1,0.94
10.08.2021 00:05:38.288,1.3844,1.3843,4.2,0.94
10.08.2021 00:05:38.338,1.38435,1.38429,0.75,0.94
10.08.2021 00:05:39.453,1.3844,1.3843,0.82,0.94
10.08.2021 00:05:47.187,1.38438,1.3843,0.75,0.19
10.08.2021 00:05:47.342,1.38438,1.38429,0.75,1.69
10.08.2021 00:05:48.920,1.38439,1.3843,0.82,0.19
10.08.2021 00:05:49.076,1.3844,1.3843,1.57,0.94
10.08.2021 00:05:51.060,1.3844,1.38429,0.82,0.19
10.08.2021 00:05:51.213,1.38437,1.3843,0.1,0.19
10.08.2021 00:05:53.848,1.3843,1.38426,0.75,0.94
10.08.2021 00:05:53.949,1.3843,1.3842400000000001,0.75,1.01
10.08.2021 00:05:54.963,1.3843400000000001,1.38423,2.7,0.19
10.08.2021 00:05:55.065,1.3843200000000002,1.3842400000000001,0.1,0.19
10.08.2021 00:05:57.773,1.38435,1.38426,0.82,1.12
10.08.2021 00:05:57.824,1.38437,1.3842700000000001,1.5,0.75
10.08.2021 00:05:58.028,1.38437,1.38428,1.5,0.75
10.08.2021 00:05:58.380,1.38437,1.38429,0.1,0.75
10.08.2021 00:06:06.138,1.3844,1.38429,0.1,1.12
10.08.2021 00:06:06.240,1.3844100000000001,1.38429,0.82,1.12
10.08.2021 00:06:09.773,1.3844,1.3843100000000002,0.82,0.75
10.08.2021 00:06:09.875,1.3844,1.3843,0.82,1.12
10.08.2021 00:06:09.978,1.3844100000000001,1.3843200000000002,0.1,0.75
10.08.2021 00:06:10.081,1.3844200000000002,1.3843200000000002,0.82,0.94
10.08.2021 00:06:24.300,1.3844400000000001,1.3843400000000001,0.82,0.94
10.08.2021 00:06:24.402,1.38447,1.38437,0.82,0.19
10.08.2021 00:06:28.207,1.38447,1.38439,0.1,0.94
10.08.2021 00:06:28.308,1.38448,1.38439,0.1,0.94
10.08.2021 00:06:28.410,1.38449,1.3844,0.82,0.19
10.08.2021 00:06:31.507,1.3845,1.3844100000000001,1.57,0.19
10.08.2021 00:06:43.540,1.3845200000000002,1.3844,1.57,1.01
10.08.2021 00:06:46.423,1.3845200000000002,1.3844100000000001,0.1,0.75
10.08.2021 00:06:46.525,1.3845200000000002,1.3844200000000002,1.57,0.82
10.08.2021 00:06:46.637,1.38446,1.3844200000000002,0.75,0.82
10.08.2021 00:06:46.978,1.38453,1.3844100000000001,1.57,0.82
10.08.2021 00:06:48.469,1.3845100000000001,1.3844200000000002,0.1,0.75
10.08.2021 00:06:55.724,1.3845100000000001,1.3844100000000001,0.1,0.75
10.08.2021 00:06:55.946,1.3845,1.3844100000000001,0.1,1.69
10.08.2021 00:07:09.521,1.3845100000000001,1.3844100000000001,0.1,0.75
10.08.2021 00:07:13.285,1.3845100000000001,1.3844200000000002,0.1,0.75
10.08.2021 00:07:14.849,1.3845100000000001,1.3844100000000001,0.1,0.75
10.08.2021 00:07:58.984,1.3845100000000001,1.38439,0.82,0.82
10.08.2021 00:08:06.871,1.38445,1.38438,0.82,0.75
10.08.2021 00:08:06.972,1.3844100000000001,1.3843200000000002,0.75,0.94
10.08.2021 00:08:07.976,1.3844,1.3843200000000002,1.5,0.19
10.08.2021 00:08:16.472,1.3844,1.3843100000000002,0.82,0.19
10.08.2021 00:08:19.494,1.3844,1.3843,0.75,0.19
10.08.2021 00:08:21.304,1.38438,1.3843100000000002,0.75,0.19
10.08.2021 00:08:22.129,1.38439,1.3843100000000002,0.82,0.19
10.08.2021 00:08:28.979,1.38443,1.38436,0.75,0.94
10.08.2021 00:08:29.081,1.38447,1.38439,0.75,0.19
10.08.2021 00:08:29.183,1.38447,1.3844,0.75,0.19
10.08.2021 00:08:30.046,1.38449,1.3844,0.75,0.19
10.08.2021 00:08:39.617,1.38449,1.3844200000000002,0.75,0.19
10.08.2021 00:08:44.222,1.3845,1.3844200000000002,0.75,0.19
10.08.2021 00:08:47.497,1.3845200000000002,1.3844100000000001,0.75,0.19
10.08.2021 00:08:48.939,1.38449,1.3844200000000002,0.75,0.19
10.08.2021 00:08:51.108,1.38447,1.3844,0.75,1.01
10.08.2021 00:08:58.055,1.38448,1.3844,0.75,1.01
10.08.2021 00:09:01.301,1.38447,1.3844,0.75,0.75
10.08.2021 00:09:01.403,1.38447,1.38439,0.75,0.75
10.08.2021 00:09:04.089,1.38447,1.3844,0.75,0.75
10.08.2021 00:09:07.110,1.38448,1.3844,0.75,0.75
10.08.2021 00:09:16.830,1.38447,1.3844,0.75,0.75
10.08.2021 00:09:16.931,1.38447,1.38438,1.5,0.75
10.08.2021 00:09:36.240,1.38448,1.3844,0.75,0.75
10.08.2021 00:09:50.327,1.38447,1.38439,1.5,0.75
10.08.2021 00:09:50.429,1.38447,1.38438,0.75,0.75
10.08.2021 00:09:50.479,1.38446,1.38437,0.75,0.75
10.08.2021 00:09:50.581,1.38446,1.38436,1.5,0.94
10.08.2021 00:09:51.136,1.3844200000000002,1.38435,0.75,0.37
10.08.2021 00:09:51.239,1.3844200000000002,1.38433,1.5,0.75
10.08.2021 00:09:56.198,1.3844200000000002,1.3843200000000002,0.75,0.94
10.08.2021 00:10:02.624,1.3844100000000001,1.3843400000000001,0.75,1.31
10.08.2021 00:10:02.727,1.38446,1.38438,0.75,0.19
10.08.2021 00:10:02.777,1.38448,1.38438,0.75,0.19
10.08.2021 00:10:09.221,1.38448,1.38439,0.75,0.19
10.08.2021 00:10:14.203,1.38448,1.3844,0.75,0.19
10.08.2021 00:10:14.851,1.38449,1.3844,0.75,0.19
10.08.2021 00:10:22.021,1.38448,1.3844,0.75,0.94
10.08.2021 00:10:25.797,1.38448,1.38438,1.5,0.19
10.08.2021 00:10:32.203,1.38448,1.38439,0.75,0.94
10.08.2021 00:10:38.076,1.38449,1.38439,0.75,0.19
10.08.2021 00:10:45.480,1.3845,1.38438,0.75,1.57
10.08.2021 00:10:49.765,1.38449,1.3844100000000001,0.75,0.37
10.08.2021 00:10:52.264,1.3845,1.38439,0.75,1.2
10.08.2021 00:10:56.102,1.38449,1.3844100000000001,0.75,0.19
10.08.2021 00:11:01.136,1.3845100000000001,1.3844,0.75,1.12
10.08.2021 00:11:07.390,1.38453,1.38443,1.5,0.19
10.08.2021 00:11:07.543,1.38454,1.38445,0.75,1.12
10.08.2021 00:11:14.822,1.3845100000000001,1.3844200000000002,0.75,0.75
10.08.2021 00:11:14.924,1.3845100000000001,1.3844100000000001,1.5,0.75
10.08.2021 00:11:21.921,1.3845,1.3844100000000001,0.75,0.75
10.08.2021 00:11:46.101,1.38453,1.3844100000000001,0.75,1.57
10.08.2021 00:11:46.386,1.3845100000000001,1.3844200000000002,0.75,0.82
10.08.2021 00:11:57.358,1.3845100000000001,1.3844100000000001,0.75,0.82
10.08.2021 00:12:02.305,1.3845,1.38439,0.75,1.76
10.08.2021 00:12:08.718,1.38448,1.38439,0.75,1.01
10.08.2021 00:12:09.533,1.3845,1.38438,0.75,1.76
10.08.2021 00:12:10.841,1.38447,1.38439,0.75,0.94
10.08.2021 00:12:14.941,1.38443,1.38435,0.75,0.45
10.08.2021 00:12:15.043,1.3844100000000001,1.38433,1.5,0.19
10.08.2021 00:12:15.774,1.3844100000000001,1.38436,0.75,1.87
10.08.2021 00:12:15.824,1.38447,1.38437,0.75,0.19
10.08.2021 00:12:15.926,1.38447,1.38438,0.75,0.19
10.08.2021 00:12:16.827,1.38447,1.38439,0.75,0.19
10.08.2021 00:12:16.928,1.38448,1.3844,0.75,0.19
10.08.2021 00:12:22.778,1.38447,1.38439,0.75,0.19
10.08.2021 00:12:26.541,1.38447,1.38438,0.75,2.7
10.08.2021 00:12:27.422,1.38447,1.38439,0.75,1.95
10.08.2021 00:12:27.473,1.3845,1.38439,1.5,0.1
10.08.2021 00:12:27.780,1.38449,1.3844100000000001,0.75,0.1
10.08.2021 00:12:27.831,1.38454,1.38446,0.1,0.37
10.08.2021 00:12:27.882,1.38456,1.38447,0.1,2.62
10.08.2021 00:12:27.983,1.38457,1.38448,1.5,0.75
10.08.2021 00:12:28.953,1.38456,1.38447,1.87,1.5
10.08.2021 00:12:29.156,1.38457,1.38448,0.75,0.94
10.08.2021 00:12:32.144,1.3845,1.38443,0.75,0.19
10.08.2021 00:12:32.196,1.38449,1.3844200000000002,0.75,0.19
10.08.2021 00:12:32.247,1.38447,1.3844100000000001,0.75,0.75
10.08.2021 00:12:32.901,1.3845,1.3844,0.75,0.75
10.08.2021 00:12:35.965,1.3845,1.3844200000000002,0.75,0.37
10.08.2021 00:12:36.067,1.3845,1.38443,0.75,0.19
10.08.2021 00:12:36.168,1.38453,1.38443,0.75,0.19
10.08.2021 00:12:36.320,1.38453,1.3844400000000001,0.75,0.19
10.08.2021 00:12:55.594,1.38449,1.3844100000000001,0.75,0.26
10.08.2021 00:12:55.695,1.38447,1.3844,0.75,2.51
10.08.2021 00:12:56.594,1.38449,1.3844,0.75,2.51
10.08.2021 00:13:03.829,1.3845,1.3844200000000002,0.75,0.1
10.08.2021 00:13:03.931,1.38453,1.38443,1.5,0.1
10.08.2021 00:13:04.033,1.38454,1.38447,0.75,0.75
10.08.2021 00:13:05.113,1.38458,1.38447,0.75,1.57
10.08.2021 00:13:43.668,1.38458,1.38449,0.75,0.1
10.08.2021 00:13:43.769,1.3846,1.38449,0.75,1.57
10.08.2021 00:13:45.968,1.38459,1.3845100000000001,0.75,0.1
10.08.2021 00:13:50.544,1.3846,1.38449,0.75,1.5
10.08.2021 00:14:02.911,1.3845500000000002,1.38446,2.06,0.75
10.08.2021 00:14:03.012,1.3845500000000002,1.3844400000000001,0.94,0.75
10.08.2021 00:14:04.556,1.3845100000000001,1.38443,0.75,0.75
10.08.2021 00:14:04.657,1.3845,1.3844200000000002,0.75,0.19
10.08.2021 00:14:04.758,1.3845,1.3844100000000001,0.75,1.5
10.08.2021 00:14:07.267,1.38453,1.3844400000000001,0.75,0.19
10.08.2021 00:14:21.377,1.38454,1.38445,0.75,0.94
10.08.2021 00:14:21.529,1.3845500000000002,1.38447,0.75,0.19
10.08.2021 00:14:21.942,1.38459,1.3845100000000001,0.1,0.56
10.08.2021 00:14:22.043,1.3846,1.3845100000000001,0.82,0.75
10.08.2021 00:14:22.196,1.3846100000000001,1.38457,0.75,0.19
10.08.2021 00:14:22.247,1.38464,1.38456,0.75,0.19
10.08.2021 00:14:22.298,1.38464,1.38454,2.89,0.75
10.08.2021 00:14:22.400,1.3846200000000002,1.38454,0.75,0.19
10.08.2021 00:14:23.555,1.38463,1.3845500000000002,0.75,0.75
10.08.2021 00:14:23.606,1.38466,1.38456,2.7,0.94
10.08.2021 00:14:24.591,1.38467,1.38456,1.87,0.19
10.08.2021 00:14:53.224,1.38463,1.38457,0.75,0.19
10.08.2021 00:14:53.325,1.3846100000000001,1.3845500000000002,1.5,0.94
10.08.2021 00:14:55.141,1.3846200000000002,1.3845500000000002,0.75,0.94
10.08.2021 00:14:55.627,1.3846200000000002,1.38453,1.5,0.19
10.08.2021 00:15:00.601,1.3846100000000001,1.38453,1.5,0.19
10.08.2021 00:15:00.753,1.3846100000000001,1.3845200000000002,1.5,0.94
10.08.2021 00:15:03.783,1.3846200000000002,1.3845200000000002,0.75,0.19
10.08.2021 00:15:03.884,1.3846200000000002,1.38453,0.75,0.19
10.08.2021 00:15:05.201,1.38464,1.3845200000000002,1.5,0.94
10.08.2021 00:15:07.746,1.3846100000000001,1.3845200000000002,0.75,0.19
10.08.2021 00:15:08.584,1.3846100000000001,1.3845100000000001,0.75,0.94
10.08.2021 00:15:13.413,1.3846100000000001,1.3845200000000002,0.75,0.94
10.08.2021 00:15:14.408,1.3846100000000001,1.3845100000000001,0.75,1.95
10.08.2021 00:15:14.762,1.3846200000000002,1.3845200000000002,0.75,1.87
10.08.2021 00:15:15.843,1.3846100000000001,1.3845200000000002,0.75,1.87
10.08.2021 00:15:16.046,1.3846200000000002,1.3845,1.5,0.94
10.08.2021 00:15:22.107,1.3846100000000001,1.3845200000000002,0.82,0.75
10.08.2021 00:15:26.769,1.3846,1.3845100000000001,0.75,0.94
10.08.2021 00:15:26.921,1.3846100000000001,1.3845100000000001,1.57,0.94
10.08.2021 00:15:32.203,1.3846100000000001,1.3845200000000002,0.75,0.75
10.08.2021 00:15:33.477,1.38463,1.3845100000000001,2.62,0.94
10.08.2021 00:15:33.579,1.3846100000000001,1.3845200000000002,1.5,0.19
10.08.2021 00:15:34.548,1.38463,1.3845100000000001,1.5,0.94
10.08.2021 00:15:34.700,1.3846200000000002,1.3845100000000001,1.57,0.19
10.08.2021 00:15:38.223,1.3846100000000001,1.3845100000000001,1.57,0.94
10.08.2021 00:15:38.325,1.38458,1.3845100000000001,0.75,0.19
10.08.2021 00:15:38.477,1.38458,1.3845,1.5,0.19
10.08.2021 00:15:41.267,1.38459,1.3845,1.5,0.19
10.08.2021 00:15:41.318,1.38463,1.3845100000000001,4.95,0.75
10.08.2021 00:15:41.369,1.3846100000000001,1.3845100000000001,0.75,0.75
10.08.2021 00:15:41.471,1.3846100000000001,1.38453,0.75,0.75
10.08.2021 00:15:41.623,1.3846,1.3845100000000001,0.75,0.94
10.08.2021 00:15:41.724,1.3846200000000002,1.3845200000000002,2.62,0.94
10.08.2021 00:15:41.826,1.3846200000000002,1.38453,0.75,0.94
10.08.2021 00:15:42.222,1.3846,1.38453,0.75,0.19
10.08.2021 00:15:43.068,1.3846100000000001,1.38453,0.75,0.94
10.08.2021 00:15:43.271,1.38463,1.38453,0.75,0.94
10.08.2021 00:15:45.416,1.38464,1.38453,0.75,0.75
10.08.2021 00:15:48.764,1.38463,1.38453,0.37,0.75
10.08.2021 00:15:49.610,1.38463,1.3845200000000002,1.12,0.94
10.08.2021 00:15:50.341,1.3846200000000002,1.3845200000000002,1.12,0.75
10.08.2021 00:16:00.142,1.3846200000000002,1.38453,0.75,0.75
10.08.2021 00:16:02.221,1.38463,1.3845100000000001,0.75,1.69
10.08.2021 00:16:08.201,1.3846200000000002,1.38453,1.5,0.75
10.08.2021 00:16:26.665,1.38463,1.38453,1.95,0.75
10.08.2021 00:16:30.615,1.38463,1.38453,0.75,0.75
10.08.2021 00:16:30.818,1.3846500000000002,1.38456,3.07,0.75
10.08.2021 00:16:35.238,1.38466,1.38456,2.32,0.75
10.08.2021 00:16:52.945,1.38463,1.38456,0.37,0.75
10.08.2021 00:16:52.996,1.38463,1.38453,1.2,0.75
10.08.2021 00:16:53.098,1.38463,1.3845200000000002,0.82,0.75
10.08.2021 00:16:55.052,1.3846200000000002,1.3845200000000002,1.57,1.12
10.08.2021 00:16:57.974,1.38464,1.3845200000000002,2.7,0.94
10.08.2021 00:16:58.076,1.38463,1.3845200000000002,0.75,1.12
10.08.2021 00:17:01.285,1.38463,1.38453,2.7,1.12
10.08.2021 00:17:02.849,1.3846200000000002,1.38453,0.75,1.12
10.08.2021 00:17:03.051,1.38464,1.38453,2.7,0.19
10.08.2021 00:17:04.889,1.38464,1.3845500000000002,0.75,0.94
10.08.2021 00:17:04.940,1.3846500000000002,1.38456,0.75,0.94
10.08.2021 00:17:05.092,1.38467,1.38457,1.57,0.75
10.08.2021 00:17:05.634,1.3847,1.3846,0.75,0.75
10.08.2021 00:17:05.686,1.3847,1.38458,2.32,0.94
10.08.2021 00:17:05.889,1.38469,1.38458,0.1,0.75
10.08.2021 00:17:14.794,1.38469,1.3846100000000001,2.7,0.75
10.08.2021 00:17:18.807,1.38471,1.3846100000000001,1.95,0.75
10.08.2021 00:17:18.909,1.38473,1.3846100000000001,2.7,0.75
10.08.2021 00:17:19.688,1.38471,1.3846100000000001,0.75,0.75
10.08.2021 00:17:20.044,1.38471,1.3846200000000002,0.82,0.75
10.08.2021 00:17:21.869,1.38471,1.3846100000000001,1.57,0.94
10.08.2021 00:17:24.689,1.38471,1.3846,3,0.94
10.08.2021 00:17:24.790,1.3847200000000002,1.3846,1.57,0.94
10.08.2021 00:17:32.231,1.38471,1.3846200000000002,0.75,0.75
10.08.2021 00:17:37.640,1.38471,1.38463,0.75,0.75
10.08.2021 00:17:40.647,1.38473,1.3846200000000002,0.82,0.75
10.08.2021 00:17:50.824,1.38473,1.38463,1.57,0.75
10.08.2021 00:17:52.093,1.3847200000000002,1.38463,0.82,0.75
10.08.2021 00:17:56.200,1.38473,1.3846100000000001,2.7,0.75
10.08.2021 00:17:56.926,1.38473,1.38463,1.95,0.75
10.08.2021 00:18:02.324,1.38473,1.3846500000000002,0.82,0.75
10.08.2021 00:18:07.315,1.38474,1.38468,1.12,0.75
10.08.2021 00:18:07.416,1.3847600000000002,1.38467,0.37,0.75
10.08.2021 00:18:07.518,1.38477,1.38469,0.75,0.75
10.08.2021 00:18:08.668,1.38477,1.3847,1.57,0.75
10.08.2021 00:18:11.673,1.38479,1.38469,1.95,0.75
10.08.2021 00:18:12.993,1.38481,1.3847200000000002,1.2,0.75
10.08.2021 00:18:13.512,1.38481,1.38473,3.07,0.75
10.08.2021 00:18:15.513,1.38483,1.38473,1.2,0.75
10.08.2021 00:18:15.615,1.38483,1.38474,0.75,0.75
10.08.2021 00:18:15.958,1.38484,1.38474,2.32,0.75
10.08.2021 00:18:16.178,1.38483,1.3847600000000002,1.2,0.75
10.08.2021 00:18:16.280,1.3848500000000001,1.3847500000000001,1.95,0.75
10.08.2021 00:18:17.148,1.38484,1.38477,0.75,0.75
10.08.2021 00:18:17.249,1.3848600000000002,1.3847600000000002,3.82,0.75
10.08.2021 00:18:26.112,1.38484,1.38478,0.37,0.75
10.08.2021 00:18:26.213,1.3848500000000001,1.38479,2.06,0.75
10.08.2021 00:18:26.315,1.3848500000000001,1.38477,0.75,0.75
10.08.2021 00:18:36.270,1.3848500000000001,1.3847600000000002,0.75,0.75
10.08.2021 00:18:41.346,1.38484,1.3847500000000001,0.37,0.75
10.08.2021 00:18:41.449,1.3848,1.3847600000000002,0.75,0.75
10.08.2021 00:18:41.602,1.3848200000000002,1.3847600000000002,2.32,0.75
10.08.2021 00:18:41.704,1.3848200000000002,1.38473,1.2,0.75
10.08.2021 00:18:41.805,1.3848,1.38473,0.1,0.75
10.08.2021 00:18:48.197,1.38481,1.38473,0.37,0.75
10.08.2021 00:18:48.349,1.38481,1.38474,0.37,0.75
10.08.2021 00:18:48.400,1.3848200000000002,1.3847500000000001,3.82,0.75
10.08.2021 00:18:50.291,1.3848,1.3847200000000002,0.1,0.75
10.08.2021 00:18:51.516,1.38481,1.38473,3.45,0.75
10.08.2021 00:18:51.668,1.38481,1.38474,1.57,0.75
10.08.2021 00:18:58.928,1.3848200000000002,1.38474,1.57,0.75
10.08.2021 00:19:02.013,1.38483,1.3847500000000001,1.12,0.75
10.08.2021 00:19:02.064,1.38484,1.38477,1.2,0.75
10.08.2021 00:19:02.166,1.3848500000000001,1.38477,0.37,0.75
10.08.2021 00:19:02.430,1.38484,1.3847600000000002,2.06,0.75
10.08.2021 00:19:02.582,1.38484,1.3847500000000001,0.37,0.75
10.08.2021 00:19:02.683,1.38484,1.3847600000000002,1.95,0.75
10.08.2021 00:19:03.966,1.38483,1.3847500000000001,0.45,0.75
10.08.2021 00:19:05.740,1.38483,1.38474,2.14,0.75
10.08.2021 00:19:05.842,1.38483,1.3847500000000001,1.2,0.75
10.08.2021 00:19:09.871,1.38484,1.3847500000000001,1.2,0.75
10.08.2021 00:19:13.773,1.38483,1.38477,1.2,0.75
10.08.2021 00:19:16.521,1.38483,1.38478,0.75,0.75
10.08.2021 00:19:16.572,1.3848500000000001,1.3848200000000002,0.37,0.75
10.08.2021 00:19:16.623,1.38489,1.38484,9.89,0.75
10.08.2021 00:19:16.725,1.38489,1.3848500000000001,8.25,0.75
10.08.2021 00:19:18.303,1.38491,1.3848500000000001,0.82,0.75
10.08.2021 00:19:20.473,1.38493,1.38484,1.95,0.75
10.08.2021 00:19:20.676,1.3849200000000002,1.3848600000000002,1.12,0.75
10.08.2021 00:19:27.646,1.38493,1.38484,0.75,0.75
10.08.2021 00:19:27.798,1.3849200000000002,1.38484,0.1,0.75
10.08.2021 00:19:28.101,1.38491,1.38484,0.1,0.75
10.08.2021 00:19:28.372,1.3849,1.3848,1.95,0.75
10.08.2021 00:19:28.423,1.38487,1.3848,0.75,0.75
10.08.2021 00:19:29.990,1.3848799999999999,1.3848,0.37,0.75
10.08.2021 00:19:32.859,1.3848799999999999,1.38481,0.82,0.75
10.08.2021 00:19:33.218,1.3848799999999999,1.3848,0.82,0.75
10.08.2021 00:19:34.859,1.3848799999999999,1.38479,0.37,0.75
10.08.2021 00:19:36.640,1.38489,1.38479,0.82,0.75
10.08.2021 00:19:36.929,1.3848799999999999,1.3848200000000002,0.37,0.75
10.08.2021 00:19:37.031,1.3849,1.38483,0.37,0.75
10.08.2021 00:19:37.690,1.3849200000000002,1.3848200000000002,2.32,0.75
10.08.2021 00:19:37.931,1.38491,1.3848200000000002,0.37,0.75
10.08.2021 00:19:38.543,1.38491,1.38483,1.95,0.75
10.08.2021 00:19:51.366,1.38489,1.38483,0.75,0.75
10.08.2021 00:19:52.510,1.38491,1.38483,1.57,0.75
10.08.2021 00:19:52.627,1.3849,1.38483,0.1,0.75
10.08.2021 00:19:53.290,1.38491,1.38483,0.82,0.75
10.08.2021 00:19:53.341,1.3849,1.3848200000000002,0.75,0.75
10.08.2021 00:19:58.898,1.3849,1.38481,0.75,0.75
10.08.2021 00:19:59.000,1.38491,1.38481,1.2,0.75
10.08.2021 00:19:59.101,1.3849,1.3848,0.1,0.75
10.08.2021 00:19:59.306,1.3849,1.38481,0.1,0.75
10.08.2021 00:19:59.724,1.38489,1.38481,0.1,0.75
10.08.2021 00:19:59.926,1.38489,1.3848200000000002,0.1,0.75
10.08.2021 00:20:00.034,1.3849,1.3848200000000002,0.45,0.75
10.08.2021 00:20:00.247,1.38489,1.38481,0.1,0.75
10.08.2021 00:20:00.400,1.3849,1.3848200000000002,0.45,0.75
10.08.2021 00:20:01.175,1.3849200000000002,1.38481,1.95,0.75
10.08.2021 00:20:01.276,1.38491,1.38481,0.1,0.75
10.08.2021 00:20:01.816,1.3849200000000002,1.38481,1.95,0.75
10.08.2021 00:20:02.371,1.38491,1.38481,0.1,0.75
10.08.2021 00:20:02.575,1.38491,1.3848200000000002,1.95,0.75
10.08.2021 00:20:06.305,1.3849,1.38481,1.57,0.75
10.08.2021 00:20:06.406,1.38489,1.38481,0.1,0.75
10.08.2021 00:20:06.553,1.38489,1.3848200000000002,0.1,0.75
10.08.2021 00:20:09.300,1.3848799999999999,1.3848200000000002,0.37,0.75
10.08.2021 00:20:09.351,1.3848799999999999,1.38479,1.2,0.75
10.08.2021 00:20:10.301,1.38487,1.38479,0.37,0.75
10.08.2021 00:20:12.301,1.3848799999999999,1.38479,1.57,0.75
10.08.2021 00:20:15.038,1.38487,1.38479,0.37,0.75
10.08.2021 00:20:15.089,1.3848500000000001,1.3847600000000002,1.95,0.75
10.08.2021 00:20:15.191,1.38484,1.3847600000000002,0.45,0.75
10.08.2021 00:20:20.218,1.38484,1.3847500000000001,0.45,0.75
10.08.2021 00:20:25.082,1.38484,1.3847600000000002,0.1,0.75
10.08.2021 00:20:25.184,1.3848600000000002,1.3847500000000001,2.7,0.75
10.08.2021 00:20:29.929,1.38487,1.38481,0.37,0.75
10.08.2021 00:20:30.031,1.3848799999999999,1.3848200000000002,0.75,0.75
10.08.2021 00:20:30.132,1.3849,1.3848200000000002,0.1,0.75
10.08.2021 00:20:30.284,1.3849200000000002,1.38481,0.82,0.75
10.08.2021 00:20:35.685,1.3849200000000002,1.38484,1.57,0.75
10.08.2021 00:20:35.787,1.38494,1.38483,3.07,0.75
10.08.2021 00:20:35.940,1.38493,1.38483,0.75,0.75
10.08.2021 00:20:40.907,1.38493,1.38484,0.82,0.75
10.08.2021 00:20:42.107,1.38491,1.3848200000000002,0.1,0.75
10.08.2021 00:20:42.209,1.38491,1.38481,0.75,0.75
10.08.2021 00:20:42.310,1.38487,1.38478,0.37,0.75
10.08.2021 00:20:43.232,1.3848500000000001,1.38479,0.37,0.75
10.08.2021 00:20:44.543,1.3848600000000002,1.38479,0.37,0.75
10.08.2021 00:20:44.645,1.3848600000000002,1.38478,0.37,0.75
10.08.2021 00:20:44.798,1.38484,1.3847500000000001,1.57,0.75
10.08.2021 00:20:44.899,1.38483,1.38474,0.82,0.75
10.08.2021 00:20:45.000,1.3848200000000002,1.38473,0.1,0.75
10.08.2021 00:20:45.435,1.38484,1.3847200000000002,0.82,0.75
10.08.2021 00:20:45.538,1.3848200000000002,1.38473,0.1,0.75
10.08.2021 00:20:45.904,1.38484,1.3847200000000002,0.82,0.75
10.08.2021 00:20:46.056,1.3848200000000002,1.38473,0.1,0.75
10.08.2021 00:20:46.319,1.38483,1.38473,0.82,0.75
10.08.2021 00:20:49.660,1.3848200000000002,1.38474,0.82,0.75
10.08.2021 00:20:49.761,1.3848200000000002,1.38473,1.57,0.75
10.08.2021 00:20:50.227,1.3848,1.38471,0.1,1.69
10.08.2021 00:20:51.251,1.3848,1.3847,0.1,0.75
10.08.2021 00:21:01.448,1.3848,1.3847200000000002,0.45,0.75
10.08.2021 00:21:04.375,1.3848,1.38473,0.45,0.75
10.08.2021 00:21:17.872,1.3848200000000002,1.3847200000000002,0.82,0.75
10.08.2021 00:21:18.340,1.3848,1.38473,0.1,0.75
10.08.2021 00:21:27.436,1.38481,1.38473,0.82,0.75
10.08.2021 00:21:28.184,1.38481,1.38474,0.1,0.75
10.08.2021 00:21:28.286,1.3848200000000002,1.38474,1.12,0.75
10.08.2021 00:21:28.491,1.38481,1.38474,0.1,0.75
10.08.2021 00:21:28.896,1.3848200000000002,1.3847200000000002,0.1,0.75
10.08.2021 00:21:35.837,1.3848,1.3847200000000002,0.82,0.75
10.08.2021 00:21:41.451,1.38481,1.38473,0.82,0.75
10.08.2021 00:21:55.481,1.3848200000000002,1.38473,0.75,0.75
10.08.2021 00:22:03.905,1.38481,1.38473,0.1,0.75
10.08.2021 00:22:07.333,1.38483,1.3847200000000002,0.75,0.75
10.08.2021 00:22:07.485,1.38483,1.38473,2.32,0.75
10.08.2021 00:22:07.637,1.38484,1.38473,0.45,0.75
10.08.2021 00:22:08.287,1.38484,1.38474,2.7,0.75
10.08.2021 00:22:11.755,1.3848200000000002,1.38474,0.82,0.75
10.08.2021 00:22:12.409,1.3848200000000002,1.38473,0.82,0.75
10.08.2021 00:22:15.127,1.38481,1.38473,0.37,0.75
10.08.2021 00:22:16.118,1.3848,1.38473,0.37,0.75
10.08.2021 00:22:16.599,1.3848,1.3847200000000002,0.45,0.75
10.08.2021 00:22:17.008,1.3848,1.38471,0.45,0.94
10.08.2021 00:22:22.788,1.3848200000000002,1.38471,1.57,0.75
10.08.2021 00:22:39.495,1.38481,1.38471,3.45,0.75
10.08.2021 00:22:39.596,1.38478,1.3847,0.37,0.75
10.08.2021 00:22:39.698,1.38478,1.38469,0.45,0.75
10.08.2021 00:22:40.553,1.38478,1.38468,0.37,0.75
10.08.2021 00:22:44.251,1.38478,1.38469,0.1,0.75
10.08.2021 00:22:44.353,1.38478,1.38468,0.82,0.75
10.08.2021 00:22:45.220,1.38477,1.38468,0.37,0.75
10.08.2021 00:22:48.400,1.38478,1.38466,1.12,0.94
10.08.2021 00:22:48.501,1.38477,1.38466,0.75,0.94
10.08.2021 00:22:49.360,1.3847600000000002,1.38464,1.95,1.69
10.08.2021 00:22:49.462,1.3847500000000001,1.38463,0.75,0.82
10.08.2021 00:22:49.884,1.3847500000000001,1.3846500000000002,0.82,0.75
10.08.2021 00:22:52.577,1.3847600000000002,1.38467,1.5,0.75
10.08.2021 00:23:00.400,1.38477,1.38467,0.75,0.75
10.08.2021 00:23:00.628,1.38478,1.38467,2.7,0.75
10.08.2021 00:23:29.386,1.38477,1.38467,4.2,0.75
10.08.2021 00:23:31.244,1.38477,1.3846500000000002,0.82,0.75
10.08.2021 00:23:46.750,1.3847600000000002,1.38464,0.75,0.75
10.08.2021 00:23:59.261,1.38474,1.38464,0.75,1.87
10.08.2021 00:24:04.111,1.3847200000000002,1.38464,0.75,0.19
10.08.2021 00:24:04.212,1.3847200000000002,1.38463,0.75,0.26
10.08.2021 00:24:04.313,1.38471,1.3846200000000002,1.5,0.19
10.08.2021 00:24:04.415,1.38471,1.3846100000000001,1.57,0.94
10.08.2021 00:24:04.516,1.38469,1.3846100000000001,0.75,0.19
10.08.2021 00:24:04.618,1.3847,1.3846100000000001,0.75,0.19
10.08.2021 00:24:05.825,1.3847,1.3846,0.75,0.19
10.08.2021 00:24:07.341,1.38471,1.3846,0.75,0.19
10.08.2021 00:24:07.672,1.38471,1.3846100000000001,0.75,0.82
10.08.2021 00:24:08.318,1.3847200000000002,1.3846100000000001,0.75,0.75
10.08.2021 00:24:24.921,1.3847200000000002,1.3846,0.75,1.95
10.08.2021 00:24:47.469,1.3847200000000002,1.3846100000000001,0.75,0.75
10.08.2021 00:25:04.991,1.3847200000000002,1.3846200000000002,0.75,0.75
10.08.2021 00:25:12.327,1.38471,1.3846100000000001,0.82,0.75
10.08.2021 00:25:13.416,1.3847,1.3846100000000001,0.1,0.75
10.08.2021 00:25:16.941,1.38468,1.38459,0.1,0.94
10.08.2021 00:25:17.936,1.38467,1.38459,0.37,0.94
10.08.2021 00:25:27.078,1.38468,1.3846,0.37,0.75
10.08.2021 00:25:27.180,1.3847,1.3846,1.57,0.75
10.08.2021 00:25:27.282,1.38471,1.3846100000000001,0.75,0.94
10.08.2021 00:25:32.201,1.3847200000000002,1.3846200000000002,0.75,0.75
10.08.2021 00:26:43.088,1.38474,1.3846100000000001,2.32,0.75
10.08.2021 00:26:45.382,1.3847200000000002,1.3846200000000002,0.75,0.75
10.08.2021 00:26:50.383,1.38471,1.3846,2.44,0.19
10.08.2021 00:26:50.485,1.38467,1.38458,0.82,0.19
10.08.2021 00:26:50.688,1.38466,1.38458,0.75,0.19
10.08.2021 00:27:16.016,1.38467,1.38458,1.2,0.19
10.08.2021 00:27:29.540,1.38468,1.38458,0.1,0.75
10.08.2021 00:27:30.399,1.38469,1.38458,0.1,0.75
10.08.2021 00:27:30.501,1.38468,1.38458,0.82,0.75
10.08.2021 00:27:33.116,1.38468,1.38456,0.75,0.75
10.08.2021 00:27:35.446,1.38469,1.38457,0.82,0.75
10.08.2021 00:27:39.357,1.3847,1.3846,0.82,0.75
10.08.2021 00:27:39.459,1.38471,1.3846,1.57,1.76
10.08.2021 00:27:39.676,1.38471,1.3846200000000002,0.75,0.75
10.08.2021 00:27:40.077,1.3847200000000002,1.3846200000000002,2.32,0.75
10.08.2021 00:27:43.185,1.3847500000000001,1.38463,1.57,0.75
10.08.2021 00:27:43.539,1.3847500000000001,1.3846500000000002,1.5,0.75
10.08.2021 00:27:43.641,1.3847500000000001,1.38466,0.75,0.75
10.08.2021 00:27:47.428,1.38473,1.38464,0.45,0.75
10.08.2021 00:27:47.529,1.3847200000000002,1.3846200000000002,0.82,0.75
10.08.2021 00:28:16.251,1.3847200000000002,1.38463,0.75,0.75
10.08.2021 00:28:16.353,1.38473,1.38463,0.82,0.75
10.08.2021 00:28:38.536,1.3847200000000002,1.3846200000000002,0.75,0.82
10.08.2021 00:28:55.609,1.38473,1.3846200000000002,0.1,0.75
10.08.2021 00:28:57.990,1.38474,1.3846200000000002,1.95,0.75
10.08.2021 00:29:01.246,1.38473,1.3846100000000001,0.82,0.75
10.08.2021 00:29:21.363,1.38471,1.3846200000000002,0.1,0.75
10.08.2021 00:29:23.604,1.38471,1.3846100000000001,1.2,0.75
10.08.2021 00:29:23.959,1.38471,1.3846,0.45,0.75
10.08.2021 00:29:29.863,1.38469,1.3846100000000001,0.37,0.75
10.08.2021 00:29:31.002,1.3847,1.3846100000000001,0.1,0.75
10.08.2021 00:29:38.442,1.38471,1.3846100000000001,0.82,0.75
10.08.2021 00:29:45.568,1.3847,1.38458,0.82,0.75
10.08.2021 00:29:45.670,1.38469,1.3846,0.1,0.75
10.08.2021 00:29:45.772,1.38469,1.38459,0.82,1.87
10.08.2021 00:29:46.169,1.38467,1.38459,0.37,0.75
10.08.2021 00:29:47.143,1.38468,1.38459,0.37,0.75
10.08.2021 00:29:47.584,1.38466,1.3845500000000002,0.75,1.12
10.08.2021 00:29:47.737,1.38466,1.38456,0.37,0.75
10.08.2021 00:29:54.036,1.38467,1.38458,0.37,1.87
10.08.2021 00:29:54.289,1.38467,1.38457,0.37,1.87
10.08.2021 00:29:54.456,1.38467,1.38458,0.37,0.75
10.08.2021 00:29:54.736,1.38467,1.38459,0.37,0.75
10.08.2021 00:29:57.298,1.38467,1.38458,0.37,0.75
10.08.2021 00:29:59.665,1.38468,1.38458,0.75,0.75
10.08.2021 00:30:00.082,1.38468,1.38459,1.12,0.75
10.08.2021 00:30:01.078,1.38468,1.3846,0.37,0.75
10.08.2021 00:30:05.311,1.38469,1.38458,0.75,0.94
10.08.2021 00:30:05.413,1.38466,1.38456,0.75,1.87
10.08.2021 00:30:06.741,1.3846500000000002,1.38456,0.37,1.87
10.08.2021 00:30:06.792,1.38463,1.38453,1.12,0.75
10.08.2021 00:30:06.843,1.3846100000000001,1.3845200000000002,0.82,0.75
10.08.2021 00:30:06.945,1.3846,1.3845200000000002,0.1,0.75
10.08.2021 00:30:07.960,1.38463,1.3845100000000001,0.82,1.01
10.08.2021 00:30:08.215,1.38463,1.38454,0.75,1.87
10.08.2021 00:30:08.317,1.38467,1.3845500000000002,0.75,0.75
10.08.2021 00:30:20.005,1.38464,1.3845500000000002,0.75,0.75
10.08.2021 00:30:20.057,1.38464,1.3845200000000002,0.75,0.82
10.08.2021 00:30:22.611,1.3846200000000002,1.3845200000000002,0.82,0.94
10.08.2021 00:30:23.508,1.3846200000000002,1.3845,0.82,0.75
10.08.2021 00:30:31.371,1.3846,1.3845,0.75,3.26
10.08.2021 00:30:39.614,1.3846,1.3845200000000002,0.75,0.75
10.08.2021 00:31:59.200,1.3846100000000001,1.3845200000000002,0.75,0.19
10.08.2021 00:32:02.214,1.3846100000000001,1.3845100000000001,0.75,0.19
10.08.2021 00:32:06.999,1.3846200000000002,1.3845200000000002,1.5,0.19
10.08.2021 00:32:12.240,1.3846200000000002,1.38454,0.75,0.19
10.08.2021 00:32:12.342,1.3846500000000002,1.38457,1.5,0.19
10.08.2021 00:32:17.200,1.38467,1.38456,1.5,0.19
10.08.2021 00:32:23.900,1.3846500000000002,1.38457,0.75,0.19
10.08.2021 00:32:24.001,1.3846200000000002,1.3845500000000002,0.75,0.19
10.08.2021 00:32:55.338,1.38464,1.3845500000000002,1.87,0.19
10.08.2021 00:32:55.440,1.38463,1.3845500000000002,0.75,0.19
10.08.2021 00:32:57.913,1.38463,1.38454,0.75,0.19
10.08.2021 00:32:58.589,1.3846200000000002,1.38454,0.75,0.19
10.08.2021 00:33:15.919,1.38463,1.3845200000000002,0.75,0.26
10.08.2021 00:33:20.660,1.38463,1.3845500000000002,0.75,0.75
10.08.2021 00:33:27.981,1.38466,1.38459,0.75,0.75
10.08.2021 00:33:28.084,1.38467,1.3846100000000001,0.75,0.75
10.08.2021 00:33:28.186,1.38469,1.3846,1.2,0.75
10.08.2021 00:33:36.865,1.38469,1.3846100000000001,0.75,0.75
10.08.2021 00:33:36.967,1.38471,1.3846,1.2,0.75
10.08.2021 00:33:38.012,1.38471,1.38459,1.95,0.94
10.08.2021 00:33:41.067,1.38471,1.3846,1.95,0.75
10.08.2021 00:33:42.414,1.38471,1.3846100000000001,0.1,0.75
10.08.2021 00:33:42.517,1.38469,1.3846100000000001,0.1,0.94
10.08.2021 00:33:48.024,1.38471,1.3846100000000001,0.1,0.75
10.08.2021 00:33:48.126,1.3847200000000002,1.3846200000000002,0.1,0.75
10.08.2021 00:33:48.228,1.38473,1.3846200000000002,0.82,0.75
10.08.2021 00:33:49.424,1.38474,1.38463,1.2,0.75
10.08.2021 00:33:53.198,1.38474,1.38464,1.2,0.75
10.08.2021 00:33:55.566,1.38474,1.38463,1.95,0.75
10.08.2021 00:34:03.460,1.38473,1.38463,1.95,0.94
10.08.2021 00:34:04.949,1.3847200000000002,1.38463,0.1,0.94
10.08.2021 00:34:06.622,1.38471,1.38463,0.1,0.75
10.08.2021 00:34:06.723,1.3847200000000002,1.38463,1.2,0.75
10.08.2021 00:34:09.823,1.38473,1.3846100000000001,1.2,0.94
10.08.2021 00:34:29.795,1.38471,1.3846,1.12,0.75
10.08.2021 00:34:29.897,1.38469,1.38458,1.57,0.75
10.08.2021 00:34:30.152,1.38469,1.3846,0.1,0.94
10.08.2021 00:34:40.435,1.38469,1.38458,0.75,0.94
10.08.2021 00:34:45.150,1.38468,1.3846,0.1,0.75
10.08.2021 00:35:06.097,1.3847,1.3846200000000002,0.45,0.75
10.08.2021 00:35:06.199,1.3847200000000002,1.38463,0.82,0.75
10.08.2021 00:35:08.806,1.38471,1.38463,0.1,0.75
10.08.2021 00:35:11.246,1.38473,1.3846200000000002,0.82,0.75
10.08.2021 00:35:24.498,1.38473,1.38463,0.1,0.75
10.08.2021 00:35:24.600,1.38474,1.38463,0.45,0.94
10.08.2021 00:35:28.767,1.38473,1.3846500000000002,1.2,0.75
10.08.2021 00:35:32.090,1.3847200000000002,1.38464,0.1,0.75
10.08.2021 00:35:52.725,1.3847200000000002,1.3846200000000002,0.1,0.75
10.08.2021 00:35:52.827,1.3847,1.3846100000000001,0.82,0.75
10.08.2021 00:35:57.029,1.38471,1.3846100000000001,0.82,0.75
10.08.2021 00:35:57.830,1.38471,1.3846200000000002,0.1,0.75
10.08.2021 00:36:02.424,1.38471,1.38463,0.1,0.75
10.08.2021 00:36:03.894,1.38471,1.3846200000000002,0.1,0.94
10.08.2021 00:36:03.996,1.3847,1.3846100000000001,0.82,0.94
10.08.2021 00:36:04.552,1.38469,1.3846100000000001,0.82,0.75
10.08.2021 00:36:05.233,1.38466,1.3846,0.94,0.75
10.08.2021 00:36:05.285,1.38466,1.38456,2.06,0.75
10.08.2021 00:36:05.387,1.38466,1.38456,3.45,0.94
10.08.2021 00:36:05.489,1.38466,1.38457,0.1,0.94
10.08.2021 00:36:06.126,1.38466,1.38458,0.82,0.19
10.08.2021 00:36:07.595,1.38468,1.38457,1.57,0.19
10.08.2021 00:36:23.429,1.3847,1.3846,0.82,0.19
10.08.2021 00:36:23.581,1.3847,1.3846200000000002,0.75,0.19
10.08.2021 00:36:23.683,1.3847,1.38463,0.75,0.19
10.08.2021 00:36:24.372,1.38471,1.38463,0.75,0.19
10.08.2021 00:36:24.701,1.3847200000000002,1.3846100000000001,0.75,0.75
10.08.2021 00:36:29.459,1.3847,1.3846200000000002,0.75,0.75
10.08.2021 00:36:31.616,1.3847,1.3846100000000001,0.75,0.94
10.08.2021 00:36:32.503,1.38469,1.3846100000000001,0.75,0.94
10.08.2021 00:36:32.711,1.3847,1.3846100000000001,0.75,0.94
10.08.2021 00:36:34.915,1.38471,1.3846100000000001,1.95,0.94
10.08.2021 00:36:37.296,1.3847,1.3846100000000001,0.75,0.94
10.08.2021 00:36:47.379,1.38471,1.3846100000000001,1.95,0.94
10.08.2021 00:36:53.505,1.3847,1.38459,0.75,0.94
10.08.2021 00:36:53.709,1.38468,1.3846,0.75,0.94
10.08.2021 00:36:53.861,1.38469,1.3846,0.75,0.94
10.08.2021 00:36:56.714,1.38468,1.3846,0.75,0.94
10.08.2021 00:36:56.816,1.3847,1.38459,0.75,0.94
10.08.2021 00:36:57.249,1.3847,1.3846,1.95,0.94
10.08.2021 00:36:57.351,1.3847,1.38459,0.75,0.94
10.08.2021 00:36:58.983,1.3847,1.3846,1.95,0.94
10.08.2021 00:37:00.107,1.3847,1.38459,0.75,0.94
10.08.2021 00:37:00.224,1.38471,1.3846,0.1,0.94
10.08.2021 00:37:00.473,1.38471,1.3846100000000001,0.1,0.19
10.08.2021 00:37:00.574,1.38471,1.3846200000000002,0.82,0.94
10.08.2021 00:37:05.226,1.38473,1.3846100000000001,1.95,0.94
10.08.2021 00:37:22.689,1.38473,1.38464,0.45,0.75
10.08.2021 00:37:22.791,1.3847500000000001,1.38463,3.07,0.94
10.08.2021 00:37:50.557,1.38473,1.38464,0.37,0.94
10.08.2021 00:37:50.849,1.3847500000000001,1.38463,3.07,0.94
10.08.2021 00:37:53.488,1.38474,1.38463,0.75,0.94
10.08.2021 00:37:58.967,1.38473,1.3846500000000002,0.75,0.75
10.08.2021 00:37:59.068,1.38473,1.38466,0.75,0.75
10.08.2021 00:37:59.875,1.3847500000000001,1.3846500000000002,0.37,0.75
10.08.2021 00:38:00.078,1.38478,1.38468,2.32,0.19
10.08.2021 00:38:00.180,1.38478,1.38469,0.45,0.75
10.08.2021 00:38:03.366,1.3847600000000002,1.38467,0.37,0.94
10.08.2021 00:38:03.417,1.3847500000000001,1.3846500000000002,0.37,0.75
10.08.2021 00:38:03.520,1.38473,1.38464,0.45,0.75
10.08.2021 00:38:04.040,1.38473,1.38463,0.75,0.75
10.08.2021 00:38:51.044,1.38474,1.38463,0.1,0.75
10.08.2021 00:38:51.096,1.38477,1.3847,1.5,0.75
10.08.2021 00:38:51.197,1.38479,1.38468,3.07,0.75
10.08.2021 00:38:51.349,1.38477,1.38469,0.1,0.75
10.08.2021 00:38:52.018,1.38477,1.38468,0.82,0.75
10.08.2021 00:38:56.663,1.38474,1.38466,1.2,0.75
10.08.2021 00:38:57.404,1.3847500000000001,1.38464,0.45,0.75
10.08.2021 00:39:00.729,1.38477,1.38471,0.37,0.75
10.08.2021 00:39:00.780,1.3848,1.38471,3.07,0.75
10.08.2021 00:39:00.918,1.3848,1.3847200000000002,0.1,0.75
10.08.2021 00:39:02.849,1.3848200000000002,1.38471,0.1,0.75
10.08.2021 00:39:03.178,1.3848200000000002,1.3847200000000002,1.2,0.75
10.08.2021 00:39:08.262,1.3847600000000002,1.38469,2.06,0.19
10.08.2021 00:39:08.363,1.3847600000000002,1.38471,1.12,0.75
10.08.2021 00:39:08.415,1.3848,1.3847200000000002,1.2,0.75
10.08.2021 00:39:08.568,1.38481,1.3847200000000002,2.14,0.75
10.08.2021 00:39:18.290,1.38481,1.38473,0.1,0.75
10.08.2021 00:39:18.691,1.38483,1.3847200000000002,1.57,0.75
10.08.2021 00:39:23.299,1.38483,1.38473,0.82,0.75
10.08.2021 00:39:23.451,1.38483,1.38474,2.32,0.75
10.08.2021 00:39:30.153,1.3848200000000002,1.38474,0.75,0.75
10.08.2021 00:39:30.255,1.3848200000000002,1.38473,0.75,0.75
10.08.2021 00:39:33.093,1.38484,1.38473,3.45,0.75
10.08.2021 00:39:36.564,1.38483,1.38473,0.75,0.75
10.08.2021 00:40:04.839,1.38483,1.3847200000000002,0.75,0.75
10.08.2021 00:40:08.626,1.3848200000000002,1.38474,0.75,0.75
10.08.2021 00:40:13.019,1.38483,1.38474,0.82,0.75
10.08.2021 00:40:13.768,1.38484,1.3847600000000002,0.75,0.75
10.08.2021 00:40:13.819,1.3848600000000002,1.38477,4.5,0.75
10.08.2021 00:40:33.534,1.3848799999999999,1.3848,0.1,0.75
10.08.2021 00:40:33.636,1.38483,1.3847500000000001,1.12,0.75
10.08.2021 00:40:33.738,1.38484,1.38473,2.7,0.75
10.08.2021 00:40:33.839,1.38483,1.3847200000000002,0.75,0.75
10.08.2021 00:40:56.207,1.3848200000000002,1.3847200000000002,0.82,0.75
10.08.2021 00:41:12.495,1.3848200000000002,1.38471,0.75,0.75
10.08.2021 00:41:41.843,1.3848200000000002,1.3847200000000002,1.57,0.75
10.08.2021 00:41:42.254,1.38481,1.3847200000000002,0.1,0.75
10.08.2021 00:42:12.122,1.3848,1.3847200000000002,0.1,0.75
10.08.2021 00:42:25.782,1.38478,1.3847,0.1,0.75
10.08.2021 00:42:25.884,1.38478,1.38469,0.82,0.75
10.08.2021 00:42:25.985,1.38478,1.38468,0.1,0.75
10.08.2021 00:42:26.087,1.38479,1.38468,0.1,0.75
10.08.2021 00:42:27.655,1.38479,1.3847,0.1,0.75
10.08.2021 00:42:35.642,1.38481,1.3847,1.57,0.75
10.08.2021 00:42:38.318,1.38479,1.38471,0.1,0.75
10.08.2021 00:42:40.785,1.38481,1.3847,1.57,0.75
10.08.2021 00:42:43.315,1.3848,1.3847,0.1,0.75
10.08.2021 00:42:44.670,1.3848,1.38471,1.57,0.75
10.08.2021 00:42:47.199,1.3848,1.3847,1.57,0.94
10.08.2021 00:42:48.023,1.3848,1.38471,0.1,0.75
10.08.2021 00:42:51.132,1.3848,1.3847200000000002,0.1,0.75
10.08.2021 00:42:53.354,1.38481,1.3847200000000002,0.1,0.75
10.08.2021 00:42:53.455,1.3848200000000002,1.38474,0.1,0.75
10.08.2021 00:42:53.557,1.3848200000000002,1.38473,0.82,0.75
10.08.2021 00:42:53.659,1.3848200000000002,1.3847200000000002,0.1,0.75
10.08.2021 00:42:54.751,1.38481,1.3847200000000002,0.1,0.75
10.08.2021 00:43:02.186,1.3848,1.3847200000000002,0.1,0.75
10.08.2021 00:43:04.351,1.3848200000000002,1.38471,0.82,0.75
10.08.2021 00:43:07.646,1.3848,1.3847200000000002,0.1,0.75
10.08.2021 00:43:09.369,1.38478,1.38469,0.26,0.94
10.08.2021 00:43:09.471,1.38477,1.38469,0.1,0.75
10.08.2021 00:43:13.580,1.38478,1.38467,0.82,0.75
10.08.2021 00:43:15.560,1.3847600000000002,1.38468,0.1,0.75
10.08.2021 00:43:18.742,1.38477,1.38468,0.82,0.75
10.08.2021 00:43:21.607,1.38477,1.38467,0.1,0.75
10.08.2021 00:43:33.861,1.38478,1.38467,0.82,0.75
10.08.2021 00:43:35.210,1.38478,1.38466,0.82,0.94
10.08.2021 00:43:41.386,1.38477,1.38466,0.1,0.94
10.08.2021 00:43:48.105,1.38478,1.38469,0.1,0.75
10.08.2021 00:43:48.257,1.38478,1.3847,0.1,0.75
10.08.2021 00:43:48.359,1.3848,1.38469,0.1,0.75
10.08.2021 00:43:49.555,1.3848,1.3847200000000002,0.1,0.75
10.08.2021 00:43:53.198,1.38481,1.3847,0.1,1.5
10.08.2021 00:44:02.416,1.38481,1.38471,0.1,0.75
10.08.2021 00:44:03.619,1.38479,1.3847200000000002,0.1,0.75
10.08.2021 00:44:06.392,1.38479,1.38469,0.1,0.75
10.08.2021 00:44:06.493,1.38478,1.38469,0.1,0.75
10.08.2021 00:44:06.595,1.38477,1.38469,0.1,0.75
10.08.2021 00:44:08.626,1.3847600000000002,1.3846500000000002,0.82,0.75
10.08.2021 00:44:08.727,1.3847500000000001,1.38463,0.82,2.25
10.08.2021 00:44:10.288,1.38477,1.38469,0.37,0.94
10.08.2021 00:44:10.390,1.38479,1.3847,0.75,0.94
10.08.2021 00:44:10.441,1.38481,1.3847200000000002,0.1,0.75
10.08.2021 00:44:10.645,1.3848200000000002,1.3847200000000002,1.01,1.5
10.08.2021 00:44:10.934,1.38483,1.3847200000000002,0.26,0.75
10.08.2021 00:44:12.098,1.38483,1.38473,1.95,0.75
10.08.2021 00:44:12.200,1.3848200000000002,1.38473,0.1,0.75
10.08.2021 00:44:14.736,1.38483,1.38473,1.95,0.75
10.08.2021 00:44:15.944,1.38483,1.38474,1.95,0.75
10.08.2021 00:44:43.586,1.38484,1.38474,1.2,1.5
10.08.2021 00:45:04.239,1.3848500000000001,1.38474,0.1,0.75
10.08.2021 00:45:05.521,1.38484,1.38477,0.1,0.75
10.08.2021 00:45:05.624,1.3848600000000002,1.38477,0.75,0.75
10.08.2021 00:45:05.840,1.38487,1.38477,0.82,0.75
10.08.2021 00:45:09.152,1.3848600000000002,1.38477,0.1,0.75
10.08.2021 00:45:13.975,1.38487,1.38477,0.1,0.75
10.08.2021 00:45:18.611,1.3849,1.3848,0.1,0.75
10.08.2021 00:45:18.813,1.38489,1.3848200000000002,0.1,0.75
10.08.2021 00:45:21.879,1.3849,1.3848200000000002,0.1,0.75
10.08.2021 00:45:21.982,1.38491,1.38483,0.1,0.75
10.08.2021 00:45:32.339,1.3849200000000002,1.38483,0.1,0.75
10.08.2021 00:45:37.241,1.3849200000000002,1.3848200000000002,0.1,0.75
10.08.2021 00:45:39.805,1.3849200000000002,1.38483,0.1,0.75
10.08.2021 00:45:53.199,1.3849200000000002,1.38484,0.1,0.75
10.08.2021 00:45:56.253,1.38491,1.38484,0.1,0.75
10.08.2021 00:46:02.036,1.3849200000000002,1.3848200000000002,0.1,0.75
10.08.2021 00:46:09.250,1.38491,1.3848200000000002,0.1,0.75
10.08.2021 00:46:27.781,1.38491,1.38481,0.82,0.82
10.08.2021 00:46:31.937,1.3849,1.38481,0.75,0.82
10.08.2021 00:46:32.038,1.3849,1.3848,0.82,1.39
10.08.2021 00:46:36.963,1.38491,1.38481,0.82,1.57
10.08.2021 00:46:49.589,1.38491,1.38483,0.1,0.75
10.08.2021 00:46:49.950,1.38491,1.38484,0.1,0.75
10.08.2021 00:46:50.992,1.3849200000000002,1.38484,0.45,0.75
10.08.2021 00:47:04.419,1.38493,1.38484,0.1,0.75
10.08.2021 00:47:04.571,1.38498,1.3849,3.82,0.75
10.08.2021 00:47:04.672,1.38499,1.38491,0.1,0.75
10.08.2021 00:47:04.774,1.38501,1.3849,0.45,0.75
10.08.2021 00:47:04.875,1.38501,1.38491,0.37,0.75
10.08.2021 00:47:05.280,1.38499,1.3849200000000002,0.75,0.75
10.08.2021 00:47:05.381,1.385,1.3849,0.75,0.75
10.08.2021 00:47:05.583,1.38501,1.3849,0.1,0.75
10.08.2021 00:47:05.685,1.385,1.3849,0.1,0.75
10.08.2021 00:47:07.462,1.38501,1.3849,0.1,0.75
10.08.2021 00:47:07.563,1.385,1.3849200000000002,0.1,0.75
10.08.2021 00:47:13.661,1.385,1.38491,0.82,0.75
10.08.2021 00:47:14.044,1.38501,1.38491,0.82,0.75
10.08.2021 00:47:16.487,1.385,1.38491,0.1,0.75
10.08.2021 00:47:16.590,1.38498,1.38491,0.75,0.75
10.08.2021 00:47:16.743,1.38499,1.3849200000000002,0.1,0.75
10.08.2021 00:47:16.998,1.385,1.3849,0.1,0.75
10.08.2021 00:47:19.025,1.38501,1.38491,1.2,0.75
10.08.2021 00:47:25.149,1.38501,1.3849,1.2,0.75
10.08.2021 00:47:35.793,1.38501,1.38491,1.95,0.75
10.08.2021 00:47:35.895,1.385,1.38491,0.1,0.75
10.08.2021 00:47:36.250,1.385,1.3849,1.95,1.12
10.08.2021 00:47:47.234,1.38491,1.38483,0.75,0.19
10.08.2021 00:47:47.337,1.3849,1.38481,0.82,8.62
10.08.2021 00:47:47.744,1.3849,1.3848200000000002,0.82,0.37
10.08.2021 00:47:49.219,1.3849,1.38481,0.75,0.75
10.08.2021 00:47:51.936,1.38489,1.38481,0.1,0.75
10.08.2021 00:47:52.715,1.3849,1.38481,0.82,0.75
10.08.2021 00:47:54.441,1.38491,1.38481,0.82,0.75
10.08.2021 00:47:56.568,1.38491,1.3848500000000001,0.75,0.94
10.08.2021 00:47:56.619,1.38494,1.38484,0.75,0.94
10.08.2021 00:47:56.771,1.3849600000000002,1.3848600000000002,0.82,0.75
10.08.2021 00:47:57.890,1.3849600000000002,1.3848500000000001,0.1,0.94
10.08.2021 00:47:57.997,1.38497,1.3848500000000001,1.57,0.94
10.08.2021 00:47:58.265,1.38498,1.38487,0.82,0.94
10.08.2021 00:47:58.366,1.38497,1.38487,0.75,0.75
10.08.2021 00:48:01.690,1.38499,1.3849,0.82,0.75
10.08.2021 00:48:11.491,1.38499,1.38491,0.1,0.37
10.08.2021 00:48:14.426,1.38498,1.38491,0.1,0.37
10.08.2021 00:48:17.435,1.38499,1.38491,0.1,1.12
10.08.2021 00:48:17.536,1.385,1.38491,0.82,1.12
10.08.2021 00:48:43.113,1.38501,1.38491,1.76,0.82
10.08.2021 00:48:52.651,1.3850200000000001,1.38491,1.2,0.75
10.08.2021 00:48:52.752,1.38503,1.38494,1.2,1.87
10.08.2021 00:48:52.854,1.38504,1.3849600000000002,0.1,0.75
10.08.2021 00:48:52.955,1.3850600000000002,1.3849500000000001,0.1,0.75
10.08.2021 00:48:53.107,1.3850500000000001,1.38497,0.1,0.75
10.08.2021 00:48:55.242,1.38504,1.3849600000000002,0.1,0.75
10.08.2021 00:49:01.748,1.38503,1.38493,0.75,1.01
10.08.2021 00:49:01.901,1.38503,1.3849200000000002,0.75,1.01
10.08.2021 00:49:02.002,1.3850200000000001,1.38494,0.75,0.75
10.08.2021 00:49:03.365,1.38503,1.3849200000000002,0.82,0.94
10.08.2021 00:49:07.841,1.38501,1.38493,0.75,0.75
10.08.2021 00:49:07.994,1.38503,1.38491,1.57,0.82
10.08.2021 00:49:09.257,1.385,1.3849200000000002,0.75,0.75
10.08.2021 00:49:10.222,1.38499,1.38489,0.75,0.75
10.08.2021 00:49:10.323,1.38497,1.3849,0.75,0.75
10.08.2021 00:49:10.577,1.38499,1.38491,0.82,0.75
10.08.2021 00:49:12.485,1.38498,1.3849,0.1,0.75
10.08.2021 00:49:17.058,1.38498,1.3848799999999999,0.82,0.75
10.08.2021 00:49:17.159,1.3849600000000002,1.38489,0.1,0.75
10.08.2021 00:49:18.240,1.3849600000000002,1.3848799999999999,0.1,0.75
10.08.2021 00:49:19.026,1.38489,1.3848200000000002,0.75,0.75
10.08.2021 00:49:19.129,1.3849,1.3848200000000002,0.75,0.75
10.08.2021 00:49:19.805,1.3849600000000002,1.3848600000000002,0.75,0.19
10.08.2021 00:49:42.701,1.38497,1.38487,1.5,0.94
10.08.2021 00:49:42.753,1.38499,1.3849,0.82,0.75
10.08.2021 00:49:42.905,1.38499,1.38491,0.1,0.75
10.08.2021 00:49:43.006,1.38501,1.3849,1.57,0.75
10.08.2021 00:49:43.259,1.38499,1.38491,0.1,0.75
10.08.2021 00:49:43.361,1.385,1.38491,1.57,0.75
10.08.2021 00:49:55.711,1.38501,1.38491,0.75,0.75
10.08.2021 00:50:00.826,1.385,1.38491,0.75,1.01
10.08.2021 00:50:05.208,1.385,1.3849,1.57,1.39
10.08.2021 00:50:22.521,1.38501,1.3849,0.75,0.1
10.08.2021 00:50:22.627,1.38501,1.38489,0.82,1.01
10.08.2021 00:50:25.057,1.385,1.38491,0.75,0.1
10.08.2021 00:50:31.289,1.38501,1.3849600000000002,1.5,0.75
10.08.2021 00:50:31.340,1.3850600000000002,1.38497,7.5,0.94
10.08.2021 00:50:31.442,1.3850600000000002,1.38498,7.5,0.75
10.08.2021 00:50:31.543,1.3851,1.38498,0.82,0.75
10.08.2021 00:50:31.765,1.38508,1.38499,0.1,0.75
10.08.2021 00:50:33.267,1.3850700000000002,1.3849500000000001,1.12,1.76
10.08.2021 00:50:36.465,1.3850600000000002,1.38497,0.75,0.75
10.08.2021 00:50:36.898,1.3850600000000002,1.38499,0.75,0.75
10.08.2021 00:50:36.949,1.38509,1.38498,0.75,0.75
10.08.2021 00:50:39.063,1.38508,1.38498,0.75,0.82
10.08.2021 00:50:41.239,1.38508,1.38499,0.75,0.75
10.08.2021 00:50:44.819,1.38509,1.38499,0.75,0.75
10.08.2021 00:50:44.921,1.38508,1.38497,0.75,0.75
10.08.2021 00:50:45.023,1.3850700000000002,1.38497,0.37,0.75
10.08.2021 00:51:00.447,1.3850500000000001,1.3849500000000001,1.5,0.75
10.08.2021 00:51:00.549,1.3850200000000001,1.38494,0.75,0.75
10.08.2021 00:51:05.391,1.38503,1.3849200000000002,0.75,1.5
10.08.2021 00:51:05.545,1.38503,1.38493,0.75,0.19
10.08.2021 00:51:05.697,1.38503,1.3849200000000002,0.75,1.5
10.08.2021 00:51:05.798,1.3850200000000001,1.38494,0.75,0.19
10.08.2021 00:51:05.899,1.3850200000000001,1.38493,1.12,0.75
10.08.2021 00:51:06.001,1.3850200000000001,1.38494,0.75,0.19
10.08.2021 00:51:06.653,1.385,1.38494,0.75,0.19
10.08.2021 00:51:06.755,1.385,1.3849200000000002,0.75,0.1
10.08.2021 00:51:06.963,1.38499,1.3849200000000002,0.75,0.19
10.08.2021 00:51:07.065,1.38501,1.3849200000000002,0.75,0.19
10.08.2021 00:51:07.216,1.385,1.38494,0.75,0.19
10.08.2021 00:51:07.672,1.385,1.38493,0.75,0.19
10.08.2021 00:51:15.647,1.38501,1.38494,0.75,0.19
10.08.2021 00:51:15.902,1.3850500000000001,1.38497,3.75,0.19
10.08.2021 00:51:16.004,1.3850600000000002,1.3849500000000001,0.75,2.51
10.08.2021 00:51:16.105,1.38504,1.3849600000000002,0.75,0.75
10.08.2021 00:51:16.494,1.3850500000000001,1.3849600000000002,0.75,0.75
10.08.2021 00:51:18.404,1.3850500000000001,1.3849500000000001,0.75,1.76
10.08.2021 00:51:22.722,1.38508,1.38499,0.75,0.94
10.08.2021 00:51:31.428,1.38509,1.38497,0.75,1.76
10.08.2021 00:51:43.756,1.3850700000000002,1.38497,0.75,1.01
10.08.2021 00:51:44.440,1.385,1.3849500000000001,0.75,0.75
10.08.2021 00:51:44.491,1.38498,1.3849200000000002,0.75,0.75
10.08.2021 00:51:44.593,1.38497,1.3849,0.75,7.57
10.08.2021 00:52:00.922,1.38497,1.38489,0.75,1.01
10.08.2021 00:52:04.471,1.3849500000000001,1.3848500000000001,0.75,0.26
10.08.2021 00:52:12.274,1.3849,1.38483,0.75,0.1
10.08.2021 00:52:12.375,1.38491,1.3848,0.75,0.52
10.08.2021 00:52:12.477,1.38489,1.38481,0.75,0.1
10.08.2021 00:52:14.418,1.3849,1.3848200000000002,0.75,0.26
10.08.2021 00:52:15.669,1.38494,1.38483,0.75,0.45
10.08.2021 00:52:15.721,1.38493,1.3848600000000002,0.75,0.19
10.08.2021 00:52:15.822,1.38494,1.3848600000000002,0.75,0.26
10.08.2021 00:52:16.600,1.38494,1.38487,0.75,0.19
10.08.2021 00:52:17.537,1.3849500000000001,1.38487,0.75,0.26
10.08.2021 00:52:23.429,1.38499,1.3848799999999999,0.82,0.19
10.08.2021 00:52:23.582,1.38498,1.3849,0.75,0.19
10.08.2021 00:52:23.990,1.385,1.38489,0.75,0.26
10.08.2021 00:52:30.832,1.38498,1.3849,1.5,0.19
10.08.2021 00:52:33.537,1.38499,1.3849,1.57,0.19
10.08.2021 00:52:38.161,1.38498,1.3849,0.75,0.19
10.08.2021 00:52:38.707,1.38498,1.3848799999999999,0.75,0.19
10.08.2021 00:52:38.809,1.3849600000000002,1.38489,1.5,0.19
10.08.2021 00:52:38.910,1.3849500000000001,1.38489,0.75,0.19
10.08.2021 00:52:40.326,1.38498,1.38489,0.82,0.19
10.08.2021 00:52:51.398,1.38497,1.38489,0.75,0.26
10.08.2021 00:52:54.699,1.38499,1.3848799999999999,0.75,0.26
10.08.2021 00:53:00.604,1.385,1.3848799999999999,1.76,1.01
10.08.2021 00:53:00.706,1.38499,1.3849,1.57,0.19
10.08.2021 00:53:07.146,1.38499,1.38489,0.75,0.19
10.08.2021 00:53:10.572,1.38499,1.3848799999999999,0.82,0.94
10.08.2021 00:53:15.010,1.38499,1.38489,1.01,1.01
10.08.2021 00:53:15.112,1.38499,1.3849,0.75,0.26
10.08.2021 00:53:28.135,1.38498,1.3848799999999999,1.57,0.19
10.08.2021 00:53:28.237,1.38498,1.38489,1.57,0.94
10.08.2021 00:53:30.302,1.38498,1.3849,0.75,0.75
10.08.2021 00:53:34.487,1.38498,1.38489,0.75,1.01
10.08.2021 00:53:36.209,1.38498,1.3849,0.75,0.75
10.08.2021 00:53:41.137,1.38499,1.3849,0.75,1.01
10.08.2021 00:53:41.239,1.385,1.3849,1.57,1.01
10.08.2021 00:53:47.875,1.3849500000000001,1.3849,0.75,1.01
10.08.2021 00:53:53.862,1.3849600000000002,1.3849,0.75,1.01
10.08.2021 00:53:54.756,1.38498,1.3849,0.75,1.01
10.08.2021 00:53:56.795,1.38497,1.3849200000000002,0.75,0.82
10.08.2021 00:53:56.898,1.38498,1.3849500000000001,0.75,0.75
10.08.2021 00:53:57.102,1.38498,1.38493,0.75,0.82
10.08.2021 00:53:57.365,1.38498,1.3849200000000002,0.75,0.82
10.08.2021 00:54:01.388,1.38498,1.38493,0.75,1.01
10.08.2021 00:54:03.770,1.3850200000000001,1.3849600000000002,0.75,0.75
10.08.2021 00:54:03.872,1.385,1.3849600000000002,0.75,0.75
10.08.2021 00:54:03.923,1.38499,1.38494,0.75,0.82
10.08.2021 00:54:06.219,1.38503,1.38497,0.75,1.12
10.08.2021 00:54:06.270,1.3850700000000002,1.38501,0.75,0.75
10.08.2021 00:54:09.656,1.38509,1.385,0.75,0.82
10.08.2021 00:54:12.205,1.3851,1.38501,0.75,0.1
10.08.2021 00:54:15.907,1.38508,1.3850200000000001,0.75,0.75
10.08.2021 00:54:16.180,1.3850700000000002,1.38501,0.75,0.75
10.08.2021 00:54:16.443,1.3850700000000002,1.3850200000000001,0.75,0.75
10.08.2021 00:54:16.907,1.3850700000000002,1.38501,0.75,0.75
10.08.2021 00:54:18.896,1.3850600000000002,1.38498,0.75,1.69
10.08.2021 00:54:19.583,1.3850500000000001,1.38498,0.75,1.01
10.08.2021 00:54:19.685,1.3850600000000002,1.38498,0.75,0.75
10.08.2021 00:54:22.638,1.38504,1.38498,0.75,0.75
10.08.2021 00:54:22.740,1.38504,1.38497,0.75,0.75
10.08.2021 00:54:27.525,1.3850500000000001,1.3849500000000001,0.75,0.26
10.08.2021 00:54:32.637,1.3850700000000002,1.38499,0.75,0.45
10.08.2021 00:54:37.440,1.3850700000000002,1.38501,0.75,0.75
10.08.2021 00:54:41.513,1.38509,1.38501,0.75,0.94
10.08.2021 00:54:43.544,1.38509,1.3850200000000001,0.75,0.75
10.08.2021 00:54:43.645,1.38508,1.3850200000000001,0.75,0.75
10.08.2021 00:54:44.947,1.38509,1.38499,0.75,0.45
10.08.2021 00:54:45.693,1.3851,1.38499,0.75,0.45
10.08.2021 00:54:46.768,1.38509,1.38501,0.75,0.19
10.08.2021 00:54:47.767,1.38509,1.385,0.75,0.19
10.08.2021 00:54:49.245,1.38509,1.38499,0.75,0.94
10.08.2021 00:54:50.592,1.38508,1.38501,0.75,0.19
10.08.2021 00:54:51.252,1.38509,1.38499,0.75,1.12
10.08.2021 00:54:55.468,1.38509,1.385,0.75,0.19
10.08.2021 00:54:56.250,1.38508,1.385,0.75,1.12
10.08.2021 00:54:59.280,1.3850700000000002,1.38499,0.75,0.75
10.08.2021 00:54:59.382,1.3850500000000001,1.38499,0.75,0.75
10.08.2021 00:55:00.015,1.3850600000000002,1.385,0.75,0.37
10.08.2021 00:55:00.116,1.38508,1.38499,0.75,1.12
10.08.2021 00:55:00.623,1.3850600000000002,1.38499,0.19,0.75
10.08.2021 00:55:00.724,1.3850700000000002,1.38499,0.75,0.19
10.08.2021 00:55:00.776,1.38509,1.38499,0.75,0.19
10.08.2021 00:55:00.877,1.38508,1.38501,0.75,0.1
10.08.2021 00:55:05.390,1.38508,1.38499,0.75,1.76
10.08.2021 00:55:05.543,1.38508,1.38501,0.82,0.75
10.08.2021 00:55:06.981,1.3851,1.385,0.82,0.75
10.08.2021 00:55:08.906,1.38509,1.38499,0.82,0.75
10.08.2021 00:55:11.421,1.38508,1.38501,0.75,0.75
10.08.2021 00:55:12.139,1.38509,1.38499,0.75,0.94
10.08.2021 00:55:12.291,1.38508,1.38499,1.57,0.75
10.08.2021 00:55:30.048,1.3850700000000002,1.38498,0.75,1.87
10.08.2021 00:55:32.979,1.38508,1.38499,2.32,0.75
10.08.2021 00:55:45.798,1.38508,1.38501,0.82,0.75
10.08.2021 00:55:55.363,1.38508,1.385,0.82,0.75
10.08.2021 00:55:55.998,1.38501,1.3849500000000001,0.75,0.75
10.08.2021 00:55:56.049,1.385,1.38493,0.75,0.75
10.08.2021 00:56:00.671,1.38501,1.38493,0.82,0.75
10.08.2021 00:56:00.773,1.3850200000000001,1.38493,1.57,0.75
10.08.2021 00:56:00.925,1.38504,1.3849500000000001,1.95,0.75
10.08.2021 00:56:11.198,1.3850500000000001,1.3849500000000001,0.75,0.75
10.08.2021 00:56:16.299,1.38504,1.3849500000000001,1.5,0.75
10.08.2021 00:56:30.952,1.3850500000000001,1.3849500000000001,1.57,0.75
10.08.2021 00:56:38.820,1.3850500000000001,1.3849600000000002,1.5,0.75
10.08.2021 00:56:43.686,1.38508,1.38499,4.57,0.75
10.08.2021 00:56:43.789,1.38511,1.38499,2.32,0.75
10.08.2021 00:57:02.637,1.38509,1.38499,0.75,0.94
10.08.2021 00:57:03.041,1.38509,1.38498,0.75,0.94
10.08.2021 00:57:03.143,1.3851,1.38498,0.82,0.94
10.08.2021 00:57:03.567,1.3851,1.385,0.82,0.75
10.08.2021 00:57:30.425,1.3851,1.38501,0.75,0.75
10.08.2021 00:57:30.526,1.38511,1.38501,0.75,0.75
10.08.2021 00:57:33.911,1.38511,1.385,0.75,0.75
10.08.2021 00:57:58.207,1.38511,1.38501,0.82,0.75
10.08.2021 00:58:01.111,1.38511,1.3850200000000001,0.75,0.75
10.08.2021 00:58:02.904,1.3851200000000001,1.3850200000000001,1.57,0.75
10.08.2021 00:58:03.664,1.3851200000000001,1.38501,0.75,0.75
10.08.2021 00:58:18.428,1.3851200000000001,1.38503,1.95,0.75
10.08.2021 00:58:25.392,1.38511,1.385,0.82,0.75
10.08.2021 00:58:36.496,1.38511,1.3850200000000001,1.57,0.75
10.08.2021 00:58:57.912,1.38513,1.38501,2.32,0.75
10.08.2021 00:59:02.424,1.38511,1.3850200000000001,0.1,0.75
10.08.2021 00:59:05.079,1.38511,1.38501,0.82,1.5
10.08.2021 00:59:06.425,1.38511,1.3850200000000001,0.1,0.75
10.08.2021 00:59:18.133,1.3851200000000001,1.38503,2.32,0.75
10.08.2021 00:59:19.092,1.38513,1.3850500000000001,0.64,0.75
10.08.2021 00:59:19.194,1.38515,1.3850500000000001,0.1,0.75
10.08.2021 00:59:19.296,1.38515,1.3850600000000002,1.57,0.75
10.08.2021 00:59:35.071,1.3851600000000002,1.3850600000000002,1.95,0.75
10.08.2021 00:59:38.964,1.38515,1.3850600000000002,0.1,0.75
10.08.2021 00:59:42.014,1.3851600000000002,1.3850600000000002,1.95,0.75
10.08.2021 00:59:42.471,1.38515,1.3850600000000002,0.37,0.75
10.08.2021 00:59:42.816,1.3851700000000002,1.3850500000000001,1.95,0.75
10.08.2021 00:59:42.918,1.38514,1.3850500000000001,1.2,0.75
10.08.2021 00:59:43.374,1.38513,1.38504,0.75,0.75
10.08.2021 00:59:43.475,1.38514,1.38504,1.95,0.75
10.08.2021 00:59:44.475,1.3851600000000002,1.3850500000000001,0.82,0.75
10.08.2021 00:59:44.628,1.3851700000000002,1.38508,3.07,0.75
10.08.2021 00:59:44.729,1.3851700000000002,1.3850700000000002,0.75,0.75
10.08.2021 00:59:44.831,1.3851700000000002,1.38509,0.45,0.75
10.08.2021 00:59:44.933,1.38518,1.38509,1.57,0.75
10.08.2021 00:59:45.136,1.38519,1.38509,0.82,0.75
10.08.2021 00:59:46.558,1.3851600000000002,1.38508,0.37,0.75
10.08.2021 00:59:47.044,1.3851600000000002,1.3850700000000002,0.45,0.75
10.08.2021 00:59:47.307,1.3851600000000002,1.3850600000000002,0.19,0.75
10.08.2021 00:59:47.727,1.3851600000000002,1.3850500000000001,0.26,0.75
10.08.2021 00:59:48.106,1.3851200000000001,1.3850600000000002,0.1,0.75
10.08.2021 00:59:52.816,1.3851200000000001,1.3850500000000001,0.1,0.75
10.08.2021 01:00:01.512,1.38515,1.3850700000000002,0.1,0.75
10.08.2021 01:00:01.614,1.38515,1.38509,0.1,0.75
10.08.2021 01:00:02.529,1.3851700000000002,1.38508,0.1,0.75
10.08.2021 01:00:04.235,1.3851600000000002,1.3851,0.1,0.75
10.08.2021 01:00:04.636,1.3851600000000002,1.38511,0.1,0.75
10.08.2021 01:00:07.071,1.3851700000000002,1.38511,0.1,0.75
10.08.2021 01:00:14.199,1.3851700000000002,1.3851,0.1,0.75
10.08.2021 01:00:14.891,1.3851700000000002,1.38511,0.1,0.75
10.08.2021 01:00:17.557,1.38519,1.38509,0.1,0.94
10.08.2021 01:00:18.046,1.38518,1.38509,0.1,0.94
10.08.2021 01:00:21.440,1.38519,1.3851,0.75,0.94
10.08.2021 01:00:27.612,1.38519,1.38509,0.75,0.94
10.08.2021 01:00:36.738,1.38519,1.38508,0.75,0.75
10.08.2021 01:00:37.044,1.38518,1.38508,1.5,0.94
10.08.2021 01:00:37.146,1.38513,1.3850200000000001,1.5,5.25
10.08.2021 01:00:37.248,1.38511,1.385,0.75,0.94
10.08.2021 01:00:37.349,1.38511,1.3850200000000001,0.82,0.75
10.08.2021 01:00:39.742,1.38511,1.38501,1.57,0.94
10.08.2021 01:00:39.844,1.38511,1.3850200000000001,1.57,0.75
10.08.2021 01:00:39.947,1.38511,1.38501,1.57,0.94
10.08.2021 01:00:41.477,1.3851200000000001,1.38501,1.57,0.75
10.08.2021 01:00:42.647,1.38511,1.38501,1.57,0.94
10.08.2021 01:00:42.749,1.3851,1.38501,0.75,0.94
10.08.2021 01:00:48.293,1.3851,1.385,0.82,0.94
10.08.2021 01:00:50.290,1.38509,1.385,0.75,0.94
10.08.2021 01:00:51.153,1.38509,1.38501,0.75,0.19
10.08.2021 01:00:54.269,1.38511,1.385,0.82,0.19
10.08.2021 01:01:00.801,1.38509,1.38501,0.75,0.19
10.08.2021 01:01:04.292,1.38511,1.385,0.82,0.19
10.08.2021 01:01:04.761,1.3851,1.385,0.82,0.94
10.08.2021 01:01:06.512,1.38509,1.385,0.82,0.94
10.08.2021 01:01:15.713,1.38509,1.38498,0.75,0.94
10.08.2021 01:01:21.429,1.3851,1.38498,0.82,0.94
10.08.2021 01:01:30.511,1.38508,1.38499,0.82,0.94
10.08.2021 01:01:38.658,1.38509,1.38499,0.75,0.19
10.08.2021 01:01:42.348,1.3851,1.38499,1.76,0.75
10.08.2021 01:01:58.079,1.3850700000000002,1.385,0.1,0.75
10.08.2021 01:02:08.844,1.38509,1.38499,0.1,0.75
10.08.2021 01:02:08.945,1.38509,1.385,2.51,0.75
10.08.2021 01:02:11.552,1.3850700000000002,1.38499,0.1,0.75
10.08.2021 01:02:11.654,1.38508,1.38497,0.82,0.94
10.08.2021 01:02:11.807,1.3850600000000002,1.38498,0.1,0.94
10.08.2021 01:02:12.357,1.3850700000000002,1.38498,1.5,0.94
10.08.2021 01:02:12.458,1.38508,1.38499,1.2,0.75
10.08.2021 01:02:17.974,1.3850700000000002,1.38497,0.37,0.75
10.08.2021 01:02:18.078,1.38503,1.3849500000000001,0.75,0.19
10.08.2021 01:02:22.869,1.3850200000000001,1.38494,0.75,0.1
10.08.2021 01:02:23.021,1.38501,1.38494,0.75,0.1
10.08.2021 01:02:23.583,1.38501,1.3849200000000002,1.5,0.19
10.08.2021 01:02:25.095,1.38501,1.38491,1.5,0.19
10.08.2021 01:02:30.100,1.38499,1.38491,0.82,0.19
10.08.2021 01:02:33.878,1.385,1.38491,1.57,0.94
10.08.2021 01:02:34.984,1.385,1.3849,0.1,0.94
10.08.2021 01:02:36.389,1.385,1.38491,1.57,0.94
10.08.2021 01:02:41.144,1.38499,1.38491,0.1,0.94
10.08.2021 01:02:42.996,1.38498,1.38491,0.82,0.19
10.08.2021 01:02:44.137,1.38494,1.3848600000000002,0.94,0.75
10.08.2021 01:02:45.253,1.38497,1.38489,0.82,0.75
10.08.2021 01:02:45.354,1.38499,1.3848799999999999,2.02,0.94
10.08.2021 01:02:47.516,1.38497,1.38489,0.1,0.94
10.08.2021 01:02:48.464,1.3849600000000002,1.38489,0.82,0.75
10.08.2021 01:02:48.616,1.3849600000000002,1.3848799999999999,1.57,0.19
10.08.2021 01:02:48.717,1.3849600000000002,1.38487,0.1,0.19
10.08.2021 01:02:50.591,1.3849500000000001,1.38487,0.75,0.19
10.08.2021 01:02:56.901,1.3849,1.38483,0.75,0.19
10.08.2021 01:02:57.003,1.3849,1.3848200000000002,0.75,0.19
10.08.2021 01:02:57.415,1.3849,1.38483,0.75,0.19
10.08.2021 01:03:07.654,1.38491,1.38481,0.82,0.19
10.08.2021 01:03:24.838,1.38491,1.3848200000000002,1.57,0.94
10.08.2021 01:03:28.651,1.38491,1.38481,0.1,0.94
10.08.2021 01:03:40.842,1.3849200000000002,1.38481,1.57,0.94
10.08.2021 01:03:46.185,1.3849200000000002,1.38483,0.75,0.19
10.08.2021 01:03:46.287,1.3849600000000002,1.3848600000000002,2.7,0.75
10.08.2021 01:03:46.388,1.3849500000000001,1.3848799999999999,1.2,0.19
10.08.2021 01:03:47.015,1.3849600000000002,1.3848799999999999,1.5,0.19
10.08.2021 01:03:51.848,1.38497,1.3849,0.75,0.19
10.08.2021 01:03:51.899,1.38499,1.3849,1.57,0.19
10.08.2021 01:03:52.000,1.38499,1.38491,1.5,0.19
10.08.2021 01:04:20.253,1.38501,1.3849,0.75,0.94
10.08.2021 01:04:20.354,1.38501,1.38491,0.75,0.75
10.08.2021 01:04:28.720,1.385,1.38491,0.82,0.94
10.08.2021 01:04:28.872,1.38499,1.38491,0.1,0.94
10.08.2021 01:04:32.991,1.38501,1.3849,1.57,0.94
10.08.2021 01:04:41.797,1.385,1.3849200000000002,0.75,0.75
10.08.2021 01:04:45.019,1.38501,1.3849200000000002,0.75,0.75
10.08.2021 01:04:45.171,1.3850200000000001,1.3849200000000002,0.75,0.94
10.08.2021 01:04:50.199,1.38501,1.38494,0.75,0.75
10.08.2021 01:05:10.758,1.38501,1.38493,0.75,0.19
10.08.2021 01:05:12.756,1.38501,1.3849200000000002,0.82,0.94
10.08.2021 01:05:15.697,1.38501,1.38491,0.75,0.94
10.08.2021 01:05:28.004,1.38501,1.38493,0.75,0.75
10.08.2021 01:05:29.232,1.38501,1.38494,0.75,0.19
10.08.2021 01:05:29.896,1.3850700000000002,1.38498,0.75,0.75
10.08.2021 01:05:29.997,1.3850700000000002,1.38499,7.5,0.75
10.08.2021 01:05:30.150,1.38508,1.38499,1.5,0.75
10.08.2021 01:05:30.684,1.3850700000000002,1.38499,1.57,0.75
10.08.2021 01:05:30.785,1.3850600000000002,1.38498,0.75,0.75
10.08.2021 01:05:33.494,1.38508,1.38498,0.75,0.75
10.08.2021 01:05:34.205,1.3850700000000002,1.385,0.75,0.75
10.08.2021 01:05:38.434,1.38509,1.38499,0.75,0.75
10.08.2021 01:05:41.562,1.3851,1.38499,1.57,0.75
10.08.2021 01:05:46.086,1.38508,1.38498,0.94,0.75
10.08.2021 01:05:46.138,1.3850700000000002,1.3849600000000002,0.75,0.94
10.08.2021 01:05:54.589,1.38509,1.38499,0.37,0.75
10.08.2021 01:05:55.166,1.38509,1.385,1.5,0.75
10.08.2021 01:06:00.103,1.3851,1.385,0.75,0.75
10.08.2021 01:06:01.933,1.38509,1.38498,2.89,0.75
10.08.2021 01:06:01.984,1.3850600000000002,1.38499,0.75,0.75
10.08.2021 01:06:02.974,1.3850600000000002,1.38498,0.75,0.75
10.08.2021 01:06:07.134,1.3850700000000002,1.38498,0.75,0.75
10.08.2021 01:06:08.078,1.3850500000000001,1.38499,0.37,0.75
10.08.2021 01:06:09.028,1.3850700000000002,1.38498,0.75,0.75
10.08.2021 01:06:11.243,1.3850700000000002,1.38497,0.75,0.75
10.08.2021 01:06:18.019,1.3850700000000002,1.385,0.75,0.75
10.08.2021 01:06:20.594,1.38509,1.385,2.32,0.75
10.08.2021 01:06:23.532,1.38509,1.38501,0.82,0.75
10.08.2021 01:06:36.027,1.38509,1.385,0.82,0.75
10.08.2021 01:06:36.129,1.3851,1.385,0.82,0.75
10.08.2021 01:06:46.778,1.38511,1.385,0.82,0.75
10.08.2021 01:07:14.094,1.3851200000000001,1.3850200000000001,0.75,0.75
10.08.2021 01:07:14.195,1.3851200000000001,1.38503,0.75,0.75
10.08.2021 01:07:15.815,1.3851200000000001,1.3850200000000001,0.75,0.75
10.08.2021 01:07:15.866,1.38511,1.38501,1.5,1.12
10.08.2021 01:07:21.799,1.3851,1.38501,0.1,0.75
10.08.2021 01:07:39.347,1.3851,1.385,1.57,1.12
10.08.2021 01:07:39.549,1.38509,1.385,0.1,1.12
10.08.2021 01:07:39.751,1.3851,1.385,1.57,1.12
10.08.2021 01:08:27.180,1.38511,1.385,0.75,0.75
10.08.2021 01:08:30.557,1.38511,1.38499,1.5,1.12
10.08.2021 01:08:34.293,1.38511,1.385,1.57,0.75
10.08.2021 01:09:12.588,1.3851,1.3850200000000001,0.75,0.75
10.08.2021 01:09:14.761,1.38509,1.3850200000000001,0.75,0.75
10.08.2021 01:09:19.637,1.38511,1.38501,0.75,0.75
10.08.2021 01:09:29.566,1.3851,1.38501,0.75,0.75
10.08.2021 01:09:30.772,1.3851,1.3850200000000001,0.75,0.75
10.08.2021 01:09:40.238,1.3851,1.385,0.75,0.75
10.08.2021 01:09:43.022,1.38509,1.385,1.57,0.75
10.08.2021 01:09:45.979,1.38509,1.38501,0.75,0.75
10.08.2021 01:09:50.081,1.38509,1.385,1.5,0.75
10.08.2021 01:10:20.528,1.3851,1.3850200000000001,0.19,0.75
10.08.2021 01:10:20.630,1.38511,1.38503,0.19,0.19
10.08.2021 01:10:21.587,1.38513,1.38504,1.5,0.94
10.08.2021 01:10:22.921,1.38513,1.3850200000000001,0.75,1.12
10.08.2021 01:10:23.023,1.38511,1.3850200000000001,1.69,0.75
10.08.2021 01:10:25.005,1.3851,1.38501,0.75,0.94
10.08.2021 01:10:30.986,1.38511,1.38501,1.69,0.75
10.08.2021 01:10:42.012,1.3851,1.38499,0.75,0.94
10.08.2021 01:11:41.953,1.38511,1.385,0.75,0.75
10.08.2021 01:11:42.155,1.38511,1.3850200000000001,1.69,0.75
10.08.2021 01:11:45.446,1.38515,1.38503,1.87,1.95
10.08.2021 01:11:45.547,1.38514,1.38503,0.75,1.5
10.08.2021 01:11:45.649,1.3851200000000001,1.38504,0.75,0.75
10.08.2021 01:11:45.750,1.38513,1.3850200000000001,0.75,1.95
10.08.2021 01:11:55.610,1.3851700000000002,1.38508,1.39,0.75
10.08.2021 01:11:55.713,1.3851700000000002,1.38509,0.75,0.75
10.08.2021 01:11:58.090,1.3851700000000002,1.38508,0.75,0.82
10.08.2021 01:12:02.730,1.38518,1.38508,1.69,0.82
10.08.2021 01:12:08.884,1.3851700000000002,1.38508,0.19,0.75
10.08.2021 01:12:21.350,1.38519,1.38508,1.69,0.75
10.08.2021 01:12:22.748,1.3851700000000002,1.38508,0.75,1.5
10.08.2021 01:12:24.068,1.38519,1.38508,0.94,0.75
10.08.2021 01:12:40.032,1.3851600000000002,1.38509,0.19,0.75
10.08.2021 01:12:42.176,1.3851700000000002,1.38509,0.19,0.75
10.08.2021 01:12:55.558,1.3852,1.38509,1.01,0.75
10.08.2021 01:12:55.710,1.38519,1.38508,0.75,0.75
10.08.2021 01:12:55.871,1.38518,1.38508,0.19,0.75
10.08.2021 01:12:57.304,1.3851700000000002,1.38508,0.94,0.75
10.08.2021 01:13:04.037,1.38515,1.38508,0.19,0.75
10.08.2021 01:13:05.025,1.38515,1.3850600000000002,0.94,0.75
10.08.2021 01:13:05.457,1.38514,1.3850600000000002,0.19,0.75
10.08.2021 01:13:08.807,1.38514,1.3850500000000001,0.94,0.75
10.08.2021 01:13:23.110,1.38513,1.3850500000000001,0.19,0.75
10.08.2021 01:13:25.037,1.38513,1.38503,0.75,0.75
10.08.2021 01:13:44.236,1.3851600000000002,1.3850700000000002,0.94,0.75
10.08.2021 01:13:44.338,1.3851700000000002,1.3850700000000002,0.75,0.75
10.08.2021 01:13:44.591,1.3851700000000002,1.38508,0.75,1.39
10.08.2021 01:13:50.198,1.38518,1.38508,0.75,0.75
10.08.2021 01:13:52.994,1.38518,1.38509,1.69,0.75
10.08.2021 01:13:53.095,1.38518,1.38508,0.19,0.75
10.08.2021 01:13:53.146,1.3851200000000001,1.3850500000000001,0.75,0.37
10.08.2021 01:13:53.248,1.38511,1.38501,1.5,0.19
10.08.2021 01:13:53.349,1.38511,1.385,1.5,0.64
10.08.2021 01:13:53.451,1.38509,1.38501,0.75,0.19
10.08.2021 01:13:54.079,1.3851,1.38501,1.5,0.19
10.08.2021 01:13:54.534,1.3851,1.38499,0.75,1.01
10.08.2021 01:14:05.071,1.38511,1.385,1.69,0.1
10.08.2021 01:14:05.325,1.3851,1.385,1.5,1.2
10.08.2021 01:14:07.098,1.38511,1.385,0.75,0.82
10.08.2021 01:14:07.682,1.3851200000000001,1.38503,1.5,0.1
10.08.2021 01:14:07.784,1.3851200000000001,1.38504,1.5,0.1
10.08.2021 01:14:08.710,1.38513,1.38504,0.94,0.1
10.08.2021 01:14:21.911,1.3851600000000002,1.3850600000000002,0.82,1.95
10.08.2021 01:14:22.012,1.3851700000000002,1.3850600000000002,0.75,0.1
10.08.2021 01:14:23.257,1.3851600000000002,1.38508,0.75,0.1
10.08.2021 01:14:26.199,1.3851700000000002,1.38508,2.25,0.1
10.08.2021 01:14:46.188,1.3851700000000002,1.38509,0.75,0.1
10.08.2021 01:14:52.416,1.38518,1.3850700000000002,0.75,1.57
10.08.2021 01:14:52.518,1.3851700000000002,1.3850700000000002,1.5,0.1
10.08.2021 01:14:52.620,1.3851600000000002,1.3850700000000002,1.5,0.1
10.08.2021 01:14:53.691,1.3851600000000002,1.38508,0.75,0.75
10.08.2021 01:14:53.793,1.38518,1.3850700000000002,1.5,0.82
10.08.2021 01:14:54.818,1.3851600000000002,1.38508,0.75,0.1
10.08.2021 01:14:55.010,1.3851600000000002,1.3850500000000001,1.5,0.1
10.08.2021 01:14:55.112,1.38515,1.38504,1.5,0.1
10.08.2021 01:14:55.314,1.38515,1.38503,1.57,0.82
10.08.2021 01:14:55.847,1.38513,1.38504,0.75,0.1
10.08.2021 01:14:56.210,1.38514,1.3850200000000001,0.75,1.5
10.08.2021 01:15:01.111,1.38513,1.3850200000000001,0.75,0.75
10.08.2021 01:15:01.364,1.38513,1.38501,0.75,0.75
10.08.2021 01:15:01.567,1.38513,1.3850200000000001,0.75,0.75
10.08.2021 01:15:03.975,1.38513,1.38501,1.5,0.75
10.08.2021 01:15:07.143,1.3851200000000001,1.38503,0.75,0.1
10.08.2021 01:15:07.862,1.3851700000000002,1.3850500000000001,1.2,0.75
10.08.2021 01:15:07.963,1.38515,1.3850600000000002,0.75,0.56
10.08.2021 01:15:08.065,1.38515,1.3850500000000001,0.75,0.19
10.08.2021 01:15:08.167,1.38514,1.38503,0.19,1.2
10.08.2021 01:15:08.849,1.38514,1.3850200000000001,0.94,2.14
10.08.2021 01:15:15.682,1.3851200000000001,1.38503,0.75,0.26
10.08.2021 01:15:16.113,1.3851,1.385,1.5,0.1
10.08.2021 01:15:16.215,1.38509,1.38499,0.75,0.19
10.08.2021 01:15:16.316,1.38508,1.38499,1.69,0.75
10.08.2021 01:15:17.138,1.38508,1.385,1.5,0.1
10.08.2021 01:15:19.598,1.38509,1.38498,1.5,0.82
10.08.2021 01:15:20.633,1.38508,1.385,0.75,0.26
10.08.2021 01:15:24.508,1.3851,1.38499,1.5,0.26
10.08.2021 01:15:27.669,1.38508,1.385,0.75,0.26
10.08.2021 01:15:32.108,1.38509,1.38498,0.94,0.82
10.08.2021 01:15:42.821,1.3851,1.38498,1.69,1.01
10.08.2021 01:15:45.716,1.38508,1.38499,0.75,0.26
10.08.2021 01:15:51.236,1.38508,1.385,1.5,0.26
10.08.2021 01:16:00.220,1.38508,1.38499,1.5,1.01
10.08.2021 01:16:03.259,1.3850700000000002,1.38499,0.75,0.19
10.08.2021 01:16:15.314,1.3850700000000002,1.385,0.75,0.1
10.08.2021 01:16:16.006,1.38508,1.38501,0.75,0.1
10.08.2021 01:16:20.232,1.38508,1.38499,0.75,0.26
10.08.2021 01:16:31.375,1.38508,1.38498,0.75,0.1
10.08.2021 01:16:34.495,1.3850700000000002,1.385,1.5,0.1
10.08.2021 01:16:45.609,1.38508,1.385,0.75,0.1
10.08.2021 01:16:46.020,1.3850700000000002,1.385,0.75,0.1
10.08.2021 01:16:50.197,1.38508,1.385,1.5,0.1
10.08.2021 01:16:57.728,1.38508,1.38501,1.5,0.1
10.08.2021 01:16:57.948,1.38508,1.385,0.75,0.1
10.08.2021 01:16:58.151,1.38508,1.38499,0.75,0.1
10.08.2021 01:17:02.829,1.38508,1.38498,0.75,0.26
10.08.2021 01:17:05.409,1.3850700000000002,1.385,0.75,0.1
10.08.2021 01:17:08.634,1.38509,1.3850200000000001,1.5,0.1
10.08.2021 01:17:10.285,1.38508,1.3850200000000001,0.75,0.1
10.08.2021 01:17:10.536,1.38508,1.38501,0.75,0.1
10.08.2021 01:17:10.637,1.3850700000000002,1.38501,0.75,0.1
10.08.2021 01:17:10.738,1.38508,1.38499,0.75,0.1
10.08.2021 01:17:15.865,1.38508,1.38498,0.75,0.82
10.08.2021 01:17:29.537,1.3850700000000002,1.385,0.75,0.1
10.08.2021 01:17:29.638,1.38508,1.38501,0.75,0.1
10.08.2021 01:17:29.739,1.38508,1.3850200000000001,0.75,0.1
10.08.2021 01:17:33.812,1.38509,1.385,0.75,0.1
10.08.2021 01:17:37.004,1.38508,1.3850200000000001,0.75,0.1
10.08.2021 01:17:41.091,1.3851,1.38501,1.5,0.1
10.08.2021 01:17:45.121,1.38509,1.38503,0.75,0.1
10.08.2021 01:17:45.223,1.38511,1.38504,0.75,0.1
10.08.2021 01:17:45.324,1.3851200000000001,1.38504,0.75,0.1
10.08.2021 01:17:50.197,1.3851200000000001,1.3850500000000001,0.75,0.1
10.08.2021 01:18:01.333,1.3851200000000001,1.3850600000000002,0.75,0.1
10.08.2021 01:18:01.613,1.3851200000000001,1.3850500000000001,0.75,0.1
10.08.2021 01:18:04.494,1.38513,1.3850500000000001,0.75,0.1
10.08.2021 01:18:06.458,1.38513,1.38504,0.75,0.1
10.08.2021 01:18:27.569,1.38513,1.3850600000000002,0.75,0.26
10.08.2021 01:18:27.620,1.3851600000000002,1.3850700000000002,1.5,0.26
10.08.2021 01:18:27.721,1.3851600000000002,1.3850700000000002,0.75,0.1
10.08.2021 01:18:27.823,1.3851700000000002,1.3850700000000002,1.5,0.1
10.08.2021 01:18:29.561,1.3851600000000002,1.38509,0.75,0.1
10.08.2021 01:18:29.900,1.38515,1.38508,0.75,0.1
10.08.2021 01:18:35.207,1.3851700000000002,1.3850700000000002,0.75,0.1
10.08.2021 01:18:39.786,1.38515,1.38508,0.75,0.1
10.08.2021 01:18:39.887,1.38515,1.3850700000000002,0.75,0.19
10.08.2021 01:18:43.196,1.38515,1.38508,0.75,0.1
10.08.2021 01:18:43.298,1.3851600000000002,1.3850600000000002,0.75,0.26
10.08.2021 01:18:46.340,1.3851700000000002,1.3850700000000002,0.75,0.26
10.08.2021 01:18:46.732,1.3851700000000002,1.38508,0.75,0.26
10.08.2021 01:18:49.802,1.38518,1.38508,0.75,0.1
10.08.2021 01:18:49.903,1.3851700000000002,1.3851,0.75,0.1
10.08.2021 01:18:50.207,1.38518,1.38508,0.75,0.26
10.08.2021 01:18:54.990,1.38518,1.38509,0.75,0.1
10.08.2021 01:18:55.344,1.38518,1.3851,0.75,0.1
10.08.2021 01:18:56.480,1.38518,1.38511,0.75,0.1
10.08.2021 01:18:57.521,1.3851700000000002,1.38511,0.75,0.1
10.08.2021 01:18:57.787,1.3851700000000002,1.3851,0.75,0.1
10.08.2021 01:18:57.939,1.38518,1.3851,0.75,0.1
10.08.2021 01:18:58.040,1.38518,1.38511,0.75,0.1
10.08.2021 01:18:58.964,1.38518,1.3851,0.75,0.1
10.08.2021 01:19:00.768,1.38519,1.3851,0.75,0.1
10.08.2021 01:19:01.498,1.38519,1.38511,0.75,0.1
10.08.2021 01:19:05.198,1.3852,1.38511,0.75,0.1
10.08.2021 01:19:07.193,1.38519,1.38511,0.75,0.1
10.08.2021 01:19:08.785,1.38518,1.38511,0.75,0.1
10.08.2021 01:19:09.990,1.38518,1.3851,0.75,0.1
10.08.2021 01:19:11.021,1.38519,1.3851,0.75,0.1
10.08.2021 01:19:11.330,1.38518,1.3851,0.75,0.1
10.08.2021 01:19:11.431,1.3851700000000002,1.3851,0.75,0.1
10.08.2021 01:19:12.427,1.38518,1.3851,0.75,0.1
10.08.2021 01:19:19.945,1.3851600000000002,1.38511,0.75,0.1
10.08.2021 01:19:21.529,1.3851700000000002,1.38511,0.75,0.1
10.08.2021 01:19:22.961,1.3851700000000002,1.3851,0.75,0.1
10.08.2021 01:19:28.794,1.3851600000000002,1.3851,0.75,0.1
10.08.2021 01:19:32.198,1.3851700000000002,1.3851,0.75,0.1
10.08.2021 01:19:35.638,1.3851600000000002,1.38509,0.75,0.26
10.08.2021 01:19:36.151,1.3851700000000002,1.3850700000000002,0.75,0.1
10.08.2021 01:19:36.354,1.38515,1.38508,0.75,0.1
10.08.2021 01:19:41.198,1.3851700000000002,1.3850700000000002,0.75,0.1
10.08.2021 01:19:48.997,1.38515,1.38508,0.75,0.1
10.08.2021 01:19:49.892,1.38515,1.38509,0.75,0.1
10.08.2021 01:19:50.493,1.38515,1.38508,0.75,0.1
10.08.2021 01:19:53.990,1.3851700000000002,1.3850700000000002,1.5,0.26
10.08.2021 01:19:55.916,1.3851600000000002,1.38509,0.75,0.26
10.08.2021 01:19:56.017,1.3851600000000002,1.3851,0.75,0.1
10.08.2021 01:20:07.253,1.3851700000000002,1.38508,0.75,0.26
10.08.2021 01:20:07.862,1.3851600000000002,1.3851,0.75,0.19
10.08.2021 01:20:08.271,1.3851700000000002,1.38508,0.75,0.26
10.08.2021 01:20:09.135,1.3851700000000002,1.38509,0.75,0.26
10.08.2021 01:20:11.851,1.3851700000000002,1.38508,0.75,0.19
10.08.2021 01:20:15.173,1.3851700000000002,1.3850700000000002,0.75,0.19
10.08.2021 01:20:25.163,1.38515,1.3850700000000002,0.75,0.19
10.08.2021 01:20:44.801,1.3851600000000002,1.3850500000000001,0.75,1.95
10.08.2021 01:20:44.955,1.3851600000000002,1.3850600000000002,0.75,0.37
10.08.2021 01:20:45.927,1.38515,1.3850600000000002,0.75,0.82
10.08.2021 01:20:47.437,1.3851600000000002,1.3850600000000002,0.75,0.37
10.08.2021 01:20:47.539,1.3851600000000002,1.3850700000000002,1.5,0.37
10.08.2021 01:20:52.255,1.3851600000000002,1.3850600000000002,0.75,0.75
10.08.2021 01:20:52.407,1.3851700000000002,1.3850600000000002,1.5,0.82
10.08.2021 01:20:54.519,1.3851700000000002,1.3850700000000002,1.5,0.37
10.08.2021 01:20:54.620,1.3851700000000002,1.38508,1.5,0.19
10.08.2021 01:21:00.159,1.3851600000000002,1.3851,0.75,0.19
10.08.2021 01:21:01.128,1.3851700000000002,1.3850700000000002,0.75,0.82
10.08.2021 01:21:02.123,1.38515,1.38508,0.75,0.82
10.08.2021 01:21:06.769,1.3851600000000002,1.38509,0.75,0.82
10.08.2021 01:21:07.034,1.38515,1.38509,0.75,0.82
10.08.2021 01:21:15.340,1.38514,1.38508,0.75,0.82
10.08.2021 01:21:17.085,1.3851600000000002,1.3850700000000002,0.75,0.82
10.08.2021 01:21:19.092,1.38514,1.38508,0.75,0.37
10.08.2021 01:21:19.195,1.38514,1.3850600000000002,0.75,0.26
10.08.2021 01:21:20.230,1.38514,1.3850700000000002,0.75,0.19
10.08.2021 01:21:21.001,1.3851600000000002,1.3850700000000002,1.5,0.19
10.08.2021 01:21:21.204,1.3851600000000002,1.38508,0.75,0.19
10.08.2021 01:21:23.042,1.38515,1.3850700000000002,0.75,0.19
10.08.2021 01:21:23.400,1.3851200000000001,1.3850500000000001,0.75,0.94
10.08.2021 01:21:23.502,1.38511,1.38504,0.75,0.56
10.08.2021 01:21:25.100,1.38515,1.3850600000000002,0.75,1.87
10.08.2021 01:21:25.201,1.3851600000000002,1.3850600000000002,0.75,0.75
10.08.2021 01:21:29.975,1.38509,1.38504,0.75,1.12
10.08.2021 01:21:30.027,1.38508,1.385,0.75,0.75
10.08.2021 01:21:30.129,1.38508,1.38499,0.75,0.75
10.08.2021 01:21:36.655,1.38508,1.385,0.75,0.82
10.08.2021 01:21:38.992,1.3850700000000002,1.385,0.75,0.37
10.08.2021 01:21:39.264,1.38508,1.385,0.75,0.37
10.08.2021 01:21:40.563,1.38509,1.385,1.5,0.37
10.08.2021 01:21:51.257,1.38509,1.38498,0.75,0.75
10.08.2021 01:21:57.467,1.38509,1.38499,0.75,0.1
10.08.2021 01:21:59.049,1.38509,1.38501,0.75,0.75
10.08.2021 01:21:59.151,1.3851,1.38501,0.75,0.75
10.08.2021 01:22:03.429,1.38509,1.385,0.75,1.2
10.08.2021 01:22:05.664,1.3851,1.38498,1.5,0.75
10.08.2021 01:22:07.117,1.38509,1.38498,0.37,0.75
10.08.2021 01:22:34.574,1.38508,1.38498,1.5,0.75
10.08.2021 01:22:40.390,1.3850700000000002,1.38497,0.37,0.75
10.08.2021 01:22:40.869,1.3850700000000002,1.38498,0.75,0.75
10.08.2021 01:22:58.726,1.38504,1.3849500000000001,0.94,0.37
10.08.2021 01:22:58.778,1.3850200000000001,1.38494,1.69,0.75
10.08.2021 01:22:58.829,1.38501,1.3849200000000002,0.19,8.32
10.08.2021 01:23:06.738,1.385,1.38491,0.75,0.75
10.08.2021 01:23:06.839,1.38499,1.3849,1.5,1.2
10.08.2021 01:23:08.739,1.385,1.3849,1.5,0.37
10.08.2021 01:23:14.217,1.38499,1.3849,1.5,1.12
10.08.2021 01:23:19.861,1.38499,1.3848799999999999,1.5,2.06
10.08.2021 01:23:25.465,1.38498,1.3849,1.5,0.37
10.08.2021 01:23:27.718,1.385,1.38489,1.5,0.37
10.08.2021 01:23:38.388,1.38498,1.3849,0.75,0.37
10.08.2021 01:23:38.490,1.38498,1.38489,0.75,1.5
10.08.2021 01:23:41.182,1.38498,1.3849,0.75,0.37
10.08.2021 01:24:10.614,1.38499,1.3849200000000002,0.75,0.19
10.08.2021 01:24:12.715,1.38501,1.38491,1.5,0.19
10.08.2021 01:24:12.818,1.3850500000000001,1.3849600000000002,1.5,2.25
10.08.2021 01:24:17.100,1.3850600000000002,1.38497,0.75,1.5
10.08.2021 01:24:26.915,1.3850600000000002,1.38498,0.75,0.37
10.08.2021 01:24:27.796,1.3850600000000002,1.38499,0.75,0.37
10.08.2021 01:24:32.609,1.3850600000000002,1.38498,0.75,0.19
10.08.2021 01:24:32.710,1.38504,1.3849600000000002,0.75,0.19
10.08.2021 01:24:35.521,1.3850500000000001,1.38494,0.75,0.94
10.08.2021 01:24:48.653,1.38501,1.38494,1.5,0.19
10.08.2021 01:24:48.755,1.38501,1.3849,1.5,0.37
10.08.2021 01:24:48.856,1.38499,1.38491,0.75,0.37
10.08.2021 01:25:03.518,1.385,1.3848799999999999,1.69,1.31
10.08.2021 01:25:03.619,1.38498,1.38489,0.75,0.56
10.08.2021 01:25:06.744,1.38499,1.3849,0.75,0.19
10.08.2021 01:25:06.845,1.38501,1.38491,0.75,0.19
10.08.2021 01:25:06.896,1.38501,1.38494,0.75,0.19
10.08.2021 01:25:06.997,1.38504,1.38494,0.75,0.19
10.08.2021 01:25:35.198,1.3850500000000001,1.38494,1.5,0.19
10.08.2021 01:26:01.495,1.38504,1.38494,1.5,0.75
10.08.2021 01:26:02.983,1.385,1.3849,0.75,1.2
10.08.2021 01:26:03.297,1.38499,1.38489,1.5,1.95
10.08.2021 01:26:08.583,1.385,1.38489,1.5,0.75
10.08.2021 01:26:11.510,1.38499,1.38489,1.5,1.95
10.08.2021 01:27:18.443,1.38499,1.3849,1.5,0.19
10.08.2021 01:27:31.312,1.38499,1.38489,0.94,0.19
10.08.2021 01:27:36.247,1.38497,1.38489,0.75,0.19
10.08.2021 01:27:36.348,1.38497,1.3848799999999999,0.75,0.19
10.08.2021 01:27:44.522,1.38499,1.38487,1.76,0.94
10.08.2021 01:27:56.812,1.38497,1.3848799999999999,0.75,0.19
10.08.2021 01:28:00.522,1.38498,1.3848600000000002,1.5,2.7
10.08.2021 01:28:02.117,1.3849600000000002,1.38487,0.75,1.5
10.08.2021 01:28:03.534,1.3849200000000002,1.3848600000000002,0.19,0.75
10.08.2021 01:28:03.585,1.38493,1.38483,0.75,0.82
10.08.2021 01:28:03.686,1.38493,1.38481,0.75,1.12
10.08.2021 01:28:05.110,1.3849,1.38481,0.75,0.37
10.08.2021 01:28:06.604,1.3849,1.38479,0.75,0.37
10.08.2021 01:28:06.706,1.38489,1.38479,1.5,1.12
10.08.2021 01:28:09.243,1.38489,1.3848,1.5,0.37
10.08.2021 01:28:19.515,1.3849,1.38481,0.75,0.19
10.08.2021 01:28:19.567,1.38493,1.38483,0.75,0.19
10.08.2021 01:28:19.669,1.38494,1.38483,0.75,0.19
10.08.2021 01:28:41.202,1.38494,1.38484,0.75,0.45
10.08.2021 01:28:41.844,1.3849200000000002,1.38483,0.75,0.19
10.08.2021 01:28:41.895,1.3849,1.3848200000000002,1.5,1.2
10.08.2021 01:28:41.997,1.3849,1.38479,0.75,0.37
10.08.2021 01:28:42.200,1.38491,1.38479,0.75,1.12
10.08.2021 01:28:42.301,1.3849200000000002,1.38479,0.94,1.87
10.08.2021 01:28:42.403,1.3849200000000002,1.38481,0.75,0.37
10.08.2021 01:28:46.000,1.3849200000000002,1.3848200000000002,0.75,0.19
10.08.2021 01:28:46.578,1.38494,1.3848200000000002,0.75,0.19
10.08.2021 01:28:48.149,1.3849,1.38481,0.75,0.75
10.08.2021 01:28:48.250,1.3849,1.3848,0.75,1.5
10.08.2021 01:28:48.677,1.38489,1.3848,0.75,0.37
10.08.2021 01:28:52.747,1.3849,1.38478,0.75,1.57
10.08.2021 01:28:54.113,1.38489,1.38478,0.75,0.19
10.08.2021 01:28:56.904,1.38489,1.3848,1.5,0.19
10.08.2021 01:29:00.331,1.38489,1.38479,1.69,0.19
10.08.2021 01:29:01.853,1.38489,1.38477,0.19,1.31
10.08.2021 01:29:08.775,1.38489,1.38478,1.5,0.19
10.08.2021 01:29:18.464,1.3849,1.38478,1.69,0.94
10.08.2021 01:29:43.149,1.3848799999999999,1.38478,0.94,0.94
10.08.2021 01:29:43.988,1.3848799999999999,1.38479,0.75,0.19
10.08.2021 01:29:47.066,1.38489,1.38479,2.44,0.19
10.08.2021 01:29:47.297,1.38489,1.3848,1.69,0.75
10.08.2021 01:30:00.169,1.3849,1.38478,2.44,0.94
10.08.2021 01:30:00.975,1.38489,1.3848,0.75,0.19
10.08.2021 01:30:16.544,1.3849,1.38478,1.69,0.94
10.08.2021 01:30:32.257,1.38489,1.38478,0.75,0.19
10.08.2021 01:30:46.703,1.38487,1.38477,1.76,1.69
10.08.2021 01:30:46.805,1.38487,1.3847600000000002,0.75,0.94
10.08.2021 01:30:46.907,1.38487,1.38477,1.76,0.94
10.08.2021 01:30:47.010,1.3848600000000002,1.38477,0.75,0.94
10.08.2021 01:30:50.636,1.38487,1.38477,1.76,1.5
10.08.2021 01:30:50.738,1.38487,1.38478,1.5,0.19
10.08.2021 01:30:51.504,1.38487,1.38477,0.75,0.19
10.08.2021 01:30:53.673,1.3848799999999999,1.38477,1.57,0.56
10.08.2021 01:30:55.184,1.38487,1.38477,0.75,0.19
10.08.2021 01:30:59.630,1.3848600000000002,1.3847500000000001,1.5,0.94
10.08.2021 01:30:59.731,1.38484,1.3847500000000001,0.75,0.19
10.08.2021 01:31:00.003,1.38487,1.38477,0.75,0.37
10.08.2021 01:31:01.429,1.38487,1.38478,0.75,0.37
10.08.2021 01:31:04.610,1.3848799999999999,1.38478,1.5,1.12
10.08.2021 01:31:06.462,1.3848799999999999,1.38479,1.5,0.37
10.08.2021 01:31:06.563,1.3848799999999999,1.3848,1.5,0.37
10.08.2021 01:31:08.250,1.3849,1.38481,1.5,0.19
10.08.2021 01:31:08.351,1.38489,1.38481,1.5,0.37
10.08.2021 01:31:10.938,1.38489,1.3848,0.75,0.37
10.08.2021 01:31:11.477,1.38489,1.38481,1.5,0.37
10.08.2021 01:31:18.987,1.3849200000000002,1.38481,1.5,0.56
10.08.2021 01:31:19.291,1.3849,1.3848200000000002,0.75,0.37
10.08.2021 01:31:19.392,1.38489,1.3848200000000002,0.75,0.37
10.08.2021 01:31:19.493,1.38489,1.38481,1.5,0.37
10.08.2021 01:31:20.854,1.38489,1.3848,1.87,0.37
10.08.2021 01:31:21.007,1.3848799999999999,1.3848,0.75,0.37
10.08.2021 01:31:21.211,1.3848799999999999,1.38478,0.75,2.62
10.08.2021 01:31:21.769,1.3848600000000002,1.38478,0.75,0.37
10.08.2021 01:31:22.022,1.3848600000000002,1.38477,1.5,1.5
10.08.2021 01:31:23.290,1.38487,1.38477,1.87,2.25
10.08.2021 01:31:25.438,1.38487,1.3847600000000002,0.75,2.25
10.08.2021 01:31:25.715,1.3848799999999999,1.38477,1.5,0.37
10.08.2021 01:31:25.816,1.38487,1.38477,1.5,1.87
10.08.2021 01:31:25.917,1.38487,1.3847600000000002,0.75,1.87
10.08.2021 01:31:26.019,1.38487,1.38477,1.5,2.25
10.08.2021 01:31:28.286,1.38487,1.38478,1.87,0.75
10.08.2021 01:31:50.827,1.38487,1.38477,0.75,1.39
10.08.2021 01:31:51.414,1.38487,1.38478,0.75,1.5
10.08.2021 01:31:52.420,1.38487,1.38479,0.75,0.37
10.08.2021 01:31:52.776,1.3848799999999999,1.38479,0.75,1.12
10.08.2021 01:32:02.658,1.38487,1.38479,0.75,0.37
10.08.2021 01:32:07.991,1.38487,1.38478,0.75,0.37
10.08.2021 01:32:08.265,1.3848600000000002,1.38478,0.75,0.75
10.08.2021 01:32:08.367,1.3848600000000002,1.38477,1.5,0.75
10.08.2021 01:32:08.469,1.38484,1.3847500000000001,0.75,1.2
10.08.2021 01:32:09.558,1.38483,1.3847500000000001,0.75,0.37
10.08.2021 01:32:11.746,1.38484,1.3847500000000001,0.75,0.37
10.08.2021 01:32:12.196,1.3848500000000001,1.38478,0.37,0.37
10.08.2021 01:32:12.660,1.38487,1.38478,1.12,0.75
10.08.2021 01:32:16.140,1.38487,1.38477,0.75,0.37
10.08.2021 01:32:17.890,1.38487,1.3847600000000002,0.75,1.2
10.08.2021 01:32:18.629,1.3848600000000002,1.38478,0.75,0.37
10.08.2021 01:32:18.781,1.3848600000000002,1.38477,0.75,1.2
10.08.2021 01:32:22.187,1.3848600000000002,1.38478,0.75,0.75
10.08.2021 01:32:32.901,1.38487,1.3848,0.75,0.37
10.08.2021 01:32:37.841,1.38487,1.38479,0.75,0.37
10.08.2021 01:32:46.591,1.3848600000000002,1.38479,0.75,1.57
10.08.2021 01:32:47.271,1.3848500000000001,1.38479,0.75,0.37
10.08.2021 01:32:47.372,1.3848600000000002,1.38477,0.75,0.37
10.08.2021 01:32:47.817,1.3848600000000002,1.3847600000000002,0.75,1.2
10.08.2021 01:32:51.466,1.3848500000000001,1.38478,0.75,0.37
10.08.2021 01:32:51.568,1.3848600000000002,1.38478,0.75,0.37
10.08.2021 01:32:52.660,1.3848600000000002,1.38477,0.75,1.57
10.08.2021 01:32:52.761,1.38487,1.38477,0.75,0.82
10.08.2021 01:32:55.162,1.3848600000000002,1.38479,0.75,0.37
10.08.2021 01:32:56.366,1.3848600000000002,1.3848,0.75,0.75
10.08.2021 01:32:56.847,1.3848600000000002,1.38479,0.75,1.12
10.08.2021 01:32:57.423,1.38487,1.38479,0.75,1.12
10.08.2021 01:33:00.730,1.3848600000000002,1.38478,0.75,0.45
10.08.2021 01:33:00.933,1.3848600000000002,1.38477,0.75,0.82
10.08.2021 01:33:02.576,1.3848500000000001,1.38477,0.75,0.37
10.08.2021 01:33:15.845,1.38487,1.38477,0.75,0.56
10.08.2021 01:33:18.487,1.3848600000000002,1.38477,0.75,1.57
10.08.2021 01:33:22.125,1.3848600000000002,1.38478,0.75,0.37
10.08.2021 01:33:22.277,1.3848600000000002,1.38477,0.75,1.12
10.08.2021 01:33:25.049,1.38483,1.38477,0.75,0.75
10.08.2021 01:33:25.151,1.38483,1.38474,0.75,0.37
10.08.2021 01:33:26.553,1.38483,1.38473,0.75,0.37
10.08.2021 01:33:31.143,1.38479,1.38473,0.75,1.12
10.08.2021 01:33:31.245,1.38478,1.3847,0.75,1.31
10.08.2021 01:33:36.060,1.38477,1.3847,0.75,0.37
10.08.2021 01:33:41.552,1.38477,1.38469,0.75,0.37
10.08.2021 01:33:41.806,1.38473,1.38469,0.75,0.37
10.08.2021 01:33:41.858,1.3847,1.38463,0.75,0.75
10.08.2021 01:33:41.960,1.38468,1.38464,0.75,0.75
10.08.2021 01:33:42.062,1.38469,1.38464,0.75,0.75
10.08.2021 01:33:43.228,1.3847,1.3846,0.75,0.37
10.08.2021 01:33:43.380,1.38469,1.3846,0.75,1.69
10.08.2021 01:33:44.060,1.38468,1.3846,0.75,0.94
10.08.2021 01:33:46.774,1.38467,1.38459,0.75,1.69
10.08.2021 01:33:47.027,1.38468,1.38459,0.75,0.94
10.08.2021 01:33:50.245,1.38469,1.3846,1.87,1.12
10.08.2021 01:33:51.220,1.38469,1.38459,1.87,2.62
10.08.2021 01:33:52.164,1.38469,1.38458,0.75,0.94
10.08.2021 01:33:54.339,1.38469,1.3846,1.5,1.12
10.08.2021 01:34:00.646,1.38469,1.38459,0.75,0.37
10.08.2021 01:34:00.774,1.38469,1.38458,0.75,1.31
10.08.2021 01:34:13.876,1.38468,1.3846,0.75,0.37
10.08.2021 01:34:14.879,1.38469,1.38458,0.75,2.25
10.08.2021 01:34:22.890,1.38469,1.38459,0.75,0.75
10.08.2021 01:34:23.241,1.38468,1.38459,0.75,2.06
10.08.2021 01:34:34.159,1.38469,1.38457,0.94,3.45
10.08.2021 01:34:34.261,1.38467,1.38458,0.75,0.75
10.08.2021 01:34:37.089,1.38467,1.38457,0.94,3.26
10.08.2021 01:34:39.780,1.38467,1.38458,0.75,0.37
10.08.2021 01:34:42.786,1.38466,1.38458,0.75,0.37
10.08.2021 01:34:43.916,1.38468,1.38457,0.75,0.37
10.08.2021 01:34:52.429,1.38463,1.3845500000000002,0.75,0.37
10.08.2021 01:34:52.480,1.38463,1.3845200000000002,0.94,0.1
10.08.2021 01:34:52.581,1.3846100000000001,1.3845200000000002,0.75,9.45
10.08.2021 01:34:52.834,1.3846100000000001,1.38453,0.75,0.37
10.08.2021 01:34:55.074,1.3846200000000002,1.3845100000000001,0.75,0.45
10.08.2021 01:35:00.986,1.3846,1.3845100000000001,0.75,0.75
10.08.2021 01:35:01.088,1.3846,1.3845,0.75,1.95
10.08.2021 01:35:01.467,1.38459,1.38449,0.75,3.45
10.08.2021 01:35:01.568,1.38458,1.38449,0.75,3.07
10.08.2021 01:35:04.256,1.38458,1.38448,0.75,1.2
10.08.2021 01:35:04.358,1.38457,1.38448,0.19,1.31
10.08.2021 01:35:05.624,1.38457,1.38449,0.19,0.75
10.08.2021 01:35:05.776,1.38457,1.38448,0.19,1.31
10.08.2021 01:35:06.098,1.38457,1.38447,0.94,1.76
10.08.2021 01:35:06.200,1.3845500000000002,1.38446,0.75,0.75
10.08.2021 01:35:23.888,1.38457,1.38447,0.37,1.12
10.08.2021 01:35:23.991,1.38456,1.38449,0.37,0.75
10.08.2021 01:35:24.837,1.38457,1.38449,0.37,0.75
10.08.2021 01:35:25.076,1.38459,1.38448,0.94,0.75
10.08.2021 01:35:29.804,1.3846,1.38449,1.31,0.75
10.08.2021 01:35:44.189,1.38459,1.38449,1.01,1.12
10.08.2021 01:35:46.853,1.3846,1.3845100000000001,0.26,0.75
10.08.2021 01:35:53.166,1.3846100000000001,1.3845100000000001,0.94,0.75
10.08.2021 01:35:58.353,1.3846100000000001,1.3845200000000002,0.94,0.75
10.08.2021 01:36:00.902,1.38459,1.3845100000000001,0.1,0.75
10.08.2021 01:36:01.105,1.38459,1.3845,0.26,0.75
10.08.2021 01:36:01.206,1.38458,1.3845,0.1,0.75
10.08.2021 01:36:01.308,1.38459,1.3845100000000001,0.26,0.75
10.08.2021 01:36:08.373,1.38459,1.3845,0.75,0.75
10.08.2021 01:36:10.644,1.38459,1.3845100000000001,0.26,0.75
10.08.2021 01:36:20.907,1.3846,1.38449,0.64,0.75
10.08.2021 01:36:23.468,1.38459,1.38449,0.75,0.75
10.08.2021 01:36:23.672,1.38459,1.3845,0.64,0.75
10.08.2021 01:36:27.224,1.38457,1.38448,0.1,1.69
10.08.2021 01:36:27.325,1.38456,1.38447,0.1,0.75
10.08.2021 01:36:27.528,1.38457,1.38447,0.26,0.75
10.08.2021 01:36:29.450,1.38456,1.38446,0.1,0.75
10.08.2021 01:36:29.631,1.3845100000000001,1.38445,0.19,0.37
10.08.2021 01:36:29.733,1.3845200000000002,1.3844200000000002,0.19,0.75
10.08.2021 01:36:30.809,1.38449,1.3844200000000002,0.19,0.75
10.08.2021 01:36:31.903,1.3845100000000001,1.3844100000000001,0.1,0.75
10.08.2021 01:36:34.848,1.38449,1.3844200000000002,0.1,0.75
10.08.2021 01:36:35.001,1.38449,1.3844100000000001,0.1,0.75
10.08.2021 01:36:35.244,1.3845,1.38439,0.26,0.75
10.08.2021 01:36:48.794,1.3845,1.3844,2.32,1.12
10.08.2021 01:36:49.047,1.3845,1.3844100000000001,0.82,0.75
10.08.2021 01:36:52.215,1.3845,1.38439,0.75,1.69
10.08.2021 01:36:53.535,1.3845,1.38438,0.82,1.31
10.08.2021 01:37:00.233,1.38448,1.38438,0.82,1.69
10.08.2021 01:37:02.286,1.38449,1.38438,0.82,0.75
10.08.2021 01:37:21.164,1.38449,1.3844,0.75,0.75
10.08.2021 01:37:21.366,1.3845,1.3844100000000001,0.75,0.75
10.08.2021 01:37:22.733,1.38453,1.3844100000000001,0.75,1.01
10.08.2021 01:37:22.835,1.3845200000000002,1.38443,0.75,0.75
10.08.2021 01:37:22.936,1.38454,1.38443,0.75,0.75
10.08.2021 01:37:27.281,1.3845500000000002,1.38446,0.19,1.12
10.08.2021 01:37:27.332,1.38457,1.38448,1.27,2.25
10.08.2021 01:37:28.523,1.38458,1.38448,0.75,0.37
10.08.2021 01:37:30.768,1.38458,1.38449,0.75,1.12
10.08.2021 01:37:50.421,1.38457,1.38448,0.75,0.75
10.08.2021 01:37:50.573,1.38459,1.38447,2.44,0.75
10.08.2021 01:37:50.674,1.38457,1.38448,0.75,0.75
10.08.2021 01:37:51.196,1.38458,1.38449,2.44,0.75
10.08.2021 01:37:51.545,1.38458,1.38447,0.75,0.75
10.08.2021 01:37:51.647,1.38458,1.38448,1.69,1.12
10.08.2021 01:37:51.799,1.38458,1.38447,0.75,0.75
10.08.2021 01:37:53.212,1.38458,1.38448,1.69,0.94
10.08.2021 01:37:57.922,1.38458,1.38449,0.19,0.75
10.08.2021 01:37:58.024,1.3846,1.38449,0.75,0.94
10.08.2021 01:37:58.226,1.3846,1.3845100000000001,0.94,0.75
10.08.2021 01:38:02.599,1.3846100000000001,1.38449,0.94,1.01
10.08.2021 01:38:02.976,1.3846100000000001,1.3845200000000002,0.94,0.75
10.08.2021 01:38:03.077,1.3846,1.3845200000000002,0.75,0.19
10.08.2021 01:38:04.150,1.3846100000000001,1.3845,0.75,2.7
10.08.2021 01:38:06.794,1.3846,1.3845,0.75,2.7
10.08.2021 01:38:09.704,1.3846,1.38449,0.75,1.95
10.08.2021 01:38:11.118,1.3846100000000001,1.3845,0.75,0.75
10.08.2021 01:38:11.219,1.3846100000000001,1.3845200000000002,2.44,0.75
10.08.2021 01:38:11.372,1.3846100000000001,1.3845100000000001,0.19,0.75
10.08.2021 01:38:11.643,1.3846100000000001,1.3845,0.94,0.82
10.08.2021 01:38:18.390,1.38459,1.3845,0.75,1.57
10.08.2021 01:38:26.011,1.3846,1.3845,0.75,1.01
10.08.2021 01:38:26.114,1.3846200000000002,1.38453,0.75,0.75
10.08.2021 01:38:31.906,1.3846,1.3845200000000002,0.75,0.75
10.08.2021 01:38:31.958,1.38459,1.3845,0.75,1.76
10.08.2021 01:38:35.247,1.3846,1.3845100000000001,0.75,0.75
10.08.2021 01:38:39.888,1.3846200000000002,1.3845200000000002,0.94,0.94
10.08.2021 01:38:41.235,1.3846200000000002,1.38453,0.75,0.19
10.08.2021 01:38:41.336,1.38464,1.3845200000000002,0.75,1.87
10.08.2021 01:38:45.712,1.38463,1.38454,0.75,0.75
10.08.2021 01:38:51.153,1.38463,1.3845200000000002,0.75,0.75
10.08.2021 01:38:51.254,1.3846200000000002,1.3845200000000002,0.75,0.75
