Gmt time,Ask,Bid,AskVolume,BidVolume
30.08.2021 00:00:00.083,1.3763400000000001,1.3762,0.37,0.75
30.08.2021 00:00:00.185,1.3763200000000002,1.3762,0.75,0.75
30.08.2021 00:00:00.870,1.3763400000000001,1.37619,0.37,0.75
30.08.2021 00:00:01.593,1.3763400000000001,1.3761700000000001,0.37,1.48
30.08.2021 00:00:01.926,1.37633,1.3762,0.37,0.75
30.08.2021 00:00:04.956,1.3763200000000002,1.3762,0.75,0.75
30.08.2021 00:00:06.544,1.3763200000000002,1.37619,0.75,1.5
30.08.2021 00:00:25.083,1.37633,1.3762,1.12,0.75
30.08.2021 00:00:35.420,1.37635,1.3762200000000002,0.75,0.75
30.08.2021 00:00:35.522,1.37637,1.37623,3.45,0.75
30.08.2021 00:00:35.625,1.37637,1.3762400000000001,0.37,1.5
30.08.2021 00:00:35.878,1.37638,1.3762400000000001,2.06,1.5
30.08.2021 00:00:36.238,1.37638,1.37623,0.75,1.5
30.08.2021 00:00:36.440,1.37639,1.37623,1.31,1.5
30.08.2021 00:00:36.750,1.37638,1.37625,0.94,0.75
30.08.2021 00:00:36.851,1.37638,1.3762400000000001,0.94,1.5
30.08.2021 00:00:37.407,1.37637,1.3762400000000001,0.75,1.69
30.08.2021 00:00:37.769,1.37639,1.37623,1.87,1.69
30.08.2021 00:00:38.678,1.37637,1.3762400000000001,0.75,1.69
30.08.2021 00:00:39.248,1.37638,1.3762400000000001,1.12,1.69
30.08.2021 00:00:39.660,1.3764,1.37625,0.75,0.94
30.08.2021 00:00:40.104,1.3764100000000001,1.37626,0.75,0.19
30.08.2021 00:00:40.407,1.3764200000000002,1.37627,0.94,0.75
30.08.2021 00:00:42.704,1.3764100000000001,1.37629,0.94,0.75
30.08.2021 00:00:42.806,1.3764500000000002,1.3763,2.89,2.62
30.08.2021 00:00:43.890,1.3764500000000002,1.37629,2.44,3.37
30.08.2021 00:00:43.992,1.37643,1.3763,0.75,3.37
30.08.2021 00:00:46.798,1.37644,1.3763200000000002,2.44,0.19
30.08.2021 00:00:47.168,1.37644,1.3763100000000001,0.75,0.19
30.08.2021 00:00:59.874,1.37643,1.3763100000000001,0.75,0.19
30.08.2021 00:01:00.126,1.37643,1.3763,0.75,0.19
30.08.2021 00:01:00.278,1.37643,1.37629,0.94,0.56
30.08.2021 00:01:00.582,1.3764200000000002,1.3763100000000001,0.94,0.37
30.08.2021 00:01:00.733,1.37643,1.37629,0.94,1.31
30.08.2021 00:01:00.835,1.3764200000000002,1.3763100000000001,0.75,1.31
30.08.2021 00:01:00.936,1.37643,1.3763200000000002,1.12,0.19
30.08.2021 00:01:03.105,1.3764500000000002,1.37638,0.94,0.94
30.08.2021 00:01:03.208,1.37646,1.3763400000000001,1.5,0.37
30.08.2021 00:01:03.259,1.37648,1.3764200000000002,1.95,0.75
30.08.2021 00:01:03.310,1.37647,1.37637,0.75,1.1
30.08.2021 00:01:03.413,1.37648,1.37635,0.94,0.19
30.08.2021 00:01:03.514,1.37646,1.37636,0.75,0.19
30.08.2021 00:01:03.666,1.37647,1.37636,0.19,0.94
30.08.2021 00:01:03.768,1.37648,1.37639,0.75,0.19
30.08.2021 00:01:03.819,1.3765100000000001,1.37638,1.2,0.19
30.08.2021 00:01:03.921,1.3765200000000002,1.37638,1.69,0.19
30.08.2021 00:01:05.752,1.3765100000000001,1.37638,4.87,0.75
30.08.2021 00:01:07.226,1.3765,1.37637,0.75,1.12
30.08.2021 00:01:07.277,1.37647,1.37636,0.75,1.12
30.08.2021 00:01:07.378,1.37648,1.37637,0.75,0.37
30.08.2021 00:01:07.646,1.37649,1.37637,0.75,1.12
30.08.2021 00:01:13.104,1.3765100000000001,1.37637,0.75,0.37
30.08.2021 00:01:13.491,1.3765100000000001,1.37636,0.75,1.31
30.08.2021 00:01:14.607,1.3765100000000001,1.37637,0.75,0.37
30.08.2021 00:01:21.095,1.37649,1.37637,0.75,0.92
30.08.2021 00:01:21.197,1.37649,1.37636,0.75,1.69
30.08.2021 00:01:21.399,1.37649,1.37635,0.75,0.94
30.08.2021 00:01:23.318,1.37647,1.37635,0.75,0.19
30.08.2021 00:01:26.268,1.37646,1.37633,0.75,1.12
30.08.2021 00:01:28.959,1.3764500000000002,1.37633,0.75,1.87
30.08.2021 00:01:29.162,1.3764500000000002,1.3763200000000002,0.75,0.37
30.08.2021 00:01:29.213,1.3764200000000002,1.3763,0.75,0.37
30.08.2021 00:01:29.316,1.3764100000000001,1.37627,0.75,1.12
30.08.2021 00:01:31.485,1.37637,1.37626,0.75,0.75
30.08.2021 00:01:31.536,1.37636,1.37623,1.12,1.12
30.08.2021 00:01:31.739,1.37635,1.3762200000000002,0.75,1.12
30.08.2021 00:01:32.103,1.37633,1.3762100000000002,0.75,3
30.08.2021 00:01:32.205,1.3763400000000001,1.3762100000000002,0.75,3.19
30.08.2021 00:01:35.294,1.37636,1.3762100000000002,0.75,0.75
30.08.2021 00:01:41.970,1.3763400000000001,1.3762200000000002,0.75,0.75
30.08.2021 00:01:42.072,1.3763400000000001,1.37619,0.75,1.12
30.08.2021 00:01:43.544,1.37633,1.37618,0.75,1.12
30.08.2021 00:01:43.886,1.3763200000000002,1.3762100000000002,0.75,0.75
30.08.2021 00:01:43.987,1.3763200000000002,1.37619,0.75,1.87
30.08.2021 00:01:45.156,1.3763100000000001,1.37619,0.75,0.37
30.08.2021 00:01:45.257,1.3763100000000001,1.37618,0.75,2.06
30.08.2021 00:01:46.181,1.3763200000000002,1.37619,0.75,0.75
30.08.2021 00:01:47.244,1.3763200000000002,1.3762,0.75,0.75
30.08.2021 00:01:47.346,1.3763400000000001,1.3762200000000002,1.12,0.75
30.08.2021 00:01:48.932,1.3763400000000001,1.3762100000000002,1.12,1.5
30.08.2021 00:02:00.430,1.37633,1.3762100000000002,0.75,0.75
30.08.2021 00:02:00.531,1.37633,1.3762,0.75,1.87
30.08.2021 00:02:02.859,1.3763100000000001,1.3762100000000002,0.75,0.75
30.08.2021 00:02:02.910,1.3763,1.37616,1.87,1.5
30.08.2021 00:02:03.012,1.3763,1.37615,2.25,10.2
30.08.2021 00:02:03.113,1.37629,1.37616,0.19,0.75
30.08.2021 00:02:03.215,1.37626,1.37613,1.12,2.25
30.08.2021 00:02:04.213,1.3762400000000001,1.3761200000000002,0.37,1.5
30.08.2021 00:02:04.315,1.3762400000000001,1.37609,1.12,1.67
30.08.2021 00:02:04.416,1.37623,1.3761100000000002,1.12,0.75
30.08.2021 00:02:04.568,1.37626,1.3761200000000002,1.12,0.75
30.08.2021 00:02:04.669,1.37626,1.37613,1.87,0.75
30.08.2021 00:02:08.293,1.37626,1.3761200000000002,0.75,0.75
30.08.2021 00:02:08.445,1.37626,1.37613,1.12,0.75
30.08.2021 00:02:08.598,1.37625,1.37613,0.75,0.75
30.08.2021 00:02:08.750,1.37626,1.37613,1.12,0.75
30.08.2021 00:02:09.408,1.37626,1.3761200000000002,0.75,0.75
30.08.2021 00:02:09.509,1.37626,1.37613,1.12,0.75
30.08.2021 00:02:09.712,1.37626,1.3761200000000002,0.75,0.75
30.08.2021 00:02:09.813,1.37627,1.3761200000000002,1.12,0.75
30.08.2021 00:02:10.318,1.37626,1.3761200000000002,0.75,0.75
30.08.2021 00:02:10.419,1.37626,1.37613,1.12,0.75
30.08.2021 00:02:10.520,1.37626,1.3761200000000002,0.75,0.75
30.08.2021 00:02:10.672,1.37627,1.3761200000000002,1.12,0.75
30.08.2021 00:02:11.835,1.37625,1.37613,0.75,0.75
30.08.2021 00:02:15.137,1.37625,1.3761200000000002,0.75,0.75
30.08.2021 00:02:15.238,1.37627,1.3761200000000002,1.87,0.75
30.08.2021 00:02:20.510,1.37625,1.3761,0.75,0.75
30.08.2021 00:02:20.612,1.3761700000000001,1.3760700000000001,0.75,0.75
30.08.2021 00:02:21.130,1.37618,1.37603,0.75,0.75
30.08.2021 00:02:23.909,1.3761700000000001,1.37605,0.75,0.75
30.08.2021 00:02:24.624,1.3761700000000001,1.37604,0.75,0.75
30.08.2021 00:02:26.102,1.37615,1.37604,0.19,0.75
30.08.2021 00:02:26.355,1.37616,1.3760200000000002,0.19,0.75
30.08.2021 00:02:26.457,1.37614,1.37603,0.19,0.75
30.08.2021 00:02:28.507,1.37614,1.3760200000000002,0.19,0.75
30.08.2021 00:02:28.659,1.37615,1.3760200000000002,0.94,0.75
30.08.2021 00:02:30.137,1.37615,1.37604,0.19,0.75
30.08.2021 00:02:35.830,1.37615,1.3760200000000002,0.19,0.75
30.08.2021 00:02:35.933,1.37614,1.3760200000000002,0.19,0.75
30.08.2021 00:02:39.945,1.37616,1.37603,0.19,0.75
30.08.2021 00:02:39.997,1.3761700000000001,1.37604,0.75,0.75
30.08.2021 00:02:44.861,1.37616,1.37603,0.75,0.75
30.08.2021 00:03:01.846,1.37616,1.37604,1.12,0.75
30.08.2021 00:03:01.998,1.3761700000000001,1.37604,0.75,0.75
30.08.2021 00:03:02.780,1.3761700000000001,1.37604,0.75,0.75
30.08.2021 00:03:02.882,1.3762,1.37606,1.69,0.75
30.08.2021 00:03:02.983,1.37619,1.37608,0.75,0.75
30.08.2021 00:03:03.085,1.3762200000000002,1.37608,0.75,0.75
30.08.2021 00:03:05.703,1.37619,1.37608,0.75,0.75
30.08.2021 00:03:05.805,1.3762,1.37609,0.75,0.75
30.08.2021 00:03:05.907,1.37627,1.37615,1.12,0.75
30.08.2021 00:03:06.008,1.37627,1.37616,1.12,0.75
30.08.2021 00:03:06.565,1.37627,1.37615,0.75,0.75
30.08.2021 00:03:10.196,1.37626,1.37614,0.75,0.94
30.08.2021 00:03:12.412,1.37627,1.37615,0.75,0.75
30.08.2021 00:03:13.482,1.37627,1.37614,0.75,0.75
30.08.2021 00:03:26.703,1.37625,1.37613,1.69,0.75
30.08.2021 00:03:34.895,1.37623,1.3761200000000002,0.75,0.75
30.08.2021 00:03:37.392,1.3762200000000002,1.3761,0.75,0.94
30.08.2021 00:03:45.215,1.37618,1.37606,0.94,0.75
30.08.2021 00:03:45.317,1.37618,1.37604,0.75,1.2
30.08.2021 00:03:45.419,1.37616,1.37604,1.12,0.75
30.08.2021 00:03:45.671,1.37616,1.37603,0.37,0.75
30.08.2021 00:03:45.773,1.37615,1.3760100000000002,0.94,0.75
30.08.2021 00:03:45.875,1.37613,1.3760200000000002,0.75,0.75
30.08.2021 00:03:47.593,1.3761100000000002,1.3760000000000001,0.19,0.75
30.08.2021 00:03:47.694,1.3761200000000002,1.3760000000000001,0.19,0.75
30.08.2021 00:03:48.216,1.37614,1.3760000000000001,1.12,0.75
30.08.2021 00:03:48.707,1.3761200000000002,1.3760000000000001,0.75,0.75
30.08.2021 00:03:48.836,1.3760700000000001,1.37598,0.19,0.75
30.08.2021 00:03:48.887,1.3760700000000001,1.37596,0.19,0.75
30.08.2021 00:03:48.988,1.37608,1.37594,0.94,0.75
30.08.2021 00:03:54.656,1.37606,1.37595,0.19,0.75
30.08.2021 00:04:04.983,1.37608,1.37596,1.69,0.75
30.08.2021 00:04:05.034,1.3761,1.3759700000000001,0.37,0.75
30.08.2021 00:04:05.135,1.3761,1.37598,0.75,0.75
30.08.2021 00:04:06.064,1.3761100000000002,1.37599,1.12,0.75
30.08.2021 00:04:08.498,1.3760700000000001,1.37596,0.75,0.75
30.08.2021 00:04:08.853,1.37609,1.37595,0.94,0.75
30.08.2021 00:04:08.954,1.37608,1.37595,0.75,0.75
30.08.2021 00:04:09.056,1.37608,1.37596,0.94,0.75
30.08.2021 00:04:09.157,1.3760700000000001,1.37595,0.75,1.87
30.08.2021 00:04:09.259,1.37608,1.37596,0.94,0.75
30.08.2021 00:04:10.681,1.3760700000000001,1.37594,0.19,1.5
30.08.2021 00:04:12.037,1.37608,1.37594,1.12,0.75
30.08.2021 00:04:12.729,1.3760700000000001,1.37593,0.75,1.5
30.08.2021 00:04:16.594,1.37606,1.37592,0.75,1.12
30.08.2021 00:04:16.746,1.37605,1.3759100000000002,0.75,1.12
30.08.2021 00:04:29.450,1.37603,1.3759100000000002,0.75,0.75
30.08.2021 00:04:29.501,1.37599,1.3758700000000001,0.75,1.5
30.08.2021 00:04:29.602,1.37598,1.37586,1.12,0.75
30.08.2021 00:04:29.704,1.37598,1.3758700000000001,0.37,0.75
30.08.2021 00:04:29.805,1.37598,1.37586,1.12,0.75
30.08.2021 00:04:30.360,1.37598,1.37585,0.75,0.75
30.08.2021 00:04:35.307,1.37598,1.37584,0.75,1.5
30.08.2021 00:04:35.509,1.37599,1.37585,0.75,0.75
30.08.2021 00:04:42.327,1.3759700000000001,1.37585,0.75,1.87
30.08.2021 00:04:47.973,1.37599,1.37585,1.12,0.75
30.08.2021 00:04:48.497,1.3759700000000001,1.37585,0.75,1.5
30.08.2021 00:04:49.776,1.37598,1.37586,0.94,0.75
30.08.2021 00:04:49.878,1.3759700000000001,1.37585,0.75,1.87
30.08.2021 00:04:49.980,1.37599,1.37585,0.75,0.75
30.08.2021 00:04:51.156,1.37598,1.37584,0.75,1.5
30.08.2021 00:04:51.258,1.37596,1.37584,0.75,0.75
30.08.2021 00:04:56.709,1.37595,1.3758299999999999,0.75,1.31
30.08.2021 00:04:57.367,1.3759700000000001,1.3758299999999999,0.75,0.75
30.08.2021 00:05:02.171,1.37595,1.3758299999999999,1.12,0.75
30.08.2021 00:05:08.954,1.37596,1.3758299999999999,0.75,0.75
30.08.2021 00:05:11.312,1.37596,1.37582,0.75,0.75
30.08.2021 00:05:20.782,1.37596,1.37584,0.75,0.75
30.08.2021 00:05:25.687,1.3759700000000001,1.37585,0.94,0.75
30.08.2021 00:05:25.990,1.37598,1.37586,0.75,0.75
30.08.2021 00:05:26.042,1.3760000000000001,1.37588,0.75,0.75
30.08.2021 00:05:26.143,1.3760200000000002,1.37588,0.75,0.75
30.08.2021 00:05:29.972,1.3760200000000002,1.3759000000000001,0.75,0.75
30.08.2021 00:05:32.204,1.37598,1.3758700000000001,0.75,0.19
30.08.2021 00:05:32.457,1.37599,1.3758700000000001,0.75,0.94
30.08.2021 00:05:33.412,1.37598,1.37586,0.75,1.87
30.08.2021 00:05:34.379,1.3759700000000001,1.37585,0.75,1.87
30.08.2021 00:05:34.815,1.37594,1.37584,0.75,1.31
30.08.2021 00:05:34.917,1.37595,1.37582,1.69,0.37
30.08.2021 00:05:35.694,1.37595,1.3758100000000002,1.12,1.12
30.08.2021 00:05:35.796,1.37594,1.3758299999999999,0.37,0.75
30.08.2021 00:05:48.053,1.37595,1.3758299999999999,1.12,0.75
30.08.2021 00:05:48.512,1.37594,1.3758100000000002,0.75,1.69
30.08.2021 00:05:48.614,1.37593,1.3758000000000001,0.75,0.75
30.08.2021 00:05:53.197,1.37589,1.37576,0.75,1.12
30.08.2021 00:05:53.299,1.3758700000000001,1.37575,0.94,9
30.08.2021 00:05:54.356,1.37588,1.37575,0.75,0.75
30.08.2021 00:05:54.457,1.37588,1.37574,0.75,1.5
30.08.2021 00:05:58.452,1.37589,1.37575,0.75,0.75
30.08.2021 00:06:00.654,1.37588,1.37574,0.75,1.5
30.08.2021 00:06:08.618,1.37588,1.37576,0.75,0.75
30.08.2021 00:06:12.131,1.3759100000000002,1.3757700000000002,1.5,0.75
30.08.2021 00:06:12.232,1.37592,1.3758000000000001,1.12,0.75
30.08.2021 00:06:14.110,1.3759000000000001,1.3757700000000002,0.75,0.75
30.08.2021 00:06:14.160,1.37592,1.37578,0.94,0.75
30.08.2021 00:06:20.840,1.37595,1.37582,1.12,0.75
30.08.2021 00:06:21.483,1.37596,1.37582,0.94,0.75
30.08.2021 00:06:24.345,1.37595,1.37582,0.75,0.75
30.08.2021 00:06:24.447,1.37592,1.3758000000000001,0.75,0.75
30.08.2021 00:06:25.573,1.3759100000000002,1.37579,0.75,0.75
30.08.2021 00:06:25.675,1.37589,1.37576,0.75,0.75
30.08.2021 00:06:25.778,1.37589,1.37575,1.12,0.75
30.08.2021 00:06:27.239,1.3758700000000001,1.37575,0.75,1.12
30.08.2021 00:06:54.833,1.37586,1.37575,0.75,1.87
30.08.2021 00:06:56.258,1.37586,1.37574,1.87,1.12
30.08.2021 00:07:03.785,1.37588,1.37576,0.19,0.75
30.08.2021 00:07:03.836,1.3759000000000001,1.37576,0.75,1.12
30.08.2021 00:07:03.937,1.3759000000000001,1.37578,1.87,0.75
30.08.2021 00:07:04.783,1.3759100000000002,1.37579,1.87,0.75
30.08.2021 00:07:10.215,1.37592,1.37579,1.12,0.75
30.08.2021 00:07:16.907,1.37594,1.37584,0.75,0.75
30.08.2021 00:07:17.009,1.37596,1.37584,1.95,1.12
30.08.2021 00:07:31.882,1.37595,1.37584,0.75,1.12
30.08.2021 00:07:32.809,1.37596,1.37584,1.5,1.12
30.08.2021 00:07:37.773,1.37595,1.37584,1.69,0.37
30.08.2021 00:07:37.874,1.37595,1.3758100000000002,0.75,1.12
30.08.2021 00:07:41.895,1.37594,1.3758100000000002,0.75,0.37
30.08.2021 00:07:49.852,1.37593,1.3758000000000001,0.75,1.5
30.08.2021 00:07:53.392,1.37592,1.3758000000000001,0.75,1.87
30.08.2021 00:07:58.799,1.37593,1.37582,0.75,1.12
30.08.2021 00:07:58.900,1.3759100000000002,1.3758000000000001,0.75,1.12
30.08.2021 00:08:01.798,1.37589,1.3757700000000002,0.75,1.12
30.08.2021 00:08:01.900,1.3758700000000001,1.37578,0.75,0.75
30.08.2021 00:08:09.440,1.3758700000000001,1.37576,0.75,0.75
30.08.2021 00:08:12.398,1.37588,1.37576,0.75,1.5
30.08.2021 00:08:15.990,1.3758700000000001,1.37576,0.75,0.75
30.08.2021 00:08:23.102,1.37586,1.37576,0.75,0.75
30.08.2021 00:08:26.959,1.3758700000000001,1.37576,0.75,0.75
30.08.2021 00:08:43.378,1.3758700000000001,1.37575,0.75,0.75
30.08.2021 00:08:43.479,1.37585,1.37572,0.94,2.25
30.08.2021 00:08:43.580,1.37586,1.37573,0.19,0.75
30.08.2021 00:08:45.954,1.37585,1.37573,0.94,0.75
30.08.2021 00:08:46.004,1.3758299999999999,1.37572,0.75,1.12
30.08.2021 00:08:46.933,1.37584,1.3757000000000001,0.75,1.69
30.08.2021 00:08:49.333,1.37582,1.3757100000000002,0.75,0.75
30.08.2021 00:09:01.494,1.3758100000000002,1.3756700000000002,0.75,0.75
30.08.2021 00:09:01.596,1.37579,1.37569,0.75,0.75
30.08.2021 00:09:02.634,1.37578,1.37568,0.75,0.75
30.08.2021 00:09:07.664,1.37578,1.37566,0.75,0.75
30.08.2021 00:09:12.686,1.3757700000000002,1.37564,0.94,0.75
30.08.2021 00:09:13.788,1.3757700000000002,1.37565,0.94,0.75
30.08.2021 00:09:23.378,1.37576,1.37565,0.75,1.5
30.08.2021 00:09:27.557,1.37578,1.3756700000000002,0.94,0.94
30.08.2021 00:09:27.760,1.37579,1.37568,0.75,0.75
30.08.2021 00:09:30.746,1.3758100000000002,1.37569,0.75,1.5
30.08.2021 00:09:36.119,1.3758100000000002,1.3757000000000001,0.75,0.75
30.08.2021 00:09:40.020,1.37578,1.3756700000000002,0.75,0.75
30.08.2021 00:09:40.241,1.3757700000000002,1.3756700000000002,0.75,0.75
30.08.2021 00:09:43.393,1.37576,1.37565,0.94,0.75
30.08.2021 00:09:44.449,1.3757700000000002,1.37565,0.75,1.5
30.08.2021 00:09:55.819,1.37578,1.37565,0.75,0.75
30.08.2021 00:09:56.314,1.37578,1.37566,0.75,0.75
30.08.2021 00:10:18.643,1.3757700000000002,1.37566,0.75,0.75
30.08.2021 00:10:24.413,1.37579,1.37565,0.75,1.5
30.08.2021 00:10:25.409,1.3757700000000002,1.37566,0.75,0.75
30.08.2021 00:10:43.566,1.3757700000000002,1.37565,0.75,0.75
30.08.2021 00:10:45.765,1.37578,1.37565,0.75,0.75
30.08.2021 00:10:46.209,1.37578,1.37564,0.75,0.75
30.08.2021 00:10:47.379,1.37576,1.37564,1.12,0.75
30.08.2021 00:10:47.804,1.37576,1.37563,0.37,0.75
30.08.2021 00:10:51.536,1.37576,1.37564,4.5,0.75
30.08.2021 00:10:51.955,1.37576,1.37563,1.5,0.75
30.08.2021 00:10:57.661,1.37576,1.37564,2.25,0.75
30.08.2021 00:10:59.985,1.37576,1.37562,0.75,0.75
30.08.2021 00:11:05.284,1.37576,1.37564,1.87,0.75
30.08.2021 00:11:07.054,1.37575,1.37564,0.37,0.75
30.08.2021 00:11:07.105,1.37573,1.37562,0.75,0.75
30.08.2021 00:11:28.105,1.3757700000000002,1.37563,0.94,0.75
30.08.2021 00:11:28.307,1.3757700000000002,1.37564,0.19,0.75
30.08.2021 00:11:30.318,1.37575,1.37564,0.37,1.5
30.08.2021 00:11:35.954,1.37575,1.37565,0.37,0.75
30.08.2021 00:11:38.833,1.3757700000000002,1.37566,0.75,0.75
30.08.2021 00:11:38.935,1.37579,1.37568,1.5,0.75
30.08.2021 00:11:39.037,1.37582,1.37568,1.5,1.5
30.08.2021 00:11:39.088,1.3758100000000002,1.3757100000000002,1.5,0.75
30.08.2021 00:11:39.442,1.3758100000000002,1.37569,0.75,1.69
30.08.2021 00:11:39.494,1.37586,1.37572,5.06,0.75
30.08.2021 00:11:39.596,1.37586,1.37575,0.45,0.75
30.08.2021 00:11:39.749,1.37588,1.37574,0.94,0.75
30.08.2021 00:11:39.952,1.37586,1.37574,0.37,0.75
30.08.2021 00:11:40.054,1.37585,1.37576,0.37,0.75
30.08.2021 00:11:40.156,1.37586,1.37574,0.37,1.5
30.08.2021 00:11:41.280,1.3758700000000001,1.37575,0.94,1.5
30.08.2021 00:11:45.143,1.3758700000000001,1.37576,0.75,0.75
30.08.2021 00:11:45.244,1.37588,1.37576,0.94,1.5
30.08.2021 00:11:46.269,1.3759000000000001,1.37576,0.75,2.25
30.08.2021 00:11:46.370,1.3759000000000001,1.37579,0.75,0.75
30.08.2021 00:11:46.996,1.3759000000000001,1.37578,0.75,2.25
30.08.2021 00:11:47.097,1.3758700000000001,1.37575,0.94,3.34
30.08.2021 00:11:48.977,1.3758700000000001,1.37574,0.75,0.75
30.08.2021 00:12:00.096,1.37586,1.37574,0.75,1.87
30.08.2021 00:12:52.513,1.37585,1.37573,0.75,1.87
30.08.2021 00:12:55.037,1.37585,1.37574,0.75,0.75
30.08.2021 00:12:56.951,1.37586,1.37574,0.75,0.75
30.08.2021 00:12:58.349,1.3758700000000001,1.37575,3.56,0.75
30.08.2021 00:12:58.519,1.37586,1.37574,0.75,1.5
30.08.2021 00:13:12.711,1.37585,1.37574,0.37,1.5
30.08.2021 00:13:26.805,1.37584,1.37572,0.75,3.17
30.08.2021 00:13:26.906,1.37584,1.3757100000000002,0.75,2.42
30.08.2021 00:13:27.232,1.3758100000000002,1.37569,0.75,0.75
30.08.2021 00:13:27.333,1.3758000000000001,1.37568,0.75,0.75
30.08.2021 00:13:27.435,1.37578,1.37568,0.75,0.75
30.08.2021 00:13:27.486,1.37578,1.37565,0.75,1.67
30.08.2021 00:13:28.666,1.37578,1.37564,0.75,2.25
30.08.2021 00:13:28.768,1.37578,1.37565,0.75,0.75
30.08.2021 00:13:45.296,1.3757700000000002,1.37564,0.75,0.75
30.08.2021 00:13:48.160,1.3757700000000002,1.37565,0.75,0.75
30.08.2021 00:13:53.053,1.3757700000000002,1.37566,0.75,0.75
30.08.2021 00:14:02.577,1.3757700000000002,1.37565,0.75,0.75
30.08.2021 00:14:02.628,1.37576,1.37563,0.19,2.04
30.08.2021 00:14:02.730,1.37576,1.37562,0.94,1.5
30.08.2021 00:14:03.413,1.37574,1.37563,0.75,0.75
30.08.2021 00:14:06.699,1.37574,1.37562,0.94,1.5
30.08.2021 00:14:11.979,1.37573,1.37562,0.75,0.75
30.08.2021 00:14:13.300,1.37572,1.37561,0.75,0.75
30.08.2021 00:14:13.351,1.37568,1.3755700000000002,0.94,1.12
30.08.2021 00:14:15.661,1.3757000000000001,1.37559,0.75,0.75
30.08.2021 00:14:15.712,1.37573,1.37559,0.75,0.75
30.08.2021 00:14:18.519,1.37574,1.3756000000000002,1.69,0.75
30.08.2021 00:14:18.850,1.37573,1.37562,0.75,0.75
30.08.2021 00:14:18.901,1.37578,1.37564,0.75,1.5
30.08.2021 00:14:18.952,1.37579,1.3757100000000002,0.75,0.75
30.08.2021 00:14:19.003,1.3758299999999999,1.37574,0.75,1.5
30.08.2021 00:14:19.055,1.37584,1.37576,7.5,0.75
30.08.2021 00:14:19.157,1.37588,1.37575,0.94,0.75
30.08.2021 00:14:19.259,1.3758700000000001,1.3757700000000002,0.75,0.75
30.08.2021 00:14:19.615,1.37589,1.3757700000000002,0.75,1.5
30.08.2021 00:14:19.959,1.37589,1.37576,0.75,0.75
30.08.2021 00:14:20.061,1.37589,1.37579,0.75,0.75
30.08.2021 00:14:20.391,1.3759100000000002,1.37579,0.75,1.5
30.08.2021 00:14:20.492,1.37595,1.37582,1.5,0.75
30.08.2021 00:14:21.586,1.37596,1.37582,1.5,0.75
30.08.2021 00:14:21.999,1.37595,1.37588,0.75,0.37
30.08.2021 00:14:22.049,1.37598,1.37586,1.5,0.75
30.08.2021 00:14:22.150,1.37598,1.37584,0.75,1.5
30.08.2021 00:14:24.584,1.37596,1.37582,1.87,0.75
30.08.2021 00:14:29.953,1.37594,1.37582,0.75,1.87
30.08.2021 00:14:34.498,1.37596,1.37582,1.87,0.75
30.08.2021 00:14:36.103,1.37589,1.37579,0.75,0.75
30.08.2021 00:14:36.154,1.37588,1.37578,1.12,7.5
30.08.2021 00:14:36.356,1.3758700000000001,1.37576,0.37,0.75
30.08.2021 00:14:36.457,1.37588,1.37574,1.12,0.75
30.08.2021 00:14:51.319,1.37588,1.37575,0.37,0.75
30.08.2021 00:15:01.693,1.3758000000000001,1.3757100000000002,1.31,0.37
30.08.2021 00:15:01.744,1.3757700000000002,1.37569,0.19,2.21
30.08.2021 00:15:01.795,1.37576,1.37566,0.37,8.25
30.08.2021 00:15:01.896,1.37575,1.37566,1.12,7.5
30.08.2021 00:15:01.947,1.37575,1.37563,1.12,1.5
30.08.2021 00:15:05.983,1.37575,1.37562,0.75,0.75
30.08.2021 00:15:11.439,1.3757700000000002,1.37564,1.12,0.75
30.08.2021 00:15:17.819,1.3757700000000002,1.37565,0.37,0.75
30.08.2021 00:15:17.921,1.37578,1.37566,1.12,0.75
30.08.2021 00:15:26.399,1.37579,1.37573,0.37,0.75
30.08.2021 00:15:26.450,1.37584,1.37575,0.75,0.75
30.08.2021 00:15:26.552,1.37585,1.37575,7.5,0.75
30.08.2021 00:15:26.654,1.37586,1.37575,0.75,0.75
30.08.2021 00:15:26.756,1.3758700000000001,1.37576,0.37,0.75
30.08.2021 00:15:28.558,1.3758700000000001,1.37575,1.12,0.75
30.08.2021 00:15:28.912,1.3758700000000001,1.37576,0.37,0.75
30.08.2021 00:15:35.996,1.3758700000000001,1.37575,1.12,0.75
30.08.2021 00:15:39.181,1.3758700000000001,1.37576,0.37,0.75
30.08.2021 00:16:05.262,1.3758700000000001,1.3757700000000002,0.37,0.75
30.08.2021 00:16:07.078,1.37588,1.3757700000000002,0.37,0.75
30.08.2021 00:16:08.391,1.37592,1.37578,2.25,0.75
30.08.2021 00:16:08.493,1.37592,1.3758000000000001,0.94,0.75
30.08.2021 00:16:10.170,1.37594,1.3758100000000002,0.19,0.75
30.08.2021 00:16:13.758,1.37595,1.37586,1.12,0.75
30.08.2021 00:16:14.809,1.3759700000000001,1.37585,0.37,0.75
30.08.2021 00:16:17.757,1.37596,1.37585,0.37,0.75
30.08.2021 00:16:18.238,1.37596,1.37584,1.12,0.75
30.08.2021 00:16:26.291,1.37596,1.37585,0.37,0.75
30.08.2021 00:16:26.443,1.37596,1.37586,0.37,0.75
30.08.2021 00:16:28.623,1.37594,1.37584,0.19,0.75
30.08.2021 00:16:28.724,1.37594,1.3758299999999999,0.37,0.75
30.08.2021 00:16:29.787,1.37594,1.37582,0.37,0.75
30.08.2021 00:16:32.997,1.37594,1.3758100000000002,0.37,0.75
30.08.2021 00:16:34.079,1.37593,1.3758299999999999,0.37,0.75
30.08.2021 00:16:41.984,1.37594,1.3758100000000002,0.37,0.75
30.08.2021 00:16:49.679,1.37589,1.37579,1.31,0.82
30.08.2021 00:16:49.831,1.3758700000000001,1.37579,0.19,0.45
30.08.2021 00:16:49.882,1.37588,1.37576,0.19,0.75
30.08.2021 00:17:08.147,1.3759000000000001,1.3758299999999999,0.75,0.75
30.08.2021 00:17:08.198,1.37594,1.37586,3.19,0.75
30.08.2021 00:17:08.299,1.37595,1.37586,0.75,0.75
30.08.2021 00:17:08.401,1.37596,1.37586,1.12,0.75
30.08.2021 00:17:08.502,1.37596,1.3758700000000001,1.12,0.75
30.08.2021 00:17:13.420,1.3759700000000001,1.37585,0.75,0.75
30.08.2021 00:17:17.952,1.3759700000000001,1.37586,0.75,0.75
30.08.2021 00:17:19.930,1.37596,1.37584,1.12,0.75
30.08.2021 00:17:20.082,1.37595,1.37584,1.87,0.75
30.08.2021 00:17:20.335,1.37594,1.37584,0.37,0.75
30.08.2021 00:17:23.951,1.37595,1.37582,1.12,0.75
30.08.2021 00:17:30.278,1.37595,1.3758299999999999,0.37,0.75
30.08.2021 00:17:35.951,1.37595,1.37584,0.37,0.75
30.08.2021 00:17:45.000,1.37594,1.37584,0.37,0.75
30.08.2021 00:18:02.073,1.37595,1.3758700000000001,0.19,0.75
30.08.2021 00:18:02.124,1.37598,1.37586,2.44,0.75
30.08.2021 00:18:02.751,1.3759700000000001,1.37588,0.19,0.75
30.08.2021 00:18:03.335,1.37599,1.3758700000000001,0.19,0.75
30.08.2021 00:18:16.227,1.37598,1.37589,0.19,0.75
30.08.2021 00:18:34.501,1.37598,1.3759100000000002,0.19,0.75
30.08.2021 00:18:34.919,1.37605,1.37595,0.94,0.75
30.08.2021 00:18:34.970,1.37604,1.37598,0.75,0.75
30.08.2021 00:18:35.021,1.3760700000000001,1.37598,0.19,0.75
30.08.2021 00:18:39.252,1.3760700000000001,1.37599,0.19,0.75
30.08.2021 00:18:43.923,1.37608,1.37599,1.87,0.75
30.08.2021 00:18:44.075,1.3761100000000002,1.3760100000000002,0.37,0.37
30.08.2021 00:18:44.176,1.37615,1.37609,0.19,0.75
30.08.2021 00:18:44.935,1.37618,1.37608,0.37,0.75
30.08.2021 00:18:45.036,1.3761700000000001,1.37608,0.37,0.75
30.08.2021 00:18:45.443,1.37618,1.37608,0.37,0.75
30.08.2021 00:18:45.709,1.37618,1.3760700000000001,0.37,0.75
30.08.2021 00:18:48.059,1.3761700000000001,1.37609,0.37,0.75
30.08.2021 00:18:51.087,1.3761700000000001,1.37608,1.12,0.75
30.08.2021 00:18:53.948,1.3761700000000001,1.37609,0.37,0.75
30.08.2021 00:18:57.138,1.37618,1.3760700000000001,0.37,0.75
30.08.2021 00:19:02.285,1.37618,1.37609,1.12,0.75
30.08.2021 00:19:03.543,1.37618,1.3761,0.75,0.75
30.08.2021 00:19:05.599,1.37619,1.3761,0.75,0.75
30.08.2021 00:19:05.814,1.37619,1.3761100000000002,0.75,0.75
30.08.2021 00:19:05.915,1.3762100000000002,1.37613,0.19,0.75
30.08.2021 00:19:06.168,1.3762,1.3761,0.19,0.75
30.08.2021 00:19:06.269,1.37619,1.3761,0.19,0.75
30.08.2021 00:19:07.221,1.37619,1.3761100000000002,0.19,0.75
30.08.2021 00:19:13.490,1.3762,1.3761100000000002,0.37,0.75
30.08.2021 00:19:13.591,1.3762100000000002,1.37613,0.37,0.75
30.08.2021 00:19:13.899,1.3762100000000002,1.37614,0.37,0.75
30.08.2021 00:19:14.371,1.37623,1.37613,1.12,0.75
30.08.2021 00:19:16.055,1.37625,1.3761700000000001,0.37,0.75
30.08.2021 00:19:16.156,1.37626,1.37619,0.75,0.75
30.08.2021 00:19:16.258,1.37628,1.37619,1.5,0.75
30.08.2021 00:19:27.338,1.37629,1.3761700000000001,1.69,0.75
30.08.2021 00:19:42.025,1.37625,1.37615,0.19,0.75
30.08.2021 00:19:42.128,1.3762400000000001,1.37615,0.37,0.75
30.08.2021 00:19:42.230,1.3762400000000001,1.37614,1.12,0.75
30.08.2021 00:20:02.079,1.37625,1.37616,0.19,0.75
30.08.2021 00:20:02.181,1.37627,1.3761700000000001,1.87,0.75
30.08.2021 00:20:02.283,1.37627,1.37618,1.12,0.75
30.08.2021 00:20:03.364,1.37627,1.3761700000000001,1.87,0.75
30.08.2021 00:20:03.466,1.37627,1.37615,1.5,0.75
30.08.2021 00:20:08.846,1.3762400000000001,1.37615,0.19,0.75
30.08.2021 00:20:08.948,1.37625,1.37613,0.94,0.75
30.08.2021 00:20:43.679,1.3762100000000002,1.3761200000000002,0.19,0.75
30.08.2021 00:20:43.730,1.3762,1.3761,1.5,0.75
30.08.2021 00:20:43.831,1.37619,1.37609,0.75,1.95
30.08.2021 00:20:44.388,1.37619,1.3761,0.37,0.75
30.08.2021 00:20:44.625,1.3762100000000002,1.37609,1.87,0.75
30.08.2021 00:20:45.134,1.3762,1.3761100000000002,0.37,0.75
30.08.2021 00:20:45.235,1.3762100000000002,1.37609,0.37,0.75
30.08.2021 00:20:53.575,1.37626,1.37614,1.12,0.75
30.08.2021 00:20:53.678,1.37627,1.37616,1.12,0.75
30.08.2021 00:20:53.780,1.37628,1.3761700000000001,0.37,0.75
30.08.2021 00:21:03.003,1.37625,1.37616,0.19,0.75
30.08.2021 00:21:03.105,1.37626,1.37614,1.12,0.75
30.08.2021 00:21:03.511,1.3762400000000001,1.37615,0.37,0.75
30.08.2021 00:21:03.612,1.37625,1.37613,0.37,0.75
30.08.2021 00:21:03.714,1.37626,1.37613,1.12,0.75
30.08.2021 00:21:05.524,1.37625,1.3761700000000001,0.37,0.75
30.08.2021 00:21:05.625,1.37626,1.3761700000000001,0.94,0.75
30.08.2021 00:21:05.726,1.37627,1.37615,0.94,0.75
30.08.2021 00:21:08.752,1.37627,1.3761700000000001,0.19,0.75
30.08.2021 00:21:10.308,1.37627,1.37618,0.94,0.75
30.08.2021 00:21:12.250,1.37627,1.3761700000000001,0.94,0.75
30.08.2021 00:21:19.075,1.37628,1.3761700000000001,0.19,0.75
30.08.2021 00:21:25.587,1.37628,1.37618,2.25,0.75
30.08.2021 00:21:52.766,1.3763,1.37618,1.12,0.75
30.08.2021 00:21:53.689,1.3763200000000002,1.3762,1.12,0.75
30.08.2021 00:21:53.790,1.37633,1.3762100000000002,0.94,0.75
30.08.2021 00:22:01.178,1.37633,1.3762200000000002,0.19,0.75
30.08.2021 00:22:01.400,1.37633,1.37623,0.19,0.75
30.08.2021 00:22:01.935,1.3763200000000002,1.3762,1.69,0.75
30.08.2021 00:22:02.137,1.37629,1.37619,2.06,0.75
30.08.2021 00:22:05.951,1.37629,1.3761700000000001,0.75,0.75
30.08.2021 00:22:08.146,1.3763100000000001,1.37625,0.75,0.75
30.08.2021 00:22:08.248,1.37635,1.37626,0.37,0.75
30.08.2021 00:22:10.162,1.3763400000000001,1.37623,1.12,0.75
30.08.2021 00:22:10.264,1.37633,1.37623,0.75,0.75
30.08.2021 00:22:10.365,1.37633,1.3762200000000002,0.19,0.75
30.08.2021 00:22:10.517,1.37633,1.3762,0.94,0.75
30.08.2021 00:22:20.178,1.37629,1.37618,0.75,3.07
30.08.2021 00:22:20.279,1.3763,1.3762,0.37,0.75
30.08.2021 00:22:39.071,1.37635,1.37623,0.75,0.75
30.08.2021 00:22:39.122,1.3763400000000001,1.3762100000000002,0.75,0.75
30.08.2021 00:22:39.223,1.37633,1.3762100000000002,0.75,0.75
30.08.2021 00:22:39.476,1.37633,1.3762,0.75,1.5
30.08.2021 00:22:41.642,1.37628,1.37618,0.75,1.2
30.08.2021 00:22:41.795,1.37629,1.37618,0.75,1.2
30.08.2021 00:22:41.897,1.37627,1.3761700000000001,0.75,0.75
30.08.2021 00:22:47.522,1.37628,1.37615,0.75,0.75
30.08.2021 00:22:57.759,1.37628,1.3761700000000001,1.12,0.75
30.08.2021 00:24:07.387,1.37627,1.3761700000000001,0.75,0.75
30.08.2021 00:24:20.056,1.37628,1.3761700000000001,1.5,0.75
30.08.2021 00:24:24.542,1.37628,1.37618,1.12,0.75
30.08.2021 00:24:24.767,1.37629,1.37616,1.12,0.75
30.08.2021 00:24:33.037,1.37629,1.37623,0.56,1.69
30.08.2021 00:24:33.088,1.3763200000000002,1.3762200000000002,0.75,0.94
30.08.2021 00:24:33.139,1.3763100000000001,1.37625,0.75,0.75
30.08.2021 00:24:33.292,1.37637,1.37625,2.62,0.75
30.08.2021 00:24:33.394,1.37636,1.37625,2.25,0.75
30.08.2021 00:24:34.928,1.37636,1.37626,0.75,0.75
30.08.2021 00:24:35.131,1.37637,1.3762400000000001,2.25,0.75
30.08.2021 00:24:36.313,1.37637,1.37626,1.87,0.75
30.08.2021 00:24:38.022,1.37639,1.37626,0.75,0.75
30.08.2021 00:24:38.226,1.37637,1.37627,0.75,0.75
30.08.2021 00:24:47.538,1.37638,1.37625,0.75,0.75
30.08.2021 00:24:50.952,1.37637,1.37627,0.75,0.75
30.08.2021 00:24:53.019,1.37637,1.37626,1.87,0.75
30.08.2021 00:24:55.016,1.37638,1.37626,0.75,0.75
30.08.2021 00:25:17.027,1.37637,1.37626,0.75,0.75
30.08.2021 00:25:22.666,1.37638,1.3763,0.37,0.75
30.08.2021 00:25:22.717,1.3764200000000002,1.37629,0.75,0.75
30.08.2021 00:25:22.819,1.37643,1.3763,1.12,0.75
30.08.2021 00:25:28.885,1.3764200000000002,1.3763200000000002,0.75,0.19
30.08.2021 00:25:28.936,1.37646,1.37636,0.75,0.75
30.08.2021 00:25:29.038,1.37648,1.37635,0.75,0.75
30.08.2021 00:25:29.140,1.37647,1.37637,0.75,0.75
30.08.2021 00:25:31.077,1.37649,1.37639,0.75,0.75
30.08.2021 00:25:31.128,1.3765100000000001,1.3764,0.75,0.75
30.08.2021 00:25:31.231,1.3765200000000002,1.3764100000000001,0.75,0.75
30.08.2021 00:25:34.384,1.37656,1.3764500000000002,1.69,0.75
30.08.2021 00:25:34.888,1.37657,1.3764500000000002,0.94,0.75
30.08.2021 00:25:37.753,1.37658,1.3764500000000002,1.69,0.75
30.08.2021 00:25:45.417,1.37658,1.37646,0.75,0.75
30.08.2021 00:25:46.954,1.37656,1.37646,0.75,0.75
30.08.2021 00:25:47.160,1.37658,1.3764500000000002,0.75,0.75
30.08.2021 00:25:48.964,1.3765100000000001,1.3764500000000002,1.69,0.19
30.08.2021 00:25:49.015,1.3765100000000001,1.3764200000000002,0.94,0.45
30.08.2021 00:25:49.066,1.3765200000000002,1.3764200000000002,1.12,0.75
30.08.2021 00:25:49.117,1.3765200000000002,1.37639,0.75,1.95
30.08.2021 00:26:04.143,1.37648,1.37637,1.5,1.76
30.08.2021 00:26:04.245,1.37648,1.37635,0.94,0.75
30.08.2021 00:26:04.346,1.37647,1.37635,0.75,0.75
30.08.2021 00:26:04.397,1.3764500000000002,1.37633,0.75,0.75
30.08.2021 00:26:04.498,1.37643,1.3763200000000002,0.75,1.5
30.08.2021 00:26:07.161,1.37646,1.37633,1.69,0.75
30.08.2021 00:26:09.461,1.37646,1.3763400000000001,1.5,0.75
30.08.2021 00:26:09.563,1.37646,1.37635,0.94,0.75
30.08.2021 00:26:19.190,1.37646,1.3763400000000001,0.19,0.75
30.08.2021 00:26:19.241,1.3764500000000002,1.3763200000000002,0.75,0.75
30.08.2021 00:26:19.342,1.37643,1.37633,0.75,0.75
30.08.2021 00:26:21.224,1.37643,1.3763200000000002,0.75,1.5
30.08.2021 00:26:42.942,1.37639,1.37629,2.81,0.75
30.08.2021 00:26:42.993,1.37638,1.37627,0.75,1.57
30.08.2021 00:26:43.094,1.37637,1.37626,0.75,0.75
30.08.2021 00:27:02.404,1.37636,1.37626,0.75,0.75
30.08.2021 00:27:02.615,1.37637,1.37626,0.75,1.84
30.08.2021 00:27:02.915,1.37637,1.37625,0.75,0.75
30.08.2021 00:27:03.017,1.37637,1.37626,1.5,2.59
30.08.2021 00:27:08.877,1.37635,1.37623,0.75,0.75
30.08.2021 00:27:10.892,1.3763400000000001,1.37623,0.75,0.75
30.08.2021 00:27:10.994,1.37636,1.37625,1.5,0.75
30.08.2021 00:27:16.217,1.37636,1.37626,0.37,0.75
30.08.2021 00:27:16.369,1.37638,1.37625,2.81,0.75
30.08.2021 00:27:17.539,1.37637,1.3762400000000001,0.75,0.75
30.08.2021 00:27:23.675,1.37638,1.37625,1.5,0.75
30.08.2021 00:27:42.297,1.37636,1.37625,0.75,0.75
30.08.2021 00:27:42.399,1.3763400000000001,1.37623,0.75,0.75
30.08.2021 00:29:17.629,1.37638,1.3762400000000001,2.44,0.75
30.08.2021 00:29:18.827,1.37637,1.37626,0.94,0.75
30.08.2021 00:29:20.929,1.37638,1.37626,2.81,0.75
30.08.2021 00:29:25.223,1.37637,1.37626,0.75,0.75
30.08.2021 00:29:39.614,1.37638,1.37627,1.69,0.75
30.08.2021 00:29:43.170,1.37644,1.37633,0.82,0.75
30.08.2021 00:29:43.222,1.37646,1.37635,1.12,0.75
30.08.2021 00:29:43.475,1.37647,1.37636,0.75,0.75
30.08.2021 00:29:45.547,1.37647,1.37637,0.75,1.84
30.08.2021 00:29:45.753,1.37647,1.37636,0.75,2.96
30.08.2021 00:29:47.481,1.37647,1.37637,0.75,1.84
30.08.2021 00:29:47.778,1.37647,1.37638,0.75,1.84
30.08.2021 00:29:48.308,1.37647,1.37637,0.75,1.84
30.08.2021 00:29:51.003,1.37648,1.37635,0.75,2.96
30.08.2021 00:29:54.069,1.37647,1.37637,0.75,1.84
30.08.2021 00:29:56.412,1.37647,1.37636,0.75,2.96
30.08.2021 00:30:04.284,1.37646,1.37635,3.19,0.75
30.08.2021 00:30:04.335,1.3764500000000002,1.37633,0.75,0.37
30.08.2021 00:30:04.689,1.37646,1.37633,1.5,1.12
30.08.2021 00:30:04.794,1.37646,1.37636,0.75,0.75
30.08.2021 00:30:04.895,1.37648,1.37635,1.5,0.75
30.08.2021 00:30:22.070,1.3764500000000002,1.3763400000000001,0.75,1.12
30.08.2021 00:30:22.172,1.3764500000000002,1.37635,1.5,0.37
30.08.2021 00:30:22.273,1.37646,1.37636,0.75,0.75
30.08.2021 00:30:23.496,1.37648,1.37635,0.75,0.75
30.08.2021 00:30:24.399,1.3765200000000002,1.37643,0.37,0.75
30.08.2021 00:30:24.501,1.37654,1.37644,0.75,0.75
30.08.2021 00:30:24.972,1.3765500000000002,1.37644,0.75,0.75
30.08.2021 00:30:25.479,1.37654,1.37646,0.75,0.75
30.08.2021 00:30:57.850,1.3765500000000002,1.37644,0.75,1.12
30.08.2021 00:31:00.529,1.3765500000000002,1.3764500000000002,0.75,0.75
30.08.2021 00:31:01.986,1.37654,1.3764500000000002,0.75,1.12
30.08.2021 00:31:14.881,1.3765500000000002,1.3764500000000002,0.75,0.75
30.08.2021 00:31:24.437,1.37658,1.3764500000000002,0.75,0.75
30.08.2021 00:32:05.093,1.37657,1.37647,1.12,0.75
30.08.2021 00:32:49.956,1.37659,1.37646,0.75,0.75
30.08.2021 00:32:54.492,1.37656,1.37646,0.75,0.75
30.08.2021 00:32:55.292,1.3765500000000002,1.3764500000000002,0.75,0.75
30.08.2021 00:32:59.192,1.37656,1.3764500000000002,2.25,0.75
30.08.2021 00:33:24.989,1.37657,1.3764500000000002,0.75,0.75
30.08.2021 00:33:29.952,1.3765500000000002,1.3764500000000002,0.75,0.75
30.08.2021 00:33:38.605,1.37656,1.37646,1.5,0.75
30.08.2021 00:33:41.812,1.37656,1.3764500000000002,0.75,0.75
30.08.2021 00:33:42.704,1.37656,1.37646,2.25,0.75
30.08.2021 00:33:56.352,1.3765500000000002,1.3764500000000002,0.75,0.75
30.08.2021 00:34:00.092,1.37649,1.3764,0.37,1.87
30.08.2021 00:34:00.143,1.37648,1.37638,0.75,8.25
30.08.2021 00:34:00.397,1.37647,1.37637,0.75,0.75
30.08.2021 00:34:02.975,1.37646,1.37637,0.37,0.75
30.08.2021 00:34:08.952,1.37646,1.37636,1.12,0.75
30.08.2021 00:34:16.509,1.37647,1.37636,0.37,0.75
30.08.2021 00:34:22.116,1.37647,1.37635,1.12,0.75
30.08.2021 00:34:36.819,1.3764100000000001,1.37633,0.75,0.37
30.08.2021 00:34:36.870,1.37644,1.37633,0.75,1.12
30.08.2021 00:34:36.921,1.37646,1.37637,0.19,0.75
30.08.2021 00:34:37.023,1.3764500000000002,1.37637,0.19,0.75
30.08.2021 00:34:41.952,1.3764500000000002,1.37636,0.19,0.75
30.08.2021 00:34:52.809,1.37637,1.3763200000000002,0.75,0.75
30.08.2021 00:34:52.963,1.37636,1.3763,0.19,8.25
30.08.2021 00:34:53.066,1.37627,1.37618,0.37,1.12
30.08.2021 00:34:53.168,1.37626,1.37618,0.37,7.5
30.08.2021 00:34:53.269,1.37626,1.3761700000000001,0.19,7.5
30.08.2021 00:34:53.383,1.37625,1.3761700000000001,0.19,0.75
30.08.2021 00:35:07.036,1.37626,1.37615,0.19,0.75
30.08.2021 00:35:38.952,1.37625,1.3761700000000001,0.19,0.75
30.08.2021 00:35:41.318,1.37628,1.37623,0.37,1.5
30.08.2021 00:35:41.369,1.3763200000000002,1.3762400000000001,2.89,0.75
30.08.2021 00:35:41.471,1.37633,1.37625,7.5,0.75
30.08.2021 00:35:41.523,1.37635,1.37625,1.69,0.75
30.08.2021 00:35:46.841,1.37635,1.37626,0.75,0.75
30.08.2021 00:35:52.105,1.37636,1.37626,1.87,0.75
30.08.2021 00:35:53.443,1.37635,1.37625,0.75,1.5
30.08.2021 00:36:10.788,1.37636,1.37626,1.87,0.75
30.08.2021 00:36:10.889,1.37635,1.37626,0.37,0.75
30.08.2021 00:36:11.903,1.3763400000000001,1.3762400000000001,1.12,0.75
30.08.2021 00:36:12.004,1.37633,1.3762400000000001,0.37,0.75
30.08.2021 00:36:14.369,1.37635,1.37625,1.69,0.75
30.08.2021 00:36:14.471,1.37635,1.37626,0.94,0.75
30.08.2021 00:36:29.177,1.37636,1.37626,1.87,0.75
30.08.2021 00:36:33.808,1.37636,1.37625,0.75,0.82
30.08.2021 00:36:42.982,1.3763400000000001,1.37625,0.19,0.82
30.08.2021 00:36:46.654,1.3763400000000001,1.37627,0.19,0.75
30.08.2021 00:36:47.355,1.3763400000000001,1.37626,0.19,0.75
30.08.2021 00:36:55.804,1.37635,1.37626,0.19,0.75
30.08.2021 00:36:55.906,1.37636,1.37626,0.94,0.75
30.08.2021 00:36:56.673,1.37637,1.37628,0.75,0.75
30.08.2021 00:36:56.724,1.37639,1.3763,1.5,0.75
30.08.2021 00:36:59.823,1.37639,1.37629,0.75,0.75
30.08.2021 00:36:59.874,1.37643,1.3763400000000001,0.75,0.75
30.08.2021 00:36:59.975,1.37643,1.37636,0.19,0.75
30.08.2021 00:37:00.077,1.37644,1.37637,0.19,0.75
30.08.2021 00:37:00.330,1.37644,1.37636,0.19,0.75
30.08.2021 00:37:03.527,1.37643,1.37636,0.19,0.75
30.08.2021 00:37:05.791,1.37643,1.37635,0.75,0.75
30.08.2021 00:37:05.842,1.37639,1.3763,0.19,0.75
30.08.2021 00:37:05.943,1.37637,1.37629,0.19,0.75
30.08.2021 00:37:06.044,1.37636,1.37629,0.19,0.75
30.08.2021 00:37:23.758,1.37635,1.37629,0.19,0.75
30.08.2021 00:37:23.910,1.37636,1.37626,0.19,0.75
30.08.2021 00:37:25.363,1.3763400000000001,1.37625,0.19,0.75
30.08.2021 00:37:25.414,1.37633,1.3762400000000001,0.19,0.75
30.08.2021 00:37:31.386,1.37627,1.37619,0.19,1.65
30.08.2021 00:37:31.488,1.37627,1.37618,0.19,0.75
30.08.2021 00:38:54.579,1.37627,1.3761700000000001,0.19,0.75
30.08.2021 00:39:28.954,1.37629,1.3762,0.19,0.82
30.08.2021 00:39:29.005,1.3763,1.3762200000000002,0.19,0.75
30.08.2021 00:39:29.360,1.3763,1.37623,0.19,0.82
30.08.2021 00:39:29.461,1.37635,1.37626,0.94,0.82
30.08.2021 00:39:29.663,1.37636,1.37626,0.94,0.1
30.08.2021 00:39:30.224,1.37636,1.37627,0.94,0.82
30.08.2021 00:39:31.195,1.37637,1.37628,0.94,0.82
30.08.2021 00:39:39.721,1.37636,1.37627,0.75,0.82
30.08.2021 00:39:54.038,1.37635,1.3762400000000001,0.94,0.82
30.08.2021 00:39:54.140,1.37628,1.3762200000000002,0.19,0.75
30.08.2021 00:39:54.241,1.37626,1.3762,0.19,7.5
30.08.2021 00:39:54.292,1.37626,1.37618,0.19,1.95
30.08.2021 00:40:02.359,1.37626,1.3761700000000001,0.19,0.82
30.08.2021 00:40:02.735,1.37628,1.3761700000000001,0.75,0.1
30.08.2021 00:40:02.786,1.37628,1.3762,0.37,0.75
30.08.2021 00:40:02.937,1.3763,1.37619,1.12,0.82
30.08.2021 00:40:13.303,1.37628,1.37619,1.12,0.82
30.08.2021 00:40:13.455,1.37627,1.37619,0.75,0.1
30.08.2021 00:40:13.557,1.37628,1.3761700000000001,1.12,0.82
30.08.2021 00:40:20.915,1.37628,1.3762100000000002,0.19,0.82
30.08.2021 00:40:21.017,1.3763,1.3762100000000002,0.19,0.75
30.08.2021 00:40:33.204,1.37629,1.3762100000000002,0.19,0.75
30.08.2021 00:40:34.945,1.37629,1.3762,0.19,0.82
30.08.2021 00:40:35.258,1.37628,1.3762,0.19,0.82
30.08.2021 00:40:35.359,1.37628,1.37618,0.19,0.75
30.08.2021 00:40:42.131,1.37626,1.37619,0.19,0.75
30.08.2021 00:40:42.283,1.37627,1.3761700000000001,0.19,0.75
30.08.2021 00:40:52.175,1.37627,1.37618,0.94,0.75
30.08.2021 00:40:52.284,1.37628,1.3762,0.19,0.75
30.08.2021 00:40:53.517,1.37629,1.3762,0.75,0.75
30.08.2021 00:40:53.618,1.3763100000000001,1.37619,1.12,0.82
30.08.2021 00:40:57.153,1.3763,1.3762100000000002,1.12,0.75
30.08.2021 00:40:57.255,1.3763400000000001,1.37625,0.75,0.82
30.08.2021 00:40:57.357,1.37636,1.37625,1.69,0.75
30.08.2021 00:40:59.197,1.37635,1.37625,1.69,0.82
30.08.2021 00:40:59.451,1.37636,1.37625,1.69,0.75
30.08.2021 00:41:17.090,1.37636,1.37626,0.94,0.82
30.08.2021 00:41:20.696,1.3763400000000001,1.37623,0.94,0.82
30.08.2021 00:41:20.798,1.3763200000000002,1.37623,0.94,0.82
30.08.2021 00:41:21.573,1.3763100000000001,1.37625,1.12,0.75
30.08.2021 00:41:21.623,1.37636,1.37625,1.12,0.75
30.08.2021 00:41:22.711,1.37636,1.37627,0.94,0.75
30.08.2021 00:41:29.390,1.37637,1.37628,0.75,0.82
30.08.2021 00:41:29.492,1.37639,1.37628,0.75,0.75
30.08.2021 00:41:32.009,1.37637,1.37626,0.75,0.75
30.08.2021 00:41:32.110,1.37636,1.37626,0.19,0.75
30.08.2021 00:41:32.508,1.37633,1.37625,0.19,0.75
30.08.2021 00:41:32.559,1.3763200000000002,1.37623,0.75,0.82
30.08.2021 00:41:32.661,1.3763100000000001,1.37623,0.19,0.75
30.08.2021 00:41:34.049,1.3763100000000001,1.3762200000000002,0.94,0.75
30.08.2021 00:41:35.886,1.3763100000000001,1.3762100000000002,0.94,0.82
30.08.2021 00:41:41.072,1.37629,1.37618,0.94,2.32
30.08.2021 00:41:43.101,1.37627,1.37619,0.75,0.82
30.08.2021 00:41:43.212,1.37627,1.37616,0.94,1.57
30.08.2021 00:41:58.975,1.37627,1.37615,0.94,1.57
30.08.2021 00:41:59.837,1.37625,1.37616,0.19,1.57
30.08.2021 00:42:03.225,1.3762400000000001,1.37615,0.19,0.82
30.08.2021 00:42:03.326,1.3762400000000001,1.37616,0.19,0.75
30.08.2021 00:42:03.528,1.37625,1.37614,0.19,0.82
30.08.2021 00:42:03.958,1.3762400000000001,1.37616,0.19,0.75
30.08.2021 00:42:30.574,1.3762400000000001,1.37615,0.19,0.82
30.08.2021 00:42:33.198,1.3762400000000001,1.37614,0.19,0.75
30.08.2021 00:42:33.300,1.3762100000000002,1.37613,0.19,0.75
30.08.2021 00:42:33.401,1.3762100000000002,1.3761200000000002,0.19,0.82
30.08.2021 00:42:33.869,1.37625,1.37614,0.19,0.82
30.08.2021 00:42:33.970,1.37625,1.37616,0.19,0.82
30.08.2021 00:42:34.575,1.37626,1.37616,0.45,0.82
30.08.2021 00:42:44.038,1.37626,1.37615,0.19,0.82
30.08.2021 00:42:47.010,1.37626,1.37614,0.64,0.82
30.08.2021 00:42:55.318,1.37626,1.37615,0.45,0.75
30.08.2021 00:42:55.521,1.37626,1.37614,0.45,0.82
30.08.2021 00:42:59.296,1.37626,1.37615,0.37,0.1
30.08.2021 00:43:00.972,1.3762100000000002,1.37613,0.94,0.82
30.08.2021 00:43:01.073,1.37623,1.3761100000000002,1.39,0.1
30.08.2021 00:43:01.175,1.3762200000000002,1.3761,0.1,1.57
30.08.2021 00:43:02.253,1.3762200000000002,1.3761100000000002,0.26,0.75
30.08.2021 00:43:06.222,1.3762200000000002,1.3761200000000002,0.1,0.82
30.08.2021 00:43:07.477,1.37623,1.37613,0.45,0.82
30.08.2021 00:43:07.730,1.3762400000000001,1.37614,1.39,0.1
30.08.2021 00:43:08.524,1.3762400000000001,1.3761200000000002,0.1,0.82
30.08.2021 00:43:08.897,1.3762,1.3761,0.19,0.1
30.08.2021 00:43:09.205,1.37619,1.3761,0.19,0.1
30.08.2021 00:43:11.431,1.37618,1.3761,0.19,0.82
30.08.2021 00:43:13.546,1.37619,1.3760700000000001,1.2,0.1
30.08.2021 00:43:13.648,1.37618,1.3760700000000001,0.94,0.1
30.08.2021 00:43:15.398,1.37616,1.37608,0.19,0.1
30.08.2021 00:43:18.425,1.37616,1.3760700000000001,0.19,1.57
30.08.2021 00:43:20.603,1.37616,1.37608,0.19,0.1
30.08.2021 00:43:20.705,1.37618,1.3760700000000001,0.19,0.1
30.08.2021 00:43:32.086,1.3762,1.37613,0.37,0.75
30.08.2021 00:43:32.187,1.37625,1.37615,7.5,0.75
30.08.2021 00:43:32.340,1.37626,1.37616,1.2,0.75
30.08.2021 00:43:57.743,1.37626,1.37615,0.1,0.75
30.08.2021 00:44:08.276,1.37626,1.37616,1.57,0.82
30.08.2021 00:44:27.004,1.37625,1.37616,0.75,0.1
30.08.2021 00:44:47.622,1.37627,1.37615,0.94,0.82
30.08.2021 00:44:48.743,1.37628,1.37618,1.12,1.57
30.08.2021 00:44:48.845,1.37629,1.37619,0.75,0.82
30.08.2021 00:44:51.414,1.3763,1.37619,0.75,0.75
30.08.2021 00:44:55.064,1.3763100000000001,1.37619,0.75,0.82
30.08.2021 00:44:58.699,1.37629,1.37619,0.94,1.57
30.08.2021 00:44:58.800,1.37629,1.3762,0.19,0.1
30.08.2021 00:45:01.736,1.3763,1.3762,0.75,0.82
30.08.2021 00:45:20.148,1.3763100000000001,1.3762100000000002,1.12,0.82
30.08.2021 00:45:20.588,1.37629,1.3762,0.94,0.1
30.08.2021 00:45:21.494,1.37635,1.37625,0.37,0.75
30.08.2021 00:45:21.545,1.37637,1.37625,1.12,0.82
30.08.2021 00:45:22.586,1.37636,1.37627,0.75,0.1
30.08.2021 00:45:22.688,1.37638,1.37627,1.12,1.57
30.08.2021 00:45:22.739,1.37638,1.37629,0.19,0.75
30.08.2021 00:45:22.840,1.37639,1.37629,0.94,0.82
30.08.2021 00:45:29.636,1.37639,1.3763,0.19,0.1
30.08.2021 00:45:30.339,1.3764,1.3763,0.19,0.1
30.08.2021 00:45:33.762,1.3764100000000001,1.37633,0.94,0.75
30.08.2021 00:45:33.813,1.37643,1.3763400000000001,0.37,0.75
30.08.2021 00:45:33.864,1.37646,1.37636,0.37,0.75
30.08.2021 00:45:40.124,1.3764500000000002,1.37635,0.19,0.82
30.08.2021 00:45:40.530,1.37638,1.3763100000000001,0.19,0.82
30.08.2021 00:45:40.582,1.37638,1.37627,0.94,1.84
30.08.2021 00:45:40.684,1.37637,1.37626,0.19,0.75
30.08.2021 00:45:41.919,1.37636,1.37628,0.19,1.84
30.08.2021 00:45:42.071,1.37637,1.37626,0.19,2.59
30.08.2021 00:45:42.590,1.37635,1.37626,1.12,1.84
30.08.2021 00:45:42.641,1.3763400000000001,1.37623,0.19,0.82
30.08.2021 00:45:42.843,1.37633,1.37623,0.19,1.57
30.08.2021 00:45:44.206,1.37633,1.3762200000000002,0.19,1.57
30.08.2021 00:45:46.796,1.37635,1.37626,0.37,0.75
30.08.2021 00:45:46.897,1.37637,1.37625,0.37,0.75
30.08.2021 00:45:49.597,1.37636,1.37627,0.37,0.75
30.08.2021 00:45:49.873,1.37637,1.37629,0.37,0.75
30.08.2021 00:45:49.975,1.3764,1.3763,1.12,0.75
30.08.2021 00:45:50.076,1.3764,1.3763100000000001,0.37,0.75
30.08.2021 00:45:50.337,1.3764100000000001,1.3763100000000001,0.37,0.75
30.08.2021 00:45:50.489,1.3764200000000002,1.3763100000000001,0.37,0.75
30.08.2021 00:45:59.801,1.37643,1.3763100000000001,1.2,0.75
30.08.2021 00:46:03.200,1.3764,1.37628,0.75,0.1
30.08.2021 00:46:03.302,1.37639,1.37628,1.2,0.75
30.08.2021 00:46:03.556,1.37638,1.37627,0.75,0.82
30.08.2021 00:46:03.658,1.37637,1.37627,0.37,0.82
30.08.2021 00:46:03.810,1.37636,1.37627,0.19,0.75
30.08.2021 00:46:05.842,1.3763400000000001,1.37627,0.19,0.75
30.08.2021 00:46:14.687,1.3763400000000001,1.37626,0.19,0.75
30.08.2021 00:46:14.788,1.3763200000000002,1.37625,1.12,0.75
30.08.2021 00:46:22.966,1.3763400000000001,1.37625,0.19,0.75
30.08.2021 00:46:23.017,1.37635,1.37627,1.12,0.75
30.08.2021 00:46:24.450,1.37637,1.37626,0.19,0.75
30.08.2021 00:46:29.018,1.37636,1.37629,0.19,0.75
30.08.2021 00:46:29.119,1.3764200000000002,1.37636,10.39,0.75
30.08.2021 00:46:29.271,1.3764500000000002,1.37635,0.94,0.75
30.08.2021 00:46:29.373,1.3764500000000002,1.37636,0.94,0.75
30.08.2021 00:46:33.003,1.37643,1.37636,0.19,0.75
30.08.2021 00:46:38.383,1.37644,1.37636,1.12,0.75
30.08.2021 00:46:38.930,1.37644,1.37637,1.12,0.75
30.08.2021 00:46:39.489,1.37646,1.37636,1.12,0.75
30.08.2021 00:46:43.500,1.37646,1.37635,1.12,0.75
30.08.2021 00:46:55.059,1.37646,1.37637,1.12,0.75
30.08.2021 00:46:55.110,1.37649,1.37638,0.19,0.75
30.08.2021 00:46:55.212,1.37649,1.37639,0.19,0.75
30.08.2021 00:46:55.316,1.37649,1.3764100000000001,0.19,0.75
30.08.2021 00:46:55.417,1.3765,1.3764100000000001,0.19,0.75
30.08.2021 00:46:55.569,1.37648,1.3764,0.19,1.5
30.08.2021 00:46:55.998,1.37648,1.3764100000000001,0.19,0.75
30.08.2021 00:46:56.203,1.37649,1.37639,0.19,1.5
30.08.2021 00:46:57.963,1.37648,1.37639,0.19,0.75
30.08.2021 00:47:01.855,1.3764500000000002,1.37637,0.19,0.75
30.08.2021 00:47:02.424,1.37644,1.37637,0.19,0.75
30.08.2021 00:47:05.851,1.3764500000000002,1.37635,0.19,0.75
30.08.2021 00:47:12.365,1.37644,1.37637,0.19,0.75
30.08.2021 00:47:14.068,1.37639,1.3763400000000001,0.37,0.75
30.08.2021 00:47:14.119,1.37637,1.3763,0.19,8.25
30.08.2021 00:47:14.221,1.37636,1.3763,0.26,7.5
30.08.2021 00:47:14.273,1.3763400000000001,1.3763,0.19,7.5
30.08.2021 00:47:14.324,1.3763400000000001,1.37627,0.19,0.75
30.08.2021 00:47:15.697,1.37635,1.37627,0.37,0.75
30.08.2021 00:47:18.888,1.37637,1.37626,0.26,0.75
30.08.2021 00:47:34.837,1.37637,1.37627,1.01,1.5
30.08.2021 00:47:34.938,1.37638,1.37628,0.26,0.75
30.08.2021 00:47:36.139,1.37638,1.3763100000000001,0.19,1.84
30.08.2021 00:47:36.436,1.37639,1.37629,0.82,3.34
30.08.2021 00:47:44.893,1.37639,1.3763,0.75,1.12
30.08.2021 00:47:44.944,1.3764200000000002,1.3763200000000002,0.19,0.75
30.08.2021 00:47:49.495,1.3764200000000002,1.37633,0.19,0.75
30.08.2021 00:47:54.277,1.3764,1.3763200000000002,0.19,0.75
30.08.2021 00:47:55.207,1.3764,1.3763100000000001,0.19,0.75
30.08.2021 00:47:55.308,1.37639,1.3763100000000001,0.19,0.75
30.08.2021 00:47:58.668,1.37636,1.37629,0.19,0.75
30.08.2021 00:47:58.719,1.37636,1.37627,0.26,1.67
30.08.2021 00:48:07.114,1.37638,1.37626,0.82,0.82
30.08.2021 00:48:07.706,1.37637,1.37626,0.1,0.75
30.08.2021 00:48:08.263,1.37636,1.37626,0.1,0.82
30.08.2021 00:48:16.195,1.37636,1.37627,0.1,0.75
30.08.2021 00:48:21.066,1.37635,1.37627,0.1,0.75
30.08.2021 00:48:24.599,1.3763400000000001,1.37626,0.1,0.75
30.08.2021 00:48:24.650,1.37633,1.3762400000000001,0.1,0.75
30.08.2021 00:48:24.751,1.37633,1.37623,0.1,0.75
30.08.2021 00:48:26.026,1.37635,1.37626,0.1,0.75
30.08.2021 00:48:26.127,1.37637,1.37626,0.45,0.75
30.08.2021 00:48:31.632,1.37637,1.37627,0.1,0.75
30.08.2021 00:48:34.278,1.37637,1.37626,0.1,0.75
30.08.2021 00:48:34.629,1.37637,1.37627,0.1,0.75
30.08.2021 00:48:44.710,1.37638,1.37627,2.7,0.75
30.08.2021 00:48:45.076,1.37638,1.37626,0.1,0.75
30.08.2021 00:48:52.269,1.37637,1.37628,0.1,0.75
30.08.2021 00:48:58.693,1.37639,1.3763,0.19,0.75
30.08.2021 00:48:58.795,1.3764200000000002,1.3763200000000002,1.27,0.75
30.08.2021 00:49:00.104,1.37639,1.37629,0.37,0.82
30.08.2021 00:49:00.206,1.3764,1.37627,1.2,0.82
30.08.2021 00:49:00.308,1.37639,1.37629,1.2,0.75
30.08.2021 00:49:00.956,1.3764,1.37627,0.82,0.82
30.08.2021 00:49:05.690,1.37638,1.37628,0.82,0.75
30.08.2021 00:49:08.944,1.37639,1.37629,1.2,0.75
30.08.2021 00:49:09.045,1.3764,1.37629,0.37,0.75
30.08.2021 00:49:09.247,1.3764,1.3763,0.1,0.75
30.08.2021 00:49:09.349,1.3764500000000002,1.37637,0.82,1.5
30.08.2021 00:49:09.450,1.3765100000000001,1.37639,0.9,0.75
30.08.2021 00:49:09.501,1.3765100000000001,1.3764100000000001,0.52,0.75
30.08.2021 00:49:09.603,1.3765200000000002,1.3764100000000001,0.1,0.75
30.08.2021 00:49:09.704,1.37653,1.3764100000000001,0.1,0.75
30.08.2021 00:49:09.856,1.3765200000000002,1.37643,0.1,0.75
30.08.2021 00:49:09.958,1.37654,1.3764200000000002,0.45,0.75
30.08.2021 00:49:13.726,1.3765500000000002,1.3764500000000002,1.12,0.75
30.08.2021 00:49:13.777,1.37657,1.3764500000000002,0.26,0.75
30.08.2021 00:49:13.929,1.37657,1.37646,1.2,0.75
30.08.2021 00:49:14.233,1.37656,1.37646,0.1,0.75
30.08.2021 00:49:17.233,1.37657,1.37646,1.2,0.75
30.08.2021 00:49:19.798,1.37657,1.37647,1.2,0.75
30.08.2021 00:49:20.271,1.37656,1.37647,0.1,0.75
30.08.2021 00:49:21.339,1.37656,1.37644,0.1,1.5
30.08.2021 00:49:30.858,1.37656,1.3764500000000002,0.45,0.75
30.08.2021 00:49:31.236,1.37654,1.3764500000000002,0.19,0.75
30.08.2021 00:49:54.962,1.37656,1.3764500000000002,0.1,0.75
30.08.2021 00:49:55.215,1.37657,1.3764500000000002,0.82,0.75
30.08.2021 00:49:56.040,1.37657,1.37644,1.57,0.75
30.08.2021 00:50:03.044,1.3765500000000002,1.3764500000000002,0.75,0.75
30.08.2021 00:50:03.146,1.37657,1.37644,1.57,0.75
30.08.2021 00:50:04.052,1.3765500000000002,1.3764500000000002,0.75,0.75
30.08.2021 00:50:04.422,1.37657,1.37644,1.57,0.75
30.08.2021 00:50:05.083,1.37656,1.37644,0.82,0.75
30.08.2021 00:50:05.184,1.37654,1.3764500000000002,0.75,0.75
30.08.2021 00:50:05.335,1.37653,1.3764500000000002,0.75,0.75
30.08.2021 00:50:05.487,1.37654,1.3764500000000002,0.75,0.75
30.08.2021 00:50:05.603,1.37653,1.3764500000000002,0.75,0.75
30.08.2021 00:50:05.705,1.3765500000000002,1.37644,0.75,0.75
30.08.2021 00:50:07.523,1.3765500000000002,1.3764500000000002,1.57,0.75
30.08.2021 00:50:11.287,1.37654,1.3764500000000002,0.75,0.75
30.08.2021 00:50:11.686,1.3765500000000002,1.3764500000000002,1.57,0.75
30.08.2021 00:50:20.900,1.37654,1.3764500000000002,0.75,0.75
30.08.2021 00:50:21.285,1.3765500000000002,1.3764500000000002,1.57,0.75
30.08.2021 00:50:22.294,1.37654,1.37644,0.75,0.75
30.08.2021 00:50:22.346,1.3765200000000002,1.3764,3,0.1
30.08.2021 00:50:22.396,1.37649,1.37639,1.12,9.24
30.08.2021 00:50:22.498,1.37648,1.37639,0.1,8.25
30.08.2021 00:50:22.599,1.37648,1.37638,0.82,0.75
30.08.2021 00:50:22.701,1.37648,1.37637,0.19,0.75
30.08.2021 00:50:27.952,1.37649,1.37637,1.01,0.75
30.08.2021 00:50:29.267,1.37647,1.37638,0.1,0.75
30.08.2021 00:50:37.098,1.37647,1.37637,0.1,0.75
30.08.2021 00:50:39.219,1.37646,1.37637,0.1,0.75
30.08.2021 00:50:42.776,1.3764500000000002,1.37637,0.1,0.75
30.08.2021 00:50:45.419,1.3764500000000002,1.37636,0.1,0.75
30.08.2021 00:50:45.825,1.37646,1.37636,0.1,0.82
30.08.2021 00:50:48.005,1.37647,1.37636,1.01,0.82
30.08.2021 00:50:48.409,1.37649,1.37637,2.14,0.75
30.08.2021 00:50:49.467,1.37649,1.37639,1.12,0.82
30.08.2021 00:50:49.569,1.37649,1.3764,0.37,0.75
30.08.2021 00:50:49.670,1.3765,1.3764,0.37,0.75
30.08.2021 00:50:50.240,1.3765,1.3764100000000001,1.39,0.75
30.08.2021 00:51:02.712,1.3765,1.3764,0.1,0.75
30.08.2021 00:51:07.148,1.3765200000000002,1.3764,0.75,0.75
30.08.2021 00:51:15.293,1.3765100000000001,1.3764,1.5,0.75
30.08.2021 00:51:18.138,1.3765100000000001,1.37639,0.1,0.75
30.08.2021 00:51:18.240,1.3765200000000002,1.37639,0.82,0.82
30.08.2021 00:51:19.158,1.3765100000000001,1.3764100000000001,0.75,0.1
30.08.2021 00:51:24.647,1.37653,1.3764100000000001,1.12,1.01
30.08.2021 00:51:24.749,1.37653,1.37643,0.82,0.19
30.08.2021 00:51:25.292,1.37653,1.3764100000000001,0.1,0.75
30.08.2021 00:51:29.739,1.37653,1.37643,1.2,0.94
30.08.2021 00:51:34.549,1.37654,1.37643,2.89,1.01
30.08.2021 00:51:37.163,1.37654,1.3764500000000002,1.01,0.75
30.08.2021 00:51:37.264,1.37654,1.37643,1.76,1.01
30.08.2021 00:51:39.500,1.3765500000000002,1.37643,2.44,0.1
30.08.2021 00:51:39.724,1.37654,1.37646,0.75,0.19
30.08.2021 00:51:39.776,1.3765500000000002,1.37644,1.01,1.01
30.08.2021 00:51:39.878,1.37657,1.37644,1.76,0.82
30.08.2021 00:51:44.821,1.37657,1.3764500000000002,1.76,0.75
30.08.2021 00:51:49.594,1.3765500000000002,1.3764500000000002,0.75,0.82
30.08.2021 00:51:51.208,1.37654,1.37643,0.82,0.82
30.08.2021 00:51:51.310,1.3765500000000002,1.37643,0.1,0.75
30.08.2021 00:51:59.211,1.3765100000000001,1.37644,0.37,0.75
30.08.2021 00:52:02.004,1.3765200000000002,1.3764,1.87,0.1
30.08.2021 00:52:02.207,1.3765,1.37638,1.12,1.01
30.08.2021 00:52:11.606,1.37648,1.37638,1.01,0.75
30.08.2021 00:52:17.022,1.37649,1.37639,0.82,0.75
30.08.2021 00:52:17.124,1.3765,1.3764,0.82,0.75
30.08.2021 00:52:22.359,1.3765200000000002,1.37639,2.51,0.82
30.08.2021 00:52:34.899,1.3765,1.37637,3.07,2.66
30.08.2021 00:52:35.001,1.37647,1.37637,0.1,0.94
30.08.2021 00:52:35.102,1.37646,1.37636,0.1,0.75
30.08.2021 00:52:35.204,1.37646,1.37635,0.82,0.75
30.08.2021 00:52:43.973,1.3764500000000002,1.37635,0.82,0.75
30.08.2021 00:52:44.075,1.37647,1.37635,0.82,0.75
30.08.2021 00:52:47.952,1.37647,1.37636,1.57,0.82
30.08.2021 00:53:04.752,1.37647,1.37637,1.57,0.75
30.08.2021 00:53:16.773,1.37647,1.37635,1.12,0.1
30.08.2021 00:53:21.968,1.37646,1.37637,1.12,0.1
30.08.2021 00:53:22.325,1.37646,1.37636,1.12,0.1
30.08.2021 00:53:23.967,1.37647,1.37636,1.12,0.1
30.08.2021 00:53:24.069,1.37646,1.37636,1.12,0.82
30.08.2021 00:53:29.053,1.37646,1.37635,1.2,1.57
30.08.2021 00:53:29.160,1.3764500000000002,1.37635,0.37,1.57
30.08.2021 00:53:34.332,1.3764200000000002,1.37633,3,0.75
30.08.2021 00:53:34.433,1.37637,1.37628,1.12,0.52
30.08.2021 00:53:34.534,1.37637,1.37627,1.12,0.82
30.08.2021 00:53:34.636,1.37637,1.37626,1.39,1.57
30.08.2021 00:53:38.661,1.37637,1.37627,2.14,0.75
30.08.2021 00:53:39.025,1.37637,1.37626,0.75,0.82
30.08.2021 00:53:40.653,1.37637,1.37627,1.31,0.1
30.08.2021 00:53:43.365,1.37637,1.37626,2.14,0.82
30.08.2021 00:53:58.252,1.37637,1.37627,1.87,0.75
30.08.2021 00:53:58.791,1.37637,1.37626,1.87,1.57
30.08.2021 00:53:59.328,1.37637,1.37627,1.87,0.75
30.08.2021 00:53:59.874,1.37638,1.37625,1.87,1.57
30.08.2021 00:54:04.491,1.37636,1.37626,0.75,0.82
30.08.2021 00:54:05.198,1.37637,1.37626,1.87,0.82
30.08.2021 00:54:05.762,1.37638,1.37626,1.87,0.1
30.08.2021 00:54:09.216,1.37639,1.3763200000000002,0.75,0.1
30.08.2021 00:54:09.267,1.3764100000000001,1.37635,0.75,1.5
30.08.2021 00:54:09.369,1.3764200000000002,1.37637,7.5,1.57
30.08.2021 00:54:09.470,1.37647,1.37637,0.75,1.2
30.08.2021 00:54:09.521,1.3765,1.3764200000000002,0.75,0.82
30.08.2021 00:54:09.673,1.3765,1.3764100000000001,0.75,0.82
30.08.2021 00:54:10.139,1.37649,1.3764100000000001,0.75,0.1
30.08.2021 00:54:10.241,1.37649,1.3764,0.75,0.82
30.08.2021 00:54:11.272,1.3765,1.3764,0.75,0.1
30.08.2021 00:54:11.520,1.3765200000000002,1.3764,1.12,0.1
30.08.2021 00:54:12.322,1.3765200000000002,1.37639,1.12,0.82
30.08.2021 00:54:12.832,1.3765,1.3764,0.75,0.1
30.08.2021 00:54:15.141,1.37649,1.37639,3.56,0.82
30.08.2021 00:54:15.191,1.37648,1.37637,0.75,1.91
30.08.2021 00:54:15.398,1.37647,1.37637,0.75,0.82
30.08.2021 00:54:16.118,1.37648,1.37637,0.75,0.1
30.08.2021 00:54:18.764,1.37648,1.37638,0.75,0.82
30.08.2021 00:54:19.863,1.37648,1.37639,0.75,0.1
30.08.2021 00:54:21.794,1.37649,1.37637,0.75,0.1
30.08.2021 00:54:25.094,1.37647,1.37637,0.75,0.1
30.08.2021 00:54:25.196,1.37648,1.37635,1.95,0.82
30.08.2021 00:54:30.873,1.37646,1.37636,0.75,0.82
30.08.2021 00:54:32.985,1.37646,1.37635,0.82,0.82
30.08.2021 00:54:36.090,1.37644,1.3763400000000001,1.87,0.1
30.08.2021 00:54:36.191,1.37643,1.37633,0.75,0.1
30.08.2021 00:54:36.293,1.37644,1.3763100000000001,0.82,1.2
30.08.2021 00:54:37.841,1.3764100000000001,1.3763200000000002,0.75,0.1
30.08.2021 00:54:38.021,1.3764100000000001,1.37633,0.75,0.1
30.08.2021 00:54:38.300,1.3764100000000001,1.3763200000000002,0.75,0.1
30.08.2021 00:54:38.952,1.3764100000000001,1.3763,0.75,0.1
30.08.2021 00:54:39.359,1.3764,1.3763,0.75,1.5
30.08.2021 00:54:52.468,1.37637,1.37627,0.75,0.75
30.08.2021 00:54:52.519,1.37637,1.37625,0.75,0.1
30.08.2021 00:54:52.722,1.37635,1.37626,0.75,0.1
30.08.2021 00:54:54.225,1.3763400000000001,1.3762400000000001,0.75,0.1
30.08.2021 00:54:54.327,1.37633,1.37623,0.75,0.1
30.08.2021 00:54:57.049,1.37629,1.37618,0.75,1.2
30.08.2021 00:54:57.151,1.37626,1.37618,0.75,0.1
30.08.2021 00:54:57.252,1.37627,1.37616,0.75,0.82
30.08.2021 00:55:00.200,1.37627,1.37615,0.82,0.1
30.08.2021 00:55:00.301,1.37628,1.37616,0.82,0.1
30.08.2021 00:55:00.403,1.37628,1.37623,0.75,0.75
30.08.2021 00:55:00.453,1.37635,1.37628,3.75,0.75
30.08.2021 00:55:00.555,1.37636,1.37627,0.75,0.82
30.08.2021 00:55:00.656,1.37637,1.37627,0.75,0.82
30.08.2021 00:55:01.161,1.37637,1.37626,0.82,1.57
30.08.2021 00:55:01.587,1.37637,1.37625,0.75,0.82
30.08.2021 00:55:06.431,1.3763200000000002,1.3762200000000002,1.31,1.91
30.08.2021 00:55:06.534,1.3763100000000001,1.3762200000000002,1.12,0.82
30.08.2021 00:55:16.437,1.37633,1.3762100000000002,1.2,0.82
30.08.2021 00:55:21.023,1.3763200000000002,1.3762100000000002,0.1,0.75
30.08.2021 00:55:21.663,1.3763200000000002,1.3762200000000002,0.1,0.82
30.08.2021 00:55:25.063,1.3763200000000002,1.3762100000000002,0.1,0.75
30.08.2021 00:55:26.784,1.3763200000000002,1.3762200000000002,0.1,0.75
30.08.2021 00:55:27.185,1.37633,1.3762200000000002,1.2,0.82
30.08.2021 00:55:31.724,1.37633,1.37623,1.2,0.75
30.08.2021 00:55:31.955,1.3763400000000001,1.3762100000000002,1.2,0.82
30.08.2021 00:55:44.910,1.3763400000000001,1.3762200000000002,0.37,0.82
30.08.2021 00:55:45.063,1.37633,1.37626,0.19,0.75
30.08.2021 00:55:45.115,1.37638,1.37625,2.32,0.75
30.08.2021 00:55:48.374,1.37639,1.37626,1.5,0.82
30.08.2021 00:55:50.576,1.37639,1.37628,0.75,0.82
30.08.2021 00:55:50.627,1.3764100000000001,1.37629,0.75,0.1
30.08.2021 00:55:50.728,1.3764100000000001,1.3763100000000001,0.75,0.1
30.08.2021 00:55:53.684,1.3764200000000002,1.3763100000000001,1.5,1.84
30.08.2021 00:55:53.785,1.3764200000000002,1.3763,0.75,1.91
30.08.2021 00:56:05.053,1.37643,1.3763,1.76,0.82
30.08.2021 00:56:16.438,1.3764100000000001,1.3763100000000001,0.75,0.1
30.08.2021 00:56:16.690,1.37639,1.37627,0.82,0.75
30.08.2021 00:56:16.741,1.37637,1.37626,0.82,0.82
30.08.2021 00:56:18.493,1.37637,1.37627,0.75,0.1
30.08.2021 00:56:32.684,1.37637,1.37626,0.82,0.82
30.08.2021 00:56:35.849,1.37638,1.37627,2.32,0.82
30.08.2021 00:56:45.081,1.37639,1.37627,1.87,0.1
30.08.2021 00:56:48.268,1.37639,1.37628,3.07,0.82
30.08.2021 00:56:48.375,1.3764100000000001,1.3763100000000001,0.82,0.75
30.08.2021 00:56:48.478,1.3764200000000002,1.3763100000000001,1.57,0.82
30.08.2021 00:56:48.580,1.3764200000000002,1.3763200000000002,0.75,0.75
30.08.2021 00:56:50.734,1.37644,1.37636,0.94,0.75
30.08.2021 00:56:50.785,1.37646,1.37636,0.19,0.82
30.08.2021 00:56:50.886,1.37647,1.37636,1.95,0.82
30.08.2021 00:57:06.817,1.37647,1.3763400000000001,0.1,0.82
30.08.2021 00:57:07.820,1.37647,1.37636,1.2,0.1
30.08.2021 00:57:12.754,1.37646,1.37636,1.2,0.75
30.08.2021 00:57:19.366,1.37646,1.37635,1.95,0.82
30.08.2021 00:57:20.785,1.37647,1.37635,0.82,0.75
30.08.2021 00:57:23.070,1.37647,1.37637,0.45,0.75
30.08.2021 00:57:23.171,1.37648,1.37637,2.32,0.82
30.08.2021 00:57:25.697,1.37648,1.37638,1.5,0.1
30.08.2021 00:57:25.848,1.37648,1.37637,1.57,0.82
30.08.2021 00:57:25.950,1.37649,1.37637,1.5,0.1
30.08.2021 00:57:28.076,1.37649,1.37636,1.95,0.82
30.08.2021 00:57:36.012,1.37647,1.37637,0.75,0.1
30.08.2021 00:57:48.650,1.37647,1.37639,0.82,0.75
30.08.2021 00:57:55.233,1.37644,1.37638,0.3,0.75
30.08.2021 00:57:55.284,1.3764200000000002,1.37636,0.3,0.75
30.08.2021 00:57:55.335,1.3764,1.3763400000000001,0.19,0.75
30.08.2021 00:57:55.386,1.3764200000000002,1.37633,1.76,8.25
30.08.2021 00:57:55.487,1.3764100000000001,1.37633,0.19,8.25
30.08.2021 00:57:56.374,1.3764100000000001,1.3763400000000001,0.26,0.75
30.08.2021 00:57:56.476,1.3764,1.37633,0.1,0.75
30.08.2021 00:57:58.120,1.37639,1.3763200000000002,1.01,0.75
30.08.2021 00:57:58.221,1.3764,1.3763,1.39,0.75
30.08.2021 00:57:58.322,1.37639,1.37629,0.45,0.75
30.08.2021 00:58:04.388,1.37639,1.37628,0.45,0.75
30.08.2021 00:58:08.480,1.37637,1.37629,0.1,0.75
30.08.2021 00:58:09.069,1.37638,1.37629,0.45,0.75
30.08.2021 00:58:09.453,1.37638,1.37628,0.1,0.75
30.08.2021 00:58:10.456,1.37638,1.37629,0.45,0.75
30.08.2021 00:58:11.915,1.37639,1.37627,0.45,0.75
30.08.2021 00:58:33.930,1.37638,1.37626,0.37,0.82
30.08.2021 00:58:35.161,1.37638,1.37627,0.37,0.75
30.08.2021 00:58:44.794,1.37638,1.37628,3,0.75
30.08.2021 00:58:53.835,1.37638,1.37627,1.87,0.82
30.08.2021 00:58:53.885,1.37639,1.37629,0.37,0.75
30.08.2021 00:58:53.987,1.3764,1.37629,0.37,0.45
30.08.2021 00:58:54.088,1.3764200000000002,1.37633,0.75,0.75
30.08.2021 00:58:55.315,1.37643,1.3763100000000001,1.69,0.1
30.08.2021 00:58:56.097,1.3764200000000002,1.3763100000000001,1.87,0.82
30.08.2021 00:58:56.413,1.3764100000000001,1.3763100000000001,0.37,0.82
30.08.2021 00:58:58.392,1.37639,1.37629,0.19,0.75
30.08.2021 00:58:58.494,1.37637,1.37627,0.37,0.75
30.08.2021 00:59:05.913,1.37637,1.37625,1.12,0.82
30.08.2021 00:59:10.036,1.37635,1.37626,0.37,0.75
30.08.2021 00:59:14.166,1.37636,1.37626,1.12,0.82
30.08.2021 00:59:20.560,1.37635,1.37626,0.37,0.75
30.08.2021 00:59:28.226,1.37636,1.37626,0.1,0.75
30.08.2021 00:59:28.327,1.37637,1.37627,3,0.75
30.08.2021 00:59:28.587,1.37636,1.37627,0.37,0.75
30.08.2021 00:59:34.045,1.37638,1.37626,1.87,1.12
30.08.2021 00:59:38.096,1.37636,1.37627,0.37,0.75
30.08.2021 01:00:00.148,1.37637,1.37627,2.62,0.75
30.08.2021 01:00:00.249,1.37636,1.37627,0.37,0.75
30.08.2021 01:00:00.947,1.37637,1.37627,2.62,0.75
30.08.2021 01:00:02.576,1.37638,1.37627,0.75,0.82
30.08.2021 01:00:02.678,1.37638,1.37629,0.37,0.75
30.08.2021 01:00:02.780,1.37637,1.37629,0.19,0.75
30.08.2021 01:00:02.881,1.37639,1.3763,0.19,0.75
30.08.2021 01:00:02.983,1.3764,1.3763,0.19,0.75
30.08.2021 01:00:03.136,1.3764100000000001,1.3763,1.31,0.75
30.08.2021 01:00:03.567,1.37639,1.37629,0.19,0.75
30.08.2021 01:00:04.355,1.3764,1.37629,0.19,0.75
30.08.2021 01:00:04.884,1.37638,1.37629,0.19,0.75
30.08.2021 01:00:06.302,1.37638,1.37628,0.19,0.75
30.08.2021 01:00:07.272,1.37637,1.37628,0.37,0.75
30.08.2021 01:00:08.306,1.37636,1.37626,0.19,0.75
30.08.2021 01:00:09.574,1.37635,1.37626,0.19,0.75
30.08.2021 01:00:09.827,1.37636,1.37626,0.19,0.82
30.08.2021 01:00:09.928,1.37636,1.37627,0.19,0.75
30.08.2021 01:00:11.147,1.37637,1.37627,1.5,0.75
30.08.2021 01:00:21.303,1.37636,1.37625,0.75,0.82
30.08.2021 01:00:21.354,1.37638,1.37625,2.25,0.82
30.08.2021 01:00:35.614,1.37638,1.37626,1.5,0.1
30.08.2021 01:00:40.199,1.37637,1.37626,1.95,0.82
30.08.2021 01:00:41.021,1.37636,1.37626,0.75,0.82
30.08.2021 01:00:41.810,1.37636,1.37625,0.75,0.1
30.08.2021 01:00:45.166,1.37635,1.37625,0.75,0.1
30.08.2021 01:00:45.268,1.37635,1.3762400000000001,0.75,0.1
30.08.2021 01:00:50.952,1.37636,1.3762400000000001,0.75,0.1
30.08.2021 01:00:51.216,1.37636,1.37623,0.82,1.57
30.08.2021 01:00:52.691,1.3763400000000001,1.3762400000000001,0.1,0.75
30.08.2021 01:00:52.894,1.37627,1.3762,0.19,0.45
30.08.2021 01:00:52.996,1.37625,1.3762,0.75,0.45
30.08.2021 01:00:53.098,1.37626,1.37618,0.75,7.5
30.08.2021 01:00:53.149,1.37626,1.37615,0.75,1.69
30.08.2021 01:00:53.991,1.37626,1.37615,1.76,1.69
30.08.2021 01:00:54.093,1.3762400000000001,1.37614,0.75,2.14
30.08.2021 01:00:54.194,1.37623,1.37613,0.75,0.75
30.08.2021 01:00:55.287,1.37625,1.37613,0.75,0.75
30.08.2021 01:01:03.629,1.37626,1.37614,0.82,0.75
30.08.2021 01:01:22.132,1.37623,1.37613,1.5,0.75
30.08.2021 01:01:22.233,1.3762200000000002,1.3761200000000002,0.75,1.2
30.08.2021 01:01:22.650,1.3762200000000002,1.3761100000000002,0.45,0.75
30.08.2021 01:01:22.701,1.3762,1.3761,0.75,1.2
30.08.2021 01:01:23.105,1.3762100000000002,1.3761100000000002,0.82,0.75
30.08.2021 01:01:25.511,1.37623,1.3761200000000002,0.45,0.75
30.08.2021 01:01:31.831,1.3762200000000002,1.3761200000000002,1.2,0.75
30.08.2021 01:01:47.660,1.3762400000000001,1.37615,0.19,0.75
30.08.2021 01:01:47.762,1.37625,1.37615,0.75,0.75
30.08.2021 01:01:50.984,1.37626,1.37616,0.82,0.75
30.08.2021 01:02:29.041,1.37627,1.3761700000000001,1.12,0.75
30.08.2021 01:02:30.104,1.3763,1.3762200000000002,1.12,0.75
30.08.2021 01:02:30.155,1.3763,1.37619,1.87,0.75
30.08.2021 01:02:30.256,1.3763,1.37618,2.25,0.82
30.08.2021 01:02:37.288,1.3763,1.37619,1.12,0.75
30.08.2021 01:02:41.952,1.37629,1.37619,1.31,0.75
30.08.2021 01:02:42.609,1.37628,1.37619,0.19,0.75
30.08.2021 01:02:42.710,1.37629,1.37619,1.31,0.75
30.08.2021 01:02:43.009,1.37629,1.3762,1.31,0.75
30.08.2021 01:02:45.960,1.3763100000000001,1.3762100000000002,3,0.75
30.08.2021 01:02:46.061,1.3763100000000001,1.37619,0.75,1.87
30.08.2021 01:02:47.201,1.3763100000000001,1.3762100000000002,2.25,0.75
30.08.2021 01:02:50.215,1.3763100000000001,1.37619,2.62,0.75
30.08.2021 01:02:51.250,1.37629,1.3762,0.75,0.75
30.08.2021 01:03:00.101,1.37628,1.3761700000000001,0.19,0.82
30.08.2021 01:03:02.087,1.37626,1.37618,0.75,0.75
30.08.2021 01:03:03.221,1.37628,1.3761700000000001,0.94,0.75
30.08.2021 01:03:04.125,1.37626,1.3761700000000001,0.75,0.75
30.08.2021 01:03:14.623,1.37627,1.3761700000000001,1.69,0.75
30.08.2021 01:03:19.374,1.37628,1.3761700000000001,1.69,0.75
30.08.2021 01:03:23.481,1.37627,1.3761700000000001,0.94,0.75
30.08.2021 01:03:23.587,1.37626,1.3761700000000001,1.69,0.75
30.08.2021 01:03:23.962,1.37627,1.37618,0.94,0.75
30.08.2021 01:03:26.893,1.37627,1.3761700000000001,1.69,0.75
30.08.2021 01:03:29.342,1.37627,1.37616,0.75,0.75
30.08.2021 01:03:32.904,1.3762200000000002,1.37614,0.94,0.75
30.08.2021 01:03:32.955,1.37619,1.3761200000000002,1.12,1.2
30.08.2021 01:03:33.058,1.3762,1.3761,0.37,0.75
30.08.2021 01:03:33.109,1.37618,1.3761,0.75,0.75
30.08.2021 01:03:33.160,1.37618,1.37606,1.69,0.75
30.08.2021 01:03:33.312,1.37616,1.3760700000000001,0.75,0.75
30.08.2021 01:03:36.004,1.37616,1.37606,0.75,0.82
30.08.2021 01:03:36.055,1.37614,1.37606,0.19,0.75
30.08.2021 01:03:36.157,1.37615,1.37604,0.94,0.75
30.08.2021 01:03:36.259,1.37614,1.37604,0.19,0.75
30.08.2021 01:03:36.411,1.37615,1.37604,1.12,0.75
30.08.2021 01:03:38.995,1.37615,1.37606,0.94,0.75
30.08.2021 01:03:44.025,1.37615,1.37605,0.94,0.75
30.08.2021 01:03:44.312,1.37613,1.37604,1.57,0.75
30.08.2021 01:03:47.555,1.37614,1.37604,0.82,0.75
30.08.2021 01:03:47.656,1.37615,1.37606,0.75,0.37
30.08.2021 01:03:49.731,1.3761700000000001,1.37606,0.75,0.82
30.08.2021 01:03:49.934,1.3761700000000001,1.3760700000000001,0.75,1.2
30.08.2021 01:03:50.883,1.3761700000000001,1.37608,0.75,0.37
30.08.2021 01:03:55.595,1.3761700000000001,1.37609,0.75,0.37
30.08.2021 01:03:57.211,1.37618,1.3760700000000001,0.75,1.2
30.08.2021 01:03:57.312,1.37619,1.3761,0.75,0.82
30.08.2021 01:03:57.414,1.37625,1.37613,1.95,0.75
30.08.2021 01:03:57.515,1.37626,1.37614,0.82,0.75
30.08.2021 01:03:57.718,1.3762400000000001,1.37615,0.75,0.75
30.08.2021 01:04:00.098,1.3762400000000001,1.37614,0.75,0.82
30.08.2021 01:04:02.239,1.3762,1.3761100000000002,1.12,0.75
30.08.2021 01:04:02.341,1.37618,1.37609,0.19,0.75
30.08.2021 01:04:02.442,1.37618,1.3760700000000001,0.75,0.75
30.08.2021 01:04:02.543,1.37616,1.3760700000000001,0.75,0.75
30.08.2021 01:04:04.990,1.3761700000000001,1.37605,0.82,0.75
30.08.2021 01:04:14.326,1.3761700000000001,1.3760700000000001,1.01,0.75
30.08.2021 01:04:16.023,1.37616,1.3760700000000001,0.19,0.75
30.08.2021 01:04:23.701,1.37616,1.37606,0.94,0.75
30.08.2021 01:04:25.921,1.37616,1.37605,0.75,0.75
30.08.2021 01:04:27.280,1.3761700000000001,1.37605,0.94,0.75
30.08.2021 01:04:27.640,1.37615,1.37606,0.75,0.75
30.08.2021 01:04:29.883,1.37614,1.37605,0.75,0.75
30.08.2021 01:04:29.984,1.37614,1.37604,0.75,0.75
30.08.2021 01:04:30.748,1.37616,1.37604,1.95,0.75
30.08.2021 01:04:30.900,1.37614,1.37603,0.75,0.75
30.08.2021 01:04:31.153,1.37615,1.37603,0.75,0.75
30.08.2021 01:04:32.526,1.37614,1.37605,0.75,0.75
30.08.2021 01:04:33.164,1.37615,1.37603,0.75,0.75
30.08.2021 01:04:34.725,1.3761200000000002,1.3760200000000002,0.75,0.75
30.08.2021 01:04:34.827,1.3761100000000002,1.3760200000000002,0.19,0.75
30.08.2021 01:04:36.658,1.3761,1.37598,2.06,2.32
30.08.2021 01:04:40.170,1.37608,1.37599,0.75,0.75
30.08.2021 01:04:42.991,1.37608,1.37598,0.75,1.2
30.08.2021 01:04:46.085,1.3761200000000002,1.3760100000000002,4.01,0.75
30.08.2021 01:04:46.187,1.3761100000000002,1.3760100000000002,0.75,0.82
30.08.2021 01:04:46.288,1.3761100000000002,1.3760000000000001,0.75,0.82
30.08.2021 01:04:52.655,1.3761100000000002,1.3760100000000002,0.94,0.75
30.08.2021 01:05:00.611,1.37608,1.37599,0.75,0.82
30.08.2021 01:05:00.713,1.37609,1.3759700000000001,0.75,2.02
30.08.2021 01:05:01.838,1.3760700000000001,1.37598,0.75,1.57
30.08.2021 01:05:15.813,1.3760000000000001,1.37596,0.75,0.75
30.08.2021 01:05:15.863,1.37599,1.3759100000000002,0.94,7.5
30.08.2021 01:05:15.914,1.3760000000000001,1.37593,0.75,1.84
30.08.2021 01:05:16.016,1.3760100000000002,1.37592,0.94,8.25
30.08.2021 01:05:16.466,1.37598,1.3759000000000001,0.75,1.12
30.08.2021 01:05:16.934,1.37599,1.37588,0.75,0.1
30.08.2021 01:05:18.712,1.37598,1.37588,0.75,1.57
30.08.2021 01:05:20.223,1.3759700000000001,1.37588,0.75,1.57
30.08.2021 01:05:20.969,1.37598,1.37586,0.75,1.57
30.08.2021 01:05:22.783,1.3759700000000001,1.37586,0.75,0.75
30.08.2021 01:05:26.973,1.3759700000000001,1.3758700000000001,1.2,0.75
30.08.2021 01:06:00.490,1.37596,1.37586,0.75,0.75
30.08.2021 01:06:00.867,1.37592,1.37586,0.75,0.75
30.08.2021 01:06:00.969,1.3759100000000002,1.3758100000000002,0.75,0.45
30.08.2021 01:06:01.072,1.37593,1.3758100000000002,0.82,0.75
30.08.2021 01:06:01.426,1.37596,1.37585,0.75,1.5
30.08.2021 01:06:01.527,1.37596,1.37586,0.75,1.5
30.08.2021 01:06:03.365,1.37596,1.3758700000000001,0.75,0.75
30.08.2021 01:06:03.466,1.3759700000000001,1.37585,0.75,1.5
30.08.2021 01:06:06.226,1.3759700000000001,1.3758700000000001,0.75,1.5
30.08.2021 01:06:06.378,1.3759700000000001,1.37588,0.75,0.75
30.08.2021 01:06:06.631,1.3760100000000002,1.3759100000000002,1.95,1.5
30.08.2021 01:06:06.732,1.3760200000000002,1.3759100000000002,0.37,0.75
30.08.2021 01:06:06.834,1.37599,1.37588,0.75,0.37
30.08.2021 01:06:06.935,1.37599,1.3758700000000001,0.75,1.27
30.08.2021 01:06:10.831,1.3760000000000001,1.37588,1.2,0.75
30.08.2021 01:06:13.540,1.37598,1.37588,0.75,1.57
30.08.2021 01:06:14.556,1.37598,1.37586,0.75,1.57
30.08.2021 01:06:16.671,1.37599,1.3758700000000001,1.2,0.75
30.08.2021 01:06:20.454,1.37598,1.3758700000000001,0.37,0.75
30.08.2021 01:06:22.448,1.37598,1.37586,1.12,0.82
30.08.2021 01:06:28.859,1.3759700000000001,1.37585,0.82,0.75
30.08.2021 01:06:30.761,1.3759700000000001,1.37586,0.82,0.75
30.08.2021 01:06:32.455,1.37594,1.37584,0.75,0.82
30.08.2021 01:06:32.557,1.37594,1.3758299999999999,0.75,0.75
30.08.2021 01:06:32.658,1.37594,1.37582,0.75,0.82
30.08.2021 01:06:35.510,1.3759100000000002,1.3758299999999999,0.75,0.82
30.08.2021 01:06:35.561,1.3759100000000002,1.37579,0.94,0.82
30.08.2021 01:06:35.712,1.3759100000000002,1.3758000000000001,0.94,0.75
30.08.2021 01:06:37.553,1.3759000000000001,1.3758000000000001,0.94,0.75
30.08.2021 01:06:45.481,1.3759000000000001,1.37582,0.75,0.75
30.08.2021 01:06:45.583,1.37596,1.37586,0.82,0.75
30.08.2021 01:06:45.684,1.3759700000000001,1.3758700000000001,1.2,0.75
30.08.2021 01:06:48.398,1.3759700000000001,1.37585,1.12,0.75
30.08.2021 01:06:58.776,1.3759700000000001,1.3758700000000001,0.82,0.75
30.08.2021 01:07:08.887,1.37598,1.37588,0.75,1.57
30.08.2021 01:07:08.989,1.3760100000000002,1.37592,0.19,0.75
30.08.2021 01:07:09.090,1.37604,1.37595,0.45,0.75
30.08.2021 01:07:09.192,1.37606,1.3759700000000001,0.37,0.75
30.08.2021 01:07:12.076,1.37606,1.37596,1.2,0.75
30.08.2021 01:07:16.809,1.3760700000000001,1.37596,0.45,0.75
30.08.2021 01:07:16.910,1.37608,1.37596,1.95,0.75
30.08.2021 01:07:23.948,1.3760700000000001,1.37595,0.75,0.82
30.08.2021 01:07:24.504,1.37606,1.3759700000000001,0.37,0.75
30.08.2021 01:07:24.606,1.3760700000000001,1.3759700000000001,1.87,0.75
30.08.2021 01:07:25.138,1.37606,1.3759700000000001,0.37,0.75
30.08.2021 01:07:31.952,1.37606,1.37596,1.12,0.75
30.08.2021 01:07:33.665,1.37604,1.37594,0.75,1.2
30.08.2021 01:07:33.767,1.37605,1.37592,0.75,0.82
30.08.2021 01:07:37.638,1.3760700000000001,1.37595,0.82,0.75
30.08.2021 01:07:37.739,1.3760700000000001,1.37596,1.2,0.82
30.08.2021 01:07:38.548,1.37608,1.37596,0.75,0.1
30.08.2021 01:07:38.994,1.37608,1.37595,0.82,0.82
30.08.2021 01:07:39.201,1.3760700000000001,1.3759700000000001,0.75,0.1
30.08.2021 01:07:39.931,1.37609,1.3760000000000001,1.5,0.75
30.08.2021 01:07:40.032,1.3761200000000002,1.3760000000000001,0.45,0.75
30.08.2021 01:07:40.083,1.37609,1.37599,0.75,0.82
30.08.2021 01:07:40.185,1.37609,1.37598,0.75,0.1
30.08.2021 01:07:40.336,1.37609,1.3759700000000001,0.75,1.57
30.08.2021 01:07:43.148,1.3760700000000001,1.37595,1.69,0.75
30.08.2021 01:07:43.250,1.37605,1.37595,1.12,0.75
30.08.2021 01:07:48.776,1.37604,1.37595,0.37,0.75
30.08.2021 01:07:52.052,1.37606,1.37595,0.19,0.75
30.08.2021 01:07:52.153,1.37606,1.37596,0.94,0.75
30.08.2021 01:07:52.464,1.37606,1.3759700000000001,0.19,0.75
30.08.2021 01:07:58.734,1.3760700000000001,1.3759700000000001,0.75,1.5
30.08.2021 01:07:58.836,1.3761200000000002,1.3760000000000001,0.82,0.82
30.08.2021 01:07:58.937,1.37614,1.37604,7.5,0.75
30.08.2021 01:07:59.039,1.37615,1.37605,1.95,0.75
30.08.2021 01:08:23.050,1.37616,1.37605,0.75,0.75
30.08.2021 01:08:23.151,1.37616,1.37606,1.57,0.75
30.08.2021 01:08:23.851,1.37616,1.37605,0.75,0.75
30.08.2021 01:08:24.283,1.37615,1.37604,0.75,0.1
30.08.2021 01:08:25.707,1.37615,1.37605,1.5,0.82
30.08.2021 01:08:30.524,1.37616,1.37605,2.25,0.82
30.08.2021 01:08:31.032,1.37616,1.37606,2.25,0.26
30.08.2021 01:08:38.085,1.37618,1.3760700000000001,0.75,0.75
30.08.2021 01:08:38.186,1.37618,1.37606,0.75,1.01
30.08.2021 01:08:38.648,1.37618,1.37605,0.75,1.76
30.08.2021 01:08:44.902,1.37616,1.37606,0.75,1.01
30.08.2021 01:08:45.206,1.3761700000000001,1.37606,1.5,1.01
30.08.2021 01:08:45.509,1.3761700000000001,1.3760700000000001,0.75,0.1
30.08.2021 01:08:45.660,1.37618,1.37605,0.82,1.01
30.08.2021 01:08:45.762,1.37616,1.37606,0.75,0.1
30.08.2021 01:08:45.863,1.3761700000000001,1.37604,0.82,3.05
30.08.2021 01:08:50.550,1.37615,1.37605,0.1,2.06
30.08.2021 01:08:50.858,1.37616,1.37605,0.82,1.95
30.08.2021 01:08:52.002,1.37616,1.37604,0.75,0.26
30.08.2021 01:08:52.103,1.37614,1.37604,0.82,0.19
30.08.2021 01:08:53.648,1.37616,1.37603,0.82,1.01
30.08.2021 01:08:54.968,1.3761700000000001,1.37604,1.57,1.01
30.08.2021 01:08:56.118,1.37615,1.37605,0.1,0.94
30.08.2021 01:08:56.270,1.37614,1.37603,0.75,0.26
30.08.2021 01:08:56.372,1.37615,1.37606,0.1,0.75
30.08.2021 01:08:57.994,1.37616,1.37606,0.82,0.75
30.08.2021 01:08:59.602,1.37616,1.37605,0.82,1.01
30.08.2021 01:09:04.024,1.37615,1.37605,0.75,1.01
30.08.2021 01:09:10.132,1.37615,1.37606,0.1,0.19
30.08.2021 01:09:11.005,1.3761700000000001,1.3760700000000001,0.75,0.19
30.08.2021 01:09:11.258,1.37618,1.3760700000000001,0.75,0.26
30.08.2021 01:09:11.809,1.3761700000000001,1.37609,0.75,0.19
30.08.2021 01:09:20.963,1.37616,1.37604,0.75,1.09
30.08.2021 01:09:21.166,1.37616,1.37603,1.76,1.39
30.08.2021 01:09:22.044,1.37616,1.37604,0.82,0.19
30.08.2021 01:09:34.426,1.37616,1.37606,0.82,0.75
30.08.2021 01:09:34.577,1.37616,1.37608,0.75,0.19
30.08.2021 01:09:34.855,1.3761700000000001,1.37608,0.82,0.19
30.08.2021 01:09:37.332,1.37618,1.37605,1.57,1.01
30.08.2021 01:09:42.768,1.37616,1.37605,2.32,1.76
30.08.2021 01:09:46.957,1.37615,1.37605,0.1,0.94
30.08.2021 01:10:02.840,1.3761700000000001,1.37605,4.2,0.75
30.08.2021 01:10:04.741,1.3761700000000001,1.37606,0.1,0.75
30.08.2021 01:10:07.604,1.37618,1.37606,1.95,0.75
30.08.2021 01:10:15.202,1.3761700000000001,1.37608,0.26,0.75
30.08.2021 01:10:15.253,1.3762100000000002,1.37609,0.82,1.5
30.08.2021 01:10:15.355,1.3762100000000002,1.3761100000000002,1.2,0.75
30.08.2021 01:10:15.735,1.3762200000000002,1.3761200000000002,1.57,0.75
30.08.2021 01:10:19.037,1.37623,1.37614,0.1,0.75
30.08.2021 01:10:19.139,1.3762400000000001,1.37614,0.82,0.75
30.08.2021 01:10:19.241,1.37625,1.37616,0.1,0.75
30.08.2021 01:10:22.894,1.37626,1.37616,1.2,0.75
30.08.2021 01:10:36.434,1.37626,1.3761700000000001,0.45,0.75
30.08.2021 01:10:42.836,1.37628,1.37616,0.82,0.75
30.08.2021 01:10:44.317,1.37628,1.3761700000000001,0.1,0.75
30.08.2021 01:10:45.231,1.37628,1.37618,1.2,0.75
30.08.2021 01:10:47.227,1.37629,1.37619,0.75,0.82
30.08.2021 01:10:50.414,1.37628,1.37618,0.82,0.75
30.08.2021 01:10:53.750,1.37627,1.37618,0.1,0.75
30.08.2021 01:11:00.364,1.37628,1.37616,0.45,0.75
30.08.2021 01:11:00.465,1.37627,1.37616,0.1,0.75
30.08.2021 01:11:04.937,1.37627,1.3761700000000001,0.45,0.75
30.08.2021 01:11:07.774,1.37626,1.3761700000000001,0.1,0.75
30.08.2021 01:11:08.643,1.37628,1.37616,1.57,0.75
30.08.2021 01:11:08.744,1.37628,1.3761700000000001,0.1,0.75
30.08.2021 01:11:08.845,1.37629,1.3761700000000001,1.95,0.75
30.08.2021 01:11:08.996,1.37627,1.3761700000000001,0.75,0.75
30.08.2021 01:11:10.001,1.37627,1.37618,0.82,0.75
30.08.2021 01:11:12.009,1.37629,1.3761700000000001,1.2,0.75
30.08.2021 01:11:12.111,1.37629,1.37618,0.19,1.5
30.08.2021 01:11:17.256,1.3763,1.37618,0.82,1.5
30.08.2021 01:11:17.358,1.37633,1.37626,0.45,0.75
30.08.2021 01:11:17.408,1.37637,1.37626,0.1,0.75
30.08.2021 01:11:24.467,1.37637,1.37628,0.82,0.75
30.08.2021 01:11:26.832,1.37636,1.37627,0.82,0.75
30.08.2021 01:11:38.871,1.37636,1.37626,0.19,0.75
30.08.2021 01:11:40.593,1.37636,1.37627,0.26,0.75
30.08.2021 01:11:41.408,1.37637,1.37627,0.1,0.75
30.08.2021 01:11:44.005,1.37636,1.37627,0.1,0.75
30.08.2021 01:11:47.722,1.37635,1.37627,0.1,0.75
30.08.2021 01:11:49.672,1.37635,1.37626,0.1,0.75
30.08.2021 01:11:54.412,1.37636,1.37626,0.1,0.75
30.08.2021 01:11:54.513,1.37636,1.37627,1.2,0.75
30.08.2021 01:11:55.452,1.37636,1.3762400000000001,1.57,0.75
30.08.2021 01:11:55.554,1.37635,1.37626,0.1,0.75
30.08.2021 01:11:56.745,1.37636,1.37626,1.2,0.75
30.08.2021 01:11:56.993,1.37636,1.3762400000000001,1.95,0.75
30.08.2021 01:11:59.743,1.3763100000000001,1.3762200000000002,1.87,1.91
30.08.2021 01:11:59.845,1.3763100000000001,1.37623,1.12,0.82
30.08.2021 01:11:59.947,1.3763400000000001,1.37623,0.19,0.75
30.08.2021 01:12:02.592,1.37635,1.37623,0.94,0.75
30.08.2021 01:12:02.643,1.3763200000000002,1.3762200000000002,1.12,1.67
30.08.2021 01:12:02.744,1.3763200000000002,1.3762400000000001,1.12,0.75
30.08.2021 01:12:05.093,1.37636,1.37625,0.75,0.75
30.08.2021 01:12:05.196,1.37636,1.37626,1.12,0.75
30.08.2021 01:12:06.973,1.37637,1.37627,0.75,0.75
30.08.2021 01:12:07.024,1.37639,1.37629,0.75,1.95
30.08.2021 01:12:07.125,1.3764100000000001,1.37629,0.75,0.75
30.08.2021 01:12:13.022,1.37639,1.37627,2.51,0.75
30.08.2021 01:12:13.123,1.37637,1.37627,3.07,0.75
30.08.2021 01:12:13.229,1.37637,1.37626,0.75,0.75
30.08.2021 01:12:16.227,1.37636,1.3762400000000001,0.75,0.82
30.08.2021 01:12:16.783,1.3763400000000001,1.37625,0.75,0.75
30.08.2021 01:12:19.699,1.37635,1.37625,1.5,0.75
30.08.2021 01:12:24.576,1.37635,1.3762400000000001,0.75,0.75
30.08.2021 01:12:40.105,1.37633,1.37623,0.75,1.2
30.08.2021 01:12:40.903,1.3763400000000001,1.37625,1.57,0.75
30.08.2021 01:12:44.998,1.37635,1.37623,1.5,0.82
30.08.2021 01:12:51.733,1.37635,1.37625,0.82,0.75
30.08.2021 01:13:04.195,1.37636,1.37628,0.1,0.75
30.08.2021 01:13:06.700,1.37636,1.37629,0.1,0.75
30.08.2021 01:13:16.845,1.37637,1.37629,0.1,0.75
30.08.2021 01:13:22.845,1.37637,1.3763,0.1,0.75
30.08.2021 01:13:22.946,1.37638,1.3763,0.1,0.75
30.08.2021 01:13:26.475,1.37637,1.3763,0.1,0.75
30.08.2021 01:13:32.633,1.37638,1.37628,0.1,0.75
30.08.2021 01:13:35.832,1.37638,1.37629,0.1,0.75
30.08.2021 01:13:35.883,1.37639,1.3763100000000001,0.82,0.75
30.08.2021 01:13:35.934,1.3764100000000001,1.3763200000000002,0.1,0.75
30.08.2021 01:13:36.035,1.37644,1.37637,0.37,0.75
30.08.2021 01:13:36.137,1.3764500000000002,1.37637,0.1,0.75
30.08.2021 01:13:37.778,1.37646,1.37637,0.1,0.75
30.08.2021 01:13:37.944,1.3764500000000002,1.37637,0.1,0.75
30.08.2021 01:13:43.038,1.3764500000000002,1.37638,0.1,0.75
30.08.2021 01:13:46.093,1.3764500000000002,1.37636,0.1,0.75
30.08.2021 01:13:46.245,1.37643,1.37637,0.1,0.75
30.08.2021 01:14:04.325,1.3764500000000002,1.37636,0.1,0.75
30.08.2021 01:14:04.427,1.37646,1.37637,0.1,0.75
30.08.2021 01:14:04.939,1.37646,1.37638,0.1,0.75
30.08.2021 01:14:05.243,1.37646,1.37637,0.1,0.75
30.08.2021 01:14:10.561,1.3764500000000002,1.37637,0.1,0.75
30.08.2021 01:14:11.316,1.37646,1.37637,0.1,0.75
30.08.2021 01:14:15.335,1.37647,1.37637,0.1,0.75
30.08.2021 01:14:15.437,1.37648,1.37639,0.1,0.75
30.08.2021 01:14:15.538,1.37648,1.37638,0.1,0.75
30.08.2021 01:14:21.675,1.37646,1.37637,0.1,0.75
30.08.2021 01:14:21.978,1.3764500000000002,1.37637,0.1,0.75
30.08.2021 01:14:25.543,1.37647,1.37636,0.1,0.75
30.08.2021 01:14:29.717,1.37647,1.37637,0.82,0.75
30.08.2021 01:14:29.923,1.37646,1.37637,0.1,0.75
30.08.2021 01:14:30.024,1.37646,1.37638,0.1,0.75
30.08.2021 01:14:32.117,1.37647,1.37636,0.82,0.75
30.08.2021 01:14:32.326,1.37646,1.37636,0.1,0.75
30.08.2021 01:14:36.993,1.37647,1.37636,1.57,0.75
30.08.2021 01:14:37.197,1.37646,1.37636,0.1,0.75
30.08.2021 01:14:38.694,1.37646,1.37637,0.82,0.75
30.08.2021 01:14:40.015,1.3764500000000002,1.37637,0.1,0.75
30.08.2021 01:14:40.846,1.3764500000000002,1.37635,0.82,0.75
30.08.2021 01:14:40.947,1.37643,1.37636,0.82,0.75
30.08.2021 01:14:43.387,1.37643,1.37635,0.75,0.75
30.08.2021 01:14:43.505,1.37644,1.37635,0.82,0.75
30.08.2021 01:14:43.606,1.3764200000000002,1.3763100000000001,0.1,1.5
30.08.2021 01:14:43.708,1.3764100000000001,1.3763,1.2,0.75
30.08.2021 01:14:44.661,1.3764,1.3763,1.95,0.75
30.08.2021 01:14:44.919,1.37639,1.3763,0.1,0.75
30.08.2021 01:14:45.374,1.3764,1.3763,1.2,0.75
30.08.2021 01:14:46.083,1.37643,1.3763400000000001,3.75,0.82
30.08.2021 01:14:46.185,1.3764500000000002,1.37633,0.82,0.82
30.08.2021 01:14:48.947,1.3764500000000002,1.37635,0.82,0.82
30.08.2021 01:14:49.049,1.37647,1.37635,0.82,0.82
30.08.2021 01:14:49.150,1.37646,1.37637,0.1,0.75
30.08.2021 01:14:49.252,1.37648,1.37636,0.82,1.01
30.08.2021 01:14:49.474,1.37646,1.37637,0.1,0.94
30.08.2021 01:14:56.151,1.37647,1.37637,0.94,0.75
30.08.2021 01:15:04.068,1.37647,1.37636,0.75,0.75
30.08.2021 01:15:04.169,1.37648,1.37636,1.5,0.75
30.08.2021 01:15:05.126,1.37647,1.37636,0.75,0.75
30.08.2021 01:15:06.144,1.3764500000000002,1.37637,0.75,0.75
30.08.2021 01:15:06.262,1.37646,1.37637,0.75,0.75
30.08.2021 01:15:07.767,1.37646,1.37636,0.75,0.75
30.08.2021 01:15:08.629,1.37639,1.3763200000000002,1.12,10.09
30.08.2021 01:15:08.730,1.37637,1.3763200000000002,0.82,7.5
30.08.2021 01:15:08.882,1.37638,1.37626,0.82,0.75
30.08.2021 01:15:14.878,1.37637,1.37626,0.1,0.75
30.08.2021 01:15:14.979,1.37637,1.37625,0.82,0.75
30.08.2021 01:15:19.447,1.37636,1.3762400000000001,0.75,0.82
30.08.2021 01:15:21.623,1.3763400000000001,1.3762400000000001,0.82,0.75
30.08.2021 01:15:22.288,1.3763400000000001,1.37623,0.1,0.75
30.08.2021 01:15:25.648,1.37633,1.37623,0.82,0.75
30.08.2021 01:15:27.049,1.37635,1.37623,0.75,0.82
30.08.2021 01:15:35.157,1.37636,1.3762400000000001,1.57,0.75
30.08.2021 01:15:38.954,1.37636,1.37626,0.1,0.75
30.08.2021 01:15:39.055,1.37635,1.37626,0.1,0.75
30.08.2021 01:15:39.452,1.37636,1.37626,0.1,0.75
30.08.2021 01:15:39.553,1.37636,1.37627,0.1,0.75
30.08.2021 01:15:44.383,1.37637,1.37627,0.82,0.75
30.08.2021 01:15:58.968,1.37638,1.37628,1.01,0.75
30.08.2021 01:16:00.202,1.37638,1.37627,0.1,0.75
30.08.2021 01:16:01.142,1.37636,1.37627,0.1,0.75
30.08.2021 01:16:01.243,1.37635,1.37626,0.1,0.75
30.08.2021 01:16:02.274,1.37635,1.37627,0.1,0.75
30.08.2021 01:16:09.674,1.37636,1.37625,0.1,0.75
30.08.2021 01:16:10.300,1.37636,1.37626,0.1,0.75
30.08.2021 01:16:15.384,1.37635,1.37626,0.1,0.75
30.08.2021 01:16:22.657,1.37637,1.37626,1.76,0.75
30.08.2021 01:16:23.530,1.37637,1.37625,0.75,0.75
30.08.2021 01:16:26.141,1.37637,1.37626,1.76,0.75
30.08.2021 01:16:26.343,1.37637,1.37625,0.75,0.75
30.08.2021 01:16:30.936,1.37637,1.37626,1.69,0.75
30.08.2021 01:16:39.575,1.37638,1.37628,0.94,0.75
30.08.2021 01:16:39.677,1.3764200000000002,1.37635,2.89,0.75
30.08.2021 01:16:39.727,1.37643,1.37633,0.1,0.75
30.08.2021 01:16:39.829,1.3764500000000002,1.3763200000000002,1.95,0.82
30.08.2021 01:16:40.558,1.37643,1.3763400000000001,0.75,0.75
30.08.2021 01:16:40.659,1.37644,1.3763400000000001,0.45,0.75
30.08.2021 01:16:43.679,1.37644,1.37633,1.2,0.82
30.08.2021 01:16:44.955,1.37644,1.3763200000000002,0.75,0.82
30.08.2021 01:16:46.047,1.37644,1.37633,1.95,0.82
30.08.2021 01:16:46.206,1.37643,1.37633,0.75,0.82
30.08.2021 01:16:46.307,1.3764500000000002,1.3763200000000002,1.95,0.82
30.08.2021 01:16:46.617,1.37643,1.37633,0.75,0.82
30.08.2021 01:16:46.721,1.37644,1.37633,1.95,0.82
30.08.2021 01:16:46.871,1.37643,1.37633,0.75,0.82
30.08.2021 01:16:47.172,1.37644,1.37633,1.95,0.82
30.08.2021 01:16:47.444,1.37643,1.37633,0.75,0.82
30.08.2021 01:16:50.561,1.3764200000000002,1.37633,0.75,0.1
30.08.2021 01:16:50.662,1.37643,1.37633,1.5,0.1
30.08.2021 01:16:50.945,1.3764200000000002,1.37633,0.75,0.1
30.08.2021 01:16:53.105,1.37644,1.3763200000000002,1.5,0.1
30.08.2021 01:16:53.206,1.37643,1.3763200000000002,0.75,0.1
30.08.2021 01:16:53.680,1.37643,1.37633,1.5,0.82
30.08.2021 01:16:53.781,1.37643,1.3763200000000002,0.75,0.75
30.08.2021 01:16:54.085,1.37643,1.37633,1.57,0.75
30.08.2021 01:16:54.384,1.3764200000000002,1.37633,0.75,0.75
30.08.2021 01:16:54.905,1.37644,1.3763200000000002,1.57,0.75
30.08.2021 01:16:55.034,1.3764200000000002,1.37633,0.75,0.75
30.08.2021 01:16:55.171,1.37644,1.3763200000000002,1.57,0.75
30.08.2021 01:17:00.519,1.3764200000000002,1.37633,0.75,0.75
30.08.2021 01:17:01.203,1.37638,1.37629,1.5,1.5
30.08.2021 01:17:01.253,1.37638,1.37626,0.75,1.65
30.08.2021 01:17:01.355,1.37637,1.37626,1.76,0.75
30.08.2021 01:17:01.456,1.37637,1.37625,0.19,0.75
30.08.2021 01:17:16.479,1.37638,1.37625,0.94,0.82
30.08.2021 01:17:23.227,1.37638,1.37626,0.94,0.75
30.08.2021 01:17:23.631,1.37638,1.37627,0.94,0.82
30.08.2021 01:17:24.289,1.37638,1.37628,0.94,0.1
30.08.2021 01:17:31.853,1.3764,1.3763400000000001,0.37,0.75
30.08.2021 01:17:31.904,1.37643,1.37636,3.45,0.75
30.08.2021 01:17:31.955,1.37646,1.37635,7.69,0.75
30.08.2021 01:17:32.107,1.37647,1.37635,1.12,0.75
30.08.2021 01:17:32.392,1.37648,1.37635,1.12,0.75
30.08.2021 01:17:33.084,1.37647,1.37635,0.75,0.75
30.08.2021 01:17:33.185,1.37647,1.37636,1.12,0.82
30.08.2021 01:17:33.539,1.37647,1.37637,1.12,0.92
30.08.2021 01:17:34.306,1.37649,1.37636,1.12,1.57
30.08.2021 01:17:34.407,1.37649,1.37637,1.12,0.75
30.08.2021 01:17:44.203,1.37647,1.37637,0.75,1.57
30.08.2021 01:17:48.397,1.37648,1.37637,0.75,1.57
30.08.2021 01:17:48.498,1.37648,1.37638,0.75,0.1
30.08.2021 01:17:53.364,1.37648,1.37636,0.75,0.82
30.08.2021 01:17:53.718,1.37648,1.37637,0.75,0.1
30.08.2021 01:17:54.176,1.37649,1.37637,0.75,0.1
30.08.2021 01:17:58.299,1.3765,1.37637,0.75,0.82
30.08.2021 01:17:58.350,1.3765100000000001,1.37639,0.94,0.82
30.08.2021 01:17:58.453,1.3765100000000001,1.3764,1.87,1.57
30.08.2021 01:17:58.555,1.3765100000000001,1.3764100000000001,0.75,0.75
30.08.2021 01:18:01.513,1.37653,1.3764200000000002,2.25,0.75
30.08.2021 01:18:01.614,1.3765200000000002,1.3764200000000002,0.75,0.82
30.08.2021 01:18:01.825,1.3765200000000002,1.3764100000000001,1.12,0.82
30.08.2021 01:18:01.927,1.3765200000000002,1.3764,0.75,0.82
30.08.2021 01:18:17.069,1.3765200000000002,1.3764200000000002,0.19,0.82
30.08.2021 01:18:17.170,1.3765200000000002,1.3764100000000001,1.12,0.82
30.08.2021 01:18:17.322,1.3765100000000001,1.3764100000000001,0.37,0.82
30.08.2021 01:18:28.286,1.3765100000000001,1.3764,1.12,1.57
30.08.2021 01:18:33.394,1.37654,1.3764100000000001,1.69,0.82
30.08.2021 01:18:33.698,1.3765200000000002,1.3764200000000002,0.75,0.82
30.08.2021 01:18:33.800,1.37653,1.3764200000000002,1.69,0.82
30.08.2021 01:18:34.002,1.3765200000000002,1.3764200000000002,0.75,0.82
30.08.2021 01:18:34.230,1.37653,1.3764200000000002,1.69,0.82
30.08.2021 01:18:36.409,1.37653,1.37644,0.56,0.75
30.08.2021 01:18:36.510,1.37654,1.37644,1.69,0.82
30.08.2021 01:18:36.612,1.37658,1.37646,1.12,0.75
30.08.2021 01:18:39.053,1.37657,1.37646,1.87,0.82
30.08.2021 01:18:42.880,1.37659,1.37647,0.94,0.75
30.08.2021 01:18:46.411,1.37659,1.37649,0.37,0.75
30.08.2021 01:18:46.781,1.3766,1.37647,1.2,0.75
30.08.2021 01:18:53.354,1.37659,1.37647,0.37,0.75
30.08.2021 01:18:54.114,1.37659,1.37646,1.12,0.82
30.08.2021 01:18:57.347,1.37658,1.37648,1.12,0.75
30.08.2021 01:18:58.246,1.3766,1.37649,1.57,0.75
30.08.2021 01:18:59.601,1.37663,1.37653,4.39,0.82
30.08.2021 01:18:59.704,1.3766500000000002,1.37657,0.75,0.75
30.08.2021 01:18:59.755,1.37667,1.37657,0.75,0.75
30.08.2021 01:19:01.457,1.37668,1.3765500000000002,0.75,1.2
30.08.2021 01:19:04.679,1.37667,1.37657,0.75,0.82
30.08.2021 01:19:11.041,1.37668,1.3765500000000002,0.75,1.76
30.08.2021 01:19:11.142,1.37667,1.3765500000000002,0.75,1.01
30.08.2021 01:19:11.445,1.37667,1.37654,0.75,1.01
30.08.2021 01:19:13.709,1.37666,1.37656,0.75,0.75
30.08.2021 01:19:13.911,1.37667,1.37654,0.75,1.01
30.08.2021 01:19:14.012,1.3766500000000002,1.3765500000000002,0.75,1.01
30.08.2021 01:19:14.264,1.37666,1.3765500000000002,0.75,1.01
30.08.2021 01:19:18.865,1.3766500000000002,1.3765500000000002,0.75,0.82
30.08.2021 01:19:22.873,1.37664,1.37653,2.32,0.75
30.08.2021 01:19:24.556,1.37658,1.3765,0.19,0.75
30.08.2021 01:19:24.607,1.37658,1.37648,0.94,1.57
30.08.2021 01:19:24.710,1.37657,1.37648,0.37,2.25
30.08.2021 01:19:24.812,1.37657,1.37647,0.37,1.5
30.08.2021 01:19:29.139,1.37657,1.37646,0.1,0.75
30.08.2021 01:19:31.814,1.37657,1.3764500000000002,0.82,0.75
30.08.2021 01:19:38.503,1.37657,1.37646,1.2,0.82
30.08.2021 01:19:38.554,1.37658,1.3765,0.19,0.75
30.08.2021 01:19:38.655,1.3766100000000001,1.37654,0.75,0.75
30.08.2021 01:19:38.757,1.3766500000000002,1.3765500000000002,7.69,0.75
30.08.2021 01:19:38.908,1.3766500000000002,1.37656,0.45,0.75
30.08.2021 01:19:39.111,1.37666,1.37656,1.57,0.75
30.08.2021 01:20:14.912,1.37667,1.37654,1.57,0.82
30.08.2021 01:20:19.804,1.3766500000000002,1.3765500000000002,0.75,0.75
30.08.2021 01:20:25.099,1.37663,1.37653,0.75,1.5
30.08.2021 01:20:25.201,1.37664,1.3765100000000001,0.82,1.87
30.08.2021 01:20:41.141,1.3766500000000002,1.3765500000000002,0.75,0.82
30.08.2021 01:20:42.346,1.37667,1.3765500000000002,1.57,0.75
30.08.2021 01:20:56.312,1.37666,1.3765500000000002,1.57,0.82
30.08.2021 01:21:00.119,1.3766500000000002,1.37654,1.57,0.82
30.08.2021 01:21:03.703,1.3766500000000002,1.3765500000000002,0.1,0.75
30.08.2021 01:21:09.930,1.37664,1.3765200000000002,0.1,0.75
30.08.2021 01:21:13.555,1.37664,1.37653,0.82,0.75
30.08.2021 01:21:15.130,1.37664,1.37654,0.82,0.75
30.08.2021 01:21:37.347,1.3766500000000002,1.3765200000000002,0.75,0.82
30.08.2021 01:21:38.204,1.37663,1.37653,0.75,0.82
30.08.2021 01:21:44.802,1.37666,1.37653,1.57,0.75
30.08.2021 01:21:44.953,1.37667,1.37654,1.95,0.75
30.08.2021 01:21:47.934,1.3766500000000002,1.3765500000000002,0.75,0.75
30.08.2021 01:21:48.051,1.37666,1.3765500000000002,1.95,0.75
30.08.2021 01:21:51.520,1.37659,1.3765100000000001,0.75,0.37
30.08.2021 01:21:51.571,1.37658,1.37649,0.75,0.82
30.08.2021 01:21:51.679,1.37658,1.37647,0.75,7.5
30.08.2021 01:21:51.780,1.37657,1.37647,0.75,1.57
30.08.2021 01:21:51.932,1.37659,1.37646,0.94,1.57
30.08.2021 01:21:52.604,1.37659,1.37647,0.75,0.1
30.08.2021 01:21:55.831,1.37658,1.37647,0.75,1.76
30.08.2021 01:22:05.107,1.37657,1.37647,0.75,0.75
30.08.2021 01:22:07.766,1.37658,1.37647,1.87,0.82
30.08.2021 01:22:13.128,1.37659,1.37647,0.75,0.82
30.08.2021 01:22:13.828,1.3766,1.37649,0.75,0.82
30.08.2021 01:22:14.081,1.3766,1.3765,0.75,0.82
30.08.2021 01:22:14.825,1.37659,1.37647,0.75,1.5
30.08.2021 01:22:14.927,1.37657,1.37647,0.75,0.82
30.08.2021 01:22:29.121,1.37657,1.37648,0.75,0.1
30.08.2021 01:22:29.172,1.3766100000000001,1.37649,0.75,0.82
30.08.2021 01:22:29.274,1.3766200000000002,1.37649,0.75,1.57
30.08.2021 01:22:29.880,1.3766500000000002,1.37653,0.75,0.82
30.08.2021 01:22:29.982,1.37666,1.37653,0.75,0.82
30.08.2021 01:22:30.844,1.3766500000000002,1.3765500000000002,0.75,0.1
30.08.2021 01:22:30.945,1.3766500000000002,1.37654,0.75,0.82
30.08.2021 01:22:42.065,1.37666,1.37654,0.75,0.75
30.08.2021 01:22:44.684,1.3766500000000002,1.37654,1.5,0.82
30.08.2021 01:22:49.905,1.3766500000000002,1.3765500000000002,0.75,0.75
30.08.2021 01:22:53.881,1.37666,1.37656,1.5,0.75
30.08.2021 01:22:55.241,1.37668,1.37657,2.7,0.75
30.08.2021 01:22:56.104,1.37669,1.37659,0.75,0.82
30.08.2021 01:22:56.508,1.3767,1.37659,1.2,0.75
30.08.2021 01:22:59.223,1.37669,1.37659,0.75,0.75
30.08.2021 01:23:03.975,1.37669,1.37657,0.75,0.75
30.08.2021 01:23:11.929,1.37667,1.37657,0.75,0.82
30.08.2021 01:23:16.824,1.37669,1.37664,1.2,0.75
30.08.2021 01:23:19.334,1.37669,1.37664,0.1,0.75
30.08.2021 01:23:19.536,1.37669,1.37663,0.75,0.75
30.08.2021 01:23:22.387,1.37668,1.37657,0.75,0.82
30.08.2021 01:23:22.694,1.37668,1.37658,0.75,0.82
30.08.2021 01:23:22.745,1.37669,1.37663,0.75,0.75
30.08.2021 01:23:23.833,1.3767,1.3766500000000002,1.12,0.75
30.08.2021 01:23:24.595,1.37671,1.37666,0.82,0.75
30.08.2021 01:23:26.255,1.37673,1.37666,1.2,0.75
30.08.2021 01:23:26.357,1.37674,1.37666,0.37,0.75
30.08.2021 01:23:26.459,1.37673,1.37666,0.1,0.75
30.08.2021 01:23:26.560,1.37671,1.37667,0.26,0.75
30.08.2021 01:23:33.128,1.3767,1.3766,0.1,2.14
30.08.2021 01:23:34.355,1.3767200000000002,1.37666,0.19,0.75
30.08.2021 01:23:43.102,1.37671,1.37666,1.2,0.75
30.08.2021 01:23:46.332,1.37671,1.3766100000000001,0.37,0.75
30.08.2021 01:23:47.208,1.37671,1.37667,0.1,0.75
30.08.2021 01:23:47.322,1.3767,1.37666,0.1,0.75
30.08.2021 01:23:48.751,1.3767,1.3766500000000002,0.1,0.75
30.08.2021 01:23:50.376,1.3767,1.37664,0.1,0.75
30.08.2021 01:23:50.487,1.37671,1.37664,0.37,0.75
30.08.2021 01:23:54.744,1.37673,1.37666,1.12,0.75
30.08.2021 01:23:55.250,1.37674,1.37666,0.94,0.75
30.08.2021 01:23:59.195,1.3767200000000002,1.37667,0.19,0.75
30.08.2021 01:23:59.863,1.37674,1.37666,0.94,0.75
30.08.2021 01:24:02.643,1.3767200000000002,1.37667,0.37,0.75
30.08.2021 01:24:08.840,1.3767500000000001,1.37667,2.25,0.75
30.08.2021 01:24:09.093,1.3767500000000001,1.37666,2.25,0.75
30.08.2021 01:24:10.243,1.3767500000000001,1.37668,1.5,0.75
30.08.2021 01:24:10.534,1.3767500000000001,1.37666,0.75,0.75
30.08.2021 01:24:10.584,1.37674,1.37669,0.75,0.75
30.08.2021 01:24:10.686,1.37674,1.37666,0.37,0.75
30.08.2021 01:24:23.938,1.3767200000000002,1.37667,0.19,0.75
30.08.2021 01:24:29.969,1.3767200000000002,1.37666,0.19,0.75
30.08.2021 01:24:35.846,1.3767200000000002,1.37667,0.19,0.75
30.08.2021 01:24:35.947,1.37673,1.37667,0.19,0.75
30.08.2021 01:24:36.477,1.37673,1.37668,0.19,0.75
30.08.2021 01:24:36.629,1.3767200000000002,1.37666,0.37,0.75
30.08.2021 01:24:36.730,1.3767200000000002,1.3766500000000002,0.37,0.75
30.08.2021 01:24:50.226,1.37669,1.37664,0.37,0.75
30.08.2021 01:24:50.328,1.37668,1.3766200000000002,0.37,0.75
30.08.2021 01:24:50.429,1.37669,1.3766,0.45,0.75
30.08.2021 01:24:52.503,1.37669,1.3766100000000001,0.37,0.75
30.08.2021 01:24:52.605,1.37669,1.3766200000000002,2.62,0.75
30.08.2021 01:24:54.097,1.37669,1.3766100000000001,0.1,0.75
30.08.2021 01:24:55.993,1.37669,1.3766200000000002,2.89,0.75
30.08.2021 01:25:11.562,1.3767,1.3766,1.57,0.75
30.08.2021 01:25:11.714,1.37668,1.3766100000000001,0.1,0.75
30.08.2021 01:25:14.625,1.37669,1.3766100000000001,1.95,0.75
30.08.2021 01:25:15.104,1.3767,1.3766200000000002,1.95,0.75
30.08.2021 01:25:15.205,1.37671,1.3766,1.76,0.75
30.08.2021 01:25:15.306,1.37669,1.3766,0.45,0.75
30.08.2021 01:25:17.399,1.37669,1.3766100000000001,0.45,0.75
30.08.2021 01:25:20.952,1.37669,1.3766200000000002,0.37,0.75
30.08.2021 01:25:25.288,1.3767,1.3766200000000002,4.95,0.75
30.08.2021 01:25:37.361,1.37669,1.3766100000000001,0.1,0.75
30.08.2021 01:25:37.462,1.37668,1.3766100000000001,0.1,0.75
30.08.2021 01:25:42.544,1.37669,1.3766100000000001,0.1,0.75
30.08.2021 01:25:42.645,1.3767,1.3766100000000001,1.2,0.75
30.08.2021 01:25:57.354,1.37668,1.3766200000000002,0.37,0.75
30.08.2021 01:25:57.455,1.37669,1.3766,0.37,0.75
30.08.2021 01:25:58.458,1.37669,1.3766100000000001,0.45,0.75
30.08.2021 01:26:02.151,1.37669,1.37659,0.94,0.75
30.08.2021 01:26:02.303,1.37667,1.3766,0.75,0.75
30.08.2021 01:26:02.404,1.37667,1.37659,1.39,0.75
30.08.2021 01:26:13.484,1.37668,1.37659,1.2,0.75
30.08.2021 01:26:22.733,1.37668,1.3766,1.2,0.75
30.08.2021 01:26:24.114,1.3767,1.3766200000000002,1.57,0.75
30.08.2021 01:26:29.445,1.3767200000000002,1.3766500000000002,0.75,0.75
30.08.2021 01:26:36.931,1.37673,1.3766500000000002,0.75,0.75
30.08.2021 01:26:37.083,1.3767200000000002,1.3766500000000002,0.75,0.75
30.08.2021 01:26:38.898,1.37673,1.37663,1.01,0.75
30.08.2021 01:26:39.499,1.3767200000000002,1.3766500000000002,0.75,0.75
30.08.2021 01:26:39.704,1.37673,1.3766500000000002,0.75,0.75
30.08.2021 01:26:44.606,1.37673,1.37664,0.1,0.75
30.08.2021 01:26:44.707,1.3767200000000002,1.37663,0.1,0.75
30.08.2021 01:26:49.434,1.37673,1.3766500000000002,1.57,0.75
30.08.2021 01:26:49.536,1.3767200000000002,1.3766500000000002,0.45,0.75
30.08.2021 01:26:49.637,1.3767200000000002,1.37664,1.2,0.75
30.08.2021 01:27:04.474,1.37674,1.3766500000000002,5.25,0.75
30.08.2021 01:27:07.486,1.3767200000000002,1.37666,0.19,0.75
30.08.2021 01:27:07.588,1.37674,1.3766500000000002,0.75,0.75
30.08.2021 01:27:08.146,1.37671,1.3766200000000002,3.56,0.94
30.08.2021 01:27:08.248,1.37668,1.3766,0.37,0.75
30.08.2021 01:27:08.349,1.37667,1.3766,0.37,0.75
30.08.2021 01:27:20.510,1.3767,1.3766200000000002,1.12,0.75
30.08.2021 01:27:20.612,1.37671,1.3766200000000002,0.82,0.75
30.08.2021 01:27:21.532,1.37673,1.37664,2.32,0.75
30.08.2021 01:27:21.633,1.37673,1.37663,0.45,0.75
30.08.2021 01:27:25.437,1.37671,1.37663,0.37,0.75
30.08.2021 01:27:30.792,1.37674,1.3766500000000002,0.75,0.75
30.08.2021 01:27:30.994,1.37673,1.3766500000000002,0.37,0.75
30.08.2021 01:27:31.095,1.3767200000000002,1.37664,1.2,0.75
30.08.2021 01:27:31.196,1.3767200000000002,1.37663,1.2,0.75
30.08.2021 01:27:33.671,1.37673,1.37664,0.75,0.75
30.08.2021 01:27:34.058,1.37674,1.37666,1.95,0.75
30.08.2021 01:27:34.211,1.3767500000000001,1.37667,0.19,0.75
30.08.2021 01:27:34.312,1.37677,1.37668,1.95,0.75
30.08.2021 01:27:34.905,1.37678,1.3767,1.01,0.75
30.08.2021 01:27:35.007,1.37679,1.3767200000000002,0.37,0.75
30.08.2021 01:27:35.057,1.3768200000000002,1.37674,1.57,0.75
30.08.2021 01:27:35.411,1.3768500000000001,1.37677,0.75,0.75
30.08.2021 01:27:35.513,1.3768500000000001,1.37678,0.75,0.75
30.08.2021 01:27:35.614,1.3768600000000002,1.37678,0.75,0.75
30.08.2021 01:27:40.280,1.3768600000000002,1.37679,0.75,0.75
30.08.2021 01:27:44.508,1.37687,1.37679,0.1,0.75
