Gmt time,Ask,Bid,AskVolume,BidVolume
11.08.2021 00:00:00.181,1.38361,1.3835000000000002,0.1,0.75
11.08.2021 00:00:00.384,1.38362,1.3835000000000002,0.82,0.75
11.08.2021 00:00:00.639,1.38361,1.38353,0.75,0.37
11.08.2021 00:00:00.690,1.38365,1.38353,1.57,0.94
11.08.2021 00:00:00.741,1.3836600000000001,1.38358,0.75,0.19
11.08.2021 00:00:00.792,1.38369,1.3835700000000002,1.57,0.94
11.08.2021 00:00:01.197,1.38364,1.38355,0.82,0.75
11.08.2021 00:00:01.248,1.38364,1.38353,0.82,1.39
11.08.2021 00:00:01.299,1.38364,1.38355,0.82,0.19
11.08.2021 00:00:01.400,1.38364,1.38353,1.57,1.01
11.08.2021 00:00:02.511,1.38363,1.38353,0.1,0.94
11.08.2021 00:00:04.501,1.38365,1.38355,0.1,0.19
11.08.2021 00:00:04.602,1.38365,1.3835600000000001,0.1,0.19
11.08.2021 00:00:04.804,1.3836700000000002,1.38355,0.82,0.19
11.08.2021 00:00:05.310,1.3836700000000002,1.38358,0.75,0.19
11.08.2021 00:00:05.412,1.38369,1.38358,0.75,0.94
11.08.2021 00:00:05.513,1.3837000000000002,1.38358,1.57,0.94
11.08.2021 00:00:07.955,1.3837000000000002,1.38359,1.5,0.19
11.08.2021 00:00:08.255,1.38369,1.38359,1.5,1.01
11.08.2021 00:00:09.325,1.38369,1.38358,0.75,1.01
11.08.2021 00:00:11.105,1.38369,1.38359,1.5,1.01
11.08.2021 00:00:12.326,1.38369,1.3836000000000002,0.82,0.75
11.08.2021 00:00:15.075,1.3837000000000002,1.38358,1.57,0.94
11.08.2021 00:00:21.438,1.3837000000000002,1.38359,0.82,0.75
11.08.2021 00:00:24.717,1.3837000000000002,1.3836000000000002,1.57,0.75
11.08.2021 00:00:29.890,1.3837000000000002,1.38358,0.75,1.2
11.08.2021 00:00:38.598,1.38363,1.3835600000000001,0.75,0.37
11.08.2021 00:00:38.699,1.3836600000000001,1.3836000000000002,0.1,0.19
11.08.2021 00:00:38.750,1.38368,1.3836000000000002,0.82,0.19
11.08.2021 00:00:44.253,1.38369,1.3836000000000002,0.75,0.19
11.08.2021 00:00:48.776,1.38369,1.3835700000000002,0.75,0.94
11.08.2021 00:00:48.878,1.38363,1.38354,0.75,0.19
11.08.2021 00:00:49.457,1.3836600000000001,1.38355,0.82,0.19
11.08.2021 00:00:51.042,1.3836600000000001,1.3835600000000001,0.82,0.94
11.08.2021 00:00:51.144,1.38368,1.38358,0.82,0.75
11.08.2021 00:00:52.486,1.38368,1.3835700000000002,0.75,1.12
11.08.2021 00:00:55.298,1.38369,1.3835700000000002,0.82,1.12
11.08.2021 00:00:59.002,1.3836700000000002,1.38358,0.75,1.12
11.08.2021 00:00:59.751,1.38369,1.38358,0.75,0.45
11.08.2021 00:01:00.843,1.38369,1.3836000000000002,0.82,0.75
11.08.2021 00:01:00.944,1.38369,1.38359,0.82,1.2
11.08.2021 00:01:01.045,1.3837000000000002,1.38359,0.82,0.75
11.08.2021 00:01:06.654,1.38369,1.38359,0.82,1.2
11.08.2021 00:01:06.755,1.38369,1.3836000000000002,0.82,0.75
11.08.2021 00:01:12.684,1.3837000000000002,1.38361,0.82,0.75
11.08.2021 00:01:14.578,1.3837000000000002,1.3836000000000002,0.82,0.82
11.08.2021 00:01:15.107,1.38369,1.3836000000000002,0.1,0.75
11.08.2021 00:01:15.415,1.38369,1.38359,0.82,1.57
11.08.2021 00:01:15.517,1.38368,1.38358,0.82,0.82
11.08.2021 00:01:15.618,1.38368,1.38359,0.75,0.45
11.08.2021 00:01:15.720,1.3837000000000002,1.38358,0.82,1.95
11.08.2021 00:01:15.822,1.38369,1.3836000000000002,0.82,0.75
11.08.2021 00:01:48.530,1.38368,1.38359,0.75,1.57
11.08.2021 00:01:48.683,1.3837000000000002,1.38358,0.82,1.76
11.08.2021 00:01:48.986,1.38369,1.38358,0.82,0.75
11.08.2021 00:01:49.138,1.38364,1.3835600000000001,1.12,1.5
11.08.2021 00:01:49.189,1.38363,1.38354,0.75,1.87
11.08.2021 00:01:49.391,1.38365,1.38354,0.75,0.75
11.08.2021 00:01:49.493,1.38365,1.3835600000000001,0.37,0.75
11.08.2021 00:01:50.391,1.3836600000000001,1.3835600000000001,1.2,0.75
11.08.2021 00:01:50.493,1.38364,1.38353,0.75,1.5
11.08.2021 00:01:50.594,1.38362,1.38354,0.19,0.75
11.08.2021 00:01:50.696,1.38362,1.38353,0.56,0.75
11.08.2021 00:01:51.101,1.38362,1.38351,0.37,0.75
11.08.2021 00:01:51.606,1.3836000000000002,1.38352,0.37,0.75
11.08.2021 00:01:51.708,1.38361,1.3835000000000002,1.12,0.75
11.08.2021 00:01:51.929,1.38359,1.3835000000000002,0.75,0.82
11.08.2021 00:01:52.739,1.38361,1.38349,1.12,0.82
11.08.2021 00:01:53.579,1.38361,1.3835000000000002,1.12,0.75
11.08.2021 00:01:53.680,1.38359,1.38351,0.37,0.75
11.08.2021 00:01:54.205,1.38359,1.3835000000000002,0.19,0.75
11.08.2021 00:01:54.307,1.38358,1.3835000000000002,0.19,0.75
11.08.2021 00:01:55.093,1.38354,1.3834700000000002,0.56,0.75
11.08.2021 00:01:55.144,1.38353,1.38343,0.26,0.75
11.08.2021 00:01:55.195,1.38352,1.38341,0.1,8.25
11.08.2021 00:01:55.347,1.38352,1.3834,0.82,0.75
11.08.2021 00:01:56.221,1.38348,1.38341,0.37,0.75
11.08.2021 00:01:57.211,1.38349,1.38341,1.12,0.75
11.08.2021 00:01:57.617,1.3835000000000002,1.3833900000000001,0.37,0.75
11.08.2021 00:01:58.026,1.3835000000000002,1.3834,1.2,0.75
11.08.2021 00:01:59.537,1.38349,1.3834,0.37,0.75
11.08.2021 00:02:00.755,1.38351,1.3833900000000001,1.01,0.75
11.08.2021 00:02:03.903,1.38352,1.3834,1.2,0.75
11.08.2021 00:02:04.004,1.38352,1.38344,0.1,2.44
11.08.2021 00:02:04.055,1.38354,1.38345,0.75,0.82
11.08.2021 00:02:04.157,1.38355,1.3834600000000001,1.5,0.82
11.08.2021 00:02:05.243,1.3835600000000001,1.3834700000000002,0.75,0.1
11.08.2021 00:02:05.344,1.3835700000000002,1.38348,0.75,0.75
11.08.2021 00:02:05.446,1.38359,1.38348,0.75,1.57
11.08.2021 00:02:05.547,1.3835700000000002,1.38348,0.75,2.32
11.08.2021 00:02:05.598,1.38355,1.38348,0.75,2.32
11.08.2021 00:02:05.649,1.3835700000000002,1.38348,1.5,0.1
11.08.2021 00:02:05.751,1.3835600000000001,1.38348,0.75,0.75
11.08.2021 00:02:05.852,1.3835700000000002,1.3834700000000002,0.82,1.5
11.08.2021 00:02:06.138,1.38353,1.38345,0.75,4.5
11.08.2021 00:02:06.239,1.38353,1.38342,0.82,0.75
11.08.2021 00:02:06.341,1.38352,1.38341,0.75,0.82
11.08.2021 00:02:07.353,1.3835000000000002,1.38341,0.75,1.57
11.08.2021 00:02:10.089,1.38354,1.38343,0.75,1.39
11.08.2021 00:02:10.191,1.3835600000000001,1.38348,0.75,0.26
11.08.2021 00:02:10.241,1.3836000000000002,1.38349,0.75,0.75
11.08.2021 00:02:10.343,1.38358,1.3835000000000002,0.75,0.75
11.08.2021 00:02:10.756,1.38359,1.38348,0.75,2.14
11.08.2021 00:02:10.858,1.3836000000000002,1.38348,0.75,2.14
11.08.2021 00:02:11.740,1.38359,1.3835000000000002,0.75,0.1
11.08.2021 00:02:12.678,1.38362,1.38351,0.75,0.75
11.08.2021 00:02:12.831,1.38363,1.38352,0.75,1.57
11.08.2021 00:02:12.932,1.38364,1.38355,0.75,0.75
11.08.2021 00:02:13.034,1.38365,1.38355,0.75,0.82
11.08.2021 00:02:13.441,1.38365,1.3835600000000001,0.75,0.1
11.08.2021 00:02:14.087,1.38354,1.38349,1.5,0.75
11.08.2021 00:02:14.138,1.38359,1.38348,1.5,6.19
11.08.2021 00:02:14.189,1.38353,1.38349,0.75,0.75
11.08.2021 00:02:14.291,1.38351,1.3834700000000002,0.94,7.5
11.08.2021 00:02:14.342,1.3835000000000002,1.38342,0.75,0.37
11.08.2021 00:02:14.444,1.38351,1.38342,0.94,1.12
11.08.2021 00:02:18.419,1.38351,1.38341,0.75,0.26
11.08.2021 00:02:20.547,1.38349,1.38342,0.75,0.26
11.08.2021 00:02:26.923,1.38352,1.3834600000000001,0.75,1.5
11.08.2021 00:02:26.974,1.38355,1.38345,1.5,1.5
11.08.2021 00:02:27.025,1.38353,1.38345,0.75,0.75
11.08.2021 00:02:27.126,1.38352,1.38345,0.75,1.57
11.08.2021 00:02:27.559,1.3835000000000002,1.38342,0.75,3.75
11.08.2021 00:02:27.660,1.3835000000000002,1.38341,0.75,1.2
11.08.2021 00:02:27.762,1.3835000000000002,1.3834,0.75,0.45
11.08.2021 00:02:38.011,1.38348,1.38341,0.75,0.45
11.08.2021 00:02:40.748,1.38353,1.38343,0.75,1.57
11.08.2021 00:02:40.850,1.38351,1.38344,0.75,0.75
11.08.2021 00:02:40.901,1.38349,1.38341,0.75,0.19
11.08.2021 00:02:41.002,1.38348,1.38341,0.75,0.19
11.08.2021 00:02:41.103,1.3834700000000002,1.3834,0.75,0.19
11.08.2021 00:02:46.756,1.38348,1.3834,0.75,0.19
11.08.2021 00:02:48.450,1.38348,1.3833900000000001,0.75,0.19
11.08.2021 00:02:52.319,1.38348,1.3834,0.75,0.19
11.08.2021 00:02:57.899,1.38353,1.38345,1.12,0.82
11.08.2021 00:02:58.052,1.38353,1.38344,0.75,0.75
11.08.2021 00:02:58.487,1.38352,1.38343,0.94,1.2
11.08.2021 00:02:58.538,1.38353,1.38344,0.75,0.75
11.08.2021 00:02:58.747,1.38349,1.38341,0.75,2.81
11.08.2021 00:02:59.225,1.3835000000000002,1.3834600000000001,0.75,1.12
11.08.2021 00:02:59.276,1.38354,1.3834600000000001,0.75,1.2
11.08.2021 00:02:59.327,1.38352,1.38343,0.75,0.82
11.08.2021 00:02:59.429,1.38352,1.38342,0.75,0.82
11.08.2021 00:03:00.722,1.38353,1.38345,0.75,0.75
11.08.2021 00:03:00.824,1.38354,1.3834600000000001,1.5,1.57
11.08.2021 00:03:00.875,1.38353,1.38345,0.75,0.75
11.08.2021 00:03:00.925,1.38351,1.38344,0.75,0.82
11.08.2021 00:03:01.084,1.38353,1.38344,0.75,0.75
11.08.2021 00:03:01.235,1.38351,1.38344,0.75,0.75
11.08.2021 00:03:01.387,1.38352,1.38345,0.75,0.75
11.08.2021 00:03:01.539,1.3835000000000002,1.38342,0.75,4.57
11.08.2021 00:03:01.641,1.3835000000000002,1.3834,0.75,1.2
11.08.2021 00:03:01.742,1.38348,1.38341,0.75,0.45
11.08.2021 00:03:01.843,1.3835000000000002,1.3834,0.75,0.45
11.08.2021 00:03:02.355,1.38349,1.38342,0.75,0.1
11.08.2021 00:03:04.580,1.38349,1.38341,0.75,0.1
11.08.2021 00:03:06.406,1.38348,1.38341,0.75,0.45
11.08.2021 00:03:11.384,1.38348,1.3834,0.75,1.2
11.08.2021 00:03:11.696,1.38348,1.3833900000000001,0.75,1.2
11.08.2021 00:03:11.797,1.38349,1.3833900000000001,0.75,0.45
11.08.2021 00:03:18.316,1.38348,1.3833900000000001,0.75,0.45
11.08.2021 00:03:18.468,1.38349,1.3833900000000001,0.75,0.45
11.08.2021 00:03:26.159,1.38348,1.38341,0.75,0.1
11.08.2021 00:03:30.693,1.38349,1.3833900000000001,0.75,0.45
11.08.2021 00:03:31.403,1.38349,1.38343,1.5,0.45
11.08.2021 00:03:31.454,1.38351,1.38343,0.75,1.95
11.08.2021 00:03:31.555,1.38351,1.38341,0.75,1.2
11.08.2021 00:03:31.657,1.38349,1.38342,0.75,0.1
11.08.2021 00:03:31.976,1.38349,1.38341,0.75,1.95
11.08.2021 00:03:33.327,1.38349,1.3834,0.75,0.1
11.08.2021 00:03:33.949,1.38348,1.3834,0.75,1.76
11.08.2021 00:03:54.627,1.38348,1.3833900000000001,0.75,1.76
11.08.2021 00:03:54.729,1.38348,1.38338,0.75,1.01
11.08.2021 00:04:00.384,1.38349,1.38338,1.5,0.82
11.08.2021 00:05:00.091,1.3834600000000001,1.38338,0.75,0.37
11.08.2021 00:05:00.193,1.3834700000000002,1.38338,1.5,0.94
11.08.2021 00:05:02.472,1.38349,1.3833700000000002,0.75,1.01
11.08.2021 00:05:12.169,1.38349,1.38338,0.75,0.75
11.08.2021 00:05:12.638,1.38348,1.3834,0.75,0.1
11.08.2021 00:05:14.208,1.38349,1.38338,0.75,1.2
11.08.2021 00:05:17.199,1.38349,1.3833900000000001,1.5,1.2
11.08.2021 00:05:23.199,1.38348,1.3833900000000001,0.75,0.82
11.08.2021 00:05:24.317,1.38349,1.3833700000000002,0.75,1.2
11.08.2021 00:05:38.593,1.3834700000000002,1.38338,0.75,1.2
11.08.2021 00:05:38.696,1.38342,1.38332,0.75,7.5
11.08.2021 00:05:38.848,1.3833900000000001,1.3833,0.75,1.2
11.08.2021 00:05:40.278,1.3833900000000001,1.38332,0.75,0.75
11.08.2021 00:05:40.485,1.3833900000000001,1.3833,0.75,1.2
11.08.2021 00:05:42.864,1.3834,1.3833,1.5,1.2
11.08.2021 00:05:47.810,1.3833900000000001,1.3833,0.75,1.2
11.08.2021 00:05:51.925,1.38338,1.3833,0.19,0.75
11.08.2021 00:05:53.419,1.38338,1.3832900000000001,0.19,1.57
11.08.2021 00:06:34.317,1.38338,1.38328,0.75,0.82
11.08.2021 00:06:44.163,1.3833900000000001,1.38328,0.94,0.1
11.08.2021 00:06:47.997,1.3834,1.3832900000000001,0.94,0.75
11.08.2021 00:06:51.086,1.38341,1.3833,0.19,0.75
11.08.2021 00:06:59.219,1.3833900000000001,1.38331,0.19,0.75
11.08.2021 00:07:00.465,1.38341,1.3833,0.19,0.75
11.08.2021 00:07:10.233,1.3833900000000001,1.38331,0.82,0.75
11.08.2021 00:07:10.335,1.38332,1.38324,0.19,9
11.08.2021 00:07:10.487,1.38331,1.3832200000000001,1.76,0.75
11.08.2021 00:07:16.905,1.38331,1.38321,1.57,0.75
11.08.2021 00:07:17.007,1.3833600000000001,1.3832700000000002,1.01,0.75
11.08.2021 00:07:17.109,1.38335,1.38324,0.75,1.12
11.08.2021 00:07:17.262,1.38334,1.38324,0.75,1.2
11.08.2021 00:07:22.328,1.38334,1.38323,0.75,1.2
11.08.2021 00:07:26.967,1.38331,1.38321,0.75,2.32
11.08.2021 00:07:38.394,1.38334,1.3832600000000002,1.12,0.19
11.08.2021 00:07:38.547,1.3833600000000001,1.3832700000000002,0.82,0.75
11.08.2021 00:07:38.599,1.38334,1.3832600000000002,0.75,0.1
11.08.2021 00:07:38.703,1.38334,1.38325,0.75,1.2
11.08.2021 00:07:41.799,1.38334,1.38324,0.82,1.2
11.08.2021 00:07:49.398,1.38334,1.38325,0.75,0.1
11.08.2021 00:07:54.138,1.38335,1.38323,0.82,1.2
11.08.2021 00:07:57.109,1.3833700000000002,1.3832700000000002,1.57,1.12
11.08.2021 00:07:57.211,1.3833700000000002,1.38325,0.75,1.2
11.08.2021 00:07:57.363,1.38335,1.3832600000000002,0.75,0.56
11.08.2021 00:08:01.069,1.38335,1.38325,0.75,1.01
11.08.2021 00:08:12.178,1.3833700000000002,1.3832700000000002,0.75,0.82
11.08.2021 00:08:12.281,1.3833700000000002,1.3832600000000002,0.75,0.75
11.08.2021 00:08:12.383,1.3833700000000002,1.38325,0.75,1.2
11.08.2021 00:08:12.537,1.38335,1.3832600000000002,0.75,1.12
11.08.2021 00:08:14.604,1.38333,1.38324,0.75,4.57
11.08.2021 00:08:15.529,1.38334,1.38324,0.75,0.82
11.08.2021 00:08:20.791,1.3833600000000001,1.38324,0.82,0.75
11.08.2021 00:08:27.138,1.3833600000000001,1.3832700000000002,0.75,0.82
11.08.2021 00:08:27.240,1.3833700000000002,1.38325,0.75,0.82
11.08.2021 00:08:28.210,1.38334,1.38325,0.75,0.75
11.08.2021 00:08:28.312,1.38335,1.38323,0.75,0.82
11.08.2021 00:08:39.540,1.3833600000000001,1.3832700000000002,0.1,0.75
11.08.2021 00:08:39.642,1.38335,1.3832600000000002,0.75,0.37
11.08.2021 00:08:39.794,1.3833600000000001,1.38324,0.75,1.57
11.08.2021 00:08:42.700,1.38335,1.38324,0.75,0.1
11.08.2021 00:08:44.804,1.38335,1.38323,0.75,1.95
11.08.2021 00:09:28.411,1.38333,1.38324,0.75,0.1
11.08.2021 00:09:37.158,1.38332,1.3832200000000001,0.82,0.75
11.08.2021 00:09:37.259,1.38331,1.38321,0.82,0.1
11.08.2021 00:09:43.404,1.38331,1.38321,0.75,0.1
11.08.2021 00:09:43.556,1.38332,1.3832200000000001,1.01,0.82
11.08.2021 00:10:02.645,1.38334,1.38325,0.75,0.1
11.08.2021 00:10:02.754,1.38333,1.38323,0.75,0.82
11.08.2021 00:10:02.857,1.3833,1.3832200000000001,0.75,0.1
11.08.2021 00:10:02.958,1.38331,1.3832,0.75,0.1
11.08.2021 00:10:03.060,1.3832900000000001,1.3832,0.75,0.1
11.08.2021 00:10:06.400,1.3832900000000001,1.38321,0.75,0.1
11.08.2021 00:10:07.042,1.3832900000000001,1.3832,0.75,0.1
11.08.2021 00:10:07.371,1.3833,1.3832,0.75,0.1
11.08.2021 00:10:19.279,1.3832900000000001,1.3832,0.75,0.1
11.08.2021 00:10:33.837,1.3832900000000001,1.38321,0.75,0.1
11.08.2021 00:10:44.198,1.3833,1.38321,0.75,0.1
11.08.2021 00:10:50.799,1.38331,1.38321,0.75,0.1
11.08.2021 00:10:51.052,1.3833,1.38321,0.75,0.1
11.08.2021 00:11:07.545,1.3833,1.3832,0.82,0.82
11.08.2021 00:11:10.449,1.38331,1.3832,0.75,0.1
11.08.2021 00:11:10.600,1.38331,1.38319,0.82,0.82
11.08.2021 00:11:11.062,1.38331,1.3832,0.75,0.1
11.08.2021 00:11:19.327,1.3833,1.3832,0.82,0.82
11.08.2021 00:11:19.841,1.3833,1.38319,0.75,0.1
11.08.2021 00:11:32.562,1.38328,1.3832,0.75,0.1
11.08.2021 00:12:00.864,1.3832900000000001,1.3832,0.75,0.1
11.08.2021 00:12:02.305,1.3833,1.38323,0.75,0.37
11.08.2021 00:12:02.509,1.3832900000000001,1.3832,0.75,0.1
11.08.2021 00:12:19.387,1.3832900000000001,1.38319,0.75,0.75
11.08.2021 00:12:46.309,1.3833,1.38319,0.75,0.75
11.08.2021 00:13:29.809,1.38331,1.38319,0.75,0.75
11.08.2021 00:13:38.124,1.3832900000000001,1.38318,0.75,1.12
11.08.2021 00:13:40.375,1.3832900000000001,1.3832,0.75,0.75
11.08.2021 00:13:46.988,1.3832900000000001,1.38321,0.75,0.1
11.08.2021 00:13:58.331,1.38331,1.3832,0.75,0.82
11.08.2021 00:14:00.263,1.38333,1.3832200000000001,0.75,0.45
11.08.2021 00:14:00.364,1.38335,1.38323,1.5,0.75
11.08.2021 00:14:21.099,1.38335,1.38324,0.75,0.75
11.08.2021 00:14:35.348,1.38333,1.38321,2.32,1.12
11.08.2021 00:14:35.450,1.38331,1.3832200000000001,0.1,0.75
11.08.2021 00:14:36.581,1.38332,1.3832,0.82,0.75
11.08.2021 00:15:06.506,1.38332,1.38321,0.75,0.19
11.08.2021 00:15:06.608,1.38332,1.38323,0.75,0.26
11.08.2021 00:15:08.399,1.38331,1.38323,0.75,0.26
11.08.2021 00:15:16.030,1.38332,1.38323,0.75,0.26
11.08.2021 00:15:20.726,1.38332,1.38324,0.75,0.1
11.08.2021 00:15:27.312,1.38333,1.3832200000000001,0.75,0.45
11.08.2021 00:15:33.393,1.38331,1.38321,0.75,0.19
11.08.2021 00:15:33.495,1.3833,1.38321,0.75,0.19
11.08.2021 00:15:56.732,1.38332,1.38323,0.75,1.31
11.08.2021 00:15:56.834,1.38333,1.38324,0.75,0.75
11.08.2021 00:16:01.405,1.3833,1.3832200000000001,0.75,0.75
11.08.2021 00:16:01.507,1.38331,1.3832,0.75,0.19
11.08.2021 00:16:46.865,1.38331,1.38321,0.75,1.01
11.08.2021 00:17:26.267,1.38331,1.3832,0.75,1.57
11.08.2021 00:17:28.412,1.38331,1.38321,0.75,0.82
11.08.2021 00:19:09.912,1.38331,1.3832,0.75,0.94
11.08.2021 00:21:16.499,1.38331,1.38324,0.75,0.19
11.08.2021 00:21:16.600,1.38332,1.38324,0.75,0.19
11.08.2021 00:21:16.752,1.38333,1.38324,0.75,0.94
11.08.2021 00:21:17.005,1.38335,1.38324,0.94,0.75
11.08.2021 00:21:43.134,1.38331,1.38323,0.75,0.1
11.08.2021 00:21:43.236,1.38331,1.3832200000000001,0.75,0.37
11.08.2021 00:22:08.949,1.38333,1.38321,0.82,1.12
11.08.2021 00:22:18.524,1.38334,1.3832200000000001,0.82,0.75
11.08.2021 00:22:18.626,1.38334,1.38323,0.75,0.37
11.08.2021 00:22:21.728,1.38331,1.38321,0.75,1.76
11.08.2021 00:22:21.829,1.3833,1.38321,0.75,0.94
11.08.2021 00:22:21.930,1.38331,1.38321,0.82,0.94
11.08.2021 00:22:29.057,1.38332,1.38321,0.75,0.82
11.08.2021 00:22:32.319,1.38332,1.3832,0.75,1.2
11.08.2021 00:22:49.806,1.3833,1.38321,0.75,1.2
11.08.2021 00:23:12.845,1.38331,1.38321,0.75,1.2
11.08.2021 00:23:19.445,1.38332,1.3832200000000001,0.75,1.01
11.08.2021 00:23:19.547,1.38334,1.3832200000000001,0.75,1.2
11.08.2021 00:23:19.648,1.38333,1.38324,0.82,0.37
11.08.2021 00:23:23.878,1.38334,1.38324,0.75,1.2
11.08.2021 00:23:35.124,1.38332,1.38321,0.75,0.26
11.08.2021 00:23:35.225,1.38332,1.3832,0.82,1.01
11.08.2021 00:23:38.198,1.3833,1.38321,0.75,0.94
11.08.2021 00:23:39.576,1.38332,1.3832,0.82,0.94
11.08.2021 00:23:44.381,1.38331,1.3832,0.75,0.19
11.08.2021 00:24:06.991,1.3832900000000001,1.3832,0.37,0.94
11.08.2021 00:24:07.194,1.3833,1.38321,0.75,0.94
11.08.2021 00:24:34.951,1.38328,1.3832,0.75,0.94
11.08.2021 00:24:35.054,1.38313,1.38308,0.19,0.75
11.08.2021 00:24:35.105,1.38311,1.3830200000000001,1.2,0.75
11.08.2021 00:24:35.258,1.3831,1.3830200000000001,0.1,0.75
11.08.2021 00:24:35.360,1.38309,1.38301,0.1,0.75
11.08.2021 00:24:36.263,1.3831,1.38301,0.82,0.75
11.08.2021 00:24:36.366,1.38311,1.38301,0.1,0.75
11.08.2021 00:24:38.277,1.38311,1.3830200000000001,0.82,0.75
11.08.2021 00:24:43.075,1.38309,1.3830200000000001,0.37,0.75
11.08.2021 00:24:43.280,1.3831200000000001,1.38301,0.82,0.75
11.08.2021 00:24:43.432,1.3831,1.3830200000000001,0.1,0.75
11.08.2021 00:24:43.997,1.38309,1.3830200000000001,0.75,0.75
11.08.2021 00:25:02.617,1.38311,1.38301,0.82,0.75
11.08.2021 00:25:02.845,1.38311,1.383,1.57,0.75
11.08.2021 00:25:32.880,1.38311,1.38301,1.57,0.75
11.08.2021 00:25:51.446,1.3831,1.38301,0.1,0.75
11.08.2021 00:26:13.915,1.3831,1.3830200000000001,0.1,0.75
11.08.2021 00:26:14.017,1.3831200000000001,1.38301,1.01,0.75
11.08.2021 00:28:04.788,1.38313,1.38301,1.01,0.75
11.08.2021 00:28:07.580,1.38311,1.3830200000000001,0.26,0.75
11.08.2021 00:28:20.756,1.3831200000000001,1.3830200000000001,0.1,0.75
11.08.2021 00:28:20.857,1.38313,1.3830200000000001,0.26,0.75
11.08.2021 00:28:27.502,1.3831700000000002,1.38308,0.1,0.75
11.08.2021 00:28:27.603,1.38318,1.38309,0.1,0.75
11.08.2021 00:28:31.773,1.38318,1.3831,0.1,0.75
11.08.2021 00:28:38.610,1.38319,1.3831,0.19,0.75
11.08.2021 00:28:39.149,1.38318,1.3831,0.19,0.75
11.08.2021 00:28:49.647,1.38318,1.38309,0.1,0.75
11.08.2021 00:28:52.269,1.38319,1.38309,0.1,0.75
11.08.2021 00:29:12.270,1.38321,1.38309,2.14,0.75
11.08.2021 00:29:12.560,1.38319,1.3831,0.1,0.75
11.08.2021 00:29:19.381,1.38321,1.38309,2.14,0.75
11.08.2021 00:29:27.716,1.38319,1.3831,0.82,0.75
11.08.2021 00:29:52.041,1.3832,1.3831,1.57,0.75
11.08.2021 00:30:03.270,1.38319,1.3831,0.1,0.75
11.08.2021 00:30:03.588,1.38321,1.38309,1.76,0.75
11.08.2021 00:30:14.586,1.3832,1.38311,1.57,0.75
11.08.2021 00:30:34.894,1.38321,1.3831200000000001,1.76,0.37
11.08.2021 00:30:35.107,1.3832,1.38311,1.76,0.75
11.08.2021 00:30:38.682,1.3832,1.3831200000000001,1.01,0.75
11.08.2021 00:30:49.583,1.3832,1.38311,0.1,0.75
11.08.2021 00:30:50.131,1.3832,1.3831200000000001,0.26,0.75
11.08.2021 00:31:24.640,1.38319,1.38311,0.1,0.75
11.08.2021 00:31:25.115,1.3832,1.38311,0.1,0.75
11.08.2021 00:31:40.133,1.38319,1.38311,0.1,0.75
11.08.2021 00:32:25.183,1.3832,1.38311,0.75,0.75
11.08.2021 00:33:09.637,1.38319,1.3831,1.01,0.75
11.08.2021 00:34:09.640,1.3832,1.3831,0.82,0.75
11.08.2021 00:34:19.377,1.38313,1.3830700000000002,0.19,0.75
11.08.2021 00:34:19.428,1.38313,1.3830500000000001,1.12,0.37
11.08.2021 00:34:19.785,1.3831700000000002,1.38308,8.32,0.75
11.08.2021 00:34:19.836,1.38319,1.38311,0.1,0.75
11.08.2021 00:34:19.939,1.38321,1.3831,1.95,0.75
11.08.2021 00:34:20.295,1.38319,1.38311,0.1,0.75
11.08.2021 00:34:20.422,1.38321,1.3831,1.2,0.75
11.08.2021 00:34:44.989,1.38321,1.38311,1.95,0.75
11.08.2021 00:34:53.729,1.3832,1.38311,1.12,0.75
11.08.2021 00:34:55.304,1.38319,1.38311,0.1,0.75
11.08.2021 00:35:02.606,1.3831600000000002,1.3830700000000002,0.37,0.19
11.08.2021 00:35:02.657,1.38315,1.3830500000000001,0.19,0.37
11.08.2021 00:35:02.809,1.38315,1.3830600000000002,0.26,0.75
11.08.2021 00:35:03.250,1.38313,1.38304,0.19,0.75
11.08.2021 00:35:03.854,1.3831200000000001,1.38304,0.1,0.75
11.08.2021 00:35:12.201,1.38311,1.38303,0.1,0.75
11.08.2021 00:36:35.661,1.38313,1.3830200000000001,0.75,0.75
11.08.2021 00:36:46.631,1.3831200000000001,1.38304,0.1,0.75
11.08.2021 00:37:50.498,1.38313,1.3830200000000001,0.37,0.75
11.08.2021 00:37:53.684,1.38313,1.38303,1.5,0.75
11.08.2021 00:38:37.138,1.38313,1.3830200000000001,0.75,0.75
11.08.2021 00:39:09.391,1.3831200000000001,1.3830200000000001,0.1,0.75
11.08.2021 00:39:14.441,1.38311,1.3830200000000001,0.1,0.75
11.08.2021 00:40:02.021,1.3831200000000001,1.3830200000000001,0.75,0.75
11.08.2021 00:40:02.327,1.38313,1.3830200000000001,0.82,0.75
11.08.2021 00:40:03.066,1.38313,1.38301,0.82,0.75
11.08.2021 00:40:08.006,1.38303,1.3829500000000001,1.12,4.5
11.08.2021 00:40:08.057,1.383,1.38291,0.75,1.95
11.08.2021 00:40:08.159,1.38293,1.3829,0.19,7.5
11.08.2021 00:40:08.210,1.38291,1.38283,0.1,1.5
11.08.2021 00:40:08.311,1.3829500000000001,1.38284,0.75,0.75
11.08.2021 00:40:08.413,1.3829500000000001,1.38283,0.82,0.75
11.08.2021 00:40:08.565,1.38298,1.38289,0.82,0.75
11.08.2021 00:40:08.667,1.38299,1.3829,0.82,0.75
11.08.2021 00:40:27.572,1.38294,1.3828600000000002,0.1,0.75
11.08.2021 00:40:27.674,1.38294,1.3828500000000001,0.1,0.75
11.08.2021 00:40:27.977,1.3829500000000001,1.3828500000000001,0.75,0.75
11.08.2021 00:40:31.898,1.3829500000000001,1.3828600000000002,0.82,0.75
11.08.2021 00:40:36.398,1.3829600000000002,1.38284,0.82,0.75
11.08.2021 00:40:57.271,1.3829200000000001,1.38281,0.82,0.94
11.08.2021 00:40:57.373,1.38291,1.38281,0.1,0.75
11.08.2021 00:40:57.582,1.3829,1.38281,0.82,0.75
11.08.2021 00:41:00.027,1.38283,1.38274,1.12,5.32
11.08.2021 00:41:00.129,1.38281,1.3827200000000002,1.57,7.5
11.08.2021 00:41:00.230,1.38284,1.38277,1.87,0.75
11.08.2021 00:41:00.281,1.3828799999999999,1.38277,5.32,1.69
11.08.2021 00:41:00.383,1.38283,1.38273,0.75,0.75
11.08.2021 00:41:00.484,1.3828799999999999,1.3827600000000002,0.82,1.57
11.08.2021 00:41:00.535,1.38284,1.3827500000000001,1.57,0.75
11.08.2021 00:41:00.586,1.3828200000000002,1.3827200000000002,0.75,0.82
11.08.2021 00:41:00.738,1.3828,1.38269,0.75,0.75
11.08.2021 00:41:00.840,1.3828,1.38271,0.1,0.75
11.08.2021 00:41:01.143,1.38281,1.38271,0.82,0.75
11.08.2021 00:41:01.244,1.38278,1.3827,0.37,0.75
11.08.2021 00:41:01.346,1.38278,1.38267,1.2,0.75
11.08.2021 00:41:01.448,1.38277,1.38266,1.2,0.75
11.08.2021 00:41:01.972,1.3827500000000001,1.38264,0.75,0.82
11.08.2021 00:41:02.125,1.38277,1.38266,1.95,0.75
11.08.2021 00:41:02.328,1.38277,1.38267,0.1,0.75
11.08.2021 00:41:02.379,1.3827500000000001,1.38266,0.1,0.75
11.08.2021 00:41:03.496,1.38274,1.38263,0.82,0.75
11.08.2021 00:41:04.177,1.38274,1.3826200000000002,0.82,0.82
11.08.2021 00:41:04.279,1.3827200000000002,1.38263,0.1,0.75
11.08.2021 00:41:04.728,1.3827200000000002,1.3826100000000001,0.75,0.82
11.08.2021 00:41:06.787,1.38268,1.3826200000000002,0.75,0.75
11.08.2021 00:41:09.546,1.38271,1.3826200000000002,0.1,0.75
11.08.2021 00:41:18.253,1.3827200000000002,1.3826200000000002,0.1,0.75
11.08.2021 00:41:21.069,1.38268,1.38263,0.75,0.75
11.08.2021 00:41:26.681,1.3827200000000002,1.38268,0.75,0.75
11.08.2021 00:41:26.782,1.3827600000000002,1.38269,0.1,0.75
11.08.2021 00:41:26.884,1.38278,1.38271,0.1,0.75
11.08.2021 00:41:26.985,1.38277,1.38269,0.37,0.75
11.08.2021 00:41:27.188,1.38278,1.38269,0.1,0.75
11.08.2021 00:41:27.301,1.38277,1.38269,0.75,0.75
11.08.2021 00:41:28.517,1.38279,1.3827,0.1,0.75
11.08.2021 00:41:29.068,1.38279,1.38271,0.1,0.75
11.08.2021 00:41:34.821,1.3827500000000001,1.3826500000000002,0.45,0.75
11.08.2021 00:41:34.923,1.3827600000000002,1.38266,0.26,0.75
11.08.2021 00:41:35.488,1.3827500000000001,1.38266,0.1,0.75
11.08.2021 00:41:35.590,1.38274,1.38264,0.1,0.75
11.08.2021 00:41:35.844,1.3827500000000001,1.38264,0.75,0.75
11.08.2021 00:41:36.060,1.3827500000000001,1.3826500000000002,0.82,0.75
11.08.2021 00:41:36.533,1.38277,1.3827,0.1,0.75
11.08.2021 00:41:38.868,1.38278,1.38271,0.1,0.75
11.08.2021 00:41:40.374,1.38279,1.38271,0.1,0.75
11.08.2021 00:42:00.391,1.38279,1.3827,0.1,0.75
11.08.2021 00:42:12.548,1.38279,1.38269,0.1,0.75
11.08.2021 00:42:18.474,1.3828,1.38269,0.1,0.75
11.08.2021 00:42:18.848,1.3828,1.3827,0.1,0.75
11.08.2021 00:42:19.055,1.38281,1.38273,0.45,0.75
11.08.2021 00:42:19.157,1.38281,1.38271,0.1,0.75
11.08.2021 00:42:27.164,1.38278,1.38267,0.82,0.75
11.08.2021 00:42:27.258,1.3828,1.3827,1.2,0.75
11.08.2021 00:42:35.091,1.38281,1.3827,1.57,0.75
11.08.2021 00:42:38.397,1.3828,1.3827200000000002,0.82,0.75
11.08.2021 00:42:43.624,1.3827,1.38266,0.75,7.5
11.08.2021 00:42:43.726,1.3827200000000002,1.3826500000000002,1.2,7.5
11.08.2021 00:42:43.777,1.38266,1.3825500000000002,0.82,2.62
11.08.2021 00:42:43.828,1.38264,1.38258,0.75,0.75
11.08.2021 00:42:43.879,1.38266,1.38258,1.87,0.75
11.08.2021 00:42:44.031,1.38266,1.38259,0.1,0.75
11.08.2021 00:42:44.842,1.38266,1.38258,0.1,0.75
11.08.2021 00:42:45.350,1.38269,1.3826200000000002,0.1,0.75
11.08.2021 00:42:45.452,1.3827,1.3826200000000002,0.1,0.75
11.08.2021 00:42:45.604,1.38271,1.3826200000000002,3.26,0.75
11.08.2021 00:42:46.432,1.38271,1.38263,1.76,0.75
11.08.2021 00:42:46.534,1.3827,1.3826100000000001,0.1,0.75
11.08.2021 00:42:46.736,1.3827,1.3826200000000002,0.82,0.75
11.08.2021 00:42:46.930,1.3827,1.3826100000000001,0.1,0.75
11.08.2021 00:42:47.234,1.3827,1.3826200000000002,0.82,0.75
11.08.2021 00:42:47.397,1.38269,1.3826200000000002,0.1,0.75
11.08.2021 00:42:47.714,1.3827,1.3826200000000002,0.82,0.75
11.08.2021 00:42:48.284,1.38267,1.38259,1.12,0.75
11.08.2021 00:42:48.335,1.3827,1.3826100000000001,0.1,0.75
11.08.2021 00:42:55.898,1.38271,1.3826100000000001,0.1,0.75
11.08.2021 00:42:56.203,1.38268,1.3826,0.37,0.75
11.08.2021 00:42:56.304,1.3827,1.3826200000000002,0.26,0.75
11.08.2021 00:42:56.558,1.3827,1.38263,1.01,0.75
11.08.2021 00:42:57.855,1.38264,1.38257,0.75,0.75
11.08.2021 00:42:58.109,1.38267,1.3826,0.75,0.75
11.08.2021 00:42:58.212,1.38268,1.3826100000000001,0.75,0.75
11.08.2021 00:43:03.504,1.3827,1.3826,0.94,0.75
11.08.2021 00:43:11.181,1.3827,1.3826100000000001,0.75,0.75
11.08.2021 00:43:19.263,1.3827,1.3826200000000002,1.01,0.75
11.08.2021 00:43:26.113,1.38271,1.3826200000000002,0.94,0.75
11.08.2021 00:43:28.838,1.38268,1.3826100000000001,0.75,0.75
11.08.2021 00:43:28.940,1.38269,1.3826200000000002,0.75,0.75
11.08.2021 00:43:43.082,1.38269,1.3826100000000001,0.75,0.75
11.08.2021 00:43:43.184,1.38264,1.38254,0.75,1.57
11.08.2021 00:43:45.334,1.38267,1.38257,1.12,0.75
11.08.2021 00:43:45.436,1.38267,1.38258,0.75,0.75
11.08.2021 00:43:45.538,1.3826500000000002,1.38258,0.75,0.75
11.08.2021 00:43:47.235,1.38269,1.3826,0.75,0.75
11.08.2021 00:43:49.990,1.38269,1.38259,0.75,0.75
11.08.2021 00:43:58.723,1.38269,1.3826100000000001,0.82,0.75
11.08.2021 00:44:01.116,1.3826500000000002,1.38257,1.31,0.75
11.08.2021 00:44:01.268,1.38266,1.38257,0.75,0.75
11.08.2021 00:44:13.357,1.38264,1.38257,0.1,0.75
11.08.2021 00:44:13.458,1.3826500000000002,1.38258,0.1,0.75
11.08.2021 00:44:13.610,1.3826,1.3825200000000002,1.5,0.75
11.08.2021 00:44:13.712,1.38256,1.3825,0.19,0.75
11.08.2021 00:44:13.814,1.38256,1.3825200000000002,0.19,0.75
11.08.2021 00:44:14.247,1.38257,1.3825,0.19,0.75
11.08.2021 00:44:32.273,1.3826,1.3825200000000002,0.19,0.75
11.08.2021 00:44:32.376,1.38257,1.3825200000000002,0.19,0.75
11.08.2021 00:44:32.887,1.38258,1.3825200000000002,0.19,0.75
11.08.2021 00:44:32.938,1.38256,1.38249,1.12,0.75
11.08.2021 00:44:32.989,1.38256,1.3825100000000001,1.12,0.75
11.08.2021 00:44:33.141,1.38258,1.3825,0.19,0.75
11.08.2021 00:44:33.243,1.38257,1.3825200000000002,0.19,0.75
11.08.2021 00:44:34.023,1.38258,1.3825200000000002,0.19,0.75
11.08.2021 00:44:34.125,1.38257,1.3825200000000002,0.19,0.75
11.08.2021 00:44:34.226,1.38257,1.3825100000000001,0.19,0.75
11.08.2021 00:44:34.328,1.38257,1.3825,0.19,0.75
11.08.2021 00:44:34.582,1.38256,1.38248,0.19,0.75
11.08.2021 00:44:34.683,1.3825200000000002,1.38248,0.75,0.75
11.08.2021 00:44:34.836,1.38249,1.3824100000000001,0.75,1.5
11.08.2021 00:44:34.887,1.38245,1.38238,2.44,2.25
11.08.2021 00:44:34.938,1.38236,1.3823100000000001,1.12,0.75
11.08.2021 00:44:35.039,1.38236,1.38233,0.1,0.75
11.08.2021 00:44:35.090,1.38245,1.38238,0.19,0.75
11.08.2021 00:44:35.141,1.38246,1.3824100000000001,2.25,1.5
11.08.2021 00:44:35.192,1.3825,1.3824100000000001,5.25,1.5
11.08.2021 00:44:35.294,1.3825100000000001,1.3824200000000002,0.75,0.75
11.08.2021 00:44:36.154,1.38253,1.38247,0.75,0.75
11.08.2021 00:44:36.205,1.38254,1.38247,0.75,0.75
11.08.2021 00:44:36.256,1.38256,1.3825,0.1,0.75
11.08.2021 00:44:36.358,1.38257,1.3825,0.82,0.75
11.08.2021 00:44:36.560,1.38258,1.3825100000000001,0.75,0.75
11.08.2021 00:44:36.967,1.38257,1.3825100000000001,0.75,0.75
11.08.2021 00:44:37.362,1.38259,1.3825,3,0.75
11.08.2021 00:44:39.970,1.38257,1.3825100000000001,0.1,0.75
11.08.2021 00:44:40.021,1.38259,1.3825100000000001,1.5,0.75
11.08.2021 00:44:40.122,1.3826,1.3825100000000001,0.75,0.75
11.08.2021 00:44:44.236,1.3826100000000001,1.3825200000000002,0.82,0.75
11.08.2021 00:45:03.549,1.3826100000000001,1.3825100000000001,0.75,0.75
11.08.2021 00:45:07.013,1.3826,1.3825100000000001,0.75,0.75
11.08.2021 00:45:12.229,1.3826,1.3825,0.75,0.75
11.08.2021 00:45:30.118,1.3826,1.3825200000000002,0.75,0.75
11.08.2021 00:45:31.161,1.38266,1.38258,0.75,1.5
11.08.2021 00:45:31.264,1.38268,1.3826,0.75,0.75
11.08.2021 00:45:31.366,1.38269,1.3826,0.75,0.75
11.08.2021 00:45:34.191,1.3826100000000001,1.3825500000000002,0.94,0.75
11.08.2021 00:45:34.294,1.38257,1.3825100000000001,1.5,7.5
11.08.2021 00:45:34.447,1.38257,1.3825,1.5,1.5
11.08.2021 00:45:34.703,1.38258,1.3825,0.75,0.75
11.08.2021 00:45:34.806,1.38258,1.38249,0.75,1.57
11.08.2021 00:45:35.895,1.38259,1.38249,0.75,1.57
11.08.2021 00:45:36.048,1.38257,1.3825,0.75,1.5
11.08.2021 00:45:36.201,1.38257,1.38249,0.75,1.57
11.08.2021 00:45:58.178,1.38256,1.38249,0.75,1.57
11.08.2021 00:46:05.820,1.38253,1.38246,0.75,1.5
11.08.2021 00:46:05.923,1.38253,1.3824400000000001,0.75,2.25
11.08.2021 00:46:06.025,1.3825100000000001,1.3824400000000001,0.75,0.75
11.08.2021 00:46:06.127,1.3825200000000002,1.3824200000000002,0.75,2.7
11.08.2021 00:46:06.429,1.38249,1.3824200000000002,0.75,0.82
11.08.2021 00:46:06.530,1.3825,1.38243,0.75,0.82
11.08.2021 00:46:06.632,1.3825200000000002,1.3824200000000002,0.75,1.57
11.08.2021 00:46:12.479,1.3825100000000001,1.3824200000000002,0.75,0.1
11.08.2021 00:46:14.652,1.3825100000000001,1.38245,0.75,0.75
11.08.2021 00:46:14.703,1.3825100000000001,1.38243,0.75,0.1
11.08.2021 00:46:14.754,1.3825500000000002,1.38245,0.75,2.32
11.08.2021 00:46:14.856,1.3825500000000002,1.38248,0.75,0.75
11.08.2021 00:46:15.932,1.38254,1.38248,0.75,0.1
11.08.2021 00:46:21.075,1.38256,1.38247,0.75,0.1
11.08.2021 00:46:23.137,1.3825500000000002,1.38247,0.75,1.95
11.08.2021 00:46:28.527,1.3825500000000002,1.38248,0.75,0.82
11.08.2021 00:46:29.598,1.38257,1.38248,0.75,0.1
11.08.2021 00:46:30.808,1.38256,1.38248,0.75,1.2
11.08.2021 00:46:34.251,1.38257,1.38249,0.75,0.75
11.08.2021 00:46:36.973,1.38257,1.38247,0.75,1.2
11.08.2021 00:46:39.821,1.38258,1.38248,0.75,0.75
11.08.2021 00:46:44.373,1.3825,1.3824400000000001,1.5,7.5
11.08.2021 00:46:44.474,1.38247,1.38238,0.75,0.1
11.08.2021 00:46:50.235,1.38248,1.38238,0.75,1.12
11.08.2021 00:47:14.107,1.38247,1.38238,0.75,0.37
11.08.2021 00:47:15.917,1.3824200000000002,1.3823400000000001,0.75,0.37
11.08.2021 00:47:15.969,1.3824,1.38233,0.75,0.82
11.08.2021 00:47:16.071,1.3824100000000001,1.3823100000000001,0.75,1.76
11.08.2021 00:47:16.225,1.3824100000000001,1.38233,0.75,0.75
11.08.2021 00:47:17.364,1.3824100000000001,1.3823400000000001,0.75,0.1
11.08.2021 00:47:25.866,1.3824,1.38233,0.75,0.1
11.08.2021 00:47:28.899,1.3824100000000001,1.38233,0.75,0.82
11.08.2021 00:47:32.241,1.3824100000000001,1.3823100000000001,0.75,3.82
11.08.2021 00:47:32.292,1.38236,1.38228,0.75,0.75
11.08.2021 00:47:32.395,1.38229,1.38225,0.75,7.5
11.08.2021 00:47:32.497,1.3823,1.38225,0.94,7.5
11.08.2021 00:47:32.599,1.38228,1.38223,0.75,0.75
11.08.2021 00:47:32.650,1.38228,1.3822,0.75,0.75
11.08.2021 00:47:37.630,1.38227,1.38219,0.75,0.75
11.08.2021 00:47:49.157,1.38228,1.38219,0.75,0.75
11.08.2021 00:47:49.259,1.38228,1.3822,0.75,0.75
11.08.2021 00:47:55.524,1.38225,1.3822,0.75,0.75
11.08.2021 00:47:55.625,1.3822,1.38214,0.75,7.5
11.08.2021 00:47:55.778,1.3822,1.3821200000000002,0.75,1.5
11.08.2021 00:48:01.137,1.3822,1.3821,0.94,0.75
11.08.2021 00:48:01.240,1.38218,1.3821,1.95,1.5
11.08.2021 00:48:05.205,1.3821700000000001,1.3821,0.75,0.75
11.08.2021 00:48:05.478,1.3821700000000001,1.38209,0.75,0.75
11.08.2021 00:48:07.719,1.38219,1.3821,0.75,0.75
11.08.2021 00:48:07.821,1.38219,1.3821100000000002,0.75,0.75
11.08.2021 00:48:10.995,1.3822100000000002,1.38213,0.82,0.75
11.08.2021 00:48:11.097,1.3822100000000002,1.3821200000000002,0.75,0.75
11.08.2021 00:48:11.200,1.38219,1.3821200000000002,0.75,0.75
11.08.2021 00:48:11.803,1.38219,1.3821100000000002,0.75,0.75
11.08.2021 00:48:13.921,1.38218,1.3821,0.75,0.75
11.08.2021 00:48:21.934,1.3821,1.38206,0.75,0.75
11.08.2021 00:48:21.985,1.3821100000000002,1.38203,0.75,7.5
11.08.2021 00:48:22.087,1.3820700000000001,1.38199,0.75,0.75
11.08.2021 00:48:22.239,1.3820700000000001,1.3820000000000001,0.75,0.75
11.08.2021 00:48:22.341,1.38209,1.38199,0.75,0.75
11.08.2021 00:48:24.933,1.3820700000000001,1.3820000000000001,0.75,0.75
11.08.2021 00:48:25.035,1.38206,1.3820000000000001,0.75,2.44
11.08.2021 00:48:25.086,1.3821,1.38203,0.75,0.75
11.08.2021 00:48:25.137,1.38209,1.38199,0.75,1.57
11.08.2021 00:48:25.238,1.38209,1.3820000000000001,0.75,0.75
11.08.2021 00:48:30.307,1.38206,1.3820000000000001,1.12,0.75
11.08.2021 00:48:30.410,1.38203,1.38194,0.19,0.75
11.08.2021 00:48:30.520,1.3820100000000002,1.38193,0.75,7.5
11.08.2021 00:48:30.623,1.3820100000000002,1.38192,0.75,1.5
11.08.2021 00:48:30.725,1.3820200000000002,1.38195,0.75,0.75
11.08.2021 00:48:31.741,1.3820200000000002,1.38196,0.75,0.75
11.08.2021 00:48:31.792,1.3820700000000001,1.3820000000000001,5.02,1.5
11.08.2021 00:48:31.894,1.38209,1.38199,0.82,0.75
11.08.2021 00:48:33.181,1.38209,1.3820200000000002,0.1,0.75
11.08.2021 00:48:36.644,1.3821,1.3820200000000002,0.82,0.75
11.08.2021 00:48:36.747,1.3821100000000002,1.3820200000000002,0.1,0.75
11.08.2021 00:48:36.849,1.3821100000000002,1.38204,0.75,1.5
11.08.2021 00:48:37.002,1.38218,1.38209,2.7,0.75
11.08.2021 00:48:37.104,1.38219,1.3821200000000002,0.1,0.75
11.08.2021 00:48:37.207,1.3822,1.3821200000000002,0.82,0.75
11.08.2021 00:48:50.676,1.38219,1.3821200000000002,0.1,0.75
11.08.2021 00:48:50.777,1.3822,1.3821200000000002,0.75,0.75
11.08.2021 00:48:51.758,1.3822100000000002,1.38213,1.01,0.75
11.08.2021 00:48:54.365,1.3822200000000002,1.38213,0.1,0.75
11.08.2021 00:48:54.468,1.38223,1.38213,0.82,0.75
11.08.2021 00:48:56.669,1.38223,1.38215,0.82,0.75
11.08.2021 00:48:57.327,1.38226,1.38218,1.2,0.75
11.08.2021 00:48:57.378,1.38227,1.3822200000000002,0.37,0.75
11.08.2021 00:48:57.429,1.38229,1.3822200000000002,0.1,0.75
11.08.2021 00:49:01.180,1.3823,1.38223,1.01,0.75
11.08.2021 00:49:02.307,1.38229,1.38223,1.01,0.75
11.08.2021 00:49:08.403,1.3823100000000001,1.3822200000000002,0.1,0.75
11.08.2021 00:49:08.683,1.3823100000000001,1.38223,0.1,0.75
11.08.2021 00:49:18.377,1.3823100000000001,1.3822400000000001,0.1,0.75
11.08.2021 00:49:18.520,1.3823100000000001,1.3822100000000002,0.1,4.87
11.08.2021 00:49:18.571,1.38233,1.38226,0.26,0.75
11.08.2021 00:49:18.622,1.3823200000000002,1.38225,0.26,0.75
11.08.2021 00:49:18.774,1.3823200000000002,1.38228,0.19,0.75
11.08.2021 00:49:18.926,1.38235,1.3823100000000001,0.37,0.75
11.08.2021 00:49:18.977,1.38238,1.38233,0.1,0.75
11.08.2021 00:49:19.028,1.3824,1.38233,0.52,0.75
11.08.2021 00:49:20.451,1.38239,1.38233,0.1,0.75
11.08.2021 00:49:24.218,1.3824200000000002,1.38233,0.45,0.75
11.08.2021 00:49:24.269,1.38239,1.3823400000000001,0.1,0.75
11.08.2021 00:49:46.601,1.3824100000000001,1.38233,0.1,0.75
11.08.2021 00:49:46.653,1.38243,1.38236,0.45,0.75
11.08.2021 00:49:46.755,1.3824400000000001,1.3823400000000001,0.82,1.5
11.08.2021 00:49:51.763,1.38243,1.38236,0.1,0.75
11.08.2021 00:49:53.082,1.38243,1.38235,0.82,0.75
11.08.2021 00:49:56.411,1.3824200000000002,1.38235,0.75,0.75
11.08.2021 00:50:01.246,1.3824400000000001,1.3823400000000001,0.75,0.75
11.08.2021 00:50:01.510,1.38246,1.38239,0.37,0.75
11.08.2021 00:50:01.613,1.38249,1.3824,1.2,0.75
11.08.2021 00:50:09.601,1.38249,1.3824200000000002,0.1,0.75
11.08.2021 00:50:09.703,1.3825100000000001,1.3824100000000001,1.2,0.75
11.08.2021 00:50:12.639,1.3825,1.3824,0.75,1.5
11.08.2021 00:50:12.952,1.3825100000000001,1.3824100000000001,1.95,0.75
11.08.2021 00:50:17.818,1.38249,1.3824100000000001,0.75,1.5
11.08.2021 00:50:17.969,1.3825,1.3824200000000002,0.82,0.75
11.08.2021 00:50:18.105,1.38249,1.3824200000000002,0.75,0.75
11.08.2021 00:50:18.581,1.3825,1.3824200000000002,0.82,0.75
11.08.2021 00:50:18.683,1.3825500000000002,1.38248,3.34,0.75
11.08.2021 00:50:18.734,1.38253,1.3824400000000001,0.75,0.75
11.08.2021 00:50:18.785,1.3825100000000001,1.38243,0.75,4.5
11.08.2021 00:50:21.756,1.3825100000000001,1.3824200000000002,0.75,1.5
11.08.2021 00:50:24.055,1.3825200000000002,1.3824200000000002,0.75,1.5
11.08.2021 00:50:24.461,1.38249,1.38243,0.75,0.75
11.08.2021 00:50:24.563,1.38249,1.3824200000000002,0.82,0.75
11.08.2021 00:50:24.664,1.38248,1.3824200000000002,0.1,0.75
11.08.2021 00:50:27.182,1.38249,1.3824200000000002,0.82,0.75
11.08.2021 00:50:28.674,1.38246,1.3824200000000002,0.37,0.75
11.08.2021 00:50:28.916,1.3825,1.3824100000000001,0.82,0.75
11.08.2021 00:50:32.744,1.3825,1.38243,0.75,0.75
11.08.2021 00:50:33.597,1.3825500000000002,1.38249,0.75,0.75
11.08.2021 00:50:33.700,1.38258,1.38249,1.2,1.5
11.08.2021 00:50:38.360,1.38259,1.3825,0.75,1.5
11.08.2021 00:50:39.709,1.3826,1.3825200000000002,0.82,0.75
11.08.2021 00:50:41.968,1.3826100000000001,1.38253,0.82,0.75
11.08.2021 00:50:42.222,1.3826,1.38253,0.1,0.75
11.08.2021 00:50:42.324,1.3826200000000002,1.3825200000000002,0.82,0.75
11.08.2021 00:50:45.763,1.3826100000000001,1.38254,0.1,0.75
11.08.2021 00:50:59.199,1.3826100000000001,1.38253,0.82,0.75
11.08.2021 00:51:26.046,1.38263,1.38256,0.75,1.5
11.08.2021 00:51:26.148,1.3826500000000002,1.3825500000000002,0.75,1.5
11.08.2021 00:51:26.688,1.38264,1.38257,0.75,0.75
11.08.2021 00:51:32.979,1.38268,1.3826,0.75,0.75
11.08.2021 00:51:37.773,1.38268,1.3826100000000001,0.75,0.75
11.08.2021 00:51:37.878,1.3827,1.3826,0.82,1.5
11.08.2021 00:51:44.458,1.38268,1.3826100000000001,0.75,0.75
11.08.2021 00:51:48.020,1.38268,1.3826,0.75,0.75
11.08.2021 00:51:48.121,1.38268,1.3826100000000001,0.75,0.75
11.08.2021 00:51:48.223,1.38267,1.3826100000000001,0.75,0.75
11.08.2021 00:51:48.324,1.38268,1.3826100000000001,0.75,0.75
11.08.2021 00:51:49.018,1.38267,1.3826100000000001,0.75,0.75
11.08.2021 00:51:49.633,1.38269,1.3826,0.75,0.75
11.08.2021 00:51:49.784,1.38268,1.3826,0.75,0.75
11.08.2021 00:51:49.885,1.38269,1.3826,0.75,0.75
11.08.2021 00:51:50.525,1.38267,1.3826100000000001,0.75,0.75
11.08.2021 00:51:50.962,1.38269,1.3826,0.75,0.75
11.08.2021 00:51:51.844,1.38267,1.3826100000000001,0.75,0.75
11.08.2021 00:51:52.162,1.38269,1.3826,0.75,0.75
11.08.2021 00:51:52.263,1.38268,1.3826,0.75,0.75
11.08.2021 00:51:52.420,1.38268,1.3826100000000001,0.75,0.75
11.08.2021 00:51:53.019,1.38268,1.3826,0.75,0.75
11.08.2021 00:51:53.120,1.38268,1.3826100000000001,0.75,0.75
11.08.2021 00:51:53.980,1.38268,1.3826,0.75,0.75
11.08.2021 00:51:54.968,1.38268,1.3826100000000001,0.75,0.75
11.08.2021 00:51:55.364,1.38268,1.3826,0.75,0.75
11.08.2021 00:51:55.601,1.38268,1.3826100000000001,0.75,0.75
11.08.2021 00:51:55.970,1.38268,1.3826,0.75,0.75
11.08.2021 00:51:56.968,1.38269,1.3826,0.75,0.75
11.08.2021 00:51:57.285,1.38268,1.3826,0.75,0.75
11.08.2021 00:51:57.436,1.38269,1.3826,0.75,0.75
11.08.2021 00:51:57.666,1.38267,1.3826100000000001,0.75,0.75
11.08.2021 00:51:57.970,1.38268,1.3826100000000001,0.75,0.75
11.08.2021 00:51:58.977,1.38267,1.3826100000000001,0.75,0.75
11.08.2021 00:51:59.963,1.38269,1.3826,0.75,0.75
11.08.2021 00:52:04.388,1.38267,1.3826100000000001,0.75,0.75
11.08.2021 00:52:06.409,1.38263,1.38257,0.75,5.25
11.08.2021 00:52:06.511,1.3826500000000002,1.38257,0.75,0.75
11.08.2021 00:52:06.612,1.38264,1.38257,0.75,0.75
11.08.2021 00:52:07.121,1.3826500000000002,1.3825500000000002,0.75,0.75
11.08.2021 00:52:09.076,1.38264,1.3825500000000002,0.75,0.75
11.08.2021 00:52:09.220,1.38263,1.3825500000000002,0.75,2.25
11.08.2021 00:52:12.294,1.3826200000000002,1.3825500000000002,0.75,1.5
11.08.2021 00:52:27.698,1.38264,1.38254,0.75,1.5
11.08.2021 00:52:32.241,1.3826200000000002,1.3825500000000002,0.75,0.75
11.08.2021 00:52:35.122,1.3826200000000002,1.38254,0.75,2.25
11.08.2021 00:52:49.772,1.38263,1.38254,0.75,2.25
11.08.2021 00:52:49.974,1.38263,1.38253,0.75,2.25
11.08.2021 00:52:53.841,1.38263,1.38254,0.75,0.75
11.08.2021 00:52:55.568,1.38264,1.38254,0.75,0.75
11.08.2021 00:52:56.319,1.38263,1.38256,0.75,0.75
11.08.2021 00:53:00.114,1.3826200000000002,1.38256,0.75,0.75
11.08.2021 00:53:01.763,1.38264,1.3825500000000002,0.75,0.75
11.08.2021 00:53:13.106,1.38263,1.3825500000000002,0.75,0.75
11.08.2021 00:53:13.208,1.3826,1.3825500000000002,0.75,0.75
11.08.2021 00:53:13.258,1.38259,1.3825200000000002,0.75,0.75
11.08.2021 00:53:19.626,1.3826,1.3825200000000002,0.75,0.75
11.08.2021 00:53:19.732,1.3826100000000001,1.3825200000000002,0.75,1.5
11.08.2021 00:53:27.112,1.3826,1.3825200000000002,0.75,1.5
11.08.2021 00:53:35.263,1.38259,1.3825200000000002,0.75,0.75
11.08.2021 00:53:35.364,1.3826,1.3825,0.75,1.5
11.08.2021 00:53:40.796,1.38259,1.3825200000000002,0.75,0.75
11.08.2021 00:53:41.452,1.38259,1.3825100000000001,0.75,1.5
11.08.2021 00:53:42.314,1.3826200000000002,1.3825100000000001,0.75,0.75
11.08.2021 00:53:56.997,1.3826100000000001,1.38253,0.75,0.75
11.08.2021 00:54:00.557,1.3826100000000001,1.3825,0.94,2.25
11.08.2021 00:54:06.989,1.3826100000000001,1.38253,0.94,0.75
11.08.2021 00:54:08.308,1.3826,1.3825100000000001,0.75,0.75
11.08.2021 00:54:08.460,1.38259,1.3825100000000001,1.12,1.5
11.08.2021 00:54:10.758,1.38258,1.3825100000000001,0.75,0.75
11.08.2021 00:54:17.249,1.38259,1.3825100000000001,0.75,1.5
11.08.2021 00:54:22.397,1.38259,1.3825200000000002,0.75,0.75
11.08.2021 00:54:22.498,1.3826100000000001,1.3825100000000001,1.31,2.25
11.08.2021 00:54:22.701,1.38259,1.3825200000000002,0.75,1.5
11.08.2021 00:55:01.066,1.38259,1.38253,0.75,0.75
11.08.2021 00:55:01.168,1.3826,1.38254,0.75,0.75
11.08.2021 00:55:01.270,1.3826,1.38253,0.75,0.75
11.08.2021 00:55:01.624,1.3826100000000001,1.3825100000000001,0.75,3
11.08.2021 00:55:07.027,1.38259,1.3825200000000002,0.75,0.75
11.08.2021 00:55:13.772,1.3826,1.3825200000000002,0.75,0.75
11.08.2021 00:55:14.890,1.38259,1.3825200000000002,0.75,2.25
11.08.2021 00:55:17.600,1.38258,1.3825200000000002,0.75,0.75
11.08.2021 00:55:20.856,1.3826,1.3825100000000001,0.75,0.75
11.08.2021 00:55:22.975,1.3826,1.3825200000000002,0.75,1.5
11.08.2021 00:55:28.057,1.3826,1.38254,0.75,0.75
11.08.2021 00:55:28.760,1.3826100000000001,1.38254,0.75,1.12
11.08.2021 00:55:28.862,1.3826100000000001,1.3825500000000002,0.75,0.75
11.08.2021 00:55:28.995,1.3826100000000001,1.38254,0.75,1.5
11.08.2021 00:55:35.469,1.3826,1.38254,0.75,0.75
11.08.2021 00:55:38.658,1.3826,1.3825500000000002,0.75,0.75
11.08.2021 00:55:38.832,1.3826100000000001,1.3825500000000002,0.75,0.75
11.08.2021 00:55:39.144,1.3826100000000001,1.38254,0.75,0.75
11.08.2021 00:55:39.296,1.3826100000000001,1.38253,0.75,0.75
11.08.2021 00:55:40.626,1.3826,1.38253,0.75,0.75
11.08.2021 00:55:47.209,1.3826,1.38254,0.75,0.75
11.08.2021 00:56:16.920,1.38258,1.38253,0.26,0.75
11.08.2021 00:56:16.972,1.3825200000000002,1.38245,0.75,0.75
11.08.2021 00:56:17.024,1.38248,1.38243,0.75,9
11.08.2021 00:56:17.178,1.38248,1.3824200000000002,0.75,0.75
11.08.2021 00:56:17.280,1.38249,1.3824200000000002,0.75,0.75
11.08.2021 00:56:19.260,1.38247,1.38243,0.75,0.75
11.08.2021 00:56:26.773,1.38246,1.38238,0.75,0.56
11.08.2021 00:56:30.109,1.3825,1.3824200000000002,0.1,0.75
11.08.2021 00:56:32.199,1.38246,1.38238,0.75,0.56
11.08.2021 00:56:37.277,1.38249,1.38243,0.1,0.75
11.08.2021 00:56:39.414,1.38246,1.38243,0.75,0.75
11.08.2021 00:56:45.015,1.38247,1.38243,0.75,0.75
11.08.2021 00:56:51.297,1.38248,1.3824100000000001,0.75,0.75
11.08.2021 00:56:51.399,1.3824200000000002,1.3823400000000001,0.75,0.75
11.08.2021 00:56:51.450,1.38239,1.38233,0.75,0.75
11.08.2021 00:56:51.551,1.38239,1.3823100000000001,0.75,8.25
11.08.2021 00:56:56.226,1.38237,1.3823200000000002,0.75,0.75
11.08.2021 00:56:59.032,1.38238,1.3823,0.75,0.75
11.08.2021 00:57:02.499,1.38235,1.38226,0.75,0.75
11.08.2021 00:57:02.603,1.38235,1.38228,1.12,0.75
11.08.2021 00:57:02.704,1.38235,1.38225,0.75,1.5
11.08.2021 00:57:02.806,1.38236,1.38227,1.12,0.75
11.08.2021 00:57:02.907,1.3823400000000001,1.38227,0.75,0.75
11.08.2021 00:57:03.009,1.38235,1.38228,0.75,0.75
11.08.2021 00:57:03.110,1.38235,1.38225,0.75,1.5
11.08.2021 00:57:03.211,1.38236,1.38227,0.75,0.75
11.08.2021 00:57:03.313,1.3823400000000001,1.38226,0.75,1.5
11.08.2021 00:57:03.414,1.38236,1.38228,1.12,0.75
11.08.2021 00:57:03.515,1.3823400000000001,1.38226,0.75,1.5
11.08.2021 00:57:03.617,1.38236,1.38228,1.12,0.75
11.08.2021 00:57:03.718,1.38235,1.38226,0.75,0.75
11.08.2021 00:57:03.820,1.38237,1.38227,1.12,0.75
11.08.2021 00:57:03.870,1.38235,1.38226,0.75,0.75
11.08.2021 00:57:03.972,1.38235,1.38228,0.75,0.75
11.08.2021 00:57:04.073,1.38235,1.38226,0.75,0.75
11.08.2021 00:57:04.175,1.38237,1.38227,1.12,0.75
11.08.2021 00:57:04.276,1.3823400000000001,1.38227,0.75,1.5
11.08.2021 00:57:04.377,1.38237,1.38227,1.12,0.75
11.08.2021 00:57:04.478,1.3823400000000001,1.38227,0.75,0.75
11.08.2021 00:57:04.580,1.38236,1.38228,1.12,0.75
11.08.2021 00:57:04.681,1.3823400000000001,1.38227,0.75,0.75
11.08.2021 00:57:04.783,1.38236,1.38228,1.12,0.75
11.08.2021 00:57:04.884,1.3823400000000001,1.38227,0.75,1.5
11.08.2021 00:57:04.986,1.38235,1.38228,0.75,0.75
11.08.2021 00:57:05.087,1.3823400000000001,1.38227,0.75,0.75
11.08.2021 00:57:05.189,1.38236,1.38228,0.75,0.75
11.08.2021 00:57:05.240,1.38238,1.3823100000000001,0.75,0.75
11.08.2021 00:57:05.392,1.38238,1.3823200000000002,0.75,0.75
11.08.2021 00:57:05.595,1.38238,1.3823100000000001,0.75,0.75
11.08.2021 00:57:15.623,1.38238,1.3823200000000002,0.75,0.75
11.08.2021 00:57:20.784,1.38239,1.3823200000000002,0.75,0.75
11.08.2021 00:57:21.881,1.3824,1.3823200000000002,0.75,0.75
11.08.2021 00:57:21.983,1.3824100000000001,1.38233,0.75,0.75
11.08.2021 00:57:22.554,1.38239,1.3823400000000001,0.75,0.75
11.08.2021 00:57:25.062,1.3824,1.3823200000000002,0.75,0.75
11.08.2021 00:57:30.085,1.38239,1.3823200000000002,0.75,1.5
11.08.2021 00:57:32.903,1.38238,1.3823100000000001,0.75,1.5
11.08.2021 00:57:34.892,1.38239,1.3823100000000001,0.75,1.5
11.08.2021 00:57:56.029,1.38239,1.38233,0.75,0.75
11.08.2021 00:57:56.132,1.3824,1.38233,0.75,0.75
11.08.2021 00:58:02.320,1.3824100000000001,1.38233,0.75,1.5
11.08.2021 00:58:04.476,1.3824,1.3823200000000002,0.75,1.5
11.08.2021 00:58:08.872,1.3824,1.38233,0.75,0.75
11.08.2021 00:58:09.288,1.3824,1.3823200000000002,0.75,1.5
11.08.2021 00:58:13.065,1.3824,1.3823100000000001,0.75,0.75
11.08.2021 00:58:13.168,1.3824200000000002,1.3823400000000001,0.75,1.5
11.08.2021 00:58:13.321,1.3824100000000001,1.38233,0.75,2.25
11.08.2021 00:58:17.198,1.3824,1.38233,0.75,1.5
11.08.2021 00:58:21.318,1.3824400000000001,1.38235,0.75,0.75
11.08.2021 00:58:21.419,1.38245,1.38238,0.75,0.75
11.08.2021 00:58:21.470,1.38248,1.38238,0.94,1.5
11.08.2021 00:58:22.767,1.3824400000000001,1.38236,0.94,2.25
11.08.2021 00:58:22.870,1.3824200000000002,1.3823400000000001,0.94,1.5
11.08.2021 00:58:23.888,1.3824200000000002,1.38233,0.19,0.75
11.08.2021 00:58:24.019,1.3824100000000001,1.3823200000000002,0.75,0.75
11.08.2021 00:58:25.895,1.3824100000000001,1.38233,0.75,1.5
11.08.2021 00:58:26.253,1.3824200000000002,1.3823400000000001,0.75,2.25
11.08.2021 00:58:29.105,1.3824100000000001,1.3823400000000001,0.75,0.75
11.08.2021 00:58:29.207,1.3824100000000001,1.38233,0.94,1.5
11.08.2021 00:58:29.812,1.38237,1.38233,0.37,1.5
11.08.2021 00:58:30.017,1.3824200000000002,1.3823200000000002,0.75,1.5
11.08.2021 00:58:35.484,1.38243,1.38233,1.2,0.75
11.08.2021 00:58:36.041,1.38245,1.38239,1.5,0.75
11.08.2021 00:58:36.142,1.38247,1.38238,0.45,0.75
11.08.2021 00:58:48.303,1.38243,1.38237,1.39,0.75
11.08.2021 00:58:48.355,1.38243,1.38233,1.2,0.75
11.08.2021 00:58:48.456,1.3824200000000002,1.3823200000000002,0.75,1.5
11.08.2021 00:58:49.168,1.3824,1.3823200000000002,0.1,1.5
11.08.2021 00:58:49.271,1.38239,1.3823200000000002,0.1,1.5
11.08.2021 00:58:59.718,1.3824100000000001,1.3823100000000001,1.12,0.75
11.08.2021 00:59:03.062,1.3824100000000001,1.3823400000000001,0.45,0.75
11.08.2021 00:59:03.163,1.3824200000000002,1.3823400000000001,1.2,0.75
11.08.2021 00:59:04.555,1.38243,1.38236,1.39,0.75
11.08.2021 00:59:04.657,1.38243,1.38235,1.39,1.5
11.08.2021 00:59:10.344,1.3824400000000001,1.38235,1.39,0.75
11.08.2021 00:59:10.446,1.38248,1.38238,0.82,0.75
11.08.2021 00:59:10.598,1.38247,1.3824,0.45,0.75
11.08.2021 00:59:10.753,1.38247,1.38239,1.2,0.75
11.08.2021 00:59:13.391,1.38247,1.38238,0.19,0.75
11.08.2021 00:59:13.544,1.38247,1.38236,0.94,1.5
11.08.2021 00:59:17.070,1.38246,1.38236,0.75,0.75
11.08.2021 00:59:18.578,1.3824200000000002,1.3823400000000001,0.82,0.75
11.08.2021 00:59:18.679,1.3824200000000002,1.3823200000000002,0.75,0.75
11.08.2021 00:59:26.983,1.3824,1.3823100000000001,1.5,1.5
11.08.2021 00:59:27.287,1.3824,1.3823200000000002,0.75,0.75
11.08.2021 00:59:30.307,1.3824100000000001,1.38233,0.75,0.75
11.08.2021 00:59:34.351,1.3824200000000002,1.3823100000000001,0.75,0.75
11.08.2021 00:59:36.506,1.38245,1.3823400000000001,0.82,1.5
11.08.2021 00:59:36.607,1.38246,1.38235,0.75,0.75
11.08.2021 00:59:37.849,1.3825,1.3824,5.77,0.75
11.08.2021 00:59:38.103,1.3825,1.3824200000000002,1.57,0.75
11.08.2021 00:59:51.058,1.3825,1.3824100000000001,0.82,0.75
11.08.2021 00:59:51.977,1.3825,1.3824,0.75,0.75
11.08.2021 00:59:52.079,1.38245,1.3823400000000001,4.2,1.87
11.08.2021 00:59:52.129,1.3824100000000001,1.3823400000000001,0.75,1.12
11.08.2021 00:59:52.231,1.3824200000000002,1.3823200000000002,0.75,0.75
11.08.2021 01:00:00.124,1.3824100000000001,1.3823200000000002,1.01,2.25
11.08.2021 01:00:00.581,1.3824200000000002,1.38233,2.14,0.75
11.08.2021 01:00:01.037,1.3824100000000001,1.38233,0.75,0.75
11.08.2021 01:00:05.080,1.3824200000000002,1.3823100000000001,1.2,0.75
11.08.2021 01:00:07.889,1.38243,1.3823200000000002,2.14,0.75
11.08.2021 01:00:09.008,1.3824100000000001,1.38233,0.75,0.75
11.08.2021 01:00:14.677,1.38239,1.3823,0.75,1.5
11.08.2021 01:00:15.754,1.38238,1.38233,0.75,0.75
11.08.2021 01:00:17.178,1.38238,1.3823100000000001,0.75,1.5
11.08.2021 01:00:19.612,1.38238,1.3823,0.75,1.5
11.08.2021 01:00:19.714,1.3823200000000002,1.38228,0.94,0.75
11.08.2021 01:00:19.816,1.38229,1.38223,0.75,7.5
11.08.2021 01:00:19.918,1.38228,1.38223,0.75,0.75
11.08.2021 01:00:20.871,1.38228,1.3822200000000002,0.75,0.75
11.08.2021 01:00:20.923,1.38227,1.3822,0.75,0.75
11.08.2021 01:00:21.892,1.38227,1.3822100000000002,0.75,0.75
11.08.2021 01:00:22.044,1.38228,1.3822100000000002,0.75,0.75
11.08.2021 01:00:23.649,1.38228,1.3822,0.75,0.75
11.08.2021 01:00:25.374,1.38228,1.3822100000000002,0.75,0.75
11.08.2021 01:00:31.939,1.38229,1.3822100000000002,0.1,1.69
11.08.2021 01:00:31.990,1.38235,1.38227,2.06,0.75
11.08.2021 01:00:32.092,1.38236,1.38229,0.82,0.19
11.08.2021 01:00:33.053,1.38239,1.38229,0.75,0.75
11.08.2021 01:00:37.658,1.3824,1.38229,0.82,1.69
11.08.2021 01:00:40.248,1.38239,1.38229,0.75,0.94
11.08.2021 01:00:48.116,1.38237,1.38229,0.37,0.75
11.08.2021 01:00:48.335,1.38238,1.3823,0.75,0.75
11.08.2021 01:00:49.273,1.38239,1.3823100000000001,0.26,1.5
11.08.2021 01:00:50.774,1.3824100000000001,1.3823,0.75,1.5
11.08.2021 01:00:51.320,1.3824,1.3823200000000002,0.75,0.75
11.08.2021 01:00:51.880,1.3824100000000001,1.3823200000000002,1.12,0.75
11.08.2021 01:00:56.300,1.3824,1.3823200000000002,0.75,0.75
11.08.2021 01:01:01.554,1.38239,1.3823100000000001,0.75,1.5
11.08.2021 01:01:04.721,1.38239,1.3823200000000002,0.94,0.75
11.08.2021 01:01:04.772,1.38243,1.38236,0.64,0.75
11.08.2021 01:01:04.873,1.38243,1.3823400000000001,0.75,0.75
11.08.2021 01:01:04.975,1.38243,1.38233,1.87,1.5
11.08.2021 01:01:05.851,1.3824100000000001,1.38233,0.75,1.5
11.08.2021 01:01:05.953,1.3824400000000001,1.38237,0.75,0.75
11.08.2021 01:01:06.005,1.3824,1.3823200000000002,0.75,1.87
11.08.2021 01:01:11.763,1.38237,1.3823200000000002,0.75,0.75
11.08.2021 01:01:11.864,1.3824100000000001,1.3823100000000001,4.39,0.75
11.08.2021 01:01:12.167,1.38236,1.3823200000000002,0.75,0.75
11.08.2021 01:01:12.694,1.3824100000000001,1.3823100000000001,1.39,0.75
11.08.2021 01:01:15.158,1.38239,1.3823200000000002,1.69,0.75
11.08.2021 01:01:15.399,1.3824,1.3823200000000002,4.01,0.75
11.08.2021 01:01:16.186,1.38237,1.3823100000000001,0.75,0.75
11.08.2021 01:01:18.542,1.3824100000000001,1.3823100000000001,1.57,0.75
11.08.2021 01:01:19.183,1.38235,1.3823100000000001,0.75,0.75
11.08.2021 01:01:19.495,1.38235,1.38228,0.75,1.5
11.08.2021 01:01:19.750,1.38237,1.38229,0.75,0.75
11.08.2021 01:01:26.760,1.3823200000000002,1.3822400000000001,0.75,1.5
11.08.2021 01:01:26.861,1.38233,1.3822200000000002,1.39,1.5
11.08.2021 01:01:26.963,1.3823200000000002,1.3822200000000002,0.75,1.5
11.08.2021 01:01:45.012,1.3823,1.3822200000000002,1.39,1.5
11.08.2021 01:01:47.425,1.38229,1.3822100000000002,0.75,0.75
11.08.2021 01:01:53.198,1.3823100000000001,1.3822100000000002,0.94,0.75
11.08.2021 01:01:55.475,1.3823100000000001,1.3822,1.39,1.5
11.08.2021 01:01:55.576,1.3823,1.3822,1.76,0.75
11.08.2021 01:01:59.207,1.3823,1.38219,1.5,0.75
11.08.2021 01:02:03.372,1.38229,1.3822100000000002,0.75,0.75
11.08.2021 01:02:03.475,1.3823,1.3822200000000002,0.75,0.75
11.08.2021 01:02:07.625,1.38225,1.38216,1.31,0.75
11.08.2021 01:02:07.727,1.3822200000000002,1.38214,1.12,4.5
11.08.2021 01:02:07.828,1.3822200000000002,1.38213,1.2,9
11.08.2021 01:02:11.198,1.3822100000000002,1.38213,0.75,1.5
11.08.2021 01:02:44.165,1.3822,1.3821200000000002,1.5,1.5
11.08.2021 01:02:45.874,1.3822,1.38213,0.82,0.75
11.08.2021 01:02:50.519,1.38219,1.3821200000000002,0.75,0.75
11.08.2021 01:02:50.621,1.38214,1.38209,2.44,0.75
11.08.2021 01:02:50.672,1.3821200000000002,1.38206,0.37,0.75
11.08.2021 01:02:50.723,1.3821100000000002,1.3820200000000002,0.19,8.25
11.08.2021 01:02:51.429,1.3821100000000002,1.38203,0.26,0.75
11.08.2021 01:02:51.531,1.3821700000000001,1.3821,0.56,0.75
11.08.2021 01:02:51.683,1.38218,1.3821,0.37,0.75
11.08.2021 01:02:51.734,1.3822,1.3821,0.75,0.75
11.08.2021 01:02:51.785,1.3822,1.38213,0.1,0.75
11.08.2021 01:02:51.886,1.3822100000000002,1.38214,0.75,0.75
11.08.2021 01:02:58.233,1.3822,1.3821200000000002,0.75,0.75
11.08.2021 01:02:58.386,1.3822100000000002,1.38213,0.82,0.75
11.08.2021 01:03:28.210,1.38223,1.38213,1.57,0.75
11.08.2021 01:03:28.465,1.3822200000000002,1.38215,0.37,0.75
11.08.2021 01:03:28.516,1.38225,1.38218,0.37,0.75
11.08.2021 01:03:28.567,1.3823,1.3822100000000002,2.11,0.75
11.08.2021 01:03:28.669,1.3823,1.38223,0.82,0.75
11.08.2021 01:03:28.923,1.3823100000000001,1.38223,0.75,0.75
11.08.2021 01:03:34.418,1.3823,1.38223,0.37,0.75
11.08.2021 01:03:48.586,1.38229,1.38223,0.75,0.75
11.08.2021 01:03:49.963,1.3823100000000001,1.3822200000000002,0.37,0.75
11.08.2021 01:03:53.412,1.3823,1.3822200000000002,1.95,0.75
11.08.2021 01:03:53.514,1.3823,1.38223,1.2,0.75
11.08.2021 01:03:59.475,1.38223,1.38218,0.19,0.75
11.08.2021 01:03:59.577,1.3822200000000002,1.38216,0.75,7.5
11.08.2021 01:03:59.683,1.3822100000000002,1.38215,0.75,0.75
11.08.2021 01:04:00.493,1.3821700000000001,1.3821200000000002,0.37,0.75
11.08.2021 01:04:00.595,1.3822,1.38213,0.19,0.75
11.08.2021 01:04:00.697,1.3822,1.38214,0.26,0.75
11.08.2021 01:04:08.846,1.3822100000000002,1.38214,0.19,0.75
11.08.2021 01:04:13.427,1.3822200000000002,1.38214,1.76,0.75
11.08.2021 01:04:15.091,1.3822200000000002,1.38215,0.26,0.75
11.08.2021 01:04:15.296,1.38223,1.38215,1.01,0.75
11.08.2021 01:04:15.399,1.38229,1.3822100000000002,1.12,0.75
11.08.2021 01:04:15.451,1.3823,1.38223,0.37,0.75
11.08.2021 01:04:15.553,1.3823100000000001,1.38223,8.7,0.75
11.08.2021 01:04:17.685,1.3823,1.38223,0.37,0.75
11.08.2021 01:04:20.242,1.3822400000000001,1.38218,0.19,1.5
11.08.2021 01:04:20.293,1.3822400000000001,1.38215,0.37,0.75
11.08.2021 01:04:20.394,1.3822200000000002,1.38215,0.19,0.75
11.08.2021 01:04:25.183,1.3822100000000002,1.38214,0.19,0.75
11.08.2021 01:04:28.732,1.3821200000000002,1.3820700000000001,0.37,0.75
11.08.2021 01:04:28.835,1.3821100000000002,1.38203,0.19,8.25
11.08.2021 01:04:28.988,1.38209,1.38204,0.19,0.75
11.08.2021 01:04:29.090,1.38209,1.38203,0.19,0.75
11.08.2021 01:04:38.008,1.38209,1.38204,0.19,0.75
11.08.2021 01:04:41.551,1.3821,1.3820200000000002,0.19,0.75
11.08.2021 01:04:41.653,1.38208,1.38203,0.19,0.75
11.08.2021 01:04:41.957,1.38206,1.3820200000000002,0.19,0.75
11.08.2021 01:04:47.378,1.38208,1.38204,0.1,1.5
11.08.2021 01:04:47.429,1.3821100000000002,1.38203,1.01,0.75
11.08.2021 01:04:47.480,1.3821100000000002,1.38206,0.1,0.75
11.08.2021 01:04:48.472,1.3821100000000002,1.38205,0.1,0.75
11.08.2021 01:04:55.993,1.3821100000000002,1.38204,0.45,0.75
11.08.2021 01:04:58.563,1.3821,1.38203,0.19,0.75
11.08.2021 01:04:58.665,1.38204,1.38198,0.19,0.75
11.08.2021 01:04:58.716,1.38206,1.38198,0.82,0.75
11.08.2021 01:04:58.767,1.38208,1.38203,0.1,0.75
11.08.2021 01:04:59.580,1.38209,1.38203,0.26,0.75
11.08.2021 01:05:00.670,1.38208,1.3820200000000002,0.1,0.75
11.08.2021 01:05:00.873,1.3821,1.3820100000000002,0.1,0.75
11.08.2021 01:05:01.127,1.3821,1.3820200000000002,0.1,0.75
11.08.2021 01:05:13.989,1.3821,1.38204,0.1,0.75
11.08.2021 01:05:14.192,1.3821200000000002,1.38204,0.26,0.75
11.08.2021 01:05:20.198,1.3821100000000002,1.38206,0.1,0.75
11.08.2021 01:05:21.954,1.3821100000000002,1.38205,0.1,0.75
11.08.2021 01:05:28.203,1.3821100000000002,1.38206,0.1,0.75
11.08.2021 01:05:29.093,1.38216,1.3821,1.87,0.75
11.08.2021 01:05:29.144,1.3821700000000001,1.3821100000000002,0.1,0.75
11.08.2021 01:05:29.195,1.38219,1.38213,0.1,0.75
11.08.2021 01:05:29.298,1.3822,1.38214,0.26,0.75
11.08.2021 01:05:34.265,1.3822,1.3821200000000002,1.57,0.75
11.08.2021 01:05:37.733,1.38215,1.3820700000000001,0.1,0.75
11.08.2021 01:05:37.835,1.38214,1.38206,0.1,0.75
11.08.2021 01:05:37.937,1.3821200000000002,1.3820700000000001,0.1,0.75
11.08.2021 01:05:38.189,1.38213,1.3820700000000001,0.1,0.75
11.08.2021 01:05:39.653,1.3821200000000002,1.3820700000000001,0.1,0.75
11.08.2021 01:05:40.003,1.38214,1.38206,0.1,0.75
11.08.2021 01:05:41.115,1.38218,1.3821100000000002,0.1,0.75
11.08.2021 01:05:41.217,1.38219,1.38213,0.45,0.75
11.08.2021 01:05:42.913,1.3822,1.38214,0.1,0.75
11.08.2021 01:05:46.001,1.3822,1.38213,0.1,0.75
11.08.2021 01:05:49.792,1.38219,1.38213,0.1,0.75
11.08.2021 01:05:51.550,1.38219,1.3821200000000002,0.1,1.5
11.08.2021 01:06:00.925,1.3822,1.3821200000000002,0.1,0.75
11.08.2021 01:06:02.896,1.3822,1.3821100000000002,0.45,0.75
11.08.2021 01:06:05.230,1.38218,1.3821200000000002,0.1,0.75
11.08.2021 01:06:08.843,1.38214,1.3820700000000001,0.1,0.45
11.08.2021 01:06:08.945,1.38214,1.38204,1.2,0.75
11.08.2021 01:06:09.048,1.3821200000000002,1.38205,0.1,0.75
11.08.2021 01:06:09.150,1.3821200000000002,1.38206,0.1,0.75
11.08.2021 01:06:09.253,1.3821200000000002,1.38205,0.1,0.75
11.08.2021 01:06:10.083,1.3821200000000002,1.38206,0.1,0.75
11.08.2021 01:06:10.135,1.38216,1.38209,0.1,0.75
11.08.2021 01:06:10.187,1.38214,1.38208,0.1,0.75
11.08.2021 01:06:10.290,1.38215,1.38206,0.1,0.75
11.08.2021 01:06:10.392,1.38214,1.38208,0.1,0.75
11.08.2021 01:06:10.545,1.3821700000000001,1.3820700000000001,0.82,0.75
11.08.2021 01:06:11.462,1.38218,1.38209,0.1,0.75
11.08.2021 01:06:11.564,1.38219,1.3821200000000002,0.1,0.75
11.08.2021 01:06:11.716,1.3822,1.3821200000000002,0.82,0.75
11.08.2021 01:06:12.469,1.38219,1.3821200000000002,0.1,0.75
11.08.2021 01:06:17.199,1.3822,1.3821200000000002,0.1,0.75
11.08.2021 01:06:17.543,1.3822200000000002,1.38213,0.45,0.75
11.08.2021 01:06:17.645,1.3822200000000002,1.38214,0.82,0.75
11.08.2021 01:06:24.658,1.3822100000000002,1.38214,0.1,0.75
11.08.2021 01:06:25.114,1.3822100000000002,1.38213,0.82,1.5
11.08.2021 01:06:27.554,1.3822100000000002,1.3821100000000002,0.82,1.5
11.08.2021 01:06:27.655,1.3822,1.3821100000000002,0.75,0.75
11.08.2021 01:06:29.647,1.38218,1.3821,0.82,0.75
11.08.2021 01:06:29.749,1.38218,1.38208,0.82,0.75
11.08.2021 01:06:39.593,1.3822100000000002,1.3821100000000002,0.82,0.75
11.08.2021 01:06:40.246,1.38219,1.3821200000000002,0.1,0.75
11.08.2021 01:06:41.960,1.3822,1.3821200000000002,0.82,0.75
11.08.2021 01:06:52.081,1.38218,1.3821100000000002,0.1,0.75
11.08.2021 01:06:52.182,1.3822,1.3821,0.82,0.75
11.08.2021 01:06:54.475,1.3822100000000002,1.3821100000000002,1.2,0.75
11.08.2021 01:07:11.452,1.38219,1.3821100000000002,0.82,1.5
11.08.2021 01:07:11.554,1.38219,1.3821200000000002,0.1,0.75
11.08.2021 01:07:20.035,1.3822100000000002,1.3821100000000002,0.82,0.75
11.08.2021 01:07:27.958,1.3822,1.3821100000000002,0.1,0.75
11.08.2021 01:07:28.060,1.3821700000000001,1.3821200000000002,0.75,0.75
11.08.2021 01:07:28.428,1.38218,1.3821,0.75,0.75
11.08.2021 01:07:30.930,1.38219,1.3821100000000002,0.82,0.75
11.08.2021 01:07:33.130,1.3821700000000001,1.38209,0.1,0.75
11.08.2021 01:07:33.232,1.38219,1.3821200000000002,0.75,1.5
11.08.2021 01:07:35.233,1.3822,1.38213,0.1,0.75
11.08.2021 01:07:35.334,1.3822100000000002,1.38213,0.82,0.75
11.08.2021 01:07:53.419,1.3822,1.3821200000000002,1.95,1.5
11.08.2021 01:07:53.471,1.38219,1.3821100000000002,0.1,0.75
11.08.2021 01:07:53.572,1.38218,1.3821100000000002,0.1,1.5
11.08.2021 01:07:56.472,1.3822,1.3821,0.82,1.5
11.08.2021 01:07:58.618,1.38219,1.3821200000000002,0.1,0.75
11.08.2021 01:07:59.185,1.3822100000000002,1.3821100000000002,1.57,0.75
11.08.2021 01:08:00.204,1.3822,1.38214,0.1,0.75
11.08.2021 01:08:00.388,1.3822100000000002,1.38214,0.1,0.75
11.08.2021 01:08:10.658,1.3822200000000002,1.38214,0.1,0.75
11.08.2021 01:08:12.435,1.3822100000000002,1.38216,0.1,0.75
11.08.2021 01:08:14.249,1.3822200000000002,1.38216,0.1,0.75
11.08.2021 01:08:17.462,1.3822100000000002,1.38216,0.1,0.75
11.08.2021 01:08:17.668,1.3822100000000002,1.38214,0.1,0.75
11.08.2021 01:08:21.225,1.3822200000000002,1.38215,0.1,0.75
11.08.2021 01:08:22.949,1.3822100000000002,1.38214,0.1,0.75
11.08.2021 01:08:40.470,1.38223,1.38213,0.82,1.5
11.08.2021 01:08:40.522,1.38227,1.3822,0.37,0.19
11.08.2021 01:08:40.624,1.3823,1.3822100000000002,7.5,0.75
11.08.2021 01:08:40.726,1.3823,1.3822200000000002,0.82,0.75
11.08.2021 01:08:44.001,1.3823200000000002,1.3822200000000002,1.2,0.75
11.08.2021 01:08:44.593,1.3823100000000001,1.3822200000000002,0.1,0.75
11.08.2021 01:08:48.803,1.3823200000000002,1.3822200000000002,1.2,0.75
11.08.2021 01:08:49.655,1.3823100000000001,1.3822400000000001,1.2,0.75
11.08.2021 01:08:55.830,1.3823200000000002,1.3822200000000002,1.2,0.75
11.08.2021 01:09:04.017,1.3823100000000001,1.3822200000000002,0.1,0.75
11.08.2021 01:09:13.396,1.3823200000000002,1.3822200000000002,1.2,0.75
11.08.2021 01:09:32.806,1.3823100000000001,1.3822400000000001,0.1,0.75
11.08.2021 01:09:36.694,1.3823200000000002,1.3822200000000002,0.82,0.75
11.08.2021 01:09:37.142,1.3823,1.3822200000000002,0.1,1.5
11.08.2021 01:09:37.244,1.3823100000000001,1.38223,1.2,0.75
11.08.2021 01:09:37.346,1.3823100000000001,1.3822400000000001,0.1,0.75
11.08.2021 01:09:58.941,1.3823100000000001,1.38223,0.1,0.75
11.08.2021 01:09:59.093,1.3823100000000001,1.3822100000000002,0.1,1.5
11.08.2021 01:09:59.203,1.3823,1.3822400000000001,0.1,0.75
11.08.2021 01:10:00.760,1.3823,1.38223,0.1,0.75
11.08.2021 01:10:08.995,1.3823100000000001,1.38223,0.1,0.75
11.08.2021 01:10:09.098,1.3823200000000002,1.38223,0.1,0.75
11.08.2021 01:10:27.512,1.3823100000000001,1.3822200000000002,0.82,0.75
11.08.2021 01:10:42.133,1.3823100000000001,1.38227,0.75,0.75
11.08.2021 01:10:42.279,1.3823200000000002,1.38225,0.82,0.75
11.08.2021 01:10:42.381,1.3823,1.38225,0.75,0.75
11.08.2021 01:10:46.145,1.38233,1.3822400000000001,0.82,0.75
11.08.2021 01:10:49.008,1.3823200000000002,1.38223,4.18,0.75
11.08.2021 01:10:49.059,1.3823,1.38223,0.1,0.75
11.08.2021 01:10:53.241,1.3823100000000001,1.3822100000000002,0.82,0.75
11.08.2021 01:10:54.000,1.3823,1.3822400000000001,0.82,0.75
11.08.2021 01:10:55.174,1.38233,1.38223,0.82,1.69
11.08.2021 01:11:03.812,1.38233,1.3822400000000001,0.75,0.75
11.08.2021 01:11:10.828,1.3823200000000002,1.38223,0.1,1.5
11.08.2021 01:11:10.980,1.3823100000000001,1.38223,0.1,1.5
11.08.2021 01:11:15.623,1.3823100000000001,1.3822200000000002,0.1,1.5
11.08.2021 01:11:16.511,1.3823200000000002,1.3822200000000002,1.57,1.5
11.08.2021 01:11:16.613,1.3823200000000002,1.3822400000000001,0.82,0.75
11.08.2021 01:11:16.720,1.3823200000000002,1.38225,0.82,0.75
11.08.2021 01:11:33.380,1.3823200000000002,1.3822400000000001,0.82,0.75
11.08.2021 01:11:37.172,1.3823200000000002,1.38225,0.1,0.75
11.08.2021 01:11:40.955,1.38235,1.38229,0.75,1.5
11.08.2021 01:11:41.057,1.38239,1.3823400000000001,0.1,1.5
11.08.2021 01:11:41.107,1.3824200000000002,1.38233,7.57,1.5
11.08.2021 01:11:43.365,1.3824200000000002,1.3823400000000001,0.1,0.75
11.08.2021 01:11:43.467,1.38243,1.3823400000000001,0.1,0.75
11.08.2021 01:11:44.045,1.3824200000000002,1.38236,0.1,0.75
11.08.2021 01:11:45.306,1.3824200000000002,1.38235,0.1,0.75
11.08.2021 01:11:50.920,1.3824100000000001,1.38235,0.1,0.75
11.08.2021 01:11:56.083,1.3824100000000001,1.3823400000000001,0.1,1.5
11.08.2021 01:12:02.144,1.3824,1.38233,0.1,1.5
11.08.2021 01:12:09.358,1.3824100000000001,1.3823400000000001,0.1,0.75
11.08.2021 01:12:19.786,1.3824200000000002,1.38235,0.45,0.75
11.08.2021 01:12:37.528,1.3824100000000001,1.38235,0.1,0.75
11.08.2021 01:12:41.198,1.3824200000000002,1.38233,0.1,0.75
11.08.2021 01:12:42.888,1.3824100000000001,1.38235,0.1,0.75
11.08.2021 01:12:49.171,1.38243,1.3823400000000001,0.1,0.75
11.08.2021 01:12:50.443,1.38245,1.38237,0.1,0.75
11.08.2021 01:12:50.495,1.38247,1.38238,0.1,1.5
11.08.2021 01:12:50.546,1.38247,1.3824200000000002,4.5,0.75
11.08.2021 01:12:50.597,1.38249,1.3824200000000002,0.82,0.75
11.08.2021 01:12:59.913,1.3825100000000001,1.3824100000000001,1.57,1.5
11.08.2021 01:13:00.268,1.38249,1.3824200000000002,1.57,1.5
11.08.2021 01:13:00.393,1.3824400000000001,1.38236,0.45,0.75
11.08.2021 01:13:00.799,1.38243,1.3823400000000001,0.45,0.75
11.08.2021 01:13:00.901,1.3824100000000001,1.3823400000000001,0.1,0.75
11.08.2021 01:13:05.198,1.3824200000000002,1.3823200000000002,0.82,1.5
11.08.2021 01:13:06.527,1.3824100000000001,1.3823400000000001,0.82,0.75
11.08.2021 01:13:23.094,1.3824100000000001,1.38233,0.1,0.75
11.08.2021 01:13:33.908,1.3824200000000002,1.38233,0.1,0.75
11.08.2021 01:13:33.959,1.38243,1.38235,0.45,2.44
11.08.2021 01:13:34.010,1.3824400000000001,1.38237,0.82,0.94
11.08.2021 01:13:34.112,1.38248,1.3824100000000001,0.45,0.19
11.08.2021 01:13:34.214,1.38248,1.3824,0.45,0.94
11.08.2021 01:13:34.316,1.38248,1.3824100000000001,0.1,0.75
11.08.2021 01:13:34.938,1.3825,1.3824,0.82,0.75
11.08.2021 01:13:36.847,1.38249,1.3824200000000002,0.1,0.75
11.08.2021 01:13:46.419,1.3825100000000001,1.3824200000000002,0.1,1.5
11.08.2021 01:13:48.919,1.3825,1.3824200000000002,0.1,0.75
11.08.2021 01:13:49.021,1.3825,1.3824100000000001,0.1,0.75
11.08.2021 01:14:06.804,1.3825,1.3824200000000002,0.82,0.75
11.08.2021 01:14:13.381,1.3825,1.3824100000000001,2.44,1.5
11.08.2021 01:14:13.482,1.3825,1.3824200000000002,4.01,1.5
11.08.2021 01:14:13.684,1.38249,1.3824200000000002,0.1,1.5
11.08.2021 01:14:14.870,1.38248,1.3824200000000002,0.75,0.75
11.08.2021 01:14:22.888,1.3825,1.3824100000000001,4.01,0.75
11.08.2021 01:14:23.929,1.38248,1.3824200000000002,1.69,0.75
11.08.2021 01:14:24.183,1.38249,1.3824200000000002,4.39,0.75
11.08.2021 01:14:24.296,1.38248,1.3824200000000002,0.75,0.75
11.08.2021 01:14:25.121,1.3825,1.3824100000000001,4.01,0.75
11.08.2021 01:14:25.731,1.38245,1.38238,1.31,0.75
11.08.2021 01:14:25.833,1.38243,1.38235,0.37,1.5
11.08.2021 01:14:25.985,1.3824200000000002,1.3823400000000001,0.82,1.5
11.08.2021 01:14:26.087,1.3824,1.38233,0.1,1.5
11.08.2021 01:14:26.188,1.3824100000000001,1.38233,0.1,1.5
11.08.2021 01:14:35.131,1.38238,1.38233,0.75,0.75
11.08.2021 01:14:35.233,1.38239,1.38233,2.32,0.75
11.08.2021 01:14:35.284,1.38233,1.38226,0.37,5.25
11.08.2021 01:14:35.386,1.3823200000000002,1.3822400000000001,0.75,7.5
11.08.2021 01:14:35.538,1.3823200000000002,1.38223,0.82,0.75
11.08.2021 01:14:36.359,1.38233,1.38225,0.45,0.75
11.08.2021 01:14:36.461,1.3823400000000001,1.38226,0.82,0.75
11.08.2021 01:14:36.970,1.3823400000000001,1.38227,0.82,0.75
11.08.2021 01:14:37.021,1.38237,1.38229,0.1,0.75
11.08.2021 01:14:37.146,1.38238,1.3823100000000001,0.1,0.75
11.08.2021 01:14:37.197,1.3824,1.3823200000000002,1.2,0.75
11.08.2021 01:14:41.704,1.3824200000000002,1.38233,0.1,0.75
11.08.2021 01:14:43.327,1.38243,1.38233,1.2,0.75
11.08.2021 01:14:46.638,1.3824100000000001,1.3823400000000001,0.75,0.75
11.08.2021 01:14:57.312,1.3824200000000002,1.3823400000000001,1.12,0.75
11.08.2021 01:15:02.611,1.3824100000000001,1.3823400000000001,0.75,0.75
11.08.2021 01:15:08.374,1.3824200000000002,1.3823400000000001,1.2,1.5
11.08.2021 01:15:08.476,1.38243,1.38236,0.82,0.75
11.08.2021 01:15:08.527,1.38243,1.38233,0.82,1.5
11.08.2021 01:15:11.080,1.3824200000000002,1.38235,0.75,0.75
11.08.2021 01:15:11.211,1.3824200000000002,1.3823400000000001,0.75,2.25
11.08.2021 01:15:12.870,1.3824400000000001,1.3823400000000001,1.2,1.5
11.08.2021 01:15:16.370,1.38247,1.3824200000000002,1.87,0.75
11.08.2021 01:15:16.472,1.38249,1.38243,0.82,0.75
11.08.2021 01:15:16.573,1.3825,1.38243,0.1,1.5
11.08.2021 01:15:18.177,1.3825100000000001,1.38243,0.1,1.5
11.08.2021 01:15:23.252,1.3825100000000001,1.3824400000000001,0.1,0.75
11.08.2021 01:15:48.987,1.3825,1.3824400000000001,0.1,0.75
11.08.2021 01:15:49.560,1.3825200000000002,1.38243,0.82,0.75
11.08.2021 01:15:59.627,1.3825100000000001,1.38245,0.1,0.75
11.08.2021 01:16:27.201,1.3825100000000001,1.3824400000000001,0.1,1.5
11.08.2021 01:16:31.584,1.3825100000000001,1.38245,0.1,0.75
11.08.2021 01:16:32.244,1.3825200000000002,1.38245,0.1,0.75
11.08.2021 01:16:32.397,1.38254,1.3824400000000001,0.1,1.5
11.08.2021 01:16:32.498,1.38253,1.38246,0.1,0.75
11.08.2021 01:16:32.924,1.38254,1.38246,1.2,0.94
11.08.2021 01:16:32.976,1.38258,1.3825200000000002,0.75,0.75
11.08.2021 01:16:33.027,1.38259,1.38253,0.1,1.5
11.08.2021 01:16:33.078,1.3826200000000002,1.3825200000000002,0.82,1.69
11.08.2021 01:16:33.231,1.3826200000000002,1.38253,0.1,1.5
11.08.2021 01:16:34.201,1.38263,1.38253,1.2,1.5
11.08.2021 01:16:38.221,1.38263,1.38254,0.1,0.75
11.08.2021 01:16:38.845,1.3826200000000002,1.38254,2.87,1.5
11.08.2021 01:16:38.946,1.3826100000000001,1.38253,0.82,0.75
11.08.2021 01:16:39.048,1.38259,1.38254,0.1,0.75
11.08.2021 01:16:39.149,1.38256,1.3825,0.1,0.75
11.08.2021 01:16:39.200,1.38257,1.38248,1.2,1.5
11.08.2021 01:16:39.302,1.38254,1.38248,0.1,1.5
11.08.2021 01:16:41.548,1.38254,1.38245,0.82,0.75
11.08.2021 01:16:41.702,1.38253,1.38245,0.82,0.75
11.08.2021 01:16:43.542,1.3825200000000002,1.38245,0.1,0.75
11.08.2021 01:16:43.900,1.3825500000000002,1.38246,2.89,1.87
11.08.2021 01:16:44.314,1.3825500000000002,1.38248,0.75,0.75
11.08.2021 01:16:44.365,1.38257,1.38248,0.37,2.81
11.08.2021 01:16:44.467,1.38256,1.3825,0.37,0.75
11.08.2021 01:16:46.608,1.38257,1.3825100000000001,0.75,0.56
11.08.2021 01:16:46.714,1.38256,1.3825,1.12,1.99
11.08.2021 01:16:46.816,1.38257,1.3825100000000001,1.12,0.75
11.08.2021 01:16:46.867,1.38259,1.3825200000000002,1.39,0.75
11.08.2021 01:16:47.499,1.38258,1.3825200000000002,0.1,0.75
11.08.2021 01:16:48.106,1.3826,1.3825100000000001,0.82,0.75
11.08.2021 01:16:48.544,1.3826,1.38253,0.1,1.5
11.08.2021 01:16:48.646,1.3826100000000001,1.38254,0.1,2.55
11.08.2021 01:16:49.155,1.3826200000000002,1.38254,0.82,2.55
11.08.2021 01:17:03.988,1.3826100000000001,1.38254,0.1,1.5
11.08.2021 01:17:04.089,1.3826200000000002,1.38254,0.82,1.5
11.08.2021 01:17:12.241,1.38254,1.38249,0.82,0.37
11.08.2021 01:17:12.293,1.38256,1.3825,2.32,0.75
11.08.2021 01:17:12.344,1.38254,1.38248,1.2,0.37
11.08.2021 01:17:12.446,1.38253,1.38246,0.82,0.75
11.08.2021 01:17:12.548,1.3825200000000002,1.38245,0.1,1.5
11.08.2021 01:17:13.258,1.38254,1.38245,0.1,1.69
11.08.2021 01:17:13.309,1.3825500000000002,1.38249,0.1,0.75
11.08.2021 01:17:13.411,1.38257,1.3825,0.82,0.75
11.08.2021 01:17:13.513,1.38257,1.3825100000000001,0.1,0.75
11.08.2021 01:17:13.616,1.38259,1.3825,0.1,0.75
11.08.2021 01:17:13.819,1.38258,1.3825200000000002,0.1,1.5
11.08.2021 01:17:14.183,1.3826,1.3825100000000001,1.57,1.5
11.08.2021 01:17:14.286,1.3826200000000002,1.38253,0.1,0.75
11.08.2021 01:17:15.207,1.3826100000000001,1.3825500000000002,0.1,0.75
11.08.2021 01:17:21.139,1.3826200000000002,1.3825500000000002,0.1,0.75
11.08.2021 01:17:27.591,1.3826200000000002,1.38256,0.1,0.75
11.08.2021 01:17:30.070,1.3826200000000002,1.38257,0.1,0.75
11.08.2021 01:17:39.637,1.3826200000000002,1.3825500000000002,0.1,0.75
11.08.2021 01:17:39.789,1.3826100000000001,1.3825500000000002,0.1,0.75
11.08.2021 01:17:41.322,1.3826,1.3825500000000002,0.1,0.75
11.08.2021 01:17:46.242,1.3826,1.3825200000000002,0.1,1.5
11.08.2021 01:17:47.189,1.3826,1.38253,0.1,0.75
11.08.2021 01:17:47.291,1.3826,1.38254,0.1,1.5
11.08.2021 01:18:00.606,1.3826,1.3825500000000002,0.1,0.75
11.08.2021 01:18:02.131,1.3826200000000002,1.3825500000000002,0.1,0.75
11.08.2021 01:18:02.232,1.38263,1.38256,0.1,1.87
11.08.2021 01:18:02.334,1.38263,1.38257,0.1,0.75
11.08.2021 01:18:13.126,1.38264,1.38259,2.51,0.75
11.08.2021 01:18:14.810,1.38268,1.3826100000000001,0.82,0.75
11.08.2021 01:18:17.239,1.38268,1.3826200000000002,0.1,0.75
11.08.2021 01:18:18.714,1.3826500000000002,1.38258,2.62,0.75
11.08.2021 01:18:18.766,1.38263,1.38256,0.45,0.75
11.08.2021 01:18:18.868,1.38263,1.3825500000000002,0.1,0.75
11.08.2021 01:18:18.970,1.3826200000000002,1.3825500000000002,0.1,0.75
11.08.2021 01:18:19.175,1.3826200000000002,1.38256,0.1,0.75
11.08.2021 01:18:19.278,1.38263,1.38257,0.1,0.75
11.08.2021 01:18:21.568,1.38264,1.38257,1.2,0.75
11.08.2021 01:18:21.669,1.3826500000000002,1.38257,0.1,0.75
11.08.2021 01:18:27.999,1.3826500000000002,1.38259,1.57,0.75
11.08.2021 01:18:28.050,1.38269,1.3826500000000002,0.37,1.31
11.08.2021 01:18:28.105,1.38271,1.38266,7.5,0.75
11.08.2021 01:18:28.257,1.38274,1.3826500000000002,1.2,1.5
11.08.2021 01:18:33.952,1.38273,1.3826500000000002,0.1,0.75
11.08.2021 01:18:34.104,1.38271,1.38266,0.1,0.75
11.08.2021 01:18:35.798,1.38273,1.3826500000000002,0.1,0.75
11.08.2021 01:18:38.245,1.3827200000000002,1.3826500000000002,0.82,0.75
11.08.2021 01:18:54.730,1.38271,1.3826500000000002,0.1,0.75
11.08.2021 01:18:55.037,1.38271,1.38264,0.82,0.75
11.08.2021 01:19:01.026,1.3827,1.38263,0.75,1.5
11.08.2021 01:19:02.236,1.38269,1.3826200000000002,0.75,1.69
11.08.2021 01:19:02.672,1.38271,1.3826200000000002,0.75,1.69
11.08.2021 01:19:03.027,1.38269,1.3826100000000001,0.75,0.75
11.08.2021 01:19:03.281,1.38269,1.3826200000000002,0.75,3.19
11.08.2021 01:19:05.061,1.38269,1.38263,0.75,0.75
11.08.2021 01:19:05.163,1.3827,1.38263,0.75,2.06
11.08.2021 01:19:05.938,1.38271,1.38264,0.75,0.94
11.08.2021 01:19:11.106,1.38271,1.3826500000000002,0.75,1.31
11.08.2021 01:19:11.208,1.3827200000000002,1.38266,0.75,1.31
11.08.2021 01:19:11.309,1.38274,1.3826500000000002,0.75,0.94
11.08.2021 01:19:13.107,1.38273,1.3826500000000002,0.75,0.94
11.08.2021 01:19:13.366,1.38271,1.38264,0.75,2.81
11.08.2021 01:19:25.036,1.3827,1.38264,0.75,0.75
11.08.2021 01:19:33.847,1.3827,1.38263,0.75,1.5
11.08.2021 01:19:36.471,1.38269,1.38263,0.75,1.5
11.08.2021 01:19:39.307,1.3827,1.38263,0.82,1.5
11.08.2021 01:19:42.201,1.3827,1.38264,0.75,0.75
11.08.2021 01:19:42.425,1.3827,1.38263,0.75,1.5
11.08.2021 01:19:48.821,1.38269,1.38263,0.75,0.75
11.08.2021 01:19:55.841,1.3826500000000002,1.38257,1.31,2.89
11.08.2021 01:19:55.942,1.38263,1.38257,0.75,0.37
11.08.2021 01:19:56.095,1.38264,1.3825500000000002,0.82,0.75
11.08.2021 01:19:59.132,1.38263,1.38254,0.75,2.81
11.08.2021 01:19:59.234,1.3826100000000001,1.3825500000000002,0.75,1.5
11.08.2021 01:19:59.335,1.3826200000000002,1.38253,0.82,0.75
11.08.2021 01:20:02.864,1.3826100000000001,1.38253,0.75,0.94
11.08.2021 01:20:03.117,1.3826100000000001,1.3825500000000002,0.75,0.75
11.08.2021 01:20:06.386,1.3826100000000001,1.38254,0.75,0.94
11.08.2021 01:20:11.204,1.3826200000000002,1.38254,0.75,0.75
11.08.2021 01:20:48.144,1.3826200000000002,1.3825500000000002,0.75,0.75
11.08.2021 01:20:48.669,1.38263,1.3825500000000002,0.75,0.75
11.08.2021 01:20:53.114,1.3826500000000002,1.38259,0.75,0.75
11.08.2021 01:20:53.216,1.38271,1.38263,12.07,1.87
11.08.2021 01:20:53.317,1.3827,1.3826500000000002,7.5,1.5
11.08.2021 01:20:53.368,1.38273,1.3826500000000002,0.75,1.12
11.08.2021 01:20:53.470,1.38274,1.3826500000000002,0.75,1.87
11.08.2021 01:20:55.600,1.3827200000000002,1.38266,0.75,0.75
11.08.2021 01:21:07.770,1.38271,1.3826500000000002,0.75,1.87
11.08.2021 01:21:07.923,1.38271,1.38263,0.75,0.75
11.08.2021 01:21:08.025,1.3827,1.38263,0.75,0.75
11.08.2021 01:21:16.770,1.3827200000000002,1.38263,0.75,2.06
11.08.2021 01:21:16.872,1.3827200000000002,1.3826500000000002,0.82,1.87
11.08.2021 01:21:16.973,1.3827200000000002,1.38264,0.75,1.87
11.08.2021 01:21:17.231,1.3827,1.38263,0.75,1.5
11.08.2021 01:21:18.136,1.38271,1.38263,0.75,0.75
11.08.2021 01:21:18.237,1.38271,1.38264,0.82,0.75
11.08.2021 01:21:18.389,1.38271,1.3826500000000002,0.82,0.75
11.08.2021 01:21:19.012,1.3827200000000002,1.3826500000000002,0.75,2.06
11.08.2021 01:21:19.063,1.3827200000000002,1.38267,0.75,1.12
11.08.2021 01:21:19.165,1.38274,1.38266,0.75,1.12
11.08.2021 01:21:19.266,1.38273,1.38266,0.75,2.06
11.08.2021 01:21:35.683,1.38273,1.38267,0.75,1.12
11.08.2021 01:21:36.301,1.38273,1.38266,0.75,2.06
11.08.2021 01:21:37.020,1.38273,1.38267,0.75,0.75
11.08.2021 01:21:37.571,1.3827500000000001,1.3827,2.32,0.75
11.08.2021 01:21:37.622,1.3827500000000001,1.38267,0.75,1.87
11.08.2021 01:21:39.023,1.38273,1.38267,0.75,0.75
11.08.2021 01:21:39.125,1.38273,1.3826500000000002,0.75,0.75
11.08.2021 01:21:46.192,1.38273,1.38267,0.75,0.75
11.08.2021 01:21:51.251,1.3827200000000002,1.38266,0.75,0.75
11.08.2021 01:21:55.194,1.38274,1.38266,0.82,0.75
11.08.2021 01:22:01.115,1.38274,1.38268,0.37,2.25
11.08.2021 01:22:01.217,1.38279,1.38273,1.2,1.87
11.08.2021 01:22:01.319,1.3828,1.38274,0.75,0.75
11.08.2021 01:22:06.930,1.38279,1.38273,0.75,0.75
11.08.2021 01:22:07.031,1.38279,1.3827200000000002,0.75,1.5
11.08.2021 01:22:08.225,1.38279,1.3827200000000002,0.1,0.75
11.08.2021 01:22:10.366,1.3828,1.3827200000000002,1.01,0.75
11.08.2021 01:22:11.706,1.3828,1.38273,0.26,0.75
11.08.2021 01:22:12.830,1.38281,1.38273,1.5,0.75
11.08.2021 01:22:16.801,1.3828,1.38273,1.5,0.75
11.08.2021 01:22:16.903,1.3828,1.3827200000000002,0.1,0.75
11.08.2021 01:22:26.309,1.38279,1.3827200000000002,0.82,1.5
11.08.2021 01:22:26.411,1.38279,1.38271,0.75,0.75
11.08.2021 01:22:27.851,1.38279,1.38273,0.82,0.75
11.08.2021 01:22:29.031,1.38279,1.3827200000000002,0.82,1.5
11.08.2021 01:22:32.182,1.38279,1.38271,0.75,0.75
11.08.2021 01:22:40.595,1.38279,1.38273,0.82,0.75
11.08.2021 01:22:41.110,1.3828,1.38274,0.75,0.75
11.08.2021 01:22:46.750,1.3828,1.3827200000000002,0.75,1.5
11.08.2021 01:22:53.751,1.38277,1.38271,0.75,0.75
11.08.2021 01:23:01.166,1.38277,1.38268,0.75,1.5
11.08.2021 01:23:01.267,1.3827600000000002,1.38267,0.75,1.69
11.08.2021 01:23:21.250,1.3827600000000002,1.38269,0.75,0.75
11.08.2021 01:23:23.754,1.38278,1.38271,0.75,1.5
11.08.2021 01:23:29.209,1.38279,1.3827200000000002,0.75,0.75
11.08.2021 01:23:30.488,1.38279,1.3827,0.75,1.87
11.08.2021 01:23:35.199,1.3828,1.38271,0.75,0.75
11.08.2021 01:23:38.997,1.38278,1.38271,0.75,1.87
11.08.2021 01:23:40.242,1.38279,1.3827200000000002,0.75,0.75
11.08.2021 01:23:44.198,1.38279,1.3827,0.75,1.5
11.08.2021 01:23:45.333,1.38274,1.38269,0.75,0.75
11.08.2021 01:23:45.384,1.38274,1.38267,0.1,0.75
11.08.2021 01:23:45.435,1.38271,1.38267,0.75,0.75
11.08.2021 01:23:45.486,1.38271,1.38264,0.75,0.75
11.08.2021 01:23:47.579,1.38271,1.3826200000000002,0.75,0.75
11.08.2021 01:24:02.199,1.38271,1.38264,0.75,0.75
11.08.2021 01:24:07.475,1.3827,1.38263,0.75,0.75
11.08.2021 01:24:18.383,1.3827200000000002,1.3826200000000002,0.82,1.42
11.08.2021 01:24:39.452,1.3827200000000002,1.38263,0.75,0.67
11.08.2021 01:24:40.048,1.38271,1.38263,0.75,2.1
11.08.2021 01:24:42.622,1.38267,1.3826100000000001,0.75,1.99
11.08.2021 01:24:45.465,1.3827200000000002,1.3826200000000002,0.1,0.67
11.08.2021 01:24:47.228,1.38267,1.38263,0.75,0.67
11.08.2021 01:24:48.426,1.38268,1.3826100000000001,0.75,2.74
11.08.2021 01:24:48.983,1.38267,1.3826100000000001,0.75,1.69
11.08.2021 01:24:51.970,1.3827200000000002,1.3826100000000001,0.1,0.94
11.08.2021 01:24:53.199,1.38267,1.3826100000000001,0.75,0.94
11.08.2021 01:25:04.866,1.38271,1.3826200000000002,0.1,1.31
11.08.2021 01:25:05.247,1.38266,1.3826200000000002,0.75,1.31
11.08.2021 01:25:07.880,1.3826500000000002,1.3826100000000001,0.94,0.75
11.08.2021 01:25:07.932,1.3825100000000001,1.38248,0.75,0.75
11.08.2021 01:25:07.983,1.38249,1.3824400000000001,0.75,0.75
11.08.2021 01:25:08.034,1.38247,1.3824100000000001,0.75,0.67
11.08.2021 01:25:08.594,1.38246,1.3824100000000001,0.75,1.8
11.08.2021 01:25:19.960,1.38247,1.3824200000000002,0.75,0.67
11.08.2021 01:25:20.061,1.38249,1.38243,0.75,0.19
11.08.2021 01:25:20.600,1.3825,1.3824400000000001,0.75,0.19
11.08.2021 01:25:27.747,1.3825100000000001,1.38246,0.75,9.07
11.08.2021 01:25:27.849,1.3825200000000002,1.38245,0.75,3
11.08.2021 01:25:27.950,1.3825,1.3824400000000001,0.75,1.87
11.08.2021 01:25:28.001,1.3825200000000002,1.38245,0.82,0.75
11.08.2021 01:25:28.153,1.3825100000000001,1.3824400000000001,0.75,1.5
11.08.2021 01:25:29.590,1.38245,1.38239,0.75,1.12
11.08.2021 01:25:29.692,1.3824,1.38235,0.1,0.75
11.08.2021 01:25:29.793,1.3824100000000001,1.38233,0.1,0.75
11.08.2021 01:25:29.895,1.3824,1.38233,0.82,0.75
11.08.2021 01:25:30.468,1.38239,1.3823200000000002,0.75,1.35
11.08.2021 01:25:30.771,1.3824,1.3823200000000002,0.75,0.75
11.08.2021 01:25:30.873,1.3824,1.38233,0.75,1.5
11.08.2021 01:25:31.879,1.3824100000000001,1.3823400000000001,0.75,0.75
11.08.2021 01:25:31.933,1.3824200000000002,1.38235,1.87,0.75
11.08.2021 01:25:45.576,1.3824400000000001,1.38235,1.87,0.75
11.08.2021 01:25:50.640,1.3824100000000001,1.38235,0.19,0.75
11.08.2021 01:26:03.270,1.3824100000000001,1.38236,0.19,0.75
11.08.2021 01:26:03.320,1.3824400000000001,1.38235,1.57,0.75
11.08.2021 01:26:04.673,1.38243,1.3823400000000001,0.75,0.75
11.08.2021 01:26:04.774,1.3824200000000002,1.38233,0.75,1.5
11.08.2021 01:26:04.927,1.3824200000000002,1.38235,0.82,0.75
11.08.2021 01:26:09.295,1.3824200000000002,1.38236,0.82,0.75
11.08.2021 01:26:09.398,1.3824400000000001,1.38236,2.51,0.75
11.08.2021 01:26:09.602,1.38245,1.38238,0.75,0.75
11.08.2021 01:26:09.706,1.38246,1.3824,1.2,0.75
11.08.2021 01:26:09.758,1.38248,1.3824100000000001,0.82,1.5
11.08.2021 01:26:09.860,1.3825,1.3824400000000001,1.2,0.75
11.08.2021 01:26:12.705,1.3825100000000001,1.3824400000000001,0.82,2.1
11.08.2021 01:26:12.807,1.3825100000000001,1.38245,0.82,0.75
11.08.2021 01:26:23.016,1.3825200000000002,1.38246,0.75,0.6
11.08.2021 01:26:23.117,1.3825200000000002,1.38245,0.82,1.5
11.08.2021 01:26:23.219,1.3825100000000001,1.38245,0.75,2.1
11.08.2021 01:26:36.350,1.38245,1.3824100000000001,0.94,0.75
11.08.2021 01:26:36.452,1.38243,1.38238,1.57,7.5
11.08.2021 01:26:36.554,1.3824,1.3823400000000001,0.75,0.75
11.08.2021 01:26:45.777,1.3824200000000002,1.38233,0.94,1.5
11.08.2021 01:26:52.535,1.38238,1.3823100000000001,1.57,0.75
11.08.2021 01:26:52.637,1.3824,1.38233,0.82,0.75
11.08.2021 01:26:54.716,1.3824200000000002,1.38233,0.82,0.75
11.08.2021 01:26:56.777,1.38243,1.3823400000000001,0.82,2.25
11.08.2021 01:26:56.879,1.38245,1.38239,0.82,1.5
11.08.2021 01:26:56.981,1.38248,1.38239,1.57,1.5
11.08.2021 01:26:57.134,1.38247,1.3824100000000001,1.5,0.75
11.08.2021 01:26:57.235,1.38247,1.3824,1.57,1.5
11.08.2021 01:27:00.176,1.38249,1.3824200000000002,0.75,1.5
11.08.2021 01:27:00.277,1.3825100000000001,1.3824200000000002,0.82,0.75
11.08.2021 01:27:03.571,1.3824200000000002,1.38237,0.94,0.1
11.08.2021 01:27:03.622,1.38236,1.38228,0.75,1.2
11.08.2021 01:27:03.724,1.38233,1.38226,0.82,0.75
11.08.2021 01:27:03.825,1.3823200000000002,1.3822400000000001,0.75,1.5
11.08.2021 01:27:03.927,1.3823200000000002,1.38225,0.94,1.5
11.08.2021 01:27:10.923,1.3823200000000002,1.38228,0.19,0.75
11.08.2021 01:27:10.975,1.3823400000000001,1.38228,0.75,0.75
11.08.2021 01:27:11.077,1.38235,1.38228,0.75,0.75
11.08.2021 01:27:11.180,1.38233,1.38228,0.19,0.75
11.08.2021 01:27:11.232,1.3823200000000002,1.38226,0.82,0.75
11.08.2021 01:27:11.284,1.3823100000000001,1.3822200000000002,0.75,1.5
11.08.2021 01:27:13.862,1.3823100000000001,1.38225,0.75,0.75
11.08.2021 01:27:13.964,1.38236,1.3823,0.82,0.75
11.08.2021 01:27:14.065,1.38239,1.38233,8.32,0.75
11.08.2021 01:27:14.218,1.3824,1.38233,0.82,1.5
11.08.2021 01:27:14.320,1.3824100000000001,1.38233,0.82,0.75
11.08.2021 01:27:18.869,1.3824200000000002,1.38235,0.82,0.75
11.08.2021 01:27:18.971,1.38247,1.3824,0.1,0.75
11.08.2021 01:27:19.073,1.3825200000000002,1.3824400000000001,0.82,0.75
11.08.2021 01:27:21.159,1.3825200000000002,1.38245,0.82,1.5
11.08.2021 01:27:21.429,1.3825200000000002,1.3824400000000001,0.75,1.5
11.08.2021 01:27:22.674,1.3825200000000002,1.38245,0.82,1.5
11.08.2021 01:27:22.914,1.3825200000000002,1.3824400000000001,0.82,0.75
11.08.2021 01:27:23.483,1.3825,1.3824400000000001,0.75,2.25
11.08.2021 01:27:27.674,1.3825200000000002,1.38243,0.82,2.25
11.08.2021 01:27:33.047,1.3825100000000001,1.38245,0.82,0.75
11.08.2021 01:27:34.876,1.3825200000000002,1.38243,0.82,3
11.08.2021 01:27:44.105,1.3825200000000002,1.3824400000000001,0.82,0.75
11.08.2021 01:27:51.317,1.3825200000000002,1.38246,0.82,1.12
11.08.2021 01:27:51.368,1.38256,1.3825,0.75,1.5
11.08.2021 01:27:51.469,1.3826,1.38254,7.5,0.75
11.08.2021 01:27:51.622,1.3826100000000001,1.38254,1.57,2.25
11.08.2021 01:27:55.388,1.3826100000000001,1.3825500000000002,0.75,0.75
11.08.2021 01:27:55.648,1.3826200000000002,1.38257,0.75,0.75
11.08.2021 01:27:55.750,1.38263,1.38256,0.75,1.5
11.08.2021 01:27:55.953,1.3826500000000002,1.38256,0.75,1.5
11.08.2021 01:27:56.055,1.38264,1.3825500000000002,0.75,2.25
11.08.2021 01:27:56.257,1.38263,1.3825500000000002,0.75,0.75
11.08.2021 01:27:56.699,1.38263,1.38257,0.75,0.75
11.08.2021 01:27:56.800,1.38264,1.38257,0.75,0.75
11.08.2021 01:27:57.218,1.3826200000000002,1.38256,0.75,0.75
11.08.2021 01:27:57.269,1.3826100000000001,1.38254,0.75,2.7
11.08.2021 01:27:57.893,1.3826100000000001,1.3825500000000002,0.75,0.75
11.08.2021 01:27:58.014,1.3826200000000002,1.3825500000000002,0.82,1.5
11.08.2021 01:27:58.368,1.38263,1.3825500000000002,0.75,0.75
11.08.2021 01:27:58.469,1.38263,1.38257,0.75,1.5
11.08.2021 01:27:58.571,1.38264,1.38257,0.75,0.75
11.08.2021 01:27:58.672,1.38264,1.38258,0.75,0.75
11.08.2021 01:27:59.361,1.3826500000000002,1.38258,0.82,1.5
11.08.2021 01:27:59.615,1.38266,1.38258,0.82,0.75
11.08.2021 01:28:05.698,1.38264,1.38258,0.75,1.5
11.08.2021 01:28:05.800,1.38264,1.38256,0.75,1.5
11.08.2021 01:28:07.156,1.3826200000000002,1.38256,0.75,0.75
11.08.2021 01:28:07.461,1.3826200000000002,1.38258,0.75,0.75
11.08.2021 01:28:07.562,1.38263,1.38258,0.75,0.75
11.08.2021 01:28:07.664,1.38264,1.38258,0.75,2.25
11.08.2021 01:28:07.766,1.38269,1.38263,0.1,1.5
11.08.2021 01:28:07.918,1.3827,1.38263,0.1,0.75
11.08.2021 01:28:09.115,1.3827,1.38264,0.82,1.5
11.08.2021 01:28:09.216,1.3827,1.3826500000000002,0.82,0.75
11.08.2021 01:28:09.318,1.3827,1.38264,0.75,1.5
11.08.2021 01:28:11.173,1.3826500000000002,1.3826100000000001,0.94,1.5
11.08.2021 01:28:11.225,1.3826100000000001,1.3825500000000002,0.94,7.5
11.08.2021 01:28:11.276,1.38259,1.3825200000000002,0.94,1.5
11.08.2021 01:28:11.327,1.38257,1.3825200000000002,0.75,0.75
11.08.2021 01:28:11.429,1.38258,1.3825,1.69,1.87
11.08.2021 01:28:11.792,1.38258,1.3825100000000001,0.75,1.5
11.08.2021 01:28:13.760,1.38259,1.3825100000000001,0.75,0.75
11.08.2021 01:28:14.087,1.38259,1.3825200000000002,0.82,0.75
11.08.2021 01:28:14.240,1.3826,1.38253,0.82,0.75
11.08.2021 01:28:18.178,1.3826100000000001,1.38253,0.82,0.75
11.08.2021 01:28:19.473,1.3826,1.38253,0.82,1.5
11.08.2021 01:28:24.841,1.3826200000000002,1.38253,0.82,0.75
11.08.2021 01:28:35.134,1.38264,1.38259,0.37,0.75
11.08.2021 01:28:35.235,1.38266,1.38259,0.75,0.75
11.08.2021 01:28:38.123,1.38263,1.38258,0.75,0.75
11.08.2021 01:28:38.224,1.38263,1.38257,0.75,1.2
11.08.2021 01:28:38.326,1.38264,1.3825500000000002,0.75,0.75
11.08.2021 01:28:38.959,1.38263,1.38254,0.75,0.75
11.08.2021 01:28:41.117,1.38263,1.38256,0.75,0.75
11.08.2021 01:28:51.755,1.38263,1.38254,0.75,0.75
11.08.2021 01:28:51.856,1.38263,1.38256,0.75,0.75
11.08.2021 01:29:05.486,1.38266,1.38257,0.75,0.75
11.08.2021 01:29:05.588,1.38266,1.3826,0.75,0.75
11.08.2021 01:29:10.153,1.38266,1.3826200000000002,0.75,0.75
11.08.2021 01:29:15.496,1.38269,1.3826100000000001,0.1,0.75
11.08.2021 01:29:16.866,1.38268,1.3826100000000001,0.75,0.75
11.08.2021 01:29:20.547,1.38268,1.3826,0.75,0.75
11.08.2021 01:29:43.912,1.38268,1.3826100000000001,0.82,0.75
11.08.2021 01:29:45.630,1.3827,1.38263,0.82,0.75
11.08.2021 01:29:45.731,1.38268,1.38264,0.1,0.75
11.08.2021 01:29:46.779,1.38269,1.38264,0.82,0.75
11.08.2021 01:29:47.106,1.38271,1.38263,0.82,0.75
11.08.2021 01:29:47.208,1.38271,1.38264,0.75,0.75
11.08.2021 01:29:49.009,1.38266,1.3826100000000001,0.75,1.95
11.08.2021 01:29:49.310,1.38266,1.3826200000000002,0.75,0.75
11.08.2021 01:29:49.514,1.38266,1.38263,0.75,0.75
11.08.2021 01:29:51.807,1.38268,1.3826200000000002,0.75,1.5
11.08.2021 01:29:53.161,1.38266,1.38263,0.75,0.75
11.08.2021 01:29:58.343,1.38268,1.3826200000000002,0.75,0.75
11.08.2021 01:30:00.364,1.38268,1.38263,0.75,0.75
11.08.2021 01:30:00.920,1.38269,1.38263,0.75,0.75
11.08.2021 01:30:01.285,1.3827,1.38263,0.75,0.75
11.08.2021 01:30:08.523,1.3827200000000002,1.38266,0.75,0.75
11.08.2021 01:30:08.625,1.38274,1.3826500000000002,0.75,0.75
11.08.2021 01:30:08.828,1.3827500000000001,1.38268,1.12,1.5
11.08.2021 01:30:08.930,1.38274,1.38268,0.75,0.75
11.08.2021 01:30:09.032,1.3827500000000001,1.38266,0.75,1.57
11.08.2021 01:30:09.133,1.38273,1.38266,0.75,1.87
11.08.2021 01:30:09.235,1.38273,1.38267,0.75,1.87
11.08.2021 01:30:09.336,1.3827500000000001,1.38267,0.75,2.62
11.08.2021 01:30:10.303,1.3827500000000001,1.38268,0.75,0.75
11.08.2021 01:30:16.330,1.3827600000000002,1.38268,0.75,2.25
11.08.2021 01:30:17.088,1.38273,1.3826500000000002,0.75,1.57
11.08.2021 01:30:17.194,1.38273,1.38267,0.75,0.75
11.08.2021 01:30:17.612,1.38274,1.38266,0.75,2.25
11.08.2021 01:30:17.802,1.3827500000000001,1.38267,0.75,0.75
11.08.2021 01:30:18.159,1.3827600000000002,1.38271,0.75,1.5
11.08.2021 01:30:18.210,1.38279,1.3827,0.75,1.5
11.08.2021 01:30:23.278,1.38277,1.3827,0.75,1.5
11.08.2021 01:30:23.379,1.38278,1.38268,0.75,1.5
11.08.2021 01:30:23.834,1.38277,1.3827,0.75,0.75
11.08.2021 01:30:28.087,1.38279,1.3827200000000002,0.82,0.75
11.08.2021 01:30:28.189,1.3828,1.3827200000000002,1.57,0.75
11.08.2021 01:30:31.481,1.38279,1.3827200000000002,0.1,1.5
11.08.2021 01:30:35.652,1.38278,1.3827200000000002,0.1,0.75
11.08.2021 01:30:38.016,1.3827600000000002,1.38271,0.1,0.75
11.08.2021 01:30:38.118,1.3827600000000002,1.38269,0.1,0.75
11.08.2021 01:30:41.973,1.38278,1.3827,0.1,0.75
11.08.2021 01:30:42.075,1.38279,1.3827,0.82,0.75
11.08.2021 01:30:45.182,1.38278,1.3827200000000002,0.1,0.75
11.08.2021 01:30:45.283,1.3828,1.38271,0.1,0.75
11.08.2021 01:30:46.238,1.38279,1.38273,0.1,0.75
11.08.2021 01:30:52.413,1.38281,1.3827200000000002,0.82,0.75
11.08.2021 01:30:57.370,1.38279,1.38273,0.1,0.75
11.08.2021 01:30:57.798,1.38278,1.38273,0.1,0.75
11.08.2021 01:30:58.260,1.38279,1.38273,0.1,0.75
11.08.2021 01:30:59.143,1.38279,1.3827200000000002,0.1,0.75
11.08.2021 01:31:00.220,1.38279,1.38273,0.1,0.75
11.08.2021 01:31:03.236,1.3828,1.38273,0.1,0.75
11.08.2021 01:31:03.337,1.3828,1.38274,0.1,0.75
11.08.2021 01:31:07.478,1.3828,1.38273,0.1,0.75
11.08.2021 01:31:08.998,1.38279,1.38273,0.1,0.75
11.08.2021 01:31:09.748,1.38279,1.3827200000000002,0.1,0.75
11.08.2021 01:31:09.851,1.38279,1.3827,1.57,0.75
11.08.2021 01:31:10.004,1.38278,1.38269,0.75,0.75
11.08.2021 01:31:12.755,1.38277,1.38268,1.95,0.75
11.08.2021 01:31:17.659,1.38274,1.38264,0.82,0.75
11.08.2021 01:31:17.760,1.38273,1.38266,0.82,0.75
11.08.2021 01:31:17.862,1.38273,1.38264,0.1,0.75
11.08.2021 01:31:17.964,1.38273,1.3826500000000002,0.1,0.75
11.08.2021 01:31:19.103,1.38273,1.38264,0.1,0.75
11.08.2021 01:31:19.971,1.3827200000000002,1.38264,0.1,0.75
11.08.2021 01:31:23.719,1.3827200000000002,1.38266,0.1,0.75
11.08.2021 01:31:23.927,1.3827200000000002,1.3826500000000002,0.1,0.75
11.08.2021 01:31:24.080,1.3827200000000002,1.38266,0.1,0.75
11.08.2021 01:31:27.599,1.38271,1.3826500000000002,0.1,0.75
11.08.2021 01:31:27.801,1.3827200000000002,1.38263,0.1,1.5
11.08.2021 01:31:33.297,1.3827200000000002,1.38264,0.1,0.75
11.08.2021 01:31:36.188,1.3827200000000002,1.38263,0.1,1.5
11.08.2021 01:31:38.157,1.38271,1.3826500000000002,0.1,0.75
11.08.2021 01:31:38.520,1.38271,1.38264,0.1,1.5
11.08.2021 01:31:40.977,1.3827,1.38264,0.1,1.5
11.08.2021 01:31:46.263,1.3827500000000001,1.38269,4.57,0.75
11.08.2021 01:31:46.365,1.38277,1.3827,0.1,2.25
11.08.2021 01:31:47.324,1.38278,1.3827,0.1,0.75
11.08.2021 01:31:47.426,1.3828,1.38273,0.75,0.75
11.08.2021 01:31:48.084,1.3828,1.3827200000000002,1.95,0.75
11.08.2021 01:31:50.267,1.38281,1.3827200000000002,0.75,0.75
11.08.2021 01:31:54.644,1.3828,1.38274,0.75,0.75
11.08.2021 01:31:55.306,1.3828,1.3827500000000001,0.75,0.75
11.08.2021 01:31:59.829,1.38281,1.3827500000000001,0.1,0.75
11.08.2021 01:32:02.450,1.3828200000000002,1.3827500000000001,0.82,0.75
11.08.2021 01:32:18.547,1.38283,1.38273,1.57,1.5
11.08.2021 01:32:19.796,1.38281,1.38274,0.1,1.5
11.08.2021 01:32:25.052,1.38281,1.38273,0.1,1.5
11.08.2021 01:32:26.799,1.38281,1.3827200000000002,0.82,1.5
11.08.2021 01:32:32.972,1.3828,1.38274,0.75,0.75
11.08.2021 01:32:35.879,1.38281,1.3827500000000001,0.1,0.75
11.08.2021 01:32:36.298,1.3828200000000002,1.3827500000000001,1.57,0.75
11.08.2021 01:32:38.090,1.3828200000000002,1.38274,0.1,0.75
11.08.2021 01:32:42.051,1.38281,1.38274,0.1,0.75
11.08.2021 01:32:42.204,1.3828200000000002,1.3827200000000002,0.82,1.5
11.08.2021 01:32:42.254,1.3828,1.3827600000000002,0.1,0.75
11.08.2021 01:32:42.826,1.3828,1.38273,0.1,1.5
11.08.2021 01:32:42.927,1.3828,1.38274,0.1,0.75
11.08.2021 01:32:43.130,1.38281,1.38274,0.1,0.75
11.08.2021 01:32:44.146,1.38281,1.3827500000000001,0.1,0.75
11.08.2021 01:32:47.897,1.3828200000000002,1.3827500000000001,0.1,0.75
11.08.2021 01:32:50.653,1.3828200000000002,1.3827500000000001,0.82,0.75
11.08.2021 01:32:51.365,1.3828200000000002,1.38274,0.1,0.75
11.08.2021 01:33:01.215,1.3828,1.3827500000000001,0.1,0.75
11.08.2021 01:33:02.098,1.3828,1.38274,0.1,0.75
11.08.2021 01:33:06.310,1.38281,1.38274,0.1,0.75
11.08.2021 01:33:06.538,1.38281,1.3827500000000001,0.1,0.75
11.08.2021 01:33:07.182,1.38281,1.3827600000000002,0.1,0.75
11.08.2021 01:33:13.539,1.38283,1.3827500000000001,0.82,0.75
11.08.2021 01:33:18.166,1.3828200000000002,1.3827500000000001,0.82,0.75
11.08.2021 01:33:18.267,1.38283,1.3827500000000001,0.82,0.75
11.08.2021 01:33:31.091,1.38281,1.3827600000000002,0.1,0.75
11.08.2021 01:33:31.211,1.38281,1.3827500000000001,0.1,0.75
11.08.2021 01:33:32.411,1.38283,1.38274,0.82,0.75
11.08.2021 01:33:33.717,1.3828200000000002,1.38274,0.1,0.75
11.08.2021 01:33:33.818,1.38281,1.38274,0.1,0.75
11.08.2021 01:33:33.920,1.3828,1.38274,0.1,0.75
11.08.2021 01:33:45.998,1.3828,1.3827500000000001,0.1,0.75
11.08.2021 01:33:49.083,1.38281,1.3827500000000001,0.82,0.75
11.08.2021 01:33:50.608,1.3828,1.3827500000000001,0.1,0.75
11.08.2021 01:33:55.085,1.38281,1.38277,0.75,0.75
11.08.2021 01:33:58.429,1.3828,1.38273,0.1,0.75
11.08.2021 01:33:59.109,1.38279,1.38273,0.1,0.75
11.08.2021 01:34:00.130,1.3828,1.38274,0.1,0.75
11.08.2021 01:34:00.233,1.38277,1.38273,0.1,0.75
11.08.2021 01:34:02.281,1.3828,1.38271,0.82,0.75
11.08.2021 01:34:03.434,1.38279,1.3827500000000001,0.1,0.75
11.08.2021 01:34:04.019,1.38279,1.3827200000000002,0.1,1.5
11.08.2021 01:34:04.855,1.3828,1.38274,0.1,0.75
11.08.2021 01:34:10.656,1.38279,1.38274,0.1,0.75
11.08.2021 01:34:15.086,1.38278,1.38273,0.1,0.75
11.08.2021 01:34:18.039,1.38277,1.38273,0.1,0.75
11.08.2021 01:34:20.511,1.38277,1.3827200000000002,0.1,0.75
11.08.2021 01:34:21.913,1.38278,1.3827,0.82,0.75
11.08.2021 01:34:22.267,1.38278,1.38271,0.82,0.75
11.08.2021 01:34:22.675,1.38278,1.3827,0.82,0.75
11.08.2021 01:34:23.570,1.38278,1.38274,0.1,0.75
11.08.2021 01:34:23.671,1.38279,1.38274,0.1,0.75
11.08.2021 01:34:31.651,1.3828,1.38274,0.1,1.5
11.08.2021 01:34:31.753,1.38281,1.3827500000000001,0.82,0.75
11.08.2021 01:34:35.239,1.38283,1.3827500000000001,0.1,0.75
11.08.2021 01:34:39.405,1.3828200000000002,1.3827500000000001,0.1,0.75
11.08.2021 01:34:39.966,1.3828200000000002,1.38274,0.1,0.75
11.08.2021 01:34:42.064,1.3828200000000002,1.3827500000000001,0.82,0.75
11.08.2021 01:34:42.350,1.38281,1.3827500000000001,0.1,0.75
11.08.2021 01:34:54.279,1.38283,1.38274,1.57,0.75
11.08.2021 01:35:00.482,1.3828200000000002,1.3827600000000002,0.75,0.75
11.08.2021 01:35:00.689,1.38284,1.3827500000000001,1.95,0.75
11.08.2021 01:35:02.319,1.38284,1.38278,1.12,1.5
11.08.2021 01:35:03.135,1.38287,1.3828,0.1,0.75
11.08.2021 01:35:03.237,1.38289,1.3828200000000002,0.75,0.75
11.08.2021 01:35:04.402,1.38289,1.38281,0.75,0.75
11.08.2021 01:35:04.679,1.3828799999999999,1.38281,0.82,0.75
11.08.2021 01:35:05.410,1.38289,1.38281,0.82,0.75
11.08.2021 01:35:14.891,1.3828799999999999,1.38281,1.57,0.75
11.08.2021 01:35:29.207,1.38289,1.38281,0.82,0.75
11.08.2021 01:35:29.308,1.3829,1.3828200000000002,1.2,0.75
11.08.2021 01:35:29.572,1.38291,1.38283,0.82,0.75
11.08.2021 01:35:30.057,1.3829200000000001,1.38284,0.82,0.75
11.08.2021 01:35:33.190,1.38291,1.38284,0.82,1.5
11.08.2021 01:35:33.292,1.3829,1.38283,1.57,1.5
11.08.2021 01:35:33.725,1.38289,1.3828200000000002,0.1,1.5
11.08.2021 01:35:34.614,1.38287,1.38278,1.12,0.75
11.08.2021 01:35:34.867,1.38287,1.3828,0.82,0.75
11.08.2021 01:35:35.695,1.38287,1.38281,0.82,0.75
11.08.2021 01:35:39.496,1.38287,1.3828,1.57,0.75
11.08.2021 01:35:42.139,1.3828799999999999,1.3828,0.75,0.75
11.08.2021 01:35:44.033,1.38287,1.3828200000000002,0.75,0.75
11.08.2021 01:35:44.135,1.38289,1.38281,0.75,0.75
11.08.2021 01:36:04.802,1.3829,1.38281,1.57,0.75
11.08.2021 01:36:04.904,1.38289,1.38283,0.75,0.75
11.08.2021 01:36:06.664,1.38291,1.3828200000000002,1.57,1.5
11.08.2021 01:36:13.977,1.38289,1.38283,0.82,0.75
11.08.2021 01:36:14.028,1.38289,1.3828,0.1,0.75
11.08.2021 01:36:14.130,1.3828799999999999,1.38279,0.82,0.75
11.08.2021 01:36:17.172,1.38287,1.38279,1.57,0.75
11.08.2021 01:36:18.125,1.3828600000000002,1.38278,0.75,0.75
11.08.2021 01:36:24.955,1.3828799999999999,1.3828,0.75,0.75
11.08.2021 01:36:25.057,1.38289,1.3828,2.14,0.75
11.08.2021 01:36:25.158,1.3828799999999999,1.38279,1.57,0.75
11.08.2021 01:36:25.260,1.38287,1.38279,1.76,0.75
11.08.2021 01:36:26.111,1.3828600000000002,1.38279,0.75,0.75
11.08.2021 01:36:40.698,1.3828500000000001,1.38278,1.5,0.75
