Gmt time,Ask,Bid,AskVolume,BidVolume
16.08.2021 00:00:00.665,1.38638,1.3863100000000002,0.75,2.7
16.08.2021 00:00:00.766,1.3864,1.3863100000000002,0.75,0.64
16.08.2021 00:00:00.867,1.38639,1.38633,0.75,0.1
16.08.2021 00:00:01.019,1.38643,1.38633,0.75,0.1
16.08.2021 00:00:01.122,1.38645,1.38636,0.37,0.19
16.08.2021 00:00:01.735,1.38646,1.38636,0.75,0.1
16.08.2021 00:00:02.406,1.38647,1.38636,0.75,0.1
16.08.2021 00:00:02.508,1.38648,1.38637,1.14,0.1
16.08.2021 00:00:02.761,1.38648,1.38638,1.14,0.1
16.08.2021 00:00:03.015,1.38648,1.38637,1.14,0.1
16.08.2021 00:00:03.420,1.38647,1.38639,1.14,0.1
16.08.2021 00:00:05.539,1.3865,1.38639,1.5,0.1
16.08.2021 00:00:07.514,1.3865,1.3864,1.5,0.1
16.08.2021 00:00:07.616,1.3865100000000001,1.3864,0.75,0.1
16.08.2021 00:00:07.718,1.3865100000000001,1.3864,1.5,0.1
16.08.2021 00:00:07.820,1.3865,1.38639,0.75,0.1
16.08.2021 00:00:08.227,1.3865,1.3864,0.75,0.1
16.08.2021 00:00:08.593,1.3865,1.3864100000000001,0.75,0.1
16.08.2021 00:00:08.893,1.3865,1.3864,0.75,0.1
16.08.2021 00:00:10.125,1.3865200000000002,1.38639,1.5,0.1
16.08.2021 00:00:10.779,1.3865100000000001,1.38639,1.5,0.1
16.08.2021 00:00:10.890,1.3865,1.38639,0.75,0.1
16.08.2021 00:00:11.388,1.3865,1.38638,0.75,0.1
16.08.2021 00:00:11.646,1.3865,1.38639,0.75,0.1
16.08.2021 00:00:12.912,1.3865100000000001,1.38639,0.75,0.1
16.08.2021 00:00:14.853,1.3865,1.3864100000000001,0.75,0.1
16.08.2021 00:00:26.672,1.3865100000000001,1.3864100000000001,0.75,0.1
16.08.2021 00:00:29.357,1.3865200000000002,1.3864100000000001,0.75,0.1
16.08.2021 00:00:30.003,1.38653,1.3864200000000002,1.57,0.1
16.08.2021 00:00:30.105,1.38653,1.3864100000000001,1.5,0.1
16.08.2021 00:00:30.207,1.38653,1.3864200000000002,0.75,0.1
16.08.2021 00:00:31.233,1.38654,1.3864200000000002,1.5,0.1
16.08.2021 00:00:31.335,1.38658,1.38648,0.75,0.1
16.08.2021 00:00:31.436,1.3866,1.38648,0.75,0.1
16.08.2021 00:00:31.833,1.3866,1.38649,1.5,0.1
16.08.2021 00:00:32.188,1.3866100000000001,1.38649,1.5,0.1
16.08.2021 00:00:32.492,1.3866100000000001,1.3865,1.5,0.1
16.08.2021 00:00:32.594,1.3866,1.3865,1.5,0.1
16.08.2021 00:00:33.547,1.3866100000000001,1.38648,1.5,0.1
16.08.2021 00:00:37.543,1.38659,1.38648,0.75,0.1
16.08.2021 00:00:42.746,1.38659,1.38647,0.75,0.1
16.08.2021 00:00:48.933,1.38659,1.38646,0.75,0.45
16.08.2021 00:00:49.419,1.38659,1.38648,1.5,0.1
16.08.2021 00:00:50.242,1.38659,1.38649,1.5,0.1
16.08.2021 00:00:50.760,1.3866,1.3865100000000001,0.75,0.1
16.08.2021 00:00:51.773,1.3866100000000001,1.38649,0.75,0.1
16.08.2021 00:00:52.280,1.3866,1.38648,1.5,0.1
16.08.2021 00:00:52.533,1.38659,1.38648,1.5,0.1
16.08.2021 00:00:52.635,1.38659,1.38647,0.75,0.1
16.08.2021 00:00:52.736,1.3866,1.38648,1.5,0.1
16.08.2021 00:00:52.838,1.38659,1.38648,1.5,0.1
16.08.2021 00:00:53.972,1.3866,1.38648,1.5,0.1
16.08.2021 00:00:54.268,1.38659,1.38648,1.5,0.1
16.08.2021 00:00:56.318,1.3866,1.38648,0.75,0.1
16.08.2021 00:00:56.621,1.38659,1.38648,0.75,0.1
16.08.2021 00:00:57.694,1.38659,1.38649,0.75,0.1
16.08.2021 00:00:58.754,1.3866100000000001,1.3865200000000002,0.75,0.75
16.08.2021 00:00:59.016,1.38659,1.38653,0.75,0.75
16.08.2021 00:01:00.687,1.38658,1.38653,0.75,0.75
16.08.2021 00:01:01.481,1.38658,1.3865200000000002,0.75,0.75
16.08.2021 00:01:01.788,1.38659,1.3865200000000002,0.75,0.75
16.08.2021 00:01:03.011,1.3866,1.3865200000000002,0.75,0.75
16.08.2021 00:01:04.594,1.3866100000000001,1.3865200000000002,0.75,0.75
16.08.2021 00:01:04.747,1.3866100000000001,1.3865100000000001,0.75,0.75
16.08.2021 00:01:04.848,1.3866200000000002,1.3865200000000002,1.95,0.75
16.08.2021 00:01:05.203,1.3866100000000001,1.3865,1.87,0.1
16.08.2021 00:01:05.310,1.3866200000000002,1.38648,1.95,0.82
16.08.2021 00:01:06.921,1.3866,1.38649,0.75,0.82
16.08.2021 00:01:08.441,1.38658,1.38649,0.75,0.75
16.08.2021 00:01:11.607,1.38659,1.38649,0.75,0.75
16.08.2021 00:01:13.064,1.38664,1.38656,0.37,1.69
16.08.2021 00:01:13.115,1.38666,1.38657,0.75,0.37
16.08.2021 00:01:13.217,1.38668,1.38656,1.69,0.37
16.08.2021 00:01:14.145,1.38668,1.38657,1.69,0.45
16.08.2021 00:01:15.134,1.38668,1.38658,1.69,0.1
16.08.2021 00:01:16.606,1.3866500000000002,1.38658,0.75,0.1
16.08.2021 00:01:18.920,1.38666,1.38656,0.75,0.64
16.08.2021 00:01:30.077,1.3866500000000002,1.38658,0.75,0.1
16.08.2021 00:01:31.142,1.3866500000000002,1.38657,0.75,1.01
16.08.2021 00:01:41.424,1.38666,1.38657,0.75,0.1
16.08.2021 00:01:43.277,1.3866500000000002,1.38659,0.75,0.1
16.08.2021 00:01:44.325,1.38666,1.38657,0.75,0.1
16.08.2021 00:01:47.498,1.38668,1.38657,0.75,0.1
16.08.2021 00:01:51.187,1.38668,1.38656,0.75,0.82
16.08.2021 00:01:59.002,1.3866200000000002,1.38656,0.75,1.12
16.08.2021 00:01:59.053,1.3866,1.38653,0.75,0.75
16.08.2021 00:01:59.154,1.38659,1.3865200000000002,1.69,7.5
16.08.2021 00:01:59.256,1.38659,1.3865,1.69,0.75
16.08.2021 00:01:59.307,1.38657,1.3865,0.75,0.75
16.08.2021 00:01:59.455,1.38657,1.38648,0.75,0.82
16.08.2021 00:02:00.061,1.38659,1.38648,1.69,0.45
16.08.2021 00:02:10.584,1.38657,1.38648,0.75,0.45
16.08.2021 00:02:11.609,1.38656,1.38648,0.75,0.45
16.08.2021 00:02:44.010,1.3865100000000001,1.38645,2.44,0.37
16.08.2021 00:02:44.112,1.38647,1.3864400000000001,0.75,8.25
16.08.2021 00:02:44.315,1.38647,1.38639,0.75,0.1
16.08.2021 00:02:46.499,1.38648,1.38639,0.75,0.1
16.08.2021 00:02:46.914,1.38654,1.38647,0.75,0.37
16.08.2021 00:02:47.016,1.3865500000000002,1.38648,0.75,0.1
16.08.2021 00:02:47.118,1.38656,1.38648,0.75,0.1
16.08.2021 00:02:47.219,1.38656,1.38647,0.75,0.1
16.08.2021 00:03:00.068,1.38657,1.38648,0.75,0.45
16.08.2021 00:03:03.681,1.38658,1.38648,0.75,0.1
16.08.2021 00:03:15.857,1.38663,1.38657,0.75,0.19
16.08.2021 00:03:15.908,1.38666,1.38657,0.94,0.37
16.08.2021 00:03:16.010,1.38668,1.38657,1.5,0.1
16.08.2021 00:03:21.785,1.38667,1.38656,0.75,0.1
16.08.2021 00:03:21.887,1.38666,1.38658,0.75,0.45
16.08.2021 00:03:27.740,1.38667,1.38658,0.75,0.1
16.08.2021 00:03:28.342,1.38666,1.38658,0.75,0.45
16.08.2021 00:03:30.257,1.38666,1.38659,0.75,0.1
16.08.2021 00:03:30.544,1.38667,1.38657,0.75,0.45
16.08.2021 00:03:31.083,1.38667,1.38658,0.75,0.1
16.08.2021 00:03:35.986,1.38667,1.38659,0.75,0.1
16.08.2021 00:03:37.765,1.38666,1.38659,0.75,0.1
16.08.2021 00:03:41.435,1.38668,1.38658,1.5,0.1
16.08.2021 00:03:41.839,1.38667,1.3866,1.5,0.1
16.08.2021 00:03:42.183,1.38668,1.3866,1.5,0.1
16.08.2021 00:03:47.094,1.38668,1.38659,0.75,0.1
16.08.2021 00:03:55.295,1.38666,1.38658,1.5,0.1
16.08.2021 00:03:55.397,1.38666,1.38659,0.75,0.1
16.08.2021 00:03:55.844,1.38666,1.3866,0.75,0.1
16.08.2021 00:03:58.895,1.38668,1.3866,0.75,0.1
16.08.2021 00:04:01.933,1.38667,1.3866,0.75,0.1
16.08.2021 00:04:02.906,1.38668,1.3866200000000002,0.75,0.94
16.08.2021 00:04:02.957,1.3867500000000001,1.38668,2.76,0.37
16.08.2021 00:04:03.059,1.38678,1.38669,1.5,0.1
16.08.2021 00:04:03.565,1.38679,1.38669,1.5,0.1
16.08.2021 00:04:03.667,1.38679,1.38671,0.75,0.1
16.08.2021 00:04:03.820,1.3868,1.38669,0.75,0.1
16.08.2021 00:04:03.928,1.38678,1.38671,0.75,0.1
16.08.2021 00:04:05.355,1.38678,1.3867,1.5,0.1
16.08.2021 00:04:05.456,1.38678,1.38669,1.5,0.1
16.08.2021 00:04:05.862,1.38679,1.38669,0.75,0.1
16.08.2021 00:04:05.963,1.38676,1.38666,0.75,0.1
16.08.2021 00:04:06.065,1.3867200000000002,1.3866500000000002,0.75,0.82
16.08.2021 00:04:06.167,1.38669,1.38659,0.75,0.1
16.08.2021 00:04:06.369,1.38668,1.38659,0.75,0.1
16.08.2021 00:04:07.884,1.38668,1.38658,0.75,0.1
16.08.2021 00:04:08.292,1.38667,1.38658,1.5,0.1
16.08.2021 00:04:08.546,1.38667,1.38657,1.5,0.45
16.08.2021 00:04:08.658,1.3866500000000002,1.38657,0.75,0.45
16.08.2021 00:04:09.067,1.3866500000000002,1.38658,1.5,0.45
16.08.2021 00:04:09.536,1.3866500000000002,1.38656,0.75,0.1
16.08.2021 00:04:09.638,1.38659,1.3865200000000002,1.5,0.45
16.08.2021 00:04:09.739,1.38659,1.3865,0.75,0.1
16.08.2021 00:04:10.387,1.38658,1.3865,1.5,1.2
16.08.2021 00:04:10.912,1.38658,1.38649,0.75,1.2
16.08.2021 00:04:18.351,1.38654,1.38649,0.75,0.37
16.08.2021 00:04:18.453,1.38654,1.38648,0.75,0.45
16.08.2021 00:04:19.009,1.3865500000000002,1.38649,0.75,0.1
16.08.2021 00:04:30.085,1.38653,1.38648,0.75,0.45
16.08.2021 00:04:30.187,1.38653,1.38649,0.75,0.1
16.08.2021 00:04:30.542,1.3865500000000002,1.38649,1.5,0.1
16.08.2021 00:04:40.845,1.38657,1.38648,0.75,0.1
16.08.2021 00:04:41.609,1.38656,1.38648,0.75,0.45
16.08.2021 00:04:42.952,1.3865500000000002,1.38646,0.75,0.45
16.08.2021 00:04:43.003,1.38656,1.38648,0.75,0.37
16.08.2021 00:05:01.289,1.38654,1.38648,0.75,0.75
16.08.2021 00:05:01.782,1.3865500000000002,1.38648,0.75,0.37
16.08.2021 00:05:02.913,1.38654,1.38648,0.75,0.37
16.08.2021 00:05:03.511,1.38656,1.38646,0.75,0.1
16.08.2021 00:05:08.164,1.3865200000000002,1.38646,0.75,0.37
16.08.2021 00:05:08.215,1.3865,1.3864100000000001,0.75,3.82
16.08.2021 00:05:08.266,1.38647,1.3864,1.5,7.5
16.08.2021 00:05:08.367,1.38646,1.3864,0.75,7.5
16.08.2021 00:05:08.418,1.38646,1.38638,0.75,1.2
16.08.2021 00:05:22.207,1.38646,1.38643,0.75,0.75
16.08.2021 00:05:23.797,1.38648,1.3864200000000002,0.75,0.75
16.08.2021 00:05:35.972,1.3865200000000002,1.38646,0.75,0.75
16.08.2021 00:05:36.023,1.3865500000000002,1.38648,0.75,0.37
16.08.2021 00:05:36.075,1.3865500000000002,1.3865100000000001,0.75,0.75
16.08.2021 00:05:36.623,1.38656,1.3865100000000001,0.75,0.75
16.08.2021 00:05:37.991,1.38656,1.3865200000000002,0.75,0.75
16.08.2021 00:05:46.192,1.38656,1.3865100000000001,0.75,0.75
16.08.2021 00:05:46.297,1.38656,1.3865,0.75,0.75
16.08.2021 00:05:50.321,1.3865500000000002,1.38648,0.75,0.45
16.08.2021 00:05:50.437,1.38654,1.38648,0.75,0.45
16.08.2021 00:05:50.642,1.38648,1.38643,0.75,0.1
16.08.2021 00:05:50.745,1.38647,1.3864,0.75,0.1
16.08.2021 00:05:51.313,1.38647,1.38639,0.75,0.1
16.08.2021 00:05:56.674,1.38646,1.38639,0.75,0.1
16.08.2021 00:06:05.755,1.38647,1.38639,0.75,0.1
16.08.2021 00:06:08.321,1.38648,1.38639,0.75,0.1
16.08.2021 00:06:17.163,1.38647,1.38639,0.75,0.1
16.08.2021 00:06:28.104,1.38648,1.38639,0.75,0.1
16.08.2021 00:06:28.469,1.38648,1.38638,0.75,0.1
16.08.2021 00:06:28.736,1.38646,1.38639,0.75,0.1
16.08.2021 00:06:35.634,1.38646,1.38637,0.75,0.45
16.08.2021 00:06:35.745,1.38645,1.38637,0.75,0.45
16.08.2021 00:06:37.287,1.38646,1.38637,0.75,0.45
16.08.2021 00:06:41.765,1.38647,1.38638,0.75,0.1
16.08.2021 00:06:42.985,1.38648,1.3864,0.75,0.1
16.08.2021 00:06:46.285,1.38647,1.3864,0.75,0.45
16.08.2021 00:06:46.993,1.38647,1.38636,0.75,2.32
16.08.2021 00:06:57.109,1.38646,1.38638,0.75,0.75
16.08.2021 00:07:00.233,1.38643,1.38637,0.75,0.37
16.08.2021 00:07:00.284,1.3864400000000001,1.3863400000000001,0.75,0.37
16.08.2021 00:07:00.386,1.3864100000000001,1.3863100000000002,0.75,0.82
16.08.2021 00:07:00.487,1.38639,1.3863,0.75,0.82
16.08.2021 00:07:00.589,1.38639,1.3863,0.75,0.1
16.08.2021 00:07:00.947,1.38637,1.3863,0.75,0.1
16.08.2021 00:07:02.049,1.38637,1.38629,0.75,1.2
16.08.2021 00:07:02.151,1.38637,1.38628,0.75,1.2
16.08.2021 00:07:07.222,1.38636,1.3863,0.75,0.1
16.08.2021 00:07:07.323,1.38636,1.38629,0.75,0.1
16.08.2021 00:07:08.119,1.38635,1.38628,0.75,0.1
16.08.2021 00:07:08.220,1.3863400000000001,1.38625,0.75,0.1
16.08.2021 00:07:08.322,1.38629,1.38623,0.75,0.1
16.08.2021 00:07:08.373,1.38629,1.3862,0.75,0.1
16.08.2021 00:07:08.474,1.38628,1.3862,0.75,0.1
16.08.2021 00:07:10.875,1.38629,1.3862,0.75,0.1
16.08.2021 00:07:10.976,1.3862700000000001,1.3862100000000002,0.75,0.1
16.08.2021 00:07:13.977,1.38628,1.3862,0.75,0.1
16.08.2021 00:07:14.078,1.38628,1.38619,0.75,0.1
16.08.2021 00:07:14.179,1.38628,1.3862,0.75,0.1
16.08.2021 00:07:15.256,1.38628,1.38619,0.75,0.1
16.08.2021 00:07:24.957,1.38628,1.38618,0.75,1.95
16.08.2021 00:07:33.165,1.3862700000000001,1.38618,0.75,0.82
16.08.2021 00:07:33.419,1.38625,1.38615,0.75,0.1
16.08.2021 00:07:33.520,1.3862400000000001,1.3861200000000002,0.94,0.1
16.08.2021 00:07:33.571,1.3862,1.38609,0.75,8.7
16.08.2021 00:07:33.673,1.38618,1.38609,0.75,0.1
16.08.2021 00:07:36.668,1.38618,1.3861200000000002,0.75,0.75
16.08.2021 00:07:37.615,1.38619,1.3861200000000002,0.75,0.75
16.08.2021 00:07:38.111,1.38618,1.38614,0.75,0.75
16.08.2021 00:07:38.162,1.3862200000000002,1.38619,0.75,0.75
16.08.2021 00:07:38.263,1.38625,1.3862,0.75,0.75
16.08.2021 00:07:47.287,1.38625,1.3862200000000002,0.75,0.75
16.08.2021 00:07:47.439,1.3862400000000001,1.38618,0.75,0.45
16.08.2021 00:07:48.211,1.38626,1.3862200000000002,0.75,1.5
16.08.2021 00:07:48.262,1.38629,1.38625,0.75,0.75
16.08.2021 00:07:48.313,1.38629,1.38623,0.75,0.75
16.08.2021 00:07:48.364,1.3862700000000001,1.38623,0.75,0.75
16.08.2021 00:07:52.479,1.38628,1.38623,0.75,0.75
16.08.2021 00:08:00.021,1.3863400000000001,1.38625,0.75,1.5
16.08.2021 00:08:00.072,1.38636,1.38629,0.75,0.75
16.08.2021 00:08:00.174,1.38633,1.3862700000000001,0.75,0.75
16.08.2021 00:08:02.535,1.38633,1.38625,0.75,0.75
16.08.2021 00:08:15.593,1.38629,1.3862100000000002,0.75,0.75
16.08.2021 00:08:15.694,1.3862700000000001,1.3862200000000002,0.75,0.75
16.08.2021 00:08:30.365,1.38628,1.3861700000000001,0.75,0.82
16.08.2021 00:08:41.259,1.38625,1.38616,0.94,0.82
16.08.2021 00:08:41.310,1.3862,1.3861200000000002,0.75,0.45
16.08.2021 00:08:41.411,1.38619,1.3861100000000002,1.5,0.1
16.08.2021 00:08:41.513,1.3862,1.38609,1.5,0.1
16.08.2021 00:08:41.614,1.38618,1.3861,0.75,0.1
16.08.2021 00:08:42.011,1.38619,1.3861,0.75,0.1
16.08.2021 00:08:42.669,1.38618,1.3861,1.5,0.1
16.08.2021 00:08:47.524,1.38618,1.38609,1.5,0.1
16.08.2021 00:08:47.726,1.38619,1.38609,1.5,0.1
16.08.2021 00:08:47.879,1.38619,1.38608,1.5,0.1
16.08.2021 00:08:50.239,1.38618,1.3861,1.5,0.1
16.08.2021 00:08:52.614,1.3861700000000001,1.3861,0.75,0.1
16.08.2021 00:08:56.269,1.38618,1.3861,1.5,0.1
16.08.2021 00:08:57.385,1.3861700000000001,1.3861,0.75,0.1
16.08.2021 00:09:03.752,1.3861700000000001,1.38609,0.75,0.1
16.08.2021 00:09:05.711,1.38615,1.38608,0.75,0.1
16.08.2021 00:09:12.626,1.38614,1.3860700000000001,0.75,0.75
16.08.2021 00:09:14.848,1.38613,1.3860700000000001,0.75,0.1
16.08.2021 00:09:15.484,1.38613,1.38608,0.75,0.1
16.08.2021 00:09:15.585,1.3861200000000002,1.38608,0.75,0.1
16.08.2021 00:09:16.379,1.38613,1.38608,0.75,0.75
16.08.2021 00:09:16.480,1.38613,1.38609,0.75,0.75
16.08.2021 00:09:18.918,1.38614,1.38609,0.75,0.75
16.08.2021 00:09:23.704,1.38614,1.38608,0.75,0.1
16.08.2021 00:09:23.806,1.38613,1.38608,0.75,0.82
16.08.2021 00:09:26.759,1.38613,1.3860700000000001,0.75,0.75
16.08.2021 00:09:27.583,1.3861200000000002,1.38606,0.75,0.75
16.08.2021 00:09:27.634,1.3861100000000002,1.38604,0.75,0.1
16.08.2021 00:09:27.685,1.38609,1.38603,0.75,1.2
16.08.2021 00:09:27.787,1.38606,1.3860100000000002,0.75,0.37
16.08.2021 00:09:27.990,1.3860700000000001,1.38599,0.75,0.82
16.08.2021 00:09:29.517,1.3860700000000001,1.3860000000000001,0.75,0.75
16.08.2021 00:09:34.199,1.38606,1.38599,0.75,1.2
16.08.2021 00:09:39.453,1.38606,1.38599,0.75,0.1
16.08.2021 00:09:39.813,1.38606,1.3860100000000002,0.75,0.75
16.08.2021 00:09:41.162,1.38605,1.3860000000000001,0.75,0.1
16.08.2021 00:09:44.418,1.38606,1.38598,0.75,1.2
16.08.2021 00:09:48.888,1.3860700000000001,1.38598,0.75,1.2
16.08.2021 00:10:01.191,1.38606,1.3860000000000001,0.75,0.1
16.08.2021 00:10:01.496,1.3860700000000001,1.38598,0.75,0.45
16.08.2021 00:10:06.319,1.3861100000000002,1.38603,0.75,0.75
16.08.2021 00:10:06.421,1.3861,1.38603,0.75,0.1
16.08.2021 00:10:09.017,1.38614,1.38606,0.75,1.95
16.08.2021 00:10:09.118,1.38614,1.3860700000000001,0.75,0.82
16.08.2021 00:10:09.320,1.38614,1.38608,0.75,0.1
16.08.2021 00:10:09.690,1.38616,1.3860700000000001,0.75,0.1
16.08.2021 00:10:09.953,1.38615,1.38609,0.75,0.1
16.08.2021 00:10:22.025,1.38616,1.3860700000000001,0.75,0.82
16.08.2021 00:10:22.443,1.3861700000000001,1.3860700000000001,0.75,0.82
16.08.2021 00:10:23.268,1.38616,1.38609,0.75,0.1
16.08.2021 00:11:00.281,1.38616,1.3861,0.75,0.1
16.08.2021 00:11:06.484,1.3862,1.38613,0.75,0.75
16.08.2021 00:11:06.586,1.3862,1.3861200000000002,0.75,0.1
16.08.2021 00:11:11.507,1.38619,1.38608,0.75,1.95
16.08.2021 00:11:11.710,1.3861700000000001,1.38608,0.75,1.2
16.08.2021 00:11:18.956,1.38616,1.38608,0.75,1.2
16.08.2021 00:11:19.232,1.3861700000000001,1.38608,0.75,0.1
16.08.2021 00:11:28.543,1.38618,1.38608,1.5,0.1
16.08.2021 00:12:02.365,1.38618,1.3860700000000001,1.5,0.82
16.08.2021 00:12:03.119,1.3861,1.38605,0.75,0.37
16.08.2021 00:12:03.170,1.38608,1.38602,1.5,7.5
16.08.2021 00:12:03.271,1.38608,1.3860100000000002,0.75,7.5
16.08.2021 00:12:03.323,1.38608,1.3859700000000001,0.75,1.2
16.08.2021 00:12:07.615,1.3860700000000001,1.3859700000000001,0.75,0.37
16.08.2021 00:12:21.114,1.3860700000000001,1.38598,0.75,0.75
16.08.2021 00:13:35.197,1.38603,1.38594,0.94,1.12
16.08.2021 00:13:35.248,1.3860000000000001,1.3859000000000001,1.5,15.62
16.08.2021 00:13:35.452,1.3860000000000001,1.38588,1.5,0.37
16.08.2021 00:13:35.757,1.38598,1.38589,0.75,0.37
16.08.2021 00:13:51.655,1.38598,1.38588,0.75,0.37
16.08.2021 00:13:58.660,1.38599,1.38588,0.75,0.37
16.08.2021 00:13:59.408,1.3859700000000001,1.38589,0.75,0.37
16.08.2021 00:14:00.944,1.38599,1.38588,0.75,0.37
16.08.2021 00:14:02.227,1.3859700000000001,1.38589,0.75,0.37
16.08.2021 00:14:07.250,1.38599,1.38588,0.75,1.87
16.08.2021 00:14:08.570,1.38599,1.3859100000000002,0.75,0.75
16.08.2021 00:14:09.809,1.38603,1.38596,0.37,1.87
16.08.2021 00:14:09.861,1.38605,1.3860100000000002,0.75,0.75
16.08.2021 00:14:09.963,1.3860700000000001,1.3860100000000002,0.75,0.75
16.08.2021 00:14:11.483,1.3860700000000001,1.3860000000000001,0.75,0.75
16.08.2021 00:14:14.721,1.38608,1.3860000000000001,0.75,0.75
16.08.2021 00:14:19.695,1.3860700000000001,1.38598,0.75,0.37
16.08.2021 00:14:33.349,1.38604,1.3859700000000001,0.75,0.37
16.08.2021 00:14:33.400,1.38603,1.3859299999999999,1.5,0.75
16.08.2021 00:14:33.451,1.38598,1.38594,0.75,0.75
16.08.2021 00:14:33.502,1.38599,1.38589,1.5,0.75
16.08.2021 00:14:33.553,1.38598,1.38588,1.5,2.32
16.08.2021 00:14:36.743,1.38598,1.38589,0.75,0.75
16.08.2021 00:14:43.490,1.38598,1.38588,0.75,0.37
16.08.2021 00:14:57.840,1.3860000000000001,1.3858700000000002,0.75,1.95
16.08.2021 00:15:00.383,1.3860000000000001,1.38588,0.75,0.37
16.08.2021 00:15:00.485,1.3860000000000001,1.38589,0.75,0.37
16.08.2021 00:15:05.914,1.38599,1.3859299999999999,0.75,0.37
16.08.2021 00:15:06.015,1.3860700000000001,1.38598,0.75,0.37
16.08.2021 00:15:06.117,1.38609,1.3859700000000001,0.75,1.28
16.08.2021 00:15:06.219,1.38609,1.38599,0.75,0.82
16.08.2021 00:15:06.421,1.3861,1.3860000000000001,0.75,0.75
16.08.2021 00:15:07.164,1.3861100000000002,1.3860000000000001,0.82,0.75
16.08.2021 00:15:09.857,1.3861,1.3860000000000001,0.75,0.75
16.08.2021 00:15:09.909,1.3861,1.38598,0.82,0.75
16.08.2021 00:15:10.063,1.38609,1.38598,0.1,0.75
16.08.2021 00:15:12.454,1.38609,1.38599,0.82,0.75
16.08.2021 00:15:23.865,1.38604,1.38595,0.1,3
16.08.2021 00:15:23.916,1.38602,1.3859100000000002,1.57,1.5
16.08.2021 00:15:23.968,1.3860000000000001,1.3859000000000001,0.75,14.87
16.08.2021 00:15:24.122,1.3860000000000001,1.38589,0.75,0.37
16.08.2021 00:15:24.224,1.3860000000000001,1.38588,0.75,1.87
16.08.2021 00:15:30.121,1.38592,1.38584,2.62,1.12
16.08.2021 00:15:30.222,1.38588,1.3858000000000001,0.75,1.2
16.08.2021 00:15:30.324,1.3858700000000002,1.3858000000000001,0.75,0.75
16.08.2021 00:15:30.779,1.3858700000000002,1.38579,0.75,0.75
16.08.2021 00:15:32.578,1.38586,1.38579,0.75,0.75
16.08.2021 00:15:34.193,1.3858700000000002,1.3857700000000002,0.75,1.12
16.08.2021 00:15:34.345,1.38586,1.3857700000000002,0.82,0.75
16.08.2021 00:15:34.447,1.38583,1.3857700000000002,0.75,0.75
16.08.2021 00:15:34.549,1.3858000000000001,1.38574,0.75,0.75
16.08.2021 00:15:34.652,1.3858100000000002,1.38575,1.12,0.75
16.08.2021 00:15:34.754,1.3857700000000002,1.3857000000000002,0.75,2.32
16.08.2021 00:15:37.280,1.38578,1.3857000000000002,0.75,1.87
16.08.2021 00:15:37.754,1.38579,1.3857000000000002,0.75,0.75
16.08.2021 00:15:37.957,1.38579,1.38572,0.75,0.75
16.08.2021 00:15:38.159,1.3858000000000001,1.38572,0.75,0.75
16.08.2021 00:15:39.424,1.38578,1.3857000000000002,0.75,1.95
16.08.2021 00:15:39.576,1.38578,1.38571,0.75,0.75
16.08.2021 00:15:39.678,1.38578,1.3857000000000002,0.75,0.75
16.08.2021 00:15:39.779,1.38578,1.38571,0.75,0.75
16.08.2021 00:15:39.881,1.38578,1.38569,0.75,2.62
16.08.2021 00:15:43.916,1.38578,1.3857000000000002,0.75,0.75
16.08.2021 00:15:44.237,1.3858100000000002,1.38571,0.82,0.75
16.08.2021 00:15:44.340,1.3858000000000001,1.38571,0.75,0.75
16.08.2021 00:15:44.834,1.3858100000000002,1.38571,0.82,0.75
16.08.2021 00:15:45.510,1.38582,1.38572,0.75,0.75
16.08.2021 00:15:45.924,1.38585,1.38572,1.57,1.5
16.08.2021 00:15:48.921,1.38588,1.38578,1.57,0.75
16.08.2021 00:15:49.023,1.38589,1.38578,1.57,0.75
16.08.2021 00:15:52.067,1.3859100000000002,1.38578,1.57,0.75
16.08.2021 00:15:56.255,1.3859000000000001,1.3858000000000001,0.82,0.1
16.08.2021 00:15:59.287,1.3859100000000002,1.38578,0.82,1.2
16.08.2021 00:16:01.433,1.38588,1.38579,0.75,1.2
16.08.2021 00:16:01.716,1.3859000000000001,1.38579,0.82,1.95
16.08.2021 00:16:02.500,1.3859100000000002,1.38579,0.82,0.75
16.08.2021 00:16:04.403,1.3859100000000002,1.3858000000000001,1.95,0.82
16.08.2021 00:16:04.504,1.3859100000000002,1.38579,0.1,0.75
16.08.2021 00:16:14.117,1.38589,1.3858000000000001,0.75,0.1
16.08.2021 00:16:25.169,1.3859000000000001,1.3858000000000001,0.75,0.1
16.08.2021 00:16:25.270,1.38589,1.3858000000000001,0.75,0.1
16.08.2021 00:16:25.782,1.3859100000000002,1.3858100000000002,0.82,0.75
16.08.2021 00:16:26.939,1.3859100000000002,1.38582,0.26,0.75
16.08.2021 00:16:28.488,1.38592,1.38582,0.26,0.75
16.08.2021 00:16:28.589,1.38594,1.38584,0.1,0.75
16.08.2021 00:16:28.640,1.38596,1.38584,1.95,0.75
16.08.2021 00:16:30.498,1.38594,1.38585,0.94,0.75
16.08.2021 00:16:30.549,1.38592,1.38584,0.1,0.75
16.08.2021 00:16:30.702,1.3859100000000002,1.38584,0.1,0.75
16.08.2021 00:16:33.252,1.3859299999999999,1.38585,0.1,0.75
16.08.2021 00:16:33.303,1.38594,1.3858700000000002,0.1,0.75
16.08.2021 00:16:35.735,1.38599,1.38589,0.82,0.75
16.08.2021 00:16:35.836,1.38598,1.3859100000000002,0.75,0.75
16.08.2021 00:16:35.938,1.3860000000000001,1.3859000000000001,0.26,0.75
16.08.2021 00:16:36.866,1.3860100000000002,1.3859000000000001,1.01,0.75
16.08.2021 00:16:37.731,1.38599,1.3859100000000002,0.75,0.75
16.08.2021 00:16:38.284,1.38598,1.3859100000000002,0.75,0.75
16.08.2021 00:16:40.613,1.38598,1.38592,0.75,0.75
16.08.2021 00:16:42.149,1.3860000000000001,1.38592,1.01,0.75
16.08.2021 00:16:51.516,1.3860100000000002,1.3859000000000001,0.19,0.75
16.08.2021 00:17:02.005,1.3860100000000002,1.3859100000000002,1.95,0.75
16.08.2021 00:17:03.216,1.38602,1.3859100000000002,0.37,0.75
16.08.2021 00:17:07.715,1.3860100000000002,1.3859100000000002,0.37,1.57
16.08.2021 00:17:14.341,1.38603,1.3859100000000002,1.57,0.75
16.08.2021 00:17:17.873,1.38602,1.3859100000000002,0.45,0.75
16.08.2021 00:17:49.797,1.3860100000000002,1.3859100000000002,0.19,0.75
16.08.2021 00:17:49.949,1.3860100000000002,1.3859000000000001,0.37,0.75
16.08.2021 00:17:59.486,1.38598,1.3859000000000001,0.19,0.75
16.08.2021 00:17:59.589,1.38596,1.38588,0.19,0.75
16.08.2021 00:17:59.691,1.38598,1.38588,1.5,0.75
16.08.2021 00:18:06.483,1.38596,1.38588,0.19,0.75
16.08.2021 00:18:06.585,1.38596,1.38585,0.94,0.75
16.08.2021 00:18:08.314,1.38595,1.38585,0.75,0.75
16.08.2021 00:18:12.805,1.3859299999999999,1.38583,0.94,0.82
16.08.2021 00:18:12.907,1.3859299999999999,1.38582,0.19,0.75
16.08.2021 00:18:15.562,1.3859299999999999,1.38584,0.19,0.75
16.08.2021 00:18:15.765,1.38594,1.38584,0.56,0.75
16.08.2021 00:18:27.107,1.3859700000000001,1.38588,0.75,0.75
16.08.2021 00:18:27.209,1.38598,1.38588,1.31,1.5
16.08.2021 00:18:27.310,1.38598,1.38589,1.31,0.75
16.08.2021 00:18:31.649,1.38598,1.3859000000000001,0.75,0.75
16.08.2021 00:18:41.422,1.38599,1.3859000000000001,1.12,0.75
16.08.2021 00:18:41.524,1.38602,1.3859100000000002,1.87,0.75
16.08.2021 00:18:53.587,1.3860000000000001,1.38592,0.19,0.75
16.08.2021 00:19:01.615,1.3860100000000002,1.3859000000000001,0.19,0.75
16.08.2021 00:19:05.566,1.3860100000000002,1.3859100000000002,0.94,0.75
16.08.2021 00:19:05.718,1.38602,1.38592,0.19,0.75
16.08.2021 00:19:05.833,1.38603,1.38592,0.19,0.75
16.08.2021 00:19:21.525,1.38603,1.3859299999999999,0.19,1.5
16.08.2021 00:19:28.453,1.38603,1.38594,0.19,0.75
16.08.2021 00:19:29.196,1.38603,1.38595,0.19,0.75
16.08.2021 00:19:29.601,1.38606,1.38598,1.31,0.75
16.08.2021 00:19:29.703,1.3861,1.3860000000000001,0.19,0.75
16.08.2021 00:19:29.804,1.38609,1.38603,0.19,0.75
16.08.2021 00:19:32.211,1.3861,1.3860100000000002,0.19,0.75
16.08.2021 00:19:32.363,1.38608,1.38602,0.19,0.75
16.08.2021 00:19:37.222,1.38608,1.3860000000000001,0.19,0.75
16.08.2021 00:19:38.250,1.38608,1.38598,0.75,0.75
16.08.2021 00:19:42.423,1.3860700000000001,1.3860100000000002,0.75,0.75
16.08.2021 00:19:42.474,1.3861,1.3860000000000001,0.75,0.75
16.08.2021 00:19:48.285,1.3861,1.3860100000000002,0.94,0.75
16.08.2021 00:19:52.192,1.3861100000000002,1.3860100000000002,0.19,0.75
16.08.2021 00:19:55.447,1.3861100000000002,1.38602,0.19,0.94
16.08.2021 00:19:55.498,1.38616,1.38605,0.94,1.5
16.08.2021 00:19:55.600,1.38614,1.38606,0.19,0.75
16.08.2021 00:19:55.702,1.38614,1.38605,0.19,1.5
16.08.2021 00:19:58.038,1.38613,1.38606,0.56,0.75
16.08.2021 00:19:58.090,1.3861200000000002,1.38603,0.19,0.75
16.08.2021 00:19:58.193,1.3861100000000002,1.38602,0.19,1.5
16.08.2021 00:19:58.863,1.38615,1.3860700000000001,0.37,0.75
16.08.2021 00:19:58.964,1.38615,1.38605,0.19,1.5
16.08.2021 00:20:00.518,1.38616,1.38608,0.19,1.5
16.08.2021 00:20:00.676,1.3861700000000001,1.38608,0.19,0.75
16.08.2021 00:20:06.482,1.38616,1.38608,0.19,0.75
16.08.2021 00:20:06.534,1.38615,1.38606,0.19,0.75
16.08.2021 00:20:06.737,1.38614,1.38606,0.37,0.75
16.08.2021 00:20:06.788,1.38614,1.38604,0.37,1.5
16.08.2021 00:20:09.845,1.38614,1.38603,1.12,1.5
16.08.2021 00:20:09.897,1.3861,1.38603,0.19,0.75
16.08.2021 00:20:09.998,1.3861,1.38602,0.19,0.75
16.08.2021 00:20:13.662,1.3861,1.3860100000000002,0.19,1.5
16.08.2021 00:21:09.948,1.3861200000000002,1.3860000000000001,0.19,1.5
16.08.2021 00:21:13.613,1.3861200000000002,1.3860100000000002,3.37,1.5
16.08.2021 00:21:19.707,1.3861200000000002,1.38602,2.62,0.75
16.08.2021 00:21:35.269,1.3861,1.3860100000000002,0.19,0.75
16.08.2021 00:21:58.073,1.3861100000000002,1.3860100000000002,1.01,0.75
16.08.2021 00:22:02.869,1.38609,1.38602,0.19,0.75
16.08.2021 00:22:13.493,1.3861100000000002,1.3860100000000002,0.26,0.75
16.08.2021 00:22:46.815,1.38609,1.38602,0.19,0.75
16.08.2021 00:23:09.827,1.38608,1.38602,0.75,0.75
16.08.2021 00:23:09.878,1.38602,1.38596,0.19,3.37
16.08.2021 00:23:09.980,1.38603,1.3859299999999999,0.19,8.25
16.08.2021 00:23:10.081,1.3860100000000002,1.38594,0.19,8.25
16.08.2021 00:23:12.149,1.38602,1.38592,0.19,0.75
16.08.2021 00:23:16.512,1.38602,1.3859299999999999,0.19,0.75
16.08.2021 00:23:16.564,1.38606,1.3860000000000001,0.56,0.75
16.08.2021 00:23:16.614,1.38606,1.38598,0.19,1.5
16.08.2021 00:23:32.372,1.38609,1.3860000000000001,0.19,0.75
16.08.2021 00:23:32.474,1.38609,1.3860100000000002,0.19,1.5
16.08.2021 00:23:32.781,1.38609,1.38602,0.19,0.75
16.08.2021 00:23:40.797,1.38609,1.3860100000000002,0.19,1.5
16.08.2021 00:23:44.527,1.38605,1.3860000000000001,0.37,0.75
16.08.2021 00:23:44.579,1.38605,1.38598,0.37,0.75
16.08.2021 00:23:46.345,1.38604,1.38596,0.19,0.75
16.08.2021 00:24:05.109,1.38602,1.3859100000000002,1.69,0.75
16.08.2021 00:24:05.211,1.3860100000000002,1.3859100000000002,0.75,0.75
16.08.2021 00:24:12.142,1.38602,1.38592,0.94,0.75
16.08.2021 00:24:12.496,1.38602,1.3859299999999999,0.94,0.75
16.08.2021 00:24:17.842,1.38602,1.38595,0.75,0.75
16.08.2021 00:24:17.944,1.38604,1.38594,0.19,0.75
16.08.2021 00:24:21.338,1.38602,1.38595,0.94,0.75
16.08.2021 00:24:21.390,1.38602,1.3859299999999999,0.94,0.75
16.08.2021 00:24:21.491,1.3860100000000002,1.3859299999999999,0.19,0.75
16.08.2021 00:24:42.933,1.3860100000000002,1.38592,0.19,0.75
16.08.2021 00:24:46.615,1.3860100000000002,1.3859100000000002,0.19,1.5
16.08.2021 00:24:59.367,1.3860100000000002,1.3859000000000001,0.19,1.57
16.08.2021 00:25:03.621,1.3860100000000002,1.38589,1.5,1.5
16.08.2021 00:25:03.722,1.3860000000000001,1.38589,0.19,0.75
16.08.2021 00:25:03.824,1.38599,1.38588,0.75,0.75
16.08.2021 00:25:04.319,1.38599,1.38589,1.69,0.75
16.08.2021 00:25:13.900,1.3860000000000001,1.38589,0.94,0.75
16.08.2021 00:25:55.156,1.3860000000000001,1.38588,1.69,0.1
16.08.2021 00:25:58.606,1.3860000000000001,1.38589,0.75,0.75
16.08.2021 00:25:58.759,1.3860000000000001,1.3859000000000001,1.69,0.75
16.08.2021 00:26:04.534,1.3860000000000001,1.38589,0.19,0.75
16.08.2021 00:26:58.909,1.3860000000000001,1.3859000000000001,1.69,0.75
16.08.2021 00:27:42.613,1.3860000000000001,1.3859100000000002,0.94,0.75
16.08.2021 00:27:53.997,1.38598,1.3859100000000002,0.75,0.75
16.08.2021 00:28:00.242,1.38598,1.3859000000000001,0.75,0.75
16.08.2021 00:28:29.275,1.38599,1.3859000000000001,0.75,0.82
16.08.2021 00:29:01.625,1.3860000000000001,1.3859100000000002,0.94,0.75
16.08.2021 00:29:48.246,1.38599,1.3859100000000002,0.19,0.75
16.08.2021 00:29:48.535,1.38602,1.3859000000000001,0.19,1.5
16.08.2021 00:29:48.687,1.38602,1.3859100000000002,0.19,0.75
16.08.2021 00:30:01.087,1.3860100000000002,1.3859100000000002,0.19,0.75
16.08.2021 00:30:01.240,1.3860000000000001,1.3859100000000002,0.19,0.75
16.08.2021 00:30:04.841,1.3860000000000001,1.3859000000000001,0.19,0.75
16.08.2021 00:30:26.333,1.3860100000000002,1.3859000000000001,0.26,1.5
16.08.2021 00:30:44.388,1.3860100000000002,1.3859100000000002,0.19,0.75
16.08.2021 00:30:45.174,1.38602,1.3859100000000002,1.2,0.75
16.08.2021 00:30:46.188,1.3860100000000002,1.3859100000000002,0.19,0.75
16.08.2021 00:30:46.853,1.3860100000000002,1.3859000000000001,0.37,1.5
16.08.2021 00:30:55.355,1.38592,1.38586,0.19,5.32
16.08.2021 00:30:55.457,1.3859000000000001,1.38586,0.19,0.75
16.08.2021 00:30:55.559,1.3859100000000002,1.3858100000000002,0.19,0.75
16.08.2021 00:30:55.837,1.3859000000000001,1.3858100000000002,0.94,0.75
16.08.2021 00:31:00.903,1.3859100000000002,1.3858100000000002,0.94,0.37
16.08.2021 00:31:01.509,1.3859000000000001,1.3858100000000002,0.94,0.75
16.08.2021 00:31:06.015,1.3859000000000001,1.3858000000000001,0.19,0.75
16.08.2021 00:31:23.305,1.38589,1.3858000000000001,0.19,0.82
16.08.2021 00:32:03.209,1.3859000000000001,1.3858100000000002,0.19,0.75
16.08.2021 00:32:03.310,1.3859000000000001,1.3858000000000001,0.94,1.57
16.08.2021 00:32:09.677,1.38589,1.3858000000000001,0.19,0.82
16.08.2021 00:32:11.011,1.3859000000000001,1.3858000000000001,1.69,0.82
16.08.2021 00:32:14.071,1.3859000000000001,1.38582,0.94,0.75
16.08.2021 00:32:14.627,1.3859000000000001,1.3858100000000002,0.19,0.75
16.08.2021 00:32:15.080,1.3859100000000002,1.3858100000000002,0.37,0.75
16.08.2021 00:32:24.684,1.38595,1.38586,0.75,1.12
16.08.2021 00:32:24.785,1.38595,1.3859100000000002,0.19,0.75
16.08.2021 00:32:24.887,1.38596,1.3859100000000002,0.75,0.75
16.08.2021 00:32:25.393,1.38598,1.3859100000000002,1.01,0.75
16.08.2021 00:32:26.326,1.38599,1.38589,0.94,1.57
16.08.2021 00:32:41.238,1.38596,1.3858700000000002,0.94,0.75
16.08.2021 00:32:41.341,1.38592,1.38582,1.01,9.07
16.08.2021 00:32:41.444,1.38589,1.38582,0.19,8.25
16.08.2021 00:32:42.302,1.3859000000000001,1.38582,0.19,0.75
16.08.2021 00:33:00.127,1.3859100000000002,1.38582,0.82,0.75
16.08.2021 00:33:02.450,1.3859000000000001,1.38582,0.1,0.75
16.08.2021 00:33:08.088,1.3859000000000001,1.3858100000000002,0.82,0.75
16.08.2021 00:33:12.962,1.3859000000000001,1.38582,1.2,0.75
16.08.2021 00:33:42.008,1.38592,1.3858100000000002,0.45,0.75
16.08.2021 00:33:46.730,1.3859100000000002,1.3858100000000002,0.1,0.75
16.08.2021 00:33:48.174,1.3859100000000002,1.38582,0.1,0.75
16.08.2021 00:33:48.285,1.3859000000000001,1.38582,0.1,0.75
16.08.2021 00:33:56.443,1.3859100000000002,1.38582,0.1,0.75
16.08.2021 00:34:00.555,1.3859000000000001,1.3858100000000002,0.1,0.75
16.08.2021 00:34:00.657,1.38589,1.3858100000000002,0.1,0.75
16.08.2021 00:34:00.809,1.38589,1.3858000000000001,0.1,0.75
16.08.2021 00:34:22.054,1.38588,1.3858000000000001,0.1,1.5
16.08.2021 00:34:31.332,1.38588,1.3858100000000002,0.75,0.75
16.08.2021 00:34:34.800,1.3859000000000001,1.3858000000000001,0.82,0.75
16.08.2021 00:34:34.901,1.38588,1.38578,0.75,0.75
16.08.2021 00:34:35.104,1.3858700000000002,1.38576,0.75,0.75
16.08.2021 00:34:35.206,1.38586,1.38575,0.75,1.57
16.08.2021 00:34:43.847,1.38586,1.38576,0.1,0.75
16.08.2021 00:34:50.419,1.38582,1.38573,0.1,3.75
16.08.2021 00:34:50.521,1.3858100000000002,1.38572,0.1,1.5
16.08.2021 00:34:52.423,1.38582,1.38572,0.1,1.5
16.08.2021 00:34:53.294,1.38583,1.38573,0.82,0.75
16.08.2021 00:34:53.446,1.38585,1.38574,1.57,0.75
16.08.2021 00:34:58.314,1.38585,1.38575,0.75,0.75
16.08.2021 00:35:08.495,1.38585,1.38573,0.75,0.75
16.08.2021 00:35:09.318,1.38589,1.38579,1.95,0.75
16.08.2021 00:35:09.420,1.38588,1.38579,1.2,0.75
16.08.2021 00:35:09.523,1.38588,1.3858000000000001,0.75,0.75
16.08.2021 00:35:09.624,1.38589,1.3858000000000001,0.75,0.75
16.08.2021 00:35:10.842,1.38589,1.3857700000000002,0.75,0.82
16.08.2021 00:35:12.881,1.38586,1.38574,2.25,5.7
16.08.2021 00:35:12.982,1.38584,1.38574,0.75,2.32
16.08.2021 00:35:13.236,1.38586,1.38573,1.5,1.95
16.08.2021 00:35:13.945,1.38586,1.38574,1.5,0.75
16.08.2021 00:35:22.615,1.38585,1.38574,1.5,1.5
16.08.2021 00:35:30.091,1.3858700000000002,1.38578,0.75,0.75
16.08.2021 00:35:34.639,1.3858700000000002,1.3857700000000002,0.75,1.2
16.08.2021 00:35:35.239,1.38589,1.38579,0.75,0.75
16.08.2021 00:35:35.751,1.3859000000000001,1.38579,0.75,0.75
16.08.2021 00:35:40.614,1.38589,1.38579,0.75,0.75
16.08.2021 00:35:48.054,1.38589,1.3858000000000001,0.75,0.75
16.08.2021 00:35:48.257,1.3859000000000001,1.3858000000000001,0.75,0.75
16.08.2021 00:35:59.551,1.3859000000000001,1.3858100000000002,0.75,0.75
16.08.2021 00:35:59.912,1.38589,1.3858100000000002,0.1,0.75
16.08.2021 00:36:00.975,1.3859000000000001,1.3858100000000002,0.82,0.75
16.08.2021 00:36:02.409,1.3859100000000002,1.38582,0.82,0.75
16.08.2021 00:36:02.661,1.38588,1.38583,0.1,0.75
16.08.2021 00:36:02.712,1.38589,1.3857700000000002,0.82,0.75
16.08.2021 00:36:02.763,1.38588,1.3858000000000001,0.82,0.75
16.08.2021 00:36:02.814,1.38588,1.38578,0.82,0.75
16.08.2021 00:36:02.865,1.38586,1.38578,0.75,0.75
16.08.2021 00:36:02.916,1.38585,1.38574,1.2,1.2
16.08.2021 00:36:02.967,1.38583,1.38573,0.82,0.82
16.08.2021 00:36:04.948,1.38583,1.38571,0.75,1.5
16.08.2021 00:36:05.049,1.38582,1.38571,0.75,1.5
16.08.2021 00:36:25.899,1.3858100000000002,1.38571,0.75,0.75
16.08.2021 00:37:09.972,1.38582,1.38571,1.57,1.5
16.08.2021 00:37:10.542,1.38584,1.38573,1.2,0.75
16.08.2021 00:37:10.644,1.38585,1.38573,0.75,0.75
16.08.2021 00:37:10.745,1.38586,1.38573,0.82,1.5
16.08.2021 00:37:12.203,1.38584,1.38571,0.82,1.5
16.08.2021 00:37:12.306,1.38584,1.38572,1.57,2.25
16.08.2021 00:37:12.407,1.38584,1.38573,0.82,1.5
16.08.2021 00:37:12.660,1.38585,1.38573,0.75,0.75
16.08.2021 00:37:12.763,1.38584,1.3857700000000002,0.75,0.75
16.08.2021 00:37:13.276,1.38585,1.3857700000000002,0.75,0.75
16.08.2021 00:37:14.172,1.38586,1.3857700000000002,2.7,0.75
16.08.2021 00:37:50.814,1.3858700000000002,1.3857700000000002,2.51,0.75
16.08.2021 00:38:05.029,1.38588,1.38578,0.75,0.75
16.08.2021 00:38:06.458,1.38589,1.38578,0.75,0.75
16.08.2021 00:38:16.747,1.38589,1.38579,1.01,1.5
16.08.2021 00:38:16.849,1.3859000000000001,1.38579,0.26,0.75
16.08.2021 00:38:20.717,1.3859000000000001,1.38578,0.26,1.5
16.08.2021 00:39:13.029,1.3859000000000001,1.38579,0.19,0.75
16.08.2021 00:39:16.518,1.3859000000000001,1.3858000000000001,1.76,0.75
16.08.2021 00:39:17.581,1.3859100000000002,1.3858000000000001,0.82,0.75
16.08.2021 00:39:17.683,1.3859100000000002,1.3858100000000002,0.82,0.75
16.08.2021 00:39:25.214,1.3859000000000001,1.38583,0.19,0.75
16.08.2021 00:39:30.123,1.38592,1.38582,0.26,0.75
16.08.2021 00:39:37.524,1.38592,1.38583,0.26,0.75
16.08.2021 00:39:55.148,1.3859100000000002,1.38583,0.19,0.75
16.08.2021 00:40:34.374,1.3859100000000002,1.38582,0.19,0.75
16.08.2021 00:40:34.580,1.3859000000000001,1.38582,0.19,0.75
16.08.2021 00:40:35.395,1.3859000000000001,1.38584,0.19,0.75
16.08.2021 00:40:51.165,1.38589,1.38583,0.1,0.75
16.08.2021 00:40:51.267,1.38589,1.38582,0.26,0.75
16.08.2021 00:41:07.084,1.38589,1.3858100000000002,0.26,0.75
16.08.2021 00:41:17.373,1.38589,1.38582,0.19,0.75
16.08.2021 00:41:17.525,1.3859100000000002,1.38582,2.7,0.75
16.08.2021 00:41:58.290,1.38594,1.38585,0.94,1.5
16.08.2021 00:41:58.341,1.38598,1.38586,2.96,0.75
16.08.2021 00:41:58.443,1.3859700000000001,1.38588,1.5,0.75
16.08.2021 00:41:59.821,1.38598,1.38589,0.75,0.75
16.08.2021 00:42:01.662,1.38598,1.3859000000000001,0.37,0.75
16.08.2021 00:42:02.330,1.38596,1.38586,1.12,1.12
16.08.2021 00:42:02.431,1.38596,1.38585,0.75,0.75
16.08.2021 00:42:03.001,1.38595,1.38584,0.82,2.25
16.08.2021 00:42:05.897,1.38595,1.38585,1.2,0.75
16.08.2021 00:42:07.617,1.38595,1.38584,0.75,0.75
16.08.2021 00:42:09.322,1.3859299999999999,1.3858100000000002,0.75,0.75
16.08.2021 00:42:13.527,1.3859000000000001,1.38582,0.19,0.75
16.08.2021 00:42:14.684,1.3859100000000002,1.3858000000000001,0.19,0.75
16.08.2021 00:42:27.537,1.3859100000000002,1.3858100000000002,0.26,0.75
16.08.2021 00:42:28.075,1.38592,1.3858100000000002,1.76,1.5
16.08.2021 00:42:28.966,1.3859100000000002,1.3858100000000002,0.45,0.75
16.08.2021 00:42:39.910,1.3859100000000002,1.38583,0.26,0.75
16.08.2021 00:42:40.012,1.38592,1.38583,1.01,0.75
16.08.2021 00:42:49.661,1.38594,1.38586,0.75,0.75
16.08.2021 00:42:49.763,1.38596,1.3859100000000002,0.45,0.75
16.08.2021 00:42:49.814,1.38598,1.38592,1.95,0.75
16.08.2021 00:42:50.017,1.3860100000000002,1.3859100000000002,1.2,0.75
16.08.2021 00:42:50.118,1.3860000000000001,1.3859100000000002,0.1,0.75
16.08.2021 00:42:50.372,1.3860100000000002,1.3859100000000002,1.2,0.75
16.08.2021 00:42:51.149,1.38599,1.38592,0.75,0.75
16.08.2021 00:42:58.625,1.3860100000000002,1.3859100000000002,1.01,0.75
16.08.2021 00:42:59.607,1.3860000000000001,1.3859299999999999,1.01,0.75
16.08.2021 00:43:07.602,1.38604,1.3860100000000002,0.37,0.75
16.08.2021 00:43:07.653,1.38609,1.3860100000000002,1.01,0.75
16.08.2021 00:43:07.856,1.38608,1.3860100000000002,0.19,0.75
16.08.2021 00:43:09.711,1.38609,1.3860100000000002,1.2,0.75
16.08.2021 00:43:15.286,1.38609,1.3860000000000001,0.19,0.75
16.08.2021 00:43:22.260,1.38608,1.3860000000000001,0.37,0.75
16.08.2021 00:43:28.286,1.38608,1.38599,0.19,1.5
16.08.2021 00:43:56.041,1.38609,1.38599,1.12,0.82
16.08.2021 00:44:09.701,1.3861,1.38599,1.2,0.75
16.08.2021 00:44:10.918,1.3861,1.38598,1.12,0.82
16.08.2021 00:44:16.632,1.38609,1.38598,0.75,0.75
16.08.2021 00:44:17.338,1.38605,1.3859700000000001,0.75,1.5
16.08.2021 00:44:17.389,1.3860700000000001,1.3859700000000001,1.95,0.75
16.08.2021 00:44:17.491,1.3860700000000001,1.38596,1.2,2.02
16.08.2021 00:44:22.642,1.38606,1.38596,0.1,1.5
16.08.2021 00:44:30.441,1.38608,1.3859700000000001,1.95,0.75
16.08.2021 00:44:30.543,1.38606,1.38595,0.1,1.5
16.08.2021 00:44:31.232,1.38606,1.38596,0.75,0.75
16.08.2021 00:44:33.753,1.3860700000000001,1.38594,0.75,1.5
16.08.2021 00:44:35.170,1.38606,1.38596,0.75,0.75
16.08.2021 00:45:06.052,1.3860700000000001,1.38596,1.01,0.75
16.08.2021 00:45:08.972,1.38608,1.3860100000000002,0.82,0.75
16.08.2021 00:45:09.074,1.3861,1.38599,1.57,0.75
16.08.2021 00:45:09.687,1.3861,1.3860100000000002,0.1,0.75
16.08.2021 00:45:09.789,1.3861,1.38602,0.82,0.75
16.08.2021 00:45:09.890,1.38609,1.38602,0.75,0.75
16.08.2021 00:45:09.991,1.3861,1.38602,0.82,0.75
16.08.2021 00:45:15.060,1.3861,1.3860100000000002,0.82,0.75
16.08.2021 00:45:18.380,1.38609,1.3860000000000001,0.75,0.75
16.08.2021 00:45:18.482,1.38605,1.38598,0.75,0.75
16.08.2021 00:45:18.583,1.38603,1.38594,0.75,0.37
16.08.2021 00:45:18.634,1.38602,1.3859299999999999,0.82,0.75
16.08.2021 00:45:18.736,1.3860100000000002,1.3859299999999999,0.75,0.75
16.08.2021 00:45:18.946,1.3860000000000001,1.3859299999999999,0.75,0.75
16.08.2021 00:45:23.110,1.38604,1.38598,0.75,0.75
16.08.2021 00:45:23.161,1.38608,1.3860000000000001,1.69,0.75
16.08.2021 00:45:23.212,1.38608,1.38602,0.75,0.75
16.08.2021 00:45:23.314,1.38609,1.38602,0.19,0.75
16.08.2021 00:45:23.415,1.3861,1.38602,0.94,0.75
16.08.2021 00:45:32.907,1.3861100000000002,1.38602,0.94,0.75
16.08.2021 00:45:32.958,1.38613,1.38603,0.82,0.75
16.08.2021 00:45:33.212,1.3861100000000002,1.38604,0.1,0.75
16.08.2021 00:45:33.668,1.3861200000000002,1.38602,1.2,0.75
16.08.2021 00:45:37.617,1.3861100000000002,1.38602,0.75,0.75
16.08.2021 00:45:51.155,1.3861200000000002,1.38602,0.75,0.75
16.08.2021 00:45:51.257,1.3861,1.38603,0.75,0.75
16.08.2021 00:46:08.832,1.38609,1.38603,0.75,0.75
16.08.2021 00:46:19.415,1.3861,1.3860000000000001,0.75,7.37
16.08.2021 00:46:19.517,1.3861100000000002,1.38599,1.5,8.12
16.08.2021 00:46:32.571,1.3861,1.38599,0.75,0.75
16.08.2021 00:46:32.622,1.38608,1.3859700000000001,0.75,0.75
16.08.2021 00:46:32.774,1.38606,1.38596,1.12,0.75
16.08.2021 00:46:32.876,1.38605,1.38596,1.87,0.75
16.08.2021 00:46:32.977,1.38604,1.38595,0.75,0.75
16.08.2021 00:46:36.999,1.38605,1.38595,0.75,0.75
16.08.2021 00:46:39.759,1.38605,1.38596,0.75,0.75
16.08.2021 00:47:01.949,1.38602,1.3859100000000002,1.5,5.32
16.08.2021 00:47:02.051,1.3860000000000001,1.3859100000000002,0.75,0.75
16.08.2021 00:47:41.753,1.3860000000000001,1.3859299999999999,0.75,0.75
16.08.2021 00:47:53.347,1.3860000000000001,1.38596,0.75,0.19
16.08.2021 00:47:53.398,1.38606,1.3860100000000002,0.82,0.75
16.08.2021 00:47:53.500,1.38609,1.3860100000000002,0.75,0.75
16.08.2021 00:47:55.174,1.38609,1.38602,0.75,0.75
16.08.2021 00:48:46.706,1.38609,1.3860100000000002,0.75,0.75
16.08.2021 00:48:53.783,1.3861,1.3860100000000002,1.01,0.75
16.08.2021 00:48:58.378,1.3861100000000002,1.38602,0.82,0.75
16.08.2021 00:49:02.695,1.3861,1.38602,0.75,0.75
16.08.2021 00:49:39.123,1.3861,1.38603,0.75,0.75
16.08.2021 00:49:39.308,1.3861,1.38602,0.75,1.5
16.08.2021 00:49:39.419,1.3861100000000002,1.38602,0.75,0.75
16.08.2021 00:49:39.628,1.3861,1.38602,0.75,1.5
16.08.2021 00:49:40.019,1.38613,1.38602,0.82,0.75
16.08.2021 00:49:40.121,1.3861200000000002,1.38604,0.75,0.94
16.08.2021 00:49:40.222,1.38613,1.38604,0.75,0.75
16.08.2021 00:49:40.324,1.38613,1.38605,0.75,0.75
16.08.2021 00:49:42.659,1.38614,1.38605,0.75,0.75
16.08.2021 00:49:42.926,1.38614,1.38606,0.75,1.5
16.08.2021 00:49:56.104,1.38615,1.38606,0.75,0.75
16.08.2021 00:50:04.402,1.38613,1.38605,0.75,0.75
16.08.2021 00:50:04.605,1.38615,1.38605,0.75,1.5
16.08.2021 00:50:09.418,1.38614,1.3860700000000001,0.75,0.75
16.08.2021 00:50:13.640,1.38615,1.3860700000000001,0.75,0.75
16.08.2021 00:50:14.557,1.3861200000000002,1.3860700000000001,0.75,0.75
16.08.2021 00:50:14.608,1.3861200000000002,1.38605,0.82,0.82
16.08.2021 00:50:14.709,1.3861200000000002,1.38604,0.82,0.45
16.08.2021 00:50:14.760,1.3861200000000002,1.38602,0.82,1.5
16.08.2021 00:50:15.165,1.3861200000000002,1.3860100000000002,0.82,0.75
16.08.2021 00:50:19.627,1.3861,1.38602,0.75,0.75
16.08.2021 00:50:29.386,1.3861,1.3860100000000002,0.75,0.75
16.08.2021 00:50:36.606,1.3861100000000002,1.3860100000000002,1.57,1.5
16.08.2021 00:50:40.024,1.3861200000000002,1.3860100000000002,1.57,0.75
16.08.2021 00:50:40.133,1.3861200000000002,1.3860000000000001,1.57,1.69
16.08.2021 00:50:40.235,1.3861100000000002,1.38602,1.5,0.75
16.08.2021 00:50:40.362,1.3861100000000002,1.3860100000000002,1.5,1.76
16.08.2021 00:51:00.761,1.3861200000000002,1.3860100000000002,1.5,0.75
16.08.2021 00:51:00.906,1.3861100000000002,1.3860100000000002,1.5,1.76
16.08.2021 00:51:09.335,1.3861100000000002,1.38602,1.5,0.75
16.08.2021 00:51:09.588,1.3861100000000002,1.38603,1.5,0.75
16.08.2021 00:51:10.044,1.3861200000000002,1.38603,1.5,0.75
16.08.2021 00:51:10.301,1.3861200000000002,1.38602,1.5,2.51
16.08.2021 00:51:10.403,1.3861200000000002,1.3860100000000002,0.75,2.51
16.08.2021 00:51:30.808,1.3861,1.38602,0.75,0.75
16.08.2021 00:51:32.443,1.3861,1.3860100000000002,0.75,0.75
16.08.2021 00:51:33.295,1.3861,1.38599,0.82,0.75
16.08.2021 00:51:35.475,1.38608,1.3860000000000001,0.75,0.75
16.08.2021 00:51:40.341,1.38609,1.3860000000000001,2.32,0.75
16.08.2021 00:51:40.443,1.38608,1.3860000000000001,0.75,0.75
16.08.2021 00:51:40.777,1.3861,1.38599,2.32,0.75
16.08.2021 00:51:52.474,1.38609,1.38599,0.75,0.75
16.08.2021 00:51:54.822,1.38606,1.38599,0.75,0.19
16.08.2021 00:52:01.697,1.38602,1.38595,0.75,2.44
16.08.2021 00:52:01.748,1.3860100000000002,1.38594,0.75,1.01
16.08.2021 00:52:01.849,1.38599,1.38592,0.75,1.01
16.08.2021 00:52:01.901,1.38602,1.38594,0.75,1.5
16.08.2021 00:52:02.053,1.3860100000000002,1.3859299999999999,0.75,0.94
16.08.2021 00:52:02.506,1.38598,1.3859299999999999,0.75,0.19
16.08.2021 00:52:02.557,1.38598,1.3859000000000001,0.75,1.01
16.08.2021 00:52:02.658,1.38598,1.38589,0.75,0.94
16.08.2021 00:52:03.215,1.38594,1.38584,0.75,0.19
16.08.2021 00:52:03.266,1.38589,1.38583,0.75,1.39
16.08.2021 00:52:03.520,1.38588,1.38583,0.75,0.94
16.08.2021 00:52:03.824,1.38589,1.3858100000000002,0.75,0.19
16.08.2021 00:52:07.184,1.38588,1.3858100000000002,0.75,0.19
16.08.2021 00:52:11.936,1.38589,1.38579,0.75,1.95
16.08.2021 00:52:15.523,1.38589,1.3858000000000001,0.75,0.75
16.08.2021 00:52:15.845,1.38589,1.3858100000000002,0.75,0.75
16.08.2021 00:52:16.064,1.38589,1.3858000000000001,0.75,0.82
16.08.2021 00:52:16.195,1.38588,1.38582,0.75,0.75
16.08.2021 00:52:16.905,1.38588,1.3858100000000002,0.75,0.82
16.08.2021 00:52:17.128,1.38589,1.38579,0.75,1.95
16.08.2021 00:52:19.237,1.38585,1.3857700000000002,0.75,1.57
16.08.2021 00:52:20.907,1.38586,1.38579,0.75,0.75
16.08.2021 00:52:22.614,1.38585,1.38579,0.75,0.75
16.08.2021 00:52:33.461,1.38586,1.38579,0.75,0.75
16.08.2021 00:52:48.473,1.38584,1.3857700000000002,0.75,0.75
16.08.2021 00:52:48.524,1.38583,1.38573,0.75,0.75
16.08.2021 00:52:48.575,1.3858000000000001,1.38574,0.75,0.75
16.08.2021 00:52:48.677,1.3858100000000002,1.38575,0.75,0.75
16.08.2021 00:52:49.717,1.3858000000000001,1.38574,0.75,0.75
16.08.2021 00:52:52.817,1.3858100000000002,1.38574,0.75,0.75
16.08.2021 00:53:06.921,1.38586,1.38579,0.75,0.75
16.08.2021 00:53:07.024,1.3859000000000001,1.38582,8.25,0.75
16.08.2021 00:53:07.177,1.38589,1.3858100000000002,1.5,0.19
16.08.2021 00:53:07.637,1.3859000000000001,1.38582,0.75,0.75
16.08.2021 00:53:14.888,1.3859000000000001,1.38579,1.5,0.1
16.08.2021 00:53:20.853,1.38589,1.3858100000000002,0.75,0.75
16.08.2021 00:53:20.954,1.3859000000000001,1.38579,0.75,0.94
16.08.2021 00:53:21.005,1.3859100000000002,1.38582,0.82,0.75
16.08.2021 00:53:32.779,1.3859000000000001,1.38582,0.75,0.75
16.08.2021 00:53:33.402,1.3859000000000001,1.38583,0.75,0.75
16.08.2021 00:53:44.303,1.3859000000000001,1.38582,0.75,0.75
16.08.2021 00:53:44.762,1.3859000000000001,1.38583,0.75,0.75
16.08.2021 00:53:51.607,1.3859100000000002,1.3858000000000001,0.75,0.75
16.08.2021 00:53:58.736,1.3859000000000001,1.38584,0.75,0.75
16.08.2021 00:53:58.838,1.3859000000000001,1.38583,0.75,0.75
16.08.2021 00:54:00.342,1.3859000000000001,1.38584,0.75,0.75
16.08.2021 00:54:02.344,1.38589,1.38584,0.75,0.75
16.08.2021 00:54:03.075,1.3859000000000001,1.3858000000000001,0.75,0.75
16.08.2021 00:54:03.177,1.38588,1.38582,0.75,0.75
16.08.2021 00:54:03.380,1.38588,1.38583,0.75,0.75
16.08.2021 00:54:03.481,1.3859000000000001,1.38582,0.75,0.75
16.08.2021 00:54:04.140,1.38589,1.3858000000000001,0.75,0.75
16.08.2021 00:54:05.305,1.38588,1.38578,0.75,2.32
16.08.2021 00:54:05.508,1.3858700000000002,1.38578,0.75,0.75
16.08.2021 00:54:10.130,1.38588,1.38579,0.75,0.75
16.08.2021 00:54:16.959,1.38589,1.38582,0.75,0.75
16.08.2021 00:54:17.060,1.3859100000000002,1.38584,0.75,0.75
16.08.2021 00:54:19.235,1.3859299999999999,1.3858700000000002,0.75,0.75
16.08.2021 00:54:19.337,1.38594,1.3858700000000002,0.75,0.75
16.08.2021 00:54:19.439,1.3859700000000001,1.3858700000000002,0.75,0.75
16.08.2021 00:54:19.541,1.38595,1.3858700000000002,0.75,0.75
16.08.2021 00:54:19.643,1.38596,1.3858700000000002,0.75,0.75
16.08.2021 00:54:31.614,1.38598,1.38586,0.75,0.82
16.08.2021 00:54:31.767,1.3859299999999999,1.38586,0.75,0.75
16.08.2021 00:54:31.870,1.3859299999999999,1.38584,0.75,0.75
16.08.2021 00:54:32.550,1.38592,1.38584,0.75,0.75
16.08.2021 00:54:35.188,1.3859100000000002,1.38584,0.75,0.75
16.08.2021 00:54:45.622,1.3859100000000002,1.38583,0.75,0.75
16.08.2021 00:54:49.222,1.38589,1.38583,0.75,0.75
16.08.2021 00:54:50.072,1.38589,1.3858100000000002,0.75,0.75
16.08.2021 00:54:55.600,1.38588,1.3858100000000002,0.75,0.75
16.08.2021 00:54:55.702,1.38588,1.3858000000000001,0.75,0.75
16.08.2021 00:54:57.204,1.38586,1.38578,0.75,0.82
16.08.2021 00:54:58.327,1.38585,1.38578,0.75,0.75
16.08.2021 00:54:59.293,1.38585,1.3857700000000002,0.75,0.82
16.08.2021 00:55:00.063,1.38584,1.38576,0.75,1.57
16.08.2021 00:55:00.165,1.38585,1.38576,0.75,1.57
16.08.2021 00:55:00.267,1.3858000000000001,1.38571,0.75,1.12
16.08.2021 00:55:00.368,1.38579,1.38571,0.75,1.57
16.08.2021 00:55:01.847,1.3858100000000002,1.3857000000000002,0.75,0.75
16.08.2021 00:55:02.233,1.3858000000000001,1.3857000000000002,0.75,2.32
16.08.2021 00:55:02.334,1.3858000000000001,1.38571,0.75,0.75
16.08.2021 00:55:02.436,1.3858000000000001,1.3857000000000002,0.75,3.07
16.08.2021 00:55:08.403,1.38578,1.3857000000000002,0.75,1.57
16.08.2021 00:55:08.757,1.38578,1.38569,0.75,1.57
16.08.2021 00:55:15.780,1.3858000000000001,1.3857000000000002,0.94,2.32
16.08.2021 00:55:23.850,1.3858000000000001,1.38571,0.94,0.75
16.08.2021 00:55:24.373,1.3858000000000001,1.3857000000000002,0.94,3.07
16.08.2021 00:55:24.474,1.3858100000000002,1.3857000000000002,0.94,0.75
16.08.2021 00:55:24.626,1.3858000000000001,1.3857000000000002,0.94,3.07
16.08.2021 00:55:24.884,1.3858100000000002,1.3857000000000002,0.94,0.75
16.08.2021 00:55:25.145,1.3858000000000001,1.3857000000000002,1.01,3
16.08.2021 00:55:25.352,1.38573,1.3856600000000001,0.19,1.95
16.08.2021 00:55:25.454,1.38574,1.38563,0.19,10.5
16.08.2021 00:55:27.674,1.38573,1.38563,1.01,0.75
16.08.2021 00:55:27.726,1.38573,1.38565,0.26,0.75
16.08.2021 00:55:27.828,1.38574,1.3856600000000001,0.82,0.75
16.08.2021 00:55:27.930,1.38575,1.38568,0.19,0.75
16.08.2021 00:55:29.899,1.38575,1.3856600000000001,0.19,0.75
16.08.2021 00:55:30.001,1.38575,1.38568,0.19,0.75
16.08.2021 00:55:32.659,1.38578,1.38568,0.19,0.75
16.08.2021 00:55:36.706,1.38578,1.38569,0.19,0.75
16.08.2021 00:55:38.575,1.3858000000000001,1.3857000000000002,0.19,0.75
16.08.2021 00:55:44.816,1.38579,1.38572,0.19,0.75
16.08.2021 00:55:44.917,1.3858100000000002,1.38571,1.01,0.75
16.08.2021 00:55:48.910,1.38579,1.38571,0.45,0.75
16.08.2021 00:55:49.062,1.38579,1.38572,0.45,0.75
16.08.2021 00:55:49.811,1.38578,1.38572,0.37,0.75
16.08.2021 00:55:51.388,1.3858000000000001,1.38571,0.37,0.75
16.08.2021 00:55:51.490,1.3858100000000002,1.38572,1.2,0.75
16.08.2021 00:55:51.704,1.38582,1.38572,1.2,0.75
16.08.2021 00:56:03.080,1.38582,1.3857700000000002,0.82,0.75
16.08.2021 00:56:03.131,1.3858700000000002,1.3858000000000001,1.57,0.75
16.08.2021 00:56:03.235,1.38589,1.3858100000000002,0.26,0.75
16.08.2021 00:56:11.761,1.38589,1.38582,0.19,0.75
16.08.2021 00:56:35.493,1.3859000000000001,1.3858000000000001,0.19,0.75
16.08.2021 00:56:35.899,1.38589,1.38582,0.19,0.75
16.08.2021 00:56:39.029,1.3859000000000001,1.3858000000000001,0.19,0.75
16.08.2021 00:56:41.272,1.3858700000000002,1.3858100000000002,1.69,1.5
16.08.2021 00:56:41.323,1.38586,1.38578,0.94,0.75
16.08.2021 00:56:41.375,1.38585,1.38573,3,0.82
16.08.2021 00:56:41.477,1.38582,1.38573,0.1,1.5
16.08.2021 00:56:41.579,1.38582,1.38572,0.45,1.5
16.08.2021 00:56:45.304,1.3858100000000002,1.38572,0.1,1.5
16.08.2021 00:56:53.494,1.3858100000000002,1.38571,0.82,1.5
16.08.2021 00:56:59.849,1.3858000000000001,1.38571,0.26,1.5
16.08.2021 00:57:10.876,1.3858100000000002,1.38571,1.39,1.5
16.08.2021 00:57:19.424,1.38579,1.38571,0.1,1.5
16.08.2021 00:57:19.526,1.3858100000000002,1.3857000000000002,0.1,1.5
16.08.2021 00:57:22.099,1.38578,1.38571,0.75,0.75
16.08.2021 00:57:36.142,1.3858000000000001,1.3857000000000002,0.75,0.75
16.08.2021 00:57:41.254,1.38579,1.38572,0.75,0.75
16.08.2021 00:57:46.038,1.3858000000000001,1.38572,0.26,0.75
16.08.2021 00:58:08.665,1.38582,1.38571,0.26,1.5
16.08.2021 00:58:13.892,1.38583,1.38574,0.26,1.5
16.08.2021 00:58:13.994,1.38584,1.38574,0.19,0.75
16.08.2021 00:58:14.095,1.38583,1.38574,0.64,0.75
16.08.2021 00:58:14.603,1.38584,1.38574,0.19,1.5
16.08.2021 00:58:14.705,1.38585,1.38574,0.64,1.5
16.08.2021 00:58:16.118,1.38584,1.38576,0.26,1.5
16.08.2021 00:58:16.220,1.38586,1.38576,0.75,0.75
16.08.2021 00:58:16.322,1.38586,1.3857700000000002,1.2,0.75
16.08.2021 00:58:16.773,1.38589,1.38578,1.76,1.5
16.08.2021 00:58:16.925,1.38588,1.3858000000000001,1.01,0.75
16.08.2021 00:58:32.726,1.38588,1.38579,1.76,1.5
16.08.2021 00:58:32.828,1.38586,1.38578,1.87,1.5
16.08.2021 00:58:32.930,1.38583,1.38574,0.1,1.95
16.08.2021 00:58:33.032,1.38582,1.38574,0.26,1.2
16.08.2021 00:58:33.133,1.3858100000000002,1.38574,0.1,0.75
16.08.2021 00:58:33.691,1.38583,1.38573,0.1,0.75
16.08.2021 00:58:33.895,1.38583,1.38572,0.1,1.5
16.08.2021 00:58:35.289,1.38584,1.38574,1.57,1.5
16.08.2021 00:58:35.542,1.38583,1.38574,0.1,1.5
16.08.2021 00:58:39.581,1.38582,1.38571,0.1,1.5
16.08.2021 00:58:48.444,1.38582,1.38572,0.45,0.75
16.08.2021 00:58:48.548,1.3858100000000002,1.38572,0.45,1.5
16.08.2021 00:59:26.173,1.38579,1.38572,0.75,0.75
16.08.2021 00:59:30.985,1.38582,1.38571,1.2,0.75
16.08.2021 00:59:54.419,1.3858100000000002,1.38574,0.75,0.75
16.08.2021 00:59:54.470,1.38583,1.38575,0.26,0.75
16.08.2021 00:59:54.572,1.38584,1.38575,0.19,0.75
16.08.2021 00:59:57.740,1.38586,1.38575,1.12,0.75
16.08.2021 01:00:01.658,1.38588,1.38579,1.01,1.5
16.08.2021 01:00:02.471,1.38589,1.38579,0.19,0.75
16.08.2021 01:00:02.573,1.38589,1.3858000000000001,0.19,0.75
16.08.2021 01:00:03.142,1.3859000000000001,1.38578,1.01,1.5
16.08.2021 01:00:04.651,1.38589,1.3858000000000001,0.26,0.75
16.08.2021 01:00:05.615,1.38589,1.38579,0.1,0.75
16.08.2021 01:00:05.718,1.38588,1.38579,0.82,0.75
16.08.2021 01:00:05.985,1.38585,1.38575,3.26,1.5
16.08.2021 01:00:13.433,1.38585,1.38576,0.75,0.75
16.08.2021 01:00:17.956,1.38588,1.38579,0.75,0.75
16.08.2021 01:00:18.057,1.3859100000000002,1.3858100000000002,0.82,0.75
16.08.2021 01:00:18.478,1.38589,1.3858100000000002,0.75,0.75
16.08.2021 01:00:25.034,1.38589,1.3858000000000001,0.82,0.75
16.08.2021 01:00:28.455,1.38585,1.38578,1.87,0.45
16.08.2021 01:00:28.558,1.38583,1.38573,0.82,10.44
16.08.2021 01:00:28.660,1.38583,1.38576,0.1,0.75
16.08.2021 01:00:30.060,1.3858100000000002,1.38574,0.26,0.75
16.08.2021 01:00:30.263,1.3858000000000001,1.38574,0.1,0.75
16.08.2021 01:00:30.314,1.38584,1.38574,1.01,0.75
16.08.2021 01:00:30.365,1.38584,1.3857700000000002,1.27,0.75
16.08.2021 01:00:30.466,1.38586,1.38576,1.2,0.75
16.08.2021 01:00:31.650,1.3858700000000002,1.38576,1.57,0.75
16.08.2021 01:00:37.756,1.38585,1.3857700000000002,0.1,0.75
16.08.2021 01:00:38.702,1.38586,1.38575,0.1,0.75
16.08.2021 01:00:39.063,1.38586,1.38574,0.1,0.75
16.08.2021 01:00:41.612,1.38583,1.38572,0.82,0.75
16.08.2021 01:00:41.714,1.38582,1.38572,1.57,0.75
16.08.2021 01:00:41.815,1.38582,1.38571,0.1,0.75
16.08.2021 01:00:46.563,1.3858000000000001,1.38572,0.1,0.75
16.08.2021 01:00:49.617,1.3858100000000002,1.3857000000000002,0.1,1.5
16.08.2021 01:00:51.470,1.3858000000000001,1.38572,0.1,0.75
16.08.2021 01:00:54.456,1.38582,1.38571,0.82,0.75
16.08.2021 01:00:54.558,1.38582,1.3857000000000002,0.82,1.5
16.08.2021 01:00:58.647,1.38582,1.38571,0.1,0.75
16.08.2021 01:01:04.620,1.38582,1.3857000000000002,0.1,1.5
16.08.2021 01:01:06.700,1.3858100000000002,1.38572,0.1,0.75
16.08.2021 01:01:23.800,1.3858100000000002,1.38571,0.1,0.75
16.08.2021 01:01:43.089,1.3858100000000002,1.38569,1.57,1.5
16.08.2021 01:01:43.700,1.3858000000000001,1.38568,1.57,1.5
16.08.2021 01:01:58.904,1.38579,1.38568,1.76,1.57
16.08.2021 01:01:59.056,1.38578,1.38568,0.82,0.75
16.08.2021 01:01:59.476,1.3857700000000002,1.3856700000000002,0.75,1.57
16.08.2021 01:01:59.578,1.3857700000000002,1.38565,0.75,1.95
16.08.2021 01:02:00.613,1.38575,1.3856600000000001,0.75,0.75
16.08.2021 01:02:00.967,1.38576,1.38564,0.75,0.82
16.08.2021 01:02:01.018,1.3857700000000002,1.3856600000000001,1.69,0.75
16.08.2021 01:02:01.119,1.3857700000000002,1.38565,0.75,0.75
16.08.2021 01:02:01.170,1.38578,1.38568,2.51,0.75
16.08.2021 01:02:01.271,1.3857700000000002,1.3856700000000002,0.75,1.57
16.08.2021 01:02:01.372,1.38578,1.3856700000000002,2.7,1.57
16.08.2021 01:02:01.524,1.3857700000000002,1.3856700000000002,0.75,1.57
16.08.2021 01:02:01.798,1.38578,1.3856700000000002,0.75,0.1
16.08.2021 01:02:03.258,1.3857700000000002,1.3856700000000002,0.75,1.57
16.08.2021 01:02:06.150,1.38575,1.3856600000000001,0.75,0.75
16.08.2021 01:02:07.707,1.38575,1.3856700000000002,0.82,0.75
16.08.2021 01:02:09.361,1.38571,1.38563,0.75,0.45
16.08.2021 01:02:09.564,1.38571,1.38562,0.75,0.75
16.08.2021 01:02:10.040,1.38572,1.38562,0.1,0.75
16.08.2021 01:02:10.918,1.38572,1.38563,0.82,0.75
16.08.2021 01:02:18.445,1.38573,1.38563,1.2,0.75
16.08.2021 01:02:22.917,1.38572,1.38563,0.1,0.75
16.08.2021 01:02:23.640,1.38575,1.3856600000000001,0.82,0.75
16.08.2021 01:02:23.691,1.3857700000000002,1.3856600000000001,4.01,0.75
16.08.2021 01:02:26.179,1.38578,1.3857000000000002,0.1,0.75
16.08.2021 01:02:26.281,1.38579,1.3857000000000002,0.45,0.75
16.08.2021 01:02:27.043,1.38578,1.3857000000000002,0.19,0.75
16.08.2021 01:02:28.464,1.3858000000000001,1.38569,0.19,1.5
16.08.2021 01:02:28.566,1.3858000000000001,1.38571,1.01,1.5
16.08.2021 01:02:29.615,1.38579,1.38571,0.19,1.5
16.08.2021 01:02:30.368,1.3858100000000002,1.3857000000000002,1.01,1.5
16.08.2021 01:02:30.570,1.38582,1.3857000000000002,1.01,1.5
16.08.2021 01:02:40.784,1.3858000000000001,1.3857000000000002,0.75,0.75
16.08.2021 01:02:44.913,1.38578,1.3857000000000002,0.75,0.75
16.08.2021 01:02:59.100,1.38579,1.3857000000000002,0.75,1.12
16.08.2021 01:03:00.056,1.38578,1.38572,0.75,0.75
16.08.2021 01:03:00.625,1.38578,1.38573,0.75,0.75
16.08.2021 01:03:01.047,1.38578,1.38572,0.75,0.75
16.08.2021 01:03:07.614,1.38578,1.38571,0.75,1.12
16.08.2021 01:03:15.275,1.38578,1.38572,0.75,0.75
16.08.2021 01:03:28.673,1.3858000000000001,1.38572,0.75,0.75
16.08.2021 01:03:28.998,1.3858000000000001,1.38573,0.75,0.75
16.08.2021 01:03:34.151,1.38583,1.38573,0.82,1.5
16.08.2021 01:03:34.202,1.38583,1.38575,0.75,0.75
16.08.2021 01:03:52.665,1.38583,1.38576,0.75,0.75
16.08.2021 01:03:55.859,1.38584,1.38578,0.75,0.75
16.08.2021 01:03:56.450,1.38583,1.38576,0.75,0.75
16.08.2021 01:03:56.981,1.38585,1.38575,0.75,0.75
16.08.2021 01:03:59.268,1.38589,1.38578,0.75,0.75
16.08.2021 01:03:59.319,1.3859000000000001,1.3858000000000001,0.75,0.75
16.08.2021 01:04:08.207,1.38589,1.3858000000000001,0.82,0.75
16.08.2021 01:04:08.643,1.3859000000000001,1.3858100000000002,0.1,0.75
16.08.2021 01:04:13.358,1.3859100000000002,1.38582,0.1,0.75
16.08.2021 01:04:18.654,1.3859100000000002,1.38579,0.1,1.5
16.08.2021 01:04:18.755,1.38589,1.38579,0.1,1.5
16.08.2021 01:04:18.958,1.3859000000000001,1.38579,0.1,0.75
16.08.2021 01:04:19.059,1.3859100000000002,1.38579,0.1,1.87
16.08.2021 01:04:22.925,1.3859100000000002,1.3858100000000002,0.82,1.12
16.08.2021 01:04:24.014,1.3859000000000001,1.3858100000000002,0.1,1.12
16.08.2021 01:04:26.282,1.3859000000000001,1.38579,0.1,1.5
16.08.2021 01:04:27.625,1.3859000000000001,1.3858000000000001,0.82,0.75
16.08.2021 01:04:27.726,1.3859000000000001,1.38579,0.82,0.75
16.08.2021 01:04:34.974,1.3859000000000001,1.3858000000000001,0.82,2.25
16.08.2021 01:04:38.462,1.38594,1.38585,1.12,0.75
16.08.2021 01:04:38.513,1.3859700000000001,1.3858700000000002,0.26,0.75
16.08.2021 01:04:38.615,1.38598,1.3858700000000002,9.19,0.75
16.08.2021 01:04:38.667,1.3859700000000001,1.3859100000000002,7.5,0.75
16.08.2021 01:04:38.718,1.38599,1.3859100000000002,1.57,0.75
16.08.2021 01:04:41.197,1.38599,1.3859000000000001,0.75,0.75
16.08.2021 01:04:41.248,1.3859700000000001,1.38589,0.75,0.75
16.08.2021 01:04:53.384,1.3859700000000001,1.38584,0.75,1.5
16.08.2021 01:04:59.930,1.38594,1.38583,0.37,0.75
16.08.2021 01:04:59.981,1.38594,1.3858100000000002,1.95,4.2
16.08.2021 01:05:00.082,1.3859100000000002,1.38582,0.1,0.45
16.08.2021 01:05:00.184,1.3859100000000002,1.3858100000000002,0.1,2.25
16.08.2021 01:05:05.376,1.3859000000000001,1.3858100000000002,0.1,1.5
16.08.2021 01:05:05.528,1.3859000000000001,1.3858000000000001,0.1,1.5
16.08.2021 01:05:06.134,1.38588,1.3858000000000001,0.75,0.75
16.08.2021 01:05:07.759,1.38588,1.38579,0.75,0.75
16.08.2021 01:05:10.071,1.38589,1.3858000000000001,0.82,0.75
16.08.2021 01:05:10.173,1.38583,1.38574,0.75,0.75
16.08.2021 01:05:10.274,1.3858100000000002,1.38574,0.75,0.75
16.08.2021 01:05:10.642,1.3858100000000002,1.38571,1.2,1.5
16.08.2021 01:05:13.178,1.3858000000000001,1.3857000000000002,0.75,0.75
16.08.2021 01:05:37.339,1.3858100000000002,1.38574,0.1,0.75
16.08.2021 01:05:38.110,1.38583,1.38573,0.82,0.75
16.08.2021 01:05:39.509,1.38583,1.38574,0.75,0.75
16.08.2021 01:05:39.611,1.38583,1.38575,0.75,0.75
16.08.2021 01:05:39.713,1.38584,1.38576,0.75,0.75
16.08.2021 01:05:40.826,1.38584,1.38578,0.75,0.75
16.08.2021 01:05:40.929,1.38585,1.38578,0.75,0.75
16.08.2021 01:05:45.531,1.38586,1.38579,1.57,0.75
16.08.2021 01:05:51.665,1.3858700000000002,1.38579,1.2,0.75
16.08.2021 01:05:56.421,1.3858700000000002,1.3858100000000002,0.45,0.75
16.08.2021 01:06:00.626,1.3859000000000001,1.38582,0.82,0.75
16.08.2021 01:06:00.727,1.3859000000000001,1.38583,0.82,0.75
16.08.2021 01:06:00.828,1.3859100000000002,1.38583,0.82,0.75
16.08.2021 01:06:01.082,1.38594,1.3858700000000002,0.37,0.75
16.08.2021 01:06:01.133,1.38595,1.38588,0.75,0.75
16.08.2021 01:06:02.122,1.38598,1.3858700000000002,0.26,0.75
16.08.2021 01:06:12.997,1.38599,1.3859299999999999,0.82,0.75
16.08.2021 01:06:16.834,1.3860000000000001,1.3859299999999999,0.82,0.75
16.08.2021 01:06:40.617,1.3860000000000001,1.38592,0.1,0.75
16.08.2021 01:06:42.366,1.3860100000000002,1.38592,0.1,0.75
16.08.2021 01:06:43.903,1.38602,1.38594,0.1,0.75
16.08.2021 01:07:11.996,1.38603,1.38595,0.1,0.75
16.08.2021 01:07:12.098,1.38603,1.38596,0.1,0.75
16.08.2021 01:07:12.200,1.38608,1.38598,0.75,0.75
16.08.2021 01:07:17.590,1.38609,1.3860000000000001,0.1,0.75
16.08.2021 01:07:17.692,1.38609,1.3860100000000002,0.82,0.75
16.08.2021 01:07:19.989,1.3861,1.3860100000000002,0.82,0.75
16.08.2021 01:07:31.039,1.3861,1.38602,0.82,0.75
16.08.2021 01:07:32.070,1.3861,1.3860100000000002,0.1,0.75
16.08.2021 01:07:45.647,1.38609,1.3860100000000002,0.1,0.75
16.08.2021 01:07:54.475,1.3861100000000002,1.3860000000000001,0.1,1.12
16.08.2021 01:08:11.988,1.38609,1.3860100000000002,0.75,0.37
16.08.2021 01:08:12.089,1.38609,1.3860000000000001,0.75,1.12
16.08.2021 01:08:19.174,1.3861,1.3860000000000001,1.57,1.12
16.08.2021 01:08:20.169,1.38609,1.38599,0.82,1.12
16.08.2021 01:08:25.606,1.38609,1.3860000000000001,0.82,0.75
16.08.2021 01:08:28.317,1.38609,1.38599,0.82,1.12
16.08.2021 01:08:41.141,1.38609,1.3860000000000001,0.1,0.37
16.08.2021 01:08:41.613,1.3861,1.3860000000000001,2.32,0.37
16.08.2021 01:08:43.992,1.38608,1.38599,0.75,1.12
16.08.2021 01:08:44.094,1.3860700000000001,1.38598,0.75,0.37
16.08.2021 01:08:44.814,1.38604,1.38594,1.2,4.57
16.08.2021 01:08:44.865,1.38602,1.38592,0.75,0.75
16.08.2021 01:08:44.968,1.3860100000000002,1.38592,0.82,3.07
16.08.2021 01:08:55.315,1.3860100000000002,1.3859100000000002,1.57,1.57
16.08.2021 01:09:07.398,1.3860100000000002,1.38592,0.82,2.44
16.08.2021 01:09:10.483,1.3860000000000001,1.38592,0.75,0.94
16.08.2021 01:09:14.169,1.38602,1.3859100000000002,0.82,1.69
16.08.2021 01:09:45.090,1.38604,1.3859299999999999,0.1,1.5
16.08.2021 01:09:45.191,1.38604,1.38594,0.45,1.76
16.08.2021 01:09:45.293,1.38604,1.38595,0.1,0.75
16.08.2021 01:09:45.565,1.38606,1.38596,0.82,0.75
16.08.2021 01:09:58.535,1.38608,1.38595,1.57,0.75
16.08.2021 01:10:08.908,1.3861,1.38598,0.82,0.82
16.08.2021 01:10:09.009,1.38609,1.3860000000000001,0.75,0.1
16.08.2021 01:10:09.111,1.3861,1.3860000000000001,1.57,0.82
16.08.2021 01:11:07.309,1.3861,1.3860100000000002,0.75,0.1
16.08.2021 01:11:16.326,1.3861100000000002,1.38603,0.82,0.75
16.08.2021 01:11:58.503,1.38614,1.38602,1.01,2.32
16.08.2021 01:11:58.554,1.38613,1.38606,0.75,0.75
16.08.2021 01:11:58.656,1.38614,1.3860700000000001,0.19,0.75
16.08.2021 01:12:00.566,1.38615,1.38605,0.19,0.75
16.08.2021 01:12:05.250,1.3861700000000001,1.38608,0.75,0.82
16.08.2021 01:12:08.690,1.38616,1.3861,0.75,0.1
16.08.2021 01:12:21.945,1.3861700000000001,1.3861,0.75,0.1
16.08.2021 01:13:17.849,1.38619,1.3861,0.75,0.75
16.08.2021 01:14:00.830,1.38613,1.38606,0.19,0.75
16.08.2021 01:14:00.931,1.38609,1.38604,0.75,1.12
16.08.2021 01:14:01.033,1.38609,1.38603,0.75,0.1
16.08.2021 01:14:01.748,1.38609,1.38602,0.75,0.82
16.08.2021 01:14:03.739,1.38609,1.3860000000000001,0.75,0.75
16.08.2021 01:14:03.841,1.38609,1.38599,0.75,0.1
16.08.2021 01:14:42.682,1.3860100000000002,1.38595,0.19,0.75
16.08.2021 01:14:42.827,1.3860100000000002,1.38594,0.94,0.75
16.08.2021 01:14:43.202,1.3860100000000002,1.3859299999999999,0.94,0.75
16.08.2021 01:14:50.725,1.38603,1.38592,0.94,0.75
16.08.2021 01:14:50.827,1.38603,1.38594,0.75,0.75
16.08.2021 01:14:56.872,1.38603,1.3859299999999999,1.5,0.75
16.08.2021 01:15:15.647,1.38603,1.38592,0.75,0.82
16.08.2021 01:15:15.749,1.38604,1.38592,1.69,0.1
16.08.2021 01:15:17.413,1.38603,1.38594,0.19,0.75
16.08.2021 01:15:18.098,1.38604,1.38594,1.57,0.75
16.08.2021 01:16:03.854,1.38604,1.3859299999999999,0.75,0.75
16.08.2021 01:16:07.820,1.38604,1.38594,0.26,0.75
16.08.2021 01:16:13.648,1.38604,1.3859299999999999,1.01,0.75
16.08.2021 01:16:14.592,1.38605,1.38596,0.75,1.12
16.08.2021 01:16:14.695,1.38609,1.38599,3.19,0.75
16.08.2021 01:16:14.746,1.3861,1.3860000000000001,3.19,0.75
16.08.2021 01:16:33.932,1.3861100000000002,1.3860000000000001,0.94,0.75
16.08.2021 01:16:35.778,1.38609,1.3860100000000002,0.19,0.75
16.08.2021 01:16:36.959,1.38609,1.3860000000000001,0.19,0.75
16.08.2021 01:16:37.061,1.38608,1.3860000000000001,0.19,0.75
16.08.2021 01:16:43.247,1.38608,1.38599,1.12,0.75
16.08.2021 01:16:43.299,1.3860700000000001,1.38598,1.12,1.5
16.08.2021 01:16:55.386,1.38608,1.38598,1.12,0.75
16.08.2021 01:16:55.488,1.38609,1.3860000000000001,0.19,0.75
16.08.2021 01:16:57.229,1.38609,1.3860100000000002,0.19,0.75
16.08.2021 01:16:57.584,1.3861,1.3860100000000002,0.19,0.75
16.08.2021 01:16:57.686,1.3861100000000002,1.3860100000000002,0.19,0.75
16.08.2021 01:17:01.002,1.3861100000000002,1.38602,1.12,0.75
16.08.2021 01:17:06.448,1.3861200000000002,1.38603,1.01,0.75
16.08.2021 01:17:20.129,1.38613,1.38603,0.19,0.75
16.08.2021 01:17:23.738,1.38615,1.38608,0.19,0.75
16.08.2021 01:17:23.788,1.3861700000000001,1.38609,1.2,0.75
16.08.2021 01:17:25.963,1.38618,1.3861100000000002,0.19,0.75
16.08.2021 01:17:26.065,1.3862,1.3861,0.19,0.75
16.08.2021 01:18:05.712,1.3862100000000002,1.3861,0.19,1.5
16.08.2021 01:18:26.725,1.38619,1.3861100000000002,0.75,1.5
16.08.2021 01:18:26.827,1.3861200000000002,1.38604,0.19,7.5
16.08.2021 01:18:27.030,1.3861,1.38605,0.19,7.5
16.08.2021 01:18:27.081,1.3861,1.38603,0.19,1.5
16.08.2021 01:18:37.683,1.3861,1.38602,0.19,0.75
16.08.2021 01:18:37.785,1.38609,1.38602,0.19,1.5
16.08.2021 01:18:43.021,1.38604,1.3860100000000002,0.75,0.75
16.08.2021 01:18:43.072,1.3860700000000001,1.3860000000000001,0.75,0.75
16.08.2021 01:18:43.123,1.38605,1.38598,0.75,0.75
16.08.2021 01:18:43.225,1.38606,1.38598,0.19,0.75
16.08.2021 01:18:43.276,1.38604,1.38598,0.94,0.75
16.08.2021 01:18:43.378,1.38605,1.38596,0.94,1.5
16.08.2021 01:18:45.524,1.38602,1.38595,0.19,0.75
16.08.2021 01:18:45.575,1.38602,1.38594,0.19,2.62
16.08.2021 01:18:45.676,1.38602,1.38595,0.19,0.75
16.08.2021 01:18:45.778,1.3860100000000002,1.38595,0.19,0.75
16.08.2021 01:18:45.829,1.3860100000000002,1.3859299999999999,0.19,1.5
16.08.2021 01:18:50.475,1.38602,1.3859299999999999,0.19,1.5
16.08.2021 01:18:51.189,1.3860000000000001,1.3859299999999999,0.19,1.5
16.08.2021 01:19:01.850,1.38603,1.38592,0.19,1.5
16.08.2021 01:19:20.523,1.38602,1.38594,0.75,1.5
16.08.2021 01:19:20.574,1.38604,1.38596,0.19,0.75
16.08.2021 01:19:20.675,1.38604,1.38595,0.19,0.75
16.08.2021 01:19:21.063,1.38605,1.38596,1.01,0.75
16.08.2021 01:19:21.165,1.38605,1.38598,0.19,0.75
16.08.2021 01:19:21.267,1.38604,1.3859700000000001,0.94,0.75
16.08.2021 01:19:21.368,1.38602,1.38594,0.19,0.75
16.08.2021 01:19:21.470,1.3860100000000002,1.38594,0.94,0.37
16.08.2021 01:19:26.901,1.3860100000000002,1.3859299999999999,0.94,0.75
16.08.2021 01:19:33.292,1.38602,1.3859100000000002,1.01,0.75
16.08.2021 01:19:33.448,1.38604,1.3859700000000001,3.64,0.75
16.08.2021 01:19:33.600,1.38605,1.3860000000000001,0.19,0.75
16.08.2021 01:19:33.651,1.38604,1.3859700000000001,0.94,1.5
16.08.2021 01:19:36.276,1.38608,1.3860100000000002,1.57,0.75
16.08.2021 01:19:36.378,1.38609,1.3860100000000002,0.19,2.25
16.08.2021 01:19:37.023,1.3861,1.3860100000000002,0.26,1.5
16.08.2021 01:19:49.824,1.3861,1.38602,0.19,0.75
16.08.2021 01:19:54.904,1.3861,1.3860100000000002,0.19,0.75
16.08.2021 01:19:55.208,1.38609,1.3860100000000002,0.75,0.75
16.08.2021 01:19:55.309,1.38609,1.38602,0.94,0.75
16.08.2021 01:19:56.733,1.38609,1.3860100000000002,0.94,1.5
16.08.2021 01:20:03.638,1.3861,1.3860100000000002,1.01,1.5
16.08.2021 01:20:10.244,1.3861,1.38602,0.19,0.75
16.08.2021 01:20:17.602,1.3861200000000002,1.3860100000000002,1.5,0.82
16.08.2021 01:20:17.704,1.3861200000000002,1.38602,0.75,0.75
16.08.2021 01:20:22.739,1.3861100000000002,1.38602,0.75,0.82
16.08.2021 01:20:23.474,1.3861100000000002,1.38603,0.75,0.75
16.08.2021 01:20:24.549,1.3861200000000002,1.3860100000000002,0.94,0.82
16.08.2021 01:20:28.118,1.3861100000000002,1.38603,0.94,0.75
16.08.2021 01:20:29.776,1.3861200000000002,1.3860100000000002,0.75,0.82
16.08.2021 01:20:31.087,1.3861200000000002,1.38602,0.94,0.75
16.08.2021 01:20:32.039,1.3861100000000002,1.38602,0.94,0.82
16.08.2021 01:20:34.620,1.3861100000000002,1.38603,0.94,0.75
16.08.2021 01:20:34.722,1.38614,1.38603,1.31,0.82
16.08.2021 01:20:38.552,1.38613,1.38605,0.94,0.75
16.08.2021 01:20:42.648,1.38616,1.38609,1.12,0.75
16.08.2021 01:20:42.750,1.3861700000000001,1.38609,0.15,0.82
16.08.2021 01:20:43.442,1.3861700000000001,1.3861,0.15,0.82
16.08.2021 01:20:43.544,1.38618,1.3861100000000002,0.75,0.82
16.08.2021 01:20:48.474,1.3862,1.3861100000000002,2.25,0.82
16.08.2021 01:21:03.344,1.3862,1.3861200000000002,0.75,0.1
16.08.2021 01:21:05.345,1.3862100000000002,1.3861200000000002,3,0.1
16.08.2021 01:21:09.044,1.3862,1.3861200000000002,0.19,0.1
16.08.2021 01:21:10.042,1.3862100000000002,1.3861200000000002,3,0.1
16.08.2021 01:21:15.519,1.3862100000000002,1.38613,2.25,0.75
16.08.2021 01:21:19.459,1.3862200000000002,1.3861100000000002,2.25,0.1
16.08.2021 01:21:21.822,1.3862700000000001,1.38619,5.94,0.1
16.08.2021 01:21:21.924,1.38629,1.3862100000000002,7.69,0.1
16.08.2021 01:21:36.543,1.38629,1.3862,0.75,0.1
16.08.2021 01:21:50.063,1.38629,1.3862100000000002,0.75,0.82
16.08.2021 01:21:52.815,1.38629,1.3862200000000002,0.75,0.82
16.08.2021 01:21:59.044,1.38629,1.38623,0.75,0.1
16.08.2021 01:22:09.492,1.3863,1.38623,0.75,0.82
16.08.2021 01:22:16.179,1.3863,1.3862400000000001,0.75,0.75
16.08.2021 01:23:06.247,1.3863,1.38623,0.75,0.82
16.08.2021 01:23:06.349,1.3863200000000002,1.3862200000000002,0.94,0.82
16.08.2021 01:23:21.856,1.3863,1.38623,0.75,0.75
16.08.2021 01:23:34.273,1.3863200000000002,1.3862200000000002,0.75,0.75
16.08.2021 01:23:34.374,1.3863200000000002,1.3862100000000002,0.75,0.82
16.08.2021 01:23:44.117,1.3863200000000002,1.3862200000000002,0.75,0.82
16.08.2021 01:23:48.702,1.3863200000000002,1.3862100000000002,0.75,0.82
16.08.2021 01:24:07.442,1.3863100000000002,1.3862100000000002,0.94,0.1
16.08.2021 01:24:07.543,1.3863100000000002,1.3862,1.69,1.57
16.08.2021 01:24:12.204,1.3863100000000002,1.3862100000000002,0.19,0.1
16.08.2021 01:24:14.581,1.3863,1.38623,0.19,0.1
16.08.2021 01:24:15.078,1.3863100000000002,1.3862100000000002,0.19,0.1
16.08.2021 01:24:17.129,1.3863100000000002,1.3862,0.19,1.57
16.08.2021 01:24:17.985,1.3863,1.3862200000000002,0.19,0.1
16.08.2021 01:24:19.476,1.3863100000000002,1.3862,0.37,1.57
16.08.2021 01:24:19.577,1.38629,1.3862100000000002,0.19,1.57
16.08.2021 01:24:29.717,1.3863,1.3862100000000002,0.94,1.57
16.08.2021 01:25:05.974,1.38629,1.3862100000000002,0.75,0.82
16.08.2021 01:25:39.016,1.3863,1.3862100000000002,0.75,0.1
16.08.2021 01:25:40.076,1.3863,1.3862200000000002,1.69,0.1
16.08.2021 01:26:38.868,1.3863200000000002,1.3862100000000002,1.31,0.82
16.08.2021 01:26:53.499,1.3863400000000001,1.38629,1.2,0.75
16.08.2021 01:26:53.601,1.38638,1.3863100000000002,0.19,0.1
16.08.2021 01:27:00.763,1.38639,1.3863100000000002,0.19,0.75
16.08.2021 01:27:02.567,1.38637,1.3863200000000002,0.19,0.75
16.08.2021 01:27:02.796,1.38638,1.3863,0.19,0.82
16.08.2021 01:27:06.333,1.38639,1.3863,0.19,0.82
16.08.2021 01:27:08.884,1.38637,1.3863,0.19,0.82
16.08.2021 01:27:09.731,1.38636,1.38629,0.19,1.57
16.08.2021 01:27:11.658,1.38635,1.38628,0.19,0.82
16.08.2021 01:27:12.881,1.38636,1.38628,0.19,0.75
16.08.2021 01:27:18.763,1.38636,1.3863,0.19,0.75
16.08.2021 01:27:18.815,1.38638,1.3863,0.94,0.75
16.08.2021 01:27:19.944,1.38639,1.3863,0.94,0.82
16.08.2021 01:27:24.704,1.38639,1.3863100000000002,0.94,0.75
16.08.2021 01:28:14.334,1.3864,1.3863100000000002,0.75,0.1
16.08.2021 01:28:16.741,1.38639,1.3863100000000002,0.75,0.82
16.08.2021 01:28:19.632,1.3864,1.3863100000000002,0.75,0.75
16.08.2021 01:28:24.545,1.3864200000000002,1.3863100000000002,0.94,0.75
16.08.2021 01:28:24.794,1.38639,1.3863200000000002,0.75,0.75
16.08.2021 01:28:48.373,1.38639,1.3863100000000002,0.75,0.82
16.08.2021 01:29:25.244,1.3864100000000001,1.3863200000000002,0.94,0.75
16.08.2021 01:29:48.414,1.38643,1.3863100000000002,2.81,1.5
16.08.2021 01:29:54.631,1.3864,1.3863200000000002,0.19,1.5
16.08.2021 01:30:15.974,1.3864200000000002,1.3863100000000002,0.37,1.5
16.08.2021 01:30:24.965,1.3864200000000002,1.38633,1.31,0.1
16.08.2021 01:30:25.067,1.38643,1.3863100000000002,1.31,1.57
16.08.2021 01:30:29.579,1.38645,1.38638,0.75,0.75
16.08.2021 01:30:29.680,1.38645,1.38637,0.19,0.75
16.08.2021 01:30:43.690,1.38645,1.38636,0.19,2.32
16.08.2021 01:30:44.235,1.38645,1.38635,0.19,2.32
16.08.2021 01:30:48.541,1.3864400000000001,1.3864,0.19,0.37
16.08.2021 01:30:49.796,1.38645,1.38635,0.19,2.32
16.08.2021 01:30:52.109,1.3864400000000001,1.3863400000000001,0.94,1.57
16.08.2021 01:30:52.211,1.3864400000000001,1.38635,0.94,0.1
16.08.2021 01:31:08.019,1.38647,1.38638,0.19,0.75
16.08.2021 01:31:08.070,1.38649,1.38639,0.45,1.5
16.08.2021 01:31:08.172,1.3865,1.3864200000000002,0.37,0.75
16.08.2021 01:31:09.893,1.38648,1.3864100000000001,0.75,0.75
16.08.2021 01:31:09.995,1.38649,1.38639,0.75,0.1
16.08.2021 01:31:20.893,1.38648,1.3864100000000001,0.75,0.1
16.08.2021 01:31:34.032,1.38647,1.38637,0.75,0.82
16.08.2021 01:31:34.184,1.38646,1.38637,0.75,0.82
16.08.2021 01:31:46.585,1.38646,1.38638,0.19,0.1
16.08.2021 01:32:01.240,1.38648,1.38639,1.12,0.1
16.08.2021 01:32:01.393,1.38647,1.38639,0.19,0.1
16.08.2021 01:32:01.495,1.38647,1.38638,0.94,0.82
16.08.2021 01:32:02.527,1.38646,1.38638,0.75,0.82
16.08.2021 01:32:02.579,1.3864100000000001,1.38633,0.19,0.82
16.08.2021 01:32:02.682,1.3864100000000001,1.3863200000000002,1.12,0.75
16.08.2021 01:32:08.299,1.3864100000000001,1.3863,1.12,0.75
16.08.2021 01:32:08.400,1.38639,1.3863100000000002,0.75,0.75
16.08.2021 01:32:08.502,1.3864100000000001,1.3863,1.12,0.75
16.08.2021 01:32:08.654,1.38639,1.3863100000000002,0.75,0.75
16.08.2021 01:32:08.756,1.3864,1.3863100000000002,1.87,0.75
16.08.2021 01:32:11.120,1.38639,1.3863100000000002,0.19,0.75
16.08.2021 01:32:12.057,1.3864,1.38629,0.19,1.57
16.08.2021 01:32:12.159,1.3864100000000001,1.3863,0.19,0.1
16.08.2021 01:32:13.913,1.38639,1.3863,0.75,0.1
16.08.2021 01:32:42.754,1.38638,1.3863,0.75,0.82
16.08.2021 01:32:51.148,1.38635,1.3863,0.37,0.75
16.08.2021 01:32:51.199,1.3863400000000001,1.3862700000000001,1.5,0.1
16.08.2021 01:32:51.250,1.38638,1.38629,0.94,0.1
16.08.2021 01:32:51.352,1.38638,1.38628,0.75,0.82
16.08.2021 01:32:59.037,1.38638,1.38629,0.94,0.82
16.08.2021 01:32:59.189,1.38638,1.3863,0.94,0.1
16.08.2021 01:32:59.448,1.38638,1.38629,0.94,0.82
16.08.2021 01:33:04.130,1.38636,1.38628,0.94,0.75
16.08.2021 01:33:04.232,1.38635,1.3862700000000001,0.75,0.82
16.08.2021 01:33:04.334,1.3863100000000002,1.3862200000000002,0.94,0.82
16.08.2021 01:33:04.385,1.3863,1.3862100000000002,0.75,0.82
16.08.2021 01:33:05.112,1.38629,1.3862100000000002,0.75,0.82
16.08.2021 01:33:38.311,1.3863,1.3862100000000002,0.94,0.82
16.08.2021 01:33:59.073,1.3863,1.3862,0.75,0.75
16.08.2021 01:34:03.374,1.38628,1.3862100000000002,0.75,0.75
16.08.2021 01:34:16.232,1.38629,1.3862100000000002,1.5,0.75
16.08.2021 01:34:56.586,1.3863,1.3862100000000002,1.5,0.82
16.08.2021 01:35:06.939,1.3863100000000002,1.38625,1.2,0.75
16.08.2021 01:35:07.091,1.38633,1.38625,0.82,0.75
16.08.2021 01:35:07.293,1.38635,1.3862400000000001,1.57,0.75
16.08.2021 01:35:23.321,1.3863400000000001,1.3862400000000001,0.75,0.1
16.08.2021 01:35:52.396,1.3863400000000001,1.38625,0.75,0.1
16.08.2021 01:36:14.690,1.38636,1.3862400000000001,0.94,0.1
16.08.2021 01:36:29.634,1.38636,1.38623,0.82,0.1
16.08.2021 01:36:30.085,1.38636,1.3862400000000001,0.75,0.1
16.08.2021 01:36:31.389,1.38635,1.3862400000000001,0.82,0.1
16.08.2021 01:36:31.903,1.38635,1.38625,0.75,0.1
16.08.2021 01:36:35.303,1.38635,1.3862400000000001,0.82,0.1
16.08.2021 01:36:36.187,1.38635,1.38625,0.75,0.1
16.08.2021 01:36:36.577,1.38636,1.38623,0.82,0.1
16.08.2021 01:36:37.036,1.38635,1.38625,0.75,0.1
16.08.2021 01:36:42.940,1.38635,1.3862400000000001,0.82,0.1
16.08.2021 01:36:51.424,1.38636,1.38625,2.4,0.1
16.08.2021 01:36:51.786,1.38635,1.3862400000000001,0.1,0.82
16.08.2021 01:36:52.193,1.38636,1.38625,2.4,0.1
16.08.2021 01:36:52.663,1.38635,1.3862400000000001,0.1,0.82
16.08.2021 01:36:55.588,1.38636,1.38625,2.77,0.1
16.08.2021 01:36:56.261,1.38635,1.3862400000000001,0.1,0.82
16.08.2021 01:37:42.632,1.3863200000000002,1.38623,2.44,0.75
16.08.2021 01:37:42.734,1.3863200000000002,1.3862,1.87,0.82
16.08.2021 01:37:43.500,1.3863,1.3862100000000002,0.37,0.1
16.08.2021 01:37:43.601,1.3863,1.3862,0.37,0.82
16.08.2021 01:38:36.744,1.3863200000000002,1.38619,1.95,0.82
16.08.2021 01:38:37.956,1.3863100000000002,1.3862200000000002,1.2,0.75
16.08.2021 01:38:42.890,1.38633,1.3862200000000002,1.12,0.75
16.08.2021 01:38:42.992,1.38633,1.3862400000000001,1.2,0.75
16.08.2021 01:40:06.114,1.3863100000000002,1.3862200000000002,0.37,0.82
16.08.2021 01:40:33.008,1.3863200000000002,1.3862200000000002,2.32,0.82
16.08.2021 01:40:42.725,1.3863100000000002,1.3862200000000002,0.45,0.75
16.08.2021 01:40:45.849,1.38628,1.3862100000000002,0.75,0.75
16.08.2021 01:40:46.154,1.3863100000000002,1.3862200000000002,0.45,0.75
16.08.2021 01:40:48.519,1.38633,1.3862100000000002,1.2,0.82
16.08.2021 01:40:53.907,1.3863200000000002,1.38623,0.45,0.75
16.08.2021 01:41:07.120,1.3863100000000002,1.38623,1.2,0.75
16.08.2021 01:41:09.593,1.3863,1.38623,0.1,0.75
16.08.2021 01:41:10.677,1.3863100000000002,1.38623,1.95,0.75
16.08.2021 01:41:11.203,1.3863100000000002,1.3862200000000002,0.37,0.75
16.08.2021 01:41:12.529,1.3863100000000002,1.38623,1.95,0.75
16.08.2021 01:41:14.297,1.3863200000000002,1.3862,0.45,1.57
16.08.2021 01:41:14.420,1.3863100000000002,1.3862200000000002,0.37,0.82
16.08.2021 01:41:14.624,1.3863200000000002,1.3862200000000002,0.45,0.82
16.08.2021 01:41:14.727,1.3863200000000002,1.38623,0.37,0.1
16.08.2021 01:41:14.880,1.38633,1.38623,0.82,0.82
16.08.2021 01:41:14.931,1.3863400000000001,1.38625,1.2,0.75
16.08.2021 01:41:23.533,1.38635,1.38626,1.95,0.75
16.08.2021 01:41:35.730,1.38637,1.38625,1.01,1.5
16.08.2021 01:42:00.912,1.38637,1.38626,0.94,0.75
16.08.2021 01:42:01.013,1.38639,1.3863100000000002,0.75,0.75
16.08.2021 01:42:01.115,1.3864,1.3863100000000002,0.75,0.75
16.08.2021 01:42:01.216,1.3864100000000001,1.3863100000000002,0.94,0.75
16.08.2021 01:42:14.082,1.3864100000000001,1.3863200000000002,1.12,0.75
16.08.2021 01:42:27.953,1.3864200000000002,1.38633,0.45,0.75
16.08.2021 01:42:28.464,1.38643,1.38635,0.37,1.5
16.08.2021 01:42:32.504,1.38643,1.38636,0.37,0.75
16.08.2021 01:42:39.231,1.3864400000000001,1.38636,0.19,1.5
16.08.2021 01:42:39.332,1.38645,1.38637,0.19,0.75
16.08.2021 01:42:49.636,1.38647,1.3864100000000001,1.2,0.75
16.08.2021 01:42:49.737,1.38648,1.3864100000000001,0.45,0.75
16.08.2021 01:42:49.839,1.3865,1.3864200000000002,1.57,0.75
16.08.2021 01:42:51.532,1.38649,1.3864100000000001,0.19,0.75
16.08.2021 01:42:52.283,1.3865,1.3864200000000002,2.4,0.75
16.08.2021 01:42:56.482,1.3865100000000001,1.3864200000000002,2.02,0.75
16.08.2021 01:43:21.195,1.38653,1.3864200000000002,0.75,0.75
16.08.2021 01:43:21.803,1.38653,1.38643,3.45,0.82
16.08.2021 01:43:21.905,1.38653,1.3864200000000002,0.37,0.82
16.08.2021 01:43:22.013,1.38654,1.3864200000000002,3.45,0.82
16.08.2021 01:43:22.638,1.38653,1.3864400000000001,3.45,0.75
16.08.2021 01:43:22.944,1.3865200000000002,1.38643,1.12,0.75
16.08.2021 01:43:23.303,1.38653,1.38643,1.12,0.75
16.08.2021 01:43:23.405,1.3865200000000002,1.38643,1.12,0.75
16.08.2021 01:43:23.507,1.38653,1.38643,1.12,0.75
16.08.2021 01:43:23.609,1.3865200000000002,1.38643,1.12,0.75
16.08.2021 01:43:23.712,1.38653,1.3864400000000001,3.45,0.75
16.08.2021 01:43:23.814,1.38653,1.38643,2.7,0.75
16.08.2021 01:43:23.915,1.38654,1.38643,3.45,0.75
16.08.2021 01:43:24.821,1.38653,1.3864200000000002,0.37,0.82
16.08.2021 01:43:25.036,1.3865200000000002,1.3864400000000001,1.12,0.75
16.08.2021 01:43:25.137,1.3865200000000002,1.38643,1.95,0.75
16.08.2021 01:43:26.068,1.3865100000000001,1.38643,0.82,0.75
16.08.2021 01:43:26.231,1.38653,1.3864200000000002,3.07,0.75
16.08.2021 01:43:26.413,1.3865200000000002,1.3864200000000002,0.37,0.75
16.08.2021 01:43:27.492,1.3865200000000002,1.38643,3.07,0.75
16.08.2021 01:43:27.658,1.3865100000000001,1.38643,0.82,0.75
16.08.2021 01:43:28.093,1.3865200000000002,1.38643,3.07,0.75
16.08.2021 01:43:35.585,1.38653,1.38643,1.12,0.75
16.08.2021 01:43:42.264,1.3865200000000002,1.38643,0.75,0.75
16.08.2021 01:43:42.502,1.3865100000000001,1.38643,0.75,0.75
16.08.2021 01:43:46.816,1.3865200000000002,1.3864400000000001,0.75,0.75
16.08.2021 01:43:46.954,1.3865200000000002,1.38645,1.12,0.75
16.08.2021 01:43:52.403,1.38653,1.38643,1.12,0.75
16.08.2021 01:44:06.520,1.3865200000000002,1.38643,1.12,1.5
16.08.2021 01:44:40.059,1.3865100000000001,1.38643,0.75,0.75
16.08.2021 01:44:40.275,1.3865,1.38643,0.75,0.75
16.08.2021 01:44:40.478,1.3865100000000001,1.3864100000000001,0.75,0.75
16.08.2021 01:44:43.444,1.3865200000000002,1.3864100000000001,0.75,0.75
16.08.2021 01:44:49.254,1.3865,1.3864200000000002,0.75,0.75
16.08.2021 01:44:55.895,1.3865200000000002,1.3864100000000001,1.5,0.75
16.08.2021 01:45:01.681,1.3865100000000001,1.3864100000000001,0.75,1.5
16.08.2021 01:45:01.782,1.3865200000000002,1.3864100000000001,2.25,1.5
16.08.2021 01:45:03.166,1.3865,1.3864200000000002,0.75,1.5
16.08.2021 01:45:03.498,1.38647,1.3864,0.75,0.75
16.08.2021 01:45:03.549,1.38648,1.38638,0.75,1.57
16.08.2021 01:45:03.948,1.38648,1.38637,0.75,0.75
16.08.2021 01:45:05.616,1.38647,1.38637,0.75,0.75
16.08.2021 01:45:05.668,1.3864400000000001,1.38635,1.12,0.1
16.08.2021 01:45:05.719,1.3864200000000002,1.38633,0.75,3.94
16.08.2021 01:45:05.871,1.3864400000000001,1.3863200000000002,0.75,1.01
16.08.2021 01:45:05.973,1.38643,1.3863200000000002,0.75,0.94
16.08.2021 01:45:08.048,1.3864200000000002,1.3863400000000001,0.75,0.75
16.08.2021 01:45:08.302,1.3864200000000002,1.38633,1.12,0.75
16.08.2021 01:45:09.042,1.38646,1.38636,1.2,0.75
16.08.2021 01:45:09.145,1.38646,1.38637,0.75,0.75
16.08.2021 01:45:09.248,1.38648,1.38636,0.75,0.75
16.08.2021 01:45:13.623,1.38649,1.38636,2.06,1.57
16.08.2021 01:45:15.237,1.38648,1.3864200000000002,0.75,0.75
16.08.2021 01:45:15.288,1.3865,1.3864200000000002,0.75,0.75
16.08.2021 01:45:15.390,1.3865100000000001,1.3864200000000002,0.37,0.75
16.08.2021 01:45:17.273,1.3865200000000002,1.3864200000000002,0.37,0.75
16.08.2021 01:45:29.384,1.3865200000000002,1.38643,1.87,0.75
16.08.2021 01:45:29.486,1.3865100000000001,1.38643,0.37,0.75
16.08.2021 01:45:35.577,1.3865200000000002,1.3864100000000001,0.37,1.5
16.08.2021 01:45:38.979,1.38653,1.3864100000000001,0.37,1.57
16.08.2021 01:45:40.602,1.3865200000000002,1.38643,0.37,0.75
16.08.2021 01:45:42.240,1.3865200000000002,1.3864200000000002,0.37,1.57
16.08.2021 01:45:44.749,1.3865200000000002,1.38643,0.37,0.75
16.08.2021 01:45:52.898,1.3865100000000001,1.3864200000000002,0.75,0.75
16.08.2021 01:45:53.000,1.38649,1.38643,0.75,0.75
16.08.2021 01:45:53.547,1.3865,1.3864100000000001,0.75,0.75
16.08.2021 01:45:54.084,1.38649,1.3864100000000001,0.75,0.75
16.08.2021 01:45:54.136,1.38647,1.3864,0.75,0.75
16.08.2021 01:45:54.238,1.38648,1.38638,0.75,1.5
16.08.2021 01:45:54.340,1.38648,1.38639,1.2,0.75
16.08.2021 01:45:54.484,1.38648,1.38638,1.2,1.5
16.08.2021 01:45:54.814,1.38648,1.38637,0.75,1.5
16.08.2021 01:45:55.133,1.38648,1.38638,1.2,1.5
16.08.2021 01:45:55.794,1.38647,1.38638,0.75,1.5
16.08.2021 01:45:57.274,1.3864400000000001,1.3863400000000001,1.12,0.75
16.08.2021 01:45:57.375,1.38643,1.3863400000000001,1.12,0.75
16.08.2021 01:46:00.218,1.38643,1.38636,0.37,0.75
16.08.2021 01:46:01.371,1.38646,1.38638,0.75,0.75
16.08.2021 01:46:01.473,1.38647,1.3864100000000001,0.45,0.75
16.08.2021 01:46:01.574,1.3865,1.3864200000000002,3.34,0.75
16.08.2021 01:46:07.613,1.3865100000000001,1.3864200000000002,2.81,0.75
16.08.2021 01:46:10.119,1.3865,1.3864100000000001,2.06,1.5
16.08.2021 01:46:16.076,1.3865,1.3864,0.75,1.5
16.08.2021 01:46:16.127,1.38648,1.3864,0.75,1.5
16.08.2021 01:46:16.228,1.38648,1.3864100000000001,0.75,1.5
16.08.2021 01:46:17.128,1.38649,1.3864100000000001,1.2,1.5
16.08.2021 01:46:18.363,1.3865100000000001,1.3864,1.57,1.5
16.08.2021 01:46:21.229,1.3865100000000001,1.3864100000000001,1.87,1.5
16.08.2021 01:46:26.953,1.3865100000000001,1.3864,0.75,1.5
16.08.2021 01:46:27.055,1.38646,1.38636,1.5,0.75
16.08.2021 01:46:27.157,1.38646,1.38635,1.57,0.75
16.08.2021 01:46:30.230,1.38645,1.38635,0.37,0.75
16.08.2021 01:46:30.332,1.38643,1.3863400000000001,0.37,1.5
16.08.2021 01:46:32.850,1.3864400000000001,1.3863400000000001,0.37,0.75
16.08.2021 01:46:34.166,1.38646,1.3864100000000001,0.75,0.75
16.08.2021 01:46:34.319,1.38648,1.3864,0.45,0.75
16.08.2021 01:46:34.370,1.3865100000000001,1.3864,1.31,0.75
16.08.2021 01:46:34.472,1.3865,1.3864200000000002,0.94,0.75
16.08.2021 01:46:35.596,1.3865200000000002,1.3864100000000001,1.31,0.75
16.08.2021 01:46:37.414,1.3865,1.3864200000000002,0.75,0.75
16.08.2021 01:46:37.515,1.3865,1.38643,0.75,0.75
16.08.2021 01:46:38.235,1.3865200000000002,1.3864100000000001,1.31,0.75
16.08.2021 01:46:39.291,1.3865200000000002,1.3864200000000002,2.14,0.75
16.08.2021 01:46:39.393,1.3865200000000002,1.3864100000000001,2.51,0.75
16.08.2021 01:46:48.152,1.3865200000000002,1.38643,0.37,0.75
16.08.2021 01:46:48.254,1.3865200000000002,1.3864400000000001,0.64,0.75
16.08.2021 01:46:48.456,1.3865200000000002,1.38645,0.37,0.75
16.08.2021 01:46:49.185,1.38653,1.38643,0.37,0.75
16.08.2021 01:46:49.287,1.38654,1.38647,1.12,0.75
16.08.2021 01:46:49.389,1.3865500000000002,1.38645,1.69,0.75
16.08.2021 01:46:49.895,1.3865500000000002,1.38646,1.69,0.75
16.08.2021 01:46:49.997,1.38654,1.38645,2.25,0.75
16.08.2021 01:46:50.098,1.38653,1.38645,0.37,0.75
16.08.2021 01:46:50.149,1.3865500000000002,1.38647,0.94,0.75
16.08.2021 01:46:50.251,1.38657,1.38649,1.76,0.75
16.08.2021 01:46:50.404,1.38659,1.38649,1.12,0.75
16.08.2021 01:46:50.556,1.38658,1.3865100000000001,1.12,0.75
16.08.2021 01:46:50.961,1.3866,1.3865200000000002,1.95,0.75
16.08.2021 01:46:51.062,1.3866100000000001,1.3865200000000002,0.82,0.75
16.08.2021 01:46:51.164,1.3866,1.3865200000000002,0.37,1.5
16.08.2021 01:46:51.682,1.3866,1.38653,0.37,0.75
16.08.2021 01:47:04.460,1.3866200000000002,1.3865100000000001,1.12,0.75
16.08.2021 01:47:10.126,1.3866200000000002,1.3865200000000002,1.87,1.5
16.08.2021 01:47:10.404,1.3866200000000002,1.38653,1.12,0.75
16.08.2021 01:47:11.804,1.3866100000000001,1.38653,0.75,0.75
16.08.2021 01:47:11.956,1.3866200000000002,1.38653,1.87,0.75
16.08.2021 01:47:13.303,1.3866200000000002,1.3865200000000002,0.75,0.75
16.08.2021 01:47:13.823,1.3866200000000002,1.38653,1.57,0.75
16.08.2021 01:47:13.925,1.3866100000000001,1.38653,0.75,0.75
16.08.2021 01:47:14.127,1.3866200000000002,1.38653,2.32,0.75
16.08.2021 01:47:14.556,1.3866200000000002,1.3865200000000002,0.75,0.75
16.08.2021 01:47:14.961,1.3866,1.38653,0.75,0.75
16.08.2021 01:47:15.063,1.3866100000000001,1.3865200000000002,0.82,1.5
16.08.2021 01:47:16.702,1.3866,1.3865200000000002,0.75,1.5
16.08.2021 01:47:16.803,1.3866200000000002,1.3865100000000001,0.82,1.5
16.08.2021 01:47:22.354,1.3866200000000002,1.3865200000000002,1.95,1.5
16.08.2021 01:47:22.519,1.3866100000000001,1.3865200000000002,0.75,1.5
16.08.2021 01:47:24.204,1.38663,1.3865100000000001,1.95,1.5
16.08.2021 01:47:24.567,1.3866100000000001,1.3865200000000002,0.75,1.5
16.08.2021 01:47:24.686,1.38663,1.3865100000000001,1.95,1.5
16.08.2021 01:47:24.788,1.3866100000000001,1.3865200000000002,0.75,1.5
16.08.2021 01:47:25.972,1.3866100000000001,1.38653,1.5,0.75
16.08.2021 01:47:43.605,1.3866100000000001,1.3865200000000002,0.75,0.75
16.08.2021 01:47:44.702,1.3866100000000001,1.38653,1.57,0.75
16.08.2021 01:47:44.919,1.3866100000000001,1.3865200000000002,0.75,0.75
16.08.2021 01:47:45.020,1.3866200000000002,1.3865200000000002,1.57,0.75
16.08.2021 01:47:48.066,1.3866100000000001,1.3865200000000002,0.75,0.75
16.08.2021 01:47:48.168,1.3866200000000002,1.3865200000000002,1.57,0.75
16.08.2021 01:47:49.246,1.3866,1.38653,0.75,0.75
16.08.2021 01:47:49.755,1.3866100000000001,1.38653,1.5,0.75
16.08.2021 01:47:50.303,1.3866,1.38653,0.75,0.75
16.08.2021 01:47:51.522,1.3866100000000001,1.38653,1.69,0.75
16.08.2021 01:47:52.142,1.3866,1.38653,0.75,0.75
16.08.2021 01:47:54.554,1.38659,1.38653,0.75,0.75
16.08.2021 01:47:55.032,1.3866,1.38653,0.75,0.75
16.08.2021 01:47:55.175,1.38659,1.38653,0.75,0.75
16.08.2021 01:47:58.734,1.3866,1.38653,0.75,0.75
16.08.2021 01:48:01.044,1.3866,1.3865200000000002,0.75,0.75
16.08.2021 01:48:02.385,1.3866,1.38653,0.75,0.75
16.08.2021 01:48:03.588,1.38659,1.3865200000000002,0.75,0.75
16.08.2021 01:48:03.689,1.3866100000000001,1.3865200000000002,3.56,0.75
16.08.2021 01:48:04.538,1.3866100000000001,1.3865100000000001,0.75,0.75
16.08.2021 01:48:04.777,1.3866200000000002,1.3865100000000001,2.25,0.75
16.08.2021 01:48:05.478,1.3866,1.3865200000000002,0.75,0.75
16.08.2021 01:48:05.753,1.3866,1.3865100000000001,0.75,0.75
16.08.2021 01:48:06.007,1.3866,1.3865200000000002,0.75,0.75
16.08.2021 01:48:07.805,1.38659,1.3865200000000002,0.75,0.75
16.08.2021 01:48:08.007,1.3866,1.3865200000000002,0.75,0.75
16.08.2021 01:48:11.212,1.3866,1.3865100000000001,0.75,0.75
16.08.2021 01:48:11.313,1.3866,1.3865100000000001,1.87,0.75
16.08.2021 01:48:12.033,1.38659,1.3865100000000001,0.75,0.75
16.08.2021 01:48:12.185,1.3866,1.3865100000000001,1.87,0.75
16.08.2021 01:48:21.154,1.3866100000000001,1.3865100000000001,0.75,0.75
16.08.2021 01:48:21.258,1.3866100000000001,1.3865200000000002,1.5,0.75
16.08.2021 01:48:28.124,1.3866200000000002,1.3865200000000002,0.75,0.75
16.08.2021 01:48:28.430,1.38663,1.38657,0.75,0.75
16.08.2021 01:48:28.481,1.3866500000000002,1.38657,0.82,0.94
16.08.2021 01:48:28.634,1.38668,1.38656,2.77,0.94
16.08.2021 01:48:30.212,1.38667,1.38658,2.4,0.75
16.08.2021 01:48:30.484,1.38666,1.38658,0.75,0.75
16.08.2021 01:48:31.037,1.38668,1.38657,2.77,0.75
16.08.2021 01:48:34.172,1.38667,1.38659,0.75,0.75
16.08.2021 01:48:34.446,1.38668,1.3866,0.45,0.75
16.08.2021 01:48:34.497,1.38668,1.3866200000000002,0.45,0.75
16.08.2021 01:48:34.649,1.38669,1.3866200000000002,0.75,0.75
16.08.2021 01:48:38.224,1.38669,1.3866100000000001,1.5,0.75
16.08.2021 01:48:42.061,1.38671,1.3866,1.95,0.75
16.08.2021 01:48:42.663,1.3867,1.3866,0.75,0.75
16.08.2021 01:48:42.764,1.3867,1.3866100000000001,1.95,0.75
16.08.2021 01:48:46.454,1.38669,1.3866100000000001,0.75,0.75
16.08.2021 01:48:49.046,1.38671,1.3866,1.5,0.75
16.08.2021 01:48:49.147,1.3867,1.3866,0.75,0.75
16.08.2021 01:48:49.451,1.38671,1.3866,1.5,0.75
16.08.2021 01:48:49.605,1.38669,1.3866100000000001,0.75,0.75
16.08.2021 01:48:51.057,1.38669,1.3866,0.75,0.75
16.08.2021 01:48:51.158,1.38667,1.38658,0.75,1.5
16.08.2021 01:48:51.260,1.38666,1.38658,0.75,0.75
16.08.2021 01:48:51.362,1.38667,1.38658,0.75,0.75
16.08.2021 01:48:53.417,1.38667,1.38657,0.75,0.75
16.08.2021 01:48:54.017,1.38667,1.38658,1.5,0.75
16.08.2021 01:48:54.517,1.38667,1.38657,0.75,0.75
16.08.2021 01:48:54.669,1.38667,1.38658,1.5,0.75
16.08.2021 01:48:55.084,1.38667,1.38657,0.75,0.75
16.08.2021 01:48:55.186,1.38668,1.38657,0.75,0.75
16.08.2021 01:49:04.237,1.38667,1.38657,0.75,0.75
16.08.2021 01:49:04.765,1.38667,1.38658,1.5,0.75
16.08.2021 01:49:17.842,1.38668,1.38658,1.69,0.75
16.08.2021 01:49:18.616,1.38669,1.38659,0.37,1.5
16.08.2021 01:49:18.718,1.38669,1.3866,0.1,1.5
16.08.2021 01:49:18.820,1.3867,1.3866,0.1,0.75
16.08.2021 01:49:19.497,1.3867,1.3866100000000001,1.57,0.75
16.08.2021 01:49:22.501,1.38671,1.3866100000000001,1.95,1.57
16.08.2021 01:49:24.440,1.38671,1.3866200000000002,1.2,0.75
16.08.2021 01:49:34.007,1.38671,1.3866100000000001,0.1,0.75
16.08.2021 01:49:34.159,1.38671,1.3866,0.1,1.5
16.08.2021 01:49:36.728,1.38671,1.3866100000000001,1.2,1.57
16.08.2021 01:49:37.480,1.3867,1.3866100000000001,0.1,1.5
16.08.2021 01:49:40.606,1.38671,1.3866100000000001,0.1,0.75
16.08.2021 01:49:40.992,1.38671,1.3866200000000002,0.45,0.75
16.08.2021 01:49:44.915,1.38671,1.38663,0.45,0.75
16.08.2021 01:49:45.636,1.38673,1.3866200000000002,1.57,0.75
16.08.2021 01:49:47.417,1.38673,1.38664,0.75,0.37
16.08.2021 01:49:47.468,1.38674,1.3866500000000002,3,0.75
16.08.2021 01:49:47.569,1.38673,1.38663,0.75,0.75
16.08.2021 01:49:47.671,1.38673,1.38664,1.12,0.75
16.08.2021 01:49:50.548,1.38673,1.38663,0.75,0.75
16.08.2021 01:49:53.131,1.38673,1.38664,2.14,0.75
16.08.2021 01:49:57.601,1.38671,1.38664,0.75,0.75
16.08.2021 01:49:57.702,1.3867,1.3866200000000002,0.75,0.75
16.08.2021 01:49:57.854,1.38669,1.3866200000000002,0.75,0.75
16.08.2021 01:49:58.769,1.38668,1.3866200000000002,0.75,0.75
16.08.2021 01:50:06.734,1.38668,1.3866100000000001,0.75,0.75
16.08.2021 01:50:12.512,1.3867,1.3866200000000002,0.75,0.75
16.08.2021 01:50:12.614,1.38671,1.3866200000000002,0.75,0.75
16.08.2021 01:50:12.816,1.38671,1.38663,0.75,0.75
16.08.2021 01:50:15.124,1.3867,1.38663,0.75,0.75
16.08.2021 01:50:24.856,1.38671,1.38663,0.75,0.75
16.08.2021 01:50:27.950,1.38671,1.3866200000000002,0.75,0.75
16.08.2021 01:50:39.682,1.38671,1.38663,0.75,0.75
16.08.2021 01:50:39.783,1.38671,1.3866200000000002,0.75,0.75
16.08.2021 01:50:50.143,1.38671,1.3866100000000001,0.75,0.75
16.08.2021 01:51:01.357,1.38669,1.38658,1.5,8.31
16.08.2021 01:51:01.408,1.38666,1.38659,0.75,0.75
16.08.2021 01:51:01.511,1.38664,1.38656,0.75,3.75
16.08.2021 01:51:01.562,1.38663,1.38654,0.75,0.75
16.08.2021 01:51:01.663,1.3866100000000001,1.38653,0.75,0.75
16.08.2021 01:51:03.766,1.3866100000000001,1.3865200000000002,0.82,0.75
16.08.2021 01:51:13.828,1.3866200000000002,1.3865200000000002,2.02,1.69
16.08.2021 01:51:13.929,1.3866200000000002,1.38653,1.2,0.75
16.08.2021 01:51:15.804,1.38664,1.3865200000000002,1.2,1.5
16.08.2021 01:51:17.687,1.38663,1.3865200000000002,0.1,1.5
16.08.2021 01:51:24.209,1.3866200000000002,1.3865200000000002,0.75,0.75
16.08.2021 01:51:36.867,1.3866100000000001,1.3865200000000002,0.75,0.75
16.08.2021 01:51:37.254,1.38659,1.38653,0.75,0.75
16.08.2021 01:51:38.454,1.3866100000000001,1.3865200000000002,0.75,0.75
16.08.2021 01:51:38.606,1.3866100000000001,1.38653,0.75,0.75
16.08.2021 01:51:43.107,1.3866,1.38653,0.75,0.75
16.08.2021 01:51:43.209,1.3866,1.3865200000000002,0.75,0.75
16.08.2021 01:51:43.462,1.3866,1.3865100000000001,0.75,0.75
16.08.2021 01:51:46.543,1.3866,1.3865200000000002,0.75,0.75
16.08.2021 01:51:49.322,1.3866200000000002,1.3865100000000001,0.82,1.5
16.08.2021 01:52:16.078,1.3866200000000002,1.38653,0.82,0.75
16.08.2021 01:52:17.849,1.3866100000000001,1.38653,0.75,0.75
16.08.2021 01:52:23.901,1.3866200000000002,1.3865100000000001,0.82,1.69
16.08.2021 01:52:31.182,1.3866200000000002,1.38653,0.82,0.75
16.08.2021 01:52:34.186,1.3866,1.3865200000000002,0.75,1.5
16.08.2021 01:52:34.288,1.3866100000000001,1.3865200000000002,0.82,1.5
16.08.2021 01:52:34.389,1.3866,1.3865200000000002,0.75,1.5
16.08.2021 01:52:34.490,1.3866200000000002,1.3865100000000001,0.82,1.5
16.08.2021 01:52:34.814,1.3866,1.3865200000000002,0.75,1.5
16.08.2021 01:52:36.631,1.3866200000000002,1.3865100000000001,1.57,0.75
16.08.2021 01:52:36.827,1.3866,1.3865200000000002,0.75,0.75
16.08.2021 01:52:37.387,1.3866100000000001,1.3865200000000002,0.82,0.75
16.08.2021 01:52:48.424,1.3866,1.3865200000000002,0.75,0.75
16.08.2021 01:52:53.357,1.3866,1.38653,0.75,0.75
16.08.2021 01:53:06.258,1.38659,1.38653,0.75,0.75
16.08.2021 01:53:07.616,1.38658,1.38653,0.75,0.75
16.08.2021 01:53:08.114,1.38659,1.38653,0.75,0.75
16.08.2021 01:53:09.786,1.3866,1.38653,1.57,0.75
16.08.2021 01:53:09.916,1.38659,1.38653,0.75,0.75
16.08.2021 01:53:10.291,1.3866100000000001,1.3865200000000002,1.57,0.75
16.08.2021 01:53:10.778,1.3866,1.3865200000000002,0.75,0.75
16.08.2021 01:53:11.627,1.3866,1.38653,1.57,0.75
16.08.2021 01:53:16.958,1.38659,1.38653,0.75,0.75
16.08.2021 01:53:17.092,1.3866100000000001,1.3865200000000002,1.57,0.75
16.08.2021 01:53:18.114,1.3866,1.3865200000000002,0.75,0.75
16.08.2021 01:53:19.184,1.3865500000000002,1.3865,0.75,1.12
16.08.2021 01:53:19.286,1.3865500000000002,1.3865100000000001,0.75,0.75
16.08.2021 01:53:25.517,1.38654,1.38648,0.75,0.19
16.08.2021 01:53:25.568,1.38653,1.38645,1.5,7.37
16.08.2021 01:53:25.670,1.3865100000000001,1.38645,0.1,7.5
16.08.2021 01:53:25.771,1.38648,1.38643,0.75,0.75
16.08.2021 01:53:28.685,1.38647,1.3864,0.75,0.56
16.08.2021 01:53:32.411,1.3865100000000001,1.3864400000000001,0.1,0.75
16.08.2021 01:53:32.932,1.3865,1.3864400000000001,0.1,0.75
16.08.2021 01:53:32.983,1.38646,1.3864100000000001,0.75,0.56
16.08.2021 01:53:33.844,1.38647,1.3864100000000001,0.75,0.94
16.08.2021 01:53:34.102,1.38646,1.3864100000000001,0.75,0.75
16.08.2021 01:53:34.153,1.38645,1.38638,0.75,1.76
16.08.2021 01:53:41.937,1.38647,1.38637,0.75,1.01
16.08.2021 01:53:42.241,1.38646,1.38636,0.75,0.75
16.08.2021 01:53:50.757,1.38646,1.38637,0.75,0.82
16.08.2021 01:53:59.196,1.38645,1.38637,0.75,0.82
16.08.2021 01:53:59.298,1.3864400000000001,1.38637,0.75,0.75
16.08.2021 01:53:59.489,1.38645,1.38637,0.75,0.75
16.08.2021 01:53:59.665,1.38645,1.38636,0.75,0.75
16.08.2021 01:54:00.208,1.38645,1.38637,0.75,0.75
16.08.2021 01:54:00.650,1.38645,1.38636,0.75,0.75
16.08.2021 01:54:01.052,1.38645,1.38637,0.75,0.75
16.08.2021 01:54:01.153,1.3864400000000001,1.38637,0.75,1.5
16.08.2021 01:54:01.724,1.3864400000000001,1.38636,0.75,1.5
16.08.2021 01:54:03.025,1.3864400000000001,1.38637,0.75,1.5
16.08.2021 01:54:03.215,1.38643,1.38637,0.75,1.5
16.08.2021 01:54:04.283,1.3864200000000002,1.38637,0.75,1.5
16.08.2021 01:54:04.334,1.3864100000000001,1.3863400000000001,1.5,8.25
16.08.2021 01:54:04.590,1.3864100000000001,1.3863100000000002,2.32,2.32
16.08.2021 01:54:07.612,1.3864,1.3863100000000002,0.75,0.82
16.08.2021 01:54:26.731,1.3864400000000001,1.38633,0.82,1.5
16.08.2021 01:54:26.832,1.3864400000000001,1.3863400000000001,0.75,2.7
16.08.2021 01:54:35.697,1.38648,1.38639,0.75,0.82
16.08.2021 01:54:35.799,1.38649,1.3864,0.75,0.75
16.08.2021 01:54:39.324,1.3865,1.3864100000000001,1.5,0.75
16.08.2021 01:54:39.426,1.3865,1.3864200000000002,0.75,0.75
16.08.2021 01:54:43.641,1.3865200000000002,1.3864100000000001,1.5,0.75
16.08.2021 01:54:43.743,1.3865,1.3864200000000002,0.75,0.75
16.08.2021 01:54:47.452,1.3865,1.3864100000000001,0.75,1.5
16.08.2021 01:54:54.819,1.38649,1.3864100000000001,0.75,0.75
16.08.2021 01:55:10.110,1.3865100000000001,1.3864,0.82,0.75
16.08.2021 01:55:55.613,1.3865,1.3864,0.75,0.94
16.08.2021 01:56:33.085,1.3865100000000001,1.3864,0.75,0.94
16.08.2021 01:56:33.558,1.3865100000000001,1.3864100000000001,0.82,0.94
16.08.2021 01:56:34.404,1.3865100000000001,1.3864,0.75,0.94
16.08.2021 01:56:34.735,1.3865100000000001,1.3864100000000001,0.75,0.94
16.08.2021 01:56:36.538,1.3865100000000001,1.3864200000000002,0.75,0.94
16.08.2021 01:56:36.639,1.3865100000000001,1.3864100000000001,0.75,0.94
