Gmt time,Ask,Bid,AskVolume,BidVolume
02.08.2021 00:00:00.140,1.38962,1.38952,0.1,0.75
02.08.2021 00:00:00.264,1.38961,1.38952,0.75,0.75
02.08.2021 00:00:00.416,1.38962,1.3895,0.75,0.82
02.08.2021 00:00:01.557,1.38965,1.38954,0.19,0.1
02.08.2021 00:00:01.660,1.38965,1.38955,0.75,0.45
02.08.2021 00:00:01.964,1.38965,1.3895700000000002,0.75,0.1
02.08.2021 00:00:04.072,1.38965,1.38958,0.75,0.1
02.08.2021 00:00:05.039,1.38965,1.38959,0.75,0.75
02.08.2021 00:00:05.983,1.3896600000000001,1.3895700000000002,0.75,1.5
02.08.2021 00:00:08.611,1.38965,1.38959,0.75,0.75
02.08.2021 00:00:10.226,1.38965,1.3896000000000002,0.75,0.75
02.08.2021 00:00:10.327,1.3896600000000001,1.3896000000000002,0.75,0.75
02.08.2021 00:00:11.461,1.38965,1.3896000000000002,0.75,0.75
02.08.2021 00:00:11.563,1.3896600000000001,1.38958,0.75,0.75
02.08.2021 00:00:13.904,1.3896600000000001,1.38959,0.75,0.75
02.08.2021 00:00:14.931,1.38965,1.38959,0.75,1.57
02.08.2021 00:00:15.375,1.38965,1.38958,0.75,0.75
02.08.2021 00:00:15.476,1.3896600000000001,1.3895600000000001,0.75,0.75
02.08.2021 00:00:15.680,1.38965,1.38958,0.75,0.82
02.08.2021 00:00:16.942,1.38965,1.3895700000000002,0.75,0.82
02.08.2021 00:00:17.096,1.3896700000000002,1.3895700000000002,0.1,0.75
02.08.2021 00:00:17.198,1.38968,1.38958,1.2,0.75
02.08.2021 00:00:21.725,1.38965,1.38955,1.12,1.95
02.08.2021 00:00:21.877,1.38965,1.38954,0.56,0.37
02.08.2021 00:00:21.978,1.38965,1.38953,0.64,0.75
02.08.2021 00:00:22.130,1.38964,1.38953,0.19,0.75
02.08.2021 00:00:22.232,1.38964,1.38952,0.19,1.57
02.08.2021 00:00:22.334,1.38963,1.38952,2.14,1.57
02.08.2021 00:00:22.587,1.38963,1.38953,1.2,0.75
02.08.2021 00:00:25.039,1.38964,1.38951,4.2,0.82
02.08.2021 00:00:25.723,1.38963,1.3895,0.1,1.2
02.08.2021 00:00:25.824,1.38961,1.38951,0.75,0.82
02.08.2021 00:00:30.605,1.38961,1.38952,0.75,0.37
02.08.2021 00:00:38.141,1.38963,1.38951,0.1,0.37
02.08.2021 00:00:40.681,1.3896000000000002,1.38952,0.75,1.12
02.08.2021 00:00:43.283,1.38961,1.38952,0.75,0.37
02.08.2021 00:00:45.301,1.38965,1.3895600000000001,1.5,1.2
02.08.2021 00:00:45.403,1.3896600000000001,1.38958,0.75,0.26
02.08.2021 00:00:45.504,1.3896700000000002,1.38959,0.75,0.1
02.08.2021 00:00:47.233,1.38968,1.38959,0.75,0.1
02.08.2021 00:00:48.182,1.38969,1.3895700000000002,0.82,0.82
02.08.2021 00:00:49.300,1.38969,1.38958,0.75,0.1
02.08.2021 00:00:51.160,1.3896700000000002,1.38958,0.75,0.1
02.08.2021 00:00:51.922,1.38963,1.38954,0.75,0.1
02.08.2021 00:00:52.025,1.38961,1.38953,0.75,0.1
02.08.2021 00:00:52.481,1.38962,1.38953,0.94,0.1
02.08.2021 00:00:52.583,1.38963,1.38953,1.57,0.1
02.08.2021 00:00:53.294,1.38963,1.38951,1.2,0.26
02.08.2021 00:00:54.596,1.38963,1.38952,0.75,0.1
02.08.2021 00:00:54.698,1.38963,1.38953,1.01,0.1
02.08.2021 00:00:54.799,1.38963,1.38951,0.45,0.1
02.08.2021 00:00:56.265,1.38962,1.3895,0.45,0.1
02.08.2021 00:01:00.466,1.38958,1.38951,0.19,0.1
02.08.2021 00:01:00.568,1.38955,1.3894900000000001,1.12,0.75
02.08.2021 00:01:00.669,1.3895600000000001,1.3894700000000002,1.12,0.1
02.08.2021 00:01:00.721,1.38958,1.38948,1.01,0.1
02.08.2021 00:01:00.822,1.38959,1.38948,0.94,0.1
02.08.2021 00:01:01.329,1.38958,1.3894700000000002,0.75,0.1
02.08.2021 00:01:01.666,1.3895600000000001,1.3894700000000002,0.94,0.1
02.08.2021 00:01:01.768,1.3895700000000002,1.3894700000000002,1.01,0.1
02.08.2021 00:01:02.021,1.3895700000000002,1.38948,0.94,0.1
02.08.2021 00:01:04.313,1.38958,1.38948,0.82,0.1
02.08.2021 00:01:04.465,1.38958,1.3894900000000001,0.75,0.1
02.08.2021 00:01:07.056,1.38958,1.3894700000000002,1.69,0.1
02.08.2021 00:01:07.157,1.3895600000000001,1.3894700000000002,0.75,0.1
02.08.2021 00:01:07.565,1.3895700000000002,1.3894700000000002,1.95,0.1
02.08.2021 00:01:08.440,1.3895600000000001,1.3894700000000002,0.75,0.1
02.08.2021 00:01:08.541,1.38955,1.3894600000000001,1.5,0.1
02.08.2021 00:01:08.643,1.38952,1.38944,0.75,0.1
02.08.2021 00:01:08.745,1.38952,1.38943,0.75,0.1
02.08.2021 00:01:08.796,1.38958,1.3894600000000001,1.5,0.1
02.08.2021 00:01:08.897,1.38958,1.38948,0.75,0.1
02.08.2021 00:01:09.099,1.3895700000000002,1.38948,0.75,0.1
02.08.2021 00:01:09.201,1.3895600000000001,1.3894600000000001,0.94,0.1
02.08.2021 00:01:12.597,1.38958,1.3894600000000001,0.75,0.1
02.08.2021 00:01:12.698,1.3895700000000002,1.38948,0.75,0.1
02.08.2021 00:01:12.901,1.38958,1.38948,0.94,0.1
02.08.2021 00:01:18.018,1.3895700000000002,1.38948,0.19,0.1
02.08.2021 00:01:19.361,1.38958,1.38948,0.94,0.1
02.08.2021 00:01:21.161,1.38954,1.3894600000000001,0.37,0.82
02.08.2021 00:01:21.264,1.38951,1.3894,1.5,0.1
02.08.2021 00:01:21.366,1.38948,1.3894,0.75,0.1
02.08.2021 00:01:21.468,1.3894900000000001,1.38938,0.75,1.01
02.08.2021 00:01:23.023,1.3894900000000001,1.3893700000000002,1.01,0.1
02.08.2021 00:01:28.538,1.38942,1.38933,0.37,0.1
02.08.2021 00:01:28.640,1.38943,1.38931,0.82,0.82
02.08.2021 00:01:28.945,1.3894600000000001,1.3893700000000002,0.82,0.75
02.08.2021 00:01:29.048,1.3894900000000001,1.3893700000000002,1.2,0.1
02.08.2021 00:01:29.821,1.38948,1.3893900000000001,0.37,0.1
02.08.2021 00:01:31.055,1.3894700000000002,1.38938,0.19,0.82
02.08.2021 00:01:31.106,1.3894600000000001,1.3893600000000002,0.45,0.1
02.08.2021 00:01:31.157,1.38943,1.38932,0.19,4.57
02.08.2021 00:01:31.414,1.38942,1.38932,0.64,0.1
02.08.2021 00:01:33.119,1.38943,1.38933,0.1,1.01
02.08.2021 00:01:33.221,1.38944,1.38934,0.26,0.82
02.08.2021 00:01:35.006,1.38943,1.38933,0.45,0.1
02.08.2021 00:01:35.313,1.38942,1.38932,0.45,0.82
02.08.2021 00:01:37.396,1.3894600000000001,1.38938,0.82,0.75
02.08.2021 00:01:37.447,1.38948,1.38938,0.1,0.82
02.08.2021 00:01:37.548,1.38948,1.3893900000000001,0.1,0.75
02.08.2021 00:01:39.790,1.3894900000000001,1.3893900000000001,1.2,0.82
02.08.2021 00:01:44.232,1.3894900000000001,1.3893700000000002,0.1,1.57
02.08.2021 00:01:46.670,1.3894900000000001,1.3893900000000001,0.1,0.82
02.08.2021 00:01:46.771,1.38951,1.3893900000000001,1.2,0.1
02.08.2021 00:01:46.974,1.3895,1.38938,0.1,0.82
02.08.2021 00:01:47.708,1.38948,1.3893900000000001,0.1,0.75
02.08.2021 00:01:48.511,1.38948,1.38938,0.82,0.1
02.08.2021 00:01:52.371,1.3894700000000002,1.38938,0.75,0.1
02.08.2021 00:01:52.472,1.3894700000000002,1.3893700000000002,1.2,0.1
02.08.2021 00:01:54.595,1.38948,1.3893700000000002,1.2,0.75
02.08.2021 00:01:58.673,1.3894900000000001,1.3893900000000001,1.76,0.1
02.08.2021 00:01:58.876,1.3894900000000001,1.3894,0.75,0.1
02.08.2021 00:02:02.344,1.3895,1.3894,0.82,0.1
02.08.2021 00:02:02.708,1.38955,1.3894700000000002,0.37,0.94
02.08.2021 00:02:02.759,1.3895700000000002,1.38948,1.69,0.75
02.08.2021 00:02:02.860,1.38959,1.38948,0.19,0.1
02.08.2021 00:02:02.961,1.3896000000000002,1.3894700000000002,1.76,0.82
02.08.2021 00:02:04.217,1.3896000000000002,1.38948,1.69,0.1
02.08.2021 00:02:10.827,1.3896000000000002,1.3894700000000002,1.76,0.82
02.08.2021 00:02:11.280,1.38959,1.3894900000000001,1.5,0.1
02.08.2021 00:02:13.209,1.38958,1.3894900000000001,0.75,0.1
02.08.2021 00:02:16.718,1.38958,1.38948,0.75,0.1
02.08.2021 00:02:17.878,1.38959,1.3894900000000001,1.5,0.1
02.08.2021 00:02:23.629,1.38961,1.38951,0.75,0.1
02.08.2021 00:02:23.832,1.38961,1.3895,0.75,0.1
02.08.2021 00:02:24.034,1.38961,1.3894900000000001,0.75,0.82
02.08.2021 00:02:24.236,1.3896000000000002,1.38948,0.75,0.82
02.08.2021 00:02:28.961,1.38958,1.3894900000000001,0.75,0.82
02.08.2021 00:02:29.449,1.38962,1.3894900000000001,1.95,0.1
02.08.2021 00:02:29.601,1.38961,1.38951,1.5,0.1
02.08.2021 00:02:29.652,1.38964,1.3895700000000002,0.75,0.45
02.08.2021 00:02:29.703,1.3896700000000002,1.38958,3.18,0.82
02.08.2021 00:02:29.804,1.38968,1.38958,1.12,0.75
02.08.2021 00:02:29.906,1.38968,1.38959,0.75,0.75
02.08.2021 00:02:31.293,1.38969,1.38959,0.75,0.75
02.08.2021 00:02:32.327,1.3897000000000002,1.38959,0.75,0.75
02.08.2021 00:02:32.429,1.3897000000000002,1.38961,0.75,0.75
02.08.2021 00:02:35.451,1.38973,1.38968,0.75,0.75
02.08.2021 00:02:35.552,1.38979,1.38969,1.01,0.82
02.08.2021 00:02:35.654,1.38979,1.3897000000000002,0.82,0.75
02.08.2021 00:02:36.110,1.3898000000000001,1.38968,1.01,0.82
02.08.2021 00:02:36.568,1.38979,1.38968,0.1,0.75
02.08.2021 00:02:40.589,1.38979,1.38969,0.75,0.75
02.08.2021 00:02:40.692,1.38978,1.38971,0.75,0.75
02.08.2021 00:02:40.794,1.38978,1.38969,0.75,0.82
02.08.2021 00:02:43.863,1.38978,1.38968,0.75,0.75
02.08.2021 00:02:43.914,1.3897000000000002,1.38964,0.75,1.87
02.08.2021 00:02:44.016,1.38972,1.38962,0.75,0.1
02.08.2021 00:02:44.117,1.38971,1.38962,0.75,1.01
02.08.2021 00:02:49.838,1.38972,1.38963,0.75,0.1
02.08.2021 00:02:55.421,1.38969,1.38961,0.75,0.1
02.08.2021 00:02:55.524,1.38968,1.3896000000000002,0.75,0.1
02.08.2021 00:02:55.625,1.38968,1.38959,0.75,0.82
02.08.2021 00:02:55.727,1.38968,1.38958,0.75,0.82
02.08.2021 00:03:00.672,1.3896700000000002,1.38958,0.75,0.1
02.08.2021 00:03:01.014,1.3896600000000001,1.3895700000000002,1.5,0.1
02.08.2021 00:03:02.040,1.3896600000000001,1.3895600000000001,1.57,1.01
02.08.2021 00:03:04.464,1.38965,1.3895600000000001,0.75,1.01
02.08.2021 00:03:09.021,1.38965,1.38955,0.75,0.1
02.08.2021 00:03:09.122,1.38962,1.38953,0.75,0.1
02.08.2021 00:03:09.173,1.38961,1.3895,1.5,0.1
02.08.2021 00:03:09.275,1.38959,1.3895,0.75,0.82
02.08.2021 00:03:09.376,1.3896000000000002,1.3895,0.75,0.1
02.08.2021 00:03:09.861,1.3896000000000002,1.3894900000000001,0.75,0.1
02.08.2021 00:03:10.850,1.3896000000000002,1.3895,1.57,0.1
02.08.2021 00:03:11.231,1.3896000000000002,1.38951,1.5,0.1
02.08.2021 00:03:11.282,1.38964,1.38952,0.1,0.1
02.08.2021 00:03:11.384,1.38964,1.38953,0.75,0.1
02.08.2021 00:03:11.637,1.38965,1.38953,1.57,0.1
02.08.2021 00:03:14.940,1.38962,1.38954,0.75,0.1
02.08.2021 00:03:15.143,1.38964,1.38954,0.82,0.1
02.08.2021 00:03:20.815,1.38965,1.38954,0.75,0.1
02.08.2021 00:03:21.359,1.38965,1.3895600000000001,0.37,1.2
02.08.2021 00:03:21.460,1.38965,1.3895700000000002,0.37,0.1
02.08.2021 00:03:21.511,1.38968,1.3895700000000002,0.75,0.1
02.08.2021 00:03:21.613,1.3896700000000002,1.3895700000000002,0.82,0.82
02.08.2021 00:03:24.452,1.38961,1.38953,0.75,0.1
02.08.2021 00:03:24.553,1.38961,1.38951,0.82,0.82
02.08.2021 00:03:24.756,1.38961,1.3895,0.75,0.1
02.08.2021 00:03:24.963,1.38961,1.3894900000000001,0.82,0.82
02.08.2021 00:03:25.216,1.38959,1.3894900000000001,0.1,1.95
02.08.2021 00:03:25.385,1.38961,1.3894900000000001,0.82,0.1
02.08.2021 00:03:30.121,1.38959,1.3894900000000001,1.2,0.1
02.08.2021 00:03:31.340,1.38959,1.3894700000000002,0.1,0.82
02.08.2021 00:03:31.441,1.3895600000000001,1.3894700000000002,0.94,0.82
02.08.2021 00:03:31.695,1.3895600000000001,1.3894600000000001,0.94,0.1
02.08.2021 00:03:31.909,1.3895600000000001,1.3894700000000002,0.94,0.75
02.08.2021 00:03:32.011,1.3895700000000002,1.3894700000000002,0.75,0.75
02.08.2021 00:03:32.164,1.3895700000000002,1.3894600000000001,0.75,0.82
02.08.2021 00:03:32.418,1.3895700000000002,1.3894700000000002,0.75,0.82
02.08.2021 00:03:32.952,1.38958,1.3894700000000002,1.2,0.82
02.08.2021 00:03:33.053,1.3895700000000002,1.3894700000000002,0.1,0.75
02.08.2021 00:03:33.357,1.38958,1.3894700000000002,1.2,0.82
02.08.2021 00:03:33.813,1.38958,1.38948,1.2,0.75
02.08.2021 00:03:36.682,1.38958,1.3894700000000002,1.2,0.82
02.08.2021 00:03:38.084,1.38958,1.3894600000000001,0.1,0.75
02.08.2021 00:03:39.090,1.38958,1.3894700000000002,1.2,0.82
02.08.2021 00:03:44.848,1.3895600000000001,1.38945,0.75,6.07
02.08.2021 00:03:44.950,1.38954,1.38944,0.75,1.95
02.08.2021 00:03:45.052,1.38954,1.38943,0.75,1.87
02.08.2021 00:03:45.305,1.38952,1.3893900000000001,0.82,3.45
02.08.2021 00:03:45.407,1.38951,1.3893900000000001,0.1,2.62
02.08.2021 00:03:45.559,1.3895,1.3893900000000001,0.1,1.57
02.08.2021 00:03:47.831,1.3895,1.38938,0.75,0.82
02.08.2021 00:03:47.932,1.3894900000000001,1.38938,1.01,1.01
02.08.2021 00:03:52.368,1.38948,1.38938,0.1,0.94
02.08.2021 00:03:53.358,1.3894900000000001,1.3893600000000002,0.82,1.76
02.08.2021 00:03:55.114,1.38948,1.3893600000000002,0.1,1.69
02.08.2021 00:03:57.782,1.3894700000000002,1.3893600000000002,0.1,0.75
02.08.2021 00:03:58.002,1.38945,1.3893600000000002,0.75,0.94
02.08.2021 00:04:00.118,1.38948,1.38935,0.1,2.51
02.08.2021 00:04:00.270,1.3894700000000002,1.3893700000000002,0.1,0.75
02.08.2021 00:04:00.760,1.38948,1.3893900000000001,0.1,0.75
02.08.2021 00:04:01.035,1.3894900000000001,1.38941,0.1,0.75
02.08.2021 00:04:01.239,1.38951,1.3894,0.82,0.75
02.08.2021 00:04:01.342,1.38953,1.3894600000000001,1.57,0.75
02.08.2021 00:04:01.444,1.38954,1.3894600000000001,1.2,0.75
02.08.2021 00:04:01.495,1.3895700000000002,1.3894600000000001,1.95,1.12
02.08.2021 00:04:01.598,1.38958,1.3894700000000002,1.95,0.75
02.08.2021 00:04:07.536,1.38959,1.3894700000000002,1.2,2.7
02.08.2021 00:04:07.764,1.38959,1.38948,0.82,0.75
02.08.2021 00:04:08.101,1.38961,1.3894900000000001,1.39,2.51
02.08.2021 00:04:08.202,1.38961,1.3895,0.75,1.76
02.08.2021 00:04:08.407,1.38962,1.3895,1.01,7.01
02.08.2021 00:04:08.508,1.38962,1.38951,1.01,0.75
02.08.2021 00:04:09.484,1.38962,1.3895,1.01,2.51
02.08.2021 00:04:10.508,1.38961,1.3895,0.75,2.51
02.08.2021 00:04:16.386,1.38962,1.3895,1.57,1.57
02.08.2021 00:04:18.695,1.38964,1.3895,1.57,4.57
02.08.2021 00:04:20.035,1.38963,1.38952,0.45,0.75
02.08.2021 00:04:20.342,1.38968,1.3895600000000001,7.87,0.1
02.08.2021 00:04:20.444,1.38968,1.3895700000000002,0.45,1.57
02.08.2021 00:04:24.147,1.38968,1.38958,0.45,0.75
02.08.2021 00:04:24.401,1.38969,1.38958,0.26,0.82
02.08.2021 00:04:25.082,1.38971,1.38958,0.26,0.82
02.08.2021 00:04:26.600,1.38969,1.38959,0.1,0.75
02.08.2021 00:04:28.623,1.3897000000000002,1.3895700000000002,0.26,1.57
02.08.2021 00:04:28.725,1.38968,1.38958,0.1,1.5
02.08.2021 00:04:29.346,1.3896600000000001,1.38955,0.1,1.57
02.08.2021 00:04:29.448,1.38965,1.38954,0.1,2.7
02.08.2021 00:04:30.186,1.38968,1.3895700000000002,0.1,1.57
02.08.2021 00:04:30.339,1.3897000000000002,1.3895700000000002,1.2,0.1
02.08.2021 00:04:32.118,1.38968,1.38958,0.1,1.5
02.08.2021 00:04:33.166,1.38969,1.38958,0.82,0.82
02.08.2021 00:04:33.267,1.38969,1.3895600000000001,0.1,2.32
02.08.2021 00:04:35.626,1.38968,1.38958,0.1,0.75
02.08.2021 00:04:39.162,1.3897000000000002,1.3895700000000002,0.45,0.82
02.08.2021 00:04:39.779,1.38968,1.38958,0.1,0.75
02.08.2021 00:04:41.233,1.38968,1.3895600000000001,0.1,2.25
02.08.2021 00:04:41.643,1.3896700000000002,1.3895600000000001,0.1,2.25
02.08.2021 00:04:42.685,1.38968,1.3895600000000001,0.1,1.5
02.08.2021 00:04:45.160,1.38968,1.3895700000000002,0.1,1.57
02.08.2021 00:04:45.788,1.3897000000000002,1.3895700000000002,0.45,0.82
02.08.2021 00:04:46.265,1.38968,1.38958,0.1,0.75
02.08.2021 00:04:50.490,1.3896700000000002,1.38958,0.1,0.75
02.08.2021 00:04:50.744,1.38965,1.3895700000000002,0.94,0.75
02.08.2021 00:04:50.795,1.38963,1.38951,0.1,4.5
02.08.2021 00:04:50.897,1.38961,1.38951,0.1,0.75
02.08.2021 00:04:50.999,1.38961,1.3895,0.1,1.76
02.08.2021 00:04:51.102,1.3896000000000002,1.3895,0.1,1.5
02.08.2021 00:04:52.259,1.3896000000000002,1.3894900000000001,0.26,2.32
02.08.2021 00:04:52.361,1.3896000000000002,1.38948,0.1,2.25
02.08.2021 00:04:55.772,1.38959,1.38948,0.1,0.75
02.08.2021 00:04:56.112,1.38958,1.38948,0.1,0.75
02.08.2021 00:04:57.130,1.3895700000000002,1.38948,0.1,0.75
02.08.2021 00:04:59.940,1.38958,1.38948,0.1,0.75
02.08.2021 00:05:02.112,1.3895700000000002,1.38948,0.1,0.75
02.08.2021 00:05:02.214,1.38958,1.38948,0.1,0.75
02.08.2021 00:05:03.032,1.3895700000000002,1.38948,0.1,0.75
02.08.2021 00:05:06.171,1.38958,1.3894700000000002,0.1,2.32
02.08.2021 00:05:06.272,1.38959,1.38948,1.2,0.1
02.08.2021 00:05:06.524,1.38958,1.3894700000000002,0.1,2.32
02.08.2021 00:05:11.281,1.3896000000000002,1.3894700000000002,0.26,1.57
02.08.2021 00:05:13.005,1.38959,1.38951,0.1,0.75
02.08.2021 00:05:14.072,1.3896000000000002,1.38951,0.1,0.75
02.08.2021 00:05:14.224,1.3896000000000002,1.38952,1.2,0.75
02.08.2021 00:05:16.913,1.38961,1.3895,1.2,0.75
02.08.2021 00:05:17.195,1.38959,1.38951,0.1,0.75
02.08.2021 00:05:17.673,1.38959,1.3895,0.1,0.75
02.08.2021 00:05:18.996,1.38959,1.3894900000000001,0.1,1.5
02.08.2021 00:05:28.638,1.38958,1.3894900000000001,0.1,1.5
02.08.2021 00:05:29.071,1.3895700000000002,1.3894900000000001,0.1,0.75
02.08.2021 00:05:29.173,1.3895700000000002,1.3894700000000002,0.1,1.5
02.08.2021 00:05:29.274,1.3895600000000001,1.3894700000000002,0.1,2.25
02.08.2021 00:05:29.375,1.3895700000000002,1.3894700000000002,0.1,2.25
02.08.2021 00:05:29.527,1.38958,1.38948,0.1,0.75
02.08.2021 00:05:29.629,1.38958,1.3894700000000002,0.1,0.75
02.08.2021 00:05:29.730,1.3895700000000002,1.3894900000000001,0.1,0.75
02.08.2021 00:05:30.691,1.3895700000000002,1.38948,0.1,0.75
02.08.2021 00:05:31.636,1.3895700000000002,1.3894700000000002,0.1,1.5
02.08.2021 00:05:31.818,1.3895700000000002,1.38948,0.1,0.75
02.08.2021 00:05:35.276,1.38958,1.3894600000000001,0.1,1.5
02.08.2021 00:05:40.070,1.38958,1.3894700000000002,0.1,0.75
02.08.2021 00:05:40.807,1.3895700000000002,1.38945,0.1,2.25
02.08.2021 00:05:41.630,1.3895600000000001,1.38945,0.1,0.75
02.08.2021 00:05:46.003,1.38953,1.38943,1.01,0.75
02.08.2021 00:05:46.054,1.38953,1.3894,0.82,4.76
02.08.2021 00:05:46.206,1.38951,1.38941,0.1,1.5
02.08.2021 00:05:46.307,1.3895,1.3893900000000001,0.1,1.95
02.08.2021 00:05:46.459,1.3895,1.38938,0.1,1.5
02.08.2021 00:05:51.890,1.3895,1.3893700000000002,0.1,2.32
02.08.2021 00:05:52.481,1.3894900000000001,1.3893700000000002,0.1,2.25
02.08.2021 00:05:52.965,1.3895,1.3893700000000002,0.1,2.32
02.08.2021 00:06:02.131,1.38948,1.38938,0.1,2.25
02.08.2021 00:06:02.897,1.3894900000000001,1.38938,0.1,2.32
02.08.2021 00:06:08.542,1.38948,1.38938,0.1,1.5
02.08.2021 00:06:08.745,1.38948,1.3893600000000002,0.82,1.5
02.08.2021 00:06:08.847,1.38943,1.38935,0.75,0.75
02.08.2021 00:06:09.000,1.38943,1.38932,0.45,1.95
02.08.2021 00:06:09.102,1.38942,1.38932,0.1,2.62
02.08.2021 00:06:09.563,1.38942,1.38934,0.1,1.12
02.08.2021 00:06:09.615,1.38944,1.38934,0.26,1.87
02.08.2021 00:06:09.769,1.38945,1.38932,0.26,2.44
02.08.2021 00:06:09.820,1.38944,1.3893600000000002,0.26,0.75
02.08.2021 00:06:10.712,1.38945,1.3893600000000002,0.26,0.75
02.08.2021 00:06:11.098,1.38945,1.38935,0.26,0.75
02.08.2021 00:06:12.518,1.38942,1.38935,0.1,0.75
02.08.2021 00:06:12.975,1.38948,1.3893900000000001,0.1,0.75
02.08.2021 00:06:13.229,1.3894700000000002,1.38941,0.26,0.75
02.08.2021 00:06:13.432,1.3894700000000002,1.3894,0.26,0.75
02.08.2021 00:06:13.534,1.38948,1.3894,0.26,0.75
02.08.2021 00:06:13.741,1.3894700000000002,1.3894,0.19,0.75
02.08.2021 00:06:13.843,1.3894700000000002,1.38941,0.26,0.75
02.08.2021 00:06:14.096,1.38948,1.3893900000000001,0.26,0.75
02.08.2021 00:06:14.206,1.3894700000000002,1.38941,0.26,0.75
02.08.2021 00:06:14.308,1.3894700000000002,1.3894,0.19,0.75
02.08.2021 00:06:14.511,1.38948,1.3894,0.19,0.75
02.08.2021 00:06:14.642,1.3894700000000002,1.3894,0.19,0.75
02.08.2021 00:06:17.176,1.3894700000000002,1.38941,0.19,0.75
02.08.2021 00:06:17.278,1.38948,1.3893900000000001,0.19,0.75
02.08.2021 00:06:17.379,1.3894700000000002,1.38941,0.19,0.75
02.08.2021 00:06:17.481,1.3894700000000002,1.3894,0.19,0.75
02.08.2021 00:06:18.690,1.38948,1.3894,0.26,0.75
02.08.2021 00:06:18.792,1.3894600000000001,1.38938,0.26,0.75
02.08.2021 00:06:18.843,1.3894600000000001,1.3894,0.26,0.75
02.08.2021 00:06:18.944,1.38948,1.3893900000000001,0.26,0.75
02.08.2021 00:06:19.292,1.3894900000000001,1.3893900000000001,0.26,0.75
02.08.2021 00:06:22.071,1.38951,1.3894,0.45,0.75
02.08.2021 00:06:22.173,1.38951,1.38941,0.1,0.75
02.08.2021 00:06:25.280,1.3895,1.38941,0.1,0.75
02.08.2021 00:06:26.055,1.3895,1.3893900000000001,0.1,0.75
02.08.2021 00:06:26.156,1.3894900000000001,1.3893900000000001,0.1,0.75
02.08.2021 00:06:29.209,1.3894900000000001,1.3894,0.1,0.75
02.08.2021 00:06:31.566,1.38951,1.3894,0.26,0.75
02.08.2021 00:06:42.948,1.3895,1.3893900000000001,0.1,0.75
02.08.2021 00:06:45.223,1.3895,1.38938,0.1,2.32
02.08.2021 00:06:47.009,1.38944,1.38935,2.32,1.12
02.08.2021 00:06:47.060,1.38943,1.38933,1.57,3.75
02.08.2021 00:06:47.162,1.38942,1.38932,1.2,2.06
02.08.2021 00:06:47.940,1.38941,1.38932,0.1,1.5
02.08.2021 00:06:48.041,1.38941,1.38931,0.82,1.5
02.08.2021 00:06:54.003,1.38942,1.38932,2.32,0.75
02.08.2021 00:06:55.439,1.38941,1.38932,0.1,0.75
02.08.2021 00:07:00.170,1.38938,1.3892900000000001,0.19,0.75
02.08.2021 00:07:00.272,1.38938,1.3892700000000002,0.1,0.75
02.08.2021 00:07:00.943,1.3893600000000002,1.38928,0.1,0.75
02.08.2021 00:07:02.096,1.3893600000000002,1.3892600000000002,0.1,2.06
02.08.2021 00:07:05.359,1.38934,1.3892600000000002,0.75,0.94
02.08.2021 00:07:05.460,1.38933,1.38925,1.87,0.75
02.08.2021 00:07:05.511,1.38933,1.3892200000000001,0.75,0.1
02.08.2021 00:07:05.562,1.38931,1.38921,1.76,0.1
02.08.2021 00:07:05.613,1.3893,1.3892,0.75,0.1
02.08.2021 00:07:05.715,1.3892900000000001,1.3892,0.75,1.01
02.08.2021 00:07:05.917,1.38931,1.38919,0.26,1.57
02.08.2021 00:07:09.246,1.38931,1.38921,0.26,0.1
02.08.2021 00:07:09.347,1.38932,1.38921,0.26,0.75
02.08.2021 00:07:12.320,1.3893,1.3892200000000001,0.26,0.75
02.08.2021 00:07:12.422,1.38931,1.3892,0.26,0.75
02.08.2021 00:07:12.524,1.3892900000000001,1.38919,1.2,1.57
02.08.2021 00:07:12.625,1.3892900000000001,1.38918,0.1,1.5
02.08.2021 00:07:13.009,1.38928,1.38918,0.1,1.5
02.08.2021 00:07:14.734,1.3893,1.38918,0.1,2.32
02.08.2021 00:07:14.785,1.3893,1.38921,0.1,0.75
02.08.2021 00:07:16.904,1.3893,1.3892,0.1,0.75
02.08.2021 00:07:17.006,1.3893,1.38919,0.1,0.75
02.08.2021 00:07:17.668,1.38931,1.38919,0.45,0.75
02.08.2021 00:07:22.978,1.38931,1.3892,1.2,1.5
02.08.2021 00:07:25.238,1.38932,1.3892,1.57,0.75
02.08.2021 00:07:29.546,1.38931,1.3892,0.1,0.75
02.08.2021 00:07:29.647,1.38931,1.38921,0.26,0.75
02.08.2021 00:07:31.904,1.3893,1.38921,0.45,0.75
02.08.2021 00:07:40.430,1.38932,1.3892,1.2,0.75
02.08.2021 00:07:44.259,1.38931,1.3892,0.1,0.75
02.08.2021 00:07:45.338,1.38932,1.3892,1.57,0.75
02.08.2021 00:07:47.450,1.38932,1.38921,1.95,0.82
02.08.2021 00:07:48.422,1.38935,1.3892700000000002,1.12,2.25
02.08.2021 00:07:48.523,1.3893600000000002,1.3893,0.75,0.75
02.08.2021 00:07:48.574,1.3893900000000001,1.3893,0.19,0.75
02.08.2021 00:07:48.676,1.38941,1.3892900000000001,1.12,0.75
02.08.2021 00:07:48.777,1.3894,1.3892900000000001,0.37,0.75
02.08.2021 00:07:49.656,1.3894,1.3893,1.2,0.75
02.08.2021 00:07:50.928,1.3894,1.3892900000000001,0.1,0.75
02.08.2021 00:07:52.347,1.3893900000000001,1.3892900000000001,0.82,1.5
02.08.2021 00:07:52.398,1.38938,1.38925,1.2,1.57
02.08.2021 00:07:52.501,1.3893700000000002,1.38925,0.82,0.75
02.08.2021 00:07:52.603,1.38935,1.3892600000000002,0.1,0.75
02.08.2021 00:07:52.755,1.3893700000000002,1.38928,0.1,0.75
02.08.2021 00:07:52.959,1.3893700000000002,1.3892900000000001,0.1,0.75
02.08.2021 00:07:54.442,1.3893700000000002,1.3892700000000002,0.1,0.1
02.08.2021 00:07:56.142,1.3894,1.38928,0.82,0.1
02.08.2021 00:07:56.699,1.3894,1.3893,0.82,0.1
02.08.2021 00:07:56.992,1.38942,1.3893,0.1,0.82
02.08.2021 00:07:57.646,1.3893900000000001,1.3893,0.75,0.82
02.08.2021 00:08:01.453,1.3893700000000002,1.3893,0.75,0.1
02.08.2021 00:08:01.930,1.3893700000000002,1.3892900000000001,0.75,0.82
02.08.2021 00:08:06.169,1.38938,1.3892900000000001,0.75,1.5
02.08.2021 00:08:09.390,1.3893600000000002,1.3892900000000001,0.75,0.75
02.08.2021 00:08:10.064,1.3893700000000002,1.3892900000000001,0.75,0.75
02.08.2021 00:08:12.255,1.38938,1.3892900000000001,0.75,0.75
02.08.2021 00:08:13.243,1.3893900000000001,1.3892900000000001,0.75,1.57
02.08.2021 00:08:14.359,1.38938,1.3892900000000001,0.75,1.5
02.08.2021 00:08:20.976,1.38938,1.38928,0.1,0.75
02.08.2021 00:08:21.077,1.3893700000000002,1.38928,0.1,0.75
02.08.2021 00:08:21.229,1.3893700000000002,1.3892700000000002,0.1,0.75
02.08.2021 00:08:22.006,1.3893700000000002,1.38928,0.1,0.75
02.08.2021 00:08:22.107,1.38938,1.3892600000000002,0.1,0.75
02.08.2021 00:08:22.355,1.3893700000000002,1.3892600000000002,0.75,0.75
02.08.2021 00:08:24.904,1.38932,1.38923,0.75,0.75
02.08.2021 00:08:25.006,1.38932,1.38921,0.75,0.94
02.08.2021 00:08:25.158,1.38931,1.38923,0.75,0.75
02.08.2021 00:08:25.259,1.38931,1.3892200000000001,0.75,0.75
02.08.2021 00:08:25.887,1.38931,1.38923,0.75,0.75
02.08.2021 00:08:25.988,1.3893,1.3892200000000001,0.75,1.5
02.08.2021 00:08:27.085,1.38931,1.3892200000000001,0.94,1.57
02.08.2021 00:08:27.187,1.3893600000000002,1.3893,0.75,0.75
02.08.2021 00:08:27.338,1.38938,1.38931,0.94,0.75
02.08.2021 00:08:31.376,1.3893600000000002,1.38931,0.19,0.75
02.08.2021 00:08:31.427,1.3893600000000002,1.38928,0.94,0.75
02.08.2021 00:08:31.529,1.38934,1.38925,0.75,1.57
02.08.2021 00:08:31.580,1.38934,1.38928,0.75,0.75
02.08.2021 00:08:31.681,1.3893700000000002,1.38931,0.94,0.75
02.08.2021 00:08:31.783,1.38938,1.3892900000000001,0.94,0.75
02.08.2021 00:08:32.036,1.3893700000000002,1.38931,0.75,0.75
02.08.2021 00:08:32.193,1.3893700000000002,1.3893,0.75,0.75
02.08.2021 00:08:32.845,1.3893700000000002,1.38931,0.75,0.75
02.08.2021 00:08:32.946,1.3893900000000001,1.3893,0.19,0.75
02.08.2021 00:08:40.054,1.38938,1.3893,0.75,0.75
02.08.2021 00:08:40.156,1.38938,1.3892900000000001,0.75,0.75
02.08.2021 00:08:40.359,1.3893700000000002,1.38931,0.75,0.75
02.08.2021 00:08:40.830,1.3893700000000002,1.3893,0.75,0.75
02.08.2021 00:08:40.931,1.38938,1.3893,0.75,0.75
02.08.2021 00:08:41.033,1.3893700000000002,1.3893,0.75,0.75
02.08.2021 00:08:43.021,1.3893600000000002,1.38928,0.75,0.75
02.08.2021 00:08:46.519,1.38935,1.38928,0.75,0.75
02.08.2021 00:08:49.682,1.38933,1.38923,0.75,0.75
02.08.2021 00:08:49.834,1.38932,1.38923,0.75,0.75
02.08.2021 00:08:49.885,1.3893600000000002,1.3892900000000001,0.75,0.75
02.08.2021 00:08:50.290,1.38934,1.3892900000000001,0.75,0.75
02.08.2021 00:08:50.442,1.38935,1.3892900000000001,0.75,0.75
02.08.2021 00:08:51.305,1.38932,1.38928,0.75,0.75
02.08.2021 00:08:51.357,1.38932,1.38923,0.75,0.75
02.08.2021 00:08:51.612,1.3893,1.38924,0.75,0.75
02.08.2021 00:08:51.765,1.38931,1.38924,0.75,0.75
02.08.2021 00:08:51.917,1.38931,1.38923,0.75,0.75
02.08.2021 00:08:52.136,1.3893,1.38923,0.75,0.75
02.08.2021 00:08:52.187,1.3893,1.38925,0.75,0.75
02.08.2021 00:08:52.239,1.38935,1.3892900000000001,0.75,0.75
02.08.2021 00:08:52.340,1.3893900000000001,1.3892900000000001,0.75,0.75
02.08.2021 00:08:52.391,1.38938,1.38932,0.75,0.75
02.08.2021 00:08:52.442,1.38938,1.3893,0.75,0.75
02.08.2021 00:08:52.543,1.3893900000000001,1.3893,0.75,0.75
02.08.2021 00:08:53.074,1.3894,1.3893,0.75,0.75
02.08.2021 00:09:00.524,1.3893700000000002,1.38931,0.75,0.75
02.08.2021 00:09:00.575,1.3893700000000002,1.3892900000000001,0.75,0.75
02.08.2021 00:09:00.677,1.3893900000000001,1.3892900000000001,0.19,0.75
02.08.2021 00:09:00.778,1.3893900000000001,1.3893,0.94,0.75
02.08.2021 00:09:00.880,1.38941,1.3893,0.94,0.75
02.08.2021 00:09:08.766,1.3894,1.38933,0.75,0.75
02.08.2021 00:09:08.918,1.38944,1.3893700000000002,0.75,0.75
02.08.2021 00:09:09.020,1.38943,1.3893700000000002,0.75,0.75
02.08.2021 00:09:09.172,1.38945,1.3893600000000002,0.75,0.75
02.08.2021 00:09:09.425,1.38944,1.38935,0.75,0.75
02.08.2021 00:09:11.077,1.38944,1.38934,0.75,0.1
02.08.2021 00:09:12.588,1.38944,1.38933,0.75,0.1
02.08.2021 00:09:17.803,1.38944,1.38932,1.12,0.1
02.08.2021 00:09:17.905,1.38943,1.38932,1.12,0.82
02.08.2021 00:09:22.046,1.38943,1.3892900000000001,1.2,2.32
02.08.2021 00:09:22.148,1.38941,1.3893,0.75,1.57
02.08.2021 00:09:23.988,1.38942,1.38928,1.01,0.82
02.08.2021 00:09:24.164,1.3894,1.3892900000000001,0.19,0.82
02.08.2021 00:09:26.612,1.38942,1.38928,0.82,1.57
02.08.2021 00:09:26.713,1.38942,1.3892900000000001,0.82,0.75
02.08.2021 00:09:30.525,1.38941,1.3892900000000001,0.75,0.75
02.08.2021 00:09:33.193,1.38941,1.3893,0.82,0.75
02.08.2021 00:09:48.320,1.38943,1.38935,0.37,0.82
02.08.2021 00:09:48.371,1.3894600000000001,1.38935,0.15,0.75
02.08.2021 00:09:48.422,1.3894700000000002,1.3893700000000002,0.37,0.82
02.08.2021 00:09:48.524,1.3895,1.3893700000000002,1.69,0.82
02.08.2021 00:09:48.878,1.3894700000000002,1.3893600000000002,1.12,0.82
02.08.2021 00:09:48.980,1.38945,1.38935,0.94,0.75
02.08.2021 00:09:50.402,1.38943,1.38932,1.01,0.82
02.08.2021 00:09:50.503,1.38943,1.38931,0.19,0.82
02.08.2021 00:09:50.811,1.38941,1.38931,0.26,0.75
02.08.2021 00:09:51.115,1.38941,1.3893,0.1,0.75
02.08.2021 00:09:51.607,1.38941,1.3892900000000001,0.1,1.5
02.08.2021 00:10:00.537,1.3894,1.38932,0.26,0.75
02.08.2021 00:10:00.647,1.38941,1.3892900000000001,0.26,0.75
02.08.2021 00:10:00.748,1.3893900000000001,1.3893,0.1,0.75
02.08.2021 00:10:01.001,1.38941,1.3892900000000001,0.26,0.75
02.08.2021 00:10:06.034,1.38941,1.3893,0.19,0.75
02.08.2021 00:10:06.136,1.38941,1.38931,0.19,0.75
02.08.2021 00:10:06.187,1.38942,1.38932,0.19,0.75
02.08.2021 00:10:06.995,1.38941,1.38932,0.19,0.75
02.08.2021 00:10:09.220,1.3894600000000001,1.38934,1.5,0.64
02.08.2021 00:10:09.271,1.3894700000000002,1.3893600000000002,4.2,0.75
02.08.2021 00:10:09.423,1.3894700000000002,1.38938,0.56,0.75
02.08.2021 00:10:09.524,1.3895,1.3893900000000001,1.2,0.75
02.08.2021 00:10:10.706,1.3894900000000001,1.3893900000000001,0.19,0.75
02.08.2021 00:10:13.585,1.3895,1.3893900000000001,0.19,0.75
02.08.2021 00:10:16.490,1.3894900000000001,1.3893900000000001,0.19,0.75
02.08.2021 00:10:18.091,1.3894600000000001,1.3893700000000002,3.19,0.75
02.08.2021 00:10:18.142,1.38943,1.38932,1.12,7.01
02.08.2021 00:10:18.244,1.38943,1.38931,1.5,0.37
02.08.2021 00:10:18.345,1.38941,1.38931,0.37,1.5
02.08.2021 00:10:37.516,1.3893900000000001,1.3892900000000001,0.19,0.75
02.08.2021 00:10:37.568,1.3893700000000002,1.38928,0.19,0.75
02.08.2021 00:10:37.670,1.38938,1.3892700000000002,0.82,0.75
02.08.2021 00:10:37.772,1.38938,1.38928,0.37,0.75
02.08.2021 00:10:41.613,1.3893900000000001,1.38928,0.37,0.82
02.08.2021 00:10:41.714,1.3894,1.38928,0.37,0.75
02.08.2021 00:10:45.307,1.38941,1.38933,0.19,0.75
02.08.2021 00:10:45.358,1.38943,1.38931,1.69,1.5
02.08.2021 00:10:54.807,1.38942,1.38931,0.82,1.5
02.08.2021 00:10:58.412,1.38942,1.3893,0.37,0.75
02.08.2021 00:10:59.830,1.38941,1.3893,0.37,1.57
02.08.2021 00:11:01.370,1.3894,1.3893,0.37,1.5
02.08.2021 00:11:04.119,1.38941,1.3893,0.19,2.32
02.08.2021 00:11:04.221,1.38942,1.3893,0.19,0.82
02.08.2021 00:11:04.636,1.38941,1.3893,0.19,2.32
02.08.2021 00:11:06.030,1.38941,1.3892900000000001,0.19,1.5
02.08.2021 00:11:13.375,1.3894,1.38931,0.19,0.75
02.08.2021 00:11:13.912,1.38941,1.38931,0.19,0.75
02.08.2021 00:11:20.054,1.38941,1.3893,0.19,2.32
02.08.2021 00:11:20.174,1.38941,1.38931,0.19,0.75
02.08.2021 00:11:20.524,1.38942,1.3892900000000001,0.19,2.32
02.08.2021 00:11:20.682,1.38941,1.38931,0.19,0.75
02.08.2021 00:11:21.032,1.38941,1.3893,0.19,2.32
02.08.2021 00:11:21.184,1.38944,1.38933,0.37,2.62
02.08.2021 00:11:21.387,1.38944,1.38934,0.56,0.1
02.08.2021 00:11:21.488,1.38945,1.38934,0.19,1.01
02.08.2021 00:11:21.887,1.38945,1.38935,0.19,0.94
02.08.2021 00:11:21.989,1.38951,1.3893900000000001,5.14,2.51
02.08.2021 00:11:22.141,1.38951,1.3894,2.14,0.75
02.08.2021 00:11:22.251,1.38951,1.3893900000000001,2.14,2.51
02.08.2021 00:11:22.352,1.38952,1.3893900000000001,1.39,1.12
02.08.2021 00:11:23.353,1.38951,1.38941,1.39,0.75
02.08.2021 00:11:23.702,1.38952,1.3893900000000001,1.31,0.82
02.08.2021 00:11:23.858,1.38951,1.38941,0.19,0.75
02.08.2021 00:11:24.226,1.38951,1.3893900000000001,0.75,1.01
02.08.2021 00:11:24.378,1.38952,1.3894,0.94,0.75
02.08.2021 00:11:24.531,1.3894900000000001,1.38941,0.75,0.75
02.08.2021 00:11:24.734,1.3894700000000002,1.3894,0.75,1.01
02.08.2021 00:11:24.885,1.38948,1.3894,0.75,1.01
02.08.2021 00:11:25.252,1.38948,1.3893900000000001,0.75,0.26
02.08.2021 00:11:25.416,1.3894900000000001,1.3893900000000001,0.75,1.01
02.08.2021 00:11:25.781,1.38948,1.3893900000000001,0.75,1.01
02.08.2021 00:11:27.857,1.3894900000000001,1.38941,0.75,0.82
02.08.2021 00:11:27.908,1.38954,1.38942,0.75,1.76
02.08.2021 00:11:28.009,1.38955,1.38943,0.94,0.82
02.08.2021 00:11:28.161,1.38954,1.38945,0.75,0.1
02.08.2021 00:11:28.543,1.38955,1.38945,0.94,0.1
02.08.2021 00:11:28.844,1.38954,1.38945,0.75,0.1
02.08.2021 00:11:29.047,1.38955,1.3894700000000002,0.75,1.5
02.08.2021 00:11:30.072,1.38954,1.3894600000000001,0.75,0.75
02.08.2021 00:11:30.477,1.38954,1.38945,0.75,2.51
02.08.2021 00:11:30.732,1.38953,1.38945,1.5,0.75
02.08.2021 00:11:30.834,1.38952,1.38944,0.75,0.37
02.08.2021 00:11:30.937,1.38954,1.38944,0.75,1.31
02.08.2021 00:11:31.039,1.38954,1.38945,0.75,1.31
02.08.2021 00:11:31.321,1.38954,1.38944,0.75,1.31
02.08.2021 00:11:31.474,1.38954,1.38945,0.75,1.31
02.08.2021 00:11:31.595,1.38955,1.38945,0.75,0.75
02.08.2021 00:11:31.747,1.38955,1.38944,1.5,1.39
02.08.2021 00:11:31.850,1.38954,1.38944,0.75,1.31
02.08.2021 00:11:32.053,1.38954,1.38945,0.75,1.39
02.08.2021 00:11:32.570,1.38954,1.3894600000000001,0.75,0.75
02.08.2021 00:11:32.723,1.38955,1.3894700000000002,1.12,0.75
02.08.2021 00:11:32.927,1.38954,1.38945,0.75,2.7
02.08.2021 00:11:33.081,1.38955,1.38945,0.75,0.75
02.08.2021 00:11:33.212,1.38955,1.3894600000000001,1.12,0.82
02.08.2021 00:11:33.442,1.38955,1.38945,1.12,2.7
02.08.2021 00:11:33.962,1.38954,1.38945,0.75,2.32
02.08.2021 00:11:36.927,1.38954,1.3894600000000001,0.75,0.45
02.08.2021 00:11:40.582,1.38953,1.3894600000000001,0.75,0.37
02.08.2021 00:11:40.835,1.38955,1.3894600000000001,0.75,0.75
02.08.2021 00:11:40.987,1.38953,1.3894600000000001,0.75,1.12
02.08.2021 00:11:43.779,1.38955,1.38945,0.75,1.12
02.08.2021 00:11:44.103,1.38953,1.3894600000000001,0.75,1.12
02.08.2021 00:11:44.305,1.38954,1.3894600000000001,0.75,1.12
02.08.2021 00:11:44.627,1.38954,1.38945,0.75,1.12
02.08.2021 00:11:44.809,1.38955,1.38945,0.75,1.12
02.08.2021 00:11:45.022,1.38954,1.3894700000000002,0.75,0.19
02.08.2021 00:11:46.176,1.38954,1.3894600000000001,0.75,0.64
02.08.2021 00:11:48.376,1.3895,1.3894600000000001,0.75,0.37
02.08.2021 00:11:48.478,1.38951,1.3894600000000001,0.75,0.37
02.08.2021 00:11:48.579,1.38952,1.3894600000000001,0.75,0.37
02.08.2021 00:11:48.630,1.38955,1.38945,0.75,1.12
02.08.2021 00:11:48.832,1.38955,1.38944,0.75,2.14
02.08.2021 00:11:49.390,1.38954,1.38944,0.75,0.82
02.08.2021 00:11:49.491,1.38952,1.38943,0.75,1.76
02.08.2021 00:11:49.593,1.38953,1.38943,0.75,0.75
02.08.2021 00:11:49.694,1.38953,1.38945,0.75,0.75
02.08.2021 00:11:49.998,1.38952,1.38944,0.75,0.82
02.08.2021 00:11:50.151,1.38953,1.38944,0.75,0.82
02.08.2021 00:11:50.474,1.38952,1.38944,0.75,0.82
02.08.2021 00:11:50.677,1.38954,1.38944,0.75,0.82
02.08.2021 00:11:50.991,1.38953,1.38944,0.75,0.82
02.08.2021 00:11:51.093,1.38952,1.38944,0.75,1.01
02.08.2021 00:11:51.195,1.38954,1.38945,0.75,0.75
02.08.2021 00:11:51.560,1.38953,1.38945,0.75,0.75
02.08.2021 00:11:52.259,1.38953,1.3894600000000001,0.75,0.75
02.08.2021 00:11:52.614,1.38953,1.38945,0.75,0.1
02.08.2021 00:11:53.722,1.38954,1.38943,0.75,0.26
02.08.2021 00:11:54.707,1.38952,1.38944,0.75,0.1
02.08.2021 00:11:54.809,1.38952,1.38943,0.75,1.76
02.08.2021 00:11:54.910,1.38954,1.38944,0.75,1.01
02.08.2021 00:11:54.961,1.38955,1.38945,0.75,0.75
02.08.2021 00:11:55.063,1.3895700000000002,1.3894700000000002,1.5,0.75
02.08.2021 00:11:55.114,1.3895700000000002,1.38945,0.75,1.57
02.08.2021 00:11:55.215,1.38955,1.3894600000000001,0.75,1.57
02.08.2021 00:11:55.317,1.38955,1.38945,0.75,1.95
02.08.2021 00:11:55.418,1.38954,1.3894600000000001,0.75,0.75
02.08.2021 00:11:55.773,1.38954,1.38945,0.75,1.5
02.08.2021 00:11:55.975,1.38955,1.3894600000000001,0.75,0.75
02.08.2021 00:11:56.329,1.38953,1.38945,0.75,1.5
02.08.2021 00:11:56.480,1.38955,1.38945,0.75,0.1
02.08.2021 00:11:56.582,1.38953,1.38944,0.75,0.82
02.08.2021 00:11:56.633,1.38953,1.3894700000000002,0.75,0.75
02.08.2021 00:11:56.684,1.3895600000000001,1.3894700000000002,0.75,0.75
02.08.2021 00:11:56.836,1.38955,1.3894700000000002,0.75,0.75
02.08.2021 00:11:56.937,1.3895700000000002,1.38945,0.82,0.75
02.08.2021 00:11:57.039,1.3895600000000001,1.3894700000000002,0.75,0.75
02.08.2021 00:11:57.393,1.38955,1.3894600000000001,0.75,0.1
02.08.2021 00:11:57.554,1.3895600000000001,1.3894700000000002,0.75,0.75
02.08.2021 00:11:57.820,1.38955,1.3894600000000001,0.75,0.82
02.08.2021 00:11:57.921,1.38955,1.38944,0.75,1.57
02.08.2021 00:11:58.073,1.3895600000000001,1.3894600000000001,0.75,0.75
02.08.2021 00:11:58.427,1.3895600000000001,1.38945,0.75,0.75
02.08.2021 00:11:58.528,1.38955,1.3894700000000002,0.75,0.75
02.08.2021 00:11:58.629,1.3895600000000001,1.38948,0.75,0.75
02.08.2021 00:11:58.796,1.3895600000000001,1.38945,0.75,0.75
02.08.2021 00:11:58.948,1.38955,1.38945,0.75,0.82
02.08.2021 00:11:59.049,1.3895600000000001,1.38945,0.75,0.75
02.08.2021 00:11:59.409,1.38955,1.38945,0.75,0.75
02.08.2021 00:11:59.611,1.3895700000000002,1.3894700000000002,0.94,0.75
02.08.2021 00:11:59.781,1.38955,1.3894600000000001,0.75,0.75
02.08.2021 00:11:59.986,1.38954,1.38945,0.75,0.82
02.08.2021 00:12:00.139,1.3895600000000001,1.3894700000000002,0.94,0.75
02.08.2021 00:12:00.291,1.3895600000000001,1.3894600000000001,0.75,0.75
02.08.2021 00:12:00.493,1.3895700000000002,1.38944,0.75,2.14
02.08.2021 00:12:00.594,1.38955,1.38944,0.75,2.14
02.08.2021 00:12:00.696,1.3895600000000001,1.3894700000000002,0.75,0.75
02.08.2021 00:12:00.798,1.3895700000000002,1.3894900000000001,0.75,0.82
02.08.2021 00:12:00.899,1.3895700000000002,1.38948,0.75,1.57
02.08.2021 00:12:01.001,1.3895700000000002,1.3894700000000002,0.75,0.1
02.08.2021 00:12:01.102,1.3895700000000002,1.3894900000000001,0.75,0.75
02.08.2021 00:12:01.684,1.38958,1.3895,0.75,0.75
02.08.2021 00:12:02.241,1.3896000000000002,1.3895,1.12,0.75
02.08.2021 00:12:02.558,1.38959,1.3895,0.75,0.75
02.08.2021 00:12:07.458,1.38959,1.3894900000000001,1.01,0.75
02.08.2021 00:12:07.560,1.38959,1.3895,1.5,0.75
02.08.2021 00:12:07.863,1.3896000000000002,1.38948,0.75,0.75
02.08.2021 00:12:08.065,1.38959,1.3895,0.75,0.75
02.08.2021 00:12:09.120,1.3896000000000002,1.3895,1.95,0.75
02.08.2021 00:12:09.447,1.38959,1.3895,0.75,0.75
02.08.2021 00:12:09.651,1.3896000000000002,1.3895,1.87,0.75
02.08.2021 00:12:10.002,1.38959,1.3894900000000001,0.75,0.75
02.08.2021 00:12:12.172,1.38959,1.38948,0.75,0.75
02.08.2021 00:12:12.273,1.38959,1.3894900000000001,0.75,0.75
02.08.2021 00:12:13.794,1.38953,1.3894600000000001,1.87,1.12
02.08.2021 00:12:13.896,1.38953,1.38943,0.75,1.12
02.08.2021 00:12:13.998,1.38953,1.38941,1.12,1.95
02.08.2021 00:12:14.099,1.38954,1.38942,0.75,0.75
02.08.2021 00:12:14.302,1.38954,1.38941,0.82,2.62
02.08.2021 00:12:14.454,1.38953,1.38941,0.82,1.12
02.08.2021 00:12:14.555,1.38952,1.38941,0.75,1.12
02.08.2021 00:12:14.657,1.38953,1.38941,1.57,1.12
02.08.2021 00:12:14.859,1.38951,1.38942,0.37,0.75
02.08.2021 00:12:14.961,1.38951,1.3894,0.37,0.75
02.08.2021 00:12:17.105,1.3894900000000001,1.38941,0.37,0.75
02.08.2021 00:12:17.207,1.3894900000000001,1.3894,0.37,0.75
02.08.2021 00:12:17.460,1.38948,1.3894,0.37,0.75
02.08.2021 00:12:17.561,1.3894900000000001,1.38941,0.37,0.75
02.08.2021 00:12:18.070,1.3894900000000001,1.3894,0.19,0.75
02.08.2021 00:12:18.227,1.3894900000000001,1.38941,0.19,0.75
02.08.2021 00:12:18.668,1.3894900000000001,1.3894,0.1,0.75
02.08.2021 00:12:18.771,1.3895,1.38941,0.82,0.75
02.08.2021 00:12:21.279,1.38951,1.3893900000000001,1.57,0.75
02.08.2021 00:12:21.394,1.3895,1.38941,1.57,0.75
02.08.2021 00:12:21.762,1.3895,1.3894,1.57,0.75
02.08.2021 00:12:21.891,1.38951,1.3894,1.57,0.75
02.08.2021 00:12:22.306,1.3895,1.3894,1.57,0.75
02.08.2021 00:12:22.428,1.38951,1.3894,1.57,0.75
02.08.2021 00:12:22.479,1.38951,1.3893700000000002,1.57,1.95
02.08.2021 00:12:22.710,1.3895,1.38941,1.57,0.75
02.08.2021 00:12:22.862,1.38951,1.3893900000000001,1.57,0.75
02.08.2021 00:12:22.964,1.3895,1.38941,1.57,0.75
02.08.2021 00:12:23.077,1.3894900000000001,1.38941,0.75,0.75
02.08.2021 00:12:23.179,1.38951,1.3894,1.95,0.75
02.08.2021 00:12:23.384,1.3895,1.3894,0.1,0.75
02.08.2021 00:12:23.811,1.38952,1.3893900000000001,1.2,1.5
02.08.2021 00:12:24.033,1.38951,1.38941,1.2,0.75
02.08.2021 00:12:24.997,1.38951,1.38942,1.2,0.75
02.08.2021 00:12:28.223,1.3895,1.38942,1.12,0.75
02.08.2021 00:12:28.577,1.3895,1.38941,1.95,0.75
02.08.2021 00:12:31.651,1.3895,1.3894,1.95,0.75
02.08.2021 00:12:31.702,1.38951,1.3893700000000002,2.7,0.82
02.08.2021 00:12:31.803,1.38951,1.38938,1.95,0.75
02.08.2021 00:12:32.814,1.3895,1.3894,0.82,0.75
02.08.2021 00:12:33.185,1.38951,1.38938,1.57,0.75
02.08.2021 00:12:34.138,1.38951,1.3893900000000001,0.82,0.75
02.08.2021 00:12:34.239,1.3895,1.3893900000000001,0.82,0.75
02.08.2021 00:12:34.350,1.3895,1.3894,0.82,0.75
02.08.2021 00:12:34.739,1.3895,1.3893900000000001,0.82,0.75
02.08.2021 00:12:39.748,1.3895,1.3894,0.82,0.75
02.08.2021 00:12:41.092,1.3895,1.3893900000000001,0.82,0.75
02.08.2021 00:12:41.248,1.38951,1.3893900000000001,0.82,0.75
02.08.2021 00:12:49.327,1.38951,1.38938,1.57,0.75
02.08.2021 00:12:49.580,1.3895,1.3894,0.82,0.75
02.08.2021 00:12:49.682,1.3895,1.38941,0.82,0.75
02.08.2021 00:12:51.486,1.38951,1.38941,0.82,0.75
02.08.2021 00:12:52.945,1.3894900000000001,1.38941,0.75,1.5
02.08.2021 00:12:53.097,1.3895,1.38941,0.75,0.75
02.08.2021 00:12:53.300,1.38951,1.38944,0.75,0.75
02.08.2021 00:12:53.350,1.38954,1.38948,0.45,0.75
02.08.2021 00:12:53.452,1.3895700000000002,1.3894700000000002,1.87,0.75
02.08.2021 00:12:54.782,1.3895600000000001,1.3894900000000001,1.5,0.75
02.08.2021 00:12:54.884,1.38958,1.3895,1.5,0.75
02.08.2021 00:12:54.985,1.38958,1.38951,1.2,0.75
02.08.2021 00:12:55.188,1.3895700000000002,1.3894900000000001,0.82,1.12
02.08.2021 00:12:55.340,1.3895700000000002,1.38951,0.75,0.75
02.08.2021 00:12:55.441,1.38958,1.38952,0.75,0.75
02.08.2021 00:12:55.912,1.3896000000000002,1.38951,0.82,0.75
02.08.2021 00:12:56.013,1.3896000000000002,1.3895,0.82,0.75
02.08.2021 00:12:56.340,1.38959,1.38952,0.82,0.75
02.08.2021 00:12:56.976,1.3896000000000002,1.38952,1.2,0.75
02.08.2021 00:12:57.179,1.38959,1.38951,0.1,0.75
02.08.2021 00:12:57.331,1.38959,1.38952,0.1,0.75
02.08.2021 00:12:57.655,1.3896000000000002,1.3895,0.1,0.75
02.08.2021 00:12:57.857,1.3896000000000002,1.38951,0.1,0.75
02.08.2021 00:12:58.423,1.38961,1.38952,0.45,0.75
02.08.2021 00:12:58.727,1.38961,1.3894900000000001,0.45,1.5
02.08.2021 00:12:58.930,1.3896000000000002,1.38953,0.45,0.75
02.08.2021 00:12:59.236,1.38961,1.38951,0.1,0.75
02.08.2021 00:12:59.439,1.38961,1.38952,0.1,0.75
02.08.2021 00:13:00.456,1.38961,1.38953,2.7,0.75
02.08.2021 00:13:00.811,1.3896000000000002,1.38953,0.1,0.75
02.08.2021 00:13:01.013,1.38961,1.38953,2.7,0.75
02.08.2021 00:13:01.920,1.38961,1.38952,1.57,0.75
02.08.2021 00:13:02.022,1.38962,1.38952,1.57,0.75
02.08.2021 00:13:02.381,1.38962,1.38951,1.57,0.75
02.08.2021 00:13:02.497,1.38961,1.38952,0.1,0.75
02.08.2021 00:13:02.649,1.38961,1.38953,1.57,0.75
02.08.2021 00:13:02.879,1.38961,1.3895,2.32,0.82
02.08.2021 00:13:02.981,1.3896000000000002,1.3895,0.1,0.75
02.08.2021 00:13:03.031,1.38961,1.38952,0.1,0.75
02.08.2021 00:13:03.234,1.38961,1.38953,1.5,0.75
02.08.2021 00:13:03.363,1.38962,1.38951,1.5,0.75
02.08.2021 00:13:03.565,1.38961,1.38953,1.57,0.75
02.08.2021 00:13:05.200,1.38961,1.38952,0.75,0.75
02.08.2021 00:13:05.302,1.38961,1.38953,2.32,0.75
02.08.2021 00:13:05.453,1.38961,1.38952,3.07,0.75
02.08.2021 00:13:05.555,1.38962,1.3895,3.07,0.75
02.08.2021 00:13:05.656,1.38961,1.38953,2.32,0.75
02.08.2021 00:13:05.979,1.38961,1.38951,2.32,0.75
02.08.2021 00:13:06.131,1.38962,1.38952,2.32,0.75
02.08.2021 00:13:06.480,1.38962,1.38951,2.32,0.75
02.08.2021 00:13:06.582,1.38961,1.38951,3.07,0.75
02.08.2021 00:13:06.683,1.38962,1.38952,3.07,0.75
02.08.2021 00:13:07.049,1.38961,1.38951,2.32,0.75
02.08.2021 00:13:07.710,1.38961,1.38952,1.5,0.75
02.08.2021 00:13:08.070,1.38962,1.3895,1.57,0.75
02.08.2021 00:13:34.310,1.38961,1.3895,0.75,0.75
02.08.2021 00:13:43.690,1.38961,1.38951,1.95,0.75
02.08.2021 00:13:44.444,1.3896000000000002,1.38951,0.75,0.75
02.08.2021 00:13:48.677,1.3896000000000002,1.38952,0.75,0.75
02.08.2021 00:13:49.148,1.38961,1.38953,1.87,0.75
02.08.2021 00:13:49.301,1.38964,1.38955,1.5,1.12
02.08.2021 00:13:49.403,1.38963,1.38955,0.37,1.12
02.08.2021 00:13:49.504,1.38963,1.3895600000000001,1.57,0.37
02.08.2021 00:13:49.606,1.38961,1.38953,0.75,0.75
02.08.2021 00:14:00.900,1.38962,1.38953,1.12,0.75
02.08.2021 00:14:03.620,1.38963,1.3895700000000002,0.56,0.37
02.08.2021 00:14:03.671,1.3896600000000001,1.38958,0.75,0.75
02.08.2021 00:14:03.722,1.3896700000000002,1.3896000000000002,0.45,0.75
02.08.2021 00:14:03.773,1.38971,1.38961,0.75,0.75
02.08.2021 00:14:05.705,1.38971,1.38959,1.12,0.75
02.08.2021 00:14:05.863,1.38971,1.38961,1.2,0.75
02.08.2021 00:14:06.682,1.38971,1.38959,1.2,0.75
02.08.2021 00:14:09.032,1.3897000000000002,1.38961,0.82,0.75
02.08.2021 00:14:09.756,1.3897000000000002,1.3896000000000002,0.75,0.75
02.08.2021 00:14:09.807,1.3897000000000002,1.38962,0.75,0.75
02.08.2021 00:14:10.837,1.3897000000000002,1.3896000000000002,0.75,0.75
02.08.2021 00:14:13.460,1.38969,1.3896000000000002,0.1,0.75
02.08.2021 00:14:13.936,1.3897000000000002,1.3896000000000002,0.1,0.75
02.08.2021 00:14:14.547,1.3897000000000002,1.38961,0.82,0.75
02.08.2021 00:14:16.080,1.3897000000000002,1.3896000000000002,0.1,0.75
02.08.2021 00:14:19.983,1.3897000000000002,1.38959,0.1,0.75
02.08.2021 00:14:20.307,1.3897000000000002,1.38958,0.1,0.37
02.08.2021 00:14:25.604,1.38969,1.38958,0.82,0.45
02.08.2021 00:14:29.509,1.38962,1.3895600000000001,0.75,0.37
02.08.2021 00:14:29.611,1.38964,1.3895600000000001,1.69,0.37
02.08.2021 00:14:29.814,1.38965,1.3895700000000002,0.94,0.37
02.08.2021 00:14:29.915,1.3896700000000002,1.3895600000000001,0.1,0.75
02.08.2021 00:14:30.017,1.3896600000000001,1.3895600000000001,1.12,1.12
02.08.2021 00:14:30.118,1.3896600000000001,1.3895700000000002,0.1,0.75
02.08.2021 00:14:35.405,1.38963,1.3895700000000002,0.37,0.37
02.08.2021 00:14:35.456,1.38965,1.3895700000000002,1.12,0.37
02.08.2021 00:14:35.557,1.3896700000000002,1.3895600000000001,0.1,0.94
02.08.2021 00:14:41.902,1.38968,1.3895600000000001,1.57,0.94
02.08.2021 00:14:43.471,1.3896600000000001,1.3895700000000002,0.75,0.94
02.08.2021 00:14:45.530,1.3896700000000002,1.3895700000000002,1.57,0.94
02.08.2021 00:14:45.633,1.38969,1.38958,1.57,0.37
02.08.2021 00:14:46.653,1.38968,1.3896000000000002,1.57,0.37
02.08.2021 00:14:48.201,1.38969,1.3896000000000002,0.82,0.37
02.08.2021 00:14:48.655,1.38969,1.38959,0.82,0.56
02.08.2021 00:14:48.756,1.38969,1.3896000000000002,0.82,0.37
02.08.2021 00:14:49.115,1.3897000000000002,1.38958,0.82,0.94
02.08.2021 00:14:49.267,1.3897000000000002,1.38959,0.82,0.37
02.08.2021 00:14:49.605,1.38969,1.38959,0.82,1.69
02.08.2021 00:14:49.808,1.38969,1.3896000000000002,0.82,0.37
02.08.2021 00:14:50.175,1.3897000000000002,1.38958,0.82,0.94
02.08.2021 00:14:50.829,1.38969,1.3896000000000002,0.82,0.37
02.08.2021 00:14:51.183,1.38969,1.38959,0.82,0.56
02.08.2021 00:14:51.284,1.38968,1.38959,0.1,0.37
02.08.2021 00:14:51.385,1.38969,1.38959,0.82,0.75
02.08.2021 00:14:51.709,1.38968,1.38959,0.1,0.37
02.08.2021 00:14:51.810,1.38969,1.3896000000000002,0.1,0.19
02.08.2021 00:14:51.911,1.3897000000000002,1.38958,0.1,0.56
02.08.2021 00:14:54.456,1.3897000000000002,1.38959,0.1,0.37
02.08.2021 00:14:54.828,1.3897000000000002,1.38958,0.1,0.56
02.08.2021 00:14:55.399,1.38969,1.38958,0.1,0.56
02.08.2021 00:14:55.500,1.3897000000000002,1.38959,0.1,0.37
02.08.2021 00:14:55.808,1.3897000000000002,1.38958,0.1,0.56
02.08.2021 00:14:56.010,1.3897000000000002,1.3896000000000002,2.32,0.37
02.08.2021 00:14:56.276,1.38969,1.3896000000000002,0.1,0.37
02.08.2021 00:14:56.377,1.38969,1.38959,0.1,0.56
02.08.2021 00:15:00.509,1.3897000000000002,1.38959,0.1,0.37
02.08.2021 00:15:00.610,1.3897000000000002,1.38958,0.1,0.94
02.08.2021 00:15:00.712,1.3897000000000002,1.3896000000000002,1.95,0.19
02.08.2021 00:15:00.814,1.38969,1.3896000000000002,0.1,0.19
02.08.2021 00:15:00.966,1.38969,1.38959,0.1,0.94
02.08.2021 00:15:01.068,1.3897000000000002,1.38959,1.57,1.01
02.08.2021 00:15:01.289,1.38969,1.38959,0.1,0.94
02.08.2021 00:15:01.453,1.38969,1.3896000000000002,0.1,0.37
02.08.2021 00:15:01.806,1.38969,1.38959,0.1,1.69
02.08.2021 00:15:01.913,1.38968,1.38959,0.1,0.37
02.08.2021 00:15:02.015,1.3897000000000002,1.38959,0.82,0.37
02.08.2021 00:15:02.117,1.38969,1.38959,0.82,0.75
02.08.2021 00:15:02.219,1.38969,1.3896000000000002,0.82,0.37
02.08.2021 00:15:02.320,1.3897000000000002,1.38958,1.57,0.37
02.08.2021 00:15:02.504,1.3897000000000002,1.38959,0.82,0.37
02.08.2021 00:15:02.697,1.38969,1.38959,0.82,0.75
02.08.2021 00:15:06.311,1.3897000000000002,1.38959,0.82,0.37
02.08.2021 00:15:06.463,1.3897000000000002,1.38958,0.82,1.12
02.08.2021 00:15:06.615,1.38969,1.3896000000000002,0.82,0.37
02.08.2021 00:15:07.001,1.3897000000000002,1.38958,0.75,0.82
02.08.2021 00:15:07.102,1.38972,1.38963,0.82,0.37
02.08.2021 00:15:07.507,1.38971,1.38963,0.1,0.37
02.08.2021 00:15:07.609,1.38971,1.38964,1.57,0.37
02.08.2021 00:15:08.039,1.3897000000000002,1.38964,0.1,0.37
02.08.2021 00:15:08.170,1.38971,1.38962,0.1,0.37
02.08.2021 00:15:08.285,1.38972,1.38962,1.57,0.37
02.08.2021 00:15:08.551,1.3897000000000002,1.38963,0.1,0.37
02.08.2021 00:15:11.049,1.38971,1.38963,0.75,0.56
02.08.2021 00:15:11.101,1.38974,1.38963,2.7,0.64
02.08.2021 00:15:11.361,1.38975,1.38965,2.32,0.37
02.08.2021 00:15:12.069,1.38974,1.38968,0.75,0.37
02.08.2021 00:15:12.120,1.3897700000000002,1.38968,1.2,0.37
02.08.2021 00:15:12.222,1.38978,1.38968,1.57,0.37
02.08.2021 00:15:12.323,1.3897700000000002,1.38968,0.1,0.37
02.08.2021 00:15:12.425,1.38978,1.38969,1.57,0.37
02.08.2021 00:15:12.577,1.38979,1.38969,1.57,0.37
02.08.2021 00:15:12.679,1.3898100000000002,1.38968,0.82,1.57
02.08.2021 00:15:12.781,1.3898000000000001,1.3897000000000002,0.82,0.75
02.08.2021 00:15:12.882,1.3898100000000002,1.3897000000000002,2.7,0.82
02.08.2021 00:15:13.380,1.38982,1.3897000000000002,0.75,0.45
02.08.2021 00:15:13.815,1.3898100000000002,1.3897000000000002,0.75,0.1
02.08.2021 00:15:13.916,1.38982,1.38973,0.75,0.75
02.08.2021 00:15:14.018,1.38982,1.38974,0.75,0.75
02.08.2021 00:15:14.221,1.38984,1.38973,0.82,1.2
02.08.2021 00:15:14.423,1.38986,1.38974,0.82,1.12
02.08.2021 00:15:14.777,1.38985,1.38974,0.82,1.2
02.08.2021 00:15:14.930,1.38985,1.38975,0.82,0.37
02.08.2021 00:15:15.082,1.38985,1.38976,0.82,0.37
02.08.2021 00:15:15.234,1.38985,1.38975,0.82,1.12
02.08.2021 00:15:15.336,1.3898100000000002,1.38973,0.75,0.37
02.08.2021 00:15:15.437,1.38982,1.38973,0.45,0.37
02.08.2021 00:15:15.589,1.38983,1.38973,0.45,1.12
02.08.2021 00:15:15.691,1.38983,1.38975,0.37,0.75
02.08.2021 00:15:15.793,1.38983,1.38973,0.37,1.2
02.08.2021 00:15:15.945,1.38983,1.38974,0.19,0.75
02.08.2021 00:15:16.046,1.38984,1.38975,1.57,0.75
02.08.2021 00:15:16.300,1.38983,1.38975,0.37,0.37
02.08.2021 00:15:16.554,1.38984,1.38975,0.75,0.37
02.08.2021 00:15:16.857,1.38983,1.38975,0.37,0.37
02.08.2021 00:15:17.110,1.38985,1.38974,0.37,0.75
02.08.2021 00:15:17.313,1.38985,1.38973,0.37,0.82
02.08.2021 00:15:17.466,1.38984,1.38973,1.2,1.57
02.08.2021 00:15:17.612,1.38984,1.38974,0.45,0.75
02.08.2021 00:15:19.638,1.38984,1.38975,0.45,0.37
02.08.2021 00:15:20.060,1.38985,1.38976,0.45,0.75
02.08.2021 00:15:21.328,1.38986,1.38978,0.94,0.75
02.08.2021 00:15:21.430,1.38988,1.3898000000000001,0.75,0.75
02.08.2021 00:15:21.531,1.38986,1.38978,0.1,0.75
02.08.2021 00:15:21.683,1.38985,1.38978,0.1,0.75
02.08.2021 00:15:21.835,1.3898700000000002,1.38979,0.1,0.75
02.08.2021 00:15:22.341,1.38988,1.3898000000000001,0.1,0.75
02.08.2021 00:15:25.679,1.38989,1.3898000000000001,0.1,1.12
02.08.2021 00:15:25.781,1.3899000000000001,1.3898000000000001,0.1,0.75
02.08.2021 00:15:25.887,1.3899100000000002,1.3898000000000001,0.1,0.75
02.08.2021 00:15:25.989,1.3899000000000001,1.38982,0.1,0.75
02.08.2021 00:15:26.803,1.3899000000000001,1.3898100000000002,0.1,1.12
02.08.2021 00:15:27.069,1.3899100000000002,1.38982,0.1,0.75
02.08.2021 00:15:27.424,1.3899000000000001,1.3898100000000002,0.1,0.75
02.08.2021 00:15:29.154,1.38989,1.3898000000000001,0.82,1.5
02.08.2021 00:15:29.205,1.3899000000000001,1.3898100000000002,0.82,0.75
02.08.2021 00:15:29.531,1.38989,1.38979,0.1,0.75
02.08.2021 00:15:30.109,1.38989,1.38978,0.1,0.75
02.08.2021 00:15:30.220,1.38988,1.3898000000000001,0.1,0.75
02.08.2021 00:15:30.660,1.38988,1.38979,0.1,0.75
02.08.2021 00:15:30.762,1.38988,1.3898000000000001,0.1,0.75
02.08.2021 00:15:31.112,1.38989,1.3897700000000002,0.1,1.2
02.08.2021 00:15:32.650,1.38984,1.38974,0.75,1.2
02.08.2021 00:15:32.751,1.38983,1.38973,0.45,0.75
02.08.2021 00:15:32.853,1.38982,1.38971,0.45,2.7
02.08.2021 00:15:33.258,1.3898100000000002,1.3897000000000002,0.1,1.57
02.08.2021 00:15:33.359,1.38982,1.38971,2.32,0.1
02.08.2021 00:15:33.714,1.38982,1.3897000000000002,0.1,0.75
02.08.2021 00:15:33.816,1.38982,1.38969,0.1,1.57
02.08.2021 00:15:34.308,1.3898000000000001,1.3897000000000002,0.1,1.5
02.08.2021 00:15:34.461,1.3898100000000002,1.3897000000000002,1.95,1.57
02.08.2021 00:15:34.792,1.3898000000000001,1.3897000000000002,0.82,0.37
02.08.2021 00:15:34.894,1.3898000000000001,1.38968,0.1,1.5
02.08.2021 00:15:34.996,1.3898000000000001,1.38969,0.1,1.57
02.08.2021 00:15:35.150,1.3898100000000002,1.38969,0.1,0.75
02.08.2021 00:15:35.302,1.3898000000000001,1.38968,0.82,0.37
02.08.2021 00:15:35.707,1.3898100000000002,1.38968,0.82,1.2
02.08.2021 00:15:35.809,1.3898100000000002,1.38969,0.82,0.37
02.08.2021 00:15:35.961,1.3898000000000001,1.38968,0.1,1.12
02.08.2021 00:15:39.682,1.3898100000000002,1.38968,0.82,1.2
02.08.2021 00:15:39.834,1.3898000000000001,1.3897000000000002,0.1,0.75
02.08.2021 00:15:41.094,1.3898000000000001,1.38969,0.1,0.37
02.08.2021 00:15:41.246,1.3898100000000002,1.38969,0.1,0.37
02.08.2021 00:15:41.766,1.3898100000000002,1.3897000000000002,3.07,1.2
02.08.2021 00:15:41.985,1.38982,1.3897000000000002,1.57,0.37
02.08.2021 00:15:42.124,1.3898100000000002,1.3897000000000002,1.57,1.2
02.08.2021 00:15:42.757,1.38982,1.3897000000000002,1.57,0.37
02.08.2021 00:15:43.010,1.3898100000000002,1.3897000000000002,0.1,0.37
02.08.2021 00:15:43.158,1.3898100000000002,1.38969,0.82,0.37
02.08.2021 00:15:43.310,1.3898100000000002,1.3897000000000002,0.1,0.37
02.08.2021 00:15:43.467,1.3898000000000001,1.3897000000000002,0.1,0.37
02.08.2021 00:15:43.682,1.3898000000000001,1.38969,0.82,0.82
02.08.2021 00:15:43.814,1.3898000000000001,1.3897000000000002,0.82,0.37
02.08.2021 00:15:43.916,1.38982,1.38969,1.95,0.45
02.08.2021 00:15:44.154,1.38982,1.3897000000000002,1.57,0.37
02.08.2021 00:15:44.361,1.3898100000000002,1.3897000000000002,0.75,0.37
02.08.2021 00:15:44.760,1.3898100000000002,1.38969,0.75,0.1
02.08.2021 00:15:44.912,1.3898000000000001,1.38971,0.75,0.37
02.08.2021 00:15:45.246,1.3898100000000002,1.38969,0.75,0.1
02.08.2021 00:15:45.398,1.3898000000000001,1.38971,0.75,0.37
02.08.2021 00:15:45.783,1.3898000000000001,1.3897000000000002,0.75,0.1
02.08.2021 00:15:45.935,1.3898000000000001,1.38971,0.75,0.37
02.08.2021 00:15:46.266,1.3898000000000001,1.3897000000000002,0.75,0.1
02.08.2021 00:15:46.468,1.3898100000000002,1.3897000000000002,0.75,0.37
02.08.2021 00:15:46.818,1.3898000000000001,1.3897000000000002,0.75,0.1
02.08.2021 00:15:46.963,1.3898000000000001,1.38971,0.75,0.37
02.08.2021 00:15:47.236,1.3898100000000002,1.38969,0.75,0.1
02.08.2021 00:15:47.508,1.3898000000000001,1.38971,0.75,0.37
02.08.2021 00:15:47.609,1.3898000000000001,1.3897000000000002,0.75,0.45
02.08.2021 00:15:47.711,1.3898100000000002,1.3897000000000002,1.95,0.45
02.08.2021 00:15:47.910,1.3898100000000002,1.38969,0.82,0.37
02.08.2021 00:15:48.412,1.3898100000000002,1.38968,0.82,0.82
02.08.2021 00:15:49.365,1.3898000000000001,1.3897000000000002,0.82,0.37
02.08.2021 00:15:52.757,1.38979,1.38969,0.1,0.37
02.08.2021 00:15:54.910,1.38978,1.38968,1.95,0.37
02.08.2021 00:15:55.112,1.38978,1.3896700000000002,0.1,0.37
02.08.2021 00:16:01.560,1.38979,1.3896700000000002,1.57,0.37
02.08.2021 00:16:01.711,1.38978,1.38969,0.1,0.37
02.08.2021 00:16:01.813,1.38979,1.38969,0.75,0.45
02.08.2021 00:16:02.116,1.3898100000000002,1.38968,2.7,0.45
02.08.2021 00:16:02.688,1.3898100000000002,1.38969,2.32,0.37
02.08.2021 00:16:02.992,1.3898000000000001,1.38969,2.32,0.45
02.08.2021 00:16:03.121,1.3898000000000001,1.3897000000000002,2.32,0.37
02.08.2021 00:16:03.423,1.3898000000000001,1.38969,2.32,0.45
02.08.2021 00:16:06.204,1.3898000000000001,1.3897000000000002,0.82,0.37
02.08.2021 00:16:08.326,1.3898100000000002,1.3897000000000002,0.75,0.37
02.08.2021 00:16:08.428,1.3898100000000002,1.38971,0.82,0.37
02.08.2021 00:16:08.680,1.3898100000000002,1.3897000000000002,0.82,0.45
02.08.2021 00:16:08.808,1.3898100000000002,1.38971,0.82,0.37
02.08.2021 00:16:08.916,1.3898100000000002,1.3897000000000002,1.2,0.45
02.08.2021 00:16:09.018,1.3898100000000002,1.38971,0.82,0.37
02.08.2021 00:16:09.171,1.38982,1.38969,0.82,0.1
02.08.2021 00:16:09.381,1.3898100000000002,1.38971,0.82,0.37
02.08.2021 00:16:09.736,1.3898100000000002,1.3897000000000002,0.82,0.1
02.08.2021 00:16:09.898,1.38982,1.3897000000000002,0.82,0.37
02.08.2021 00:16:10.234,1.3898100000000002,1.3897000000000002,0.82,0.45
02.08.2021 00:16:13.604,1.38982,1.3897000000000002,0.82,0.37
02.08.2021 00:16:13.923,1.38982,1.38969,0.82,0.45
02.08.2021 00:16:14.129,1.38982,1.3897000000000002,0.82,0.37
02.08.2021 00:16:14.479,1.3898100000000002,1.3897000000000002,0.82,0.45
02.08.2021 00:16:14.650,1.38982,1.3897000000000002,0.82,0.37
02.08.2021 00:16:15.018,1.3898100000000002,1.3897000000000002,0.82,0.45
02.08.2021 00:16:15.174,1.3898100000000002,1.38971,0.82,0.37
02.08.2021 00:16:15.541,1.3898100000000002,1.3897000000000002,0.82,0.45
02.08.2021 00:16:15.687,1.38982,1.3897000000000002,0.82,0.37
02.08.2021 00:16:16.034,1.38982,1.38969,0.82,0.45
02.08.2021 00:16:16.231,1.3898100000000002,1.38971,0.82,0.37
02.08.2021 00:16:16.561,1.3898100000000002,1.3897000000000002,0.82,0.45
02.08.2021 00:16:16.737,1.3898100000000002,1.38971,0.82,0.37
02.08.2021 00:16:17.087,1.3898100000000002,1.3897000000000002,0.82,0.45
02.08.2021 00:16:17.290,1.3898100000000002,1.38971,0.82,0.37
02.08.2021 00:16:17.672,1.3898100000000002,1.3897000000000002,0.82,0.1
02.08.2021 00:16:17.838,1.38982,1.3897000000000002,0.82,0.37
02.08.2021 00:16:17.889,1.38983,1.38978,0.37,0.56
02.08.2021 00:16:17.991,1.38984,1.3898000000000001,0.75,0.56
02.08.2021 00:16:18.206,1.38985,1.3898000000000001,0.75,0.19
02.08.2021 00:16:18.258,1.3899299999999999,1.38983,1.95,0.37
02.08.2021 00:16:18.309,1.38992,1.3898100000000002,2.32,0.1
02.08.2021 00:16:18.512,1.3899100000000002,1.3898000000000001,0.1,1.57
02.08.2021 00:16:18.666,1.3899100000000002,1.38979,0.82,0.37
02.08.2021 00:16:18.819,1.38992,1.3898000000000001,0.82,0.37
02.08.2021 00:16:19.201,1.3899000000000001,1.3898000000000001,0.75,0.82
02.08.2021 00:16:19.353,1.3899100000000002,1.3898000000000001,0.82,1.57
02.08.2021 00:16:19.871,1.38992,1.3898000000000001,0.82,0.37
02.08.2021 00:16:20.263,1.3899100000000002,1.3898000000000001,0.82,1.57
02.08.2021 00:16:20.962,1.3899100000000002,1.3898100000000002,0.82,0.37
02.08.2021 00:16:21.315,1.3899100000000002,1.3898000000000001,0.82,1.57
02.08.2021 00:16:21.416,1.3899000000000001,1.3898000000000001,0.82,0.75
02.08.2021 00:16:21.518,1.3899100000000002,1.3898000000000001,1.57,1.57
02.08.2021 00:16:21.923,1.3899000000000001,1.3898000000000001,0.75,0.82
02.08.2021 00:16:22.024,1.38992,1.38979,1.57,1.57
02.08.2021 00:16:22.420,1.3899100000000002,1.38979,0.75,0.82
02.08.2021 00:16:22.582,1.38992,1.38979,1.57,1.57
02.08.2021 00:16:22.940,1.3899000000000001,1.3898000000000001,0.75,0.82
02.08.2021 00:16:23.090,1.38992,1.38979,0.82,1.57
02.08.2021 00:16:23.574,1.3899100000000002,1.3898100000000002,0.82,0.37
02.08.2021 00:16:23.971,1.3899100000000002,1.3898000000000001,1.57,1.2
02.08.2021 00:16:24.151,1.3899100000000002,1.3898100000000002,1.57,0.37
02.08.2021 00:16:24.486,1.38992,1.38979,1.57,1.2
02.08.2021 00:16:24.643,1.3899100000000002,1.3898100000000002,1.57,0.37
02.08.2021 00:16:24.964,1.3899000000000001,1.3898000000000001,0.82,0.37
02.08.2021 00:16:25.167,1.38992,1.3898000000000001,1.57,0.37
02.08.2021 00:16:25.527,1.3899100000000002,1.38979,0.82,0.37
02.08.2021 00:16:25.680,1.3899000000000001,1.3898100000000002,0.75,0.37
02.08.2021 00:16:25.994,1.3899100000000002,1.38979,0.75,0.45
02.08.2021 00:16:26.198,1.3899000000000001,1.3898100000000002,0.75,0.37
02.08.2021 00:16:26.519,1.3899000000000001,1.3898000000000001,0.75,0.82
02.08.2021 00:16:26.679,1.3899000000000001,1.3898100000000002,0.75,0.37
02.08.2021 00:16:26.780,1.38992,1.3898000000000001,0.82,0.37
02.08.2021 00:16:27.029,1.3899100000000002,1.3898000000000001,0.82,0.82
02.08.2021 00:16:27.210,1.3899000000000001,1.3898100000000002,0.75,0.37
02.08.2021 00:16:27.311,1.3899100000000002,1.3898100000000002,0.82,0.37
02.08.2021 00:16:27.610,1.3899100000000002,1.3898000000000001,0.82,1.57
02.08.2021 00:16:27.777,1.3899100000000002,1.3898100000000002,0.82,0.37
02.08.2021 00:16:28.101,1.3899000000000001,1.3898000000000001,0.75,0.82
02.08.2021 00:16:28.251,1.38992,1.38979,0.82,1.57
02.08.2021 00:16:28.616,1.3899000000000001,1.3898000000000001,0.75,0.82
02.08.2021 00:16:29.272,1.38992,1.38982,0.94,0.26
02.08.2021 00:16:29.374,1.38995,1.38982,0.82,0.45
02.08.2021 00:16:29.935,1.38994,1.38982,1.57,0.37
02.08.2021 00:16:30.036,1.3899299999999999,1.38982,2.32,0.45
02.08.2021 00:16:30.188,1.3899299999999999,1.3898000000000001,1.95,1.57
02.08.2021 00:16:30.833,1.38992,1.3898100000000002,0.1,0.37
02.08.2021 00:16:30.934,1.38992,1.38979,0.82,1.57
02.08.2021 00:16:31.187,1.3899000000000001,1.3898000000000001,0.1,1.5
02.08.2021 00:16:34.442,1.38992,1.38979,1.57,1.57
02.08.2021 00:16:35.499,1.38988,1.3898000000000001,0.75,1.57
02.08.2021 00:16:39.673,1.38989,1.3898000000000001,0.75,0.37
02.08.2021 00:16:40.003,1.38989,1.38979,0.75,0.82
02.08.2021 00:16:40.174,1.38988,1.3898100000000002,0.75,0.37
02.08.2021 00:16:40.507,1.38988,1.3898000000000001,0.75,0.82
02.08.2021 00:16:40.709,1.38988,1.3898100000000002,0.75,0.37
02.08.2021 00:16:41.091,1.38989,1.38979,0.75,0.75
02.08.2021 00:16:41.754,1.38988,1.38982,0.75,0.37
02.08.2021 00:16:42.096,1.38989,1.38979,0.75,0.75
02.08.2021 00:16:42.248,1.38988,1.38982,0.75,0.37
02.08.2021 00:16:42.643,1.38988,1.3898000000000001,0.75,0.82
02.08.2021 00:16:42.794,1.38988,1.38982,0.75,0.37
02.08.2021 00:16:43.116,1.38989,1.38979,0.75,0.82
02.08.2021 00:16:43.303,1.38988,1.38982,0.75,0.37
02.08.2021 00:16:43.636,1.38988,1.3898000000000001,0.75,0.82
02.08.2021 00:16:43.788,1.38988,1.38982,0.75,0.37
02.08.2021 00:16:44.139,1.38989,1.38979,0.75,0.82
02.08.2021 00:16:44.376,1.38988,1.38982,0.75,0.37
02.08.2021 00:16:44.678,1.38989,1.38979,0.75,0.82
02.08.2021 00:16:47.416,1.38988,1.3898100000000002,0.75,0.37
02.08.2021 00:16:47.766,1.38989,1.38979,0.75,0.82
02.08.2021 00:16:47.868,1.38988,1.38979,0.75,0.37
02.08.2021 00:16:55.308,1.3898700000000002,1.38979,0.75,0.75
02.08.2021 00:16:57.196,1.38989,1.3898000000000001,0.75,0.26
02.08.2021 00:16:59.157,1.3899100000000002,1.3898000000000001,0.75,0.45
02.08.2021 00:16:59.562,1.3899100000000002,1.3898100000000002,0.75,0.37
02.08.2021 00:16:59.663,1.38989,1.38982,0.75,0.37
02.08.2021 00:16:59.815,1.3899000000000001,1.38982,0.75,0.37
02.08.2021 00:16:59.917,1.3899000000000001,1.38984,0.75,0.37
02.08.2021 00:16:59.968,1.38995,1.38986,0.75,0.75
02.08.2021 00:17:00.069,1.38996,1.3898700000000002,0.75,0.37
02.08.2021 00:17:00.172,1.38996,1.38988,0.75,0.37
02.08.2021 00:17:00.326,1.38999,1.3899100000000002,0.75,0.37
02.08.2021 00:17:00.633,1.38998,1.3899100000000002,0.75,0.37
02.08.2021 00:17:00.887,1.3900000000000001,1.3899000000000001,0.75,0.37
02.08.2021 00:17:00.989,1.3900000000000001,1.3899100000000002,0.75,0.37
02.08.2021 00:17:01.243,1.38998,1.3899000000000001,0.75,0.82
02.08.2021 00:17:01.395,1.3900000000000001,1.38989,0.75,0.82
02.08.2021 00:17:02.263,1.3900000000000001,1.3899000000000001,1.5,0.82
02.08.2021 00:17:02.444,1.3900000000000001,1.3899100000000002,0.75,0.45
02.08.2021 00:17:02.496,1.39002,1.38992,1.5,0.1
02.08.2021 00:17:02.598,1.39002,1.3899299999999999,0.75,0.1
02.08.2021 00:17:02.902,1.39002,1.38992,0.75,0.82
02.08.2021 00:17:03.004,1.39003,1.3899299999999999,1.57,0.37
02.08.2021 00:17:03.348,1.39003,1.38992,1.57,0.82
02.08.2021 00:17:03.607,1.39006,1.38996,0.82,0.37
02.08.2021 00:17:03.760,1.39005,1.38998,0.75,0.37
02.08.2021 00:17:04.843,1.39002,1.38994,0.75,0.75
02.08.2021 00:17:04.944,1.39002,1.3899299999999999,1.5,0.75
02.08.2021 00:17:05.855,1.39004,1.3899299999999999,1.95,0.75
02.08.2021 00:17:06.518,1.39002,1.38994,0.75,0.75
02.08.2021 00:17:07.024,1.3900100000000002,1.38994,0.75,0.65
02.08.2021 00:17:07.126,1.3900000000000001,1.38994,0.75,0.28
02.08.2021 00:17:07.329,1.38999,1.3899299999999999,0.37,0.37
02.08.2021 00:17:07.430,1.38999,1.38992,0.37,0.37
02.08.2021 00:17:11.688,1.38999,1.3899299999999999,0.75,0.19
02.08.2021 00:17:11.840,1.3900100000000002,1.3899299999999999,1.12,0.56
02.08.2021 00:17:12.143,1.39002,1.38994,0.75,0.19
02.08.2021 00:17:12.397,1.39003,1.38995,1.12,0.75
02.08.2021 00:17:12.498,1.39003,1.38994,1.12,1.95
02.08.2021 00:17:12.614,1.39003,1.38995,1.12,0.19
02.08.2021 00:17:12.816,1.39003,1.38996,0.37,0.37
02.08.2021 00:17:13.019,1.39004,1.38996,0.75,0.37
02.08.2021 00:17:13.221,1.39005,1.38994,0.75,0.37
02.08.2021 00:17:13.567,1.39004,1.38996,0.75,0.37
02.08.2021 00:17:13.978,1.39004,1.38994,0.75,1.95
02.08.2021 00:17:14.029,1.39004,1.38996,0.75,0.37
02.08.2021 00:17:14.080,1.39004,1.3899299999999999,0.75,0.37
02.08.2021 00:17:14.333,1.39002,1.38994,0.75,0.75
02.08.2021 00:17:15.193,1.39004,1.3899299999999999,1.57,0.75
02.08.2021 00:17:15.396,1.39002,1.38994,0.75,0.37
02.08.2021 00:17:15.497,1.3900100000000002,1.38994,0.75,0.37
02.08.2021 00:17:15.599,1.39003,1.3899299999999999,0.75,0.37
02.08.2021 00:17:19.184,1.3900100000000002,1.38994,0.75,0.37
02.08.2021 00:17:28.357,1.39002,1.3899700000000001,0.75,0.37
02.08.2021 00:17:28.407,1.39005,1.3899700000000001,1.5,0.56
02.08.2021 00:17:28.509,1.3900700000000001,1.3899700000000001,1.5,0.75
02.08.2021 00:17:28.610,1.39008,1.3899700000000001,0.75,0.82
02.08.2021 00:17:29.843,1.39006,1.38998,0.75,0.37
02.08.2021 00:17:40.078,1.3900700000000001,1.38998,0.75,0.56
02.08.2021 00:17:40.670,1.39008,1.38996,0.82,0.19
02.08.2021 00:17:40.773,1.3900700000000001,1.3899700000000001,0.75,0.19
02.08.2021 00:17:40.875,1.3900700000000001,1.38998,0.75,0.56
02.08.2021 00:17:41.551,1.3900700000000001,1.38999,0.75,0.19
02.08.2021 00:17:42.287,1.39008,1.3899700000000001,0.75,0.56
02.08.2021 00:17:46.464,1.3900700000000001,1.3900000000000001,0.75,0.37
02.08.2021 00:17:46.566,1.3900700000000001,1.38999,0.75,0.19
02.08.2021 00:17:46.922,1.3900700000000001,1.38998,0.75,0.64
02.08.2021 00:17:48.126,1.39008,1.38998,0.75,0.19
02.08.2021 00:17:50.646,1.39009,1.38998,0.75,0.56
02.08.2021 00:17:52.645,1.3900700000000001,1.38999,0.75,0.56
02.08.2021 00:18:00.204,1.39006,1.38998,0.75,0.75
02.08.2021 00:18:00.507,1.39008,1.3899700000000001,1.12,0.75
02.08.2021 00:18:01.990,1.39009,1.3899700000000001,1.57,1.12
02.08.2021 00:18:02.449,1.39008,1.38999,0.82,0.37
02.08.2021 00:18:03.085,1.39009,1.3899700000000001,0.82,1.12
02.08.2021 00:18:09.182,1.39009,1.38998,0.82,0.37
02.08.2021 00:18:09.399,1.39008,1.38998,0.82,0.75
02.08.2021 00:18:09.552,1.39009,1.38998,0.82,0.37
02.08.2021 00:18:11.549,1.3900700000000001,1.38998,0.75,0.37
02.08.2021 00:18:18.760,1.3900700000000001,1.38996,0.82,0.19
02.08.2021 00:18:20.234,1.3900700000000001,1.38998,0.82,0.37
02.08.2021 00:18:20.821,1.3900700000000001,1.3899700000000001,0.82,0.19
02.08.2021 00:18:20.923,1.3900700000000001,1.38996,0.75,0.19
02.08.2021 00:18:27.871,1.39003,1.38996,0.75,0.13
02.08.2021 00:18:28.024,1.39005,1.38996,0.82,0.13
02.08.2021 00:18:33.683,1.39005,1.3899700000000001,0.37,0.37
02.08.2021 00:18:33.785,1.39005,1.38998,0.37,0.37
02.08.2021 00:18:34.162,1.39006,1.38998,0.75,0.37
02.08.2021 00:18:34.265,1.39008,1.3899700000000001,1.5,0.37
02.08.2021 00:18:36.783,1.39006,1.38998,0.75,0.37
02.08.2021 00:18:36.936,1.3900700000000001,1.38998,1.5,0.75
02.08.2021 00:18:37.039,1.39008,1.38998,0.75,0.37
02.08.2021 00:18:37.142,1.3900700000000001,1.38998,0.75,0.82
02.08.2021 00:18:37.965,1.39008,1.38998,0.75,0.37
02.08.2021 00:18:38.167,1.39008,1.3899700000000001,0.75,0.45
02.08.2021 00:18:39.184,1.3900700000000001,1.38999,0.75,0.37
02.08.2021 00:18:39.285,1.39008,1.3899700000000001,0.75,0.45
02.08.2021 00:18:47.089,1.3900700000000001,1.3899700000000001,0.75,0.37
02.08.2021 00:18:47.140,1.39004,1.3899700000000001,0.75,0.37
02.08.2021 00:18:47.242,1.39003,1.3899299999999999,0.75,0.37
02.08.2021 00:18:47.344,1.39003,1.38994,0.75,0.37
02.08.2021 00:18:47.597,1.39002,1.38994,1.57,0.37
02.08.2021 00:18:49.418,1.39004,1.38994,1.57,0.37
02.08.2021 00:18:49.519,1.39002,1.38994,0.75,1.31
02.08.2021 00:18:50.840,1.39006,1.38995,1.69,0.37
02.08.2021 00:18:50.941,1.39004,1.38995,0.75,0.45
02.08.2021 00:18:51.043,1.39003,1.38994,0.75,1.2
02.08.2021 00:18:51.145,1.39003,1.38992,0.75,1.39
02.08.2021 00:18:51.246,1.39002,1.38994,0.75,0.37
02.08.2021 00:18:52.200,1.39003,1.38994,0.75,0.37
02.08.2021 00:18:52.251,1.39002,1.3899299999999999,0.75,1.01
02.08.2021 00:18:52.352,1.39003,1.3899299999999999,0.75,0.37
02.08.2021 00:18:53.268,1.39002,1.3899299999999999,0.75,1.39
02.08.2021 00:18:53.628,1.39003,1.3899299999999999,0.75,0.37
02.08.2021 00:18:53.830,1.39002,1.3899299999999999,0.75,1.01
02.08.2021 00:18:53.932,1.39003,1.3899299999999999,0.75,0.37
02.08.2021 00:18:54.912,1.39002,1.3899299999999999,0.75,1.39
02.08.2021 00:18:55.019,1.39003,1.3899299999999999,0.75,0.37
02.08.2021 00:18:55.120,1.39002,1.3899299999999999,0.75,1.39
02.08.2021 00:18:55.222,1.39003,1.3899299999999999,0.75,0.37
02.08.2021 00:18:55.402,1.39002,1.3899299999999999,0.75,1.39
02.08.2021 00:18:55.503,1.39003,1.3899299999999999,0.75,0.37
02.08.2021 00:18:55.605,1.39004,1.38992,0.75,1.39
02.08.2021 00:18:55.706,1.39004,1.3899299999999999,0.75,0.37
02.08.2021 00:18:55.912,1.39003,1.3899299999999999,1.5,1.39
02.08.2021 00:18:56.013,1.39003,1.38994,1.5,0.37
02.08.2021 00:18:56.115,1.39004,1.38992,0.75,1.39
02.08.2021 00:18:56.269,1.39004,1.3899299999999999,0.75,0.37
02.08.2021 00:18:56.514,1.39003,1.3899299999999999,1.5,1.39
02.08.2021 00:18:56.615,1.39003,1.38994,1.5,0.37
02.08.2021 00:18:56.716,1.39003,1.3899299999999999,0.75,1.39
02.08.2021 00:18:56.818,1.39003,1.38994,0.75,0.37
02.08.2021 00:18:57.054,1.39004,1.38992,0.75,1.39
02.08.2021 00:18:57.156,1.39004,1.3899299999999999,0.75,0.37
02.08.2021 00:18:57.257,1.39004,1.38992,0.75,1.39
02.08.2021 00:18:57.358,1.39003,1.38994,0.75,0.37
02.08.2021 00:18:57.529,1.39004,1.38992,0.75,1.39
02.08.2021 00:18:57.681,1.39003,1.38994,0.75,0.37
02.08.2021 00:18:57.782,1.39002,1.38994,0.75,0.37
02.08.2021 00:18:58.040,1.39003,1.38992,0.75,1.01
02.08.2021 00:18:58.345,1.39003,1.3899299999999999,0.75,0.37
02.08.2021 00:18:58.550,1.39002,1.3899299999999999,0.75,1.01
02.08.2021 00:18:58.804,1.39002,1.38994,0.75,0.45
02.08.2021 00:18:59.006,1.39002,1.38995,0.75,0.56
02.08.2021 00:18:59.209,1.39004,1.3899700000000001,0.75,0.37
02.08.2021 00:18:59.311,1.39004,1.38996,0.75,0.56
02.08.2021 00:18:59.566,1.39004,1.3899700000000001,0.75,0.37
02.08.2021 00:19:00.116,1.39003,1.38996,0.75,0.56
02.08.2021 00:19:00.218,1.39004,1.3899700000000001,0.75,0.56
02.08.2021 00:19:00.270,1.39006,1.38998,1.57,0.37
02.08.2021 00:19:00.372,1.3900700000000001,1.38999,0.75,0.37
02.08.2021 00:19:01.131,1.3900700000000001,1.38998,0.75,0.56
02.08.2021 00:19:02.184,1.39008,1.38998,0.75,0.37
02.08.2021 00:19:02.336,1.3900700000000001,1.38998,0.75,0.56
02.08.2021 00:19:02.437,1.3900700000000001,1.38999,0.75,0.37
02.08.2021 00:19:02.642,1.3900700000000001,1.38998,0.75,0.56
02.08.2021 00:19:02.895,1.39008,1.38998,0.75,0.37
02.08.2021 00:19:03.931,1.39006,1.38995,1.12,0.82
02.08.2021 00:19:04.032,1.39006,1.38996,1.12,0.37
02.08.2021 00:19:04.286,1.39006,1.3899700000000001,0.75,0.37
02.08.2021 00:19:15.440,1.3900700000000001,1.3899700000000001,0.75,0.37
02.08.2021 00:19:17.865,1.39005,1.38995,1.2,0.37
02.08.2021 00:19:17.967,1.39003,1.38995,0.75,0.37
02.08.2021 00:19:18.271,1.39003,1.38996,1.01,1.12
02.08.2021 00:19:18.525,1.39003,1.38995,0.75,0.15
02.08.2021 00:19:18.728,1.3900100000000002,1.38996,0.75,0.15
02.08.2021 00:19:18.830,1.39002,1.3899700000000001,0.94,0.75
02.08.2021 00:19:18.932,1.3900100000000002,1.38994,0.75,0.75
02.08.2021 00:19:19.033,1.39002,1.38995,0.94,0.75
02.08.2021 00:19:19.135,1.3900100000000002,1.38995,0.75,0.75
02.08.2021 00:19:19.236,1.39003,1.3900000000000001,0.75,0.75
02.08.2021 00:19:19.287,1.3900700000000001,1.3900000000000001,0.82,0.75
02.08.2021 00:19:19.389,1.3900700000000001,1.38999,0.82,0.75
02.08.2021 00:19:19.490,1.39009,1.3900000000000001,0.75,0.75
02.08.2021 00:19:25.541,1.39009,1.3900100000000002,1.01,0.75
02.08.2021 00:19:26.083,1.39009,1.3900000000000001,0.1,0.75
02.08.2021 00:19:26.884,1.39008,1.39002,0.1,0.75
02.08.2021 00:19:27.606,1.39009,1.39002,1.01,0.75
02.08.2021 00:19:34.461,1.39008,1.39002,0.75,0.75
02.08.2021 00:19:37.329,1.39009,1.39002,1.01,0.75
02.08.2021 00:19:41.467,1.39005,1.3899700000000001,1.12,0.75
02.08.2021 00:19:41.568,1.39003,1.38995,0.75,0.75
02.08.2021 00:19:41.670,1.39002,1.38995,0.75,0.9
02.08.2021 00:19:41.773,1.39002,1.3899700000000001,0.75,0.75
02.08.2021 00:19:41.875,1.39003,1.38994,0.75,0.9
02.08.2021 00:19:42.029,1.39003,1.38995,0.75,0.75
02.08.2021 00:19:42.131,1.39002,1.38994,0.75,0.15
02.08.2021 00:19:44.009,1.3900100000000002,1.3899299999999999,0.75,0.75
02.08.2021 00:19:44.110,1.3900100000000002,1.38992,0.94,0.75
02.08.2021 00:19:44.162,1.3900100000000002,1.3899000000000001,0.75,0.75
02.08.2021 00:19:48.072,1.3900000000000001,1.3899299999999999,1.12,0.75
02.08.2021 00:19:49.245,1.3900700000000001,1.38999,0.75,0.75
02.08.2021 00:19:49.348,1.39009,1.3900100000000002,7.5,0.75
02.08.2021 00:19:49.501,1.39009,1.39002,0.75,0.75
02.08.2021 00:19:50.799,1.3901100000000002,1.3900100000000002,0.75,0.75
02.08.2021 00:19:50.900,1.3901200000000002,1.39002,0.75,0.75
02.08.2021 00:19:51.205,1.3901100000000002,1.39004,0.75,0.75
02.08.2021 00:19:51.559,1.3901100000000002,1.39003,0.75,0.75
02.08.2021 00:19:51.660,1.3901100000000002,1.39004,0.75,0.75
02.08.2021 00:19:51.998,1.3901000000000001,1.39003,0.75,0.75
02.08.2021 00:19:52.150,1.3901200000000002,1.39002,0.75,0.75
02.08.2021 00:19:53.544,1.3901000000000001,1.39003,0.75,0.75
02.08.2021 00:19:53.696,1.3901100000000002,1.39003,0.75,0.75
02.08.2021 00:19:53.797,1.3901200000000002,1.39003,0.75,0.75
02.08.2021 00:19:54.043,1.3901100000000002,1.39002,0.75,0.75
02.08.2021 00:19:54.245,1.3901200000000002,1.39002,0.75,0.75
02.08.2021 00:19:54.575,1.3901200000000002,1.3900100000000002,0.75,0.75
02.08.2021 00:19:54.676,1.3901000000000001,1.39002,0.75,0.75
02.08.2021 00:19:54.777,1.3901200000000002,1.39002,0.75,0.75
02.08.2021 00:19:58.205,1.3901000000000001,1.39003,0.75,0.75
02.08.2021 00:20:02.341,1.3901000000000001,1.39002,0.75,0.75
02.08.2021 00:20:09.503,1.39005,1.3900100000000002,0.37,0.75
02.08.2021 00:20:09.554,1.39008,1.38999,0.94,0.75
02.08.2021 00:20:09.757,1.3900700000000001,1.38999,0.75,0.75
02.08.2021 00:20:09.959,1.39009,1.3900000000000001,0.75,0.75
02.08.2021 00:20:10.212,1.3901000000000001,1.3900000000000001,2.51,0.75
02.08.2021 00:20:12.792,1.39008,1.3900100000000002,0.75,0.75
02.08.2021 00:20:14.329,1.39009,1.3900100000000002,1.57,0.75
02.08.2021 00:20:14.683,1.39009,1.39002,1.5,0.75
02.08.2021 00:20:15.606,1.39009,1.3900100000000002,0.75,0.75
02.08.2021 00:20:15.709,1.39009,1.38998,0.75,1.12
02.08.2021 00:20:25.090,1.3901000000000001,1.38998,1.5,1.12
02.08.2021 00:20:27.221,1.39008,1.38999,0.75,0.75
02.08.2021 00:20:27.633,1.39006,1.3899700000000001,0.75,0.75
02.08.2021 00:20:27.785,1.39006,1.38995,0.75,0.82
02.08.2021 00:20:27.887,1.3900700000000001,1.38995,0.75,0.75
02.08.2021 00:20:28.181,1.39005,1.38996,0.75,0.75
02.08.2021 00:20:29.387,1.39006,1.38996,0.75,0.75
02.08.2021 00:20:29.760,1.39005,1.38996,0.75,0.75
02.08.2021 00:20:30.310,1.3900100000000002,1.3899299999999999,0.75,0.75
02.08.2021 00:20:30.411,1.3900100000000002,1.38992,0.75,0.75
02.08.2021 00:20:30.513,1.3900100000000002,1.3899299999999999,0.75,0.75
02.08.2021 00:20:30.817,1.39002,1.3899100000000002,0.75,0.75
02.08.2021 00:20:30.969,1.3900000000000001,1.3899100000000002,0.75,0.75
02.08.2021 00:20:47.557,1.38998,1.38986,0.37,1.2
02.08.2021 00:20:47.658,1.38996,1.38986,0.75,1.2
02.08.2021 00:20:47.760,1.3899700000000001,1.3898700000000002,1.12,0.75
02.08.2021 00:20:48.065,1.38996,1.38986,0.75,0.75
02.08.2021 00:20:48.167,1.38995,1.38986,0.75,0.75
02.08.2021 00:20:48.427,1.38995,1.3898700000000002,0.19,0.75
02.08.2021 00:20:48.529,1.38996,1.3898700000000002,1.01,0.75
02.08.2021 00:20:48.580,1.38996,1.38985,1.01,0.75
02.08.2021 00:20:48.733,1.3899700000000001,1.38986,1.01,0.75
02.08.2021 00:20:49.039,1.38996,1.38985,1.01,1.5
02.08.2021 00:20:49.792,1.38996,1.38986,1.01,0.75
02.08.2021 00:20:50.592,1.38992,1.38983,0.45,0.75
02.08.2021 00:20:50.693,1.3899100000000002,1.3898000000000001,0.75,1.5
02.08.2021 00:20:50.795,1.38992,1.38982,1.01,0.75
02.08.2021 00:20:50.896,1.38992,1.3898100000000002,0.26,0.75
02.08.2021 00:20:51.150,1.38992,1.3898000000000001,1.39,0.75
02.08.2021 00:20:51.251,1.3899000000000001,1.3898100000000002,0.1,0.75
02.08.2021 00:20:51.656,1.38992,1.3898000000000001,0.64,0.75
02.08.2021 00:20:51.910,1.38992,1.3898100000000002,1.39,0.75
02.08.2021 00:20:52.537,1.3899299999999999,1.38986,0.75,0.75
02.08.2021 00:20:52.588,1.38995,1.3898700000000002,0.82,0.75
02.08.2021 00:20:53.610,1.38998,1.3899000000000001,1.12,0.75
02.08.2021 00:20:53.966,1.38999,1.3899100000000002,0.1,0.75
02.08.2021 00:20:54.230,1.3900000000000001,1.3899100000000002,0.1,0.75
02.08.2021 00:20:55.630,1.3899700000000001,1.3899100000000002,0.19,0.75
02.08.2021 00:20:55.731,1.3899700000000001,1.3899000000000001,0.26,0.75
02.08.2021 00:21:00.252,1.3899700000000001,1.38988,0.26,0.75
02.08.2021 00:21:00.303,1.38999,1.38989,0.45,0.75
02.08.2021 00:21:00.405,1.38998,1.38989,0.94,0.75
02.08.2021 00:21:01.498,1.38998,1.3899000000000001,1.01,0.75
02.08.2021 00:21:05.297,1.3899700000000001,1.3899000000000001,0.19,0.75
02.08.2021 00:21:06.860,1.38999,1.38989,0.82,0.75
02.08.2021 00:21:11.072,1.3900000000000001,1.38989,1.2,0.75
02.08.2021 00:21:11.529,1.3900100000000002,1.3899100000000002,1.57,0.75
02.08.2021 00:21:11.987,1.3900100000000002,1.38992,1.2,0.75
02.08.2021 00:21:12.102,1.39002,1.3899000000000001,1.2,0.75
02.08.2021 00:21:16.265,1.3900100000000002,1.3899299999999999,0.94,0.75
02.08.2021 00:21:16.367,1.39004,1.38998,0.37,0.75
02.08.2021 00:21:16.418,1.39006,1.38999,0.37,0.75
02.08.2021 00:21:16.824,1.3900700000000001,1.38999,0.37,0.75
02.08.2021 00:21:17.488,1.3900700000000001,1.3900000000000001,0.37,0.75
02.08.2021 00:21:17.956,1.3900700000000001,1.3900100000000002,1.12,0.75
02.08.2021 00:21:18.159,1.3901000000000001,1.38999,0.75,0.75
02.08.2021 00:21:18.261,1.3901000000000001,1.3900100000000002,1.5,0.75
02.08.2021 00:21:19.377,1.3901100000000002,1.39002,1.12,0.75
02.08.2021 00:21:28.064,1.3901100000000002,1.39003,1.57,0.75
02.08.2021 00:21:28.166,1.3901100000000002,1.39002,0.19,0.75
02.08.2021 00:21:32.429,1.3901200000000002,1.39002,1.31,0.75
02.08.2021 00:21:32.631,1.3901000000000001,1.39003,0.75,0.75
02.08.2021 00:21:32.834,1.3901200000000002,1.39002,1.39,0.75
02.08.2021 00:21:33.590,1.3901000000000001,1.39003,0.75,0.75
02.08.2021 00:21:35.070,1.3901100000000002,1.39003,1.39,0.75
02.08.2021 00:21:35.801,1.3901100000000002,1.39002,0.75,0.75
02.08.2021 00:21:36.116,1.3901100000000002,1.39003,0.75,0.75
02.08.2021 00:21:36.642,1.3901100000000002,1.39004,1.31,0.75
02.08.2021 00:21:41.142,1.3901200000000002,1.39004,0.94,0.75
02.08.2021 00:21:41.245,1.39016,1.3901000000000001,1.5,0.75
02.08.2021 00:21:41.347,1.3902,1.39013,0.75,0.75
02.08.2021 00:21:41.875,1.3902,1.3901100000000002,0.75,0.1
02.08.2021 00:21:42.034,1.3902100000000002,1.3901100000000002,1.5,0.1
02.08.2021 00:21:44.736,1.39019,1.3901100000000002,0.75,0.1
02.08.2021 00:21:45.086,1.3902,1.39009,0.75,0.1
02.08.2021 00:21:45.289,1.3902,1.3901000000000001,0.75,0.1
02.08.2021 00:21:51.443,1.3901200000000002,1.39005,0.75,2.89
02.08.2021 00:21:51.545,1.3901000000000001,1.39004,0.75,0.75
02.08.2021 00:21:51.647,1.3901200000000002,1.39004,0.75,0.37
02.08.2021 00:21:51.698,1.39009,1.39002,0.75,1.5
02.08.2021 00:21:51.850,1.3901000000000001,1.39002,0.75,1.5
02.08.2021 00:21:51.952,1.3901100000000002,1.3900000000000001,0.75,0.82
02.08.2021 00:21:52.287,1.39009,1.3900100000000002,0.75,0.82
02.08.2021 00:21:53.388,1.39009,1.3900000000000001,0.75,0.82
02.08.2021 00:21:54.286,1.3901000000000001,1.3900000000000001,0.19,0.82
02.08.2021 00:21:54.594,1.3901100000000002,1.3900100000000002,0.19,0.75
02.08.2021 00:21:54.696,1.3901200000000002,1.39002,1.39,0.75
02.08.2021 00:21:54.798,1.39016,1.39006,0.75,0.37
02.08.2021 00:21:54.950,1.39018,1.3900700000000001,1.01,0.45
02.08.2021 00:21:55.217,1.39018,1.39006,1.12,0.82
02.08.2021 00:21:55.268,1.39013,1.39004,0.37,2.32
02.08.2021 00:21:56.078,1.3901100000000002,1.39002,0.19,5.25
02.08.2021 00:21:56.179,1.3901200000000002,1.39002,0.56,1.5
02.08.2021 00:21:56.281,1.39014,1.39002,0.56,0.75
02.08.2021 00:21:56.432,1.39014,1.3900100000000002,1.31,2.32
02.08.2021 00:21:56.639,1.3901100000000002,1.39002,0.19,1.12
02.08.2021 00:21:56.741,1.39013,1.3900100000000002,0.19,1.95
02.08.2021 00:21:57.000,1.3901100000000002,1.39002,0.19,1.95
02.08.2021 00:21:57.203,1.39013,1.39002,0.19,0.37
02.08.2021 00:21:57.356,1.3901200000000002,1.39002,0.19,1.2
02.08.2021 00:21:57.761,1.39013,1.39002,1.57,1.87
02.08.2021 00:21:58.119,1.3901200000000002,1.39002,0.75,0.75
02.08.2021 00:21:59.893,1.39013,1.39002,1.57,1.12
02.08.2021 00:22:00.231,1.3901200000000002,1.39002,0.75,0.75
02.08.2021 00:22:00.383,1.39013,1.39002,1.57,1.12
02.08.2021 00:22:00.486,1.3901200000000002,1.39002,1.12,0.75
02.08.2021 00:22:00.691,1.3901100000000002,1.3900100000000002,0.75,1.2
02.08.2021 00:22:01.803,1.3901000000000001,1.3900100000000002,0.75,0.75
02.08.2021 00:22:01.905,1.3901100000000002,1.3900100000000002,1.2,0.75
02.08.2021 00:22:02.321,1.3901100000000002,1.3900000000000001,0.75,0.75
02.08.2021 00:22:02.424,1.3901100000000002,1.3900100000000002,1.2,0.75
02.08.2021 00:22:03.340,1.3901000000000001,1.3900100000000002,0.75,0.75
02.08.2021 00:22:03.443,1.3901100000000002,1.3900100000000002,1.12,0.75
02.08.2021 00:22:03.861,1.3901000000000001,1.3900100000000002,0.75,0.75
02.08.2021 00:22:03.962,1.3901200000000002,1.3900000000000001,1.12,0.75
02.08.2021 00:22:04.383,1.3901000000000001,1.3900100000000002,0.75,0.75
02.08.2021 00:22:04.535,1.3901100000000002,1.3900100000000002,1.12,0.75
02.08.2021 00:22:05.899,1.3901000000000001,1.3900100000000002,0.75,0.75
02.08.2021 00:22:06.000,1.3901100000000002,1.3900100000000002,0.75,0.75
02.08.2021 00:22:06.420,1.3901000000000001,1.3900100000000002,0.75,0.75
02.08.2021 00:22:06.522,1.3901200000000002,1.3900000000000001,0.75,0.75
02.08.2021 00:22:06.623,1.39013,1.3900000000000001,2.32,0.75
02.08.2021 00:22:06.939,1.3901000000000001,1.3900100000000002,0.75,0.75
02.08.2021 00:22:07.040,1.3901100000000002,1.3900100000000002,0.75,0.75
02.08.2021 00:22:07.439,1.3901100000000002,1.3900000000000001,0.75,0.75
02.08.2021 00:22:07.591,1.3901100000000002,1.3900100000000002,0.94,0.75
02.08.2021 00:22:07.945,1.3901000000000001,1.3900100000000002,0.75,0.75
02.08.2021 00:22:08.097,1.3901100000000002,1.3900100000000002,0.94,0.75
02.08.2021 00:22:10.085,1.3901100000000002,1.3900000000000001,0.75,0.75
02.08.2021 00:22:10.187,1.3901200000000002,1.3900000000000001,0.94,0.75
02.08.2021 00:22:11.655,1.3901000000000001,1.3900100000000002,0.75,0.75
02.08.2021 00:22:11.756,1.3901200000000002,1.3900000000000001,1.01,0.75
02.08.2021 00:22:12.153,1.3901100000000002,1.3900000000000001,0.75,0.75
02.08.2021 00:22:12.255,1.3901200000000002,1.3900000000000001,1.01,0.75
02.08.2021 00:22:12.686,1.3901000000000001,1.3900100000000002,0.75,0.75
02.08.2021 00:22:12.787,1.3901100000000002,1.3900100000000002,1.01,0.75
02.08.2021 00:22:13.284,1.3901000000000001,1.3900100000000002,0.75,0.75
02.08.2021 00:22:13.386,1.3901200000000002,1.3900000000000001,0.94,1.12
02.08.2021 00:22:14.271,1.3901100000000002,1.3900000000000001,0.75,0.75
02.08.2021 00:22:14.423,1.3901200000000002,1.3900000000000001,0.19,0.75
02.08.2021 00:22:14.792,1.3901000000000001,1.3900100000000002,0.75,0.75
02.08.2021 00:22:14.944,1.3901100000000002,1.3900100000000002,0.94,0.75
02.08.2021 00:22:15.357,1.3901000000000001,1.3900100000000002,0.75,0.75
02.08.2021 00:22:15.458,1.3901200000000002,1.3900000000000001,1.01,0.75
02.08.2021 00:22:15.849,1.3901000000000001,1.3900100000000002,0.75,0.75
02.08.2021 00:22:15.950,1.3901200000000002,1.3900000000000001,1.01,0.75
02.08.2021 00:22:16.364,1.3901100000000002,1.3900000000000001,0.75,0.75
02.08.2021 00:22:16.516,1.3901100000000002,1.3900000000000001,2.14,0.75
02.08.2021 00:22:16.719,1.3901000000000001,1.3900000000000001,0.19,0.75
02.08.2021 00:22:16.922,1.3901000000000001,1.38999,0.94,1.2
02.08.2021 00:22:18.567,1.39009,1.38999,0.1,1.87
02.08.2021 00:22:31.210,1.3901100000000002,1.38998,1.76,1.95
02.08.2021 00:22:33.333,1.3901100000000002,1.38999,1.76,0.37
02.08.2021 00:22:33.705,1.3901100000000002,1.38998,1.76,1.95
02.08.2021 00:22:34.167,1.39009,1.38999,0.1,1.87
02.08.2021 00:22:35.381,1.3901000000000001,1.38999,0.1,0.37
02.08.2021 00:22:35.760,1.39009,1.38999,0.1,1.87
02.08.2021 00:22:35.864,1.39009,1.3900000000000001,0.1,0.37
02.08.2021 00:22:36.281,1.39009,1.38999,0.1,1.87
02.08.2021 00:22:36.383,1.39009,1.3900000000000001,0.1,0.37
02.08.2021 00:22:36.797,1.39009,1.38999,0.1,1.87
02.08.2021 00:22:37.431,1.3901000000000001,1.38999,0.1,0.37
02.08.2021 00:22:37.867,1.3901000000000001,1.38998,0.1,1.87
02.08.2021 00:22:38.045,1.39009,1.3900000000000001,0.1,0.37
02.08.2021 00:22:38.372,1.39009,1.38999,0.1,1.87
02.08.2021 00:22:38.473,1.3901000000000001,1.38999,0.1,0.37
02.08.2021 00:22:38.886,1.3901000000000001,1.38998,0.1,1.87
02.08.2021 00:22:39.011,1.39009,1.3900000000000001,0.1,0.37
02.08.2021 00:22:39.372,1.39009,1.38999,0.1,1.87
02.08.2021 00:22:39.524,1.39009,1.3900000000000001,0.1,0.37
02.08.2021 00:22:39.924,1.39009,1.38999,0.1,1.87
02.08.2021 00:22:40.047,1.39009,1.3900000000000001,0.1,0.37
02.08.2021 00:22:40.471,1.3901000000000001,1.38998,0.1,1.87
02.08.2021 00:22:40.572,1.3901000000000001,1.38999,0.1,0.37
02.08.2021 00:22:40.965,1.39009,1.38999,0.1,1.87
02.08.2021 00:22:41.073,1.3901000000000001,1.38999,0.1,0.37
02.08.2021 00:22:41.500,1.3901000000000001,1.38998,0.1,1.87
02.08.2021 00:22:41.602,1.39009,1.3900000000000001,0.1,0.37
02.08.2021 00:22:42.021,1.39009,1.38999,0.1,1.87
02.08.2021 00:22:44.328,1.3901000000000001,1.38999,1.76,1.95
02.08.2021 00:22:48.418,1.3901000000000001,1.3900000000000001,1.57,0.37
02.08.2021 00:22:48.963,1.3901000000000001,1.3900100000000002,1.57,0.37
02.08.2021 00:22:49.279,1.3901000000000001,1.3900000000000001,1.57,0.37
02.08.2021 00:22:50.514,1.3901000000000001,1.3900100000000002,1.57,0.37
02.08.2021 00:22:50.883,1.3901100000000002,1.38999,1.57,1.12
02.08.2021 00:22:51.086,1.3901000000000001,1.3900100000000002,1.57,0.37
02.08.2021 00:22:51.381,1.3901000000000001,1.3900000000000001,1.57,1.12
02.08.2021 00:22:51.507,1.3901100000000002,1.3900000000000001,1.57,0.37
02.08.2021 00:22:51.858,1.3901100000000002,1.38999,1.5,1.2
02.08.2021 00:23:03.483,1.3901000000000001,1.3900100000000002,1.57,0.37
02.08.2021 00:23:08.124,1.3901100000000002,1.3900100000000002,1.57,0.75
02.08.2021 00:23:08.469,1.3901100000000002,1.3900000000000001,0.75,0.75
02.08.2021 00:23:09.726,1.3901100000000002,1.3900100000000002,0.82,0.75
02.08.2021 00:23:09.828,1.39015,1.39003,0.82,0.37
02.08.2021 00:23:09.980,1.39015,1.39004,1.57,4.5
02.08.2021 00:23:10.081,1.39015,1.39003,1.57,4.87
02.08.2021 00:23:10.189,1.39014,1.39005,0.75,0.37
02.08.2021 00:23:11.057,1.39014,1.39004,0.75,0.45
02.08.2021 00:23:16.156,1.39013,1.39004,0.19,0.37
02.08.2021 00:23:16.258,1.39015,1.39003,1.01,0.37
02.08.2021 00:23:19.897,1.39014,1.39003,1.01,1.2
02.08.2021 00:23:20.150,1.39014,1.39004,1.01,0.37
02.08.2021 00:23:20.403,1.39014,1.39003,1.01,1.2
02.08.2021 00:23:20.504,1.39014,1.39004,1.01,0.37
02.08.2021 00:23:20.950,1.39014,1.39003,0.82,1.2
02.08.2021 00:23:21.254,1.39015,1.39003,1.01,0.37
02.08.2021 00:23:21.406,1.39015,1.39002,1.01,1.95
02.08.2021 00:23:21.508,1.39015,1.39003,1.01,0.37
02.08.2021 00:23:26.643,1.39014,1.39003,0.75,0.37
02.08.2021 00:23:26.795,1.39014,1.39004,0.82,0.37
02.08.2021 00:23:27.997,1.39014,1.3900700000000001,0.1,0.75
02.08.2021 00:23:28.200,1.39015,1.39005,0.82,0.75
02.08.2021 00:23:28.720,1.39015,1.39004,0.82,0.75
02.08.2021 00:23:28.879,1.39014,1.39006,0.82,0.75
02.08.2021 00:23:29.755,1.39015,1.39004,0.82,0.75
02.08.2021 00:23:29.910,1.39014,1.39006,0.82,0.75
02.08.2021 00:23:30.428,1.39014,1.3900700000000001,0.1,0.75
02.08.2021 00:23:30.745,1.39014,1.39006,0.1,0.75
02.08.2021 00:23:30.897,1.39015,1.39006,0.1,0.75
02.08.2021 00:23:31.294,1.39014,1.39006,0.1,0.75
02.08.2021 00:23:31.454,1.39015,1.39006,0.1,0.75
02.08.2021 00:23:31.804,1.39014,1.39006,0.1,0.75
02.08.2021 00:23:34.529,1.39014,1.3900700000000001,0.1,0.75
02.08.2021 00:23:34.631,1.39015,1.3900700000000001,1.01,0.75
02.08.2021 00:23:34.868,1.39015,1.39005,0.1,0.75
02.08.2021 00:23:34.969,1.39015,1.39006,1.01,0.75
02.08.2021 00:23:35.072,1.39015,1.3900700000000001,0.26,0.75
02.08.2021 00:23:35.332,1.39014,1.3900700000000001,0.19,0.75
02.08.2021 00:23:35.434,1.39015,1.39006,0.26,0.75
02.08.2021 00:23:35.536,1.39015,1.3900700000000001,0.26,0.75
02.08.2021 00:23:35.638,1.39015,1.39006,0.19,0.75
02.08.2021 00:23:35.900,1.39014,1.39006,0.19,0.75
02.08.2021 00:23:36.412,1.39016,1.39005,0.26,0.75
02.08.2021 00:23:37.198,1.39015,1.39005,0.19,0.75
02.08.2021 00:23:38.045,1.39016,1.39004,0.26,1.12
02.08.2021 00:23:38.148,1.39018,1.3901000000000001,0.1,0.75
02.08.2021 00:23:38.250,1.3902,1.39009,0.82,0.75
02.08.2021 00:23:39.503,1.39018,1.3901000000000001,0.19,0.75
02.08.2021 00:23:39.655,1.39019,1.3901000000000001,0.26,0.75
02.08.2021 00:23:39.922,1.39019,1.39009,0.19,0.75
02.08.2021 00:23:40.130,1.39019,1.3901000000000001,0.26,0.75
02.08.2021 00:23:40.400,1.39019,1.39009,0.19,0.75
02.08.2021 00:23:40.565,1.39019,1.3901000000000001,0.26,0.75
02.08.2021 00:23:41.097,1.39018,1.3901000000000001,0.19,0.75
02.08.2021 00:23:41.198,1.39019,1.3901000000000001,0.26,0.75
02.08.2021 00:23:41.601,1.39019,1.39009,0.37,0.75
02.08.2021 00:23:41.704,1.3902,1.39009,0.45,0.75
02.08.2021 00:23:41.806,1.39018,1.3901000000000001,0.37,0.75
02.08.2021 00:23:41.908,1.3902,1.39009,0.45,0.75
02.08.2021 00:23:42.130,1.39018,1.3901000000000001,0.37,0.75
02.08.2021 00:23:42.233,1.3902,1.39009,0.45,0.75
02.08.2021 00:23:42.335,1.39018,1.3901000000000001,0.37,0.75
02.08.2021 00:23:42.566,1.39019,1.3901000000000001,0.45,0.75
02.08.2021 00:23:50.746,1.3901700000000001,1.3901000000000001,0.19,0.75
02.08.2021 00:23:50.899,1.39018,1.3901000000000001,0.26,0.75
02.08.2021 00:23:52.059,1.39019,1.3901000000000001,0.26,0.75
02.08.2021 00:23:54.582,1.39018,1.3901000000000001,0.19,0.75
02.08.2021 00:23:54.684,1.39019,1.3901000000000001,0.26,0.75
02.08.2021 00:23:54.836,1.39018,1.3901000000000001,0.19,0.75
02.08.2021 00:23:54.938,1.39019,1.3901000000000001,0.26,0.75
02.08.2021 00:23:55.040,1.39018,1.3901000000000001,0.37,0.75
02.08.2021 00:23:55.142,1.39019,1.3901000000000001,0.45,0.75
02.08.2021 00:23:55.556,1.39019,1.39009,0.37,0.75
02.08.2021 00:23:55.862,1.39019,1.3901000000000001,0.45,0.75
02.08.2021 00:23:56.065,1.39018,1.3901000000000001,0.37,0.75
02.08.2021 00:23:56.167,1.39019,1.3901000000000001,0.45,0.75
02.08.2021 00:24:01.271,1.39019,1.39009,0.37,0.75
02.08.2021 00:24:06.566,1.39014,1.3901000000000001,0.37,0.75
02.08.2021 00:24:06.617,1.39014,1.39006,0.37,3.75
02.08.2021 00:24:06.719,1.39016,1.39006,1.95,0.75
02.08.2021 00:24:06.987,1.39015,1.39006,0.45,0.75
02.08.2021 00:24:07.139,1.39016,1.39006,0.37,0.75
02.08.2021 00:24:07.504,1.39016,1.39005,0.37,0.75
02.08.2021 00:24:07.606,1.39015,1.3900700000000001,0.37,0.75
02.08.2021 00:24:08.000,1.39016,1.39005,0.45,0.75
02.08.2021 00:24:08.153,1.39015,1.3900700000000001,0.37,0.75
02.08.2021 00:24:08.506,1.3901700000000001,1.39006,1.2,0.75
02.08.2021 00:24:08.710,1.3901700000000001,1.3900700000000001,3.07,0.75
02.08.2021 00:24:09.709,1.3901700000000001,1.39008,0.82,1.12
02.08.2021 00:24:09.811,1.39019,1.39008,0.45,1.12
02.08.2021 00:24:18.900,1.39016,1.3900700000000001,0.19,0.75
02.08.2021 00:24:18.951,1.39015,1.39006,0.19,0.75
02.08.2021 00:24:19.053,1.39016,1.3900700000000001,0.19,0.75
02.08.2021 00:24:19.356,1.3901700000000001,1.39005,0.94,0.82
02.08.2021 00:24:19.509,1.39018,1.39005,1.2,0.82
02.08.2021 00:24:19.862,1.39016,1.39006,0.1,0.75
02.08.2021 00:24:20.014,1.3901700000000001,1.39006,1.2,1.2
02.08.2021 00:24:20.369,1.3901700000000001,1.3900700000000001,1.95,0.75
02.08.2021 00:24:21.387,1.39016,1.3900700000000001,0.75,0.75
02.08.2021 00:24:21.539,1.39018,1.39006,1.2,0.75
02.08.2021 00:24:21.870,1.39016,1.3900700000000001,0.75,0.75
02.08.2021 00:24:22.074,1.39018,1.3900700000000001,1.2,0.75
02.08.2021 00:24:23.938,1.3901700000000001,1.3900700000000001,0.45,0.75
02.08.2021 00:24:25.698,1.3901700000000001,1.39008,1.2,0.75
02.08.2021 00:24:26.003,1.39018,1.39009,0.75,0.37
02.08.2021 00:24:26.105,1.39019,1.39009,1.01,0.37
02.08.2021 00:24:28.798,1.3902,1.3900700000000001,0.82,1.95
02.08.2021 00:24:29.078,1.39019,1.39009,0.82,0.37
02.08.2021 00:24:33.985,1.3902,1.39009,0.82,0.37
02.08.2021 00:24:34.333,1.3902,1.39008,0.82,1.12
02.08.2021 00:24:34.485,1.3902,1.39009,0.82,0.37
02.08.2021 00:24:34.828,1.3902,1.39008,0.82,1.12
02.08.2021 00:24:35.000,1.3902,1.39009,0.82,0.37
02.08.2021 00:24:35.350,1.39019,1.39009,0.82,1.12
02.08.2021 00:24:35.594,1.3902,1.39009,0.82,0.37
02.08.2021 00:24:35.805,1.3902,1.39008,0.82,1.12
02.08.2021 00:24:35.907,1.3902,1.39009,0.1,0.75
02.08.2021 00:24:48.277,1.3902,1.3901000000000001,0.26,1.12
02.08.2021 00:24:58.362,1.39019,1.3901000000000001,0.26,0.75
02.08.2021 00:25:03.105,1.3902,1.3901000000000001,0.1,0.75
02.08.2021 00:25:55.135,1.3902,1.3901100000000002,0.1,0.75
02.08.2021 00:25:55.995,1.3902,1.3901000000000001,0.1,0.75
02.08.2021 00:26:03.155,1.3902100000000002,1.3901000000000001,0.94,0.75
02.08.2021 00:26:09.982,1.3902100000000002,1.39009,2.62,1.87
02.08.2021 00:26:13.429,1.39019,1.39009,0.1,1.12
02.08.2021 00:26:13.531,1.39018,1.39008,0.82,0.37
02.08.2021 00:26:13.632,1.39016,1.3900700000000001,0.1,0.37
02.08.2021 00:26:13.734,1.39016,1.39006,0.1,1.95
02.08.2021 00:26:16.559,1.39015,1.39004,0.82,0.75
02.08.2021 00:26:16.610,1.39014,1.39002,1.2,2.4
02.08.2021 00:26:16.711,1.3901200000000002,1.39002,0.82,0.1
02.08.2021 00:26:16.813,1.3901200000000002,1.3900000000000001,0.1,1.57
02.08.2021 00:26:16.914,1.3901100000000002,1.39002,0.19,0.1
02.08.2021 00:26:17.218,1.3901100000000002,1.3900100000000002,0.26,1.95
02.08.2021 00:26:19.912,1.3901100000000002,1.39002,0.26,0.37
02.08.2021 00:26:20.843,1.3901100000000002,1.3900100000000002,0.26,1.95
02.08.2021 00:26:24.017,1.3901100000000002,1.3900000000000001,0.19,1.57
02.08.2021 00:26:25.265,1.3901100000000002,1.3900100000000002,0.26,0.82
02.08.2021 00:26:25.975,1.3901100000000002,1.3900000000000001,0.26,0.75
02.08.2021 00:26:32.784,1.39009,1.3900100000000002,0.19,0.75
02.08.2021 00:26:32.835,1.3901000000000001,1.38998,0.26,1.95
02.08.2021 00:26:33.167,1.3901000000000001,1.3900000000000001,0.26,0.1
02.08.2021 00:26:33.780,1.3901000000000001,1.3900100000000002,0.26,0.37
02.08.2021 00:26:33.881,1.3901100000000002,1.38999,0.26,1.2
02.08.2021 00:26:41.670,1.39009,1.38999,0.1,1.95
02.08.2021 00:26:42.752,1.39009,1.38998,0.1,1.12
02.08.2021 00:26:42.903,1.3901000000000001,1.38998,0.1,1.2
02.08.2021 00:26:43.651,1.39008,1.38999,0.1,1.12
02.08.2021 00:26:46.039,1.39009,1.38999,0.1,1.2
02.08.2021 00:26:49.490,1.39009,1.38998,0.1,1.12
02.08.2021 00:26:50.050,1.39008,1.38998,0.1,0.37
02.08.2021 00:26:50.478,1.39008,1.38999,0.1,0.37
02.08.2021 00:26:56.627,1.3901000000000001,1.38998,0.26,0.45
02.08.2021 00:26:56.984,1.39009,1.3900000000000001,0.26,0.37
02.08.2021 00:26:57.338,1.39008,1.38998,0.1,1.95
02.08.2021 00:26:58.056,1.39008,1.38999,0.1,0.37
02.08.2021 00:27:01.147,1.39009,1.38999,0.26,1.2
02.08.2021 00:27:01.249,1.39009,1.38998,0.1,1.12
02.08.2021 00:27:01.825,1.39009,1.38999,0.1,1.2
02.08.2021 00:27:05.307,1.39009,1.38998,0.1,1.12
02.08.2021 00:27:07.075,1.3901000000000001,1.38998,0.1,1.2
02.08.2021 00:27:11.080,1.39008,1.38999,0.1,1.12
02.08.2021 00:27:13.080,1.3901000000000001,1.3900000000000001,0.82,0.1
02.08.2021 00:27:15.273,1.3901000000000001,1.3900100000000002,0.82,0.37
02.08.2021 00:27:15.672,1.3901100000000002,1.38999,0.82,0.1
02.08.2021 00:27:15.827,1.3901100000000002,1.3900000000000001,0.82,0.37
02.08.2021 00:27:16.949,1.39009,1.3900100000000002,0.1,0.75
02.08.2021 00:27:21.121,1.3901000000000001,1.3900100000000002,0.1,0.75
02.08.2021 00:27:23.685,1.3901000000000001,1.3900000000000001,0.1,1.57
02.08.2021 00:27:27.432,1.3901000000000001,1.3900100000000002,0.1,0.37
02.08.2021 00:27:27.744,1.3901000000000001,1.3900000000000001,0.1,0.82
02.08.2021 00:27:27.930,1.3901100000000002,1.3900000000000001,0.1,0.37
02.08.2021 00:27:28.031,1.3901200000000002,1.3900000000000001,0.26,0.45
02.08.2021 00:27:28.331,1.3901100000000002,1.38999,0.1,0.82
02.08.2021 00:27:28.452,1.3901000000000001,1.3900100000000002,0.1,0.37
02.08.2021 00:27:28.554,1.3901100000000002,1.3900100000000002,0.26,0.45
02.08.2021 00:27:28.853,1.3901000000000001,1.3900000000000001,0.1,0.82
02.08.2021 00:27:29.018,1.3901100000000002,1.3900100000000002,0.26,0.45
02.08.2021 00:27:29.368,1.3901100000000002,1.38999,0.1,0.82
02.08.2021 00:27:29.493,1.3901000000000001,1.3900100000000002,0.1,0.37
02.08.2021 00:27:29.732,1.3901100000000002,1.3900100000000002,0.26,0.45
02.08.2021 00:27:34.709,1.3901100000000002,1.38999,0.1,1.57
02.08.2021 00:27:34.811,1.3901100000000002,1.3900000000000001,0.1,0.37
02.08.2021 00:27:35.170,1.3901000000000001,1.3900000000000001,0.1,1.57
02.08.2021 00:27:35.351,1.3901000000000001,1.3900100000000002,0.1,0.37
02.08.2021 00:27:35.662,1.3901000000000001,1.3900000000000001,0.1,1.57
02.08.2021 00:27:35.865,1.3901000000000001,1.3900100000000002,0.1,0.37
02.08.2021 00:27:36.175,1.3901100000000002,1.38999,0.1,1.57
02.08.2021 00:27:36.379,1.3901000000000001,1.3900100000000002,0.1,0.37
02.08.2021 00:27:36.696,1.3901000000000001,1.3900000000000001,0.1,1.57
02.08.2021 00:27:36.854,1.3901000000000001,1.3900100000000002,0.1,0.37
02.08.2021 00:27:37.204,1.3901100000000002,1.38999,0.1,1.57
02.08.2021 00:27:37.407,1.3901100000000002,1.3900000000000001,0.1,0.37
02.08.2021 00:27:37.578,1.3901100000000002,1.3900100000000002,0.1,0.45
02.08.2021 00:27:37.788,1.3901100000000002,1.38999,0.1,1.57
02.08.2021 00:27:37.954,1.3901000000000001,1.3900100000000002,0.1,0.37
02.08.2021 00:27:38.137,1.3901100000000002,1.3900100000000002,0.1,0.45
02.08.2021 00:27:38.289,1.3901100000000002,1.38999,0.1,1.57
02.08.2021 00:27:38.440,1.3901100000000002,1.3900100000000002,0.1,0.45
02.08.2021 00:27:38.827,1.3901000000000001,1.3900000000000001,0.1,1.57
02.08.2021 00:27:38.979,1.3901000000000001,1.3900100000000002,0.1,0.37
02.08.2021 00:27:39.364,1.3901000000000001,1.3900000000000001,0.1,1.57
02.08.2021 00:27:39.541,1.3901100000000002,1.3900000000000001,0.1,0.37
02.08.2021 00:27:39.790,1.3901100000000002,1.3900100000000002,0.1,0.45
02.08.2021 00:27:40.128,1.3901200000000002,1.39002,0.1,0.1
02.08.2021 00:27:40.180,1.39014,1.39004,0.82,1.2
02.08.2021 00:27:40.282,1.39014,1.39003,0.1,0.37
02.08.2021 00:27:40.333,1.39013,1.3900100000000002,0.1,2.89
02.08.2021 00:27:40.586,1.3901200000000002,1.39003,0.1,0.37
02.08.2021 00:27:40.688,1.39014,1.39002,0.1,0.45
02.08.2021 00:27:41.242,1.39013,1.3900100000000002,0.1,0.64
02.08.2021 00:27:41.797,1.39013,1.39003,0.82,0.1
02.08.2021 00:27:42.566,1.39013,1.3900100000000002,0.1,0.26
02.08.2021 00:27:42.769,1.39013,1.39003,0.82,0.1
02.08.2021 00:27:42.972,1.39013,1.3900100000000002,0.1,1.57
02.08.2021 00:27:44.317,1.39014,1.39002,0.82,0.1
02.08.2021 00:27:46.393,1.39015,1.39003,2.14,0.1
02.08.2021 00:27:46.790,1.39013,1.39003,0.1,0.82
02.08.2021 00:27:46.943,1.3901200000000002,1.39002,0.1,2.14
02.08.2021 00:27:47.046,1.39013,1.39003,0.45,0.1
02.08.2021 00:27:47.300,1.3901200000000002,1.39002,0.1,0.26
02.08.2021 00:27:49.570,1.39015,1.39002,0.75,1.95
02.08.2021 00:27:49.671,1.39016,1.39003,1.95,1.12
02.08.2021 00:27:52.263,1.39016,1.39004,2.25,1.57
02.08.2021 00:27:53.474,1.39015,1.39004,0.75,0.1
02.08.2021 00:27:53.575,1.39016,1.39004,3,0.1
02.08.2021 00:27:53.777,1.39015,1.39004,0.75,1.57
02.08.2021 00:27:54.171,1.39016,1.39004,2.25,1.95
02.08.2021 00:27:56.780,1.39018,1.39006,1.12,1.95
