Gmt time,Ask,Bid,AskVolume,BidVolume
04.08.2021 00:00:00.674,1.39174,1.3916600000000001,0.75,0.82
04.08.2021 00:00:00.776,1.39175,1.3916600000000001,0.75,0.1
04.08.2021 00:00:01.028,1.39175,1.39165,0.75,0.82
04.08.2021 00:00:03.835,1.39174,1.39165,0.75,1.2
04.08.2021 00:00:05.079,1.39175,1.39165,0.75,0.1
04.08.2021 00:00:05.859,1.39176,1.39164,0.75,0.82
04.08.2021 00:00:06.463,1.3916700000000002,1.39161,0.75,0.75
04.08.2021 00:00:06.514,1.3916600000000001,1.39159,0.75,0.75
04.08.2021 00:00:06.565,1.3916600000000001,1.3915700000000002,0.75,0.1
04.08.2021 00:00:06.685,1.3916600000000001,1.3915600000000001,0.75,1.01
04.08.2021 00:00:07.017,1.39165,1.39158,0.75,0.1
04.08.2021 00:00:07.443,1.39165,1.39159,0.75,0.1
04.08.2021 00:00:07.544,1.3916700000000002,1.3916000000000002,0.75,0.1
04.08.2021 00:00:07.696,1.3916600000000001,1.3916000000000002,0.75,0.1
04.08.2021 00:00:07.848,1.39169,1.39159,0.75,0.1
04.08.2021 00:00:08.497,1.39169,1.39158,0.75,0.1
04.08.2021 00:00:10.025,1.3916700000000002,1.39159,0.75,0.1
04.08.2021 00:00:10.127,1.39168,1.3916000000000002,0.75,0.1
04.08.2021 00:00:12.363,1.39173,1.39164,0.75,0.1
04.08.2021 00:00:12.464,1.39175,1.39163,0.75,0.45
04.08.2021 00:00:13.057,1.39174,1.39165,0.75,0.1
04.08.2021 00:00:13.212,1.39173,1.39165,0.75,0.1
04.08.2021 00:00:13.626,1.39175,1.39164,0.75,0.1
04.08.2021 00:00:14.277,1.39175,1.3916600000000001,0.75,0.1
04.08.2021 00:00:17.678,1.39174,1.39165,0.75,0.1
04.08.2021 00:00:17.779,1.39174,1.39163,0.75,0.1
04.08.2021 00:00:17.881,1.39172,1.39163,0.75,0.1
04.08.2021 00:00:17.982,1.39173,1.39165,0.75,0.1
04.08.2021 00:00:18.084,1.39174,1.39163,0.75,0.1
04.08.2021 00:00:18.641,1.39173,1.39163,0.75,0.1
04.08.2021 00:00:18.692,1.39174,1.39165,0.75,0.1
04.08.2021 00:00:18.793,1.39174,1.39163,0.75,0.45
04.08.2021 00:00:18.945,1.39173,1.39163,0.75,0.1
04.08.2021 00:00:19.097,1.39171,1.39161,0.75,0.82
04.08.2021 00:00:22.928,1.3917000000000002,1.39161,0.75,0.1
04.08.2021 00:00:24.522,1.3916700000000002,1.39159,0.75,0.82
04.08.2021 00:00:24.623,1.39169,1.39158,0.75,0.75
04.08.2021 00:00:26.149,1.39168,1.39158,0.75,0.75
04.08.2021 00:00:26.257,1.39168,1.39159,0.75,0.82
04.08.2021 00:00:26.359,1.39168,1.39158,0.75,0.75
04.08.2021 00:00:26.460,1.39168,1.39159,0.75,0.75
04.08.2021 00:00:30.444,1.3916700000000002,1.39159,0.75,0.75
04.08.2021 00:00:30.646,1.39169,1.39158,1.5,0.75
04.08.2021 00:00:33.094,1.3916700000000002,1.39159,0.75,0.75
04.08.2021 00:00:34.262,1.39168,1.3915700000000002,0.75,0.1
04.08.2021 00:00:34.466,1.39168,1.3915600000000001,0.75,1.57
04.08.2021 00:00:34.568,1.39168,1.3915700000000002,1.5,0.1
04.08.2021 00:00:34.671,1.3916700000000002,1.3915700000000002,0.75,0.1
04.08.2021 00:00:34.773,1.3916700000000002,1.3915600000000001,0.75,0.82
04.08.2021 00:00:34.927,1.39168,1.39159,1.5,0.1
04.08.2021 00:00:35.392,1.3917000000000002,1.39159,1.5,0.94
04.08.2021 00:00:35.495,1.3916700000000002,1.3915600000000001,0.75,0.82
04.08.2021 00:00:35.598,1.3916700000000002,1.39155,0.75,0.26
04.08.2021 00:00:35.802,1.3916700000000002,1.3915600000000001,0.75,0.1
04.08.2021 00:00:35.904,1.3916700000000002,1.3915700000000002,0.75,0.1
04.08.2021 00:00:37.278,1.3916700000000002,1.3915600000000001,0.75,0.1
04.08.2021 00:00:38.134,1.3916600000000001,1.39158,0.75,0.1
04.08.2021 00:00:39.298,1.3916600000000001,1.3915600000000001,0.75,1.57
04.08.2021 00:00:40.118,1.3916600000000001,1.3915700000000002,0.75,0.1
04.08.2021 00:00:41.243,1.3916600000000001,1.39158,0.75,0.1
04.08.2021 00:00:44.437,1.3916600000000001,1.3915700000000002,0.75,0.82
04.08.2021 00:00:44.647,1.3916700000000002,1.3915700000000002,0.75,0.1
04.08.2021 00:00:45.083,1.3916700000000002,1.3915600000000001,0.75,0.82
04.08.2021 00:00:45.287,1.3916700000000002,1.3915700000000002,0.75,0.1
04.08.2021 00:00:45.388,1.3916600000000001,1.3915700000000002,0.75,0.1
04.08.2021 00:00:49.424,1.3916600000000001,1.39158,0.75,0.1
04.08.2021 00:00:51.096,1.39168,1.3915700000000002,1.5,0.1
04.08.2021 00:00:52.251,1.3916700000000002,1.3915700000000002,0.75,0.1
04.08.2021 00:00:52.512,1.3916700000000002,1.3915600000000001,0.75,0.1
04.08.2021 00:00:59.667,1.3916700000000002,1.39155,1.5,0.1
04.08.2021 00:01:02.699,1.3916700000000002,1.3915600000000001,1.5,0.1
04.08.2021 00:01:07.374,1.3916600000000001,1.39158,0.75,0.1
04.08.2021 00:01:07.475,1.3916700000000002,1.39158,1.5,0.1
04.08.2021 00:01:12.332,1.39168,1.39158,0.75,0.1
04.08.2021 00:01:14.615,1.3916700000000002,1.39158,0.75,0.1
04.08.2021 00:01:14.716,1.3916700000000002,1.39159,0.75,0.1
04.08.2021 00:01:15.189,1.39168,1.3915700000000002,1.5,0.1
04.08.2021 00:01:17.656,1.3916700000000002,1.3915600000000001,0.75,0.82
04.08.2021 00:01:18.060,1.3916700000000002,1.3915700000000002,1.5,0.1
04.08.2021 00:01:18.161,1.3916700000000002,1.3915600000000001,0.75,0.1
04.08.2021 00:01:18.388,1.3916600000000001,1.39158,0.75,0.1
04.08.2021 00:01:18.489,1.3916700000000002,1.39158,1.5,0.1
04.08.2021 00:01:18.641,1.3916700000000002,1.3915700000000002,1.5,0.1
04.08.2021 00:01:18.743,1.3916700000000002,1.3915600000000001,0.75,0.1
04.08.2021 00:01:22.836,1.3916700000000002,1.39155,0.75,0.1
04.08.2021 00:01:23.040,1.39168,1.3915600000000001,1.5,0.1
04.08.2021 00:01:23.142,1.3916700000000002,1.39158,1.5,0.1
04.08.2021 00:01:23.345,1.39168,1.39158,0.75,0.1
04.08.2021 00:01:23.955,1.39168,1.39159,1.5,0.1
04.08.2021 00:01:24.820,1.39171,1.39164,0.75,0.1
04.08.2021 00:01:24.871,1.39176,1.39164,5.51,1.12
04.08.2021 00:01:24.973,1.39176,1.39165,0.75,0.1
04.08.2021 00:01:27.232,1.39175,1.3916700000000002,0.75,0.1
04.08.2021 00:01:27.283,1.39178,1.3916600000000001,1.5,0.1
04.08.2021 00:01:27.390,1.39176,1.39168,0.75,0.1
04.08.2021 00:01:27.492,1.39176,1.3916700000000002,0.75,0.82
04.08.2021 00:01:27.594,1.39176,1.39168,0.75,0.1
04.08.2021 00:01:28.567,1.3917700000000002,1.39168,1.5,0.1
04.08.2021 00:01:28.668,1.3917700000000002,1.3916700000000002,1.5,0.1
04.08.2021 00:01:28.769,1.39176,1.3916700000000002,0.75,0.1
04.08.2021 00:01:30.976,1.39176,1.3916600000000001,0.75,0.1
04.08.2021 00:01:31.128,1.3917700000000002,1.3916600000000001,0.75,0.1
04.08.2021 00:01:35.328,1.39176,1.3916600000000001,0.75,0.1
04.08.2021 00:01:37.773,1.39175,1.3916600000000001,0.75,0.1
04.08.2021 00:01:37.925,1.39175,1.39165,0.75,0.1
04.08.2021 00:01:38.077,1.39175,1.39164,0.75,0.1
04.08.2021 00:01:43.104,1.3917000000000002,1.39163,0.75,0.1
04.08.2021 00:01:43.155,1.39168,1.39159,1.5,0.1
04.08.2021 00:01:43.307,1.39168,1.39158,1.5,0.1
04.08.2021 00:01:43.409,1.39169,1.39158,1.5,0.1
04.08.2021 00:01:43.460,1.39169,1.39161,0.75,0.1
04.08.2021 00:01:48.336,1.3917000000000002,1.39159,0.75,0.1
04.08.2021 00:01:48.791,1.3917000000000002,1.3916000000000002,1.5,0.1
04.08.2021 00:02:00.875,1.3916600000000001,1.39158,0.75,0.82
04.08.2021 00:02:00.976,1.3916700000000002,1.39158,1.5,0.1
04.08.2021 00:02:01.078,1.3916700000000002,1.3915700000000002,0.75,0.1
04.08.2021 00:02:02.564,1.3916600000000001,1.3915700000000002,1.5,0.1
04.08.2021 00:02:11.861,1.3916700000000002,1.3915700000000002,0.75,0.1
04.08.2021 00:02:12.013,1.3916700000000002,1.39158,0.75,0.1
04.08.2021 00:02:14.803,1.39168,1.39158,1.69,0.1
04.08.2021 00:02:14.904,1.3916700000000002,1.3915700000000002,0.75,0.1
04.08.2021 00:02:17.291,1.3916600000000001,1.3915700000000002,0.75,0.1
04.08.2021 00:02:30.124,1.3916700000000002,1.39155,0.75,0.1
04.08.2021 00:02:30.404,1.3916700000000002,1.3915600000000001,0.75,0.1
04.08.2021 00:02:41.853,1.3916600000000001,1.3915600000000001,0.75,0.1
04.08.2021 00:02:42.365,1.3916600000000001,1.3915700000000002,0.75,0.1
04.08.2021 00:02:42.467,1.3916600000000001,1.3915600000000001,1.69,0.1
04.08.2021 00:02:42.569,1.3916700000000002,1.39154,1.76,0.1
04.08.2021 00:02:45.463,1.39165,1.39155,0.75,0.1
04.08.2021 00:02:46.104,1.39162,1.39155,0.37,0.1
04.08.2021 00:02:46.207,1.3915700000000002,1.39152,1.5,0.75
04.08.2021 00:02:46.308,1.3915700000000002,1.3914600000000001,1.5,7.57
04.08.2021 00:02:46.410,1.3915600000000001,1.39145,0.75,0.1
04.08.2021 00:02:46.512,1.39155,1.39144,1.5,0.1
04.08.2021 00:02:46.613,1.39153,1.39144,0.75,0.1
04.08.2021 00:02:46.917,1.39154,1.39144,1.5,0.1
04.08.2021 00:02:47.425,1.39154,1.39145,1.5,0.1
04.08.2021 00:02:47.527,1.39155,1.39143,1.5,0.1
04.08.2021 00:02:47.994,1.39155,1.39144,1.5,0.1
04.08.2021 00:02:56.232,1.39155,1.39143,0.75,0.45
04.08.2021 00:02:56.434,1.39154,1.39145,1.5,0.1
04.08.2021 00:02:58.113,1.39154,1.39144,1.5,0.45
04.08.2021 00:02:58.673,1.39153,1.39144,0.75,0.45
04.08.2021 00:02:59.107,1.39153,1.39145,0.75,0.1
04.08.2021 00:02:59.917,1.39154,1.39145,1.5,0.1
04.08.2021 00:03:00.344,1.39153,1.39145,0.75,0.1
04.08.2021 00:03:00.445,1.39153,1.39144,0.75,0.45
04.08.2021 00:03:00.648,1.39153,1.39145,0.75,0.1
04.08.2021 00:03:00.750,1.39153,1.39144,0.75,0.45
04.08.2021 00:03:00.852,1.39154,1.39144,0.75,0.1
04.08.2021 00:03:00.954,1.39153,1.39143,0.75,0.45
04.08.2021 00:03:01.056,1.39153,1.39144,0.75,0.45
04.08.2021 00:03:01.209,1.39154,1.39144,0.75,0.1
04.08.2021 00:03:01.361,1.39153,1.39144,0.75,0.45
04.08.2021 00:03:01.665,1.39154,1.39144,0.75,0.1
04.08.2021 00:03:01.767,1.39153,1.39144,0.75,0.45
04.08.2021 00:03:02.121,1.39155,1.39144,1.5,0.1
04.08.2021 00:03:02.222,1.39155,1.39143,1.5,0.1
04.08.2021 00:03:03.083,1.39155,1.39144,1.5,0.1
04.08.2021 00:03:03.185,1.39155,1.39143,1.69,0.1
04.08.2021 00:03:04.151,1.39154,1.39145,1.69,0.1
04.08.2021 00:03:04.253,1.39155,1.39143,1.69,0.1
04.08.2021 00:03:04.457,1.39154,1.39145,0.75,0.1
04.08.2021 00:03:04.560,1.3915600000000001,1.39144,1.5,0.1
04.08.2021 00:03:04.661,1.39155,1.3914600000000001,1.5,0.1
04.08.2021 00:03:04.864,1.3915600000000001,1.39144,1.5,0.1
04.08.2021 00:03:06.777,1.39154,1.39144,0.75,0.45
04.08.2021 00:03:06.979,1.39154,1.39145,0.75,0.1
04.08.2021 00:03:07.335,1.39154,1.39144,0.75,0.45
04.08.2021 00:03:07.437,1.39154,1.39145,0.75,0.1
04.08.2021 00:03:07.539,1.39155,1.39143,0.75,0.45
04.08.2021 00:03:07.743,1.3915600000000001,1.39143,1.76,0.37
04.08.2021 00:03:07.845,1.3915600000000001,1.39142,1.76,1.39
04.08.2021 00:03:07.998,1.3915600000000001,1.39144,1.76,0.37
04.08.2021 00:03:08.201,1.39155,1.39144,1.5,0.64
04.08.2021 00:03:09.138,1.39155,1.39145,1.5,0.1
04.08.2021 00:03:10.557,1.3915600000000001,1.39143,1.5,0.64
04.08.2021 00:03:10.659,1.39155,1.39145,0.75,0.64
04.08.2021 00:03:10.760,1.39155,1.3914600000000001,0.75,0.1
04.08.2021 00:03:10.862,1.3915600000000001,1.39144,1.5,0.45
04.08.2021 00:03:13.112,1.39155,1.39144,1.5,1.39
04.08.2021 00:03:13.215,1.39155,1.39143,0.75,1.39
04.08.2021 00:03:13.538,1.39154,1.39143,0.75,0.94
04.08.2021 00:03:14.051,1.39154,1.39142,0.75,0.37
04.08.2021 00:03:14.153,1.3914600000000001,1.39138,0.75,0.75
04.08.2021 00:03:14.255,1.3914600000000001,1.3913700000000002,0.75,7.5
04.08.2021 00:03:14.356,1.3914600000000001,1.3913600000000002,0.75,0.1
04.08.2021 00:03:15.481,1.39144,1.39134,0.75,0.37
04.08.2021 00:03:15.582,1.39143,1.39133,1.5,0.1
04.08.2021 00:03:15.786,1.39143,1.3913200000000001,1.5,0.82
04.08.2021 00:03:16.141,1.39143,1.39131,0.75,0.82
04.08.2021 00:03:16.243,1.39141,1.3913,1.5,0.82
04.08.2021 00:03:16.344,1.3913900000000001,1.3913,0.75,0.82
04.08.2021 00:03:16.446,1.3913700000000002,1.3912900000000001,0.75,0.1
04.08.2021 00:03:16.548,1.3913700000000002,1.39128,0.75,0.1
04.08.2021 00:03:18.721,1.39138,1.39128,1.5,0.1
04.08.2021 00:03:18.875,1.39138,1.3912900000000001,0.75,0.75
04.08.2021 00:03:18.926,1.3914,1.3912900000000001,0.75,0.1
04.08.2021 00:03:19.029,1.3914,1.3913,0.75,0.1
04.08.2021 00:03:20.311,1.39143,1.39133,0.75,1.57
04.08.2021 00:03:20.514,1.39143,1.39134,0.75,0.1
04.08.2021 00:03:20.751,1.39145,1.39134,0.75,0.1
04.08.2021 00:03:20.869,1.39145,1.3913600000000002,0.75,0.1
04.08.2021 00:03:20.971,1.39145,1.3913700000000002,0.75,0.1
04.08.2021 00:03:21.742,1.3914700000000002,1.3913600000000002,0.75,0.1
04.08.2021 00:03:22.617,1.3914700000000002,1.39138,0.75,0.1
04.08.2021 00:03:22.971,1.3914700000000002,1.3913900000000001,0.75,0.1
04.08.2021 00:03:23.650,1.3914700000000002,1.39138,0.75,0.1
04.08.2021 00:03:27.621,1.3914600000000001,1.3913700000000002,0.75,0.1
04.08.2021 00:03:28.801,1.3914700000000002,1.39138,0.75,0.1
04.08.2021 00:03:29.058,1.3914700000000002,1.3913700000000002,0.75,0.1
04.08.2021 00:03:30.919,1.39148,1.3913700000000002,0.75,0.1
04.08.2021 00:03:32.168,1.3914700000000002,1.3913700000000002,0.75,0.1
04.08.2021 00:03:33.948,1.3914700000000002,1.39135,0.75,0.1
04.08.2021 00:03:34.100,1.3914600000000001,1.39135,1.5,0.45
04.08.2021 00:03:34.946,1.3914600000000001,1.39134,2.7,0.1
04.08.2021 00:03:36.711,1.39145,1.39134,0.75,0.1
04.08.2021 00:03:37.398,1.39144,1.39134,0.75,0.1
04.08.2021 00:03:45.906,1.39144,1.39133,0.75,0.1
04.08.2021 00:03:53.709,1.39142,1.3913200000000001,0.75,0.45
04.08.2021 00:03:54.156,1.39141,1.3913200000000001,0.75,1.39
04.08.2021 00:03:54.354,1.3913900000000001,1.3912700000000002,0.75,3.07
04.08.2021 00:03:54.405,1.3913600000000002,1.39128,0.75,0.1
04.08.2021 00:03:54.608,1.3913600000000002,1.3912700000000002,0.75,1.76
04.08.2021 00:03:59.551,1.3913600000000002,1.3912600000000002,0.75,0.1
04.08.2021 00:04:00.488,1.39135,1.3912600000000002,0.75,2.14
04.08.2021 00:04:00.792,1.39135,1.3912700000000002,0.75,0.1
04.08.2021 00:04:01.159,1.39135,1.3912600000000002,0.75,2.14
04.08.2021 00:04:03.694,1.39134,1.39123,0.75,0.75
04.08.2021 00:04:03.796,1.39134,1.3912200000000001,0.75,0.82
04.08.2021 00:04:03.897,1.39131,1.39124,0.75,0.37
04.08.2021 00:04:03.999,1.39131,1.39121,0.75,0.82
04.08.2021 00:04:04.050,1.3912900000000001,1.39119,0.75,0.1
04.08.2021 00:04:04.151,1.3912700000000002,1.39118,0.75,0.1
04.08.2021 00:04:04.253,1.39123,1.39115,0.75,1.12
04.08.2021 00:04:04.355,1.3912,1.39113,0.75,0.1
04.08.2021 00:04:04.456,1.3911700000000002,1.39108,0.75,0.75
04.08.2021 00:04:04.507,1.3911600000000002,1.39107,0.75,0.82
04.08.2021 00:04:04.760,1.3911700000000002,1.3910500000000001,0.75,0.1
04.08.2021 00:04:05.419,1.39118,1.3910500000000001,1.5,1.2
04.08.2021 00:04:05.470,1.3911700000000002,1.39109,0.75,0.1
04.08.2021 00:04:05.571,1.3911700000000002,1.3911,0.75,0.1
04.08.2021 00:04:05.673,1.3912,1.39109,0.75,0.1
04.08.2021 00:04:05.774,1.39118,1.3911,0.75,0.1
04.08.2021 00:04:05.876,1.39118,1.39108,0.75,0.82
04.08.2021 00:04:06.346,1.39118,1.39109,0.75,0.75
04.08.2021 00:04:06.397,1.39123,1.39114,1.57,0.45
04.08.2021 00:04:06.500,1.39123,1.39115,0.75,0.1
04.08.2021 00:04:06.602,1.39124,1.3911200000000001,0.75,0.82
04.08.2021 00:04:07.588,1.3912200000000001,1.39113,0.75,0.82
04.08.2021 00:04:07.689,1.39123,1.39113,0.75,0.82
04.08.2021 00:04:07.792,1.3912200000000001,1.39113,0.75,0.82
04.08.2021 00:04:08.000,1.39123,1.39111,0.75,0.45
04.08.2021 00:04:08.253,1.39121,1.3911200000000001,0.75,0.1
04.08.2021 00:04:08.355,1.3912200000000001,1.3911200000000001,0.75,0.1
04.08.2021 00:04:08.406,1.39123,1.39114,1.5,0.37
04.08.2021 00:04:08.508,1.39123,1.39113,1.5,0.37
04.08.2021 00:04:08.610,1.3912200000000001,1.39113,0.75,0.37
04.08.2021 00:04:08.813,1.3912200000000001,1.3911200000000001,0.75,1.2
04.08.2021 00:04:08.914,1.3912200000000001,1.39111,0.75,1.2
04.08.2021 00:04:09.826,1.39123,1.3911,0.75,0.82
04.08.2021 00:04:09.929,1.3912200000000001,1.3911,0.75,0.82
04.08.2021 00:04:10.032,1.39123,1.3911,0.75,1.57
04.08.2021 00:04:12.049,1.3912200000000001,1.39114,0.75,0.37
04.08.2021 00:04:12.151,1.39124,1.39113,0.75,0.1
04.08.2021 00:04:12.252,1.39123,1.39113,0.75,0.1
04.08.2021 00:04:13.196,1.39121,1.3911200000000001,0.75,0.37
04.08.2021 00:04:13.450,1.3912200000000001,1.3911,0.75,1.95
04.08.2021 00:04:14.807,1.39123,1.3911200000000001,0.75,0.82
04.08.2021 00:04:14.959,1.3912200000000001,1.3911200000000001,0.75,0.45
04.08.2021 00:04:15.060,1.3912200000000001,1.39113,0.75,0.37
04.08.2021 00:04:15.793,1.3912200000000001,1.39111,0.75,0.1
04.08.2021 00:04:15.894,1.3912200000000001,1.3911200000000001,0.75,0.1
04.08.2021 00:04:15.996,1.3912200000000001,1.39113,0.75,0.37
04.08.2021 00:04:16.097,1.3912200000000001,1.39111,0.75,0.1
04.08.2021 00:04:17.088,1.3912200000000001,1.3911200000000001,0.75,0.1
04.08.2021 00:04:17.191,1.39123,1.3911200000000001,0.75,1.2
04.08.2021 00:04:17.548,1.3912200000000001,1.3911200000000001,0.75,0.82
04.08.2021 00:04:18.259,1.3912200000000001,1.39111,0.75,0.1
04.08.2021 00:04:18.360,1.3912,1.39111,0.75,0.1
04.08.2021 00:04:18.765,1.39121,1.39109,0.75,0.1
04.08.2021 00:04:18.917,1.3912,1.39109,0.75,0.82
04.08.2021 00:04:20.439,1.3912200000000001,1.39108,1.2,0.82
04.08.2021 00:04:25.161,1.3911700000000002,1.39107,0.37,0.1
04.08.2021 00:04:26.771,1.39118,1.39107,2.06,0.1
04.08.2021 00:04:27.280,1.3911700000000002,1.3910600000000002,0.37,0.1
04.08.2021 00:04:27.432,1.3911700000000002,1.3910500000000001,0.45,1.2
04.08.2021 00:04:27.534,1.39119,1.3910500000000001,2.7,0.1
04.08.2021 00:04:27.686,1.39119,1.3910600000000002,2.62,0.1
04.08.2021 00:04:29.868,1.3911600000000002,1.39107,0.75,0.1
04.08.2021 00:04:30.374,1.3911600000000002,1.3910600000000002,0.75,0.1
04.08.2021 00:04:32.098,1.3911600000000002,1.39107,0.75,0.1
04.08.2021 00:04:33.810,1.3911600000000002,1.3910600000000002,0.75,0.1
04.08.2021 00:04:34.116,1.3911600000000002,1.39107,0.75,0.1
04.08.2021 00:04:35.162,1.3911600000000002,1.3910600000000002,0.75,0.1
04.08.2021 00:04:38.820,1.3911700000000002,1.39104,0.75,0.82
04.08.2021 00:04:40.036,1.3911700000000002,1.3910500000000001,0.75,0.1
04.08.2021 00:04:46.136,1.39115,1.3910500000000001,0.75,0.82
04.08.2021 00:04:46.238,1.39114,1.39103,1.5,0.45
04.08.2021 00:04:46.339,1.39111,1.3910200000000001,0.75,0.1
04.08.2021 00:04:46.390,1.39114,1.39101,2.25,0.1
04.08.2021 00:04:46.492,1.39111,1.39101,0.75,0.1
04.08.2021 00:04:46.752,1.39111,1.3910200000000001,0.75,0.37
04.08.2021 00:04:46.803,1.39113,1.39104,1.5,0.45
04.08.2021 00:04:47.857,1.3911200000000001,1.39104,0.75,0.1
04.08.2021 00:04:57.243,1.39113,1.3910200000000001,0.75,0.1
04.08.2021 00:04:57.295,1.3910600000000002,1.391,0.75,0.75
04.08.2021 00:04:57.346,1.3910600000000002,1.3909600000000002,0.75,0.45
04.08.2021 00:04:57.662,1.3910600000000002,1.39097,0.75,0.1
04.08.2021 00:04:57.713,1.39107,1.391,0.75,0.75
04.08.2021 00:04:58.313,1.39109,1.39099,0.75,0.75
04.08.2021 00:04:58.877,1.39114,1.39107,0.37,0.75
04.08.2021 00:04:58.979,1.39114,1.39108,1.5,0.75
04.08.2021 00:05:00.555,1.39115,1.3910600000000002,1.5,0.75
04.08.2021 00:05:00.657,1.3911200000000001,1.3910500000000001,0.75,0.75
04.08.2021 00:05:01.264,1.39113,1.3910500000000001,0.75,0.75
04.08.2021 00:05:01.366,1.3911200000000001,1.3910200000000001,1.95,0.75
04.08.2021 00:05:01.417,1.39109,1.3910200000000001,0.75,0.75
04.08.2021 00:05:01.518,1.39108,1.3910200000000001,0.75,0.75
04.08.2021 00:05:01.620,1.39107,1.39099,0.75,0.75
04.08.2021 00:05:05.008,1.3910600000000002,1.3909799999999999,0.75,0.75
04.08.2021 00:05:05.464,1.39107,1.3909799999999999,1.95,0.75
04.08.2021 00:05:06.168,1.39107,1.391,1.87,0.75
04.08.2021 00:05:11.901,1.39107,1.3909799999999999,1.5,0.75
04.08.2021 00:05:12.749,1.39107,1.39104,0.75,0.37
04.08.2021 00:05:12.800,1.3911200000000001,1.39108,1.12,0.75
04.08.2021 00:05:12.851,1.39115,1.39108,0.75,1.5
04.08.2021 00:05:12.902,1.3911600000000002,1.39109,0.75,0.75
04.08.2021 00:05:13.257,1.3911700000000002,1.39109,0.75,0.75
04.08.2021 00:05:16.837,1.3911700000000002,1.39108,1.12,0.75
04.08.2021 00:05:21.487,1.39118,1.39109,0.75,0.75
04.08.2021 00:05:22.135,1.3912,1.39109,1.01,0.82
04.08.2021 00:05:22.186,1.39118,1.39109,0.75,0.75
04.08.2021 00:05:24.165,1.39118,1.39108,0.75,0.75
04.08.2021 00:05:24.658,1.39118,1.39109,1.5,0.75
04.08.2021 00:05:26.116,1.39119,1.39107,0.75,0.82
04.08.2021 00:05:27.079,1.39118,1.39107,1.01,0.75
04.08.2021 00:05:27.181,1.3911700000000002,1.39107,1.01,0.75
04.08.2021 00:05:31.649,1.3911700000000002,1.39108,1.76,0.75
04.08.2021 00:05:31.955,1.39118,1.39108,0.94,0.82
04.08.2021 00:05:32.058,1.39118,1.39109,0.75,0.75
04.08.2021 00:05:42.612,1.3911700000000002,1.39108,0.19,0.75
04.08.2021 00:05:42.816,1.39119,1.39107,0.94,0.82
04.08.2021 00:05:45.863,1.39118,1.39109,0.75,0.1
04.08.2021 00:05:52.311,1.39118,1.39108,0.94,0.82
04.08.2021 00:05:56.257,1.3911600000000002,1.39107,0.19,0.1
04.08.2021 00:05:56.410,1.3911600000000002,1.3910600000000002,0.19,0.82
04.08.2021 00:05:56.803,1.3911600000000002,1.39107,0.19,0.82
04.08.2021 00:05:56.854,1.39118,1.39108,0.94,0.1
04.08.2021 00:05:56.956,1.39118,1.39107,1.01,0.82
04.08.2021 00:05:57.058,1.39118,1.3910600000000002,0.19,0.82
04.08.2021 00:06:04.269,1.39115,1.3910600000000002,1.69,0.75
04.08.2021 00:06:04.320,1.39115,1.3910200000000001,1.95,0.1
04.08.2021 00:06:04.421,1.39113,1.39103,0.19,0.82
04.08.2021 00:06:04.523,1.39114,1.39103,0.19,0.82
04.08.2021 00:06:07.118,1.39113,1.39103,0.19,0.82
04.08.2021 00:06:13.095,1.39113,1.39104,0.19,0.75
04.08.2021 00:06:13.197,1.39114,1.39104,0.19,0.75
04.08.2021 00:06:13.400,1.39114,1.39103,0.19,0.82
04.08.2021 00:06:15.341,1.39115,1.39103,0.19,0.82
04.08.2021 00:06:15.467,1.39111,1.3910200000000001,1.01,0.75
04.08.2021 00:06:15.518,1.39109,1.39099,1.12,4.57
04.08.2021 00:06:15.619,1.39108,1.39099,0.19,0.1
04.08.2021 00:06:15.986,1.39108,1.3909799999999999,0.19,0.1
04.08.2021 00:06:16.480,1.39109,1.3909799999999999,1.01,0.1
04.08.2021 00:06:19.615,1.39113,1.39103,3.07,0.75
04.08.2021 00:06:19.717,1.39114,1.39103,1.76,0.82
04.08.2021 00:06:20.163,1.39113,1.39103,0.19,0.82
04.08.2021 00:06:22.131,1.39113,1.39104,0.19,0.1
04.08.2021 00:06:22.233,1.39114,1.39104,0.94,0.1
04.08.2021 00:06:22.334,1.39115,1.39104,0.19,0.75
04.08.2021 00:06:27.282,1.3911600000000002,1.39104,0.94,0.82
04.08.2021 00:06:28.927,1.39114,1.39101,1.01,1.2
04.08.2021 00:06:28.978,1.39109,1.3910200000000001,0.19,0.75
04.08.2021 00:06:29.029,1.39107,1.39099,0.19,0.75
04.08.2021 00:06:29.131,1.39107,1.3909799999999999,0.19,0.1
04.08.2021 00:06:29.181,1.3910500000000001,1.3909600000000002,0.19,0.82
04.08.2021 00:06:30.494,1.3910500000000001,1.3909500000000001,0.19,0.82
04.08.2021 00:06:31.791,1.39108,1.3909500000000001,1.01,0.1
04.08.2021 00:06:31.893,1.39108,1.3909600000000002,0.94,0.1
04.08.2021 00:06:34.352,1.39107,1.3909600000000002,1.69,0.1
04.08.2021 00:06:35.425,1.39107,1.3909500000000001,1.76,1.39
04.08.2021 00:06:38.727,1.3910600000000002,1.3909500000000001,0.19,1.57
04.08.2021 00:06:40.554,1.39107,1.3909500000000001,1.01,1.76
04.08.2021 00:06:40.903,1.39108,1.3909500000000001,0.94,0.1
04.08.2021 00:06:59.180,1.39109,1.3909799999999999,1.01,1.12
04.08.2021 00:06:59.281,1.3911,1.39099,0.94,0.82
04.08.2021 00:07:02.039,1.3911200000000001,1.3910200000000001,1.76,0.37
04.08.2021 00:07:02.141,1.39113,1.39103,0.94,0.37
04.08.2021 00:07:02.244,1.39113,1.39103,0.19,1.2
04.08.2021 00:07:08.379,1.39115,1.3910600000000002,0.19,2.32
04.08.2021 00:07:08.430,1.39119,1.3910600000000002,0.26,0.1
04.08.2021 00:07:10.936,1.39118,1.39108,0.19,0.1
04.08.2021 00:07:11.969,1.3912200000000001,1.3911,1.01,0.75
04.08.2021 00:07:12.071,1.39119,1.39109,0.19,0.1
04.08.2021 00:07:12.223,1.39119,1.39108,0.26,1.39
04.08.2021 00:07:12.324,1.39119,1.39109,0.19,0.1
04.08.2021 00:07:12.655,1.39119,1.39108,0.26,1.39
04.08.2021 00:07:13.875,1.39119,1.39109,0.19,0.1
04.08.2021 00:07:14.708,1.39118,1.39107,0.19,0.45
04.08.2021 00:07:14.810,1.39119,1.3910500000000001,1.01,3.26
04.08.2021 00:07:18.873,1.3911600000000002,1.3910600000000002,0.19,0.1
04.08.2021 00:07:18.975,1.3911600000000002,1.3910500000000001,0.26,0.75
04.08.2021 00:07:19.077,1.3911600000000002,1.39104,1.01,2.14
04.08.2021 00:07:19.230,1.3911600000000002,1.39103,0.19,1.57
04.08.2021 00:07:19.383,1.39115,1.39103,0.26,1.5
04.08.2021 00:07:22.172,1.39113,1.3910200000000001,0.1,0.1
04.08.2021 00:07:22.274,1.39113,1.39101,0.1,2.25
04.08.2021 00:07:22.426,1.39113,1.391,0.19,1.5
04.08.2021 00:07:22.843,1.3911200000000001,1.391,1.69,0.45
04.08.2021 00:07:22.944,1.39111,1.391,0.26,0.1
04.08.2021 00:07:23.100,1.39111,1.3909799999999999,2.7,0.82
04.08.2021 00:07:23.302,1.3911,1.39097,0.82,0.1
04.08.2021 00:07:23.505,1.39109,1.3909600000000002,0.1,0.82
04.08.2021 00:07:37.813,1.39109,1.39097,0.75,0.1
04.08.2021 00:07:37.914,1.3911,1.39097,0.82,0.1
04.08.2021 00:07:37.965,1.39113,1.39103,1.27,0.37
04.08.2021 00:07:38.067,1.39114,1.39103,1.01,0.45
04.08.2021 00:07:41.106,1.39114,1.39101,0.1,1.39
04.08.2021 00:07:43.767,1.39111,1.39099,1.2,0.75
04.08.2021 00:07:43.868,1.39109,1.3909799999999999,0.1,1.2
04.08.2021 00:07:43.970,1.39108,1.39097,0.26,2.32
04.08.2021 00:07:45.602,1.39108,1.3909500000000001,0.1,1.57
04.08.2021 00:07:45.704,1.39107,1.39094,1.2,1.95
04.08.2021 00:07:45.805,1.3910600000000002,1.3909600000000002,0.19,0.1
04.08.2021 00:07:45.907,1.3910500000000001,1.3909500000000001,0.19,0.45
04.08.2021 00:07:49.853,1.39107,1.3909500000000001,0.19,0.1
04.08.2021 00:07:54.184,1.39107,1.3909600000000002,0.26,0.1
04.08.2021 00:07:54.286,1.39108,1.39097,1.76,0.1
04.08.2021 00:07:58.512,1.39107,1.3909600000000002,0.1,0.26
04.08.2021 00:08:01.406,1.39108,1.39097,1.76,0.1
04.08.2021 00:08:01.869,1.39107,1.3909600000000002,0.1,0.26
04.08.2021 00:08:04.928,1.39108,1.3909600000000002,0.1,0.75
04.08.2021 00:08:05.173,1.39108,1.39097,1.01,0.82
04.08.2021 00:08:17.391,1.39108,1.3909600000000002,0.26,0.75
04.08.2021 00:08:17.494,1.3910500000000001,1.39097,0.1,0.75
04.08.2021 00:08:20.125,1.3910600000000002,1.39097,0.64,0.75
04.08.2021 00:08:22.157,1.3910500000000001,1.39097,0.37,0.75
04.08.2021 00:08:24.110,1.3910500000000001,1.3909600000000002,0.37,0.75
04.08.2021 00:08:24.211,1.3910600000000002,1.39094,0.37,1.95
04.08.2021 00:08:26.808,1.39104,1.3909500000000001,0.1,0.75
04.08.2021 00:08:27.152,1.39097,1.3909,0.19,3.37
04.08.2021 00:08:27.203,1.39097,1.3908600000000002,0.19,1.2
04.08.2021 00:08:27.305,1.3909600000000002,1.3908600000000002,0.19,0.82
04.08.2021 00:08:27.406,1.3909500000000001,1.3908600000000002,0.19,0.75
04.08.2021 00:08:27.846,1.3909500000000001,1.3908500000000001,0.19,0.75
04.08.2021 00:08:28.151,1.3909500000000001,1.39084,0.26,0.75
04.08.2021 00:08:28.202,1.39091,1.3908200000000002,0.19,0.75
04.08.2021 00:08:28.254,1.3909200000000002,1.3908,0.19,1.95
04.08.2021 00:08:32.909,1.39089,1.39079,0.19,0.75
04.08.2021 00:08:33.011,1.39088,1.39079,1.12,0.75
04.08.2021 00:08:33.112,1.39089,1.39077,1.12,0.75
04.08.2021 00:08:33.858,1.39089,1.39076,1.2,0.82
04.08.2021 00:08:34.113,1.39087,1.39077,1.12,0.82
04.08.2021 00:08:36.386,1.39088,1.39077,1.12,0.75
04.08.2021 00:08:41.528,1.39087,1.39077,1.12,0.82
04.08.2021 00:08:43.175,1.39088,1.39077,1.2,0.75
04.08.2021 00:08:43.858,1.39088,1.39078,1.2,0.75
04.08.2021 00:08:46.929,1.39088,1.39079,1.2,2.25
04.08.2021 00:08:47.031,1.39091,1.3908200000000002,1.01,0.75
04.08.2021 00:08:47.741,1.39091,1.3908500000000001,0.19,0.75
04.08.2021 00:08:47.792,1.39094,1.3908600000000002,0.26,0.75
04.08.2021 00:08:47.893,1.39094,1.3908500000000001,0.26,0.75
04.08.2021 00:08:51.474,1.3909500000000001,1.39087,0.26,0.75
04.08.2021 00:08:51.576,1.3909600000000002,1.3908500000000001,0.19,0.75
04.08.2021 00:09:00.542,1.3909799999999999,1.3908500000000001,0.26,2.7
04.08.2021 00:09:00.594,1.3909799999999999,1.39088,0.19,0.82
04.08.2021 00:09:00.696,1.39099,1.39088,0.26,0.82
04.08.2021 00:09:02.056,1.39099,1.39087,0.19,0.82
04.08.2021 00:09:02.209,1.39099,1.39088,0.26,0.75
04.08.2021 00:09:03.569,1.39099,1.39091,0.19,0.75
04.08.2021 00:09:03.670,1.39101,1.3909,0.19,0.75
04.08.2021 00:09:03.974,1.391,1.3909,0.19,0.82
04.08.2021 00:09:04.126,1.39099,1.3909,0.19,0.75
04.08.2021 00:09:05.000,1.39099,1.39089,0.19,0.82
04.08.2021 00:09:05.584,1.39099,1.3909,0.19,0.75
04.08.2021 00:09:06.664,1.391,1.3909,0.19,0.75
04.08.2021 00:09:07.327,1.39104,1.39093,1.01,0.75
04.08.2021 00:09:07.428,1.3910200000000001,1.3909200000000002,0.19,0.75
04.08.2021 00:09:07.479,1.39101,1.39091,0.19,0.82
04.08.2021 00:09:10.362,1.39103,1.39093,1.2,1.87
04.08.2021 00:09:10.464,1.39104,1.3909600000000002,0.19,0.75
04.08.2021 00:09:10.566,1.3910500000000001,1.39097,0.19,0.75
04.08.2021 00:09:10.667,1.3910600000000002,1.3909799999999999,0.19,0.75
04.08.2021 00:09:11.277,1.39107,1.3909799999999999,0.19,0.1
04.08.2021 00:09:11.718,1.39108,1.39097,0.19,0.82
04.08.2021 00:09:12.278,1.39108,1.3909799999999999,0.19,0.1
04.08.2021 00:09:12.810,1.39108,1.39099,0.94,0.1
04.08.2021 00:09:14.309,1.39108,1.3909799999999999,1.01,0.1
04.08.2021 00:09:15.156,1.39108,1.39097,0.19,0.1
04.08.2021 00:09:15.365,1.39108,1.3909600000000002,0.26,1.57
04.08.2021 00:09:15.517,1.3910600000000002,1.39097,0.19,1.57
04.08.2021 00:09:16.766,1.39107,1.39097,0.19,0.82
04.08.2021 00:09:17.731,1.3910600000000002,1.39099,0.19,0.75
04.08.2021 00:09:19.984,1.39111,1.39104,0.56,0.75
04.08.2021 00:09:20.035,1.39113,1.3910500000000001,0.26,0.75
04.08.2021 00:09:20.137,1.3911200000000001,1.39103,0.37,0.82
04.08.2021 00:09:20.239,1.3911200000000001,1.3910200000000001,0.45,0.82
04.08.2021 00:09:22.890,1.39111,1.3910200000000001,0.19,0.82
04.08.2021 00:09:24.337,1.3911200000000001,1.3910200000000001,0.26,0.82
04.08.2021 00:09:24.723,1.39113,1.3910600000000002,0.19,0.75
04.08.2021 00:09:24.824,1.39114,1.3910500000000001,0.19,1.57
04.08.2021 00:09:25.890,1.39114,1.39104,0.26,1.57
04.08.2021 00:09:26.143,1.39113,1.39104,0.1,0.75
04.08.2021 00:09:27.118,1.39113,1.39103,0.1,1.57
04.08.2021 00:09:27.847,1.39113,1.39104,0.1,0.75
04.08.2021 00:09:27.948,1.39114,1.39104,0.26,1.57
04.08.2021 00:09:29.142,1.39114,1.3910500000000001,0.19,0.82
04.08.2021 00:09:31.051,1.39114,1.3910600000000002,0.19,0.75
04.08.2021 00:09:31.158,1.39114,1.3910500000000001,0.19,1.57
04.08.2021 00:09:31.309,1.39114,1.39104,0.26,1.57
04.08.2021 00:09:32.111,1.39115,1.39104,0.26,0.75
04.08.2021 00:09:32.213,1.39114,1.39104,0.26,1.57
04.08.2021 00:09:32.905,1.3911600000000002,1.3910500000000001,0.82,0.75
04.08.2021 00:09:33.158,1.39115,1.39107,0.75,0.75
04.08.2021 00:09:34.171,1.3911600000000002,1.39107,0.1,0.75
04.08.2021 00:09:34.273,1.39118,1.3910600000000002,1.95,0.82
04.08.2021 00:09:34.780,1.3911700000000002,1.3910600000000002,1.2,0.75
04.08.2021 00:09:34.882,1.3911700000000002,1.3910500000000001,1.2,0.82
04.08.2021 00:09:52.905,1.3911600000000002,1.39104,0.1,1.57
04.08.2021 00:09:53.058,1.3911600000000002,1.3910600000000002,1.2,0.1
04.08.2021 00:09:55.229,1.3911700000000002,1.3910600000000002,1.12,0.1
04.08.2021 00:09:55.331,1.3911700000000002,1.39107,1.12,0.1
04.08.2021 00:09:55.483,1.3911700000000002,1.39108,1.12,0.1
04.08.2021 00:10:00.068,1.39118,1.3910600000000002,1.2,0.82
04.08.2021 00:10:00.170,1.3911600000000002,1.39107,0.1,0.75
04.08.2021 00:10:00.510,1.3911600000000002,1.3910600000000002,0.1,1.57
04.08.2021 00:10:01.383,1.3911700000000002,1.39107,1.2,0.1
04.08.2021 00:10:01.649,1.3911600000000002,1.3910600000000002,0.1,1.57
04.08.2021 00:10:01.750,1.39115,1.3910600000000002,0.19,1.57
04.08.2021 00:10:02.104,1.3911600000000002,1.39107,0.19,0.1
04.08.2021 00:10:02.206,1.3911700000000002,1.39108,0.19,0.1
04.08.2021 00:10:02.650,1.3911700000000002,1.3910600000000002,0.19,0.1
04.08.2021 00:10:02.751,1.3911700000000002,1.3910500000000001,0.26,1.57
04.08.2021 00:10:07.072,1.3911700000000002,1.3910600000000002,0.19,0.1
04.08.2021 00:10:08.482,1.3911700000000002,1.39107,0.19,0.1
04.08.2021 00:10:13.093,1.3911600000000002,1.39107,0.19,0.82
04.08.2021 00:10:14.756,1.3911700000000002,1.39107,0.19,0.1
04.08.2021 00:10:17.000,1.3911700000000002,1.39109,0.19,0.1
04.08.2021 00:10:19.129,1.3911700000000002,1.39108,0.19,0.82
04.08.2021 00:10:22.337,1.3911700000000002,1.39109,0.19,0.1
04.08.2021 00:10:31.573,1.39118,1.39107,0.19,0.82
04.08.2021 00:10:34.287,1.3911700000000002,1.39109,0.19,0.1
04.08.2021 00:10:34.982,1.3911700000000002,1.39108,0.19,1.57
04.08.2021 00:10:37.769,1.3911700000000002,1.39109,0.19,0.1
04.08.2021 00:10:38.957,1.39118,1.39109,0.19,0.1
04.08.2021 00:10:41.873,1.39118,1.3911,0.19,0.1
04.08.2021 00:10:41.978,1.3912,1.3911,0.94,0.1
04.08.2021 00:10:42.079,1.3912,1.39109,0.94,0.1
04.08.2021 00:10:42.180,1.39119,1.39109,1.01,0.1
04.08.2021 00:10:42.285,1.39118,1.3911,1.12,0.1
04.08.2021 00:10:42.386,1.39118,1.39109,1.12,0.1
04.08.2021 00:10:42.488,1.39119,1.39109,1.95,0.1
04.08.2021 00:10:42.589,1.39119,1.3911,1.87,0.1
04.08.2021 00:10:42.741,1.39119,1.39109,1.95,0.1
04.08.2021 00:10:52.536,1.39118,1.39108,0.1,0.82
04.08.2021 00:10:58.653,1.39118,1.39109,1.87,0.1
04.08.2021 00:11:00.856,1.39119,1.39107,1.95,0.1
04.08.2021 00:11:01.111,1.39119,1.3911200000000001,0.19,1.57
04.08.2021 00:11:01.162,1.3912200000000001,1.39113,0.26,2.06
04.08.2021 00:11:01.315,1.39121,1.39113,0.19,0.37
04.08.2021 00:11:01.635,1.39123,1.39113,0.1,2.14
04.08.2021 00:11:01.686,1.3912600000000002,1.3911700000000002,0.26,0.75
04.08.2021 00:11:01.788,1.3912600000000002,1.3911600000000002,0.19,1.57
04.08.2021 00:11:03.290,1.39123,1.39115,0.19,0.75
04.08.2021 00:11:03.341,1.39123,1.39113,0.26,0.82
04.08.2021 00:11:03.442,1.3912200000000001,1.3911200000000001,0.26,0.82
04.08.2021 00:11:06.570,1.39124,1.3911200000000001,0.1,2.7
04.08.2021 00:11:06.621,1.39125,1.39114,0.26,1.5
04.08.2021 00:11:07.061,1.39125,1.3911600000000002,0.19,1.57
04.08.2021 00:11:13.889,1.3912700000000002,1.39115,0.26,1.57
04.08.2021 00:11:13.991,1.3912700000000002,1.3911600000000002,0.19,0.1
04.08.2021 00:11:24.151,1.3912700000000002,1.39115,0.26,1.57
04.08.2021 00:11:26.707,1.3912600000000002,1.3911700000000002,0.19,0.1
04.08.2021 00:11:28.226,1.3912700000000002,1.39115,0.26,1.57
04.08.2021 00:11:29.413,1.3912700000000002,1.3911600000000002,0.19,0.1
04.08.2021 00:11:29.727,1.3912700000000002,1.3911700000000002,0.19,0.1
04.08.2021 00:11:31.541,1.3912700000000002,1.39118,0.19,0.1
04.08.2021 00:11:35.776,1.3912700000000002,1.3911700000000002,0.26,0.82
04.08.2021 00:11:38.067,1.3912600000000002,1.3911700000000002,0.19,0.82
04.08.2021 00:11:42.630,1.3912600000000002,1.39115,0.37,0.1
04.08.2021 00:11:42.732,1.3912,1.39109,0.19,1.57
04.08.2021 00:11:42.833,1.39119,1.39108,0.26,7.5
04.08.2021 00:11:42.935,1.39118,1.39108,0.26,0.82
04.08.2021 00:11:43.485,1.39118,1.3910600000000002,0.26,1.57
04.08.2021 00:11:46.795,1.3911700000000002,1.3910600000000002,0.1,1.5
04.08.2021 00:11:48.321,1.3911700000000002,1.39107,0.26,1.57
04.08.2021 00:11:53.051,1.3911700000000002,1.3910600000000002,0.26,0.75
04.08.2021 00:12:02.069,1.39118,1.39107,0.19,0.82
04.08.2021 00:12:02.170,1.39118,1.39109,0.19,0.1
04.08.2021 00:12:02.272,1.39119,1.39109,0.19,0.82
04.08.2021 00:12:02.373,1.39118,1.39108,0.26,0.82
04.08.2021 00:12:05.274,1.39118,1.3910600000000002,0.26,1.57
04.08.2021 00:12:05.858,1.3911600000000002,1.39107,0.1,1.5
04.08.2021 00:12:06.010,1.3911700000000002,1.3910500000000001,1.2,0.1
04.08.2021 00:12:06.163,1.3911600000000002,1.39104,0.1,1.57
04.08.2021 00:12:06.264,1.39115,1.3910600000000002,0.1,0.75
04.08.2021 00:12:06.792,1.3911600000000002,1.3910600000000002,1.2,1.57
04.08.2021 00:12:06.893,1.39118,1.3910600000000002,1.12,0.82
04.08.2021 00:12:21.569,1.39118,1.39107,1.2,1.57
04.08.2021 00:12:21.671,1.39119,1.39107,0.94,1.57
04.08.2021 00:12:21.773,1.39119,1.39109,0.19,1.57
04.08.2021 00:12:22.642,1.39119,1.39109,0.19,0.75
04.08.2021 00:12:22.744,1.39118,1.39109,0.19,1.57
04.08.2021 00:12:22.847,1.39119,1.39108,1.95,1.57
04.08.2021 00:12:22.950,1.39119,1.39109,1.95,0.75
04.08.2021 00:12:25.706,1.3912,1.39109,1.01,1.57
04.08.2021 00:12:25.758,1.3912,1.39111,0.94,0.75
04.08.2021 00:12:26.454,1.3912200000000001,1.39113,1.95,1.5
04.08.2021 00:12:26.505,1.39121,1.39111,1.12,1.57
04.08.2021 00:12:26.758,1.3912,1.3911,0.1,1.12
04.08.2021 00:12:26.960,1.39119,1.3911,0.1,0.75
04.08.2021 00:12:28.575,1.39119,1.39109,0.1,1.5
04.08.2021 00:12:30.346,1.39119,1.39108,1.2,1.57
04.08.2021 00:12:30.448,1.39119,1.39107,0.1,0.75
04.08.2021 00:12:30.550,1.3911700000000002,1.39107,0.1,0.75
04.08.2021 00:12:38.945,1.39119,1.3910600000000002,1.2,1.57
04.08.2021 00:12:39.097,1.3911700000000002,1.39107,0.1,1.5
04.08.2021 00:12:39.301,1.39119,1.3910600000000002,1.2,1.57
04.08.2021 00:12:47.294,1.39119,1.39107,1.12,0.1
04.08.2021 00:12:47.404,1.39119,1.39109,1.95,0.75
04.08.2021 00:12:47.505,1.39121,1.39108,1.2,1.57
04.08.2021 00:12:47.607,1.39121,1.3911,1.2,0.1
04.08.2021 00:12:52.746,1.39121,1.39111,1.2,0.75
04.08.2021 00:12:53.274,1.39125,1.39114,0.19,0.75
04.08.2021 00:12:53.376,1.39125,1.39115,1.39,0.75
04.08.2021 00:12:53.477,1.39124,1.39114,0.1,1.5
04.08.2021 00:12:54.583,1.39125,1.39114,1.01,1.57
04.08.2021 00:12:56.024,1.3912600000000002,1.39114,1.01,1.5
04.08.2021 00:12:58.818,1.39125,1.3911600000000002,1.01,0.75
04.08.2021 00:13:01.426,1.3912600000000002,1.3911600000000002,0.26,0.83
04.08.2021 00:13:06.735,1.39125,1.3911600000000002,0.19,0.83
04.08.2021 00:13:08.817,1.39125,1.39119,0.19,0.75
04.08.2021 00:13:10.561,1.39124,1.39119,0.19,0.75
04.08.2021 00:13:14.788,1.3912600000000002,1.39119,0.19,0.75
04.08.2021 00:13:14.890,1.3912600000000002,1.39118,0.19,0.75
04.08.2021 00:13:14.996,1.3912600000000002,1.39119,0.19,0.75
04.08.2021 00:13:15.149,1.3912600000000002,1.39118,0.19,0.75
04.08.2021 00:13:15.355,1.39125,1.3912,0.19,0.75
04.08.2021 00:13:15.559,1.3912600000000002,1.3912,0.19,0.75
04.08.2021 00:13:15.660,1.3912600000000002,1.3912200000000001,0.19,0.75
04.08.2021 00:13:20.655,1.39131,1.3912700000000002,0.37,0.75
04.08.2021 00:13:20.706,1.39135,1.39128,0.75,0.75
04.08.2021 00:13:20.808,1.3913600000000002,1.3912900000000001,0.19,0.75
04.08.2021 00:13:20.960,1.3913600000000002,1.3913,0.19,0.75
04.08.2021 00:13:23.820,1.3913700000000002,1.3912700000000002,0.19,0.75
04.08.2021 00:13:23.922,1.3913700000000002,1.39128,0.19,0.75
04.08.2021 00:13:24.659,1.39138,1.39131,0.19,0.75
04.08.2021 00:13:25.185,1.3913700000000002,1.39133,0.19,0.75
04.08.2021 00:13:25.236,1.39138,1.39131,1.12,0.75
04.08.2021 00:13:25.439,1.3913900000000001,1.3912900000000001,1.12,0.75
04.08.2021 00:13:26.082,1.39138,1.39131,1.12,0.75
04.08.2021 00:13:26.973,1.3913900000000001,1.3912900000000001,1.12,0.75
04.08.2021 00:13:27.382,1.3913900000000001,1.3913,1.12,0.75
04.08.2021 00:13:30.419,1.39138,1.3913200000000001,1.12,0.75
04.08.2021 00:13:30.521,1.3913900000000001,1.3913,1.12,0.75
04.08.2021 00:13:30.622,1.3913900000000001,1.39131,0.19,0.75
04.08.2021 00:13:30.992,1.39138,1.3912900000000001,0.37,0.75
04.08.2021 00:13:31.094,1.3913600000000002,1.3913,0.19,0.75
04.08.2021 00:13:31.196,1.3913600000000002,1.3912900000000001,0.19,0.75
04.08.2021 00:13:34.539,1.3913600000000002,1.3913,0.19,0.75
04.08.2021 00:13:40.479,1.3913700000000002,1.3913,0.19,0.75
04.08.2021 00:13:41.643,1.3913900000000001,1.3912900000000001,0.19,0.75
04.08.2021 00:13:41.846,1.3913900000000001,1.39131,0.19,0.75
04.08.2021 00:13:41.998,1.39138,1.3913,0.19,0.75
04.08.2021 00:13:42.200,1.39138,1.39133,0.19,0.75
04.08.2021 00:13:42.403,1.39138,1.3913200000000001,0.19,0.75
04.08.2021 00:13:42.555,1.39138,1.39133,0.19,0.75
04.08.2021 00:13:46.805,1.3913900000000001,1.39133,0.19,0.75
04.08.2021 00:13:48.151,1.39141,1.3913200000000001,0.19,0.75
04.08.2021 00:13:48.764,1.39142,1.39131,1.12,0.75
04.08.2021 00:13:48.866,1.39141,1.3913,0.19,0.75
04.08.2021 00:13:48.969,1.3914,1.3913,0.19,0.75
04.08.2021 00:13:49.122,1.3913900000000001,1.3913200000000001,0.19,0.75
04.08.2021 00:13:49.383,1.3913900000000001,1.3913,0.19,0.75
04.08.2021 00:13:56.187,1.3913900000000001,1.3912900000000001,0.19,0.82
04.08.2021 00:13:56.613,1.3914,1.3912900000000001,0.19,0.75
04.08.2021 00:13:56.765,1.3913900000000001,1.3912900000000001,0.19,0.82
04.08.2021 00:13:58.150,1.3913900000000001,1.39131,0.19,0.75
04.08.2021 00:13:59.442,1.3914,1.39131,0.19,0.75
04.08.2021 00:14:01.239,1.39144,1.39135,0.19,0.75
04.08.2021 00:14:01.291,1.39142,1.39131,0.19,1.57
04.08.2021 00:14:01.683,1.39138,1.39133,0.19,0.75
04.08.2021 00:14:01.734,1.3913900000000001,1.3912900000000001,0.19,0.75
04.08.2021 00:14:01.987,1.39138,1.39131,0.19,0.75
04.08.2021 00:14:02.089,1.3913900000000001,1.3913200000000001,0.19,0.75
04.08.2021 00:14:02.190,1.39138,1.39131,0.19,0.75
04.08.2021 00:14:02.393,1.3913700000000002,1.39131,0.19,0.75
04.08.2021 00:14:04.440,1.39138,1.3912900000000001,1.12,0.75
04.08.2021 00:14:05.813,1.3913700000000002,1.3912900000000001,1.12,0.75
04.08.2021 00:14:05.915,1.3913700000000002,1.3912700000000002,1.12,0.75
04.08.2021 00:14:06.028,1.39135,1.39128,0.19,0.75
04.08.2021 00:14:06.131,1.3913600000000002,1.3912600000000002,0.19,0.75
04.08.2021 00:14:06.232,1.3913600000000002,1.3912900000000001,0.19,0.75
04.08.2021 00:14:07.959,1.3913700000000002,1.3912900000000001,0.19,0.75
04.08.2021 00:14:08.569,1.3913600000000002,1.39131,0.19,0.75
04.08.2021 00:14:08.923,1.39138,1.3913,0.19,0.75
04.08.2021 00:14:09.177,1.3913700000000002,1.3913,0.19,0.75
04.08.2021 00:14:14.120,1.3913700000000002,1.39131,0.19,0.75
04.08.2021 00:14:19.880,1.3913900000000001,1.3913,0.19,0.75
04.08.2021 00:14:20.602,1.3913700000000002,1.39131,0.19,0.75
04.08.2021 00:14:25.770,1.3913700000000002,1.3913,0.19,0.75
04.08.2021 00:14:25.972,1.3913700000000002,1.39131,0.19,0.75
04.08.2021 00:14:26.074,1.3913900000000001,1.3913,2.7,0.75
04.08.2021 00:14:27.690,1.39138,1.3913,1.12,0.75
04.08.2021 00:14:27.792,1.39138,1.3912900000000001,1.12,0.75
04.08.2021 00:14:28.312,1.39138,1.39128,1.12,0.75
04.08.2021 00:14:31.065,1.39138,1.3912900000000001,1.12,0.75
04.08.2021 00:14:31.469,1.3913700000000002,1.3912900000000001,1.12,0.75
04.08.2021 00:14:46.771,1.39138,1.3912900000000001,1.87,0.75
04.08.2021 00:14:46.872,1.39138,1.3913,0.94,0.75
04.08.2021 00:14:46.974,1.3913900000000001,1.39131,1.87,0.75
04.08.2021 00:14:47.329,1.3914,1.39131,2.62,0.75
04.08.2021 00:14:47.430,1.3913900000000001,1.39131,1.12,0.75
04.08.2021 00:14:48.766,1.3914,1.39131,1.12,0.75
04.08.2021 00:14:48.868,1.3913900000000001,1.39131,1.12,0.75
04.08.2021 00:14:51.323,1.3913900000000001,1.3913200000000001,1.12,0.75
04.08.2021 00:14:51.425,1.3913900000000001,1.3913200000000001,1.12,0.75
04.08.2021 00:14:56.813,1.3913900000000001,1.3913200000000001,0.19,0.75
04.08.2021 00:14:57.269,1.3913900000000001,1.39133,0.19,0.75
04.08.2021 00:14:57.421,1.3914,1.3912900000000001,0.19,0.75
04.08.2021 00:14:57.471,1.3913900000000001,1.3913200000000001,0.19,0.75
04.08.2021 00:14:57.674,1.3913900000000001,1.39131,0.19,0.75
04.08.2021 00:14:57.776,1.3913900000000001,1.39131,0.19,0.75
04.08.2021 00:15:00.680,1.39138,1.39133,0.19,0.75
04.08.2021 00:15:00.782,1.39142,1.39131,0.19,0.75
04.08.2021 00:15:03.808,1.39143,1.39131,0.82,0.75
04.08.2021 00:15:03.859,1.39142,1.39135,0.75,0.75
04.08.2021 00:15:07.236,1.3914600000000001,1.3913700000000002,1.57,0.75
04.08.2021 00:15:09.199,1.3914600000000001,1.39138,0.82,0.75
04.08.2021 00:15:09.301,1.39145,1.39138,0.82,0.75
04.08.2021 00:15:09.676,1.3914600000000001,1.39138,0.75,0.75
04.08.2021 00:15:12.583,1.39142,1.39135,0.37,1.12
04.08.2021 00:15:12.684,1.39142,1.3913200000000001,0.75,0.75
04.08.2021 00:15:12.836,1.39142,1.39133,1.12,0.75
04.08.2021 00:15:13.292,1.39142,1.3913200000000001,0.75,0.75
04.08.2021 00:15:15.840,1.3914,1.39131,1.12,0.75
04.08.2021 00:15:15.942,1.3914,1.3913200000000001,0.82,0.75
04.08.2021 00:15:17.040,1.39141,1.39133,2.32,0.75
04.08.2021 00:15:17.142,1.39141,1.3913200000000001,1.95,0.75
04.08.2021 00:15:17.405,1.39142,1.39133,1.95,0.75
04.08.2021 00:15:17.924,1.39141,1.3913200000000001,1.95,0.75
04.08.2021 00:15:18.076,1.39142,1.3913200000000001,1.95,0.75
04.08.2021 00:15:18.663,1.39141,1.3913200000000001,1.95,0.75
04.08.2021 00:15:18.866,1.39142,1.39133,1.95,0.75
04.08.2021 00:15:20.499,1.39141,1.39135,0.75,0.75
04.08.2021 00:15:20.603,1.3914600000000001,1.3914,0.75,0.75
04.08.2021 00:15:20.655,1.39148,1.3914,0.75,0.75
04.08.2021 00:15:20.757,1.3914900000000001,1.39142,1.57,0.75
04.08.2021 00:15:20.860,1.3914900000000001,1.39141,1.57,0.75
04.08.2021 00:15:25.476,1.3915,1.39141,0.82,0.75
04.08.2021 00:15:25.527,1.39153,1.39143,2.7,0.75
04.08.2021 00:15:25.629,1.39153,1.39144,0.75,0.75
04.08.2021 00:15:26.753,1.3914900000000001,1.39141,0.75,0.75
04.08.2021 00:15:26.854,1.39148,1.39141,1.57,0.75
04.08.2021 00:15:27.108,1.39148,1.39142,0.1,0.75
04.08.2021 00:15:27.310,1.3914900000000001,1.39142,1.57,0.75
04.08.2021 00:15:27.513,1.39151,1.39143,0.82,0.75
04.08.2021 00:15:31.196,1.39152,1.39143,0.82,0.75
04.08.2021 00:15:33.774,1.39154,1.39148,0.75,0.75
04.08.2021 00:15:33.878,1.39153,1.39148,0.1,0.75
04.08.2021 00:15:33.979,1.39152,1.39143,1.12,0.75
04.08.2021 00:15:34.031,1.3915,1.39142,0.75,0.75
04.08.2021 00:15:34.846,1.3914900000000001,1.39141,0.1,0.75
04.08.2021 00:15:35.830,1.39151,1.39141,0.75,0.75
04.08.2021 00:15:43.632,1.3914900000000001,1.39142,0.75,0.75
04.08.2021 00:15:48.592,1.3915,1.3914,0.75,0.75
04.08.2021 00:15:49.948,1.3915,1.39141,0.75,0.75
04.08.2021 00:15:50.050,1.3914900000000001,1.39141,0.75,0.75
04.08.2021 00:15:51.100,1.3914900000000001,1.3914,0.75,0.75
04.08.2021 00:15:51.303,1.3914900000000001,1.39141,0.75,0.75
04.08.2021 00:15:51.999,1.39148,1.39141,1.57,0.75
04.08.2021 00:15:57.014,1.3914600000000001,1.39141,0.1,0.75
04.08.2021 00:15:57.116,1.3914600000000001,1.3913900000000001,1.57,0.75
04.08.2021 00:15:57.218,1.39144,1.39138,0.37,0.75
04.08.2021 00:15:57.269,1.39144,1.39134,0.75,0.75
04.08.2021 00:15:57.371,1.39142,1.39135,0.75,0.75
04.08.2021 00:15:57.674,1.39143,1.39138,0.1,0.75
04.08.2021 00:15:57.776,1.39144,1.39138,0.82,0.75
04.08.2021 00:15:57.978,1.3914700000000002,1.3913900000000001,0.82,0.75
04.08.2021 00:15:58.181,1.3914700000000002,1.39141,0.82,0.75
04.08.2021 00:16:00.593,1.3914600000000001,1.3914,0.1,0.75
04.08.2021 00:16:01.445,1.3914600000000001,1.3913900000000001,0.82,0.75
04.08.2021 00:16:01.547,1.3914600000000001,1.39138,0.37,0.75
04.08.2021 00:16:01.648,1.3914600000000001,1.3913700000000002,0.37,0.75
04.08.2021 00:16:01.859,1.3914700000000002,1.39138,0.1,0.75
04.08.2021 00:16:02.365,1.3914600000000001,1.39138,2.32,0.75
04.08.2021 00:16:02.467,1.3914600000000001,1.3913700000000002,0.75,0.75
04.08.2021 00:16:04.541,1.39144,1.3913700000000002,0.82,0.75
04.08.2021 00:16:04.592,1.39144,1.39135,0.82,0.75
04.08.2021 00:16:04.744,1.39143,1.39135,0.75,0.75
04.08.2021 00:16:05.258,1.3914600000000001,1.3913900000000001,0.37,0.75
04.08.2021 00:16:05.511,1.39144,1.3914,0.37,0.75
04.08.2021 00:16:06.485,1.39148,1.3913900000000001,0.82,0.75
04.08.2021 00:16:06.637,1.39145,1.3913900000000001,0.37,0.75
04.08.2021 00:16:10.602,1.3914600000000001,1.3914,0.75,0.75
04.08.2021 00:16:10.703,1.3914700000000002,1.3914,2.32,0.75
04.08.2021 00:16:18.440,1.39145,1.3913900000000001,0.37,0.75
04.08.2021 00:16:20.716,1.3914700000000002,1.39141,0.75,0.75
04.08.2021 00:16:26.394,1.3914700000000002,1.3914,0.19,0.75
04.08.2021 00:16:26.446,1.39145,1.3913600000000002,0.82,0.75
04.08.2021 00:16:26.548,1.39144,1.39134,0.75,0.75
04.08.2021 00:16:27.278,1.39142,1.39135,0.75,0.75
04.08.2021 00:16:39.539,1.39143,1.39135,0.75,0.75
04.08.2021 00:16:52.959,1.3913900000000001,1.39131,0.75,1.12
04.08.2021 00:16:53.628,1.39138,1.39131,0.75,0.75
04.08.2021 00:16:53.730,1.39135,1.3912700000000002,0.75,0.1
04.08.2021 00:16:53.831,1.39134,1.3912700000000002,0.75,0.82
04.08.2021 00:16:58.258,1.3913600000000002,1.3912700000000002,0.75,0.1
04.08.2021 00:17:07.775,1.3913700000000002,1.3912700000000002,0.75,0.75
04.08.2021 00:17:07.826,1.3914,1.39134,0.75,0.1
04.08.2021 00:17:07.878,1.39144,1.39134,0.75,0.1
04.08.2021 00:17:07.979,1.39143,1.3913600000000002,0.75,0.1
04.08.2021 00:17:09.579,1.3914,1.39133,0.75,0.1
04.08.2021 00:17:09.681,1.3914,1.3913200000000001,0.75,0.1
04.08.2021 00:17:09.884,1.3913900000000001,1.3913200000000001,0.75,0.1
04.08.2021 00:17:09.985,1.3913600000000002,1.39128,0.75,0.1
04.08.2021 00:17:10.627,1.3913600000000002,1.3912700000000002,0.75,0.82
04.08.2021 00:17:15.381,1.3913600000000002,1.39128,0.75,0.1
04.08.2021 00:17:15.483,1.39135,1.39128,0.75,0.1
04.08.2021 00:17:16.616,1.39135,1.3912700000000002,0.75,0.1
04.08.2021 00:17:18.148,1.39135,1.39128,0.75,0.1
04.08.2021 00:17:25.130,1.39135,1.3912900000000001,0.75,0.1
04.08.2021 00:17:25.694,1.3914,1.39131,0.75,1.95
04.08.2021 00:17:25.745,1.39143,1.39134,0.75,0.37
04.08.2021 00:17:25.848,1.39143,1.39135,0.75,0.1
04.08.2021 00:17:27.569,1.39143,1.3913600000000002,0.75,0.1
04.08.2021 00:17:47.779,1.39143,1.39134,0.75,1.2
04.08.2021 00:17:47.881,1.39138,1.39131,0.75,0.75
04.08.2021 00:17:47.932,1.3913600000000002,1.3913,0.75,0.1
04.08.2021 00:17:48.033,1.39138,1.3912900000000001,0.75,0.1
04.08.2021 00:17:48.236,1.3913900000000001,1.3913,0.75,0.1
04.08.2021 00:17:49.498,1.39141,1.39134,0.75,1.2
04.08.2021 00:17:49.549,1.39144,1.39134,0.75,0.1
04.08.2021 00:17:49.650,1.39143,1.3913600000000002,0.75,0.1
04.08.2021 00:17:51.812,1.39143,1.3913700000000002,0.75,0.1
04.08.2021 00:17:52.524,1.39145,1.3913600000000002,0.75,0.1
04.08.2021 00:17:58.828,1.39144,1.39138,0.75,0.1
04.08.2021 00:18:06.673,1.3914600000000001,1.39138,0.75,0.1
04.08.2021 00:18:07.383,1.3914600000000001,1.3913900000000001,0.75,0.1
04.08.2021 00:18:13.206,1.3914600000000001,1.39138,0.75,0.1
04.08.2021 00:18:15.544,1.3914700000000002,1.39138,0.75,0.1
04.08.2021 00:18:18.269,1.3914600000000001,1.39138,0.75,0.1
04.08.2021 00:18:18.320,1.39144,1.39138,0.75,0.1
04.08.2021 00:18:18.422,1.39144,1.3913700000000002,0.75,0.1
04.08.2021 00:18:18.844,1.39145,1.39135,0.75,0.82
04.08.2021 00:18:20.634,1.39145,1.3913600000000002,0.75,0.1
04.08.2021 00:18:21.178,1.39144,1.3913600000000002,0.75,0.82
04.08.2021 00:18:22.565,1.39145,1.3913700000000002,0.75,0.1
04.08.2021 00:18:23.020,1.3914600000000001,1.3913700000000002,0.75,0.1
04.08.2021 00:18:27.051,1.39144,1.39138,0.75,0.1
04.08.2021 00:18:27.156,1.39144,1.3913700000000002,0.75,0.1
04.08.2021 00:18:28.633,1.39145,1.39135,0.75,0.82
04.08.2021 00:18:30.423,1.39144,1.3913700000000002,0.75,0.1
04.08.2021 00:18:30.626,1.39145,1.3913700000000002,0.75,0.1
04.08.2021 00:18:31.439,1.39145,1.3913600000000002,0.75,0.1
04.08.2021 00:18:33.017,1.39144,1.3913600000000002,0.75,0.82
04.08.2021 00:19:04.580,1.39144,1.3913700000000002,0.75,0.1
04.08.2021 00:19:04.950,1.39144,1.3913600000000002,0.75,0.1
04.08.2021 00:19:05.715,1.39138,1.39133,0.75,1.12
04.08.2021 00:19:05.817,1.39134,1.39128,0.75,1.2
04.08.2021 00:19:05.918,1.39134,1.3912700000000002,0.75,0.1
04.08.2021 00:19:06.020,1.39134,1.3912600000000002,0.75,0.82
04.08.2021 00:19:06.121,1.39135,1.3912600000000002,0.75,0.1
04.08.2021 00:19:06.399,1.39135,1.39125,0.75,0.82
04.08.2021 00:19:07.966,1.39134,1.3912700000000002,0.75,0.1
04.08.2021 00:19:16.689,1.39134,1.3912600000000002,0.75,0.1
04.08.2021 00:19:18.343,1.39135,1.3912600000000002,0.75,0.1
04.08.2021 00:19:20.690,1.39135,1.39125,0.75,0.1
04.08.2021 00:19:23.312,1.39133,1.39125,0.75,0.1
04.08.2021 00:19:25.106,1.39134,1.3912600000000002,0.75,0.1
04.08.2021 00:19:25.466,1.39135,1.3912600000000002,0.75,0.1
04.08.2021 00:19:37.988,1.39134,1.39128,0.75,0.1
04.08.2021 00:19:43.077,1.39134,1.3912600000000002,0.75,0.1
04.08.2021 00:19:43.178,1.39134,1.39125,0.75,0.82
04.08.2021 00:19:43.380,1.39135,1.39125,0.75,0.1
04.08.2021 00:19:44.160,1.39135,1.3912600000000002,0.75,0.1
04.08.2021 00:19:47.054,1.39134,1.39125,0.75,0.82
04.08.2021 00:19:49.897,1.39135,1.39125,0.75,0.1
04.08.2021 00:19:50.504,1.39135,1.3912600000000002,0.75,0.1
04.08.2021 00:19:50.965,1.39135,1.3912700000000002,0.75,0.1
04.08.2021 00:19:51.117,1.39135,1.39128,0.75,0.1
04.08.2021 00:19:53.166,1.3913600000000002,1.3912600000000002,0.75,0.1
04.08.2021 00:19:55.416,1.39135,1.39128,0.75,0.1
04.08.2021 00:20:03.082,1.3913700000000002,1.3912700000000002,0.75,0.1
04.08.2021 00:20:03.199,1.3913700000000002,1.3912900000000001,0.75,0.1
04.08.2021 00:20:03.917,1.3913600000000002,1.3912900000000001,0.75,0.1
04.08.2021 00:20:04.018,1.3913600000000002,1.39128,0.75,0.1
04.08.2021 00:20:11.517,1.3913700000000002,1.39128,0.75,0.1
04.08.2021 00:20:11.720,1.39138,1.3912900000000001,0.75,0.1
04.08.2021 00:20:11.873,1.39142,1.39131,0.75,0.1
04.08.2021 00:20:12.025,1.39142,1.3913200000000001,0.75,0.1
04.08.2021 00:20:12.177,1.39142,1.39133,0.75,0.1
04.08.2021 00:20:12.279,1.39142,1.3913200000000001,0.82,0.82
04.08.2021 00:20:12.431,1.39141,1.3913200000000001,0.75,0.1
04.08.2021 00:20:15.416,1.3914,1.39128,0.1,0.1
04.08.2021 00:20:15.467,1.39138,1.3912700000000002,0.75,0.1
04.08.2021 00:20:15.569,1.3913700000000002,1.3912700000000002,0.82,1.46
04.08.2021 00:20:15.771,1.39138,1.3912700000000002,0.75,0.1
04.08.2021 00:20:17.206,1.3913700000000002,1.3912700000000002,0.82,1.01
04.08.2021 00:20:18.159,1.3913600000000002,1.3912700000000002,0.75,1.01
04.08.2021 00:20:19.450,1.3913700000000002,1.3912700000000002,0.75,0.1
04.08.2021 00:20:24.193,1.3913700000000002,1.39128,0.75,0.1
04.08.2021 00:20:24.548,1.3913700000000002,1.3912700000000002,0.75,0.26
04.08.2021 00:20:29.206,1.3913700000000002,1.39128,0.75,0.26
04.08.2021 00:20:29.308,1.3913700000000002,1.3912900000000001,0.75,0.1
04.08.2021 00:20:31.936,1.39138,1.3912700000000002,0.75,0.26
04.08.2021 00:20:32.037,1.3913600000000002,1.39128,0.75,0.26
04.08.2021 00:20:32.240,1.3913700000000002,1.3912600000000002,0.75,1.01
04.08.2021 00:20:39.000,1.3913600000000002,1.39128,0.75,0.1
04.08.2021 00:20:39.513,1.3913700000000002,1.3912600000000002,0.75,1.01
04.08.2021 00:20:45.056,1.3913600000000002,1.39128,0.75,0.1
04.08.2021 00:20:49.177,1.3913600000000002,1.3912700000000002,0.75,0.26
04.08.2021 00:20:49.838,1.3913600000000002,1.3912600000000002,0.82,0.26
04.08.2021 00:20:49.939,1.3913600000000002,1.39125,0.75,0.1
04.08.2021 00:21:03.532,1.39135,1.3912700000000002,0.75,0.1
04.08.2021 00:21:04.691,1.39135,1.39128,0.75,0.1
04.08.2021 00:21:05.283,1.39135,1.3912700000000002,0.75,0.1
04.08.2021 00:21:08.232,1.39138,1.39128,0.82,0.1
04.08.2021 00:21:08.334,1.39138,1.3912900000000001,0.75,0.1
04.08.2021 00:21:14.478,1.39138,1.39128,0.82,0.1
04.08.2021 00:21:20.717,1.39138,1.3912600000000002,0.1,0.1
04.08.2021 00:21:20.819,1.3913600000000002,1.3912700000000002,0.75,0.1
04.08.2021 00:21:25.683,1.39138,1.3912700000000002,0.75,0.1
04.08.2021 00:21:29.930,1.3913700000000002,1.3912700000000002,0.75,0.1
04.08.2021 00:21:35.783,1.3913700000000002,1.3912600000000002,0.82,0.1
04.08.2021 00:21:35.889,1.39135,1.39125,0.75,1.2
04.08.2021 00:21:35.990,1.39134,1.39124,0.1,2.25
04.08.2021 00:21:36.244,1.39135,1.3912200000000001,0.1,1.95
04.08.2021 00:21:36.347,1.3913200000000001,1.3912,0.75,0.1
04.08.2021 00:21:36.840,1.3912900000000001,1.39121,4.5,0.1
04.08.2021 00:21:37.061,1.39131,1.39121,0.75,0.1
04.08.2021 00:21:37.276,1.39131,1.3912,0.75,2.62
04.08.2021 00:21:38.025,1.3913,1.39119,1.01,0.75
04.08.2021 00:21:38.077,1.39128,1.3911600000000002,0.75,0.37
04.08.2021 00:22:13.350,1.3912700000000002,1.3911600000000002,0.75,1.57
04.08.2021 00:22:16.202,1.3912600000000002,1.39115,0.75,1.57
04.08.2021 00:22:16.304,1.39125,1.39114,0.75,1.95
04.08.2021 00:22:17.267,1.39125,1.3911200000000001,1.57,0.75
04.08.2021 00:22:17.319,1.3912,1.39109,0.75,1.57
04.08.2021 00:22:17.422,1.39118,1.39108,0.75,0.1
04.08.2021 00:22:17.728,1.39118,1.3910600000000002,0.75,1.57
04.08.2021 00:22:18.981,1.39118,1.39107,0.75,0.1
04.08.2021 00:22:19.084,1.39119,1.39107,0.75,0.1
04.08.2021 00:22:19.606,1.3912,1.39109,0.75,1.2
04.08.2021 00:22:19.707,1.39121,1.39109,0.75,0.1
04.08.2021 00:22:21.858,1.3912200000000001,1.3911,1.57,0.82
04.08.2021 00:22:21.960,1.3912200000000001,1.39111,1.5,0.1
04.08.2021 00:22:23.847,1.3912200000000001,1.3911,1.57,1.2
04.08.2021 00:22:27.257,1.39118,1.39109,0.75,1.5
04.08.2021 00:22:27.461,1.39119,1.39107,0.75,0.94
04.08.2021 00:22:27.564,1.3912,1.39108,1.57,1.76
04.08.2021 00:22:27.615,1.39119,1.39107,0.75,1.76
04.08.2021 00:22:30.392,1.39119,1.39108,0.75,2.14
04.08.2021 00:22:32.220,1.39119,1.39109,0.75,0.1
04.08.2021 00:22:32.550,1.3912,1.39111,0.75,0.19
04.08.2021 00:22:32.601,1.39124,1.39114,0.82,0.75
04.08.2021 00:22:32.702,1.39124,1.39115,0.75,1.2
04.08.2021 00:22:32.804,1.39125,1.39115,0.75,1.2
04.08.2021 00:22:35.963,1.3912600000000002,1.39115,0.75,0.1
04.08.2021 00:22:36.064,1.39128,1.39115,0.75,0.1
04.08.2021 00:22:39.296,1.3912700000000002,1.39115,0.82,1.57
04.08.2021 00:22:40.903,1.3912700000000002,1.3911600000000002,0.75,0.1
04.08.2021 00:22:49.449,1.3912600000000002,1.3911600000000002,0.82,0.75
04.08.2021 00:22:49.551,1.3912600000000002,1.39115,0.82,0.75
04.08.2021 00:22:49.812,1.3912600000000002,1.3911600000000002,0.82,0.75
04.08.2021 00:22:49.965,1.3912700000000002,1.39114,0.82,0.75
04.08.2021 00:22:50.135,1.3912600000000002,1.3911600000000002,0.82,0.75
04.08.2021 00:22:54.275,1.3912700000000002,1.39114,0.82,0.75
04.08.2021 00:23:00.807,1.3912600000000002,1.3911600000000002,0.82,0.75
04.08.2021 00:23:01.010,1.3912600000000002,1.39115,0.82,0.75
04.08.2021 00:23:03.847,1.3912600000000002,1.3911600000000002,0.82,0.75
04.08.2021 00:23:06.132,1.3912,1.39111,0.75,0.37
04.08.2021 00:23:06.183,1.3912,1.39109,0.82,0.1
04.08.2021 00:23:06.285,1.39119,1.39108,0.82,0.75
04.08.2021 00:23:06.398,1.39118,1.39108,0.75,0.75
04.08.2021 00:23:18.014,1.39119,1.3910600000000002,0.75,0.82
04.08.2021 00:23:22.599,1.39118,1.3910600000000002,0.82,1.2
04.08.2021 00:23:22.701,1.39118,1.3910500000000001,6.07,0.75
04.08.2021 00:23:23.445,1.3912,1.3910600000000002,1.2,3.45
04.08.2021 00:23:23.546,1.39118,1.39108,0.75,0.75
04.08.2021 00:23:23.648,1.39118,1.39107,0.75,1.95
04.08.2021 00:23:25.178,1.39118,1.3910500000000001,0.82,0.37
04.08.2021 00:23:25.280,1.3911600000000002,1.3910500000000001,0.75,1.95
04.08.2021 00:23:32.644,1.3911600000000002,1.3910200000000001,1.57,2.32
04.08.2021 00:23:32.695,1.39113,1.39103,0.1,0.75
04.08.2021 00:23:32.796,1.39114,1.39104,0.82,0.75
04.08.2021 00:23:32.949,1.39115,1.39104,1.57,1.2
04.08.2021 00:23:36.992,1.39115,1.3910500000000001,0.75,0.1
04.08.2021 00:23:37.194,1.3911600000000002,1.3910500000000001,1.57,0.82
04.08.2021 00:23:38.221,1.3911600000000002,1.3910600000000002,1.5,0.1
04.08.2021 00:23:44.564,1.3911600000000002,1.3910500000000001,1.57,0.82
04.08.2021 00:23:48.930,1.39115,1.3910500000000001,0.1,0.75
04.08.2021 00:23:53.680,1.3911700000000002,1.39104,1.57,0.82
04.08.2021 00:24:05.084,1.39118,1.3910500000000001,0.82,0.1
04.08.2021 00:24:05.187,1.3911700000000002,1.39107,0.75,0.1
04.08.2021 00:24:28.544,1.3911700000000002,1.3910600000000002,1.57,0.1
04.08.2021 00:24:28.646,1.3911600000000002,1.3910500000000001,0.1,0.82
04.08.2021 00:24:28.747,1.3911700000000002,1.3910600000000002,1.57,0.1
04.08.2021 00:24:28.971,1.3911600000000002,1.3910500000000001,0.1,0.82
04.08.2021 00:24:29.989,1.3911700000000002,1.3910600000000002,1.57,0.1
04.08.2021 00:24:32.198,1.3911600000000002,1.3910500000000001,0.1,0.82
04.08.2021 00:24:41.289,1.3911700000000002,1.3910600000000002,0.82,0.1
04.08.2021 00:24:41.542,1.39118,1.3910600000000002,0.75,0.1
04.08.2021 00:24:42.200,1.39118,1.3910500000000001,0.82,0.1
04.08.2021 00:24:50.231,1.39118,1.3910600000000002,0.82,0.1
04.08.2021 00:24:50.488,1.3911700000000002,1.3910600000000002,0.82,0.1
04.08.2021 00:24:58.252,1.3911700000000002,1.39104,0.1,0.1
04.08.2021 00:24:59.021,1.39114,1.39103,0.82,1.31
04.08.2021 00:24:59.174,1.3911600000000002,1.39103,0.75,0.64
04.08.2021 00:24:59.679,1.39115,1.3910500000000001,0.75,0.1
04.08.2021 00:25:02.717,1.3911700000000002,1.3910600000000002,0.75,2.14
04.08.2021 00:25:02.819,1.3911700000000002,1.39107,0.75,0.1
04.08.2021 00:25:02.971,1.39118,1.3910500000000001,0.75,2.14
04.08.2021 00:25:03.124,1.39118,1.39104,1.01,2.89
04.08.2021 00:25:03.328,1.3911600000000002,1.3910500000000001,0.75,1.2
04.08.2021 00:25:07.834,1.39115,1.3910500000000001,0.75,1.2
04.08.2021 00:25:09.938,1.39115,1.3910600000000002,0.75,0.1
04.08.2021 00:25:10.404,1.39115,1.3910500000000001,0.75,0.82
04.08.2021 00:25:20.192,1.3911600000000002,1.3910500000000001,0.75,1.95
04.08.2021 00:25:20.294,1.3911700000000002,1.3910500000000001,0.75,0.1
04.08.2021 00:25:20.911,1.3911600000000002,1.39107,0.75,0.1
04.08.2021 00:25:22.047,1.3911600000000002,1.3910500000000001,0.75,1.2
04.08.2021 00:25:22.149,1.3911600000000002,1.39104,0.75,1.2
04.08.2021 00:25:27.512,1.39115,1.39104,0.75,0.82
04.08.2021 00:25:39.448,1.3911600000000002,1.3910500000000001,0.75,1.2
04.08.2021 00:25:39.549,1.3911700000000002,1.3910500000000001,0.75,0.1
04.08.2021 00:25:41.730,1.39119,1.39107,1.57,0.45
04.08.2021 00:25:41.838,1.39119,1.3910600000000002,0.75,1.2
04.08.2021 00:25:41.939,1.3911700000000002,1.39107,0.75,0.45
04.08.2021 00:25:43.620,1.3911700000000002,1.3910600000000002,0.75,1.57
04.08.2021 00:25:45.714,1.3911700000000002,1.3910500000000001,0.75,0.75
04.08.2021 00:25:45.816,1.3911600000000002,1.3910500000000001,0.75,0.82
04.08.2021 00:25:45.917,1.39115,1.3910500000000001,0.75,0.82
04.08.2021 00:25:46.126,1.3911600000000002,1.3910500000000001,0.82,0.75
04.08.2021 00:25:46.379,1.3911600000000002,1.39104,0.75,0.82
04.08.2021 00:25:49.485,1.3911600000000002,1.39103,1.5,1.57
04.08.2021 00:26:05.032,1.39115,1.39103,0.75,0.82
04.08.2021 00:26:06.094,1.39115,1.3910200000000001,0.75,1.57
04.08.2021 00:26:06.197,1.39113,1.39101,0.75,0.75
04.08.2021 00:26:06.300,1.39113,1.391,0.75,1.95
04.08.2021 00:26:06.403,1.39111,1.391,0.75,0.82
04.08.2021 00:26:07.179,1.39111,1.39101,0.75,0.1
04.08.2021 00:26:21.134,1.39111,1.391,0.75,0.1
04.08.2021 00:26:22.022,1.39111,1.39099,0.75,1.57
04.08.2021 00:26:22.317,1.3911200000000001,1.39099,0.75,0.75
04.08.2021 00:26:30.175,1.3911200000000001,1.391,0.75,1.12
04.08.2021 00:26:30.226,1.39114,1.39103,0.75,3
04.08.2021 00:26:30.327,1.3911600000000002,1.39103,0.75,1.2
04.08.2021 00:26:31.208,1.3911,1.39103,1.12,1.5
04.08.2021 00:26:31.309,1.39107,1.3909799999999999,0.75,0.1
04.08.2021 00:26:31.411,1.39107,1.39097,0.75,7.5
04.08.2021 00:26:31.664,1.39107,1.3909500000000001,0.75,1.95
04.08.2021 00:26:45.515,1.3910600000000002,1.3909500000000001,0.75,1.2
04.08.2021 00:26:45.616,1.3910500000000001,1.3909500000000001,0.82,0.37
04.08.2021 00:26:46.481,1.3910500000000001,1.39094,0.75,0.82
04.08.2021 00:26:46.532,1.3909799999999999,1.39093,0.19,0.75
04.08.2021 00:26:46.583,1.391,1.3909,0.94,1.12
04.08.2021 00:26:46.685,1.39099,1.39089,0.19,0.37
04.08.2021 00:26:47.688,1.391,1.39087,0.19,1.57
04.08.2021 00:26:47.840,1.39099,1.39089,0.19,0.75
04.08.2021 00:26:47.941,1.3909500000000001,1.39088,0.19,0.75
04.08.2021 00:26:48.043,1.39094,1.39083,0.37,0.37
04.08.2021 00:26:48.145,1.39093,1.3908500000000001,0.37,0.37
04.08.2021 00:26:48.196,1.3909600000000002,1.39084,0.19,0.37
04.08.2021 00:26:48.298,1.3909600000000002,1.3908500000000001,1.01,0.37
04.08.2021 00:26:48.449,1.39097,1.39083,1.01,2.89
04.08.2021 00:26:48.920,1.3909600000000002,1.3908600000000002,0.75,0.75
04.08.2021 00:27:00.118,1.39097,1.39087,0.75,0.82
04.08.2021 00:27:04.184,1.39097,1.3908500000000001,0.19,0.37
04.08.2021 00:27:04.286,1.3909600000000002,1.3908500000000001,0.75,0.37
04.08.2021 00:27:04.338,1.3909500000000001,1.39084,0.75,1.87
04.08.2021 00:27:10.179,1.39093,1.39084,0.75,1.95
04.08.2021 00:27:13.130,1.39094,1.39084,0.37,1.95
04.08.2021 00:27:16.133,1.3909500000000001,1.39084,0.75,1.95
04.08.2021 00:27:17.465,1.39094,1.39083,0.37,1.95
04.08.2021 00:27:20.672,1.3909200000000002,1.39083,0.37,1.95
04.08.2021 00:27:22.817,1.3909200000000002,1.39084,0.37,1.57
04.08.2021 00:27:28.440,1.39094,1.39083,0.37,0.82
04.08.2021 00:27:30.919,1.3909200000000002,1.39084,0.37,0.82
04.08.2021 00:27:34.158,1.39094,1.39083,0.75,1.2
04.08.2021 00:27:37.192,1.3909200000000002,1.39084,0.75,1.57
04.08.2021 00:27:38.779,1.3909500000000001,1.39084,0.75,0.45
04.08.2021 00:27:39.735,1.3909500000000001,1.3908500000000001,0.75,1.95
04.08.2021 00:27:54.025,1.3909500000000001,1.3908600000000002,0.75,0.75
04.08.2021 00:27:54.076,1.39097,1.39087,1.5,0.75
04.08.2021 00:27:54.177,1.3909600000000002,1.39087,0.75,0.75
04.08.2021 00:27:58.671,1.39097,1.39084,1.69,2.32
04.08.2021 00:28:01.089,1.3909600000000002,1.39089,1.69,0.75
04.08.2021 00:28:01.140,1.39101,1.3909500000000001,0.37,0.19
04.08.2021 00:28:01.191,1.39103,1.39094,4.5,0.37
04.08.2021 00:28:01.242,1.3910500000000001,1.3909500000000001,0.1,0.37
04.08.2021 00:28:01.345,1.3910500000000001,1.39094,0.1,1.12
04.08.2021 00:28:37.267,1.3910600000000002,1.39094,1.01,1.95
04.08.2021 00:28:37.371,1.39107,1.39094,0.94,0.1
04.08.2021 00:28:48.251,1.39107,1.3909500000000001,0.75,0.37
04.08.2021 00:28:48.303,1.39109,1.3909500000000001,0.1,3.45
04.08.2021 00:28:48.405,1.39108,1.39097,0.1,0.75
04.08.2021 00:28:48.559,1.39109,1.39097,1.57,0.82
04.08.2021 00:28:49.689,1.3911,1.39097,1.57,0.75
04.08.2021 00:29:19.791,1.39109,1.39097,0.75,0.1
04.08.2021 00:29:24.149,1.39109,1.3909600000000002,0.82,2.25
04.08.2021 00:29:25.196,1.39109,1.3909799999999999,0.75,0.1
04.08.2021 00:29:33.076,1.3911,1.3909799999999999,3.45,0.1
04.08.2021 00:29:33.178,1.3911,1.39097,0.37,0.1
04.08.2021 00:29:34.247,1.3911,1.3909799999999999,4.2,0.1
04.08.2021 00:29:36.014,1.39109,1.3909799999999999,0.75,0.1
04.08.2021 00:29:39.874,1.39108,1.3909799999999999,0.37,0.1
04.08.2021 00:29:45.098,1.39109,1.3909799999999999,0.37,0.1
04.08.2021 00:29:49.564,1.39109,1.3909600000000002,1.12,3
04.08.2021 00:29:51.046,1.3910600000000002,1.3909500000000001,0.37,2.77
04.08.2021 00:29:51.148,1.39108,1.39094,0.1,2.7
04.08.2021 00:30:57.987,1.3910600000000002,1.39094,0.1,0.75
04.08.2021 00:30:58.152,1.39107,1.39094,0.26,0.82
04.08.2021 00:31:16.990,1.3910600000000002,1.39094,0.56,0.82
04.08.2021 00:31:21.098,1.3910600000000002,1.3909500000000001,1.57,0.1
04.08.2021 00:31:22.102,1.3910600000000002,1.39094,0.37,0.1
04.08.2021 00:31:31.084,1.3910600000000002,1.3909500000000001,2.32,0.1
04.08.2021 00:31:31.592,1.3910500000000001,1.39094,0.1,1.57
04.08.2021 00:31:39.609,1.39104,1.39093,0.1,1.95
04.08.2021 00:31:40.229,1.3910600000000002,1.39093,0.82,0.1
04.08.2021 00:31:40.382,1.39104,1.39093,0.1,1.2
04.08.2021 00:31:41.892,1.3910500000000001,1.3909500000000001,0.75,0.1
04.08.2021 00:31:42.359,1.3910600000000002,1.3909200000000002,0.82,1.2
04.08.2021 00:31:44.153,1.3909799999999999,1.3909200000000002,0.37,0.75
04.08.2021 00:31:44.204,1.39099,1.39088,0.37,7.57
04.08.2021 00:31:44.306,1.3909600000000002,1.39089,0.75,7.5
04.08.2021 00:31:44.407,1.3909600000000002,1.39087,0.75,0.82
04.08.2021 00:31:46.035,1.39097,1.39087,0.75,0.82
04.08.2021 00:31:46.623,1.3909799999999999,1.39087,1.76,0.82
04.08.2021 00:31:48.008,1.39097,1.39087,0.1,0.75
04.08.2021 00:31:49.434,1.3909799999999999,1.39087,2.14,0.82
04.08.2021 00:31:49.647,1.3909799999999999,1.3908600000000002,0.1,0.75
04.08.2021 00:31:49.748,1.39099,1.3908600000000002,2.14,0.82
04.08.2021 00:31:51.138,1.39097,1.39087,0.75,0.82
04.08.2021 00:31:58.982,1.3909600000000002,1.3908500000000001,0.1,0.45
04.08.2021 00:32:00.155,1.3909500000000001,1.3908500000000001,0.75,0.1
04.08.2021 00:32:01.159,1.39094,1.39084,0.75,0.1
04.08.2021 00:32:01.210,1.39093,1.39083,0.75,1.95
04.08.2021 00:32:01.312,1.39089,1.39083,0.37,0.37
04.08.2021 00:32:01.363,1.3909,1.3908,0.37,0.1
04.08.2021 00:32:01.464,1.39089,1.39079,0.37,0.1
04.08.2021 00:32:01.981,1.39089,1.39077,0.75,0.45
04.08.2021 00:32:04.056,1.39089,1.39076,0.82,0.82
04.08.2021 00:32:07.671,1.39089,1.39077,0.75,0.1
04.08.2021 00:32:07.722,1.39088,1.39081,0.75,1.87
04.08.2021 00:32:07.773,1.39094,1.3908200000000002,1.5,0.45
04.08.2021 00:32:07.874,1.39094,1.39083,0.37,0.1
04.08.2021 00:32:07.976,1.39094,1.3908200000000002,0.37,0.45
04.08.2021 00:32:08.694,1.39094,1.39083,1.01,0.45
04.08.2021 00:32:08.804,1.3909500000000001,1.39084,0.82,1.2
04.08.2021 00:32:08.905,1.3909500000000001,1.3908500000000001,0.75,0.1
04.08.2021 00:32:09.955,1.3909500000000001,1.39084,0.26,0.45
04.08.2021 00:32:12.038,1.39094,1.39083,0.26,0.1
04.08.2021 00:32:12.139,1.39094,1.39081,0.1,2.89
04.08.2021 00:32:12.438,1.39091,1.3908200000000002,0.37,2.7
04.08.2021 00:32:13.815,1.39091,1.39079,1.95,0.75
04.08.2021 00:32:13.916,1.39091,1.3908200000000002,0.37,0.1
04.08.2021 00:32:14.596,1.39093,1.3908200000000002,1.01,1.2
04.08.2021 00:32:15.134,1.3909,1.39079,1.12,0.75
04.08.2021 00:32:15.236,1.39088,1.39079,0.19,0.75
04.08.2021 00:32:16.095,1.39088,1.39078,0.37,0.75
04.08.2021 00:32:16.196,1.39087,1.39078,0.37,0.75
04.08.2021 00:32:17.073,1.39087,1.39079,0.37,0.82
04.08.2021 00:32:19.835,1.39088,1.39077,0.37,0.75
04.08.2021 00:32:20.607,1.39087,1.39077,0.37,0.75
04.08.2021 00:32:21.703,1.39087,1.39077,0.64,0.1
04.08.2021 00:32:26.267,1.3908600000000002,1.39077,0.19,0.1
04.08.2021 00:32:26.885,1.39088,1.39077,0.94,0.1
04.08.2021 00:32:34.351,1.3909200000000002,1.39083,0.94,2.25
04.08.2021 00:32:34.452,1.39094,1.39083,1.01,2.7
04.08.2021 00:32:34.554,1.39094,1.39084,0.19,1.2
04.08.2021 00:32:34.655,1.3909500000000001,1.39084,0.56,0.1
04.08.2021 00:32:36.299,1.3909600000000002,1.39084,0.19,0.1
04.08.2021 00:32:45.495,1.3909600000000002,1.3908600000000002,0.56,0.75
04.08.2021 00:32:45.699,1.39094,1.39087,0.19,0.75
04.08.2021 00:32:49.277,1.39094,1.39088,0.19,0.75
04.08.2021 00:32:49.378,1.3909600000000002,1.39087,0.19,0.75
04.08.2021 00:32:50.889,1.3909600000000002,1.39088,0.19,0.75
04.08.2021 00:32:50.991,1.3909799999999999,1.39087,0.94,0.75
04.08.2021 00:32:52.812,1.3909799999999999,1.39088,0.94,1.57
04.08.2021 00:32:52.914,1.39099,1.39088,0.94,0.1
04.08.2021 00:32:57.146,1.3909799999999999,1.39088,0.19,0.82
04.08.2021 00:32:59.035,1.3909799999999999,1.39087,0.19,0.82
04.08.2021 00:33:03.252,1.39099,1.39087,0.94,0.82
04.08.2021 00:33:10.907,1.39099,1.3909,0.56,0.75
04.08.2021 00:33:11.009,1.3910200000000001,1.39093,1.95,0.75
04.08.2021 00:33:11.161,1.39103,1.39091,0.64,0.75
04.08.2021 00:33:11.853,1.3910200000000001,1.39097,0.37,0.75
04.08.2021 00:33:12.158,1.39103,1.39097,0.37,0.75
04.08.2021 00:33:18.747,1.39103,1.3909799999999999,0.37,0.75
04.08.2021 00:33:19.513,1.3910600000000002,1.39097,0.37,0.75
04.08.2021 00:33:21.668,1.3910600000000002,1.3909500000000001,1.57,0.75
04.08.2021 00:33:22.187,1.39104,1.3909600000000002,0.75,0.75
04.08.2021 00:33:23.158,1.3910600000000002,1.39097,1.95,0.75
04.08.2021 00:33:23.412,1.3910600000000002,1.3909600000000002,1.87,0.82
04.08.2021 00:33:28.293,1.3910500000000001,1.3909600000000002,1.12,0.75
04.08.2021 00:33:29.316,1.391,1.3909,0.19,0.1
04.08.2021 00:33:29.417,1.39097,1.39091,0.75,0.1
04.08.2021 00:33:29.519,1.39097,1.3909,0.75,0.1
04.08.2021 00:33:30.377,1.3909799999999999,1.3909,0.75,0.1
04.08.2021 00:33:31.378,1.391,1.39089,0.75,0.1
04.08.2021 00:33:32.340,1.3909799999999999,1.3909,0.37,0.1
04.08.2021 00:33:39.966,1.3909799999999999,1.39089,0.37,0.1
04.08.2021 00:33:52.285,1.39097,1.39089,0.37,0.75
04.08.2021 00:33:59.267,1.39097,1.39088,0.37,0.75
04.08.2021 00:34:04.347,1.39099,1.39087,0.75,0.37
04.08.2021 00:34:04.398,1.39099,1.3908500000000001,0.82,2.77
04.08.2021 00:34:04.499,1.39097,1.3908600000000002,0.75,2.4
04.08.2021 00:34:04.651,1.3909600000000002,1.3908500000000001,0.75,1.95
04.08.2021 00:34:04.753,1.3909500000000001,1.3908500000000001,0.75,1.95
04.08.2021 00:34:05.613,1.39097,1.39084,0.37,1.57
04.08.2021 00:34:06.613,1.3909500000000001,1.3908500000000001,0.75,1.57
04.08.2021 00:34:12.330,1.3909600000000002,1.3908500000000001,0.94,1.57
04.08.2021 00:34:13.325,1.3909500000000001,1.3908500000000001,0.75,1.5
04.08.2021 00:34:14.403,1.3909600000000002,1.3908500000000001,0.64,1.5
04.08.2021 00:34:18.613,1.3909500000000001,1.39084,0.37,1.5
04.08.2021 00:34:19.589,1.39091,1.39084,0.37,0.75
04.08.2021 00:34:20.469,1.3909500000000001,1.3908500000000001,1.01,0.75
04.08.2021 00:34:25.513,1.39097,1.39084,0.75,1.39
04.08.2021 00:34:35.911,1.39097,1.3908500000000001,0.75,0.37
04.08.2021 00:34:39.875,1.3909799999999999,1.3908500000000001,1.01,0.37
04.08.2021 00:34:42.758,1.39097,1.39084,0.26,1.87
04.08.2021 00:34:45.431,1.39097,1.3908500000000001,0.1,0.37
04.08.2021 00:34:45.532,1.3909799999999999,1.3908500000000001,1.01,0.37
04.08.2021 00:35:02.756,1.3909500000000001,1.39087,0.37,1.5
04.08.2021 00:35:02.858,1.3909500000000001,1.39088,0.37,0.75
04.08.2021 00:35:02.959,1.3909500000000001,1.39089,0.37,0.75
04.08.2021 00:35:03.010,1.39099,1.39089,0.75,0.75
04.08.2021 00:35:03.971,1.391,1.39089,0.37,0.75
04.08.2021 00:35:06.237,1.3909799999999999,1.39089,0.37,0.75
04.08.2021 00:35:07.227,1.391,1.39088,0.37,0.75
04.08.2021 00:35:09.053,1.391,1.39089,1.5,0.75
04.08.2021 00:35:09.154,1.391,1.3909,1.5,1.31
04.08.2021 00:35:09.256,1.39104,1.39094,0.26,1.12
04.08.2021 00:35:09.375,1.39104,1.39093,0.26,1.87
04.08.2021 00:35:09.630,1.39104,1.39094,0.26,0.75
04.08.2021 00:35:09.681,1.39107,1.39093,1.01,0.75
04.08.2021 00:35:17.900,1.3910600000000002,1.3909500000000001,1.01,0.37
04.08.2021 00:35:37.932,1.39107,1.39093,1.39,1.87
04.08.2021 00:35:49.790,1.3910600000000002,1.3909500000000001,1.39,0.37
04.08.2021 00:35:51.245,1.39104,1.3909200000000002,0.19,1.5
04.08.2021 00:35:51.346,1.39104,1.39091,0.19,0.37
04.08.2021 00:35:51.498,1.39103,1.3909,0.19,2.62
04.08.2021 00:35:51.600,1.39099,1.39091,0.37,1.87
04.08.2021 00:35:52.550,1.391,1.39091,0.37,1.5
04.08.2021 00:36:01.800,1.39099,1.39091,0.37,0.75
04.08.2021 00:36:03.354,1.391,1.39093,0.37,2.25
04.08.2021 00:36:04.325,1.391,1.3909200000000002,0.37,0.37
04.08.2021 00:36:04.427,1.39101,1.3909,0.37,0.75
04.08.2021 00:36:05.310,1.39099,1.39091,0.37,0.75
04.08.2021 00:36:17.622,1.391,1.39091,0.37,0.75
04.08.2021 00:36:25.361,1.391,1.3909,0.37,0.75
04.08.2021 00:36:27.287,1.39101,1.3909,0.37,0.75
04.08.2021 00:36:28.078,1.39104,1.39093,0.37,0.37
04.08.2021 00:36:29.036,1.39104,1.39094,0.37,1.12
04.08.2021 00:36:46.078,1.3910600000000002,1.39094,0.75,1.95
04.08.2021 00:36:47.181,1.39107,1.39101,0.37,0.37
04.08.2021 00:36:47.283,1.39108,1.39101,0.56,0.37
04.08.2021 00:36:47.334,1.39108,1.3909799999999999,0.56,2.32
04.08.2021 00:36:48.256,1.3911,1.39097,0.19,2.32
04.08.2021 00:37:06.004,1.39109,1.39097,1.01,0.75
04.08.2021 00:37:06.207,1.39108,1.3909500000000001,0.82,2.44
04.08.2021 00:37:17.319,1.39108,1.3909600000000002,0.75,0.75
04.08.2021 00:37:17.635,1.39107,1.3909600000000002,0.75,1.95
04.08.2021 00:37:22.716,1.39107,1.3909500000000001,1.01,1.57
04.08.2021 00:37:26.213,1.3911200000000001,1.3910200000000001,0.19,2.06
04.08.2021 00:37:26.315,1.39113,1.3910500000000001,7.5,1.87
04.08.2021 00:37:26.467,1.3911600000000002,1.39104,0.19,2.14
04.08.2021 00:37:57.690,1.39108,1.39101,0.19,8.62
04.08.2021 00:37:57.792,1.39107,1.3909600000000002,0.19,2.32
04.08.2021 00:38:00.688,1.3910600000000002,1.3909600000000002,0.75,1.5
04.08.2021 00:38:03.369,1.3910600000000002,1.3909500000000001,0.94,1.95
04.08.2021 00:38:09.856,1.39108,1.39097,0.75,0.75
04.08.2021 00:38:09.958,1.39108,1.3909799999999999,1.12,0.75
04.08.2021 00:38:29.010,1.39107,1.3909600000000002,1.01,0.75
04.08.2021 00:38:29.111,1.39107,1.3909500000000001,1.01,2.14
04.08.2021 00:38:29.213,1.3910600000000002,1.3909500000000001,0.1,2.06
04.08.2021 00:38:29.980,1.39107,1.3909500000000001,1.01,2.14
04.08.2021 00:38:31.013,1.3910600000000002,1.3909500000000001,0.75,2.89
04.08.2021 00:38:43.769,1.39107,1.3909500000000001,0.75,0.75
04.08.2021 00:38:50.560,1.3910600000000002,1.3909500000000001,0.75,1.76
04.08.2021 00:38:51.569,1.3910600000000002,1.3909600000000002,0.75,0.75
04.08.2021 00:39:14.238,1.39104,1.3909500000000001,0.75,1.5
04.08.2021 00:39:17.897,1.3910500000000001,1.39097,0.75,1.31
04.08.2021 00:39:33.530,1.3910500000000001,1.3909600000000002,0.75,0.82
04.08.2021 00:39:33.632,1.39104,1.3909600000000002,0.75,1.95
04.08.2021 00:39:40.743,1.3910500000000001,1.3909600000000002,0.75,0.1
04.08.2021 00:39:42.711,1.3910500000000001,1.3909500000000001,0.75,1.95
04.08.2021 00:39:46.987,1.3910500000000001,1.3909600000000002,0.75,0.1
04.08.2021 00:40:47.218,1.39104,1.3909600000000002,0.75,2.06
04.08.2021 00:41:05.301,1.39103,1.3909600000000002,0.75,1.5
04.08.2021 00:41:05.505,1.39103,1.3909500000000001,0.75,2.14
04.08.2021 00:41:08.827,1.39104,1.3909500000000001,0.75,0.1
04.08.2021 00:41:09.719,1.39103,1.3909500000000001,0.75,1.95
04.08.2021 00:41:54.436,1.3910200000000001,1.39094,0.75,1.12
04.08.2021 00:41:55.452,1.39103,1.3909200000000002,0.75,2.62
04.08.2021 00:41:56.815,1.39103,1.39093,1.12,0.37
04.08.2021 00:41:57.042,1.39103,1.3909200000000002,1.12,2.62
04.08.2021 00:41:59.259,1.3910200000000001,1.39094,1.12,0.37
04.08.2021 00:41:59.793,1.39103,1.3909600000000002,0.75,0.75
04.08.2021 00:41:59.895,1.39103,1.3909600000000002,0.75,0.75
04.08.2021 00:42:00.224,1.39103,1.39097,0.75,0.75
04.08.2021 00:42:00.325,1.39103,1.3909600000000002,0.75,0.75
04.08.2021 00:42:00.963,1.39104,1.39094,0.75,1.95
04.08.2021 00:42:02.260,1.39104,1.3909500000000001,0.75,0.75
04.08.2021 00:42:02.574,1.39103,1.3909500000000001,0.75,1.95
04.08.2021 00:42:04.155,1.39103,1.39093,0.37,1.12
04.08.2021 00:42:08.999,1.39103,1.3909200000000002,0.37,2.7
04.08.2021 00:42:09.213,1.39103,1.39093,0.37,0.37
04.08.2021 00:42:18.992,1.39104,1.39094,0.75,0.75
04.08.2021 00:42:20.757,1.39104,1.39093,0.75,1.87
04.08.2021 00:42:38.098,1.39097,1.39093,0.75,0.75
04.08.2021 00:42:38.149,1.39097,1.3909,0.19,0.37
04.08.2021 00:42:38.200,1.39094,1.3908600000000002,0.75,1.12
04.08.2021 00:42:38.403,1.39093,1.3908600000000002,0.75,2.62
04.08.2021 00:42:41.997,1.39093,1.3908500000000001,0.75,1.95
04.08.2021 00:42:44.358,1.39093,1.3908600000000002,0.75,0.75
04.08.2021 00:42:44.510,1.39093,1.39087,0.75,0.75
04.08.2021 00:42:45.910,1.39094,1.3908500000000001,0.75,0.75
04.08.2021 00:42:55.283,1.39093,1.3908500000000001,0.75,1.87
04.08.2021 00:42:58.997,1.3909200000000002,1.3908500000000001,0.75,0.75
04.08.2021 00:42:59.102,1.3909200000000002,1.39084,0.75,2.62
04.08.2021 00:43:03.964,1.3909200000000002,1.39083,0.75,0.75
04.08.2021 00:43:04.015,1.39087,1.39077,0.75,1.57
04.08.2021 00:43:04.066,1.39084,1.39077,0.75,9.37
04.08.2021 00:43:04.673,1.39084,1.3908,0.75,0.75
04.08.2021 00:43:04.724,1.39087,1.39079,0.75,0.75
04.08.2021 00:43:06.267,1.3908600000000002,1.39079,0.75,1.76
04.08.2021 00:43:06.589,1.39087,1.39081,0.75,1.12
04.08.2021 00:43:06.893,1.39087,1.39079,0.75,0.82
04.08.2021 00:43:08.280,1.39087,1.3908,0.75,0.75
04.08.2021 00:43:10.341,1.39087,1.39079,0.75,0.75
04.08.2021 00:43:14.180,1.3908600000000002,1.39081,0.75,0.75
04.08.2021 00:43:14.281,1.3908600000000002,1.3908,0.75,0.75
04.08.2021 00:43:16.055,1.39087,1.39078,0.75,2.32
04.08.2021 00:43:16.157,1.3908600000000002,1.3908,0.75,0.75
04.08.2021 00:43:17.041,1.3908600000000002,1.39081,0.75,0.75
04.08.2021 00:43:18.608,1.39088,1.3908200000000002,0.75,3.07
04.08.2021 00:43:18.659,1.39091,1.39084,0.75,0.37
04.08.2021 00:43:18.915,1.3909200000000002,1.3908500000000001,0.75,0.26
04.08.2021 00:43:21.016,1.39094,1.3908600000000002,0.75,0.19
04.08.2021 00:43:21.118,1.3909500000000001,1.39088,0.75,1.76
04.08.2021 00:43:21.221,1.39097,1.39088,0.75,1.01
04.08.2021 00:43:21.323,1.3909600000000002,1.3909,0.75,0.75
04.08.2021 00:43:27.589,1.39097,1.3909,0.75,1.12
04.08.2021 00:43:27.691,1.39101,1.39093,0.75,0.37
04.08.2021 00:43:27.843,1.391,1.39093,0.75,1.2
04.08.2021 00:43:29.279,1.39101,1.39093,0.75,0.82
04.08.2021 00:43:29.380,1.39101,1.3909200000000002,0.75,0.82
04.08.2021 00:43:29.746,1.39103,1.39094,0.75,0.75
04.08.2021 00:43:32.666,1.39104,1.39094,0.75,0.45
04.08.2021 00:43:32.869,1.39103,1.3909600000000002,0.75,0.1
04.08.2021 00:43:33.231,1.39103,1.3909500000000001,0.75,1.2
04.08.2021 00:43:43.227,1.39103,1.3909600000000002,0.75,0.1
04.08.2021 00:43:45.187,1.39104,1.3909600000000002,0.75,0.1
04.08.2021 00:44:03.294,1.39104,1.39097,0.75,0.82
04.08.2021 00:44:03.846,1.3910600000000002,1.39097,0.75,0.1
04.08.2021 00:44:05.013,1.39104,1.3909799999999999,0.75,0.1
04.08.2021 00:44:27.884,1.3910500000000001,1.3909799999999999,0.75,0.75
04.08.2021 00:44:27.935,1.3910600000000002,1.39099,0.75,1.5
04.08.2021 00:44:27.987,1.39107,1.39101,0.75,0.75
04.08.2021 00:44:31.425,1.39108,1.39101,0.75,0.75
04.08.2021 00:44:33.479,1.39108,1.391,0.75,0.75
04.08.2021 00:44:48.724,1.39114,1.39103,0.75,2.25
04.08.2021 00:44:48.825,1.39114,1.39104,0.75,1.12
04.08.2021 00:44:52.745,1.39114,1.3910500000000001,0.75,0.82
04.08.2021 00:44:53.302,1.39114,1.39104,0.75,1.2
04.08.2021 00:44:57.795,1.39113,1.39104,0.75,1.12
04.08.2021 00:44:58.872,1.39114,1.3910200000000001,0.75,2.7
04.08.2021 00:44:59.811,1.39113,1.39104,0.75,0.37
04.08.2021 00:45:00.151,1.39114,1.3910200000000001,0.75,2.7
04.08.2021 00:45:00.303,1.39114,1.39104,0.75,0.75
04.08.2021 00:45:01.794,1.39114,1.39103,0.75,1.12
04.08.2021 00:45:02.849,1.39111,1.39103,0.75,3
04.08.2021 00:45:12.102,1.3910600000000002,1.391,0.94,0.75
04.08.2021 00:45:12.154,1.3910200000000001,1.39097,0.75,0.1
04.08.2021 00:45:12.256,1.39101,1.3909500000000001,0.75,0.1
04.08.2021 00:45:12.358,1.391,1.39094,0.75,0.75
04.08.2021 00:45:12.611,1.39103,1.39094,0.75,0.1
04.08.2021 00:45:13.859,1.3910200000000001,1.39094,1.12,0.1
04.08.2021 00:45:14.062,1.3910200000000001,1.3909500000000001,1.12,0.1
04.08.2021 00:45:18.278,1.3910200000000001,1.39094,1.12,0.1
04.08.2021 00:45:26.163,1.3910200000000001,1.3909600000000002,1.12,0.1
04.08.2021 00:45:27.376,1.3910200000000001,1.39094,1.12,1.2
04.08.2021 00:45:32.140,1.39101,1.3909200000000002,0.75,0.1
04.08.2021 00:45:32.244,1.3909600000000002,1.39088,0.75,1.5
04.08.2021 00:45:32.346,1.39094,1.39088,0.75,7.5
04.08.2021 00:45:32.398,1.39094,1.3908600000000002,0.75,1.5
04.08.2021 00:45:33.751,1.39094,1.39087,0.75,0.75
04.08.2021 00:45:33.802,1.39094,1.3909,0.75,0.75
04.08.2021 00:45:33.904,1.3909600000000002,1.39088,0.75,0.75
04.08.2021 00:45:34.005,1.3909500000000001,1.3909,0.75,0.75
04.08.2021 00:45:34.107,1.3909600000000002,1.39088,0.75,0.75
04.08.2021 00:45:35.461,1.39094,1.39087,0.75,0.75
04.08.2021 00:45:39.196,1.3909500000000001,1.3908500000000001,0.75,1.5
04.08.2021 00:45:40.418,1.39094,1.3908500000000001,0.75,0.75
04.08.2021 00:45:47.036,1.39094,1.3908600000000002,0.75,0.75
04.08.2021 00:45:47.087,1.39093,1.3908500000000001,0.75,1.5
04.08.2021 00:45:47.189,1.39091,1.39084,0.75,1.12
04.08.2021 00:45:47.292,1.3909200000000002,1.3908500000000001,0.75,0.75
04.08.2021 00:45:50.160,1.3909200000000002,1.39084,0.75,1.87
04.08.2021 00:45:51.813,1.39093,1.39084,0.75,0.75
04.08.2021 00:45:52.365,1.39093,1.3908500000000001,0.75,0.75
04.08.2021 00:45:52.914,1.3909200000000002,1.3908500000000001,0.75,0.75
04.08.2021 00:45:57.443,1.3909200000000002,1.3908200000000002,0.75,0.75
04.08.2021 00:45:57.545,1.39091,1.3908200000000002,0.75,0.75
04.08.2021 00:45:57.699,1.39089,1.3908200000000002,0.75,0.75
04.08.2021 00:45:58.513,1.39089,1.39083,0.75,0.75
04.08.2021 00:45:58.835,1.39089,1.3908200000000002,0.75,0.75
04.08.2021 00:46:00.789,1.39084,1.39079,0.75,1.57
04.08.2021 00:46:00.891,1.39084,1.39078,0.75,0.75
04.08.2021 00:46:01.000,1.39083,1.39078,0.75,0.75
04.08.2021 00:46:02.122,1.39084,1.3907500000000002,0.75,1.57
04.08.2021 00:46:02.224,1.39083,1.39077,0.75,0.75
04.08.2021 00:46:03.125,1.39083,1.39078,0.75,0.75
04.08.2021 00:46:03.282,1.39083,1.39077,0.75,0.75
04.08.2021 00:46:03.384,1.39077,1.39073,0.75,0.75
04.08.2021 00:46:03.485,1.39078,1.3907100000000001,0.75,0.45
04.08.2021 00:46:03.536,1.39077,1.39069,0.75,1.76
04.08.2021 00:46:03.638,1.39077,1.3907,0.75,0.75
04.08.2021 00:46:11.964,1.39076,1.3907,0.75,1.01
04.08.2021 00:46:12.218,1.3907500000000002,1.39069,0.75,0.1
04.08.2021 00:46:22.563,1.3907500000000002,1.39068,0.75,1.57
04.08.2021 00:46:24.010,1.3907500000000002,1.39069,0.75,0.1
04.08.2021 00:46:29.270,1.3907500000000002,1.39068,0.75,1.57
04.08.2021 00:46:38.152,1.39073,1.39068,0.75,1.57
04.08.2021 00:46:38.254,1.39074,1.39064,0.75,2.14
04.08.2021 00:46:38.406,1.39073,1.39066,0.75,0.75
04.08.2021 00:46:48.931,1.39074,1.39064,0.75,1.76
04.08.2021 00:46:49.230,1.39073,1.39066,0.75,0.75
04.08.2021 00:47:02.774,1.39073,1.3906500000000002,0.75,0.37
04.08.2021 00:47:03.028,1.39073,1.39064,0.75,1.39
04.08.2021 00:47:03.617,1.39073,1.3906500000000002,0.75,0.37
04.08.2021 00:47:11.654,1.39073,1.39066,0.75,0.75
04.08.2021 00:47:19.832,1.39073,1.3906500000000002,0.75,0.82
04.08.2021 00:47:21.239,1.39073,1.39066,0.75,0.75
04.08.2021 00:47:36.134,1.39073,1.3906500000000002,0.75,0.75
04.08.2021 00:47:36.236,1.39073,1.39064,0.75,1.76
04.08.2021 00:47:37.074,1.39074,1.39064,0.75,0.37
04.08.2021 00:47:37.330,1.39074,1.3906500000000002,0.75,0.75
04.08.2021 00:47:54.072,1.39074,1.39064,0.75,1.12
04.08.2021 00:47:59.042,1.39073,1.39066,0.75,0.75
04.08.2021 00:48:01.365,1.39074,1.39066,0.75,0.82
04.08.2021 00:48:07.292,1.39076,1.3906500000000002,0.75,0.82
04.08.2021 00:48:08.456,1.3907500000000002,1.3906500000000002,0.75,1.2
04.08.2021 00:48:11.773,1.3907500000000002,1.39066,0.75,0.1
04.08.2021 00:48:20.304,1.39077,1.3906500000000002,0.75,1.01
04.08.2021 00:48:20.413,1.39076,1.39067,0.75,0.1
04.08.2021 00:48:21.230,1.39077,1.3906500000000002,0.75,1.2
04.08.2021 00:48:21.533,1.39076,1.3906500000000002,1.01,1.12
04.08.2021 00:48:27.649,1.39076,1.39066,0.94,0.1
04.08.2021 00:48:28.065,1.39076,1.3906500000000002,0.94,1.2
04.08.2021 00:48:30.856,1.39074,1.3906500000000002,0.75,1.2
04.08.2021 00:48:34.347,1.3907200000000002,1.39064,1.87,0.82
04.08.2021 00:48:34.449,1.3906500000000002,1.3906,0.75,10.12
04.08.2021 00:48:34.601,1.39066,1.39057,0.75,0.75
04.08.2021 00:48:34.703,1.39066,1.39056,0.75,0.75
04.08.2021 00:48:34.921,1.39066,1.3905500000000002,0.75,0.82
04.08.2021 00:48:40.143,1.39066,1.39056,0.75,0.75
04.08.2021 00:48:40.288,1.3906500000000002,1.39056,0.75,0.82
04.08.2021 00:48:40.894,1.3906500000000002,1.3905500000000002,0.94,0.45
04.08.2021 00:48:45.412,1.3906500000000002,1.39056,0.75,0.1
04.08.2021 00:48:51.324,1.39066,1.39057,0.75,0.94
04.08.2021 00:48:51.426,1.39066,1.39056,0.75,0.1
04.08.2021 00:48:51.528,1.39064,1.39056,0.75,1.76
04.08.2021 00:48:51.680,1.39064,1.3905500000000002,0.75,1.39
04.08.2021 00:48:51.988,1.3906500000000002,1.39056,0.75,0.1
04.08.2021 00:48:53.813,1.3906500000000002,1.3905500000000002,0.75,0.82
04.08.2021 00:48:53.915,1.39058,1.39049,1.5,7.5
04.08.2021 00:48:54.017,1.39056,1.3905,1.5,7.5
04.08.2021 00:48:54.118,1.39056,1.39045,2.62,1.76
04.08.2021 00:48:54.220,1.39057,1.39045,2.62,0.1
04.08.2021 00:48:54.932,1.39056,1.39047,0.75,0.1
04.08.2021 00:48:55.936,1.39056,1.39046,0.75,1.57
04.08.2021 00:48:56.395,1.39056,1.39047,0.75,0.1
04.08.2021 00:48:57.043,1.39057,1.39045,0.75,1.57
04.08.2021 00:48:57.266,1.39056,1.39047,0.75,0.1
04.08.2021 00:48:57.317,1.39056,1.39049,0.75,0.37
04.08.2021 00:48:57.369,1.3906100000000001,1.39053,0.94,0.75
04.08.2021 00:48:57.472,1.3906200000000002,1.3905200000000002,2.14,1.87
04.08.2021 00:48:57.778,1.3906200000000002,1.3905100000000001,0.75,1.12
04.08.2021 00:48:58.413,1.3906100000000001,1.3905100000000001,0.75,0.75
04.08.2021 00:48:59.892,1.3906200000000002,1.3905100000000001,0.75,0.37
04.08.2021 00:49:03.407,1.3906200000000002,1.3905200000000002,1.69,1.95
04.08.2021 00:49:04.453,1.3906200000000002,1.39053,0.75,1.87
04.08.2021 00:49:04.554,1.39063,1.39053,0.94,1.12
04.08.2021 00:49:08.403,1.3906100000000001,1.3905200000000002,0.19,1.95
04.08.2021 00:49:30.126,1.3906200000000002,1.3905,0.94,3.82
04.08.2021 00:49:30.228,1.39059,1.3905,0.75,0.1
04.08.2021 00:49:47.576,1.3906,1.3905,1.87,0.82
04.08.2021 00:49:47.627,1.39064,1.39053,0.82,1.95
04.08.2021 00:49:47.728,1.3906500000000002,1.39054,0.75,0.1
04.08.2021 00:49:52.879,1.3906500000000002,1.39057,0.75,0.75
04.08.2021 00:49:52.981,1.39064,1.39056,0.19,0.1
04.08.2021 00:50:02.436,1.3906500000000002,1.39054,0.19,0.45
04.08.2021 00:50:16.888,1.3906500000000002,1.39056,0.75,0.1
04.08.2021 00:50:16.989,1.39066,1.3905500000000002,0.75,0.82
04.08.2021 00:50:32.456,1.39063,1.3905500000000002,0.75,0.1
04.08.2021 00:50:32.809,1.39064,1.39053,0.75,0.82
04.08.2021 00:50:33.301,1.39064,1.39054,0.75,0.1
04.08.2021 00:50:36.094,1.39063,1.39054,1.12,0.1
04.08.2021 00:50:37.453,1.3906200000000002,1.39054,0.37,0.1
04.08.2021 00:50:38.575,1.3906200000000002,1.39053,0.37,0.45
04.08.2021 00:50:38.873,1.3906200000000002,1.3905,0.75,2.14
04.08.2021 00:50:38.976,1.3906,1.3905,0.75,1.69
04.08.2021 00:50:39.437,1.3906100000000001,1.3905,0.75,1.69
04.08.2021 00:50:39.539,1.3906,1.3905,0.75,1.69
04.08.2021 00:50:50.816,1.3906,1.3905100000000001,0.75,0.1
04.08.2021 00:50:52.790,1.3906100000000001,1.39049,0.75,1.76
04.08.2021 00:50:56.089,1.39063,1.39053,0.37,0.37
04.08.2021 00:50:56.191,1.39063,1.39054,0.37,0.45
04.08.2021 00:50:57.011,1.39064,1.3905500000000002,0.37,1.2
04.08.2021 00:50:57.430,1.3906500000000002,1.3905500000000002,0.37,0.1
04.08.2021 00:50:58.051,1.39066,1.3905500000000002,1.12,0.1
04.08.2021 00:51:04.381,1.39066,1.39054,0.94,0.45
04.08.2021 00:51:10.862,1.39066,1.39053,1.39,1.57
04.08.2021 00:51:11.259,1.3906500000000002,1.39053,0.37,1.57
04.08.2021 00:51:14.431,1.39064,1.39053,1.76,0.75
04.08.2021 00:51:14.482,1.39058,1.3905,0.75,4.5
04.08.2021 00:51:14.583,1.39057,1.3905,0.75,0.75
04.08.2021 00:51:17.809,1.39058,1.39048,0.75,0.75
04.08.2021 00:51:17.911,1.39057,1.39048,0.75,0.75
04.08.2021 00:51:20.567,1.39058,1.39048,1.12,0.75
04.08.2021 00:51:23.066,1.39058,1.39047,1.87,1.5
04.08.2021 00:51:40.081,1.39056,1.39047,0.19,0.75
04.08.2021 00:51:40.183,1.39057,1.39045,0.19,0.1
04.08.2021 00:51:44.177,1.39057,1.39047,0.94,0.1
04.08.2021 00:51:46.257,1.39057,1.39045,0.75,2.32
04.08.2021 00:51:47.949,1.39056,1.3904400000000001,1.57,0.75
04.08.2021 00:51:50.160,1.3905500000000002,1.3904400000000001,0.75,0.37
04.08.2021 00:51:53.315,1.39053,1.3904400000000001,0.75,0.37
04.08.2021 00:51:53.468,1.39053,1.39043,0.75,1.57
04.08.2021 00:51:53.687,1.39053,1.3904400000000001,0.75,1.12
04.08.2021 00:51:53.789,1.3905500000000002,1.39043,1.5,1.12
04.08.2021 00:51:53.890,1.39054,1.39045,1.5,0.75
04.08.2021 00:51:58.513,1.3905500000000002,1.39045,1.5,0.75
04.08.2021 00:52:00.239,1.39056,1.39043,1.5,1.5
04.08.2021 00:52:00.626,1.39056,1.3904400000000001,1.5,0.37
04.08.2021 00:52:09.531,1.39054,1.39045,0.75,1.12
04.08.2021 00:52:17.278,1.3905500000000002,1.39045,1.5,1.12
04.08.2021 00:52:30.833,1.3905500000000002,1.3904400000000001,0.75,0.75
04.08.2021 00:52:30.884,1.39053,1.39043,0.75,1.57
04.08.2021 00:52:31.934,1.39054,1.39043,0.94,0.82
04.08.2021 00:52:34.073,1.39054,1.3904400000000001,0.19,0.75
04.08.2021 00:52:37.462,1.3905500000000002,1.3904400000000001,0.19,1.57
04.08.2021 00:52:42.573,1.39056,1.3904400000000001,0.19,1.2
04.08.2021 00:52:43.627,1.39056,1.39045,0.19,1.95
04.08.2021 00:53:06.889,1.39058,1.39046,0.82,1.5
04.08.2021 00:53:06.991,1.39058,1.39047,0.82,0.75
04.08.2021 00:53:18.742,1.39056,1.39048,1.2,0.75
04.08.2021 00:53:27.536,1.39056,1.39047,1.2,0.75
04.08.2021 00:53:46.610,1.3905500000000002,1.39047,0.19,0.75
04.08.2021 00:53:48.597,1.39056,1.39047,0.19,0.75
04.08.2021 00:53:56.055,1.3905500000000002,1.39047,0.19,0.75
04.08.2021 00:53:59.273,1.39056,1.39045,0.94,0.1
04.08.2021 00:54:12.978,1.39056,1.3904400000000001,0.75,2.7
04.08.2021 00:54:14.751,1.39048,1.3904200000000002,0.75,7.5
04.08.2021 00:54:14.853,1.39047,1.3904100000000001,0.75,7.5
04.08.2021 00:54:14.955,1.39046,1.39036,0.75,0.82
04.08.2021 00:54:17.018,1.39045,1.3903400000000001,0.75,0.82
04.08.2021 00:54:18.583,1.39045,1.39035,0.19,1.57
04.08.2021 00:54:21.835,1.39046,1.39035,0.94,2.7
04.08.2021 00:54:23.674,1.3904400000000001,1.39036,0.75,0.1
04.08.2021 00:54:24.099,1.39043,1.3903400000000001,0.75,0.75
04.08.2021 00:54:24.201,1.3904400000000001,1.3903400000000001,0.75,0.37
04.08.2021 00:54:24.720,1.3904400000000001,1.39035,0.94,0.45
04.08.2021 00:54:25.413,1.3904400000000001,1.39036,0.75,0.1
04.08.2021 00:54:30.460,1.3904400000000001,1.39035,0.75,1.2
04.08.2021 00:54:31.202,1.3904400000000001,1.39036,0.75,0.1
04.08.2021 00:54:34.088,1.39045,1.3903400000000001,0.75,1.2
04.08.2021 00:54:35.118,1.39036,1.39033,0.19,0.37
04.08.2021 00:54:35.169,1.39036,1.3902700000000001,0.75,8.16
04.08.2021 00:54:35.272,1.39037,1.3903100000000002,1.5,1.12
04.08.2021 00:54:35.324,1.3904100000000001,1.3903100000000002,0.75,1.12
04.08.2021 00:54:35.426,1.3904100000000001,1.3903200000000002,0.94,1.12
04.08.2021 00:54:35.579,1.3904100000000001,1.3903100000000002,0.19,1.12
04.08.2021 00:54:36.003,1.3904100000000001,1.3903200000000002,0.75,1.12
04.08.2021 00:54:36.106,1.3904100000000001,1.39033,0.75,0.75
04.08.2021 00:54:36.219,1.39035,1.39029,0.75,1.5
04.08.2021 00:54:36.320,1.39035,1.39026,0.75,4.95
04.08.2021 00:54:37.687,1.3903400000000001,1.39025,0.75,1.01
04.08.2021 00:54:40.182,1.3903200000000002,1.39024,0.19,0.75
04.08.2021 00:54:40.284,1.3903200000000002,1.39023,0.75,0.75
04.08.2021 00:54:40.790,1.39033,1.39024,0.19,0.75
04.08.2021 00:54:41.145,1.39033,1.39023,0.19,1.5
04.08.2021 00:54:41.800,1.39033,1.3902200000000002,0.94,2.32
04.08.2021 00:54:42.054,1.3903100000000002,1.3902,0.94,0.75
04.08.2021 00:54:42.156,1.39029,1.3902,0.75,0.75
04.08.2021 00:54:42.258,1.39029,1.39019,0.75,0.1
04.08.2021 00:54:42.616,1.39029,1.39018,0.75,2.32
04.08.2021 00:54:43.606,1.39033,1.3902,2.96,1.87
04.08.2021 00:54:43.707,1.3903200000000002,1.3902200000000002,1.95,0.82
04.08.2021 00:54:43.861,1.3903200000000002,1.3902100000000002,0.75,0.82
04.08.2021 00:54:44.646,1.39033,1.39023,0.94,0.82
04.08.2021 00:54:44.750,1.39033,1.39024,0.94,0.1
04.08.2021 00:54:44.953,1.39026,1.3902200000000002,0.19,0.75
04.08.2021 00:54:45.004,1.39026,1.39018,0.19,4.57
04.08.2021 00:54:45.055,1.39028,1.39018,0.94,0.1
04.08.2021 00:54:46.005,1.3902700000000001,1.3901700000000001,0.19,1.76
04.08.2021 00:54:46.057,1.39026,1.39016,0.19,0.75
04.08.2021 00:54:46.107,1.39024,1.39015,0.19,1.57
04.08.2021 00:54:46.692,1.39025,1.39015,0.19,0.1
04.08.2021 00:54:47.361,1.39024,1.39015,0.94,0.1
04.08.2021 00:54:48.689,1.39025,1.39015,0.75,0.1
04.08.2021 00:54:48.791,1.39024,1.39015,0.75,1.57
04.08.2021 00:54:49.147,1.39018,1.39015,0.75,0.75
04.08.2021 00:54:49.199,1.39024,1.39014,0.75,0.75
04.08.2021 00:54:49.301,1.39023,1.3901200000000002,0.75,1.5
04.08.2021 00:54:49.453,1.39023,1.3901100000000002,0.75,1.5
04.08.2021 00:54:49.607,1.39018,1.3901100000000002,0.94,0.75
04.08.2021 00:54:49.709,1.39015,1.3900700000000001,0.75,2.06
04.08.2021 00:54:50.475,1.39015,1.39006,0.75,0.19
04.08.2021 00:54:51.671,1.3902,1.39009,2.21,1.87
04.08.2021 00:54:51.773,1.3902100000000002,1.39009,1.2,0.75
04.08.2021 00:54:51.875,1.3902200000000002,1.3901000000000001,0.75,1.87
04.08.2021 00:54:51.925,1.39019,1.3901100000000002,0.75,1.87
04.08.2021 00:54:52.838,1.3902200000000002,1.3901100000000002,1.01,1.5
04.08.2021 00:54:52.990,1.39024,1.3901200000000002,0.94,0.75
04.08.2021 00:54:53.091,1.39024,1.39014,1.87,0.75
04.08.2021 00:54:54.015,1.39023,1.39013,0.75,1.57
04.08.2021 00:54:54.353,1.3902,1.3901200000000002,0.75,0.75
04.08.2021 00:54:54.404,1.3902100000000002,1.3901200000000002,0.94,1.12
04.08.2021 00:54:54.709,1.3902200000000002,1.3901200000000002,0.94,1.39
04.08.2021 00:54:54.810,1.3902200000000002,1.39013,0.94,0.1
04.08.2021 00:54:55.164,1.39023,1.39014,0.19,0.75
04.08.2021 00:54:55.468,1.39025,1.39013,0.94,1.01
04.08.2021 00:54:55.599,1.39025,1.39014,0.75,0.1
04.08.2021 00:54:56.842,1.39025,1.39016,0.75,1.5
04.08.2021 00:54:59.242,1.3902,1.39014,1.87,0.75
04.08.2021 00:54:59.344,1.3902100000000002,1.3901100000000002,0.19,3.56
04.08.2021 00:54:59.395,1.3902100000000002,1.39013,0.19,0.75
04.08.2021 00:54:59.496,1.3902200000000002,1.3901100000000002,0.19,1.95
04.08.2021 00:55:00.054,1.3902200000000002,1.3901200000000002,1.12,1.95
04.08.2021 00:55:00.156,1.39023,1.3901200000000002,0.19,0.82
04.08.2021 00:55:00.409,1.3902200000000002,1.3901200000000002,1.12,1.2
04.08.2021 00:55:00.511,1.3902200000000002,1.3901200000000002,0.19,2.25
04.08.2021 00:55:00.614,1.3901100000000002,1.39006,0.94,2.25
04.08.2021 00:55:00.666,1.39009,1.3900000000000001,0.19,1.87
04.08.2021 00:55:00.717,1.3901200000000002,1.39006,0.82,1.12
04.08.2021 00:55:00.820,1.39014,1.39004,1.5,1.5
04.08.2021 00:55:00.922,1.39016,1.39005,1.2,0.75
04.08.2021 00:55:01.075,1.3901700000000001,1.39005,1.01,0.75
04.08.2021 00:55:01.176,1.39018,1.39006,2.02,0.75
04.08.2021 00:55:01.278,1.39019,1.39009,1.09,1.5
04.08.2021 00:55:01.380,1.3902200000000002,1.39015,0.37,0.75
04.08.2021 00:55:01.431,1.39024,1.39015,1.76,0.75
04.08.2021 00:55:01.634,1.39026,1.39015,0.19,0.75
04.08.2021 00:55:01.735,1.39025,1.39015,0.19,1.5
04.08.2021 00:55:01.837,1.3902700000000001,1.39015,0.94,0.75
04.08.2021 00:55:03.955,1.39025,1.39016,0.19,0.75
04.08.2021 00:55:06.303,1.39023,1.39016,0.75,0.75
04.08.2021 00:55:11.264,1.39024,1.39014,0.75,0.82
04.08.2021 00:55:11.366,1.3902200000000002,1.39015,0.75,0.82
04.08.2021 00:55:13.781,1.39023,1.39015,0.75,0.82
04.08.2021 00:55:20.825,1.39023,1.39016,0.75,0.1
04.08.2021 00:55:21.697,1.39023,1.39015,0.75,0.82
04.08.2021 00:55:24.800,1.39023,1.39016,0.75,0.75
04.08.2021 00:55:26.099,1.39024,1.39016,0.75,0.75
04.08.2021 00:55:54.856,1.39025,1.39019,0.75,0.75
04.08.2021 00:55:54.982,1.39024,1.39018,0.75,0.75
04.08.2021 00:55:55.523,1.39024,1.39016,0.75,0.75
04.08.2021 00:56:03.370,1.39025,1.39016,0.75,0.75
04.08.2021 00:56:06.831,1.39026,1.39016,2.62,0.75
04.08.2021 00:56:10.353,1.39026,1.3901700000000001,1.87,0.75
04.08.2021 00:56:10.454,1.39026,1.39016,2.62,0.75
04.08.2021 00:56:10.556,1.39025,1.39016,0.75,0.75
04.08.2021 00:56:22.474,1.39026,1.39016,1.5,0.82
04.08.2021 00:56:41.370,1.3902700000000001,1.3901700000000001,1.69,1.5
04.08.2021 00:56:41.472,1.3903100000000002,1.3902700000000001,0.1,0.75
04.08.2021 00:56:41.574,1.3903400000000001,1.3902700000000001,7.5,0.1
04.08.2021 00:56:41.625,1.39037,1.39026,0.94,0.1
04.08.2021 00:56:45.118,1.39037,1.39028,0.75,2.31
04.08.2021 00:56:45.169,1.39043,1.3903400000000001,1.5,0.75
04.08.2021 00:56:45.272,1.39043,1.39035,0.19,0.82
04.08.2021 00:56:57.415,1.3904200000000002,1.39033,1.31,0.82
04.08.2021 00:56:57.465,1.3904400000000001,1.3903400000000001,0.19,0.1
04.08.2021 00:57:02.354,1.3904400000000001,1.39033,0.19,1.2
04.08.2021 00:57:02.456,1.3904400000000001,1.3903400000000001,0.19,0.1
04.08.2021 00:57:15.061,1.39043,1.39036,0.19,0.75
04.08.2021 00:57:15.293,1.3904400000000001,1.39036,0.19,0.75
04.08.2021 00:57:19.669,1.39045,1.39036,0.94,0.75
04.08.2021 00:57:21.191,1.39045,1.39037,0.19,0.75
04.08.2021 00:57:30.131,1.3904400000000001,1.39036,2.7,0.75
04.08.2021 00:57:30.233,1.39043,1.39035,3.07,0.75
04.08.2021 00:57:30.334,1.3904400000000001,1.39035,0.94,0.75
04.08.2021 00:57:30.639,1.3904200000000002,1.39036,0.19,0.75
04.08.2021 00:57:32.163,1.3904,1.39036,0.19,0.75
04.08.2021 00:57:32.214,1.39035,1.3903,0.19,0.37
04.08.2021 00:57:32.265,1.3903400000000001,1.39029,0.19,0.75
04.08.2021 00:57:32.367,1.39033,1.39028,0.19,0.75
04.08.2021 00:57:43.635,1.39036,1.39028,0.64,0.75
04.08.2021 00:58:05.102,1.39036,1.39029,0.19,0.75
04.08.2021 00:58:05.204,1.39037,1.39029,0.26,0.75
04.08.2021 00:58:10.097,1.39038,1.3903400000000001,0.1,0.75
04.08.2021 00:58:10.148,1.3904200000000002,1.39035,0.82,0.75
04.08.2021 00:58:10.249,1.3904400000000001,1.3903400000000001,0.19,0.75
04.08.2021 00:58:19.517,1.3904200000000002,1.39033,0.19,0.75
04.08.2021 00:58:19.568,1.3904200000000002,1.39035,0.37,0.75
04.08.2021 00:58:19.669,1.3904400000000001,1.3903400000000001,0.19,0.75
04.08.2021 00:58:24.318,1.39043,1.39033,0.56,0.75
04.08.2021 00:58:24.369,1.3904100000000001,1.3903100000000002,1.87,0.75
04.08.2021 00:58:24.470,1.3904,1.3903,1.2,0.37
04.08.2021 00:58:24.672,1.3904100000000001,1.39028,1.2,3
04.08.2021 00:58:25.307,1.3904,1.3903,1.2,0.75
04.08.2021 00:58:25.796,1.3904100000000001,1.39028,1.2,2.25
04.08.2021 00:58:28.407,1.3904,1.3903,2.32,0.75
04.08.2021 00:58:30.383,1.3904100000000001,1.39028,1.95,1.5
04.08.2021 00:58:34.037,1.39039,1.39029,0.75,0.75
04.08.2021 00:58:34.139,1.3904,1.3902700000000001,0.75,2.25
04.08.2021 00:58:37.218,1.3904,1.39028,1.12,0.75
04.08.2021 00:58:38.371,1.39039,1.39028,1.12,2.32
04.08.2021 00:58:42.672,1.39038,1.39026,1.87,1.5
04.08.2021 00:58:42.826,1.39036,1.3902700000000001,1.12,0.75
04.08.2021 00:58:46.514,1.39037,1.3902700000000001,1.12,1.5
04.08.2021 00:58:48.973,1.39037,1.39026,0.1,0.75
04.08.2021 00:58:50.896,1.39036,1.39026,0.1,0.75
04.08.2021 00:59:22.993,1.3903100000000002,1.3902700000000001,0.19,0.75
04.08.2021 00:59:23.095,1.3903200000000002,1.39024,0.19,0.75
04.08.2021 00:59:26.241,1.3903,1.39025,0.19,0.75
04.08.2021 00:59:26.343,1.3903100000000002,1.3902200000000002,0.19,0.75
04.08.2021 00:59:26.596,1.3903100000000002,1.39023,0.19,0.75
04.08.2021 00:59:32.194,1.3903100000000002,1.3902200000000002,0.19,0.75
04.08.2021 00:59:32.296,1.3903100000000002,1.3902100000000002,0.19,0.37
04.08.2021 00:59:32.433,1.3903100000000002,1.3902,0.19,3.37
04.08.2021 00:59:34.195,1.3903,1.3902200000000002,0.19,0.75
04.08.2021 00:59:34.296,1.3903100000000002,1.3902200000000002,0.19,0.75
04.08.2021 00:59:34.398,1.3903100000000002,1.3902100000000002,0.19,0.75
04.08.2021 00:59:37.026,1.3903,1.39023,0.19,0.75
04.08.2021 00:59:37.128,1.3903,1.3902200000000002,0.19,1.5
04.08.2021 00:59:38.994,1.39033,1.3902200000000002,0.19,0.75
04.08.2021 00:59:39.111,1.3903200000000002,1.3902200000000002,0.19,6
04.08.2021 00:59:41.707,1.3903,1.3902200000000002,0.19,4.5
04.08.2021 00:59:42.063,1.39029,1.39019,0.94,0.75
04.08.2021 00:59:42.217,1.39028,1.39019,0.19,0.75
04.08.2021 00:59:42.320,1.3902700000000001,1.39018,0.75,0.75
