Gmt time,Ask,Bid,AskVolume,BidVolume
06.08.2021 00:00:00.097,0.7048300000000001,0.70472,1.69,1
06.08.2021 00:00:00.198,0.7048300000000001,0.70475,1.69,1
06.08.2021 00:00:00.502,0.70481,0.70475,1.25,1
06.08.2021 00:00:00.654,0.7048,0.70475,1,1
06.08.2021 00:00:00.969,0.7048,0.70467,1,1.31
06.08.2021 00:00:02.529,0.7048,0.7046800000000001,1,1
06.08.2021 00:00:05.030,0.7048,0.7047300000000001,1,1
06.08.2021 00:00:05.182,0.7048,0.7047,1.25,1
06.08.2021 00:00:05.283,0.7048,0.7047300000000001,1,1
06.08.2021 00:00:05.723,0.70481,0.70474,1,1
06.08.2021 00:00:10.460,0.70481,0.7047300000000001,1.12,1
06.08.2021 00:00:11.358,0.70481,0.70474,1,1
06.08.2021 00:00:13.934,0.7048,0.7047300000000001,1.25,1
06.08.2021 00:00:14.331,0.70481,0.7047300000000001,1.69,1
06.08.2021 00:00:20.723,0.70484,0.70469,2,3.19
06.08.2021 00:00:20.774,0.7048500000000001,0.7047100000000001,1.5,1
06.08.2021 00:00:20.875,0.70486,0.70476,1.12,1
06.08.2021 00:00:21.027,0.70487,0.70476,1.5,1
06.08.2021 00:00:21.560,0.7048800000000001,0.70476,2.81,1
06.08.2021 00:00:22.209,0.7048800000000001,0.70477,1.69,1
06.08.2021 00:00:22.397,0.70487,0.70477,1,1
06.08.2021 00:00:22.523,0.7048800000000001,0.70477,1.69,1
06.08.2021 00:00:22.776,0.70489,0.7048,1.5,1
06.08.2021 00:00:26.017,0.70489,0.70479,1,1
06.08.2021 00:00:33.661,0.7049000000000001,0.7048,1.5,1
06.08.2021 00:00:36.802,0.70489,0.7048,1,1
06.08.2021 00:00:37.274,0.70489,0.70481,1.69,1
06.08.2021 00:00:44.547,0.7049000000000001,0.70479,1.5,1
06.08.2021 00:00:46.358,0.70489,0.70479,1,1
06.08.2021 00:00:46.459,0.7049000000000001,0.70479,1.5,1
06.08.2021 00:00:46.561,0.7049000000000001,0.7047800000000001,2.25,1
06.08.2021 00:00:48.229,0.7049000000000001,0.70479,1.5,1
06.08.2021 00:00:48.381,0.7049000000000001,0.7047800000000001,2.25,1
06.08.2021 00:00:48.483,0.7049000000000001,0.70479,1.5,1
06.08.2021 00:00:52.189,0.70489,0.7047800000000001,1,1
06.08.2021 00:00:52.835,0.7048800000000001,0.70477,2.25,1
06.08.2021 00:00:52.936,0.70489,0.7047800000000001,1.5,1
06.08.2021 00:00:53.088,0.70489,0.70479,1,1
06.08.2021 00:01:03.875,0.7049000000000001,0.70479,2.25,1
06.08.2021 00:01:10.874,0.70489,0.70479,1.5,1
06.08.2021 00:01:10.975,0.7049000000000001,0.70479,2.25,1
06.08.2021 00:01:13.556,0.70491,0.70482,1,1
06.08.2021 00:01:13.657,0.70491,0.7048300000000001,1,1
06.08.2021 00:01:13.708,0.7049500000000001,0.7048300000000001,1.5,1
06.08.2021 00:01:15.953,0.7049500000000001,0.70484,1,1
06.08.2021 00:01:16.280,0.70496,0.70484,1,1
06.08.2021 00:01:17.281,0.70496,0.7048500000000001,1,1
06.08.2021 00:01:20.951,0.7049500000000001,0.70484,1,1
06.08.2021 00:01:21.053,0.70494,0.70482,1.5,1
06.08.2021 00:01:21.204,0.7049300000000001,0.70482,1,1
06.08.2021 00:01:23.951,0.70492,0.70482,1,1
06.08.2021 00:01:26.145,0.70491,0.70482,1,1
06.08.2021 00:01:27.743,0.7049300000000001,0.7048500000000001,1,1
06.08.2021 00:01:27.794,0.7049500000000001,0.70486,1,1
06.08.2021 00:01:27.845,0.70497,0.7048800000000001,1.5,1
06.08.2021 00:01:27.946,0.70499,0.7048800000000001,1.5,1
06.08.2021 00:01:28.047,0.70499,0.70489,1.5,1
06.08.2021 00:01:28.301,0.70499,0.7049000000000001,1,1
06.08.2021 00:01:33.920,0.70498,0.7049000000000001,1,1
06.08.2021 00:01:34.813,0.7050000000000001,0.70489,1.25,1
06.08.2021 00:01:46.278,0.70503,0.7049500000000001,1.5,3
06.08.2021 00:01:46.430,0.70503,0.70496,1.5,1
06.08.2021 00:01:46.481,0.7051000000000001,0.70499,1.12,1
06.08.2021 00:01:48.063,0.7051000000000001,0.7050000000000001,1,1
06.08.2021 00:01:49.281,0.7051000000000001,0.70499,1.69,1
06.08.2021 00:01:50.494,0.7051100000000001,0.70499,1.87,1
06.08.2021 00:01:50.611,0.7051100000000001,0.7050000000000001,2.12,1
06.08.2021 00:01:50.712,0.7051100000000001,0.7050000000000001,1.87,1
06.08.2021 00:01:50.914,0.7051100000000001,0.7050000000000001,3.81,1
06.08.2021 00:01:51.015,0.7051100000000001,0.7050000000000001,1.87,1
06.08.2021 00:01:51.425,0.7051000000000001,0.7050000000000001,1.25,1
06.08.2021 00:01:51.526,0.7051100000000001,0.7050000000000001,2.62,1
06.08.2021 00:01:52.885,0.7051100000000001,0.7050000000000001,4.56,1
06.08.2021 00:01:52.987,0.7051000000000001,0.70501,2.25,1
06.08.2021 00:01:53.089,0.7051100000000001,0.7050000000000001,4.19,1
06.08.2021 00:01:53.190,0.7051100000000001,0.7050000000000001,2.25,1
06.08.2021 00:02:00.266,0.7051100000000001,0.70503,1.5,1
06.08.2021 00:02:00.367,0.70514,0.70502,1,1
06.08.2021 00:02:08.412,0.70515,0.70503,1.5,1
06.08.2021 00:02:11.316,0.70512,0.7050000000000001,1,1.5
06.08.2021 00:02:11.418,0.7051000000000001,0.70499,1,1
06.08.2021 00:02:12.064,0.70509,0.70499,1,1
06.08.2021 00:02:12.165,0.70508,0.70498,1,1
06.08.2021 00:02:12.266,0.70508,0.70497,1,1
06.08.2021 00:02:14.471,0.70508,0.70496,1.5,1
06.08.2021 00:02:14.572,0.70507,0.70496,1,1
06.08.2021 00:02:19.582,0.70507,0.7049500000000001,1.5,1
06.08.2021 00:02:26.171,0.70507,0.70497,1.5,1
06.08.2021 00:02:26.382,0.70509,0.70499,3,1
06.08.2021 00:02:26.503,0.70509,0.7050000000000001,1,1
06.08.2021 00:02:26.604,0.7051100000000001,0.70499,2.25,1
06.08.2021 00:02:27.957,0.70509,0.70499,1,1
06.08.2021 00:02:28.793,0.7051000000000001,0.70499,1.5,1
06.08.2021 00:02:32.977,0.7051100000000001,0.70499,1.87,1
06.08.2021 00:02:33.078,0.7051100000000001,0.70501,2.25,1
06.08.2021 00:02:34.424,0.70512,0.70501,1.5,1
06.08.2021 00:02:36.507,0.70514,0.70502,2.62,1
06.08.2021 00:02:36.608,0.70515,0.70503,1.12,1
06.08.2021 00:02:36.995,0.70515,0.7050500000000001,1.12,1
06.08.2021 00:02:43.373,0.70518,0.7050500000000001,1,1
06.08.2021 00:02:43.474,0.70518,0.70506,1,1
06.08.2021 00:02:47.237,0.70519,0.70506,2.62,1
06.08.2021 00:02:47.338,0.7052,0.70507,3,1
06.08.2021 00:02:49.856,0.7052,0.70508,1.5,1
06.08.2021 00:02:51.159,0.70519,0.7051000000000001,1,1
06.08.2021 00:02:51.260,0.7052100000000001,0.70509,1.5,1
06.08.2021 00:03:13.301,0.7052,0.7051000000000001,2.5,1
06.08.2021 00:03:13.535,0.70519,0.70508,1,1
06.08.2021 00:03:13.636,0.70518,0.70508,1,1
06.08.2021 00:03:14.048,0.70518,0.70506,3.75,1
06.08.2021 00:03:14.149,0.70518,0.70508,1.5,1
06.08.2021 00:03:24.125,0.70519,0.70509,2.25,1
06.08.2021 00:03:29.624,0.70519,0.70508,1,1
06.08.2021 00:03:32.635,0.70519,0.70507,1.5,1
06.08.2021 00:03:45.631,0.70518,0.70506,1,1
06.08.2021 00:03:45.907,0.70513,0.7050500000000001,1,1
06.08.2021 00:03:46.008,0.7051100000000001,0.7050000000000001,1,1
06.08.2021 00:03:46.110,0.7051000000000001,0.70499,1,2.25
06.08.2021 00:03:46.211,0.7051000000000001,0.70498,1,1.69
06.08.2021 00:03:47.436,0.7051000000000001,0.70499,1,1
06.08.2021 00:04:05.310,0.70512,0.70501,1,1
06.08.2021 00:04:05.412,0.70513,0.70502,1,1
06.08.2021 00:04:05.514,0.7051600000000001,0.70504,1.5,1
06.08.2021 00:04:05.565,0.7051600000000001,0.70507,1,1
06.08.2021 00:04:05.667,0.70518,0.70507,1.12,1
06.08.2021 00:04:05.768,0.70517,0.70506,1,1
06.08.2021 00:04:19.624,0.70517,0.70508,1,1
06.08.2021 00:04:19.776,0.70519,0.70508,1,1
06.08.2021 00:04:25.845,0.7052,0.70508,1.5,1
06.08.2021 00:04:59.545,0.70519,0.70508,1,1
06.08.2021 00:05:06.006,0.70517,0.70508,1,1
06.08.2021 00:05:06.549,0.7051600000000001,0.7050500000000001,1,1
06.08.2021 00:05:06.650,0.70518,0.70507,1,1
06.08.2021 00:05:18.262,0.70517,0.70506,1,1.69
06.08.2021 00:05:19.924,0.70517,0.70506,1,1.75
06.08.2021 00:05:20.076,0.70518,0.70507,1,1.25
06.08.2021 00:05:24.248,0.70519,0.70508,1.5,1
06.08.2021 00:05:26.735,0.70518,0.70507,1,1.25
06.08.2021 00:05:45.909,0.70517,0.70508,1,1.75
06.08.2021 00:05:46.513,0.70517,0.70509,1,1.25
06.08.2021 00:05:47.229,0.70519,0.70508,1,2.5
06.08.2021 00:05:47.331,0.7052,0.70509,1,1.69
06.08.2021 00:05:51.841,0.70519,0.70508,1,2.87
06.08.2021 00:05:59.421,0.70519,0.70508,1,2.44
06.08.2021 00:06:05.595,0.70514,0.70504,2.25,1
06.08.2021 00:06:05.697,0.70508,0.70498,1,1
06.08.2021 00:06:05.799,0.70506,0.70496,1,1.5
06.08.2021 00:06:06.458,0.7050500000000001,0.70498,1,1.25
06.08.2021 00:06:06.626,0.70506,0.70496,1,1.25
06.08.2021 00:06:07.624,0.70507,0.70497,1,1
06.08.2021 00:06:08.508,0.70508,0.70498,1,1
06.08.2021 00:06:23.451,0.70508,0.7050000000000001,1,1.5
06.08.2021 00:06:25.084,0.7051000000000001,0.7050000000000001,1,1
06.08.2021 00:06:26.855,0.7051100000000001,0.70501,1.5,1
06.08.2021 00:06:28.618,0.70512,0.70501,1.5,1.69
06.08.2021 00:06:31.684,0.7051100000000001,0.70501,1,1.69
06.08.2021 00:06:37.312,0.70513,0.70503,1,1.5
06.08.2021 00:06:38.079,0.70515,0.7050500000000001,1,1
06.08.2021 00:06:38.181,0.7051600000000001,0.70506,1.5,1
06.08.2021 00:06:39.069,0.7051600000000001,0.70507,1.5,1
06.08.2021 00:06:45.532,0.70518,0.70508,1,1
06.08.2021 00:06:58.873,0.70519,0.70509,1,1
06.08.2021 00:07:04.238,0.7052,0.7051000000000001,1.5,1
06.08.2021 00:07:15.049,0.70519,0.70509,1,1
06.08.2021 00:07:18.488,0.70515,0.70503,1.25,4.14
06.08.2021 00:07:18.539,0.70513,0.70504,1,1
06.08.2021 00:07:18.691,0.70514,0.70504,1,1
06.08.2021 00:07:19.048,0.70514,0.7050500000000001,1,1
06.08.2021 00:07:19.150,0.70513,0.70504,1,1
06.08.2021 00:07:19.955,0.70514,0.70504,1,1
06.08.2021 00:07:20.106,0.70514,0.7050500000000001,1,1
06.08.2021 00:07:20.427,0.7051100000000001,0.70501,1,2
06.08.2021 00:07:20.631,0.7051100000000001,0.70501,1,1
06.08.2021 00:07:24.623,0.7051100000000001,0.70502,1,1.25
06.08.2021 00:07:24.725,0.70513,0.70506,1,1
06.08.2021 00:07:24.827,0.70515,0.70506,1,1
06.08.2021 00:07:26.089,0.70512,0.70503,1,1
06.08.2021 00:07:26.190,0.70513,0.70503,1,1
06.08.2021 00:07:28.393,0.70513,0.70504,1,1
06.08.2021 00:07:29.511,0.70514,0.7050500000000001,1,1
06.08.2021 00:07:32.144,0.7051100000000001,0.70502,1,1
06.08.2021 00:07:32.246,0.70512,0.70502,1,1
06.08.2021 00:07:32.543,0.7051100000000001,0.70502,1,1
06.08.2021 00:07:33.334,0.70512,0.70502,1,1
06.08.2021 00:07:33.435,0.7051100000000001,0.70502,1,1
06.08.2021 00:07:34.790,0.70512,0.70502,1,1
06.08.2021 00:07:36.684,0.7051000000000001,0.70503,1,1
06.08.2021 00:07:39.539,0.70512,0.70502,1,1
06.08.2021 00:07:40.842,0.7051000000000001,0.70501,1,1
06.08.2021 00:07:41.696,0.70512,0.70502,1,1
06.08.2021 00:07:42.203,0.70513,0.70503,1,1
06.08.2021 00:07:42.304,0.70513,0.7050500000000001,1,1
06.08.2021 00:07:42.890,0.70513,0.70506,1,1
06.08.2021 00:07:42.991,0.70515,0.70506,1,1
06.08.2021 00:07:45.753,0.7051600000000001,0.70507,1,1
06.08.2021 00:07:47.136,0.70517,0.70507,1,1
06.08.2021 00:07:48.061,0.70517,0.70508,1,1
06.08.2021 00:07:50.267,0.70518,0.70508,1,1
06.08.2021 00:07:50.649,0.70519,0.70509,1,1
06.08.2021 00:07:53.915,0.70517,0.70509,1,1
06.08.2021 00:07:55.108,0.70518,0.70508,1.5,1
06.08.2021 00:07:55.305,0.70518,0.70508,1,1
06.08.2021 00:08:00.106,0.70517,0.7051000000000001,1,1
06.08.2021 00:08:06.433,0.7052,0.70512,1,1
06.08.2021 00:08:06.534,0.7052200000000001,0.70512,1,1
06.08.2021 00:08:08.550,0.70523,0.70513,1,1
06.08.2021 00:08:08.601,0.70519,0.7051000000000001,1,1
06.08.2021 00:08:08.753,0.70519,0.70509,1,1
06.08.2021 00:08:14.712,0.70518,0.70509,1,1
06.08.2021 00:08:45.741,0.70518,0.70508,1,1.25
06.08.2021 00:08:46.209,0.70517,0.7051000000000001,1,1
06.08.2021 00:08:47.976,0.70518,0.70508,1,1.25
06.08.2021 00:08:48.121,0.70517,0.70507,1,1.75
06.08.2021 00:08:48.313,0.70517,0.70507,1,1.25
06.08.2021 00:08:53.885,0.70518,0.70508,1,1
06.08.2021 00:08:53.986,0.7051600000000001,0.70508,1,1.69
06.08.2021 00:08:54.088,0.70518,0.70508,1,1.69
06.08.2021 00:09:04.581,0.70519,0.70509,1,1.31
06.08.2021 00:09:04.683,0.70519,0.7051100000000001,1,1.25
06.08.2021 00:09:04.784,0.70519,0.70512,1,1.25
06.08.2021 00:09:05.964,0.70517,0.70508,1,1.75
06.08.2021 00:09:06.066,0.70517,0.70508,1,1.25
06.08.2021 00:09:06.361,0.70517,0.70507,1,1.69
06.08.2021 00:09:15.736,0.70517,0.70506,1,2.44
06.08.2021 00:09:15.837,0.70515,0.70507,1,2.44
06.08.2021 00:09:16.361,0.70514,0.70504,1,3.25
06.08.2021 00:09:16.462,0.70515,0.7050500000000001,1,1.25
06.08.2021 00:09:20.756,0.70515,0.70504,1,2.06
06.08.2021 00:09:21.498,0.70514,0.70503,1,1
06.08.2021 00:09:25.186,0.70513,0.70502,1,2.06
06.08.2021 00:09:27.463,0.7051100000000001,0.70503,1,1.25
06.08.2021 00:09:31.924,0.7051000000000001,0.70503,1,1.25
06.08.2021 00:09:32.029,0.70512,0.70502,1,1.25
06.08.2021 00:09:38.606,0.70513,0.70504,1,1
06.08.2021 00:09:52.043,0.70512,0.70503,1,1.69
06.08.2021 00:09:53.089,0.70509,0.70501,1,1
06.08.2021 00:09:53.291,0.7051000000000001,0.70502,1,1.25
06.08.2021 00:09:53.392,0.70512,0.70502,1,1
06.08.2021 00:10:03.097,0.70512,0.70498,1.5,2.75
06.08.2021 00:10:03.198,0.70508,0.70498,1,1.5
06.08.2021 00:10:03.684,0.70507,0.70498,1,1
06.08.2021 00:10:03.786,0.70507,0.70497,1,1
06.08.2021 00:10:06.746,0.70506,0.70497,1,1.25
06.08.2021 00:10:19.845,0.70504,0.70496,1,2.12
06.08.2021 00:10:23.579,0.7050500000000001,0.7049500000000001,1,2.87
06.08.2021 00:10:26.944,0.70504,0.7049500000000001,1,2.87
06.08.2021 00:10:48.442,0.70506,0.70497,1,1.25
06.08.2021 00:11:39.815,0.70503,0.7049500000000001,1,1.87
06.08.2021 00:11:40.315,0.70503,0.70494,1,1.25
06.08.2021 00:11:40.467,0.70502,0.70494,1,1.25
06.08.2021 00:11:44.369,0.70501,0.70489,1.5,1.62
06.08.2021 00:11:44.419,0.70496,0.7048800000000001,1,2.25
06.08.2021 00:11:44.470,0.70498,0.7048800000000001,1.5,2.25
06.08.2021 00:11:44.571,0.7049300000000001,0.7048500000000001,1,1.25
06.08.2021 00:11:44.672,0.7049300000000001,0.70484,1,1.25
06.08.2021 00:11:45.964,0.7049300000000001,0.70484,1,1.25
06.08.2021 00:11:46.113,0.7049300000000001,0.70484,1,1.25
06.08.2021 00:11:47.629,0.7049300000000001,0.70484,1,1.25
06.08.2021 00:11:48.074,0.70492,0.7048300000000001,1,2.12
06.08.2021 00:11:48.175,0.7048800000000001,0.70482,1,1.25
06.08.2021 00:11:51.224,0.70486,0.70477,1,2.12
06.08.2021 00:11:51.819,0.70489,0.70477,1.5,1.37
06.08.2021 00:11:51.972,0.7048300000000001,0.70477,1,1.25
06.08.2021 00:11:52.619,0.7048300000000001,0.70477,1,1.25
06.08.2021 00:11:54.235,0.70484,0.70476,1,1.25
06.08.2021 00:11:54.336,0.70484,0.70475,1,1.31
06.08.2021 00:11:57.988,0.7048500000000001,0.70475,1,1
06.08.2021 00:12:12.799,0.70487,0.70476,1,1
06.08.2021 00:12:40.548,0.7048800000000001,0.70476,1.5,1.69
06.08.2021 00:12:41.566,0.7048800000000001,0.70477,1.5,1.25
06.08.2021 00:13:38.542,0.70487,0.70477,1,2.44
06.08.2021 00:13:45.121,0.7048800000000001,0.70477,1,1.25
06.08.2021 00:13:58.812,0.7048800000000001,0.70476,1,2.25
06.08.2021 00:14:17.974,0.70486,0.70477,1,1.5
06.08.2021 00:15:01.497,0.7048800000000001,0.70476,1,1.5
06.08.2021 00:15:12.761,0.7048800000000001,0.70476,1,1.75
06.08.2021 00:15:15.625,0.7049000000000001,0.7048,1,1
06.08.2021 00:15:15.676,0.70492,0.7048,1,1
06.08.2021 00:15:15.726,0.7049500000000001,0.70484,1,1.69
06.08.2021 00:15:15.828,0.70496,0.70484,1,2.81
06.08.2021 00:15:15.929,0.70496,0.70486,1.5,1
06.08.2021 00:15:22.266,0.70497,0.70487,1,1
06.08.2021 00:15:27.926,0.70497,0.7048500000000001,2.44,1
06.08.2021 00:15:27.977,0.7049500000000001,0.7048300000000001,1,1.5
06.08.2021 00:15:28.079,0.70491,0.70479,1.5,3
06.08.2021 00:15:28.180,0.70489,0.70479,1.5,1.25
06.08.2021 00:15:28.284,0.7048800000000001,0.7047800000000001,1,1.75
06.08.2021 00:15:33.956,0.70492,0.70481,1.5,1
06.08.2021 00:15:34.058,0.70492,0.70482,1,1.69
06.08.2021 00:15:58.830,0.70494,0.70482,1,1
06.08.2021 00:16:19.544,0.70494,0.70481,1,1.25
06.08.2021 00:16:33.893,0.70497,0.7048500000000001,1.5,1
06.08.2021 00:16:47.313,0.70498,0.70486,1.5,1
06.08.2021 00:17:17.214,0.70496,0.70484,1,1.31
06.08.2021 00:17:17.315,0.7049500000000001,0.7048300000000001,1,1.75
06.08.2021 00:17:35.751,0.70496,0.70484,1,1.25
06.08.2021 00:17:42.192,0.7049500000000001,0.7048300000000001,1,1.25
06.08.2021 00:17:50.608,0.70491,0.70479,2.25,1
06.08.2021 00:17:50.659,0.7049000000000001,0.70477,1.5,1.31
06.08.2021 00:17:50.761,0.70489,0.70476,1,2.25
06.08.2021 00:17:53.326,0.70489,0.70476,1,1.12
06.08.2021 00:18:14.178,0.70489,0.70476,1,1.75
06.08.2021 00:18:19.348,0.70489,0.70476,1,1.5
06.08.2021 00:18:22.508,0.7048800000000001,0.70476,1,1
06.08.2021 00:19:03.662,0.70487,0.70475,1.69,1
06.08.2021 00:19:03.713,0.70484,0.7047100000000001,1,6
06.08.2021 00:19:03.764,0.7048300000000001,0.7047100000000001,1,1.75
06.08.2021 00:19:03.916,0.7048300000000001,0.7047100000000001,1,1.25
06.08.2021 00:19:07.543,0.70484,0.7047100000000001,1,1.25
06.08.2021 00:19:25.832,0.70482,0.7047100000000001,1,2.44
06.08.2021 00:19:40.977,0.70481,0.7046800000000001,1.5,1.75
06.08.2021 00:19:41.079,0.70481,0.7046800000000001,1.5,1.69
06.08.2021 00:19:44.941,0.70481,0.70469,1.5,1
06.08.2021 00:19:46.112,0.7047800000000001,0.7046600000000001,1,1.87
06.08.2021 00:19:54.632,0.7047800000000001,0.70465,1,1.87
06.08.2021 00:20:02.435,0.70477,0.70465,1.69,1
06.08.2021 00:20:04.304,0.70477,0.70465,3.25,1
06.08.2021 00:20:04.568,0.7047,0.70462,1.25,1
06.08.2021 00:20:04.618,0.7047,0.70459,1.25,1
06.08.2021 00:20:04.669,0.70469,0.70457,1.25,1.12
06.08.2021 00:20:04.821,0.7046800000000001,0.7045600000000001,1,1.5
06.08.2021 00:20:13.090,0.70469,0.70459,2.5,1
06.08.2021 00:20:21.548,0.70469,0.7045800000000001,2.5,1
06.08.2021 00:20:26.492,0.70465,0.70457,1.25,1
06.08.2021 00:20:26.594,0.70467,0.7045600000000001,1.69,1
06.08.2021 00:20:26.695,0.7046600000000001,0.7045800000000001,2.5,1
06.08.2021 00:20:28.231,0.7046600000000001,0.7045800000000001,1,1
06.08.2021 00:20:36.708,0.70469,0.70457,1.5,1
06.08.2021 00:20:36.809,0.70469,0.7045800000000001,1,1
06.08.2021 00:20:36.911,0.7047,0.70459,1,1
06.08.2021 00:20:42.394,0.7047,0.7046,1,1
06.08.2021 00:20:42.495,0.70474,0.70462,2.19,1
06.08.2021 00:20:42.597,0.70474,0.70462,2.06,1
06.08.2021 00:20:52.650,0.70474,0.7046300000000001,1.25,1
06.08.2021 00:20:57.453,0.70474,0.70462,1.69,1
06.08.2021 00:21:05.966,0.7047300000000001,0.7046100000000001,3.25,1
06.08.2021 00:21:09.242,0.7047300000000001,0.7046100000000001,2.25,1
06.08.2021 00:21:23.091,0.70474,0.70465,1,1
06.08.2021 00:21:23.193,0.70474,0.70467,1,1
06.08.2021 00:21:27.876,0.7047800000000001,0.7046800000000001,1.25,1
06.08.2021 00:21:27.927,0.7047800000000001,0.70469,1.25,1
06.08.2021 00:21:28.029,0.7048,0.70469,1.25,1
06.08.2021 00:21:28.684,0.70481,0.70469,1,1
06.08.2021 00:21:28.837,0.70482,0.7047,1.5,1
06.08.2021 00:21:28.889,0.7048500000000001,0.7047300000000001,2,3.19
06.08.2021 00:21:28.990,0.70487,0.70475,1,1
06.08.2021 00:21:29.041,0.7048800000000001,0.70477,1.5,1
06.08.2021 00:21:42.365,0.70486,0.70476,1,1.5
06.08.2021 00:21:51.118,0.7048500000000001,0.70475,1,1.12
06.08.2021 00:21:51.219,0.7048300000000001,0.7047300000000001,1,1.12
06.08.2021 00:21:51.321,0.7048300000000001,0.70472,1,1.12
06.08.2021 00:22:01.406,0.70482,0.70472,1.5,1
06.08.2021 00:22:01.582,0.70482,0.7047,1.5,1
06.08.2021 00:22:01.684,0.70479,0.7046800000000001,1,1
06.08.2021 00:22:07.543,0.7047800000000001,0.7046800000000001,1,1.5
06.08.2021 00:22:28.337,0.70476,0.70467,1,1
06.08.2021 00:22:28.389,0.70476,0.70464,1.5,1
06.08.2021 00:22:28.491,0.70477,0.70465,2.25,1
06.08.2021 00:22:31.933,0.7047300000000001,0.7046100000000001,2.25,4.25
06.08.2021 00:22:32.034,0.70476,0.70465,1,1
06.08.2021 00:22:32.136,0.70477,0.7046600000000001,1.5,1
06.08.2021 00:22:32.404,0.70475,0.70465,1,1
06.08.2021 00:22:32.506,0.70477,0.70465,1.5,1
06.08.2021 00:23:45.908,0.70477,0.70467,1.5,1.5
06.08.2021 00:24:41.640,0.70477,0.70465,1,1.12
06.08.2021 00:24:42.852,0.7047800000000001,0.70465,1,1.5
06.08.2021 00:24:55.342,0.70476,0.7046600000000001,1,1
06.08.2021 00:24:55.913,0.70477,0.7046600000000001,1,1
06.08.2021 00:25:00.459,0.7047800000000001,0.70465,1,1.5
06.08.2021 00:25:00.693,0.7047800000000001,0.70465,1,1
06.08.2021 00:25:01.321,0.70477,0.70467,1,1
06.08.2021 00:25:12.905,0.70477,0.7046600000000001,1,1
06.08.2021 00:25:23.991,0.7047800000000001,0.7046600000000001,1,1.5
06.08.2021 00:25:49.094,0.7047800000000001,0.70467,1,1
06.08.2021 00:26:01.956,0.7047800000000001,0.7046600000000001,1,1
06.08.2021 00:26:13.544,0.7047800000000001,0.70465,1,1
06.08.2021 00:26:15.668,0.70477,0.7046600000000001,1.5,1
06.08.2021 00:26:15.837,0.7047800000000001,0.70465,1,1
06.08.2021 00:26:44.199,0.70476,0.7046600000000001,1,1
06.08.2021 00:26:44.250,0.70472,0.70462,1,1.75
06.08.2021 00:26:44.351,0.7047,0.7046,1,1
06.08.2021 00:26:48.205,0.70472,0.7046,1,1
06.08.2021 00:26:48.307,0.7047300000000001,0.7046100000000001,1,1
06.08.2021 00:26:49.166,0.70476,0.70464,1,1
06.08.2021 00:26:54.300,0.70475,0.7046300000000001,1,1.87
06.08.2021 00:26:54.452,0.7047300000000001,0.7046100000000001,1,1.5
06.08.2021 00:27:03.134,0.70474,0.70462,1,1
06.08.2021 00:27:05.384,0.70475,0.7046300000000001,1.5,1
06.08.2021 00:27:28.365,0.70475,0.70464,1,1
06.08.2021 00:27:39.505,0.70474,0.70464,1,1
06.08.2021 00:27:52.511,0.70475,0.70462,1.5,1
06.08.2021 00:27:58.244,0.70474,0.7046100000000001,1,1
06.08.2021 00:27:58.812,0.7047,0.70459,1.5,1.5
06.08.2021 00:27:59.613,0.70472,0.70459,1,1
06.08.2021 00:28:04.544,0.7047300000000001,0.7046,1.5,1
06.08.2021 00:28:09.393,0.7047300000000001,0.70462,1.5,1
06.08.2021 00:28:10.181,0.70476,0.70465,1,1
06.08.2021 00:28:14.336,0.70476,0.7046600000000001,1,1
06.08.2021 00:28:14.539,0.70476,0.70465,1.5,1.87
06.08.2021 00:28:14.640,0.70477,0.70465,1,1
06.08.2021 00:28:16.666,0.70476,0.70465,1,1
06.08.2021 00:28:30.018,0.70476,0.70464,1,1
06.08.2021 00:28:30.274,0.70476,0.7046300000000001,1.5,1.5
06.08.2021 00:28:30.375,0.70475,0.7046300000000001,1,1
06.08.2021 00:28:35.266,0.7047100000000001,0.7046,1,1
06.08.2021 00:28:35.368,0.7047100000000001,0.70459,1,1.5
06.08.2021 00:28:38.387,0.7047,0.70459,1.5,2.25
06.08.2021 00:28:55.267,0.7047100000000001,0.70459,1.5,1
06.08.2021 00:29:02.998,0.7047,0.70457,1,1
06.08.2021 00:29:03.516,0.7047,0.7045800000000001,1,1
06.08.2021 00:29:22.543,0.7047100000000001,0.70459,1.75,1
06.08.2021 00:29:47.264,0.7047,0.7045800000000001,1.69,1
06.08.2021 00:29:52.569,0.7047,0.70459,1.5,1
06.08.2021 00:30:00.973,0.70469,0.7045800000000001,1,1.5
06.08.2021 00:30:07.682,0.7047,0.7046,1.5,1
06.08.2021 00:30:08.304,0.7047,0.70462,1,1
06.08.2021 00:30:08.405,0.70472,0.70462,1,1
06.08.2021 00:30:25.589,0.7047100000000001,0.70462,1,1
06.08.2021 00:30:27.900,0.7047,0.70459,1,1.5
06.08.2021 00:30:38.376,0.7047,0.7046,1,1
06.08.2021 00:30:39.416,0.7047,0.70459,1,1.5
06.08.2021 00:30:43.321,0.70469,0.7045800000000001,1,2.25
06.08.2021 00:30:55.099,0.70467,0.7045800000000001,1,1
06.08.2021 00:30:55.201,0.70464,0.7045300000000001,1,1.12
06.08.2021 00:30:55.252,0.70465,0.7045399999999999,1.5,1.75
06.08.2021 00:30:55.353,0.70462,0.7045399999999999,1.69,1
06.08.2021 00:30:55.454,0.70465,0.7045399999999999,1.5,1.25
06.08.2021 00:30:55.556,0.70467,0.7045600000000001,1.5,1
06.08.2021 00:30:55.657,0.7046600000000001,0.70457,1,1.25
06.08.2021 00:30:55.758,0.7046800000000001,0.7045800000000001,1,1
06.08.2021 00:31:05.401,0.70467,0.7045800000000001,1.5,1
06.08.2021 00:31:07.434,0.70467,0.7045600000000001,1,1
06.08.2021 00:31:14.454,0.7046600000000001,0.70457,1,1
06.08.2021 00:31:17.133,0.70464,0.70455,1,1
06.08.2021 00:31:17.235,0.70459,0.70452,1,1.5
06.08.2021 00:31:17.336,0.7045800000000001,0.70449,1,1
06.08.2021 00:31:17.437,0.70457,0.7044800000000001,1,1
06.08.2021 00:31:17.740,0.70455,0.7044600000000001,1,1
06.08.2021 00:31:17.841,0.7045,0.70443,1.5,1
06.08.2021 00:31:19.885,0.70452,0.70443,1,1
06.08.2021 00:31:25.350,0.7045300000000001,0.70444,1,1
06.08.2021 00:31:28.310,0.7045399999999999,0.70443,1,1
06.08.2021 00:31:29.868,0.7045399999999999,0.70445,1,1
06.08.2021 00:31:37.208,0.7045600000000001,0.70447,1,1
06.08.2021 00:31:38.218,0.7045800000000001,0.70447,1,1
06.08.2021 00:31:43.505,0.7046300000000001,0.70452,2.25,1
06.08.2021 00:31:43.606,0.7046600000000001,0.70455,1.5,1.5
06.08.2021 00:31:43.656,0.70465,0.7045800000000001,1,1
06.08.2021 00:31:43.758,0.7046800000000001,0.70457,1,1.5
06.08.2021 00:31:44.676,0.7047,0.70459,1,1
06.08.2021 00:31:50.005,0.7046800000000001,0.7046,1,1
06.08.2021 00:32:10.843,0.7046800000000001,0.70459,1,1
06.08.2021 00:32:22.233,0.7046800000000001,0.70457,1,2.25
06.08.2021 00:32:27.403,0.7046600000000001,0.70455,1,1.5
06.08.2021 00:32:27.504,0.70465,0.7045399999999999,1,2.25
06.08.2021 00:32:27.606,0.70464,0.7045399999999999,1,1
06.08.2021 00:32:28.975,0.70464,0.7045300000000001,1,1.5
06.08.2021 00:32:29.492,0.7046100000000001,0.7045300000000001,1,1
06.08.2021 00:32:29.543,0.7046100000000001,0.7045,1,1.5
06.08.2021 00:32:29.594,0.7045800000000001,0.7045,1,1.12
06.08.2021 00:32:30.571,0.7045800000000001,0.70449,1,2.25
06.08.2021 00:32:32.496,0.70459,0.7045,1,1
06.08.2021 00:32:34.528,0.70459,0.7044800000000001,1,1.5
06.08.2021 00:33:10.817,0.7046,0.7045,1,1
06.08.2021 00:33:10.919,0.70467,0.7045600000000001,1.5,1
06.08.2021 00:33:11.020,0.70467,0.7045600000000001,1,1
06.08.2021 00:33:14.523,0.7046800000000001,0.70457,1,1
06.08.2021 00:33:19.497,0.70469,0.7045800000000001,1.5,1
06.08.2021 00:33:21.362,0.7046800000000001,0.70457,1,1
06.08.2021 00:33:38.936,0.70467,0.7045600000000001,1,1
06.08.2021 00:33:39.037,0.7046600000000001,0.70455,1.5,1
06.08.2021 00:33:39.138,0.70465,0.7045399999999999,1,1
06.08.2021 00:33:42.751,0.70465,0.7045300000000001,1,1
06.08.2021 00:34:05.847,0.7046800000000001,0.7045600000000001,2.25,1
06.08.2021 00:34:06.778,0.7046600000000001,0.7045600000000001,1.5,1
06.08.2021 00:34:07.590,0.70465,0.7045300000000001,1,1
06.08.2021 00:34:09.336,0.70464,0.70452,1.5,1
06.08.2021 00:34:10.740,0.7046300000000001,0.7045100000000001,1,1
06.08.2021 00:34:14.455,0.70459,0.7044800000000001,1,1
06.08.2021 00:34:14.996,0.7046,0.70449,1,1
06.08.2021 00:34:15.791,0.70459,0.70449,1.5,1
06.08.2021 00:34:17.395,0.7046,0.70449,1.5,1
06.08.2021 00:34:19.135,0.7046,0.7044800000000001,1.5,1
06.08.2021 00:34:19.237,0.7046,0.70449,1.5,1
06.08.2021 00:34:20.994,0.7046,0.7044800000000001,1.5,1
06.08.2021 00:34:22.765,0.7046,0.7044800000000001,2,1
06.08.2021 00:34:22.978,0.7046,0.7044800000000001,1.5,1
06.08.2021 00:34:24.455,0.70462,0.7045,2.44,1
06.08.2021 00:34:36.337,0.7046300000000001,0.7045300000000001,1.5,1
06.08.2021 00:34:42.336,0.70465,0.7045300000000001,1.5,1
06.08.2021 00:34:55.583,0.7046300000000001,0.70452,1.5,1
06.08.2021 00:35:06.206,0.7046300000000001,0.7045,1,1
06.08.2021 00:35:10.405,0.7046,0.7044800000000001,1,1
06.08.2021 00:35:21.824,0.70459,0.7045,1,1
06.08.2021 00:35:24.615,0.7046100000000001,0.70449,1,1
06.08.2021 00:35:24.716,0.70464,0.7045100000000001,2.94,1
06.08.2021 00:35:24.818,0.70464,0.7045100000000001,2.44,1
06.08.2021 00:35:24.970,0.7046600000000001,0.7045399999999999,1.5,1
06.08.2021 00:35:25.021,0.70464,0.7045300000000001,1,1
06.08.2021 00:35:28.368,0.70464,0.7045100000000001,1,1
06.08.2021 00:35:38.923,0.70462,0.70449,2.25,1
06.08.2021 00:35:46.990,0.7046100000000001,0.70449,1,1
06.08.2021 00:35:49.517,0.7046100000000001,0.7044800000000001,1,1
06.08.2021 00:36:07.231,0.7046,0.7044800000000001,1.25,1
06.08.2021 00:37:45.425,0.7046100000000001,0.70449,1.5,1
06.08.2021 00:37:50.073,0.70462,0.7045,2.12,1
06.08.2021 00:37:50.175,0.70464,0.70452,1.5,1
06.08.2021 00:37:50.276,0.70465,0.7045399999999999,1.5,1
06.08.2021 00:37:50.328,0.7046600000000001,0.7045399999999999,1.69,1
06.08.2021 00:38:09.146,0.70465,0.7045300000000001,1,1
06.08.2021 00:38:09.197,0.7046100000000001,0.7045100000000001,1.5,1
06.08.2021 00:38:09.298,0.70462,0.70449,1.5,1.5
06.08.2021 00:38:09.957,0.7046100000000001,0.70449,1,1
06.08.2021 00:38:14.484,0.7046,0.7044800000000001,1,1.5
06.08.2021 00:38:15.195,0.70459,0.7044800000000001,1,1.5
06.08.2021 00:38:15.348,0.70459,0.70449,1.25,1.5
06.08.2021 00:38:18.320,0.70455,0.7044600000000001,1,1
06.08.2021 00:38:18.371,0.7045399999999999,0.70444,1,1
06.08.2021 00:38:18.477,0.7045399999999999,0.70442,1,1
06.08.2021 00:38:18.528,0.7045,0.7044,1,1
06.08.2021 00:38:19.005,0.7045100000000001,0.70438,1,1
06.08.2021 00:38:19.257,0.7045,0.70438,1.69,1
06.08.2021 00:38:20.987,0.7045,0.70437,1.69,1.5
06.08.2021 00:38:21.111,0.7045,0.70437,1.75,1.5
06.08.2021 00:38:30.882,0.7045,0.70438,1.75,1
06.08.2021 00:39:10.092,0.70449,0.70437,1.75,1.5
06.08.2021 00:39:13.620,0.70449,0.7044,2.12,1
06.08.2021 00:39:18.184,0.7045,0.70438,2.87,1
06.08.2021 00:39:27.664,0.70449,0.70437,1.75,1.5
06.08.2021 00:39:33.701,0.7045,0.70439,1,1.5
06.08.2021 00:39:33.802,0.7045,0.7044100000000001,1,1
06.08.2021 00:39:33.903,0.7045300000000001,0.7044100000000001,2.5,1
06.08.2021 00:39:37.241,0.70452,0.7044100000000001,1.75,1
06.08.2021 00:39:37.484,0.7045300000000001,0.7044100000000001,1.75,1
06.08.2021 00:39:37.585,0.7045100000000001,0.7044,1.25,1.5
06.08.2021 00:39:37.636,0.7045,0.70439,1.25,1
06.08.2021 00:39:37.738,0.7044800000000001,0.7043600000000001,1.75,1
06.08.2021 00:39:37.840,0.70444,0.7043600000000001,1.25,1
06.08.2021 00:39:37.942,0.70445,0.70434,1.69,1
06.08.2021 00:39:38.043,0.70445,0.70433,1.69,1.5
06.08.2021 00:40:01.972,0.7044800000000001,0.70437,1.12,1
06.08.2021 00:40:02.073,0.70449,0.70437,1.31,1.5
06.08.2021 00:40:11.953,0.70449,0.70437,1.75,1.5
06.08.2021 00:40:13.636,0.70449,0.70437,1.25,1.5
06.08.2021 00:40:19.278,0.7045,0.70438,1.69,1
06.08.2021 00:40:30.184,0.7044800000000001,0.7043600000000001,1,1
06.08.2021 00:40:30.285,0.70449,0.70437,1.37,1
06.08.2021 00:40:30.387,0.70449,0.70437,1.25,1
06.08.2021 00:40:30.589,0.7045,0.70438,2.06,1.5
06.08.2021 00:40:52.189,0.70449,0.70438,1,1
06.08.2021 00:40:55.350,0.70449,0.70437,1,1.5
06.08.2021 00:41:13.356,0.7045,0.70438,1.69,1
06.08.2021 00:41:20.433,0.7045,0.70439,1,1
06.08.2021 00:41:20.635,0.7045,0.70438,1.69,1
06.08.2021 00:41:22.875,0.7045,0.70438,1.75,1
06.08.2021 00:41:35.693,0.70449,0.70439,1.69,1
06.08.2021 00:41:38.325,0.7045,0.70439,1,1
06.08.2021 00:41:48.870,0.7045,0.7044,1.69,1.5
06.08.2021 00:41:48.972,0.70452,0.70442,1.31,1
06.08.2021 00:41:49.073,0.7045300000000001,0.70444,1.75,1
06.08.2021 00:41:49.175,0.7045399999999999,0.70443,1.25,1
06.08.2021 00:41:52.308,0.70455,0.70443,1.25,1.5
06.08.2021 00:42:34.413,0.7045600000000001,0.70443,1.69,1.5
06.08.2021 00:42:37.002,0.7045600000000001,0.70444,1.25,1
06.08.2021 00:42:48.967,0.7045600000000001,0.70443,1.25,1.5
06.08.2021 00:42:58.062,0.70459,0.70447,1.37,1
06.08.2021 00:42:58.163,0.70459,0.70447,1.31,1.5
06.08.2021 00:43:07.708,0.7046,0.70447,1.25,1.5
06.08.2021 00:43:11.997,0.7046100000000001,0.70447,1.75,2
06.08.2021 00:43:12.201,0.7046,0.7044800000000001,1.75,1.5
06.08.2021 00:43:14.073,0.7046,0.7044800000000001,1.69,1.5
06.08.2021 00:43:20.561,0.7045800000000001,0.7044800000000001,1,1.5
06.08.2021 00:43:22.319,0.70457,0.7044800000000001,1,1.5
06.08.2021 00:43:22.369,0.70452,0.7044100000000001,1.69,2.62
06.08.2021 00:43:22.470,0.70452,0.7044100000000001,4,1
06.08.2021 00:43:23.426,0.70452,0.70439,1.25,1
06.08.2021 00:43:25.324,0.7045,0.70439,1.25,1.5
06.08.2021 00:43:25.763,0.70449,0.70439,1.25,1
06.08.2021 00:43:25.864,0.70449,0.70438,1.25,1
06.08.2021 00:43:37.622,0.70449,0.70439,1.25,1
06.08.2021 00:43:54.075,0.70449,0.70438,1.25,1.5
06.08.2021 00:44:00.109,0.70449,0.70438,1.75,1.5
06.08.2021 00:44:00.311,0.70449,0.70438,1.25,1.5
06.08.2021 00:44:26.084,0.7045,0.70438,1.5,1.5
06.08.2021 00:44:28.461,0.7045,0.70438,1.75,1.5
06.08.2021 00:44:32.291,0.7045,0.70438,1.69,1.5
06.08.2021 00:44:49.588,0.7045,0.70439,1,1
06.08.2021 00:44:59.878,0.7045,0.7044,2.81,1.5
06.08.2021 00:45:05.966,0.7044800000000001,0.70437,1,1
06.08.2021 00:45:09.175,0.70449,0.70438,1,1
06.08.2021 00:45:17.089,0.70449,0.70439,1,1.5
06.08.2021 00:45:17.190,0.7045100000000001,0.70439,2.81,1
06.08.2021 00:45:40.796,0.7045100000000001,0.70438,1.69,1.5
06.08.2021 00:45:40.897,0.7045,0.70438,1,1.5
06.08.2021 00:46:17.880,0.7045,0.7044100000000001,1,1.5
06.08.2021 00:46:17.931,0.70455,0.70444,1,1.5
06.08.2021 00:46:17.982,0.7045800000000001,0.7044600000000001,2,1.5
06.08.2021 00:46:18.083,0.70459,0.70447,1,1.5
06.08.2021 00:46:18.235,0.7046100000000001,0.7045,1.5,1
06.08.2021 00:46:18.336,0.7046100000000001,0.7045100000000001,1,1.5
06.08.2021 00:46:18.387,0.70464,0.70452,1,1.5
06.08.2021 00:46:18.488,0.7046300000000001,0.7045399999999999,1,1
06.08.2021 00:46:18.589,0.70464,0.70452,1,1.5
06.08.2021 00:46:18.690,0.70465,0.7045300000000001,1,1.5
06.08.2021 00:46:31.191,0.70465,0.70452,1,1.5
06.08.2021 00:46:34.449,0.70465,0.7045300000000001,1,1
06.08.2021 00:46:34.499,0.70469,0.7045600000000001,2.5,1
06.08.2021 00:46:34.600,0.70469,0.70457,1.5,1.5
06.08.2021 00:46:35.524,0.7046800000000001,0.70459,1,1
06.08.2021 00:46:38.195,0.70469,0.70457,1.5,1.5
06.08.2021 00:46:39.478,0.7046800000000001,0.70457,1.5,1.5
06.08.2021 00:46:39.704,0.7046800000000001,0.7045600000000001,1,1
06.08.2021 00:46:40.811,0.7046800000000001,0.70455,1.5,1.5
06.08.2021 00:46:57.197,0.7046800000000001,0.7045600000000001,1,1
06.08.2021 00:47:24.737,0.70469,0.7045800000000001,1,1
06.08.2021 00:47:31.232,0.70469,0.70457,1,1.5
06.08.2021 00:47:33.977,0.70469,0.7045800000000001,1,1
06.08.2021 00:47:50.242,0.7046800000000001,0.7045800000000001,1,1
06.08.2021 00:47:50.343,0.7046800000000001,0.70457,1,1
06.08.2021 00:47:58.673,0.70464,0.7045300000000001,1,1
06.08.2021 00:47:58.774,0.70464,0.70452,1.25,1.12
06.08.2021 00:47:58.875,0.70464,0.7045100000000001,2.06,1
06.08.2021 00:47:58.976,0.7046300000000001,0.7045,1,1
06.08.2021 00:47:59.730,0.70462,0.70449,1,1.5
06.08.2021 00:48:01.648,0.7046100000000001,0.7044800000000001,1.5,1.5
06.08.2021 00:48:01.749,0.70459,0.70449,1,1
06.08.2021 00:48:10.951,0.70459,0.7045,1,1
06.08.2021 00:48:16.015,0.70462,0.70449,2.62,1
06.08.2021 00:48:17.745,0.70464,0.7045300000000001,1,1
06.08.2021 00:48:17.846,0.70465,0.7045399999999999,1.12,1
06.08.2021 00:48:17.947,0.70465,0.70455,1,1
06.08.2021 00:48:19.482,0.7046600000000001,0.70455,1,1
06.08.2021 00:48:27.992,0.7046800000000001,0.7045600000000001,1.25,1
06.08.2021 00:48:34.084,0.70469,0.70459,1,1
06.08.2021 00:48:34.286,0.7047100000000001,0.70459,1.12,1
06.08.2021 00:48:49.016,0.70472,0.70459,1.12,1
06.08.2021 00:48:50.437,0.7047100000000001,0.70459,1,1
06.08.2021 00:49:25.468,0.70469,0.7046,1,1
06.08.2021 00:49:37.769,0.7047,0.7045800000000001,1,1
06.08.2021 00:49:39.652,0.7047,0.70457,1.5,1
06.08.2021 00:49:58.570,0.70469,0.70459,1,1
06.08.2021 00:50:02.678,0.7047,0.70457,1.5,1
06.08.2021 00:50:04.871,0.70469,0.70457,1,1
06.08.2021 00:50:04.922,0.7046300000000001,0.7045399999999999,1,1.5
06.08.2021 00:50:04.973,0.70467,0.70455,2.19,1
06.08.2021 00:50:05.074,0.70464,0.70452,1,1.5
06.08.2021 00:50:05.175,0.7046300000000001,0.7045100000000001,1,1.5
06.08.2021 00:50:09.355,0.7046100000000001,0.70449,1,1
06.08.2021 00:50:09.458,0.7046100000000001,0.7044800000000001,1,2.25
06.08.2021 00:50:11.967,0.7046,0.7044800000000001,1,1
06.08.2021 00:50:13.049,0.7045800000000001,0.7044600000000001,1,1
06.08.2021 00:50:13.151,0.70455,0.70442,1,2
06.08.2021 00:50:13.202,0.70455,0.70442,1,1
06.08.2021 00:50:13.680,0.7045100000000001,0.7044,1,1.12
06.08.2021 00:50:13.782,0.7045,0.70438,1,1.5
06.08.2021 00:50:13.883,0.70449,0.70439,1,1
06.08.2021 00:50:15.286,0.7044800000000001,0.70435,1.5,1
06.08.2021 00:50:15.387,0.7044600000000001,0.7043600000000001,1.5,1
06.08.2021 00:50:15.824,0.70444,0.7043100000000001,1,2.62
06.08.2021 00:50:16.454,0.70442,0.7043200000000001,1,1.5
06.08.2021 00:50:17.079,0.70444,0.7043100000000001,1.5,1.5
06.08.2021 00:50:19.203,0.7044,0.70429,1,1.87
06.08.2021 00:50:19.304,0.70439,0.7042700000000001,1,1.5
06.08.2021 00:50:19.456,0.70437,0.7042700000000001,1,1
06.08.2021 00:50:19.658,0.70439,0.7042600000000001,2.44,1
06.08.2021 00:50:20.223,0.70439,0.7042700000000001,2.25,1
06.08.2021 00:50:20.325,0.70438,0.7042700000000001,2.44,1
06.08.2021 00:50:20.426,0.70438,0.70425,1,1.5
06.08.2021 00:50:21.498,0.70437,0.70425,1.5,1.5
06.08.2021 00:50:21.700,0.7043600000000001,0.70424,1,1
06.08.2021 00:50:21.953,0.7043600000000001,0.70423,1,1
06.08.2021 00:50:22.194,0.70434,0.7042200000000001,1,1
06.08.2021 00:50:22.296,0.7043200000000001,0.7042200000000001,1,1
06.08.2021 00:50:22.347,0.7043,0.70418,2.25,1.5
06.08.2021 00:50:22.449,0.70429,0.70417,1,1.5
06.08.2021 00:50:23.288,0.7043,0.70418,2.25,1
06.08.2021 00:50:26.461,0.7043600000000001,0.70424,3.01,1.5
06.08.2021 00:50:26.563,0.70439,0.7042700000000001,1.75,1.5
06.08.2021 00:50:26.664,0.7044,0.70428,1,1
06.08.2021 00:50:27.793,0.7044100000000001,0.70428,1.5,1
06.08.2021 00:50:29.025,0.7044,0.70428,1,1
06.08.2021 00:50:32.002,0.7044,0.7042700000000001,1,1.5
06.08.2021 00:50:36.982,0.70437,0.70428,1,1
06.08.2021 00:50:38.363,0.70438,0.70428,1,1.5
06.08.2021 00:50:41.669,0.70438,0.7042700000000001,1,1
06.08.2021 00:50:42.269,0.7044,0.70429,2.44,1
06.08.2021 00:50:44.452,0.7044100000000001,0.70429,1.5,1
06.08.2021 00:50:59.221,0.70442,0.70429,2.62,1
06.08.2021 00:50:59.826,0.7044100000000001,0.7043200000000001,1.87,1
06.08.2021 00:51:11.011,0.70445,0.7043600000000001,1.5,1
06.08.2021 00:51:11.112,0.70449,0.7043600000000001,1,1.5
06.08.2021 00:51:11.233,0.70449,0.7044,1.37,1
06.08.2021 00:51:15.393,0.7045100000000001,0.7044,3.75,1
06.08.2021 00:51:21.594,0.7045,0.7044100000000001,1.69,1
06.08.2021 00:51:32.710,0.7045,0.7044100000000001,1.5,1
06.08.2021 00:51:32.811,0.7044800000000001,0.7044,1,1
06.08.2021 00:51:32.963,0.70442,0.70435,1.12,1
06.08.2021 00:51:33.014,0.7044600000000001,0.70435,1.5,1.5
06.08.2021 00:51:33.115,0.7044800000000001,0.7043600000000001,1.75,1.5
06.08.2021 00:51:33.166,0.7044800000000001,0.7044,1.25,1
06.08.2021 00:51:36.494,0.7044800000000001,0.7044100000000001,1.25,1
06.08.2021 00:51:36.807,0.70444,0.7043600000000001,1,1.5
06.08.2021 00:51:36.858,0.70445,0.70435,1.5,1.5
06.08.2021 00:51:36.909,0.7044600000000001,0.7043200000000001,1.5,1.5
06.08.2021 00:51:37.060,0.7044600000000001,0.70437,1,1
06.08.2021 00:51:37.423,0.7044600000000001,0.7043600000000001,1,1
06.08.2021 00:51:37.603,0.7044600000000001,0.70437,1.87,1
06.08.2021 00:51:39.407,0.7045,0.70439,1.5,1
06.08.2021 00:51:39.617,0.7045,0.70439,1,1
06.08.2021 00:51:43.431,0.7044800000000001,0.7044,1.25,1
06.08.2021 00:51:43.482,0.70445,0.70434,1.5,1.12
06.08.2021 00:51:43.836,0.70445,0.70434,3.69,1
06.08.2021 00:51:44.355,0.70445,0.70433,3.69,1
06.08.2021 00:51:44.637,0.70445,0.7043200000000001,4.44,1
06.08.2021 00:51:45.145,0.7044100000000001,0.7043200000000001,1,1
06.08.2021 00:51:46.008,0.70443,0.7043200000000001,2,1
06.08.2021 00:51:46.160,0.70443,0.7043200000000001,2.25,1
06.08.2021 00:51:46.463,0.70443,0.7043100000000001,2.25,1
06.08.2021 00:51:47.755,0.70442,0.7043100000000001,1,1
06.08.2021 00:51:48.169,0.70443,0.7043100000000001,1.87,1
06.08.2021 00:51:48.270,0.70445,0.7043600000000001,1.5,1
06.08.2021 00:51:48.321,0.7044600000000001,0.70435,1,1
06.08.2021 00:51:49.387,0.7044600000000001,0.7043600000000001,1,1
06.08.2021 00:51:50.151,0.70447,0.7043600000000001,1.5,1
06.08.2021 00:51:51.046,0.70445,0.70434,1,1
06.08.2021 00:51:51.097,0.70447,0.70435,5.25,1
06.08.2021 00:51:51.198,0.70447,0.7043600000000001,3.37,1
06.08.2021 00:51:56.809,0.7044800000000001,0.70437,1,1
06.08.2021 00:51:57.061,0.7045,0.70438,1.87,1
06.08.2021 00:52:03.532,0.7044600000000001,0.70435,1,1
06.08.2021 00:52:03.633,0.70449,0.70437,2,1
06.08.2021 00:52:03.734,0.70449,0.70437,2.75,1
06.08.2021 00:52:07.543,0.70442,0.7043200000000001,1,1.25
06.08.2021 00:52:07.645,0.70442,0.7043100000000001,1,1
06.08.2021 00:52:08.147,0.7044100000000001,0.7043100000000001,1,1
06.08.2021 00:52:09.495,0.7044100000000001,0.70429,1.5,1
06.08.2021 00:52:11.163,0.70444,0.7043200000000001,1.5,1.25
06.08.2021 00:52:11.265,0.70445,0.70434,1.12,1
06.08.2021 00:52:11.776,0.7044600000000001,0.70434,1.5,1
06.08.2021 00:52:12.304,0.7044600000000001,0.7043600000000001,1.87,1
06.08.2021 00:52:13.645,0.70447,0.7043600000000001,1,1
06.08.2021 00:52:14.703,0.7044800000000001,0.7043600000000001,1.5,1
06.08.2021 00:52:16.268,0.7044800000000001,0.7043600000000001,2,1
06.08.2021 00:52:16.475,0.7044800000000001,0.7043600000000001,1.5,1
06.08.2021 00:52:21.774,0.7045,0.70438,1.5,1
06.08.2021 00:52:23.304,0.7045,0.70439,1.5,1
06.08.2021 00:52:30.693,0.70449,0.70439,1,1
06.08.2021 00:52:31.257,0.7045,0.70439,1,1
06.08.2021 00:52:35.625,0.70449,0.70439,1,1
06.08.2021 00:52:41.747,0.70449,0.7044,1.5,1
06.08.2021 00:52:42.227,0.70449,0.70439,1,1
06.08.2021 00:52:45.987,0.7045,0.70439,1,1
06.08.2021 00:52:46.089,0.70444,0.70433,2,1.5
06.08.2021 00:52:46.190,0.7044600000000001,0.7043600000000001,2.5,1.25
06.08.2021 00:52:46.241,0.7044600000000001,0.70438,1.1,1
06.08.2021 00:52:46.342,0.7045,0.70438,2.75,1
06.08.2021 00:52:46.393,0.7045,0.70438,2.25,1
06.08.2021 00:52:46.494,0.7045,0.70439,1.5,1
06.08.2021 00:52:46.646,0.7045100000000001,0.70439,3.37,1
06.08.2021 00:52:50.804,0.7045100000000001,0.7044,3.37,1
06.08.2021 00:53:01.053,0.7045,0.7044,1,1
06.08.2021 00:53:02.657,0.7045100000000001,0.7044,3.37,1
06.08.2021 00:53:07.403,0.70445,0.70435,2.25,1
06.08.2021 00:53:07.454,0.70443,0.7043200000000001,3.37,1
06.08.2021 00:53:07.606,0.7044100000000001,0.7043100000000001,1,1
06.08.2021 00:53:07.707,0.70442,0.7043100000000001,1.87,1
06.08.2021 00:53:07.960,0.7044100000000001,0.7043100000000001,1,1
06.08.2021 00:53:08.061,0.7044100000000001,0.7043200000000001,1.87,1
06.08.2021 00:53:18.029,0.70442,0.70433,1.62,1
06.08.2021 00:53:18.131,0.7044600000000001,0.70435,1.5,1
06.08.2021 00:53:18.232,0.7044600000000001,0.70435,1,1
06.08.2021 00:53:21.282,0.70442,0.70433,1.5,1.5
06.08.2021 00:53:21.383,0.70445,0.70437,1.12,1
06.08.2021 00:53:22.331,0.70447,0.70438,1.5,1
06.08.2021 00:53:22.432,0.7044800000000001,0.70438,1,1
06.08.2021 00:53:28.421,0.7045,0.70439,2.25,1
06.08.2021 00:53:29.194,0.70444,0.7043600000000001,1.87,1
06.08.2021 00:53:29.295,0.7044600000000001,0.70438,2.75,1
06.08.2021 00:53:29.397,0.70447,0.70437,2.25,1
06.08.2021 00:53:32.906,0.7044800000000001,0.70437,1.12,1
06.08.2021 00:53:33.057,0.70449,0.70437,1.5,1
06.08.2021 00:53:35.376,0.7045,0.70439,1.5,1
06.08.2021 00:53:39.416,0.70449,0.70437,2.62,1
06.08.2021 00:53:39.517,0.70447,0.7043600000000001,1,1
06.08.2021 00:53:39.618,0.70447,0.70437,1.87,1
06.08.2021 00:53:43.543,0.70447,0.7043600000000001,1.5,1
06.08.2021 00:54:01.987,0.70442,0.70433,3,1
06.08.2021 00:54:02.139,0.70442,0.7043200000000001,1,1
06.08.2021 00:54:03.018,0.70442,0.7043,2.25,1
06.08.2021 00:54:19.543,0.7044100000000001,0.7043200000000001,2.62,1
06.08.2021 00:54:24.243,0.7044100000000001,0.7043,1,1
06.08.2021 00:54:28.696,0.7044,0.70433,1,1
06.08.2021 00:54:28.797,0.70444,0.70434,1.5,1
06.08.2021 00:54:28.848,0.7044600000000001,0.7043600000000001,1.25,1
06.08.2021 00:54:28.898,0.70447,0.70438,1.37,1
06.08.2021 00:54:29.000,0.70447,0.70437,1.87,1
06.08.2021 00:54:30.195,0.70447,0.70438,1,1
06.08.2021 00:54:30.300,0.7045,0.7044,1.5,1
06.08.2021 00:54:30.401,0.7045,0.7044100000000001,1.87,1
06.08.2021 00:54:30.552,0.7045100000000001,0.7044100000000001,1.87,1
06.08.2021 00:54:30.915,0.7045100000000001,0.70442,1,1
06.08.2021 00:54:32.087,0.70452,0.70442,1,1
06.08.2021 00:54:37.207,0.70452,0.70443,1,1
06.08.2021 00:54:42.189,0.7045100000000001,0.70443,1,1
06.08.2021 00:54:42.674,0.70455,0.7044800000000001,1.12,1
06.08.2021 00:54:42.876,0.7046,0.7045100000000001,1.12,1
06.08.2021 00:54:44.095,0.7046100000000001,0.7045100000000001,1.87,1
06.08.2021 00:54:46.557,0.7046100000000001,0.70452,1.12,1
06.08.2021 00:54:48.102,0.7046100000000001,0.7045100000000001,1.12,1
06.08.2021 00:54:51.428,0.7046100000000001,0.7045,1.12,1
06.08.2021 00:54:51.650,0.70452,0.70443,1.5,1
06.08.2021 00:54:51.752,0.7045100000000001,0.70443,1,1
06.08.2021 00:54:51.853,0.70452,0.7044100000000001,1,1
06.08.2021 00:54:53.539,0.70452,0.70442,2.25,1
06.08.2021 00:54:55.546,0.70452,0.7044100000000001,1,1
06.08.2021 00:54:56.167,0.7045100000000001,0.7044100000000001,1,1
06.08.2021 00:54:56.926,0.70452,0.7044100000000001,1,1
06.08.2021 00:54:58.873,0.70452,0.7044,1.5,1
06.08.2021 00:55:00.212,0.70452,0.7044100000000001,3,1
06.08.2021 00:55:00.313,0.70452,0.7044,3,1
06.08.2021 00:55:00.566,0.70452,0.70443,1.12,1
06.08.2021 00:55:00.667,0.70455,0.70444,2.75,1
06.08.2021 00:55:00.718,0.7045399999999999,0.7044600000000001,1.5,1
06.08.2021 00:55:00.819,0.7045600000000001,0.70445,1.5,1
06.08.2021 00:55:01.129,0.7045600000000001,0.70447,1,1
06.08.2021 00:55:01.332,0.7045800000000001,0.7044800000000001,1,1
06.08.2021 00:55:01.437,0.7045800000000001,0.70447,1,1
06.08.2021 00:55:01.641,0.7045300000000001,0.70444,2.62,1
06.08.2021 00:55:01.743,0.7045100000000001,0.70443,1.5,1
06.08.2021 00:55:01.844,0.7045,0.70443,1,1
06.08.2021 00:55:01.996,0.7045100000000001,0.7044100000000001,1,1
06.08.2021 00:55:03.201,0.70452,0.7044100000000001,3.37,1
06.08.2021 00:55:03.929,0.7045,0.7044100000000001,1.25,1
06.08.2021 00:55:04.031,0.7045100000000001,0.7044100000000001,1,1
06.08.2021 00:55:07.155,0.7045100000000001,0.70442,3.37,1
06.08.2021 00:55:07.256,0.70452,0.70442,1.87,1
06.08.2021 00:55:11.853,0.7045100000000001,0.70442,1,1
06.08.2021 00:55:12.419,0.7045100000000001,0.7044100000000001,1,1
06.08.2021 00:55:24.532,0.7045100000000001,0.7044,1,1
06.08.2021 00:55:28.058,0.7045,0.7044,2.25,1
06.08.2021 00:55:32.729,0.70449,0.70437,2.25,1
06.08.2021 00:55:32.881,0.70447,0.70438,1.5,1
06.08.2021 00:55:34.396,0.7044600000000001,0.70438,1,1
06.08.2021 00:55:40.170,0.7044800000000001,0.70437,1.5,1
06.08.2021 00:55:41.231,0.70449,0.70437,3.37,1
06.08.2021 00:55:41.615,0.7045,0.70439,2.25,1
06.08.2021 00:55:46.773,0.70449,0.70439,1,1
06.08.2021 00:55:46.875,0.70449,0.70437,2.25,1
06.08.2021 00:55:46.976,0.7044800000000001,0.70437,1,1
06.08.2021 00:55:51.098,0.7044800000000001,0.70438,1,1
06.08.2021 00:55:51.249,0.7044800000000001,0.70439,2.25,1
06.08.2021 00:55:56.138,0.7044800000000001,0.70438,1,1
06.08.2021 00:55:56.464,0.70449,0.70438,1.5,1
06.08.2021 00:55:57.034,0.70447,0.70439,1,1
06.08.2021 00:55:57.239,0.7044800000000001,0.70439,1.5,1
06.08.2021 00:55:58.895,0.70449,0.70439,1.5,1
06.08.2021 00:55:59.068,0.70447,0.7044,1,1
06.08.2021 00:55:59.787,0.70449,0.7044100000000001,1,1
06.08.2021 00:55:59.888,0.7045,0.7044100000000001,1.5,1
06.08.2021 00:56:00.855,0.7045100000000001,0.7044100000000001,2.62,1
06.08.2021 00:56:00.956,0.7045,0.70443,2.62,1
06.08.2021 00:56:08.094,0.7045100000000001,0.7044100000000001,1.5,1
06.08.2021 00:56:11.463,0.70449,0.70442,1,1
06.08.2021 00:56:11.565,0.70449,0.7044100000000001,1,1
06.08.2021 00:56:11.666,0.7044800000000001,0.70438,1.5,1
06.08.2021 00:56:11.918,0.7044800000000001,0.70439,1.5,1
06.08.2021 00:56:12.019,0.7044800000000001,0.7044,1.5,1
06.08.2021 00:56:12.120,0.7044800000000001,0.70439,1.5,1
06.08.2021 00:56:13.470,0.7044800000000001,0.70438,1.5,1
06.08.2021 00:56:18.517,0.7044800000000001,0.70439,1,1
06.08.2021 00:56:22.973,0.70449,0.7044,1,1
06.08.2021 00:56:23.074,0.7045,0.7044,1.5,1
06.08.2021 00:56:23.936,0.70449,0.7044,1,1
06.08.2021 00:56:24.816,0.7045,0.7044,1.5,1
06.08.2021 00:56:31.679,0.70449,0.7044,1,1
06.08.2021 00:56:31.882,0.7045,0.7044,1,1
06.08.2021 00:56:33.436,0.70449,0.7044,1,1
06.08.2021 00:56:35.101,0.70449,0.70438,1,1
06.08.2021 00:56:35.284,0.70449,0.7044,1,1
06.08.2021 00:56:35.926,0.7044800000000001,0.7044,1,1
06.08.2021 00:56:36.027,0.7044800000000001,0.70438,1,1
06.08.2021 00:56:38.163,0.7044800000000001,0.7043600000000001,3,1
06.08.2021 00:56:38.265,0.70447,0.7043600000000001,1,1
06.08.2021 00:56:39.128,0.70443,0.70433,1.5,1
06.08.2021 00:56:39.230,0.70442,0.7043100000000001,1,1
06.08.2021 00:56:39.432,0.70443,0.7043100000000001,2.62,1
06.08.2021 00:56:39.640,0.70443,0.70434,1,1
06.08.2021 00:56:39.691,0.70445,0.70434,1.87,1
06.08.2021 00:56:39.843,0.70445,0.70435,2.25,1
06.08.2021 00:56:40.683,0.7044600000000001,0.7043600000000001,1,1
06.08.2021 00:56:40.784,0.7044600000000001,0.70437,1,1
06.08.2021 00:56:40.886,0.70447,0.70437,1,1
06.08.2021 00:56:41.795,0.7044800000000001,0.70437,1.5,1
06.08.2021 00:56:46.199,0.70449,0.70437,1,1
06.08.2021 00:56:46.300,0.7045100000000001,0.7044,1.5,1
06.08.2021 00:56:49.145,0.7045,0.7044,1,1
06.08.2021 00:56:49.896,0.7045100000000001,0.7044,1.5,1
06.08.2021 00:56:51.062,0.7045100000000001,0.70439,2.25,1
06.08.2021 00:57:20.525,0.7045,0.70439,1,1
06.08.2021 00:57:35.010,0.7045,0.70439,1.5,1
06.08.2021 00:57:35.214,0.7045,0.70439,1,1
06.08.2021 00:57:36.951,0.70449,0.70439,1,1
06.08.2021 00:58:09.144,0.70449,0.70438,1,1
06.08.2021 00:58:09.195,0.70445,0.70435,1,1.12
06.08.2021 00:58:09.296,0.70442,0.70434,1.5,1
06.08.2021 00:58:09.347,0.7044,0.70433,1,1
06.08.2021 00:58:09.448,0.7044100000000001,0.7043100000000001,2.25,1
06.08.2021 00:58:09.549,0.7044,0.7043100000000001,1,1
06.08.2021 00:58:11.719,0.7044100000000001,0.7043100000000001,2.25,1
06.08.2021 00:58:12.497,0.7044100000000001,0.7043,3,1
06.08.2021 00:58:19.590,0.70443,0.7043200000000001,2.62,1
06.08.2021 00:58:19.691,0.70445,0.70433,1.87,1
06.08.2021 00:58:19.742,0.7044600000000001,0.70435,2,1
06.08.2021 00:58:19.844,0.70449,0.70438,1.5,1
06.08.2021 00:58:19.945,0.7045,0.70438,2.62,1
06.08.2021 00:58:20.072,0.7045,0.70439,1.87,1
06.08.2021 00:58:21.684,0.7045,0.7044,1,1
06.08.2021 00:58:22.713,0.7045100000000001,0.7044,1.5,1
06.08.2021 00:58:25.328,0.7045100000000001,0.7044100000000001,3.37,1
06.08.2021 00:58:26.238,0.70452,0.7044100000000001,2.62,1
06.08.2021 00:58:29.803,0.70452,0.7044,3.37,1
06.08.2021 00:58:35.867,0.70449,0.70439,1,1
06.08.2021 00:58:36.501,0.70449,0.7044,1.5,1
06.08.2021 00:58:37.399,0.7045100000000001,0.70439,2.25,1
06.08.2021 00:58:38.921,0.70452,0.7044,3.37,1
06.08.2021 00:58:41.480,0.7045100000000001,0.7044,1,1
06.08.2021 00:58:43.050,0.7045,0.7044,1,1
06.08.2021 00:58:43.202,0.70449,0.70439,1,1
06.08.2021 00:58:43.506,0.7045,0.70439,1,1
06.08.2021 00:58:45.289,0.70449,0.70439,1,1
06.08.2021 00:58:45.340,0.7044800000000001,0.70437,1.5,1
06.08.2021 00:58:45.543,0.70447,0.70437,1,1
06.08.2021 00:58:45.745,0.7044800000000001,0.70437,1,1
06.08.2021 00:58:45.846,0.7044800000000001,0.70438,2.25,1
06.08.2021 00:58:47.475,0.7044600000000001,0.70438,1,1
06.08.2021 00:58:47.632,0.7044800000000001,0.70438,1.5,1
06.08.2021 00:58:47.806,0.7044800000000001,0.70439,1,1
06.08.2021 00:58:48.237,0.7044800000000001,0.70438,1,1
06.08.2021 00:58:50.347,0.7044800000000001,0.70437,1,1
06.08.2021 00:58:51.991,0.70449,0.70437,1.5,1.5
06.08.2021 00:58:52.193,0.7044800000000001,0.70437,1,1.5
06.08.2021 00:58:59.741,0.7044800000000001,0.7043600000000001,2.25,1.12
06.08.2021 00:58:59.843,0.70447,0.70435,1.5,1.62
06.08.2021 00:59:00.365,0.70447,0.70435,1.5,1
06.08.2021 00:59:08.027,0.7044800000000001,0.7043600000000001,2.25,1
06.08.2021 00:59:15.139,0.70447,0.70435,1,1.12
06.08.2021 00:59:15.631,0.70447,0.70437,2.25,1
06.08.2021 00:59:17.350,0.70447,0.7043600000000001,1.5,1
06.08.2021 00:59:17.518,0.7044800000000001,0.7043600000000001,2.25,1
06.08.2021 00:59:19.891,0.70447,0.70435,1,1.12
06.08.2021 00:59:20.576,0.7044800000000001,0.70438,1,1
06.08.2021 00:59:20.677,0.70449,0.70438,1.5,1
06.08.2021 00:59:22.704,0.7045100000000001,0.70439,1.5,1
06.08.2021 00:59:23.135,0.70452,0.7044,1.87,1
06.08.2021 00:59:24.632,0.70449,0.7044100000000001,1,1
06.08.2021 00:59:24.781,0.7045100000000001,0.7044100000000001,1.87,1
06.08.2021 00:59:25.111,0.7045600000000001,0.70447,1,1.25
06.08.2021 00:59:25.213,0.7046,0.70449,2.75,1
06.08.2021 00:59:25.314,0.7046,0.70449,1.5,1
06.08.2021 00:59:27.489,0.7046100000000001,0.70449,2.62,1
06.08.2021 00:59:27.590,0.7046100000000001,0.7045,1.87,1
06.08.2021 00:59:28.981,0.7046100000000001,0.70452,2.75,1
06.08.2021 00:59:33.038,0.70462,0.7045100000000001,2.25,1
06.08.2021 00:59:36.156,0.7046100000000001,0.7045100000000001,2.25,1
06.08.2021 00:59:36.257,0.7046,0.7045,1,1.25
06.08.2021 00:59:48.950,0.7046100000000001,0.7045100000000001,2.25,1
06.08.2021 00:59:50.543,0.7046,0.7045100000000001,1,1
06.08.2021 00:59:50.970,0.70462,0.7045,2.25,1
06.08.2021 00:59:51.085,0.7046,0.7045100000000001,1,1
06.08.2021 00:59:51.310,0.7046,0.7045,1,1
06.08.2021 00:59:51.707,0.7046100000000001,0.7045,1,1
06.08.2021 01:00:00.017,0.70462,0.7045,2.62,1
06.08.2021 01:00:00.118,0.70464,0.7045300000000001,1.5,1
06.08.2021 01:00:00.169,0.70465,0.7045300000000001,1.5,1.5
06.08.2021 01:00:00.271,0.7046600000000001,0.7045399999999999,2.62,1
06.08.2021 01:00:00.321,0.7046300000000001,0.70452,2.25,1
06.08.2021 01:00:00.423,0.70462,0.7045,1,1
06.08.2021 01:00:00.580,0.7046300000000001,0.70452,4.5,1
06.08.2021 01:00:01.096,0.7046300000000001,0.7045100000000001,3.75,1
06.08.2021 01:00:01.198,0.7046100000000001,0.7045100000000001,1,1.25
06.08.2021 01:00:01.387,0.7046100000000001,0.7045,1,1
06.08.2021 01:00:01.524,0.70462,0.7045,1.5,1.25
06.08.2021 01:00:05.226,0.7046100000000001,0.7045,1,1
06.08.2021 01:00:05.348,0.7046,0.7045,1,1
06.08.2021 01:00:05.735,0.7046100000000001,0.7045,1,1
06.08.2021 01:00:06.725,0.7046100000000001,0.7045100000000001,2.62,1
06.08.2021 01:00:07.974,0.7046,0.7045100000000001,1,1
06.08.2021 01:00:08.912,0.7046100000000001,0.7045100000000001,2.62,1
06.08.2021 01:00:11.016,0.7046,0.7045100000000001,1,1
06.08.2021 01:00:13.066,0.70462,0.7045,2.62,1
06.08.2021 01:00:13.479,0.7046100000000001,0.7045,1.5,1
06.08.2021 01:00:22.165,0.7046,0.70449,1.5,1
06.08.2021 01:00:24.135,0.70459,0.70449,1,1
06.08.2021 01:00:25.591,0.7046,0.70449,2.25,1
06.08.2021 01:00:27.190,0.70459,0.70449,1,1
06.08.2021 01:00:27.661,0.7045600000000001,0.7044600000000001,3,1.12
06.08.2021 01:00:27.712,0.7045300000000001,0.70442,2.62,1.5
06.08.2021 01:00:27.763,0.70452,0.7044100000000001,1.5,1
06.08.2021 01:00:27.864,0.70452,0.7044,2.25,1
06.08.2021 01:00:28.824,0.7045100000000001,0.70439,1,1.25
06.08.2021 01:00:30.453,0.70449,0.7044,1,1
06.08.2021 01:00:30.915,0.7044800000000001,0.70437,1,1
06.08.2021 01:00:31.016,0.70447,0.7043600000000001,1,1
06.08.2021 01:00:35.320,0.7044800000000001,0.7043600000000001,1.5,1
06.08.2021 01:00:40.150,0.7044600000000001,0.70437,1,1
06.08.2021 01:00:45.890,0.7044600000000001,0.7043600000000001,1,1
06.08.2021 01:00:49.612,0.7044600000000001,0.70434,1.5,1
06.08.2021 01:00:49.713,0.70445,0.70434,1,1
06.08.2021 01:00:50.358,0.70445,0.70433,1,1.5
06.08.2021 01:00:51.175,0.70444,0.70433,1,1
06.08.2021 01:00:52.388,0.70444,0.70434,1,1.5
06.08.2021 01:00:52.489,0.70445,0.70434,1,1
06.08.2021 01:00:56.004,0.7044600000000001,0.70434,1,1
06.08.2021 01:01:11.175,0.70442,0.7043,1,1.5
06.08.2021 01:01:11.277,0.7044100000000001,0.70429,1,1
06.08.2021 01:01:12.314,0.70439,0.7042700000000001,1,2.25
06.08.2021 01:01:14.169,0.7044,0.70428,1,1
06.08.2021 01:01:26.547,0.7044,0.70428,1,1.75
06.08.2021 01:01:26.749,0.7044,0.70428,1,1.25
06.08.2021 01:01:57.623,0.70439,0.70428,1,1
06.08.2021 01:01:59.017,0.7044,0.70428,1,2.44
06.08.2021 01:01:59.169,0.70443,0.7043100000000001,1,2.5
06.08.2021 01:01:59.271,0.70443,0.70433,1.12,1.69
06.08.2021 01:01:59.422,0.70445,0.70433,1,1
06.08.2021 01:02:00.671,0.70444,0.70435,1,1.25
06.08.2021 01:02:00.773,0.7044800000000001,0.70437,1,1
06.08.2021 01:02:01.330,0.70449,0.70437,1,1.5
06.08.2021 01:02:01.591,0.7044800000000001,0.70437,1,1.5
06.08.2021 01:02:01.693,0.7044600000000001,0.70437,1,1
06.08.2021 01:02:07.865,0.7044800000000001,0.7043600000000001,1.5,1.5
06.08.2021 01:02:08.157,0.7044600000000001,0.70437,1,1
06.08.2021 01:02:08.207,0.7044800000000001,0.7043600000000001,2.25,1.5
06.08.2021 01:02:09.145,0.70447,0.70438,1.5,1
06.08.2021 01:02:14.581,0.7045,0.70438,1,1
06.08.2021 01:02:14.683,0.7045,0.7044,1.12,1
06.08.2021 01:02:19.590,0.7045,0.70438,1,1
06.08.2021 01:02:22.523,0.7044800000000001,0.7043600000000001,1,1.5
06.08.2021 01:02:22.624,0.70447,0.70435,1.5,1
06.08.2021 01:02:29.993,0.7044600000000001,0.70434,1,1
06.08.2021 01:02:32.967,0.70445,0.70433,1,1
06.08.2021 01:02:36.195,0.70445,0.70434,1.5,1
06.08.2021 01:02:36.297,0.7044100000000001,0.70429,1,1.12
06.08.2021 01:02:40.563,0.7044,0.70428,1,1.5
06.08.2021 01:02:44.576,0.70442,0.70429,1.87,1
06.08.2021 01:02:45.319,0.70442,0.7043200000000001,1,1.5
06.08.2021 01:02:45.421,0.70444,0.7043100000000001,1.12,2.44
06.08.2021 01:02:45.522,0.70444,0.7043200000000001,1,1
06.08.2021 01:02:49.162,0.70444,0.70434,1,1
06.08.2021 01:02:49.714,0.70444,0.70433,1,1.25
06.08.2021 01:02:52.313,0.7044600000000001,0.70435,1,1
06.08.2021 01:02:52.879,0.7044800000000001,0.70435,1.12,1
06.08.2021 01:02:53.066,0.7044800000000001,0.70438,1.5,1
06.08.2021 01:02:54.095,0.7044800000000001,0.7043600000000001,1.5,1
06.08.2021 01:02:54.775,0.70447,0.70435,1,1
06.08.2021 01:02:57.663,0.7044600000000001,0.70434,1,1
06.08.2021 01:02:59.516,0.70445,0.70433,1,1
06.08.2021 01:02:59.769,0.70443,0.70433,1,1.5
06.08.2021 01:03:01.085,0.70443,0.7043,2.62,1.69
06.08.2021 01:03:01.136,0.7044100000000001,0.7043,1,1
06.08.2021 01:03:01.187,0.7044100000000001,0.70428,1.5,1
06.08.2021 01:03:01.389,0.7044,0.70428,1,1
06.08.2021 01:03:01.515,0.7044100000000001,0.70428,2.62,1
06.08.2021 01:03:04.564,0.7044,0.7042700000000001,1,1.5
06.08.2021 01:03:08.798,0.70439,0.70428,1.5,1.5
06.08.2021 01:03:08.989,0.70439,0.70428,1,1.5
06.08.2021 01:03:11.530,0.70439,0.7042700000000001,1,1.5
06.08.2021 01:03:11.794,0.70439,0.7042700000000001,2.25,1.5
06.08.2021 01:03:11.993,0.70439,0.7042700000000001,2.25,1
06.08.2021 01:03:13.596,0.7044,0.70428,3,1
06.08.2021 01:03:20.564,0.70439,0.70428,1,1
06.08.2021 01:03:20.665,0.70438,0.70428,2.25,1
06.08.2021 01:03:24.505,0.7044,0.7042700000000001,2.25,1
06.08.2021 01:03:33.781,0.70439,0.7042700000000001,1,1
06.08.2021 01:03:48.811,0.70438,0.7042600000000001,1,2.25
06.08.2021 01:03:50.172,0.70439,0.7042700000000001,1,1
06.08.2021 01:03:50.737,0.7044,0.70429,1,1
06.08.2021 01:03:51.335,0.7044,0.70428,1.5,1
06.08.2021 01:03:59.012,0.70438,0.70429,1,1
06.08.2021 01:03:59.342,0.70439,0.70429,2.25,1
06.08.2021 01:03:59.894,0.70438,0.70429,1,1
06.08.2021 01:04:02.374,0.7044,0.70428,3,1
06.08.2021 01:04:02.885,0.70439,0.70428,1,1
06.08.2021 01:04:02.986,0.70438,0.70428,1.5,1.5
06.08.2021 01:04:04.250,0.70438,0.7042700000000001,1,1
06.08.2021 01:04:04.351,0.70438,0.7042600000000001,3,1
06.08.2021 01:04:06.182,0.70433,0.7042200000000001,2.25,1
06.08.2021 01:04:06.284,0.7043100000000001,0.7042,3,1
06.08.2021 01:04:06.385,0.7043,0.70418,2.25,1
06.08.2021 01:04:07.937,0.70429,0.70418,1,1
06.08.2021 01:04:08.039,0.70428,0.7041600000000001,2.25,1
06.08.2021 01:04:08.422,0.7042700000000001,0.7041600000000001,1,1
06.08.2021 01:04:09.002,0.70428,0.7041600000000001,3,1
06.08.2021 01:04:09.103,0.7042700000000001,0.7041600000000001,1,1
06.08.2021 01:04:14.428,0.70428,0.7041600000000001,1,1.5
06.08.2021 01:04:15.028,0.70429,0.70417,2.25,1
06.08.2021 01:04:22.130,0.70428,0.70419,1.5,1
06.08.2021 01:04:25.081,0.70429,0.7042,1.87,1
06.08.2021 01:04:25.252,0.7043100000000001,0.7042200000000001,1,1.5
06.08.2021 01:04:25.354,0.70438,0.7042600000000001,1.75,1.5
06.08.2021 01:04:25.455,0.70439,0.70429,1,1
06.08.2021 01:04:25.606,0.7044,0.7043,2.62,1
06.08.2021 01:04:26.402,0.7044100000000001,0.7043,1.87,1
06.08.2021 01:04:27.523,0.7044,0.7043,1.87,1
06.08.2021 01:04:30.450,0.7044,0.70429,1,1
06.08.2021 01:04:33.569,0.70438,0.70429,1.5,1.5
06.08.2021 01:04:34.458,0.70437,0.7042600000000001,1,1
06.08.2021 01:04:34.661,0.70437,0.70425,1,1
06.08.2021 01:04:42.523,0.7043600000000001,0.70425,1,1
06.08.2021 01:04:47.895,0.70438,0.7042700000000001,1,1
06.08.2021 01:04:47.997,0.70439,0.7042700000000001,1,1.69
06.08.2021 01:04:48.199,0.70439,0.70428,1,1.25
06.08.2021 01:04:56.063,0.70439,0.7042700000000001,1,1.69
06.08.2021 01:04:57.288,0.70438,0.7042600000000001,1,1
06.08.2021 01:05:01.659,0.7044,0.70428,1,1
06.08.2021 01:05:01.760,0.7044,0.70428,1,3.25
06.08.2021 01:05:01.810,0.70442,0.7043,1.5,1
06.08.2021 01:05:01.912,0.7044100000000001,0.70429,1,1
06.08.2021 01:05:02.766,0.70439,0.7043,1,1
06.08.2021 01:05:06.265,0.7044,0.70428,1,1.5
06.08.2021 01:05:07.614,0.70438,0.70428,1,1
06.08.2021 01:05:08.809,0.70439,0.70429,1.5,1
06.08.2021 01:05:11.483,0.70439,0.70428,1,1
06.08.2021 01:05:11.584,0.70439,0.7042700000000001,1.5,1
06.08.2021 01:05:11.686,0.70438,0.7042700000000001,1,1
06.08.2021 01:05:11.787,0.70439,0.7042700000000001,1.5,1
06.08.2021 01:05:13.413,0.7044,0.70428,1,1
06.08.2021 01:05:30.542,0.7044100000000001,0.70429,2.25,1
06.08.2021 01:05:39.135,0.7044,0.70428,1.5,1
06.08.2021 01:05:40.772,0.70438,0.70428,1.5,1.5
06.08.2021 01:05:45.513,0.70438,0.70429,1,1
06.08.2021 01:05:50.106,0.7044,0.70428,1.5,1
06.08.2021 01:05:50.258,0.7044100000000001,0.7043,1,1
06.08.2021 01:05:50.359,0.70445,0.7043600000000001,2.75,1
06.08.2021 01:05:50.460,0.70445,0.70437,2.75,2.44
06.08.2021 01:05:50.562,0.70445,0.70437,1,1.69
06.08.2021 01:05:50.764,0.70445,0.7043600000000001,1,1
06.08.2021 01:05:51.226,0.70449,0.70438,1,1
06.08.2021 01:05:51.478,0.7044800000000001,0.70437,1,1
06.08.2021 01:05:56.740,0.7044800000000001,0.7043600000000001,1.5,1
06.08.2021 01:05:56.841,0.7044100000000001,0.70433,1.5,1
06.08.2021 01:05:56.942,0.7044,0.7043100000000001,1,1
06.08.2021 01:05:57.044,0.70439,0.7043,1,1
06.08.2021 01:06:08.453,0.7044100000000001,0.70429,2.25,1
06.08.2021 01:06:31.573,0.7044,0.70428,1,1
06.08.2021 01:06:41.474,0.7043600000000001,0.7042700000000001,1,1
06.08.2021 01:06:41.625,0.70437,0.70425,1.5,1
06.08.2021 01:06:44.795,0.7043600000000001,0.70424,1,1.5
06.08.2021 01:06:47.576,0.70437,0.70428,1.5,1
06.08.2021 01:06:47.678,0.70438,0.70428,1.5,1
06.08.2021 01:06:47.779,0.70438,0.70429,1,1
06.08.2021 01:06:47.910,0.7044,0.70428,1.87,1
06.08.2021 01:06:57.130,0.70438,0.7042700000000001,1,1
06.08.2021 01:06:57.877,0.70439,0.7042700000000001,1.5,1
06.08.2021 01:07:07.473,0.70438,0.7042700000000001,1,1
06.08.2021 01:07:07.575,0.70438,0.7042600000000001,2.25,1.12
06.08.2021 01:07:07.677,0.70437,0.7042600000000001,1,1.12
06.08.2021 01:07:09.739,0.70437,0.70425,1.5,1
06.08.2021 01:07:10.270,0.7043600000000001,0.70425,1,1
06.08.2021 01:07:10.624,0.70437,0.7042600000000001,1,1
06.08.2021 01:07:10.725,0.70438,0.7042600000000001,1.5,1
06.08.2021 01:07:19.272,0.70437,0.70425,1,1
06.08.2021 01:07:20.052,0.70437,0.70424,1,1.69
06.08.2021 01:07:25.018,0.70434,0.70424,1.5,1.5
06.08.2021 01:07:25.119,0.70435,0.70423,1,1.25
06.08.2021 01:07:28.543,0.70434,0.7042200000000001,1,1.69
06.08.2021 01:07:30.373,0.70434,0.70424,1,1
06.08.2021 01:07:37.680,0.7043600000000001,0.70424,1,1.25
06.08.2021 01:07:37.781,0.70437,0.70425,1,1.69
06.08.2021 01:07:39.205,0.7043600000000001,0.70424,1.5,1
06.08.2021 01:07:42.022,0.70434,0.70424,1,1.75
06.08.2021 01:07:52.427,0.70434,0.70423,1,1.25
06.08.2021 01:07:52.934,0.70435,0.70423,1,1.75
06.08.2021 01:07:58.471,0.70434,0.7042200000000001,1,2.5
06.08.2021 01:08:03.198,0.70434,0.7042200000000001,1,1.75
06.08.2021 01:08:17.297,0.70434,0.7042200000000001,1,1.69
06.08.2021 01:08:24.180,0.7043200000000001,0.7042200000000001,1,1.75
06.08.2021 01:08:37.543,0.70434,0.7042200000000001,1,1.69
06.08.2021 01:08:52.195,0.7043100000000001,0.7042,1,1.75
06.08.2021 01:08:52.246,0.7043,0.70418,1.5,1
06.08.2021 01:08:52.347,0.7042700000000001,0.70418,1,1
06.08.2021 01:09:06.234,0.7042700000000001,0.70417,1,1
06.08.2021 01:09:09.824,0.7042700000000001,0.70418,1,1.25
06.08.2021 01:09:16.295,0.70429,0.70419,1,1
06.08.2021 01:09:17.444,0.70429,0.70417,1,1.69
06.08.2021 01:09:22.579,0.70429,0.70419,1,1
06.08.2021 01:09:26.668,0.7043,0.70419,2.62,1.25
06.08.2021 01:09:26.719,0.70433,0.70423,2,1
06.08.2021 01:09:26.921,0.70435,0.70423,1,1.25
06.08.2021 01:09:27.022,0.7043600000000001,0.70425,1,1
06.08.2021 01:09:51.938,0.70438,0.70429,1,1
06.08.2021 01:09:52.039,0.7044,0.7043,2.62,1
06.08.2021 01:09:52.140,0.7044100000000001,0.7043,1,1
06.08.2021 01:10:01.189,0.7044100000000001,0.70429,2.25,1
06.08.2021 01:10:02.372,0.7044100000000001,0.7043,2.25,1
06.08.2021 01:10:02.473,0.7044,0.70428,1,1
06.08.2021 01:10:02.610,0.7044100000000001,0.7043,2.25,1
06.08.2021 01:10:02.661,0.7044,0.70428,1,1
06.08.2021 01:10:02.765,0.7044100000000001,0.7043,2.25,1
06.08.2021 01:10:02.866,0.7044,0.70428,1,1
06.08.2021 01:10:03.221,0.7044100000000001,0.7043,2.25,1
06.08.2021 01:10:03.271,0.7044,0.70428,1,1
06.08.2021 01:10:03.721,0.7044100000000001,0.7043,2.25,1
06.08.2021 01:10:07.756,0.7044100000000001,0.70429,3,1
06.08.2021 01:10:15.805,0.7044100000000001,0.7043,2.25,1
06.08.2021 01:10:15.907,0.7044100000000001,0.70429,3,1
06.08.2021 01:10:18.171,0.7044100000000001,0.7043,2.25,1
06.08.2021 01:10:18.421,0.7044100000000001,0.70429,3,1
06.08.2021 01:10:24.690,0.7044100000000001,0.7043,2.25,1
06.08.2021 01:10:25.025,0.7044100000000001,0.70429,3,1
06.08.2021 01:10:29.071,0.7044100000000001,0.7043,2.25,1
06.08.2021 01:10:29.250,0.7044,0.7043,3,1
06.08.2021 01:10:29.841,0.7044,0.7043100000000001,2.25,1
06.08.2021 01:10:29.977,0.7044100000000001,0.70429,3,1
06.08.2021 01:10:32.365,0.7044100000000001,0.7043,3,1
06.08.2021 01:10:32.617,0.7044100000000001,0.70429,3,1
06.08.2021 01:10:33.560,0.7044,0.7043100000000001,3,1
06.08.2021 01:10:33.742,0.7044100000000001,0.70429,3,1
06.08.2021 01:10:33.843,0.7044100000000001,0.7043,3,1
06.08.2021 01:10:33.944,0.7044100000000001,0.70429,3,1
06.08.2021 01:10:34.281,0.7044100000000001,0.7043,3,1
06.08.2021 01:10:34.432,0.7044100000000001,0.70429,3,1
06.08.2021 01:10:35.639,0.7044,0.7043100000000001,3,1
06.08.2021 01:10:35.740,0.7044100000000001,0.70429,3,1
06.08.2021 01:10:37.084,0.70439,0.7043,1,1
06.08.2021 01:10:37.261,0.7044100000000001,0.7043,3,1
06.08.2021 01:10:37.362,0.7044,0.7043,3,1
06.08.2021 01:10:37.770,0.7044100000000001,0.7043,3,1
06.08.2021 01:10:37.898,0.7044,0.7043,3,1
06.08.2021 01:10:40.085,0.7044100000000001,0.7043,3,1
06.08.2021 01:10:40.209,0.7044,0.70429,1,1
06.08.2021 01:10:43.822,0.7044100000000001,0.7043,3,1
06.08.2021 01:10:43.923,0.7044,0.70429,1,1
06.08.2021 01:10:44.765,0.7044100000000001,0.7043,3,1
06.08.2021 01:10:44.866,0.7044,0.70429,1,1
06.08.2021 01:10:57.145,0.7044100000000001,0.70429,2.25,1
06.08.2021 01:10:57.375,0.7044,0.70429,1,1
06.08.2021 01:11:03.046,0.7044100000000001,0.70429,1.5,1
06.08.2021 01:11:03.147,0.7044,0.70429,1,1
06.08.2021 01:11:05.535,0.7044100000000001,0.70429,2.25,1
06.08.2021 01:11:05.636,0.70439,0.7043,1,1
06.08.2021 01:11:06.044,0.70439,0.70428,1,1
06.08.2021 01:11:07.205,0.7044,0.70428,1,1
06.08.2021 01:11:07.360,0.7044100000000001,0.70429,2.25,1
06.08.2021 01:11:07.461,0.7044,0.70428,1,1
06.08.2021 01:11:08.305,0.7044,0.7043,2.25,1
06.08.2021 01:11:08.426,0.70439,0.70429,1,1
06.08.2021 01:11:08.545,0.7044100000000001,0.70429,2.25,1
06.08.2021 01:11:08.647,0.7044,0.70428,1,1
06.08.2021 01:11:11.135,0.7044100000000001,0.70429,2.25,1
06.08.2021 01:11:11.237,0.7044,0.70429,1,1
06.08.2021 01:11:12.713,0.70439,0.7042700000000001,1,1.5
06.08.2021 01:11:12.781,0.70439,0.7043,1.5,1
06.08.2021 01:11:12.832,0.70438,0.70428,1,1.5
06.08.2021 01:11:15.471,0.7044,0.70429,1.5,1
06.08.2021 01:11:15.522,0.70439,0.7042700000000001,1,1.69
06.08.2021 01:11:19.840,0.7044,0.70428,1.5,1
06.08.2021 01:11:26.273,0.7044,0.70429,1.5,1
06.08.2021 01:11:27.075,0.7044100000000001,0.7043,2.62,1
06.08.2021 01:11:28.830,0.7044100000000001,0.70429,2.62,1.5
06.08.2021 01:11:28.933,0.7044,0.70429,1,1
06.08.2021 01:11:30.147,0.7044,0.7043100000000001,3.37,1
06.08.2021 01:11:30.248,0.7044,0.70429,1,1
06.08.2021 01:11:31.725,0.7044100000000001,0.7043,3,1
06.08.2021 01:11:31.826,0.70439,0.7043,1,1
06.08.2021 01:11:41.423,0.70439,0.70428,1,1.5
06.08.2021 01:11:44.833,0.70433,0.70425,3.56,1.37
06.08.2021 01:11:44.934,0.70433,0.7042200000000001,1.25,2.12
06.08.2021 01:11:45.036,0.70433,0.7042600000000001,1,1
06.08.2021 01:11:45.086,0.7043100000000001,0.7042,1,1.75
06.08.2021 01:11:45.137,0.7043200000000001,0.70424,1,1.25
06.08.2021 01:11:45.238,0.7043,0.7042200000000001,1,1.12
06.08.2021 01:11:45.340,0.70433,0.70423,1,3.94
06.08.2021 01:11:45.441,0.70433,0.70425,1,1
06.08.2021 01:11:45.542,0.70434,0.70424,2.94,1
06.08.2021 01:11:45.644,0.7043200000000001,0.70424,1.12,2.44
06.08.2021 01:11:45.745,0.70434,0.70424,1,1.75
06.08.2021 01:11:45.847,0.70433,0.70423,1,1.5
06.08.2021 01:11:45.948,0.70433,0.7042600000000001,1,1
06.08.2021 01:11:45.999,0.70434,0.70423,1,2.25
06.08.2021 01:11:46.100,0.7043200000000001,0.7042200000000001,1,1
06.08.2021 01:11:46.202,0.70433,0.70425,1.12,1
06.08.2021 01:11:46.303,0.7043100000000001,0.7042100000000001,1,1
06.08.2021 01:11:46.404,0.70437,0.7042700000000001,1,2.5
06.08.2021 01:11:46.455,0.70439,0.70429,1,1
06.08.2021 01:11:46.657,0.70438,0.70429,1,1
06.08.2021 01:11:46.765,0.70438,0.70428,1,1.25
06.08.2021 01:11:50.449,0.70434,0.70424,2,2.75
06.08.2021 01:11:50.550,0.70433,0.70424,2.06,1
06.08.2021 01:11:50.651,0.7043200000000001,0.70424,1,1
06.08.2021 01:11:50.702,0.7043,0.7042100000000001,1,1
06.08.2021 01:11:50.904,0.70429,0.7042,1,1
06.08.2021 01:11:51.656,0.7042700000000001,0.7042,1,1
06.08.2021 01:11:51.757,0.7042700000000001,0.70418,1,1.25
06.08.2021 01:11:51.858,0.70428,0.70418,1,1.25
06.08.2021 01:11:51.985,0.70429,0.70419,1,1
06.08.2021 01:11:52.087,0.7042700000000001,0.70418,1,1.25
06.08.2021 01:11:52.500,0.70428,0.70418,1,1.25
06.08.2021 01:11:52.602,0.7042200000000001,0.70414,1,1
06.08.2021 01:11:52.653,0.7042100000000001,0.70412,1,1.5
06.08.2021 01:11:52.703,0.70423,0.70414,1,1
06.08.2021 01:11:52.754,0.70425,0.70414,1,1.87
06.08.2021 01:11:52.805,0.70423,0.70414,1,3.44
06.08.2021 01:11:52.856,0.70428,0.70419,1.87,1
06.08.2021 01:11:52.957,0.7043,0.7042,1.5,1
06.08.2021 01:11:53.058,0.70429,0.7042200000000001,1.5,1
06.08.2021 01:11:55.766,0.70429,0.7042,1,1
06.08.2021 01:11:57.085,0.7043,0.7042,1.5,1
06.08.2021 01:11:57.187,0.70428,0.7042100000000001,1,1
06.08.2021 01:11:58.425,0.7043,0.7042100000000001,1.5,1
06.08.2021 01:11:58.527,0.7043,0.7042200000000001,1,1
06.08.2021 01:11:59.339,0.7043100000000001,0.70423,1,1
06.08.2021 01:11:59.390,0.70435,0.7042600000000001,1,1
06.08.2021 01:11:59.441,0.70437,0.7042700000000001,1.12,1
06.08.2021 01:11:59.491,0.70438,0.70429,1.5,1
06.08.2021 01:11:59.593,0.70438,0.70429,1,1
06.08.2021 01:12:00.908,0.70437,0.70428,1.5,1
06.08.2021 01:12:01.009,0.7043100000000001,0.7042200000000001,1,1
06.08.2021 01:12:04.543,0.70429,0.7042200000000001,1,1
06.08.2021 01:12:16.827,0.7043100000000001,0.7042100000000001,1,1
06.08.2021 01:12:26.224,0.7043,0.70423,1,1
06.08.2021 01:12:26.275,0.70435,0.7042700000000001,2.81,1
06.08.2021 01:12:26.377,0.70437,0.70428,1,1
06.08.2021 01:12:26.479,0.70438,0.70428,1,1
06.08.2021 01:12:29.095,0.70437,0.7042700000000001,1.5,1
06.08.2021 01:12:29.197,0.70435,0.7042600000000001,1,1
06.08.2021 01:12:34.595,0.70434,0.70425,1.5,1
06.08.2021 01:12:34.645,0.7043200000000001,0.7042200000000001,1,1
06.08.2021 01:12:34.747,0.7043100000000001,0.7042200000000001,1,1
06.08.2021 01:12:36.134,0.7043200000000001,0.70423,1,1
06.08.2021 01:12:36.185,0.70435,0.7042700000000001,1.69,1
06.08.2021 01:12:36.236,0.7043600000000001,0.70428,1,1.25
06.08.2021 01:12:36.338,0.70438,0.70428,1,1
06.08.2021 01:12:44.649,0.70439,0.70429,1,1
06.08.2021 01:13:10.281,0.70433,0.70423,1.87,1
06.08.2021 01:13:10.382,0.7043100000000001,0.7042100000000001,1,1.12
06.08.2021 01:13:18.863,0.7043100000000001,0.7042,1,1
06.08.2021 01:13:20.033,0.7043,0.7042200000000001,1,1
06.08.2021 01:13:20.523,0.7043200000000001,0.7042100000000001,1.5,1
06.08.2021 01:13:22.014,0.7043100000000001,0.7042100000000001,1,1
06.08.2021 01:13:24.705,0.7043200000000001,0.7042100000000001,2.25,1
06.08.2021 01:13:26.488,0.7043100000000001,0.7042100000000001,1,1
06.08.2021 01:13:30.294,0.7043100000000001,0.70423,2.44,1
06.08.2021 01:13:31.366,0.7043200000000001,0.7042100000000001,2.44,1
06.08.2021 01:13:35.435,0.7043100000000001,0.7042,1,1
06.08.2021 01:13:35.611,0.7043200000000001,0.7042200000000001,2.44,1
06.08.2021 01:13:36.642,0.7043200000000001,0.70424,3.56,1
06.08.2021 01:13:38.593,0.7043200000000001,0.70423,1,1
06.08.2021 01:13:52.587,0.70433,0.70423,2.81,1
06.08.2021 01:13:52.790,0.70437,0.70429,2.25,1
06.08.2021 01:13:52.943,0.70438,0.7043,1,1
06.08.2021 01:13:58.383,0.7044100000000001,0.7043100000000001,2.19,1
06.08.2021 01:13:58.434,0.7044100000000001,0.7043200000000001,1.69,1
06.08.2021 01:13:59.293,0.7044100000000001,0.7043200000000001,2.5,1
06.08.2021 01:14:01.478,0.7044100000000001,0.7043200000000001,1.69,1
06.08.2021 01:14:01.579,0.70442,0.7043200000000001,3.19,1
06.08.2021 01:14:04.594,0.7044,0.7043100000000001,1.75,1
06.08.2021 01:14:04.695,0.70438,0.7043,1.25,1
06.08.2021 01:14:04.847,0.70438,0.7043,2.5,1
06.08.2021 01:14:05.921,0.70434,0.70424,1.69,1.25
06.08.2021 01:14:06.022,0.70434,0.70424,3.94,1
06.08.2021 01:14:06.123,0.70433,0.70423,1.31,1
06.08.2021 01:14:18.266,0.70434,0.70425,1,1
06.08.2021 01:14:18.317,0.7043600000000001,0.7042600000000001,2.06,1
06.08.2021 01:14:18.468,0.70439,0.70429,2.44,1
06.08.2021 01:14:18.620,0.70439,0.7043,1.69,1
06.08.2021 01:14:19.416,0.70439,0.7043100000000001,1.69,1
06.08.2021 01:14:19.668,0.70439,0.7043200000000001,1.25,1
06.08.2021 01:14:29.360,0.70442,0.7043100000000001,2.81,1
06.08.2021 01:14:32.838,0.70442,0.7043200000000001,2.62,1
06.08.2021 01:14:36.250,0.70442,0.7043100000000001,1.87,1
06.08.2021 01:14:42.053,0.70443,0.70433,3,1
06.08.2021 01:14:42.154,0.70445,0.70435,1.5,1
06.08.2021 01:14:42.256,0.7044600000000001,0.70435,1.12,1
06.08.2021 01:14:45.071,0.70447,0.7043600000000001,1.31,1
06.08.2021 01:14:45.173,0.7044800000000001,0.70437,2.25,1
06.08.2021 01:14:46.211,0.70449,0.7044,1,1
06.08.2021 01:14:46.312,0.70449,0.7044100000000001,1.12,1
06.08.2021 01:14:47.448,0.7045,0.7044100000000001,1,1
06.08.2021 01:14:48.421,0.7045100000000001,0.7044100000000001,1.31,1
06.08.2021 01:14:49.701,0.7045100000000001,0.70438,2.06,1
06.08.2021 01:14:49.901,0.7045,0.70442,1.31,1
06.08.2021 01:14:53.555,0.70452,0.7044100000000001,2.06,1
06.08.2021 01:14:54.778,0.7045100000000001,0.7044100000000001,1,1
06.08.2021 01:15:00.559,0.7045,0.7044100000000001,1,1
06.08.2021 01:15:06.664,0.7045,0.7044,1,1
06.08.2021 01:15:38.729,0.70449,0.7044,1,1
06.08.2021 01:15:41.010,0.7045,0.7044,1,1
06.08.2021 01:16:08.451,0.70447,0.7044100000000001,1,1
06.08.2021 01:16:08.502,0.70444,0.70434,2,1.5
06.08.2021 01:16:08.603,0.70444,0.70434,3,1
06.08.2021 01:16:08.704,0.70443,0.70433,1.25,1
06.08.2021 01:16:13.568,0.70443,0.7043200000000001,1.69,1
06.08.2021 01:16:18.732,0.70445,0.70434,1.69,1
06.08.2021 01:16:20.118,0.70444,0.70434,1,1
06.08.2021 01:16:20.219,0.70444,0.70433,3.19,1
06.08.2021 01:16:22.443,0.7044800000000001,0.7043600000000001,2.81,1.5
06.08.2021 01:16:22.494,0.7044800000000001,0.70439,1.25,1
06.08.2021 01:16:22.595,0.7045,0.7044,2.12,1
06.08.2021 01:16:37.567,0.7045100000000001,0.7044,5.31,1
06.08.2021 01:16:37.719,0.7045,0.7044,1.75,1
06.08.2021 01:16:40.110,0.7045,0.70439,1.75,1
06.08.2021 01:16:50.117,0.7045,0.70439,1.25,1
06.08.2021 01:16:55.661,0.7045,0.7044100000000001,1.5,1
06.08.2021 01:17:04.662,0.7045100000000001,0.7044,4,1
06.08.2021 01:17:04.966,0.7045,0.70439,2.5,1
06.08.2021 01:17:05.220,0.70447,0.70438,1.75,1
06.08.2021 01:17:05.322,0.70447,0.7043600000000001,1.25,1
06.08.2021 01:17:08.320,0.70444,0.7043600000000001,1,1
06.08.2021 01:17:08.372,0.70443,0.7043200000000001,1.12,1
06.08.2021 01:17:11.556,0.70442,0.7043100000000001,1,1
06.08.2021 01:17:12.440,0.7044100000000001,0.70433,1,1.87
06.08.2021 01:17:12.491,0.70447,0.7043600000000001,2.08,1
06.08.2021 01:17:12.542,0.7044800000000001,0.70439,1.37,1
06.08.2021 01:17:12.643,0.70449,0.70438,1,1
06.08.2021 01:17:12.845,0.7045,0.70439,1.69,1
06.08.2021 01:17:24.308,0.70449,0.70438,1.25,1
06.08.2021 01:17:24.904,0.7045,0.70439,1.12,1
06.08.2021 01:17:25.005,0.7045,0.7044100000000001,2.19,1
06.08.2021 01:17:29.188,0.7045,0.7044100000000001,1.31,1
06.08.2021 01:18:04.541,0.70452,0.70442,1,1
06.08.2021 01:18:04.642,0.7045800000000001,0.7045,1.75,1
06.08.2021 01:18:04.743,0.7046100000000001,0.7045,1.12,1
06.08.2021 01:18:04.946,0.7046,0.7045,5.31,1
06.08.2021 01:18:13.298,0.7046100000000001,0.7045,1,1
06.08.2021 01:18:51.471,0.7046,0.7045,1,1
06.08.2021 01:18:51.573,0.7046,0.70449,1.5,1
06.08.2021 01:18:52.640,0.7046,0.7044800000000001,1.69,1
06.08.2021 01:18:52.906,0.7046,0.70449,1,1
06.08.2021 01:18:56.226,0.70459,0.7044800000000001,1,1
06.08.2021 01:19:01.671,0.7046100000000001,0.70449,2.25,1
06.08.2021 01:19:01.772,0.70459,0.70449,3.19,1
06.08.2021 01:19:02.759,0.7045399999999999,0.70443,4.44,1.5
06.08.2021 01:19:02.861,0.70452,0.7044,1,1.12
06.08.2021 01:19:03.520,0.7045,0.7044100000000001,1,1
06.08.2021 01:19:04.539,0.7045,0.7044,1.69,1
06.08.2021 01:19:04.590,0.70449,0.70438,1.5,1
06.08.2021 01:19:07.363,0.70449,0.70439,1,1
06.08.2021 01:19:08.276,0.7044800000000001,0.70439,1.5,1
06.08.2021 01:19:17.156,0.70449,0.70439,1.12,1
06.08.2021 01:19:17.257,0.7045100000000001,0.70439,1.5,1
06.08.2021 01:19:25.514,0.7045100000000001,0.70442,1.87,1
06.08.2021 01:19:42.030,0.7045600000000001,0.70445,5.19,1
06.08.2021 01:19:42.081,0.70457,0.70447,2.7,1
06.08.2021 01:19:46.408,0.70459,0.7044800000000001,1.12,1
06.08.2021 01:19:46.560,0.70459,0.70449,1.12,1
06.08.2021 01:19:52.596,0.7046,0.70449,1.5,1
06.08.2021 01:20:00.586,0.70459,0.70449,1,1
06.08.2021 01:20:16.045,0.70459,0.7044800000000001,1,1
06.08.2021 01:20:38.535,0.7045399999999999,0.70443,3,1.87
06.08.2021 01:20:38.636,0.70452,0.70443,1.87,1
06.08.2021 01:20:38.737,0.70452,0.7044100000000001,1,1.5
06.08.2021 01:20:38.844,0.70452,0.7044100000000001,1,1
06.08.2021 01:20:41.113,0.7045300000000001,0.7044100000000001,1,1.25
06.08.2021 01:20:41.214,0.7045300000000001,0.70442,1,1.25
06.08.2021 01:20:43.713,0.7045300000000001,0.70444,1,1
06.08.2021 01:20:49.523,0.7045399999999999,0.70445,1,1
06.08.2021 01:20:49.885,0.7045600000000001,0.70445,1,1
06.08.2021 01:20:52.675,0.70457,0.70445,1,1
06.08.2021 01:20:52.776,0.7045800000000001,0.7044600000000001,1.87,1
06.08.2021 01:20:56.046,0.7045800000000001,0.7044800000000001,1,1
06.08.2021 01:20:58.228,0.70455,0.70444,2.25,1.5
06.08.2021 01:20:59.098,0.70455,0.70443,2.25,1.25
06.08.2021 01:21:00.227,0.70457,0.7044600000000001,1.12,1
06.08.2021 01:21:00.329,0.7045800000000001,0.7044600000000001,1.87,1
06.08.2021 01:21:05.917,0.7045600000000001,0.7044600000000001,1,1
06.08.2021 01:21:05.968,0.70455,0.70443,4.12,1
06.08.2021 01:21:06.069,0.7045399999999999,0.70443,1,1
06.08.2021 01:21:07.159,0.7045399999999999,0.70442,1,1
06.08.2021 01:21:07.787,0.7045399999999999,0.70442,2.75,1
06.08.2021 01:21:08.750,0.7045300000000001,0.7044100000000001,1.12,1
06.08.2021 01:21:14.176,0.7045300000000001,0.70442,2.62,1
06.08.2021 01:21:18.539,0.7045300000000001,0.70442,3.12,1
06.08.2021 01:21:19.696,0.70452,0.7044100000000001,1.87,1
06.08.2021 01:21:21.926,0.70452,0.70442,1.87,1
06.08.2021 01:21:57.498,0.70452,0.7044100000000001,1.12,1
06.08.2021 01:22:25.860,0.7045,0.7044100000000001,1,1
06.08.2021 01:22:28.361,0.70449,0.70438,1.5,1
06.08.2021 01:22:28.464,0.70444,0.70434,2.44,2.25
06.08.2021 01:22:28.515,0.7044600000000001,0.70435,1.25,1.12
06.08.2021 01:22:28.617,0.70447,0.7043600000000001,1,1
06.08.2021 01:22:28.768,0.7044800000000001,0.70438,1.12,1
06.08.2021 01:22:34.545,0.70447,0.70438,1.5,1
06.08.2021 01:22:35.447,0.7044800000000001,0.70439,1.87,1
06.08.2021 01:23:00.878,0.7045100000000001,0.7044100000000001,2,1
06.08.2021 01:23:00.929,0.7045100000000001,0.70442,1,1
06.08.2021 01:23:01.031,0.7045100000000001,0.70443,1,1
06.08.2021 01:23:08.729,0.7045399999999999,0.70445,1.5,1
06.08.2021 01:23:08.780,0.70455,0.70445,1.87,1
06.08.2021 01:23:08.982,0.7045600000000001,0.70445,1.5,1
06.08.2021 01:23:10.267,0.7045800000000001,0.7044800000000001,1,1
06.08.2021 01:23:10.368,0.7045800000000001,0.70449,1,1
06.08.2021 01:23:10.521,0.70459,0.70449,1,1
06.08.2021 01:23:15.141,0.7046100000000001,0.7045,2.06,1
06.08.2021 01:23:20.765,0.7046,0.7045,2.44,1
06.08.2021 01:23:20.816,0.7045800000000001,0.70447,1.5,1
06.08.2021 01:23:21.513,0.70455,0.70444,4.5,1
06.08.2021 01:23:23.615,0.7045399999999999,0.70445,2,1
06.08.2021 01:23:23.826,0.70455,0.70444,1.5,1
06.08.2021 01:23:26.634,0.70455,0.70445,1,1
06.08.2021 01:23:40.966,0.7045300000000001,0.70443,1,1
06.08.2021 01:23:41.067,0.70452,0.7044100000000001,1,1
06.08.2021 01:23:42.764,0.7045100000000001,0.7044,1,1
06.08.2021 01:23:46.208,0.7045100000000001,0.70442,1.87,1
06.08.2021 01:24:00.992,0.7045100000000001,0.7044100000000001,1,1
06.08.2021 01:24:02.525,0.70449,0.70442,1,1
06.08.2021 01:24:02.576,0.70447,0.7043600000000001,1.5,1
06.08.2021 01:24:04.295,0.70443,0.70435,2.25,1
06.08.2021 01:24:04.397,0.70445,0.70434,3,1.25
06.08.2021 01:24:04.922,0.70444,0.70435,3,1.75
06.08.2021 01:24:11.274,0.70444,0.70435,3,1.25
06.08.2021 01:24:11.375,0.70443,0.70435,1,1.25
06.08.2021 01:24:12.083,0.70442,0.70433,1,1
06.08.2021 01:24:12.185,0.7044100000000001,0.7043200000000001,1,1.12
06.08.2021 01:24:12.336,0.7044100000000001,0.70433,1,1.12
06.08.2021 01:24:13.127,0.7044,0.7043200000000001,1,1
06.08.2021 01:24:27.270,0.70437,0.70429,1,1
06.08.2021 01:24:27.321,0.70438,0.7043100000000001,1,1
06.08.2021 01:24:35.599,0.70438,0.70429,1,1
06.08.2021 01:25:12.137,0.70438,0.70428,1,1
06.08.2021 01:25:26.899,0.70438,0.70428,1.5,1
06.08.2021 01:25:27.102,0.70438,0.70428,1,1
06.08.2021 01:25:48.328,0.70439,0.70428,1,1
06.08.2021 01:25:58.532,0.70438,0.7043,1,1
06.08.2021 01:26:00.613,0.70438,0.70428,1.5,1
06.08.2021 01:26:01.460,0.70439,0.70428,2.62,1
06.08.2021 01:26:04.703,0.70438,0.7042700000000001,1,1
06.08.2021 01:26:10.675,0.70439,0.70428,1,1
06.08.2021 01:26:18.322,0.70438,0.70428,1.5,1
06.08.2021 01:26:18.373,0.70434,0.70423,1,1
06.08.2021 01:26:18.625,0.7043200000000001,0.7042200000000001,1,1
06.08.2021 01:26:24.093,0.70439,0.70428,2.3,1
06.08.2021 01:26:24.194,0.70439,0.70429,1.75,1
06.08.2021 01:26:24.296,0.70438,0.70428,1,1
06.08.2021 01:26:25.303,0.70439,0.70429,1,1
06.08.2021 01:26:25.405,0.70438,0.70429,1,1
06.08.2021 01:26:30.795,0.70438,0.7043,2.25,1
06.08.2021 01:26:33.495,0.70437,0.7043,1,1
06.08.2021 01:26:38.956,0.70439,0.70429,1.5,1
06.08.2021 01:26:39.058,0.7044,0.70429,1.87,1
06.08.2021 01:26:39.566,0.70439,0.70429,1.5,1
06.08.2021 01:26:40.606,0.70438,0.7043100000000001,1,1
06.08.2021 01:26:40.709,0.70439,0.7043100000000001,1,1
06.08.2021 01:26:45.392,0.7044100000000001,0.7043,1.5,1
06.08.2021 01:26:46.702,0.70442,0.7043100000000001,1.87,1
06.08.2021 01:26:47.182,0.70442,0.70435,1,1
06.08.2021 01:26:47.284,0.70444,0.70434,1.69,1
06.08.2021 01:26:53.416,0.70444,0.70435,1,1
06.08.2021 01:26:53.521,0.7044600000000001,0.70437,1.31,1
06.08.2021 01:26:53.622,0.7044600000000001,0.7043600000000001,1.25,1
06.08.2021 01:26:54.529,0.7044600000000001,0.70438,1.87,1
06.08.2021 01:27:00.259,0.7044800000000001,0.7044,1,1
06.08.2021 01:27:00.360,0.70449,0.7044,1.25,1
06.08.2021 01:27:01.556,0.70443,0.7043600000000001,1.25,1
06.08.2021 01:27:01.658,0.70443,0.70433,1.31,1
06.08.2021 01:27:02.889,0.70442,0.7043200000000001,1,1
06.08.2021 01:27:04.635,0.70443,0.70433,1.87,1
06.08.2021 01:27:05.509,0.70445,0.70434,1.87,1
06.08.2021 01:27:06.591,0.70445,0.7043600000000001,1.12,1
06.08.2021 01:27:22.251,0.70449,0.70437,1.75,1.5
06.08.2021 01:27:22.352,0.70449,0.7044,1.25,1
06.08.2021 01:27:25.107,0.70444,0.70437,1.5,1
06.08.2021 01:27:25.209,0.70445,0.70435,1.5,1
06.08.2021 01:27:25.310,0.70445,0.7043600000000001,1.5,1
06.08.2021 01:27:25.411,0.70445,0.70437,1,1
06.08.2021 01:27:26.674,0.70443,0.70434,2.75,1
06.08.2021 01:27:26.826,0.7044100000000001,0.70433,1,1
06.08.2021 01:27:32.196,0.70442,0.7043100000000001,1.31,1
06.08.2021 01:27:36.955,0.70445,0.70435,3.12,1
06.08.2021 01:27:37.108,0.70449,0.70439,1.25,1
06.08.2021 01:28:09.305,0.7044800000000001,0.70439,1,1
06.08.2021 01:28:10.555,0.70444,0.70435,4.87,1.25
06.08.2021 01:28:10.656,0.70442,0.70434,1,1
06.08.2021 01:28:10.758,0.70443,0.7043200000000001,1.25,1
06.08.2021 01:28:11.594,0.70442,0.7043100000000001,1,1
06.08.2021 01:28:14.196,0.7044100000000001,0.7043100000000001,1.25,1
06.08.2021 01:28:14.297,0.7044100000000001,0.7043100000000001,2.5,1
06.08.2021 01:28:15.214,0.70439,0.70429,1.25,1
06.08.2021 01:28:21.436,0.7044,0.70429,3.56,1
06.08.2021 01:28:22.956,0.70439,0.7043100000000001,1.31,1
06.08.2021 01:28:23.108,0.7044,0.7043100000000001,1.25,1
06.08.2021 01:28:23.210,0.70442,0.7043100000000001,4.37,1
06.08.2021 01:28:26.649,0.7044100000000001,0.7043200000000001,2.81,1
06.08.2021 01:28:27.371,0.70443,0.70433,2.19,3.19
06.08.2021 01:28:27.472,0.7045,0.70438,3.19,1.5
06.08.2021 01:28:27.523,0.70449,0.7044100000000001,1.69,1
06.08.2021 01:28:30.154,0.7045100000000001,0.7044,1.69,1
06.08.2021 01:28:48.809,0.7045,0.7044,1.25,1
06.08.2021 01:28:53.586,0.7045,0.7044,1.75,1
06.08.2021 01:28:53.688,0.70445,0.70435,1.5,1
06.08.2021 01:28:53.839,0.7044600000000001,0.7043600000000001,1.5,1
06.08.2021 01:28:54.943,0.70447,0.7043600000000001,1.12,1
06.08.2021 01:28:55.161,0.7044800000000001,0.7044,1.31,1
06.08.2021 01:28:55.363,0.7045,0.70439,1.25,1
06.08.2021 01:29:00.343,0.7045100000000001,0.7044,1.69,1
06.08.2021 01:29:01.739,0.7045,0.7044,1,1
06.08.2021 01:29:01.840,0.7045,0.70439,1.25,1
06.08.2021 01:29:03.205,0.70449,0.70438,2.81,1
06.08.2021 01:29:03.306,0.70449,0.70437,2.81,1
06.08.2021 01:29:03.407,0.70449,0.70437,2.94,1
06.08.2021 01:29:04.744,0.70449,0.70439,1.87,1
06.08.2021 01:29:04.846,0.70444,0.7043600000000001,1.5,1
06.08.2021 01:29:04.948,0.70445,0.70434,2.25,1
06.08.2021 01:29:05.101,0.70444,0.70435,2.5,1
06.08.2021 01:29:13.464,0.70445,0.70433,3.62,1
06.08.2021 01:29:15.190,0.70445,0.70434,2.12,1
06.08.2021 01:29:16.105,0.70443,0.7043200000000001,1.31,1
06.08.2021 01:29:16.208,0.7044100000000001,0.7043200000000001,1,1
06.08.2021 01:29:18.378,0.70445,0.70437,2,1
06.08.2021 01:29:18.480,0.70452,0.70438,1.35,1
06.08.2021 01:29:18.531,0.70452,0.7044100000000001,1.25,1
06.08.2021 01:29:19.094,0.70452,0.7044100000000001,4.75,1
06.08.2021 01:29:29.620,0.7045100000000001,0.7044,1,1
06.08.2021 01:29:32.663,0.70452,0.7044100000000001,1.31,1
06.08.2021 01:29:32.713,0.70449,0.70442,1.75,1
06.08.2021 01:29:32.764,0.7045,0.70439,2.5,1
06.08.2021 01:29:33.474,0.7044800000000001,0.7044,1.25,1
06.08.2021 01:29:34.157,0.70444,0.70434,1.69,1
06.08.2021 01:29:34.258,0.70444,0.70435,2.44,1
06.08.2021 01:29:36.373,0.70445,0.70433,1.25,1
06.08.2021 01:29:36.917,0.70444,0.7043200000000001,1.25,1
06.08.2021 01:29:37.019,0.70442,0.70433,1.31,1
06.08.2021 01:29:37.465,0.70445,0.70435,1,1
06.08.2021 01:29:37.646,0.70447,0.70435,4.75,1
06.08.2021 01:29:37.850,0.7044800000000001,0.70439,1.25,1
06.08.2021 01:29:37.956,0.70449,0.70439,1.31,1
06.08.2021 01:29:41.460,0.7045100000000001,0.7044,1.75,1
06.08.2021 01:29:49.581,0.70449,0.70439,1.25,1
06.08.2021 01:29:55.503,0.7045,0.7044,1.75,1
06.08.2021 01:29:56.794,0.7045,0.7044,1.25,1
06.08.2021 01:29:57.085,0.7045,0.7044100000000001,1.25,1
06.08.2021 01:29:58.156,0.7045100000000001,0.7044100000000001,1.25,1
06.08.2021 01:30:00.207,0.7045100000000001,0.7044100000000001,1.25,1
06.08.2021 01:30:00.309,0.70449,0.7044100000000001,1.25,1
06.08.2021 01:30:00.360,0.70445,0.70435,3,1
06.08.2021 01:30:00.525,0.7044800000000001,0.70437,1.25,1
06.08.2021 01:30:00.627,0.7044800000000001,0.70437,1.25,1
06.08.2021 01:30:02.428,0.70449,0.70437,1.5,1
06.08.2021 01:30:02.530,0.70449,0.70439,1,1
06.08.2021 01:30:02.631,0.7045100000000001,0.7044,1,1
06.08.2021 01:30:02.734,0.70452,0.7044,1,1
06.08.2021 01:30:02.886,0.70452,0.7044100000000001,1,1
06.08.2021 01:30:02.987,0.70452,0.7044100000000001,1.5,1
06.08.2021 01:30:03.138,0.70452,0.7044100000000001,1,1
06.08.2021 01:30:03.923,0.7045100000000001,0.70439,4,1
06.08.2021 01:30:04.958,0.7045,0.7044,1,1
06.08.2021 01:30:05.059,0.7045100000000001,0.7044,1,1
06.08.2021 01:30:05.291,0.70452,0.7044,1,1
06.08.2021 01:30:05.392,0.7045300000000001,0.7044,2.06,1
06.08.2021 01:30:05.645,0.7045,0.7044100000000001,1,1
06.08.2021 01:30:05.747,0.7045,0.7044,1.25,1
06.08.2021 01:30:06.710,0.70449,0.70439,1.25,1
06.08.2021 01:30:09.423,0.7045100000000001,0.7044,1.25,1
06.08.2021 01:30:09.848,0.7045100000000001,0.7044100000000001,1.25,1
06.08.2021 01:30:11.829,0.7045,0.7044,1.25,1
06.08.2021 01:30:11.930,0.7045,0.70439,1.25,1
06.08.2021 01:30:18.160,0.7045,0.70439,2.5,1
06.08.2021 01:30:19.484,0.7045,0.70438,2.5,1
06.08.2021 01:30:19.585,0.7045,0.70439,1.75,1
06.08.2021 01:30:22.580,0.70443,0.70434,2.44,1
06.08.2021 01:30:22.682,0.70444,0.7043100000000001,2.5,1
06.08.2021 01:30:22.936,0.70444,0.7043100000000001,2.44,1
06.08.2021 01:30:23.269,0.70445,0.7043200000000001,1.25,1
06.08.2021 01:30:23.370,0.70445,0.70434,1.25,1
06.08.2021 01:30:24.316,0.70447,0.70434,2.5,1
06.08.2021 01:30:24.418,0.7044800000000001,0.7043600000000001,1.25,1
06.08.2021 01:30:29.668,0.7044800000000001,0.7043600000000001,1.25,1
06.08.2021 01:30:30.957,0.70447,0.7043600000000001,1,1
06.08.2021 01:30:31.058,0.70443,0.7043200000000001,1.12,1
06.08.2021 01:30:31.161,0.70442,0.7043200000000001,1.12,1
06.08.2021 01:30:34.187,0.70442,0.7043100000000001,1,1
06.08.2021 01:30:37.413,0.7044100000000001,0.7043,1.69,1
06.08.2021 01:30:37.514,0.7044100000000001,0.70429,1.69,1
06.08.2021 01:30:39.620,0.7044100000000001,0.7043,2.44,1
06.08.2021 01:30:42.429,0.7044,0.7043,1,1
06.08.2021 01:30:42.480,0.70438,0.7042700000000001,1,1
06.08.2021 01:30:42.581,0.70439,0.7042700000000001,3.19,1
06.08.2021 01:30:47.450,0.70439,0.7042600000000001,2.44,1
06.08.2021 01:30:47.552,0.7044100000000001,0.70429,3.19,1
06.08.2021 01:30:47.754,0.70439,0.7043,1.69,1
06.08.2021 01:30:47.957,0.7044,0.70428,1.69,1
06.08.2021 01:30:51.228,0.70434,0.70423,2,1.5
06.08.2021 01:30:51.330,0.70433,0.70423,2.94,1
06.08.2021 01:30:53.490,0.7043100000000001,0.70423,1.25,1
06.08.2021 01:30:58.306,0.7043100000000001,0.7042200000000001,2.44,1
06.08.2021 01:30:58.407,0.7043200000000001,0.7042100000000001,3.25,1
06.08.2021 01:31:00.804,0.7043100000000001,0.70423,1.75,1
06.08.2021 01:31:04.631,0.7043200000000001,0.7042200000000001,1.25,1
06.08.2021 01:31:05.979,0.7043200000000001,0.7042200000000001,1.31,1
06.08.2021 01:31:07.185,0.7043200000000001,0.70423,1.31,1
06.08.2021 01:31:13.545,0.70433,0.7042100000000001,1.31,1
06.08.2021 01:31:14.520,0.7043200000000001,0.7042200000000001,2.12,1
06.08.2021 01:31:18.537,0.70433,0.7042200000000001,1.12,1
06.08.2021 01:31:20.504,0.70435,0.70428,1,1
06.08.2021 01:31:20.554,0.70438,0.7043,1,1
06.08.2021 01:31:20.656,0.7044,0.7043,1.25,1
06.08.2021 01:31:20.757,0.7044,0.70429,1.75,1
06.08.2021 01:31:25.065,0.7044,0.70429,1.69,1
06.08.2021 01:31:26.091,0.7044,0.7043100000000001,2.06,1
06.08.2021 01:31:41.346,0.7044100000000001,0.70429,1.31,1
06.08.2021 01:31:41.448,0.7044,0.70429,1.69,1
06.08.2021 01:31:41.890,0.70439,0.70429,1,1
06.08.2021 01:31:42.418,0.70439,0.7043,2.25,1
06.08.2021 01:31:42.519,0.70439,0.7043100000000001,1,1
06.08.2021 01:31:43.716,0.7044,0.70429,1.69,1
06.08.2021 01:31:45.796,0.7044,0.7043,1,1
06.08.2021 01:31:47.297,0.7044,0.7043100000000001,1,1
06.08.2021 01:31:48.604,0.7044100000000001,0.7043100000000001,1,1
06.08.2021 01:31:48.705,0.70442,0.7043100000000001,1.31,1
06.08.2021 01:32:05.855,0.7044,0.7043200000000001,1.5,1
06.08.2021 01:32:05.907,0.70439,0.7043,1,1
06.08.2021 01:32:06.314,0.7044,0.7043,1.5,1
06.08.2021 01:32:07.270,0.7044,0.7043100000000001,1,1
06.08.2021 01:32:07.515,0.7044,0.7043200000000001,1.5,1
06.08.2021 01:32:11.249,0.7044,0.7043100000000001,1,1
06.08.2021 01:32:12.014,0.7044100000000001,0.7043100000000001,1.87,1
06.08.2021 01:32:15.664,0.70442,0.7043100000000001,1.12,1
06.08.2021 01:32:24.011,0.7044100000000001,0.7043100000000001,1,1
06.08.2021 01:32:24.204,0.70442,0.7043100000000001,1.87,1
06.08.2021 01:32:26.357,0.70443,0.70434,1,1
06.08.2021 01:32:26.458,0.70445,0.70435,1.5,1
06.08.2021 01:32:26.560,0.7044600000000001,0.70438,2.87,1
06.08.2021 01:32:27.036,0.7044600000000001,0.70437,1.25,1
06.08.2021 01:32:27.533,0.70447,0.70437,2.87,1
06.08.2021 01:32:28.556,0.7044800000000001,0.70437,2.25,1
06.08.2021 01:32:28.657,0.7044800000000001,0.70438,1.25,1
06.08.2021 01:32:30.088,0.70449,0.70438,1.12,1
06.08.2021 01:32:37.565,0.70449,0.7044,1.5,1
06.08.2021 01:32:38.653,0.7045,0.7044,1.31,1
06.08.2021 01:32:39.922,0.70449,0.70438,1.25,1
06.08.2021 01:32:42.037,0.70445,0.70439,1,1
06.08.2021 01:32:42.088,0.70445,0.70434,3.94,1
06.08.2021 01:32:42.189,0.70444,0.70433,1,1
06.08.2021 01:32:43.517,0.70444,0.7043200000000001,3.31,1
06.08.2021 01:32:51.183,0.70442,0.7043200000000001,1,1
06.08.2021 01:32:52.928,0.70443,0.7043100000000001,4.06,1
06.08.2021 01:32:53.550,0.7044100000000001,0.7043100000000001,1.25,1
06.08.2021 01:32:55.545,0.7044100000000001,0.7043,1.25,1
06.08.2021 01:32:56.352,0.7044100000000001,0.7043100000000001,1,1
06.08.2021 01:32:59.446,0.70442,0.7043100000000001,1.12,1
06.08.2021 01:33:01.232,0.70442,0.7043,2.25,1
06.08.2021 01:33:02.040,0.7044100000000001,0.7043,1,1
06.08.2021 01:33:04.699,0.70439,0.7043100000000001,1,1
06.08.2021 01:33:05.263,0.7044,0.70429,1,1
06.08.2021 01:33:05.390,0.7044100000000001,0.70429,1.87,1
06.08.2021 01:33:05.947,0.7044,0.70428,1.5,1
06.08.2021 01:33:06.634,0.7044100000000001,0.70428,2.62,1
06.08.2021 01:33:07.711,0.7044100000000001,0.70429,1.87,1
06.08.2021 01:33:15.313,0.70442,0.70429,3.37,1
06.08.2021 01:33:22.099,0.7044100000000001,0.70429,1,1
06.08.2021 01:33:22.200,0.7044100000000001,0.7043,2.62,1
06.08.2021 01:33:25.205,0.7044100000000001,0.7043100000000001,1.87,1
06.08.2021 01:33:29.968,0.7044100000000001,0.7043,1,1
06.08.2021 01:33:30.681,0.70442,0.7043,1.12,1
06.08.2021 01:33:32.002,0.70442,0.7043200000000001,1,1
06.08.2021 01:33:32.104,0.7044800000000001,0.70437,1.75,1.5
06.08.2021 01:33:32.205,0.7045,0.70438,1.3,1
06.08.2021 01:33:32.306,0.7045100000000001,0.70439,1.42,1
06.08.2021 01:33:32.407,0.7045100000000001,0.70439,1.12,1
06.08.2021 01:33:32.937,0.7045100000000001,0.7044,1.12,1
06.08.2021 01:33:36.624,0.70452,0.7044,1.87,1
06.08.2021 01:33:36.845,0.70452,0.7044100000000001,1.87,1
06.08.2021 01:33:37.197,0.7045100000000001,0.7044100000000001,1,1
06.08.2021 01:33:37.298,0.7045100000000001,0.7044,1.5,1
06.08.2021 01:33:45.926,0.70452,0.7044,2.25,1
06.08.2021 01:34:01.262,0.7044800000000001,0.7044100000000001,1,1
06.08.2021 01:34:01.363,0.7045,0.7044,3.5,1
06.08.2021 01:34:01.515,0.7045,0.7044,1.87,1
06.08.2021 01:34:02.152,0.70452,0.7044,2,1
06.08.2021 01:34:02.278,0.70452,0.7044100000000001,1,1
06.08.2021 01:35:04.109,0.7045300000000001,0.70442,2.75,1.69
06.08.2021 01:35:04.211,0.7046,0.7045,1,1
06.08.2021 01:35:04.312,0.7046100000000001,0.7045,1.87,1
06.08.2021 01:35:04.413,0.70462,0.7045,2.81,1
06.08.2021 01:35:10.519,0.70462,0.7045100000000001,2.62,1
06.08.2021 01:35:16.545,0.70462,0.7045,2.62,1
06.08.2021 01:35:18.100,0.70462,0.7045,2.75,1
06.08.2021 01:35:34.216,0.7046,0.7045,1,1
06.08.2021 01:35:36.773,0.7046100000000001,0.7045,1,1
06.08.2021 01:35:44.866,0.7045399999999999,0.7044600000000001,2,1
06.08.2021 01:35:44.917,0.70452,0.70443,1.12,2.37
06.08.2021 01:35:45.018,0.7045300000000001,0.7044100000000001,1.87,1
06.08.2021 01:35:45.169,0.7045100000000001,0.7044100000000001,1.25,1
06.08.2021 01:35:45.476,0.7045,0.7044,1.25,1
06.08.2021 01:35:46.890,0.7044800000000001,0.7044100000000001,1.25,1
06.08.2021 01:35:47.506,0.70449,0.70439,1.25,1
06.08.2021 01:35:50.191,0.70449,0.7044,1.25,1
06.08.2021 01:35:50.480,0.7045100000000001,0.7044,3.62,1
06.08.2021 01:35:55.531,0.7045100000000001,0.7044,2.06,1
06.08.2021 01:36:00.546,0.70449,0.7044,1.69,1
06.08.2021 01:36:00.597,0.7044800000000001,0.70439,3.25,1
06.08.2021 01:36:01.962,0.70449,0.70437,5.12,1
06.08.2021 01:36:15.767,0.7044800000000001,0.70438,1.25,1
06.08.2021 01:36:21.579,0.7044100000000001,0.70434,1.25,1
06.08.2021 01:36:21.629,0.70442,0.7043100000000001,1.75,1
06.08.2021 01:36:21.734,0.7044100000000001,0.7043,1.25,1
06.08.2021 01:36:21.939,0.70442,0.7043,4,1
06.08.2021 01:36:22.490,0.70439,0.7043,1.25,1
06.08.2021 01:36:22.591,0.70439,0.70429,1.25,1
06.08.2021 01:36:23.238,0.70435,0.70425,1.25,1
06.08.2021 01:36:23.289,0.7043600000000001,0.7042600000000001,1.25,1
06.08.2021 01:36:28.283,0.70438,0.7042700000000001,1.75,1
06.08.2021 01:36:28.384,0.70439,0.70428,2.87,1
06.08.2021 01:36:28.693,0.70438,0.70428,1.25,1
06.08.2021 01:36:29.527,0.70439,0.70428,2.87,1
06.08.2021 01:36:32.026,0.70438,0.70428,1.25,1
06.08.2021 01:36:33.505,0.70439,0.70428,2.12,1
06.08.2021 01:36:35.310,0.70434,0.70423,3.75,1.5
06.08.2021 01:36:35.411,0.70433,0.70423,2.12,1
06.08.2021 01:36:35.613,0.70433,0.70423,1,1
06.08.2021 01:36:40.114,0.7043200000000001,0.70423,1.25,1
06.08.2021 01:36:41.668,0.7043200000000001,0.70424,1.37,1
06.08.2021 01:36:51.822,0.7043200000000001,0.70423,1.25,1
06.08.2021 01:36:51.924,0.7043100000000001,0.70423,1.25,1
06.08.2021 01:36:57.543,0.7043200000000001,0.70423,3.25,1
06.08.2021 01:37:02.123,0.7043100000000001,0.70424,1.25,1
06.08.2021 01:37:06.210,0.70434,0.70423,2.19,1.5
06.08.2021 01:37:06.311,0.70434,0.70423,1.25,1.5
06.08.2021 01:37:06.437,0.70434,0.70423,1.75,1.5
06.08.2021 01:37:06.785,0.70434,0.70424,1,1
06.08.2021 01:37:06.886,0.70435,0.70424,2.06,1
06.08.2021 01:37:07.347,0.7043600000000001,0.70425,2.12,1
06.08.2021 01:37:07.499,0.7043600000000001,0.7042600000000001,1.37,1
06.08.2021 01:37:12.609,0.7043600000000001,0.7042700000000001,3.75,1
06.08.2021 01:37:22.053,0.7043600000000001,0.7042700000000001,2.06,1
06.08.2021 01:37:22.416,0.70437,0.70428,1,1
06.08.2021 01:37:22.517,0.7044,0.70429,2.06,1
06.08.2021 01:37:22.720,0.7044100000000001,0.7043,2.06,1
06.08.2021 01:37:23.026,0.7044,0.7043200000000001,1.31,1
06.08.2021 01:37:38.144,0.70442,0.7043100000000001,2.06,1
06.08.2021 01:37:45.057,0.70443,0.7043100000000001,4,1
06.08.2021 01:37:47.785,0.70442,0.7043100000000001,2.87,1
06.08.2021 01:37:50.064,0.70442,0.7043100000000001,3.62,1
06.08.2021 01:37:52.077,0.70442,0.7043100000000001,2.06,1
06.08.2021 01:38:00.170,0.7044100000000001,0.7043200000000001,1.75,1
06.08.2021 01:38:05.077,0.70442,0.7043100000000001,2.06,1
06.08.2021 01:38:06.202,0.7044100000000001,0.7043,1.25,1
06.08.2021 01:38:16.832,0.7044100000000001,0.7043,1.75,1
06.08.2021 01:38:31.646,0.7044100000000001,0.7043,2.06,1
06.08.2021 01:38:31.848,0.7044100000000001,0.7043,1.75,1
06.08.2021 01:38:32.816,0.7044,0.7043,1.25,1
06.08.2021 01:38:36.411,0.70435,0.70425,3.25,1
06.08.2021 01:38:36.512,0.70433,0.70424,1.25,1.5
06.08.2021 01:38:36.613,0.70434,0.70423,2.87,1.5
06.08.2021 01:38:39.686,0.70434,0.70423,1.31,1.5
06.08.2021 01:38:47.642,0.70439,0.7042700000000001,1.82,1
06.08.2021 01:38:47.845,0.7044100000000001,0.7043,2.06,1
06.08.2021 01:38:56.300,0.7044,0.7043100000000001,1.75,1
06.08.2021 01:38:56.506,0.7044100000000001,0.7043,1.25,1
06.08.2021 01:38:56.688,0.7044100000000001,0.7043,1.25,1
06.08.2021 01:38:58.092,0.7044100000000001,0.7043,1.25,1
06.08.2021 01:38:58.894,0.7044,0.7043,1.69,1
06.08.2021 01:39:00.836,0.7044100000000001,0.70429,1.75,1
06.08.2021 01:39:01.050,0.7044100000000001,0.70429,4.75,1
06.08.2021 01:39:01.774,0.7044100000000001,0.70429,3,1
06.08.2021 01:39:02.862,0.7044100000000001,0.7043,4.5,1
06.08.2021 01:39:02.963,0.7044100000000001,0.70429,4.5,1
06.08.2021 01:39:03.221,0.7044100000000001,0.70429,3,1
06.08.2021 01:39:04.682,0.70439,0.7042700000000001,3.25,1
06.08.2021 01:39:04.783,0.70439,0.70428,1.75,1
06.08.2021 01:39:05.533,0.70439,0.70429,1.25,1
06.08.2021 01:39:05.635,0.7044,0.70429,2.87,1
06.08.2021 01:39:11.462,0.7044,0.70429,1.25,1
06.08.2021 01:39:11.563,0.7044,0.7043100000000001,2.5,1
06.08.2021 01:39:15.867,0.7044,0.70429,1.25,1
06.08.2021 01:39:19.797,0.7044,0.70429,1.75,1
06.08.2021 01:39:49.365,0.7044,0.70429,2.44,1
06.08.2021 01:39:57.054,0.70439,0.70429,2.44,1
06.08.2021 01:39:59.164,0.7044,0.70428,3.25,1
06.08.2021 01:39:59.418,0.7043600000000001,0.7042600000000001,1.25,1
06.08.2021 01:39:59.519,0.7043200000000001,0.70424,1.87,1.12
06.08.2021 01:40:01.357,0.7043100000000001,0.70424,1,1
06.08.2021 01:40:04.793,0.7043100000000001,0.70423,1,1
06.08.2021 01:40:11.049,0.7043200000000001,0.70423,1,1
06.08.2021 01:40:15.292,0.70434,0.70423,1,1
06.08.2021 01:40:16.127,0.70437,0.70428,1,1
06.08.2021 01:40:16.177,0.70439,0.70428,1.31,1
06.08.2021 01:40:17.876,0.7044,0.70429,1.25,1
06.08.2021 01:40:22.448,0.70438,0.70429,1,1
06.08.2021 01:40:23.558,0.7044,0.70428,1.25,1
06.08.2021 01:40:25.296,0.7044,0.70429,1.25,1
06.08.2021 01:40:29.281,0.70442,0.7043,2.87,1
06.08.2021 01:40:31.118,0.70442,0.7043,2.81,1
06.08.2021 01:40:32.000,0.7044,0.7043100000000001,1,1
06.08.2021 01:40:41.199,0.70442,0.7043,1.87,1
06.08.2021 01:40:42.695,0.7044100000000001,0.7043,1,1
06.08.2021 01:40:51.566,0.70442,0.7043,2.06,1
06.08.2021 01:41:00.544,0.7044100000000001,0.7043,1,1
06.08.2021 01:41:05.083,0.7044,0.7043100000000001,1,1.5
06.08.2021 01:41:05.286,0.7044100000000001,0.7043,1,1
06.08.2021 01:41:12.911,0.70442,0.7043100000000001,1.5,1
06.08.2021 01:41:12.962,0.7044600000000001,0.70437,2.37,1
06.08.2021 01:41:13.063,0.7045,0.70438,1.87,2.25
06.08.2021 01:41:13.165,0.7045,0.70439,1.25,1
06.08.2021 01:41:13.654,0.7045100000000001,0.7044,1.37,1
06.08.2021 01:41:20.176,0.7045,0.70439,1.25,1
06.08.2021 01:41:25.595,0.7045,0.70438,1,1
06.08.2021 01:41:30.712,0.7045,0.70439,1,1
06.08.2021 01:41:32.568,0.70449,0.70438,1,1
06.08.2021 01:41:38.484,0.7045,0.70439,1,1
06.08.2021 01:41:49.797,0.7045,0.7044,1.5,1
06.08.2021 01:41:50.074,0.7045,0.70439,1,1
