Gmt time,Ask,Bid,AskVolume,BidVolume
23.08.2021 00:00:00.107,0.6830700000000001,0.6829500000000001,2.62,1
23.08.2021 00:00:00.411,0.6830600000000001,0.68294,1.5,1
23.08.2021 00:00:00.512,0.6830600000000001,0.6829500000000001,1,1
23.08.2021 00:00:00.967,0.6830600000000001,0.68293,1,1.25
23.08.2021 00:00:01.616,0.6830600000000001,0.68293,1,2.5
23.08.2021 00:00:02.337,0.6830700000000001,0.68294,1.12,2.5
23.08.2021 00:00:02.438,0.6830700000000001,0.6829500000000001,1,1.25
23.08.2021 00:00:04.436,0.6830700000000001,0.68294,2.25,2.5
23.08.2021 00:00:04.590,0.6830700000000001,0.6829500000000001,1,1.75
23.08.2021 00:00:05.006,0.68305,0.6829600000000001,1,1.75
23.08.2021 00:00:07.187,0.6830700000000001,0.6829500000000001,1.5,1.75
23.08.2021 00:00:10.571,0.6830700000000001,0.6829500000000001,1.5,1.25
23.08.2021 00:00:10.622,0.6830600000000001,0.68298,1,1.12
23.08.2021 00:00:10.673,0.68305,0.68294,1,1.25
23.08.2021 00:00:10.774,0.68305,0.68293,1.5,1.5
23.08.2021 00:00:10.875,0.68305,0.68293,1,1.75
23.08.2021 00:00:11.129,0.68304,0.68292,1,4
23.08.2021 00:00:11.230,0.68302,0.68292,1,1.5
23.08.2021 00:00:11.635,0.68302,0.6829000000000001,2.25,1.69
23.08.2021 00:00:12.340,0.6830600000000001,0.68293,1.87,2.44
23.08.2021 00:00:12.391,0.6830600000000001,0.68294,1,1.75
23.08.2021 00:00:13.478,0.6830700000000001,0.68299,1,1.75
23.08.2021 00:00:13.580,0.68313,0.6830100000000001,1.87,1.25
23.08.2021 00:00:13.631,0.68313,0.6830100000000001,1,1.69
23.08.2021 00:00:16.572,0.68314,0.68305,1,1.94
23.08.2021 00:00:16.623,0.68318,0.6830600000000001,1.5,1.5
23.08.2021 00:00:16.724,0.68319,0.6830700000000001,2,1.25
23.08.2021 00:00:16.775,0.68318,0.68308,1.5,1.25
23.08.2021 00:00:20.146,0.6832,0.6831100000000001,1.5,1.25
23.08.2021 00:00:20.197,0.68323,0.6831100000000001,1.12,1.25
23.08.2021 00:00:20.299,0.68323,0.6831100000000001,1.12,2.69
23.08.2021 00:00:28.169,0.68323,0.6831100000000001,1,3.57
23.08.2021 00:00:28.220,0.68327,0.68315,1,1
23.08.2021 00:00:28.322,0.68328,0.6831600000000001,1.12,1.25
23.08.2021 00:00:29.515,0.6832600000000001,0.68317,1,1.25
23.08.2021 00:00:29.616,0.68328,0.68315,1,4
23.08.2021 00:00:30.077,0.68328,0.6831600000000001,1,1.5
23.08.2021 00:00:39.367,0.68327,0.6831600000000001,1,1.5
23.08.2021 00:00:39.769,0.68329,0.68317,1,3.5
23.08.2021 00:00:39.870,0.6833,0.68318,1,1.56
23.08.2021 00:00:39.972,0.68328,0.68317,1,1.5
23.08.2021 00:00:41.105,0.6833,0.68318,1,1.37
23.08.2021 00:00:41.206,0.68329,0.68318,1,1.94
23.08.2021 00:00:47.623,0.68329,0.68319,1,3.06
23.08.2021 00:00:47.724,0.6833,0.68319,1,1.5
23.08.2021 00:00:48.285,0.68334,0.68322,1,1.69
23.08.2021 00:00:48.387,0.68332,0.68322,1,2.69
23.08.2021 00:00:48.883,0.6833300000000001,0.68322,1,1.5
23.08.2021 00:00:48.984,0.68334,0.68322,1,1.5
23.08.2021 00:00:49.599,0.68334,0.68324,1,1.25
23.08.2021 00:00:49.700,0.68334,0.68325,1,1.25
23.08.2021 00:00:50.169,0.68335,0.68325,1,2.06
23.08.2021 00:00:50.271,0.6833800000000001,0.68329,1.12,2.31
23.08.2021 00:00:50.372,0.6833899999999999,0.6833,1,1.25
23.08.2021 00:00:50.473,0.6834,0.6833,1,1.75
23.08.2021 00:00:50.574,0.68342,0.6833100000000001,1,1.75
23.08.2021 00:00:51.078,0.68344,0.6833300000000001,1.69,1.25
23.08.2021 00:00:53.564,0.6834100000000001,0.6833100000000001,1,1.87
23.08.2021 00:00:53.666,0.6834300000000001,0.6833100000000001,1,1
23.08.2021 00:00:54.673,0.6834100000000001,0.68332,1,1
23.08.2021 00:00:54.774,0.68342,0.68329,3,1.5
23.08.2021 00:00:54.875,0.6833899999999999,0.68328,1,1
23.08.2021 00:00:54.976,0.6833899999999999,0.68327,1,1.25
23.08.2021 00:00:56.243,0.6833800000000001,0.68325,1,1.69
23.08.2021 00:00:56.395,0.6833800000000001,0.6832600000000001,1,1
23.08.2021 00:01:01.168,0.68337,0.6832600000000001,1,1.25
23.08.2021 00:01:01.305,0.6833800000000001,0.6832600000000001,1,1.25
23.08.2021 00:01:01.700,0.6833600000000001,0.6832600000000001,1,1.25
23.08.2021 00:01:07.536,0.6833800000000001,0.68327,1,1.12
23.08.2021 00:01:07.637,0.68337,0.6832600000000001,1,1.94
23.08.2021 00:01:11.222,0.6834,0.6832600000000001,1,2.25
23.08.2021 00:01:11.323,0.68349,0.6834100000000001,1.5,1.69
23.08.2021 00:01:11.424,0.68349,0.6833899999999999,1.25,1
23.08.2021 00:01:11.525,0.6835,0.6833899999999999,1,1.69
23.08.2021 00:01:11.677,0.68349,0.6833899999999999,1,1.69
23.08.2021 00:01:11.829,0.6835,0.6833899999999999,1,1.69
23.08.2021 00:01:12.579,0.6835,0.6834,1,1
23.08.2021 00:01:14.607,0.68349,0.6833899999999999,1,1.69
23.08.2021 00:01:16.353,0.68345,0.68335,1,1.25
23.08.2021 00:01:18.628,0.68344,0.68334,1,1.94
23.08.2021 00:01:19.546,0.6834100000000001,0.68329,1,2.79
23.08.2021 00:01:19.647,0.6834,0.68329,1,2.25
23.08.2021 00:01:19.749,0.6833800000000001,0.6833,1,1.75
23.08.2021 00:01:19.850,0.6834,0.68329,1,1.75
23.08.2021 00:01:20.460,0.6833899999999999,0.68332,1,1
23.08.2021 00:01:20.562,0.68342,0.68332,1,1.5
23.08.2021 00:01:20.814,0.68342,0.6833100000000001,1,1.94
23.08.2021 00:01:21.100,0.6834100000000001,0.6833,1,1.69
23.08.2021 00:01:21.634,0.6834100000000001,0.68332,1,1
23.08.2021 00:01:22.772,0.68344,0.68335,1,1.69
23.08.2021 00:01:23.258,0.68347,0.6833600000000001,1,1.69
23.08.2021 00:01:23.360,0.6835,0.6833899999999999,1.5,1.25
23.08.2021 00:01:23.461,0.68349,0.6834100000000001,1,1.25
23.08.2021 00:01:24.478,0.6835,0.6833899999999999,1,1.25
23.08.2021 00:01:25.087,0.6835100000000001,0.6833899999999999,1,1.69
23.08.2021 00:01:25.364,0.6835,0.6833899999999999,1,1.25
23.08.2021 00:01:25.465,0.68345,0.68334,1,3.06
23.08.2021 00:01:26.615,0.6834600000000001,0.68334,1,2.69
23.08.2021 00:01:27.420,0.6834600000000001,0.68335,1,1.5
23.08.2021 00:01:27.522,0.6834600000000001,0.68335,1,1.25
23.08.2021 00:01:27.963,0.6834600000000001,0.68335,1,2.69
23.08.2021 00:01:31.209,0.68349,0.6833800000000001,1,1.25
23.08.2021 00:01:31.311,0.6835,0.6833899999999999,1,1.25
23.08.2021 00:01:34.888,0.6835100000000001,0.6834,1.5,1.25
23.08.2021 00:01:36.505,0.68349,0.6833800000000001,1.5,1.25
23.08.2021 00:01:36.607,0.68349,0.68337,1.5,1
23.08.2021 00:01:38.355,0.6835100000000001,0.6834,1.12,1
23.08.2021 00:01:40.175,0.68347,0.6833600000000001,1.5,1.12
23.08.2021 00:01:40.277,0.68345,0.6833600000000001,1,2.44
23.08.2021 00:01:40.378,0.68347,0.68335,1,2.44
23.08.2021 00:01:40.833,0.6834600000000001,0.68335,1,1
23.08.2021 00:01:41.045,0.68347,0.68335,1.5,1.25
23.08.2021 00:01:46.608,0.6834800000000001,0.6833600000000001,1.5,1.75
23.08.2021 00:01:46.659,0.68349,0.6833899999999999,1.5,1.25
23.08.2021 00:01:46.862,0.6835100000000001,0.68342,1.5,1
23.08.2021 00:01:47.014,0.68352,0.6834100000000001,1,1
23.08.2021 00:01:47.122,0.6835300000000001,0.6834100000000001,1,1.25
23.08.2021 00:01:52.840,0.6835,0.6834100000000001,1,1
23.08.2021 00:01:52.941,0.68352,0.6834,1.5,1.25
23.08.2021 00:01:53.496,0.6834600000000001,0.6833600000000001,3,2.31
23.08.2021 00:01:53.547,0.6834600000000001,0.6833600000000001,3,2.06
23.08.2021 00:01:54.503,0.68349,0.68337,1.5,1.5
23.08.2021 00:01:54.604,0.68349,0.6833800000000001,1,1
23.08.2021 00:01:59.762,0.6834800000000001,0.6833600000000001,1.5,1.25
23.08.2021 00:01:59.864,0.68347,0.6833600000000001,1,1.25
23.08.2021 00:02:00.137,0.6834600000000001,0.68335,1,1.25
23.08.2021 00:02:00.807,0.68347,0.6833600000000001,1,1
23.08.2021 00:02:04.574,0.68347,0.68337,1,1
23.08.2021 00:02:10.229,0.68349,0.6834100000000001,9.9,1
23.08.2021 00:02:12.799,0.6835100000000001,0.68342,1,1
23.08.2021 00:02:13.001,0.68352,0.68342,1.12,1
23.08.2021 00:02:13.052,0.6835300000000001,0.68344,1,1
23.08.2021 00:02:13.155,0.6835300000000001,0.68342,1,1
23.08.2021 00:02:15.091,0.6835300000000001,0.6834100000000001,2.25,1
23.08.2021 00:02:21.074,0.68354,0.68342,1.5,1
23.08.2021 00:02:21.176,0.6835300000000001,0.68342,1.5,1
23.08.2021 00:02:23.023,0.6835300000000001,0.6834100000000001,1.5,1.69
23.08.2021 00:02:24.085,0.68357,0.6834600000000001,1.5,1.69
23.08.2021 00:02:24.136,0.6835600000000001,0.68345,1,1.94
23.08.2021 00:02:24.595,0.68355,0.6834600000000001,1,1
23.08.2021 00:02:24.646,0.68355,0.68344,1,1.5
23.08.2021 00:02:24.747,0.6835300000000001,0.68344,1,1
23.08.2021 00:02:31.123,0.68352,0.6834300000000001,1,1
23.08.2021 00:02:31.224,0.6835300000000001,0.6834300000000001,1.5,1
23.08.2021 00:02:33.377,0.68354,0.6834300000000001,1.5,1.75
23.08.2021 00:02:33.478,0.68354,0.6834300000000001,1.69,1
23.08.2021 00:02:33.890,0.6835300000000001,0.68342,1,1
23.08.2021 00:02:49.633,0.6835300000000001,0.68344,1.69,1
23.08.2021 00:02:49.784,0.6835300000000001,0.68342,1,1
23.08.2021 00:02:49.885,0.68354,0.68342,2.44,1
23.08.2021 00:02:50.663,0.6835100000000001,0.6834300000000001,1,1
23.08.2021 00:02:50.713,0.6835100000000001,0.6834,1.5,1
23.08.2021 00:02:51.712,0.6835,0.6833899999999999,1,1
23.08.2021 00:02:54.972,0.6835100000000001,0.6834,1.5,1
23.08.2021 00:02:57.198,0.68349,0.6834,1,1
23.08.2021 00:02:57.334,0.6835100000000001,0.6834,1.5,1
23.08.2021 00:02:59.109,0.6835300000000001,0.68342,1,1
23.08.2021 00:03:01.595,0.68357,0.68347,1,1
23.08.2021 00:03:01.646,0.68355,0.6834600000000001,1.25,1
23.08.2021 00:03:01.848,0.68355,0.68344,1,1.5
23.08.2021 00:03:07.386,0.68359,0.6834800000000001,1,1.31
23.08.2021 00:03:07.487,0.68362,0.68352,1.5,1.5
23.08.2021 00:03:07.588,0.68364,0.68355,1,1
23.08.2021 00:03:07.740,0.6836300000000001,0.68355,1,1
23.08.2021 00:03:09.225,0.6836300000000001,0.68354,1,1.25
23.08.2021 00:03:09.326,0.6836300000000001,0.68352,1,1
23.08.2021 00:03:10.824,0.68364,0.68355,1.5,1
23.08.2021 00:03:10.925,0.68364,0.6835300000000001,1,1
23.08.2021 00:03:11.943,0.68362,0.6835100000000001,1,1
23.08.2021 00:03:12.044,0.6835800000000001,0.68349,2.25,1.25
23.08.2021 00:03:12.145,0.6835600000000001,0.68345,1,1.12
23.08.2021 00:03:13.118,0.68355,0.68344,1,1.25
23.08.2021 00:03:17.982,0.68354,0.6834300000000001,1,3.81
23.08.2021 00:03:18.084,0.68355,0.68344,1,1.25
23.08.2021 00:03:18.236,0.68352,0.6834100000000001,1,3.44
23.08.2021 00:03:19.336,0.6835,0.6833899999999999,1,2.62
23.08.2021 00:03:21.625,0.6834800000000001,0.6833899999999999,1,2.44
23.08.2021 00:03:29.186,0.6834800000000001,0.68337,1,1.5
23.08.2021 00:03:29.237,0.68345,0.68335,1,2.12
23.08.2021 00:03:29.338,0.68345,0.68335,1,1.12
23.08.2021 00:03:29.870,0.68345,0.68334,1,1.69
23.08.2021 00:03:36.155,0.68344,0.6833600000000001,1,1
23.08.2021 00:03:36.846,0.68345,0.68337,1,2.75
23.08.2021 00:03:36.947,0.68345,0.68337,1,1.87
23.08.2021 00:03:41.336,0.68347,0.6833600000000001,1,2.62
23.08.2021 00:03:50.193,0.68347,0.6833800000000001,1,1.25
23.08.2021 00:03:50.295,0.68349,0.6833800000000001,1,1
23.08.2021 00:03:50.977,0.68349,0.6833899999999999,1,1
23.08.2021 00:03:54.366,0.6835,0.6833899999999999,1,1.5
23.08.2021 00:03:56.378,0.68349,0.6833800000000001,1,1
23.08.2021 00:03:56.479,0.68345,0.68334,1,1.62
23.08.2021 00:03:56.631,0.68345,0.68334,1,1.12
23.08.2021 00:04:00.369,0.6834600000000001,0.68334,1.5,1.25
23.08.2021 00:04:00.470,0.6834600000000001,0.68335,1,1
23.08.2021 00:04:00.571,0.6834600000000001,0.68335,1,1.94
23.08.2021 00:04:01.799,0.68349,0.6833800000000001,1.5,1
23.08.2021 00:04:02.001,0.6835,0.6833899999999999,1,1
23.08.2021 00:04:05.179,0.68349,0.6833899999999999,1,2.06
23.08.2021 00:04:07.061,0.68349,0.6833899999999999,1,3.06
23.08.2021 00:04:11.323,0.68347,0.6833800000000001,1,1.25
23.08.2021 00:04:14.248,0.6834600000000001,0.68335,1,1
23.08.2021 00:04:14.349,0.68345,0.68334,1,1.87
23.08.2021 00:04:15.170,0.68344,0.6833300000000001,1,3
23.08.2021 00:04:15.272,0.6834300000000001,0.68332,1,1.69
23.08.2021 00:04:18.633,0.6833899999999999,0.68328,1,2.44
23.08.2021 00:04:18.785,0.6833800000000001,0.68329,1,1.69
23.08.2021 00:04:19.697,0.68337,0.6832600000000001,1,1.94
23.08.2021 00:04:23.698,0.6833600000000001,0.68325,1,1.25
23.08.2021 00:04:23.906,0.6833600000000001,0.68325,1,1.94
23.08.2021 00:04:25.793,0.68334,0.68323,1,2.44
23.08.2021 00:04:25.945,0.68335,0.68323,1,2.31
23.08.2021 00:04:26.613,0.68335,0.68324,1,2.69
23.08.2021 00:04:26.765,0.6833899999999999,0.68327,1,2.44
23.08.2021 00:04:26.917,0.6833800000000001,0.68328,1,2.69
23.08.2021 00:04:32.374,0.6833800000000001,0.68329,1,2.31
23.08.2021 00:04:32.475,0.6834,0.68328,1,3.06
23.08.2021 00:04:34.996,0.6834,0.6833,1,1
23.08.2021 00:04:35.097,0.6834100000000001,0.6833,1,2.69
23.08.2021 00:04:39.024,0.68344,0.68334,1,1.94
23.08.2021 00:04:39.076,0.6834600000000001,0.68335,1,1.5
23.08.2021 00:04:47.072,0.6833800000000001,0.6833,1,1
23.08.2021 00:04:47.173,0.68332,0.6832100000000001,1,3.37
23.08.2021 00:04:47.539,0.6833100000000001,0.6832,1,1.5
23.08.2021 00:04:47.590,0.68329,0.6832,1,1
23.08.2021 00:04:47.792,0.68328,0.68317,1,2.69
23.08.2021 00:04:48.162,0.6832600000000001,0.68317,1,2.44
23.08.2021 00:04:51.366,0.6832600000000001,0.68315,1,1.94
23.08.2021 00:04:53.180,0.68323,0.6831200000000001,1,1.12
23.08.2021 00:04:53.281,0.68322,0.6831100000000001,1,2.37
23.08.2021 00:04:53.382,0.68322,0.6831100000000001,1,1.87
23.08.2021 00:04:55.583,0.68323,0.6831100000000001,1,1.5
23.08.2021 00:04:55.694,0.68322,0.6831100000000001,1,1.5
23.08.2021 00:05:00.417,0.6832,0.68309,1,1
23.08.2021 00:05:00.619,0.6832100000000001,0.6831100000000001,1,1.25
23.08.2021 00:05:04.055,0.68323,0.6831200000000001,1,1
23.08.2021 00:05:04.156,0.68322,0.6831200000000001,1,1.5
23.08.2021 00:05:04.894,0.6832100000000001,0.6831200000000001,1,1
23.08.2021 00:05:09.786,0.68324,0.6831200000000001,1,1
23.08.2021 00:05:10.021,0.68323,0.6831100000000001,1,1.5
23.08.2021 00:05:12.670,0.68322,0.6831100000000001,1,1
23.08.2021 00:05:17.611,0.68323,0.6831200000000001,1,1.12
23.08.2021 00:05:26.388,0.68324,0.68313,1,1
23.08.2021 00:05:26.860,0.68324,0.68314,1.5,1
23.08.2021 00:05:28.503,0.68324,0.6831200000000001,1.5,1
23.08.2021 00:05:31.090,0.68325,0.68313,1.87,1
23.08.2021 00:05:31.214,0.68324,0.6831200000000001,1,1.69
23.08.2021 00:05:34.157,0.68323,0.6831100000000001,1,1
23.08.2021 00:05:39.348,0.6832,0.6831,1.5,1.31
23.08.2021 00:05:39.450,0.68319,0.6830700000000001,1,1.5
23.08.2021 00:05:39.551,0.68319,0.6830700000000001,1,1
23.08.2021 00:05:39.703,0.68319,0.6831,1,1
23.08.2021 00:05:39.805,0.6832100000000001,0.68309,1.5,1
23.08.2021 00:05:40.585,0.6832,0.68309,1,1
23.08.2021 00:05:40.687,0.68318,0.6830700000000001,1.5,1
23.08.2021 00:05:40.889,0.68318,0.6830600000000001,1,1
23.08.2021 00:05:48.685,0.6832,0.6831,1.75,1.25
23.08.2021 00:05:48.788,0.68323,0.6831100000000001,1,1.5
23.08.2021 00:05:48.889,0.68325,0.68314,1.5,1
23.08.2021 00:05:48.991,0.68324,0.6831200000000001,1,1
23.08.2021 00:05:51.098,0.68325,0.68315,1.5,1
23.08.2021 00:05:53.747,0.6832600000000001,0.68315,1.5,1
23.08.2021 00:05:55.155,0.68328,0.68317,1.5,1
23.08.2021 00:05:56.652,0.6833,0.68319,1.5,1
23.08.2021 00:05:56.754,0.6833,0.68318,1.69,1
23.08.2021 00:05:57.353,0.6833,0.68319,1.5,1
23.08.2021 00:05:57.404,0.68329,0.68317,1,1.5
23.08.2021 00:06:02.919,0.6832600000000001,0.68314,1.5,1.57
23.08.2021 00:06:03.020,0.68325,0.68313,1,1
23.08.2021 00:06:03.132,0.6832600000000001,0.68315,1,1
23.08.2021 00:06:03.183,0.68327,0.68317,1.12,1
23.08.2021 00:06:03.490,0.68329,0.68317,3.56,1
23.08.2021 00:06:04.799,0.6833100000000001,0.68319,2.25,1
23.08.2021 00:06:06.352,0.6833100000000001,0.6832100000000001,1,1
23.08.2021 00:06:06.402,0.6833300000000001,0.68322,1,1
23.08.2021 00:06:06.504,0.68334,0.68322,1,1
23.08.2021 00:06:11.538,0.68335,0.68324,1,1
23.08.2021 00:06:11.639,0.68335,0.68325,1.5,1
23.08.2021 00:06:12.818,0.6833800000000001,0.6832600000000001,1.25,1
23.08.2021 00:06:14.483,0.68337,0.68325,3,1
23.08.2021 00:06:15.007,0.68335,0.6832600000000001,1,1
23.08.2021 00:06:16.693,0.68337,0.68325,3,1
23.08.2021 00:06:19.462,0.6833600000000001,0.68325,1,1
23.08.2021 00:06:24.288,0.6833800000000001,0.68327,1,1
23.08.2021 00:06:25.024,0.68337,0.68325,1,1.69
23.08.2021 00:06:25.226,0.6833300000000001,0.68324,1,1.12
23.08.2021 00:06:25.327,0.6833600000000001,0.68324,2.44,1
23.08.2021 00:06:31.228,0.68337,0.6832600000000001,1.25,1
23.08.2021 00:06:31.329,0.68337,0.68327,1.25,1.5
23.08.2021 00:06:32.654,0.6833600000000001,0.68324,1,1.69
23.08.2021 00:06:33.160,0.68337,0.68325,1.5,1
23.08.2021 00:06:37.288,0.6833800000000001,0.6832600000000001,1.5,1
23.08.2021 00:06:37.389,0.6833800000000001,0.6832600000000001,3.25,1
23.08.2021 00:06:37.684,0.6833800000000001,0.6832600000000001,1.69,1
23.08.2021 00:06:37.785,0.6833800000000001,0.68327,1,1
23.08.2021 00:06:40.909,0.6833800000000001,0.6832600000000001,1,1
23.08.2021 00:06:41.842,0.6833899999999999,0.68328,1,1
23.08.2021 00:06:41.977,0.6833899999999999,0.68327,1.5,1.25
23.08.2021 00:06:44.965,0.6834,0.68328,1,3.44
23.08.2021 00:06:45.117,0.6834,0.68328,1,2.44
23.08.2021 00:06:45.218,0.6834100000000001,0.68329,1.69,1
23.08.2021 00:06:47.262,0.6834,0.68329,1,1
23.08.2021 00:06:47.363,0.6833800000000001,0.68327,1,1.25
23.08.2021 00:06:47.742,0.6834,0.68328,1.5,1.25
23.08.2021 00:06:47.945,0.6833899999999999,0.68329,1,3.06
23.08.2021 00:06:48.198,0.6834,0.68328,1,1.69
23.08.2021 00:06:48.948,0.6833899999999999,0.68329,1,3.06
23.08.2021 00:06:49.706,0.6834100000000001,0.6833,1,1.25
23.08.2021 00:06:49.958,0.6834100000000001,0.68329,1.5,1.25
23.08.2021 00:06:50.600,0.6834100000000001,0.6833,1,1
23.08.2021 00:06:52.384,0.68342,0.68332,1,1.69
23.08.2021 00:06:52.742,0.6834300000000001,0.6833300000000001,1,1.69
23.08.2021 00:06:54.569,0.68345,0.68334,1,1.25
23.08.2021 00:06:54.671,0.6834800000000001,0.6833600000000001,2.75,4.75
23.08.2021 00:06:54.772,0.6835,0.6833800000000001,1.69,1
23.08.2021 00:06:56.385,0.6835,0.6833899999999999,1,1
23.08.2021 00:06:56.487,0.6835100000000001,0.6833899999999999,1.69,1
23.08.2021 00:06:56.877,0.68352,0.6834,2.81,1
23.08.2021 00:06:59.741,0.6835,0.6834,1,2.44
23.08.2021 00:07:00.641,0.6835,0.6833899999999999,1,1.25
23.08.2021 00:07:01.090,0.6835,0.6834,1,1
23.08.2021 00:07:04.122,0.6835100000000001,0.6834100000000001,1,1.69
23.08.2021 00:07:07.525,0.6835600000000001,0.68344,1.5,1.5
23.08.2021 00:07:07.626,0.6835600000000001,0.68345,1.5,1
23.08.2021 00:07:07.677,0.68359,0.68347,2.37,1.5
23.08.2021 00:07:07.779,0.68361,0.68349,1.87,1
23.08.2021 00:07:08.132,0.68362,0.6835,1.5,1
23.08.2021 00:07:08.233,0.68362,0.6835100000000001,1,1.25
23.08.2021 00:07:12.558,0.68364,0.6835300000000001,1,1
23.08.2021 00:07:12.660,0.68365,0.6835300000000001,1,1.5
23.08.2021 00:07:12.761,0.68364,0.68352,1,1.5
23.08.2021 00:07:14.710,0.68365,0.68354,1,1
23.08.2021 00:07:14.862,0.68365,0.6835600000000001,1,1.5
23.08.2021 00:07:14.963,0.68369,0.6835800000000001,1,1.12
23.08.2021 00:07:17.350,0.6836800000000001,0.68357,1,1.5
23.08.2021 00:07:17.608,0.68369,0.6835800000000001,1,1.12
23.08.2021 00:07:20.258,0.6836800000000001,0.6835800000000001,1,1
23.08.2021 00:07:20.360,0.6836800000000001,0.68357,1,1
23.08.2021 00:07:21.264,0.68365,0.68355,1,1
23.08.2021 00:07:23.235,0.6836300000000001,0.6835300000000001,1,1
23.08.2021 00:07:23.336,0.68361,0.6835100000000001,1,1
23.08.2021 00:07:23.437,0.68361,0.68352,1,1
23.08.2021 00:07:26.652,0.68361,0.6835100000000001,1,1
23.08.2021 00:07:27.744,0.6836300000000001,0.68352,1,1
23.08.2021 00:07:27.845,0.6836300000000001,0.6835300000000001,1,1
23.08.2021 00:07:27.947,0.68362,0.6835300000000001,1,1
23.08.2021 00:07:28.048,0.6836300000000001,0.6835300000000001,1,1
23.08.2021 00:07:28.727,0.6836300000000001,0.68354,1,1
23.08.2021 00:07:28.828,0.68364,0.6835600000000001,1,1
23.08.2021 00:07:31.572,0.68366,0.68357,1,1
23.08.2021 00:07:31.624,0.68366,0.68355,1,1.5
23.08.2021 00:07:37.741,0.68364,0.68355,1,1
23.08.2021 00:07:37.842,0.6836,0.6835100000000001,1,1.12
23.08.2021 00:07:43.947,0.6836,0.6835,1,2.25
23.08.2021 00:07:50.871,0.68359,0.6835,1,1
23.08.2021 00:07:53.039,0.68359,0.68349,1,2.25
23.08.2021 00:07:59.454,0.6835600000000001,0.68347,1,1.5
23.08.2021 00:07:59.556,0.6835600000000001,0.68345,1,2
23.08.2021 00:07:59.657,0.6835300000000001,0.68344,1,1.12
23.08.2021 00:08:00.149,0.68354,0.6834300000000001,1,3.31
23.08.2021 00:08:00.301,0.68354,0.6834300000000001,1,1.87
23.08.2021 00:08:01.266,0.68354,0.68342,1,2.25
23.08.2021 00:08:01.367,0.6835,0.6834100000000001,1,3.75
23.08.2021 00:08:01.468,0.68349,0.6834100000000001,1,1
23.08.2021 00:08:01.570,0.68349,0.6834,1,1
23.08.2021 00:08:04.178,0.68352,0.6834100000000001,1,1.5
23.08.2021 00:08:05.438,0.68352,0.68342,1,2.19
23.08.2021 00:08:06.933,0.68352,0.68342,1,1
23.08.2021 00:08:07.035,0.68349,0.6833899999999999,1,2.25
23.08.2021 00:08:10.568,0.68347,0.68337,1,3.37
23.08.2021 00:08:13.260,0.6834800000000001,0.68337,1,3.12
23.08.2021 00:08:19.423,0.68347,0.6834,1,1
23.08.2021 00:08:19.524,0.68349,0.6833800000000001,1,1.5
23.08.2021 00:08:19.625,0.68347,0.6833899999999999,1,1.12
23.08.2021 00:08:20.597,0.68345,0.68337,1,1.25
23.08.2021 00:08:20.698,0.68344,0.68334,1,1
23.08.2021 00:08:20.800,0.68344,0.6833300000000001,1,1.12
23.08.2021 00:08:23.047,0.6834300000000001,0.68332,1,4.25
23.08.2021 00:08:24.277,0.6834100000000001,0.6833100000000001,1,1
23.08.2021 00:08:24.378,0.6833899999999999,0.68329,1,1.5
23.08.2021 00:08:24.900,0.6833899999999999,0.68328,1,1.87
23.08.2021 00:08:28.550,0.6834,0.68329,1.5,1
23.08.2021 00:08:28.896,0.6833899999999999,0.68327,1,3.07
23.08.2021 00:08:28.998,0.6833800000000001,0.68327,1,1.5
23.08.2021 00:08:29.099,0.6833899999999999,0.68327,1.25,1.5
23.08.2021 00:08:29.250,0.6833899999999999,0.68328,1,1.12
23.08.2021 00:08:30.444,0.6833800000000001,0.68327,1.25,1
23.08.2021 00:08:30.494,0.68335,0.6832600000000001,1,1.25
23.08.2021 00:08:30.818,0.68335,0.68324,1,1
23.08.2021 00:08:35.213,0.68334,0.68323,1,1.12
23.08.2021 00:08:35.607,0.68334,0.68324,2.44,1.12
23.08.2021 00:08:36.204,0.6833600000000001,0.68327,1,1
23.08.2021 00:08:36.256,0.6833899999999999,0.68327,2.06,1
23.08.2021 00:08:36.407,0.6833899999999999,0.68328,1.69,1
23.08.2021 00:08:38.201,0.6834,0.68329,1.25,1
23.08.2021 00:08:42.309,0.68342,0.6833,1.5,1
23.08.2021 00:08:43.287,0.6834300000000001,0.6833300000000001,1,1
23.08.2021 00:08:43.388,0.68344,0.6833300000000001,1.5,1
23.08.2021 00:08:44.786,0.68345,0.6833300000000001,1.5,1
23.08.2021 00:08:46.680,0.68344,0.6833300000000001,1,1
23.08.2021 00:08:50.651,0.68342,0.68332,1,1.25
23.08.2021 00:08:50.925,0.6834,0.68329,1,2.44
23.08.2021 00:08:51.026,0.68337,0.68328,1,1.12
23.08.2021 00:08:53.143,0.6833800000000001,0.68329,1,1
23.08.2021 00:08:53.194,0.68342,0.6833,1.31,1
23.08.2021 00:08:53.245,0.68344,0.6833300000000001,1.75,1
23.08.2021 00:08:53.397,0.68345,0.6833300000000001,1.5,1
23.08.2021 00:08:54.337,0.68345,0.68334,1,1
23.08.2021 00:08:56.202,0.6834600000000001,0.68334,1.5,1
23.08.2021 00:08:59.347,0.68345,0.68334,1.5,1
23.08.2021 00:08:59.599,0.6834300000000001,0.68334,1,1
23.08.2021 00:08:59.701,0.68344,0.68332,1.5,1
23.08.2021 00:09:00.270,0.6834300000000001,0.68332,1,1
23.08.2021 00:09:08.195,0.68345,0.68334,1.5,1
23.08.2021 00:09:08.296,0.68345,0.68335,1,1
23.08.2021 00:09:12.576,0.6834800000000001,0.68337,1,1
23.08.2021 00:09:16.282,0.6835,0.6833899999999999,1.5,1
23.08.2021 00:09:16.333,0.68352,0.6834,1,1.5
23.08.2021 00:09:16.384,0.6835300000000001,0.68342,1.12,1
23.08.2021 00:09:16.486,0.6835300000000001,0.68344,1,1
23.08.2021 00:09:16.587,0.68355,0.68344,1.5,1
23.08.2021 00:09:17.089,0.68354,0.68342,1.5,1.69
23.08.2021 00:09:21.104,0.68355,0.6834300000000001,1.5,1
23.08.2021 00:09:21.256,0.68355,0.68344,1.5,1
23.08.2021 00:09:26.185,0.68352,0.6834,1,2.69
23.08.2021 00:09:26.286,0.68352,0.6834,1,1.69
23.08.2021 00:09:26.387,0.6835300000000001,0.6834100000000001,1,1
23.08.2021 00:09:27.872,0.68352,0.6834,1,1.25
23.08.2021 00:09:27.997,0.6834800000000001,0.6833800000000001,1,1.69
23.08.2021 00:09:28.103,0.6834800000000001,0.6833600000000001,1,1.31
23.08.2021 00:09:31.790,0.68345,0.68334,1,1
23.08.2021 00:09:32.788,0.6834600000000001,0.68334,1,1
23.08.2021 00:09:36.366,0.6834600000000001,0.68335,1,1
23.08.2021 00:09:44.826,0.68345,0.6833300000000001,1,1.5
23.08.2021 00:09:45.807,0.6834600000000001,0.68334,1.5,1
23.08.2021 00:09:57.773,0.6834300000000001,0.6833300000000001,1,2.25
23.08.2021 00:09:57.874,0.6834300000000001,0.6833100000000001,1,1.75
23.08.2021 00:09:57.975,0.6834300000000001,0.6833100000000001,1,1.25
23.08.2021 00:09:58.851,0.6834100000000001,0.6833,1,1.12
23.08.2021 00:09:59.003,0.6834100000000001,0.68329,1,1.5
23.08.2021 00:09:59.104,0.6834,0.68328,1,3
23.08.2021 00:10:00.434,0.6834100000000001,0.68329,1,1
23.08.2021 00:10:06.367,0.68342,0.6833,1,1
23.08.2021 00:10:14.247,0.68342,0.6833100000000001,1,1.25
23.08.2021 00:10:14.348,0.6834300000000001,0.6833100000000001,1,1.69
23.08.2021 00:10:14.606,0.68344,0.68332,1,1.25
23.08.2021 00:10:15.877,0.68345,0.68334,1,1
23.08.2021 00:10:17.606,0.6834800000000001,0.6833800000000001,2.94,1
23.08.2021 00:10:17.808,0.68349,0.68337,2.81,1
23.08.2021 00:10:25.005,0.68349,0.6833899999999999,1,1
23.08.2021 00:10:25.269,0.6835,0.6833899999999999,1,1
23.08.2021 00:10:28.618,0.6835,0.6833800000000001,1.5,1
23.08.2021 00:10:34.181,0.68349,0.6833800000000001,1,1
23.08.2021 00:10:39.565,0.6834800000000001,0.6833600000000001,1.69,1
23.08.2021 00:10:39.667,0.6834800000000001,0.6833800000000001,3.62,1
23.08.2021 00:10:49.431,0.6835100000000001,0.6834,1.5,1
23.08.2021 00:10:49.582,0.6835300000000001,0.6834100000000001,2.75,1
23.08.2021 00:10:49.633,0.68352,0.68342,2.25,1
23.08.2021 00:10:54.367,0.6835300000000001,0.68342,1,1
23.08.2021 00:10:54.771,0.68354,0.68342,3.19,1
23.08.2021 00:10:55.951,0.6835300000000001,0.68342,1,1
23.08.2021 00:11:09.832,0.68354,0.68342,3,1
23.08.2021 00:11:29.575,0.68354,0.6834300000000001,1,1
23.08.2021 00:11:34.951,0.68354,0.68342,2.25,1
23.08.2021 00:11:41.115,0.68354,0.68344,1,1
23.08.2021 00:11:41.216,0.6835600000000001,0.68344,1,1
23.08.2021 00:11:41.951,0.68357,0.68345,1.5,1
23.08.2021 00:11:43.427,0.68357,0.6834600000000001,2.44,1
23.08.2021 00:11:43.681,0.6835800000000001,0.6834600000000001,1,1
23.08.2021 00:11:49.732,0.6836,0.68349,1.5,1
23.08.2021 00:11:49.833,0.6836300000000001,0.6835,3.69,1
23.08.2021 00:11:49.935,0.6836300000000001,0.6835100000000001,2.44,1
23.08.2021 00:11:53.966,0.68362,0.6835,1.25,1
23.08.2021 00:11:54.017,0.68361,0.6834800000000001,1,1.5
23.08.2021 00:11:54.896,0.68361,0.68349,2.25,1
23.08.2021 00:11:55.097,0.68359,0.68349,1,1.5
23.08.2021 00:11:56.997,0.6835800000000001,0.6834800000000001,2.44,1.87
23.08.2021 00:11:57.099,0.6835800000000001,0.6834600000000001,1,1.25
23.08.2021 00:12:08.097,0.6836,0.6834800000000001,2.25,1
23.08.2021 00:12:08.299,0.6836,0.68349,1,1
23.08.2021 00:12:09.868,0.6836,0.6834800000000001,1,1.5
23.08.2021 00:12:09.970,0.68359,0.68347,1,1
23.08.2021 00:12:10.071,0.6835800000000001,0.6834600000000001,1,1
23.08.2021 00:12:13.562,0.68359,0.6834600000000001,1.5,1
23.08.2021 00:12:13.663,0.68359,0.68347,1,1.69
23.08.2021 00:12:14.552,0.6836,0.6834800000000001,2.25,1
23.08.2021 00:12:27.383,0.68359,0.68347,1,1.25
23.08.2021 00:12:32.365,0.68359,0.68347,1,3.25
23.08.2021 00:12:33.317,0.68359,0.68347,1.5,1.25
23.08.2021 00:12:34.425,0.6835800000000001,0.6834600000000001,1,3.62
23.08.2021 00:12:34.798,0.68357,0.68345,1,1.87
23.08.2021 00:12:41.069,0.68357,0.6834600000000001,1,1
23.08.2021 00:12:41.120,0.6835600000000001,0.68344,1.5,1.25
23.08.2021 00:12:52.961,0.68357,0.6834800000000001,1,1
23.08.2021 00:12:53.062,0.68359,0.68347,1,1.5
23.08.2021 00:12:54.887,0.68359,0.68347,1,3.69
23.08.2021 00:12:54.988,0.68359,0.68349,1.5,1.12
23.08.2021 00:12:56.560,0.6836,0.68349,1,1
23.08.2021 00:13:00.093,0.68359,0.68349,1,2.25
23.08.2021 00:13:03.189,0.68361,0.68349,1.5,1
23.08.2021 00:13:05.398,0.6836,0.68349,1,1
23.08.2021 00:13:05.517,0.68361,0.68349,1.5,1
23.08.2021 00:13:07.213,0.6835600000000001,0.68347,1,1.25
23.08.2021 00:13:07.315,0.68355,0.6834600000000001,1,2.31
23.08.2021 00:13:07.880,0.6835600000000001,0.68345,1.5,1
23.08.2021 00:13:07.981,0.68355,0.68344,1,1.25
23.08.2021 00:13:08.082,0.68355,0.68344,1,1.94
23.08.2021 00:13:08.581,0.6835600000000001,0.68344,1,1.94
23.08.2021 00:13:10.623,0.68355,0.68345,1,1
23.08.2021 00:13:11.660,0.68352,0.68344,1.75,1
23.08.2021 00:13:11.711,0.68345,0.6833600000000001,1.87,1.25
23.08.2021 00:13:11.762,0.6834100000000001,0.68332,1.5,3.94
23.08.2021 00:13:11.814,0.68337,0.6832600000000001,1,1
23.08.2021 00:13:11.864,0.6833600000000001,0.68328,1,1.25
23.08.2021 00:13:11.915,0.68335,0.68324,1.5,2.25
23.08.2021 00:13:11.966,0.6833300000000001,0.68324,1,1.5
23.08.2021 00:13:12.068,0.68332,0.6832,1,1
23.08.2021 00:13:15.522,0.68332,0.6832100000000001,1,1
23.08.2021 00:13:17.729,0.68332,0.68322,1.5,1
23.08.2021 00:13:19.888,0.68332,0.6832100000000001,1,1
23.08.2021 00:13:19.990,0.6833300000000001,0.6832100000000001,2.25,1
23.08.2021 00:13:20.776,0.68332,0.6832,1,1
23.08.2021 00:13:27.913,0.6833100000000001,0.68319,1,1
23.08.2021 00:13:31.543,0.6833100000000001,0.6832100000000001,1,1.69
23.08.2021 00:13:31.594,0.6833300000000001,0.6832100000000001,1,3.19
23.08.2021 00:13:32.422,0.68332,0.6832100000000001,1,1
23.08.2021 00:13:32.523,0.6833100000000001,0.6832,1,1
23.08.2021 00:13:32.725,0.6833100000000001,0.6832,1,1.5
23.08.2021 00:13:36.415,0.68332,0.6832,1,2.69
23.08.2021 00:13:41.191,0.6833300000000001,0.6832100000000001,1,1.69
23.08.2021 00:13:43.202,0.68332,0.6832,1,2.69
23.08.2021 00:13:43.584,0.6833,0.6832100000000001,1,1.5
23.08.2021 00:13:49.788,0.68328,0.6831600000000001,1,3.62
23.08.2021 00:13:49.889,0.68327,0.68315,1,2.37
23.08.2021 00:13:49.991,0.6832600000000001,0.68315,1,2.25
23.08.2021 00:13:52.464,0.68327,0.68315,1,3.12
23.08.2021 00:13:56.921,0.68327,0.68315,1,2.25
23.08.2021 00:14:13.403,0.68328,0.6831600000000001,1,3.06
23.08.2021 00:14:13.655,0.68328,0.68317,1,1.5
23.08.2021 00:14:13.756,0.68329,0.68319,1,1.25
23.08.2021 00:14:13.908,0.6833,0.68319,1,1.25
23.08.2021 00:14:16.508,0.6833,0.6832,1,1.94
23.08.2021 00:14:18.367,0.6833,0.6832100000000001,1,1.94
23.08.2021 00:15:00.029,0.68332,0.6832100000000001,1,1.25
23.08.2021 00:15:00.231,0.68334,0.6832600000000001,1,1.25
23.08.2021 00:15:00.333,0.68337,0.6832600000000001,1,1.25
23.08.2021 00:15:05.565,0.6833600000000001,0.68325,1,2.44
23.08.2021 00:15:05.666,0.6833600000000001,0.68325,1,2.69
23.08.2021 00:15:17.670,0.6833600000000001,0.68325,1,1
23.08.2021 00:15:17.925,0.68337,0.68325,1,1.94
23.08.2021 00:15:22.905,0.6833600000000001,0.68325,1,1
23.08.2021 00:15:23.006,0.6833600000000001,0.68324,1,1.69
23.08.2021 00:15:23.107,0.68335,0.68325,1,2.69
23.08.2021 00:15:23.208,0.6833600000000001,0.68324,1,1.69
23.08.2021 00:15:23.309,0.6833600000000001,0.68324,1,2.69
23.08.2021 00:15:24.698,0.6833600000000001,0.68325,1,2.31
23.08.2021 00:15:26.031,0.68337,0.68325,1,3.06
23.08.2021 00:15:27.867,0.68337,0.6832600000000001,1,3.81
23.08.2021 00:15:31.151,0.6833899999999999,0.6833,1,1.5
23.08.2021 00:15:31.417,0.6834,0.6833100000000001,1,1
23.08.2021 00:15:32.982,0.68342,0.6833100000000001,1,1
23.08.2021 00:15:34.725,0.68342,0.68329,1,3.06
23.08.2021 00:15:37.077,0.6833800000000001,0.68327,1,1.5
23.08.2021 00:15:39.207,0.68337,0.68327,1,1.25
23.08.2021 00:15:39.873,0.68337,0.68325,1,1.25
23.08.2021 00:15:44.823,0.6833800000000001,0.68325,1,1.69
23.08.2021 00:15:45.136,0.68337,0.68325,1,1.69
23.08.2021 00:15:45.237,0.6833800000000001,0.68325,1,1.69
23.08.2021 00:15:54.068,0.6833600000000001,0.6832600000000001,1,1.69
23.08.2021 00:16:10.258,0.68337,0.6832600000000001,1,1.87
23.08.2021 00:16:10.359,0.6833600000000001,0.68325,1,1.5
23.08.2021 00:16:30.570,0.6833600000000001,0.6832600000000001,1,1.25
23.08.2021 00:16:30.671,0.68337,0.68327,1,1.12
23.08.2021 00:16:30.822,0.6833800000000001,0.68327,1,1.87
23.08.2021 00:16:31.563,0.6833899999999999,0.68328,1,1.94
23.08.2021 00:16:31.614,0.68342,0.6833,1,1.25
23.08.2021 00:16:31.715,0.68342,0.6833,1,2.69
23.08.2021 00:16:33.733,0.6834300000000001,0.6833100000000001,1,1.69
23.08.2021 00:16:43.083,0.6834100000000001,0.6833100000000001,1,1
23.08.2021 00:16:43.134,0.6834,0.68329,1,1.25
23.08.2021 00:16:45.284,0.6834100000000001,0.6833300000000001,1,1.25
23.08.2021 00:16:45.386,0.6834300000000001,0.68334,1,1.25
23.08.2021 00:16:45.538,0.6834300000000001,0.68335,1,1.25
23.08.2021 00:16:52.168,0.6834600000000001,0.68335,1,3.44
23.08.2021 00:16:52.220,0.6834800000000001,0.6833800000000001,1.87,2.69
23.08.2021 00:16:52.322,0.6834800000000001,0.68337,1,1.94
23.08.2021 00:16:55.806,0.6834800000000001,0.6833800000000001,1,2.69
23.08.2021 00:16:55.907,0.68349,0.6833899999999999,1,1.25
23.08.2021 00:16:56.118,0.68347,0.6833800000000001,1,1.69
23.08.2021 00:17:01.019,0.6834800000000001,0.6833600000000001,1,2.44
23.08.2021 00:17:01.121,0.68347,0.6833600000000001,1,1.69
23.08.2021 00:17:01.378,0.6834600000000001,0.6833600000000001,1,1.69
23.08.2021 00:17:01.528,0.68347,0.6833600000000001,1,1.69
23.08.2021 00:17:08.065,0.68344,0.6833600000000001,1,1.69
23.08.2021 00:17:11.274,0.6834800000000001,0.68337,1,1.25
23.08.2021 00:17:11.325,0.68344,0.68335,1,2.62
23.08.2021 00:17:14.064,0.68345,0.68335,1,2.62
23.08.2021 00:17:16.225,0.68345,0.6833600000000001,1,2.62
23.08.2021 00:17:20.403,0.6834600000000001,0.6833600000000001,1,1.25
23.08.2021 00:17:20.730,0.6834600000000001,0.68337,1,1.87
23.08.2021 00:17:22.975,0.6834800000000001,0.68337,1,1
23.08.2021 00:17:23.076,0.6834600000000001,0.6833800000000001,1,1
23.08.2021 00:17:29.894,0.6834800000000001,0.68337,1,1.94
23.08.2021 00:17:31.572,0.6834800000000001,0.68337,1,1.25
23.08.2021 00:17:32.663,0.68347,0.68337,1.5,1.5
23.08.2021 00:17:36.367,0.68347,0.6833600000000001,1,1
23.08.2021 00:17:38.082,0.68347,0.68335,1.5,1
23.08.2021 00:17:38.184,0.68347,0.6833600000000001,1,1
23.08.2021 00:17:40.457,0.68347,0.68335,1,1.5
23.08.2021 00:17:42.765,0.6834800000000001,0.68337,1,1
23.08.2021 00:17:46.577,0.68349,0.6833800000000001,1,1.12
23.08.2021 00:17:51.199,0.68347,0.68337,1,1
23.08.2021 00:17:51.300,0.68347,0.6833600000000001,1,1
23.08.2021 00:17:54.367,0.6834600000000001,0.68335,1,1
23.08.2021 00:17:54.468,0.68345,0.6833300000000001,1,3.19
23.08.2021 00:18:01.749,0.68345,0.68335,1,1
23.08.2021 00:18:01.800,0.68347,0.6833600000000001,1,1.25
23.08.2021 00:18:01.902,0.68345,0.68337,1,1.25
23.08.2021 00:18:03.386,0.6834800000000001,0.68337,1,2.94
23.08.2021 00:18:03.742,0.68349,0.6833800000000001,1.5,1.25
23.08.2021 00:18:07.623,0.68347,0.6833800000000001,1,1.69
23.08.2021 00:18:07.761,0.68347,0.68337,1,1.25
23.08.2021 00:18:08.002,0.68347,0.6833600000000001,1,2.25
23.08.2021 00:18:11.963,0.6834600000000001,0.68335,1,1
23.08.2021 00:18:37.711,0.68345,0.68334,1,1.5
23.08.2021 00:18:37.812,0.68344,0.68334,1,1
23.08.2021 00:18:37.913,0.6834300000000001,0.68334,1,1.12
23.08.2021 00:18:44.941,0.68342,0.6833,1,2.62
23.08.2021 00:18:45.518,0.6833800000000001,0.68327,1,1
23.08.2021 00:18:45.620,0.6833800000000001,0.6832600000000001,1,1.87
23.08.2021 00:18:47.292,0.68337,0.6832600000000001,1,1
23.08.2021 00:18:48.770,0.6833800000000001,0.68327,1.5,1.69
23.08.2021 00:18:48.821,0.68337,0.68325,1,3
23.08.2021 00:18:54.697,0.6833800000000001,0.6832600000000001,1,1.5
23.08.2021 00:18:54.949,0.68337,0.6832600000000001,1,1
23.08.2021 00:19:03.833,0.6833800000000001,0.6832600000000001,1,1.5
23.08.2021 00:19:15.248,0.6833899999999999,0.68327,1.5,1
23.08.2021 00:19:15.349,0.6833800000000001,0.6832600000000001,1,1.5
23.08.2021 00:19:19.253,0.68337,0.6832600000000001,1,2.25
23.08.2021 00:19:20.577,0.68337,0.68327,1,1
23.08.2021 00:19:30.669,0.6833800000000001,0.68327,1,1.5
23.08.2021 00:19:32.604,0.6833899999999999,0.68328,1,1
23.08.2021 00:19:33.279,0.6834,0.68328,1,2.44
23.08.2021 00:19:33.329,0.6834100000000001,0.6833,1,1
23.08.2021 00:19:33.633,0.68342,0.6833100000000001,1,1
23.08.2021 00:19:33.743,0.6834100000000001,0.6833300000000001,1,1
23.08.2021 00:19:37.295,0.6834100000000001,0.68329,1.5,1
23.08.2021 00:19:37.346,0.6833899999999999,0.68327,1,2.62
23.08.2021 00:19:37.447,0.6833800000000001,0.6832600000000001,1,2.94
23.08.2021 00:19:37.548,0.6833800000000001,0.6832600000000001,1,2.44
23.08.2021 00:19:38.766,0.6833800000000001,0.68329,2.25,1
23.08.2021 00:19:38.867,0.6834100000000001,0.6833,1,1
23.08.2021 00:19:40.038,0.68342,0.6833,1,1
23.08.2021 00:19:41.841,0.68342,0.6833100000000001,1,1
23.08.2021 00:19:48.786,0.6834300000000001,0.6833100000000001,1.5,1.5
23.08.2021 00:19:59.117,0.6834300000000001,0.68332,1,1
23.08.2021 00:20:01.737,0.6834600000000001,0.68335,1.5,1.5
23.08.2021 00:20:01.838,0.68347,0.6833600000000001,1,1
23.08.2021 00:20:01.939,0.68347,0.68337,1,1
23.08.2021 00:20:03.057,0.6834800000000001,0.68337,1,1
23.08.2021 00:20:04.514,0.68349,0.68337,1,1.5
23.08.2021 00:20:08.010,0.68347,0.68337,1,1.5
23.08.2021 00:20:08.287,0.6834600000000001,0.68335,1,1.5
23.08.2021 00:20:09.710,0.68347,0.68335,1.5,1.5
23.08.2021 00:20:10.001,0.6834800000000001,0.6833600000000001,1,1.5
23.08.2021 00:20:17.800,0.68349,0.68337,1,1.5
23.08.2021 00:20:18.103,0.68347,0.6833800000000001,1,1.5
23.08.2021 00:20:20.883,0.6834600000000001,0.68337,1,1.5
23.08.2021 00:20:20.984,0.6834800000000001,0.6833600000000001,1.69,1.5
23.08.2021 00:20:26.586,0.68349,0.6833800000000001,1,1
23.08.2021 00:20:26.687,0.6834800000000001,0.68337,1,1
23.08.2021 00:20:37.248,0.68347,0.6833899999999999,1,1
23.08.2021 00:20:41.943,0.6835300000000001,0.68344,2.62,1
23.08.2021 00:20:42.044,0.6835600000000001,0.6834600000000001,1.5,1.69
23.08.2021 00:20:42.146,0.68357,0.68345,1,1.69
23.08.2021 00:20:43.659,0.6835800000000001,0.6834600000000001,1,1
23.08.2021 00:20:46.294,0.68357,0.68345,1,1.5
23.08.2021 00:20:46.395,0.68357,0.6834600000000001,1,1
23.08.2021 00:21:03.366,0.68354,0.68344,1,1
23.08.2021 00:21:03.417,0.6835300000000001,0.6834100000000001,1,1.5
23.08.2021 00:21:03.619,0.6835300000000001,0.68342,1,1.5
23.08.2021 00:21:04.856,0.6835300000000001,0.6834100000000001,1,2.25
23.08.2021 00:21:08.906,0.6835100000000001,0.68342,1,1.5
23.08.2021 00:21:15.465,0.68355,0.68344,1.5,1
23.08.2021 00:21:15.567,0.6835600000000001,0.68345,1.12,1
23.08.2021 00:21:16.133,0.68357,0.68345,1,1.5
23.08.2021 00:21:20.664,0.6835800000000001,0.6834600000000001,1,1
23.08.2021 00:21:23.159,0.68357,0.6834600000000001,1,1.5
23.08.2021 00:21:23.381,0.68357,0.68347,1,1.5
23.08.2021 00:21:34.629,0.68359,0.6834800000000001,1,1
23.08.2021 00:21:36.218,0.68359,0.68347,1,1.5
23.08.2021 00:21:39.367,0.6835800000000001,0.68347,1,1
23.08.2021 00:21:40.882,0.68357,0.6834600000000001,1,1
23.08.2021 00:21:47.960,0.68357,0.68345,1,1
23.08.2021 00:21:54.749,0.68357,0.6834600000000001,1,1
23.08.2021 00:21:57.874,0.68357,0.68347,1,1.5
23.08.2021 00:22:01.324,0.6835600000000001,0.68347,1,1
23.08.2021 00:22:01.375,0.6835600000000001,0.68344,1,2.25
23.08.2021 00:22:03.847,0.6835800000000001,0.6834600000000001,1,1.5
23.08.2021 00:22:05.666,0.6835800000000001,0.68349,1,1
23.08.2021 00:22:05.781,0.68357,0.6834600000000001,1,1.5
23.08.2021 00:22:14.946,0.6835800000000001,0.6834600000000001,1,2.25
23.08.2021 00:22:29.106,0.68357,0.6834600000000001,1,1
23.08.2021 00:22:34.960,0.6835800000000001,0.6834600000000001,1,1.5
23.08.2021 00:22:35.708,0.6835800000000001,0.68347,1,1
23.08.2021 00:22:38.003,0.6835800000000001,0.6834600000000001,1.5,1.5
23.08.2021 00:22:42.366,0.68357,0.6834600000000001,1,1
23.08.2021 00:22:43.496,0.68357,0.68345,1,2.25
23.08.2021 00:22:48.319,0.6835600000000001,0.68345,1,2.25
23.08.2021 00:22:53.319,0.6835800000000001,0.68347,2.25,1
23.08.2021 00:22:53.443,0.68357,0.6834600000000001,1,1
23.08.2021 00:23:00.519,0.6835600000000001,0.6834600000000001,1,1
23.08.2021 00:23:00.675,0.6835600000000001,0.68345,1,1.5
23.08.2021 00:23:01.470,0.68355,0.68347,1,1
23.08.2021 00:23:01.585,0.6835600000000001,0.68345,1,1
23.08.2021 00:23:21.753,0.68355,0.68345,1,1.5
23.08.2021 00:23:26.976,0.68355,0.68344,1,1
23.08.2021 00:23:28.387,0.68354,0.68344,1,1
23.08.2021 00:23:34.627,0.68355,0.68344,1,1
23.08.2021 00:23:38.119,0.6835300000000001,0.68345,1,1
23.08.2021 00:23:40.742,0.68355,0.68344,1,1
23.08.2021 00:24:00.886,0.68354,0.68342,1,1.69
23.08.2021 00:24:14.088,0.68352,0.6834100000000001,1,1.5
23.08.2021 00:24:31.375,0.6835300000000001,0.6834100000000001,1.5,1.5
23.08.2021 00:24:45.671,0.6835100000000001,0.6834,1,1.5
23.08.2021 00:24:46.514,0.6835300000000001,0.68342,1,1.5
23.08.2021 00:24:50.413,0.6835,0.6833800000000001,1,1
23.08.2021 00:24:50.514,0.68349,0.68337,1,1.87
23.08.2021 00:24:56.494,0.68349,0.6834,1.5,1
23.08.2021 00:24:57.344,0.6835100000000001,0.6834,2.25,1
23.08.2021 00:25:01.235,0.6835,0.68342,1,1
23.08.2021 00:25:06.267,0.6835100000000001,0.6834,1.5,1
23.08.2021 00:25:07.760,0.6834800000000001,0.68337,1,1
23.08.2021 00:25:07.912,0.6834800000000001,0.6833600000000001,1,1.25
23.08.2021 00:25:22.216,0.68349,0.68337,1,1.5
23.08.2021 00:25:22.317,0.6834800000000001,0.68337,1,1
23.08.2021 00:25:33.843,0.6834800000000001,0.6834,1,1
23.08.2021 00:25:33.893,0.6835100000000001,0.68342,1.12,1
23.08.2021 00:25:34.045,0.6835300000000001,0.6834100000000001,1.5,1.5
23.08.2021 00:25:34.146,0.6835300000000001,0.68342,1,1
23.08.2021 00:25:40.540,0.68354,0.6834300000000001,1,1.87
23.08.2021 00:25:40.903,0.68354,0.68344,1.5,1.87
23.08.2021 00:25:45.400,0.68355,0.68344,1.5,1
23.08.2021 00:25:47.860,0.68357,0.68345,1,1
23.08.2021 00:25:48.096,0.68357,0.6834600000000001,1,1
23.08.2021 00:25:53.603,0.68359,0.6834800000000001,1,1.5
23.08.2021 00:25:53.704,0.6836,0.6834800000000001,1.12,3
23.08.2021 00:25:53.806,0.6836,0.68349,1,1.5
23.08.2021 00:25:53.908,0.6836,0.6835100000000001,1,1
23.08.2021 00:25:54.060,0.68362,0.6835100000000001,1,1
23.08.2021 00:26:00.514,0.6836,0.6834800000000001,1,1
23.08.2021 00:26:00.564,0.6835800000000001,0.68347,1,2.62
23.08.2021 00:26:00.666,0.68359,0.6834800000000001,1,1
23.08.2021 00:26:00.911,0.6835800000000001,0.68347,1,1
23.08.2021 00:26:01.012,0.68357,0.68347,1,1
23.08.2021 00:26:01.113,0.68355,0.68345,1,1
23.08.2021 00:26:01.164,0.68354,0.6834300000000001,1,2.06
23.08.2021 00:26:01.265,0.68352,0.68342,1,1.5
23.08.2021 00:26:01.366,0.68352,0.68342,1,1
23.08.2021 00:26:11.235,0.68354,0.68342,1,2.44
23.08.2021 00:26:11.500,0.68354,0.68344,1,2.44
23.08.2021 00:26:11.551,0.6835600000000001,0.6834600000000001,1.5,1
23.08.2021 00:26:11.652,0.6835600000000001,0.68347,1.5,1
23.08.2021 00:26:13.124,0.68359,0.6834800000000001,1.69,1
23.08.2021 00:26:14.794,0.6836,0.68349,2.25,1
23.08.2021 00:26:14.895,0.68361,0.68349,2.25,1
23.08.2021 00:26:15.046,0.6836,0.68349,1,1
23.08.2021 00:26:16.724,0.6836,0.6834800000000001,1,1
23.08.2021 00:26:20.226,0.68361,0.6835100000000001,2.06,1
23.08.2021 00:26:20.924,0.6836300000000001,0.6835300000000001,2.06,1
23.08.2021 00:26:21.126,0.6836300000000001,0.68354,1,1
23.08.2021 00:26:21.480,0.68364,0.68354,1.69,1
23.08.2021 00:26:21.800,0.68364,0.68355,1.25,1
23.08.2021 00:26:23.582,0.68364,0.68354,1.69,1
23.08.2021 00:26:31.286,0.6836300000000001,0.68354,1,1
23.08.2021 00:26:31.387,0.68362,0.6835300000000001,1,1
23.08.2021 00:26:32.727,0.68361,0.6835300000000001,1,1
23.08.2021 00:26:38.106,0.68362,0.68354,1.5,1
23.08.2021 00:26:38.225,0.68364,0.6835300000000001,1.25,1
23.08.2021 00:26:39.954,0.68365,0.6835600000000001,1.5,1
23.08.2021 00:26:40.055,0.68367,0.68357,1.87,1
23.08.2021 00:26:51.784,0.68365,0.6835800000000001,1,1
23.08.2021 00:26:51.885,0.68366,0.6835600000000001,1,1
23.08.2021 00:26:52.388,0.68366,0.68355,1,1
23.08.2021 00:26:55.694,0.68366,0.6835600000000001,1,1
23.08.2021 00:26:57.438,0.68367,0.6835600000000001,1.87,1
23.08.2021 00:26:57.540,0.6836800000000001,0.68357,1,1
23.08.2021 00:26:58.539,0.68369,0.68357,2.06,1
23.08.2021 00:26:59.070,0.68369,0.6835800000000001,2.06,1
23.08.2021 00:27:00.966,0.6836800000000001,0.6835800000000001,1,1
23.08.2021 00:27:01.017,0.68366,0.6835600000000001,1,1
23.08.2021 00:27:01.118,0.68366,0.68355,1.5,1
23.08.2021 00:27:02.071,0.68365,0.68355,1.5,1
23.08.2021 00:27:02.173,0.68366,0.68355,1.5,1
23.08.2021 00:27:02.425,0.68365,0.68355,1,1
23.08.2021 00:27:05.423,0.68365,0.6835600000000001,1.5,1
23.08.2021 00:27:05.524,0.68365,0.68355,1,1
23.08.2021 00:27:06.366,0.68365,0.68354,1,1
23.08.2021 00:27:08.160,0.68366,0.68355,1.5,1
23.08.2021 00:27:08.261,0.68365,0.68355,1.5,1
23.08.2021 00:27:13.308,0.68365,0.68354,1,1
23.08.2021 00:27:15.145,0.68365,0.68359,1,1
23.08.2021 00:27:15.196,0.6836800000000001,0.6835600000000001,1.5,1
23.08.2021 00:27:20.864,0.68366,0.68357,1,1
23.08.2021 00:27:20.915,0.68365,0.68355,1,1.5
23.08.2021 00:27:21.330,0.68365,0.68354,1,1.5
23.08.2021 00:27:24.878,0.68364,0.68354,1,1
23.08.2021 00:27:27.479,0.68364,0.6835300000000001,1.5,1
23.08.2021 00:27:28.346,0.68362,0.6835100000000001,1,2.62
23.08.2021 00:27:29.077,0.6836,0.68349,1.5,1
23.08.2021 00:27:29.393,0.6835800000000001,0.68349,1,1
23.08.2021 00:27:38.343,0.68359,0.68347,1.69,1
23.08.2021 00:27:38.444,0.6835800000000001,0.68347,1,1
23.08.2021 00:27:39.582,0.6835800000000001,0.6834800000000001,2.44,1
23.08.2021 00:27:41.200,0.6835800000000001,0.68347,1,1
23.08.2021 00:27:41.301,0.68354,0.6834600000000001,1,1
23.08.2021 00:27:41.351,0.68354,0.6834300000000001,1.5,1.12
23.08.2021 00:27:41.985,0.68355,0.6834300000000001,2.25,1
23.08.2021 00:27:42.087,0.68354,0.6834300000000001,1,1
23.08.2021 00:27:42.209,0.68354,0.68344,2.25,1
23.08.2021 00:27:42.361,0.68354,0.68342,1,1
23.08.2021 00:27:43.014,0.6835300000000001,0.68344,1,1
23.08.2021 00:27:46.166,0.68354,0.68342,1.5,1
23.08.2021 00:27:48.168,0.68355,0.6834300000000001,1.5,1
23.08.2021 00:27:48.270,0.68354,0.68345,1.5,1
23.08.2021 00:27:49.393,0.6835600000000001,0.68345,1,1.5
23.08.2021 00:27:50.817,0.68359,0.68347,2.25,1
23.08.2021 00:27:59.007,0.6835800000000001,0.6835,1,1
23.08.2021 00:27:59.208,0.6836,0.68349,1,1
23.08.2021 00:28:00.031,0.6836,0.6834800000000001,1.5,1.5
23.08.2021 00:28:02.203,0.6835800000000001,0.68349,1,1
23.08.2021 00:28:05.918,0.6835800000000001,0.6834800000000001,1,1.25
23.08.2021 00:28:09.218,0.6835800000000001,0.6834600000000001,1,1.69
23.08.2021 00:28:14.838,0.68359,0.68347,1.5,1
23.08.2021 00:28:16.911,0.6836,0.6834800000000001,2.25,1
23.08.2021 00:28:17.012,0.6835800000000001,0.6834800000000001,1,1.5
23.08.2021 00:28:20.485,0.68359,0.6834800000000001,1,1.5
23.08.2021 00:28:21.191,0.68359,0.68347,1,1.5
23.08.2021 00:28:26.237,0.6835800000000001,0.6834600000000001,1,1
23.08.2021 00:28:31.169,0.68359,0.68347,2.25,1
23.08.2021 00:28:33.219,0.68357,0.6834800000000001,1,1
23.08.2021 00:28:35.226,0.68359,0.6834800000000001,1,1.5
23.08.2021 00:28:35.429,0.6835800000000001,0.68347,1,1.5
23.08.2021 00:28:39.320,0.68359,0.6834800000000001,1,1
23.08.2021 00:28:42.076,0.6836,0.68349,1,1
23.08.2021 00:28:42.177,0.68361,0.68349,1,1.69
23.08.2021 00:28:42.279,0.68361,0.6835,1,1
23.08.2021 00:28:42.393,0.68361,0.6835100000000001,1,2.25
23.08.2021 00:28:42.778,0.68361,0.6835,1,1.5
23.08.2021 00:28:42.879,0.68361,0.6835100000000001,1,1.5
23.08.2021 00:28:44.120,0.6836300000000001,0.68352,1.5,1
23.08.2021 00:28:44.473,0.68364,0.68352,1,1
23.08.2021 00:28:47.406,0.68365,0.6835300000000001,1.5,1
23.08.2021 00:28:47.759,0.68365,0.68354,1,1
23.08.2021 00:28:50.220,0.68365,0.6835600000000001,1,1
23.08.2021 00:28:50.271,0.6836800000000001,0.6835600000000001,1.87,1
23.08.2021 00:28:51.210,0.68366,0.68354,1.5,1
23.08.2021 00:28:52.229,0.68366,0.68355,1.5,1
23.08.2021 00:28:53.749,0.68367,0.6835600000000001,1,1
23.08.2021 00:28:56.580,0.6836800000000001,0.6835800000000001,1.5,1
23.08.2021 00:28:57.761,0.68365,0.68355,1,1.25
23.08.2021 00:28:57.876,0.68365,0.68354,1,1
23.08.2021 00:28:57.977,0.68366,0.68355,1,1
23.08.2021 00:28:58.079,0.68367,0.68355,1,1
23.08.2021 00:29:01.004,0.6836800000000001,0.6835600000000001,1,1
23.08.2021 00:29:01.106,0.68369,0.68357,1,1.25
23.08.2021 00:29:03.094,0.68372,0.6836,1.69,1
23.08.2021 00:29:05.412,0.6837300000000001,0.68362,1,1.69
23.08.2021 00:29:05.513,0.68372,0.68364,1,1
23.08.2021 00:29:05.614,0.68374,0.6836300000000001,1,1
23.08.2021 00:29:05.715,0.6837500000000001,0.6836300000000001,1.5,1.69
23.08.2021 00:29:05.816,0.68374,0.6836300000000001,1,1
23.08.2021 00:29:07.127,0.68371,0.68362,1,1.69
23.08.2021 00:29:10.589,0.68371,0.6836,1,1.25
23.08.2021 00:29:11.655,0.68372,0.68361,1,1
23.08.2021 00:29:13.693,0.6837000000000001,0.68361,1,1
23.08.2021 00:29:17.466,0.6837000000000001,0.6836,1,1.87
23.08.2021 00:29:17.567,0.68371,0.68361,1,1
23.08.2021 00:29:21.359,0.68372,0.68361,1,1
23.08.2021 00:29:26.598,0.6837300000000001,0.68361,1,1
23.08.2021 00:29:32.562,0.68372,0.68361,1,1
23.08.2021 00:29:32.726,0.68372,0.68362,1,1
23.08.2021 00:29:42.007,0.68374,0.6836300000000001,1,1
23.08.2021 00:29:42.108,0.6837500000000001,0.68364,1,1
23.08.2021 00:29:42.939,0.68374,0.68366,1,1
23.08.2021 00:29:42.990,0.68377,0.68365,2.62,1
23.08.2021 00:29:43.742,0.6837500000000001,0.68366,1,1
23.08.2021 00:29:44.353,0.6837500000000001,0.68365,1.5,1
23.08.2021 00:29:44.454,0.6837500000000001,0.68364,1,1
23.08.2021 00:29:47.530,0.6837500000000001,0.68365,2.25,1
23.08.2021 00:29:51.320,0.68377,0.68366,1,1
23.08.2021 00:29:51.421,0.68378,0.68366,1.25,1
23.08.2021 00:29:51.933,0.68377,0.68365,1,1.25
23.08.2021 00:29:52.893,0.68378,0.68367,1,1
23.08.2021 00:29:53.001,0.68379,0.68367,1.69,1
23.08.2021 00:30:00.394,0.68376,0.68365,1,1.12
23.08.2021 00:30:01.248,0.68376,0.68364,2.25,1
23.08.2021 00:30:01.472,0.68374,0.68364,1,1
23.08.2021 00:30:01.573,0.68372,0.68361,1,2
23.08.2021 00:30:01.675,0.68371,0.68359,1.5,1.75
23.08.2021 00:30:01.776,0.68371,0.68359,1.5,1.25
23.08.2021 00:30:03.220,0.68369,0.68357,1.5,1.75
23.08.2021 00:30:03.321,0.68367,0.68355,1,2
23.08.2021 00:30:04.702,0.68366,0.68355,1,2
23.08.2021 00:30:11.247,0.68366,0.6835600000000001,1,1.25
23.08.2021 00:30:14.452,0.6836800000000001,0.6835600000000001,1,1.25
23.08.2021 00:30:14.858,0.68369,0.68357,1,1.69
23.08.2021 00:30:14.960,0.6837000000000001,0.6835800000000001,1,1.69
23.08.2021 00:30:15.568,0.6837000000000001,0.6836,1,1
23.08.2021 00:30:15.720,0.6837300000000001,0.68361,1,1.25
23.08.2021 00:30:15.821,0.68372,0.6836,1,1.94
23.08.2021 00:30:15.922,0.68372,0.6836,1,1.87
23.08.2021 00:30:18.180,0.68371,0.68362,1,1
23.08.2021 00:30:21.099,0.6837300000000001,0.68361,1,1
23.08.2021 00:30:24.360,0.68374,0.68362,1,1
23.08.2021 00:30:24.512,0.6837500000000001,0.68364,1,1
23.08.2021 00:30:26.374,0.68376,0.68364,2.44,1
23.08.2021 00:30:28.884,0.68376,0.68364,3.31,1
23.08.2021 00:30:28.985,0.68376,0.68364,2.81,1
23.08.2021 00:30:32.270,0.68374,0.68365,1,1
23.08.2021 00:30:32.321,0.68374,0.68362,1.5,1
23.08.2021 00:30:39.417,0.6837300000000001,0.68361,1,1
23.08.2021 00:30:42.597,0.68374,0.68364,1.5,1
23.08.2021 00:30:45.346,0.68372,0.68365,1,1
23.08.2021 00:30:45.497,0.68372,0.68364,1,1
23.08.2021 00:30:45.616,0.6837300000000001,0.68364,1,1
23.08.2021 00:30:48.528,0.6837300000000001,0.6836300000000001,1,1
23.08.2021 00:30:48.629,0.68374,0.6836300000000001,2.44,1
23.08.2021 00:30:48.820,0.68374,0.68364,2.44,1
23.08.2021 00:30:57.362,0.6837300000000001,0.6836300000000001,1.69,1
23.08.2021 00:30:57.491,0.68372,0.6836300000000001,1,1
23.08.2021 00:30:57.592,0.68372,0.68362,1,1
23.08.2021 00:30:57.693,0.68371,0.68362,1,1
23.08.2021 00:30:59.585,0.68372,0.68362,1,1
23.08.2021 00:30:59.687,0.68372,0.6836300000000001,1.5,1
23.08.2021 00:31:01.188,0.6837300000000001,0.6836300000000001,1,1
23.08.2021 00:31:07.977,0.6837500000000001,0.6836300000000001,3,1
23.08.2021 00:31:08.829,0.68372,0.68364,1,1
23.08.2021 00:31:09.353,0.68374,0.6836300000000001,2.25,1
23.08.2021 00:31:10.161,0.6837300000000001,0.68362,2.44,1
23.08.2021 00:31:10.263,0.68372,0.68362,1.5,1
23.08.2021 00:31:10.459,0.68371,0.68362,1,1
23.08.2021 00:31:11.367,0.68372,0.68362,1.69,1
23.08.2021 00:31:13.102,0.6837300000000001,0.68362,2.44,1
23.08.2021 00:31:14.653,0.68371,0.6836300000000001,1,1
23.08.2021 00:31:14.754,0.68369,0.68361,1,1
23.08.2021 00:31:15.012,0.6837000000000001,0.68361,1,1
23.08.2021 00:31:16.764,0.6837000000000001,0.68359,1,1
23.08.2021 00:31:18.316,0.68367,0.68355,3.75,1.75
23.08.2021 00:31:18.368,0.68367,0.68355,1.75,1
23.08.2021 00:31:20.036,0.68365,0.68355,1.25,1
23.08.2021 00:31:20.324,0.68361,0.6835100000000001,1.75,1
23.08.2021 00:31:20.375,0.6835800000000001,0.6834600000000001,1,2.44
23.08.2021 00:31:20.527,0.6835800000000001,0.6834600000000001,1.25,1.5
23.08.2021 00:31:21.913,0.68357,0.6834600000000001,1.69,1
23.08.2021 00:31:23.657,0.6835800000000001,0.6834600000000001,3.19,1
23.08.2021 00:31:23.758,0.6835800000000001,0.68347,1.5,1
23.08.2021 00:31:23.859,0.6835800000000001,0.6834800000000001,1.69,1
23.08.2021 00:31:25.231,0.6835800000000001,0.6834600000000001,1,1
23.08.2021 00:31:28.162,0.68355,0.68344,1.25,1.5
23.08.2021 00:31:28.263,0.68354,0.68342,1.25,2
23.08.2021 00:31:28.364,0.68354,0.68342,1.69,1.5
23.08.2021 00:31:30.236,0.6835100000000001,0.6834,1,1.5
23.08.2021 00:31:30.341,0.6835,0.6833800000000001,1,1
23.08.2021 00:31:30.442,0.6834800000000001,0.6833600000000001,1,2.06
23.08.2021 00:31:36.091,0.6834600000000001,0.68335,1,1
23.08.2021 00:31:42.130,0.6834600000000001,0.68334,1.69,1.5
23.08.2021 00:31:42.232,0.68342,0.6833100000000001,1,1.5
23.08.2021 00:31:42.333,0.6834,0.6833,1,2.44
23.08.2021 00:31:46.610,0.6834100000000001,0.68329,1,2.25
23.08.2021 00:31:52.392,0.6833800000000001,0.68327,1,1.5
23.08.2021 00:31:52.494,0.68337,0.68325,1.25,2
23.08.2021 00:31:52.544,0.6833600000000001,0.6832600000000001,1.25,1.5
23.08.2021 00:31:55.106,0.68335,0.68325,1.25,1.5
23.08.2021 00:31:55.207,0.68335,0.68323,1.69,1
23.08.2021 00:31:55.308,0.6833300000000001,0.68323,1,1
23.08.2021 00:31:55.836,0.6833300000000001,0.68322,1,1
23.08.2021 00:31:55.958,0.68334,0.68322,1,1
23.08.2021 00:31:56.639,0.68335,0.68323,1,1.69
23.08.2021 00:31:59.055,0.6833300000000001,0.68324,1,1
23.08.2021 00:32:01.604,0.68334,0.68324,1,1
23.08.2021 00:32:01.705,0.6833300000000001,0.68323,1,2.06
23.08.2021 00:32:04.128,0.68335,0.68323,1.25,1.5
23.08.2021 00:32:07.045,0.68334,0.68323,1,1.69
23.08.2021 00:32:07.147,0.68335,0.68323,1,1.69
23.08.2021 00:32:07.792,0.6833600000000001,0.68324,1.25,1
23.08.2021 00:32:09.808,0.68337,0.68328,1.25,1.12
23.08.2021 00:32:09.909,0.6834,0.68328,1.75,1
23.08.2021 00:32:10.011,0.6833600000000001,0.68324,1,2.69
23.08.2021 00:32:10.112,0.6833600000000001,0.68324,1,1.69
23.08.2021 00:32:10.313,0.68337,0.68325,1.5,2.44
23.08.2021 00:32:10.415,0.6833600000000001,0.68324,1,3.5
23.08.2021 00:32:11.184,0.6833600000000001,0.68324,1,3.5
23.08.2021 00:32:12.411,0.68337,0.68325,1.5,1.94
23.08.2021 00:32:15.760,0.6833600000000001,0.68324,1,1.94
23.08.2021 00:32:22.128,0.68337,0.6832600000000001,1.5,1.25
23.08.2021 00:32:25.510,0.68337,0.68325,1.69,1.25
23.08.2021 00:32:25.844,0.68335,0.68323,1,2.31
23.08.2021 00:32:26.166,0.6833800000000001,0.68328,1.69,1.12
23.08.2021 00:32:26.268,0.68337,0.6832600000000001,1,1.25
23.08.2021 00:32:26.369,0.6833600000000001,0.68325,1,1.94
23.08.2021 00:32:26.530,0.6833800000000001,0.68327,1.69,1
23.08.2021 00:32:26.631,0.68337,0.68325,1,1.94
23.08.2021 00:32:31.721,0.6833800000000001,0.68325,1.25,1.94
23.08.2021 00:32:31.772,0.6833800000000001,0.68329,1.25,1
23.08.2021 00:32:33.250,0.6833800000000001,0.6833,1,1
23.08.2021 00:32:33.481,0.6834,0.6833,1,1
23.08.2021 00:32:33.582,0.68342,0.68332,2.87,1
23.08.2021 00:32:33.683,0.68342,0.68334,2.87,1
23.08.2021 00:32:33.734,0.6834100000000001,0.68332,1.25,1
23.08.2021 00:32:33.835,0.6834100000000001,0.68334,2.12,1
23.08.2021 00:32:33.986,0.6834300000000001,0.68334,3.56,1
23.08.2021 00:32:34.099,0.6834300000000001,0.68334,2.12,1
23.08.2021 00:32:34.201,0.68342,0.6833600000000001,1.25,1
23.08.2021 00:32:35.013,0.68344,0.6833600000000001,1.5,1
23.08.2021 00:32:35.115,0.6834600000000001,0.68337,10.31,1
23.08.2021 00:32:35.267,0.6834600000000001,0.6833800000000001,11.06,1
23.08.2021 00:32:36.478,0.68344,0.68335,1,1.25
23.08.2021 00:32:36.680,0.68344,0.68334,1,1.25
23.08.2021 00:32:38.210,0.68347,0.6833600000000001,1,1.5
23.08.2021 00:32:38.261,0.68349,0.6834300000000001,1.25,1
23.08.2021 00:32:38.362,0.6835,0.68342,1.25,1
23.08.2021 00:32:38.564,0.6835100000000001,0.6834300000000001,1.25,1
23.08.2021 00:32:40.141,0.68352,0.68345,1.25,1
23.08.2021 00:32:40.243,0.68352,0.68344,1.25,1
23.08.2021 00:32:40.427,0.6835100000000001,0.68344,1.25,1
23.08.2021 00:32:43.659,0.68349,0.6834100000000001,1.25,1
23.08.2021 00:32:48.366,0.68349,0.6834,1.25,1
23.08.2021 00:32:51.982,0.68349,0.6834100000000001,1.25,1
23.08.2021 00:32:52.288,0.68349,0.68342,1.25,1
23.08.2021 00:32:52.894,0.68349,0.6834100000000001,1.25,1
23.08.2021 00:33:02.306,0.6835,0.6834,2.44,1
23.08.2021 00:33:04.616,0.6835,0.6834100000000001,1.25,1
23.08.2021 00:33:04.717,0.6835100000000001,0.6834100000000001,1.25,1
23.08.2021 00:33:05.109,0.68352,0.68342,1.25,1
23.08.2021 00:33:05.210,0.68352,0.6834300000000001,1.25,1
23.08.2021 00:33:05.511,0.68354,0.6834300000000001,2.87,1
23.08.2021 00:33:06.008,0.68354,0.68344,1.25,1
23.08.2021 00:33:08.083,0.68355,0.68345,1.75,1
23.08.2021 00:33:08.184,0.68355,0.68347,2.87,1
23.08.2021 00:33:10.860,0.68357,0.6834600000000001,3.25,1
23.08.2021 00:33:12.711,0.6835800000000001,0.68349,1.25,1
23.08.2021 00:33:12.813,0.6835800000000001,0.6834800000000001,1.75,1
23.08.2021 00:33:14.481,0.68357,0.6834600000000001,1.25,1
23.08.2021 00:33:14.582,0.6835600000000001,0.6834600000000001,1.25,1
23.08.2021 00:33:17.118,0.68355,0.6834600000000001,1.75,1
23.08.2021 00:33:17.219,0.6835600000000001,0.6834600000000001,1.75,1
23.08.2021 00:33:21.179,0.68355,0.68344,1.25,1
23.08.2021 00:33:30.043,0.68354,0.68342,3.25,1
23.08.2021 00:33:30.624,0.68352,0.6834300000000001,1.75,1
23.08.2021 00:33:30.726,0.68352,0.68342,1.25,1
23.08.2021 00:33:35.982,0.68352,0.6834100000000001,3.25,1
23.08.2021 00:33:40.688,0.68352,0.6834100000000001,2.44,1
23.08.2021 00:33:45.638,0.6835100000000001,0.6834,1.69,1
23.08.2021 00:33:45.739,0.6835100000000001,0.6834,4,1
23.08.2021 00:33:46.536,0.6835100000000001,0.6833899999999999,4,1
23.08.2021 00:33:46.637,0.68347,0.6833800000000001,3.25,1
23.08.2021 00:33:47.472,0.68347,0.68335,3.25,1
23.08.2021 00:33:47.573,0.6834600000000001,0.68335,1.75,1
23.08.2021 00:33:47.674,0.68345,0.68334,1.69,1
23.08.2021 00:33:48.002,0.68345,0.68334,1.75,1
23.08.2021 00:33:51.495,0.6834600000000001,0.68337,1.25,1
23.08.2021 00:33:51.546,0.6834600000000001,0.68335,1.25,1
23.08.2021 00:33:51.647,0.6834600000000001,0.6833600000000001,3.25,1
23.08.2021 00:33:54.556,0.6834600000000001,0.68334,3.25,1
23.08.2021 00:33:54.716,0.68345,0.68334,1.75,1
23.08.2021 00:33:55.131,0.68344,0.6833300000000001,1.75,1
23.08.2021 00:33:55.232,0.6834300000000001,0.68332,1.75,1
23.08.2021 00:33:56.332,0.6834100000000001,0.68332,1.25,1.5
23.08.2021 00:34:00.613,0.6834300000000001,0.68332,2.44,1
23.08.2021 00:34:00.714,0.68342,0.6833,2.5,1
23.08.2021 00:34:01.761,0.68342,0.6833100000000001,2.5,1
23.08.2021 00:34:06.710,0.6834100000000001,0.6833,3.25,1
23.08.2021 00:34:09.824,0.68342,0.6833100000000001,1.25,1
23.08.2021 00:34:09.926,0.6834300000000001,0.68332,1.25,1
23.08.2021 00:34:10.224,0.6834300000000001,0.6833300000000001,1.25,1
23.08.2021 00:34:10.905,0.6834300000000001,0.68334,1.25,1
23.08.2021 00:34:11.006,0.68344,0.68334,1.25,1
23.08.2021 00:34:12.110,0.68345,0.68334,1.25,1
23.08.2021 00:34:15.367,0.68345,0.68335,1.25,1
23.08.2021 00:34:25.294,0.6834600000000001,0.6833600000000001,1.25,1
23.08.2021 00:34:25.345,0.68345,0.68334,1.25,1
23.08.2021 00:34:32.275,0.68342,0.68332,1.75,1
23.08.2021 00:34:36.372,0.68342,0.6833100000000001,2.5,1
23.08.2021 00:34:39.689,0.6833899999999999,0.68327,1.25,1
23.08.2021 00:34:39.790,0.6833800000000001,0.6832600000000001,4,1
23.08.2021 00:34:39.891,0.68337,0.68325,1.69,1
23.08.2021 00:34:40.958,0.68335,0.68324,2.5,1
23.08.2021 00:34:41.060,0.68334,0.68323,1.25,1
23.08.2021 00:34:43.555,0.68335,0.68324,2.5,1
23.08.2021 00:35:03.342,0.68332,0.6832,2.5,1.5
23.08.2021 00:35:04.357,0.6833100000000001,0.6832,1.25,1.5
23.08.2021 00:35:04.509,0.6833,0.6832,1.75,1
23.08.2021 00:35:04.611,0.6833,0.68319,2.5,1
23.08.2021 00:35:08.367,0.6833,0.68319,1.25,1
23.08.2021 00:35:08.468,0.6833100000000001,0.6832,1.75,1
23.08.2021 00:35:10.800,0.6833100000000001,0.68319,2.5,1
23.08.2021 00:35:15.329,0.6833,0.68318,2.5,1.5
23.08.2021 00:35:17.264,0.68327,0.6831600000000001,1.25,1
23.08.2021 00:35:17.365,0.68325,0.68317,1.25,1
23.08.2021 00:35:17.903,0.68329,0.68318,1.25,1
23.08.2021 00:35:21.099,0.68329,0.6832,1.69,1
23.08.2021 00:35:21.251,0.6833300000000001,0.68322,2.06,1
23.08.2021 00:35:21.352,0.6833300000000001,0.68324,2.25,1
23.08.2021 00:35:21.706,0.68335,0.68323,1.75,1.5
23.08.2021 00:35:21.808,0.68334,0.6832600000000001,1.25,1
23.08.2021 00:35:24.392,0.68335,0.68327,1.75,1
23.08.2021 00:35:26.208,0.68337,0.68329,1.25,1
23.08.2021 00:35:26.309,0.68337,0.68327,1.25,1
23.08.2021 00:35:26.486,0.6833600000000001,0.68328,1.25,1
23.08.2021 00:35:30.106,0.68337,0.68328,1.25,1
23.08.2021 00:35:30.308,0.6833899999999999,0.68329,1.25,1
23.08.2021 00:35:31.132,0.6834,0.6833100000000001,1.75,1
23.08.2021 00:35:36.467,0.6833899999999999,0.6833,1.75,1
23.08.2021 00:35:36.581,0.6834,0.6833,1.75,1
23.08.2021 00:35:51.749,0.6834,0.68329,1.75,1
23.08.2021 00:35:52.781,0.68342,0.6833,2.87,1
23.08.2021 00:35:52.983,0.68342,0.6833100000000001,2.12,1
23.08.2021 00:35:53.135,0.6834100000000001,0.6833300000000001,1.37,1
23.08.2021 00:35:53.387,0.6834300000000001,0.68332,2.5,1
23.08.2021 00:35:56.162,0.6834300000000001,0.68332,1.25,1
23.08.2021 00:35:58.723,0.6834100000000001,0.6833100000000001,1.25,1
23.08.2021 00:35:58.825,0.6834,0.68329,1.25,1
23.08.2021 00:35:59.207,0.6833899999999999,0.68329,1.25,1
23.08.2021 00:36:01.108,0.6833800000000001,0.68329,1.75,1
23.08.2021 00:36:03.337,0.6833899999999999,0.68329,4,1
23.08.2021 00:36:05.184,0.6834100000000001,0.6833,1.69,1
23.08.2021 00:36:05.285,0.6834100000000001,0.6833100000000001,1.25,1
23.08.2021 00:36:05.665,0.68344,0.6833300000000001,1.69,1
23.08.2021 00:36:06.018,0.68345,0.68334,1.75,1
23.08.2021 00:36:07.326,0.68345,0.68334,1.69,1
23.08.2021 00:36:08.113,0.68342,0.6833100000000001,1,1
23.08.2021 00:36:08.217,0.68342,0.6833,2.5,1
23.08.2021 00:36:08.983,0.6834100000000001,0.68329,1.25,1
23.08.2021 00:36:16.110,0.68342,0.6833100000000001,1.75,1
23.08.2021 00:36:20.748,0.6834100000000001,0.6833100000000001,1.75,1
23.08.2021 00:36:20.850,0.6834,0.6833,1.25,1
23.08.2021 00:36:22.257,0.6833800000000001,0.68329,1.25,1
23.08.2021 00:36:23.665,0.6833800000000001,0.6833,1.25,1
23.08.2021 00:36:25.877,0.6833899999999999,0.6833,1.25,1
23.08.2021 00:36:27.841,0.6833899999999999,0.6833100000000001,2.44,1
23.08.2021 00:36:28.573,0.6834,0.68328,1,1
23.08.2021 00:36:28.725,0.6834,0.6833,1.5,1
23.08.2021 00:36:30.414,0.68342,0.6833100000000001,1.69,1
23.08.2021 00:36:30.516,0.6834100000000001,0.6833300000000001,1,1
23.08.2021 00:36:30.668,0.68342,0.6833300000000001,1,1
23.08.2021 00:36:30.769,0.6834300000000001,0.6833300000000001,1.31,1
23.08.2021 00:36:39.050,0.68344,0.68334,2.06,1
23.08.2021 00:36:39.151,0.6834600000000001,0.68335,2.81,1
23.08.2021 00:36:39.303,0.68347,0.68337,1.5,1
23.08.2021 00:36:39.404,0.68347,0.68337,1,1
23.08.2021 00:36:39.505,0.68344,0.6833600000000001,1,1
23.08.2021 00:36:40.536,0.68345,0.68334,1.69,1
23.08.2021 00:36:45.544,0.68345,0.68335,1.25,1
23.08.2021 00:36:46.091,0.6834600000000001,0.68335,1.12,1
23.08.2021 00:36:46.192,0.6834600000000001,0.6833600000000001,1.12,1
23.08.2021 00:36:51.488,0.68345,0.6833600000000001,1,1
23.08.2021 00:36:51.589,0.6834600000000001,0.6833600000000001,1,1
23.08.2021 00:36:54.812,0.68347,0.68337,1,1
23.08.2021 00:36:54.964,0.68349,0.6834,1.5,1
23.08.2021 00:36:55.065,0.6835100000000001,0.6834100000000001,1.5,1
23.08.2021 00:36:55.167,0.6835100000000001,0.6834100000000001,1,1
23.08.2021 00:36:55.537,0.6835100000000001,0.68342,1,1
23.08.2021 00:36:55.638,0.68352,0.68342,1,1
23.08.2021 00:36:56.234,0.6835100000000001,0.68344,1,1
23.08.2021 00:36:57.084,0.6835100000000001,0.6834100000000001,1,1
23.08.2021 00:37:01.565,0.6835,0.6834100000000001,2.44,1
23.08.2021 00:37:03.369,0.6835,0.6834,1,1
23.08.2021 00:37:07.988,0.6835,0.6834,1.62,1
23.08.2021 00:37:08.040,0.6834800000000001,0.6833800000000001,1,1
23.08.2021 00:37:08.142,0.68349,0.6833899999999999,1.5,1
23.08.2021 00:37:08.243,0.68349,0.6834,1.5,1
23.08.2021 00:37:08.345,0.6835,0.6834,1,1
23.08.2021 00:37:08.447,0.6835,0.6834100000000001,1.69,1
23.08.2021 00:37:25.811,0.6835100000000001,0.68342,2.06,1
23.08.2021 00:37:26.076,0.6835,0.68342,1,1
23.08.2021 00:37:27.956,0.6835100000000001,0.68342,1.31,1
23.08.2021 00:37:28.319,0.68352,0.6834300000000001,1,1
23.08.2021 00:37:28.421,0.6835300000000001,0.6834600000000001,1.5,1
23.08.2021 00:37:28.540,0.6835300000000001,0.6834600000000001,1,1
23.08.2021 00:37:29.725,0.6835300000000001,0.68345,1,1
23.08.2021 00:37:29.876,0.68354,0.68345,1,1
23.08.2021 00:37:30.797,0.68354,0.6834600000000001,1,1
23.08.2021 00:37:31.003,0.68354,0.68347,1,1
23.08.2021 00:37:36.101,0.68359,0.68349,1,1
23.08.2021 00:37:36.252,0.6836,0.6835,4.37,1
23.08.2021 00:37:41.977,0.68362,0.6835100000000001,2.44,1
23.08.2021 00:37:42.078,0.6836,0.68352,1,1
23.08.2021 00:37:42.754,0.68361,0.68349,2.81,1
23.08.2021 00:37:42.855,0.68359,0.6834800000000001,1,1
23.08.2021 00:37:43.023,0.68359,0.68349,1.5,1
23.08.2021 00:37:43.124,0.6836,0.68349,1,1
23.08.2021 00:37:43.225,0.6836,0.6835,3.19,1
23.08.2021 00:37:43.851,0.6836,0.68349,1,1
23.08.2021 00:37:45.559,0.6836,0.6834800000000001,2.5,1
23.08.2021 00:37:45.661,0.68357,0.6834600000000001,3.19,1
23.08.2021 00:37:45.762,0.6835600000000001,0.6834600000000001,1,1
23.08.2021 00:37:51.280,0.6835800000000001,0.68347,1.25,1
23.08.2021 00:37:51.331,0.6835800000000001,0.6834800000000001,1.69,1
23.08.2021 00:37:51.381,0.6836,0.68349,1.69,1
23.08.2021 00:37:52.121,0.6836,0.6835,1.25,1
23.08.2021 00:37:53.811,0.68361,0.6835,1.25,1
23.08.2021 00:37:54.290,0.6836,0.6834800000000001,1.69,1
23.08.2021 00:37:54.391,0.6835800000000001,0.6834800000000001,2.44,1
23.08.2021 00:37:54.931,0.68357,0.68347,1.69,1.5
23.08.2021 00:37:55.576,0.68359,0.6835,1,1
23.08.2021 00:37:55.626,0.68361,0.6835,3.56,1
23.08.2021 00:38:03.127,0.68361,0.68349,3.19,1
23.08.2021 00:38:03.228,0.6836,0.6834800000000001,1.5,1
23.08.2021 00:38:03.329,0.68357,0.68349,1,1
23.08.2021 00:38:03.430,0.6835800000000001,0.68347,1,1
23.08.2021 00:38:15.224,0.68359,0.68347,2.44,1
23.08.2021 00:38:15.528,0.6835800000000001,0.6834600000000001,2.5,1
23.08.2021 00:38:16.084,0.6835600000000001,0.6834600000000001,1.25,1
23.08.2021 00:38:19.739,0.6835600000000001,0.68345,1,1
23.08.2021 00:38:19.845,0.68359,0.6834800000000001,1.25,1
23.08.2021 00:38:19.946,0.68359,0.68349,2.81,1
23.08.2021 00:38:20.794,0.68361,0.68349,1.69,1
23.08.2021 00:38:20.896,0.68362,0.6835,2.87,1
23.08.2021 00:38:24.435,0.68362,0.6835,1.25,1
23.08.2021 00:38:30.071,0.68359,0.68349,1,1.5
23.08.2021 00:38:30.173,0.68357,0.6834600000000001,1.25,1
23.08.2021 00:38:31.670,0.68355,0.6834600000000001,1,1
23.08.2021 00:38:32.113,0.68357,0.68345,1.5,1
23.08.2021 00:38:32.388,0.6835800000000001,0.6834800000000001,1.12,1
23.08.2021 00:38:32.439,0.6836,0.68349,2.25,1
23.08.2021 00:38:32.692,0.6836,0.6835,2.44,1
23.08.2021 00:38:34.264,0.68361,0.6835,2.44,1
23.08.2021 00:38:35.385,0.68361,0.6835100000000001,1,1
23.08.2021 00:38:35.716,0.68362,0.68352,1.25,1
23.08.2021 00:38:35.817,0.68365,0.6835300000000001,2.06,1
23.08.2021 00:38:35.918,0.68365,0.68354,1.31,1
23.08.2021 00:38:36.578,0.68366,0.68355,3,1
23.08.2021 00:38:37.868,0.68364,0.68354,1.31,1
23.08.2021 00:38:41.684,0.68366,0.68355,2.25,1
23.08.2021 00:38:45.090,0.68365,0.68355,3.56,1
23.08.2021 00:38:47.945,0.6836300000000001,0.68354,1.25,1
23.08.2021 00:38:48.046,0.68362,0.68354,2.44,1
23.08.2021 00:38:48.147,0.68365,0.6835300000000001,3.75,1
23.08.2021 00:38:51.052,0.68365,0.68355,1,1
23.08.2021 00:38:51.153,0.68365,0.6835600000000001,1.12,1
23.08.2021 00:38:54.410,0.68367,0.68355,3.56,1
23.08.2021 00:39:01.299,0.68366,0.68355,1,1
23.08.2021 00:39:01.554,0.6836800000000001,0.6835800000000001,1,1
23.08.2021 00:39:01.655,0.6836800000000001,0.68357,1,1
23.08.2021 00:39:07.453,0.6836800000000001,0.68359,1.25,1
23.08.2021 00:39:09.391,0.68372,0.6836,2.44,1
23.08.2021 00:39:11.396,0.68371,0.68359,1.87,1
23.08.2021 00:39:17.490,0.6837000000000001,0.68361,1,1
23.08.2021 00:39:24.868,0.68369,0.6836,1,1
23.08.2021 00:39:25.023,0.68371,0.68359,1.5,1
23.08.2021 00:39:25.124,0.68371,0.6836,1,1
23.08.2021 00:39:35.974,0.68371,0.68359,1.5,1
23.08.2021 00:39:36.730,0.68366,0.6835600000000001,1.5,1
23.08.2021 00:39:36.831,0.68366,0.68355,1,1
23.08.2021 00:39:36.933,0.68366,0.68354,1.5,1
23.08.2021 00:39:39.637,0.68365,0.6835600000000001,1.5,1
23.08.2021 00:39:39.689,0.6836800000000001,0.6835600000000001,1.5,1
23.08.2021 00:39:40.043,0.68369,0.68357,1.5,1
23.08.2021 00:39:45.127,0.6836800000000001,0.6835600000000001,1,1.5
23.08.2021 00:39:45.228,0.68367,0.68355,1.5,1
23.08.2021 00:39:50.089,0.6836800000000001,0.68357,1,1
23.08.2021 00:39:50.190,0.68369,0.68357,1,1.25
23.08.2021 00:39:50.291,0.6837000000000001,0.6835800000000001,1,1
23.08.2021 00:39:53.123,0.68369,0.6835800000000001,1,1
23.08.2021 00:39:53.224,0.6836800000000001,0.6835600000000001,1,1.25
23.08.2021 00:39:55.747,0.68366,0.6835600000000001,1,1
23.08.2021 00:39:55.852,0.68367,0.68355,2.25,1
23.08.2021 00:40:03.441,0.68366,0.68355,1,1
23.08.2021 00:40:03.542,0.68367,0.68355,1.5,1
23.08.2021 00:40:06.022,0.6836800000000001,0.6835600000000001,1,1
23.08.2021 00:40:11.591,0.68369,0.68357,2.25,1
23.08.2021 00:40:11.692,0.68367,0.68357,1.5,1
23.08.2021 00:40:14.150,0.68365,0.68354,1,1
23.08.2021 00:40:14.202,0.6836300000000001,0.6835300000000001,1.5,1.25
23.08.2021 00:40:14.252,0.68362,0.6835,1,1.5
23.08.2021 00:40:14.605,0.6836,0.6835,1,1
23.08.2021 00:40:14.656,0.6836,0.6834800000000001,1.5,1
23.08.2021 00:40:20.144,0.68359,0.6835,1,1
23.08.2021 00:40:21.404,0.68361,0.68349,2.25,1
23.08.2021 00:40:26.126,0.6836300000000001,0.6835100000000001,1.5,1
23.08.2021 00:40:26.415,0.68365,0.6835300000000001,1.87,1.5
23.08.2021 00:40:26.881,0.68366,0.68355,1,1
23.08.2021 00:40:27.260,0.68367,0.68355,1,1
23.08.2021 00:40:28.742,0.6836800000000001,0.6835600000000001,1,1
23.08.2021 00:40:32.625,0.68365,0.6835600000000001,1,1
23.08.2021 00:40:34.256,0.68365,0.6835300000000001,1,1
23.08.2021 00:40:34.306,0.6836300000000001,0.6835100000000001,1,1.5
23.08.2021 00:40:39.166,0.68365,0.6835300000000001,1,1.69
23.08.2021 00:40:40.787,0.68364,0.68352,1,1
23.08.2021 00:40:40.889,0.68362,0.6835100000000001,1,1
23.08.2021 00:40:40.991,0.68362,0.6835,1,1
23.08.2021 00:40:44.029,0.6836300000000001,0.6835300000000001,1.12,2.44
23.08.2021 00:40:44.181,0.68365,0.6835300000000001,1,1
23.08.2021 00:40:51.652,0.68366,0.68354,1,2.44
23.08.2021 00:40:51.754,0.68366,0.68355,1,1
23.08.2021 00:40:51.956,0.68369,0.68357,1.5,1
23.08.2021 00:40:57.680,0.68367,0.68357,1.5,1
23.08.2021 00:41:05.035,0.68369,0.68359,1,1
23.08.2021 00:41:05.288,0.6837000000000001,0.68359,1.5,1.12
23.08.2021 00:41:05.621,0.68372,0.6836,1,1.12
23.08.2021 00:41:05.722,0.6837300000000001,0.68361,1.12,1
23.08.2021 00:41:05.824,0.6837500000000001,0.6836300000000001,1.12,1
23.08.2021 00:41:05.925,0.6837500000000001,0.68365,2.75,1
23.08.2021 00:41:06.026,0.6837500000000001,0.68365,2.62,1
23.08.2021 00:41:11.030,0.6837500000000001,0.6836300000000001,1,1.5
23.08.2021 00:41:16.216,0.68374,0.68362,1,1.5
23.08.2021 00:41:16.317,0.6837300000000001,0.68362,1,1
23.08.2021 00:41:18.571,0.68372,0.6836,1,1.5
23.08.2021 00:41:21.744,0.68371,0.6836,1,1
23.08.2021 00:41:23.190,0.6837300000000001,0.6836,1,1.5
23.08.2021 00:41:24.511,0.6837300000000001,0.68361,1,1
23.08.2021 00:41:24.613,0.6837500000000001,0.6836300000000001,1,1
23.08.2021 00:41:25.391,0.68376,0.68364,1.5,1
23.08.2021 00:41:30.405,0.68378,0.6836800000000001,2.81,1
23.08.2021 00:41:30.557,0.68378,0.68366,1,1
23.08.2021 00:41:34.996,0.68377,0.68365,1,1
23.08.2021 00:41:38.811,0.68378,0.68366,1.12,1
23.08.2021 00:41:38.912,0.68379,0.68367,1,1
23.08.2021 00:41:39.288,0.68377,0.6836800000000001,1,1
23.08.2021 00:41:39.389,0.68378,0.68366,1.5,1
23.08.2021 00:41:39.744,0.68376,0.68366,1,1
23.08.2021 00:41:40.302,0.68376,0.68364,1.5,1
23.08.2021 00:41:40.403,0.68376,0.6836300000000001,3,1.5
23.08.2021 00:41:45.415,0.6837300000000001,0.68361,1,1.5
23.08.2021 00:41:51.604,0.68372,0.6836,1,1.5
23.08.2021 00:41:52.079,0.68371,0.6836,1,1
23.08.2021 00:41:52.129,0.6837000000000001,0.68357,3,1.12
23.08.2021 00:41:52.231,0.68369,0.6835600000000001,1,1.5
23.08.2021 00:41:52.332,0.68369,0.6835600000000001,1.5,1
23.08.2021 00:41:53.339,0.6836800000000001,0.6835600000000001,1,1
23.08.2021 00:41:53.980,0.68366,0.68357,1,1
23.08.2021 00:41:54.159,0.6836800000000001,0.6835600000000001,1,1
23.08.2021 00:42:00.794,0.68369,0.68357,1,1.5
23.08.2021 00:42:00.895,0.6837000000000001,0.6835800000000001,1.87,1
23.08.2021 00:42:02.445,0.68374,0.68362,1.5,1.69
23.08.2021 00:42:02.546,0.6837500000000001,0.68364,2,2.25
23.08.2021 00:42:02.647,0.68376,0.6836300000000001,1,2.25
23.08.2021 00:42:02.748,0.68376,0.68364,1,1.5
23.08.2021 00:42:05.130,0.68374,0.68364,1,1.5
23.08.2021 00:42:08.674,0.6837500000000001,0.68365,1,1.5
23.08.2021 00:42:08.775,0.68379,0.68367,1.12,1.5
23.08.2021 00:42:08.977,0.68377,0.68364,1.5,2.12
23.08.2021 00:42:09.078,0.6837500000000001,0.6836300000000001,1,1.5
23.08.2021 00:42:09.179,0.6837500000000001,0.6836300000000001,1,1
23.08.2021 00:42:09.913,0.68374,0.68362,1,1
23.08.2021 00:42:13.681,0.68371,0.6836,1,1
23.08.2021 00:42:14.755,0.68371,0.68359,1,1.5
23.08.2021 00:42:14.856,0.68372,0.6836,1,1
23.08.2021 00:42:26.741,0.6837500000000001,0.68362,2.25,1
23.08.2021 00:42:27.104,0.6837500000000001,0.6836300000000001,1.5,1
23.08.2021 00:42:27.491,0.6837500000000001,0.68364,1,1
23.08.2021 00:42:28.777,0.68374,0.68364,1,1
23.08.2021 00:42:31.457,0.68376,0.68364,2.62,1
23.08.2021 00:42:31.609,0.68377,0.68364,3,1.5
23.08.2021 00:42:32.207,0.68377,0.68366,1,1
23.08.2021 00:42:33.139,0.68378,0.68366,1,1
23.08.2021 00:42:36.154,0.68379,0.68367,1,1
23.08.2021 00:42:36.266,0.6838000000000001,0.6836800000000001,1,1
23.08.2021 00:42:36.948,0.68381,0.68369,1,1
23.08.2021 00:42:38.297,0.68383,0.6837000000000001,1,1
23.08.2021 00:42:39.721,0.68382,0.6837000000000001,1,1
23.08.2021 00:42:39.822,0.68381,0.68369,1,1
23.08.2021 00:42:44.581,0.68381,0.6837000000000001,1,1
23.08.2021 00:42:51.835,0.6838000000000001,0.68369,1,1
23.08.2021 00:42:58.430,0.68381,0.6837000000000001,3.37,1.5
23.08.2021 00:43:00.182,0.68382,0.6837000000000001,1.87,1
23.08.2021 00:43:00.284,0.68383,0.6837300000000001,4.12,1
23.08.2021 00:43:01.490,0.68381,0.68371,2.25,1.5
23.08.2021 00:43:01.591,0.68381,0.6837000000000001,1,1
23.08.2021 00:43:05.274,0.68381,0.68369,2.25,1
23.08.2021 00:43:08.586,0.68381,0.68371,1,1
23.08.2021 00:43:10.500,0.68383,0.68372,1,1
23.08.2021 00:43:10.551,0.68384,0.68374,2.62,1
23.08.2021 00:43:14.417,0.68384,0.6837500000000001,1,1
23.08.2021 00:43:15.195,0.68384,0.68376,1,1
23.08.2021 00:43:15.296,0.68386,0.68378,3,1
23.08.2021 00:43:18.367,0.6838500000000001,0.68378,3,1.25
23.08.2021 00:43:23.445,0.68386,0.68378,3,1
23.08.2021 00:43:24.376,0.68386,0.68379,3,1
23.08.2021 00:43:24.427,0.6839000000000001,0.68381,1,1.25
23.08.2021 00:43:24.528,0.68392,0.6838000000000001,2.81,1
23.08.2021 00:43:28.478,0.68393,0.68381,3.62,1
23.08.2021 00:43:28.579,0.6839600000000001,0.6838500000000001,1.25,1
23.08.2021 00:43:28.681,0.6839600000000001,0.68386,1,1
23.08.2021 00:43:28.782,0.68397,0.68387,1,1
23.08.2021 00:43:29.292,0.6840100000000001,0.68393,1.25,1.12
23.08.2021 00:43:29.343,0.68405,0.68393,1.12,1
23.08.2021 00:43:29.394,0.6840700000000001,0.68398,1.81,1
23.08.2021 00:43:29.445,0.6840600000000001,0.68394,1.5,2.25
23.08.2021 00:43:29.546,0.68404,0.68394,1.25,1.5
23.08.2021 00:43:29.798,0.68404,0.6839500000000001,1.25,1
23.08.2021 00:43:29.900,0.68405,0.68393,1.25,1.5
23.08.2021 00:43:30.001,0.68405,0.68394,1.25,1
23.08.2021 00:43:30.291,0.68405,0.68393,1.25,1.5
23.08.2021 00:43:32.042,0.68405,0.6839500000000001,1.25,1
23.08.2021 00:43:32.093,0.68405,0.68393,1.25,1.5
23.08.2021 00:43:32.245,0.68405,0.68394,1.25,1
23.08.2021 00:43:34.535,0.68405,0.68393,1.25,1.5
23.08.2021 00:43:34.642,0.68405,0.68394,1.25,1
23.08.2021 00:43:35.239,0.68405,0.68393,1.25,2.25
23.08.2021 00:43:35.445,0.68404,0.68393,1,1
23.08.2021 00:43:35.497,0.6840100000000001,0.68393,1,1
23.08.2021 00:43:35.599,0.68399,0.68388,1,1
23.08.2021 00:43:35.701,0.68399,0.68387,1,1.5
23.08.2021 00:43:35.802,0.68397,0.68387,1,1.5
23.08.2021 00:43:35.904,0.68398,0.68388,1.25,1
23.08.2021 00:43:36.333,0.68399,0.68389,1,1
23.08.2021 00:43:37.179,0.684,0.68391,1,1
23.08.2021 00:43:37.281,0.68402,0.68391,1.5,1
23.08.2021 00:43:48.194,0.68404,0.68392,1.25,1
23.08.2021 00:43:48.606,0.68405,0.68393,1,1
23.08.2021 00:43:49.798,0.68403,0.68393,1,1
23.08.2021 00:43:49.957,0.68405,0.68393,1,1
23.08.2021 00:43:50.363,0.6840600000000001,0.68394,2.06,1
23.08.2021 00:43:50.962,0.6840700000000001,0.6839600000000001,1.69,1
23.08.2021 00:43:53.342,0.6840600000000001,0.6839600000000001,1.69,1
23.08.2021 00:44:02.737,0.68408,0.68397,1,1
23.08.2021 00:44:02.838,0.6841,0.68398,3.19,1
23.08.2021 00:44:02.939,0.6841100000000001,0.68399,1.87,1
23.08.2021 00:44:03.646,0.6841100000000001,0.684,1,1
23.08.2021 00:44:04.641,0.68409,0.68398,1,1
23.08.2021 00:44:05.465,0.68408,0.68397,1,1.5
23.08.2021 00:44:05.583,0.68408,0.6839600000000001,1,2.25
23.08.2021 00:44:06.425,0.6840600000000001,0.6839500000000001,1,2.62
23.08.2021 00:44:06.526,0.68403,0.68394,1,1
23.08.2021 00:44:06.627,0.68403,0.68393,1,1
23.08.2021 00:44:06.778,0.68404,0.68393,1,1.5
23.08.2021 00:44:07.574,0.68402,0.6839000000000001,1.31,1.5
23.08.2021 00:44:07.676,0.684,0.6839000000000001,1,2.75
23.08.2021 00:44:07.726,0.684,0.6839000000000001,1,2.25
23.08.2021 00:44:07.828,0.684,0.68389,1,1
23.08.2021 00:44:09.386,0.6840100000000001,0.68389,1,1.5
23.08.2021 00:44:11.798,0.68402,0.6839000000000001,1.69,1
23.08.2021 00:44:16.674,0.68403,0.68392,1.12,1
23.08.2021 00:44:17.285,0.68404,0.68392,1.5,1
23.08.2021 00:44:19.069,0.68404,0.68393,1,1
23.08.2021 00:44:19.170,0.68405,0.68394,1,1
23.08.2021 00:44:24.162,0.6840700000000001,0.68397,2.19,1
23.08.2021 00:44:24.213,0.6841,0.68398,2.81,1
23.08.2021 00:44:24.314,0.6841100000000001,0.68399,3.94,1
23.08.2021 00:44:24.417,0.6841,0.684,2.44,1
23.08.2021 00:44:26.249,0.6841,0.68399,1,1
23.08.2021 00:44:26.300,0.68409,0.68397,1.5,1
23.08.2021 00:44:31.964,0.68409,0.68399,1.25,1
23.08.2021 00:44:35.708,0.68409,0.68399,2.5,1
23.08.2021 00:44:40.191,0.6840700000000001,0.6839500000000001,1.69,1
23.08.2021 00:44:40.293,0.68405,0.6839600000000001,1,1
23.08.2021 00:44:41.373,0.6840600000000001,0.68397,1,1
23.08.2021 00:44:42.264,0.68408,0.6839600000000001,1.5,1
23.08.2021 00:44:44.535,0.68408,0.68397,1,1
23.08.2021 00:44:46.520,0.68409,0.68398,1.25,1
23.08.2021 00:44:46.829,0.6841,0.68398,1.31,1
23.08.2021 00:44:48.890,0.6841100000000001,0.684,1.5,1
23.08.2021 00:44:50.998,0.6841100000000001,0.6840100000000001,1,1
23.08.2021 00:44:58.225,0.6841600000000001,0.68404,3,1
23.08.2021 00:44:58.326,0.6841700000000001,0.68405,2.19,1
23.08.2021 00:44:58.427,0.6841600000000001,0.6840600000000001,2.19,1
23.08.2021 00:44:58.692,0.6841600000000001,0.6840700000000001,1.25,1
23.08.2021 00:45:01.410,0.6841700000000001,0.68408,2.5,1
23.08.2021 00:45:01.461,0.68414,0.68405,1,1
23.08.2021 00:45:01.562,0.68414,0.68402,1,1.87
23.08.2021 00:45:02.341,0.68415,0.68403,1.25,1
23.08.2021 00:45:02.754,0.6841600000000001,0.6840700000000001,1,1
23.08.2021 00:45:02.805,0.68419,0.6840700000000001,3.94,1
23.08.2021 00:45:05.109,0.6841600000000001,0.68404,1.87,1
23.08.2021 00:45:05.210,0.68415,0.68403,1.25,1
23.08.2021 00:45:05.312,0.68414,0.68403,1,1
23.08.2021 00:45:06.885,0.68415,0.68405,1.12,1
23.08.2021 00:45:11.157,0.68414,0.68404,1,1
23.08.2021 00:45:12.187,0.6841600000000001,0.68405,2.81,1
23.08.2021 00:45:12.616,0.68415,0.6840700000000001,1.25,1
23.08.2021 00:45:12.730,0.6841600000000001,0.68405,1.25,1
23.08.2021 00:45:17.320,0.6841600000000001,0.6840700000000001,1.12,1
23.08.2021 00:45:18.141,0.6841600000000001,0.6840600000000001,1.12,1
23.08.2021 00:45:19.450,0.6841700000000001,0.68409,2.62,1
23.08.2021 00:45:19.551,0.6842,0.6841,2.94,1
23.08.2021 00:45:19.602,0.6842,0.6841100000000001,1.69,1
23.08.2021 00:45:19.703,0.6842,0.6841100000000001,2.19,1
23.08.2021 00:45:20.577,0.68419,0.6841100000000001,2.94,1
23.08.2021 00:45:20.720,0.68418,0.6841,1,1
23.08.2021 00:45:20.907,0.6842,0.6841,2.19,1
23.08.2021 00:45:23.603,0.6842100000000001,0.6841100000000001,2,1
23.08.2021 00:45:23.654,0.6842100000000001,0.6841100000000001,1.87,1
23.08.2021 00:45:27.374,0.6842100000000001,0.6841,1.87,1
23.08.2021 00:45:27.643,0.6842100000000001,0.6841100000000001,1.12,1
23.08.2021 00:45:27.694,0.68423,0.6841200000000001,1.12,1
23.08.2021 00:45:27.795,0.68423,0.68414,1.5,1
23.08.2021 00:45:27.896,0.68424,0.68414,1,1
23.08.2021 00:45:28.047,0.68425,0.68415,1.12,1
23.08.2021 00:45:28.694,0.68425,0.68414,1,1
23.08.2021 00:45:32.592,0.6842600000000001,0.68414,1.5,1
23.08.2021 00:45:36.807,0.68427,0.68414,4.5,1
23.08.2021 00:45:36.908,0.68427,0.68415,3.75,1
23.08.2021 00:45:49.158,0.68424,0.68415,1.87,1
23.08.2021 00:45:54.552,0.6842600000000001,0.68414,1.5,1
23.08.2021 00:45:57.367,0.6842600000000001,0.68415,1,1
23.08.2021 00:46:06.119,0.68427,0.68418,1,1
23.08.2021 00:46:06.220,0.6843,0.68418,2.94,1
23.08.2021 00:46:06.322,0.6843,0.68418,2.81,1
23.08.2021 00:46:11.323,0.6843,0.68419,2.06,1
23.08.2021 00:46:11.617,0.6843,0.68419,2.56,1
23.08.2021 00:46:11.719,0.68429,0.68418,3.56,1
23.08.2021 00:46:11.820,0.68429,0.68419,2.81,1
23.08.2021 00:46:12.492,0.6843,0.68419,1.25,1
23.08.2021 00:46:12.593,0.6843,0.6842100000000001,1.25,1
23.08.2021 00:46:17.087,0.6843100000000001,0.6842,1.87,1
23.08.2021 00:46:35.447,0.68434,0.68423,1,1
23.08.2021 00:46:35.548,0.68435,0.68425,2,1
23.08.2021 00:46:35.649,0.6843600000000001,0.68424,1.5,1
23.08.2021 00:46:38.076,0.68435,0.68423,1,1.25
23.08.2021 00:46:41.890,0.6843600000000001,0.68428,1,1
23.08.2021 00:46:44.178,0.68437,0.68428,1.12,1
23.08.2021 00:46:44.907,0.6843600000000001,0.68428,1.12,1
23.08.2021 00:46:45.517,0.68437,0.68428,1.87,1
23.08.2021 00:46:46.163,0.6843800000000001,0.6842600000000001,1.87,1
23.08.2021 00:46:48.183,0.6843800000000001,0.68425,1.87,1.25
23.08.2021 00:46:52.376,0.6843300000000001,0.68424,1,1.87
23.08.2021 00:46:52.477,0.68434,0.6842100000000001,1,2.69
23.08.2021 00:46:52.629,0.68432,0.6842100000000001,1,1
23.08.2021 00:46:52.730,0.68432,0.6842,2.25,1.69
23.08.2021 00:46:53.862,0.68434,0.68422,1.5,1.25
23.08.2021 00:46:53.963,0.68434,0.68422,1.5,3.44
23.08.2021 00:46:54.088,0.68434,0.68422,1,3.44
23.08.2021 00:46:54.921,0.68437,0.68427,2.25,1.25
23.08.2021 00:46:54.972,0.68437,0.68425,3.37,1.25
23.08.2021 00:46:55.073,0.6843899999999999,0.68427,1.12,1.69
23.08.2021 00:46:55.281,0.6843899999999999,0.68427,1,3.44
23.08.2021 00:46:55.620,0.6844,0.68428,1,1.69
23.08.2021 00:46:57.462,0.6843899999999999,0.68428,1,1.25
23.08.2021 00:46:58.398,0.68437,0.68428,1,1.25
23.08.2021 00:46:58.449,0.68435,0.6842600000000001,1,1.25
23.08.2021 00:46:58.550,0.6843600000000001,0.68424,1,3.44
23.08.2021 00:47:01.248,0.68434,0.68423,1,1.25
23.08.2021 00:47:01.601,0.68435,0.6842600000000001,1,1.25
23.08.2021 00:47:01.702,0.6843600000000001,0.68425,1,1.69
23.08.2021 00:47:01.854,0.68435,0.6842600000000001,1,2.69
23.08.2021 00:47:02.722,0.68437,0.68425,1,3.44
23.08.2021 00:47:07.212,0.68437,0.68428,1,2.31
23.08.2021 00:47:08.270,0.6843899999999999,0.68427,1,3.81
23.08.2021 00:47:10.582,0.6844,0.68428,1,1.25
23.08.2021 00:47:12.120,0.6844,0.68429,1,1
23.08.2021 00:47:16.332,0.6844300000000001,0.68432,1,1.31
23.08.2021 00:47:16.434,0.68444,0.6843300000000001,1.12,1
23.08.2021 00:47:21.152,0.68444,0.68437,1,1.25
23.08.2021 00:47:21.253,0.68445,0.68437,1,1.25
23.08.2021 00:47:21.405,0.68445,0.6843600000000001,1,1.25
23.08.2021 00:47:25.198,0.6844600000000001,0.6843600000000001,1,1
23.08.2021 00:47:25.299,0.6844800000000001,0.68437,1.12,1.25
23.08.2021 00:47:25.350,0.6844800000000001,0.6843800000000001,1,1.25
23.08.2021 00:47:25.401,0.6844800000000001,0.68437,1,2.44
23.08.2021 00:47:25.502,0.6844800000000001,0.6843800000000001,1,2.44
23.08.2021 00:47:25.603,0.68449,0.6843800000000001,1,1.25
23.08.2021 00:47:36.382,0.6844800000000001,0.6843800000000001,1,1.25
23.08.2021 00:47:43.608,0.68447,0.6843800000000001,1.12,1
23.08.2021 00:47:43.659,0.68445,0.6843600000000001,1,1.25
23.08.2021 00:47:43.710,0.6844300000000001,0.6843100000000001,1.5,3.31
23.08.2021 00:47:43.761,0.6844100000000001,0.6843100000000001,1,1.75
23.08.2021 00:47:43.812,0.6844100000000001,0.6843,1,3.25
23.08.2021 00:47:43.914,0.6843899999999999,0.6843,1,2.5
23.08.2021 00:47:43.964,0.6843800000000001,0.68428,1,1.5
23.08.2021 00:47:44.066,0.68437,0.68427,1,1.94
23.08.2021 00:47:44.787,0.6843800000000001,0.68429,1,1.5
23.08.2021 00:47:46.499,0.6844,0.68429,1.5,1.25
23.08.2021 00:47:47.886,0.6843800000000001,0.68429,1,1.25
23.08.2021 00:47:48.427,0.6843600000000001,0.68428,1,1.69
23.08.2021 00:47:48.477,0.6843899999999999,0.68428,1,1.69
23.08.2021 00:47:48.629,0.6843899999999999,0.68429,1,1
23.08.2021 00:47:50.636,0.6844,0.68429,1,1.25
23.08.2021 00:47:50.859,0.6844,0.6843100000000001,1,1
23.08.2021 00:47:51.079,0.68442,0.6843100000000001,1,1.25
23.08.2021 00:47:51.187,0.68442,0.6843,1,1.25
23.08.2021 00:47:52.955,0.68442,0.6843,1,2.69
23.08.2021 00:47:54.301,0.6844100000000001,0.6843300000000001,1,1
23.08.2021 00:47:54.352,0.6844100000000001,0.68435,1,1
23.08.2021 00:47:54.403,0.68445,0.68434,1,1
23.08.2021 00:48:03.378,0.68447,0.68434,2.62,2.44
23.08.2021 00:48:03.539,0.6844800000000001,0.6843600000000001,1,1.69
23.08.2021 00:48:03.791,0.6844800000000001,0.68437,1,1
23.08.2021 00:48:06.028,0.6844800000000001,0.6843800000000001,1.12,2.69
23.08.2021 00:48:06.130,0.6845,0.6843800000000001,1,2.69
23.08.2021 00:48:06.232,0.6845,0.6844,1.87,1.94
23.08.2021 00:48:06.333,0.68449,0.6844,1,1.5
23.08.2021 00:48:06.434,0.6845100000000001,0.6843899999999999,1.5,1.5
23.08.2021 00:48:09.267,0.68449,0.6843899999999999,1,1.5
23.08.2021 00:48:09.368,0.6845,0.6843800000000001,1.5,1.25
23.08.2021 00:48:10.937,0.6845,0.6843800000000001,1.5,1.94
23.08.2021 00:48:12.260,0.6845100000000001,0.6843800000000001,1.87,2.69
23.08.2021 00:48:12.746,0.6845,0.6843800000000001,1,2.69
23.08.2021 00:48:14.570,0.6845,0.6843899999999999,1,1.94
23.08.2021 00:48:16.663,0.6845100000000001,0.6843899999999999,1,2.69
23.08.2021 00:48:18.119,0.6845100000000001,0.6843899999999999,1,1.69
23.08.2021 00:48:23.830,0.6845100000000001,0.6844,1,1.25
23.08.2021 00:48:23.992,0.68452,0.6844,1.5,1.69
23.08.2021 00:48:26.234,0.68452,0.6844100000000001,1.5,1.25
23.08.2021 00:48:31.491,0.6845600000000001,0.6844600000000001,1.5,1.25
23.08.2021 00:48:31.592,0.68459,0.68447,1.5,2.44
23.08.2021 00:48:31.693,0.6845800000000001,0.6844800000000001,1,1.25
23.08.2021 00:48:31.744,0.68455,0.68447,1,1.69
23.08.2021 00:48:31.845,0.68454,0.68447,1,1.69
23.08.2021 00:48:32.097,0.6845300000000001,0.68444,1,1.87
23.08.2021 00:48:32.148,0.6845600000000001,0.68444,1,1.25
23.08.2021 00:48:32.249,0.6845,0.6844300000000001,1,1
23.08.2021 00:48:32.501,0.6845,0.68444,1,1
23.08.2021 00:48:35.247,0.68449,0.6844100000000001,1,1
23.08.2021 00:48:35.348,0.68447,0.6843899999999999,1,1.5
23.08.2021 00:48:35.450,0.6844600000000001,0.6843800000000001,1,2.69
23.08.2021 00:48:35.963,0.6844600000000001,0.6843800000000001,1,1.25
23.08.2021 00:48:36.728,0.68445,0.6843800000000001,1,1
23.08.2021 00:48:36.779,0.68445,0.68435,1,3.06
23.08.2021 00:48:37.090,0.68449,0.6843600000000001,1,1.25
23.08.2021 00:48:37.426,0.68449,0.6843600000000001,1,1.94
23.08.2021 00:48:45.359,0.6845,0.6843800000000001,1.5,1
23.08.2021 00:48:45.511,0.68449,0.68437,1,1.25
23.08.2021 00:48:45.612,0.6845,0.6843800000000001,1,1.69
23.08.2021 00:48:45.993,0.68449,0.6843800000000001,1.69,1
23.08.2021 00:48:46.095,0.68447,0.68434,2.25,2.62
23.08.2021 00:48:46.146,0.68445,0.68434,1,1.87
23.08.2021 00:48:46.400,0.6844600000000001,0.68434,1,1.5
23.08.2021 00:48:48.943,0.68449,0.6843600000000001,1.5,1.94
23.08.2021 00:48:49.044,0.68447,0.68435,1,2.69
23.08.2021 00:48:49.246,0.68447,0.68435,1,1.5
23.08.2021 00:49:00.567,0.68447,0.68435,1,3.37
23.08.2021 00:49:00.668,0.6844600000000001,0.6843600000000001,1,2.06
23.08.2021 00:49:01.969,0.68447,0.6843600000000001,1,1
23.08.2021 00:49:02.096,0.6844800000000001,0.6843600000000001,1,1.5
23.08.2021 00:49:02.809,0.6844600000000001,0.68434,1,2.75
23.08.2021 00:49:02.911,0.6844600000000001,0.68434,1,1
23.08.2021 00:49:03.168,0.6844800000000001,0.68435,1,1.5
23.08.2021 00:49:06.835,0.68445,0.68435,1,1
23.08.2021 00:49:06.937,0.6844600000000001,0.6843300000000001,1,3
23.08.2021 00:49:07.088,0.68445,0.6843300000000001,1,2.25
23.08.2021 00:49:07.190,0.6844300000000001,0.68434,1,1
23.08.2021 00:49:08.321,0.68444,0.68432,1,2.25
23.08.2021 00:49:11.969,0.68442,0.6843100000000001,1,1.25
23.08.2021 00:49:12.070,0.6843899999999999,0.6843,1,2
23.08.2021 00:49:12.417,0.6844,0.68429,1,1
23.08.2021 00:49:12.864,0.6844,0.68428,1,1.5
23.08.2021 00:49:14.912,0.6843899999999999,0.68428,1,1.5
23.08.2021 00:49:14.963,0.68435,0.68425,1,1.5
23.08.2021 00:49:15.064,0.68435,0.68424,1,1.5
23.08.2021 00:49:15.323,0.68435,0.6842600000000001,1,1
23.08.2021 00:49:15.424,0.68437,0.68425,1,1
23.08.2021 00:49:16.609,0.68437,0.68425,1,1.25
23.08.2021 00:49:17.633,0.6843800000000001,0.68427,1,1
23.08.2021 00:49:18.972,0.6844,0.68427,1.5,1.5
23.08.2021 00:49:40.850,0.6844300000000001,0.6843,2.94,2.25
23.08.2021 00:49:40.951,0.68445,0.68434,2.19,1.5
23.08.2021 00:49:41.052,0.6844600000000001,0.68434,1.12,1
23.08.2021 00:49:41.153,0.6844800000000001,0.6843600000000001,1.5,1
23.08.2021 00:49:41.254,0.68449,0.6843600000000001,1,1
23.08.2021 00:49:42.999,0.68444,0.68434,2.25,1
23.08.2021 00:49:43.101,0.68445,0.68432,1.5,1
23.08.2021 00:49:43.202,0.68444,0.68432,1,1
23.08.2021 00:49:45.141,0.68444,0.6843300000000001,2.32,1
23.08.2021 00:49:45.354,0.68444,0.68432,1,1
23.08.2021 00:49:47.965,0.68445,0.68432,2.32,1
23.08.2021 00:49:48.367,0.68444,0.6843100000000001,1,1.5
23.08.2021 00:49:58.125,0.6844300000000001,0.6843,1.5,1.5
23.08.2021 00:49:58.479,0.6844100000000001,0.6843,1,1.5
23.08.2021 00:49:59.063,0.6844,0.68428,1.5,1
23.08.2021 00:49:59.164,0.6843899999999999,0.68427,1,1
23.08.2021 00:50:06.603,0.68437,0.68425,1,2.37
23.08.2021 00:50:08.148,0.68437,0.68425,1,2.25
23.08.2021 00:50:11.991,0.68437,0.68425,1,2.37
23.08.2021 00:50:13.541,0.6843899999999999,0.68427,1,1
23.08.2021 00:50:13.642,0.6843899999999999,0.68428,1,1
23.08.2021 00:50:13.894,0.6843899999999999,0.68428,1,1.62
23.08.2021 00:50:14.718,0.6843800000000001,0.68429,1,1
23.08.2021 00:50:14.819,0.6843800000000001,0.68428,1,1
23.08.2021 00:50:16.275,0.68442,0.6843100000000001,1,1
23.08.2021 00:50:16.377,0.68442,0.6843,1,1.25
23.08.2021 00:50:16.944,0.68442,0.6843100000000001,1,1
23.08.2021 00:50:21.166,0.68442,0.6843,1,2.06
23.08.2021 00:50:23.938,0.68445,0.68432,1.12,2.81
23.08.2021 00:50:24.040,0.68445,0.6843300000000001,1,1
23.08.2021 00:50:25.048,0.68444,0.68434,1,1.62
23.08.2021 00:50:27.292,0.68444,0.6843300000000001,1,1.62
23.08.2021 00:50:27.343,0.6844100000000001,0.68434,1,1
23.08.2021 00:50:27.394,0.68442,0.6843,1,1
23.08.2021 00:50:27.504,0.6844100000000001,0.68429,1,1.69
23.08.2021 00:50:28.877,0.6843899999999999,0.6843,1,1
23.08.2021 00:50:31.936,0.6843800000000001,0.6843,1,1.31
23.08.2021 00:50:31.987,0.6844,0.6843,1,2.06
23.08.2021 00:50:32.089,0.6844100000000001,0.68429,1,2.31
23.08.2021 00:50:33.981,0.68444,0.68432,2,1.25
23.08.2021 00:50:34.082,0.68444,0.6843100000000001,2,2.44
23.08.2021 00:50:34.183,0.68444,0.6843100000000001,1.5,2.44
23.08.2021 00:50:38.794,0.6844300000000001,0.6843300000000001,1.5,1
23.08.2021 00:50:43.073,0.68444,0.6843300000000001,1.5,1
23.08.2021 00:50:45.061,0.68444,0.68432,1.5,1
23.08.2021 00:50:46.812,0.68442,0.68432,1,1
23.08.2021 00:50:46.913,0.6844300000000001,0.68432,1,1
23.08.2021 00:50:47.222,0.6844100000000001,0.6843100000000001,1,1
23.08.2021 00:50:49.301,0.6844100000000001,0.6843,1,1
23.08.2021 00:50:50.315,0.6844100000000001,0.68429,1,1.12
23.08.2021 00:50:52.124,0.6844,0.68429,1,1.12
23.08.2021 00:50:53.373,0.68435,0.68429,1,1
23.08.2021 00:50:53.474,0.6843600000000001,0.6842600000000001,1.5,1
23.08.2021 00:50:53.525,0.68435,0.68423,1,1.75
23.08.2021 00:50:53.626,0.68435,0.68423,1,1.25
23.08.2021 00:50:55.193,0.68435,0.68423,1,1.81
23.08.2021 00:50:55.601,0.68437,0.6842600000000001,1,1.69
23.08.2021 00:50:58.574,0.6844,0.68429,1,1
23.08.2021 00:50:58.676,0.6844100000000001,0.68429,1,1
23.08.2021 00:50:58.777,0.6844,0.68429,1,1
23.08.2021 00:50:59.350,0.6844,0.68428,1,1
23.08.2021 00:50:59.610,0.6843800000000001,0.68428,1,1
23.08.2021 00:50:59.661,0.6843800000000001,0.6842600000000001,1,1.5
23.08.2021 00:50:59.767,0.6843600000000001,0.6842600000000001,1,1.5
23.08.2021 00:51:00.170,0.68437,0.6842600000000001,1,1
23.08.2021 00:51:01.999,0.6843600000000001,0.68424,1,1.12
23.08.2021 00:51:02.101,0.68435,0.68423,1,2.75
23.08.2021 00:51:04.049,0.68434,0.68423,1,1.62
23.08.2021 00:51:04.616,0.68434,0.68423,1,1
23.08.2021 00:51:05.323,0.68434,0.68424,1,1
23.08.2021 00:51:05.427,0.68434,0.68423,1,1
23.08.2021 00:51:06.017,0.68434,0.68422,1,1.5
23.08.2021 00:51:07.407,0.68434,0.68423,1,1
23.08.2021 00:51:12.509,0.6843300000000001,0.68423,1,1.5
23.08.2021 00:51:23.008,0.68434,0.6842600000000001,1.5,1
23.08.2021 00:51:23.947,0.68434,0.68422,1.5,1
23.08.2021 00:51:28.306,0.6843300000000001,0.6842100000000001,1,1
23.08.2021 00:51:32.645,0.6843300000000001,0.68422,1,1
23.08.2021 00:51:34.499,0.6843300000000001,0.6842100000000001,1,1.5
23.08.2021 00:51:36.480,0.6843300000000001,0.68422,1,1
23.08.2021 00:51:37.139,0.68434,0.68425,1,1
23.08.2021 00:51:40.563,0.68435,0.68425,1.87,1
23.08.2021 00:51:50.309,0.6843300000000001,0.68425,1.5,1
23.08.2021 00:51:50.461,0.68435,0.68424,1.87,1
23.08.2021 00:51:51.993,0.68434,0.68424,1,1
23.08.2021 00:51:52.094,0.6843300000000001,0.68424,2.62,1
23.08.2021 00:51:53.365,0.68432,0.68422,1.5,1.5
23.08.2021 00:51:53.516,0.6843100000000001,0.68422,1,1
23.08.2021 00:51:53.801,0.6843100000000001,0.6842100000000001,1.12,1
23.08.2021 00:51:54.238,0.6843,0.6842100000000001,1.12,1
23.08.2021 00:51:59.277,0.6843,0.6842,1,1
23.08.2021 00:52:00.246,0.6843100000000001,0.6842,1.69,1
23.08.2021 00:52:07.984,0.6843100000000001,0.68419,1.69,1
23.08.2021 00:52:08.086,0.6843,0.68419,1,1
23.08.2021 00:52:08.187,0.6843,0.68419,1.75,1
23.08.2021 00:52:14.239,0.6843100000000001,0.6842,1.75,1
23.08.2021 00:52:14.341,0.68432,0.6842100000000001,1,1
23.08.2021 00:52:14.919,0.68432,0.68422,1.69,1
23.08.2021 00:52:16.244,0.68432,0.6842,3.37,1.5
23.08.2021 00:52:16.294,0.6843100000000001,0.6842,1.25,1
23.08.2021 00:52:16.496,0.6843100000000001,0.6842,1.25,1
23.08.2021 00:52:18.169,0.6843100000000001,0.68419,1.25,1
23.08.2021 00:52:23.356,0.68429,0.68418,1,1
23.08.2021 00:52:23.457,0.6843,0.68418,1.12,2.25
23.08.2021 00:52:23.558,0.6843100000000001,0.68418,1.25,3
23.08.2021 00:52:23.861,0.6843,0.6842,1,1
23.08.2021 00:52:24.472,0.68432,0.68419,2.06,1.5
23.08.2021 00:52:25.996,0.6843100000000001,0.68422,1.69,1
23.08.2021 00:52:32.732,0.6843100000000001,0.6842,1.69,1
23.08.2021 00:52:36.771,0.68429,0.68418,1.69,2.25
23.08.2021 00:52:36.973,0.68427,0.6841600000000001,1.5,1
23.08.2021 00:52:37.074,0.6842600000000001,0.68415,2.44,2.25
23.08.2021 00:52:39.587,0.6842600000000001,0.6841600000000001,1.69,1
23.08.2021 00:52:40.572,0.68427,0.6841600000000001,1.25,1
23.08.2021 00:52:41.411,0.68425,0.68415,1.25,1
23.08.2021 00:52:41.462,0.68424,0.68414,1.25,1.5
23.08.2021 00:52:41.613,0.68422,0.6841100000000001,2.5,1
23.08.2021 00:52:41.715,0.6842100000000001,0.6841,1.25,1
23.08.2021 00:52:43.293,0.6842100000000001,0.6841100000000001,1.25,1
23.08.2021 00:52:44.207,0.68419,0.6840700000000001,1.75,1
23.08.2021 00:52:45.175,0.6841200000000001,0.6840600000000001,1.5,1.5
23.08.2021 00:52:45.226,0.68409,0.68398,4.5,1
23.08.2021 00:52:45.277,0.68405,0.6839600000000001,1,1
23.08.2021 00:52:45.379,0.68405,0.68393,1,1.5
23.08.2021 00:52:45.480,0.68405,0.68393,5.5,1
23.08.2021 00:52:45.581,0.68403,0.68392,1,1.5
23.08.2021 00:52:46.118,0.68403,0.6839500000000001,1,1
23.08.2021 00:52:46.169,0.68409,0.6839600000000001,2.56,1.25
23.08.2021 00:52:46.270,0.6841100000000001,0.68398,1.25,1
23.08.2021 00:52:46.321,0.68413,0.6840100000000001,2.25,1
23.08.2021 00:52:47.413,0.68413,0.68402,1.5,1
23.08.2021 00:52:47.514,0.68414,0.68402,1,1.5
23.08.2021 00:52:48.789,0.68413,0.68402,1.5,1.5
23.08.2021 00:52:48.890,0.6841100000000001,0.68403,2.25,1
23.08.2021 00:52:48.940,0.6841600000000001,0.68405,1.62,1
23.08.2021 00:52:49.042,0.6841700000000001,0.6840700000000001,1.25,1
23.08.2021 00:52:49.143,0.68419,0.68408,1.75,1
23.08.2021 00:52:49.244,0.68419,0.68408,1.25,1
23.08.2021 00:52:49.498,0.68413,0.68405,4,1.5
23.08.2021 00:52:49.600,0.68408,0.68397,1.5,1.5
23.08.2021 00:52:49.701,0.6840700000000001,0.68398,1,1.5
23.08.2021 00:52:51.226,0.68408,0.6839600000000001,1.5,1.5
23.08.2021 00:52:51.970,0.6840700000000001,0.6839600000000001,2,1.5
23.08.2021 00:52:52.122,0.6840600000000001,0.68397,1.69,1
23.08.2021 00:52:53.053,0.68408,0.68397,1.25,1
23.08.2021 00:52:54.457,0.684,0.6839500000000001,1,1
23.08.2021 00:52:54.507,0.68397,0.68391,1,1.25
23.08.2021 00:52:54.772,0.68397,0.68388,1.5,1
23.08.2021 00:52:56.856,0.684,0.68389,2.44,1
23.08.2021 00:52:56.957,0.68403,0.68392,1.69,1
23.08.2021 00:52:57.058,0.68403,0.68393,1.69,1
23.08.2021 00:52:57.651,0.68404,0.68394,1.75,1
23.08.2021 00:52:58.027,0.68404,0.68394,1.25,1
23.08.2021 00:53:00.265,0.6840600000000001,0.68397,1,1
23.08.2021 00:53:00.315,0.68408,0.68398,1.69,1
23.08.2021 00:53:00.416,0.68409,0.68398,1.25,1
23.08.2021 00:53:02.239,0.68409,0.684,1.25,1
23.08.2021 00:53:04.149,0.6841,0.684,1.25,1
23.08.2021 00:53:06.425,0.68409,0.684,1.25,1
23.08.2021 00:53:06.736,0.6841,0.68399,1.25,1
23.08.2021 00:53:10.087,0.68404,0.6839500000000001,1.5,1
23.08.2021 00:53:10.188,0.68404,0.68393,1,1
23.08.2021 00:53:10.239,0.68405,0.68398,1.5,1
23.08.2021 00:53:10.643,0.68404,0.6839600000000001,1.5,1
23.08.2021 00:53:11.144,0.68404,0.68394,2.25,1.5
23.08.2021 00:53:12.182,0.68404,0.68393,1,1
23.08.2021 00:53:15.417,0.68402,0.68392,1,1.5
23.08.2021 00:53:15.519,0.68403,0.68392,1.25,1.5
23.08.2021 00:53:21.377,0.68402,0.68392,1.69,1
23.08.2021 00:53:25.077,0.6840100000000001,0.68391,1,1.5
23.08.2021 00:53:28.421,0.68402,0.68391,1,1
23.08.2021 00:53:29.472,0.68403,0.68391,2.25,1
23.08.2021 00:53:31.127,0.68399,0.68389,3.87,1
23.08.2021 00:53:31.178,0.68399,0.68387,1.5,1.5
23.08.2021 00:53:32.737,0.68398,0.68387,1,1.5
23.08.2021 00:53:32.838,0.68397,0.68387,1,1
23.08.2021 00:53:32.939,0.68397,0.6838500000000001,1,1
23.08.2021 00:53:36.713,0.6839600000000001,0.68384,1,1.5
23.08.2021 00:53:38.107,0.68392,0.68383,1.12,1
23.08.2021 00:53:38.157,0.6839000000000001,0.68378,2.44,1.5
23.08.2021 00:53:38.258,0.6839000000000001,0.68377,1.5,1.69
23.08.2021 00:53:38.309,0.68391,0.6838000000000001,2.25,1
23.08.2021 00:53:38.568,0.6839000000000001,0.68382,1,1
23.08.2021 00:53:38.727,0.68391,0.68379,1,1
23.08.2021 00:53:44.350,0.6839000000000001,0.68382,1,1
23.08.2021 00:53:44.451,0.68394,0.68382,1,1
23.08.2021 00:53:44.502,0.6839500000000001,0.6838500000000001,1.12,1
23.08.2021 00:53:44.603,0.6839500000000001,0.68386,2.44,1.69
23.08.2021 00:53:44.704,0.68398,0.68386,1.5,1
23.08.2021 00:53:44.957,0.68399,0.68388,2.25,1
23.08.2021 00:53:45.058,0.6840100000000001,0.68388,2.25,1.5
23.08.2021 00:53:45.210,0.6840100000000001,0.68389,2.25,1
23.08.2021 00:53:46.162,0.684,0.68391,1.5,1
23.08.2021 00:53:46.263,0.684,0.68389,1.5,1.5
23.08.2021 00:53:46.314,0.68399,0.68389,2.75,1
23.08.2021 00:53:46.415,0.684,0.68388,1,1
23.08.2021 00:53:46.516,0.6840100000000001,0.68388,3,1
23.08.2021 00:53:48.766,0.6840100000000001,0.68389,2.25,1
23.08.2021 00:53:54.784,0.68399,0.68387,3.75,1
23.08.2021 00:53:54.885,0.68399,0.68386,3.75,1
23.08.2021 00:54:01.160,0.68399,0.68389,1,1
23.08.2021 00:54:01.262,0.6840100000000001,0.68389,3,1
23.08.2021 00:54:02.642,0.68399,0.68388,1,1
23.08.2021 00:54:04.391,0.684,0.68388,1.5,1
23.08.2021 00:54:06.029,0.684,0.68389,1.5,1
23.08.2021 00:54:06.130,0.684,0.68388,1.5,1
23.08.2021 00:54:06.232,0.68399,0.68388,1,1
23.08.2021 00:54:09.243,0.68397,0.68388,1,1
23.08.2021 00:54:17.782,0.68399,0.68388,1.5,1
23.08.2021 00:54:17.883,0.684,0.68389,1.5,1
23.08.2021 00:54:19.635,0.684,0.68392,1,1
23.08.2021 00:54:19.686,0.68402,0.68392,1.5,1
23.08.2021 00:54:20.392,0.68403,0.68392,1.5,1
23.08.2021 00:54:27.412,0.68402,0.68394,1,1.25
23.08.2021 00:54:27.463,0.68405,0.68397,1,1.25
23.08.2021 00:54:27.514,0.6840700000000001,0.68398,1,1.25
23.08.2021 00:54:27.665,0.6841,0.6840100000000001,1,1
23.08.2021 00:54:33.134,0.6841,0.684,1,1
23.08.2021 00:54:34.585,0.6841,0.6840100000000001,1,1
