Gmt time,Ask,Bid,AskVolume,BidVolume
16.08.2021 00:00:00.089,0.7039300000000001,0.70381,1,1
16.08.2021 00:00:00.345,0.70392,0.7038,1,1
16.08.2021 00:00:00.966,0.70394,0.7037800000000001,1.69,2.12
16.08.2021 00:00:01.418,0.7039300000000001,0.7037800000000001,1.69,2.25
16.08.2021 00:00:02.403,0.70394,0.7038,1.69,1
16.08.2021 00:00:02.505,0.70397,0.70382,1,1
16.08.2021 00:00:03.321,0.7039500000000001,0.70382,1,1
16.08.2021 00:00:03.422,0.7039500000000001,0.7038,1,3.69
16.08.2021 00:00:05.005,0.7039300000000001,0.7038300000000001,1,1
16.08.2021 00:00:06.506,0.70394,0.7038300000000001,1,1.5
16.08.2021 00:00:06.607,0.7039500000000001,0.7038300000000001,1.5,1
16.08.2021 00:00:07.297,0.70394,0.7038300000000001,1,3.25
16.08.2021 00:00:07.348,0.70398,0.70386,1.87,1
16.08.2021 00:00:07.449,0.70398,0.70387,1.12,1
16.08.2021 00:00:10.728,0.70397,0.70387,1,1
16.08.2021 00:00:12.875,0.7040000000000001,0.7038800000000001,1.5,1
16.08.2021 00:00:20.080,0.70401,0.70389,1.5,1
16.08.2021 00:00:31.356,0.70403,0.70391,2.94,1
16.08.2021 00:00:31.458,0.70403,0.70391,2.44,1
16.08.2021 00:00:43.308,0.70399,0.70391,1,1
16.08.2021 00:00:43.410,0.7040000000000001,0.70389,1,1
16.08.2021 00:00:50.159,0.70402,0.7039000000000001,1,1
16.08.2021 00:00:50.210,0.70404,0.70392,2.62,1
16.08.2021 00:00:50.764,0.7040500000000001,0.70394,1,1
16.08.2021 00:00:51.125,0.70408,0.70396,1.12,1
16.08.2021 00:00:51.175,0.70409,0.70398,2.75,1
16.08.2021 00:00:51.327,0.70409,0.70398,2.25,1
16.08.2021 00:00:51.805,0.70408,0.70397,1.5,1
16.08.2021 00:00:51.906,0.70408,0.70396,1.5,1
16.08.2021 00:00:52.058,0.70406,0.70396,1,1
16.08.2021 00:00:52.108,0.7040500000000001,0.7039300000000001,1.5,1
16.08.2021 00:00:53.972,0.70407,0.70396,1,1
16.08.2021 00:00:54.175,0.70407,0.7039500000000001,1.5,1
16.08.2021 00:00:54.885,0.70408,0.70396,2.62,1
16.08.2021 00:00:54.986,0.70407,0.70396,1,1
16.08.2021 00:00:55.088,0.70407,0.70397,3,1
16.08.2021 00:00:55.190,0.70409,0.70397,2.25,1
16.08.2021 00:00:55.291,0.70407,0.7039500000000001,1.5,1
16.08.2021 00:00:55.443,0.70407,0.70397,1.87,1
16.08.2021 00:00:55.663,0.70402,0.70392,1.5,1.12
16.08.2021 00:00:55.764,0.70404,0.7039300000000001,1,1
16.08.2021 00:00:55.966,0.70404,0.70394,1,1
16.08.2021 00:00:56.188,0.7040500000000001,0.70394,1,1
16.08.2021 00:00:56.289,0.70406,0.70394,1.87,1
16.08.2021 00:00:58.537,0.7040500000000001,0.70394,1,1
16.08.2021 00:00:58.588,0.70407,0.70396,1.5,1
16.08.2021 00:00:58.689,0.70408,0.70396,1.5,1
16.08.2021 00:00:59.276,0.70407,0.7039500000000001,1.5,1
16.08.2021 00:00:59.377,0.70408,0.70396,1.5,1
16.08.2021 00:00:59.478,0.70407,0.7039500000000001,1.5,1
16.08.2021 00:00:59.579,0.70407,0.70396,1,1
16.08.2021 00:00:59.680,0.70406,0.70396,1.5,1
16.08.2021 00:00:59.781,0.70406,0.70397,1,1
16.08.2021 00:00:59.883,0.70408,0.70396,1.87,1
16.08.2021 00:01:00.243,0.70407,0.7039500000000001,1.5,1
16.08.2021 00:01:00.396,0.70408,0.70396,1.12,1
16.08.2021 00:01:00.497,0.70406,0.70396,1,1
16.08.2021 00:01:00.599,0.70407,0.70396,1,1
16.08.2021 00:01:00.700,0.70408,0.70396,1.12,1
16.08.2021 00:01:03.131,0.70407,0.70396,1,1
16.08.2021 00:01:03.232,0.70408,0.70396,1,1
16.08.2021 00:01:09.156,0.70409,0.70397,1.5,1
16.08.2021 00:01:12.966,0.70409,0.70397,1,4.19
16.08.2021 00:01:13.068,0.70415,0.70403,1.81,1.5
16.08.2021 00:01:13.169,0.70417,0.7040500000000001,1.25,1
16.08.2021 00:01:13.270,0.70418,0.70406,1.5,1
16.08.2021 00:01:18.917,0.70417,0.7040500000000001,1,1
16.08.2021 00:01:19.040,0.7041600000000001,0.70404,1,1
16.08.2021 00:01:19.141,0.70417,0.7040500000000001,1,1
16.08.2021 00:01:19.309,0.7041600000000001,0.70404,1,1
16.08.2021 00:01:20.809,0.70415,0.70404,1,1
16.08.2021 00:01:22.490,0.70414,0.70403,1,1
16.08.2021 00:01:22.591,0.70413,0.70403,1.5,1
16.08.2021 00:01:24.633,0.7041600000000001,0.70404,1,1
16.08.2021 00:01:30.107,0.7041600000000001,0.7040500000000001,1,1
16.08.2021 00:01:33.407,0.70414,0.70403,1,1
16.08.2021 00:01:33.508,0.70414,0.70402,1,1
16.08.2021 00:01:38.533,0.70412,0.70403,1,1
16.08.2021 00:01:44.257,0.70413,0.70401,1,1
16.08.2021 00:01:44.409,0.7041100000000001,0.7040000000000001,1,1
16.08.2021 00:01:45.576,0.70413,0.70402,2.25,1
16.08.2021 00:01:45.929,0.70412,0.7040000000000001,1.5,1.5
16.08.2021 00:01:46.030,0.70413,0.70402,1,1
16.08.2021 00:01:48.701,0.7041000000000001,0.70401,1,1.5
16.08.2021 00:01:48.802,0.7041000000000001,0.70399,1,1
16.08.2021 00:01:48.954,0.70409,0.70399,1,1.25
16.08.2021 00:01:51.081,0.7041000000000001,0.70399,1,1
16.08.2021 00:01:56.748,0.7041000000000001,0.70398,1,1.25
16.08.2021 00:01:59.002,0.70409,0.70398,1,1
16.08.2021 00:01:59.103,0.7040500000000001,0.7039300000000001,1,2.44
16.08.2021 00:02:01.095,0.7040500000000001,0.70394,1,1
16.08.2021 00:02:01.786,0.70408,0.70397,1,1
16.08.2021 00:02:01.887,0.70409,0.70398,2.62,1
16.08.2021 00:02:04.141,0.70408,0.70396,1.87,1
16.08.2021 00:02:04.242,0.70409,0.70398,2,1
16.08.2021 00:02:04.343,0.70408,0.70399,1.5,1
16.08.2021 00:02:07.374,0.70407,0.70398,1,1
16.08.2021 00:02:07.964,0.70408,0.70396,1.5,1
16.08.2021 00:02:08.427,0.7040500000000001,0.7039500000000001,1,1
16.08.2021 00:02:11.342,0.70401,0.7039300000000001,1.5,1
16.08.2021 00:02:11.847,0.70404,0.70394,1.5,1
16.08.2021 00:02:18.785,0.7040500000000001,0.70394,2.25,1
16.08.2021 00:02:21.475,0.70403,0.70394,2.25,1
16.08.2021 00:02:21.576,0.70404,0.70394,1.5,1
16.08.2021 00:02:27.236,0.70403,0.70392,1.5,1
16.08.2021 00:02:27.287,0.70401,0.70392,3.5,1
16.08.2021 00:02:27.732,0.70404,0.7039300000000001,1,1
16.08.2021 00:02:29.177,0.70404,0.7039500000000001,2.25,1
16.08.2021 00:02:29.495,0.70403,0.70394,1,1
16.08.2021 00:02:29.596,0.70404,0.70394,1.5,1
16.08.2021 00:02:30.286,0.70404,0.7039300000000001,1.5,1
16.08.2021 00:02:36.107,0.70404,0.70394,1,1
16.08.2021 00:02:40.034,0.70403,0.70392,1,1
16.08.2021 00:02:40.085,0.70403,0.7039500000000001,2.25,1
16.08.2021 00:02:42.294,0.70402,0.70394,1.69,1
16.08.2021 00:02:42.395,0.70402,0.7039300000000001,2.75,1
16.08.2021 00:02:44.032,0.70401,0.70391,1.12,1
16.08.2021 00:02:44.133,0.7040000000000001,0.7039000000000001,1,1
16.08.2021 00:02:44.234,0.70399,0.70389,1,1
16.08.2021 00:02:46.914,0.70399,0.7039000000000001,1,1
16.08.2021 00:02:48.235,0.70399,0.70389,1.5,1
16.08.2021 00:02:49.319,0.70398,0.7038800000000001,1.5,1.25
16.08.2021 00:02:49.623,0.70397,0.7038800000000001,1,1.25
16.08.2021 00:02:49.674,0.7039500000000001,0.70386,1.87,1
16.08.2021 00:02:57.811,0.70399,0.70389,1.5,1
16.08.2021 00:02:59.044,0.70399,0.7038800000000001,1,1
16.08.2021 00:03:00.121,0.70399,0.7039000000000001,1.5,1
16.08.2021 00:03:01.344,0.70399,0.70389,1,1
16.08.2021 00:03:02.945,0.70399,0.7039000000000001,1.5,1
16.08.2021 00:03:03.047,0.70403,0.70394,1,1
16.08.2021 00:03:05.180,0.70401,0.7039300000000001,1,1
16.08.2021 00:03:05.734,0.70402,0.70394,1.5,1
16.08.2021 00:03:12.771,0.70403,0.70394,1,1
16.08.2021 00:03:15.209,0.7040500000000001,0.70394,2.25,1
16.08.2021 00:03:15.867,0.7040500000000001,0.70398,1,1
16.08.2021 00:03:15.917,0.70408,0.70399,1,1
16.08.2021 00:03:16.018,0.70409,0.70399,1,1
16.08.2021 00:03:20.725,0.7041000000000001,0.7040000000000001,1.5,1
16.08.2021 00:03:20.979,0.70408,0.70399,1,2.44
16.08.2021 00:03:21.081,0.70414,0.70404,1.5,1
16.08.2021 00:03:21.232,0.70415,0.70404,3,1
16.08.2021 00:03:21.334,0.70413,0.7040500000000001,1.5,1
16.08.2021 00:03:21.435,0.70413,0.70403,1,1
16.08.2021 00:03:21.628,0.70414,0.70404,2.25,1
16.08.2021 00:03:32.527,0.70413,0.70404,1,1
16.08.2021 00:03:33.126,0.70413,0.70403,1,1
16.08.2021 00:03:33.227,0.70412,0.70402,1.5,1
16.08.2021 00:03:37.508,0.70409,0.70402,1,1
16.08.2021 00:03:37.965,0.7041000000000001,0.7040000000000001,1.5,1
16.08.2021 00:03:41.506,0.7041100000000001,0.70402,1,1
16.08.2021 00:03:41.661,0.7041100000000001,0.70403,1.5,1
16.08.2021 00:03:42.216,0.70413,0.70402,2.62,1
16.08.2021 00:03:47.924,0.70413,0.70403,1,1
16.08.2021 00:03:58.848,0.70414,0.70406,1.87,1
16.08.2021 00:03:59.000,0.70415,0.70404,1,1
16.08.2021 00:03:59.152,0.70414,0.70403,1,1
16.08.2021 00:03:59.455,0.7041000000000001,0.7040000000000001,1,1.12
16.08.2021 00:03:59.556,0.7041000000000001,0.70399,1,1
16.08.2021 00:03:59.658,0.7041100000000001,0.70401,1,1
16.08.2021 00:04:01.065,0.7041100000000001,0.70402,1,1
16.08.2021 00:04:01.166,0.7041000000000001,0.7040000000000001,1,1
16.08.2021 00:04:01.267,0.7041100000000001,0.7040000000000001,1,1
16.08.2021 00:04:01.369,0.7041000000000001,0.7040000000000001,1,1
16.08.2021 00:04:01.470,0.7041100000000001,0.7040000000000001,1,1
16.08.2021 00:04:01.740,0.7041100000000001,0.70401,1,1
16.08.2021 00:04:02.914,0.70412,0.70403,1.5,1
16.08.2021 00:04:03.015,0.70409,0.70399,1,1
16.08.2021 00:04:03.116,0.7041000000000001,0.7040000000000001,1,1
16.08.2021 00:04:03.217,0.7041100000000001,0.70401,1,1
16.08.2021 00:04:06.782,0.70409,0.70401,1,1
16.08.2021 00:04:07.023,0.7041100000000001,0.7040000000000001,1,1
16.08.2021 00:04:07.896,0.7041000000000001,0.7040000000000001,1,1
16.08.2021 00:04:08.300,0.70408,0.7040000000000001,1,1
16.08.2021 00:04:08.553,0.70408,0.70397,1,1
16.08.2021 00:04:08.654,0.7040500000000001,0.70396,1,1.5
16.08.2021 00:04:08.755,0.70406,0.7039500000000001,1,1
16.08.2021 00:04:10.428,0.70404,0.7039300000000001,1,1
16.08.2021 00:04:17.047,0.70402,0.70391,1,1.12
16.08.2021 00:04:17.149,0.7040000000000001,0.70389,1,2
16.08.2021 00:04:17.249,0.7040000000000001,0.70389,1,1.5
16.08.2021 00:04:18.996,0.70401,0.70391,1,1.25
16.08.2021 00:04:19.046,0.70403,0.70392,1,1.69
16.08.2021 00:04:19.147,0.70404,0.7039300000000001,1,1
16.08.2021 00:04:19.251,0.70403,0.70392,1,1
16.08.2021 00:04:20.002,0.70402,0.70391,1,1
16.08.2021 00:04:20.388,0.70403,0.7039300000000001,1,1
16.08.2021 00:04:22.338,0.70403,0.70392,1,1
16.08.2021 00:04:22.462,0.70402,0.70391,1,1
16.08.2021 00:04:27.107,0.70401,0.70391,1,1
16.08.2021 00:04:35.539,0.70401,0.7039000000000001,1,1
16.08.2021 00:04:39.584,0.70402,0.70391,1,1
16.08.2021 00:04:40.659,0.70403,0.70391,1,1
16.08.2021 00:04:41.673,0.70402,0.70391,1,1
16.08.2021 00:04:42.262,0.70403,0.70392,1.5,1
16.08.2021 00:04:57.576,0.70402,0.70391,1.5,1
16.08.2021 00:05:01.137,0.70401,0.7039000000000001,1.87,1
16.08.2021 00:05:01.289,0.7040000000000001,0.7039000000000001,1.69,1
16.08.2021 00:05:01.492,0.70398,0.7038800000000001,1.5,1
16.08.2021 00:05:01.594,0.70398,0.70387,2.25,1
16.08.2021 00:05:01.695,0.70397,0.70386,1,1
16.08.2021 00:05:08.260,0.70394,0.70384,1.69,1
16.08.2021 00:05:08.362,0.70394,0.7038300000000001,2.44,1
16.08.2021 00:05:12.729,0.70391,0.70384,1,1
16.08.2021 00:05:12.780,0.70391,0.70381,1.31,1
16.08.2021 00:05:12.831,0.70389,0.7038,1,1
16.08.2021 00:05:13.702,0.70394,0.70384,1.12,1
16.08.2021 00:05:13.804,0.7039500000000001,0.70384,2.62,1
16.08.2021 00:05:13.906,0.70394,0.7038300000000001,2.25,1
16.08.2021 00:05:15.733,0.7039300000000001,0.70382,1,1
16.08.2021 00:05:16.946,0.70394,0.7038300000000001,2.44,1
16.08.2021 00:05:17.048,0.7039300000000001,0.70382,1,1
16.08.2021 00:05:35.973,0.70394,0.7038300000000001,1.5,1
16.08.2021 00:05:39.106,0.70394,0.70382,1.5,1
16.08.2021 00:05:39.542,0.70391,0.7038,1,1
16.08.2021 00:05:53.414,0.70392,0.70381,1,1
16.08.2021 00:06:17.890,0.70389,0.7037800000000001,1,1
16.08.2021 00:06:17.941,0.7038800000000001,0.70376,1,1
16.08.2021 00:06:17.992,0.7039000000000001,0.7037800000000001,1,1
16.08.2021 00:06:18.093,0.70391,0.70379,1,1
16.08.2021 00:06:21.070,0.70391,0.7038,1,1
16.08.2021 00:06:21.778,0.70391,0.70379,1,1
16.08.2021 00:06:25.264,0.70391,0.70381,1.5,1
16.08.2021 00:06:26.127,0.7039300000000001,0.70381,1.5,1
16.08.2021 00:06:30.259,0.70391,0.70381,1,1
16.08.2021 00:06:51.157,0.70391,0.70379,1,1
16.08.2021 00:06:55.235,0.70394,0.7038300000000001,1,1
16.08.2021 00:06:55.286,0.70392,0.7038,1,1
16.08.2021 00:06:55.912,0.70391,0.70379,1,1.69
16.08.2021 00:06:57.646,0.7039300000000001,0.70381,1,1.5
16.08.2021 00:06:57.799,0.70392,0.7038,1,1
16.08.2021 00:07:01.365,0.70391,0.70379,1,1.5
16.08.2021 00:07:02.107,0.70389,0.70379,1,1.5
16.08.2021 00:07:07.253,0.7038800000000001,0.7037800000000001,1.25,1
16.08.2021 00:07:07.354,0.7038300000000001,0.70374,1,1
16.08.2021 00:07:08.121,0.70382,0.7037300000000001,1.5,1
16.08.2021 00:07:08.222,0.70382,0.7037,1,1.12
16.08.2021 00:07:08.323,0.70381,0.7037,1,1
16.08.2021 00:07:08.424,0.70381,0.70369,1,2.25
16.08.2021 00:07:08.575,0.70382,0.7037100000000001,1,1
16.08.2021 00:07:09.061,0.70382,0.7037,1,1.5
16.08.2021 00:07:09.620,0.7038300000000001,0.7037100000000001,1,1
16.08.2021 00:07:13.981,0.7038300000000001,0.70372,1,1
16.08.2021 00:07:16.176,0.70384,0.70372,1,1.5
16.08.2021 00:07:19.996,0.7038300000000001,0.7037100000000001,1,1
16.08.2021 00:07:20.772,0.70381,0.70369,1,1
16.08.2021 00:07:20.873,0.7038300000000001,0.7037100000000001,1.5,1
16.08.2021 00:07:21.479,0.70381,0.70369,1,1
16.08.2021 00:07:21.775,0.70382,0.7037,1,1
16.08.2021 00:07:24.379,0.7038300000000001,0.7037100000000001,1,1
16.08.2021 00:07:24.482,0.70381,0.7037,1,1.5
16.08.2021 00:07:24.682,0.70382,0.7037,1,1.5
16.08.2021 00:07:26.220,0.7037800000000001,0.7036800000000001,1,1.12
16.08.2021 00:07:26.321,0.7037800000000001,0.7036600000000001,1,2
16.08.2021 00:07:26.423,0.7037800000000001,0.7036600000000001,1,1
16.08.2021 00:07:30.107,0.70377,0.70365,1,1
16.08.2021 00:07:33.269,0.70376,0.70364,1,2.62
16.08.2021 00:07:33.428,0.7037300000000001,0.70362,1,1.87
16.08.2021 00:07:38.161,0.70375,0.70365,1,1.5
16.08.2021 00:07:42.157,0.70375,0.70364,1,1
16.08.2021 00:07:45.048,0.70376,0.70364,1,1
16.08.2021 00:08:00.389,0.70376,0.7036300000000001,1,2.44
16.08.2021 00:08:00.541,0.70376,0.70364,1,1
16.08.2021 00:08:06.829,0.70376,0.7036300000000001,1,1.31
16.08.2021 00:08:06.980,0.70376,0.70364,1,1
16.08.2021 00:08:15.518,0.70375,0.70364,1,1
16.08.2021 00:08:15.619,0.70374,0.70362,1.5,1
16.08.2021 00:08:15.669,0.70372,0.70359,1,1.5
16.08.2021 00:08:15.771,0.70372,0.7036,1,1.25
16.08.2021 00:08:15.821,0.70372,0.7035800000000001,1,2.62
16.08.2021 00:08:47.315,0.70369,0.70359,1,1.12
16.08.2021 00:08:47.467,0.7037100000000001,0.7036,1,1
16.08.2021 00:08:47.568,0.70372,0.7036,1,1
16.08.2021 00:08:57.659,0.7037300000000001,0.7036,1,1
16.08.2021 00:09:04.893,0.7037300000000001,0.7036100000000001,1,1
16.08.2021 00:09:05.382,0.70372,0.7036,1,1
16.08.2021 00:09:05.534,0.70372,0.70359,1,1.69
16.08.2021 00:09:05.685,0.7037,0.7036,1,1.69
16.08.2021 00:09:18.125,0.70372,0.70359,1,1.25
16.08.2021 00:09:36.023,0.7037300000000001,0.70359,1,1
16.08.2021 00:09:44.532,0.7036800000000001,0.7035600000000001,1,1
16.08.2021 00:09:44.633,0.70369,0.7035600000000001,1,1
16.08.2021 00:09:55.754,0.7037100000000001,0.70357,1,2.81
16.08.2021 00:09:55.855,0.70372,0.7035800000000001,1.87,1.5
16.08.2021 00:10:04.597,0.70375,0.7036100000000001,1.5,1.31
16.08.2021 00:10:04.779,0.70376,0.7036300000000001,1.5,1
16.08.2021 00:10:08.155,0.7037800000000001,0.70365,1.69,1
16.08.2021 00:10:08.257,0.70376,0.70365,1,1
16.08.2021 00:10:08.466,0.7037800000000001,0.70364,1.69,1.5
16.08.2021 00:10:08.567,0.70377,0.70364,1,1.5
16.08.2021 00:10:12.107,0.7037800000000001,0.70364,1,2.25
16.08.2021 00:10:17.023,0.7037800000000001,0.70365,1,1
16.08.2021 00:10:24.073,0.70375,0.70364,1,1.12
16.08.2021 00:10:28.160,0.70377,0.70364,1,1
16.08.2021 00:10:28.728,0.7037800000000001,0.70364,1.25,1.5
16.08.2021 00:10:28.880,0.7037800000000001,0.70365,1.25,1
16.08.2021 00:10:28.981,0.7037800000000001,0.70364,1.25,1.5
16.08.2021 00:10:32.617,0.7037800000000001,0.70365,1.25,1
16.08.2021 00:10:32.769,0.7037800000000001,0.70364,1.25,1.5
16.08.2021 00:10:33.094,0.7037800000000001,0.70365,1.25,1
16.08.2021 00:10:33.246,0.7037800000000001,0.70364,1.25,1.5
16.08.2021 00:10:53.713,0.7037800000000001,0.70365,1.25,1
16.08.2021 00:11:00.229,0.7038,0.7037,2,1.25
16.08.2021 00:11:00.280,0.70381,0.70369,1,2.44
16.08.2021 00:11:00.685,0.70382,0.70369,1,1
16.08.2021 00:11:00.786,0.7038300000000001,0.70369,1.5,1.69
16.08.2021 00:11:03.904,0.70382,0.70369,1,1.25
16.08.2021 00:11:04.425,0.7038300000000001,0.70369,1,1.5
16.08.2021 00:11:06.456,0.70384,0.70372,2.5,1.12
16.08.2021 00:11:06.507,0.70386,0.70372,1.87,1
16.08.2021 00:11:06.791,0.70386,0.7037300000000001,1.87,1
16.08.2021 00:11:06.898,0.70386,0.70374,1.5,1.5
16.08.2021 00:11:06.999,0.70387,0.70374,1,1
16.08.2021 00:11:07.252,0.70387,0.7037300000000001,1,2.25
16.08.2021 00:11:07.845,0.70387,0.70374,1,1
16.08.2021 00:11:09.207,0.70387,0.7037300000000001,1,2.25
16.08.2021 00:11:09.315,0.70387,0.70374,1,1
16.08.2021 00:11:15.595,0.70387,0.70375,1,1.5
16.08.2021 00:11:18.591,0.7038800000000001,0.70375,1,1
16.08.2021 00:11:22.080,0.7038800000000001,0.70374,1,1
16.08.2021 00:11:24.514,0.70387,0.70374,1,1
16.08.2021 00:11:24.666,0.7038800000000001,0.70374,1,1.5
16.08.2021 00:11:37.314,0.70387,0.70374,1,1
16.08.2021 00:11:46.693,0.70386,0.70372,1,3.5
16.08.2021 00:11:51.767,0.7038500000000001,0.7037300000000001,1,3.37
16.08.2021 00:11:56.519,0.70386,0.70374,1,1
16.08.2021 00:12:01.598,0.70384,0.7037100000000001,1,2.37
16.08.2021 00:12:01.707,0.7038300000000001,0.7037100000000001,1,2
16.08.2021 00:12:01.825,0.70382,0.70372,1,1.87
16.08.2021 00:12:02.096,0.70382,0.7037,1,1
16.08.2021 00:12:06.286,0.70381,0.7037,1,1
16.08.2021 00:12:06.627,0.7038,0.70369,1,1
16.08.2021 00:12:06.830,0.70381,0.70369,1,1
16.08.2021 00:12:07.096,0.7038,0.70369,1,1
16.08.2021 00:12:07.298,0.70381,0.70369,1,1
16.08.2021 00:12:07.815,0.7038,0.70369,1,1
16.08.2021 00:12:07.982,0.70381,0.70369,1,1
16.08.2021 00:12:08.323,0.7037800000000001,0.70369,1,1
16.08.2021 00:12:08.554,0.7038,0.7036800000000001,1,1.5
16.08.2021 00:12:13.756,0.70382,0.70369,1,1.5
16.08.2021 00:12:33.683,0.70381,0.70369,1,1
16.08.2021 00:12:37.501,0.70381,0.70367,1,3.5
16.08.2021 00:12:37.602,0.7038,0.70367,1,1.87
16.08.2021 00:12:37.956,0.70379,0.70367,1,1.87
16.08.2021 00:12:40.910,0.7038,0.7037,1,1
16.08.2021 00:12:43.678,0.70381,0.7036800000000001,1,1
16.08.2021 00:12:43.779,0.70381,0.70369,1,1
16.08.2021 00:12:54.562,0.70382,0.70372,1,1.12
16.08.2021 00:12:57.524,0.70382,0.7037100000000001,1,1.69
16.08.2021 00:12:57.676,0.70382,0.7037,1,1.25
16.08.2021 00:13:01.764,0.70379,0.7037,1,1
16.08.2021 00:13:02.001,0.7038,0.70367,1,1.87
16.08.2021 00:13:06.107,0.7037800000000001,0.7036800000000001,1,1.5
16.08.2021 00:13:12.999,0.70379,0.70367,1,1.75
16.08.2021 00:13:13.050,0.70384,0.7037100000000001,1,1.5
16.08.2021 00:13:13.151,0.7038300000000001,0.7037100000000001,1,1
16.08.2021 00:13:13.472,0.70382,0.7037,1,3.62
16.08.2021 00:13:16.486,0.7038300000000001,0.70369,1,2.81
16.08.2021 00:13:16.745,0.70382,0.70369,1,1.25
16.08.2021 00:13:17.084,0.70381,0.70369,1,1
16.08.2021 00:13:35.192,0.7038,0.70369,1,1.25
16.08.2021 00:13:35.407,0.7037800000000001,0.7036800000000001,1,3.62
16.08.2021 00:13:35.638,0.70374,0.70362,1,3
16.08.2021 00:13:35.739,0.7037300000000001,0.70362,1,2.25
16.08.2021 00:13:35.790,0.70377,0.7036600000000001,1,1.25
16.08.2021 00:13:38.018,0.7037300000000001,0.7036600000000001,1,2.5
16.08.2021 00:13:39.857,0.70374,0.70365,1,1.25
16.08.2021 00:13:39.958,0.7037300000000001,0.70365,1,1.25
16.08.2021 00:13:48.233,0.70372,0.7036600000000001,1,1.75
16.08.2021 00:13:51.857,0.7037300000000001,0.70364,1,2.12
16.08.2021 00:13:52.086,0.7037300000000001,0.70365,1,1.25
16.08.2021 00:13:52.302,0.70372,0.70365,1,1.31
16.08.2021 00:13:58.515,0.70374,0.70364,1,1.75
16.08.2021 00:13:58.667,0.70374,0.70364,1,1.25
16.08.2021 00:13:59.962,0.7037300000000001,0.70364,1,1.25
16.08.2021 00:14:01.096,0.7037100000000001,0.7036300000000001,1,1.25
16.08.2021 00:14:02.036,0.7037300000000001,0.7036300000000001,1,1.25
16.08.2021 00:14:08.791,0.70374,0.70365,1,1.37
16.08.2021 00:14:12.263,0.70374,0.70364,1,3
16.08.2021 00:14:18.267,0.70374,0.70364,1,1.31
16.08.2021 00:14:33.373,0.7037100000000001,0.70362,1,1.5
16.08.2021 00:14:33.474,0.70369,0.7036100000000001,1,1.25
16.08.2021 00:14:33.625,0.7037,0.7036,1,1.75
16.08.2021 00:14:33.676,0.70369,0.7036100000000001,1,1.25
16.08.2021 00:14:34.017,0.7037,0.7036100000000001,1,1.75
16.08.2021 00:14:50.742,0.7037,0.70359,1,1.25
16.08.2021 00:14:50.844,0.7037,0.7036100000000001,1,1.25
16.08.2021 00:14:50.995,0.7037,0.70359,1,1.75
16.08.2021 00:14:54.207,0.7037,0.7036,1,1.75
16.08.2021 00:14:54.258,0.7036800000000001,0.7036,1,2.06
16.08.2021 00:14:54.359,0.7036800000000001,0.70359,1,1.12
16.08.2021 00:14:54.410,0.7037,0.7036,1,1.25
16.08.2021 00:14:55.402,0.70369,0.7036,1,1.12
16.08.2021 00:15:00.533,0.7037,0.7036,1,1.25
16.08.2021 00:15:00.634,0.7037100000000001,0.70362,1,1.25
16.08.2021 00:15:01.957,0.7037100000000001,0.7036100000000001,1,1
16.08.2021 00:15:05.965,0.70372,0.7036100000000001,1,1.31
16.08.2021 00:15:06.279,0.7037300000000001,0.7036100000000001,1,1.31
16.08.2021 00:15:06.808,0.7037300000000001,0.70364,1,1.25
16.08.2021 00:15:06.859,0.70376,0.7036300000000001,1,1.69
16.08.2021 00:15:12.412,0.70375,0.7036300000000001,1,1.12
16.08.2021 00:15:14.767,0.70375,0.70362,1,1.31
16.08.2021 00:15:17.843,0.70374,0.7036300000000001,1,1
16.08.2021 00:15:17.948,0.70375,0.7036300000000001,1,1
16.08.2021 00:15:20.277,0.70374,0.7036300000000001,1,1
16.08.2021 00:15:20.379,0.70375,0.7036300000000001,1,1
16.08.2021 00:15:21.133,0.7037300000000001,0.70362,1,1.12
16.08.2021 00:15:23.844,0.70369,0.70359,1,2.5
16.08.2021 00:15:23.895,0.70369,0.70357,1,5.19
16.08.2021 00:15:23.946,0.7036600000000001,0.7035600000000001,1,1.5
16.08.2021 00:15:23.997,0.7036800000000001,0.70359,1.5,2.12
16.08.2021 00:15:24.047,0.70365,0.70357,1,1.5
16.08.2021 00:15:24.098,0.70367,0.7035600000000001,1,1.25
16.08.2021 00:15:24.199,0.7036600000000001,0.70355,1,2.87
16.08.2021 00:15:25.817,0.7036600000000001,0.70355,1,1.31
16.08.2021 00:15:26.668,0.7036300000000001,0.70352,1,3.69
16.08.2021 00:15:26.824,0.7036300000000001,0.70352,1,2.44
16.08.2021 00:15:28.158,0.70364,0.70352,1,1.69
16.08.2021 00:15:29.903,0.7036300000000001,0.70352,1,1.25
16.08.2021 00:15:30.155,0.70362,0.70352,1,1.87
16.08.2021 00:15:32.066,0.7036,0.7034800000000001,1,1.75
16.08.2021 00:15:32.167,0.70357,0.70347,1,1.12
16.08.2021 00:15:34.150,0.7035800000000001,0.7034600000000001,1,1.81
16.08.2021 00:15:34.352,0.70357,0.7034600000000001,1,1.62
16.08.2021 00:15:34.453,0.70357,0.7034600000000001,1,1
16.08.2021 00:15:38.540,0.70357,0.70345,1,1.69
16.08.2021 00:15:48.925,0.70359,0.7034800000000001,1,1.25
16.08.2021 00:15:52.627,0.70359,0.70349,1,1
16.08.2021 00:15:56.207,0.70357,0.70345,1,1
16.08.2021 00:16:02.083,0.7035399999999999,0.7034100000000001,1,4.44
16.08.2021 00:16:02.285,0.70352,0.7034,1,1.15
16.08.2021 00:16:03.188,0.7035300000000001,0.70343,1,1.25
16.08.2021 00:16:03.290,0.70352,0.70343,1,1.69
16.08.2021 00:16:04.761,0.7035399999999999,0.70342,1,1.25
16.08.2021 00:16:12.055,0.70355,0.70342,1,2.44
16.08.2021 00:16:13.774,0.7035399999999999,0.70342,1,1
16.08.2021 00:16:16.123,0.70352,0.7034100000000001,1,1.12
16.08.2021 00:16:18.304,0.7035300000000001,0.7034100000000001,1,1.12
16.08.2021 00:16:22.037,0.7035100000000001,0.70339,1,1.12
16.08.2021 00:16:25.197,0.7035399999999999,0.70342,1,1.31
16.08.2021 00:16:25.298,0.70355,0.70343,1,1
16.08.2021 00:16:26.284,0.7035600000000001,0.70343,1,1.5
16.08.2021 00:16:34.175,0.70357,0.70343,1,1.69
16.08.2021 00:16:34.398,0.7035800000000001,0.70344,1.5,2.87
16.08.2021 00:16:34.499,0.70357,0.70344,1,2.06
16.08.2021 00:16:35.727,0.7036,0.70347,1,1.25
16.08.2021 00:16:35.829,0.7036100000000001,0.7034800000000001,1,1.25
16.08.2021 00:16:35.930,0.70362,0.7034800000000001,1.5,1.25
16.08.2021 00:16:37.301,0.7036100000000001,0.7034800000000001,1,1
16.08.2021 00:16:37.403,0.70362,0.7034800000000001,2.25,1
16.08.2021 00:16:37.834,0.7036100000000001,0.7034800000000001,1,1
16.08.2021 00:16:45.898,0.70359,0.7034800000000001,1,2.06
16.08.2021 00:16:52.151,0.70359,0.70347,1,1
16.08.2021 00:16:57.806,0.70359,0.7034600000000001,1,1.69
16.08.2021 00:17:01.131,0.7035800000000001,0.7034600000000001,1,1.12
16.08.2021 00:17:03.210,0.70359,0.70347,1,1.25
16.08.2021 00:17:03.311,0.70359,0.70349,1,1.25
16.08.2021 00:17:06.858,0.70357,0.70347,1,1
16.08.2021 00:17:06.968,0.7035600000000001,0.70347,1,1.25
16.08.2021 00:17:14.353,0.7035800000000001,0.7034600000000001,1,1.31
16.08.2021 00:17:14.454,0.7036,0.7034800000000001,1,2.19
16.08.2021 00:17:14.607,0.70359,0.70349,1,1.25
16.08.2021 00:17:15.113,0.7036100000000001,0.7034800000000001,1,2.81
16.08.2021 00:17:16.150,0.7036,0.7034800000000001,1,1.87
16.08.2021 00:17:16.251,0.7036,0.70349,1,1
16.08.2021 00:17:16.581,0.70359,0.7034800000000001,1,1.87
16.08.2021 00:17:16.632,0.7036100000000001,0.70349,1,1
16.08.2021 00:17:17.076,0.70359,0.70349,1,1
16.08.2021 00:17:17.127,0.7036,0.7035,1,1
16.08.2021 00:17:17.793,0.70359,0.7034800000000001,1,1.87
16.08.2021 00:17:17.896,0.7036,0.7034800000000001,1,2.06
16.08.2021 00:17:20.725,0.70359,0.7034800000000001,1,1.87
16.08.2021 00:17:20.827,0.7036,0.7034800000000001,1,2.81
16.08.2021 00:17:23.603,0.70359,0.7034800000000001,1,1.87
16.08.2021 00:17:24.663,0.7036,0.7034800000000001,1,2.06
16.08.2021 00:17:29.503,0.70359,0.7035,1,1.25
16.08.2021 00:17:37.020,0.7035800000000001,0.7034800000000001,1,1
16.08.2021 00:17:37.121,0.7035800000000001,0.7034800000000001,1,1.75
16.08.2021 00:17:37.222,0.70359,0.70347,1,1.69
16.08.2021 00:17:37.334,0.70359,0.70347,1,1.75
16.08.2021 00:17:37.485,0.7035800000000001,0.7034800000000001,1,1.69
16.08.2021 00:17:37.587,0.70359,0.70347,1,1.75
16.08.2021 00:17:37.738,0.70359,0.70347,1,1.69
16.08.2021 00:17:37.839,0.70359,0.70347,1,1.75
16.08.2021 00:17:38.013,0.70359,0.70347,1,1.69
16.08.2021 00:17:49.751,0.70359,0.7035,1,1
16.08.2021 00:17:49.802,0.7035800000000001,0.70347,1,1.12
16.08.2021 00:17:49.954,0.7035800000000001,0.7034600000000001,1,2.44
16.08.2021 00:17:58.573,0.70357,0.70345,1,1.25
16.08.2021 00:18:00.722,0.70357,0.7034600000000001,1,1
16.08.2021 00:18:01.675,0.70357,0.70344,1,4.37
16.08.2021 00:18:18.367,0.7035600000000001,0.70345,1,1.25
16.08.2021 00:18:19.038,0.70355,0.70345,1,1.25
16.08.2021 00:18:22.187,0.7035399999999999,0.70343,1,1
16.08.2021 00:18:22.288,0.7035300000000001,0.70342,1,1.5
16.08.2021 00:18:25.572,0.70352,0.70344,1,1
16.08.2021 00:18:25.908,0.7035300000000001,0.70344,1,1.62
16.08.2021 00:18:26.009,0.70355,0.70343,1,1.62
16.08.2021 00:18:26.227,0.7035600000000001,0.70343,1,1.5
16.08.2021 00:18:26.483,0.7035600000000001,0.70344,1,1.75
16.08.2021 00:18:26.584,0.7035600000000001,0.70344,1,1.25
16.08.2021 00:18:27.111,0.7035800000000001,0.70345,1,5.56
16.08.2021 00:18:31.537,0.70357,0.70345,1,2.94
16.08.2021 00:18:31.638,0.7035399999999999,0.7034600000000001,1,1.87
16.08.2021 00:18:31.790,0.7035399999999999,0.70345,1.5,1
16.08.2021 00:18:33.564,0.70355,0.70343,1.5,1.25
16.08.2021 00:18:36.107,0.7035399999999999,0.70343,1,1.25
16.08.2021 00:18:38.155,0.70355,0.70343,1,2.5
16.08.2021 00:18:41.318,0.70357,0.70344,1,4.75
16.08.2021 00:18:41.419,0.70357,0.70345,1,1.25
16.08.2021 00:18:41.524,0.7035800000000001,0.7034600000000001,1,1.31
16.08.2021 00:18:45.883,0.7035800000000001,0.70345,1,3.56
16.08.2021 00:18:46.034,0.7035800000000001,0.7034600000000001,1,1
16.08.2021 00:18:46.640,0.7035800000000001,0.70345,1,3.56
16.08.2021 00:18:46.848,0.7035800000000001,0.7034600000000001,1,1
16.08.2021 00:19:05.567,0.7035800000000001,0.7034600000000001,1,2.87
16.08.2021 00:19:09.107,0.70359,0.7034600000000001,1.5,4.75
16.08.2021 00:19:09.771,0.7036,0.7034600000000001,1,4.75
16.08.2021 00:19:09.873,0.7036,0.7034800000000001,1,1.69
16.08.2021 00:19:11.603,0.70359,0.70347,1,1.87
16.08.2021 00:19:19.905,0.7036100000000001,0.7034800000000001,1,3.75
16.08.2021 00:19:20.006,0.7036,0.7035,1,1
16.08.2021 00:19:20.820,0.7036,0.70349,1,3.19
16.08.2021 00:19:21.866,0.70359,0.70349,1,1
16.08.2021 00:19:21.968,0.70359,0.70347,1,2.62
16.08.2021 00:19:22.627,0.70359,0.7034600000000001,1,2.62
16.08.2021 00:19:26.755,0.70359,0.70345,2.25,2.06
16.08.2021 00:19:28.286,0.7036,0.70347,1,2.25
16.08.2021 00:19:28.387,0.7036,0.7034800000000001,1,1.25
16.08.2021 00:19:28.790,0.7036100000000001,0.7034800000000001,1,2.44
16.08.2021 00:19:38.518,0.70359,0.7034600000000001,1.5,2.56
16.08.2021 00:19:38.619,0.70359,0.7034600000000001,1.5,2.06
16.08.2021 00:19:42.328,0.7036,0.70347,1,3
16.08.2021 00:19:42.429,0.7036100000000001,0.70349,1,1.25
16.08.2021 00:19:42.530,0.7036100000000001,0.7035,1,1
16.08.2021 00:19:42.631,0.7036100000000001,0.70349,1,1
16.08.2021 00:19:43.694,0.7036300000000001,0.7035,1.5,1
16.08.2021 00:19:50.252,0.7036300000000001,0.7035,1,5.81
16.08.2021 00:19:54.107,0.70364,0.7035100000000001,1.5,1.12
16.08.2021 00:19:55.594,0.7036300000000001,0.7035,1,2.81
16.08.2021 00:19:55.746,0.70362,0.7035,1,1
16.08.2021 00:19:58.100,0.7036100000000001,0.70349,1,2.44
16.08.2021 00:19:58.843,0.7036300000000001,0.7035,1,4.06
16.08.2021 00:20:02.864,0.70362,0.7035100000000001,1,3.56
16.08.2021 00:20:06.501,0.70362,0.7035,1,1.25
16.08.2021 00:20:06.602,0.70362,0.70349,1,3.56
16.08.2021 00:20:09.897,0.7036100000000001,0.70349,1,1.69
16.08.2021 00:20:09.998,0.7036100000000001,0.7035,1,1.69
16.08.2021 00:20:21.026,0.7036300000000001,0.7035,1,1
16.08.2021 00:20:35.395,0.70362,0.7035399999999999,1,1
16.08.2021 00:20:38.109,0.7036300000000001,0.7035,1,1.25
16.08.2021 00:20:46.025,0.70364,0.7035100000000001,2.25,1
16.08.2021 00:21:20.186,0.7036100000000001,0.70349,1,1.31
16.08.2021 00:21:25.197,0.70362,0.70349,1,1.25
16.08.2021 00:21:33.106,0.7036300000000001,0.7035,1.69,1
16.08.2021 00:21:38.212,0.7036300000000001,0.7035300000000001,1.5,1
16.08.2021 00:21:40.661,0.70362,0.7035100000000001,1,1.69
16.08.2021 00:21:41.686,0.7036300000000001,0.7035100000000001,1.69,1.69
16.08.2021 00:21:44.639,0.7036300000000001,0.7035,1,1.69
16.08.2021 00:21:58.124,0.70364,0.7035100000000001,1,1.31
16.08.2021 00:21:58.403,0.70365,0.70352,1.5,1
16.08.2021 00:21:58.505,0.70365,0.7035399999999999,1,1.69
16.08.2021 00:22:02.201,0.70365,0.70352,1,1.87
16.08.2021 00:22:02.303,0.7036600000000001,0.7035300000000001,1,1.25
16.08.2021 00:22:02.556,0.70367,0.7035399999999999,1.5,1
16.08.2021 00:22:07.809,0.7036600000000001,0.7035300000000001,1,1.69
16.08.2021 00:22:15.101,0.7036600000000001,0.7035300000000001,1,1.75
16.08.2021 00:22:15.203,0.7036600000000001,0.70355,1,1.25
16.08.2021 00:22:16.592,0.70367,0.7035600000000001,1.5,1
16.08.2021 00:22:25.810,0.7036800000000001,0.7035600000000001,2.25,1
16.08.2021 00:22:35.379,0.70369,0.7035600000000001,1,1
16.08.2021 00:22:37.441,0.70369,0.70359,1,1
16.08.2021 00:22:37.492,0.70369,0.7035600000000001,1,1
16.08.2021 00:22:46.540,0.7036800000000001,0.70355,1,1.87
16.08.2021 00:22:46.641,0.70369,0.7035600000000001,1,1
16.08.2021 00:23:06.465,0.7036800000000001,0.70355,1,1
16.08.2021 00:23:06.567,0.70367,0.7035399999999999,1.5,2.25
16.08.2021 00:23:25.347,0.7036800000000001,0.70355,1,1
16.08.2021 00:23:32.374,0.7037,0.7035800000000001,1,1.25
16.08.2021 00:23:32.475,0.7037100000000001,0.7035800000000001,1.12,3.19
16.08.2021 00:23:34.202,0.70369,0.7035600000000001,3,3.56
16.08.2021 00:23:37.154,0.7036800000000001,0.7035600000000001,1,1.31
16.08.2021 00:23:44.522,0.7036800000000001,0.70355,1.69,1.12
16.08.2021 00:23:44.624,0.70367,0.7035399999999999,1.25,1.62
16.08.2021 00:23:44.725,0.7036800000000001,0.70355,1.5,1
16.08.2021 00:23:56.578,0.7036800000000001,0.70357,1,1
16.08.2021 00:23:56.780,0.7036800000000001,0.70355,1,4.5
16.08.2021 00:24:00.107,0.7036800000000001,0.70357,1,1.25
16.08.2021 00:24:01.279,0.70367,0.7035600000000001,1,2.44
16.08.2021 00:24:05.096,0.70367,0.7035399999999999,1,2.06
16.08.2021 00:24:09.120,0.70367,0.7035600000000001,1,1
16.08.2021 00:24:11.519,0.70369,0.7035600000000001,1,1
16.08.2021 00:24:13.661,0.7037,0.70357,1.5,1
16.08.2021 00:24:16.011,0.70369,0.7035600000000001,1,2.44
16.08.2021 00:24:20.702,0.7036800000000001,0.7035600000000001,1,1.25
16.08.2021 00:24:39.109,0.70369,0.7035600000000001,1.5,1.69
16.08.2021 00:24:40.376,0.70367,0.70355,1,2.25
16.08.2021 00:24:40.812,0.70367,0.7035399999999999,1,1.5
16.08.2021 00:24:40.913,0.70367,0.70355,1,1.5
16.08.2021 00:24:41.064,0.7036600000000001,0.7035399999999999,1,1
16.08.2021 00:24:41.165,0.70367,0.70355,1,1
16.08.2021 00:24:47.043,0.70365,0.70355,1,1
16.08.2021 00:24:47.145,0.7036600000000001,0.7035300000000001,1,1.87
16.08.2021 00:24:59.222,0.70365,0.7035300000000001,1,1.5
16.08.2021 00:24:59.635,0.7036600000000001,0.7035399999999999,1,2.5
16.08.2021 00:24:59.736,0.7036600000000001,0.7035399999999999,1,1.69
16.08.2021 00:25:00.151,0.70365,0.7035300000000001,1,3.56
16.08.2021 00:25:00.252,0.70365,0.7035399999999999,1,1
16.08.2021 00:25:00.353,0.70365,0.7035300000000001,1,2.44
16.08.2021 00:25:03.165,0.70365,0.70352,1,1.87
16.08.2021 00:25:03.368,0.70364,0.70352,1,1.87
16.08.2021 00:25:03.570,0.7036100000000001,0.70349,1,4.31
16.08.2021 00:25:03.673,0.7035800000000001,0.7034800000000001,1,2.19
16.08.2021 00:25:03.824,0.70359,0.70347,1,2.06
16.08.2021 00:25:09.051,0.7036,0.7034800000000001,1,1.69
16.08.2021 00:25:10.522,0.70357,0.70347,1,1.87
16.08.2021 00:25:11.847,0.70357,0.7034600000000001,1,1.5
16.08.2021 00:25:14.777,0.70357,0.70344,1,3
16.08.2021 00:25:15.625,0.70357,0.70345,1,1
16.08.2021 00:25:21.749,0.7035800000000001,0.70345,1,1.5
16.08.2021 00:25:27.654,0.70357,0.7034600000000001,1,2.75
16.08.2021 00:25:27.755,0.7035800000000001,0.70345,1,2.25
16.08.2021 00:25:30.612,0.70357,0.70345,1,3.56
16.08.2021 00:25:39.247,0.7035600000000001,0.7034600000000001,1,2.75
16.08.2021 00:25:40.897,0.7035600000000001,0.7034600000000001,1,2.25
16.08.2021 00:25:47.726,0.70357,0.70344,1,3.37
16.08.2021 00:25:53.785,0.7035399999999999,0.70345,1,1.12
16.08.2021 00:25:53.987,0.70359,0.7035,1,1
16.08.2021 00:25:54.089,0.7036100000000001,0.7035300000000001,1.5,1.5
16.08.2021 00:25:54.190,0.7036800000000001,0.7035800000000001,1.5,1
16.08.2021 00:25:54.241,0.7037,0.70359,2.25,1
16.08.2021 00:25:54.291,0.7036800000000001,0.7036,1,1
16.08.2021 00:25:54.392,0.70367,0.7035600000000001,1,1.87
16.08.2021 00:25:54.443,0.70367,0.7035800000000001,1,1
16.08.2021 00:25:54.595,0.70367,0.70355,1,1.5
16.08.2021 00:25:54.847,0.7036600000000001,0.7035399999999999,1.5,1
16.08.2021 00:25:57.979,0.70365,0.7035300000000001,1,1.5
16.08.2021 00:25:58.455,0.70367,0.70355,1,2.75
16.08.2021 00:25:58.658,0.7036800000000001,0.70357,1,1
16.08.2021 00:25:59.089,0.7037,0.7035800000000001,1,1
16.08.2021 00:25:59.345,0.7036800000000001,0.70357,1,1
16.08.2021 00:26:00.102,0.7036800000000001,0.7035600000000001,1.5,1
16.08.2021 00:26:01.756,0.7036600000000001,0.7035399999999999,1,3.37
16.08.2021 00:26:02.249,0.70367,0.70355,1,2.75
16.08.2021 00:26:03.291,0.7036800000000001,0.70357,1,1
16.08.2021 00:26:03.392,0.7037,0.7035800000000001,1.5,1
16.08.2021 00:26:03.594,0.7036800000000001,0.70357,1,1.12
16.08.2021 00:26:03.796,0.7036800000000001,0.7035600000000001,1,1.5
16.08.2021 00:26:03.940,0.70367,0.70355,1,1.5
16.08.2021 00:26:05.977,0.70369,0.70357,2.44,1
16.08.2021 00:26:07.694,0.70367,0.7035600000000001,1.25,1
16.08.2021 00:26:07.795,0.70367,0.7035600000000001,1,1
16.08.2021 00:26:07.897,0.7036800000000001,0.7035600000000001,2.44,1
16.08.2021 00:26:14.747,0.7036800000000001,0.70357,1,1
16.08.2021 00:26:14.848,0.70367,0.70357,1,1
16.08.2021 00:26:18.106,0.70367,0.7035600000000001,1,1
16.08.2021 00:26:24.648,0.7036600000000001,0.7035600000000001,1.5,1.12
16.08.2021 00:26:24.749,0.70365,0.7035600000000001,1,1.12
16.08.2021 00:26:25.845,0.70365,0.70355,1,1
16.08.2021 00:26:29.743,0.70365,0.7035300000000001,1.5,1
16.08.2021 00:26:40.624,0.7036600000000001,0.7035399999999999,1.5,1
16.08.2021 00:26:40.726,0.70365,0.7035399999999999,1,1
16.08.2021 00:26:41.037,0.7036600000000001,0.7035399999999999,1.5,3.19
16.08.2021 00:26:41.088,0.7036600000000001,0.70355,1.5,2.19
16.08.2021 00:26:41.312,0.7036600000000001,0.7035399999999999,1,4.31
16.08.2021 00:26:42.409,0.7036600000000001,0.70355,1,2
16.08.2021 00:26:45.001,0.70367,0.70355,1,3.5
16.08.2021 00:26:47.264,0.70367,0.70357,1.5,1.12
16.08.2021 00:26:48.073,0.70367,0.7035600000000001,1,1
16.08.2021 00:26:50.662,0.70367,0.70357,1.5,1.12
16.08.2021 00:27:15.386,0.7036600000000001,0.70357,1,1.5
16.08.2021 00:27:18.659,0.7036600000000001,0.7035600000000001,1.5,1.5
16.08.2021 00:27:22.039,0.70367,0.70355,1.5,3.69
16.08.2021 00:27:22.759,0.70367,0.70357,1,1
16.08.2021 00:27:25.330,0.7036800000000001,0.70357,1,1
16.08.2021 00:27:28.761,0.7036800000000001,0.7035600000000001,1.5,1.87
16.08.2021 00:27:33.152,0.70367,0.7035800000000001,1,1
16.08.2021 00:27:37.306,0.70367,0.70357,1.5,1.87
16.08.2021 00:27:58.037,0.70367,0.70355,1.25,1.12
16.08.2021 00:28:04.625,0.70367,0.70357,1.5,1
16.08.2021 00:28:04.726,0.7036800000000001,0.70357,1,1
16.08.2021 00:28:04.839,0.70369,0.70357,1,1
16.08.2021 00:28:05.836,0.7037,0.7035800000000001,1,1
16.08.2021 00:28:06.579,0.70369,0.7035800000000001,1,1
16.08.2021 00:28:32.324,0.7037,0.7035800000000001,1.5,1
16.08.2021 00:28:32.426,0.70369,0.70357,1,2.62
16.08.2021 00:28:40.055,0.7037,0.7035800000000001,1.5,1
16.08.2021 00:28:47.451,0.7037,0.70357,1.5,1.87
16.08.2021 00:29:04.186,0.70369,0.70357,1,1.87
16.08.2021 00:29:06.447,0.7036800000000001,0.7035600000000001,1,1.5
16.08.2021 00:29:06.649,0.7036800000000001,0.70355,1,1.87
16.08.2021 00:29:14.976,0.7036800000000001,0.7035600000000001,1.5,1
16.08.2021 00:29:15.077,0.70369,0.70357,1.5,1.12
16.08.2021 00:29:36.901,0.7036800000000001,0.70359,1,1
16.08.2021 00:29:37.002,0.7037,0.7035800000000001,1.69,1
16.08.2021 00:29:42.155,0.70369,0.70357,1,1.12
16.08.2021 00:29:47.606,0.7036800000000001,0.7035600000000001,1,2.75
16.08.2021 00:29:47.657,0.70367,0.70355,1,1.12
16.08.2021 00:29:47.759,0.70365,0.7035600000000001,1,1.12
16.08.2021 00:29:47.861,0.70367,0.70355,1.69,1
16.08.2021 00:29:48.145,0.7036600000000001,0.70355,1,1
16.08.2021 00:29:48.328,0.7036600000000001,0.7035399999999999,1.5,1
16.08.2021 00:29:48.480,0.70367,0.70355,2.44,1
16.08.2021 00:29:48.683,0.7036800000000001,0.7035600000000001,1.5,3.5
16.08.2021 00:29:57.445,0.7036800000000001,0.7035600000000001,1.5,1.12
16.08.2021 00:30:01.083,0.70367,0.70355,2.44,1
16.08.2021 00:30:01.185,0.7036600000000001,0.7035399999999999,1.5,1.12
16.08.2021 00:30:01.487,0.70364,0.7035399999999999,1,1
16.08.2021 00:30:07.747,0.70364,0.7035300000000001,1,1
16.08.2021 00:30:08.283,0.70365,0.7035300000000001,1.5,1
16.08.2021 00:30:09.570,0.70365,0.7035399999999999,1.5,1
16.08.2021 00:30:44.341,0.70365,0.7035600000000001,1,1
16.08.2021 00:30:44.392,0.7036600000000001,0.7035399999999999,1.69,1
16.08.2021 00:30:46.136,0.70367,0.7035600000000001,1.5,1
16.08.2021 00:30:46.838,0.7036600000000001,0.70355,1,1.12
16.08.2021 00:30:55.353,0.70365,0.7035399999999999,1,1
16.08.2021 00:30:55.455,0.70365,0.7035300000000001,1.5,1
16.08.2021 00:30:55.821,0.70362,0.7035300000000001,1,3.19
16.08.2021 00:31:01.270,0.70364,0.7035300000000001,1,1.5
16.08.2021 00:31:02.821,0.70364,0.70352,1,3
16.08.2021 00:31:03.726,0.70364,0.7035300000000001,1.5,1
16.08.2021 00:31:05.975,0.70364,0.70352,1.5,1.87
16.08.2021 00:31:08.169,0.70364,0.7035300000000001,1.5,1
16.08.2021 00:31:32.518,0.70364,0.70352,2.25,1.5
16.08.2021 00:31:35.484,0.7036100000000001,0.7035,1,1.87
16.08.2021 00:31:35.585,0.70362,0.7035,1,1.12
16.08.2021 00:31:41.255,0.7036100000000001,0.7035,1,1.5
16.08.2021 00:31:45.607,0.70362,0.7035100000000001,1,1
16.08.2021 00:31:45.708,0.7036300000000001,0.70352,1,1.12
16.08.2021 00:31:52.678,0.70364,0.70352,1.69,1.12
16.08.2021 00:31:55.152,0.7036300000000001,0.70352,1,1
16.08.2021 00:31:56.275,0.7036300000000001,0.7035100000000001,1.25,1.5
16.08.2021 00:31:56.578,0.70362,0.7035100000000001,1,1
16.08.2021 00:31:56.679,0.7036100000000001,0.7035,1,1.87
16.08.2021 00:32:00.936,0.70362,0.7035100000000001,1,1.5
16.08.2021 00:32:01.919,0.70362,0.7035100000000001,1,2.25
16.08.2021 00:32:03.205,0.7036300000000001,0.70352,1,1.5
16.08.2021 00:32:04.206,0.7036100000000001,0.7035300000000001,1,1
16.08.2021 00:32:04.307,0.7036100000000001,0.7035100000000001,1,1
16.08.2021 00:32:04.488,0.7036100000000001,0.7035,1,1
16.08.2021 00:32:08.159,0.70362,0.7035100000000001,1,1.5
16.08.2021 00:32:15.616,0.70364,0.70352,1.69,1
16.08.2021 00:32:16.994,0.70364,0.7035300000000001,1.5,1
16.08.2021 00:32:22.679,0.7036300000000001,0.70352,1.25,1
16.08.2021 00:32:22.831,0.70364,0.7035300000000001,1,1
16.08.2021 00:32:24.676,0.70364,0.70355,1,1.5
16.08.2021 00:32:24.778,0.7036600000000001,0.70355,1,1.5
16.08.2021 00:32:26.824,0.70367,0.7035600000000001,1,1
16.08.2021 00:32:34.945,0.7036600000000001,0.70355,1,1
16.08.2021 00:32:35.046,0.7036600000000001,0.7035399999999999,1,5.06
16.08.2021 00:32:35.458,0.7036600000000001,0.70355,1,1
16.08.2021 00:32:41.288,0.70365,0.7035399999999999,1,1
16.08.2021 00:32:41.389,0.70364,0.7035300000000001,1,1.12
16.08.2021 00:32:56.311,0.7036300000000001,0.70355,1,1
16.08.2021 00:32:56.456,0.70364,0.70355,1,1
16.08.2021 00:33:00.170,0.7036600000000001,0.70355,1,1
16.08.2021 00:33:07.941,0.70365,0.70355,1,1.12
16.08.2021 00:33:08.442,0.70365,0.7035300000000001,1,1
16.08.2021 00:33:08.644,0.70364,0.70352,1,1.12
16.08.2021 00:33:08.796,0.70364,0.7035300000000001,1,1
16.08.2021 00:33:08.949,0.7036300000000001,0.7035300000000001,1,1
16.08.2021 00:33:11.447,0.7036300000000001,0.7035399999999999,1,1
16.08.2021 00:33:14.790,0.70365,0.7035300000000001,1,1
16.08.2021 00:33:22.597,0.70365,0.7035399999999999,1,1
16.08.2021 00:33:56.459,0.70365,0.7035600000000001,1,1
16.08.2021 00:34:02.052,0.70365,0.70355,1,1
16.08.2021 00:34:20.911,0.70365,0.7035399999999999,1.5,1
16.08.2021 00:34:31.330,0.70365,0.7035300000000001,1.5,1
16.08.2021 00:34:39.327,0.70364,0.7035300000000001,1.5,1
16.08.2021 00:34:39.625,0.70362,0.7035100000000001,1,1
16.08.2021 00:34:41.405,0.70364,0.7035300000000001,1.5,1
16.08.2021 00:34:45.926,0.70364,0.7035399999999999,1,1
16.08.2021 00:34:48.157,0.7036300000000001,0.7035300000000001,1,1
16.08.2021 00:34:48.259,0.7036300000000001,0.70352,1.5,1
16.08.2021 00:34:48.411,0.70362,0.70352,1,1
16.08.2021 00:34:49.606,0.70362,0.7035399999999999,1,1
16.08.2021 00:34:49.658,0.70365,0.7035399999999999,1.5,1
16.08.2021 00:34:52.442,0.70365,0.7035300000000001,1.5,1
16.08.2021 00:34:55.417,0.70364,0.7035300000000001,1,1
16.08.2021 00:35:31.154,0.7036100000000001,0.70352,1,1.12
16.08.2021 00:35:47.575,0.70362,0.70352,1,1.12
16.08.2021 00:35:52.406,0.70362,0.7035300000000001,1,1.12
16.08.2021 00:35:56.499,0.70362,0.70352,1,1.5
16.08.2021 00:36:02.694,0.70362,0.7035,1,5
16.08.2021 00:36:06.261,0.7036,0.7035,1,1.69
16.08.2021 00:36:10.835,0.70359,0.7035,1,2.81
16.08.2021 00:36:11.881,0.70357,0.70349,1,4.44
16.08.2021 00:36:15.074,0.7035800000000001,0.7035,1,1
16.08.2021 00:36:15.124,0.7036100000000001,0.7035100000000001,1,1.62
16.08.2021 00:36:19.993,0.7036,0.70352,1,1.12
16.08.2021 00:36:22.863,0.7035800000000001,0.70349,1,1.12
16.08.2021 00:36:26.306,0.70359,0.70349,1,3.5
16.08.2021 00:36:26.474,0.70359,0.70349,1,1
16.08.2021 00:36:31.355,0.7035800000000001,0.70349,1,1
16.08.2021 00:36:34.901,0.70357,0.70347,1,3.75
16.08.2021 00:36:45.369,0.7035800000000001,0.7035,1,1
16.08.2021 00:36:45.738,0.70357,0.7034800000000001,1,3.94
16.08.2021 00:36:49.438,0.7035800000000001,0.70347,1,4.06
16.08.2021 00:37:09.975,0.7036,0.7035,1,3.69
16.08.2021 00:37:10.025,0.7036,0.70349,1,1.12
16.08.2021 00:37:10.523,0.7036100000000001,0.7035,1,2.25
16.08.2021 00:37:10.625,0.7036,0.70349,1,5.19
16.08.2021 00:37:12.214,0.7036,0.70349,1,2.62
16.08.2021 00:37:12.315,0.70359,0.70349,1,1.12
16.08.2021 00:37:13.494,0.7035800000000001,0.70349,1,1.12
16.08.2021 00:37:22.888,0.70359,0.70352,1,2
16.08.2021 00:37:22.989,0.7036100000000001,0.7035100000000001,1,2
16.08.2021 00:37:23.090,0.7036100000000001,0.7035100000000001,1,1.12
16.08.2021 00:37:23.267,0.7036,0.7035,1,1.75
16.08.2021 00:37:24.798,0.70359,0.70349,1,1.5
16.08.2021 00:37:24.849,0.7035800000000001,0.70349,1,1
16.08.2021 00:37:24.950,0.7035800000000001,0.7034800000000001,1,1.87
16.08.2021 00:37:31.244,0.70357,0.7034800000000001,1,1
16.08.2021 00:37:38.277,0.7035800000000001,0.7034800000000001,1,1
16.08.2021 00:37:48.734,0.70359,0.70349,1,1.87
16.08.2021 00:37:59.460,0.7035800000000001,0.7034800000000001,1,2.06
16.08.2021 00:37:59.583,0.7035800000000001,0.70349,1,1
16.08.2021 00:38:08.519,0.7035800000000001,0.7034800000000001,1,1.87
16.08.2021 00:38:34.250,0.7036,0.7035,1,1.5
16.08.2021 00:38:40.318,0.7035800000000001,0.70349,1,1.12
16.08.2021 00:38:59.561,0.7035800000000001,0.7034800000000001,1,1.12
16.08.2021 00:39:17.996,0.7035800000000001,0.70349,1,1
16.08.2021 00:39:18.047,0.7036100000000001,0.7035,1,2.25
16.08.2021 00:39:18.098,0.70359,0.7034800000000001,1,2
16.08.2021 00:39:18.204,0.70359,0.7034800000000001,1,1.5
16.08.2021 00:39:18.319,0.7035800000000001,0.7034800000000001,1,1
16.08.2021 00:39:19.500,0.7035800000000001,0.70347,1,2.62
16.08.2021 00:39:25.000,0.7035800000000001,0.7034800000000001,1,1
16.08.2021 00:39:25.120,0.7035800000000001,0.7035,1,1
16.08.2021 00:39:25.171,0.70359,0.7035100000000001,1,1.5
16.08.2021 00:39:25.272,0.70359,0.70349,1,1
16.08.2021 00:39:25.373,0.7035800000000001,0.70349,1,1.87
16.08.2021 00:39:38.514,0.7035800000000001,0.7034800000000001,1,1.12
16.08.2021 00:39:47.037,0.7035800000000001,0.70347,1,1.5
16.08.2021 00:39:54.750,0.70359,0.70347,1,1.87
16.08.2021 00:40:05.464,0.7035800000000001,0.70347,1,1.12
16.08.2021 00:40:09.946,0.7035800000000001,0.70347,1,1.62
16.08.2021 00:40:10.088,0.70359,0.70347,1,3.87
16.08.2021 00:41:06.982,0.7035800000000001,0.7034800000000001,1,1
16.08.2021 00:41:10.079,0.7036,0.7035,1,1
16.08.2021 00:41:10.385,0.7036100000000001,0.7035,1,3.75
16.08.2021 00:41:16.625,0.7036100000000001,0.7035100000000001,1,4.87
16.08.2021 00:41:17.465,0.70362,0.7035,1,5
16.08.2021 00:41:17.516,0.70365,0.7035300000000001,1,1.25
16.08.2021 00:41:17.617,0.70364,0.70352,1,3
16.08.2021 00:41:17.718,0.7036300000000001,0.7035300000000001,1,3.87
16.08.2021 00:41:21.584,0.70365,0.70352,1,3.87
16.08.2021 00:41:27.122,0.70364,0.70352,1,2.37
16.08.2021 00:41:30.269,0.70364,0.70352,1,1.5
16.08.2021 00:41:58.239,0.70364,0.7035399999999999,1,1
16.08.2021 00:41:58.341,0.7036600000000001,0.7035600000000001,1,2
16.08.2021 00:41:58.442,0.70367,0.7035600000000001,1,2.75
16.08.2021 00:41:58.543,0.70367,0.7035600000000001,1,1.5
16.08.2021 00:41:58.924,0.7036600000000001,0.7035600000000001,1,1.5
16.08.2021 00:42:00.597,0.70365,0.70357,1,2.75
16.08.2021 00:42:30.205,0.70367,0.7035600000000001,1,2.37
16.08.2021 00:42:32.400,0.7036800000000001,0.7035600000000001,1,4.06
16.08.2021 00:42:36.128,0.70367,0.7035600000000001,1,3.31
16.08.2021 00:42:45.106,0.70367,0.70357,1,4.06
16.08.2021 00:42:49.660,0.7036800000000001,0.70357,1,2.37
16.08.2021 00:42:49.762,0.7036800000000001,0.70357,1,1.12
16.08.2021 00:42:52.494,0.7036800000000001,0.70359,1,1
16.08.2021 00:42:52.544,0.70369,0.7035600000000001,1.5,5.06
16.08.2021 00:42:52.595,0.70367,0.7035600000000001,1,4.31
16.08.2021 00:42:53.381,0.70367,0.70355,1,3.75
16.08.2021 00:42:56.494,0.7036600000000001,0.70355,1,5.81
16.08.2021 00:42:59.715,0.7036600000000001,0.70357,1,2
16.08.2021 00:42:59.951,0.70367,0.70355,1,4.31
16.08.2021 00:43:03.655,0.70367,0.7035600000000001,1,1
16.08.2021 00:43:03.765,0.70367,0.7035600000000001,1,2
16.08.2021 00:43:05.177,0.7036600000000001,0.7035600000000001,1,2.94
16.08.2021 00:43:06.419,0.70367,0.7035600000000001,1,3.12
16.08.2021 00:43:07.612,0.7036800000000001,0.70357,1,2.62
16.08.2021 00:43:07.713,0.70369,0.70357,1,3.56
16.08.2021 00:43:07.814,0.7036800000000001,0.70357,1,2.81
16.08.2021 00:43:09.706,0.7036800000000001,0.7035800000000001,1,1
16.08.2021 00:43:14.067,0.7036800000000001,0.7035600000000001,1,5.56
16.08.2021 00:43:37.679,0.70369,0.7035800000000001,1.5,1
16.08.2021 00:43:37.780,0.70369,0.70357,1.5,1.31
16.08.2021 00:43:56.179,0.7036800000000001,0.70359,1,1.5
16.08.2021 00:43:56.330,0.70369,0.70357,1,1.87
16.08.2021 00:44:07.054,0.7036800000000001,0.70357,1,2.62
16.08.2021 00:44:09.601,0.70369,0.70359,1,4
16.08.2021 00:44:10.309,0.7037,0.7036,1.5,1.69
16.08.2021 00:44:12.630,0.7037100000000001,0.70359,1.5,4
16.08.2021 00:44:12.734,0.7037100000000001,0.7036100000000001,1.5,2.44
16.08.2021 00:44:15.159,0.70372,0.7036100000000001,1,2
16.08.2021 00:44:16.545,0.7037100000000001,0.7036100000000001,1,8.06
16.08.2021 00:44:17.287,0.70369,0.7036100000000001,1,1
16.08.2021 00:44:17.388,0.7037,0.70359,1,3.37
16.08.2021 00:44:17.489,0.7037100000000001,0.7036,1,3.19
16.08.2021 00:44:23.166,0.70372,0.7036,1,3.56
16.08.2021 00:45:08.971,0.7037100000000001,0.70362,1,1.25
16.08.2021 00:45:09.073,0.7037100000000001,0.7036100000000001,1,3.56
16.08.2021 00:45:12.488,0.70372,0.7036100000000001,1,1
16.08.2021 00:45:18.456,0.7037100000000001,0.7036,1,1.87
16.08.2021 00:45:18.557,0.7037100000000001,0.7036100000000001,1,1.25
16.08.2021 00:45:25.640,0.7037100000000001,0.70362,1,1.69
16.08.2021 00:45:58.404,0.7037100000000001,0.7036100000000001,1,2.06
16.08.2021 00:45:59.626,0.7037100000000001,0.7036100000000001,1,4.06
16.08.2021 00:45:59.765,0.7037,0.70362,1,3.56
16.08.2021 00:46:01.085,0.7037,0.7036100000000001,1,1.25
16.08.2021 00:46:01.187,0.7037100000000001,0.7036100000000001,1,1.25
16.08.2021 00:46:03.514,0.7037100000000001,0.7036100000000001,1,3.69
16.08.2021 00:46:03.615,0.7037100000000001,0.7036100000000001,1,3.19
16.08.2021 00:46:32.545,0.7037,0.7036,1,1.75
16.08.2021 00:46:32.646,0.70369,0.7036,1,1
16.08.2021 00:46:33.704,0.70367,0.70359,1,1
16.08.2021 00:46:33.755,0.70369,0.7035800000000001,1,1
16.08.2021 00:46:33.856,0.70367,0.70357,1,1.69
16.08.2021 00:46:34.245,0.70369,0.70357,1,1.69
16.08.2021 00:46:34.346,0.7036600000000001,0.7035800000000001,1,1.69
16.08.2021 00:47:01.830,0.70364,0.7035399999999999,1,3.37
16.08.2021 00:47:02.032,0.7036300000000001,0.7035300000000001,1,1.31
16.08.2021 00:47:02.184,0.70362,0.70352,1,4.81
16.08.2021 00:47:05.769,0.70362,0.70352,1,3.19
16.08.2021 00:47:08.196,0.7036300000000001,0.70352,1,4.69
16.08.2021 00:47:08.329,0.7036300000000001,0.7035300000000001,1,1
16.08.2021 00:47:12.159,0.7036300000000001,0.7035399999999999,1,1
16.08.2021 00:47:16.934,0.7036300000000001,0.70352,1,2.25
16.08.2021 00:47:18.153,0.7036300000000001,0.7035300000000001,1,1.25
16.08.2021 00:47:26.105,0.7036300000000001,0.7035300000000001,1,3.94
16.08.2021 00:47:26.362,0.70364,0.7035399999999999,1,1
16.08.2021 00:47:26.463,0.7036300000000001,0.7035300000000001,1,7.06
16.08.2021 00:47:26.916,0.70364,0.70352,1,3.94
16.08.2021 00:47:31.559,0.7036300000000001,0.70352,1,1.69
16.08.2021 00:47:34.886,0.7036100000000001,0.7035300000000001,1,1
16.08.2021 00:47:53.475,0.7036300000000001,0.70352,1,1.31
16.08.2021 00:47:55.133,0.7036300000000001,0.7035300000000001,1,1.69
16.08.2021 00:47:55.829,0.70364,0.7035300000000001,1,1
16.08.2021 00:47:56.261,0.70364,0.70352,1,2.81
16.08.2021 00:47:58.154,0.70364,0.7035300000000001,1,1
16.08.2021 00:48:03.678,0.70364,0.70352,1,3.94
16.08.2021 00:48:07.720,0.70364,0.7035399999999999,1,1
16.08.2021 00:48:07.956,0.7036300000000001,0.7035399999999999,1,2.81
16.08.2021 00:48:10.335,0.70365,0.7035300000000001,1,3.19
16.08.2021 00:48:15.106,0.70364,0.7035300000000001,1,2.81
16.08.2021 00:48:21.292,0.7036300000000001,0.70352,1,3.19
16.08.2021 00:48:35.708,0.70364,0.70352,1,3.19
16.08.2021 00:48:53.782,0.70365,0.7035399999999999,1,1.69
16.08.2021 00:48:53.884,0.70365,0.70355,1,1.25
16.08.2021 00:48:53.934,0.70367,0.70355,1,2.25
16.08.2021 00:48:54.035,0.7036800000000001,0.70357,1,1.12
16.08.2021 00:48:54.137,0.70369,0.7035800000000001,1,1
16.08.2021 00:49:01.928,0.70369,0.70357,1,2.44
16.08.2021 00:49:17.679,0.70369,0.70357,1,4.75
16.08.2021 00:49:17.780,0.70369,0.70357,1,2.44
16.08.2021 00:49:38.447,0.70367,0.70355,1,5.19
16.08.2021 00:49:38.549,0.7036600000000001,0.7035399999999999,1,2.94
16.08.2021 00:49:38.998,0.7036800000000001,0.7035600000000001,1,4.81
16.08.2021 00:49:39.200,0.70369,0.70357,1,1.31
16.08.2021 00:49:40.018,0.70369,0.70357,1,2.87
16.08.2021 00:49:41.668,0.7036800000000001,0.7035600000000001,1,4.87
16.08.2021 00:49:42.054,0.70369,0.70357,1,2.44
16.08.2021 00:49:49.309,0.70369,0.70359,1,1
16.08.2021 00:49:52.628,0.70369,0.70357,1,3.19
16.08.2021 00:50:14.545,0.70367,0.70357,1,1
16.08.2021 00:50:14.647,0.70365,0.70355,1,2.62
16.08.2021 00:50:14.849,0.70365,0.7035300000000001,1,1.12
16.08.2021 00:50:15.001,0.7036300000000001,0.70352,1,1.62
16.08.2021 00:50:15.153,0.7036300000000001,0.7035100000000001,1,4.81
16.08.2021 00:50:17.819,0.7036300000000001,0.7035399999999999,1,1
16.08.2021 00:50:17.870,0.70364,0.70352,1,3.56
16.08.2021 00:50:25.906,0.7036300000000001,0.7035100000000001,1,4.62
16.08.2021 00:50:29.465,0.70362,0.7035100000000001,1,3.87
16.08.2021 00:50:38.018,0.7036300000000001,0.7035100000000001,1,4.62
16.08.2021 00:50:48.466,0.70359,0.7035100000000001,1.25,1
16.08.2021 00:50:48.568,0.7036,0.70349,1,1.5
16.08.2021 00:50:48.670,0.7036100000000001,0.7035100000000001,1,2
16.08.2021 00:50:48.772,0.70362,0.70352,1,2.06
16.08.2021 00:51:04.683,0.70359,0.7035100000000001,1,2.25
16.08.2021 00:51:04.734,0.7035800000000001,0.70349,1,2.62
16.08.2021 00:51:04.886,0.7035800000000001,0.7034800000000001,1,1.87
16.08.2021 00:51:05.090,0.7035800000000001,0.70347,1,2.25
16.08.2021 00:51:05.463,0.7036100000000001,0.7035100000000001,1,1.5
16.08.2021 00:51:09.157,0.70362,0.7035,1,5.19
16.08.2021 00:51:09.310,0.70362,0.7035100000000001,1,2.37
16.08.2021 00:51:09.564,0.70364,0.70355,1,1
16.08.2021 00:51:09.615,0.7036300000000001,0.7035300000000001,1,5.25
16.08.2021 00:51:09.717,0.70362,0.7035300000000001,1,5.44
16.08.2021 00:51:09.819,0.70364,0.7035300000000001,1,3.62
16.08.2021 00:51:09.920,0.70365,0.7035399999999999,1,3.37
16.08.2021 00:51:10.073,0.70364,0.7035300000000001,1,2.56
16.08.2021 00:51:10.175,0.70365,0.7035399999999999,1,1.87
16.08.2021 00:51:15.269,0.70365,0.7035300000000001,1,4.69
16.08.2021 00:51:16.361,0.70365,0.7035399999999999,1,3.19
16.08.2021 00:51:16.463,0.70365,0.7035300000000001,1,4.31
16.08.2021 00:51:16.850,0.70367,0.70355,1,3.37
16.08.2021 00:51:17.748,0.70367,0.7035600000000001,1,1
16.08.2021 00:51:17.950,0.70367,0.70355,1,5.62
16.08.2021 00:51:22.486,0.7036600000000001,0.70357,1,2.94
16.08.2021 00:51:25.103,0.70367,0.7035600000000001,1,1.12
16.08.2021 00:51:27.049,0.7036600000000001,0.7035600000000001,1,1.12
16.08.2021 00:51:30.207,0.7036600000000001,0.70355,1,2.06
16.08.2021 00:51:30.806,0.70365,0.7035399999999999,1,1
16.08.2021 00:51:30.908,0.7036600000000001,0.7035399999999999,1,1
16.08.2021 00:51:31.405,0.7036600000000001,0.70355,1,1
16.08.2021 00:51:31.567,0.7036600000000001,0.7035399999999999,1,3.56
16.08.2021 00:51:32.581,0.70364,0.7035300000000001,1,1.87
16.08.2021 00:51:33.014,0.7036300000000001,0.70352,1,3.12
16.08.2021 00:51:33.262,0.7036300000000001,0.70352,1,3
16.08.2021 00:51:33.552,0.70362,0.7035,1,5.94
16.08.2021 00:51:38.769,0.7036100000000001,0.7035100000000001,1,6.12
16.08.2021 00:51:40.670,0.7036,0.7035100000000001,1,6.69
16.08.2021 00:51:45.044,0.7036100000000001,0.70352,1,2.37
16.08.2021 00:51:48.823,0.7036,0.7035100000000001,1,6.5
16.08.2021 00:51:52.455,0.70362,0.7035100000000001,1,1.5
16.08.2021 00:51:52.556,0.70362,0.7035100000000001,1,2.19
16.08.2021 00:51:52.708,0.70362,0.7035,1,5.81
16.08.2021 00:51:54.288,0.70362,0.7035,1,5.94
16.08.2021 00:51:54.856,0.70362,0.7035100000000001,1,3.56
16.08.2021 00:51:57.303,0.7036300000000001,0.70352,1,3.19
16.08.2021 00:51:57.405,0.70362,0.7035399999999999,1,1.5
16.08.2021 00:51:57.506,0.7036300000000001,0.70352,1,1.69
16.08.2021 00:51:58.649,0.70362,0.70352,1,1.12
16.08.2021 00:51:59.138,0.70362,0.7035,1,4.87
16.08.2021 00:51:59.189,0.70362,0.7035100000000001,1,2.75
16.08.2021 00:51:59.442,0.70362,0.7035100000000001,1,1.12
16.08.2021 00:51:59.543,0.70362,0.7035100000000001,1,3.12
16.08.2021 00:52:00.382,0.7036100000000001,0.7035100000000001,1,1.12
16.08.2021 00:52:01.130,0.7036100000000001,0.7035100000000001,1,3.12
16.08.2021 00:52:01.725,0.70362,0.70352,1,1.31
16.08.2021 00:52:01.981,0.70362,0.7035100000000001,1,1
16.08.2021 00:52:02.223,0.7036,0.70352,1,1
16.08.2021 00:52:03.213,0.70359,0.7035100000000001,1,2.62
16.08.2021 00:52:03.501,0.70359,0.7035,1,2.62
16.08.2021 00:52:15.843,0.7035800000000001,0.7034800000000001,1,2.81
16.08.2021 00:52:19.209,0.7035800000000001,0.70347,1,1
16.08.2021 00:52:48.490,0.7035600000000001,0.70347,1,1
16.08.2021 00:52:48.591,0.70355,0.70344,1,1.5
16.08.2021 00:52:48.642,0.7035399999999999,0.70344,1,1.87
16.08.2021 00:52:48.793,0.70355,0.7034600000000001,1,2.25
16.08.2021 00:52:48.895,0.70357,0.7034600000000001,1,3.12
16.08.2021 00:52:49.720,0.70355,0.70344,1,1.12
16.08.2021 00:52:49.821,0.7035300000000001,0.70344,1,1.5
16.08.2021 00:52:49.923,0.7035399999999999,0.70343,1,1
16.08.2021 00:52:54.136,0.7035300000000001,0.70343,1,2.25
16.08.2021 00:52:57.954,0.70352,0.70343,1,1.5
16.08.2021 00:53:06.932,0.7035600000000001,0.7034600000000001,1,2
16.08.2021 00:53:07.033,0.70357,0.7034600000000001,1,2.75
16.08.2021 00:53:11.388,0.7035600000000001,0.70345,1,1
16.08.2021 00:53:11.489,0.7035600000000001,0.70344,1,1.31
16.08.2021 00:53:11.641,0.70355,0.70343,1,3
16.08.2021 00:53:12.333,0.7035600000000001,0.70344,1,1.31
16.08.2021 00:53:12.788,0.70355,0.70344,1,1.31
16.08.2021 00:53:12.952,0.7035600000000001,0.70344,1,1.31
16.08.2021 00:53:13.053,0.70355,0.70344,1,1.12
16.08.2021 00:53:13.155,0.70355,0.70345,1,1.12
16.08.2021 00:53:13.862,0.70355,0.70344,1,1.12
16.08.2021 00:53:14.549,0.7035600000000001,0.70344,1,1.12
16.08.2021 00:53:14.751,0.70355,0.70344,1,1.12
16.08.2021 00:53:14.852,0.70355,0.70345,1,1
16.08.2021 00:53:15.003,0.70355,0.70344,1,1
16.08.2021 00:53:15.155,0.7035600000000001,0.70344,1,1.5
16.08.2021 00:53:15.306,0.70355,0.70344,1,1
16.08.2021 00:53:15.407,0.7035600000000001,0.70344,1,1.5
16.08.2021 00:53:15.508,0.7035399999999999,0.70345,1,1
16.08.2021 00:53:15.633,0.70355,0.70345,1,1
16.08.2021 00:53:16.154,0.70355,0.70344,1,1
16.08.2021 00:53:20.739,0.7035600000000001,0.70344,1,1.5
16.08.2021 00:53:20.891,0.7035600000000001,0.70345,1,1.5
16.08.2021 00:53:21.093,0.70355,0.70344,1,1
16.08.2021 00:53:21.454,0.7035600000000001,0.70344,1,1.5
16.08.2021 00:53:21.857,0.7035399999999999,0.70345,1,1
16.08.2021 00:53:21.958,0.7035600000000001,0.70344,1,1.5
16.08.2021 00:53:24.459,0.7035800000000001,0.7034600000000001,1,3
16.08.2021 00:53:24.802,0.70357,0.7034600000000001,1,1
16.08.2021 00:53:24.903,0.7035399999999999,0.70345,1,1
16.08.2021 00:53:27.462,0.70355,0.70343,1,1.87
16.08.2021 00:53:27.869,0.70355,0.70343,1,3.5
16.08.2021 00:53:33.426,0.7035600000000001,0.70345,1,2.75
16.08.2021 00:53:33.476,0.70355,0.70343,1,2.19
16.08.2021 00:53:33.628,0.70355,0.70343,1,2.81
16.08.2021 00:53:48.738,0.7035399999999999,0.70342,1,2.37
16.08.2021 00:53:51.425,0.7035399999999999,0.70342,1,3.75
16.08.2021 00:54:06.814,0.7035300000000001,0.70343,1,3.87
16.08.2021 00:54:08.946,0.7035399999999999,0.70342,1,1.5
16.08.2021 00:54:09.254,0.70355,0.70343,1,1
16.08.2021 00:54:17.018,0.70357,0.70345,1,3.12
16.08.2021 00:54:17.069,0.70357,0.70345,1,1.12
16.08.2021 00:54:19.570,0.7035800000000001,0.7034600000000001,1,1.5
16.08.2021 00:54:19.825,0.70357,0.70347,1,1
16.08.2021 00:54:20.957,0.7035600000000001,0.7034600000000001,1,1.12
16.08.2021 00:54:21.058,0.7035800000000001,0.70345,1,4.25
16.08.2021 00:54:21.159,0.7035800000000001,0.7034600000000001,1,1
16.08.2021 00:54:31.179,0.70357,0.70345,1,1.12
16.08.2021 00:54:31.394,0.7035600000000001,0.70344,1,1
16.08.2021 00:54:33.801,0.70355,0.70342,1,3.5
16.08.2021 00:54:34.508,0.7035399999999999,0.70343,1,1.5
16.08.2021 00:54:40.189,0.7035399999999999,0.70342,1,1.5
16.08.2021 00:54:42.481,0.7035300000000001,0.7034,1,3.5
16.08.2021 00:54:44.976,0.70352,0.70339,1,2
16.08.2021 00:54:45.178,0.70352,0.70339,1,5.44
16.08.2021 00:54:45.389,0.7035100000000001,0.7034100000000001,1,3
16.08.2021 00:54:47.380,0.7035300000000001,0.7034100000000001,1,3.5
16.08.2021 00:54:48.674,0.7035300000000001,0.7034100000000001,1,1.12
16.08.2021 00:54:49.186,0.70352,0.70339,1,2.06
16.08.2021 00:54:49.288,0.7035100000000001,0.70339,1,1.87
16.08.2021 00:54:51.639,0.70349,0.70337,1,1
16.08.2021 00:54:51.740,0.7034800000000001,0.70337,1,1
16.08.2021 00:54:51.841,0.7034800000000001,0.7033600000000001,1,1.62
16.08.2021 00:54:51.993,0.7034600000000001,0.70337,1,1.12
16.08.2021 00:54:52.094,0.70345,0.70337,1,1.12
16.08.2021 00:54:52.244,0.70345,0.70334,1,2.06
16.08.2021 00:54:52.446,0.70344,0.70334,1,1.12
16.08.2021 00:54:52.547,0.70345,0.70335,1,1.12
16.08.2021 00:54:52.648,0.7034600000000001,0.70334,1,2
16.08.2021 00:54:52.917,0.70344,0.70334,1,1.5
16.08.2021 00:54:53.018,0.7034600000000001,0.70334,1,1.5
16.08.2021 00:54:53.170,0.70344,0.70333,1,2.75
16.08.2021 00:54:53.423,0.70345,0.70334,1,3.5
16.08.2021 00:54:53.799,0.70344,0.70333,1,2.62
16.08.2021 00:54:54.959,0.70345,0.70333,1,1
16.08.2021 00:54:55.060,0.70343,0.70333,1,1
16.08.2021 00:54:55.263,0.70345,0.70333,1,1.12
16.08.2021 00:54:55.699,0.70342,0.70329,1.69,5
16.08.2021 00:54:55.800,0.70342,0.7033,1,3.37
16.08.2021 00:54:59.241,0.70338,0.70329,1.75,1.81
16.08.2021 00:54:59.292,0.7033600000000001,0.7032600000000001,1,2
16.08.2021 00:55:00.061,0.7033600000000001,0.70325,1,1
16.08.2021 00:55:00.189,0.70335,0.70323,1,1.69
16.08.2021 00:55:00.391,0.70335,0.70325,1,1
16.08.2021 00:55:00.493,0.70335,0.7032200000000001,1,6.25
16.08.2021 00:55:00.543,0.7033600000000001,0.70325,1,1
16.08.2021 00:55:00.644,0.70337,0.70325,1,1
16.08.2021 00:55:00.848,0.7033600000000001,0.70325,1,2.06
16.08.2021 00:55:00.949,0.70337,0.70325,1,1
16.08.2021 00:55:01.051,0.7033600000000001,0.70324,1,2.06
16.08.2021 00:55:01.673,0.70337,0.70324,1,1.5
16.08.2021 00:55:01.825,0.70337,0.70325,1,1
16.08.2021 00:55:03.118,0.70337,0.70324,1,1.87
16.08.2021 00:55:04.188,0.70335,0.70323,1,1.87
16.08.2021 00:55:12.048,0.70335,0.70324,1,4.12
16.08.2021 00:55:12.160,0.70334,0.70324,1,2.62
16.08.2021 00:55:14.188,0.7033600000000001,0.70323,1,2.62
16.08.2021 00:55:14.290,0.70335,0.70323,1,2.62
16.08.2021 00:55:14.448,0.7033600000000001,0.70323,1,4.12
16.08.2021 00:55:14.550,0.70335,0.70323,1,4.12
16.08.2021 00:55:15.902,0.7033600000000001,0.70323,1,4.25
16.08.2021 00:55:16.034,0.70335,0.70323,1,2
16.08.2021 00:55:16.139,0.70335,0.70323,1,1.5
16.08.2021 00:55:16.398,0.7033600000000001,0.70323,1,3.37
16.08.2021 00:55:22.437,0.70335,0.70323,1,1.5
16.08.2021 00:55:22.728,0.7033600000000001,0.70323,1,3
16.08.2021 00:55:23.083,0.7033600000000001,0.70324,1,1
16.08.2021 00:55:23.185,0.70337,0.70324,1,3.75
16.08.2021 00:55:23.286,0.70335,0.70325,1,1
16.08.2021 00:55:32.557,0.70335,0.70323,1,1
16.08.2021 00:55:38.757,0.70335,0.7032200000000001,1,3
16.08.2021 00:55:59.752,0.70335,0.70325,1,1
16.08.2021 00:56:04.375,0.70338,0.70328,1.69,1
16.08.2021 00:56:04.477,0.70338,0.70329,1,1
16.08.2021 00:56:08.285,0.70339,0.7032600000000001,2.44,1
16.08.2021 00:56:08.386,0.70338,0.70325,1,1
16.08.2021 00:56:08.537,0.70337,0.70325,1,1
16.08.2021 00:56:16.783,0.70335,0.70325,1,1
16.08.2021 00:56:20.045,0.7033600000000001,0.7032600000000001,1,1
16.08.2021 00:56:55.996,0.7033600000000001,0.70325,1.25,1
16.08.2021 00:56:56.896,0.7033600000000001,0.70324,1,1
16.08.2021 00:57:00.111,0.7033600000000001,0.70323,1.5,1
16.08.2021 00:57:01.108,0.7033600000000001,0.70324,1.5,1
16.08.2021 00:57:10.869,0.70338,0.70325,1.5,1
16.08.2021 00:57:21.106,0.70337,0.70324,1,1.12
16.08.2021 00:57:22.607,0.70337,0.7032600000000001,1.5,1
16.08.2021 00:57:39.926,0.70337,0.70324,1,1.5
16.08.2021 00:57:44.812,0.7033600000000001,0.70323,1,1.87
16.08.2021 00:57:45.292,0.70337,0.70324,1,1
16.08.2021 00:57:48.486,0.7033600000000001,0.70324,1,1
16.08.2021 00:57:49.911,0.7033600000000001,0.70325,1,1
16.08.2021 00:57:51.566,0.70337,0.70325,1,1
16.08.2021 00:57:52.021,0.7033600000000001,0.70325,1,1
16.08.2021 00:57:54.013,0.7033600000000001,0.70323,1,1
16.08.2021 00:58:09.228,0.70335,0.70323,1,1
16.08.2021 00:58:24.405,0.70335,0.7032200000000001,1,2.25
16.08.2021 00:59:00.299,0.70335,0.70323,1,1
16.08.2021 00:59:01.649,0.70335,0.70325,1,1
16.08.2021 00:59:01.700,0.70338,0.7032600000000001,1,1.5
16.08.2021 00:59:01.852,0.70339,0.7032700000000001,1.25,1
16.08.2021 00:59:05.083,0.70338,0.7032600000000001,1.69,1
16.08.2021 00:59:05.184,0.70337,0.70325,1,1
16.08.2021 00:59:12.895,0.70337,0.7032600000000001,1,1
16.08.2021 00:59:12.996,0.70339,0.7032600000000001,1.25,1.5
16.08.2021 00:59:13.099,0.70339,0.7032600000000001,1,1.75
16.08.2021 00:59:16.479,0.7034,0.7032700000000001,1,1.25
16.08.2021 00:59:16.580,0.7034100000000001,0.70328,1.87,1
16.08.2021 00:59:16.933,0.7034,0.7032700000000001,1,1.25
16.08.2021 00:59:25.427,0.7034,0.70328,1,1
16.08.2021 00:59:25.528,0.7034,0.7032700000000001,1,1.69
16.08.2021 00:59:25.680,0.7034,0.70328,1,1
16.08.2021 00:59:25.781,0.7034100000000001,0.70329,1,1
16.08.2021 00:59:26.184,0.70342,0.7033,1,1
16.08.2021 00:59:41.131,0.70342,0.70329,1,1
16.08.2021 00:59:51.139,0.70342,0.7033,1,1
16.08.2021 00:59:54.424,0.7034600000000001,0.70333,1.5,1.5
16.08.2021 00:59:54.525,0.7034800000000001,0.70335,1.5,1.5
16.08.2021 00:59:54.627,0.70347,0.7033600000000001,1,1.5
16.08.2021 01:00:00.202,0.70349,0.7033600000000001,1,2
16.08.2021 01:00:00.303,0.70349,0.7033600000000001,1,1
16.08.2021 01:00:01.748,0.7034800000000001,0.7033600000000001,1,1.12
16.08.2021 01:00:02.509,0.7034800000000001,0.70337,1,1.12
16.08.2021 01:00:04.483,0.7034800000000001,0.70335,1,2.25
16.08.2021 01:00:05.992,0.7034600000000001,0.70333,1,1.5
16.08.2021 01:00:07.084,0.7034600000000001,0.70335,1,1.87
16.08.2021 01:00:12.032,0.7034800000000001,0.70335,1,1.69
16.08.2021 01:00:12.133,0.70349,0.7033600000000001,1,1
16.08.2021 01:00:12.993,0.7035,0.70339,1.12,1.25
16.08.2021 01:00:13.044,0.70352,0.70339,1,1.25
16.08.2021 01:00:13.145,0.70352,0.70339,1,1.25
16.08.2021 01:00:14.053,0.70352,0.70339,1,1.25
16.08.2021 01:00:14.205,0.70352,0.7034,1,1.25
16.08.2021 01:00:18.149,0.7035300000000001,0.7034,1,1.69
16.08.2021 01:00:18.516,0.70355,0.70344,1,2.06
16.08.2021 01:00:24.106,0.70357,0.70344,1,1
16.08.2021 01:00:35.555,0.7035600000000001,0.70343,1,1.5
16.08.2021 01:00:35.656,0.70357,0.70344,1.5,1
16.08.2021 01:00:35.817,0.7035600000000001,0.70343,1,1.5
16.08.2021 01:00:38.056,0.70357,0.70344,1.5,1
16.08.2021 01:00:40.545,0.7035800000000001,0.70345,1.12,1
16.08.2021 01:00:52.207,0.7035800000000001,0.70344,1,1.5
16.08.2021 01:00:52.308,0.7035800000000001,0.70345,1,1
16.08.2021 01:00:52.866,0.7035800000000001,0.70344,1.5,1
16.08.2021 01:00:53.068,0.7035800000000001,0.70345,1.5,1
16.08.2021 01:00:54.359,0.70359,0.7034600000000001,1.5,1
16.08.2021 01:00:54.461,0.70359,0.70345,1.5,1
16.08.2021 01:01:06.969,0.7035800000000001,0.70345,1,1
16.08.2021 01:01:08.749,0.7035800000000001,0.70344,1.5,1
16.08.2021 01:01:23.860,0.7035600000000001,0.70343,1,2.62
16.08.2021 01:01:43.547,0.70355,0.70342,1,3.19
16.08.2021 01:01:45.759,0.70355,0.70343,1,3.19
16.08.2021 01:01:47.073,0.7035399999999999,0.70343,1,3.19
16.08.2021 01:02:01.214,0.70355,0.7034600000000001,1,1
16.08.2021 01:02:01.265,0.7035800000000001,0.7034600000000001,1,1.69
16.08.2021 01:02:01.366,0.70357,0.70347,1,2.5
16.08.2021 01:02:01.473,0.7035800000000001,0.7034600000000001,1,2.44
16.08.2021 01:02:01.625,0.70357,0.7034600000000001,1,2
16.08.2021 01:02:01.726,0.70357,0.7034600000000001,1,1.5
16.08.2021 01:02:02.569,0.7035600000000001,0.70345,1,2.06
16.08.2021 01:02:17.091,0.70357,0.70345,1,1.69
16.08.2021 01:02:23.537,0.7035800000000001,0.7034800000000001,1,1.12
16.08.2021 01:02:23.739,0.7035800000000001,0.70349,1,1
16.08.2021 01:02:27.881,0.7036,0.70349,1.5,1.5
16.08.2021 01:02:29.537,0.7035800000000001,0.7034600000000001,1,1
16.08.2021 01:02:30.493,0.70359,0.7034600000000001,1,2.25
16.08.2021 01:02:32.606,0.70359,0.70347,1,1.12
16.08.2021 01:02:33.571,0.7036,0.70347,1,1.87
16.08.2021 01:02:34.405,0.7036,0.70349,1.5,1
16.08.2021 01:02:35.517,0.7036,0.7035,1.25,1
16.08.2021 01:02:42.583,0.7036100000000001,0.7035,1,1
16.08.2021 01:02:53.514,0.7036300000000001,0.7035,2.62,1
16.08.2021 01:02:55.516,0.7036100000000001,0.7035100000000001,1,1
16.08.2021 01:02:58.162,0.7036300000000001,0.7035,2.62,1
16.08.2021 01:02:58.303,0.70362,0.7035,1,1
16.08.2021 01:03:00.005,0.7036300000000001,0.7035,1.87,1.5
16.08.2021 01:03:08.477,0.70362,0.7035,1,1
16.08.2021 01:03:21.691,0.7036300000000001,0.7035,1.5,2.25
16.08.2021 01:03:25.230,0.70364,0.70352,1.5,1.31
16.08.2021 01:03:25.598,0.70364,0.7035300000000001,1,3.19
16.08.2021 01:03:25.699,0.70367,0.70357,2,1
16.08.2021 01:03:25.803,0.7036800000000001,0.70355,1,1.69
16.08.2021 01:03:41.264,0.70369,0.70357,1,1.12
16.08.2021 01:03:41.365,0.70369,0.7035800000000001,1,1.12
16.08.2021 01:03:45.095,0.7037,0.70359,1,1.25
16.08.2021 01:03:58.781,0.7037100000000001,0.7036,1,1.69
16.08.2021 01:03:58.882,0.7037300000000001,0.7036,1.87,1
16.08.2021 01:04:02.090,0.70372,0.7036,1,1
16.08.2021 01:04:02.191,0.7037300000000001,0.7036,1.5,1
16.08.2021 01:04:08.324,0.70372,0.70362,1.5,1
16.08.2021 01:04:13.361,0.70375,0.70362,2.62,1
16.08.2021 01:04:16.012,0.70374,0.7036300000000001,1.5,1.25
16.08.2021 01:04:16.134,0.70374,0.7036300000000001,1,1.25
16.08.2021 01:04:17.805,0.70374,0.7036300000000001,1,1
16.08.2021 01:04:17.906,0.70375,0.7036300000000001,2.25,1
16.08.2021 01:04:19.119,0.70375,0.70362,1.5,1.25
16.08.2021 01:04:19.221,0.70375,0.7036300000000001,1.5,1
16.08.2021 01:04:34.036,0.70375,0.70362,1.5,1.25
16.08.2021 01:04:34.912,0.70374,0.70362,1,1.25
16.08.2021 01:04:41.255,0.7037100000000001,0.7036100000000001,1,1.75
16.08.2021 01:04:43.376,0.70372,0.7036,1,2.25
16.08.2021 01:04:43.477,0.7037100000000001,0.7036100000000001,1,3.25
16.08.2021 01:04:44.682,0.70372,0.70362,1,1.25
16.08.2021 01:04:49.086,0.70372,0.7036,1,1.5
16.08.2021 01:04:53.338,0.7037100000000001,0.7036,1,1.5
16.08.2021 01:04:53.439,0.7037100000000001,0.70359,1,1.69
16.08.2021 01:04:53.540,0.7037,0.7036,1,1
16.08.2021 01:04:53.590,0.7037,0.7035800000000001,1,1.69
16.08.2021 01:04:53.692,0.7037100000000001,0.7036,1,3.25
16.08.2021 01:04:54.326,0.7037100000000001,0.70359,1,3.25
16.08.2021 01:04:56.062,0.7037100000000001,0.70359,1,2.44
16.08.2021 01:04:58.831,0.7037,0.7035800000000001,1,2.62
16.08.2021 01:04:59.649,0.70369,0.7035800000000001,1,1.12
16.08.2021 01:04:59.859,0.70369,0.70357,1,2.62
16.08.2021 01:04:59.960,0.7036600000000001,0.7035600000000001,1.25,1.5
16.08.2021 01:05:00.061,0.7036600000000001,0.70355,1,1
16.08.2021 01:05:00.314,0.7036600000000001,0.7035399999999999,1.25,1
16.08.2021 01:05:00.420,0.7036600000000001,0.7035300000000001,1.25,1.87
16.08.2021 01:05:00.521,0.70364,0.7035399999999999,1,1.5
16.08.2021 01:05:01.400,0.7036300000000001,0.70352,1.25,1.5
16.08.2021 01:05:01.502,0.7036300000000001,0.7035100000000001,1,1
16.08.2021 01:05:01.625,0.7036100000000001,0.7035100000000001,1,2.25
16.08.2021 01:05:03.973,0.70362,0.70352,1.25,1
16.08.2021 01:05:04.175,0.7036300000000001,0.7035,1,1.5
16.08.2021 01:05:06.288,0.70364,0.7035100000000001,1.25,1
16.08.2021 01:05:10.121,0.70365,0.70352,1.75,1.5
16.08.2021 01:05:10.325,0.70362,0.7035,1.25,1
16.08.2021 01:05:10.427,0.7036100000000001,0.7035,1,1.5
16.08.2021 01:05:10.529,0.7036100000000001,0.70349,1,1.5
16.08.2021 01:05:15.680,0.70362,0.70349,1,1.5
16.08.2021 01:05:15.933,0.70364,0.7035100000000001,1,1
16.08.2021 01:05:16.195,0.70362,0.7035100000000001,1,1.5
16.08.2021 01:05:16.246,0.70364,0.7035100000000001,1,1.5
16.08.2021 01:05:17.052,0.7036300000000001,0.7035100000000001,1,1
16.08.2021 01:05:18.183,0.70364,0.7035100000000001,1,2
16.08.2021 01:05:24.695,0.70364,0.7035100000000001,1,2.25
16.08.2021 01:05:29.546,0.70364,0.7035100000000001,1,2.75
16.08.2021 01:05:33.085,0.70364,0.7035100000000001,1,2.25
16.08.2021 01:05:36.011,0.7036300000000001,0.7035,1.25,3
16.08.2021 01:05:36.114,0.70365,0.70355,1.12,1
16.08.2021 01:05:36.165,0.7036600000000001,0.7035300000000001,1.75,2.25
16.08.2021 01:05:36.266,0.7036600000000001,0.7035300000000001,1.25,3
16.08.2021 01:05:40.969,0.7036600000000001,0.7035399999999999,1.25,1
16.08.2021 01:05:55.998,0.70365,0.7035399999999999,1,1
16.08.2021 01:05:56.100,0.70365,0.7035300000000001,1.25,1.5
16.08.2021 01:05:56.201,0.7036600000000001,0.70355,1.25,1
16.08.2021 01:06:00.629,0.70367,0.70355,1.25,1
16.08.2021 01:06:01.075,0.7037,0.70359,1.25,1
16.08.2021 01:06:01.176,0.70369,0.7036,1.25,1
16.08.2021 01:06:11.469,0.70369,0.70359,1.25,1
16.08.2021 01:06:13.286,0.70369,0.7035800000000001,1.25,1
16.08.2021 01:06:14.101,0.7036800000000001,0.7035600000000001,1,1.5
16.08.2021 01:06:16.646,0.7036800000000001,0.70357,1,1
16.08.2021 01:06:16.799,0.7037,0.70359,1.25,1
16.08.2021 01:06:16.900,0.70372,0.7036,2.5,1
16.08.2021 01:06:17.001,0.70372,0.7036100000000001,2.5,1
16.08.2021 01:06:19.798,0.70369,0.7036100000000001,1.25,1
16.08.2021 01:06:19.899,0.7037,0.70359,1.25,1
16.08.2021 01:06:24.906,0.7037,0.70357,1.25,2.25
16.08.2021 01:06:36.609,0.70369,0.70357,1,1.5
16.08.2021 01:06:37.005,0.7037,0.7035800000000001,1,1
16.08.2021 01:06:39.637,0.7037,0.70359,1,1
16.08.2021 01:06:39.738,0.7037,0.7036,1,1.25
16.08.2021 01:06:39.840,0.7037,0.7035800000000001,1,2.81
16.08.2021 01:06:43.934,0.7037100000000001,0.70359,1,1
16.08.2021 01:06:44.485,0.7037,0.7035800000000001,1,1.69
16.08.2021 01:06:45.863,0.7037100000000001,0.70359,1,1.25
16.08.2021 01:06:45.914,0.7037300000000001,0.70362,6.19,1
16.08.2021 01:06:46.015,0.7037300000000001,0.7036100000000001,1,1
16.08.2021 01:06:46.355,0.70372,0.7036,1.12,1.5
16.08.2021 01:06:46.405,0.70375,0.7036300000000001,1.12,1.25
16.08.2021 01:06:46.557,0.70375,0.70362,1,2.44
16.08.2021 01:06:47.961,0.70375,0.70362,1,3.25
16.08.2021 01:06:49.437,0.70375,0.7036600000000001,1,1.25
16.08.2021 01:06:49.538,0.7038,0.7036800000000001,1.5,1.69
16.08.2021 01:06:49.639,0.70381,0.70369,1,1.5
16.08.2021 01:06:49.993,0.70381,0.7037,1,1
16.08.2021 01:06:50.537,0.7038,0.7036800000000001,1,1.69
16.08.2021 01:06:54.106,0.70379,0.70367,1,1.69
16.08.2021 01:06:55.203,0.70381,0.7036800000000001,1.5,1.69
16.08.2021 01:06:55.419,0.70381,0.7036800000000001,1.5,2.5
16.08.2021 01:07:01.399,0.70379,0.7036600000000001,1,1.69
16.08.2021 01:07:01.500,0.70379,0.70367,1,1
16.08.2021 01:07:01.847,0.70377,0.70367,1,1.75
16.08.2021 01:07:01.898,0.70377,0.70365,1,1.25
16.08.2021 01:07:01.999,0.70376,0.70364,1,2.5
16.08.2021 01:07:07.100,0.7037800000000001,0.7036600000000001,1,1.69
16.08.2021 01:07:07.303,0.70379,0.70367,1,1
16.08.2021 01:07:07.650,0.7038,0.7036800000000001,1,1
16.08.2021 01:07:11.992,0.70382,0.7037,1,1
16.08.2021 01:07:12.093,0.7038300000000001,0.7037100000000001,1.12,1
16.08.2021 01:07:12.194,0.70384,0.70372,1,1
16.08.2021 01:07:12.999,0.70384,0.7037300000000001,1.69,1
16.08.2021 01:07:13.718,0.7038300000000001,0.7037100000000001,1,1
16.08.2021 01:07:14.926,0.70382,0.7037,1,1.5
16.08.2021 01:07:16.135,0.70382,0.70369,1,1.69
16.08.2021 01:07:16.236,0.70381,0.70369,1,2.44
16.08.2021 01:07:18.157,0.7038,0.70369,1,1.69
16.08.2021 01:07:24.207,0.70382,0.7037100000000001,1,1.25
16.08.2021 01:07:24.521,0.70382,0.7037,1,1.69
16.08.2021 01:07:24.699,0.70382,0.70372,1,1
16.08.2021 01:07:24.800,0.7038500000000001,0.70375,1,1
16.08.2021 01:07:29.795,0.7038500000000001,0.7037300000000001,1,2.44
16.08.2021 01:07:29.846,0.7038300000000001,0.70372,1,2.5
16.08.2021 01:07:29.947,0.7038300000000001,0.7037100000000001,1,3.62
16.08.2021 01:07:31.020,0.7038300000000001,0.70372,1,1.25
16.08.2021 01:07:36.309,0.70384,0.70372,1,3.25
16.08.2021 01:07:36.480,0.70384,0.7037300000000001,1,1.75
16.08.2021 01:07:43.349,0.70384,0.70374,1,3.25
16.08.2021 01:07:53.251,0.7038800000000001,0.70376,1,2.25
16.08.2021 01:07:53.515,0.70387,0.7037800000000001,1,1
16.08.2021 01:07:54.019,0.70389,0.70377,1,1
16.08.2021 01:08:01.088,0.7039000000000001,0.70377,1,2.44
16.08.2021 01:08:01.189,0.70389,0.70379,1,1
16.08.2021 01:08:04.612,0.70386,0.7037800000000001,1,1.25
16.08.2021 01:08:09.106,0.7038800000000001,0.70377,1,1
16.08.2021 01:08:16.963,0.7039000000000001,0.7037800000000001,1,1
16.08.2021 01:08:18.597,0.70391,0.70379,1.12,1
16.08.2021 01:08:23.333,0.7039000000000001,0.7037800000000001,1.5,1
16.08.2021 01:08:27.022,0.7039000000000001,0.7037800000000001,2.75,1
16.08.2021 01:08:32.360,0.70389,0.70379,1.5,1
16.08.2021 01:08:37.904,0.70389,0.7038,1,1
16.08.2021 01:08:38.939,0.70391,0.70379,2.62,1
16.08.2021 01:08:44.856,0.7039000000000001,0.70379,1.5,1
16.08.2021 01:08:44.957,0.70389,0.70379,1,1
16.08.2021 01:08:45.058,0.7039000000000001,0.70379,1.12,1
16.08.2021 01:08:45.159,0.7039000000000001,0.7037800000000001,1.87,1
16.08.2021 01:08:46.889,0.70391,0.70379,2.62,1
16.08.2021 01:08:55.209,0.7039000000000001,0.70379,1.12,1
16.08.2021 01:08:55.325,0.70389,0.7037800000000001,1,1
16.08.2021 01:08:55.455,0.7039000000000001,0.7038,2.75,1
16.08.2021 01:08:56.271,0.70391,0.70379,1.87,1
16.08.2021 01:08:57.006,0.70389,0.7038,1,1
16.08.2021 01:08:57.107,0.70391,0.70379,2.62,1
16.08.2021 01:09:04.302,0.70387,0.7038,1.5,1
16.08.2021 01:09:04.354,0.70386,0.70375,1,1
16.08.2021 01:09:04.404,0.70384,0.70375,1,1
16.08.2021 01:09:04.506,0.70382,0.70372,1,1
16.08.2021 01:09:04.658,0.70384,0.7037300000000001,1.12,1
16.08.2021 01:09:06.005,0.7038300000000001,0.70375,1,1
16.08.2021 01:09:06.106,0.7038500000000001,0.70374,1,1
16.08.2021 01:09:11.678,0.70386,0.70374,2.62,1
16.08.2021 01:09:20.435,0.70384,0.7037300000000001,1,1
16.08.2021 01:09:31.458,0.7038500000000001,0.7037300000000001,1,1
16.08.2021 01:09:44.574,0.70386,0.7037300000000001,2.25,1
16.08.2021 01:09:57.978,0.70386,0.70374,1.5,1
16.08.2021 01:10:01.767,0.70386,0.70376,1.87,1
16.08.2021 01:10:02.035,0.70389,0.70377,1.62,1
16.08.2021 01:10:02.189,0.70389,0.70377,1,1
16.08.2021 01:10:08.198,0.70387,0.70375,1.12,1
16.08.2021 01:10:08.299,0.70387,0.70377,1,1
16.08.2021 01:10:08.451,0.70389,0.70376,1.87,1
16.08.2021 01:10:08.825,0.7039000000000001,0.70377,1,1
16.08.2021 01:10:08.926,0.7039000000000001,0.7037800000000001,1.12,1
16.08.2021 01:10:09.028,0.70391,0.7037800000000001,1.5,1
16.08.2021 01:10:10.029,0.70392,0.7038,1.5,1
16.08.2021 01:10:10.131,0.7039300000000001,0.70381,1,1
16.08.2021 01:10:10.233,0.7039300000000001,0.70382,1.5,1
16.08.2021 01:10:11.828,0.7039500000000001,0.70382,1.12,1
16.08.2021 01:10:18.101,0.70396,0.70384,1,1
16.08.2021 01:10:18.202,0.70397,0.70384,1.5,1
16.08.2021 01:10:24.105,0.70397,0.7038500000000001,1.12,1
16.08.2021 01:10:44.205,0.70397,0.70384,1.87,1
16.08.2021 01:10:45.329,0.70396,0.70384,1,1
16.08.2021 01:10:45.896,0.7039500000000001,0.70384,1,1
16.08.2021 01:10:45.998,0.70396,0.7038500000000001,1.5,1
16.08.2021 01:10:46.099,0.70396,0.70386,1,1
16.08.2021 01:10:52.354,0.70398,0.7038500000000001,1,1.25
16.08.2021 01:10:52.455,0.70398,0.70386,1,1
16.08.2021 01:11:09.700,0.70398,0.7038500000000001,1.5,1
16.08.2021 01:11:09.851,0.70399,0.70386,1,1
16.08.2021 01:11:41.256,0.70398,0.7038500000000001,1,1.5
16.08.2021 01:11:56.721,0.70399,0.7038800000000001,1.5,1.87
16.08.2021 01:11:56.822,0.7040000000000001,0.70389,1.25,1
16.08.2021 01:11:57.579,0.70404,0.70391,1.75,1
16.08.2021 01:12:00.084,0.70403,0.7039300000000001,1,1
16.08.2021 01:12:00.185,0.7040500000000001,0.70392,1.5,1
16.08.2021 01:12:01.652,0.70406,0.7039300000000001,1.5,1.5
16.08.2021 01:12:02.138,0.7040500000000001,0.7039500000000001,1,1
16.08.2021 01:12:05.262,0.70406,0.7039500000000001,1.5,1.5
16.08.2021 01:12:09.105,0.70408,0.7039500000000001,1.25,1
16.08.2021 01:12:26.157,0.70408,0.70397,1,1.1
16.08.2021 01:12:26.258,0.7041000000000001,0.70397,2.06,1
16.08.2021 01:12:33.445,0.70412,0.70399,1.5,1
16.08.2021 01:12:33.547,0.70413,0.70401,1.25,1
16.08.2021 01:12:39.970,0.70413,0.70403,2.5,1
16.08.2021 01:12:46.823,0.70413,0.70402,3.25,1
16.08.2021 01:13:01.616,0.70415,0.70404,1,1
16.08.2021 01:13:01.818,0.70415,0.7040500000000001,1.25,1
16.08.2021 01:13:02.686,0.7041600000000001,0.7040500000000001,1,1
16.08.2021 01:13:02.939,0.70417,0.7040500000000001,1,1
16.08.2021 01:13:07.176,0.70414,0.7040500000000001,1.31,1
16.08.2021 01:13:07.227,0.70412,0.70403,1.25,1
16.08.2021 01:13:07.329,0.70415,0.7040500000000001,1,1.5
16.08.2021 01:13:15.756,0.70417,0.7040500000000001,1,1
16.08.2021 01:13:18.483,0.70418,0.7040500000000001,1.69,1.5
16.08.2021 01:13:18.584,0.70417,0.70407,1.25,1
16.08.2021 01:13:26.811,0.70418,0.7040500000000001,1.69,1.5
16.08.2021 01:13:27.918,0.70418,0.70408,1,1
16.08.2021 01:13:28.020,0.70419,0.70408,1,1
16.08.2021 01:13:28.121,0.70419,0.70407,1,1.5
16.08.2021 01:13:31.816,0.70419,0.70408,1,1
16.08.2021 01:13:39.626,0.70419,0.70407,1,1.87
16.08.2021 01:13:40.734,0.70419,0.70408,1,1
16.08.2021 01:13:42.317,0.70419,0.7041000000000001,1,1
16.08.2021 01:13:47.438,0.7042100000000001,0.70409,1.5,1
16.08.2021 01:13:50.636,0.7042100000000001,0.7041100000000001,1.5,1
16.08.2021 01:13:50.686,0.7042200000000001,0.70409,1.69,2.25
16.08.2021 01:13:50.821,0.7042100000000001,0.70409,1.5,1.5
16.08.2021 01:13:52.371,0.7042100000000001,0.7041000000000001,1.5,1
16.08.2021 01:13:52.906,0.7042100000000001,0.70412,1,1
16.08.2021 01:13:53.007,0.70423,0.70412,1.69,2.25
16.08.2021 01:13:53.058,0.70424,0.70413,1.69,1
16.08.2021 01:13:54.878,0.70425,0.70413,1.69,1
16.08.2021 01:14:00.838,0.70424,0.7041100000000001,1.5,2.44
16.08.2021 01:14:00.889,0.7042200000000001,0.7041000000000001,1,1.5
16.08.2021 01:14:03.754,0.70419,0.70408,1.5,1.87
16.08.2021 01:14:07.453,0.7042100000000001,0.70409,1,1
16.08.2021 01:14:07.843,0.70424,0.7041100000000001,1.5,1.5
16.08.2021 01:14:12.153,0.7042200000000001,0.70412,1,1.5
16.08.2021 01:14:44.840,0.7042,0.70407,1.5,2.62
16.08.2021 01:14:44.941,0.7042,0.70408,1,1
16.08.2021 01:14:45.042,0.7042,0.70407,1.87,1
16.08.2021 01:14:47.200,0.70419,0.70407,1,1
16.08.2021 01:14:47.331,0.7042,0.70407,1.5,1
16.08.2021 01:14:50.783,0.70419,0.70406,1.25,1
16.08.2021 01:14:50.834,0.70415,0.70406,1,1
16.08.2021 01:14:54.105,0.70415,0.7040500000000001,1,1
16.08.2021 01:14:59.361,0.7041600000000001,0.70406,1,1.5
16.08.2021 01:14:59.412,0.70418,0.70408,1,1
16.08.2021 01:14:59.792,0.70418,0.70407,1.5,1
16.08.2021 01:15:02.993,0.70418,0.7040500000000001,1,1.25
16.08.2021 01:15:16.608,0.70419,0.70406,1,1
16.08.2021 01:15:25.773,0.70417,0.70406,1,1
16.08.2021 01:15:30.382,0.7042,0.70407,1,1.12
16.08.2021 01:15:30.483,0.7042,0.70408,1,1
16.08.2021 01:15:30.718,0.70418,0.70408,1,1
16.08.2021 01:15:31.925,0.70418,0.70407,1,1.12
16.08.2021 01:15:32.177,0.70419,0.70407,1,1
16.08.2021 01:15:34.515,0.70419,0.70406,1,1
16.08.2021 01:15:34.617,0.70419,0.7040500000000001,1.5,1
16.08.2021 01:15:49.594,0.70417,0.7040500000000001,1,1.5
16.08.2021 01:15:49.695,0.7041600000000001,0.7040500000000001,1.5,1
16.08.2021 01:15:50.106,0.70417,0.70407,1,1
16.08.2021 01:15:50.207,0.70418,0.7040500000000001,1.5,1
16.08.2021 01:15:52.460,0.70417,0.70407,1.25,1
16.08.2021 01:15:52.662,0.70418,0.7041000000000001,1,1
16.08.2021 01:15:52.713,0.7042,0.70409,1.25,1.5
16.08.2021 01:15:52.814,0.7042,0.70407,1,1
16.08.2021 01:15:52.917,0.70419,0.70407,1,1.12
16.08.2021 01:15:57.799,0.70414,0.70403,1,2.81
16.08.2021 01:16:01.761,0.7041100000000001,0.7040000000000001,1,2.94
16.08.2021 01:16:01.913,0.7041000000000001,0.70399,1.69,1
16.08.2021 01:16:02.167,0.7041100000000001,0.70397,1.69,1.58
16.08.2021 01:16:04.592,0.7041000000000001,0.70397,1,1.77
16.08.2021 01:16:07.753,0.70412,0.70401,1,1
16.08.2021 01:16:07.803,0.70412,0.70398,1.5,2.19
16.08.2021 01:16:10.015,0.70412,0.70401,1.5,1
16.08.2021 01:16:21.147,0.70412,0.70399,1,1.25
16.08.2021 01:16:36.237,0.7041000000000001,0.70397,1,1.58
16.08.2021 01:16:36.339,0.70412,0.70398,1.5,1.12
16.08.2021 01:16:57.228,0.7041100000000001,0.70399,1,1
16.08.2021 01:16:57.330,0.70412,0.70399,1,1
16.08.2021 01:17:01.011,0.70412,0.70398,1,3.56
16.08.2021 01:17:06.395,0.70412,0.70399,1,1
16.08.2021 01:17:06.496,0.70412,0.70399,1,2.19
16.08.2021 01:17:07.294,0.70412,0.70399,1,2.06
16.08.2021 01:17:07.962,0.70412,0.7040000000000001,1,1
16.08.2021 01:17:08.161,0.70412,0.70399,1,1.12
16.08.2021 01:17:14.844,0.7041100000000001,0.70401,1,1
16.08.2021 01:17:26.622,0.70413,0.70402,1,1
16.08.2021 01:17:36.090,0.7041100000000001,0.70403,1,1
16.08.2021 01:17:41.150,0.70412,0.70401,1,1
16.08.2021 01:18:10.612,0.7041100000000001,0.70401,1,1
16.08.2021 01:18:36.124,0.7041000000000001,0.70401,1,1
16.08.2021 01:18:38.329,0.70409,0.7040000000000001,1,1.12
16.08.2021 01:18:51.134,0.7041100000000001,0.70399,1,1
16.08.2021 01:19:33.319,0.7041100000000001,0.7040000000000001,1,1
16.08.2021 01:19:37.023,0.70412,0.70401,1,1
16.08.2021 01:19:38.029,0.7041100000000001,0.70401,1,1
16.08.2021 01:19:42.452,0.7041100000000001,0.7040000000000001,1,1
16.08.2021 01:19:52.494,0.7041100000000001,0.70401,1,1
16.08.2021 01:19:54.872,0.70409,0.70399,1,1.5
16.08.2021 01:19:55.226,0.70409,0.70398,1,1
16.08.2021 01:19:59.555,0.7041000000000001,0.70398,1,1
16.08.2021 01:20:00.198,0.7041100000000001,0.70398,1,1.5
16.08.2021 01:20:00.349,0.7041000000000001,0.7040000000000001,1,1
16.08.2021 01:20:03.636,0.7041100000000001,0.70401,1,1
16.08.2021 01:20:06.796,0.70409,0.70399,1,1
16.08.2021 01:20:07.123,0.7041000000000001,0.70399,1.5,1
16.08.2021 01:20:15.221,0.7041100000000001,0.70399,1,1
16.08.2021 01:20:17.593,0.7041000000000001,0.70401,1,1
16.08.2021 01:20:17.695,0.70413,0.7040000000000001,1.5,2.62
16.08.2021 01:20:17.797,0.70413,0.70401,1.5,1
16.08.2021 01:20:24.508,0.7041100000000001,0.70401,1,1
16.08.2021 01:20:24.676,0.7041000000000001,0.7040000000000001,1,1
16.08.2021 01:20:33.094,0.70408,0.70399,1,1
16.08.2021 01:20:33.196,0.7041000000000001,0.7040000000000001,1,1
16.08.2021 01:20:33.448,0.7041100000000001,0.7040000000000001,1,1
16.08.2021 01:20:34.519,0.70412,0.70401,1,1
16.08.2021 01:20:34.689,0.70413,0.70401,1.25,1
16.08.2021 01:20:43.051,0.70413,0.70402,1,1.75
16.08.2021 01:20:43.102,0.70414,0.70404,1,1
16.08.2021 01:21:15.467,0.7041600000000001,0.70404,1,1
16.08.2021 01:21:15.518,0.70417,0.70406,1,1
16.08.2021 01:21:16.365,0.70419,0.70408,1,1
16.08.2021 01:21:16.466,0.70419,0.70409,1,1
16.08.2021 01:21:21.813,0.7042,0.70409,1,1
16.08.2021 01:21:43.623,0.70423,0.7041000000000001,1,1.87
16.08.2021 01:21:45.991,0.70423,0.7041000000000001,1,3.87
16.08.2021 01:21:49.578,0.70425,0.70414,1,1
16.08.2021 01:21:49.680,0.70423,0.7041100000000001,1,1.5
16.08.2021 01:21:49.780,0.70423,0.7041100000000001,1,1
16.08.2021 01:21:50.052,0.70423,0.70412,1,1.12
16.08.2021 01:21:50.562,0.7042600000000001,0.70415,1,1
16.08.2021 01:21:55.197,0.7042200000000001,0.7041600000000001,1,1
16.08.2021 01:21:55.248,0.7042200000000001,0.70412,2.5,4.12
16.08.2021 01:21:55.299,0.7042,0.70409,1,2.19
16.08.2021 01:21:55.450,0.70419,0.7041000000000001,1,1
16.08.2021 01:22:02.793,0.7042200000000001,0.7041000000000001,1,1.5
16.08.2021 01:22:03.096,0.7042200000000001,0.7041100000000001,1,1
16.08.2021 01:22:04.576,0.7042200000000001,0.70412,1,2.75
16.08.2021 01:22:04.677,0.70423,0.7041100000000001,1,2.25
16.08.2021 01:22:06.106,0.70423,0.7041100000000001,1,2.75
16.08.2021 01:22:06.564,0.70425,0.70414,1,1
16.08.2021 01:22:08.948,0.70425,0.70415,1,1
16.08.2021 01:22:09.049,0.70428,0.7041600000000001,1,2.94
16.08.2021 01:22:09.150,0.70428,0.70418,1.5,1.12
16.08.2021 01:22:09.505,0.7043,0.70417,1,1.12
16.08.2021 01:22:14.178,0.70428,0.7041600000000001,1,2
16.08.2021 01:22:14.280,0.7042700000000001,0.7041600000000001,1,2
16.08.2021 01:22:14.381,0.7042700000000001,0.7041600000000001,1,1
16.08.2021 01:22:14.838,0.7042700000000001,0.70415,1,1
16.08.2021 01:22:15.753,0.70425,0.70419,1,1
16.08.2021 01:22:15.805,0.7043,0.70418,1,1.5
16.08.2021 01:22:15.856,0.7043200000000001,0.7042100000000001,1,1
16.08.2021 01:22:18.659,0.70433,0.7042100000000001,1.5,1.5
16.08.2021 01:22:22.030,0.70433,0.70424,1,1.12
16.08.2021 01:22:22.181,0.70435,0.70424,1,2.25
16.08.2021 01:22:29.203,0.7043600000000001,0.70424,1,1
16.08.2021 01:22:29.305,0.70435,0.7042600000000001,1,1
16.08.2021 01:22:29.693,0.7043600000000001,0.70424,1,1
16.08.2021 01:22:31.104,0.70434,0.70425,1,1
16.08.2021 01:22:33.825,0.70433,0.7042200000000001,2.5,1
16.08.2021 01:22:33.876,0.7043,0.70418,1.69,1.5
16.08.2021 01:22:33.926,0.7042700000000001,0.70418,1,2
16.08.2021 01:22:34.028,0.70428,0.70417,1,1.62
16.08.2021 01:22:35.308,0.70428,0.70417,1,1.5
16.08.2021 01:22:44.061,0.7043,0.7042,1,1
16.08.2021 01:22:48.106,0.70429,0.7042,1,1
16.08.2021 01:23:01.450,0.70429,0.70418,1,1.12
16.08.2021 01:23:14.592,0.7043,0.70418,1,1
16.08.2021 01:23:34.068,0.70428,0.70419,1,1.12
16.08.2021 01:23:39.105,0.7043,0.70418,1,1
16.08.2021 01:23:44.064,0.7043,0.7042,1,1.12
16.08.2021 01:23:58.044,0.70429,0.7042,1,1
16.08.2021 01:23:58.147,0.7042600000000001,0.7041600000000001,1,1.12
16.08.2021 01:23:58.421,0.7042600000000001,0.70414,1,1
16.08.2021 01:23:58.819,0.7042600000000001,0.70413,1,1.87
16.08.2021 01:24:00.041,0.70424,0.70413,1,1.12
16.08.2021 01:24:00.864,0.70425,0.70414,1,1
16.08.2021 01:24:00.966,0.70425,0.70413,1,1
16.08.2021 01:24:01.067,0.70425,0.70412,1,2.25
16.08.2021 01:24:02.464,0.70424,0.70412,1,1.5
16.08.2021 01:24:03.557,0.7042100000000001,0.7041000000000001,1,1
16.08.2021 01:24:04.153,0.7042100000000001,0.70409,1,1.12
16.08.2021 01:24:07.418,0.70419,0.70407,1,2
16.08.2021 01:24:07.519,0.70418,0.7041000000000001,1,1
16.08.2021 01:24:12.148,0.70419,0.70413,1,1.69
16.08.2021 01:24:12.199,0.7042200000000001,0.70412,1,1.25
16.08.2021 01:24:12.300,0.7042100000000001,0.7041000000000001,1,1.5
16.08.2021 01:24:12.634,0.7042,0.7041000000000001,1,1.25
16.08.2021 01:24:12.736,0.70419,0.70408,1,1.75
16.08.2021 01:24:12.838,0.70418,0.70406,1.5,2.94
16.08.2021 01:24:12.940,0.70417,0.70408,1,2.12
16.08.2021 01:24:14.272,0.70418,0.70407,1,1.25
16.08.2021 01:24:14.661,0.70418,0.70406,1,1.25
16.08.2021 01:24:17.123,0.70417,0.70406,1,3.25
16.08.2021 01:24:19.499,0.7041600000000001,0.70404,1.5,1.12
16.08.2021 01:24:19.550,0.70414,0.70402,1,1.75
16.08.2021 01:24:19.652,0.70414,0.70402,1,1.31
16.08.2021 01:24:20.872,0.70413,0.70401,2.44,1
16.08.2021 01:24:20.923,0.7041000000000001,0.70399,1.5,1.62
16.08.2021 01:24:21.075,0.70413,0.70401,1.5,1.37
16.08.2021 01:24:21.227,0.70413,0.70402,1,1.25
16.08.2021 01:24:21.735,0.70412,0.7040000000000001,1,1.75
16.08.2021 01:24:21.836,0.7041100000000001,0.7040000000000001,1,1.75
16.08.2021 01:24:25.825,0.70413,0.70403,1,1.94
16.08.2021 01:24:25.961,0.70413,0.70403,1,1.25
16.08.2021 01:24:26.113,0.70413,0.70403,1,1.75
16.08.2021 01:24:26.215,0.70414,0.70403,1,1.75
16.08.2021 01:24:33.106,0.70415,0.70404,1,1.25
16.08.2021 01:24:39.358,0.70413,0.70402,1,2.12
16.08.2021 01:24:41.085,0.70413,0.70404,1,1.75
16.08.2021 01:24:46.136,0.70414,0.70403,1,1
16.08.2021 01:24:46.186,0.70413,0.7040000000000001,1,2.87
16.08.2021 01:24:46.287,0.70412,0.7040000000000001,1,2.12
16.08.2021 01:24:46.594,0.7041100000000001,0.7040000000000001,1,2.12
16.08.2021 01:24:48.065,0.70414,0.70402,1,1.25
16.08.2021 01:24:54.006,0.70412,0.70403,1,1.25
16.08.2021 01:25:00.115,0.7041100000000001,0.70403,1,1.25
16.08.2021 01:25:01.052,0.70412,0.70403,1,1.75
16.08.2021 01:25:04.804,0.70413,0.70402,1,1
16.08.2021 01:25:04.956,0.70412,0.70401,1,1.25
16.08.2021 01:25:05.260,0.70409,0.70398,1,4.44
16.08.2021 01:25:05.463,0.70409,0.70398,1,1.69
16.08.2021 01:25:07.875,0.70409,0.70398,1,3.25
16.08.2021 01:25:07.987,0.70408,0.70401,1,1.25
16.08.2021 01:25:08.586,0.70409,0.7040000000000001,1,1.75
16.08.2021 01:25:13.493,0.70409,0.70399,1,1.25
16.08.2021 01:25:18.125,0.70409,0.7040000000000001,1,1.25
16.08.2021 01:25:19.942,0.7041000000000001,0.70399,1,1
16.08.2021 01:25:28.209,0.7041100000000001,0.70399,1,1
16.08.2021 01:25:29.642,0.7041000000000001,0.70399,1,1
16.08.2021 01:25:29.794,0.7041100000000001,0.70399,1,1
16.08.2021 01:25:29.996,0.7041000000000001,0.70399,1,1.69
16.08.2021 01:25:38.910,0.70412,0.7040000000000001,1,3.75
16.08.2021 01:25:39.012,0.70413,0.70403,1.5,1
16.08.2021 01:26:10.012,0.70414,0.70403,1,1.5
16.08.2021 01:26:10.214,0.70414,0.70403,1,1
16.08.2021 01:26:16.512,0.7041600000000001,0.70403,1,1.5
16.08.2021 01:26:16.613,0.70414,0.70404,1,1
16.08.2021 01:26:21.111,0.70414,0.70403,1,1
16.08.2021 01:26:27.070,0.70413,0.70403,1,1.12
16.08.2021 01:26:37.922,0.70414,0.70403,1,1
16.08.2021 01:26:42.860,0.70413,0.70403,1.5,1.31
16.08.2021 01:26:50.871,0.70412,0.70403,1,2.25
16.08.2021 01:26:50.922,0.70417,0.70409,1.5,1
16.08.2021 01:26:51.023,0.7042,0.70409,1.5,1
16.08.2021 01:26:51.125,0.70419,0.70408,1,1
16.08.2021 01:26:53.496,0.7042,0.70409,1,1.25
16.08.2021 01:26:53.598,0.70418,0.70406,1,2.06
16.08.2021 01:26:55.483,0.7041600000000001,0.7040500000000001,1,1
16.08.2021 01:26:55.584,0.70417,0.7040500000000001,1,1.25
16.08.2021 01:26:55.685,0.70417,0.70406,1,2
16.08.2021 01:26:57.637,0.70418,0.70406,1,2.94
16.08.2021 01:27:02.612,0.70419,0.70407,1,4.31
16.08.2021 01:27:03.424,0.70419,0.70408,1,1.69
16.08.2021 01:27:03.969,0.7042,0.70409,1,1.69
16.08.2021 01:27:04.122,0.7042,0.70408,1,2.44
16.08.2021 01:27:06.674,0.70418,0.70408,1,2.87
16.08.2021 01:27:06.776,0.7042,0.70407,1,4.37
16.08.2021 01:27:06.877,0.70417,0.70408,1,1.69
16.08.2021 01:27:18.153,0.70418,0.70409,1,1.25
16.08.2021 01:27:18.204,0.7042,0.70409,1,1.25
16.08.2021 01:27:21.745,0.70419,0.70408,1,1.31
16.08.2021 01:27:23.521,0.70419,0.70409,1,1.25
16.08.2021 01:27:24.744,0.7042,0.70409,1,1.87
16.08.2021 01:27:50.711,0.70418,0.70409,1,2.06
16.08.2021 01:28:02.397,0.70419,0.70409,1,2.06
16.08.2021 01:28:10.697,0.7042100000000001,0.70409,1,2.19
16.08.2021 01:28:10.900,0.7042,0.7041000000000001,1,1.69
16.08.2021 01:28:13.720,0.70423,0.7041100000000001,1.5,2.37
16.08.2021 01:28:13.823,0.70423,0.70414,1,1
16.08.2021 01:28:14.128,0.70425,0.70413,1,1
16.08.2021 01:28:14.634,0.70424,0.70412,1,1.12
16.08.2021 01:28:15.529,0.70424,0.70413,1,1.87
16.08.2021 01:28:15.630,0.70424,0.70412,1,1.12
16.08.2021 01:28:15.731,0.70423,0.70412,1,1.12
16.08.2021 01:28:15.781,0.70424,0.70413,1,2.25
16.08.2021 01:28:16.084,0.70424,0.70412,1,1.69
16.08.2021 01:28:17.263,0.70425,0.70412,1,2.25
16.08.2021 01:28:17.544,0.70423,0.70413,1,1.12
16.08.2021 01:28:19.324,0.70425,0.70412,1,2.25
16.08.2021 01:28:19.475,0.70424,0.70412,1,1.5
16.08.2021 01:28:19.627,0.70425,0.70412,1,2.25
16.08.2021 01:28:20.118,0.70423,0.70413,1,1.69
16.08.2021 01:28:20.219,0.70425,0.70412,1,2.44
16.08.2021 01:28:20.321,0.70424,0.70412,1,1.5
16.08.2021 01:28:20.423,0.70424,0.70413,1,2.44
16.08.2021 01:28:20.586,0.70424,0.70412,1,1.69
16.08.2021 01:28:20.948,0.70425,0.70412,1,1.31
16.08.2021 01:28:22.962,0.70423,0.70413,1,1.5
16.08.2021 01:28:26.095,0.70424,0.70413,1,1.69
16.08.2021 01:28:30.106,0.70424,0.70412,1,1.69
16.08.2021 01:28:30.843,0.70425,0.70413,1,2
16.08.2021 01:28:31.541,0.70425,0.70413,1,1.5
16.08.2021 01:28:34.585,0.70424,0.70413,1,1.87
16.08.2021 01:28:42.313,0.70423,0.70413,1,1.12
16.08.2021 01:28:42.725,0.70424,0.70413,1,1.87
16.08.2021 01:28:42.828,0.70423,0.70412,1,1.5
16.08.2021 01:28:43.251,0.70424,0.70412,1,1.5
16.08.2021 01:28:45.066,0.70423,0.70412,1,2.19
16.08.2021 01:28:45.510,0.70424,0.70412,1,2.56
16.08.2021 01:28:46.689,0.70423,0.70412,1,1.5
16.08.2021 01:28:47.059,0.70424,0.70412,1,1.62
16.08.2021 01:28:49.271,0.70424,0.70412,1,1.5
16.08.2021 01:29:04.620,0.7042200000000001,0.7041100000000001,1,3.12
16.08.2021 01:29:07.604,0.70423,0.70413,1,1
16.08.2021 01:29:08.160,0.70424,0.70413,1,1.12
16.08.2021 01:29:37.774,0.70423,0.70413,1,1.12
16.08.2021 01:29:42.423,0.70423,0.70414,1,1
16.08.2021 01:29:42.548,0.70424,0.70414,1,1
16.08.2021 01:29:47.038,0.70425,0.70414,1,1
16.08.2021 01:29:52.398,0.70424,0.70414,1,1.12
16.08.2021 01:30:00.367,0.70424,0.70412,1,2
16.08.2021 01:30:00.619,0.70424,0.70412,1,1
16.08.2021 01:30:02.019,0.7042200000000001,0.70412,1,2.75
16.08.2021 01:30:06.233,0.70423,0.7041100000000001,1,2.62
16.08.2021 01:30:06.334,0.70423,0.7041100000000001,1,2.75
16.08.2021 01:30:11.180,0.70423,0.70412,1,1.62
16.08.2021 01:30:12.152,0.70423,0.70413,1,1.62
16.08.2021 01:30:15.970,0.70425,0.7041600000000001,1,3.37
16.08.2021 01:30:16.223,0.7042200000000001,0.70414,1,1.5
16.08.2021 01:30:16.429,0.70423,0.70413,1,1
16.08.2021 01:30:16.530,0.70423,0.70412,1,1
16.08.2021 01:30:17.766,0.70423,0.70413,1,1
16.08.2021 01:30:21.279,0.70423,0.70414,1,1.12
16.08.2021 01:30:23.564,0.70425,0.70414,1,1
16.08.2021 01:30:23.615,0.70423,0.70413,1,1
16.08.2021 01:30:24.049,0.70424,0.7041600000000001,1,1
16.08.2021 01:30:24.380,0.70424,0.70413,1,1.12
16.08.2021 01:30:24.482,0.70423,0.70413,1,1.12
16.08.2021 01:30:24.885,0.7042200000000001,0.70415,1,1
16.08.2021 01:30:24.986,0.70424,0.70415,1,1
16.08.2021 01:30:25.036,0.70425,0.7041600000000001,1,1
16.08.2021 01:30:25.279,0.70425,0.70414,1,1
16.08.2021 01:30:25.439,0.70425,0.7041600000000001,1,1
16.08.2021 01:30:25.668,0.70425,0.70414,1,1
16.08.2021 01:30:30.156,0.70425,0.70415,1,1
16.08.2021 01:30:30.257,0.70425,0.70414,1,1
16.08.2021 01:30:33.092,0.7042600000000001,0.70414,1,1
16.08.2021 01:30:34.327,0.70424,0.70415,1,1
16.08.2021 01:30:56.405,0.70425,0.70414,1,1.5
16.08.2021 01:30:59.698,0.7042700000000001,0.7041600000000001,1,1.5
16.08.2021 01:30:59.800,0.7042600000000001,0.7041600000000001,1.5,1.5
16.08.2021 01:30:59.851,0.7042200000000001,0.70413,1,2.44
16.08.2021 01:31:00.155,0.7042200000000001,0.70413,1,1.69
16.08.2021 01:31:00.962,0.70423,0.70412,1,2.19
16.08.2021 01:31:06.631,0.70424,0.70413,1,1.12
16.08.2021 01:31:15.151,0.70423,0.70413,1,1.12
16.08.2021 01:31:16.689,0.70423,0.70414,1,3.56
16.08.2021 01:31:16.862,0.70424,0.70414,1,1
16.08.2021 01:31:16.963,0.70425,0.70415,1,1.12
16.08.2021 01:31:17.277,0.70424,0.70414,1,1.5
16.08.2021 01:31:17.479,0.70423,0.70415,1,1
16.08.2021 01:31:18.034,0.70424,0.70413,1,1.12
16.08.2021 01:31:18.338,0.7042700000000001,0.7041600000000001,1,2
16.08.2021 01:31:20.127,0.70423,0.70414,1,1.62
16.08.2021 01:31:20.279,0.70424,0.70413,1,1.12
16.08.2021 01:31:20.780,0.70423,0.70412,1,1.62
16.08.2021 01:31:20.882,0.70423,0.70412,1,1.5
16.08.2021 01:31:33.973,0.7042200000000001,0.7041000000000001,1,1.5
16.08.2021 01:31:34.023,0.70418,0.70409,1.69,2.25
16.08.2021 01:31:34.125,0.70417,0.70408,1,2.25
16.08.2021 01:31:34.226,0.70415,0.70404,1,1.12
16.08.2021 01:31:34.634,0.7041600000000001,0.7040500000000001,1,2.44
16.08.2021 01:31:35.137,0.7041600000000001,0.70406,1,1
16.08.2021 01:31:35.258,0.70417,0.70406,1,2
16.08.2021 01:31:36.079,0.70417,0.7040500000000001,1,3.56
16.08.2021 01:31:38.635,0.70417,0.7040500000000001,1,4.81
16.08.2021 01:31:46.592,0.70418,0.70406,1,4.81
16.08.2021 01:31:46.693,0.70414,0.70402,1,2
16.08.2021 01:31:46.845,0.70414,0.70403,1,1.12
16.08.2021 01:31:48.253,0.70413,0.70403,1,1.12
16.08.2021 01:31:48.455,0.70413,0.70402,1,1.12
16.08.2021 01:32:02.571,0.70412,0.70401,1,1.81
16.08.2021 01:32:02.672,0.70408,0.70397,1,4.81
16.08.2021 01:32:02.773,0.70408,0.70397,1,4.69
16.08.2021 01:32:03.076,0.70408,0.70398,1,3
16.08.2021 01:32:03.393,0.70408,0.70397,1,5.44
16.08.2021 01:32:03.730,0.70407,0.70399,1,1
16.08.2021 01:32:05.931,0.70408,0.70397,1,4.69
16.08.2021 01:32:06.242,0.70408,0.70398,1,1
16.08.2021 01:32:08.297,0.70408,0.70397,1,1.5
16.08.2021 01:32:08.399,0.7040500000000001,0.7039500000000001,1,1.5
16.08.2021 01:32:08.451,0.70404,0.70394,1,1.12
16.08.2021 01:32:08.552,0.70403,0.7039300000000001,1,1.5
16.08.2021 01:32:08.654,0.70402,0.70394,1,1
16.08.2021 01:32:08.979,0.70403,0.70392,1,1.5
16.08.2021 01:32:09.080,0.70402,0.70392,1,1.12
16.08.2021 01:32:11.123,0.70404,0.70394,1,3.19
16.08.2021 01:32:11.224,0.70404,0.7039500000000001,1,1
16.08.2021 01:32:11.480,0.70404,0.70394,1,3.19
16.08.2021 01:32:13.860,0.70404,0.7039300000000001,1,4.87
16.08.2021 01:32:13.961,0.70404,0.70394,1,2.25
16.08.2021 01:32:14.112,0.70403,0.7039300000000001,1,3.37
16.08.2021 01:32:15.500,0.70403,0.70394,1,1
16.08.2021 01:32:16.182,0.70403,0.7039300000000001,1,3.19
16.08.2021 01:32:16.298,0.70403,0.70394,1,2.25
16.08.2021 01:32:17.855,0.70403,0.7039300000000001,1,3.75
16.08.2021 01:32:17.957,0.70403,0.70394,1,2.25
16.08.2021 01:32:20.167,0.70403,0.7039300000000001,1,3
16.08.2021 01:32:20.346,0.70403,0.70394,1,1
16.08.2021 01:32:24.887,0.70402,0.70394,1,3
16.08.2021 01:32:26.361,0.70403,0.70394,1,1
16.08.2021 01:32:26.753,0.70403,0.7039300000000001,1,3
16.08.2021 01:32:27.660,0.70402,0.7039500000000001,1,2.25
16.08.2021 01:32:27.761,0.70403,0.7039300000000001,1,3
16.08.2021 01:32:28.211,0.70403,0.70394,1,1
16.08.2021 01:32:28.312,0.70403,0.7039300000000001,1,3.75
16.08.2021 01:32:29.012,0.70403,0.70394,1,1
16.08.2021 01:32:29.113,0.70403,0.7039300000000001,1,3
16.08.2021 01:32:29.372,0.70403,0.70394,1,2.25
16.08.2021 01:32:29.574,0.70403,0.7039300000000001,1,3
16.08.2021 01:32:29.820,0.70403,0.70394,1,1
16.08.2021 01:32:33.731,0.70403,0.7039300000000001,1,3.75
16.08.2021 01:32:34.399,0.70402,0.7039500000000001,1,1
16.08.2021 01:32:35.879,0.70406,0.70396,1,3.75
16.08.2021 01:32:36.132,0.70407,0.7039500000000001,1,4.87
16.08.2021 01:32:36.233,0.70406,0.7039500000000001,1,4.87
16.08.2021 01:32:38.401,0.7040500000000001,0.70398,1,1
16.08.2021 01:32:38.502,0.70406,0.70396,1,3
