Gmt time,Ask,Bid,AskVolume,BidVolume
13.08.2021 00:00:00.041,0.70045,0.7003600000000001,1,1.5
13.08.2021 00:00:00.142,0.7004800000000001,0.70037,1,1
13.08.2021 00:00:00.958,0.70047,0.70035,1,1
13.08.2021 00:00:05.109,0.7004800000000001,0.7003600000000001,1.5,1
13.08.2021 00:00:06.067,0.70047,0.7004,1,1
13.08.2021 00:00:06.118,0.7005,0.70039,2.81,1
13.08.2021 00:00:06.168,0.7004800000000001,0.70037,1.69,1
13.08.2021 00:00:06.687,0.70047,0.70038,2.5,1
13.08.2021 00:00:06.788,0.70047,0.7003600000000001,1.25,1
13.08.2021 00:00:08.770,0.7004800000000001,0.70038,1.75,1
13.08.2021 00:00:10.429,0.70047,0.70039,1.5,1
13.08.2021 00:00:13.046,0.70047,0.70038,1.5,1
13.08.2021 00:00:15.346,0.7005,0.70039,3,1
13.08.2021 00:00:18.386,0.7004800000000001,0.70039,1.69,1
13.08.2021 00:00:21.086,0.70047,0.70038,1,1
13.08.2021 00:00:42.615,0.70047,0.70037,1,1
13.08.2021 00:00:44.741,0.7004800000000001,0.70037,1,1
13.08.2021 00:00:51.159,0.7004600000000001,0.70035,1.25,1
13.08.2021 00:00:51.261,0.7004600000000001,0.70035,1.82,1
13.08.2021 00:00:51.482,0.70045,0.70035,1.75,1
13.08.2021 00:00:56.158,0.70044,0.70034,1.25,1
13.08.2021 00:00:56.259,0.7004100000000001,0.7003100000000001,1,1
13.08.2021 00:00:58.517,0.7004100000000001,0.7003,1.69,1
13.08.2021 00:00:58.618,0.7004,0.70029,1.69,1
13.08.2021 00:00:59.228,0.70038,0.7002700000000001,1,1
13.08.2021 00:01:04.298,0.70038,0.70028,1.5,1
13.08.2021 00:01:05.698,0.70038,0.7002700000000001,1.5,1
13.08.2021 00:01:14.507,0.70037,0.70029,1.5,1
13.08.2021 00:01:16.162,0.70038,0.7002700000000001,1,1
13.08.2021 00:01:25.054,0.70037,0.7002700000000001,1,1
13.08.2021 00:01:25.539,0.7003600000000001,0.7002600000000001,1,1
13.08.2021 00:01:26.904,0.70034,0.70024,1,1.5
13.08.2021 00:01:28.162,0.7003,0.7002200000000001,1,1
13.08.2021 00:01:28.263,0.70029,0.7002100000000001,1,1
13.08.2021 00:01:38.410,0.7003100000000001,0.7002,1,1
13.08.2021 00:01:38.561,0.70028,0.7002,1,1
13.08.2021 00:01:38.663,0.70028,0.70018,1,1
13.08.2021 00:02:00.924,0.70029,0.70018,1,1
13.08.2021 00:02:09.747,0.7002100000000001,0.70012,1.1,1
13.08.2021 00:02:09.848,0.70019,0.7001100000000001,1,1
13.08.2021 00:02:10.103,0.7002200000000001,0.70013,1,1
13.08.2021 00:02:10.204,0.70024,0.70013,2.25,1
13.08.2021 00:02:10.940,0.70024,0.70015,2.25,1
13.08.2021 00:02:11.325,0.70024,0.70014,1,1
13.08.2021 00:02:11.957,0.7002600000000001,0.7001600000000001,1.5,1
13.08.2021 00:02:27.331,0.7002600000000001,0.70015,1,1
13.08.2021 00:02:38.127,0.70024,0.70015,2.25,1
13.08.2021 00:02:38.228,0.70024,0.70013,1.5,1
13.08.2021 00:02:39.922,0.7002200000000001,0.70012,1,1
13.08.2021 00:02:40.089,0.70023,0.70013,1,1
13.08.2021 00:02:43.178,0.70024,0.70013,2.25,1
13.08.2021 00:02:44.121,0.70025,0.70014,1.5,1
13.08.2021 00:02:44.223,0.70025,0.70015,1.5,1
13.08.2021 00:02:52.540,0.70025,0.7001600000000001,1.5,1
13.08.2021 00:03:05.390,0.70024,0.7001600000000001,1.25,1
13.08.2021 00:03:05.497,0.70014,0.70007,1,1.25
13.08.2021 00:03:05.548,0.70014,0.70004,1,1
13.08.2021 00:03:05.649,0.70015,0.7000500000000001,1.31,1
13.08.2021 00:03:11.645,0.70015,0.70004,2.44,1
13.08.2021 00:03:22.464,0.70014,0.70006,1.5,1
13.08.2021 00:03:22.515,0.7001700000000001,0.70007,2.25,1
13.08.2021 00:03:22.616,0.7002,0.7001100000000001,1,1
13.08.2021 00:03:22.666,0.70023,0.70012,1,1
13.08.2021 00:03:22.717,0.70024,0.70014,1.87,1
13.08.2021 00:03:22.818,0.70025,0.70015,2.06,1
13.08.2021 00:03:27.064,0.7002600000000001,0.70015,1.69,1
13.08.2021 00:03:31.966,0.7002,0.7001100000000001,1,1.12
13.08.2021 00:03:32.068,0.70019,0.70009,1.87,1.5
13.08.2021 00:03:32.119,0.70018,0.70007,1.69,1
13.08.2021 00:03:32.220,0.7001600000000001,0.7000500000000001,1,1
13.08.2021 00:03:35.182,0.70015,0.7000500000000001,1,1
13.08.2021 00:03:44.130,0.7001600000000001,0.7000500000000001,1.25,1
13.08.2021 00:03:44.231,0.7001600000000001,0.70006,1,1
13.08.2021 00:03:47.775,0.7001700000000001,0.70006,1.5,1
13.08.2021 00:03:52.333,0.70015,0.70006,1,1
13.08.2021 00:03:52.434,0.7001000000000001,0.69998,1.5,1.5
13.08.2021 00:03:52.535,0.7001100000000001,0.7000000000000001,1.5,1
13.08.2021 00:03:52.636,0.7001100000000001,0.70001,1,1
13.08.2021 00:03:54.008,0.70013,0.70001,1,1
13.08.2021 00:04:01.975,0.70012,0.70002,1,1
13.08.2021 00:04:02.076,0.7001000000000001,0.70002,1,1
13.08.2021 00:04:02.133,0.70014,0.70002,1.69,1
13.08.2021 00:04:02.386,0.70014,0.7000500000000001,1.5,1
13.08.2021 00:04:02.487,0.7001600000000001,0.70004,2.25,1
13.08.2021 00:04:04.984,0.7001600000000001,0.7000500000000001,1,1
13.08.2021 00:04:05.085,0.7001700000000001,0.7000500000000001,2.62,1
13.08.2021 00:04:06.136,0.7001600000000001,0.7000500000000001,1,1
13.08.2021 00:04:06.462,0.7001600000000001,0.70004,1.5,1
13.08.2021 00:04:06.618,0.70015,0.70006,1,1
13.08.2021 00:04:08.497,0.70015,0.7000500000000001,1.5,1
13.08.2021 00:04:48.188,0.7001600000000001,0.7000500000000001,1,1
13.08.2021 00:04:49.611,0.70015,0.7000500000000001,1,1
13.08.2021 00:04:58.597,0.7001600000000001,0.70003,1.5,1
13.08.2021 00:04:58.802,0.7001600000000001,0.70004,1,1
13.08.2021 00:05:03.938,0.70015,0.70004,1,1
13.08.2021 00:05:09.909,0.70015,0.70003,1,1
13.08.2021 00:05:10.225,0.7001600000000001,0.70003,2.25,1
13.08.2021 00:05:12.840,0.7001600000000001,0.70004,1,1
13.08.2021 00:05:14.864,0.7001700000000001,0.70004,3.56,1
13.08.2021 00:05:17.074,0.7001600000000001,0.70006,1.5,1
13.08.2021 00:05:18.022,0.7001600000000001,0.7000500000000001,1.5,1
13.08.2021 00:05:27.950,0.7001600000000001,0.70004,1,1
13.08.2021 00:05:28.846,0.70015,0.70004,1,1
13.08.2021 00:05:28.947,0.7001700000000001,0.70004,1.5,1
13.08.2021 00:05:41.462,0.7001700000000001,0.7000500000000001,1,1
13.08.2021 00:05:47.722,0.7001600000000001,0.70007,1,1
13.08.2021 00:05:52.575,0.7001600000000001,0.70006,1,1
13.08.2021 00:05:56.098,0.7001600000000001,0.70007,1.5,1
13.08.2021 00:05:56.200,0.70018,0.70007,2.44,1
13.08.2021 00:05:57.141,0.7001600000000001,0.70008,1,1
13.08.2021 00:05:57.481,0.7001700000000001,0.70006,1,1
13.08.2021 00:05:58.505,0.7001600000000001,0.70006,1,1
13.08.2021 00:06:06.991,0.7001700000000001,0.70006,1,1
13.08.2021 00:06:10.143,0.70015,0.70007,1,1
13.08.2021 00:06:15.574,0.7001700000000001,0.70006,1.25,1
13.08.2021 00:06:16.219,0.7001700000000001,0.7000500000000001,1,1
13.08.2021 00:06:39.338,0.70013,0.70002,1,1
13.08.2021 00:06:43.544,0.70013,0.70001,1,2.06
13.08.2021 00:07:04.143,0.70014,0.70001,1,1.31
13.08.2021 00:07:23.330,0.70014,0.70002,1,1
13.08.2021 00:07:45.160,0.70014,0.70001,1,2.62
13.08.2021 00:07:49.677,0.7001000000000001,0.70001,1,1.5
13.08.2021 00:07:49.728,0.70008,0.69999,1,1.25
13.08.2021 00:07:49.778,0.70006,0.6999500000000001,1,3.5
13.08.2021 00:07:49.879,0.70004,0.69992,1,1.5
13.08.2021 00:07:49.930,0.70003,0.69991,1,2.75
13.08.2021 00:07:50.132,0.70003,0.69991,1,2.32
13.08.2021 00:07:59.314,0.70002,0.69991,1,1.5
13.08.2021 00:08:02.841,0.70001,0.69991,1,1.5
13.08.2021 00:08:02.891,0.7000000000000001,0.6998800000000001,1,2.44
13.08.2021 00:08:02.993,0.70001,0.6998800000000001,1,3.19
13.08.2021 00:08:03.493,0.69998,0.69986,1.25,1
13.08.2021 00:08:03.594,0.69997,0.69984,1.25,2
13.08.2021 00:08:03.695,0.69997,0.69984,1.25,1.87
13.08.2021 00:08:04.990,0.69997,0.69987,1.25,1
13.08.2021 00:08:06.579,0.69997,0.69986,1.69,1
13.08.2021 00:08:11.093,0.69992,0.6998500000000001,1,1
13.08.2021 00:08:11.675,0.69993,0.6998500000000001,1,1
13.08.2021 00:08:12.627,0.69994,0.6998500000000001,1,1
13.08.2021 00:08:13.684,0.69993,0.6998500000000001,1,1
13.08.2021 00:08:14.855,0.69994,0.6998500000000001,1,1
13.08.2021 00:08:15.811,0.69993,0.69984,1,1.87
13.08.2021 00:08:16.796,0.69992,0.69984,1,1.25
13.08.2021 00:08:20.423,0.69991,0.69981,1,2
13.08.2021 00:08:20.630,0.6999000000000001,0.69981,1,1
13.08.2021 00:08:30.576,0.69987,0.69977,1,1.5
13.08.2021 00:08:30.627,0.69986,0.69974,1,4.37
13.08.2021 00:08:30.678,0.69984,0.6997300000000001,1,2
13.08.2021 00:08:30.784,0.6998500000000001,0.6997300000000001,1,2
13.08.2021 00:08:32.873,0.6998500000000001,0.6997300000000001,1,1.87
13.08.2021 00:08:36.004,0.69984,0.69975,1,1
13.08.2021 00:08:36.105,0.6998500000000001,0.69972,1,1.87
13.08.2021 00:08:36.207,0.69984,0.69972,1,1.12
13.08.2021 00:08:37.206,0.6998500000000001,0.69972,1,1.87
13.08.2021 00:09:02.747,0.69984,0.69974,1.12,1
13.08.2021 00:09:06.188,0.6998500000000001,0.69972,1.25,1.5
13.08.2021 00:09:12.454,0.69984,0.69972,1,1
13.08.2021 00:09:13.550,0.6998500000000001,0.69972,1.5,1.5
13.08.2021 00:09:39.146,0.69986,0.6997300000000001,1.25,1
13.08.2021 00:09:44.291,0.6998500000000001,0.69974,1.75,1.5
13.08.2021 00:09:44.444,0.69986,0.6997300000000001,1.25,1.5
13.08.2021 00:09:57.755,0.69986,0.69974,1.25,1
13.08.2021 00:09:57.806,0.6999000000000001,0.6998000000000001,1.5,2.75
13.08.2021 00:09:57.907,0.69994,0.69981,1.5,1.69
13.08.2021 00:09:58.009,0.69993,0.6998300000000001,1,1
13.08.2021 00:09:58.729,0.69996,0.6998300000000001,1.69,1.5
13.08.2021 00:09:58.960,0.6999500000000001,0.6998300000000001,1,1
13.08.2021 00:09:59.126,0.69996,0.6998300000000001,1.69,1.5
13.08.2021 00:10:01.586,0.6999500000000001,0.69986,1,1
13.08.2021 00:10:01.687,0.70001,0.6998800000000001,2,1.5
13.08.2021 00:10:01.788,0.70001,0.6998800000000001,2.14,1
13.08.2021 00:10:03.230,0.7000000000000001,0.69987,1,1.5
13.08.2021 00:10:13.809,0.70001,0.6999000000000001,1,4.5
13.08.2021 00:10:13.910,0.7000500000000001,0.69992,1.12,2.69
13.08.2021 00:10:14.012,0.70003,0.69992,1,1
13.08.2021 00:10:14.113,0.70002,0.69991,1,1.12
13.08.2021 00:10:14.214,0.70002,0.6999000000000001,1,4.39
13.08.2021 00:10:20.853,0.70001,0.69991,1,4.37
13.08.2021 00:10:21.145,0.70002,0.6999000000000001,1,3.56
13.08.2021 00:10:21.749,0.70002,0.6999000000000001,1,2.87
13.08.2021 00:10:22.277,0.70002,0.69992,1,1.69
13.08.2021 00:10:22.328,0.70001,0.69991,1,2.81
13.08.2021 00:10:27.383,0.70003,0.6999000000000001,1,2.81
13.08.2021 00:10:31.498,0.69999,0.69987,1,3.94
13.08.2021 00:10:31.599,0.7000000000000001,0.69987,1,1.69
13.08.2021 00:10:32.579,0.69999,0.69987,1,1.69
13.08.2021 00:10:41.069,0.70001,0.69989,1,1
13.08.2021 00:10:41.181,0.7000000000000001,0.69987,1.69,1
13.08.2021 00:10:44.154,0.69998,0.69987,1,1
13.08.2021 00:10:51.500,0.7000000000000001,0.6998800000000001,1.69,2.25
13.08.2021 00:10:51.601,0.69997,0.6998500000000001,1,1.5
13.08.2021 00:10:51.702,0.6999500000000001,0.6998500000000001,1,1.5
13.08.2021 00:11:07.988,0.69996,0.6998500000000001,1,1.5
13.08.2021 00:11:21.441,0.6999500000000001,0.6998300000000001,1,1.5
13.08.2021 00:11:38.610,0.69996,0.6998300000000001,1.69,1.5
13.08.2021 00:11:48.188,0.6999500000000001,0.69982,1,1.5
13.08.2021 00:11:53.856,0.6999500000000001,0.6998300000000001,1,1
13.08.2021 00:11:54.714,0.69996,0.6998300000000001,3.19,1
13.08.2021 00:11:55.105,0.6999500000000001,0.69982,1,1.5
13.08.2021 00:12:07.492,0.6999500000000001,0.6998300000000001,1,1
13.08.2021 00:12:10.094,0.6999500000000001,0.69982,1,3.19
13.08.2021 00:12:10.195,0.69996,0.69984,1,1
13.08.2021 00:12:11.078,0.6999500000000001,0.69984,1,1
13.08.2021 00:12:19.868,0.6999500000000001,0.6998300000000001,1,1
13.08.2021 00:12:47.822,0.69993,0.69984,1,1
13.08.2021 00:13:13.232,0.6999500000000001,0.69982,1,2.44
13.08.2021 00:13:16.378,0.69994,0.69982,1,1.87
13.08.2021 00:13:16.479,0.69994,0.6998300000000001,1,1
13.08.2021 00:13:16.580,0.69993,0.6998300000000001,1,1
13.08.2021 00:13:17.037,0.69994,0.6998300000000001,1.5,1
13.08.2021 00:13:17.138,0.69994,0.69982,1,1.5
13.08.2021 00:13:20.109,0.69994,0.6998300000000001,1,1
13.08.2021 00:13:21.399,0.6999500000000001,0.6998300000000001,1,1
13.08.2021 00:13:22.522,0.69998,0.69987,1,1.25
13.08.2021 00:13:22.623,0.7000000000000001,0.6998800000000001,1.69,2.25
13.08.2021 00:13:24.396,0.70001,0.69989,4,1
13.08.2021 00:13:24.497,0.69999,0.6998800000000001,1,1
13.08.2021 00:13:31.538,0.69998,0.69987,1,1.5
13.08.2021 00:13:33.822,0.69997,0.6998500000000001,1,1
13.08.2021 00:13:34.258,0.69996,0.69984,1,2.81
13.08.2021 00:13:42.443,0.6999500000000001,0.69984,1,1
13.08.2021 00:13:43.755,0.69996,0.69984,1,1
13.08.2021 00:13:47.412,0.6999500000000001,0.69984,1,1
13.08.2021 00:13:48.037,0.6999500000000001,0.6998300000000001,1,1.5
13.08.2021 00:13:48.139,0.69993,0.6998300000000001,1,1
13.08.2021 00:13:48.241,0.69992,0.69982,1,1.12
13.08.2021 00:13:48.291,0.6999000000000001,0.6998000000000001,1,1.62
13.08.2021 00:13:48.393,0.6999000000000001,0.6997800000000001,1,1.5
13.08.2021 00:13:48.595,0.6998800000000001,0.69979,1,1
13.08.2021 00:13:48.747,0.6998800000000001,0.6997800000000001,1,1
13.08.2021 00:13:48.848,0.6998800000000001,0.69976,1,1.87
13.08.2021 00:13:48.898,0.69986,0.69974,1,2.25
13.08.2021 00:13:49.074,0.6998500000000001,0.69974,1,1
13.08.2021 00:13:49.175,0.69986,0.6997300000000001,1,2.25
13.08.2021 00:13:59.416,0.69984,0.69974,1,1.5
13.08.2021 00:14:02.296,0.6998500000000001,0.69975,1,1
13.08.2021 00:14:02.347,0.69989,0.69977,1,1
13.08.2021 00:14:02.448,0.6999000000000001,0.6997800000000001,1,1
13.08.2021 00:14:02.499,0.69992,0.6998000000000001,1.75,1.5
13.08.2021 00:14:02.600,0.69989,0.6997800000000001,1,1
13.08.2021 00:14:02.701,0.69989,0.69977,1,1.12
13.08.2021 00:14:02.802,0.6999000000000001,0.69977,1,1.5
13.08.2021 00:14:03.732,0.69989,0.69979,1,1
13.08.2021 00:14:06.660,0.6998800000000001,0.6997800000000001,1,1
13.08.2021 00:14:06.887,0.6999000000000001,0.69977,1.5,1
13.08.2021 00:14:11.866,0.69993,0.69981,2.62,1
13.08.2021 00:14:11.967,0.69994,0.69981,2.44,1.5
13.08.2021 00:14:12.560,0.6999500000000001,0.69982,2.25,1
13.08.2021 00:14:12.661,0.6999500000000001,0.6998300000000001,2.25,1
13.08.2021 00:14:12.882,0.6999500000000001,0.6998300000000001,2.5,1
13.08.2021 00:14:15.238,0.69992,0.69984,1,1
13.08.2021 00:14:15.809,0.69992,0.69982,1,1
13.08.2021 00:14:16.106,0.69993,0.6998300000000001,1,1
13.08.2021 00:14:18.076,0.6999500000000001,0.69982,1,1.5
13.08.2021 00:14:18.418,0.69994,0.69982,1.25,1
13.08.2021 00:14:24.187,0.69993,0.69982,1,1
13.08.2021 00:14:41.110,0.69994,0.69982,1,1.5
13.08.2021 00:14:41.212,0.69994,0.6998300000000001,1,1
13.08.2021 00:14:41.314,0.69993,0.6998300000000001,1,1
13.08.2021 00:14:41.697,0.69993,0.69981,1,1.87
13.08.2021 00:15:02.075,0.69994,0.69982,1,1
13.08.2021 00:15:02.176,0.69994,0.69981,1,2.62
13.08.2021 00:15:02.277,0.69993,0.69981,1,1
13.08.2021 00:15:02.548,0.69994,0.69981,1.5,1.5
13.08.2021 00:15:03.573,0.69994,0.69982,1,1
13.08.2021 00:15:03.977,0.69993,0.69981,1,1
13.08.2021 00:15:04.128,0.69993,0.6998300000000001,1,1
13.08.2021 00:15:12.164,0.69993,0.69984,1.25,1
13.08.2021 00:15:13.707,0.69993,0.6998300000000001,1,1
13.08.2021 00:15:14.060,0.69994,0.6998300000000001,1,3.82
13.08.2021 00:15:14.112,0.69998,0.6998800000000001,1.25,1
13.08.2021 00:15:14.163,0.7000000000000001,0.6998800000000001,1.5,3
13.08.2021 00:15:14.214,0.69998,0.69989,1.5,1
13.08.2021 00:15:14.264,0.7000000000000001,0.6998800000000001,1,1.5
13.08.2021 00:15:14.315,0.6999500000000001,0.6998500000000001,1,3.19
13.08.2021 00:15:14.416,0.6999500000000001,0.69984,1,1.5
13.08.2021 00:15:15.208,0.69999,0.69987,1,1.5
13.08.2021 00:15:24.075,0.69999,0.69987,1,2.75
13.08.2021 00:15:24.238,0.69999,0.69987,1,2.25
13.08.2021 00:15:24.619,0.69997,0.69986,1,1
13.08.2021 00:15:26.929,0.69996,0.69986,1,1
13.08.2021 00:15:26.980,0.69994,0.6998500000000001,1,2.25
13.08.2021 00:15:49.620,0.6999500000000001,0.6998300000000001,1,1.87
13.08.2021 00:16:36.576,0.69994,0.69982,1,1.87
13.08.2021 00:16:49.988,0.6999500000000001,0.69982,1,2.62
13.08.2021 00:17:07.085,0.69994,0.69984,1,1
13.08.2021 00:17:09.865,0.69994,0.6998500000000001,1,1
13.08.2021 00:17:09.916,0.69998,0.69986,1,1.5
13.08.2021 00:17:10.017,0.69999,0.69986,1,2.25
13.08.2021 00:17:19.579,0.69998,0.6998800000000001,1,1
13.08.2021 00:17:22.415,0.69998,0.69987,1,1.5
13.08.2021 00:17:23.779,0.6999500000000001,0.69987,1,1
13.08.2021 00:17:23.880,0.6999500000000001,0.69984,1,2
13.08.2021 00:17:25.496,0.69996,0.69984,1,2
13.08.2021 00:17:26.758,0.6999500000000001,0.69984,1,2
13.08.2021 00:17:31.601,0.69996,0.69987,1,1
13.08.2021 00:17:31.702,0.69997,0.69986,1,1
13.08.2021 00:17:36.827,0.69994,0.69984,1,1.87
13.08.2021 00:17:38.430,0.69992,0.69984,1,1.5
13.08.2021 00:17:38.531,0.69992,0.69982,1,2
13.08.2021 00:17:46.817,0.69993,0.69981,1,1.87
13.08.2021 00:17:47.611,0.69993,0.69982,1,1
13.08.2021 00:17:47.661,0.6999000000000001,0.6998000000000001,1,1
13.08.2021 00:17:47.763,0.69989,0.69979,1,3.5
13.08.2021 00:17:47.864,0.6999000000000001,0.6997800000000001,1,2.25
13.08.2021 00:17:55.621,0.69987,0.69977,1,1.25
13.08.2021 00:17:58.222,0.6998500000000001,0.69977,1,1
13.08.2021 00:18:00.863,0.69986,0.69977,1,1
13.08.2021 00:18:06.519,0.69986,0.69976,1,1
13.08.2021 00:18:09.414,0.6998500000000001,0.69976,1,1
13.08.2021 00:18:18.418,0.69986,0.69976,1,1
13.08.2021 00:18:19.617,0.69986,0.69975,1,1
13.08.2021 00:18:22.257,0.69984,0.69976,1,1
13.08.2021 00:18:23.172,0.6998500000000001,0.69977,1,1
13.08.2021 00:18:23.804,0.6998500000000001,0.69975,1,1
13.08.2021 00:18:25.658,0.6998300000000001,0.6997300000000001,1,1.87
13.08.2021 00:18:30.189,0.69984,0.6997300000000001,1,1.12
13.08.2021 00:18:33.959,0.69984,0.69972,1,1.87
13.08.2021 00:18:40.471,0.6998300000000001,0.69972,1,1.87
13.08.2021 00:19:03.962,0.69982,0.69975,1,1
13.08.2021 00:19:09.722,0.69982,0.6997300000000001,1,1.87
13.08.2021 00:19:46.155,0.69984,0.69972,1,1.87
13.08.2021 00:19:50.368,0.69984,0.6997300000000001,1,1
13.08.2021 00:19:50.532,0.69984,0.69972,1,2.81
13.08.2021 00:19:59.936,0.69981,0.6997,1,1.12
13.08.2021 00:20:00.037,0.69979,0.6996600000000001,2.5,2
13.08.2021 00:20:00.139,0.69976,0.69964,1,1.5
13.08.2021 00:20:00.240,0.69975,0.69964,1,1.5
13.08.2021 00:20:01.289,0.69975,0.69965,1,1
13.08.2021 00:20:11.398,0.69975,0.69964,1,1.5
13.08.2021 00:20:11.695,0.69976,0.69964,1,1.5
13.08.2021 00:20:16.016,0.69974,0.69964,1,1
13.08.2021 00:20:16.268,0.69976,0.69964,1,1
13.08.2021 00:20:24.469,0.69975,0.69964,1,1
13.08.2021 00:20:25.589,0.69974,0.6996300000000001,1,1
13.08.2021 00:20:30.692,0.69974,0.69962,1,2.62
13.08.2021 00:20:59.366,0.6997300000000001,0.69964,1,1
13.08.2021 00:21:00.821,0.69974,0.6996300000000001,1,1.5
13.08.2021 00:21:01.020,0.69974,0.6996300000000001,1,1
13.08.2021 00:21:11.661,0.69974,0.69962,1,3.56
13.08.2021 00:21:15.359,0.69975,0.6996300000000001,1,1
13.08.2021 00:22:01.863,0.69976,0.69967,1,1
13.08.2021 00:22:01.966,0.6997800000000001,0.6996800000000001,2,1.25
13.08.2021 00:22:02.067,0.69977,0.6996600000000001,1,3.56
13.08.2021 00:22:02.564,0.69979,0.6997,2.25,1
13.08.2021 00:22:03.148,0.6998000000000001,0.6996800000000001,1.5,1
13.08.2021 00:22:13.688,0.69979,0.6996800000000001,1,1
13.08.2021 00:22:15.654,0.6997800000000001,0.6996600000000001,1.5,1
13.08.2021 00:22:16.366,0.69976,0.69965,1,1
13.08.2021 00:22:24.398,0.69976,0.69964,1,1
13.08.2021 00:22:42.240,0.69977,0.6996600000000001,1,1
13.08.2021 00:22:42.341,0.6997800000000001,0.6996800000000001,1.87,1
13.08.2021 00:22:44.240,0.6998000000000001,0.69969,1.5,1
13.08.2021 00:22:45.686,0.69977,0.6996800000000001,1,1
13.08.2021 00:22:45.787,0.6997800000000001,0.6996600000000001,1,1
13.08.2021 00:22:46.300,0.69979,0.69967,1,1
13.08.2021 00:22:46.812,0.6997800000000001,0.6996600000000001,1,1
13.08.2021 00:23:00.241,0.69979,0.69967,1.5,1
13.08.2021 00:23:02.225,0.69982,0.69971,1.5,1
13.08.2021 00:23:02.327,0.69984,0.69974,1,1
13.08.2021 00:23:02.428,0.69986,0.69974,2.25,1
13.08.2021 00:23:02.531,0.69986,0.69975,1.5,1
13.08.2021 00:23:06.151,0.69987,0.69975,3,1
13.08.2021 00:23:06.606,0.69989,0.6998000000000001,1.12,1
13.08.2021 00:23:06.758,0.6999000000000001,0.6998000000000001,1,1
13.08.2021 00:23:06.867,0.6999000000000001,0.69981,1.5,1
13.08.2021 00:23:07.018,0.69991,0.69979,2.25,1
13.08.2021 00:23:11.957,0.69987,0.69977,1,1
13.08.2021 00:23:21.001,0.69989,0.69976,2.25,1
13.08.2021 00:23:25.363,0.6998800000000001,0.69976,1,1
13.08.2021 00:23:28.892,0.6998800000000001,0.69977,2.25,1
13.08.2021 00:23:28.993,0.6999000000000001,0.6997800000000001,1,1
13.08.2021 00:23:29.095,0.69991,0.69979,1.5,1
13.08.2021 00:23:33.781,0.69992,0.69979,1,1
13.08.2021 00:23:33.883,0.69992,0.6998000000000001,1,1
13.08.2021 00:23:36.608,0.69993,0.69981,2.25,1
13.08.2021 00:23:41.419,0.69993,0.6998000000000001,2.25,1
13.08.2021 00:23:51.849,0.6999500000000001,0.6998300000000001,1,1
13.08.2021 00:23:51.950,0.69996,0.69984,1,1
13.08.2021 00:23:53.227,0.69996,0.6998500000000001,3,1
13.08.2021 00:23:56.470,0.69996,0.6998300000000001,1,1
13.08.2021 00:24:09.497,0.6999500000000001,0.6998300000000001,1,1
13.08.2021 00:24:18.132,0.69996,0.6998300000000001,1.5,1
13.08.2021 00:24:18.535,0.69996,0.69984,1,1
13.08.2021 00:24:30.792,0.6999500000000001,0.6998300000000001,1,1
13.08.2021 00:25:29.465,0.69996,0.69984,1,1
13.08.2021 00:26:28.555,0.6999500000000001,0.69984,1,1
13.08.2021 00:26:40.883,0.69996,0.6998500000000001,1.5,1
13.08.2021 00:26:41.138,0.6999500000000001,0.69984,1,1
13.08.2021 00:26:45.189,0.69996,0.6998500000000001,1.5,1
13.08.2021 00:26:53.478,0.6999500000000001,0.69984,1,1
13.08.2021 00:27:03.185,0.6999000000000001,0.69981,1.25,1
13.08.2021 00:27:03.236,0.69989,0.69979,1,1
13.08.2021 00:27:03.337,0.69987,0.69979,1,1
13.08.2021 00:27:03.980,0.69987,0.69976,2.5,1
13.08.2021 00:27:04.031,0.6998500000000001,0.69974,1,1
13.08.2021 00:27:04.081,0.6998300000000001,0.69972,2.25,1.5
13.08.2021 00:27:04.182,0.6998300000000001,0.69972,2.25,1
13.08.2021 00:27:04.385,0.69981,0.69972,1.69,1
13.08.2021 00:27:04.536,0.69979,0.6996800000000001,1.5,1
13.08.2021 00:27:04.637,0.69976,0.6996800000000001,1,1
13.08.2021 00:27:04.738,0.69977,0.6996600000000001,1,1
13.08.2021 00:27:10.874,0.6998000000000001,0.6997,1,1
13.08.2021 00:27:10.976,0.69981,0.69971,1.69,1
13.08.2021 00:27:15.500,0.6998000000000001,0.69969,1.25,1
13.08.2021 00:27:17.050,0.69979,0.69972,1.25,1
13.08.2021 00:27:32.869,0.69982,0.6997300000000001,1.5,1
13.08.2021 00:27:32.970,0.6998500000000001,0.69976,1.12,1
13.08.2021 00:27:33.021,0.69984,0.69972,2.26,1
13.08.2021 00:27:33.122,0.69984,0.69972,1.76,1
13.08.2021 00:27:33.173,0.6998500000000001,0.69976,1.82,1
13.08.2021 00:27:33.299,0.6998500000000001,0.69976,1.01,1
13.08.2021 00:27:35.975,0.6998500000000001,0.69977,2.44,1
13.08.2021 00:27:51.864,0.69987,0.69976,3.19,1
13.08.2021 00:28:04.970,0.69987,0.69977,3,1
13.08.2021 00:28:20.949,0.6998800000000001,0.69977,2.44,1
13.08.2021 00:28:28.479,0.69986,0.69977,1,1
13.08.2021 00:28:47.755,0.69987,0.6997800000000001,1,1.5
13.08.2021 00:28:47.806,0.69991,0.69981,2.25,1
13.08.2021 00:28:47.907,0.69992,0.69982,1,1
13.08.2021 00:28:48.013,0.69993,0.6998300000000001,1,1
13.08.2021 00:28:51.664,0.69994,0.6998300000000001,1.5,1
13.08.2021 00:29:04.067,0.69993,0.69982,1,1
13.08.2021 00:29:04.168,0.69992,0.69982,1,1
13.08.2021 00:29:04.270,0.6999000000000001,0.69979,1,1.12
13.08.2021 00:29:05.561,0.69987,0.69976,1,1
13.08.2021 00:29:05.993,0.69986,0.69975,1,1
13.08.2021 00:29:09.644,0.69982,0.6997300000000001,1,1
13.08.2021 00:29:09.746,0.6998300000000001,0.69974,1,1
13.08.2021 00:29:15.189,0.6998500000000001,0.69974,1,1
13.08.2021 00:29:24.989,0.6998500000000001,0.69975,1,1
13.08.2021 00:29:25.719,0.69986,0.69975,1,1
13.08.2021 00:29:26.038,0.69987,0.69976,1,1
13.08.2021 00:29:59.493,0.69986,0.69975,1,1
13.08.2021 00:30:54.696,0.6998800000000001,0.69979,1,1
13.08.2021 00:30:54.747,0.6999000000000001,0.6998000000000001,1,1
13.08.2021 00:30:54.849,0.69991,0.6998000000000001,1.5,1
13.08.2021 00:30:54.899,0.69991,0.69984,1.5,1
13.08.2021 00:30:54.950,0.69994,0.6998300000000001,1.69,1
13.08.2021 00:30:57.485,0.69994,0.6998500000000001,1.5,1
13.08.2021 00:30:57.536,0.69997,0.69986,1.87,1
13.08.2021 00:30:57.920,0.69997,0.6998800000000001,1.5,1
13.08.2021 00:30:58.021,0.7000000000000001,0.69989,1.87,1
13.08.2021 00:31:01.842,0.70004,0.69993,1.5,1
13.08.2021 00:31:02.047,0.70004,0.69993,1,1
13.08.2021 00:31:19.721,0.70003,0.69993,1,1
13.08.2021 00:31:19.822,0.70002,0.69992,1,1
13.08.2021 00:31:20.025,0.70001,0.69992,1,1
13.08.2021 00:32:22.541,0.70003,0.69992,1,1
13.08.2021 00:32:56.675,0.70003,0.69991,1.5,1
13.08.2021 00:33:07.199,0.7000500000000001,0.69994,1,1
13.08.2021 00:33:18.543,0.70006,0.69994,2.62,1
13.08.2021 00:33:31.065,0.70006,0.6999500000000001,2.25,1
13.08.2021 00:33:51.828,0.70001,0.69993,1,1
13.08.2021 00:33:51.879,0.7000000000000001,0.69991,1,1
13.08.2021 00:34:11.473,0.7000000000000001,0.69989,1,1
13.08.2021 00:34:23.773,0.70001,0.6999000000000001,1,1
13.08.2021 00:34:35.011,0.70002,0.69991,1.5,1
13.08.2021 00:34:45.238,0.70001,0.6999000000000001,1,1
13.08.2021 00:34:49.067,0.70002,0.69991,1,1
13.08.2021 00:34:50.547,0.70002,0.6999000000000001,1,1
13.08.2021 00:35:00.818,0.70002,0.69992,3.37,1
13.08.2021 00:35:00.919,0.70002,0.69991,1.5,1
13.08.2021 00:35:01.121,0.70004,0.69993,1,1
13.08.2021 00:35:08.728,0.70004,0.69992,1.5,1
13.08.2021 00:35:08.844,0.70003,0.69991,1,1
13.08.2021 00:35:11.546,0.70002,0.69991,1,1
13.08.2021 00:35:14.927,0.70002,0.6999000000000001,1,1
13.08.2021 00:35:16.557,0.7000000000000001,0.6999000000000001,1,1
13.08.2021 00:35:20.867,0.70001,0.69989,1,1.5
13.08.2021 00:35:21.067,0.70001,0.69989,1,1
13.08.2021 00:35:41.998,0.70001,0.6999000000000001,1,1
13.08.2021 00:35:57.277,0.70001,0.69989,1.5,1
13.08.2021 00:36:38.998,0.70001,0.69989,1.5,1.5
13.08.2021 00:36:39.204,0.70001,0.69989,1.5,1
13.08.2021 00:36:39.680,0.7000000000000001,0.69989,1,1
13.08.2021 00:36:39.781,0.69998,0.69987,1,1
13.08.2021 00:36:39.882,0.69998,0.69986,1,1
13.08.2021 00:36:44.499,0.69997,0.69986,1,1
13.08.2021 00:36:50.704,0.69997,0.6998500000000001,1.5,1
13.08.2021 00:36:55.449,0.69997,0.69986,1.12,1
13.08.2021 00:37:00.965,0.69999,0.6998800000000001,1,1
13.08.2021 00:37:01.067,0.70001,0.69989,3.12,1
13.08.2021 00:37:01.168,0.7000000000000001,0.69991,1.5,1
13.08.2021 00:37:03.199,0.69999,0.6999000000000001,1,1
13.08.2021 00:37:03.300,0.69998,0.6998800000000001,1.5,1
13.08.2021 00:37:03.350,0.69997,0.69987,2.25,1
13.08.2021 00:37:35.273,0.69999,0.69987,1.12,1
13.08.2021 00:37:35.541,0.69999,0.6999000000000001,1.5,1
13.08.2021 00:37:41.341,0.70001,0.69989,2.44,1
13.08.2021 00:37:45.969,0.69999,0.69987,2.25,1
13.08.2021 00:37:46.070,0.69997,0.6998800000000001,1,1
13.08.2021 00:38:09.952,0.69998,0.69987,1.75,1
13.08.2021 00:38:22.575,0.69997,0.69987,1.25,1
13.08.2021 00:38:25.397,0.69997,0.6998800000000001,1.25,1
13.08.2021 00:38:25.502,0.69997,0.69987,1.25,1
13.08.2021 00:38:30.290,0.69996,0.69987,1.25,1
13.08.2021 00:38:30.341,0.69997,0.69987,1.01,1
13.08.2021 00:38:45.508,0.69997,0.69987,1.82,1
13.08.2021 00:38:45.752,0.69997,0.69987,1.25,1
13.08.2021 00:38:47.145,0.69998,0.69987,2.06,1
13.08.2021 00:38:47.246,0.69998,0.6998800000000001,1.31,1
13.08.2021 00:39:04.460,0.69999,0.6999000000000001,2.56,1
13.08.2021 00:39:04.561,0.69999,0.69991,1.5,1
13.08.2021 00:39:05.831,0.69999,0.69991,1.12,1
13.08.2021 00:39:08.882,0.7000000000000001,0.69992,1.12,1
13.08.2021 00:39:12.740,0.69999,0.69991,1,1
13.08.2021 00:39:14.694,0.7000000000000001,0.69991,1,1
13.08.2021 00:39:15.743,0.70002,0.69991,2.06,1
13.08.2021 00:39:21.049,0.70001,0.69993,1.31,1
13.08.2021 00:39:52.866,0.70001,0.69991,1,1
13.08.2021 00:39:52.967,0.7000000000000001,0.6999000000000001,2.25,1
13.08.2021 00:39:53.498,0.70001,0.6999000000000001,1.87,1
13.08.2021 00:39:54.540,0.70001,0.69991,1.87,1
13.08.2021 00:39:54.742,0.70002,0.69991,1.12,1
13.08.2021 00:40:06.732,0.70001,0.6999000000000001,1,1
13.08.2021 00:40:09.695,0.69999,0.6998800000000001,1,1
13.08.2021 00:40:10.200,0.69997,0.69986,1,1
13.08.2021 00:40:12.874,0.6999500000000001,0.69984,1.79,1.5
13.08.2021 00:40:12.975,0.69992,0.69982,1,1
13.08.2021 00:40:13.076,0.69993,0.69982,1,1.5
13.08.2021 00:40:16.109,0.69994,0.6998300000000001,1,1.5
13.08.2021 00:40:16.210,0.69996,0.6998500000000001,1,1
13.08.2021 00:40:20.343,0.6999500000000001,0.69984,1,1.5
13.08.2021 00:40:32.758,0.69993,0.69984,1.25,1
13.08.2021 00:40:32.859,0.69993,0.69982,1,1
13.08.2021 00:40:32.961,0.69991,0.69981,1,1.5
13.08.2021 00:40:39.188,0.69991,0.69982,1,1
13.08.2021 00:40:44.574,0.69991,0.6998000000000001,1,1
13.08.2021 00:40:45.733,0.69992,0.6998000000000001,1.69,1
13.08.2021 00:40:54.455,0.69991,0.6998000000000001,1,1
13.08.2021 00:40:54.556,0.69991,0.69982,1.5,1
13.08.2021 00:40:56.260,0.69991,0.6998000000000001,1,1
13.08.2021 00:40:56.660,0.69992,0.6998000000000001,1.69,1
13.08.2021 00:40:57.654,0.69991,0.6998000000000001,1,1
13.08.2021 00:40:58.034,0.69991,0.69981,1.69,1
13.08.2021 00:40:58.307,0.69992,0.69981,1.5,1
13.08.2021 00:40:58.710,0.69991,0.6998000000000001,1,1
13.08.2021 00:40:59.118,0.69992,0.6998000000000001,1.69,1
13.08.2021 00:40:59.421,0.69991,0.6998000000000001,1,1
13.08.2021 00:40:59.626,0.69992,0.6998000000000001,1.69,1
13.08.2021 00:40:59.839,0.6999000000000001,0.69981,1,1
13.08.2021 00:41:00.045,0.69991,0.69981,1.69,1
13.08.2021 00:41:00.297,0.69991,0.6998000000000001,1,1
13.08.2021 00:41:00.820,0.69992,0.69981,1.5,1
13.08.2021 00:41:01.128,0.69991,0.6998000000000001,1,1
13.08.2021 00:41:01.229,0.69992,0.6998000000000001,1.5,1
13.08.2021 00:41:01.969,0.69991,0.6998000000000001,1,1
13.08.2021 00:41:02.230,0.69992,0.6998000000000001,1.69,1
13.08.2021 00:41:02.535,0.69992,0.69981,1.5,1
13.08.2021 00:41:02.845,0.69991,0.69981,1.69,1
13.08.2021 00:41:02.946,0.69992,0.69981,1.5,1
13.08.2021 00:41:03.264,0.69992,0.6998000000000001,1.5,1
13.08.2021 00:41:03.466,0.69991,0.69982,1.5,1
13.08.2021 00:41:05.451,0.69991,0.69981,1.69,1
13.08.2021 00:41:05.557,0.69992,0.69981,1.5,1
13.08.2021 00:41:05.877,0.69991,0.69981,1.69,1
13.08.2021 00:41:06.512,0.69991,0.69982,1.5,1
13.08.2021 00:41:06.814,0.69992,0.6998000000000001,1.5,1
13.08.2021 00:41:07.318,0.69992,0.69981,1,1
13.08.2021 00:41:07.742,0.69992,0.6998000000000001,1.5,1
13.08.2021 00:41:07.987,0.69992,0.69981,1.69,1
13.08.2021 00:41:08.911,0.69992,0.6998000000000001,1.69,1
13.08.2021 00:41:09.063,0.69992,0.69981,1.5,1
13.08.2021 00:41:09.947,0.69992,0.6998000000000001,1.69,1
13.08.2021 00:41:10.568,0.69992,0.69981,1.5,1
13.08.2021 00:41:11.966,0.69992,0.6998000000000001,1.5,1
13.08.2021 00:41:13.110,0.69991,0.6998000000000001,1,1
13.08.2021 00:41:13.504,0.69992,0.6998000000000001,1.69,1
13.08.2021 00:41:14.652,0.69991,0.6998000000000001,1,1
13.08.2021 00:41:16.368,0.69991,0.69981,1.69,1
13.08.2021 00:41:17.875,0.69991,0.6998000000000001,1,1
13.08.2021 00:41:18.267,0.69992,0.6998000000000001,1.69,1
13.08.2021 00:41:19.738,0.69991,0.6998000000000001,1,1
13.08.2021 00:41:20.097,0.69992,0.6998000000000001,1.69,1
13.08.2021 00:41:21.589,0.6999000000000001,0.69981,1,1
13.08.2021 00:41:21.910,0.69992,0.6998000000000001,1.69,1
13.08.2021 00:41:22.948,0.69991,0.6998000000000001,1,1
13.08.2021 00:41:23.149,0.69992,0.69981,1.25,1
13.08.2021 00:41:25.440,0.69992,0.6998000000000001,1.69,1
13.08.2021 00:41:26.719,0.69992,0.69981,1.25,1
13.08.2021 00:41:28.826,0.69992,0.69982,1,1
13.08.2021 00:41:29.027,0.69992,0.69981,1.25,1
13.08.2021 00:41:30.819,0.69992,0.6998000000000001,1.69,1
13.08.2021 00:41:31.942,0.69992,0.69981,1,1
13.08.2021 00:41:32.624,0.69991,0.69981,1,1
13.08.2021 00:41:32.926,0.69992,0.69981,1.25,1
13.08.2021 00:41:33.178,0.69991,0.69981,1,1
13.08.2021 00:41:33.750,0.6999500000000001,0.69984,1.5,1
13.08.2021 00:41:33.801,0.69997,0.69982,2.62,1.5
13.08.2021 00:41:33.903,0.69997,0.6998500000000001,1.37,1
13.08.2021 00:41:34.004,0.69996,0.69986,1.12,1
13.08.2021 00:41:39.522,0.69997,0.69984,1.12,1
13.08.2021 00:41:52.787,0.69997,0.69987,3.01,1
13.08.2021 00:41:52.952,0.69996,0.69986,1.12,1
13.08.2021 00:41:53.245,0.69998,0.69986,2.94,1
13.08.2021 00:41:57.818,0.69998,0.69986,2.62,1
13.08.2021 00:41:57.975,0.69998,0.69989,1.87,1
13.08.2021 00:41:58.076,0.70001,0.6999000000000001,1.5,1
13.08.2021 00:41:58.228,0.70002,0.6999000000000001,2.7,1
13.08.2021 00:42:01.585,0.70001,0.6999000000000001,1.25,1
13.08.2021 00:42:01.636,0.69998,0.69989,1,1
13.08.2021 00:42:01.741,0.69999,0.69987,1.5,1
13.08.2021 00:42:02.751,0.69997,0.6998800000000001,1,1
13.08.2021 00:42:04.356,0.69997,0.6998500000000001,1,1
13.08.2021 00:42:15.512,0.69996,0.69984,1,1
13.08.2021 00:42:26.532,0.69994,0.6998500000000001,1,1
13.08.2021 00:42:27.154,0.69996,0.69984,2.25,1
13.08.2021 00:42:27.548,0.69997,0.6998500000000001,2.06,1
13.08.2021 00:42:27.700,0.6999500000000001,0.6998500000000001,1,1
13.08.2021 00:42:27.905,0.69997,0.6998500000000001,2.06,1
13.08.2021 00:42:28.057,0.69996,0.69984,1,1
13.08.2021 00:42:42.502,0.6999500000000001,0.69984,1,1
13.08.2021 00:42:58.807,0.69996,0.69984,1.25,1
13.08.2021 00:42:58.909,0.69997,0.6998500000000001,2.06,1
13.08.2021 00:43:03.189,0.69996,0.69984,1,1
13.08.2021 00:43:03.553,0.6999500000000001,0.6998300000000001,1,3
13.08.2021 00:43:03.603,0.69993,0.69982,1,3
13.08.2021 00:43:06.391,0.69994,0.69982,1,3
13.08.2021 00:43:06.645,0.69994,0.6998300000000001,1,1
13.08.2021 00:43:09.216,0.6999500000000001,0.6998300000000001,1,1
13.08.2021 00:43:09.317,0.69996,0.6998500000000001,1,1
13.08.2021 00:43:09.553,0.6999500000000001,0.6998500000000001,1,1
13.08.2021 00:43:10.447,0.69997,0.6998500000000001,1.31,1
13.08.2021 00:43:14.819,0.69998,0.69986,2.81,1
13.08.2021 00:43:15.260,0.69998,0.69989,1,1
13.08.2021 00:43:15.311,0.70002,0.6999000000000001,2.5,1
13.08.2021 00:43:15.412,0.70002,0.69991,1.12,1
13.08.2021 00:43:15.829,0.70003,0.69992,1,1
13.08.2021 00:43:16.910,0.70001,0.69992,1,1
13.08.2021 00:43:17.738,0.7000000000000001,0.6999000000000001,1,1
13.08.2021 00:43:23.564,0.70001,0.69992,1,1
13.08.2021 00:43:35.132,0.69999,0.6998800000000001,1.25,1.12
13.08.2021 00:43:35.233,0.69998,0.69987,1.5,1.5
13.08.2021 00:43:35.334,0.69998,0.69987,1.5,1
13.08.2021 00:43:37.363,0.69996,0.69987,1,1
13.08.2021 00:43:42.239,0.69996,0.6998500000000001,1,1
13.08.2021 00:43:50.556,0.6999500000000001,0.69984,1,1
13.08.2021 00:43:58.426,0.69996,0.6998500000000001,1,1
13.08.2021 00:44:03.014,0.69996,0.69984,1,1
13.08.2021 00:44:05.113,0.69996,0.69986,1.31,1
13.08.2021 00:44:06.055,0.69999,0.6998800000000001,1.12,1
13.08.2021 00:44:07.109,0.69999,0.69989,1.12,1
13.08.2021 00:44:10.326,0.69999,0.6999000000000001,1.25,1
13.08.2021 00:44:14.605,0.70001,0.69989,1.31,1
13.08.2021 00:44:14.706,0.70002,0.6999000000000001,2.19,1
13.08.2021 00:44:17.869,0.70001,0.69991,2.06,1
13.08.2021 00:45:09.814,0.69999,0.6998800000000001,1.69,1
13.08.2021 00:45:09.915,0.69999,0.69987,2.44,1
13.08.2021 00:45:16.458,0.69998,0.69986,1.25,1
13.08.2021 00:45:16.570,0.69997,0.69986,1.69,1
13.08.2021 00:45:16.998,0.69998,0.6998500000000001,1.75,1
13.08.2021 00:45:29.524,0.69997,0.69984,1.25,1
13.08.2021 00:45:29.625,0.6999500000000001,0.69984,1.25,1
13.08.2021 00:45:29.747,0.69994,0.69982,1.25,1
13.08.2021 00:45:32.425,0.69993,0.69982,1,1
13.08.2021 00:45:33.528,0.69992,0.6998300000000001,2.5,1
13.08.2021 00:45:33.810,0.69993,0.69982,1.69,1
13.08.2021 00:45:34.291,0.69992,0.6998300000000001,3.25,1
13.08.2021 00:45:34.592,0.69992,0.69982,4,1
13.08.2021 00:45:34.846,0.69992,0.69982,1.87,1
13.08.2021 00:45:35.356,0.69992,0.69981,1.25,1
13.08.2021 00:45:36.857,0.69992,0.6998000000000001,1,1
13.08.2021 00:45:37.174,0.69992,0.69981,1,1
13.08.2021 00:45:37.496,0.69992,0.69982,1,1
13.08.2021 00:45:39.250,0.69992,0.69981,1.25,1
13.08.2021 00:45:40.398,0.6999000000000001,0.69981,1,1
13.08.2021 00:45:40.449,0.69991,0.69979,1.5,1
13.08.2021 00:45:40.601,0.69991,0.6998000000000001,1.5,1
13.08.2021 00:45:40.792,0.6999000000000001,0.69981,1,1
13.08.2021 00:45:40.894,0.69991,0.6998300000000001,1.01,1
13.08.2021 00:45:41.046,0.69993,0.69981,3.62,1
13.08.2021 00:45:45.130,0.69993,0.6998300000000001,3,1
13.08.2021 00:45:46.453,0.69993,0.69982,3,1
13.08.2021 00:45:46.984,0.69994,0.6998300000000001,1,1
13.08.2021 00:45:47.086,0.6999500000000001,0.6998300000000001,2.62,1
13.08.2021 00:45:47.490,0.69994,0.6998300000000001,1.69,1
13.08.2021 00:45:47.591,0.69994,0.6998300000000001,4.81,1
13.08.2021 00:45:47.964,0.6999500000000001,0.6998300000000001,2.81,1
13.08.2021 00:45:48.015,0.6999500000000001,0.6998500000000001,2.06,1
13.08.2021 00:45:48.559,0.6999500000000001,0.69986,1.12,1
13.08.2021 00:45:48.689,0.69996,0.69986,1.69,1
13.08.2021 00:45:48.840,0.69997,0.69987,2.06,1
13.08.2021 00:45:50.560,0.69997,0.6998800000000001,1,1
13.08.2021 00:45:54.188,0.69997,0.69987,1,1
13.08.2021 00:45:54.951,0.69998,0.69987,1.12,1
13.08.2021 00:45:57.127,0.69998,0.6998800000000001,1.87,1
13.08.2021 00:45:58.754,0.69999,0.69989,2,1
13.08.2021 00:45:59.327,0.69999,0.69989,1.87,1
13.08.2021 00:46:01.594,0.69998,0.69989,1.87,1
13.08.2021 00:46:23.887,0.69999,0.69989,1.87,1
13.08.2021 00:46:26.976,0.69999,0.6998800000000001,1.87,1
13.08.2021 00:46:30.191,0.69998,0.6998800000000001,1,1
13.08.2021 00:46:34.549,0.69998,0.69987,1,1
13.08.2021 00:46:43.164,0.69997,0.69987,1.25,1
13.08.2021 00:46:44.016,0.69997,0.69987,1.25,1
13.08.2021 00:46:47.519,0.69997,0.69987,1.75,1
13.08.2021 00:46:54.810,0.69996,0.69986,1.25,1
13.08.2021 00:46:56.979,0.6999500000000001,0.69987,1.25,1
13.08.2021 00:46:59.950,0.69996,0.69986,1,1
13.08.2021 00:47:00.102,0.69997,0.69986,2.06,1
13.08.2021 00:47:00.396,0.69998,0.6998800000000001,1.69,1
13.08.2021 00:47:01.044,0.69998,0.69987,2.5,1
13.08.2021 00:47:02.254,0.69997,0.69986,1.69,1
13.08.2021 00:47:04.563,0.69997,0.69986,3.25,1
13.08.2021 00:47:08.529,0.6999500000000001,0.6998500000000001,1.25,1
13.08.2021 00:47:11.151,0.69996,0.69986,1.75,1
13.08.2021 00:47:16.904,0.69996,0.6998800000000001,2.12,1
13.08.2021 00:47:19.269,0.69997,0.69987,1.69,1
13.08.2021 00:47:19.371,0.69998,0.6998800000000001,1.37,1
13.08.2021 00:47:19.522,0.69997,0.6998800000000001,1.37,1
13.08.2021 00:47:22.230,0.69997,0.69986,1.25,1
13.08.2021 00:47:24.500,0.69998,0.69986,1.31,1
13.08.2021 00:47:33.921,0.69998,0.69987,2.06,1
13.08.2021 00:47:41.009,0.69999,0.69989,2.07,1
13.08.2021 00:47:41.110,0.69999,0.69989,1.87,1
13.08.2021 00:47:45.237,0.7000000000000001,0.69992,1.5,1
13.08.2021 00:47:45.288,0.70001,0.69993,1.5,1
13.08.2021 00:47:48.830,0.70003,0.69992,1.87,1
13.08.2021 00:48:01.075,0.70004,0.69993,1.5,1
13.08.2021 00:48:06.238,0.70003,0.6999500000000001,1.5,1
13.08.2021 00:48:12.432,0.70004,0.69993,2.25,1
13.08.2021 00:48:12.703,0.70003,0.69991,1,1
13.08.2021 00:48:21.513,0.70002,0.69992,1,1
13.08.2021 00:48:21.665,0.70003,0.69991,1.12,1.5
13.08.2021 00:48:44.242,0.70002,0.69991,1,1.5
13.08.2021 00:49:16.550,0.70001,0.69991,1,1
13.08.2021 00:49:19.421,0.70001,0.6999000000000001,1,1.5
13.08.2021 00:49:22.184,0.69999,0.6998800000000001,1,1
13.08.2021 00:49:27.190,0.69999,0.69989,1,1
13.08.2021 00:49:31.074,0.70001,0.69989,1,1.5
13.08.2021 00:49:43.022,0.7000000000000001,0.69991,1,1
13.08.2021 00:49:57.971,0.70001,0.6999000000000001,1,1.25
13.08.2021 00:49:58.022,0.70002,0.69993,1,1
13.08.2021 00:49:58.073,0.70004,0.6999500000000001,1.12,1.75
13.08.2021 00:49:58.175,0.7000500000000001,0.69994,1.5,3.25
13.08.2021 00:49:58.782,0.70004,0.69993,1,3.19
13.08.2021 00:50:08.495,0.70003,0.69993,1,1.69
13.08.2021 00:50:34.501,0.70001,0.69993,1,1.25
13.08.2021 00:50:38.449,0.69997,0.6999000000000001,1,1.75
13.08.2021 00:50:38.782,0.69999,0.6999000000000001,1,1
13.08.2021 00:50:40.608,0.69999,0.69989,1,2.44
13.08.2021 00:50:43.554,0.7000000000000001,0.69989,1,1.69
13.08.2021 00:50:47.312,0.7000000000000001,0.69992,1,1.25
13.08.2021 00:51:07.747,0.7000000000000001,0.69992,1,1.75
13.08.2021 00:51:09.985,0.70002,0.69993,1,3.25
13.08.2021 00:51:10.037,0.70004,0.69994,1,1
13.08.2021 00:51:10.340,0.70003,0.6999500000000001,1,2.5
13.08.2021 00:51:16.308,0.70004,0.69994,1,1.69
13.08.2021 00:51:16.359,0.70003,0.6999500000000001,1,1.25
13.08.2021 00:51:23.518,0.70004,0.6999500000000001,1,1.75
13.08.2021 00:51:40.063,0.70003,0.6999500000000001,1,1.69
13.08.2021 00:51:40.164,0.70002,0.69993,1,1.75
13.08.2021 00:51:43.874,0.70002,0.69993,1,1.25
13.08.2021 00:52:06.149,0.70002,0.69994,1,1.25
13.08.2021 00:52:06.250,0.70002,0.69991,1,3.25
13.08.2021 00:52:08.048,0.70002,0.69993,1,1.69
13.08.2021 00:52:08.149,0.70003,0.69993,1,1.69
13.08.2021 00:52:13.391,0.70003,0.69993,1,2.5
13.08.2021 00:52:35.077,0.70004,0.69993,1,2.5
13.08.2021 00:52:45.582,0.70003,0.69993,1,1.75
13.08.2021 00:53:05.334,0.70002,0.69993,1,1.25
13.08.2021 00:53:13.707,0.70001,0.69993,1,1
13.08.2021 00:53:17.346,0.70002,0.69993,1,1
13.08.2021 00:53:18.367,0.7000000000000001,0.69993,1,1.31
13.08.2021 00:53:18.468,0.7000000000000001,0.69991,1,1
13.08.2021 00:53:18.900,0.70001,0.69991,1,1.69
13.08.2021 00:53:32.493,0.7000000000000001,0.69991,1,1.12
13.08.2021 00:53:32.594,0.70002,0.69991,1,1.25
13.08.2021 00:53:32.720,0.70003,0.69992,1,1.25
13.08.2021 00:53:35.859,0.70002,0.69991,1,1
13.08.2021 00:53:35.960,0.70001,0.6999000000000001,1,1.75
13.08.2021 00:53:36.061,0.70002,0.69992,1,1
13.08.2021 00:53:36.313,0.70003,0.69992,1,1
13.08.2021 00:54:07.735,0.70003,0.69991,1,2.06
13.08.2021 00:54:07.836,0.70002,0.6999000000000001,1,1.75
13.08.2021 00:54:07.938,0.70001,0.69991,1,1.69
13.08.2021 00:54:13.524,0.70001,0.69989,1,1
13.08.2021 00:54:15.799,0.7000000000000001,0.6998800000000001,1,1.25
13.08.2021 00:54:19.571,0.69998,0.6998500000000001,1,1.87
13.08.2021 00:54:25.708,0.69996,0.69984,1,1.69
13.08.2021 00:54:27.571,0.69994,0.6998300000000001,1,1.5
13.08.2021 00:54:27.672,0.69991,0.69979,1.5,1.25
13.08.2021 00:54:27.774,0.69991,0.69981,1.5,1
13.08.2021 00:54:27.875,0.69992,0.69981,1,1
13.08.2021 00:54:30.278,0.69993,0.69981,1,1
13.08.2021 00:54:37.076,0.69991,0.69979,1,1.25
13.08.2021 00:54:37.227,0.69992,0.6998000000000001,1.5,1
13.08.2021 00:54:44.602,0.69992,0.69979,1.5,1
13.08.2021 00:54:47.316,0.6999000000000001,0.69979,1,1
13.08.2021 00:54:47.636,0.69991,0.69979,1,1
13.08.2021 00:54:47.737,0.69991,0.6998000000000001,1,1
13.08.2021 00:54:48.786,0.69992,0.6998000000000001,1,1
13.08.2021 00:54:51.280,0.69991,0.6997800000000001,1,1.5
13.08.2021 00:54:51.532,0.69989,0.69979,1,1.5
13.08.2021 00:54:51.922,0.6999000000000001,0.69977,1,2.44
13.08.2021 00:54:52.611,0.6999000000000001,0.6997800000000001,1,1
13.08.2021 00:54:53.235,0.69987,0.69976,1,1
13.08.2021 00:54:53.336,0.69986,0.69974,1,2.5
13.08.2021 00:54:53.538,0.69986,0.69974,1,1.69
13.08.2021 00:55:00.325,0.69986,0.6997300000000001,1,1.69
13.08.2021 00:55:00.991,0.6998500000000001,0.69974,1,2.5
13.08.2021 00:55:01.574,0.69987,0.69975,1,1.75
13.08.2021 00:55:02.526,0.69987,0.69975,1,1.25
13.08.2021 00:55:04.374,0.69989,0.69976,1.5,1
13.08.2021 00:55:04.582,0.6999000000000001,0.69977,1,2.5
13.08.2021 00:55:04.683,0.69991,0.6997800000000001,1.5,1.25
13.08.2021 00:55:06.344,0.6999000000000001,0.69977,1,1.75
13.08.2021 00:55:06.619,0.6999000000000001,0.69977,1,1.25
13.08.2021 00:55:09.394,0.6999000000000001,0.6997800000000001,1,1
13.08.2021 00:55:10.268,0.6999000000000001,0.69977,1,1.25
13.08.2021 00:55:13.472,0.69989,0.69979,1,1
13.08.2021 00:55:13.872,0.69991,0.6997800000000001,1,1
13.08.2021 00:55:14.023,0.6999000000000001,0.6997800000000001,1,1
13.08.2021 00:55:14.150,0.6999000000000001,0.69977,1,1.25
13.08.2021 00:55:18.709,0.69992,0.69981,1,1
13.08.2021 00:55:18.810,0.69991,0.6998300000000001,1,1
13.08.2021 00:55:20.121,0.6999000000000001,0.6998000000000001,1,1.25
13.08.2021 00:55:20.763,0.69991,0.69982,1,1
13.08.2021 00:55:21.756,0.69992,0.6998300000000001,1,2.5
13.08.2021 00:55:21.807,0.69996,0.6998500000000001,1.5,1.69
13.08.2021 00:55:21.908,0.69996,0.6998300000000001,1,2.5
13.08.2021 00:55:28.662,0.69993,0.6998300000000001,1,1.25
13.08.2021 00:55:28.763,0.69992,0.6998300000000001,1,2.5
13.08.2021 00:55:31.190,0.69992,0.69984,1,1.25
13.08.2021 00:55:32.234,0.6999500000000001,0.6998800000000001,1,1
13.08.2021 00:55:32.336,0.69996,0.69989,1,1
13.08.2021 00:55:32.437,0.69997,0.69987,1,1.25
13.08.2021 00:55:34.102,0.69996,0.69986,1,1.69
13.08.2021 00:55:34.318,0.69996,0.69986,1,2.5
13.08.2021 00:55:41.519,0.69996,0.69986,1,1.69
13.08.2021 00:56:02.542,0.69996,0.69987,1,1.69
13.08.2021 00:56:04.284,0.69998,0.69986,1,1.69
13.08.2021 00:56:05.264,0.6999500000000001,0.69987,1,1.69
13.08.2021 00:56:25.353,0.69997,0.69986,1,1.69
13.08.2021 00:56:33.673,0.69998,0.69986,1,1.69
13.08.2021 00:56:40.145,0.69994,0.69986,1,1.25
13.08.2021 00:56:40.246,0.69994,0.6998500000000001,1,1.25
13.08.2021 00:56:53.649,0.69994,0.69984,1,1.25
13.08.2021 00:56:53.761,0.6999500000000001,0.69984,1,1.25
13.08.2021 00:57:02.439,0.6999500000000001,0.6998500000000001,1,1.25
13.08.2021 00:57:03.211,0.69991,0.6998300000000001,1,1
13.08.2021 00:57:03.262,0.6999000000000001,0.6998000000000001,1,2.87
13.08.2021 00:57:03.313,0.69989,0.6997800000000001,1,1.5
13.08.2021 00:57:03.414,0.69989,0.69977,1,1.69
13.08.2021 00:57:03.465,0.69989,0.69979,1,1.5
13.08.2021 00:57:03.515,0.6999000000000001,0.69981,1,1
13.08.2021 00:57:03.616,0.69991,0.6997800000000001,1,4
13.08.2021 00:57:11.784,0.69991,0.69981,1,1.75
13.08.2021 00:57:11.886,0.69991,0.69979,1,1.31
13.08.2021 00:57:17.395,0.69992,0.6998000000000001,1,1.75
13.08.2021 00:57:17.648,0.69992,0.6998000000000001,1,1.25
13.08.2021 00:57:20.175,0.69992,0.69981,1,1.75
13.08.2021 00:57:20.364,0.69993,0.69981,1,1.75
13.08.2021 00:57:21.576,0.69992,0.6998000000000001,1,2.06
13.08.2021 00:57:22.621,0.69992,0.69981,1,1.25
13.08.2021 00:57:23.055,0.69992,0.6998000000000001,1,2.06
13.08.2021 00:57:23.538,0.69992,0.6998000000000001,1,2.87
13.08.2021 00:57:23.639,0.69994,0.69982,1,1.25
13.08.2021 00:57:23.740,0.6999500000000001,0.69982,1,1.75
13.08.2021 00:57:31.001,0.6999500000000001,0.6998300000000001,1,1.25
13.08.2021 00:57:42.152,0.69996,0.6998300000000001,1.5,1.25
13.08.2021 00:57:42.253,0.69997,0.6998300000000001,1.5,3.25
13.08.2021 00:57:53.924,0.69997,0.69984,1.5,1.25
13.08.2021 00:57:54.025,0.7000000000000001,0.69987,1,1.25
13.08.2021 00:57:54.126,0.7000000000000001,0.6998800000000001,1.5,2.44
13.08.2021 00:57:54.227,0.70001,0.69987,1.12,3.62
13.08.2021 00:58:45.408,0.7000000000000001,0.6998800000000001,1,1.5
13.08.2021 00:58:45.509,0.7000000000000001,0.69987,1,1.5
13.08.2021 00:59:14.102,0.69999,0.69989,1,1
13.08.2021 00:59:28.035,0.70002,0.6999000000000001,1,1.25
13.08.2021 00:59:28.137,0.70002,0.69991,1,2.5
13.08.2021 00:59:33.187,0.70003,0.69991,1,2.5
13.08.2021 00:59:41.902,0.70003,0.69993,1,1.75
13.08.2021 00:59:43.955,0.70004,0.69994,1,1.75
13.08.2021 00:59:44.005,0.70007,0.6999500000000001,1,1.75
13.08.2021 00:59:44.106,0.70009,0.69996,2,2.5
13.08.2021 00:59:44.157,0.7001000000000001,0.69997,1.12,1.69
13.08.2021 00:59:44.258,0.7001000000000001,0.69999,1.12,1.25
13.08.2021 00:59:44.611,0.70012,0.69998,1,2.44
13.08.2021 00:59:44.717,0.70012,0.69999,1,1
13.08.2021 00:59:45.353,0.70012,0.7000000000000001,1.5,1.75
13.08.2021 00:59:53.765,0.70014,0.7000000000000001,1.5,1.25
13.08.2021 00:59:58.216,0.70012,0.7000000000000001,1,2.44
13.08.2021 00:59:58.920,0.7001100000000001,0.69999,1,1.25
13.08.2021 00:59:59.667,0.7001000000000001,0.69999,1,1.25
13.08.2021 01:00:00.282,0.7001000000000001,0.69997,1,1.87
13.08.2021 01:00:00.646,0.7001000000000001,0.69997,1,3.25
13.08.2021 01:00:00.773,0.7001000000000001,0.69997,1,1.69
13.08.2021 01:00:01.281,0.7001100000000001,0.69997,1,1.69
13.08.2021 01:00:01.535,0.7001100000000001,0.69997,1,3.25
13.08.2021 01:00:01.818,0.7001100000000001,0.69997,1,1.69
13.08.2021 01:00:04.439,0.7001100000000001,0.69997,1,3.25
13.08.2021 01:00:05.221,0.7001100000000001,0.69999,1,1
13.08.2021 01:00:06.483,0.70014,0.7000000000000001,1,1.69
13.08.2021 01:00:06.584,0.70014,0.70001,1,2.5
13.08.2021 01:00:06.685,0.7001700000000001,0.7000500000000001,1.12,1.25
13.08.2021 01:00:06.786,0.7001600000000001,0.70006,1,1.75
13.08.2021 01:00:06.887,0.70018,0.70007,1,1.75
13.08.2021 01:00:07.039,0.70019,0.70008,1,1.25
13.08.2021 01:00:09.465,0.7002,0.70008,1,1.25
13.08.2021 01:00:17.858,0.7002,0.70006,1,2.06
13.08.2021 01:00:18.409,0.7001700000000001,0.70006,1,1
13.08.2021 01:00:18.511,0.7001600000000001,0.70004,1.5,1.31
13.08.2021 01:00:24.188,0.70015,0.70004,1,1.25
13.08.2021 01:00:26.583,0.70015,0.70002,1,2.12
13.08.2021 01:00:27.744,0.70015,0.70003,1,1.75
13.08.2021 01:00:34.409,0.70015,0.70003,1,1
13.08.2021 01:00:45.895,0.70014,0.70003,1,1.25
13.08.2021 01:00:48.060,0.70015,0.70003,1,2.5
13.08.2021 01:00:48.212,0.70015,0.70004,1,2.5
13.08.2021 01:00:50.453,0.70015,0.70003,1.5,1.31
13.08.2021 01:00:50.554,0.70014,0.70003,1,1.25
13.08.2021 01:00:56.180,0.70007,0.69999,1,1.5
13.08.2021 01:00:56.281,0.70006,0.69994,1,3.75
13.08.2021 01:00:56.383,0.7000500000000001,0.69994,1,2.5
13.08.2021 01:00:57.212,0.7000500000000001,0.69994,1,1.25
13.08.2021 01:00:58.222,0.70004,0.69993,1,1
13.08.2021 01:01:29.462,0.70004,0.69994,1,1.25
13.08.2021 01:01:39.803,0.70003,0.69993,1,1.75
13.08.2021 01:01:41.605,0.70003,0.69992,1,1.75
13.08.2021 01:01:59.393,0.70003,0.69993,1,1.75
13.08.2021 01:02:03.565,0.7000000000000001,0.6999000000000001,1,1.31
13.08.2021 01:02:03.767,0.69999,0.69989,1,1.75
13.08.2021 01:02:09.431,0.7000000000000001,0.69989,1,1.25
13.08.2021 01:02:13.180,0.69999,0.69989,1,2.5
13.08.2021 01:02:15.066,0.7000000000000001,0.69989,1,1.25
13.08.2021 01:02:15.189,0.7000000000000001,0.69989,1,1.25
13.08.2021 01:02:15.341,0.69999,0.6998800000000001,1,1.75
13.08.2021 01:02:31.160,0.70003,0.6999000000000001,1,2.5
13.08.2021 01:02:31.261,0.70003,0.69992,1,1.25
13.08.2021 01:02:31.466,0.70004,0.69991,1,1.75
13.08.2021 01:02:36.189,0.7000500000000001,0.69991,1.5,2.5
13.08.2021 01:02:40.059,0.7000500000000001,0.69992,1.5,1.75
13.08.2021 01:02:41.496,0.7000500000000001,0.69991,1,3.62
13.08.2021 01:02:41.598,0.70004,0.69991,1,2.06
13.08.2021 01:02:47.136,0.69998,0.69987,1,3.5
13.08.2021 01:02:47.187,0.69997,0.69987,1.5,2.25
13.08.2021 01:02:47.288,0.69996,0.69986,1.5,1.25
13.08.2021 01:02:47.339,0.69994,0.6998500000000001,1,1.31
13.08.2021 01:02:49.676,0.6999500000000001,0.6998500000000001,1.5,2.5
13.08.2021 01:02:49.777,0.70002,0.69991,1.12,1.75
13.08.2021 01:02:49.929,0.70004,0.6999000000000001,1,1.75
13.08.2021 01:02:51.030,0.70004,0.69991,1,1.25
13.08.2021 01:02:54.878,0.70004,0.69991,1,2.12
13.08.2021 01:02:55.347,0.7000500000000001,0.69991,1,2.87
13.08.2021 01:03:00.443,0.70004,0.69992,1,2.87
13.08.2021 01:03:01.151,0.7000500000000001,0.69991,1,2.06
13.08.2021 01:03:01.202,0.70001,0.6999000000000001,1,1
13.08.2021 01:03:01.303,0.7000000000000001,0.69987,1,2.19
13.08.2021 01:03:01.404,0.7000000000000001,0.69987,1,1.31
13.08.2021 01:03:01.506,0.69999,0.69987,1,1.31
13.08.2021 01:03:08.644,0.69999,0.69986,1,1.25
13.08.2021 01:03:13.913,0.69998,0.69986,1.5,1
13.08.2021 01:03:13.964,0.6999500000000001,0.6998300000000001,1,1.5
13.08.2021 01:03:14.115,0.6999500000000001,0.6998300000000001,1,1.12
13.08.2021 01:03:15.472,0.69994,0.69982,1,2.06
13.08.2021 01:03:25.809,0.69994,0.69981,1,1.87
13.08.2021 01:03:25.860,0.6999000000000001,0.6998000000000001,1,1.12
13.08.2021 01:03:26.013,0.69989,0.6997800000000001,1,1.5
13.08.2021 01:03:26.063,0.69989,0.69976,1,1.75
13.08.2021 01:03:29.485,0.6998500000000001,0.69976,1,1.12
13.08.2021 01:03:29.587,0.69984,0.69974,1,1.75
13.08.2021 01:03:29.638,0.69984,0.69974,1,1.25
13.08.2021 01:03:38.040,0.69984,0.6997300000000001,1,2.06
13.08.2021 01:04:16.625,0.6998000000000001,0.6996800000000001,1,1
13.08.2021 01:04:16.676,0.69979,0.6996600000000001,1.5,1.31
13.08.2021 01:04:16.777,0.6997800000000001,0.69965,1,1.75
13.08.2021 01:04:16.878,0.6997800000000001,0.69965,1,1.31
13.08.2021 01:04:24.189,0.69977,0.6996600000000001,1,2.5
13.08.2021 01:04:24.240,0.69979,0.6996800000000001,1,1
13.08.2021 01:04:24.341,0.69979,0.69969,1,1
13.08.2021 01:04:24.442,0.69981,0.69969,1,1
13.08.2021 01:04:31.926,0.69982,0.6997,1,1.69
13.08.2021 01:04:33.683,0.6998500000000001,0.69971,1,2.25
13.08.2021 01:04:33.785,0.6999000000000001,0.6997800000000001,2,1
13.08.2021 01:04:33.886,0.6999000000000001,0.69979,1,1
13.08.2021 01:04:42.194,0.69991,0.69979,1,1
13.08.2021 01:04:52.800,0.69992,0.69979,1,1
13.08.2021 01:05:01.741,0.69991,0.6997800000000001,1.5,1.5
13.08.2021 01:05:02.687,0.69992,0.69979,1,1
13.08.2021 01:05:10.202,0.6999000000000001,0.6997800000000001,1,1.5
13.08.2021 01:05:31.177,0.69991,0.6997800000000001,1,1
13.08.2021 01:05:34.239,0.69989,0.69975,1.5,3
13.08.2021 01:05:34.341,0.6998800000000001,0.69975,1,2.75
13.08.2021 01:05:34.442,0.6998800000000001,0.69974,2.25,1
13.08.2021 01:05:34.498,0.69986,0.69974,1,1
13.08.2021 01:05:34.599,0.69986,0.6997300000000001,1,1.5
13.08.2021 01:05:40.348,0.6998800000000001,0.69979,1,2.25
13.08.2021 01:05:40.399,0.69992,0.6998000000000001,1.37,1.5
13.08.2021 01:05:40.450,0.69993,0.69981,1,1
13.08.2021 01:05:40.551,0.69994,0.69981,1,1
13.08.2021 01:05:41.549,0.6999500000000001,0.69981,1,2.06
13.08.2021 01:05:41.802,0.6999500000000001,0.69982,1,1.25
13.08.2021 01:05:43.222,0.6999500000000001,0.69981,1,2.87
13.08.2021 01:05:43.568,0.6999500000000001,0.69982,1,1.25
13.08.2021 01:05:44.491,0.6999500000000001,0.69981,1,2.87
13.08.2021 01:05:47.081,0.6999500000000001,0.69981,1,2.06
13.08.2021 01:06:10.828,0.69996,0.69981,1.5,2.81
13.08.2021 01:06:16.320,0.69996,0.69982,1,2.44
13.08.2021 01:06:16.421,0.69996,0.6998300000000001,1,1
13.08.2021 01:06:21.394,0.69996,0.6998300000000001,1,1.25
13.08.2021 01:06:21.497,0.70002,0.6998800000000001,1.5,5.5
13.08.2021 01:06:21.598,0.70002,0.6998800000000001,1.69,2.25
13.08.2021 01:06:21.700,0.70001,0.6998800000000001,1,1.5
13.08.2021 01:06:38.418,0.7000000000000001,0.6998800000000001,1,1
13.08.2021 01:06:38.520,0.70001,0.6998800000000001,1,1
13.08.2021 01:06:39.568,0.69997,0.69987,1,1
13.08.2021 01:06:39.619,0.69997,0.69984,1,2
13.08.2021 01:06:39.721,0.69996,0.69982,1,2.94
13.08.2021 01:06:39.822,0.6999500000000001,0.69982,1.25,1
13.08.2021 01:06:47.356,0.6999500000000001,0.69981,1.75,2.62
13.08.2021 01:07:01.551,0.69994,0.69981,1.25,1.5
13.08.2021 01:07:01.702,0.69994,0.6998000000000001,3.25,1.12
13.08.2021 01:07:03.325,0.69994,0.69981,3.25,1
13.08.2021 01:07:03.426,0.69994,0.69981,1.69,1.5
13.08.2021 01:07:08.741,0.69993,0.69981,1,1.5
13.08.2021 01:07:15.895,0.69989,0.6997800000000001,1.69,1.5
13.08.2021 01:07:15.997,0.69987,0.6997800000000001,1,1.5
13.08.2021 01:07:16.048,0.69987,0.69976,1,1.12
13.08.2021 01:07:28.220,0.6999000000000001,0.6997800000000001,1,1.5
13.08.2021 01:07:28.321,0.6998800000000001,0.69979,1,1
13.08.2021 01:07:28.422,0.69989,0.69977,1,1.12
13.08.2021 01:07:33.263,0.6998800000000001,0.69976,1,1
13.08.2021 01:07:33.314,0.69986,0.69974,1,2
13.08.2021 01:07:33.415,0.6998500000000001,0.69972,1.25,2.19
13.08.2021 01:07:33.466,0.69984,0.6997300000000001,1.25,1.87
13.08.2021 01:07:33.567,0.69984,0.69972,1,1.12
13.08.2021 01:07:38.238,0.69984,0.69971,1.25,1.12
13.08.2021 01:07:38.339,0.6998300000000001,0.69971,1,1.12
13.08.2021 01:08:10.039,0.6998000000000001,0.69972,1,1
13.08.2021 01:08:10.191,0.6998000000000001,0.6996800000000001,1,2
13.08.2021 01:08:10.292,0.6997800000000001,0.6996600000000001,1,3.01
13.08.2021 01:08:10.343,0.6997800000000001,0.6996600000000001,1,2.62
13.08.2021 01:08:11.527,0.6997800000000001,0.69965,1,1.5
13.08.2021 01:08:11.578,0.69976,0.69965,1,1.5
13.08.2021 01:08:16.613,0.69976,0.69964,1,1.12
13.08.2021 01:08:27.144,0.69975,0.6996300000000001,1,1
13.08.2021 01:08:27.245,0.69974,0.6996300000000001,1,1
13.08.2021 01:08:30.390,0.6997300000000001,0.6996300000000001,1,1
13.08.2021 01:08:30.491,0.6997300000000001,0.69962,1,1.12
13.08.2021 01:08:31.531,0.6996800000000001,0.6996,1,1
13.08.2021 01:08:31.582,0.69969,0.69957,1,2.44
13.08.2021 01:08:31.683,0.6996800000000001,0.69957,1,1.87
13.08.2021 01:08:31.785,0.6996800000000001,0.6995600000000001,1,1.12
13.08.2021 01:08:33.297,0.69969,0.69957,1,1
13.08.2021 01:08:33.398,0.69971,0.6995800000000001,1.69,1
13.08.2021 01:08:34.493,0.69972,0.6995800000000001,3.19,1
13.08.2021 01:08:34.543,0.6997300000000001,0.6996100000000001,1.25,1
13.08.2021 01:09:11.559,0.6997300000000001,0.69962,1,1
13.08.2021 01:09:11.609,0.69975,0.6996300000000001,1.5,1
13.08.2021 01:09:18.209,0.69972,0.69962,1,1
13.08.2021 01:09:18.311,0.69969,0.6995800000000001,1,1.5
13.08.2021 01:09:18.412,0.69969,0.69957,1,1.5
13.08.2021 01:09:20.140,0.69969,0.69957,1,1
13.08.2021 01:09:23.167,0.69969,0.6995600000000001,1,1
13.08.2021 01:09:23.277,0.6996800000000001,0.6995600000000001,1,1
13.08.2021 01:09:30.807,0.6996800000000001,0.69955,1,1
13.08.2021 01:09:30.858,0.6996600000000001,0.69954,1.5,1
13.08.2021 01:09:30.960,0.69964,0.69954,1,1.12
13.08.2021 01:09:31.161,0.69964,0.6995100000000001,1.5,2
13.08.2021 01:09:31.262,0.69964,0.6995100000000001,1.5,1
13.08.2021 01:09:31.363,0.6996300000000001,0.6995,1.5,1.12
13.08.2021 01:09:34.058,0.6996300000000001,0.69952,1,1
13.08.2021 01:09:45.153,0.6996300000000001,0.6995,1,1.5
13.08.2021 01:10:00.363,0.6996300000000001,0.69949,1,1.5
13.08.2021 01:10:00.953,0.69962,0.69949,1,1.5
13.08.2021 01:10:01.308,0.69962,0.69949,1,2
13.08.2021 01:10:01.898,0.69962,0.6995100000000001,1,1
13.08.2021 01:10:02.576,0.6996300000000001,0.6995100000000001,1,1
13.08.2021 01:10:02.627,0.69964,0.6995300000000001,1.5,1
13.08.2021 01:10:02.728,0.69964,0.69955,1,1
13.08.2021 01:10:02.779,0.69967,0.69954,1.12,1
13.08.2021 01:10:02.880,0.6996800000000001,0.69955,1.25,1
13.08.2021 01:10:17.736,0.6996600000000001,0.69954,1,1
13.08.2021 01:10:17.837,0.69965,0.69954,1,1
13.08.2021 01:10:20.789,0.69965,0.6995300000000001,1,1.12
13.08.2021 01:10:22.033,0.69964,0.6995300000000001,1,1
13.08.2021 01:10:24.845,0.69964,0.69952,1,1
13.08.2021 01:10:53.699,0.6996300000000001,0.69954,1,1
13.08.2021 01:10:58.713,0.69964,0.6995600000000001,1,1
13.08.2021 01:10:58.764,0.69967,0.6995600000000001,1,2.25
13.08.2021 01:10:58.815,0.6997,0.6995600000000001,2.25,3
13.08.2021 01:11:01.937,0.6997,0.69957,1.5,1
13.08.2021 01:11:04.171,0.69969,0.69957,1,1
13.08.2021 01:11:04.957,0.69969,0.6995600000000001,1,1.12
13.08.2021 01:11:05.058,0.6996800000000001,0.6995600000000001,1,1
13.08.2021 01:11:05.375,0.69967,0.6995600000000001,1,1
13.08.2021 01:11:07.096,0.6996600000000001,0.6995600000000001,1,1
13.08.2021 01:11:08.360,0.6996600000000001,0.69955,1,1
13.08.2021 01:11:08.462,0.6996600000000001,0.69952,1.69,2
13.08.2021 01:11:08.564,0.6996600000000001,0.69952,1.69,1.5
13.08.2021 01:11:08.665,0.69965,0.69952,1,1
13.08.2021 01:11:12.621,0.69964,0.69952,1,1
13.08.2021 01:11:18.316,0.6996,0.6995,1,1.5
13.08.2021 01:11:18.418,0.6995800000000001,0.6994600000000001,1,4.62
13.08.2021 01:11:18.519,0.6995800000000001,0.6994600000000001,1,3.87
13.08.2021 01:11:19.554,0.6995600000000001,0.69947,1,1
13.08.2021 01:11:19.655,0.69954,0.69945,1,1.12
13.08.2021 01:11:20.490,0.69954,0.69944,1,1
13.08.2021 01:11:22.582,0.69954,0.6994300000000001,1,1
13.08.2021 01:11:22.683,0.6995300000000001,0.6994300000000001,1,1
13.08.2021 01:11:22.935,0.6995300000000001,0.69942,1,1
13.08.2021 01:11:46.800,0.69955,0.69942,1.69,1
13.08.2021 01:11:48.524,0.69954,0.69944,1,1
13.08.2021 01:11:48.625,0.6995800000000001,0.69945,1.5,1
13.08.2021 01:11:48.726,0.69959,0.6994600000000001,2.06,1
13.08.2021 01:11:51.384,0.69959,0.6995,1,1.12
13.08.2021 01:11:51.485,0.6996100000000001,0.6994800000000001,1.25,2.75
13.08.2021 01:11:51.586,0.6996100000000001,0.69947,1.69,1.87
13.08.2021 01:11:52.502,0.69959,0.6994800000000001,1,1.12
13.08.2021 01:11:59.154,0.69959,0.69947,1,1.12
13.08.2021 01:12:20.430,0.69962,0.69949,1.5,1
13.08.2021 01:12:20.714,0.69962,0.6995,1,1
13.08.2021 01:12:29.281,0.6996300000000001,0.6995,1.69,1
13.08.2021 01:12:32.096,0.6995800000000001,0.6994600000000001,1.25,1.5
13.08.2021 01:12:32.197,0.69957,0.69945,1,1.5
13.08.2021 01:12:32.248,0.69957,0.69945,1,1
13.08.2021 01:12:32.349,0.6995600000000001,0.69945,1,1
13.08.2021 01:12:34.949,0.69954,0.69944,1,1
13.08.2021 01:12:36.263,0.69954,0.69942,1,1.12
13.08.2021 01:12:36.516,0.69954,0.6994100000000001,1.25,1.87
13.08.2021 01:12:40.111,0.69954,0.69942,1,1
13.08.2021 01:12:44.585,0.69954,0.6994300000000001,1,1
13.08.2021 01:12:44.686,0.69955,0.6994300000000001,1,1
13.08.2021 01:12:52.898,0.69955,0.6994100000000001,1.25,2.62
13.08.2021 01:12:54.846,0.69954,0.6994100000000001,1,1.87
13.08.2021 01:12:59.538,0.6995300000000001,0.6994,1,3.12
13.08.2021 01:13:00.277,0.69952,0.6994300000000001,1,1
13.08.2021 01:13:00.328,0.69955,0.6994300000000001,1,1
13.08.2021 01:13:00.533,0.6995600000000001,0.6994300000000001,1,1
13.08.2021 01:13:08.005,0.6995600000000001,0.69944,1.69,1.5
13.08.2021 01:13:08.381,0.6995600000000001,0.6994300000000001,1,1.5
13.08.2021 01:13:38.318,0.69954,0.6994300000000001,1.69,1.5
13.08.2021 01:13:38.469,0.6995600000000001,0.6994300000000001,1,1.87
13.08.2021 01:13:38.571,0.6995800000000001,0.69944,1.75,1.5
13.08.2021 01:13:38.683,0.69957,0.6994600000000001,1.25,1
13.08.2021 01:13:38.784,0.69959,0.69945,3.25,1
13.08.2021 01:13:48.450,0.69959,0.69945,2.44,1
13.08.2021 01:13:50.954,0.6995800000000001,0.69944,1,1.87
13.08.2021 01:13:51.055,0.6995600000000001,0.69945,1.5,1
13.08.2021 01:13:51.338,0.6995600000000001,0.6994300000000001,1,1
13.08.2021 01:13:53.294,0.69954,0.6994300000000001,1,1.5
13.08.2021 01:13:53.648,0.69955,0.6994100000000001,2.44,1.87
13.08.2021 01:14:00.842,0.69955,0.6994300000000001,1.25,1
13.08.2021 01:14:12.714,0.6995600000000001,0.69944,1.25,1
13.08.2021 01:14:13.079,0.69957,0.69947,2.25,1
13.08.2021 01:14:15.083,0.69957,0.6994800000000001,2.81,1
13.08.2021 01:14:18.794,0.6995800000000001,0.69947,2.87,1
13.08.2021 01:14:18.900,0.6995800000000001,0.69947,2.81,1
13.08.2021 01:14:31.146,0.69957,0.69947,1,1
13.08.2021 01:14:35.306,0.6995800000000001,0.69947,1,1
13.08.2021 01:14:42.596,0.6995800000000001,0.6994600000000001,1,1
13.08.2021 01:14:42.698,0.6996,0.69949,1,1
13.08.2021 01:14:43.124,0.6996100000000001,0.69949,1,1
13.08.2021 01:14:43.226,0.6996,0.6995100000000001,1,1
13.08.2021 01:14:45.043,0.6996,0.6995,1,1
13.08.2021 01:14:45.578,0.6996300000000001,0.6995100000000001,1,1
13.08.2021 01:14:47.718,0.69964,0.69952,1.69,1
13.08.2021 01:14:47.820,0.69965,0.69952,1.87,1
13.08.2021 01:14:48.904,0.69965,0.6995300000000001,1,1
13.08.2021 01:15:01.923,0.6996,0.6995100000000001,1,1
13.08.2021 01:15:02.024,0.69962,0.69949,1,1.5
13.08.2021 01:15:02.126,0.6996300000000001,0.6995100000000001,1,1
13.08.2021 01:15:02.389,0.6996300000000001,0.6995100000000001,1.5,1
13.08.2021 01:15:02.582,0.6996300000000001,0.6995100000000001,1,1
13.08.2021 01:15:06.623,0.6996300000000001,0.69954,1.12,1
13.08.2021 01:15:12.740,0.6996300000000001,0.6995300000000001,1,1
13.08.2021 01:15:12.924,0.69962,0.6995300000000001,1,1
13.08.2021 01:15:13.257,0.6996300000000001,0.69954,2.44,1
13.08.2021 01:15:25.446,0.69964,0.69952,1.12,1
13.08.2021 01:15:35.564,0.69962,0.69952,1,1
13.08.2021 01:15:51.928,0.6996600000000001,0.69955,1.75,1
13.08.2021 01:15:51.979,0.6996600000000001,0.6995800000000001,1.87,1
13.08.2021 01:15:53.954,0.6996800000000001,0.69957,1.12,1
13.08.2021 01:15:54.055,0.6996800000000001,0.6995800000000001,1,1
13.08.2021 01:15:54.208,0.69972,0.6996100000000001,3.5,1.25
13.08.2021 01:15:54.259,0.69972,0.6996300000000001,2.25,1.5
13.08.2021 01:15:54.360,0.6997300000000001,0.69965,1.37,1
13.08.2021 01:15:54.461,0.69974,0.69964,1.12,1
13.08.2021 01:16:00.996,0.69976,0.69965,2,1
13.08.2021 01:16:01.098,0.69976,0.6996600000000001,1.5,1
13.08.2021 01:16:01.364,0.69976,0.6996600000000001,1,1
13.08.2021 01:16:04.058,0.69976,0.69967,1,1
13.08.2021 01:16:07.161,0.6997800000000001,0.69967,1.5,1
13.08.2021 01:16:08.821,0.6997800000000001,0.69967,1.12,1
13.08.2021 01:16:24.139,0.69977,0.69967,1,1
13.08.2021 01:16:31.895,0.69977,0.6996600000000001,1,1
13.08.2021 01:16:31.997,0.69976,0.6996600000000001,1.5,1
13.08.2021 01:16:34.883,0.69975,0.6996800000000001,1,1
13.08.2021 01:16:35.085,0.6997800000000001,0.69967,1.87,1
13.08.2021 01:16:46.867,0.69979,0.69967,1.87,1
13.08.2021 01:16:47.247,0.69981,0.6997,3.69,1
13.08.2021 01:16:47.349,0.69982,0.69971,1.5,1
13.08.2021 01:16:47.450,0.69982,0.69971,1.12,1
13.08.2021 01:17:06.980,0.69982,0.69972,1.87,1
13.08.2021 01:17:17.241,0.6998300000000001,0.69972,1.87,1
13.08.2021 01:17:22.539,0.69984,0.69974,1.12,1
13.08.2021 01:17:23.233,0.69984,0.69976,1,1
13.08.2021 01:17:23.334,0.69987,0.69977,1,1
13.08.2021 01:17:23.587,0.69987,0.69976,1,1
13.08.2021 01:17:24.210,0.69986,0.69977,1,1
13.08.2021 01:17:24.553,0.69989,0.6997800000000001,1.5,1.25
13.08.2021 01:17:24.655,0.69989,0.69979,1,1
13.08.2021 01:17:24.911,0.69991,0.69981,2.37,1
13.08.2021 01:17:25.114,0.69992,0.6998000000000001,1.5,1
13.08.2021 01:17:27.144,0.69992,0.6998000000000001,1.5,1
13.08.2021 01:17:30.120,0.69992,0.6998000000000001,1.12,1
13.08.2021 01:17:31.114,0.69992,0.6998000000000001,1.5,1
13.08.2021 01:17:31.532,0.69992,0.6998000000000001,1,1
13.08.2021 01:17:32.601,0.69991,0.6998000000000001,1,1
13.08.2021 01:17:32.703,0.6999000000000001,0.6998000000000001,1,1
13.08.2021 01:17:35.173,0.69992,0.69979,1.87,1
13.08.2021 01:17:35.274,0.69992,0.6998000000000001,1.12,1
13.08.2021 01:17:50.248,0.69991,0.6998000000000001,1,1
13.08.2021 01:17:50.451,0.69993,0.6998000000000001,1.87,1
13.08.2021 01:17:56.998,0.6999000000000001,0.69976,3.37,1.5
13.08.2021 01:17:57.100,0.69989,0.69976,1,1
13.08.2021 01:18:03.186,0.69989,0.69975,2.62,1
13.08.2021 01:18:04.173,0.6998000000000001,0.69971,1.5,1.69
13.08.2021 01:18:04.274,0.69982,0.69969,2.25,1
13.08.2021 01:18:04.376,0.69982,0.6997,1.12,1
13.08.2021 01:18:05.656,0.6998300000000001,0.6997,1.5,1
13.08.2021 01:18:07.435,0.6998300000000001,0.69972,1,1
13.08.2021 01:18:13.465,0.6998300000000001,0.6997300000000001,1.12,1
13.08.2021 01:18:18.781,0.69984,0.6997300000000001,1,1
13.08.2021 01:18:25.369,0.69984,0.69972,1,1
13.08.2021 01:18:29.481,0.69987,0.69975,1.5,1
13.08.2021 01:18:29.582,0.69987,0.69976,1.5,1
13.08.2021 01:18:31.120,0.69986,0.69976,1.5,1
13.08.2021 01:18:31.390,0.69987,0.69974,1.5,1
13.08.2021 01:18:37.319,0.69987,0.69974,1,1
13.08.2021 01:18:41.697,0.69987,0.69975,1,1
13.08.2021 01:18:43.948,0.6998800000000001,0.69975,1.12,1
13.08.2021 01:18:44.067,0.69989,0.69976,1.12,1
13.08.2021 01:18:44.168,0.6998800000000001,0.6997800000000001,1.12,1
13.08.2021 01:18:44.297,0.69992,0.6998000000000001,2.75,1
13.08.2021 01:18:44.398,0.69994,0.69979,1.87,1.5
13.08.2021 01:18:44.499,0.69994,0.6998300000000001,1.5,1
13.08.2021 01:18:44.816,0.6999500000000001,0.69984,1.12,1
13.08.2021 01:18:44.918,0.69996,0.6998500000000001,1.5,1
13.08.2021 01:18:45.019,0.69996,0.6998500000000001,1,1
13.08.2021 01:18:45.125,0.69997,0.6998500000000001,1.12,1
13.08.2021 01:18:54.788,0.69999,0.69986,2.94,1
13.08.2021 01:18:57.601,0.69999,0.69986,1.87,1
13.08.2021 01:19:03.871,0.69999,0.6998800000000001,1.5,1.25
13.08.2021 01:19:03.973,0.7000000000000001,0.69987,1,1.25
13.08.2021 01:19:06.032,0.69999,0.69986,1,1.25
13.08.2021 01:19:57.046,0.69999,0.69986,1.5,1
13.08.2021 01:19:57.249,0.69999,0.69986,1.12,1
13.08.2021 01:20:35.846,0.69997,0.69986,1,1.5
13.08.2021 01:20:47.213,0.69999,0.69986,2.62,1
13.08.2021 01:21:06.237,0.69999,0.69986,2.75,1
13.08.2021 01:21:06.411,0.69999,0.69986,2.62,1
13.08.2021 01:21:42.324,0.69999,0.69986,2.75,1.5
13.08.2021 01:21:42.534,0.69999,0.69986,2.62,1.5
13.08.2021 01:21:43.015,0.69999,0.69987,1.87,1
13.08.2021 01:21:49.057,0.69999,0.69986,1.87,1
13.08.2021 01:22:01.506,0.69998,0.69986,1,1
13.08.2021 01:22:04.197,0.69999,0.69986,1.87,1
13.08.2021 01:22:07.822,0.69999,0.69986,2,1
13.08.2021 01:22:32.469,0.69998,0.6998500000000001,1.12,1.69
13.08.2021 01:22:41.326,0.6999500000000001,0.69986,1,1.25
13.08.2021 01:22:48.518,0.69997,0.6998500000000001,1,1
13.08.2021 01:23:05.333,0.69996,0.6998500000000001,1,1
13.08.2021 01:23:08.704,0.69997,0.6998500000000001,1,1
13.08.2021 01:23:11.678,0.69997,0.6998500000000001,1,1.75
13.08.2021 01:23:11.729,0.69999,0.69986,1.12,1.69
13.08.2021 01:23:19.293,0.69998,0.69986,1,1
13.08.2021 01:23:21.523,0.69998,0.69986,1.5,1
13.08.2021 01:23:21.756,0.69998,0.69986,1,1.5
13.08.2021 01:23:21.860,0.69998,0.6998800000000001,1.12,1
13.08.2021 01:23:42.714,0.7000000000000001,0.69987,2.25,1
13.08.2021 01:23:43.673,0.69999,0.6998800000000001,2.37,1
13.08.2021 01:23:46.244,0.70001,0.69991,1.87,1
13.08.2021 01:23:46.810,0.70002,0.69991,1,1
13.08.2021 01:23:49.903,0.7000000000000001,0.69987,3.37,1.5
13.08.2021 01:23:50.004,0.69999,0.69987,1,1.5
13.08.2021 01:24:05.868,0.7000000000000001,0.69987,2,1.75
13.08.2021 01:24:09.953,0.70001,0.6999000000000001,3.37,1.5
13.08.2021 01:24:10.005,0.70003,0.69991,2.75,1
13.08.2021 01:24:10.156,0.70003,0.69991,1.5,1
13.08.2021 01:24:12.059,0.69999,0.6998800000000001,1.69,1
13.08.2021 01:24:12.110,0.69999,0.69986,3,1
13.08.2021 01:24:12.211,0.69998,0.69986,1.12,1
13.08.2021 01:24:12.312,0.69994,0.6998300000000001,1,1.5
13.08.2021 01:24:12.414,0.69994,0.69982,1,1
13.08.2021 01:24:13.217,0.69994,0.6998300000000001,3.75,1
13.08.2021 01:24:17.894,0.69993,0.6998300000000001,1,1
13.08.2021 01:24:18.862,0.69994,0.6998300000000001,3.75,1
13.08.2021 01:24:27.486,0.69993,0.6998300000000001,1,1
13.08.2021 01:24:27.537,0.69992,0.6998000000000001,2.62,1.5
13.08.2021 01:24:27.638,0.6999000000000001,0.69981,1,1
13.08.2021 01:24:28.376,0.69991,0.69981,1,1
13.08.2021 01:24:28.527,0.69992,0.69982,1.5,1
13.08.2021 01:24:28.629,0.69992,0.69982,1,1
13.08.2021 01:24:29.936,0.69991,0.69984,1,1
13.08.2021 01:24:30.037,0.69993,0.6998300000000001,1.12,1
13.08.2021 01:24:30.569,0.69994,0.6998300000000001,1.12,1
13.08.2021 01:24:30.670,0.69994,0.69984,1.12,1
13.08.2021 01:24:35.979,0.69998,0.69986,2.25,1
13.08.2021 01:24:36.187,0.70001,0.69991,1.5,1.5
13.08.2021 01:24:36.288,0.70001,0.69992,1.5,1
13.08.2021 01:24:36.339,0.7000500000000001,0.69993,3.37,1
13.08.2021 01:25:13.464,0.70006,0.69994,1.87,1
13.08.2021 01:25:22.664,0.70007,0.6999500000000001,2.75,1
13.08.2021 01:25:22.822,0.70007,0.6999500000000001,2.62,1
13.08.2021 01:25:24.847,0.7000500000000001,0.6999500000000001,1,1.5
13.08.2021 01:25:28.718,0.7000500000000001,0.69994,1,1
13.08.2021 01:25:31.233,0.70006,0.69994,1.12,1.5
13.08.2021 01:25:48.772,0.70006,0.6999500000000001,1.5,1
13.08.2021 01:25:51.454,0.7000500000000001,0.6999500000000001,1.5,1
13.08.2021 01:25:54.777,0.70008,0.69996,1.12,1
13.08.2021 01:26:02.493,0.70008,0.69997,1,1
13.08.2021 01:26:24.715,0.70007,0.69996,1.5,1
13.08.2021 01:26:25.034,0.70008,0.69996,1.5,1
13.08.2021 01:26:30.294,0.70006,0.69997,1,1
13.08.2021 01:26:30.884,0.70008,0.69996,1.12,1
13.08.2021 01:27:04.235,0.70007,0.6999500000000001,3.75,1
13.08.2021 01:27:04.336,0.7000500000000001,0.69993,1.5,1
13.08.2021 01:27:04.438,0.70007,0.69998,1.5,1
13.08.2021 01:27:11.832,0.70009,0.69997,2,1
13.08.2021 01:27:16.408,0.70013,0.70002,2,1
13.08.2021 01:27:16.509,0.70015,0.7000000000000001,2.62,1.25
13.08.2021 01:27:16.560,0.70014,0.70002,2.19,1
13.08.2021 01:27:16.610,0.70014,0.70002,1.5,1
13.08.2021 01:27:17.813,0.7001100000000001,0.70001,1,1
13.08.2021 01:27:17.914,0.7001100000000001,0.7000000000000001,1.5,1
13.08.2021 01:27:18.015,0.70012,0.7000000000000001,1.87,1.25
13.08.2021 01:27:18.116,0.70013,0.70001,2,1
13.08.2021 01:27:19.412,0.70012,0.70002,1.5,1
13.08.2021 01:27:32.999,0.70012,0.70003,1,1
13.08.2021 01:27:41.622,0.7001100000000001,0.7000000000000001,2.25,1
13.08.2021 01:27:41.725,0.7001100000000001,0.69999,3,1
13.08.2021 01:27:41.826,0.7001000000000001,0.69998,3,1
13.08.2021 01:27:49.709,0.70012,0.7000000000000001,2.62,1
13.08.2021 01:27:52.622,0.70012,0.70004,1,1
13.08.2021 01:27:52.724,0.7001600000000001,0.70006,1.5,1
13.08.2021 01:27:52.825,0.70018,0.70006,1.12,1
13.08.2021 01:28:08.737,0.70015,0.70003,1,1
13.08.2021 01:28:12.229,0.70014,0.70002,1,1.25
13.08.2021 01:28:18.626,0.70013,0.70001,1.5,1.5
13.08.2021 01:28:18.727,0.7001100000000001,0.70001,1,1.5
13.08.2021 01:28:27.353,0.70012,0.70002,1,1.25
13.08.2021 01:28:41.825,0.70014,0.70002,1,1.75
13.08.2021 01:28:41.927,0.70018,0.70006,1.5,1
13.08.2021 01:28:42.028,0.70018,0.70006,1.5,1
13.08.2021 01:28:42.180,0.70018,0.70006,1,1
13.08.2021 01:29:12.041,0.70018,0.70008,1,1
13.08.2021 01:29:22.542,0.7002,0.70008,3.37,1
13.08.2021 01:29:25.514,0.70019,0.70008,1,1
13.08.2021 01:29:34.806,0.70019,0.70007,1,1
13.08.2021 01:29:38.513,0.7002100000000001,0.7001000000000001,1.5,1
13.08.2021 01:29:38.614,0.7002600000000001,0.7001600000000001,2.19,1.25
13.08.2021 01:29:38.715,0.7002700000000001,0.7001600000000001,1,1
13.08.2021 01:29:41.027,0.7002700000000001,0.7001700000000001,1,1
13.08.2021 01:29:43.270,0.7002600000000001,0.7001600000000001,1,1.5
13.08.2021 01:29:44.832,0.70025,0.70014,1,1
13.08.2021 01:29:44.984,0.7002600000000001,0.70014,1,1
13.08.2021 01:29:45.500,0.7002600000000001,0.7001600000000001,1,1
13.08.2021 01:29:53.916,0.70028,0.7001600000000001,1.12,1
13.08.2021 01:29:56.476,0.70028,0.7001700000000001,1,1
13.08.2021 01:29:59.310,0.70029,0.7001700000000001,1.87,1
13.08.2021 01:30:00.676,0.7002700000000001,0.70018,1,1
13.08.2021 01:30:02.413,0.70029,0.7001700000000001,5.06,1
13.08.2021 01:30:02.514,0.70028,0.7001600000000001,1,1
13.08.2021 01:30:09.613,0.70028,0.7001700000000001,1,1
13.08.2021 01:30:09.714,0.70032,0.7002200000000001,1,1.25
13.08.2021 01:30:09.765,0.70033,0.70024,1,1
13.08.2021 01:30:11.235,0.70034,0.70024,1.5,1
13.08.2021 01:30:18.071,0.70034,0.70023,1,1
13.08.2021 01:30:27.869,0.70037,0.7002600000000001,1.5,1
13.08.2021 01:30:28.021,0.70037,0.7002600000000001,1,1
13.08.2021 01:30:28.179,0.70038,0.7002700000000001,1.5,1
13.08.2021 01:30:32.223,0.70042,0.7003100000000001,1.12,1
13.08.2021 01:30:32.324,0.7004600000000001,0.70034,1,1
13.08.2021 01:30:32.426,0.70045,0.7003600000000001,1,1
13.08.2021 01:30:32.528,0.7004600000000001,0.70037,1,1
13.08.2021 01:30:35.362,0.7004800000000001,0.70039,1.87,1.75
13.08.2021 01:30:35.413,0.7005100000000001,0.7004,1,1.25
13.08.2021 01:30:35.565,0.7005300000000001,0.7004100000000001,1,1
13.08.2021 01:30:37.271,0.70049,0.70037,1,1
13.08.2021 01:30:37.372,0.70047,0.70038,1,1
13.08.2021 01:30:38.089,0.70047,0.7003600000000001,1,1
13.08.2021 01:30:39.043,0.7004600000000001,0.7003600000000001,2.25,1
13.08.2021 01:30:39.144,0.7004600000000001,0.70035,1,1
13.08.2021 01:30:42.013,0.7004800000000001,0.7003600000000001,1.5,1
13.08.2021 01:30:42.115,0.70047,0.70037,1,1
13.08.2021 01:30:46.613,0.70047,0.7003600000000001,1,1
13.08.2021 01:31:00.249,0.70049,0.7004,1.12,1
13.08.2021 01:31:00.350,0.7005300000000001,0.70043,2,1
13.08.2021 01:31:00.401,0.70054,0.7004,3.12,1.25
13.08.2021 01:31:00.553,0.70054,0.70045,1.12,1
13.08.2021 01:31:00.984,0.70055,0.70045,1.12,1
13.08.2021 01:31:04.384,0.70055,0.70044,1.12,1
13.08.2021 01:31:26.414,0.70054,0.70044,1,1
13.08.2021 01:31:26.464,0.70052,0.70043,2.62,1
13.08.2021 01:31:26.565,0.70054,0.70043,2,1
13.08.2021 01:31:26.667,0.70054,0.70043,1.5,1
13.08.2021 01:31:29.174,0.7005300000000001,0.70042,2.25,1
13.08.2021 01:31:29.275,0.70052,0.70042,1,1
13.08.2021 01:31:29.377,0.7005300000000001,0.70043,1,1
13.08.2021 01:31:29.487,0.7005300000000001,0.70044,1,1
13.08.2021 01:31:31.916,0.70049,0.7004100000000001,1.5,1
13.08.2021 01:31:32.068,0.7005,0.7004100000000001,3,1
13.08.2021 01:31:34.256,0.70049,0.7004100000000001,1.5,1
13.08.2021 01:31:34.357,0.7005,0.70039,2.25,1
13.08.2021 01:31:35.987,0.7005,0.7004,2.25,1
13.08.2021 01:31:39.076,0.7005,0.7004100000000001,1.5,1
13.08.2021 01:31:39.480,0.7005100000000001,0.70042,1.12,1.25
13.08.2021 01:31:39.581,0.7005300000000001,0.70044,2,1
13.08.2021 01:31:39.682,0.70054,0.70043,1.5,1
13.08.2021 01:31:52.583,0.7005300000000001,0.70042,1,1
13.08.2021 01:31:52.685,0.70054,0.70043,1,1
13.08.2021 01:31:56.376,0.7005300000000001,0.70042,2.25,1
13.08.2021 01:31:56.477,0.70054,0.70043,1.87,1
13.08.2021 01:31:56.631,0.70054,0.70044,1.12,1
13.08.2021 01:32:05.401,0.7005600000000001,0.70045,1.5,1
13.08.2021 01:32:05.452,0.7005600000000001,0.70045,1.12,1
13.08.2021 01:32:13.706,0.70055,0.70044,1,1
13.08.2021 01:32:17.482,0.7005600000000001,0.70045,1.12,1
13.08.2021 01:32:17.700,0.70057,0.7004600000000001,1,1
13.08.2021 01:32:17.981,0.70057,0.70047,1,1
13.08.2021 01:32:20.418,0.70055,0.70047,1,1
13.08.2021 01:32:30.003,0.70057,0.7004600000000001,1,1
13.08.2021 01:32:43.966,0.70055,0.70044,1.5,1
13.08.2021 01:32:44.068,0.70054,0.70043,1,1
13.08.2021 01:32:44.169,0.7005100000000001,0.7004,1,1
13.08.2021 01:32:44.427,0.70052,0.7004100000000001,1,1
13.08.2021 01:32:44.528,0.7005,0.70039,2.25,1
13.08.2021 01:32:44.679,0.7005,0.7004,1.5,1
13.08.2021 01:32:44.780,0.7005,0.7004100000000001,1,1
13.08.2021 01:32:45.334,0.7005,0.7004,1,1
13.08.2021 01:32:45.435,0.7005,0.70039,2.25,1
13.08.2021 01:32:56.741,0.70049,0.70039,1,1
13.08.2021 01:32:57.362,0.7004800000000001,0.70039,1,1
13.08.2021 01:32:57.464,0.70042,0.70032,1.5,2.62
13.08.2021 01:32:57.565,0.70042,0.70034,1,1
13.08.2021 01:32:57.616,0.70044,0.70033,1.87,1
13.08.2021 01:32:57.718,0.70043,0.70033,1,1
13.08.2021 01:32:57.819,0.70044,0.70034,1,1
13.08.2021 01:32:58.251,0.70045,0.70034,1,1
13.08.2021 01:32:58.353,0.7004600000000001,0.7003600000000001,1,1
13.08.2021 01:32:58.454,0.70047,0.7003600000000001,1,1
13.08.2021 01:32:59.503,0.70045,0.70037,3,1
13.08.2021 01:32:59.604,0.70045,0.70035,2.25,1
13.08.2021 01:32:59.756,0.70045,0.70034,3.37,1
13.08.2021 01:33:00.465,0.70044,0.70033,2.25,1
13.08.2021 01:33:05.469,0.70045,0.70034,3.75,1
13.08.2021 01:33:06.844,0.7004600000000001,0.70035,1.12,1
13.08.2021 01:33:11.230,0.70047,0.7003600000000001,1,1
13.08.2021 01:33:19.567,0.7004600000000001,0.7003600000000001,1,1
13.08.2021 01:33:21.912,0.70047,0.7003600000000001,1,1
13.08.2021 01:33:27.210,0.7004600000000001,0.70035,1,1
13.08.2021 01:33:41.309,0.70047,0.7003600000000001,1,1
13.08.2021 01:33:49.889,0.70045,0.70037,1,1
13.08.2021 01:34:03.828,0.70044,0.70034,3,1
13.08.2021 01:34:04.132,0.70043,0.70034,1,1
13.08.2021 01:34:04.249,0.70043,0.70033,1,1
13.08.2021 01:34:04.423,0.70043,0.70034,1.5,1
13.08.2021 01:34:08.817,0.70043,0.70035,1,1
13.08.2021 01:34:08.919,0.70044,0.70035,1,1
13.08.2021 01:34:09.070,0.70045,0.7003600000000001,1.5,1
13.08.2021 01:34:09.362,0.70047,0.7003600000000001,1,1
13.08.2021 01:34:16.878,0.70045,0.70035,1,1
13.08.2021 01:34:16.979,0.70044,0.70035,1,1
13.08.2021 01:34:18.090,0.70045,0.70035,1,1
13.08.2021 01:34:21.190,0.70045,0.70034,1.5,1
13.08.2021 01:34:28.726,0.7004600000000001,0.70035,1,1
13.08.2021 01:34:30.464,0.70047,0.7003600000000001,1.87,1
13.08.2021 01:34:35.339,0.7005,0.7004,1.5,1
13.08.2021 01:34:35.390,0.70052,0.7004100000000001,1,1
13.08.2021 01:34:35.440,0.70054,0.70043,2.25,1
13.08.2021 01:34:35.491,0.70054,0.70043,1,1
13.08.2021 01:34:35.592,0.7005600000000001,0.70044,5,1
13.08.2021 01:34:35.694,0.70057,0.70045,1.12,1
13.08.2021 01:34:37.720,0.70057,0.7004600000000001,1,1
13.08.2021 01:34:55.297,0.7005600000000001,0.7004600000000001,1,1
13.08.2021 01:35:00.750,0.7005600000000001,0.70044,1.5,1
13.08.2021 01:35:04.419,0.70055,0.70044,1,1
13.08.2021 01:35:04.520,0.70054,0.70043,1,1
13.08.2021 01:35:04.621,0.70054,0.70042,1.5,1
13.08.2021 01:35:04.722,0.70054,0.7004100000000001,1.5,1
13.08.2021 01:35:05.455,0.7005300000000001,0.7004100000000001,1,1
13.08.2021 01:35:05.557,0.70052,0.7004100000000001,1,1
13.08.2021 01:35:05.858,0.7005300000000001,0.7004100000000001,1.5,1
13.08.2021 01:35:06.759,0.70052,0.7004,1,1
13.08.2021 01:35:13.732,0.7005300000000001,0.7004,1.5,1
13.08.2021 01:35:15.182,0.7005300000000001,0.7004100000000001,1.5,1
13.08.2021 01:35:19.842,0.70054,0.70042,1.5,1
13.08.2021 01:35:19.943,0.7005600000000001,0.70043,1.87,1
13.08.2021 01:35:20.044,0.7005600000000001,0.70044,1,1
13.08.2021 01:35:23.912,0.70054,0.70044,1,1
13.08.2021 01:35:24.013,0.7005300000000001,0.70043,1,1
13.08.2021 01:35:27.979,0.70054,0.7004100000000001,1,1
13.08.2021 01:35:34.880,0.7005300000000001,0.70043,1,1.69
13.08.2021 01:35:34.981,0.70055,0.70043,1,1.5
13.08.2021 01:35:35.292,0.7005600000000001,0.70043,1,1.5
13.08.2021 01:35:47.992,0.70057,0.70044,1,1.69
13.08.2021 01:35:50.852,0.70057,0.70045,1,1
13.08.2021 01:36:00.017,0.70057,0.70044,1,2.44
13.08.2021 01:36:00.869,0.7005600000000001,0.70044,1,1
13.08.2021 01:36:01.647,0.7005600000000001,0.70043,1,2.44
13.08.2021 01:36:16.413,0.70055,0.70042,3,1
13.08.2021 01:36:16.515,0.7005300000000001,0.7004100000000001,1,1
13.08.2021 01:36:17.358,0.7005300000000001,0.7004,1,1
13.08.2021 01:36:21.782,0.7004800000000001,0.70038,1,1
13.08.2021 01:36:21.833,0.7004800000000001,0.70035,1,1.5
13.08.2021 01:36:22.525,0.70045,0.70033,1,2.62
13.08.2021 01:36:22.626,0.70043,0.7003100000000001,1,1.5
13.08.2021 01:36:22.677,0.70043,0.7003100000000001,1,1
13.08.2021 01:36:24.964,0.70043,0.70032,1,1
13.08.2021 01:36:32.051,0.70044,0.70032,1,1
13.08.2021 01:36:40.779,0.70045,0.70032,1.5,1
13.08.2021 01:36:41.449,0.70044,0.70032,1,1
13.08.2021 01:36:43.814,0.70044,0.7003100000000001,1.5,1
13.08.2021 01:36:47.199,0.70044,0.70032,1,1
13.08.2021 01:37:02.559,0.7004600000000001,0.70033,1.5,1
13.08.2021 01:37:03.460,0.70044,0.70035,1,1
13.08.2021 01:37:03.667,0.70047,0.70034,1.87,1
13.08.2021 01:37:05.617,0.7004800000000001,0.70034,2.62,1
13.08.2021 01:37:12.973,0.7004800000000001,0.70035,2.25,1
13.08.2021 01:37:13.077,0.70047,0.70035,2.25,1
13.08.2021 01:37:14.084,0.70047,0.70035,1,1
13.08.2021 01:37:21.086,0.70047,0.7003600000000001,1,1
13.08.2021 01:37:21.469,0.70049,0.7003600000000001,2.62,1
13.08.2021 01:37:26.104,0.7004800000000001,0.70035,1,1.5
13.08.2021 01:37:27.721,0.70045,0.70035,1,1
13.08.2021 01:37:27.772,0.70045,0.70033,1,1
13.08.2021 01:37:27.873,0.70045,0.70032,1,1.69
13.08.2021 01:37:30.121,0.7004600000000001,0.70034,1,1
13.08.2021 01:37:32.291,0.7004600000000001,0.70035,1.5,1.25
13.08.2021 01:37:40.356,0.70047,0.70035,1.5,1
13.08.2021 01:37:42.480,0.70047,0.70034,1.5,2.25
13.08.2021 01:37:44.123,0.7004600000000001,0.70034,1,1.5
13.08.2021 01:37:45.579,0.70047,0.70034,1.5,1.5
13.08.2021 01:37:50.911,0.70044,0.70033,1,1.5
13.08.2021 01:37:51.012,0.70044,0.70032,1,1
13.08.2021 01:37:51.215,0.70043,0.70032,1,1
13.08.2021 01:37:51.316,0.70043,0.7003,1,1.69
13.08.2021 01:37:51.467,0.70043,0.70032,1.5,1
13.08.2021 01:37:54.276,0.70045,0.70032,1.5,1
13.08.2021 01:38:01.390,0.70044,0.70032,1,1.5
13.08.2021 01:38:01.693,0.70045,0.70032,4.12,1.5
13.08.2021 01:38:02.389,0.70043,0.70032,3.75,1.5
13.08.2021 01:38:02.491,0.70043,0.7003100000000001,1,1
13.08.2021 01:38:02.593,0.70039,0.70028,1,1.31
13.08.2021 01:38:02.899,0.70039,0.7002600000000001,3,1.25
13.08.2021 01:38:03.372,0.70037,0.7002700000000001,1,1.25
13.08.2021 01:38:03.708,0.70039,0.7002600000000001,3,1.25
13.08.2021 01:38:05.592,0.70039,0.7002700000000001,2.25,1
13.08.2021 01:38:09.078,0.70039,0.70029,2.25,1
13.08.2021 01:38:09.137,0.70039,0.7002700000000001,2.25,1
13.08.2021 01:38:13.516,0.70039,0.7002600000000001,3,1.25
13.08.2021 01:38:13.637,0.7003600000000001,0.7002600000000001,1,1
13.08.2021 01:38:13.739,0.70037,0.7002600000000001,1,1
13.08.2021 01:38:14.476,0.7003600000000001,0.70025,3.75,1
13.08.2021 01:38:14.526,0.7003600000000001,0.70023,1,1.25
13.08.2021 01:38:18.980,0.70038,0.70025,2.75,1
13.08.2021 01:38:22.884,0.70037,0.7002600000000001,2.62,1
13.08.2021 01:38:28.917,0.70038,0.7002600000000001,1.87,1
13.08.2021 01:38:30.869,0.70039,0.70028,2.75,1.25
13.08.2021 01:38:30.971,0.70044,0.7003,1.87,1.69
13.08.2021 01:38:31.022,0.70044,0.70032,1.37,1.5
13.08.2021 01:38:31.073,0.70045,0.70033,1.12,1
13.08.2021 01:38:31.174,0.70047,0.70034,1.5,1.69
13.08.2021 01:38:31.225,0.70047,0.70034,1,1.5
13.08.2021 01:38:42.337,0.70047,0.70035,1,1
13.08.2021 01:38:42.439,0.7004800000000001,0.7003600000000001,1.5,1.5
13.08.2021 01:38:44.792,0.70049,0.7003600000000001,1.5,1.69
13.08.2021 01:38:44.950,0.70049,0.70037,1.5,1
13.08.2021 01:38:45.249,0.70049,0.7003600000000001,1.5,1.69
13.08.2021 01:39:05.061,0.70049,0.70037,1,1
13.08.2021 01:39:11.204,0.7005,0.70037,2.25,1.25
13.08.2021 01:39:12.398,0.70052,0.7004100000000001,2.25,1
13.08.2021 01:39:12.500,0.70055,0.70043,2.75,1
13.08.2021 01:39:12.601,0.70055,0.70044,1.5,1
13.08.2021 01:39:14.941,0.7005600000000001,0.70044,2.62,1
13.08.2021 01:39:16.833,0.7005300000000001,0.70045,1,1
13.08.2021 01:39:16.987,0.7005600000000001,0.70044,4.87,1
13.08.2021 01:39:21.132,0.70054,0.70044,1,1
13.08.2021 01:39:22.010,0.7005300000000001,0.70043,1,1
13.08.2021 01:39:22.113,0.70054,0.70043,1.5,1
13.08.2021 01:39:22.214,0.7005300000000001,0.70043,2.25,1
13.08.2021 01:39:26.448,0.7005300000000001,0.70042,1,1
13.08.2021 01:39:26.886,0.70054,0.70042,1,1
13.08.2021 01:39:27.327,0.70052,0.70042,3,1
13.08.2021 01:39:27.428,0.7004800000000001,0.70038,1.5,1.12
13.08.2021 01:39:29.053,0.70047,0.70037,1.5,1.5
13.08.2021 01:39:31.134,0.70047,0.7003600000000001,1,1.5
13.08.2021 01:39:31.235,0.7004600000000001,0.70035,1,1
13.08.2021 01:39:31.286,0.70044,0.70033,1,1
13.08.2021 01:39:31.387,0.70043,0.70033,1,1
13.08.2021 01:39:31.489,0.70045,0.70033,1.5,1
13.08.2021 01:39:34.888,0.70047,0.70035,2.25,1
13.08.2021 01:39:39.336,0.70045,0.7003600000000001,1,1
13.08.2021 01:39:39.438,0.7004600000000001,0.70034,1,1
13.08.2021 01:39:39.540,0.70047,0.70034,1.5,1
13.08.2021 01:39:45.641,0.70045,0.70035,1,1
13.08.2021 01:39:45.742,0.70047,0.70034,1.5,1
13.08.2021 01:39:51.255,0.70044,0.70034,1,1
13.08.2021 01:39:51.417,0.70044,0.70032,1,1
13.08.2021 01:39:51.904,0.70043,0.70032,1,1
13.08.2021 01:39:52.082,0.70044,0.70032,1.5,1
13.08.2021 01:39:55.632,0.70045,0.70033,2.62,1
13.08.2021 01:40:02.120,0.7004600000000001,0.70033,1.5,1
13.08.2021 01:40:03.218,0.7004600000000001,0.70034,1.5,1
13.08.2021 01:40:04.888,0.70047,0.70035,1,1
13.08.2021 01:40:10.427,0.7004800000000001,0.70035,1.87,1.25
13.08.2021 01:40:11.557,0.70049,0.70037,1,1.25
13.08.2021 01:40:11.658,0.7005100000000001,0.70039,1.12,1.25
13.08.2021 01:40:11.760,0.70055,0.70043,1,1
13.08.2021 01:40:11.861,0.7005600000000001,0.70043,1.5,1
13.08.2021 01:40:12.114,0.70057,0.70044,1.87,1
13.08.2021 01:40:16.382,0.70057,0.70045,1.5,1
13.08.2021 01:40:18.509,0.7005600000000001,0.70044,1,1
13.08.2021 01:40:20.555,0.70055,0.70043,1,1
13.08.2021 01:40:20.656,0.7005300000000001,0.70043,1,1
13.08.2021 01:40:20.757,0.70052,0.70042,1,1
13.08.2021 01:40:21.010,0.70049,0.70039,1,1
13.08.2021 01:40:21.060,0.7004800000000001,0.7003600000000001,1,2.5
13.08.2021 01:40:25.355,0.7004600000000001,0.70035,1,1.12
13.08.2021 01:40:25.456,0.70044,0.70033,1,2.87
13.08.2021 01:40:25.557,0.70045,0.70032,1,2.06
13.08.2021 01:40:30.188,0.70044,0.70034,1,1
13.08.2021 01:40:36.051,0.7004600000000001,0.70034,1.87,1
13.08.2021 01:40:39.186,0.70047,0.70034,1.5,1
13.08.2021 01:40:51.343,0.70047,0.70034,1,2.5
13.08.2021 01:40:51.444,0.70047,0.7003600000000001,2.62,1.25
13.08.2021 01:41:01.602,0.7004600000000001,0.7003600000000001,1,1
13.08.2021 01:41:18.907,0.7004800000000001,0.70035,2.62,1
13.08.2021 01:41:21.335,0.7004800000000001,0.7003600000000001,2.62,1
13.08.2021 01:41:21.547,0.7004800000000001,0.70035,2.62,1.25
13.08.2021 01:41:22.356,0.70047,0.70034,1,2.5
13.08.2021 01:41:40.304,0.70047,0.70035,1,3.25
13.08.2021 01:41:40.406,0.7004800000000001,0.70037,1,1
13.08.2021 01:41:40.457,0.7005100000000001,0.70039,1,3.25
13.08.2021 01:41:40.558,0.70054,0.70042,1.5,3.25
13.08.2021 01:41:40.659,0.7005600000000001,0.70043,1.12,1.25
13.08.2021 01:41:40.760,0.70055,0.70045,1.12,1.25
13.08.2021 01:41:41.451,0.7005600000000001,0.70045,1,1
13.08.2021 01:41:41.758,0.7005600000000001,0.70044,1,2.44
13.08.2021 01:41:52.551,0.7005600000000001,0.70044,1,3.25
13.08.2021 01:42:21.176,0.7005600000000001,0.70044,1.5,2.5
13.08.2021 01:42:21.380,0.70055,0.70045,1,2.5
13.08.2021 01:42:28.044,0.70055,0.7004600000000001,1,2.5
13.08.2021 01:42:31.780,0.70059,0.70047,1.5,1.25
13.08.2021 01:42:31.831,0.7006100000000001,0.7005,1.12,1.25
13.08.2021 01:42:31.983,0.7006300000000001,0.7005100000000001,1.5,1
13.08.2021 01:42:32.487,0.70062,0.7005,1,1
13.08.2021 01:42:32.765,0.7006100000000001,0.70049,1,1
13.08.2021 01:42:36.061,0.7006,0.70049,1,1
13.08.2021 01:42:36.112,0.70057,0.70045,1,2.44
13.08.2021 01:42:36.319,0.7005600000000001,0.7004600000000001,1.5,1.75
13.08.2021 01:42:41.823,0.7005600000000001,0.70045,1,1.75
13.08.2021 01:42:44.948,0.7005600000000001,0.70044,1,3.25
13.08.2021 01:42:48.044,0.70055,0.7004600000000001,1,1.25
13.08.2021 01:42:51.536,0.7005600000000001,0.7005,1,1
13.08.2021 01:42:52.059,0.7005800000000001,0.70049,1,1
13.08.2021 01:42:52.160,0.70062,0.70052,1.5,1
13.08.2021 01:42:52.211,0.7006300000000001,0.70049,1.5,3.25
13.08.2021 01:42:52.312,0.7006300000000001,0.7005100000000001,1,1.25
13.08.2021 01:42:52.362,0.7006600000000001,0.7005800000000001,1.12,1
13.08.2021 01:42:52.514,0.70067,0.7005800000000001,1.5,1
13.08.2021 01:42:53.656,0.7006600000000001,0.7005800000000001,1,1
13.08.2021 01:42:53.757,0.70067,0.7005800000000001,1.5,1
13.08.2021 01:42:59.291,0.70065,0.70059,1,1
13.08.2021 01:42:59.487,0.7006600000000001,0.70059,3.75,1
13.08.2021 01:43:01.188,0.70067,0.70057,1.5,1
13.08.2021 01:43:01.390,0.70065,0.7005600000000001,1,1
13.08.2021 01:43:01.441,0.7006100000000001,0.7005100000000001,1,1
13.08.2021 01:43:01.542,0.7006,0.7005100000000001,2.25,1
13.08.2021 01:43:01.658,0.70059,0.7005100000000001,1,1
13.08.2021 01:43:01.759,0.70059,0.7005,1,1
13.08.2021 01:43:02.211,0.70062,0.70054,5.25,1
13.08.2021 01:43:02.312,0.70064,0.70054,1.87,1
13.08.2021 01:43:02.413,0.70064,0.70055,1.87,1
13.08.2021 01:43:06.732,0.7006600000000001,0.70057,1.87,1
13.08.2021 01:44:14.577,0.70065,0.70055,1.5,1
13.08.2021 01:44:16.800,0.70065,0.70054,1,1
13.08.2021 01:44:17.707,0.7006600000000001,0.70054,1,1
13.08.2021 01:44:17.868,0.7006600000000001,0.70055,1,1
13.08.2021 01:44:25.191,0.70067,0.7005600000000001,1,1
13.08.2021 01:44:34.431,0.70069,0.70059,3,1
13.08.2021 01:44:39.332,0.70069,0.70057,1.5,1
13.08.2021 01:44:40.508,0.70069,0.7005600000000001,4.5,1
13.08.2021 01:44:58.146,0.70069,0.70057,1,1
13.08.2021 01:44:59.086,0.7007,0.70057,1.87,1
13.08.2021 01:44:59.466,0.7007,0.7005800000000001,1.87,1
13.08.2021 01:45:01.926,0.7007300000000001,0.70062,1.5,1.69
13.08.2021 01:45:02.027,0.70076,0.70064,1.5,1
13.08.2021 01:45:02.128,0.70076,0.70064,1.12,1
13.08.2021 01:45:09.283,0.70077,0.70064,1.87,1
13.08.2021 01:45:13.689,0.70075,0.70065,1,1
13.08.2021 01:45:14.820,0.70075,0.7006300000000001,1,1.5
13.08.2021 01:45:22.662,0.70075,0.70064,1.87,1
13.08.2021 01:45:27.473,0.70077,0.70064,2.75,1
13.08.2021 01:45:29.066,0.70076,0.7006300000000001,1.12,1
13.08.2021 01:45:35.504,0.70075,0.7006300000000001,1,1
13.08.2021 01:45:36.506,0.70076,0.7006300000000001,1.87,1
13.08.2021 01:45:39.823,0.70076,0.7006300000000001,2,1
13.08.2021 01:45:45.165,0.70075,0.70062,1.12,1
13.08.2021 01:45:45.596,0.70074,0.7006100000000001,1,1.5
13.08.2021 01:45:45.748,0.70074,0.7006,1.5,1.5
13.08.2021 01:45:46.780,0.70074,0.7006100000000001,1,1
13.08.2021 01:45:46.905,0.70075,0.70062,1.87,1
13.08.2021 01:45:51.375,0.70074,0.7006100000000001,1,3
13.08.2021 01:45:53.158,0.7007300000000001,0.7006,1,2.25
13.08.2021 01:45:54.548,0.70074,0.7006100000000001,1,1
13.08.2021 01:45:59.328,0.70075,0.70062,2.25,1
13.08.2021 01:46:00.072,0.70074,0.7006100000000001,1,1
13.08.2021 01:46:01.151,0.7007300000000001,0.7006,1,2.25
13.08.2021 01:46:01.517,0.70072,0.70059,1,1.25
13.08.2021 01:46:01.568,0.7007,0.7005800000000001,2.25,1.12
13.08.2021 01:46:02.101,0.7007,0.70057,1.12,1.25
13.08.2021 01:46:02.656,0.7006800000000001,0.70057,1.69,1
13.08.2021 01:46:02.757,0.7006600000000001,0.7005600000000001,1,1.25
13.08.2021 01:46:02.909,0.7006800000000001,0.70055,1.12,1.69
13.08.2021 01:46:03.698,0.7006800000000001,0.70054,2.44,3.19
13.08.2021 01:46:03.800,0.7006800000000001,0.70055,1,1.25
13.08.2021 01:46:06.545,0.7006800000000001,0.7005600000000001,1,1
13.08.2021 01:46:08.616,0.7006800000000001,0.70055,1,1.69
13.08.2021 01:46:15.804,0.7006600000000001,0.7005600000000001,1,1.25
13.08.2021 01:46:20.109,0.7006800000000001,0.70055,1,1.5
13.08.2021 01:46:28.415,0.70067,0.70054,1,2.44
13.08.2021 01:46:30.148,0.70065,0.70055,1,1.25
13.08.2021 01:46:40.783,0.70067,0.70054,1,1.69
13.08.2021 01:46:50.143,0.7006800000000001,0.70054,1,1.69
13.08.2021 01:46:56.623,0.7006600000000001,0.70054,1,1.25
13.08.2021 01:46:56.725,0.70065,0.70054,1.5,1.25
13.08.2021 01:46:57.529,0.7006600000000001,0.7005300000000001,1,4
13.08.2021 01:46:57.631,0.70067,0.70054,1.12,1.69
13.08.2021 01:47:00.254,0.70067,0.70055,1.12,2.44
13.08.2021 01:47:26.146,0.7006800000000001,0.70055,1.12,1
13.08.2021 01:47:50.112,0.70069,0.7005600000000001,1.87,1
13.08.2021 01:48:12.152,0.7006800000000001,0.7005600000000001,1,1.25
13.08.2021 01:48:19.161,0.7006600000000001,0.70055,1,1.75
13.08.2021 01:48:19.263,0.70064,0.70055,1,1.25
13.08.2021 01:48:19.364,0.7006600000000001,0.70054,1.12,1.25
13.08.2021 01:48:21.472,0.7006100000000001,0.7005,3.5,1.5
13.08.2021 01:48:21.523,0.7006100000000001,0.7004800000000001,3.5,1
13.08.2021 01:48:21.574,0.7005800000000001,0.70047,1,1.31
13.08.2021 01:48:36.289,0.7005800000000001,0.7004800000000001,1,1.25
13.08.2021 01:48:36.390,0.70064,0.70055,1,1.75
13.08.2021 01:48:36.542,0.7006600000000001,0.70054,1,1.75
13.08.2021 01:48:36.946,0.7006600000000001,0.70054,1,1.69
13.08.2021 01:48:39.886,0.7006600000000001,0.70054,1,2.5
13.08.2021 01:48:43.154,0.70065,0.70055,1,2.81
13.08.2021 01:49:15.561,0.7006600000000001,0.70054,1,3.62
13.08.2021 01:49:30.370,0.7006600000000001,0.70054,1,2.06
13.08.2021 01:49:32.241,0.7006800000000001,0.7005800000000001,1,1.25
13.08.2021 01:49:32.292,0.70072,0.70059,1.5,1.69
13.08.2021 01:49:32.393,0.7007300000000001,0.7006,1,1.69
13.08.2021 01:49:32.443,0.7007300000000001,0.7006100000000001,1,1.75
13.08.2021 01:49:32.545,0.70074,0.70064,1,1.25
13.08.2021 01:49:32.646,0.70075,0.70064,1.87,1.75
13.08.2021 01:49:36.383,0.70075,0.70064,1.5,1
13.08.2021 01:49:36.484,0.70075,0.70062,1,1.31
13.08.2021 01:49:37.898,0.70072,0.70062,1,1.25
13.08.2021 01:49:37.999,0.7007,0.70059,1,1
13.08.2021 01:49:38.050,0.7007,0.70057,1,3.25
13.08.2021 01:49:46.046,0.7007,0.7005800000000001,1,1.25
13.08.2021 01:49:46.148,0.7007300000000001,0.70062,1.12,1.75
13.08.2021 01:49:46.249,0.70075,0.7006300000000001,1.5,1.75
13.08.2021 01:49:46.300,0.70076,0.7006300000000001,1,2.5
13.08.2021 01:49:51.803,0.70076,0.7006300000000001,1,2.44
13.08.2021 01:49:54.894,0.7007300000000001,0.7006,1,3.56
13.08.2021 01:49:54.996,0.7007300000000001,0.7006100000000001,1,1.25
13.08.2021 01:49:55.477,0.7007300000000001,0.7006,1,3.56
13.08.2021 01:49:58.080,0.7007300000000001,0.7006,1,4
13.08.2021 01:49:58.181,0.7007300000000001,0.70062,1,2.44
13.08.2021 01:50:01.238,0.70074,0.7006100000000001,1,2.5
13.08.2021 01:50:05.215,0.70074,0.7006100000000001,1,2.44
13.08.2021 01:50:09.624,0.70072,0.7006100000000001,1,1.69
13.08.2021 01:50:13.731,0.7007300000000001,0.7006100000000001,1,1.75
13.08.2021 01:50:13.833,0.70074,0.70062,1.25,3.62
13.08.2021 01:50:13.883,0.70075,0.70064,1,2.5
13.08.2021 01:50:17.887,0.70076,0.70064,1,2.5
13.08.2021 01:50:19.337,0.7007800000000001,0.70065,1.5,1.25
13.08.2021 01:50:22.097,0.7007800000000001,0.70065,1.5,1.75
13.08.2021 01:50:25.023,0.7007800000000001,0.70065,1.5,1
13.08.2021 01:50:36.890,0.70077,0.70064,1.25,1
13.08.2021 01:51:02.505,0.70076,0.7006300000000001,1,2.25
13.08.2021 01:52:13.560,0.70076,0.70062,1.5,1.5
13.08.2021 01:52:13.983,0.70075,0.70062,1,1.5
13.08.2021 01:52:14.084,0.70072,0.70059,1,3
13.08.2021 01:52:14.185,0.70071,0.70059,1,1
13.08.2021 01:52:14.286,0.70071,0.7005800000000001,1,3.37
13.08.2021 01:52:14.618,0.7006800000000001,0.7005800000000001,1,1
13.08.2021 01:52:14.769,0.70069,0.7005600000000001,1,1.5
13.08.2021 01:52:14.870,0.7006800000000001,0.70055,1,1.69
13.08.2021 01:52:15.077,0.7006800000000001,0.70055,1,1.75
13.08.2021 01:52:16.530,0.70067,0.70055,1.25,1
13.08.2021 01:52:16.632,0.70064,0.70052,1.5,2.06
13.08.2021 01:52:16.733,0.7005800000000001,0.7004600000000001,1.25,3.25
13.08.2021 01:52:16.834,0.7005800000000001,0.70045,2.5,1.87
13.08.2021 01:52:16.986,0.70057,0.70044,1.69,2.44
13.08.2021 01:52:17.288,0.70057,0.70044,1,2.5
13.08.2021 01:52:20.513,0.70057,0.70044,1.25,1.69
13.08.2021 01:52:20.614,0.70055,0.70045,1,1.25
13.08.2021 01:52:31.566,0.7005600000000001,0.70043,1,2.44
13.08.2021 01:52:36.737,0.70055,0.70043,1,1.69
13.08.2021 01:52:39.419,0.7005600000000001,0.70043,1,2.44
13.08.2021 01:53:01.122,0.7005600000000001,0.70044,1,3.19
13.08.2021 01:53:01.173,0.7005600000000001,0.7004600000000001,1,1.75
13.08.2021 01:53:01.223,0.7006,0.70049,1,3
13.08.2021 01:53:01.375,0.70059,0.70047,1,1
13.08.2021 01:53:09.570,0.70059,0.7004600000000001,1,1
13.08.2021 01:53:09.671,0.7005600000000001,0.70044,1,1.12
13.08.2021 01:53:10.902,0.7005600000000001,0.70043,1,1.5
13.08.2021 01:53:24.841,0.70054,0.70044,1,1
13.08.2021 01:53:24.942,0.70055,0.70042,1,1.87
13.08.2021 01:54:02.002,0.7005600000000001,0.70044,1.5,1
13.08.2021 01:54:02.698,0.7005600000000001,0.70043,1.5,1.5
13.08.2021 01:54:19.615,0.70055,0.70043,1,1
13.08.2021 01:54:19.717,0.70054,0.70043,1,1.5
13.08.2021 01:54:20.020,0.70054,0.7004100000000001,1.25,2.62
13.08.2021 01:54:24.788,0.70052,0.7004,1.25,1
13.08.2021 01:54:24.889,0.70052,0.70038,1.69,2.75
13.08.2021 01:54:24.991,0.70052,0.70038,1.69,2.25
13.08.2021 01:54:27.675,0.70052,0.70038,4.75,1.5
13.08.2021 01:54:36.333,0.7005100000000001,0.70038,1,1
13.08.2021 01:54:40.460,0.7005,0.70039,1.25,1
13.08.2021 01:54:40.604,0.7005100000000001,0.70038,1.25,1
13.08.2021 01:55:01.221,0.7005300000000001,0.7004,1.75,1
13.08.2021 01:55:01.322,0.70052,0.7004100000000001,1,1.5
13.08.2021 01:55:01.423,0.70054,0.7004100000000001,1,1.5
13.08.2021 01:55:02.512,0.70054,0.70042,2.44,2.25
13.08.2021 01:55:02.613,0.70055,0.70042,1.69,1
13.08.2021 01:55:02.714,0.70055,0.7004100000000001,3.25,1.5
13.08.2021 01:55:09.730,0.7005,0.7004100000000001,1.25,1.5
13.08.2021 01:55:09.831,0.70049,0.7003600000000001,1.75,2
13.08.2021 01:55:09.932,0.70047,0.70035,1.25,1
13.08.2021 01:55:15.191,0.70047,0.70034,1.75,1
13.08.2021 01:55:16.472,0.7004600000000001,0.70035,1.69,1
13.08.2021 01:55:34.019,0.7004600000000001,0.7003600000000001,1,1
13.08.2021 01:55:49.204,0.70047,0.70034,1,1
13.08.2021 01:56:02.500,0.7004600000000001,0.70034,1,1
13.08.2021 01:56:05.050,0.70043,0.70032,1.25,1
13.08.2021 01:56:05.101,0.70042,0.7003,1.25,1.87
13.08.2021 01:56:05.253,0.70042,0.70029,1.69,1
13.08.2021 01:56:15.227,0.7004100000000001,0.70028,1,1.5
13.08.2021 01:56:20.107,0.70042,0.70029,1.69,1
13.08.2021 01:56:23.521,0.70042,0.70029,1.75,1
13.08.2021 01:56:23.623,0.70042,0.7003,1.25,1
13.08.2021 01:56:29.026,0.70042,0.7003,1.25,1
13.08.2021 01:56:31.505,0.70043,0.7003,2.06,1
13.08.2021 01:56:31.707,0.70042,0.70032,1,1
13.08.2021 01:56:31.809,0.70044,0.70033,1,1
13.08.2021 01:56:32.273,0.70045,0.70033,2.62,1
13.08.2021 01:56:32.374,0.7004600000000001,0.70033,1.87,1
13.08.2021 01:56:35.910,0.70047,0.70034,2.62,1
13.08.2021 01:56:39.582,0.7004600000000001,0.70033,1,1.5
13.08.2021 01:56:59.845,0.70047,0.70033,2.62,1
13.08.2021 01:57:00.938,0.7004600000000001,0.70033,1.5,1
13.08.2021 01:57:01.044,0.70045,0.70032,1,1
13.08.2021 01:57:01.146,0.70044,0.70032,1.5,1
13.08.2021 01:57:14.137,0.70045,0.70032,1.5,1
13.08.2021 01:57:14.238,0.7004600000000001,0.70033,1.5,1.5
13.08.2021 01:57:14.861,0.70047,0.70034,1,2.25
13.08.2021 01:57:15.446,0.7005100000000001,0.70038,1.87,1.5
13.08.2021 01:57:15.548,0.7005100000000001,0.70039,1.12,1
13.08.2021 01:57:15.700,0.70052,0.70039,1,1
13.08.2021 01:57:16.016,0.70054,0.7004,1.5,2.25
13.08.2021 01:57:16.522,0.7005300000000001,0.7004,1,2.62
13.08.2021 01:58:02.238,0.70052,0.7004,1,1
13.08.2021 01:58:02.396,0.70049,0.70038,1,1
13.08.2021 01:58:02.497,0.7005,0.70037,1,3
13.08.2021 01:58:02.648,0.7004800000000001,0.70038,1,1.5
13.08.2021 01:58:05.456,0.7004800000000001,0.7003600000000001,1,2.25
13.08.2021 01:58:05.666,0.7005100000000001,0.7004,5.12,1
13.08.2021 01:58:05.767,0.70052,0.70039,1.69,1.5
13.08.2021 01:58:26.059,0.7005100000000001,0.70039,1,1.5
13.08.2021 01:58:39.038,0.7005300000000001,0.7004,1,1
13.08.2021 01:58:39.139,0.70054,0.7004,2.25,1.25
13.08.2021 01:58:54.410,0.7005300000000001,0.7004,1,2.62
13.08.2021 01:58:55.786,0.70054,0.7004,1.69,2.62
13.08.2021 01:59:00.747,0.70054,0.7004100000000001,1.69,1
13.08.2021 01:59:19.469,0.7005300000000001,0.7004,1,1.5
13.08.2021 01:59:19.570,0.7005100000000001,0.7004,1.5,1
13.08.2021 01:59:22.184,0.7005100000000001,0.70038,1,1
13.08.2021 01:59:35.399,0.7005100000000001,0.7004100000000001,1.5,1.25
13.08.2021 01:59:35.500,0.70057,0.70047,1.69,1
13.08.2021 01:59:35.602,0.7005800000000001,0.7004600000000001,1,1.75
13.08.2021 01:59:38.585,0.7005800000000001,0.7004800000000001,1.12,1.25
13.08.2021 01:59:38.636,0.7006100000000001,0.7004800000000001,2.81,1.25
13.08.2021 01:59:38.737,0.70062,0.70049,3,1
13.08.2021 01:59:43.372,0.70062,0.70049,1.69,1
13.08.2021 01:59:43.524,0.70064,0.7005100000000001,2,1
13.08.2021 01:59:43.625,0.70064,0.7005100000000001,1.5,1
13.08.2021 01:59:44.617,0.70064,0.70052,1,1
13.08.2021 01:59:44.858,0.70064,0.7005300000000001,1,1
13.08.2021 01:59:45.117,0.7006600000000001,0.70057,1,1
13.08.2021 01:59:45.168,0.70069,0.7005800000000001,2.62,1.25
13.08.2021 01:59:45.219,0.70072,0.7006,1.5,1.25
