Gmt time,Ask,Bid,AskVolume,BidVolume
10.08.2021 00:00:00.063,0.69924,0.69912,3,1
10.08.2021 00:00:00.114,0.6992,0.69908,1,1
10.08.2021 00:00:00.164,0.69918,0.69908,1,1
10.08.2021 00:00:00.367,0.69918,0.69906,1,1.5
10.08.2021 00:00:00.569,0.6991600000000001,0.69906,1,1
10.08.2021 00:00:00.670,0.6991600000000001,0.6990500000000001,1,1
10.08.2021 00:00:00.941,0.69919,0.6990500000000001,1.25,1.12
10.08.2021 00:00:04.354,0.6992100000000001,0.6990500000000001,3.37,1.5
10.08.2021 00:00:04.455,0.6992100000000001,0.69906,3.37,1
10.08.2021 00:00:05.021,0.6991700000000001,0.69906,1,1
10.08.2021 00:00:06.748,0.6991700000000001,0.69907,1,1.69
10.08.2021 00:00:07.288,0.69919,0.69907,1,1.5
10.08.2021 00:00:07.389,0.6992600000000001,0.69912,2.25,1.69
10.08.2021 00:00:07.491,0.69928,0.69918,1,1.25
10.08.2021 00:00:07.541,0.6993100000000001,0.6992100000000001,1,1
10.08.2021 00:00:07.643,0.69932,0.6992200000000001,1.5,1
10.08.2021 00:00:07.744,0.69933,0.6992100000000001,1.25,1
10.08.2021 00:00:10.393,0.69933,0.6992200000000001,1.25,1
10.08.2021 00:00:10.494,0.69929,0.69919,1,1.25
10.08.2021 00:00:11.690,0.69929,0.6991700000000001,1,3.25
10.08.2021 00:00:16.649,0.69929,0.69919,1,1
10.08.2021 00:00:17.002,0.6993,0.69919,1,1
10.08.2021 00:00:30.545,0.6993100000000001,0.69919,1,2.5
10.08.2021 00:00:37.484,0.69932,0.6992,1,1.25
10.08.2021 00:00:37.585,0.69933,0.6992,1,1.69
10.08.2021 00:00:40.628,0.69933,0.6992100000000001,1,1
10.08.2021 00:00:50.246,0.69933,0.6992100000000001,1,1.75
10.08.2021 00:00:50.353,0.69934,0.6992100000000001,1,2.5
10.08.2021 00:00:51.966,0.69935,0.6992200000000001,1,1.25
10.08.2021 00:00:52.017,0.69938,0.69924,1.12,2.25
10.08.2021 00:00:52.067,0.69938,0.6992600000000001,1.12,1.5
10.08.2021 00:00:52.169,0.69938,0.6992700000000001,1,3.25
10.08.2021 00:00:52.270,0.6994,0.69929,1,1.69
10.08.2021 00:00:52.371,0.6994100000000001,0.69928,1,4
10.08.2021 00:00:52.778,0.6994100000000001,0.69929,1,1.75
10.08.2021 00:00:57.230,0.69942,0.69929,1,1.75
10.08.2021 00:01:01.486,0.6994100000000001,0.69929,1,1.75
10.08.2021 00:01:04.841,0.6994100000000001,0.69928,1,2.87
10.08.2021 00:01:04.942,0.69939,0.6992700000000001,1,1.75
10.08.2021 00:01:07.588,0.69938,0.6992700000000001,1,1.75
10.08.2021 00:01:07.689,0.69938,0.6992600000000001,1,1.75
10.08.2021 00:01:08.159,0.69937,0.69924,1,2.87
10.08.2021 00:01:08.676,0.69937,0.69924,1,2.12
10.08.2021 00:01:31.367,0.6993600000000001,0.69925,1,1.75
10.08.2021 00:01:37.043,0.6993600000000001,0.69924,1,1.25
10.08.2021 00:01:51.617,0.69935,0.69923,1.25,1
10.08.2021 00:01:51.719,0.69935,0.69923,1,1.25
10.08.2021 00:01:51.820,0.6993600000000001,0.6992200000000001,1,2.5
10.08.2021 00:02:01.460,0.6993600000000001,0.69923,1,1.25
10.08.2021 00:02:03.825,0.69935,0.6992200000000001,1,3.25
10.08.2021 00:02:04.632,0.6993100000000001,0.69919,1.12,1.12
10.08.2021 00:02:04.733,0.69929,0.6991700000000001,1,1.75
10.08.2021 00:02:05.907,0.69925,0.69915,1,1.12
10.08.2021 00:02:05.958,0.69924,0.69914,1,1.25
10.08.2021 00:02:06.059,0.69923,0.69912,1,1.75
10.08.2021 00:02:22.402,0.69923,0.69912,1,1.69
10.08.2021 00:02:22.503,0.6992200000000001,0.69912,1,1.25
10.08.2021 00:02:25.396,0.69924,0.69915,1,1.5
10.08.2021 00:02:25.497,0.6992600000000001,0.69915,1,1.25
10.08.2021 00:02:30.868,0.6992600000000001,0.69915,1,2.87
10.08.2021 00:02:30.969,0.6992700000000001,0.6991600000000001,1,1.25
10.08.2021 00:02:32.644,0.6992700000000001,0.6991600000000001,1,1.75
10.08.2021 00:02:38.556,0.6992600000000001,0.6991600000000001,1,1.75
10.08.2021 00:02:42.088,0.6992600000000001,0.6991600000000001,1,1.25
10.08.2021 00:02:42.224,0.69925,0.6991600000000001,1,1.25
10.08.2021 00:02:44.898,0.69925,0.69915,1,2.06
10.08.2021 00:02:56.481,0.6992200000000001,0.69912,1,1.5
10.08.2021 00:02:56.582,0.6992200000000001,0.6991100000000001,1,1.69
10.08.2021 00:02:56.683,0.6992,0.6991100000000001,1,1.25
10.08.2021 00:02:57.890,0.69919,0.6991,1,1
10.08.2021 00:02:57.991,0.6992,0.69909,1,1.25
10.08.2021 00:02:58.093,0.69918,0.69908,1,1.75
10.08.2021 00:02:58.356,0.69919,0.69909,1,1.25
10.08.2021 00:02:58.558,0.69918,0.69909,1,1.25
10.08.2021 00:02:58.866,0.69919,0.69909,1,1.25
10.08.2021 00:03:00.394,0.69919,0.6991,1,1.25
10.08.2021 00:03:01.490,0.6992,0.6991,1,1.25
10.08.2021 00:03:02.910,0.6991600000000001,0.69908,1,1.25
10.08.2021 00:03:03.062,0.69915,0.69906,1,1.31
10.08.2021 00:03:03.163,0.69915,0.6990500000000001,1,1.25
10.08.2021 00:03:03.264,0.69913,0.69903,1,1.75
10.08.2021 00:03:03.365,0.69913,0.69903,1,1.25
10.08.2021 00:03:03.778,0.69914,0.69903,1,1.25
10.08.2021 00:03:09.219,0.69913,0.69902,1,1.75
10.08.2021 00:03:10.792,0.69912,0.69902,1,1.75
10.08.2021 00:03:16.054,0.69912,0.69903,1,1.25
10.08.2021 00:03:19.087,0.69912,0.69903,3.75,1
10.08.2021 00:03:19.138,0.69908,0.69901,1,1.31
10.08.2021 00:03:19.290,0.69909,0.69898,1,1.75
10.08.2021 00:03:19.391,0.69906,0.69899,1,1.25
10.08.2021 00:03:19.594,0.69909,0.69898,1,1.25
10.08.2021 00:03:19.846,0.69908,0.6990000000000001,1,1.75
10.08.2021 00:03:27.185,0.69907,0.69899,1,1.25
10.08.2021 00:03:27.487,0.69909,0.69898,1,1.25
10.08.2021 00:03:34.024,0.69909,0.69899,1,1.25
10.08.2021 00:03:35.632,0.69909,0.69898,1,1.75
10.08.2021 00:03:35.784,0.69908,0.69898,1,1.25
10.08.2021 00:03:35.835,0.69908,0.6989500000000001,1,3.25
10.08.2021 00:03:35.936,0.69907,0.6989500000000001,1,1.69
10.08.2021 00:03:38.897,0.69907,0.69898,1,1.25
10.08.2021 00:03:42.527,0.69908,0.69896,1,1.25
10.08.2021 00:03:52.353,0.69906,0.69894,1,1.69
10.08.2021 00:03:55.991,0.6990500000000001,0.69894,1,1.69
10.08.2021 00:04:03.286,0.69904,0.69894,1,1.25
10.08.2021 00:04:04.130,0.69903,0.69894,1,1.25
10.08.2021 00:04:05.145,0.69902,0.69894,1,1.69
10.08.2021 00:04:08.217,0.69904,0.69892,1,2.5
10.08.2021 00:04:11.097,0.69899,0.69889,1,1.31
10.08.2021 00:04:11.198,0.69899,0.69887,1,1.75
10.08.2021 00:04:11.299,0.69897,0.6988800000000001,1,1.75
10.08.2021 00:04:16.306,0.69898,0.6988800000000001,1,1.25
10.08.2021 00:04:18.002,0.69899,0.69887,1,1.25
10.08.2021 00:04:23.767,0.6990000000000001,0.69887,1,1.69
10.08.2021 00:04:24.254,0.69901,0.6988800000000001,1,1
10.08.2021 00:04:28.810,0.69899,0.69889,1,1
10.08.2021 00:04:28.911,0.6990000000000001,0.69889,1,1
10.08.2021 00:04:29.450,0.6990000000000001,0.69887,1,1.69
10.08.2021 00:04:29.652,0.6990000000000001,0.6988800000000001,1,1
10.08.2021 00:04:33.048,0.69902,0.6989000000000001,1,1.69
10.08.2021 00:04:33.171,0.69903,0.6989000000000001,1,1.69
10.08.2021 00:04:35.181,0.69903,0.69892,1,1
10.08.2021 00:04:37.910,0.69904,0.69892,1,1
10.08.2021 00:04:44.093,0.6990500000000001,0.69892,1,1.5
10.08.2021 00:05:02.897,0.69904,0.69892,1,1
10.08.2021 00:05:14.542,0.69904,0.69891,1,1.69
10.08.2021 00:05:17.742,0.69901,0.69891,1,1
10.08.2021 00:05:17.843,0.69902,0.69889,1,1.5
10.08.2021 00:05:18.026,0.69901,0.6988800000000001,1,1
10.08.2021 00:05:18.127,0.6990000000000001,0.69887,1,1.69
10.08.2021 00:05:18.620,0.69899,0.6988500000000001,1,1.5
10.08.2021 00:05:18.721,0.69898,0.6988500000000001,1,1
10.08.2021 00:05:21.994,0.69896,0.6988500000000001,1,1.5
10.08.2021 00:05:27.196,0.69896,0.6988300000000001,1,2.25
10.08.2021 00:05:38.185,0.69896,0.6988500000000001,1,1
10.08.2021 00:05:38.337,0.69898,0.6988500000000001,1,1
10.08.2021 00:05:41.562,0.69899,0.6988500000000001,1.87,1
10.08.2021 00:05:55.275,0.69898,0.69887,1.5,1
10.08.2021 00:06:06.128,0.69899,0.6988800000000001,1.87,1
10.08.2021 00:06:06.229,0.69901,0.69887,2.75,1.25
10.08.2021 00:06:06.330,0.69901,0.69887,2.25,1.25
10.08.2021 00:06:08.887,0.69901,0.69889,1,1
10.08.2021 00:06:09.394,0.69901,0.6988800000000001,1,1.25
10.08.2021 00:06:09.935,0.69902,0.6988800000000001,2.25,1.75
10.08.2021 00:06:10.036,0.69903,0.6989000000000001,1,1
10.08.2021 00:06:13.832,0.69904,0.69893,1,1.25
10.08.2021 00:06:13.934,0.69906,0.69893,1.87,1
10.08.2021 00:06:15.851,0.6990500000000001,0.69892,1,1.25
10.08.2021 00:06:24.076,0.6990500000000001,0.69892,1,1.25
10.08.2021 00:06:31.976,0.69907,0.69894,1.5,1.25
10.08.2021 00:06:32.129,0.69906,0.69894,1,1.25
10.08.2021 00:06:33.999,0.69908,0.6989500000000001,1,2.5
10.08.2021 00:06:44.201,0.69909,0.69896,2.25,1.25
10.08.2021 00:06:46.472,0.6991100000000001,0.69898,1,1.75
10.08.2021 00:06:46.574,0.69914,0.69901,2,1.25
10.08.2021 00:06:46.675,0.69913,0.69903,1,1
10.08.2021 00:06:49.035,0.69915,0.69902,1,1.25
10.08.2021 00:06:51.195,0.69915,0.69904,2.06,1
10.08.2021 00:07:12.938,0.6991600000000001,0.69903,1,1.75
10.08.2021 00:07:33.042,0.69914,0.69902,1,1.25
10.08.2021 00:07:33.094,0.69913,0.6990000000000001,1,1.25
10.08.2021 00:07:36.197,0.69912,0.69899,1,2.5
10.08.2021 00:07:59.926,0.69912,0.69899,1.5,1.25
10.08.2021 00:08:01.185,0.6991100000000001,0.69898,1,1.25
10.08.2021 00:08:03.428,0.6991,0.69897,1,3.25
10.08.2021 00:08:06.263,0.6991,0.69897,1,2.44
10.08.2021 00:08:06.857,0.69904,0.69896,1,1.25
10.08.2021 00:08:06.908,0.69906,0.69893,1.69,1
10.08.2021 00:08:07.009,0.6990500000000001,0.69893,1,1
10.08.2021 00:08:12.525,0.69904,0.69892,1,1.75
10.08.2021 00:08:12.807,0.69904,0.69892,1,1.25
10.08.2021 00:08:14.148,0.69902,0.69889,1,2.06
10.08.2021 00:08:14.250,0.69901,0.6988800000000001,1,2.25
10.08.2021 00:08:21.487,0.69902,0.6989000000000001,1,1.25
10.08.2021 00:08:21.991,0.69902,0.6989000000000001,1,1.25
10.08.2021 00:08:26.073,0.69903,0.6989000000000001,1,1.75
10.08.2021 00:08:28.983,0.69906,0.69894,1,1.75
10.08.2021 00:08:29.335,0.69906,0.69894,1,2.5
10.08.2021 00:08:31.184,0.69908,0.6989500000000001,1.5,1.25
10.08.2021 00:08:31.965,0.69908,0.6989500000000001,1.5,1.25
10.08.2021 00:08:34.197,0.69908,0.6989500000000001,1.5,1.25
10.08.2021 00:08:39.578,0.69909,0.69896,2.25,1.25
10.08.2021 00:08:39.679,0.69908,0.69897,1,1.75
10.08.2021 00:08:39.781,0.6991,0.69897,1,2.5
10.08.2021 00:08:44.281,0.6991100000000001,0.69898,1,1.25
10.08.2021 00:08:47.444,0.69912,0.69899,1,1.25
10.08.2021 00:08:47.545,0.69913,0.6990000000000001,1.5,1.25
10.08.2021 00:08:53.877,0.6991,0.6990000000000001,1,1.25
10.08.2021 00:09:01.440,0.6991,0.69898,1,1.25
10.08.2021 00:09:01.851,0.6991,0.69898,1,1.25
10.08.2021 00:09:16.842,0.6991,0.69897,1.5,1.25
10.08.2021 00:09:48.101,0.6991,0.69897,1,1.75
10.08.2021 00:09:49.793,0.6991,0.69897,1,1.69
10.08.2021 00:09:50.378,0.69908,0.69898,1,1.25
10.08.2021 00:09:51.163,0.69904,0.69892,1,1.5
10.08.2021 00:09:51.264,0.69903,0.69892,1,1
10.08.2021 00:09:51.365,0.69903,0.6989000000000001,1,1.75
10.08.2021 00:09:51.668,0.69907,0.6989500000000001,1.12,1
10.08.2021 00:09:51.769,0.69907,0.69896,1.5,1.5
10.08.2021 00:10:00.496,0.69907,0.69897,1,1
10.08.2021 00:10:07.454,0.69909,0.69896,1,1.69
10.08.2021 00:10:07.556,0.6991,0.69897,1,1.25
10.08.2021 00:10:07.657,0.69909,0.69897,1,1.25
10.08.2021 00:10:07.758,0.6991,0.69897,1,1.69
10.08.2021 00:10:09.081,0.6991,0.69897,1,2.5
10.08.2021 00:10:09.183,0.6991,0.69899,1.5,1.25
10.08.2021 00:10:09.291,0.6991,0.69897,1,2.5
10.08.2021 00:10:11.597,0.69909,0.69896,1,3.25
10.08.2021 00:10:14.609,0.6991,0.69897,1,1.25
10.08.2021 00:10:14.711,0.6991,0.69899,1.5,1
10.08.2021 00:10:18.197,0.6991,0.69897,1,1.69
10.08.2021 00:10:38.076,0.6991,0.69899,1,1.69
10.08.2021 00:10:38.177,0.6991100000000001,0.69898,1,2.5
10.08.2021 00:10:41.491,0.6991100000000001,0.6990000000000001,1,1.69
10.08.2021 00:10:45.365,0.6991,0.69897,1,1.25
10.08.2021 00:10:45.466,0.69909,0.69896,1,3.62
10.08.2021 00:10:49.628,0.69909,0.69896,1,1.75
10.08.2021 00:10:56.182,0.6991100000000001,0.69898,1.5,1.25
10.08.2021 00:10:56.283,0.6991100000000001,0.69898,1,1.25
10.08.2021 00:11:00.195,0.69909,0.69899,1,1.25
10.08.2021 00:11:05.831,0.6991100000000001,0.69898,1,1.25
10.08.2021 00:11:05.932,0.69912,0.69899,1,1.25
10.08.2021 00:11:06.084,0.69912,0.6990000000000001,1,1.75
10.08.2021 00:11:19.081,0.69912,0.6990000000000001,1,1.25
10.08.2021 00:11:57.367,0.6991100000000001,0.6990000000000001,1,1.25
10.08.2021 00:12:02.498,0.6991,0.69899,1,1.5
10.08.2021 00:12:02.599,0.6991,0.69898,1,1
10.08.2021 00:12:02.649,0.69908,0.69896,1,2.19
10.08.2021 00:12:02.816,0.69908,0.69896,1,1.69
10.08.2021 00:12:09.380,0.69909,0.69897,1,1.25
10.08.2021 00:12:16.732,0.69909,0.69897,1,1.25
10.08.2021 00:12:27.420,0.69909,0.69898,1,1.69
10.08.2021 00:12:27.522,0.69909,0.69898,1,2.5
10.08.2021 00:12:27.720,0.6991,0.69899,1,1.25
10.08.2021 00:12:27.821,0.69915,0.69904,1,1
10.08.2021 00:12:27.922,0.6991600000000001,0.69904,1,1.25
10.08.2021 00:12:31.033,0.6991600000000001,0.69904,1,1.75
10.08.2021 00:12:31.134,0.6991700000000001,0.69904,1,2.5
10.08.2021 00:12:32.033,0.69913,0.69903,1.87,1
10.08.2021 00:12:32.135,0.6991,0.69898,1,1.69
10.08.2021 00:12:32.629,0.6991,0.69897,1,1.69
10.08.2021 00:12:35.703,0.69907,0.69897,1,1.25
10.08.2021 00:12:48.398,0.69907,0.69897,1,2.5
10.08.2021 00:12:55.283,0.6990500000000001,0.69896,1,1
10.08.2021 00:12:55.385,0.69901,0.69892,1,1.75
10.08.2021 00:12:55.486,0.6990000000000001,0.6989000000000001,1,1
10.08.2021 00:12:55.587,0.69897,0.69887,1.25,1.5
10.08.2021 00:12:55.689,0.69896,0.6988500000000001,1,1
10.08.2021 00:12:55.841,0.69896,0.69884,1,2.06
10.08.2021 00:12:55.942,0.6989500000000001,0.69884,1,1.31
10.08.2021 00:13:03.677,0.6989500000000001,0.69886,1,1
10.08.2021 00:13:03.727,0.69897,0.69886,1,1
10.08.2021 00:13:03.829,0.69898,0.69886,1,1.5
10.08.2021 00:13:17.294,0.69898,0.6988800000000001,1,1.25
10.08.2021 00:13:17.435,0.6990000000000001,0.6988800000000001,1,1.5
10.08.2021 00:13:39.553,0.6990000000000001,0.69889,1,1.25
10.08.2021 00:13:42.586,0.6990000000000001,0.6989000000000001,1,1.25
10.08.2021 00:13:42.687,0.6990000000000001,0.69891,1,1.25
10.08.2021 00:13:42.789,0.69901,0.69891,1,1.69
10.08.2021 00:13:42.998,0.69901,0.69892,1,1.25
10.08.2021 00:13:43.729,0.69904,0.69896,1,1.25
10.08.2021 00:13:43.780,0.69907,0.69898,1.12,1.25
10.08.2021 00:13:48.195,0.69907,0.69899,1,1.25
10.08.2021 00:14:02.912,0.69906,0.69896,1,2.5
10.08.2021 00:14:03.014,0.6990500000000001,0.69893,1,3
10.08.2021 00:14:21.350,0.69904,0.69893,1,1.25
10.08.2021 00:14:40.659,0.69906,0.69894,1,1.25
10.08.2021 00:14:45.196,0.69906,0.69896,1,1
10.08.2021 00:14:48.557,0.6990000000000001,0.69889,1,1
10.08.2021 00:14:48.659,0.69899,0.69887,1,1.5
10.08.2021 00:14:48.760,0.69898,0.6988800000000001,1,1
10.08.2021 00:14:53.188,0.69898,0.69886,1,1.25
10.08.2021 00:14:53.289,0.69897,0.6988500000000001,1,1.69
10.08.2021 00:15:03.741,0.69897,0.6988500000000001,1,2.5
10.08.2021 00:15:11.051,0.69897,0.6988500000000001,1,2.44
10.08.2021 00:15:16.089,0.69897,0.6988500000000001,1,3.25
10.08.2021 00:15:16.296,0.69897,0.6988500000000001,1,1.69
10.08.2021 00:15:18.088,0.69896,0.6988500000000001,1,1.69
10.08.2021 00:15:19.449,0.69896,0.6988500000000001,1,2.5
10.08.2021 00:15:20.675,0.69893,0.69882,1,2.5
10.08.2021 00:15:20.776,0.69891,0.69881,1,3
10.08.2021 00:15:20.877,0.69893,0.69881,1,1.25
10.08.2021 00:15:23.532,0.69892,0.6988000000000001,1,2.5
10.08.2021 00:15:38.177,0.69893,0.69881,1,1
10.08.2021 00:15:38.228,0.69889,0.69877,1,1.5
10.08.2021 00:15:38.329,0.69887,0.69875,1,3.75
10.08.2021 00:15:39.041,0.69887,0.69875,1,2.81
10.08.2021 00:15:43.217,0.69887,0.69875,1,2.88
10.08.2021 00:15:51.051,0.69887,0.69875,1,2.44
10.08.2021 00:16:00.214,0.69887,0.69875,1,3.25
10.08.2021 00:16:00.315,0.6988800000000001,0.69876,1,1.25
10.08.2021 00:16:30.665,0.69889,0.6987800000000001,1,1.25
10.08.2021 00:16:30.797,0.69889,0.69877,1,3.25
10.08.2021 00:16:36.227,0.6989000000000001,0.6987800000000001,1,1.25
10.08.2021 00:16:44.673,0.6989000000000001,0.6987800000000001,1.5,1.75
10.08.2021 00:16:50.437,0.69891,0.69879,1,1.25
10.08.2021 00:16:52.995,0.6989000000000001,0.6987800000000001,1,1.69
10.08.2021 00:16:54.032,0.69889,0.6987800000000001,1,1.25
10.08.2021 00:16:57.983,0.69891,0.6988000000000001,1,1.25
10.08.2021 00:16:58.084,0.69891,0.69879,1,2.5
10.08.2021 00:17:00.410,0.69891,0.69879,1.5,1.25
10.08.2021 00:17:00.511,0.6989000000000001,0.6987800000000001,1,2.5
10.08.2021 00:17:11.104,0.69891,0.6988000000000001,1.5,1
10.08.2021 00:17:30.146,0.69894,0.6988300000000001,1.5,2.44
10.08.2021 00:17:30.247,0.69896,0.69887,1,1.25
10.08.2021 00:17:30.349,0.69899,0.6988800000000001,1,1
10.08.2021 00:17:51.838,0.6990000000000001,0.6988800000000001,1.5,1
10.08.2021 00:18:02.272,0.6990000000000001,0.69889,1.5,1
10.08.2021 00:18:02.549,0.69902,0.6989500000000001,1,1
10.08.2021 00:18:02.651,0.69908,0.69897,2,1
10.08.2021 00:18:02.752,0.69908,0.69898,1,1.25
10.08.2021 00:18:02.853,0.69908,0.69899,1,1
10.08.2021 00:18:07.318,0.6991,0.69899,1,1
10.08.2021 00:18:09.943,0.6991100000000001,0.69899,3,1
10.08.2021 00:18:10.695,0.6991100000000001,0.6990000000000001,3,1
10.08.2021 00:18:15.586,0.69912,0.69901,1,1
10.08.2021 00:18:15.637,0.69912,0.69904,1.5,1
10.08.2021 00:18:15.739,0.69913,0.69904,1,1
10.08.2021 00:18:15.840,0.69914,0.69904,1,1
10.08.2021 00:18:16.005,0.69915,0.69904,1.87,1
10.08.2021 00:18:16.189,0.6991700000000001,0.69908,1,1
10.08.2021 00:18:16.613,0.69919,0.69908,1.12,1
10.08.2021 00:18:22.095,0.6992,0.69908,1.5,1
10.08.2021 00:18:22.246,0.6992,0.69909,1,1
10.08.2021 00:18:41.372,0.69912,0.69904,1,1
10.08.2021 00:18:41.473,0.69912,0.69902,1.75,1
10.08.2021 00:18:41.524,0.69913,0.69902,1.25,1
10.08.2021 00:18:41.625,0.69913,0.69903,1.25,1
10.08.2021 00:18:41.726,0.69913,0.69902,1,1
10.08.2021 00:18:41.827,0.69912,0.69901,1,1
10.08.2021 00:18:42.029,0.69913,0.69902,2.25,1
10.08.2021 00:18:50.275,0.69912,0.69901,2.19,1
10.08.2021 00:18:51.657,0.69912,0.69901,2.44,1
10.08.2021 00:19:01.091,0.69913,0.69901,2.06,1
10.08.2021 00:19:02.030,0.69913,0.69902,1.12,1
10.08.2021 00:19:02.838,0.69914,0.69903,1,1
10.08.2021 00:19:02.939,0.69915,0.69903,1.69,1
10.08.2021 00:19:06.511,0.69914,0.6990500000000001,1.25,1
10.08.2021 00:19:09.870,0.69918,0.69907,2,1
10.08.2021 00:19:09.921,0.69918,0.69907,1.5,1
10.08.2021 00:19:10.022,0.69918,0.69908,1,1
10.08.2021 00:19:13.774,0.69918,0.6991,1,1
10.08.2021 00:19:16.586,0.69919,0.6991,1.12,1
10.08.2021 00:19:18.654,0.6991600000000001,0.6991100000000001,1,1
10.08.2021 00:19:18.755,0.6992,0.69908,4.37,1
10.08.2021 00:19:18.856,0.6992,0.69909,3.25,1
10.08.2021 00:19:20.415,0.6992,0.69909,2.44,1
10.08.2021 00:19:20.516,0.6992100000000001,0.6991,3.19,1
10.08.2021 00:19:20.929,0.6992100000000001,0.69909,3.19,1
10.08.2021 00:19:25.586,0.6992,0.69909,1,1
10.08.2021 00:19:27.772,0.6992,0.69908,3.25,1
10.08.2021 00:19:43.693,0.69919,0.69909,1,1
10.08.2021 00:19:59.716,0.69919,0.69908,1,1
10.08.2021 00:20:06.465,0.69919,0.69907,2.5,1
10.08.2021 00:20:18.739,0.69918,0.69906,1.25,1
10.08.2021 00:20:25.283,0.69919,0.69907,2.5,1
10.08.2021 00:20:29.929,0.69919,0.69908,1,1
10.08.2021 00:20:29.980,0.6992,0.6991100000000001,2.44,1
10.08.2021 00:20:30.081,0.69924,0.69914,3,2.87
10.08.2021 00:20:30.132,0.6992600000000001,0.6991600000000001,2.25,1
10.08.2021 00:20:30.183,0.69929,0.6991700000000001,1.75,1
10.08.2021 00:20:30.284,0.6993,0.69918,2.87,1
10.08.2021 00:20:40.445,0.6993,0.69918,1.5,1
10.08.2021 00:20:44.339,0.69925,0.6991600000000001,1,1
10.08.2021 00:20:44.391,0.69925,0.69914,1.5,1
10.08.2021 00:20:44.492,0.69924,0.69912,1,1
10.08.2021 00:20:44.543,0.69925,0.69914,1.69,1
10.08.2021 00:20:44.985,0.69925,0.69913,1.69,1
10.08.2021 00:20:50.245,0.6992100000000001,0.69909,1.12,1
10.08.2021 00:20:50.347,0.6992,0.69908,1.5,1
10.08.2021 00:21:05.946,0.6992,0.69909,1.5,1
10.08.2021 00:22:03.905,0.69919,0.69909,1.5,1
10.08.2021 00:22:40.261,0.69919,0.69908,1,1
10.08.2021 00:22:40.642,0.69919,0.69907,1.5,1
10.08.2021 00:22:40.743,0.6991700000000001,0.69906,1,1
10.08.2021 00:22:43.338,0.6991700000000001,0.6990500000000001,1,1
10.08.2021 00:22:49.273,0.6991700000000001,0.69904,1.5,1
10.08.2021 00:22:49.475,0.69914,0.69902,1,1
10.08.2021 00:22:49.576,0.6991600000000001,0.69904,1,1
10.08.2021 00:22:49.728,0.6991700000000001,0.6990500000000001,1.87,1
10.08.2021 00:22:49.930,0.69919,0.69906,2.19,1
10.08.2021 00:22:50.031,0.69918,0.69907,2.06,1
10.08.2021 00:23:00.016,0.69919,0.69907,2.06,1
10.08.2021 00:23:00.992,0.69918,0.69907,1,1
10.08.2021 00:23:02.339,0.69918,0.69906,1.5,1
10.08.2021 00:23:17.553,0.6991700000000001,0.69906,1,1
10.08.2021 00:23:56.767,0.6991700000000001,0.6990500000000001,1,1
10.08.2021 00:24:04.207,0.6991600000000001,0.69904,2.25,1
10.08.2021 00:24:04.308,0.69915,0.69903,1,1
10.08.2021 00:24:05.330,0.69914,0.69902,1.69,1
10.08.2021 00:24:05.431,0.69912,0.6990000000000001,1,1
10.08.2021 00:24:07.360,0.69913,0.69901,1,1
10.08.2021 00:24:50.714,0.69914,0.69901,1.5,1
10.08.2021 00:25:12.277,0.6991100000000001,0.69898,1.5,1.5
10.08.2021 00:25:12.378,0.69909,0.69897,1.5,1.12
10.08.2021 00:25:12.530,0.69907,0.69898,1,1
10.08.2021 00:25:18.195,0.69908,0.69896,1.5,1
10.08.2021 00:25:27.209,0.69908,0.69897,1,1
10.08.2021 00:25:32.582,0.6991,0.69899,1.87,1
10.08.2021 00:25:32.684,0.6991100000000001,0.69899,1.5,1
10.08.2021 00:25:48.690,0.6991100000000001,0.6990000000000001,1.5,1
10.08.2021 00:26:50.422,0.69909,0.69897,1,1
10.08.2021 00:26:54.091,0.69909,0.69896,1.5,1
10.08.2021 00:27:31.992,0.69907,0.69897,1,1
10.08.2021 00:27:39.343,0.69909,0.69896,1.5,1
10.08.2021 00:27:39.445,0.69909,0.69897,1,1
10.08.2021 00:27:47.401,0.6991,0.69897,2.25,1
10.08.2021 00:27:47.552,0.69909,0.69897,1,1
10.08.2021 00:28:16.199,0.6991,0.69897,2.25,1
10.08.2021 00:28:31.606,0.6991,0.69897,2.25,1.25
10.08.2021 00:28:55.103,0.69909,0.69896,1,2.5
10.08.2021 00:28:55.670,0.69909,0.69899,2.25,1.25
10.08.2021 00:28:55.771,0.69909,0.69897,1,1.25
10.08.2021 00:28:56.126,0.69908,0.69897,1,1
10.08.2021 00:28:57.984,0.69909,0.69897,1.5,1.25
10.08.2021 00:29:00.651,0.69909,0.69898,1.5,2.5
10.08.2021 00:29:02.455,0.69909,0.69897,1,1.25
10.08.2021 00:29:10.503,0.69913,0.69901,2.81,1
10.08.2021 00:29:21.413,0.6991,0.69901,1.5,1.25
10.08.2021 00:29:21.514,0.6991100000000001,0.69899,1.5,1.75
10.08.2021 00:29:45.510,0.6991,0.6990000000000001,1.87,1.25
10.08.2021 00:29:45.662,0.6991,0.69899,1,1.25
10.08.2021 00:29:46.053,0.6991100000000001,0.69899,1.5,1.25
10.08.2021 00:29:47.583,0.6991,0.69899,1.5,1.25
10.08.2021 00:30:00.087,0.6991100000000001,0.69899,1.5,1.25
10.08.2021 00:30:05.299,0.6991,0.69898,1,1.25
10.08.2021 00:30:05.401,0.69908,0.69897,1,1
10.08.2021 00:30:06.783,0.69904,0.69894,1,1
10.08.2021 00:30:06.884,0.69903,0.69891,1,4.12
10.08.2021 00:30:06.985,0.69902,0.69891,1,1.31
10.08.2021 00:30:07.961,0.69902,0.69892,1,2.5
10.08.2021 00:30:08.068,0.69906,0.69894,1.5,1.5
10.08.2021 00:30:08.344,0.69907,0.6989500000000001,1.5,1
10.08.2021 00:30:12.192,0.69906,0.6989500000000001,1,1
10.08.2021 00:30:23.500,0.6990500000000001,0.6989500000000001,1,2.25
10.08.2021 00:30:23.602,0.6990500000000001,0.69893,1,1.25
10.08.2021 00:30:27.191,0.69904,0.69892,1,2.5
10.08.2021 00:30:40.392,0.69903,0.69892,1,1.25
10.08.2021 00:30:42.259,0.69903,0.69893,1,1.75
10.08.2021 00:31:01.215,0.69904,0.69892,1,1
10.08.2021 00:31:02.867,0.69903,0.69891,1,1
10.08.2021 00:31:17.215,0.69902,0.69891,1,2.44
10.08.2021 00:31:21.061,0.69901,0.69889,1,1.5
10.08.2021 00:31:21.162,0.69899,0.69886,1,2.12
10.08.2021 00:31:21.263,0.69899,0.69886,1.5,1.25
10.08.2021 00:31:21.603,0.69898,0.69886,1,1.25
10.08.2021 00:31:21.704,0.69897,0.6988500000000001,1,1.31
10.08.2021 00:31:34.385,0.69898,0.69886,1.5,1
10.08.2021 00:31:41.617,0.69897,0.6988500000000001,1,1.25
10.08.2021 00:31:49.519,0.69897,0.6988500000000001,1,1.75
10.08.2021 00:31:49.620,0.69898,0.69886,1.5,1.25
10.08.2021 00:32:12.314,0.69902,0.6989000000000001,1.12,2.5
10.08.2021 00:32:21.742,0.69902,0.6989000000000001,1,1.69
10.08.2021 00:33:11.291,0.69901,0.6989000000000001,1,1.5
10.08.2021 00:33:20.693,0.69902,0.69891,1,1
10.08.2021 00:33:38.011,0.6990000000000001,0.69891,1,1.5
10.08.2021 00:33:48.272,0.69902,0.69891,1,4.75
10.08.2021 00:33:48.373,0.6990500000000001,0.69894,1.12,2.44
10.08.2021 00:33:48.475,0.69906,0.6989500000000001,1,1.25
10.08.2021 00:33:48.660,0.69907,0.69896,1.12,1.75
10.08.2021 00:33:49.451,0.69907,0.69897,1,1.25
10.08.2021 00:33:53.623,0.69907,0.69896,1,3.25
10.08.2021 00:33:54.191,0.69908,0.69897,1,1.25
10.08.2021 00:33:54.495,0.69907,0.69896,1,3.25
10.08.2021 00:33:55.611,0.69906,0.69897,1,2.44
10.08.2021 00:34:05.221,0.69908,0.69897,1,1
10.08.2021 00:34:06.791,0.69907,0.69896,1,2.44
10.08.2021 00:34:20.333,0.69906,0.6989500000000001,1,2.44
10.08.2021 00:34:29.798,0.69901,0.69893,1,1
10.08.2021 00:34:29.849,0.6990000000000001,0.69892,1,1
10.08.2021 00:34:29.899,0.69899,0.6988800000000001,1,3.75
10.08.2021 00:34:30.000,0.69899,0.6988800000000001,1,2.5
10.08.2021 00:34:31.382,0.69897,0.6988800000000001,1,1.25
10.08.2021 00:34:31.637,0.69897,0.69886,1,3.62
10.08.2021 00:34:38.034,0.69897,0.69886,1,1.69
10.08.2021 00:34:40.434,0.69896,0.69886,1,1.25
10.08.2021 00:34:45.155,0.69896,0.69887,1,1.5
10.08.2021 00:35:06.168,0.6990000000000001,0.69889,1.5,1.25
10.08.2021 00:35:06.269,0.69901,0.6989000000000001,1,1.25
10.08.2021 00:35:06.371,0.69901,0.6989000000000001,1,3.25
10.08.2021 00:35:06.674,0.69901,0.6989000000000001,1,1.25
10.08.2021 00:35:17.289,0.69901,0.69889,1,1.25
10.08.2021 00:35:31.492,0.6990000000000001,0.69891,1,1
10.08.2021 00:35:52.724,0.6990000000000001,0.69889,1,1.69
10.08.2021 00:35:52.927,0.69898,0.69889,1,1.25
10.08.2021 00:36:03.897,0.69896,0.6988500000000001,1,1
10.08.2021 00:36:06.175,0.69896,0.69884,1,1
10.08.2021 00:36:10.732,0.6989500000000001,0.69884,1,1
10.08.2021 00:36:11.135,0.69894,0.6988300000000001,1,1.25
10.08.2021 00:36:12.120,0.69893,0.69882,1,1.25
10.08.2021 00:37:05.196,0.69894,0.69882,1,1.25
10.08.2021 00:37:05.501,0.69894,0.69882,1,1.75
10.08.2021 00:37:05.603,0.6989500000000001,0.69886,1.12,1.25
10.08.2021 00:37:05.705,0.69898,0.69886,1,2.5
10.08.2021 00:37:05.961,0.69899,0.69887,1.12,1.25
10.08.2021 00:37:50.945,0.6990000000000001,0.6988800000000001,2.25,1
10.08.2021 00:37:54.408,0.6990000000000001,0.69889,2.25,1
10.08.2021 00:37:58.721,0.69903,0.69893,1,1.25
10.08.2021 00:37:58.773,0.69907,0.6989500000000001,4.12,1.25
10.08.2021 00:37:58.824,0.69907,0.69896,1,1.75
10.08.2021 00:37:58.925,0.69908,0.69898,1,1.69
10.08.2021 00:37:59.027,0.6991100000000001,0.6990000000000001,1,1
10.08.2021 00:37:59.508,0.6991100000000001,0.69901,2.25,1
10.08.2021 00:38:00.307,0.6991100000000001,0.6990000000000001,1,1
10.08.2021 00:38:03.315,0.6991100000000001,0.69899,1.87,1
10.08.2021 00:38:03.416,0.6991,0.69898,2.25,1
10.08.2021 00:38:04.059,0.69909,0.69898,1.5,1
10.08.2021 00:38:25.216,0.69909,0.69899,1,1
10.08.2021 00:38:50.925,0.69912,0.6990000000000001,1.5,1.25
10.08.2021 00:38:50.976,0.69913,0.69903,1,1
10.08.2021 00:38:51.077,0.69913,0.69904,1,1
10.08.2021 00:38:51.229,0.69913,0.69903,1,1.25
10.08.2021 00:38:51.381,0.69912,0.69903,1,1
10.08.2021 00:39:00.514,0.69914,0.69903,1,1.25
10.08.2021 00:39:00.615,0.6991600000000001,0.69908,1.12,1
10.08.2021 00:39:00.717,0.6991600000000001,0.69909,1.12,1
10.08.2021 00:39:00.819,0.6992,0.69908,1.87,1
10.08.2021 00:39:01.073,0.6992,0.69909,1.12,1
10.08.2021 00:39:30.171,0.6992,0.69908,1.5,1
10.08.2021 00:39:55.256,0.6992,0.69909,1.5,1
10.08.2021 00:40:08.626,0.6992100000000001,0.69912,1.5,1
10.08.2021 00:40:08.757,0.69923,0.6991100000000001,1.5,1.69
10.08.2021 00:40:08.858,0.69924,0.69913,1,1
10.08.2021 00:40:08.959,0.69925,0.69914,2.25,1
10.08.2021 00:40:09.726,0.6992600000000001,0.69914,1.5,1
10.08.2021 00:40:11.059,0.6992700000000001,0.69915,1.5,1
10.08.2021 00:40:13.884,0.69928,0.6991700000000001,1.87,1
10.08.2021 00:41:12.825,0.69925,0.6991700000000001,1,1
10.08.2021 00:41:13.724,0.6992600000000001,0.6991700000000001,1,1
10.08.2021 00:41:14.644,0.69928,0.6991700000000001,1,1.25
10.08.2021 00:41:25.029,0.6992600000000001,0.6991700000000001,1,1
10.08.2021 00:41:25.967,0.69928,0.6991700000000001,1,1
10.08.2021 00:41:43.422,0.6992700000000001,0.6991600000000001,1,2.5
10.08.2021 00:41:52.292,0.6992700000000001,0.6991600000000001,1,1.69
10.08.2021 00:41:53.249,0.69928,0.6991700000000001,1,1.25
10.08.2021 00:42:20.830,0.6992700000000001,0.6991600000000001,1,3.25
10.08.2021 00:42:25.793,0.6992700000000001,0.6991600000000001,1,1.69
10.08.2021 00:42:25.844,0.6992200000000001,0.69913,1,1.5
10.08.2021 00:42:25.895,0.6992200000000001,0.6991100000000001,1,4.69
10.08.2021 00:42:25.996,0.6992100000000001,0.6991,1,1.87
10.08.2021 00:42:26.097,0.6992100000000001,0.6991,1,1.75
10.08.2021 00:42:26.214,0.6992,0.69912,1,1.25
10.08.2021 00:42:27.871,0.6992200000000001,0.6991100000000001,1,1.75
10.08.2021 00:42:28.825,0.69919,0.6991,1,1.75
10.08.2021 00:42:28.926,0.69919,0.69909,1,1.25
10.08.2021 00:42:32.787,0.69919,0.69908,1,1.75
10.08.2021 00:42:50.612,0.69919,0.69908,1,1.25
10.08.2021 00:42:53.253,0.69918,0.69909,1,1.75
10.08.2021 00:42:53.354,0.6992,0.69909,1.5,1.25
10.08.2021 00:43:07.119,0.69919,0.6991100000000001,1,1
10.08.2021 00:43:09.342,0.6992,0.69909,1,1.25
10.08.2021 00:43:09.443,0.69912,0.6990500000000001,1,1
10.08.2021 00:43:09.545,0.69914,0.69904,1,1
10.08.2021 00:43:09.646,0.6991700000000001,0.69906,2.62,1
10.08.2021 00:43:09.696,0.6991700000000001,0.69908,1,1
10.08.2021 00:43:09.798,0.69918,0.69908,1,1
10.08.2021 00:43:10.750,0.69918,0.69907,1,1
10.08.2021 00:43:14.031,0.6991700000000001,0.69909,1,1
10.08.2021 00:43:37.088,0.69918,0.69907,1.5,1
10.08.2021 00:44:00.361,0.6991700000000001,0.69909,1.5,1
10.08.2021 00:44:10.402,0.6992,0.69909,1.12,1.25
10.08.2021 00:44:10.453,0.6992100000000001,0.6991100000000001,1,1
10.08.2021 00:44:10.554,0.6992100000000001,0.69912,1,1
10.08.2021 00:44:10.605,0.6992200000000001,0.69912,1,1
10.08.2021 00:44:12.054,0.6992200000000001,0.69912,1.5,1
10.08.2021 00:44:12.155,0.6992,0.69909,2.25,1
10.08.2021 00:44:12.206,0.69918,0.69909,1,1
10.08.2021 00:44:12.307,0.69918,0.69908,1.5,1
10.08.2021 00:44:48.601,0.6992200000000001,0.69913,1,1
10.08.2021 00:44:48.651,0.69924,0.69913,2.7,1
10.08.2021 00:44:48.752,0.69923,0.69913,1,1
10.08.2021 00:44:59.601,0.6992200000000001,0.69912,1,1
10.08.2021 00:45:00.616,0.6992100000000001,0.6991100000000001,1.5,1
10.08.2021 00:45:00.717,0.6992,0.6991,1,1.69
10.08.2021 00:45:05.463,0.6992100000000001,0.6991,1,1
10.08.2021 00:45:05.565,0.6992100000000001,0.69913,1,1.75
10.08.2021 00:45:05.667,0.6992700000000001,0.6991700000000001,2,1
10.08.2021 00:45:05.768,0.6992700000000001,0.6991700000000001,1.5,1
10.08.2021 00:45:09.740,0.69928,0.69918,1,1
10.08.2021 00:45:13.147,0.69928,0.69918,1,1.75
10.08.2021 00:45:13.979,0.69928,0.6992100000000001,1,1
10.08.2021 00:45:18.552,0.6993,0.6992,1,1.25
10.08.2021 00:45:18.603,0.69933,0.69923,1,3.25
10.08.2021 00:45:18.654,0.69935,0.69925,2,1
10.08.2021 00:45:18.705,0.69935,0.6992700000000001,1,1.25
10.08.2021 00:45:18.806,0.69937,0.69928,2.25,1
10.08.2021 00:45:18.907,0.69938,0.69928,1.5,1
10.08.2021 00:45:21.871,0.69937,0.6993,1,1.25
10.08.2021 00:45:21.972,0.69939,0.69929,1.5,1.25
10.08.2021 00:45:32.009,0.69939,0.69929,1,1.75
10.08.2021 00:46:14.224,0.6994,0.69929,1,1.75
10.08.2021 00:46:21.692,0.69939,0.69929,1,1.75
10.08.2021 00:46:31.937,0.69939,0.69929,1,1.25
10.08.2021 00:46:32.189,0.69939,0.69928,1,1.25
10.08.2021 00:46:33.958,0.69938,0.69928,1,1.25
10.08.2021 00:46:49.643,0.69938,0.69929,1,1.25
10.08.2021 00:46:49.974,0.69939,0.69929,1,1.25
10.08.2021 00:46:50.076,0.6994,0.69929,1.5,1.25
10.08.2021 00:46:50.198,0.6994,0.6993,1,1
10.08.2021 00:46:50.299,0.6994100000000001,0.6993,1.5,1.25
10.08.2021 00:46:52.462,0.6994100000000001,0.6993100000000001,1.5,1
10.08.2021 00:47:00.034,0.69942,0.6993100000000001,1.5,1.25
10.08.2021 00:47:04.577,0.69944,0.69934,1,1
10.08.2021 00:47:04.779,0.69945,0.69934,1,1.5
10.08.2021 00:47:05.133,0.69945,0.69935,1,1
10.08.2021 00:47:05.184,0.69947,0.6993600000000001,1,1
10.08.2021 00:47:07.471,0.6994800000000001,0.69937,1.69,1
10.08.2021 00:47:14.071,0.6994800000000001,0.69938,1,1
10.08.2021 00:47:28.010,0.6994600000000001,0.69937,1,1
10.08.2021 00:47:28.206,0.69947,0.69937,1.25,1
10.08.2021 00:47:35.896,0.6994300000000001,0.69933,1.5,2
10.08.2021 00:47:35.947,0.6994100000000001,0.6993,1.12,1
10.08.2021 00:47:35.998,0.69939,0.69928,1,2.5
10.08.2021 00:47:36.099,0.69938,0.69928,1,1
10.08.2021 00:47:36.251,0.6993600000000001,0.6992600000000001,1,1.5
10.08.2021 00:47:36.402,0.69935,0.6992600000000001,1,1.5
10.08.2021 00:47:36.577,0.69934,0.6992600000000001,1,1.5
10.08.2021 00:47:37.820,0.69934,0.69924,1,1.5
10.08.2021 00:47:41.087,0.69933,0.69924,1,3.19
10.08.2021 00:47:42.448,0.69934,0.69925,1,1
10.08.2021 00:47:47.246,0.69934,0.69924,1,1
10.08.2021 00:47:47.347,0.6993100000000001,0.6992200000000001,1,1
10.08.2021 00:47:47.448,0.6993,0.6992100000000001,1,1.31
10.08.2021 00:47:49.289,0.69929,0.6992100000000001,1,1.5
10.08.2021 00:47:49.392,0.6992700000000001,0.6991700000000001,1,1.31
10.08.2021 00:47:54.443,0.6992700000000001,0.69919,1,1
10.08.2021 00:47:56.564,0.6993,0.6992,1,1
10.08.2021 00:47:56.614,0.69932,0.6992100000000001,1.31,1
10.08.2021 00:47:56.766,0.6993600000000001,0.69925,1.25,1
10.08.2021 00:47:57.929,0.69935,0.69925,1,1
10.08.2021 00:47:59.273,0.6993600000000001,0.69925,1,1
10.08.2021 00:47:59.475,0.6993600000000001,0.6992600000000001,1,1
10.08.2021 00:48:07.218,0.69935,0.69925,1,1
10.08.2021 00:48:19.578,0.69934,0.69925,1,2.25
10.08.2021 00:48:52.608,0.69935,0.69925,1,1
10.08.2021 00:48:52.710,0.6993600000000001,0.6992600000000001,1,1.5
10.08.2021 00:48:52.812,0.69937,0.6992700000000001,1,1
10.08.2021 00:49:01.872,0.6993600000000001,0.69925,1,2.25
10.08.2021 00:49:09.241,0.69934,0.69925,1,1
10.08.2021 00:49:09.342,0.69934,0.69924,1,1.5
10.08.2021 00:49:10.212,0.6992700000000001,0.6992,1,1.69
10.08.2021 00:49:10.313,0.6992700000000001,0.6991700000000001,1,1.12
10.08.2021 00:49:10.414,0.6992700000000001,0.6991600000000001,1,1
10.08.2021 00:49:12.464,0.69924,0.69914,1,1
10.08.2021 00:49:12.566,0.6992200000000001,0.69912,1,1.12
10.08.2021 00:49:12.667,0.6992,0.6991100000000001,1,1
10.08.2021 00:49:12.769,0.6992,0.6991,1,1
10.08.2021 00:49:13.753,0.69919,0.6991,1,1
10.08.2021 00:49:14.346,0.69918,0.69908,1,1.87
10.08.2021 00:49:14.448,0.6991600000000001,0.69909,1,1
10.08.2021 00:49:14.650,0.6991600000000001,0.69908,1,1.5
10.08.2021 00:49:19.025,0.6991700000000001,0.69906,1,1.5
10.08.2021 00:49:19.865,0.6991700000000001,0.69908,1,1
10.08.2021 00:49:24.192,0.69918,0.69908,1,1.5
10.08.2021 00:49:41.196,0.6991700000000001,0.69908,1,1
10.08.2021 00:49:42.743,0.6992200000000001,0.69914,1,2.62
10.08.2021 00:49:42.844,0.69923,0.69914,1,1
10.08.2021 00:49:43.096,0.69923,0.69915,1,1
10.08.2021 00:49:44.848,0.69924,0.69915,1,1
10.08.2021 00:49:47.773,0.69925,0.69915,1,2.44
10.08.2021 00:49:55.759,0.69924,0.6991700000000001,1,1.25
10.08.2021 00:49:59.125,0.6992600000000001,0.6991600000000001,1,1.69
10.08.2021 00:50:00.886,0.69925,0.69915,1,2.87
10.08.2021 00:50:02.566,0.69925,0.69915,1,2.06
10.08.2021 00:50:25.041,0.6992700000000001,0.6991600000000001,1,1
10.08.2021 00:50:25.143,0.6992600000000001,0.69918,1,1
10.08.2021 00:50:38.384,0.6992700000000001,0.6991600000000001,1,2.25
10.08.2021 00:50:38.485,0.6992700000000001,0.6991700000000001,1,1
10.08.2021 00:50:41.428,0.6992700000000001,0.69918,1,2.25
10.08.2021 00:51:00.105,0.6992600000000001,0.69918,1,1.5
10.08.2021 00:51:00.458,0.69924,0.69915,1.87,1.75
10.08.2021 00:51:00.509,0.69924,0.69913,1.25,1
10.08.2021 00:51:00.560,0.6992,0.6991,1,1
10.08.2021 00:51:00.661,0.69918,0.69909,1,1
10.08.2021 00:51:00.762,0.6991700000000001,0.69908,1,1.69
10.08.2021 00:51:04.761,0.6991700000000001,0.69907,1,1
10.08.2021 00:51:05.555,0.69915,0.69907,1,1
10.08.2021 00:51:05.656,0.69915,0.6990500000000001,1,1.5
10.08.2021 00:51:05.758,0.69915,0.69904,1,1.87
10.08.2021 00:51:06.682,0.69912,0.69904,1,1.12
10.08.2021 00:51:06.784,0.69907,0.69897,1,3.69
10.08.2021 00:51:06.885,0.69909,0.69896,1.75,1.62
10.08.2021 00:51:06.986,0.69904,0.6989500000000001,1,1.25
10.08.2021 00:51:07.242,0.6990500000000001,0.6989500000000001,1,1.25
10.08.2021 00:51:07.344,0.69904,0.6989500000000001,1,1.25
10.08.2021 00:51:09.040,0.69904,0.69896,1,1.25
10.08.2021 00:51:15.634,0.69906,0.6989500000000001,1,2.44
10.08.2021 00:51:15.887,0.69912,0.69902,1.5,2.94
10.08.2021 00:51:16.038,0.69912,0.69902,1,3.69
10.08.2021 00:51:16.139,0.69912,0.69902,1,1
10.08.2021 00:51:16.240,0.6991,0.69901,1,1.31
10.08.2021 00:51:16.342,0.69914,0.6990500000000001,1,1
10.08.2021 00:51:16.443,0.69915,0.6990500000000001,1,1
10.08.2021 00:51:16.544,0.6991600000000001,0.6990500000000001,1,1.5
10.08.2021 00:51:22.714,0.69919,0.69909,1.5,1.25
10.08.2021 00:51:22.816,0.6992100000000001,0.6991100000000001,1.12,1
10.08.2021 00:51:31.612,0.6992,0.69909,1,1.5
10.08.2021 00:51:43.811,0.69915,0.69908,1,1.25
10.08.2021 00:51:44.462,0.69915,0.69907,1,1.25
10.08.2021 00:51:44.513,0.6992,0.69906,2.25,2.12
10.08.2021 00:51:44.614,0.69913,0.6990500000000001,1,1.75
10.08.2021 00:51:50.244,0.6991,0.69904,1,1.12
10.08.2021 00:51:50.396,0.69912,0.69902,1.75,1.5
10.08.2021 00:51:50.447,0.69906,0.69897,1,1.75
10.08.2021 00:51:50.548,0.6990500000000001,0.69897,1,1.25
10.08.2021 00:51:51.733,0.6990500000000001,0.69896,1,1
10.08.2021 00:51:51.834,0.6990500000000001,0.69897,1,1
10.08.2021 00:51:54.952,0.6990500000000001,0.69898,1,1
10.08.2021 00:51:55.625,0.6990500000000001,0.69897,1,1.25
10.08.2021 00:51:58.113,0.6991100000000001,0.69899,1,1
10.08.2021 00:51:58.316,0.6990500000000001,0.69898,1,1
10.08.2021 00:52:00.368,0.69906,0.69898,1,1.25
10.08.2021 00:52:06.791,0.6990500000000001,0.69898,1,1
10.08.2021 00:52:08.014,0.6990500000000001,0.69897,1,7.42
10.08.2021 00:52:08.120,0.6990500000000001,0.69898,1,1
10.08.2021 00:52:08.890,0.69906,0.69898,1,1
10.08.2021 00:52:09.991,0.6990500000000001,0.69897,1,1
10.08.2021 00:52:10.092,0.69908,0.6989500000000001,1,1.5
10.08.2021 00:52:10.193,0.69901,0.69896,1,1
10.08.2021 00:52:10.619,0.69902,0.69894,1,1.87
10.08.2021 00:52:11.988,0.6990000000000001,0.6989500000000001,1,1.5
10.08.2021 00:52:12.273,0.6990000000000001,0.69891,1.75,1
10.08.2021 00:52:12.324,0.69896,0.69886,1,2
10.08.2021 00:52:12.375,0.69898,0.69887,1.25,2
10.08.2021 00:52:12.476,0.6989500000000001,0.69886,1,1
10.08.2021 00:52:13.182,0.6989500000000001,0.69887,1,1
10.08.2021 00:52:14.713,0.6989500000000001,0.6988800000000001,1,1
10.08.2021 00:52:14.764,0.69898,0.6988800000000001,1,1
10.08.2021 00:52:14.815,0.69894,0.6988800000000001,1,1
10.08.2021 00:52:14.916,0.69896,0.69887,1,1.12
10.08.2021 00:52:15.970,0.69896,0.6988800000000001,1,1
10.08.2021 00:52:16.164,0.69897,0.6988800000000001,1,1
10.08.2021 00:52:16.621,0.69896,0.6989000000000001,1,1
10.08.2021 00:52:16.932,0.69897,0.6989000000000001,1,1
10.08.2021 00:52:21.029,0.69898,0.69887,1,1.5
10.08.2021 00:52:21.141,0.69897,0.69887,1,1.5
10.08.2021 00:52:23.438,0.69901,0.69892,1,2.25
10.08.2021 00:52:23.539,0.69902,0.69893,1,1
10.08.2021 00:52:24.268,0.69903,0.69893,1,1.12
10.08.2021 00:52:24.372,0.69903,0.69894,1,1.25
10.08.2021 00:52:30.875,0.69901,0.69892,1,1.75
10.08.2021 00:52:30.927,0.69899,0.69891,1,1.5
10.08.2021 00:52:30.977,0.69898,0.69889,1,1.69
10.08.2021 00:52:31.079,0.69898,0.6988800000000001,1,1.25
10.08.2021 00:52:31.230,0.69896,0.69886,1,1.5
10.08.2021 00:52:31.955,0.6989500000000001,0.69886,1,1
10.08.2021 00:52:37.300,0.6990000000000001,0.69891,1.12,1.5
10.08.2021 00:52:37.401,0.6989500000000001,0.6988800000000001,1,1.12
10.08.2021 00:52:37.814,0.6989500000000001,0.69886,1,1
10.08.2021 00:52:50.554,0.6989500000000001,0.6988500000000001,1,1
10.08.2021 00:53:00.473,0.69896,0.6988500000000001,1,2.25
10.08.2021 00:53:00.592,0.6990000000000001,0.69891,1,1.5
10.08.2021 00:53:00.693,0.69896,0.6988800000000001,1,2.19
10.08.2021 00:53:02.488,0.69897,0.69887,1,1
10.08.2021 00:53:03.480,0.69897,0.69886,1.69,1.5
10.08.2021 00:53:06.812,0.69896,0.69886,1,1.5
10.08.2021 00:53:15.024,0.69897,0.69887,1,1
10.08.2021 00:53:16.125,0.6989500000000001,0.6988500000000001,1,1.5
10.08.2021 00:53:16.646,0.69894,0.6988500000000001,1,1
10.08.2021 00:53:16.950,0.69894,0.69884,1,1.5
10.08.2021 00:53:21.293,0.6989500000000001,0.69884,1,2.25
10.08.2021 00:53:21.497,0.69896,0.6988500000000001,1,1
10.08.2021 00:53:22.038,0.69897,0.69886,1,3
10.08.2021 00:53:24.211,0.69897,0.69887,1,1
10.08.2021 00:53:30.243,0.69897,0.69889,1,2.62
10.08.2021 00:53:30.293,0.6990000000000001,0.6989000000000001,1,1.5
10.08.2021 00:53:33.347,0.69902,0.69892,1.25,1.5
10.08.2021 00:53:33.600,0.69901,0.69891,1,1.5
10.08.2021 00:53:36.094,0.69902,0.6989500000000001,1,1
10.08.2021 00:53:36.195,0.69903,0.6989500000000001,1,1.5
10.08.2021 00:53:50.359,0.6990500000000001,0.6989500000000001,1,1
10.08.2021 00:53:50.612,0.6990500000000001,0.6989500000000001,1,2.5
10.08.2021 00:53:50.663,0.69907,0.69897,1,1
10.08.2021 00:53:54.829,0.69907,0.69899,1,1
10.08.2021 00:53:56.664,0.6991,0.6990000000000001,1,1
10.08.2021 00:53:56.767,0.69914,0.69903,1.75,1.5
10.08.2021 00:53:56.868,0.69914,0.69904,1,1.5
10.08.2021 00:53:58.452,0.69915,0.6990500000000001,1,1
10.08.2021 00:53:59.328,0.6991600000000001,0.6990500000000001,1,1
10.08.2021 00:54:02.456,0.69915,0.6990500000000001,1,1
10.08.2021 00:54:03.722,0.6991600000000001,0.69908,1,1
10.08.2021 00:54:07.739,0.6991700000000001,0.69906,1,1
10.08.2021 00:54:09.733,0.6991700000000001,0.69907,1,1
10.08.2021 00:54:11.658,0.69918,0.69907,1,1
10.08.2021 00:54:12.063,0.69918,0.69909,1,2.44
10.08.2021 00:54:12.114,0.6992100000000001,0.6991100000000001,1,3.19
10.08.2021 00:54:12.267,0.6992100000000001,0.69913,1,1
10.08.2021 00:54:12.895,0.6992,0.69912,1,1
10.08.2021 00:54:13.319,0.6992,0.6991,1,1
10.08.2021 00:54:13.872,0.6992100000000001,0.6991,1,1
10.08.2021 00:54:15.786,0.69919,0.69909,1,1
10.08.2021 00:54:16.224,0.6992200000000001,0.69912,1,1
10.08.2021 00:54:16.274,0.6992100000000001,0.6991,1,1
10.08.2021 00:54:18.903,0.69919,0.69909,1,1
10.08.2021 00:54:20.502,0.69919,0.69914,1,1.25
10.08.2021 00:54:20.553,0.6991700000000001,0.6991,1,1
10.08.2021 00:54:20.604,0.69919,0.6991100000000001,1,1
10.08.2021 00:54:20.705,0.69919,0.69909,1,1
10.08.2021 00:54:24.193,0.6991700000000001,0.69909,1,1.12
10.08.2021 00:54:24.295,0.69919,0.69908,1,1.87
10.08.2021 00:54:26.774,0.69919,0.69912,1,1.25
10.08.2021 00:54:26.826,0.6992100000000001,0.6991100000000001,1.12,1.5
10.08.2021 00:54:26.877,0.69919,0.69909,1,1
10.08.2021 00:54:27.528,0.6992,0.69907,1.5,2.44
10.08.2021 00:54:29.453,0.69919,0.69908,1.5,2.94
10.08.2021 00:54:29.504,0.6992,0.6991100000000001,1.5,1.25
10.08.2021 00:54:29.555,0.69919,0.69909,1,2.06
10.08.2021 00:54:30.881,0.6992,0.69907,1.5,1.69
10.08.2021 00:54:32.384,0.6992,0.69909,1.5,1.25
10.08.2021 00:54:32.434,0.69923,0.69912,1,1
10.08.2021 00:54:32.684,0.69923,0.6991100000000001,1,1.25
10.08.2021 00:54:36.265,0.69924,0.69913,1,1
10.08.2021 00:54:36.316,0.6992600000000001,0.69913,1,1
10.08.2021 00:54:36.417,0.6992600000000001,0.69914,1,1
10.08.2021 00:54:37.454,0.69925,0.69915,1,1
10.08.2021 00:54:39.597,0.69925,0.6991700000000001,1,1
10.08.2021 00:54:39.699,0.69928,0.69918,1,1
10.08.2021 00:54:39.800,0.69929,0.69919,1,1
10.08.2021 00:54:39.901,0.6993,0.6992,1,1
10.08.2021 00:54:42.146,0.6993,0.6992200000000001,1,1
10.08.2021 00:54:43.243,0.69935,0.69924,2,1.25
10.08.2021 00:54:43.345,0.69935,0.69925,1.5,1
10.08.2021 00:54:43.481,0.69935,0.69925,1,1
10.08.2021 00:54:44.959,0.6993600000000001,0.6992200000000001,1.25,2.06
10.08.2021 00:54:45.590,0.69935,0.69928,1,4.69
10.08.2021 00:54:45.641,0.6994,0.69929,1,1
10.08.2021 00:54:45.692,0.6994300000000001,0.69932,1.15,1.5
10.08.2021 00:54:45.743,0.6994600000000001,0.69934,1.75,1.5
10.08.2021 00:54:45.844,0.6994800000000001,0.69935,1.69,1
10.08.2021 00:54:46.502,0.69947,0.69935,1,1
10.08.2021 00:54:47.666,0.69947,0.69935,1.75,1
10.08.2021 00:54:47.717,0.6994300000000001,0.69932,1.5,1.75
10.08.2021 00:54:47.818,0.6994100000000001,0.69928,1,1.75
10.08.2021 00:54:47.919,0.6994,0.6992700000000001,1,1
10.08.2021 00:54:48.020,0.6994100000000001,0.69933,1.5,1.75
10.08.2021 00:54:48.070,0.69949,0.69937,1.75,1.5
10.08.2021 00:54:48.172,0.6994800000000001,0.69935,1.5,1.5
10.08.2021 00:54:48.424,0.69947,0.69933,1.5,1.12
10.08.2021 00:54:48.525,0.6994600000000001,0.6993100000000001,2.25,2.81
10.08.2021 00:54:48.626,0.69945,0.6993100000000001,1,2.81
10.08.2021 00:54:49.461,0.69942,0.6993100000000001,1.5,1
10.08.2021 00:54:49.562,0.69942,0.69929,1,3.12
10.08.2021 00:54:49.663,0.69942,0.6993,2.25,3.62
10.08.2021 00:54:50.542,0.6994300000000001,0.69935,1,1.75
10.08.2021 00:54:50.593,0.6994800000000001,0.69937,1.12,1.5
10.08.2021 00:54:50.744,0.69949,0.6993600000000001,1.5,1.25
10.08.2021 00:54:50.845,0.69949,0.6993600000000001,1,1.25
10.08.2021 00:54:51.251,0.6994800000000001,0.69934,1,1.5
10.08.2021 00:54:51.371,0.69947,0.69933,1,1.87
10.08.2021 00:54:52.772,0.69947,0.69935,1.5,3.25
10.08.2021 00:54:52.873,0.69949,0.6993600000000001,1.87,1
10.08.2021 00:54:55.208,0.69949,0.6994100000000001,1,1.75
10.08.2021 00:54:55.258,0.69952,0.6994100000000001,1,1.5
10.08.2021 00:54:55.360,0.6995300000000001,0.6994100000000001,1.5,2.5
10.08.2021 00:54:55.461,0.6995300000000001,0.6994,1.5,1.69
10.08.2021 00:54:56.069,0.6995100000000001,0.69937,1.12,2.19
10.08.2021 00:54:56.170,0.6995100000000001,0.69937,1.12,1.69
10.08.2021 00:54:57.114,0.6994800000000001,0.69938,1.25,1
10.08.2021 00:54:57.217,0.69942,0.6993100000000001,1.94,1
10.08.2021 00:54:57.268,0.6994,0.69929,1,1.25
10.08.2021 00:54:57.319,0.6994,0.6992700000000001,1,1.31
10.08.2021 00:54:57.421,0.69939,0.6992700000000001,1,1.31
10.08.2021 00:54:58.323,0.69939,0.6992600000000001,1,1.25
10.08.2021 00:54:58.993,0.6993600000000001,0.69925,1,1.25
10.08.2021 00:54:59.281,0.69937,0.69923,1,1.69
10.08.2021 00:54:59.911,0.69937,0.6992600000000001,1,1.5
10.08.2021 00:55:00.013,0.69947,0.69937,1.5,2.44
10.08.2021 00:55:00.114,0.69947,0.69935,1.5,2.5
10.08.2021 00:55:00.215,0.6994600000000001,0.69935,1,1.37
10.08.2021 00:55:00.316,0.6994800000000001,0.69934,1,2.12
10.08.2021 00:55:00.533,0.6994800000000001,0.69934,1,1.25
10.08.2021 00:55:00.966,0.69947,0.69934,1.69,1
10.08.2021 00:55:01.068,0.69947,0.69933,1,1
10.08.2021 00:55:03.747,0.6994300000000001,0.69932,2.44,1.5
10.08.2021 00:55:03.797,0.69942,0.6993100000000001,1.25,1
10.08.2021 00:55:03.899,0.6994100000000001,0.6993100000000001,1,1
10.08.2021 00:55:05.366,0.6994,0.6992700000000001,1,2.5
10.08.2021 00:55:05.467,0.69938,0.6992700000000001,1,1.31
10.08.2021 00:55:05.568,0.6993600000000001,0.6992600000000001,1,1.69
10.08.2021 00:55:08.864,0.69935,0.69925,1,1.69
10.08.2021 00:55:09.169,0.6993600000000001,0.6992600000000001,1,1
10.08.2021 00:55:10.930,0.69935,0.69925,1,1
10.08.2021 00:55:11.661,0.6993600000000001,0.6992600000000001,1,1
10.08.2021 00:55:12.124,0.69929,0.6992200000000001,1,1
10.08.2021 00:55:12.174,0.69929,0.69919,1,1
10.08.2021 00:55:12.276,0.69928,0.69919,1,1
10.08.2021 00:55:18.190,0.69929,0.69919,1,1
10.08.2021 00:55:21.159,0.6992700000000001,0.6992,1,1
10.08.2021 00:55:30.019,0.69928,0.69918,1,1
10.08.2021 00:55:36.550,0.69928,0.69919,1,1
10.08.2021 00:55:37.243,0.69928,0.69918,1,1
10.08.2021 00:55:41.461,0.6992700000000001,0.6991700000000001,1,1
10.08.2021 00:55:55.336,0.6992600000000001,0.6991700000000001,1,1
10.08.2021 00:55:56.003,0.69923,0.69915,1,1
10.08.2021 00:55:56.053,0.6992200000000001,0.69912,1,1
10.08.2021 00:55:56.104,0.6992,0.6991100000000001,1,1.12
10.08.2021 00:55:56.205,0.69919,0.69909,1,1
10.08.2021 00:55:58.877,0.69918,0.69908,1,1.69
10.08.2021 00:56:04.080,0.6991700000000001,0.69909,1,1.75
10.08.2021 00:56:07.907,0.69919,0.69909,1,1.25
10.08.2021 00:56:15.216,0.69919,0.69909,1,1.75
10.08.2021 00:56:15.368,0.69925,0.6991600000000001,1,1.25
10.08.2021 00:56:15.419,0.6992700000000001,0.6991700000000001,1,1.25
10.08.2021 00:56:15.520,0.6992600000000001,0.69918,1,1.75
10.08.2021 00:56:15.621,0.6992700000000001,0.6991700000000001,1,1
10.08.2021 00:56:17.338,0.69929,0.6992,1,1.25
10.08.2021 00:56:17.551,0.69929,0.6992,1,1.75
10.08.2021 00:56:18.351,0.6993,0.6992,1,2.5
10.08.2021 00:56:19.851,0.69932,0.6992200000000001,1,1.25
10.08.2021 00:56:19.952,0.69933,0.69923,1,1.25
10.08.2021 00:56:20.054,0.69934,0.69924,1,1
10.08.2021 00:56:20.155,0.6993600000000001,0.6992600000000001,1,1.25
10.08.2021 00:56:20.257,0.6993600000000001,0.69928,1,1
10.08.2021 00:56:20.359,0.69938,0.69928,1,1.25
10.08.2021 00:56:27.191,0.69938,0.6993,1,1
10.08.2021 00:56:27.977,0.69937,0.6992700000000001,1,1.25
10.08.2021 00:56:57.194,0.69937,0.6992600000000001,1,1.69
10.08.2021 00:56:59.821,0.6993600000000001,0.6992600000000001,1,1.5
10.08.2021 00:57:03.062,0.69934,0.69925,1,1
10.08.2021 00:57:03.164,0.69934,0.69924,1,1
10.08.2021 00:57:30.429,0.69935,0.6992700000000001,1,1.25
10.08.2021 00:57:30.530,0.69937,0.6992600000000001,1,1.75
10.08.2021 00:57:42.446,0.6993600000000001,0.6992600000000001,1,1.25
10.08.2021 00:58:01.139,0.69937,0.6992600000000001,1,1.25
10.08.2021 00:58:31.286,0.69937,0.6992700000000001,1,1
10.08.2021 00:58:56.144,0.6993600000000001,0.6992700000000001,1,1
10.08.2021 00:59:19.104,0.69937,0.6992700000000001,1,1
10.08.2021 00:59:35.556,0.69937,0.69929,1,1
10.08.2021 00:59:41.835,0.69939,0.69929,1,1
10.08.2021 00:59:42.266,0.6994100000000001,0.6993100000000001,1.12,1
10.08.2021 00:59:42.572,0.6994100000000001,0.69932,1,1
10.08.2021 00:59:45.135,0.69944,0.69934,1.5,1.25
10.08.2021 00:59:45.237,0.6994600000000001,0.69938,1,1.25
10.08.2021 00:59:46.572,0.69942,0.69934,1,1
10.08.2021 00:59:46.623,0.6994100000000001,0.6993,1,2.06
10.08.2021 00:59:46.674,0.6994300000000001,0.69933,1,1
10.08.2021 00:59:51.230,0.6994100000000001,0.69933,1,1.25
10.08.2021 00:59:59.910,0.6994300000000001,0.69933,1,1
10.08.2021 01:00:00.319,0.69945,0.69935,1,1
10.08.2021 01:00:01.496,0.6994800000000001,0.69938,1.12,1
10.08.2021 01:00:02.064,0.69949,0.69939,1,1
10.08.2021 01:00:02.216,0.6995100000000001,0.6994100000000001,1,1
10.08.2021 01:00:02.317,0.69955,0.69945,1.5,1.25
10.08.2021 01:00:02.418,0.69955,0.69945,1,1.25
10.08.2021 01:00:02.519,0.6995600000000001,0.6994800000000001,1,1
10.08.2021 01:00:02.848,0.69957,0.69949,1,1.25
10.08.2021 01:00:02.950,0.69959,0.6995,1,1
10.08.2021 01:00:03.051,0.6996,0.6995,1,1
10.08.2021 01:00:03.572,0.6995800000000001,0.6994800000000001,1,1
10.08.2021 01:00:04.635,0.69957,0.69947,1,1.25
10.08.2021 01:00:08.184,0.69955,0.69947,1,1
10.08.2021 01:00:08.316,0.69955,0.6994600000000001,1,1
10.08.2021 01:00:09.149,0.69957,0.6994600000000001,1,1
10.08.2021 01:00:09.250,0.6995,0.6994,1,1.87
10.08.2021 01:00:09.352,0.6994800000000001,0.69938,1,1.81
10.08.2021 01:00:09.402,0.6994800000000001,0.69938,1,1.25
10.08.2021 01:00:09.639,0.69947,0.69937,1,1.25
10.08.2021 01:00:11.874,0.6994600000000001,0.69938,1,1.75
10.08.2021 01:00:13.571,0.6994800000000001,0.69938,1,1.25
10.08.2021 01:00:14.739,0.6995100000000001,0.6994100000000001,1.5,1
10.08.2021 01:00:14.840,0.69954,0.6994600000000001,1.5,1
10.08.2021 01:00:14.942,0.69954,0.6994600000000001,1,1
10.08.2021 01:00:15.494,0.6995600000000001,0.69945,1,2.5
10.08.2021 01:00:16.237,0.6995800000000001,0.69947,1,2.5
10.08.2021 01:00:16.896,0.6995800000000001,0.69947,1,1
10.08.2021 01:00:16.998,0.69957,0.69947,1,1
10.08.2021 01:00:17.149,0.6995600000000001,0.6994600000000001,1,1.25
10.08.2021 01:00:17.625,0.6995600000000001,0.6994600000000001,1,1.25
10.08.2021 01:00:17.727,0.6995600000000001,0.6994600000000001,1,1.75
10.08.2021 01:00:21.192,0.69957,0.69947,1,1.25
10.08.2021 01:00:27.511,0.6995600000000001,0.6994600000000001,1,1.25
10.08.2021 01:00:27.613,0.69949,0.6994100000000001,1.25,3.12
10.08.2021 01:00:27.663,0.69949,0.6994,1.5,1
10.08.2021 01:00:27.764,0.6994800000000001,0.69937,1,1.37
10.08.2021 01:00:28.121,0.69947,0.69937,1,1.25
10.08.2021 01:00:36.019,0.6994600000000001,0.6993600000000001,1,1
10.08.2021 01:00:36.974,0.6994100000000001,0.69935,1,1
10.08.2021 01:00:37.025,0.69942,0.6993100000000001,1,2.06
10.08.2021 01:00:37.126,0.6994,0.6993,1,2.25
10.08.2021 01:00:39.677,0.6994,0.6993,1,1.87
10.08.2021 01:00:39.782,0.6993600000000001,0.69928,1,1.69
10.08.2021 01:00:40.688,0.69938,0.6992700000000001,1,1.25
10.08.2021 01:00:43.967,0.6993600000000001,0.69928,1,1
10.08.2021 01:00:50.685,0.6993600000000001,0.69928,1,2.5
10.08.2021 01:00:53.616,0.69938,0.6992700000000001,1.5,1.75
10.08.2021 01:00:53.769,0.6994300000000001,0.69932,1.5,3.25
10.08.2021 01:00:53.870,0.6994300000000001,0.69932,1,2.5
10.08.2021 01:00:57.646,0.6994300000000001,0.69932,1,1
10.08.2021 01:00:57.799,0.6994100000000001,0.69933,1,1
10.08.2021 01:01:04.761,0.69938,0.6992700000000001,1,2.87
10.08.2021 01:01:04.862,0.6993600000000001,0.69928,1,2.12
10.08.2021 01:01:04.963,0.69937,0.6992600000000001,1,1.75
10.08.2021 01:01:05.780,0.69937,0.6992600000000001,1,1.25
10.08.2021 01:01:05.881,0.6993600000000001,0.69925,1,1.25
10.08.2021 01:01:05.982,0.69935,0.69925,1,1
10.08.2021 01:01:06.613,0.6993600000000001,0.69925,1,1.25
10.08.2021 01:01:21.444,0.6993600000000001,0.69928,1,1.75
10.08.2021 01:01:21.596,0.69937,0.69929,1,1.25
10.08.2021 01:01:21.900,0.69937,0.6992700000000001,1,1.25
10.08.2021 01:01:22.001,0.6993600000000001,0.69925,1,1.25
10.08.2021 01:01:24.219,0.6993600000000001,0.69925,1,1
10.08.2021 01:01:24.320,0.69935,0.69925,1,1
10.08.2021 01:01:28.022,0.69934,0.6992600000000001,1,1.25
10.08.2021 01:01:30.180,0.69935,0.6992600000000001,1,1.25
10.08.2021 01:01:30.647,0.69934,0.6992600000000001,1,1.25
10.08.2021 01:01:32.395,0.6993600000000001,0.69925,1,1.25
10.08.2021 01:01:38.011,0.69937,0.6992600000000001,1,1.25
10.08.2021 01:01:38.517,0.69938,0.6992700000000001,1,1.25
10.08.2021 01:01:38.568,0.6994100000000001,0.6993,1.5,1
10.08.2021 01:01:38.619,0.69942,0.69932,1.12,1
10.08.2021 01:01:38.721,0.69945,0.69934,1,1.75
10.08.2021 01:01:38.772,0.69947,0.6993600000000001,1,1
10.08.2021 01:01:42.209,0.69945,0.6993600000000001,1,1
10.08.2021 01:01:42.310,0.69944,0.69935,1,1
10.08.2021 01:01:42.411,0.69945,0.6993600000000001,1,1
10.08.2021 01:01:42.877,0.69945,0.69935,1,1
10.08.2021 01:01:43.815,0.6994600000000001,0.69935,1,1
10.08.2021 01:02:11.550,0.6994300000000001,0.69934,1,1.69
10.08.2021 01:02:11.651,0.69942,0.69932,1,1
10.08.2021 01:02:17.990,0.6994,0.6993,1,1.25
10.08.2021 01:02:18.091,0.69937,0.6992600000000001,1,2.25
10.08.2021 01:02:18.192,0.6993600000000001,0.6992600000000001,1,1.25
10.08.2021 01:02:18.293,0.6993600000000001,0.69925,1,1.75
10.08.2021 01:02:22.835,0.6993600000000001,0.69925,1,1.25
10.08.2021 01:02:22.936,0.69935,0.69925,1,1
10.08.2021 01:02:23.139,0.6993600000000001,0.69925,1,1.25
10.08.2021 01:02:23.291,0.6993600000000001,0.69925,1,1.75
10.08.2021 01:02:23.392,0.6993600000000001,0.69925,1,1.69
10.08.2021 01:02:26.887,0.69937,0.6992600000000001,1,1.25
10.08.2021 01:02:28.320,0.6993600000000001,0.69925,1,1
10.08.2021 01:02:33.885,0.69937,0.6992600000000001,1,1
10.08.2021 01:02:41.187,0.6993600000000001,0.69925,1,1.25
10.08.2021 01:02:44.164,0.69935,0.69924,1,1
10.08.2021 01:02:45.260,0.69935,0.69924,1,1.75
10.08.2021 01:02:45.361,0.6993600000000001,0.69925,1,1.25
10.08.2021 01:02:46.476,0.6993600000000001,0.69925,1,1.25
10.08.2021 01:02:47.524,0.6993600000000001,0.69925,1,1.25
10.08.2021 01:02:48.406,0.69935,0.69924,1.25,1
10.08.2021 01:02:48.457,0.6993,0.6992100000000001,1.87,1.12
10.08.2021 01:02:48.559,0.6993100000000001,0.6992100000000001,1,1.25
10.08.2021 01:02:48.660,0.6993100000000001,0.6992,1,1.25
10.08.2021 01:02:48.774,0.6993,0.69919,1,2.12
10.08.2021 01:02:50.532,0.69929,0.69918,1,2.87
10.08.2021 01:02:50.634,0.6992600000000001,0.69918,1,2.12
10.08.2021 01:02:52.020,0.69925,0.69918,1,1.25
10.08.2021 01:02:52.544,0.69924,0.6991600000000001,1,2.12
10.08.2021 01:02:52.696,0.69923,0.6991600000000001,1,1.25
10.08.2021 01:02:56.953,0.69923,0.69915,1,1.25
10.08.2021 01:02:57.056,0.69923,0.69914,1,1
10.08.2021 01:03:00.708,0.69924,0.69914,1,1.25
10.08.2021 01:03:01.021,0.69925,0.69914,1,1.69
10.08.2021 01:03:01.123,0.69924,0.6991600000000001,1,1
10.08.2021 01:03:02.884,0.69925,0.69914,1,1.31
10.08.2021 01:03:03.281,0.69923,0.69913,1,2.62
10.08.2021 01:03:03.886,0.69923,0.69913,1,1.69
10.08.2021 01:03:07.111,0.6992200000000001,0.69913,1,1.25
10.08.2021 01:03:07.313,0.69919,0.6991,1,2.19
10.08.2021 01:03:07.363,0.6992,0.69909,1,1.75
10.08.2021 01:03:07.414,0.69923,0.69909,1.69,1.75
10.08.2021 01:03:07.516,0.6991700000000001,0.6991,1,1.25
10.08.2021 01:03:07.668,0.6991700000000001,0.69908,1,1.25
10.08.2021 01:03:07.769,0.69914,0.69908,1,1.75
10.08.2021 01:03:07.870,0.69915,0.69906,1,1.25
10.08.2021 01:03:22.812,0.6991600000000001,0.69906,1,1.25
10.08.2021 01:03:22.913,0.6991600000000001,0.69908,1,1.25
10.08.2021 01:03:27.343,0.69919,0.69909,1,1.25
10.08.2021 01:03:27.444,0.69918,0.6991100000000001,1,1.25
10.08.2021 01:03:28.382,0.6991700000000001,0.6991,1,1.31
10.08.2021 01:03:46.246,0.6992,0.69909,1,1.5
10.08.2021 01:03:46.297,0.69924,0.69913,1.12,1.12
10.08.2021 01:03:47.533,0.69925,0.69914,1,1
10.08.2021 01:03:59.058,0.69925,0.6991700000000001,1,1
10.08.2021 01:04:01.109,0.6992600000000001,0.69915,1,1.5
10.08.2021 01:04:03.504,0.69925,0.69915,1,1
10.08.2021 01:04:04.183,0.69923,0.69912,1,2.94
10.08.2021 01:04:04.284,0.6992200000000001,0.69912,1,1.5
10.08.2021 01:04:04.386,0.6992100000000001,0.69912,1,2.25
10.08.2021 01:04:06.301,0.6992100000000001,0.6991100000000001,1,1
10.08.2021 01:04:20.201,0.69925,0.69915,1,1.25
10.08.2021 01:04:20.302,0.6992600000000001,0.69915,1,2.5
10.08.2021 01:04:20.706,0.69925,0.6991600000000001,1,1.69
10.08.2021 01:04:28.760,0.69924,0.69913,1,2
10.08.2021 01:04:28.913,0.69924,0.69913,1,1
10.08.2021 01:04:29.928,0.69925,0.69914,1,1
10.08.2021 01:04:32.993,0.6992600000000001,0.69915,1,1.25
10.08.2021 01:04:36.643,0.6992600000000001,0.69915,1,3.62
10.08.2021 01:04:42.943,0.6992700000000001,0.6991600000000001,1,1.25
10.08.2021 01:04:45.018,0.69928,0.6991700000000001,1,1.25
10.08.2021 01:04:45.121,0.69928,0.69918,1,1.25
10.08.2021 01:04:45.171,0.6993,0.69919,1,1.69
10.08.2021 01:04:45.273,0.6993,0.6992,1,1.25
10.08.2021 01:04:45.374,0.6993100000000001,0.6992,1,1.69
10.08.2021 01:05:00.175,0.69932,0.6992100000000001,1,1
10.08.2021 01:05:04.990,0.69932,0.6992,1,2.44
10.08.2021 01:05:10.688,0.6993100000000001,0.6992,1,2.25
10.08.2021 01:05:25.148,0.69929,0.69919,1,3.25
10.08.2021 01:05:25.199,0.69928,0.6991700000000001,1,1.31
10.08.2021 01:05:25.301,0.6992700000000001,0.6991600000000001,1,2.94
10.08.2021 01:05:25.485,0.6992700000000001,0.6991600000000001,1,2.44
10.08.2021 01:05:28.023,0.69928,0.6991600000000001,1,1.69
10.08.2021 01:05:28.186,0.69928,0.69918,1,1.25
10.08.2021 01:05:28.287,0.69929,0.69918,1,1.69
10.08.2021 01:05:29.895,0.6993,0.6992,1,1.25
10.08.2021 01:05:38.445,0.69933,0.69924,1,1.25
10.08.2021 01:05:38.546,0.69935,0.69924,1.5,1.69
10.08.2021 01:05:39.718,0.6993600000000001,0.69924,1,1.5
10.08.2021 01:05:41.589,0.6993600000000001,0.69925,1,1.25
10.08.2021 01:05:46.086,0.6993600000000001,0.69924,1,3.62
10.08.2021 01:05:46.187,0.69934,0.69925,1,2.87
10.08.2021 01:05:46.313,0.6993600000000001,0.69925,1,1.75
10.08.2021 01:05:49.904,0.6993600000000001,0.69925,1,1.25
10.08.2021 01:05:51.308,0.6993600000000001,0.69925,1,1.25
10.08.2021 01:05:54.629,0.69937,0.6992600000000001,1,2.5
10.08.2021 01:06:01.931,0.69937,0.6992600000000001,1,1.25
10.08.2021 01:06:03.892,0.69935,0.69923,1,2.19
10.08.2021 01:06:03.993,0.69933,0.6992200000000001,1,2.81
10.08.2021 01:06:06.872,0.69933,0.6992200000000001,1,2.5
10.08.2021 01:06:07.135,0.69933,0.69923,1,2.5
10.08.2021 01:06:14.204,0.69933,0.6992200000000001,1,2.5
10.08.2021 01:06:18.017,0.69937,0.69925,1,1.69
10.08.2021 01:06:18.118,0.6993600000000001,0.6992600000000001,1,3.25
10.08.2021 01:06:18.223,0.69937,0.6992600000000001,1,1.25
10.08.2021 01:06:21.640,0.69937,0.69925,1,3.62
10.08.2021 01:06:32.707,0.69935,0.6992600000000001,1,1.25
10.08.2021 01:06:33.000,0.69935,0.69924,1,2.44
10.08.2021 01:06:33.152,0.69933,0.69924,1,1.69
10.08.2021 01:06:37.039,0.69934,0.6992200000000001,1,1.69
10.08.2021 01:06:39.573,0.6993100000000001,0.6992,1,1
10.08.2021 01:06:39.724,0.6993100000000001,0.6992,1,1.25
10.08.2021 01:06:39.825,0.6993,0.6992100000000001,1,1.75
10.08.2021 01:06:40.792,0.69932,0.6992200000000001,1,1.25
10.08.2021 01:06:42.451,0.69932,0.69923,1,1.75
10.08.2021 01:06:43.684,0.69932,0.6992,1,2.5
10.08.2021 01:06:46.535,0.69935,0.69923,1,2.5
10.08.2021 01:06:51.190,0.69935,0.69924,1,2.5
10.08.2021 01:06:51.291,0.69935,0.69925,1,1.25
10.08.2021 01:06:51.520,0.6993600000000001,0.6992600000000001,1,1.25
10.08.2021 01:06:59.202,0.6993600000000001,0.6992600000000001,1,1.25
10.08.2021 01:06:59.634,0.6993600000000001,0.6992700000000001,1,1.69
10.08.2021 01:07:03.256,0.69937,0.6992600000000001,1,2.5
10.08.2021 01:07:03.361,0.69938,0.6992700000000001,1,2.5
10.08.2021 01:07:03.680,0.69937,0.69928,1,1.69
10.08.2021 01:07:04.634,0.69938,0.6992700000000001,1,2.5
10.08.2021 01:07:13.011,0.69938,0.6992700000000001,1,1.69
10.08.2021 01:07:14.107,0.69938,0.6992700000000001,1,2.5
10.08.2021 01:07:14.258,0.6993600000000001,0.6992700000000001,1,1.69
10.08.2021 01:07:19.690,0.69935,0.6992600000000001,1,1
10.08.2021 01:07:19.792,0.69933,0.6992200000000001,1,1.87
10.08.2021 01:07:27.939,0.69933,0.69923,1,1
10.08.2021 01:07:28.041,0.69934,0.69923,1,3.25
10.08.2021 01:07:28.328,0.69934,0.69924,1,3.62
10.08.2021 01:07:28.429,0.69935,0.69925,1,1
10.08.2021 01:07:38.985,0.69935,0.69924,1,1.69
10.08.2021 01:07:43.481,0.69934,0.69923,1,1.25
10.08.2021 01:08:04.081,0.6993,0.6992100000000001,1,1
10.08.2021 01:08:05.329,0.69933,0.6992200000000001,1,3.25
10.08.2021 01:08:08.678,0.69934,0.69923,1,1.25
10.08.2021 01:08:43.736,0.69933,0.6992200000000001,1,2.62
10.08.2021 01:09:09.652,0.6993100000000001,0.6992100000000001,1,3.19
10.08.2021 01:09:09.754,0.69928,0.6992,1,1.12
10.08.2021 01:09:09.856,0.69928,0.6991600000000001,1,2.81
10.08.2021 01:09:10.374,0.6992700000000001,0.6991600000000001,1,2.06
10.08.2021 01:09:12.313,0.6992600000000001,0.69915,1,1.25
10.08.2021 01:09:12.414,0.69925,0.69914,1,1.69
10.08.2021 01:09:18.198,0.69923,0.69914,1,4
10.08.2021 01:09:19.054,0.69925,0.69914,1,1.25
10.08.2021 01:09:19.412,0.69925,0.69914,1,1.75
10.08.2021 01:09:19.513,0.69925,0.6991600000000001,1,1.25
10.08.2021 01:09:19.615,0.6992600000000001,0.6991700000000001,1,1.25
10.08.2021 01:09:29.888,0.6992700000000001,0.6991600000000001,1,2.5
10.08.2021 01:09:33.558,0.6992700000000001,0.6991600000000001,1,1.69
10.08.2021 01:09:39.192,0.69925,0.6991600000000001,1,1.69
10.08.2021 01:09:46.022,0.69925,0.6991600000000001,1,2.5
10.08.2021 01:09:49.886,0.6992600000000001,0.69915,1,1.69
10.08.2021 01:09:53.421,0.6992700000000001,0.6991600000000001,1,1.25
10.08.2021 01:10:06.156,0.6992600000000001,0.69915,1,1.87
10.08.2021 01:10:20.572,0.6992700000000001,0.6991600000000001,1,1.5
10.08.2021 01:10:20.623,0.69929,0.6991700000000001,1,1.5
10.08.2021 01:10:23.048,0.69928,0.6991600000000001,1.5,1.25
10.08.2021 01:10:29.570,0.6992700000000001,0.6991700000000001,1,2.5
10.08.2021 01:10:32.901,0.69928,0.6991700000000001,1,1.25
10.08.2021 01:10:33.103,0.69928,0.6991600000000001,1,3.25
10.08.2021 01:10:33.380,0.6992600000000001,0.6991700000000001,1,1.75
10.08.2021 01:10:41.925,0.6992700000000001,0.6991600000000001,1,1.25
10.08.2021 01:10:45.354,0.6992600000000001,0.69915,1,3.25
10.08.2021 01:10:45.456,0.6992600000000001,0.69915,1,2.44
10.08.2021 01:10:48.888,0.6992700000000001,0.69915,1,2.44
10.08.2021 01:10:56.756,0.69928,0.6991700000000001,1,1.75
10.08.2021 01:10:56.868,0.69929,0.6991700000000001,1,2.5
10.08.2021 01:10:57.171,0.6992700000000001,0.69918,1,1.75
10.08.2021 01:11:04.557,0.6992600000000001,0.69915,1,3.75
10.08.2021 01:11:21.106,0.69928,0.6991600000000001,1.5,1.25
10.08.2021 01:11:21.410,0.69929,0.6991700000000001,1,2.06
10.08.2021 01:11:22.298,0.69929,0.69918,1,1
10.08.2021 01:11:27.707,0.69928,0.6991700000000001,1,1.87
10.08.2021 01:11:27.808,0.6992700000000001,0.6991600000000001,1,1.69
10.08.2021 01:11:30.209,0.6992600000000001,0.69918,1,1
10.08.2021 01:11:31.817,0.69928,0.6991700000000001,1,1.5
10.08.2021 01:11:37.670,0.6992600000000001,0.69918,1,1
10.08.2021 01:11:37.872,0.6992700000000001,0.6991600000000001,1,1.69
10.08.2021 01:11:40.848,0.6992600000000001,0.69918,1,1.25
10.08.2021 01:11:40.899,0.69929,0.6991700000000001,1,2.44
10.08.2021 01:11:54.951,0.6993,0.69918,1,1.5
10.08.2021 01:12:08.733,0.69929,0.69918,1,1.69
10.08.2021 01:12:21.078,0.6993,0.69919,1,1
10.08.2021 01:12:21.180,0.6993,0.6992200000000001,1,1.25
10.08.2021 01:12:21.231,0.69935,0.69924,1.5,1.25
10.08.2021 01:12:21.333,0.69933,0.69925,1,1.25
10.08.2021 01:12:21.690,0.69934,0.69925,1,3.56
10.08.2021 01:12:21.742,0.69935,0.69925,1,1.25
10.08.2021 01:12:22.330,0.69935,0.69925,1.5,1.25
10.08.2021 01:12:22.432,0.69935,0.69924,1.5,2.44
10.08.2021 01:12:27.213,0.69934,0.69924,1,1.25
10.08.2021 01:12:39.781,0.69932,0.6992100000000001,1,4.37
10.08.2021 01:12:39.882,0.6993,0.69919,1.5,3.37
10.08.2021 01:12:39.983,0.69929,0.6992,1.5,2.5
10.08.2021 01:12:40.085,0.69929,0.69919,1,1.75
10.08.2021 01:12:41.067,0.69929,0.69918,1,2.87
10.08.2021 01:12:48.192,0.6993,0.69919,1,1.25
10.08.2021 01:12:49.395,0.69929,0.69918,1,2.87
10.08.2021 01:13:04.027,0.6992700000000001,0.6991600000000001,1,3.19
10.08.2021 01:13:04.229,0.6992700000000001,0.6991600000000001,1,2.5
10.08.2021 01:13:05.456,0.6992700000000001,0.6991600000000001,1,1.25
10.08.2021 01:13:05.632,0.6992700000000001,0.6991600000000001,1,1.75
10.08.2021 01:13:24.493,0.6992700000000001,0.6991600000000001,1,1.25
10.08.2021 01:13:25.033,0.69928,0.6991700000000001,1,1.25
10.08.2021 01:13:25.185,0.69929,0.6991700000000001,1,2.5
10.08.2021 01:13:43.233,0.69929,0.69919,1,1.25
10.08.2021 01:13:43.336,0.69933,0.6992200000000001,1,2.94
10.08.2021 01:13:43.438,0.69933,0.69924,1.5,2.87
10.08.2021 01:13:44.135,0.69934,0.69924,1.5,1.25
10.08.2021 01:13:44.603,0.6993600000000001,0.69925,1,3.25
10.08.2021 01:13:46.522,0.6993600000000001,0.6992600000000001,1,1.25
10.08.2021 01:13:50.265,0.6993600000000001,0.69925,1,3.62
10.08.2021 01:13:52.997,0.6993600000000001,0.69924,1.5,2.5
10.08.2021 01:13:53.099,0.69935,0.69924,1,1.75
10.08.2021 01:13:53.201,0.69934,0.69923,1,1.69
10.08.2021 01:13:53.303,0.69932,0.6992100000000001,1,1.75
10.08.2021 01:13:53.404,0.6993100000000001,0.6992,1,2.12
10.08.2021 01:13:54.532,0.6993100000000001,0.6992,1,1
10.08.2021 01:13:54.583,0.6992700000000001,0.6991700000000001,1,1.75
10.08.2021 01:13:54.685,0.69925,0.6991700000000001,1,2.25
10.08.2021 01:13:54.787,0.6992600000000001,0.6991600000000001,1,1.75
10.08.2021 01:13:58.112,0.6992700000000001,0.6991600000000001,1,2.5
10.08.2021 01:14:04.901,0.69928,0.69919,1,1.25
10.08.2021 01:14:05.053,0.69933,0.6992100000000001,1,5.44
10.08.2021 01:14:05.156,0.69934,0.6992200000000001,1,1
10.08.2021 01:14:05.434,0.69934,0.69923,1,1
10.08.2021 01:14:05.553,0.69934,0.6992200000000001,1,1.12
10.08.2021 01:14:06.511,0.69934,0.69923,1,1
10.08.2021 01:14:07.072,0.6993600000000001,0.69925,1,1
10.08.2021 01:14:07.680,0.69937,0.69925,1,1.75
10.08.2021 01:14:07.932,0.6993600000000001,0.6992600000000001,1,1.25
10.08.2021 01:14:12.193,0.6993600000000001,0.69925,1,1.31
10.08.2021 01:14:20.172,0.6993600000000001,0.6992600000000001,1,1.25
10.08.2021 01:14:20.385,0.69937,0.6992600000000001,1,1.25
10.08.2021 01:14:21.348,0.6993600000000001,0.6992600000000001,1,1.25
10.08.2021 01:14:21.875,0.69937,0.6992600000000001,1,1.25
10.08.2021 01:14:24.581,0.6993600000000001,0.69925,1,1.69
10.08.2021 01:14:30.401,0.6993600000000001,0.69924,1,1.25
10.08.2021 01:14:39.996,0.69935,0.69923,1,1.81
10.08.2021 01:14:40.411,0.6993600000000001,0.69924,1,1.31
10.08.2021 01:14:40.512,0.69935,0.69925,1,2.12
10.08.2021 01:14:48.051,0.6993600000000001,0.69925,1,1.75
10.08.2021 01:14:48.393,0.6993600000000001,0.69925,1,1
10.08.2021 01:14:52.493,0.69934,0.69925,1,1.12
10.08.2021 01:14:52.595,0.69934,0.69923,1,1.12
10.08.2021 01:14:53.031,0.6993600000000001,0.69924,1,1.25
10.08.2021 01:14:53.135,0.69935,0.69925,1,2.12
10.08.2021 01:14:53.236,0.6993600000000001,0.69924,1,1.31
10.08.2021 01:14:55.071,0.69935,0.69923,1,2.62
10.08.2021 01:14:58.571,0.6993600000000001,0.69924,1,1.25
10.08.2021 01:15:00.550,0.69935,0.69923,1,1.31
10.08.2021 01:15:00.600,0.69932,0.69923,1,1.5
10.08.2021 01:15:00.702,0.6993100000000001,0.69918,1,3.75
10.08.2021 01:15:00.803,0.69932,0.6992,1,1.25
10.08.2021 01:15:00.854,0.69933,0.69923,1,1
10.08.2021 01:15:01.005,0.69932,0.6992,1,1.31
10.08.2021 01:15:01.447,0.6993,0.6992,1,1.75
10.08.2021 01:15:01.548,0.6993100000000001,0.69919,1,1.25
10.08.2021 01:15:01.650,0.6993,0.69919,1,1.25
10.08.2021 01:15:02.116,0.69929,0.69919,1,1
10.08.2021 01:15:02.584,0.6993,0.6992,1,1
10.08.2021 01:15:06.189,0.6993,0.69918,1,1
10.08.2021 01:15:07.386,0.69929,0.6991700000000001,1,2.12
10.08.2021 01:15:08.533,0.6993,0.69918,1,1.25
10.08.2021 01:15:15.710,0.69928,0.69918,1,1.25
10.08.2021 01:15:16.078,0.69928,0.6991600000000001,1,2.12
10.08.2021 01:15:16.179,0.6992600000000001,0.69915,1,1.75
10.08.2021 01:15:16.281,0.69925,0.69915,1,3.94
10.08.2021 01:15:24.516,0.6992600000000001,0.69915,1,1.25
10.08.2021 01:15:24.924,0.6992700000000001,0.6991600000000001,1,1.37
10.08.2021 01:15:25.788,0.6992700000000001,0.6991700000000001,1,1.25
10.08.2021 01:15:29.221,0.6992600000000001,0.69914,1,3.81
10.08.2021 01:15:32.101,0.6992600000000001,0.69914,1,1.31
10.08.2021 01:15:33.158,0.6992600000000001,0.69914,1,2.12
10.08.2021 01:15:34.459,0.69925,0.69915,1,1.31
10.08.2021 01:15:40.523,0.6992700000000001,0.69915,1,1
10.08.2021 01:16:00.231,0.6992600000000001,0.69914,1,1.31
10.08.2021 01:16:02.042,0.69925,0.69913,1,2.62
10.08.2021 01:16:03.717,0.69924,0.69914,1,1.69
10.08.2021 01:16:07.546,0.69925,0.69913,1,1.81
10.08.2021 01:16:11.930,0.6992600000000001,0.69914,1,1.12
10.08.2021 01:16:14.106,0.6992600000000001,0.69915,1,1
10.08.2021 01:16:14.208,0.6992700000000001,0.69915,1,1
10.08.2021 01:16:20.121,0.69928,0.6991600000000001,1,1
10.08.2021 01:16:21.664,0.6992700000000001,0.6991600000000001,1,1
10.08.2021 01:16:23.427,0.69928,0.6991600000000001,1,1
10.08.2021 01:16:24.270,0.6992700000000001,0.69915,1,1
10.08.2021 01:16:33.923,0.69925,0.69915,1,1
10.08.2021 01:16:34.837,0.6992700000000001,0.69915,1,1
10.08.2021 01:16:37.257,0.6992600000000001,0.69914,1,1
10.08.2021 01:16:39.696,0.69925,0.69913,1,2.44
10.08.2021 01:16:43.196,0.69924,0.69914,1,3.25
10.08.2021 01:16:45.500,0.69924,0.69914,1,2.44
10.08.2021 01:16:47.362,0.6992600000000001,0.69914,1,1
10.08.2021 01:17:08.599,0.6992600000000001,0.69914,1,3.06
10.08.2021 01:17:11.051,0.6992600000000001,0.69914,1,1.31
10.08.2021 01:17:19.467,0.69925,0.69914,1,1.25
10.08.2021 01:17:19.568,0.69924,0.69913,1,2.81
10.08.2021 01:17:19.669,0.69924,0.69914,1,1.25
10.08.2021 01:17:19.771,0.69924,0.69914,1,5.69
10.08.2021 01:17:19.872,0.69925,0.69914,1,1.25
10.08.2021 01:17:19.974,0.69924,0.69913,1,2.25
10.08.2021 01:17:20.075,0.69923,0.69913,1,1.25
10.08.2021 01:17:20.378,0.69919,0.69909,1.69,2.75
10.08.2021 01:17:20.479,0.69918,0.6990500000000001,1,3.94
10.08.2021 01:17:20.580,0.6991600000000001,0.6990500000000001,1,1.75
10.08.2021 01:17:20.904,0.6991600000000001,0.6990500000000001,1,1.25
10.08.2021 01:17:23.899,0.69914,0.6990500000000001,1,2.06
10.08.2021 01:17:28.875,0.69915,0.69904,1,1.75
10.08.2021 01:17:31.759,0.69915,0.69904,1,1.31
10.08.2021 01:17:36.450,0.69915,0.69904,1,2.12
10.08.2021 01:17:40.997,0.6991600000000001,0.6990500000000001,1,1.25
10.08.2021 01:17:45.127,0.6991600000000001,0.69907,1.5,1.5
10.08.2021 01:17:45.178,0.69919,0.69908,1,1.25
10.08.2021 01:17:45.329,0.69918,0.69909,1,1.75
10.08.2021 01:17:51.302,0.6992,0.69908,1,2.06
10.08.2021 01:17:53.154,0.69919,0.69908,1,1.31
10.08.2021 01:17:57.928,0.6992200000000001,0.69912,1,2
10.08.2021 01:17:58.383,0.6992,0.6991,1,1.69
10.08.2021 01:17:58.484,0.69919,0.69908,1,3
10.08.2021 01:18:16.199,0.69918,0.69909,1.5,1.69
10.08.2021 01:18:26.882,0.6992,0.69908,1,1
10.08.2021 01:18:39.190,0.69919,0.69908,1,1
10.08.2021 01:18:45.666,0.69918,0.69907,1,1.25
10.08.2021 01:18:49.800,0.6992200000000001,0.6991100000000001,1,2.19
10.08.2021 01:18:50.002,0.69923,0.6991100000000001,1,3.75
10.08.2021 01:18:54.978,0.69924,0.69914,1.5,2.5
10.08.2021 01:18:55.080,0.69928,0.6991600000000001,2.25,1.75
10.08.2021 01:18:55.232,0.69928,0.69918,1,1.69
10.08.2021 01:18:55.282,0.6992700000000001,0.6991600000000001,1,2.5
10.08.2021 01:18:55.383,0.69928,0.6991600000000001,1,2.5
10.08.2021 01:18:55.738,0.6992700000000001,0.6991700000000001,1,1.75
10.08.2021 01:18:56.883,0.6992700000000001,0.69918,1,2.5
10.08.2021 01:18:58.160,0.69928,0.6991700000000001,1,1.69
10.08.2021 01:19:01.270,0.69932,0.6992200000000001,1,2.06
10.08.2021 01:19:01.321,0.69935,0.6992600000000001,1,1.69
10.08.2021 01:19:01.422,0.69937,0.6992600000000001,1.12,2.44
10.08.2021 01:19:01.473,0.69937,0.6992700000000001,1,1.75
10.08.2021 01:19:01.624,0.69939,0.69928,1,1.25
10.08.2021 01:19:02.115,0.69938,0.6992700000000001,1,1
10.08.2021 01:19:02.216,0.69939,0.69928,1,1
10.08.2021 01:19:02.317,0.69939,0.6993,1,1
10.08.2021 01:19:05.821,0.6994,0.69928,1,1.69
10.08.2021 01:19:05.922,0.6994,0.69929,1,1
10.08.2021 01:19:06.314,0.69939,0.69929,1,1.25
10.08.2021 01:19:08.836,0.69938,0.69928,1,2.06
10.08.2021 01:19:09.088,0.69938,0.6992700000000001,1,1.12
10.08.2021 01:19:09.189,0.69938,0.6992600000000001,1,2.06
10.08.2021 01:19:09.689,0.69937,0.6992600000000001,1,2.06
10.08.2021 01:19:11.319,0.6993600000000001,0.69925,1,1.25
10.08.2021 01:19:12.377,0.69935,0.69924,1,2.12
10.08.2021 01:19:14.653,0.69935,0.6992600000000001,1,1
10.08.2021 01:19:14.754,0.6993600000000001,0.6992600000000001,1,1
10.08.2021 01:19:16.765,0.6993600000000001,0.69924,1,2.06
10.08.2021 01:19:17.068,0.69935,0.69924,1,1.31
10.08.2021 01:19:19.969,0.69934,0.69923,1,3.75
10.08.2021 01:19:22.896,0.69935,0.69925,1,1.25
10.08.2021 01:19:23.645,0.69935,0.69924,1,1.69
10.08.2021 01:19:28.505,0.69935,0.69925,1,1.25
10.08.2021 01:19:28.808,0.69934,0.69925,1,1.69
10.08.2021 01:19:31.544,0.6993600000000001,0.69924,1,1.69
10.08.2021 01:19:35.637,0.69935,0.69923,1,2.06
10.08.2021 01:19:35.840,0.6993100000000001,0.6992200000000001,1,1.5
10.08.2021 01:19:35.941,0.6993100000000001,0.69919,1,2
10.08.2021 01:19:35.991,0.69933,0.69919,1,1.5
10.08.2021 01:19:36.042,0.69929,0.69919,1,1.12
10.08.2021 01:19:36.244,0.69929,0.69918,1,1.25
10.08.2021 01:19:36.650,0.69929,0.6991700000000001,1,3.19
10.08.2021 01:19:37.065,0.6992700000000001,0.6991700000000001,1,2.87
10.08.2021 01:19:41.751,0.6992700000000001,0.6991700000000001,1,2.06
10.08.2021 01:19:49.052,0.6992700000000001,0.69915,1,2.94
10.08.2021 01:19:49.203,0.6992700000000001,0.69915,1,1.69
10.08.2021 01:19:54.120,0.6992700000000001,0.6991600000000001,1,1
10.08.2021 01:19:55.915,0.69932,0.6992100000000001,1.5,1
10.08.2021 01:19:56.118,0.69932,0.6992,1,1.25
10.08.2021 01:19:59.461,0.69929,0.6992,1,1
10.08.2021 01:19:59.563,0.69928,0.69918,1,1.31
10.08.2021 01:20:01.005,0.69929,0.69918,1.5,1.25
10.08.2021 01:20:03.400,0.69928,0.69918,1,1.25
10.08.2021 01:20:05.639,0.69929,0.69918,1,1
10.08.2021 01:20:07.225,0.69928,0.69918,1,1
10.08.2021 01:20:07.496,0.6993,0.69919,1,1
10.08.2021 01:20:07.811,0.6993,0.6992200000000001,1,1
10.08.2021 01:20:07.861,0.69934,0.69923,1,1.87
10.08.2021 01:20:07.912,0.6993600000000001,0.69924,1,1
10.08.2021 01:20:11.062,0.69935,0.69923,1,2.62
10.08.2021 01:20:11.214,0.69932,0.6992200000000001,1,1.5
10.08.2021 01:20:11.315,0.69932,0.6992,1,1.5
10.08.2021 01:20:11.416,0.69932,0.6992,1,1
10.08.2021 01:20:22.144,0.6993100000000001,0.69919,1,1.69
10.08.2021 01:20:22.245,0.6993,0.69918,1,1
10.08.2021 01:20:22.352,0.6992600000000001,0.6991700000000001,1,1
10.08.2021 01:20:23.839,0.6992700000000001,0.69915,1,1.5
10.08.2021 01:20:25.750,0.6992600000000001,0.69914,1,2.81
10.08.2021 01:20:33.056,0.69925,0.69914,1,1
10.08.2021 01:20:33.324,0.69925,0.69913,1,1.31
10.08.2021 01:20:34.524,0.69924,0.69912,1,3.31
10.08.2021 01:20:36.062,0.69925,0.69914,1,1
10.08.2021 01:20:54.572,0.69925,0.69914,1,1.75
10.08.2021 01:20:55.700,0.69925,0.69914,1,1.25
10.08.2021 01:21:00.190,0.6992600000000001,0.69914,1,1.69
10.08.2021 01:21:02.109,0.69923,0.69914,1,1.25
10.08.2021 01:21:10.191,0.69923,0.69915,1,1.25
10.08.2021 01:21:15.340,0.6992200000000001,0.69914,1,1.75
10.08.2021 01:21:18.047,0.6992200000000001,0.69914,1,1.31
10.08.2021 01:21:19.198,0.6992100000000001,0.69914,1,1.12
10.08.2021 01:21:19.300,0.6992,0.69909,1,1.5
10.08.2021 01:21:19.351,0.6991600000000001,0.69906,1,1.25
10.08.2021 01:21:19.502,0.69915,0.69906,1,1.25
10.08.2021 01:21:20.120,0.69914,0.6990500000000001,1,1.75
10.08.2021 01:21:20.229,0.69915,0.6990500000000001,1,1.75
10.08.2021 01:21:21.093,0.6991600000000001,0.6990500000000001,1,3.37
10.08.2021 01:21:21.194,0.6991700000000001,0.69907,1,1.25
10.08.2021 01:21:23.031,0.69918,0.69907,1,1.25
10.08.2021 01:21:33.669,0.69919,0.69907,1,2.87
10.08.2021 01:21:39.014,0.69919,0.69907,1,1.87
10.08.2021 01:21:39.116,0.69918,0.69906,1,1.69
10.08.2021 01:21:40.885,0.6991700000000001,0.69906,1,1.87
10.08.2021 01:21:46.246,0.69918,0.69906,1,2.06
10.08.2021 01:21:51.242,0.6991700000000001,0.69906,1,1
10.08.2021 01:21:51.343,0.6991700000000001,0.6990500000000001,1,1.69
10.08.2021 01:21:54.209,0.6991600000000001,0.69904,1.5,1.69
10.08.2021 01:21:57.462,0.6991600000000001,0.6990500000000001,1,1
10.08.2021 01:21:57.563,0.6991700000000001,0.6990500000000001,1,1
10.08.2021 01:21:59.030,0.69918,0.69907,1,1
10.08.2021 01:21:59.131,0.69919,0.69907,1,1
10.08.2021 01:22:00.677,0.69923,0.69912,1,1
10.08.2021 01:22:00.778,0.69924,0.69912,1,2.06
10.08.2021 01:22:01.237,0.69924,0.69912,1,3.25
10.08.2021 01:22:01.338,0.69924,0.69912,1,2.06
10.08.2021 01:22:01.440,0.69924,0.69912,1,2.87
10.08.2021 01:22:01.541,0.69923,0.69913,1,2.06
10.08.2021 01:22:01.642,0.69923,0.69913,1,2.87
10.08.2021 01:22:01.743,0.69924,0.69912,1,2.06
10.08.2021 01:22:03.442,0.6992,0.6991100000000001,1,1.87
10.08.2021 01:22:03.543,0.6992,0.69909,1,1.25
10.08.2021 01:22:03.809,0.69919,0.69909,1,1.25
10.08.2021 01:22:05.158,0.69918,0.69908,1,1.25
10.08.2021 01:22:05.652,0.6991700000000001,0.69906,1.5,1.12
10.08.2021 01:22:06.032,0.6991600000000001,0.69906,1,1
10.08.2021 01:22:07.056,0.69915,0.6990500000000001,1,2.06
10.08.2021 01:22:08.598,0.6991600000000001,0.69904,1,4.37
10.08.2021 01:22:10.018,0.69915,0.69907,1,1.25
10.08.2021 01:22:33.973,0.6991600000000001,0.69906,1,1.25
10.08.2021 01:22:35.714,0.6991600000000001,0.69906,1,1.25
10.08.2021 01:22:37.819,0.6991600000000001,0.6990500000000001,1,1.75
10.08.2021 01:22:41.607,0.69915,0.69904,1,2.12
10.08.2021 01:22:41.775,0.69915,0.6990500000000001,1,1.25
10.08.2021 01:22:49.489,0.69914,0.6990500000000001,1,2.12
10.08.2021 01:22:49.539,0.6991,0.69902,1,1.69
10.08.2021 01:22:49.640,0.6991,0.69901,1,1.25
10.08.2021 01:22:51.706,0.6991,0.6990000000000001,1,1.25
10.08.2021 01:22:55.857,0.6991,0.69899,1,1.37
10.08.2021 01:22:56.692,0.69909,0.69901,1,1.25
10.08.2021 01:22:58.777,0.6991,0.69898,1,2.5
10.08.2021 01:23:06.158,0.69908,0.69899,1,1.75
10.08.2021 01:23:06.259,0.69908,0.69898,1,1.75
10.08.2021 01:23:07.050,0.69907,0.69896,1,1.75
10.08.2021 01:23:08.678,0.69907,0.69897,1,1.25
10.08.2021 01:23:08.780,0.69908,0.6990000000000001,1,1.75
10.08.2021 01:23:08.831,0.69912,0.6990000000000001,1,1.25
10.08.2021 01:23:08.933,0.6991100000000001,0.69901,1,1.75
10.08.2021 01:23:15.486,0.6991,0.69901,1,1.25
10.08.2021 01:23:15.843,0.6991100000000001,0.69899,1,1.75
10.08.2021 01:23:16.173,0.6991100000000001,0.6990000000000001,1,1.25
10.08.2021 01:23:18.751,0.6991100000000001,0.69899,1,1.75
10.08.2021 01:23:19.310,0.69909,0.69899,1,1.25
10.08.2021 01:23:19.481,0.69909,0.69898,1,2.12
10.08.2021 01:23:19.787,0.69906,0.6989500000000001,1,1.75
10.08.2021 01:23:19.988,0.6990500000000001,0.69896,1,1.25
10.08.2021 01:23:20.089,0.69906,0.69896,1,1.25
10.08.2021 01:23:21.117,0.69907,0.69899,1,1.25
10.08.2021 01:23:21.331,0.69908,0.69899,1,1.25
10.08.2021 01:23:21.835,0.6991,0.69899,1,1.25
10.08.2021 01:23:25.518,0.6991100000000001,0.6990000000000001,1,1.75
10.08.2021 01:23:27.559,0.69912,0.69901,1,1.25
10.08.2021 01:23:27.661,0.6991100000000001,0.6990000000000001,1,1.25
10.08.2021 01:23:27.763,0.69909,0.6990000000000001,1,1.75
10.08.2021 01:23:37.672,0.6991,0.69898,1,2.12
10.08.2021 01:23:37.773,0.69909,0.69897,1,2.12
10.08.2021 01:23:38.402,0.69907,0.69896,1,1.37
10.08.2021 01:23:43.497,0.69907,0.6989500000000001,1.5,2.5
10.08.2021 01:23:43.599,0.69906,0.69897,1.5,1.25
10.08.2021 01:24:02.687,0.69907,0.6989500000000001,1.5,2.5
10.08.2021 01:24:02.892,0.69907,0.69896,1.5,1.25
10.08.2021 01:24:02.994,0.69907,0.69897,1.5,1.25
10.08.2021 01:24:03.722,0.69907,0.69898,1,1.25
10.08.2021 01:24:05.464,0.69908,0.69898,1,1.25
10.08.2021 01:24:05.565,0.69909,0.69898,1.5,1.25
10.08.2021 01:24:05.666,0.69909,0.69899,1,1.25
10.08.2021 01:24:10.401,0.6991,0.69899,1.5,1.25
10.08.2021 01:24:15.446,0.6991100000000001,0.6990000000000001,1,1.25
10.08.2021 01:24:27.565,0.69913,0.69902,1,1.25
10.08.2021 01:24:27.666,0.69914,0.69903,1.25,1.25
10.08.2021 01:24:31.333,0.69912,0.69901,1,1.75
10.08.2021 01:24:31.435,0.6991100000000001,0.6990000000000001,1,1.25
10.08.2021 01:24:32.521,0.6991100000000001,0.69899,1,3.62
10.08.2021 01:24:32.622,0.6991,0.69898,1,1.25
10.08.2021 01:24:32.724,0.6991,0.69898,1,1.75
10.08.2021 01:24:34.200,0.6991,0.69898,1,1.25
10.08.2021 01:24:35.491,0.69906,0.6989500000000001,1,2.87
10.08.2021 01:24:36.947,0.69907,0.69896,1,1.75
10.08.2021 01:24:39.190,0.69906,0.69896,1,1.75
10.08.2021 01:24:43.473,0.69906,0.6989500000000001,1.5,2.12
10.08.2021 01:24:45.683,0.6990500000000001,0.6989500000000001,1,1.75
10.08.2021 01:24:45.807,0.6990500000000001,0.69894,1,1.25
10.08.2021 01:25:03.343,0.69904,0.69894,1.5,1.75
10.08.2021 01:25:03.445,0.69903,0.69892,1.5,1
10.08.2021 01:25:03.546,0.69896,0.69886,1,1.25
10.08.2021 01:25:03.647,0.6989500000000001,0.69886,1,1.25
10.08.2021 01:25:03.748,0.69896,0.69887,1,1.25
10.08.2021 01:25:04.104,0.69897,0.69889,1,1.37
10.08.2021 01:25:04.205,0.69898,0.69889,1,1.37
10.08.2021 01:25:04.306,0.69899,0.6989000000000001,1,1.25
10.08.2021 01:25:05.616,0.69899,0.6988800000000001,1,1.37
10.08.2021 01:25:11.558,0.6990000000000001,0.6988800000000001,1,1.37
10.08.2021 01:25:31.832,0.69899,0.6988800000000001,1,1.25
10.08.2021 01:25:37.210,0.69899,0.6988800000000001,1,1
10.08.2021 01:25:42.118,0.69898,0.69887,1,2.06
10.08.2021 01:25:43.798,0.69899,0.69887,1,1
10.08.2021 01:25:43.913,0.69898,0.69887,1,1
10.08.2021 01:25:57.300,0.69896,0.6988500000000001,1,1.69
10.08.2021 01:26:00.606,0.69897,0.69886,1,1.25
10.08.2021 01:26:01.465,0.69897,0.6988500000000001,1,1.5
10.08.2021 01:26:01.567,0.69896,0.6988500000000001,1,1
10.08.2021 01:26:08.590,0.69897,0.6988500000000001,1,1.69
10.08.2021 01:26:09.321,0.6989500000000001,0.69886,1,1.69
10.08.2021 01:26:21.158,0.69896,0.69884,1.5,2.81
10.08.2021 01:26:24.447,0.6989500000000001,0.6988500000000001,1,1.25
10.08.2021 01:27:07.693,0.69896,0.6988500000000001,1,1.25
10.08.2021 01:27:24.558,0.69896,0.69884,1,4.31
10.08.2021 01:27:36.240,0.69892,0.69884,1.62,1.25
10.08.2021 01:27:36.290,0.69887,0.6988000000000001,1,2
10.08.2021 01:27:36.341,0.6988500000000001,0.69874,1,2.19
10.08.2021 01:27:36.442,0.69886,0.69874,1.25,1.5
10.08.2021 01:27:36.846,0.6988500000000001,0.69874,1,1.5
10.08.2021 01:27:44.307,0.69884,0.69874,1,1
10.08.2021 01:27:44.520,0.69884,0.6987300000000001,1,1.69
10.08.2021 01:27:49.422,0.6988300000000001,0.6987300000000001,1,1.25
10.08.2021 01:27:49.624,0.69882,0.6987300000000001,1,2.06
10.08.2021 01:27:53.864,0.69882,0.69872,1,2.06
10.08.2021 01:27:59.787,0.69882,0.6987300000000001,1,1.25
10.08.2021 01:28:00.169,0.69882,0.6987300000000001,1,1.75
10.08.2021 01:28:00.220,0.6988500000000001,0.6987300000000001,1.5,1.25
10.08.2021 01:28:03.337,0.69884,0.6987300000000001,1,1.69
10.08.2021 01:28:03.438,0.69882,0.69874,1,1
10.08.2021 01:28:03.540,0.6988000000000001,0.69869,2.5,1.1
10.08.2021 01:28:03.641,0.69876,0.69865,1,1
10.08.2021 01:28:04.611,0.69874,0.69865,1,1.69
10.08.2021 01:28:09.239,0.69874,0.6986300000000001,1,1.5
10.08.2021 01:28:19.515,0.69876,0.69865,1.69,1
10.08.2021 01:28:23.818,0.69874,0.6986600000000001,1,1
10.08.2021 01:28:24.847,0.6987800000000001,0.6987,1,3.19
10.08.2021 01:28:24.948,0.69882,0.69871,1.5,2.5
10.08.2021 01:28:25.050,0.69882,0.6987300000000001,1,1.25
10.08.2021 01:28:25.237,0.6988300000000001,0.6987300000000001,1.5,1.25
10.08.2021 01:28:30.078,0.69884,0.6987300000000001,1,1.25
10.08.2021 01:28:35.422,0.69881,0.69871,1.25,1
10.08.2021 01:28:35.523,0.69876,0.6986600000000001,1.25,1
10.08.2021 01:28:35.625,0.69875,0.69864,1,1
10.08.2021 01:28:35.929,0.69876,0.69865,1.5,1
10.08.2021 01:28:36.032,0.69875,0.69865,1,1
10.08.2021 01:28:36.451,0.69874,0.69865,1,1
10.08.2021 01:28:36.835,0.69874,0.6986600000000001,1,1
10.08.2021 01:28:36.988,0.69875,0.69867,1,1
10.08.2021 01:28:37.330,0.69876,0.69865,1.5,1
10.08.2021 01:28:41.483,0.69876,0.69867,1.5,1
10.08.2021 01:28:41.896,0.69874,0.69864,1,1
10.08.2021 01:28:42.098,0.6987,0.69862,1,1
10.08.2021 01:28:42.199,0.69875,0.69864,1.5,1
10.08.2021 01:28:42.300,0.69875,0.69865,1,1
10.08.2021 01:28:48.147,0.69875,0.69864,1,1
10.08.2021 01:28:52.114,0.69874,0.6986300000000001,1,1.87
10.08.2021 01:28:52.646,0.69869,0.69862,1,1
10.08.2021 01:28:52.697,0.6986800000000001,0.69857,1,1.5
10.08.2021 01:28:52.798,0.69867,0.6985600000000001,1.5,1
10.08.2021 01:28:53.051,0.6986600000000001,0.69855,1,1.69
10.08.2021 01:28:53.152,0.69865,0.69855,1,1.69
10.08.2021 01:28:53.495,0.69865,0.69854,1,2.06
10.08.2021 01:28:53.747,0.6986300000000001,0.69852,1,2.06
10.08.2021 01:28:53.848,0.6986300000000001,0.69852,1,2.5
10.08.2021 01:28:53.950,0.69862,0.6985100000000001,1,2.5
10.08.2021 01:28:54.051,0.6986300000000001,0.6985300000000001,1,1.25
10.08.2021 01:28:54.101,0.69859,0.6984800000000001,1,1.25
10.08.2021 01:28:54.303,0.69859,0.6984800000000001,1,1.75
10.08.2021 01:28:54.354,0.6986,0.69852,1,1
10.08.2021 01:28:54.456,0.6986100000000001,0.6985,1,1.75
10.08.2021 01:28:54.558,0.6986,0.6985,1,1.25
10.08.2021 01:28:54.660,0.6985800000000001,0.6984800000000001,1,1.25
10.08.2021 01:28:55.378,0.6986100000000001,0.6985100000000001,1,1.25
10.08.2021 01:28:55.608,0.6986,0.6985,1,1.5
10.08.2021 01:28:56.872,0.69862,0.6985100000000001,1,3.37
10.08.2021 01:28:56.973,0.6986300000000001,0.69852,1,1.69
10.08.2021 01:28:57.024,0.69865,0.69854,1,1
10.08.2021 01:28:57.125,0.69865,0.69855,1,1
10.08.2021 01:28:57.328,0.69862,0.6985100000000001,1.5,1.5
10.08.2021 01:28:57.379,0.6985800000000001,0.6984800000000001,1,1.25
10.08.2021 01:28:57.582,0.6985800000000001,0.69847,1.75,1
10.08.2021 01:28:57.633,0.6985600000000001,0.69845,1,1
10.08.2021 01:29:00.041,0.6985600000000001,0.6984600000000001,1,1
10.08.2021 01:29:00.556,0.69857,0.6984600000000001,1.25,1
10.08.2021 01:29:01.187,0.6985600000000001,0.6984600000000001,1,1
10.08.2021 01:29:11.392,0.69855,0.69845,1,1
10.08.2021 01:29:14.756,0.6985600000000001,0.69845,1,1
10.08.2021 01:29:18.628,0.6985600000000001,0.6984600000000001,1,1
10.08.2021 01:29:39.040,0.6985600000000001,0.69845,1,1
10.08.2021 01:29:39.973,0.69857,0.6984600000000001,1,1
10.08.2021 01:29:41.493,0.6986,0.6985,1.5,1.5
10.08.2021 01:29:41.595,0.6986,0.69852,1,2.25
10.08.2021 01:29:41.646,0.69864,0.6985300000000001,1,1.25
10.08.2021 01:29:41.748,0.69864,0.69854,1,1
10.08.2021 01:29:42.236,0.6986100000000001,0.69852,1.25,1
10.08.2021 01:29:42.287,0.69859,0.6984800000000001,1,1
10.08.2021 01:29:42.440,0.6985800000000001,0.69847,1,1
10.08.2021 01:29:42.841,0.6985600000000001,0.69847,1,1
10.08.2021 01:29:42.943,0.6985600000000001,0.6984600000000001,1,1
10.08.2021 01:29:47.296,0.6985800000000001,0.6984899999999999,2.44,1
10.08.2021 01:29:52.268,0.6985800000000001,0.69847,1,1
10.08.2021 01:29:54.558,0.69857,0.69847,1,1
10.08.2021 01:29:57.797,0.69857,0.6984600000000001,1,1
10.08.2021 01:30:00.167,0.6985100000000001,0.6984300000000001,2.25,1
10.08.2021 01:30:00.268,0.69854,0.6984600000000001,1,1
10.08.2021 01:30:00.370,0.69855,0.69847,1,1
10.08.2021 01:30:05.600,0.69859,0.6984899999999999,1,1
10.08.2021 01:30:07.573,0.6986,0.6985,1,1
10.08.2021 01:30:07.674,0.6985600000000001,0.6984800000000001,1,1
10.08.2021 01:30:12.627,0.6985800000000001,0.69847,1.69,1
10.08.2021 01:30:13.005,0.6985800000000001,0.69847,2.5,1
10.08.2021 01:30:13.207,0.69857,0.6984800000000001,2.44,1
10.08.2021 01:30:14.547,0.69857,0.6984600000000001,1,1
10.08.2021 01:30:16.593,0.6985600000000001,0.69845,1,1
10.08.2021 01:30:17.514,0.69855,0.69844,1,1
10.08.2021 01:30:18.230,0.69854,0.6984600000000001,1,1
10.08.2021 01:30:33.240,0.69855,0.69845,1.25,1
10.08.2021 01:30:37.411,0.69855,0.69844,1.25,1
10.08.2021 01:30:38.015,0.69854,0.6984600000000001,1.25,1
10.08.2021 01:30:39.189,0.6985600000000001,0.69845,1.69,1
10.08.2021 01:30:39.290,0.69855,0.69847,1.5,1
10.08.2021 01:30:42.673,0.6985800000000001,0.69847,1.75,1
10.08.2021 01:30:42.824,0.69859,0.6984899999999999,2.25,1
10.08.2021 01:30:42.925,0.69859,0.6984800000000001,3.25,1
10.08.2021 01:30:43.407,0.69857,0.6984899999999999,1.25,1
10.08.2021 01:30:45.015,0.69857,0.69847,1.25,1
10.08.2021 01:30:46.061,0.69857,0.69847,1.75,1
10.08.2021 01:30:50.999,0.6985600000000001,0.69847,1.75,1
10.08.2021 01:30:51.503,0.6985600000000001,0.69845,1.25,1
10.08.2021 01:30:51.828,0.69855,0.6984600000000001,1.25,1
10.08.2021 01:30:59.580,0.69854,0.69844,1,1
10.08.2021 01:30:59.732,0.6985,0.69839,1.69,1
10.08.2021 01:30:59.833,0.6984899999999999,0.69839,1.69,1
10.08.2021 01:30:59.934,0.69847,0.69838,1,1.25
10.08.2021 01:30:59.985,0.69852,0.69842,1,1
10.08.2021 01:31:00.086,0.69855,0.69845,1,1
10.08.2021 01:31:00.652,0.6985600000000001,0.6984600000000001,1.69,1
10.08.2021 01:31:04.615,0.6985600000000001,0.69847,1.25,1
10.08.2021 01:31:08.154,0.69859,0.6985,1,1
10.08.2021 01:31:08.754,0.6986,0.6985,1,1
10.08.2021 01:31:09.564,0.6986100000000001,0.6985100000000001,1,1
10.08.2021 01:31:13.528,0.6986600000000001,0.6985600000000001,2.25,1
10.08.2021 01:31:13.679,0.6986600000000001,0.69857,1,1
10.08.2021 01:31:14.191,0.69867,0.69857,1.5,1
10.08.2021 01:31:18.960,0.6987,0.69862,2.5,1
10.08.2021 01:31:19.011,0.69871,0.6986100000000001,1,1.25
10.08.2021 01:31:19.062,0.69869,0.69859,1.25,1
10.08.2021 01:31:19.214,0.6986800000000001,0.69857,1,1
10.08.2021 01:31:19.315,0.6986800000000001,0.6985800000000001,1,1
10.08.2021 01:31:19.416,0.6986800000000001,0.69857,1.25,1
10.08.2021 01:31:19.618,0.6986600000000001,0.6985600000000001,1,1
10.08.2021 01:31:25.421,0.69865,0.6985600000000001,1,1
10.08.2021 01:31:29.302,0.6986600000000001,0.6985600000000001,1,1
10.08.2021 01:31:41.863,0.69865,0.69855,1,1
10.08.2021 01:31:52.913,0.6986600000000001,0.69855,1,1
10.08.2021 01:32:01.518,0.6986600000000001,0.6985600000000001,1,1
10.08.2021 01:32:02.664,0.69867,0.6985600000000001,1,1
10.08.2021 01:32:04.235,0.69865,0.69857,1,1
10.08.2021 01:32:06.530,0.6986600000000001,0.69857,1,1
10.08.2021 01:32:06.632,0.6986600000000001,0.6985600000000001,1,1
10.08.2021 01:32:08.506,0.69862,0.69855,1,1
10.08.2021 01:32:08.556,0.69862,0.6985100000000001,1,1
10.08.2021 01:32:08.657,0.69862,0.69852,1,1
10.08.2021 01:32:12.196,0.69867,0.6985600000000001,2.25,1
10.08.2021 01:32:12.297,0.69867,0.69857,1.5,1
10.08.2021 01:32:13.222,0.69867,0.6985600000000001,1.5,1
10.08.2021 01:32:17.380,0.6986600000000001,0.6985600000000001,1,1
10.08.2021 01:32:20.821,0.69867,0.6985600000000001,1.5,1
10.08.2021 01:32:21.128,0.6986600000000001,0.6985600000000001,1,1
10.08.2021 01:32:22.182,0.69867,0.6985600000000001,1.69,1
10.08.2021 01:32:37.448,0.69869,0.6985800000000001,1,1
10.08.2021 01:32:37.549,0.6987,0.69859,1,1
10.08.2021 01:32:47.267,0.6986800000000001,0.69857,1,1.5
10.08.2021 01:32:51.237,0.69869,0.69859,1,1.5
10.08.2021 01:32:51.289,0.6986800000000001,0.69857,1,1.5
10.08.2021 01:33:02.269,0.69867,0.69857,1,1
10.08.2021 01:33:02.421,0.6986600000000001,0.69855,1,1.69
10.08.2021 01:33:02.573,0.69864,0.6985600000000001,1,1
10.08.2021 01:33:15.845,0.6986600000000001,0.69855,1,1.5
10.08.2021 01:33:18.501,0.69867,0.6985600000000001,1,1
10.08.2021 01:33:18.602,0.6986600000000001,0.69855,1,1.5
10.08.2021 01:33:25.191,0.69865,0.69854,1,1.5
10.08.2021 01:33:26.755,0.6986600000000001,0.69855,1,1
10.08.2021 01:33:27.720,0.69865,0.69855,1,1
10.08.2021 01:33:29.149,0.6986600000000001,0.69855,1,1
10.08.2021 01:33:29.931,0.6986600000000001,0.6985600000000001,1,1
10.08.2021 01:33:31.136,0.69864,0.69854,1,1
10.08.2021 01:33:31.186,0.6986100000000001,0.69852,1.5,1
10.08.2021 01:33:34.586,0.6986100000000001,0.6985,1,1.25
10.08.2021 01:33:36.082,0.69859,0.6984800000000001,1,1.69
10.08.2021 01:33:41.823,0.6985600000000001,0.69847,1,1
10.08.2021 01:33:41.874,0.69855,0.69845,1,1
10.08.2021 01:33:41.975,0.69854,0.69844,1,1.5
10.08.2021 01:33:46.787,0.69852,0.6984300000000001,1,2.5
10.08.2021 01:33:46.837,0.6985100000000001,0.69842,1,1.69
10.08.2021 01:33:46.888,0.6984899999999999,0.69839,1,1
10.08.2021 01:33:48.591,0.69847,0.69838,1,1
10.08.2021 01:33:48.844,0.6984899999999999,0.69838,1,1
10.08.2021 01:33:51.572,0.6984800000000001,0.69837,1,1
10.08.2021 01:33:51.848,0.6984800000000001,0.6984,1,1
10.08.2021 01:33:51.899,0.69852,0.6984100000000001,1,1.25
10.08.2021 01:33:52.000,0.6985,0.6984100000000001,1,1
10.08.2021 01:33:57.210,0.6985,0.69839,1,1.25
10.08.2021 01:33:59.637,0.6985,0.6984100000000001,1,1
10.08.2021 01:34:04.390,0.6985100000000001,0.69839,1,1
10.08.2021 01:34:11.631,0.6985,0.69839,1,1
10.08.2021 01:34:11.732,0.6984899999999999,0.69838,1,1.25
10.08.2021 01:34:23.180,0.6985,0.69838,1,1.25
10.08.2021 01:34:34.135,0.6984899999999999,0.69837,1,1.5
10.08.2021 01:34:34.236,0.6984800000000001,0.69837,1,1
10.08.2021 01:34:36.601,0.6984600000000001,0.69837,1,1.69
10.08.2021 01:34:40.596,0.6984600000000001,0.69835,1,1
10.08.2021 01:34:49.325,0.6984600000000001,0.69834,1,1.69
10.08.2021 01:35:01.808,0.69844,0.69835,1,1.69
10.08.2021 01:35:02.034,0.69845,0.69835,1,1
10.08.2021 01:35:03.517,0.6984600000000001,0.69835,1,1
10.08.2021 01:35:04.252,0.6984600000000001,0.69834,1,1.25
10.08.2021 01:35:05.400,0.6984300000000001,0.69833,1,1.25
10.08.2021 01:35:05.517,0.69842,0.69832,1,1
10.08.2021 01:35:05.568,0.6984,0.6983100000000001,1,1.25
10.08.2021 01:35:05.938,0.6983600000000001,0.69828,1,1
10.08.2021 01:35:06.039,0.69833,0.69824,1,1.25
10.08.2021 01:35:06.141,0.69828,0.6981700000000001,1.5,1.5
10.08.2021 01:35:06.343,0.6982600000000001,0.6981700000000001,1,1
10.08.2021 01:35:06.563,0.69828,0.6981700000000001,1.5,1
10.08.2021 01:35:07.946,0.6982700000000001,0.6981600000000001,1,1
10.08.2021 01:35:17.949,0.69828,0.6981600000000001,1,1.5
10.08.2021 01:35:18.050,0.69828,0.6981700000000001,1,1
10.08.2021 01:35:21.940,0.69829,0.69818,1,1
10.08.2021 01:35:25.710,0.6983,0.69818,1.5,1
10.08.2021 01:35:27.488,0.6983,0.69819,1.5,1
10.08.2021 01:35:31.615,0.6983100000000001,0.69819,1.5,1
10.08.2021 01:35:34.294,0.6983100000000001,0.6982,1,1
10.08.2021 01:35:34.577,0.69832,0.6982,1.5,1
10.08.2021 01:35:34.678,0.69833,0.6982100000000001,1.12,1.69
10.08.2021 01:35:34.779,0.69834,0.69824,1,1
10.08.2021 01:35:35.093,0.6983600000000001,0.69824,1.5,1
10.08.2021 01:35:44.039,0.69834,0.69824,1,1.25
10.08.2021 01:35:44.140,0.69833,0.6982200000000001,1,1
10.08.2021 01:35:45.673,0.69834,0.69825,1,1
10.08.2021 01:35:45.777,0.69835,0.69825,1,1
10.08.2021 01:35:45.928,0.6983600000000001,0.69825,1,1
10.08.2021 01:35:46.875,0.6983600000000001,0.69824,1.12,1.25
10.08.2021 01:35:47.008,0.69837,0.69824,1.12,1
10.08.2021 01:35:48.731,0.69837,0.6983,1,1
10.08.2021 01:35:51.041,0.69837,0.69824,1.12,1
10.08.2021 01:35:51.191,0.69837,0.6983,1,1
10.08.2021 01:36:01.012,0.6983600000000001,0.6983,1,1
10.08.2021 01:36:01.113,0.69837,0.69828,1.69,1
10.08.2021 01:36:01.279,0.69837,0.69829,1.69,1
10.08.2021 01:36:05.266,0.6983600000000001,0.69829,1.69,1
10.08.2021 01:36:08.189,0.69837,0.69829,1.25,1
10.08.2021 01:36:16.082,0.69837,0.69828,1.25,1
10.08.2021 01:36:29.489,0.69837,0.6982700000000001,1.69,1
10.08.2021 01:36:29.590,0.69837,0.6982600000000001,4.69,1
10.08.2021 01:36:30.708,0.69832,0.69823,2.25,1
10.08.2021 01:36:30.809,0.69828,0.6982,1,1
10.08.2021 01:36:35.351,0.69828,0.69818,1,1
10.08.2021 01:36:41.291,0.6982700000000001,0.69818,1.5,1
10.08.2021 01:36:50.088,0.6982700000000001,0.6981700000000001,1,1
10.08.2021 01:36:51.024,0.69828,0.6981700000000001,2.25,1
10.08.2021 01:36:59.094,0.6982200000000001,0.69813,1.5,1.5
10.08.2021 01:36:59.145,0.69823,0.69815,1,1
10.08.2021 01:36:59.246,0.69823,0.69812,1,1
10.08.2021 01:36:59.499,0.6982100000000001,0.6981100000000001,1,1
10.08.2021 01:36:59.600,0.6982200000000001,0.6981,1.5,1
10.08.2021 01:37:00.074,0.6982200000000001,0.6981100000000001,1.5,1
10.08.2021 01:37:01.256,0.69823,0.69812,1.5,1.25
10.08.2021 01:37:01.357,0.69823,0.69814,1,1
10.08.2021 01:37:06.016,0.6982600000000001,0.69815,1,1
10.08.2021 01:37:09.192,0.6982700000000001,0.6981600000000001,2.81,1
10.08.2021 01:37:10.929,0.6982700000000001,0.6981700000000001,2.81,1
10.08.2021 01:37:11.030,0.6982700000000001,0.6981600000000001,1,1
10.08.2021 01:37:18.661,0.69825,0.6981600000000001,1,1
10.08.2021 01:37:22.703,0.6982700000000001,0.69819,1,1.37
10.08.2021 01:37:22.754,0.6983100000000001,0.6982200000000001,1,1
10.08.2021 01:37:22.855,0.69832,0.6982,1,1
10.08.2021 01:37:22.956,0.6983,0.69818,1,1
10.08.2021 01:37:23.057,0.69828,0.69819,1,1
10.08.2021 01:37:26.003,0.69828,0.6981700000000001,1,1
10.08.2021 01:37:27.260,0.69828,0.6981700000000001,1,1.5
10.08.2021 01:37:27.361,0.69833,0.6982200000000001,1,1
10.08.2021 01:37:27.463,0.69835,0.69823,1,2.5
10.08.2021 01:37:27.766,0.6983600000000001,0.69825,1.12,1
10.08.2021 01:37:43.229,0.69835,0.69824,1,1.25
10.08.2021 01:37:46.751,0.6983600000000001,0.69824,1,1.25
10.08.2021 01:37:48.028,0.6983600000000001,0.69825,1,1
10.08.2021 01:37:48.679,0.69835,0.69824,1,1.25
10.08.2021 01:37:48.781,0.6983100000000001,0.6982200000000001,1,1
10.08.2021 01:37:48.882,0.69832,0.6982100000000001,1,1.69
10.08.2021 01:37:49.034,0.69832,0.6982,2.44,1
10.08.2021 01:37:49.405,0.6983,0.69818,1,1
10.08.2021 01:37:50.389,0.69828,0.69819,1,1
10.08.2021 01:37:50.491,0.6982700000000001,0.69818,1.5,1
10.08.2021 01:37:56.932,0.6982700000000001,0.6981600000000001,1,1
10.08.2021 01:37:59.232,0.69828,0.6981600000000001,1,2.44
10.08.2021 01:38:02.544,0.69832,0.6982,1.5,3.94
10.08.2021 01:38:02.650,0.69829,0.6981700000000001,1,3.62
10.08.2021 01:38:02.701,0.6983,0.69818,1,1.75
10.08.2021 01:38:02.802,0.69834,0.6982200000000001,1.12,1.75
10.08.2021 01:38:02.904,0.69835,0.69823,1.62,1.25
10.08.2021 01:38:03.063,0.69835,0.69823,1,1.25
10.08.2021 01:38:03.769,0.6983600000000001,0.69823,1,1.75
10.08.2021 01:38:06.791,0.6983600000000001,0.69823,1,1.25
10.08.2021 01:38:11.083,0.69835,0.69824,1,2.5
10.08.2021 01:38:17.035,0.69837,0.69824,1.5,1.25
10.08.2021 01:38:17.995,0.6983600000000001,0.69824,1,1.25
10.08.2021 01:38:18.390,0.6983600000000001,0.69824,1,1.25
10.08.2021 01:38:18.913,0.69837,0.69824,1.5,1.25
10.08.2021 01:38:29.262,0.69839,0.6982700000000001,1,1.75
10.08.2021 01:38:29.414,0.69842,0.69832,1,1.25
10.08.2021 01:38:29.515,0.69845,0.69834,1.5,1.25
10.08.2021 01:38:29.617,0.6984600000000001,0.69834,1,1.25
10.08.2021 01:38:31.904,0.6984600000000001,0.69833,1.25,1.69
10.08.2021 01:38:31.955,0.6984300000000001,0.69834,1,1.25
10.08.2021 01:38:32.315,0.6984300000000001,0.69832,1,1.69
10.08.2021 01:38:32.417,0.6984100000000001,0.6983100000000001,1,1.25
10.08.2021 01:38:32.518,0.69842,0.6983100000000001,1,1.75
10.08.2021 01:38:33.202,0.6984300000000001,0.69832,1,1.25
10.08.2021 01:38:36.524,0.69844,0.69832,1,1.75
10.08.2021 01:38:37.097,0.69845,0.69834,1,1.25
10.08.2021 01:38:39.888,0.69844,0.6983600000000001,1,1.25
10.08.2021 01:38:47.190,0.69845,0.69834,1,1.25
10.08.2021 01:38:50.424,0.6984600000000001,0.69834,1,1.25
10.08.2021 01:38:53.040,0.6984600000000001,0.69834,1,1.75
10.08.2021 01:38:57.229,0.69845,0.69834,1,1.75
10.08.2021 01:39:00.775,0.6984300000000001,0.69835,1,1
10.08.2021 01:39:00.876,0.69842,0.69832,1,1
10.08.2021 01:39:01.503,0.6984100000000001,0.69832,1,1.25
10.08.2021 01:39:01.605,0.6984100000000001,0.6983100000000001,1,1.69
10.08.2021 01:39:06.109,0.6983600000000001,0.69828,1,1.25
10.08.2021 01:39:06.159,0.69835,0.69825,1,1.25
10.08.2021 01:39:06.261,0.69834,0.69825,1,1.25
10.08.2021 01:39:06.362,0.69834,0.69823,1,1.25
10.08.2021 01:39:06.463,0.69833,0.69823,1,1.25
10.08.2021 01:39:07.510,0.69832,0.69825,1,1.25
10.08.2021 01:39:12.511,0.69833,0.69823,1,1.25
10.08.2021 01:39:30.491,0.69833,0.69825,1,1.25
10.08.2021 01:39:32.045,0.69834,0.69823,1,1.25
10.08.2021 01:39:36.905,0.69833,0.69824,1,1.25
10.08.2021 01:39:41.171,0.69833,0.69823,1,1.25
10.08.2021 01:39:41.272,0.6983,0.6982,1,1.75
10.08.2021 01:39:41.323,0.6982700000000001,0.6981700000000001,1,2.5
10.08.2021 01:39:41.424,0.69825,0.6981600000000001,1,1.75
10.08.2021 01:39:41.525,0.69825,0.69815,1,1.25
10.08.2021 01:39:41.626,0.69825,0.69814,1,1.25
10.08.2021 01:39:41.728,0.69824,0.69813,1,1.37
10.08.2021 01:39:43.257,0.69823,0.69812,1,3
10.08.2021 01:39:43.460,0.69818,0.69812,1,1
10.08.2021 01:39:43.511,0.6981700000000001,0.6980500000000001,1,2.87
