Gmt time,Ask,Bid,AskVolume,BidVolume
26.08.2021 00:00:00.438,0.6972200000000001,0.6971,1,1.25
26.08.2021 00:00:01.100,0.69723,0.69709,1,1.94
26.08.2021 00:00:02.085,0.69724,0.69709,1,1.5
26.08.2021 00:00:02.186,0.69723,0.69709,1,1.94
26.08.2021 00:00:02.593,0.69724,0.69709,1,1.5
26.08.2021 00:00:02.743,0.69723,0.69709,1,1.94
26.08.2021 00:00:03.003,0.69724,0.69709,1,1.5
26.08.2021 00:00:03.154,0.69723,0.69709,1,1.5
26.08.2021 00:00:03.500,0.6972200000000001,0.6971,1,1.12
26.08.2021 00:00:04.320,0.6972100000000001,0.6971,1,1.12
26.08.2021 00:00:07.018,0.69723,0.6971,1,1
26.08.2021 00:00:09.430,0.69723,0.6971100000000001,1,1
26.08.2021 00:00:10.785,0.69724,0.69712,1,2.25
26.08.2021 00:00:12.613,0.69724,0.69713,1,1
26.08.2021 00:00:13.751,0.6972600000000001,0.69714,1.5,1
26.08.2021 00:00:14.284,0.69724,0.69714,1,1
26.08.2021 00:00:14.385,0.69725,0.69712,1,1
26.08.2021 00:00:14.486,0.69725,0.69713,1,1
26.08.2021 00:00:14.638,0.69725,0.69712,1,1
26.08.2021 00:00:15.486,0.6972700000000001,0.69713,1.5,1
26.08.2021 00:00:15.832,0.69725,0.69713,1,1
26.08.2021 00:00:15.935,0.69725,0.69712,1,1
26.08.2021 00:00:24.290,0.69729,0.69718,1,1.69
26.08.2021 00:00:24.391,0.6973100000000001,0.6971700000000001,1.5,3.62
26.08.2021 00:00:24.492,0.69732,0.69719,1,1.25
26.08.2021 00:00:36.590,0.69732,0.6972,1,1
26.08.2021 00:00:36.691,0.69733,0.6972,1,1
26.08.2021 00:00:36.792,0.69737,0.69723,1,3
26.08.2021 00:00:36.893,0.69738,0.69724,1.5,1.12
26.08.2021 00:00:42.235,0.69738,0.69725,1,1
26.08.2021 00:00:49.143,0.69737,0.69723,1,1.5
26.08.2021 00:00:49.514,0.69734,0.6972,1,3.12
26.08.2021 00:00:53.228,0.69734,0.6972200000000001,1.5,1.12
26.08.2021 00:00:55.209,0.69733,0.6972200000000001,1,1.12
26.08.2021 00:00:57.265,0.69734,0.6972,1,1.87
26.08.2021 00:00:58.429,0.69728,0.6971600000000001,1,1.5
26.08.2021 00:00:58.530,0.6972700000000001,0.6971600000000001,1,1.25
26.08.2021 00:00:58.632,0.69724,0.6971100000000001,1,1
26.08.2021 00:00:58.733,0.69724,0.6971,1,1.87
26.08.2021 00:01:00.196,0.6972200000000001,0.6971100000000001,1,1
26.08.2021 00:01:00.448,0.69723,0.69709,1,2.25
26.08.2021 00:01:15.594,0.6972,0.69707,1.5,1.12
26.08.2021 00:01:15.645,0.69719,0.6970500000000001,1.5,1.12
26.08.2021 00:01:17.170,0.69718,0.6970500000000001,1.5,2.25
26.08.2021 00:01:17.272,0.6971700000000001,0.69704,1,1.5
26.08.2021 00:01:17.373,0.6971700000000001,0.69702,1.5,1.87
26.08.2021 00:01:17.423,0.69712,0.69701,1,1.31
26.08.2021 00:01:17.524,0.69712,0.69698,1,1.87
26.08.2021 00:01:17.878,0.69713,0.69699,1,1.12
26.08.2021 00:01:22.004,0.69713,0.6970000000000001,1,1
26.08.2021 00:01:22.594,0.69712,0.69699,1,4.62
26.08.2021 00:01:37.133,0.69715,0.69702,1,2
26.08.2021 00:01:37.235,0.6971600000000001,0.69702,1,2
26.08.2021 00:01:42.388,0.6971600000000001,0.69708,1,1.87
26.08.2021 00:01:42.439,0.6972100000000001,0.69707,1,6
26.08.2021 00:01:42.540,0.6972200000000001,0.69707,1.5,4.87
26.08.2021 00:01:47.557,0.69723,0.69708,1.5,2.06
26.08.2021 00:01:52.977,0.69723,0.69709,1.5,1
26.08.2021 00:01:54.758,0.69723,0.69708,1.5,2.44
26.08.2021 00:01:55.455,0.69723,0.69709,1,1.25
26.08.2021 00:02:00.854,0.69724,0.6971,1.5,2.62
26.08.2021 00:02:00.904,0.6972700000000001,0.69712,1.5,4.44
26.08.2021 00:02:21.764,0.69724,0.6971100000000001,1.5,1
26.08.2021 00:02:21.865,0.69723,0.69709,1,1.5
26.08.2021 00:02:21.966,0.69719,0.69708,1,3
26.08.2021 00:02:22.067,0.69719,0.6970600000000001,1,2.12
26.08.2021 00:02:25.114,0.6971700000000001,0.69703,1,2.37
26.08.2021 00:02:25.165,0.69714,0.69703,1,1.31
26.08.2021 00:02:34.871,0.69714,0.69702,1,1.87
26.08.2021 00:02:47.389,0.6971700000000001,0.69704,1,1.25
26.08.2021 00:02:47.490,0.69718,0.69707,1.31,1
26.08.2021 00:02:47.793,0.6972200000000001,0.69708,1.5,1.87
26.08.2021 00:02:47.894,0.6972600000000001,0.69713,1.25,1.25
26.08.2021 00:02:47.944,0.6972700000000001,0.69713,1.5,2.44
26.08.2021 00:02:58.236,0.69725,0.69714,1,2.44
26.08.2021 00:03:00.652,0.69723,0.69714,1,1.5
26.08.2021 00:03:00.703,0.69724,0.6971,1.5,2.44
26.08.2021 00:03:10.975,0.69725,0.69712,1,2.25
26.08.2021 00:03:11.026,0.6972700000000001,0.69713,1.5,1
26.08.2021 00:03:11.127,0.69725,0.69714,1,1.5
26.08.2021 00:03:18.684,0.6972600000000001,0.69715,1.5,1
26.08.2021 00:03:28.215,0.69724,0.69712,1,1
26.08.2021 00:03:46.703,0.69724,0.6971100000000001,1,1.5
26.08.2021 00:04:03.648,0.69724,0.6971,1,1.5
26.08.2021 00:04:11.173,0.6972200000000001,0.6971100000000001,1,1.5
26.08.2021 00:04:13.698,0.6972200000000001,0.6971,1.5,1
26.08.2021 00:04:13.749,0.6972100000000001,0.69708,1.5,1.31
26.08.2021 00:04:13.850,0.6972,0.69707,1,1.5
26.08.2021 00:04:21.928,0.6972100000000001,0.69707,1.5,1.25
26.08.2021 00:04:22.281,0.6972100000000001,0.69707,1.5,1.62
26.08.2021 00:04:22.383,0.6972200000000001,0.69709,1,1.69
26.08.2021 00:04:27.233,0.69723,0.6971,1,1
26.08.2021 00:04:27.363,0.69723,0.6971100000000001,1.5,1.5
26.08.2021 00:04:33.276,0.69725,0.6971,2.44,1.87
26.08.2021 00:04:35.459,0.6972600000000001,0.69713,1,1
26.08.2021 00:04:35.561,0.6972700000000001,0.69714,1,1
26.08.2021 00:04:39.897,0.69728,0.69715,1,1
26.08.2021 00:04:39.948,0.6973,0.69715,2.44,1.5
26.08.2021 00:04:45.544,0.69729,0.6971700000000001,2.44,1
26.08.2021 00:04:54.559,0.6973,0.6971700000000001,1.69,1
26.08.2021 00:04:55.450,0.69732,0.69718,1,1.87
26.08.2021 00:04:56.652,0.69732,0.69719,1,1
26.08.2021 00:05:03.417,0.69732,0.6972100000000001,1,1.5
26.08.2021 00:05:03.518,0.69733,0.6972100000000001,1,1.5
26.08.2021 00:05:09.363,0.69733,0.6972200000000001,1,1
26.08.2021 00:05:25.191,0.69734,0.6972200000000001,1,1.25
26.08.2021 00:05:25.292,0.69735,0.69725,1,1
26.08.2021 00:05:25.342,0.69738,0.69724,2.62,1.5
26.08.2021 00:05:26.354,0.69737,0.69724,1,2.5
26.08.2021 00:05:26.455,0.6974100000000001,0.69729,1,1.25
26.08.2021 00:05:26.506,0.69742,0.6973100000000001,1.25,1.69
26.08.2021 00:05:26.607,0.69744,0.6973100000000001,1.37,1.5
26.08.2021 00:05:26.658,0.69745,0.6973100000000001,1.5,1.69
26.08.2021 00:05:26.759,0.6974600000000001,0.69732,1.87,1
26.08.2021 00:05:26.956,0.6974600000000001,0.69733,1,1
26.08.2021 00:05:27.007,0.6974899999999999,0.6973600000000001,1.5,1
26.08.2021 00:05:41.836,0.69745,0.69732,1,1.69
26.08.2021 00:05:41.937,0.69745,0.6973100000000001,1,1.12
26.08.2021 00:05:46.190,0.69745,0.69732,1,1
26.08.2021 00:05:51.629,0.6974300000000001,0.69733,1,1
26.08.2021 00:05:52.304,0.69745,0.69733,2.62,1
26.08.2021 00:05:52.405,0.6974600000000001,0.69733,1.87,1
26.08.2021 00:06:00.079,0.6974600000000001,0.69732,2.25,1
26.08.2021 00:06:00.881,0.69745,0.6973100000000001,1.5,1.12
26.08.2021 00:06:03.792,0.69742,0.6973100000000001,1,1.12
26.08.2021 00:06:03.894,0.69739,0.69725,2.25,1.5
26.08.2021 00:06:03.996,0.69739,0.69725,2.25,1
26.08.2021 00:06:04.097,0.69738,0.69725,1,1
26.08.2021 00:06:07.409,0.69739,0.6972600000000001,1,1.94
26.08.2021 00:06:18.292,0.69738,0.6972600000000001,1.5,1.25
26.08.2021 00:06:18.393,0.69734,0.6972100000000001,2.25,1.12
26.08.2021 00:06:18.494,0.69733,0.6972100000000001,1,1
26.08.2021 00:06:18.752,0.69735,0.6972100000000001,1.5,1.25
26.08.2021 00:06:18.853,0.69735,0.6972200000000001,1,1
26.08.2021 00:06:20.523,0.6973600000000001,0.69724,1,1
26.08.2021 00:06:20.624,0.69738,0.69725,1.12,1
26.08.2021 00:06:20.725,0.69738,0.6972600000000001,2.25,1
26.08.2021 00:06:21.991,0.69739,0.6972600000000001,1.5,1
26.08.2021 00:06:39.595,0.69739,0.69724,1.5,4
26.08.2021 00:06:41.912,0.69742,0.69729,1.5,1.25
26.08.2021 00:06:42.013,0.6974300000000001,0.6973,1,1.5
26.08.2021 00:07:02.149,0.6974300000000001,0.69729,1.5,2.69
26.08.2021 00:07:11.489,0.69744,0.69729,2.25,2.69
26.08.2021 00:07:13.112,0.69744,0.69729,2.25,1.87
26.08.2021 00:07:13.213,0.6974300000000001,0.6973100000000001,1.5,1
26.08.2021 00:07:13.466,0.69745,0.6973,1.5,1.31
26.08.2021 00:07:16.762,0.6974800000000001,0.69734,1,1
26.08.2021 00:07:34.011,0.6974600000000001,0.69735,1.5,1.12
26.08.2021 00:07:34.112,0.69744,0.69732,1,1.12
26.08.2021 00:07:34.314,0.69744,0.69732,1,2.06
26.08.2021 00:07:34.415,0.69744,0.6973,1,1.69
26.08.2021 00:07:34.667,0.69745,0.6973,1.5,1.5
26.08.2021 00:07:34.769,0.69745,0.6973100000000001,1.5,1
26.08.2021 00:07:35.267,0.6974300000000001,0.6973100000000001,1.5,1.12
26.08.2021 00:08:17.959,0.69739,0.6972700000000001,1,1.75
26.08.2021 00:08:18.061,0.69738,0.69728,1,1.25
26.08.2021 00:08:18.162,0.69739,0.6972600000000001,1,1.31
26.08.2021 00:08:19.308,0.69739,0.69725,1,1.25
26.08.2021 00:08:21.354,0.6974,0.69725,2.25,1.25
26.08.2021 00:08:21.913,0.69739,0.69725,1,1
26.08.2021 00:08:22.553,0.6974,0.69725,2.25,1
26.08.2021 00:08:22.783,0.69739,0.69725,1,1
26.08.2021 00:08:48.534,0.6974300000000001,0.69728,2.25,3.25
26.08.2021 00:08:54.362,0.6974300000000001,0.6973,1,1
26.08.2021 00:08:54.492,0.69744,0.6973,1.5,1
26.08.2021 00:08:56.970,0.69745,0.6973100000000001,1,2.37
26.08.2021 00:08:57.072,0.6974600000000001,0.69732,1,3.19
26.08.2021 00:08:57.174,0.6974800000000001,0.69734,1,1
26.08.2021 00:09:10.811,0.6974899999999999,0.69734,1.5,1.87
26.08.2021 00:09:15.363,0.6974899999999999,0.69735,1,1
26.08.2021 00:09:15.886,0.6974899999999999,0.69734,1.5,1.87
26.08.2021 00:09:17.167,0.69744,0.6973100000000001,1,1.62
26.08.2021 00:09:17.268,0.69739,0.6972700000000001,1,1.62
26.08.2021 00:09:17.318,0.69738,0.69728,1,1.5
26.08.2021 00:09:17.571,0.69739,0.69725,1,1.12
26.08.2021 00:09:26.662,0.69739,0.69724,1.5,3
26.08.2021 00:09:31.884,0.69739,0.69725,1,1
26.08.2021 00:09:35.896,0.69729,0.6972200000000001,1,1.5
26.08.2021 00:09:35.947,0.6972700000000001,0.69715,1.12,1.25
26.08.2021 00:09:36.049,0.6972600000000001,0.69713,1,2.25
26.08.2021 00:09:36.100,0.69725,0.69714,1.25,1.5
26.08.2021 00:09:38.375,0.69728,0.69714,2.25,1
26.08.2021 00:09:59.447,0.69728,0.6971700000000001,1,1.5
26.08.2021 00:09:59.549,0.69729,0.6971700000000001,1,1.5
26.08.2021 00:09:59.650,0.69728,0.6971700000000001,1,2.06
26.08.2021 00:10:07.030,0.69729,0.6971700000000001,1,1
26.08.2021 00:10:19.912,0.69729,0.69718,1,2.44
26.08.2021 00:10:20.069,0.69729,0.6971600000000001,1,3.25
26.08.2021 00:10:20.170,0.6972600000000001,0.69715,1,3.31
26.08.2021 00:10:20.271,0.6972700000000001,0.69714,1,1.5
26.08.2021 00:10:36.622,0.69728,0.69714,1.5,1
26.08.2021 00:10:37.683,0.6972700000000001,0.69714,3.37,1
26.08.2021 00:10:37.784,0.6972600000000001,0.69713,1,1
26.08.2021 00:10:38.153,0.6972100000000001,0.6971100000000001,1,1
26.08.2021 00:10:38.521,0.6971700000000001,0.69712,1,1
26.08.2021 00:10:40.809,0.69719,0.6971100000000001,1,1
26.08.2021 00:10:40.860,0.6972100000000001,0.69712,1,1
26.08.2021 00:10:40.961,0.69723,0.6971100000000001,1,1
26.08.2021 00:10:45.090,0.69723,0.69709,1,1.25
26.08.2021 00:10:51.363,0.69723,0.6971,1,1
26.08.2021 00:10:59.379,0.6972,0.69707,2.25,1.12
26.08.2021 00:10:59.480,0.6972100000000001,0.69708,1,1
26.08.2021 00:10:59.582,0.6972200000000001,0.69708,1.5,1
26.08.2021 00:11:00.010,0.6972200000000001,0.69709,1,1
26.08.2021 00:11:00.148,0.6972200000000001,0.6971,1.5,1
26.08.2021 00:11:01.565,0.69725,0.69712,1.5,2.25
26.08.2021 00:11:01.666,0.69725,0.6971100000000001,1.5,1.5
26.08.2021 00:11:13.973,0.69725,0.69712,1.5,1
26.08.2021 00:11:14.075,0.6973,0.6971700000000001,2.25,1.5
26.08.2021 00:11:14.226,0.6973,0.6971600000000001,1.5,2.25
26.08.2021 00:11:16.062,0.69728,0.6971700000000001,1,2.25
26.08.2021 00:11:18.185,0.6972700000000001,0.6971600000000001,1,2
26.08.2021 00:11:18.387,0.69728,0.69715,1,1.12
26.08.2021 00:11:33.362,0.69728,0.6971600000000001,1,1
26.08.2021 00:11:45.363,0.69728,0.69715,1.5,1
26.08.2021 00:11:54.909,0.6972200000000001,0.69714,1,1
26.08.2021 00:11:54.960,0.69723,0.6971,1,1.12
26.08.2021 00:11:55.061,0.69723,0.6971100000000001,2.25,1
26.08.2021 00:12:00.363,0.69723,0.69709,1,2.25
26.08.2021 00:12:40.054,0.6971700000000001,0.6970600000000001,1,1.87
26.08.2021 00:12:40.156,0.69715,0.69703,1.5,3.94
26.08.2021 00:12:40.740,0.69712,0.69702,1,1.25
26.08.2021 00:12:40.791,0.69713,0.69699,1.5,2.25
26.08.2021 00:12:48.413,0.69712,0.69698,1,3.12
26.08.2021 00:13:03.681,0.69708,0.69697,1,1.31
26.08.2021 00:13:03.934,0.69709,0.69696,1,2.31
26.08.2021 00:13:05.728,0.69708,0.69697,1,2.44
26.08.2021 00:13:05.832,0.69709,0.69697,1,2.44
26.08.2021 00:13:05.933,0.69707,0.69697,1,1.25
26.08.2021 00:13:07.740,0.69707,0.69696,1,1.31
26.08.2021 00:13:10.742,0.6970600000000001,0.69698,1,1.69
26.08.2021 00:13:10.844,0.6971,0.69697,1,1.75
26.08.2021 00:13:11.111,0.6971100000000001,0.69697,1.5,2.5
26.08.2021 00:13:11.445,0.6971100000000001,0.69697,1.5,3.12
26.08.2021 00:13:20.355,0.6971100000000001,0.69698,1,1
26.08.2021 00:13:20.456,0.6971100000000001,0.69699,1.5,1
26.08.2021 00:13:28.607,0.69708,0.69696,1,3.12
26.08.2021 00:13:28.759,0.69707,0.69697,1,1
26.08.2021 00:13:28.911,0.6970600000000001,0.69696,1,1.25
26.08.2021 00:13:31.956,0.69709,0.69697,1.5,1.69
26.08.2021 00:13:32.315,0.6971,0.69697,1,2
26.08.2021 00:13:35.044,0.69707,0.69698,1,1.31
26.08.2021 00:13:49.449,0.69709,0.69698,1,1
26.08.2021 00:13:50.010,0.69709,0.69697,1,1.25
26.08.2021 00:13:57.204,0.6970600000000001,0.69694,1,2.12
26.08.2021 00:13:57.305,0.6970500000000001,0.69694,1,1
26.08.2021 00:13:57.406,0.69704,0.69692,1,1.5
26.08.2021 00:13:59.106,0.69703,0.69693,1,1.25
26.08.2021 00:14:03.881,0.69704,0.69692,1,2.5
26.08.2021 00:14:29.744,0.69701,0.6969000000000001,1,2
26.08.2021 00:14:29.794,0.69699,0.69687,1,2.06
26.08.2021 00:14:29.896,0.69698,0.69687,1,1.31
26.08.2021 00:14:30.863,0.6969500000000001,0.69686,1,1.12
26.08.2021 00:14:31.630,0.69698,0.69689,1,1
26.08.2021 00:14:31.731,0.69699,0.69687,1,1.5
26.08.2021 00:14:34.881,0.69696,0.6968500000000001,1,1
26.08.2021 00:14:35.269,0.69699,0.69688,1,1.25
26.08.2021 00:14:35.319,0.69701,0.69688,1,2.12
26.08.2021 00:14:35.673,0.69701,0.6969000000000001,1,1.25
26.08.2021 00:14:35.774,0.69702,0.69692,1,1
26.08.2021 00:14:35.826,0.69703,0.69694,1,1
26.08.2021 00:14:38.122,0.69702,0.69694,1,1
26.08.2021 00:14:40.950,0.69703,0.69692,1,1.12
26.08.2021 00:14:43.049,0.69704,0.69692,1,1.12
26.08.2021 00:14:43.161,0.69704,0.69693,1,1
26.08.2021 00:14:45.588,0.69702,0.6969000000000001,1,1.5
26.08.2021 00:14:49.114,0.69701,0.6969000000000001,1,1.12
26.08.2021 00:14:53.183,0.69699,0.6969000000000001,1,1.12
26.08.2021 00:14:58.427,0.6970000000000001,0.69688,1,1.25
26.08.2021 00:14:58.529,0.69699,0.69687,1,2.31
26.08.2021 00:14:58.821,0.69696,0.6968500000000001,1,1.56
26.08.2021 00:14:58.871,0.69696,0.6968500000000001,1,1.25
26.08.2021 00:14:58.973,0.69694,0.69684,1,1.37
26.08.2021 00:14:59.074,0.6969500000000001,0.6968300000000001,1,1.12
26.08.2021 00:14:59.175,0.69694,0.6968500000000001,1,1
26.08.2021 00:14:59.425,0.6969000000000001,0.6967800000000001,1,3.5
26.08.2021 00:14:59.526,0.69691,0.6968000000000001,1,1
26.08.2021 00:14:59.628,0.6969000000000001,0.69681,1,1.5
26.08.2021 00:15:02.793,0.6969000000000001,0.69679,1,1
26.08.2021 00:15:02.894,0.6969000000000001,0.6967800000000001,1,1.12
26.08.2021 00:15:11.161,0.69689,0.6967800000000001,1,1.12
26.08.2021 00:15:23.690,0.69686,0.69675,1,1
26.08.2021 00:15:24.239,0.69686,0.69674,1.25,1
26.08.2021 00:15:25.895,0.69681,0.6967,2.87,2.25
26.08.2021 00:15:25.996,0.69679,0.69669,1,1.12
26.08.2021 00:15:32.484,0.6967800000000001,0.6966600000000001,1.69,1.69
26.08.2021 00:15:32.586,0.69676,0.69665,1.25,1
26.08.2021 00:15:33.803,0.69676,0.69664,1.75,1.12
26.08.2021 00:15:35.549,0.69676,0.69665,1.25,1
26.08.2021 00:15:35.600,0.69677,0.6966600000000001,1.25,1
26.08.2021 00:15:35.701,0.69677,0.6966600000000001,1.75,1
26.08.2021 00:15:35.853,0.69677,0.69665,1.75,1
26.08.2021 00:15:38.145,0.69674,0.69662,1.5,2.56
26.08.2021 00:15:38.246,0.69672,0.6966300000000001,1,2.56
26.08.2021 00:15:38.678,0.6967,0.6965800000000001,1,1.72
26.08.2021 00:15:38.779,0.6967,0.6965800000000001,1,1.12
26.08.2021 00:15:43.000,0.69669,0.6966,1,1
26.08.2021 00:15:43.050,0.6967300000000001,0.6966300000000001,1.25,1.12
26.08.2021 00:15:43.152,0.69675,0.6966300000000001,1,1.12
26.08.2021 00:15:43.253,0.69675,0.69664,1,1
26.08.2021 00:15:43.354,0.69675,0.69665,1.25,1
26.08.2021 00:15:46.799,0.69677,0.69665,1.75,1
26.08.2021 00:15:47.132,0.69679,0.69667,1,2.19
26.08.2021 00:15:53.706,0.6968000000000001,0.69667,1.5,4.06
26.08.2021 00:16:00.125,0.69679,0.69669,1,1.62
26.08.2021 00:16:00.176,0.6968300000000001,0.69672,1,1.5
26.08.2021 00:16:01.250,0.6968300000000001,0.69671,1,2.62
26.08.2021 00:16:03.820,0.69681,0.69671,1,2.56
26.08.2021 00:16:03.921,0.6968300000000001,0.69671,1,3.56
26.08.2021 00:16:06.912,0.69684,0.69672,1.5,1.5
26.08.2021 00:16:07.103,0.69684,0.69671,1.5,4.12
26.08.2021 00:16:07.391,0.6968300000000001,0.6967300000000001,1.5,1.5
26.08.2021 00:16:07.492,0.69684,0.69671,1.5,3.37
26.08.2021 00:16:11.585,0.69684,0.69671,1.5,3.13
26.08.2021 00:16:11.636,0.69689,0.69677,1.5,1.5
26.08.2021 00:16:11.738,0.69689,0.69676,1.5,1.87
26.08.2021 00:16:11.839,0.69688,0.69676,1,1.87
26.08.2021 00:16:13.118,0.69687,0.69675,1.5,1
26.08.2021 00:16:13.219,0.69687,0.69674,1.5,1.12
26.08.2021 00:16:13.540,0.69687,0.69675,1,1
26.08.2021 00:16:26.761,0.69687,0.69674,1,1.12
26.08.2021 00:16:33.281,0.6968300000000001,0.69671,1,1
26.08.2021 00:16:33.382,0.6968300000000001,0.6967,1.5,1
26.08.2021 00:16:36.396,0.69682,0.69669,1,2.62
26.08.2021 00:16:37.807,0.6968000000000001,0.6966800000000001,1,1
26.08.2021 00:16:39.001,0.69679,0.69667,1.69,2.62
26.08.2021 00:16:39.052,0.69676,0.69665,1.25,1.5
26.08.2021 00:16:39.153,0.69676,0.6966300000000001,1.5,1.12
26.08.2021 00:16:39.254,0.69675,0.69662,1.5,2.25
26.08.2021 00:16:39.355,0.69674,0.69662,1,1.5
26.08.2021 00:16:40.317,0.69675,0.69662,1.5,2.25
26.08.2021 00:17:00.263,0.69674,0.69662,1,3.37
26.08.2021 00:17:01.177,0.69675,0.69662,1.5,3.37
26.08.2021 00:17:06.891,0.69674,0.69662,1.5,1
26.08.2021 00:17:07.043,0.6967300000000001,0.69662,1.5,4.12
26.08.2021 00:17:12.109,0.69672,0.6966,1,1
26.08.2021 00:17:14.043,0.69672,0.69659,1.5,1.87
26.08.2021 00:17:31.928,0.6967,0.69657,1,3.19
26.08.2021 00:17:32.029,0.6966800000000001,0.69657,1.5,2.06
26.08.2021 00:17:32.079,0.6966600000000001,0.69655,1.25,1.5
26.08.2021 00:17:32.130,0.6966600000000001,0.6965300000000001,1.5,2.25
26.08.2021 00:17:32.231,0.69664,0.69654,1,1.12
26.08.2021 00:17:32.970,0.69664,0.69652,1,2.56
26.08.2021 00:17:39.476,0.6966300000000001,0.6965300000000001,1.5,1.81
26.08.2021 00:17:39.526,0.6966800000000001,0.69657,1.5,1.5
26.08.2021 00:17:39.628,0.69669,0.69657,1,1
26.08.2021 00:17:39.971,0.6967300000000001,0.6966300000000001,1.5,1.5
26.08.2021 00:17:41.487,0.69674,0.6966300000000001,1.5,1.12
26.08.2021 00:17:45.275,0.69671,0.6966,1,1
26.08.2021 00:17:45.376,0.6967,0.6966,1,1.12
26.08.2021 00:17:50.449,0.6967,0.6965800000000001,1,1.62
26.08.2021 00:18:13.264,0.69669,0.6965800000000001,1,1.62
26.08.2021 00:18:15.557,0.6967,0.6965800000000001,1,1.62
26.08.2021 00:18:30.790,0.6967,0.69657,1,3.64
26.08.2021 00:18:30.840,0.6966800000000001,0.6965600000000001,1,1.75
26.08.2021 00:18:30.941,0.6966800000000001,0.69657,1.5,2
26.08.2021 00:18:31.093,0.69667,0.69657,1,2
26.08.2021 00:18:35.239,0.69669,0.6965600000000001,1.5,1.56
26.08.2021 00:18:35.340,0.6966800000000001,0.6965600000000001,1,1.56
26.08.2021 00:18:40.092,0.69665,0.6965300000000001,1,3.37
26.08.2021 00:18:42.942,0.6966600000000001,0.69652,1.5,4.25
26.08.2021 00:18:43.373,0.69665,0.69652,1,4.06
26.08.2021 00:18:44.242,0.6966300000000001,0.6965300000000001,1,2.56
26.08.2021 00:18:53.929,0.6966300000000001,0.69652,1,1.25
26.08.2021 00:19:04.409,0.69664,0.69652,1,1.25
26.08.2021 00:19:08.069,0.69664,0.69652,1,1.25
26.08.2021 00:19:08.120,0.6966100000000001,0.6964800000000001,1,4.44
26.08.2021 00:19:08.434,0.6966300000000001,0.6965,1.5,4.5
26.08.2021 00:19:43.337,0.6966300000000001,0.69652,1.5,1.25
26.08.2021 00:19:43.438,0.6966300000000001,0.6965600000000001,1,1
26.08.2021 00:19:43.489,0.6966600000000001,0.69655,1,1
26.08.2021 00:19:43.691,0.69667,0.69655,1,1.5
26.08.2021 00:19:43.797,0.69667,0.69657,1,1.5
26.08.2021 00:19:43.847,0.69669,0.6965800000000001,1.5,1.5
26.08.2021 00:19:44.202,0.6967,0.69657,1,2.19
26.08.2021 00:19:45.278,0.69671,0.6965800000000001,1,1.5
26.08.2021 00:19:55.295,0.69674,0.69662,1.5,1
26.08.2021 00:19:55.396,0.69675,0.6966300000000001,1,2.06
26.08.2021 00:19:55.447,0.69676,0.69664,1,2.81
26.08.2021 00:19:55.497,0.69675,0.69662,1.5,3.12
26.08.2021 00:19:55.599,0.6967800000000001,0.69665,1.5,3
26.08.2021 00:19:56.916,0.6967800000000001,0.6966600000000001,1,1
26.08.2021 00:19:58.152,0.6967800000000001,0.69667,1,1
26.08.2021 00:19:58.256,0.69679,0.69667,1,1
26.08.2021 00:19:59.248,0.69679,0.6966600000000001,1,1.95
26.08.2021 00:19:59.349,0.69677,0.69667,1,1.95
26.08.2021 00:19:59.400,0.69679,0.6966800000000001,1,1
26.08.2021 00:19:59.501,0.69681,0.69667,1,1
26.08.2021 00:20:00.038,0.69679,0.6966800000000001,3.19,1
26.08.2021 00:20:00.089,0.6967800000000001,0.6966600000000001,1,1
26.08.2021 00:20:00.370,0.69676,0.6966300000000001,1,1.5
26.08.2021 00:20:00.421,0.69674,0.69662,2.25,1.87
26.08.2021 00:20:00.522,0.6967300000000001,0.69662,1.5,1.12
26.08.2021 00:20:00.674,0.69676,0.6966300000000001,1,1.87
26.08.2021 00:20:00.776,0.69677,0.69664,1.5,2
26.08.2021 00:20:00.928,0.6967800000000001,0.69665,1.5,1.87
26.08.2021 00:20:04.508,0.69675,0.6966300000000001,1,2.69
26.08.2021 00:20:04.558,0.69675,0.6966300000000001,1,1
26.08.2021 00:20:04.659,0.69674,0.69662,1,1.25
26.08.2021 00:20:04.912,0.69675,0.6966300000000001,1,2
26.08.2021 00:20:05.013,0.69677,0.6966300000000001,1.5,2
26.08.2021 00:20:05.115,0.69675,0.69664,1,2
26.08.2021 00:20:05.225,0.69677,0.69664,1.5,1.12
26.08.2021 00:20:06.062,0.69677,0.69665,1,1.94
26.08.2021 00:20:08.139,0.69677,0.69664,2.25,1.5
26.08.2021 00:20:08.240,0.6967,0.69659,1.5,1
26.08.2021 00:20:08.342,0.69665,0.6965600000000001,1.5,2.75
26.08.2021 00:20:08.443,0.69672,0.6966100000000001,1,1
26.08.2021 00:20:08.494,0.69674,0.69662,1,2.25
26.08.2021 00:20:08.595,0.69675,0.6966300000000001,1.5,1.5
26.08.2021 00:20:08.645,0.69675,0.6966300000000001,1.5,1.31
26.08.2021 00:20:08.696,0.69677,0.69664,1,1
26.08.2021 00:20:08.797,0.69677,0.69665,1,1.5
26.08.2021 00:20:09.002,0.6967800000000001,0.69665,1.5,2
26.08.2021 00:20:09.103,0.69679,0.6966600000000001,1.5,1.87
26.08.2021 00:20:09.204,0.69675,0.6966300000000001,1,2.62
26.08.2021 00:20:09.305,0.69677,0.69664,1.5,2
26.08.2021 00:20:11.043,0.6967800000000001,0.69665,1.5,1.12
26.08.2021 00:20:11.519,0.6967800000000001,0.69665,1.5,1.94
26.08.2021 00:20:12.957,0.69677,0.69665,1,2
26.08.2021 00:20:13.008,0.6967300000000001,0.69662,1,1.72
26.08.2021 00:20:13.059,0.69669,0.6965800000000001,1.5,2.25
26.08.2021 00:20:13.160,0.69669,0.6965600000000001,1.5,2.44
26.08.2021 00:20:13.267,0.69674,0.69662,1,3.56
26.08.2021 00:20:13.368,0.69676,0.6966300000000001,1.25,1
26.08.2021 00:20:13.470,0.69677,0.69664,1,2
26.08.2021 00:20:13.773,0.6967800000000001,0.69665,1.5,3
26.08.2021 00:20:22.333,0.69676,0.69664,1,1.25
26.08.2021 00:20:22.435,0.6966800000000001,0.6966100000000001,1,1.4
26.08.2021 00:20:22.486,0.69669,0.69657,1,2
26.08.2021 00:20:22.587,0.69671,0.69659,1,1
26.08.2021 00:20:22.688,0.69672,0.69659,1.5,1
26.08.2021 00:20:22.739,0.6967300000000001,0.69664,1,1.12
26.08.2021 00:20:22.840,0.69675,0.6966300000000001,1,1.12
26.08.2021 00:20:26.198,0.69675,0.69662,1,1.5
26.08.2021 00:20:26.299,0.69672,0.6966,1,1
26.08.2021 00:20:26.400,0.69669,0.6966,1,1
26.08.2021 00:20:26.451,0.69669,0.69657,1,1.87
26.08.2021 00:20:26.502,0.6967300000000001,0.6966,1.25,2.62
26.08.2021 00:20:26.603,0.6967300000000001,0.6966,1,3.12
26.08.2021 00:20:26.654,0.6967300000000001,0.69664,1,1.5
26.08.2021 00:20:26.755,0.69676,0.6966300000000001,1.5,2.5
26.08.2021 00:20:27.312,0.69675,0.6966300000000001,1,2
26.08.2021 00:20:28.577,0.69676,0.6966300000000001,1,2
26.08.2021 00:20:30.375,0.6967800000000001,0.6966800000000001,1,2.44
26.08.2021 00:20:30.526,0.69676,0.69664,1.5,1.25
26.08.2021 00:20:30.628,0.69677,0.69667,1,1.12
26.08.2021 00:20:35.531,0.69676,0.6966300000000001,1,3.19
26.08.2021 00:20:35.632,0.69675,0.6966300000000001,1,2.5
26.08.2021 00:20:35.683,0.69674,0.6966300000000001,1,2.62
26.08.2021 00:20:35.734,0.6967,0.69657,1,3.52
26.08.2021 00:20:35.784,0.6967,0.69657,1.5,1.5
26.08.2021 00:20:35.835,0.69667,0.6965600000000001,1,1
26.08.2021 00:20:35.885,0.69671,0.6965800000000001,1,1.87
26.08.2021 00:20:35.986,0.69672,0.69659,1.5,1
26.08.2021 00:20:36.037,0.69672,0.6966300000000001,1,1.12
26.08.2021 00:20:36.088,0.69675,0.6966300000000001,1.5,1.12
26.08.2021 00:20:36.189,0.69676,0.6966300000000001,1,2.06
26.08.2021 00:20:36.290,0.69677,0.69664,1.5,1
26.08.2021 00:20:36.341,0.69677,0.69665,1.5,1.75
26.08.2021 00:20:36.634,0.6967800000000001,0.69665,1,2
26.08.2021 00:20:40.725,0.6967800000000001,0.69665,1,1.87
26.08.2021 00:20:48.315,0.6967800000000001,0.69665,1,3.5
26.08.2021 00:20:51.700,0.6968000000000001,0.69669,1,1
26.08.2021 00:20:51.751,0.69681,0.69671,1,1.69
26.08.2021 00:20:51.801,0.6968000000000001,0.6966800000000001,1,1.12
26.08.2021 00:20:51.852,0.69682,0.69669,1,1
26.08.2021 00:20:54.800,0.69681,0.69669,1,1
26.08.2021 00:20:55.064,0.69682,0.69669,1,1
26.08.2021 00:21:00.714,0.69681,0.69669,1,1
26.08.2021 00:21:02.797,0.69681,0.6967,1,1
26.08.2021 00:21:08.368,0.6968000000000001,0.69667,1.5,3
26.08.2021 00:21:12.363,0.69679,0.69667,1.5,1.87
26.08.2021 00:21:12.465,0.69679,0.6966600000000001,1,1.87
26.08.2021 00:21:16.246,0.69679,0.69667,1,1
26.08.2021 00:21:17.619,0.69674,0.6966300000000001,1.5,1.81
26.08.2021 00:21:17.720,0.69674,0.6966300000000001,1,1.25
26.08.2021 00:21:17.977,0.69674,0.6966300000000001,1,1.25
26.08.2021 00:21:18.078,0.69675,0.69664,1,1
26.08.2021 00:21:18.194,0.69675,0.69662,1,5.12
26.08.2021 00:21:18.335,0.69675,0.69664,1,1.69
26.08.2021 00:21:18.692,0.69675,0.69662,1,5.12
26.08.2021 00:21:20.148,0.6967800000000001,0.69667,1.25,1.12
26.08.2021 00:21:20.199,0.6968000000000001,0.69669,1.5,2.06
26.08.2021 00:21:20.300,0.69681,0.69669,1,1
26.08.2021 00:21:20.629,0.69682,0.69669,1.12,1
26.08.2021 00:21:40.618,0.6968000000000001,0.69667,1.5,1
26.08.2021 00:21:40.871,0.69679,0.6966600000000001,1,1.12
26.08.2021 00:21:53.287,0.6967800000000001,0.69665,1,3.87
26.08.2021 00:22:01.696,0.69677,0.6966600000000001,1,2.81
26.08.2021 00:22:03.097,0.69679,0.6966600000000001,1.5,1
26.08.2021 00:22:27.681,0.6967800000000001,0.6966600000000001,1,1
26.08.2021 00:22:27.783,0.69671,0.6965800000000001,1.5,3
26.08.2021 00:22:27.884,0.69671,0.6966100000000001,1,1
26.08.2021 00:22:27.989,0.69672,0.69659,1.5,2.44
26.08.2021 00:22:28.091,0.69675,0.6966300000000001,1,2.12
26.08.2021 00:22:28.343,0.69676,0.6966300000000001,1.5,4
26.08.2021 00:22:35.266,0.69676,0.69665,1.5,1
26.08.2021 00:22:35.367,0.6968000000000001,0.69671,1,1
26.08.2021 00:22:35.418,0.6968300000000001,0.69672,1.12,1
26.08.2021 00:22:35.469,0.6968500000000001,0.69672,1.5,3.19
26.08.2021 00:22:35.570,0.69686,0.69674,1,1
26.08.2021 00:22:35.675,0.6968500000000001,0.69674,1,1.87
26.08.2021 00:22:36.684,0.69686,0.69675,1,1
26.08.2021 00:22:40.542,0.6968500000000001,0.69675,1,1
26.08.2021 00:22:42.201,0.69686,0.69675,1.5,1
26.08.2021 00:22:43.872,0.69686,0.69674,1,1
26.08.2021 00:22:44.023,0.6968000000000001,0.6967,1,1.5
26.08.2021 00:22:44.074,0.6968000000000001,0.6966800000000001,1.5,1.31
26.08.2021 00:22:51.773,0.69679,0.69667,1.5,1.25
26.08.2021 00:22:53.307,0.6967800000000001,0.69665,1.5,2.25
26.08.2021 00:22:53.357,0.69675,0.69665,1,1
26.08.2021 00:22:53.408,0.69674,0.69664,1,1.12
26.08.2021 00:22:53.509,0.69675,0.69664,1,1.5
26.08.2021 00:22:53.819,0.69676,0.69664,1,1.94
26.08.2021 00:22:53.921,0.69677,0.69664,1.5,3.5
26.08.2021 00:22:54.082,0.69677,0.6966600000000001,1,1.87
26.08.2021 00:23:07.512,0.69677,0.69665,1,1.12
26.08.2021 00:23:15.026,0.69676,0.69664,1.5,1.69
26.08.2021 00:23:15.077,0.69674,0.6966100000000001,1,4.31
26.08.2021 00:23:15.179,0.69672,0.6966,1,1.12
26.08.2021 00:23:15.280,0.69671,0.69659,1,2
26.08.2021 00:23:15.482,0.69671,0.6965800000000001,1,1.31
26.08.2021 00:23:16.169,0.6967,0.69657,1,2.37
26.08.2021 00:23:16.560,0.6967,0.69657,1,2.25
26.08.2021 00:23:18.327,0.69671,0.6965800000000001,1,1
26.08.2021 00:23:24.315,0.69667,0.6965600000000001,1,1.5
26.08.2021 00:23:24.366,0.6966600000000001,0.69655,1,1.5
26.08.2021 00:23:26.519,0.6966800000000001,0.69655,1,1
26.08.2021 00:23:27.073,0.69672,0.69659,2.25,1
26.08.2021 00:23:27.549,0.6967300000000001,0.6966,1,1
26.08.2021 00:23:59.176,0.69671,0.6965800000000001,2.25,1
26.08.2021 00:23:59.277,0.6967,0.6965800000000001,1,1
26.08.2021 00:23:59.378,0.6967,0.69657,3,1
26.08.2021 00:23:59.695,0.69669,0.69657,1,1
26.08.2021 00:24:00.858,0.6966800000000001,0.69655,1,1.87
26.08.2021 00:24:03.511,0.69669,0.6965600000000001,1.5,1
26.08.2021 00:24:04.997,0.69671,0.6966,1,1
26.08.2021 00:24:05.300,0.69672,0.6966,1,1
26.08.2021 00:24:06.113,0.69672,0.69662,1,1
26.08.2021 00:24:06.164,0.69675,0.6966300000000001,1,1.5
26.08.2021 00:24:06.265,0.69677,0.69664,1.5,1.5
26.08.2021 00:24:08.240,0.69677,0.69665,1,1
26.08.2021 00:24:13.509,0.69677,0.6966600000000001,1,1
26.08.2021 00:24:18.410,0.69679,0.6966600000000001,2.25,1
26.08.2021 00:24:27.797,0.6967800000000001,0.69665,1,1.87
26.08.2021 00:24:29.295,0.69679,0.6966600000000001,1.5,1
26.08.2021 00:24:30.683,0.6967800000000001,0.6966600000000001,1,1
26.08.2021 00:24:30.785,0.69677,0.6966600000000001,1.5,1.87
26.08.2021 00:24:30.835,0.69675,0.69662,2.25,1
26.08.2021 00:24:30.937,0.6967,0.69659,2.25,1
26.08.2021 00:24:31.038,0.6967,0.6965800000000001,1,1
26.08.2021 00:24:35.249,0.69671,0.6965800000000001,1.5,1.5
26.08.2021 00:24:38.840,0.69665,0.6965600000000001,1.5,1
26.08.2021 00:24:38.941,0.69662,0.6965,1.31,1.5
26.08.2021 00:24:39.043,0.69662,0.6965100000000001,1.5,1.5
26.08.2021 00:24:40.074,0.69664,0.6965100000000001,3.56,1
26.08.2021 00:24:46.526,0.6966300000000001,0.6965100000000001,1,1
26.08.2021 00:24:49.760,0.69662,0.6965300000000001,1.5,1
26.08.2021 00:24:55.019,0.69664,0.6965300000000001,1.5,1
26.08.2021 00:25:01.710,0.69665,0.69655,1,1
26.08.2021 00:25:01.912,0.6966600000000001,0.69655,1.5,1
26.08.2021 00:25:09.593,0.69664,0.69654,1.5,1
26.08.2021 00:25:09.795,0.6966300000000001,0.6965300000000001,1,1
26.08.2021 00:25:11.681,0.69662,0.6965,2.25,1
26.08.2021 00:25:11.782,0.6966,0.6965100000000001,1,1
26.08.2021 00:25:13.518,0.69662,0.6965,1.87,1
26.08.2021 00:25:13.841,0.69662,0.6964899999999999,1.87,1
26.08.2021 00:25:19.946,0.69662,0.6965,1.5,1
26.08.2021 00:25:20.153,0.6966300000000001,0.6965,2.25,1.5
26.08.2021 00:25:20.254,0.69662,0.69652,1.5,1
26.08.2021 00:25:23.219,0.6966300000000001,0.6965300000000001,1,1
26.08.2021 00:25:23.603,0.69665,0.69652,2.25,1
26.08.2021 00:25:30.893,0.69665,0.6965100000000001,2.25,1
26.08.2021 00:25:31.099,0.69665,0.69652,2.25,1
26.08.2021 00:25:37.277,0.6966300000000001,0.6965300000000001,1,1
26.08.2021 00:25:45.535,0.6966300000000001,0.69652,1.5,1
26.08.2021 00:25:47.325,0.6966100000000001,0.6965,1,1
26.08.2021 00:25:47.376,0.6966100000000001,0.6964800000000001,1.5,1.5
26.08.2021 00:25:47.844,0.69657,0.6964600000000001,1,1
26.08.2021 00:25:47.946,0.69657,0.69645,2.25,2
26.08.2021 00:25:50.462,0.69657,0.69644,2.81,1.5
26.08.2021 00:25:50.563,0.6965600000000001,0.69644,1.5,1
26.08.2021 00:25:54.364,0.69655,0.69644,1,1.12
26.08.2021 00:25:54.608,0.69654,0.6964100000000001,4.75,1
26.08.2021 00:25:54.709,0.6965300000000001,0.6964,1,1
26.08.2021 00:25:58.417,0.69652,0.69642,1,1
26.08.2021 00:25:58.931,0.69654,0.6964100000000001,2.25,1
26.08.2021 00:26:01.681,0.69655,0.69644,1.5,1.5
26.08.2021 00:26:01.782,0.6965600000000001,0.6964300000000001,1,3.12
26.08.2021 00:26:02.545,0.69657,0.69644,1,1.5
26.08.2021 00:26:10.165,0.6965600000000001,0.69644,1,1.5
26.08.2021 00:26:10.215,0.69655,0.6964300000000001,1,1
26.08.2021 00:26:12.183,0.69655,0.69644,1,1
26.08.2021 00:26:12.285,0.6965600000000001,0.69644,1,1
26.08.2021 00:26:12.387,0.69655,0.69644,1,1
26.08.2021 00:26:15.415,0.6965600000000001,0.69647,1,3
26.08.2021 00:26:15.466,0.69662,0.6964800000000001,2.94,2.62
26.08.2021 00:26:15.567,0.6966100000000001,0.6965,2,1
26.08.2021 00:26:15.668,0.6966300000000001,0.6965,1.87,1
26.08.2021 00:26:17.045,0.69667,0.69654,2.19,1
26.08.2021 00:26:17.146,0.69667,0.69654,1,1
26.08.2021 00:26:18.088,0.69671,0.6965800000000001,2.25,1
26.08.2021 00:26:18.190,0.69665,0.69652,1.5,1
26.08.2021 00:26:18.443,0.69664,0.6965100000000001,1,1
26.08.2021 00:26:32.049,0.69664,0.69654,1,1.12
26.08.2021 00:26:32.100,0.69667,0.69654,1.5,1
26.08.2021 00:26:34.442,0.6966800000000001,0.69655,1.69,1
26.08.2021 00:26:36.996,0.69667,0.69654,1,1.25
26.08.2021 00:26:39.444,0.69664,0.6965300000000001,1,1.75
26.08.2021 00:26:39.494,0.69664,0.69652,1,1
26.08.2021 00:26:39.782,0.6966300000000001,0.69652,1,1.31
26.08.2021 00:26:39.833,0.6966100000000001,0.6965100000000001,1,1.25
26.08.2021 00:26:40.619,0.6966300000000001,0.6965,1,4
26.08.2021 00:26:40.720,0.6966300000000001,0.69654,1,1
26.08.2021 00:26:41.700,0.69665,0.6965300000000001,1,1
26.08.2021 00:26:45.147,0.6966600000000001,0.69652,1,2.81
26.08.2021 00:26:45.248,0.69665,0.69652,1,2.81
26.08.2021 00:26:50.560,0.6966600000000001,0.6965300000000001,1,1.5
26.08.2021 00:26:51.227,0.69665,0.69655,1,1
26.08.2021 00:26:55.116,0.6966600000000001,0.6965300000000001,1,1.5
26.08.2021 00:27:00.767,0.6966600000000001,0.69654,1,1
26.08.2021 00:27:06.364,0.69667,0.69654,1,1
26.08.2021 00:27:18.517,0.69664,0.6965300000000001,1,1.12
26.08.2021 00:27:18.797,0.69664,0.6965100000000001,1,2.75
26.08.2021 00:27:18.899,0.69664,0.6965100000000001,1,2.25
26.08.2021 00:27:35.054,0.69664,0.69652,1,1
26.08.2021 00:27:35.105,0.6966600000000001,0.6965300000000001,1.5,1.87
26.08.2021 00:27:35.207,0.6966600000000001,0.69654,1,1
26.08.2021 00:27:36.854,0.6966800000000001,0.69654,1.5,1.5
26.08.2021 00:27:37.814,0.6966800000000001,0.69655,1.5,1
26.08.2021 00:27:38.580,0.6967,0.69659,1.5,1
26.08.2021 00:27:38.681,0.6967300000000001,0.69659,3.37,1.5
26.08.2021 00:27:55.385,0.69672,0.6966100000000001,1.5,1
26.08.2021 00:28:00.016,0.69677,0.69665,1.12,1.5
26.08.2021 00:28:00.117,0.6967800000000001,0.6966600000000001,1.5,2.25
26.08.2021 00:28:12.365,0.6967800000000001,0.69665,1,2.25
26.08.2021 00:28:13.647,0.69679,0.6966600000000001,1.5,1
26.08.2021 00:28:20.069,0.69679,0.6966800000000001,1,1.12
26.08.2021 00:28:20.120,0.69681,0.6967,1,1.5
26.08.2021 00:28:20.222,0.69682,0.6967,1,1.5
26.08.2021 00:28:21.946,0.69682,0.6966800000000001,1,2.62
26.08.2021 00:28:21.996,0.6968000000000001,0.69667,1.5,1.25
26.08.2021 00:28:22.098,0.6967800000000001,0.69667,1,1
26.08.2021 00:28:23.768,0.69679,0.69665,1,2.62
26.08.2021 00:28:39.785,0.6967800000000001,0.69665,1,2.25
26.08.2021 00:29:04.766,0.6968000000000001,0.6966800000000001,1,1
26.08.2021 00:29:05.126,0.69681,0.69669,1,1
26.08.2021 00:29:18.489,0.6968000000000001,0.69669,1,1.87
26.08.2021 00:29:19.193,0.69682,0.69669,1.5,1
26.08.2021 00:29:22.337,0.6968000000000001,0.6967,1,1
26.08.2021 00:29:24.547,0.69682,0.69669,1,1.5
26.08.2021 00:29:32.185,0.6968500000000001,0.69672,1.5,2.62
26.08.2021 00:29:32.286,0.6968500000000001,0.69674,1,1
26.08.2021 00:29:32.388,0.69686,0.69674,1,1
26.08.2021 00:29:32.489,0.69687,0.69675,1,1
26.08.2021 00:29:56.879,0.69686,0.69675,1,1.5
26.08.2021 00:29:59.914,0.69686,0.69674,1,1
26.08.2021 00:30:00.225,0.6968300000000001,0.69671,1,1.5
26.08.2021 00:30:00.327,0.69681,0.6966800000000001,1,5.25
26.08.2021 00:30:00.479,0.69679,0.69667,1,1.5
26.08.2021 00:30:00.580,0.6967800000000001,0.6966600000000001,1,1.5
26.08.2021 00:30:00.682,0.69677,0.6966600000000001,1,1
26.08.2021 00:30:00.784,0.69674,0.69664,1.5,1
26.08.2021 00:30:00.834,0.6967300000000001,0.6966100000000001,1,1.12
26.08.2021 00:30:01.346,0.69674,0.6966100000000001,1,3
26.08.2021 00:30:02.005,0.69674,0.69662,1,1
26.08.2021 00:30:02.311,0.6967300000000001,0.69662,1,2.25
26.08.2021 00:30:03.631,0.69674,0.69662,1,1
26.08.2021 00:30:03.912,0.69676,0.6966300000000001,2.25,1
26.08.2021 00:30:04.064,0.69674,0.69664,1,1
26.08.2021 00:30:04.524,0.69675,0.69664,1,1
26.08.2021 00:30:04.575,0.69677,0.69664,1,1
26.08.2021 00:30:04.676,0.6967800000000001,0.69665,2.25,1
26.08.2021 00:30:16.227,0.69677,0.69665,1.5,1.5
26.08.2021 00:30:16.776,0.69677,0.69664,1,1.5
26.08.2021 00:30:20.587,0.69675,0.69662,1,2.25
26.08.2021 00:30:21.608,0.6967300000000001,0.69662,1.5,1
26.08.2021 00:30:21.709,0.69669,0.6965800000000001,1,1
26.08.2021 00:30:21.760,0.69665,0.69654,1,3.62
26.08.2021 00:30:21.861,0.6966600000000001,0.6965600000000001,1,1.5
26.08.2021 00:30:23.209,0.69667,0.69654,1,1.5
26.08.2021 00:30:39.972,0.6966800000000001,0.69655,1.5,1
26.08.2021 00:30:40.834,0.6966600000000001,0.6965300000000001,1,1
26.08.2021 00:30:41.990,0.6966300000000001,0.6965100000000001,1.5,1.5
26.08.2021 00:30:48.365,0.6966300000000001,0.6965,1,1
26.08.2021 00:30:51.301,0.69664,0.6965100000000001,2.25,1
26.08.2021 00:30:51.887,0.69667,0.69655,1,1
26.08.2021 00:30:51.937,0.69669,0.6965600000000001,2.25,1
26.08.2021 00:30:52.038,0.6966800000000001,0.69655,1,1
26.08.2021 00:30:56.695,0.69669,0.69655,2.06,1
26.08.2021 00:30:56.896,0.69671,0.6965800000000001,2.44,1
26.08.2021 00:30:58.820,0.6967300000000001,0.69659,2.62,1
26.08.2021 00:30:58.921,0.69672,0.6966100000000001,1,1
26.08.2021 00:31:02.746,0.6967300000000001,0.69659,3,1
26.08.2021 00:31:02.847,0.69672,0.69659,1,1
26.08.2021 00:31:03.037,0.69669,0.6965600000000001,1.5,1.5
26.08.2021 00:31:03.139,0.69669,0.69655,1.5,1
26.08.2021 00:31:09.190,0.6966800000000001,0.69659,1,1
26.08.2021 00:31:09.241,0.69671,0.69659,1.12,1.5
26.08.2021 00:31:09.342,0.6967300000000001,0.6966,2.25,1
26.08.2021 00:31:24.131,0.69674,0.6966,1.5,1
26.08.2021 00:31:28.635,0.6967800000000001,0.69664,2.37,1
26.08.2021 00:31:28.737,0.6967800000000001,0.69665,1,1
26.08.2021 00:31:36.957,0.69675,0.69662,1.5,1
26.08.2021 00:31:37.058,0.69674,0.6966100000000001,1,1
26.08.2021 00:31:38.513,0.6967300000000001,0.6966100000000001,1.5,1
26.08.2021 00:31:38.716,0.69674,0.6966100000000001,1,1
26.08.2021 00:31:38.817,0.69677,0.6966300000000001,1.69,1.5
26.08.2021 00:31:42.319,0.6967800000000001,0.69664,1.69,1
26.08.2021 00:31:44.147,0.69679,0.69665,1.5,1
26.08.2021 00:31:48.390,0.69679,0.6966600000000001,1.5,1
26.08.2021 00:32:14.310,0.6968000000000001,0.6966600000000001,1.69,1
26.08.2021 00:32:27.224,0.69679,0.6966600000000001,1,1
26.08.2021 00:32:28.303,0.69679,0.69665,1.5,1
26.08.2021 00:32:30.063,0.69679,0.69664,1.5,1.5
26.08.2021 00:32:30.114,0.69675,0.6966100000000001,1,3.75
26.08.2021 00:32:45.593,0.6967300000000001,0.6966100000000001,1,1
26.08.2021 00:32:45.694,0.69671,0.69659,1,1
26.08.2021 00:32:46.196,0.69671,0.69657,1.5,1.5
26.08.2021 00:32:53.278,0.69672,0.6965800000000001,1.69,1.5
26.08.2021 00:32:53.380,0.6967300000000001,0.69659,2.06,1.5
26.08.2021 00:32:54.405,0.6967300000000001,0.6966,1,1
26.08.2021 00:32:54.647,0.69674,0.6966,1.25,1
26.08.2021 00:33:12.293,0.69675,0.6966,2.44,1.5
26.08.2021 00:33:13.578,0.69674,0.6966,1,1.5
26.08.2021 00:33:13.629,0.69677,0.6966300000000001,3.56,2.06
26.08.2021 00:33:13.730,0.6967800000000001,0.69665,1.5,1
26.08.2021 00:33:13.831,0.69676,0.69664,1,1
26.08.2021 00:33:14.134,0.6967800000000001,0.69664,1,1.5
26.08.2021 00:33:14.502,0.69679,0.69665,2.44,1
26.08.2021 00:33:24.739,0.69676,0.69662,2.62,1.69
26.08.2021 00:33:24.841,0.69675,0.6966100000000001,1.5,1
26.08.2021 00:33:25.273,0.6967300000000001,0.69662,1,1
26.08.2021 00:33:25.374,0.69675,0.6966100000000001,2.25,1
26.08.2021 00:33:50.037,0.69677,0.6966600000000001,1.62,1
26.08.2021 00:33:50.139,0.6968000000000001,0.6967,1.25,1
26.08.2021 00:33:50.241,0.6968300000000001,0.69672,1,1
26.08.2021 00:33:50.292,0.6968500000000001,0.6967300000000001,1.12,1
26.08.2021 00:33:50.343,0.69687,0.69675,1.25,1
26.08.2021 00:33:50.444,0.69689,0.69676,2.06,1
26.08.2021 00:33:51.928,0.69689,0.69677,1.31,1
26.08.2021 00:33:52.031,0.69691,0.69677,2.19,1
26.08.2021 00:33:55.521,0.6969000000000001,0.6967800000000001,1.12,1.69
26.08.2021 00:33:58.468,0.69692,0.69679,1.25,1
26.08.2021 00:33:58.569,0.69693,0.6968000000000001,2.12,1
26.08.2021 00:34:08.348,0.69692,0.6967800000000001,2.44,1.5
26.08.2021 00:34:08.450,0.69691,0.69677,2.06,1.5
26.08.2021 00:34:31.387,0.6969000000000001,0.69677,1,1.5
26.08.2021 00:34:35.845,0.6969000000000001,0.6967800000000001,2.06,1.5
26.08.2021 00:34:39.844,0.69692,0.6968000000000001,1.5,1.5
26.08.2021 00:34:39.945,0.69694,0.69681,1,1
26.08.2021 00:34:40.046,0.69694,0.69682,2.44,1.5
26.08.2021 00:34:49.520,0.69696,0.69684,1.31,1.5
26.08.2021 00:34:59.545,0.69697,0.6968300000000001,4.06,1.5
26.08.2021 00:34:59.596,0.6969500000000001,0.69681,1.25,1.5
26.08.2021 00:35:08.889,0.6969500000000001,0.69681,1.25,2
26.08.2021 00:35:09.826,0.6969500000000001,0.69681,1.25,1.5
26.08.2021 00:35:12.117,0.69694,0.69681,1,1.5
26.08.2021 00:35:25.178,0.69693,0.69679,1.69,1.5
26.08.2021 00:35:25.279,0.69691,0.6968000000000001,1,1
26.08.2021 00:35:25.380,0.69694,0.6968000000000001,3.19,1
26.08.2021 00:35:25.482,0.69694,0.6968000000000001,4,1
26.08.2021 00:35:25.583,0.69692,0.6968000000000001,2.06,1.5
26.08.2021 00:35:27.954,0.69692,0.69679,1,1
26.08.2021 00:35:28.709,0.69693,0.69679,2.06,1.5
26.08.2021 00:35:28.810,0.69692,0.69681,2.06,1
26.08.2021 00:35:32.227,0.69691,0.6967800000000001,1,1
26.08.2021 00:35:32.328,0.69691,0.69677,2.25,1
26.08.2021 00:35:32.429,0.69691,0.69677,2.87,1
26.08.2021 00:35:35.464,0.6969000000000001,0.69676,1.31,1.5
26.08.2021 00:35:42.908,0.69691,0.69679,3.56,1
26.08.2021 00:35:43.010,0.69692,0.69681,2.12,1.5
26.08.2021 00:35:43.112,0.69693,0.6968000000000001,1.31,1.5
26.08.2021 00:35:53.903,0.69692,0.69679,1.25,1
26.08.2021 00:36:00.548,0.69692,0.6968000000000001,2.44,1.5
26.08.2021 00:36:00.649,0.69693,0.6968000000000001,2.44,1
26.08.2021 00:36:01.263,0.69696,0.6968300000000001,1.25,1.87
26.08.2021 00:36:01.365,0.69699,0.6968500000000001,1.69,1.5
26.08.2021 00:36:05.047,0.69697,0.69686,1,1
26.08.2021 00:36:13.245,0.69699,0.6968500000000001,1.5,1.5
26.08.2021 00:36:27.183,0.69699,0.6968500000000001,1,2.75
26.08.2021 00:36:27.619,0.6970000000000001,0.69687,1,1.87
26.08.2021 00:36:27.721,0.6970000000000001,0.69689,1,1
26.08.2021 00:36:29.255,0.69704,0.69692,1,2.56
26.08.2021 00:36:29.356,0.69704,0.69693,1,1.81
26.08.2021 00:36:30.027,0.6970500000000001,0.69693,1,1
26.08.2021 00:36:30.288,0.6970500000000001,0.69692,1,1.5
26.08.2021 00:36:30.627,0.6970000000000001,0.69688,1,1.5
26.08.2021 00:36:30.728,0.6970000000000001,0.69687,1,1.31
26.08.2021 00:36:30.980,0.6970000000000001,0.69686,1.5,1.87
26.08.2021 00:36:31.681,0.6970000000000001,0.69687,1.87,1
26.08.2021 00:36:41.361,0.69698,0.6968500000000001,1.69,1
26.08.2021 00:36:41.463,0.69698,0.6968500000000001,1.5,2.75
26.08.2021 00:36:45.415,0.69699,0.6968500000000001,1.5,2.75
26.08.2021 00:36:47.964,0.69698,0.6968500000000001,1,2
26.08.2021 00:37:06.007,0.69697,0.6968500000000001,1.5,1
26.08.2021 00:37:06.108,0.6969000000000001,0.6967800000000001,1,2.5
26.08.2021 00:37:17.674,0.69691,0.69679,1,1
26.08.2021 00:37:17.775,0.69691,0.6968000000000001,1,1
26.08.2021 00:37:18.714,0.69692,0.6968000000000001,1,1
26.08.2021 00:37:18.894,0.69688,0.6968000000000001,1,1
26.08.2021 00:37:18.945,0.69688,0.69677,1,1.25
26.08.2021 00:37:24.365,0.69689,0.69677,1,1.25
26.08.2021 00:37:25.435,0.69689,0.69676,1.5,1.87
26.08.2021 00:37:25.486,0.69686,0.69674,1,1.5
26.08.2021 00:37:25.587,0.69686,0.6967300000000001,1.5,1.25
26.08.2021 00:37:31.692,0.69687,0.69676,1,1.5
26.08.2021 00:37:36.364,0.69689,0.69675,1.5,1.5
26.08.2021 00:38:02.486,0.69689,0.69676,1.5,1
26.08.2021 00:38:11.576,0.6969000000000001,0.6967800000000001,1,1.5
26.08.2021 00:38:15.475,0.69689,0.6967800000000001,1,1
26.08.2021 00:38:15.576,0.69687,0.69676,1,1
26.08.2021 00:38:41.964,0.69686,0.69676,1,1
26.08.2021 00:38:42.015,0.69686,0.69674,1,1
26.08.2021 00:38:43.865,0.69687,0.69674,1,1
26.08.2021 00:39:04.937,0.69688,0.69674,1,1.5
26.08.2021 00:39:07.212,0.69687,0.69674,1,1.5
26.08.2021 00:39:07.314,0.6968300000000001,0.69672,1,2.06
26.08.2021 00:39:07.415,0.6968300000000001,0.69671,1,1.5
26.08.2021 00:39:12.434,0.6968300000000001,0.6967,1,1.5
26.08.2021 00:39:43.079,0.69682,0.6967,1,1
26.08.2021 00:40:02.312,0.69681,0.6967,1,1
26.08.2021 00:40:02.566,0.69681,0.69669,1,1
26.08.2021 00:40:14.711,0.6968000000000001,0.69667,1.5,1.5
26.08.2021 00:40:14.812,0.69679,0.6966600000000001,1,1.87
26.08.2021 00:40:14.914,0.6967800000000001,0.69665,1,1.5
26.08.2021 00:40:34.280,0.6967800000000001,0.69664,1,1.12
26.08.2021 00:40:34.382,0.69674,0.6966,1.5,4.25
26.08.2021 00:40:34.483,0.6967300000000001,0.6966100000000001,1.5,1.87
26.08.2021 00:41:14.292,0.69676,0.69662,1.5,3
26.08.2021 00:41:23.131,0.6967300000000001,0.69662,1.5,1
26.08.2021 00:41:23.411,0.6967300000000001,0.6966,1,1.87
26.08.2021 00:41:54.523,0.6967300000000001,0.6966100000000001,1.5,1.5
26.08.2021 00:41:54.624,0.6967300000000001,0.6966,1,1
26.08.2021 00:41:55.249,0.69674,0.6966,1,1.5
26.08.2021 00:41:59.321,0.69672,0.6966100000000001,1,1.5
26.08.2021 00:42:55.947,0.69674,0.6966,2.25,1.5
26.08.2021 00:42:57.170,0.69677,0.69665,1.12,1
26.08.2021 00:42:57.485,0.6967800000000001,0.69665,1.5,1
26.08.2021 00:43:51.144,0.69679,0.69665,2.44,1.5
26.08.2021 00:44:13.904,0.69676,0.69664,1,1.5
26.08.2021 00:44:14.106,0.69674,0.6966100000000001,1,1.5
26.08.2021 00:44:14.157,0.69672,0.6966,2.25,1.12
26.08.2021 00:44:14.359,0.69672,0.6965800000000001,2.25,2.25
26.08.2021 00:44:14.410,0.6967,0.6965600000000001,3.75,2.62
26.08.2021 00:44:14.511,0.6966800000000001,0.69655,1,1.5
26.08.2021 00:44:14.663,0.69669,0.6965600000000001,1,1.94
26.08.2021 00:44:15.206,0.69671,0.69657,1.5,3.94
26.08.2021 00:44:15.307,0.69671,0.6965800000000001,1,1
26.08.2021 00:44:26.864,0.69672,0.69659,1.5,1
26.08.2021 00:44:26.965,0.6967300000000001,0.69659,2.25,1.69
26.08.2021 00:44:27.066,0.69672,0.69659,1,2.44
26.08.2021 00:44:29.471,0.69671,0.69659,1,2.44
26.08.2021 00:44:29.522,0.69665,0.69654,1,1.5
26.08.2021 00:44:29.623,0.69662,0.6965100000000001,1,1.25
26.08.2021 00:44:29.724,0.69662,0.6964899999999999,1,1.5
26.08.2021 00:44:29.825,0.69662,0.6964899999999999,1.5,1.5
26.08.2021 00:44:29.926,0.69662,0.6964899999999999,1.5,1
26.08.2021 00:44:30.572,0.6966300000000001,0.6965300000000001,1,1
26.08.2021 00:44:30.673,0.69665,0.6965300000000001,2.25,1.87
26.08.2021 00:44:30.775,0.69667,0.6965300000000001,2.06,1.5
26.08.2021 00:44:32.658,0.69667,0.69654,1.31,1
26.08.2021 00:44:32.810,0.6966800000000001,0.69654,2.44,1
26.08.2021 00:44:32.911,0.6966800000000001,0.6965300000000001,2.44,2.25
26.08.2021 00:44:33.012,0.6966600000000001,0.69655,1,1
26.08.2021 00:44:33.164,0.6966800000000001,0.69654,2.44,1
26.08.2021 00:44:42.093,0.6967300000000001,0.6965800000000001,3.31,2.62
26.08.2021 00:44:42.194,0.6967300000000001,0.69659,1.87,1
26.08.2021 00:44:48.366,0.69672,0.6966100000000001,1.5,1
26.08.2021 00:44:49.149,0.69677,0.69665,2.25,1
26.08.2021 00:44:49.250,0.69679,0.69667,1.25,2.25
26.08.2021 00:44:49.300,0.6968000000000001,0.69667,1.87,3.56
26.08.2021 00:44:49.402,0.69681,0.6966800000000001,1,1
26.08.2021 00:44:49.553,0.69682,0.6966800000000001,3,1
26.08.2021 00:44:58.551,0.6968000000000001,0.6966600000000001,2.25,2.62
26.08.2021 00:44:58.652,0.69679,0.6966600000000001,1.5,1
26.08.2021 00:45:05.658,0.69677,0.6966600000000001,1,1
26.08.2021 00:45:07.315,0.69677,0.69665,1,1
26.08.2021 00:45:07.760,0.69676,0.69665,1,2.62
26.08.2021 00:45:11.713,0.69677,0.69665,1,1
26.08.2021 00:45:21.876,0.6967800000000001,0.6966600000000001,1,3.75
26.08.2021 00:45:21.928,0.69682,0.69669,1,1
26.08.2021 00:45:22.030,0.6968300000000001,0.69669,1.5,1.5
26.08.2021 00:45:37.622,0.6968300000000001,0.6967,1,1
26.08.2021 00:45:41.451,0.69686,0.69675,1,1
26.08.2021 00:45:41.552,0.69688,0.69674,1.12,1.5
26.08.2021 00:45:47.624,0.69689,0.6967800000000001,1,1.87
26.08.2021 00:45:47.675,0.69692,0.69679,1.5,1
26.08.2021 00:45:47.776,0.69693,0.69679,1.5,1
26.08.2021 00:45:47.877,0.69693,0.6968000000000001,1,1
26.08.2021 00:45:53.573,0.69694,0.69681,1,1.94
26.08.2021 00:45:53.624,0.69696,0.69684,2.62,1.5
26.08.2021 00:45:56.640,0.69696,0.6968300000000001,1,1
26.08.2021 00:45:56.771,0.69698,0.6968500000000001,1,1.87
26.08.2021 00:45:56.872,0.69699,0.69684,2.25,2.62
26.08.2021 00:45:58.613,0.69698,0.69684,1,1.87
26.08.2021 00:45:58.714,0.6969500000000001,0.6968300000000001,1,1
26.08.2021 00:46:00.637,0.69696,0.6968300000000001,1,1
26.08.2021 00:46:00.739,0.69697,0.69684,2.25,2.25
26.08.2021 00:46:00.854,0.69697,0.6968300000000001,1,2.25
26.08.2021 00:46:04.422,0.69698,0.6968500000000001,1,1
26.08.2021 00:46:04.690,0.69699,0.6968500000000001,1.5,1
26.08.2021 00:46:08.836,0.69698,0.6968500000000001,1,1
26.08.2021 00:46:12.613,0.69698,0.69684,1,2.06
26.08.2021 00:46:12.715,0.69694,0.69681,1.5,1
26.08.2021 00:46:12.816,0.69694,0.6968000000000001,2.25,1.12
26.08.2021 00:46:16.791,0.69693,0.6968000000000001,1,1
26.08.2021 00:46:18.197,0.69688,0.69675,1,2.37
26.08.2021 00:46:18.299,0.69688,0.69675,1,1.5
26.08.2021 00:46:24.349,0.6969000000000001,0.6967800000000001,3,3
26.08.2021 00:46:24.451,0.6969000000000001,0.69676,1.5,1.87
26.08.2021 00:46:25.558,0.69688,0.69677,1,1.87
26.08.2021 00:46:26.505,0.6969000000000001,0.69677,1,1
26.08.2021 00:46:28.083,0.69691,0.6967800000000001,2.25,1
26.08.2021 00:46:43.310,0.6969000000000001,0.69677,1.5,1
26.08.2021 00:46:43.411,0.6969000000000001,0.69676,1.5,2.25
26.08.2021 00:47:03.521,0.69689,0.69676,1,1.5
26.08.2021 00:47:12.384,0.69689,0.69677,1.5,1.5
26.08.2021 00:47:14.517,0.69688,0.69674,1,3.5
26.08.2021 00:47:14.618,0.69688,0.69675,1,2
26.08.2021 00:47:40.150,0.69689,0.69676,1,2.62
26.08.2021 00:47:41.108,0.6969000000000001,0.69677,1,4.87
26.08.2021 00:47:41.210,0.6969000000000001,0.69679,1.5,1
26.08.2021 00:47:42.536,0.69689,0.69676,1,1
26.08.2021 00:47:51.947,0.6969000000000001,0.69676,3,1.87
26.08.2021 00:47:52.195,0.6969000000000001,0.69677,2.25,1
26.08.2021 00:47:52.296,0.69692,0.69679,2.25,1
26.08.2021 00:47:53.854,0.6969000000000001,0.69677,1,2.25
26.08.2021 00:48:06.722,0.69688,0.6967800000000001,1.69,1
26.08.2021 00:48:06.773,0.69687,0.69674,2.25,2.62
26.08.2021 00:48:06.874,0.69686,0.69676,1,1.25
26.08.2021 00:48:11.673,0.69686,0.69676,1,1.94
26.08.2021 00:48:12.141,0.69687,0.69676,1.5,1.94
26.08.2021 00:48:22.233,0.69687,0.69675,1,1.94
26.08.2021 00:48:23.045,0.69687,0.69674,2.62,1.31
26.08.2021 00:48:23.146,0.69686,0.69674,1,1.31
26.08.2021 00:48:23.248,0.69686,0.69675,1.12,1.31
26.08.2021 00:48:37.445,0.69687,0.69674,1.87,1.94
26.08.2021 00:48:38.309,0.69686,0.69675,2.06,1
26.08.2021 00:48:38.359,0.6969000000000001,0.69681,1.5,2.25
26.08.2021 00:48:38.410,0.69692,0.69681,1,2.5
26.08.2021 00:48:38.461,0.69696,0.6968500000000001,1.25,3.25
26.08.2021 00:48:38.512,0.69697,0.69684,1.75,2.44
26.08.2021 00:48:38.613,0.69699,0.6968500000000001,3.75,1
26.08.2021 00:48:39.292,0.69699,0.69686,1,1.25
26.08.2021 00:48:51.075,0.69699,0.69687,1,1.25
26.08.2021 00:49:00.796,0.69698,0.69686,1,1.56
26.08.2021 00:49:09.042,0.69689,0.69682,1.5,1
26.08.2021 00:49:09.093,0.69686,0.69676,1,1.75
26.08.2021 00:49:09.194,0.69684,0.6967800000000001,1.5,1
26.08.2021 00:49:09.245,0.69682,0.6967,1,1.81
26.08.2021 00:49:09.346,0.69682,0.6967,1,1.31
26.08.2021 00:49:09.498,0.69682,0.6967,1,1.81
26.08.2021 00:49:10.254,0.69682,0.6967,1,1.25
26.08.2021 00:49:10.732,0.69681,0.6966800000000001,1,3.5
26.08.2021 00:49:10.840,0.69681,0.6966800000000001,1.5,3
26.08.2021 00:49:11.143,0.6968300000000001,0.6967,1.5,3.19
26.08.2021 00:49:11.245,0.69686,0.69674,1.5,1
26.08.2021 00:49:11.346,0.69686,0.69674,1.5,1.5
26.08.2021 00:49:11.475,0.69687,0.69674,1,3.12
26.08.2021 00:49:21.118,0.69688,0.69676,1,1.25
26.08.2021 00:49:21.169,0.69689,0.6967800000000001,1,4.31
26.08.2021 00:49:21.270,0.6969000000000001,0.6967800000000001,1,1.69
26.08.2021 00:49:27.408,0.69691,0.6967800000000001,1.5,2.25
26.08.2021 00:49:43.381,0.69692,0.6968300000000001,1,1.5
26.08.2021 00:49:43.482,0.69693,0.69681,1,1.12
26.08.2021 00:49:49.685,0.69696,0.6968300000000001,1,1.12
26.08.2021 00:49:49.786,0.69696,0.69684,1,1
26.08.2021 00:49:58.619,0.6969500000000001,0.69684,1,1
26.08.2021 00:50:11.654,0.69693,0.69682,1,1.12
26.08.2021 00:50:11.704,0.69691,0.69681,1.5,1.5
26.08.2021 00:50:11.806,0.69691,0.69679,1,1
26.08.2021 00:50:12.007,0.69689,0.6968000000000001,1,1
26.08.2021 00:50:21.159,0.6969000000000001,0.6968000000000001,1,1.5
26.08.2021 00:50:34.533,0.69689,0.69679,1,1
26.08.2021 00:50:34.634,0.69689,0.6967800000000001,1,1
26.08.2021 00:50:38.360,0.69689,0.69677,1,2.81
26.08.2021 00:50:38.461,0.69688,0.69677,1,1.69
26.08.2021 00:50:38.563,0.69688,0.69676,1,1.69
26.08.2021 00:50:41.021,0.69688,0.69676,1,1.94
26.08.2021 00:50:44.228,0.69689,0.69677,1,4.06
26.08.2021 00:50:44.329,0.6969000000000001,0.6967800000000001,1,1.25
26.08.2021 00:50:51.704,0.6969000000000001,0.69679,1,1
26.08.2021 00:50:54.414,0.69691,0.69679,1,1
26.08.2021 00:51:06.674,0.69692,0.69682,1,1.87
26.08.2021 00:51:06.992,0.69693,0.69682,1,1.87
26.08.2021 00:51:07.408,0.69692,0.6968300000000001,1,1
26.08.2021 00:51:07.509,0.69693,0.6968300000000001,1,2.56
26.08.2021 00:51:20.458,0.69694,0.69682,1,1.12
26.08.2021 00:51:20.559,0.69694,0.69682,1,2.56
26.08.2021 00:51:21.047,0.69697,0.69686,1,1
26.08.2021 00:51:21.350,0.69696,0.69686,1.25,1.5
26.08.2021 00:51:21.451,0.69692,0.6968300000000001,1,2.62
26.08.2021 00:51:21.553,0.6969500000000001,0.69682,1.5,4.12
26.08.2021 00:51:23.123,0.6969500000000001,0.6968300000000001,1.5,1
26.08.2021 00:51:36.418,0.69698,0.6968500000000001,1.5,2.44
26.08.2021 00:51:36.524,0.69699,0.69687,1,2.62
26.08.2021 00:51:36.625,0.69699,0.69687,1,3.31
26.08.2021 00:51:37.574,0.69699,0.69687,1,1.31
26.08.2021 00:51:43.124,0.6970000000000001,0.69688,1,1.12
26.08.2021 00:51:44.730,0.6970000000000001,0.6969000000000001,1,1
26.08.2021 00:51:46.707,0.69699,0.6969000000000001,1,1
26.08.2021 00:51:46.808,0.69701,0.69689,1,1
26.08.2021 00:51:47.316,0.6970000000000001,0.69689,1,1
26.08.2021 00:51:52.802,0.69698,0.6969000000000001,1,1
26.08.2021 00:51:53.043,0.69697,0.69686,1,1
26.08.2021 00:51:53.144,0.69697,0.6968500000000001,1,1
26.08.2021 00:51:58.755,0.69696,0.6968500000000001,1,1
26.08.2021 00:52:05.093,0.6970000000000001,0.6969000000000001,1,1
26.08.2021 00:52:05.144,0.69701,0.69691,1,1.5
26.08.2021 00:52:07.540,0.69701,0.6969000000000001,1,1
26.08.2021 00:52:07.641,0.69701,0.69689,1,2.06
26.08.2021 00:52:19.008,0.69702,0.69689,1,1.5
26.08.2021 00:52:23.424,0.69703,0.69692,1,2.87
26.08.2021 00:52:23.474,0.6970500000000001,0.69693,1,1.87
26.08.2021 00:52:23.575,0.69704,0.6969500000000001,1,1
26.08.2021 00:52:35.421,0.69704,0.69694,1,1
26.08.2021 00:52:36.033,0.6970500000000001,0.69694,1,1
26.08.2021 00:52:36.237,0.69704,0.69693,1,1.25
26.08.2021 00:52:37.606,0.6970500000000001,0.69693,1,1.25
26.08.2021 00:52:39.847,0.6970600000000001,0.69693,1.5,1.25
26.08.2021 00:52:46.152,0.6970600000000001,0.69694,1,1.5
26.08.2021 00:52:50.539,0.6970500000000001,0.69694,1.5,1
26.08.2021 00:52:50.640,0.6970500000000001,0.69692,1.5,1.12
26.08.2021 00:52:52.330,0.69708,0.69694,2.87,1
26.08.2021 00:52:52.432,0.69708,0.6969500000000001,2.87,1
26.08.2021 00:53:00.150,0.69707,0.69694,1.25,1.5
26.08.2021 00:53:17.169,0.69704,0.69692,1,1.69
26.08.2021 00:53:17.270,0.69703,0.69692,1,1.31
26.08.2021 00:53:30.058,0.6970000000000001,0.69689,1.5,1.5
26.08.2021 00:53:30.160,0.69699,0.69687,1,1.25
26.08.2021 00:53:30.262,0.6969500000000001,0.69682,1.5,1.87
26.08.2021 00:53:30.363,0.69694,0.69684,1,1
26.08.2021 00:53:30.464,0.69694,0.6968300000000001,1.5,1.12
26.08.2021 00:53:33.835,0.6969500000000001,0.6968300000000001,1,1
26.08.2021 00:53:34.088,0.6969500000000001,0.69682,1,1.5
26.08.2021 00:53:39.560,0.6969500000000001,0.6968300000000001,1,1
26.08.2021 00:53:39.712,0.69694,0.6968300000000001,1,1.5
26.08.2021 00:53:45.593,0.69694,0.69682,1,1.5
26.08.2021 00:54:05.407,0.69694,0.69681,1.25,1
26.08.2021 00:54:05.508,0.69693,0.69681,1,1
26.08.2021 00:54:05.660,0.69692,0.69679,1,1
26.08.2021 00:54:05.761,0.69692,0.6967800000000001,1,3.56
26.08.2021 00:54:05.862,0.69692,0.69679,1,1
26.08.2021 00:54:07.550,0.6969000000000001,0.69677,1.25,1.69
26.08.2021 00:54:07.652,0.69688,0.69677,1.5,1
26.08.2021 00:54:08.039,0.69686,0.69676,1,1.5
26.08.2021 00:54:08.386,0.6968500000000001,0.69676,1.5,1.5
26.08.2021 00:54:08.487,0.69684,0.69675,1,1.5
26.08.2021 00:54:08.588,0.6968500000000001,0.69675,1,1.69
26.08.2021 00:54:16.576,0.69684,0.69675,1,1.25
26.08.2021 00:54:16.678,0.6968300000000001,0.69675,1,1
26.08.2021 00:54:17.024,0.69684,0.69675,1.5,1.25
26.08.2021 00:54:17.827,0.69682,0.69669,4.37,1
26.08.2021 00:54:18.028,0.69682,0.69669,2.81,1.12
26.08.2021 00:54:18.142,0.6968000000000001,0.6966800000000001,1.25,1.12
26.08.2021 00:54:18.244,0.6967800000000001,0.69665,1,1.12
26.08.2021 00:54:18.826,0.69677,0.69665,1,1
26.08.2021 00:54:19.289,0.69676,0.69665,1.5,1
26.08.2021 00:54:19.549,0.69676,0.69662,2.44,1.5
26.08.2021 00:54:19.600,0.6967300000000001,0.6966,1,2.75
26.08.2021 00:54:19.701,0.69672,0.6966100000000001,1.5,1
26.08.2021 00:54:21.733,0.69676,0.69664,1,1.5
26.08.2021 00:54:21.835,0.69677,0.69665,1,1
26.08.2021 00:54:21.987,0.6967800000000001,0.69665,1.5,1.5
26.08.2021 00:54:22.088,0.6967800000000001,0.6966600000000001,1,1
26.08.2021 00:54:22.189,0.6967800000000001,0.69665,1,1.5
26.08.2021 00:54:28.418,0.69677,0.69664,1,1
26.08.2021 00:54:33.633,0.69676,0.6966600000000001,1,1
26.08.2021 00:54:33.735,0.6967800000000001,0.69665,2.25,1
26.08.2021 00:54:36.706,0.69677,0.69665,2.25,1
26.08.2021 00:54:36.807,0.69677,0.69664,1,1
26.08.2021 00:54:37.217,0.6967800000000001,0.69664,3,1
26.08.2021 00:54:37.497,0.69677,0.69664,1,1
26.08.2021 00:54:39.652,0.69672,0.6966,3,1.1
26.08.2021 00:54:39.703,0.69671,0.6965800000000001,1,1.5
26.08.2021 00:54:39.805,0.6967,0.6965800000000001,1,1
26.08.2021 00:54:39.906,0.69669,0.6965600000000001,1,1
26.08.2021 00:54:40.007,0.69669,0.69655,1.5,1.5
26.08.2021 00:54:42.214,0.69669,0.69657,1,3.31
26.08.2021 00:54:42.315,0.6967,0.69659,1,1
26.08.2021 00:54:42.416,0.69671,0.69659,1,1
26.08.2021 00:54:44.172,0.69665,0.6965300000000001,1,1.5
26.08.2021 00:54:44.273,0.69664,0.6965300000000001,1,1.5
26.08.2021 00:54:44.374,0.69664,0.6965100000000001,1,2.25
26.08.2021 00:54:47.404,0.6966300000000001,0.6965100000000001,1,1
26.08.2021 00:54:47.505,0.69664,0.6965100000000001,2.44,1
26.08.2021 00:54:47.606,0.69664,0.6965300000000001,1.5,2.25
26.08.2021 00:54:47.707,0.69664,0.69652,1.5,2.25
26.08.2021 00:54:47.808,0.69664,0.6965100000000001,2.25,1
26.08.2021 00:54:49.718,0.69665,0.69652,1,3.37
26.08.2021 00:54:50.180,0.6966300000000001,0.6965300000000001,1,1
26.08.2021 00:54:50.332,0.69664,0.6965300000000001,1,3
26.08.2021 00:54:51.055,0.6966100000000001,0.6964800000000001,1.5,2.25
26.08.2021 00:54:51.156,0.69659,0.6964800000000001,1,2.25
26.08.2021 00:54:54.373,0.6966100000000001,0.6964800000000001,1.5,1.87
26.08.2021 00:54:54.475,0.6965800000000001,0.69645,1,1.87
26.08.2021 00:54:54.576,0.6965800000000001,0.6964600000000001,1,1
26.08.2021 00:54:55.605,0.69657,0.69644,1.25,1
26.08.2021 00:54:55.656,0.69654,0.6964300000000001,1.69,1
26.08.2021 00:54:55.757,0.6965300000000001,0.6964100000000001,1,1
26.08.2021 00:54:55.858,0.6965100000000001,0.69639,1,1.69
26.08.2021 00:54:55.959,0.69652,0.69639,1.5,1.5
26.08.2021 00:54:56.986,0.69654,0.69642,1,3.12
26.08.2021 00:54:57.037,0.6965600000000001,0.69644,1,1.5
26.08.2021 00:54:57.138,0.6965600000000001,0.69645,1,1.5
26.08.2021 00:54:57.239,0.69657,0.69645,1,1.5
26.08.2021 00:54:58.011,0.6966100000000001,0.6964899999999999,1,1
26.08.2021 00:54:58.112,0.69662,0.6965,1.5,1
26.08.2021 00:54:59.049,0.6966600000000001,0.69654,1,1
26.08.2021 00:54:59.150,0.6966600000000001,0.6965600000000001,1.5,1
26.08.2021 00:54:59.252,0.6966100000000001,0.69655,1.25,1
26.08.2021 00:54:59.302,0.6966100000000001,0.6964899999999999,1.25,1
26.08.2021 00:54:59.404,0.69659,0.6965,1,1
26.08.2021 00:54:59.505,0.6966,0.6964800000000001,1,1
26.08.2021 00:55:00.139,0.6966,0.6964899999999999,1,1
26.08.2021 00:55:00.240,0.6966100000000001,0.6964899999999999,1,1
26.08.2021 00:55:00.346,0.6966100000000001,0.6965100000000001,1,1
26.08.2021 00:55:00.649,0.6966300000000001,0.6965,2.44,1
26.08.2021 00:55:03.285,0.6966,0.69647,1,1.5
26.08.2021 00:55:05.739,0.69655,0.69644,1.5,2.25
26.08.2021 00:55:05.843,0.69655,0.69642,1,2.25
26.08.2021 00:55:13.769,0.69652,0.69642,1.25,1
26.08.2021 00:55:13.870,0.6965300000000001,0.6964,1.25,1.5
26.08.2021 00:55:18.903,0.69652,0.69642,1,1
26.08.2021 00:55:22.637,0.69652,0.6964300000000001,1,1
26.08.2021 00:55:22.688,0.6965600000000001,0.69644,1.5,3
26.08.2021 00:55:22.790,0.69657,0.69644,1,1
26.08.2021 00:55:23.229,0.6965800000000001,0.69645,2.44,1
26.08.2021 00:55:25.889,0.6965800000000001,0.69644,2.44,1.5
26.08.2021 00:55:28.699,0.6965800000000001,0.69645,1.69,1
26.08.2021 00:55:28.989,0.6965800000000001,0.69644,1.69,1.5
26.08.2021 00:55:54.262,0.69657,0.6964800000000001,1,1
26.08.2021 00:55:54.312,0.6966100000000001,0.6964800000000001,1,1
26.08.2021 00:55:54.363,0.6966300000000001,0.6964899999999999,1,1.5
26.08.2021 00:55:54.464,0.6966300000000001,0.6965,1.87,1.5
26.08.2021 00:56:01.686,0.6966300000000001,0.6965300000000001,1.5,1
26.08.2021 00:56:01.787,0.69665,0.6965100000000001,1,1
26.08.2021 00:56:01.888,0.69665,0.6965,1,1.5
26.08.2021 00:56:17.088,0.69664,0.6965,1,1
26.08.2021 00:56:17.189,0.69664,0.6964899999999999,1.5,1
26.08.2021 00:56:17.442,0.6966100000000001,0.6965,1,1
26.08.2021 00:56:18.856,0.6966,0.69647,1,1
26.08.2021 00:56:18.957,0.6965800000000001,0.6964600000000001,1,1.87
26.08.2021 00:56:19.058,0.69657,0.69644,1,2.37
26.08.2021 00:56:19.260,0.6965600000000001,0.69645,1,1.87
26.08.2021 00:56:30.504,0.69654,0.6964100000000001,1,1
26.08.2021 00:56:30.555,0.6965600000000001,0.69642,1,3
26.08.2021 00:56:30.606,0.69657,0.69644,1,1
26.08.2021 00:56:31.265,0.6965800000000001,0.69644,1.5,1
26.08.2021 00:56:38.825,0.69659,0.6964600000000001,1.5,1
26.08.2021 00:56:40.885,0.69659,0.69647,1,1
26.08.2021 00:56:40.986,0.69659,0.6964800000000001,1,2.25
26.08.2021 00:56:42.987,0.6966,0.6964600000000001,1.5,1.5
26.08.2021 00:56:43.260,0.69659,0.6964800000000001,1.5,1
26.08.2021 00:56:59.368,0.69654,0.69647,1,1
26.08.2021 00:56:59.418,0.6965300000000001,0.6964100000000001,1,1.62
26.08.2021 00:56:59.469,0.6965300000000001,0.6964100000000001,1,1
26.08.2021 00:56:59.571,0.6965300000000001,0.69639,1,3.69
26.08.2021 00:57:00.037,0.6965300000000001,0.69639,1,3
26.08.2021 00:57:03.417,0.6965100000000001,0.69639,1,1
26.08.2021 00:57:03.518,0.6964899999999999,0.69637,1,1.87
26.08.2021 00:57:04.587,0.6965,0.69637,1.5,1.5
26.08.2021 00:57:12.594,0.6965100000000001,0.69638,1,1.87
26.08.2021 00:57:12.696,0.69652,0.69639,1,1
26.08.2021 00:57:16.945,0.69652,0.6964,1,1
26.08.2021 00:57:18.366,0.69652,0.6964100000000001,2.25,1
26.08.2021 00:57:20.814,0.69654,0.69645,1,1
26.08.2021 00:57:20.864,0.69657,0.69645,1.5,1
26.08.2021 00:57:21.231,0.69659,0.6964600000000001,1.5,1
26.08.2021 00:57:23.441,0.6966,0.69647,1,2.25
26.08.2021 00:57:23.643,0.6966,0.6964899999999999,1,2.25
26.08.2021 00:57:23.746,0.69662,0.6964800000000001,1,2.62
26.08.2021 00:57:27.401,0.69662,0.6964899999999999,1,1
26.08.2021 00:57:41.926,0.6966300000000001,0.69652,1.5,1
26.08.2021 00:57:42.027,0.6966600000000001,0.69655,1,1
26.08.2021 00:57:44.451,0.69665,0.69655,1,1
26.08.2021 00:57:44.552,0.6966600000000001,0.6965300000000001,1,1
26.08.2021 00:58:17.180,0.6966600000000001,0.69652,1.5,1.87
26.08.2021 00:58:17.282,0.6966300000000001,0.69652,1,2.15
26.08.2021 00:58:17.435,0.6966300000000001,0.6965100000000001,1,1.87
26.08.2021 00:58:31.025,0.69664,0.69652,1.5,1
26.08.2021 00:58:31.127,0.69664,0.6965300000000001,1,3
26.08.2021 00:58:33.433,0.6966600000000001,0.6965300000000001,2.25,1
26.08.2021 00:59:00.169,0.69667,0.69657,1.25,1
26.08.2021 00:59:00.220,0.69672,0.6965800000000001,3.75,1
26.08.2021 00:59:00.274,0.69672,0.6966,2.44,1.5
26.08.2021 00:59:00.627,0.69676,0.69662,1.5,4.12
26.08.2021 00:59:00.729,0.6967800000000001,0.69664,2.25,1.5
26.08.2021 00:59:01.262,0.69679,0.6966600000000001,1.5,1.5
26.08.2021 00:59:01.414,0.6967800000000001,0.69665,1,1
26.08.2021 00:59:01.705,0.69679,0.69665,2.25,1
26.08.2021 00:59:02.235,0.69677,0.69665,1,1
26.08.2021 00:59:02.286,0.69674,0.6966100000000001,1,1.5
26.08.2021 00:59:02.387,0.6967300000000001,0.6966,1,2.25
26.08.2021 00:59:06.393,0.69674,0.6966,1.5,1.5
26.08.2021 00:59:10.992,0.6967300000000001,0.6966,1,1
26.08.2021 00:59:11.327,0.69672,0.6966,1,1.5
26.08.2021 00:59:27.366,0.69674,0.6966,2.25,1
26.08.2021 00:59:27.789,0.6967300000000001,0.69659,1,1.5
26.08.2021 00:59:28.378,0.69669,0.69655,2.25,1.12
26.08.2021 00:59:28.479,0.69669,0.69655,2.25,2
26.08.2021 00:59:41.153,0.69671,0.69657,1.5,3
26.08.2021 00:59:41.254,0.6967,0.69657,1,1.5
26.08.2021 00:59:57.752,0.69669,0.69657,1,1
26.08.2021 00:59:57.853,0.69669,0.6965600000000001,1,1.12
26.08.2021 01:00:00.360,0.6966600000000001,0.69654,1,1.5
26.08.2021 01:00:01.738,0.6966800000000001,0.69655,1.5,1
26.08.2021 01:00:01.788,0.6966600000000001,0.69654,1,2.06
26.08.2021 01:00:01.940,0.69667,0.69654,1.12,2.06
26.08.2021 01:00:02.041,0.6966600000000001,0.69655,1,2.75
26.08.2021 01:00:03.689,0.6966600000000001,0.69655,2.62,2.81
26.08.2021 01:00:09.366,0.69667,0.69655,1.12,1
26.08.2021 01:00:10.555,0.69669,0.6965800000000001,1.25,3
26.08.2021 01:00:15.619,0.69674,0.69662,1.5,1.69
26.08.2021 01:00:15.721,0.6967800000000001,0.69664,3.44,1
26.08.2021 01:00:15.822,0.6967800000000001,0.69665,3.44,1
26.08.2021 01:00:17.129,0.6967800000000001,0.69665,1,1.5
26.08.2021 01:00:17.231,0.6967800000000001,0.69667,1.25,1
26.08.2021 01:00:19.649,0.69681,0.6966800000000001,1,1.5
26.08.2021 01:00:28.384,0.69684,0.6967300000000001,1.5,3.37
26.08.2021 01:00:28.435,0.69686,0.6967300000000001,1.5,1
26.08.2021 01:00:29.447,0.69687,0.69674,2.25,1
26.08.2021 01:00:31.396,0.69686,0.69674,2.25,1.5
26.08.2021 01:00:31.497,0.69686,0.6967300000000001,1,1.5
26.08.2021 01:00:38.397,0.6968500000000001,0.6967300000000001,1.5,3.37
26.08.2021 01:00:38.767,0.6968000000000001,0.6966800000000001,1,1.12
26.08.2021 01:00:38.868,0.69679,0.6966800000000001,1,2.25
26.08.2021 01:00:39.254,0.69681,0.6966800000000001,1.69,1
26.08.2021 01:00:43.641,0.69679,0.6966800000000001,1.5,1
26.08.2021 01:00:43.793,0.69676,0.6966600000000001,3,1
26.08.2021 01:00:43.894,0.69677,0.6966600000000001,1,1
26.08.2021 01:00:44.045,0.6967800000000001,0.6966600000000001,1.5,1
26.08.2021 01:00:44.544,0.6967800000000001,0.69665,1.5,1.25
26.08.2021 01:00:45.665,0.6967800000000001,0.69665,3.69,1.5
26.08.2021 01:00:48.740,0.6967800000000001,0.6966800000000001,2.44,1.5
26.08.2021 01:00:48.842,0.6968000000000001,0.69667,1,2.25
26.08.2021 01:00:51.161,0.69681,0.6966800000000001,1.5,1.5
26.08.2021 01:00:55.961,0.6968000000000001,0.69667,1.5,2.62
26.08.2021 01:01:04.617,0.6968000000000001,0.6966800000000001,1,1
26.08.2021 01:01:09.367,0.69681,0.6966800000000001,1.5,1.5
26.08.2021 01:01:18.779,0.6968000000000001,0.6966800000000001,1,1
26.08.2021 01:01:27.367,0.69681,0.6966800000000001,1.5,1.5
26.08.2021 01:01:31.536,0.69676,0.6966600000000001,1.5,1.5
26.08.2021 01:01:31.587,0.69676,0.6966300000000001,3.94,1.87
26.08.2021 01:01:31.638,0.69674,0.69662,1,1
26.08.2021 01:01:31.739,0.69674,0.6966100000000001,1.25,1
26.08.2021 01:01:31.840,0.6967300000000001,0.6966,1,3
26.08.2021 01:01:38.750,0.6967,0.6966,1,1
26.08.2021 01:01:41.827,0.6966800000000001,0.6966,1.5,1
26.08.2021 01:01:43.312,0.6967,0.6966,1,1
26.08.2021 01:01:45.405,0.69671,0.6966,1.5,1
26.08.2021 01:01:45.683,0.6967,0.6966,1,1
26.08.2021 01:01:48.066,0.6967,0.6966100000000001,1.5,1
26.08.2021 01:01:52.506,0.6967,0.6966,1,1
26.08.2021 01:01:52.866,0.69669,0.6966,1.5,1
26.08.2021 01:01:52.917,0.69665,0.6965300000000001,1,1.5
26.08.2021 01:01:52.968,0.69665,0.69657,1,1
26.08.2021 01:01:53.069,0.69665,0.69652,1,3
26.08.2021 01:01:54.016,0.6966300000000001,0.6965300000000001,1,1.5
26.08.2021 01:02:00.628,0.69664,0.6965100000000001,1.5,1.5
26.08.2021 01:02:03.175,0.69664,0.69652,1.5,2.25
26.08.2021 01:02:03.276,0.69669,0.69657,1,3.37
26.08.2021 01:02:03.377,0.69669,0.6965800000000001,1,1
26.08.2021 01:02:03.478,0.69669,0.69659,1,1
26.08.2021 01:02:04.118,0.69669,0.6965800000000001,1,1.87
26.08.2021 01:02:06.152,0.69669,0.69657,1,1.87
26.08.2021 01:02:06.307,0.69665,0.69654,1,1.62
26.08.2021 01:02:06.741,0.6966800000000001,0.6965600000000001,1,1.25
26.08.2021 01:02:07.398,0.69667,0.69655,1,3.56
26.08.2021 01:02:08.699,0.69667,0.69657,1,1
26.08.2021 01:02:08.750,0.69669,0.6965800000000001,1.5,3.75
26.08.2021 01:02:11.131,0.6967,0.69657,1.5,3.12
26.08.2021 01:02:12.608,0.69671,0.6965800000000001,1,1.87
26.08.2021 01:02:12.659,0.69674,0.69662,1,2.25
26.08.2021 01:02:19.638,0.69674,0.6966300000000001,1,1
26.08.2021 01:02:21.848,0.69674,0.6966100000000001,1.5,1
26.08.2021 01:02:21.950,0.6967,0.69659,1,1
26.08.2021 01:02:22.051,0.6967,0.6965800000000001,1,1
26.08.2021 01:02:25.150,0.69672,0.69659,1,2.25
26.08.2021 01:02:26.034,0.69675,0.69662,1,3.37
26.08.2021 01:02:30.932,0.69674,0.69662,1,1.5
26.08.2021 01:02:38.959,0.69674,0.6966100000000001,1,2.44
26.08.2021 01:02:46.062,0.69675,0.69665,1,1
26.08.2021 01:02:46.113,0.69679,0.6966600000000001,2.69,1
26.08.2021 01:02:46.164,0.6968000000000001,0.69667,1.5,3.37
26.08.2021 01:02:46.366,0.69679,0.69667,1,1
26.08.2021 01:02:46.601,0.69679,0.6966800000000001,1,3.37
26.08.2021 01:02:50.125,0.6967800000000001,0.6966800000000001,1,1
26.08.2021 01:02:52.172,0.6968000000000001,0.69667,1,3.37
26.08.2021 01:02:57.367,0.69679,0.69667,1,1
26.08.2021 01:02:58.442,0.6967800000000001,0.69667,1.5,3.19
26.08.2021 01:03:00.537,0.69679,0.69667,1.5,1.5
26.08.2021 01:03:00.639,0.69677,0.69665,1,2.62
26.08.2021 01:03:01.045,0.69679,0.69667,1.5,3
26.08.2021 01:03:05.547,0.69676,0.69665,1,1.75
26.08.2021 01:03:05.598,0.6967800000000001,0.6966600000000001,1,1.5
26.08.2021 01:03:05.699,0.69676,0.6966600000000001,1,2.25
26.08.2021 01:03:10.537,0.69676,0.69665,1.5,1.87
26.08.2021 01:03:10.638,0.69675,0.69665,1,1
26.08.2021 01:03:10.992,0.69675,0.69664,1,1
26.08.2021 01:03:11.098,0.69675,0.69665,1,1
26.08.2021 01:03:12.954,0.69675,0.6966300000000001,1,1.87
26.08.2021 01:03:17.691,0.69671,0.6966,1,1.12
26.08.2021 01:03:17.893,0.6967,0.6965800000000001,1.25,1.62
26.08.2021 01:03:18.243,0.6967,0.69657,1,3
26.08.2021 01:03:23.466,0.69669,0.69657,1,1.5
26.08.2021 01:03:26.726,0.6966600000000001,0.69654,1,1.94
26.08.2021 01:03:26.776,0.6966600000000001,0.69654,1,2.06
26.08.2021 01:03:27.416,0.6966600000000001,0.69655,1,1.75
26.08.2021 01:03:27.467,0.69669,0.69657,1,1.5
26.08.2021 01:03:27.618,0.6966800000000001,0.6965600000000001,1,3.25
26.08.2021 01:03:28.750,0.69669,0.6965600000000001,1,3.25
26.08.2021 01:03:30.284,0.69667,0.69657,2.44,1
26.08.2021 01:03:30.336,0.69662,0.6965100000000001,1,1.75
26.08.2021 01:03:30.387,0.69662,0.6964899999999999,1,3.75
26.08.2021 01:03:30.488,0.6966,0.6965,1,1.12
26.08.2021 01:03:34.058,0.69662,0.6964899999999999,1,1.87
26.08.2021 01:03:34.109,0.69664,0.69652,1,1.5
26.08.2021 01:03:36.072,0.69665,0.6965300000000001,1,1
26.08.2021 01:03:40.731,0.69664,0.69652,1,1
26.08.2021 01:03:43.157,0.69665,0.69652,1.5,3
26.08.2021 01:03:45.805,0.6966300000000001,0.6965300000000001,1,1
26.08.2021 01:03:46.302,0.69665,0.69652,1,3.37
26.08.2021 01:03:47.852,0.69665,0.6965300000000001,1,1
26.08.2021 01:03:50.072,0.6966100000000001,0.6965,1,2.81
26.08.2021 01:03:50.173,0.69662,0.6965,1,1
26.08.2021 01:03:50.274,0.69662,0.6964899999999999,1,1.5
26.08.2021 01:03:54.367,0.6966,0.6965,1,1.5
26.08.2021 01:03:56.646,0.69662,0.6964899999999999,1,1.5
26.08.2021 01:03:56.979,0.69662,0.6965,1,1
26.08.2021 01:03:58.875,0.6966300000000001,0.6965,1,1
26.08.2021 01:04:04.031,0.6966600000000001,0.69657,1.25,1.5
26.08.2021 01:04:04.082,0.6966800000000001,0.69657,1.5,1.5
26.08.2021 01:04:04.183,0.69667,0.69657,1,1.31
26.08.2021 01:04:04.392,0.69669,0.6965600000000001,1.5,1.87
26.08.2021 01:04:05.002,0.6966800000000001,0.69657,1.5,2.19
26.08.2021 01:04:05.104,0.6967,0.69657,1,3.31
26.08.2021 01:04:06.598,0.6967300000000001,0.69662,1,1.5
26.08.2021 01:04:06.699,0.69674,0.69662,1,1
26.08.2021 01:04:18.869,0.6967,0.6965800000000001,1,3.25
26.08.2021 01:04:18.970,0.6967,0.6965800000000001,1,1.87
26.08.2021 01:04:20.764,0.69671,0.6965800000000001,1,1.69
26.08.2021 01:04:29.048,0.69669,0.6965800000000001,1,1
26.08.2021 01:04:29.149,0.6967,0.6965800000000001,1,1
26.08.2021 01:04:29.583,0.69671,0.69659,1,1
26.08.2021 01:04:40.706,0.6967,0.69659,1,1
26.08.2021 01:04:40.757,0.6967,0.69657,1,2.62
26.08.2021 01:04:40.882,0.6967,0.6965800000000001,1,1
26.08.2021 01:04:41.457,0.69671,0.6965800000000001,1,1.87
26.08.2021 01:05:00.798,0.69672,0.69659,1.5,2.25
26.08.2021 01:05:00.899,0.69675,0.69662,1.69,3
26.08.2021 01:05:20.642,0.69671,0.69662,1,1
26.08.2021 01:05:20.693,0.69671,0.69659,1,1.12
26.08.2021 01:05:23.647,0.69672,0.69659,1,1.12
26.08.2021 01:05:25.085,0.69672,0.6966,1,1
26.08.2021 01:05:25.136,0.69674,0.69662,1,2.25
26.08.2021 01:05:27.387,0.69672,0.6966,1,1.5
26.08.2021 01:05:32.482,0.69672,0.6966100000000001,1.5,1.5
26.08.2021 01:05:43.139,0.69672,0.6966,1,1.5
26.08.2021 01:05:43.240,0.6967300000000001,0.6966,1.5,1.5
26.08.2021 01:05:43.507,0.6967300000000001,0.6966100000000001,1.5,1
26.08.2021 01:05:51.086,0.6967300000000001,0.69662,1,1
26.08.2021 01:05:51.187,0.69676,0.69667,1,1
26.08.2021 01:05:51.288,0.6968000000000001,0.6966800000000001,1,1
26.08.2021 01:05:52.751,0.6967800000000001,0.6966600000000001,1,1
26.08.2021 01:05:54.495,0.69677,0.69665,1.5,1
26.08.2021 01:06:00.679,0.69677,0.69664,1.5,1
26.08.2021 01:06:06.198,0.69675,0.69665,1,1
26.08.2021 01:06:07.373,0.69676,0.6966600000000001,1,1
26.08.2021 01:06:13.638,0.69675,0.69664,1.5,1
26.08.2021 01:06:13.789,0.69676,0.69664,1,1
26.08.2021 01:06:18.520,0.69675,0.6966300000000001,1,1
26.08.2021 01:06:20.370,0.69674,0.6966300000000001,1,1
26.08.2021 01:06:20.471,0.69674,0.69662,1,1
26.08.2021 01:06:24.670,0.69674,0.6966100000000001,1.5,1
26.08.2021 01:06:27.644,0.6967,0.69659,1,1
26.08.2021 01:06:27.745,0.6967,0.6965800000000001,1,1
26.08.2021 01:06:44.061,0.69669,0.6965600000000001,1,2.06
26.08.2021 01:06:50.944,0.69665,0.69654,2.25,3.62
26.08.2021 01:06:51.045,0.69662,0.6965,1,1.1
26.08.2021 01:06:51.096,0.69662,0.6964899999999999,1,1.69
26.08.2021 01:06:51.197,0.69662,0.6965,1,1
26.08.2021 01:06:51.298,0.6966300000000001,0.6965100000000001,1,1
26.08.2021 01:06:51.399,0.6966300000000001,0.6965,1,2.44
26.08.2021 01:06:51.500,0.6966300000000001,0.6965100000000001,1,1
26.08.2021 01:06:51.750,0.6966300000000001,0.6965,1,2.44
26.08.2021 01:06:51.989,0.6966300000000001,0.6965100000000001,1,1
26.08.2021 01:06:52.955,0.6966300000000001,0.6965,1,2.44
26.08.2021 01:06:57.826,0.6966300000000001,0.69652,1.5,1
26.08.2021 01:06:57.927,0.69665,0.69652,1,3.37
26.08.2021 01:07:01.511,0.69665,0.69652,1,3.31
26.08.2021 01:07:02.763,0.69664,0.6965300000000001,1,2.44
26.08.2021 01:07:02.864,0.69664,0.6965100000000001,1,1.87
26.08.2021 01:07:05.063,0.69664,0.69652,1,1
26.08.2021 01:07:05.164,0.69665,0.69652,1.5,2.25
26.08.2021 01:07:12.077,0.69664,0.6965100000000001,1,1.5
26.08.2021 01:07:20.469,0.69664,0.69652,1,1
26.08.2021 01:07:20.570,0.69665,0.69652,1.5,1.5
26.08.2021 01:07:21.169,0.69664,0.6965100000000001,1,1.87
26.08.2021 01:07:22.540,0.69662,0.6964899999999999,1,3.19
26.08.2021 01:07:28.332,0.6966100000000001,0.6964899999999999,1,1.12
26.08.2021 01:07:32.774,0.6966,0.69647,1,2.06
26.08.2021 01:07:32.825,0.6965800000000001,0.69645,1,3.5
26.08.2021 01:07:32.926,0.69657,0.69644,1,2
26.08.2021 01:07:33.027,0.6965600000000001,0.69644,1,1
26.08.2021 01:07:34.737,0.69655,0.69644,1.5,2.81
26.08.2021 01:07:34.838,0.69654,0.6964100000000001,1.5,1.25
26.08.2021 01:07:35.541,0.69655,0.6964300000000001,1.5,1
26.08.2021 01:07:35.871,0.69654,0.6964100000000001,1.5,2.31
26.08.2021 01:07:35.972,0.69654,0.6964100000000001,1.5,1.5
26.08.2021 01:07:40.163,0.69654,0.69642,1,2.25
26.08.2021 01:07:40.264,0.69655,0.69642,1.5,2.62
26.08.2021 01:07:40.365,0.69657,0.69644,1,1
26.08.2021 01:07:43.031,0.69652,0.69639,1.5,3.5
26.08.2021 01:07:43.132,0.6964800000000001,0.69637,1.25,1
26.08.2021 01:07:43.233,0.69647,0.69634,1,1.87
26.08.2021 01:07:44.466,0.6964600000000001,0.69634,1,1
26.08.2021 01:07:47.082,0.69647,0.69634,1,1.5
26.08.2021 01:07:50.084,0.6964600000000001,0.69633,1,1.12
26.08.2021 01:07:59.084,0.69647,0.69634,1.25,1
26.08.2021 01:08:00.926,0.6965,0.69637,1.75,4.62
26.08.2021 01:08:00.977,0.69652,0.69639,1.25,1
26.08.2021 01:08:04.902,0.6965,0.69639,1,1.87
26.08.2021 01:08:05.928,0.6964800000000001,0.69637,1.69,1
26.08.2021 01:08:06.029,0.6964800000000001,0.69635,1,1
26.08.2021 01:08:12.367,0.69647,0.69634,1,1
26.08.2021 01:08:25.779,0.6964800000000001,0.69634,1.69,1
26.08.2021 01:08:25.927,0.6964600000000001,0.69633,1,1.5
26.08.2021 01:08:30.294,0.69644,0.69633,1,1
26.08.2021 01:08:30.345,0.6964100000000001,0.69628,1.25,2.75
26.08.2021 01:08:30.447,0.6964100000000001,0.6962700000000001,1.25,1.87
26.08.2021 01:08:30.548,0.6964,0.6962700000000001,1,1.87
26.08.2021 01:08:31.330,0.69638,0.69628,1,1
26.08.2021 01:08:31.431,0.6964,0.6962700000000001,1.25,1.87
26.08.2021 01:08:31.655,0.69639,0.6962600000000001,1,1.87
26.08.2021 01:08:35.526,0.69639,0.6962600000000001,1,2
26.08.2021 01:08:39.367,0.69639,0.6962700000000001,1.25,2
26.08.2021 01:08:39.967,0.6964100000000001,0.69628,1.5,1
26.08.2021 01:08:40.068,0.6964100000000001,0.69629,1,1
26.08.2021 01:08:40.220,0.6964100000000001,0.6963,1.25,1
26.08.2021 01:08:40.339,0.6964100000000001,0.69629,1.25,1.5
26.08.2021 01:08:41.801,0.69642,0.69629,1.25,1
26.08.2021 01:08:45.708,0.6964100000000001,0.69629,1,1
26.08.2021 01:08:45.890,0.6964100000000001,0.69628,1,1
26.08.2021 01:08:46.276,0.6964100000000001,0.6962700000000001,1,2.62
26.08.2021 01:08:52.594,0.6964,0.6962700000000001,1,1.12
26.08.2021 01:08:52.695,0.6964100000000001,0.6962700000000001,1,3.37
26.08.2021 01:08:52.797,0.6964100000000001,0.69628,1,1
26.08.2021 01:08:53.409,0.6964100000000001,0.6962700000000001,1,3
26.08.2021 01:08:54.156,0.6964,0.69629,1,1
26.08.2021 01:08:54.608,0.6964100000000001,0.6962700000000001,1,2.62
26.08.2021 01:08:55.495,0.6964100000000001,0.69628,1,1.87
26.08.2021 01:08:57.484,0.69642,0.69628,1,2.62
26.08.2021 01:08:57.585,0.69642,0.69629,1,1
26.08.2021 01:08:58.966,0.6964100000000001,0.69629,1,1
26.08.2021 01:08:59.118,0.6964100000000001,0.6963,1,1
26.08.2021 01:09:00.988,0.69644,0.69632,1,2.62
26.08.2021 01:09:01.090,0.69645,0.69633,1,1
26.08.2021 01:09:02.741,0.69645,0.6963100000000001,1,3.5
26.08.2021 01:09:03.454,0.69645,0.69634,1.25,1
26.08.2021 01:09:03.966,0.69645,0.69633,1,1
26.08.2021 01:09:04.127,0.69645,0.6963100000000001,1,4.25
26.08.2021 01:09:04.423,0.69644,0.6963100000000001,1,3.5
26.08.2021 01:09:05.423,0.69642,0.6963,1,1
26.08.2021 01:09:05.625,0.69642,0.69628,1,3.5
26.08.2021 01:09:05.776,0.6964,0.69628,1,1.87
26.08.2021 01:09:05.878,0.69638,0.69628,1,1.5
26.08.2021 01:09:05.979,0.69637,0.6962700000000001,1,1.5
26.08.2021 01:09:10.866,0.6963600000000001,0.6962700000000001,1,1.5
26.08.2021 01:09:11.508,0.69637,0.69624,1,15.75
26.08.2021 01:09:12.589,0.6963600000000001,0.69624,1,15
26.08.2021 01:09:13.808,0.69632,0.69625,1,15.19
26.08.2021 01:09:13.909,0.69632,0.69624,1,15.75
26.08.2021 01:09:20.902,0.69633,0.69625,1.25,15.19
26.08.2021 01:09:23.485,0.69635,0.69624,1,15.75
26.08.2021 01:09:23.587,0.6963600000000001,0.69624,1,15
26.08.2021 01:09:27.290,0.69635,0.69624,1,15.75
26.08.2021 01:09:27.684,0.6963600000000001,0.69624,1,15
26.08.2021 01:09:33.681,0.69635,0.69624,1,15.75
26.08.2021 01:09:34.869,0.69634,0.69624,1,15.75
26.08.2021 01:09:35.222,0.69632,0.69624,1,15
26.08.2021 01:09:38.918,0.69633,0.69624,1,15.75
26.08.2021 01:09:41.643,0.69634,0.69625,1.69,15.75
26.08.2021 01:09:44.569,0.69634,0.69624,1.5,15.75
26.08.2021 01:09:44.720,0.69635,0.69624,1.25,15.75
26.08.2021 01:09:49.468,0.69633,0.69624,1,15.75
26.08.2021 01:09:51.920,0.69632,0.69624,1,15
26.08.2021 01:09:56.210,0.69633,0.69624,1.25,15.75
26.08.2021 01:09:57.953,0.69632,0.69624,1.75,2.25
26.08.2021 01:09:59.685,0.69632,0.69624,1.25,15
26.08.2021 01:10:00.152,0.69633,0.69624,1,15
26.08.2021 01:10:00.254,0.69634,0.69624,1,15.75
26.08.2021 01:10:03.152,0.6963600000000001,0.69624,1,15
26.08.2021 01:10:04.848,0.69637,0.69624,1,15
26.08.2021 01:10:04.949,0.69637,0.69625,1.69,15.75
26.08.2021 01:10:06.903,0.69637,0.69624,1,15.75
26.08.2021 01:10:07.539,0.69638,0.69624,1.69,16.5
26.08.2021 01:10:13.152,0.69637,0.69624,1,15
26.08.2021 01:10:15.576,0.69637,0.69623,1,1.69
26.08.2021 01:10:15.911,0.69634,0.6962100000000001,1,1.5
26.08.2021 01:10:16.013,0.69633,0.69619,1,4.5
26.08.2021 01:10:16.164,0.69633,0.69619,1,4.5
26.08.2021 01:10:16.708,0.69632,0.69619,1,3.5
26.08.2021 01:10:16.809,0.6962700000000001,0.6961600000000001,1,1
26.08.2021 01:10:16.860,0.6962600000000001,0.69614,2.25,3.5
26.08.2021 01:10:16.910,0.69625,0.69613,1,1.5
26.08.2021 01:10:17.522,0.6962600000000001,0.69614,1.25,3.5
26.08.2021 01:10:17.774,0.6962600000000001,0.6961700000000001,1,1
26.08.2021 01:10:18.184,0.6962700000000001,0.69614,1,1.87
26.08.2021 01:10:20.258,0.6962700000000001,0.69615,1.25,2.62
26.08.2021 01:10:20.663,0.69628,0.69615,1.25,1
26.08.2021 01:10:21.315,0.69632,0.69619,1,3.37
26.08.2021 01:10:22.862,0.69634,0.6962100000000001,1.25,1
26.08.2021 01:10:24.013,0.69632,0.6962,1,1
26.08.2021 01:10:24.165,0.69633,0.6962,1.25,1
26.08.2021 01:10:24.975,0.69632,0.6962,1,1
26.08.2021 01:10:27.289,0.6963100000000001,0.6962,1,2.25
26.08.2021 01:10:28.332,0.6963,0.69618,1,1.87
26.08.2021 01:10:28.433,0.69629,0.69618,1,1
26.08.2021 01:10:28.534,0.6963,0.69618,1,1
26.08.2021 01:10:28.636,0.69628,0.69619,1,1
26.08.2021 01:10:28.859,0.69629,0.6961700000000001,1,2.25
26.08.2021 01:10:35.518,0.69629,0.6961600000000001,1,1.27
26.08.2021 01:10:35.670,0.6962700000000001,0.69615,1,1
26.08.2021 01:10:39.343,0.6962700000000001,0.6961600000000001,1,1
26.08.2021 01:10:40.352,0.6962700000000001,0.69615,1,1
26.08.2021 01:10:45.708,0.6963100000000001,0.69619,1.69,2.19
26.08.2021 01:10:45.810,0.69634,0.6962200000000001,1,2.62
26.08.2021 01:10:45.911,0.6963600000000001,0.69623,1,1.12
26.08.2021 01:10:46.012,0.6963600000000001,0.69624,1,1
26.08.2021 01:10:48.797,0.69635,0.6962200000000001,1,3.69
26.08.2021 01:10:57.678,0.6963100000000001,0.6962,1,1.31
26.08.2021 01:10:57.780,0.6963100000000001,0.69619,1,1.12
26.08.2021 01:10:58.271,0.6963,0.69619,1,1.12
26.08.2021 01:10:58.948,0.6963100000000001,0.69619,1,1.12
26.08.2021 01:11:00.794,0.6963,0.69619,1,1.12
26.08.2021 01:11:01.585,0.6963100000000001,0.69619,1,1.12
26.08.2021 01:11:03.583,0.6963100000000001,0.6962,1,1
26.08.2021 01:11:06.035,0.69632,0.6962,1,1
26.08.2021 01:11:13.357,0.6963100000000001,0.6962,1,1
26.08.2021 01:11:18.325,0.69632,0.6962,1,1
26.08.2021 01:11:22.539,0.6963100000000001,0.6962,1,1
26.08.2021 01:11:32.480,0.69632,0.6962,1,1
26.08.2021 01:11:36.619,0.69635,0.69624,1,1
26.08.2021 01:11:36.720,0.6963600000000001,0.69624,1,1
26.08.2021 01:11:43.145,0.69637,0.69624,1,1.5
26.08.2021 01:11:48.407,0.69637,0.69625,1,1
26.08.2021 01:12:03.650,0.69637,0.69625,1,1.5
26.08.2021 01:12:05.442,0.69637,0.69625,1,1
26.08.2021 01:12:06.439,0.69637,0.6962600000000001,1,1.5
26.08.2021 01:12:08.267,0.69637,0.69625,1,1.5
26.08.2021 01:12:12.366,0.69638,0.69625,1,1.5
26.08.2021 01:12:14.566,0.69642,0.6963,1.12,1
26.08.2021 01:12:14.668,0.69644,0.69632,1,3.37
26.08.2021 01:12:15.455,0.6964600000000001,0.69634,1,1
26.08.2021 01:12:15.556,0.69647,0.69634,1,1.5
26.08.2021 01:12:20.010,0.69644,0.69632,1,1.31
26.08.2021 01:12:22.905,0.6964,0.6963,1,1.62
26.08.2021 01:12:23.422,0.6964100000000001,0.69629,1,1.12
26.08.2021 01:12:26.254,0.69642,0.69629,1,1.5
26.08.2021 01:12:32.234,0.6964100000000001,0.69629,1,1.69
26.08.2021 01:12:33.141,0.6964100000000001,0.6963,1,1.69
26.08.2021 01:12:57.363,0.6964300000000001,0.6963,1.5,1
26.08.2021 01:12:59.879,0.69645,0.69633,1.25,1.5
26.08.2021 01:12:59.980,0.69647,0.69634,1,1
26.08.2021 01:13:00.081,0.6964600000000001,0.6963600000000001,1,1
26.08.2021 01:13:00.132,0.6964899999999999,0.6963600000000001,1.5,1.5
26.08.2021 01:13:01.070,0.6964800000000001,0.6963600000000001,1,1
26.08.2021 01:13:01.371,0.6965100000000001,0.69638,1.5,1
26.08.2021 01:13:08.789,0.6965,0.69638,1.5,2.81
26.08.2021 01:13:09.166,0.6965,0.69637,1,2.81
26.08.2021 01:13:10.384,0.6965,0.69637,1,4.25
26.08.2021 01:13:11.384,0.6964899999999999,0.69637,1,2.75
26.08.2021 01:13:11.485,0.6964800000000001,0.69637,1,1.31
26.08.2021 01:13:15.618,0.6964800000000001,0.6963600000000001,4,1
26.08.2021 01:13:15.719,0.6964600000000001,0.69635,1,1
26.08.2021 01:13:22.754,0.6964100000000001,0.69632,1,1.5
26.08.2021 01:13:22.805,0.6964,0.6963100000000001,2.25,1
26.08.2021 01:13:22.906,0.6963600000000001,0.6962700000000001,1,1
26.08.2021 01:13:23.158,0.69637,0.69625,1,1
26.08.2021 01:13:26.714,0.69637,0.69624,1,2.25
26.08.2021 01:13:32.543,0.69637,0.6962600000000001,1.25,1
26.08.2021 01:13:34.584,0.69637,0.69624,1,1.87
26.08.2021 01:13:47.169,0.6964,0.69628,1.25,1.87
26.08.2021 01:13:47.425,0.69642,0.69633,1.75,2.62
26.08.2021 01:13:47.479,0.69645,0.69635,1,1
26.08.2021 01:13:53.871,0.6964899999999999,0.6963600000000001,1.25,1.5
26.08.2021 01:13:54.728,0.69647,0.69637,1,1.12
26.08.2021 01:13:55.511,0.6964800000000001,0.69635,1,1.5
26.08.2021 01:13:55.612,0.6964600000000001,0.69635,1,2.62
26.08.2021 01:13:56.067,0.6964600000000001,0.69634,1,1
26.08.2021 01:13:56.168,0.69645,0.69634,1,2.25
26.08.2021 01:13:58.175,0.69645,0.69634,1,3.12
26.08.2021 01:13:59.177,0.6964600000000001,0.69633,1,2.25
26.08.2021 01:14:01.361,0.69647,0.69634,1.69,1.5
26.08.2021 01:14:04.946,0.69647,0.69635,1.25,1
26.08.2021 01:14:07.193,0.6965100000000001,0.69638,4,1
26.08.2021 01:14:07.344,0.6964800000000001,0.69638,1,1
26.08.2021 01:14:07.445,0.6964899999999999,0.6963600000000001,1,1.87
26.08.2021 01:14:08.854,0.6964800000000001,0.6963600000000001,1,1.5
26.08.2021 01:14:10.116,0.6964800000000001,0.69635,1,2.25
26.08.2021 01:14:19.414,0.69647,0.69635,1,1.5
26.08.2021 01:14:30.665,0.6964600000000001,0.69634,1,1.5
26.08.2021 01:14:31.966,0.69647,0.69634,1,2.25
26.08.2021 01:14:35.003,0.6964600000000001,0.69634,1,2.25
26.08.2021 01:14:38.462,0.69647,0.69634,1,1.5
26.08.2021 01:14:53.937,0.69647,0.69635,1,1
26.08.2021 01:15:00.787,0.69647,0.69634,1,1.5
26.08.2021 01:15:01.740,0.69645,0.69633,1.69,1
26.08.2021 01:15:03.367,0.6964600000000001,0.69635,2.44,1
26.08.2021 01:15:03.469,0.6964800000000001,0.6963600000000001,2.44,1
26.08.2021 01:15:03.571,0.69647,0.69635,1.5,1
26.08.2021 01:15:08.579,0.69645,0.69634,1.5,1
26.08.2021 01:15:08.916,0.6964600000000001,0.69634,1.25,1.5
26.08.2021 01:15:09.122,0.69644,0.69634,1.5,1
26.08.2021 01:15:09.173,0.6964300000000001,0.69632,1.5,1
26.08.2021 01:15:09.274,0.69642,0.69632,1,1
26.08.2021 01:15:12.547,0.6964100000000001,0.69632,1.25,1
26.08.2021 01:15:12.598,0.6964100000000001,0.69628,1,2.62
26.08.2021 01:15:12.699,0.69639,0.6962600000000001,1.5,1
26.08.2021 01:15:12.800,0.69638,0.69625,1.25,1
26.08.2021 01:15:13.882,0.6963600000000001,0.69625,1,1
26.08.2021 01:15:14.033,0.6963600000000001,0.69623,1,1.12
26.08.2021 01:15:16.109,0.69635,0.69623,1,1
26.08.2021 01:15:16.618,0.6963600000000001,0.69623,1,1.12
26.08.2021 01:15:16.719,0.69637,0.69624,1.69,1
26.08.2021 01:15:17.686,0.69634,0.69623,1,1.87
26.08.2021 01:15:17.938,0.69635,0.69623,1,1
26.08.2021 01:15:21.388,0.69635,0.6962200000000001,1,2.25
26.08.2021 01:15:22.669,0.6963600000000001,0.69623,1,1
26.08.2021 01:15:22.821,0.69637,0.69624,1.5,1
26.08.2021 01:15:24.580,0.6963600000000001,0.69623,1,1.12
26.08.2021 01:15:28.353,0.69634,0.6962100000000001,1,2
26.08.2021 01:15:28.724,0.69632,0.69619,1,2
26.08.2021 01:15:28.826,0.69632,0.69619,1,1
26.08.2021 01:15:35.483,0.69633,0.6962,1,1.12
26.08.2021 01:15:49.332,0.69633,0.6962100000000001,1,1
26.08.2021 01:15:51.473,0.69635,0.69623,1,1
26.08.2021 01:15:51.574,0.69637,0.69624,3.19,1
26.08.2021 01:15:52.268,0.6963600000000001,0.69623,1.5,1.12
26.08.2021 01:15:54.824,0.69637,0.69624,1.69,1
26.08.2021 01:16:07.909,0.6963600000000001,0.69623,1,1.87
26.08.2021 01:16:12.078,0.69635,0.69625,1,1
26.08.2021 01:16:12.562,0.6963600000000001,0.69625,1.5,1
26.08.2021 01:16:17.512,0.69637,0.69625,1.5,1
26.08.2021 01:16:21.827,0.6964,0.69628,1,1.12
26.08.2021 01:16:21.929,0.69642,0.69629,1,1.5
26.08.2021 01:16:22.081,0.6964300000000001,0.6963,1,1
26.08.2021 01:16:22.284,0.69642,0.69629,1,2.25
26.08.2021 01:16:22.605,0.6964300000000001,0.6963,1,1
26.08.2021 01:16:22.886,0.69642,0.6963,1,1
26.08.2021 01:16:24.178,0.69642,0.69629,1,2.25
26.08.2021 01:16:27.024,0.69642,0.6963,1,1
26.08.2021 01:16:27.207,0.69642,0.69629,1,2.25
26.08.2021 01:16:28.395,0.6964300000000001,0.6963,1,1
26.08.2021 01:16:28.496,0.6964100000000001,0.6963,1,2.25
26.08.2021 01:16:29.889,0.69642,0.6963,1,1
26.08.2021 01:16:31.337,0.69642,0.69629,1,3
26.08.2021 01:16:31.388,0.69642,0.69632,1,1
26.08.2021 01:16:31.439,0.69645,0.69633,1,1.87
26.08.2021 01:16:31.591,0.6964600000000001,0.69634,1,1
26.08.2021 01:16:45.608,0.6965,0.69637,1.5,3.37
26.08.2021 01:16:45.710,0.6965100000000001,0.69639,1,1
26.08.2021 01:16:51.950,0.69652,0.69639,1,1.5
26.08.2021 01:17:02.075,0.6965100000000001,0.69639,1,1
26.08.2021 01:17:10.896,0.69652,0.69639,1,1.5
26.08.2021 01:17:12.966,0.6965,0.6964,1,1
26.08.2021 01:17:17.220,0.6965100000000001,0.69639,1,2.75
26.08.2021 01:17:17.473,0.6965100000000001,0.6964100000000001,1,1
26.08.2021 01:17:17.980,0.69652,0.69642,1,1
26.08.2021 01:17:18.155,0.6965300000000001,0.69642,1,1
26.08.2021 01:17:23.166,0.69654,0.69642,1,1
26.08.2021 01:17:27.368,0.6965300000000001,0.69642,1,1
26.08.2021 01:17:32.317,0.6965300000000001,0.6964100000000001,1,1
26.08.2021 01:17:32.418,0.69652,0.69644,1,1.12
26.08.2021 01:17:34.590,0.6965300000000001,0.69644,1,1.12
26.08.2021 01:17:34.691,0.6965800000000001,0.6964899999999999,1,1
26.08.2021 01:17:34.792,0.69659,0.6964800000000001,1,1.12
26.08.2021 01:17:34.957,0.69659,0.6964899999999999,1,1
26.08.2021 01:17:38.929,0.69659,0.6965,1,1
26.08.2021 01:17:38.979,0.6966100000000001,0.6965100000000001,1,1
26.08.2021 01:17:39.030,0.69662,0.69654,1,1
26.08.2021 01:17:39.081,0.69665,0.69654,1,1
26.08.2021 01:17:39.132,0.6966600000000001,0.69657,1,1
26.08.2021 01:17:39.233,0.69667,0.6965800000000001,1,1
26.08.2021 01:17:39.334,0.6966800000000001,0.6965800000000001,1,1
26.08.2021 01:17:40.883,0.69667,0.6965800000000001,1,1
26.08.2021 01:17:41.086,0.69665,0.69657,1,1
26.08.2021 01:17:49.517,0.69665,0.6965600000000001,1,1
26.08.2021 01:17:49.568,0.6966300000000001,0.6965300000000001,1,1
26.08.2021 01:17:49.669,0.6966300000000001,0.69652,1,1.25
26.08.2021 01:17:56.527,0.6966,0.6965100000000001,1,1
26.08.2021 01:17:56.628,0.6966100000000001,0.6965100000000001,1,1
26.08.2021 01:17:56.782,0.6966,0.6965,1,1
26.08.2021 01:17:59.739,0.6966,0.6965100000000001,1,1
26.08.2021 01:18:12.887,0.6966300000000001,0.6965100000000001,1,1
26.08.2021 01:18:12.989,0.69664,0.69652,1,1.25
26.08.2021 01:18:13.140,0.6966300000000001,0.69654,1,1
26.08.2021 01:18:19.701,0.6966800000000001,0.69655,1.12,1.69
26.08.2021 01:18:19.853,0.6966800000000001,0.6965600000000001,1,1
26.08.2021 01:18:21.779,0.69669,0.69657,1,2.69
26.08.2021 01:18:22.033,0.69669,0.6965800000000001,1,1.5
26.08.2021 01:18:27.367,0.6967,0.6965800000000001,1,2.69
26.08.2021 01:18:48.816,0.69669,0.6965800000000001,1,1.94
26.08.2021 01:18:48.918,0.69665,0.69654,1,1.25
26.08.2021 01:18:49.019,0.69665,0.6965300000000001,1.5,1
26.08.2021 01:18:49.847,0.69664,0.69652,1,1.69
26.08.2021 01:18:55.720,0.6966300000000001,0.6965100000000001,1,2.25
26.08.2021 01:19:00.707,0.6966300000000001,0.6965300000000001,1,1
26.08.2021 01:19:03.593,0.69665,0.6965300000000001,1,1.69
26.08.2021 01:19:03.694,0.6967,0.69659,1,1
26.08.2021 01:19:05.534,0.69669,0.69659,1,1
26.08.2021 01:19:05.905,0.69669,0.69657,1,5.5
26.08.2021 01:19:06.006,0.6966800000000001,0.6965800000000001,1,1.69
26.08.2021 01:19:06.108,0.6966800000000001,0.6966100000000001,1,2.44
26.08.2021 01:19:06.209,0.69671,0.6966100000000001,1,1.69
26.08.2021 01:19:14.209,0.6967300000000001,0.6966100000000001,1,1
26.08.2021 01:19:16.939,0.69674,0.69662,1,1
26.08.2021 01:19:22.892,0.69676,0.6966600000000001,1,1.25
26.08.2021 01:19:22.993,0.6967800000000001,0.69667,1,1
26.08.2021 01:19:23.044,0.6968000000000001,0.6966800000000001,1.87,1.5
26.08.2021 01:19:23.398,0.6968000000000001,0.69669,1.5,1
26.08.2021 01:19:23.449,0.6968300000000001,0.69672,1,1
26.08.2021 01:19:24.006,0.69684,0.6967300000000001,1,1.25
26.08.2021 01:19:25.709,0.6968500000000001,0.6967300000000001,1,1.69
26.08.2021 01:19:27.538,0.69686,0.69674,1,1.5
26.08.2021 01:19:27.747,0.69684,0.69674,1,1
26.08.2021 01:19:28.325,0.6968500000000001,0.69674,1,1
26.08.2021 01:19:28.426,0.6968300000000001,0.69675,1,1
26.08.2021 01:19:31.480,0.6968300000000001,0.69674,1,1
26.08.2021 01:19:31.582,0.6968300000000001,0.69672,1,1
26.08.2021 01:19:31.683,0.69681,0.6967300000000001,1,1
26.08.2021 01:19:34.796,0.69682,0.69671,1,1
26.08.2021 01:19:37.126,0.69681,0.69671,1,1
26.08.2021 01:19:37.227,0.69682,0.69672,1,1
26.08.2021 01:19:39.954,0.6968300000000001,0.69672,1,1
26.08.2021 01:19:41.812,0.69682,0.69672,1,1
26.08.2021 01:19:43.376,0.69682,0.6967300000000001,1,1
26.08.2021 01:19:43.710,0.69682,0.69672,1,1
26.08.2021 01:19:52.934,0.69687,0.69677,3.19,1.87
26.08.2021 01:19:53.035,0.6969000000000001,0.69682,1,1
26.08.2021 01:19:53.137,0.69694,0.69682,1,1.5
26.08.2021 01:19:53.188,0.69694,0.6968500000000001,1,1
26.08.2021 01:19:53.491,0.69694,0.69686,1,1
26.08.2021 01:19:53.592,0.69696,0.69688,1,1
26.08.2021 01:19:54.046,0.69698,0.69688,1,1
26.08.2021 01:19:54.604,0.69699,0.69688,1,1
26.08.2021 01:19:57.368,0.69703,0.69693,2.44,1
26.08.2021 01:19:57.419,0.69701,0.6969000000000001,1,1.5
26.08.2021 01:19:59.302,0.69702,0.6969000000000001,1,1.5
26.08.2021 01:20:00.209,0.69701,0.6969000000000001,1,1.5
26.08.2021 01:20:02.625,0.69702,0.6969000000000001,1,1.5
26.08.2021 01:20:03.655,0.69701,0.69692,1,1
26.08.2021 01:20:03.816,0.69701,0.69691,1,1
26.08.2021 01:20:06.602,0.69702,0.69691,1,1
26.08.2021 01:20:12.687,0.69704,0.69693,1,1
26.08.2021 01:20:12.788,0.6970500000000001,0.6969500000000001,1.5,1
26.08.2021 01:20:12.890,0.69707,0.6969500000000001,1.5,1.5
26.08.2021 01:20:13.105,0.69707,0.69696,1.5,1
26.08.2021 01:20:23.788,0.69702,0.69693,3.75,1.5
26.08.2021 01:20:23.889,0.69702,0.69691,1,1.5
26.08.2021 01:20:24.242,0.69701,0.69691,1,1
26.08.2021 01:20:26.802,0.69701,0.69693,1,1
26.08.2021 01:20:26.853,0.69704,0.69696,1,1
26.08.2021 01:20:26.954,0.6970500000000001,0.69696,1,1
26.08.2021 01:20:27.114,0.6970600000000001,0.69696,1.5,1
26.08.2021 01:20:31.403,0.6970600000000001,0.69697,1,1
26.08.2021 01:20:32.921,0.69704,0.6969500000000001,1,1
26.08.2021 01:20:33.023,0.69703,0.6969500000000001,1,1
26.08.2021 01:20:33.619,0.69704,0.6969500000000001,1.12,1
26.08.2021 01:20:35.665,0.69703,0.69694,1,1
26.08.2021 01:20:36.687,0.69702,0.69694,1,1
26.08.2021 01:20:36.789,0.69703,0.69692,1,1.5
26.08.2021 01:20:39.085,0.69702,0.6969500000000001,1,1
26.08.2021 01:20:39.187,0.69703,0.69694,1.5,1
26.08.2021 01:20:39.619,0.6970600000000001,0.6969500000000001,1,1.69
26.08.2021 01:20:39.925,0.6970500000000001,0.69697,1,1
26.08.2021 01:20:40.077,0.69707,0.69697,1,1.5
26.08.2021 01:20:40.178,0.6971,0.6970000000000001,1,1
26.08.2021 01:20:40.279,0.69707,0.69697,1,1
26.08.2021 01:20:40.380,0.6970500000000001,0.6969500000000001,1.5,1.5
26.08.2021 01:20:40.431,0.69704,0.69693,1,1
26.08.2021 01:20:40.633,0.69703,0.69692,1,1.69
26.08.2021 01:20:42.749,0.6970500000000001,0.6969500000000001,1,1.25
26.08.2021 01:20:42.800,0.69708,0.69697,1,1.94
26.08.2021 01:20:42.902,0.69709,0.69698,1,1.69
26.08.2021 01:21:02.885,0.69708,0.69698,1,1
26.08.2021 01:21:02.936,0.69707,0.69696,1,1.5
26.08.2021 01:21:04.420,0.69708,0.69697,1,1
26.08.2021 01:21:04.679,0.69707,0.69696,1.25,1.5
26.08.2021 01:21:10.504,0.69708,0.69697,1,1.5
26.08.2021 01:21:13.120,0.69707,0.69697,1,1
26.08.2021 01:21:13.171,0.69703,0.6969500000000001,1,1
26.08.2021 01:21:13.272,0.69699,0.6969000000000001,1.25,1.87
26.08.2021 01:21:13.323,0.69699,0.69688,1.75,1
26.08.2021 01:21:13.424,0.69698,0.69689,1,1
26.08.2021 01:21:14.374,0.69697,0.69688,1,1.5
26.08.2021 01:21:17.294,0.69696,0.6968500000000001,1,1.5
26.08.2021 01:21:17.396,0.6969000000000001,0.69679,1.5,2
26.08.2021 01:21:17.447,0.69689,0.6967800000000001,1,3.5
26.08.2021 01:21:17.498,0.69688,0.69677,1,2.44
26.08.2021 01:21:17.599,0.69687,0.69676,1,1
26.08.2021 01:21:17.701,0.69686,0.69675,1,1.87
26.08.2021 01:21:20.884,0.69689,0.69679,1.75,1
26.08.2021 01:21:21.525,0.69686,0.69675,1,1.5
26.08.2021 01:21:30.370,0.6968500000000001,0.69674,1,1.87
26.08.2021 01:21:37.108,0.69686,0.69674,1,1.5
26.08.2021 01:21:37.693,0.69686,0.69675,1,1
26.08.2021 01:21:37.794,0.69686,0.69674,1,1.5
26.08.2021 01:21:39.805,0.6968500000000001,0.69674,1,1.5
26.08.2021 01:21:40.517,0.69686,0.69674,1,1.5
26.08.2021 01:21:40.968,0.69689,0.69677,1.5,3.37
26.08.2021 01:21:41.069,0.69691,0.6968000000000001,1,1
26.08.2021 01:21:49.629,0.69692,0.69681,1,1
26.08.2021 01:21:49.781,0.69692,0.6968000000000001,1,1
26.08.2021 01:21:53.885,0.69692,0.69681,1,1
26.08.2021 01:21:55.557,0.69693,0.6968300000000001,1,1.5
26.08.2021 01:21:55.708,0.6969500000000001,0.69684,1,2.25
26.08.2021 01:21:55.810,0.6969500000000001,0.6968500000000001,1,2.25
26.08.2021 01:21:56.818,0.6969500000000001,0.69684,1,2.25
26.08.2021 01:21:56.919,0.6969500000000001,0.6968300000000001,1,1.5
26.08.2021 01:21:57.258,0.69694,0.6968300000000001,1,1
26.08.2021 01:22:01.048,0.6969500000000001,0.69684,1,1
26.08.2021 01:22:02.346,0.69696,0.69684,1,1.5
26.08.2021 01:22:02.717,0.69694,0.69684,1,1
26.08.2021 01:22:04.992,0.6969500000000001,0.69684,1,1
26.08.2021 01:22:08.907,0.69696,0.69684,1,1.5
26.08.2021 01:22:09.609,0.69696,0.6968500000000001,1,1
26.08.2021 01:22:09.710,0.69697,0.6968500000000001,1,1
26.08.2021 01:22:18.418,0.69698,0.69688,1.25,1
26.08.2021 01:22:18.468,0.6970000000000001,0.69688,1,2.62
26.08.2021 01:22:24.267,0.69701,0.69689,1,1.5
26.08.2021 01:22:28.480,0.69701,0.69693,1,1
26.08.2021 01:22:30.433,0.69701,0.69689,1,1.5
26.08.2021 01:22:35.758,0.6970000000000001,0.69688,1.69,1
26.08.2021 01:22:35.809,0.69698,0.69686,1,1
26.08.2021 01:22:36.502,0.69697,0.6968500000000001,1,2.25
26.08.2021 01:22:41.376,0.69698,0.69686,1.25,1
26.08.2021 01:22:43.779,0.69697,0.6968500000000001,1.25,1
26.08.2021 01:22:43.882,0.69693,0.6968300000000001,1.25,1.5
26.08.2021 01:22:44.237,0.69693,0.69682,1,1
26.08.2021 01:22:45.143,0.69692,0.69682,1,1
26.08.2021 01:22:45.244,0.69691,0.69681,1,2.25
26.08.2021 01:22:51.426,0.69693,0.69681,1,1
26.08.2021 01:22:55.927,0.69694,0.6968500000000001,1,1
26.08.2021 01:22:56.028,0.69696,0.69684,1,1.5
26.08.2021 01:22:57.592,0.69694,0.69682,1,1.5
26.08.2021 01:23:03.368,0.69693,0.69681,1,1
26.08.2021 01:23:06.233,0.69692,0.69679,1.25,1.5
26.08.2021 01:23:06.334,0.6969000000000001,0.6968000000000001,1.25,1
26.08.2021 01:23:06.435,0.69688,0.6967800000000001,1.25,1.5
26.08.2021 01:23:06.536,0.69688,0.69677,1,1
26.08.2021 01:23:07.328,0.69688,0.69676,1,1.5
26.08.2021 01:23:11.466,0.6968500000000001,0.69675,1,1
26.08.2021 01:23:11.516,0.6968500000000001,0.6967300000000001,1,3
26.08.2021 01:23:11.567,0.6968300000000001,0.69672,1,1
26.08.2021 01:23:11.668,0.6968000000000001,0.69672,1,1
26.08.2021 01:23:13.190,0.69681,0.69671,1.75,1
26.08.2021 01:23:13.499,0.69681,0.69669,1.75,1
26.08.2021 01:23:15.581,0.69679,0.6966800000000001,1.25,1
26.08.2021 01:23:15.632,0.6967800000000001,0.6966600000000001,1.75,1.5
26.08.2021 01:23:16.089,0.69674,0.69667,1.69,1
26.08.2021 01:23:17.504,0.69675,0.6966300000000001,1.69,1.5
26.08.2021 01:23:18.253,0.69676,0.69664,1.25,1
26.08.2021 01:23:32.974,0.69677,0.69664,1.25,1.5
26.08.2021 01:23:34.116,0.6967800000000001,0.69669,1,1.87
26.08.2021 01:23:34.218,0.6968000000000001,0.69669,1,1.5
26.08.2021 01:23:34.720,0.69681,0.69669,1.25,2.25
26.08.2021 01:23:36.667,0.69679,0.6967,1,1.5
26.08.2021 01:23:37.924,0.69681,0.69669,1.25,2.25
26.08.2021 01:23:39.062,0.6968000000000001,0.69669,1,1.5
26.08.2021 01:23:40.182,0.69679,0.69667,1,2.25
26.08.2021 01:23:40.284,0.69677,0.6966800000000001,1,1
26.08.2021 01:23:41.131,0.69677,0.69667,1,2.62
26.08.2021 01:23:43.075,0.69675,0.69664,1,1.5
26.08.2021 01:23:45.137,0.69675,0.6966300000000001,1.25,1.5
26.08.2021 01:23:49.631,0.69676,0.69664,1.75,1
26.08.2021 01:23:49.732,0.69676,0.69664,1.25,1
26.08.2021 01:23:54.367,0.69677,0.69665,1.75,1
26.08.2021 01:23:55.088,0.69677,0.69665,1.25,1
26.08.2021 01:24:04.771,0.6967800000000001,0.6966800000000001,1.5,3
26.08.2021 01:24:04.973,0.69677,0.6966800000000001,1,1
26.08.2021 01:24:06.717,0.6968000000000001,0.6966800000000001,1,1.5
