Gmt time,Ask,Bid,AskVolume,BidVolume
25.08.2021 00:00:00.173,0.69377,0.69366,1,1
25.08.2021 00:00:00.453,0.69377,0.69369,1,1
25.08.2021 00:00:00.656,0.6938000000000001,0.6937,1,1
25.08.2021 00:00:00.758,0.69377,0.69369,1,1
25.08.2021 00:00:00.860,0.6938000000000001,0.6937,1,1
25.08.2021 00:00:00.962,0.6938300000000001,0.6937,4.12,1
25.08.2021 00:00:02.436,0.6938300000000001,0.69371,1.25,1
25.08.2021 00:00:02.903,0.69382,0.69372,1.25,1
25.08.2021 00:00:05.002,0.69381,0.69372,1,1
25.08.2021 00:00:06.038,0.6938300000000001,0.69371,1.25,1
25.08.2021 00:00:06.147,0.69381,0.69372,1,1
25.08.2021 00:00:06.993,0.69386,0.69375,1.75,1
25.08.2021 00:00:07.094,0.69386,0.69375,1.25,1
25.08.2021 00:00:10.643,0.69386,0.69375,1.62,1
25.08.2021 00:00:11.582,0.69387,0.69375,1,1
25.08.2021 00:00:11.684,0.69386,0.69375,1,1
25.08.2021 00:00:15.551,0.69387,0.6937800000000001,1,1
25.08.2021 00:00:15.601,0.69388,0.6938000000000001,1,1
25.08.2021 00:00:15.753,0.69388,0.69381,1,2.44
25.08.2021 00:00:15.854,0.69389,0.69381,1,1
25.08.2021 00:00:15.905,0.69393,0.69381,1.12,1
25.08.2021 00:00:16.541,0.69393,0.69381,1.62,1
25.08.2021 00:00:17.540,0.69393,0.69382,1.81,1
25.08.2021 00:00:19.571,0.69394,0.69381,1.25,1
25.08.2021 00:00:21.417,0.6939500000000001,0.6938300000000001,4.37,1
25.08.2021 00:00:25.187,0.6939500000000001,0.69382,1,1.5
25.08.2021 00:00:25.238,0.69399,0.69386,1,1
25.08.2021 00:00:30.036,0.69402,0.69389,1.69,1
25.08.2021 00:00:30.137,0.69404,0.69391,1.12,1
25.08.2021 00:00:30.239,0.69403,0.69391,1,1.5
25.08.2021 00:00:30.340,0.69404,0.6939000000000001,1,2.25
25.08.2021 00:00:34.793,0.69404,0.69392,1,1
25.08.2021 00:00:34.899,0.6940500000000001,0.69392,1,1
25.08.2021 00:00:35.001,0.69409,0.6939500000000001,1,4.31
25.08.2021 00:00:35.103,0.6941,0.69396,1.5,1
25.08.2021 00:00:36.144,0.69404,0.69392,1,1.75
25.08.2021 00:00:36.296,0.69404,0.69392,1,2
25.08.2021 00:00:36.347,0.6940500000000001,0.69391,1.12,1.5
25.08.2021 00:00:45.366,0.69404,0.69391,1,1.5
25.08.2021 00:00:49.899,0.69404,0.69392,1,2.25
25.08.2021 00:00:51.572,0.69404,0.69391,1,1.5
25.08.2021 00:00:53.318,0.69403,0.6939000000000001,1,1
25.08.2021 00:00:53.672,0.69403,0.69389,1,2.25
25.08.2021 00:00:53.874,0.69402,0.69391,1.5,1
25.08.2021 00:00:54.888,0.69402,0.69392,1,1
25.08.2021 00:00:55.050,0.69403,0.6939000000000001,1,1
25.08.2021 00:00:55.252,0.69403,0.69391,1,1
25.08.2021 00:00:56.719,0.69404,0.69391,1.69,1
25.08.2021 00:00:59.513,0.69404,0.6939000000000001,1,1.5
25.08.2021 00:00:59.614,0.6940500000000001,0.6939000000000001,1.87,2.25
25.08.2021 00:01:00.181,0.69404,0.6939000000000001,1.69,1.5
25.08.2021 00:01:01.402,0.69403,0.6939000000000001,1,1
25.08.2021 00:01:02.213,0.69404,0.6939000000000001,1,2.25
25.08.2021 00:01:02.314,0.69404,0.69394,1,3
25.08.2021 00:01:02.415,0.69407,0.6939500000000001,1,1
25.08.2021 00:01:03.309,0.69409,0.69396,1.87,1
25.08.2021 00:01:03.464,0.6941,0.69396,1.69,1
25.08.2021 00:01:08.459,0.6941200000000001,0.69399,1.69,1
25.08.2021 00:01:08.561,0.6941200000000001,0.6940000000000001,1,1
25.08.2021 00:01:10.544,0.6941200000000001,0.69399,1,1
25.08.2021 00:01:11.631,0.69413,0.6940000000000001,2.12,1
25.08.2021 00:01:11.883,0.6941200000000001,0.69401,2.06,1
25.08.2021 00:01:11.985,0.6941200000000001,0.69402,1.69,1
25.08.2021 00:01:18.089,0.69413,0.69402,1,1.5
25.08.2021 00:01:20.781,0.69414,0.69401,1.25,1.5
25.08.2021 00:01:20.941,0.69415,0.69401,1.87,2.44
25.08.2021 00:01:21.042,0.69415,0.69403,2,2.44
25.08.2021 00:01:21.143,0.6941600000000001,0.69402,1.5,2.44
25.08.2021 00:01:23.628,0.6941600000000001,0.69403,1,1
25.08.2021 00:01:27.711,0.69418,0.6940500000000001,1,1
25.08.2021 00:01:27.862,0.6942200000000001,0.69409,2,1
25.08.2021 00:01:27.913,0.69423,0.6941,1.5,1
25.08.2021 00:01:32.046,0.69424,0.6941,1.25,2.62
25.08.2021 00:01:34.351,0.69424,0.6941200000000001,1,1
25.08.2021 00:01:39.897,0.69424,0.69413,1.5,1
25.08.2021 00:01:42.139,0.69425,0.6941200000000001,1.5,1.5
25.08.2021 00:01:42.189,0.69427,0.69414,1.87,1
25.08.2021 00:01:42.291,0.69428,0.6941600000000001,2.19,1
25.08.2021 00:01:42.392,0.6943,0.69418,2.25,1
25.08.2021 00:01:44.276,0.69433,0.6942100000000001,2.06,1
25.08.2021 00:01:44.378,0.69433,0.6942200000000001,1.69,1
25.08.2021 00:01:44.479,0.69435,0.69423,1.12,1
25.08.2021 00:01:44.581,0.6943600000000001,0.69423,4.31,1
25.08.2021 00:01:45.274,0.69434,0.69424,1.69,1
25.08.2021 00:01:45.376,0.69435,0.69424,2.75,1
25.08.2021 00:01:45.427,0.6943600000000001,0.69424,1,1
25.08.2021 00:01:48.214,0.69438,0.6942600000000001,2,1
25.08.2021 00:01:48.365,0.69438,0.6942600000000001,1.87,1
25.08.2021 00:01:48.467,0.6944,0.69428,2,1
25.08.2021 00:01:48.568,0.6944300000000001,0.6943100000000001,1,1
25.08.2021 00:01:48.981,0.69439,0.69428,1,1
25.08.2021 00:01:49.032,0.6944100000000001,0.69428,2.25,1
25.08.2021 00:01:49.134,0.6944100000000001,0.69429,1,1
25.08.2021 00:01:49.235,0.6944,0.6943100000000001,1,1
25.08.2021 00:01:53.405,0.6944,0.6943,1,1.25
25.08.2021 00:02:05.958,0.69442,0.69429,1.5,1.69
25.08.2021 00:02:09.849,0.6944600000000001,0.69434,2.25,1
25.08.2021 00:02:09.951,0.69447,0.69435,1,1
25.08.2021 00:02:10.052,0.69447,0.6943600000000001,2.06,1.5
25.08.2021 00:02:12.195,0.6944300000000001,0.6943,5.06,1.87
25.08.2021 00:02:12.297,0.6944100000000001,0.6943100000000001,1.5,1
25.08.2021 00:02:12.399,0.69442,0.69429,2.25,1
25.08.2021 00:02:20.634,0.6944300000000001,0.6943,1.87,1.69
25.08.2021 00:02:20.736,0.69445,0.6943100000000001,1.87,1.69
25.08.2021 00:02:20.939,0.69444,0.6943100000000001,1,1
25.08.2021 00:02:21.041,0.69444,0.69432,1.5,1
25.08.2021 00:02:22.292,0.69442,0.69433,1,1
25.08.2021 00:02:28.584,0.69444,0.69432,1.69,1
25.08.2021 00:02:29.707,0.6944300000000001,0.69432,1,1
25.08.2021 00:02:29.758,0.69442,0.6943,1.5,1
25.08.2021 00:02:29.809,0.69438,0.69427,1,1.25
25.08.2021 00:02:29.910,0.69437,0.69425,1,1.5
25.08.2021 00:02:30.028,0.69438,0.69425,2.44,1.5
25.08.2021 00:02:35.494,0.6943600000000001,0.6942600000000001,1,1
25.08.2021 00:02:36.483,0.69437,0.6942600000000001,2.44,1
25.08.2021 00:02:36.680,0.69437,0.69425,1,1
25.08.2021 00:02:36.881,0.69438,0.69425,2.44,1
25.08.2021 00:02:37.035,0.69437,0.69425,1,1
25.08.2021 00:02:37.149,0.69437,0.6942600000000001,2.44,1
25.08.2021 00:02:37.262,0.69437,0.69425,1,1
25.08.2021 00:02:37.376,0.69437,0.6942600000000001,2.44,1
25.08.2021 00:02:37.489,0.69437,0.69425,1,1
25.08.2021 00:02:37.690,0.69437,0.6942600000000001,2.44,1
25.08.2021 00:02:37.791,0.69437,0.69425,1,1
25.08.2021 00:02:37.892,0.69438,0.69425,2.44,1
25.08.2021 00:02:38.234,0.69434,0.69423,1,2.44
25.08.2021 00:02:39.082,0.69435,0.69424,1,1
25.08.2021 00:02:39.183,0.6943600000000001,0.6942200000000001,1,2.44
25.08.2021 00:02:41.587,0.69438,0.6942600000000001,1.87,1.5
25.08.2021 00:02:41.688,0.69439,0.6942600000000001,1.5,1
25.08.2021 00:02:42.643,0.6944,0.6942600000000001,2.06,1.5
25.08.2021 00:02:46.466,0.69438,0.6942600000000001,1,1.5
25.08.2021 00:02:46.567,0.69437,0.69424,3.12,1.5
25.08.2021 00:02:46.618,0.69434,0.6942100000000001,2.25,1.62
25.08.2021 00:02:46.719,0.69432,0.6942,1,1
25.08.2021 00:02:46.820,0.69432,0.6942,1,2.25
25.08.2021 00:02:47.205,0.6943100000000001,0.69418,1,1.5
25.08.2021 00:02:47.307,0.69429,0.69418,1,1
25.08.2021 00:03:00.958,0.6943100000000001,0.6941700000000001,1,1.25
25.08.2021 00:03:02.449,0.6943,0.6941700000000001,1,1.25
25.08.2021 00:03:09.887,0.6943,0.6941600000000001,1,1.69
25.08.2021 00:03:10.241,0.69427,0.69414,1,1.25
25.08.2021 00:03:10.292,0.69427,0.69413,1.5,1.12
25.08.2021 00:03:10.342,0.69425,0.6941200000000001,1,1.5
25.08.2021 00:03:11.353,0.6942600000000001,0.6941200000000001,1,1
25.08.2021 00:03:11.555,0.6942200000000001,0.69409,1,1
25.08.2021 00:03:11.656,0.6942100000000001,0.69407,1,1.62
25.08.2021 00:03:11.758,0.6942100000000001,0.69407,1,1.12
25.08.2021 00:03:12.651,0.6942,0.69409,3,1
25.08.2021 00:03:12.752,0.6942200000000001,0.69408,1.5,1.5
25.08.2021 00:03:13.319,0.6942200000000001,0.69409,1,1.25
25.08.2021 00:03:13.370,0.69424,0.6941,1,1.5
25.08.2021 00:03:13.471,0.69424,0.6941200000000001,1.12,1.5
25.08.2021 00:03:14.089,0.6942600000000001,0.6941200000000001,2,1
25.08.2021 00:03:15.975,0.69425,0.69413,1.5,1
25.08.2021 00:03:18.863,0.69425,0.69415,1.5,1
25.08.2021 00:03:18.965,0.6943600000000001,0.69423,1.5,1.69
25.08.2021 00:03:19.067,0.69437,0.69425,1,1.94
25.08.2021 00:03:19.118,0.69437,0.69427,1,1.5
25.08.2021 00:03:19.219,0.69442,0.69429,2,1
25.08.2021 00:03:19.328,0.69442,0.69429,1,1.5
25.08.2021 00:03:20.992,0.69442,0.6943,1,1.5
25.08.2021 00:03:21.093,0.6944300000000001,0.6943,2.25,1.5
25.08.2021 00:03:21.602,0.69442,0.69429,1,1.5
25.08.2021 00:03:23.392,0.69442,0.6943,2.62,1.5
25.08.2021 00:03:23.544,0.6944300000000001,0.69429,2.75,1.5
25.08.2021 00:03:24.631,0.69444,0.6943100000000001,2,1.5
25.08.2021 00:03:24.733,0.69444,0.6943100000000001,1.5,1.5
25.08.2021 00:03:30.180,0.69445,0.69432,1.12,3
25.08.2021 00:03:30.282,0.6944800000000001,0.6943600000000001,2,1
25.08.2021 00:03:30.484,0.69447,0.6943600000000001,1.75,1
25.08.2021 00:03:30.585,0.69445,0.69434,2.69,1.5
25.08.2021 00:03:30.636,0.69445,0.6943100000000001,1.25,2.25
25.08.2021 00:03:31.365,0.69444,0.69434,1,1.25
25.08.2021 00:03:31.416,0.69447,0.69434,1.87,1.5
25.08.2021 00:03:31.467,0.6945300000000001,0.6944,2.25,1
25.08.2021 00:03:34.111,0.69454,0.6944100000000001,2.06,1
25.08.2021 00:03:35.788,0.6945300000000001,0.6944100000000001,1,1.5
25.08.2021 00:03:40.950,0.69454,0.6944100000000001,4.12,1
25.08.2021 00:03:45.708,0.6945300000000001,0.6944100000000001,1.25,1
25.08.2021 00:03:55.620,0.6944800000000001,0.69435,1.87,2.51
25.08.2021 00:03:55.721,0.69447,0.69434,1,1.69
25.08.2021 00:04:02.189,0.69447,0.69435,1,1
25.08.2021 00:04:02.291,0.69449,0.69439,1,1.25
25.08.2021 00:04:02.392,0.69452,0.69442,1,1
25.08.2021 00:04:02.494,0.69457,0.69447,2.37,1
25.08.2021 00:04:02.545,0.6945600000000001,0.6944800000000001,1.12,1
25.08.2021 00:04:02.797,0.6945800000000001,0.69447,1.12,1
25.08.2021 00:04:02.899,0.69457,0.69447,1,1
25.08.2021 00:04:03.701,0.69457,0.6944800000000001,1.12,1
25.08.2021 00:04:09.367,0.69457,0.69447,1,1
25.08.2021 00:04:12.712,0.69457,0.6944600000000001,1,1
25.08.2021 00:04:14.243,0.69457,0.6944800000000001,1,1
25.08.2021 00:04:14.344,0.6945800000000001,0.6944800000000001,1.12,1
25.08.2021 00:04:14.445,0.6945600000000001,0.69449,1,1
25.08.2021 00:04:18.676,0.69462,0.6945100000000001,1,1.69
25.08.2021 00:04:18.727,0.6946300000000001,0.6945300000000001,1.31,1
25.08.2021 00:04:18.878,0.6946300000000001,0.69452,1,1
25.08.2021 00:04:19.761,0.6946100000000001,0.6945300000000001,1,1
25.08.2021 00:04:21.352,0.69462,0.6945100000000001,1,1
25.08.2021 00:04:22.317,0.69462,0.69449,1,2.06
25.08.2021 00:04:22.367,0.69462,0.6945100000000001,1,1
25.08.2021 00:04:23.871,0.6946300000000001,0.69452,1.12,1
25.08.2021 00:04:27.367,0.69462,0.69452,1,1
25.08.2021 00:04:28.650,0.6946100000000001,0.6945100000000001,1,1.12
25.08.2021 00:04:29.675,0.6946300000000001,0.6945100000000001,1.87,1
25.08.2021 00:04:32.302,0.69465,0.69455,1.5,1
25.08.2021 00:04:32.354,0.69469,0.69457,3.76,1.25
25.08.2021 00:04:32.784,0.6946800000000001,0.6945800000000001,2.25,1.25
25.08.2021 00:04:48.261,0.6947,0.6945800000000001,4.31,1
25.08.2021 00:04:48.412,0.6947,0.6945800000000001,4.06,1
25.08.2021 00:04:48.513,0.6947,0.6945800000000001,4.87,1
25.08.2021 00:04:51.636,0.6947,0.69459,3.37,1
25.08.2021 00:04:51.737,0.69472,0.6946,1.12,1
25.08.2021 00:04:53.781,0.69471,0.6946300000000001,1.12,1
25.08.2021 00:04:55.183,0.69474,0.69464,2.94,1
25.08.2021 00:04:55.304,0.6947800000000001,0.69467,1.87,1
25.08.2021 00:04:55.355,0.6947800000000001,0.69469,1,1
25.08.2021 00:04:55.557,0.69479,0.69469,1.87,1
25.08.2021 00:04:55.658,0.69482,0.6947300000000001,1.25,1
25.08.2021 00:04:55.809,0.69484,0.69474,2.75,1
25.08.2021 00:04:55.910,0.69484,0.69474,2.25,1
25.08.2021 00:04:56.283,0.69484,0.6947300000000001,2.25,1
25.08.2021 00:04:56.384,0.69479,0.69469,2.25,1.5
25.08.2021 00:04:57.502,0.69479,0.6946800000000001,2.25,1
25.08.2021 00:05:00.810,0.69482,0.6947300000000001,3.31,1.5
25.08.2021 00:05:00.912,0.69484,0.6947300000000001,1.12,1
25.08.2021 00:05:01.116,0.69486,0.69477,1.25,1.5
25.08.2021 00:05:01.167,0.69487,0.6947800000000001,1.12,1.5
25.08.2021 00:05:02.380,0.69488,0.69477,1.37,1.5
25.08.2021 00:05:05.248,0.69484,0.69474,1.69,1.5
25.08.2021 00:05:05.299,0.69484,0.6947300000000001,1.69,1.5
25.08.2021 00:05:05.450,0.6948500000000001,0.6947300000000001,3.56,1.5
25.08.2021 00:05:05.703,0.69484,0.69475,1.31,1
25.08.2021 00:05:05.804,0.69487,0.69477,1.87,1
25.08.2021 00:05:10.091,0.69488,0.69476,1.87,1
25.08.2021 00:05:10.421,0.69488,0.69477,2,1
25.08.2021 00:05:16.849,0.69484,0.69474,1.5,1
25.08.2021 00:05:16.900,0.69486,0.69475,1,1
25.08.2021 00:05:17.002,0.69486,0.69476,1,1
25.08.2021 00:05:17.406,0.69487,0.69476,1.31,1
25.08.2021 00:05:18.186,0.69487,0.69475,1.31,1
25.08.2021 00:05:20.093,0.69487,0.69476,1,1.5
25.08.2021 00:05:25.188,0.69487,0.69479,1.69,1
25.08.2021 00:05:26.876,0.69488,0.69479,2.62,1.5
25.08.2021 00:05:26.991,0.69492,0.69481,3.19,1
25.08.2021 00:05:27.637,0.69491,0.69481,1,1
25.08.2021 00:05:27.688,0.69489,0.69479,5.25,1.12
25.08.2021 00:05:27.790,0.69489,0.6947800000000001,1.37,1.12
25.08.2021 00:05:27.941,0.69489,0.6947800000000001,1,1
25.08.2021 00:05:28.197,0.69488,0.69479,2.12,1
25.08.2021 00:05:28.299,0.69489,0.6947800000000001,1,1
25.08.2021 00:05:30.712,0.69489,0.6947800000000001,1.37,1.5
25.08.2021 00:05:30.863,0.6949000000000001,0.6947800000000001,3.56,1
25.08.2021 00:05:30.914,0.69489,0.69479,1.37,1
25.08.2021 00:05:31.168,0.69492,0.69479,2.94,1.5
25.08.2021 00:05:34.044,0.69492,0.6948000000000001,1.25,1
25.08.2021 00:05:34.145,0.69492,0.69482,1.75,1
25.08.2021 00:05:34.196,0.69492,0.69484,1.75,1
25.08.2021 00:05:34.297,0.69497,0.69486,4.25,1
25.08.2021 00:05:34.399,0.6950000000000001,0.69493,1,1
25.08.2021 00:05:34.500,0.69501,0.69493,1,1
25.08.2021 00:05:34.601,0.69502,0.69494,1.25,1
25.08.2021 00:05:34.753,0.69501,0.69494,1,1
25.08.2021 00:05:36.225,0.69503,0.69493,1.25,1
25.08.2021 00:05:36.429,0.69502,0.69493,1,1
25.08.2021 00:05:36.671,0.69502,0.69491,1,1
25.08.2021 00:05:36.773,0.69498,0.69489,3.19,1
25.08.2021 00:05:36.976,0.69499,0.69487,3.19,1.87
25.08.2021 00:05:37.080,0.69498,0.69488,4.37,1.5
25.08.2021 00:05:37.424,0.69497,0.69488,1.25,1.5
25.08.2021 00:05:41.732,0.69498,0.69487,1.25,1
25.08.2021 00:05:41.833,0.69498,0.69487,1.75,1
25.08.2021 00:05:44.916,0.69496,0.6948500000000001,1.75,1
25.08.2021 00:05:45.017,0.69493,0.69482,1.25,1.5
25.08.2021 00:05:45.119,0.69493,0.69482,1,1.12
25.08.2021 00:05:45.612,0.69492,0.69482,1,1
25.08.2021 00:05:45.966,0.69492,0.69481,1,1
25.08.2021 00:05:46.016,0.69489,0.69477,2.44,1.87
25.08.2021 00:05:46.370,0.69491,0.6948000000000001,1.75,1
25.08.2021 00:05:46.471,0.69491,0.6948000000000001,1.25,1
25.08.2021 00:05:48.127,0.69491,0.69479,1,1.87
25.08.2021 00:05:48.384,0.69489,0.6947800000000001,2.44,1
25.08.2021 00:05:48.485,0.69489,0.69477,1.25,1.5
25.08.2021 00:05:50.508,0.69491,0.6947800000000001,1.25,1.87
25.08.2021 00:05:50.610,0.6949000000000001,0.6948000000000001,1.25,1
25.08.2021 00:05:51.169,0.6949000000000001,0.6947800000000001,1,1.87
25.08.2021 00:05:55.552,0.69491,0.6947800000000001,1,1.87
25.08.2021 00:05:55.653,0.6949000000000001,0.69482,1,1
25.08.2021 00:05:59.808,0.69491,0.6948000000000001,1,1
25.08.2021 00:06:00.664,0.69491,0.69479,1.69,1
25.08.2021 00:06:02.302,0.69491,0.6948000000000001,1,1
25.08.2021 00:06:02.862,0.69494,0.69482,2.44,1.12
25.08.2021 00:06:02.963,0.69496,0.6948300000000001,1.75,1.5
25.08.2021 00:06:03.064,0.69496,0.6948300000000001,1.25,1.87
25.08.2021 00:06:03.166,0.69492,0.6948300000000001,1,1.5
25.08.2021 00:06:03.267,0.69493,0.69482,1,1
25.08.2021 00:06:06.072,0.69494,0.69484,1.5,1.5
25.08.2021 00:06:06.122,0.6949500000000001,0.6948300000000001,1,1.12
25.08.2021 00:06:06.224,0.69496,0.69484,1.69,1
25.08.2021 00:06:07.077,0.69496,0.6948500000000001,1,1
25.08.2021 00:06:07.128,0.69502,0.69492,4,1
25.08.2021 00:06:07.229,0.69504,0.69492,4.56,1
25.08.2021 00:06:07.979,0.69504,0.69492,3.75,1
25.08.2021 00:06:13.756,0.69499,0.69491,1.69,1
25.08.2021 00:06:13.807,0.69499,0.69489,1.69,1.12
25.08.2021 00:06:13.858,0.69501,0.6949000000000001,1,1
25.08.2021 00:06:14.469,0.69502,0.6949000000000001,1.12,1
25.08.2021 00:06:20.638,0.6950000000000001,0.6949000000000001,1,1
25.08.2021 00:06:20.689,0.6950000000000001,0.69488,3.12,1
25.08.2021 00:06:20.841,0.69499,0.69487,2.62,1.5
25.08.2021 00:06:22.275,0.69499,0.69487,2.37,1
25.08.2021 00:06:22.376,0.69494,0.69484,2,1
25.08.2021 00:06:22.477,0.69497,0.69486,2,1
25.08.2021 00:06:22.578,0.69497,0.69488,1,1
25.08.2021 00:06:22.679,0.69498,0.69486,1,1
25.08.2021 00:06:23.315,0.69498,0.69488,3.12,1
25.08.2021 00:06:26.409,0.69499,0.69486,3.12,1.5
25.08.2021 00:06:31.153,0.69498,0.6948500000000001,2.25,1.12
25.08.2021 00:06:31.254,0.69498,0.6948500000000001,2.37,1
25.08.2021 00:06:33.025,0.69498,0.69486,3.12,1
25.08.2021 00:06:33.243,0.69497,0.6948500000000001,1.12,1
25.08.2021 00:06:35.045,0.69497,0.69484,1.87,1
25.08.2021 00:06:38.139,0.6949500000000001,0.6948300000000001,3,1
25.08.2021 00:06:38.240,0.6949500000000001,0.6948500000000001,1.5,1
25.08.2021 00:06:38.341,0.69496,0.69484,1.12,1
25.08.2021 00:06:47.053,0.69497,0.6948500000000001,2,1
25.08.2021 00:06:54.467,0.69494,0.69482,2,1
25.08.2021 00:06:56.440,0.69493,0.69481,1,1
25.08.2021 00:06:57.166,0.69493,0.69481,2.37,1
25.08.2021 00:07:01.061,0.69493,0.69481,1.5,1
25.08.2021 00:07:05.585,0.69493,0.69482,1.5,1
25.08.2021 00:07:07.134,0.69493,0.69481,1.5,1
25.08.2021 00:07:07.235,0.69493,0.69482,1.5,1
25.08.2021 00:07:10.278,0.69493,0.69481,1.5,1
25.08.2021 00:07:10.951,0.69493,0.69481,1.62,1
25.08.2021 00:07:12.642,0.69492,0.6948300000000001,1.62,1
25.08.2021 00:07:12.743,0.6949500000000001,0.69484,1.12,1
25.08.2021 00:07:12.845,0.69494,0.69484,1.12,1.5
25.08.2021 00:07:12.996,0.69494,0.6948300000000001,3.69,1
25.08.2021 00:07:14.148,0.69496,0.6948300000000001,3.5,1.5
25.08.2021 00:07:15.291,0.6950000000000001,0.69489,1.5,1
25.08.2021 00:07:15.342,0.69499,0.69487,4.62,1
25.08.2021 00:07:15.443,0.69499,0.69486,5.37,1.5
25.08.2021 00:07:15.595,0.69499,0.69487,3.87,1
25.08.2021 00:07:17.970,0.69498,0.6948500000000001,1.62,1
25.08.2021 00:07:21.685,0.69499,0.69487,2,1
25.08.2021 00:07:22.403,0.69502,0.69491,2.7,1
25.08.2021 00:07:22.505,0.69502,0.6949000000000001,1.87,1.5
25.08.2021 00:07:22.606,0.69501,0.69492,1,1
25.08.2021 00:07:22.707,0.69502,0.6949000000000001,1.5,1
25.08.2021 00:07:22.990,0.69503,0.69491,1.5,1
25.08.2021 00:07:23.861,0.69503,0.69496,1,1
25.08.2021 00:07:23.912,0.69508,0.69496,5.19,1
25.08.2021 00:07:24.064,0.69508,0.69496,1.5,1
25.08.2021 00:07:50.153,0.6950000000000001,0.6949000000000001,1.5,3.32
25.08.2021 00:07:50.255,0.6950000000000001,0.6949000000000001,1.5,1.5
25.08.2021 00:07:50.306,0.69503,0.69492,1.5,1
25.08.2021 00:07:50.407,0.69503,0.69491,1.87,1
25.08.2021 00:07:52.197,0.6950500000000001,0.6949500000000001,1.25,1
25.08.2021 00:07:52.248,0.69507,0.69494,2.62,1
25.08.2021 00:07:53.509,0.69507,0.69494,2.75,1
25.08.2021 00:07:54.355,0.69508,0.69497,1.12,1
25.08.2021 00:07:54.456,0.69508,0.69496,1.12,1
25.08.2021 00:07:55.619,0.69512,0.69501,1.12,1
25.08.2021 00:07:55.771,0.69513,0.69501,3.37,1
25.08.2021 00:07:57.450,0.69513,0.6950000000000001,3.37,1.69
25.08.2021 00:07:57.551,0.69512,0.69499,1.5,1.25
25.08.2021 00:07:57.716,0.6951,0.69498,1,1.25
25.08.2021 00:07:57.969,0.69508,0.69496,1.87,1.5
25.08.2021 00:07:58.121,0.69503,0.69493,1.87,1.5
25.08.2021 00:07:58.273,0.69504,0.69492,2.75,1
25.08.2021 00:08:02.784,0.69503,0.69491,2.62,1
25.08.2021 00:08:04.911,0.69501,0.69491,1,1.5
25.08.2021 00:08:06.170,0.6950000000000001,0.69489,1,1.25
25.08.2021 00:08:07.815,0.69501,0.69489,1,1.69
25.08.2021 00:08:07.916,0.69499,0.69488,1,1.25
25.08.2021 00:08:08.122,0.69496,0.69488,1,1.25
25.08.2021 00:08:08.223,0.6949500000000001,0.6948300000000001,1,3.25
25.08.2021 00:08:08.274,0.69493,0.69481,2.62,1.87
25.08.2021 00:08:08.376,0.69492,0.69481,1,1.12
25.08.2021 00:08:08.477,0.69491,0.69482,1,1.94
25.08.2021 00:08:10.044,0.69492,0.69481,1,1
25.08.2021 00:08:11.147,0.69492,0.6948000000000001,1,1.69
25.08.2021 00:08:12.687,0.69496,0.69484,2,2.44
25.08.2021 00:08:12.789,0.69497,0.69488,1.81,1
25.08.2021 00:08:12.840,0.69496,0.69487,1,1
25.08.2021 00:08:12.941,0.69496,0.6948500000000001,1,1.25
25.08.2021 00:08:13.708,0.69497,0.69488,1,1
25.08.2021 00:08:13.810,0.69501,0.69491,3.5,1
25.08.2021 00:08:13.860,0.69501,0.69491,1.5,1.25
25.08.2021 00:08:17.487,0.69501,0.6949000000000001,1,1
25.08.2021 00:08:18.627,0.69501,0.6949000000000001,1,1.5
25.08.2021 00:08:18.778,0.6950000000000001,0.69488,1,2.94
25.08.2021 00:08:18.829,0.6950000000000001,0.69488,1,2.44
25.08.2021 00:08:23.916,0.69501,0.69489,1.5,1
25.08.2021 00:08:26.111,0.69502,0.69489,1.87,1.5
25.08.2021 00:08:26.512,0.69502,0.6949000000000001,1.87,1
25.08.2021 00:08:27.833,0.69507,0.69496,2,1
25.08.2021 00:08:27.935,0.69512,0.69501,1.12,1
25.08.2021 00:08:28.036,0.69512,0.69502,1.5,1
25.08.2021 00:08:30.202,0.69514,0.69504,1.5,1.5
25.08.2021 00:08:30.304,0.6951700000000001,0.69509,1.25,1
25.08.2021 00:08:30.406,0.69519,0.69509,2.06,1
25.08.2021 00:08:31.320,0.69519,0.69508,1.5,1
25.08.2021 00:08:31.372,0.69519,0.69508,2.25,1
25.08.2021 00:08:31.423,0.69519,0.69508,2.44,1
25.08.2021 00:08:33.557,0.6951600000000001,0.69507,1.69,1
25.08.2021 00:08:33.608,0.69513,0.6950500000000001,1.5,1
25.08.2021 00:08:33.709,0.6951700000000001,0.69507,1.69,1
25.08.2021 00:08:33.810,0.69519,0.69507,5.25,1
25.08.2021 00:08:34.755,0.69518,0.69507,1,1
25.08.2021 00:08:35.928,0.6951700000000001,0.69507,1,1
25.08.2021 00:08:38.214,0.69518,0.6950500000000001,1.5,1.69
25.08.2021 00:08:40.653,0.69518,0.69507,1,1
25.08.2021 00:08:46.650,0.69518,0.69508,3.75,1
25.08.2021 00:09:03.483,0.6952100000000001,0.6951100000000001,1.75,1
25.08.2021 00:09:03.584,0.69527,0.6951700000000001,5.94,1.5
25.08.2021 00:09:03.685,0.69529,0.69518,2.75,1
25.08.2021 00:09:03.786,0.69527,0.6951700000000001,1,1.69
25.08.2021 00:09:04.140,0.69528,0.69515,1.5,1.69
25.08.2021 00:09:10.896,0.69525,0.69515,1,1.69
25.08.2021 00:09:10.947,0.69524,0.69514,3.75,1.5
25.08.2021 00:09:12.051,0.69524,0.69513,1.5,1.5
25.08.2021 00:09:14.532,0.6952100000000001,0.69512,1,1
25.08.2021 00:09:14.633,0.6951600000000001,0.69509,1,1.25
25.08.2021 00:09:14.685,0.69514,0.69502,2,2
25.08.2021 00:09:14.786,0.6951600000000001,0.69504,2,1
25.08.2021 00:09:14.937,0.6951600000000001,0.69504,1.5,1
25.08.2021 00:09:21.305,0.69514,0.69502,1,1
25.08.2021 00:09:23.745,0.69514,0.69503,1,1
25.08.2021 00:09:24.985,0.69515,0.69504,1.87,1
25.08.2021 00:09:25.086,0.69518,0.69509,1,1.69
25.08.2021 00:09:25.187,0.69524,0.69512,1,1.25
25.08.2021 00:09:25.238,0.6952600000000001,0.69515,1.62,1
25.08.2021 00:09:25.339,0.69528,0.6951600000000001,3.12,1
25.08.2021 00:09:25.390,0.69528,0.6951600000000001,2.62,1
25.08.2021 00:09:26.254,0.69527,0.69515,1.12,1
25.08.2021 00:09:29.163,0.69527,0.69514,1.12,1
25.08.2021 00:09:36.311,0.69524,0.69512,3.5,1
25.08.2021 00:09:36.412,0.6952200000000001,0.69512,1.87,1
25.08.2021 00:09:36.513,0.69523,0.6951,2.25,1
25.08.2021 00:09:39.714,0.6952200000000001,0.6951,1,1
25.08.2021 00:09:40.481,0.69527,0.6951600000000001,1.25,1
25.08.2021 00:09:40.582,0.69529,0.6951600000000001,4.31,1
25.08.2021 00:09:40.683,0.69529,0.6951700000000001,1.12,1
25.08.2021 00:09:40.734,0.69532,0.6952100000000001,1.5,1
25.08.2021 00:09:40.784,0.69533,0.6952,1.5,1
25.08.2021 00:09:41.292,0.69533,0.6952100000000001,1,1
25.08.2021 00:09:42.854,0.69532,0.6952100000000001,1,1
25.08.2021 00:09:45.593,0.69532,0.69519,1.12,1.69
25.08.2021 00:09:46.174,0.69534,0.6952200000000001,1,1
25.08.2021 00:09:46.275,0.69532,0.69523,1,1
25.08.2021 00:09:47.104,0.69535,0.69523,1.87,1.69
25.08.2021 00:09:47.155,0.69534,0.6952100000000001,2.75,1
25.08.2021 00:09:48.043,0.69534,0.6952100000000001,1,2.69
25.08.2021 00:09:48.145,0.69537,0.69525,1,2.44
25.08.2021 00:09:49.234,0.69537,0.69525,1,4.19
25.08.2021 00:09:49.335,0.6954100000000001,0.6953,1,1
25.08.2021 00:09:49.593,0.69538,0.69527,1.12,1
25.08.2021 00:09:49.694,0.69537,0.6952600000000001,1,1
25.08.2021 00:09:49.745,0.69537,0.69524,1,3.56
25.08.2021 00:09:49.927,0.6953600000000001,0.69524,1,2.81
25.08.2021 00:09:49.978,0.69534,0.69524,1,1
25.08.2021 00:09:50.079,0.69534,0.69523,1,1
25.08.2021 00:09:50.533,0.69537,0.69527,2,1.25
25.08.2021 00:09:50.634,0.69538,0.6952600000000001,1.5,1
25.08.2021 00:09:51.214,0.6953600000000001,0.69527,1,1
25.08.2021 00:09:51.496,0.69538,0.69527,1,1.69
25.08.2021 00:09:51.597,0.6954300000000001,0.6953,2,1.69
25.08.2021 00:09:51.749,0.69544,0.69532,3.5,1
25.08.2021 00:09:52.384,0.69542,0.6953100000000001,1,1.25
25.08.2021 00:09:52.637,0.69545,0.69534,1,1.5
25.08.2021 00:09:53.880,0.6954899999999999,0.69538,1.5,2.69
25.08.2021 00:09:53.930,0.6955,0.69538,1,1.5
25.08.2021 00:09:54.126,0.6954800000000001,0.6953600000000001,1,1.75
25.08.2021 00:09:54.177,0.6954899999999999,0.69538,1,1.69
25.08.2021 00:09:54.278,0.6955,0.69538,1,1.25
25.08.2021 00:09:55.874,0.6954899999999999,0.6953600000000001,1,1.69
25.08.2021 00:09:55.975,0.6954800000000001,0.6953600000000001,1,1.69
25.08.2021 00:09:58.054,0.69545,0.6953600000000001,1,1
25.08.2021 00:09:58.105,0.69545,0.69532,1,2.69
25.08.2021 00:09:58.156,0.69547,0.6953600000000001,1,1
25.08.2021 00:09:58.257,0.69555,0.6954800000000001,1,2.44
25.08.2021 00:09:58.358,0.69554,0.69542,1,2.44
25.08.2021 00:09:58.409,0.6955800000000001,0.69545,1.5,1.5
25.08.2021 00:09:58.510,0.69557,0.69545,1,1
25.08.2021 00:09:58.623,0.69557,0.69544,1,1.5
25.08.2021 00:09:58.985,0.69555,0.69545,1,1.5
25.08.2021 00:09:59.400,0.6956,0.6954800000000001,1,1
25.08.2021 00:09:59.501,0.6956100000000001,0.6954899999999999,1.12,2.44
25.08.2021 00:09:59.905,0.6956,0.6954800000000001,1,1.5
25.08.2021 00:10:00.006,0.6956100000000001,0.6954800000000001,1,1.5
25.08.2021 00:10:00.107,0.6955800000000001,0.69547,1,1.25
25.08.2021 00:10:00.208,0.69557,0.69545,1,2.19
25.08.2021 00:10:00.310,0.6955600000000001,0.6954600000000001,1,1.5
25.08.2021 00:10:01.514,0.6955600000000001,0.69547,1,1.5
25.08.2021 00:10:01.619,0.69555,0.6954800000000001,1,1.25
25.08.2021 00:10:02.028,0.6956100000000001,0.69552,1,1.25
25.08.2021 00:10:02.129,0.69562,0.69552,1,1.25
25.08.2021 00:10:04.399,0.69562,0.6955300000000001,1,2.25
25.08.2021 00:10:04.500,0.69569,0.6955800000000001,1,1.87
25.08.2021 00:10:04.601,0.69569,0.69559,1,2.56
25.08.2021 00:10:04.727,0.69571,0.69559,1,2.06
25.08.2021 00:10:04.879,0.69572,0.6956100000000001,1,1
25.08.2021 00:10:04.980,0.69572,0.69559,1,3.19
25.08.2021 00:10:05.182,0.69569,0.69559,1,3.94
25.08.2021 00:10:05.284,0.6957,0.69559,1,1
25.08.2021 00:10:05.401,0.6957,0.6956,1,1.69
25.08.2021 00:10:05.843,0.69569,0.6955600000000001,1,2
25.08.2021 00:10:05.894,0.69567,0.6955600000000001,1,1
25.08.2021 00:10:08.158,0.6956300000000001,0.6955300000000001,1,1.31
25.08.2021 00:10:08.259,0.6956600000000001,0.69555,1,2.5
25.08.2021 00:10:08.361,0.6957300000000001,0.6956100000000001,1,2.06
25.08.2021 00:10:08.462,0.69572,0.6956100000000001,1,1.25
25.08.2021 00:10:08.563,0.69571,0.6956,1,1.5
25.08.2021 00:10:09.737,0.69571,0.6956,1,2.31
25.08.2021 00:10:10.818,0.69571,0.6956,1,1.31
25.08.2021 00:10:14.104,0.6956800000000001,0.69555,1,3.19
25.08.2021 00:10:14.154,0.69565,0.69554,1.5,1
25.08.2021 00:10:14.205,0.69562,0.69552,1,1
25.08.2021 00:10:14.256,0.69554,0.69544,1.12,1.25
25.08.2021 00:10:14.307,0.69552,0.6954100000000001,1,1
25.08.2021 00:10:14.358,0.6955800000000001,0.6954600000000001,1,1.75
25.08.2021 00:10:14.409,0.6955600000000001,0.69544,1,1
25.08.2021 00:10:14.812,0.6955600000000001,0.69544,1,1.5
25.08.2021 00:10:18.276,0.6956,0.6955,1,1.5
25.08.2021 00:10:18.328,0.6956,0.69547,1,1.5
25.08.2021 00:10:18.379,0.6956,0.6954899999999999,1,1
25.08.2021 00:10:19.295,0.6955600000000001,0.69544,1,3.31
25.08.2021 00:10:19.396,0.6955300000000001,0.69544,1,2.19
25.08.2021 00:10:19.497,0.69555,0.69544,1,1.12
25.08.2021 00:10:20.786,0.69555,0.69545,1,3
25.08.2021 00:10:20.887,0.69555,0.69542,1,1
25.08.2021 00:10:21.039,0.69552,0.6954100000000001,1,1.5
25.08.2021 00:10:21.140,0.6955100000000001,0.6954100000000001,1,1.25
25.08.2021 00:10:21.342,0.69552,0.69542,1,1
25.08.2021 00:10:26.914,0.6955100000000001,0.69544,1,1
25.08.2021 00:10:27.015,0.6955100000000001,0.6954300000000001,1,1
25.08.2021 00:10:27.268,0.6954800000000001,0.69538,1,3.5
25.08.2021 00:10:27.319,0.6955,0.69542,1,2.44
25.08.2021 00:10:28.916,0.69552,0.69542,1,1
25.08.2021 00:10:32.567,0.69554,0.6954300000000001,1,1
25.08.2021 00:10:32.668,0.69554,0.69544,1,2.25
25.08.2021 00:10:33.084,0.6955,0.6954,1,1.62
25.08.2021 00:10:33.186,0.6954899999999999,0.69538,1,1.5
25.08.2021 00:10:33.287,0.6954899999999999,0.69538,1,1
25.08.2021 00:10:33.556,0.6954800000000001,0.69538,1,1
25.08.2021 00:10:37.534,0.6954899999999999,0.6954100000000001,1,1.25
25.08.2021 00:10:37.585,0.6955100000000001,0.6954,1,1
25.08.2021 00:10:37.686,0.6955100000000001,0.6954100000000001,1,1
25.08.2021 00:10:37.787,0.6955,0.6954,1,1
25.08.2021 00:10:37.888,0.6955100000000001,0.6954100000000001,1,1
25.08.2021 00:10:38.077,0.6955100000000001,0.69542,1,1.5
25.08.2021 00:10:38.128,0.6955300000000001,0.69542,1,1
25.08.2021 00:10:45.368,0.6955100000000001,0.6954300000000001,1,1
25.08.2021 00:10:55.176,0.69552,0.6954300000000001,1,1
25.08.2021 00:11:00.966,0.69554,0.69542,1,1.12
25.08.2021 00:11:03.196,0.69554,0.6954300000000001,1,1.12
25.08.2021 00:11:06.418,0.6955300000000001,0.6954,1,1.12
25.08.2021 00:11:06.984,0.6955300000000001,0.69539,1.5,1.5
25.08.2021 00:11:10.533,0.69555,0.6954300000000001,1,1
25.08.2021 00:11:10.685,0.69554,0.69542,1,1
25.08.2021 00:11:12.651,0.6955300000000001,0.6954,1,1
25.08.2021 00:11:14.668,0.6955100000000001,0.69538,1,1
25.08.2021 00:11:16.176,0.6954899999999999,0.6953600000000001,1.25,1
25.08.2021 00:11:16.283,0.69545,0.6953100000000001,2.25,5.21
25.08.2021 00:11:16.385,0.69545,0.6953100000000001,4,1.87
25.08.2021 00:11:16.841,0.69544,0.6953100000000001,1.75,1
25.08.2021 00:11:18.252,0.69542,0.69529,1.25,1.5
25.08.2021 00:11:18.303,0.6954100000000001,0.69528,4,1.12
25.08.2021 00:11:18.423,0.69538,0.69525,1.25,1.5
25.08.2021 00:11:18.473,0.69538,0.69525,1.25,1
25.08.2021 00:11:20.517,0.6953600000000001,0.6952600000000001,1,1
25.08.2021 00:11:23.226,0.6953600000000001,0.69525,1,1
25.08.2021 00:11:23.277,0.6953600000000001,0.69523,1,1.87
25.08.2021 00:11:33.293,0.69537,0.69523,1.25,1.87
25.08.2021 00:11:37.299,0.69538,0.69524,2.5,1.12
25.08.2021 00:11:38.660,0.69542,0.69528,4.69,3.5
25.08.2021 00:11:40.076,0.6954100000000001,0.69529,1.69,1.12
25.08.2021 00:11:40.306,0.6954,0.69529,1,1
25.08.2021 00:11:40.485,0.6954,0.69528,1.69,1
25.08.2021 00:11:40.588,0.69539,0.69525,2.5,2.19
25.08.2021 00:11:40.689,0.69539,0.69525,3.25,2.25
25.08.2021 00:11:43.219,0.69538,0.69525,1.75,1
25.08.2021 00:11:43.321,0.69537,0.69524,2.5,1
25.08.2021 00:11:43.372,0.69538,0.69524,2.62,1
25.08.2021 00:11:43.926,0.69537,0.69524,1,1
25.08.2021 00:11:43.977,0.69534,0.6952100000000001,1.25,2.75
25.08.2021 00:11:44.028,0.6953100000000001,0.6952100000000001,1.25,1.5
25.08.2021 00:11:44.129,0.6953100000000001,0.69519,1.25,1.5
25.08.2021 00:11:44.231,0.6953100000000001,0.69519,1.25,1
25.08.2021 00:11:44.282,0.6953100000000001,0.6951700000000001,1.69,1.5
25.08.2021 00:11:44.434,0.69529,0.69518,1.25,1
25.08.2021 00:11:44.998,0.69528,0.69515,1.25,1.5
25.08.2021 00:11:45.264,0.69528,0.6951600000000001,1.25,1
25.08.2021 00:11:45.533,0.69528,0.69515,1,1.5
25.08.2021 00:11:45.684,0.69528,0.69515,1.75,1.5
25.08.2021 00:11:47.942,0.69527,0.6951600000000001,1,1
25.08.2021 00:11:48.249,0.69528,0.69518,1,1
25.08.2021 00:11:48.350,0.6953,0.6951700000000001,1.25,1
25.08.2021 00:12:01.259,0.69527,0.69514,2,1.75
25.08.2021 00:12:01.309,0.6952600000000001,0.69514,1.25,1
25.08.2021 00:12:01.360,0.6952100000000001,0.69509,1,2.37
25.08.2021 00:12:01.411,0.6952,0.6951,1,1
25.08.2021 00:12:01.512,0.6952,0.69508,2.25,1.5
25.08.2021 00:12:01.613,0.6952,0.69507,1,1
25.08.2021 00:12:04.164,0.6952,0.69508,1,1
25.08.2021 00:12:05.252,0.69518,0.6950500000000001,1,1
25.08.2021 00:12:05.353,0.6951700000000001,0.6950500000000001,1,1
25.08.2021 00:12:05.555,0.6951700000000001,0.69503,2.44,1.5
25.08.2021 00:12:05.606,0.69513,0.6950000000000001,1,2
25.08.2021 00:12:05.758,0.69512,0.69501,1,1
25.08.2021 00:12:12.167,0.69512,0.69502,2.44,1
25.08.2021 00:12:12.268,0.69512,0.69501,2.44,1
25.08.2021 00:12:14.725,0.69509,0.69499,1,1
25.08.2021 00:12:15.213,0.6950600000000001,0.69497,1,1.5
25.08.2021 00:12:15.415,0.69507,0.69496,1,1
25.08.2021 00:12:21.859,0.69509,0.69498,1,3.19
25.08.2021 00:12:21.960,0.69509,0.69499,1,1
25.08.2021 00:12:23.769,0.6951100000000001,0.6950000000000001,1,1
25.08.2021 00:12:27.910,0.69512,0.6950000000000001,1,1
25.08.2021 00:12:30.634,0.69512,0.69502,1,1
25.08.2021 00:12:30.685,0.69513,0.6950000000000001,1,1.5
25.08.2021 00:12:30.736,0.6951100000000001,0.6950000000000001,1,1
25.08.2021 00:12:30.838,0.69509,0.69496,1,2
25.08.2021 00:12:30.940,0.69508,0.69496,1,1.5
25.08.2021 00:12:30.991,0.69508,0.69496,1,1
25.08.2021 00:12:34.979,0.69508,0.69498,1,2.44
25.08.2021 00:12:35.029,0.6951,0.69498,1,2.25
25.08.2021 00:12:35.131,0.6951,0.69499,1,1
25.08.2021 00:12:36.642,0.6951,0.6950000000000001,1,1.1
25.08.2021 00:12:36.868,0.6951,0.69499,1,1
25.08.2021 00:12:36.919,0.69515,0.69504,1.5,1
25.08.2021 00:12:37.021,0.69515,0.69504,1,1.5
25.08.2021 00:12:38.258,0.69514,0.69503,1,1.5
25.08.2021 00:12:38.359,0.69512,0.69501,1,1.95
25.08.2021 00:12:38.511,0.69512,0.69499,1,1.87
25.08.2021 00:12:39.075,0.6951,0.69499,1,1.12
25.08.2021 00:12:39.176,0.69508,0.6949500000000001,1.25,2
25.08.2021 00:12:39.278,0.6950600000000001,0.69494,1,1.87
25.08.2021 00:12:46.727,0.69499,0.69492,1,1.12
25.08.2021 00:12:46.829,0.69499,0.69487,1,2
25.08.2021 00:12:46.930,0.69498,0.69487,1,1.12
25.08.2021 00:12:49.839,0.69493,0.69482,1,1
25.08.2021 00:12:49.890,0.69493,0.6948000000000001,1,3.15
25.08.2021 00:12:50.429,0.69494,0.6948300000000001,1,1.5
25.08.2021 00:12:50.479,0.69496,0.6948300000000001,1,2.25
25.08.2021 00:13:01.154,0.69497,0.6948300000000001,1.69,1.5
25.08.2021 00:13:01.478,0.69497,0.69484,1.5,1.5
25.08.2021 00:13:07.261,0.69496,0.69484,1,1
25.08.2021 00:13:09.159,0.6949500000000001,0.69484,1,1
25.08.2021 00:13:09.489,0.69496,0.69484,1,1
25.08.2021 00:13:09.956,0.6949500000000001,0.69484,1,1
25.08.2021 00:13:12.236,0.69496,0.69484,1,1
25.08.2021 00:13:26.101,0.69496,0.6948300000000001,1.69,1
25.08.2021 00:13:26.402,0.6949500000000001,0.6948300000000001,1,2.75
25.08.2021 00:13:31.014,0.69496,0.69484,1,1.12
25.08.2021 00:13:43.969,0.69497,0.69484,1.25,1.5
25.08.2021 00:13:47.536,0.69496,0.69484,1,1.5
25.08.2021 00:13:54.747,0.69496,0.6948500000000001,1,1
25.08.2021 00:14:01.524,0.69494,0.6948300000000001,1.25,1.12
25.08.2021 00:14:01.625,0.69493,0.69482,1.69,1
25.08.2021 00:14:07.057,0.69493,0.6948300000000001,1.69,1
25.08.2021 00:14:08.155,0.69493,0.69484,1,1
25.08.2021 00:14:08.424,0.69494,0.6948500000000001,1,1
25.08.2021 00:14:09.992,0.6949500000000001,0.6948500000000001,1.25,1
25.08.2021 00:14:12.291,0.6949500000000001,0.69486,1.25,1
25.08.2021 00:14:20.037,0.69496,0.69488,1,1
25.08.2021 00:14:20.139,0.69497,0.69488,1.69,1
25.08.2021 00:14:23.104,0.69497,0.69487,1.69,1
25.08.2021 00:14:24.165,0.69501,0.69491,1.75,2.25
25.08.2021 00:14:24.317,0.6950000000000001,0.6949000000000001,1.25,1
25.08.2021 00:14:24.418,0.69503,0.69491,3.75,1
25.08.2021 00:14:24.520,0.69503,0.69491,3.62,1
25.08.2021 00:14:24.671,0.6950500000000001,0.69494,2.75,1
25.08.2021 00:14:24.722,0.6950500000000001,0.69494,2.25,1
25.08.2021 00:14:24.823,0.6950600000000001,0.69494,2.81,1
25.08.2021 00:14:26.700,0.6950600000000001,0.6949500000000001,1,1
25.08.2021 00:14:27.910,0.69507,0.69496,1.69,1
25.08.2021 00:14:28.020,0.69508,0.69497,2.12,1
25.08.2021 00:14:28.377,0.6951100000000001,0.69501,1.25,1
25.08.2021 00:14:28.478,0.69515,0.69504,1.5,1
25.08.2021 00:14:28.579,0.69515,0.69503,1.25,1
25.08.2021 00:14:28.832,0.69514,0.69502,1.75,1
25.08.2021 00:14:28.933,0.69515,0.69504,1,1
25.08.2021 00:14:30.898,0.6951700000000001,0.6951,1,1
25.08.2021 00:14:30.949,0.6952100000000001,0.6951,2.62,1
25.08.2021 00:14:31.050,0.6952200000000001,0.69509,1.5,1.12
25.08.2021 00:14:31.101,0.69525,0.69513,2.69,1
25.08.2021 00:14:31.221,0.69525,0.69514,1.25,1
25.08.2021 00:14:32.630,0.69528,0.6951600000000001,3,1
25.08.2021 00:14:32.781,0.69528,0.6951600000000001,2.5,1
25.08.2021 00:14:32.882,0.69527,0.69518,1.25,1
25.08.2021 00:14:39.535,0.69529,0.6951700000000001,2.62,1
25.08.2021 00:14:39.637,0.6953,0.69518,1.25,1
25.08.2021 00:14:40.053,0.69529,0.6951700000000001,1.69,1
25.08.2021 00:14:42.493,0.69533,0.6952,2.87,1
25.08.2021 00:14:42.595,0.69534,0.6952200000000001,1.75,1
25.08.2021 00:14:42.696,0.69534,0.69524,1.31,1
25.08.2021 00:14:47.446,0.6953100000000001,0.6952,3.19,1
25.08.2021 00:14:47.497,0.69528,0.6951600000000001,1.25,1.95
25.08.2021 00:14:47.598,0.6953,0.6951700000000001,1.25,1
25.08.2021 00:14:48.087,0.69528,0.6951700000000001,1.25,1
25.08.2021 00:14:48.817,0.69529,0.6951700000000001,1.25,1
25.08.2021 00:14:51.672,0.69529,0.69518,1.87,1
25.08.2021 00:14:51.774,0.6953,0.69518,2.44,1
25.08.2021 00:14:54.149,0.69532,0.69518,2.44,1
25.08.2021 00:14:54.760,0.69533,0.69519,1.5,1.5
25.08.2021 00:14:54.862,0.69535,0.69523,3.31,1
25.08.2021 00:14:54.964,0.6953600000000001,0.6952200000000001,2.06,1
25.08.2021 00:14:55.116,0.69535,0.6952100000000001,1.69,1
25.08.2021 00:15:00.484,0.69535,0.69523,1.87,1
25.08.2021 00:15:03.286,0.69537,0.69528,1,1
25.08.2021 00:15:03.337,0.6954,0.69527,1,1
25.08.2021 00:15:04.539,0.6954,0.69528,2.25,1
25.08.2021 00:15:07.321,0.6954100000000001,0.6952600000000001,2.25,1.5
25.08.2021 00:15:09.318,0.6954,0.69528,1,1
25.08.2021 00:15:11.874,0.6954,0.6952600000000001,1.75,1
25.08.2021 00:15:11.975,0.69539,0.69525,1,1.87
25.08.2021 00:15:12.453,0.6954,0.69525,2.44,1.5
25.08.2021 00:15:12.554,0.69542,0.69527,2,1.5
25.08.2021 00:15:12.655,0.6954100000000001,0.69528,1.87,1.5
25.08.2021 00:15:13.629,0.69542,0.6953100000000001,1,1.5
25.08.2021 00:15:13.730,0.69545,0.6953100000000001,1.5,1.5
25.08.2021 00:15:13.831,0.6954600000000001,0.6953100000000001,2.62,1.5
25.08.2021 00:15:15.816,0.6954600000000001,0.69532,1,1
25.08.2021 00:15:18.114,0.6954600000000001,0.69533,1,1
25.08.2021 00:15:20.622,0.6955,0.6953600000000001,1.5,1.69
25.08.2021 00:15:20.672,0.6955,0.6953600000000001,1,1.69
25.08.2021 00:15:21.127,0.6954899999999999,0.6953600000000001,1,1
25.08.2021 00:15:21.228,0.6955,0.69537,1.87,1
25.08.2021 00:15:21.329,0.6954899999999999,0.69537,1,1
25.08.2021 00:15:22.293,0.6954899999999999,0.69538,1.87,1
25.08.2021 00:15:23.958,0.6954899999999999,0.69539,1.5,1
25.08.2021 00:15:24.059,0.6955300000000001,0.69539,1.87,1.5
25.08.2021 00:15:25.203,0.69555,0.69544,2.37,1
25.08.2021 00:15:25.405,0.6955600000000001,0.69545,1,1
25.08.2021 00:15:30.029,0.6956100000000001,0.69547,1.5,1.5
25.08.2021 00:15:30.131,0.6956100000000001,0.6954800000000001,1.5,1
25.08.2021 00:15:30.284,0.6956100000000001,0.6954800000000001,1,1
25.08.2021 00:15:32.776,0.69562,0.6954800000000001,1,2.25
25.08.2021 00:15:32.928,0.69562,0.6954899999999999,2.7,2.25
25.08.2021 00:15:37.559,0.69562,0.6954800000000001,1,2.25
25.08.2021 00:15:39.677,0.69562,0.6954800000000001,1.5,1.5
25.08.2021 00:15:39.728,0.6956,0.6954600000000001,2.25,1.5
25.08.2021 00:15:39.830,0.69559,0.69545,1,1.12
25.08.2021 00:15:40.466,0.69559,0.69545,2.37,1
25.08.2021 00:15:41.161,0.69555,0.6954300000000001,2.75,1
25.08.2021 00:15:41.454,0.69555,0.6954300000000001,1,1
25.08.2021 00:15:41.555,0.6955600000000001,0.69545,1,1
25.08.2021 00:15:44.818,0.6955600000000001,0.69542,2.62,1.5
25.08.2021 00:15:46.322,0.69557,0.6954300000000001,5,1.25
25.08.2021 00:15:46.424,0.6955600000000001,0.69544,3.75,1.69
25.08.2021 00:15:51.368,0.69557,0.69544,1.5,1
25.08.2021 00:15:54.481,0.6955600000000001,0.69544,1,1
25.08.2021 00:15:54.633,0.69555,0.69542,2.37,1
25.08.2021 00:15:54.735,0.69555,0.69542,2.62,1
25.08.2021 00:15:55.186,0.6955600000000001,0.6954300000000001,3.5,1
25.08.2021 00:15:56.502,0.6955600000000001,0.69544,2,1
25.08.2021 00:15:56.603,0.69557,0.69545,2.7,1
25.08.2021 00:16:00.491,0.6955600000000001,0.69545,1,1
25.08.2021 00:16:00.592,0.69557,0.69545,2.81,1
25.08.2021 00:16:06.277,0.69557,0.6954600000000001,1.31,1
25.08.2021 00:16:06.378,0.6956,0.69547,2,1
25.08.2021 00:16:06.480,0.6956,0.6954899999999999,1.75,1
25.08.2021 00:16:06.583,0.6956100000000001,0.6954800000000001,1.25,1
25.08.2021 00:16:07.138,0.6956100000000001,0.6954899999999999,1.25,1
25.08.2021 00:16:08.061,0.69562,0.6954899999999999,1.5,1
25.08.2021 00:16:08.111,0.69564,0.6955100000000001,2.87,1
25.08.2021 00:16:08.212,0.69564,0.6955100000000001,1.31,1
25.08.2021 00:16:09.473,0.69565,0.6955,4,2.25
25.08.2021 00:16:11.285,0.69565,0.6955100000000001,3.25,1
25.08.2021 00:16:24.921,0.6956300000000001,0.69552,1.5,1
25.08.2021 00:16:31.083,0.6956300000000001,0.6955,1.75,1
25.08.2021 00:16:33.960,0.69562,0.6954899999999999,1.25,2.25
25.08.2021 00:16:37.265,0.6956300000000001,0.6955,1.25,1
25.08.2021 00:16:37.484,0.6956300000000001,0.6954899999999999,1.25,3
25.08.2021 00:16:43.468,0.69564,0.6955,3.19,1.5
25.08.2021 00:16:43.620,0.69564,0.6955,4,1
25.08.2021 00:16:45.193,0.6956300000000001,0.6954899999999999,2.5,2.62
25.08.2021 00:16:51.784,0.69562,0.6955,1,1
25.08.2021 00:16:51.885,0.6956300000000001,0.6955100000000001,1,1.5
25.08.2021 00:16:57.663,0.69562,0.6955100000000001,1,2.25
25.08.2021 00:17:00.151,0.6956300000000001,0.6954800000000001,3.19,2.94
25.08.2021 00:17:00.252,0.69557,0.69544,1.69,1.87
25.08.2021 00:17:00.354,0.6955300000000001,0.6954,1.25,1.62
25.08.2021 00:17:00.455,0.69552,0.6954100000000001,1.25,1
25.08.2021 00:17:01.683,0.69554,0.6954100000000001,1,1
25.08.2021 00:17:01.784,0.6955600000000001,0.69542,2.12,1
25.08.2021 00:17:01.985,0.69555,0.6954300000000001,1.31,1
25.08.2021 00:17:03.600,0.6955600000000001,0.6954300000000001,1,1
25.08.2021 00:17:15.102,0.6955300000000001,0.6954,1.25,1.12
25.08.2021 00:17:15.203,0.69552,0.69538,1.25,1.5
25.08.2021 00:17:15.305,0.69547,0.69535,1.25,1
25.08.2021 00:17:15.356,0.69547,0.69533,1.69,1.62
25.08.2021 00:17:15.508,0.6954600000000001,0.69532,1.25,2
25.08.2021 00:17:15.609,0.69545,0.69533,1.25,1.5
25.08.2021 00:17:17.524,0.69544,0.6953,2.5,1
25.08.2021 00:17:17.625,0.6954300000000001,0.69529,1.25,1.87
25.08.2021 00:17:18.818,0.6954,0.69528,1.25,1.5
25.08.2021 00:17:18.920,0.6954100000000001,0.69528,1,1
25.08.2021 00:17:20.512,0.69542,0.69528,1.69,1.5
25.08.2021 00:17:20.614,0.6954300000000001,0.6953,1.25,1
25.08.2021 00:17:22.664,0.69544,0.6953100000000001,2.87,2.25
25.08.2021 00:17:22.766,0.69545,0.6953100000000001,1.31,1.5
25.08.2021 00:17:28.848,0.6954600000000001,0.69532,2.44,1
25.08.2021 00:17:33.411,0.69545,0.69533,2.5,1
25.08.2021 00:17:33.513,0.6954600000000001,0.6953100000000001,3.25,1.5
25.08.2021 00:17:33.614,0.6954600000000001,0.6953100000000001,4,1.5
25.08.2021 00:17:33.826,0.69544,0.6953,1.69,1.5
25.08.2021 00:17:35.695,0.6954300000000001,0.6953100000000001,1.75,1.5
25.08.2021 00:17:36.091,0.69539,0.69529,2.94,1
25.08.2021 00:17:36.142,0.69538,0.6952600000000001,3.06,1.87
25.08.2021 00:17:36.640,0.69538,0.69524,1.75,1.5
25.08.2021 00:17:36.741,0.69538,0.69524,2.69,1.5
25.08.2021 00:17:36.843,0.69537,0.69523,1.25,1.87
25.08.2021 00:17:36.945,0.69537,0.69524,1.25,1
25.08.2021 00:17:43.877,0.69534,0.6952200000000001,4.5,1.12
25.08.2021 00:17:44.079,0.69529,0.6951600000000001,1,1.5
25.08.2021 00:17:44.180,0.69529,0.6951600000000001,1.25,1
25.08.2021 00:17:44.390,0.69529,0.6951600000000001,1.94,1
25.08.2021 00:17:44.876,0.69529,0.6951600000000001,1.25,1
25.08.2021 00:17:44.977,0.6953,0.6951700000000001,1.25,1
25.08.2021 00:17:45.079,0.6953100000000001,0.6951700000000001,2.5,1
25.08.2021 00:17:45.380,0.69532,0.6951700000000001,3.62,1.5
25.08.2021 00:17:55.132,0.69533,0.6952100000000001,1.31,1.69
25.08.2021 00:17:55.233,0.6953600000000001,0.6952200000000001,1.75,1.5
25.08.2021 00:17:55.335,0.69535,0.69523,1.25,1.5
25.08.2021 00:17:55.436,0.6953600000000001,0.69523,3.25,1.5
25.08.2021 00:18:00.602,0.6953600000000001,0.69524,2.5,1
25.08.2021 00:18:04.823,0.69539,0.69525,1.5,2.25
25.08.2021 00:18:07.579,0.69539,0.69525,1.25,2.25
25.08.2021 00:18:08.218,0.69539,0.6952600000000001,1.31,1
25.08.2021 00:18:12.368,0.69538,0.6952600000000001,1.25,2.25
25.08.2021 00:18:19.478,0.69537,0.69524,1.25,1
25.08.2021 00:18:19.580,0.69535,0.6952100000000001,1.75,2.62
25.08.2021 00:18:20.181,0.69533,0.6952,1.25,1
25.08.2021 00:18:23.458,0.69533,0.69518,2.44,1.87
25.08.2021 00:18:24.630,0.69533,0.69518,3.25,1.5
25.08.2021 00:18:26.280,0.69534,0.6952,1.25,1.5
25.08.2021 00:18:26.381,0.6953600000000001,0.6952100000000001,2.19,3
25.08.2021 00:18:26.482,0.6953600000000001,0.6952200000000001,1.25,1
25.08.2021 00:18:27.827,0.6953600000000001,0.69525,1.25,1
25.08.2021 00:18:28.403,0.6953600000000001,0.69525,1.75,1
25.08.2021 00:18:28.555,0.69535,0.69525,1.75,1
25.08.2021 00:18:28.656,0.69534,0.69523,1.25,1
25.08.2021 00:18:28.757,0.6953600000000001,0.69523,4.69,1
25.08.2021 00:18:28.909,0.6953600000000001,0.69523,1.25,1
25.08.2021 00:18:29.171,0.69535,0.6952600000000001,1.25,1
25.08.2021 00:18:30.171,0.6953600000000001,0.6952200000000001,1.25,1
25.08.2021 00:18:30.944,0.6953600000000001,0.69524,2.87,1
25.08.2021 00:18:37.495,0.69538,0.6952600000000001,2.25,1.5
25.08.2021 00:18:37.598,0.69539,0.6952600000000001,1.25,1
25.08.2021 00:18:37.700,0.6954,0.6952600000000001,2.87,1
25.08.2021 00:18:38.686,0.6954100000000001,0.6952600000000001,2.19,3
25.08.2021 00:18:38.787,0.69542,0.69527,2.25,1.5
25.08.2021 00:18:40.937,0.69542,0.69528,1.75,1
25.08.2021 00:18:41.495,0.69542,0.69528,1.25,1.5
25.08.2021 00:18:50.863,0.6954300000000001,0.69529,1,2.25
25.08.2021 00:18:50.964,0.6954300000000001,0.6953,1,1
25.08.2021 00:18:51.066,0.69544,0.6953,1.5,1.5
25.08.2021 00:18:51.318,0.69545,0.6953100000000001,2.06,1
25.08.2021 00:18:55.561,0.69547,0.69532,2.12,2.25
25.08.2021 00:18:55.771,0.69547,0.69532,2.06,2.25
25.08.2021 00:18:56.029,0.69547,0.69533,1.31,1
25.08.2021 00:18:58.732,0.69545,0.69532,1.69,1
25.08.2021 00:18:58.833,0.6954300000000001,0.6953100000000001,1.31,1.5
25.08.2021 00:18:58.934,0.6954300000000001,0.6953,1.25,1
25.08.2021 00:18:59.393,0.6954300000000001,0.69529,1.25,2.25
25.08.2021 00:18:59.741,0.6954,0.69527,1.25,2
25.08.2021 00:18:59.893,0.6954,0.69527,1.69,1
25.08.2021 00:19:00.168,0.69539,0.69527,1.69,1.5
25.08.2021 00:19:00.516,0.6954,0.6952600000000001,1.94,1.5
25.08.2021 00:19:01.387,0.69542,0.69528,2,1.5
25.08.2021 00:19:01.437,0.69542,0.69528,1,1
25.08.2021 00:19:01.488,0.6954300000000001,0.6953100000000001,2.62,1.5
25.08.2021 00:19:01.590,0.69544,0.6953,1.25,2.25
25.08.2021 00:19:03.276,0.69544,0.69529,2.81,3
25.08.2021 00:19:03.377,0.69544,0.69529,3.06,3
25.08.2021 00:19:04.813,0.6954100000000001,0.6953,1.25,1
25.08.2021 00:19:05.424,0.6954100000000001,0.69529,1.25,1.5
25.08.2021 00:19:05.525,0.6954100000000001,0.69528,1.69,3
25.08.2021 00:19:06.482,0.69538,0.6952600000000001,1,2.25
25.08.2021 00:19:07.910,0.6954100000000001,0.69527,1.75,1.5
25.08.2021 00:19:08.011,0.6954100000000001,0.69527,1.12,1.5
25.08.2021 00:19:08.113,0.69542,0.69527,1.69,3
25.08.2021 00:19:08.214,0.6954600000000001,0.6953100000000001,2.25,2.25
25.08.2021 00:19:08.315,0.6954600000000001,0.69532,2.06,1
25.08.2021 00:19:09.016,0.69547,0.69532,1.5,3
25.08.2021 00:19:09.175,0.69547,0.69533,1.5,1
25.08.2021 00:19:15.838,0.6954899999999999,0.69534,2.37,1.5
25.08.2021 00:19:15.939,0.6954899999999999,0.6953600000000001,1,1
25.08.2021 00:19:19.538,0.6954899999999999,0.69535,1,3
25.08.2021 00:19:19.589,0.6955100000000001,0.6953600000000001,1.69,3
25.08.2021 00:19:19.690,0.6955100000000001,0.69537,1.69,1
25.08.2021 00:19:20.781,0.69554,0.69539,3.19,3
25.08.2021 00:19:20.882,0.69555,0.6954100000000001,3.75,1
25.08.2021 00:19:20.983,0.69554,0.69542,2.81,1
25.08.2021 00:19:22.114,0.69554,0.6954,1.25,3
25.08.2021 00:19:22.390,0.69554,0.6954,1.56,1.5
25.08.2021 00:19:23.125,0.69552,0.6954,1,1.5
25.08.2021 00:19:23.227,0.6955,0.6953600000000001,1.25,2.25
25.08.2021 00:19:23.328,0.6954899999999999,0.69535,1.31,1.87
25.08.2021 00:19:23.481,0.6954899999999999,0.69535,1.56,1
25.08.2021 00:19:44.821,0.6954899999999999,0.69535,1.25,1.5
25.08.2021 00:19:44.922,0.6954899999999999,0.6953600000000001,1.25,1
25.08.2021 00:19:56.919,0.6954899999999999,0.69535,1.75,1
25.08.2021 00:19:57.186,0.6954899999999999,0.69534,2.5,3
25.08.2021 00:19:59.522,0.6954899999999999,0.6953600000000001,1.75,1
25.08.2021 00:20:00.537,0.69552,0.69542,3.69,1
25.08.2021 00:20:00.587,0.6955300000000001,0.69542,2.29,1
25.08.2021 00:20:00.789,0.69555,0.69542,1.25,1
25.08.2021 00:20:00.890,0.6955600000000001,0.69542,1.31,1
25.08.2021 00:20:02.575,0.6955600000000001,0.6954300000000001,1.25,1
25.08.2021 00:20:02.676,0.6955800000000001,0.69544,2.25,1
25.08.2021 00:20:03.147,0.6955800000000001,0.69544,2.06,1
25.08.2021 00:20:08.802,0.6955800000000001,0.69545,1.25,1
25.08.2021 00:20:10.639,0.69559,0.69545,2.06,2.25
25.08.2021 00:20:10.806,0.69559,0.6954600000000001,2.06,1
25.08.2021 00:20:11.345,0.6956,0.69547,1.5,1.5
25.08.2021 00:20:11.497,0.6956,0.69547,1,1.5
25.08.2021 00:20:12.748,0.6956,0.6954800000000001,1,1
25.08.2021 00:20:16.765,0.69559,0.6954800000000001,1,1.5
25.08.2021 00:20:18.837,0.6956,0.6954600000000001,1.69,2.25
25.08.2021 00:20:18.888,0.69555,0.6954600000000001,1.5,1
25.08.2021 00:20:18.939,0.69554,0.6954300000000001,1,2.25
25.08.2021 00:20:19.091,0.69554,0.69542,1.69,1.5
25.08.2021 00:20:19.606,0.69554,0.6954100000000001,1.25,1
25.08.2021 00:20:19.708,0.69554,0.6954,1.25,1
25.08.2021 00:20:20.973,0.69554,0.6954,1.69,1.5
25.08.2021 00:20:21.074,0.69557,0.69542,4.5,1
25.08.2021 00:20:21.175,0.69557,0.69542,1.75,2.25
25.08.2021 00:20:27.547,0.69557,0.69545,1.25,1
25.08.2021 00:20:30.263,0.69557,0.69542,1.75,3
25.08.2021 00:20:35.759,0.6955300000000001,0.69542,1.25,2.25
25.08.2021 00:20:38.451,0.6955600000000001,0.6954100000000001,2.5,3
25.08.2021 00:20:46.249,0.6955300000000001,0.6954,1,1.5
25.08.2021 00:20:46.350,0.6955300000000001,0.69539,2.5,1
25.08.2021 00:20:47.328,0.6955300000000001,0.69538,1.75,2.25
25.08.2021 00:20:54.812,0.6955,0.69539,3.62,1
25.08.2021 00:20:54.913,0.6955100000000001,0.69537,4.37,1
25.08.2021 00:20:55.014,0.6954899999999999,0.69537,3.62,1
25.08.2021 00:20:56.952,0.6955,0.69535,3.62,3.75
25.08.2021 00:20:58.830,0.6955,0.6953600000000001,1.37,1.5
25.08.2021 00:21:00.677,0.6955100000000001,0.69537,2.25,1
25.08.2021 00:21:00.830,0.6955,0.69538,2.06,1
25.08.2021 00:21:02.968,0.6955,0.69538,1.25,2
25.08.2021 00:21:03.070,0.6955800000000001,0.6954600000000001,3.12,1
25.08.2021 00:21:03.172,0.69559,0.6954899999999999,1,1.5
25.08.2021 00:21:03.274,0.69562,0.6954899999999999,1,1
25.08.2021 00:21:03.475,0.6956300000000001,0.6954899999999999,1.25,3
25.08.2021 00:21:08.163,0.69564,0.6955,2.12,1.5
25.08.2021 00:21:10.913,0.69564,0.6955,2.62,1.5
25.08.2021 00:21:10.964,0.6956,0.6954800000000001,2.94,1
25.08.2021 00:21:11.065,0.6956,0.69547,3.75,1.5
25.08.2021 00:21:11.815,0.69559,0.6954600000000001,1.31,2.25
25.08.2021 00:21:13.505,0.6955800000000001,0.69547,1.37,2.25
25.08.2021 00:21:16.477,0.6955800000000001,0.69547,1.12,2.62
25.08.2021 00:21:22.825,0.69559,0.6954600000000001,2.12,1.5
25.08.2021 00:21:27.812,0.69555,0.6954600000000001,1.25,1.5
25.08.2021 00:21:27.913,0.69554,0.69542,2.12,1.12
25.08.2021 00:21:27.965,0.6955100000000001,0.6954100000000001,1.69,1.42
25.08.2021 00:21:28.117,0.69554,0.6954,2.94,1.5
25.08.2021 00:21:28.168,0.69555,0.69544,1.5,1.25
25.08.2021 00:21:28.271,0.6955800000000001,0.69545,1.87,1
25.08.2021 00:21:29.468,0.6955800000000001,0.6954600000000001,1.12,1
25.08.2021 00:21:54.310,0.6955800000000001,0.69545,1.5,2.25
25.08.2021 00:21:57.520,0.6955800000000001,0.69545,1,3.25
25.08.2021 00:22:00.123,0.6955800000000001,0.6954600000000001,1,1.94
25.08.2021 00:22:07.761,0.69559,0.6954800000000001,1.5,3.44
25.08.2021 00:22:07.862,0.6956,0.6954800000000001,1.87,3.44
25.08.2021 00:22:07.963,0.6956100000000001,0.6954800000000001,1.12,3.44
25.08.2021 00:22:08.014,0.6956300000000001,0.6955,1.5,1
25.08.2021 00:22:08.115,0.6956300000000001,0.69552,2.25,1.5
25.08.2021 00:22:08.318,0.6956300000000001,0.6955100000000001,1,1.25
25.08.2021 00:22:28.213,0.6956300000000001,0.6955,3,1.5
25.08.2021 00:22:30.339,0.6956100000000001,0.6955,1,1.5
25.08.2021 00:22:30.468,0.6956,0.6954800000000001,2,1
25.08.2021 00:22:32.770,0.69559,0.6954600000000001,1.12,1.5
25.08.2021 00:22:41.235,0.6956,0.6954600000000001,3.87,1.94
25.08.2021 00:22:45.578,0.6956,0.6954600000000001,3.87,1.87
25.08.2021 00:22:49.024,0.6955800000000001,0.6954600000000001,1,1.25
25.08.2021 00:22:52.539,0.6955600000000001,0.6954600000000001,1,1.25
25.08.2021 00:22:52.641,0.69555,0.69544,1.5,1
25.08.2021 00:22:52.742,0.69554,0.69544,1,1.25
25.08.2021 00:22:52.793,0.6955600000000001,0.69544,1.5,3.25
25.08.2021 00:22:52.944,0.6955800000000001,0.69545,1.5,1.94
25.08.2021 00:22:52.994,0.69559,0.69545,3.75,1.94
25.08.2021 00:22:54.288,0.69557,0.6954600000000001,1,1.94
25.08.2021 00:22:56.823,0.6955800000000001,0.69545,1,2
25.08.2021 00:23:00.132,0.6955800000000001,0.69545,1,2.69
25.08.2021 00:23:00.267,0.6955800000000001,0.69545,1,1.87
25.08.2021 00:23:00.368,0.69554,0.69544,1,3.19
25.08.2021 00:23:00.473,0.69557,0.69545,1,1
25.08.2021 00:23:02.410,0.69557,0.6954600000000001,1,1
25.08.2021 00:23:05.708,0.6955600000000001,0.6954600000000001,1,1
25.08.2021 00:23:06.376,0.6955600000000001,0.69545,1,1.12
25.08.2021 00:23:10.612,0.69555,0.69545,1.25,1
25.08.2021 00:23:10.662,0.69555,0.6954300000000001,1.75,1
25.08.2021 00:23:10.713,0.69552,0.69542,1,1
25.08.2021 00:23:10.814,0.69552,0.6954100000000001,1,1.12
25.08.2021 00:23:10.916,0.6955,0.6954100000000001,1.25,1
25.08.2021 00:23:12.961,0.6954899999999999,0.69538,1,1
25.08.2021 00:23:13.069,0.6954800000000001,0.69537,1,1
25.08.2021 00:23:13.170,0.6954600000000001,0.69537,1,1
25.08.2021 00:23:16.067,0.69547,0.69535,1.25,1
25.08.2021 00:23:21.951,0.6954600000000001,0.69535,1,1
25.08.2021 00:23:22.052,0.6954600000000001,0.69534,1,1.5
25.08.2021 00:23:48.098,0.6954600000000001,0.69534,1,1.5
25.08.2021 00:23:48.149,0.6954800000000001,0.6953600000000001,1,1
25.08.2021 00:23:48.250,0.6954899999999999,0.69537,1,1
25.08.2021 00:24:00.312,0.6954800000000001,0.69537,1,1.5
25.08.2021 00:24:00.828,0.6954800000000001,0.6953600000000001,1,1
25.08.2021 00:24:01.298,0.6954800000000001,0.69535,1,1.87
25.08.2021 00:24:02.453,0.69547,0.69534,1,1.5
25.08.2021 00:24:06.609,0.6954800000000001,0.69535,1,1
25.08.2021 00:24:06.813,0.6954800000000001,0.69534,1,1.5
25.08.2021 00:24:06.914,0.6954600000000001,0.69535,1,1.5
25.08.2021 00:24:12.368,0.69547,0.69535,1,1
25.08.2021 00:24:15.906,0.6954800000000001,0.69535,1,1
25.08.2021 00:24:16.070,0.6954800000000001,0.69534,1,1.5
25.08.2021 00:24:16.955,0.69547,0.6953600000000001,1,1.5
25.08.2021 00:24:17.057,0.69547,0.69535,1,1.5
25.08.2021 00:24:17.624,0.6954600000000001,0.69535,1,1
25.08.2021 00:24:23.399,0.69547,0.69535,1,1.5
25.08.2021 00:24:23.836,0.6954800000000001,0.69535,1,1
25.08.2021 00:24:26.931,0.69547,0.69535,1,1
25.08.2021 00:24:27.082,0.69547,0.6953600000000001,1,2.25
25.08.2021 00:24:27.183,0.6954800000000001,0.6953600000000001,1,1.5
25.08.2021 00:24:29.244,0.6954899999999999,0.69538,1,1
25.08.2021 00:24:30.156,0.6955,0.6953600000000001,1,1.5
25.08.2021 00:24:30.624,0.6955100000000001,0.6953600000000001,2.44,1.5
25.08.2021 00:24:39.830,0.6955300000000001,0.69539,2.44,1.5
25.08.2021 00:24:39.931,0.69552,0.69539,1,1.5
25.08.2021 00:24:40.033,0.6955100000000001,0.69539,1,2.06
25.08.2021 00:24:41.693,0.6954899999999999,0.69537,1,1
25.08.2021 00:24:41.795,0.6954600000000001,0.69534,1,1.5
25.08.2021 00:24:41.896,0.6954600000000001,0.69534,1,1
25.08.2021 00:24:42.148,0.6954600000000001,0.69532,1,2.56
25.08.2021 00:24:42.676,0.69545,0.69533,1,1.69
25.08.2021 00:24:55.708,0.6954300000000001,0.69532,1,1.12
25.08.2021 00:24:55.809,0.69539,0.69529,1.25,1
25.08.2021 00:24:55.910,0.69537,0.69529,1,1
25.08.2021 00:24:56.079,0.69534,0.6952100000000001,1.25,1
25.08.2021 00:24:56.181,0.69534,0.6952,1.5,1
25.08.2021 00:24:56.875,0.69535,0.6952100000000001,1.5,1
25.08.2021 00:25:00.102,0.69534,0.6952,1.69,1.57
25.08.2021 00:25:00.203,0.69532,0.69519,1,1.5
25.08.2021 00:25:01.076,0.69525,0.6951600000000001,1.69,1.5
25.08.2021 00:25:01.127,0.69524,0.69512,1.69,1
25.08.2021 00:25:01.178,0.6951700000000001,0.69509,1,1.25
25.08.2021 00:25:01.279,0.6951700000000001,0.6950500000000001,1,2.87
25.08.2021 00:25:01.380,0.69515,0.6950500000000001,1,1.87
25.08.2021 00:25:01.431,0.6951600000000001,0.69504,1,1.12
25.08.2021 00:25:02.609,0.6951700000000001,0.69504,1,3.37
25.08.2021 00:25:02.981,0.69515,0.6950500000000001,1,1.12
25.08.2021 00:25:05.352,0.6951700000000001,0.69504,1,2.7
25.08.2021 00:25:10.398,0.6951600000000001,0.69504,1.5,1.12
25.08.2021 00:25:10.449,0.69512,0.6950000000000001,1,1.57
25.08.2021 00:25:10.550,0.69512,0.69499,1,1.95
25.08.2021 00:25:14.890,0.6951100000000001,0.69499,4,1
25.08.2021 00:25:14.991,0.69512,0.69498,1.5,1.69
25.08.2021 00:25:18.418,0.6951,0.69497,1.25,1
25.08.2021 00:25:18.519,0.6951100000000001,0.69497,1.69,1.5
25.08.2021 00:25:18.720,0.6951100000000001,0.69498,1.69,1
25.08.2021 00:25:20.681,0.6951100000000001,0.69497,1.5,1.12
25.08.2021 00:25:24.781,0.6951,0.69496,2.5,1
25.08.2021 00:25:24.882,0.69509,0.6949500000000001,1.25,1.87
25.08.2021 00:25:25.654,0.6951,0.69496,2.5,1
25.08.2021 00:25:40.356,0.6951,0.69497,1,1
25.08.2021 00:25:40.807,0.69509,0.69499,1,1
25.08.2021 00:25:41.323,0.6951,0.69497,1,1.5
25.08.2021 00:25:41.833,0.69512,0.69499,1,2.62
25.08.2021 00:25:41.935,0.69513,0.6950000000000001,1.12,2.25
25.08.2021 00:25:42.187,0.69513,0.69501,1,1
25.08.2021 00:25:42.288,0.69514,0.69502,1.5,1
25.08.2021 00:25:42.389,0.6951700000000001,0.69504,1.75,2.62
25.08.2021 00:25:42.440,0.6951700000000001,0.69504,1,2.62
25.08.2021 00:25:42.858,0.6951700000000001,0.6950600000000001,1,1
25.08.2021 00:25:42.959,0.69518,0.6950600000000001,1.69,1
25.08.2021 00:25:43.060,0.69519,0.6950600000000001,1,1.5
25.08.2021 00:25:44.265,0.69519,0.69507,1,1
25.08.2021 00:25:45.210,0.69518,0.69507,1,1
25.08.2021 00:25:45.311,0.6951700000000001,0.69507,1,1
25.08.2021 00:26:09.657,0.69519,0.69508,1.25,1
25.08.2021 00:26:09.809,0.6952200000000001,0.69512,1.5,1
25.08.2021 00:26:09.860,0.69525,0.69512,1.5,1.5
25.08.2021 00:26:09.961,0.6952600000000001,0.69513,1,1
25.08.2021 00:26:10.213,0.69527,0.69513,1.69,1
25.08.2021 00:26:14.110,0.69527,0.69515,1,1
25.08.2021 00:26:14.161,0.69529,0.69515,2.25,1.5
25.08.2021 00:26:15.026,0.69528,0.69515,1,1.87
25.08.2021 00:26:20.176,0.69529,0.69515,2.25,1.12
25.08.2021 00:26:32.865,0.69529,0.6951700000000001,1,1
25.08.2021 00:26:32.966,0.6953,0.6951700000000001,1,1
25.08.2021 00:26:36.167,0.69529,0.69518,1.5,1
25.08.2021 00:26:36.413,0.69533,0.69519,1.69,3.75
25.08.2021 00:26:45.200,0.69533,0.69519,1.5,3.12
25.08.2021 00:26:45.251,0.69534,0.69519,2.44,4.25
25.08.2021 00:26:45.352,0.69533,0.69519,1,2.75
25.08.2021 00:26:45.453,0.69533,0.69519,1,2.62
25.08.2021 00:26:49.922,0.69532,0.69519,1.5,1.87
25.08.2021 00:26:50.023,0.69529,0.69515,1.69,3.5
25.08.2021 00:26:50.175,0.69528,0.6951600000000001,1.69,2.62
25.08.2021 00:26:50.849,0.6953100000000001,0.6951600000000001,2.44,3
25.08.2021 00:26:50.953,0.6953100000000001,0.6951700000000001,2.44,1
25.08.2021 00:26:53.155,0.6953100000000001,0.6951600000000001,2.44,3.56
25.08.2021 00:26:54.393,0.6953100000000001,0.6951600000000001,2.25,3.87
25.08.2021 00:26:59.445,0.69532,0.6952100000000001,1,1
25.08.2021 00:26:59.698,0.69535,0.6952100000000001,1.12,1
25.08.2021 00:27:00.055,0.69535,0.6952200000000001,1,1
25.08.2021 00:27:00.165,0.69534,0.6952200000000001,1,1.5
25.08.2021 00:27:03.931,0.69534,0.6952100000000001,1,1.12
25.08.2021 00:27:04.032,0.69534,0.6952,2.25,1.12
25.08.2021 00:27:04.312,0.69532,0.69519,1,2
25.08.2021 00:27:06.127,0.6953,0.69519,2.5,1.5
25.08.2021 00:27:06.279,0.6953,0.6951600000000001,1.25,3.37
25.08.2021 00:27:06.836,0.6953100000000001,0.6951600000000001,1.5,3.37
25.08.2021 00:27:07.079,0.69532,0.6951700000000001,2.81,1.5
25.08.2021 00:27:08.564,0.6953,0.6951600000000001,1.25,1.87
25.08.2021 00:27:08.665,0.69528,0.6951600000000001,1.5,2.19
25.08.2021 00:27:08.767,0.69527,0.6951600000000001,1,1.31
25.08.2021 00:27:10.165,0.69529,0.6951700000000001,2.44,1
25.08.2021 00:27:12.377,0.6953100000000001,0.6951700000000001,1.87,1.5
25.08.2021 00:27:12.490,0.69532,0.69518,2.44,1
25.08.2021 00:27:57.361,0.6953100000000001,0.69518,1,1
25.08.2021 00:27:57.462,0.6953,0.6951700000000001,1.25,1.87
25.08.2021 00:27:58.157,0.69533,0.6952100000000001,2.81,1.5
25.08.2021 00:27:58.258,0.69533,0.6952,2.5,2.62
25.08.2021 00:27:58.446,0.69533,0.6952,2.44,3
25.08.2021 00:27:58.558,0.69534,0.69519,2.5,2.62
25.08.2021 00:27:58.817,0.69534,0.69519,2.44,3
25.08.2021 00:27:58.918,0.69534,0.69519,2.5,2.62
25.08.2021 00:28:00.365,0.69534,0.69519,2.5,3.12
25.08.2021 00:28:00.566,0.69532,0.6952,1.25,2.25
25.08.2021 00:28:01.972,0.69532,0.69524,1,2.25
25.08.2021 00:28:02.023,0.69537,0.69523,1.5,2.44
25.08.2021 00:28:02.125,0.69542,0.69529,1.62,2.81
25.08.2021 00:28:02.227,0.69538,0.69524,1.5,1.75
25.08.2021 00:28:02.329,0.69537,0.69524,1,1.31
25.08.2021 00:28:02.481,0.69538,0.69524,1.5,3.31
25.08.2021 00:28:02.684,0.69538,0.69524,1.5,1.69
25.08.2021 00:28:03.297,0.69539,0.69524,2.44,2.44
25.08.2021 00:28:03.347,0.6953600000000001,0.69525,1,1.69
25.08.2021 00:28:03.398,0.69538,0.69525,2.44,2.44
25.08.2021 00:28:03.499,0.69537,0.69524,1,2.44
25.08.2021 00:28:03.600,0.69535,0.69525,1.5,1
25.08.2021 00:28:03.854,0.6953600000000001,0.69523,1.5,1.25
25.08.2021 00:28:04.008,0.6953600000000001,0.69524,1,4.12
25.08.2021 00:28:04.059,0.69539,0.6952600000000001,2.44,2.81
25.08.2021 00:28:04.160,0.6954,0.6952600000000001,1.25,1.5
25.08.2021 00:28:11.239,0.6954,0.6952600000000001,1,2
25.08.2021 00:28:11.291,0.6954100000000001,0.69529,1,1
25.08.2021 00:28:11.392,0.69542,0.69529,1,1
25.08.2021 00:28:11.493,0.69542,0.6953,1.5,3.75
25.08.2021 00:28:13.436,0.6954300000000001,0.6953,2.44,3.75
25.08.2021 00:28:15.172,0.69545,0.6953100000000001,1.5,1.12
25.08.2021 00:28:16.952,0.6954600000000001,0.6953100000000001,2.25,1.87
25.08.2021 00:28:27.489,0.69545,0.6953100000000001,1,2.62
25.08.2021 00:28:27.590,0.69544,0.6953100000000001,1,2.62
25.08.2021 00:28:34.526,0.6954,0.6953100000000001,1.5,1
25.08.2021 00:28:34.577,0.69542,0.69529,1.12,2.75
25.08.2021 00:28:34.779,0.69542,0.69527,2.44,3.19
25.08.2021 00:28:35.862,0.69537,0.6952600000000001,1,3.31
25.08.2021 00:28:35.963,0.69537,0.69524,1.69,1.5
25.08.2021 00:28:36.064,0.69537,0.69524,1.69,1
25.08.2021 00:28:36.400,0.6953600000000001,0.69524,1,1
25.08.2021 00:28:40.504,0.69534,0.6952100000000001,1,1.5
25.08.2021 00:28:40.555,0.69532,0.6952100000000001,1,2.44
25.08.2021 00:28:40.656,0.6953100000000001,0.6952100000000001,1.5,1.5
25.08.2021 00:28:40.909,0.6953100000000001,0.6951700000000001,1,2.56
25.08.2021 00:28:41.060,0.6953100000000001,0.6951700000000001,1.5,2.06
25.08.2021 00:28:44.872,0.69527,0.69514,1,1.62
25.08.2021 00:28:45.225,0.69527,0.69513,1.5,2.62
25.08.2021 00:28:45.950,0.69524,0.69512,1,2.37
25.08.2021 00:28:46.102,0.6952600000000001,0.69512,1.69,1.5
25.08.2021 00:28:54.491,0.6952600000000001,0.69512,1.25,2
25.08.2021 00:28:54.696,0.6952600000000001,0.69512,1.25,1.5
25.08.2021 00:29:00.419,0.69529,0.69515,2.81,2.25
25.08.2021 00:29:00.672,0.69528,0.69514,1,3
25.08.2021 00:29:02.447,0.69529,0.69515,2.81,1.5
25.08.2021 00:29:06.239,0.69528,0.6951700000000001,1,1
25.08.2021 00:29:06.341,0.6953,0.6951700000000001,1.69,1.5
25.08.2021 00:29:09.394,0.69528,0.69515,1,1.5
25.08.2021 00:29:09.745,0.69528,0.6951600000000001,1,1
25.08.2021 00:29:16.362,0.69529,0.6951600000000001,1.69,1
25.08.2021 00:29:16.696,0.69528,0.6951600000000001,1.69,1.5
25.08.2021 00:29:16.899,0.69528,0.6951700000000001,1.69,1
25.08.2021 00:29:17.205,0.69528,0.69518,1.25,1
25.08.2021 00:29:17.389,0.69529,0.6951600000000001,1.25,1.5
25.08.2021 00:29:17.540,0.69528,0.6951600000000001,1.69,1.5
25.08.2021 00:29:17.641,0.69528,0.6951700000000001,1.25,1.5
25.08.2021 00:29:21.652,0.69529,0.6951700000000001,1.25,1
25.08.2021 00:29:21.854,0.69529,0.6951600000000001,1.25,1.87
25.08.2021 00:29:22.233,0.69529,0.6951700000000001,1.25,1
25.08.2021 00:29:22.339,0.69529,0.6951600000000001,1.25,1.5
25.08.2021 00:29:23.824,0.69529,0.6951700000000001,1.69,1
25.08.2021 00:29:23.995,0.69529,0.6951600000000001,1.69,1
25.08.2021 00:29:27.368,0.69529,0.69515,1.69,1.5
25.08.2021 00:29:27.469,0.69529,0.6951600000000001,1.69,1
25.08.2021 00:29:39.365,0.6953,0.6951600000000001,1,1.25
25.08.2021 00:29:39.466,0.6953100000000001,0.6951700000000001,1.69,1
25.08.2021 00:30:00.293,0.6953,0.6951600000000001,1.5,1.31
25.08.2021 00:30:00.394,0.69529,0.69515,1,2.94
25.08.2021 00:30:00.496,0.69528,0.6951600000000001,1.5,1.69
25.08.2021 00:30:01.344,0.69528,0.69515,1,1.5
25.08.2021 00:30:17.554,0.6952600000000001,0.69514,2.25,1.5
25.08.2021 00:30:17.605,0.69525,0.6951100000000001,2.25,2.44
25.08.2021 00:30:17.706,0.69525,0.6951100000000001,4.75,1.12
25.08.2021 00:30:17.807,0.69524,0.6951100000000001,1.25,1
25.08.2021 00:30:21.027,0.69519,0.69507,1.69,1.5
25.08.2021 00:30:21.128,0.6951600000000001,0.6950500000000001,1.69,1
25.08.2021 00:30:21.179,0.6951600000000001,0.69502,1.25,1.87
25.08.2021 00:30:37.965,0.6951600000000001,0.69503,1.25,1
25.08.2021 00:30:43.713,0.6951600000000001,0.69502,1.69,1.12
25.08.2021 00:30:53.331,0.69514,0.69502,1,1
25.08.2021 00:30:53.382,0.69512,0.69501,1,1.5
25.08.2021 00:30:53.713,0.69513,0.69501,1,1
25.08.2021 00:30:54.693,0.69513,0.6950000000000001,1,2.25
25.08.2021 00:30:55.253,0.69514,0.6950000000000001,1.25,1.12
25.08.2021 00:30:55.304,0.69515,0.69502,1.69,1
25.08.2021 00:30:55.405,0.69512,0.6950000000000001,1,1
25.08.2021 00:30:57.940,0.6951100000000001,0.69499,1.25,2.37
25.08.2021 00:31:00.394,0.69512,0.6950000000000001,1,1
25.08.2021 00:31:00.596,0.6951100000000001,0.6950000000000001,1,2.06
25.08.2021 00:31:01.243,0.69512,0.69499,1,2.56
25.08.2021 00:31:06.796,0.69512,0.6950000000000001,1,1
25.08.2021 00:31:07.012,0.69512,0.69499,1,2.56
25.08.2021 00:31:07.930,0.6951100000000001,0.6950000000000001,1,1.69
25.08.2021 00:31:19.100,0.69508,0.69496,1,1.75
25.08.2021 00:31:19.202,0.69502,0.6949000000000001,1.25,1.5
25.08.2021 00:31:19.303,0.69501,0.69487,1.69,3
25.08.2021 00:31:19.404,0.6950000000000001,0.69488,1.69,1
25.08.2021 00:31:19.455,0.69496,0.69484,1,1.5
25.08.2021 00:31:19.556,0.69492,0.69481,1,1.5
25.08.2021 00:31:19.607,0.69492,0.6948000000000001,1,1.5
25.08.2021 00:31:19.771,0.69494,0.69481,1.25,1
25.08.2021 00:31:19.822,0.69496,0.69482,1.69,1
25.08.2021 00:31:21.189,0.69496,0.6948300000000001,1.25,1
25.08.2021 00:31:21.341,0.69494,0.69484,1,1
25.08.2021 00:31:21.741,0.69497,0.6948300000000001,1,1.5
25.08.2021 00:31:21.843,0.69496,0.6948500000000001,1.5,1
25.08.2021 00:31:22.045,0.6949500000000001,0.69484,1,1
25.08.2021 00:31:22.460,0.69498,0.69486,1,1
25.08.2021 00:31:22.511,0.6950000000000001,0.69487,1.5,1
25.08.2021 00:31:23.215,0.69502,0.69489,1,2.25
25.08.2021 00:31:23.316,0.69502,0.6949000000000001,1,1
25.08.2021 00:31:28.105,0.69502,0.69489,1,1.5
25.08.2021 00:31:35.869,0.69501,0.69489,1,1.5
25.08.2021 00:31:35.920,0.69499,0.6948500000000001,3,2.44
25.08.2021 00:31:36.021,0.69497,0.6948300000000001,1.25,2
25.08.2021 00:31:36.122,0.69497,0.6948300000000001,1.25,1.87
25.08.2021 00:31:42.104,0.69496,0.6948300000000001,1,2.25
25.08.2021 00:31:43.670,0.69496,0.69484,1,1
25.08.2021 00:31:45.392,0.69496,0.6948300000000001,1,2.25
25.08.2021 00:31:45.493,0.69502,0.69489,3.31,3
25.08.2021 00:31:45.544,0.69502,0.69489,1.69,3
25.08.2021 00:31:58.690,0.69504,0.69491,1.25,1.5
25.08.2021 00:31:58.842,0.69503,0.6949000000000001,1.25,2.25
25.08.2021 00:32:00.491,0.69502,0.6949000000000001,1,1.5
25.08.2021 00:32:02.530,0.69501,0.6949000000000001,1.25,1.5
25.08.2021 00:32:02.766,0.6950000000000001,0.69488,1.25,1
25.08.2021 00:32:02.868,0.6950000000000001,0.69487,1.69,1
25.08.2021 00:32:02.970,0.69496,0.6948300000000001,1.25,1.12
25.08.2021 00:32:06.358,0.69496,0.69482,1.69,1.5
25.08.2021 00:32:09.940,0.69491,0.6948000000000001,1,1
25.08.2021 00:32:09.990,0.69491,0.6947800000000001,1,2.62
25.08.2021 00:32:12.742,0.6949000000000001,0.6947800000000001,1.75,1.5
25.08.2021 00:32:15.173,0.69487,0.69477,1.25,1
25.08.2021 00:32:16.668,0.69488,0.69475,1.75,1.5
25.08.2021 00:32:18.461,0.69487,0.69475,1.25,1
25.08.2021 00:32:18.562,0.69488,0.69474,3.25,1
25.08.2021 00:32:18.663,0.69488,0.69475,1.69,1
25.08.2021 00:32:20.021,0.69488,0.69475,2.5,1
25.08.2021 00:32:20.122,0.6948500000000001,0.69472,1.25,1
25.08.2021 00:32:21.656,0.6948500000000001,0.6947300000000001,1.25,1
25.08.2021 00:32:23.540,0.6948500000000001,0.69472,1.25,1
25.08.2021 00:32:24.260,0.69486,0.69472,2.5,1
25.08.2021 00:32:24.509,0.69486,0.6947300000000001,2.5,1
25.08.2021 00:32:26.571,0.6948500000000001,0.69472,1.25,1
25.08.2021 00:32:26.672,0.6948500000000001,0.6947300000000001,1.25,1
25.08.2021 00:32:27.071,0.69488,0.69475,2.5,1
25.08.2021 00:32:27.172,0.69489,0.69476,1.75,1
25.08.2021 00:32:27.273,0.69489,0.69476,1.25,1
25.08.2021 00:32:29.221,0.69488,0.69475,1.75,1
25.08.2021 00:32:29.322,0.69487,0.69475,1.25,2.25
25.08.2021 00:32:29.423,0.69488,0.69475,1.25,1
25.08.2021 00:32:31.573,0.69488,0.69474,1.69,2.62
25.08.2021 00:32:32.386,0.69488,0.69475,1.69,1
25.08.2021 00:32:32.570,0.69488,0.69475,1.75,1
25.08.2021 00:32:38.468,0.69487,0.69474,1.25,1.5
25.08.2021 00:32:38.785,0.69488,0.69475,2.5,1
25.08.2021 00:32:39.116,0.69487,0.69477,1.75,1.5
25.08.2021 00:32:39.218,0.69491,0.6948000000000001,1.75,1
25.08.2021 00:32:39.270,0.69493,0.6948000000000001,2.5,1.5
25.08.2021 00:32:39.788,0.69491,0.69479,1.25,1
25.08.2021 00:32:39.890,0.69491,0.6947800000000001,2.5,1
25.08.2021 00:32:40.360,0.69488,0.69476,1.25,1.12
25.08.2021 00:32:41.535,0.6948500000000001,0.69475,1,1.5
25.08.2021 00:32:49.712,0.6948500000000001,0.69474,1.25,1
25.08.2021 00:32:49.813,0.69486,0.6947300000000001,2.12,1
25.08.2021 00:32:56.599,0.6948000000000001,0.6946800000000001,1.75,1
25.08.2021 00:32:56.701,0.6947800000000001,0.69466,1.25,1
25.08.2021 00:32:57.773,0.6947800000000001,0.69467,1,1
25.08.2021 00:32:57.874,0.6947800000000001,0.69466,1.25,1
25.08.2021 00:33:00.536,0.69477,0.69466,1,1
25.08.2021 00:33:03.088,0.69477,0.69465,1,1
25.08.2021 00:33:04.036,0.6947300000000001,0.6946100000000001,1.75,1.12
25.08.2021 00:33:04.238,0.69472,0.6946100000000001,1.75,1.5
25.08.2021 00:33:06.194,0.6947800000000001,0.69467,1.61,1
25.08.2021 00:33:06.244,0.69479,0.69466,1.25,1
25.08.2021 00:33:06.295,0.69477,0.69467,1.25,1.5
25.08.2021 00:33:06.455,0.69477,0.69465,1.25,1
25.08.2021 00:33:06.506,0.6947800000000001,0.69467,1.25,1
25.08.2021 00:33:06.607,0.6947800000000001,0.6946800000000001,1.25,1
25.08.2021 00:33:07.990,0.6947800000000001,0.69467,1.25,1
25.08.2021 00:33:08.831,0.69479,0.69467,1,1
25.08.2021 00:33:08.965,0.6948000000000001,0.69467,1.25,1
25.08.2021 00:33:15.758,0.69482,0.69469,1.75,2.25
25.08.2021 00:33:15.859,0.69482,0.69469,1.25,1.5
25.08.2021 00:33:16.162,0.6948300000000001,0.6947,1.75,1
25.08.2021 00:33:18.827,0.6948500000000001,0.69471,2.81,1
25.08.2021 00:33:19.100,0.69484,0.69471,1.25,1
25.08.2021 00:33:20.166,0.69481,0.69471,1,1.5
25.08.2021 00:33:23.269,0.6948300000000001,0.6947,1.25,1.5
25.08.2021 00:33:23.522,0.69482,0.6947,1,1
25.08.2021 00:33:23.623,0.69481,0.6947,1,2.62
25.08.2021 00:33:30.131,0.6947800000000001,0.69466,1,1.12
25.08.2021 00:33:30.334,0.6947800000000001,0.69465,1.25,2.25
25.08.2021 00:33:47.216,0.69475,0.69465,4.25,1
25.08.2021 00:33:47.267,0.69471,0.6946100000000001,1,1.5
25.08.2021 00:33:47.368,0.69471,0.69459,1.5,1
25.08.2021 00:33:47.419,0.6947,0.69457,1,2.25
25.08.2021 00:33:47.825,0.6946800000000001,0.6945600000000001,1,1
25.08.2021 00:33:47.926,0.6946300000000001,0.6945300000000001,2.06,1.5
25.08.2021 00:33:47.977,0.69466,0.6945300000000001,1.5,1.12
25.08.2021 00:33:48.129,0.69466,0.69452,1,1
25.08.2021 00:33:54.407,0.6946800000000001,0.69455,2.25,1.5
25.08.2021 00:33:54.458,0.6947,0.6945600000000001,1.87,2.25
25.08.2021 00:33:57.586,0.69472,0.69459,1,1
25.08.2021 00:34:04.485,0.6947300000000001,0.69459,1,3.07
25.08.2021 00:34:04.587,0.69474,0.69462,1,1
25.08.2021 00:34:04.693,0.69475,0.69462,3.62,3.19
25.08.2021 00:34:05.026,0.6947300000000001,0.6946,1,2.44
25.08.2021 00:34:07.820,0.6947300000000001,0.69459,1.69,2.44
25.08.2021 00:34:09.693,0.69472,0.69459,1.25,2.25
25.08.2021 00:34:13.948,0.69475,0.6946100000000001,2.44,1.5
25.08.2021 00:34:15.703,0.69475,0.69464,1,1
25.08.2021 00:34:15.754,0.69477,0.69466,1.75,1.5
25.08.2021 00:34:15.906,0.6947800000000001,0.69465,1,2.25
25.08.2021 00:34:17.680,0.6947800000000001,0.69464,1.69,1.5
25.08.2021 00:34:19.467,0.69476,0.69465,1,1.5
25.08.2021 00:34:19.582,0.69474,0.69464,1,1.5
25.08.2021 00:34:19.683,0.69474,0.69465,1,1
25.08.2021 00:34:21.911,0.69474,0.69466,1,1
25.08.2021 00:34:22.874,0.6947300000000001,0.69466,1,1
25.08.2021 00:34:23.601,0.69479,0.69469,1,1
25.08.2021 00:34:23.652,0.69477,0.6946800000000001,1,2.5
25.08.2021 00:34:23.703,0.69477,0.69467,1,1
25.08.2021 00:34:23.854,0.69476,0.69467,1,1
25.08.2021 00:34:24.115,0.6947800000000001,0.6946800000000001,1,1.12
25.08.2021 00:34:29.481,0.69479,0.6946800000000001,1,1
25.08.2021 00:34:30.402,0.69479,0.69471,1,1
25.08.2021 00:34:30.656,0.6947800000000001,0.69471,1,1
25.08.2021 00:34:32.212,0.6948000000000001,0.6947,1,1
25.08.2021 00:35:07.016,0.69482,0.6947300000000001,1,2.75
25.08.2021 00:35:07.067,0.69484,0.69472,1,1.5
25.08.2021 00:35:07.169,0.69484,0.69474,1,1.25
25.08.2021 00:35:07.271,0.6948300000000001,0.69472,1,1.94
25.08.2021 00:35:09.084,0.69486,0.69474,1,3
25.08.2021 00:35:14.150,0.6948500000000001,0.6947300000000001,1,1.12
25.08.2021 00:35:21.621,0.69486,0.69474,1,1.25
25.08.2021 00:35:22.516,0.69487,0.69474,1,3.94
25.08.2021 00:35:22.973,0.69484,0.69475,1,2.44
25.08.2021 00:35:28.127,0.69488,0.69475,1,1.31
25.08.2021 00:35:28.229,0.69486,0.69477,1,1
25.08.2021 00:35:28.411,0.69487,0.69475,1.5,1.12
25.08.2021 00:35:31.053,0.69486,0.69475,1,1.12
25.08.2021 00:36:01.490,0.6948500000000001,0.69476,1,1.5
25.08.2021 00:36:01.686,0.69486,0.69475,1,1
25.08.2021 00:36:02.809,0.69488,0.6947800000000001,1.25,2.25
25.08.2021 00:36:02.910,0.69488,0.69477,1,1
25.08.2021 00:36:03.011,0.69487,0.69476,1,1.12
25.08.2021 00:36:05.090,0.69486,0.69476,1.5,1
25.08.2021 00:36:05.140,0.6948500000000001,0.69471,2.19,2.37
25.08.2021 00:36:05.242,0.6948300000000001,0.69471,1,1.5
25.08.2021 00:36:05.343,0.6948300000000001,0.6947,1,1.87
25.08.2021 00:36:06.216,0.69482,0.6947,1,1.12
25.08.2021 00:36:08.366,0.69481,0.69469,1,1.62
25.08.2021 00:36:08.416,0.69476,0.69466,1.5,1.62
25.08.2021 00:36:08.467,0.69475,0.69465,1,1.12
25.08.2021 00:36:08.568,0.69475,0.6946300000000001,1,3.5
25.08.2021 00:36:10.366,0.69474,0.69462,1,3
25.08.2021 00:36:10.518,0.69474,0.6946100000000001,1.25,1.12
25.08.2021 00:36:10.619,0.6947300000000001,0.69459,1.69,3.94
25.08.2021 00:36:13.183,0.69474,0.6946100000000001,1,1.5
25.08.2021 00:36:13.284,0.69474,0.6946100000000001,1,1
25.08.2021 00:36:13.587,0.69472,0.6946100000000001,1.69,1
25.08.2021 00:36:21.626,0.69474,0.6946100000000001,1,1.5
25.08.2021 00:36:21.727,0.6947300000000001,0.6946100000000001,1,1
25.08.2021 00:36:23.936,0.6947300000000001,0.6946,1.5,1
25.08.2021 00:36:24.038,0.6947300000000001,0.69459,1.5,4.31
25.08.2021 00:36:27.983,0.69472,0.6946100000000001,1,1
25.08.2021 00:36:28.085,0.69469,0.6946,1,1
25.08.2021 00:36:28.186,0.6947,0.69457,1,2
25.08.2021 00:36:28.288,0.6947,0.69457,1,1.5
25.08.2021 00:36:31.019,0.69471,0.69457,1.25,1.5
25.08.2021 00:36:33.741,0.69471,0.6945800000000001,1,1.87
25.08.2021 00:36:38.294,0.69471,0.6946,1,3
25.08.2021 00:36:46.055,0.6947300000000001,0.6946300000000001,1,1.5
25.08.2021 00:36:46.106,0.69472,0.6946100000000001,1,2.62
25.08.2021 00:36:46.207,0.69472,0.69459,1.25,2
25.08.2021 00:36:46.309,0.69472,0.69459,1.25,1.87
25.08.2021 00:36:47.239,0.69471,0.6946100000000001,1.25,1
25.08.2021 00:36:51.200,0.69471,0.69459,1,1.12
25.08.2021 00:36:54.739,0.69472,0.6946,1.25,1
25.08.2021 00:36:54.840,0.69472,0.69459,1.25,3
25.08.2021 00:36:54.942,0.6947,0.6946,1,1
25.08.2021 00:36:58.494,0.69472,0.69459,1.25,1
25.08.2021 00:36:58.595,0.69471,0.69459,1,1
25.08.2021 00:36:59.877,0.6947,0.6946100000000001,1,1
25.08.2021 00:37:00.029,0.6947,0.6946,1,1
25.08.2021 00:37:11.211,0.69472,0.69457,2.5,2.75
25.08.2021 00:37:11.362,0.69471,0.69457,1.69,1.5
25.08.2021 00:37:11.705,0.69467,0.6945600000000001,1,1.12
25.08.2021 00:37:11.756,0.69466,0.69452,1.75,2.25
25.08.2021 00:37:11.857,0.6946300000000001,0.6945100000000001,1,1.5
25.08.2021 00:37:11.958,0.6946100000000001,0.6945100000000001,1,1
25.08.2021 00:37:12.060,0.6946100000000001,0.69449,1,1.12
25.08.2021 00:37:13.450,0.69462,0.6945100000000001,1,1.5
25.08.2021 00:37:13.502,0.69466,0.69454,1.5,1.5
25.08.2021 00:37:13.603,0.69466,0.69454,1,1.5
25.08.2021 00:37:13.805,0.69467,0.69455,1,1.5
25.08.2021 00:37:14.435,0.69471,0.6945600000000001,2.94,1.5
25.08.2021 00:37:14.485,0.6946800000000001,0.6945600000000001,1,1.5
25.08.2021 00:37:14.587,0.6947,0.6945600000000001,1.31,1.5
25.08.2021 00:37:14.637,0.6946800000000001,0.6945600000000001,1,1.87
25.08.2021 00:37:14.739,0.69471,0.6945800000000001,1,1.69
25.08.2021 00:37:14.840,0.6947,0.6946,1,1
25.08.2021 00:37:15.291,0.69472,0.6946,1,1.5
25.08.2021 00:37:15.342,0.69475,0.69462,1.5,2.44
25.08.2021 00:37:15.443,0.69476,0.6946300000000001,1,1
25.08.2021 00:37:42.551,0.69477,0.6946300000000001,1,1.5
25.08.2021 00:37:42.653,0.69476,0.69464,1,2.25
25.08.2021 00:37:43.314,0.69475,0.69462,1,1.5
25.08.2021 00:37:43.416,0.69472,0.6946100000000001,1,1.12
25.08.2021 00:37:43.517,0.69472,0.6946,1,1.5
25.08.2021 00:37:44.595,0.69472,0.6945800000000001,1.25,1.87
25.08.2021 00:37:46.164,0.6946800000000001,0.6945600000000001,1,1.12
25.08.2021 00:37:46.265,0.69464,0.6945300000000001,1,1.5
25.08.2021 00:37:46.316,0.69466,0.69452,1.69,1.5
25.08.2021 00:37:46.417,0.69466,0.69452,1.25,1.5
25.08.2021 00:37:46.778,0.6946300000000001,0.6945300000000001,1.25,1
25.08.2021 00:37:46.879,0.69464,0.6945100000000001,1.25,1.5
25.08.2021 00:37:46.980,0.69466,0.6945100000000001,2.87,1.5
25.08.2021 00:37:47.081,0.69466,0.69452,2.12,1
25.08.2021 00:37:47.833,0.69466,0.69452,1.31,1.5
25.08.2021 00:38:10.727,0.69465,0.6945300000000001,2.12,1
25.08.2021 00:38:23.737,0.69467,0.6945300000000001,2.06,1.5
25.08.2021 00:38:23.839,0.69467,0.69454,1.12,1
25.08.2021 00:38:23.890,0.69471,0.69459,1.25,1.5
25.08.2021 00:38:23.940,0.6947300000000001,0.69459,3.56,1.5
25.08.2021 00:38:23.991,0.69476,0.69464,3.94,1.87
25.08.2021 00:38:24.092,0.6947800000000001,0.69464,1.56,4.12
25.08.2021 00:38:24.193,0.6947800000000001,0.69464,1.25,4.12
25.08.2021 00:38:27.365,0.6947800000000001,0.69465,1,1
25.08.2021 00:38:31.309,0.69479,0.69465,2.44,1.5
25.08.2021 00:38:31.899,0.6947800000000001,0.69466,2.87,1.5
25.08.2021 00:38:44.240,0.69477,0.69464,1.25,1
25.08.2021 00:38:48.368,0.69477,0.6946300000000001,1.69,1.5
25.08.2021 00:38:49.372,0.69476,0.6946300000000001,1,1.5
25.08.2021 00:38:49.423,0.69474,0.69462,3,1.12
25.08.2021 00:38:49.524,0.6947300000000001,0.6945800000000001,2.44,2.19
25.08.2021 00:38:49.625,0.6947300000000001,0.6945800000000001,2.44,2.19
25.08.2021 00:38:49.727,0.6947300000000001,0.6945800000000001,2.5,2
25.08.2021 00:38:49.829,0.6947300000000001,0.6945800000000001,2.5,1.5
25.08.2021 00:38:50.637,0.69467,0.6945600000000001,1.25,1.87
25.08.2021 00:38:54.843,0.6946800000000001,0.69454,1.69,2.25
25.08.2021 00:38:54.945,0.69467,0.69454,1.25,1
25.08.2021 00:38:57.155,0.69467,0.69454,1.25,1
25.08.2021 00:38:59.529,0.69467,0.6945300000000001,1.25,1.5
25.08.2021 00:39:00.342,0.69467,0.69454,1,1.69
25.08.2021 00:39:00.392,0.6947,0.69457,3.75,2.25
25.08.2021 00:39:00.494,0.69471,0.69457,1.5,1.5
25.08.2021 00:39:00.595,0.69471,0.69457,1,1.5
25.08.2021 00:39:00.696,0.69472,0.69457,2.81,1.5
25.08.2021 00:39:03.956,0.6947,0.6945600000000001,2.25,1.25
25.08.2021 00:39:04.057,0.69469,0.69455,1.25,1.5
25.08.2021 00:39:11.300,0.6946800000000001,0.69455,1,1.5
25.08.2021 00:39:14.321,0.69466,0.6945600000000001,1,1.5
25.08.2021 00:39:22.229,0.69466,0.6945300000000001,1.25,2.25
25.08.2021 00:39:22.330,0.69465,0.69455,1,1.12
25.08.2021 00:39:22.497,0.69466,0.69455,1,1
25.08.2021 00:39:26.535,0.69465,0.69455,1,1.25
25.08.2021 00:39:27.294,0.69465,0.6945600000000001,1,1
25.08.2021 00:39:32.654,0.69466,0.6945600000000001,1,1.5
25.08.2021 00:39:32.704,0.69471,0.6945800000000001,2.06,1.75
25.08.2021 00:39:32.806,0.69471,0.6946100000000001,1.5,1
25.08.2021 00:39:32.924,0.69472,0.6946,1,1
25.08.2021 00:39:48.899,0.69471,0.6946,1,3
25.08.2021 00:40:07.233,0.69469,0.6945600000000001,1.31,1.12
25.08.2021 00:40:07.334,0.6946800000000001,0.69455,1.69,1.5
25.08.2021 00:40:07.436,0.69465,0.69452,1.25,1
25.08.2021 00:40:07.538,0.69466,0.6945300000000001,1.69,1
25.08.2021 00:40:09.326,0.69467,0.6945300000000001,1.69,1
25.08.2021 00:40:09.377,0.69469,0.6945600000000001,1.31,1.5
25.08.2021 00:40:09.529,0.6946800000000001,0.6945600000000001,1,1
25.08.2021 00:40:09.730,0.69469,0.6945600000000001,1,1
25.08.2021 00:40:10.186,0.69471,0.6945800000000001,1.5,1
25.08.2021 00:40:10.287,0.69472,0.69459,1.69,1
25.08.2021 00:40:10.388,0.69469,0.6945600000000001,1.25,1
25.08.2021 00:40:10.489,0.6946800000000001,0.6945600000000001,1,1
25.08.2021 00:40:10.590,0.69466,0.6945600000000001,1,1
25.08.2021 00:40:12.387,0.69467,0.69454,1.25,1
25.08.2021 00:40:12.438,0.69466,0.6945300000000001,2.5,1.87
25.08.2021 00:40:16.255,0.69466,0.6945300000000001,1,1
25.08.2021 00:40:20.501,0.69467,0.69455,1.25,1
25.08.2021 00:40:20.652,0.69467,0.69454,1.25,1.5
25.08.2021 00:40:20.753,0.69466,0.69454,1.25,2.62
25.08.2021 00:40:31.081,0.69465,0.6945300000000001,1,2.81
25.08.2021 00:40:31.233,0.69465,0.6945100000000001,1,1.5
25.08.2021 00:40:31.334,0.69465,0.6945100000000001,1,1
25.08.2021 00:40:32.751,0.69462,0.6945,1,1.12
25.08.2021 00:40:36.099,0.69462,0.6944800000000001,1.69,1.87
25.08.2021 00:40:36.200,0.6946100000000001,0.6944800000000001,1,1.12
25.08.2021 00:40:38.374,0.69462,0.69449,1,2.25
25.08.2021 00:40:38.476,0.6946300000000001,0.69449,1.69,2.25
25.08.2021 00:40:43.489,0.69462,0.69449,1,1.5
25.08.2021 00:40:44.771,0.69462,0.6944800000000001,1.25,1.87
25.08.2021 00:40:44.872,0.69462,0.69449,1,1.5
25.08.2021 00:40:47.301,0.69462,0.6944800000000001,1.25,1.5
25.08.2021 00:40:47.519,0.6946100000000001,0.6944800000000001,1,1
25.08.2021 00:40:48.253,0.6946100000000001,0.69447,1.69,1
25.08.2021 00:40:48.304,0.69459,0.6944600000000001,1,1.12
25.08.2021 00:40:48.405,0.6945800000000001,0.69445,1,1.87
25.08.2021 00:40:48.742,0.6945800000000001,0.69444,1,2.62
25.08.2021 00:40:50.849,0.69457,0.6944300000000001,1.75,1.12
25.08.2021 00:40:51.695,0.69455,0.6944100000000001,1.25,2
25.08.2021 00:40:51.796,0.69455,0.6944100000000001,1.25,1.5
25.08.2021 00:40:58.791,0.69452,0.69439,1.25,1.5
25.08.2021 00:41:01.616,0.69452,0.69438,1.69,1.5
25.08.2021 00:41:07.396,0.6945,0.69437,1,1
25.08.2021 00:41:07.497,0.6945,0.69438,1.69,1
25.08.2021 00:41:10.857,0.6945100000000001,0.69439,1.5,1
25.08.2021 00:41:18.669,0.6945100000000001,0.6944,1.25,1
25.08.2021 00:41:18.771,0.6945300000000001,0.69439,1.25,3.37
25.08.2021 00:41:22.202,0.6945100000000001,0.6944,1.25,1.12
25.08.2021 00:41:26.843,0.6945300000000001,0.69442,1.12,1
25.08.2021 00:41:26.894,0.6945600000000001,0.6944100000000001,2.44,1.5
25.08.2021 00:41:29.467,0.6945300000000001,0.69442,1,1
25.08.2021 00:41:30.634,0.69455,0.69442,2.81,1.5
25.08.2021 00:41:30.735,0.6945300000000001,0.69442,1,1.5
25.08.2021 00:41:35.300,0.6945100000000001,0.6944,1,1.5
25.08.2021 00:41:35.401,0.6945300000000001,0.69439,1.25,1.5
25.08.2021 00:41:40.234,0.69452,0.69438,1.25,1.87
25.08.2021 00:41:40.340,0.69449,0.6943600000000001,1,2
25.08.2021 00:41:40.441,0.69449,0.6943600000000001,1,1.87
25.08.2021 00:41:50.300,0.69449,0.6943600000000001,1.5,1.5
25.08.2021 00:41:50.532,0.69447,0.69437,1,1.5
25.08.2021 00:41:54.007,0.69449,0.69439,1,1
25.08.2021 00:41:54.058,0.69452,0.69439,1.25,1.5
25.08.2021 00:41:54.160,0.69452,0.69439,1.12,1.5
25.08.2021 00:41:56.841,0.69452,0.6944,1,1
25.08.2021 00:42:00.111,0.69454,0.6944100000000001,1,1
25.08.2021 00:42:00.212,0.69455,0.6944100000000001,1.25,1
25.08.2021 00:42:01.923,0.6945600000000001,0.69442,2.5,1
25.08.2021 00:42:03.396,0.6945600000000001,0.69442,1.69,1.5
25.08.2021 00:42:06.455,0.69454,0.6944300000000001,1,1.5
25.08.2021 00:42:07.429,0.6945800000000001,0.69445,1.69,1
25.08.2021 00:42:07.530,0.69459,0.6944600000000001,1,1.5
25.08.2021 00:42:07.631,0.6946,0.6944600000000001,1.5,1.5
25.08.2021 00:42:08.210,0.6945800000000001,0.6944600000000001,1,1
25.08.2021 00:42:08.311,0.6945600000000001,0.6944300000000001,1,2
25.08.2021 00:42:08.412,0.69455,0.69444,1,1
25.08.2021 00:42:10.936,0.6945600000000001,0.69442,2.44,1.12
25.08.2021 00:42:12.586,0.69455,0.69442,1,1
25.08.2021 00:42:20.017,0.69454,0.6944100000000001,1.5,1.12
25.08.2021 00:42:20.118,0.6945300000000001,0.6944100000000001,1,1.12
25.08.2021 00:42:20.774,0.6945300000000001,0.6944,1.5,1
25.08.2021 00:42:24.400,0.69452,0.6944,1,1
25.08.2021 00:42:24.938,0.6945,0.69437,1,1.25
25.08.2021 00:42:29.291,0.6945100000000001,0.69437,2.25,1.69
25.08.2021 00:42:52.201,0.6945,0.69437,1,1.25
25.08.2021 00:42:55.170,0.69452,0.69438,2.44,1
25.08.2021 00:42:56.784,0.69449,0.69438,1,1
25.08.2021 00:42:56.885,0.69445,0.69435,1,1
25.08.2021 00:42:56.994,0.69447,0.69433,2.5,1
25.08.2021 00:42:57.601,0.6944300000000001,0.69429,1.5,3.87
25.08.2021 00:42:57.702,0.6944100000000001,0.69429,1.69,2
25.08.2021 00:42:57.803,0.6944100000000001,0.69429,1.69,1.5
25.08.2021 00:43:00.185,0.6944100000000001,0.69427,1,2.06
25.08.2021 00:43:00.821,0.69439,0.69425,1.69,2
25.08.2021 00:43:00.922,0.69438,0.69425,1,1.5
25.08.2021 00:43:01.073,0.69437,0.69423,1,1
25.08.2021 00:43:05.053,0.6943600000000001,0.69425,1.25,1
25.08.2021 00:43:05.104,0.69434,0.69424,1.25,1
25.08.2021 00:43:06.185,0.6943600000000001,0.6942600000000001,1.5,1
25.08.2021 00:43:06.287,0.69439,0.69428,1.87,1
25.08.2021 00:43:06.388,0.6944100000000001,0.69429,1.5,1
25.08.2021 00:43:08.492,0.6944100000000001,0.69429,1.5,1
25.08.2021 00:43:08.705,0.6944100000000001,0.69429,1,1
25.08.2021 00:43:10.633,0.6944300000000001,0.6943100000000001,2.75,1
25.08.2021 00:43:10.734,0.6944300000000001,0.6943100000000001,1.87,1
25.08.2021 00:43:10.835,0.69445,0.69432,1.62,1
25.08.2021 00:43:10.936,0.6944600000000001,0.69437,2,1
25.08.2021 00:43:11.037,0.6944600000000001,0.6943600000000001,1.87,1
25.08.2021 00:43:11.139,0.6944600000000001,0.69435,1.5,1
25.08.2021 00:43:11.341,0.69447,0.69433,1.5,1
25.08.2021 00:43:11.986,0.6944800000000001,0.6943600000000001,2.25,1
25.08.2021 00:43:12.601,0.6944800000000001,0.69435,1.69,1
25.08.2021 00:43:12.702,0.6944600000000001,0.69435,1,1
25.08.2021 00:43:15.918,0.6944600000000001,0.69437,1,1
25.08.2021 00:43:17.085,0.69447,0.69435,1,1
25.08.2021 00:43:18.158,0.69447,0.69435,2.44,1
25.08.2021 00:43:19.954,0.69447,0.69434,1,1
25.08.2021 00:43:20.125,0.69447,0.69433,1,1.5
25.08.2021 00:43:28.093,0.6944600000000001,0.69433,1,1.5
25.08.2021 00:43:28.195,0.69444,0.69432,2.44,1
25.08.2021 00:43:28.396,0.6944300000000001,0.69432,1,1
25.08.2021 00:43:28.497,0.6944300000000001,0.6943100000000001,1.5,1
25.08.2021 00:43:29.132,0.69442,0.6943100000000001,1,1
25.08.2021 00:43:29.294,0.69442,0.6943100000000001,1.75,1
25.08.2021 00:43:29.344,0.6944,0.69427,1.69,1.5
25.08.2021 00:43:29.446,0.6944,0.69427,2.5,1
25.08.2021 00:43:29.547,0.69439,0.69427,3.25,1.5
25.08.2021 00:43:30.201,0.6944100000000001,0.6943,2.25,1
25.08.2021 00:43:30.302,0.6944100000000001,0.69428,1.25,1
25.08.2021 00:43:37.827,0.6944100000000001,0.69427,1.25,1.5
25.08.2021 00:43:38.160,0.6944100000000001,0.69428,1,1.5
25.08.2021 00:43:38.312,0.69444,0.6943100000000001,2.75,1
25.08.2021 00:43:38.413,0.69444,0.6943,1.87,1.5
25.08.2021 00:43:38.514,0.6944300000000001,0.6943,1,1
25.08.2021 00:43:38.615,0.69444,0.6943,3,1
25.08.2021 00:43:43.968,0.69442,0.69429,1,1.5
25.08.2021 00:43:45.282,0.6944300000000001,0.69429,1.5,1.5
25.08.2021 00:43:45.383,0.69442,0.6943100000000001,1,1
25.08.2021 00:43:45.484,0.69442,0.6943,1,2.25
25.08.2021 00:43:45.585,0.6944300000000001,0.6943100000000001,1.87,2.25
25.08.2021 00:43:46.226,0.69444,0.69434,1.12,2.25
25.08.2021 00:43:46.327,0.69445,0.6943100000000001,1.5,5.25
25.08.2021 00:43:46.428,0.69444,0.69432,1,3.75
25.08.2021 00:43:52.000,0.6944300000000001,0.69432,1.87,1
25.08.2021 00:43:52.101,0.69442,0.6943,2.44,1.12
25.08.2021 00:43:52.252,0.69442,0.69428,1,1.5
25.08.2021 00:43:56.568,0.6944100000000001,0.69428,1,1
25.08.2021 00:44:00.528,0.6944,0.6942600000000001,2.25,1.12
25.08.2021 00:44:00.630,0.69439,0.69425,1.5,1.12
25.08.2021 00:44:00.786,0.69438,0.69425,1,1
25.08.2021 00:44:01.042,0.69438,0.69424,1.5,1.5
25.08.2021 00:44:01.295,0.69437,0.69424,1.5,1
25.08.2021 00:44:01.396,0.69437,0.69423,1.5,1.5
25.08.2021 00:44:01.649,0.6943600000000001,0.69423,1,1
25.08.2021 00:44:02.979,0.69437,0.69423,1.5,1.5
25.08.2021 00:44:03.088,0.69438,0.69424,1,1.5
25.08.2021 00:44:04.312,0.69439,0.69427,1.25,2.25
25.08.2021 00:44:07.216,0.6944,0.6942600000000001,1.75,1.5
25.08.2021 00:44:10.858,0.6944,0.69427,1,2.25
25.08.2021 00:44:10.959,0.69438,0.69427,1.25,2.62
25.08.2021 00:44:15.236,0.69439,0.69428,2.25,1
25.08.2021 00:44:16.192,0.6944,0.6943,1.12,1
25.08.2021 00:44:16.748,0.6944100000000001,0.69428,1,1.69
25.08.2021 00:44:16.849,0.6944,0.69427,2.44,1
25.08.2021 00:44:16.958,0.69439,0.6942600000000001,1,1.5
25.08.2021 00:44:28.459,0.6944100000000001,0.6943,1.69,2.25
25.08.2021 00:44:28.560,0.6944,0.69427,1.5,1
25.08.2021 00:44:28.711,0.6944,0.6942600000000001,2.25,1
25.08.2021 00:44:29.642,0.69439,0.6942600000000001,1,1
25.08.2021 00:44:29.743,0.69438,0.6942600000000001,1.5,1.87
25.08.2021 00:44:30.466,0.69439,0.6942600000000001,1,1
25.08.2021 00:44:30.667,0.69439,0.69425,1.5,1.5
25.08.2021 00:44:31.276,0.69439,0.6942600000000001,1,1.5
25.08.2021 00:44:34.508,0.6944100000000001,0.69428,1.87,1.25
25.08.2021 00:44:36.786,0.6944,0.69427,1,1.5
25.08.2021 00:44:40.442,0.69442,0.6943100000000001,1.87,1
25.08.2021 00:44:41.377,0.69444,0.6943100000000001,1.87,1
25.08.2021 00:44:41.479,0.69442,0.69432,1,1
25.08.2021 00:44:42.171,0.69442,0.6943,1,1.5
25.08.2021 00:44:42.273,0.6944300000000001,0.6943,1.5,1.5
25.08.2021 00:44:42.425,0.69442,0.6943,1,1.5
25.08.2021 00:44:51.135,0.69442,0.69429,1,1
25.08.2021 00:45:00.149,0.69444,0.6943100000000001,1.5,1.5
25.08.2021 00:45:00.250,0.69445,0.6943100000000001,1,2.25
25.08.2021 00:45:00.401,0.69445,0.69432,1,1
25.08.2021 00:45:01.508,0.6944800000000001,0.6943600000000001,1.5,1
25.08.2021 00:45:01.558,0.6944800000000001,0.6943600000000001,1,1
25.08.2021 00:45:01.710,0.69449,0.6943600000000001,1.87,1
25.08.2021 00:45:01.811,0.69449,0.69437,1,2.44
25.08.2021 00:45:01.963,0.6945100000000001,0.69438,1.12,1.69
25.08.2021 00:45:02.064,0.6945100000000001,0.69439,1,1.5
25.08.2021 00:45:05.385,0.69452,0.6944,1,1
25.08.2021 00:45:05.436,0.69454,0.6944100000000001,1.5,1.69
25.08.2021 00:45:10.453,0.69457,0.69444,1.5,1
25.08.2021 00:45:10.555,0.6945800000000001,0.6944600000000001,1,1
25.08.2021 00:45:10.657,0.6945800000000001,0.69445,1,1.25
25.08.2021 00:45:12.634,0.69457,0.69445,1.5,2.44
25.08.2021 00:45:12.735,0.6945600000000001,0.69445,1,1.69
25.08.2021 00:45:14.274,0.6945800000000001,0.69445,1,1
25.08.2021 00:45:18.160,0.6945300000000001,0.6944300000000001,1,1
25.08.2021 00:45:18.279,0.69455,0.69442,1,1.87
25.08.2021 00:45:21.401,0.69455,0.69442,1,2.69
25.08.2021 00:45:31.919,0.6945800000000001,0.69445,1,1.5
25.08.2021 00:45:49.122,0.69457,0.69445,1.5,1.5
25.08.2021 00:45:53.529,0.6945600000000001,0.69445,1.5,1.5
25.08.2021 00:45:55.708,0.69457,0.6944300000000001,3,1.5
25.08.2021 00:45:56.192,0.69455,0.6944300000000001,1,1
25.08.2021 00:45:56.444,0.69455,0.6944300000000001,1.5,2.69
25.08.2021 00:45:58.682,0.69455,0.69442,1,1.25
25.08.2021 00:45:58.783,0.69455,0.6944100000000001,1.5,2.44
25.08.2021 00:46:00.205,0.6945300000000001,0.69442,1,1.69
25.08.2021 00:46:00.306,0.69455,0.6944100000000001,1,2.62
25.08.2021 00:46:00.407,0.6945600000000001,0.69442,2.62,1
25.08.2021 00:46:00.734,0.69454,0.6944100000000001,1.12,1
25.08.2021 00:46:00.835,0.6945300000000001,0.6944100000000001,1,1
25.08.2021 00:46:00.937,0.69452,0.69439,2.25,1
25.08.2021 00:46:01.282,0.69452,0.69438,1.5,2.25
25.08.2021 00:46:01.337,0.6945,0.69438,1,1
25.08.2021 00:46:01.438,0.6945,0.69439,1.12,1.69
25.08.2021 00:46:02.736,0.69449,0.69437,1,1.25
25.08.2021 00:46:03.912,0.6945,0.69437,1,2.62
25.08.2021 00:46:04.580,0.6945100000000001,0.69438,1.87,1
25.08.2021 00:46:05.831,0.69452,0.69439,1.5,1
25.08.2021 00:46:06.985,0.69452,0.69439,1.12,1
25.08.2021 00:46:09.977,0.69454,0.69442,1,1
25.08.2021 00:46:10.078,0.6945600000000001,0.69442,2.37,1
25.08.2021 00:46:10.179,0.69455,0.6944300000000001,1.87,1
25.08.2021 00:46:12.034,0.6945800000000001,0.69444,2,1
25.08.2021 00:46:12.135,0.6945800000000001,0.69444,1.5,1.5
25.08.2021 00:46:16.453,0.69457,0.6944300000000001,1,2.62
25.08.2021 00:46:22.800,0.69457,0.69445,1.87,1
25.08.2021 00:46:22.901,0.69459,0.69445,1.12,2.25
25.08.2021 00:46:23.957,0.69457,0.6944600000000001,1,1
25.08.2021 00:46:26.749,0.69459,0.6944600000000001,1,1
25.08.2021 00:46:26.800,0.6946100000000001,0.69447,1.69,1.5
25.08.2021 00:46:26.901,0.6946100000000001,0.6944800000000001,1.25,1
25.08.2021 00:46:27.002,0.6946100000000001,0.69447,1.25,2.25
25.08.2021 00:46:27.676,0.69464,0.6945,2.32,1.5
25.08.2021 00:46:27.777,0.6946,0.6944600000000001,4.25,2
25.08.2021 00:46:27.879,0.6946,0.6944600000000001,4.12,1.5
25.08.2021 00:46:33.181,0.6946,0.69447,1.12,1
25.08.2021 00:46:34.945,0.6946100000000001,0.69447,3,1
25.08.2021 00:46:36.603,0.6946,0.69449,2.06,1.87
25.08.2021 00:46:36.654,0.69464,0.6945,4.2,1.69
25.08.2021 00:46:36.704,0.69459,0.69447,2.62,1
25.08.2021 00:46:36.856,0.69459,0.69445,1.5,1.69
25.08.2021 00:46:37.007,0.6945800000000001,0.69447,1,1
25.08.2021 00:46:37.169,0.69462,0.6944800000000001,2.62,1.25
25.08.2021 00:46:37.219,0.69462,0.6945100000000001,3.12,1
25.08.2021 00:46:37.270,0.6946100000000001,0.6944800000000001,1,1.25
25.08.2021 00:46:37.371,0.69462,0.6944800000000001,1.87,1.25
25.08.2021 00:46:37.472,0.69462,0.69449,1.12,1
25.08.2021 00:46:37.756,0.6946300000000001,0.6945,1.5,1.25
25.08.2021 00:46:37.908,0.69464,0.6945100000000001,1.12,1
25.08.2021 00:46:38.600,0.69464,0.6945,1,2.44
25.08.2021 00:46:40.111,0.69465,0.6945100000000001,2.81,1.5
25.08.2021 00:46:42.703,0.69465,0.6945100000000001,1.87,2.69
25.08.2021 00:46:47.639,0.69465,0.69452,3.12,1
25.08.2021 00:46:47.841,0.69465,0.69454,1.12,1
25.08.2021 00:46:47.942,0.69467,0.69454,1.5,1
25.08.2021 00:46:48.043,0.69466,0.69455,1,1
25.08.2021 00:46:50.477,0.69466,0.6945300000000001,1.5,1
25.08.2021 00:46:50.849,0.69467,0.6945300000000001,1.5,1.69
25.08.2021 00:46:57.368,0.6946800000000001,0.69454,1.87,1
25.08.2021 00:47:23.163,0.69469,0.69455,2.75,1.5
25.08.2021 00:47:23.265,0.69469,0.69455,2.25,1.5
25.08.2021 00:47:23.493,0.6947,0.6945600000000001,1.12,1.69
25.08.2021 00:47:23.595,0.6947,0.69457,1.12,1
25.08.2021 00:47:23.747,0.6947,0.6945600000000001,1.5,1.5
25.08.2021 00:47:23.848,0.69469,0.6945600000000001,1,1.5
25.08.2021 00:47:23.950,0.6946800000000001,0.69455,1,1
25.08.2021 00:47:24.052,0.6946800000000001,0.69454,1.5,2.25
25.08.2021 00:47:26.057,0.69465,0.69452,1,2
25.08.2021 00:47:26.209,0.69465,0.69452,1,1.5
25.08.2021 00:47:26.310,0.69466,0.69452,1.87,1.5
25.08.2021 00:47:26.416,0.69465,0.69452,1,1.5
25.08.2021 00:47:26.567,0.69467,0.6945300000000001,1.5,1.69
25.08.2021 00:47:30.007,0.69465,0.69452,1,2.25
25.08.2021 00:47:30.215,0.69466,0.69452,2.62,2.44
25.08.2021 00:47:30.316,0.69467,0.6945300000000001,1.5,1.69
25.08.2021 00:47:40.173,0.69469,0.69455,2.25,2.25
25.08.2021 00:47:41.155,0.6946800000000001,0.69455,1,1
25.08.2021 00:47:42.139,0.69467,0.69457,1,1
25.08.2021 00:47:42.246,0.69467,0.69455,1,1
25.08.2021 00:47:42.397,0.69467,0.69454,1,2.25
25.08.2021 00:47:43.319,0.6946800000000001,0.6945600000000001,1,1
25.08.2021 00:47:44.657,0.69467,0.6945600000000001,1,1
25.08.2021 00:47:47.111,0.69467,0.69457,1,1
25.08.2021 00:47:48.162,0.69467,0.69455,1,1.12
25.08.2021 00:47:48.415,0.69466,0.69455,1,1
25.08.2021 00:47:49.170,0.69464,0.6945300000000001,1,1
25.08.2021 00:47:51.415,0.69465,0.6945300000000001,1,1.69
25.08.2021 00:47:55.129,0.69466,0.6945300000000001,1,1.69
25.08.2021 00:47:55.895,0.69466,0.69454,1,1
25.08.2021 00:47:55.996,0.69467,0.6945600000000001,1,1
25.08.2021 00:47:58.160,0.69465,0.6945300000000001,1,1
25.08.2021 00:47:58.261,0.69465,0.69452,2.25,1
25.08.2021 00:47:59.149,0.69464,0.6945300000000001,3.5,1
25.08.2021 00:48:15.204,0.6946300000000001,0.6945100000000001,1.69,1
25.08.2021 00:48:16.209,0.6946100000000001,0.69449,2.44,1
25.08.2021 00:48:16.736,0.6946100000000001,0.6945,1,2.5
25.08.2021 00:48:16.837,0.6946300000000001,0.6945,1.12,1.94
25.08.2021 00:48:17.333,0.6946300000000001,0.6945,1.31,1.5
25.08.2021 00:48:17.521,0.6946300000000001,0.6945100000000001,4.62,2.69
25.08.2021 00:48:17.622,0.69464,0.6945,3.37,2.69
25.08.2021 00:48:27.593,0.69464,0.6945100000000001,1.5,2.69
25.08.2021 00:48:29.270,0.69464,0.6945100000000001,1.87,1.69
25.08.2021 00:48:54.773,0.69459,0.69449,1.25,1.5
25.08.2021 00:48:54.874,0.69455,0.6944300000000001,1.5,2.19
25.08.2021 00:48:54.975,0.69455,0.6944300000000001,1.5,1.69
25.08.2021 00:49:00.108,0.69454,0.6944300000000001,1,1
25.08.2021 00:49:00.159,0.69452,0.6944100000000001,1,2.44
25.08.2021 00:49:00.260,0.69452,0.6944,1,1.25
25.08.2021 00:49:01.510,0.6945100000000001,0.69439,1.25,1
25.08.2021 00:49:01.612,0.69449,0.69437,1,1.12
25.08.2021 00:49:01.713,0.69449,0.6943600000000001,1,1.5
25.08.2021 00:49:01.814,0.6944800000000001,0.69435,1,3.56
25.08.2021 00:49:03.034,0.6944600000000001,0.6943600000000001,1,1
25.08.2021 00:49:05.826,0.69444,0.69433,1,1.25
25.08.2021 00:49:06.968,0.69445,0.69433,1,1.25
25.08.2021 00:49:08.198,0.69444,0.69433,1,1.25
25.08.2021 00:49:14.291,0.69444,0.69432,1,1.87
25.08.2021 00:49:16.244,0.6944300000000001,0.6943,1,1.69
25.08.2021 00:49:16.345,0.6944100000000001,0.6943100000000001,1,1.25
25.08.2021 00:49:22.634,0.6944300000000001,0.6943,1,1.69
25.08.2021 00:49:25.465,0.6944,0.69427,1,2.06
25.08.2021 00:49:25.617,0.69438,0.69428,1,1.69
25.08.2021 00:49:26.258,0.69439,0.6942600000000001,1,1.5
25.08.2021 00:49:26.562,0.6944100000000001,0.69429,1.5,1
25.08.2021 00:49:28.319,0.6944100000000001,0.6943,1,1.5
25.08.2021 00:49:30.225,0.6944,0.6943,1,1
25.08.2021 00:49:31.579,0.6944100000000001,0.6943,1,1.5
25.08.2021 00:49:31.880,0.6944300000000001,0.6943,1,1.5
25.08.2021 00:49:36.395,0.69442,0.6943,1,1.5
25.08.2021 00:49:43.186,0.69442,0.69429,1,2.62
25.08.2021 00:49:43.288,0.6944100000000001,0.69428,2.25,1.12
25.08.2021 00:49:43.389,0.69439,0.6942600000000001,1,2.25
25.08.2021 00:49:45.166,0.69438,0.69425,1,1.75
25.08.2021 00:49:45.267,0.6943600000000001,0.69423,1,2.19
25.08.2021 00:49:45.368,0.69435,0.69423,1,1.25
25.08.2021 00:49:46.331,0.69435,0.6942200000000001,1,2.06
25.08.2021 00:49:46.649,0.69434,0.6942200000000001,1,1.25
25.08.2021 00:49:46.800,0.69433,0.6942200000000001,1,1.25
25.08.2021 00:49:47.611,0.69432,0.6942100000000001,1,2.31
25.08.2021 00:49:49.457,0.69432,0.6942,1,1.56
25.08.2021 00:49:49.558,0.69432,0.69419,1,4.06
25.08.2021 00:49:49.659,0.69432,0.69419,1,3.19
25.08.2021 00:49:50.818,0.6943100000000001,0.69419,1,1.25
25.08.2021 00:49:51.205,0.6943,0.6941700000000001,1,1.94
25.08.2021 00:49:51.407,0.69428,0.69418,1,1.5
25.08.2021 00:49:55.332,0.6943,0.6941700000000001,1,3.25
25.08.2021 00:49:55.433,0.69428,0.6941600000000001,1,1.5
25.08.2021 00:49:55.534,0.6942600000000001,0.69413,1,2.25
25.08.2021 00:49:55.648,0.69425,0.69413,1,2.25
25.08.2021 00:49:56.001,0.69424,0.69413,1,1.87
25.08.2021 00:49:56.245,0.69424,0.6941100000000001,1.5,1
25.08.2021 00:49:56.346,0.69423,0.6941,2.25,1
25.08.2021 00:49:56.397,0.6942,0.69408,1,1.5
25.08.2021 00:49:56.498,0.6942,0.69408,1,1
25.08.2021 00:49:59.824,0.69419,0.69407,1,1
25.08.2021 00:50:00.269,0.69418,0.6940500000000001,1,2.25
25.08.2021 00:50:01.719,0.69418,0.69407,1,1
25.08.2021 00:50:04.044,0.6942,0.6940600000000001,1.69,1.5
25.08.2021 00:50:09.299,0.69419,0.6940600000000001,1,1.5
