Gmt time,Ask,Bid,AskVolume,BidVolume
27.08.2021 00:00:00.174,0.6945,0.6944,1,1
27.08.2021 00:00:00.427,0.69449,0.69438,1,1.12
27.08.2021 00:00:00.578,0.69449,0.69439,1,1
27.08.2021 00:00:00.679,0.6945,0.69439,1,1
27.08.2021 00:00:00.831,0.6945,0.6943600000000001,1,1.31
27.08.2021 00:00:02.531,0.69449,0.69435,1,4.12
27.08.2021 00:00:02.632,0.6944800000000001,0.69435,1,3.37
27.08.2021 00:00:02.733,0.69449,0.6943600000000001,1,1
27.08.2021 00:00:02.834,0.6945,0.6943600000000001,1,1
27.08.2021 00:00:03.097,0.69449,0.69437,1,1.5
27.08.2021 00:00:03.740,0.69449,0.6943600000000001,1,1.5
27.08.2021 00:00:03.892,0.69447,0.6943600000000001,1,2
27.08.2021 00:00:04.078,0.6944800000000001,0.69435,1,2
27.08.2021 00:00:04.320,0.6945,0.6943600000000001,1,1.5
27.08.2021 00:00:04.885,0.6945,0.69439,1,1
27.08.2021 00:00:05.332,0.6945,0.69439,1.12,2.12
27.08.2021 00:00:05.434,0.69447,0.69438,1,1
27.08.2021 00:00:05.537,0.69447,0.69437,1,1
27.08.2021 00:00:05.638,0.69449,0.69437,1,1
27.08.2021 00:00:05.740,0.6945,0.69439,1,1
27.08.2021 00:00:10.769,0.69449,0.69439,1,1
27.08.2021 00:00:24.038,0.69449,0.69438,1,1
27.08.2021 00:00:24.172,0.69449,0.69437,1.5,1
27.08.2021 00:00:26.516,0.6944600000000001,0.69434,1.5,1
27.08.2021 00:00:26.617,0.6944600000000001,0.69433,1.5,1.87
27.08.2021 00:00:29.015,0.6944600000000001,0.69434,1.5,1
27.08.2021 00:00:29.834,0.6944600000000001,0.69433,1.5,1.87
27.08.2021 00:00:31.505,0.69444,0.69433,1,1.5
27.08.2021 00:00:31.969,0.69445,0.69433,1,1.5
27.08.2021 00:00:33.725,0.69444,0.69433,1,1.5
27.08.2021 00:00:33.826,0.69444,0.69432,1.5,1.12
27.08.2021 00:00:33.939,0.6944300000000001,0.6943100000000001,1,1.69
27.08.2021 00:00:34.041,0.69444,0.69432,1.5,1
27.08.2021 00:00:34.278,0.6944300000000001,0.6943100000000001,1,1.69
27.08.2021 00:00:34.380,0.69444,0.69432,1.5,1
27.08.2021 00:00:34.574,0.6944300000000001,0.6943100000000001,1,1.69
27.08.2021 00:00:34.730,0.69444,0.69432,1.5,1
27.08.2021 00:00:36.234,0.69442,0.6943100000000001,1.5,3.06
27.08.2021 00:00:36.335,0.6944100000000001,0.6943,1,3.06
27.08.2021 00:00:36.386,0.6944,0.69429,1,1
27.08.2021 00:00:36.487,0.6944,0.69428,1.5,1
27.08.2021 00:00:36.689,0.6944100000000001,0.69429,1,1
27.08.2021 00:00:36.790,0.6944100000000001,0.69428,1.5,1
27.08.2021 00:00:37.001,0.6944,0.69428,1,1
27.08.2021 00:00:39.747,0.6944,0.69427,1.5,1.87
27.08.2021 00:00:42.268,0.69437,0.69427,1.69,1.12
27.08.2021 00:00:42.369,0.6943600000000001,0.69425,1.5,2.37
27.08.2021 00:00:42.420,0.69432,0.6942200000000001,1.5,1
27.08.2021 00:00:42.521,0.6943,0.69419,1,1
27.08.2021 00:00:42.622,0.69429,0.69419,1,1.5
27.08.2021 00:00:43.943,0.69427,0.6941700000000001,1,1
27.08.2021 00:00:44.044,0.69423,0.69414,1,2
27.08.2021 00:00:44.145,0.69425,0.69413,1.5,1
27.08.2021 00:00:45.181,0.6942100000000001,0.6941200000000001,1,1.69
27.08.2021 00:00:46.502,0.69423,0.6941200000000001,1.5,1
27.08.2021 00:00:46.603,0.6942200000000001,0.6941100000000001,1,1.25
27.08.2021 00:00:46.756,0.69423,0.6941100000000001,1.5,1.25
27.08.2021 00:00:46.908,0.69424,0.69413,1,1
27.08.2021 00:00:48.670,0.69424,0.69414,1,1
27.08.2021 00:00:48.908,0.6942100000000001,0.6941,1,1.31
27.08.2021 00:00:49.009,0.6942100000000001,0.69409,1,1
27.08.2021 00:00:50.972,0.6942100000000001,0.6941,1,1
27.08.2021 00:00:51.125,0.6942100000000001,0.69409,1,1
27.08.2021 00:00:52.003,0.69418,0.69407,1,1.12
27.08.2021 00:00:52.104,0.6941700000000001,0.6940500000000001,1.5,1.5
27.08.2021 00:00:52.154,0.69414,0.69402,1.5,1.5
27.08.2021 00:00:52.205,0.69409,0.69399,1,3.5
27.08.2021 00:00:52.307,0.69403,0.69394,2.5,2.25
27.08.2021 00:00:52.408,0.69402,0.69393,1.5,1
27.08.2021 00:00:52.458,0.69402,0.69391,1.5,1
27.08.2021 00:00:52.610,0.69398,0.69387,1.69,1
27.08.2021 00:00:52.711,0.69398,0.69388,1.69,1
27.08.2021 00:00:54.810,0.69399,0.69388,1.69,1
27.08.2021 00:00:54.912,0.6940000000000001,0.6939000000000001,1,1
27.08.2021 00:00:56.780,0.69407,0.6939500000000001,3.41,3
27.08.2021 00:00:56.831,0.69408,0.6940000000000001,1.5,2.25
27.08.2021 00:00:56.983,0.6941200000000001,0.69401,2.44,1
27.08.2021 00:00:57.084,0.6941200000000001,0.6940000000000001,1.69,1
27.08.2021 00:01:00.831,0.6941200000000001,0.69401,1.69,1
27.08.2021 00:01:01.315,0.6941100000000001,0.6940000000000001,1,1
27.08.2021 00:01:01.416,0.6941100000000001,0.6940000000000001,1.75,1
27.08.2021 00:01:01.567,0.6941100000000001,0.6940000000000001,1.69,1
27.08.2021 00:01:02.639,0.6941,0.69399,1,1
27.08.2021 00:01:05.563,0.6941100000000001,0.69399,1.25,1
27.08.2021 00:01:07.021,0.6941100000000001,0.6940000000000001,1.25,1
27.08.2021 00:01:07.072,0.6941600000000001,0.6940500000000001,1.5,3.37
27.08.2021 00:01:07.173,0.69415,0.6940600000000001,1.25,1
27.08.2021 00:01:07.274,0.69415,0.69404,1.25,1
27.08.2021 00:01:10.441,0.69414,0.69403,1,1
27.08.2021 00:01:10.651,0.69415,0.69404,1.25,1
27.08.2021 00:01:11.218,0.69415,0.6940500000000001,1,1.87
27.08.2021 00:01:11.268,0.69418,0.69407,1.25,1
27.08.2021 00:01:11.319,0.6942100000000001,0.6941200000000001,1.5,1.5
27.08.2021 00:01:11.420,0.69423,0.6941200000000001,1,1
27.08.2021 00:01:11.574,0.69425,0.69414,1,1
27.08.2021 00:01:11.676,0.69423,0.69414,1,1
27.08.2021 00:01:12.033,0.6942200000000001,0.69413,1,1
27.08.2021 00:01:12.235,0.69423,0.69414,1.25,1
27.08.2021 00:01:12.953,0.69423,0.6941200000000001,1,1
27.08.2021 00:01:15.332,0.69427,0.6941600000000001,1,1
27.08.2021 00:01:15.534,0.69432,0.6942200000000001,1.25,1
27.08.2021 00:01:15.635,0.69433,0.6942100000000001,1.69,1
27.08.2021 00:01:15.737,0.69434,0.6942200000000001,2.5,1
27.08.2021 00:01:15.838,0.69429,0.69419,1,1
27.08.2021 00:01:15.989,0.6942600000000001,0.69415,1,1.12
27.08.2021 00:01:16.090,0.69423,0.6941200000000001,1,2
27.08.2021 00:01:16.141,0.69423,0.6941200000000001,1.5,1
27.08.2021 00:01:16.292,0.6942200000000001,0.6941100000000001,1,1
27.08.2021 00:01:22.228,0.6942100000000001,0.6941,1,1.87
27.08.2021 00:01:22.380,0.6942200000000001,0.6941100000000001,1,1
27.08.2021 00:01:22.665,0.6942100000000001,0.6941,1,1.87
27.08.2021 00:01:23.309,0.69423,0.6941100000000001,2.44,1
27.08.2021 00:01:26.553,0.6942200000000001,0.6941100000000001,1,1
27.08.2021 00:01:26.755,0.6942100000000001,0.6941,1,3.37
27.08.2021 00:01:27.666,0.6942200000000001,0.6941100000000001,1.69,1
27.08.2021 00:01:27.969,0.6942,0.6941,1,2.62
27.08.2021 00:01:28.162,0.6942200000000001,0.6941100000000001,1,1.5
27.08.2021 00:01:29.075,0.69423,0.6941200000000001,1.69,1
27.08.2021 00:01:32.458,0.6942600000000001,0.6941700000000001,2.06,1
27.08.2021 00:01:32.660,0.6942600000000001,0.69415,1,1.87
27.08.2021 00:01:33.714,0.6942200000000001,0.6941100000000001,1,1.62
27.08.2021 00:01:33.816,0.6942200000000001,0.6941100000000001,1,1
27.08.2021 00:01:34.409,0.6942100000000001,0.6941100000000001,1,1
27.08.2021 00:01:35.356,0.6942100000000001,0.6941,1.5,1.87
27.08.2021 00:01:38.759,0.6942200000000001,0.6941100000000001,1,1.5
27.08.2021 00:01:40.350,0.6942200000000001,0.6941200000000001,1,1
27.08.2021 00:01:40.653,0.6942100000000001,0.6941200000000001,1,1.5
27.08.2021 00:01:41.961,0.6942100000000001,0.69413,1,1
27.08.2021 00:01:42.382,0.69423,0.6941200000000001,1,1.5
27.08.2021 00:01:42.483,0.6942200000000001,0.69414,1,1
27.08.2021 00:01:45.447,0.6942600000000001,0.69415,1,3.37
27.08.2021 00:01:45.549,0.69429,0.69418,1.12,2.25
27.08.2021 00:01:45.650,0.6943100000000001,0.6942,1,3.37
27.08.2021 00:01:45.801,0.6943,0.6942,1,1.5
27.08.2021 00:01:47.240,0.69429,0.69419,1,1
27.08.2021 00:01:47.392,0.69429,0.69418,1,1.5
27.08.2021 00:01:53.134,0.6943100000000001,0.6942100000000001,1,1.5
27.08.2021 00:01:53.235,0.69432,0.6942100000000001,1.25,1.5
27.08.2021 00:01:53.336,0.6943100000000001,0.6942100000000001,1,1.5
27.08.2021 00:01:53.438,0.69432,0.6942100000000001,1.25,1.5
27.08.2021 00:01:54.127,0.69432,0.69423,1.25,1
27.08.2021 00:01:54.448,0.69432,0.6942100000000001,1,1.5
27.08.2021 00:01:54.550,0.69432,0.6942200000000001,1,1
27.08.2021 00:01:55.058,0.6943100000000001,0.69425,1,1
27.08.2021 00:01:55.109,0.69434,0.69424,1.5,2.25
27.08.2021 00:01:55.160,0.69435,0.69427,1,2.25
27.08.2021 00:01:55.261,0.69437,0.6942600000000001,1.12,1.5
27.08.2021 00:01:56.185,0.69435,0.69424,1,2
27.08.2021 00:01:56.287,0.69434,0.69424,1,2
27.08.2021 00:01:56.388,0.69434,0.69424,1,1.5
27.08.2021 00:01:57.818,0.69435,0.69424,1,1.5
27.08.2021 00:02:00.686,0.69433,0.69423,1,1
27.08.2021 00:02:03.001,0.69433,0.6942200000000001,1,1.5
27.08.2021 00:02:03.102,0.6943100000000001,0.6942200000000001,1,1
27.08.2021 00:02:03.204,0.69428,0.6941700000000001,1,1
27.08.2021 00:02:03.557,0.6942600000000001,0.6941600000000001,1,1
27.08.2021 00:02:04.086,0.69425,0.6941600000000001,1,1.5
27.08.2021 00:02:04.187,0.69423,0.69415,1,1.5
27.08.2021 00:02:10.177,0.69424,0.69413,1,1.5
27.08.2021 00:02:10.710,0.69423,0.69413,1,1
27.08.2021 00:02:13.609,0.69424,0.69413,1,1.5
27.08.2021 00:02:27.738,0.6942100000000001,0.6941200000000001,1,1
27.08.2021 00:02:27.839,0.69419,0.6941,1,1.5
27.08.2021 00:02:27.941,0.6942,0.69409,1,1
27.08.2021 00:02:28.042,0.69415,0.6940600000000001,1,1.5
27.08.2021 00:02:28.094,0.69415,0.69403,1,1.12
27.08.2021 00:02:36.227,0.69414,0.69402,1,2
27.08.2021 00:02:37.960,0.69414,0.69402,1,1.87
27.08.2021 00:02:40.041,0.69409,0.69399,1,1.87
27.08.2021 00:02:40.142,0.69408,0.69399,1,1.87
27.08.2021 00:02:44.104,0.69407,0.69396,1,1.5
27.08.2021 00:02:44.206,0.69408,0.69397,1,1
27.08.2021 00:02:47.891,0.6940500000000001,0.6939500000000001,1,1
27.08.2021 00:02:47.992,0.6940500000000001,0.69393,1,2.75
27.08.2021 00:02:48.093,0.6940500000000001,0.69393,1,2.62
27.08.2021 00:02:50.420,0.69402,0.69391,1,1
27.08.2021 00:02:50.521,0.69401,0.6939000000000001,1,1.12
27.08.2021 00:02:51.523,0.69401,0.69391,1,1
27.08.2021 00:02:51.775,0.6940500000000001,0.6939500000000001,2.06,1.87
27.08.2021 00:02:51.877,0.69408,0.69397,3.5,1.5
27.08.2021 00:02:51.927,0.69408,0.69397,1,1.5
27.08.2021 00:03:04.674,0.69409,0.69397,1,2.25
27.08.2021 00:03:08.863,0.6941100000000001,0.6940000000000001,1,1.87
27.08.2021 00:03:10.953,0.69409,0.69401,1,1.5
27.08.2021 00:03:11.054,0.69408,0.6940000000000001,1,1
27.08.2021 00:03:11.509,0.69409,0.69398,1,2.06
27.08.2021 00:03:12.275,0.69409,0.69399,1,2.06
27.08.2021 00:03:18.207,0.69409,0.69397,1,2.06
27.08.2021 00:03:23.915,0.69408,0.69396,1,1.5
27.08.2021 00:03:27.055,0.69408,0.69397,1,1
27.08.2021 00:03:31.927,0.6940500000000001,0.69397,1,1
27.08.2021 00:03:32.028,0.6940600000000001,0.6939500000000001,1,1
27.08.2021 00:03:32.477,0.69407,0.6939500000000001,1,3
27.08.2021 00:03:32.832,0.6940600000000001,0.6939500000000001,1,1.5
27.08.2021 00:03:33.452,0.6940500000000001,0.69394,1,2.62
27.08.2021 00:03:33.554,0.6940500000000001,0.69393,1,2.25
27.08.2021 00:03:42.536,0.69404,0.69393,1,1.5
27.08.2021 00:03:49.352,0.69403,0.69391,1,2.62
27.08.2021 00:03:50.003,0.6940000000000001,0.69392,1,1.87
27.08.2021 00:03:50.240,0.69402,0.69391,1,1.87
27.08.2021 00:03:51.841,0.6940000000000001,0.69389,1,1.12
27.08.2021 00:03:51.942,0.69399,0.69389,1,1
27.08.2021 00:03:52.526,0.69402,0.69393,1,1
27.08.2021 00:03:55.851,0.69403,0.69393,1,1.5
27.08.2021 00:04:01.738,0.69403,0.69396,1,1
27.08.2021 00:04:01.788,0.69409,0.69398,1.37,3
27.08.2021 00:04:01.839,0.6941100000000001,0.69402,1.75,1
27.08.2021 00:04:02.165,0.69414,0.69402,1.12,1.69
27.08.2021 00:04:02.317,0.69413,0.69404,1,1
27.08.2021 00:04:06.361,0.69415,0.69403,1,1
27.08.2021 00:04:21.279,0.69415,0.69404,1,1
27.08.2021 00:04:21.431,0.69418,0.69407,1.12,1.5
27.08.2021 00:04:21.582,0.69419,0.69407,1,1.5
27.08.2021 00:04:24.065,0.69418,0.69409,1,1
27.08.2021 00:04:26.385,0.69419,0.69407,1,2.25
27.08.2021 00:04:30.463,0.69419,0.69408,1,1
27.08.2021 00:04:38.080,0.69424,0.6941200000000001,1,3.19
27.08.2021 00:04:53.586,0.69423,0.6941200000000001,1,1.5
27.08.2021 00:04:59.165,0.69425,0.69414,1,1
27.08.2021 00:04:59.469,0.69425,0.69413,1,1.5
27.08.2021 00:04:59.721,0.69428,0.69418,1,2.25
27.08.2021 00:04:59.974,0.6943,0.69418,1,1.5
27.08.2021 00:05:00.660,0.6943,0.69419,1,1.25
27.08.2021 00:05:00.711,0.69433,0.69424,1.62,1
27.08.2021 00:05:01.316,0.69434,0.69423,1,1
27.08.2021 00:05:09.702,0.6943600000000001,0.69425,1,1
27.08.2021 00:05:09.803,0.6943600000000001,0.69424,1,1.5
27.08.2021 00:05:11.193,0.69435,0.69424,1,1
27.08.2021 00:05:12.741,0.69434,0.69424,1,1
27.08.2021 00:05:23.208,0.6943100000000001,0.6942200000000001,1,1
27.08.2021 00:05:23.310,0.6943100000000001,0.69419,1,1.87
27.08.2021 00:05:23.633,0.6943,0.69419,1,1
27.08.2021 00:05:26.899,0.69428,0.6941700000000001,1,1.5
27.08.2021 00:05:27.000,0.6942600000000001,0.69414,1,2.75
27.08.2021 00:05:27.101,0.6942600000000001,0.69414,1,2.25
27.08.2021 00:05:30.192,0.69429,0.69418,1.12,1
27.08.2021 00:05:30.293,0.6943,0.69419,1,1
27.08.2021 00:05:31.516,0.6943,0.69418,1,1.5
27.08.2021 00:05:31.618,0.69429,0.69418,1,1
27.08.2021 00:05:32.669,0.69433,0.6942200000000001,1,1
27.08.2021 00:05:32.770,0.69434,0.69423,1,1
27.08.2021 00:05:38.720,0.69434,0.69424,1,1
27.08.2021 00:05:44.211,0.69433,0.69424,1,1
27.08.2021 00:05:45.006,0.69434,0.6942200000000001,1,1.5
27.08.2021 00:05:45.107,0.69433,0.69424,1,1
27.08.2021 00:05:45.258,0.69433,0.6942200000000001,1,1
27.08.2021 00:05:45.369,0.69434,0.69423,1,1
27.08.2021 00:05:51.497,0.69434,0.6942200000000001,1,1.5
27.08.2021 00:05:53.838,0.69433,0.6942200000000001,1,1
27.08.2021 00:05:55.614,0.69429,0.6942,1,1.12
27.08.2021 00:05:55.866,0.6943,0.69418,1,1.5
27.08.2021 00:06:00.624,0.69429,0.69418,1,1
27.08.2021 00:06:00.675,0.69432,0.6942,1,1.12
27.08.2021 00:06:00.826,0.69432,0.6942200000000001,1,1
27.08.2021 00:06:00.927,0.69432,0.6942100000000001,1,1
27.08.2021 00:06:02.553,0.69435,0.69423,1,2.25
27.08.2021 00:06:03.058,0.69437,0.69427,1.5,1
27.08.2021 00:06:03.159,0.69439,0.69427,1.5,1.5
27.08.2021 00:06:03.260,0.69438,0.69428,1,1.5
27.08.2021 00:06:06.362,0.6944,0.69427,1.5,1.5
27.08.2021 00:06:11.032,0.69439,0.69427,1,1.5
27.08.2021 00:06:15.362,0.69439,0.6942600000000001,1.5,1.5
27.08.2021 00:06:17.676,0.69438,0.69428,1.5,1
27.08.2021 00:06:17.777,0.69437,0.69428,1,1
27.08.2021 00:06:21.361,0.69439,0.69427,1,1.5
27.08.2021 00:06:30.262,0.69437,0.69425,1,1
27.08.2021 00:06:30.363,0.69435,0.69425,1,1
27.08.2021 00:06:33.782,0.6943600000000001,0.69423,1,2.62
27.08.2021 00:06:38.702,0.69435,0.69424,1,1
27.08.2021 00:06:39.606,0.6943600000000001,0.69424,1,1
27.08.2021 00:06:44.283,0.69435,0.6942200000000001,1,2.25
27.08.2021 00:06:44.334,0.69433,0.6942200000000001,1,1
27.08.2021 00:06:44.701,0.69432,0.6942200000000001,1,1
27.08.2021 00:06:44.752,0.6943,0.6942,1,2.75
27.08.2021 00:06:44.904,0.6943,0.6942,1,1
27.08.2021 00:06:45.005,0.6943,0.69418,1,1.12
27.08.2021 00:06:53.751,0.6943100000000001,0.69419,1,1
27.08.2021 00:06:54.200,0.69432,0.69419,1.5,1
27.08.2021 00:06:54.532,0.6943100000000001,0.6942100000000001,1.5,1
27.08.2021 00:06:54.582,0.6943600000000001,0.6942600000000001,1,1
27.08.2021 00:06:54.684,0.6944300000000001,0.69433,3.5,1
27.08.2021 00:06:54.734,0.69444,0.69433,3,1.5
27.08.2021 00:06:54.835,0.69444,0.69435,1,1
27.08.2021 00:06:54.936,0.69445,0.69435,1.5,1
27.08.2021 00:06:55.391,0.6944600000000001,0.69433,1.5,1.5
27.08.2021 00:06:57.771,0.69445,0.69433,1,1.5
27.08.2021 00:06:59.605,0.6944600000000001,0.69433,1.5,1.5
27.08.2021 00:07:00.143,0.69444,0.69434,1,1.5
27.08.2021 00:07:00.261,0.6944600000000001,0.69433,1.5,1.5
27.08.2021 00:07:00.705,0.69445,0.69433,1,1.5
27.08.2021 00:07:00.907,0.69449,0.69438,1.12,1
27.08.2021 00:07:02.617,0.6945,0.69438,1,1.5
27.08.2021 00:07:05.987,0.6945,0.69437,1,1.5
27.08.2021 00:07:06.405,0.6945,0.69438,1,1.5
27.08.2021 00:07:12.813,0.6945,0.69437,1,1.5
27.08.2021 00:07:12.965,0.69449,0.69437,1,1.5
27.08.2021 00:07:23.578,0.69449,0.69438,1,1
27.08.2021 00:07:25.156,0.6945,0.69438,1,1
27.08.2021 00:07:25.257,0.6945100000000001,0.69438,2.25,1
27.08.2021 00:07:25.408,0.6945,0.69438,1,1
27.08.2021 00:07:27.569,0.6944800000000001,0.69438,1,1
27.08.2021 00:07:27.674,0.69449,0.6943600000000001,1,1.5
27.08.2021 00:07:29.827,0.69447,0.69435,1,1
27.08.2021 00:07:29.928,0.6944600000000001,0.69434,1,1.12
27.08.2021 00:07:30.181,0.6944600000000001,0.69433,1,1
27.08.2021 00:07:37.524,0.69442,0.69432,2.25,1.87
27.08.2021 00:07:37.625,0.6944100000000001,0.69429,1,1
27.08.2021 00:07:37.827,0.69437,0.6942600000000001,1,1
27.08.2021 00:07:37.878,0.6943600000000001,0.69424,1,1.12
27.08.2021 00:07:42.106,0.6943600000000001,0.69423,1,1
27.08.2021 00:07:43.715,0.69435,0.69423,1,1
27.08.2021 00:07:56.160,0.69432,0.6942,1.5,1.12
27.08.2021 00:07:56.261,0.6943,0.6942,1,1.5
27.08.2021 00:07:56.362,0.6943100000000001,0.69418,1,1.12
27.08.2021 00:07:58.302,0.6943,0.6941700000000001,1,2.25
27.08.2021 00:07:58.534,0.6942600000000001,0.69414,1,1.62
27.08.2021 00:07:58.736,0.6942600000000001,0.69413,1,2
27.08.2021 00:07:58.996,0.69425,0.69413,1,1.62
27.08.2021 00:08:00.041,0.69424,0.69414,1,1
27.08.2021 00:08:00.638,0.6942200000000001,0.6941100000000001,1,1
27.08.2021 00:08:00.688,0.6942100000000001,0.69408,1,2.62
27.08.2021 00:08:03.365,0.6942,0.69407,1,1.5
27.08.2021 00:08:03.466,0.69419,0.69409,1,1
27.08.2021 00:08:03.618,0.6941600000000001,0.69404,1,1
27.08.2021 00:08:03.720,0.6941100000000001,0.69401,1,1.5
27.08.2021 00:08:03.771,0.6941200000000001,0.6940000000000001,1,1
27.08.2021 00:08:03.872,0.69409,0.69397,1.5,1
27.08.2021 00:08:03.973,0.69409,0.69399,1,1
27.08.2021 00:08:04.074,0.6941100000000001,0.69399,1.5,1
27.08.2021 00:08:04.175,0.69409,0.69397,1,1.5
27.08.2021 00:08:04.277,0.6941100000000001,0.69399,1,1
27.08.2021 00:08:05.051,0.6941200000000001,0.69399,1,1
27.08.2021 00:08:12.100,0.6941200000000001,0.6940000000000001,1,2.25
27.08.2021 00:08:12.201,0.6941600000000001,0.69403,1,1
27.08.2021 00:08:14.027,0.6941600000000001,0.69404,1,1
27.08.2021 00:08:15.433,0.6941100000000001,0.69402,1.75,1
27.08.2021 00:08:15.534,0.69403,0.6939500000000001,1.25,1.5
27.08.2021 00:08:15.585,0.69399,0.69391,1,1
27.08.2021 00:08:15.636,0.69399,0.69387,1.69,1.12
27.08.2021 00:08:17.097,0.69399,0.6939000000000001,1.5,1
27.08.2021 00:08:17.148,0.69403,0.69391,1.87,1.25
27.08.2021 00:08:24.904,0.69402,0.69392,1.5,1.5
27.08.2021 00:08:25.086,0.69403,0.69391,1,1.5
27.08.2021 00:08:25.638,0.69402,0.69391,1,1
27.08.2021 00:08:30.362,0.69403,0.69391,1,1.5
27.08.2021 00:08:31.122,0.69403,0.69392,1,1
27.08.2021 00:08:31.173,0.69407,0.6939500000000001,1.5,2.62
27.08.2021 00:08:31.332,0.6940600000000001,0.69394,1.25,1.5
27.08.2021 00:08:31.383,0.69403,0.69394,1,1
27.08.2021 00:08:33.352,0.69404,0.69392,1,1.5
27.08.2021 00:08:36.911,0.69404,0.69392,1,2
27.08.2021 00:08:37.115,0.69403,0.69393,1,1.5
27.08.2021 00:08:42.372,0.69403,0.69391,1,1.5
27.08.2021 00:08:43.125,0.6940000000000001,0.69391,1,1
27.08.2021 00:08:50.185,0.69403,0.69392,1,1
27.08.2021 00:08:50.236,0.6940500000000001,0.69393,1.87,1
27.08.2021 00:08:50.337,0.6940500000000001,0.69394,1,1
27.08.2021 00:08:50.792,0.69404,0.69392,2,1
27.08.2021 00:08:50.843,0.6940500000000001,0.69393,1.5,1
27.08.2021 00:08:50.944,0.69404,0.6939500000000001,1,1
27.08.2021 00:08:52.070,0.69404,0.69394,1,1
27.08.2021 00:08:52.292,0.6940500000000001,0.69394,1,1
27.08.2021 00:08:54.267,0.69407,0.69396,1,1
27.08.2021 00:08:54.368,0.69408,0.69397,2.62,1
27.08.2021 00:08:55.358,0.69407,0.6939500000000001,1,1
27.08.2021 00:08:58.127,0.6940600000000001,0.69397,1,1
27.08.2021 00:09:01.530,0.69409,0.69399,1,1
27.08.2021 00:09:01.834,0.6941100000000001,0.6940000000000001,1.5,1
27.08.2021 00:09:02.968,0.6941200000000001,0.6940000000000001,1.12,1
27.08.2021 00:09:04.997,0.6941100000000001,0.69399,1,1
27.08.2021 00:09:23.018,0.6941,0.69398,1,1
27.08.2021 00:09:23.930,0.69408,0.69396,1,1
27.08.2021 00:09:24.032,0.69407,0.6939500000000001,1,1
27.08.2021 00:09:27.568,0.6941,0.69398,1,1
27.08.2021 00:09:27.670,0.6941100000000001,0.69399,1,1
27.08.2021 00:09:28.386,0.6941100000000001,0.69399,1,1.62
27.08.2021 00:09:28.822,0.6941100000000001,0.69399,1,1
27.08.2021 00:09:30.234,0.69413,0.69401,1,1
27.08.2021 00:09:33.545,0.69414,0.69402,1,1
27.08.2021 00:09:38.247,0.6941700000000001,0.69404,1.5,1
27.08.2021 00:09:43.781,0.6941700000000001,0.6940500000000001,1.5,1
27.08.2021 00:09:48.778,0.6941700000000001,0.69407,1.87,1
27.08.2021 00:09:50.894,0.6942100000000001,0.69409,1.5,1
27.08.2021 00:09:50.995,0.6942100000000001,0.6941,1,1
27.08.2021 00:09:52.884,0.6942100000000001,0.69409,1.5,1
27.08.2021 00:09:53.820,0.6942100000000001,0.69408,1,1
27.08.2021 00:10:07.562,0.6942100000000001,0.69409,1,1
27.08.2021 00:10:11.403,0.69423,0.6941100000000001,1,1
27.08.2021 00:10:11.504,0.6942600000000001,0.69413,1.5,1
27.08.2021 00:10:11.606,0.6942600000000001,0.69414,1,1
27.08.2021 00:10:42.832,0.69427,0.69414,1.5,1
27.08.2021 00:10:43.460,0.69428,0.69415,1,1
27.08.2021 00:11:01.735,0.69428,0.6941600000000001,1,1
27.08.2021 00:11:01.836,0.69429,0.6941600000000001,1,1
27.08.2021 00:11:11.589,0.69432,0.69418,2.25,1
27.08.2021 00:11:14.902,0.69432,0.69419,2.25,1
27.08.2021 00:11:20.953,0.6943100000000001,0.69418,1,1
27.08.2021 00:11:21.054,0.6943100000000001,0.69419,2.25,1
27.08.2021 00:11:22.110,0.6943100000000001,0.69418,1,1
27.08.2021 00:11:26.581,0.6943,0.6941700000000001,1,1
27.08.2021 00:11:27.738,0.6943100000000001,0.69418,2.25,1
27.08.2021 00:11:29.975,0.6943,0.6941700000000001,1,1
27.08.2021 00:11:30.280,0.6943100000000001,0.69418,2.25,1
27.08.2021 00:11:32.842,0.69429,0.69418,1,1
27.08.2021 00:11:42.180,0.69427,0.69414,1,2.25
27.08.2021 00:11:59.027,0.69423,0.6941,1,3
27.08.2021 00:11:59.128,0.69424,0.6941200000000001,1,1
27.08.2021 00:11:59.179,0.6942600000000001,0.69413,1,1
27.08.2021 00:12:03.362,0.69427,0.69414,2.62,1
27.08.2021 00:12:05.259,0.6942600000000001,0.69413,1,1
27.08.2021 00:12:09.269,0.69423,0.6941,1,1
27.08.2021 00:12:10.286,0.6942200000000001,0.69409,1,1
27.08.2021 00:12:20.205,0.6942,0.69407,1.12,2.5
27.08.2021 00:12:20.256,0.6942,0.6940600000000001,1.87,2.25
27.08.2021 00:12:21.353,0.69419,0.6940600000000001,1.5,1
27.08.2021 00:12:21.505,0.69419,0.6940600000000001,1,1.94
27.08.2021 00:12:22.525,0.69419,0.6940500000000001,1.5,2.44
27.08.2021 00:12:24.409,0.69419,0.6940600000000001,1.5,1
27.08.2021 00:12:24.520,0.69419,0.6940600000000001,1.5,1.5
27.08.2021 00:12:25.617,0.6942100000000001,0.69408,1.5,1.25
27.08.2021 00:12:25.718,0.6942100000000001,0.69409,1,1
27.08.2021 00:12:25.819,0.6942100000000001,0.6941,2.25,1
27.08.2021 00:12:31.735,0.6942100000000001,0.69408,1,2.25
27.08.2021 00:12:32.378,0.6942,0.69407,1,2.44
27.08.2021 00:12:32.732,0.6942,0.69407,1,1.94
27.08.2021 00:12:35.581,0.6942100000000001,0.69408,2.25,1.25
27.08.2021 00:12:40.747,0.6942,0.69407,4.69,1
27.08.2021 00:12:40.798,0.69418,0.6940500000000001,1.5,1.5
27.08.2021 00:12:40.900,0.69415,0.69404,1,1.25
27.08.2021 00:12:44.976,0.69413,0.6940000000000001,1,1.5
27.08.2021 00:12:45.077,0.6941200000000001,0.69399,1,1.5
27.08.2021 00:12:51.175,0.6941100000000001,0.69399,1,2.25
27.08.2021 00:12:52.639,0.6941100000000001,0.69398,1,2.44
27.08.2021 00:12:57.851,0.69409,0.69397,1,1
27.08.2021 00:12:58.003,0.69409,0.69398,1,2.25
27.08.2021 00:13:01.528,0.6941,0.69397,1.5,2.25
27.08.2021 00:13:01.734,0.6941,0.69397,1,2.25
27.08.2021 00:13:05.289,0.69407,0.69394,1,1
27.08.2021 00:13:05.391,0.6940600000000001,0.69393,1,2.25
27.08.2021 00:13:08.191,0.6940500000000001,0.69393,1,2.25
27.08.2021 00:13:08.293,0.69403,0.6939000000000001,1.5,1
27.08.2021 00:13:08.400,0.69402,0.69389,1,2.06
27.08.2021 00:13:16.699,0.69402,0.6939000000000001,1,1
27.08.2021 00:13:18.476,0.69401,0.6939000000000001,1,1.5
27.08.2021 00:13:21.380,0.6940000000000001,0.69389,1,1
27.08.2021 00:13:29.453,0.6940000000000001,0.6939000000000001,1,1
27.08.2021 00:13:30.462,0.6940000000000001,0.69389,1,1
27.08.2021 00:13:37.254,0.69398,0.69387,1,1.5
27.08.2021 00:13:37.355,0.69399,0.69388,1,1
27.08.2021 00:13:42.704,0.69399,0.69389,1,1
27.08.2021 00:13:44.573,0.69398,0.69389,1,1
27.08.2021 00:13:47.417,0.69397,0.69386,1,1
27.08.2021 00:13:47.518,0.69396,0.6938500000000001,1,1.5
27.08.2021 00:13:47.722,0.69394,0.6938300000000001,1,1
27.08.2021 00:13:50.236,0.69394,0.69384,1,1
27.08.2021 00:13:56.272,0.69393,0.69382,1,1
27.08.2021 00:13:56.473,0.69393,0.69382,1,1.5
27.08.2021 00:13:56.575,0.69394,0.69382,1,1.5
27.08.2021 00:13:56.889,0.69391,0.69381,1,1
27.08.2021 00:13:56.990,0.69387,0.69375,1,3
27.08.2021 00:13:57.041,0.69384,0.69374,3,1
27.08.2021 00:13:57.142,0.69379,0.69367,1,1
27.08.2021 00:13:57.193,0.69377,0.69367,1.12,2.25
27.08.2021 00:13:57.295,0.69379,0.6936800000000001,1,1.5
27.08.2021 00:13:57.446,0.6938000000000001,0.6936800000000001,1,1.69
27.08.2021 00:13:57.497,0.6938000000000001,0.69372,1,1
27.08.2021 00:13:57.548,0.6938000000000001,0.69369,1,1
27.08.2021 00:13:57.873,0.6938000000000001,0.6936800000000001,1,1.5
27.08.2021 00:13:58.025,0.6937800000000001,0.69369,1,1
27.08.2021 00:13:58.126,0.69381,0.6937,1,3
27.08.2021 00:13:58.228,0.69386,0.69375,1,1
27.08.2021 00:13:58.278,0.69389,0.69377,1,1.5
27.08.2021 00:13:58.380,0.69389,0.6937800000000001,1,1
27.08.2021 00:13:58.632,0.6939000000000001,0.6937800000000001,1,1.5
27.08.2021 00:13:58.683,0.69391,0.6938000000000001,1,1.5
27.08.2021 00:13:58.785,0.69392,0.69381,1,1.5
27.08.2021 00:13:59.140,0.69394,0.69382,1,2
27.08.2021 00:13:59.242,0.69394,0.6938300000000001,1,1
27.08.2021 00:14:00.496,0.6939000000000001,0.6938000000000001,1,1.25
27.08.2021 00:14:01.128,0.69388,0.6938000000000001,1,1.5
27.08.2021 00:14:04.378,0.6939000000000001,0.69379,1,1
27.08.2021 00:14:04.479,0.69389,0.69377,1,2.25
27.08.2021 00:14:05.692,0.6938500000000001,0.69377,1,1
27.08.2021 00:14:05.793,0.6938500000000001,0.69374,1,1.5
27.08.2021 00:14:06.459,0.6938500000000001,0.6937300000000001,1,1.5
27.08.2021 00:14:13.291,0.69384,0.6937300000000001,1,1
27.08.2021 00:14:14.570,0.69382,0.6937,1,1
27.08.2021 00:14:14.621,0.69379,0.69369,1,1.12
27.08.2021 00:14:16.746,0.6938000000000001,0.69367,1.12,1.87
27.08.2021 00:14:16.921,0.6938000000000001,0.69367,1,2.37
27.08.2021 00:14:20.144,0.69376,0.69366,1,1
27.08.2021 00:14:20.195,0.69376,0.69364,1,1
27.08.2021 00:14:20.331,0.69375,0.69364,1,1.5
27.08.2021 00:14:21.541,0.69376,0.6936300000000001,1,1.62
27.08.2021 00:14:22.474,0.69376,0.6936300000000001,1,1
27.08.2021 00:14:22.928,0.69376,0.69364,1,1
27.08.2021 00:14:23.550,0.69376,0.6936300000000001,1,1.25
27.08.2021 00:14:23.657,0.69375,0.69362,1,2.31
27.08.2021 00:14:26.481,0.6937800000000001,0.69367,1,1
27.08.2021 00:14:26.532,0.6938000000000001,0.6936800000000001,1,1
27.08.2021 00:14:27.818,0.6938000000000001,0.69367,1,1
27.08.2021 00:14:28.215,0.6937800000000001,0.69367,1,1.69
27.08.2021 00:14:28.541,0.69377,0.69364,1,1.5
27.08.2021 00:14:28.642,0.69374,0.69364,1,2.25
27.08.2021 00:14:28.822,0.69376,0.6936300000000001,1,2.25
27.08.2021 00:14:30.348,0.69376,0.69365,1,1
27.08.2021 00:14:30.398,0.6937800000000001,0.6936800000000001,1,1
27.08.2021 00:14:32.542,0.69379,0.69366,1,1.5
27.08.2021 00:14:33.376,0.6937300000000001,0.69362,1,3.25
27.08.2021 00:14:33.427,0.69372,0.6936,1,1
27.08.2021 00:14:33.478,0.69375,0.6936300000000001,1,1.5
27.08.2021 00:14:33.580,0.69376,0.6936300000000001,1,1.5
27.08.2021 00:14:33.682,0.69375,0.6936300000000001,1,1.5
27.08.2021 00:14:33.885,0.69375,0.69364,1,1.5
27.08.2021 00:14:33.987,0.6937300000000001,0.6936300000000001,1,1
27.08.2021 00:14:34.362,0.6937300000000001,0.69364,1,1
27.08.2021 00:14:34.463,0.69374,0.69362,1,1.5
27.08.2021 00:14:34.615,0.6937300000000001,0.69364,1,1
27.08.2021 00:14:41.246,0.69375,0.6936300000000001,1,1
27.08.2021 00:14:42.596,0.69374,0.6936300000000001,1,1
27.08.2021 00:14:42.697,0.69376,0.69365,1,1
27.08.2021 00:14:42.843,0.6938500000000001,0.69372,1,1.5
27.08.2021 00:14:43.096,0.69386,0.6937300000000001,1,1
27.08.2021 00:14:52.194,0.69387,0.69374,1,1.5
27.08.2021 00:14:52.296,0.6939000000000001,0.6937800000000001,1,1.5
27.08.2021 00:14:52.397,0.6939000000000001,0.6938000000000001,1,1
27.08.2021 00:14:52.448,0.69392,0.69382,1,1
27.08.2021 00:14:52.498,0.6939500000000001,0.6938300000000001,1.12,1.5
27.08.2021 00:14:52.600,0.69396,0.6938300000000001,1.12,1.5
27.08.2021 00:14:52.701,0.6939500000000001,0.6938300000000001,1,1
27.08.2021 00:14:52.802,0.69396,0.6938300000000001,1,1.5
27.08.2021 00:14:54.818,0.6939500000000001,0.6938300000000001,1,1.5
27.08.2021 00:14:54.920,0.69392,0.69382,1,1
27.08.2021 00:14:55.021,0.69393,0.69382,1,1.5
27.08.2021 00:14:55.181,0.6939500000000001,0.6938300000000001,1,1
27.08.2021 00:14:55.742,0.69396,0.6938300000000001,1,1.5
27.08.2021 00:14:58.922,0.69396,0.69384,1,1
27.08.2021 00:14:59.588,0.69396,0.6938500000000001,1,1
27.08.2021 00:14:59.714,0.69399,0.69387,1.12,1
27.08.2021 00:14:59.815,0.6940000000000001,0.69388,1.12,1
27.08.2021 00:15:00.109,0.69399,0.69388,1,1
27.08.2021 00:15:00.384,0.6940000000000001,0.69388,1,1
27.08.2021 00:15:00.485,0.69401,0.69389,1,1
27.08.2021 00:15:01.389,0.69401,0.69391,1,1
27.08.2021 00:15:02.581,0.69402,0.69391,1.12,1
27.08.2021 00:15:03.683,0.69403,0.69391,1.5,1
27.08.2021 00:15:05.384,0.69402,0.69391,1,1
27.08.2021 00:15:05.485,0.69403,0.69391,1.5,1
27.08.2021 00:15:05.587,0.6940500000000001,0.69394,1.12,1.87
27.08.2021 00:15:05.638,0.69409,0.69397,2.75,1.5
27.08.2021 00:15:05.688,0.69409,0.69397,1,1.5
27.08.2021 00:15:05.922,0.6941,0.69397,1,1.5
27.08.2021 00:15:08.256,0.6941200000000001,0.69403,1,1.5
27.08.2021 00:15:08.358,0.6941600000000001,0.6940500000000001,1.5,1
27.08.2021 00:15:08.459,0.6941700000000001,0.6940500000000001,1,1
27.08.2021 00:15:08.610,0.6941600000000001,0.69404,1,1.5
27.08.2021 00:15:10.864,0.6941200000000001,0.69401,1,1.5
27.08.2021 00:15:10.965,0.6941100000000001,0.69401,1,1
27.08.2021 00:15:13.910,0.6941,0.69401,2.62,1
27.08.2021 00:15:13.961,0.69409,0.69397,1,1.5
27.08.2021 00:15:14.062,0.6941,0.69397,1.5,1.5
27.08.2021 00:15:20.878,0.69409,0.69397,1,1.5
27.08.2021 00:15:23.882,0.6941,0.6940000000000001,1,1.5
27.08.2021 00:15:23.983,0.6941,0.69401,1,1.5
27.08.2021 00:15:24.084,0.6941,0.6940000000000001,1.5,1
27.08.2021 00:15:28.052,0.6941100000000001,0.69398,1.5,1.5
27.08.2021 00:15:28.535,0.6941,0.69397,1,1.5
27.08.2021 00:15:31.859,0.69409,0.69399,1,1
27.08.2021 00:15:32.514,0.6941100000000001,0.69398,1.5,1
27.08.2021 00:15:36.470,0.69409,0.69397,1,1.5
27.08.2021 00:15:36.931,0.6941,0.69398,1,1
27.08.2021 00:15:37.083,0.69409,0.69397,1,2.25
27.08.2021 00:15:51.013,0.69407,0.69397,1,1
27.08.2021 00:15:51.115,0.69407,0.6939500000000001,1,1.5
27.08.2021 00:15:51.317,0.69408,0.6939500000000001,1.5,1.5
27.08.2021 00:15:58.364,0.69407,0.6939500000000001,1,1
27.08.2021 00:16:02.662,0.6940600000000001,0.6939500000000001,1,1
27.08.2021 00:16:06.628,0.6940500000000001,0.6939500000000001,1,1.5
27.08.2021 00:16:21.817,0.6940500000000001,0.69393,1,1.5
27.08.2021 00:16:21.868,0.69403,0.69392,1,1.69
27.08.2021 00:16:21.969,0.69404,0.69391,1,2.69
27.08.2021 00:16:22.020,0.6940500000000001,0.69394,1,1
27.08.2021 00:16:23.418,0.69404,0.69392,1,1
27.08.2021 00:16:23.519,0.69404,0.69391,1,1.5
27.08.2021 00:16:23.620,0.69404,0.69391,1,2.69
27.08.2021 00:16:23.772,0.69403,0.69392,1,1
27.08.2021 00:16:23.873,0.69404,0.69391,1,1.94
27.08.2021 00:16:24.027,0.69404,0.69391,1,1
27.08.2021 00:16:24.136,0.69403,0.69392,1,1.94
27.08.2021 00:16:25.709,0.69403,0.69391,1,1.5
27.08.2021 00:16:25.925,0.69403,0.6939000000000001,1,2.44
27.08.2021 00:16:26.253,0.69401,0.6939000000000001,2.62,1.69
27.08.2021 00:16:26.304,0.69399,0.69386,1,3
27.08.2021 00:16:26.355,0.69397,0.69384,1,4.62
27.08.2021 00:16:26.456,0.6939500000000001,0.6938500000000001,1,2.37
27.08.2021 00:16:27.355,0.69396,0.69384,1,1.12
27.08.2021 00:16:27.608,0.6939500000000001,0.6938300000000001,1,3.44
27.08.2021 00:16:27.709,0.69399,0.69386,2.25,1
27.08.2021 00:16:27.810,0.69398,0.69389,1,1
27.08.2021 00:16:27.912,0.6940000000000001,0.69388,1,1
27.08.2021 00:16:31.417,0.69401,0.69388,1,1.5
27.08.2021 00:16:34.400,0.69401,0.69388,1,3.5
27.08.2021 00:16:34.653,0.69402,0.6939000000000001,1,1.25
27.08.2021 00:16:34.754,0.6940500000000001,0.69393,1,1.5
27.08.2021 00:16:34.855,0.6940500000000001,0.69394,1,2.25
27.08.2021 00:16:35.822,0.69404,0.69394,1,2.25
27.08.2021 00:16:44.292,0.69402,0.69389,1,2.44
27.08.2021 00:16:44.861,0.69401,0.69388,1,3.12
27.08.2021 00:16:45.089,0.69401,0.69388,1,2.62
27.08.2021 00:16:53.221,0.69399,0.69387,1,1.25
27.08.2021 00:16:53.322,0.69396,0.6938300000000001,1,4
27.08.2021 00:16:55.901,0.69396,0.6938300000000001,1,2.81
27.08.2021 00:16:56.343,0.69396,0.6938500000000001,1,1
27.08.2021 00:16:56.394,0.69399,0.69386,1,2.44
27.08.2021 00:16:56.495,0.69399,0.69388,1,1.69
27.08.2021 00:17:01.708,0.69399,0.69387,1,1.69
27.08.2021 00:17:09.801,0.69397,0.6938500000000001,1,1
27.08.2021 00:17:09.852,0.69396,0.69384,1,2.44
27.08.2021 00:17:09.956,0.6939500000000001,0.69384,1,1.69
27.08.2021 00:17:10.893,0.69393,0.69381,1,3.06
27.08.2021 00:17:10.995,0.69393,0.6938000000000001,1,2.62
27.08.2021 00:17:11.046,0.69387,0.69377,1.5,2.62
27.08.2021 00:17:11.147,0.6939000000000001,0.69377,1,2.62
27.08.2021 00:17:11.248,0.6939000000000001,0.6937800000000001,1,1
27.08.2021 00:17:15.050,0.69391,0.6937800000000001,1,1
27.08.2021 00:17:25.326,0.69391,0.69379,1,1
27.08.2021 00:17:30.456,0.6939000000000001,0.6937800000000001,1,1
27.08.2021 00:17:30.557,0.69391,0.6937800000000001,1,1.5
27.08.2021 00:17:32.581,0.6939000000000001,0.69377,1,1.69
27.08.2021 00:17:33.061,0.6938300000000001,0.69374,1,1.25
27.08.2021 00:17:33.112,0.6938300000000001,0.6937,1,1
27.08.2021 00:17:33.213,0.69381,0.69371,1,1
27.08.2021 00:17:33.552,0.6938300000000001,0.6937,1,1
27.08.2021 00:17:34.086,0.69384,0.69372,1,1.5
27.08.2021 00:17:34.137,0.69387,0.69374,1,1.5
27.08.2021 00:17:40.931,0.69386,0.69374,1,1.5
27.08.2021 00:17:42.723,0.69387,0.69374,1,1.5
27.08.2021 00:17:47.240,0.6939000000000001,0.69377,1,1
27.08.2021 00:17:47.342,0.6939000000000001,0.6938000000000001,1,1
27.08.2021 00:17:47.544,0.69392,0.69379,1,1.5
27.08.2021 00:18:06.992,0.69393,0.6938000000000001,1,1.5
27.08.2021 00:18:07.093,0.69392,0.6938000000000001,1,1.5
27.08.2021 00:18:07.630,0.69393,0.6938000000000001,1,1.5
27.08.2021 00:18:14.712,0.6939000000000001,0.6938000000000001,1,1.5
27.08.2021 00:18:14.763,0.69387,0.69377,1,1
27.08.2021 00:18:14.814,0.69391,0.69379,1,1
27.08.2021 00:18:14.915,0.69392,0.69379,1,1.5
27.08.2021 00:18:25.871,0.69392,0.69379,1.62,1
27.08.2021 00:18:25.972,0.69391,0.6937800000000001,1.12,1.5
27.08.2021 00:18:28.794,0.6939000000000001,0.6937800000000001,1,1
27.08.2021 00:18:29.645,0.6939000000000001,0.69379,1.12,1.5
27.08.2021 00:18:34.075,0.69389,0.69376,1,1.5
27.08.2021 00:18:34.228,0.69389,0.6937800000000001,1,1
27.08.2021 00:18:34.329,0.69391,0.6937800000000001,1.87,1.5
27.08.2021 00:18:35.257,0.69388,0.69379,1,1
27.08.2021 00:18:35.358,0.69389,0.69379,1,1
27.08.2021 00:18:35.470,0.69388,0.69376,1,1
27.08.2021 00:18:35.571,0.69388,0.69375,1,1
27.08.2021 00:18:35.672,0.69387,0.69374,1,1.5
27.08.2021 00:19:01.624,0.69388,0.69375,1,1
27.08.2021 00:19:01.725,0.69387,0.69374,1,1.5
27.08.2021 00:19:02.784,0.69386,0.6937300000000001,1.12,1.5
27.08.2021 00:19:06.534,0.69387,0.69374,1.12,1.5
27.08.2021 00:19:07.878,0.69391,0.69379,1.87,1
27.08.2021 00:19:07.979,0.69392,0.69379,1,1
27.08.2021 00:19:18.236,0.69391,0.69381,1,1
27.08.2021 00:19:23.834,0.69393,0.6938000000000001,1,1.5
27.08.2021 00:19:29.988,0.69392,0.6938000000000001,1,1
27.08.2021 00:19:46.653,0.6939000000000001,0.69381,1,1
27.08.2021 00:19:55.840,0.69391,0.69379,1,1
27.08.2021 00:20:11.426,0.69392,0.6938000000000001,1,1
27.08.2021 00:20:11.648,0.69392,0.69379,1,1.5
27.08.2021 00:20:13.059,0.69391,0.69379,1,1
27.08.2021 00:20:33.668,0.69388,0.6937800000000001,1,1
27.08.2021 00:20:33.769,0.6939000000000001,0.6937800000000001,1,1
27.08.2021 00:20:35.046,0.69391,0.6937800000000001,1,1.5
27.08.2021 00:20:52.105,0.69392,0.69379,1,1
27.08.2021 00:20:52.477,0.69392,0.6938000000000001,1,1
27.08.2021 00:20:52.628,0.69393,0.6938000000000001,1,1.5
27.08.2021 00:20:52.782,0.69396,0.6938500000000001,1,1
27.08.2021 00:20:52.883,0.69397,0.6938500000000001,1,1
27.08.2021 00:20:53.035,0.69398,0.6938500000000001,1.5,1.5
27.08.2021 00:20:56.627,0.69398,0.69386,1,1
27.08.2021 00:20:58.751,0.69396,0.69387,1,1
27.08.2021 00:21:08.424,0.69398,0.69386,1,1
27.08.2021 00:21:16.852,0.69398,0.69387,1.5,1
27.08.2021 00:21:19.287,0.69397,0.69387,1,1
27.08.2021 00:21:26.074,0.69397,0.69388,1.5,1
27.08.2021 00:21:28.293,0.69398,0.69386,1.5,1
27.08.2021 00:21:28.502,0.69397,0.69386,1,1
27.08.2021 00:21:39.911,0.69397,0.6938500000000001,1,1.5
27.08.2021 00:21:43.730,0.69398,0.6938500000000001,2.25,1.5
27.08.2021 00:21:51.595,0.69399,0.69387,1,1.5
27.08.2021 00:21:51.697,0.6940000000000001,0.69388,1.5,1
27.08.2021 00:21:54.405,0.69402,0.69389,1,1.5
27.08.2021 00:21:54.606,0.69403,0.6939000000000001,1.12,1
27.08.2021 00:21:56.583,0.69404,0.69391,2.25,1
27.08.2021 00:21:58.217,0.69403,0.69391,1,1
27.08.2021 00:22:07.024,0.69403,0.6939000000000001,1,1
27.08.2021 00:22:15.462,0.6940600000000001,0.69394,1,1
27.08.2021 00:22:15.513,0.6941,0.69397,4.87,1
27.08.2021 00:22:16.268,0.6941,0.6940000000000001,1,1
27.08.2021 00:22:16.369,0.6941200000000001,0.69399,2,1.5
27.08.2021 00:22:16.470,0.6941100000000001,0.69401,1.5,1
27.08.2021 00:22:21.119,0.69413,0.6940000000000001,2.62,1
27.08.2021 00:22:22.266,0.6941200000000001,0.69399,1,1.5
27.08.2021 00:22:24.639,0.69408,0.69397,1,1
27.08.2021 00:22:24.740,0.69407,0.69396,1.5,1
27.08.2021 00:22:24.791,0.69407,0.69394,1.5,1.5
27.08.2021 00:22:25.353,0.6940500000000001,0.6939500000000001,1,1
27.08.2021 00:22:28.574,0.6940500000000001,0.69393,1,1.5
27.08.2021 00:22:32.277,0.6940500000000001,0.69394,1.5,1
27.08.2021 00:22:32.328,0.6940000000000001,0.69388,2.62,1
27.08.2021 00:22:32.429,0.69399,0.69387,1.5,1
27.08.2021 00:22:33.089,0.69399,0.69386,1.5,1.87
27.08.2021 00:22:40.721,0.69396,0.69386,1,1
27.08.2021 00:22:40.772,0.69393,0.69381,1,1
27.08.2021 00:22:40.873,0.69392,0.6938000000000001,1,1.25
27.08.2021 00:22:40.975,0.69391,0.69379,1,1.5
27.08.2021 00:22:41.026,0.69389,0.6937800000000001,1,1
27.08.2021 00:22:41.973,0.69387,0.69375,1,1
27.08.2021 00:22:43.462,0.6939000000000001,0.6937800000000001,1.5,1
27.08.2021 00:22:43.614,0.6939000000000001,0.69379,1.5,1
27.08.2021 00:22:43.933,0.6939000000000001,0.6937800000000001,1.12,1.5
27.08.2021 00:22:44.480,0.69391,0.69379,1,1.5
27.08.2021 00:22:44.682,0.69391,0.6938000000000001,1,1
27.08.2021 00:22:45.025,0.6939000000000001,0.6938000000000001,1,1
27.08.2021 00:22:47.401,0.69391,0.6938000000000001,1,1
27.08.2021 00:22:47.502,0.69392,0.6938000000000001,1,1
27.08.2021 00:22:51.216,0.69392,0.69379,1,1
27.08.2021 00:22:52.028,0.69393,0.6938300000000001,1,1.5
27.08.2021 00:22:52.129,0.69394,0.69384,1,1
27.08.2021 00:22:52.472,0.69394,0.69381,1,1
27.08.2021 00:22:52.573,0.6939500000000001,0.69382,1.5,1.5
27.08.2021 00:22:54.134,0.69393,0.69381,1,1
27.08.2021 00:22:54.560,0.69392,0.6938000000000001,1,1
27.08.2021 00:22:54.925,0.69392,0.69379,1,1
27.08.2021 00:22:55.249,0.69391,0.69379,1,1
27.08.2021 00:23:00.443,0.69389,0.69376,1.5,1.69
27.08.2021 00:23:00.544,0.6938500000000001,0.6937300000000001,1.5,1.69
27.08.2021 00:23:00.646,0.6938300000000001,0.6937300000000001,1,1.5
27.08.2021 00:23:00.747,0.6938300000000001,0.69371,1.5,1
27.08.2021 00:23:00.848,0.69382,0.69371,1,1
27.08.2021 00:23:01.161,0.69381,0.69369,1,1.5
27.08.2021 00:23:08.062,0.6938000000000001,0.69367,1.5,1.5
27.08.2021 00:23:08.163,0.69379,0.69367,1,1.5
27.08.2021 00:23:08.534,0.69379,0.69366,1.5,1.5
27.08.2021 00:23:10.330,0.69379,0.69367,1.5,1
27.08.2021 00:23:10.577,0.6938000000000001,0.6936800000000001,1,1.5
27.08.2021 00:23:10.627,0.69382,0.6937,3.12,1
27.08.2021 00:23:10.829,0.69382,0.6937,1.87,1
27.08.2021 00:23:12.991,0.69382,0.69371,1.87,1
27.08.2021 00:23:13.435,0.6938300000000001,0.69372,1.12,1
27.08.2021 00:23:14.761,0.6938300000000001,0.6937300000000001,1.12,1
27.08.2021 00:23:45.361,0.6938300000000001,0.69372,1.87,1
27.08.2021 00:23:49.089,0.69384,0.69374,1,1
27.08.2021 00:23:49.139,0.69386,0.69375,1.87,1
27.08.2021 00:23:49.366,0.69387,0.6937800000000001,1.12,1
27.08.2021 00:23:52.535,0.69386,0.6937800000000001,1,1
27.08.2021 00:23:52.637,0.69384,0.69374,1,1
27.08.2021 00:23:54.111,0.6938300000000001,0.69372,1.5,1
27.08.2021 00:24:01.746,0.6938500000000001,0.69374,1.12,1
27.08.2021 00:24:01.847,0.6938500000000001,0.69375,1.12,1
27.08.2021 00:24:01.948,0.6938500000000001,0.69377,1,1
27.08.2021 00:24:01.999,0.69387,0.69376,1,1
27.08.2021 00:24:02.124,0.69387,0.69375,1.5,1
27.08.2021 00:24:02.675,0.69388,0.69377,1,1
27.08.2021 00:24:02.777,0.6939000000000001,0.6938000000000001,1,1
27.08.2021 00:24:04.843,0.6938500000000001,0.69377,1,1.12
27.08.2021 00:24:05.161,0.69387,0.69374,2.06,1.5
27.08.2021 00:24:05.262,0.69382,0.6937300000000001,1,1.75
27.08.2021 00:24:05.365,0.69382,0.6937300000000001,1,1.31
27.08.2021 00:24:08.895,0.6938000000000001,0.6937300000000001,1,1.25
27.08.2021 00:24:10.750,0.69388,0.69376,1,1
27.08.2021 00:24:11.205,0.69388,0.69375,1,1
27.08.2021 00:24:12.650,0.6938500000000001,0.69374,2.81,1
27.08.2021 00:24:12.701,0.6938500000000001,0.69372,2.81,1
27.08.2021 00:24:12.852,0.6938300000000001,0.6937300000000001,1,1
27.08.2021 00:24:12.953,0.6938300000000001,0.69372,1,1
27.08.2021 00:24:18.361,0.69375,0.69367,1,8.81
27.08.2021 00:24:22.866,0.6938300000000001,0.69372,1,1
27.08.2021 00:24:26.008,0.69375,0.69367,1,8.51
27.08.2021 00:24:28.153,0.6938300000000001,0.69372,1,1
27.08.2021 00:24:29.030,0.69375,0.69367,1,8.51
27.08.2021 00:24:33.010,0.6937800000000001,0.6936800000000001,1,1
27.08.2021 00:24:33.111,0.69376,0.6936800000000001,1,1
27.08.2021 00:24:35.938,0.69377,0.6936800000000001,1,1
27.08.2021 00:24:36.039,0.6938000000000001,0.6937300000000001,1,1
27.08.2021 00:24:36.090,0.6937800000000001,0.69372,1,1.25
27.08.2021 00:24:36.300,0.6938000000000001,0.69371,1,6.62
27.08.2021 00:24:36.451,0.69388,0.69375,1.31,1.5
27.08.2021 00:24:36.502,0.69384,0.69377,1,1
27.08.2021 00:24:36.603,0.69384,0.6937800000000001,1,1
27.08.2021 00:24:37.507,0.69392,0.6938000000000001,1.12,1
27.08.2021 00:24:38.481,0.69393,0.6938000000000001,1.31,1
27.08.2021 00:24:39.717,0.69384,0.6937800000000001,1,1.69
27.08.2021 00:24:43.684,0.69384,0.69377,1,1.25
27.08.2021 00:24:43.785,0.69384,0.69376,1,1
27.08.2021 00:24:44.098,0.69391,0.6938000000000001,1.12,1
27.08.2021 00:24:45.481,0.69392,0.6938000000000001,2.81,1
27.08.2021 00:24:46.807,0.69384,0.69376,1,1
27.08.2021 00:24:47.392,0.69382,0.69376,1,8.96
27.08.2021 00:24:48.557,0.69384,0.69376,1,1
27.08.2021 00:24:51.803,0.69392,0.6938000000000001,2.81,1
27.08.2021 00:24:56.627,0.69392,0.69381,2.81,1
27.08.2021 00:25:00.395,0.6938500000000001,0.69377,1,1
27.08.2021 00:25:04.306,0.69392,0.69381,1.87,1
27.08.2021 00:25:06.361,0.6938500000000001,0.69377,1,1
27.08.2021 00:25:07.571,0.6938300000000001,0.69375,1,1
27.08.2021 00:25:07.622,0.6939000000000001,0.69377,2.81,1
27.08.2021 00:25:07.723,0.69389,0.69377,1.12,1
27.08.2021 00:25:12.361,0.69381,0.6937300000000001,1,1.25
27.08.2021 00:25:14.563,0.69379,0.69372,1,1.12
27.08.2021 00:25:14.866,0.6938000000000001,0.6937300000000001,1,1
27.08.2021 00:25:19.971,0.6938000000000001,0.6937,1,1.25
27.08.2021 00:25:20.175,0.69377,0.69369,1,1.12
27.08.2021 00:25:20.276,0.69375,0.69367,1,2.37
27.08.2021 00:25:20.377,0.69376,0.69366,1,2.25
27.08.2021 00:25:21.743,0.69375,0.69365,1,1
27.08.2021 00:25:21.844,0.69375,0.69364,1,1
27.08.2021 00:25:26.132,0.69375,0.69362,1.75,4.87
27.08.2021 00:25:26.183,0.69371,0.6936,1,2.45
27.08.2021 00:25:26.285,0.69367,0.6935600000000001,1,2.25
27.08.2021 00:25:26.387,0.69367,0.6935600000000001,1,1.75
27.08.2021 00:25:26.489,0.69365,0.6935600000000001,1,1.75
27.08.2021 00:25:28.033,0.69364,0.6935600000000001,1,1.56
27.08.2021 00:25:30.067,0.69365,0.6935600000000001,1,1.37
27.08.2021 00:25:30.221,0.69364,0.6935600000000001,1,1.37
27.08.2021 00:25:31.213,0.6936300000000001,0.6935600000000001,1,1
27.08.2021 00:25:31.616,0.69364,0.6935600000000001,1,1.37
27.08.2021 00:25:39.223,0.69365,0.6935600000000001,1,1.5
27.08.2021 00:25:41.590,0.69365,0.6935600000000001,1,1.25
27.08.2021 00:25:41.692,0.6936100000000001,0.6935100000000001,1,2.19
27.08.2021 00:25:41.746,0.6936100000000001,0.69349,1,3.5
27.08.2021 00:25:41.798,0.6935800000000001,0.6934800000000001,1,1.81
27.08.2021 00:25:42.476,0.6935800000000001,0.69347,1,2.25
27.08.2021 00:25:42.801,0.69357,0.69347,1,2.25
27.08.2021 00:25:46.680,0.6935600000000001,0.69347,1,1
27.08.2021 00:25:46.781,0.6935600000000001,0.6934600000000001,1,1
27.08.2021 00:25:47.096,0.69354,0.6934300000000001,1,1
27.08.2021 00:25:47.197,0.69352,0.6934100000000001,1,1.5
27.08.2021 00:25:48.475,0.6935,0.69342,1,1
27.08.2021 00:25:50.400,0.6934600000000001,0.6933600000000001,1,1.2
27.08.2021 00:25:50.501,0.69345,0.69333,1,2.84
27.08.2021 00:25:50.602,0.69344,0.69332,1,2.25
27.08.2021 00:25:50.855,0.69342,0.69332,1,1
27.08.2021 00:25:51.006,0.69342,0.6933,1,3.19
27.08.2021 00:25:54.360,0.6934300000000001,0.6933100000000001,1,1.31
27.08.2021 00:25:54.770,0.69344,0.69332,1,1
27.08.2021 00:25:55.708,0.6934,0.69332,3.37,1
27.08.2021 00:25:55.760,0.6934,0.69328,1.5,1
27.08.2021 00:25:56.313,0.69337,0.69325,1,2.12
27.08.2021 00:25:56.414,0.69335,0.6932600000000001,1,1
27.08.2021 00:25:57.378,0.6933600000000001,0.69325,1,1.5
27.08.2021 00:25:57.536,0.6933600000000001,0.69325,1,1
27.08.2021 00:26:00.136,0.69337,0.69325,1,1.5
27.08.2021 00:26:00.363,0.69337,0.6932600000000001,1.5,1
27.08.2021 00:26:00.464,0.69337,0.69328,1,1
27.08.2021 00:26:00.717,0.69338,0.6932600000000001,1,1.87
27.08.2021 00:26:00.869,0.69338,0.6932600000000001,1,3.25
27.08.2021 00:26:00.920,0.6934,0.69329,1,1
27.08.2021 00:26:01.021,0.6934100000000001,0.69329,1,1.5
27.08.2021 00:26:01.627,0.6934300000000001,0.69333,1.5,1
27.08.2021 00:26:01.728,0.69344,0.69332,1,1.5
27.08.2021 00:26:04.222,0.6934300000000001,0.69334,1,1
27.08.2021 00:26:04.689,0.69344,0.69332,1,1.5
27.08.2021 00:26:05.593,0.69349,0.69337,1,1.5
27.08.2021 00:26:05.694,0.69349,0.69339,1,1
27.08.2021 00:26:05.796,0.6935,0.69339,1,1
27.08.2021 00:26:06.939,0.69349,0.69338,1,1
27.08.2021 00:26:07.042,0.6935,0.69338,1,1
27.08.2021 00:26:08.773,0.69352,0.6934,1.5,1
27.08.2021 00:26:10.514,0.69354,0.69342,1.69,1
27.08.2021 00:26:12.836,0.69355,0.69345,1,1
27.08.2021 00:26:15.658,0.69355,0.69347,1,1
27.08.2021 00:26:29.617,0.6935800000000001,0.69349,1.25,1
27.08.2021 00:26:29.719,0.69364,0.69354,3,1
27.08.2021 00:26:29.820,0.69367,0.6935600000000001,1.81,1
27.08.2021 00:26:29.870,0.69367,0.6935600000000001,1.25,1
27.08.2021 00:26:30.410,0.6936800000000001,0.6936,1.25,1
27.08.2021 00:26:30.461,0.69371,0.6936,1.12,1
27.08.2021 00:26:34.661,0.69372,0.6936,2.44,1
27.08.2021 00:26:36.360,0.69372,0.6936100000000001,1.25,1
27.08.2021 00:26:42.132,0.6937,0.69362,2.62,1
27.08.2021 00:26:42.183,0.6936800000000001,0.6935800000000001,1,1
27.08.2021 00:26:42.234,0.69367,0.6935600000000001,1,1
27.08.2021 00:26:51.575,0.6936,0.69352,1,1
27.08.2021 00:26:51.677,0.69362,0.6935100000000001,1,1
27.08.2021 00:26:51.881,0.6936100000000001,0.6935100000000001,1,1
27.08.2021 00:26:51.983,0.6936100000000001,0.6935,1,1
27.08.2021 00:26:52.760,0.69362,0.6935,1,1
27.08.2021 00:26:52.912,0.69362,0.69354,1.87,1
27.08.2021 00:26:53.013,0.69364,0.6935300000000001,1.69,1
27.08.2021 00:26:53.296,0.69364,0.69352,2.44,1
27.08.2021 00:26:54.518,0.69364,0.6935300000000001,2.81,1
27.08.2021 00:26:56.754,0.69364,0.69352,1,1
27.08.2021 00:27:02.101,0.69365,0.69354,1,1
27.08.2021 00:27:02.202,0.69365,0.6935300000000001,1,1
27.08.2021 00:27:09.043,0.69365,0.69352,1.5,1
27.08.2021 00:27:12.383,0.69366,0.69355,1,1
27.08.2021 00:27:12.485,0.69371,0.69359,2,1
27.08.2021 00:27:12.589,0.69372,0.69359,3.56,1
27.08.2021 00:27:26.764,0.69371,0.69359,1,1
27.08.2021 00:27:53.788,0.69371,0.6935800000000001,1.5,1
27.08.2021 00:28:27.405,0.69369,0.6935800000000001,1,1
27.08.2021 00:28:29.526,0.69371,0.6935800000000001,1.5,1
27.08.2021 00:28:29.727,0.6937,0.6935800000000001,1,1
27.08.2021 00:28:35.367,0.69371,0.69359,1,1
27.08.2021 00:28:35.619,0.69369,0.69359,1,1
27.08.2021 00:28:40.468,0.6936800000000001,0.69355,1.5,1
27.08.2021 00:28:40.670,0.69367,0.69355,1,1
27.08.2021 00:28:45.360,0.69367,0.69354,2.25,1
27.08.2021 00:28:53.037,0.69366,0.69354,1,1
27.08.2021 00:28:53.087,0.6936100000000001,0.6935,1,1
27.08.2021 00:28:54.491,0.69362,0.6935,1.5,1
27.08.2021 00:28:56.213,0.69357,0.6934800000000001,1,1
27.08.2021 00:28:56.314,0.69359,0.69347,1.5,1
27.08.2021 00:28:56.617,0.69359,0.6934600000000001,1.5,1
27.08.2021 00:28:58.476,0.69359,0.69347,1,1
27.08.2021 00:29:01.482,0.6936100000000001,0.6934800000000001,1.5,1
27.08.2021 00:29:02.649,0.6936100000000001,0.6935100000000001,1,1
27.08.2021 00:29:03.036,0.69364,0.6935300000000001,1,1
27.08.2021 00:29:03.138,0.69365,0.6935300000000001,1,1
27.08.2021 00:29:09.836,0.69366,0.69354,1,1
27.08.2021 00:29:11.416,0.69366,0.6935600000000001,1,1
27.08.2021 00:29:15.063,0.69366,0.69354,1,1
27.08.2021 00:29:15.165,0.69366,0.6935300000000001,1.5,1
27.08.2021 00:29:19.537,0.6936300000000001,0.6935100000000001,1,1
27.08.2021 00:29:24.163,0.6936300000000001,0.6935,2.25,1.5
27.08.2021 00:29:24.365,0.6936300000000001,0.6935100000000001,2.25,1
27.08.2021 00:29:41.387,0.6936100000000001,0.6935,1,1
27.08.2021 00:29:59.370,0.6936100000000001,0.69352,1,1
27.08.2021 00:29:59.421,0.69367,0.69355,2.37,1
27.08.2021 00:29:59.471,0.6936800000000001,0.69357,1,1
27.08.2021 00:29:59.573,0.6937,0.6936100000000001,1.31,1
27.08.2021 00:30:00.139,0.69371,0.6936100000000001,1,1
27.08.2021 00:30:00.593,0.69371,0.6936,1,1
27.08.2021 00:30:01.939,0.69372,0.6936,1,1
27.08.2021 00:30:02.230,0.69374,0.6936100000000001,1.5,1
27.08.2021 00:30:02.713,0.69374,0.69362,1,1
27.08.2021 00:30:09.249,0.69369,0.6936,1,1
27.08.2021 00:30:09.300,0.6936800000000001,0.6935600000000001,1,1.12
27.08.2021 00:30:09.401,0.69367,0.69355,1.5,1
27.08.2021 00:30:09.654,0.69366,0.69355,1.5,1.5
27.08.2021 00:30:11.018,0.6936300000000001,0.6935100000000001,1,1
27.08.2021 00:30:11.120,0.69362,0.6935,1.5,1
27.08.2021 00:30:12.878,0.69362,0.69349,1.5,1
27.08.2021 00:30:13.300,0.6936,0.6934800000000001,1,1.87
27.08.2021 00:30:15.898,0.6936100000000001,0.69349,1,1
27.08.2021 00:30:20.045,0.6936100000000001,0.6935,1,1
27.08.2021 00:30:28.468,0.69364,0.69355,1,1
27.08.2021 00:30:28.518,0.69366,0.69355,1,1
27.08.2021 00:30:29.054,0.6936800000000001,0.69357,1,1
27.08.2021 00:30:29.155,0.6937,0.69359,1,1
27.08.2021 00:30:31.759,0.6937,0.6935800000000001,1,1
27.08.2021 00:30:32.516,0.69367,0.69355,1,1.12
27.08.2021 00:30:32.768,0.69367,0.69354,1,1.5
27.08.2021 00:30:33.257,0.69366,0.69354,1,1.5
27.08.2021 00:30:33.941,0.69365,0.6935300000000001,1,1.5
27.08.2021 00:30:38.579,0.69365,0.69354,1,1
27.08.2021 00:30:42.605,0.69366,0.69354,1,1.5
27.08.2021 00:30:47.572,0.69365,0.69354,1,1
27.08.2021 00:30:52.429,0.6936300000000001,0.6935300000000001,1,1.5
27.08.2021 00:30:52.719,0.69362,0.6935,1.5,1.5
27.08.2021 00:30:52.820,0.69359,0.69349,1,1.12
27.08.2021 00:30:52.922,0.6936,0.69349,1,1
27.08.2021 00:30:57.361,0.6936,0.6935,1,1.5
27.08.2021 00:31:02.817,0.69359,0.6934800000000001,1,1.5
27.08.2021 00:31:02.918,0.69359,0.69347,1,2.25
27.08.2021 00:31:04.795,0.6936,0.6934800000000001,3.37,1
27.08.2021 00:31:05.233,0.69357,0.69349,1,1
27.08.2021 00:31:06.960,0.6935800000000001,0.69347,1,1.5
27.08.2021 00:31:10.003,0.6936,0.6934800000000001,1,1.5
27.08.2021 00:31:18.576,0.6936,0.6934800000000001,1,1.75
27.08.2021 00:31:20.178,0.6936100000000001,0.69349,1.5,1.25
27.08.2021 00:31:27.705,0.6936300000000001,0.69355,1,1.69
27.08.2021 00:31:27.756,0.69366,0.6935600000000001,1,2.81
27.08.2021 00:31:27.857,0.69367,0.69355,1,2.31
27.08.2021 00:31:29.553,0.69366,0.6935600000000001,1,1.12
27.08.2021 00:31:31.706,0.69367,0.6935600000000001,1,1
27.08.2021 00:31:31.996,0.69366,0.6935600000000001,1,1.69
27.08.2021 00:31:33.361,0.69367,0.69357,1,1
27.08.2021 00:31:35.474,0.69367,0.6935800000000001,1,1
27.08.2021 00:31:40.578,0.69369,0.69357,1,1
27.08.2021 00:31:46.189,0.69369,0.69357,1,1.5
27.08.2021 00:31:46.347,0.69369,0.69357,1,1
27.08.2021 00:31:47.889,0.6936800000000001,0.69359,1,1
27.08.2021 00:31:51.894,0.6937,0.6935800000000001,1,1
27.08.2021 00:31:57.233,0.6936800000000001,0.69359,1,1
27.08.2021 00:32:01.041,0.69369,0.69357,1.5,1.5
27.08.2021 00:32:10.498,0.69371,0.69359,2.25,1
27.08.2021 00:32:13.307,0.6937,0.69359,1,1
27.08.2021 00:32:19.451,0.6937,0.69362,1.5,1
27.08.2021 00:32:24.142,0.69369,0.6936100000000001,1,1
27.08.2021 00:32:24.292,0.6937,0.69362,1.5,1
27.08.2021 00:32:28.863,0.69371,0.6936,1.5,1
27.08.2021 00:32:34.304,0.69371,0.6936100000000001,1,1
27.08.2021 00:32:34.910,0.69372,0.6936100000000001,3.37,1
27.08.2021 00:32:35.442,0.69371,0.6936100000000001,1,1
27.08.2021 00:32:37.360,0.69372,0.6936100000000001,2.25,1
27.08.2021 00:32:37.462,0.69372,0.69362,1.5,1
27.08.2021 00:32:39.769,0.6937300000000001,0.69364,1,1
27.08.2021 00:32:39.870,0.69374,0.69364,1.5,1
27.08.2021 00:32:46.935,0.69374,0.69365,1.5,1
27.08.2021 00:32:56.358,0.6937300000000001,0.69365,1,1
27.08.2021 00:33:04.105,0.69372,0.69365,1,1
27.08.2021 00:33:04.207,0.6937,0.6936100000000001,1,1
27.08.2021 00:33:04.460,0.69371,0.6936100000000001,1,1
27.08.2021 00:33:08.773,0.69371,0.69362,1,1
27.08.2021 00:33:08.874,0.6937300000000001,0.69365,1,1
27.08.2021 00:33:08.975,0.69377,0.69367,2.81,1
27.08.2021 00:33:09.077,0.6937800000000001,0.69367,3.19,1
27.08.2021 00:33:10.716,0.69377,0.69367,1,1
27.08.2021 00:33:10.957,0.69375,0.69367,1,1
27.08.2021 00:33:11.009,0.69375,0.69365,2.62,1
27.08.2021 00:33:11.110,0.69374,0.69365,1,1
27.08.2021 00:33:11.578,0.69372,0.69366,1,1
27.08.2021 00:33:11.680,0.69374,0.69364,1.69,1
27.08.2021 00:33:11.842,0.6937300000000001,0.69364,1,1
27.08.2021 00:33:11.946,0.69372,0.69364,1,1
27.08.2021 00:33:13.210,0.69374,0.69364,1.5,1
27.08.2021 00:33:30.361,0.69374,0.69365,1,1
27.08.2021 00:33:30.761,0.6937300000000001,0.69364,1,1
27.08.2021 00:33:31.695,0.6937300000000001,0.69362,2.25,1
27.08.2021 00:33:45.980,0.69372,0.69365,1,1
27.08.2021 00:33:46.181,0.69375,0.69366,1,1
27.08.2021 00:33:46.282,0.69376,0.69367,1.5,1
27.08.2021 00:33:51.361,0.69377,0.69367,1,1
27.08.2021 00:33:52.629,0.6937300000000001,0.69366,1,1
27.08.2021 00:33:52.731,0.6937300000000001,0.69365,1,1
27.08.2021 00:33:52.781,0.69372,0.69364,1,1
27.08.2021 00:33:52.889,0.69372,0.6936300000000001,2.25,1
27.08.2021 00:33:58.921,0.6937300000000001,0.69364,1.5,1
27.08.2021 00:33:59.073,0.69374,0.69364,1.5,1
27.08.2021 00:34:01.513,0.69374,0.69365,1,1
27.08.2021 00:34:01.935,0.6937800000000001,0.69367,2.25,1
27.08.2021 00:34:04.435,0.69377,0.69369,1.5,1
27.08.2021 00:34:04.537,0.69379,0.6936800000000001,2.25,1
27.08.2021 00:34:04.587,0.69377,0.69367,1.5,1
27.08.2021 00:34:05.491,0.69375,0.69365,3.37,1
27.08.2021 00:34:07.249,0.69374,0.69365,1,1
27.08.2021 00:34:09.360,0.69374,0.69364,1,1
27.08.2021 00:34:10.922,0.69376,0.69366,1.5,1
27.08.2021 00:34:11.023,0.69377,0.69366,1.5,1
27.08.2021 00:34:13.153,0.69376,0.6936800000000001,1,1
27.08.2021 00:34:15.608,0.6937800000000001,0.69367,3,1
27.08.2021 00:34:52.017,0.69376,0.6936800000000001,1,1
27.08.2021 00:34:58.344,0.69376,0.69367,1,1
27.08.2021 00:35:00.848,0.69375,0.69367,1,1
27.08.2021 00:35:00.899,0.6937300000000001,0.69364,1.5,1
27.08.2021 00:35:01.001,0.69372,0.69362,1,1
27.08.2021 00:35:01.338,0.6937,0.69362,1,1
27.08.2021 00:35:01.389,0.69369,0.6936,1,1
27.08.2021 00:35:01.641,0.69369,0.69359,1,1
27.08.2021 00:35:17.067,0.6937,0.69359,1,1
27.08.2021 00:35:17.169,0.69369,0.6936100000000001,1,1
27.08.2021 00:35:17.382,0.69371,0.6936100000000001,1.5,1
27.08.2021 00:35:25.933,0.69372,0.6936100000000001,2.25,1
27.08.2021 00:35:28.663,0.69372,0.6936100000000001,2.75,1
27.08.2021 00:35:28.865,0.69372,0.6936100000000001,2.25,1
27.08.2021 00:35:46.511,0.69371,0.6936300000000001,1,1
27.08.2021 00:35:52.935,0.69372,0.6936100000000001,1,1
27.08.2021 00:36:30.642,0.69374,0.6936300000000001,1.5,1
27.08.2021 00:36:35.423,0.69374,0.69364,1.5,1
27.08.2021 00:36:36.083,0.69375,0.69366,1,1
27.08.2021 00:36:36.184,0.69377,0.69367,1.5,1
27.08.2021 00:36:41.568,0.69375,0.69365,1,1
27.08.2021 00:36:41.669,0.69375,0.69364,3.37,1
27.08.2021 00:36:42.091,0.69376,0.6936800000000001,2.25,1
27.08.2021 00:36:42.141,0.69377,0.69369,1,1
27.08.2021 00:36:43.405,0.69377,0.6936800000000001,1.5,1.5
27.08.2021 00:36:45.979,0.6938000000000001,0.69369,1,1.25
27.08.2021 00:36:46.080,0.69381,0.69371,1,1
27.08.2021 00:36:49.454,0.69382,0.69371,2.25,1
27.08.2021 00:36:52.385,0.69382,0.69372,1,1
27.08.2021 00:36:59.415,0.6938000000000001,0.6937,2.62,1
27.08.2021 00:37:03.149,0.6937800000000001,0.6936800000000001,1.5,1.5
27.08.2021 00:37:03.250,0.69379,0.69369,1.12,1
27.08.2021 00:37:18.439,0.69381,0.69371,1,1
27.08.2021 00:37:18.540,0.69382,0.69372,1.5,1
27.08.2021 00:37:39.987,0.69381,0.69372,1.5,1
27.08.2021 00:37:40.512,0.6938300000000001,0.6937300000000001,1,1
27.08.2021 00:37:41.800,0.6938300000000001,0.69372,1,1
27.08.2021 00:37:47.702,0.69382,0.69372,1,1
27.08.2021 00:37:51.557,0.69379,0.69371,2.62,1.25
27.08.2021 00:37:51.659,0.69379,0.69369,1,1
27.08.2021 00:38:02.235,0.69382,0.69372,1,1
27.08.2021 00:38:02.336,0.6938300000000001,0.6937300000000001,1,1.25
27.08.2021 00:38:17.662,0.69382,0.69372,1,1.25
27.08.2021 00:38:26.635,0.69384,0.6937300000000001,1,1
27.08.2021 00:38:27.250,0.69387,0.69376,1.87,1.25
27.08.2021 00:38:27.351,0.69384,0.69376,1,1
27.08.2021 00:38:27.614,0.6938500000000001,0.69376,1,1
27.08.2021 00:38:28.170,0.69384,0.6937300000000001,2.25,1
27.08.2021 00:38:28.272,0.69384,0.69374,1.5,1
27.08.2021 00:38:29.043,0.6938500000000001,0.69375,2.25,1
27.08.2021 00:38:34.934,0.69384,0.69375,1.5,1
27.08.2021 00:38:35.315,0.6938500000000001,0.69375,1,1
27.08.2021 00:38:35.366,0.69387,0.69376,1.5,1
27.08.2021 00:38:40.878,0.6938500000000001,0.69377,1,1
27.08.2021 00:38:46.819,0.69386,0.69375,1.5,1
27.08.2021 00:38:47.306,0.6938500000000001,0.69375,1.87,1
27.08.2021 00:38:47.411,0.69384,0.69374,1,1
27.08.2021 00:38:47.664,0.69382,0.69372,1,1
27.08.2021 00:38:51.360,0.69382,0.69371,1.5,1
27.08.2021 00:38:58.613,0.69379,0.69372,1,1
27.08.2021 00:38:58.665,0.6938000000000001,0.69369,3,1
27.08.2021 00:39:15.876,0.6938000000000001,0.69369,1,1.94
27.08.2021 00:39:15.927,0.69382,0.69371,1,1
27.08.2021 00:39:44.643,0.69379,0.6937,2.62,1
27.08.2021 00:39:55.723,0.69374,0.69366,1.5,1.5
27.08.2021 00:39:55.825,0.69372,0.6936100000000001,1,1
27.08.2021 00:40:08.161,0.69374,0.6936300000000001,1.12,1
27.08.2021 00:40:14.405,0.69375,0.6936300000000001,1.87,1.5
27.08.2021 00:40:22.392,0.6937300000000001,0.69364,1,1.5
27.08.2021 00:40:22.594,0.69375,0.6936300000000001,1.87,1.5
27.08.2021 00:40:22.695,0.69374,0.69365,1,1.69
27.08.2021 00:40:31.469,0.6937300000000001,0.69365,1,1
27.08.2021 00:40:31.570,0.69374,0.6936300000000001,1,1.5
27.08.2021 00:40:35.240,0.69371,0.6936100000000001,1,1
27.08.2021 00:40:35.346,0.69372,0.6936,2.62,1
27.08.2021 00:41:00.200,0.6937,0.6936100000000001,1,1
27.08.2021 00:41:04.718,0.6937,0.6936,1,1
27.08.2021 00:41:04.819,0.6937,0.6936100000000001,1,1.5
27.08.2021 00:41:14.863,0.69369,0.6936100000000001,1,1
27.08.2021 00:41:23.809,0.6937,0.69359,1,1
27.08.2021 00:41:23.910,0.69369,0.6935800000000001,1,1.5
27.08.2021 00:41:41.178,0.6937,0.6935800000000001,1,1.5
27.08.2021 00:41:50.133,0.69369,0.6936,1,1.5
27.08.2021 00:42:03.622,0.6937,0.6935800000000001,1,1
27.08.2021 00:42:04.472,0.69369,0.69357,1,3.37
27.08.2021 00:42:08.400,0.69364,0.69354,1,1
27.08.2021 00:42:08.502,0.6935800000000001,0.6934800000000001,1.25,1
27.08.2021 00:42:08.604,0.69357,0.69347,1,1
27.08.2021 00:42:08.655,0.69354,0.6934300000000001,1.25,1.5
27.08.2021 00:42:08.756,0.69352,0.6934,1,2.25
27.08.2021 00:42:08.807,0.6935,0.6934,1,1
27.08.2021 00:42:08.858,0.6935600000000001,0.69345,3,1
27.08.2021 00:42:08.961,0.69357,0.69347,1,1
27.08.2021 00:42:09.062,0.69357,0.69347,1,1.5
27.08.2021 00:42:09.164,0.6935800000000001,0.6934800000000001,1.25,3
27.08.2021 00:42:09.266,0.69359,0.6934800000000001,1,1
27.08.2021 00:42:10.960,0.6935800000000001,0.6934800000000001,1,1
27.08.2021 00:42:11.062,0.69355,0.69345,1.25,2.25
27.08.2021 00:42:11.163,0.6935300000000001,0.6934300000000001,1,1
27.08.2021 00:42:11.322,0.69355,0.69345,1.5,1.87
27.08.2021 00:42:11.427,0.6935600000000001,0.69345,1.5,1
27.08.2021 00:42:16.343,0.6935800000000001,0.6934800000000001,1,1
27.08.2021 00:42:17.269,0.69359,0.6934800000000001,1,1
27.08.2021 00:42:19.408,0.69359,0.6934800000000001,2.5,1
27.08.2021 00:42:19.509,0.6935600000000001,0.69344,1,2.25
27.08.2021 00:42:19.561,0.69354,0.69344,1,1
27.08.2021 00:42:19.662,0.69354,0.69345,1,2.44
27.08.2021 00:42:19.764,0.6935600000000001,0.69344,1,2.44
27.08.2021 00:42:19.915,0.6935600000000001,0.69345,1,1
27.08.2021 00:42:23.848,0.6935600000000001,0.6934800000000001,1,1.5
27.08.2021 00:42:25.068,0.6935800000000001,0.69347,1,2.25
27.08.2021 00:42:35.511,0.69357,0.6934600000000001,1,1.5
27.08.2021 00:42:39.360,0.6935600000000001,0.6934600000000001,1,1
27.08.2021 00:42:40.832,0.69355,0.6934800000000001,1,1
27.08.2021 00:42:41.034,0.69355,0.69349,1,1
27.08.2021 00:42:41.138,0.69357,0.6934800000000001,1,1
27.08.2021 00:42:44.441,0.6935800000000001,0.6934800000000001,1,1
27.08.2021 00:43:06.292,0.69359,0.6934800000000001,1,1.5
27.08.2021 00:43:16.522,0.6936,0.6935,1,1.87
27.08.2021 00:43:16.633,0.69362,0.69352,1,1
27.08.2021 00:43:16.684,0.69365,0.69354,1,1.5
27.08.2021 00:43:16.785,0.6936300000000001,0.69354,1,1
27.08.2021 00:43:16.886,0.6936300000000001,0.69352,1,2.25
27.08.2021 00:43:44.454,0.6936100000000001,0.69352,1,1
27.08.2021 00:43:44.505,0.6936100000000001,0.6935,1,1.69
27.08.2021 00:43:45.499,0.6936,0.6935,1,1
27.08.2021 00:43:47.184,0.6936100000000001,0.69352,1,3
27.08.2021 00:43:47.235,0.69364,0.69354,1,1
27.08.2021 00:43:47.337,0.69365,0.69354,1,1
27.08.2021 00:43:47.438,0.69365,0.6935600000000001,1,1
27.08.2021 00:44:08.300,0.69366,0.6935600000000001,1,1
27.08.2021 00:44:09.680,0.69366,0.69355,1,1.87
27.08.2021 00:44:21.960,0.69366,0.6935600000000001,1,1
27.08.2021 00:44:24.595,0.69366,0.6935800000000001,1,1
27.08.2021 00:44:24.696,0.6936800000000001,0.69357,1,1.5
27.08.2021 00:44:28.967,0.69366,0.6935800000000001,1,1
27.08.2021 00:44:34.422,0.69372,0.6936300000000001,1.5,1.25
27.08.2021 00:44:34.523,0.69374,0.69364,1,1.25
27.08.2021 00:44:34.675,0.69376,0.69366,1,1.25
27.08.2021 00:44:34.776,0.69377,0.69367,1.5,1
27.08.2021 00:44:43.042,0.6937300000000001,0.6936300000000001,1.69,1.5
27.08.2021 00:44:43.143,0.69371,0.6936100000000001,1,1
27.08.2021 00:44:43.244,0.69372,0.6936300000000001,1,1
27.08.2021 00:44:43.295,0.69375,0.69365,1,1.25
27.08.2021 00:44:43.396,0.69376,0.69366,1,1.25
27.08.2021 00:44:54.360,0.69377,0.69366,1.5,1.25
27.08.2021 00:44:57.591,0.69375,0.69367,1,1
27.08.2021 00:44:58.004,0.69375,0.69365,1,1
27.08.2021 00:45:07.996,0.69376,0.69366,1,1.5
27.08.2021 00:45:08.047,0.69377,0.6936800000000001,1,1
27.08.2021 00:45:08.148,0.69377,0.69369,1,1.5
27.08.2021 00:45:48.030,0.69377,0.69367,1,1.5
27.08.2021 00:45:56.131,0.6937800000000001,0.6936800000000001,1,1
27.08.2021 00:46:04.227,0.69375,0.69365,1,1
27.08.2021 00:46:08.221,0.69376,0.69365,2.25,1
27.08.2021 00:46:09.359,0.69375,0.69365,1,1
27.08.2021 00:46:12.131,0.69374,0.69364,1,1
27.08.2021 00:46:37.290,0.6937300000000001,0.6936300000000001,1.5,1
27.08.2021 00:46:37.391,0.69372,0.69362,1,1
27.08.2021 00:46:41.662,0.69372,0.6936100000000001,1,1
27.08.2021 00:46:42.137,0.69371,0.6936100000000001,1,1
27.08.2021 00:46:48.352,0.6937,0.6936,1,1.25
27.08.2021 00:46:54.324,0.6937,0.6936100000000001,1,1
27.08.2021 00:47:24.330,0.6937,0.6936,1,1
27.08.2021 00:47:24.431,0.6937,0.69359,1.5,1
27.08.2021 00:47:24.532,0.69371,0.69362,1,1
27.08.2021 00:47:24.634,0.69372,0.69362,1.5,1
27.08.2021 00:47:24.786,0.69372,0.6936300000000001,1,1.5
27.08.2021 00:47:24.887,0.69375,0.69364,1,1
27.08.2021 00:47:29.208,0.69374,0.69364,1,1
27.08.2021 00:47:33.593,0.69375,0.69365,1,1
27.08.2021 00:47:45.240,0.69375,0.69366,2.25,1
27.08.2021 00:48:03.180,0.69375,0.69365,1,1
27.08.2021 00:48:04.771,0.69375,0.69364,2.25,1
27.08.2021 00:48:04.872,0.6937300000000001,0.6936300000000001,1.5,1
27.08.2021 00:48:04.973,0.69374,0.6936300000000001,2.25,1
27.08.2021 00:48:09.360,0.69374,0.69364,1,1
27.08.2021 00:48:10.001,0.69374,0.69365,2.25,1
27.08.2021 00:48:14.286,0.69374,0.6936300000000001,1,1
27.08.2021 00:48:17.165,0.69374,0.69364,1,1
27.08.2021 00:48:32.933,0.69374,0.69366,1,1
27.08.2021 00:48:33.034,0.69374,0.6936300000000001,2.25,1
27.08.2021 00:48:37.738,0.69372,0.69362,1,1
27.08.2021 00:48:42.360,0.69372,0.6936100000000001,1.5,1
27.08.2021 00:49:03.144,0.69372,0.69362,1,1
27.08.2021 00:49:03.855,0.6937300000000001,0.69362,2.25,1
27.08.2021 00:49:05.021,0.69372,0.6936100000000001,1,1
27.08.2021 00:49:26.161,0.6937300000000001,0.6936100000000001,2.25,1
27.08.2021 00:49:29.882,0.6937300000000001,0.69362,1,1
27.08.2021 00:49:31.030,0.69374,0.6936300000000001,2.62,1
27.08.2021 00:49:39.945,0.6937300000000001,0.6936300000000001,3,1
27.08.2021 00:49:43.525,0.6937300000000001,0.69362,1,1
27.08.2021 00:49:49.836,0.6937300000000001,0.6936100000000001,1.5,1
27.08.2021 00:49:59.408,0.69371,0.69362,1,1
27.08.2021 00:49:59.884,0.6937300000000001,0.69362,1,1
27.08.2021 00:50:00.095,0.69374,0.69365,1.5,1
27.08.2021 00:50:00.196,0.6937800000000001,0.69367,2.25,1
27.08.2021 00:50:00.297,0.69377,0.69366,1.5,1
27.08.2021 00:50:00.398,0.6938000000000001,0.69371,2.25,1
27.08.2021 00:50:00.500,0.6938300000000001,0.69374,1.5,1
27.08.2021 00:50:00.601,0.6938500000000001,0.69374,1,1
27.08.2021 00:50:03.111,0.6938300000000001,0.69374,1,1
27.08.2021 00:50:07.884,0.6938500000000001,0.69374,1.5,1
27.08.2021 00:50:08.036,0.69386,0.69376,1,1
27.08.2021 00:50:08.137,0.69389,0.69379,1.25,1
27.08.2021 00:50:08.478,0.6939000000000001,0.69379,1,1.12
27.08.2021 00:50:08.579,0.69394,0.6938500000000001,1.5,1
27.08.2021 00:50:08.731,0.69394,0.6938500000000001,1,1
27.08.2021 00:50:10.624,0.6939500000000001,0.69386,1,1
27.08.2021 00:50:36.834,0.69397,0.69386,2.25,1
27.08.2021 00:50:36.935,0.69397,0.6938500000000001,1.5,1
27.08.2021 00:50:42.336,0.69396,0.6938500000000001,1,1
27.08.2021 00:51:04.899,0.69397,0.6938500000000001,1.5,1.12
27.08.2021 00:51:05.000,0.69396,0.6938500000000001,1,1
27.08.2021 00:51:05.454,0.69396,0.69387,1.5,1
27.08.2021 00:51:05.991,0.6939500000000001,0.69386,1,1
27.08.2021 00:51:06.092,0.6939500000000001,0.6938500000000001,1,1.5
27.08.2021 00:51:06.193,0.69397,0.6938500000000001,1.5,1.12
27.08.2021 00:51:06.438,0.69397,0.69386,1.5,1
27.08.2021 00:51:11.846,0.69399,0.69387,2.25,1
27.08.2021 00:51:18.506,0.69399,0.69388,1.5,1
27.08.2021 00:51:47.397,0.6940000000000001,0.69389,1,1
27.08.2021 00:51:47.498,0.69401,0.6939000000000001,3.19,1
27.08.2021 00:51:54.957,0.6940000000000001,0.69391,2,1
27.08.2021 00:51:55.162,0.69401,0.6939000000000001,1.5,1
27.08.2021 00:52:00.059,0.69402,0.6939000000000001,1.5,1
27.08.2021 00:52:00.110,0.69403,0.69392,2.25,1
27.08.2021 00:52:00.262,0.69403,0.69394,1,1
27.08.2021 00:52:03.397,0.6940500000000001,0.69394,1,1
27.08.2021 00:52:09.103,0.69404,0.69393,1,1
27.08.2021 00:52:19.794,0.6940500000000001,0.69394,1,1
27.08.2021 00:52:20.375,0.6940600000000001,0.69396,1,1
27.08.2021 00:52:24.411,0.6940600000000001,0.69397,1,1
27.08.2021 00:52:34.684,0.6940500000000001,0.69394,3,1
27.08.2021 00:52:36.497,0.69403,0.69394,1,1
27.08.2021 00:52:37.243,0.69403,0.69393,1,1
27.08.2021 00:52:38.611,0.6940500000000001,0.69394,2.25,1
27.08.2021 00:52:43.149,0.6940500000000001,0.69396,2.25,1
27.08.2021 00:52:45.233,0.6940600000000001,0.69396,1.5,1
27.08.2021 00:52:46.320,0.69407,0.69396,2.25,1
27.08.2021 00:52:46.421,0.69407,0.69397,1.5,1
27.08.2021 00:52:46.852,0.69408,0.69397,2.81,1
27.08.2021 00:52:50.803,0.6941,0.69403,1,1
27.08.2021 00:52:50.854,0.6941200000000001,0.69403,1,1
27.08.2021 00:52:50.956,0.69414,0.69403,2.87,1
27.08.2021 00:52:51.058,0.6941600000000001,0.6940500000000001,5.25,1
27.08.2021 00:52:51.159,0.69415,0.6940500000000001,3.25,1
27.08.2021 00:52:51.260,0.69415,0.69404,4,1
27.08.2021 00:52:51.595,0.69414,0.69403,1.69,1
27.08.2021 00:52:51.696,0.69413,0.69403,1,1
27.08.2021 00:52:56.547,0.69413,0.69402,1.5,1
27.08.2021 00:52:56.648,0.69414,0.69403,1.25,1
27.08.2021 00:52:59.825,0.69414,0.6940600000000001,1.5,1
27.08.2021 00:52:59.927,0.69415,0.6940600000000001,1,1
27.08.2021 00:53:00.029,0.6941600000000001,0.6940600000000001,1,1
27.08.2021 00:53:00.080,0.69415,0.69404,1.5,1
27.08.2021 00:53:00.887,0.69414,0.6940600000000001,1,1
27.08.2021 00:53:03.190,0.69415,0.69404,1.5,1
27.08.2021 00:53:04.005,0.6941,0.69399,4.12,1.25
27.08.2021 00:53:06.168,0.69408,0.69399,1.5,1
27.08.2021 00:53:09.166,0.6941,0.6940000000000001,1,1
27.08.2021 00:53:12.388,0.6941100000000001,0.6940000000000001,1.5,1
27.08.2021 00:53:13.159,0.69409,0.6940000000000001,1,1
27.08.2021 00:53:13.210,0.6941100000000001,0.6940000000000001,1.5,1
27.08.2021 00:53:14.689,0.6941,0.69399,1.5,1
27.08.2021 00:53:14.790,0.6941100000000001,0.6940000000000001,1.87,1
27.08.2021 00:53:14.902,0.6941,0.6940000000000001,1,1
27.08.2021 00:53:17.085,0.6941200000000001,0.69401,1.5,1
27.08.2021 00:53:17.236,0.6941200000000001,0.69402,1,1
27.08.2021 00:53:20.141,0.69413,0.69403,1.5,1
27.08.2021 00:53:21.851,0.69413,0.69404,2.25,1
27.08.2021 00:53:22.278,0.69415,0.69404,2.81,1
27.08.2021 00:53:36.360,0.69415,0.6940500000000001,1.5,1
27.08.2021 00:53:38.137,0.69415,0.6940600000000001,1,1
27.08.2021 00:53:38.188,0.69418,0.69408,1,1
27.08.2021 00:53:38.289,0.6942,0.69409,1,1.5
27.08.2021 00:53:38.395,0.6942100000000001,0.6941200000000001,1.5,1
27.08.2021 00:53:39.940,0.69424,0.69413,2.25,1
27.08.2021 00:53:47.496,0.69423,0.69413,1,1
27.08.2021 00:53:48.334,0.69425,0.69414,1,1
27.08.2021 00:53:48.385,0.69425,0.6941700000000001,1.5,1
27.08.2021 00:53:48.689,0.6942600000000001,0.69415,1,1
27.08.2021 00:53:56.753,0.6942600000000001,0.6941700000000001,2.25,1
27.08.2021 00:54:08.508,0.6942600000000001,0.69415,1.5,1
27.08.2021 00:54:10.953,0.6943,0.69419,1.75,1
27.08.2021 00:54:11.055,0.6943,0.69419,1.5,1
27.08.2021 00:54:13.002,0.6943,0.6942,1,1
27.08.2021 00:54:14.777,0.6943100000000001,0.6942100000000001,1,1
27.08.2021 00:54:14.879,0.69432,0.69423,1,2.44
27.08.2021 00:54:14.981,0.69435,0.69425,1,1
27.08.2021 00:54:15.285,0.69433,0.6942200000000001,1,1.5
27.08.2021 00:54:15.387,0.6943100000000001,0.6942200000000001,1.5,1
27.08.2021 00:54:16.290,0.6943100000000001,0.6942200000000001,1.69,1.5
27.08.2021 00:54:16.493,0.6943100000000001,0.6942200000000001,1.69,1
27.08.2021 00:54:16.683,0.6943,0.6942100000000001,1,1
27.08.2021 00:54:18.224,0.6943,0.69419,1,1.5
27.08.2021 00:54:30.279,0.69427,0.6941600000000001,1,1.5
27.08.2021 00:54:30.381,0.69425,0.69414,1.5,1
27.08.2021 00:54:30.482,0.6942200000000001,0.6941100000000001,1.5,1
27.08.2021 00:54:30.584,0.6942100000000001,0.6941,1,1.5
27.08.2021 00:54:33.615,0.6941700000000001,0.69407,1,1
27.08.2021 00:54:33.716,0.6941600000000001,0.69407,1,1
27.08.2021 00:54:33.817,0.6941700000000001,0.69408,1.5,1
27.08.2021 00:54:34.455,0.69419,0.69408,1,1.5
27.08.2021 00:54:34.556,0.6942,0.69409,1,1.5
27.08.2021 00:54:35.674,0.69419,0.6941100000000001,1,1
27.08.2021 00:54:35.775,0.6942,0.69409,1,2.25
27.08.2021 00:54:35.877,0.69425,0.69413,1,1
27.08.2021 00:54:36.079,0.69423,0.6941200000000001,1.5,1
27.08.2021 00:54:36.180,0.6942200000000001,0.6941100000000001,1.5,1
27.08.2021 00:54:37.198,0.6942100000000001,0.6941,1,1
27.08.2021 00:54:37.656,0.6942200000000001,0.6941100000000001,1.5,1
27.08.2021 00:54:38.257,0.6942100000000001,0.6941100000000001,1,1
27.08.2021 00:54:42.143,0.6942100000000001,0.6941,1.5,1
27.08.2021 00:54:42.244,0.6942,0.69409,1,1
27.08.2021 00:54:43.952,0.6941700000000001,0.69408,1.5,1
27.08.2021 00:54:44.053,0.69418,0.6940600000000001,1.5,1
27.08.2021 00:54:44.729,0.6941700000000001,0.6940600000000001,1,1
27.08.2021 00:54:45.451,0.6941600000000001,0.6940500000000001,2.5,1.25
27.08.2021 00:54:45.502,0.69413,0.69404,1.5,1
27.08.2021 00:54:45.552,0.6941100000000001,0.69402,1.5,1.5
27.08.2021 00:54:46.393,0.6941100000000001,0.6940000000000001,1,1
27.08.2021 00:54:48.268,0.6941,0.6940000000000001,1.5,1
27.08.2021 00:54:48.369,0.69409,0.69398,1.5,1
27.08.2021 00:54:49.845,0.69408,0.69397,1,1
27.08.2021 00:54:50.069,0.6940600000000001,0.6939500000000001,1,1
27.08.2021 00:54:50.474,0.69407,0.69396,1.5,1
27.08.2021 00:54:50.870,0.69409,0.69397,1.5,1
27.08.2021 00:54:51.072,0.69409,0.69398,1,1
27.08.2021 00:54:51.609,0.69407,0.69398,1,1
27.08.2021 00:54:51.985,0.69408,0.69398,1,1
27.08.2021 00:54:53.042,0.69408,0.69397,1,1.5
27.08.2021 00:54:53.684,0.69407,0.69397,1.5,1
27.08.2021 00:54:53.835,0.69407,0.6939500000000001,1.5,1.5
27.08.2021 00:54:56.192,0.69403,0.69396,1,1
27.08.2021 00:54:56.294,0.69404,0.69393,1,2.25
27.08.2021 00:54:57.380,0.69401,0.6939000000000001,1,1.37
27.08.2021 00:54:57.481,0.6940000000000001,0.69391,1.5,1
27.08.2021 00:54:58.736,0.6940000000000001,0.69389,1,1.5
27.08.2021 00:55:00.118,0.69401,0.6939000000000001,1.5,1
27.08.2021 00:55:00.219,0.69396,0.69388,1,1
27.08.2021 00:55:00.343,0.69396,0.6938500000000001,1,2.25
27.08.2021 00:55:00.444,0.69394,0.6938500000000001,1,1.5
27.08.2021 00:55:00.953,0.6939500000000001,0.6938500000000001,1,1
27.08.2021 00:55:01.004,0.69394,0.6938300000000001,1,1.5
27.08.2021 00:55:01.407,0.69393,0.6938500000000001,1,1
27.08.2021 00:55:01.509,0.69396,0.6938500000000001,1,1.5
27.08.2021 00:55:01.610,0.6939500000000001,0.69387,1,1
27.08.2021 00:55:02.247,0.69399,0.69389,1,1
27.08.2021 00:55:02.400,0.69399,0.6939000000000001,1,1
27.08.2021 00:55:02.508,0.69399,0.69389,1,1.5
27.08.2021 00:55:02.610,0.6940000000000001,0.6939000000000001,1,1
27.08.2021 00:55:03.751,0.69402,0.6939000000000001,1,3.37
27.08.2021 00:55:03.853,0.69402,0.69391,1,1.69
27.08.2021 00:55:03.955,0.69403,0.69392,1,1
27.08.2021 00:55:04.548,0.69404,0.69393,1,1
27.08.2021 00:55:11.281,0.69402,0.69393,1,1.5
27.08.2021 00:55:13.541,0.69404,0.69392,1,1.5
27.08.2021 00:55:16.413,0.69403,0.69394,1.5,1
27.08.2021 00:55:16.565,0.69402,0.6939000000000001,1.5,1.5
27.08.2021 00:55:23.580,0.69401,0.6939000000000001,1,1.5
27.08.2021 00:55:25.786,0.69402,0.6939000000000001,1,1
27.08.2021 00:55:26.034,0.69401,0.6939000000000001,1,1
27.08.2021 00:55:26.607,0.69399,0.69391,1,1
27.08.2021 00:55:26.708,0.6940000000000001,0.69389,1,2.25
27.08.2021 00:55:33.131,0.69399,0.69389,1,3
27.08.2021 00:55:33.233,0.6940000000000001,0.69389,1,1
27.08.2021 00:55:39.934,0.6940000000000001,0.6939000000000001,1,1
27.08.2021 00:55:39.985,0.6940600000000001,0.6939500000000001,1.25,2.62
27.08.2021 00:55:40.087,0.6940600000000001,0.69396,1,1
27.08.2021 00:55:40.799,0.6940600000000001,0.6939500000000001,1.25,1
27.08.2021 00:55:43.641,0.6940500000000001,0.6939500000000001,1,1
27.08.2021 00:55:52.201,0.6940500000000001,0.69394,1,1.5
27.08.2021 00:56:00.252,0.69404,0.69393,1,2.25
27.08.2021 00:56:05.272,0.69404,0.6939500000000001,1,1
27.08.2021 00:56:05.323,0.6940600000000001,0.6939500000000001,1,3.37
27.08.2021 00:56:06.161,0.6940500000000001,0.69397,1,1
27.08.2021 00:56:06.212,0.69409,0.69401,1,2.25
27.08.2021 00:56:06.263,0.6941200000000001,0.69401,1,1.5
27.08.2021 00:56:06.364,0.69414,0.69403,1.25,1
27.08.2021 00:56:06.718,0.69415,0.69403,1,2.25
27.08.2021 00:56:06.853,0.69414,0.69403,1,2.25
27.08.2021 00:56:08.781,0.69413,0.69403,1,1
27.08.2021 00:56:08.882,0.69413,0.69402,1,2.25
27.08.2021 00:56:09.168,0.6941100000000001,0.6940000000000001,1,1
27.08.2021 00:56:09.269,0.6941,0.6940000000000001,1,1
27.08.2021 00:56:09.842,0.6941,0.69399,1,1
27.08.2021 00:56:11.962,0.6941100000000001,0.69399,1,1
27.08.2021 00:56:12.064,0.6941200000000001,0.69402,1,1
27.08.2021 00:56:12.166,0.69414,0.69403,1,1
27.08.2021 00:56:12.267,0.69415,0.69404,1.25,1
27.08.2021 00:56:14.021,0.6941700000000001,0.6940600000000001,1,1
27.08.2021 00:56:14.122,0.69418,0.69407,1,1.5
27.08.2021 00:56:16.428,0.6941700000000001,0.69407,1.25,1
27.08.2021 00:56:16.479,0.69415,0.69404,1,1.5
27.08.2021 00:56:19.442,0.69413,0.69404,1,2.25
27.08.2021 00:56:21.031,0.69415,0.69403,1,1.5
27.08.2021 00:56:22.742,0.69415,0.6940500000000001,1.25,1
27.08.2021 00:56:25.250,0.6941600000000001,0.6940500000000001,1.25,1
27.08.2021 00:56:25.301,0.69418,0.6940600000000001,1.25,1
27.08.2021 00:56:25.352,0.69419,0.69408,1.75,1
27.08.2021 00:56:25.453,0.69419,0.6941,1.75,1
27.08.2021 00:56:26.211,0.6942,0.6941,1.25,1
27.08.2021 00:56:29.624,0.6942,0.69409,1.75,1
27.08.2021 00:56:29.827,0.6942,0.69409,1.25,1
27.08.2021 00:56:29.928,0.6942100000000001,0.6941,1.75,1.5
27.08.2021 00:56:34.356,0.6942100000000001,0.6941,1.25,1.5
27.08.2021 00:56:36.498,0.6942200000000001,0.6941100000000001,3.25,1
27.08.2021 00:56:38.660,0.6942200000000001,0.6941100000000001,1.69,1
27.08.2021 00:56:39.474,0.6942200000000001,0.6941200000000001,1.69,1
27.08.2021 00:56:39.526,0.69425,0.69414,1,1
27.08.2021 00:56:39.627,0.6942600000000001,0.69415,1.69,1
27.08.2021 00:56:43.700,0.69427,0.6941600000000001,1.75,1
27.08.2021 00:56:52.574,0.69425,0.6941600000000001,1,1
27.08.2021 00:56:52.625,0.69423,0.6941200000000001,1.25,1
27.08.2021 00:56:54.421,0.6942200000000001,0.6941100000000001,1.75,1
27.08.2021 00:56:54.472,0.69419,0.6941,1.75,1
27.08.2021 00:56:54.523,0.6941700000000001,0.69409,1.25,1.69
27.08.2021 00:56:54.624,0.6941700000000001,0.69408,1,1.25
27.08.2021 00:56:54.826,0.6941700000000001,0.6940600000000001,1,1
27.08.2021 00:57:00.361,0.6941700000000001,0.69408,2.5,1
27.08.2021 00:57:01.578,0.6941700000000001,0.6940600000000001,1.25,1
27.08.2021 00:57:05.874,0.6941700000000001,0.6940600000000001,2.5,1
27.08.2021 00:57:06.086,0.69413,0.69402,1.25,2.25
27.08.2021 00:57:07.662,0.6941100000000001,0.69402,1,1.5
27.08.2021 00:57:20.824,0.6941100000000001,0.6940000000000001,1,1.5
27.08.2021 00:57:21.984,0.69409,0.69398,1,2.25
27.08.2021 00:57:23.866,0.6941,0.69399,1.25,1
27.08.2021 00:57:27.361,0.6941,0.69401,2.5,1
27.08.2021 00:57:34.088,0.69409,0.6940000000000001,1.25,1.5
27.08.2021 00:57:40.320,0.69408,0.69399,1,1
27.08.2021 00:57:40.472,0.69407,0.69398,1,2.25
27.08.2021 00:57:40.573,0.69407,0.69396,1,1
27.08.2021 00:57:45.408,0.6940600000000001,0.6939500000000001,1,1
27.08.2021 00:57:47.969,0.69408,0.69397,1,1.5
27.08.2021 00:57:48.176,0.6941,0.69399,1.25,1
27.08.2021 00:57:54.944,0.6941,0.6940000000000001,1,1
27.08.2021 00:57:55.204,0.6941,0.69399,1,1.5
27.08.2021 00:57:56.900,0.6941100000000001,0.69402,1,1.5
27.08.2021 00:57:57.002,0.69413,0.69404,1.25,3
27.08.2021 00:57:57.104,0.69414,0.69404,1,1
27.08.2021 00:58:00.102,0.6941700000000001,0.6940600000000001,1,1.5
27.08.2021 00:58:00.356,0.69418,0.69407,1,2.44
27.08.2021 00:58:00.610,0.69419,0.69408,1,1
27.08.2021 00:58:13.405,0.6942,0.69409,1,1
27.08.2021 00:58:19.409,0.69419,0.69409,1,1
27.08.2021 00:58:21.550,0.69418,0.69409,1,1
27.08.2021 00:58:22.100,0.6942,0.69409,1,1
27.08.2021 00:58:32.668,0.69418,0.69409,1,1
27.08.2021 00:58:33.613,0.6942,0.69409,1,1.5
27.08.2021 00:58:34.024,0.69419,0.69408,1,1.5
27.08.2021 00:58:37.370,0.6942100000000001,0.6941100000000001,1,2.25
27.08.2021 00:58:37.421,0.6942200000000001,0.69413,1,4.12
27.08.2021 00:58:37.522,0.69423,0.69413,1,1
27.08.2021 00:58:37.674,0.69423,0.69414,1,1
27.08.2021 00:58:42.717,0.69423,0.69413,1,1
27.08.2021 00:58:43.761,0.69423,0.69414,1,1
27.08.2021 00:58:45.391,0.6942200000000001,0.69414,1,1
27.08.2021 00:58:45.544,0.69424,0.69413,1,1.5
27.08.2021 00:59:09.435,0.69424,0.69415,1,1.12
27.08.2021 00:59:09.485,0.6942600000000001,0.69415,1,1.87
27.08.2021 00:59:18.528,0.6942600000000001,0.6941600000000001,1,1
27.08.2021 00:59:18.579,0.6943,0.6942,1.12,2.25
27.08.2021 00:59:18.680,0.6943100000000001,0.69419,1.81,1.5
27.08.2021 00:59:18.933,0.6943,0.6942,1.25,1.5
27.08.2021 00:59:19.206,0.6943,0.69419,1,1
27.08.2021 00:59:32.450,0.69429,0.69419,1,1
27.08.2021 00:59:38.666,0.69427,0.69415,1.25,2.37
27.08.2021 00:59:38.768,0.69425,0.69413,1,1.12
27.08.2021 00:59:38.869,0.69423,0.6941100000000001,1,3.12
27.08.2021 00:59:38.972,0.6942200000000001,0.6941,1.75,1.5
27.08.2021 00:59:39.073,0.6942200000000001,0.69409,1.75,1.5
27.08.2021 00:59:39.226,0.6942100000000001,0.6941,1.25,1
27.08.2021 00:59:42.361,0.6942100000000001,0.69409,1,1.5
27.08.2021 00:59:44.051,0.6942200000000001,0.6941,1.25,1.5
27.08.2021 00:59:47.386,0.6942100000000001,0.6941,1,1
27.08.2021 00:59:48.812,0.69419,0.6941100000000001,1,1
27.08.2021 00:59:50.249,0.6942100000000001,0.6941,1,1
27.08.2021 00:59:50.400,0.6942100000000001,0.69409,1,1.5
27.08.2021 01:00:00.364,0.6942100000000001,0.6941,1,2.25
27.08.2021 01:00:00.465,0.69424,0.6941200000000001,1,2.25
27.08.2021 01:00:00.566,0.69424,0.69413,1,1
27.08.2021 01:00:01.539,0.69424,0.6941200000000001,1,3
27.08.2021 01:00:02.592,0.69425,0.69413,1,1
27.08.2021 01:00:02.852,0.69424,0.6941600000000001,1,1
27.08.2021 01:00:02.953,0.6942600000000001,0.69415,1,2.25
27.08.2021 01:00:05.102,0.69425,0.69414,1,1
27.08.2021 01:00:05.203,0.69425,0.69413,1,1.87
27.08.2021 01:00:10.228,0.69424,0.69413,1,1.5
27.08.2021 01:00:10.329,0.69425,0.69413,1,1.5
27.08.2021 01:00:13.359,0.6942600000000001,0.69413,1.25,2.25
27.08.2021 01:00:13.461,0.6942600000000001,0.69414,1.25,1
27.08.2021 01:00:15.161,0.69427,0.69415,1,1.5
27.08.2021 01:00:15.263,0.69428,0.69418,1.25,1.5
27.08.2021 01:00:15.364,0.69429,0.69418,1.25,1
27.08.2021 01:00:16.083,0.69429,0.6941700000000001,1,1.5
27.08.2021 01:00:18.323,0.6943,0.69418,1.25,1
27.08.2021 01:00:20.888,0.6943100000000001,0.69418,1.25,1
27.08.2021 01:00:22.131,0.6943100000000001,0.69419,1.25,1
27.08.2021 01:00:24.252,0.6943,0.69419,1,1
27.08.2021 01:00:29.760,0.69429,0.69419,1,1.5
27.08.2021 01:00:31.750,0.69429,0.6941700000000001,1,1.5
27.08.2021 01:00:31.851,0.6942600000000001,0.6941700000000001,1,1
27.08.2021 01:00:32.002,0.69425,0.69415,1,1.5
27.08.2021 01:00:32.146,0.6942600000000001,0.69415,1,1
27.08.2021 01:00:32.400,0.6942600000000001,0.69414,1,1.5
27.08.2021 01:00:32.810,0.69424,0.69414,1,1
27.08.2021 01:00:34.981,0.6942100000000001,0.6941200000000001,1,1
27.08.2021 01:00:35.083,0.6942200000000001,0.6941,1.5,1
27.08.2021 01:00:35.184,0.6942,0.69409,1,1
27.08.2021 01:00:35.420,0.69419,0.69408,1,1
27.08.2021 01:00:35.905,0.69419,0.69407,1,2.62
27.08.2021 01:00:37.125,0.6941600000000001,0.6940600000000001,1.25,1.5
27.08.2021 01:00:37.226,0.6941600000000001,0.69404,1,1
27.08.2021 01:00:39.071,0.6941600000000001,0.6940500000000001,1,1
27.08.2021 01:00:39.223,0.69415,0.69407,1,1
27.08.2021 01:00:39.324,0.6941600000000001,0.6940500000000001,1,1
27.08.2021 01:00:39.426,0.6941600000000001,0.6940600000000001,1,1
27.08.2021 01:00:39.628,0.6941600000000001,0.6940500000000001,1,1
27.08.2021 01:00:39.781,0.6941700000000001,0.6940500000000001,1.25,1.5
27.08.2021 01:00:39.882,0.6941700000000001,0.6940600000000001,1.25,1
27.08.2021 01:00:40.024,0.6941700000000001,0.6940500000000001,1.25,1.5
27.08.2021 01:00:40.177,0.6941700000000001,0.6940600000000001,1.25,1
27.08.2021 01:00:40.347,0.6941700000000001,0.6940500000000001,1.25,1.5
27.08.2021 01:00:40.454,0.6941700000000001,0.6940600000000001,1.25,1
27.08.2021 01:00:40.555,0.6941700000000001,0.6940500000000001,1.25,1.5
27.08.2021 01:00:40.656,0.6941700000000001,0.6940600000000001,1.25,1
27.08.2021 01:00:40.757,0.6941700000000001,0.6940500000000001,1.25,1.5
27.08.2021 01:00:40.858,0.6941700000000001,0.6940600000000001,1.25,1
27.08.2021 01:00:41.090,0.6941700000000001,0.6940500000000001,1.25,1.5
27.08.2021 01:00:41.191,0.6941700000000001,0.6940600000000001,1.25,1
27.08.2021 01:00:41.292,0.6941600000000001,0.6940600000000001,1.25,1.5
27.08.2021 01:00:41.443,0.6941600000000001,0.69407,1.25,1
27.08.2021 01:00:43.766,0.6942100000000001,0.6941,2,1.87
27.08.2021 01:00:43.868,0.69423,0.69415,1,1.12
27.08.2021 01:00:43.919,0.69425,0.6941600000000001,1,1
27.08.2021 01:00:45.074,0.69427,0.69415,1.69,1
27.08.2021 01:00:52.591,0.69428,0.6941600000000001,1.75,1
27.08.2021 01:00:59.238,0.69428,0.6941600000000001,2.25,1
27.08.2021 01:00:59.428,0.69428,0.6941600000000001,1.75,1
27.08.2021 01:01:01.679,0.69428,0.6941600000000001,1.25,1
27.08.2021 01:01:03.200,0.69429,0.6941700000000001,2.06,1
27.08.2021 01:01:05.060,0.69428,0.6941600000000001,1,1.5
27.08.2021 01:01:05.974,0.69428,0.6941700000000001,1,1
27.08.2021 01:01:06.284,0.69428,0.6942,1,1
27.08.2021 01:01:06.335,0.69433,0.6942200000000001,1,1
27.08.2021 01:01:06.436,0.69433,0.69423,1,1
27.08.2021 01:01:06.538,0.69433,0.69424,1.5,1
27.08.2021 01:01:07.761,0.69435,0.69425,1,1
27.08.2021 01:01:07.811,0.69437,0.6942600000000001,1,1
27.08.2021 01:01:07.913,0.69439,0.69427,2,1.5
27.08.2021 01:01:08.014,0.69439,0.69427,1.5,1.5
27.08.2021 01:01:08.064,0.69438,0.6943,1.5,1
27.08.2021 01:01:09.280,0.6944,0.69429,1.5,1
27.08.2021 01:01:09.381,0.69439,0.69429,1,1
27.08.2021 01:01:09.482,0.6944,0.69429,1,1
27.08.2021 01:01:13.040,0.6944100000000001,0.69429,2.62,1.5
27.08.2021 01:01:13.808,0.69442,0.69432,1,1.5
27.08.2021 01:01:13.909,0.69445,0.6943600000000001,1,1
27.08.2021 01:01:14.010,0.69447,0.69437,1,1
27.08.2021 01:01:14.247,0.6944800000000001,0.69437,1.5,1
27.08.2021 01:01:15.254,0.69445,0.69435,2.62,1
27.08.2021 01:01:15.355,0.69444,0.69435,1,1
27.08.2021 01:01:15.457,0.6944600000000001,0.69435,3.25,1
27.08.2021 01:01:15.710,0.69445,0.69434,1.25,1
27.08.2021 01:01:15.897,0.69444,0.69434,1,1
27.08.2021 01:01:18.131,0.6944300000000001,0.69433,1,1
27.08.2021 01:01:18.283,0.6944300000000001,0.69434,1,1
27.08.2021 01:01:18.385,0.69445,0.69434,1,1
27.08.2021 01:01:20.123,0.6944300000000001,0.69432,1,1
27.08.2021 01:01:21.598,0.69442,0.69432,1,1.54
27.08.2021 01:01:21.723,0.69442,0.6943,1,4.18
27.08.2021 01:01:22.195,0.69444,0.69434,1.5,1
27.08.2021 01:01:23.554,0.69445,0.69434,1,1
27.08.2021 01:01:23.655,0.69445,0.69433,1,2.25
27.08.2021 01:01:29.173,0.6944600000000001,0.6943600000000001,1,3.37
27.08.2021 01:01:29.274,0.69447,0.69437,1.5,1.5
27.08.2021 01:01:33.963,0.69447,0.6943600000000001,1,2.5
27.08.2021 01:01:38.122,0.6945100000000001,0.6944,1.5,1
27.08.2021 01:01:38.224,0.6944600000000001,0.69437,1,1.5
27.08.2021 01:01:38.376,0.69447,0.69435,1,2.44
27.08.2021 01:01:40.421,0.6944600000000001,0.69435,1,2.44
27.08.2021 01:01:40.961,0.69445,0.69433,1,4
27.08.2021 01:01:41.062,0.69445,0.69433,1,2.25
27.08.2021 01:01:47.767,0.69445,0.69434,1,1
27.08.2021 01:01:55.000,0.6944600000000001,0.69434,1,1
27.08.2021 01:01:55.253,0.69447,0.69437,1,1
27.08.2021 01:01:55.354,0.69447,0.6943600000000001,1,1
27.08.2021 01:02:00.360,0.6944800000000001,0.6943600000000001,1,1.5
27.08.2021 01:02:00.519,0.6944300000000001,0.69432,1,1.05
27.08.2021 01:02:00.621,0.69444,0.69433,1,1
27.08.2021 01:02:06.361,0.69445,0.69433,1,2.25
27.08.2021 01:02:08.656,0.69445,0.69434,1,1
27.08.2021 01:02:10.797,0.69445,0.69433,1,2.25
27.08.2021 01:02:10.898,0.6944600000000001,0.69434,1,2.25
27.08.2021 01:02:18.133,0.69445,0.69434,1,1
27.08.2021 01:02:18.514,0.69444,0.69432,1,1.54
27.08.2021 01:02:18.665,0.6944300000000001,0.6943100000000001,1,2.68
27.08.2021 01:02:18.992,0.6944100000000001,0.69432,1,1.55
27.08.2021 01:02:19.143,0.69442,0.6943,1,1.55
27.08.2021 01:02:19.244,0.6944300000000001,0.6943100000000001,1,1.54
27.08.2021 01:02:19.834,0.69442,0.6943,1,2.3
27.08.2021 01:02:26.611,0.6944300000000001,0.6943100000000001,1,2.29
27.08.2021 01:02:26.713,0.69444,0.69432,1,1.5
27.08.2021 01:02:33.241,0.6944100000000001,0.6943100000000001,1,1.55
27.08.2021 01:02:33.772,0.6944100000000001,0.6943100000000001,1,1.55
27.08.2021 01:02:33.924,0.69439,0.6942600000000001,1,3.55
27.08.2021 01:02:34.026,0.69438,0.6942600000000001,1.5,1.05
27.08.2021 01:02:34.178,0.69438,0.6942600000000001,1.5,1.05
27.08.2021 01:02:34.835,0.69438,0.6942600000000001,1.5,1.05
27.08.2021 01:02:47.661,0.69437,0.69425,1,1.18
27.08.2021 01:02:47.763,0.69435,0.69423,1,1.55
27.08.2021 01:02:47.864,0.69432,0.6942,1,1.93
27.08.2021 01:02:49.001,0.69428,0.6941600000000001,1,1.55
27.08.2021 01:02:49.052,0.69427,0.69414,1.5,1.3
27.08.2021 01:02:49.153,0.69425,0.69415,1,1.3
27.08.2021 01:02:54.940,0.6943100000000001,0.6942100000000001,1,2.62
27.08.2021 01:02:54.991,0.69434,0.6942200000000001,1,1
27.08.2021 01:02:55.447,0.69434,0.69424,1,1
27.08.2021 01:02:55.548,0.69435,0.69424,1,1
27.08.2021 01:02:56.093,0.69439,0.69428,1,1
27.08.2021 01:02:58.476,0.69438,0.69428,1,1
27.08.2021 01:02:58.789,0.69438,0.69427,1,1
27.08.2021 01:03:00.217,0.6943600000000001,0.69425,1,1.25
27.08.2021 01:03:00.319,0.69435,0.69424,1,1
27.08.2021 01:03:00.420,0.69435,0.69423,1,1.5
27.08.2021 01:03:00.738,0.69433,0.69423,1,1
27.08.2021 01:03:01.524,0.69433,0.6942200000000001,1,1.12
27.08.2021 01:03:05.322,0.69433,0.69423,1,2.25
27.08.2021 01:03:05.524,0.69434,0.6942200000000001,1.5,2.25
27.08.2021 01:03:05.724,0.69433,0.69423,1,2.25
27.08.2021 01:03:14.440,0.69434,0.69424,1,1
27.08.2021 01:03:16.250,0.69433,0.6942200000000001,1,1.5
27.08.2021 01:03:24.947,0.69433,0.69423,1,1
27.08.2021 01:03:28.261,0.69434,0.69424,1,1.5
27.08.2021 01:03:29.288,0.69434,0.69423,1,1
27.08.2021 01:03:29.403,0.69435,0.69423,1,1
27.08.2021 01:03:31.918,0.69434,0.69423,1,1
27.08.2021 01:03:41.757,0.69435,0.69423,1,1
27.08.2021 01:03:49.359,0.69434,0.6942200000000001,1,1.5
27.08.2021 01:03:49.917,0.69433,0.6942200000000001,1,1.5
27.08.2021 01:03:50.120,0.6943100000000001,0.6942100000000001,1,1
27.08.2021 01:03:50.222,0.6943100000000001,0.69419,1,1
27.08.2021 01:03:51.306,0.6943,0.69419,1,1
27.08.2021 01:04:01.477,0.6943100000000001,0.69419,1,1
27.08.2021 01:04:09.070,0.69432,0.6942,1,1
27.08.2021 01:04:09.622,0.69432,0.69419,1,2.25
27.08.2021 01:04:11.834,0.6943100000000001,0.69419,1,2.25
27.08.2021 01:04:14.335,0.69428,0.6941600000000001,1,1.5
27.08.2021 01:04:14.759,0.69428,0.69415,1.5,2.25
27.08.2021 01:04:14.860,0.69427,0.69415,1,1.5
27.08.2021 01:04:22.418,0.69425,0.69415,1.25,1.5
27.08.2021 01:04:22.469,0.69424,0.6941100000000001,1.25,2.62
27.08.2021 01:04:22.520,0.6942200000000001,0.6941100000000001,1,1.5
27.08.2021 01:04:24.033,0.6942,0.69408,1,2.25
27.08.2021 01:04:30.341,0.69419,0.69408,1,1
27.08.2021 01:04:32.066,0.69419,0.69407,1,1.5
27.08.2021 01:04:33.334,0.69418,0.6940600000000001,1.25,1.5
27.08.2021 01:04:33.385,0.69415,0.69404,1,1
27.08.2021 01:04:34.021,0.69414,0.69404,1,1.87
27.08.2021 01:04:39.049,0.69418,0.69407,1,1
27.08.2021 01:04:39.151,0.69418,0.69408,1,1
27.08.2021 01:04:39.782,0.69418,0.69407,1,2.25
27.08.2021 01:04:40.792,0.6942,0.69407,1,3
27.08.2021 01:04:42.683,0.6942,0.69408,1,1
27.08.2021 01:04:50.607,0.69419,0.69407,1,2.25
27.08.2021 01:04:58.046,0.69418,0.69407,1,1.5
27.08.2021 01:04:59.504,0.6941600000000001,0.69407,1,1.5
27.08.2021 01:05:00.422,0.6941700000000001,0.69408,1,1
27.08.2021 01:05:00.727,0.69418,0.6940600000000001,1,2.25
27.08.2021 01:05:04.460,0.69418,0.69407,1,1
27.08.2021 01:05:08.570,0.6941600000000001,0.69408,1,1
27.08.2021 01:05:08.673,0.6941700000000001,0.6940600000000001,1,1
27.08.2021 01:05:08.926,0.69419,0.6940600000000001,1,1.5
27.08.2021 01:05:15.212,0.69419,0.69407,1,1
27.08.2021 01:05:19.529,0.69419,0.6941,1,1
27.08.2021 01:05:19.631,0.6942,0.69408,1,3.37
27.08.2021 01:05:19.732,0.6942,0.69409,1,1
27.08.2021 01:05:20.171,0.6942100000000001,0.6941,1,2.25
27.08.2021 01:05:20.272,0.6942100000000001,0.69409,1,1
27.08.2021 01:05:20.375,0.6942,0.69409,1,1
27.08.2021 01:05:21.150,0.6942,0.69408,1,1.87
27.08.2021 01:05:47.341,0.6942,0.6941,1,1
27.08.2021 01:05:47.442,0.6942100000000001,0.6941,1,1.5
27.08.2021 01:05:47.543,0.6942100000000001,0.69409,1,3
27.08.2021 01:05:47.805,0.6942100000000001,0.6941,1,1
27.08.2021 01:05:50.777,0.6942200000000001,0.6941,1,3.37
27.08.2021 01:05:54.409,0.6942100000000001,0.6941,1,1.87
27.08.2021 01:06:02.993,0.6942,0.69414,1,2.81
27.08.2021 01:06:03.095,0.69425,0.6941700000000001,1,1.5
27.08.2021 01:06:03.246,0.69427,0.69418,1,1.5
27.08.2021 01:06:03.557,0.69429,0.6941700000000001,1,2.44
27.08.2021 01:06:08.348,0.6942600000000001,0.6941600000000001,1,1
27.08.2021 01:06:08.399,0.69424,0.69415,1,1.5
27.08.2021 01:06:09.397,0.69425,0.69413,1,3.37
27.08.2021 01:06:11.906,0.6942200000000001,0.69413,1,1
27.08.2021 01:06:11.957,0.6942200000000001,0.6941,1,1.5
27.08.2021 01:06:22.633,0.69423,0.6941200000000001,1,1
27.08.2021 01:06:22.734,0.69424,0.69413,1,1
27.08.2021 01:06:23.231,0.69427,0.6941600000000001,1,1.87
27.08.2021 01:06:23.282,0.69429,0.6941700000000001,1,1
27.08.2021 01:06:55.759,0.6942600000000001,0.6941600000000001,1,1
27.08.2021 01:06:55.810,0.69425,0.69414,1,1
27.08.2021 01:06:57.047,0.69424,0.69414,1,1
27.08.2021 01:06:59.407,0.69424,0.6941200000000001,1,3.5
27.08.2021 01:07:00.461,0.69424,0.6941200000000001,1,3.37
27.08.2021 01:07:04.003,0.69425,0.6941200000000001,1,2.06
27.08.2021 01:07:06.769,0.69427,0.69415,1,2.25
27.08.2021 01:07:07.607,0.69428,0.6941600000000001,1,1
27.08.2021 01:07:12.359,0.69429,0.6941600000000001,1,2.62
27.08.2021 01:07:18.269,0.69427,0.6941700000000001,1,2.62
27.08.2021 01:07:20.291,0.69427,0.6941600000000001,1,2.81
27.08.2021 01:07:20.964,0.69429,0.6941600000000001,1,2.81
27.08.2021 01:07:31.479,0.69427,0.6941600000000001,1,2.81
27.08.2021 01:07:32.470,0.69429,0.6941600000000001,1,2.81
27.08.2021 01:07:34.460,0.69423,0.69414,1,1.25
27.08.2021 01:07:34.562,0.6941600000000001,0.69407,1.25,1
27.08.2021 01:07:34.663,0.6941600000000001,0.6940500000000001,1,1.5
27.08.2021 01:07:34.764,0.69414,0.69408,1,1
27.08.2021 01:07:35.571,0.69415,0.69403,1,2.25
27.08.2021 01:07:36.307,0.69414,0.69403,1,1
27.08.2021 01:07:36.758,0.6941200000000001,0.69404,1,1
27.08.2021 01:07:36.860,0.69413,0.69402,1,1.12
27.08.2021 01:07:42.561,0.69414,0.69402,1,2.06
27.08.2021 01:07:43.088,0.69414,0.69403,1,1
27.08.2021 01:07:48.341,0.69415,0.69403,1,1.5
27.08.2021 01:07:49.443,0.6941600000000001,0.69404,1,1
27.08.2021 01:07:59.205,0.6941600000000001,0.6940600000000001,1,3.37
27.08.2021 01:07:59.307,0.6941700000000001,0.69407,1,1
27.08.2021 01:08:24.115,0.6941700000000001,0.6940600000000001,1,1
27.08.2021 01:08:31.597,0.69418,0.6940600000000001,1,1
27.08.2021 01:08:34.818,0.6941200000000001,0.69404,1,1
27.08.2021 01:08:34.869,0.6941200000000001,0.6940000000000001,1.5,1
27.08.2021 01:08:34.970,0.6941,0.69398,1,1.69
27.08.2021 01:08:43.540,0.69409,0.69398,1,1
27.08.2021 01:08:48.562,0.69409,0.69396,1,2.62
27.08.2021 01:08:59.280,0.6940600000000001,0.69396,1,1.87
27.08.2021 01:09:01.303,0.6940600000000001,0.69398,1.5,1
27.08.2021 01:09:01.353,0.6941,0.69398,1.5,2.25
27.08.2021 01:09:01.454,0.6941100000000001,0.69398,1.69,2.25
27.08.2021 01:09:01.657,0.6941200000000001,0.6940000000000001,1.5,1.87
27.08.2021 01:09:01.758,0.69413,0.6940000000000001,1.5,3.75
27.08.2021 01:09:03.365,0.69413,0.69402,1,1
27.08.2021 01:09:03.466,0.69414,0.69403,1.69,2.25
27.08.2021 01:09:04.044,0.6941200000000001,0.69403,1,3
27.08.2021 01:09:04.935,0.69413,0.69403,1,3
27.08.2021 01:09:05.036,0.69413,0.69404,1,1
27.08.2021 01:09:05.137,0.6941200000000001,0.69407,1,1
27.08.2021 01:09:05.238,0.69413,0.6940500000000001,1,3.37
27.08.2021 01:09:05.484,0.6941700000000001,0.69407,1,1
27.08.2021 01:09:05.738,0.69419,0.6940600000000001,1,1
27.08.2021 01:09:13.146,0.6941700000000001,0.69407,1,1
27.08.2021 01:09:14.186,0.69419,0.69407,1,1
27.08.2021 01:09:17.947,0.69418,0.6940600000000001,1,2.44
27.08.2021 01:09:26.069,0.69419,0.69407,1,1
27.08.2021 01:09:49.207,0.69418,0.69407,1,1
27.08.2021 01:09:53.183,0.69419,0.69407,1,1.5
27.08.2021 01:10:00.097,0.69418,0.6940600000000001,1,1.5
27.08.2021 01:10:07.113,0.69419,0.6940600000000001,1,1.5
27.08.2021 01:10:07.365,0.69419,0.69407,1,1
27.08.2021 01:10:18.089,0.6942,0.69408,1,1
27.08.2021 01:10:18.971,0.69419,0.69407,1,1.5
27.08.2021 01:10:23.692,0.69418,0.69407,1,1
27.08.2021 01:10:27.329,0.6942100000000001,0.6941100000000001,1,1
27.08.2021 01:10:29.476,0.6942200000000001,0.6941100000000001,1,1.5
27.08.2021 01:10:33.004,0.6942100000000001,0.6941100000000001,1,1.5
27.08.2021 01:10:44.081,0.6942200000000001,0.6941100000000001,1,1.5
27.08.2021 01:11:23.782,0.6942,0.6941200000000001,1,1.5
27.08.2021 01:11:26.841,0.6942100000000001,0.6941200000000001,1,1.5
27.08.2021 01:11:27.291,0.6942,0.6941200000000001,1,1.5
27.08.2021 01:11:29.153,0.6942200000000001,0.6941100000000001,1,1.5
27.08.2021 01:11:45.183,0.6942100000000001,0.6941,1,1.5
27.08.2021 01:11:45.284,0.69415,0.6940500000000001,1,1
27.08.2021 01:11:45.386,0.69414,0.69403,1,1
27.08.2021 01:11:45.487,0.69414,0.69402,1,1.69
27.08.2021 01:11:50.459,0.6941600000000001,0.69407,1,1.5
27.08.2021 01:11:53.153,0.69418,0.6940600000000001,1,2.62
27.08.2021 01:11:57.759,0.6941700000000001,0.6940600000000001,1,1.5
27.08.2021 01:11:57.861,0.6941600000000001,0.69404,1,2.62
27.08.2021 01:12:06.504,0.69413,0.69404,1,1.87
27.08.2021 01:12:06.606,0.69413,0.69403,1,1.87
27.08.2021 01:12:24.260,0.6941200000000001,0.69403,1,1.5
27.08.2021 01:12:25.708,0.6941200000000001,0.69402,1,1.5
27.08.2021 01:13:01.675,0.69415,0.69403,1,5
27.08.2021 01:13:01.776,0.69415,0.69403,1,3
27.08.2021 01:13:02.243,0.6941600000000001,0.6940500000000001,1,1.5
27.08.2021 01:13:02.344,0.69415,0.69404,1,2.62
27.08.2021 01:13:04.498,0.69414,0.69404,1,1.12
27.08.2021 01:13:07.836,0.6941600000000001,0.6940500000000001,1,1.87
27.08.2021 01:13:08.524,0.6941600000000001,0.69404,1,2.06
27.08.2021 01:13:08.638,0.69415,0.69404,1,1.31
27.08.2021 01:13:12.099,0.6941600000000001,0.69404,1,2.06
27.08.2021 01:13:18.530,0.69415,0.69404,1,1.12
27.08.2021 01:13:26.047,0.69415,0.6940500000000001,1,1
27.08.2021 01:13:26.148,0.6941700000000001,0.6940600000000001,1,1
27.08.2021 01:13:34.554,0.6941700000000001,0.6940500000000001,1,1.69
27.08.2021 01:13:34.845,0.6941700000000001,0.6940600000000001,1,1
27.08.2021 01:13:38.252,0.69418,0.69407,1,1.12
27.08.2021 01:13:38.404,0.6941600000000001,0.69407,1,4.25
27.08.2021 01:13:42.410,0.69418,0.6940600000000001,1,1.75
27.08.2021 01:13:44.984,0.69418,0.6940600000000001,1,1.31
27.08.2021 01:13:48.316,0.69418,0.69407,1,1
27.08.2021 01:14:04.996,0.69418,0.69408,1.5,1.5
27.08.2021 01:14:06.207,0.69423,0.6941100000000001,1,2.25
27.08.2021 01:14:06.308,0.69423,0.6941200000000001,1,1
27.08.2021 01:14:07.014,0.69425,0.6941600000000001,1,2.62
27.08.2021 01:14:07.115,0.69427,0.69415,1,2.25
27.08.2021 01:14:15.187,0.6942600000000001,0.69415,1,1
27.08.2021 01:14:15.289,0.69424,0.6941600000000001,1,1
27.08.2021 01:14:16.840,0.6942600000000001,0.69415,1,1.25
27.08.2021 01:14:16.941,0.6942600000000001,0.6941600000000001,1,4.12
27.08.2021 01:14:17.089,0.69427,0.69415,1,3.31
27.08.2021 01:14:27.463,0.69427,0.69415,1,3.19
27.08.2021 01:14:29.614,0.69425,0.69413,1,1.5
27.08.2021 01:14:29.715,0.6942100000000001,0.6941100000000001,1,1
27.08.2021 01:14:30.222,0.6942,0.69409,1,2
27.08.2021 01:14:32.432,0.6941700000000001,0.69408,1,1
27.08.2021 01:14:32.483,0.6941600000000001,0.6940600000000001,1,1
27.08.2021 01:14:32.533,0.69414,0.6940600000000001,1,1
27.08.2021 01:14:32.635,0.69414,0.69404,1,1
27.08.2021 01:14:34.534,0.69413,0.69404,1,1.12
27.08.2021 01:14:40.537,0.69413,0.69402,1,1.5
27.08.2021 01:14:41.983,0.69413,0.69402,1,1.12
27.08.2021 01:14:49.881,0.69414,0.6940500000000001,1,1.5
27.08.2021 01:14:49.983,0.69414,0.69403,1,3.5
27.08.2021 01:14:53.180,0.69413,0.69402,1,1.87
27.08.2021 01:14:53.231,0.6941100000000001,0.6940000000000001,1,1
27.08.2021 01:14:53.332,0.69409,0.69398,1,2.62
27.08.2021 01:14:53.433,0.69407,0.69397,1,2.75
27.08.2021 01:14:55.936,0.69407,0.69397,1,2
27.08.2021 01:15:03.578,0.6940600000000001,0.6939500000000001,1,2.25
27.08.2021 01:15:03.679,0.69404,0.69392,1,2.37
27.08.2021 01:15:03.780,0.69403,0.69391,1,1.5
27.08.2021 01:15:03.881,0.69402,0.6939000000000001,1.5,1.87
27.08.2021 01:15:03.982,0.6940000000000001,0.69388,1,1
27.08.2021 01:15:06.329,0.69402,0.69393,1,1
27.08.2021 01:15:06.430,0.69408,0.69396,1,1.5
27.08.2021 01:15:06.531,0.69407,0.69398,1,1
27.08.2021 01:15:07.080,0.6941100000000001,0.69401,1,1
27.08.2021 01:15:07.131,0.69413,0.69401,1.5,1
27.08.2021 01:15:08.129,0.6941200000000001,0.69401,1,1.12
27.08.2021 01:15:09.224,0.6941200000000001,0.69402,1,1.12
27.08.2021 01:15:11.879,0.69414,0.69402,1,1
27.08.2021 01:15:13.351,0.69413,0.69402,1,1
27.08.2021 01:15:14.671,0.69414,0.69402,1,1
27.08.2021 01:15:17.444,0.69415,0.6940600000000001,1,1.5
27.08.2021 01:15:17.494,0.69418,0.6940600000000001,1,1.87
27.08.2021 01:15:17.595,0.69419,0.69407,1,1
27.08.2021 01:15:17.697,0.6942200000000001,0.6941100000000001,1,1
27.08.2021 01:15:17.798,0.69424,0.6941200000000001,1,1
27.08.2021 01:15:29.297,0.69425,0.69413,1,1
27.08.2021 01:15:42.312,0.69428,0.6941600000000001,1,1
27.08.2021 01:15:43.743,0.69429,0.69419,1,1
27.08.2021 01:15:43.901,0.69429,0.6941700000000001,1,1.87
27.08.2021 01:15:45.530,0.6943100000000001,0.6942100000000001,1,3.37
27.08.2021 01:15:45.632,0.69433,0.6942100000000001,1,1.87
