Gmt time,Ask,Bid,AskVolume,BidVolume
09.08.2021 00:00:00.539,0.6992,0.69907,2,1
09.08.2021 00:00:00.641,0.6992200000000001,0.69912,1.87,1.25
09.08.2021 00:00:00.792,0.6992100000000001,0.69914,1.12,1
09.08.2021 00:00:00.944,0.6992200000000001,0.69912,1.12,1.25
09.08.2021 00:00:01.045,0.6992200000000001,0.69914,1.12,1.25
09.08.2021 00:00:01.247,0.6992700000000001,0.69914,1.25,1.25
09.08.2021 00:00:03.465,0.69928,0.69914,1.12,1.69
09.08.2021 00:00:05.036,0.69928,0.69915,1.12,1
09.08.2021 00:00:05.916,0.6992700000000001,0.69915,1.87,2.44
09.08.2021 00:00:06.017,0.69928,0.69915,1.87,1
09.08.2021 00:00:06.322,0.69928,0.69914,1.87,2.44
09.08.2021 00:00:06.751,0.6992600000000001,0.69915,1,2.44
09.08.2021 00:00:07.235,0.69928,0.69914,1.87,2.44
09.08.2021 00:00:10.065,0.6992600000000001,0.69915,1,2.44
09.08.2021 00:00:10.166,0.6992600000000001,0.69912,1,2.44
09.08.2021 00:00:10.465,0.6992600000000001,0.69913,1,1.25
09.08.2021 00:00:15.194,0.6992700000000001,0.69913,1.12,2.5
09.08.2021 00:00:17.181,0.6992700000000001,0.69915,1.5,1.25
09.08.2021 00:00:17.383,0.69928,0.69918,1,1.75
09.08.2021 00:00:17.538,0.69929,0.6991700000000001,1,2.5
09.08.2021 00:00:17.639,0.69933,0.69923,2.75,1.69
09.08.2021 00:00:17.740,0.69938,0.69924,3.37,1.25
09.08.2021 00:00:17.791,0.69938,0.69925,3,1
09.08.2021 00:00:21.128,0.6993600000000001,0.69923,1,2.06
09.08.2021 00:00:21.280,0.6993600000000001,0.69924,1,1
09.08.2021 00:00:21.559,0.69937,0.69924,1.5,1
09.08.2021 00:00:25.646,0.6993600000000001,0.69924,1,1
09.08.2021 00:00:25.747,0.6993,0.69918,1.12,1.62
09.08.2021 00:00:25.855,0.6993,0.6991700000000001,1.12,1.75
09.08.2021 00:00:28.615,0.69929,0.6991600000000001,1,3.25
09.08.2021 00:00:30.112,0.69928,0.6991600000000001,1,3.25
09.08.2021 00:00:30.364,0.69929,0.6991600000000001,1,3.25
09.08.2021 00:00:32.934,0.69929,0.69918,1,1.25
09.08.2021 00:00:32.985,0.69929,0.6992,1,1.75
09.08.2021 00:00:33.036,0.6993100000000001,0.6992200000000001,1,1.25
09.08.2021 00:00:33.087,0.69933,0.6992200000000001,1.12,1.25
09.08.2021 00:00:34.130,0.69934,0.6992200000000001,1,1.25
09.08.2021 00:00:42.554,0.69933,0.6992100000000001,1,1.75
09.08.2021 00:00:43.853,0.69933,0.6992200000000001,1,3.25
09.08.2021 00:00:45.123,0.6993,0.6992200000000001,1.69,2.5
09.08.2021 00:00:45.174,0.69928,0.69918,1,2.25
09.08.2021 00:00:45.225,0.69929,0.6991600000000001,1.5,2.5
09.08.2021 00:00:45.377,0.69928,0.69915,1.5,2.12
09.08.2021 00:00:45.428,0.69929,0.6991700000000001,1.5,1.25
09.08.2021 00:00:49.693,0.69928,0.6991700000000001,1,1.25
09.08.2021 00:00:50.805,0.6992,0.69913,1.5,1
09.08.2021 00:00:50.856,0.69923,0.69914,1,1.75
09.08.2021 00:00:50.907,0.69918,0.69906,1,4.12
09.08.2021 00:00:51.008,0.6991600000000001,0.69904,1,1.69
09.08.2021 00:00:51.110,0.69915,0.69904,1,1.25
09.08.2021 00:00:51.221,0.69914,0.69904,1,1.25
09.08.2021 00:00:51.667,0.69914,0.69904,1,1.25
09.08.2021 00:00:51.972,0.6991600000000001,0.69904,1,1.25
09.08.2021 00:00:52.664,0.69914,0.6990500000000001,1,1.25
09.08.2021 00:00:54.715,0.69915,0.6990500000000001,1,1.75
09.08.2021 00:00:54.895,0.6991600000000001,0.69904,1,1.25
09.08.2021 00:01:00.083,0.6991600000000001,0.69906,1,1.25
09.08.2021 00:01:00.134,0.6991700000000001,0.69907,1,1.75
09.08.2021 00:01:00.236,0.69918,0.69906,1,1.25
09.08.2021 00:01:00.337,0.69918,0.6990500000000001,2.25,1
09.08.2021 00:01:00.438,0.6991700000000001,0.6990500000000001,1,1
09.08.2021 00:01:00.691,0.6991600000000001,0.6990500000000001,1.5,1.69
09.08.2021 00:01:01.842,0.6991600000000001,0.69904,1,1.25
09.08.2021 00:01:01.943,0.69915,0.69902,1,1.75
09.08.2021 00:01:02.044,0.69914,0.69902,1,1.25
09.08.2021 00:01:10.776,0.69913,0.69902,1,1.25
09.08.2021 00:01:11.006,0.69913,0.69901,1,1.75
09.08.2021 00:01:11.463,0.69912,0.69899,1,4
09.08.2021 00:01:18.942,0.69908,0.69898,1.5,1.25
09.08.2021 00:01:19.144,0.69909,0.69896,1.5,1.25
09.08.2021 00:01:21.971,0.69906,0.69894,1.69,1.12
09.08.2021 00:01:22.072,0.69903,0.6989500000000001,1,1.31
09.08.2021 00:01:22.173,0.69904,0.69892,1,2.5
09.08.2021 00:01:26.177,0.6990500000000001,0.69893,1,1.25
09.08.2021 00:01:26.379,0.69903,0.69893,1,3.25
09.08.2021 00:01:34.157,0.6991,0.69898,2,1.75
09.08.2021 00:01:34.208,0.6991,0.69899,1,1.75
09.08.2021 00:01:34.259,0.69915,0.69903,1,1.25
09.08.2021 00:01:34.360,0.6991600000000001,0.69903,1.12,1.5
09.08.2021 00:01:34.461,0.69915,0.69903,1,2.5
09.08.2021 00:01:34.875,0.69914,0.69904,1,1.69
09.08.2021 00:01:35.026,0.6991600000000001,0.69903,1,1.69
09.08.2021 00:01:35.150,0.69914,0.69904,1,1.69
09.08.2021 00:01:47.555,0.69915,0.69902,1,2.44
09.08.2021 00:01:57.480,0.69915,0.69903,1,1.25
09.08.2021 00:01:58.369,0.6991600000000001,0.69904,1.5,1
09.08.2021 00:01:58.532,0.6991600000000001,0.69903,1.5,1.25
09.08.2021 00:02:00.203,0.69915,0.69902,1,1.75
09.08.2021 00:02:01.243,0.69915,0.69902,1,1.25
09.08.2021 00:02:02.293,0.69914,0.69901,1,3.25
09.08.2021 00:02:06.080,0.69915,0.69902,1,3.25
09.08.2021 00:02:11.875,0.69915,0.69902,1,1.69
09.08.2021 00:02:12.358,0.69915,0.69902,1,3.25
09.08.2021 00:02:26.405,0.69914,0.69902,1,2.5
09.08.2021 00:02:36.918,0.6991,0.69899,1.5,1
09.08.2021 00:02:37.019,0.69907,0.69896,1,1.25
09.08.2021 00:02:42.121,0.69907,0.6989500000000001,1,1.25
09.08.2021 00:02:47.389,0.69899,0.6989000000000001,1,1
09.08.2021 00:02:47.490,0.69897,0.6988500000000001,1,1.75
09.08.2021 00:02:47.541,0.69897,0.6988500000000001,1,1.25
09.08.2021 00:02:47.726,0.69897,0.69884,1,1.69
09.08.2021 00:02:48.962,0.6989000000000001,0.6987800000000001,1.87,1.7
09.08.2021 00:02:49.013,0.69886,0.69874,1,1.28
09.08.2021 00:02:49.115,0.6988500000000001,0.69872,1,4.06
09.08.2021 00:02:49.216,0.6988500000000001,0.69872,1,2.44
09.08.2021 00:02:49.949,0.69884,0.69871,1,1.25
09.08.2021 00:02:50.377,0.69877,0.69867,1,1.25
09.08.2021 00:02:50.478,0.69875,0.69865,1.5,1.12
09.08.2021 00:02:50.579,0.69876,0.6986300000000001,1.5,1.5
09.08.2021 00:02:50.842,0.69875,0.69862,1,2.44
09.08.2021 00:02:50.948,0.6987300000000001,0.69862,1,1.25
09.08.2021 00:02:51.049,0.69874,0.69862,1,1.25
09.08.2021 00:02:51.334,0.69872,0.6986,1,4
09.08.2021 00:02:51.486,0.69871,0.6986,1,1.75
09.08.2021 00:02:51.738,0.69872,0.6986,1,3.25
09.08.2021 00:02:51.839,0.6987300000000001,0.6986,1,4
09.08.2021 00:02:54.933,0.6987300000000001,0.69864,1,1.25
09.08.2021 00:02:55.035,0.69877,0.69869,1,1.25
09.08.2021 00:02:55.136,0.6988000000000001,0.6987,1,1.75
09.08.2021 00:02:55.237,0.69882,0.6987,1,1.25
09.08.2021 00:02:55.339,0.69876,0.6986600000000001,1,1.75
09.08.2021 00:02:55.441,0.69876,0.69865,1,1.37
09.08.2021 00:02:58.368,0.69879,0.6986800000000001,1,1.69
09.08.2021 00:02:58.419,0.6988000000000001,0.69869,1,1.25
09.08.2021 00:02:58.968,0.6988000000000001,0.6987,1,1.75
09.08.2021 00:02:59.019,0.69882,0.69871,1,1.75
09.08.2021 00:02:59.070,0.69884,0.6987300000000001,1,1.25
09.08.2021 00:02:59.171,0.6988500000000001,0.69874,1,1.25
09.08.2021 00:03:03.182,0.6988500000000001,0.69875,1,1.75
09.08.2021 00:03:03.283,0.69886,0.69875,1,1.75
09.08.2021 00:03:05.857,0.6988500000000001,0.69876,1,1.25
09.08.2021 00:03:06.916,0.69886,0.69874,1,1.31
09.08.2021 00:03:07.017,0.69884,0.69872,1,1.81
09.08.2021 00:03:07.068,0.6988300000000001,0.69872,1,1.69
09.08.2021 00:03:08.213,0.69884,0.69872,1,1
09.08.2021 00:03:13.778,0.6988500000000001,0.69872,1,1
09.08.2021 00:03:15.978,0.6988300000000001,0.69872,1,1.69
09.08.2021 00:03:16.451,0.6987800000000001,0.6986800000000001,1.5,1.75
09.08.2021 00:03:16.501,0.6987800000000001,0.69865,1,3
09.08.2021 00:03:16.603,0.69877,0.69865,1,1.75
09.08.2021 00:03:16.754,0.69876,0.6986600000000001,1,1.25
09.08.2021 00:03:19.021,0.69876,0.69864,1,2.5
09.08.2021 00:03:19.122,0.69875,0.69865,1,1.25
09.08.2021 00:03:20.149,0.69875,0.69864,1,1.25
09.08.2021 00:03:20.251,0.69876,0.6986300000000001,1,1.69
09.08.2021 00:03:20.634,0.69874,0.6986300000000001,1,1.25
09.08.2021 00:03:20.735,0.69871,0.69859,1,3.62
09.08.2021 00:03:23.275,0.69871,0.6986100000000001,1,1
09.08.2021 00:03:23.326,0.69875,0.69864,1,1
09.08.2021 00:03:23.427,0.69877,0.69865,1.5,1.25
09.08.2021 00:03:23.528,0.69877,0.69865,1,1.25
09.08.2021 00:03:23.635,0.69877,0.69867,1,1.25
09.08.2021 00:03:23.738,0.69877,0.6986800000000001,1,1.69
09.08.2021 00:03:23.839,0.69877,0.69869,1,1.25
09.08.2021 00:03:23.940,0.69877,0.6986800000000001,1,1.25
09.08.2021 00:03:24.131,0.69877,0.69869,1,1.25
09.08.2021 00:03:24.283,0.69879,0.6986800000000001,1,1.69
09.08.2021 00:03:24.384,0.6988000000000001,0.69869,1,1.75
09.08.2021 00:03:24.485,0.69881,0.69869,1,2.5
09.08.2021 00:03:24.788,0.69882,0.6987,1,1.25
09.08.2021 00:03:24.940,0.69884,0.69872,1,2.44
09.08.2021 00:03:25.041,0.69884,0.69872,1,3.25
09.08.2021 00:03:25.968,0.6988500000000001,0.69872,1,3.25
09.08.2021 00:03:27.804,0.6988500000000001,0.69874,1,1.25
09.08.2021 00:03:28.716,0.69887,0.69876,1,1.25
09.08.2021 00:03:28.818,0.69889,0.6988000000000001,1.12,1.25
09.08.2021 00:03:28.920,0.69891,0.69879,1,2.5
09.08.2021 00:03:29.022,0.69891,0.69881,1,1.25
09.08.2021 00:03:29.174,0.69893,0.6988300000000001,1,1.25
09.08.2021 00:03:29.326,0.69893,0.6988300000000001,1,1.75
09.08.2021 00:03:29.570,0.69894,0.69882,1,1.25
09.08.2021 00:03:31.955,0.69893,0.6988000000000001,1,2.5
09.08.2021 00:03:32.394,0.6988800000000001,0.69879,1.5,1.12
09.08.2021 00:03:32.495,0.6988500000000001,0.69876,1,1.25
09.08.2021 00:03:33.233,0.69886,0.69874,1,1.25
09.08.2021 00:03:34.526,0.69884,0.69874,1,1
09.08.2021 00:03:34.791,0.6987800000000001,0.69869,1,1.75
09.08.2021 00:03:34.842,0.69877,0.6986600000000001,1,3.44
09.08.2021 00:03:34.893,0.69876,0.69867,1,1.25
09.08.2021 00:03:41.417,0.6988000000000001,0.69869,1.12,1.25
09.08.2021 00:03:41.569,0.69881,0.6987,1.25,1.25
09.08.2021 00:03:41.670,0.69882,0.6987,1,1.25
09.08.2021 00:03:42.227,0.69882,0.6987,1,1.75
09.08.2021 00:03:44.005,0.6988500000000001,0.69872,1,1.69
09.08.2021 00:03:44.308,0.6988500000000001,0.6987300000000001,1,1.25
09.08.2021 00:03:45.267,0.6988500000000001,0.6987300000000001,1,1.75
09.08.2021 00:03:45.733,0.6988500000000001,0.6987300000000001,1,1.25
09.08.2021 00:03:46.038,0.6988500000000001,0.69874,1,1.25
09.08.2021 00:03:46.981,0.69889,0.6987800000000001,1,1.25
09.08.2021 00:03:47.083,0.69891,0.6988000000000001,1.5,2.5
09.08.2021 00:03:47.134,0.69893,0.6988300000000001,1.5,1.5
09.08.2021 00:03:47.236,0.6989500000000001,0.6988300000000001,1,1.5
09.08.2021 00:03:49.667,0.6989500000000001,0.6988500000000001,1,1.25
09.08.2021 00:03:49.769,0.69897,0.6988500000000001,1,1.25
09.08.2021 00:03:52.842,0.6988800000000001,0.6987800000000001,1,1.31
09.08.2021 00:03:52.943,0.69886,0.69877,1,1.75
09.08.2021 00:03:53.045,0.69887,0.69876,1,1.25
09.08.2021 00:03:53.975,0.69884,0.69877,1,1.25
09.08.2021 00:03:54.177,0.69887,0.69876,1,1.25
09.08.2021 00:03:55.663,0.69886,0.69876,1,1.25
09.08.2021 00:03:56.381,0.69886,0.69875,1,1.75
09.08.2021 00:03:56.879,0.69886,0.69874,1,1.37
09.08.2021 00:03:58.018,0.69886,0.69874,1,1.25
09.08.2021 00:03:59.685,0.69886,0.69874,1,2.5
09.08.2021 00:03:59.787,0.69886,0.69874,1,1.25
09.08.2021 00:03:59.946,0.69886,0.69874,1,1.75
09.08.2021 00:04:00.558,0.6988500000000001,0.69875,1,1.69
09.08.2021 00:04:01.498,0.69886,0.69874,1,1.75
09.08.2021 00:04:05.602,0.69886,0.69874,1,1.25
09.08.2021 00:04:05.882,0.69886,0.69874,1,1.75
09.08.2021 00:04:06.860,0.69886,0.69874,1,1.25
09.08.2021 00:04:08.574,0.69886,0.69874,1,2.5
09.08.2021 00:04:09.245,0.6988500000000001,0.69872,1,1.25
09.08.2021 00:04:09.348,0.69884,0.69872,1,1.25
09.08.2021 00:04:09.869,0.6988300000000001,0.69871,1,2.5
09.08.2021 00:04:12.553,0.69881,0.69871,1,1.25
09.08.2021 00:04:12.604,0.6988300000000001,0.69871,1,1.25
09.08.2021 00:04:12.705,0.69881,0.69871,1,1.25
09.08.2021 00:04:12.806,0.69881,0.69869,1,1.25
09.08.2021 00:04:13.699,0.6988500000000001,0.69872,2,1.5
09.08.2021 00:04:13.801,0.6988500000000001,0.6987300000000001,1.5,1
09.08.2021 00:04:14.901,0.6988500000000001,0.69872,1,2.81
09.08.2021 00:04:15.572,0.6988500000000001,0.6987300000000001,1,1.25
09.08.2021 00:04:16.542,0.6988500000000001,0.69874,1,1.25
09.08.2021 00:04:20.185,0.6988500000000001,0.69875,1,1.25
09.08.2021 00:04:20.236,0.69886,0.69877,1,1.25
09.08.2021 00:04:20.337,0.6988500000000001,0.6987300000000001,1,2.12
09.08.2021 00:04:20.438,0.6988500000000001,0.6987300000000001,1,1.25
09.08.2021 00:04:20.539,0.69884,0.69872,1,2.87
09.08.2021 00:04:22.953,0.69884,0.6987300000000001,1,1.25
09.08.2021 00:04:23.105,0.69884,0.69874,1,1.25
09.08.2021 00:04:24.204,0.6988500000000001,0.69874,1,1.25
09.08.2021 00:04:27.843,0.69884,0.69874,1,1.25
09.08.2021 00:04:27.894,0.69884,0.6987300000000001,1,1.69
09.08.2021 00:04:27.995,0.69884,0.69871,1,3.25
09.08.2021 00:04:30.235,0.6988300000000001,0.69872,1,1.25
09.08.2021 00:04:34.574,0.69882,0.6987300000000001,1,1.75
09.08.2021 00:04:34.675,0.6988300000000001,0.6987300000000001,1,2.5
09.08.2021 00:04:43.477,0.69884,0.6987300000000001,1,1.75
09.08.2021 00:04:45.585,0.6988300000000001,0.69871,1,4
09.08.2021 00:04:45.686,0.69882,0.6987,1,1.37
09.08.2021 00:04:47.258,0.69882,0.69869,1,2.5
09.08.2021 00:04:48.467,0.6988300000000001,0.69871,1,3.25
09.08.2021 00:04:48.518,0.6988500000000001,0.69872,1,1.69
09.08.2021 00:04:48.721,0.6988500000000001,0.69872,1,2.5
09.08.2021 00:04:57.732,0.6988500000000001,0.6987300000000001,1,1.25
09.08.2021 00:04:58.418,0.69884,0.69874,1,1.25
09.08.2021 00:04:58.963,0.69886,0.69875,1,1.25
09.08.2021 00:04:59.582,0.6988300000000001,0.69875,1,1.25
09.08.2021 00:05:00.146,0.6988300000000001,0.69874,1,1.75
09.08.2021 00:05:04.137,0.69882,0.69874,1,1.75
09.08.2021 00:05:04.188,0.69881,0.6987,1,1.75
09.08.2021 00:05:04.289,0.69879,0.6987,1,1.25
09.08.2021 00:05:04.905,0.69879,0.69869,1,1.37
09.08.2021 00:05:06.167,0.6987800000000001,0.69864,1,2.44
09.08.2021 00:05:06.318,0.6987300000000001,0.69864,1,1.25
09.08.2021 00:05:08.454,0.69871,0.6986100000000001,1,1.75
09.08.2021 00:05:08.555,0.6987,0.6986,1,2.12
09.08.2021 00:05:09.445,0.69869,0.6986,1,1.37
09.08.2021 00:05:10.225,0.69869,0.69859,1,2.5
09.08.2021 00:05:11.454,0.69872,0.6986300000000001,1,1.5
09.08.2021 00:05:11.556,0.69874,0.69864,1,1.25
09.08.2021 00:05:11.657,0.69874,0.69865,1,1.25
09.08.2021 00:05:11.758,0.69876,0.6986800000000001,1,1.25
09.08.2021 00:05:11.809,0.69879,0.6986800000000001,1,2.5
09.08.2021 00:05:12.011,0.69879,0.6987,1,1.25
09.08.2021 00:05:12.112,0.69879,0.69869,1,1.75
09.08.2021 00:05:16.225,0.69881,0.69871,1,1.25
09.08.2021 00:05:16.326,0.69882,0.69871,1,1.25
09.08.2021 00:05:19.191,0.69881,0.6987,1,1.69
09.08.2021 00:05:19.547,0.69881,0.69869,1,2.81
09.08.2021 00:05:19.750,0.6988000000000001,0.69869,1,1.69
09.08.2021 00:05:22.110,0.6988000000000001,0.6987,1,1.25
09.08.2021 00:05:22.165,0.69882,0.6987,1,1.25
09.08.2021 00:05:28.150,0.69882,0.69869,1,2.44
09.08.2021 00:05:29.787,0.69881,0.69869,1,1.25
09.08.2021 00:05:30.296,0.69876,0.69865,1,2.56
09.08.2021 00:05:30.499,0.69876,0.69864,1,1.75
09.08.2021 00:05:36.225,0.69875,0.69864,1,1.75
09.08.2021 00:05:38.019,0.69877,0.69869,1,1.25
09.08.2021 00:05:38.121,0.69879,0.69869,1,1.25
09.08.2021 00:05:38.222,0.6988000000000001,0.69869,1,1.25
09.08.2021 00:05:44.809,0.69881,0.69869,1,1.25
09.08.2021 00:05:45.079,0.6988000000000001,0.6986800000000001,1,1.75
09.08.2021 00:05:46.779,0.6988000000000001,0.69869,1,1.75
09.08.2021 00:05:46.880,0.69881,0.69869,1,3.25
09.08.2021 00:05:46.981,0.69881,0.6987,1,3.25
09.08.2021 00:05:47.217,0.69882,0.6987,1,1.75
09.08.2021 00:05:51.390,0.69884,0.69872,1,1.69
09.08.2021 00:05:51.593,0.6988300000000001,0.6987,1.5,1
09.08.2021 00:05:51.694,0.69882,0.69869,1,1.75
09.08.2021 00:05:56.030,0.69882,0.69871,1,1.25
09.08.2021 00:05:56.081,0.69882,0.6987,1,1.25
09.08.2021 00:06:00.195,0.69882,0.69869,1,1.69
09.08.2021 00:06:02.031,0.69877,0.69867,1,1.12
09.08.2021 00:06:02.132,0.69877,0.69865,1,1.31
09.08.2021 00:06:06.196,0.69876,0.69865,1,1
09.08.2021 00:06:29.390,0.6987800000000001,0.6986600000000001,1,1.25
09.08.2021 00:06:29.441,0.69879,0.69869,1,1.25
09.08.2021 00:06:29.543,0.69882,0.6987,1.12,1
09.08.2021 00:06:30.356,0.69882,0.69869,1,1.69
09.08.2021 00:06:31.740,0.69881,0.69869,1,1.25
09.08.2021 00:06:36.194,0.6988000000000001,0.69869,1,1.25
09.08.2021 00:06:38.104,0.6987800000000001,0.69867,1,1
09.08.2021 00:06:38.206,0.69876,0.69867,1,1
09.08.2021 00:06:38.358,0.69876,0.69865,1,1.25
09.08.2021 00:06:41.313,0.69875,0.69865,1,1.25
09.08.2021 00:06:46.264,0.69876,0.69865,1,1.25
09.08.2021 00:06:46.365,0.69876,0.69864,1,1.25
09.08.2021 00:06:59.153,0.69876,0.69864,1,1.25
09.08.2021 00:06:59.854,0.69879,0.6987,1.5,1
09.08.2021 00:06:59.905,0.69882,0.69872,1,1.25
09.08.2021 00:06:59.956,0.6988300000000001,0.69874,1,1.69
09.08.2021 00:07:00.057,0.69884,0.69875,1,1.69
09.08.2021 00:07:00.158,0.6988500000000001,0.69875,1,1.69
09.08.2021 00:07:00.208,0.69886,0.69875,1,1.75
09.08.2021 00:07:00.734,0.69886,0.69874,1,1.75
09.08.2021 00:07:05.629,0.6988500000000001,0.69875,1,1.25
09.08.2021 00:07:08.784,0.6988500000000001,0.6987300000000001,1,2.06
09.08.2021 00:07:08.885,0.69882,0.6987,1,2.06
09.08.2021 00:07:09.969,0.69877,0.69865,1,2.25
09.08.2021 00:07:10.342,0.69877,0.69865,1,1.37
09.08.2021 00:07:11.000,0.69877,0.69864,1,3.25
09.08.2021 00:07:15.473,0.69877,0.6986600000000001,1,2.5
09.08.2021 00:07:15.574,0.69882,0.69871,1.5,1.25
09.08.2021 00:07:15.625,0.69882,0.6987,1,1.69
09.08.2021 00:07:16.028,0.69881,0.6987,1,1.25
09.08.2021 00:07:17.741,0.69877,0.69865,1,1.75
09.08.2021 00:07:18.923,0.69876,0.69865,1,1.25
09.08.2021 00:07:26.404,0.69877,0.69865,1,1.25
09.08.2021 00:07:26.506,0.6987800000000001,0.6986600000000001,1,1.75
09.08.2021 00:07:26.658,0.6987800000000001,0.69865,1,1.75
09.08.2021 00:07:26.760,0.69877,0.69865,1,1.25
09.08.2021 00:07:27.014,0.69877,0.69864,1,3.25
09.08.2021 00:07:32.225,0.69877,0.69864,1.5,1.69
09.08.2021 00:07:35.475,0.69875,0.69865,1.5,1.25
09.08.2021 00:07:56.979,0.6987,0.6986300000000001,2.25,1
09.08.2021 00:07:57.029,0.6986800000000001,0.6986,1.5,1
09.08.2021 00:07:57.080,0.6986600000000001,0.6985600000000001,1,1
09.08.2021 00:07:57.131,0.69865,0.6985300000000001,1,3.37
09.08.2021 00:07:57.182,0.69864,0.6985300000000001,1,1.31
09.08.2021 00:07:57.333,0.69862,0.6985,1,3.75
09.08.2021 00:07:57.497,0.69862,0.6985,1,3.25
09.08.2021 00:07:57.649,0.69862,0.6985,1,2.44
09.08.2021 00:07:58.183,0.69862,0.6984899999999999,1,2.06
09.08.2021 00:07:58.284,0.69859,0.6984800000000001,1,1.37
09.08.2021 00:08:00.028,0.6985300000000001,0.69847,1,1.25
09.08.2021 00:08:00.078,0.69854,0.69844,1,1.25
09.08.2021 00:08:00.341,0.69854,0.69844,1,1.75
09.08.2021 00:08:05.858,0.69857,0.69845,1,1.25
09.08.2021 00:08:05.909,0.6986,0.69847,1.12,1.69
09.08.2021 00:08:05.960,0.6986300000000001,0.69852,1.5,1.25
09.08.2021 00:08:06.061,0.69865,0.69852,1.75,2.5
09.08.2021 00:08:06.112,0.69865,0.69852,1,2.5
09.08.2021 00:08:12.057,0.69865,0.69852,1,1.69
09.08.2021 00:08:12.159,0.6986,0.6985,1,2.25
09.08.2021 00:08:12.411,0.6986100000000001,0.6984800000000001,1,3.75
09.08.2021 00:08:12.844,0.6986100000000001,0.6984899999999999,1,1.25
09.08.2021 00:08:17.381,0.6986300000000001,0.6985100000000001,1,1.25
09.08.2021 00:08:17.483,0.69865,0.69852,1,1.69
09.08.2021 00:08:20.030,0.69865,0.69852,1,2.5
09.08.2021 00:08:20.481,0.69864,0.69854,1,1.25
09.08.2021 00:08:24.575,0.6986600000000001,0.6985300000000001,1,1.75
09.08.2021 00:08:25.500,0.69862,0.6985,1,1.5
09.08.2021 00:08:25.601,0.69859,0.69847,1.5,1.12
09.08.2021 00:08:25.702,0.6985800000000001,0.6984800000000001,1,1.75
09.08.2021 00:08:25.803,0.6986100000000001,0.6984800000000001,1.12,1.25
09.08.2021 00:08:25.904,0.6986100000000001,0.6985,1.5,1
09.08.2021 00:08:26.107,0.6986,0.6985,1,1
09.08.2021 00:08:27.242,0.69862,0.6985,1.5,1
09.08.2021 00:08:27.343,0.6986300000000001,0.6985,1.5,1
09.08.2021 00:08:30.875,0.6986,0.6985,1,1
09.08.2021 00:08:30.926,0.6985800000000001,0.69845,1.5,1.5
09.08.2021 00:08:31.027,0.6985600000000001,0.6984600000000001,1,1
09.08.2021 00:08:35.865,0.6985800000000001,0.6984600000000001,2.25,1.25
09.08.2021 00:08:35.916,0.6986100000000001,0.6985100000000001,1.12,1
09.08.2021 00:08:36.018,0.6986600000000001,0.6985300000000001,2.62,1.25
09.08.2021 00:08:36.119,0.6986600000000001,0.69854,1,1
09.08.2021 00:08:41.924,0.6986,0.6984899999999999,1.5,3.25
09.08.2021 00:08:42.025,0.6985800000000001,0.6984600000000001,1,1.5
09.08.2021 00:08:42.126,0.6985800000000001,0.6984600000000001,1,1
09.08.2021 00:08:44.076,0.69859,0.6984800000000001,1,1
09.08.2021 00:08:44.177,0.6986100000000001,0.6984899999999999,1,1
09.08.2021 00:08:44.228,0.69865,0.6985300000000001,2,1
09.08.2021 00:08:44.329,0.69865,0.6985300000000001,1.5,1.5
09.08.2021 00:08:46.714,0.69865,0.6985300000000001,1,3.25
09.08.2021 00:08:50.567,0.69867,0.69854,1,1.25
09.08.2021 00:08:52.504,0.6986600000000001,0.69854,1,1
09.08.2021 00:08:52.881,0.6986600000000001,0.6985300000000001,1.5,1
09.08.2021 00:08:53.141,0.6986600000000001,0.69854,1.5,1
09.08.2021 00:08:54.140,0.6986,0.6984899999999999,1,1.5
09.08.2021 00:08:54.490,0.6986100000000001,0.6984800000000001,1,1.75
09.08.2021 00:08:54.592,0.69859,0.6984899999999999,1,1.75
09.08.2021 00:08:55.345,0.69857,0.6984600000000001,1,1.69
09.08.2021 00:08:56.533,0.6985800000000001,0.6984600000000001,1,1
09.08.2021 00:08:56.837,0.69859,0.69847,1.5,1
09.08.2021 00:08:57.682,0.6986,0.6984800000000001,1,1
09.08.2021 00:08:57.784,0.6986,0.6985,1,1
09.08.2021 00:08:57.899,0.69862,0.6985,1,1
09.08.2021 00:08:58.900,0.6986300000000001,0.6985,1.5,1
09.08.2021 00:08:59.153,0.6985800000000001,0.69845,1.5,1.75
09.08.2021 00:08:59.254,0.6985800000000001,0.69845,2.25,1
09.08.2021 00:09:17.773,0.6985800000000001,0.6984600000000001,1,1.5
09.08.2021 00:09:18.847,0.69859,0.6984600000000001,1.87,1.69
09.08.2021 00:09:18.949,0.69859,0.69847,1.12,1.5
09.08.2021 00:09:19.067,0.69864,0.6985300000000001,2.25,1
09.08.2021 00:09:19.168,0.6986600000000001,0.69855,1.87,1
09.08.2021 00:09:19.269,0.6986600000000001,0.6985600000000001,1.12,1.5
09.08.2021 00:09:19.370,0.69867,0.69857,1.12,1
09.08.2021 00:09:20.275,0.69867,0.6985800000000001,1,1
09.08.2021 00:09:20.986,0.6986800000000001,0.6985800000000001,1,1
09.08.2021 00:09:21.492,0.6986800000000001,0.6985600000000001,1,1.5
09.08.2021 00:09:26.053,0.69867,0.6985600000000001,1,1
09.08.2021 00:09:29.447,0.6986800000000001,0.6985600000000001,1,1.5
09.08.2021 00:09:32.617,0.6987300000000001,0.6986100000000001,1,2.5
09.08.2021 00:09:32.667,0.69877,0.69865,2.25,1.5
09.08.2021 00:09:32.769,0.69875,0.69864,1,1
09.08.2021 00:09:33.043,0.69874,0.6986300000000001,1,1
09.08.2021 00:09:33.144,0.69871,0.69859,1,1
09.08.2021 00:09:33.245,0.6987,0.69859,1.5,1
09.08.2021 00:09:33.479,0.69869,0.69859,1.5,1
09.08.2021 00:09:35.120,0.69872,0.6986100000000001,1.5,1
09.08.2021 00:09:35.221,0.6987300000000001,0.69862,1.5,1
09.08.2021 00:09:35.278,0.6987300000000001,0.69862,1,1
09.08.2021 00:09:36.170,0.69875,0.69864,1,1
09.08.2021 00:09:36.294,0.69876,0.69865,1.12,1
09.08.2021 00:09:37.593,0.6987800000000001,0.6986600000000001,1,1.5
09.08.2021 00:09:37.694,0.69879,0.69869,2,1
09.08.2021 00:09:37.796,0.6988300000000001,0.69871,1.5,1.5
09.08.2021 00:09:37.898,0.69884,0.69872,1.12,1
09.08.2021 00:09:38.535,0.69884,0.69871,1.87,1.5
09.08.2021 00:09:39.908,0.6988300000000001,0.6987,1,2.44
09.08.2021 00:09:41.025,0.6988300000000001,0.69871,1,1
09.08.2021 00:09:41.363,0.69882,0.6987,1,1.5
09.08.2021 00:09:41.515,0.6988300000000001,0.69871,1.87,1
09.08.2021 00:09:41.616,0.6988300000000001,0.6987,1.87,1.5
09.08.2021 00:09:44.140,0.69882,0.6987,1,1.5
09.08.2021 00:09:45.708,0.6988300000000001,0.6987,1.87,1.5
09.08.2021 00:09:49.397,0.6987800000000001,0.6986600000000001,1,1.5
09.08.2021 00:09:50.004,0.6987800000000001,0.69865,1,1.69
09.08.2021 00:10:00.188,0.69884,0.69872,2.32,1.25
09.08.2021 00:10:00.240,0.69887,0.69875,1.35,1.25
09.08.2021 00:10:00.341,0.69889,0.69879,1,1
09.08.2021 00:10:00.391,0.69891,0.69879,1,2.25
09.08.2021 00:10:00.442,0.69893,0.6988000000000001,1.12,1.5
09.08.2021 00:10:00.543,0.69894,0.69882,1.87,1.5
09.08.2021 00:10:01.254,0.69892,0.69881,1,1
09.08.2021 00:10:01.406,0.69892,0.6988000000000001,1,1
09.08.2021 00:10:01.937,0.6989000000000001,0.69881,1,1
09.08.2021 00:10:02.139,0.69892,0.6988000000000001,1.5,1.5
09.08.2021 00:10:02.241,0.69892,0.69881,1,1
09.08.2021 00:10:03.323,0.69892,0.69882,1,1
09.08.2021 00:10:03.374,0.6989500000000001,0.69882,1.87,1
09.08.2021 00:10:07.048,0.69892,0.6988300000000001,1,1
09.08.2021 00:10:07.149,0.69892,0.69882,1,1.5
09.08.2021 00:10:08.727,0.69893,0.69882,1,1
09.08.2021 00:10:09.326,0.69896,0.6988500000000001,1.5,1
09.08.2021 00:10:09.428,0.69901,0.69891,1.25,1
09.08.2021 00:10:09.479,0.69903,0.69893,2.81,1
09.08.2021 00:10:09.580,0.6990500000000001,0.69893,1,1
09.08.2021 00:10:09.681,0.69904,0.6989500000000001,1.25,1
09.08.2021 00:10:09.782,0.69906,0.6989500000000001,1.12,1
09.08.2021 00:10:10.586,0.6990500000000001,0.6989500000000001,1,1
09.08.2021 00:10:10.688,0.6990500000000001,0.69894,1,1
09.08.2021 00:10:10.840,0.69901,0.69889,1,1.5
09.08.2021 00:10:10.891,0.69902,0.69893,1,1.5
09.08.2021 00:10:10.992,0.69907,0.69896,1.5,1
09.08.2021 00:10:11.043,0.69907,0.69896,1.12,1
09.08.2021 00:10:18.504,0.6991,0.69897,1.87,1
09.08.2021 00:10:18.706,0.69908,0.69899,1,1
09.08.2021 00:10:18.808,0.69909,0.69897,1.5,1.5
09.08.2021 00:10:19.263,0.69908,0.69897,1,1
09.08.2021 00:10:27.032,0.69907,0.69896,1,1
09.08.2021 00:10:27.480,0.69908,0.69896,1,1
09.08.2021 00:10:28.425,0.69907,0.69896,1,1
09.08.2021 00:10:29.816,0.69908,0.69896,1,1
09.08.2021 00:10:41.730,0.6990000000000001,0.69889,1.5,1
09.08.2021 00:10:41.831,0.69901,0.6988800000000001,1.5,1.25
09.08.2021 00:10:41.982,0.69902,0.69889,2.75,1.25
09.08.2021 00:10:42.083,0.69902,0.69893,1.5,1
09.08.2021 00:10:42.185,0.69904,0.69894,1,1
09.08.2021 00:10:42.640,0.69907,0.6989500000000001,1.5,1
09.08.2021 00:10:43.679,0.69904,0.6989500000000001,1,1
09.08.2021 00:10:43.935,0.69907,0.69894,2,1.5
09.08.2021 00:10:44.332,0.69904,0.69893,1,1
09.08.2021 00:10:44.433,0.69907,0.6989500000000001,1.5,1.5
09.08.2021 00:10:44.535,0.69907,0.6989500000000001,2,1.5
09.08.2021 00:10:45.135,0.69907,0.69896,1.5,1
09.08.2021 00:10:58.558,0.69908,0.69896,1.5,1
09.08.2021 00:10:59.442,0.69908,0.6989500000000001,1.5,1.5
09.08.2021 00:11:04.574,0.69907,0.6989500000000001,1,1.5
09.08.2021 00:11:05.491,0.6990500000000001,0.6989500000000001,1,1
09.08.2021 00:11:05.542,0.6990500000000001,0.69893,1.5,1
09.08.2021 00:11:05.643,0.69903,0.69893,1,1
09.08.2021 00:11:06.481,0.6990000000000001,0.69891,1,1.69
09.08.2021 00:11:06.532,0.6990000000000001,0.6988800000000001,2.62,1.5
09.08.2021 00:11:06.684,0.6990000000000001,0.6988800000000001,1,1
09.08.2021 00:11:07.129,0.69901,0.6988800000000001,1.5,1.25
09.08.2021 00:11:07.524,0.69901,0.69889,1.5,1
09.08.2021 00:11:09.729,0.6990000000000001,0.69887,1,1.69
09.08.2021 00:11:09.831,0.69899,0.69886,1,1.75
09.08.2021 00:11:10.227,0.69897,0.69886,1.75,1
09.08.2021 00:11:10.445,0.69898,0.6988500000000001,1.69,1
09.08.2021 00:11:10.897,0.69897,0.6988500000000001,1,1
09.08.2021 00:11:11.453,0.69901,0.69891,1.75,1.69
09.08.2021 00:11:11.604,0.69901,0.69893,1.25,1
09.08.2021 00:11:11.756,0.6990500000000001,0.69893,1.12,1
09.08.2021 00:11:11.958,0.69903,0.69893,1.69,1
09.08.2021 00:11:12.059,0.69904,0.69893,1.25,1
09.08.2021 00:11:13.106,0.6990500000000001,0.69893,1.12,1
09.08.2021 00:11:25.694,0.69901,0.69891,1.87,1.25
09.08.2021 00:11:25.796,0.69902,0.69889,2.62,3.19
09.08.2021 00:11:25.897,0.69903,0.69891,1.5,1
09.08.2021 00:11:25.999,0.69902,0.69892,1,1
09.08.2021 00:11:26.897,0.69904,0.69892,1.12,1
09.08.2021 00:11:40.469,0.69902,0.69892,1,1
09.08.2021 00:11:40.520,0.69901,0.69889,1,1
09.08.2021 00:11:40.621,0.69901,0.6989000000000001,3.37,1
09.08.2021 00:11:40.672,0.69902,0.69891,1.12,1
09.08.2021 00:11:42.626,0.6990000000000001,0.6988800000000001,1,1.69
09.08.2021 00:11:42.727,0.69899,0.69887,1.5,1.25
09.08.2021 00:11:43.235,0.69898,0.69886,1,1.25
09.08.2021 00:11:44.032,0.69896,0.69886,1,1
09.08.2021 00:11:44.395,0.69896,0.6988500000000001,1,1
09.08.2021 00:11:44.499,0.69897,0.6988500000000001,1.69,1
09.08.2021 00:11:46.337,0.69897,0.69886,1,1
09.08.2021 00:11:58.055,0.69896,0.6988800000000001,1,1
09.08.2021 00:11:58.157,0.69899,0.69887,1.12,1
09.08.2021 00:11:58.258,0.6990000000000001,0.69887,1.5,1.69
09.08.2021 00:12:00.419,0.69898,0.69886,1.5,1.25
09.08.2021 00:12:19.236,0.69898,0.69887,1,1
09.08.2021 00:12:23.234,0.69896,0.69887,1.5,1
09.08.2021 00:12:23.336,0.69896,0.69886,1.5,1.5
09.08.2021 00:12:23.438,0.69896,0.6988500000000001,1,1
09.08.2021 00:12:24.544,0.6989500000000001,0.69887,1,1
09.08.2021 00:12:32.879,0.69896,0.69884,1,1
09.08.2021 00:12:44.689,0.69897,0.69887,1,1
09.08.2021 00:12:44.790,0.69898,0.69887,1,1
09.08.2021 00:12:44.891,0.69901,0.6989000000000001,1,1
09.08.2021 00:12:44.992,0.69903,0.69891,1.12,1.5
09.08.2021 00:12:45.093,0.69904,0.69891,1.12,1.69
09.08.2021 00:12:45.405,0.69904,0.69893,1,1
09.08.2021 00:12:47.762,0.69904,0.69891,1,1.69
09.08.2021 00:12:49.114,0.69903,0.69891,1,2.44
09.08.2021 00:12:49.165,0.6990000000000001,0.69891,1,1.69
09.08.2021 00:12:49.217,0.69897,0.69887,1,1
09.08.2021 00:12:49.318,0.69897,0.69886,1,1
09.08.2021 00:12:50.995,0.69897,0.69884,1.5,1.5
09.08.2021 00:12:51.096,0.69896,0.69884,1,1
09.08.2021 00:12:51.572,0.69893,0.69884,1,1
09.08.2021 00:12:51.673,0.69894,0.69884,2.81,1.25
09.08.2021 00:12:51.824,0.69896,0.69884,1,1.25
09.08.2021 00:13:01.642,0.6989500000000001,0.6988300000000001,1,2.5
09.08.2021 00:13:11.289,0.69894,0.6988300000000001,1,1.25
09.08.2021 00:13:11.341,0.69889,0.6988000000000001,1,1.5
09.08.2021 00:13:11.443,0.69892,0.69881,1,1.87
09.08.2021 00:13:11.545,0.69893,0.6988300000000001,1,1.25
09.08.2021 00:13:12.445,0.69894,0.6988300000000001,1,1.25
09.08.2021 00:13:17.817,0.6989500000000001,0.69884,1,1.75
09.08.2021 00:13:19.417,0.6989500000000001,0.6988300000000001,1,1.69
09.08.2021 00:13:19.519,0.69894,0.6988300000000001,1,1.25
09.08.2021 00:13:19.796,0.6989500000000001,0.6988300000000001,1,1.25
09.08.2021 00:13:19.902,0.6989500000000001,0.6988300000000001,1,2.5
09.08.2021 00:13:20.229,0.6989500000000001,0.6988300000000001,1,1.69
09.08.2021 00:13:21.815,0.69894,0.69884,1,2.5
09.08.2021 00:13:21.967,0.69894,0.69884,1,1.69
09.08.2021 00:13:26.922,0.6989500000000001,0.69884,1,1
09.08.2021 00:13:30.555,0.69896,0.69884,1,1.25
09.08.2021 00:13:30.656,0.69896,0.6988500000000001,1,1.25
09.08.2021 00:13:30.956,0.69896,0.6988500000000001,1,1.75
09.08.2021 00:13:31.057,0.69896,0.6988500000000001,1,1.25
09.08.2021 00:13:35.364,0.6989500000000001,0.69886,1,1.25
09.08.2021 00:13:35.415,0.69899,0.69887,1,1.75
09.08.2021 00:13:35.465,0.6990000000000001,0.6989000000000001,1,1
09.08.2021 00:13:35.983,0.69899,0.6988800000000001,1,2.5
09.08.2021 00:13:36.556,0.69897,0.6988800000000001,1,1
09.08.2021 00:13:36.607,0.69897,0.69886,1,1.25
09.08.2021 00:13:37.850,0.69897,0.69886,1,2.5
09.08.2021 00:13:45.295,0.69897,0.69886,1,1.25
09.08.2021 00:13:45.397,0.69896,0.69886,1,1.25
09.08.2021 00:13:48.328,0.69897,0.69886,1,1.75
09.08.2021 00:13:49.069,0.69896,0.6988500000000001,1,1.25
09.08.2021 00:13:52.105,0.6989500000000001,0.6988500000000001,1,1
09.08.2021 00:13:52.206,0.6989500000000001,0.6988300000000001,1,1.69
09.08.2021 00:13:52.816,0.6989500000000001,0.6988500000000001,1,1
09.08.2021 00:13:59.679,0.6989500000000001,0.69884,1,1
09.08.2021 00:14:04.561,0.69894,0.69884,1,2.44
09.08.2021 00:14:06.204,0.69894,0.6988500000000001,1,1
09.08.2021 00:14:19.286,0.6989500000000001,0.6988500000000001,1,1
09.08.2021 00:14:20.540,0.69896,0.6988500000000001,1.5,1
09.08.2021 00:14:24.295,0.69896,0.69884,1.5,1.5
09.08.2021 00:14:25.171,0.69896,0.6988500000000001,1,1
09.08.2021 00:14:38.056,0.69897,0.6988500000000001,1,1
09.08.2021 00:14:39.938,0.69898,0.69886,1.12,1
09.08.2021 00:14:40.039,0.69899,0.69887,4.25,1
09.08.2021 00:14:42.376,0.69898,0.69886,2.06,1
09.08.2021 00:14:44.424,0.69898,0.6988500000000001,2.81,1.5
09.08.2021 00:14:53.666,0.69891,0.6988300000000001,3.69,1.25
09.08.2021 00:14:53.717,0.69889,0.69879,1.69,1.25
09.08.2021 00:14:53.768,0.69887,0.6987800000000001,1.25,1.25
09.08.2021 00:14:53.919,0.6988300000000001,0.6987300000000001,1,1.75
09.08.2021 00:14:54.222,0.69884,0.69872,1,1.5
09.08.2021 00:15:01.054,0.69886,0.6987300000000001,1.5,1.5
09.08.2021 00:15:01.156,0.69887,0.69874,1.87,1.69
09.08.2021 00:15:01.408,0.6988800000000001,0.69876,1.5,1
09.08.2021 00:15:06.075,0.69886,0.69874,1,2.56
09.08.2021 00:15:06.482,0.69886,0.69874,1,1.69
09.08.2021 00:15:07.363,0.69884,0.69874,1,1.69
09.08.2021 00:15:08.631,0.69884,0.69872,1,1.75
09.08.2021 00:15:11.546,0.6988000000000001,0.69869,1,1.94
09.08.2021 00:15:11.597,0.69882,0.6987,2.25,1.12
09.08.2021 00:15:11.884,0.6988300000000001,0.69872,1,1.5
09.08.2021 00:15:12.136,0.69884,0.69872,1.5,1.5
09.08.2021 00:15:15.216,0.69881,0.69871,1,1.25
09.08.2021 00:15:15.317,0.69887,0.69874,2,1.69
09.08.2021 00:15:15.418,0.69887,0.69874,1.5,1.69
09.08.2021 00:15:15.519,0.69887,0.69876,1,1
09.08.2021 00:15:16.165,0.69887,0.69879,1,1.25
09.08.2021 00:15:16.216,0.69889,0.6987800000000001,1,1.31
09.08.2021 00:15:16.317,0.6988800000000001,0.69877,1,1.62
09.08.2021 00:15:17.133,0.6988800000000001,0.69877,1,1.25
09.08.2021 00:15:19.513,0.69886,0.69875,1,2.06
09.08.2021 00:15:20.711,0.69887,0.69875,1.5,1.5
09.08.2021 00:15:26.249,0.69886,0.69875,1,1.12
09.08.2021 00:15:30.733,0.6988000000000001,0.69871,1.12,1.5
09.08.2021 00:15:30.784,0.69879,0.69867,1,1.81
09.08.2021 00:15:30.834,0.69876,0.6986800000000001,1,1
09.08.2021 00:15:31.037,0.69877,0.69865,1.5,1.5
09.08.2021 00:15:32.515,0.69876,0.69864,1,1
09.08.2021 00:15:34.600,0.6987300000000001,0.6986300000000001,1,1.25
09.08.2021 00:15:35.778,0.69875,0.69862,1,1.25
09.08.2021 00:15:37.783,0.69874,0.69862,1,1
09.08.2021 00:15:39.394,0.69875,0.6986300000000001,1.5,1
09.08.2021 00:15:40.600,0.69876,0.69865,1,1
09.08.2021 00:15:40.702,0.69876,0.69864,1,1.5
09.08.2021 00:15:42.857,0.69876,0.6986300000000001,1.5,1.5
09.08.2021 00:15:47.095,0.69875,0.69865,1.5,1
09.08.2021 00:15:47.197,0.69876,0.69865,1,1
09.08.2021 00:15:47.298,0.69877,0.6986600000000001,1,1
09.08.2021 00:15:47.972,0.6987800000000001,0.6986600000000001,1.87,1
09.08.2021 00:15:48.787,0.69877,0.6986600000000001,1,1
09.08.2021 00:15:48.888,0.69876,0.69864,1,1
09.08.2021 00:15:50.307,0.69876,0.6986300000000001,1.5,1.5
09.08.2021 00:16:00.164,0.69876,0.69864,1,1
09.08.2021 00:16:01.530,0.6987,0.69862,1,1
09.08.2021 00:16:01.631,0.6986800000000001,0.6985800000000001,1.5,2.5
09.08.2021 00:16:01.732,0.69867,0.6985800000000001,1,2.5
09.08.2021 00:16:01.783,0.69867,0.69855,1,1.5
09.08.2021 00:16:08.078,0.6986300000000001,0.69855,1,1
09.08.2021 00:16:08.129,0.6986300000000001,0.6985100000000001,1.5,1.25
09.08.2021 00:16:08.494,0.69862,0.6985100000000001,1.5,1.69
09.08.2021 00:16:09.550,0.6986300000000001,0.6985100000000001,1.5,1
09.08.2021 00:16:11.205,0.69862,0.6985,1.5,1
09.08.2021 00:16:12.824,0.69862,0.6985100000000001,1.5,1
09.08.2021 00:16:12.980,0.6986300000000001,0.69852,1,1
09.08.2021 00:16:13.081,0.69862,0.69852,1,1
09.08.2021 00:16:13.209,0.6986600000000001,0.6985600000000001,1,1.5
09.08.2021 00:16:13.314,0.69867,0.6985600000000001,1,1.5
09.08.2021 00:16:13.741,0.69867,0.6985800000000001,1,1
09.08.2021 00:16:15.061,0.6986800000000001,0.6985800000000001,1,1
09.08.2021 00:16:15.391,0.69871,0.69859,1,1.69
09.08.2021 00:16:15.442,0.69872,0.69862,1.87,1
09.08.2021 00:16:15.593,0.6987300000000001,0.69862,1.5,1
09.08.2021 00:16:15.694,0.6987300000000001,0.6986300000000001,1.5,1
09.08.2021 00:16:16.408,0.6987,0.6986,1.5,1
09.08.2021 00:16:16.509,0.6987,0.6985800000000001,1.87,1.87
09.08.2021 00:16:16.610,0.69869,0.6985800000000001,1,1.87
09.08.2021 00:16:16.712,0.6987,0.69859,1,1
09.08.2021 00:16:16.813,0.69871,0.6986,1,1
09.08.2021 00:16:17.695,0.69872,0.6986,1,1
09.08.2021 00:16:18.435,0.69869,0.69859,1.87,2.25
09.08.2021 00:16:18.851,0.69869,0.6985800000000001,1,1.5
09.08.2021 00:16:19.104,0.6986800000000001,0.6985800000000001,1,1.5
09.08.2021 00:16:19.630,0.69867,0.6985600000000001,1,1
09.08.2021 00:16:21.448,0.69869,0.6985800000000001,1.69,2.5
09.08.2021 00:16:21.651,0.69869,0.69859,1,2.5
09.08.2021 00:16:23.663,0.69869,0.6985800000000001,1,2.5
09.08.2021 00:16:23.765,0.6987,0.6985800000000001,1,2.5
09.08.2021 00:16:24.778,0.69869,0.6986300000000001,1,1.25
09.08.2021 00:16:24.836,0.6987,0.6986100000000001,1,1.25
09.08.2021 00:16:24.887,0.69876,0.6986600000000001,1,1
09.08.2021 00:16:24.988,0.69877,0.69867,1.5,1
09.08.2021 00:16:27.371,0.6987,0.6986300000000001,1.69,1
09.08.2021 00:16:27.472,0.6987,0.69859,1.12,2
09.08.2021 00:16:27.523,0.6987,0.69859,1.12,1.5
09.08.2021 00:16:29.250,0.6987,0.6985800000000001,3.81,1.5
09.08.2021 00:16:29.589,0.69869,0.69862,1,1
09.08.2021 00:16:29.690,0.6987,0.6986100000000001,1,1.25
09.08.2021 00:16:29.791,0.69872,0.69865,1.5,1
09.08.2021 00:16:29.893,0.69874,0.69865,1.5,1
09.08.2021 00:16:30.104,0.69876,0.6986600000000001,1.5,1
09.08.2021 00:16:31.908,0.69875,0.69865,1,1
09.08.2021 00:16:32.060,0.69875,0.6986300000000001,1.12,1
09.08.2021 00:16:32.161,0.69874,0.6986300000000001,1,1
09.08.2021 00:16:32.514,0.6987,0.69859,1.12,1.5
09.08.2021 00:16:32.849,0.69869,0.69859,1,1.5
09.08.2021 00:16:34.794,0.6987,0.69859,1.87,1
09.08.2021 00:16:35.426,0.69869,0.6985800000000001,1,1
09.08.2021 00:16:35.527,0.6986800000000001,0.6985800000000001,1,1
09.08.2021 00:16:35.578,0.6986800000000001,0.6985600000000001,1,2.06
09.08.2021 00:16:35.629,0.69867,0.69859,1,1
09.08.2021 00:16:35.731,0.69867,0.6985600000000001,1,1.5
09.08.2021 00:16:35.832,0.69867,0.69857,1,1
09.08.2021 00:16:35.882,0.69869,0.69859,1,1.5
09.08.2021 00:16:36.710,0.6987,0.69859,1,1.5
09.08.2021 00:16:46.240,0.69871,0.6986100000000001,1.5,1
09.08.2021 00:16:46.963,0.69872,0.69862,1,1.25
09.08.2021 00:16:47.064,0.6987300000000001,0.69862,1,1
09.08.2021 00:16:47.165,0.69874,0.69862,1,1
09.08.2021 00:16:50.445,0.6987300000000001,0.6986100000000001,1,1.5
09.08.2021 00:16:52.945,0.69874,0.69862,1.5,1
09.08.2021 00:16:57.266,0.6987300000000001,0.6986100000000001,1,1.5
09.08.2021 00:16:57.368,0.69869,0.6985800000000001,1,1.5
09.08.2021 00:16:58.316,0.6986800000000001,0.6985800000000001,2.25,1.5
09.08.2021 00:16:59.403,0.6987,0.6985800000000001,1.12,1.69
09.08.2021 00:16:59.454,0.6987,0.6986,1,2.5
09.08.2021 00:17:00.131,0.69869,0.6985800000000001,1,1.5
09.08.2021 00:17:00.182,0.6986800000000001,0.6985600000000001,1,2.44
09.08.2021 00:17:01.877,0.69867,0.6985600000000001,1.5,1.5
09.08.2021 00:17:05.491,0.6986800000000001,0.6985600000000001,1.5,1.5
09.08.2021 00:17:07.078,0.69867,0.6985600000000001,1,1.5
09.08.2021 00:17:14.902,0.6986600000000001,0.69854,1,1.69
09.08.2021 00:17:15.003,0.69865,0.69854,1,1.5
09.08.2021 00:17:16.521,0.6986600000000001,0.6985600000000001,1,1
09.08.2021 00:17:17.355,0.6986800000000001,0.6985600000000001,1.5,1.5
09.08.2021 00:17:17.609,0.6986800000000001,0.69857,1,1
09.08.2021 00:17:18.523,0.6986800000000001,0.6985800000000001,1.5,1.69
09.08.2021 00:17:21.522,0.69869,0.6985800000000001,1,1
09.08.2021 00:17:29.460,0.6986800000000001,0.6985800000000001,1,1
09.08.2021 00:17:29.611,0.69867,0.6985600000000001,1,1.25
09.08.2021 00:17:29.712,0.69867,0.6985800000000001,1,1
09.08.2021 00:17:30.968,0.6986800000000001,0.6985800000000001,1,1.5
09.08.2021 00:17:33.731,0.6986800000000001,0.6986,1.12,1.5
09.08.2021 00:17:35.398,0.69871,0.6986100000000001,1.12,1
09.08.2021 00:17:35.500,0.6986800000000001,0.6985800000000001,1,1.5
09.08.2021 00:17:35.601,0.6986800000000001,0.6985600000000001,1.5,2.25
09.08.2021 00:17:45.092,0.6986800000000001,0.69859,1,1
09.08.2021 00:17:45.194,0.69871,0.6986,1.12,1
09.08.2021 00:17:45.295,0.69872,0.6986,1,1.69
09.08.2021 00:17:46.063,0.69872,0.6986100000000001,1,1
09.08.2021 00:17:46.404,0.69872,0.69862,1.5,1.5
09.08.2021 00:17:49.159,0.69871,0.69859,4.25,1.5
09.08.2021 00:17:50.688,0.6987,0.6986,1.12,1
09.08.2021 00:17:50.739,0.69872,0.6986100000000001,1.5,1
09.08.2021 00:17:52.347,0.6987300000000001,0.69862,1.87,1
09.08.2021 00:17:52.449,0.6987300000000001,0.6986300000000001,1.12,1
09.08.2021 00:17:53.517,0.69874,0.6986300000000001,1.5,1
09.08.2021 00:17:53.685,0.69876,0.69865,1.12,1
09.08.2021 00:17:55.787,0.69875,0.69865,1,1
09.08.2021 00:17:56.213,0.69876,0.69865,1.12,1.5
09.08.2021 00:17:57.385,0.69876,0.6986600000000001,1,1
09.08.2021 00:17:58.198,0.69877,0.6986600000000001,1,1
09.08.2021 00:17:58.351,0.69877,0.69867,1,1
09.08.2021 00:17:58.654,0.69879,0.69867,1.87,1
09.08.2021 00:17:59.147,0.6987800000000001,0.6986600000000001,1,1.5
09.08.2021 00:18:04.027,0.69881,0.69869,3.01,1
09.08.2021 00:18:04.128,0.6988000000000001,0.6986800000000001,1.5,1.5
09.08.2021 00:18:05.608,0.69879,0.6986800000000001,1,1
09.08.2021 00:18:05.844,0.6987800000000001,0.6986600000000001,1,2.44
09.08.2021 00:18:07.696,0.69877,0.6986600000000001,1,1
09.08.2021 00:18:18.450,0.6987800000000001,0.6986600000000001,1.12,1
09.08.2021 00:18:20.362,0.69879,0.69867,2,1
09.08.2021 00:18:21.734,0.69879,0.69867,1.87,1
09.08.2021 00:18:26.100,0.69881,0.69869,2,1.5
09.08.2021 00:18:26.151,0.69881,0.69869,1.12,1.69
09.08.2021 00:18:26.252,0.69882,0.6987,1.5,1.5
09.08.2021 00:18:26.353,0.6988500000000001,0.69876,1.87,1
09.08.2021 00:18:27.359,0.69884,0.69875,1,1
09.08.2021 00:18:27.576,0.69884,0.69874,1,1
09.08.2021 00:18:31.516,0.69886,0.69875,1,1.5
09.08.2021 00:18:34.639,0.6988500000000001,0.69874,1,1
09.08.2021 00:18:34.690,0.6988300000000001,0.69874,1,1
09.08.2021 00:18:35.887,0.6988300000000001,0.69872,1,1
09.08.2021 00:18:38.530,0.6988500000000001,0.69874,1,1.5
09.08.2021 00:18:38.631,0.6988500000000001,0.69875,1,1.5
09.08.2021 00:18:39.264,0.69887,0.69875,1,1.5
09.08.2021 00:18:39.365,0.6988800000000001,0.69876,1.5,1
09.08.2021 00:18:39.517,0.69887,0.69876,1,1
09.08.2021 00:18:40.062,0.69886,0.69876,1,1.5
09.08.2021 00:18:43.548,0.69887,0.69877,1.5,1
09.08.2021 00:18:45.040,0.69887,0.69876,1,1
09.08.2021 00:18:47.293,0.69887,0.69875,1,1.5
09.08.2021 00:18:47.800,0.6988800000000001,0.69875,1,1.5
09.08.2021 00:18:52.067,0.69889,0.69877,1,1.5
09.08.2021 00:18:54.388,0.6988800000000001,0.69876,1,1
09.08.2021 00:19:02.987,0.69889,0.69877,1.12,1.5
09.08.2021 00:19:06.529,0.6988800000000001,0.69876,1,1.5
09.08.2021 00:19:08.801,0.69887,0.69876,1,1.5
09.08.2021 00:19:17.355,0.69887,0.69877,1.5,1.5
09.08.2021 00:19:19.083,0.6988800000000001,0.69877,1.5,1
09.08.2021 00:19:27.930,0.6988800000000001,0.6987800000000001,1,1
09.08.2021 00:19:29.593,0.6988800000000001,0.69877,1,1
09.08.2021 00:19:29.695,0.6988800000000001,0.6987800000000001,1,1
09.08.2021 00:19:45.693,0.69891,0.6988000000000001,1,1.25
09.08.2021 00:19:45.794,0.69893,0.69881,1.87,1
09.08.2021 00:19:46.152,0.69894,0.6988300000000001,1,1
09.08.2021 00:19:46.253,0.69896,0.69884,1.87,1.5
09.08.2021 00:19:48.000,0.69894,0.6988300000000001,1,1
09.08.2021 00:19:48.102,0.69894,0.69882,1.5,1
09.08.2021 00:19:48.724,0.69893,0.69882,1,1
09.08.2021 00:19:55.630,0.69892,0.69882,1.5,1
09.08.2021 00:19:55.783,0.69893,0.69882,1.5,1
09.08.2021 00:19:55.884,0.69894,0.69884,1,1
09.08.2021 00:19:55.985,0.69896,0.6988500000000001,2,1
09.08.2021 00:19:56.086,0.69896,0.6988500000000001,1.5,1
09.08.2021 00:19:57.235,0.69897,0.69886,1,1.5
09.08.2021 00:19:57.355,0.69898,0.69886,1.69,1.5
09.08.2021 00:19:57.747,0.69898,0.69887,1.5,1
09.08.2021 00:19:58.017,0.69899,0.69887,1.87,1.5
09.08.2021 00:20:02.376,0.69898,0.69886,1.5,1.5
09.08.2021 00:20:04.678,0.69896,0.69886,1,1.5
09.08.2021 00:20:08.179,0.69898,0.69887,1.5,1
09.08.2021 00:20:08.692,0.69899,0.6988800000000001,1,1
09.08.2021 00:20:09.434,0.69899,0.69887,1.5,1.5
09.08.2021 00:20:16.666,0.69903,0.69892,1.5,1
09.08.2021 00:20:16.769,0.69906,0.69894,2,1.5
09.08.2021 00:20:16.870,0.6990500000000001,0.6989500000000001,1.5,1.5
09.08.2021 00:20:21.237,0.69907,0.6989500000000001,1.5,1
09.08.2021 00:20:22.464,0.69906,0.69897,1,1
09.08.2021 00:20:29.060,0.69908,0.69897,1.5,1
09.08.2021 00:20:29.212,0.69909,0.69898,1,1.5
09.08.2021 00:20:30.768,0.69908,0.69897,1,1
09.08.2021 00:20:30.869,0.69907,0.6989500000000001,1,2.44
09.08.2021 00:20:58.546,0.69908,0.69896,1.5,1
09.08.2021 00:20:59.379,0.69908,0.69897,1.5,1
09.08.2021 00:20:59.481,0.69909,0.69899,1,1.25
09.08.2021 00:20:59.583,0.69909,0.69899,1,1.69
09.08.2021 00:20:59.825,0.69908,0.69897,1,1
09.08.2021 00:21:01.877,0.69906,0.69896,1,2.44
09.08.2021 00:21:02.743,0.69907,0.69896,1,1
09.08.2021 00:21:02.794,0.69909,0.69897,1,1.75
09.08.2021 00:21:02.895,0.6991,0.69898,1,1.69
09.08.2021 00:21:04.766,0.6991,0.69899,1,1
09.08.2021 00:21:07.660,0.69908,0.69898,1,1
09.08.2021 00:21:08.014,0.69907,0.69896,1,1.25
09.08.2021 00:21:11.099,0.69907,0.6989500000000001,1,1.69
09.08.2021 00:21:12.091,0.69908,0.6989500000000001,1,1.69
09.08.2021 00:21:14.106,0.69907,0.6989500000000001,1,1.69
09.08.2021 00:21:14.687,0.69902,0.69892,1.5,1.25
09.08.2021 00:21:14.789,0.69898,0.69889,1,1.25
09.08.2021 00:21:14.890,0.69897,0.69887,1,1.69
09.08.2021 00:21:22.607,0.69899,0.69887,1,1.25
09.08.2021 00:21:22.708,0.69902,0.69889,1,1.25
09.08.2021 00:21:22.809,0.69903,0.6989000000000001,1.87,1
09.08.2021 00:21:27.860,0.6990500000000001,0.69893,1.5,1
09.08.2021 00:21:27.962,0.6990500000000001,0.69894,1,1
09.08.2021 00:21:28.439,0.69904,0.69894,1.5,1.5
09.08.2021 00:21:31.576,0.69904,0.69892,1,1.5
09.08.2021 00:21:31.677,0.69904,0.69891,1.5,1.5
09.08.2021 00:21:32.499,0.69906,0.69894,1,1
09.08.2021 00:21:33.588,0.6990500000000001,0.6989500000000001,1,1
09.08.2021 00:21:33.689,0.6990500000000001,0.69893,1,1
09.08.2021 00:21:33.791,0.69904,0.69892,1,1
09.08.2021 00:21:36.113,0.69906,0.69894,1,1
09.08.2021 00:21:36.215,0.69907,0.6989500000000001,1.12,1.5
09.08.2021 00:21:41.897,0.69906,0.69893,1,1.5
09.08.2021 00:21:41.998,0.69904,0.69893,1,1.25
09.08.2021 00:21:51.401,0.69903,0.69893,1,1
09.08.2021 00:21:56.167,0.69904,0.69894,1,1.75
09.08.2021 00:21:56.218,0.69906,0.69894,1,1.25
09.08.2021 00:21:56.322,0.69907,0.69894,1,2.44
09.08.2021 00:22:00.636,0.69906,0.69894,1,1.5
09.08.2021 00:22:11.139,0.69902,0.69893,1,1.25
09.08.2021 00:22:11.241,0.69906,0.69894,1.12,1
09.08.2021 00:22:11.342,0.69907,0.69894,1,2.44
09.08.2021 00:22:12.705,0.69906,0.6989500000000001,1,3.25
09.08.2021 00:22:19.220,0.69907,0.69897,1,1
09.08.2021 00:22:19.271,0.69912,0.69899,3.5,1.25
09.08.2021 00:22:19.373,0.6991100000000001,0.69901,2.75,1
09.08.2021 00:22:19.475,0.69912,0.6990000000000001,1.87,1
09.08.2021 00:22:22.176,0.69913,0.6990000000000001,1,1.69
09.08.2021 00:22:22.227,0.69914,0.69903,1,1
09.08.2021 00:22:22.328,0.69915,0.69904,1.5,1.69
09.08.2021 00:22:22.429,0.6991600000000001,0.69903,1,1.69
09.08.2021 00:22:23.127,0.69919,0.69907,1.87,1.25
09.08.2021 00:22:23.228,0.6991700000000001,0.69908,1,1.25
09.08.2021 00:22:23.480,0.6991700000000001,0.69907,1,3.19
09.08.2021 00:22:23.531,0.6991700000000001,0.69908,1,1.25
09.08.2021 00:22:23.647,0.6991700000000001,0.69907,1,3.19
09.08.2021 00:22:24.796,0.69918,0.69907,1,1.25
09.08.2021 00:22:24.897,0.6991700000000001,0.69907,1,3.19
09.08.2021 00:22:25.728,0.6991700000000001,0.69908,1,1.25
09.08.2021 00:22:26.116,0.6991700000000001,0.69907,1,3.19
09.08.2021 00:22:26.217,0.69918,0.69907,1,1.25
09.08.2021 00:22:26.792,0.69918,0.69906,1,3.19
09.08.2021 00:22:26.893,0.69918,0.69907,1,1.25
09.08.2021 00:22:27.246,0.69918,0.69906,1,3.19
09.08.2021 00:22:27.395,0.69918,0.69907,1,1.25
09.08.2021 00:22:28.586,0.69918,0.69906,1,3.19
09.08.2021 00:22:31.285,0.6991700000000001,0.69906,1,1
09.08.2021 00:22:31.817,0.6991700000000001,0.6990500000000001,1,2.81
09.08.2021 00:22:32.681,0.6991600000000001,0.69904,1,1
09.08.2021 00:22:32.782,0.69915,0.69903,1,1.69
09.08.2021 00:22:39.700,0.6991100000000001,0.69901,2.44,1
09.08.2021 00:22:39.801,0.69914,0.69902,1.5,1
09.08.2021 00:22:39.902,0.69914,0.69902,1,3.25
09.08.2021 00:22:40.106,0.69915,0.69903,1,1.69
09.08.2021 00:22:42.043,0.69915,0.69904,1,1.69
09.08.2021 00:22:42.094,0.6991700000000001,0.6990500000000001,1,1
09.08.2021 00:22:42.195,0.69918,0.6990500000000001,1.87,1
09.08.2021 00:22:49.776,0.69919,0.69907,1.87,1
09.08.2021 00:22:56.933,0.69925,0.69913,3.6,1
09.08.2021 00:22:57.034,0.69928,0.6991600000000001,1.75,1
09.08.2021 00:22:57.136,0.6992700000000001,0.6991700000000001,1,1
09.08.2021 00:22:57.287,0.69928,0.6991700000000001,2.62,1
09.08.2021 00:22:57.831,0.69929,0.6991700000000001,1.87,1
09.08.2021 00:22:58.676,0.6993,0.69918,2,1
09.08.2021 00:23:02.730,0.6993,0.69918,1.87,1
09.08.2021 00:23:03.891,0.6993,0.69923,2.62,1.25
09.08.2021 00:23:03.992,0.6993100000000001,0.6992200000000001,1.12,2.37
09.08.2021 00:23:04.093,0.6993100000000001,0.69924,1,1.69
09.08.2021 00:23:04.144,0.69937,0.6992600000000001,1,1
09.08.2021 00:23:04.836,0.69938,0.6992600000000001,1,1.5
09.08.2021 00:23:04.938,0.69939,0.6992700000000001,2.25,1
09.08.2021 00:23:07.405,0.69937,0.6992700000000001,1,1
09.08.2021 00:23:07.566,0.6993100000000001,0.69923,1.69,1
09.08.2021 00:23:07.672,0.6993100000000001,0.6992,2.25,2
09.08.2021 00:23:07.773,0.69932,0.69923,1,1
09.08.2021 00:23:07.824,0.69934,0.69923,1.12,1
09.08.2021 00:23:07.925,0.69937,0.69925,2,1
09.08.2021 00:23:07.976,0.69937,0.69925,1.87,1
09.08.2021 00:23:08.913,0.69937,0.6992700000000001,1,1
09.08.2021 00:23:15.596,0.69937,0.6992600000000001,1.5,1
09.08.2021 00:23:17.245,0.69937,0.69925,1.5,1
09.08.2021 00:23:17.349,0.6993600000000001,0.69924,1,1
09.08.2021 00:23:24.859,0.6993600000000001,0.69924,1,1.81
09.08.2021 00:23:26.442,0.69938,0.69925,1.5,1.12
09.08.2021 00:23:35.048,0.69937,0.69925,1,1
09.08.2021 00:23:35.651,0.6993600000000001,0.69924,1,1
09.08.2021 00:23:44.769,0.6993600000000001,0.6992600000000001,2.25,1
09.08.2021 00:23:53.476,0.6993600000000001,0.69924,1,1
09.08.2021 00:23:57.784,0.69937,0.69925,1.5,1
09.08.2021 00:24:10.327,0.69937,0.69924,1.5,1
09.08.2021 00:24:13.348,0.6993100000000001,0.69925,1.5,1
09.08.2021 00:24:13.398,0.69933,0.69923,1.5,1
09.08.2021 00:24:13.500,0.69935,0.69923,1.12,1
09.08.2021 00:24:14.058,0.6993600000000001,0.69924,1,1
09.08.2021 00:24:43.769,0.69934,0.69924,1,1.25
09.08.2021 00:25:01.191,0.6993600000000001,0.69924,1,1
09.08.2021 00:25:01.331,0.69933,0.69923,1,2.44
09.08.2021 00:25:03.068,0.69934,0.69923,1,1
09.08.2021 00:25:04.702,0.69935,0.69923,1,2.44
09.08.2021 00:25:13.101,0.69934,0.69923,1,1
09.08.2021 00:25:13.203,0.69929,0.6991700000000001,1,4.44
09.08.2021 00:25:13.304,0.69929,0.6991700000000001,1,2.44
09.08.2021 00:25:13.572,0.6992700000000001,0.69915,3,2.44
09.08.2021 00:25:13.673,0.6992200000000001,0.6991100000000001,1,1.75
09.08.2021 00:25:13.724,0.6992200000000001,0.6991,1,2.5
09.08.2021 00:25:13.886,0.69919,0.69907,1,4.12
09.08.2021 00:25:13.987,0.6991700000000001,0.69907,1,1.81
09.08.2021 00:25:14.190,0.6991700000000001,0.69906,1,1.25
09.08.2021 00:25:15.185,0.6991700000000001,0.6990500000000001,1,2.5
09.08.2021 00:25:18.165,0.6992,0.6991100000000001,1,1.25
09.08.2021 00:25:18.215,0.6992100000000001,0.6991100000000001,1,2.5
09.08.2021 00:25:18.266,0.69923,0.69912,1,1.25
09.08.2021 00:25:18.367,0.69924,0.69914,1,1.25
09.08.2021 00:25:21.221,0.69924,0.69912,1,1.37
09.08.2021 00:25:22.090,0.69924,0.6991100000000001,1,2.87
09.08.2021 00:25:31.026,0.69918,0.69906,1,2.81
09.08.2021 00:25:31.127,0.6991700000000001,0.69906,1,2.06
09.08.2021 00:25:36.069,0.69918,0.69906,1,2.44
09.08.2021 00:25:36.281,0.6992200000000001,0.6991,1.12,1
09.08.2021 00:25:37.762,0.6992200000000001,0.69913,1,1
09.08.2021 00:25:44.521,0.69925,0.69914,1,1
09.08.2021 00:25:44.622,0.6992700000000001,0.6991600000000001,1.5,1
09.08.2021 00:25:44.723,0.69928,0.6991600000000001,2.75,1
09.08.2021 00:25:44.825,0.69928,0.6991700000000001,2,1
09.08.2021 00:25:44.926,0.69928,0.6991700000000001,1.5,1
09.08.2021 00:25:48.066,0.6992700000000001,0.6992,1,1
09.08.2021 00:25:48.117,0.6993,0.6992,1,1
09.08.2021 00:25:48.870,0.69934,0.6992200000000001,2.75,1
09.08.2021 00:25:48.971,0.69934,0.6992100000000001,2.75,1.25
09.08.2021 00:25:50.690,0.69935,0.69923,1.87,1.25
09.08.2021 00:25:50.893,0.6993600000000001,0.69923,2.25,1
09.08.2021 00:25:51.045,0.69935,0.69923,1,1
09.08.2021 00:25:51.284,0.69933,0.69924,1,1
09.08.2021 00:25:51.335,0.69932,0.6992200000000001,1,1
09.08.2021 00:25:51.772,0.69935,0.69923,1.5,1
09.08.2021 00:25:54.151,0.6993600000000001,0.69924,2.62,1
09.08.2021 00:25:54.253,0.69937,0.69925,1.5,1
09.08.2021 00:25:54.407,0.6993600000000001,0.6992700000000001,1,1
09.08.2021 00:25:56.180,0.69938,0.6992600000000001,2.25,1
09.08.2021 00:25:57.743,0.69937,0.6992600000000001,1,1
09.08.2021 00:25:57.845,0.69937,0.69925,1,1
09.08.2021 00:26:02.894,0.6993100000000001,0.6992200000000001,1.5,1.31
09.08.2021 00:26:02.995,0.6993100000000001,0.6992,1.5,1.5
09.08.2021 00:26:03.197,0.6993,0.6992100000000001,1.5,1
09.08.2021 00:26:03.707,0.69932,0.6992,1.5,1.25
09.08.2021 00:26:03.808,0.69932,0.6992100000000001,1,1
09.08.2021 00:26:04.840,0.69934,0.69923,1,1.25
09.08.2021 00:26:04.941,0.69935,0.69925,2,1.25
09.08.2021 00:26:05.042,0.6993600000000001,0.69924,1.5,1.25
09.08.2021 00:26:07.392,0.6993600000000001,0.69925,1,1
09.08.2021 00:26:13.194,0.69937,0.69925,1.5,1
09.08.2021 00:26:22.565,0.6993600000000001,0.69925,1.5,1.25
09.08.2021 00:26:34.012,0.69937,0.69925,1.5,1.69
09.08.2021 00:26:41.190,0.6993600000000001,0.69924,1,1.25
09.08.2021 00:26:41.445,0.6993600000000001,0.69925,1.5,1.25
09.08.2021 00:26:43.594,0.69937,0.6992600000000001,1,1
09.08.2021 00:26:46.444,0.6993600000000001,0.6992600000000001,1,1
09.08.2021 00:26:52.327,0.69938,0.6992600000000001,2.25,1
09.08.2021 00:27:00.593,0.69937,0.69929,1.5,1
09.08.2021 00:27:06.217,0.69937,0.69928,1.5,1
09.08.2021 00:27:17.544,0.69939,0.6993100000000001,1,1
09.08.2021 00:27:17.595,0.69942,0.69932,2,1
09.08.2021 00:27:17.696,0.6994300000000001,0.69932,1.87,1
09.08.2021 00:27:28.500,0.69944,0.69932,1,1.75
09.08.2021 00:27:28.551,0.69945,0.6993600000000001,1.12,1
09.08.2021 00:27:28.652,0.69945,0.69937,1.12,1
09.08.2021 00:27:32.181,0.6994100000000001,0.69932,3.5,1.25
09.08.2021 00:27:32.232,0.69939,0.69928,1.5,2.19
09.08.2021 00:27:32.383,0.69939,0.6992700000000001,2.25,1.12
09.08.2021 00:27:33.802,0.69938,0.6992600000000001,1.5,1
09.08.2021 00:27:45.813,0.69934,0.69923,1,1
09.08.2021 00:27:46.456,0.69935,0.69923,1.87,1
09.08.2021 00:27:49.952,0.69935,0.69924,1,1
09.08.2021 00:27:51.501,0.69937,0.69925,1.5,1
09.08.2021 00:27:55.483,0.6993600000000001,0.69924,1,1
09.08.2021 00:28:03.412,0.69937,0.69925,1.87,1
09.08.2021 00:28:03.463,0.69938,0.6992700000000001,1.5,1
09.08.2021 00:28:30.087,0.69939,0.6992700000000001,3.37,1
09.08.2021 00:28:55.548,0.69938,0.6992700000000001,1,1
09.08.2021 00:29:03.254,0.6994,0.69929,2.37,1
09.08.2021 00:29:03.356,0.6994300000000001,0.6993100000000001,1.75,1.25
09.08.2021 00:29:03.457,0.6994300000000001,0.6993100000000001,1,1.25
09.08.2021 00:29:03.613,0.69944,0.69932,1.5,1
09.08.2021 00:29:04.621,0.69944,0.69933,1,1
09.08.2021 00:29:05.484,0.69945,0.69933,1,1
09.08.2021 00:29:05.738,0.6994600000000001,0.69934,1.87,1
09.08.2021 00:29:07.516,0.6994600000000001,0.69934,2,1
09.08.2021 00:29:07.567,0.69939,0.6993,1.12,1
09.08.2021 00:29:07.669,0.69938,0.6993,1,1
09.08.2021 00:29:08.749,0.6994,0.6993,2.81,1
09.08.2021 00:29:08.850,0.6994100000000001,0.69932,1,1
09.08.2021 00:29:13.008,0.69944,0.69932,1.5,1
09.08.2021 00:29:19.540,0.69945,0.69933,1,1
09.08.2021 00:29:19.642,0.6994600000000001,0.69935,2.62,1
09.08.2021 00:29:25.319,0.69939,0.6993,1.12,1
09.08.2021 00:29:25.420,0.69939,0.69928,1,1
09.08.2021 00:29:27.302,0.69939,0.6992700000000001,1.5,1
09.08.2021 00:29:34.910,0.69942,0.6993100000000001,1,1
09.08.2021 00:29:35.535,0.69944,0.69932,3,1
09.08.2021 00:29:35.638,0.69942,0.69933,1,1
09.08.2021 00:29:35.891,0.6994300000000001,0.69933,1.5,1
09.08.2021 00:29:37.180,0.6994100000000001,0.69929,5.56,1.25
09.08.2021 00:29:37.231,0.69938,0.69929,1.5,1
09.08.2021 00:29:37.332,0.69939,0.6992700000000001,2.25,1
09.08.2021 00:29:44.000,0.69939,0.6992600000000001,3,1.25
09.08.2021 00:29:54.391,0.69938,0.6992600000000001,1,1.25
09.08.2021 00:29:56.201,0.69937,0.6992600000000001,1.5,1
09.08.2021 00:29:56.302,0.69937,0.69925,1,1
09.08.2021 00:29:56.403,0.69935,0.69925,1,1
09.08.2021 00:29:56.706,0.69932,0.6992200000000001,1,1
09.08.2021 00:29:56.807,0.69932,0.6992100000000001,1,1
09.08.2021 00:29:56.908,0.69933,0.6992200000000001,1.12,1
09.08.2021 00:30:00.193,0.69933,0.6992100000000001,1.87,1.25
09.08.2021 00:30:00.326,0.69934,0.69925,1.12,1.25
09.08.2021 00:30:00.427,0.6993600000000001,0.6992600000000001,1.5,1
09.08.2021 00:30:00.529,0.69937,0.69925,1,1
09.08.2021 00:30:02.470,0.69938,0.6992700000000001,1,1
09.08.2021 00:30:03.074,0.6994100000000001,0.69932,3,1
09.08.2021 00:30:03.175,0.69942,0.69934,1.12,1
09.08.2021 00:30:03.821,0.69944,0.69933,1,1
09.08.2021 00:30:04.814,0.6994600000000001,0.69935,1.5,1
09.08.2021 00:30:05.560,0.69947,0.6993600000000001,1.87,1
09.08.2021 00:30:09.478,0.6994600000000001,0.69938,1,1
09.08.2021 00:30:19.184,0.6994800000000001,0.69937,1.5,1
09.08.2021 00:30:24.891,0.6994800000000001,0.6993600000000001,1.5,1
09.08.2021 00:30:42.297,0.69942,0.6993100000000001,1,1
09.08.2021 00:30:42.402,0.69944,0.69934,2.62,1
09.08.2021 00:30:42.503,0.69944,0.69935,1,1
09.08.2021 00:30:42.604,0.69945,0.69935,2.62,1
09.08.2021 00:30:42.946,0.69947,0.69935,1.5,1
09.08.2021 00:30:50.641,0.69947,0.6993600000000001,1,1
09.08.2021 00:30:58.459,0.6994600000000001,0.69934,1.5,1
09.08.2021 00:31:03.053,0.69942,0.69933,1,1
09.08.2021 00:31:03.104,0.6994600000000001,0.69935,1.5,1
09.08.2021 00:31:03.205,0.69942,0.69933,1,1.25
09.08.2021 00:31:03.256,0.69939,0.69929,1,1.5
09.08.2021 00:31:03.358,0.6994100000000001,0.69929,3,1
09.08.2021 00:31:03.509,0.69942,0.6993100000000001,1.5,1.25
09.08.2021 00:31:03.611,0.6994600000000001,0.69932,2.25,1.25
09.08.2021 00:31:03.661,0.6994600000000001,0.69935,1.87,1.69
09.08.2021 00:31:03.763,0.6994600000000001,0.6993600000000001,1.87,1
09.08.2021 00:31:10.783,0.6994800000000001,0.69938,1,1
09.08.2021 00:31:10.885,0.69952,0.6994100000000001,2,1
09.08.2021 00:31:10.986,0.69954,0.69942,2,1
09.08.2021 00:31:11.037,0.69954,0.69942,1.5,1
09.08.2021 00:31:19.126,0.6995100000000001,0.69942,1,1
09.08.2021 00:31:19.177,0.6995,0.69939,1.5,1
09.08.2021 00:31:19.481,0.69949,0.69939,2.25,1
09.08.2021 00:31:19.586,0.69949,0.69938,1,1
09.08.2021 00:31:33.199,0.69949,0.69937,2.25,1
09.08.2021 00:31:34.567,0.6994800000000001,0.69937,1,1
09.08.2021 00:31:38.453,0.69947,0.69935,1.5,1
09.08.2021 00:31:40.495,0.6994800000000001,0.6993600000000001,1.5,1
09.08.2021 00:31:41.830,0.69947,0.6993600000000001,1.5,1.5
09.08.2021 00:31:46.070,0.6994600000000001,0.69935,1,1
09.08.2021 00:31:46.121,0.69944,0.69934,1,1.69
09.08.2021 00:31:46.662,0.6994600000000001,0.69934,1.5,1
09.08.2021 00:31:47.856,0.69944,0.69933,1,1
09.08.2021 00:31:47.958,0.69944,0.69932,1.5,1.25
09.08.2021 00:31:49.863,0.69947,0.69935,1.87,1
09.08.2021 00:31:49.965,0.69947,0.69937,2.75,1
09.08.2021 00:31:50.066,0.6994800000000001,0.69935,2.25,1.25
09.08.2021 00:31:58.931,0.6994800000000001,0.6993600000000001,1.5,1
09.08.2021 00:31:59.032,0.6995100000000001,0.6994,1.12,1
09.08.2021 00:31:59.184,0.69952,0.6994,1,1.25
09.08.2021 00:32:02.504,0.6995100000000001,0.6994,1,1.69
09.08.2021 00:32:02.605,0.6994800000000001,0.6993600000000001,1,1.69
09.08.2021 00:32:07.529,0.69949,0.6993600000000001,1.5,1
09.08.2021 00:32:07.902,0.6994800000000001,0.6993600000000001,1,1
09.08.2021 00:32:14.402,0.6994800000000001,0.69935,1.87,1
09.08.2021 00:32:23.964,0.6994800000000001,0.6993600000000001,1.87,1
09.08.2021 00:32:31.605,0.6994800000000001,0.69937,1.5,1
09.08.2021 00:32:39.519,0.6994800000000001,0.6993600000000001,1,1
09.08.2021 00:33:03.248,0.6994600000000001,0.69935,1,1.5
09.08.2021 00:33:03.349,0.6994600000000001,0.6993600000000001,1,1
09.08.2021 00:33:03.551,0.69947,0.6993600000000001,1,1
09.08.2021 00:33:12.471,0.69944,0.69935,1,1.25
09.08.2021 00:33:22.475,0.69939,0.6993100000000001,1,1
09.08.2021 00:33:22.576,0.69937,0.6993,1,1
09.08.2021 00:33:22.678,0.6993600000000001,0.69925,1,1
09.08.2021 00:33:24.200,0.69937,0.69925,1,1
09.08.2021 00:33:24.301,0.69938,0.6992600000000001,2.25,1
09.08.2021 00:33:29.405,0.6994,0.69929,1,1
09.08.2021 00:33:29.557,0.6994,0.69928,1.12,1
09.08.2021 00:33:29.658,0.6994100000000001,0.6993,1.5,1
09.08.2021 00:33:33.335,0.6994,0.69929,1.5,1
09.08.2021 00:33:33.386,0.69938,0.69928,1,1.25
09.08.2021 00:33:39.243,0.69939,0.69929,1,1
09.08.2021 00:33:40.543,0.6994300000000001,0.69934,2.25,1
09.08.2021 00:33:40.644,0.6994300000000001,0.6993600000000001,1,1
09.08.2021 00:33:40.745,0.6994600000000001,0.6993600000000001,1,1
09.08.2021 00:33:40.846,0.6994600000000001,0.69937,1,1
09.08.2021 00:33:41.629,0.69947,0.69937,1,1
09.08.2021 00:33:41.831,0.6994600000000001,0.69935,1,1
09.08.2021 00:33:46.977,0.69944,0.69933,1,1.5
09.08.2021 00:33:47.100,0.69944,0.69932,1,1
09.08.2021 00:33:50.465,0.6994300000000001,0.69932,1,1
09.08.2021 00:33:50.831,0.69942,0.69932,1,1
09.08.2021 00:33:51.111,0.6994300000000001,0.69932,1,1
09.08.2021 00:33:53.211,0.6994100000000001,0.6993,3,1.25
09.08.2021 00:33:53.312,0.69939,0.6992700000000001,2.25,1
09.08.2021 00:34:00.187,0.69939,0.69928,1,1
09.08.2021 00:34:00.288,0.69942,0.6993,1.87,1
09.08.2021 00:34:01.333,0.6994300000000001,0.6993100000000001,1.5,1
09.08.2021 00:34:03.044,0.69945,0.69933,1.5,1.25
09.08.2021 00:34:03.660,0.69945,0.69933,1,1.75
09.08.2021 00:34:09.243,0.69945,0.69934,1,2.5
09.08.2021 00:34:17.889,0.6994600000000001,0.69934,1,2.5
09.08.2021 00:34:18.193,0.69947,0.69935,1.5,1.25
09.08.2021 00:34:23.191,0.6994300000000001,0.69934,1,1
09.08.2021 00:34:23.292,0.69942,0.69934,1,1
09.08.2021 00:34:23.443,0.69942,0.6993100000000001,1,1
09.08.2021 00:34:27.230,0.6994100000000001,0.6993100000000001,1.5,1
09.08.2021 00:34:33.657,0.6994300000000001,0.6993100000000001,1.87,1.25
09.08.2021 00:34:33.708,0.69945,0.69933,1.87,1.25
09.08.2021 00:34:50.684,0.6994,0.69932,1,1
09.08.2021 00:34:50.786,0.6994100000000001,0.6993,1.5,1
09.08.2021 00:34:51.427,0.69942,0.6993,1.87,1
09.08.2021 00:34:53.381,0.69942,0.6993,1,2.5
09.08.2021 00:34:53.499,0.6994300000000001,0.6993100000000001,1.5,1.69
09.08.2021 00:34:55.245,0.69942,0.69933,1,1
09.08.2021 00:34:58.652,0.69944,0.69932,1,1
09.08.2021 00:35:16.578,0.69945,0.69934,1,1
09.08.2021 00:35:16.679,0.6994600000000001,0.69934,1.5,1
09.08.2021 00:35:19.870,0.6994600000000001,0.69935,1,1
09.08.2021 00:35:20.587,0.6994600000000001,0.69934,1.5,1
09.08.2021 00:35:22.248,0.69944,0.69935,1,1
09.08.2021 00:35:25.779,0.6994600000000001,0.69934,1,1
09.08.2021 00:35:32.538,0.6994600000000001,0.6993600000000001,1,1
09.08.2021 00:35:38.263,0.69947,0.6993600000000001,1.87,1
09.08.2021 00:35:41.350,0.69947,0.69935,1,1
09.08.2021 00:35:43.202,0.6994800000000001,0.69935,1.5,1
09.08.2021 00:36:00.110,0.6994800000000001,0.6993600000000001,1,1
09.08.2021 00:36:11.431,0.69947,0.6993600000000001,1,1
09.08.2021 00:36:11.582,0.6994600000000001,0.69935,1.5,1
09.08.2021 00:36:19.572,0.69947,0.69935,1.5,1
09.08.2021 00:36:20.292,0.69947,0.6993600000000001,1,1
09.08.2021 00:36:20.439,0.6994800000000001,0.6993600000000001,2.62,1
09.08.2021 00:36:30.232,0.6994800000000001,0.69937,1.5,1
09.08.2021 00:36:33.967,0.6995100000000001,0.6994100000000001,1.5,1.69
09.08.2021 00:36:34.068,0.6995100000000001,0.69942,1.5,1
09.08.2021 00:36:34.169,0.69954,0.69942,1.5,1
09.08.2021 00:36:34.270,0.69954,0.6994300000000001,1,1
09.08.2021 00:36:36.225,0.6995300000000001,0.6994300000000001,1.5,1
09.08.2021 00:36:36.326,0.69954,0.6994100000000001,1.5,1.69
09.08.2021 00:36:36.427,0.6995300000000001,0.6994100000000001,1,1
09.08.2021 00:36:41.790,0.69954,0.69942,1.87,2.44
09.08.2021 00:36:43.701,0.69954,0.6994100000000001,2.44,1.5
09.08.2021 00:36:46.025,0.6995100000000001,0.6994100000000001,1,1.5
09.08.2021 00:36:46.126,0.6995100000000001,0.69939,1,1.69
09.08.2021 00:36:51.999,0.69952,0.6994,1.87,1
09.08.2021 00:36:52.112,0.69952,0.6994,1.87,1.75
09.08.2021 00:36:58.879,0.6995300000000001,0.6994,1.5,1.25
09.08.2021 00:37:00.198,0.6995300000000001,0.6994,1.69,1.25
09.08.2021 00:37:00.796,0.69952,0.69939,1,2.5
09.08.2021 00:37:00.847,0.6995,0.69939,1.5,1.31
09.08.2021 00:37:00.898,0.6994800000000001,0.69938,1,1.87
09.08.2021 00:37:02.342,0.6994800000000001,0.69937,1,2.62
09.08.2021 00:37:03.994,0.6995,0.69937,2.62,1.25
09.08.2021 00:37:04.095,0.69952,0.69938,1.5,3.25
09.08.2021 00:37:04.196,0.69952,0.69939,1.12,1.25
09.08.2021 00:37:06.498,0.69949,0.69938,1.5,1.25
09.08.2021 00:37:06.548,0.69949,0.6993600000000001,1.5,1.75
09.08.2021 00:37:22.917,0.69949,0.6993600000000001,1.5,2.44
09.08.2021 00:37:23.069,0.6994800000000001,0.69935,1,1.69
09.08.2021 00:37:41.760,0.6994600000000001,0.6993600000000001,1,1.5
09.08.2021 00:37:41.861,0.6994600000000001,0.69935,1,1.5
09.08.2021 00:37:41.962,0.69947,0.69935,1,1.5
09.08.2021 00:37:42.745,0.69947,0.6993600000000001,2.06,1.5
09.08.2021 00:37:51.298,0.69945,0.6993600000000001,1,1.5
09.08.2021 00:37:51.399,0.6994300000000001,0.69932,1,1.12
09.08.2021 00:37:51.500,0.69938,0.69929,1,2.75
09.08.2021 00:37:51.601,0.69937,0.69925,1,1.25
09.08.2021 00:37:53.046,0.69937,0.69924,1.5,1
09.08.2021 00:37:53.836,0.69933,0.6992100000000001,1,1
09.08.2021 00:37:53.937,0.69932,0.6992100000000001,1,1
09.08.2021 00:37:54.038,0.69933,0.6992100000000001,1.5,1
09.08.2021 00:37:54.139,0.69932,0.6992,1.5,1
09.08.2021 00:38:00.849,0.6993,0.6991700000000001,2.25,1
09.08.2021 00:38:00.950,0.69928,0.6991700000000001,1,1
09.08.2021 00:38:01.102,0.69928,0.69914,1,2.25
09.08.2021 00:38:11.234,0.6992700000000001,0.69915,1,2.37
09.08.2021 00:38:13.235,0.69928,0.69914,1,1.5
09.08.2021 00:38:20.507,0.6992600000000001,0.69914,1,1
09.08.2021 00:38:20.558,0.6992600000000001,0.69912,1,1.5
09.08.2021 00:38:36.131,0.6992700000000001,0.69913,2.25,1.75
09.08.2021 00:38:36.283,0.6992700000000001,0.69914,1,1.75
09.08.2021 00:38:37.220,0.69928,0.69914,1.5,2.5
09.08.2021 00:38:46.694,0.6993,0.69918,1.5,1
09.08.2021 00:38:46.795,0.6993100000000001,0.69918,1.12,1.69
09.08.2021 00:38:55.495,0.69932,0.69918,1,2.5
09.08.2021 00:38:57.146,0.69934,0.6992100000000001,1,1.25
09.08.2021 00:38:58.847,0.69934,0.6992200000000001,1.5,1.69
09.08.2021 00:39:07.722,0.69934,0.6992,1.69,1.69
09.08.2021 00:39:07.824,0.69932,0.6992,1.69,1.25
09.08.2021 00:39:07.925,0.69932,0.69918,1,2.5
09.08.2021 00:39:11.240,0.69928,0.6991600000000001,1.5,1.25
09.08.2021 00:39:11.694,0.69929,0.69915,1,2.5
09.08.2021 00:39:15.029,0.69929,0.69915,1.5,1.25
09.08.2021 00:39:15.131,0.69928,0.69914,2.44,1.12
09.08.2021 00:39:15.333,0.69928,0.69914,1.5,2.87
09.08.2021 00:39:20.906,0.69928,0.69915,1,1.75
09.08.2021 00:39:21.007,0.69929,0.69915,2.62,1.25
09.08.2021 00:39:22.106,0.69929,0.69914,2.62,2.5
09.08.2021 00:39:24.290,0.69928,0.69914,1,1
09.08.2021 00:39:29.133,0.6992600000000001,0.69915,1,1
09.08.2021 00:39:29.449,0.69928,0.69914,1.5,1
09.08.2021 00:39:30.193,0.69928,0.69913,2.25,2.44
09.08.2021 00:39:30.997,0.6992700000000001,0.69913,1,1.5
09.08.2021 00:39:31.099,0.6992600000000001,0.69912,3,1
09.08.2021 00:39:31.200,0.69925,0.69912,2.25,1.69
09.08.2021 00:39:35.185,0.6992100000000001,0.6991,1,1
09.08.2021 00:39:35.236,0.6992,0.69907,2.62,2.25
09.08.2021 00:39:35.338,0.69919,0.69906,1.5,1.75
09.08.2021 00:39:35.389,0.69919,0.69906,1.5,1.25
09.08.2021 00:39:35.556,0.69919,0.6990500000000001,1.5,2.06
09.08.2021 00:39:41.983,0.6991700000000001,0.69906,1,1.25
09.08.2021 00:39:44.252,0.69918,0.6990500000000001,1,1.75
09.08.2021 00:39:44.303,0.6992200000000001,0.69909,2,1
09.08.2021 00:39:44.354,0.6992100000000001,0.6991,1.87,1.25
09.08.2021 00:39:46.738,0.6992200000000001,0.6991100000000001,1,1.25
09.08.2021 00:39:49.697,0.6992600000000001,0.69912,2.87,1.5
09.08.2021 00:39:49.798,0.6992600000000001,0.69913,1.12,1
09.08.2021 00:39:51.663,0.6992600000000001,0.69912,1.5,1
09.08.2021 00:39:51.765,0.69924,0.6991,1,1.75
09.08.2021 00:39:51.916,0.69924,0.6991,1,1.25
09.08.2021 00:40:14.112,0.6992600000000001,0.69913,1.12,1
09.08.2021 00:40:22.718,0.69923,0.69913,1,1.5
09.08.2021 00:40:22.770,0.6992100000000001,0.69909,1,1.5
09.08.2021 00:40:22.821,0.69923,0.6991,1.12,1.75
09.08.2021 00:40:22.924,0.69923,0.6991,1.31,1
09.08.2021 00:40:23.131,0.69923,0.69909,1.25,1.69
09.08.2021 00:40:24.003,0.69923,0.6991,1,1
09.08.2021 00:40:24.104,0.69925,0.6991100000000001,2,1.25
09.08.2021 00:40:24.206,0.69925,0.6991100000000001,1.5,1.25
09.08.2021 00:40:25.161,0.69925,0.69915,1.5,1
09.08.2021 00:40:43.904,0.69929,0.69914,2.75,2.44
09.08.2021 00:40:44.956,0.69928,0.6991700000000001,2.75,1
09.08.2021 00:40:45.058,0.6993100000000001,0.69918,1.25,1
09.08.2021 00:40:52.299,0.6993100000000001,0.69919,1,1
09.08.2021 00:41:07.529,0.6993,0.6991700000000001,1.87,1
09.08.2021 00:41:07.630,0.69929,0.6991600000000001,1,1
09.08.2021 00:41:07.681,0.6992700000000001,0.69914,1,1.5
09.08.2021 00:41:07.834,0.69928,0.69914,1.12,1.5
09.08.2021 00:41:07.993,0.69928,0.69915,1.12,1
09.08.2021 00:41:14.300,0.6992600000000001,0.69913,1.5,1
09.08.2021 00:41:14.410,0.69924,0.69914,1,1
09.08.2021 00:41:16.930,0.6992600000000001,0.69915,1,1
09.08.2021 00:41:26.115,0.69928,0.69915,1.87,1
09.08.2021 00:41:30.519,0.6992600000000001,0.69915,1,1
09.08.2021 00:41:31.655,0.69928,0.69915,1.87,1
09.08.2021 00:41:31.760,0.69928,0.69915,1.12,1.25
09.08.2021 00:41:32.801,0.69928,0.69915,1,1.25
09.08.2021 00:41:38.121,0.69929,0.69919,1.12,1.5
09.08.2021 00:41:38.223,0.69932,0.6992,1.5,1
09.08.2021 00:41:38.324,0.6993100000000001,0.6992100000000001,1.5,1
09.08.2021 00:41:39.387,0.6993100000000001,0.6992100000000001,1,1
09.08.2021 00:41:39.761,0.69933,0.6992,1.12,1
09.08.2021 00:41:39.862,0.6993600000000001,0.69923,2,1
09.08.2021 00:41:40.013,0.6993600000000001,0.69923,1.12,1.5
09.08.2021 00:41:40.114,0.6993600000000001,0.69924,1,1
09.08.2021 00:41:40.215,0.69937,0.69924,1.25,1
09.08.2021 00:41:45.360,0.69938,0.69924,1.69,1
09.08.2021 00:41:47.286,0.69937,0.69924,1.25,1
09.08.2021 00:41:48.360,0.69938,0.69924,1.5,1
09.08.2021 00:41:51.681,0.69937,0.69924,1,1
09.08.2021 00:41:51.782,0.69937,0.69923,1.31,1
09.08.2021 00:41:51.833,0.69935,0.6992200000000001,1,1
09.08.2021 00:41:51.961,0.69935,0.6992100000000001,1,1.25
09.08.2021 00:41:55.258,0.69938,0.69924,1.75,2.25
09.08.2021 00:41:55.359,0.69937,0.6992600000000001,1,1.25
09.08.2021 00:41:55.460,0.69939,0.69925,1.12,1.75
09.08.2021 00:41:55.561,0.69942,0.69928,1.5,1.69
09.08.2021 00:41:55.663,0.6994100000000001,0.6993,1.5,1
09.08.2021 00:41:55.764,0.69942,0.69929,1,1.5
09.08.2021 00:41:56.698,0.69942,0.6993,1,1.69
09.08.2021 00:42:06.864,0.6994300000000001,0.69929,1.12,1.25
09.08.2021 00:42:14.464,0.6994300000000001,0.6993,2.62,1.75
09.08.2021 00:42:15.681,0.6994600000000001,0.69933,1.87,1
09.08.2021 00:42:16.059,0.69945,0.69933,2.06,1
09.08.2021 00:42:16.164,0.69945,0.69932,1,1
09.08.2021 00:42:16.265,0.69945,0.6993,2.25,1.75
09.08.2021 00:42:16.366,0.69944,0.6993,1,1
09.08.2021 00:42:16.759,0.6994300000000001,0.69929,1,1
09.08.2021 00:42:16.860,0.69939,0.6992600000000001,1,1.12
09.08.2021 00:42:18.157,0.69939,0.6992700000000001,1,1
09.08.2021 00:42:19.495,0.69942,0.6993100000000001,1.5,1
09.08.2021 00:42:19.596,0.6994300000000001,0.69933,1.5,1
09.08.2021 00:42:19.646,0.69942,0.69934,1.31,1
09.08.2021 00:42:19.697,0.69942,0.69932,1.31,1
09.08.2021 00:42:24.007,0.69944,0.69932,2.25,1
09.08.2021 00:42:24.108,0.69944,0.69932,1.25,1
09.08.2021 00:42:24.525,0.6994600000000001,0.69935,1.75,1
09.08.2021 00:42:24.677,0.6994600000000001,0.69935,1.25,1
09.08.2021 00:42:25.685,0.69944,0.69935,1.25,1
09.08.2021 00:42:29.360,0.6994600000000001,0.69935,1.25,1
09.08.2021 00:42:33.837,0.69945,0.69932,1.25,1
09.08.2021 00:42:33.938,0.69945,0.6993100000000001,1.25,1
09.08.2021 00:42:35.794,0.69945,0.69933,1,1
09.08.2021 00:42:35.895,0.6994600000000001,0.69935,1.25,1
09.08.2021 00:42:38.222,0.69945,0.69935,1.25,1
09.08.2021 00:42:40.109,0.6994800000000001,0.69935,2.12,1.5
09.08.2021 00:42:40.210,0.6994800000000001,0.6993600000000001,1.87,1
09.08.2021 00:42:43.913,0.6994800000000001,0.69935,1.12,1.5
09.08.2021 00:42:44.014,0.69947,0.69935,1,1.5
09.08.2021 00:42:55.322,0.69945,0.6993600000000001,1.25,1.5
09.08.2021 00:42:55.474,0.6994600000000001,0.69933,1.25,1
09.08.2021 00:42:55.575,0.69945,0.69933,1,1
09.08.2021 00:42:55.777,0.69945,0.69932,1.25,1.5
09.08.2021 00:42:55.879,0.6994300000000001,0.69933,1,1.5
09.08.2021 00:43:00.639,0.6994600000000001,0.69934,1,1
09.08.2021 00:43:04.267,0.6994600000000001,0.69935,1,1
09.08.2021 00:43:08.410,0.6994600000000001,0.69934,1,1.5
09.08.2021 00:43:08.565,0.69945,0.69933,1,1.5
09.08.2021 00:43:08.616,0.69945,0.6993,1.5,2.06
09.08.2021 00:43:13.889,0.69942,0.6993,1.31,1
09.08.2021 00:43:13.991,0.69939,0.6992600000000001,1,1.87
09.08.2021 00:43:34.657,0.6994100000000001,0.69929,1.5,1.5
09.08.2021 00:43:34.759,0.69942,0.6993,1.31,1
09.08.2021 00:43:34.963,0.69942,0.6993100000000001,1.25,1
09.08.2021 00:43:35.731,0.6994300000000001,0.6993100000000001,1.25,1
09.08.2021 00:43:36.304,0.6994300000000001,0.69932,1.25,1
09.08.2021 00:43:40.484,0.69944,0.69932,1.25,1
09.08.2021 00:43:40.586,0.6994600000000001,0.69934,1.12,1.5
09.08.2021 00:43:40.687,0.6994600000000001,0.69935,1.12,1
09.08.2021 00:43:46.819,0.69945,0.69934,1,1
09.08.2021 00:43:46.920,0.69945,0.69933,1,1
09.08.2021 00:43:47.021,0.69944,0.69932,1.25,1
09.08.2021 00:43:47.122,0.6994300000000001,0.6993100000000001,1.25,1.5
09.08.2021 00:43:47.274,0.69944,0.6993100000000001,1.25,1
09.08.2021 00:43:49.849,0.69947,0.69934,1.69,1.5
09.08.2021 00:43:53.245,0.6994800000000001,0.69935,2.06,1.5
09.08.2021 00:44:00.301,0.69947,0.6994100000000001,1,1
09.08.2021 00:44:00.402,0.6994800000000001,0.6994100000000001,1,1
09.08.2021 00:44:00.453,0.69955,0.6994100000000001,3,1
09.08.2021 00:44:00.503,0.6995600000000001,0.6994300000000001,2.87,1
09.08.2021 00:44:00.605,0.6995800000000001,0.69944,1.75,1.69
09.08.2021 00:44:00.706,0.69959,0.69944,2.06,2.5
09.08.2021 00:44:01.669,0.6995800000000001,0.69945,2.87,2.44
09.08.2021 00:44:02.114,0.6995800000000001,0.69944,1.25,2.25
09.08.2021 00:44:03.388,0.6995800000000001,0.69944,1.25,1.5
09.08.2021 00:44:09.763,0.69959,0.69944,1.12,2.44
09.08.2021 00:44:09.864,0.69959,0.69944,1.12,2.5
09.08.2021 00:44:09.965,0.69959,0.69944,1.12,2.25
09.08.2021 00:44:12.817,0.6995600000000001,0.69945,1,1
09.08.2021 00:44:13.125,0.6995600000000001,0.69942,2.44,1
09.08.2021 00:44:13.176,0.6995300000000001,0.69939,1,1
09.08.2021 00:44:13.277,0.6995300000000001,0.69938,1.5,1.87
09.08.2021 00:44:15.621,0.69947,0.6993600000000001,1,1
09.08.2021 00:44:15.722,0.6994600000000001,0.69935,1.25,1.5
09.08.2021 00:44:15.824,0.69947,0.69934,1.25,1
09.08.2021 00:44:17.883,0.6994600000000001,0.6993600000000001,1.25,1
09.08.2021 00:44:24.059,0.69947,0.69935,1.12,1.5
09.08.2021 00:44:26.382,0.6994800000000001,0.69935,1.12,1
09.08.2021 00:44:31.087,0.6995,0.69942,1.25,1
09.08.2021 00:44:31.137,0.6995300000000001,0.6994100000000001,1,1
09.08.2021 00:44:31.289,0.69954,0.6994,1,1
09.08.2021 00:44:39.980,0.69955,0.69942,1.31,1
09.08.2021 00:44:40.131,0.69954,0.6994100000000001,1,1
09.08.2021 00:44:42.735,0.69954,0.6994,1,1
09.08.2021 00:44:42.836,0.6995,0.69937,1.87,1.5
09.08.2021 00:44:42.937,0.6994800000000001,0.69938,1,1
09.08.2021 00:44:43.089,0.69949,0.6993600000000001,1,1.12
09.08.2021 00:44:52.339,0.6994800000000001,0.69935,1,1
09.08.2021 00:45:00.578,0.6994800000000001,0.69937,1,1
09.08.2021 00:45:07.746,0.6994800000000001,0.6993600000000001,1.5,1
09.08.2021 00:45:07.847,0.6994800000000001,0.69935,1.12,1
09.08.2021 00:45:09.767,0.69947,0.69934,1.25,1.5
09.08.2021 00:45:16.414,0.6994600000000001,0.69932,1.5,1.25
09.08.2021 00:45:16.515,0.69945,0.6993100000000001,1,2.12
09.08.2021 00:45:17.069,0.69945,0.6993100000000001,1,1.25
09.08.2021 00:45:27.242,0.69944,0.6993100000000001,1,1.25
09.08.2021 00:45:37.379,0.69944,0.6993,1.5,1.69
09.08.2021 00:45:39.330,0.6994300000000001,0.6993,1,1.25
09.08.2021 00:45:40.454,0.6994,0.69928,1.87,1
09.08.2021 00:45:40.555,0.69938,0.6992600000000001,1,1.5
09.08.2021 00:45:42.665,0.69938,0.6992700000000001,1,1
09.08.2021 00:45:42.716,0.6994,0.6992700000000001,1,1.25
09.08.2021 00:45:42.817,0.6994100000000001,0.6992700000000001,1.87,1.75
09.08.2021 00:45:55.715,0.69944,0.6993,1.95,1.5
09.08.2021 00:45:55.816,0.6994600000000001,0.69934,1.75,1.5
09.08.2021 00:45:55.917,0.69947,0.69935,1,1
09.08.2021 00:45:56.019,0.6994800000000001,0.69937,1,1
09.08.2021 00:46:03.842,0.69947,0.69937,1,1
09.08.2021 00:46:04.105,0.6994600000000001,0.69935,1,1
09.08.2021 00:46:14.960,0.69947,0.69935,1.12,1
09.08.2021 00:46:15.061,0.69947,0.6993600000000001,1.12,1
09.08.2021 00:46:23.218,0.69947,0.69937,1.12,1
09.08.2021 00:46:27.192,0.6994800000000001,0.69937,1,1
09.08.2021 00:46:28.930,0.6994800000000001,0.69938,1,1
09.08.2021 00:46:29.762,0.69949,0.6993600000000001,1,1
09.08.2021 00:46:31.541,0.69947,0.69937,1,1
09.08.2021 00:46:44.318,0.6994600000000001,0.69937,1,1
09.08.2021 00:46:44.419,0.69947,0.69935,1,1
09.08.2021 00:46:46.396,0.6994800000000001,0.69935,1.12,1
09.08.2021 00:46:48.192,0.6994800000000001,0.6993600000000001,1.12,1
09.08.2021 00:46:54.781,0.69947,0.6993600000000001,1,1
09.08.2021 00:46:54.882,0.69947,0.69935,1,1
09.08.2021 00:47:01.873,0.69949,0.6993600000000001,2,1
09.08.2021 00:47:04.608,0.6995,0.69939,2,1.25
09.08.2021 00:47:04.659,0.6995300000000001,0.69942,1.75,1.25
09.08.2021 00:47:04.810,0.69957,0.6994300000000001,2.75,1.5
09.08.2021 00:47:04.912,0.6995800000000001,0.69944,3.5,1.25
09.08.2021 00:47:05.021,0.6995800000000001,0.69944,3.37,1.25
09.08.2021 00:47:05.174,0.6995800000000001,0.69945,1.12,1
09.08.2021 00:47:14.291,0.69957,0.69945,1,1
09.08.2021 00:47:14.790,0.6995800000000001,0.69945,1.5,1
09.08.2021 00:47:17.656,0.69957,0.69945,1,1
09.08.2021 00:47:18.192,0.69957,0.69944,1,1.69
09.08.2021 00:47:19.410,0.69957,0.69945,1,1
09.08.2021 00:47:43.084,0.69957,0.6994600000000001,3.37,1.25
09.08.2021 00:47:43.185,0.69957,0.69947,2.62,1
09.08.2021 00:47:43.437,0.6995800000000001,0.69947,1,1.25
09.08.2021 00:47:43.591,0.6995800000000001,0.6994800000000001,1,1
09.08.2021 00:47:45.888,0.6995800000000001,0.69947,1,1
09.08.2021 00:47:54.773,0.6996,0.69947,3.75,1
09.08.2021 00:47:56.745,0.6995800000000001,0.69947,1.12,1
09.08.2021 00:48:02.459,0.69957,0.69945,1.5,1.5
09.08.2021 00:48:02.561,0.6995600000000001,0.6994300000000001,1.25,1
09.08.2021 00:48:03.020,0.69954,0.6994100000000001,1.12,1
09.08.2021 00:48:03.122,0.69955,0.6994100000000001,1.69,1
09.08.2021 00:48:04.041,0.69955,0.6994100000000001,2.19,1
09.08.2021 00:48:04.142,0.6995300000000001,0.6994100000000001,1.12,1.25
09.08.2021 00:48:16.630,0.6995300000000001,0.6994,1,1.25
09.08.2021 00:48:25.070,0.6995300000000001,0.6994100000000001,1,1
09.08.2021 00:48:27.861,0.69954,0.69944,1,1
09.08.2021 00:48:33.206,0.69954,0.6994300000000001,1,1
09.08.2021 00:48:36.862,0.69954,0.69944,1.12,1
09.08.2021 00:48:41.188,0.69955,0.69942,1.12,1.5
09.08.2021 00:48:46.674,0.6995300000000001,0.69942,1.87,1
09.08.2021 00:48:46.775,0.69954,0.6994,2.62,1.25
09.08.2021 00:48:47.054,0.6995,0.6993600000000001,1.12,2.44
09.08.2021 00:48:52.077,0.6995,0.6993600000000001,2.37,1
09.08.2021 00:48:55.461,0.69949,0.69935,1.12,1.69
09.08.2021 00:48:59.056,0.69949,0.69935,1.12,3.25
09.08.2021 00:49:00.931,0.6995,0.69937,1,1.25
09.08.2021 00:49:01.032,0.69952,0.69938,1.87,2.5
09.08.2021 00:49:03.581,0.69952,0.69939,1,1.75
09.08.2021 00:49:09.008,0.69954,0.6994,1.5,1.69
09.08.2021 00:49:09.110,0.69954,0.6994100000000001,1,1
09.08.2021 00:49:09.212,0.69955,0.69942,1.87,1.25
09.08.2021 00:49:09.314,0.6995600000000001,0.6994300000000001,1,1.25
09.08.2021 00:49:09.466,0.69957,0.69944,1.25,1
09.08.2021 00:49:13.442,0.6995800000000001,0.69944,1,2.5
09.08.2021 00:49:13.932,0.69957,0.69945,1,1
09.08.2021 00:49:14.033,0.69957,0.69944,1.5,1.25
09.08.2021 00:49:17.004,0.6995600000000001,0.6994600000000001,1,1
09.08.2021 00:49:24.621,0.69957,0.69944,1,1.69
09.08.2021 00:49:24.722,0.6995600000000001,0.69942,1,3.25
09.08.2021 00:49:25.879,0.6995600000000001,0.69942,1.69,1.5
09.08.2021 00:49:28.658,0.69954,0.6994300000000001,1.5,1.5
09.08.2021 00:49:28.759,0.69952,0.6994,1.5,2.44
09.08.2021 00:49:36.721,0.69952,0.6994100000000001,1.87,1.25
09.08.2021 00:49:39.293,0.6995300000000001,0.6994100000000001,1.5,1.69
09.08.2021 00:49:47.505,0.6995300000000001,0.6994,1,1.25
09.08.2021 00:49:48.111,0.6995300000000001,0.6994100000000001,1,1.25
09.08.2021 00:49:49.411,0.6995300000000001,0.6994,1,1.25
09.08.2021 00:49:49.519,0.6995300000000001,0.6994100000000001,1,1.25
09.08.2021 00:49:49.828,0.6995300000000001,0.6994,1,1.25
09.08.2021 00:49:50.297,0.69952,0.69942,1,1.25
09.08.2021 00:49:50.539,0.6995300000000001,0.6994,1,1.25
09.08.2021 00:49:53.256,0.6995100000000001,0.6994,1,1.25
09.08.2021 00:49:53.358,0.69952,0.69938,2.25,3.25
09.08.2021 00:49:54.598,0.6995100000000001,0.69938,1.25,2.44
09.08.2021 00:50:02.412,0.6995,0.69938,1.31,1
09.08.2021 00:50:03.751,0.6995,0.69938,1,1.75
09.08.2021 00:50:04.092,0.6995100000000001,0.69938,1.5,1.75
09.08.2021 00:50:04.811,0.6995100000000001,0.69938,2.87,1
09.08.2021 00:50:04.936,0.6995100000000001,0.69938,2.62,1.75
09.08.2021 00:50:05.314,0.6995100000000001,0.69938,2.87,1
09.08.2021 00:50:05.660,0.69949,0.69938,1,1
09.08.2021 00:50:07.735,0.6995100000000001,0.69939,1.87,1.25
09.08.2021 00:50:07.836,0.6995,0.6994100000000001,1,1
09.08.2021 00:50:08.089,0.69952,0.69942,1,1
09.08.2021 00:50:08.508,0.6995300000000001,0.6994300000000001,6,1
09.08.2021 00:50:08.839,0.69955,0.6994100000000001,1.5,2.5
09.08.2021 00:50:08.940,0.6995600000000001,0.6994300000000001,1.87,1.5
09.08.2021 00:50:13.627,0.6995600000000001,0.69944,1,1
09.08.2021 00:50:18.304,0.69957,0.69944,2.25,1.25
09.08.2021 00:50:19.339,0.69957,0.69944,1.5,3.25
09.08.2021 00:50:28.076,0.6995800000000001,0.69945,2.25,1.25
09.08.2021 00:50:41.700,0.69957,0.6994600000000001,2.25,2.5
09.08.2021 00:50:43.737,0.6995800000000001,0.69945,2.25,2.44
09.08.2021 00:50:43.989,0.6995800000000001,0.69945,2.25,3.25
09.08.2021 00:50:44.090,0.6995800000000001,0.69947,1,1.25
09.08.2021 00:50:50.124,0.69959,0.69947,1.5,1.25
09.08.2021 00:50:50.321,0.6996100000000001,0.69949,1,1
09.08.2021 00:50:50.372,0.6996,0.69947,1.87,3.19
09.08.2021 00:50:50.473,0.69959,0.69947,1,1.69
09.08.2021 00:50:51.856,0.6995800000000001,0.69947,1.5,2.44
09.08.2021 00:50:51.957,0.69959,0.69947,1.5,1.25
09.08.2021 00:51:07.155,0.6996100000000001,0.69949,2.75,1.25
09.08.2021 00:51:07.256,0.6996,0.6995,1,1.75
09.08.2021 00:51:07.408,0.6996100000000001,0.69949,1,1.25
09.08.2021 00:51:07.509,0.6996100000000001,0.6995100000000001,1.87,1
09.08.2021 00:51:08.353,0.69964,0.6995100000000001,2,2.44
09.08.2021 00:51:08.454,0.69964,0.6995100000000001,1.5,3.25
09.08.2021 00:51:08.555,0.69964,0.6995100000000001,1,3.25
09.08.2021 00:51:08.606,0.6996600000000001,0.6995300000000001,1.69,1
09.08.2021 00:51:13.554,0.69967,0.69954,1.69,1
09.08.2021 00:51:16.591,0.6996600000000001,0.6995300000000001,1.69,1.5
09.08.2021 00:51:19.562,0.69967,0.6995600000000001,2.25,1.25
09.08.2021 00:51:19.663,0.6996800000000001,0.6995600000000001,1,1.25
09.08.2021 00:51:26.312,0.6996800000000001,0.69955,2,2.5
09.08.2021 00:51:26.363,0.6996100000000001,0.6995,4.25,1.25
09.08.2021 00:51:26.465,0.69959,0.69947,1,1.75
09.08.2021 00:51:26.566,0.6995800000000001,0.6994800000000001,1,1.25
09.08.2021 00:51:26.775,0.6996300000000001,0.6995300000000001,1.52,1.25
09.08.2021 00:51:26.927,0.69962,0.6995100000000001,1.5,1.69
09.08.2021 00:51:26.978,0.6996300000000001,0.6995300000000001,1.69,1
09.08.2021 00:52:09.586,0.69959,0.69947,1.5,1.25
09.08.2021 00:52:09.637,0.69959,0.6994600000000001,2.25,1.25
09.08.2021 00:52:18.460,0.69957,0.6994600000000001,1,1.69
09.08.2021 00:52:18.956,0.69957,0.69944,1,1.25
09.08.2021 00:52:19.057,0.69955,0.69944,1.5,1.31
09.08.2021 00:52:19.158,0.69955,0.69942,1,1.75
09.08.2021 00:52:19.259,0.6995300000000001,0.6994300000000001,1,1.25
09.08.2021 00:52:19.471,0.69954,0.6994100000000001,1,3.25
09.08.2021 00:52:36.212,0.69955,0.6994100000000001,1,2.5
09.08.2021 00:52:54.387,0.6995600000000001,0.69942,2.06,1.25
09.08.2021 00:52:54.438,0.69957,0.69944,1.69,1
09.08.2021 00:52:54.639,0.69957,0.69944,1.5,1.75
09.08.2021 00:53:05.985,0.6996,0.69947,1,1.69
09.08.2021 00:53:06.087,0.6996100000000001,0.6994800000000001,1.87,1.5
09.08.2021 00:53:06.188,0.69959,0.6994600000000001,1,2.06
09.08.2021 00:53:06.289,0.6995800000000001,0.69945,1.5,1.75
09.08.2021 00:53:06.775,0.6995800000000001,0.69945,1.5,1.25
09.08.2021 00:53:13.691,0.69957,0.69944,1.5,1.25
09.08.2021 00:53:28.568,0.6996,0.69949,4.25,1.69
09.08.2021 00:53:28.719,0.6996100000000001,0.6994800000000001,1.5,1.25
09.08.2021 00:53:36.984,0.69962,0.6994800000000001,1.5,1.25
09.08.2021 00:53:37.334,0.6996100000000001,0.6994800000000001,1,1.25
09.08.2021 00:53:38.642,0.6995800000000001,0.69945,1,1.31
09.08.2021 00:53:47.903,0.69959,0.69945,2.25,1.25
09.08.2021 00:53:48.677,0.6996,0.6994600000000001,1.5,1.25
09.08.2021 00:53:48.930,0.69959,0.6994800000000001,1.5,1
09.08.2021 00:53:49.725,0.6996,0.6994800000000001,1.5,1.25
09.08.2021 00:53:49.826,0.6996,0.6994800000000001,1,1.75
09.08.2021 00:53:49.927,0.69962,0.6994800000000001,1.5,1.25
09.08.2021 00:53:50.170,0.6996100000000001,0.6995,1.5,1
09.08.2021 00:53:50.270,0.69965,0.6995100000000001,1.87,1
09.08.2021 00:53:51.801,0.69964,0.6995100000000001,1,1
09.08.2021 00:54:00.844,0.6996300000000001,0.6995,1,1.69
09.08.2021 00:54:00.946,0.69962,0.69949,1,1.5
09.08.2021 00:54:02.988,0.6996100000000001,0.69949,1,1
09.08.2021 00:54:03.039,0.6995800000000001,0.6994600000000001,2.25,2.12
09.08.2021 00:54:03.140,0.6995800000000001,0.6994600000000001,2.25,1.31
09.08.2021 00:54:03.395,0.6995800000000001,0.6994600000000001,1.5,1.25
09.08.2021 00:54:04.752,0.69957,0.6994600000000001,1,1.25
09.08.2021 00:54:30.792,0.69959,0.6994600000000001,1,1.25
09.08.2021 00:54:30.843,0.6996100000000001,0.69949,1,1.5
09.08.2021 00:54:30.944,0.69962,0.6994800000000001,1,2.44
09.08.2021 00:54:31.045,0.6996300000000001,0.69949,1.5,1
09.08.2021 00:54:31.147,0.69959,0.6994600000000001,1,1.25
09.08.2021 00:55:06.518,0.6996,0.6994600000000001,3,1.69
09.08.2021 00:55:06.775,0.6996,0.6994600000000001,3,2.5
09.08.2021 00:55:17.892,0.69959,0.69947,1,1.25
09.08.2021 00:55:19.880,0.6996,0.69947,2.25,1.69
09.08.2021 00:55:23.130,0.6996300000000001,0.6995100000000001,1.5,2.5
09.08.2021 00:55:23.232,0.69967,0.69955,1.5,1
09.08.2021 00:55:23.333,0.69969,0.6995600000000001,1.69,1
09.08.2021 00:55:23.434,0.69969,0.6996,1.12,1.5
09.08.2021 00:55:23.535,0.69971,0.6996100000000001,1.75,1
09.08.2021 00:55:23.586,0.69971,0.6996100000000001,1,1
09.08.2021 00:55:23.691,0.6997300000000001,0.69964,1.87,1.5
09.08.2021 00:55:23.842,0.69974,0.69962,2.25,1
09.08.2021 00:55:23.943,0.69974,0.6996100000000001,3,1
09.08.2021 00:55:31.512,0.69972,0.6996100000000001,1,1
09.08.2021 00:55:31.614,0.69972,0.6996,1.5,1.69
09.08.2021 00:55:31.719,0.6997300000000001,0.6996,1.87,1.69
09.08.2021 00:55:33.256,0.6997300000000001,0.6996300000000001,1,1
09.08.2021 00:55:33.307,0.69976,0.6996300000000001,1.5,3.25
09.08.2021 00:55:33.409,0.69977,0.6996600000000001,4.31,1
09.08.2021 00:55:35.633,0.6997800000000001,0.69969,1,1
09.08.2021 00:55:36.984,0.6998000000000001,0.6996800000000001,1.5,1
09.08.2021 00:55:37.717,0.6998000000000001,0.69967,2.25,1.69
09.08.2021 00:55:39.180,0.69979,0.69967,3.19,1.69
09.08.2021 00:55:40.781,0.69979,0.6996600000000001,1.25,1.5
09.08.2021 00:55:44.474,0.69979,0.69965,2.44,1.69
09.08.2021 00:56:15.860,0.6997800000000001,0.69967,2.62,1
09.08.2021 00:56:26.685,0.6997800000000001,0.69965,1.5,1.25
09.08.2021 00:56:26.787,0.69974,0.6996300000000001,1.69,1.5
09.08.2021 00:56:35.146,0.69974,0.69962,1.25,1.5
09.08.2021 00:56:35.708,0.69972,0.6996,1,1.25
09.08.2021 00:56:35.810,0.6997,0.6995800000000001,1.5,1.25
09.08.2021 00:56:35.912,0.69974,0.6996100000000001,1.5,1.5
09.08.2021 00:56:36.266,0.69974,0.69962,1,1
09.08.2021 00:56:37.596,0.6997300000000001,0.69962,1.5,1
09.08.2021 00:56:38.097,0.69974,0.6996300000000001,1,1
09.08.2021 00:56:39.109,0.69976,0.6996300000000001,1.5,1
09.08.2021 00:56:41.697,0.69975,0.69965,1,1
09.08.2021 00:56:41.798,0.69977,0.69964,1.87,1.5
09.08.2021 00:56:42.000,0.69977,0.69964,1,1.75
09.08.2021 00:56:45.209,0.6997800000000001,0.69965,2.25,1.25
09.08.2021 00:56:53.243,0.69976,0.6996300000000001,1,1
09.08.2021 00:56:53.344,0.69976,0.69962,1.5,1
09.08.2021 00:56:55.149,0.69974,0.6996300000000001,1,1
09.08.2021 00:57:00.451,0.69974,0.6996100000000001,1,1
09.08.2021 00:57:00.856,0.69971,0.6995800000000001,1,1.5
09.08.2021 00:57:01.790,0.69969,0.69959,1,1
09.08.2021 00:57:01.892,0.69972,0.69959,3.62,1
09.08.2021 00:57:01.993,0.69972,0.6996,2.12,1
09.08.2021 00:57:02.201,0.69972,0.6996100000000001,2.12,1
09.08.2021 00:57:03.477,0.69974,0.69962,1.75,1
09.08.2021 00:57:03.629,0.69974,0.69962,1.25,1
09.08.2021 00:57:09.388,0.69976,0.6996300000000001,1.75,1.5
09.08.2021 00:57:10.028,0.69976,0.69964,1.75,1
09.08.2021 00:57:14.783,0.69976,0.69964,1.25,1
09.08.2021 00:57:16.712,0.69975,0.69964,1.25,1.5
09.08.2021 00:57:17.804,0.69975,0.69962,1,1.69
09.08.2021 00:57:21.365,0.69975,0.6996100000000001,2.25,1
09.08.2021 00:57:22.368,0.6997300000000001,0.69962,1,1
09.08.2021 00:57:23.464,0.69975,0.6996100000000001,1.87,1
09.08.2021 00:57:24.637,0.69975,0.69962,1.12,1
09.08.2021 00:57:25.727,0.69976,0.6996300000000001,1.5,1.5
09.08.2021 00:57:25.849,0.69976,0.6996300000000001,1,1.5
09.08.2021 00:57:26.759,0.69975,0.6996300000000001,1.5,1
09.08.2021 00:57:27.392,0.69975,0.69962,1,1
09.08.2021 00:57:39.505,0.69976,0.69962,1.25,1
09.08.2021 00:57:41.453,0.69975,0.69962,1,1
09.08.2021 00:57:41.504,0.69972,0.69959,1.69,1.12
09.08.2021 00:57:41.706,0.69972,0.6996100000000001,2.12,1
09.08.2021 00:57:44.612,0.69971,0.6995800000000001,1.25,1.5
09.08.2021 00:57:44.713,0.6997,0.69957,1.25,1.5
09.08.2021 00:57:48.877,0.6997,0.69959,1.69,1
09.08.2021 00:57:48.928,0.6997300000000001,0.69962,1.69,2.44
09.08.2021 00:57:49.504,0.69975,0.6996300000000001,1.75,1
09.08.2021 00:57:49.605,0.69976,0.69964,1.25,1.5
09.08.2021 00:57:49.706,0.69977,0.69964,1.37,1.5
09.08.2021 00:57:55.512,0.6997800000000001,0.69964,3.62,1.69
09.08.2021 00:58:00.135,0.69977,0.6996600000000001,2.87,1
09.08.2021 00:58:07.136,0.6997800000000001,0.6996600000000001,1,1
09.08.2021 00:58:17.646,0.6997800000000001,0.69965,1,1.5
09.08.2021 00:58:19.346,0.6997800000000001,0.69967,1.5,1
09.08.2021 00:58:19.670,0.69981,0.6997,2.94,1.5
09.08.2021 00:58:19.822,0.69982,0.69969,1.69,1.5
09.08.2021 00:58:28.646,0.69981,0.69969,1,1.5
09.08.2021 00:58:28.748,0.69977,0.6996600000000001,1,1
09.08.2021 00:58:49.430,0.6997800000000001,0.6996600000000001,1,1
09.08.2021 00:58:51.320,0.69976,0.69967,1,1
09.08.2021 00:59:02.027,0.69976,0.6996600000000001,1,1
09.08.2021 00:59:02.078,0.69976,0.69964,1,1
09.08.2021 00:59:16.837,0.69977,0.69964,1.5,1
09.08.2021 00:59:20.113,0.69977,0.69965,1,1
09.08.2021 00:59:25.851,0.69977,0.6996600000000001,1,1.5
09.08.2021 00:59:29.993,0.69977,0.69965,1,1
09.08.2021 00:59:58.953,0.6997800000000001,0.69965,1,1
09.08.2021 01:00:00.400,0.6998000000000001,0.69969,1.25,1
09.08.2021 01:00:00.501,0.69984,0.69972,1.5,1
09.08.2021 01:00:00.603,0.6998500000000001,0.69974,1.25,1
09.08.2021 01:00:01.171,0.6998500000000001,0.69971,1.69,1.5
09.08.2021 01:00:01.323,0.6998300000000001,0.69972,1,1.5
09.08.2021 01:00:01.687,0.6998300000000001,0.69969,1,2.25
09.08.2021 01:00:02.005,0.6998500000000001,0.6997300000000001,1.31,1.5
09.08.2021 01:00:02.106,0.69986,0.69974,1.31,1
09.08.2021 01:00:02.308,0.69987,0.69974,1,1.5
09.08.2021 01:00:09.462,0.69986,0.69974,1.25,1
09.08.2021 01:00:11.397,0.69986,0.69975,1.69,1
09.08.2021 01:00:12.513,0.69986,0.69974,1,1
09.08.2021 01:00:15.104,0.69986,0.69975,1.5,1.5
09.08.2021 01:00:20.501,0.6999000000000001,0.69982,1.37,1
09.08.2021 01:00:20.551,0.69992,0.6998300000000001,1,1.5
09.08.2021 01:00:20.602,0.69994,0.69984,1.12,1
09.08.2021 01:00:20.957,0.69994,0.6998500000000001,1,1.69
09.08.2021 01:00:21.008,0.69996,0.6998500000000001,1.25,1.69
09.08.2021 01:00:22.586,0.69999,0.6998500000000001,2.87,1.5
09.08.2021 01:00:22.637,0.70002,0.6999000000000001,1,1.5
09.08.2021 01:00:22.688,0.70004,0.69991,1,1.5
09.08.2021 01:00:22.739,0.7000500000000001,0.69993,1.25,1
09.08.2021 01:00:24.107,0.7000500000000001,0.69991,2.44,1.5
09.08.2021 01:00:24.512,0.7000500000000001,0.69993,1.25,1
09.08.2021 01:00:24.613,0.70007,0.69993,2.06,1.5
09.08.2021 01:00:25.083,0.70006,0.69994,2.87,1.5
09.08.2021 01:00:26.620,0.70006,0.69992,1.69,1.5
09.08.2021 01:00:26.721,0.7000500000000001,0.69992,1.5,1
09.08.2021 01:00:26.822,0.7000500000000001,0.69993,1,1
09.08.2021 01:00:26.924,0.70004,0.69991,1,1.5
09.08.2021 01:00:27.563,0.7000500000000001,0.69993,1,1
09.08.2021 01:00:27.664,0.70006,0.69993,1.69,1
09.08.2021 01:00:29.134,0.70006,0.69994,1.12,2.44
09.08.2021 01:00:29.950,0.70007,0.69993,1,2.5
09.08.2021 01:00:35.754,0.7001100000000001,0.7000000000000001,1.75,1.12
09.08.2021 01:00:35.855,0.70013,0.7000000000000001,1,2.12
09.08.2021 01:00:35.961,0.70012,0.7000000000000001,2.25,1.75
09.08.2021 01:00:36.062,0.70012,0.7000000000000001,2.25,1.69
09.08.2021 01:00:36.440,0.70014,0.70002,1.12,1
09.08.2021 01:00:36.698,0.70013,0.70002,1.5,1.5
09.08.2021 01:00:36.800,0.70013,0.69999,1.5,1.69
09.08.2021 01:00:37.172,0.70012,0.69999,1,1.5
09.08.2021 01:00:38.181,0.7001100000000001,0.69998,1,1.69
09.08.2021 01:00:42.085,0.70009,0.6999500000000001,1.5,2.62
09.08.2021 01:00:42.137,0.70013,0.7000000000000001,4.25,1
09.08.2021 01:00:42.239,0.70012,0.69998,2.75,1.75
09.08.2021 01:00:42.290,0.70012,0.69998,2.25,2.06
09.08.2021 01:00:42.728,0.7001100000000001,0.69997,1,2.87
09.08.2021 01:00:43.248,0.70009,0.69996,1,2.87
09.08.2021 01:00:43.349,0.70008,0.69997,1,2.5
09.08.2021 01:00:43.943,0.70009,0.69996,1,1.25
09.08.2021 01:00:44.044,0.70007,0.69996,1,3.25
09.08.2021 01:00:44.400,0.70008,0.6999500000000001,1,2.44
09.08.2021 01:00:45.563,0.70006,0.69996,1,1
09.08.2021 01:00:49.103,0.70008,0.6999500000000001,1,1.25
09.08.2021 01:00:55.820,0.70008,0.69994,1,2.44
09.08.2021 01:00:56.128,0.70007,0.6999500000000001,1,3.25
09.08.2021 01:00:58.819,0.70007,0.69994,1,2.44
09.08.2021 01:00:59.905,0.70006,0.69994,1,1.25
09.08.2021 01:01:00.220,0.7000500000000001,0.69994,1,2.44
09.08.2021 01:01:03.109,0.70007,0.69994,1.5,1
09.08.2021 01:01:08.541,0.70006,0.69994,1,1
09.08.2021 01:01:08.968,0.70007,0.69994,2.25,1
09.08.2021 01:01:10.144,0.70007,0.69993,1.5,1.69
09.08.2021 01:01:10.803,0.70007,0.69994,1,1.25
09.08.2021 01:01:22.170,0.70006,0.69994,1,1
09.08.2021 01:01:24.117,0.70007,0.69994,1.5,1
09.08.2021 01:01:27.583,0.70007,0.6999500000000001,1,1
09.08.2021 01:01:33.795,0.70008,0.6999500000000001,2.25,1
09.08.2021 01:01:33.896,0.7001000000000001,0.69998,1,1
09.08.2021 01:01:34.048,0.7001100000000001,0.69998,1.87,1
09.08.2021 01:01:35.222,0.7001100000000001,0.69999,1,1
09.08.2021 01:01:37.322,0.70008,0.69994,1,4.12
09.08.2021 01:01:37.524,0.70007,0.69994,1,1.75
09.08.2021 01:01:46.190,0.70008,0.7000000000000001,1,1
09.08.2021 01:01:47.114,0.70009,0.70001,1.87,1
09.08.2021 01:01:47.444,0.70009,0.7000000000000001,1.5,1
09.08.2021 01:01:49.374,0.70008,0.7000000000000001,1,1
09.08.2021 01:01:52.704,0.7001100000000001,0.7000000000000001,1.5,1.12
09.08.2021 01:01:52.806,0.70012,0.70003,1.5,1
09.08.2021 01:01:52.907,0.70015,0.70004,1,1
09.08.2021 01:01:53.009,0.70015,0.70004,1.75,1
09.08.2021 01:01:53.277,0.70015,0.7000500000000001,1,1
09.08.2021 01:01:57.757,0.70015,0.70003,1.25,1
09.08.2021 01:01:59.077,0.70013,0.70002,1.5,1
09.08.2021 01:01:59.127,0.7001100000000001,0.69999,2.44,1
09.08.2021 01:01:59.228,0.7001100000000001,0.69998,2.44,1
09.08.2021 01:01:59.809,0.70009,0.69997,1,1.25
09.08.2021 01:01:59.910,0.70009,0.69997,1,1
09.08.2021 01:02:08.558,0.70009,0.69996,2.25,1
09.08.2021 01:02:10.565,0.70009,0.69997,1,1
09.08.2021 01:02:10.717,0.70009,0.70001,1,1
09.08.2021 01:02:11.173,0.70013,0.70002,1,1
09.08.2021 01:02:11.325,0.70013,0.70001,1.69,1
09.08.2021 01:02:19.205,0.70014,0.70002,1,1
09.08.2021 01:02:19.559,0.70014,0.70003,1,1
09.08.2021 01:02:19.610,0.7001600000000001,0.70004,1,1.25
09.08.2021 01:02:19.711,0.7001700000000001,0.7000500000000001,1.12,1
09.08.2021 01:02:19.812,0.70018,0.7000500000000001,1.87,1
09.08.2021 01:02:26.066,0.70019,0.70006,1.5,1
09.08.2021 01:02:27.469,0.7001700000000001,0.70006,1,1.69
09.08.2021 01:02:37.642,0.70018,0.70004,1.5,1.69
09.08.2021 01:02:38.467,0.70018,0.7000500000000001,1.5,1
09.08.2021 01:02:38.668,0.70018,0.7000500000000001,1,2.5
09.08.2021 01:02:40.805,0.70019,0.7000500000000001,2.62,1.69
09.08.2021 01:02:44.474,0.70018,0.7000500000000001,1,2.5
09.08.2021 01:02:44.625,0.7002200000000001,0.70009,2.06,1
09.08.2021 01:02:44.777,0.7002200000000001,0.7001100000000001,1.31,1
09.08.2021 01:02:46.063,0.70023,0.7001100000000001,1,1
09.08.2021 01:02:46.214,0.7002600000000001,0.70014,2.81,1
09.08.2021 01:02:46.467,0.7002700000000001,0.70014,2.06,1
09.08.2021 01:02:46.583,0.70028,0.70015,3.69,1
09.08.2021 01:02:46.684,0.70028,0.7001700000000001,1,1.25
09.08.2021 01:02:46.786,0.70029,0.7001600000000001,1.87,1.25
09.08.2021 01:02:48.319,0.7003,0.7001700000000001,1.69,1
09.08.2021 01:02:49.552,0.7003100000000001,0.7002,1.5,1
09.08.2021 01:02:50.049,0.7003100000000001,0.7002100000000001,1.25,1
09.08.2021 01:02:51.190,0.7003,0.70018,2.06,1
09.08.2021 01:02:53.124,0.7003,0.7001700000000001,1.5,1.69
09.08.2021 01:02:53.392,0.7003,0.70018,1.5,1
09.08.2021 01:02:53.493,0.70033,0.70023,1.87,1
09.08.2021 01:02:55.641,0.7003,0.70018,2.06,1.5
09.08.2021 01:02:55.743,0.7003,0.7001700000000001,3.19,1.5
09.08.2021 01:02:58.842,0.70028,0.70018,1,1
09.08.2021 01:02:58.943,0.70029,0.7001600000000001,2.25,1.5
09.08.2021 01:03:07.398,0.70028,0.7001600000000001,1,1
09.08.2021 01:03:07.500,0.70028,0.70015,1.69,1
09.08.2021 01:03:10.833,0.70028,0.70015,2.5,1
09.08.2021 01:03:11.077,0.7002700000000001,0.7001600000000001,1.5,1
09.08.2021 01:03:13.198,0.70028,0.70015,1.75,1
09.08.2021 01:03:13.579,0.70028,0.70015,1.69,1
09.08.2021 01:03:14.175,0.70028,0.7001700000000001,1.69,1
09.08.2021 01:03:14.642,0.70028,0.7001700000000001,1.75,1
09.08.2021 01:03:18.434,0.70028,0.70018,2.87,1
09.08.2021 01:03:19.222,0.70028,0.7001600000000001,1.25,1
09.08.2021 01:03:19.343,0.7002700000000001,0.7001600000000001,1.25,1
09.08.2021 01:03:25.752,0.7002700000000001,0.7001700000000001,2.81,1
09.08.2021 01:03:29.731,0.70029,0.7001700000000001,2.06,1
09.08.2021 01:03:29.883,0.70029,0.70018,1.12,1
09.08.2021 01:03:29.984,0.7003100000000001,0.70019,1.75,1.5
09.08.2021 01:03:30.085,0.7003100000000001,0.70019,1.25,1.5
09.08.2021 01:03:31.519,0.7003100000000001,0.7002,1.25,1
09.08.2021 01:03:34.302,0.70034,0.7002200000000001,1.37,1
09.08.2021 01:03:34.670,0.70035,0.7002200000000001,1.5,1
09.08.2021 01:03:34.771,0.7003600000000001,0.70023,2.5,1.5
09.08.2021 01:03:36.542,0.7003600000000001,0.70024,1.75,1
09.08.2021 01:03:41.193,0.7003600000000001,0.70024,2.25,1
09.08.2021 01:03:41.244,0.7003100000000001,0.70018,4.5,1
09.08.2021 01:03:41.345,0.70029,0.7001600000000001,2.5,1.62
09.08.2021 01:03:41.446,0.70029,0.7001600000000001,2.5,1
09.08.2021 01:03:44.903,0.7002700000000001,0.7001600000000001,1.69,1
09.08.2021 01:03:45.213,0.7002700000000001,0.7001600000000001,2.5,1
09.08.2021 01:03:46.094,0.7002700000000001,0.70015,1.25,1
09.08.2021 01:03:47.288,0.70025,0.70012,3.25,2.06
09.08.2021 01:03:47.389,0.70023,0.7001000000000001,1.5,2.19
09.08.2021 01:03:47.541,0.7002200000000001,0.7001100000000001,1.5,1.69
09.08.2021 01:03:48.174,0.7002200000000001,0.7001100000000001,3.25,1
09.08.2021 01:03:48.275,0.7002200000000001,0.7001000000000001,1.75,1
09.08.2021 01:03:52.661,0.70024,0.70013,2.5,1
09.08.2021 01:03:52.763,0.70025,0.70013,1.25,1
09.08.2021 01:03:55.109,0.70024,0.70013,1.25,1
09.08.2021 01:04:04.046,0.70025,0.70013,1,1
09.08.2021 01:04:04.376,0.7002600000000001,0.70014,1,1
09.08.2021 01:04:05.051,0.7002600000000001,0.70015,1,1
09.08.2021 01:04:11.399,0.7002700000000001,0.7001600000000001,1,1
09.08.2021 01:04:14.861,0.7002700000000001,0.7001700000000001,1,1
09.08.2021 01:04:14.962,0.70032,0.7002100000000001,3.69,1
09.08.2021 01:04:15.063,0.70032,0.7002200000000001,1.75,1
09.08.2021 01:04:15.114,0.70032,0.7002200000000001,1.25,1
09.08.2021 01:04:15.316,0.70032,0.7002100000000001,1.69,1
09.08.2021 01:04:15.367,0.70034,0.70023,1.69,1
09.08.2021 01:04:19.211,0.70035,0.70024,2.5,1
09.08.2021 01:04:21.369,0.70035,0.70023,2.5,1
09.08.2021 01:04:23.298,0.70035,0.70023,1.5,1
09.08.2021 01:04:29.718,0.7003100000000001,0.7002,1,2.25
09.08.2021 01:04:29.870,0.7003100000000001,0.7002100000000001,1,1
09.08.2021 01:04:32.509,0.70035,0.70024,1,1
09.08.2021 01:04:32.610,0.70035,0.70025,1.87,1
