Gmt time,Ask,Bid,AskVolume,BidVolume
30.08.2021 00:00:00.095,0.7012100000000001,0.70107,1,3.5
30.08.2021 00:00:00.196,0.70118,0.70108,1,2.19
30.08.2021 00:00:00.297,0.70117,0.70106,1,1.25
30.08.2021 00:00:00.448,0.70117,0.7010500000000001,1,2.06
30.08.2021 00:00:00.499,0.70118,0.70106,1,1.5
30.08.2021 00:00:00.851,0.7012200000000001,0.70106,1,1.5
30.08.2021 00:00:01.859,0.7012200000000001,0.70106,1,1.5
30.08.2021 00:00:01.960,0.7012100000000001,0.70107,1,1.5
30.08.2021 00:00:02.391,0.7012100000000001,0.70106,1,1.5
30.08.2021 00:00:02.442,0.7012100000000001,0.7010500000000001,1,1.75
30.08.2021 00:00:03.232,0.70119,0.7010500000000001,1,2.56
30.08.2021 00:00:03.333,0.7012100000000001,0.70104,1.25,1.5
30.08.2021 00:00:03.544,0.70119,0.70102,1.12,1.75
30.08.2021 00:00:04.888,0.70114,0.70103,1,1.75
30.08.2021 00:00:25.134,0.70117,0.70103,1,1.25
30.08.2021 00:00:35.426,0.7012,0.70106,1,1
30.08.2021 00:00:35.527,0.7012,0.70107,1,1
30.08.2021 00:00:35.628,0.7012100000000001,0.70107,1,1
30.08.2021 00:00:38.677,0.70124,0.7011000000000001,1,1.5
30.08.2021 00:00:38.728,0.7012600000000001,0.70112,1,1
30.08.2021 00:00:39.665,0.70128,0.70117,1,1
30.08.2021 00:00:39.766,0.70129,0.70117,1,1.12
30.08.2021 00:00:39.867,0.70133,0.70119,1,2.25
30.08.2021 00:00:40.391,0.70133,0.7012100000000001,1,1
30.08.2021 00:00:40.492,0.70137,0.70123,1.5,1
30.08.2021 00:00:42.750,0.7014,0.70128,2.94,1
30.08.2021 00:00:42.851,0.7014100000000001,0.7012700000000001,1,1
30.08.2021 00:00:43.003,0.70139,0.70125,1,1.5
30.08.2021 00:00:46.802,0.7014,0.7012600000000001,1,1.12
30.08.2021 00:00:47.146,0.70144,0.7013,1,1
30.08.2021 00:00:47.247,0.70142,0.70129,1,1.5
30.08.2021 00:00:47.449,0.7014100000000001,0.70128,1,1.87
30.08.2021 00:00:47.500,0.70142,0.70129,1,2.19
30.08.2021 00:00:51.700,0.70142,0.70128,1,2.87
30.08.2021 00:00:56.084,0.7014100000000001,0.7013,1,2.12
30.08.2021 00:01:00.107,0.70143,0.70129,1,2.31
30.08.2021 00:01:00.423,0.7014,0.7013,1,1.37
30.08.2021 00:01:00.574,0.7014100000000001,0.70129,1,1.87
30.08.2021 00:01:01.234,0.70143,0.70129,1,2.62
30.08.2021 00:01:01.942,0.70142,0.70129,1,3.07
30.08.2021 00:01:02.780,0.7014100000000001,0.70129,1,1.57
30.08.2021 00:01:03.733,0.7014100000000001,0.7013,1,2.14
30.08.2021 00:01:03.834,0.70142,0.7013,1,1.1
30.08.2021 00:01:06.743,0.7014100000000001,0.7013,1,2.14
30.08.2021 00:01:07.277,0.7014100000000001,0.70129,1,2.44
30.08.2021 00:01:07.599,0.70142,0.70129,1,1
30.08.2021 00:01:07.750,0.70142,0.70128,1,3.75
30.08.2021 00:01:11.697,0.7014100000000001,0.70128,1,1.69
30.08.2021 00:01:16.141,0.7014100000000001,0.70129,1,1.5
30.08.2021 00:01:16.242,0.7014100000000001,0.70128,1,1.69
30.08.2021 00:01:23.744,0.7014,0.70128,1,1.25
30.08.2021 00:01:29.117,0.70137,0.7012700000000001,1,1
30.08.2021 00:01:29.217,0.70133,0.70124,1,1.25
30.08.2021 00:01:29.319,0.70135,0.70118,3,2.19
30.08.2021 00:01:29.369,0.7012700000000001,0.7011600000000001,1,1
30.08.2021 00:01:31.491,0.7012200000000001,0.7011000000000001,1,2.12
30.08.2021 00:01:31.542,0.7012,0.7011100000000001,1,1
30.08.2021 00:01:31.643,0.7012,0.7011000000000001,1,2.44
30.08.2021 00:01:31.744,0.7012100000000001,0.70109,1,1.5
30.08.2021 00:01:31.795,0.70115,0.70106,1,1
30.08.2021 00:01:31.845,0.70119,0.70106,2.12,1
30.08.2021 00:01:31.896,0.7011000000000001,0.70101,1,1.5
30.08.2021 00:01:31.997,0.7011100000000001,0.7010000000000001,1,1
30.08.2021 00:01:40.276,0.70112,0.7010000000000001,1,1
30.08.2021 00:01:42.534,0.70112,0.70099,1,1.12
30.08.2021 00:01:43.592,0.70108,0.70096,1,3
30.08.2021 00:01:43.743,0.70108,0.7009500000000001,1,1.25
30.08.2021 00:01:45.156,0.70104,0.7009500000000001,1,1.87
30.08.2021 00:01:45.257,0.70106,0.70094,1,1.87
30.08.2021 00:01:46.318,0.70107,0.70094,1,2.06
30.08.2021 00:01:48.919,0.7011100000000001,0.70099,1,1.87
30.08.2021 00:01:49.020,0.70112,0.70099,1,1.5
30.08.2021 00:01:49.597,0.70112,0.70099,1,1
30.08.2021 00:01:54.838,0.7011100000000001,0.70098,1,1.5
30.08.2021 00:01:56.369,0.70113,0.70099,1,1.69
30.08.2021 00:01:56.470,0.70112,0.70098,1,2.94
30.08.2021 00:02:00.810,0.70113,0.70098,1,2.75
30.08.2021 00:02:01.958,0.70113,0.70101,1,1.12
30.08.2021 00:02:02.423,0.70113,0.7010000000000001,1,1.12
30.08.2021 00:02:04.509,0.70114,0.70099,1,2.37
30.08.2021 00:02:04.666,0.70113,0.70099,1,1.62
30.08.2021 00:02:20.676,0.7011100000000001,0.70097,1,4.5
30.08.2021 00:02:21.024,0.70107,0.70097,1,1.25
30.08.2021 00:02:21.075,0.70106,0.7009500000000001,1,1.25
30.08.2021 00:02:21.176,0.70106,0.70093,1,1.5
30.08.2021 00:02:21.327,0.70104,0.70092,1,1
30.08.2021 00:02:21.428,0.70104,0.7009000000000001,1,1.31
30.08.2021 00:02:25.487,0.70104,0.7009000000000001,1,1.5
30.08.2021 00:02:25.689,0.7010500000000001,0.7009000000000001,1,2
30.08.2021 00:02:26.105,0.70103,0.70089,1,1.31
30.08.2021 00:02:26.206,0.70103,0.7008800000000001,1,1.12
30.08.2021 00:02:26.307,0.70099,0.7008500000000001,1,1.75
30.08.2021 00:02:26.459,0.7010000000000001,0.7008500000000001,1,2
30.08.2021 00:02:26.610,0.70098,0.70086,1,2
30.08.2021 00:02:28.504,0.70099,0.7008500000000001,1,1.31
30.08.2021 00:02:28.881,0.7010000000000001,0.7008500000000001,1,1.31
30.08.2021 00:02:39.894,0.7010000000000001,0.70092,1,1
30.08.2021 00:02:39.945,0.70108,0.70094,2.44,1.5
30.08.2021 00:02:40.046,0.7011000000000001,0.7009500000000001,1.75,1.69
30.08.2021 00:02:40.097,0.7011100000000001,0.70096,1,1
30.08.2021 00:02:48.452,0.7011000000000001,0.7009500000000001,1,1.12
30.08.2021 00:02:51.629,0.70107,0.70094,1,1.5
30.08.2021 00:02:51.730,0.70106,0.70092,1,2.19
30.08.2021 00:02:52.114,0.70107,0.70093,1,1.12
30.08.2021 00:02:53.758,0.70106,0.70092,1,2
30.08.2021 00:03:01.667,0.70109,0.7009500000000001,1.5,1
30.08.2021 00:03:01.768,0.7011000000000001,0.70096,1.5,1
30.08.2021 00:03:01.819,0.7011100000000001,0.7010000000000001,1.5,2.25
30.08.2021 00:03:01.920,0.70112,0.7010000000000001,1.5,1
30.08.2021 00:03:02.021,0.70117,0.70104,1,1.5
30.08.2021 00:03:02.122,0.70117,0.70103,1,1
30.08.2021 00:03:03.918,0.70117,0.70104,1,1
30.08.2021 00:03:03.969,0.7012,0.70106,1.5,1
30.08.2021 00:03:04.121,0.70119,0.70106,1,1
30.08.2021 00:03:04.323,0.7012,0.70106,1.5,1
30.08.2021 00:03:04.424,0.7012,0.70107,1.5,1
30.08.2021 00:03:13.747,0.70119,0.70107,1,1.12
30.08.2021 00:03:29.207,0.7012100000000001,0.70107,2.44,1
30.08.2021 00:03:29.409,0.7012,0.70106,1,1
30.08.2021 00:03:31.262,0.7012,0.70107,1,1
30.08.2021 00:03:31.420,0.7012,0.70106,1,1
30.08.2021 00:03:33.983,0.70119,0.70106,1,1
30.08.2021 00:03:34.351,0.70115,0.70102,1,1
30.08.2021 00:03:37.578,0.70115,0.70101,1,1
30.08.2021 00:03:38.453,0.70114,0.7010000000000001,1,1
30.08.2021 00:03:38.758,0.70115,0.70101,1,1
30.08.2021 00:03:39.118,0.70114,0.7010000000000001,1,1
30.08.2021 00:03:39.786,0.70114,0.70102,1,1
30.08.2021 00:03:40.445,0.70114,0.7010000000000001,1,1
30.08.2021 00:03:40.549,0.70115,0.70101,1,1
30.08.2021 00:03:41.772,0.70114,0.7010000000000001,1,1
30.08.2021 00:03:45.229,0.70109,0.70096,1.12,1
30.08.2021 00:03:45.330,0.70104,0.70092,1.25,1.25
30.08.2021 00:03:45.431,0.70099,0.7009000000000001,1,1
30.08.2021 00:03:45.482,0.7010000000000001,0.70086,1,1
30.08.2021 00:03:48.120,0.70099,0.7008800000000001,1.25,1
30.08.2021 00:03:48.705,0.70096,0.70082,1,1
30.08.2021 00:03:48.807,0.7009500000000001,0.70082,1,1
30.08.2021 00:03:48.857,0.70091,0.7007800000000001,1,1.31
30.08.2021 00:03:49.008,0.70091,0.70077,1,1
30.08.2021 00:03:51.556,0.7009000000000001,0.70077,1.25,1
30.08.2021 00:03:51.607,0.70089,0.70075,1.25,1
30.08.2021 00:03:52.614,0.7008800000000001,0.70074,1,1.12
30.08.2021 00:03:59.201,0.7008800000000001,0.70075,1,1
30.08.2021 00:04:00.243,0.70086,0.70074,1.87,1
30.08.2021 00:04:00.345,0.7008300000000001,0.70072,1,1
30.08.2021 00:04:00.496,0.70084,0.70072,1.25,1
30.08.2021 00:04:00.802,0.7008500000000001,0.70071,1.75,1
30.08.2021 00:04:02.141,0.70087,0.70075,3,2.62
30.08.2021 00:04:02.393,0.70086,0.70072,1.75,1.25
30.08.2021 00:04:02.494,0.70086,0.70072,1.75,1
30.08.2021 00:04:04.995,0.7008800000000001,0.70076,1.69,1
30.08.2021 00:04:05.046,0.70089,0.70077,1,1
30.08.2021 00:04:05.096,0.70091,0.7007800000000001,1.5,1
30.08.2021 00:04:06.252,0.70089,0.70076,1.25,1
30.08.2021 00:04:06.353,0.7009000000000001,0.70076,1.31,1
30.08.2021 00:04:06.687,0.70089,0.70076,1,1
30.08.2021 00:04:06.815,0.7009000000000001,0.70076,1.31,1
30.08.2021 00:04:06.966,0.70089,0.70076,1,1
30.08.2021 00:04:07.152,0.7009000000000001,0.70076,1.31,1
30.08.2021 00:04:07.821,0.70089,0.70076,1.25,1
30.08.2021 00:04:10.526,0.70089,0.70075,1.25,1
30.08.2021 00:04:12.342,0.7008800000000001,0.70074,1,2.62
30.08.2021 00:04:12.728,0.70086,0.70075,1,2.62
30.08.2021 00:04:16.881,0.70082,0.7007,1,1.58
30.08.2021 00:04:16.982,0.70082,0.70069,1,2.62
30.08.2021 00:04:17.133,0.70082,0.70074,1,1
30.08.2021 00:04:17.184,0.70086,0.70074,1.25,1.5
30.08.2021 00:04:17.285,0.70086,0.7007300000000001,1.25,1
30.08.2021 00:04:18.091,0.7008500000000001,0.70072,1,1
30.08.2021 00:04:18.193,0.70084,0.70071,1,1
30.08.2021 00:04:36.084,0.70082,0.7007,1,1
30.08.2021 00:04:36.185,0.70084,0.70071,1,1.25
30.08.2021 00:04:36.402,0.70084,0.70072,1,1.25
30.08.2021 00:04:37.226,0.70084,0.70075,1,1
30.08.2021 00:04:37.277,0.70086,0.70075,1,2.62
30.08.2021 00:04:49.786,0.7008300000000001,0.70071,1,1.25
30.08.2021 00:04:49.887,0.7008300000000001,0.7007,1,2.25
30.08.2021 00:04:52.146,0.70082,0.70069,1,2.62
30.08.2021 00:04:56.693,0.7008300000000001,0.7007,1.25,1
30.08.2021 00:05:01.129,0.70079,0.7006600000000001,1,1.25
30.08.2021 00:05:01.231,0.7007800000000001,0.70065,1.25,1
30.08.2021 00:05:10.841,0.70076,0.70065,1,2.62
30.08.2021 00:05:25.564,0.70076,0.7006600000000001,1.25,1.5
30.08.2021 00:05:25.665,0.7008,0.7007300000000001,1,1.25
30.08.2021 00:05:25.716,0.70084,0.70074,1.12,2.25
30.08.2021 00:05:25.767,0.70091,0.70079,1,1
30.08.2021 00:05:25.868,0.70093,0.7008,1.75,1.5
30.08.2021 00:05:25.969,0.7009500000000001,0.70082,1.75,1
30.08.2021 00:05:26.070,0.7009500000000001,0.70082,1.25,1
30.08.2021 00:05:26.852,0.70094,0.70082,1,1
30.08.2021 00:05:28.707,0.70097,0.7008500000000001,1.25,1
30.08.2021 00:05:34.815,0.70092,0.70084,1,1
30.08.2021 00:05:34.916,0.70091,0.7008,1,1.25
30.08.2021 00:05:34.967,0.7009000000000001,0.7007800000000001,1.25,1.25
30.08.2021 00:05:42.151,0.7009000000000001,0.70077,1,1.25
30.08.2021 00:05:48.519,0.70086,0.70074,1,1.25
30.08.2021 00:05:48.570,0.7008500000000001,0.7007300000000001,1,1
30.08.2021 00:05:48.671,0.70084,0.7007300000000001,1,1.25
30.08.2021 00:05:53.080,0.70084,0.70072,1,1
30.08.2021 00:05:53.307,0.7008300000000001,0.70071,1,1
30.08.2021 00:05:53.408,0.70081,0.70071,1,1
30.08.2021 00:05:53.510,0.7008300000000001,0.7007,1.25,1
30.08.2021 00:05:53.611,0.70084,0.70071,1,1
30.08.2021 00:05:54.380,0.7008500000000001,0.70072,1.25,1.5
30.08.2021 00:05:54.481,0.7008500000000001,0.7007300000000001,1,1.5
30.08.2021 00:05:54.532,0.70089,0.70077,1,1
30.08.2021 00:05:54.633,0.7009000000000001,0.7007800000000001,2.62,1
30.08.2021 00:05:59.817,0.70094,0.70082,1,1
30.08.2021 00:05:59.918,0.7009500000000001,0.7008300000000001,1,1
30.08.2021 00:06:01.497,0.70091,0.70079,1,1
30.08.2021 00:06:01.598,0.70091,0.7007800000000001,1,1
30.08.2021 00:06:01.850,0.7009000000000001,0.7007800000000001,1,1
30.08.2021 00:06:01.952,0.70089,0.70077,1,1
30.08.2021 00:06:23.963,0.7008800000000001,0.70076,1,1.5
30.08.2021 00:06:24.476,0.7008300000000001,0.70074,1,1.25
30.08.2021 00:06:24.578,0.70082,0.70071,1,1.5
30.08.2021 00:06:24.931,0.70082,0.7007,1,1.5
30.08.2021 00:06:25.585,0.70079,0.70067,1.25,1.5
30.08.2021 00:06:25.686,0.70077,0.7006600000000001,1,1
30.08.2021 00:06:25.787,0.70074,0.7006300000000001,1,1
30.08.2021 00:06:25.888,0.7007300000000001,0.70062,1,1
30.08.2021 00:06:29.413,0.7007300000000001,0.7006100000000001,1,1
30.08.2021 00:06:42.693,0.7007300000000001,0.7006300000000001,1,1
30.08.2021 00:06:47.743,0.70072,0.7006,1,1
30.08.2021 00:07:03.780,0.70075,0.70065,1,1
30.08.2021 00:07:03.931,0.70075,0.7006600000000001,1,1
30.08.2021 00:07:04.033,0.70075,0.70065,1,2.62
30.08.2021 00:07:04.134,0.70076,0.70067,1,1
30.08.2021 00:07:04.185,0.7008,0.70071,1,1.5
30.08.2021 00:07:04.286,0.7008500000000001,0.7007300000000001,1,1
30.08.2021 00:07:05.400,0.7008500000000001,0.70072,1,1.5
30.08.2021 00:07:28.172,0.7008300000000001,0.70071,1.75,1
30.08.2021 00:07:28.273,0.70081,0.70071,1.25,1
30.08.2021 00:07:32.674,0.70081,0.70069,1,1.5
30.08.2021 00:07:43.307,0.7008,0.70069,1,1.12
30.08.2021 00:08:03.142,0.70079,0.70069,1,1
30.08.2021 00:08:28.229,0.70079,0.7006800000000001,1,1.5
30.08.2021 00:08:43.480,0.70077,0.70067,1,3.75
30.08.2021 00:08:43.530,0.70076,0.70065,1,2.44
30.08.2021 00:08:43.631,0.70072,0.70062,1,1.25
30.08.2021 00:08:43.732,0.70071,0.70062,1,2.25
30.08.2021 00:08:46.249,0.70071,0.7006100000000001,1,1.5
30.08.2021 00:08:51.817,0.7006800000000001,0.70057,1,1.75
30.08.2021 00:08:51.917,0.70067,0.7005600000000001,1,3
30.08.2021 00:09:06.656,0.7006600000000001,0.70054,1,2.62
30.08.2021 00:09:07.661,0.70065,0.70054,1,1.5
30.08.2021 00:09:07.762,0.70065,0.70055,1,2.25
30.08.2021 00:09:12.679,0.70062,0.7005100000000001,1,1
30.08.2021 00:09:12.781,0.70062,0.7005,1,1
30.08.2021 00:09:20.852,0.7006100000000001,0.7005,1.25,1
30.08.2021 00:09:20.953,0.70055,0.7004600000000001,1,1
30.08.2021 00:09:21.054,0.7005600000000001,0.70044,1,1.87
30.08.2021 00:09:27.550,0.7006,0.7005,1.75,1
30.08.2021 00:09:27.601,0.70062,0.7005100000000001,1.75,1
30.08.2021 00:09:27.702,0.70062,0.7005100000000001,1,1
30.08.2021 00:09:29.181,0.7006100000000001,0.7005,1,1.5
30.08.2021 00:09:29.231,0.70059,0.7004800000000001,1,1.25
30.08.2021 00:09:29.282,0.7005800000000001,0.70047,1,1
30.08.2021 00:09:31.123,0.7005600000000001,0.70045,1,1
30.08.2021 00:09:31.818,0.7005800000000001,0.7004600000000001,1,1.5
30.08.2021 00:09:31.869,0.70059,0.7004800000000001,1,1
30.08.2021 00:09:40.998,0.70057,0.70049,1,1
30.08.2021 00:09:41.789,0.70059,0.70049,1.25,1.5
30.08.2021 00:09:42.088,0.7005800000000001,0.7004800000000001,1,1
30.08.2021 00:09:42.386,0.7006,0.7004800000000001,1.25,1.5
30.08.2021 00:09:42.699,0.70057,0.70049,1,1
30.08.2021 00:09:42.996,0.7006,0.7004800000000001,1.25,1.5
30.08.2021 00:09:43.262,0.7005800000000001,0.7004800000000001,1,1
30.08.2021 00:09:43.597,0.7006,0.7004800000000001,1.25,1.5
30.08.2021 00:09:43.796,0.70057,0.70049,1,1
30.08.2021 00:09:44.115,0.7006,0.7004800000000001,1.25,1.5
30.08.2021 00:09:44.413,0.7005800000000001,0.7004800000000001,1,1
30.08.2021 00:09:44.681,0.70059,0.7004800000000001,1,1.5
30.08.2021 00:09:44.832,0.7006,0.7004800000000001,1.25,1.5
30.08.2021 00:09:45.013,0.7005800000000001,0.7004800000000001,1,1
30.08.2021 00:09:45.323,0.70059,0.70049,1.25,1.5
30.08.2021 00:09:45.702,0.7005800000000001,0.7004800000000001,1,1
30.08.2021 00:09:45.921,0.7006,0.7004800000000001,1.25,1.5
30.08.2021 00:09:46.223,0.7005800000000001,0.7004800000000001,1,1
30.08.2021 00:09:46.521,0.70059,0.70049,1.25,1.5
30.08.2021 00:09:46.781,0.70059,0.7004800000000001,1,1.5
30.08.2021 00:09:46.962,0.7005800000000001,0.7004800000000001,1,1
30.08.2021 00:09:47.097,0.7006,0.7004800000000001,1.25,1.5
30.08.2021 00:09:47.427,0.7005800000000001,0.7004800000000001,1,1
30.08.2021 00:09:47.730,0.7006,0.7004800000000001,1.25,1.5
30.08.2021 00:09:48.021,0.7005800000000001,0.7004800000000001,1,1
30.08.2021 00:09:48.348,0.7006,0.7004800000000001,1.25,1.5
30.08.2021 00:09:48.633,0.70057,0.70049,1,1
30.08.2021 00:09:48.915,0.7006,0.7004800000000001,1.25,1.5
30.08.2021 00:09:49.223,0.7005800000000001,0.7004800000000001,1,1
30.08.2021 00:09:49.475,0.7006,0.7004800000000001,1.25,1.5
30.08.2021 00:09:49.727,0.70057,0.70049,1,1
30.08.2021 00:09:50.018,0.7006,0.7004800000000001,1.25,1.5
30.08.2021 00:09:50.319,0.7005800000000001,0.7004800000000001,1,1
30.08.2021 00:09:50.637,0.7006,0.7004800000000001,1.25,1.5
30.08.2021 00:09:50.928,0.70057,0.70049,1,1
30.08.2021 00:09:51.213,0.7006,0.7004800000000001,1.25,1.5
30.08.2021 00:09:51.415,0.7005800000000001,0.7004800000000001,1,1
30.08.2021 00:09:51.718,0.7006,0.7004800000000001,1.25,1.5
30.08.2021 00:09:51.989,0.7005800000000001,0.7004800000000001,1,1
30.08.2021 00:09:52.296,0.7006,0.7004800000000001,1.25,1.5
30.08.2021 00:09:52.592,0.7005800000000001,0.7004800000000001,1,1
30.08.2021 00:09:52.891,0.7006,0.7004800000000001,1.25,1.5
30.08.2021 00:09:53.192,0.7005800000000001,0.7004800000000001,1,1
30.08.2021 00:09:53.479,0.7006,0.7004800000000001,1.25,1.5
30.08.2021 00:09:53.796,0.70057,0.70049,1,1
30.08.2021 00:09:54.092,0.70059,0.70049,1.25,1.5
30.08.2021 00:09:54.359,0.70059,0.7004800000000001,1,1.5
30.08.2021 00:09:54.461,0.7005800000000001,0.7004800000000001,1,1
30.08.2021 00:09:54.689,0.70059,0.70049,1.25,1.5
30.08.2021 00:09:54.987,0.7005800000000001,0.7004800000000001,1,1
30.08.2021 00:09:55.293,0.7006,0.70049,1.25,1
30.08.2021 00:09:55.518,0.70059,0.7004800000000001,1,1.5
30.08.2021 00:09:55.821,0.7006,0.70049,1.25,1
30.08.2021 00:09:55.993,0.70059,0.7004800000000001,1,1
30.08.2021 00:09:56.300,0.7006,0.70049,1.25,1
30.08.2021 00:09:56.452,0.7005800000000001,0.70049,1,1.5
30.08.2021 00:09:56.553,0.7006,0.70049,1.25,1
30.08.2021 00:10:46.803,0.7006100000000001,0.70049,1.25,1
30.08.2021 00:11:34.699,0.7006,0.70049,1,1
30.08.2021 00:11:39.496,0.70064,0.70052,1.12,1.75
30.08.2021 00:11:39.598,0.70069,0.70059,2.81,1
30.08.2021 00:11:39.700,0.70071,0.70062,1.25,1
30.08.2021 00:11:39.750,0.70069,0.7005800000000001,1,1
30.08.2021 00:11:46.268,0.70071,0.70059,1,3
30.08.2021 00:11:46.369,0.70071,0.7006,1,1
30.08.2021 00:11:46.995,0.7007,0.70059,1,1.12
30.08.2021 00:11:47.045,0.70067,0.7005800000000001,1,1
30.08.2021 00:11:47.147,0.70067,0.7005600000000001,1,1
30.08.2021 00:11:51.120,0.7006800000000001,0.70057,1.25,1
30.08.2021 00:11:52.178,0.7006800000000001,0.7005600000000001,1,1
30.08.2021 00:11:53.098,0.7006600000000001,0.70057,1,1
30.08.2021 00:11:57.252,0.70067,0.7005800000000001,1,1
30.08.2021 00:11:57.389,0.70067,0.7005600000000001,1,1
30.08.2021 00:11:57.743,0.7006800000000001,0.70057,1,1
30.08.2021 00:11:57.844,0.70067,0.7005600000000001,1,1
30.08.2021 00:11:57.945,0.7006800000000001,0.70057,1,1
30.08.2021 00:11:58.053,0.70067,0.7005600000000001,1,1
30.08.2021 00:11:58.303,0.7006800000000001,0.70057,1,1
30.08.2021 00:11:58.405,0.70067,0.7005600000000001,1,1
30.08.2021 00:11:58.510,0.7006800000000001,0.70057,1,1
30.08.2021 00:11:58.612,0.70067,0.7005600000000001,1,1
30.08.2021 00:11:58.753,0.7006800000000001,0.70057,1,1
30.08.2021 00:11:58.855,0.7006600000000001,0.70057,1,1
30.08.2021 00:11:59.062,0.7006800000000001,0.70057,1,1
30.08.2021 00:11:59.213,0.70067,0.7005600000000001,1,1
30.08.2021 00:11:59.360,0.7006800000000001,0.70057,1,1
30.08.2021 00:11:59.572,0.7006800000000001,0.7005600000000001,1,1
30.08.2021 00:11:59.673,0.7006800000000001,0.70057,1,1
30.08.2021 00:11:59.824,0.70067,0.70057,1,1
30.08.2021 00:12:00.176,0.7006800000000001,0.70057,1,1
30.08.2021 00:12:00.277,0.7006800000000001,0.7005600000000001,1,1
30.08.2021 00:12:00.378,0.7006800000000001,0.70057,1,1
30.08.2021 00:12:00.479,0.7006800000000001,0.7005600000000001,1,1
30.08.2021 00:12:00.580,0.7006800000000001,0.70057,1,1
30.08.2021 00:12:00.681,0.7006800000000001,0.7005600000000001,1,1
30.08.2021 00:12:01.683,0.7006800000000001,0.70057,1,1
30.08.2021 00:12:01.891,0.7006800000000001,0.7005600000000001,1,1
30.08.2021 00:12:01.992,0.7006800000000001,0.70057,1,1
30.08.2021 00:12:02.094,0.70067,0.70057,1,1
30.08.2021 00:12:02.267,0.7006800000000001,0.70057,1,1
30.08.2021 00:12:07.642,0.70067,0.7005600000000001,1,1
30.08.2021 00:12:11.254,0.7006800000000001,0.7005600000000001,1,1
30.08.2021 00:12:11.608,0.70067,0.7005600000000001,1,1
30.08.2021 00:12:13.882,0.7006800000000001,0.7005600000000001,1,1
30.08.2021 00:12:38.713,0.7007,0.7005800000000001,1,1
30.08.2021 00:12:40.472,0.7007,0.70059,1,1
30.08.2021 00:12:40.573,0.70069,0.7005800000000001,1,1
30.08.2021 00:12:42.877,0.7006800000000001,0.7006,1,1
30.08.2021 00:12:42.928,0.70071,0.7006,1,1
30.08.2021 00:12:48.279,0.70072,0.7006100000000001,1,1
30.08.2021 00:13:09.117,0.7007300000000001,0.7006100000000001,1,1
30.08.2021 00:13:26.804,0.7007,0.70059,1,1
30.08.2021 00:13:26.854,0.70069,0.70057,1.12,1
30.08.2021 00:13:27.232,0.70067,0.70057,1.87,1
30.08.2021 00:13:27.333,0.70067,0.7005600000000001,3.44,1
30.08.2021 00:13:27.434,0.70064,0.7005300000000001,1,1
30.08.2021 00:13:57.193,0.70062,0.7005100000000001,1.25,1
30.08.2021 00:13:57.244,0.7006,0.7005,1.25,1
30.08.2021 00:13:57.345,0.7006,0.7004800000000001,1.25,1
30.08.2021 00:13:57.446,0.70059,0.70047,1,1
30.08.2021 00:14:02.503,0.70057,0.7004800000000001,1.25,1
30.08.2021 00:14:02.604,0.70052,0.70043,1,1
30.08.2021 00:14:02.705,0.7005300000000001,0.7004100000000001,1,1
30.08.2021 00:14:06.977,0.70052,0.7004100000000001,3.25,1
30.08.2021 00:14:07.028,0.7005,0.70039,1,1
30.08.2021 00:14:07.130,0.70049,0.70037,1.25,1
30.08.2021 00:14:07.232,0.70049,0.70038,1.25,1
30.08.2021 00:14:10.229,0.70049,0.70038,1.75,1
30.08.2021 00:14:10.330,0.7005,0.70039,2.5,1
30.08.2021 00:14:17.203,0.7005,0.70038,1.75,1
30.08.2021 00:14:17.674,0.7005,0.70039,1.25,1
30.08.2021 00:14:18.233,0.7005100000000001,0.7004,1,2.44
30.08.2021 00:14:18.283,0.70057,0.70047,2.06,1
30.08.2021 00:14:18.384,0.7006300000000001,0.7005300000000001,1,1
30.08.2021 00:14:18.435,0.70065,0.70054,1,1
30.08.2021 00:14:18.536,0.70065,0.70055,1.5,1
30.08.2021 00:14:18.637,0.70065,0.70054,1,1
30.08.2021 00:14:18.955,0.70067,0.70057,1.25,1
30.08.2021 00:14:20.462,0.70071,0.70059,1.25,1
30.08.2021 00:14:20.563,0.7007,0.70059,1,1
30.08.2021 00:14:21.216,0.70069,0.7005800000000001,1,1
30.08.2021 00:14:21.430,0.70071,0.70059,1,1
30.08.2021 00:14:21.531,0.7007,0.70059,1,1
30.08.2021 00:14:21.634,0.70071,0.7006,1,1
30.08.2021 00:14:24.375,0.70071,0.70059,1,1
30.08.2021 00:14:26.505,0.7007,0.70059,1,1
30.08.2021 00:15:00.411,0.70069,0.70057,1.31,1
30.08.2021 00:15:01.643,0.70069,0.70057,1.94,1
30.08.2021 00:15:01.694,0.7006300000000001,0.70054,1.12,1.12
30.08.2021 00:15:01.745,0.7006100000000001,0.7005,1.25,1.75
30.08.2021 00:15:01.795,0.7006,0.7005100000000001,1.25,1
30.08.2021 00:15:02.188,0.7006100000000001,0.7005,1.75,1
30.08.2021 00:15:03.095,0.7005800000000001,0.7004600000000001,1.25,1
30.08.2021 00:15:03.540,0.70057,0.7004600000000001,1.25,1
30.08.2021 00:15:05.069,0.70055,0.70043,1.25,1
30.08.2021 00:15:05.170,0.7005600000000001,0.70045,1.5,1
30.08.2021 00:15:05.221,0.70055,0.70043,1.25,1
30.08.2021 00:15:05.322,0.7005600000000001,0.70044,1.5,1
30.08.2021 00:15:05.574,0.70055,0.70045,1.12,1
30.08.2021 00:15:05.675,0.70057,0.70045,2.5,1
30.08.2021 00:15:07.825,0.70054,0.70042,1.25,1
30.08.2021 00:15:08.143,0.70055,0.70044,1,1
30.08.2021 00:15:10.675,0.70055,0.7004600000000001,1,1
30.08.2021 00:15:10.776,0.70057,0.70045,1,1
30.08.2021 00:15:12.557,0.7005600000000001,0.70044,1.25,1
30.08.2021 00:15:12.658,0.70055,0.70044,1.25,1
30.08.2021 00:15:13.112,0.70054,0.70043,1.25,1
30.08.2021 00:15:13.213,0.7005600000000001,0.70044,1.25,1
30.08.2021 00:15:13.671,0.7005600000000001,0.70044,1,1
30.08.2021 00:15:17.864,0.7005800000000001,0.7004800000000001,1.25,1
30.08.2021 00:15:17.915,0.70062,0.7005100000000001,1.75,1
30.08.2021 00:15:18.016,0.7006100000000001,0.70052,1,1
30.08.2021 00:15:18.117,0.7006300000000001,0.7005100000000001,1,1
30.08.2021 00:16:07.079,0.7006300000000001,0.70052,1,1
30.08.2021 00:16:08.608,0.70067,0.7005600000000001,1.25,1
30.08.2021 00:16:09.352,0.7006800000000001,0.70057,1.25,1
30.08.2021 00:16:10.509,0.70067,0.7005600000000001,1,1
30.08.2021 00:16:21.933,0.7006600000000001,0.70055,1,1
30.08.2021 00:16:26.152,0.70067,0.70055,1.25,1
30.08.2021 00:16:49.018,0.7006600000000001,0.70055,1,1
30.08.2021 00:16:54.173,0.7006600000000001,0.70054,1,1
30.08.2021 00:17:05.257,0.7006600000000001,0.70055,1,1
30.08.2021 00:17:05.358,0.7006600000000001,0.7005600000000001,1.5,1
30.08.2021 00:17:08.115,0.70067,0.7005600000000001,1,1
30.08.2021 00:17:08.166,0.70069,0.70057,1.69,1
30.08.2021 00:17:13.408,0.7007300000000001,0.70062,1.75,1
30.08.2021 00:17:13.610,0.70074,0.70062,2.12,1
30.08.2021 00:17:13.711,0.70074,0.7006300000000001,2.12,1
30.08.2021 00:17:16.584,0.7007300000000001,0.7006300000000001,1.25,1
30.08.2021 00:17:19.605,0.70072,0.7006,1,1
30.08.2021 00:17:19.879,0.70069,0.7006,1.75,1
30.08.2021 00:17:19.929,0.70067,0.70055,1.25,1
30.08.2021 00:17:23.947,0.7006600000000001,0.70057,1,1
30.08.2021 00:17:30.139,0.7006800000000001,0.70057,1,1
30.08.2021 00:17:35.910,0.70071,0.7006100000000001,1,1
30.08.2021 00:17:39.481,0.70071,0.70062,1,1
30.08.2021 00:17:59.240,0.70071,0.7006,1,1.25
30.08.2021 00:18:00.143,0.70072,0.7006,1,2
30.08.2021 00:18:00.194,0.7007300000000001,0.70064,1,1.25
30.08.2021 00:18:00.295,0.70075,0.7006300000000001,1,1.25
30.08.2021 00:18:02.081,0.70076,0.70064,1,1.25
30.08.2021 00:18:03.194,0.70074,0.7006300000000001,1,1.37
30.08.2021 00:18:03.739,0.7007300000000001,0.70064,1,1.25
30.08.2021 00:18:10.120,0.70074,0.70062,1,1.5
30.08.2021 00:18:10.322,0.7007300000000001,0.7006300000000001,1,1.5
30.08.2021 00:18:10.675,0.70075,0.7006300000000001,1,1.25
30.08.2021 00:18:26.216,0.70074,0.70062,1,1.5
30.08.2021 00:18:26.443,0.70074,0.70064,1,1.25
30.08.2021 00:18:26.595,0.70076,0.70064,1,1
30.08.2021 00:18:39.424,0.70077,0.70065,1,1
30.08.2021 00:18:43.724,0.7007800000000001,0.7006600000000001,1,1
30.08.2021 00:18:43.825,0.7008300000000001,0.70071,2.25,1
30.08.2021 00:18:43.927,0.70084,0.70072,1,1.69
30.08.2021 00:18:44.028,0.70087,0.70075,1,1
30.08.2021 00:18:44.129,0.70091,0.70079,1.5,1
30.08.2021 00:18:47.693,0.70092,0.7008,1,1
30.08.2021 00:19:13.891,0.70093,0.70081,1,1
30.08.2021 00:19:14.299,0.70098,0.70086,2.44,1
30.08.2021 00:19:16.072,0.70099,0.70087,1,1
30.08.2021 00:19:16.173,0.7010000000000001,0.7008800000000001,1,1
30.08.2021 00:19:20.693,0.70101,0.70089,1,1
30.08.2021 00:19:42.028,0.70097,0.7008500000000001,1,1.25
30.08.2021 00:20:02.079,0.70102,0.7009000000000001,2.25,1
30.08.2021 00:20:02.180,0.70102,0.70091,1,1
30.08.2021 00:20:08.845,0.70101,0.70089,1,1
30.08.2021 00:20:08.946,0.7010000000000001,0.7008800000000001,1,1.25
30.08.2021 00:20:16.275,0.70099,0.70087,1,1.94
30.08.2021 00:20:16.555,0.70099,0.70087,1,1.12
30.08.2021 00:20:42.162,0.7010000000000001,0.7008800000000001,1,1
30.08.2021 00:20:53.566,0.70102,0.70091,1,1
30.08.2021 00:20:54.103,0.70102,0.70092,1,1
30.08.2021 00:21:03.025,0.70103,0.70092,1,1
30.08.2021 00:21:03.711,0.70103,0.70091,1,1
30.08.2021 00:21:04.794,0.70103,0.70092,1,1
30.08.2021 00:21:04.845,0.70107,0.7009500000000001,1,1
30.08.2021 00:21:04.996,0.70108,0.7009500000000001,1,1
30.08.2021 00:21:05.097,0.7011000000000001,0.70098,1,1
30.08.2021 00:21:10.164,0.7011100000000001,0.70101,1,1.25
30.08.2021 00:21:10.265,0.70113,0.70101,1,1
30.08.2021 00:21:19.074,0.7011600000000001,0.70103,1,1
30.08.2021 00:21:19.280,0.70115,0.70103,1,1.25
30.08.2021 00:21:19.381,0.70115,0.70104,1,1.25
30.08.2021 00:21:25.652,0.7011600000000001,0.70104,1,1
30.08.2021 00:21:38.842,0.70117,0.70107,1,1
30.08.2021 00:21:38.893,0.7012,0.70107,1,2.25
30.08.2021 00:21:38.994,0.7012,0.70107,1,2.69
30.08.2021 00:21:42.317,0.7012100000000001,0.70109,1,1
30.08.2021 00:22:01.136,0.70124,0.70112,1,1
30.08.2021 00:22:01.237,0.7012600000000001,0.70114,1,1
30.08.2021 00:22:08.397,0.70124,0.70114,1.5,1
30.08.2021 00:22:08.498,0.70118,0.70109,1,1.69
30.08.2021 00:22:08.599,0.70119,0.70107,1,1
30.08.2021 00:22:08.853,0.7011600000000001,0.70106,1,1
30.08.2021 00:22:08.954,0.70115,0.70103,1,1
30.08.2021 00:22:10.163,0.7011100000000001,0.70099,1,1
30.08.2021 00:22:16.724,0.7011000000000001,0.70098,1,1
30.08.2021 00:22:35.815,0.70109,0.70097,1,1.69
30.08.2021 00:22:44.576,0.70106,0.70094,1.5,1.5
30.08.2021 00:22:44.678,0.70101,0.70094,1,1.5
30.08.2021 00:22:44.880,0.70102,0.7009000000000001,1,1.69
30.08.2021 00:22:47.470,0.70106,0.70093,1,1
30.08.2021 00:22:49.963,0.70106,0.70093,1,1.75
30.08.2021 00:23:00.246,0.7010500000000001,0.70093,1,1.75
30.08.2021 00:23:09.935,0.7010500000000001,0.70093,1,1.69
30.08.2021 00:23:14.744,0.7010500000000001,0.70093,1,1.75
30.08.2021 00:23:14.996,0.7010500000000001,0.70093,1,1.25
30.08.2021 00:23:15.097,0.70104,0.70092,1,1.5
30.08.2021 00:23:15.320,0.70104,0.70092,1,1.25
30.08.2021 00:23:42.672,0.7010500000000001,0.70093,1,1
30.08.2021 00:24:02.933,0.70103,0.70091,1,1.69
30.08.2021 00:24:04.002,0.70104,0.70092,1,1
30.08.2021 00:24:04.104,0.7010500000000001,0.70093,1,1
30.08.2021 00:24:25.053,0.70106,0.70094,1,1
30.08.2021 00:24:26.708,0.70107,0.70094,1,1.5
30.08.2021 00:24:26.890,0.70107,0.7009500000000001,1,1
30.08.2021 00:24:31.156,0.70108,0.7009500000000001,1,1
30.08.2021 00:24:33.019,0.7011000000000001,0.70098,1,1
30.08.2021 00:24:34.880,0.7011100000000001,0.70099,1,1
30.08.2021 00:24:56.771,0.70112,0.7010000000000001,1,1
30.08.2021 00:25:00.746,0.7011600000000001,0.70103,2.25,1
30.08.2021 00:25:28.505,0.7011600000000001,0.70106,1,1
30.08.2021 00:25:28.763,0.70119,0.70106,1.5,1
30.08.2021 00:25:28.933,0.7012100000000001,0.70109,1.25,1
30.08.2021 00:25:30.586,0.7012100000000001,0.70109,1,1.5
30.08.2021 00:25:30.637,0.70125,0.70114,1.12,1
30.08.2021 00:25:30.688,0.70129,0.70117,4.12,1
30.08.2021 00:25:31.041,0.70129,0.70119,1,1.5
30.08.2021 00:25:31.092,0.7013,0.70117,1,1
30.08.2021 00:25:31.193,0.7013,0.70118,1,1
30.08.2021 00:25:31.295,0.7013,0.70119,1,1
30.08.2021 00:25:31.396,0.70132,0.70119,2.25,1
30.08.2021 00:25:31.497,0.70129,0.70117,1,1
30.08.2021 00:25:31.649,0.70129,0.7011600000000001,1,1
30.08.2021 00:25:31.750,0.70128,0.7011600000000001,1,1
30.08.2021 00:25:31.852,0.70129,0.7011600000000001,1,1
30.08.2021 00:25:32.003,0.70129,0.7012,1,1
30.08.2021 00:25:32.105,0.7013,0.7012,1,1
30.08.2021 00:25:33.187,0.70137,0.70125,2.75,1
30.08.2021 00:25:33.289,0.7013600000000001,0.70124,1,1.25
30.08.2021 00:25:33.390,0.7013600000000001,0.70125,1,1.25
30.08.2021 00:25:33.491,0.70143,0.7013100000000001,3.27,1
30.08.2021 00:25:33.643,0.70143,0.7013100000000001,1,1.94
30.08.2021 00:25:33.744,0.70142,0.7013100000000001,1,1.5
30.08.2021 00:25:33.946,0.70145,0.70135,1,1.5
30.08.2021 00:25:34.047,0.70149,0.70138,1,2.44
30.08.2021 00:25:34.098,0.70145,0.7013600000000001,1,1.25
30.08.2021 00:25:34.149,0.70143,0.70135,1,1.25
30.08.2021 00:25:34.200,0.7014100000000001,0.7013,1,1.5
30.08.2021 00:25:34.301,0.70143,0.7013100000000001,1,1.25
30.08.2021 00:25:34.352,0.70143,0.70133,1,1.5
30.08.2021 00:25:34.454,0.70144,0.70133,1,1.5
30.08.2021 00:25:35.263,0.70143,0.70135,1,1.5
30.08.2021 00:25:35.365,0.70145,0.70134,1,1.5
30.08.2021 00:25:36.093,0.70145,0.7013600000000001,1,1.25
30.08.2021 00:25:36.144,0.7015100000000001,0.70139,1,1.94
30.08.2021 00:25:36.246,0.70147,0.70137,1,1.31
30.08.2021 00:25:36.347,0.70147,0.70135,1,1.94
30.08.2021 00:25:36.448,0.7014800000000001,0.70138,1,1.25
30.08.2021 00:25:36.549,0.70149,0.70138,1,1.5
30.08.2021 00:25:36.702,0.7015300000000001,0.70142,1,1.12
30.08.2021 00:25:36.804,0.70152,0.70142,1,1.25
30.08.2021 00:25:37.007,0.7015300000000001,0.70143,1,1.5
30.08.2021 00:25:37.108,0.70154,0.70145,1,1.5
30.08.2021 00:25:37.210,0.70152,0.7014,1,2.02
30.08.2021 00:25:37.312,0.7015,0.70138,1,1.94
30.08.2021 00:25:37.448,0.70149,0.70138,1,1.94
30.08.2021 00:25:38.154,0.70147,0.70135,1,1.25
30.08.2021 00:25:41.597,0.70139,0.70129,1,1.12
30.08.2021 00:25:41.648,0.7013600000000001,0.70125,1,1.31
30.08.2021 00:25:41.749,0.70135,0.70123,1,1.75
30.08.2021 00:25:41.850,0.70135,0.70123,1,1.25
30.08.2021 00:25:47.693,0.70133,0.70123,1,1.94
30.08.2021 00:25:48.982,0.7013100000000001,0.7012100000000001,1.5,1.25
30.08.2021 00:25:49.033,0.70129,0.70119,1,1.12
30.08.2021 00:25:49.134,0.70129,0.70119,1,1.94
30.08.2021 00:25:51.158,0.70129,0.70117,1,1.25
30.08.2021 00:25:56.693,0.70128,0.70117,1,1.25
30.08.2021 00:25:57.949,0.7012600000000001,0.70117,1,1.25
30.08.2021 00:26:03.458,0.7012600000000001,0.70114,1,1
30.08.2021 00:26:03.508,0.7012200000000001,0.7011100000000001,1,1.25
30.08.2021 00:26:03.609,0.70118,0.70109,1,1.25
30.08.2021 00:26:04.034,0.70117,0.7010500000000001,1,1.12
30.08.2021 00:26:04.135,0.7011000000000001,0.7010000000000001,1,1.5
30.08.2021 00:26:04.186,0.70108,0.70098,1,2.25
30.08.2021 00:26:04.287,0.7010500000000001,0.70094,1,1.25
30.08.2021 00:26:06.293,0.70112,0.7010000000000001,1.25,1.25
30.08.2021 00:26:06.344,0.70114,0.70103,1,1
30.08.2021 00:26:06.394,0.7011600000000001,0.70104,1,1
30.08.2021 00:26:11.693,0.70115,0.70106,1,1
30.08.2021 00:26:21.221,0.7011600000000001,0.70104,1.5,1
30.08.2021 00:26:21.272,0.70113,0.70101,1,1.25
30.08.2021 00:26:26.693,0.70112,0.70101,1,1
30.08.2021 00:26:29.137,0.70112,0.7010000000000001,1,1.25
30.08.2021 00:26:29.238,0.70112,0.70101,1,1
30.08.2021 00:26:32.693,0.70112,0.7010000000000001,1,1.25
30.08.2021 00:26:34.682,0.70113,0.70101,1,1
30.08.2021 00:26:42.956,0.70109,0.70097,1,1.25
30.08.2021 00:26:43.057,0.70107,0.70096,1,1
30.08.2021 00:26:44.338,0.7010500000000001,0.70093,1,1.25
30.08.2021 00:26:52.381,0.70102,0.70092,1,1.25
30.08.2021 00:27:00.633,0.7010000000000001,0.7009000000000001,1,1
30.08.2021 00:27:00.734,0.7010000000000001,0.70089,1,1
30.08.2021 00:27:08.226,0.7010000000000001,0.7008800000000001,1,1.25
30.08.2021 00:27:11.070,0.7010000000000001,0.7009000000000001,1,1.5
30.08.2021 00:27:11.593,0.70102,0.7009000000000001,1,1
30.08.2021 00:27:14.223,0.70102,0.70091,1,1
30.08.2021 00:27:15.458,0.70103,0.70092,1,1
30.08.2021 00:27:17.860,0.70103,0.70091,1,1
30.08.2021 00:27:31.389,0.70102,0.7009000000000001,1,1
30.08.2021 00:27:42.052,0.70099,0.7008800000000001,1,1.5
30.08.2021 00:27:42.103,0.70099,0.70087,1,1
30.08.2021 00:27:47.694,0.70098,0.70086,1,1.25
30.08.2021 00:27:50.755,0.70097,0.7008500000000001,1,1.94
30.08.2021 00:27:53.273,0.70097,0.7008500000000001,1,1.25
30.08.2021 00:28:15.123,0.70096,0.70084,1,1.94
30.08.2021 00:28:15.224,0.7009500000000001,0.7008500000000001,1,1.25
30.08.2021 00:29:15.592,0.7009500000000001,0.7008500000000001,1,1.25
30.08.2021 00:29:17.075,0.70097,0.70087,1,1
30.08.2021 00:29:17.227,0.70097,0.7008500000000001,1,1.25
30.08.2021 00:29:20.867,0.70097,0.70086,1,2.44
30.08.2021 00:29:20.918,0.70102,0.70093,1.5,1
30.08.2021 00:29:21.019,0.70107,0.70096,5,1
30.08.2021 00:29:21.171,0.70107,0.70096,1,1
30.08.2021 00:29:27.273,0.70106,0.70094,1,1
30.08.2021 00:29:32.959,0.70106,0.7009500000000001,1,1
30.08.2021 00:29:45.207,0.70107,0.7009500000000001,1,1
30.08.2021 00:29:45.308,0.70108,0.70096,1,1
30.08.2021 00:29:45.560,0.70107,0.7009500000000001,1,1.5
30.08.2021 00:30:00.210,0.70106,0.70094,1.5,1
30.08.2021 00:30:04.283,0.70101,0.7009000000000001,2.25,1
30.08.2021 00:30:04.384,0.70101,0.70089,2.25,1
30.08.2021 00:30:08.693,0.7010000000000001,0.7008800000000001,1,1
30.08.2021 00:30:09.562,0.70099,0.70089,1.5,1
30.08.2021 00:30:16.330,0.70098,0.70086,1,1
30.08.2021 00:30:20.809,0.70097,0.7008500000000001,2.25,1
30.08.2021 00:30:22.017,0.70097,0.7008500000000001,2,1
30.08.2021 00:30:22.067,0.7009500000000001,0.7008300000000001,1.5,1
30.08.2021 00:30:22.320,0.7009500000000001,0.7008500000000001,1,1.25
30.08.2021 00:30:22.421,0.70097,0.7008500000000001,1,1
30.08.2021 00:30:24.332,0.70099,0.70087,1,1
30.08.2021 00:30:24.433,0.70101,0.70089,1.5,1
30.08.2021 00:30:25.532,0.7010000000000001,0.70091,1,1
30.08.2021 00:30:25.633,0.70101,0.70089,1,1.25
30.08.2021 00:30:27.043,0.7010500000000001,0.70094,1.5,1
30.08.2021 00:30:27.145,0.70108,0.70098,2.62,1
30.08.2021 00:30:27.246,0.70109,0.70099,1.5,1
30.08.2021 00:30:27.347,0.70109,0.70098,1,1
30.08.2021 00:30:31.531,0.70106,0.7009500000000001,1,1
30.08.2021 00:30:31.633,0.70107,0.70096,1,1
30.08.2021 00:30:33.215,0.7011000000000001,0.70098,2.25,1
30.08.2021 00:30:36.186,0.70109,0.70098,1,1
30.08.2021 00:30:36.236,0.70115,0.7010500000000001,2.25,1
30.08.2021 00:30:36.337,0.70119,0.70106,1.75,1.5
30.08.2021 00:30:36.438,0.7012100000000001,0.7011000000000001,1,1
30.08.2021 00:30:36.489,0.7012200000000001,0.7011000000000001,1.87,1
30.08.2021 00:30:46.432,0.7012100000000001,0.70109,1,1
30.08.2021 00:30:50.993,0.7012200000000001,0.7011000000000001,1,1
30.08.2021 00:31:06.052,0.7012,0.7011000000000001,1,1
30.08.2021 00:31:22.493,0.7012200000000001,0.70109,1,1
30.08.2021 00:31:41.651,0.7012100000000001,0.70109,1,1
30.08.2021 00:32:05.092,0.70125,0.70114,1,1
30.08.2021 00:32:05.198,0.7012600000000001,0.70114,1,1
30.08.2021 00:32:19.217,0.7012600000000001,0.70113,1,1
30.08.2021 00:32:30.617,0.70123,0.7011000000000001,1,1.75
30.08.2021 00:32:30.668,0.7012200000000001,0.70109,1,1
30.08.2021 00:32:38.406,0.7012,0.70109,1,1.25
30.08.2021 00:32:38.507,0.7012,0.70107,1,1.94
30.08.2021 00:32:41.638,0.70119,0.70106,1,1
30.08.2021 00:32:53.739,0.70119,0.70108,1,1
30.08.2021 00:32:55.291,0.70117,0.70104,1,1.25
30.08.2021 00:32:59.242,0.70118,0.7010500000000001,1,1
30.08.2021 00:33:08.693,0.70117,0.70104,1,1.25
30.08.2021 00:33:25.202,0.70115,0.70104,1,2.69
30.08.2021 00:33:25.304,0.7011600000000001,0.70103,1,1.69
30.08.2021 00:33:25.405,0.70117,0.70104,1,1
30.08.2021 00:33:38.294,0.7011600000000001,0.70103,1,1.69
30.08.2021 00:33:39.884,0.70117,0.70104,1,1
30.08.2021 00:33:44.582,0.7011600000000001,0.70103,1,1.69
30.08.2021 00:34:00.594,0.70115,0.70102,1,1.94
30.08.2021 00:34:07.356,0.7011600000000001,0.70103,1,1.94
30.08.2021 00:34:07.685,0.70115,0.70102,1,1.94
30.08.2021 00:34:11.646,0.7011600000000001,0.70103,1,1.94
30.08.2021 00:34:11.977,0.70115,0.70102,1,1.94
30.08.2021 00:34:12.087,0.7011600000000001,0.70103,1,1.25
30.08.2021 00:34:14.290,0.70115,0.70102,1,1.94
30.08.2021 00:34:22.448,0.7011600000000001,0.70103,1.5,1.25
30.08.2021 00:34:24.270,0.70114,0.70103,1,1.94
30.08.2021 00:34:25.508,0.7011600000000001,0.70103,1.5,1.25
30.08.2021 00:34:25.708,0.70115,0.70103,1,1.25
30.08.2021 00:34:26.555,0.7011600000000001,0.70103,1.5,1.94
30.08.2021 00:34:28.289,0.70115,0.70102,1,1.94
30.08.2021 00:34:33.636,0.7011600000000001,0.70103,1.5,1.25
30.08.2021 00:34:33.738,0.70106,0.70097,1,3.87
30.08.2021 00:34:33.839,0.70106,0.70096,1,1.69
30.08.2021 00:34:42.293,0.70106,0.7009500000000001,1,1.25
30.08.2021 00:34:49.655,0.70104,0.70092,1.12,1.75
30.08.2021 00:34:49.706,0.70103,0.70091,1,1.25
30.08.2021 00:34:52.750,0.70101,0.7009000000000001,1.5,1
30.08.2021 00:34:52.851,0.70096,0.70084,1,1.69
30.08.2021 00:34:52.952,0.70096,0.7008300000000001,1,1.69
30.08.2021 00:34:53.003,0.70093,0.70084,1,1
30.08.2021 00:34:53.104,0.7009000000000001,0.70084,1,1
30.08.2021 00:34:53.560,0.70091,0.7007800000000001,1,1.25
30.08.2021 00:34:53.661,0.70087,0.70076,1,1.25
30.08.2021 00:34:55.200,0.70091,0.7008,1.5,1.94
30.08.2021 00:34:55.250,0.70093,0.7008,1.5,1
30.08.2021 00:34:59.410,0.70092,0.7008,1,1
30.08.2021 00:35:03.791,0.70093,0.70081,1.5,1
30.08.2021 00:35:03.944,0.70092,0.70079,1,1.12
30.08.2021 00:35:10.695,0.70093,0.70081,1,1
30.08.2021 00:35:16.596,0.70091,0.70081,1,1
30.08.2021 00:35:16.798,0.70093,0.70081,1.5,1
30.08.2021 00:35:22.252,0.70092,0.7008,1,1
30.08.2021 00:35:27.929,0.70093,0.70081,1,1.25
30.08.2021 00:35:28.030,0.70093,0.70084,1,1
30.08.2021 00:35:28.179,0.7009500000000001,0.7008300000000001,1.5,1
30.08.2021 00:35:41.321,0.70097,0.70086,1,1
30.08.2021 00:35:41.422,0.70098,0.7008500000000001,1.5,1.94
30.08.2021 00:35:43.756,0.70097,0.7008500000000001,1,1.94
30.08.2021 00:35:45.871,0.70098,0.70086,1,1.25
30.08.2021 00:35:46.074,0.70099,0.70087,1.5,1
30.08.2021 00:35:47.135,0.70097,0.70087,1,1.25
30.08.2021 00:35:47.413,0.70099,0.70087,1.5,1
30.08.2021 00:35:51.093,0.70099,0.70086,2.62,1
30.08.2021 00:35:51.194,0.70098,0.7008500000000001,1.5,1
30.08.2021 00:35:53.443,0.70096,0.70084,1,1.12
30.08.2021 00:36:11.844,0.70096,0.70086,1,1
30.08.2021 00:36:21.343,0.70098,0.70086,1,1
30.08.2021 00:36:23.711,0.70099,0.70086,1,1
30.08.2021 00:36:23.812,0.70098,0.70086,1,1
30.08.2021 00:36:46.706,0.7010000000000001,0.70089,1,1
30.08.2021 00:36:56.498,0.70103,0.7009000000000001,3.75,1
30.08.2021 00:36:56.812,0.70103,0.70091,1.87,1
30.08.2021 00:36:56.914,0.70103,0.70092,1,1
30.08.2021 00:36:57.480,0.70107,0.70094,2.75,1
30.08.2021 00:36:57.581,0.70107,0.7009500000000001,1.5,1
30.08.2021 00:36:58.026,0.70107,0.70096,1,1
30.08.2021 00:36:59.740,0.70107,0.70097,2.44,1
30.08.2021 00:36:59.941,0.70108,0.7009500000000001,2.44,1
30.08.2021 00:37:00.309,0.70107,0.70097,1,1
30.08.2021 00:37:00.730,0.70107,0.70096,1.5,1
30.08.2021 00:37:03.532,0.7011000000000001,0.70098,1,1
30.08.2021 00:37:03.683,0.7011100000000001,0.70099,2.25,1
30.08.2021 00:37:03.784,0.70112,0.7010000000000001,1.5,1
30.08.2021 00:37:04.536,0.7011100000000001,0.70099,1.5,1
30.08.2021 00:37:04.738,0.7011000000000001,0.70099,1,1
30.08.2021 00:37:05.853,0.70109,0.70097,1,1
30.08.2021 00:37:05.954,0.70107,0.70098,1,1
30.08.2021 00:37:17.303,0.70108,0.7009500000000001,1.5,1
30.08.2021 00:37:17.763,0.70108,0.70097,1,1
30.08.2021 00:37:22.074,0.70108,0.70096,1,1
30.08.2021 00:37:27.380,0.70108,0.7009500000000001,1.5,1
30.08.2021 00:37:30.369,0.70104,0.70091,1.5,1.25
30.08.2021 00:37:39.483,0.70107,0.70094,3,1
30.08.2021 00:38:16.785,0.70106,0.70093,1,1.25
30.08.2021 00:38:17.772,0.70107,0.70094,1,1
30.08.2021 00:38:26.313,0.7010500000000001,0.70094,1,1.25
30.08.2021 00:38:31.583,0.70107,0.70094,1,1
30.08.2021 00:38:31.965,0.70106,0.70093,1,1.25
30.08.2021 00:38:34.902,0.70107,0.70094,1,1
30.08.2021 00:38:39.313,0.70106,0.70093,1,1.25
30.08.2021 00:39:29.039,0.70108,0.7009500000000001,1,1.25
30.08.2021 00:39:29.430,0.70107,0.70094,1,1
30.08.2021 00:39:36.267,0.7010500000000001,0.70094,1,1
30.08.2021 00:39:54.039,0.70103,0.70091,1,1
30.08.2021 00:39:54.140,0.70099,0.70089,2.75,1
30.08.2021 00:39:54.241,0.70096,0.70086,1.5,1.5
30.08.2021 00:39:54.291,0.7009500000000001,0.70084,1,1.5
30.08.2021 00:39:54.392,0.70096,0.7008300000000001,1,1.94
30.08.2021 00:40:02.367,0.70096,0.7008300000000001,1,1.25
30.08.2021 00:40:13.181,0.70097,0.70084,1.5,1
30.08.2021 00:40:20.857,0.70098,0.7008500000000001,1.5,1
30.08.2021 00:40:20.959,0.70101,0.7008800000000001,1.12,1.25
30.08.2021 00:40:21.161,0.7010000000000001,0.70087,1,1.5
30.08.2021 00:40:21.263,0.70101,0.7008800000000001,1,1.25
30.08.2021 00:40:32.784,0.70098,0.70086,1,1
30.08.2021 00:40:32.886,0.70098,0.7008500000000001,2.25,1
30.08.2021 00:40:48.606,0.70097,0.70084,1,1.25
30.08.2021 00:40:52.288,0.70099,0.70087,1,1
30.08.2021 00:40:52.389,0.7010000000000001,0.70087,1.5,1.25
30.08.2021 00:40:52.592,0.70101,0.7008800000000001,1.5,1
30.08.2021 00:40:56.708,0.70101,0.7009000000000001,2.25,1
30.08.2021 00:41:00.297,0.70103,0.70091,1.5,1.69
30.08.2021 00:41:00.348,0.70104,0.70093,1.5,1.25
30.08.2021 00:41:03.099,0.70106,0.70093,2.25,1
30.08.2021 00:41:04.306,0.70106,0.70092,2.25,1.25
30.08.2021 00:41:05.543,0.70106,0.70093,1.5,1
30.08.2021 00:41:09.103,0.70106,0.70092,1.5,1.69
30.08.2021 00:41:11.527,0.7010500000000001,0.70094,1.5,1
30.08.2021 00:41:12.709,0.7010500000000001,0.70092,1,1.69
30.08.2021 00:41:18.371,0.7010500000000001,0.70094,1.5,1
30.08.2021 00:41:20.394,0.7010500000000001,0.70092,1,1.94
30.08.2021 00:41:20.539,0.70106,0.70092,1.5,1.94
30.08.2021 00:41:20.711,0.7010500000000001,0.70092,1,1.94
30.08.2021 00:41:22.105,0.70106,0.70093,1.5,1.25
30.08.2021 00:41:31.962,0.70101,0.70093,1,1.25
30.08.2021 00:41:32.013,0.70102,0.70089,1,2.5
30.08.2021 00:41:32.114,0.70103,0.70089,1.5,1.25
30.08.2021 00:41:32.533,0.70102,0.70089,1,1
30.08.2021 00:41:33.305,0.70098,0.70087,1.12,1.25
30.08.2021 00:41:33.586,0.70096,0.7008500000000001,1.5,1
30.08.2021 00:41:33.687,0.70097,0.7008300000000001,1.5,2.87
30.08.2021 00:41:34.682,0.70097,0.70087,1,1
30.08.2021 00:41:34.795,0.70099,0.70087,1,1.12
30.08.2021 00:41:34.946,0.7010000000000001,0.7008800000000001,2.25,1.12
30.08.2021 00:41:35.277,0.70101,0.7008800000000001,2.25,1
30.08.2021 00:41:43.215,0.70101,0.7008800000000001,2,1
30.08.2021 00:41:44.851,0.70101,0.7008800000000001,2.25,1
30.08.2021 00:41:44.957,0.70101,0.7008800000000001,2,1
30.08.2021 00:41:54.667,0.70101,0.7008800000000001,2.25,1
30.08.2021 00:41:54.916,0.70101,0.7008800000000001,2,1
30.08.2021 00:41:55.048,0.70099,0.7008800000000001,1.12,1.12
30.08.2021 00:42:03.237,0.7009500000000001,0.7008300000000001,3.69,1
30.08.2021 00:42:03.288,0.7009500000000001,0.70081,3.5,1.25
30.08.2021 00:42:09.298,0.70093,0.7008300000000001,1.5,1.5
30.08.2021 00:42:16.285,0.70093,0.7008,1,2.69
30.08.2021 00:42:16.468,0.70094,0.70082,1.5,1.5
30.08.2021 00:42:16.747,0.70093,0.7008,1,2.69
30.08.2021 00:42:16.903,0.70093,0.7008300000000001,1.5,1.5
30.08.2021 00:42:17.215,0.70092,0.70081,1,2.69
30.08.2021 00:42:17.424,0.70094,0.70082,1.5,1.5
30.08.2021 00:42:17.723,0.70093,0.7008,1,2.69
30.08.2021 00:42:17.923,0.70094,0.70082,1.5,1.5
30.08.2021 00:42:18.192,0.70093,0.7008,1,2.69
30.08.2021 00:42:18.394,0.70093,0.70082,1.87,1.25
30.08.2021 00:42:18.597,0.70093,0.7008,1,2.69
30.08.2021 00:42:18.782,0.70094,0.70081,1.87,1.25
30.08.2021 00:42:19.133,0.70093,0.7008,1,2.69
30.08.2021 00:42:19.284,0.70094,0.70081,1.87,1.25
30.08.2021 00:42:19.503,0.70093,0.7008,1,2.69
30.08.2021 00:42:19.734,0.70094,0.70081,1.87,1.25
30.08.2021 00:42:20.027,0.70092,0.70081,1,2.69
30.08.2021 00:42:20.225,0.70094,0.70081,1.87,1.25
30.08.2021 00:42:20.524,0.70093,0.7008,1,2.69
30.08.2021 00:42:20.724,0.70094,0.70082,1.87,1
30.08.2021 00:42:20.983,0.70092,0.70081,1,2.69
30.08.2021 00:42:21.223,0.70094,0.70082,1.87,1
30.08.2021 00:42:21.474,0.70093,0.7008,1,2.69
30.08.2021 00:42:21.708,0.70093,0.7008300000000001,1.87,1
30.08.2021 00:42:21.898,0.70092,0.70081,1,2.69
30.08.2021 00:42:22.132,0.70093,0.7008300000000001,1.87,1
30.08.2021 00:42:22.443,0.70093,0.7008,1,2.69
30.08.2021 00:42:22.595,0.70094,0.70081,1.87,1.25
30.08.2021 00:42:22.836,0.70093,0.7008,1,2.69
30.08.2021 00:42:23.038,0.70094,0.70081,1.87,1.25
30.08.2021 00:42:23.351,0.70092,0.70081,1,2.69
30.08.2021 00:42:23.548,0.70094,0.70081,1.87,1.25
30.08.2021 00:42:23.845,0.70093,0.7008,1,2.69
30.08.2021 00:42:23.996,0.70093,0.70082,1.87,1.25
30.08.2021 00:42:24.098,0.70094,0.70082,1.87,1
30.08.2021 00:42:24.209,0.70093,0.7008,1,2.69
30.08.2021 00:42:24.440,0.70094,0.70082,1.87,1
30.08.2021 00:42:24.601,0.70092,0.70081,1,2.69
30.08.2021 00:42:24.843,0.70093,0.7008300000000001,1.87,1
30.08.2021 00:42:25.976,0.70093,0.7008,1,2.69
30.08.2021 00:42:26.143,0.70093,0.7008300000000001,1.87,1
30.08.2021 00:42:26.928,0.70092,0.70082,1,1.25
30.08.2021 00:42:27.171,0.70094,0.70082,1.87,1
30.08.2021 00:42:27.374,0.70093,0.7008,1,2.69
30.08.2021 00:42:27.660,0.70094,0.70081,1.87,1.25
30.08.2021 00:42:27.839,0.70092,0.70081,1,2.69
30.08.2021 00:42:28.076,0.70094,0.70081,1.87,1.25
30.08.2021 00:42:28.673,0.70092,0.70081,1,2.69
30.08.2021 00:42:28.830,0.70094,0.70081,1.87,1.25
30.08.2021 00:42:29.073,0.70093,0.7008,1,2.69
30.08.2021 00:42:29.274,0.70094,0.70081,1.87,1.25
30.08.2021 00:42:29.433,0.70093,0.7008,1,2.69
30.08.2021 00:42:29.674,0.70094,0.70082,1.87,1
30.08.2021 00:42:29.869,0.70092,0.70081,1,2.69
30.08.2021 00:42:30.073,0.70091,0.70081,2.44,1
30.08.2021 00:42:30.174,0.7009000000000001,0.7007800000000001,1,1.25
30.08.2021 00:42:30.225,0.70086,0.70076,2.25,1
30.08.2021 00:42:30.276,0.7008500000000001,0.7007300000000001,1,1
30.08.2021 00:42:30.326,0.70082,0.70072,1,1
30.08.2021 00:42:30.427,0.7008300000000001,0.7007,1,1.25
30.08.2021 00:42:33.867,0.70089,0.70077,2.19,1
30.08.2021 00:42:33.917,0.7009000000000001,0.7007800000000001,3.75,1
30.08.2021 00:42:33.968,0.70091,0.7007800000000001,1.87,1
30.08.2021 00:42:34.069,0.70091,0.70079,1,1
30.08.2021 00:42:35.104,0.70091,0.7007800000000001,1.12,1.25
30.08.2021 00:42:35.155,0.7008800000000001,0.70077,1.87,1
30.08.2021 00:42:35.462,0.7008800000000001,0.70076,1,1
30.08.2021 00:42:38.929,0.70089,0.70077,1,1
30.08.2021 00:42:39.132,0.7009000000000001,0.70077,1.5,1
30.08.2021 00:42:39.735,0.70091,0.7007800000000001,2.25,1
30.08.2021 00:42:39.891,0.70091,0.7007800000000001,2,1
30.08.2021 00:42:40.740,0.70091,0.7007800000000001,2.25,1
30.08.2021 00:42:41.465,0.7009000000000001,0.7007800000000001,1,1
30.08.2021 00:42:41.666,0.7009000000000001,0.70079,1.5,1
30.08.2021 00:42:41.856,0.7009000000000001,0.7007800000000001,1,1
30.08.2021 00:42:41.982,0.70091,0.7007800000000001,1.5,1
30.08.2021 00:42:42.083,0.70091,0.7007800000000001,1.5,1
30.08.2021 00:42:42.307,0.70091,0.7007800000000001,1.5,1
30.08.2021 00:42:42.555,0.70089,0.70079,1,1
30.08.2021 00:42:42.780,0.7009000000000001,0.70079,1.5,1
30.08.2021 00:42:42.991,0.7009000000000001,0.7007800000000001,1,1
30.08.2021 00:42:43.361,0.70091,0.7007800000000001,1.5,1
30.08.2021 00:42:43.579,0.7009000000000001,0.7007800000000001,1,1
30.08.2021 00:42:43.788,0.7009000000000001,0.70079,1.5,1
30.08.2021 00:42:43.948,0.7009000000000001,0.7007800000000001,1,1
30.08.2021 00:42:44.194,0.70091,0.7007800000000001,1.5,1
30.08.2021 00:42:44.371,0.7009000000000001,0.7007800000000001,1,1
30.08.2021 00:42:44.542,0.7009000000000001,0.70079,1.5,1
30.08.2021 00:42:44.775,0.70089,0.70079,1,1
30.08.2021 00:42:45.004,0.70091,0.7007800000000001,1.5,1
30.08.2021 00:42:45.379,0.7009000000000001,0.70079,1.5,1
30.08.2021 00:42:45.757,0.70091,0.7007800000000001,1.5,1
30.08.2021 00:42:46.017,0.7009000000000001,0.7007800000000001,1,1
30.08.2021 00:42:46.484,0.7009000000000001,0.70079,1.5,1
30.08.2021 00:42:46.635,0.70091,0.7007800000000001,1.5,1
30.08.2021 00:42:47.485,0.70091,0.7007800000000001,1.5,1
30.08.2021 00:42:47.670,0.70089,0.70079,1,1
30.08.2021 00:42:51.960,0.70091,0.7007800000000001,1.5,1
30.08.2021 00:42:52.413,0.70091,0.7007800000000001,1.5,1
30.08.2021 00:42:52.758,0.70091,0.7007800000000001,1.5,1
30.08.2021 00:42:52.950,0.70091,0.7007800000000001,1.5,1
30.08.2021 00:42:57.319,0.7009000000000001,0.70077,1,1.69
30.08.2021 00:43:00.985,0.7008800000000001,0.70075,1,1.25
30.08.2021 00:43:01.136,0.70086,0.70075,1.5,1.69
30.08.2021 00:43:07.842,0.70087,0.70074,1.5,1.25
30.08.2021 00:43:11.299,0.70086,0.7007300000000001,2.44,1
30.08.2021 00:43:11.400,0.7008500000000001,0.7007300000000001,1,1
30.08.2021 00:43:11.513,0.70084,0.70072,1,1.25
30.08.2021 00:43:11.614,0.7008500000000001,0.7007300000000001,1,1.94
30.08.2021 00:43:11.736,0.70086,0.7007300000000001,1.5,2.69
30.08.2021 00:43:11.837,0.7008500000000001,0.7007300000000001,1,1
30.08.2021 00:43:11.938,0.70084,0.70072,1,1.25
30.08.2021 00:43:12.040,0.70086,0.7007300000000001,1.5,1.94
30.08.2021 00:43:12.242,0.70086,0.7007300000000001,1.69,1
30.08.2021 00:43:12.343,0.70084,0.70072,1,1.25
30.08.2021 00:43:12.444,0.7008500000000001,0.70072,1.87,1.75
30.08.2021 00:43:12.545,0.70086,0.70074,1.5,1.25
30.08.2021 00:43:12.697,0.70084,0.70074,1,1
30.08.2021 00:43:12.798,0.70084,0.70072,1,1.25
30.08.2021 00:43:12.949,0.7008500000000001,0.70072,1.5,2.69
30.08.2021 00:43:13.050,0.70086,0.70074,1.5,1.25
30.08.2021 00:43:13.214,0.7008500000000001,0.7007300000000001,1.5,1
30.08.2021 00:43:13.316,0.7008500000000001,0.70072,1.5,1.25
30.08.2021 00:43:13.544,0.70084,0.70074,1,1.25
30.08.2021 00:43:13.647,0.70086,0.70074,1.5,1
30.08.2021 00:43:13.854,0.70084,0.70074,1.5,1
30.08.2021 00:43:13.955,0.7008500000000001,0.70072,1.5,1.25
30.08.2021 00:43:14.163,0.7008500000000001,0.70072,1.5,1.75
30.08.2021 00:43:14.264,0.70084,0.70075,1,1
30.08.2021 00:43:14.416,0.7008500000000001,0.7007300000000001,1.5,1
30.08.2021 00:43:14.517,0.70084,0.70072,1,1.25
30.08.2021 00:43:14.624,0.70084,0.70074,1.5,1.25
30.08.2021 00:43:14.807,0.70086,0.70074,1.87,1
30.08.2021 00:43:14.858,0.70084,0.7007300000000001,1.5,1.25
30.08.2021 00:43:15.143,0.7008500000000001,0.7007300000000001,1,1.25
30.08.2021 00:43:15.244,0.70086,0.70074,1.5,1
30.08.2021 00:43:15.345,0.7008500000000001,0.7007300000000001,1,1
30.08.2021 00:43:15.446,0.70084,0.7007300000000001,1.5,1.25
30.08.2021 00:43:15.712,0.7008500000000001,0.7007300000000001,1.5,1.25
30.08.2021 00:43:15.813,0.7008500000000001,0.70074,1,1
30.08.2021 00:43:15.914,0.70084,0.70072,1,1.25
30.08.2021 00:43:16.116,0.7008500000000001,0.70072,1.5,2.69
30.08.2021 00:43:16.217,0.7008500000000001,0.70074,1,1
30.08.2021 00:43:16.318,0.7008500000000001,0.7007300000000001,1.12,1
30.08.2021 00:43:16.419,0.70084,0.70072,1,1.25
30.08.2021 00:43:16.623,0.7008500000000001,0.70072,1.5,2.69
30.08.2021 00:43:16.724,0.7008500000000001,0.70074,1,1
30.08.2021 00:43:16.887,0.70084,0.70074,1.5,1
30.08.2021 00:43:17.006,0.7008500000000001,0.70072,1.5,1.25
30.08.2021 00:43:17.170,0.70084,0.70072,1,1.25
30.08.2021 00:43:17.272,0.70084,0.70072,1,1.94
30.08.2021 00:43:17.373,0.70084,0.70074,1,1.25
30.08.2021 00:43:17.734,0.70084,0.70072,1,1.25
30.08.2021 00:43:17.886,0.70084,0.7007300000000001,1.5,1.94
30.08.2021 00:43:17.987,0.7008500000000001,0.70075,1.5,1
30.08.2021 00:43:18.138,0.70084,0.70074,1,1
30.08.2021 00:43:18.239,0.7008500000000001,0.70072,1.5,1.25
30.08.2021 00:43:18.441,0.7008500000000001,0.7007300000000001,1,1.25
30.08.2021 00:43:18.542,0.70086,0.70074,1.5,1
30.08.2021 00:43:18.693,0.7008500000000001,0.7007300000000001,1,1
30.08.2021 00:43:18.794,0.70084,0.70072,1,1.25
30.08.2021 00:43:18.961,0.70086,0.7007300000000001,1.5,1.25
30.08.2021 00:43:19.066,0.7008500000000001,0.70075,1.5,1
30.08.2021 00:43:19.167,0.7008500000000001,0.7007300000000001,1,1
30.08.2021 00:43:19.268,0.70084,0.70072,1,1.25
30.08.2021 00:43:19.369,0.7008500000000001,0.70072,1.5,1.94
30.08.2021 00:43:19.470,0.7008500000000001,0.70074,1,1
30.08.2021 00:43:19.693,0.7008500000000001,0.7007300000000001,1.5,1
30.08.2021 00:43:19.794,0.7008500000000001,0.70072,1.5,1.25
30.08.2021 00:43:19.998,0.7008500000000001,0.7007300000000001,1.5,1.25
30.08.2021 00:43:20.099,0.70086,0.70074,1.5,1
30.08.2021 00:43:20.200,0.7008500000000001,0.7007300000000001,1,1
30.08.2021 00:43:20.301,0.7008500000000001,0.70072,1.5,1.25
30.08.2021 00:43:20.402,0.7008500000000001,0.70072,1.5,2.69
30.08.2021 00:43:20.554,0.7008500000000001,0.70074,1,1
30.08.2021 00:43:20.655,0.7008500000000001,0.70072,1.5,1.25
30.08.2021 00:43:20.806,0.7008500000000001,0.7007300000000001,1,1.25
30.08.2021 00:43:20.907,0.70084,0.70075,1,1
30.08.2021 00:43:21.008,0.7008500000000001,0.7007300000000001,1,1
30.08.2021 00:43:21.109,0.70084,0.70072,1,1.25
30.08.2021 00:43:21.339,0.7008500000000001,0.7007300000000001,1,1.25
30.08.2021 00:43:21.440,0.7008500000000001,0.70074,1,1
30.08.2021 00:43:21.541,0.7008500000000001,0.70072,2.25,1.25
30.08.2021 00:43:21.743,0.7008500000000001,0.7007300000000001,1,1.25
30.08.2021 00:43:21.844,0.7008500000000001,0.70074,1,1
30.08.2021 00:43:21.945,0.70084,0.70072,1,1.25
30.08.2021 00:43:22.147,0.7008500000000001,0.7007300000000001,1.5,1.25
30.08.2021 00:43:22.298,0.7008500000000001,0.70074,1,1
30.08.2021 00:43:22.349,0.7008500000000001,0.70072,1.5,1.25
30.08.2021 00:43:22.663,0.7008500000000001,0.7007300000000001,1.5,1.25
30.08.2021 00:43:22.814,0.7008500000000001,0.70074,1,1
30.08.2021 00:43:22.865,0.7008500000000001,0.70072,1.5,1.25
30.08.2021 00:43:23.067,0.7008500000000001,0.7007300000000001,1.5,1.25
30.08.2021 00:43:23.175,0.70086,0.70074,1.5,1
30.08.2021 00:43:23.276,0.70084,0.70072,1,1.25
30.08.2021 00:43:23.478,0.7008500000000001,0.7007300000000001,1.5,1.25
30.08.2021 00:43:23.579,0.70084,0.70075,1,1
30.08.2021 00:43:23.682,0.7008500000000001,0.7007300000000001,1,1
30.08.2021 00:43:24.072,0.7008500000000001,0.70074,1,1
30.08.2021 00:43:24.223,0.7008500000000001,0.70072,1.5,1.25
30.08.2021 00:43:24.375,0.7008500000000001,0.70072,1.5,1.75
30.08.2021 00:43:24.526,0.70086,0.70074,1.5,1
30.08.2021 00:43:24.627,0.70084,0.70072,1,1.25
30.08.2021 00:43:24.779,0.7008300000000001,0.7007300000000001,1,1.94
30.08.2021 00:43:24.930,0.7008500000000001,0.7007300000000001,1.5,1
30.08.2021 00:43:25.031,0.7008300000000001,0.7007300000000001,1,1
30.08.2021 00:43:25.233,0.7008500000000001,0.7007300000000001,1.5,1
30.08.2021 00:43:25.535,0.70084,0.70072,1.5,1
30.08.2021 00:43:25.741,0.7008500000000001,0.7007300000000001,1,1
30.08.2021 00:43:25.892,0.70086,0.7007300000000001,2.25,1
30.08.2021 00:43:25.993,0.7008500000000001,0.7007300000000001,1,1
30.08.2021 00:43:26.094,0.70084,0.70072,1,1
30.08.2021 00:43:26.245,0.7008500000000001,0.7007300000000001,1,1
30.08.2021 00:43:26.396,0.70084,0.70072,1,1
30.08.2021 00:43:28.275,0.7008500000000001,0.7007300000000001,1.5,1
30.08.2021 00:43:30.825,0.7008300000000001,0.7007300000000001,1,1
30.08.2021 00:43:32.096,0.7008500000000001,0.7007300000000001,1,1.5
30.08.2021 00:43:32.197,0.70087,0.70077,1,1
30.08.2021 00:43:32.248,0.70091,0.70079,1.75,1.25
30.08.2021 00:43:32.349,0.70092,0.7008,1.5,1
30.08.2021 00:43:41.700,0.70092,0.70079,1.5,1.25
30.08.2021 00:43:49.293,0.70091,0.7007800000000001,1,2.69
30.08.2021 00:44:00.185,0.70091,0.7007800000000001,1,1.69
30.08.2021 00:44:00.795,0.70091,0.7007800000000001,1,1.5
30.08.2021 00:44:00.896,0.7009000000000001,0.7007800000000001,1,1.94
30.08.2021 00:44:00.997,0.7009000000000001,0.7007800000000001,1,1.69
30.08.2021 00:44:01.099,0.70091,0.7007800000000001,1,1.25
30.08.2021 00:44:01.303,0.7009000000000001,0.70077,1,1.94
30.08.2021 00:44:01.505,0.70091,0.7007800000000001,1.12,1.25
30.08.2021 00:44:02.042,0.7009000000000001,0.70077,1,1.94
30.08.2021 00:44:02.295,0.70091,0.7007800000000001,1.12,1.25
30.08.2021 00:44:12.279,0.7009000000000001,0.7007800000000001,1,1.25
30.08.2021 00:44:16.499,0.70091,0.70079,1,1.5
30.08.2021 00:44:16.600,0.70091,0.7007800000000001,1,1.5
30.08.2021 00:44:17.179,0.7009000000000001,0.7007800000000001,1,1.5
30.08.2021 00:44:19.229,0.70091,0.7007800000000001,1,1.5
30.08.2021 00:44:19.380,0.7009000000000001,0.7007800000000001,1,1.5
30.08.2021 00:44:19.643,0.70091,0.7007800000000001,1,1.5
30.08.2021 00:44:19.795,0.7009000000000001,0.7007800000000001,1,1
30.08.2021 00:44:20.010,0.70091,0.7007800000000001,1.5,1
30.08.2021 00:44:20.222,0.7009000000000001,0.70077,1,1.25
30.08.2021 00:44:20.441,0.70091,0.7007800000000001,1.5,1
30.08.2021 00:44:20.653,0.7009000000000001,0.70077,1,1.25
30.08.2021 00:44:20.829,0.7009000000000001,0.70079,1.5,1
30.08.2021 00:44:21.064,0.7009000000000001,0.70077,1,1.25
30.08.2021 00:44:21.211,0.70091,0.7007800000000001,1.5,1
30.08.2021 00:44:21.464,0.70089,0.7007800000000001,1,1.25
30.08.2021 00:44:21.626,0.70091,0.7007800000000001,1.5,1
30.08.2021 00:44:21.785,0.7009000000000001,0.70077,1,1.25
30.08.2021 00:44:22.024,0.70091,0.7007800000000001,1.5,1
30.08.2021 00:44:27.745,0.7009000000000001,0.70077,1,1.25
30.08.2021 00:44:41.173,0.70089,0.70076,1,1.94
30.08.2021 00:44:41.274,0.70087,0.70077,1,1.5
30.08.2021 00:44:41.375,0.7008800000000001,0.70077,1,1.94
30.08.2021 00:44:55.856,0.70091,0.70079,1,1.31
30.08.2021 00:45:00.619,0.70093,0.70082,1.5,1.25
30.08.2021 00:45:00.720,0.7009500000000001,0.7008300000000001,1.5,1
30.08.2021 00:45:01.610,0.70098,0.70086,1,1
30.08.2021 00:45:01.712,0.7010000000000001,0.70087,1.5,1.25
30.08.2021 00:45:02.405,0.70097,0.70084,1,1.25
30.08.2021 00:45:02.506,0.70096,0.7008300000000001,1,1.69
30.08.2021 00:45:04.097,0.7009500000000001,0.70082,1,1.94
30.08.2021 00:45:14.067,0.70093,0.70082,1,1.69
30.08.2021 00:45:21.517,0.7009500000000001,0.70082,1,1.25
30.08.2021 00:45:28.163,0.70097,0.70084,1.5,1.31
30.08.2021 00:45:40.056,0.7009500000000001,0.70084,1,4.5
30.08.2021 00:45:40.157,0.70094,0.70082,1,1
30.08.2021 00:45:40.309,0.70094,0.70081,1,1
30.08.2021 00:45:40.573,0.70091,0.7007800000000001,1,1.69
30.08.2021 00:45:44.720,0.7009000000000001,0.7007800000000001,1,1.25
30.08.2021 00:45:45.860,0.70087,0.70075,1,1
30.08.2021 00:45:45.910,0.70086,0.7007300000000001,1,1.25
30.08.2021 00:45:46.019,0.7008500000000001,0.7007300000000001,1,1.25
30.08.2021 00:45:49.605,0.70086,0.70074,1,1
30.08.2021 00:45:49.864,0.70089,0.70081,1,3.25
30.08.2021 00:45:49.965,0.70091,0.7007800000000001,1,1.69
30.08.2021 00:45:50.313,0.70092,0.70081,1.12,1.25
30.08.2021 00:45:50.464,0.70096,0.7008300000000001,1.5,1
30.08.2021 00:45:56.287,0.7009500000000001,0.70082,1,1.12
30.08.2021 00:45:56.594,0.70096,0.7008300000000001,2.25,1
30.08.2021 00:46:03.259,0.70092,0.70079,1,1.5
30.08.2021 00:46:03.360,0.70091,0.70079,1.5,1
30.08.2021 00:46:03.511,0.7009000000000001,0.7007800000000001,1,1
30.08.2021 00:46:14.130,0.7009000000000001,0.70077,1,1
30.08.2021 00:46:14.734,0.70082,0.7007300000000001,1,1.5
30.08.2021 00:46:14.836,0.70082,0.70069,1,1.87
30.08.2021 00:46:14.886,0.70082,0.70072,1,1
30.08.2021 00:46:15.286,0.70081,0.70069,1,1.25
30.08.2021 00:46:15.337,0.70081,0.70069,1,1
30.08.2021 00:46:15.438,0.70081,0.7006800000000001,1.5,1.5
30.08.2021 00:46:22.651,0.7008300000000001,0.70071,1.5,1
30.08.2021 00:46:22.802,0.70084,0.70071,2.25,1
30.08.2021 00:46:22.954,0.70084,0.70072,1,1
30.08.2021 00:46:23.055,0.7008500000000001,0.70072,1,1
30.08.2021 00:46:23.156,0.7008500000000001,0.70074,2.25,1
30.08.2021 00:46:24.151,0.70087,0.70075,1,1
30.08.2021 00:46:24.470,0.70087,0.70074,1.5,1
30.08.2021 00:46:29.071,0.70086,0.70076,1,1
30.08.2021 00:46:29.172,0.70087,0.7007300000000001,2.25,1
30.08.2021 00:46:35.952,0.70087,0.70075,1.5,1
30.08.2021 00:46:36.053,0.70087,0.70074,2.25,1
30.08.2021 00:46:40.243,0.70087,0.70077,1.5,1
30.08.2021 00:46:55.081,0.70089,0.70076,1.5,1.5
30.08.2021 00:46:55.182,0.70089,0.7007800000000001,1.5,1.5
30.08.2021 00:47:14.074,0.7008800000000001,0.70077,1.5,1.25
30.08.2021 00:47:14.176,0.70084,0.7007300000000001,1.5,1
30.08.2021 00:47:14.278,0.70082,0.70071,1,1.69
30.08.2021 00:47:18.829,0.7008300000000001,0.70072,2.25,1
30.08.2021 00:47:18.930,0.7008500000000001,0.70072,2.25,1
30.08.2021 00:47:19.376,0.70084,0.70071,1.5,1
30.08.2021 00:47:23.693,0.7008300000000001,0.7007,1,1
30.08.2021 00:47:26.322,0.70082,0.70069,1,1.5
30.08.2021 00:47:27.274,0.70084,0.70071,1.5,1
30.08.2021 00:47:27.527,0.70082,0.70071,1,1.5
30.08.2021 00:47:33.094,0.70082,0.70071,1,1.94
30.08.2021 00:47:33.295,0.7008300000000001,0.7007,1,1.5
30.08.2021 00:47:43.788,0.7008300000000001,0.70071,1,1.25
30.08.2021 00:47:43.889,0.70084,0.70072,1,1
30.08.2021 00:47:43.990,0.7008300000000001,0.7007,1,1
30.08.2021 00:47:47.092,0.70084,0.70071,1,1.75
30.08.2021 00:47:47.294,0.70082,0.7007,1,1.69
30.08.2021 00:47:47.446,0.7008300000000001,0.7007,1,2.5
30.08.2021 00:47:47.547,0.7008300000000001,0.7007300000000001,1,1.25
30.08.2021 00:47:47.658,0.7008300000000001,0.7007,1,1.5
30.08.2021 00:47:47.759,0.70082,0.7007,1,1
30.08.2021 00:47:47.860,0.7008300000000001,0.70071,1,1.25
30.08.2021 00:47:47.961,0.70084,0.70071,1,1.69
30.08.2021 00:47:48.116,0.70082,0.7007,1,1.5
30.08.2021 00:47:48.419,0.7008300000000001,0.7007,1,1.94
30.08.2021 00:47:48.520,0.70084,0.70071,1,1.5
30.08.2021 00:47:48.725,0.70082,0.7007,1,1.5
30.08.2021 00:47:48.927,0.7008300000000001,0.7007,1,1.94
30.08.2021 00:47:49.028,0.7008300000000001,0.7007300000000001,1,1
30.08.2021 00:47:49.179,0.70082,0.70072,1,1
30.08.2021 00:47:49.280,0.7008300000000001,0.7007,1,1
30.08.2021 00:47:49.381,0.7008300000000001,0.7007,1,1.5
30.08.2021 00:47:49.482,0.70084,0.70072,1,1.12
30.08.2021 00:47:49.634,0.70082,0.7007,1,1.69
30.08.2021 00:47:49.785,0.7008300000000001,0.7007,1,1.94
30.08.2021 00:47:49.886,0.70084,0.70071,1,1.94
30.08.2021 00:47:50.001,0.7008300000000001,0.7007,1,1.5
30.08.2021 00:47:50.102,0.70082,0.7007,1,1
30.08.2021 00:47:50.203,0.70081,0.70071,1,1.5
30.08.2021 00:47:50.343,0.7008300000000001,0.70071,1,1.25
30.08.2021 00:47:50.445,0.70082,0.7007,1,1
30.08.2021 00:47:50.597,0.7008300000000001,0.7007,1,1.5
30.08.2021 00:47:50.699,0.70084,0.70071,1,1.69
30.08.2021 00:47:50.800,0.7008300000000001,0.70071,1,1
30.08.2021 00:47:50.901,0.70082,0.7007,1,1.5
30.08.2021 00:47:51.103,0.7008300000000001,0.7007,1,1.5
30.08.2021 00:47:51.205,0.70084,0.70071,1,1.94
30.08.2021 00:47:51.306,0.7008300000000001,0.70072,1.5,1
30.08.2021 00:47:51.356,0.70082,0.7007,1,1.5
30.08.2021 00:47:51.508,0.7008300000000001,0.7007,1,1.94
30.08.2021 00:47:51.609,0.70084,0.70071,1,1.25
30.08.2021 00:47:51.710,0.7008300000000001,0.70071,1,1
30.08.2021 00:47:51.811,0.7008300000000001,0.7007,1,1
30.08.2021 00:47:51.914,0.70082,0.7007,1,1
30.08.2021 00:47:52.015,0.70084,0.70072,1,1
30.08.2021 00:47:52.116,0.7008300000000001,0.70071,1,1
30.08.2021 00:47:52.217,0.70082,0.7007,1,1
30.08.2021 00:47:52.318,0.7008300000000001,0.7007,1,1.94
30.08.2021 00:47:52.419,0.70084,0.70072,1,1.69
30.08.2021 00:47:52.520,0.7008300000000001,0.70071,1,1
30.08.2021 00:47:52.621,0.70082,0.7007,1,1
30.08.2021 00:47:52.722,0.7008300000000001,0.7007,1,1.94
30.08.2021 00:47:52.823,0.7008300000000001,0.7007300000000001,1,1.69
30.08.2021 00:47:52.954,0.7008300000000001,0.70071,1,1
30.08.2021 00:47:53.057,0.70082,0.7007,1,1
30.08.2021 00:47:53.208,0.7008300000000001,0.70071,1,1.12
30.08.2021 00:47:53.309,0.70084,0.70071,1,1.12
30.08.2021 00:47:53.410,0.70082,0.70072,1,1
30.08.2021 00:47:53.511,0.70082,0.7007,1,1
30.08.2021 00:47:53.612,0.70084,0.70071,1,1.12
30.08.2021 00:47:53.713,0.70084,0.70072,1,1
30.08.2021 00:47:53.814,0.7008300000000001,0.7007,1,1
30.08.2021 00:47:53.925,0.70082,0.7007,1,1
30.08.2021 00:47:54.026,0.70084,0.70072,1.5,1
30.08.2021 00:47:54.178,0.70082,0.70072,1,1
30.08.2021 00:47:54.279,0.70081,0.70069,1,1
30.08.2021 00:47:54.430,0.70082,0.70069,1,1.25
30.08.2021 00:47:54.882,0.7007800000000001,0.7006800000000001,1,1.5
30.08.2021 00:47:54.933,0.7007800000000001,0.70067,1.12,3
30.08.2021 00:47:55.085,0.70077,0.7006600000000001,2.25,1
30.08.2021 00:47:55.135,0.70076,0.7006300000000001,1,2.44
30.08.2021 00:47:55.186,0.70074,0.70062,1,1
30.08.2021 00:47:57.901,0.70075,0.70062,1,1
30.08.2021 00:48:00.112,0.70076,0.7006300000000001,1,1.25
30.08.2021 00:48:08.256,0.70075,0.70064,1,1.62
30.08.2021 00:48:14.639,0.70075,0.70064,1,2.12
30.08.2021 00:48:14.690,0.70077,0.70064,1.5,2.87
30.08.2021 00:48:14.792,0.70075,0.70065,1,1.94
30.08.2021 00:48:24.677,0.70074,0.70062,1,1.5
30.08.2021 00:48:26.034,0.70076,0.70064,2.25,1
30.08.2021 00:48:26.135,0.70075,0.7006300000000001,1,1
30.08.2021 00:48:26.236,0.70076,0.7006300000000001,1.5,1.5
30.08.2021 00:48:26.337,0.70075,0.7006300000000001,1,1.25
30.08.2021 00:48:29.320,0.7007300000000001,0.70062,1,2.75
30.08.2021 00:48:29.474,0.70074,0.7006100000000001,1,2.5
30.08.2021 00:48:38.076,0.70075,0.7006300000000001,1,1.25
30.08.2021 00:48:38.181,0.70074,0.70062,1,1
30.08.2021 00:48:38.439,0.70074,0.7006300000000001,1,1
30.08.2021 00:48:38.728,0.70074,0.7006100000000001,1,3.25
30.08.2021 00:48:38.931,0.70075,0.70062,1,1.25
30.08.2021 00:48:40.273,0.70074,0.7006100000000001,1,3.25
30.08.2021 00:48:40.474,0.70074,0.7006300000000001,1,1.25
30.08.2021 00:48:42.318,0.7007300000000001,0.7006100000000001,1,3.25
30.08.2021 00:48:54.352,0.70076,0.70064,1,2.62
30.08.2021 00:48:54.453,0.7007800000000001,0.70065,2.25,1
30.08.2021 00:48:54.503,0.70075,0.7006300000000001,1,3.69
30.08.2021 00:48:54.554,0.70077,0.70065,1,1
30.08.2021 00:48:57.587,0.7007800000000001,0.70065,1.5,1
30.08.2021 00:48:58.689,0.7007800000000001,0.7006600000000001,1,2.25
30.08.2021 00:48:58.790,0.70079,0.70067,1,1.25
30.08.2021 00:49:02.503,0.70077,0.70067,1,1.94
30.08.2021 00:49:09.431,0.70079,0.70069,1,3
30.08.2021 00:49:09.532,0.7007800000000001,0.70069,1,1.25
30.08.2021 00:49:13.400,0.7008,0.70069,1,1.56
30.08.2021 00:49:13.589,0.70079,0.7006800000000001,1,1.25
30.08.2021 00:49:13.741,0.7008,0.7006800000000001,1,3.75
30.08.2021 00:49:13.842,0.7008,0.70069,1,2.31
30.08.2021 00:49:15.291,0.7008,0.7007,1,3.56
30.08.2021 00:49:15.443,0.70081,0.70069,1,3.06
30.08.2021 00:49:21.337,0.70081,0.70069,1,2.81
30.08.2021 00:49:21.771,0.70081,0.70069,1,3.62
30.08.2021 00:49:49.946,0.70079,0.7007,1,2.87
30.08.2021 00:49:50.098,0.7008,0.7007,1,4.37
30.08.2021 00:49:50.403,0.7008,0.70069,1,2.87
30.08.2021 00:49:50.504,0.70081,0.70069,1,4.37
30.08.2021 00:49:50.773,0.7008,0.70069,1,2.87
30.08.2021 00:49:50.916,0.70081,0.70069,1,4.56
30.08.2021 00:49:51.196,0.7008,0.70069,1,2.87
30.08.2021 00:49:51.361,0.70081,0.70069,1,4.56
30.08.2021 00:49:51.890,0.7008,0.70069,1,2.87
30.08.2021 00:49:51.992,0.70081,0.70069,1,5.12
30.08.2021 00:49:52.415,0.7008,0.70069,1,2.87
30.08.2021 00:49:52.516,0.70081,0.70069,1,4.37
30.08.2021 00:49:52.780,0.7008,0.70069,1,2.87
30.08.2021 00:49:52.983,0.70081,0.70069,1,4.37
30.08.2021 00:49:53.247,0.7008,0.70069,1,2.87
30.08.2021 00:49:53.631,0.7008,0.7007,1,4.37
30.08.2021 00:49:54.114,0.70082,0.7007,1,1.25
30.08.2021 00:49:54.990,0.70082,0.7007300000000001,1,1.69
30.08.2021 00:49:55.041,0.70084,0.70072,1,3.25
30.08.2021 00:50:02.316,0.7008500000000001,0.7007300000000001,1,1.25
30.08.2021 00:50:05.234,0.70084,0.70072,1,1.12
30.08.2021 00:50:15.879,0.70084,0.7007300000000001,1,1
30.08.2021 00:50:16.341,0.70084,0.70074,1,1
30.08.2021 00:50:19.731,0.70084,0.7007300000000001,1,1.5
30.08.2021 00:50:20.849,0.70084,0.70072,1,3.19
30.08.2021 00:50:45.843,0.7009000000000001,0.70082,1,1
30.08.2021 00:50:45.944,0.7009000000000001,0.70081,1,1.5
30.08.2021 00:50:45.994,0.70092,0.70081,1,2.25
30.08.2021 00:50:46.095,0.70092,0.7008300000000001,1,1.5
30.08.2021 00:50:46.348,0.7009500000000001,0.7008300000000001,1,1
30.08.2021 00:50:48.415,0.70097,0.70086,1,1.5
30.08.2021 00:50:48.516,0.70098,0.70086,1,3
30.08.2021 00:50:48.825,0.7010000000000001,0.7008800000000001,1,1
30.08.2021 00:50:50.883,0.7010000000000001,0.70089,1,1
30.08.2021 00:50:56.446,0.70101,0.70089,1.5,1
30.08.2021 00:51:03.764,0.70099,0.70087,1,1
30.08.2021 00:51:23.305,0.70099,0.70086,1,1.5
30.08.2021 00:51:23.531,0.70099,0.70087,1,1
30.08.2021 00:51:23.813,0.70098,0.70086,1,1.5
30.08.2021 00:51:24.014,0.70099,0.70087,1,1
30.08.2021 00:51:24.893,0.70097,0.70087,1,1.5
30.08.2021 00:51:25.183,0.7010000000000001,0.70087,1,1
30.08.2021 00:51:32.359,0.70099,0.70086,1,1.5
30.08.2021 00:51:46.433,0.70099,0.7008800000000001,1,1
30.08.2021 00:51:46.634,0.70098,0.70087,1,1.5
30.08.2021 00:51:52.576,0.70099,0.70087,1,1
30.08.2021 00:51:52.810,0.70098,0.70087,1,1.5
30.08.2021 00:51:52.964,0.70099,0.70087,1,1
30.08.2021 00:51:53.271,0.70099,0.70086,1,1.5
30.08.2021 00:51:53.498,0.70099,0.70087,1,1
30.08.2021 00:51:53.771,0.70099,0.70086,1,1.5
30.08.2021 00:51:53.924,0.70098,0.7008800000000001,1,1
30.08.2021 00:51:54.127,0.70099,0.70086,1,1.5
30.08.2021 00:51:54.379,0.70099,0.70087,1,1
30.08.2021 00:51:54.530,0.70099,0.70086,1,1.5
30.08.2021 00:51:54.764,0.70099,0.70087,1,1
30.08.2021 00:51:54.966,0.70099,0.70086,1,1.5
30.08.2021 00:51:55.163,0.70099,0.70087,1,1
30.08.2021 00:51:55.364,0.70099,0.70086,1,1.5
30.08.2021 00:51:55.567,0.70099,0.70087,1,1
30.08.2021 00:51:55.722,0.70099,0.70086,1,1.5
30.08.2021 00:51:55.924,0.70099,0.70087,1,1
30.08.2021 00:51:56.126,0.70099,0.70086,1,1.5
30.08.2021 00:51:56.336,0.70099,0.70087,1,1
30.08.2021 00:51:56.567,0.70098,0.70087,1,1.5
30.08.2021 00:51:56.718,0.70099,0.70087,1,1
30.08.2021 00:51:56.919,0.70098,0.70087,1,1.5
30.08.2021 00:51:57.234,0.70099,0.70087,1,1
30.08.2021 00:51:57.436,0.70099,0.70086,1,1.5
30.08.2021 00:51:57.600,0.70099,0.70087,1,1
30.08.2021 00:51:57.843,0.70099,0.70086,1,1.5
30.08.2021 00:51:57.944,0.70099,0.70087,1,1
30.08.2021 00:52:01.727,0.70098,0.70087,1,1
30.08.2021 00:52:01.828,0.70096,0.70084,1,1
30.08.2021 00:52:01.929,0.70094,0.70084,1,1
30.08.2021 00:52:03.788,0.70096,0.7008300000000001,1,1
30.08.2021 00:52:04.503,0.70094,0.70084,1,1
30.08.2021 00:52:05.047,0.7009500000000001,0.70084,1,1
30.08.2021 00:52:08.359,0.7009500000000001,0.70082,1,1.5
30.08.2021 00:52:08.798,0.7009500000000001,0.7008300000000001,1,1
30.08.2021 00:52:11.620,0.70093,0.70082,1,1
30.08.2021 00:52:11.721,0.70092,0.70082,1,1
30.08.2021 00:52:12.303,0.70094,0.7008300000000001,1,1.5
30.08.2021 00:52:12.404,0.7009500000000001,0.7008300000000001,1,1
30.08.2021 00:52:12.556,0.7009500000000001,0.70082,1,1.5
30.08.2021 00:52:13.399,0.7009500000000001,0.7008300000000001,1,1
30.08.2021 00:52:14.891,0.70093,0.7008300000000001,1.25,1
30.08.2021 00:52:14.992,0.70092,0.70081,1,1
30.08.2021 00:52:15.093,0.70092,0.7008,1,1
30.08.2021 00:52:16.955,0.70093,0.7008,1,1
30.08.2021 00:52:17.059,0.70094,0.7008300000000001,1.25,1
30.08.2021 00:52:17.110,0.7009500000000001,0.7008500000000001,1,1.12
30.08.2021 00:52:17.364,0.70094,0.70084,1,1
30.08.2021 00:52:17.465,0.70093,0.7008300000000001,1,1
30.08.2021 00:52:23.442,0.70094,0.7008300000000001,1,1.25
30.08.2021 00:52:24.733,0.70094,0.70082,1,1.25
30.08.2021 00:52:25.823,0.70094,0.7008300000000001,1,1.25
30.08.2021 00:52:25.994,0.70094,0.70082,1,1.25
30.08.2021 00:52:26.972,0.70094,0.70081,1,1.69
30.08.2021 00:52:34.916,0.70092,0.70079,1,2.62
30.08.2021 00:52:35.017,0.70091,0.7007800000000001,1,2.44
30.08.2021 00:52:42.340,0.7009000000000001,0.70077,1,1.12
30.08.2021 00:52:44.888,0.70091,0.7007800000000001,1.5,1
30.08.2021 00:52:47.365,0.7009000000000001,0.70077,1,1.12
30.08.2021 00:53:00.742,0.7009000000000001,0.7007800000000001,1,2.25
30.08.2021 00:53:00.843,0.70091,0.70081,1,1
30.08.2021 00:53:01.671,0.70092,0.70081,1.5,1
30.08.2021 00:53:02.276,0.70093,0.7008300000000001,1,1.5
30.08.2021 00:53:02.448,0.70094,0.7008300000000001,1,1
30.08.2021 00:53:02.608,0.70094,0.70082,1,1
30.08.2021 00:53:21.961,0.70093,0.70084,1,1
30.08.2021 00:53:23.964,0.70094,0.70084,1,1
30.08.2021 00:53:24.015,0.70097,0.70086,1,1
30.08.2021 00:53:24.318,0.70097,0.70087,1,1
30.08.2021 00:53:24.369,0.70099,0.7008800000000001,1,1
30.08.2021 00:53:34.367,0.70096,0.70086,1,1
30.08.2021 00:53:34.468,0.70097,0.70084,1,1
30.08.2021 00:53:34.643,0.70097,0.7008500000000001,1,1
30.08.2021 00:53:38.563,0.70098,0.70087,1,1
30.08.2021 00:53:38.665,0.70098,0.7008800000000001,1,1
30.08.2021 00:53:40.641,0.70101,0.7008800000000001,1.5,1
30.08.2021 00:53:46.173,0.70101,0.70089,1,1
30.08.2021 00:54:09.216,0.70101,0.7009000000000001,1,1
30.08.2021 00:54:09.267,0.70103,0.7009000000000001,1.5,1.5
30.08.2021 00:54:09.469,0.70103,0.70091,1.5,1
30.08.2021 00:54:10.324,0.70102,0.70089,1,1
30.08.2021 00:54:10.425,0.70101,0.70089,1,1
30.08.2021 00:54:14.364,0.7010000000000001,0.70087,1,1.94
30.08.2021 00:54:15.140,0.7010000000000001,0.70087,1,1.87
30.08.2021 00:54:16.144,0.7010000000000001,0.7008800000000001,1,1
30.08.2021 00:54:19.366,0.70101,0.70089,1,1
30.08.2021 00:54:25.632,0.7010000000000001,0.70089,1,1
30.08.2021 00:54:29.004,0.70101,0.70089,1,1
30.08.2021 00:54:31.366,0.70101,0.7008800000000001,1,1
30.08.2021 00:54:31.568,0.70098,0.70087,1.5,2.25
30.08.2021 00:54:31.719,0.7009000000000001,0.70081,1.25,1.5
30.08.2021 00:54:31.820,0.70091,0.70079,1.25,1
30.08.2021 00:54:35.964,0.70087,0.7008,1,1
30.08.2021 00:54:36.015,0.70081,0.70076,1,1
30.08.2021 00:54:36.066,0.70081,0.7007300000000001,1,1
30.08.2021 00:54:36.117,0.70084,0.70072,1,1
30.08.2021 00:54:38.852,0.7008300000000001,0.7007,1,1.69
30.08.2021 00:54:38.903,0.7008,0.7006800000000001,1,1
30.08.2021 00:54:39.004,0.7007800000000001,0.7006600000000001,1,1.94
30.08.2021 00:54:45.262,0.70077,0.70064,1,1.94
30.08.2021 00:54:45.364,0.70077,0.70064,1,1.69
30.08.2021 00:54:46.681,0.70076,0.70064,1,1.69
30.08.2021 00:54:51.590,0.70076,0.70064,1,2.31
30.08.2021 00:54:52.457,0.7007300000000001,0.7006300000000001,1,1.25
30.08.2021 00:54:52.508,0.70074,0.70062,1,1
30.08.2021 00:54:52.610,0.70074,0.7006300000000001,1,1
30.08.2021 00:54:52.711,0.70075,0.7006300000000001,1,1
30.08.2021 00:54:54.264,0.7007300000000001,0.7006300000000001,1,1.25
30.08.2021 00:54:54.683,0.70072,0.70062,1,1.87
30.08.2021 00:54:56.322,0.70072,0.7006100000000001,1,1.12
30.08.2021 00:54:57.122,0.7007,0.7005800000000001,1,1.12
30.08.2021 00:54:57.374,0.70069,0.70057,1,1
30.08.2021 00:55:00.245,0.70071,0.70059,1.5,1
30.08.2021 00:55:00.599,0.7007300000000001,0.7006300000000001,1,1
30.08.2021 00:55:00.751,0.7007300000000001,0.70064,1,1
30.08.2021 00:55:00.852,0.70074,0.70062,1,1
30.08.2021 00:55:00.954,0.7007300000000001,0.7006100000000001,1,1
30.08.2021 00:55:02.592,0.70072,0.7006,1,1.25
30.08.2021 00:55:02.968,0.7007300000000001,0.7006100000000001,1,1
30.08.2021 00:55:03.170,0.70072,0.7006,1,1
30.08.2021 00:55:03.477,0.7007300000000001,0.7006100000000001,1,1
30.08.2021 00:55:03.719,0.70071,0.7006100000000001,1,1
30.08.2021 00:55:03.921,0.7007300000000001,0.7006100000000001,1,1
30.08.2021 00:55:04.022,0.7007300000000001,0.7006,1,1
30.08.2021 00:55:04.123,0.70072,0.7006,1,1
30.08.2021 00:55:04.990,0.70072,0.70062,1,1
30.08.2021 00:55:05.213,0.70071,0.7006100000000001,1,1
30.08.2021 00:55:05.368,0.7007300000000001,0.7006100000000001,1,1
30.08.2021 00:55:05.469,0.70074,0.70062,1.87,1
30.08.2021 00:55:05.570,0.70072,0.70062,1,1
30.08.2021 00:55:05.671,0.70072,0.7006,1,1
30.08.2021 00:55:05.772,0.70074,0.70062,1.5,1
30.08.2021 00:55:05.923,0.70072,0.70059,1,1
30.08.2021 00:55:05.974,0.70072,0.70062,1,1
30.08.2021 00:55:06.176,0.70072,0.70059,1,1
30.08.2021 00:55:06.535,0.70071,0.70059,1,1
30.08.2021 00:55:06.687,0.70072,0.70059,1.5,1
30.08.2021 00:55:07.723,0.70071,0.70059,1,1
30.08.2021 00:55:21.023,0.7007,0.7005800000000001,1,1
30.08.2021 00:55:24.619,0.70071,0.70059,1.87,1
30.08.2021 00:55:45.998,0.7007,0.7006100000000001,1,1
30.08.2021 00:55:50.523,0.70071,0.7006100000000001,1,1
30.08.2021 00:56:16.394,0.70072,0.70059,2.25,1
30.08.2021 00:56:16.445,0.70067,0.7005600000000001,1,1
30.08.2021 00:56:16.596,0.7006600000000001,0.7005600000000001,1,1
30.08.2021 00:56:16.700,0.7006600000000001,0.70054,2.25,1
30.08.2021 00:56:16.801,0.70062,0.7005,3,1
30.08.2021 00:56:19.430,0.7006300000000001,0.70052,1,1
30.08.2021 00:56:19.531,0.70065,0.70054,1,1
30.08.2021 00:56:22.034,0.70064,0.70055,1.5,1
30.08.2021 00:56:22.135,0.7006300000000001,0.70054,1.25,1
30.08.2021 00:56:32.684,0.7006300000000001,0.7005300000000001,1,1
30.08.2021 00:56:34.353,0.7006300000000001,0.7005100000000001,1,1
30.08.2021 00:56:34.505,0.7006300000000001,0.70052,1,1
30.08.2021 00:56:35.857,0.70062,0.70054,1,1
30.08.2021 00:56:35.958,0.70064,0.7005300000000001,1.25,1
30.08.2021 00:56:45.029,0.70065,0.7005300000000001,1,3.37
30.08.2021 00:56:45.080,0.7007,0.7006,2.44,2.25
30.08.2021 00:56:45.131,0.7007300000000001,0.70062,2.25,2.25
30.08.2021 00:56:45.182,0.70074,0.70064,1.25,1
30.08.2021 00:56:45.232,0.70072,0.70062,1.69,1
30.08.2021 00:56:45.333,0.7007300000000001,0.70064,1,1
30.08.2021 00:56:45.721,0.70075,0.7006300000000001,1,1
30.08.2021 00:56:50.737,0.7007800000000001,0.7006800000000001,2.87,1
30.08.2021 00:56:50.838,0.7008300000000001,0.70074,1.62,1
30.08.2021 00:56:50.888,0.7008500000000001,0.7007300000000001,2.12,1
30.08.2021 00:56:50.990,0.7008500000000001,0.70074,1,1
30.08.2021 00:56:53.473,0.70086,0.70074,1,1
30.08.2021 00:57:01.004,0.7008500000000001,0.7007300000000001,1.5,1
30.08.2021 00:57:12.246,0.70087,0.70075,1.5,1
30.08.2021 00:57:23.100,0.7009000000000001,0.7007800000000001,1.5,1
30.08.2021 00:57:23.302,0.70092,0.7008,1.5,1
30.08.2021 00:57:23.453,0.70091,0.70079,1,1
30.08.2021 00:57:24.756,0.7008800000000001,0.7007800000000001,1,1
30.08.2021 00:57:24.806,0.70087,0.70075,1.5,1
30.08.2021 00:57:24.957,0.70087,0.70074,1.5,1
30.08.2021 00:57:25.159,0.70086,0.70074,1,1
30.08.2021 00:57:26.499,0.70084,0.70074,2.69,1
30.08.2021 00:57:28.331,0.70084,0.70072,1,1
30.08.2021 00:57:28.483,0.7008300000000001,0.70071,2.25,1
30.08.2021 00:57:28.585,0.70081,0.70069,1.69,1
30.08.2021 00:57:31.730,0.7008,0.7006800000000001,1,1
30.08.2021 00:57:32.406,0.70081,0.70069,1.69,1
30.08.2021 00:57:36.181,0.70079,0.70069,1,1
30.08.2021 00:57:36.384,0.70081,0.70069,1.5,1
30.08.2021 00:57:38.492,0.70081,0.7006800000000001,1.5,1
30.08.2021 00:57:41.250,0.70081,0.70069,1,1
30.08.2021 00:57:48.649,0.70082,0.70071,1,1
30.08.2021 00:57:53.489,0.7008500000000001,0.70075,1.12,1
30.08.2021 00:57:53.590,0.7008500000000001,0.70077,1,1
30.08.2021 00:58:01.602,0.70086,0.70075,1,1
30.08.2021 00:58:08.283,0.70086,0.70074,1,1
30.08.2021 00:58:34.088,0.70086,0.7007300000000001,1.5,1
30.08.2021 00:58:44.845,0.70086,0.70074,1.5,1
30.08.2021 00:58:47.066,0.7008500000000001,0.7007300000000001,1,1
30.08.2021 00:58:47.724,0.70086,0.7007300000000001,1.5,1
30.08.2021 00:58:53.845,0.7008800000000001,0.70075,1,1
30.08.2021 00:58:55.027,0.70087,0.70074,1.5,1
30.08.2021 00:58:55.329,0.70086,0.70074,1,1
30.08.2021 00:58:58.465,0.70086,0.7007300000000001,1.5,1
30.08.2021 00:59:04.101,0.70082,0.70069,1,1
30.08.2021 00:59:04.203,0.70081,0.7006800000000001,1,1
30.08.2021 00:59:04.304,0.70076,0.70064,1,1
30.08.2021 00:59:08.694,0.70075,0.70064,1,1
30.08.2021 00:59:10.814,0.70075,0.70062,1,1
30.08.2021 00:59:38.160,0.70074,0.7006100000000001,1,1.5
30.08.2021 00:59:55.635,0.70074,0.7006300000000001,1,1
30.08.2021 00:59:55.686,0.70076,0.7006300000000001,1.5,1
30.08.2021 00:59:56.325,0.70076,0.70064,1,1
30.08.2021 01:00:01.354,0.70077,0.70064,1.5,1
30.08.2021 01:00:02.576,0.70079,0.70072,1.87,1
30.08.2021 01:00:02.627,0.70082,0.7007300000000001,1.8,1.25
30.08.2021 01:00:02.678,0.70086,0.70075,1.75,1
30.08.2021 01:00:02.779,0.7008800000000001,0.70076,1.81,1
30.08.2021 01:00:02.880,0.70089,0.7007800000000001,1,1
30.08.2021 01:00:02.981,0.70089,0.7008,1.25,1
30.08.2021 01:00:03.132,0.70093,0.70082,1.5,1
30.08.2021 01:00:03.234,0.70094,0.70081,2.06,1
30.08.2021 01:00:03.559,0.7009000000000001,0.70079,1.5,1
30.08.2021 01:00:03.660,0.7008500000000001,0.7007300000000001,1,1
30.08.2021 01:00:03.761,0.70086,0.70074,1,1
30.08.2021 01:00:07.092,0.7008500000000001,0.70074,1.12,1
30.08.2021 01:00:08.305,0.70082,0.7007,1.5,1
30.08.2021 01:00:08.406,0.70081,0.7007,1.5,1
30.08.2021 01:00:08.507,0.7008,0.70069,1,1
30.08.2021 01:00:11.159,0.7008300000000001,0.70071,1,1.5
30.08.2021 01:00:11.210,0.70086,0.7007300000000001,1.87,1
30.08.2021 01:00:11.514,0.70084,0.70072,1.5,1
30.08.2021 01:00:11.615,0.70084,0.70071,1.5,1
30.08.2021 01:00:13.013,0.7008300000000001,0.7007,1,1
30.08.2021 01:00:13.114,0.70081,0.70071,1,1
30.08.2021 01:00:17.152,0.70084,0.70071,1.5,1
30.08.2021 01:00:18.394,0.7008300000000001,0.7007,1,1
30.08.2021 01:00:18.511,0.7008300000000001,0.70072,1.5,1
30.08.2021 01:00:18.562,0.7008500000000001,0.70074,1.69,1
30.08.2021 01:00:35.631,0.7008800000000001,0.70077,1,1
30.08.2021 01:00:35.682,0.70091,0.7007800000000001,2,1
30.08.2021 01:00:35.796,0.7009000000000001,0.70079,1,1
30.08.2021 01:00:36.199,0.70089,0.7007800000000001,1,1
30.08.2021 01:00:39.348,0.70091,0.7007800000000001,1.5,1
30.08.2021 01:00:41.420,0.70089,0.7007800000000001,1,1
30.08.2021 01:00:41.622,0.70091,0.7007800000000001,1.5,1
30.08.2021 01:00:41.774,0.70089,0.70076,1,1.5
30.08.2021 01:00:44.688,0.70086,0.7007300000000001,1,3
30.08.2021 01:00:46.258,0.7008500000000001,0.70072,1,1.5
30.08.2021 01:00:52.689,0.70082,0.70071,1,1
30.08.2021 01:00:52.791,0.70081,0.7006800000000001,1,1
30.08.2021 01:00:53.630,0.70081,0.70067,1,1.87
30.08.2021 01:00:53.731,0.7008,0.70067,1.5,1.87
30.08.2021 01:00:53.883,0.7007800000000001,0.70065,1.5,1
30.08.2021 01:00:53.985,0.70069,0.7006,1.12,1.87
30.08.2021 01:00:54.086,0.70069,0.70054,1.5,4.12
30.08.2021 01:00:54.188,0.7006600000000001,0.70055,1,3.12
30.08.2021 01:00:54.411,0.7006600000000001,0.70055,1,3.56
30.08.2021 01:00:58.396,0.7006800000000001,0.7005800000000001,1,2.44
30.08.2021 01:00:58.447,0.7007,0.7005800000000001,1,2.44
30.08.2021 01:00:58.548,0.70071,0.70059,1,2.44
30.08.2021 01:01:01.369,0.70071,0.7006,1,3.56
30.08.2021 01:01:01.520,0.70071,0.70059,1,2.06
30.08.2021 01:01:01.621,0.70072,0.70059,1,2.81
30.08.2021 01:01:01.672,0.70074,0.7006100000000001,1.25,1
30.08.2021 01:01:01.823,0.70074,0.70064,1,1
30.08.2021 01:01:01.924,0.70075,0.70062,1,1
30.08.2021 01:01:11.343,0.70074,0.7006100000000001,1,1
30.08.2021 01:01:15.595,0.70074,0.7006300000000001,1,1.5
30.08.2021 01:01:15.696,0.70076,0.7006300000000001,1,3.19
30.08.2021 01:01:15.797,0.7007300000000001,0.7006100000000001,3.19,1
30.08.2021 01:01:15.999,0.70072,0.7006,1,1.25
30.08.2021 01:01:17.628,0.7007,0.70057,1,2.44
30.08.2021 01:01:17.966,0.70069,0.7005600000000001,1,1.25
30.08.2021 01:01:19.539,0.7006800000000001,0.70055,1,1.94
30.08.2021 01:01:22.137,0.70067,0.70054,1,1.69
30.08.2021 01:01:22.238,0.70065,0.70055,1,1.25
30.08.2021 01:01:31.831,0.7006300000000001,0.7005,1.5,2.06
30.08.2021 01:01:31.983,0.7006300000000001,0.7005100000000001,1.69,1
30.08.2021 01:01:32.452,0.7006300000000001,0.7005,1.69,1
30.08.2021 01:01:47.656,0.70067,0.70055,1.31,1
30.08.2021 01:01:47.757,0.7006800000000001,0.7005600000000001,1,1
30.08.2021 01:01:49.534,0.70071,0.70059,1.75,1.5
30.08.2021 01:01:49.585,0.70072,0.7006,1.87,1
30.08.2021 01:01:49.686,0.70071,0.70059,1,1
30.08.2021 01:01:53.709,0.7007,0.7005800000000001,1,1
30.08.2021 01:01:58.644,0.70072,0.7006,1,1
30.08.2021 01:02:01.865,0.70072,0.7006100000000001,1.5,1
30.08.2021 01:02:02.110,0.7007300000000001,0.7006100000000001,1.5,1
30.08.2021 01:02:03.583,0.70079,0.7006800000000001,1.25,1
30.08.2021 01:02:03.685,0.70081,0.7006800000000001,2.87,1
30.08.2021 01:02:17.877,0.70082,0.70072,1.5,1
30.08.2021 01:02:17.978,0.7008300000000001,0.70072,1,1
30.08.2021 01:02:18.231,0.70084,0.70072,1,1
30.08.2021 01:02:18.332,0.7008500000000001,0.7007300000000001,1.5,1
30.08.2021 01:02:21.624,0.7008500000000001,0.7007300000000001,2,1
30.08.2021 01:02:23.303,0.70084,0.70072,1.12,1
30.08.2021 01:02:26.724,0.70082,0.70072,1,1.5
30.08.2021 01:02:29.196,0.70086,0.70076,1,1
30.08.2021 01:02:29.398,0.7008800000000001,0.70075,1.5,1.5
30.08.2021 01:02:32.701,0.70086,0.70076,1,1.5
30.08.2021 01:02:38.039,0.7008800000000001,0.70075,1.5,1
30.08.2021 01:02:39.574,0.70087,0.70075,1,1
30.08.2021 01:02:45.496,0.7008800000000001,0.70076,1.5,1
30.08.2021 01:02:48.228,0.70086,0.70076,1,1.25
30.08.2021 01:02:48.387,0.7008800000000001,0.70076,1.5,1
30.08.2021 01:02:49.892,0.70087,0.70075,1,1.25
30.08.2021 01:02:54.519,0.70086,0.70074,1,1
30.08.2021 01:03:00.786,0.70087,0.70075,1.5,1
30.08.2021 01:03:03.602,0.70086,0.70074,1,1.12
30.08.2021 01:03:13.501,0.70087,0.70077,1.5,1
30.08.2021 01:03:14.650,0.70087,0.70075,1,1
30.08.2021 01:03:19.606,0.70087,0.70076,1,1
30.08.2021 01:03:29.403,0.70087,0.70075,1,1
30.08.2021 01:03:32.849,0.70081,0.70071,1,1.87
30.08.2021 01:03:32.950,0.7007800000000001,0.7006600000000001,1,3.39
30.08.2021 01:03:33.051,0.70077,0.70065,1,1
30.08.2021 01:03:33.102,0.70075,0.7006300000000001,1,1.94
30.08.2021 01:03:33.154,0.7007300000000001,0.7006300000000001,1,2.25
30.08.2021 01:03:33.306,0.7007300000000001,0.70062,1,1
30.08.2021 01:03:34.094,0.7007300000000001,0.7006100000000001,1,1.25
30.08.2021 01:03:36.051,0.7007,0.7005800000000001,1,1
30.08.2021 01:03:36.153,0.70069,0.70057,1,1.87
30.08.2021 01:03:44.382,0.70067,0.70057,1.5,1
30.08.2021 01:03:44.914,0.70067,0.70055,1,1
30.08.2021 01:03:47.602,0.70067,0.7005800000000001,1,1
30.08.2021 01:03:49.730,0.70072,0.7006,1,1
30.08.2021 01:03:56.957,0.7007300000000001,0.7006100000000001,1,1.12
30.08.2021 01:03:57.008,0.70074,0.70064,1.5,1
30.08.2021 01:03:57.466,0.7007800000000001,0.7006600000000001,1,1.12
30.08.2021 01:03:57.567,0.70079,0.70067,1,1
30.08.2021 01:04:02.258,0.70074,0.70064,1,1.25
30.08.2021 01:04:02.359,0.7007300000000001,0.7006100000000001,1,1
30.08.2021 01:04:03.760,0.70071,0.70062,1,1
30.08.2021 01:04:04.244,0.70072,0.7006,1,1.25
30.08.2021 01:04:04.995,0.7006600000000001,0.7005600000000001,1,4
30.08.2021 01:04:05.096,0.70067,0.70055,1,1
30.08.2021 01:04:14.222,0.7006800000000001,0.7005600000000001,1,2.25
30.08.2021 01:04:17.693,0.7006800000000001,0.7005800000000001,1,1
30.08.2021 01:04:23.668,0.70069,0.7005600000000001,1,1.25
30.08.2021 01:04:23.828,0.7006800000000001,0.7005600000000001,1,1.25
30.08.2021 01:04:27.218,0.7007,0.7006,1.5,1
30.08.2021 01:04:27.634,0.7007,0.7005800000000001,1,1.69
30.08.2021 01:04:27.735,0.70067,0.70057,1,1.94
30.08.2021 01:04:33.610,0.7006800000000001,0.7005600000000001,1,1.25
30.08.2021 01:04:33.762,0.70065,0.70055,1,1.87
30.08.2021 01:04:40.136,0.7006300000000001,0.7005100000000001,1,1.87
30.08.2021 01:04:40.237,0.70059,0.70047,1,1.25
30.08.2021 01:04:40.339,0.7005800000000001,0.7004600000000001,1,2.06
30.08.2021 01:04:44.736,0.70059,0.70047,1,1
30.08.2021 01:05:03.776,0.7005800000000001,0.70045,1,1
30.08.2021 01:05:11.747,0.70059,0.70047,1,1.69
30.08.2021 01:05:11.848,0.70059,0.7004600000000001,1,1
30.08.2021 01:05:11.949,0.7005800000000001,0.7004600000000001,1,1
30.08.2021 01:05:12.050,0.70054,0.70043,1,1.69
30.08.2021 01:05:12.666,0.70054,0.70042,1,1.12
30.08.2021 01:05:15.852,0.70052,0.7004,1,2
30.08.2021 01:05:15.953,0.7005100000000001,0.7004100000000001,1,1
30.08.2021 01:05:20.593,0.70052,0.70039,1,1.87
30.08.2021 01:05:20.695,0.7005100000000001,0.70039,1,1.12
30.08.2021 01:05:20.796,0.7004800000000001,0.70037,1,1
30.08.2021 01:05:20.846,0.7004800000000001,0.70035,1,3.94
30.08.2021 01:05:20.997,0.70047,0.70034,1,2.07
30.08.2021 01:05:21.099,0.70045,0.70035,1,1.32
30.08.2021 01:05:22.833,0.7004600000000001,0.70035,1,1.5
30.08.2021 01:05:23.424,0.70047,0.70035,1,2.25
30.08.2021 01:05:29.102,0.70047,0.7003600000000001,1,1.5
30.08.2021 01:05:29.321,0.7004600000000001,0.7003600000000001,1,2.44
30.08.2021 01:05:30.148,0.70047,0.7003600000000001,1,1
30.08.2021 01:05:30.199,0.70049,0.70037,1,2.44
30.08.2021 01:05:53.079,0.7004800000000001,0.70037,1,1.12
30.08.2021 01:06:06.137,0.70049,0.70038,1,1
30.08.2021 01:06:06.239,0.70055,0.70045,1.5,1
30.08.2021 01:06:06.340,0.70059,0.7004600000000001,1.5,1
30.08.2021 01:06:06.442,0.70059,0.7004600000000001,1,1
30.08.2021 01:06:06.543,0.70057,0.70044,1,1.5
30.08.2021 01:06:06.645,0.70052,0.7004,1,1.25
30.08.2021 01:06:09.390,0.7005300000000001,0.7004100000000001,1,1
30.08.2021 01:06:16.570,0.70054,0.70042,1,1
30.08.2021 01:06:16.721,0.70055,0.70042,1,1
30.08.2021 01:06:17.563,0.70054,0.70042,1,1
30.08.2021 01:06:23.535,0.7005,0.70037,1,1
30.08.2021 01:06:23.636,0.7005,0.70038,1,1
30.08.2021 01:06:26.874,0.7005,0.70037,1,1
30.08.2021 01:06:29.446,0.70049,0.70037,1,1
30.08.2021 01:06:31.208,0.70049,0.7003600000000001,1.5,1
30.08.2021 01:06:31.380,0.7004800000000001,0.70035,1,1
30.08.2021 01:06:33.462,0.70049,0.7003600000000001,1.5,1
30.08.2021 01:06:41.218,0.7004800000000001,0.70035,1,1
30.08.2021 01:06:55.508,0.7004600000000001,0.70035,1,1.51
30.08.2021 01:07:01.795,0.70047,0.70034,1,2
30.08.2021 01:07:01.846,0.70052,0.70039,1.5,1.12
30.08.2021 01:07:01.948,0.70052,0.7004,1.5,1
30.08.2021 01:07:03.096,0.70054,0.7004100000000001,1,1
30.08.2021 01:07:03.197,0.70054,0.70042,1,1
30.08.2021 01:07:04.599,0.70055,0.70042,1,1
30.08.2021 01:07:04.700,0.70054,0.7004100000000001,1,1.5
30.08.2021 01:07:08.856,0.7005300000000001,0.70042,1,2
30.08.2021 01:07:08.907,0.70055,0.70045,1,1
30.08.2021 01:07:08.958,0.70057,0.7004600000000001,1,1
30.08.2021 01:07:09.008,0.70059,0.7004600000000001,1.5,1
30.08.2021 01:07:09.110,0.7006,0.70047,1.87,1
30.08.2021 01:07:12.075,0.7005600000000001,0.70044,1.5,1.25
30.08.2021 01:07:12.374,0.70055,0.70043,1,1
30.08.2021 01:07:24.131,0.70055,0.70043,4.19,1
30.08.2021 01:07:24.232,0.70052,0.7004,1.25,1
30.08.2021 01:07:24.434,0.70054,0.7004100000000001,1.69,1
30.08.2021 01:07:24.585,0.70054,0.70042,1.69,1
30.08.2021 01:07:27.277,0.70054,0.7004100000000001,1.25,1
30.08.2021 01:07:37.645,0.70055,0.70042,2.5,1
30.08.2021 01:07:39.350,0.70055,0.70042,1.69,1
30.08.2021 01:07:39.933,0.7005800000000001,0.70045,1.12,1.5
30.08.2021 01:07:40.034,0.70059,0.7004600000000001,1.25,1
30.08.2021 01:07:40.815,0.7005800000000001,0.70045,1,1.5
30.08.2021 01:07:40.989,0.7005600000000001,0.70044,1,1
30.08.2021 01:07:41.992,0.7005800000000001,0.7004600000000001,1,1
30.08.2021 01:07:42.147,0.7005800000000001,0.70045,1,1
30.08.2021 01:07:42.249,0.7005800000000001,0.7004600000000001,1,1
30.08.2021 01:07:42.400,0.70057,0.7004600000000001,1,1
30.08.2021 01:07:43.126,0.70057,0.70044,1,1.5
30.08.2021 01:07:43.227,0.70055,0.70045,1,1
30.08.2021 01:07:43.328,0.7005600000000001,0.70043,1,1
30.08.2021 01:07:48.979,0.70055,0.70043,1,1
30.08.2021 01:07:52.053,0.70059,0.7004600000000001,2.12,1
30.08.2021 01:07:52.154,0.70059,0.7004600000000001,1.25,1
30.08.2021 01:07:58.634,0.7006,0.70047,1.69,1
30.08.2021 01:08:00.059,0.70059,0.70049,1.25,1
30.08.2021 01:08:01.642,0.7006,0.70047,1.69,1
30.08.2021 01:08:23.050,0.7006100000000001,0.70049,1.25,1.12
30.08.2021 01:08:23.101,0.70062,0.70049,1,1.87
30.08.2021 01:08:23.202,0.7006300000000001,0.7005,1,1.5
30.08.2021 01:08:24.274,0.7006,0.7005100000000001,1,1
30.08.2021 01:08:24.894,0.70062,0.7005,1,1
30.08.2021 01:08:30.518,0.7006300000000001,0.70052,1,1
30.08.2021 01:08:30.619,0.7006300000000001,0.7005100000000001,1,1
30.08.2021 01:08:38.064,0.70062,0.7005300000000001,1,1
30.08.2021 01:08:38.165,0.70064,0.7005100000000001,1,3.75
30.08.2021 01:08:38.266,0.70064,0.70052,1,1.5
30.08.2021 01:08:38.367,0.70064,0.7005100000000001,1,1.5
30.08.2021 01:08:38.720,0.70062,0.70052,1,1
30.08.2021 01:08:50.579,0.70062,0.70049,1,1.5
30.08.2021 01:08:53.647,0.7006300000000001,0.7005,1.25,1.5
30.08.2021 01:09:00.996,0.70062,0.7005,1,1
30.08.2021 01:09:01.375,0.7006300000000001,0.7005100000000001,1,1
30.08.2021 01:09:02.637,0.70064,0.70052,1,1
30.08.2021 01:09:02.738,0.70064,0.7005100000000001,1,1.5
30.08.2021 01:09:03.874,0.70062,0.70052,1,1
30.08.2021 01:09:04.076,0.7006300000000001,0.7005300000000001,1,1
30.08.2021 01:09:04.177,0.70064,0.7005100000000001,1,1.5
30.08.2021 01:09:08.693,0.7006300000000001,0.7005100000000001,1,1
30.08.2021 01:09:34.433,0.70065,0.70054,1,3.5
30.08.2021 01:09:34.534,0.70067,0.70055,1,1
30.08.2021 01:09:34.635,0.70067,0.7005600000000001,1,1.5
30.08.2021 01:09:36.288,0.70065,0.70052,1,1.5
30.08.2021 01:09:36.389,0.70064,0.7005100000000001,1,1.5
30.08.2021 01:09:37.575,0.70062,0.7005100000000001,1,1.5
30.08.2021 01:10:00.273,0.7006,0.7004800000000001,1,2.94
30.08.2021 01:10:00.324,0.7006,0.70047,1,1.5
30.08.2021 01:10:00.425,0.70059,0.70047,1,1
30.08.2021 01:10:14.855,0.70059,0.7004800000000001,1,2.25
30.08.2021 01:10:15.006,0.7006100000000001,0.7005,1,1.87
30.08.2021 01:10:15.108,0.70064,0.7005100000000001,1,1
30.08.2021 01:10:19.257,0.7006800000000001,0.70055,1,1
30.08.2021 01:10:19.358,0.70069,0.7005600000000001,1,1
30.08.2021 01:10:29.907,0.70069,0.7005800000000001,1.69,1
30.08.2021 01:10:46.357,0.70072,0.70059,1,1.87
30.08.2021 01:10:47.079,0.7007300000000001,0.70059,1,1.87
30.08.2021 01:10:47.230,0.7007300000000001,0.70062,1,1
30.08.2021 01:10:50.398,0.70071,0.70059,1,1
30.08.2021 01:10:50.499,0.70069,0.70057,1,1
30.08.2021 01:10:50.600,0.70069,0.7005600000000001,1,1.5
30.08.2021 01:10:52.643,0.70069,0.70057,1,1
30.08.2021 01:11:12.032,0.70069,0.7005600000000001,1,2.25
30.08.2021 01:11:12.184,0.7007,0.70057,1,1
30.08.2021 01:11:17.104,0.7007300000000001,0.7006100000000001,1,1.5
30.08.2021 01:11:17.205,0.70074,0.7006100000000001,1,1
30.08.2021 01:11:17.306,0.70075,0.70062,1.25,1.5
30.08.2021 01:11:17.407,0.70075,0.7006300000000001,1,1
30.08.2021 01:11:17.659,0.70075,0.70062,1,2.25
30.08.2021 01:11:23.986,0.70076,0.7006300000000001,1,2.25
30.08.2021 01:11:28.489,0.70075,0.70065,1,1
30.08.2021 01:11:28.592,0.70076,0.70065,1,2.25
30.08.2021 01:11:28.693,0.70077,0.7006300000000001,1,2.25
30.08.2021 01:11:34.599,0.7007800000000001,0.70065,1,1.5
30.08.2021 01:11:34.700,0.70079,0.7006600000000001,1,1.5
30.08.2021 01:11:38.061,0.7007800000000001,0.7006600000000001,1,1
30.08.2021 01:11:41.132,0.70079,0.7006600000000001,1,1.5
30.08.2021 01:12:01.018,0.70079,0.7006800000000001,1,2.25
30.08.2021 01:12:01.119,0.7007800000000001,0.70067,1,1.5
30.08.2021 01:12:06.742,0.7007800000000001,0.70069,1,1
30.08.2021 01:12:06.793,0.70081,0.7007,1,3.37
30.08.2021 01:12:06.844,0.70084,0.70071,1.25,1
30.08.2021 01:12:07.503,0.70084,0.70072,1.75,1
30.08.2021 01:12:07.553,0.7008300000000001,0.7007,1,1.5
30.08.2021 01:12:09.640,0.70084,0.70071,1.25,1.5
30.08.2021 01:12:12.899,0.7008300000000001,0.70071,1,1
30.08.2021 01:12:13.000,0.7008,0.70067,1,1.5
30.08.2021 01:12:13.210,0.7007800000000001,0.7006800000000001,1,1
30.08.2021 01:12:16.127,0.70076,0.70064,1,2.62
30.08.2021 01:12:16.178,0.70074,0.7006100000000001,1.25,3.75
30.08.2021 01:12:16.492,0.7007300000000001,0.7006,1,1.5
30.08.2021 01:12:16.593,0.70072,0.7006,1,1
30.08.2021 01:12:16.695,0.7007,0.7005800000000001,1,1
30.08.2021 01:12:16.796,0.7006800000000001,0.7005800000000001,1,1
30.08.2021 01:12:16.898,0.70069,0.7005600000000001,1,1
30.08.2021 01:12:19.595,0.70069,0.70059,1,1
30.08.2021 01:12:19.645,0.70072,0.70059,1.25,4.12
30.08.2021 01:12:19.746,0.7007300000000001,0.7006,1.25,1.5
30.08.2021 01:12:22.245,0.7007300000000001,0.7006100000000001,1,1
30.08.2021 01:12:23.693,0.70074,0.7006100000000001,1.25,1.5
30.08.2021 01:12:24.723,0.70072,0.7006100000000001,1,1.5
30.08.2021 01:12:32.126,0.70074,0.7006100000000001,1.25,1
30.08.2021 01:12:32.639,0.7007300000000001,0.7006,1,1.5
30.08.2021 01:12:40.099,0.70072,0.70059,1,1
30.08.2021 01:12:40.251,0.70071,0.70059,1,1.5
30.08.2021 01:12:40.942,0.70072,0.70059,1,2.25
30.08.2021 01:12:41.145,0.7007300000000001,0.7006100000000001,1,2.25
30.08.2021 01:12:44.693,0.7007300000000001,0.7006,1,2.25
30.08.2021 01:12:51.631,0.70074,0.7006100000000001,1,1
30.08.2021 01:12:54.755,0.70075,0.70062,1,1.5
30.08.2021 01:13:09.411,0.70076,0.7006300000000001,1.69,1
30.08.2021 01:13:14.897,0.70079,0.7006600000000001,1.5,1
30.08.2021 01:13:14.999,0.7007800000000001,0.7006800000000001,1,1
30.08.2021 01:13:15.101,0.7008,0.70067,1.69,1
30.08.2021 01:13:36.887,0.70081,0.7007,1,1.12
30.08.2021 01:13:36.988,0.70084,0.70071,1.69,1
30.08.2021 01:13:46.099,0.70081,0.7007,1.69,1
30.08.2021 01:13:46.200,0.7008,0.70069,1.69,1
30.08.2021 01:13:46.301,0.70079,0.7006800000000001,1,1
30.08.2021 01:13:52.941,0.70079,0.70069,1,1
30.08.2021 01:13:53.071,0.70079,0.7006800000000001,1,1
30.08.2021 01:13:59.712,0.7008,0.7006600000000001,1,1.5
30.08.2021 01:14:04.708,0.70082,0.70069,1,1.12
30.08.2021 01:14:04.809,0.7008300000000001,0.70069,1.5,1.87
30.08.2021 01:14:04.910,0.7008500000000001,0.70072,2.62,1
30.08.2021 01:14:08.869,0.7008500000000001,0.70071,1.69,1.5
30.08.2021 01:14:17.437,0.70084,0.70071,1,1
30.08.2021 01:14:21.679,0.70081,0.7006800000000001,1,1.5
30.08.2021 01:14:21.780,0.70079,0.7006600000000001,1,2.25
30.08.2021 01:14:25.426,0.7008,0.7007,1,1.5
30.08.2021 01:14:25.476,0.70082,0.70071,1,2.25
30.08.2021 01:14:25.527,0.70086,0.70074,1,2.81
30.08.2021 01:14:25.628,0.70089,0.70076,1.12,1
30.08.2021 01:14:26.137,0.70086,0.70076,1.25,1.5
30.08.2021 01:14:26.188,0.7008500000000001,0.70072,1,1.5
30.08.2021 01:14:26.289,0.70084,0.70071,1,2.25
30.08.2021 01:14:29.115,0.7008300000000001,0.7007,1,2.25
30.08.2021 01:14:31.918,0.7008,0.7006800000000001,1,1.5
30.08.2021 01:14:32.019,0.7008,0.70067,1,1
30.08.2021 01:14:32.656,0.70079,0.70065,1.25,2.25
30.08.2021 01:14:32.757,0.7007800000000001,0.70065,1.25,1
30.08.2021 01:14:33.612,0.70077,0.70065,1.25,2.25
30.08.2021 01:14:36.991,0.70077,0.7006600000000001,1.25,1
30.08.2021 01:14:37.497,0.70077,0.70064,1,1.87
30.08.2021 01:14:40.809,0.70076,0.70064,1,1
30.08.2021 01:14:40.960,0.70075,0.7006300000000001,1,1
30.08.2021 01:14:41.061,0.70075,0.70062,1,1
30.08.2021 01:14:43.025,0.70075,0.7006100000000001,1,1
30.08.2021 01:14:43.620,0.70072,0.7006100000000001,1.25,1
30.08.2021 01:14:43.721,0.70071,0.70059,1,1.5
30.08.2021 01:14:43.923,0.70071,0.7005800000000001,1,1
30.08.2021 01:14:49.009,0.70074,0.70062,1.75,1
30.08.2021 01:14:49.110,0.70074,0.7006100000000001,1,1
30.08.2021 01:14:50.598,0.70074,0.7006,1,3.37
30.08.2021 01:14:52.151,0.7007300000000001,0.70059,1,2.25
30.08.2021 01:14:52.252,0.70072,0.7005800000000001,1,1.5
30.08.2021 01:14:56.418,0.70072,0.70059,1,1
30.08.2021 01:14:56.520,0.7007300000000001,0.7006,1.25,1
30.08.2021 01:15:01.122,0.70074,0.7006300000000001,1,1
30.08.2021 01:15:01.223,0.70074,0.7006100000000001,1,1.5
30.08.2021 01:15:02.354,0.7007300000000001,0.7006,1,1
30.08.2021 01:15:02.681,0.70072,0.70059,1,1.12
30.08.2021 01:15:03.020,0.70071,0.7005800000000001,1,1.5
30.08.2021 01:15:03.340,0.7006800000000001,0.70057,1,1.5
30.08.2021 01:15:04.102,0.7006800000000001,0.70054,1.25,1.12
30.08.2021 01:15:06.115,0.70064,0.70052,1,1.69
30.08.2021 01:15:06.216,0.70064,0.7005100000000001,1,1
30.08.2021 01:15:08.695,0.7006300000000001,0.7005,1,1
30.08.2021 01:15:10.509,0.70064,0.7005100000000001,1,1
30.08.2021 01:15:14.667,0.7006100000000001,0.7005,1,1.87
30.08.2021 01:15:14.950,0.7006,0.7004800000000001,1,1
30.08.2021 01:15:15.000,0.7006,0.7004600000000001,1,1.5
30.08.2021 01:15:15.101,0.70057,0.70044,1,2.06
30.08.2021 01:15:16.882,0.7005600000000001,0.70043,1,2.75
30.08.2021 01:15:18.104,0.70055,0.70044,1,1
30.08.2021 01:15:23.209,0.70054,0.7004100000000001,1,1
30.08.2021 01:15:29.796,0.70054,0.70042,1,1
30.08.2021 01:15:30.636,0.70054,0.7004100000000001,1,3
30.08.2021 01:15:31.123,0.70054,0.70042,1,1
30.08.2021 01:15:31.499,0.70054,0.7004100000000001,1,3.19
30.08.2021 01:15:33.426,0.70055,0.70042,1,1
30.08.2021 01:15:43.747,0.7005600000000001,0.70045,1,1.5
30.08.2021 01:15:43.848,0.7005800000000001,0.70045,1.69,2.25
30.08.2021 01:15:44.307,0.70057,0.70047,1.69,1
30.08.2021 01:15:44.408,0.7006100000000001,0.7005,2.06,3
30.08.2021 01:15:44.458,0.70064,0.7005100000000001,1.75,1
30.08.2021 01:15:44.509,0.70064,0.7005100000000001,1.25,1
30.08.2021 01:15:44.618,0.70065,0.70052,2.87,1
30.08.2021 01:15:49.356,0.70064,0.7005300000000001,1.69,1
