Gmt time,Ask,Bid,AskVolume,BidVolume
18.08.2021 00:00:00.157,0.69277,0.69266,1.75,1
18.08.2021 00:00:00.616,0.69277,0.69265,1.25,1
18.08.2021 00:00:00.972,0.69277,0.69265,1.25,1.12
18.08.2021 00:00:01.230,0.69277,0.69264,1.25,1.12
18.08.2021 00:00:01.560,0.69277,0.69265,1.25,1
18.08.2021 00:00:01.611,0.6927800000000001,0.69266,1.25,1
18.08.2021 00:00:01.712,0.69277,0.69266,1.25,2.25
18.08.2021 00:00:01.863,0.69277,0.69267,1.25,1.5
18.08.2021 00:00:01.965,0.69277,0.69265,1.25,1
18.08.2021 00:00:02.116,0.6927800000000001,0.69265,1.25,1
18.08.2021 00:00:02.419,0.69277,0.69267,1.25,1.5
18.08.2021 00:00:02.520,0.69276,0.69264,1.25,1.87
18.08.2021 00:00:03.961,0.6927800000000001,0.69266,1.25,1.69
18.08.2021 00:00:04.062,0.6927800000000001,0.6926800000000001,1.25,1
18.08.2021 00:00:04.547,0.6927800000000001,0.69267,1.25,1
18.08.2021 00:00:05.059,0.6927800000000001,0.69266,1.25,1
18.08.2021 00:00:05.160,0.69277,0.6926800000000001,1.25,1
18.08.2021 00:00:05.614,0.69277,0.69267,1.25,1
18.08.2021 00:00:05.715,0.69276,0.69267,1.25,1
18.08.2021 00:00:07.290,0.69276,0.69265,1.69,1
18.08.2021 00:00:07.814,0.69276,0.69264,2.44,1
18.08.2021 00:00:10.641,0.69274,0.69262,1,2.44
18.08.2021 00:00:10.742,0.6927500000000001,0.6926300000000001,1.69,1
18.08.2021 00:00:10.855,0.69274,0.6926300000000001,1.25,1
18.08.2021 00:00:10.957,0.6927500000000001,0.6926300000000001,1.25,1
18.08.2021 00:00:11.812,0.69279,0.69267,1.75,1
18.08.2021 00:00:11.914,0.69276,0.69264,1,1
18.08.2021 00:00:12.342,0.69276,0.69266,1,1
18.08.2021 00:00:12.444,0.6927800000000001,0.69267,1.69,1
18.08.2021 00:00:12.545,0.69277,0.69267,1.5,1.5
18.08.2021 00:00:12.647,0.69276,0.69266,2.44,1
18.08.2021 00:00:12.698,0.6927500000000001,0.69265,1,1
18.08.2021 00:00:12.799,0.6927500000000001,0.6926300000000001,2.44,1.5
18.08.2021 00:00:12.900,0.6927500000000001,0.6926300000000001,2.44,1.12
18.08.2021 00:00:13.782,0.6927500000000001,0.69264,1.25,1
18.08.2021 00:00:13.884,0.69276,0.69264,1.69,1
18.08.2021 00:00:15.138,0.6927800000000001,0.69266,1.5,2.25
18.08.2021 00:00:15.239,0.6927800000000001,0.69267,1,1
18.08.2021 00:00:17.788,0.69276,0.69267,1,1.12
18.08.2021 00:00:21.261,0.69277,0.69265,1.5,1
18.08.2021 00:00:27.326,0.69276,0.69264,1,2.62
18.08.2021 00:00:29.898,0.6927300000000001,0.69262,2.44,3.37
18.08.2021 00:00:30.000,0.69272,0.6926100000000001,1.69,2.19
18.08.2021 00:00:30.101,0.69271,0.69262,1.25,1.5
18.08.2021 00:00:31.200,0.69272,0.69262,1.69,3
18.08.2021 00:00:34.578,0.69272,0.6926100000000001,1,1
18.08.2021 00:00:36.473,0.69271,0.6926100000000001,1,2.06
18.08.2021 00:00:38.929,0.69271,0.69262,1,1.5
18.08.2021 00:00:39.030,0.69272,0.6926,1,1.69
18.08.2021 00:00:41.899,0.69271,0.69259,1,1.31
18.08.2021 00:00:46.217,0.6927,0.6925800000000001,1,2.5
18.08.2021 00:00:46.763,0.6927,0.6925800000000001,1.25,1.87
18.08.2021 00:00:46.864,0.69269,0.69259,1,2.31
18.08.2021 00:00:47.260,0.6926800000000001,0.69259,1,2.62
18.08.2021 00:00:47.361,0.69269,0.6925800000000001,1,2.69
18.08.2021 00:00:50.229,0.69271,0.69259,1.5,1.25
18.08.2021 00:00:53.422,0.69271,0.6926100000000001,1.5,1
18.08.2021 00:00:53.473,0.6927,0.6925800000000001,1,4.44
18.08.2021 00:00:53.629,0.6927,0.6925800000000001,1,3
18.08.2021 00:00:59.158,0.6927,0.6926,1,1.87
18.08.2021 00:00:59.259,0.69271,0.6926100000000001,1,1.5
18.08.2021 00:00:59.310,0.69271,0.69259,1.5,2.06
18.08.2021 00:00:59.411,0.6927,0.6925800000000001,1.5,2.5
18.08.2021 00:00:59.538,0.69272,0.6926100000000001,2.25,1.5
18.08.2021 00:00:59.807,0.69272,0.6926,2.25,1.31
18.08.2021 00:00:59.908,0.69271,0.69259,1,3.56
18.08.2021 00:01:00.009,0.69272,0.6926100000000001,2.44,1.5
18.08.2021 00:01:00.110,0.69271,0.6926100000000001,1,1.31
18.08.2021 00:01:00.261,0.69272,0.6926100000000001,1,1.5
18.08.2021 00:01:00.362,0.69272,0.6926,1.69,2.62
18.08.2021 00:01:00.513,0.69271,0.69262,1,1.5
18.08.2021 00:01:00.674,0.69272,0.6926,1.5,1.12
18.08.2021 00:01:01.648,0.6927,0.6926,1,4.44
18.08.2021 00:01:01.750,0.69271,0.69259,1,4.5
18.08.2021 00:01:02.429,0.6927,0.6926,1,4.25
18.08.2021 00:01:02.530,0.69272,0.6926100000000001,1.5,1.5
18.08.2021 00:01:02.631,0.69272,0.6926,1.25,1
18.08.2021 00:01:02.732,0.69271,0.69259,1.25,1
18.08.2021 00:01:07.299,0.6927,0.6926,2.5,1
18.08.2021 00:01:10.358,0.6927,0.6926,1.69,1
18.08.2021 00:01:11.832,0.6927,0.6925800000000001,1,1.25
18.08.2021 00:01:12.900,0.69269,0.69262,1,1
18.08.2021 00:01:13.001,0.6927,0.69262,1,1.5
18.08.2021 00:01:13.052,0.69271,0.69259,1,6.75
18.08.2021 00:01:13.608,0.69272,0.6926,1,1.12
18.08.2021 00:01:15.921,0.69271,0.69262,1,1.5
18.08.2021 00:01:16.023,0.69272,0.6926,1,1.12
18.08.2021 00:01:16.124,0.69271,0.6926,1.25,1
18.08.2021 00:01:16.376,0.69272,0.6926,3.19,1
18.08.2021 00:01:17.536,0.69271,0.6925800000000001,1,2.44
18.08.2021 00:01:18.024,0.6927,0.6925800000000001,1,1.25
18.08.2021 00:01:18.126,0.6927,0.6925800000000001,1,2.5
18.08.2021 00:01:19.910,0.6927,0.69262,1,1.5
18.08.2021 00:01:20.062,0.69271,0.69259,1,4.5
18.08.2021 00:01:20.163,0.6927,0.69262,1,1
18.08.2021 00:01:21.230,0.69271,0.69259,1,2.06
18.08.2021 00:01:21.331,0.6927,0.6925800000000001,1,3.62
18.08.2021 00:01:26.767,0.6927,0.6925800000000001,1,1.31
18.08.2021 00:01:31.537,0.69271,0.69259,1.5,1.31
18.08.2021 00:01:31.587,0.69271,0.6926100000000001,1.5,1
18.08.2021 00:01:31.638,0.69271,0.69259,1,1.69
18.08.2021 00:01:37.265,0.69272,0.6926100000000001,1.69,1.5
18.08.2021 00:01:37.366,0.69271,0.69259,1.5,1.69
18.08.2021 00:01:37.467,0.69269,0.6925800000000001,1,1
18.08.2021 00:01:39.985,0.6926800000000001,0.6925800000000001,1.25,1.12
18.08.2021 00:01:40.087,0.6926800000000001,0.6925600000000001,1.25,2.25
18.08.2021 00:01:40.648,0.69269,0.69257,1,1.25
18.08.2021 00:01:41.534,0.6926800000000001,0.69259,1,1
18.08.2021 00:01:41.635,0.6927,0.69257,1.5,1.12
18.08.2021 00:01:51.150,0.69269,0.69257,1,1.12
18.08.2021 00:01:53.101,0.69267,0.69257,1,2.62
18.08.2021 00:02:00.041,0.69266,0.69257,1,1.87
18.08.2021 00:02:01.160,0.69265,0.6925300000000001,1,1.5
18.08.2021 00:02:01.261,0.69266,0.6925300000000001,1.5,1.56
18.08.2021 00:02:01.688,0.69266,0.6925300000000001,1.69,1.31
18.08.2021 00:02:01.900,0.69265,0.6925600000000001,1.69,1.87
18.08.2021 00:02:02.001,0.69266,0.69257,1.69,1.5
18.08.2021 00:02:02.102,0.69266,0.6925600000000001,1.69,1
18.08.2021 00:02:02.203,0.69266,0.69255,1.69,5.81
18.08.2021 00:02:02.716,0.69267,0.69254,1.69,4.06
18.08.2021 00:02:03.321,0.69265,0.69254,1,1
18.08.2021 00:02:07.682,0.69266,0.69254,1.69,1
18.08.2021 00:02:08.110,0.69266,0.6925600000000001,1.25,1
18.08.2021 00:02:08.212,0.69267,0.6925600000000001,1.5,1.5
18.08.2021 00:02:08.313,0.69267,0.69255,1.5,1.31
18.08.2021 00:02:09.273,0.69267,0.6925600000000001,1.5,1.5
18.08.2021 00:02:09.425,0.69267,0.69255,1.5,1.25
18.08.2021 00:02:11.049,0.69266,0.69254,1.69,1.12
18.08.2021 00:02:11.656,0.69266,0.69257,1.69,1.5
18.08.2021 00:02:11.757,0.69267,0.69254,1.5,4.12
18.08.2021 00:02:12.247,0.69267,0.6925600000000001,1.5,1.5
18.08.2021 00:02:12.402,0.69267,0.69255,1.5,1
18.08.2021 00:02:12.684,0.69266,0.69257,1.5,1.5
18.08.2021 00:02:12.841,0.69266,0.69254,1,5.56
18.08.2021 00:02:12.942,0.69266,0.69254,1.25,2.44
18.08.2021 00:02:13.195,0.69266,0.6925600000000001,1,1.5
18.08.2021 00:02:13.346,0.69266,0.69254,1,5.94
18.08.2021 00:02:13.465,0.69266,0.69254,1,6
18.08.2021 00:02:14.815,0.69265,0.69257,1,1.5
18.08.2021 00:02:14.966,0.69266,0.69254,1,5.94
18.08.2021 00:02:15.068,0.69266,0.69254,1,5.62
18.08.2021 00:02:18.109,0.69266,0.69255,2.44,5.62
18.08.2021 00:02:18.335,0.69266,0.69257,1.5,1.5
18.08.2021 00:02:18.739,0.69269,0.69257,1,1.25
18.08.2021 00:02:18.840,0.6926800000000001,0.69257,1,1.25
18.08.2021 00:02:22.353,0.69269,0.6925800000000001,1.5,1.25
18.08.2021 00:02:22.404,0.6927,0.69262,1,1
18.08.2021 00:02:22.505,0.69271,0.6926,1.69,5.19
18.08.2021 00:02:23.717,0.69272,0.69259,2.5,3.37
18.08.2021 00:02:24.410,0.69271,0.6926,2.5,3.5
18.08.2021 00:02:24.535,0.69272,0.69259,1.5,6.25
18.08.2021 00:02:25.250,0.69272,0.69259,1.69,4.12
18.08.2021 00:02:25.351,0.69272,0.69259,1.5,5.25
18.08.2021 00:02:25.499,0.69272,0.6926100000000001,1.5,1
18.08.2021 00:02:26.111,0.69272,0.69262,1.5,1
18.08.2021 00:02:26.212,0.69274,0.6926100000000001,1,2.87
18.08.2021 00:02:26.727,0.6927300000000001,0.6926300000000001,1,1.25
18.08.2021 00:02:26.828,0.69274,0.69264,1.5,1
18.08.2021 00:02:26.929,0.6927300000000001,0.6926300000000001,1,1.5
18.08.2021 00:02:26.980,0.69276,0.69265,1,1.5
18.08.2021 00:02:27.082,0.69272,0.6926,1,5.19
18.08.2021 00:02:27.133,0.69271,0.6926100000000001,1,3.75
18.08.2021 00:02:27.234,0.6927300000000001,0.6926100000000001,1,2.06
18.08.2021 00:02:27.396,0.6927300000000001,0.69262,1.69,2.06
18.08.2021 00:02:28.262,0.6927300000000001,0.69262,1,3.12
18.08.2021 00:02:34.284,0.69274,0.6926300000000001,1,1
18.08.2021 00:02:40.123,0.6927500000000001,0.6926300000000001,1.69,1
18.08.2021 00:02:42.168,0.6927500000000001,0.69264,1.69,1
18.08.2021 00:02:43.128,0.69274,0.69264,1.25,1
18.08.2021 00:02:43.229,0.6927300000000001,0.69262,1,1.69
18.08.2021 00:02:44.369,0.69271,0.6926300000000001,1,1
18.08.2021 00:02:44.899,0.6927300000000001,0.69262,1.69,1
18.08.2021 00:02:46.050,0.69274,0.69262,1.25,1.5
18.08.2021 00:02:49.780,0.6927500000000001,0.6926300000000001,3.25,1
18.08.2021 00:02:50.532,0.6927500000000001,0.6926300000000001,3.25,1
18.08.2021 00:02:51.050,0.6927500000000001,0.6926300000000001,4,1
18.08.2021 00:02:53.725,0.69274,0.6926300000000001,1.25,1
18.08.2021 00:02:53.927,0.6927300000000001,0.69262,1.25,1
18.08.2021 00:02:54.078,0.6927300000000001,0.69262,1.75,1
18.08.2021 00:02:57.790,0.69274,0.69262,1.25,1.5
18.08.2021 00:02:59.248,0.6927500000000001,0.69262,3.25,1.5
18.08.2021 00:02:59.739,0.6927500000000001,0.6926300000000001,2.5,1
18.08.2021 00:03:00.588,0.69277,0.69265,1.5,2.25
18.08.2021 00:03:00.689,0.69276,0.69267,1.69,1
18.08.2021 00:03:00.791,0.69276,0.69266,1.69,1
18.08.2021 00:03:02.809,0.69277,0.69266,1.69,1
18.08.2021 00:03:02.926,0.6927800000000001,0.69267,1,1
18.08.2021 00:03:04.791,0.6927800000000001,0.69267,1.75,1
18.08.2021 00:03:05.449,0.69276,0.6926800000000001,1.25,1
18.08.2021 00:03:05.550,0.69276,0.69267,1.25,1
18.08.2021 00:03:08.324,0.69277,0.69267,1.25,1
18.08.2021 00:03:08.375,0.6927800000000001,0.69267,2.44,1
18.08.2021 00:03:08.476,0.69277,0.69266,1.25,1
18.08.2021 00:03:08.678,0.69277,0.69265,1.75,1
18.08.2021 00:03:09.105,0.6927500000000001,0.69266,1.25,1.5
18.08.2021 00:03:09.688,0.69277,0.69265,3.25,1.5
18.08.2021 00:03:09.789,0.69276,0.69265,1.25,1.5
18.08.2021 00:03:10.004,0.69276,0.69267,1.25,1
18.08.2021 00:03:10.207,0.69277,0.69267,1.69,1
18.08.2021 00:03:10.308,0.69277,0.69266,1.25,1
18.08.2021 00:03:10.511,0.6927800000000001,0.69266,1.69,1
18.08.2021 00:03:10.626,0.69277,0.69266,1.25,1
18.08.2021 00:03:12.889,0.6927800000000001,0.69266,1.69,1
18.08.2021 00:03:13.394,0.69276,0.69267,1,1.5
18.08.2021 00:03:13.985,0.69277,0.69266,1.5,1.5
18.08.2021 00:03:14.035,0.69277,0.69267,2.44,1
18.08.2021 00:03:14.411,0.6927800000000001,0.69266,1.75,1.5
18.08.2021 00:03:21.157,0.69277,0.69265,1.25,1.5
18.08.2021 00:03:21.258,0.69277,0.69265,1.75,1.5
18.08.2021 00:03:23.718,0.69276,0.69266,1,1.69
18.08.2021 00:03:33.506,0.69276,0.69265,1.25,2.25
18.08.2021 00:03:34.803,0.69276,0.69265,1.25,2.25
18.08.2021 00:03:36.208,0.69277,0.69265,1,3
18.08.2021 00:03:36.310,0.6927800000000001,0.69265,1.25,2.62
18.08.2021 00:03:38.435,0.69277,0.69265,1,1.87
18.08.2021 00:03:42.310,0.69276,0.69265,1,2.25
18.08.2021 00:03:47.024,0.6927500000000001,0.69264,1,1
18.08.2021 00:03:47.126,0.6927300000000001,0.69262,1,1
18.08.2021 00:03:47.277,0.69272,0.69262,1,2.81
18.08.2021 00:03:47.395,0.6927300000000001,0.6926100000000001,2.5,1.5
18.08.2021 00:03:47.948,0.69272,0.6926,1.25,1
18.08.2021 00:03:48.203,0.69269,0.6925800000000001,1.31,2.77
18.08.2021 00:03:48.304,0.6926800000000001,0.69257,1.25,1.12
18.08.2021 00:03:48.456,0.6926800000000001,0.6925600000000001,1.69,1
18.08.2021 00:03:48.608,0.69267,0.69257,2.5,1
18.08.2021 00:03:48.759,0.6926800000000001,0.6925600000000001,1.69,1
18.08.2021 00:03:50.107,0.6926800000000001,0.6925600000000001,2.5,1
18.08.2021 00:03:50.209,0.6926800000000001,0.6925600000000001,1.69,1
18.08.2021 00:03:50.362,0.6926800000000001,0.6925600000000001,2.5,1
18.08.2021 00:03:51.097,0.69267,0.69257,1.5,1.25
18.08.2021 00:03:54.220,0.69267,0.69255,1.75,1
18.08.2021 00:03:54.321,0.69264,0.69252,1.31,3.37
18.08.2021 00:03:55.925,0.6926300000000001,0.69252,1,2.25
18.08.2021 00:03:56.668,0.6926300000000001,0.6925100000000001,1.25,3.37
18.08.2021 00:03:56.719,0.69259,0.69249,1.69,1
18.08.2021 00:03:56.770,0.6925800000000001,0.6924800000000001,2.87,3.08
18.08.2021 00:03:56.821,0.69255,0.6924300000000001,1.25,2
18.08.2021 00:03:56.922,0.69255,0.6924300000000001,1.25,1.5
18.08.2021 00:03:57.153,0.69254,0.69247,1,1
18.08.2021 00:03:57.205,0.69257,0.6924600000000001,1,1
18.08.2021 00:03:58.006,0.69257,0.69245,1,2.44
18.08.2021 00:03:58.740,0.69257,0.69247,1.69,1
18.08.2021 00:03:59.048,0.69257,0.69245,1,1.87
18.08.2021 00:04:00.188,0.6925800000000001,0.6924600000000001,1.5,2.81
18.08.2021 00:04:01.613,0.6925600000000001,0.6924399999999999,1.25,2.5
18.08.2021 00:04:01.715,0.69254,0.6924399999999999,2.94,3
18.08.2021 00:04:02.018,0.6925100000000001,0.6924,1.25,1
18.08.2021 00:04:02.368,0.6925,0.6924,1,1
18.08.2021 00:04:02.418,0.69249,0.69237,1.69,1
18.08.2021 00:04:02.519,0.6924800000000001,0.6923600000000001,1,2.44
18.08.2021 00:04:02.621,0.6924600000000001,0.69237,1,1.69
18.08.2021 00:04:04.302,0.6925,0.6924,1.5,1
18.08.2021 00:04:04.354,0.69252,0.6924100000000001,1,1
18.08.2021 00:04:04.455,0.69255,0.6924300000000001,1.12,1.25
18.08.2021 00:04:04.674,0.6925600000000001,0.6924399999999999,2.25,1
18.08.2021 00:04:05.187,0.69257,0.69245,1.5,1
18.08.2021 00:04:06.069,0.69254,0.6924399999999999,4.44,1.25
18.08.2021 00:04:06.540,0.69255,0.6924300000000001,2.81,1
18.08.2021 00:04:06.692,0.6925600000000001,0.6924399999999999,2.25,1
18.08.2021 00:04:07.728,0.69254,0.69245,1.5,1
18.08.2021 00:04:07.779,0.69254,0.69242,3.37,1.12
18.08.2021 00:04:12.107,0.69254,0.6924399999999999,1,1.25
18.08.2021 00:04:12.158,0.69255,0.69245,1.5,1.25
18.08.2021 00:04:13.446,0.6925600000000001,0.6924399999999999,1.5,3.12
18.08.2021 00:04:13.800,0.6925600000000001,0.69245,1.5,1.25
18.08.2021 00:04:20.125,0.6925600000000001,0.6924600000000001,1.69,1
18.08.2021 00:04:21.949,0.6925600000000001,0.6924399999999999,6,1
18.08.2021 00:04:22.051,0.69254,0.6924300000000001,1.5,1
18.08.2021 00:04:22.152,0.69255,0.6924300000000001,1.69,1
18.08.2021 00:04:22.286,0.69254,0.6924300000000001,1.5,1
18.08.2021 00:04:22.389,0.69255,0.6924300000000001,1.69,1
18.08.2021 00:04:23.166,0.6925300000000001,0.69242,1,1.87
18.08.2021 00:04:23.777,0.69254,0.69242,1,1.87
18.08.2021 00:04:24.667,0.6925300000000001,0.69242,1,1.87
18.08.2021 00:04:25.735,0.69254,0.69242,1.25,1
18.08.2021 00:04:27.464,0.69252,0.69242,1,5.12
18.08.2021 00:04:27.566,0.6925300000000001,0.6924100000000001,1,4.31
18.08.2021 00:04:28.107,0.6925300000000001,0.69242,1,1
18.08.2021 00:04:28.158,0.6925600000000001,0.6924399999999999,2.44,1
18.08.2021 00:04:30.073,0.69255,0.6924399999999999,1,1
18.08.2021 00:04:30.597,0.6925300000000001,0.6924399999999999,1,1
18.08.2021 00:04:32.172,0.6925600000000001,0.6924399999999999,1.5,1.25
18.08.2021 00:04:32.285,0.6925600000000001,0.6924399999999999,1.5,1.94
18.08.2021 00:04:38.711,0.69255,0.6924300000000001,1.5,1.25
18.08.2021 00:04:38.812,0.6925600000000001,0.6924399999999999,1.5,1.25
18.08.2021 00:04:43.384,0.69257,0.69245,1.5,1.25
18.08.2021 00:04:44.403,0.6925600000000001,0.69247,1,1
18.08.2021 00:04:48.514,0.69259,0.6924800000000001,2.25,1
18.08.2021 00:04:48.615,0.6926,0.6924800000000001,1.5,1
18.08.2021 00:04:51.509,0.69259,0.69247,1,1.25
18.08.2021 00:05:00.018,0.6926,0.6924800000000001,1,1
18.08.2021 00:05:01.795,0.69259,0.69247,1.5,1
18.08.2021 00:05:01.846,0.69257,0.69245,1,1
18.08.2021 00:05:02.232,0.6925800000000001,0.6924600000000001,1,1
18.08.2021 00:05:05.708,0.69259,0.69247,2.5,1.5
18.08.2021 00:05:05.809,0.69259,0.69247,1,1.5
18.08.2021 00:05:14.717,0.6925800000000001,0.69249,1,1
18.08.2021 00:05:14.836,0.6926,0.6924800000000001,1.5,1.5
18.08.2021 00:05:25.162,0.6926100000000001,0.6925100000000001,1,1.5
18.08.2021 00:05:25.214,0.6926300000000001,0.69252,1.5,1
18.08.2021 00:05:25.265,0.69265,0.6925300000000001,1,1
18.08.2021 00:05:25.366,0.69265,0.69254,1.5,1.25
18.08.2021 00:05:25.781,0.69265,0.6925300000000001,1,1
18.08.2021 00:05:27.278,0.69264,0.69252,1,1
18.08.2021 00:05:31.709,0.69265,0.6925300000000001,1.5,1
18.08.2021 00:05:31.860,0.69266,0.69254,1.5,1.87
18.08.2021 00:05:33.212,0.6926800000000001,0.6925600000000001,1,1
18.08.2021 00:05:35.757,0.69271,0.6926,1.75,1
18.08.2021 00:05:35.858,0.69266,0.6925800000000001,1.25,1.5
18.08.2021 00:05:35.909,0.69266,0.6925600000000001,1.69,1.5
18.08.2021 00:05:36.010,0.69266,0.69255,1.69,3
18.08.2021 00:05:36.318,0.69267,0.69255,1.5,1.25
18.08.2021 00:05:36.960,0.69269,0.6925800000000001,1,3
18.08.2021 00:05:37.061,0.6927,0.69259,1.25,1
18.08.2021 00:05:37.548,0.6926800000000001,0.6925600000000001,1.69,2.62
18.08.2021 00:05:38.565,0.69267,0.6925600000000001,1,1
18.08.2021 00:05:39.579,0.6926800000000001,0.6925600000000001,1.5,2.62
18.08.2021 00:05:39.681,0.6926800000000001,0.69257,1,1
18.08.2021 00:05:40.100,0.69269,0.69259,2.5,1
18.08.2021 00:05:40.564,0.6927,0.6925800000000001,1.5,3.19
18.08.2021 00:05:40.818,0.6927,0.6925800000000001,2.5,1
18.08.2021 00:05:41.121,0.6926800000000001,0.6925800000000001,1.25,1.87
18.08.2021 00:05:45.228,0.6926800000000001,0.6925600000000001,1.25,1
18.08.2021 00:05:45.329,0.69266,0.69254,1,2.25
18.08.2021 00:05:53.853,0.69264,0.69252,1,1.5
18.08.2021 00:05:53.955,0.69264,0.69252,1,1.12
18.08.2021 00:05:55.430,0.6926,0.6924800000000001,1,1.5
18.08.2021 00:05:55.531,0.69259,0.69247,1,1
18.08.2021 00:05:55.835,0.69257,0.69247,1.5,1
18.08.2021 00:05:55.886,0.6925600000000001,0.6924399999999999,1.5,4.25
18.08.2021 00:05:55.988,0.69255,0.69245,2.44,1
18.08.2021 00:05:56.039,0.69254,0.69242,1,1.5
18.08.2021 00:05:59.018,0.69257,0.69245,2.44,1
18.08.2021 00:05:59.119,0.6925600000000001,0.69245,1.69,1.87
18.08.2021 00:06:00.087,0.69257,0.6924600000000001,1.25,1
18.08.2021 00:06:01.859,0.6925800000000001,0.6924800000000001,1.25,1
18.08.2021 00:06:02.417,0.69259,0.6924800000000001,1.25,1
18.08.2021 00:06:05.860,0.6925600000000001,0.6924600000000001,1,1
18.08.2021 00:06:05.961,0.6925600000000001,0.69245,1,1
18.08.2021 00:06:06.788,0.6925600000000001,0.6924399999999999,1.25,1
18.08.2021 00:06:15.209,0.69255,0.69245,1.75,1
18.08.2021 00:06:17.303,0.69257,0.6924600000000001,1,1
18.08.2021 00:06:17.404,0.6926,0.69247,3,1
18.08.2021 00:06:17.506,0.6926,0.6924800000000001,1.25,1
18.08.2021 00:06:17.657,0.6926,0.69249,1.25,1
18.08.2021 00:06:17.767,0.6926100000000001,0.69249,1.31,1
18.08.2021 00:06:17.817,0.69262,0.6925100000000001,1,1
18.08.2021 00:06:18.019,0.69262,0.6925100000000001,1.75,1
18.08.2021 00:06:18.120,0.6926100000000001,0.6925,2.44,1
18.08.2021 00:06:18.222,0.69259,0.6925,1.75,1
18.08.2021 00:06:18.324,0.69257,0.69247,1.25,1
18.08.2021 00:06:18.476,0.69257,0.6924600000000001,1,1
18.08.2021 00:06:19.041,0.69257,0.69247,1,1
18.08.2021 00:06:19.243,0.6925800000000001,0.69247,1,1
18.08.2021 00:06:19.293,0.69259,0.69249,1,1
18.08.2021 00:06:19.395,0.69259,0.6924800000000001,1.25,1
18.08.2021 00:06:24.313,0.6925800000000001,0.6924800000000001,1,1
18.08.2021 00:07:00.228,0.69259,0.6924800000000001,1,1
18.08.2021 00:07:12.575,0.6926,0.6924800000000001,1.25,1
18.08.2021 00:07:16.772,0.6926,0.6924800000000001,1.75,1
18.08.2021 00:07:16.923,0.69259,0.6924800000000001,3.25,1
18.08.2021 00:07:20.929,0.69254,0.69245,1,1.12
18.08.2021 00:07:21.030,0.6925300000000001,0.69242,1,1
18.08.2021 00:07:21.132,0.6925300000000001,0.6924100000000001,1,1.25
18.08.2021 00:07:21.302,0.69254,0.6924300000000001,1,1.25
18.08.2021 00:07:21.403,0.6925600000000001,0.69245,1,1.94
18.08.2021 00:07:21.504,0.6925600000000001,0.69245,1,1
18.08.2021 00:07:21.706,0.69257,0.69245,1,1
18.08.2021 00:07:21.857,0.69257,0.69245,1,1.94
18.08.2021 00:07:22.009,0.69257,0.69245,1,1.25
18.08.2021 00:07:22.170,0.69257,0.6924600000000001,1,1
18.08.2021 00:07:25.685,0.6925600000000001,0.69245,1,1.94
18.08.2021 00:07:25.786,0.6925600000000001,0.6924399999999999,1,1.25
18.08.2021 00:07:25.887,0.6925600000000001,0.69245,1,1.25
18.08.2021 00:07:26.119,0.69257,0.69245,1.5,1.25
18.08.2021 00:07:26.220,0.6925600000000001,0.69247,1.5,1
18.08.2021 00:07:29.842,0.69257,0.69245,1.5,1
18.08.2021 00:07:29.943,0.6925600000000001,0.6924399999999999,1,1.25
18.08.2021 00:07:33.463,0.6925300000000001,0.6924100000000001,1,1.25
18.08.2021 00:07:37.036,0.69252,0.6924,1,1.94
18.08.2021 00:07:38.159,0.69255,0.69242,2.25,1.94
18.08.2021 00:07:40.157,0.6925600000000001,0.6924600000000001,1,1
18.08.2021 00:07:40.259,0.69257,0.6924600000000001,1,1
18.08.2021 00:07:42.171,0.69257,0.69245,1.5,1
18.08.2021 00:07:43.918,0.6925600000000001,0.69245,1,1
18.08.2021 00:07:44.376,0.6925600000000001,0.6924399999999999,1,1.25
18.08.2021 00:07:45.409,0.6925600000000001,0.6924300000000001,1.5,1.25
18.08.2021 00:08:00.641,0.69257,0.6924399999999999,1.87,1.25
18.08.2021 00:08:01.183,0.69257,0.69245,1.5,1
18.08.2021 00:08:01.285,0.69254,0.69245,1,1
18.08.2021 00:08:01.386,0.69255,0.6924300000000001,1,1
18.08.2021 00:08:01.487,0.69254,0.6924300000000001,2.25,1
18.08.2021 00:08:02.088,0.69254,0.6924100000000001,3,1
18.08.2021 00:08:05.100,0.6925300000000001,0.6924100000000001,1,1
18.08.2021 00:08:08.162,0.6925300000000001,0.69242,1,1.25
18.08.2021 00:08:08.212,0.69255,0.69242,1.87,1.25
18.08.2021 00:08:08.364,0.6925600000000001,0.6924300000000001,1,1.94
18.08.2021 00:08:10.426,0.6925600000000001,0.6924300000000001,1.94,1
18.08.2021 00:08:10.527,0.69254,0.69245,1,1.5
18.08.2021 00:08:10.629,0.69254,0.6924300000000001,1.5,1
18.08.2021 00:08:10.780,0.69254,0.69242,1.5,1
18.08.2021 00:08:11.169,0.69252,0.6924100000000001,1,1.25
18.08.2021 00:08:17.203,0.6925,0.69242,1,1
18.08.2021 00:08:17.304,0.6924300000000001,0.69235,1,4.25
18.08.2021 00:08:17.406,0.6924399999999999,0.69232,1,1.12
18.08.2021 00:08:19.294,0.6924399999999999,0.69234,1,2.5
18.08.2021 00:08:19.395,0.6925,0.6924100000000001,1.62,1
18.08.2021 00:08:19.547,0.6925100000000001,0.69242,1.5,1
18.08.2021 00:08:26.266,0.6925300000000001,0.6924100000000001,1.5,1.25
18.08.2021 00:08:29.834,0.6925300000000001,0.69242,1.5,1
18.08.2021 00:08:36.689,0.69252,0.6924100000000001,1.5,1
18.08.2021 00:08:36.790,0.69252,0.69242,1,1
18.08.2021 00:08:36.892,0.69252,0.6924,1.75,1.5
18.08.2021 00:08:36.943,0.69252,0.69242,1.25,1
18.08.2021 00:08:37.044,0.69252,0.6924,1.75,1.5
18.08.2021 00:08:37.147,0.6924800000000001,0.69239,3.19,1
18.08.2021 00:08:37.255,0.69247,0.69239,1.25,1
18.08.2021 00:08:42.262,0.6924800000000001,0.69239,1.5,1
18.08.2021 00:08:42.363,0.69249,0.6923800000000001,1,1.94
18.08.2021 00:08:42.464,0.6925100000000001,0.69242,1,1
18.08.2021 00:08:42.818,0.6925100000000001,0.6924,1.25,1
18.08.2021 00:08:47.642,0.69252,0.6924300000000001,1.69,1
18.08.2021 00:08:47.794,0.69254,0.69242,2.06,1
18.08.2021 00:08:50.990,0.69254,0.6924300000000001,1.69,1
18.08.2021 00:08:51.549,0.6925600000000001,0.69245,2.62,1
18.08.2021 00:08:51.652,0.69257,0.6924800000000001,1,1
18.08.2021 00:08:51.703,0.69259,0.69249,1.25,1
18.08.2021 00:08:51.909,0.6926,0.69249,1.75,1
18.08.2021 00:08:52.111,0.6926100000000001,0.6925100000000001,1,1
18.08.2021 00:08:53.965,0.6926100000000001,0.69252,1,1
18.08.2021 00:08:56.239,0.69262,0.69252,1.5,1
18.08.2021 00:08:58.174,0.6926300000000001,0.69252,1.87,1
18.08.2021 00:09:08.888,0.6926300000000001,0.6925300000000001,1.5,1
18.08.2021 00:09:18.476,0.6926300000000001,0.69252,1.5,1
18.08.2021 00:09:43.067,0.69264,0.6925300000000001,1.5,1.69
18.08.2021 00:09:43.169,0.6926800000000001,0.6925800000000001,1.5,2.75
18.08.2021 00:09:43.270,0.6927300000000001,0.6926300000000001,1.5,1
18.08.2021 00:09:43.372,0.6927300000000001,0.6926300000000001,1.12,1
18.08.2021 00:09:43.849,0.6927500000000001,0.6926300000000001,3.62,1
18.08.2021 00:09:46.536,0.69276,0.69266,2.06,1
18.08.2021 00:09:46.794,0.6927500000000001,0.69264,1.25,1
18.08.2021 00:09:46.896,0.69274,0.6926300000000001,1,1
18.08.2021 00:09:47.195,0.69274,0.6926300000000001,3.62,1
18.08.2021 00:09:48.062,0.69272,0.6926,2.44,1
18.08.2021 00:09:48.113,0.6927,0.69259,1.25,1
18.08.2021 00:09:48.215,0.6927,0.6925800000000001,3.25,1
18.08.2021 00:09:49.199,0.6927,0.6925800000000001,1.69,1
18.08.2021 00:09:52.365,0.6927,0.6926,1.25,1
18.08.2021 00:09:53.329,0.6927,0.69259,1.25,1
18.08.2021 00:10:05.921,0.6927,0.6926,1.25,1
18.08.2021 00:10:13.707,0.6927,0.6925800000000001,1.69,1
18.08.2021 00:10:32.035,0.69271,0.69259,2.75,1
18.08.2021 00:10:32.142,0.69271,0.6925800000000001,3.5,1.25
18.08.2021 00:10:32.452,0.69271,0.6925800000000001,3,1.25
18.08.2021 00:10:36.727,0.6927,0.6925800000000001,1,1.25
18.08.2021 00:10:46.524,0.69271,0.6926,1,1
18.08.2021 00:10:49.279,0.6926800000000001,0.69259,1,1
18.08.2021 00:10:49.380,0.6926800000000001,0.69257,1,1.5
18.08.2021 00:10:55.375,0.6926800000000001,0.6925800000000001,2.06,1
18.08.2021 00:11:01.954,0.69265,0.69255,1.12,1.25
18.08.2021 00:11:02.005,0.69264,0.6925300000000001,2.81,1.12
18.08.2021 00:11:05.708,0.69264,0.69252,2.06,1
18.08.2021 00:11:08.158,0.69265,0.69254,1,1
18.08.2021 00:11:08.259,0.69267,0.69257,2.37,1
18.08.2021 00:11:08.360,0.69267,0.69257,1.5,1
18.08.2021 00:11:09.646,0.69267,0.6925800000000001,1.5,1
18.08.2021 00:11:12.186,0.6926800000000001,0.69259,1,1
18.08.2021 00:11:12.236,0.69269,0.6926,1.69,1
18.08.2021 00:11:14.363,0.69269,0.6925800000000001,1,1
18.08.2021 00:11:20.773,0.6926800000000001,0.69257,1,1
18.08.2021 00:11:21.036,0.69267,0.69259,1,1
18.08.2021 00:11:33.121,0.69269,0.6925800000000001,1,1
18.08.2021 00:11:37.024,0.6927,0.6925800000000001,1.87,1.25
18.08.2021 00:11:39.108,0.6927,0.69259,1.5,1
18.08.2021 00:11:42.877,0.6927,0.6926100000000001,1,1
18.08.2021 00:11:42.978,0.6927,0.69262,1,1
18.08.2021 00:11:43.126,0.69265,0.69255,2.94,2.77
18.08.2021 00:11:43.177,0.6926300000000001,0.6925300000000001,1.87,1.5
18.08.2021 00:11:43.279,0.69262,0.69252,1,1.5
18.08.2021 00:11:43.330,0.69262,0.69252,1,1
18.08.2021 00:11:46.315,0.6926,0.69252,1,1
18.08.2021 00:11:46.366,0.6926,0.69249,4.5,1.25
18.08.2021 00:11:46.417,0.6925800000000001,0.6924800000000001,1,1
18.08.2021 00:11:46.519,0.6925600000000001,0.6924600000000001,1.5,1.25
18.08.2021 00:11:46.672,0.69257,0.6924800000000001,1,1
18.08.2021 00:11:46.774,0.6926,0.6924800000000001,2,1
18.08.2021 00:11:46.876,0.6925800000000001,0.6924800000000001,1,1
18.08.2021 00:11:46.927,0.6926,0.69249,1,1
18.08.2021 00:11:47.030,0.6926,0.6925,1,1
18.08.2021 00:11:47.182,0.6926100000000001,0.6925,1,1
18.08.2021 00:11:47.283,0.69262,0.69252,1,1
18.08.2021 00:11:47.435,0.6926,0.6925300000000001,1,1
18.08.2021 00:11:47.486,0.69262,0.6925300000000001,1.5,1
18.08.2021 00:11:47.999,0.69259,0.69249,3.37,1
18.08.2021 00:11:48.100,0.69257,0.6924800000000001,1,1
18.08.2021 00:11:48.412,0.69259,0.6924800000000001,1.69,1
18.08.2021 00:11:48.513,0.6926,0.69249,1.87,1
18.08.2021 00:11:48.665,0.6926100000000001,0.6925100000000001,1,1
18.08.2021 00:11:49.718,0.6926100000000001,0.6925,1,1
18.08.2021 00:11:53.842,0.69257,0.69247,1,1
18.08.2021 00:11:53.943,0.6925800000000001,0.69247,1.5,1
18.08.2021 00:11:54.145,0.69259,0.69249,1.12,1
18.08.2021 00:11:54.246,0.69259,0.6925,1,1
18.08.2021 00:11:54.347,0.6926100000000001,0.69249,1.87,1
18.08.2021 00:12:00.130,0.6926,0.6925100000000001,1.87,1
18.08.2021 00:12:00.478,0.6925800000000001,0.69247,1,1
18.08.2021 00:12:04.785,0.69257,0.69247,1,1
18.08.2021 00:12:04.887,0.69257,0.6924600000000001,1,1
18.08.2021 00:12:05.938,0.6925800000000001,0.69247,1,1
18.08.2021 00:12:06.191,0.69257,0.69247,1,1
18.08.2021 00:12:08.433,0.6925300000000001,0.6924300000000001,2.44,1
18.08.2021 00:12:08.535,0.6925,0.6924,1,1.12
18.08.2021 00:12:10.319,0.6925100000000001,0.6924,1,1
18.08.2021 00:12:10.693,0.6925100000000001,0.6924100000000001,1,1
18.08.2021 00:12:16.633,0.6925100000000001,0.6924,1,1
18.08.2021 00:12:16.684,0.69249,0.69237,3.56,1
18.08.2021 00:12:16.785,0.69247,0.69237,1.69,1
18.08.2021 00:12:19.327,0.6924800000000001,0.69237,1,1
18.08.2021 00:12:20.478,0.69249,0.69237,1.87,1
18.08.2021 00:12:23.983,0.6924800000000001,0.69237,4.31,1
18.08.2021 00:12:24.084,0.69249,0.69237,2.06,1
18.08.2021 00:12:24.185,0.6924800000000001,0.69237,1,1
18.08.2021 00:12:26.343,0.6924800000000001,0.6924,1.25,1
18.08.2021 00:12:26.444,0.6925,0.69239,1.25,1
18.08.2021 00:12:29.835,0.6925100000000001,0.69239,1.87,1
18.08.2021 00:12:31.871,0.6925300000000001,0.69242,1.87,1
18.08.2021 00:12:35.395,0.6925100000000001,0.69242,1,1
18.08.2021 00:12:47.938,0.6925300000000001,0.69242,1.87,1
18.08.2021 00:12:49.192,0.69249,0.6923800000000001,1,1
18.08.2021 00:12:49.721,0.6925100000000001,0.6923800000000001,1.12,1
18.08.2021 00:12:49.837,0.6925100000000001,0.69239,1.12,1
18.08.2021 00:12:54.828,0.69252,0.69239,1.87,1
18.08.2021 00:13:10.533,0.69247,0.6923600000000001,1,1
18.08.2021 00:13:10.634,0.6924600000000001,0.6923600000000001,1,1
18.08.2021 00:13:13.965,0.69245,0.69235,1,1.25
18.08.2021 00:13:17.886,0.69245,0.69234,1,1.25
18.08.2021 00:13:17.987,0.6924300000000001,0.69233,1,1
18.08.2021 00:13:18.139,0.69245,0.69233,1.5,1
18.08.2021 00:13:18.353,0.6924600000000001,0.69233,2.62,1.25
18.08.2021 00:13:21.017,0.69247,0.69234,2.62,1.25
18.08.2021 00:13:22.084,0.69247,0.69233,3.37,1.69
18.08.2021 00:13:24.108,0.69247,0.69234,1.87,1
18.08.2021 00:13:24.310,0.69247,0.69235,1.87,1
18.08.2021 00:13:32.818,0.69247,0.69237,1.12,1
18.08.2021 00:13:32.919,0.6924800000000001,0.6923600000000001,1.62,1
18.08.2021 00:13:33.071,0.6924800000000001,0.69235,1.62,1
18.08.2021 00:13:33.818,0.6924800000000001,0.6923600000000001,1.12,1
18.08.2021 00:13:34.138,0.69249,0.69237,3.5,1
18.08.2021 00:13:34.290,0.69249,0.6923800000000001,1.75,1
18.08.2021 00:13:34.391,0.69249,0.6923800000000001,1.25,1
18.08.2021 00:13:34.492,0.6924800000000001,0.69237,1,1
18.08.2021 00:13:35.811,0.6924800000000001,0.6923600000000001,1,1.25
18.08.2021 00:13:36.613,0.6924600000000001,0.6923600000000001,1.87,1
18.08.2021 00:13:36.714,0.6924600000000001,0.69235,1,1
18.08.2021 00:13:36.815,0.6924600000000001,0.69234,1,1.25
18.08.2021 00:13:36.916,0.6924600000000001,0.69233,2.94,1.25
18.08.2021 00:13:37.117,0.69245,0.69235,1.69,1
18.08.2021 00:13:37.511,0.69245,0.69234,1,1
18.08.2021 00:13:37.612,0.69245,0.69233,1,1.25
18.08.2021 00:13:37.791,0.69245,0.69234,1,1
18.08.2021 00:14:01.457,0.6924600000000001,0.69235,1,1
18.08.2021 00:14:03.958,0.6924600000000001,0.69237,1,1
18.08.2021 00:14:04.059,0.69247,0.69237,1,1
18.08.2021 00:14:05.118,0.69247,0.6923600000000001,1,1.25
18.08.2021 00:14:05.220,0.69249,0.69239,1.5,1
18.08.2021 00:14:05.371,0.69249,0.69239,1,1
18.08.2021 00:14:06.545,0.69249,0.6924,1,1
18.08.2021 00:14:11.841,0.6925,0.6924300000000001,1,1
18.08.2021 00:14:11.892,0.6925100000000001,0.69245,1,1
18.08.2021 00:14:11.993,0.6925300000000001,0.6924300000000001,1,1
18.08.2021 00:14:14.549,0.6925100000000001,0.69242,1,1
18.08.2021 00:14:15.010,0.69252,0.69242,1,1
18.08.2021 00:14:16.277,0.6925,0.6924100000000001,1,1
18.08.2021 00:14:16.379,0.6925,0.6924,1,1
18.08.2021 00:14:26.821,0.6924800000000001,0.69239,1,1
18.08.2021 00:14:26.973,0.6924800000000001,0.6923800000000001,1,1
18.08.2021 00:14:32.540,0.6924600000000001,0.69235,1.5,1.69
18.08.2021 00:14:32.642,0.6924600000000001,0.6923600000000001,1.31,1
18.08.2021 00:14:35.258,0.69247,0.6923600000000001,1.25,1
18.08.2021 00:14:57.895,0.69247,0.69235,1.69,1
18.08.2021 00:14:57.997,0.6924399999999999,0.69233,1.31,1
18.08.2021 00:14:58.099,0.69235,0.69227,1.69,1
18.08.2021 00:14:58.149,0.69234,0.69224,1.12,1
18.08.2021 00:14:58.253,0.69234,0.69223,1.12,1
18.08.2021 00:15:07.437,0.69229,0.69219,2.06,1
18.08.2021 00:15:07.539,0.69223,0.6921700000000001,1.31,1
18.08.2021 00:15:08.566,0.69224,0.69214,1.25,1
18.08.2021 00:15:08.828,0.69223,0.69214,1.25,1
18.08.2021 00:15:13.786,0.69228,0.69218,1.7,1.75
18.08.2021 00:15:13.887,0.69228,0.69218,1.62,1
18.08.2021 00:15:13.988,0.69229,0.69218,1.12,1
18.08.2021 00:15:14.342,0.69228,0.69218,1,1
18.08.2021 00:15:15.209,0.69228,0.69218,1.62,1
18.08.2021 00:15:16.209,0.69227,0.69219,1.5,1
18.08.2021 00:15:18.140,0.69228,0.6921700000000001,1.5,1
18.08.2021 00:15:24.323,0.6923,0.69219,1.5,1.31
18.08.2021 00:15:24.675,0.69229,0.69218,1,1
18.08.2021 00:15:26.405,0.69229,0.6921700000000001,1.25,1
18.08.2021 00:15:34.267,0.69228,0.6921700000000001,1,1
18.08.2021 00:15:35.470,0.69227,0.6921600000000001,1,1
18.08.2021 00:15:35.572,0.69223,0.6921200000000001,1,1.5
18.08.2021 00:15:35.622,0.69223,0.6921200000000001,1,1
18.08.2021 00:15:35.724,0.69225,0.6921200000000001,2.81,1
18.08.2021 00:15:35.825,0.69225,0.6921200000000001,2.94,1
18.08.2021 00:15:35.926,0.69225,0.6921200000000001,2.81,1
18.08.2021 00:15:36.041,0.69223,0.6921200000000001,1.5,1
18.08.2021 00:15:36.142,0.6922200000000001,0.6921200000000001,1.12,1.25
18.08.2021 00:15:47.515,0.6922600000000001,0.69214,1.62,1
18.08.2021 00:15:47.616,0.6922600000000001,0.6921600000000001,1.12,1
18.08.2021 00:15:48.302,0.69227,0.6921600000000001,1.87,1
18.08.2021 00:15:54.659,0.69225,0.6921700000000001,1,1
18.08.2021 00:15:54.710,0.6922,0.69209,1.25,1.42
18.08.2021 00:15:54.825,0.69219,0.69209,1,1.12
18.08.2021 00:15:56.091,0.6922100000000001,0.69209,1,1.25
18.08.2021 00:15:56.192,0.6922100000000001,0.69209,1,1.94
18.08.2021 00:15:57.677,0.6922100000000001,0.6921100000000001,1,1.25
18.08.2021 00:16:00.626,0.6922100000000001,0.6921,1,1.25
18.08.2021 00:16:00.728,0.69219,0.69207,3.94,1.12
18.08.2021 00:16:00.829,0.69218,0.69207,1,1
18.08.2021 00:16:02.957,0.69218,0.6920600000000001,1,1
18.08.2021 00:16:04.729,0.69218,0.69205,1.69,1.69
18.08.2021 00:16:05.494,0.6921700000000001,0.69205,1,1.25
18.08.2021 00:16:06.000,0.69218,0.69207,1.25,1
18.08.2021 00:16:06.887,0.69218,0.6920600000000001,1.25,1
18.08.2021 00:16:07.538,0.6921700000000001,0.6920600000000001,1,1
18.08.2021 00:16:07.589,0.69213,0.6920100000000001,1,1.25
18.08.2021 00:16:07.690,0.6921200000000001,0.6920100000000001,2.25,1.31
18.08.2021 00:16:07.841,0.69213,0.6920100000000001,2.25,1.25
18.08.2021 00:16:09.773,0.6921200000000001,0.6920100000000001,1,1.25
18.08.2021 00:16:24.468,0.69209,0.69197,1,1.69
18.08.2021 00:16:24.569,0.69208,0.69196,1,2.5
18.08.2021 00:16:24.974,0.69208,0.69196,1,1.69
18.08.2021 00:16:25.075,0.69208,0.69196,1,2.69
18.08.2021 00:16:31.822,0.6921200000000001,0.6920000000000001,1.5,1
18.08.2021 00:16:31.924,0.6921200000000001,0.6920100000000001,1.5,1.25
18.08.2021 00:16:32.126,0.6921200000000001,0.69202,1.5,1.25
18.08.2021 00:16:32.227,0.6921200000000001,0.69202,1.5,1.5
18.08.2021 00:16:32.518,0.6921200000000001,0.6920100000000001,1,1.94
18.08.2021 00:16:33.453,0.6921200000000001,0.6920000000000001,1,2.75
18.08.2021 00:16:33.555,0.6921200000000001,0.6920100000000001,1,1.5
18.08.2021 00:16:33.993,0.6921200000000001,0.6920000000000001,1,1.69
18.08.2021 00:16:35.577,0.6921200000000001,0.6920100000000001,1,1.25
18.08.2021 00:16:37.078,0.6921100000000001,0.69202,1.75,1
18.08.2021 00:16:38.821,0.69209,0.69198,1,1.69
18.08.2021 00:16:38.924,0.69208,0.69197,1.25,1
18.08.2021 00:16:40.660,0.69208,0.69196,1,1
18.08.2021 00:16:42.006,0.69208,0.6919500000000001,1.5,1.25
18.08.2021 00:16:43.150,0.69203,0.69194,1.69,1
18.08.2021 00:16:43.201,0.69203,0.69191,3.25,1.5
18.08.2021 00:16:43.353,0.69204,0.69192,1.69,1.25
18.08.2021 00:16:43.403,0.69207,0.69196,1.87,1
18.08.2021 00:16:43.505,0.69208,0.6919500000000001,4.12,1
18.08.2021 00:16:43.606,0.69208,0.6919500000000001,3.94,1
18.08.2021 00:16:43.865,0.69208,0.69196,1.69,1
18.08.2021 00:16:58.482,0.6920600000000001,0.69197,1,1
18.08.2021 00:17:07.471,0.69207,0.6919500000000001,1.25,1
18.08.2021 00:17:11.977,0.69205,0.69193,1.25,1
18.08.2021 00:17:12.079,0.69202,0.69191,1,1.5
18.08.2021 00:17:12.181,0.69202,0.6919000000000001,1.25,1
18.08.2021 00:17:12.232,0.69203,0.69192,1,1.5
18.08.2021 00:17:12.334,0.69203,0.69191,1.25,1
18.08.2021 00:17:12.435,0.6920100000000001,0.69191,1,1
18.08.2021 00:17:12.892,0.69202,0.69191,1,1
18.08.2021 00:17:13.044,0.6920100000000001,0.69191,1,2.25
18.08.2021 00:17:15.716,0.6920100000000001,0.6919000000000001,1,1.5
18.08.2021 00:17:21.107,0.6920100000000001,0.69191,1.25,1
18.08.2021 00:17:22.354,0.6920100000000001,0.6919000000000001,1,1
18.08.2021 00:17:31.727,0.69202,0.6919000000000001,1.25,1
18.08.2021 00:17:31.828,0.6920100000000001,0.6919000000000001,1,1
18.08.2021 00:17:41.798,0.69196,0.69186,1,2.25
18.08.2021 00:17:41.899,0.69196,0.69184,1.25,3.5
18.08.2021 00:17:42.000,0.69194,0.6918500000000001,1,2.37
18.08.2021 00:17:42.305,0.69196,0.69184,1.25,1.62
18.08.2021 00:17:42.825,0.6919500000000001,0.6918500000000001,1,2.25
18.08.2021 00:17:42.927,0.69194,0.6918500000000001,1,2.25
18.08.2021 00:17:47.346,0.69191,0.69181,1,2.62
18.08.2021 00:17:47.448,0.6919000000000001,0.6918000000000001,1,1
18.08.2021 00:17:47.549,0.69189,0.6917800000000001,1,1
18.08.2021 00:17:48.531,0.69188,0.69177,1.25,1.5
18.08.2021 00:17:51.159,0.69188,0.6917800000000001,1,1
18.08.2021 00:17:51.308,0.6919000000000001,0.6917800000000001,1.25,1
18.08.2021 00:17:58.950,0.69191,0.6917800000000001,1.69,1
18.08.2021 00:17:59.083,0.69191,0.69179,1.5,1
18.08.2021 00:17:59.184,0.69192,0.69179,1.69,1
18.08.2021 00:17:59.285,0.69192,0.6918000000000001,1,1
18.08.2021 00:17:59.396,0.69193,0.69181,2.06,1
18.08.2021 00:18:01.957,0.69193,0.69182,1.25,1
18.08.2021 00:18:02.008,0.69196,0.6918300000000001,5.25,1.5
18.08.2021 00:18:02.109,0.69197,0.69184,1.69,1.69
18.08.2021 00:18:02.160,0.69199,0.69189,3.37,1
18.08.2021 00:18:02.261,0.69202,0.69189,3.94,1
18.08.2021 00:18:02.311,0.69202,0.6919000000000001,1.31,1
18.08.2021 00:18:05.923,0.69203,0.6919000000000001,2.44,1.5
18.08.2021 00:18:07.750,0.6920100000000001,0.6919000000000001,1.69,1.5
18.08.2021 00:18:07.851,0.69202,0.6919000000000001,1,1
18.08.2021 00:18:07.952,0.69203,0.6919000000000001,1.69,1
18.08.2021 00:18:11.443,0.69203,0.6919000000000001,2,1
18.08.2021 00:18:17.387,0.69202,0.6919000000000001,1.5,1
18.08.2021 00:18:17.488,0.6920100000000001,0.69191,1.12,1
18.08.2021 00:18:19.370,0.69202,0.69191,1.12,1
18.08.2021 00:18:23.287,0.6920100000000001,0.69193,1,1.5
18.08.2021 00:18:23.489,0.69203,0.69193,3.75,1
18.08.2021 00:18:27.600,0.69204,0.69192,1.31,2.25
18.08.2021 00:18:27.701,0.69204,0.69193,1.31,1
18.08.2021 00:18:27.854,0.69204,0.69192,1.31,1
18.08.2021 00:18:36.103,0.69204,0.69192,1.87,4
18.08.2021 00:18:36.405,0.69204,0.69192,2.12,1
18.08.2021 00:18:39.247,0.69203,0.69192,1.37,1
18.08.2021 00:18:48.437,0.69203,0.69193,1.25,1
18.08.2021 00:19:03.936,0.69204,0.69193,1.31,1
18.08.2021 00:19:09.233,0.69205,0.69196,1.5,1
18.08.2021 00:19:09.586,0.69208,0.6920000000000001,1.87,1
18.08.2021 00:19:09.789,0.69209,0.6920000000000001,1.25,1
18.08.2021 00:19:15.108,0.69209,0.69199,1.25,1
18.08.2021 00:19:15.924,0.69209,0.6920000000000001,1.25,1
18.08.2021 00:19:16.025,0.69213,0.69202,1.25,1
18.08.2021 00:19:16.077,0.6921200000000001,0.69205,1.25,1
18.08.2021 00:19:28.022,0.6921100000000001,0.69205,1,1
18.08.2021 00:19:31.120,0.6921200000000001,0.69203,1,1
18.08.2021 00:19:31.272,0.6921200000000001,0.69204,1,1
18.08.2021 00:19:40.262,0.69214,0.69204,3.62,1
18.08.2021 00:19:45.924,0.69215,0.69203,1.5,3.75
18.08.2021 00:19:46.025,0.6921700000000001,0.69208,1.31,1
18.08.2021 00:19:46.654,0.6921600000000001,0.69207,1.69,1
18.08.2021 00:19:46.756,0.6921600000000001,0.6920600000000001,1.69,1
18.08.2021 00:19:51.485,0.69215,0.69208,1,1
18.08.2021 00:19:52.475,0.69218,0.69208,1,1
18.08.2021 00:19:53.133,0.6921700000000001,0.69207,1,1
18.08.2021 00:19:55.467,0.6921700000000001,0.6920600000000001,1,1
18.08.2021 00:19:56.382,0.6921700000000001,0.69208,1,1
18.08.2021 00:19:56.744,0.6921700000000001,0.6920600000000001,1,1
18.08.2021 00:20:00.210,0.6921600000000001,0.69209,1.25,1
18.08.2021 00:20:01.246,0.69213,0.69203,1.5,1.25
18.08.2021 00:20:01.347,0.6921200000000001,0.69203,1,1
18.08.2021 00:20:01.398,0.6921100000000001,0.69202,1.69,1
18.08.2021 00:20:01.600,0.6921200000000001,0.6920100000000001,3.25,1
18.08.2021 00:20:05.839,0.6921200000000001,0.6920000000000001,2.87,1
18.08.2021 00:20:08.121,0.69213,0.69203,1.5,1
18.08.2021 00:20:08.323,0.69215,0.69203,2.75,1
18.08.2021 00:20:08.526,0.6921600000000001,0.69203,3.19,1
18.08.2021 00:20:09.310,0.6921600000000001,0.69203,4.37,1
18.08.2021 00:20:10.076,0.69214,0.69204,2.87,1
18.08.2021 00:20:10.177,0.69213,0.69202,2.44,1
18.08.2021 00:20:10.279,0.69213,0.69203,1.25,1
18.08.2021 00:20:14.315,0.69214,0.69205,3.75,1
18.08.2021 00:20:14.809,0.69214,0.69205,2.06,1
18.08.2021 00:20:23.356,0.6921700000000001,0.6920600000000001,2.06,1
18.08.2021 00:20:25.824,0.6921600000000001,0.69208,1.31,1
18.08.2021 00:20:27.583,0.6921700000000001,0.6920600000000001,1.12,1
18.08.2021 00:20:29.757,0.69215,0.6920600000000001,1.25,1
18.08.2021 00:20:29.858,0.6921600000000001,0.69204,1.31,1
18.08.2021 00:20:29.959,0.69215,0.69205,2.12,1
18.08.2021 00:20:33.046,0.6921600000000001,0.69203,3.25,1
18.08.2021 00:20:37.487,0.69214,0.69203,1,1
18.08.2021 00:20:37.588,0.6921200000000001,0.69202,1.25,1
18.08.2021 00:20:38.358,0.69215,0.69203,1.37,1
18.08.2021 00:20:51.624,0.69215,0.69202,1.37,1
18.08.2021 00:20:58.023,0.69213,0.69202,1,1
18.08.2021 00:20:58.124,0.6921200000000001,0.6920000000000001,1.75,1
18.08.2021 00:20:58.276,0.6921,0.6920100000000001,2.5,1
18.08.2021 00:20:58.402,0.6921100000000001,0.69199,2.5,1
18.08.2021 00:20:59.053,0.69209,0.69199,3.25,1
18.08.2021 00:20:59.205,0.69208,0.69198,1.25,1
18.08.2021 00:20:59.620,0.69208,0.69198,1.25,1
18.08.2021 00:21:00.691,0.69208,0.69198,1.25,1
18.08.2021 00:21:00.792,0.69207,0.69198,1.25,1
18.08.2021 00:21:04.500,0.69208,0.69198,1.25,1
18.08.2021 00:21:10.235,0.6920600000000001,0.69198,1.25,1
18.08.2021 00:21:10.689,0.69207,0.69198,1.25,1
18.08.2021 00:21:11.092,0.6920600000000001,0.69198,1.69,1
18.08.2021 00:21:11.193,0.69205,0.6919500000000001,1,1
18.08.2021 00:21:11.806,0.69205,0.69196,1.25,1
18.08.2021 00:21:18.469,0.69205,0.6919500000000001,3.25,1
18.08.2021 00:21:18.570,0.69205,0.69196,1.31,1
18.08.2021 00:21:40.031,0.69203,0.69194,1,1
18.08.2021 00:21:40.183,0.69204,0.69194,1.31,1
18.08.2021 00:21:40.385,0.69205,0.6919500000000001,1.25,1
18.08.2021 00:21:43.070,0.69203,0.69193,1.5,1
18.08.2021 00:21:43.171,0.69205,0.69194,3.37,1
18.08.2021 00:21:43.273,0.69205,0.69194,1.31,1
18.08.2021 00:21:44.798,0.69202,0.69194,1.5,1
18.08.2021 00:21:44.900,0.69205,0.69194,3.25,1
18.08.2021 00:21:45.001,0.69204,0.69196,1.69,1
18.08.2021 00:22:00.135,0.69205,0.69194,1.25,1
18.08.2021 00:22:00.237,0.69203,0.69193,2.44,1
18.08.2021 00:22:00.489,0.69203,0.69192,1.69,1
18.08.2021 00:22:00.641,0.6920100000000001,0.69191,1.25,1
18.08.2021 00:22:00.742,0.6920000000000001,0.69191,1,1
18.08.2021 00:22:01.046,0.69199,0.69191,1,1
18.08.2021 00:22:01.461,0.6920000000000001,0.69189,1.25,1
18.08.2021 00:22:05.139,0.6920100000000001,0.6919000000000001,2.25,1
18.08.2021 00:22:05.241,0.6920100000000001,0.69189,2.25,1
18.08.2021 00:22:06.133,0.69202,0.69191,1.69,1
18.08.2021 00:22:06.336,0.69202,0.69192,1.25,1
18.08.2021 00:22:06.437,0.69203,0.69192,2.81,1
18.08.2021 00:22:06.639,0.69203,0.69192,2.87,1
18.08.2021 00:22:06.740,0.69202,0.69193,2.81,1
18.08.2021 00:22:06.841,0.69202,0.69193,2.87,1
18.08.2021 00:22:06.942,0.69203,0.69192,2.81,1
18.08.2021 00:22:07.043,0.69203,0.69192,2.12,1
18.08.2021 00:22:11.460,0.69202,0.69191,1.25,1
18.08.2021 00:22:15.269,0.6920100000000001,0.69191,1,1
18.08.2021 00:22:16.049,0.6920100000000001,0.69192,1.69,1
18.08.2021 00:22:24.880,0.69202,0.69193,1.25,1
18.08.2021 00:22:25.234,0.69204,0.69194,1.25,1
18.08.2021 00:22:25.336,0.69203,0.69193,2.44,1
18.08.2021 00:22:30.071,0.69204,0.69193,1.25,1
18.08.2021 00:22:30.256,0.69204,0.69194,1.69,1
18.08.2021 00:22:31.439,0.69203,0.69194,1,1
18.08.2021 00:22:31.541,0.69203,0.69193,3.19,1
18.08.2021 00:22:33.253,0.69203,0.69192,3.19,1
18.08.2021 00:22:35.294,0.69204,0.69192,2.06,1
18.08.2021 00:22:35.844,0.69204,0.69193,2.06,1
18.08.2021 00:22:37.074,0.69203,0.69192,1.5,1
18.08.2021 00:22:37.175,0.69203,0.69193,1,1
18.08.2021 00:22:37.276,0.69204,0.69193,2.06,1
18.08.2021 00:22:37.616,0.69203,0.69193,1,1
18.08.2021 00:22:37.902,0.69204,0.69193,2.06,1
18.08.2021 00:22:40.441,0.69203,0.69193,1,1
18.08.2021 00:22:40.643,0.69203,0.69192,1.69,1
18.08.2021 00:22:55.150,0.69203,0.69191,1.5,1
18.08.2021 00:22:55.361,0.69203,0.69192,1.5,1
18.08.2021 00:22:56.783,0.6920000000000001,0.69192,1.69,1
18.08.2021 00:23:00.109,0.6920100000000001,0.6919000000000001,1.69,1
18.08.2021 00:23:15.708,0.6920000000000001,0.6919000000000001,1,1
18.08.2021 00:23:16.161,0.69199,0.6919000000000001,1,1
18.08.2021 00:23:21.299,0.69198,0.6919000000000001,1,1
18.08.2021 00:23:21.350,0.69198,0.69187,1.5,1
18.08.2021 00:23:21.451,0.69197,0.69187,1,1
18.08.2021 00:23:22.707,0.69198,0.69187,1.5,1
18.08.2021 00:23:24.816,0.69198,0.69186,1.5,1
18.08.2021 00:23:28.083,0.69197,0.69186,2.25,1
18.08.2021 00:23:30.588,0.69196,0.6918500000000001,2.25,1
18.08.2021 00:23:34.024,0.69193,0.69182,1.5,1
18.08.2021 00:23:34.126,0.69194,0.69181,1.87,1.5
18.08.2021 00:23:34.430,0.69193,0.69181,2.25,1
18.08.2021 00:23:34.786,0.69192,0.69181,1,1
18.08.2021 00:23:34.887,0.69191,0.69181,1.25,1
18.08.2021 00:23:34.988,0.69191,0.6918000000000001,1.25,1
18.08.2021 00:23:35.595,0.69191,0.69179,1.25,1
18.08.2021 00:23:40.410,0.69191,0.6918000000000001,2.62,1
18.08.2021 00:23:48.877,0.69191,0.69179,1,1.25
18.08.2021 00:23:56.743,0.6919000000000001,0.69179,1,1.25
18.08.2021 00:24:02.645,0.69192,0.69179,2.81,1
18.08.2021 00:24:02.775,0.6919000000000001,0.69179,1,1
18.08.2021 00:24:02.979,0.6919000000000001,0.6917800000000001,1,1.25
18.08.2021 00:24:05.544,0.69189,0.6917800000000001,1,1.25
18.08.2021 00:24:05.646,0.69187,0.69177,1,1
18.08.2021 00:24:05.747,0.69187,0.6917500000000001,1,2.25
18.08.2021 00:24:06.155,0.69187,0.69177,3,1
18.08.2021 00:24:06.256,0.69186,0.69176,1,1.25
18.08.2021 00:24:08.684,0.6918500000000001,0.6917300000000001,1,1.94
18.08.2021 00:24:08.737,0.69187,0.69174,2.62,1.25
18.08.2021 00:24:08.838,0.69186,0.6917500000000001,1,1
18.08.2021 00:24:08.889,0.6918500000000001,0.69172,1,1.94
18.08.2021 00:24:08.990,0.6918500000000001,0.6917500000000001,1,1.25
18.08.2021 00:24:09.092,0.69187,0.69174,1.5,1.25
18.08.2021 00:24:12.603,0.6918500000000001,0.69174,3.37,1
18.08.2021 00:24:12.654,0.6918500000000001,0.69172,1.5,1
18.08.2021 00:24:12.755,0.69184,0.69171,1.5,2.06
18.08.2021 00:24:12.856,0.69184,0.6917300000000001,2.06,1
18.08.2021 00:24:13.059,0.6918500000000001,0.69172,1.75,1
18.08.2021 00:24:13.161,0.6918500000000001,0.6917300000000001,1.75,1
18.08.2021 00:24:13.690,0.6918300000000001,0.69171,1.69,1
18.08.2021 00:24:24.707,0.69181,0.69171,1,1.5
18.08.2021 00:24:24.858,0.69182,0.69171,1,1.5
18.08.2021 00:24:24.959,0.6918300000000001,0.69171,2.06,1.5
18.08.2021 00:24:28.386,0.69186,0.6917500000000001,1,1
18.08.2021 00:24:28.488,0.69188,0.69176,3.69,1
18.08.2021 00:24:28.589,0.69188,0.69176,3.56,1
18.08.2021 00:24:28.741,0.69188,0.69177,2.81,1
18.08.2021 00:24:29.120,0.69189,0.69177,1.25,1.5
18.08.2021 00:24:31.790,0.6919000000000001,0.6917800000000001,2.5,1
18.08.2021 00:24:32.386,0.69189,0.69177,2.12,1
18.08.2021 00:24:32.488,0.69188,0.6917800000000001,1.25,1
18.08.2021 00:24:32.791,0.6919000000000001,0.6917800000000001,2.5,1
18.08.2021 00:24:36.537,0.6919000000000001,0.6917800000000001,1,1.69
18.08.2021 00:24:36.638,0.69191,0.6917800000000001,1,1.69
18.08.2021 00:24:40.821,0.69192,0.69179,1.87,1.25
18.08.2021 00:24:41.336,0.6919000000000001,0.6918000000000001,1,1.25
18.08.2021 00:24:43.944,0.69194,0.69182,2,1
18.08.2021 00:24:44.146,0.6919500000000001,0.69182,1.69,1.5
18.08.2021 00:24:44.266,0.69194,0.69182,1,1.5
18.08.2021 00:24:44.617,0.69194,0.69184,1.5,1
18.08.2021 00:24:44.994,0.69194,0.6918300000000001,1,1
18.08.2021 00:24:45.502,0.69196,0.6918500000000001,2.25,1.25
18.08.2021 00:24:45.754,0.69196,0.69184,1.5,1
18.08.2021 00:24:48.068,0.69196,0.6918300000000001,1.87,1.69
18.08.2021 00:24:49.945,0.69196,0.69184,1,1.25
18.08.2021 00:24:50.665,0.69196,0.6918300000000001,1,1.69
18.08.2021 00:24:52.761,0.69196,0.69184,1.12,1.25
18.08.2021 00:24:53.627,0.69196,0.6918300000000001,1,1.69
18.08.2021 00:24:54.008,0.69192,0.69184,1,1
18.08.2021 00:24:54.059,0.69194,0.69181,2.25,1
18.08.2021 00:24:54.160,0.69193,0.69182,1,1
18.08.2021 00:24:54.261,0.69194,0.69182,2.25,1
18.08.2021 00:24:54.785,0.6919500000000001,0.69182,2.25,1.69
18.08.2021 00:24:55.136,0.6919500000000001,0.6918300000000001,2.25,1
18.08.2021 00:24:55.631,0.69196,0.6918300000000001,2.25,1.25
18.08.2021 00:24:56.159,0.69196,0.69182,2.25,1.69
18.08.2021 00:24:56.593,0.6919500000000001,0.69182,1,1.25
18.08.2021 00:24:57.534,0.6919500000000001,0.6918300000000001,1,1.5
18.08.2021 00:24:58.050,0.6919500000000001,0.69182,1,1.94
18.08.2021 00:25:08.668,0.69194,0.69182,1,1.25
18.08.2021 00:25:08.769,0.6919500000000001,0.6918300000000001,1.12,1
18.08.2021 00:25:12.392,0.6919500000000001,0.6918500000000001,1.5,1
18.08.2021 00:25:15.225,0.69194,0.69184,1.12,1
18.08.2021 00:25:18.408,0.69193,0.6918300000000001,1,1
18.08.2021 00:25:18.459,0.69193,0.69181,2.25,1
18.08.2021 00:25:20.211,0.69193,0.69182,1,1
18.08.2021 00:25:20.262,0.69197,0.69187,1.5,1
18.08.2021 00:25:20.363,0.69198,0.69188,1.12,1
18.08.2021 00:25:20.464,0.69197,0.69188,1,1.25
18.08.2021 00:25:20.838,0.69198,0.69188,1,1
18.08.2021 00:25:24.194,0.69198,0.69189,1,1
18.08.2021 00:25:25.646,0.69199,0.69189,1,1
18.08.2021 00:25:26.586,0.69199,0.69188,1,1
18.08.2021 00:25:27.922,0.69199,0.69189,1,1
18.08.2021 00:25:28.711,0.6920000000000001,0.69189,2.25,1
18.08.2021 00:25:36.449,0.6920000000000001,0.69188,1.5,1
18.08.2021 00:25:42.867,0.6920000000000001,0.69189,2.25,1
18.08.2021 00:25:54.923,0.6920000000000001,0.6919000000000001,2.25,1
18.08.2021 00:25:56.812,0.6920000000000001,0.69191,1,1.25
18.08.2021 00:25:56.913,0.69202,0.69191,1,1
18.08.2021 00:26:03.359,0.69202,0.69192,1,1
18.08.2021 00:26:03.410,0.69204,0.69193,1,1
18.08.2021 00:26:05.582,0.69204,0.69194,1,1
18.08.2021 00:26:05.633,0.69205,0.6919500000000001,1,1.69
18.08.2021 00:26:05.684,0.6920600000000001,0.69196,1,1
18.08.2021 00:26:06.856,0.69207,0.69197,1,1
18.08.2021 00:26:13.298,0.69207,0.69198,1,1
18.08.2021 00:26:13.400,0.69209,0.69198,1,1.5
18.08.2021 00:26:13.501,0.69209,0.69198,1,1.25
18.08.2021 00:26:13.652,0.69209,0.69199,1,1
18.08.2021 00:26:13.854,0.6921100000000001,0.69199,1,1.69
18.08.2021 00:26:13.956,0.6921100000000001,0.6920000000000001,1,1
18.08.2021 00:26:15.881,0.6921100000000001,0.6920100000000001,1,1
18.08.2021 00:26:15.982,0.6921200000000001,0.6920100000000001,1.12,1
18.08.2021 00:26:25.022,0.6921100000000001,0.6920100000000001,1,1
18.08.2021 00:26:39.451,0.6921100000000001,0.6920000000000001,1,1
18.08.2021 00:26:39.502,0.69213,0.69202,1.12,1.25
18.08.2021 00:26:39.603,0.6921700000000001,0.6920600000000001,1.75,1
18.08.2021 00:26:39.654,0.6921600000000001,0.69204,1,1.25
18.08.2021 00:26:43.015,0.69218,0.6920600000000001,1.5,1
18.08.2021 00:26:43.116,0.6922,0.69207,2,1.69
18.08.2021 00:26:43.217,0.6922,0.69207,1,1.69
18.08.2021 00:26:43.325,0.6922,0.69208,1,1
18.08.2021 00:26:44.388,0.6922100000000001,0.69208,2.25,1.69
18.08.2021 00:26:44.727,0.69219,0.69208,1,1.5
18.08.2021 00:26:44.828,0.6921600000000001,0.6920600000000001,1.5,1
18.08.2021 00:26:45.030,0.6921600000000001,0.69205,2.25,1
18.08.2021 00:26:50.988,0.6921700000000001,0.69205,1.87,1
18.08.2021 00:26:55.135,0.6921700000000001,0.6920600000000001,1.12,1
18.08.2021 00:26:55.237,0.6921700000000001,0.69207,1,1
18.08.2021 00:26:55.338,0.69219,0.69207,1.87,1.25
18.08.2021 00:26:55.439,0.69219,0.69208,1,1
18.08.2021 00:26:55.540,0.6922100000000001,0.69209,2,1
18.08.2021 00:26:55.641,0.6922100000000001,0.69209,1.5,1.25
18.08.2021 00:26:56.659,0.6922,0.69209,1.5,1.25
18.08.2021 00:26:58.405,0.6922,0.69207,1,1.94
18.08.2021 00:27:03.863,0.69219,0.69209,1,1.5
18.08.2021 00:27:05.045,0.6922,0.69207,1,2.75
18.08.2021 00:27:07.602,0.6922,0.69208,1,1.5
18.08.2021 00:27:11.338,0.6922,0.69207,1,2.75
18.08.2021 00:27:29.787,0.6922,0.69208,1,1.5
18.08.2021 00:27:34.060,0.6922100000000001,0.69207,2.25,3.5
18.08.2021 00:27:50.512,0.6922,0.6921,1,1.94
18.08.2021 00:27:50.613,0.6922200000000001,0.6921,1.12,1.25
18.08.2021 00:27:50.715,0.6922200000000001,0.69209,1.12,2.5
18.08.2021 00:27:50.816,0.6922100000000001,0.6921100000000001,1.87,1.5
18.08.2021 00:27:50.918,0.6922100000000001,0.6921,1.87,2.5
18.08.2021 00:27:51.838,0.6922200000000001,0.6921,1.12,1.5
18.08.2021 00:27:51.940,0.69223,0.69209,2.75,1.75
18.08.2021 00:27:52.549,0.69223,0.69209,2.62,1.94
18.08.2021 00:27:54.861,0.6922200000000001,0.69208,3.19,1.94
18.08.2021 00:27:54.962,0.6922100000000001,0.69207,2.25,1.94
18.08.2021 00:27:55.296,0.6922,0.69207,1,1.94
18.08.2021 00:28:01.586,0.69219,0.69207,1,1.5
18.08.2021 00:28:11.248,0.69219,0.69208,1,1.25
18.08.2021 00:28:12.183,0.69219,0.69207,1,1.5
18.08.2021 00:28:12.469,0.6922,0.69207,1,1.5
18.08.2021 00:28:18.122,0.69218,0.69208,1,1.5
18.08.2021 00:28:19.732,0.69218,0.6920600000000001,1,1.69
18.08.2021 00:28:19.783,0.6921600000000001,0.69203,1,2.81
18.08.2021 00:28:19.835,0.69214,0.69202,1,1.5
18.08.2021 00:28:19.885,0.69213,0.6920100000000001,1.5,1.25
18.08.2021 00:28:20.088,0.69213,0.6920000000000001,1.5,1.69
18.08.2021 00:28:20.386,0.69213,0.6920000000000001,2.25,1.94
18.08.2021 00:28:53.792,0.69213,0.69202,1,1.25
18.08.2021 00:28:54.161,0.69213,0.69203,1.5,1.25
18.08.2021 00:28:57.713,0.69215,0.69204,1,1.25
18.08.2021 00:28:57.814,0.6921700000000001,0.6920600000000001,1.12,1.25
18.08.2021 00:28:57.915,0.69218,0.69205,2,2.44
18.08.2021 00:28:58.016,0.69218,0.6920600000000001,1,1.25
18.08.2021 00:28:58.269,0.69218,0.69207,1,1.25
18.08.2021 00:28:59.774,0.6922,0.69208,1.5,1.25
18.08.2021 00:28:59.875,0.6922100000000001,0.69207,2.81,1.75
18.08.2021 00:29:00.892,0.6922,0.69207,1,1.5
18.08.2021 00:29:00.993,0.6922,0.69208,2.62,1.5
18.08.2021 00:29:02.487,0.6922,0.69207,1,1.94
18.08.2021 00:29:02.588,0.6922100000000001,0.69207,2.81,1.25
18.08.2021 00:29:02.771,0.6922,0.69207,1,1.25
18.08.2021 00:29:06.121,0.69219,0.69207,1,1.25
18.08.2021 00:29:06.222,0.69218,0.6920600000000001,1,2.44
18.08.2021 00:29:06.323,0.69219,0.6920600000000001,1,2.44
18.08.2021 00:29:09.755,0.69219,0.69207,1,1
18.08.2021 00:29:11.782,0.6921700000000001,0.69208,1,1
18.08.2021 00:29:11.984,0.69218,0.69208,1,1
18.08.2021 00:29:12.833,0.69218,0.6920600000000001,1.5,1
18.08.2021 00:29:12.934,0.6921600000000001,0.69207,1,1
18.08.2021 00:29:13.035,0.69218,0.6920600000000001,1.5,1
18.08.2021 00:29:13.137,0.6921700000000001,0.6920600000000001,1,1
18.08.2021 00:29:13.238,0.69218,0.6920600000000001,1,1
18.08.2021 00:29:20.684,0.69219,0.6920600000000001,3,1.25
18.08.2021 00:29:21.364,0.69218,0.6920600000000001,1,1.25
18.08.2021 00:29:23.575,0.6921600000000001,0.69207,1,1
18.08.2021 00:29:23.676,0.69218,0.6920600000000001,1,1
18.08.2021 00:29:30.067,0.6921700000000001,0.6920600000000001,1.5,1.25
18.08.2021 00:29:31.483,0.69213,0.69204,1,1.69
18.08.2021 00:29:31.585,0.6920600000000001,0.69197,4.69,1.25
18.08.2021 00:29:31.635,0.69205,0.69194,1.5,1
18.08.2021 00:29:31.838,0.69204,0.69192,1.5,1
18.08.2021 00:29:31.939,0.69204,0.69191,1.5,1.69
18.08.2021 00:29:33.069,0.69202,0.69192,1.5,1
18.08.2021 00:29:36.159,0.69204,0.69191,1.5,1.69
18.08.2021 00:29:36.724,0.69204,0.69192,1,1.94
18.08.2021 00:29:36.776,0.6920600000000001,0.69193,1.12,1.5
18.08.2021 00:29:36.927,0.69207,0.69194,1,1.94
18.08.2021 00:29:38.794,0.69208,0.6919500000000001,3.37,1.25
18.08.2021 00:29:38.895,0.69208,0.6919500000000001,1,1.94
18.08.2021 00:29:39.471,0.69209,0.69196,1,1.69
18.08.2021 00:29:39.572,0.6921,0.69196,2.44,1.69
18.08.2021 00:29:55.606,0.6921,0.69197,1.87,1.25
18.08.2021 00:29:55.657,0.6921200000000001,0.69199,2.06,1.25
18.08.2021 00:29:56.324,0.6921200000000001,0.6920100000000001,3,1.5
18.08.2021 00:29:57.315,0.6921600000000001,0.69205,1.75,1
18.08.2021 00:29:57.366,0.69218,0.69205,1.75,1.5
18.08.2021 00:29:57.417,0.6922,0.69208,2,1
18.08.2021 00:29:57.519,0.6922100000000001,0.69208,2.06,1
18.08.2021 00:30:07.735,0.69218,0.6920600000000001,1.5,1
18.08.2021 00:30:07.887,0.69218,0.69207,1.5,1
18.08.2021 00:30:09.142,0.69218,0.69205,1.5,1.25
18.08.2021 00:30:09.243,0.69219,0.69205,3.37,1.25
18.08.2021 00:30:09.472,0.69218,0.69205,1,1.25
18.08.2021 00:30:12.506,0.69219,0.69205,3.37,1.25
18.08.2021 00:30:23.078,0.69218,0.69205,1,1.25
18.08.2021 00:30:27.137,0.69219,0.6920600000000001,3,1
18.08.2021 00:30:27.647,0.6921700000000001,0.69207,1,1
18.08.2021 00:30:27.800,0.69219,0.6920600000000001,4.87,1
18.08.2021 00:30:30.057,0.69218,0.6920600000000001,1,1
18.08.2021 00:30:30.212,0.69218,0.69207,3.94,1
18.08.2021 00:30:31.213,0.69219,0.69208,3.94,1
18.08.2021 00:30:31.315,0.6922200000000001,0.69213,2.27,1.25
18.08.2021 00:30:31.416,0.69225,0.69213,2.25,1.25
18.08.2021 00:30:31.467,0.6922600000000001,0.69213,1.5,1
18.08.2021 00:30:34.961,0.69227,0.69214,2.75,1.25
18.08.2021 00:30:35.062,0.69227,0.69214,1,1
18.08.2021 00:30:36.856,0.69228,0.69215,4.12,1
18.08.2021 00:30:38.174,0.69227,0.69214,1,1
18.08.2021 00:30:43.389,0.69223,0.69214,1,1
18.08.2021 00:30:43.490,0.69223,0.6921200000000001,1.5,1
18.08.2021 00:30:43.592,0.69224,0.6921200000000001,1.12,1
18.08.2021 00:30:46.894,0.69223,0.6921100000000001,1.5,1
18.08.2021 00:30:46.995,0.69223,0.6921200000000001,1,1
18.08.2021 00:30:47.096,0.69224,0.6921200000000001,1.25,1
18.08.2021 00:30:49.917,0.6922200000000001,0.69213,1,1
18.08.2021 00:30:50.018,0.69223,0.6921100000000001,1.5,1
18.08.2021 00:30:51.897,0.69224,0.6921200000000001,2.06,1
18.08.2021 00:30:55.441,0.6922200000000001,0.69213,1,1
18.08.2021 00:30:55.604,0.69224,0.6921200000000001,2.44,1
18.08.2021 00:31:05.988,0.69223,0.69214,1.87,1
18.08.2021 00:31:07.356,0.69224,0.6921200000000001,1.87,1.25
18.08.2021 00:31:16.080,0.69224,0.6921100000000001,2.62,1.69
18.08.2021 00:31:37.889,0.6922200000000001,0.6921100000000001,1,1.25
18.08.2021 00:32:10.485,0.69225,0.69213,1,1
18.08.2021 00:32:15.108,0.69224,0.69213,1,1
18.08.2021 00:32:29.557,0.69224,0.69213,1,1.62
18.08.2021 00:32:30.867,0.69225,0.69213,1,1.62
18.08.2021 00:32:30.971,0.69225,0.69213,1,1
18.08.2021 00:32:33.461,0.69225,0.6921200000000001,1,3.5
18.08.2021 00:32:33.574,0.69225,0.6921200000000001,1,2.69
18.08.2021 00:32:36.150,0.69225,0.6921200000000001,1,3.5
18.08.2021 00:32:40.457,0.69224,0.69213,1,2.69
18.08.2021 00:32:41.817,0.69225,0.69215,1,1
18.08.2021 00:32:42.830,0.69225,0.6921200000000001,1,2.69
18.08.2021 00:32:43.791,0.6922100000000001,0.6921,1.25,1
18.08.2021 00:32:43.893,0.69213,0.69202,1,1.25
18.08.2021 00:32:43.943,0.69213,0.6920000000000001,1,3
18.08.2021 00:32:44.044,0.69213,0.6920000000000001,1,1.87
18.08.2021 00:32:44.299,0.6921200000000001,0.6920000000000001,1.75,1
18.08.2021 00:32:44.400,0.6921200000000001,0.69199,1.25,1.25
18.08.2021 00:32:48.108,0.6921100000000001,0.69198,1,1.5
18.08.2021 00:32:53.437,0.69213,0.6920000000000001,1.87,1.69
18.08.2021 00:32:53.487,0.69214,0.6920100000000001,1.5,1.5
18.08.2021 00:32:53.588,0.69214,0.6920100000000001,1,1.5
18.08.2021 00:32:54.517,0.69209,0.69199,1,1
18.08.2021 00:32:54.568,0.69208,0.69196,1.25,1
18.08.2021 00:32:54.619,0.69199,0.69191,1.12,1.25
18.08.2021 00:32:54.670,0.69197,0.69187,1,1.25
18.08.2021 00:32:54.721,0.69194,0.69186,1,1.5
18.08.2021 00:32:54.772,0.69192,0.6918300000000001,1.25,1
18.08.2021 00:32:54.822,0.6919000000000001,0.69182,1,2.25
18.08.2021 00:32:55.308,0.69191,0.69182,1,1
18.08.2021 00:32:55.728,0.69192,0.69184,1,1
18.08.2021 00:32:55.895,0.69193,0.69184,1,1
18.08.2021 00:32:56.584,0.69192,0.69181,1,1.87
18.08.2021 00:32:56.876,0.69192,0.69181,1,1
18.08.2021 00:32:57.086,0.69191,0.69181,1,1.12
18.08.2021 00:32:59.461,0.6919500000000001,0.69182,1.31,1.5
18.08.2021 00:33:07.893,0.69197,0.6918500000000001,1,1.5
18.08.2021 00:33:09.845,0.69198,0.6918500000000001,1.25,2.25
18.08.2021 00:33:09.946,0.69198,0.69186,1.25,1
18.08.2021 00:33:16.984,0.6920000000000001,0.69186,1.69,1.87
18.08.2021 00:33:24.682,0.69197,0.69187,1,1.12
18.08.2021 00:33:24.783,0.69193,0.6918300000000001,1,2.62
18.08.2021 00:33:24.885,0.69194,0.69181,1,2.19
18.08.2021 00:33:24.936,0.69194,0.69181,1,1.87
18.08.2021 00:33:27.163,0.6919500000000001,0.69182,2.06,1
18.08.2021 00:33:29.023,0.69194,0.69181,1,1.25
18.08.2021 00:33:34.654,0.69194,0.69181,1,1.5
18.08.2021 00:33:34.755,0.6919500000000001,0.69181,1.25,2.69
18.08.2021 00:33:35.320,0.69197,0.6918300000000001,2.81,2.69
18.08.2021 00:33:35.421,0.69197,0.6918300000000001,2.81,1.69
18.08.2021 00:33:35.827,0.6919500000000001,0.6918300000000001,1,2.69
18.08.2021 00:33:37.250,0.6919500000000001,0.6918300000000001,1.69,1.25
18.08.2021 00:33:37.469,0.6919500000000001,0.69182,1,1.25
18.08.2021 00:33:46.102,0.69196,0.6918300000000001,1.69,1
18.08.2021 00:34:01.033,0.6919500000000001,0.69182,1.5,1
18.08.2021 00:34:01.412,0.69194,0.69182,1,1
18.08.2021 00:34:04.005,0.6919500000000001,0.69182,1,1
18.08.2021 00:34:06.587,0.69196,0.69182,1.87,1
18.08.2021 00:34:27.107,0.69197,0.6918300000000001,3.37,1
18.08.2021 00:34:29.871,0.6919500000000001,0.69182,1,1
18.08.2021 00:34:32.966,0.69196,0.6918300000000001,1,1.12
18.08.2021 00:34:39.107,0.6919500000000001,0.69182,1,2
18.08.2021 00:34:45.830,0.6919500000000001,0.69182,1.25,1
18.08.2021 00:34:46.830,0.6919500000000001,0.6918300000000001,1,1.5
18.08.2021 00:34:51.831,0.69197,0.69184,1.5,1.5
18.08.2021 00:34:51.932,0.69197,0.69188,1.12,1.25
18.08.2021 00:34:52.033,0.69199,0.69187,1,1.25
18.08.2021 00:34:52.286,0.69199,0.69188,1,1.25
18.08.2021 00:35:02.054,0.69198,0.69188,1,1.25
18.08.2021 00:35:10.267,0.69198,0.69189,1,1.25
18.08.2021 00:35:10.368,0.69199,0.69188,1,1.94
18.08.2021 00:35:10.549,0.6920000000000001,0.69188,1,1.94
18.08.2021 00:35:11.939,0.6920100000000001,0.69188,1.5,1.94
18.08.2021 00:35:40.972,0.6920100000000001,0.69188,1.5,1.69
18.08.2021 00:35:41.310,0.6920100000000001,0.69189,1.5,1.25
18.08.2021 00:35:44.073,0.6920100000000001,0.69188,2.25,1
18.08.2021 00:35:44.174,0.69199,0.69189,1,1
18.08.2021 00:35:44.721,0.6920000000000001,0.69188,1,1.94
18.08.2021 00:35:45.652,0.6920000000000001,0.69189,1.5,1.94
18.08.2021 00:35:49.212,0.69198,0.69186,1,1
18.08.2021 00:35:49.314,0.69198,0.6918500000000001,3.37,1.12
18.08.2021 00:35:49.416,0.69196,0.69186,1,1
18.08.2021 00:35:49.724,0.69197,0.69184,1.5,1.25
18.08.2021 00:36:23.318,0.69194,0.69181,1.5,2.69
18.08.2021 00:36:23.419,0.69193,0.69181,1.5,1.25
18.08.2021 00:36:24.807,0.69192,0.69181,1,1.25
18.08.2021 00:36:24.858,0.69191,0.69179,1.5,2.62
18.08.2021 00:36:25.326,0.69191,0.6917800000000001,1.5,3
18.08.2021 00:36:25.629,0.69191,0.69179,1,1.25
18.08.2021 00:36:44.946,0.69189,0.6918000000000001,1,1.25
18.08.2021 00:36:44.997,0.69189,0.69176,2.25,1.69
18.08.2021 00:36:47.663,0.69189,0.6917800000000001,2.25,2.5
18.08.2021 00:36:47.765,0.69189,0.69179,1,1.5
18.08.2021 00:36:48.806,0.69192,0.6918000000000001,1,1.25
18.08.2021 00:36:48.908,0.69194,0.69182,1.5,1.5
18.08.2021 00:36:49.009,0.6919500000000001,0.69182,1.5,1.5
18.08.2021 00:36:49.127,0.69194,0.69184,1,1.5
18.08.2021 00:36:49.228,0.6919500000000001,0.6918300000000001,2.25,1.94
18.08.2021 00:36:49.644,0.6919500000000001,0.69184,1,1.25
18.08.2021 00:36:49.745,0.6919500000000001,0.6918300000000001,1,1.25
18.08.2021 00:36:49.902,0.6919500000000001,0.69182,1.25,1.5
18.08.2021 00:36:50.003,0.69194,0.69181,1.25,1
18.08.2021 00:37:17.423,0.69192,0.69181,1.25,1.5
18.08.2021 00:37:27.158,0.6919000000000001,0.6917800000000001,1.5,1
18.08.2021 00:37:27.209,0.69189,0.69176,1.69,1
18.08.2021 00:37:27.310,0.69188,0.6917500000000001,1.69,1.12
18.08.2021 00:37:27.950,0.69188,0.69174,3.25,2.62
18.08.2021 00:37:37.295,0.69187,0.6917500000000001,1.25,1
18.08.2021 00:37:40.421,0.69188,0.69176,1.25,1
18.08.2021 00:37:43.811,0.69189,0.6917500000000001,3.25,1.5
18.08.2021 00:38:00.128,0.69191,0.69179,1,1
18.08.2021 00:38:00.179,0.6919000000000001,0.69177,1,2.25
18.08.2021 00:38:00.280,0.69188,0.69177,1,2.62
18.08.2021 00:38:00.768,0.6919000000000001,0.69177,1.69,1
18.08.2021 00:38:13.174,0.6919000000000001,0.69179,3.25,1
18.08.2021 00:38:20.671,0.69188,0.69177,4,1.5
18.08.2021 00:38:21.120,0.69189,0.6917500000000001,3.25,2.75
18.08.2021 00:38:22.929,0.69188,0.6917500000000001,1.25,2.25
18.08.2021 00:38:25.551,0.6918500000000001,0.6917300000000001,1.25,3.31
18.08.2021 00:38:25.652,0.69184,0.69171,2.81,1.5
18.08.2021 00:38:25.753,0.69184,0.6917,2.81,2.25
18.08.2021 00:38:25.854,0.69184,0.6917,3.81,1.5
18.08.2021 00:38:25.955,0.69184,0.69172,1.25,1
18.08.2021 00:38:26.341,0.69182,0.69171,1.69,1
18.08.2021 00:38:29.722,0.6918300000000001,0.69171,1.69,1
18.08.2021 00:38:35.233,0.6918300000000001,0.69172,1.25,1
18.08.2021 00:38:46.802,0.6918300000000001,0.6917,1.25,1.5
18.08.2021 00:38:47.169,0.6918300000000001,0.69172,1.25,1
18.08.2021 00:38:50.987,0.69187,0.6917300000000001,4.37,1
18.08.2021 00:38:51.088,0.69186,0.69174,1.25,1
18.08.2021 00:38:51.189,0.69186,0.6917300000000001,3.25,1
18.08.2021 00:38:51.672,0.69186,0.6917300000000001,4,1
18.08.2021 00:38:55.973,0.69186,0.69174,1.25,1
18.08.2021 00:38:56.074,0.69186,0.69174,1.25,1
18.08.2021 00:39:32.172,0.69184,0.69172,1.56,1.5
18.08.2021 00:39:32.273,0.6918500000000001,0.69172,1.94,1
18.08.2021 00:39:33.494,0.69184,0.6917300000000001,1.25,1.5
18.08.2021 00:39:44.225,0.69184,0.69174,1.25,1
18.08.2021 00:40:02.485,0.69187,0.69174,2.81,1
18.08.2021 00:40:19.688,0.69186,0.6917300000000001,1.31,1
18.08.2021 00:40:26.860,0.69187,0.69174,2.5,1
18.08.2021 00:40:40.965,0.69187,0.6917300000000001,3.62,1
18.08.2021 00:40:41.609,0.6918500000000001,0.69172,3.56,1
18.08.2021 00:40:41.710,0.69184,0.69171,3.94,1
18.08.2021 00:40:47.603,0.6918500000000001,0.6917300000000001,1.25,1
18.08.2021 00:41:03.442,0.6918500000000001,0.6917500000000001,2.12,1
18.08.2021 00:41:04.614,0.6918500000000001,0.69174,2.12,1
18.08.2021 00:41:07.140,0.69186,0.69174,2.12,1
18.08.2021 00:41:14.287,0.6918500000000001,0.69174,1.75,1
18.08.2021 00:41:20.219,0.69186,0.69172,2.5,1.5
18.08.2021 00:41:23.045,0.69186,0.6917300000000001,2.5,1
18.08.2021 00:41:23.985,0.69186,0.69172,2.5,1
18.08.2021 00:41:41.718,0.69182,0.69171,1,1.69
18.08.2021 00:41:42.950,0.6918300000000001,0.69169,1.25,2.44
18.08.2021 00:41:43.345,0.6918000000000001,0.69169,1,1.69
18.08.2021 00:41:43.446,0.69177,0.69165,1,1
18.08.2021 00:41:43.497,0.6918000000000001,0.69166,2.19,1.5
18.08.2021 00:41:43.987,0.6918000000000001,0.69166,1,1.87
18.08.2021 00:41:44.088,0.69179,0.69166,1,1.12
18.08.2021 00:41:59.255,0.69179,0.69165,1.69,2.25
18.08.2021 00:41:59.356,0.6917800000000001,0.69164,2.5,2.81
18.08.2021 00:41:59.457,0.69177,0.69164,2.5,1
18.08.2021 00:41:59.558,0.69177,0.6916300000000001,2.5,2.25
18.08.2021 00:42:00.205,0.69176,0.69164,2.44,2.44
18.08.2021 00:42:00.956,0.69177,0.6916300000000001,2.44,2.69
18.08.2021 00:42:02.933,0.69177,0.69165,1,1.69
18.08.2021 00:42:03.034,0.6917800000000001,0.69167,1.37,1
18.08.2021 00:42:03.359,0.6918000000000001,0.69166,2.62,3.25
18.08.2021 00:42:04.686,0.69179,0.69166,1,3.56
18.08.2021 00:42:05.193,0.6917800000000001,0.69165,1.5,1.69
18.08.2021 00:42:11.476,0.69179,0.69165,1.69,1.69
18.08.2021 00:42:11.527,0.6917500000000001,0.69164,1,1.5
18.08.2021 00:42:11.577,0.6917500000000001,0.6916300000000001,2.44,1.81
18.08.2021 00:42:11.729,0.69176,0.69162,2.44,1.31
18.08.2021 00:42:14.854,0.6917500000000001,0.6916100000000001,1,3.81
18.08.2021 00:42:22.656,0.6917500000000001,0.6916100000000001,3.25,1.25
18.08.2021 00:42:23.005,0.69171,0.69159,1,1.94
18.08.2021 00:42:23.106,0.69171,0.6915800000000001,1,3.81
18.08.2021 00:42:25.482,0.69171,0.69159,1,2.31
18.08.2021 00:42:26.490,0.69172,0.69159,1.5,3.62
18.08.2021 00:42:27.070,0.69172,0.69159,1.5,2.81
18.08.2021 00:42:38.040,0.69171,0.69162,1,1
18.08.2021 00:42:38.090,0.69174,0.6916100000000001,1,1.25
18.08.2021 00:42:47.232,0.69174,0.6916300000000001,1,1
18.08.2021 00:42:47.333,0.6917500000000001,0.69162,1.25,1.12
18.08.2021 00:43:00.107,0.69174,0.69162,1,1
18.08.2021 00:43:04.575,0.69176,0.6916300000000001,2.5,2.94
18.08.2021 00:43:04.626,0.69177,0.69164,1,2.62
18.08.2021 00:43:04.777,0.69179,0.69165,1.25,3
18.08.2021 00:43:05.105,0.6917800000000001,0.69165,1.25,1.5
18.08.2021 00:43:06.154,0.69177,0.69165,2.5,3
18.08.2021 00:43:10.206,0.69176,0.69164,1,1.12
18.08.2021 00:43:10.307,0.6917500000000001,0.69162,2.5,1
18.08.2021 00:43:16.708,0.6917500000000001,0.6916100000000001,3.25,1
18.08.2021 00:43:17.198,0.69172,0.69159,1.5,3.75
18.08.2021 00:43:19.383,0.69172,0.6916,1.5,1
18.08.2021 00:43:19.637,0.6917300000000001,0.6916,1.5,1.5
18.08.2021 00:43:26.575,0.69172,0.6916,1,1
18.08.2021 00:43:26.726,0.6917300000000001,0.6916,1.69,1
18.08.2021 00:43:28.748,0.69172,0.6916,1.5,1
18.08.2021 00:43:28.900,0.69172,0.69159,1.5,1.87
18.08.2021 00:43:32.344,0.69172,0.6916,1,1
18.08.2021 00:43:37.731,0.6917300000000001,0.6916,1.69,1
18.08.2021 00:43:40.880,0.69169,0.6916,1,1.5
18.08.2021 00:43:41.029,0.6917,0.6916,1,1.5
18.08.2021 00:43:41.404,0.69171,0.6916,1,1.5
18.08.2021 00:43:41.505,0.69169,0.69159,1,2.62
18.08.2021 00:43:45.107,0.69169,0.6916,1,2.25
18.08.2021 00:44:01.471,0.69171,0.69159,1,2.25
18.08.2021 00:44:01.723,0.69174,0.6916300000000001,1,2
18.08.2021 00:44:01.976,0.69174,0.6916300000000001,1,3.37
18.08.2021 00:44:02.027,0.69172,0.6916,1,1.31
18.08.2021 00:44:03.263,0.69172,0.6916,1,1.81
18.08.2021 00:44:03.314,0.6917300000000001,0.6916100000000001,1,1
18.08.2021 00:44:07.239,0.6917500000000001,0.6916300000000001,1.5,2.25
18.08.2021 00:44:08.015,0.69172,0.69164,1,1
18.08.2021 00:44:09.990,0.6917300000000001,0.69162,1,1
18.08.2021 00:44:10.142,0.69172,0.6916,1,2.25
18.08.2021 00:44:28.273,0.69172,0.69159,1.25,2.25
18.08.2021 00:44:28.374,0.69172,0.69159,2.5,2.25
18.08.2021 00:44:40.464,0.69172,0.69159,1.25,2.75
18.08.2021 00:44:40.515,0.69172,0.6916100000000001,1.69,1.5
18.08.2021 00:44:55.708,0.69172,0.6916,1.25,2.25
18.08.2021 00:44:55.809,0.69171,0.69159,1.25,3
18.08.2021 00:44:57.128,0.69172,0.69159,1.25,3.37
18.08.2021 00:44:57.229,0.6917300000000001,0.6916,1.69,1
18.08.2021 00:45:13.134,0.69172,0.6916,1.25,1.5
18.08.2021 00:45:36.228,0.69172,0.69162,1.25,1
18.08.2021 00:45:36.279,0.6917500000000001,0.6916300000000001,1.25,1.5
18.08.2021 00:45:36.330,0.6917300000000001,0.6916100000000001,1.25,1.5
18.08.2021 00:45:42.957,0.69172,0.6916,1.25,1
18.08.2021 00:45:43.246,0.69172,0.6916,1.75,1
18.08.2021 00:45:44.185,0.69172,0.6916,1.25,1
18.08.2021 00:45:45.440,0.69171,0.6916,1.75,3
18.08.2021 00:45:48.578,0.69172,0.6916,1.25,1
18.08.2021 00:45:50.409,0.69172,0.69159,1.75,2.62
18.08.2021 00:45:53.096,0.69172,0.6916,1.75,1
18.08.2021 00:45:53.426,0.69172,0.6916,1.25,1
18.08.2021 00:45:55.327,0.69172,0.6916,1.75,1
18.08.2021 00:45:58.707,0.69172,0.6916,1.25,1
18.08.2021 00:45:58.809,0.69172,0.6916,1.75,1
18.08.2021 00:46:00.249,0.69172,0.6916,1.25,1
18.08.2021 00:46:05.667,0.69174,0.69164,1.5,1
18.08.2021 00:46:05.768,0.6917300000000001,0.6916100000000001,1.25,1.5
18.08.2021 00:46:05.869,0.6917300000000001,0.6916100000000001,1.25,1
18.08.2021 00:46:06.389,0.6917300000000001,0.6916300000000001,1.25,1
18.08.2021 00:46:06.491,0.6917300000000001,0.6916100000000001,1.25,1.5
18.08.2021 00:46:06.599,0.6917300000000001,0.6916100000000001,1.25,1
18.08.2021 00:46:14.427,0.69174,0.6916100000000001,1.25,1.5
18.08.2021 00:46:14.528,0.69172,0.6916100000000001,1.25,1.12
18.08.2021 00:46:14.629,0.69172,0.6916300000000001,1.25,1
18.08.2021 00:46:14.730,0.6917300000000001,0.6916100000000001,1.25,1
18.08.2021 00:46:18.502,0.69172,0.69164,1.25,1.5
18.08.2021 00:46:18.552,0.69176,0.6916300000000001,1.69,3.75
18.08.2021 00:46:18.603,0.69176,0.69165,1.69,1
18.08.2021 00:46:18.704,0.6917500000000001,0.6916300000000001,1.25,1
18.08.2021 00:46:18.856,0.69174,0.69162,1.25,1
18.08.2021 00:46:19.342,0.69174,0.6916300000000001,1.25,1
18.08.2021 00:46:19.443,0.6917500000000001,0.69165,1,1
18.08.2021 00:46:20.614,0.6917500000000001,0.69164,1.25,1
18.08.2021 00:46:21.233,0.6917500000000001,0.69165,1.25,1
18.08.2021 00:46:22.883,0.69174,0.69167,1.25,1
18.08.2021 00:46:23.958,0.69176,0.6916800000000001,1,1.69
18.08.2021 00:46:24.059,0.69179,0.69166,2.44,2.19
18.08.2021 00:46:24.160,0.69184,0.69172,3,1
18.08.2021 00:46:24.211,0.6918300000000001,0.6917300000000001,2.12,1
18.08.2021 00:46:24.429,0.69184,0.6917300000000001,1.75,1
18.08.2021 00:46:26.669,0.69184,0.6917300000000001,1.25,1
18.08.2021 00:46:30.049,0.6918500000000001,0.69176,1.5,1
18.08.2021 00:46:30.556,0.69187,0.6917500000000001,1,1
18.08.2021 00:46:30.872,0.69187,0.69176,1,1
18.08.2021 00:46:30.923,0.69189,0.69177,1.25,1
18.08.2021 00:46:31.074,0.69192,0.6918000000000001,2.25,1
18.08.2021 00:46:31.914,0.69193,0.69181,2.87,1
18.08.2021 00:46:41.979,0.69193,0.6918000000000001,1.75,1
18.08.2021 00:46:46.093,0.69189,0.6917800000000001,1,1
18.08.2021 00:46:46.567,0.6919000000000001,0.69179,1,1
18.08.2021 00:46:46.668,0.69189,0.69181,1,1
18.08.2021 00:46:46.769,0.69191,0.6918000000000001,1,1
18.08.2021 00:47:01.033,0.69191,0.69179,1,2.81
18.08.2021 00:47:02.543,0.6919000000000001,0.6917800000000001,1.25,1
18.08.2021 00:47:02.696,0.6919000000000001,0.6917800000000001,2.5,1
18.08.2021 00:47:07.917,0.69188,0.6917800000000001,1,1
18.08.2021 00:47:08.018,0.69187,0.6917500000000001,1,2.81
18.08.2021 00:47:10.573,0.69184,0.6917300000000001,1,3.75
18.08.2021 00:47:10.725,0.69184,0.69172,1,1.87
18.08.2021 00:47:10.826,0.6918300000000001,0.69172,1,1.87
18.08.2021 00:47:13.474,0.69181,0.6917,1,2.5
18.08.2021 00:47:13.575,0.6918000000000001,0.69171,1,1
18.08.2021 00:47:13.676,0.6918300000000001,0.6917,1.25,2.62
18.08.2021 00:47:14.114,0.69181,0.6917,1,1.87
18.08.2021 00:47:17.462,0.69181,0.69171,1,1
18.08.2021 00:47:22.250,0.69182,0.69171,1,1
18.08.2021 00:47:23.568,0.69182,0.6917,1,2.25
18.08.2021 00:47:35.171,0.69182,0.69171,1.25,2.25
18.08.2021 00:47:40.564,0.69184,0.6917,1.69,2.25
18.08.2021 00:47:49.975,0.6918300000000001,0.6917,1,1.5
18.08.2021 00:47:50.278,0.6918300000000001,0.69171,1.25,1
18.08.2021 00:47:55.497,0.6918300000000001,0.6917,1.69,1
18.08.2021 00:48:12.963,0.6918300000000001,0.6917,2.5,1
18.08.2021 00:48:14.250,0.69182,0.69169,1.25,3.75
18.08.2021 00:48:15.708,0.6918000000000001,0.6916800000000001,1.25,1
18.08.2021 00:48:15.809,0.69179,0.6916800000000001,1.25,1
18.08.2021 00:48:26.323,0.69182,0.6917,1.69,1
18.08.2021 00:48:27.025,0.69182,0.69171,1,1
18.08.2021 00:48:27.126,0.69184,0.69171,1.75,1
18.08.2021 00:48:27.228,0.69184,0.6917,1.75,1.5
18.08.2021 00:48:27.350,0.69182,0.6917,1,1.5
18.08.2021 00:48:27.472,0.69184,0.69171,1.75,1
18.08.2021 00:48:27.712,0.69184,0.6917,1.75,1.5
18.08.2021 00:48:28.186,0.69182,0.6917,1,1.5
18.08.2021 00:48:28.412,0.69184,0.69171,1.75,1
18.08.2021 00:48:28.614,0.6918300000000001,0.69171,1.75,1.5
18.08.2021 00:48:29.071,0.69182,0.6917,1,1.5
18.08.2021 00:48:29.255,0.69184,0.6917,1.75,1.5
18.08.2021 00:48:29.359,0.6918300000000001,0.69172,1.75,1
18.08.2021 00:48:29.463,0.69184,0.6917,1.75,1.5
18.08.2021 00:48:32.483,0.6918300000000001,0.69171,1.69,1.69
18.08.2021 00:48:40.931,0.69184,0.6917300000000001,1.69,1
18.08.2021 00:48:41.033,0.6918300000000001,0.69171,1,2.5
18.08.2021 00:48:42.663,0.6918500000000001,0.6917300000000001,1.25,1
18.08.2021 00:48:42.714,0.69181,0.6917,1,1.75
18.08.2021 00:48:42.866,0.69182,0.6917,1.5,1
18.08.2021 00:48:48.592,0.69182,0.69169,1.69,2.25
18.08.2021 00:48:54.371,0.69181,0.69169,1,1.5
18.08.2021 00:48:57.910,0.69182,0.69169,1.69,2.25
18.08.2021 00:49:01.321,0.69182,0.6917,1.69,1
18.08.2021 00:49:01.422,0.69184,0.69172,1.25,1.5
18.08.2021 00:49:03.075,0.69186,0.69174,1.25,1.12
18.08.2021 00:49:04.842,0.69187,0.69174,1.69,3.56
18.08.2021 00:49:09.528,0.69186,0.69174,1,1
18.08.2021 00:49:09.630,0.69186,0.6917300000000001,1.69,1.5
18.08.2021 00:49:13.172,0.69186,0.69174,1,1.12
18.08.2021 00:49:17.467,0.69184,0.69172,1.5,1.5
18.08.2021 00:49:21.107,0.69184,0.6917300000000001,1.69,1.5
18.08.2021 00:49:22.514,0.69184,0.6917300000000001,1.75,1
18.08.2021 00:49:25.758,0.6918300000000001,0.69172,1,1
18.08.2021 00:49:30.206,0.6918300000000001,0.69171,1,1.5
18.08.2021 00:49:33.178,0.69182,0.6917,1,1
18.08.2021 00:49:38.485,0.69182,0.69169,1.69,1.12
18.08.2021 00:49:53.233,0.69182,0.6917,1.25,1
18.08.2021 00:49:58.162,0.69181,0.6917,1.69,1
18.08.2021 00:50:20.849,0.69182,0.6917,1.69,1
18.08.2021 00:50:22.234,0.69182,0.69169,1.69,1.87
18.08.2021 00:50:38.547,0.69179,0.69167,1,1.5
18.08.2021 00:50:38.649,0.69179,0.69166,1,3.37
18.08.2021 00:50:38.750,0.69181,0.6916800000000001,1,3.94
18.08.2021 00:50:39.981,0.69181,0.6916800000000001,1,4.44
18.08.2021 00:50:40.083,0.69182,0.69169,1.69,1.87
18.08.2021 00:50:41.060,0.6918300000000001,0.69172,1.69,4.12
18.08.2021 00:50:41.161,0.6918300000000001,0.69171,1,2.44
18.08.2021 00:50:43.259,0.6918300000000001,0.69172,1,1
18.08.2021 00:50:43.957,0.69186,0.6917300000000001,2.44,3.69
18.08.2021 00:50:50.560,0.6918500000000001,0.69174,4.19,1
18.08.2021 00:50:50.670,0.6918500000000001,0.69172,1.25,1
18.08.2021 00:50:51.931,0.6918500000000001,0.6917300000000001,1,4.44
18.08.2021 00:50:52.242,0.6918500000000001,0.6917300000000001,1,2.44
18.08.2021 00:50:56.352,0.6918500000000001,0.69174,1.69,2.44
18.08.2021 00:50:58.210,0.6918500000000001,0.69172,2.5,2.25
18.08.2021 00:51:01.512,0.6918300000000001,0.69171,1.25,1
18.08.2021 00:51:06.106,0.6918300000000001,0.6917,1.69,2.44
18.08.2021 00:51:08.614,0.6918300000000001,0.69171,1.25,1
18.08.2021 00:51:13.620,0.69184,0.69171,1,2.81
18.08.2021 00:51:13.721,0.69186,0.6917300000000001,1.69,1.5
18.08.2021 00:51:13.923,0.69187,0.69174,2.5,1
18.08.2021 00:51:14.041,0.69187,0.69174,1.69,1.12
18.08.2021 00:51:24.443,0.69186,0.6917300000000001,1.25,2.62
18.08.2021 00:51:24.544,0.69184,0.69171,1,3
18.08.2021 00:51:28.994,0.69182,0.69172,1,1.87
18.08.2021 00:51:42.286,0.69186,0.6917300000000001,1,4.25
18.08.2021 00:51:42.610,0.69186,0.6917300000000001,1,2.25
18.08.2021 00:51:43.335,0.69186,0.6917300000000001,2.5,1
18.08.2021 00:51:43.436,0.69184,0.69172,1,1
18.08.2021 00:51:47.007,0.6918300000000001,0.69171,1,1.5
18.08.2021 00:51:47.108,0.69182,0.69169,1,3
18.08.2021 00:51:48.638,0.6917800000000001,0.6916800000000001,1,1
18.08.2021 00:51:48.739,0.69176,0.69169,1,1
18.08.2021 00:51:49.053,0.69176,0.69167,1,1
18.08.2021 00:51:50.012,0.6917800000000001,0.69166,1.5,1
18.08.2021 00:52:00.081,0.6917800000000001,0.69166,1.5,1.5
18.08.2021 00:52:00.132,0.6918000000000001,0.6916800000000001,1,2.44
18.08.2021 00:52:00.234,0.69181,0.6916800000000001,1.69,3
18.08.2021 00:52:00.335,0.6918000000000001,0.6916800000000001,1.25,1
18.08.2021 00:52:00.451,0.69179,0.69167,1,1
18.08.2021 00:52:03.278,0.69177,0.69165,1.5,1.5
18.08.2021 00:52:03.591,0.69177,0.69164,1.69,1.87
18.08.2021 00:52:04.871,0.69172,0.6916100000000001,1,1.5
18.08.2021 00:52:04.922,0.6917,0.6916100000000001,1,1
18.08.2021 00:52:08.428,0.6917300000000001,0.6916300000000001,1.25,1.5
18.08.2021 00:52:08.882,0.6917300000000001,0.6916100000000001,1.25,1.5
18.08.2021 00:52:09.537,0.69174,0.6916300000000001,2.87,1
18.08.2021 00:52:09.639,0.69174,0.6916100000000001,1.25,1.5
18.08.2021 00:52:19.577,0.6917300000000001,0.6916,1.25,2.62
18.08.2021 00:52:26.054,0.69172,0.6916100000000001,1.25,1
18.08.2021 00:52:26.546,0.69172,0.6916,1.25,1.5
18.08.2021 00:52:26.799,0.69172,0.6916100000000001,1.25,1
18.08.2021 00:52:27.924,0.69172,0.6916,1.25,1.5
18.08.2021 00:52:29.028,0.69171,0.69162,1.25,1
18.08.2021 00:52:32.184,0.69172,0.6916,1.25,1.5
18.08.2021 00:52:36.967,0.69171,0.69162,1,1
18.08.2021 00:52:39.097,0.69171,0.6916100000000001,1,1.69
18.08.2021 00:52:45.546,0.6917300000000001,0.6916,1.5,1.69
18.08.2021 00:52:53.604,0.69172,0.6916,1,2.44
18.08.2021 00:52:54.502,0.69172,0.6916100000000001,1,1
18.08.2021 00:53:04.580,0.69172,0.69162,1,1
18.08.2021 00:53:04.682,0.6917300000000001,0.69162,1,1
18.08.2021 00:53:04.833,0.69172,0.6916300000000001,1,1
18.08.2021 00:53:04.937,0.69171,0.6916300000000001,1,1
18.08.2021 00:53:05.239,0.69172,0.6916100000000001,1,1
18.08.2021 00:53:10.725,0.69172,0.6916,1,1.69
18.08.2021 00:53:15.294,0.69166,0.6915800000000001,1,1.5
18.08.2021 00:53:15.446,0.69167,0.69157,1,1
18.08.2021 00:53:15.648,0.69169,0.69157,1.69,2.25
18.08.2021 00:53:15.800,0.6917,0.69157,1.69,1.5
18.08.2021 00:53:16.153,0.6917,0.6915800000000001,1,1
18.08.2021 00:53:16.460,0.6917,0.69159,1,1
18.08.2021 00:53:16.873,0.69171,0.69159,1,1
18.08.2021 00:53:21.248,0.6917,0.69159,1,1
18.08.2021 00:53:27.107,0.6917,0.6915800000000001,1,1
18.08.2021 00:53:30.518,0.69167,0.69155,3,1
18.08.2021 00:53:30.620,0.69165,0.69154,1,1.12
18.08.2021 00:53:31.124,0.69165,0.6915300000000001,1,1
18.08.2021 00:53:31.313,0.69164,0.6915100000000001,1.25,1.5
18.08.2021 00:53:32.024,0.69165,0.69152,1.5,1.25
18.08.2021 00:53:37.009,0.69166,0.69154,1,2.25
18.08.2021 00:53:47.958,0.69164,0.6915100000000001,1.87,1.69
18.08.2021 00:53:48.059,0.69162,0.69152,1.25,1
18.08.2021 00:53:49.018,0.6916300000000001,0.6915,1.25,1
18.08.2021 00:54:00.880,0.6916,0.6914800000000001,1.25,1
18.08.2021 00:54:01.320,0.6916100000000001,0.69149,1.5,1.31
18.08.2021 00:54:01.422,0.6916300000000001,0.69152,1,1
18.08.2021 00:54:01.623,0.69165,0.69152,1,1.69
18.08.2021 00:54:03.580,0.69164,0.69152,1,1
18.08.2021 00:54:05.519,0.69169,0.69157,1.5,1
18.08.2021 00:54:05.621,0.6916800000000001,0.69157,1,1.5
18.08.2021 00:54:12.483,0.69166,0.69154,1,2.06
18.08.2021 00:54:13.094,0.69166,0.69155,1,1
18.08.2021 00:54:13.195,0.69167,0.69155,1,1
18.08.2021 00:54:13.793,0.69166,0.69155,1,1
18.08.2021 00:54:13.844,0.69166,0.6915300000000001,1.25,1
18.08.2021 00:54:13.946,0.69165,0.69152,1,3
18.08.2021 00:54:15.927,0.69162,0.6915100000000001,1,1
18.08.2021 00:54:16.587,0.69162,0.6915,1,2.25
18.08.2021 00:54:17.441,0.6916100000000001,0.6915,1.75,1
18.08.2021 00:54:18.568,0.69162,0.69149,1.69,1
18.08.2021 00:54:18.782,0.69162,0.69149,1.75,1
18.08.2021 00:54:18.883,0.69162,0.6914800000000001,2.5,1.5
18.08.2021 00:54:19.292,0.6916100000000001,0.69147,1.25,1.5
18.08.2021 00:54:24.513,0.6916,0.6914800000000001,2.5,1.5
18.08.2021 00:54:28.417,0.6915800000000001,0.69147,1,1
18.08.2021 00:54:28.518,0.69159,0.69147,2.87,1
18.08.2021 00:54:28.569,0.6915800000000001,0.69145,1.69,1
18.08.2021 00:54:28.670,0.69157,0.69145,1,1
18.08.2021 00:54:28.980,0.69157,0.6914399999999999,1,1.5
18.08.2021 00:54:29.870,0.6915600000000001,0.6914300000000001,1.25,1.5
18.08.2021 00:54:29.971,0.69155,0.6914399999999999,1.75,1
18.08.2021 00:54:30.072,0.69155,0.69142,1.25,2.62
18.08.2021 00:54:33.522,0.69154,0.6914300000000001,1.25,1.5
18.08.2021 00:54:36.439,0.6915300000000001,0.6914100000000001,1.25,3.5
18.08.2021 00:54:36.598,0.6915300000000001,0.6914,1.25,1
18.08.2021 00:54:36.699,0.6915300000000001,0.6914,1.25,1
18.08.2021 00:54:37.179,0.69155,0.6914100000000001,3.06,1.5
18.08.2021 00:54:37.301,0.69155,0.69142,1.56,1
18.08.2021 00:54:37.402,0.6915600000000001,0.6914300000000001,1.5,1
18.08.2021 00:54:38.219,0.69157,0.6914399999999999,1.25,2.25
18.08.2021 00:54:39.840,0.69157,0.6914300000000001,2.87,1.5
18.08.2021 00:54:42.948,0.69155,0.6914300000000001,1.25,1.5
18.08.2021 00:54:45.693,0.69155,0.69142,1,1.5
18.08.2021 00:54:45.744,0.6915300000000001,0.6914,1,2.75
18.08.2021 00:54:45.845,0.6915300000000001,0.6914,1,2.25
18.08.2021 00:54:48.269,0.69154,0.6914,1.5,2.25
18.08.2021 00:54:50.139,0.69154,0.6914399999999999,1,1
18.08.2021 00:54:50.392,0.69155,0.69142,1,1
18.08.2021 00:54:55.279,0.6915100000000001,0.6914,1,2
18.08.2021 00:54:55.431,0.6915300000000001,0.6914100000000001,1.75,2.62
18.08.2021 00:54:55.532,0.69155,0.6914100000000001,1.69,3
18.08.2021 00:54:56.417,0.69155,0.69142,1,1
18.08.2021 00:54:56.518,0.6915600000000001,0.69142,1.69,1.5
18.08.2021 00:54:59.115,0.6915600000000001,0.6914300000000001,1,1.69
18.08.2021 00:54:59.216,0.6915600000000001,0.6914399999999999,1.5,2.44
18.08.2021 00:54:59.776,0.69155,0.6914399999999999,1,2.25
18.08.2021 00:55:00.285,0.69155,0.69142,1.25,1.69
18.08.2021 00:55:00.386,0.69152,0.69142,1,1.12
18.08.2021 00:55:00.488,0.69152,0.6914,1,1.5
18.08.2021 00:55:00.639,0.6915300000000001,0.6914,1,1.5
18.08.2021 00:55:00.814,0.69152,0.6914,1,1.5
18.08.2021 00:55:00.915,0.6915100000000001,0.69139,1.25,1
18.08.2021 00:55:00.966,0.6915,0.69139,1.25,1.12
18.08.2021 00:55:03.572,0.69152,0.6914100000000001,1.12,1
18.08.2021 00:55:03.674,0.69154,0.69142,1,1
18.08.2021 00:55:08.091,0.69154,0.6914300000000001,1.25,1
18.08.2021 00:55:15.289,0.6915300000000001,0.6914300000000001,1,1.5
18.08.2021 00:55:16.610,0.6915600000000001,0.69142,1,2.25
18.08.2021 00:55:16.711,0.6915600000000001,0.69145,1.5,1
18.08.2021 00:55:18.416,0.69155,0.69145,1,1.5
18.08.2021 00:55:21.058,0.6915600000000001,0.69145,1,1
18.08.2021 00:55:23.520,0.6916,0.69149,1,1.87
18.08.2021 00:55:23.570,0.69162,0.6915,1.31,1
18.08.2021 00:55:26.309,0.69164,0.69152,1,1.69
18.08.2021 00:55:26.410,0.69165,0.6915300000000001,1,1
18.08.2021 00:55:26.713,0.69165,0.69152,1.25,1.5
18.08.2021 00:55:26.915,0.69164,0.69152,1,1.5
18.08.2021 00:55:33.562,0.69164,0.6915300000000001,1,1
18.08.2021 00:55:33.689,0.69164,0.69152,1,1
18.08.2021 00:55:36.900,0.69162,0.69149,1,1.87
18.08.2021 00:55:37.102,0.6916100000000001,0.69149,1,1.12
18.08.2021 00:55:42.092,0.6916100000000001,0.6914800000000001,1,3.37
18.08.2021 00:55:44.182,0.69162,0.69149,1.25,1.12
18.08.2021 00:55:44.233,0.69165,0.6915300000000001,3.25,3
18.08.2021 00:55:44.284,0.69166,0.6915300000000001,1.31,1.5
18.08.2021 00:55:45.062,0.69166,0.69154,1,1
18.08.2021 00:55:45.328,0.69167,0.69155,1,1
18.08.2021 00:55:45.429,0.6916800000000001,0.6915600000000001,1,1.5
18.08.2021 00:55:46.715,0.69165,0.69154,1.25,1
18.08.2021 00:55:46.817,0.69166,0.69152,1.25,3.37
18.08.2021 00:55:50.605,0.6916300000000001,0.6915100000000001,1,1.25
18.08.2021 00:55:50.807,0.69162,0.6915,1,1
18.08.2021 00:56:00.949,0.6916100000000001,0.6915,1.25,3
18.08.2021 00:56:01.387,0.6916100000000001,0.6915,1.75,1
18.08.2021 00:56:04.986,0.69162,0.6914800000000001,2.5,2.25
18.08.2021 00:56:08.155,0.6916100000000001,0.69149,1.25,1
18.08.2021 00:56:12.395,0.6916100000000001,0.6914800000000001,1.69,1
18.08.2021 00:56:22.299,0.6916,0.6914800000000001,1.25,1
18.08.2021 00:56:26.763,0.6916100000000001,0.6914800000000001,1.25,2.25
18.08.2021 00:56:26.864,0.6916100000000001,0.69149,1.25,1
18.08.2021 00:56:29.018,0.69162,0.69149,1.69,1.5
18.08.2021 00:56:29.120,0.6916300000000001,0.6915,1.25,3
18.08.2021 00:56:29.221,0.69162,0.69152,1.25,1
18.08.2021 00:56:32.509,0.69166,0.6915300000000001,4.69,2
18.08.2021 00:56:32.610,0.69166,0.69155,1.25,1
18.08.2021 00:56:32.822,0.69167,0.69154,3.19,2.25
18.08.2021 00:56:32.923,0.6916800000000001,0.6915600000000001,1.25,1.5
18.08.2021 00:56:36.442,0.69166,0.69154,1.25,1.5
18.08.2021 00:56:36.543,0.69165,0.69154,1.25,1
18.08.2021 00:56:37.742,0.69166,0.69154,1.25,1
18.08.2021 00:56:38.391,0.69164,0.69155,1.25,1
18.08.2021 00:56:47.561,0.6916300000000001,0.69152,1.25,1
18.08.2021 00:56:51.764,0.69164,0.69152,1,1.25
18.08.2021 00:56:52.656,0.69165,0.69152,1,2.5
18.08.2021 00:56:52.958,0.69164,0.69152,1.87,1
18.08.2021 00:56:53.059,0.6916300000000001,0.6915100000000001,1,1.25
18.08.2021 00:56:53.160,0.69162,0.6915,1,4
18.08.2021 00:56:53.405,0.6916300000000001,0.6915100000000001,1,1.25
18.08.2021 00:56:54.218,0.69164,0.6915300000000001,1.87,1.75
18.08.2021 00:56:54.369,0.69166,0.6915300000000001,2.62,1.25
18.08.2021 00:57:00.246,0.69164,0.6915300000000001,1,1.69
18.08.2021 00:57:00.397,0.69165,0.6915300000000001,1,1
18.08.2021 00:57:00.499,0.69166,0.69155,1.5,2.06
18.08.2021 00:57:00.629,0.69167,0.69154,1,3.06
18.08.2021 00:57:01.435,0.6916800000000001,0.69155,2.62,1.25
18.08.2021 00:57:03.522,0.69169,0.6915600000000001,2.25,1.25
18.08.2021 00:57:03.836,0.6916800000000001,0.6915800000000001,1,1
18.08.2021 00:57:07.816,0.6917,0.69157,1.5,1.69
18.08.2021 00:57:07.967,0.6917,0.6915800000000001,1,1
18.08.2021 00:57:08.879,0.69171,0.6915800000000001,2.25,1
18.08.2021 00:57:20.387,0.69172,0.6916100000000001,1.12,1
18.08.2021 00:57:20.489,0.6917500000000001,0.6916300000000001,1,1.69
18.08.2021 00:57:20.590,0.69176,0.69164,2.25,1
18.08.2021 00:57:26.537,0.69174,0.69164,1,1.25
18.08.2021 00:57:27.984,0.6917500000000001,0.69165,1,1.25
18.08.2021 00:57:28.415,0.6917500000000001,0.69164,1,1.69
18.08.2021 00:57:28.517,0.6917500000000001,0.6916300000000001,1,1.25
18.08.2021 00:57:32.096,0.6917500000000001,0.6916300000000001,1,2.5
18.08.2021 00:57:39.122,0.6917500000000001,0.69164,1.5,3.25
18.08.2021 00:57:41.492,0.69176,0.69164,1,2.31
18.08.2021 00:57:42.280,0.69177,0.69166,1.5,2.44
18.08.2021 00:57:42.454,0.69177,0.69165,1,1.69
18.08.2021 00:57:43.142,0.69176,0.69164,1.5,1.69
18.08.2021 00:57:46.664,0.6917500000000001,0.6916300000000001,1,1.75
18.08.2021 00:58:00.000,0.6917500000000001,0.6916300000000001,1,1.25
18.08.2021 00:58:00.206,0.6917300000000001,0.69162,1,1
18.08.2021 00:58:00.308,0.69172,0.6916100000000001,1,1
18.08.2021 00:58:00.510,0.6917300000000001,0.6916100000000001,1.5,1
18.08.2021 00:58:01.344,0.6917300000000001,0.69162,1,1
18.08.2021 00:58:01.879,0.69174,0.69162,1,1
18.08.2021 00:58:04.165,0.69174,0.69162,1,1.5
18.08.2021 00:58:06.879,0.6917500000000001,0.6916300000000001,1,2.25
18.08.2021 00:58:06.980,0.69176,0.69164,1,2.06
18.08.2021 00:58:07.081,0.69176,0.69166,1,1
18.08.2021 00:58:07.182,0.69179,0.69167,1,1.5
18.08.2021 00:58:07.283,0.6918000000000001,0.69167,1.87,1.5
18.08.2021 00:58:07.486,0.6918000000000001,0.69169,2,1
18.08.2021 00:58:07.593,0.69181,0.6916800000000001,1.5,1.12
18.08.2021 00:58:08.195,0.6918000000000001,0.6916800000000001,1,1.12
18.08.2021 00:58:10.564,0.69181,0.6916800000000001,1.5,1.12
18.08.2021 00:58:19.806,0.69181,0.6916800000000001,1.5,2
18.08.2021 00:58:20.761,0.69181,0.6916800000000001,1.5,1.12
18.08.2021 00:58:23.789,0.6918000000000001,0.6916800000000001,1,1.12
18.08.2021 00:58:24.287,0.69177,0.69167,1,1.5
18.08.2021 00:58:24.388,0.69176,0.69166,1,2
18.08.2021 00:58:24.489,0.69177,0.69165,1,1.87
18.08.2021 00:58:26.889,0.69176,0.69164,1,2
18.08.2021 00:58:28.293,0.69176,0.69164,1,1
18.08.2021 00:58:28.394,0.6917500000000001,0.69164,1,2.81
18.08.2021 00:58:32.802,0.69174,0.69162,1.12,1.87
18.08.2021 00:58:32.903,0.6917500000000001,0.6916300000000001,1.5,1
18.08.2021 00:58:34.153,0.69174,0.69162,1.12,1.12
18.08.2021 00:58:34.457,0.6917500000000001,0.6916300000000001,1,1
18.08.2021 00:58:34.558,0.69176,0.6916300000000001,1.87,1.25
18.08.2021 00:58:38.527,0.69176,0.6916300000000001,1,3
18.08.2021 00:58:43.697,0.69177,0.69167,1.12,1
18.08.2021 00:58:43.967,0.69181,0.6916800000000001,2,1.25
18.08.2021 00:58:44.068,0.69182,0.6917,1,4.5
18.08.2021 00:58:44.119,0.6918500000000001,0.69172,1,3.62
18.08.2021 00:58:44.220,0.69186,0.69174,1.12,1
18.08.2021 00:58:47.945,0.69184,0.69174,1,1.69
18.08.2021 00:58:48.982,0.69184,0.69172,1,1.69
18.08.2021 00:58:50.044,0.6918300000000001,0.69172,1,1.69
18.08.2021 00:58:50.202,0.69184,0.69172,1,1.69
18.08.2021 00:58:58.789,0.6918300000000001,0.69172,1,1.69
18.08.2021 00:59:00.438,0.6918500000000001,0.69174,1.12,1.25
18.08.2021 00:59:00.539,0.6918500000000001,0.6917500000000001,1.12,1.25
18.08.2021 00:59:00.690,0.6918500000000001,0.69176,1,1.69
18.08.2021 00:59:02.751,0.6918500000000001,0.6917500000000001,1,1
18.08.2021 00:59:02.853,0.69182,0.69171,1,2.12
18.08.2021 00:59:02.904,0.69181,0.6917,1,1.69
18.08.2021 00:59:03.005,0.6918000000000001,0.6917,1,1.25
18.08.2021 00:59:04.103,0.6918000000000001,0.6916800000000001,1,3.25
18.08.2021 00:59:04.154,0.6918300000000001,0.69171,1,1.5
18.08.2021 00:59:04.255,0.69182,0.69172,1,3.25
18.08.2021 00:59:04.835,0.69184,0.69171,1,4
18.08.2021 00:59:05.496,0.69184,0.69172,1,1.75
18.08.2021 00:59:26.012,0.69184,0.69174,1,1
18.08.2021 00:59:26.062,0.6918500000000001,0.69176,1,1.75
18.08.2021 00:59:26.113,0.69188,0.69176,1,1.25
18.08.2021 00:59:26.164,0.69186,0.6917300000000001,1,2.25
18.08.2021 00:59:26.214,0.6918300000000001,0.6917500000000001,1,1
18.08.2021 00:59:26.316,0.69184,0.6917500000000001,1,1
18.08.2021 00:59:26.417,0.6918500000000001,0.6917500000000001,1,1
18.08.2021 00:59:33.776,0.6918500000000001,0.69174,1,1.25
18.08.2021 00:59:35.881,0.69186,0.69174,1,1.25
18.08.2021 00:59:50.516,0.69187,0.6917500000000001,1,1
18.08.2021 00:59:50.723,0.69189,0.69176,1.12,2.44
18.08.2021 00:59:50.838,0.6919000000000001,0.69177,1.87,1.5
18.08.2021 01:00:00.234,0.69187,0.69176,1.5,1
18.08.2021 01:00:00.285,0.69187,0.69174,1,1.87
18.08.2021 01:00:01.138,0.69188,0.69179,1,1.25
18.08.2021 01:00:01.189,0.6919000000000001,0.69179,1,1.94
18.08.2021 01:00:01.341,0.69192,0.6918000000000001,1,1.25
18.08.2021 01:00:01.543,0.69192,0.6918300000000001,1,1.5
18.08.2021 01:00:01.644,0.69196,0.6918300000000001,1.5,1.69
18.08.2021 01:00:01.749,0.6919500000000001,0.69184,1,1.69
18.08.2021 01:00:01.850,0.69196,0.69184,1,1.12
18.08.2021 01:00:01.952,0.69196,0.6918500000000001,1,1
18.08.2021 01:00:02.212,0.69197,0.6918500000000001,1,1
18.08.2021 01:00:08.161,0.69197,0.69186,1,3.25
18.08.2021 01:00:08.262,0.69199,0.69186,2.25,1.69
18.08.2021 01:00:09.742,0.69198,0.6918500000000001,1,3.25
18.08.2021 01:00:17.021,0.6919500000000001,0.69186,2.37,1.25
18.08.2021 01:00:17.072,0.69198,0.6918500000000001,2.75,1.25
18.08.2021 01:00:17.174,0.69197,0.69184,1.12,1.25
18.08.2021 01:00:21.592,0.69194,0.69182,2.62,1.5
18.08.2021 01:00:22.585,0.69197,0.69184,2,1
18.08.2021 01:00:22.686,0.69197,0.6918500000000001,1.5,1.31
18.08.2021 01:00:22.787,0.69197,0.69186,1.5,1.12
18.08.2021 01:00:22.838,0.6920000000000001,0.69188,1.5,1.81
18.08.2021 01:00:22.990,0.6920100000000001,0.69191,1.12,1.5
18.08.2021 01:00:23.091,0.69203,0.69191,2,1
18.08.2021 01:00:23.202,0.69202,0.69192,1.5,1
18.08.2021 01:00:23.966,0.69202,0.69191,1,1
18.08.2021 01:00:24.017,0.69198,0.6919000000000001,1,1.5
18.08.2021 01:00:24.068,0.69202,0.69192,1.12,1
18.08.2021 01:00:24.169,0.69202,0.69194,1.5,1.12
18.08.2021 01:00:24.270,0.69202,0.69193,1,1
18.08.2021 01:00:24.422,0.69202,0.69191,1,1.31
18.08.2021 01:00:24.626,0.6920100000000001,0.69192,1,2.12
18.08.2021 01:00:24.835,0.6920000000000001,0.69192,1,2.12
18.08.2021 01:00:25.187,0.69202,0.69191,1,2.12
18.08.2021 01:00:25.999,0.69205,0.69193,1.75,1
18.08.2021 01:00:26.100,0.69205,0.69194,1,1.25
18.08.2021 01:00:27.672,0.69203,0.6919500000000001,1,1.75
18.08.2021 01:00:27.727,0.69202,0.69192,1,1.31
18.08.2021 01:00:27.828,0.69202,0.6919000000000001,1,2.69
18.08.2021 01:00:27.936,0.69202,0.6919000000000001,1,1.25
18.08.2021 01:00:28.806,0.6920000000000001,0.69191,1,1.25
18.08.2021 01:00:29.043,0.6920000000000001,0.6919000000000001,1,1.25
18.08.2021 01:00:29.160,0.69199,0.6919000000000001,1,1.25
18.08.2021 01:00:29.262,0.69196,0.69187,1,1.5
18.08.2021 01:00:29.363,0.69196,0.69186,1,1
18.08.2021 01:00:29.464,0.69197,0.69186,1,1
18.08.2021 01:00:29.566,0.6919500000000001,0.69187,1,1
18.08.2021 01:00:31.154,0.69197,0.69186,1,1
18.08.2021 01:00:31.255,0.6919500000000001,0.69187,1,1
18.08.2021 01:00:31.357,0.69193,0.69182,1,1.5
18.08.2021 01:00:31.459,0.69191,0.69182,1,1
18.08.2021 01:00:31.991,0.69193,0.69184,1,1.25
18.08.2021 01:00:32.093,0.6919500000000001,0.6918300000000001,1,1.75
18.08.2021 01:00:35.936,0.69192,0.69181,1,1.75
18.08.2021 01:00:36.038,0.69192,0.69181,1,1.25
18.08.2021 01:00:36.946,0.69187,0.69176,1,2.31
18.08.2021 01:00:37.047,0.69187,0.6917500000000001,1,2.69
18.08.2021 01:00:38.152,0.69188,0.6917800000000001,1,1.25
18.08.2021 01:00:38.253,0.69189,0.6917800000000001,1,1.25
18.08.2021 01:00:39.150,0.69189,0.69179,1,1.69
18.08.2021 01:00:45.130,0.69188,0.69176,1,1.87
18.08.2021 01:00:45.282,0.69189,0.69176,1,2.81
18.08.2021 01:00:45.741,0.6919000000000001,0.6918000000000001,1,1.5
18.08.2021 01:00:45.842,0.6919500000000001,0.6918500000000001,1.75,3.44
18.08.2021 01:00:45.893,0.69196,0.69184,1.25,3.44
18.08.2021 01:00:46.730,0.69198,0.6918500000000001,1.5,3.44
18.08.2021 01:00:46.831,0.69197,0.69186,1,1.25
18.08.2021 01:00:47.771,0.69197,0.69187,1,1.25
18.08.2021 01:00:48.262,0.69198,0.6918500000000001,1.5,2.44
18.08.2021 01:00:54.826,0.69197,0.6918500000000001,1,1.25
18.08.2021 01:00:55.390,0.69199,0.69187,1.69,1
18.08.2021 01:00:55.491,0.69202,0.69189,2,1.25
18.08.2021 01:00:55.592,0.69202,0.69189,1.87,1.25
18.08.2021 01:00:55.744,0.69199,0.69189,1.75,3.19
18.08.2021 01:00:55.845,0.69196,0.69188,1,1
18.08.2021 01:00:56.615,0.69197,0.6918500000000001,1,1.69
18.08.2021 01:01:00.221,0.69196,0.69184,1,2.44
18.08.2021 01:01:00.372,0.69197,0.69184,1,3.44
18.08.2021 01:01:01.969,0.69197,0.6918500000000001,1,2.69
18.08.2021 01:01:02.070,0.69198,0.6918500000000001,1,3.44
18.08.2021 01:01:02.172,0.69199,0.69186,1.5,1.25
18.08.2021 01:01:03.985,0.69196,0.69184,1,2.25
18.08.2021 01:01:04.137,0.69196,0.6918500000000001,1,1.69
18.08.2021 01:01:07.215,0.69196,0.69184,1,1.25
18.08.2021 01:01:13.668,0.69196,0.6918500000000001,1.5,1.25
18.08.2021 01:01:13.769,0.69196,0.6918300000000001,1,3.25
18.08.2021 01:01:15.068,0.69196,0.6918300000000001,1,1.69
18.08.2021 01:01:19.908,0.6919500000000001,0.6918300000000001,1,1.69
18.08.2021 01:01:22.362,0.69196,0.6918300000000001,1,1.69
18.08.2021 01:01:24.314,0.69196,0.6918300000000001,1.5,2.69
18.08.2021 01:01:34.470,0.69196,0.6918500000000001,1,2.44
18.08.2021 01:01:34.774,0.6919500000000001,0.6918500000000001,1,2.44
18.08.2021 01:01:34.875,0.69197,0.69184,1.5,2.44
18.08.2021 01:01:35.125,0.69191,0.69182,1,1.69
18.08.2021 01:01:56.256,0.69193,0.69182,1.5,4
18.08.2021 01:01:56.599,0.6919500000000001,0.69184,1,3.44
18.08.2021 01:01:56.700,0.69197,0.69184,1.87,1.69
18.08.2021 01:01:59.145,0.69197,0.69184,1,3.25
18.08.2021 01:01:59.247,0.69198,0.6918500000000001,1.87,1.69
18.08.2021 01:02:00.284,0.69199,0.69187,1.87,1.25
18.08.2021 01:02:01.911,0.69202,0.69189,3.37,3.25
18.08.2021 01:02:02.064,0.69202,0.6919000000000001,1.12,4.75
18.08.2021 01:02:02.535,0.69203,0.6919000000000001,1.5,5.5
18.08.2021 01:02:08.153,0.69202,0.6919000000000001,1,1.75
18.08.2021 01:02:08.204,0.6920000000000001,0.69188,1.87,1.31
18.08.2021 01:02:08.305,0.69199,0.69188,1.5,1.25
18.08.2021 01:02:08.406,0.6920000000000001,0.69189,1,2.69
18.08.2021 01:02:08.558,0.6920000000000001,0.6919000000000001,1.5,2.69
18.08.2021 01:02:08.896,0.6920100000000001,0.69189,1.5,1.69
18.08.2021 01:02:11.326,0.69202,0.69189,2.62,2.44
18.08.2021 01:02:14.905,0.69199,0.69189,1,1
18.08.2021 01:02:14.956,0.69198,0.69187,3.56,2.25
18.08.2021 01:02:15.057,0.69197,0.69187,1,1
18.08.2021 01:02:28.359,0.69197,0.69186,1,1
18.08.2021 01:02:28.460,0.69196,0.69184,1.5,1.87
18.08.2021 01:02:31.286,0.69196,0.69186,1.5,1
18.08.2021 01:02:31.336,0.69196,0.69184,1.5,1
18.08.2021 01:02:32.070,0.69202,0.6919000000000001,1.87,1.25
18.08.2021 01:02:32.172,0.69205,0.69192,1.5,1
18.08.2021 01:02:32.273,0.69207,0.69194,2.94,1
18.08.2021 01:02:32.794,0.6920600000000001,0.6919500000000001,1.5,1.87
18.08.2021 01:02:34.620,0.6920600000000001,0.69194,1,1.87
18.08.2021 01:02:39.814,0.69208,0.6919500000000001,1,2.62
18.08.2021 01:02:39.915,0.6921,0.69198,1.5,1
18.08.2021 01:02:40.016,0.6921100000000001,0.69198,2.06,1
18.08.2021 01:02:41.643,0.6921100000000001,0.69199,1.87,1
18.08.2021 01:02:41.694,0.69209,0.69196,2.25,2.75
18.08.2021 01:02:41.795,0.69208,0.69197,1.12,1.5
18.08.2021 01:02:44.506,0.69208,0.6919500000000001,1,3.37
18.08.2021 01:02:47.118,0.69208,0.69197,1.5,1.12
18.08.2021 01:03:00.302,0.69209,0.69198,2.06,1
18.08.2021 01:03:00.642,0.6921,0.69198,1,1.12
18.08.2021 01:03:00.743,0.69208,0.69198,1,1.5
18.08.2021 01:03:00.844,0.69209,0.69197,1,1.12
18.08.2021 01:03:06.885,0.69213,0.6920100000000001,1.87,1.25
18.08.2021 01:03:06.986,0.69215,0.69205,3.75,1
18.08.2021 01:03:07.086,0.6921600000000001,0.69204,2.87,1
18.08.2021 01:03:07.288,0.6921600000000001,0.69204,2.06,1
18.08.2021 01:03:07.953,0.6921700000000001,0.69204,1,2.06
18.08.2021 01:03:12.071,0.6921700000000001,0.69207,1,2.62
18.08.2021 01:03:12.172,0.6922,0.69209,1.5,1.25
18.08.2021 01:03:12.223,0.6922100000000001,0.69209,1,1.25
18.08.2021 01:03:12.324,0.6922200000000001,0.69209,1.12,2.44
18.08.2021 01:03:15.505,0.6922200000000001,0.6921,1,1
18.08.2021 01:03:16.146,0.69223,0.6921,1.5,2.81
18.08.2021 01:03:20.046,0.69223,0.6921100000000001,1,1
18.08.2021 01:03:21.225,0.6922,0.6921100000000001,1.5,1
18.08.2021 01:03:21.276,0.6922,0.69208,4.19,1.5
18.08.2021 01:03:21.427,0.6921700000000001,0.69207,1,1
18.08.2021 01:03:21.529,0.69219,0.6920600000000001,1.87,1
18.08.2021 01:03:21.695,0.69219,0.69207,1.87,1
18.08.2021 01:03:21.847,0.6921600000000001,0.69204,3,2.19
