Gmt time,Ask,Bid,AskVolume,BidVolume
12.08.2021 00:00:00.148,0.70412,0.70403,1,1
12.08.2021 00:00:00.968,0.70415,0.70402,2.25,1.25
12.08.2021 00:00:02.388,0.70415,0.70401,1,1.25
12.08.2021 00:00:02.489,0.70414,0.70401,1,1
12.08.2021 00:00:03.812,0.70414,0.70399,1.5,2.5
12.08.2021 00:00:13.653,0.7041000000000001,0.70399,1.5,1.75
12.08.2021 00:00:13.704,0.7041000000000001,0.70397,1.5,1.25
12.08.2021 00:00:13.755,0.70407,0.70398,1,1.69
12.08.2021 00:00:13.857,0.70408,0.7039500000000001,2.62,1.25
12.08.2021 00:00:23.244,0.7041000000000001,0.70398,2.25,1.25
12.08.2021 00:00:23.346,0.70412,0.70399,1.5,1.75
12.08.2021 00:00:23.447,0.70413,0.70403,2,1.25
12.08.2021 00:00:23.498,0.70414,0.70402,1,1.25
12.08.2021 00:00:23.599,0.70414,0.70403,1,1.25
12.08.2021 00:00:23.782,0.70415,0.7040000000000001,1.25,1.75
12.08.2021 00:00:23.923,0.70414,0.7040000000000001,1,1.75
12.08.2021 00:00:25.999,0.70414,0.70403,1,1.25
12.08.2021 00:00:26.100,0.70415,0.70402,1.5,1.25
12.08.2021 00:00:30.024,0.70414,0.70403,1,2.44
12.08.2021 00:00:30.127,0.70414,0.70404,1,1.25
12.08.2021 00:00:30.623,0.70414,0.70403,1,1.69
12.08.2021 00:00:31.572,0.70415,0.70402,1,1.75
12.08.2021 00:00:34.241,0.70415,0.70402,1,1.25
12.08.2021 00:00:36.008,0.70413,0.7040500000000001,1,1
12.08.2021 00:00:52.032,0.7041600000000001,0.7040500000000001,1,1
12.08.2021 00:00:52.082,0.7041600000000001,0.70406,1,1.25
12.08.2021 00:00:52.133,0.70415,0.70404,1.5,1.75
12.08.2021 00:00:52.235,0.70413,0.7040500000000001,1,1.75
12.08.2021 00:00:52.910,0.70413,0.70404,1,1.75
12.08.2021 00:00:54.111,0.70414,0.70403,1,1.25
12.08.2021 00:00:55.432,0.70414,0.70403,1,1.75
12.08.2021 00:00:59.256,0.70415,0.70404,1.5,1.25
12.08.2021 00:00:59.793,0.70417,0.70409,1.5,1
12.08.2021 00:00:59.844,0.7042,0.7041000000000001,1,1
12.08.2021 00:01:00.372,0.7042100000000001,0.7041000000000001,1.5,1
12.08.2021 00:01:01.135,0.7042,0.70409,1,1
12.08.2021 00:01:01.565,0.7042100000000001,0.70413,1,1
12.08.2021 00:01:01.667,0.7042200000000001,0.70413,1,1
12.08.2021 00:01:03.105,0.7042200000000001,0.70412,1,1
12.08.2021 00:01:03.685,0.70423,0.70412,1,1
12.08.2021 00:01:03.787,0.70423,0.70413,1,1
12.08.2021 00:01:04.357,0.70424,0.70413,1,1
12.08.2021 00:01:07.248,0.70428,0.70417,1.87,1
12.08.2021 00:01:07.349,0.7043,0.70419,2,1
12.08.2021 00:01:07.450,0.7043,0.70419,1.5,1
12.08.2021 00:01:07.551,0.7043100000000001,0.7042,1,1
12.08.2021 00:01:22.011,0.7043100000000001,0.7042200000000001,1,1
12.08.2021 00:01:22.061,0.70434,0.70424,1,1
12.08.2021 00:01:30.902,0.70434,0.70423,1,1
12.08.2021 00:01:33.069,0.70433,0.7042200000000001,1,1.5
12.08.2021 00:01:33.120,0.7043,0.70419,1,3.25
12.08.2021 00:01:33.385,0.7042600000000001,0.70415,1,2
12.08.2021 00:01:33.536,0.70424,0.70415,1,1.25
12.08.2021 00:01:37.744,0.70424,0.70414,1,1.25
12.08.2021 00:01:38.285,0.70424,0.70415,1,1.25
12.08.2021 00:01:38.336,0.70428,0.70417,1,1.25
12.08.2021 00:01:38.438,0.70429,0.70418,1.12,1
12.08.2021 00:01:42.488,0.7043,0.70419,1,1
12.08.2021 00:01:50.421,0.70433,0.7042200000000001,1.5,1
12.08.2021 00:01:57.190,0.7043200000000001,0.7042100000000001,1,1.5
12.08.2021 00:01:58.309,0.7043200000000001,0.7042200000000001,1,1
12.08.2021 00:01:58.410,0.70435,0.70424,1,1
12.08.2021 00:01:58.511,0.70434,0.70423,1,1
12.08.2021 00:01:59.112,0.70433,0.7042200000000001,1,1.69
12.08.2021 00:02:00.631,0.7043200000000001,0.7042200000000001,1,1.25
12.08.2021 00:02:08.745,0.70434,0.70423,1,1
12.08.2021 00:02:08.852,0.7043200000000001,0.70423,1,1.25
12.08.2021 00:02:18.320,0.7043,0.7042100000000001,1,1.5
12.08.2021 00:02:18.371,0.7042700000000001,0.70417,1.5,1
12.08.2021 00:02:18.421,0.70424,0.70415,1,1
12.08.2021 00:02:18.522,0.70423,0.70414,1,1.25
12.08.2021 00:02:18.825,0.70424,0.70413,1,1.75
12.08.2021 00:02:19.615,0.70424,0.70413,1,1
12.08.2021 00:02:19.666,0.7042200000000001,0.70412,1,1
12.08.2021 00:02:25.608,0.70423,0.70412,1,2.5
12.08.2021 00:02:25.962,0.70424,0.70413,1,1.25
12.08.2021 00:02:26.268,0.70424,0.70413,1,2.5
12.08.2021 00:02:27.390,0.70425,0.70414,1,1.25
12.08.2021 00:02:27.492,0.7042700000000001,0.7041600000000001,1,1.25
12.08.2021 00:02:27.820,0.70428,0.70417,1,1
12.08.2021 00:02:32.444,0.70429,0.70418,1,1.25
12.08.2021 00:02:32.548,0.7042700000000001,0.7041600000000001,1,3.25
12.08.2021 00:02:32.649,0.7042700000000001,0.7041600000000001,1,1
12.08.2021 00:02:42.391,0.70428,0.70417,1,1
12.08.2021 00:02:45.657,0.70429,0.70418,1,1
12.08.2021 00:02:58.694,0.70428,0.70417,1,1
12.08.2021 00:03:00.009,0.70429,0.70418,1,1
12.08.2021 00:03:07.369,0.7042600000000001,0.70415,1,1
12.08.2021 00:03:07.470,0.70425,0.70414,1,1
12.08.2021 00:03:20.279,0.70425,0.7041600000000001,1,1
12.08.2021 00:03:57.641,0.70425,0.70414,1,1
12.08.2021 00:03:57.743,0.70424,0.70413,1,1
12.08.2021 00:04:02.648,0.70423,0.70412,1,1
12.08.2021 00:04:02.974,0.7042100000000001,0.70412,1,1.25
12.08.2021 00:04:03.076,0.70423,0.70412,1,1
12.08.2021 00:04:07.676,0.70424,0.70413,1,1
12.08.2021 00:04:07.979,0.70423,0.70412,1,1
12.08.2021 00:04:14.302,0.70418,0.70409,1.12,1
12.08.2021 00:04:14.404,0.70418,0.70409,1,1.25
12.08.2021 00:04:14.506,0.7042,0.70409,1,1
12.08.2021 00:04:15.518,0.7042100000000001,0.7041000000000001,1,1.25
12.08.2021 00:04:17.792,0.7042100000000001,0.7041100000000001,1,1.25
12.08.2021 00:04:20.154,0.7042200000000001,0.7041100000000001,1,1.69
12.08.2021 00:04:20.260,0.70423,0.70412,1,1
12.08.2021 00:04:23.568,0.70423,0.70414,1,1.69
12.08.2021 00:04:23.670,0.70425,0.70414,1,1
12.08.2021 00:04:42.733,0.70424,0.7041600000000001,1,1
12.08.2021 00:04:42.980,0.70425,0.70414,1,1
12.08.2021 00:04:46.254,0.7043,0.70419,2.75,1.5
12.08.2021 00:04:46.305,0.7043200000000001,0.7042100000000001,3.62,1.5
12.08.2021 00:04:46.406,0.70434,0.70425,1,1
12.08.2021 00:04:57.076,0.70435,0.7042600000000001,1.5,1
12.08.2021 00:04:57.218,0.70435,0.70424,1,1
12.08.2021 00:05:01.755,0.7043600000000001,0.70425,1.87,1
12.08.2021 00:05:12.189,0.70435,0.70424,1,1
12.08.2021 00:05:17.986,0.7043600000000001,0.70425,1,1
12.08.2021 00:05:18.858,0.70438,0.7042700000000001,1.5,1
12.08.2021 00:05:18.908,0.70435,0.7042600000000001,1,1.69
12.08.2021 00:05:24.206,0.70437,0.7042600000000001,1,1
12.08.2021 00:05:41.676,0.7043600000000001,0.7042600000000001,1,1
12.08.2021 00:05:49.524,0.70437,0.7042600000000001,1,1
12.08.2021 00:05:51.475,0.70444,0.7043600000000001,3.75,1.25
12.08.2021 00:05:51.527,0.7044800000000001,0.70439,1,1.25
12.08.2021 00:05:51.578,0.7045,0.70439,1,1.5
12.08.2021 00:05:51.628,0.7045100000000001,0.7044100000000001,1,1
12.08.2021 00:05:51.780,0.70452,0.70442,1,1
12.08.2021 00:05:51.881,0.7045300000000001,0.70443,1,1
12.08.2021 00:05:52.083,0.7045399999999999,0.70443,2.25,1
12.08.2021 00:05:52.184,0.7045300000000001,0.70443,1,1
12.08.2021 00:05:53.095,0.7044800000000001,0.70438,1.5,2
12.08.2021 00:05:53.196,0.7045100000000001,0.7044100000000001,1,1.25
12.08.2021 00:05:53.297,0.70452,0.7044100000000001,1,1
12.08.2021 00:05:53.399,0.7045100000000001,0.70443,1,1
12.08.2021 00:05:56.135,0.70447,0.70437,1,1.31
12.08.2021 00:05:56.236,0.7044600000000001,0.70435,1,1.75
12.08.2021 00:05:56.341,0.7044600000000001,0.70435,1,1.25
12.08.2021 00:05:56.594,0.70443,0.70434,1,1.5
12.08.2021 00:05:56.695,0.70444,0.70433,1,1.12
12.08.2021 00:05:57.532,0.70445,0.70434,1,1
12.08.2021 00:06:01.346,0.7044600000000001,0.70435,1,1
12.08.2021 00:06:32.384,0.70445,0.70435,1,1
12.08.2021 00:07:09.234,0.7044600000000001,0.70435,1,1.25
12.08.2021 00:07:09.335,0.7044600000000001,0.7043600000000001,1,1
12.08.2021 00:07:09.440,0.70447,0.70437,1,1
12.08.2021 00:07:09.541,0.70455,0.70443,2.15,1.75
12.08.2021 00:07:09.693,0.7045399999999999,0.7044600000000001,1.5,1
12.08.2021 00:07:09.794,0.7045399999999999,0.70445,1,1.25
12.08.2021 00:07:10.933,0.7045399999999999,0.70444,1,1.25
12.08.2021 00:07:24.268,0.70455,0.70444,1,1.25
12.08.2021 00:07:27.070,0.7045300000000001,0.70445,1,1.25
12.08.2021 00:07:34.044,0.70455,0.70444,1,1.25
12.08.2021 00:07:40.760,0.7045100000000001,0.7044,1,1.5
12.08.2021 00:07:40.811,0.7044800000000001,0.70437,3,1
12.08.2021 00:07:40.912,0.70449,0.70439,1,1
12.08.2021 00:07:41.014,0.7045,0.7044,1,1
12.08.2021 00:07:41.115,0.7045100000000001,0.7044100000000001,1.5,1
12.08.2021 00:07:41.216,0.7045300000000001,0.70445,1,1
12.08.2021 00:07:41.322,0.70455,0.70444,1.12,1
12.08.2021 00:07:46.217,0.7045600000000001,0.70445,1,1
12.08.2021 00:08:19.839,0.7045600000000001,0.7044600000000001,1,1
12.08.2021 00:08:31.920,0.7045600000000001,0.70445,1,1
12.08.2021 00:08:33.379,0.7045399999999999,0.7044600000000001,1,1
12.08.2021 00:08:35.528,0.7045600000000001,0.7044600000000001,1,1
12.08.2021 00:08:35.693,0.70455,0.70445,1,1
12.08.2021 00:09:07.562,0.70455,0.7044600000000001,1,1
12.08.2021 00:09:11.005,0.70455,0.70447,1,1
12.08.2021 00:09:11.107,0.7046100000000001,0.7045,1,2.5
12.08.2021 00:09:11.208,0.7046,0.7045100000000001,1,1
12.08.2021 00:09:12.090,0.7046100000000001,0.7045100000000001,1,1
12.08.2021 00:09:13.729,0.70462,0.7045100000000001,1.12,1
12.08.2021 00:09:14.036,0.7046,0.70452,1,1
12.08.2021 00:09:14.190,0.7045600000000001,0.7044600000000001,1,1
12.08.2021 00:09:14.291,0.7046,0.70449,1.5,1
12.08.2021 00:09:14.407,0.7046,0.70449,1,1
12.08.2021 00:09:15.336,0.7046100000000001,0.7045,1.12,1
12.08.2021 00:09:16.169,0.7046100000000001,0.7045100000000001,1.12,1
12.08.2021 00:09:16.575,0.70462,0.70452,1,1
12.08.2021 00:09:22.897,0.7046300000000001,0.70452,1.5,1
12.08.2021 00:09:30.633,0.70464,0.7045300000000001,2.25,1
12.08.2021 00:09:30.885,0.70465,0.7045399999999999,2.25,1
12.08.2021 00:09:32.005,0.70465,0.70455,1.5,1
12.08.2021 00:09:46.868,0.70464,0.7045300000000001,1,1
12.08.2021 00:09:51.205,0.7045800000000001,0.70447,1,2.94
12.08.2021 00:09:51.306,0.70459,0.7044800000000001,1,1.87
12.08.2021 00:09:51.458,0.70459,0.7045100000000001,1,1
12.08.2021 00:09:53.462,0.70462,0.7045100000000001,1,1
12.08.2021 00:09:53.564,0.7046300000000001,0.70452,1,1
12.08.2021 00:09:54.289,0.7046300000000001,0.7045399999999999,1,1
12.08.2021 00:09:57.855,0.7045600000000001,0.7044800000000001,1,1
12.08.2021 00:09:57.957,0.7045600000000001,0.7044600000000001,1,1
12.08.2021 00:09:58.574,0.70455,0.7044600000000001,1,1.12
12.08.2021 00:10:11.163,0.7045600000000001,0.7044600000000001,1,1
12.08.2021 00:10:11.265,0.7046,0.7045,2,1
12.08.2021 00:10:11.366,0.7046,0.70449,2,1.25
12.08.2021 00:10:11.468,0.7046,0.70452,1,1
12.08.2021 00:10:12.800,0.70462,0.7045300000000001,1,1
12.08.2021 00:10:12.850,0.70464,0.7045399999999999,1.5,1
12.08.2021 00:10:13.708,0.70465,0.7045399999999999,1.5,1
12.08.2021 00:10:15.404,0.70465,0.70455,1,1
12.08.2021 00:10:19.343,0.70462,0.7045399999999999,1,1.5
12.08.2021 00:10:24.268,0.7046300000000001,0.70455,1,1
12.08.2021 00:10:27.044,0.70457,0.70449,3,1
12.08.2021 00:10:27.145,0.70455,0.70447,1,1.5
12.08.2021 00:10:27.246,0.7045600000000001,0.70445,1,1.25
12.08.2021 00:10:46.220,0.70457,0.7045,1,1
12.08.2021 00:10:46.271,0.7046100000000001,0.7045,5,1
12.08.2021 00:10:46.387,0.7046100000000001,0.7045,3,1
12.08.2021 00:10:46.544,0.7046,0.7045,1,1
12.08.2021 00:10:47.579,0.7046100000000001,0.7045100000000001,1,1
12.08.2021 00:11:08.678,0.7046100000000001,0.7045,1,1
12.08.2021 00:11:08.780,0.7046100000000001,0.7045100000000001,1,1
12.08.2021 00:11:09.903,0.70462,0.7045100000000001,1,1
12.08.2021 00:11:11.614,0.7046300000000001,0.70452,1,1
12.08.2021 00:11:11.716,0.7046300000000001,0.7045300000000001,1,1
12.08.2021 00:11:15.190,0.7046300000000001,0.70452,1,1
12.08.2021 00:11:16.372,0.70462,0.70452,1,1
12.08.2021 00:11:16.663,0.7046100000000001,0.70452,1,1
12.08.2021 00:11:16.925,0.70462,0.70452,1,1
12.08.2021 00:11:17.278,0.70462,0.7045399999999999,1,1
12.08.2021 00:11:21.761,0.70464,0.7045300000000001,1,1
12.08.2021 00:11:21.862,0.70465,0.7045399999999999,1.5,1
12.08.2021 00:12:34.189,0.70464,0.7045399999999999,1,1
12.08.2021 00:12:43.366,0.70465,0.7045399999999999,1,1
12.08.2021 00:12:59.588,0.70465,0.70455,1,1
12.08.2021 00:13:21.616,0.7046600000000001,0.70455,2.62,1
12.08.2021 00:13:32.334,0.70469,0.7046,1,1
12.08.2021 00:13:32.436,0.7047,0.7046100000000001,1,1.69
12.08.2021 00:13:32.486,0.7047300000000001,0.70462,1.5,1.5
12.08.2021 00:13:32.537,0.70474,0.7046300000000001,1.72,1
12.08.2021 00:13:39.371,0.7046800000000001,0.70457,2.62,1
12.08.2021 00:13:50.101,0.70467,0.70457,1,1
12.08.2021 00:13:50.202,0.7046600000000001,0.7045600000000001,1,1
12.08.2021 00:13:50.304,0.70462,0.70452,1,1.5
12.08.2021 00:13:50.355,0.7045800000000001,0.70449,1.5,1
12.08.2021 00:13:50.406,0.7046,0.7045,1,1
12.08.2021 00:13:50.457,0.7045800000000001,0.7044800000000001,3,1
12.08.2021 00:13:50.558,0.70455,0.70447,1,1
12.08.2021 00:13:50.659,0.70455,0.70445,1,1.12
12.08.2021 00:13:54.240,0.70459,0.70449,1,1
12.08.2021 00:13:54.342,0.70462,0.70452,1.5,1
12.08.2021 00:13:54.443,0.70462,0.70452,1,1
12.08.2021 00:13:59.761,0.70462,0.7045399999999999,1,1
12.08.2021 00:14:00.921,0.70464,0.7045399999999999,1.5,1
12.08.2021 00:14:04.572,0.70465,0.7045399999999999,1.87,1
12.08.2021 00:14:12.723,0.70464,0.7045399999999999,1,1
12.08.2021 00:14:13.590,0.7046300000000001,0.7045399999999999,1,1
12.08.2021 00:14:13.693,0.70462,0.7045399999999999,1,1
12.08.2021 00:14:25.317,0.7046300000000001,0.70452,1,1
12.08.2021 00:14:27.251,0.7046300000000001,0.7045300000000001,1,1
12.08.2021 00:14:27.353,0.7046300000000001,0.70452,1.5,1
12.08.2021 00:14:30.695,0.70462,0.7045399999999999,1,1
12.08.2021 00:14:34.148,0.7046300000000001,0.7045399999999999,1,1.5
12.08.2021 00:14:36.903,0.70464,0.7045399999999999,1,1
12.08.2021 00:14:42.174,0.70465,0.7045399999999999,1,1
12.08.2021 00:14:43.252,0.70464,0.7045399999999999,1,1
12.08.2021 00:14:47.772,0.70464,0.7045300000000001,1,1
12.08.2021 00:14:55.942,0.70464,0.7045399999999999,1,1
12.08.2021 00:15:02.523,0.70467,0.7045600000000001,1,1.5
12.08.2021 00:15:02.574,0.70469,0.7045800000000001,2.62,1
12.08.2021 00:15:02.725,0.70472,0.7046100000000001,1.5,1
12.08.2021 00:15:02.826,0.70472,0.7046300000000001,1,1
12.08.2021 00:15:06.554,0.7046800000000001,0.7046,1,1
12.08.2021 00:15:06.706,0.7047,0.7046,1.5,1
12.08.2021 00:15:06.807,0.7047,0.70459,1.5,1
12.08.2021 00:15:12.157,0.7047100000000001,0.7046,1.5,1
12.08.2021 00:15:20.141,0.7047300000000001,0.70462,1.75,1
12.08.2021 00:15:20.243,0.7047300000000001,0.70462,1,1
12.08.2021 00:15:20.803,0.70474,0.7046300000000001,1,1
12.08.2021 00:15:50.352,0.7047300000000001,0.70462,1,1
12.08.2021 00:15:50.608,0.70467,0.70457,1,3.01
12.08.2021 00:15:50.658,0.70469,0.7045800000000001,1,1.12
12.08.2021 00:15:54.189,0.7047,0.70459,1,1
12.08.2021 00:15:58.832,0.7047,0.7046100000000001,1,1
12.08.2021 00:16:02.564,0.7047300000000001,0.70462,1,1
12.08.2021 00:16:08.813,0.70474,0.7046300000000001,1,1
12.08.2021 00:16:11.836,0.70475,0.7046300000000001,1.12,1
12.08.2021 00:16:12.943,0.70475,0.70464,1,1
12.08.2021 00:17:00.494,0.70474,0.7046600000000001,1,1
12.08.2021 00:17:02.408,0.70475,0.70464,1,1
12.08.2021 00:17:02.560,0.70474,0.70464,1,1
12.08.2021 00:17:10.936,0.70475,0.70464,1,1
12.08.2021 00:17:16.495,0.7046800000000001,0.70462,1,1
12.08.2021 00:17:16.546,0.7046800000000001,0.7045800000000001,1.5,1
12.08.2021 00:17:16.597,0.7046600000000001,0.70457,1.5,1
12.08.2021 00:17:16.648,0.7046600000000001,0.70455,1.5,1
12.08.2021 00:17:16.749,0.70464,0.70455,1,1
12.08.2021 00:17:16.850,0.70464,0.7045300000000001,1.5,1
12.08.2021 00:17:19.967,0.7046300000000001,0.70455,1.5,1
12.08.2021 00:17:21.670,0.70464,0.70455,1,1
12.08.2021 00:17:28.405,0.7046300000000001,0.70455,1,1
12.08.2021 00:17:28.549,0.70464,0.70455,1,1
12.08.2021 00:17:33.274,0.70465,0.7045600000000001,1,1
12.08.2021 00:17:33.325,0.7046800000000001,0.70459,1.75,1
12.08.2021 00:17:33.477,0.7047,0.70462,1,1
12.08.2021 00:17:33.579,0.7047100000000001,0.7046300000000001,1,1
12.08.2021 00:17:36.852,0.7047100000000001,0.7046100000000001,1,1
12.08.2021 00:17:39.788,0.7047100000000001,0.7046,1,1
12.08.2021 00:17:49.132,0.7047300000000001,0.70462,1,1
12.08.2021 00:17:50.107,0.70474,0.7046300000000001,1,1
12.08.2021 00:18:03.999,0.70475,0.70464,1,1
12.08.2021 00:18:16.123,0.70474,0.70464,1,1
12.08.2021 00:18:24.660,0.70474,0.7046300000000001,1,1
12.08.2021 00:18:44.415,0.7047300000000001,0.70462,1,1
12.08.2021 00:19:06.888,0.70472,0.70464,1,1.25
12.08.2021 00:19:11.971,0.7047300000000001,0.70462,1,2.44
12.08.2021 00:19:16.378,0.7047300000000001,0.70462,1,2.5
12.08.2021 00:19:42.055,0.7047300000000001,0.70464,1,1.5
12.08.2021 00:20:00.131,0.7047300000000001,0.70465,1,1
12.08.2021 00:20:17.673,0.70475,0.70464,1.5,1.5
12.08.2021 00:20:19.137,0.70476,0.70465,1.5,1
12.08.2021 00:20:32.109,0.70476,0.7046600000000001,1,1
12.08.2021 00:20:37.432,0.70476,0.70465,1,1
12.08.2021 00:20:52.129,0.70475,0.70465,1,1
12.08.2021 00:21:08.588,0.70474,0.70465,1,2.44
12.08.2021 00:21:08.751,0.70474,0.7046300000000001,1,1.25
12.08.2021 00:21:08.852,0.7047300000000001,0.70462,1,1.87
12.08.2021 00:21:12.893,0.70472,0.7046300000000001,2,1.5
12.08.2021 00:21:12.994,0.70464,0.70455,1,1.5
12.08.2021 00:21:13.096,0.7046100000000001,0.7045,1.5,1.37
12.08.2021 00:21:13.146,0.70459,0.70449,1,1.12
12.08.2021 00:21:13.247,0.7045800000000001,0.70449,1,1.25
12.08.2021 00:21:15.606,0.7045300000000001,0.70445,1,1.25
12.08.2021 00:21:25.253,0.7045399999999999,0.70445,1,1.69
12.08.2021 00:22:03.126,0.70455,0.70445,1,1
12.08.2021 00:22:17.178,0.7045399999999999,0.70444,1,1
12.08.2021 00:22:18.245,0.7045399999999999,0.70443,1,1.5
12.08.2021 00:22:38.353,0.70455,0.70444,1,1
12.08.2021 00:23:09.225,0.70455,0.70445,1,1
12.08.2021 00:23:36.188,0.70455,0.7044600000000001,1,1
12.08.2021 00:23:58.598,0.70455,0.70444,1,1.69
12.08.2021 00:24:13.867,0.7045399999999999,0.70443,1,1
12.08.2021 00:24:16.369,0.7045300000000001,0.70442,1,2.25
12.08.2021 00:24:30.175,0.70452,0.70444,1,1
12.08.2021 00:25:10.731,0.70452,0.70443,1,1
12.08.2021 00:25:19.624,0.7045300000000001,0.70443,1,1
12.08.2021 00:25:34.708,0.7045300000000001,0.70442,1,1.5
12.08.2021 00:25:46.200,0.70449,0.70438,1.12,1.87
12.08.2021 00:25:46.302,0.70447,0.70438,1,3.19
12.08.2021 00:25:46.412,0.70447,0.7043600000000001,1,1.75
12.08.2021 00:26:04.688,0.7044600000000001,0.7043600000000001,1,1.75
12.08.2021 00:26:11.574,0.7044600000000001,0.70439,1,1
12.08.2021 00:26:11.625,0.7045100000000001,0.70442,1.12,1.25
12.08.2021 00:26:14.680,0.7045100000000001,0.70443,1,1.5
12.08.2021 00:26:14.882,0.7045300000000001,0.70443,1,1.25
12.08.2021 00:26:14.984,0.7045399999999999,0.70443,1,1.25
12.08.2021 00:26:15.491,0.70455,0.70444,1,1.25
12.08.2021 00:26:20.919,0.7045399999999999,0.7044600000000001,1,1
12.08.2021 00:26:45.809,0.70455,0.70444,1,1.25
12.08.2021 00:26:51.659,0.7045399999999999,0.70444,1,1
12.08.2021 00:27:02.916,0.7045399999999999,0.70443,1,1.5
12.08.2021 00:27:30.241,0.70449,0.70442,1.5,1
12.08.2021 00:27:30.292,0.70447,0.70437,1,1.5
12.08.2021 00:27:30.343,0.70445,0.7043600000000001,1.25,1
12.08.2021 00:27:30.444,0.70444,0.70434,1,1.12
12.08.2021 00:27:31.514,0.70443,0.70434,1,1
12.08.2021 00:27:34.806,0.70443,0.70433,1.75,1
12.08.2021 00:27:34.907,0.70442,0.7043200000000001,1,1
12.08.2021 00:27:38.095,0.70443,0.7043200000000001,1,1.5
12.08.2021 00:27:42.066,0.70442,0.7043200000000001,1,1
12.08.2021 00:27:42.167,0.70442,0.70433,1.25,1.5
12.08.2021 00:27:42.319,0.70442,0.7043200000000001,1,1.5
12.08.2021 00:27:44.706,0.70443,0.7043200000000001,1,1.5
12.08.2021 00:28:07.485,0.70442,0.7043200000000001,1,1
12.08.2021 00:28:07.536,0.7044,0.70429,1,1
12.08.2021 00:28:07.587,0.70438,0.70428,1,1.12
12.08.2021 00:28:07.688,0.7043600000000001,0.70425,1,1.5
12.08.2021 00:28:07.739,0.70435,0.70425,1,1
12.08.2021 00:28:07.840,0.70435,0.70424,1,1.5
12.08.2021 00:28:08.012,0.70437,0.70428,1,1.5
12.08.2021 00:28:08.113,0.7044,0.7043100000000001,1,1
12.08.2021 00:28:08.214,0.7044100000000001,0.7043100000000001,1,1.5
12.08.2021 00:28:08.416,0.70442,0.70433,1,1
12.08.2021 00:28:12.217,0.70443,0.70433,1,1
12.08.2021 00:28:12.470,0.70444,0.70433,1.25,1.5
12.08.2021 00:28:13.390,0.70444,0.70434,1.25,1
12.08.2021 00:28:20.913,0.70444,0.70433,1,1.5
12.08.2021 00:28:41.359,0.70444,0.70435,1.25,1
12.08.2021 00:28:58.517,0.70444,0.70434,1.25,1
12.08.2021 00:28:58.978,0.70444,0.70434,1.75,1
12.08.2021 00:28:59.029,0.70443,0.7043200000000001,1.25,1
12.08.2021 00:29:00.639,0.70443,0.70433,1.25,1.5
12.08.2021 00:29:00.740,0.70444,0.70433,1.69,1
12.08.2021 00:29:00.940,0.70444,0.70434,1,1
12.08.2021 00:29:01.614,0.70445,0.70434,1.69,1
12.08.2021 00:29:33.461,0.70444,0.70433,1.25,1
12.08.2021 00:29:36.704,0.70444,0.70434,1.25,1
12.08.2021 00:29:40.232,0.70445,0.70434,1.25,1
12.08.2021 00:29:40.448,0.70445,0.70434,3.25,1
12.08.2021 00:29:40.549,0.70443,0.70434,1.25,1
12.08.2021 00:29:42.234,0.70442,0.70433,1,1
12.08.2021 00:29:43.011,0.70442,0.7043100000000001,1,1
12.08.2021 00:29:43.112,0.7044100000000001,0.7043,1,1
12.08.2021 00:29:43.213,0.7044,0.70429,1,2.25
12.08.2021 00:29:44.523,0.70439,0.70429,1,1
12.08.2021 00:29:44.625,0.70437,0.70428,1,2.25
12.08.2021 00:29:50.401,0.7044,0.70429,1,1
12.08.2021 00:29:50.503,0.70442,0.7043200000000001,1.12,1
12.08.2021 00:29:50.938,0.70442,0.70433,1,1
12.08.2021 00:29:51.039,0.70443,0.70433,1,1
12.08.2021 00:29:52.388,0.70444,0.70433,1,1.5
12.08.2021 00:30:01.787,0.7044100000000001,0.7043200000000001,1,1.5
12.08.2021 00:30:01.888,0.7044100000000001,0.7043,1,1
12.08.2021 00:30:07.958,0.7044100000000001,0.7043,1.25,1.5
12.08.2021 00:30:08.179,0.7044,0.70429,1,1.5
12.08.2021 00:30:18.400,0.7043600000000001,0.70425,1,1.87
12.08.2021 00:30:18.602,0.7043600000000001,0.70424,1,1.5
12.08.2021 00:30:27.262,0.70434,0.70425,1,1.5
12.08.2021 00:30:39.225,0.70435,0.7042600000000001,1,1
12.08.2021 00:30:43.743,0.70437,0.7042600000000001,1.69,1
12.08.2021 00:30:50.045,0.70437,0.70425,1.69,1
12.08.2021 00:31:01.475,0.70437,0.70428,2.06,1
12.08.2021 00:31:01.627,0.70439,0.70428,1.75,1
12.08.2021 00:31:01.741,0.70439,0.70428,1.25,1
12.08.2021 00:31:04.640,0.70443,0.7043100000000001,3.25,1.5
12.08.2021 00:31:04.741,0.70442,0.7043,1.75,1
12.08.2021 00:31:04.920,0.70439,0.7043,1,1
12.08.2021 00:31:16.261,0.7044100000000001,0.70429,1,1
12.08.2021 00:31:16.362,0.70442,0.7043,1.25,1.5
12.08.2021 00:31:19.846,0.70443,0.7043200000000001,1,1
12.08.2021 00:31:19.948,0.70444,0.70433,1.25,1.5
12.08.2021 00:31:20.796,0.70444,0.70434,1.31,1.5
12.08.2021 00:31:21.119,0.7044600000000001,0.70434,2.5,1
12.08.2021 00:31:21.221,0.70445,0.7043600000000001,1.25,1
12.08.2021 00:31:21.323,0.7044600000000001,0.70437,2.87,1
12.08.2021 00:31:21.962,0.7044600000000001,0.70435,1.25,1
12.08.2021 00:31:37.653,0.70447,0.70435,1.69,1
12.08.2021 00:32:00.216,0.70447,0.70435,3.25,1.5
12.08.2021 00:32:00.318,0.70445,0.70435,1.75,1
12.08.2021 00:32:01.619,0.70445,0.70435,1.25,1
12.08.2021 00:32:08.383,0.70445,0.7043600000000001,1.25,1
12.08.2021 00:32:08.484,0.70445,0.70434,1.25,1.5
12.08.2021 00:32:14.401,0.7044600000000001,0.70435,1.75,1
12.08.2021 00:32:19.128,0.7044600000000001,0.70435,1.25,1
12.08.2021 00:32:19.771,0.70447,0.70437,1.25,1
12.08.2021 00:32:20.895,0.70447,0.7043600000000001,1.75,1
12.08.2021 00:32:37.646,0.7044800000000001,0.70437,1.75,1
12.08.2021 00:32:42.340,0.70449,0.70439,1.69,1
12.08.2021 00:32:42.441,0.7045,0.70439,1,1
12.08.2021 00:32:42.543,0.7045100000000001,0.7044,1,1
12.08.2021 00:32:43.384,0.7045100000000001,0.70442,1.5,1
12.08.2021 00:32:44.719,0.70452,0.70442,2.25,1
12.08.2021 00:32:48.187,0.70455,0.70444,1.5,1
12.08.2021 00:32:48.288,0.7045600000000001,0.70445,2.62,1
12.08.2021 00:33:11.410,0.70455,0.7044600000000001,1,1.5
12.08.2021 00:33:11.588,0.7045600000000001,0.70445,1,1
12.08.2021 00:33:15.533,0.7045600000000001,0.70447,1,3.94
12.08.2021 00:33:15.634,0.70462,0.7045100000000001,1.5,1.5
12.08.2021 00:33:15.685,0.7046300000000001,0.70452,1,1
12.08.2021 00:33:15.786,0.70464,0.70452,1.87,1
12.08.2021 00:33:15.887,0.7046300000000001,0.7045100000000001,1.87,1
12.08.2021 00:33:16.140,0.70462,0.7045,1,1
12.08.2021 00:33:18.097,0.7046100000000001,0.70449,1,1.5
12.08.2021 00:33:37.649,0.7046,0.7045100000000001,1,1
12.08.2021 00:33:46.979,0.70462,0.7045100000000001,1,1
12.08.2021 00:33:51.605,0.70462,0.7045,1,1.5
12.08.2021 00:34:06.764,0.70462,0.7045100000000001,1,1
12.08.2021 00:34:14.532,0.70462,0.7045100000000001,1,1.5
12.08.2021 00:34:14.737,0.70462,0.7045100000000001,1,1
12.08.2021 00:34:16.638,0.7046,0.7045100000000001,2,1.25
12.08.2021 00:34:16.840,0.7046100000000001,0.7045,1,1
12.08.2021 00:34:21.216,0.7046100000000001,0.70452,1,1
12.08.2021 00:34:42.672,0.7046100000000001,0.7045,1,1
12.08.2021 00:35:02.417,0.7046,0.70449,1,1.69
12.08.2021 00:35:02.518,0.70455,0.7044600000000001,1,1.12
12.08.2021 00:35:02.619,0.70455,0.70444,1,3.62
12.08.2021 00:35:05.775,0.7045399999999999,0.70444,1,2.5
12.08.2021 00:35:06.168,0.70455,0.70444,1,4
12.08.2021 00:35:06.422,0.7045,0.7044100000000001,1,3.37
12.08.2021 00:35:06.523,0.7044800000000001,0.70438,1,1
12.08.2021 00:35:06.625,0.70445,0.70435,1,1.5
12.08.2021 00:35:06.726,0.70444,0.70434,1,1.25
12.08.2021 00:35:19.422,0.70445,0.70438,1,1.25
12.08.2021 00:35:19.523,0.7045,0.70439,1.5,1
12.08.2021 00:35:23.842,0.7044800000000001,0.70439,1,1.69
12.08.2021 00:35:26.125,0.7044800000000001,0.70438,1,1.25
12.08.2021 00:35:28.627,0.70449,0.70438,1,1.69
12.08.2021 00:35:31.733,0.70447,0.70439,1,1.25
12.08.2021 00:35:33.534,0.70447,0.70438,1,1.25
12.08.2021 00:35:43.748,0.70444,0.7043600000000001,1,1
12.08.2021 00:35:43.850,0.70444,0.70434,1,1.25
12.08.2021 00:35:44.922,0.7044100000000001,0.70433,1,1.12
12.08.2021 00:35:45.023,0.7044,0.7043200000000001,1,2.87
12.08.2021 00:35:45.226,0.70437,0.7042700000000001,1,1.5
12.08.2021 00:35:45.277,0.70433,0.7042600000000001,1,2.06
12.08.2021 00:35:48.797,0.70433,0.70424,1,1.75
12.08.2021 00:35:52.178,0.70433,0.70423,1,1.25
12.08.2021 00:36:02.161,0.7043200000000001,0.70423,1,1.25
12.08.2021 00:36:18.345,0.70433,0.70423,1,1.25
12.08.2021 00:36:22.314,0.7043200000000001,0.70423,1,1.25
12.08.2021 00:36:50.040,0.70433,0.70423,1,1.25
12.08.2021 00:36:57.655,0.7043200000000001,0.7042100000000001,1,2.06
12.08.2021 00:37:03.189,0.7043100000000001,0.7042100000000001,1,1.31
12.08.2021 00:37:05.331,0.70429,0.70418,1,3
12.08.2021 00:37:05.432,0.70428,0.70417,1,1.25
12.08.2021 00:37:05.533,0.7042700000000001,0.7041600000000001,1,2.5
12.08.2021 00:37:11.563,0.70425,0.70417,1,2.5
12.08.2021 00:37:17.110,0.7042700000000001,0.70418,1,2.5
12.08.2021 00:37:17.212,0.7042700000000001,0.70419,1,2.5
12.08.2021 00:37:17.475,0.70429,0.70419,1,1.75
12.08.2021 00:37:18.695,0.7043,0.7042,1.5,1.25
12.08.2021 00:37:32.409,0.70429,0.70419,1,1.37
12.08.2021 00:37:36.412,0.70429,0.70418,1,2.25
12.08.2021 00:37:36.513,0.7042700000000001,0.70418,1,1.25
12.08.2021 00:37:37.013,0.7042600000000001,0.70418,1,1.25
12.08.2021 00:37:38.139,0.70424,0.70413,1,1.31
12.08.2021 00:37:38.241,0.70423,0.70413,1,1.31
12.08.2021 00:37:43.399,0.7042200000000001,0.70412,1,1.25
12.08.2021 00:38:01.911,0.70423,0.70413,1,1.25
12.08.2021 00:38:02.012,0.70423,0.70413,1,1.75
12.08.2021 00:38:03.701,0.70424,0.70413,1,1.25
12.08.2021 00:38:05.842,0.7042200000000001,0.70412,1,2.87
12.08.2021 00:38:27.460,0.70423,0.70412,1,3.62
12.08.2021 00:38:34.162,0.7042200000000001,0.70412,1,3.62
12.08.2021 00:38:49.738,0.70423,0.70414,1,1.75
12.08.2021 00:38:49.789,0.70425,0.70415,1,1.25
12.08.2021 00:38:50.016,0.70424,0.7041600000000001,1,1.25
12.08.2021 00:39:01.980,0.70423,0.70413,1,1.25
12.08.2021 00:39:14.414,0.70424,0.70414,1,2.5
12.08.2021 00:39:14.515,0.70425,0.7041600000000001,1,1
12.08.2021 00:39:14.616,0.70425,0.70417,1,1
12.08.2021 00:39:14.860,0.7042600000000001,0.70415,1,1.69
12.08.2021 00:39:18.983,0.7042600000000001,0.70415,1,2.5
12.08.2021 00:39:20.287,0.7042600000000001,0.7041600000000001,1,2.5
12.08.2021 00:39:21.594,0.7042700000000001,0.70417,1,1.25
12.08.2021 00:39:33.947,0.7042600000000001,0.7041600000000001,1,1.75
12.08.2021 00:40:04.655,0.7042600000000001,0.70418,1,1.25
12.08.2021 00:40:04.807,0.7042600000000001,0.7041600000000001,1,1.75
12.08.2021 00:40:05.074,0.7042700000000001,0.7041600000000001,1,1.75
12.08.2021 00:40:09.556,0.7042600000000001,0.7041600000000001,1,1.25
12.08.2021 00:40:20.592,0.7042600000000001,0.7041600000000001,1,1.5
12.08.2021 00:40:27.485,0.7042600000000001,0.7041600000000001,1,2.5
12.08.2021 00:40:27.586,0.7042700000000001,0.7041600000000001,1,2.5
12.08.2021 00:40:36.291,0.7042700000000001,0.70419,1,1.25
12.08.2021 00:40:36.393,0.70428,0.70418,1,1.75
12.08.2021 00:40:36.494,0.70429,0.70418,1,1.75
12.08.2021 00:40:52.099,0.7042700000000001,0.70418,1,1.25
12.08.2021 00:40:52.705,0.7042700000000001,0.70418,1,1
12.08.2021 00:40:52.806,0.7042700000000001,0.70417,1,1
12.08.2021 00:40:52.921,0.7042700000000001,0.7041600000000001,1,2.06
12.08.2021 00:41:00.053,0.7042600000000001,0.7041600000000001,1,1.69
12.08.2021 00:41:13.015,0.70424,0.70413,1,1.12
12.08.2021 00:41:13.117,0.70423,0.70412,1,2
12.08.2021 00:41:13.219,0.70423,0.70412,1,1.5
12.08.2021 00:41:13.370,0.7042200000000001,0.70412,1,1.5
12.08.2021 00:41:26.198,0.7042200000000001,0.7041100000000001,1,2.62
12.08.2021 00:41:26.672,0.7042200000000001,0.70412,1,1
12.08.2021 00:41:45.656,0.70425,0.70413,2.25,1.5
12.08.2021 00:41:45.818,0.7042200000000001,0.70412,1,1
12.08.2021 00:41:57.841,0.70425,0.70415,1,1
12.08.2021 00:41:57.993,0.70425,0.70414,1,1
12.08.2021 00:41:58.144,0.70423,0.70413,1,1.5
12.08.2021 00:42:00.631,0.70423,0.70412,1,2.62
12.08.2021 00:42:03.480,0.7042200000000001,0.70412,1,1.87
12.08.2021 00:42:28.733,0.7042200000000001,0.70413,1,1.5
12.08.2021 00:42:28.908,0.7042200000000001,0.70412,1,1.5
12.08.2021 00:42:29.769,0.7042100000000001,0.7041100000000001,1,1.87
12.08.2021 00:42:30.723,0.70419,0.7041100000000001,1,2
12.08.2021 00:42:32.943,0.70418,0.70407,1,1.5
12.08.2021 00:42:33.044,0.70417,0.7040500000000001,1,1.5
12.08.2021 00:42:33.145,0.70415,0.7040500000000001,1.5,1
12.08.2021 00:42:33.196,0.7041100000000001,0.70403,1,1.12
12.08.2021 00:42:33.851,0.7041100000000001,0.70402,1,1
12.08.2021 00:42:35.477,0.7041100000000001,0.70403,1,1
12.08.2021 00:42:52.761,0.70413,0.70403,1,1
12.08.2021 00:43:20.104,0.7041100000000001,0.70403,1,1.5
12.08.2021 00:43:24.210,0.70413,0.70402,1,1
12.08.2021 00:43:31.014,0.70412,0.70402,1,1
12.08.2021 00:43:35.860,0.7041100000000001,0.70401,1,1.87
12.08.2021 00:43:48.188,0.7041000000000001,0.70401,1,1
12.08.2021 00:43:55.782,0.7041000000000001,0.7040000000000001,1,1.87
12.08.2021 00:43:56.436,0.70409,0.7040000000000001,1,1.12
12.08.2021 00:43:59.802,0.7041000000000001,0.7040000000000001,1,1.12
12.08.2021 00:43:59.954,0.7041100000000001,0.70401,1,1
12.08.2021 00:44:41.862,0.7041000000000001,0.70401,1,1
12.08.2021 00:45:01.175,0.7041000000000001,0.7040000000000001,1,2.62
12.08.2021 00:45:33.895,0.70409,0.70399,1,4.25
12.08.2021 00:45:39.217,0.7041000000000001,0.7040000000000001,1,2.81
12.08.2021 00:46:14.544,0.70408,0.70396,1.5,1.5
12.08.2021 00:46:14.647,0.70406,0.7039500000000001,1.5,1.5
12.08.2021 00:46:14.749,0.70401,0.70392,1,1.12
12.08.2021 00:46:15.205,0.7040000000000001,0.70391,1,1.5
12.08.2021 00:46:15.536,0.7040000000000001,0.70391,1,1
12.08.2021 00:46:15.647,0.70398,0.70391,1,1.87
12.08.2021 00:46:17.372,0.70399,0.70391,1,1.87
12.08.2021 00:46:17.474,0.7040000000000001,0.70391,1,1
12.08.2021 00:46:30.071,0.70403,0.7039300000000001,1.5,1
12.08.2021 00:46:30.250,0.70401,0.70392,1,1
12.08.2021 00:46:30.994,0.7040000000000001,0.70391,1,1
12.08.2021 00:46:33.131,0.7040000000000001,0.7039000000000001,1,1.87
12.08.2021 00:46:54.698,0.70396,0.7038800000000001,1,1.25
12.08.2021 00:46:54.749,0.70396,0.70386,1,1
12.08.2021 00:46:55.253,0.7039500000000001,0.70386,1,1
12.08.2021 00:47:02.367,0.70398,0.70391,1,1
12.08.2021 00:47:02.950,0.70396,0.70386,1,1
12.08.2021 00:47:03.051,0.7039500000000001,0.70386,1,1
12.08.2021 00:47:07.480,0.70396,0.70389,1,3.19
12.08.2021 00:47:08.046,0.7039500000000001,0.7038800000000001,1,1.5
12.08.2021 00:47:11.383,0.7039500000000001,0.70386,1,1
12.08.2021 00:47:14.831,0.7039300000000001,0.70386,1,1
12.08.2021 00:47:14.932,0.70391,0.70382,1,1
12.08.2021 00:47:17.511,0.70389,0.7038300000000001,1,1
12.08.2021 00:47:19.201,0.70391,0.70382,1,1
12.08.2021 00:47:29.502,0.7039000000000001,0.70381,1,1
12.08.2021 00:47:42.527,0.70387,0.7037800000000001,1,1
12.08.2021 00:47:42.628,0.70386,0.70377,1,1
12.08.2021 00:47:49.404,0.70384,0.70377,1,1
12.08.2021 00:47:49.659,0.70386,0.70377,1,1
12.08.2021 00:48:06.776,0.7039000000000001,0.70381,1,1
12.08.2021 00:48:06.877,0.7038800000000001,0.70381,1,1.5
12.08.2021 00:48:07.079,0.7038800000000001,0.70379,1,1
12.08.2021 00:48:08.915,0.70387,0.7037800000000001,1,1.5
12.08.2021 00:48:09.582,0.70386,0.70377,1,1
12.08.2021 00:48:17.131,0.70386,0.70379,1,1
12.08.2021 00:48:31.732,0.7038800000000001,0.70379,1,1
12.08.2021 00:48:36.189,0.70387,0.7037800000000001,1,1
12.08.2021 00:48:36.290,0.70387,0.70379,1,1.5
12.08.2021 00:48:36.391,0.7038800000000001,0.70379,1,2.62
12.08.2021 00:48:36.542,0.70386,0.70377,1,1
12.08.2021 00:48:38.384,0.70387,0.7037800000000001,1,1
12.08.2021 00:48:42.180,0.7038800000000001,0.70379,1,1
12.08.2021 00:48:47.886,0.70387,0.7037800000000001,1,1
12.08.2021 00:49:10.025,0.70386,0.70377,1,1.5
12.08.2021 00:49:13.258,0.7038500000000001,0.70375,1,1.5
12.08.2021 00:49:13.309,0.70382,0.70375,1,1
12.08.2021 00:49:13.360,0.70384,0.70376,1,1
12.08.2021 00:49:13.411,0.7038300000000001,0.70374,1,1
12.08.2021 00:49:13.512,0.70382,0.7037300000000001,1,1.5
12.08.2021 00:49:27.895,0.70382,0.70372,1,1
12.08.2021 00:49:27.996,0.70381,0.70372,1,1
12.08.2021 00:49:37.610,0.70382,0.7037300000000001,1,1
12.08.2021 00:49:38.330,0.7038300000000001,0.70374,1,1
12.08.2021 00:49:53.905,0.70382,0.7037300000000001,1,1
12.08.2021 00:49:58.530,0.7038300000000001,0.70374,1,1
12.08.2021 00:50:00.570,0.70386,0.70377,1,1
12.08.2021 00:50:00.672,0.7038500000000001,0.70377,1,1
12.08.2021 00:50:01.762,0.7038500000000001,0.70376,1,1
12.08.2021 00:50:05.047,0.7038300000000001,0.70376,1,1
12.08.2021 00:50:15.901,0.70384,0.70375,1,1.5
12.08.2021 00:50:15.952,0.7038800000000001,0.7037800000000001,1,1
12.08.2021 00:50:16.057,0.70387,0.70377,1,1
12.08.2021 00:50:19.567,0.70387,0.7037800000000001,1,1
12.08.2021 00:50:21.419,0.70386,0.7037800000000001,1,1
12.08.2021 00:50:21.838,0.7039000000000001,0.7038,1,1.5
12.08.2021 00:50:29.332,0.7039000000000001,0.70381,1,1
12.08.2021 00:50:35.616,0.70391,0.70381,1,1
12.08.2021 00:50:38.314,0.7039300000000001,0.70384,1,1.5
12.08.2021 00:50:38.415,0.70398,0.70389,1.5,1
12.08.2021 00:50:38.516,0.7039500000000001,0.7038800000000001,1,1.69
12.08.2021 00:50:43.529,0.70396,0.7038800000000001,1,1.69
12.08.2021 00:50:51.363,0.70398,0.7039000000000001,1,2.44
12.08.2021 00:50:51.465,0.7040000000000001,0.70392,1,1
12.08.2021 00:50:51.908,0.7040000000000001,0.70391,1,1
12.08.2021 00:51:05.308,0.70398,0.7038800000000001,1,1.5
12.08.2021 00:51:05.409,0.70396,0.70386,1,1
12.08.2021 00:51:08.736,0.70396,0.7038500000000001,1,2.44
12.08.2021 00:51:16.478,0.7039500000000001,0.7038500000000001,1,2.44
12.08.2021 00:51:26.201,0.7039500000000001,0.70384,1,1.69
12.08.2021 00:51:26.302,0.70392,0.70382,1,1.31
12.08.2021 00:51:26.403,0.70391,0.70381,1,4
12.08.2021 00:51:26.505,0.70391,0.70381,1,3.19
12.08.2021 00:51:31.564,0.70391,0.70381,1,4
12.08.2021 00:51:32.393,0.70392,0.70381,1,4
12.08.2021 00:51:40.968,0.70391,0.70381,1,3.62
12.08.2021 00:51:41.069,0.7039000000000001,0.70382,1,2.81
12.08.2021 00:52:05.365,0.70392,0.70381,1,1.5
12.08.2021 00:52:07.530,0.70392,0.70382,1,1
12.08.2021 00:52:26.095,0.70391,0.70382,1,1
12.08.2021 00:52:47.972,0.7038800000000001,0.7037800000000001,1,2.44
12.08.2021 00:52:48.336,0.70386,0.7037800000000001,1,1
12.08.2021 00:52:48.437,0.7038500000000001,0.70376,1,4.75
12.08.2021 00:52:49.685,0.7038500000000001,0.70375,1,1.25
12.08.2021 00:52:52.103,0.7038500000000001,0.70376,1,3
12.08.2021 00:53:05.654,0.7038500000000001,0.70376,1,1
12.08.2021 00:53:11.119,0.7038800000000001,0.70379,1,2.25
12.08.2021 00:53:12.240,0.70389,0.70379,1,2.06
12.08.2021 00:53:17.264,0.70389,0.7038,1,1
12.08.2021 00:53:18.365,0.70389,0.70379,1,3.94
12.08.2021 00:53:23.190,0.70389,0.70379,1,4.06
12.08.2021 00:53:29.292,0.70389,0.7038,1,1.37
12.08.2021 00:53:29.343,0.70391,0.70384,1,1
12.08.2021 00:53:37.451,0.7039300000000001,0.7038300000000001,1,1
12.08.2021 00:53:40.394,0.7039300000000001,0.70382,1,1.69
12.08.2021 00:53:40.495,0.70392,0.70382,1,1.25
12.08.2021 00:53:44.438,0.7039300000000001,0.70382,1,2.44
12.08.2021 00:53:44.540,0.7039300000000001,0.7038300000000001,1,1
12.08.2021 00:53:44.691,0.7039300000000001,0.7038500000000001,1,1
12.08.2021 00:53:44.793,0.70398,0.70387,1.12,1.69
12.08.2021 00:53:46.052,0.70397,0.70387,1,1
12.08.2021 00:53:50.045,0.70397,0.70386,1,1
12.08.2021 00:53:51.656,0.70399,0.70389,1,1
12.08.2021 00:53:51.757,0.7040000000000001,0.7039000000000001,1,1
12.08.2021 00:53:51.858,0.70401,0.70391,1,1
12.08.2021 00:53:54.402,0.70401,0.70392,1,1
12.08.2021 00:53:55.985,0.70403,0.70392,1,1.5
12.08.2021 00:54:04.423,0.70402,0.70392,1,1
12.08.2021 00:54:07.178,0.70401,0.70391,1,2.44
12.08.2021 00:54:07.229,0.70399,0.7039000000000001,1,1
12.08.2021 00:54:07.279,0.70396,0.7038800000000001,1,1.12
12.08.2021 00:54:07.431,0.70397,0.70386,1,1.69
12.08.2021 00:54:11.885,0.7039500000000001,0.70386,1,1
12.08.2021 00:54:14.018,0.70396,0.70386,1,1
12.08.2021 00:54:17.179,0.70397,0.70386,1,1.5
12.08.2021 00:54:26.944,0.70401,0.70391,1,1
12.08.2021 00:54:27.045,0.70402,0.70391,1,1
12.08.2021 00:54:28.313,0.70403,0.70392,1,1.5
12.08.2021 00:54:34.889,0.70402,0.70394,1,1
12.08.2021 00:54:39.018,0.7040500000000001,0.70394,1,1
12.08.2021 00:54:39.119,0.70404,0.70396,1,1
12.08.2021 00:54:41.264,0.70402,0.7039500000000001,1,1
12.08.2021 00:54:49.683,0.7041000000000001,0.70399,1.5,1.5
12.08.2021 00:54:49.735,0.7041000000000001,0.70402,1,1
12.08.2021 00:54:49.836,0.7041100000000001,0.70402,1,1
12.08.2021 00:54:54.485,0.70408,0.7040000000000001,1,1
12.08.2021 00:54:54.637,0.70407,0.70399,1,1
12.08.2021 00:54:54.689,0.70406,0.70397,1,1
12.08.2021 00:54:54.791,0.70404,0.70396,1,1
12.08.2021 00:54:59.251,0.70403,0.7039500000000001,1,1
12.08.2021 00:54:59.352,0.70403,0.7039300000000001,1,1
12.08.2021 00:54:59.942,0.70408,0.70399,1,1
12.08.2021 00:55:00.043,0.70408,0.7040000000000001,1,1
12.08.2021 00:55:00.144,0.70408,0.70398,1,1
12.08.2021 00:55:00.499,0.70408,0.70397,1,1.5
12.08.2021 00:55:01.049,0.7041100000000001,0.70401,1,1
12.08.2021 00:55:01.151,0.70412,0.70401,1.12,1
12.08.2021 00:55:14.658,0.70412,0.70402,1,1
12.08.2021 00:55:20.595,0.70413,0.70402,1,1.25
12.08.2021 00:55:20.765,0.70413,0.7040500000000001,1,1
12.08.2021 00:55:20.867,0.70415,0.70407,1,1
12.08.2021 00:55:20.968,0.70417,0.70406,1,1
12.08.2021 00:55:21.289,0.70418,0.70406,1.12,2.25
12.08.2021 00:55:26.882,0.70419,0.70408,1,1
12.08.2021 00:55:34.741,0.7042,0.70409,1,1
12.08.2021 00:55:42.852,0.7042,0.70408,1,1
12.08.2021 00:55:44.937,0.70419,0.70407,1,1
12.08.2021 00:55:49.547,0.70418,0.70406,1,2.25
12.08.2021 00:55:52.431,0.70417,0.70406,1,1.5
12.08.2021 00:55:58.766,0.70417,0.70407,1,1.5
12.08.2021 00:56:14.605,0.70418,0.70406,1,2
12.08.2021 00:56:14.808,0.70418,0.70406,1,1.5
12.08.2021 00:56:33.796,0.70418,0.70406,1.62,1
12.08.2021 00:56:34.735,0.70418,0.70406,1,1
12.08.2021 00:56:40.344,0.70417,0.70406,1,1
12.08.2021 00:56:40.395,0.7041600000000001,0.70403,1,1.5
12.08.2021 00:56:40.946,0.70415,0.70403,1,1
12.08.2021 00:56:42.467,0.70415,0.70402,1,2.81
12.08.2021 00:56:42.575,0.7041600000000001,0.70403,1,1
12.08.2021 00:56:47.213,0.70415,0.70402,1,2.81
12.08.2021 00:56:58.603,0.70414,0.70402,1,1.5
12.08.2021 00:56:58.999,0.70415,0.70402,1,2.25
12.08.2021 00:57:05.219,0.7041600000000001,0.70406,1,1.12
12.08.2021 00:57:05.448,0.70417,0.70407,2.25,1
12.08.2021 00:57:05.931,0.70418,0.7040500000000001,2.25,1.12
12.08.2021 00:57:10.793,0.70415,0.70403,1,1.69
12.08.2021 00:57:11.183,0.70414,0.70403,1,1
12.08.2021 00:57:19.943,0.70415,0.70403,1,1.69
12.08.2021 00:57:39.076,0.7041600000000001,0.70403,1,1.69
12.08.2021 00:57:39.177,0.70417,0.7040500000000001,1,1.5
12.08.2021 00:57:41.581,0.70419,0.70406,1.5,1
12.08.2021 00:57:53.212,0.70418,0.7040500000000001,1,2.25
12.08.2021 00:58:11.891,0.70415,0.7040500000000001,1,1
12.08.2021 00:58:11.992,0.70415,0.70403,1,1
12.08.2021 00:58:19.371,0.70415,0.70402,1,2.25
12.08.2021 00:58:21.617,0.70414,0.70402,1,1.5
12.08.2021 00:58:23.140,0.70413,0.70402,1,1
12.08.2021 00:58:28.240,0.70409,0.70398,1,2.06
12.08.2021 00:58:28.444,0.70409,0.70397,1,1.31
12.08.2021 00:58:34.057,0.70407,0.70398,1,1.31
12.08.2021 00:58:46.641,0.7040500000000001,0.70394,1,1.75
12.08.2021 00:58:46.743,0.70404,0.7039300000000001,1,1.81
12.08.2021 00:58:46.844,0.70404,0.7039300000000001,1,1.69
12.08.2021 00:58:57.675,0.70403,0.7039300000000001,1,1.25
12.08.2021 00:58:58.703,0.70402,0.7039300000000001,1,1.69
12.08.2021 00:58:59.523,0.7040500000000001,0.70392,1.5,2.44
12.08.2021 00:59:16.869,0.70401,0.70389,1,1.5
12.08.2021 00:59:16.920,0.7040000000000001,0.7039000000000001,1,1
12.08.2021 00:59:17.021,0.7040000000000001,0.70389,1,1
12.08.2021 00:59:17.122,0.7040000000000001,0.7038800000000001,1,1
12.08.2021 00:59:18.768,0.7040000000000001,0.70387,1.5,1
12.08.2021 00:59:22.226,0.7040000000000001,0.7038800000000001,1.5,1
12.08.2021 00:59:32.362,0.70397,0.7038800000000001,1,1
12.08.2021 00:59:33.371,0.7040000000000001,0.7038800000000001,1,1
12.08.2021 00:59:36.175,0.70399,0.7038800000000001,1,1.5
12.08.2021 00:59:40.234,0.70399,0.70387,1,1
12.08.2021 00:59:40.335,0.70399,0.70386,1,1.87
12.08.2021 00:59:43.914,0.70396,0.7038300000000001,1,1
12.08.2021 00:59:44.176,0.7039500000000001,0.70382,1,1.5
12.08.2021 00:59:55.527,0.70396,0.7038300000000001,1,1.5
12.08.2021 00:59:56.516,0.70394,0.70384,1,1
12.08.2021 01:00:01.430,0.7039500000000001,0.70384,1.5,1
12.08.2021 01:00:06.474,0.70397,0.70384,1.5,1
12.08.2021 01:00:06.575,0.70398,0.7038500000000001,1,1.69
12.08.2021 01:00:07.063,0.70399,0.7039000000000001,1,1
12.08.2021 01:00:07.114,0.70402,0.70391,1.5,1
12.08.2021 01:00:07.260,0.70403,0.7039000000000001,1,1
12.08.2021 01:00:07.463,0.7040000000000001,0.70387,1,1.5
12.08.2021 01:00:07.565,0.70397,0.70384,1,1.75
12.08.2021 01:00:07.667,0.70397,0.70384,1,1.25
12.08.2021 01:00:08.626,0.70397,0.70384,1,2.5
12.08.2021 01:00:09.018,0.70398,0.7038500000000001,1,1.69
12.08.2021 01:00:09.119,0.70397,0.70387,1,1.5
12.08.2021 01:00:09.576,0.70399,0.70389,1,1
12.08.2021 01:00:09.627,0.70403,0.7039000000000001,1,1
12.08.2021 01:00:09.728,0.70404,0.70392,1,1
12.08.2021 01:00:09.945,0.70404,0.7039300000000001,1.5,1
12.08.2021 01:00:12.000,0.70406,0.7039300000000001,1.87,1
12.08.2021 01:00:21.036,0.7040500000000001,0.7039300000000001,1,1
12.08.2021 01:00:28.134,0.7040500000000001,0.70392,1,1
12.08.2021 01:00:36.116,0.7040500000000001,0.7039300000000001,1,1
12.08.2021 01:00:36.167,0.70406,0.7039500000000001,1,2.25
12.08.2021 01:00:36.268,0.70408,0.7039500000000001,1,2.25
12.08.2021 01:00:36.419,0.70409,0.70397,1,1
12.08.2021 01:00:37.096,0.7041000000000001,0.70397,1,1
12.08.2021 01:00:38.921,0.70407,0.70398,1,1.5
12.08.2021 01:00:39.556,0.70408,0.70398,1,1
12.08.2021 01:00:40.695,0.7041000000000001,0.70399,1,1
12.08.2021 01:00:41.723,0.70413,0.70401,1,1
12.08.2021 01:00:44.915,0.70414,0.70401,1,1
12.08.2021 01:00:45.016,0.70414,0.70402,1,1
12.08.2021 01:00:46.337,0.70414,0.70404,1,1.69
12.08.2021 01:00:49.231,0.7041600000000001,0.70404,1,1
12.08.2021 01:00:49.524,0.70418,0.70406,1.12,1.5
12.08.2021 01:00:49.625,0.7041600000000001,0.70403,1,2.44
12.08.2021 01:00:51.238,0.70412,0.70404,1,1.87
12.08.2021 01:00:52.213,0.70415,0.70403,1,1.5
12.08.2021 01:01:08.417,0.70413,0.70401,1,2.81
12.08.2021 01:01:08.518,0.70414,0.70401,1,2.81
12.08.2021 01:01:08.926,0.70414,0.70401,1,2.87
12.08.2021 01:01:09.393,0.70413,0.70401,1,2.87
12.08.2021 01:01:10.222,0.70413,0.70401,1,2.81
12.08.2021 01:01:17.492,0.70407,0.70398,1,1.75
12.08.2021 01:01:17.543,0.70407,0.7039500000000001,1,2.06
12.08.2021 01:01:17.644,0.70407,0.70396,1,2.06
12.08.2021 01:01:17.856,0.70408,0.70396,1,1
12.08.2021 01:01:18.673,0.70408,0.70397,1,1
12.08.2021 01:01:21.810,0.7041000000000001,0.70397,1,1.5
12.08.2021 01:01:27.381,0.70406,0.70394,1,1.69
12.08.2021 01:01:27.482,0.70403,0.70394,1,2.12
12.08.2021 01:01:28.020,0.70404,0.70392,1,3
12.08.2021 01:01:28.788,0.70404,0.70392,1,1.25
12.08.2021 01:01:29.081,0.70403,0.70391,1,2.81
12.08.2021 01:01:45.026,0.70403,0.70391,1,1.75
12.08.2021 01:01:46.336,0.70403,0.70391,1,1.5
12.08.2021 01:01:47.991,0.70401,0.70391,1,2.81
12.08.2021 01:01:51.571,0.70402,0.70391,1,1
12.08.2021 01:01:52.845,0.70402,0.7039000000000001,1,2.62
12.08.2021 01:02:01.923,0.70398,0.70387,1.5,1
12.08.2021 01:02:02.024,0.7039500000000001,0.7038300000000001,1,2.87
12.08.2021 01:02:02.226,0.70394,0.7038300000000001,1,1.25
12.08.2021 01:02:03.211,0.70394,0.70382,1,1.69
12.08.2021 01:02:03.312,0.70394,0.70382,1,2.5
12.08.2021 01:02:04.232,0.7039300000000001,0.70382,1,1.75
12.08.2021 01:02:11.665,0.70392,0.70382,1,2.5
12.08.2021 01:02:13.535,0.70394,0.70382,1,2.5
12.08.2021 01:02:15.392,0.70394,0.70382,1,1.69
12.08.2021 01:02:19.267,0.7039300000000001,0.70382,1,2.44
12.08.2021 01:02:24.130,0.70394,0.70382,1.5,1.5
12.08.2021 01:02:24.241,0.70392,0.7038300000000001,1,1.5
12.08.2021 01:02:24.878,0.7039300000000001,0.7038300000000001,1,1.5
12.08.2021 01:02:56.523,0.70392,0.7038300000000001,1,1.5
12.08.2021 01:03:03.782,0.7039300000000001,0.7038300000000001,1,1
12.08.2021 01:03:03.834,0.70396,0.7038500000000001,1.5,1
12.08.2021 01:03:05.685,0.70396,0.70384,1.5,1.87
12.08.2021 01:03:07.538,0.70394,0.7038500000000001,1,1.87
12.08.2021 01:03:10.192,0.70394,0.7038300000000001,1,1
12.08.2021 01:03:10.293,0.7039300000000001,0.70382,1,1.12
12.08.2021 01:03:16.513,0.7039300000000001,0.70381,1,1.5
12.08.2021 01:03:16.614,0.70392,0.70381,1,1
12.08.2021 01:03:27.806,0.70391,0.70381,1,1
12.08.2021 01:03:28.741,0.70392,0.70381,1.5,1
12.08.2021 01:03:39.482,0.7039300000000001,0.70381,1.5,1.5
12.08.2021 01:03:40.803,0.70392,0.70381,1,1
12.08.2021 01:03:41.708,0.70392,0.7038,1,1.87
12.08.2021 01:03:50.635,0.70391,0.7038,1,1.5
12.08.2021 01:04:04.957,0.70392,0.7038,1,2.25
12.08.2021 01:04:07.151,0.70392,0.70381,1,1
12.08.2021 01:04:11.849,0.70391,0.7038,1,2.25
12.08.2021 01:04:20.160,0.70391,0.70381,1,1
12.08.2021 01:04:25.780,0.7039300000000001,0.70384,1,1
12.08.2021 01:04:25.881,0.70398,0.70391,1.5,1
12.08.2021 01:04:25.983,0.70399,0.7039300000000001,1,1
12.08.2021 01:04:26.084,0.7040000000000001,0.70391,1,1
12.08.2021 01:04:26.287,0.70402,0.70391,1.5,1.5
12.08.2021 01:04:28.117,0.70402,0.7039300000000001,1,1
12.08.2021 01:04:28.562,0.70403,0.70391,1,4.31
12.08.2021 01:04:28.927,0.70403,0.70392,1,1
12.08.2021 01:04:29.035,0.70403,0.70391,1,4.31
12.08.2021 01:04:29.693,0.70403,0.70392,1.5,1
12.08.2021 01:04:29.845,0.70403,0.70391,1.5,3.56
12.08.2021 01:04:32.735,0.70402,0.70391,1,1.5
12.08.2021 01:04:42.796,0.7040500000000001,0.70391,1,3.5
12.08.2021 01:04:42.992,0.70402,0.70391,1,3.37
12.08.2021 01:04:43.777,0.70403,0.70392,1,1
12.08.2021 01:05:11.509,0.70404,0.7039300000000001,1,1
12.08.2021 01:05:11.610,0.70403,0.7039500000000001,1,1
12.08.2021 01:05:11.762,0.70404,0.7039500000000001,1,1.5
12.08.2021 01:05:12.331,0.70409,0.70398,1,2.25
12.08.2021 01:05:12.442,0.70409,0.7040000000000001,1,2.25
12.08.2021 01:05:12.764,0.70408,0.70396,1,1
12.08.2021 01:05:12.814,0.7040500000000001,0.70394,1,1.12
12.08.2021 01:05:12.915,0.70404,0.7039300000000001,1,1.5
12.08.2021 01:05:13.032,0.70404,0.7039300000000001,1,1.12
12.08.2021 01:05:13.694,0.70403,0.70392,1,2.19
12.08.2021 01:05:14.725,0.70403,0.70391,1,2.81
12.08.2021 01:05:14.899,0.70401,0.70392,1,2.62
12.08.2021 01:05:18.074,0.70401,0.7039000000000001,1,2.25
12.08.2021 01:05:18.125,0.70399,0.7038800000000001,1,2
12.08.2021 01:05:18.280,0.7039500000000001,0.70386,1,1.5
12.08.2021 01:05:18.834,0.70396,0.70386,1,1
12.08.2021 01:05:18.935,0.70397,0.70386,1,1.5
12.08.2021 01:05:20.713,0.70398,0.70386,1,3
12.08.2021 01:05:21.055,0.70398,0.70387,1,1
12.08.2021 01:05:29.957,0.70396,0.70384,1,2.62
12.08.2021 01:05:30.059,0.7039500000000001,0.70384,1,2.62
12.08.2021 01:05:33.314,0.7039500000000001,0.7038300000000001,1,2.25
12.08.2021 01:05:36.680,0.70392,0.7038300000000001,1,2.25
12.08.2021 01:05:40.545,0.7039300000000001,0.7038300000000001,1,1
12.08.2021 01:05:40.646,0.7039500000000001,0.70384,1,2.25
12.08.2021 01:05:40.798,0.70398,0.7038800000000001,1,1
12.08.2021 01:05:40.848,0.7040000000000001,0.70389,1,3
12.08.2021 01:05:41.151,0.70398,0.70386,1,2
12.08.2021 01:05:41.252,0.7039300000000001,0.70384,1,1.5
12.08.2021 01:05:41.353,0.70392,0.70384,1,1.5
12.08.2021 01:05:41.468,0.7039300000000001,0.7038300000000001,1,1
12.08.2021 01:05:43.400,0.70394,0.7038300000000001,1,1.5
12.08.2021 01:05:43.501,0.70394,0.7038500000000001,1,1.5
12.08.2021 01:05:44.080,0.70397,0.7038800000000001,1,3
12.08.2021 01:05:44.232,0.70396,0.7038800000000001,1,1
12.08.2021 01:05:44.334,0.70396,0.7038500000000001,1,1.87
12.08.2021 01:05:45.777,0.7039500000000001,0.70384,1,1.5
12.08.2021 01:05:45.879,0.70394,0.7038300000000001,1,1.5
12.08.2021 01:05:45.980,0.7039300000000001,0.70384,1,1
12.08.2021 01:05:46.081,0.70392,0.7038300000000001,1,1.87
12.08.2021 01:05:55.624,0.70394,0.70382,1,1
12.08.2021 01:06:00.397,0.70392,0.7038300000000001,1,1.5
12.08.2021 01:06:00.584,0.70394,0.70382,1,1.5
12.08.2021 01:06:02.452,0.70394,0.7038300000000001,1,1
12.08.2021 01:06:03.053,0.7039300000000001,0.70382,1,1.5
12.08.2021 01:06:07.316,0.7039300000000001,0.70381,1,1.5
12.08.2021 01:06:18.908,0.70391,0.70381,1,1
12.08.2021 01:06:20.646,0.7039300000000001,0.70381,1,1
12.08.2021 01:06:25.586,0.70392,0.7038,1,1
12.08.2021 01:06:25.738,0.70391,0.7038,1,1
12.08.2021 01:06:25.789,0.7039300000000001,0.70381,1,1
12.08.2021 01:06:28.064,0.70392,0.7038,1,1.5
12.08.2021 01:06:31.192,0.70391,0.7038,1,1
12.08.2021 01:06:32.129,0.70392,0.7038,1,1
12.08.2021 01:06:35.169,0.70391,0.70379,1.25,1
12.08.2021 01:06:41.579,0.7039000000000001,0.7038,1.75,1
12.08.2021 01:06:41.832,0.7039000000000001,0.7038,1.25,1
12.08.2021 01:06:42.437,0.70389,0.70379,1,1.5
12.08.2021 01:06:44.034,0.7038800000000001,0.7037800000000001,1,1.87
12.08.2021 01:06:48.191,0.7039000000000001,0.7037800000000001,1.5,1
12.08.2021 01:06:57.290,0.70392,0.7038,1.12,1.5
12.08.2021 01:06:57.594,0.7039300000000001,0.70381,1,2.25
12.08.2021 01:07:00.988,0.70394,0.70382,1,1.87
12.08.2021 01:07:03.127,0.7039300000000001,0.70382,1,1.12
12.08.2021 01:07:04.720,0.70394,0.70382,1,1.87
12.08.2021 01:07:05.600,0.70394,0.7038300000000001,1,1
12.08.2021 01:07:07.050,0.70394,0.70382,1,1.87
12.08.2021 01:07:07.151,0.7039300000000001,0.70382,1,1.12
12.08.2021 01:07:09.380,0.70392,0.70381,1,2.75
12.08.2021 01:07:09.555,0.70392,0.70381,1,2.25
12.08.2021 01:07:15.190,0.7039300000000001,0.70381,1,1
12.08.2021 01:07:15.970,0.70391,0.7038,1,1.12
12.08.2021 01:07:19.422,0.70391,0.70379,1.69,1
12.08.2021 01:07:19.524,0.7039000000000001,0.70379,1,1
12.08.2021 01:07:19.979,0.70391,0.70379,1.69,2.25
12.08.2021 01:07:21.938,0.7039000000000001,0.70379,1.5,2.25
12.08.2021 01:07:22.342,0.7038800000000001,0.70377,1.5,1
12.08.2021 01:07:22.443,0.70387,0.70376,1,1.12
12.08.2021 01:07:24.300,0.70387,0.70375,1.25,1
12.08.2021 01:07:26.646,0.7038800000000001,0.70376,1.5,1
12.08.2021 01:07:44.058,0.7038800000000001,0.70377,1.5,1
12.08.2021 01:07:50.260,0.70391,0.7038,1.5,1
12.08.2021 01:07:50.514,0.7038800000000001,0.70376,1.5,1.5
12.08.2021 01:07:50.616,0.70387,0.70377,1.5,1
12.08.2021 01:07:52.208,0.70387,0.70376,1.25,1
12.08.2021 01:07:52.310,0.7038500000000001,0.7037300000000001,1,2
12.08.2021 01:07:52.360,0.7038500000000001,0.7037300000000001,1,1.5
12.08.2021 01:07:56.497,0.7038300000000001,0.70374,1,1.5
12.08.2021 01:07:58.193,0.7038300000000001,0.7037300000000001,1,1.5
12.08.2021 01:07:59.851,0.7038500000000001,0.7037300000000001,1,1.5
12.08.2021 01:08:00.118,0.70384,0.70372,1,1
12.08.2021 01:08:00.169,0.7038300000000001,0.7037100000000001,1.75,1
12.08.2021 01:08:07.862,0.7038300000000001,0.7037100000000001,1.25,1
12.08.2021 01:08:10.435,0.70381,0.7037100000000001,1,1
12.08.2021 01:08:11.373,0.7038300000000001,0.7037100000000001,1,1
12.08.2021 01:08:29.227,0.7038300000000001,0.7037100000000001,1.75,1
12.08.2021 01:08:31.962,0.70377,0.7036800000000001,2.25,1
12.08.2021 01:08:32.064,0.70375,0.7036300000000001,1.5,2.94
12.08.2021 01:08:32.165,0.70375,0.7036300000000001,1.5,1.5
12.08.2021 01:08:32.304,0.70374,0.70362,1,1
12.08.2021 01:08:51.799,0.70376,0.7037,1.37,1.12
12.08.2021 01:08:51.900,0.70381,0.70369,1,1.87
12.08.2021 01:08:58.555,0.70376,0.7036600000000001,1.25,1.87
12.08.2021 01:08:58.758,0.70376,0.70364,1.5,1
12.08.2021 01:09:00.724,0.7037300000000001,0.70362,1,2.25
12.08.2021 01:09:00.826,0.7037300000000001,0.7036100000000001,1,2.25
12.08.2021 01:09:04.567,0.7037100000000001,0.70362,1,1
12.08.2021 01:09:07.236,0.7037300000000001,0.7036100000000001,1,1.69
12.08.2021 01:09:08.132,0.7037300000000001,0.70362,1,1
12.08.2021 01:09:25.054,0.70372,0.70362,1,1
12.08.2021 01:09:29.706,0.70372,0.70364,1,1
12.08.2021 01:09:36.452,0.70372,0.7036300000000001,1,1
12.08.2021 01:09:38.121,0.7037300000000001,0.7036300000000001,1,1
12.08.2021 01:09:40.181,0.70372,0.7036300000000001,1,1
12.08.2021 01:09:42.183,0.7037300000000001,0.7036300000000001,1,1
12.08.2021 01:09:49.427,0.70372,0.7036300000000001,1,1
12.08.2021 01:09:49.680,0.7037300000000001,0.7036300000000001,1,1
12.08.2021 01:09:59.770,0.7037800000000001,0.7036800000000001,1,1
12.08.2021 01:09:59.871,0.70381,0.70369,1.5,3
12.08.2021 01:09:59.976,0.7038,0.7037100000000001,1,1
12.08.2021 01:10:02.089,0.7038,0.7037,1,1
12.08.2021 01:10:02.242,0.70381,0.7037,1.25,1
12.08.2021 01:10:02.596,0.7038,0.7037,1,1
12.08.2021 01:10:14.117,0.70381,0.7037,1,1.5
12.08.2021 01:10:14.219,0.70382,0.7037100000000001,1,1
12.08.2021 01:10:14.430,0.70382,0.7037300000000001,1,2.25
12.08.2021 01:10:14.481,0.70384,0.7037300000000001,1.5,2.25
12.08.2021 01:10:14.582,0.70384,0.70374,1,1
12.08.2021 01:10:14.784,0.70384,0.7037300000000001,1,2.25
12.08.2021 01:10:14.978,0.7038300000000001,0.7037300000000001,1,1.5
12.08.2021 01:10:16.272,0.70382,0.7037300000000001,1,1.87
12.08.2021 01:10:17.721,0.70382,0.70372,1,1
12.08.2021 01:10:55.904,0.70381,0.70372,1,1
12.08.2021 01:11:07.505,0.70382,0.70372,1,1
12.08.2021 01:12:15.605,0.7038300000000001,0.70372,1,1.5
12.08.2021 01:12:25.765,0.70381,0.7037300000000001,1.5,1
12.08.2021 01:12:28.257,0.7037800000000001,0.70369,2.25,1.12
12.08.2021 01:12:28.308,0.70377,0.7036600000000001,1.25,1.5
12.08.2021 01:12:28.410,0.70376,0.7036300000000001,1.25,1.81
12.08.2021 01:12:28.460,0.7037300000000001,0.70364,1,1.12
12.08.2021 01:12:31.900,0.70374,0.70362,1,2.25
12.08.2021 01:12:35.151,0.7037300000000001,0.70362,1,1.5
12.08.2021 01:12:38.036,0.70372,0.70362,1,1.5
12.08.2021 01:12:38.976,0.7037300000000001,0.70362,1.25,1.5
12.08.2021 01:12:39.077,0.7036600000000001,0.7035800000000001,1,1.5
12.08.2021 01:12:39.178,0.7036600000000001,0.70357,1,3.37
12.08.2021 01:12:39.870,0.7036800000000001,0.7035600000000001,1,1.12
12.08.2021 01:12:40.232,0.70367,0.7035600000000001,1,1.12
12.08.2021 01:12:40.636,0.7036600000000001,0.70355,1,2.75
12.08.2021 01:12:45.708,0.7036600000000001,0.70355,1,2.62
12.08.2021 01:12:47.289,0.70367,0.7035600000000001,1,1
12.08.2021 01:12:49.582,0.70367,0.7035800000000001,1,1
12.08.2021 01:12:49.683,0.7037100000000001,0.70359,1,2.62
12.08.2021 01:12:49.785,0.70372,0.7036100000000001,1.25,1
12.08.2021 01:12:50.734,0.70374,0.70362,1,1
12.08.2021 01:12:53.270,0.70375,0.7036300000000001,1.69,1
12.08.2021 01:12:57.652,0.7037300000000001,0.70364,1,1
12.08.2021 01:12:57.753,0.7037300000000001,0.70362,1,1
12.08.2021 01:13:02.125,0.70374,0.7036300000000001,1.5,1
12.08.2021 01:13:16.871,0.7037300000000001,0.7036300000000001,1,1
12.08.2021 01:13:17.004,0.70374,0.7036300000000001,1,1
12.08.2021 01:13:30.887,0.70375,0.70364,1,1
12.08.2021 01:13:40.480,0.7037300000000001,0.70364,1,1
12.08.2021 01:13:40.881,0.7037300000000001,0.7036300000000001,1,1
12.08.2021 01:13:42.203,0.70374,0.7036300000000001,1,1
12.08.2021 01:13:46.558,0.70375,0.7036300000000001,1.5,1
12.08.2021 01:13:52.694,0.70375,0.70364,1.5,1
12.08.2021 01:13:52.796,0.7037300000000001,0.70364,1,1
12.08.2021 01:13:53.695,0.70375,0.70364,1.5,1
12.08.2021 01:13:57.783,0.70376,0.7036600000000001,1.5,1
12.08.2021 01:13:58.035,0.70377,0.7036600000000001,1.5,1
12.08.2021 01:14:00.921,0.70377,0.70365,1.5,1
12.08.2021 01:14:01.604,0.70375,0.70364,1.5,1
12.08.2021 01:14:03.529,0.70375,0.7036300000000001,1.5,1.5
12.08.2021 01:14:13.554,0.70377,0.70365,1,1.12
12.08.2021 01:14:13.655,0.70377,0.7036600000000001,1,1
12.08.2021 01:14:14.744,0.70377,0.7036800000000001,1.5,1
12.08.2021 01:14:26.015,0.70377,0.70369,1,1
12.08.2021 01:14:28.045,0.70375,0.7036800000000001,1,1
12.08.2021 01:14:28.096,0.70376,0.70364,1.5,1
12.08.2021 01:14:35.066,0.70376,0.7036300000000001,1.5,1.5
12.08.2021 01:14:35.117,0.7037300000000001,0.70364,1,1.5
12.08.2021 01:14:36.219,0.70375,0.7036300000000001,1,2.25
12.08.2021 01:14:38.122,0.70374,0.7036300000000001,1,1.5
12.08.2021 01:14:43.032,0.70374,0.70364,1,1
12.08.2021 01:14:43.133,0.7037800000000001,0.70369,1,1
12.08.2021 01:14:43.235,0.7037800000000001,0.7037,1,1.5
12.08.2021 01:14:43.773,0.70379,0.7036800000000001,1,4.12
12.08.2021 01:14:44.319,0.70377,0.7036800000000001,1,1.5
12.08.2021 01:14:44.421,0.70374,0.7036300000000001,1.25,2.19
12.08.2021 01:14:44.523,0.7037300000000001,0.70362,1,1
12.08.2021 01:14:44.909,0.70372,0.7036100000000001,1,1.87
12.08.2021 01:14:53.326,0.7037300000000001,0.70362,1,1
12.08.2021 01:15:02.066,0.70372,0.7036100000000001,1,1.5
12.08.2021 01:15:05.424,0.7037300000000001,0.70362,1,1
12.08.2021 01:15:05.525,0.70374,0.7036300000000001,1,1
12.08.2021 01:15:08.145,0.70372,0.7036300000000001,1,1
12.08.2021 01:15:10.853,0.7037300000000001,0.7036100000000001,1.5,1.12
12.08.2021 01:15:16.615,0.7037,0.70359,2.44,1.5
12.08.2021 01:15:16.666,0.7036600000000001,0.70355,1.5,3.19
12.08.2021 01:15:16.717,0.7036300000000001,0.7035600000000001,1,1
12.08.2021 01:15:16.818,0.7036300000000001,0.7035100000000001,1,1.5
12.08.2021 01:15:16.869,0.7036300000000001,0.7035100000000001,1,1.12
12.08.2021 01:15:26.100,0.70362,0.7035,1,1.12
12.08.2021 01:15:32.603,0.7036100000000001,0.70352,1,1
12.08.2021 01:15:42.901,0.7036100000000001,0.7035,1,1.12
12.08.2021 01:15:52.418,0.70359,0.7035,1,2
12.08.2021 01:16:01.943,0.7036300000000001,0.7035100000000001,1,3.69
12.08.2021 01:16:02.044,0.7036600000000001,0.7035,2.5,2.94
12.08.2021 01:16:02.145,0.7036100000000001,0.7035,1,2
12.08.2021 01:16:03.895,0.7036,0.70349,1,2
12.08.2021 01:16:07.485,0.7036,0.70349,1,1.87
12.08.2021 01:16:15.497,0.7036100000000001,0.70349,1,2.62
12.08.2021 01:16:22.224,0.7036100000000001,0.7035,1,1
12.08.2021 01:16:23.129,0.70362,0.7035,1,2.25
12.08.2021 01:16:25.809,0.70362,0.7035100000000001,1,1
12.08.2021 01:16:25.910,0.7036300000000001,0.7035100000000001,1,2.75
12.08.2021 01:16:26.011,0.7036300000000001,0.7035300000000001,1,1
12.08.2021 01:16:26.213,0.70364,0.7035300000000001,1,1
12.08.2021 01:16:26.365,0.70362,0.7035300000000001,1,1.5
12.08.2021 01:16:26.466,0.7036300000000001,0.70352,1,1
12.08.2021 01:16:27.092,0.70362,0.7035100000000001,1,1.87
12.08.2021 01:16:31.334,0.7036300000000001,0.70352,1,1.5
12.08.2021 01:16:32.001,0.70364,0.70352,1,1.5
12.08.2021 01:16:36.297,0.70367,0.70355,1,1.5
12.08.2021 01:16:36.398,0.7036800000000001,0.7035800000000001,1.5,1.69
12.08.2021 01:16:36.559,0.7036800000000001,0.70357,1.12,3.37
12.08.2021 01:16:36.767,0.7036600000000001,0.7035399999999999,1,1.5
12.08.2021 01:16:36.868,0.70365,0.7035399999999999,1,1.5
12.08.2021 01:16:36.969,0.7036300000000001,0.70352,1,1.87
12.08.2021 01:16:37.275,0.70362,0.70352,1,1
12.08.2021 01:16:37.376,0.70362,0.7035100000000001,1,1.12
12.08.2021 01:16:41.583,0.70364,0.70352,1,1.5
12.08.2021 01:16:42.722,0.7036300000000001,0.70352,1,1.5
12.08.2021 01:16:42.873,0.70362,0.7035100000000001,1,1.87
12.08.2021 01:16:51.472,0.7036300000000001,0.70352,1,1
12.08.2021 01:16:59.693,0.7036300000000001,0.7035100000000001,1,1.5
12.08.2021 01:17:00.104,0.70367,0.70357,1,1
12.08.2021 01:17:00.310,0.70367,0.70355,1.25,1.5
12.08.2021 01:17:00.360,0.70365,0.7035300000000001,1,1
12.08.2021 01:17:00.737,0.7036300000000001,0.70352,1,1.5
12.08.2021 01:17:00.889,0.7036300000000001,0.70352,1,1
12.08.2021 01:17:02.108,0.7036300000000001,0.7035100000000001,1,1.87
12.08.2021 01:17:02.210,0.70362,0.7035100000000001,1,1.12
12.08.2021 01:17:02.778,0.70362,0.7035,1,1.87
12.08.2021 01:17:06.193,0.7036,0.7035100000000001,1,1.12
12.08.2021 01:17:06.745,0.7036,0.7035,1,1.12
12.08.2021 01:17:18.840,0.7036,0.70349,1,2.62
12.08.2021 01:17:41.923,0.7036,0.7035,1,1
12.08.2021 01:18:06.064,0.70357,0.7034600000000001,1,1.75
12.08.2021 01:18:06.115,0.70355,0.70343,1,2.75
12.08.2021 01:18:06.216,0.7035399999999999,0.70343,1,2.75
12.08.2021 01:18:06.317,0.7035300000000001,0.70342,1,1
12.08.2021 01:18:07.630,0.7035399999999999,0.70342,1,1
12.08.2021 01:18:07.732,0.7035300000000001,0.70344,1.25,1
12.08.2021 01:18:07.834,0.70352,0.70343,1,1
12.08.2021 01:18:08.778,0.7035300000000001,0.70344,1,1
12.08.2021 01:18:10.491,0.70355,0.70343,1,1.5
12.08.2021 01:18:13.148,0.70355,0.70344,1,1
12.08.2021 01:18:13.414,0.7035600000000001,0.70345,1,1
12.08.2021 01:18:13.516,0.7035600000000001,0.70344,1,1
12.08.2021 01:18:14.369,0.7035600000000001,0.70345,1,1
12.08.2021 01:18:14.420,0.7035800000000001,0.70347,1.5,1.5
12.08.2021 01:18:14.521,0.70357,0.70347,1,1.5
12.08.2021 01:18:14.940,0.7035600000000001,0.70344,1.5,1.87
12.08.2021 01:18:15.142,0.70355,0.70344,1,1
12.08.2021 01:18:15.244,0.7035399999999999,0.70343,1,1
12.08.2021 01:18:17.689,0.7035300000000001,0.70342,1,1
12.08.2021 01:18:19.852,0.70352,0.70342,1,1.5
12.08.2021 01:18:21.488,0.70352,0.7034100000000001,1,1.5
12.08.2021 01:18:21.691,0.7035300000000001,0.7034100000000001,1,1
12.08.2021 01:18:33.745,0.7035100000000001,0.70342,1,1
12.08.2021 01:18:34.684,0.7035300000000001,0.7034100000000001,1,1
12.08.2021 01:18:36.188,0.7035100000000001,0.70342,1,1
12.08.2021 01:18:48.891,0.70352,0.7034,1,1.12
12.08.2021 01:18:50.840,0.7035100000000001,0.7034,1,1.12
12.08.2021 01:18:54.093,0.70352,0.7034,1,1.5
12.08.2021 01:19:03.374,0.7035300000000001,0.7034100000000001,1,1
12.08.2021 01:19:06.499,0.7035300000000001,0.70342,1.5,1
12.08.2021 01:19:08.299,0.70352,0.70344,1,1
12.08.2021 01:19:13.439,0.7035300000000001,0.70342,1,1
12.08.2021 01:19:18.024,0.70352,0.70342,1.5,1.5
12.08.2021 01:19:19.554,0.7035100000000001,0.70342,1,1.5
12.08.2021 01:19:21.395,0.7035300000000001,0.7034100000000001,1.5,1.5
12.08.2021 01:19:23.588,0.7035300000000001,0.70342,1.5,1
12.08.2021 01:19:36.289,0.70355,0.70343,1.5,1
12.08.2021 01:19:36.720,0.7035399999999999,0.70343,1,1.5
12.08.2021 01:19:41.673,0.70355,0.70343,1,1.5
12.08.2021 01:19:45.641,0.7035600000000001,0.70344,1.5,1
12.08.2021 01:19:57.660,0.70355,0.70343,1,1.87
12.08.2021 01:19:58.245,0.70355,0.70345,1,1
12.08.2021 01:20:00.034,0.7035600000000001,0.70345,1,1
12.08.2021 01:20:00.135,0.7035600000000001,0.70344,1,1.5
12.08.2021 01:20:08.861,0.70357,0.70345,1,1
12.08.2021 01:20:10.513,0.70355,0.70345,1,1
12.08.2021 01:20:11.476,0.7036100000000001,0.70349,1.12,1
12.08.2021 01:20:11.580,0.70355,0.70347,1.25,1.5
12.08.2021 01:20:11.681,0.7035600000000001,0.70344,1.25,1
12.08.2021 01:20:16.341,0.70355,0.7034600000000001,1,1.5
12.08.2021 01:20:16.442,0.70357,0.70345,1,1.5
12.08.2021 01:20:20.975,0.70355,0.70345,1,1.5
12.08.2021 01:20:27.206,0.70357,0.70345,1,1
12.08.2021 01:20:31.798,0.7035600000000001,0.70344,1,1.5
12.08.2021 01:20:31.900,0.7035399999999999,0.70344,1,1
12.08.2021 01:20:32.001,0.7035300000000001,0.70343,1,1.5
12.08.2021 01:20:40.087,0.7035300000000001,0.7034100000000001,1,1
12.08.2021 01:20:43.837,0.70352,0.7034,1,2.62
12.08.2021 01:21:00.782,0.7035300000000001,0.7034100000000001,1,1.5
12.08.2021 01:21:37.783,0.70352,0.7034,1,2.25
12.08.2021 01:21:38.326,0.7035100000000001,0.7034,1,2.25
12.08.2021 01:21:39.126,0.7035100000000001,0.7034100000000001,1,1
12.08.2021 01:21:55.273,0.70352,0.7034100000000001,1,1
12.08.2021 01:21:56.214,0.7035300000000001,0.7034100000000001,1,1.5
12.08.2021 01:22:05.029,0.70352,0.70343,1,1
12.08.2021 01:22:06.338,0.7035399999999999,0.70342,1,2.25
12.08.2021 01:22:06.388,0.7035399999999999,0.70345,1,2.06
12.08.2021 01:22:06.439,0.70359,0.7034800000000001,1.25,1
12.08.2021 01:22:06.540,0.70357,0.70347,1,1
12.08.2021 01:22:06.641,0.70357,0.7034600000000001,1.69,1
12.08.2021 01:22:06.742,0.7035600000000001,0.70345,1,1
12.08.2021 01:22:06.844,0.7035399999999999,0.70344,1.25,1.5
12.08.2021 01:22:06.945,0.70357,0.7034800000000001,1,3
12.08.2021 01:22:07.046,0.70359,0.70347,1.12,3
12.08.2021 01:22:07.147,0.70357,0.70345,1.75,2
12.08.2021 01:22:07.248,0.7035600000000001,0.70343,1.75,1.5
12.08.2021 01:22:07.350,0.7035399999999999,0.70342,1,2
12.08.2021 01:22:07.501,0.7035399999999999,0.70342,1,1.5
12.08.2021 01:22:07.602,0.7035300000000001,0.70342,1,1.5
12.08.2021 01:22:12.780,0.7035399999999999,0.70342,1,1.5
12.08.2021 01:22:12.881,0.7035300000000001,0.70342,1,1.5
12.08.2021 01:22:20.556,0.7035300000000001,0.70344,1,1
12.08.2021 01:22:20.606,0.70355,0.70345,1,1.5
12.08.2021 01:22:21.092,0.7035600000000001,0.70345,1,2.25
12.08.2021 01:22:21.497,0.7035300000000001,0.70344,2.44,1
12.08.2021 01:22:21.548,0.70352,0.7034,1.75,2
12.08.2021 01:22:21.649,0.7035,0.7034100000000001,1.25,1.5
12.08.2021 01:22:28.654,0.70352,0.7034,1,1.5
12.08.2021 01:22:28.705,0.7035600000000001,0.7034800000000001,1,3.19
12.08.2021 01:22:28.806,0.70359,0.7035,1.12,2.25
12.08.2021 01:22:28.907,0.7035800000000001,0.70347,1,4.5
12.08.2021 01:22:29.059,0.70357,0.7034600000000001,1,2.25
12.08.2021 01:22:29.261,0.7035600000000001,0.7034600000000001,1,1
12.08.2021 01:22:30.058,0.70357,0.70345,1,2.25
12.08.2021 01:22:30.159,0.70357,0.7034600000000001,1,1.5
12.08.2021 01:22:30.370,0.7035800000000001,0.7034600000000001,1,2.25
12.08.2021 01:22:30.627,0.7035800000000001,0.70347,1,1
12.08.2021 01:22:31.010,0.7035800000000001,0.7034800000000001,1,1
12.08.2021 01:22:31.111,0.70362,0.7035100000000001,1,1.5
12.08.2021 01:22:31.319,0.70362,0.70352,2.06,1.5
12.08.2021 01:22:31.922,0.70364,0.7035300000000001,1,2.25
12.08.2021 01:22:32.024,0.70367,0.7035600000000001,1.12,1
12.08.2021 01:22:32.126,0.70367,0.70355,1,2.62
12.08.2021 01:22:32.279,0.70367,0.70355,1.62,1.5
12.08.2021 01:22:32.380,0.70365,0.7035399999999999,1,1
12.08.2021 01:22:32.538,0.70365,0.7035300000000001,1,1
12.08.2021 01:22:32.639,0.70364,0.7035300000000001,1,1
12.08.2021 01:22:33.027,0.70362,0.7035300000000001,1,1.5
12.08.2021 01:22:34.755,0.7036300000000001,0.7035399999999999,1,1
12.08.2021 01:22:35.059,0.7036300000000001,0.7035300000000001,1.25,1.5
12.08.2021 01:22:52.934,0.70364,0.70352,2.5,1
12.08.2021 01:22:53.251,0.7036300000000001,0.7035100000000001,1.75,1
12.08.2021 01:22:54.751,0.7036300000000001,0.7035100000000001,1.25,1
12.08.2021 01:22:54.852,0.70362,0.70352,1,1
12.08.2021 01:22:55.810,0.7036300000000001,0.7035300000000001,1.75,1
12.08.2021 01:22:55.861,0.70365,0.7035300000000001,1.5,1.5
12.08.2021 01:22:55.912,0.7036600000000001,0.70355,1.12,1
12.08.2021 01:22:56.014,0.7036600000000001,0.7035600000000001,1.12,1
12.08.2021 01:22:56.115,0.70365,0.70355,1.25,1
12.08.2021 01:22:56.217,0.70365,0.7035399999999999,2.5,1
12.08.2021 01:22:56.318,0.70365,0.7035399999999999,2.44,1
12.08.2021 01:22:56.527,0.7036600000000001,0.70355,1,1
12.08.2021 01:23:00.220,0.7036600000000001,0.7035600000000001,1,1
12.08.2021 01:23:01.290,0.70367,0.7035600000000001,1.69,1
12.08.2021 01:23:01.636,0.7036800000000001,0.7035800000000001,1,1
12.08.2021 01:23:01.687,0.7037100000000001,0.70359,2.06,1
12.08.2021 01:23:01.738,0.70372,0.7036100000000001,1.62,1
12.08.2021 01:23:01.889,0.70372,0.7036300000000001,1,1
12.08.2021 01:23:02.192,0.70374,0.7036300000000001,3.19,1
12.08.2021 01:23:02.846,0.70372,0.70364,1,1
12.08.2021 01:23:02.997,0.70374,0.7036300000000001,1.69,1
12.08.2021 01:23:04.955,0.70374,0.7036300000000001,3.25,1
12.08.2021 01:23:05.177,0.70374,0.70364,2.5,1
12.08.2021 01:23:09.039,0.7037300000000001,0.70364,2.5,1
12.08.2021 01:23:15.238,0.70374,0.70362,3.25,1
12.08.2021 01:23:15.809,0.70369,0.70359,2.5,1.12
12.08.2021 01:23:15.911,0.70369,0.70359,1.25,1
12.08.2021 01:23:16.012,0.70369,0.7036,1.25,1
12.08.2021 01:23:16.114,0.7037100000000001,0.7036,2.44,1
12.08.2021 01:23:19.496,0.70372,0.7036300000000001,1,1
12.08.2021 01:23:19.598,0.7037300000000001,0.70364,1,1
12.08.2021 01:23:19.649,0.70375,0.70364,2.81,1
12.08.2021 01:23:23.453,0.70374,0.7036300000000001,1,1
12.08.2021 01:23:27.201,0.70374,0.70362,1.25,1
12.08.2021 01:23:32.470,0.70374,0.7036300000000001,1.25,1
12.08.2021 01:23:36.830,0.70374,0.70362,1,1
12.08.2021 01:23:36.931,0.70375,0.7036300000000001,2.44,1
12.08.2021 01:23:37.354,0.70374,0.70365,1.69,1
12.08.2021 01:23:56.913,0.70374,0.7036600000000001,1.25,1
12.08.2021 01:24:02.315,0.70376,0.70365,1.69,1
12.08.2021 01:24:09.039,0.70376,0.70365,2.5,1
12.08.2021 01:24:11.238,0.70375,0.70365,1.25,1
12.08.2021 01:24:16.574,0.70375,0.70364,1.75,1
12.08.2021 01:24:19.395,0.70375,0.70365,1.25,1
12.08.2021 01:24:19.597,0.70376,0.7036600000000001,1,1
12.08.2021 01:24:19.698,0.70377,0.7036600000000001,2.06,1
12.08.2021 01:24:19.799,0.70377,0.70367,1,1
12.08.2021 01:24:19.850,0.70379,0.7037,1,1
12.08.2021 01:24:19.951,0.7038,0.70369,2.19,1
12.08.2021 01:24:20.052,0.70377,0.70369,1.12,1
12.08.2021 01:24:27.208,0.7037800000000001,0.70367,1,1
12.08.2021 01:24:29.506,0.70377,0.70367,1,1
12.08.2021 01:24:32.697,0.7037800000000001,0.70367,1.5,1
12.08.2021 01:24:33.500,0.70379,0.70367,1.5,1
12.08.2021 01:24:33.602,0.70379,0.7036800000000001,1,1
12.08.2021 01:24:41.720,0.70379,0.70369,1.25,1
12.08.2021 01:24:44.750,0.7038,0.7036800000000001,2.5,1
12.08.2021 01:24:45.291,0.7037800000000001,0.7036800000000001,1,1
12.08.2021 01:24:46.723,0.70377,0.7037,1.25,1
12.08.2021 01:24:50.893,0.70379,0.70369,1.69,1
12.08.2021 01:24:59.123,0.7037800000000001,0.70369,1,1
12.08.2021 01:25:02.064,0.7037800000000001,0.7036800000000001,1.25,1
12.08.2021 01:25:02.266,0.70375,0.70367,1.25,1
12.08.2021 01:25:02.317,0.7037300000000001,0.70364,1,1
12.08.2021 01:25:02.418,0.7037300000000001,0.7036300000000001,1,1.12
12.08.2021 01:25:02.519,0.7037300000000001,0.70362,1,1.5
12.08.2021 01:25:02.620,0.7037300000000001,0.7036300000000001,1,1
12.08.2021 01:25:02.721,0.70372,0.7036300000000001,1,1
12.08.2021 01:25:02.825,0.70372,0.70364,1,1
12.08.2021 01:25:02.926,0.7037300000000001,0.70364,1,1
12.08.2021 01:25:02.977,0.7037300000000001,0.7036600000000001,1,1
12.08.2021 01:25:03.236,0.70376,0.70367,1,1
12.08.2021 01:25:05.300,0.7037800000000001,0.70367,1.5,1
12.08.2021 01:25:16.536,0.70381,0.7037100000000001,3.19,1
12.08.2021 01:25:16.637,0.70382,0.7037100000000001,1.25,1
12.08.2021 01:25:17.293,0.70382,0.7037,1.25,1
12.08.2021 01:25:17.555,0.7038300000000001,0.7037100000000001,1.69,1
12.08.2021 01:25:19.826,0.7038300000000001,0.70372,1.69,1
12.08.2021 01:25:23.964,0.7038300000000001,0.7037100000000001,1.69,1
12.08.2021 01:25:25.916,0.70382,0.7037300000000001,1.69,1
12.08.2021 01:25:38.162,0.70384,0.70372,1.5,1
12.08.2021 01:25:38.212,0.7038500000000001,0.70374,1,1
12.08.2021 01:25:38.464,0.70386,0.70374,2.25,1
12.08.2021 01:25:38.565,0.7038500000000001,0.70374,1,1
12.08.2021 01:25:43.293,0.7038500000000001,0.7037300000000001,1.5,1
12.08.2021 01:26:00.207,0.7038500000000001,0.70374,2.25,1
12.08.2021 01:26:00.665,0.70384,0.7037300000000001,1,1
12.08.2021 01:26:02.013,0.7038300000000001,0.70372,1,1
12.08.2021 01:26:04.941,0.7038300000000001,0.7037100000000001,1,1
12.08.2021 01:26:05.722,0.70381,0.70372,1,1
12.08.2021 01:26:05.823,0.7038,0.70369,1,1
12.08.2021 01:26:12.551,0.7037800000000001,0.70369,1,1
12.08.2021 01:26:12.690,0.7038,0.7036800000000001,1,1
12.08.2021 01:26:17.269,0.7037800000000001,0.70369,1,1
12.08.2021 01:26:17.320,0.70375,0.70365,1,1
12.08.2021 01:26:22.630,0.70376,0.70365,1,1
12.08.2021 01:26:22.731,0.70376,0.7036600000000001,1,1
12.08.2021 01:26:28.386,0.70376,0.70367,1,1
12.08.2021 01:26:31.415,0.70375,0.7036300000000001,1,1
12.08.2021 01:26:32.595,0.70375,0.7036300000000001,1.62,1
12.08.2021 01:26:33.490,0.70375,0.7036300000000001,1,1
12.08.2021 01:26:38.995,0.70374,0.7036600000000001,1,1
12.08.2021 01:26:40.876,0.70376,0.7036600000000001,1,1
12.08.2021 01:26:40.977,0.70379,0.7036800000000001,1.12,1
12.08.2021 01:26:41.833,0.70379,0.70369,1,1
12.08.2021 01:26:41.884,0.70381,0.70369,2.62,1
12.08.2021 01:26:42.421,0.70384,0.70372,2.81,1
12.08.2021 01:26:43.875,0.70384,0.7037300000000001,1.5,1
12.08.2021 01:26:51.515,0.7038500000000001,0.7037300000000001,2.44,1
12.08.2021 01:26:57.979,0.70384,0.70374,3.25,1
12.08.2021 01:27:04.526,0.7038300000000001,0.7037300000000001,1.25,1
12.08.2021 01:27:09.195,0.7038300000000001,0.7037100000000001,1.69,1
12.08.2021 01:27:09.296,0.70379,0.70369,1.5,1.12
12.08.2021 01:27:09.397,0.7037800000000001,0.70367,1,1
12.08.2021 01:27:09.498,0.70376,0.70365,1,1
12.08.2021 01:27:09.599,0.70374,0.7036300000000001,1,1
12.08.2021 01:27:10.104,0.7037300000000001,0.7036100000000001,1.5,1.12
12.08.2021 01:27:10.452,0.70372,0.7036100000000001,1,1
12.08.2021 01:27:10.604,0.70372,0.7036,1.5,1
12.08.2021 01:27:12.186,0.7037100000000001,0.70359,1,1
12.08.2021 01:27:18.192,0.70372,0.7036,1.5,1
12.08.2021 01:27:24.909,0.7037,0.7036100000000001,1,1
12.08.2021 01:27:26.603,0.7037100000000001,0.70359,1.5,1
12.08.2021 01:27:29.679,0.70372,0.7036,1,1.69
12.08.2021 01:27:29.730,0.70375,0.7036300000000001,2.94,1
12.08.2021 01:27:29.882,0.70375,0.7036300000000001,1,1
12.08.2021 01:27:29.983,0.70376,0.70364,1.87,1
12.08.2021 01:27:30.084,0.70377,0.70365,1,1
12.08.2021 01:27:30.395,0.7038,0.7036800000000001,1,2.5
12.08.2021 01:27:30.496,0.7038300000000001,0.7037100000000001,1.5,1
12.08.2021 01:27:30.597,0.7038300000000001,0.7037300000000001,1.69,1
12.08.2021 01:27:41.674,0.70382,0.70372,1.69,1
12.08.2021 01:27:41.775,0.70382,0.7037,2.5,1
12.08.2021 01:27:41.877,0.7038,0.7036800000000001,1.5,1
12.08.2021 01:27:47.011,0.70375,0.7036300000000001,1,1.87
12.08.2021 01:27:57.241,0.70375,0.70362,1,1.5
12.08.2021 01:28:02.701,0.70376,0.7036300000000001,2.25,1
12.08.2021 01:28:03.014,0.70375,0.7036300000000001,1,1
12.08.2021 01:28:18.596,0.70376,0.7036300000000001,3.19,1
12.08.2021 01:28:27.609,0.70375,0.7036300000000001,1,1
12.08.2021 01:28:51.171,0.70374,0.7036300000000001,1,1.5
12.08.2021 01:29:05.008,0.70374,0.70362,1,1.5
12.08.2021 01:29:05.110,0.7037100000000001,0.70359,1,2
12.08.2021 01:29:05.211,0.7037,0.70357,1.5,4.25
12.08.2021 01:29:05.262,0.7037,0.70357,1.5,2.44
12.08.2021 01:29:05.363,0.7037100000000001,0.7035800000000001,1,1
12.08.2021 01:29:06.390,0.7037100000000001,0.70359,1,1
12.08.2021 01:29:07.777,0.7037100000000001,0.7036,1,1
12.08.2021 01:29:21.944,0.70372,0.7036,1.5,1.25
12.08.2021 01:29:21.995,0.70374,0.70362,2.06,1
12.08.2021 01:29:22.197,0.7037300000000001,0.7036300000000001,1,1.75
12.08.2021 01:29:22.298,0.70375,0.7036300000000001,1.5,1
12.08.2021 01:29:22.416,0.70376,0.70364,1.5,1.31
12.08.2021 01:29:22.669,0.70376,0.70364,1,2.5
12.08.2021 01:29:22.870,0.70376,0.70365,1,2.5
12.08.2021 01:29:29.793,0.70376,0.70364,1,1.69
12.08.2021 01:29:33.164,0.70375,0.7036300000000001,1,1.25
12.08.2021 01:29:45.860,0.70375,0.70362,1,1.87
12.08.2021 01:29:47.243,0.70375,0.7036300000000001,1,1
12.08.2021 01:30:00.152,0.70374,0.70362,1,1.5
12.08.2021 01:30:00.354,0.70374,0.7036100000000001,1,2.62
12.08.2021 01:30:00.919,0.70372,0.7036,1,1.5
12.08.2021 01:30:01.070,0.70372,0.7036,1,1
12.08.2021 01:30:01.171,0.70372,0.70359,1,1.12
12.08.2021 01:30:01.273,0.7037,0.7035800000000001,1,1.5
12.08.2021 01:30:01.374,0.7037,0.70357,1,1.31
12.08.2021 01:30:08.286,0.7037,0.7035800000000001,1,1
12.08.2021 01:30:16.333,0.7037,0.70357,1,1.5
12.08.2021 01:30:21.193,0.7037100000000001,0.7035800000000001,1,1
12.08.2021 01:30:21.294,0.70372,0.70359,1,2.81
12.08.2021 01:30:21.396,0.7037300000000001,0.7036100000000001,1,1
12.08.2021 01:30:27.238,0.7037300000000001,0.7036,1,1.5
12.08.2021 01:30:27.607,0.70372,0.70362,1,1.69
12.08.2021 01:30:27.809,0.7037300000000001,0.7036100000000001,1,1.75
12.08.2021 01:30:27.911,0.70374,0.70362,1,1.69
12.08.2021 01:30:28.215,0.70374,0.70362,1,2.5
12.08.2021 01:30:28.679,0.70379,0.70367,1,2.44
12.08.2021 01:30:28.730,0.70381,0.7037,1,1
12.08.2021 01:30:30.990,0.70379,0.7036800000000001,1,2.62
12.08.2021 01:30:31.092,0.70377,0.70365,1,2
12.08.2021 01:30:31.193,0.70376,0.7036600000000001,1,1.5
12.08.2021 01:30:31.522,0.70376,0.70365,1,1
12.08.2021 01:30:31.623,0.7037800000000001,0.70365,1.25,1.5
12.08.2021 01:30:36.438,0.70377,0.70365,1.25,1.12
12.08.2021 01:30:40.683,0.70375,0.7036300000000001,1,2.25
12.08.2021 01:30:49.099,0.70376,0.70364,1,1
12.08.2021 01:30:49.251,0.70377,0.70364,1,2.25
12.08.2021 01:30:49.352,0.70377,0.70365,1,1
12.08.2021 01:30:49.641,0.70376,0.70364,1,1.5
12.08.2021 01:30:49.743,0.70375,0.70364,1,1
12.08.2021 01:30:54.772,0.7037300000000001,0.70365,1,1
12.08.2021 01:30:55.758,0.70375,0.70364,1,1
12.08.2021 01:31:02.436,0.70374,0.70364,1.25,1
12.08.2021 01:31:05.040,0.70375,0.7036300000000001,1.75,1
12.08.2021 01:31:05.091,0.7037300000000001,0.7036100000000001,1.25,1
12.08.2021 01:31:05.192,0.7037,0.7036100000000001,1.75,1
12.08.2021 01:31:05.243,0.70369,0.7035800000000001,1,1.12
12.08.2021 01:31:05.344,0.7037,0.7036,1,1
12.08.2021 01:31:05.473,0.7037100000000001,0.7036,1.25,1
12.08.2021 01:31:07.052,0.7037100000000001,0.7036100000000001,1,1
12.08.2021 01:31:07.153,0.7037300000000001,0.70362,1.25,1
12.08.2021 01:31:09.081,0.70372,0.70362,1,1
12.08.2021 01:31:09.210,0.7037100000000001,0.7036100000000001,1,1
12.08.2021 01:31:09.261,0.70369,0.7036,1,1
12.08.2021 01:31:12.720,0.70369,0.70359,1,1
12.08.2021 01:31:15.521,0.7037,0.7035800000000001,1.5,1.25
12.08.2021 01:31:15.764,0.70369,0.7036,1,1
12.08.2021 01:31:18.043,0.70372,0.7036100000000001,1,1
12.08.2021 01:31:18.145,0.70372,0.70362,1,1
12.08.2021 01:31:31.123,0.7037300000000001,0.70362,1,1
12.08.2021 01:31:39.044,0.70374,0.7036300000000001,1,1
12.08.2021 01:31:51.920,0.70374,0.70362,1,1
12.08.2021 01:31:57.325,0.7037300000000001,0.7036100000000001,1,3.37
12.08.2021 01:32:02.643,0.7037300000000001,0.70362,1.25,1
12.08.2021 01:32:12.942,0.70372,0.70362,1,1
12.08.2021 01:32:14.547,0.7037300000000001,0.70362,1,1
12.08.2021 01:32:16.075,0.70375,0.70364,1,1
12.08.2021 01:32:19.831,0.70375,0.70365,1,1
12.08.2021 01:32:19.933,0.70376,0.70365,1,1
12.08.2021 01:32:35.874,0.70374,0.7036600000000001,1,1
12.08.2021 01:32:35.925,0.70374,0.70364,1,2.62
12.08.2021 01:32:37.638,0.7037300000000001,0.70362,1,1.5
12.08.2021 01:32:38.738,0.7037300000000001,0.7036100000000001,1.5,1
12.08.2021 01:32:42.833,0.70372,0.7036,1,2.62
12.08.2021 01:32:52.900,0.7037300000000001,0.7036100000000001,1,2.25
12.08.2021 01:32:59.549,0.7037300000000001,0.70362,1,1
12.08.2021 01:33:04.496,0.70374,0.70364,1,1
12.08.2021 01:33:05.511,0.70375,0.70364,1,1
12.08.2021 01:33:05.612,0.7037800000000001,0.70367,1.5,1
12.08.2021 01:33:06.587,0.70379,0.70367,1.69,1
12.08.2021 01:33:10.009,0.70374,0.70365,1.69,1.5
12.08.2021 01:33:10.061,0.7037300000000001,0.70364,1,1
12.08.2021 01:33:10.416,0.70374,0.7036300000000001,1.75,1
12.08.2021 01:33:10.530,0.70374,0.7036300000000001,1,1
12.08.2021 01:33:11.963,0.70374,0.7036300000000001,1.75,1
12.08.2021 01:33:12.064,0.7037300000000001,0.70362,1.25,1
12.08.2021 01:33:18.224,0.7037300000000001,0.7036100000000001,1.25,1
12.08.2021 01:33:32.277,0.70367,0.70359,1,1
12.08.2021 01:33:32.379,0.7036600000000001,0.70357,1,2.62
12.08.2021 01:33:32.581,0.7036800000000001,0.7035800000000001,1,1
12.08.2021 01:33:32.682,0.7036800000000001,0.70357,1,2.25
12.08.2021 01:33:59.794,0.7037,0.7035800000000001,1,2.25
12.08.2021 01:34:03.187,0.7037,0.70359,1,1
12.08.2021 01:34:12.749,0.70369,0.7035800000000001,1,2.25
12.08.2021 01:34:24.052,0.7037,0.70359,1,1
12.08.2021 01:34:37.964,0.7037,0.70359,1,1.5
12.08.2021 01:34:38.170,0.7037,0.70359,1,1
12.08.2021 01:34:42.745,0.7037100000000001,0.7036300000000001,1,1
12.08.2021 01:34:42.796,0.70374,0.7036300000000001,1.87,1
12.08.2021 01:34:44.701,0.70375,0.70364,1.5,1
12.08.2021 01:34:44.751,0.70376,0.7036600000000001,1,1
12.08.2021 01:34:52.264,0.70377,0.7036600000000001,1,1
12.08.2021 01:34:52.366,0.70376,0.70365,1.25,1
12.08.2021 01:34:52.467,0.70375,0.70364,1.75,1
12.08.2021 01:34:52.568,0.70375,0.70364,1,1
12.08.2021 01:34:52.677,0.70376,0.70365,1,1
12.08.2021 01:34:53.422,0.70376,0.70365,1.75,1
12.08.2021 01:34:53.474,0.70375,0.7036300000000001,1.69,1
12.08.2021 01:34:53.575,0.70375,0.7036300000000001,2.5,1
12.08.2021 01:34:59.903,0.70374,0.70364,1.69,1
12.08.2021 01:35:06.705,0.70375,0.70364,1,1
12.08.2021 01:35:09.863,0.70377,0.7036600000000001,1,1
12.08.2021 01:35:13.797,0.70375,0.7036600000000001,2.5,1
12.08.2021 01:35:13.899,0.70375,0.70364,1.25,1
12.08.2021 01:35:14.133,0.70374,0.7036300000000001,1,1.5
12.08.2021 01:35:15.748,0.70375,0.7036300000000001,1,2.25
12.08.2021 01:35:19.526,0.7037300000000001,0.70364,1,1
12.08.2021 01:35:23.571,0.70375,0.7036300000000001,1,1.5
12.08.2021 01:35:23.691,0.70377,0.70365,1,1.5
12.08.2021 01:35:23.792,0.7037800000000001,0.70367,1,1.5
12.08.2021 01:35:23.896,0.7038,0.7037100000000001,1.75,1
12.08.2021 01:35:23.997,0.7038,0.70369,1.25,1.5
12.08.2021 01:35:25.541,0.7038,0.7036800000000001,1.69,1.5
12.08.2021 01:35:30.213,0.7038300000000001,0.7037100000000001,2.5,1
12.08.2021 01:35:30.314,0.7038300000000001,0.7037100000000001,1.5,1.5
12.08.2021 01:35:30.416,0.7038300000000001,0.70372,1,1
12.08.2021 01:35:34.029,0.7038300000000001,0.70374,1.5,1
12.08.2021 01:35:41.125,0.7038500000000001,0.70374,1.25,1
12.08.2021 01:35:41.976,0.70386,0.70375,1.5,1
12.08.2021 01:35:42.077,0.70389,0.70377,2,1
12.08.2021 01:35:42.178,0.70389,0.7037800000000001,1.5,1
12.08.2021 01:35:42.229,0.7039000000000001,0.7037800000000001,1.25,1
12.08.2021 01:35:43.164,0.70389,0.7037800000000001,1,1
12.08.2021 01:35:45.360,0.70387,0.7037800000000001,1,1
12.08.2021 01:35:46.930,0.7038800000000001,0.7037800000000001,1,1
12.08.2021 01:35:47.031,0.7038800000000001,0.70376,3.25,1
12.08.2021 01:35:47.132,0.70386,0.70374,1,2
12.08.2021 01:35:47.234,0.70386,0.70374,1,1.5
12.08.2021 01:35:48.102,0.7038500000000001,0.70374,1,1.5
12.08.2021 01:35:49.325,0.70386,0.70374,1,1.5
12.08.2021 01:35:55.981,0.70384,0.70375,1,1
12.08.2021 01:35:56.082,0.70384,0.7037300000000001,1,1
12.08.2021 01:36:03.234,0.70384,0.70372,1.25,1
12.08.2021 01:36:03.335,0.7038300000000001,0.70372,1,1
12.08.2021 01:36:06.587,0.70382,0.70372,1.25,1.5
12.08.2021 01:36:06.688,0.70382,0.7037100000000001,1,1.5
12.08.2021 01:36:08.033,0.7037800000000001,0.70369,1,2.25
12.08.2021 01:36:11.486,0.70377,0.7036800000000001,1,1
12.08.2021 01:36:18.382,0.7037800000000001,0.7036600000000001,1,1
12.08.2021 01:36:26.484,0.70381,0.7037,1.25,1
12.08.2021 01:36:26.585,0.70381,0.70372,1.69,1
12.08.2021 01:36:28.192,0.70382,0.7037,1.69,1.5
12.08.2021 01:36:31.952,0.70382,0.7037100000000001,1,1
12.08.2021 01:36:38.793,0.70382,0.7037,1.25,2.25
12.08.2021 01:36:41.551,0.70381,0.7037,1,1.5
12.08.2021 01:36:45.689,0.70381,0.7037100000000001,1,1
12.08.2021 01:36:45.791,0.70382,0.7037100000000001,1,1
12.08.2021 01:36:46.045,0.70382,0.70372,1,1
12.08.2021 01:36:46.146,0.7038300000000001,0.70372,1,2.25
12.08.2021 01:36:59.480,0.7038,0.70372,1,1
12.08.2021 01:36:59.581,0.70381,0.7037,1,1.5
12.08.2021 01:37:01.144,0.7037800000000001,0.7037,1,1
12.08.2021 01:37:01.195,0.7037800000000001,0.7036600000000001,1,3
12.08.2021 01:37:01.245,0.7037800000000001,0.7036800000000001,1,1
12.08.2021 01:37:05.813,0.70375,0.7036600000000001,1,1.12
12.08.2021 01:37:12.444,0.70376,0.7036600000000001,1,1.5
12.08.2021 01:37:12.545,0.7037800000000001,0.7036600000000001,1,2.25
12.08.2021 01:37:13.454,0.70377,0.7036600000000001,1,1
12.08.2021 01:37:19.331,0.70377,0.70365,1,2.25
12.08.2021 01:37:28.970,0.70377,0.7036600000000001,1,1
12.08.2021 01:37:29.910,0.70377,0.70367,1,1
12.08.2021 01:37:32.560,0.70379,0.70367,1,2.25
12.08.2021 01:37:33.772,0.70381,0.7037,1,1
12.08.2021 01:37:33.873,0.70382,0.7037,1,2.25
12.08.2021 01:37:37.578,0.7038300000000001,0.7037100000000001,1.25,1
12.08.2021 01:37:44.588,0.70382,0.7037,1,1.87
12.08.2021 01:37:44.689,0.70379,0.7037,1,1
12.08.2021 01:37:48.991,0.70379,0.70369,1.25,1.5
12.08.2021 01:37:50.095,0.70379,0.70367,1,1.87
12.08.2021 01:37:56.427,0.70379,0.70367,1,2
12.08.2021 01:37:56.634,0.70379,0.70367,1,1.5
12.08.2021 01:38:00.324,0.70376,0.70365,1,1
12.08.2021 01:38:00.526,0.70376,0.70364,1,1.87
12.08.2021 01:38:00.752,0.70376,0.70365,1,1
12.08.2021 01:38:01.363,0.70377,0.70365,1,1.5
12.08.2021 01:38:01.846,0.70377,0.7036600000000001,1,1
12.08.2021 01:38:07.497,0.70377,0.70367,1,1
12.08.2021 01:38:10.082,0.7037800000000001,0.70367,1,2.25
12.08.2021 01:38:16.337,0.70377,0.70369,1,1.87
12.08.2021 01:38:16.388,0.7038,0.7037,1,2.25
12.08.2021 01:38:17.841,0.70379,0.7036800000000001,1,1.12
12.08.2021 01:38:25.494,0.7038,0.70369,1,1
12.08.2021 01:38:26.201,0.7038,0.7037100000000001,1,1
12.08.2021 01:38:27.213,0.70382,0.7037,1,1
12.08.2021 01:38:29.498,0.70381,0.70369,1.5,1
12.08.2021 01:38:32.301,0.70381,0.70369,2.5,1
12.08.2021 01:38:33.186,0.7038,0.7036800000000001,1.25,1.87
12.08.2021 01:38:43.791,0.70382,0.7037,1,1
12.08.2021 01:38:50.685,0.7038,0.70369,1,1
12.08.2021 01:38:50.836,0.7038,0.7036800000000001,1.25,1.5
12.08.2021 01:38:51.363,0.70379,0.7036800000000001,1.25,1
12.08.2021 01:38:51.465,0.70377,0.70365,1.25,1.12
12.08.2021 01:38:51.566,0.70374,0.70362,1,1.5
12.08.2021 01:38:51.616,0.70374,0.70362,1.69,1
12.08.2021 01:38:51.717,0.70374,0.70364,1,1
12.08.2021 01:38:51.819,0.7037300000000001,0.70364,1.25,1
12.08.2021 01:38:52.071,0.70374,0.70362,1.5,1.5
12.08.2021 01:38:52.226,0.7037300000000001,0.7036100000000001,1,1.87
12.08.2021 01:38:52.579,0.7037300000000001,0.7036100000000001,2.5,1
12.08.2021 01:38:54.322,0.70372,0.7036,1.69,1
12.08.2021 01:38:57.954,0.70372,0.7036100000000001,1,1
12.08.2021 01:39:05.049,0.7037300000000001,0.7036100000000001,1.25,1
12.08.2021 01:39:05.201,0.7037300000000001,0.70362,1,1
12.08.2021 01:39:06.101,0.7037,0.7036300000000001,1,1
12.08.2021 01:39:07.043,0.70374,0.70362,1.5,1
12.08.2021 01:39:17.630,0.7037100000000001,0.70362,1,1
12.08.2021 01:39:18.572,0.70374,0.70362,1.5,1
12.08.2021 01:39:24.253,0.70374,0.7036100000000001,2.44,1
12.08.2021 01:39:27.335,0.70372,0.70362,1,1
12.08.2021 01:39:45.106,0.70372,0.7036,1,1.5
12.08.2021 01:39:45.423,0.7037100000000001,0.7036,1,1
12.08.2021 01:39:48.194,0.7037,0.7036,1,1.87
12.08.2021 01:39:49.939,0.7037,0.7035800000000001,1,1.5
12.08.2021 01:39:50.040,0.70369,0.7035800000000001,1,1.5
12.08.2021 01:39:52.563,0.7037,0.7035800000000001,1.69,1.5
12.08.2021 01:40:01.109,0.70369,0.7035800000000001,1,1.5
12.08.2021 01:40:05.137,0.7037,0.7035800000000001,1.69,1.5
12.08.2021 01:40:07.485,0.7037100000000001,0.7036100000000001,1,1
12.08.2021 01:40:17.666,0.7037300000000001,0.7036100000000001,1.5,1
12.08.2021 01:40:23.154,0.7037100000000001,0.7036100000000001,1.69,1
12.08.2021 01:40:23.255,0.7037100000000001,0.70359,1,1.5
12.08.2021 01:40:23.476,0.7037,0.70359,1,1.5
12.08.2021 01:40:32.263,0.7037,0.7035800000000001,1.69,1.5
12.08.2021 01:40:32.364,0.70367,0.70355,1.5,1
12.08.2021 01:40:32.616,0.7036600000000001,0.70357,1,1.5
12.08.2021 01:40:34.444,0.7036800000000001,0.70357,1,1
12.08.2021 01:40:35.343,0.70369,0.70357,1.5,1.5
12.08.2021 01:40:43.363,0.7036800000000001,0.70357,1,1.5
12.08.2021 01:40:46.008,0.70369,0.70357,1.5,1.5
12.08.2021 01:40:47.392,0.7036800000000001,0.7035600000000001,1.5,1.12
12.08.2021 01:40:47.494,0.70367,0.70355,1,2
12.08.2021 01:40:47.595,0.7036600000000001,0.7035600000000001,1,1.5
12.08.2021 01:40:51.734,0.7036800000000001,0.7035800000000001,1,1
12.08.2021 01:40:51.835,0.7037,0.7035800000000001,1,1.5
12.08.2021 01:40:56.448,0.70369,0.7036,1,1
12.08.2021 01:40:56.600,0.70369,0.70359,1,1
12.08.2021 01:40:57.552,0.7037,0.70359,1,1
12.08.2021 01:41:00.391,0.7037,0.7035800000000001,1,1.5
12.08.2021 01:41:05.372,0.70369,0.70357,1,1.5
12.08.2021 01:41:10.773,0.70367,0.70355,1,1.5
12.08.2021 01:41:11.132,0.70367,0.7035600000000001,1.5,1
12.08.2021 01:41:12.173,0.70367,0.70355,1.5,1.69
12.08.2021 01:41:13.633,0.70364,0.7035399999999999,1.25,1
12.08.2021 01:41:13.684,0.70364,0.70352,1.25,1.12
12.08.2021 01:41:13.735,0.70362,0.7035100000000001,1,1.5
12.08.2021 01:41:13.785,0.70365,0.7035300000000001,1.87,2.44
12.08.2021 01:41:13.887,0.70364,0.70355,1,1
12.08.2021 01:41:13.988,0.7036600000000001,0.7035399999999999,1.5,1
12.08.2021 01:41:14.773,0.7036600000000001,0.7035399999999999,2.5,1
12.08.2021 01:41:14.824,0.7036300000000001,0.70352,1,1.5
12.08.2021 01:41:14.926,0.7036300000000001,0.7035399999999999,1,1.69
12.08.2021 01:41:15.028,0.7036600000000001,0.7035399999999999,1.5,1
12.08.2021 01:41:16.074,0.70365,0.7035300000000001,1.25,1
12.08.2021 01:41:16.176,0.7036300000000001,0.7035100000000001,1,1.5
12.08.2021 01:41:16.277,0.70364,0.7035300000000001,1,1.87
12.08.2021 01:41:16.378,0.70365,0.7035399999999999,1,1
12.08.2021 01:41:28.461,0.70365,0.7035300000000001,1.69,1
12.08.2021 01:41:28.563,0.7036300000000001,0.70352,1,1
12.08.2021 01:41:28.714,0.70364,0.7035300000000001,1,4
12.08.2021 01:41:28.916,0.70365,0.7035399999999999,1.5,1.25
12.08.2021 01:41:36.040,0.70365,0.7035399999999999,1,2.5
12.08.2021 01:41:36.848,0.70365,0.7035399999999999,1,1.69
12.08.2021 01:41:39.637,0.70365,0.7035300000000001,2.5,1
12.08.2021 01:41:39.739,0.70362,0.7035100000000001,1.25,1.12
12.08.2021 01:41:39.840,0.70362,0.7035300000000001,1.75,1
12.08.2021 01:41:39.941,0.70365,0.7035300000000001,1.5,3
12.08.2021 01:41:40.043,0.70365,0.7035399999999999,1,1
12.08.2021 01:41:40.787,0.70365,0.7035300000000001,2.5,1
12.08.2021 01:41:40.888,0.70362,0.70352,1.5,1.87
12.08.2021 01:41:40.989,0.7036300000000001,0.7035100000000001,2.5,1
12.08.2021 01:41:41.090,0.70362,0.7035,1.25,1
12.08.2021 01:41:41.778,0.7036,0.7035100000000001,1.25,1
12.08.2021 01:41:41.879,0.7036,0.7035,1.69,1
12.08.2021 01:41:41.930,0.70355,0.70344,1.25,1.5
12.08.2021 01:41:42.031,0.7035399999999999,0.70343,1.5,1.87
12.08.2021 01:41:42.132,0.7035300000000001,0.70343,1,1.12
12.08.2021 01:41:42.233,0.7035300000000001,0.70342,1.5,1
12.08.2021 01:41:45.759,0.7035300000000001,0.70344,1,1
12.08.2021 01:41:45.810,0.70355,0.70344,1.5,1
12.08.2021 01:41:45.911,0.70355,0.70345,1,1
12.08.2021 01:41:47.963,0.7035600000000001,0.70345,1.5,1
12.08.2021 01:41:48.064,0.7035800000000001,0.70347,1.5,1.25
12.08.2021 01:41:48.166,0.7035600000000001,0.70347,1,1
12.08.2021 01:41:48.267,0.7035800000000001,0.70347,1,1
12.08.2021 01:41:49.443,0.70355,0.70345,1,1.5
12.08.2021 01:41:53.163,0.70355,0.70344,1.25,1
12.08.2021 01:41:53.264,0.7035399999999999,0.70343,1,1
12.08.2021 01:41:53.366,0.7035399999999999,0.70345,1.5,2.87
12.08.2021 01:42:01.615,0.7035300000000001,0.70345,1,1
12.08.2021 01:42:01.715,0.70352,0.70343,1,1
12.08.2021 01:42:01.817,0.7035399999999999,0.70343,1,4
12.08.2021 01:42:01.867,0.70355,0.7034600000000001,1.5,1
12.08.2021 01:42:03.761,0.70355,0.70345,1,1
12.08.2021 01:42:05.481,0.70355,0.7034600000000001,1.5,1
12.08.2021 01:42:05.582,0.7035300000000001,0.70342,1,1
12.08.2021 01:42:07.649,0.7035,0.7034100000000001,1,1.87
12.08.2021 01:42:07.851,0.7035100000000001,0.70339,1,1
12.08.2021 01:42:07.953,0.70349,0.70338,1,1.12
12.08.2021 01:42:08.165,0.7034800000000001,0.70338,1,1.12
12.08.2021 01:42:08.267,0.7034800000000001,0.70337,1,1
12.08.2021 01:42:08.369,0.70342,0.70333,1,2
12.08.2021 01:42:08.419,0.70343,0.7033200000000001,1,1.5
12.08.2021 01:42:10.781,0.7034100000000001,0.70329,1,1.13
12.08.2021 01:42:10.882,0.70338,0.70329,1,1
12.08.2021 01:42:11.384,0.70337,0.70328,1,2.25
12.08.2021 01:42:12.589,0.70338,0.7032600000000001,1,2.25
12.08.2021 01:42:12.746,0.70338,0.7032700000000001,1,1
12.08.2021 01:42:12.848,0.70335,0.70324,1,1.5
12.08.2021 01:42:16.994,0.7033600000000001,0.70324,1,2.25
12.08.2021 01:42:17.096,0.7034,0.7033,2.06,1.5
12.08.2021 01:42:17.197,0.7034,0.70329,1,1.5
12.08.2021 01:42:17.298,0.7034,0.70328,1.25,1
12.08.2021 01:42:17.400,0.7034,0.7033100000000001,1,1.5
12.08.2021 01:42:18.363,0.70339,0.7033,1,1.5
12.08.2021 01:42:18.464,0.70335,0.70324,1,1.5
12.08.2021 01:42:18.571,0.70334,0.70325,1,1
12.08.2021 01:42:21.115,0.7033600000000001,0.70325,1,1
12.08.2021 01:42:22.478,0.70337,0.7032600000000001,1,1
12.08.2021 01:42:22.579,0.70342,0.7033200000000001,1,2.25
12.08.2021 01:42:22.681,0.70344,0.70333,2.06,1
12.08.2021 01:42:30.921,0.70345,0.70334,2.5,1
12.08.2021 01:42:33.822,0.70344,0.70335,1.69,1
12.08.2021 01:42:34.187,0.7034600000000001,0.70335,1.69,1
12.08.2021 01:42:35.604,0.70347,0.70335,1.69,1
12.08.2021 01:42:40.423,0.70347,0.7033600000000001,1,1
12.08.2021 01:42:40.525,0.7035,0.70339,1.87,1
12.08.2021 01:42:40.626,0.7035,0.7034,1.12,1
12.08.2021 01:42:40.728,0.7035,0.70342,1,1
12.08.2021 01:42:41.629,0.7035300000000001,0.70342,4.5,1
12.08.2021 01:42:42.501,0.70352,0.70343,1.69,1
12.08.2021 01:42:46.622,0.70355,0.70344,1,1
12.08.2021 01:42:47.755,0.70355,0.70345,1,1
12.08.2021 01:42:50.964,0.7035399999999999,0.70345,1.69,1
12.08.2021 01:42:53.012,0.7035300000000001,0.70342,1.25,1
12.08.2021 01:42:53.273,0.7035399999999999,0.70343,1.5,1
12.08.2021 01:42:53.475,0.7035399999999999,0.70344,1.87,1
12.08.2021 01:42:57.054,0.70355,0.70344,2.25,1
12.08.2021 01:42:59.306,0.7035399999999999,0.70342,1,1.5
12.08.2021 01:43:06.486,0.70355,0.70343,1.5,1
12.08.2021 01:43:15.420,0.7035300000000001,0.70344,1,1
12.08.2021 01:43:15.521,0.70352,0.70342,1,1.5
12.08.2021 01:43:15.674,0.70352,0.7034100000000001,1,1
12.08.2021 01:43:17.099,0.7035100000000001,0.70339,1,1
12.08.2021 01:43:17.250,0.7034800000000001,0.7033600000000001,1,1
12.08.2021 01:43:17.604,0.7034600000000001,0.70334,1,1.12
12.08.2021 01:43:28.686,0.7034600000000001,0.70333,1.69,1
12.08.2021 01:43:29.917,0.7034600000000001,0.70334,1,1
12.08.2021 01:43:30.019,0.70347,0.70335,1.5,1
12.08.2021 01:43:30.583,0.7034600000000001,0.70334,1,1
12.08.2021 01:43:39.284,0.70347,0.70335,1.5,1
12.08.2021 01:43:40.797,0.70347,0.70334,1.5,1.5
12.08.2021 01:43:41.478,0.70347,0.70335,2.25,1
12.08.2021 01:43:41.938,0.7034600000000001,0.70334,1,1
12.08.2021 01:43:43.031,0.70347,0.70335,2.25,1
12.08.2021 01:43:48.155,0.70347,0.70334,1.5,1
12.08.2021 01:43:50.550,0.7034600000000001,0.70334,1,1
12.08.2021 01:43:51.063,0.70347,0.70335,1.5,1
12.08.2021 01:43:54.719,0.70345,0.70334,1,1.12
12.08.2021 01:43:55.403,0.70347,0.70334,1.5,1
12.08.2021 01:43:55.555,0.70343,0.70335,1,1
12.08.2021 01:43:56.485,0.70347,0.70334,1.5,1
12.08.2021 01:44:01.219,0.70345,0.70334,1,1
12.08.2021 01:44:04.528,0.7035100000000001,0.70339,2,1
12.08.2021 01:44:04.630,0.7035100000000001,0.70339,1,1
12.08.2021 01:44:07.213,0.7035300000000001,0.7034,1.69,1
12.08.2021 01:44:08.293,0.70352,0.70342,1,1
12.08.2021 01:44:08.452,0.7035100000000001,0.7034100000000001,1,1
12.08.2021 01:44:10.505,0.7035300000000001,0.7034100000000001,1.5,1
12.08.2021 01:44:18.723,0.7035300000000001,0.70342,1,1
12.08.2021 01:44:20.263,0.7035300000000001,0.7034100000000001,1.5,1
12.08.2021 01:44:26.031,0.70352,0.7034,1.5,1
12.08.2021 01:44:26.132,0.7035100000000001,0.70339,1,1
12.08.2021 01:45:01.778,0.7035100000000001,0.70342,1,1
12.08.2021 01:45:01.829,0.7035399999999999,0.70342,1.5,1
12.08.2021 01:45:03.804,0.7035399999999999,0.70342,2.37,1
12.08.2021 01:45:04.853,0.7035399999999999,0.70342,1,1
12.08.2021 01:45:13.362,0.7035300000000001,0.7034100000000001,1,1
12.08.2021 01:45:15.444,0.7035300000000001,0.7034100000000001,2,1
12.08.2021 01:45:16.400,0.7035300000000001,0.7034100000000001,1.5,1
12.08.2021 01:45:29.760,0.7035100000000001,0.7034,1,1
12.08.2021 01:45:29.861,0.70352,0.7034,2.25,1
12.08.2021 01:45:29.962,0.7035100000000001,0.70339,1.5,1
12.08.2021 01:45:34.993,0.70349,0.7034,1,1
12.08.2021 01:45:36.331,0.7035100000000001,0.70339,2.25,1
12.08.2021 01:45:42.382,0.70349,0.7034,1,1
12.08.2021 01:45:44.168,0.7035,0.70338,1.5,1
12.08.2021 01:45:50.440,0.7035100000000001,0.70338,2.25,1
12.08.2021 01:45:59.715,0.7035300000000001,0.7034100000000001,1,1
12.08.2021 01:45:59.817,0.7035399999999999,0.7034100000000001,3,1
12.08.2021 01:46:02.654,0.7035399999999999,0.7034100000000001,1.5,1.75
12.08.2021 01:46:03.008,0.7035300000000001,0.70343,1,2.5
12.08.2021 01:46:03.308,0.7035399999999999,0.70342,1,1.25
12.08.2021 01:46:03.467,0.70355,0.70342,1.5,1
12.08.2021 01:46:14.733,0.7035399999999999,0.70344,1,1
12.08.2021 01:46:21.145,0.70355,0.70342,1,1.69
12.08.2021 01:46:39.572,0.7035399999999999,0.70342,1,1.25
12.08.2021 01:46:42.584,0.7035399999999999,0.70342,1,2.5
12.08.2021 01:46:43.467,0.70355,0.70342,1.87,2.5
12.08.2021 01:47:39.012,0.7035399999999999,0.70343,1,1
12.08.2021 01:47:44.523,0.70355,0.70343,1.5,1
12.08.2021 01:48:06.848,0.70355,0.70343,3.5,1
12.08.2021 01:48:07.099,0.70355,0.70343,3,1
12.08.2021 01:48:08.744,0.7035100000000001,0.7034100000000001,1,1
12.08.2021 01:48:08.795,0.70349,0.7034,1,1.12
12.08.2021 01:48:08.846,0.70347,0.70337,1,2
12.08.2021 01:48:08.947,0.7034600000000001,0.70335,1,1
12.08.2021 01:48:09.048,0.70344,0.70335,1,1.25
12.08.2021 01:48:09.812,0.70347,0.7033600000000001,1.5,1
12.08.2021 01:48:13.594,0.70347,0.70337,1.5,1
12.08.2021 01:48:13.695,0.7035100000000001,0.7034,2.25,1
12.08.2021 01:48:13.796,0.7035,0.7034,1,1
12.08.2021 01:48:13.998,0.7035100000000001,0.7034,1,1
12.08.2021 01:48:16.397,0.7035,0.7034,1,1
12.08.2021 01:48:16.599,0.7035,0.70339,1.5,1
12.08.2021 01:48:22.062,0.7035,0.70338,1.5,1
12.08.2021 01:48:26.224,0.7035,0.70339,1,1
12.08.2021 01:48:34.902,0.7035100000000001,0.7034,1.5,1
12.08.2021 01:48:39.149,0.7035,0.70339,1,1
12.08.2021 01:48:44.032,0.7035,0.70338,1.5,1
12.08.2021 01:48:56.179,0.7034800000000001,0.70338,1,1
12.08.2021 01:48:58.744,0.70347,0.70338,1,1
12.08.2021 01:48:58.795,0.70347,0.70335,2.25,1
12.08.2021 01:48:58.896,0.7034600000000001,0.70334,2.25,1
12.08.2021 01:48:58.999,0.70345,0.70333,1,1
12.08.2021 01:48:59.263,0.70343,0.70334,1,1
12.08.2021 01:48:59.491,0.70345,0.70333,1,1
12.08.2021 01:49:06.719,0.7034600000000001,0.70334,2.25,1
12.08.2021 01:49:22.778,0.70344,0.70334,1,1
12.08.2021 01:49:30.932,0.7034600000000001,0.70334,1.5,1
12.08.2021 01:49:36.232,0.70347,0.70335,3,1
12.08.2021 01:49:42.262,0.7034800000000001,0.7033600000000001,2.25,1
12.08.2021 01:49:48.115,0.7035100000000001,0.70339,1.5,1
12.08.2021 01:50:14.591,0.70349,0.70339,1,1
12.08.2021 01:50:14.642,0.7034800000000001,0.70338,1.5,1
12.08.2021 01:50:17.978,0.7035,0.70338,1.5,1
12.08.2021 01:50:19.804,0.7035100000000001,0.70339,1.5,1
12.08.2021 01:50:20.349,0.7035399999999999,0.70342,3,1
12.08.2021 01:50:20.501,0.7035399999999999,0.70343,1.5,1
12.08.2021 01:50:33.063,0.7035600000000001,0.70344,1.5,1
12.08.2021 01:50:39.665,0.70355,0.7034600000000001,1,1
12.08.2021 01:50:39.817,0.7035600000000001,0.70347,1,1
12.08.2021 01:50:39.868,0.7035800000000001,0.70349,1.5,1
12.08.2021 01:50:39.969,0.7036100000000001,0.7035,2,1
12.08.2021 01:50:40.070,0.7036100000000001,0.7035100000000001,1.5,1
12.08.2021 01:50:40.171,0.7036100000000001,0.7035100000000001,1,1
12.08.2021 01:50:40.272,0.7036100000000001,0.70352,2.06,1
12.08.2021 01:50:42.050,0.7036300000000001,0.7035100000000001,1.87,1
12.08.2021 01:50:42.772,0.7036300000000001,0.70352,1.12,1
12.08.2021 01:50:48.169,0.70362,0.70352,1.5,1
12.08.2021 01:50:49.610,0.70362,0.7035100000000001,1,1
12.08.2021 01:50:49.661,0.7036300000000001,0.7035300000000001,1.5,1
12.08.2021 01:50:50.572,0.70365,0.7035300000000001,1.62,1
12.08.2021 01:50:50.783,0.70365,0.7035300000000001,1,1
12.08.2021 01:50:53.904,0.70364,0.70355,1,1
12.08.2021 01:50:54.005,0.7036600000000001,0.7035399999999999,1.5,1
12.08.2021 01:51:02.100,0.70365,0.7035399999999999,1,1
12.08.2021 01:51:07.594,0.7036300000000001,0.70352,1,1
12.08.2021 01:51:10.314,0.7036300000000001,0.7035100000000001,1.5,1
12.08.2021 01:51:11.963,0.70365,0.70355,1.87,1
12.08.2021 01:51:17.681,0.70367,0.70355,1,1
12.08.2021 01:51:18.154,0.70369,0.70357,1,1.5
12.08.2021 01:51:18.255,0.7037100000000001,0.70359,1,1.5
12.08.2021 01:51:24.558,0.70369,0.7035800000000001,1.5,1
12.08.2021 01:51:24.659,0.70369,0.70357,1.5,1
12.08.2021 01:51:24.761,0.7036800000000001,0.7035600000000001,1,1
12.08.2021 01:51:25.014,0.7036800000000001,0.70357,1,1.25
12.08.2021 01:51:25.065,0.7037,0.7035800000000001,1,1
12.08.2021 01:51:26.321,0.7037100000000001,0.70359,1,1
12.08.2021 01:51:32.434,0.70372,0.7036,1,1
12.08.2021 01:51:37.613,0.7037100000000001,0.7036,1,1
12.08.2021 01:51:37.756,0.7037100000000001,0.70359,1.5,1
