Gmt time,Ask,Bid,AskVolume,BidVolume
03.08.2021 00:00:00.123,0.6987,0.69855,1.75,2.25
03.08.2021 00:00:03.563,0.6987,0.6985800000000001,1,1.94
03.08.2021 00:00:03.664,0.6987,0.69859,1,1.25
03.08.2021 00:00:03.866,0.69871,0.6985800000000001,1,1.25
03.08.2021 00:00:08.725,0.69871,0.6985800000000001,1,1.25
03.08.2021 00:00:29.648,0.69871,0.6985800000000001,1.5,1.25
03.08.2021 00:00:29.851,0.6987,0.69859,1,1.25
03.08.2021 00:00:32.932,0.6987,0.6985800000000001,1,1.87
03.08.2021 00:00:33.033,0.6987,0.69857,1,1.87
03.08.2021 00:00:33.134,0.6986300000000001,0.69857,1,1
03.08.2021 00:00:33.185,0.69862,0.6985300000000001,1,1.5
03.08.2021 00:00:33.286,0.6986300000000001,0.6985100000000001,1,1.12
03.08.2021 00:00:33.387,0.6986100000000001,0.6984899999999999,1,2
03.08.2021 00:00:33.539,0.6986100000000001,0.6984899999999999,1,1.5
03.08.2021 00:00:48.698,0.6986,0.6984899999999999,1,1.5
03.08.2021 00:00:51.560,0.6986600000000001,0.6985600000000001,1.12,1
03.08.2021 00:00:51.662,0.69869,0.69857,1.62,1.5
03.08.2021 00:00:51.763,0.69869,0.69857,1,1.5
03.08.2021 00:00:51.864,0.6986800000000001,0.69859,1,1
03.08.2021 00:00:51.966,0.6987,0.6985800000000001,1,1
03.08.2021 00:00:53.721,0.6987,0.6985800000000001,1,1.5
03.08.2021 00:00:53.952,0.69869,0.69859,1,1
03.08.2021 00:01:01.086,0.69871,0.6985800000000001,1,1
03.08.2021 00:01:21.229,0.69872,0.6985800000000001,1.5,1
03.08.2021 00:01:22.846,0.69871,0.6985800000000001,1.5,2.62
03.08.2021 00:01:44.438,0.69872,0.6985800000000001,1.5,1
03.08.2021 00:01:48.265,0.69872,0.69859,2.44,1.5
03.08.2021 00:01:48.366,0.69876,0.6986300000000001,1.5,1.12
03.08.2021 00:01:48.468,0.6988000000000001,0.6986800000000001,2,1
03.08.2021 00:01:48.569,0.6988000000000001,0.69869,1,1
03.08.2021 00:01:48.670,0.69881,0.69869,1,1
03.08.2021 00:01:52.007,0.69882,0.69869,1.5,1
03.08.2021 00:01:52.058,0.6988300000000001,0.69871,1,1
03.08.2021 00:01:52.109,0.6988500000000001,0.69872,1,1
03.08.2021 00:01:52.210,0.6988500000000001,0.69874,1.12,1
03.08.2021 00:01:53.186,0.6988500000000001,0.6987300000000001,1,1
03.08.2021 00:01:53.686,0.6988500000000001,0.69872,1,1
03.08.2021 00:02:06.282,0.69884,0.69872,1,1
03.08.2021 00:02:10.144,0.6988300000000001,0.69872,1,1
03.08.2021 00:02:11.425,0.6988300000000001,0.69871,1,1
03.08.2021 00:02:11.680,0.69881,0.69871,1,1
03.08.2021 00:02:11.782,0.69882,0.69871,1,1
03.08.2021 00:02:12.156,0.69881,0.6987,1,1
03.08.2021 00:02:16.303,0.69881,0.6986800000000001,1,1.12
03.08.2021 00:02:16.404,0.6988000000000001,0.6986800000000001,1,1
03.08.2021 00:02:25.051,0.69881,0.6986800000000001,1,1
03.08.2021 00:02:41.919,0.6988000000000001,0.6986800000000001,1,1
03.08.2021 00:02:43.647,0.69881,0.6986800000000001,1,1
03.08.2021 00:02:43.800,0.6988300000000001,0.6987,1,1
03.08.2021 00:02:43.902,0.69884,0.6987,1,1
03.08.2021 00:02:44.206,0.6988500000000001,0.6987,1.5,1
03.08.2021 00:02:44.376,0.69884,0.6987300000000001,1,1
03.08.2021 00:02:45.489,0.6988300000000001,0.69872,1,1
03.08.2021 00:02:46.426,0.69884,0.69872,1,1
03.08.2021 00:02:55.940,0.69884,0.69871,1,1
03.08.2021 00:02:55.991,0.69884,0.69869,1,1.87
03.08.2021 00:03:01.967,0.69887,0.69875,1,1.87
03.08.2021 00:03:02.068,0.6988800000000001,0.69875,1,2.62
03.08.2021 00:03:03.285,0.6988800000000001,0.69875,1,3.87
03.08.2021 00:03:07.068,0.6988800000000001,0.69876,1,3.12
03.08.2021 00:03:09.640,0.6988500000000001,0.6987300000000001,2.88,1.5
03.08.2021 00:03:09.691,0.69882,0.6986800000000001,1.25,3
03.08.2021 00:03:09.792,0.69881,0.6986800000000001,1.25,5
03.08.2021 00:03:09.893,0.69882,0.6986600000000001,2.5,2.94
03.08.2021 00:03:10.796,0.69882,0.69865,2.5,5
03.08.2021 00:03:11.932,0.69879,0.6986600000000001,1,5
03.08.2021 00:03:20.428,0.6988000000000001,0.69867,1,1
03.08.2021 00:03:22.117,0.6988000000000001,0.6986600000000001,1,3.56
03.08.2021 00:03:23.226,0.69879,0.6986800000000001,1,1
03.08.2021 00:03:35.655,0.6988000000000001,0.6986800000000001,1,1.12
03.08.2021 00:03:35.706,0.69882,0.6987,1,1
03.08.2021 00:03:36.266,0.69884,0.6987,1.25,1
03.08.2021 00:03:41.448,0.69882,0.6986800000000001,1,1.5
03.08.2021 00:03:41.600,0.69882,0.6986800000000001,1,1
03.08.2021 00:03:49.016,0.69882,0.69867,1.69,1.12
03.08.2021 00:04:17.149,0.69882,0.69869,1,1
03.08.2021 00:04:17.543,0.6988300000000001,0.69869,1.25,1
03.08.2021 00:04:27.629,0.69882,0.69867,1.75,2
03.08.2021 00:04:27.730,0.6988000000000001,0.6986800000000001,1.25,1.12
03.08.2021 00:04:27.933,0.69874,0.6986300000000001,1.25,1.5
03.08.2021 00:04:27.984,0.69874,0.6986,2.5,1.5
03.08.2021 00:04:28.135,0.6987300000000001,0.6985800000000001,2.44,3.5
03.08.2021 00:04:28.742,0.6987300000000001,0.6985800000000001,2.44,3.37
03.08.2021 00:04:29.365,0.69872,0.6985800000000001,1.25,1.87
03.08.2021 00:04:31.910,0.69872,0.69857,1.25,2.75
03.08.2021 00:04:35.733,0.69876,0.69865,1.5,1.12
03.08.2021 00:04:35.834,0.6987800000000001,0.69864,3.25,2.94
03.08.2021 00:04:36.796,0.6987800000000001,0.69865,1.69,1.12
03.08.2021 00:04:36.908,0.69876,0.6986600000000001,1.25,1.12
03.08.2021 00:04:37.065,0.69877,0.6986600000000001,1.25,1.12
03.08.2021 00:04:37.701,0.69876,0.6986600000000001,1.25,1.12
03.08.2021 00:04:38.121,0.6987800000000001,0.6986600000000001,3.25,1.12
03.08.2021 00:04:38.277,0.69877,0.69865,1.25,1.12
03.08.2021 00:04:38.401,0.69879,0.69865,3.25,1.12
03.08.2021 00:04:40.146,0.69876,0.6986600000000001,1.25,1.12
03.08.2021 00:04:40.248,0.69879,0.69865,3.25,2.62
03.08.2021 00:04:40.369,0.69877,0.69865,1.25,2.62
03.08.2021 00:04:41.524,0.69879,0.69865,3.25,2.62
03.08.2021 00:04:47.461,0.69877,0.69865,1.25,1.12
03.08.2021 00:04:47.562,0.69876,0.6986300000000001,1.25,3.5
03.08.2021 00:04:47.664,0.69875,0.69862,1.25,1.5
03.08.2021 00:04:47.765,0.69875,0.69862,1.25,1
03.08.2021 00:04:47.866,0.69875,0.6986100000000001,1.75,1
03.08.2021 00:04:48.018,0.6987300000000001,0.6986,1.25,1
03.08.2021 00:04:48.220,0.69872,0.6986,1.25,1
03.08.2021 00:04:48.321,0.69872,0.69859,1.25,1
03.08.2021 00:04:48.893,0.69872,0.6985800000000001,1.25,1.87
03.08.2021 00:04:50.164,0.69872,0.6985800000000001,1.25,1.87
03.08.2021 00:04:50.474,0.6987300000000001,0.6985800000000001,2.5,1.87
03.08.2021 00:04:58.168,0.6987300000000001,0.6985800000000001,1.69,2.25
03.08.2021 00:05:00.893,0.69874,0.6986,1.25,1
03.08.2021 00:05:01.278,0.69875,0.6986,1.69,1.5
03.08.2021 00:05:11.290,0.69877,0.6986300000000001,1.25,3
03.08.2021 00:05:11.392,0.6987800000000001,0.69865,1.25,2.62
03.08.2021 00:05:11.675,0.69879,0.69865,1.69,2.62
03.08.2021 00:05:13.904,0.69879,0.6986600000000001,1.25,1
03.08.2021 00:05:45.209,0.69879,0.69865,1.25,5.25
03.08.2021 00:05:46.184,0.69877,0.69865,1,1
03.08.2021 00:05:46.235,0.69876,0.69862,1.25,1.5
03.08.2021 00:05:46.389,0.69876,0.69862,1.25,1
03.08.2021 00:05:47.308,0.69876,0.6986100000000001,1.25,3
03.08.2021 00:05:47.561,0.69874,0.69862,1,1.5
03.08.2021 00:05:47.858,0.6987300000000001,0.6986100000000001,1,1.5
03.08.2021 00:05:49.582,0.69874,0.6986100000000001,1,1.5
03.08.2021 00:05:51.282,0.69874,0.69865,1,1.5
03.08.2021 00:05:51.334,0.6987800000000001,0.69865,1.75,1.5
03.08.2021 00:05:51.435,0.69877,0.69864,1,1
03.08.2021 00:05:51.537,0.69877,0.69865,1,3
03.08.2021 00:05:52.516,0.69877,0.69862,2.5,1.5
03.08.2021 00:05:52.567,0.69877,0.69862,2.5,1
03.08.2021 00:05:52.668,0.69875,0.69862,1,1
03.08.2021 00:05:52.883,0.6987300000000001,0.6986300000000001,1,1
03.08.2021 00:05:53.575,0.6987300000000001,0.69862,1,1
03.08.2021 00:06:07.238,0.69872,0.69862,1,1.12
03.08.2021 00:06:08.778,0.6987300000000001,0.69862,1,1
03.08.2021 00:06:10.734,0.69875,0.6986100000000001,1,1
03.08.2021 00:06:10.785,0.6987800000000001,0.69865,1,2.62
03.08.2021 00:06:10.886,0.69879,0.69865,1.5,2.62
03.08.2021 00:06:10.987,0.69879,0.6986600000000001,1.5,1
03.08.2021 00:06:11.290,0.6987800000000001,0.6986800000000001,1.5,1
03.08.2021 00:06:16.920,0.6988000000000001,0.69867,1,1
03.08.2021 00:06:22.048,0.69881,0.69867,1,2.62
03.08.2021 00:06:22.813,0.69881,0.6986800000000001,1,1
03.08.2021 00:06:22.964,0.69882,0.6986800000000001,1.25,1.5
03.08.2021 00:06:23.516,0.69881,0.6986800000000001,1,1.5
03.08.2021 00:06:40.398,0.69881,0.69869,1,2
03.08.2021 00:06:47.705,0.69882,0.6987,1,1
03.08.2021 00:06:47.946,0.69882,0.69869,1,1
03.08.2021 00:06:53.252,0.69881,0.69869,1,1
03.08.2021 00:06:54.599,0.69881,0.69867,1.25,1.12
03.08.2021 00:07:09.845,0.69879,0.69865,1.69,3.37
03.08.2021 00:07:10.288,0.69879,0.6986800000000001,1,1
03.08.2021 00:07:24.693,0.69879,0.69867,1,1
03.08.2021 00:07:27.472,0.69881,0.69867,1.5,1
03.08.2021 00:07:29.070,0.69881,0.6986800000000001,1,1
03.08.2021 00:07:29.171,0.69882,0.6986800000000001,1.5,1
03.08.2021 00:07:40.620,0.6988500000000001,0.6987300000000001,2,2.25
03.08.2021 00:07:40.721,0.6988300000000001,0.6987300000000001,1.12,1
03.08.2021 00:07:40.772,0.6988300000000001,0.6987,1,1.25
03.08.2021 00:07:48.380,0.69882,0.6986800000000001,1,1.12
03.08.2021 00:07:48.959,0.69881,0.6986800000000001,2.44,1
03.08.2021 00:08:03.273,0.69881,0.69869,1,1
03.08.2021 00:08:03.375,0.69881,0.6986800000000001,1,1
03.08.2021 00:08:18.526,0.6988000000000001,0.6986800000000001,1,1
03.08.2021 00:08:27.766,0.6988000000000001,0.6986600000000001,1,2
03.08.2021 00:08:28.147,0.6988000000000001,0.6986600000000001,1,1.87
03.08.2021 00:08:30.694,0.69877,0.69864,1,1.5
03.08.2021 00:08:30.745,0.69876,0.69864,1.69,1.5
03.08.2021 00:08:30.847,0.69876,0.6986100000000001,1,4.25
03.08.2021 00:08:30.948,0.69876,0.6986100000000001,1,3.75
03.08.2021 00:08:31.212,0.69874,0.69862,1,2.25
03.08.2021 00:08:32.767,0.69875,0.6986,2.44,1
03.08.2021 00:08:37.386,0.69874,0.6986,1,1
03.08.2021 00:08:39.205,0.69875,0.6986,2.44,1.5
03.08.2021 00:08:42.009,0.69876,0.69862,1.25,2.62
03.08.2021 00:08:42.110,0.69875,0.69862,1,1.12
03.08.2021 00:08:49.485,0.69874,0.6986100000000001,1,1
03.08.2021 00:08:58.178,0.69874,0.69859,1.5,1
03.08.2021 00:09:01.549,0.69872,0.6986,1,1
03.08.2021 00:09:16.549,0.6987300000000001,0.6986,1.5,1
03.08.2021 00:09:27.619,0.6987300000000001,0.6985800000000001,1.69,1.5
03.08.2021 00:09:27.995,0.69872,0.69857,1.5,2.62
03.08.2021 00:09:31.663,0.6986800000000001,0.6985600000000001,1,1.5
03.08.2021 00:09:31.714,0.6986800000000001,0.6985300000000001,2.5,2.75
03.08.2021 00:09:31.816,0.69867,0.69852,2.44,1.12
03.08.2021 00:09:31.917,0.6986600000000001,0.69852,1,1
03.08.2021 00:09:32.274,0.6986600000000001,0.6985100000000001,1.5,1.5
03.08.2021 00:09:39.306,0.69865,0.6985,1.5,1.5
03.08.2021 00:09:39.537,0.69864,0.6985,1.5,1
03.08.2021 00:09:43.194,0.69864,0.6984899999999999,3.56,1
03.08.2021 00:09:44.759,0.6986300000000001,0.6984800000000001,1,1.5
03.08.2021 00:09:45.924,0.6986300000000001,0.6984899999999999,1,1
03.08.2021 00:09:50.343,0.6986300000000001,0.6985,2.81,1.5
03.08.2021 00:09:50.952,0.69864,0.6984899999999999,2.87,1.5
03.08.2021 00:10:00.380,0.69862,0.6984899999999999,1.25,1.5
03.08.2021 00:10:00.997,0.6986300000000001,0.6984800000000001,2.56,1.5
03.08.2021 00:10:01.998,0.6986300000000001,0.6984800000000001,1.69,1.5
03.08.2021 00:10:12.688,0.6986300000000001,0.6984899999999999,1,1
03.08.2021 00:10:12.995,0.6986300000000001,0.6984800000000001,1.25,1.5
03.08.2021 00:10:34.712,0.6986300000000001,0.6985,1.12,1
03.08.2021 00:10:34.813,0.69865,0.6985300000000001,1,2.25
03.08.2021 00:10:34.965,0.69865,0.69852,1,1.12
03.08.2021 00:10:35.015,0.6986600000000001,0.69852,1,1.12
03.08.2021 00:10:43.462,0.6986800000000001,0.6985600000000001,2.25,3.37
03.08.2021 00:10:47.990,0.69869,0.69857,1.75,1
03.08.2021 00:10:48.091,0.69872,0.69859,1.12,1
03.08.2021 00:10:48.142,0.6987300000000001,0.6986300000000001,1,2.25
03.08.2021 00:10:48.243,0.69872,0.6986300000000001,1.25,1
03.08.2021 00:10:48.294,0.6987300000000001,0.6986,1.75,1
03.08.2021 00:10:48.714,0.69876,0.69865,2.06,1.5
03.08.2021 00:10:48.815,0.69879,0.69867,1.12,1.5
03.08.2021 00:10:48.916,0.69879,0.6986800000000001,1,1.5
03.08.2021 00:10:49.118,0.6988000000000001,0.6986800000000001,1,1.5
03.08.2021 00:10:49.219,0.69881,0.6986800000000001,1,3
03.08.2021 00:10:50.627,0.69881,0.6987,1,1
03.08.2021 00:10:50.728,0.69882,0.6987,1,1.5
03.08.2021 00:10:50.930,0.6988300000000001,0.6987,1,1.5
03.08.2021 00:10:55.861,0.6988300000000001,0.69871,1,1
03.08.2021 00:10:59.030,0.6988300000000001,0.6987300000000001,1,1
03.08.2021 00:10:59.289,0.6988300000000001,0.69872,1,1
03.08.2021 00:11:01.053,0.69884,0.69872,1,1
03.08.2021 00:11:01.155,0.69887,0.69876,1,1
03.08.2021 00:11:01.256,0.69887,0.69877,1,1
03.08.2021 00:11:01.357,0.69887,0.6987800000000001,1,1
03.08.2021 00:11:07.042,0.6989000000000001,0.69879,1,1
03.08.2021 00:11:07.144,0.69893,0.6987800000000001,2.69,1
03.08.2021 00:11:08.455,0.69893,0.6987800000000001,1.69,1.5
03.08.2021 00:11:09.968,0.69891,0.6987800000000001,1,1
03.08.2021 00:11:16.413,0.6989000000000001,0.6987800000000001,1,1.5
03.08.2021 00:11:16.935,0.69892,0.69877,2.25,2.44
03.08.2021 00:11:17.037,0.69892,0.6987800000000001,1,1
03.08.2021 00:11:21.867,0.69894,0.6988000000000001,1,1.5
03.08.2021 00:11:21.968,0.69899,0.6988500000000001,2.75,2.62
03.08.2021 00:11:22.069,0.6990000000000001,0.69886,1.5,1
03.08.2021 00:11:22.171,0.6990000000000001,0.69887,1,1
03.08.2021 00:11:37.557,0.69901,0.69887,1.5,1.12
03.08.2021 00:11:47.438,0.69901,0.69889,1.5,1
03.08.2021 00:11:48.283,0.69902,0.6988800000000001,1.5,1.5
03.08.2021 00:11:48.384,0.69902,0.69894,1,1
03.08.2021 00:11:48.485,0.69902,0.69891,1.25,2.25
03.08.2021 00:11:54.231,0.69902,0.69889,3.25,1.12
03.08.2021 00:11:54.332,0.69901,0.6988800000000001,1.25,1.12
03.08.2021 00:11:54.600,0.6990000000000001,0.69887,1,1.5
03.08.2021 00:11:54.701,0.69899,0.6988800000000001,1,1
03.08.2021 00:11:58.933,0.69898,0.6988800000000001,1,1
03.08.2021 00:12:01.257,0.69899,0.69887,1,1.5
03.08.2021 00:12:01.461,0.69899,0.69887,1,1
03.08.2021 00:12:01.613,0.6990000000000001,0.69887,1,1
03.08.2021 00:12:01.714,0.6990000000000001,0.6988800000000001,2.44,1
03.08.2021 00:12:11.596,0.69901,0.6988800000000001,1.12,1
03.08.2021 00:12:34.859,0.69902,0.69889,1,1
03.08.2021 00:12:35.003,0.69903,0.69889,2.44,1
03.08.2021 00:12:35.384,0.69904,0.69891,1.87,1
03.08.2021 00:12:38.457,0.69903,0.69896,1.12,1
03.08.2021 00:12:38.507,0.69907,0.6989500000000001,1.25,1.87
03.08.2021 00:12:38.559,0.69904,0.69894,1,1
03.08.2021 00:12:38.660,0.69902,0.6988800000000001,4.75,1.69
03.08.2021 00:12:38.962,0.69901,0.69887,2.5,1.87
03.08.2021 00:12:40.504,0.69898,0.69886,1.5,1.87
03.08.2021 00:12:40.606,0.69898,0.69884,1,1.5
03.08.2021 00:12:40.707,0.69896,0.6988500000000001,1,1
03.08.2021 00:12:41.187,0.69897,0.69882,2.25,1.69
03.08.2021 00:12:41.557,0.69896,0.69882,1,1.25
03.08.2021 00:12:41.903,0.69896,0.69881,2.25,1.5
03.08.2021 00:12:44.297,0.69894,0.6988000000000001,1,1.5
03.08.2021 00:12:44.398,0.69893,0.69879,1,1
03.08.2021 00:12:50.531,0.69894,0.69879,2.25,1.87
03.08.2021 00:12:50.633,0.69894,0.6988000000000001,1.5,1
03.08.2021 00:12:52.848,0.6989500000000001,0.6988000000000001,3.56,1
03.08.2021 00:12:59.059,0.69896,0.69882,1.87,1
03.08.2021 00:12:59.861,0.69896,0.6988300000000001,1,1
03.08.2021 00:13:01.148,0.69897,0.6988300000000001,1.5,1
03.08.2021 00:13:02.103,0.69897,0.69884,1,1
03.08.2021 00:13:03.199,0.69897,0.6988300000000001,1,1
03.08.2021 00:13:03.822,0.69896,0.6988300000000001,2.25,1.87
03.08.2021 00:13:03.923,0.69898,0.6988500000000001,1.5,1
03.08.2021 00:13:04.125,0.6990000000000001,0.69886,1,1.5
03.08.2021 00:13:04.226,0.69901,0.69886,3.56,2.25
03.08.2021 00:13:10.371,0.69901,0.69889,1.5,1
03.08.2021 00:13:22.954,0.69901,0.69891,1,1
03.08.2021 00:13:23.055,0.69902,0.69891,1,1
03.08.2021 00:13:25.490,0.69902,0.6989000000000001,1.5,1
03.08.2021 00:13:25.592,0.69901,0.6989000000000001,1,1
03.08.2021 00:13:26.854,0.69901,0.69891,1.5,1
03.08.2021 00:13:30.581,0.69901,0.69892,1.5,1
03.08.2021 00:13:40.487,0.69902,0.69891,1.5,1
03.08.2021 00:13:40.691,0.69902,0.69891,1,1
03.08.2021 00:13:48.135,0.69903,0.69891,1.5,1
03.08.2021 00:13:53.737,0.69908,0.69896,1.5,1
03.08.2021 00:13:53.839,0.6991,0.6990000000000001,2.94,1
03.08.2021 00:13:53.940,0.69912,0.69901,2.19,1
03.08.2021 00:13:54.042,0.69913,0.69901,1.75,1
03.08.2021 00:13:54.143,0.69912,0.69902,1.12,1
03.08.2021 00:13:54.428,0.69913,0.69903,1.12,1
03.08.2021 00:13:56.057,0.69913,0.69901,1.12,1.12
03.08.2021 00:13:58.566,0.69914,0.69901,2.06,1
03.08.2021 00:13:59.495,0.69914,0.69902,2.06,1
03.08.2021 00:14:01.039,0.6991600000000001,0.69904,2,1
03.08.2021 00:14:01.140,0.6992100000000001,0.69908,2,1
03.08.2021 00:14:01.242,0.6992200000000001,0.69909,1.31,1.69
03.08.2021 00:14:02.242,0.6992100000000001,0.69912,1.12,1
03.08.2021 00:14:02.855,0.6992100000000001,0.6991100000000001,1,1
03.08.2021 00:14:03.135,0.6992100000000001,0.69912,1.87,1
03.08.2021 00:14:04.223,0.6992200000000001,0.6991,1.12,1
03.08.2021 00:14:07.567,0.6992200000000001,0.6991100000000001,1.12,1
03.08.2021 00:14:20.705,0.69923,0.6991100000000001,1.5,1
03.08.2021 00:14:34.613,0.69923,0.6991100000000001,2,1
03.08.2021 00:14:34.818,0.6992200000000001,0.69912,1.5,1
03.08.2021 00:14:39.576,0.6992200000000001,0.6991100000000001,1.5,1
03.08.2021 00:14:39.627,0.69918,0.69909,1.5,1.5
03.08.2021 00:14:39.728,0.69918,0.69906,2.25,1
03.08.2021 00:14:39.829,0.6991700000000001,0.69904,1,1.5
03.08.2021 00:14:39.930,0.6991600000000001,0.69904,1,1.5
03.08.2021 00:14:40.145,0.69915,0.69903,1,1
03.08.2021 00:14:40.753,0.6991600000000001,0.69903,1.5,1
03.08.2021 00:14:41.348,0.69914,0.69902,1,1.5
03.08.2021 00:14:43.406,0.6991100000000001,0.69902,1,1
03.08.2021 00:14:43.874,0.69912,0.6990000000000001,1.5,1
03.08.2021 00:15:01.589,0.69912,0.69901,1,1
03.08.2021 00:15:01.690,0.69913,0.69901,1.5,1
03.08.2021 00:15:04.286,0.69913,0.69906,1,1
03.08.2021 00:15:04.337,0.6991700000000001,0.69907,1,1
03.08.2021 00:15:04.438,0.6992200000000001,0.69909,2.06,1
03.08.2021 00:15:12.064,0.69923,0.6991,1,1
03.08.2021 00:15:12.839,0.69923,0.6991100000000001,1,1
03.08.2021 00:15:15.061,0.6992200000000001,0.6991100000000001,1.5,1
03.08.2021 00:15:19.324,0.6992200000000001,0.6991,1,1
03.08.2021 00:15:19.709,0.6992,0.6991,1,1
03.08.2021 00:15:19.861,0.6992200000000001,0.6991,1,1
03.08.2021 00:15:19.963,0.69923,0.6991,1.5,1
03.08.2021 00:15:20.326,0.6992200000000001,0.6991,1,1
03.08.2021 00:15:23.133,0.69923,0.6991,1.5,1
03.08.2021 00:15:23.540,0.69923,0.6991100000000001,1.5,1
03.08.2021 00:15:39.093,0.69923,0.6991,1.5,1
03.08.2021 00:15:44.455,0.6992200000000001,0.6991,1,1
03.08.2021 00:15:44.607,0.6992100000000001,0.69912,1,1
03.08.2021 00:15:49.359,0.6991600000000001,0.69906,1,1
03.08.2021 00:15:49.713,0.69918,0.69908,1.12,1
03.08.2021 00:15:49.763,0.6992100000000001,0.69909,4.12,1
03.08.2021 00:15:55.549,0.6992100000000001,0.6991,1,1
03.08.2021 00:16:02.627,0.6992200000000001,0.6991,1.5,1
03.08.2021 00:16:04.224,0.6992,0.6991100000000001,1,1
03.08.2021 00:16:05.437,0.6992200000000001,0.6991,1.5,1
03.08.2021 00:16:05.644,0.6992200000000001,0.69909,1.5,1
03.08.2021 00:16:11.887,0.69923,0.6991,1.5,1
03.08.2021 00:16:12.369,0.69923,0.6991,1.5,1.62
03.08.2021 00:16:13.223,0.6992200000000001,0.6991100000000001,1.5,1
03.08.2021 00:16:16.254,0.69923,0.69912,1.5,1
03.08.2021 00:16:28.230,0.69923,0.6991100000000001,1.5,1
03.08.2021 00:16:29.230,0.69923,0.69912,1.5,1
03.08.2021 00:16:33.681,0.69923,0.6991100000000001,1.5,1
03.08.2021 00:16:35.159,0.6992200000000001,0.6991100000000001,1,1
03.08.2021 00:16:35.864,0.6992200000000001,0.6991,1,1.5
03.08.2021 00:16:36.822,0.6992200000000001,0.6991100000000001,1,1
03.08.2021 00:16:44.394,0.6992200000000001,0.6991,1,1
03.08.2021 00:16:44.495,0.6992100000000001,0.69909,1,1.5
03.08.2021 00:16:44.712,0.6992200000000001,0.6991,1.5,1
03.08.2021 00:16:44.813,0.69923,0.6991,1.5,1
03.08.2021 00:16:45.039,0.69923,0.69913,1.5,1
03.08.2021 00:16:45.307,0.69923,0.69914,1.5,1
03.08.2021 00:16:45.499,0.69924,0.69914,1.87,1
03.08.2021 00:16:45.550,0.69925,0.6991100000000001,1.87,1.87
03.08.2021 00:16:46.308,0.69925,0.69912,1.5,1
03.08.2021 00:16:46.678,0.69925,0.69913,1,1.5
03.08.2021 00:16:46.780,0.69925,0.69915,1,1.5
03.08.2021 00:16:47.083,0.6992600000000001,0.69915,1.5,1.5
03.08.2021 00:16:47.617,0.6992700000000001,0.69913,1,1
03.08.2021 00:16:49.948,0.6992700000000001,0.69912,1,2.62
03.08.2021 00:16:50.076,0.6992700000000001,0.69913,1,1
03.08.2021 00:16:54.049,0.6992600000000001,0.69915,1,1
03.08.2021 00:17:01.158,0.6992600000000001,0.6991600000000001,1,1
03.08.2021 00:17:16.314,0.6992600000000001,0.69915,1,1
03.08.2021 00:17:16.447,0.6992700000000001,0.69915,1.5,1
03.08.2021 00:17:18.111,0.6992700000000001,0.69914,1.5,1
03.08.2021 00:17:18.925,0.69925,0.69915,1,1
03.08.2021 00:17:21.113,0.6992600000000001,0.69914,1,1
03.08.2021 00:17:22.113,0.6992600000000001,0.69912,1,1.5
03.08.2021 00:17:23.760,0.6992600000000001,0.69913,1,1
03.08.2021 00:17:23.870,0.6992600000000001,0.69912,1,1.5
03.08.2021 00:17:25.011,0.69928,0.69913,1,2.25
03.08.2021 00:17:25.062,0.6993100000000001,0.6991700000000001,2,1.5
03.08.2021 00:17:25.315,0.6993100000000001,0.6991700000000001,1,1.5
03.08.2021 00:17:34.641,0.69933,0.69918,1,1.5
03.08.2021 00:17:34.743,0.69933,0.69919,1,1
03.08.2021 00:17:35.046,0.69933,0.69919,1,2.37
03.08.2021 00:17:41.426,0.69933,0.69919,1,1.87
03.08.2021 00:17:41.527,0.6993600000000001,0.6992100000000001,1.5,2.25
03.08.2021 00:17:41.628,0.69937,0.6992200000000001,2,1.5
03.08.2021 00:17:41.679,0.6993600000000001,0.69923,1,1.5
03.08.2021 00:17:41.780,0.6993600000000001,0.69924,1,1
03.08.2021 00:17:41.882,0.6994,0.69928,1.12,1
03.08.2021 00:17:42.084,0.6994100000000001,0.69928,1,1.5
03.08.2021 00:17:44.391,0.6994300000000001,0.69928,2.62,2.25
03.08.2021 00:17:45.117,0.69942,0.6993,1.5,1
03.08.2021 00:17:46.768,0.6994300000000001,0.69928,1.5,3.5
03.08.2021 00:17:46.939,0.6994300000000001,0.69928,1.5,2.62
03.08.2021 00:17:47.040,0.6994300000000001,0.69929,1,1
03.08.2021 00:17:47.152,0.6994300000000001,0.6993,1,1
03.08.2021 00:17:48.685,0.6994300000000001,0.6993100000000001,1,1
03.08.2021 00:18:02.693,0.6994300000000001,0.69932,2.25,1
03.08.2021 00:18:05.760,0.69944,0.6993,2.25,1
03.08.2021 00:18:05.862,0.69935,0.6992600000000001,1,3.12
03.08.2021 00:18:05.963,0.69934,0.69923,1.87,2.19
03.08.2021 00:18:06.014,0.69933,0.69923,1.5,1.69
03.08.2021 00:18:06.317,0.69934,0.6992100000000001,1.69,1
03.08.2021 00:18:09.560,0.69933,0.6992,1,1
03.08.2021 00:18:09.610,0.6993100000000001,0.69919,1,2.44
03.08.2021 00:18:13.085,0.6992700000000001,0.6991600000000001,1,1.5
03.08.2021 00:18:13.186,0.6992600000000001,0.6991600000000001,1,1.5
03.08.2021 00:18:13.298,0.6992700000000001,0.6991600000000001,1,1
03.08.2021 00:18:13.449,0.6992700000000001,0.69915,1,1.12
03.08.2021 00:18:17.695,0.6992600000000001,0.69915,1,1.87
03.08.2021 00:18:18.177,0.6992700000000001,0.69914,1,1.5
03.08.2021 00:18:20.377,0.69925,0.69914,1,1.5
03.08.2021 00:18:20.716,0.6992700000000001,0.69914,1,1.5
03.08.2021 00:18:20.988,0.6992700000000001,0.69914,1,1
03.08.2021 00:18:24.769,0.69928,0.69915,1,1.87
03.08.2021 00:18:24.820,0.6993,0.69915,1.5,1.87
03.08.2021 00:18:27.309,0.6993100000000001,0.6991700000000001,1,1.5
03.08.2021 00:18:27.411,0.69932,0.69918,1,1
03.08.2021 00:18:35.794,0.69933,0.69918,3,1
03.08.2021 00:18:39.988,0.6993100000000001,0.6991700000000001,1,1.12
03.08.2021 00:18:40.278,0.69932,0.6991700000000001,3,1.12
03.08.2021 00:18:40.971,0.6993100000000001,0.6991700000000001,1,1.12
03.08.2021 00:18:43.021,0.69932,0.6991700000000001,2.25,2.25
03.08.2021 00:18:43.223,0.69932,0.69918,1,1
03.08.2021 00:18:44.927,0.69932,0.69918,1,1.62
03.08.2021 00:18:45.987,0.69933,0.69918,3.19,1.62
03.08.2021 00:18:48.158,0.69933,0.69918,3.19,1.12
03.08.2021 00:18:50.489,0.69933,0.69918,3,1.5
03.08.2021 00:18:52.409,0.69933,0.69918,3,1
03.08.2021 00:18:53.712,0.69933,0.6992,3.37,1
03.08.2021 00:19:02.998,0.69934,0.6992,1.5,1
03.08.2021 00:19:03.766,0.6993600000000001,0.69925,1.5,2.81
03.08.2021 00:19:03.867,0.6994,0.6992700000000001,1.25,1.5
03.08.2021 00:19:03.918,0.6994100000000001,0.6992700000000001,1.5,1.5
03.08.2021 00:19:04.019,0.69942,0.6992700000000001,3,1.69
03.08.2021 00:19:07.244,0.6994100000000001,0.69929,1.5,1.25
03.08.2021 00:19:10.094,0.6994300000000001,0.69928,3.37,1.25
03.08.2021 00:19:16.841,0.69942,0.6992700000000001,1,2.62
03.08.2021 00:19:18.991,0.6994,0.6992700000000001,1,1.5
03.08.2021 00:19:22.572,0.6994,0.6992600000000001,1.5,2.25
03.08.2021 00:19:27.114,0.69939,0.6992600000000001,1,1
03.08.2021 00:19:45.597,0.69939,0.6992700000000001,1,1
03.08.2021 00:19:46.018,0.6994,0.69928,1,1
03.08.2021 00:19:46.119,0.69942,0.69929,1.5,1
03.08.2021 00:19:46.472,0.69942,0.6993100000000001,1,1
03.08.2021 00:19:46.523,0.6994100000000001,0.6993,1,1
03.08.2021 00:19:53.789,0.69942,0.6993,1,1.5
03.08.2021 00:20:02.214,0.69942,0.6993100000000001,1,1
03.08.2021 00:20:04.059,0.69942,0.6993,1,1
03.08.2021 00:20:04.161,0.6994,0.6993,1,1
03.08.2021 00:20:04.338,0.6994,0.69928,1,1.5
03.08.2021 00:20:04.440,0.69939,0.6993,1,1
03.08.2021 00:20:04.591,0.69939,0.69929,1,1
03.08.2021 00:20:04.935,0.69939,0.69928,1,1
03.08.2021 00:20:04.986,0.6993600000000001,0.69924,1,1
03.08.2021 00:20:05.087,0.69937,0.69924,2.44,1
03.08.2021 00:20:05.188,0.6993600000000001,0.69923,1,1
03.08.2021 00:20:06.106,0.69934,0.6992200000000001,1.5,1
03.08.2021 00:20:06.258,0.69933,0.6992200000000001,1,1
03.08.2021 00:20:09.428,0.6993100000000001,0.6992,1,1
03.08.2021 00:20:09.630,0.6993,0.6992,1,1
03.08.2021 00:20:10.295,0.6993100000000001,0.6992,1,1
03.08.2021 00:20:11.236,0.69932,0.6992,1,1
03.08.2021 00:20:12.897,0.69933,0.6992,1.5,1
03.08.2021 00:20:17.340,0.69933,0.6992100000000001,1.5,1
03.08.2021 00:20:22.648,0.69934,0.6992100000000001,1.5,1
03.08.2021 00:20:26.368,0.69932,0.6992200000000001,1,1
03.08.2021 00:20:38.088,0.69934,0.6992100000000001,1,1
03.08.2021 00:20:40.170,0.69934,0.69919,2.62,1.5
03.08.2021 00:20:40.271,0.69933,0.69919,1,1.5
03.08.2021 00:20:53.556,0.69933,0.6992100000000001,1,1
03.08.2021 00:20:54.649,0.69932,0.6992100000000001,1,1
03.08.2021 00:20:57.766,0.69934,0.6992100000000001,1,1
03.08.2021 00:21:00.792,0.69933,0.6992,1,1
03.08.2021 00:21:01.986,0.69934,0.6992,1,1
03.08.2021 00:21:02.636,0.69934,0.6992100000000001,1,1
03.08.2021 00:21:05.119,0.69935,0.6992100000000001,1.5,1
03.08.2021 00:21:09.637,0.6993600000000001,0.6992200000000001,1.12,1.5
03.08.2021 00:21:09.738,0.69937,0.69923,2,1
03.08.2021 00:21:09.839,0.6993600000000001,0.69924,1,1
03.08.2021 00:21:11.797,0.69937,0.69925,1.12,1
03.08.2021 00:21:13.962,0.69939,0.69924,1.25,1.5
03.08.2021 00:21:32.501,0.69942,0.69928,1.75,1.5
03.08.2021 00:21:33.556,0.69942,0.6993,1.12,1
03.08.2021 00:21:39.501,0.6994300000000001,0.6993100000000001,1.5,1
03.08.2021 00:21:46.291,0.69944,0.6993100000000001,3.31,1
03.08.2021 00:21:50.131,0.6994300000000001,0.69929,2.44,1
03.08.2021 00:21:50.232,0.6994300000000001,0.69928,2.44,1.5
03.08.2021 00:21:50.803,0.69944,0.69929,3.19,1.5
03.08.2021 00:21:54.289,0.69944,0.69929,1.12,1.5
03.08.2021 00:21:57.451,0.69945,0.6993,4.06,1
03.08.2021 00:22:01.747,0.69945,0.6993,3,1
03.08.2021 00:22:02.050,0.69945,0.6993100000000001,1,1
03.08.2021 00:22:06.056,0.6994600000000001,0.69932,1.12,1.5
03.08.2021 00:22:06.107,0.6994600000000001,0.69935,1.5,1
03.08.2021 00:22:06.208,0.69949,0.69935,1.75,1
03.08.2021 00:22:06.259,0.69952,0.69938,2.19,1
03.08.2021 00:22:06.360,0.6995300000000001,0.69939,1.5,1
03.08.2021 00:22:06.462,0.69954,0.6994,1.12,1
03.08.2021 00:22:06.925,0.69955,0.6994100000000001,1.37,1
03.08.2021 00:22:07.026,0.69957,0.69942,1.62,1.5
03.08.2021 00:22:08.140,0.69957,0.6994300000000001,1,1
03.08.2021 00:22:14.286,0.6996,0.69947,1,1
03.08.2021 00:22:14.387,0.6996100000000001,0.6994800000000001,1.12,1.5
03.08.2021 00:22:14.489,0.6996300000000001,0.6994800000000001,2.25,1.5
03.08.2021 00:22:14.590,0.69964,0.6995100000000001,1.5,1
03.08.2021 00:22:14.691,0.69964,0.6995100000000001,1,1
03.08.2021 00:22:23.228,0.6996300000000001,0.6995300000000001,1,1
03.08.2021 00:22:38.107,0.6996600000000001,0.69957,1,1
03.08.2021 00:22:38.157,0.69971,0.6995800000000001,3.5,2.25
03.08.2021 00:22:38.208,0.69972,0.69959,4.31,2.25
03.08.2021 00:22:39.649,0.6997300000000001,0.69959,2.06,1
03.08.2021 00:22:43.776,0.69974,0.6996,3.19,1
03.08.2021 00:22:46.184,0.6997300000000001,0.6996,2.37,1.5
03.08.2021 00:22:48.773,0.69974,0.69959,1.12,1.69
03.08.2021 00:22:56.185,0.69976,0.69962,1.69,1.5
03.08.2021 00:22:56.286,0.6998000000000001,0.6996600000000001,1.75,2.87
03.08.2021 00:22:56.387,0.6998000000000001,0.69967,1,1
03.08.2021 00:22:56.539,0.69981,0.6996800000000001,1.25,1.5
03.08.2021 00:22:57.276,0.69982,0.69967,2.69,1.5
03.08.2021 00:22:57.428,0.69981,0.6996600000000001,1.37,1
03.08.2021 00:22:57.529,0.6998000000000001,0.69964,2.87,1
03.08.2021 00:22:57.630,0.69979,0.6996300000000001,1.25,1.5
03.08.2021 00:22:58.549,0.69979,0.6996300000000001,1.75,1
03.08.2021 00:23:02.145,0.69979,0.6996300000000001,1.25,1
03.08.2021 00:23:02.247,0.69979,0.69964,1.25,1
03.08.2021 00:23:02.791,0.69981,0.69967,1,1
03.08.2021 00:23:02.892,0.69982,0.69967,1,1.5
03.08.2021 00:23:03.095,0.69982,0.6996800000000001,1,1
03.08.2021 00:23:03.872,0.69982,0.69969,1,1
03.08.2021 00:23:08.032,0.69979,0.69969,1,1
03.08.2021 00:23:08.082,0.6997800000000001,0.6996600000000001,1.25,1
03.08.2021 00:23:08.133,0.6997800000000001,0.69964,1.25,1
03.08.2021 00:23:08.285,0.69976,0.69965,1,1
03.08.2021 00:23:10.639,0.69976,0.69964,1.25,1
03.08.2021 00:23:10.740,0.69976,0.6996300000000001,1,1
03.08.2021 00:23:15.118,0.69975,0.6996100000000001,1,1
03.08.2021 00:23:18.573,0.69975,0.6996,1,1
03.08.2021 00:23:18.878,0.69974,0.6996,1,1
03.08.2021 00:23:21.284,0.69975,0.6996,1.12,1
03.08.2021 00:23:21.385,0.69975,0.69962,1.12,1
03.08.2021 00:23:35.080,0.69974,0.6996,1.5,1
03.08.2021 00:23:38.056,0.69974,0.69959,2.62,1.5
03.08.2021 00:23:42.064,0.69974,0.6995800000000001,1.87,1.5
03.08.2021 00:23:44.174,0.6996300000000001,0.69955,1,1.5
03.08.2021 00:23:44.225,0.6996600000000001,0.69955,2.31,1
03.08.2021 00:23:44.326,0.6996600000000001,0.69952,1,1
03.08.2021 00:23:45.809,0.6996600000000001,0.6995100000000001,1,1
03.08.2021 00:23:46.538,0.69965,0.6995100000000001,1,1
03.08.2021 00:23:52.473,0.6996300000000001,0.6995,1.69,1.5
03.08.2021 00:23:52.575,0.6996300000000001,0.69949,1,1
03.08.2021 00:24:02.023,0.6996100000000001,0.6995,1,1
03.08.2021 00:24:02.490,0.69962,0.6995,1.69,1
03.08.2021 00:24:06.536,0.6996300000000001,0.6994800000000001,1.69,1.12
03.08.2021 00:24:15.917,0.69962,0.6994800000000001,1,1.5
03.08.2021 00:24:23.655,0.69962,0.69947,2.25,1.87
03.08.2021 00:24:24.009,0.6996,0.6994800000000001,1,1.12
03.08.2021 00:24:28.275,0.69957,0.6994300000000001,1,2.62
03.08.2021 00:24:28.427,0.6995600000000001,0.6994100000000001,1,1.25
03.08.2021 00:24:28.683,0.69955,0.6994100000000001,1,1.25
03.08.2021 00:24:29.119,0.6995300000000001,0.6994,1,1
03.08.2021 00:24:31.944,0.6995300000000001,0.69939,1,1
03.08.2021 00:24:36.591,0.6995300000000001,0.69938,1.5,1.31
03.08.2021 00:24:37.686,0.6995300000000001,0.69937,1.5,4.5
03.08.2021 00:24:39.423,0.6995100000000001,0.69937,1,1.31
03.08.2021 00:24:41.185,0.6995100000000001,0.6993600000000001,1.5,1.31
03.08.2021 00:24:41.286,0.69942,0.6993100000000001,1,1
03.08.2021 00:24:41.438,0.6994300000000001,0.69929,1.75,1.12
03.08.2021 00:24:41.641,0.69942,0.69928,1.25,1.31
03.08.2021 00:24:45.743,0.69942,0.6992700000000001,1,1.31
03.08.2021 00:24:54.716,0.69942,0.69928,1.5,1
03.08.2021 00:25:00.411,0.6994,0.69928,1,1
03.08.2021 00:25:03.127,0.6994300000000001,0.69929,1,2.81
03.08.2021 00:25:03.178,0.6994300000000001,0.6993100000000001,1,1
03.08.2021 00:25:03.305,0.69945,0.69935,1,2.81
03.08.2021 00:25:03.406,0.69945,0.6993600000000001,1,2.06
03.08.2021 00:25:03.872,0.69944,0.69939,1,1.25
03.08.2021 00:25:03.923,0.6995,0.69937,1,1.69
03.08.2021 00:25:04.075,0.69952,0.69937,3.37,1.69
03.08.2021 00:25:04.176,0.69952,0.69937,1.5,2.87
03.08.2021 00:25:10.549,0.6995100000000001,0.6994,1,1
03.08.2021 00:25:26.373,0.69952,0.69938,1,2.44
03.08.2021 00:25:26.474,0.6995300000000001,0.69938,1.5,1.69
03.08.2021 00:25:31.626,0.69952,0.69938,1,2.44
03.08.2021 00:25:31.727,0.69952,0.69938,1,3.25
03.08.2021 00:25:32.967,0.69952,0.6994,1,1.25
03.08.2021 00:25:35.257,0.6995300000000001,0.6994,1,1.5
03.08.2021 00:25:46.077,0.69954,0.6994,1.5,1
03.08.2021 00:25:51.185,0.6995300000000001,0.6994,3,1
03.08.2021 00:25:51.286,0.6995300000000001,0.69939,1,1
03.08.2021 00:25:53.874,0.69952,0.69939,1,1
03.08.2021 00:25:54.575,0.69952,0.69938,1.5,2.81
03.08.2021 00:25:54.999,0.6995,0.69939,1,2.81
03.08.2021 00:25:59.121,0.6995,0.69937,1,1.87
03.08.2021 00:25:59.780,0.69949,0.69939,1,1.5
03.08.2021 00:26:00.084,0.6995100000000001,0.69938,1,1.5
03.08.2021 00:26:09.118,0.69952,0.69939,1,1
03.08.2021 00:26:09.219,0.6995100000000001,0.6994100000000001,1,1.25
03.08.2021 00:26:09.320,0.6995300000000001,0.6994,1,1.25
03.08.2021 00:26:09.421,0.69954,0.6994100000000001,1,1.5
03.08.2021 00:26:11.057,0.69955,0.69942,1,1
03.08.2021 00:26:13.431,0.6995800000000001,0.6994600000000001,1,1
03.08.2021 00:26:13.532,0.6996,0.69947,1,1
03.08.2021 00:26:15.720,0.6996100000000001,0.69947,1,1.5
03.08.2021 00:26:21.195,0.6996,0.69947,1,1.5
03.08.2021 00:26:21.916,0.6996100000000001,0.69947,1,1.69
03.08.2021 00:26:22.019,0.6996100000000001,0.6994800000000001,1,1
03.08.2021 00:26:22.498,0.6996100000000001,0.69947,1,1.69
03.08.2021 00:26:33.946,0.69962,0.6995,1,1
03.08.2021 00:26:33.997,0.69962,0.6994800000000001,1,1.69
03.08.2021 00:26:36.378,0.6996,0.6994800000000001,1,1.5
03.08.2021 00:26:36.993,0.69959,0.6994600000000001,1,1
03.08.2021 00:26:37.095,0.69959,0.69945,1.5,1
03.08.2021 00:26:43.129,0.6996,0.6994600000000001,1.69,1.12
03.08.2021 00:26:43.231,0.69962,0.69947,1.69,2.25
03.08.2021 00:26:51.309,0.69962,0.6994800000000001,1.5,1
03.08.2021 00:27:01.618,0.69962,0.69947,1.5,1.87
03.08.2021 00:27:02.985,0.69962,0.69949,1,1
03.08.2021 00:27:09.816,0.69962,0.6994800000000001,1,1
03.08.2021 00:27:17.078,0.6996100000000001,0.69947,1,1.12
03.08.2021 00:27:17.958,0.6996,0.6994600000000001,1,2.75
03.08.2021 00:27:18.110,0.6996,0.6994600000000001,1.5,1.5
03.08.2021 00:27:18.211,0.69959,0.6994600000000001,1,1.5
03.08.2021 00:27:19.251,0.6996,0.6994600000000001,1.5,1
03.08.2021 00:27:20.067,0.69959,0.69945,1,2.25
03.08.2021 00:27:20.168,0.6995800000000001,0.69944,1.5,1
03.08.2021 00:27:20.270,0.6995800000000001,0.6994300000000001,2.25,1.25
03.08.2021 00:27:20.707,0.69957,0.6994300000000001,1,1.25
03.08.2021 00:27:21.542,0.6996,0.6994600000000001,1.5,1
03.08.2021 00:27:21.644,0.6996100000000001,0.6994600000000001,2.62,1.5
03.08.2021 00:27:21.746,0.6995800000000001,0.6994600000000001,1,1
03.08.2021 00:27:21.848,0.69957,0.6994300000000001,1,1.12
03.08.2021 00:27:24.918,0.6995600000000001,0.6994300000000001,1,1
03.08.2021 00:27:27.071,0.6995600000000001,0.69944,1,1
03.08.2021 00:27:27.122,0.69959,0.69944,1.5,2.19
03.08.2021 00:27:27.224,0.6996100000000001,0.6994600000000001,3.56,1.12
03.08.2021 00:27:27.441,0.6996,0.69945,1,2.75
03.08.2021 00:27:28.962,0.69959,0.69945,1,1
03.08.2021 00:27:29.651,0.6996100000000001,0.6994800000000001,1.5,1
03.08.2021 00:27:29.753,0.69962,0.6994800000000001,1,1.25
03.08.2021 00:27:32.839,0.6996300000000001,0.69949,1,1.69
03.08.2021 00:27:45.359,0.69962,0.69949,1,1.5
03.08.2021 00:27:50.733,0.69962,0.69947,2.25,1.69
03.08.2021 00:27:50.885,0.6996100000000001,0.69947,1,1.5
03.08.2021 00:27:51.982,0.6996,0.6994600000000001,1,1.87
03.08.2021 00:27:53.451,0.6996100000000001,0.6994600000000001,2.44,1.5
03.08.2021 00:27:55.070,0.6996,0.6994800000000001,1,1.5
03.08.2021 00:28:03.009,0.69962,0.69947,1.5,1.69
03.08.2021 00:28:03.112,0.6996100000000001,0.69949,1,1
03.08.2021 00:28:17.827,0.6996300000000001,0.6995,1.5,1
03.08.2021 00:28:19.091,0.69967,0.69955,1,1
03.08.2021 00:28:19.193,0.6996800000000001,0.6995600000000001,1.69,2.25
03.08.2021 00:28:19.345,0.6997,0.69955,2.44,1.5
03.08.2021 00:28:21.046,0.6996600000000001,0.69952,1,1.5
03.08.2021 00:28:28.230,0.6996300000000001,0.6995,1,1
03.08.2021 00:28:28.331,0.69962,0.6995,1,1
03.08.2021 00:28:28.483,0.69962,0.6994800000000001,1,2.06
03.08.2021 00:28:31.841,0.6996300000000001,0.6994800000000001,1.5,1.69
03.08.2021 00:28:53.064,0.69965,0.6995100000000001,1.5,1
03.08.2021 00:28:56.028,0.6996300000000001,0.69949,1,1
03.08.2021 00:28:56.184,0.6996300000000001,0.6994800000000001,2.25,1.12
03.08.2021 00:29:02.679,0.69962,0.69947,1,1.87
03.08.2021 00:29:09.608,0.69959,0.6994600000000001,2.12,1
03.08.2021 00:29:09.659,0.6995800000000001,0.69944,1.69,1.12
03.08.2021 00:29:09.760,0.69957,0.69944,2.44,1
03.08.2021 00:29:11.151,0.69957,0.6994300000000001,1,1
03.08.2021 00:29:11.659,0.6995800000000001,0.6994300000000001,2.44,1
03.08.2021 00:29:17.046,0.69955,0.69942,1,1.87
03.08.2021 00:29:19.202,0.69955,0.6994,1,1
03.08.2021 00:29:25.078,0.69954,0.69939,2.25,1.12
03.08.2021 00:29:26.976,0.69952,0.6994,1,1
03.08.2021 00:29:40.113,0.6995300000000001,0.69938,1.69,1
03.08.2021 00:29:42.605,0.6995100000000001,0.6993600000000001,2.87,1
03.08.2021 00:29:42.656,0.69949,0.69934,1.69,1
03.08.2021 00:29:42.758,0.6994800000000001,0.69934,1.25,1
03.08.2021 00:29:43.396,0.6994800000000001,0.69933,1.69,1
03.08.2021 00:29:43.497,0.6995,0.69935,1,3.37
03.08.2021 00:29:43.698,0.6995100000000001,0.6993600000000001,1.12,1.5
03.08.2021 00:29:43.800,0.69952,0.69937,1.25,1
03.08.2021 00:29:44.795,0.6995,0.69935,1.25,1.5
03.08.2021 00:29:44.896,0.69949,0.69934,1.25,1.5
03.08.2021 00:29:46.217,0.69947,0.69934,1,1.5
03.08.2021 00:29:46.319,0.69947,0.69932,1,1.5
03.08.2021 00:30:00.308,0.6994800000000001,0.6993600000000001,1,1.12
03.08.2021 00:30:00.410,0.6995,0.69935,1.87,1.12
03.08.2021 00:30:00.511,0.6995,0.69937,1,1
03.08.2021 00:30:02.861,0.6995,0.69937,1,1.5
03.08.2021 00:30:02.911,0.69957,0.69944,2.65,2.75
03.08.2021 00:30:02.962,0.69957,0.69945,1,1.69
03.08.2021 00:30:03.013,0.69959,0.69945,1.25,1.69
03.08.2021 00:30:03.316,0.69955,0.6994100000000001,2.06,1.12
03.08.2021 00:30:03.417,0.69954,0.6994100000000001,1.25,3.94
03.08.2021 00:30:05.068,0.69952,0.69939,1,1
03.08.2021 00:30:06.879,0.6995100000000001,0.69939,1,1.12
03.08.2021 00:30:08.938,0.6995100000000001,0.69938,1.69,1
03.08.2021 00:30:11.428,0.69952,0.69938,1,1
03.08.2021 00:30:31.984,0.6995300000000001,0.69939,1.25,1
03.08.2021 00:30:32.338,0.6995300000000001,0.6994,1,1
03.08.2021 00:30:36.397,0.69955,0.6994,1.25,2.62
03.08.2021 00:30:37.475,0.69955,0.6994,1,3.37
03.08.2021 00:30:39.846,0.69954,0.6994100000000001,1,2
03.08.2021 00:30:39.947,0.6995800000000001,0.6994300000000001,1.69,1.5
03.08.2021 00:30:40.423,0.6995800000000001,0.69944,1.25,1
03.08.2021 00:30:43.779,0.69957,0.69944,1.25,1.12
03.08.2021 00:30:43.881,0.69957,0.69942,1.69,1
03.08.2021 00:30:44.033,0.6995600000000001,0.69942,1,1
03.08.2021 00:30:44.413,0.69954,0.6994100000000001,1,1
03.08.2021 00:30:50.466,0.6995300000000001,0.69938,2.25,1
03.08.2021 00:30:50.567,0.6995100000000001,0.69939,1,1
03.08.2021 00:30:55.075,0.6995100000000001,0.69938,1,1
03.08.2021 00:31:02.617,0.6995100000000001,0.6994100000000001,1.5,1
03.08.2021 00:31:07.649,0.69952,0.6994100000000001,1.5,1
03.08.2021 00:31:39.398,0.6995100000000001,0.69939,1,1
03.08.2021 00:31:42.774,0.6995100000000001,0.69937,1,1.87
03.08.2021 00:32:01.446,0.6995,0.6994,1,1
03.08.2021 00:32:01.497,0.6995300000000001,0.6994,1,1.5
03.08.2021 00:32:01.598,0.69952,0.6994,1,1.5
03.08.2021 00:32:03.577,0.6995100000000001,0.6994,1,1
03.08.2021 00:32:16.598,0.6995100000000001,0.69938,1,1
03.08.2021 00:32:16.699,0.6995100000000001,0.69937,2.44,1.12
03.08.2021 00:32:17.145,0.6995,0.69937,1.25,1
03.08.2021 00:32:17.903,0.69949,0.69937,1,2.25
03.08.2021 00:32:21.724,0.6995100000000001,0.69939,1.5,1
03.08.2021 00:32:21.826,0.69952,0.69939,1.5,1.5
03.08.2021 00:32:21.927,0.69952,0.6994,1,1
03.08.2021 00:32:22.028,0.6995100000000001,0.69939,1,1
03.08.2021 00:32:31.473,0.6995100000000001,0.6994,1,1
03.08.2021 00:32:33.434,0.6995300000000001,0.69939,1.25,1
03.08.2021 00:32:39.326,0.6995300000000001,0.6994100000000001,1.75,1
03.08.2021 00:32:39.428,0.6995600000000001,0.69947,1,1
03.08.2021 00:32:39.529,0.69959,0.6994600000000001,1.25,1.12
03.08.2021 00:32:39.680,0.6996,0.69947,1.69,1
03.08.2021 00:32:44.363,0.6996100000000001,0.69947,2.44,1
03.08.2021 00:32:44.474,0.6996100000000001,0.69947,2.5,1
03.08.2021 00:32:45.413,0.6995600000000001,0.69944,1.25,1
03.08.2021 00:32:45.515,0.6995600000000001,0.6994300000000001,1.25,1.5
03.08.2021 00:32:45.617,0.69955,0.6994300000000001,1,1.5
03.08.2021 00:32:45.718,0.69955,0.6994100000000001,1.69,1.5
03.08.2021 00:32:47.384,0.69955,0.6994100000000001,3.25,1
03.08.2021 00:32:47.486,0.6995300000000001,0.6994,1,1.5
03.08.2021 00:32:51.945,0.69955,0.6994300000000001,1,2.25
03.08.2021 00:32:52.097,0.69954,0.6994,1.25,1.5
03.08.2021 00:32:56.738,0.69952,0.6994,1,1
03.08.2021 00:32:56.839,0.69952,0.69939,1,1.87
03.08.2021 00:33:04.492,0.6995300000000001,0.6994,1,1
03.08.2021 00:33:10.548,0.69952,0.6994,1,1
03.08.2021 00:33:30.577,0.69952,0.69939,1,2.25
03.08.2021 00:33:34.232,0.6995100000000001,0.69939,1,1.87
03.08.2021 00:33:34.333,0.6995100000000001,0.69938,1,1.87
03.08.2021 00:33:34.487,0.6995,0.69937,1,1.5
03.08.2021 00:33:37.494,0.6994600000000001,0.69935,1,1
03.08.2021 00:33:37.596,0.69944,0.69935,1,1
03.08.2021 00:33:38.499,0.69945,0.69933,1,1
03.08.2021 00:33:38.601,0.6994300000000001,0.69933,1,1.5
03.08.2021 00:33:49.223,0.69945,0.69933,1,1.5
03.08.2021 00:33:59.744,0.69945,0.69932,1,1.12
03.08.2021 00:34:01.475,0.69949,0.69937,1.12,1
03.08.2021 00:34:01.576,0.6994800000000001,0.69939,1,1
03.08.2021 00:34:01.728,0.6995300000000001,0.6994300000000001,3.75,2.25
03.08.2021 00:34:01.779,0.69952,0.6994100000000001,1.25,1
03.08.2021 00:34:02.927,0.6995100000000001,0.6994,1.69,1
03.08.2021 00:34:03.665,0.69952,0.69938,1,3.56
03.08.2021 00:34:03.918,0.69952,0.69939,1,1
03.08.2021 00:34:04.284,0.6995100000000001,0.69939,1,1
03.08.2021 00:34:10.703,0.6995,0.69939,1,1
03.08.2021 00:34:16.649,0.6995100000000001,0.69938,1,2.44
03.08.2021 00:34:19.416,0.6995100000000001,0.69939,1,1
03.08.2021 00:34:19.518,0.6995600000000001,0.6994600000000001,1,1
03.08.2021 00:34:19.620,0.69957,0.6994600000000001,1.25,1
03.08.2021 00:34:19.722,0.69957,0.69945,1.5,3
03.08.2021 00:34:19.824,0.69957,0.69947,1.5,1
03.08.2021 00:34:21.337,0.6995300000000001,0.69944,1,1.5
03.08.2021 00:34:21.439,0.6995300000000001,0.69944,1,1.5
03.08.2021 00:34:21.490,0.6995300000000001,0.69942,1.25,1
03.08.2021 00:34:31.127,0.6995300000000001,0.6994,1,2.37
03.08.2021 00:34:31.441,0.6995300000000001,0.6994100000000001,1,1
03.08.2021 00:34:31.492,0.6995600000000001,0.69945,1,1
03.08.2021 00:34:33.404,0.6995600000000001,0.6994600000000001,1,1
03.08.2021 00:34:33.505,0.69957,0.6994600000000001,1,1.69
03.08.2021 00:34:33.606,0.6995800000000001,0.6994600000000001,1.5,1.69
03.08.2021 00:34:33.707,0.69959,0.6994600000000001,1,2.25
03.08.2021 00:34:36.607,0.69959,0.69945,1.5,2.81
03.08.2021 00:34:40.444,0.69959,0.6994600000000001,1.5,1
03.08.2021 00:34:40.545,0.6995800000000001,0.6994600000000001,1,1
03.08.2021 00:34:40.596,0.6995300000000001,0.6994300000000001,1,1
03.08.2021 00:34:40.647,0.69952,0.6994100000000001,1.25,1.8
03.08.2021 00:34:40.748,0.6995100000000001,0.69939,1,1.25
03.08.2021 00:34:40.799,0.69949,0.69938,1,1.12
03.08.2021 00:34:40.849,0.69952,0.6994,1,3.19
03.08.2021 00:34:40.951,0.6995100000000001,0.69939,1,1.25
03.08.2021 00:34:41.254,0.6995100000000001,0.69938,1,1.12
03.08.2021 00:34:41.479,0.69955,0.69945,1,1.87
03.08.2021 00:34:41.581,0.69955,0.69944,1,1
03.08.2021 00:34:41.732,0.6995600000000001,0.69944,1.69,1
03.08.2021 00:34:43.751,0.6995300000000001,0.6994100000000001,1,1.12
03.08.2021 00:34:44.975,0.6995300000000001,0.69939,2.5,1
03.08.2021 00:34:45.076,0.6995100000000001,0.69939,1,1
03.08.2021 00:34:45.399,0.69952,0.69939,1,1
03.08.2021 00:34:45.501,0.6995100000000001,0.6994100000000001,1,1
03.08.2021 00:34:48.870,0.6995300000000001,0.6994,1.25,1
03.08.2021 00:34:49.655,0.6995300000000001,0.69939,1.75,1.12
03.08.2021 00:34:49.757,0.69955,0.6994300000000001,1,1
03.08.2021 00:34:49.808,0.69955,0.6994100000000001,1.25,1.12
03.08.2021 00:34:50.010,0.69955,0.6994100000000001,1.75,1.12
03.08.2021 00:34:50.658,0.69955,0.6994100000000001,1.25,1.12
03.08.2021 00:34:51.459,0.69957,0.69945,1.5,1.87
03.08.2021 00:34:52.931,0.69957,0.69945,1,3.12
03.08.2021 00:34:53.032,0.69957,0.69945,1,2.62
03.08.2021 00:34:53.580,0.6995800000000001,0.69949,1,1
03.08.2021 00:34:53.682,0.6996100000000001,0.6994800000000001,2.5,1
03.08.2021 00:34:59.017,0.69959,0.69947,1.5,1.12
03.08.2021 00:34:59.223,0.69965,0.6995300000000001,1.88,1.5
03.08.2021 00:34:59.324,0.6996100000000001,0.6994600000000001,3.25,3.56
03.08.2021 00:34:59.778,0.69959,0.69945,1.25,3.5
03.08.2021 00:35:01.030,0.69959,0.69947,1,1
03.08.2021 00:35:01.471,0.69964,0.69955,2.38,1.87
03.08.2021 00:35:01.572,0.69964,0.6995600000000001,1,1
03.08.2021 00:35:02.042,0.6996800000000001,0.69955,3.19,1.87
03.08.2021 00:35:02.194,0.6996800000000001,0.6995600000000001,1.5,1
03.08.2021 00:35:02.295,0.69967,0.6995800000000001,1,1.25
03.08.2021 00:35:02.396,0.69969,0.69957,1,1.25
03.08.2021 00:35:02.829,0.69969,0.6995800000000001,1,1
03.08.2021 00:35:04.532,0.69969,0.6995600000000001,1,3.19
03.08.2021 00:35:06.200,0.69969,0.69955,1.75,2.19
03.08.2021 00:35:06.252,0.6996300000000001,0.6995600000000001,1,1
03.08.2021 00:35:06.303,0.6996300000000001,0.69952,1,1.46
03.08.2021 00:35:06.404,0.69962,0.69952,1,1
03.08.2021 00:35:06.505,0.6996100000000001,0.69947,1.5,1
03.08.2021 00:35:06.607,0.6996100000000001,0.6994600000000001,1.5,1.5
03.08.2021 00:35:06.708,0.6996,0.6994600000000001,1,1.5
03.08.2021 00:35:10.228,0.69959,0.69947,1,1
03.08.2021 00:35:11.405,0.6996,0.69945,1.5,2.62
03.08.2021 00:35:12.135,0.6995800000000001,0.6994600000000001,1,2.62
03.08.2021 00:35:12.362,0.69959,0.69945,1,2.37
03.08.2021 00:35:12.413,0.69962,0.69949,2.06,4.12
03.08.2021 00:35:12.464,0.6996,0.6994600000000001,1,3.12
03.08.2021 00:35:13.094,0.6996,0.69945,1,2.75
03.08.2021 00:35:13.246,0.6996,0.69945,1,2.75
03.08.2021 00:35:13.623,0.6996,0.69945,1,2.75
03.08.2021 00:35:14.233,0.69959,0.69945,1,2.75
03.08.2021 00:35:19.185,0.6995800000000001,0.6994800000000001,1,1
03.08.2021 00:35:19.286,0.69959,0.69947,1.25,1
03.08.2021 00:35:19.337,0.6996,0.69945,1.25,2.19
03.08.2021 00:35:21.475,0.6996,0.69947,1,1.69
03.08.2021 00:35:21.576,0.6996,0.69947,1.25,2
03.08.2021 00:35:22.256,0.6996,0.69945,1,3.69
03.08.2021 00:35:33.194,0.6996,0.69947,1,1
03.08.2021 00:35:33.295,0.6996300000000001,0.69949,1.25,1.5
03.08.2021 00:35:33.346,0.6996100000000001,0.69949,1,1
03.08.2021 00:35:33.498,0.69962,0.69947,1.69,5
03.08.2021 00:35:33.549,0.6996100000000001,0.69947,1,4.12
03.08.2021 00:35:34.259,0.6996,0.69947,1,1.12
03.08.2021 00:35:40.368,0.6996300000000001,0.69952,1.12,1
03.08.2021 00:35:40.469,0.69962,0.6994800000000001,2.5,1
03.08.2021 00:35:40.571,0.6996100000000001,0.69947,1.25,2.62
03.08.2021 00:35:41.261,0.6996,0.69947,1,1.12
03.08.2021 00:35:49.309,0.69959,0.69947,1,1.12
03.08.2021 00:35:50.326,0.6995800000000001,0.6994600000000001,1,1.5
03.08.2021 00:35:54.294,0.69959,0.6994600000000001,1,1.5
03.08.2021 00:35:56.240,0.69959,0.6994600000000001,1,1.12
03.08.2021 00:35:58.299,0.69959,0.6994600000000001,1,1.5
03.08.2021 00:35:58.817,0.6995800000000001,0.69947,1,1.12
03.08.2021 00:36:01.481,0.69959,0.69947,1,2.62
03.08.2021 00:36:01.582,0.6996,0.6994600000000001,1,2.75
03.08.2021 00:36:03.247,0.69959,0.6995,1,1.62
03.08.2021 00:36:03.297,0.69965,0.69955,1.12,1.5
03.08.2021 00:36:03.398,0.6996600000000001,0.69955,1,1.5
03.08.2021 00:36:03.504,0.69967,0.69955,1,1.5
03.08.2021 00:36:03.656,0.6996800000000001,0.69957,1,1.5
03.08.2021 00:36:03.757,0.6997300000000001,0.6996300000000001,1.25,1
03.08.2021 00:36:03.858,0.69971,0.6996100000000001,1.25,1.5
03.08.2021 00:36:04.373,0.69972,0.69959,1.25,1.87
03.08.2021 00:36:05.596,0.69971,0.69959,1,1.87
03.08.2021 00:36:11.482,0.69975,0.69965,1,2.62
03.08.2021 00:36:11.584,0.69977,0.69965,1,2.25
03.08.2021 00:36:14.508,0.69976,0.69967,1,1
03.08.2021 00:36:14.811,0.6997800000000001,0.6996600000000001,1,1.12
03.08.2021 00:36:45.051,0.6997800000000001,0.6996600000000001,1,2.75
03.08.2021 00:36:46.095,0.6997800000000001,0.6996600000000001,1.25,1.25
03.08.2021 00:36:46.146,0.69976,0.69965,1,3
03.08.2021 00:36:46.298,0.69977,0.6996600000000001,1.5,3
03.08.2021 00:36:51.260,0.69977,0.6996600000000001,1.5,3.12
03.08.2021 00:36:59.133,0.69976,0.69964,1,3.31
03.08.2021 00:36:59.234,0.69969,0.69962,1,1
03.08.2021 00:36:59.285,0.69969,0.6995800000000001,1,1.37
03.08.2021 00:36:59.386,0.6996800000000001,0.6995800000000001,1,1.12
03.08.2021 00:37:04.547,0.69967,0.6995800000000001,1,1.12
03.08.2021 00:37:05.525,0.69967,0.6995600000000001,1,3
03.08.2021 00:37:05.677,0.69967,0.69955,1,1.5
03.08.2021 00:37:08.654,0.6996600000000001,0.69955,1,1.5
03.08.2021 00:37:08.704,0.6996,0.69952,1,1
03.08.2021 00:37:08.806,0.69959,0.6994800000000001,1,2.25
03.08.2021 00:37:09.768,0.69957,0.69947,1,1.5
03.08.2021 00:37:14.240,0.6995800000000001,0.6994600000000001,1,1.12
03.08.2021 00:37:27.347,0.69957,0.6994600000000001,1,2.75
03.08.2021 00:37:29.562,0.6995800000000001,0.69945,1,2.75
03.08.2021 00:37:31.225,0.6995800000000001,0.69947,1,1
03.08.2021 00:37:40.899,0.69959,0.69947,1.5,1.12
03.08.2021 00:37:49.116,0.6996,0.69949,1.5,1.5
03.08.2021 00:37:49.219,0.6995800000000001,0.6995,1,1
03.08.2021 00:37:49.321,0.69959,0.6994800000000001,1,1.12
03.08.2021 00:37:50.370,0.69959,0.69947,1,1
03.08.2021 00:37:51.692,0.6995800000000001,0.69947,1,1
03.08.2021 00:37:58.777,0.6995300000000001,0.69942,1.69,1
03.08.2021 00:37:58.828,0.69952,0.69939,1,4.25
03.08.2021 00:37:58.929,0.6995100000000001,0.69939,1,1.69
03.08.2021 00:37:59.031,0.6995,0.69938,1,1.12
03.08.2021 00:37:59.132,0.69949,0.6993600000000001,1,1.5
03.08.2021 00:37:59.485,0.6994800000000001,0.6993600000000001,1,1.5
03.08.2021 00:38:01.264,0.6994800000000001,0.6993600000000001,1,1.12
03.08.2021 00:38:01.993,0.6994800000000001,0.6993600000000001,1,1.12
03.08.2021 00:38:03.294,0.69949,0.6993600000000001,1.5,1.12
03.08.2021 00:38:03.396,0.6994800000000001,0.6993600000000001,1,1.12
03.08.2021 00:38:03.548,0.6994800000000001,0.6993600000000001,1.62,1.12
03.08.2021 00:38:03.685,0.6994800000000001,0.6993600000000001,1,1.37
03.08.2021 00:38:04.567,0.69947,0.69937,1,2.12
03.08.2021 00:38:08.559,0.69949,0.6993600000000001,2.25,2.12
03.08.2021 00:38:08.811,0.69947,0.69937,1,2.12
03.08.2021 00:38:11.036,0.6994800000000001,0.6993600000000001,1,2.12
03.08.2021 00:38:16.118,0.69949,0.6993600000000001,1.5,2.12
03.08.2021 00:38:16.220,0.6994800000000001,0.6993600000000001,1.5,3.62
03.08.2021 00:38:16.371,0.6994800000000001,0.69935,1,3.62
03.08.2021 00:38:17.035,0.69949,0.69935,1.5,3.75
03.08.2021 00:38:17.511,0.6994800000000001,0.69935,1,3.75
03.08.2021 00:38:19.418,0.6994800000000001,0.69937,2.25,1.25
03.08.2021 00:38:21.601,0.6994800000000001,0.69937,1.5,1.25
03.08.2021 00:38:23.377,0.6994800000000001,0.69937,2.25,1.25
03.08.2021 00:38:23.911,0.69947,0.69938,2.25,1.69
03.08.2021 00:38:34.385,0.69947,0.69939,1,1.25
03.08.2021 00:38:34.582,0.6994800000000001,0.69938,1,1.75
03.08.2021 00:38:36.392,0.6994800000000001,0.69937,1,1.75
03.08.2021 00:38:46.622,0.69949,0.69937,1.5,2.12
03.08.2021 00:38:46.723,0.69949,0.69939,1.5,1.25
03.08.2021 00:38:59.356,0.6995,0.69939,1.5,2.12
03.08.2021 00:39:03.466,0.6995,0.69939,1.5,1.31
03.08.2021 00:39:10.928,0.69949,0.69939,1.5,2.87
03.08.2021 00:39:11.293,0.6995,0.69938,1.5,2.22
03.08.2021 00:39:14.080,0.6995,0.69938,1.5,1.25
03.08.2021 00:39:31.430,0.69949,0.69938,1,1.25
03.08.2021 00:39:32.690,0.69949,0.69939,1,1.25
03.08.2021 00:39:52.003,0.6994800000000001,0.69939,1,1.25
03.08.2021 00:39:56.430,0.69947,0.69939,1,1.69
03.08.2021 00:40:09.532,0.6995,0.69942,1.5,1
03.08.2021 00:40:09.583,0.69949,0.69938,1.5,3
03.08.2021 00:40:09.684,0.6994800000000001,0.69938,1,3
03.08.2021 00:40:09.785,0.6994800000000001,0.69937,1,2.12
03.08.2021 00:40:13.547,0.6994600000000001,0.69939,1,1.25
03.08.2021 00:40:18.442,0.69947,0.69939,1,1.25
03.08.2021 00:40:18.543,0.69947,0.69938,1,1.25
03.08.2021 00:40:33.164,0.6994800000000001,0.69939,1,1.25
03.08.2021 00:40:37.922,0.6995,0.69938,1.5,1.25
03.08.2021 00:40:43.228,0.6995300000000001,0.69944,1.12,1.87
03.08.2021 00:40:43.330,0.6995300000000001,0.69945,1,1.31
03.08.2021 00:40:43.432,0.6995600000000001,0.69945,1,3.25
03.08.2021 00:40:43.635,0.69955,0.69944,1.12,1.75
03.08.2021 00:40:45.316,0.69957,0.69944,1.5,2.12
03.08.2021 00:40:45.418,0.69959,0.6994600000000001,2.37,1.25
03.08.2021 00:40:45.519,0.69959,0.69947,1.62,1.25
03.08.2021 00:40:45.620,0.69959,0.6994800000000001,1.62,1.25
03.08.2021 00:40:45.865,0.6996,0.6994800000000001,3.12,1.25
03.08.2021 00:40:46.363,0.6996,0.69945,3.12,3.69
03.08.2021 00:40:56.157,0.6995800000000001,0.69945,2.25,3.69
03.08.2021 00:41:04.012,0.69959,0.6994600000000001,2.25,1.12
03.08.2021 00:41:05.055,0.6995800000000001,0.6994600000000001,2.25,1.12
03.08.2021 00:41:09.702,0.69962,0.6995,1,1.5
03.08.2021 00:41:09.803,0.6996100000000001,0.6995100000000001,1.5,1
03.08.2021 00:41:09.854,0.6996100000000001,0.6994800000000001,1.5,1.87
03.08.2021 00:41:10.056,0.6996,0.69947,1,1.12
03.08.2021 00:41:10.258,0.6995800000000001,0.6994600000000001,2.25,1.5
03.08.2021 00:41:11.619,0.69959,0.69947,3.12,1.5
03.08.2021 00:41:12.525,0.69957,0.69947,2.25,1.5
03.08.2021 00:41:16.240,0.6995800000000001,0.6994600000000001,2.25,1.12
03.08.2021 00:41:21.178,0.69959,0.6994600000000001,1.12,1.12
03.08.2021 00:41:22.113,0.69957,0.69947,2.25,1.12
03.08.2021 00:41:22.428,0.69959,0.6994600000000001,1.5,1.12
03.08.2021 00:41:23.024,0.6995800000000001,0.6994600000000001,1,1.12
03.08.2021 00:41:24.269,0.6995800000000001,0.69945,3,1.87
03.08.2021 00:41:29.897,0.6995800000000001,0.69945,3.12,1.5
03.08.2021 00:41:31.932,0.6995600000000001,0.69944,1,1.5
03.08.2021 00:41:39.740,0.6995600000000001,0.69944,1,1.12
03.08.2021 00:41:43.483,0.6995600000000001,0.69944,2.37,1.12
03.08.2021 00:41:47.293,0.69957,0.69944,3,1.12
03.08.2021 00:41:48.244,0.6995600000000001,0.69944,1,1.12
03.08.2021 00:41:48.818,0.69955,0.69942,1.5,1.12
03.08.2021 00:41:49.177,0.69952,0.69942,1,3.69
03.08.2021 00:41:50.944,0.6995300000000001,0.6994100000000001,2.25,1
03.08.2021 00:41:51.045,0.69952,0.6994100000000001,2.25,1
03.08.2021 00:41:51.146,0.69952,0.6994,1,1
03.08.2021 00:41:53.140,0.6995100000000001,0.6994,1,1
03.08.2021 00:41:53.342,0.6995,0.69939,1,1
03.08.2021 00:41:54.057,0.69952,0.69939,2.25,1
03.08.2021 00:41:54.224,0.69952,0.69938,2.25,1
03.08.2021 00:41:54.325,0.6995100000000001,0.69938,1,1
03.08.2021 00:41:55.028,0.69949,0.69938,1,1
03.08.2021 00:41:55.295,0.6995,0.69937,1,1.12
03.08.2021 00:41:55.446,0.6994800000000001,0.69937,1,1.12
03.08.2021 00:42:06.985,0.6994800000000001,0.69938,1.12,1.12
03.08.2021 00:42:07.288,0.6994800000000001,0.69937,2.25,1.12
03.08.2021 00:42:11.805,0.6994800000000001,0.69938,1.5,1.12
03.08.2021 00:42:12.813,0.6994800000000001,0.69937,1,1.12
03.08.2021 00:42:15.358,0.69952,0.6994,1,2.25
03.08.2021 00:42:15.460,0.69954,0.6994600000000001,1,1.5
03.08.2021 00:42:15.561,0.6995300000000001,0.69944,1,6.56
03.08.2021 00:42:17.507,0.69954,0.69944,3,3.56
03.08.2021 00:42:17.610,0.69954,0.6994600000000001,2.25,1.87
03.08.2021 00:42:18.361,0.6995800000000001,0.69945,3.12,1
03.08.2021 00:42:21.829,0.69957,0.69947,1,1.12
03.08.2021 00:42:22.155,0.69959,0.69947,1.5,1.12
03.08.2021 00:42:23.889,0.6995800000000001,0.69947,1,1.12
03.08.2021 00:42:24.091,0.69959,0.6994800000000001,1.5,1.12
03.08.2021 00:42:24.343,0.69959,0.69947,1,1.12
03.08.2021 00:42:25.254,0.6996,0.69947,1,1.12
03.08.2021 00:42:26.779,0.6996,0.6994800000000001,1,1
03.08.2021 00:42:35.433,0.69959,0.6994800000000001,1.5,1
03.08.2021 00:42:35.591,0.69959,0.69947,1,1
03.08.2021 00:42:46.483,0.6995800000000001,0.69947,1,1
03.08.2021 00:42:47.935,0.6995800000000001,0.6994800000000001,1.12,1
03.08.2021 00:42:48.515,0.6995800000000001,0.69947,1.12,1.12
03.08.2021 00:42:48.649,0.6995800000000001,0.6994600000000001,2.25,1.12
03.08.2021 00:42:51.975,0.69957,0.6994800000000001,1,1
03.08.2021 00:42:52.524,0.69959,0.6994600000000001,1.12,1.12
03.08.2021 00:42:53.473,0.6995800000000001,0.6994600000000001,2.25,1.12
03.08.2021 00:42:55.978,0.6995800000000001,0.69947,3,1.12
03.08.2021 00:42:56.741,0.6995800000000001,0.6994600000000001,1,1.12
03.08.2021 00:43:01.597,0.6995800000000001,0.69947,3,1.12
03.08.2021 00:43:25.539,0.69959,0.69947,1,1
03.08.2021 00:43:46.009,0.69959,0.6994600000000001,1.5,1.12
03.08.2021 00:43:52.240,0.69959,0.6994600000000001,1.5,1.5
03.08.2021 00:44:07.740,0.69959,0.6994600000000001,1.5,1.12
03.08.2021 00:44:15.225,0.6995800000000001,0.6994600000000001,1.5,1.12
03.08.2021 00:44:15.326,0.6995800000000001,0.69945,1.5,1.12
03.08.2021 00:44:15.428,0.69957,0.69945,1,1.12
03.08.2021 00:44:16.987,0.69954,0.6994300000000001,1.5,3.5
03.08.2021 00:44:17.088,0.6995300000000001,0.6994100000000001,1,1.12
03.08.2021 00:44:18.249,0.69952,0.6994100000000001,1,1
03.08.2021 00:44:18.350,0.6995,0.6994100000000001,1,1.25
03.08.2021 00:44:18.552,0.6995100000000001,0.69939,1,1.31
03.08.2021 00:44:23.199,0.69952,0.69939,1.87,1
03.08.2021 00:44:30.979,0.69952,0.69942,1.5,1
03.08.2021 00:44:31.030,0.6995600000000001,0.69945,1.5,1.5
03.08.2021 00:44:31.132,0.69957,0.69944,1.12,2.45
03.08.2021 00:44:31.233,0.69954,0.69942,1.5,1.31
03.08.2021 00:44:31.587,0.6995300000000001,0.6994,1,2.81
03.08.2021 00:44:33.581,0.69954,0.6994,1,2.81
03.08.2021 00:44:33.933,0.6995300000000001,0.69939,1,1.25
03.08.2021 00:44:38.960,0.69952,0.69939,1,1
03.08.2021 00:44:43.816,0.6995100000000001,0.69938,1.5,1
03.08.2021 00:44:43.917,0.6995,0.69938,1,1
03.08.2021 00:44:44.914,0.69945,0.69935,1,3
03.08.2021 00:44:50.174,0.6994800000000001,0.6993600000000001,1,1.25
03.08.2021 00:44:50.275,0.6994800000000001,0.69937,1.5,1
03.08.2021 00:45:01.872,0.6994800000000001,0.69938,1,2.25
03.08.2021 00:45:14.670,0.69949,0.69938,1,1
03.08.2021 00:45:23.295,0.69949,0.69939,1,1
03.08.2021 00:45:24.422,0.6995100000000001,0.69938,1.5,1
03.08.2021 00:45:32.471,0.6995100000000001,0.69939,1,1
03.08.2021 00:45:39.596,0.6995100000000001,0.69942,1,3.5
03.08.2021 00:45:39.647,0.6995600000000001,0.69945,1,2.62
03.08.2021 00:45:39.799,0.69957,0.69945,1.5,1.5
03.08.2021 00:45:41.744,0.6995800000000001,0.6994600000000001,1.5,1
03.08.2021 00:45:41.845,0.69959,0.69947,1,1
03.08.2021 00:45:42.354,0.6996,0.69949,1,1
03.08.2021 00:45:42.455,0.6996100000000001,0.69949,1,1
03.08.2021 00:45:44.015,0.6996600000000001,0.69955,1.12,1.87
03.08.2021 00:45:44.470,0.6996600000000001,0.6995600000000001,1,1.5
03.08.2021 00:45:46.139,0.6996800000000001,0.69955,1.88,1.5
03.08.2021 00:45:46.240,0.69969,0.6995600000000001,2,1.12
03.08.2021 00:45:46.496,0.6996800000000001,0.69959,1,1
03.08.2021 00:45:51.793,0.69969,0.69957,1,1
03.08.2021 00:46:02.039,0.6997,0.6995800000000001,1,1
03.08.2021 00:46:03.342,0.69971,0.6996,1,1
03.08.2021 00:46:03.443,0.69971,0.69959,1,1
03.08.2021 00:46:05.724,0.69965,0.6995600000000001,1,4.5
03.08.2021 00:46:05.826,0.69962,0.69952,1,1.1
03.08.2021 00:46:05.877,0.6996300000000001,0.6995,1,1
03.08.2021 00:46:05.927,0.6996100000000001,0.6994800000000001,1,1.5
03.08.2021 00:46:06.028,0.6996,0.6994800000000001,1,1
03.08.2021 00:46:17.136,0.6996,0.69947,1.12,1.12
03.08.2021 00:46:23.690,0.69959,0.69947,1,1.12
03.08.2021 00:46:23.823,0.69959,0.6994800000000001,1.12,1.12
03.08.2021 00:46:30.710,0.69959,0.69947,1,1.12
03.08.2021 00:46:33.130,0.6996,0.69947,1.12,1.12
03.08.2021 00:46:33.231,0.69959,0.69947,1,1.12
03.08.2021 00:46:42.323,0.69957,0.69947,1,1
03.08.2021 00:46:42.374,0.69955,0.6994600000000001,1.12,1.5
03.08.2021 00:46:42.425,0.69957,0.69947,1,1.25
03.08.2021 00:46:42.476,0.69959,0.69947,1,1.69
03.08.2021 00:46:42.577,0.69959,0.6994600000000001,1,1
03.08.2021 00:46:42.754,0.6995800000000001,0.6994600000000001,1,1
03.08.2021 00:46:44.554,0.6995800000000001,0.69947,1,1
03.08.2021 00:46:45.034,0.6995800000000001,0.6994800000000001,1,1
03.08.2021 00:46:59.780,0.69957,0.6994800000000001,1,1
03.08.2021 00:47:02.731,0.69959,0.69947,1,1
03.08.2021 00:47:16.272,0.6995800000000001,0.69947,1,1
03.08.2021 00:47:28.824,0.6995800000000001,0.6994800000000001,1,1
03.08.2021 00:47:39.541,0.69959,0.6994600000000001,1,1.12
03.08.2021 00:48:01.549,0.69957,0.69947,1,1.12
03.08.2021 00:48:07.788,0.69959,0.6994600000000001,1,1.12
03.08.2021 00:48:07.926,0.6995800000000001,0.6994600000000001,1,1.12
03.08.2021 00:48:14.958,0.69957,0.69945,1,1.62
03.08.2021 00:48:16.370,0.6995300000000001,0.69942,1,2.25
03.08.2021 00:48:16.421,0.69952,0.6994,1,1.87
03.08.2021 00:48:17.253,0.6995,0.69939,1,1.12
03.08.2021 00:48:17.354,0.6995,0.69938,1,1.12
03.08.2021 00:48:18.494,0.6995100000000001,0.6993600000000001,1,2.75
03.08.2021 00:48:23.760,0.6995100000000001,0.6993600000000001,1,2.75
03.08.2021 00:48:23.861,0.69949,0.69937,1,1.5
03.08.2021 00:48:28.323,0.6995300000000001,0.6994300000000001,1,3.37
03.08.2021 00:48:28.425,0.69955,0.69944,1,2.37
03.08.2021 00:48:28.821,0.6995600000000001,0.69945,1,2.56
03.08.2021 00:48:30.436,0.69957,0.69945,1,2.37
03.08.2021 00:48:31.998,0.6995600000000001,0.69945,1,3.12
03.08.2021 00:48:36.564,0.6995800000000001,0.69945,1,1
03.08.2021 00:48:45.218,0.6995800000000001,0.6994600000000001,1,2.25
03.08.2021 00:48:51.741,0.69959,0.6994600000000001,1.12,1
03.08.2021 00:48:52.954,0.69959,0.69947,1,1
03.08.2021 00:48:54.350,0.6995800000000001,0.69947,1,1
03.08.2021 00:49:42.772,0.69959,0.69945,1,1.87
03.08.2021 00:50:00.429,0.6995800000000001,0.69947,1,1
03.08.2021 00:50:23.024,0.69959,0.69945,1,2.25
03.08.2021 00:50:27.134,0.69959,0.6994600000000001,1,1
03.08.2021 00:50:45.799,0.69959,0.69945,1,1.5
03.08.2021 00:50:49.621,0.6996,0.69945,1.69,2.25
03.08.2021 00:50:54.153,0.6996,0.6994600000000001,1.25,1
03.08.2021 00:50:59.712,0.6996100000000001,0.69945,2.12,1.5
03.08.2021 00:51:00.824,0.6996100000000001,0.6994600000000001,2.5,1
03.08.2021 00:51:14.558,0.69959,0.6994600000000001,1,1.12
03.08.2021 00:51:16.714,0.69959,0.6994600000000001,2.37,1
03.08.2021 00:51:16.815,0.69959,0.69945,2.37,1
03.08.2021 00:51:21.025,0.69959,0.69945,1.5,1
03.08.2021 00:51:23.959,0.69959,0.69945,2.37,1
03.08.2021 00:51:28.603,0.69959,0.69945,1.5,1
03.08.2021 00:51:29.157,0.69957,0.6994600000000001,1,1
03.08.2021 00:51:59.798,0.6995600000000001,0.69945,1,1.12
03.08.2021 00:52:00.072,0.69955,0.69945,1,1
03.08.2021 00:52:00.122,0.6995300000000001,0.69942,1,1
03.08.2021 00:52:00.173,0.6995300000000001,0.69939,1,3.12
03.08.2021 00:52:00.275,0.6995300000000001,0.69939,1,1.2
03.08.2021 00:52:00.376,0.69952,0.69939,1,2.2
03.08.2021 00:52:01.567,0.69952,0.69939,1,1.12
03.08.2021 00:52:21.245,0.69952,0.69938,1,1.5
03.08.2021 00:52:23.788,0.6995,0.69938,1,1
03.08.2021 00:52:24.110,0.6995100000000001,0.69938,1,1
03.08.2021 00:52:24.211,0.6995,0.69938,1,1.12
03.08.2021 00:52:38.485,0.69949,0.69937,1,1
03.08.2021 00:52:40.818,0.6995,0.69939,1,1.75
03.08.2021 00:52:40.869,0.6995300000000001,0.6994100000000001,1,1.12
03.08.2021 00:52:40.971,0.69952,0.6994100000000001,1,1
03.08.2021 00:52:41.371,0.69954,0.6994,1.5,1
03.08.2021 00:52:41.473,0.69954,0.69939,1.69,1
03.08.2021 00:52:42.295,0.6995300000000001,0.69939,1,1
03.08.2021 00:53:01.575,0.6995300000000001,0.6994,2.81,1
03.08.2021 00:53:04.661,0.69952,0.69937,1,1.12
03.08.2021 00:53:05.565,0.6995300000000001,0.69938,2.25,1
03.08.2021 00:53:06.593,0.69952,0.69937,1.5,1
03.08.2021 00:53:07.334,0.6995100000000001,0.69937,1,1
03.08.2021 00:53:14.768,0.6995100000000001,0.6993600000000001,1.5,1.12
03.08.2021 00:53:16.319,0.6995,0.6993600000000001,1,1.12
03.08.2021 00:53:20.892,0.69949,0.6993600000000001,1.5,1.12
03.08.2021 00:53:34.088,0.6995,0.6993600000000001,1,1
03.08.2021 00:53:59.068,0.69949,0.6993600000000001,1,1
03.08.2021 00:54:02.990,0.6994800000000001,0.6993600000000001,1.5,1.12
03.08.2021 00:54:03.091,0.69945,0.69932,1,3.37
03.08.2021 00:54:04.518,0.6994300000000001,0.69929,1,1
03.08.2021 00:54:04.619,0.6994100000000001,0.6993,1,1
03.08.2021 00:54:04.822,0.69942,0.69928,1,1
03.08.2021 00:54:05.348,0.6994,0.69929,1,1
03.08.2021 00:54:05.601,0.69942,0.69928,1,1
03.08.2021 00:54:06.435,0.6994100000000001,0.69928,1,1
03.08.2021 00:54:06.960,0.6994,0.69928,1,1
03.08.2021 00:54:07.967,0.6994100000000001,0.69928,1.5,1
03.08.2021 00:54:08.575,0.6994100000000001,0.69929,1,1
03.08.2021 00:54:08.846,0.69942,0.69929,2.25,1.5
03.08.2021 00:54:08.947,0.69942,0.6993,1.5,1
03.08.2021 00:54:11.704,0.69944,0.69929,3,1
03.08.2021 00:54:12.714,0.6994300000000001,0.69933,1,1
03.08.2021 00:54:13.019,0.69945,0.69932,1,1
03.08.2021 00:54:13.120,0.69945,0.6993,1.5,1
03.08.2021 00:54:13.331,0.69944,0.6993,1,1
03.08.2021 00:54:13.572,0.6994600000000001,0.6993600000000001,1.25,1
03.08.2021 00:54:13.622,0.6994600000000001,0.69932,1.5,1
03.08.2021 00:54:13.724,0.69945,0.6993100000000001,1,1
03.08.2021 00:54:13.926,0.69944,0.6993100000000001,1,1
03.08.2021 00:54:16.020,0.69944,0.6993,1,1
03.08.2021 00:54:16.624,0.69942,0.6992700000000001,1.5,1
03.08.2021 00:54:16.978,0.6994100000000001,0.6992700000000001,1,1
03.08.2021 00:54:17.180,0.6994,0.6992600000000001,1,1
03.08.2021 00:54:23.879,0.6994,0.69925,2.25,1.87
03.08.2021 00:54:28.871,0.69939,0.69925,1,1.87
03.08.2021 00:54:47.433,0.6994,0.69925,2.44,2.62
03.08.2021 00:54:49.464,0.6994,0.6992600000000001,2.25,1
03.08.2021 00:54:51.642,0.69939,0.69929,1,1
03.08.2021 00:54:52.131,0.69942,0.69928,1,1
03.08.2021 00:54:52.642,0.6994100000000001,0.6993,1,1
03.08.2021 00:54:53.546,0.69944,0.69934,1,1.5
03.08.2021 00:54:53.597,0.69947,0.69934,1,2.75
03.08.2021 00:54:57.152,0.6994800000000001,0.69934,1.5,2.75
03.08.2021 00:54:58.241,0.69949,0.69935,1,1.12
03.08.2021 00:55:00.335,0.69945,0.69933,1,2.69
03.08.2021 00:55:00.436,0.6994300000000001,0.69932,1,1
03.08.2021 00:55:00.537,0.69942,0.69929,1,1.57
03.08.2021 00:55:00.638,0.6994,0.6993,1,1.57
03.08.2021 00:55:00.689,0.69942,0.69929,1.69,1.5
03.08.2021 00:55:00.791,0.6994300000000001,0.69928,2.5,1
03.08.2021 00:55:00.892,0.69942,0.6992700000000001,3.25,1
03.08.2021 00:55:00.994,0.6994100000000001,0.69928,2.44,1
03.08.2021 00:55:02.073,0.69942,0.69928,1.5,1
03.08.2021 00:55:02.174,0.69942,0.69928,2.5,1
03.08.2021 00:55:03.116,0.69942,0.6992700000000001,4,1
03.08.2021 00:55:03.254,0.6994,0.6992700000000001,1,1
03.08.2021 00:55:09.767,0.69939,0.69925,1,1.62
03.08.2021 00:55:10.741,0.69939,0.69925,1.5,1.62
03.08.2021 00:55:13.847,0.69938,0.6992600000000001,2.44,1
03.08.2021 00:55:13.897,0.69937,0.69924,1,1
03.08.2021 00:55:13.998,0.69933,0.69924,1,1
03.08.2021 00:55:14.049,0.69933,0.69919,1.25,2.19
03.08.2021 00:55:14.150,0.69933,0.6992100000000001,1,1
03.08.2021 00:55:14.252,0.69934,0.6992100000000001,1,1
03.08.2021 00:55:15.694,0.69933,0.6992,1.69,1.12
03.08.2021 00:55:15.795,0.69933,0.69918,4,1.12
03.08.2021 00:55:16.520,0.6993100000000001,0.69918,1,1.12
03.08.2021 00:55:19.524,0.6993,0.6991700000000001,1,1.12
03.08.2021 00:55:30.099,0.6993100000000001,0.69919,1,1
03.08.2021 00:55:30.225,0.6993100000000001,0.69918,1.5,1
03.08.2021 00:55:33.222,0.6993100000000001,0.6991700000000001,1.69,1.12
03.08.2021 00:55:43.243,0.6993,0.6991700000000001,1,1.12
03.08.2021 00:55:45.483,0.69929,0.6992,1,1
03.08.2021 00:55:45.584,0.6993,0.69918,1,1
03.08.2021 00:55:49.147,0.6993100000000001,0.69918,1.25,1
03.08.2021 00:56:11.283,0.6993100000000001,0.69919,1.25,1
03.08.2021 00:56:16.437,0.69932,0.69918,1.75,1
03.08.2021 00:56:16.648,0.69932,0.69918,1.25,1
03.08.2021 00:56:19.223,0.69934,0.6992100000000001,1.69,1
03.08.2021 00:56:19.324,0.69932,0.6992,1,1
03.08.2021 00:56:19.743,0.69932,0.69918,1.5,1.12
03.08.2021 00:56:22.037,0.6993600000000001,0.69925,1.69,2.75
03.08.2021 00:56:24.542,0.69938,0.69924,1.69,2.37
03.08.2021 00:56:42.646,0.6994,0.69925,4,1.5
03.08.2021 00:56:44.241,0.6994,0.69925,3.25,1.62
03.08.2021 00:56:44.839,0.6994,0.6992700000000001,1.69,1
03.08.2021 00:56:48.988,0.69939,0.69925,1.25,1.62
03.08.2021 00:56:49.108,0.69939,0.69925,1.69,1.12
03.08.2021 00:56:52.224,0.69939,0.69925,3.25,1.12
03.08.2021 00:57:26.368,0.69934,0.69924,1,1.5
03.08.2021 00:57:26.469,0.69933,0.6992200000000001,1,1
03.08.2021 00:57:26.570,0.69934,0.6992200000000001,1,1
03.08.2021 00:57:26.955,0.6993100000000001,0.69919,1,1.39
03.08.2021 00:57:27.207,0.6993100000000001,0.6992,1,1
03.08.2021 00:57:27.738,0.6993,0.6992,1,1
03.08.2021 00:57:27.840,0.6993100000000001,0.69918,2.25,1.12
03.08.2021 00:57:34.004,0.6993100000000001,0.6991700000000001,2.44,1.12
03.08.2021 00:57:34.452,0.6993,0.6991700000000001,1,1.12
03.08.2021 00:57:39.270,0.6993,0.69915,1,2
03.08.2021 00:57:54.497,0.6993,0.6991700000000001,1,1.69
03.08.2021 00:57:54.598,0.69937,0.69924,2.07,2
03.08.2021 00:57:54.699,0.69937,0.69924,1.12,1.75
03.08.2021 00:57:56.747,0.6993600000000001,0.6992200000000001,2.44,3.69
03.08.2021 00:57:56.798,0.69933,0.6992,1.25,2.62
03.08.2021 00:57:56.900,0.69932,0.6991700000000001,1.69,2.19
03.08.2021 00:57:57.791,0.6993100000000001,0.6991700000000001,1.69,1.12
03.08.2021 00:57:57.893,0.6993100000000001,0.6991600000000001,3.25,1.5
03.08.2021 00:58:02.043,0.69929,0.69915,1,2
03.08.2021 00:58:02.252,0.69928,0.6991600000000001,1,2
03.08.2021 00:58:02.628,0.6993,0.6991600000000001,2.44,1.12
03.08.2021 00:58:22.388,0.6993,0.69918,1,1
03.08.2021 00:58:22.439,0.69932,0.69919,1.25,1
03.08.2021 00:58:24.866,0.69933,0.69919,1.25,1.12
03.08.2021 00:58:25.601,0.69933,0.6992,1.75,1.12
03.08.2021 00:58:25.702,0.69932,0.69918,3.25,1
03.08.2021 00:58:35.113,0.6993100000000001,0.6991700000000001,3.25,1.12
03.08.2021 00:58:38.256,0.69933,0.6992100000000001,1.5,1.12
03.08.2021 00:58:38.358,0.69933,0.6992200000000001,1.5,1.12
03.08.2021 00:58:40.680,0.69935,0.6992100000000001,1.25,1.5
03.08.2021 00:58:49.870,0.69933,0.69919,1,1
03.08.2021 00:59:01.248,0.69932,0.69919,1,1.12
03.08.2021 00:59:01.599,0.69933,0.69919,1.5,1.12
03.08.2021 00:59:03.869,0.69937,0.69924,6.87,1.62
03.08.2021 00:59:03.920,0.69934,0.6992200000000001,1,2.06
03.08.2021 00:59:04.021,0.69934,0.6992,1.69,1
03.08.2021 00:59:04.123,0.69934,0.6992100000000001,1.25,1
03.08.2021 00:59:05.601,0.69932,0.6992200000000001,1,1
03.08.2021 00:59:05.702,0.69934,0.6992100000000001,1.69,1
03.08.2021 00:59:06.343,0.69933,0.6992100000000001,1,1
03.08.2021 00:59:16.180,0.69932,0.6992,1.25,1
03.08.2021 00:59:16.281,0.69932,0.69919,1,1
03.08.2021 00:59:16.645,0.69933,0.69919,1.69,1.12
03.08.2021 00:59:16.696,0.69934,0.69923,1,1.5
03.08.2021 00:59:16.848,0.69933,0.69923,1,1
03.08.2021 00:59:17.829,0.69933,0.6992200000000001,1,1
03.08.2021 00:59:20.449,0.69933,0.6992,1,1
03.08.2021 00:59:23.042,0.69932,0.6992,1,1
03.08.2021 00:59:34.664,0.69933,0.6992,1.25,1.12
03.08.2021 00:59:38.716,0.69934,0.6992,1.25,1.5
03.08.2021 00:59:39.467,0.69933,0.6992,1,1
03.08.2021 00:59:40.912,0.69933,0.6992,1,1.5
03.08.2021 00:59:41.115,0.69933,0.6992,1,1
03.08.2021 00:59:59.967,0.69933,0.6992100000000001,1.5,1
03.08.2021 01:00:00.018,0.69934,0.69924,1,1
03.08.2021 01:00:00.120,0.6993100000000001,0.6992200000000001,1,1
03.08.2021 01:00:00.171,0.69937,0.69925,3.25,1
03.08.2021 01:00:00.272,0.69937,0.6992600000000001,1.37,1.12
03.08.2021 01:00:00.424,0.69938,0.6992600000000001,1,1
03.08.2021 01:00:01.205,0.69939,0.6992700000000001,2.44,2.44
03.08.2021 01:00:01.256,0.69944,0.69937,1,1
03.08.2021 01:00:01.358,0.69945,0.69937,1,1.75
03.08.2021 01:00:01.409,0.69949,0.6993600000000001,1,1.75
03.08.2021 01:00:01.511,0.69949,0.69938,1.12,1.25
03.08.2021 01:00:02.006,0.6995,0.6994,1,1.25
03.08.2021 01:00:02.107,0.6995,0.6994,1,1.25
03.08.2021 01:00:02.509,0.6995,0.69938,1,1.25
03.08.2021 01:00:03.101,0.6994800000000001,0.69939,1,1.25
03.08.2021 01:00:03.202,0.6995,0.69938,1,1.25
03.08.2021 01:00:03.682,0.6995,0.69938,1,1.25
03.08.2021 01:00:04.493,0.6995,0.69939,1.5,1.25
03.08.2021 01:00:06.334,0.6995100000000001,0.69939,1.5,1
03.08.2021 01:00:06.385,0.69954,0.6994100000000001,1.5,1.25
03.08.2021 01:00:06.435,0.69955,0.6994300000000001,1,2.19
03.08.2021 01:00:06.486,0.69957,0.69947,1,1.25
03.08.2021 01:00:06.587,0.69959,0.6994600000000001,1.5,1.75
03.08.2021 01:00:06.688,0.6996,0.6994600000000001,1.5,1.75
03.08.2021 01:00:06.967,0.6996,0.6994600000000001,1.5,1.69
03.08.2021 01:00:07.068,0.69959,0.69945,2.44,1.69
03.08.2021 01:00:07.998,0.69959,0.69945,2.56,1.69
03.08.2021 01:00:08.300,0.69959,0.69945,1.5,2.5
03.08.2021 01:00:09.193,0.69959,0.69945,1,1.75
03.08.2021 01:00:11.767,0.6995600000000001,0.69945,1,1.69
03.08.2021 01:00:11.869,0.6995,0.69938,1,1.25
03.08.2021 01:00:11.970,0.6995100000000001,0.69937,1.5,1.75
03.08.2021 01:00:12.414,0.6995,0.69938,1.87,1.25
03.08.2021 01:00:13.508,0.6995100000000001,0.69937,1.87,1.75
03.08.2021 01:00:23.737,0.69952,0.69938,1.87,1.25
03.08.2021 01:00:40.090,0.6995100000000001,0.69939,1,1.75
03.08.2021 01:00:40.192,0.69959,0.69947,1.5,1.25
03.08.2021 01:00:40.394,0.6996,0.6994800000000001,2.19,2.5
03.08.2021 01:00:40.747,0.69962,0.69947,2.19,3.25
03.08.2021 01:00:41.379,0.69962,0.6994800000000001,1.5,1.75
03.08.2021 01:00:42.032,0.69964,0.69952,1,1
03.08.2021 01:00:42.134,0.69967,0.69957,1.12,1
03.08.2021 01:00:42.235,0.6997,0.69957,1.5,1.25
03.08.2021 01:00:42.336,0.6997,0.6995800000000001,1,1.25
03.08.2021 01:00:42.437,0.69972,0.6995800000000001,1,1.69
03.08.2021 01:00:46.284,0.69972,0.6995800000000001,1.12,1.25
03.08.2021 01:00:46.385,0.69972,0.6996,1.12,1
03.08.2021 01:00:46.604,0.69972,0.6996100000000001,1.12,1.25
03.08.2021 01:00:47.123,0.69972,0.6996,1.12,1.25
03.08.2021 01:00:47.173,0.69972,0.69957,1.87,2.12
03.08.2021 01:00:48.220,0.69971,0.69957,1,2.12
03.08.2021 01:00:50.587,0.6997,0.6995600000000001,1.5,3.19
03.08.2021 01:00:50.688,0.69967,0.69954,1,1.25
03.08.2021 01:00:50.789,0.6996600000000001,0.69952,1.12,2.44
03.08.2021 01:00:50.890,0.6996300000000001,0.6995300000000001,1.12,1.69
03.08.2021 01:00:50.992,0.69962,0.6994800000000001,1.12,1.12
03.08.2021 01:00:51.143,0.6996100000000001,0.6994800000000001,1,1.12
03.08.2021 01:00:55.563,0.6996,0.6995100000000001,1,1
03.08.2021 01:00:55.664,0.69964,0.6995,1.12,1.25
03.08.2021 01:00:55.766,0.6996300000000001,0.69952,1.12,1
03.08.2021 01:00:56.400,0.69964,0.6995,1.12,1.25
03.08.2021 01:00:59.571,0.69965,0.6995,2,1.75
03.08.2021 01:01:00.969,0.69965,0.6995,2,1.69
03.08.2021 01:01:01.836,0.6996300000000001,0.6995,1,1
03.08.2021 01:01:02.025,0.69962,0.6994800000000001,1.12,1
03.08.2021 01:01:02.290,0.69962,0.69949,1.12,1
03.08.2021 01:01:02.693,0.69962,0.6994800000000001,1.12,1.25
03.08.2021 01:01:03.161,0.6996300000000001,0.6995,1.5,1
03.08.2021 01:01:03.413,0.69965,0.6995100000000001,1.62,1.25
03.08.2021 01:01:03.515,0.69965,0.69957,1,1
03.08.2021 01:01:03.565,0.69969,0.6995600000000001,1.12,1
03.08.2021 01:01:08.281,0.69969,0.6995600000000001,1.5,1
03.08.2021 01:01:12.240,0.69969,0.69957,1.62,1
03.08.2021 01:01:13.240,0.69969,0.6995600000000001,1.5,1
03.08.2021 01:01:14.378,0.6996800000000001,0.69957,1,1
03.08.2021 01:01:18.092,0.6997,0.6995600000000001,1.5,1
03.08.2021 01:01:23.973,0.69967,0.6995300000000001,1,2.19
03.08.2021 01:01:24.024,0.69967,0.69952,1.87,1.31
03.08.2021 01:01:24.125,0.6996600000000001,0.6995300000000001,3.12,1.25
03.08.2021 01:01:24.377,0.69965,0.6995100000000001,1.12,1.25
03.08.2021 01:01:24.925,0.69964,0.6995100000000001,1.12,1
03.08.2021 01:01:24.976,0.6996300000000001,0.6995,1.87,1.12
03.08.2021 01:01:25.077,0.6996100000000001,0.6994800000000001,1,1
03.08.2021 01:01:25.178,0.6996100000000001,0.69947,1.12,1
03.08.2021 01:01:40.516,0.6996100000000001,0.6994600000000001,2.25,1.12
03.08.2021 01:01:40.649,0.69959,0.69947,1,1.12
03.08.2021 01:01:45.613,0.6995300000000001,0.69942,1,1.12
03.08.2021 01:01:45.714,0.6995100000000001,0.69938,1,1.31
03.08.2021 01:01:50.897,0.6995100000000001,0.69937,1.5,1.25
03.08.2021 01:01:51.032,0.6995,0.69937,1,1
03.08.2021 01:01:51.134,0.6995,0.69935,2.25,1.75
03.08.2021 01:01:51.549,0.6995,0.69935,2.25,1.31
03.08.2021 01:01:53.033,0.6995,0.69938,1,1
03.08.2021 01:01:53.134,0.6995100000000001,0.69937,1.5,1
03.08.2021 01:01:53.236,0.6995100000000001,0.69938,1.5,1
03.08.2021 01:01:53.589,0.6995100000000001,0.69939,1.5,1
03.08.2021 01:01:54.043,0.6995,0.69937,1,1.31
03.08.2021 01:01:56.236,0.6995100000000001,0.69939,1,1
03.08.2021 01:01:57.763,0.6995300000000001,0.69942,1,1.25
03.08.2021 01:01:57.864,0.69955,0.6994100000000001,1,1.69
03.08.2021 01:02:04.204,0.69954,0.6994,1,1
03.08.2021 01:02:04.305,0.6995100000000001,0.69939,1,1
03.08.2021 01:02:04.356,0.6995100000000001,0.69938,1,1.31
03.08.2021 01:02:04.609,0.69952,0.69939,2.25,1.31
03.08.2021 01:02:04.710,0.6995300000000001,0.69939,1,1
03.08.2021 01:02:06.124,0.6995300000000001,0.6994100000000001,1,1
03.08.2021 01:02:06.893,0.69954,0.6994100000000001,1,1
03.08.2021 01:02:07.665,0.69954,0.69942,1,1
03.08.2021 01:02:07.716,0.6995800000000001,0.69945,1,1.12
03.08.2021 01:02:07.867,0.69959,0.69945,1,1.12
03.08.2021 01:02:08.421,0.6995800000000001,0.69945,1,1
03.08.2021 01:02:08.472,0.69957,0.69942,1.5,1.31
03.08.2021 01:02:08.674,0.6995600000000001,0.69942,1,1.25
03.08.2021 01:02:08.775,0.6995300000000001,0.69942,1,1
03.08.2021 01:02:09.320,0.6995300000000001,0.6994100000000001,1,1.25
03.08.2021 01:02:09.477,0.6995100000000001,0.69939,1,1
03.08.2021 01:02:10.138,0.69952,0.69939,1,1.5
03.08.2021 01:02:11.118,0.69954,0.69939,1.5,1.25
03.08.2021 01:02:11.219,0.69954,0.6994,1,1.25
03.08.2021 01:02:11.270,0.6995300000000001,0.6994300000000001,1,1
03.08.2021 01:02:12.507,0.69955,0.69942,1,1
03.08.2021 01:02:12.609,0.6996,0.6994600000000001,1,1
03.08.2021 01:02:14.356,0.69959,0.6994800000000001,1,1
03.08.2021 01:02:14.978,0.69959,0.69947,1,1
03.08.2021 01:02:15.079,0.69954,0.6994300000000001,1,3.69
03.08.2021 01:02:15.180,0.69952,0.6994100000000001,1,2.44
03.08.2021 01:02:15.231,0.69954,0.6994100000000001,2.25,1.75
03.08.2021 01:02:15.622,0.69959,0.69945,1.5,1.87
03.08.2021 01:02:16.523,0.6996,0.69945,2.25,2.06
03.08.2021 01:02:16.891,0.6996,0.69945,2.87,1.87
03.08.2021 01:02:18.022,0.6995800000000001,0.69945,1,1.5
03.08.2021 01:02:18.313,0.6995600000000001,0.6994600000000001,1,1.5
03.08.2021 01:02:24.958,0.69954,0.6994300000000001,1,1
03.08.2021 01:02:25.009,0.6995300000000001,0.6994100000000001,1,1.12
03.08.2021 01:02:25.110,0.69952,0.6994100000000001,1,1
03.08.2021 01:02:25.161,0.6995,0.69938,1,1.12
03.08.2021 01:02:25.772,0.69949,0.69938,1,1.12
03.08.2021 01:02:27.935,0.69949,0.69937,1,1.12
03.08.2021 01:02:32.352,0.6994800000000001,0.6993600000000001,1,1.12
03.08.2021 01:02:35.255,0.69947,0.6993600000000001,1,1.87
03.08.2021 01:02:36.528,0.69947,0.69935,1,1.5
03.08.2021 01:02:36.578,0.69942,0.69933,1,1.69
03.08.2021 01:02:36.629,0.6994100000000001,0.69932,1,1
03.08.2021 01:02:36.730,0.6994100000000001,0.6993100000000001,1,1
03.08.2021 01:02:37.750,0.69939,0.69929,1,1.12
03.08.2021 01:02:37.851,0.69939,0.69928,1,1.12
03.08.2021 01:02:41.526,0.69939,0.6992600000000001,1.5,1.12
03.08.2021 01:02:41.727,0.69939,0.69928,1,1
03.08.2021 01:02:41.828,0.69939,0.6992700000000001,1,1.5
03.08.2021 01:02:50.964,0.69939,0.69925,1.5,1.12
03.08.2021 01:02:55.559,0.69937,0.6992600000000001,1,1.12
03.08.2021 01:02:56.653,0.69938,0.6992600000000001,1,1
03.08.2021 01:02:57.222,0.69938,0.69925,1,3.75
03.08.2021 01:02:57.360,0.69938,0.6992600000000001,1,1
03.08.2021 01:02:59.703,0.69939,0.6992700000000001,1,1.5
03.08.2021 01:02:59.905,0.69938,0.69929,1,1
03.08.2021 01:03:00.563,0.69939,0.6992600000000001,1,3.37
03.08.2021 01:03:03.383,0.69939,0.6992600000000001,1,2
03.08.2021 01:03:03.535,0.69942,0.6993100000000001,1,2.25
03.08.2021 01:03:03.637,0.6994600000000001,0.69934,1,2.75
03.08.2021 01:03:03.739,0.69947,0.69934,1.25,1.87
03.08.2021 01:03:05.620,0.69947,0.69934,1,3.87
03.08.2021 01:03:05.773,0.69947,0.6993600000000001,1.25,1
03.08.2021 01:03:14.276,0.69947,0.69935,1,1.12
03.08.2021 01:03:20.000,0.69947,0.69934,1.5,1.12
03.08.2021 01:03:21.747,0.69947,0.69934,1.5,3.87
03.08.2021 01:03:21.848,0.69947,0.69934,1.5,2.62
03.08.2021 01:03:23.351,0.69945,0.69935,1,1.12
03.08.2021 01:03:28.644,0.6994600000000001,0.69934,1,3.87
03.08.2021 01:03:31.896,0.6994100000000001,0.6993100000000001,1,1.1
03.08.2021 01:03:32.148,0.6994,0.69929,1,1
03.08.2021 01:03:32.250,0.69939,0.69929,1,1.12
03.08.2021 01:03:37.547,0.69939,0.69928,1,1.12
03.08.2021 01:03:41.066,0.69942,0.6993,1.5,2.37
03.08.2021 01:03:41.167,0.69945,0.69935,1,1.12
03.08.2021 01:03:41.268,0.6994600000000001,0.69935,1,1.87
03.08.2021 01:03:43.856,0.69944,0.69933,1,1
03.08.2021 01:03:43.957,0.6994300000000001,0.69933,1,1
03.08.2021 01:03:44.109,0.69942,0.69932,1,1
03.08.2021 01:03:45.275,0.69939,0.6993,1,1.87
03.08.2021 01:03:45.528,0.6994,0.6992700000000001,1,1
03.08.2021 01:03:45.883,0.69938,0.6992700000000001,1,1
03.08.2021 01:03:45.984,0.69938,0.6992600000000001,1,1.12
03.08.2021 01:04:01.466,0.69935,0.69924,1,1
03.08.2021 01:04:01.567,0.69934,0.69923,1,1.5
03.08.2021 01:04:01.900,0.69934,0.6992200000000001,1,1
03.08.2021 01:04:02.001,0.69932,0.6992200000000001,1,1
03.08.2021 01:04:02.577,0.69932,0.6992100000000001,1,1
03.08.2021 01:04:02.867,0.69932,0.6992200000000001,1,1
03.08.2021 01:04:02.968,0.69933,0.6992200000000001,1,1
03.08.2021 01:04:03.069,0.69932,0.6992200000000001,1,1
03.08.2021 01:04:04.493,0.69929,0.69919,1,1
03.08.2021 01:04:05.822,0.69929,0.6991700000000001,1,1.5
03.08.2021 01:04:09.242,0.69929,0.6991700000000001,1,1.12
03.08.2021 01:04:11.483,0.69928,0.6991600000000001,1,1.5
03.08.2021 01:04:15.016,0.69928,0.69918,1,1
03.08.2021 01:04:15.117,0.69929,0.69918,1,1
03.08.2021 01:04:17.975,0.69929,0.6991600000000001,1,1.5
03.08.2021 01:04:21.769,0.69929,0.69918,1,1
03.08.2021 01:04:22.988,0.69929,0.6991700000000001,1,1.12
03.08.2021 01:04:26.393,0.69928,0.6991600000000001,1,1.12
03.08.2021 01:04:30.026,0.6992700000000001,0.6991600000000001,1,1.12
03.08.2021 01:04:30.128,0.6992600000000001,0.6991600000000001,1,1.12
03.08.2021 01:04:31.077,0.69925,0.6991600000000001,1,1.5
03.08.2021 01:04:33.345,0.6992700000000001,0.69918,1,1
03.08.2021 01:04:36.919,0.6992700000000001,0.6991700000000001,1,1.12
03.08.2021 01:04:56.849,0.6992700000000001,0.6991700000000001,1,1.5
03.08.2021 01:05:09.598,0.69928,0.6991600000000001,1,1
03.08.2021 01:05:09.700,0.6992700000000001,0.6991600000000001,1,1
03.08.2021 01:05:09.851,0.6992700000000001,0.69918,1,1
03.08.2021 01:05:12.601,0.69928,0.6991600000000001,1,1.12
03.08.2021 01:05:12.925,0.6992600000000001,0.6991700000000001,1,1.12
03.08.2021 01:05:16.417,0.69928,0.69918,1,1
03.08.2021 01:05:16.519,0.6993100000000001,0.6992100000000001,1,1.5
03.08.2021 01:05:16.620,0.69935,0.69925,1,2.62
03.08.2021 01:05:16.722,0.69932,0.6992100000000001,1,3.37
03.08.2021 01:05:16.772,0.6993,0.6992,1,1
03.08.2021 01:05:16.975,0.6993,0.6992100000000001,1,1.12
03.08.2021 01:05:17.026,0.69934,0.69923,1,1.5
03.08.2021 01:05:17.127,0.69935,0.69925,1,1.5
03.08.2021 01:05:17.234,0.69935,0.69924,1,1.12
03.08.2021 01:05:20.104,0.6993600000000001,0.69924,1,1.12
03.08.2021 01:05:25.992,0.6993600000000001,0.69925,1,3
03.08.2021 01:05:27.253,0.6993600000000001,0.69925,1,1.62
03.08.2021 01:05:28.156,0.69937,0.69925,1,3.12
03.08.2021 01:05:30.688,0.69937,0.69925,1,1.5
03.08.2021 01:05:31.790,0.6993600000000001,0.6992600000000001,1,2
03.08.2021 01:05:38.747,0.69938,0.6992600000000001,1,1.12
03.08.2021 01:05:42.741,0.69938,0.6992600000000001,1,1.5
03.08.2021 01:05:47.434,0.6993600000000001,0.69924,1,2.37
03.08.2021 01:05:47.535,0.69934,0.6992200000000001,1,2.62
03.08.2021 01:05:48.709,0.69932,0.6992100000000001,1,1
03.08.2021 01:05:48.810,0.6993,0.6992,1,1
03.08.2021 01:05:48.920,0.6993,0.69919,1,1.12
03.08.2021 01:05:52.546,0.69928,0.6992,1,1
03.08.2021 01:05:55.461,0.69929,0.6991700000000001,1,1.12
03.08.2021 01:05:55.779,0.69928,0.6991700000000001,1,1.12
03.08.2021 01:05:56.238,0.6992700000000001,0.69919,1,1
03.08.2021 01:05:56.339,0.69929,0.69918,1,1
03.08.2021 01:05:59.461,0.69929,0.69919,1,1
03.08.2021 01:05:59.512,0.6993100000000001,0.6992100000000001,1,1
03.08.2021 01:05:59.613,0.6993100000000001,0.6992200000000001,1,1
03.08.2021 01:06:03.480,0.69929,0.6992100000000001,1,1
03.08.2021 01:06:03.581,0.69929,0.6992,1,1
03.08.2021 01:06:03.682,0.69929,0.69919,1,1.12
03.08.2021 01:06:05.548,0.69929,0.6992,1,1
03.08.2021 01:06:05.700,0.6993100000000001,0.6992,1,1
03.08.2021 01:06:10.067,0.6993,0.6992,1,1
03.08.2021 01:06:10.169,0.69929,0.6992,1,1
03.08.2021 01:06:14.517,0.6993,0.6992,1,1
03.08.2021 01:06:14.619,0.69929,0.6992200000000001,1,1
03.08.2021 01:06:18.785,0.6993,0.6992,1,1.12
03.08.2021 01:06:18.886,0.6993100000000001,0.6992,1,1.12
03.08.2021 01:06:18.937,0.69929,0.6992,1,1
03.08.2021 01:06:24.900,0.69929,0.6991700000000001,1,1.12
03.08.2021 01:06:25.460,0.69929,0.69918,1,1
03.08.2021 01:06:26.283,0.69928,0.6991700000000001,1,1.12
03.08.2021 01:06:28.710,0.69928,0.69918,1,1
03.08.2021 01:06:29.018,0.69929,0.69918,1,1.5
03.08.2021 01:06:36.704,0.69929,0.6991700000000001,1,1.12
03.08.2021 01:06:37.293,0.69929,0.69918,1,1
03.08.2021 01:06:38.104,0.69929,0.6991700000000001,1,1.12
03.08.2021 01:06:40.598,0.6992700000000001,0.6991700000000001,1,1
03.08.2021 01:06:40.700,0.6992600000000001,0.6991600000000001,1,1.1
03.08.2021 01:06:40.750,0.69925,0.69914,1,2.62
03.08.2021 01:06:40.851,0.69923,0.69913,1,1
03.08.2021 01:06:40.953,0.6992100000000001,0.69912,1,1.5
03.08.2021 01:06:45.254,0.6992100000000001,0.69912,1,1.12
03.08.2021 01:06:46.447,0.6992100000000001,0.6991100000000001,1,1
03.08.2021 01:06:46.549,0.69919,0.69909,1,1
03.08.2021 01:06:46.650,0.69919,0.69908,1,1
03.08.2021 01:06:46.852,0.6992,0.6991,1,1
03.08.2021 01:06:46.953,0.6992100000000001,0.6991,1,1
03.08.2021 01:06:56.267,0.6992200000000001,0.6991100000000001,1,1
03.08.2021 01:06:56.441,0.6992100000000001,0.69913,1,1
03.08.2021 01:06:57.115,0.69924,0.69914,1.5,2
03.08.2021 01:06:57.267,0.69924,0.69913,1,1
03.08.2021 01:06:58.350,0.6992700000000001,0.69915,1,1.5
03.08.2021 01:06:58.451,0.69928,0.69915,1.5,3
03.08.2021 01:07:04.341,0.6992700000000001,0.69915,1,1.5
03.08.2021 01:07:04.442,0.6992600000000001,0.69915,1,3
03.08.2021 01:07:07.547,0.6992700000000001,0.69915,1,1.5
03.08.2021 01:07:09.005,0.69925,0.69914,1,1
03.08.2021 01:07:09.056,0.69925,0.69912,1,1.12
03.08.2021 01:07:09.616,0.69925,0.69913,1,1.12
03.08.2021 01:07:10.306,0.69924,0.69913,1,1.12
03.08.2021 01:07:11.852,0.69925,0.69913,1,1.12
03.08.2021 01:07:13.574,0.69924,0.69913,1,1.12
03.08.2021 01:07:22.290,0.69923,0.6991100000000001,1,1.12
03.08.2021 01:07:22.391,0.6992200000000001,0.6991100000000001,1,1.12
03.08.2021 01:07:25.911,0.6992600000000001,0.69915,1.5,1.5
03.08.2021 01:07:26.012,0.6992700000000001,0.69915,1,1
03.08.2021 01:07:32.537,0.69925,0.6991600000000001,1,1
03.08.2021 01:07:32.639,0.6992200000000001,0.69913,1,1.5
03.08.2021 01:07:33.138,0.69923,0.69913,1,1.5
03.08.2021 01:07:37.553,0.69923,0.69913,1,1
03.08.2021 01:07:38.398,0.69923,0.69912,1,1
03.08.2021 01:07:38.499,0.6992100000000001,0.6991100000000001,1,1
03.08.2021 01:07:38.550,0.69919,0.6991,1,1
03.08.2021 01:07:39.563,0.69919,0.69909,1,1
03.08.2021 01:07:41.152,0.6992,0.69909,1,1
03.08.2021 01:07:42.717,0.69919,0.69908,1,1
03.08.2021 01:07:42.819,0.69919,0.69906,1,1.12
03.08.2021 01:07:44.272,0.69918,0.69906,1,1.12
03.08.2021 01:07:46.763,0.6991700000000001,0.6990500000000001,1.25,1.12
03.08.2021 01:07:46.865,0.6991600000000001,0.6990500000000001,1,1.12
03.08.2021 01:07:58.943,0.6991700000000001,0.69904,1.25,2
03.08.2021 01:07:58.993,0.69915,0.69904,1,1.5
03.08.2021 01:07:59.095,0.69912,0.69904,1,1
03.08.2021 01:07:59.196,0.69913,0.69902,1,1
03.08.2021 01:07:59.886,0.69912,0.69902,1,1
03.08.2021 01:08:00.408,0.6991100000000001,0.69902,1,1.12
03.08.2021 01:08:03.764,0.69912,0.69902,1,1.12
03.08.2021 01:08:09.219,0.69912,0.69899,1.25,2
03.08.2021 01:08:09.270,0.6991100000000001,0.69898,1,4.31
03.08.2021 01:08:09.837,0.69909,0.69898,1,1.12
03.08.2021 01:08:13.538,0.6991,0.69903,1,1
03.08.2021 01:08:13.589,0.6991700000000001,0.69903,2.87,3.87
03.08.2021 01:08:13.691,0.69918,0.6990500000000001,1.69,1.87
03.08.2021 01:08:15.060,0.6991700000000001,0.69906,2.5,2.25
03.08.2021 01:08:26.893,0.6991700000000001,0.6991,1.5,1.69
03.08.2021 01:08:26.944,0.6992,0.69908,1,1
03.08.2021 01:08:27.045,0.6992100000000001,0.69909,1.5,1
03.08.2021 01:08:28.694,0.6992,0.69909,1,1
03.08.2021 01:08:29.080,0.6992200000000001,0.6991,1,1
03.08.2021 01:08:29.885,0.6992200000000001,0.6991100000000001,1,1
03.08.2021 01:08:29.987,0.6992200000000001,0.69909,1.5,1.87
03.08.2021 01:08:30.524,0.6992100000000001,0.69909,1,1
03.08.2021 01:08:31.110,0.69919,0.69906,1,4.2
03.08.2021 01:08:31.263,0.69918,0.6990500000000001,1,2.66
03.08.2021 01:08:32.052,0.6991700000000001,0.6990500000000001,1.25,1
03.08.2021 01:08:55.964,0.69915,0.69903,1,2.25
03.08.2021 01:08:56.065,0.69912,0.69901,1,1.62
03.08.2021 01:08:56.166,0.69913,0.69899,1.25,4.25
03.08.2021 01:08:56.774,0.69915,0.6990000000000001,1.5,3.37
03.08.2021 01:08:56.876,0.69915,0.69902,1,1
03.08.2021 01:08:57.491,0.69915,0.69901,1.69,1
03.08.2021 01:08:59.745,0.69918,0.6990500000000001,3.25,1.5
03.08.2021 01:08:59.846,0.69918,0.69904,1.75,1.87
03.08.2021 01:09:00.035,0.69915,0.69902,2.44,4.25
03.08.2021 01:09:00.136,0.69915,0.69901,1,2.75
03.08.2021 01:09:03.207,0.69914,0.69899,1.25,3.5
03.08.2021 01:09:03.308,0.69913,0.69899,1.25,1
03.08.2021 01:09:11.084,0.69913,0.69898,3.25,1.12
03.08.2021 01:09:18.502,0.6991,0.69898,1,1.12
03.08.2021 01:09:20.628,0.69913,0.6990000000000001,1.25,1
03.08.2021 01:09:20.679,0.69912,0.69899,1,2.62
03.08.2021 01:09:20.982,0.69909,0.6990000000000001,1,1.12
03.08.2021 01:09:22.563,0.6991100000000001,0.6990000000000001,1,2.94
03.08.2021 01:09:22.665,0.6991100000000001,0.6990000000000001,1,1
03.08.2021 01:09:24.809,0.69912,0.69899,1,1.5
03.08.2021 01:09:24.911,0.69914,0.6990500000000001,1.25,1
03.08.2021 01:09:24.961,0.6991600000000001,0.69906,1,1.87
03.08.2021 01:09:25.214,0.6991700000000001,0.69906,1,2.25
03.08.2021 01:09:26.253,0.69918,0.6990500000000001,1.25,3
03.08.2021 01:09:39.994,0.69918,0.6990500000000001,1,3
03.08.2021 01:09:40.096,0.69918,0.69906,1.25,4.5
03.08.2021 01:09:41.219,0.69919,0.69906,1.25,1
03.08.2021 01:09:41.484,0.69919,0.6990500000000001,1.25,3.19
03.08.2021 01:09:41.535,0.6991700000000001,0.69906,1.25,3
03.08.2021 01:09:45.337,0.69919,0.6990500000000001,1.69,3
03.08.2021 01:09:46.479,0.69919,0.6990500000000001,1.25,3
03.08.2021 01:09:52.666,0.69915,0.6990500000000001,1.69,1.12
03.08.2021 01:09:52.716,0.69913,0.69901,1.25,1.5
03.08.2021 01:09:52.818,0.69913,0.6990000000000001,1.25,1
03.08.2021 01:09:53.346,0.69912,0.6990000000000001,1.25,3.37
03.08.2021 01:09:54.920,0.6991100000000001,0.69898,1.75,1
03.08.2021 01:09:54.971,0.6991,0.69896,1.25,3.56
03.08.2021 01:09:55.022,0.69908,0.69897,1.25,1.12
03.08.2021 01:09:58.440,0.6991,0.69896,2.5,1.12
03.08.2021 01:10:00.370,0.69909,0.69896,1.25,1
03.08.2021 01:10:00.471,0.6991,0.69896,2.5,1
03.08.2021 01:10:00.815,0.69908,0.69897,1.25,1
03.08.2021 01:10:01.017,0.6991,0.69896,2.5,1
03.08.2021 01:10:01.148,0.69909,0.69896,1.25,1
03.08.2021 01:10:01.410,0.6991,0.69896,3.25,1
03.08.2021 01:10:01.512,0.69909,0.69896,1.25,1
03.08.2021 01:10:01.613,0.69909,0.69897,2.5,1
03.08.2021 01:10:01.779,0.69909,0.69896,1.25,1
03.08.2021 01:10:01.913,0.6991,0.69896,2.5,1
03.08.2021 01:10:02.091,0.69908,0.69897,1.25,1
03.08.2021 01:10:03.240,0.6991,0.69896,2.5,1
03.08.2021 01:10:09.365,0.69909,0.6989500000000001,1.25,1.12
03.08.2021 01:10:09.467,0.6990500000000001,0.69892,1.5,1.5
03.08.2021 01:10:09.568,0.69906,0.69892,1.69,1
03.08.2021 01:10:10.195,0.6990500000000001,0.69892,1,1
03.08.2021 01:10:10.246,0.69903,0.6989000000000001,1,1
03.08.2021 01:10:10.448,0.6990500000000001,0.69891,1,1.12
03.08.2021 01:10:10.611,0.6990500000000001,0.69892,1,1
03.08.2021 01:10:10.808,0.6990500000000001,0.69893,1,1
03.08.2021 01:10:10.859,0.69907,0.69894,1,1.5
03.08.2021 01:10:10.964,0.69906,0.69894,1,1.12
03.08.2021 01:10:11.116,0.69907,0.69894,1.69,1.12
03.08.2021 01:10:11.866,0.69907,0.69893,1.69,1
03.08.2021 01:10:12.856,0.69906,0.69892,1.25,1.12
03.08.2021 01:10:13.476,0.6990500000000001,0.69891,1.69,1
03.08.2021 01:10:16.921,0.6990500000000001,0.69892,1,1
03.08.2021 01:10:17.022,0.69904,0.69892,1,1
03.08.2021 01:10:17.225,0.6990500000000001,0.69892,1,1
03.08.2021 01:10:17.334,0.6990500000000001,0.69891,1,1.12
03.08.2021 01:10:18.471,0.6990500000000001,0.69892,1,1
03.08.2021 01:10:19.346,0.69906,0.69892,1.5,1
03.08.2021 01:10:20.121,0.69906,0.69893,2.44,1
03.08.2021 01:10:22.388,0.69908,0.69896,1,2.25
03.08.2021 01:10:22.489,0.6991,0.6989500000000001,3.19,1
03.08.2021 01:10:24.624,0.69909,0.69896,2.44,3.5
03.08.2021 01:10:29.363,0.6991,0.6989500000000001,2.5,1.5
03.08.2021 01:10:39.190,0.69909,0.69896,1.69,2.25
03.08.2021 01:10:39.292,0.6991100000000001,0.69897,1,1
03.08.2021 01:10:40.502,0.6991,0.69897,1,1
03.08.2021 01:10:41.612,0.69909,0.69897,1,1.87
03.08.2021 01:10:49.792,0.69909,0.6989500000000001,1.25,3.5
03.08.2021 01:10:54.381,0.6991,0.69896,1.69,1.12
03.08.2021 01:11:04.097,0.6991,0.69899,1,1.5
03.08.2021 01:11:04.199,0.69912,0.69898,1.69,1
03.08.2021 01:11:04.609,0.69912,0.69897,1.69,1.87
03.08.2021 01:11:04.711,0.69912,0.69897,2.5,1.87
03.08.2021 01:11:10.648,0.69912,0.69898,2.5,1
03.08.2021 01:11:11.588,0.6991100000000001,0.6990000000000001,1.25,1
03.08.2021 01:11:12.441,0.6991100000000001,0.69902,1.25,1
03.08.2021 01:11:12.789,0.69912,0.6990000000000001,1.25,1
03.08.2021 01:11:12.991,0.69913,0.69901,2.5,1
03.08.2021 01:11:13.419,0.69913,0.6990000000000001,2.5,1
03.08.2021 01:11:14.014,0.69913,0.69901,1.75,1
03.08.2021 01:11:15.123,0.69912,0.6990000000000001,1.75,1
03.08.2021 01:11:15.174,0.69912,0.69902,1.75,1
03.08.2021 01:11:15.225,0.69913,0.69899,1.75,1
03.08.2021 01:11:17.387,0.69913,0.69901,1.75,1
03.08.2021 01:11:17.564,0.69913,0.6990000000000001,1.75,1
03.08.2021 01:11:18.320,0.69913,0.69901,1.75,1
03.08.2021 01:11:18.539,0.69913,0.6990000000000001,1.75,1
03.08.2021 01:11:19.537,0.69912,0.69902,1.75,1
03.08.2021 01:11:19.646,0.69913,0.69901,1.25,1
03.08.2021 01:11:19.899,0.69913,0.69901,1.75,1
03.08.2021 01:11:20.288,0.6991700000000001,0.69906,1.25,1
03.08.2021 01:11:20.390,0.69918,0.69907,1.25,1
03.08.2021 01:11:20.642,0.6991700000000001,0.6990500000000001,1.75,1
03.08.2021 01:11:20.744,0.6991600000000001,0.69904,1.25,1
03.08.2021 01:11:21.000,0.6991700000000001,0.69904,1.75,1
03.08.2021 01:11:21.151,0.6991700000000001,0.69903,2.5,1
03.08.2021 01:11:21.719,0.6991600000000001,0.69903,1.25,1
03.08.2021 01:11:22.069,0.6991600000000001,0.69904,1.75,1
03.08.2021 01:11:22.170,0.69915,0.69904,1.25,1
03.08.2021 01:11:22.272,0.69914,0.69903,1.25,1
03.08.2021 01:11:22.449,0.69914,0.69904,1.25,1
03.08.2021 01:11:22.550,0.69915,0.69903,1.25,1
03.08.2021 01:11:23.578,0.69914,0.69903,1.25,1
03.08.2021 01:11:24.237,0.6991600000000001,0.69902,1.25,1
03.08.2021 01:11:33.138,0.6991600000000001,0.6990500000000001,1.25,1
03.08.2021 01:11:33.240,0.69918,0.69907,1.25,1
03.08.2021 01:11:33.443,0.69918,0.69909,1.75,1
03.08.2021 01:11:37.166,0.69918,0.69908,1.25,1
03.08.2021 01:11:37.216,0.69918,0.69909,1.69,1
03.08.2021 01:11:37.288,0.69918,0.69908,1.25,1
03.08.2021 01:11:37.650,0.69919,0.69908,1.69,1
03.08.2021 01:11:38.557,0.69918,0.69908,1.25,1
03.08.2021 01:11:38.722,0.69919,0.69908,1.69,1
03.08.2021 01:11:39.328,0.6991700000000001,0.69909,1.25,1
03.08.2021 01:11:39.573,0.69919,0.69908,1.69,1
03.08.2021 01:11:39.890,0.69918,0.69909,1.75,1
03.08.2021 01:11:40.787,0.69918,0.69909,2.44,1
03.08.2021 01:11:43.398,0.6991600000000001,0.69906,1.69,1
03.08.2021 01:11:43.500,0.69915,0.6990500000000001,1.25,1
03.08.2021 01:11:43.652,0.6991600000000001,0.69903,1.75,1
03.08.2021 01:11:44.485,0.6991100000000001,0.69904,1.25,1
03.08.2021 01:11:44.586,0.6991100000000001,0.69901,1.25,1
03.08.2021 01:11:44.913,0.69912,0.6990000000000001,1.25,1
03.08.2021 01:11:45.044,0.69912,0.6990000000000001,1.69,1
03.08.2021 01:11:45.207,0.6991100000000001,0.69901,1.25,1
03.08.2021 01:11:45.819,0.69912,0.6990000000000001,1.25,1
03.08.2021 01:11:48.506,0.6991100000000001,0.6990000000000001,1.25,1
03.08.2021 01:11:49.864,0.69913,0.69899,1.31,1.5
03.08.2021 01:11:51.448,0.69913,0.69899,1.31,2
03.08.2021 01:11:51.499,0.6991700000000001,0.69906,1.69,1
03.08.2021 01:11:51.601,0.69918,0.69907,1.25,1
03.08.2021 01:11:52.402,0.6991700000000001,0.69908,1.75,1
03.08.2021 01:11:52.732,0.69918,0.69907,1.25,1
03.08.2021 01:11:52.884,0.69918,0.69907,1.75,1
03.08.2021 01:11:53.756,0.69915,0.69904,1.25,1
03.08.2021 01:11:53.857,0.69914,0.69904,1.25,1
03.08.2021 01:11:54.704,0.69915,0.69902,1.25,1
03.08.2021 01:11:54.806,0.69913,0.69901,1.25,1
03.08.2021 01:11:54.907,0.69914,0.6990000000000001,1.69,1
03.08.2021 01:11:58.164,0.69913,0.6990000000000001,1.69,1
03.08.2021 01:12:07.597,0.69912,0.6990000000000001,1.25,1
03.08.2021 01:12:09.642,0.69913,0.6990000000000001,2.44,1
03.08.2021 01:12:11.255,0.69912,0.6990000000000001,1,1
03.08.2021 01:12:13.407,0.6991,0.6990000000000001,1,1
03.08.2021 01:12:13.457,0.69912,0.6990000000000001,1.12,1
03.08.2021 01:12:32.598,0.6991100000000001,0.6990000000000001,1.25,1
03.08.2021 01:12:33.044,0.69912,0.6990000000000001,2.44,1
03.08.2021 01:12:33.259,0.6991,0.69901,1.25,1
03.08.2021 01:12:33.635,0.6991100000000001,0.69901,1.69,1
03.08.2021 01:12:34.538,0.6991100000000001,0.69899,1.25,1
03.08.2021 01:12:42.753,0.6991,0.69899,1.25,1
03.08.2021 01:12:44.552,0.69909,0.6990000000000001,1.75,1
03.08.2021 01:12:46.417,0.69909,0.69899,1.25,1
03.08.2021 01:12:46.468,0.6990500000000001,0.69894,1,1
03.08.2021 01:12:46.519,0.69903,0.69893,2.5,1
03.08.2021 01:12:46.621,0.69903,0.69893,1,1
03.08.2021 01:12:46.722,0.69904,0.69894,1,1
03.08.2021 01:12:48.314,0.6990500000000001,0.69892,1,1
03.08.2021 01:12:49.141,0.69903,0.69891,1.25,1
03.08.2021 01:12:49.445,0.69903,0.6989000000000001,1.25,1
03.08.2021 01:12:57.037,0.69902,0.6989000000000001,1.69,1
03.08.2021 01:12:58.137,0.69903,0.6989000000000001,1,1
03.08.2021 01:13:02.139,0.69903,0.6989000000000001,2.56,1
03.08.2021 01:13:06.475,0.69902,0.6989000000000001,2.12,1
03.08.2021 01:13:06.627,0.69901,0.69889,1.25,1
03.08.2021 01:13:06.931,0.69901,0.6989000000000001,2.06,1
03.08.2021 01:13:07.818,0.69901,0.69889,1.69,1
03.08.2021 01:13:08.809,0.6990000000000001,0.6989000000000001,2.56,1
03.08.2021 01:13:10.651,0.69901,0.69889,2.06,1
03.08.2021 01:13:11.651,0.69901,0.69889,2.56,1
03.08.2021 01:13:12.652,0.69901,0.69889,2.44,1
03.08.2021 01:13:13.653,0.69901,0.69889,2.56,1
03.08.2021 01:13:13.802,0.69901,0.6988800000000001,2.56,1
03.08.2021 01:13:14.679,0.69901,0.6988800000000001,2.06,1
03.08.2021 01:13:15.655,0.69902,0.6988800000000001,1.69,1
03.08.2021 01:13:17.135,0.6990000000000001,0.69889,1,1
03.08.2021 01:13:20.690,0.69901,0.6988800000000001,1.81,1
03.08.2021 01:13:31.175,0.69899,0.69887,1.69,1
03.08.2021 01:13:47.151,0.69899,0.6988800000000001,2.44,1
03.08.2021 01:14:00.658,0.6990000000000001,0.69887,2.5,1.12
03.08.2021 01:14:01.366,0.69899,0.6988800000000001,1.69,1.12
03.08.2021 01:14:08.154,0.6990000000000001,0.69887,2.5,1
03.08.2021 01:14:14.826,0.69897,0.69887,1.5,1
03.08.2021 01:14:14.877,0.69896,0.6988500000000001,1,1
03.08.2021 01:14:14.928,0.69893,0.6988300000000001,1.75,1
03.08.2021 01:14:15.029,0.6989500000000001,0.69881,2.81,1
03.08.2021 01:14:15.181,0.69894,0.69884,1.87,1
03.08.2021 01:14:15.282,0.69896,0.69884,2.37,1
03.08.2021 01:14:15.583,0.69897,0.6988500000000001,1,1.5
03.08.2021 01:14:15.684,0.69896,0.69884,1.25,1
03.08.2021 01:14:18.393,0.69896,0.69882,1.69,1
03.08.2021 01:14:18.700,0.69896,0.69882,2.5,1
03.08.2021 01:14:18.801,0.6989500000000001,0.69882,2.5,1.5
03.08.2021 01:14:19.063,0.69896,0.69881,1.69,1.5
03.08.2021 01:14:19.428,0.6989500000000001,0.69881,1,1
03.08.2021 01:14:20.011,0.69893,0.6988000000000001,1.25,1
03.08.2021 01:14:20.112,0.69892,0.69879,1,1.87
03.08.2021 01:14:24.544,0.69892,0.69879,2.12,1
03.08.2021 01:14:24.943,0.69892,0.69879,1.31,1
03.08.2021 01:14:28.792,0.69893,0.69879,1.31,1.5
03.08.2021 01:14:28.893,0.69893,0.6988000000000001,1,1
03.08.2021 01:14:28.994,0.69893,0.69881,1,1
03.08.2021 01:14:29.414,0.6989500000000001,0.69881,1.75,1
03.08.2021 01:14:30.167,0.69894,0.69882,1.25,1
03.08.2021 01:14:30.431,0.6989500000000001,0.69881,1.75,1
03.08.2021 01:14:30.563,0.6989500000000001,0.69881,1.25,1
03.08.2021 01:14:32.942,0.69896,0.69882,1.12,1.12
03.08.2021 01:14:32.993,0.69897,0.6988500000000001,1.5,2.25
03.08.2021 01:14:33.095,0.69899,0.69886,2.5,1
03.08.2021 01:14:33.439,0.69899,0.69887,2.5,1
03.08.2021 01:14:33.547,0.69899,0.69887,1.25,1
03.08.2021 01:14:34.081,0.69899,0.69887,1.25,1
03.08.2021 01:14:35.053,0.69898,0.69887,1,1
03.08.2021 01:14:35.952,0.69899,0.69887,1,1
03.08.2021 01:14:36.054,0.69899,0.6988800000000001,1,1
03.08.2021 01:14:40.360,0.69901,0.6988800000000001,3,1
03.08.2021 01:14:40.541,0.69899,0.6988800000000001,1,1
