Gmt time,Ask,Bid,AskVolume,BidVolume
20.08.2021 00:00:00.418,0.6820100000000001,0.6819000000000001,1.5,1
20.08.2021 00:00:00.942,0.6820100000000001,0.68189,1,1
20.08.2021 00:00:04.049,0.68203,0.6819000000000001,1.5,1.25
20.08.2021 00:00:04.100,0.68203,0.68193,1,1.25
20.08.2021 00:00:04.150,0.6820600000000001,0.68194,2.62,1.25
20.08.2021 00:00:04.251,0.6820700000000001,0.68194,1.12,1
20.08.2021 00:00:04.470,0.68204,0.68193,1,1
20.08.2021 00:00:04.521,0.68202,0.68189,1,2.06
20.08.2021 00:00:04.622,0.6820100000000001,0.6819000000000001,1.5,1
20.08.2021 00:00:04.673,0.68203,0.68191,1,1
20.08.2021 00:00:05.013,0.68203,0.68192,1.5,1
20.08.2021 00:00:05.538,0.68203,0.68193,1,1
20.08.2021 00:00:06.780,0.68205,0.6819500000000001,1,1
20.08.2021 00:00:08.856,0.6820600000000001,0.6819500000000001,1,1
20.08.2021 00:00:10.911,0.68208,0.68198,1,1
20.08.2021 00:00:11.012,0.68209,0.68198,1.87,1
20.08.2021 00:00:11.953,0.6821200000000001,0.6820100000000001,1,1
20.08.2021 00:00:12.054,0.68213,0.68202,1.5,1
20.08.2021 00:00:12.206,0.68214,0.68203,1,1.25
20.08.2021 00:00:16.044,0.68213,0.68202,1,1
20.08.2021 00:00:16.250,0.68213,0.68203,1,1
20.08.2021 00:00:21.297,0.68213,0.68204,1.5,1
20.08.2021 00:00:22.556,0.68215,0.6820600000000001,1,1
20.08.2021 00:00:22.657,0.68217,0.6820700000000001,1,1
20.08.2021 00:00:22.758,0.68218,0.6820700000000001,1.5,1
20.08.2021 00:00:24.620,0.68217,0.6820700000000001,1,1
20.08.2021 00:00:27.396,0.68217,0.6820600000000001,1,1.25
20.08.2021 00:00:28.924,0.68218,0.6820700000000001,2.25,1
20.08.2021 00:00:30.109,0.68217,0.6820600000000001,1,1.25
20.08.2021 00:00:30.945,0.68217,0.6820700000000001,1,1
20.08.2021 00:00:31.256,0.68217,0.6820600000000001,1,1.25
20.08.2021 00:00:31.598,0.68217,0.6820700000000001,1,1
20.08.2021 00:00:31.699,0.68215,0.68205,1,2.69
20.08.2021 00:00:33.422,0.68217,0.6820600000000001,1,1.25
20.08.2021 00:00:33.578,0.68219,0.68209,1,1
20.08.2021 00:00:33.679,0.68218,0.68208,1,1.25
20.08.2021 00:00:33.841,0.68218,0.6820700000000001,1,1.69
20.08.2021 00:00:41.695,0.68215,0.6820700000000001,1,1.69
20.08.2021 00:00:41.796,0.68215,0.68205,1,1.25
20.08.2021 00:00:41.897,0.68214,0.68203,1,2.69
20.08.2021 00:00:42.026,0.68213,0.68203,1,1.25
20.08.2021 00:00:42.772,0.68213,0.68202,1,1.25
20.08.2021 00:00:42.873,0.6821200000000001,0.68202,1,1.25
20.08.2021 00:00:44.582,0.6821,0.682,1,1.25
20.08.2021 00:00:44.885,0.6821100000000001,0.68202,1,1
20.08.2021 00:00:45.201,0.6821100000000001,0.682,1,1.69
20.08.2021 00:00:45.302,0.6821100000000001,0.6820100000000001,1,1
20.08.2021 00:00:46.563,0.6821,0.682,1,1.69
20.08.2021 00:00:46.714,0.6821200000000001,0.6820100000000001,1,1
20.08.2021 00:00:53.757,0.68213,0.68202,1,2.5
20.08.2021 00:00:54.089,0.6821200000000001,0.68202,1,2.5
20.08.2021 00:00:54.668,0.6821200000000001,0.68202,1,2.44
20.08.2021 00:00:58.171,0.68209,0.6820100000000001,1,1.25
20.08.2021 00:00:58.222,0.68208,0.68198,1,1.69
20.08.2021 00:00:58.323,0.6820700000000001,0.6819600000000001,1,2.44
20.08.2021 00:00:58.424,0.6820700000000001,0.68197,1,1.94
20.08.2021 00:00:58.525,0.6820700000000001,0.6819600000000001,1,1.69
20.08.2021 00:01:00.109,0.6820600000000001,0.6819600000000001,1,1.25
20.08.2021 00:01:00.210,0.6820700000000001,0.6819600000000001,1,1.69
20.08.2021 00:01:01.426,0.6820700000000001,0.68197,1.5,1
20.08.2021 00:01:02.751,0.6820700000000001,0.68199,1,1.12
20.08.2021 00:01:02.803,0.6821100000000001,0.682,1.5,1.12
20.08.2021 00:01:02.854,0.6821100000000001,0.6820100000000001,1,1.94
20.08.2021 00:01:02.955,0.6821100000000001,0.68203,1.5,1.25
20.08.2021 00:01:03.228,0.68213,0.68202,1,1.25
20.08.2021 00:01:03.331,0.68214,0.68204,1.5,1.69
20.08.2021 00:01:03.433,0.68215,0.68204,1.5,1.69
20.08.2021 00:01:08.701,0.68214,0.68204,1,1.69
20.08.2021 00:01:19.670,0.68213,0.68203,1,1
20.08.2021 00:01:19.822,0.68209,0.68199,1,1.25
20.08.2021 00:01:19.924,0.6820600000000001,0.68197,1,1.94
20.08.2021 00:01:20.764,0.6820700000000001,0.68199,1,1
20.08.2021 00:01:20.915,0.6820600000000001,0.68198,1,1
20.08.2021 00:01:29.177,0.6820700000000001,0.6819600000000001,1,1.25
20.08.2021 00:01:31.448,0.68208,0.68197,1,1.5
20.08.2021 00:01:33.358,0.6820700000000001,0.6819600000000001,1,1.94
20.08.2021 00:01:43.642,0.68205,0.6819500000000001,1,1.69
20.08.2021 00:01:43.743,0.68202,0.68193,1,2.69
20.08.2021 00:01:44.096,0.68202,0.68191,1,1.94
20.08.2021 00:01:44.309,0.682,0.68189,1,3.06
20.08.2021 00:01:45.549,0.68202,0.68192,1.5,1.25
20.08.2021 00:01:51.104,0.68203,0.68193,1,1
20.08.2021 00:01:51.625,0.6820100000000001,0.68191,1,1.12
20.08.2021 00:01:51.726,0.68204,0.6819600000000001,1,1
20.08.2021 00:01:51.929,0.68205,0.68194,1,1.25
20.08.2021 00:01:52.080,0.68204,0.6819600000000001,1,1.25
20.08.2021 00:01:52.696,0.6820600000000001,0.68198,1.5,1.25
20.08.2021 00:01:52.897,0.6820600000000001,0.68198,1,1.94
20.08.2021 00:01:53.716,0.6820700000000001,0.68197,1,1
20.08.2021 00:01:55.746,0.68208,0.682,1,1.5
20.08.2021 00:01:56.186,0.6821100000000001,0.6820100000000001,1,1
20.08.2021 00:01:59.218,0.6821200000000001,0.68202,1.5,1
20.08.2021 00:01:59.319,0.68215,0.68205,1,1
20.08.2021 00:01:59.420,0.6821600000000001,0.6820600000000001,1,1
20.08.2021 00:01:59.522,0.68218,0.68208,1.5,1
20.08.2021 00:02:00.536,0.68218,0.6820700000000001,1,1
20.08.2021 00:02:01.667,0.68215,0.68205,1,1.12
20.08.2021 00:02:01.823,0.6821600000000001,0.68205,1.5,1.12
20.08.2021 00:02:02.401,0.6821600000000001,0.6820600000000001,1,1
20.08.2021 00:02:04.352,0.6821600000000001,0.68208,1.5,1
20.08.2021 00:02:05.399,0.68217,0.68208,1,1
20.08.2021 00:02:06.717,0.6821600000000001,0.6820600000000001,1,1
20.08.2021 00:02:06.868,0.68217,0.6820600000000001,1.5,1
20.08.2021 00:02:12.444,0.6821600000000001,0.68205,1,1
20.08.2021 00:02:12.494,0.68213,0.68203,1,1
20.08.2021 00:02:14.315,0.6821100000000001,0.682,1.5,1
20.08.2021 00:02:14.424,0.6821100000000001,0.6820100000000001,1.5,1
20.08.2021 00:02:14.745,0.68214,0.6820600000000001,1.5,1
20.08.2021 00:02:14.846,0.68215,0.6820600000000001,1,1.5
20.08.2021 00:02:14.947,0.6821600000000001,0.6820600000000001,1.5,1.94
20.08.2021 00:02:15.048,0.68215,0.6820600000000001,1.5,1
20.08.2021 00:02:15.099,0.68214,0.68204,1,1.25
20.08.2021 00:02:15.200,0.68215,0.68205,1,1.25
20.08.2021 00:02:15.301,0.68215,0.6820700000000001,1,1
20.08.2021 00:02:21.243,0.68215,0.68205,1,1.25
20.08.2021 00:02:21.394,0.6821600000000001,0.68205,1,1.25
20.08.2021 00:02:21.495,0.6821600000000001,0.6820600000000001,1,1
20.08.2021 00:02:21.670,0.68215,0.68204,1,1.94
20.08.2021 00:02:25.905,0.6821600000000001,0.68205,1,1.25
20.08.2021 00:02:26.295,0.6822,0.68209,1.5,1
20.08.2021 00:02:26.396,0.6822100000000001,0.6821,1.5,1
20.08.2021 00:02:30.411,0.68224,0.68214,1.5,1.87
20.08.2021 00:02:30.462,0.6822600000000001,0.68215,1,1
20.08.2021 00:02:30.613,0.6822600000000001,0.6821600000000001,1,1
20.08.2021 00:02:30.966,0.68228,0.68218,1,1.75
20.08.2021 00:02:31.067,0.68229,0.68219,1,1.25
20.08.2021 00:02:31.168,0.6823,0.6822,1,1.25
20.08.2021 00:02:31.270,0.68232,0.68224,1,1
20.08.2021 00:02:34.112,0.68229,0.68219,1,1.25
20.08.2021 00:02:34.419,0.68229,0.68218,1,1.25
20.08.2021 00:02:41.259,0.6823,0.68219,1,1.69
20.08.2021 00:02:41.360,0.68232,0.68223,1,1.25
20.08.2021 00:02:41.461,0.6823300000000001,0.68223,1,1.87
20.08.2021 00:02:43.431,0.68234,0.68223,1,1.87
20.08.2021 00:02:46.252,0.68234,0.6822600000000001,1,1
20.08.2021 00:02:46.353,0.68235,0.6822600000000001,1,1.87
20.08.2021 00:02:46.454,0.68235,0.68227,1,1
20.08.2021 00:02:47.528,0.6823800000000001,0.68227,1.5,1
20.08.2021 00:02:48.127,0.68237,0.6822600000000001,1,3.12
20.08.2021 00:02:48.680,0.6823800000000001,0.68227,1,1.87
20.08.2021 00:02:51.244,0.6823800000000001,0.68228,1,1
20.08.2021 00:03:01.160,0.68237,0.6822600000000001,1,1.12
20.08.2021 00:03:03.787,0.68232,0.68223,1,1.1
20.08.2021 00:03:03.939,0.6823100000000001,0.6822100000000001,1,1.12
20.08.2021 00:03:05.798,0.6823,0.68219,1,4.62
20.08.2021 00:03:09.104,0.6823100000000001,0.6822,1,1.12
20.08.2021 00:03:09.756,0.6823,0.68219,1,1
20.08.2021 00:03:10.711,0.6823100000000001,0.6822,1,1
20.08.2021 00:03:10.813,0.68232,0.6822100000000001,1,1.94
20.08.2021 00:03:10.914,0.68232,0.68223,1,1.25
20.08.2021 00:03:11.359,0.6823300000000001,0.68223,1,1.12
20.08.2021 00:03:11.410,0.68235,0.68224,1,1
20.08.2021 00:03:12.583,0.68234,0.68224,1,1
20.08.2021 00:03:12.684,0.68234,0.68223,1,1.12
20.08.2021 00:03:12.786,0.6823300000000001,0.68223,1,1.12
20.08.2021 00:03:17.292,0.68234,0.68223,1,1.25
20.08.2021 00:03:19.543,0.68235,0.68224,1,1
20.08.2021 00:03:19.594,0.6823600000000001,0.6822600000000001,1,1
20.08.2021 00:03:19.645,0.68237,0.68228,1,1.5
20.08.2021 00:03:19.797,0.6823899999999999,0.68228,1,1
20.08.2021 00:03:20.524,0.6823899999999999,0.68229,1,1
20.08.2021 00:03:20.929,0.6824,0.68229,1,1.5
20.08.2021 00:03:22.534,0.6824,0.6823100000000001,1,1
20.08.2021 00:03:25.353,0.68245,0.6823600000000001,1,1
20.08.2021 00:03:25.454,0.68245,0.68235,1,1
20.08.2021 00:03:25.858,0.68245,0.6823600000000001,1,1
20.08.2021 00:03:26.979,0.6824600000000001,0.6823600000000001,1,1
20.08.2021 00:03:27.602,0.68245,0.6823600000000001,1,1
20.08.2021 00:03:27.908,0.68245,0.68235,1.12,1
20.08.2021 00:03:28.009,0.68242,0.68232,1,1
20.08.2021 00:03:28.541,0.6823899999999999,0.6823300000000001,1,1
20.08.2021 00:03:28.642,0.6824,0.6823100000000001,1,1
20.08.2021 00:03:29.789,0.6824100000000001,0.6823300000000001,1,1
20.08.2021 00:03:29.891,0.6824,0.68235,1,1
20.08.2021 00:03:29.992,0.6824,0.68234,1,1
20.08.2021 00:03:31.660,0.6824,0.68232,1,1
20.08.2021 00:03:36.104,0.6823899999999999,0.68232,1,1
20.08.2021 00:03:39.000,0.6824,0.68232,1,1
20.08.2021 00:03:41.656,0.6823899999999999,0.68232,1,1
20.08.2021 00:03:45.573,0.68242,0.68234,1,1
20.08.2021 00:03:45.624,0.68244,0.68235,1,1
20.08.2021 00:03:45.775,0.68245,0.68235,1,1
20.08.2021 00:03:45.877,0.68245,0.6823600000000001,1,1
20.08.2021 00:03:46.354,0.68245,0.68237,1,1
20.08.2021 00:03:46.996,0.68245,0.6823600000000001,1,1
20.08.2021 00:03:47.097,0.68245,0.68235,1,1
20.08.2021 00:03:47.917,0.68244,0.68235,1,1
20.08.2021 00:03:50.965,0.68245,0.68235,1,1
20.08.2021 00:03:51.016,0.68247,0.6823800000000001,1,1
20.08.2021 00:03:54.113,0.6824800000000001,0.6823800000000001,1,1
20.08.2021 00:03:54.215,0.68249,0.6823800000000001,1,1.5
20.08.2021 00:03:56.483,0.6824800000000001,0.6824,1,1
20.08.2021 00:03:57.616,0.6824800000000001,0.6824100000000001,1,1
20.08.2021 00:03:57.717,0.68249,0.68242,1,1
20.08.2021 00:03:57.818,0.6825,0.6824,1,1
20.08.2021 00:03:59.530,0.6825,0.6824100000000001,1,1
20.08.2021 00:04:00.694,0.6825100000000001,0.68242,1,1
20.08.2021 00:04:00.795,0.68254,0.6824600000000001,1,1
20.08.2021 00:04:00.846,0.6825600000000001,0.68247,1,1
20.08.2021 00:04:00.897,0.6825800000000001,0.6825,1,1
20.08.2021 00:04:00.998,0.68259,0.6825,1,1
20.08.2021 00:04:02.370,0.6826,0.68252,1,1
20.08.2021 00:04:02.874,0.6826,0.6825100000000001,1,1
20.08.2021 00:04:04.457,0.68261,0.6825100000000001,1,1
20.08.2021 00:04:06.712,0.68264,0.68254,1,1.25
20.08.2021 00:04:06.814,0.68265,0.68257,1,1.94
20.08.2021 00:04:06.915,0.68266,0.68259,1,1
20.08.2021 00:04:10.939,0.68266,0.68257,1.69,1
20.08.2021 00:04:10.990,0.68265,0.68254,1,1
20.08.2021 00:04:11.041,0.6826300000000001,0.68252,1.5,1.5
20.08.2021 00:04:11.192,0.68265,0.68254,1,1.25
20.08.2021 00:04:11.293,0.68267,0.6825600000000001,1,1.5
20.08.2021 00:04:11.394,0.68264,0.6825600000000001,1,1
20.08.2021 00:04:11.495,0.68265,0.6825600000000001,1,1.69
20.08.2021 00:04:11.597,0.68267,0.6825800000000001,1.12,1.69
20.08.2021 00:04:11.698,0.68264,0.68255,1,1.5
20.08.2021 00:04:11.799,0.68264,0.68254,1,1
20.08.2021 00:04:13.926,0.6826300000000001,0.68254,1,1.69
20.08.2021 00:04:16.562,0.68264,0.68255,1,1
20.08.2021 00:04:16.933,0.68261,0.6825100000000001,1,1
20.08.2021 00:04:18.494,0.68261,0.6825,1,1.5
20.08.2021 00:04:21.082,0.68262,0.68254,1,1
20.08.2021 00:04:23.043,0.68264,0.6825300000000001,1,1.5
20.08.2021 00:04:25.049,0.68264,0.6825300000000001,1,2.69
20.08.2021 00:04:25.370,0.68264,0.68255,1,1
20.08.2021 00:04:30.104,0.68265,0.68255,1,1
20.08.2021 00:04:33.610,0.68266,0.68255,1,1.69
20.08.2021 00:04:45.155,0.68266,0.6825600000000001,1,1
20.08.2021 00:04:45.256,0.6827000000000001,0.68262,1,1
20.08.2021 00:04:45.358,0.6827300000000001,0.6826300000000001,1.31,1
20.08.2021 00:04:45.460,0.6827300000000001,0.68264,1,1
20.08.2021 00:04:45.511,0.68271,0.68262,1,1.69
20.08.2021 00:04:45.612,0.68272,0.68262,1,1.25
20.08.2021 00:04:46.022,0.6827300000000001,0.6826300000000001,1,1.69
20.08.2021 00:04:46.072,0.6827500000000001,0.68267,1,1
20.08.2021 00:04:46.174,0.68272,0.6826300000000001,1,1
20.08.2021 00:04:46.224,0.68271,0.68261,1,1.87
20.08.2021 00:04:46.325,0.68271,0.68262,1,1
20.08.2021 00:04:46.426,0.68272,0.68262,1,1
20.08.2021 00:04:46.549,0.68271,0.68262,1,1.5
20.08.2021 00:04:47.510,0.68272,0.6826300000000001,1,1
20.08.2021 00:04:47.561,0.68274,0.6826300000000001,1,1.25
20.08.2021 00:04:47.663,0.68274,0.68264,1,1
20.08.2021 00:04:49.325,0.68276,0.68267,1,1
20.08.2021 00:04:50.377,0.68276,0.68266,1,1
20.08.2021 00:04:51.550,0.68277,0.68267,1,1
20.08.2021 00:04:55.464,0.68276,0.68266,1,1
20.08.2021 00:04:55.565,0.68274,0.68264,1,1.25
20.08.2021 00:04:55.667,0.68271,0.68262,1,1
20.08.2021 00:04:55.775,0.68271,0.68261,1,1
20.08.2021 00:04:55.940,0.68271,0.68262,1,1.5
20.08.2021 00:04:59.296,0.6827500000000001,0.68267,1.69,1.5
20.08.2021 00:04:59.398,0.68277,0.68267,1,1.5
20.08.2021 00:04:59.448,0.68279,0.6826800000000001,1.5,1.5
20.08.2021 00:04:59.499,0.68282,0.68272,1.25,1
20.08.2021 00:04:59.600,0.68281,0.68272,1,1
20.08.2021 00:05:00.529,0.68279,0.68271,1,1
20.08.2021 00:05:00.630,0.68278,0.68269,1,1.5
20.08.2021 00:05:00.681,0.68276,0.68265,1,1.69
20.08.2021 00:05:00.833,0.6827500000000001,0.68265,1,1.25
20.08.2021 00:05:01.166,0.6827500000000001,0.6826800000000001,1,1
20.08.2021 00:05:01.330,0.68276,0.68265,1,1.69
20.08.2021 00:05:01.850,0.68281,0.6827300000000001,1,1
20.08.2021 00:05:02.103,0.68282,0.68274,1,1
20.08.2021 00:05:02.406,0.68281,0.68274,1,1
20.08.2021 00:05:02.732,0.68281,0.6827300000000001,1,1
20.08.2021 00:05:06.292,0.6828000000000001,0.68272,1,1
20.08.2021 00:05:06.393,0.6828000000000001,0.68271,1,1
20.08.2021 00:05:09.524,0.68279,0.6827300000000001,1,1
20.08.2021 00:05:09.855,0.68281,0.68272,1,1
20.08.2021 00:05:11.161,0.68282,0.68272,1,1
20.08.2021 00:05:11.212,0.68282,0.68274,1,1
20.08.2021 00:05:12.006,0.68287,0.68279,1,1
20.08.2021 00:05:12.107,0.68288,0.68281,1,1
20.08.2021 00:05:12.208,0.68289,0.68281,1,1.5
20.08.2021 00:05:16.088,0.68289,0.6828000000000001,1,1.5
20.08.2021 00:05:16.138,0.68287,0.68278,1,1
20.08.2021 00:05:17.077,0.68288,0.68278,1,1
20.08.2021 00:05:19.416,0.68287,0.68278,1,1
20.08.2021 00:05:19.467,0.68291,0.68282,1,1.5
20.08.2021 00:05:19.569,0.68291,0.68283,1,1
20.08.2021 00:05:20.902,0.68291,0.6828500000000001,1,1
20.08.2021 00:05:21.211,0.68293,0.68284,1,1
20.08.2021 00:05:21.313,0.68302,0.68292,2,1
20.08.2021 00:05:21.414,0.68302,0.68293,1,1
20.08.2021 00:05:21.516,0.68303,0.6829500000000001,1,1
20.08.2021 00:05:21.617,0.68302,0.68294,1,1
20.08.2021 00:05:21.768,0.68302,0.68293,1,1
20.08.2021 00:05:22.201,0.6830100000000001,0.68291,1,1
20.08.2021 00:05:22.302,0.683,0.6829000000000001,1,1
20.08.2021 00:05:23.380,0.683,0.68289,1,1.5
20.08.2021 00:05:25.708,0.68299,0.6829000000000001,1,1
20.08.2021 00:05:25.810,0.683,0.6829000000000001,1,1
20.08.2021 00:05:29.333,0.683,0.6829000000000001,1.5,1
20.08.2021 00:05:29.384,0.68297,0.68287,1,1.5
20.08.2021 00:05:42.651,0.68294,0.68284,2.25,1.5
20.08.2021 00:05:42.916,0.68292,0.68282,1,1.5
20.08.2021 00:05:47.653,0.68291,0.68281,1,1
20.08.2021 00:05:53.672,0.6829000000000001,0.68281,1,1
20.08.2021 00:05:56.250,0.6829600000000001,0.68288,1,1
20.08.2021 00:05:56.352,0.6829600000000001,0.68287,1,1
20.08.2021 00:05:58.433,0.6829600000000001,0.68288,1,1
20.08.2021 00:05:58.535,0.68297,0.68289,1,1.25
20.08.2021 00:05:58.586,0.68305,0.6829500000000001,1,1.5
20.08.2021 00:05:58.636,0.6830700000000001,0.6830100000000001,1.25,1
20.08.2021 00:05:58.738,0.68309,0.68299,1.25,1.25
20.08.2021 00:05:58.788,0.6831,0.6830100000000001,1,1
20.08.2021 00:05:59.041,0.68309,0.683,1,1
20.08.2021 00:05:59.142,0.6831,0.683,1,1.5
20.08.2021 00:06:00.603,0.6831,0.683,1.5,1
20.08.2021 00:06:00.704,0.6831100000000001,0.6830100000000001,1,1.5
20.08.2021 00:06:04.094,0.68319,0.6831200000000001,1,1
20.08.2021 00:06:04.145,0.68325,0.68319,1,1.5
20.08.2021 00:06:04.196,0.68328,0.68318,1.5,2.25
20.08.2021 00:06:04.297,0.68328,0.68319,1,1.25
20.08.2021 00:06:05.180,0.68329,0.6832100000000001,1,1
20.08.2021 00:06:05.281,0.6833100000000001,0.6832100000000001,1,1
20.08.2021 00:06:05.382,0.6833,0.6832,1,1
20.08.2021 00:06:10.726,0.68332,0.68322,1,1
20.08.2021 00:06:11.502,0.6833300000000001,0.68323,1,1.5
20.08.2021 00:06:11.603,0.6833800000000001,0.68327,1,1
20.08.2021 00:06:11.704,0.68335,0.68325,1,1.25
20.08.2021 00:06:12.436,0.68334,0.68324,1,1.25
20.08.2021 00:06:14.804,0.68334,0.68323,1,1.25
20.08.2021 00:06:15.849,0.68334,0.68324,1,1
20.08.2021 00:06:16.002,0.6833,0.6832,1,1
20.08.2021 00:06:18.186,0.6833,0.6831600000000001,1.5,1.94
20.08.2021 00:06:18.287,0.6832600000000001,0.6831600000000001,1,1.12
20.08.2021 00:06:26.201,0.68325,0.6831600000000001,1,2.44
20.08.2021 00:06:29.447,0.68328,0.68318,1,2.62
20.08.2021 00:06:29.498,0.68329,0.6832,1,3.37
20.08.2021 00:06:32.430,0.6833,0.6832,1,1
20.08.2021 00:06:36.598,0.6833100000000001,0.6832100000000001,1,1
20.08.2021 00:06:38.224,0.68334,0.68324,1,1
20.08.2021 00:06:38.325,0.68337,0.68327,1,1
20.08.2021 00:06:38.477,0.6833800000000001,0.68328,1,1
20.08.2021 00:06:38.780,0.6833899999999999,0.68328,1,1
20.08.2021 00:06:40.560,0.6833899999999999,0.68329,1,1
20.08.2021 00:06:40.992,0.68342,0.68332,1,1
20.08.2021 00:06:41.093,0.6834800000000001,0.6833800000000001,1.37,1
20.08.2021 00:06:41.194,0.6834800000000001,0.6833800000000001,1,1.25
20.08.2021 00:06:41.245,0.68349,0.6834,1,1
20.08.2021 00:06:41.346,0.68349,0.6834100000000001,1,1
20.08.2021 00:06:41.694,0.6835100000000001,0.6834100000000001,1,1
20.08.2021 00:06:42.086,0.68352,0.68342,1,1
20.08.2021 00:06:42.466,0.6835100000000001,0.6834100000000001,1,1
20.08.2021 00:06:42.568,0.68349,0.6834,1,1
20.08.2021 00:06:43.810,0.6835,0.6834,1,1
20.08.2021 00:06:46.671,0.68349,0.6833899999999999,1,1
20.08.2021 00:06:50.877,0.68345,0.68335,1,1
20.08.2021 00:06:50.978,0.68345,0.68334,1,1
20.08.2021 00:06:51.343,0.68344,0.68334,1,1
20.08.2021 00:06:51.716,0.68345,0.68334,1,1
20.08.2021 00:06:51.918,0.6834600000000001,0.68335,1,1
20.08.2021 00:06:52.241,0.68347,0.6833899999999999,1,1
20.08.2021 00:06:52.291,0.6835,0.6834,1,1
20.08.2021 00:06:53.147,0.6835,0.68342,1,1
20.08.2021 00:06:54.533,0.68352,0.68342,1,1
20.08.2021 00:06:54.584,0.68355,0.68345,1.25,1
20.08.2021 00:06:54.635,0.68357,0.6834600000000001,1,1
20.08.2021 00:06:54.737,0.68357,0.68347,1,1
20.08.2021 00:06:54.889,0.6835800000000001,0.6834800000000001,1,1
20.08.2021 00:06:58.798,0.6835800000000001,0.6834800000000001,2,1
20.08.2021 00:06:58.899,0.6835600000000001,0.68349,1,1
20.08.2021 00:06:59.019,0.6835600000000001,0.6834800000000001,1,1
20.08.2021 00:06:59.129,0.6835800000000001,0.6834800000000001,1.5,1
20.08.2021 00:07:00.210,0.6835800000000001,0.68349,1,1
20.08.2021 00:07:00.311,0.6835800000000001,0.6835,1.5,1
20.08.2021 00:07:00.735,0.68359,0.68349,1.87,4.19
20.08.2021 00:07:00.836,0.6836300000000001,0.68352,1.1,1
20.08.2021 00:07:00.887,0.68366,0.68355,3.25,1
20.08.2021 00:07:00.988,0.68365,0.6835600000000001,1.5,1
20.08.2021 00:07:04.514,0.68365,0.68355,1,1
20.08.2021 00:07:05.890,0.68361,0.6835100000000001,1,1
20.08.2021 00:07:05.992,0.6836,0.6835,1,1
20.08.2021 00:07:06.094,0.68359,0.68349,1.5,1
20.08.2021 00:07:11.435,0.68359,0.6835,1,1
20.08.2021 00:07:12.167,0.68359,0.68349,1,1
20.08.2021 00:07:15.509,0.68361,0.6835,1.5,1
20.08.2021 00:07:20.988,0.68361,0.6835100000000001,1,1
20.08.2021 00:07:23.641,0.6836,0.6835,1,1
20.08.2021 00:07:28.725,0.68361,0.6835,1,1
20.08.2021 00:07:34.917,0.68357,0.68347,1,1
20.08.2021 00:07:35.019,0.68354,0.68344,1,1
20.08.2021 00:07:35.120,0.6835300000000001,0.6834300000000001,1,1
20.08.2021 00:07:38.333,0.68354,0.6834300000000001,1,1
20.08.2021 00:07:38.434,0.68354,0.68344,1,1
20.08.2021 00:07:40.004,0.68355,0.68344,1,1
20.08.2021 00:07:49.447,0.6835300000000001,0.68344,1,1
20.08.2021 00:07:51.500,0.6835600000000001,0.6834600000000001,1.5,1
20.08.2021 00:07:57.866,0.6835300000000001,0.68342,1,1
20.08.2021 00:08:04.041,0.68352,0.68342,1,1
20.08.2021 00:08:06.071,0.6835300000000001,0.68342,1,1
20.08.2021 00:08:06.172,0.68352,0.68342,1,1
20.08.2021 00:08:16.126,0.6835300000000001,0.68342,1.5,1
20.08.2021 00:08:16.717,0.6835100000000001,0.6834300000000001,1,1
20.08.2021 00:08:16.768,0.6834800000000001,0.6833800000000001,1,1.5
20.08.2021 00:08:16.869,0.68347,0.6833800000000001,1,1
20.08.2021 00:08:16.919,0.68349,0.6833899999999999,1.5,1
20.08.2021 00:08:17.021,0.68349,0.6833800000000001,1.5,1
20.08.2021 00:08:18.224,0.68349,0.6833899999999999,1,1
20.08.2021 00:08:19.438,0.6835,0.6834,1.5,1
20.08.2021 00:08:19.775,0.68349,0.6834100000000001,2,1
20.08.2021 00:08:19.826,0.6833800000000001,0.6833100000000001,2.62,1.5
20.08.2021 00:08:19.928,0.6834,0.6833,1.5,1
20.08.2021 00:08:20.029,0.6834,0.6833100000000001,1,1
20.08.2021 00:08:21.596,0.6834,0.68332,1.5,1
20.08.2021 00:08:25.812,0.6834,0.6833100000000001,1,1
20.08.2021 00:08:31.384,0.6834,0.68332,1,1
20.08.2021 00:08:32.707,0.68344,0.68334,1,1
20.08.2021 00:08:32.808,0.68345,0.68337,1,1.25
20.08.2021 00:08:32.910,0.68349,0.6833899999999999,1,1
20.08.2021 00:08:33.112,0.6835100000000001,0.6834100000000001,1.5,1
20.08.2021 00:08:33.318,0.6835,0.6834100000000001,1.5,1
20.08.2021 00:08:33.419,0.6835,0.6834,1,1
20.08.2021 00:08:33.520,0.68349,0.6833899999999999,1,1
20.08.2021 00:08:38.958,0.68345,0.68337,1,1
20.08.2021 00:08:39.059,0.6834600000000001,0.68335,1,1
20.08.2021 00:08:47.278,0.68344,0.68334,1,1
20.08.2021 00:08:47.645,0.68342,0.68335,1,1
20.08.2021 00:08:50.553,0.6834300000000001,0.6833300000000001,1.5,1.5
20.08.2021 00:08:56.195,0.6834100000000001,0.6833100000000001,1.5,1
20.08.2021 00:08:56.246,0.6834,0.68329,1,1
20.08.2021 00:08:56.804,0.6833899999999999,0.68329,1,1
20.08.2021 00:08:57.145,0.6834,0.68329,1,1
20.08.2021 00:09:00.589,0.6833800000000001,0.68327,1.5,1
20.08.2021 00:09:01.188,0.68337,0.68329,1.69,1
20.08.2021 00:09:03.540,0.6833800000000001,0.68329,1.69,1
20.08.2021 00:09:04.077,0.6833800000000001,0.68327,1.5,1
20.08.2021 00:09:05.487,0.6833800000000001,0.68328,1.5,1
20.08.2021 00:09:05.689,0.6833899999999999,0.68328,1.69,1
20.08.2021 00:09:10.158,0.68335,0.68327,1,1
20.08.2021 00:09:10.259,0.68335,0.6832600000000001,2.5,1
20.08.2021 00:09:10.361,0.6833600000000001,0.6832600000000001,1.25,1
20.08.2021 00:09:10.798,0.68335,0.68325,1,1
20.08.2021 00:09:19.077,0.6833600000000001,0.68325,1.25,1
20.08.2021 00:09:20.416,0.6833800000000001,0.68328,1.25,1
20.08.2021 00:09:20.517,0.6833899999999999,0.6833,1.25,1
20.08.2021 00:09:23.667,0.6833899999999999,0.68329,1.5,1
20.08.2021 00:09:23.818,0.6833899999999999,0.68328,1.5,1
20.08.2021 00:09:23.919,0.6833800000000001,0.68328,1,1
20.08.2021 00:09:26.451,0.6833800000000001,0.68329,1,1
20.08.2021 00:09:26.502,0.6833800000000001,0.68327,1.5,1
20.08.2021 00:09:26.603,0.68337,0.68327,1,1
20.08.2021 00:09:29.043,0.6833800000000001,0.68328,1.5,1
20.08.2021 00:09:29.195,0.68337,0.6832600000000001,1,1.5
20.08.2021 00:09:29.494,0.6833600000000001,0.6832600000000001,1,1.5
20.08.2021 00:09:29.647,0.6833600000000001,0.68327,1,1.5
20.08.2021 00:09:31.627,0.68337,0.68327,1,1.5
20.08.2021 00:09:40.509,0.6833800000000001,0.68327,1,1.5
20.08.2021 00:09:41.370,0.68337,0.6832600000000001,1,2.62
20.08.2021 00:09:50.173,0.68335,0.68325,1,1
20.08.2021 00:09:50.274,0.68335,0.68324,1,1
20.08.2021 00:09:50.580,0.68332,0.68322,1,1.5
20.08.2021 00:09:50.732,0.6833,0.6832,1,1
20.08.2021 00:09:52.109,0.6833,0.68319,1,1.87
20.08.2021 00:09:54.896,0.68329,0.68318,1,1.5
20.08.2021 00:10:01.209,0.68327,0.6831600000000001,1,1
20.08.2021 00:10:02.107,0.6832600000000001,0.68315,1,2.62
20.08.2021 00:10:03.151,0.6832600000000001,0.6831600000000001,1,1
20.08.2021 00:10:04.672,0.68325,0.6831600000000001,1,1.12
20.08.2021 00:10:07.845,0.68327,0.6831600000000001,1,1
20.08.2021 00:10:10.049,0.68325,0.6831600000000001,1,1
20.08.2021 00:10:11.867,0.6833,0.6832,1,1
20.08.2021 00:10:12.582,0.6833,0.68319,1,1.87
20.08.2021 00:10:12.683,0.68329,0.68319,1,1.87
20.08.2021 00:10:17.889,0.68329,0.68318,1,1
20.08.2021 00:10:19.816,0.68327,0.68317,1,1.12
20.08.2021 00:10:24.104,0.68328,0.68317,1,1.87
20.08.2021 00:10:24.314,0.6833,0.68319,1,1
20.08.2021 00:10:26.665,0.68329,0.68319,1,1
20.08.2021 00:10:28.794,0.68328,0.68319,1.5,1
20.08.2021 00:10:40.298,0.68328,0.68317,1,1
20.08.2021 00:10:40.419,0.68327,0.68315,1,2
20.08.2021 00:10:41.965,0.68329,0.68318,1.5,1
20.08.2021 00:10:42.600,0.68329,0.68319,1,1
20.08.2021 00:10:46.425,0.6833,0.6832,1,1
20.08.2021 00:10:46.526,0.6833,0.6832100000000001,1.5,1
20.08.2021 00:10:47.384,0.68332,0.68322,1,1
20.08.2021 00:10:47.831,0.68332,0.6832100000000001,1.5,1
20.08.2021 00:10:49.692,0.6833300000000001,0.68322,1,1
20.08.2021 00:10:49.793,0.6833300000000001,0.68323,1,1
20.08.2021 00:10:51.956,0.68337,0.6832600000000001,1.5,1
20.08.2021 00:10:52.647,0.68337,0.68325,1.5,1.87
20.08.2021 00:10:53.051,0.6833600000000001,0.68325,1,1.5
20.08.2021 00:10:53.102,0.68332,0.6832100000000001,1,2.7
20.08.2021 00:10:53.354,0.6833,0.6832,1,1.5
20.08.2021 00:10:54.606,0.6833,0.68319,1.5,1
20.08.2021 00:10:54.911,0.68329,0.68319,1,1
20.08.2021 00:10:57.902,0.68328,0.68319,1.5,1
20.08.2021 00:11:01.018,0.68329,0.68317,1.5,1
20.08.2021 00:11:01.788,0.68327,0.68318,1,1
20.08.2021 00:11:01.939,0.68329,0.68317,1.5,1
20.08.2021 00:11:02.611,0.68328,0.68317,1,1
20.08.2021 00:11:03.157,0.68324,0.68314,1,1
20.08.2021 00:11:03.208,0.68323,0.6831200000000001,1,1.12
20.08.2021 00:11:05.973,0.68322,0.6831100000000001,1,1.12
20.08.2021 00:11:08.670,0.6832100000000001,0.6831,1,2.75
20.08.2021 00:11:13.154,0.68322,0.68313,1,1.87
20.08.2021 00:11:13.205,0.68324,0.68315,1,1.5
20.08.2021 00:11:13.257,0.6832100000000001,0.68313,1,1
20.08.2021 00:11:17.042,0.68323,0.6831200000000001,1,2.25
20.08.2021 00:11:22.254,0.68324,0.68313,1.5,1.12
20.08.2021 00:11:22.994,0.68323,0.68313,1,1
20.08.2021 00:11:23.138,0.68323,0.68314,1.5,1
20.08.2021 00:11:23.239,0.68323,0.68313,1,1.12
20.08.2021 00:11:23.493,0.68322,0.6831100000000001,1,2.37
20.08.2021 00:11:23.594,0.68322,0.6831100000000001,1,1.87
20.08.2021 00:11:25.124,0.6832,0.6831,1.75,1
20.08.2021 00:11:25.175,0.6831200000000001,0.68303,1.5,1.75
20.08.2021 00:11:25.276,0.68308,0.683,1.5,1
20.08.2021 00:11:25.327,0.6830600000000001,0.68298,1.69,1
20.08.2021 00:11:25.428,0.6830600000000001,0.68297,1,1
20.08.2021 00:11:25.580,0.68305,0.6829500000000001,1,1
20.08.2021 00:11:27.308,0.68304,0.6829500000000001,1,1
20.08.2021 00:11:30.736,0.68305,0.6829500000000001,1,1
20.08.2021 00:11:30.950,0.68304,0.68293,1.5,1
20.08.2021 00:11:31.052,0.68303,0.68293,1,1
20.08.2021 00:11:35.473,0.68304,0.68293,1.5,1
20.08.2021 00:11:35.590,0.68304,0.68294,1,1
20.08.2021 00:11:35.880,0.6830100000000001,0.68292,1,1
20.08.2021 00:11:35.931,0.68304,0.68293,1.5,1
20.08.2021 00:11:37.857,0.6830100000000001,0.6829000000000001,1,1
20.08.2021 00:11:37.959,0.683,0.68289,1,1.5
20.08.2021 00:11:38.486,0.68299,0.68289,1,1
20.08.2021 00:11:38.537,0.68298,0.68288,1.5,1
20.08.2021 00:11:38.910,0.68297,0.68288,1,1
20.08.2021 00:11:40.052,0.68298,0.68289,1.5,1
20.08.2021 00:11:47.973,0.6830100000000001,0.6829000000000001,1.5,3
20.08.2021 00:11:48.527,0.6830100000000001,0.68289,1.5,1
20.08.2021 00:11:48.628,0.683,0.68288,1.5,2.62
20.08.2021 00:11:50.145,0.683,0.68289,1.5,1
20.08.2021 00:11:53.658,0.68299,0.68288,1.5,1
20.08.2021 00:11:53.760,0.68298,0.68287,1,1
20.08.2021 00:11:54.836,0.68299,0.68287,1.5,1
20.08.2021 00:11:55.161,0.68298,0.68287,1,1
20.08.2021 00:11:57.023,0.68297,0.68289,1,1
20.08.2021 00:11:58.584,0.68299,0.68288,1.5,1
20.08.2021 00:11:58.892,0.68298,0.68288,1.5,1
20.08.2021 00:11:59.540,0.68297,0.68288,1,1
20.08.2021 00:12:00.815,0.68297,0.68287,1,1
20.08.2021 00:12:01.017,0.68298,0.68287,1,1
20.08.2021 00:12:02.504,0.68298,0.68288,1,1
20.08.2021 00:12:03.043,0.68299,0.68288,1.5,1
20.08.2021 00:12:06.692,0.68299,0.68287,1.5,1
20.08.2021 00:12:07.709,0.68298,0.68289,1.5,1
20.08.2021 00:12:07.860,0.68299,0.68287,1.5,1
20.08.2021 00:12:11.173,0.68299,0.68288,1.5,1
20.08.2021 00:12:12.185,0.68298,0.6829000000000001,1,1
20.08.2021 00:12:17.267,0.6829600000000001,0.68287,1,1
20.08.2021 00:12:18.261,0.6829600000000001,0.68286,1,1
20.08.2021 00:12:18.514,0.6829500000000001,0.68286,1,1
20.08.2021 00:12:18.615,0.68294,0.6828500000000001,1,1
20.08.2021 00:12:26.815,0.68294,0.68284,1,1
20.08.2021 00:12:33.738,0.68294,0.6828500000000001,1,1
20.08.2021 00:12:33.788,0.6829600000000001,0.68286,1.25,1
20.08.2021 00:12:34.243,0.6829600000000001,0.6828500000000001,1,1
20.08.2021 00:12:35.534,0.6829500000000001,0.6828500000000001,1,1
20.08.2021 00:12:37.858,0.68294,0.68284,1,1
20.08.2021 00:12:40.056,0.68293,0.68284,1,1
20.08.2021 00:12:49.598,0.68293,0.68287,1,1
20.08.2021 00:12:59.769,0.6829000000000001,0.68284,1,1
20.08.2021 00:12:59.870,0.68291,0.68282,1.25,1
20.08.2021 00:13:02.620,0.68291,0.68283,1.25,1
20.08.2021 00:13:04.670,0.68292,0.68282,1,1
20.08.2021 00:13:04.773,0.68298,0.68289,1,1
20.08.2021 00:13:04.874,0.68298,0.68291,1,1
20.08.2021 00:13:04.976,0.68298,0.6829000000000001,1,1
20.08.2021 00:13:05.293,0.68299,0.6829000000000001,1,1
20.08.2021 00:13:09.156,0.68298,0.68292,1,1
20.08.2021 00:13:15.757,0.68299,0.68292,1,1
20.08.2021 00:13:16.536,0.68302,0.68292,1.75,1
20.08.2021 00:13:19.290,0.68298,0.68287,1,1
20.08.2021 00:13:21.104,0.68302,0.68292,1.75,1
20.08.2021 00:13:23.071,0.68299,0.68292,1,1
20.08.2021 00:13:35.845,0.68298,0.68287,1,1
20.08.2021 00:13:37.152,0.6829500000000001,0.6828500000000001,1,1
20.08.2021 00:13:37.253,0.6829500000000001,0.68283,1,1
20.08.2021 00:13:37.354,0.6829500000000001,0.68282,1,1
20.08.2021 00:13:39.542,0.6829500000000001,0.68288,1,1
20.08.2021 00:13:42.666,0.68294,0.68281,1,1.12
20.08.2021 00:13:42.717,0.68293,0.68284,1.25,1
20.08.2021 00:13:42.818,0.68293,0.68283,1.25,1
20.08.2021 00:13:42.919,0.6829000000000001,0.68283,1,1
20.08.2021 00:13:43.020,0.68292,0.68282,1.25,1
20.08.2021 00:13:43.433,0.6829000000000001,0.68283,1.25,1
20.08.2021 00:13:44.098,0.68288,0.68281,1,1
20.08.2021 00:13:47.318,0.68288,0.68276,1,1
20.08.2021 00:13:50.786,0.68288,0.68281,1,1
20.08.2021 00:13:51.769,0.68288,0.68282,1,1
20.08.2021 00:13:51.871,0.68289,0.68282,1,1
20.08.2021 00:14:03.059,0.68289,0.68283,1,1
20.08.2021 00:14:03.161,0.68289,0.68284,1,1
20.08.2021 00:14:03.262,0.68291,0.68283,1,1
20.08.2021 00:14:03.527,0.68294,0.68286,1,1
20.08.2021 00:14:03.628,0.68294,0.68287,1,1
20.08.2021 00:14:07.640,0.68293,0.6828500000000001,1,1
20.08.2021 00:14:11.480,0.68291,0.68281,1,1
20.08.2021 00:14:11.582,0.68291,0.6828000000000001,1,1
20.08.2021 00:14:18.747,0.68286,0.68278,1,1
20.08.2021 00:14:18.797,0.6828500000000001,0.68274,1,1
20.08.2021 00:14:18.898,0.68284,0.68274,1,1
20.08.2021 00:14:19.252,0.68286,0.68276,1,1
20.08.2021 00:14:20.633,0.68286,0.6827500000000001,1,1
20.08.2021 00:14:27.772,0.68283,0.6827500000000001,1,1
20.08.2021 00:14:27.874,0.68282,0.6827500000000001,1,1
20.08.2021 00:14:31.546,0.68282,0.68274,1,1
20.08.2021 00:14:33.061,0.68283,0.68274,1,1
20.08.2021 00:14:34.713,0.68284,0.68274,1,1
20.08.2021 00:14:35.994,0.68281,0.6827300000000001,1,1
20.08.2021 00:14:36.123,0.68281,0.68271,1,1
20.08.2021 00:14:36.326,0.6828000000000001,0.68271,1,1
20.08.2021 00:14:36.428,0.68278,0.6826800000000001,1,1
20.08.2021 00:14:36.530,0.6827500000000001,0.68267,1,1
20.08.2021 00:14:36.732,0.68276,0.68265,1,1
20.08.2021 00:14:38.300,0.68276,0.68266,1,1
20.08.2021 00:14:40.166,0.68276,0.68267,1,1
20.08.2021 00:14:40.318,0.68279,0.6826800000000001,1,1
20.08.2021 00:14:40.419,0.68279,0.68269,1,1
20.08.2021 00:14:42.051,0.68279,0.6827000000000001,1,1
20.08.2021 00:14:44.123,0.6828000000000001,0.6827000000000001,1.5,1
20.08.2021 00:14:44.238,0.6828000000000001,0.68271,1,1
20.08.2021 00:14:46.057,0.68282,0.68274,1,1
20.08.2021 00:14:46.159,0.68283,0.68276,1,1
20.08.2021 00:14:46.765,0.68289,0.68278,1,1
20.08.2021 00:14:46.866,0.6829000000000001,0.68279,1.25,1
20.08.2021 00:14:48.707,0.6829000000000001,0.6828000000000001,1,1
20.08.2021 00:14:48.809,0.68292,0.68282,1.25,1
20.08.2021 00:14:48.960,0.68292,0.68281,1.69,1
20.08.2021 00:14:49.316,0.68292,0.6828000000000001,2.44,1
20.08.2021 00:14:51.759,0.68292,0.68282,1,1
20.08.2021 00:14:52.011,0.68291,0.68282,1.25,1
20.08.2021 00:14:52.413,0.68292,0.68282,1,1
20.08.2021 00:14:58.608,0.68292,0.68284,1,1
20.08.2021 00:15:00.569,0.6829500000000001,0.68288,1,1
20.08.2021 00:15:00.619,0.6829500000000001,0.68286,1,2.25
20.08.2021 00:15:01.166,0.6829600000000001,0.68289,1,1
20.08.2021 00:15:01.620,0.68298,0.68291,1,1
20.08.2021 00:15:03.020,0.68298,0.68292,1,1
20.08.2021 00:15:03.356,0.68299,0.68291,1,1.5
20.08.2021 00:15:03.407,0.6830100000000001,0.68293,1,1
20.08.2021 00:15:03.508,0.683,0.68293,1,1
20.08.2021 00:15:06.321,0.683,0.68291,1,1
20.08.2021 00:15:06.423,0.68299,0.6829000000000001,1.25,1
20.08.2021 00:15:09.457,0.68298,0.6829000000000001,1,1
20.08.2021 00:15:09.743,0.68297,0.6829000000000001,1,1
20.08.2021 00:15:10.398,0.68297,0.68289,1,1
20.08.2021 00:15:10.550,0.68297,0.6829000000000001,1,1
20.08.2021 00:15:11.876,0.6829600000000001,0.6829000000000001,1,1
20.08.2021 00:15:12.838,0.68298,0.68289,1,1
20.08.2021 00:15:12.939,0.68299,0.68289,1,1
20.08.2021 00:15:16.457,0.68299,0.68291,1,1
20.08.2021 00:15:16.569,0.6830100000000001,0.68292,1,1
20.08.2021 00:15:16.620,0.68304,0.68294,1,1
20.08.2021 00:15:21.411,0.68304,0.68293,1.25,1
20.08.2021 00:15:21.613,0.68302,0.68293,1,1
20.08.2021 00:15:22.717,0.68304,0.68294,1,1
20.08.2021 00:15:22.869,0.68304,0.6829500000000001,1,1
20.08.2021 00:15:25.213,0.68305,0.6829500000000001,1,1
20.08.2021 00:15:25.318,0.68303,0.6829600000000001,1,1
20.08.2021 00:15:29.887,0.68304,0.68293,1,1
20.08.2021 00:15:30.191,0.68303,0.6829500000000001,1,1
20.08.2021 00:15:30.417,0.68302,0.68292,1.25,1
20.08.2021 00:15:30.518,0.683,0.68291,1,1
20.08.2021 00:15:30.929,0.683,0.6829000000000001,1,1
20.08.2021 00:15:31.816,0.68298,0.6829000000000001,1,1
20.08.2021 00:15:32.672,0.68298,0.68289,1,1
20.08.2021 00:15:32.850,0.68298,0.68288,1,1
20.08.2021 00:15:33.461,0.68299,0.68289,1,1
20.08.2021 00:15:39.656,0.68297,0.6829000000000001,1,1
20.08.2021 00:15:39.757,0.68298,0.68288,1,1
20.08.2021 00:15:41.283,0.6829500000000001,0.6828500000000001,1,1
20.08.2021 00:15:41.384,0.68294,0.68284,1,1
20.08.2021 00:15:46.702,0.68293,0.68282,1.25,1
20.08.2021 00:15:46.904,0.68293,0.68284,1.25,1
20.08.2021 00:15:54.910,0.68292,0.68282,1.25,1
20.08.2021 00:15:55.011,0.6829000000000001,0.68282,1,1
20.08.2021 00:15:55.839,0.6829000000000001,0.68281,1,1
20.08.2021 00:15:55.940,0.6829000000000001,0.6828000000000001,1,1
20.08.2021 00:15:58.308,0.6829000000000001,0.68279,1,1
20.08.2021 00:16:11.805,0.68289,0.68279,1,1
20.08.2021 00:16:14.606,0.68286,0.68279,1,1
20.08.2021 00:16:14.708,0.68288,0.68278,1,1
20.08.2021 00:16:16.099,0.68288,0.68277,1,1
20.08.2021 00:16:18.345,0.68287,0.68277,1,1
20.08.2021 00:16:19.457,0.68287,0.68276,1,1
20.08.2021 00:16:20.740,0.68287,0.68277,1,1
20.08.2021 00:16:20.943,0.68287,0.68279,1,1
20.08.2021 00:16:25.742,0.68286,0.68279,1,1
20.08.2021 00:16:25.843,0.68286,0.68277,1,1
20.08.2021 00:16:26.247,0.68286,0.68276,4,1
20.08.2021 00:16:26.298,0.68282,0.68272,1,1.5
20.08.2021 00:16:26.399,0.6828000000000001,0.68271,1,1
20.08.2021 00:16:26.501,0.68279,0.68271,1,1
20.08.2021 00:16:26.602,0.68281,0.6827000000000001,1.5,1
20.08.2021 00:16:26.703,0.68279,0.6827000000000001,1,1.5
20.08.2021 00:16:28.544,0.6828000000000001,0.6826800000000001,1.5,1
20.08.2021 00:16:32.263,0.68279,0.6826800000000001,1,1
20.08.2021 00:16:32.414,0.68276,0.68267,1,1
20.08.2021 00:16:32.465,0.68276,0.68265,1.5,1
20.08.2021 00:16:32.566,0.6827500000000001,0.68264,1,1
20.08.2021 00:16:32.667,0.68274,0.6826300000000001,1,1.5
20.08.2021 00:16:32.769,0.6827300000000001,0.6826300000000001,1,1
20.08.2021 00:16:32.870,0.6827300000000001,0.68261,1,1.12
20.08.2021 00:16:33.230,0.68272,0.6826,1,2.25
20.08.2021 00:16:34.155,0.6827000000000001,0.6826,1.5,1.87
20.08.2021 00:16:34.257,0.6827000000000001,0.68259,1,1.5
20.08.2021 00:16:35.423,0.6827000000000001,0.6825800000000001,1.5,1.87
20.08.2021 00:16:35.699,0.6826800000000001,0.68259,1,1
20.08.2021 00:16:35.801,0.6826800000000001,0.6825600000000001,1,2
20.08.2021 00:16:35.902,0.6826800000000001,0.6825600000000001,1,1
20.08.2021 00:16:37.102,0.68269,0.6825800000000001,1.69,1
20.08.2021 00:16:37.203,0.6826800000000001,0.68257,1,1
20.08.2021 00:16:39.011,0.6826800000000001,0.68259,1.5,1
20.08.2021 00:16:39.323,0.68269,0.68257,1.5,1
20.08.2021 00:16:50.970,0.6826800000000001,0.68259,1.5,1
20.08.2021 00:16:53.565,0.68267,0.6825600000000001,1,1.5
20.08.2021 00:16:53.818,0.68264,0.6825600000000001,1.5,1
20.08.2021 00:16:53.919,0.68265,0.68254,1.5,1.5
20.08.2021 00:16:54.223,0.6826300000000001,0.68252,1,1
20.08.2021 00:16:54.325,0.6826300000000001,0.6825100000000001,1,1.87
20.08.2021 00:16:54.527,0.68262,0.6825100000000001,1,1.5
20.08.2021 00:16:56.989,0.68262,0.68252,1,1.5
20.08.2021 00:16:57.141,0.68262,0.6825100000000001,1,1.5
20.08.2021 00:16:57.675,0.6826300000000001,0.6825100000000001,1,1.5
20.08.2021 00:16:57.827,0.68262,0.6825100000000001,1,1.5
20.08.2021 00:16:57.993,0.6826300000000001,0.6825300000000001,1.5,2.25
20.08.2021 00:16:59.279,0.68262,0.6825100000000001,1,1.87
20.08.2021 00:16:59.676,0.68261,0.6825100000000001,1,1
20.08.2021 00:17:00.652,0.68262,0.6825100000000001,1,1
20.08.2021 00:17:02.905,0.68261,0.6825100000000001,1,1.5
20.08.2021 00:17:04.834,0.68262,0.6825100000000001,1,1.5
20.08.2021 00:17:06.165,0.68261,0.6825100000000001,1,1.5
20.08.2021 00:17:09.660,0.68261,0.6825,1,1.12
20.08.2021 00:17:10.255,0.68259,0.6825100000000001,1,1.12
20.08.2021 00:17:13.769,0.68261,0.6825,1,1.87
20.08.2021 00:17:17.606,0.6826,0.6825,1,1.12
20.08.2021 00:17:19.082,0.68259,0.6825,1,1.12
20.08.2021 00:17:24.156,0.6825800000000001,0.68247,1,2.19
20.08.2021 00:17:24.207,0.68255,0.68247,1,2.75
20.08.2021 00:17:24.358,0.6825600000000001,0.68245,1,1.75
20.08.2021 00:17:30.309,0.68254,0.68245,1,1.62
20.08.2021 00:17:33.165,0.68255,0.68247,1,1.12
20.08.2021 00:17:36.529,0.6825300000000001,0.68244,1,1.5
20.08.2021 00:17:36.631,0.68254,0.6824300000000001,1,1
20.08.2021 00:17:40.211,0.68255,0.68245,1,1.87
20.08.2021 00:17:40.262,0.68257,0.6824600000000001,1,1
20.08.2021 00:17:41.142,0.6825800000000001,0.6824600000000001,1,1.5
20.08.2021 00:17:45.628,0.68257,0.6824600000000001,1,1
20.08.2021 00:17:45.891,0.6825600000000001,0.6824600000000001,1,1
20.08.2021 00:17:51.129,0.68255,0.6824300000000001,1,3.69
20.08.2021 00:17:51.387,0.68249,0.68242,1,1
20.08.2021 00:17:51.437,0.68249,0.6824,1,1.32
20.08.2021 00:17:51.538,0.68249,0.6823800000000001,1,1
20.08.2021 00:17:51.639,0.6824300000000001,0.68234,1,1.5
20.08.2021 00:17:51.690,0.6824300000000001,0.6823100000000001,1,2
20.08.2021 00:17:51.797,0.6824300000000001,0.6823100000000001,1,1
20.08.2021 00:17:51.903,0.68242,0.6823,1,1.25
20.08.2021 00:17:52.005,0.6824100000000001,0.68229,1,2.06
20.08.2021 00:17:52.106,0.6824100000000001,0.6823,1,2.25
20.08.2021 00:17:52.157,0.68237,0.68228,1,1
20.08.2021 00:17:52.259,0.68235,0.68224,1,1.12
20.08.2021 00:17:52.361,0.68234,0.68223,1,1.69
20.08.2021 00:17:52.462,0.6823,0.6822,1,2.75
20.08.2021 00:17:52.563,0.6823,0.6822,1,1.5
20.08.2021 00:17:53.246,0.6823100000000001,0.6822100000000001,1.5,1.69
20.08.2021 00:17:53.348,0.6823,0.6822100000000001,1,2.25
20.08.2021 00:17:55.512,0.68232,0.6822100000000001,1.5,1
20.08.2021 00:17:58.005,0.68232,0.68225,1,1
20.08.2021 00:17:58.481,0.6823300000000001,0.68225,1,1
20.08.2021 00:18:00.945,0.6823300000000001,0.6822600000000001,1,1
20.08.2021 00:18:01.410,0.6823300000000001,0.68225,1,1
20.08.2021 00:18:02.251,0.6823300000000001,0.68224,1,1
20.08.2021 00:18:03.189,0.68235,0.68224,1.5,1
20.08.2021 00:18:07.230,0.68234,0.68225,1,1
20.08.2021 00:18:07.281,0.6823600000000001,0.68225,1,1.5
20.08.2021 00:18:07.332,0.6823800000000001,0.68229,1,1
20.08.2021 00:18:07.534,0.6823800000000001,0.6823,1,1
20.08.2021 00:18:07.585,0.6823800000000001,0.68229,1,1
20.08.2021 00:18:10.472,0.6823899999999999,0.68227,1.5,1
20.08.2021 00:18:12.265,0.6823600000000001,0.68227,1,1.87
20.08.2021 00:18:12.977,0.6823800000000001,0.68227,1,1
20.08.2021 00:18:15.161,0.68237,0.6822600000000001,1,2.62
20.08.2021 00:18:17.292,0.6823800000000001,0.68227,1,1
20.08.2021 00:18:20.693,0.6823800000000001,0.6822600000000001,1,2.62
20.08.2021 00:18:27.363,0.6823800000000001,0.68227,1,1
20.08.2021 00:18:29.313,0.6823899999999999,0.68227,1.5,1
20.08.2021 00:18:29.497,0.6824100000000001,0.6823,1.5,2.25
20.08.2021 00:18:31.045,0.6824100000000001,0.68229,1.5,1.87
20.08.2021 00:18:31.655,0.6824100000000001,0.6823,1.5,1
20.08.2021 00:18:32.676,0.6824100000000001,0.68229,1,1.87
20.08.2021 00:18:34.169,0.6824,0.68229,1,1.87
20.08.2021 00:18:42.132,0.68237,0.68227,1,1
20.08.2021 00:18:46.315,0.68234,0.68225,1,2.25
20.08.2021 00:18:46.417,0.68235,0.6822600000000001,1,3.37
20.08.2021 00:18:47.652,0.68237,0.6822600000000001,1,1
20.08.2021 00:18:48.043,0.68234,0.68225,1.5,1
20.08.2021 00:18:48.145,0.68234,0.68224,1,1
20.08.2021 00:18:48.246,0.68234,0.68223,1.5,1
20.08.2021 00:18:48.348,0.6823300000000001,0.68222,1,1.5
20.08.2021 00:18:53.213,0.6823600000000001,0.68225,1,1
20.08.2021 00:19:06.616,0.68237,0.68228,1,2.25
20.08.2021 00:19:06.667,0.6824,0.68229,1,1.5
20.08.2021 00:19:06.836,0.6824,0.6823100000000001,1,1
20.08.2021 00:19:08.163,0.68237,0.68227,2.5,1
20.08.2021 00:19:08.213,0.68234,0.68223,1,1.5
20.08.2021 00:19:08.365,0.6823300000000001,0.68222,1,1.5
20.08.2021 00:19:08.631,0.68235,0.68225,1,1
20.08.2021 00:19:08.733,0.6823600000000001,0.68225,1,1
20.08.2021 00:19:09.096,0.6823600000000001,0.6822600000000001,1,1
20.08.2021 00:19:09.392,0.68237,0.68227,1,1
20.08.2021 00:19:10.856,0.68237,0.6822600000000001,1,1
20.08.2021 00:19:12.459,0.68237,0.68227,1,1
20.08.2021 00:19:12.563,0.68237,0.6822600000000001,1,1
20.08.2021 00:19:22.527,0.68237,0.68227,1,1
20.08.2021 00:19:22.635,0.6823800000000001,0.68228,1,2.25
20.08.2021 00:19:22.736,0.6823899999999999,0.68229,1,1
20.08.2021 00:19:25.269,0.6824,0.6823,1,1
20.08.2021 00:19:25.421,0.6824100000000001,0.6823,1,1
20.08.2021 00:19:29.477,0.6824,0.6823,1,1
20.08.2021 00:19:29.578,0.6823899999999999,0.68229,1,1.12
20.08.2021 00:19:31.979,0.6824,0.68229,1,1.87
20.08.2021 00:19:39.178,0.6823899999999999,0.68229,1,1.12
20.08.2021 00:19:56.108,0.6824,0.6823,1,1
20.08.2021 00:19:57.429,0.6824,0.6823100000000001,1,1
20.08.2021 00:19:59.512,0.68242,0.6823100000000001,1,1.5
20.08.2021 00:20:06.089,0.68242,0.68232,1,1
20.08.2021 00:20:07.212,0.6824300000000001,0.68232,1.5,1
20.08.2021 00:20:08.044,0.68242,0.6823100000000001,1,2.25
20.08.2021 00:20:10.241,0.68244,0.6823300000000001,1,1
20.08.2021 00:20:11.245,0.6824300000000001,0.6823300000000001,1,1
20.08.2021 00:20:11.505,0.68244,0.6823300000000001,1,1
20.08.2021 00:20:11.750,0.6824300000000001,0.6823300000000001,1,1
20.08.2021 00:20:12.003,0.68244,0.68234,1,1
20.08.2021 00:20:15.253,0.6824300000000001,0.68232,1,2.25
20.08.2021 00:20:15.466,0.68244,0.68234,1,1
20.08.2021 00:20:15.750,0.68244,0.6823300000000001,1,1
20.08.2021 00:20:15.968,0.6824300000000001,0.68235,1,1
20.08.2021 00:20:16.496,0.6824300000000001,0.6823300000000001,1,1
20.08.2021 00:20:16.746,0.6824300000000001,0.68234,1,1
20.08.2021 00:20:16.898,0.6824300000000001,0.68235,1,1
20.08.2021 00:20:17.000,0.68245,0.68235,1,1.5
20.08.2021 00:20:17.101,0.6824600000000001,0.6823600000000001,1,1
20.08.2021 00:20:27.972,0.6824600000000001,0.68235,1,2.62
20.08.2021 00:20:28.074,0.68245,0.68235,1,1
20.08.2021 00:20:28.852,0.68245,0.68234,1.25,1
20.08.2021 00:20:31.480,0.68244,0.6823300000000001,1,1
20.08.2021 00:20:33.685,0.68242,0.6823300000000001,1,2.25
20.08.2021 00:20:34.472,0.68242,0.68232,1,1
20.08.2021 00:20:34.523,0.6824100000000001,0.6823,1,1.5
20.08.2021 00:20:34.624,0.6824,0.68229,1,1
20.08.2021 00:20:35.029,0.6823899999999999,0.68228,1,1
20.08.2021 00:20:38.240,0.6823899999999999,0.68229,1,1
20.08.2021 00:20:39.080,0.6824,0.6823,1,1
20.08.2021 00:20:40.758,0.6824300000000001,0.6823300000000001,1,1
20.08.2021 00:20:42.621,0.6824300000000001,0.68232,1,1
20.08.2021 00:20:45.021,0.68242,0.6823100000000001,1,2.25
20.08.2021 00:20:55.721,0.68242,0.6823100000000001,1,2
20.08.2021 00:20:55.921,0.6824100000000001,0.68232,1,1.5
20.08.2021 00:20:57.309,0.6824,0.68232,1,1.5
20.08.2021 00:20:58.036,0.68242,0.68232,1,1
20.08.2021 00:21:00.761,0.6824100000000001,0.68232,1,1
20.08.2021 00:21:00.862,0.6824100000000001,0.6823100000000001,1,1
20.08.2021 00:21:06.116,0.6824100000000001,0.6823,1,2.25
20.08.2021 00:21:06.589,0.6824300000000001,0.68232,1,1
20.08.2021 00:21:09.767,0.68242,0.68234,1,1
20.08.2021 00:21:12.014,0.68242,0.68232,1,1
20.08.2021 00:21:30.104,0.68242,0.6823100000000001,1,2.62
20.08.2021 00:21:36.104,0.68242,0.68232,1,1
20.08.2021 00:21:40.815,0.68244,0.6823600000000001,1.5,1
20.08.2021 00:21:45.435,0.6824600000000001,0.68235,1.5,1
20.08.2021 00:21:45.587,0.68247,0.6823600000000001,1,1
20.08.2021 00:21:48.316,0.68249,0.6823800000000001,1,1
20.08.2021 00:21:48.417,0.6825,0.6823899999999999,1.5,1
20.08.2021 00:21:48.927,0.68249,0.6823800000000001,1,1
20.08.2021 00:21:51.995,0.6825,0.6823899999999999,1.5,1
20.08.2021 00:22:05.576,0.6825100000000001,0.6824,1.5,1
20.08.2021 00:22:06.389,0.68254,0.6824600000000001,1,1
20.08.2021 00:22:06.440,0.68257,0.68247,2.81,1
20.08.2021 00:22:06.491,0.68261,0.6825,1.87,1
20.08.2021 00:22:06.592,0.68264,0.6825300000000001,1.5,1
20.08.2021 00:22:06.693,0.6826300000000001,0.68254,1,1
20.08.2021 00:22:07.046,0.68266,0.68255,1,1
20.08.2021 00:22:07.338,0.68267,0.68259,1,1
20.08.2021 00:22:07.439,0.68271,0.68262,1.25,1.5
20.08.2021 00:22:07.541,0.68274,0.6826300000000001,4.12,1
20.08.2021 00:22:07.692,0.6827300000000001,0.68262,1,1
20.08.2021 00:22:10.780,0.68271,0.6826,1.5,1
20.08.2021 00:22:10.881,0.68269,0.68259,1,1.5
20.08.2021 00:22:11.134,0.68267,0.6825800000000001,1,1
20.08.2021 00:22:11.598,0.68266,0.6825600000000001,1,1.5
20.08.2021 00:22:11.699,0.68267,0.6825800000000001,1,1.5
20.08.2021 00:22:11.800,0.68269,0.6825800000000001,1,1
20.08.2021 00:22:14.162,0.68269,0.68259,1,1
20.08.2021 00:22:15.774,0.68269,0.6825800000000001,1,1
20.08.2021 00:22:17.152,0.6827000000000001,0.68259,1,1
20.08.2021 00:22:18.353,0.68269,0.68259,1,1
20.08.2021 00:22:18.455,0.68269,0.6825800000000001,1,1.5
20.08.2021 00:22:22.737,0.68266,0.68257,1,1
20.08.2021 00:22:22.838,0.68266,0.68255,1,1
20.08.2021 00:22:26.395,0.6826300000000001,0.68254,1,1.5
20.08.2021 00:22:30.685,0.6826300000000001,0.6825300000000001,1,1.5
20.08.2021 00:22:33.787,0.68264,0.6825300000000001,1,1.5
20.08.2021 00:22:40.650,0.68265,0.68254,1,1
20.08.2021 00:22:41.441,0.68269,0.6825800000000001,1,1
20.08.2021 00:22:41.593,0.6827000000000001,0.68261,1,1
20.08.2021 00:22:44.346,0.68274,0.68262,1,1.5
20.08.2021 00:22:44.498,0.68274,0.6826300000000001,1,1
20.08.2021 00:22:46.562,0.68274,0.68262,1,2.25
20.08.2021 00:22:55.941,0.6827500000000001,0.68264,1,1
20.08.2021 00:22:56.583,0.68277,0.68266,1,1
20.08.2021 00:22:56.684,0.68279,0.68267,1,1.5
20.08.2021 00:23:01.172,0.68279,0.6826800000000001,1,1
20.08.2021 00:23:03.619,0.68281,0.68269,1,1
20.08.2021 00:23:03.871,0.68279,0.6826800000000001,1,1
20.08.2021 00:23:04.123,0.6828000000000001,0.6827000000000001,1,1
20.08.2021 00:23:06.601,0.68281,0.6827000000000001,1,1
20.08.2021 00:23:06.846,0.68279,0.6826800000000001,1,1
20.08.2021 00:23:07.099,0.68279,0.6827000000000001,1,1
20.08.2021 00:23:07.681,0.6828000000000001,0.6826800000000001,1,1.5
20.08.2021 00:23:07.983,0.6828000000000001,0.68269,1,1
20.08.2021 00:23:08.436,0.68281,0.68269,1,1
20.08.2021 00:23:09.410,0.6828000000000001,0.68271,1,1
20.08.2021 00:23:09.693,0.68281,0.68269,1,1.5
20.08.2021 00:23:11.552,0.68281,0.6827000000000001,1,1
20.08.2021 00:23:15.433,0.6828000000000001,0.68269,1,1
20.08.2021 00:23:15.669,0.6828000000000001,0.6827000000000001,1,1.5
20.08.2021 00:23:15.771,0.6828000000000001,0.68271,1,1
20.08.2021 00:23:16.073,0.68279,0.6826800000000001,1,1.5
20.08.2021 00:23:16.285,0.6828000000000001,0.6827000000000001,1,1.5
20.08.2021 00:23:16.538,0.68279,0.6827000000000001,1,1
20.08.2021 00:23:16.843,0.68281,0.68269,1,1.5
20.08.2021 00:23:21.617,0.68283,0.68272,1,1
20.08.2021 00:23:21.718,0.68284,0.68272,1,1
20.08.2021 00:23:25.594,0.6828500000000001,0.6827300000000001,1.5,1
20.08.2021 00:23:27.186,0.68284,0.6827300000000001,1,1
20.08.2021 00:23:27.288,0.6828500000000001,0.6827300000000001,1,1
20.08.2021 00:23:33.919,0.6828500000000001,0.68274,1,1
20.08.2021 00:23:34.495,0.68288,0.68276,1,1
20.08.2021 00:23:39.226,0.6828500000000001,0.6827300000000001,1,1.87
20.08.2021 00:23:39.328,0.68283,0.68274,1,1.5
20.08.2021 00:23:46.355,0.68283,0.68272,1,2.25
20.08.2021 00:23:46.565,0.68284,0.6827300000000001,1,1
20.08.2021 00:23:46.786,0.68282,0.6827300000000001,1,1
20.08.2021 00:23:47.331,0.68284,0.68272,1.5,1
20.08.2021 00:23:47.495,0.68284,0.6827300000000001,1.5,1
20.08.2021 00:23:48.766,0.68284,0.68272,1.5,1
20.08.2021 00:23:48.867,0.68283,0.68271,1,2.25
20.08.2021 00:23:48.981,0.68281,0.68272,1,1
20.08.2021 00:23:49.082,0.68281,0.68269,1,1
20.08.2021 00:23:49.184,0.68279,0.68269,1,1.12
20.08.2021 00:23:49.287,0.6828000000000001,0.68269,1.5,1
20.08.2021 00:23:49.389,0.6828000000000001,0.6826800000000001,1.5,1.25
20.08.2021 00:24:02.663,0.68278,0.68267,1,1
20.08.2021 00:24:02.764,0.68276,0.68265,1,1
20.08.2021 00:24:02.865,0.68274,0.68262,1,2.25
20.08.2021 00:24:04.743,0.68274,0.6826300000000001,1,1
20.08.2021 00:24:12.314,0.6827500000000001,0.6826300000000001,1,1
20.08.2021 00:24:14.025,0.6827500000000001,0.68266,1,1
20.08.2021 00:24:16.140,0.68279,0.68267,1,1
20.08.2021 00:24:16.241,0.68279,0.6826800000000001,1,1
20.08.2021 00:24:17.820,0.6828000000000001,0.68269,1,1
20.08.2021 00:24:19.944,0.68281,0.6827000000000001,1.5,1
20.08.2021 00:24:20.046,0.6828500000000001,0.68274,1.5,1
20.08.2021 00:24:20.147,0.68284,0.68274,1,1
20.08.2021 00:24:21.986,0.6828500000000001,0.68274,1,1
20.08.2021 00:24:22.547,0.68286,0.6827500000000001,1,1
20.08.2021 00:24:22.648,0.6829000000000001,0.68278,1.12,1
20.08.2021 00:24:22.749,0.68289,0.6828000000000001,1,1
20.08.2021 00:24:26.283,0.68291,0.6828000000000001,1,1
20.08.2021 00:24:30.103,0.68291,0.68279,1,1
20.08.2021 00:24:31.004,0.68291,0.6828000000000001,1,1
20.08.2021 00:24:31.136,0.68292,0.6828000000000001,1.5,1
20.08.2021 00:24:32.051,0.68291,0.6828000000000001,1,1
20.08.2021 00:24:33.139,0.68292,0.6828000000000001,1.5,1
20.08.2021 00:24:33.296,0.68291,0.6828000000000001,1,1
20.08.2021 00:24:33.553,0.68292,0.6828000000000001,1,1
20.08.2021 00:24:33.704,0.6829000000000001,0.68281,1,1
20.08.2021 00:24:36.852,0.68291,0.68279,1,1
20.08.2021 00:24:41.510,0.68291,0.6828000000000001,1,1
20.08.2021 00:24:47.253,0.68292,0.6828000000000001,1,1
20.08.2021 00:24:47.304,0.6829500000000001,0.68284,1,1
20.08.2021 00:24:47.405,0.6829600000000001,0.68286,1.5,1
20.08.2021 00:24:50.127,0.68298,0.68286,1.5,1
20.08.2021 00:24:50.229,0.68299,0.68287,1,1
20.08.2021 00:24:54.425,0.68298,0.68287,1,1
20.08.2021 00:24:54.955,0.6829500000000001,0.68283,1,1
20.08.2021 00:24:55.056,0.68294,0.68283,1,1
20.08.2021 00:24:56.067,0.6829600000000001,0.6828500000000001,2.25,1
20.08.2021 00:24:56.201,0.6829500000000001,0.6828500000000001,1,1
20.08.2021 00:24:57.264,0.6829500000000001,0.68286,2.25,1
20.08.2021 00:24:58.503,0.6829600000000001,0.68286,1,1
20.08.2021 00:24:59.721,0.6829500000000001,0.68286,1,1
20.08.2021 00:25:00.458,0.6829600000000001,0.68286,1,1
20.08.2021 00:25:00.609,0.6829600000000001,0.6828500000000001,1.5,1
20.08.2021 00:25:01.357,0.6829500000000001,0.6828500000000001,1,1
20.08.2021 00:25:08.114,0.6829500000000001,0.68284,1,1
20.08.2021 00:25:08.275,0.6829600000000001,0.68284,1.5,1
20.08.2021 00:25:11.461,0.6829600000000001,0.6828500000000001,1,1
20.08.2021 00:25:18.104,0.68297,0.6828500000000001,3,1
20.08.2021 00:25:18.334,0.6829600000000001,0.6828500000000001,1,1
20.08.2021 00:25:19.574,0.6829500000000001,0.6828500000000001,1.5,1
20.08.2021 00:25:19.758,0.6829600000000001,0.6828500000000001,1.5,1
20.08.2021 00:25:21.560,0.6829500000000001,0.6828500000000001,1,1
20.08.2021 00:25:21.715,0.6829500000000001,0.68284,1,1
20.08.2021 00:25:27.594,0.68291,0.68282,1,1
20.08.2021 00:25:27.695,0.68293,0.68282,2.25,1
20.08.2021 00:25:28.336,0.68292,0.68282,1,1
20.08.2021 00:25:28.558,0.68293,0.68282,2.25,1
20.08.2021 00:25:36.103,0.68293,0.68283,1,1
20.08.2021 00:25:38.470,0.68294,0.68284,1.5,1
20.08.2021 00:25:39.197,0.68294,0.6828500000000001,1.5,1
20.08.2021 00:25:40.747,0.6829600000000001,0.6828500000000001,2.25,1
20.08.2021 00:26:02.429,0.6829600000000001,0.6828500000000001,2,1
20.08.2021 00:26:02.631,0.6829500000000001,0.68286,1.5,1
20.08.2021 00:26:04.279,0.68294,0.6828500000000001,1,1
20.08.2021 00:26:09.104,0.68294,0.68284,1,1
20.08.2021 00:26:10.550,0.68292,0.68283,1.5,1
20.08.2021 00:26:15.104,0.68294,0.68283,1,1
20.08.2021 00:26:47.559,0.68293,0.6828500000000001,1,1
20.08.2021 00:26:47.780,0.6829500000000001,0.68284,2.25,1
20.08.2021 00:27:00.240,0.68297,0.68289,1,1
20.08.2021 00:27:02.388,0.683,0.6829000000000001,1,1
20.08.2021 00:27:02.489,0.683,0.68291,3.37,1
20.08.2021 00:27:06.151,0.683,0.68289,1,1
20.08.2021 00:27:18.532,0.68298,0.68287,1,1
20.08.2021 00:27:22.092,0.68297,0.68286,1,1
20.08.2021 00:27:22.626,0.68298,0.68287,3,1
20.08.2021 00:27:30.729,0.68297,0.68287,1,1
20.08.2021 00:27:36.104,0.68297,0.68286,1.5,1
20.08.2021 00:27:42.006,0.6829500000000001,0.68286,1,1
20.08.2021 00:27:49.482,0.6829500000000001,0.68284,4.25,1
20.08.2021 00:27:49.736,0.68293,0.68283,1,1
20.08.2021 00:27:49.990,0.68293,0.68282,1.5,1
20.08.2021 00:27:50.092,0.68289,0.68278,1,1.31
20.08.2021 00:27:52.495,0.68289,0.68279,1.5,1
20.08.2021 00:27:52.597,0.6829000000000001,0.6828000000000001,1,1
20.08.2021 00:28:11.490,0.6829000000000001,0.68279,1,1
20.08.2021 00:28:11.994,0.6829000000000001,0.6828000000000001,1,1
20.08.2021 00:28:12.095,0.6829000000000001,0.68279,1,1
20.08.2021 00:28:12.348,0.6829000000000001,0.6828000000000001,1,1
20.08.2021 00:28:12.565,0.68289,0.6828000000000001,1,1
20.08.2021 00:28:12.868,0.6829000000000001,0.6828000000000001,1,1
20.08.2021 00:28:13.071,0.6829000000000001,0.68279,1,1
20.08.2021 00:28:13.325,0.6829000000000001,0.6828000000000001,1,1
20.08.2021 00:28:13.577,0.6829000000000001,0.68279,1,1
20.08.2021 00:28:13.879,0.6829000000000001,0.6828000000000001,1,1
20.08.2021 00:28:14.081,0.6829000000000001,0.68279,1,1
20.08.2021 00:28:14.625,0.68289,0.68281,1,1
20.08.2021 00:28:14.726,0.6829000000000001,0.68279,1,1
20.08.2021 00:28:15.351,0.68288,0.6828000000000001,1,1
20.08.2021 00:28:15.629,0.6829000000000001,0.68279,1,1
20.08.2021 00:28:25.928,0.68291,0.68282,1,1
20.08.2021 00:28:37.928,0.68288,0.6828000000000001,1.5,1
20.08.2021 00:28:39.036,0.68291,0.68284,1,1
20.08.2021 00:28:39.087,0.68293,0.68286,1.37,1
20.08.2021 00:28:39.189,0.6829600000000001,0.68286,1.31,1
20.08.2021 00:28:42.995,0.6829600000000001,0.68287,1,1
20.08.2021 00:28:44.678,0.68299,0.6829000000000001,1,1
20.08.2021 00:28:45.273,0.6830100000000001,0.6829000000000001,2.81,1
20.08.2021 00:28:49.250,0.6830100000000001,0.68291,2.06,1
20.08.2021 00:28:55.508,0.683,0.68291,1,1
20.08.2021 00:29:00.775,0.6830100000000001,0.68291,1.5,1
20.08.2021 00:29:04.699,0.6830100000000001,0.68292,1,1
20.08.2021 00:29:39.061,0.6830100000000001,0.68291,1,1
20.08.2021 00:29:53.340,0.68304,0.68293,2.25,1.5
20.08.2021 00:29:53.391,0.6830700000000001,0.6829600000000001,1.87,1.69
20.08.2021 00:29:53.492,0.6831,0.6830100000000001,2.25,1.25
20.08.2021 00:29:53.543,0.68315,0.68304,3.37,1
20.08.2021 00:29:53.645,0.68315,0.6830600000000001,2.25,1
20.08.2021 00:30:00.308,0.68314,0.68303,3.75,1
20.08.2021 00:30:04.750,0.68314,0.68304,1.5,1
20.08.2021 00:30:08.702,0.68315,0.68305,1,1
20.08.2021 00:30:11.096,0.68314,0.68303,1,1
20.08.2021 00:30:11.558,0.6831100000000001,0.6830100000000001,1.69,1
20.08.2021 00:30:11.710,0.6831,0.6830100000000001,3.94,1
20.08.2021 00:30:11.811,0.6831200000000001,0.68303,1.5,1
20.08.2021 00:30:12.064,0.6831200000000001,0.6830100000000001,1,1
20.08.2021 00:30:13.884,0.68313,0.68302,1.5,1
20.08.2021 00:30:13.987,0.68313,0.68303,1.5,1
20.08.2021 00:30:15.129,0.68314,0.68304,1.5,1
20.08.2021 00:30:18.313,0.68314,0.68305,1,1
20.08.2021 00:30:18.696,0.68315,0.68305,3.19,1
20.08.2021 00:30:20.468,0.68314,0.68305,1,1
20.08.2021 00:30:20.778,0.68314,0.6830600000000001,3.19,1
20.08.2021 00:30:21.108,0.68314,0.68305,1,1
20.08.2021 00:30:24.446,0.68313,0.68302,1.5,1
20.08.2021 00:30:24.757,0.68315,0.68305,1.25,1
20.08.2021 00:30:28.074,0.68315,0.68304,1,1
20.08.2021 00:30:31.739,0.68314,0.68304,1,1
20.08.2021 00:30:47.750,0.68315,0.68304,1.5,1
20.08.2021 00:30:48.958,0.68315,0.6830600000000001,1,1
20.08.2021 00:30:49.060,0.6832100000000001,0.6831200000000001,1,1
20.08.2021 00:30:49.161,0.68323,0.6831200000000001,2.31,1
20.08.2021 00:30:49.263,0.68323,0.6831200000000001,1.25,1
20.08.2021 00:30:54.116,0.68324,0.68313,2.5,1
20.08.2021 00:30:58.552,0.68325,0.68314,1.69,1
20.08.2021 00:30:58.657,0.68325,0.68314,2.5,1
20.08.2021 00:30:59.848,0.68322,0.68314,1,1
20.08.2021 00:31:02.130,0.68324,0.68314,1.69,1
20.08.2021 00:31:06.154,0.68324,0.68313,1.69,1
20.08.2021 00:31:09.319,0.68325,0.68318,1.25,1
20.08.2021 00:31:09.370,0.68328,0.68317,1.69,1
20.08.2021 00:31:09.472,0.68328,0.68318,1,1
20.08.2021 00:31:15.617,0.68332,0.6832100000000001,2.5,1
20.08.2021 00:31:15.718,0.6833300000000001,0.68323,1.69,1
20.08.2021 00:31:16.639,0.68335,0.6832600000000001,1.5,1
20.08.2021 00:31:16.690,0.6833800000000001,0.68328,2.44,1
20.08.2021 00:31:16.791,0.6833800000000001,0.68327,1.69,1
20.08.2021 00:31:16.943,0.6833600000000001,0.68327,1.69,1
20.08.2021 00:31:19.621,0.68335,0.68324,1.69,1
20.08.2021 00:31:19.722,0.6833300000000001,0.68325,1,1
20.08.2021 00:31:20.465,0.68334,0.68323,1.5,1
20.08.2021 00:31:21.218,0.68337,0.6832600000000001,1.69,1
20.08.2021 00:31:21.319,0.6833800000000001,0.68327,1.69,1
20.08.2021 00:31:24.556,0.6833800000000001,0.68328,1.25,1
20.08.2021 00:31:27.421,0.6833800000000001,0.68327,1.69,1
20.08.2021 00:31:29.413,0.68337,0.68329,1.25,1
20.08.2021 00:31:33.696,0.68337,0.6832600000000001,1.25,1.5
20.08.2021 00:31:34.511,0.6834,0.68332,1.5,1
20.08.2021 00:31:36.979,0.6833800000000001,0.6833300000000001,1,1
20.08.2021 00:31:37.524,0.6833899999999999,0.68332,1.75,1
20.08.2021 00:31:37.575,0.6833899999999999,0.68325,1.75,2.25
20.08.2021 00:31:37.856,0.6834100000000001,0.6833300000000001,2.5,1
20.08.2021 00:31:38.935,0.6834300000000001,0.6833600000000001,1.25,1
20.08.2021 00:31:43.945,0.6834600000000001,0.68337,1.75,1
20.08.2021 00:31:44.261,0.6834600000000001,0.6833600000000001,1.75,1
20.08.2021 00:31:44.514,0.6834600000000001,0.68335,2.5,1
20.08.2021 00:31:48.099,0.6834600000000001,0.6833600000000001,1.25,1
20.08.2021 00:31:49.099,0.68345,0.68335,1.25,1
20.08.2021 00:31:51.835,0.68344,0.68334,1.25,1
20.08.2021 00:31:51.936,0.6834300000000001,0.68334,1.25,1
20.08.2021 00:31:56.406,0.68342,0.68334,1.75,1
20.08.2021 00:32:05.167,0.68344,0.68334,1.5,1.5
20.08.2021 00:32:05.218,0.6834800000000001,0.68337,1.31,1
20.08.2021 00:32:05.369,0.68349,0.6833800000000001,2.5,1
20.08.2021 00:32:09.560,0.6834800000000001,0.68337,1.25,1
20.08.2021 00:32:11.964,0.68347,0.6834,1,1.5
20.08.2021 00:32:12.014,0.6835100000000001,0.6834,1.25,1
20.08.2021 00:32:12.116,0.6835,0.6833899999999999,1.25,1
20.08.2021 00:32:12.217,0.68349,0.6833800000000001,1.25,1
20.08.2021 00:32:13.984,0.6834800000000001,0.68337,1,1.5
20.08.2021 00:32:17.545,0.6834600000000001,0.68337,1,2.25
20.08.2021 00:32:17.784,0.6834800000000001,0.68337,1.75,1
20.08.2021 00:32:17.885,0.68347,0.6833600000000001,1.25,1.5
20.08.2021 00:32:18.543,0.68345,0.68334,1.25,1
20.08.2021 00:32:18.644,0.68344,0.6833300000000001,1.5,1
20.08.2021 00:32:18.946,0.68344,0.6833300000000001,2.5,1
20.08.2021 00:32:20.153,0.6834300000000001,0.68332,1,1.5
20.08.2021 00:32:20.254,0.6834100000000001,0.6833300000000001,1.25,1
20.08.2021 00:32:20.405,0.68342,0.6833100000000001,1.25,1
20.08.2021 00:32:24.204,0.68342,0.6833,1.25,2.25
20.08.2021 00:32:26.110,0.6833899999999999,0.68329,1.75,1.5
20.08.2021 00:32:26.675,0.6833899999999999,0.68327,1.25,1.5
20.08.2021 00:32:27.118,0.6833899999999999,0.68328,1.25,1
20.08.2021 00:32:28.315,0.68337,0.68328,1,1.5
20.08.2021 00:32:44.421,0.6833899999999999,0.68327,1.25,2.25
20.08.2021 00:32:44.797,0.6833899999999999,0.68329,1,3
20.08.2021 00:32:44.848,0.68342,0.6833100000000001,1,1
20.08.2021 00:32:45.775,0.6834300000000001,0.6833100000000001,1.69,1
20.08.2021 00:32:48.997,0.6834100000000001,0.68332,1,1
20.08.2021 00:32:49.098,0.6834300000000001,0.68332,1.25,1
20.08.2021 00:32:57.896,0.68342,0.6833100000000001,1,1.5
20.08.2021 00:33:00.555,0.68342,0.6833300000000001,1,1
20.08.2021 00:33:06.201,0.68342,0.68332,1,1
20.08.2021 00:33:28.714,0.6834300000000001,0.68332,1.25,1.5
20.08.2021 00:33:35.185,0.6834300000000001,0.6833300000000001,1.25,1
20.08.2021 00:33:35.324,0.6834300000000001,0.68332,1.25,1
20.08.2021 00:33:36.293,0.68342,0.68332,1,1
20.08.2021 00:33:37.476,0.6834,0.68329,1,1.12
20.08.2021 00:33:37.629,0.6834,0.68328,1,3.37
20.08.2021 00:33:37.781,0.6833800000000001,0.68328,1,1
20.08.2021 00:33:37.883,0.6833600000000001,0.68328,1,1.5
20.08.2021 00:33:38.035,0.6833600000000001,0.68325,1,2.81
20.08.2021 00:33:40.008,0.68334,0.68325,1,1.25
20.08.2021 00:33:40.058,0.68334,0.68323,1,2.44
20.08.2021 00:33:40.576,0.6833300000000001,0.68322,1,1.31
20.08.2021 00:33:40.677,0.68332,0.68322,1,1
20.08.2021 00:33:40.829,0.6833,0.68322,1,1.12
20.08.2021 00:33:44.688,0.6833100000000001,0.6832,1,1
20.08.2021 00:33:44.789,0.6833,0.6832,1,2.25
20.08.2021 00:33:44.905,0.68329,0.68318,1,2.62
20.08.2021 00:33:45.007,0.6833,0.68318,1,2.62
20.08.2021 00:33:45.109,0.68328,0.68318,1,2.25
20.08.2021 00:33:45.210,0.68328,0.68317,1,1.5
20.08.2021 00:33:46.286,0.68327,0.6831600000000001,1,2.62
20.08.2021 00:33:47.326,0.68328,0.6831600000000001,1,1.87
20.08.2021 00:33:49.743,0.68327,0.68318,1,1
20.08.2021 00:33:52.053,0.68328,0.68318,1,1
20.08.2021 00:33:54.894,0.68329,0.68318,1,1.5
20.08.2021 00:33:56.911,0.68329,0.68317,1,3.19
20.08.2021 00:33:57.469,0.68328,0.68317,1,2.44
20.08.2021 00:34:00.608,0.6832600000000001,0.68318,1,1.5
20.08.2021 00:34:06.981,0.68325,0.68317,1,1
20.08.2021 00:34:07.082,0.6832100000000001,0.6831,1,4.25
20.08.2021 00:34:09.552,0.6832100000000001,0.6831,1,2.62
20.08.2021 00:34:26.659,0.6832,0.6831,1,2.06
20.08.2021 00:34:36.905,0.6832100000000001,0.6831100000000001,1,1.87
20.08.2021 00:34:37.345,0.68319,0.68309,1.5,1.5
20.08.2021 00:34:37.447,0.68319,0.6830700000000001,1,1.12
20.08.2021 00:34:37.548,0.6832,0.68308,1.5,1
20.08.2021 00:34:37.651,0.68318,0.68308,1,1
20.08.2021 00:34:42.136,0.68318,0.6830600000000001,1,1.87
20.08.2021 00:34:44.425,0.68318,0.6830700000000001,1,1
20.08.2021 00:34:46.366,0.68317,0.6830700000000001,1,1.87
20.08.2021 00:34:51.893,0.68319,0.68309,1,2.62
20.08.2021 00:34:52.571,0.68319,0.6831100000000001,1,1
20.08.2021 00:34:52.622,0.6832,0.68309,1,1.12
20.08.2021 00:34:52.723,0.6832100000000001,0.68309,1,3.75
20.08.2021 00:34:52.824,0.6832100000000001,0.6831,1,1
20.08.2021 00:34:53.634,0.68318,0.6830700000000001,1,1
20.08.2021 00:34:53.735,0.68315,0.68304,1,1.62
20.08.2021 00:34:53.836,0.6831,0.683,1,2
20.08.2021 00:34:53.938,0.6830600000000001,0.6829500000000001,1,1.25
20.08.2021 00:34:54.039,0.68304,0.68293,1,1.62
20.08.2021 00:34:54.140,0.68303,0.68293,1,1
20.08.2021 00:34:54.296,0.6830600000000001,0.6829500000000001,1,1
20.08.2021 00:34:57.032,0.68304,0.6829500000000001,1,1
20.08.2021 00:34:57.436,0.68304,0.68294,1,1
20.08.2021 00:35:02.885,0.68304,0.6829500000000001,1,1
20.08.2021 00:35:09.618,0.68304,0.68294,1,1
20.08.2021 00:35:09.720,0.68302,0.68294,1,1
20.08.2021 00:35:10.546,0.68302,0.68293,1,1
20.08.2021 00:35:13.078,0.68304,0.68294,1,1
20.08.2021 00:35:14.614,0.68303,0.68294,1,1
20.08.2021 00:35:26.447,0.68303,0.68293,1,1
20.08.2021 00:35:29.108,0.68302,0.68297,1,1
20.08.2021 00:35:29.159,0.68308,0.68297,1,1
20.08.2021 00:35:29.311,0.68309,0.68298,1,1
20.08.2021 00:35:29.813,0.6831,0.68298,1.5,1.5
20.08.2021 00:35:29.914,0.6831100000000001,0.68299,1,1
20.08.2021 00:35:32.921,0.6831100000000001,0.683,1,1
20.08.2021 00:35:33.653,0.6831,0.683,1,1
20.08.2021 00:35:35.002,0.68309,0.68297,1,1
20.08.2021 00:35:35.595,0.6830700000000001,0.6829600000000001,1,1
20.08.2021 00:35:35.731,0.6830600000000001,0.68298,1,1
20.08.2021 00:35:36.082,0.6830600000000001,0.68297,1,1
20.08.2021 00:35:44.086,0.68305,0.68294,1,1.5
20.08.2021 00:35:44.188,0.68305,0.68293,1,1.5
20.08.2021 00:35:49.159,0.68305,0.68292,1.5,1
20.08.2021 00:35:49.334,0.68305,0.68293,1.5,1
20.08.2021 00:35:51.589,0.68304,0.68293,1,1
20.08.2021 00:35:51.639,0.68304,0.68291,1.5,1.5
20.08.2021 00:35:55.671,0.68303,0.6829000000000001,1,1.5
20.08.2021 00:36:04.898,0.68302,0.68289,1.5,1.87
20.08.2021 00:36:05.050,0.6830100000000001,0.68289,1.5,1
20.08.2021 00:36:05.152,0.683,0.68288,1,1.5
20.08.2021 00:36:17.423,0.68299,0.68286,1.5,1.5
20.08.2021 00:36:19.741,0.68299,0.68287,1,1
20.08.2021 00:36:19.842,0.683,0.68288,1,1.5
20.08.2021 00:36:20.044,0.6830100000000001,0.68288,1.5,1.5
20.08.2021 00:36:35.009,0.68302,0.6829000000000001,1,1
20.08.2021 00:36:39.741,0.68302,0.68291,1.5,1
20.08.2021 00:36:41.425,0.68303,0.68291,1,1
20.08.2021 00:36:41.576,0.68305,0.68293,1.5,1
20.08.2021 00:36:41.677,0.68304,0.68293,1,1
20.08.2021 00:36:41.870,0.6830600000000001,0.68294,1.5,1.5
20.08.2021 00:36:41.971,0.6830600000000001,0.68293,1.5,1.87
20.08.2021 00:36:47.629,0.6830600000000001,0.68294,1,2.62
20.08.2021 00:37:03.088,0.6830600000000001,0.6829500000000001,1,1
20.08.2021 00:37:11.133,0.6830700000000001,0.68297,1,1
20.08.2021 00:37:13.104,0.6830600000000001,0.68297,1,1
20.08.2021 00:37:13.549,0.68308,0.683,1,1
20.08.2021 00:37:13.599,0.6831100000000001,0.683,1.25,1
20.08.2021 00:37:13.701,0.6831100000000001,0.68302,1,1
20.08.2021 00:37:13.802,0.6831100000000001,0.68303,1,1
20.08.2021 00:37:14.138,0.6831,0.683,1,1
20.08.2021 00:37:18.217,0.6831,0.6830100000000001,1,1
20.08.2021 00:37:19.766,0.68308,0.68299,1,1
20.08.2021 00:37:19.817,0.68308,0.68297,1,1
20.08.2021 00:37:21.760,0.6830700000000001,0.68297,1,1
20.08.2021 00:37:23.718,0.6830600000000001,0.68297,1,1
20.08.2021 00:37:24.384,0.6830700000000001,0.68297,1,1
20.08.2021 00:37:28.403,0.6830700000000001,0.68298,1.25,1
20.08.2021 00:37:39.731,0.6830600000000001,0.68298,1,1
20.08.2021 00:37:45.651,0.6830700000000001,0.6829500000000001,1.69,1
20.08.2021 00:37:45.702,0.68303,0.68293,1,1
20.08.2021 00:37:45.803,0.68303,0.68292,1,1
20.08.2021 00:37:46.114,0.68303,0.68292,1.75,1
20.08.2021 00:37:46.270,0.68303,0.68292,1.25,1
20.08.2021 00:37:47.848,0.68303,0.68291,1.25,1.5
20.08.2021 00:37:59.165,0.68303,0.68292,1.25,1
20.08.2021 00:37:59.418,0.68302,0.68292,1,1
20.08.2021 00:37:59.519,0.68302,0.68291,1,1.5
20.08.2021 00:37:59.987,0.68302,0.68292,1,1
20.08.2021 00:38:00.343,0.68302,0.68291,1,1.5
20.08.2021 00:38:04.733,0.68302,0.68292,1,1
20.08.2021 00:38:05.037,0.68302,0.68291,1,1.5
20.08.2021 00:38:05.189,0.68302,0.68292,1,1
20.08.2021 00:38:05.983,0.68302,0.68291,1,1.5
20.08.2021 00:38:07.011,0.68302,0.68292,1,1
20.08.2021 00:38:12.129,0.68303,0.68292,1,1
20.08.2021 00:38:12.461,0.6830100000000001,0.68293,1,1
20.08.2021 00:38:22.043,0.68302,0.68293,1,1
20.08.2021 00:38:24.723,0.68302,0.68292,1,1
20.08.2021 00:38:45.559,0.68303,0.68292,1,1
20.08.2021 00:38:59.105,0.68303,0.68293,1,1
20.08.2021 00:39:02.778,0.68304,0.68294,1,1
20.08.2021 00:39:12.275,0.68304,0.68293,1,1
20.08.2021 00:39:26.171,0.68303,0.68293,1,1
20.08.2021 00:39:26.272,0.68303,0.68294,1.25,1
20.08.2021 00:39:26.825,0.68304,0.68292,1.25,1
20.08.2021 00:39:28.045,0.683,0.68293,1,1
20.08.2021 00:39:36.641,0.68302,0.68292,1,1
20.08.2021 00:39:46.068,0.68302,0.68293,1,1
20.08.2021 00:39:47.282,0.68304,0.6829500000000001,1,1
20.08.2021 00:39:52.655,0.68304,0.68297,1,1
20.08.2021 00:39:52.756,0.6830700000000001,0.683,1,1
20.08.2021 00:39:52.858,0.6831,0.6830100000000001,1,1
20.08.2021 00:39:59.765,0.6831,0.683,1,1
20.08.2021 00:40:00.192,0.6831600000000001,0.68304,3.25,1.87
20.08.2021 00:40:00.294,0.68314,0.68305,1,1
20.08.2021 00:40:00.395,0.68314,0.6830600000000001,1,1
20.08.2021 00:40:00.446,0.68314,0.68304,1,1
20.08.2021 00:40:00.547,0.68313,0.68303,1,1.5
20.08.2021 00:40:06.248,0.6831100000000001,0.68302,1,1
20.08.2021 00:40:07.248,0.6831,0.6830100000000001,1,1
20.08.2021 00:40:07.349,0.6831100000000001,0.6830100000000001,1,1
20.08.2021 00:40:09.757,0.6831100000000001,0.683,1,1
20.08.2021 00:40:12.184,0.68309,0.68299,1,1.12
20.08.2021 00:40:12.558,0.6831,0.68299,1,1.12
20.08.2021 00:40:15.389,0.6830700000000001,0.68299,1,1.12
20.08.2021 00:40:19.546,0.68309,0.68298,1,1
20.08.2021 00:40:23.845,0.68308,0.68297,1,1.12
20.08.2021 00:40:29.168,0.6830700000000001,0.68297,1,1
20.08.2021 00:40:32.549,0.6830600000000001,0.68294,1,1
20.08.2021 00:40:32.600,0.68304,0.68293,1,4.06
20.08.2021 00:40:32.651,0.6830100000000001,0.6829000000000001,1.5,2.06
20.08.2021 00:40:32.702,0.68299,0.68292,1,1
20.08.2021 00:40:32.753,0.68299,0.68289,1,1
20.08.2021 00:40:32.854,0.68298,0.68288,1,2.25
20.08.2021 00:40:32.956,0.68298,0.68287,1,1
20.08.2021 00:40:33.058,0.68297,0.68286,1,1.31
20.08.2021 00:40:41.706,0.6829600000000001,0.68287,1,2
20.08.2021 00:40:41.757,0.68299,0.68287,1.5,2.25
20.08.2021 00:40:41.807,0.683,0.68289,1.5,1.87
20.08.2021 00:40:41.959,0.683,0.68288,1.5,2.62
20.08.2021 00:40:51.803,0.68298,0.68289,1.5,1.5
20.08.2021 00:41:00.150,0.68297,0.68288,1,2.19
20.08.2021 00:41:00.427,0.68298,0.68286,1,1.31
20.08.2021 00:41:00.730,0.68299,0.68289,1,1.5
20.08.2021 00:41:00.831,0.683,0.68289,1.5,1.5
20.08.2021 00:41:00.932,0.68299,0.68289,1.5,1.5
20.08.2021 00:41:01.084,0.68299,0.68288,1,1.12
20.08.2021 00:41:02.886,0.68299,0.68288,1,1.5
20.08.2021 00:41:05.515,0.68299,0.68288,1,1.5
20.08.2021 00:41:09.291,0.68298,0.68288,1,1
20.08.2021 00:41:15.270,0.68298,0.68289,1,1
20.08.2021 00:41:15.388,0.68299,0.68289,1,1.87
20.08.2021 00:41:20.699,0.68299,0.6829000000000001,1.5,1.87
20.08.2021 00:41:20.800,0.6830100000000001,0.68291,1,1
20.08.2021 00:41:24.103,0.68302,0.68291,1,1
20.08.2021 00:41:30.987,0.68304,0.68291,1.5,2.25
20.08.2021 00:41:33.566,0.68303,0.68291,1,1
20.08.2021 00:41:45.708,0.683,0.6829000000000001,1,1
20.08.2021 00:41:45.759,0.6829600000000001,0.6828500000000001,1.5,1.2
20.08.2021 00:41:45.810,0.68291,0.68281,1,1.87
20.08.2021 00:41:45.911,0.68284,0.6827300000000001,1.5,3.37
20.08.2021 00:41:45.962,0.68281,0.6827300000000001,1,3.37
20.08.2021 00:41:46.012,0.68281,0.68271,1,1
20.08.2021 00:41:46.315,0.6828000000000001,0.68271,1,1.69
20.08.2021 00:41:46.531,0.68281,0.68271,1,1
20.08.2021 00:41:51.204,0.68282,0.68274,1,2.25
20.08.2021 00:41:51.255,0.6828500000000001,0.68274,1,2.25
20.08.2021 00:42:04.783,0.68287,0.68277,1,1
20.08.2021 00:42:04.885,0.68288,0.68277,1,1
20.08.2021 00:42:20.293,0.68287,0.68277,1,1
20.08.2021 00:42:20.344,0.6828500000000001,0.68276,1,1
20.08.2021 00:42:20.445,0.68287,0.6827500000000001,1.5,1
20.08.2021 00:42:25.904,0.68286,0.68277,1,1
20.08.2021 00:42:26.005,0.68288,0.68278,1.5,1
20.08.2021 00:42:31.283,0.68289,0.68278,1,1
20.08.2021 00:42:31.535,0.68289,0.68279,1,1
20.08.2021 00:42:35.224,0.68289,0.6828000000000001,1,1
20.08.2021 00:42:35.696,0.68287,0.68281,1,1
20.08.2021 00:42:35.747,0.68286,0.68279,1,1
20.08.2021 00:42:35.848,0.68287,0.68277,1,1
20.08.2021 00:42:36.301,0.68286,0.68279,1,1
20.08.2021 00:42:44.881,0.68288,0.68278,1,1
20.08.2021 00:42:44.983,0.68287,0.6828000000000001,1,1
20.08.2021 00:42:51.729,0.68288,0.6828000000000001,1,1
20.08.2021 00:42:57.403,0.68289,0.6828000000000001,1,1
20.08.2021 00:43:01.495,0.68288,0.6828000000000001,1,1
20.08.2021 00:43:01.596,0.68281,0.68276,1,1
20.08.2021 00:43:01.697,0.68282,0.68274,1,1
20.08.2021 00:43:01.798,0.68282,0.6827300000000001,1,1
20.08.2021 00:43:08.251,0.68281,0.6827300000000001,1,1
20.08.2021 00:43:08.352,0.68279,0.6827300000000001,1,1
20.08.2021 00:43:10.172,0.6828000000000001,0.68271,1,1
20.08.2021 00:43:11.238,0.68278,0.68271,1,1
20.08.2021 00:43:11.465,0.68278,0.68269,1,1
20.08.2021 00:43:14.021,0.68278,0.6826800000000001,1,1
20.08.2021 00:43:18.715,0.68277,0.6826800000000001,1,1
20.08.2021 00:43:30.225,0.68277,0.68266,1,1
20.08.2021 00:43:30.434,0.68278,0.68266,1.5,1
20.08.2021 00:43:30.485,0.68276,0.68266,1,1
20.08.2021 00:43:30.535,0.6827500000000001,0.68264,1,1.12
20.08.2021 00:43:34.921,0.68276,0.68264,1,2.25
20.08.2021 00:43:35.124,0.6827500000000001,0.68264,1,1
20.08.2021 00:43:44.766,0.68276,0.68264,1,1
20.08.2021 00:43:48.316,0.68277,0.68264,1.5,1.5
20.08.2021 00:43:49.354,0.68277,0.68265,1,1
20.08.2021 00:43:49.455,0.68276,0.68267,1,1
20.08.2021 00:43:55.447,0.68277,0.68267,1.69,1
20.08.2021 00:44:02.855,0.68278,0.68267,2.44,1
20.08.2021 00:44:02.956,0.68278,0.6826800000000001,1,1
20.08.2021 00:44:11.204,0.68278,0.68267,1,1
20.08.2021 00:44:14.801,0.68278,0.68266,1,2.25
20.08.2021 00:44:32.484,0.68279,0.68266,1,2.25
20.08.2021 00:44:35.079,0.68279,0.68267,1,1
20.08.2021 00:44:35.187,0.68278,0.68267,1,2.25
20.08.2021 00:44:40.781,0.68278,0.68266,1,1
20.08.2021 00:45:01.903,0.68277,0.68266,1,3
20.08.2021 00:45:05.415,0.68278,0.68266,1,1
20.08.2021 00:45:14.381,0.68279,0.68267,1,1
20.08.2021 00:45:27.912,0.6828000000000001,0.68267,1.69,1
20.08.2021 00:45:28.551,0.68279,0.68267,1,1
20.08.2021 00:45:41.161,0.68281,0.6827000000000001,1.5,2.25
20.08.2021 00:45:44.302,0.68282,0.6827000000000001,1.5,1.5
20.08.2021 00:45:44.352,0.68283,0.68272,1.25,1.5
20.08.2021 00:45:44.461,0.68284,0.68272,1.5,1
20.08.2021 00:45:52.150,0.68284,0.6827300000000001,1,1
20.08.2021 00:45:54.155,0.68284,0.68272,1,1.5
20.08.2021 00:46:03.876,0.68283,0.68274,1,1
20.08.2021 00:46:05.046,0.68284,0.68272,1,1.5
20.08.2021 00:46:05.850,0.68284,0.6827300000000001,1,1
20.08.2021 00:46:09.931,0.68284,0.68272,1,1.5
20.08.2021 00:46:16.143,0.6828500000000001,0.68272,1.25,2.25
20.08.2021 00:46:19.385,0.68284,0.68272,1,2.25
20.08.2021 00:46:22.597,0.6828500000000001,0.68272,1.25,2.25
20.08.2021 00:46:24.955,0.68287,0.68274,1,3
20.08.2021 00:46:25.056,0.68288,0.68277,1,1
20.08.2021 00:46:27.872,0.6829000000000001,0.68278,1.69,1
20.08.2021 00:46:30.610,0.68288,0.68279,1,1
20.08.2021 00:46:35.823,0.68289,0.68279,1,1
20.08.2021 00:46:36.232,0.6829000000000001,0.68279,1,1
20.08.2021 00:46:36.366,0.68289,0.68279,1,1.5
20.08.2021 00:46:37.544,0.68291,0.68278,1.5,1.5
20.08.2021 00:46:38.461,0.68291,0.68279,1.5,1
20.08.2021 00:46:40.501,0.68292,0.6828000000000001,1,1
20.08.2021 00:46:40.602,0.68293,0.68282,1,1
20.08.2021 00:46:41.776,0.68294,0.68282,1,1
20.08.2021 00:46:45.796,0.68294,0.68283,1,1
20.08.2021 00:47:01.676,0.68298,0.68287,1,2.44
20.08.2021 00:47:01.727,0.6830100000000001,0.68289,2.81,1
20.08.2021 00:47:01.778,0.68303,0.6829000000000001,1.5,2.25
20.08.2021 00:47:01.829,0.68303,0.68292,1,1
20.08.2021 00:47:01.930,0.68305,0.68292,3.44,1
20.08.2021 00:47:04.013,0.68305,0.68292,1.69,1.5
20.08.2021 00:47:04.464,0.68305,0.68292,1.75,1.5
20.08.2021 00:47:11.594,0.68305,0.68293,1.75,1
20.08.2021 00:47:16.276,0.68305,0.68292,1.75,1
20.08.2021 00:47:24.205,0.68304,0.68291,1.25,1.5
20.08.2021 00:47:26.695,0.68303,0.68291,1,1.5
20.08.2021 00:47:28.634,0.68303,0.68293,1.25,1
20.08.2021 00:47:29.857,0.68303,0.68291,1,2.25
20.08.2021 00:47:31.637,0.68299,0.6829000000000001,1,1
20.08.2021 00:47:31.688,0.68299,0.68287,1,1.5
20.08.2021 00:47:32.825,0.68298,0.6828500000000001,1.69,1
20.08.2021 00:47:50.102,0.68299,0.68286,2.5,1
20.08.2021 00:48:04.605,0.68299,0.68287,1.25,1
20.08.2021 00:48:06.799,0.68298,0.68287,1.75,1.5
20.08.2021 00:48:10.078,0.68297,0.68284,1.69,1
20.08.2021 00:48:10.504,0.6829600000000001,0.68284,1,1
20.08.2021 00:48:21.238,0.6829600000000001,0.68286,1.69,1
20.08.2021 00:48:21.468,0.68297,0.68287,2.12,1
20.08.2021 00:48:23.929,0.683,0.68288,3.06,1
20.08.2021 00:48:23.980,0.68303,0.68291,2.5,1.5
20.08.2021 00:48:28.645,0.68303,0.68292,1.75,1
20.08.2021 00:48:29.778,0.68304,0.68292,3.25,1
20.08.2021 00:48:31.243,0.68304,0.68294,1,1
20.08.2021 00:48:31.294,0.6830700000000001,0.6829500000000001,3.25,1
20.08.2021 00:48:31.445,0.6830700000000001,0.6829500000000001,2.06,1
20.08.2021 00:48:31.653,0.68309,0.68298,1,1
20.08.2021 00:48:31.755,0.68308,0.68298,1.5,1
20.08.2021 00:48:33.765,0.68309,0.6829600000000001,1.94,2.25
20.08.2021 00:48:33.967,0.68309,0.68297,1.75,1
20.08.2021 00:48:35.620,0.68309,0.68298,1.25,1
20.08.2021 00:48:35.671,0.6831,0.68298,1.5,3
20.08.2021 00:48:35.773,0.6831100000000001,0.68299,1.69,1
20.08.2021 00:48:35.925,0.6831100000000001,0.68299,1.75,1
20.08.2021 00:48:36.482,0.6831100000000001,0.68299,1.69,1
20.08.2021 00:48:37.871,0.6831,0.6830100000000001,1.25,1
20.08.2021 00:48:39.019,0.6831200000000001,0.683,2.25,1
20.08.2021 00:48:49.817,0.68313,0.6830100000000001,1,1.5
20.08.2021 00:48:49.918,0.68313,0.68303,1.25,1.5
20.08.2021 00:48:50.019,0.6831600000000001,0.68303,2.06,1
20.08.2021 00:48:50.120,0.68315,0.68303,1.25,1
20.08.2021 00:48:51.583,0.68315,0.68304,1,1
20.08.2021 00:48:52.595,0.68314,0.6830600000000001,1,1
20.08.2021 00:48:52.696,0.6831600000000001,0.68305,1.25,1
20.08.2021 00:48:54.448,0.6831600000000001,0.6830600000000001,1.25,1.5
20.08.2021 00:48:54.549,0.6832,0.68309,2.12,1
20.08.2021 00:48:58.059,0.6832100000000001,0.6831100000000001,1.25,1
20.08.2021 00:48:58.225,0.68322,0.6831100000000001,1.37,1
20.08.2021 00:48:59.641,0.68324,0.68313,1.25,1
20.08.2021 00:48:59.742,0.6832600000000001,0.68314,3.19,1
20.08.2021 00:49:01.393,0.68325,0.68313,1.37,1
20.08.2021 00:49:02.587,0.68325,0.68313,3.06,1
20.08.2021 00:49:05.638,0.68325,0.68313,1.12,1
20.08.2021 00:49:05.891,0.6832600000000001,0.68314,1.5,1
20.08.2021 00:49:06.646,0.68328,0.68317,1,1
20.08.2021 00:49:06.747,0.68328,0.6831600000000001,1.5,1.5
20.08.2021 00:49:06.952,0.68332,0.68323,1.5,1
20.08.2021 00:49:07.003,0.68334,0.68323,2.62,1
20.08.2021 00:49:07.104,0.68334,0.68322,1.69,1.5
20.08.2021 00:49:07.429,0.68332,0.68323,1,1
20.08.2021 00:49:07.581,0.6833300000000001,0.68323,1,1
20.08.2021 00:49:07.682,0.68335,0.68323,4.06,1.5
20.08.2021 00:49:07.885,0.6833800000000001,0.68328,1,1
20.08.2021 00:49:07.986,0.68344,0.68332,1,1.5
20.08.2021 00:49:08.037,0.68344,0.68334,1,1
20.08.2021 00:49:08.088,0.68344,0.68332,1,1.5
20.08.2021 00:49:08.139,0.6834600000000001,0.68334,1.69,1
20.08.2021 00:49:08.455,0.68345,0.6833300000000001,1,1
20.08.2021 00:49:08.560,0.68345,0.68334,1,1
20.08.2021 00:49:14.596,0.6834600000000001,0.68334,1.5,1.5
20.08.2021 00:49:14.697,0.6835,0.6833800000000001,1,1.5
20.08.2021 00:49:16.240,0.6835100000000001,0.6834,1,1
20.08.2021 00:49:16.341,0.6835100000000001,0.6833899999999999,1,1.5
20.08.2021 00:49:17.575,0.6835,0.6834100000000001,1,1
20.08.2021 00:49:18.513,0.6835,0.6833899999999999,1,1
20.08.2021 00:49:21.784,0.6835,0.6834,1,1.94
20.08.2021 00:49:21.834,0.6835300000000001,0.6834100000000001,1,1
20.08.2021 00:49:22.239,0.68354,0.68344,1,1.69
20.08.2021 00:49:22.340,0.68355,0.68344,1,1
20.08.2021 00:49:22.526,0.6835600000000001,0.68347,1,1
20.08.2021 00:49:22.577,0.68359,0.6834800000000001,1,1
20.08.2021 00:49:22.678,0.68359,0.68349,1,1
20.08.2021 00:49:22.831,0.68361,0.68349,1.5,1
20.08.2021 00:49:24.054,0.68361,0.6835,1,1
20.08.2021 00:49:25.742,0.68361,0.68349,1.5,1.5
20.08.2021 00:49:26.047,0.68361,0.6835,1.5,1
20.08.2021 00:49:26.099,0.6836300000000001,0.68352,1,1.5
20.08.2021 00:49:27.615,0.68364,0.68352,2.25,1
20.08.2021 00:49:30.746,0.68366,0.6835600000000001,2.25,1
20.08.2021 00:49:30.847,0.68366,0.6835800000000001,1.12,1
20.08.2021 00:49:30.948,0.68367,0.6835800000000001,1,1
20.08.2021 00:49:31.069,0.6836800000000001,0.6835800000000001,2.25,1
20.08.2021 00:49:32.972,0.68367,0.68355,1,1.25
20.08.2021 00:49:33.232,0.68367,0.6835600000000001,1,1.94
20.08.2021 00:49:33.383,0.68367,0.6835600000000001,2.25,1
20.08.2021 00:49:33.484,0.68366,0.68354,1,1.69
20.08.2021 00:49:37.846,0.68367,0.68355,1.5,1
20.08.2021 00:49:38.513,0.6836800000000001,0.6835600000000001,1,2.69
20.08.2021 00:49:38.664,0.6836800000000001,0.6835600000000001,1,1.5
20.08.2021 00:49:38.765,0.68367,0.6835600000000001,1,1.5
20.08.2021 00:49:39.050,0.68367,0.68355,1,1
20.08.2021 00:49:39.978,0.68366,0.68354,1,2.69
20.08.2021 00:49:41.015,0.68367,0.68355,1,1.25
20.08.2021 00:49:42.624,0.68367,0.6835600000000001,1,1.5
20.08.2021 00:49:42.725,0.68366,0.6835600000000001,1,1.5
20.08.2021 00:49:44.573,0.68367,0.6835600000000001,1,1.5
20.08.2021 00:49:44.674,0.6837000000000001,0.6836,1,1.94
20.08.2021 00:49:45.564,0.68369,0.68359,1,1.25
20.08.2021 00:49:45.767,0.68369,0.6835800000000001,1,1.25
20.08.2021 00:49:45.869,0.6836800000000001,0.6835800000000001,1,2.44
20.08.2021 00:49:46.071,0.68369,0.68357,1,3.44
20.08.2021 00:49:50.342,0.68369,0.68357,1,2.62
20.08.2021 00:49:52.054,0.68369,0.6835800000000001,1,1
20.08.2021 00:49:56.058,0.68366,0.68355,1,1
20.08.2021 00:49:56.159,0.68365,0.68354,1,1.5
20.08.2021 00:49:56.210,0.68367,0.68355,1,1.12
20.08.2021 00:49:57.105,0.68366,0.68355,1,1
20.08.2021 00:49:57.156,0.6836300000000001,0.6835300000000001,1,1.87
20.08.2021 00:49:57.258,0.68364,0.6835300000000001,1,1
20.08.2021 00:50:00.074,0.68364,0.68352,1,2.25
20.08.2021 00:50:00.175,0.68365,0.6835300000000001,1,1
20.08.2021 00:50:01.118,0.68364,0.68352,1,2.25
20.08.2021 00:50:01.568,0.6836300000000001,0.68352,1,2.25
20.08.2021 00:50:09.345,0.68362,0.68352,1,1
20.08.2021 00:50:09.655,0.68364,0.6835300000000001,1,1.69
20.08.2021 00:50:09.859,0.68364,0.68352,1,3
20.08.2021 00:50:12.556,0.6836300000000001,0.68352,1,1
20.08.2021 00:50:17.881,0.68364,0.68352,1,2.25
20.08.2021 00:50:20.154,0.6836300000000001,0.68352,1,1.5
20.08.2021 00:50:21.618,0.68364,0.68352,1,2.25
20.08.2021 00:50:23.358,0.6836300000000001,0.68352,1,1.5
20.08.2021 00:50:26.072,0.6836300000000001,0.68354,1,1.25
20.08.2021 00:50:34.014,0.68364,0.68354,1,1.5
20.08.2021 00:50:42.229,0.6836300000000001,0.68354,1,1
20.08.2021 00:50:44.431,0.68365,0.6835300000000001,1,1.5
20.08.2021 00:50:46.741,0.68364,0.68352,1,1
20.08.2021 00:50:54.654,0.6836300000000001,0.6835100000000001,1,2.62
20.08.2021 00:51:01.118,0.68361,0.68349,1,2.06
20.08.2021 00:51:01.219,0.68359,0.6834800000000001,1,1
20.08.2021 00:51:01.320,0.6836,0.6835,1.5,1
20.08.2021 00:51:01.371,0.68359,0.6834800000000001,1,1.5
20.08.2021 00:51:04.732,0.6835800000000001,0.6834800000000001,1,1
20.08.2021 00:51:06.198,0.68357,0.68345,1,2.62
20.08.2021 00:51:06.249,0.6835300000000001,0.6834300000000001,1,1
20.08.2021 00:51:06.350,0.68352,0.6834,1,1.87
20.08.2021 00:51:06.451,0.6835,0.6834100000000001,1,1.5
20.08.2021 00:51:06.552,0.6835,0.6834,1,1.5
20.08.2021 00:51:06.846,0.6835,0.6834,1,1
20.08.2021 00:51:07.844,0.6835100000000001,0.6834,1,1.87
20.08.2021 00:51:16.453,0.6835100000000001,0.6834100000000001,1,2.25
20.08.2021 00:51:16.833,0.6835,0.6834100000000001,1,1.5
20.08.2021 00:51:23.950,0.68352,0.6834,1,2.25
20.08.2021 00:51:30.102,0.6835,0.6834100000000001,1,1.5
20.08.2021 00:51:33.060,0.6835,0.6833899999999999,1,3.87
20.08.2021 00:51:33.111,0.68349,0.6833800000000001,1,1
20.08.2021 00:51:33.212,0.68349,0.68337,1,1.87
20.08.2021 00:51:35.555,0.6834800000000001,0.68337,1,1
20.08.2021 00:51:36.974,0.6835,0.6833800000000001,1,1
20.08.2021 00:51:38.170,0.6835100000000001,0.6834,1,1
20.08.2021 00:51:43.799,0.6835100000000001,0.6834100000000001,1,1
20.08.2021 00:51:55.955,0.68352,0.6834100000000001,1.5,1
20.08.2021 00:52:00.203,0.6835100000000001,0.6834,1,1
20.08.2021 00:52:12.146,0.6835,0.6833899999999999,1,1
20.08.2021 00:52:12.247,0.6834600000000001,0.68337,1,1
20.08.2021 00:52:12.622,0.6834600000000001,0.68335,1,1
20.08.2021 00:52:19.739,0.6834600000000001,0.6833600000000001,1,1
20.08.2021 00:52:39.417,0.6834600000000001,0.68335,1,1
20.08.2021 00:52:40.649,0.6834600000000001,0.6833600000000001,1,1
20.08.2021 00:52:47.060,0.6834600000000001,0.68335,1,1
20.08.2021 00:52:50.006,0.6834600000000001,0.68334,1,1
20.08.2021 00:52:56.469,0.6834800000000001,0.6833600000000001,1,1
20.08.2021 00:52:57.024,0.68349,0.68337,1,1
20.08.2021 00:52:57.126,0.68349,0.6833899999999999,1.5,1
20.08.2021 00:52:59.076,0.6835,0.68337,1.5,1
20.08.2021 00:53:17.523,0.6835,0.6834300000000001,1.5,1
20.08.2021 00:53:23.075,0.6835,0.68342,1.87,1
20.08.2021 00:53:23.226,0.6835,0.6834100000000001,1.87,1
20.08.2021 00:53:23.804,0.68349,0.6834100000000001,1,1
20.08.2021 00:53:28.647,0.68349,0.68342,1,1
20.08.2021 00:53:37.295,0.6835,0.6834300000000001,1,1
20.08.2021 00:53:37.998,0.6835,0.68335,1.5,1
20.08.2021 00:53:38.277,0.68349,0.68344,1.5,1
20.08.2021 00:53:39.648,0.68352,0.68344,1.25,1
20.08.2021 00:53:39.921,0.6835,0.6834300000000001,1.5,1
20.08.2021 00:53:42.655,0.68352,0.68344,1.69,1
20.08.2021 00:53:42.887,0.6835,0.6834300000000001,1.5,1
20.08.2021 00:53:43.154,0.68352,0.68344,1.69,1
20.08.2021 00:53:44.120,0.6835,0.6834300000000001,1.5,1
20.08.2021 00:53:44.510,0.68349,0.6834300000000001,1.5,1
20.08.2021 00:53:47.512,0.6835,0.6834100000000001,1.5,1
20.08.2021 00:53:49.204,0.6835,0.68342,1.5,1
20.08.2021 00:53:56.772,0.6834600000000001,0.68337,1,1
20.08.2021 00:53:57.053,0.6834600000000001,0.6833600000000001,1,1
20.08.2021 00:53:57.154,0.68344,0.6833600000000001,1,1
20.08.2021 00:53:58.697,0.68342,0.6833600000000001,1.5,1
20.08.2021 00:53:59.000,0.6834100000000001,0.68334,1,1
20.08.2021 00:53:59.102,0.68342,0.68332,1.5,1
20.08.2021 00:53:59.254,0.6834100000000001,0.68332,1.5,1
20.08.2021 00:53:59.406,0.6834100000000001,0.6833100000000001,1,1
20.08.2021 00:54:00.363,0.6834,0.6833100000000001,1,1
20.08.2021 00:54:00.765,0.6834,0.6833,1,1
20.08.2021 00:54:01.356,0.6833899999999999,0.6833,1,1
20.08.2021 00:54:02.259,0.68337,0.6833,1,1
20.08.2021 00:54:02.845,0.6833800000000001,0.68328,1,1
20.08.2021 00:54:02.997,0.6833600000000001,0.68328,1,1
20.08.2021 00:54:03.208,0.6833600000000001,0.68327,1.5,1
20.08.2021 00:54:03.309,0.6833600000000001,0.6832600000000001,1.5,1
20.08.2021 00:54:04.440,0.6833600000000001,0.68327,1.5,1
20.08.2021 00:54:04.542,0.6833600000000001,0.68328,1,1
20.08.2021 00:54:05.816,0.6834,0.6833100000000001,1.25,1
20.08.2021 00:54:05.867,0.6834100000000001,0.6833100000000001,1.31,1
20.08.2021 00:54:05.968,0.6834100000000001,0.68332,1.12,1
20.08.2021 00:54:06.069,0.6834100000000001,0.68335,1,1
20.08.2021 00:54:06.221,0.6834300000000001,0.68334,1.5,1
20.08.2021 00:54:08.985,0.6834300000000001,0.6833300000000001,1.5,1
20.08.2021 00:54:12.045,0.68342,0.6833100000000001,1,1
20.08.2021 00:54:12.449,0.6833800000000001,0.68328,1,1
20.08.2021 00:54:12.551,0.6833800000000001,0.6832600000000001,1,1
20.08.2021 00:54:15.356,0.6833899999999999,0.6833,1.5,1
20.08.2021 00:54:15.810,0.6834100000000001,0.68329,1.5,1
20.08.2021 00:54:15.911,0.68345,0.68335,1,1
20.08.2021 00:54:16.013,0.6834800000000001,0.6833800000000001,1,1
20.08.2021 00:54:16.164,0.6835,0.6833800000000001,3.06,1
20.08.2021 00:54:16.265,0.68349,0.6833899999999999,1.69,1
20.08.2021 00:54:23.350,0.6835,0.6833600000000001,2.44,1
20.08.2021 00:54:23.609,0.6834800000000001,0.68335,1.5,1.5
20.08.2021 00:54:24.378,0.6834600000000001,0.6833600000000001,1,1
20.08.2021 00:54:24.535,0.6834800000000001,0.68335,2.25,1
20.08.2021 00:54:24.858,0.68347,0.68335,1,1
20.08.2021 00:54:24.960,0.68347,0.68334,2.25,1
20.08.2021 00:54:25.515,0.6834100000000001,0.6833100000000001,1,1.5
20.08.2021 00:54:25.717,0.6834300000000001,0.6833,1.5,1.5
20.08.2021 00:54:30.117,0.68342,0.68329,1,1
20.08.2021 00:54:31.443,0.6834300000000001,0.6833,1,1
20.08.2021 00:54:31.544,0.68345,0.6833100000000001,2.25,1
20.08.2021 00:54:45.395,0.6834300000000001,0.6833,1,1.5
20.08.2021 00:54:46.324,0.6834100000000001,0.68328,1,1
20.08.2021 00:54:55.208,0.6833800000000001,0.68327,2.25,1
20.08.2021 00:54:56.690,0.6834,0.6832600000000001,2.25,1
20.08.2021 00:54:56.792,0.6834,0.68328,1.5,1
20.08.2021 00:54:56.943,0.6834100000000001,0.68328,1.5,1
20.08.2021 00:54:59.143,0.6834100000000001,0.68329,1,1
20.08.2021 00:55:00.049,0.68344,0.6833,3.19,1
20.08.2021 00:55:00.366,0.6834100000000001,0.68328,1,1
20.08.2021 00:55:00.467,0.68342,0.68329,1.5,1
20.08.2021 00:55:00.568,0.68344,0.6833,1,1.5
20.08.2021 00:55:00.669,0.68344,0.6833100000000001,1,1
20.08.2021 00:55:01.648,0.68345,0.6833100000000001,2.44,1
20.08.2021 00:55:02.387,0.6834600000000001,0.68335,1.5,1.87
20.08.2021 00:55:02.489,0.68347,0.6833600000000001,1,1
20.08.2021 00:55:02.590,0.6834800000000001,0.6833600000000001,1,1
20.08.2021 00:55:02.993,0.68349,0.6833600000000001,1.5,1
20.08.2021 00:55:03.621,0.6834800000000001,0.6833600000000001,1,1.5
20.08.2021 00:55:08.721,0.6834600000000001,0.68334,1,1.5
20.08.2021 00:55:08.923,0.6834600000000001,0.6833300000000001,1,1
20.08.2021 00:55:09.024,0.6834600000000001,0.68332,1.5,1.5
20.08.2021 00:55:12.085,0.68344,0.6833,1.69,1.87
20.08.2021 00:55:12.186,0.6834300000000001,0.68332,1.25,1
20.08.2021 00:55:12.618,0.6834300000000001,0.6833,1,1.87
20.08.2021 00:55:12.719,0.68344,0.6833100000000001,1.25,1
20.08.2021 00:55:15.346,0.68342,0.68329,1,3.12
20.08.2021 00:55:15.448,0.6834300000000001,0.6833,1,1.12
20.08.2021 00:55:15.549,0.6833800000000001,0.68325,1,1.05
20.08.2021 00:55:15.651,0.68337,0.68324,1.5,1
20.08.2021 00:55:15.804,0.68335,0.68323,1,1
20.08.2021 00:55:15.905,0.68335,0.68322,1,1.5
20.08.2021 00:55:17.600,0.6833300000000001,0.68322,1,1.5
20.08.2021 00:55:20.598,0.68335,0.6832100000000001,1,1.5
20.08.2021 00:55:21.629,0.68334,0.6832100000000001,1.25,1
20.08.2021 00:55:21.780,0.68332,0.6832100000000001,1,1
20.08.2021 00:55:21.881,0.68332,0.68319,1,2.25
20.08.2021 00:55:22.074,0.6833300000000001,0.6832,1,1
20.08.2021 00:55:27.618,0.68332,0.68319,1,3
20.08.2021 00:55:27.720,0.68332,0.6832100000000001,1,1
20.08.2021 00:55:27.821,0.68332,0.68319,1,3
20.08.2021 00:55:27.938,0.6833300000000001,0.6832,1,1
20.08.2021 00:55:46.906,0.68332,0.68319,1,3
20.08.2021 00:55:47.374,0.6833300000000001,0.68319,1,3
20.08.2021 00:55:47.873,0.68332,0.68319,1,3
20.08.2021 00:55:48.459,0.6833300000000001,0.6832,1,1
20.08.2021 00:55:49.615,0.68332,0.68319,1,3
20.08.2021 00:55:49.919,0.6833100000000001,0.68318,1,1.5
20.08.2021 00:55:50.021,0.68329,0.68318,1,1.5
20.08.2021 00:55:57.168,0.6833100000000001,0.68318,1.5,1
20.08.2021 00:55:57.407,0.6833,0.68317,1,1.5
20.08.2021 00:56:02.302,0.68328,0.68318,1,1
20.08.2021 00:56:05.371,0.6833,0.68317,1,1
20.08.2021 00:56:12.815,0.68329,0.68317,1,1
20.08.2021 00:56:16.038,0.68327,0.68315,1,1
20.08.2021 00:56:16.089,0.68327,0.68313,1.5,1.5
20.08.2021 00:56:17.095,0.68324,0.6831200000000001,1,2.25
20.08.2021 00:56:17.197,0.68323,0.6831,1,1
20.08.2021 00:56:17.701,0.6832100000000001,0.68308,1.5,1
20.08.2021 00:56:19.418,0.68324,0.6831200000000001,1,1
20.08.2021 00:56:19.469,0.6832600000000001,0.6831200000000001,1.12,1.5
20.08.2021 00:56:19.573,0.6832600000000001,0.68313,1.12,1
20.08.2021 00:56:31.101,0.68328,0.68314,1,1.5
20.08.2021 00:56:31.253,0.68329,0.6831600000000001,1,1
20.08.2021 00:56:47.655,0.6833100000000001,0.68319,1.5,1
20.08.2021 00:56:47.706,0.6833300000000001,0.6832,1,1.5
20.08.2021 00:56:47.807,0.68334,0.6832100000000001,1,1
20.08.2021 00:56:52.613,0.6833600000000001,0.68322,1,1.87
20.08.2021 00:56:53.100,0.6833600000000001,0.68323,1,1
20.08.2021 00:56:54.646,0.68337,0.68323,2.25,1
20.08.2021 00:56:57.650,0.6833600000000001,0.68323,1,1
20.08.2021 00:57:14.419,0.68337,0.68323,1.5,2.25
20.08.2021 00:57:19.603,0.68334,0.68323,1.25,1.5
20.08.2021 00:57:19.855,0.6833600000000001,0.68323,1.5,1
20.08.2021 00:57:20.997,0.6833600000000001,0.68324,1,1
20.08.2021 00:57:21.098,0.6833600000000001,0.68323,2.25,1
20.08.2021 00:57:24.104,0.6833600000000001,0.68324,1,1
20.08.2021 00:57:25.655,0.68335,0.68324,1,1
20.08.2021 00:57:25.949,0.68335,0.68324,1.81,1
20.08.2021 00:57:26.050,0.6833300000000001,0.68322,1,1
20.08.2021 00:57:26.152,0.6833100000000001,0.68318,1.5,2.45
20.08.2021 00:57:26.369,0.6833,0.68318,1,1
20.08.2021 00:57:26.470,0.68327,0.68315,1,1
20.08.2021 00:57:26.621,0.6832600000000001,0.68315,1,1
20.08.2021 00:57:31.964,0.6832600000000001,0.68314,1,1
20.08.2021 00:57:36.181,0.68324,0.68314,1,1
20.08.2021 00:57:40.243,0.6832600000000001,0.68314,1.5,1
20.08.2021 00:57:43.235,0.68325,0.68314,1,1
20.08.2021 00:57:46.586,0.68327,0.68315,1,1.5
20.08.2021 00:57:46.637,0.68329,0.68317,1,1
20.08.2021 00:57:46.738,0.68329,0.68318,1,1.5
20.08.2021 00:57:46.890,0.6833100000000001,0.68317,1,2.25
20.08.2021 00:57:46.991,0.6833,0.68319,1,1
20.08.2021 00:57:47.778,0.6833100000000001,0.68319,1,1
20.08.2021 00:58:03.995,0.68332,0.68319,1.5,1
20.08.2021 00:58:08.177,0.68335,0.6832100000000001,1.5,1.5
20.08.2021 00:58:08.228,0.68335,0.68324,1.5,1
20.08.2021 00:58:31.641,0.6833600000000001,0.68324,1,1
20.08.2021 00:58:31.743,0.6833600000000001,0.68325,1,1
20.08.2021 00:58:38.970,0.68335,0.68324,1,1
20.08.2021 00:58:47.446,0.6833800000000001,0.6832600000000001,1.5,1
20.08.2021 00:58:51.378,0.6833899999999999,0.68327,1.5,1
20.08.2021 00:58:58.223,0.6833800000000001,0.68329,1.5,1
20.08.2021 00:58:58.324,0.6834,0.68327,1.12,1.5
20.08.2021 00:58:58.464,0.6834,0.68328,1.12,1
20.08.2021 00:59:05.520,0.6834,0.68329,1,1
20.08.2021 00:59:05.621,0.6834300000000001,0.6833300000000001,1,2.62
20.08.2021 00:59:05.722,0.68347,0.68335,1.12,1
20.08.2021 00:59:05.874,0.6834800000000001,0.68335,1.87,1
20.08.2021 00:59:06.216,0.68347,0.68335,1,1
20.08.2021 00:59:07.429,0.6834800000000001,0.68335,1.5,1.5
20.08.2021 00:59:11.765,0.68347,0.68335,1,1
20.08.2021 00:59:12.426,0.6834600000000001,0.68334,1,1
20.08.2021 00:59:12.527,0.6834600000000001,0.6833300000000001,1,1
20.08.2021 00:59:12.640,0.68345,0.68332,1,1
20.08.2021 00:59:17.523,0.68345,0.68334,1.5,1
20.08.2021 00:59:19.786,0.68344,0.68334,1,1
20.08.2021 00:59:19.887,0.68344,0.6833300000000001,1,1
20.08.2021 00:59:25.977,0.68344,0.68332,1,1
20.08.2021 01:00:00.084,0.68342,0.68332,1,1
20.08.2021 01:00:00.185,0.68342,0.6833,1,1
20.08.2021 01:00:02.047,0.6833800000000001,0.68327,1,1
20.08.2021 01:00:02.148,0.68337,0.6832600000000001,1,1
20.08.2021 01:00:02.250,0.68337,0.68325,1,1.5
20.08.2021 01:00:02.991,0.6833800000000001,0.68325,1,1.5
20.08.2021 01:00:03.143,0.6834,0.6832600000000001,1.5,1.5
20.08.2021 01:00:03.244,0.6834,0.68327,1.5,1
20.08.2021 01:00:03.547,0.68344,0.6833,1.87,1
20.08.2021 01:00:03.648,0.68344,0.6833100000000001,1,1
20.08.2021 01:00:03.749,0.68345,0.6833100000000001,1.5,1
20.08.2021 01:00:04.426,0.6834300000000001,0.68329,1.5,2.25
20.08.2021 01:00:04.527,0.6834100000000001,0.68329,1,1.5
20.08.2021 01:00:05.837,0.6834100000000001,0.68328,1,1.5
20.08.2021 01:00:06.472,0.6834100000000001,0.68329,1,1.5
20.08.2021 01:00:06.772,0.6834300000000001,0.6833,1,1
20.08.2021 01:00:08.860,0.68342,0.6833,1,1.5
20.08.2021 01:00:09.031,0.68342,0.68328,1,1.5
20.08.2021 01:00:11.587,0.6834,0.68329,1,1
20.08.2021 01:00:19.658,0.68342,0.68328,1,1.5
20.08.2021 01:00:25.870,0.6834100000000001,0.68328,1,1
20.08.2021 01:00:25.971,0.6833800000000001,0.6832600000000001,1,1
20.08.2021 01:00:28.572,0.6833800000000001,0.68327,1.25,1
20.08.2021 01:00:33.105,0.6833800000000001,0.68328,1,1
20.08.2021 01:00:34.517,0.6834,0.6832600000000001,1.5,1.5
20.08.2021 01:00:36.576,0.6833899999999999,0.6832600000000001,1,1.5
20.08.2021 01:00:49.847,0.6833800000000001,0.6832600000000001,3,1.5
20.08.2021 01:00:49.948,0.6833800000000001,0.68325,1,1.5
20.08.2021 01:00:50.305,0.68337,0.68325,1,1
20.08.2021 01:00:55.056,0.6833600000000001,0.68323,1,1.5
20.08.2021 01:00:59.217,0.68335,0.68323,1,1.5
20.08.2021 01:00:59.336,0.6833600000000001,0.68323,1,1.5
20.08.2021 01:01:00.630,0.6833600000000001,0.68324,2.25,2.25
20.08.2021 01:01:01.834,0.6833600000000001,0.68325,1.5,1
20.08.2021 01:01:04.760,0.68337,0.68323,1.5,1.5
20.08.2021 01:01:10.109,0.68337,0.68324,1.5,1
20.08.2021 01:01:18.592,0.6833600000000001,0.68324,1,1
20.08.2021 01:01:18.693,0.68337,0.68324,1.5,1
20.08.2021 01:01:21.941,0.68335,0.68324,1,1
20.08.2021 01:01:25.372,0.6833600000000001,0.68323,1,1.5
20.08.2021 01:01:25.625,0.68335,0.68324,1,1
20.08.2021 01:01:29.731,0.68335,0.68322,1,1
20.08.2021 01:01:30.116,0.68332,0.68319,1.5,1.12
20.08.2021 01:01:30.218,0.6833,0.68318,1,1
20.08.2021 01:01:30.268,0.6833,0.6831600000000001,1,1.87
20.08.2021 01:01:32.736,0.68328,0.68317,1,1
20.08.2021 01:01:34.671,0.68325,0.68313,1,4.12
20.08.2021 01:01:35.564,0.68324,0.68313,1,1.87
20.08.2021 01:01:37.986,0.6832600000000001,0.6831200000000001,1,1.87
20.08.2021 01:01:38.696,0.6832600000000001,0.68313,1,1
20.08.2021 01:01:38.964,0.68325,0.68313,1,1.87
20.08.2021 01:01:40.567,0.68325,0.68314,1,1
20.08.2021 01:01:58.197,0.68325,0.6831200000000001,1,1
20.08.2021 01:01:58.299,0.68325,0.6831100000000001,1.5,1
20.08.2021 01:02:06.901,0.68323,0.68309,1.5,3.37
20.08.2021 01:02:07.002,0.68323,0.6831100000000001,1.5,1.5
20.08.2021 01:02:11.466,0.6832100000000001,0.68308,2.25,1
20.08.2021 01:02:11.567,0.6832100000000001,0.6830700000000001,2.25,1.5
20.08.2021 01:02:15.759,0.6832,0.6830700000000001,1,1
20.08.2021 01:02:15.860,0.68318,0.68305,1,1
20.08.2021 01:02:17.235,0.68318,0.68304,2.25,1
20.08.2021 01:02:17.752,0.68317,0.68303,1,1.5
20.08.2021 01:02:18.836,0.6831600000000001,0.68303,1,1
20.08.2021 01:02:23.785,0.6831600000000001,0.68302,1.5,1.5
20.08.2021 01:02:24.962,0.6831600000000001,0.68303,1.5,1
20.08.2021 01:02:32.005,0.6831600000000001,0.68305,1,1
20.08.2021 01:02:36.155,0.68317,0.68305,1,1.5
20.08.2021 01:02:36.256,0.68322,0.6831,1.5,1
20.08.2021 01:02:36.357,0.68322,0.6831100000000001,1,1
20.08.2021 01:02:38.015,0.68322,0.6831,1,1
20.08.2021 01:02:39.603,0.68322,0.6831100000000001,1,1
20.08.2021 01:02:41.319,0.6832100000000001,0.6831100000000001,1,1
20.08.2021 01:02:42.582,0.68318,0.6830600000000001,1,1
20.08.2021 01:02:42.888,0.68318,0.6830700000000001,1.69,1
20.08.2021 01:02:42.989,0.6831600000000001,0.68305,1,1
20.08.2021 01:02:43.100,0.6831600000000001,0.68304,1.25,1
20.08.2021 01:02:43.202,0.68315,0.68304,1,1
20.08.2021 01:02:44.093,0.68315,0.68303,1.25,1
20.08.2021 01:02:44.454,0.68315,0.6830600000000001,1.25,1
20.08.2021 01:02:44.556,0.6831600000000001,0.68304,1.25,1
20.08.2021 01:02:44.658,0.6831600000000001,0.68305,1.25,1
20.08.2021 01:02:45.125,0.68318,0.6830600000000001,1.25,1
20.08.2021 01:02:45.227,0.68319,0.6830700000000001,1.75,1
20.08.2021 01:02:45.328,0.68318,0.68309,1.75,1
20.08.2021 01:02:45.443,0.68319,0.68308,1.25,1
20.08.2021 01:02:46.526,0.68319,0.68309,1,1
20.08.2021 01:02:51.147,0.6831600000000001,0.68309,1,1
20.08.2021 01:02:51.248,0.68318,0.68309,1,1
20.08.2021 01:02:51.349,0.68317,0.68308,1,1
20.08.2021 01:02:52.538,0.6831600000000001,0.6830700000000001,1,1.5
20.08.2021 01:02:53.001,0.6831600000000001,0.6830600000000001,1.75,1
20.08.2021 01:02:53.052,0.68315,0.68304,1.25,1.5
20.08.2021 01:02:53.615,0.68315,0.68303,1.75,1
20.08.2021 01:02:53.716,0.68308,0.68299,1,1
20.08.2021 01:02:53.918,0.68308,0.68297,1,1
20.08.2021 01:02:55.922,0.68303,0.68293,1,1
20.08.2021 01:02:56.023,0.68303,0.68294,1.25,1
20.08.2021 01:03:03.163,0.68302,0.68292,1.25,1
20.08.2021 01:03:03.365,0.68304,0.68292,1.75,1
20.08.2021 01:03:08.137,0.68304,0.68292,1.25,1
20.08.2021 01:03:27.412,0.68303,0.68292,1.69,1.5
20.08.2021 01:03:27.932,0.68303,0.6829000000000001,1.25,1
20.08.2021 01:03:27.983,0.6830100000000001,0.68288,1.25,1.5
20.08.2021 01:03:28.084,0.683,0.68287,1.5,1.5
20.08.2021 01:03:28.336,0.68299,0.68287,1,1
20.08.2021 01:03:30.587,0.68298,0.68289,1,1
20.08.2021 01:03:30.764,0.68299,0.68287,1,1
20.08.2021 01:03:35.943,0.68298,0.68286,1,1.5
20.08.2021 01:03:37.923,0.6829500000000001,0.68283,1,1
20.08.2021 01:03:38.024,0.6829600000000001,0.68282,3.19,1
20.08.2021 01:03:39.387,0.6829500000000001,0.68283,1,1
20.08.2021 01:03:40.845,0.6829500000000001,0.68286,1,1
20.08.2021 01:03:40.947,0.6829500000000001,0.68287,1.25,1
20.08.2021 01:03:45.104,0.6829600000000001,0.6828500000000001,1.25,1
20.08.2021 01:03:48.576,0.6829600000000001,0.68286,1.25,1
20.08.2021 01:03:55.418,0.6829600000000001,0.68287,1.25,1
20.08.2021 01:04:00.080,0.68297,0.68287,1.25,1
20.08.2021 01:04:05.034,0.6829600000000001,0.68289,1.25,1
20.08.2021 01:04:05.136,0.68302,0.68293,1,1
20.08.2021 01:04:05.186,0.68305,0.68293,2.56,1
20.08.2021 01:04:05.237,0.68308,0.68297,1.62,1
