Gmt time,Ask,Bid,AskVolume,BidVolume
17.08.2021 00:00:00.126,0.7028300000000001,0.70275,1.5,1
17.08.2021 00:00:00.935,0.70284,0.70272,1.5,1
17.08.2021 00:00:04.997,0.70284,0.70274,2.25,1
17.08.2021 00:00:12.865,0.7028300000000001,0.7027300000000001,1,1
17.08.2021 00:00:17.517,0.7028300000000001,0.70272,1,1.5
17.08.2021 00:00:21.326,0.70282,0.7027100000000001,1,1.25
17.08.2021 00:00:26.626,0.7028300000000001,0.70272,1,1
17.08.2021 00:00:28.606,0.7028300000000001,0.7027300000000001,1,1
17.08.2021 00:00:33.865,0.7028,0.7027,3,1
17.08.2021 00:00:33.967,0.70279,0.70269,1,1.5
17.08.2021 00:00:39.070,0.7027800000000001,0.70269,1,1
17.08.2021 00:00:53.873,0.70279,0.70269,1,1.5
17.08.2021 00:00:53.974,0.70282,0.70272,1.12,1
17.08.2021 00:00:57.122,0.7028,0.70272,1,1.5
17.08.2021 00:01:01.204,0.7028,0.7027100000000001,1,1
17.08.2021 00:01:04.265,0.7027800000000001,0.70269,1,1
17.08.2021 00:01:10.432,0.70279,0.70269,1,1.69
17.08.2021 00:01:15.936,0.7027800000000001,0.70269,1,1
17.08.2021 00:01:16.138,0.70277,0.70267,1,1.25
17.08.2021 00:01:18.578,0.70274,0.7026600000000001,1,1
17.08.2021 00:01:18.679,0.70274,0.70264,1,1.5
17.08.2021 00:01:18.781,0.7027300000000001,0.7026300000000001,1,1
17.08.2021 00:01:18.832,0.7027100000000001,0.7026,1,1.13
17.08.2021 00:01:21.974,0.7027,0.7026,1,1
17.08.2021 00:01:22.127,0.70274,0.70264,1.5,1
17.08.2021 00:01:22.329,0.70274,0.70264,1,1
17.08.2021 00:01:28.716,0.70274,0.70265,1,1
17.08.2021 00:01:31.036,0.70274,0.7026600000000001,1,1.5
17.08.2021 00:01:38.787,0.70277,0.7026800000000001,1.25,1
17.08.2021 00:01:42.106,0.7027800000000001,0.7026800000000001,1,1.5
17.08.2021 00:01:59.998,0.70275,0.7026800000000001,1,1
17.08.2021 00:02:00.099,0.70276,0.7026600000000001,1,2.44
17.08.2021 00:02:00.628,0.70274,0.70264,1,1.5
17.08.2021 00:02:06.112,0.70275,0.70265,1,1
17.08.2021 00:02:16.559,0.70274,0.70264,1,1.5
17.08.2021 00:02:21.106,0.7027300000000001,0.7026300000000001,1,1.69
17.08.2021 00:02:23.187,0.7027100000000001,0.7026100000000001,1,1.5
17.08.2021 00:02:23.288,0.70269,0.7026,1,1
17.08.2021 00:02:24.652,0.7027,0.7026100000000001,1,1
17.08.2021 00:02:25.580,0.70269,0.7026,1,1
17.08.2021 00:02:25.686,0.7027,0.7026,1,1
17.08.2021 00:02:25.788,0.70274,0.70264,2,1.5
17.08.2021 00:02:25.993,0.70274,0.70264,1,1
17.08.2021 00:02:30.106,0.70274,0.7026300000000001,1.5,1.5
17.08.2021 00:02:30.208,0.70272,0.70264,1,1.5
17.08.2021 00:02:35.947,0.70272,0.70262,1,1.69
17.08.2021 00:02:37.886,0.7027,0.70262,1,1.25
17.08.2021 00:02:38.651,0.7027,0.7026100000000001,1,1.5
17.08.2021 00:02:39.259,0.7026800000000001,0.7026100000000001,1,1
17.08.2021 00:02:41.864,0.7026800000000001,0.7026,1,1
17.08.2021 00:02:43.482,0.7026800000000001,0.70259,1,1.5
17.08.2021 00:02:45.948,0.70267,0.70259,1.25,1.5
17.08.2021 00:02:45.998,0.70265,0.7025800000000001,1.5,1
17.08.2021 00:02:51.398,0.7026600000000001,0.70257,1.62,1.5
17.08.2021 00:02:51.499,0.70264,0.70255,1,1
17.08.2021 00:02:51.600,0.7026300000000001,0.7025300000000001,1,1.69
17.08.2021 00:02:52.159,0.7026,0.7025100000000001,1.12,1.25
17.08.2021 00:02:52.210,0.7026,0.7025,1.12,1.5
17.08.2021 00:02:52.312,0.7025800000000001,0.7025,1,1
17.08.2021 00:02:57.112,0.70255,0.7024600000000001,1,1.5
17.08.2021 00:02:57.213,0.7025399999999999,0.70245,1,1
17.08.2021 00:02:58.416,0.7025100000000001,0.7024100000000001,1.12,1.5
17.08.2021 00:02:58.517,0.7025100000000001,0.70243,1,1
17.08.2021 00:02:58.568,0.7025399999999999,0.70244,1,1
17.08.2021 00:02:58.719,0.7025100000000001,0.70244,1,1
17.08.2021 00:02:58.820,0.70252,0.70242,1,1.25
17.08.2021 00:03:00.182,0.70252,0.70243,1,1
17.08.2021 00:03:01.067,0.70252,0.70243,1.5,1
17.08.2021 00:03:01.117,0.7025399999999999,0.70245,1,1
17.08.2021 00:03:01.521,0.7025399999999999,0.70244,1,1
17.08.2021 00:03:01.622,0.70252,0.70245,1,1
17.08.2021 00:03:01.926,0.7025399999999999,0.70244,1,1
17.08.2021 00:03:05.666,0.7025300000000001,0.70243,1,1
17.08.2021 00:03:05.768,0.7025300000000001,0.70244,1,1
17.08.2021 00:03:06.985,0.7025399999999999,0.70244,1.12,1.25
17.08.2021 00:03:07.036,0.70257,0.7025,1.25,1
17.08.2021 00:03:07.137,0.70259,0.70249,1,1
17.08.2021 00:03:07.510,0.7026,0.7025,1.12,1
17.08.2021 00:03:09.261,0.7026100000000001,0.7025100000000001,3.69,1
17.08.2021 00:03:11.440,0.70259,0.7025100000000001,1.12,1
17.08.2021 00:03:11.542,0.7026100000000001,0.7025100000000001,3.69,1
17.08.2021 00:03:12.513,0.70259,0.7025,1,1
17.08.2021 00:03:12.614,0.7025600000000001,0.70247,1.5,1
17.08.2021 00:03:13.603,0.7025600000000001,0.70247,3.31,1
17.08.2021 00:03:14.007,0.7025600000000001,0.70247,2.25,1
17.08.2021 00:03:14.374,0.70255,0.7024800000000001,2.37,1
17.08.2021 00:03:17.083,0.7025600000000001,0.7024600000000001,2.56,1
17.08.2021 00:03:19.164,0.70255,0.70247,2.25,1
17.08.2021 00:03:20.318,0.70255,0.70247,2.37,1
17.08.2021 00:03:20.723,0.7025399999999999,0.7024600000000001,1.12,1.5
17.08.2021 00:03:23.981,0.7025600000000001,0.7024600000000001,2.44,1
17.08.2021 00:03:30.664,0.70257,0.70249,1,1
17.08.2021 00:03:30.765,0.70259,0.7025,2,1
17.08.2021 00:03:31.825,0.7026,0.7025100000000001,1.5,1
17.08.2021 00:03:35.722,0.7026100000000001,0.70252,2.94,1
17.08.2021 00:03:35.874,0.70264,0.70255,3.5,1
17.08.2021 00:03:35.975,0.7026600000000001,0.7025600000000001,3.75,1
17.08.2021 00:03:40.339,0.70265,0.70255,1,1
17.08.2021 00:03:42.139,0.70264,0.70255,1,1
17.08.2021 00:03:42.190,0.70262,0.70252,1,1
17.08.2021 00:03:42.241,0.7026,0.7025,1,1.12
17.08.2021 00:03:45.470,0.7026,0.70255,1,1
17.08.2021 00:03:45.708,0.70262,0.7025399999999999,1,1
17.08.2021 00:03:45.809,0.70264,0.7025600000000001,1,1
17.08.2021 00:03:45.911,0.7026600000000001,0.70257,3.31,1
17.08.2021 00:03:47.451,0.70265,0.7025800000000001,1.12,1
17.08.2021 00:03:47.552,0.7026800000000001,0.7026100000000001,1,1
17.08.2021 00:03:47.602,0.7027,0.70262,1,1
17.08.2021 00:03:47.704,0.7027100000000001,0.70262,1.12,1
17.08.2021 00:03:47.805,0.70269,0.7026,1.5,1
17.08.2021 00:03:47.856,0.7026600000000001,0.70257,2.62,1
17.08.2021 00:03:48.209,0.70265,0.7026,1,1
17.08.2021 00:03:48.417,0.7026600000000001,0.70257,1.5,1
17.08.2021 00:03:51.528,0.7026600000000001,0.7025800000000001,1.5,1
17.08.2021 00:04:00.910,0.70269,0.7026,1,1
17.08.2021 00:04:00.961,0.7027,0.70262,1,1
17.08.2021 00:04:01.937,0.7027,0.7026300000000001,1,1
17.08.2021 00:04:02.636,0.7027100000000001,0.70262,2.62,1
17.08.2021 00:04:03.140,0.7027100000000001,0.7026300000000001,1.5,1
17.08.2021 00:04:03.292,0.7027300000000001,0.70265,1,1
17.08.2021 00:04:03.393,0.70272,0.70267,1,1
17.08.2021 00:04:03.494,0.70274,0.7026600000000001,1.12,1
17.08.2021 00:04:07.070,0.70274,0.70265,1,1
17.08.2021 00:04:09.807,0.70275,0.7026600000000001,1.12,1
17.08.2021 00:04:09.859,0.7027800000000001,0.7026800000000001,1.5,1
17.08.2021 00:04:10.010,0.7027800000000001,0.70269,1.12,1
17.08.2021 00:04:10.227,0.7027800000000001,0.7026800000000001,1.12,1
17.08.2021 00:04:12.339,0.70277,0.7027,1.12,1
17.08.2021 00:04:12.687,0.7028,0.7027,1.12,1
17.08.2021 00:04:13.268,0.7028,0.7027100000000001,1,1
17.08.2021 00:04:13.370,0.7028300000000001,0.70274,2.06,1
17.08.2021 00:04:13.572,0.7028300000000001,0.70275,1,1
17.08.2021 00:04:17.936,0.70279,0.7027100000000001,1,1.25
17.08.2021 00:04:18.038,0.70276,0.7026800000000001,1,1.5
17.08.2021 00:04:18.139,0.7028,0.70267,1.12,1.31
17.08.2021 00:04:18.240,0.7027100000000001,0.70264,1,1.25
17.08.2021 00:04:19.284,0.70272,0.70265,1,1.25
17.08.2021 00:04:19.734,0.7027300000000001,0.70265,1,1.25
17.08.2021 00:04:20.714,0.7027100000000001,0.70265,1,1
17.08.2021 00:04:20.815,0.70272,0.7026300000000001,1,1
17.08.2021 00:04:20.916,0.70269,0.70262,1,1.25
17.08.2021 00:04:21.604,0.7027100000000001,0.7026,1.81,1
17.08.2021 00:04:21.706,0.70269,0.7025600000000001,1,1.75
17.08.2021 00:04:21.757,0.70264,0.7025600000000001,1,1.25
17.08.2021 00:04:22.864,0.70265,0.7025600000000001,1,1.25
17.08.2021 00:04:27.065,0.70265,0.70257,1,1
17.08.2021 00:04:29.159,0.70265,0.70257,1,1.25
17.08.2021 00:04:31.546,0.70265,0.70257,1,1
17.08.2021 00:04:37.403,0.7026600000000001,0.70257,1,1
17.08.2021 00:04:50.821,0.7027,0.7026,1,1
17.08.2021 00:04:50.922,0.7027100000000001,0.7026,1,1
17.08.2021 00:04:51.023,0.7027100000000001,0.7026100000000001,1,1.5
17.08.2021 00:04:51.134,0.70272,0.7026100000000001,1,1.25
17.08.2021 00:04:51.184,0.7027300000000001,0.70262,1,1.25
17.08.2021 00:04:52.804,0.70274,0.7026300000000001,1,1.25
17.08.2021 00:04:52.906,0.7027300000000001,0.7026300000000001,1,1.25
17.08.2021 00:04:53.007,0.70274,0.7026300000000001,1,1.25
17.08.2021 00:04:55.975,0.7027300000000001,0.7026300000000001,1,1.25
17.08.2021 00:04:56.538,0.70274,0.7026300000000001,1,1.25
17.08.2021 00:04:57.970,0.7027300000000001,0.7026300000000001,1,1.25
17.08.2021 00:05:00.177,0.7027300000000001,0.70264,1,1.25
17.08.2021 00:05:03.322,0.70272,0.7026300000000001,1,1
17.08.2021 00:05:03.620,0.7027,0.70264,1,1
17.08.2021 00:05:03.814,0.7027100000000001,0.70262,1,1.25
17.08.2021 00:05:03.915,0.7027100000000001,0.7026300000000001,1,1
17.08.2021 00:05:04.041,0.7027100000000001,0.70262,1,1.25
17.08.2021 00:05:04.200,0.7027100000000001,0.7026300000000001,1,1
17.08.2021 00:05:04.494,0.7027100000000001,0.70262,1,1.25
17.08.2021 00:05:04.595,0.7027100000000001,0.7026300000000001,1,1
17.08.2021 00:05:06.875,0.7027100000000001,0.7026100000000001,1,2.5
17.08.2021 00:05:08.254,0.70269,0.7026100000000001,1,1.75
17.08.2021 00:05:08.797,0.70269,0.7026100000000001,1,1.25
17.08.2021 00:05:09.718,0.70269,0.7026,1,1
17.08.2021 00:05:09.822,0.70269,0.70259,1,2.62
17.08.2021 00:05:09.924,0.7026800000000001,0.70259,1,1.5
17.08.2021 00:05:24.374,0.7026800000000001,0.7026,1,1
17.08.2021 00:05:32.933,0.7027,0.70259,1,1
17.08.2021 00:05:36.380,0.70267,0.70257,1,1.5
17.08.2021 00:05:36.514,0.7026600000000001,0.7025600000000001,1,1
17.08.2021 00:05:36.615,0.70265,0.7025399999999999,1,1.87
17.08.2021 00:05:36.716,0.70264,0.7025300000000001,1,1.5
17.08.2021 00:05:36.767,0.7026300000000001,0.70252,1,3.37
17.08.2021 00:05:42.588,0.70262,0.70252,1,1
17.08.2021 00:05:47.863,0.7026300000000001,0.70252,1,1
17.08.2021 00:06:00.051,0.70264,0.70252,1,3
17.08.2021 00:06:01.478,0.70264,0.7025300000000001,1,1
17.08.2021 00:06:04.671,0.70264,0.7025399999999999,1,1
17.08.2021 00:06:13.690,0.70267,0.70255,1,1
17.08.2021 00:06:13.791,0.70267,0.7025600000000001,1,1
17.08.2021 00:06:16.215,0.70267,0.70255,1,2.62
17.08.2021 00:06:17.424,0.70267,0.7025600000000001,1,1.12
17.08.2021 00:06:19.572,0.70267,0.70255,1,2.62
17.08.2021 00:06:20.070,0.70264,0.7025300000000001,1,2
17.08.2021 00:06:20.172,0.70262,0.70252,1,1.5
17.08.2021 00:06:20.274,0.70262,0.7025100000000001,1,1
17.08.2021 00:06:20.324,0.7026,0.70249,1,3.5
17.08.2021 00:06:20.476,0.7026,0.70249,1,1.5
17.08.2021 00:06:31.471,0.70259,0.7024800000000001,1,1.5
17.08.2021 00:06:31.572,0.70257,0.7024600000000001,1,1.12
17.08.2021 00:06:31.674,0.7025600000000001,0.70245,1,2
17.08.2021 00:06:31.775,0.70255,0.7024600000000001,1,1.12
17.08.2021 00:06:31.879,0.70255,0.70244,1,1
17.08.2021 00:06:37.047,0.7025600000000001,0.70244,1,1
17.08.2021 00:06:53.436,0.7025399999999999,0.70245,1,1
17.08.2021 00:06:54.549,0.70255,0.70245,1,1
17.08.2021 00:06:54.650,0.7025300000000001,0.7024100000000001,1,2.62
17.08.2021 00:06:54.751,0.7025100000000001,0.7024,1,2.25
17.08.2021 00:06:54.853,0.7025100000000001,0.70239,1,2.62
17.08.2021 00:06:57.015,0.7025,0.70238,1,1
17.08.2021 00:06:57.117,0.7024600000000001,0.7023600000000001,1,1.5
17.08.2021 00:06:57.218,0.7024600000000001,0.70234,1,1.5
17.08.2021 00:07:01.852,0.70247,0.7023600000000001,1,1
17.08.2021 00:07:02.817,0.7024800000000001,0.7023600000000001,1,1
17.08.2021 00:07:02.918,0.7025,0.70238,1,1.5
17.08.2021 00:07:03.022,0.7025100000000001,0.70239,1,1
17.08.2021 00:07:03.486,0.70252,0.7024,1,1
17.08.2021 00:07:03.587,0.7025100000000001,0.70242,1,1
17.08.2021 00:07:11.689,0.7025300000000001,0.7024100000000001,1,1.12
17.08.2021 00:07:25.120,0.70252,0.7024,1,1
17.08.2021 00:07:26.081,0.7025100000000001,0.70239,1,1.5
17.08.2021 00:07:46.932,0.7025100000000001,0.7024100000000001,1,1
17.08.2021 00:07:47.034,0.7025100000000001,0.70242,1,1
17.08.2021 00:07:47.286,0.70252,0.7024,1,1
17.08.2021 00:08:00.805,0.70252,0.70242,1.25,1
17.08.2021 00:08:02.976,0.7025300000000001,0.70243,1,1
17.08.2021 00:08:03.077,0.70255,0.70243,2.25,1
17.08.2021 00:08:06.106,0.7025399999999999,0.70243,1,1
17.08.2021 00:08:12.177,0.70257,0.7024600000000001,1,1
17.08.2021 00:08:12.228,0.7026,0.7024800000000001,1.12,1
17.08.2021 00:08:12.279,0.70262,0.7025100000000001,1.5,1
17.08.2021 00:08:12.380,0.70262,0.7025100000000001,1,1
17.08.2021 00:08:23.819,0.70262,0.7025,1,1
17.08.2021 00:08:28.054,0.70262,0.7025100000000001,1,1
17.08.2021 00:08:38.235,0.7026300000000001,0.7025399999999999,1,1
17.08.2021 00:08:38.336,0.70265,0.7025399999999999,1.69,1
17.08.2021 00:08:39.704,0.70269,0.70257,1.25,1
17.08.2021 00:08:39.805,0.70269,0.7025800000000001,1.25,1
17.08.2021 00:08:41.363,0.7027,0.7025800000000001,1.69,1
17.08.2021 00:08:41.464,0.70269,0.7025800000000001,1,1
17.08.2021 00:08:41.731,0.70269,0.70259,1.69,1
17.08.2021 00:08:41.984,0.70272,0.70264,1.25,1
17.08.2021 00:08:42.085,0.70274,0.7026300000000001,1.25,1
17.08.2021 00:08:42.187,0.70275,0.7026300000000001,1.25,1
17.08.2021 00:08:47.788,0.70274,0.7026300000000001,1.25,1
17.08.2021 00:08:47.889,0.7027100000000001,0.70262,1,1
17.08.2021 00:08:47.991,0.7027,0.70259,1,1
17.08.2021 00:08:51.422,0.70272,0.7026100000000001,1,1
17.08.2021 00:09:01.382,0.70272,0.7026,1,1
17.08.2021 00:09:01.484,0.70274,0.7026300000000001,1,1.5
17.08.2021 00:09:03.265,0.70274,0.70265,1,1
17.08.2021 00:09:03.626,0.70276,0.70265,1.25,1
17.08.2021 00:09:29.923,0.70274,0.7026300000000001,1,1
17.08.2021 00:09:30.025,0.70274,0.70262,1,1.5
17.08.2021 00:09:36.107,0.70274,0.7026300000000001,1,1
17.08.2021 00:09:37.597,0.7027300000000001,0.70262,1,1
17.08.2021 00:09:42.756,0.70275,0.70264,1,1
17.08.2021 00:09:48.717,0.70274,0.7026300000000001,1,1
17.08.2021 00:09:48.873,0.70275,0.70264,1.5,1
17.08.2021 00:09:48.975,0.70276,0.70264,1,1
17.08.2021 00:09:49.661,0.70276,0.70265,1,1
17.08.2021 00:09:50.956,0.70276,0.7026600000000001,1,1
17.08.2021 00:09:55.598,0.70277,0.7026600000000001,1,1
17.08.2021 00:10:09.557,0.70279,0.7026800000000001,2.06,1
17.08.2021 00:10:11.429,0.70277,0.70265,2.44,1
17.08.2021 00:10:11.530,0.70275,0.7026600000000001,1,1
17.08.2021 00:10:11.631,0.70277,0.7026600000000001,1.5,1
17.08.2021 00:10:15.357,0.7027800000000001,0.70267,1.31,1
17.08.2021 00:10:15.458,0.70279,0.7026800000000001,2.44,1
17.08.2021 00:10:16.203,0.70279,0.7026800000000001,3.25,1
17.08.2021 00:10:16.305,0.70277,0.7026800000000001,1.25,1
17.08.2021 00:10:16.511,0.70276,0.70267,1,1
17.08.2021 00:10:20.547,0.7027800000000001,0.70267,1.69,1
17.08.2021 00:10:20.649,0.7027800000000001,0.7026800000000001,1.25,1
17.08.2021 00:10:21.043,0.7027800000000001,0.70267,1.69,1
17.08.2021 00:10:22.432,0.70277,0.7026600000000001,1.5,1
17.08.2021 00:10:22.533,0.7027800000000001,0.7026600000000001,2.06,1
17.08.2021 00:10:34.274,0.70277,0.70265,1,1
17.08.2021 00:10:38.201,0.70277,0.7026600000000001,1,1
17.08.2021 00:10:47.174,0.70275,0.7026600000000001,1,1
17.08.2021 00:10:47.709,0.70274,0.70264,1,1
17.08.2021 00:10:47.810,0.70274,0.7026300000000001,1,1
17.08.2021 00:10:47.962,0.7027100000000001,0.7026100000000001,2.5,1.87
17.08.2021 00:10:48.064,0.7027,0.70259,1,1.5
17.08.2021 00:10:48.165,0.7027,0.70259,1,1
17.08.2021 00:11:06.132,0.70269,0.7025800000000001,1,1
17.08.2021 00:11:06.233,0.70267,0.7025800000000001,1,1
17.08.2021 00:11:06.335,0.70267,0.7025600000000001,1,1.5
17.08.2021 00:11:06.553,0.7026600000000001,0.70255,1,1
17.08.2021 00:11:08.621,0.70264,0.70255,1,2.62
17.08.2021 00:11:10.170,0.7026600000000001,0.70255,1,1
17.08.2021 00:11:15.303,0.7026600000000001,0.70255,2.5,1
17.08.2021 00:11:15.415,0.7026600000000001,0.70255,1,1
17.08.2021 00:11:19.290,0.70265,0.7025300000000001,1.25,1
17.08.2021 00:11:22.503,0.70265,0.7025399999999999,1.25,1
17.08.2021 00:11:22.554,0.7026100000000001,0.70252,1,1
17.08.2021 00:11:24.534,0.7026100000000001,0.7025,1.25,1
17.08.2021 00:11:24.659,0.7026,0.70249,1.75,1
17.08.2021 00:11:26.112,0.7025600000000001,0.70245,1,1
17.08.2021 00:11:27.164,0.7025399999999999,0.70243,1.25,1
17.08.2021 00:11:27.266,0.7025100000000001,0.70242,1,1
17.08.2021 00:11:27.921,0.70249,0.70238,1,1
17.08.2021 00:11:28.528,0.7025100000000001,0.70242,1.5,1
17.08.2021 00:11:28.630,0.70252,0.70242,1.5,1
17.08.2021 00:11:28.731,0.70252,0.70242,1,1
17.08.2021 00:11:29.963,0.70252,0.7024100000000001,1,1
17.08.2021 00:11:35.973,0.70259,0.7024800000000001,2.75,1
17.08.2021 00:11:36.075,0.7026100000000001,0.70249,1.5,1
17.08.2021 00:11:36.178,0.7026300000000001,0.7025100000000001,1.69,1
17.08.2021 00:11:36.481,0.7026300000000001,0.70252,1,1
17.08.2021 00:11:46.852,0.70262,0.7025100000000001,1,1
17.08.2021 00:11:46.953,0.70262,0.7025300000000001,1.87,1
17.08.2021 00:12:02.603,0.7026,0.70249,1,1
17.08.2021 00:12:02.704,0.7025800000000001,0.70247,1,1
17.08.2021 00:12:15.207,0.7025600000000001,0.7024600000000001,1,1
17.08.2021 00:12:41.828,0.70255,0.70243,1.5,1
17.08.2021 00:12:44.018,0.7025399999999999,0.70243,1,1
17.08.2021 00:12:44.069,0.7025300000000001,0.7024100000000001,1,1
17.08.2021 00:12:46.718,0.70252,0.7024,1,1
17.08.2021 00:13:15.991,0.7025300000000001,0.70242,1,1
17.08.2021 00:13:16.536,0.7025300000000001,0.7024100000000001,1,1
17.08.2021 00:13:34.331,0.7025100000000001,0.7024100000000001,1,1.5
17.08.2021 00:14:33.497,0.7025100000000001,0.70239,1,1.5
17.08.2021 00:14:44.853,0.7025,0.70238,2.5,1
17.08.2021 00:14:44.954,0.70244,0.70233,1,1.5
17.08.2021 00:14:45.055,0.70243,0.70234,1,1
17.08.2021 00:14:45.157,0.70244,0.70232,1,1
17.08.2021 00:14:45.258,0.70242,0.70232,1,2.62
17.08.2021 00:14:55.662,0.70245,0.70233,1,1
17.08.2021 00:14:55.763,0.7024600000000001,0.70234,1,1
17.08.2021 00:14:59.002,0.70247,0.70235,1.69,1
17.08.2021 00:15:00.538,0.70247,0.7023600000000001,1,1
17.08.2021 00:15:00.763,0.7024800000000001,0.7023600000000001,1.25,1
17.08.2021 00:15:34.093,0.70249,0.70237,1.25,3
17.08.2021 00:15:35.552,0.7025,0.70238,1,1
17.08.2021 00:15:38.296,0.7025,0.70239,1.25,1
17.08.2021 00:15:38.448,0.7025100000000001,0.7024,1,1
17.08.2021 00:15:45.905,0.70252,0.7024,1,1
17.08.2021 00:15:50.881,0.7025100000000001,0.70239,1,1
17.08.2021 00:15:52.865,0.70249,0.7024,1,1
17.08.2021 00:15:58.125,0.70249,0.70238,1,1
17.08.2021 00:15:58.379,0.7024800000000001,0.7023600000000001,1,1.5
17.08.2021 00:15:59.097,0.70245,0.7023600000000001,1,1
17.08.2021 00:15:59.198,0.7024600000000001,0.70234,1,1.12
17.08.2021 00:16:00.822,0.70245,0.70234,1,1
17.08.2021 00:16:07.110,0.70243,0.70234,1,1.5
17.08.2021 00:16:07.589,0.70242,0.70233,1,1
17.08.2021 00:16:25.651,0.7024600000000001,0.70235,1,1
17.08.2021 00:16:25.752,0.70247,0.70235,1,1
17.08.2021 00:16:26.209,0.70245,0.7023600000000001,1,1
17.08.2021 00:16:54.510,0.70247,0.70235,1,1.5
17.08.2021 00:16:57.096,0.70245,0.70234,1,1.5
17.08.2021 00:17:00.253,0.70244,0.70233,1,1
17.08.2021 00:17:03.227,0.7024600000000001,0.70234,1,1.5
17.08.2021 00:17:03.329,0.7024600000000001,0.70235,1,1
17.08.2021 00:17:05.266,0.7024800000000001,0.7023600000000001,1.5,1
17.08.2021 00:17:08.143,0.7024800000000001,0.70237,1,1
17.08.2021 00:17:10.826,0.70249,0.70238,1.5,1.5
17.08.2021 00:17:11.887,0.70249,0.70237,1.5,1
17.08.2021 00:17:12.240,0.7024800000000001,0.7023600000000001,1,1.87
17.08.2021 00:17:17.625,0.70249,0.70239,1,1
17.08.2021 00:17:17.802,0.7024800000000001,0.7024100000000001,1,1
17.08.2021 00:17:17.904,0.70249,0.7024100000000001,1,1
17.08.2021 00:17:18.057,0.7025,0.7024100000000001,1,1
17.08.2021 00:17:18.158,0.7025,0.70242,1.69,1
17.08.2021 00:17:18.441,0.7025,0.70243,1,1
17.08.2021 00:17:18.492,0.7025,0.7024,1.25,1
17.08.2021 00:17:20.202,0.7025100000000001,0.7024100000000001,1.25,1
17.08.2021 00:17:20.303,0.7025100000000001,0.7024,3.56,1
17.08.2021 00:17:20.405,0.70252,0.7024100000000001,1.75,1
17.08.2021 00:17:20.506,0.70252,0.70242,1,1
17.08.2021 00:17:21.990,0.70252,0.70243,1,1
17.08.2021 00:17:23.235,0.7025100000000001,0.70243,1,1
17.08.2021 00:17:27.822,0.7025100000000001,0.70244,1,1
17.08.2021 00:17:31.065,0.70252,0.70244,1,1
17.08.2021 00:17:31.332,0.7025300000000001,0.70242,1.5,1
17.08.2021 00:17:32.224,0.7025399999999999,0.70244,2.25,1
17.08.2021 00:17:32.325,0.70255,0.70244,1.87,1
17.08.2021 00:17:38.824,0.70255,0.70245,1.12,1
17.08.2021 00:17:40.976,0.7025600000000001,0.70244,3.69,1
17.08.2021 00:17:41.118,0.70255,0.70245,3.94,1
17.08.2021 00:17:41.219,0.7025600000000001,0.70245,3.37,1
17.08.2021 00:17:42.182,0.7025399999999999,0.70245,1.12,1.5
17.08.2021 00:17:42.485,0.7025600000000001,0.70245,1.87,1
17.08.2021 00:17:49.204,0.70255,0.70245,5.12,1
17.08.2021 00:17:49.356,0.7025600000000001,0.70244,2.81,1
17.08.2021 00:17:49.804,0.70255,0.70245,4.25,1
17.08.2021 00:17:51.448,0.7025600000000001,0.70244,3.56,1
17.08.2021 00:18:02.466,0.7025600000000001,0.70244,4.62,1
17.08.2021 00:18:02.567,0.7025600000000001,0.70244,4.69,1
17.08.2021 00:18:02.669,0.70255,0.70245,4.62,1
17.08.2021 00:18:05.106,0.7025600000000001,0.70244,3.19,1
17.08.2021 00:18:06.593,0.70255,0.7024600000000001,1.69,1
17.08.2021 00:18:06.694,0.7025600000000001,0.70245,3.25,1
17.08.2021 00:18:07.797,0.7025600000000001,0.70245,1.31,1
17.08.2021 00:18:08.403,0.7026,0.70249,3.31,1
17.08.2021 00:18:08.605,0.7026,0.70249,1.69,1
17.08.2021 00:18:09.799,0.70259,0.70249,1,1
17.08.2021 00:18:12.313,0.7026,0.70249,2.81,1
17.08.2021 00:18:13.769,0.70264,0.7025399999999999,1.12,1
17.08.2021 00:18:13.972,0.70265,0.7025399999999999,3,1
17.08.2021 00:18:23.244,0.70264,0.70252,1.69,2.37
17.08.2021 00:18:23.345,0.70264,0.70252,1.69,1.5
17.08.2021 00:18:34.247,0.70265,0.7025399999999999,3.37,1
17.08.2021 00:18:35.899,0.70269,0.7025800000000001,1.62,1.5
17.08.2021 00:18:36.000,0.70269,0.7025800000000001,1,1.5
17.08.2021 00:18:42.182,0.7027,0.7026,1,1
17.08.2021 00:18:42.283,0.70269,0.7026,3,1
17.08.2021 00:18:48.161,0.7027,0.7026,1,1
17.08.2021 00:18:48.262,0.7027100000000001,0.7026,1.87,1
17.08.2021 00:18:48.785,0.7027300000000001,0.70264,1,1
17.08.2021 00:18:48.886,0.70274,0.70264,1.87,1
17.08.2021 00:18:48.937,0.7027300000000001,0.7026300000000001,1.87,1
17.08.2021 00:18:52.583,0.7027300000000001,0.70264,1.87,1
17.08.2021 00:18:52.956,0.70274,0.70264,1,1
17.08.2021 00:18:58.341,0.70276,0.70264,3.31,1.5
17.08.2021 00:19:00.325,0.70276,0.70265,2.56,1
17.08.2021 00:19:01.230,0.70276,0.70265,1.69,1
17.08.2021 00:19:01.281,0.7027800000000001,0.7026800000000001,1.25,1
17.08.2021 00:19:04.252,0.7028,0.70269,1.12,1.5
17.08.2021 00:19:06.263,0.70281,0.70269,1.87,1.5
17.08.2021 00:19:06.464,0.7028300000000001,0.7027100000000001,1.5,1
17.08.2021 00:19:06.616,0.70281,0.7027,1,1.5
17.08.2021 00:19:07.068,0.70281,0.7027,1.5,1.5
17.08.2021 00:19:07.169,0.7028,0.70269,1.87,1.5
17.08.2021 00:19:07.795,0.70279,0.7027100000000001,1,1
17.08.2021 00:19:10.144,0.7028,0.70269,1.87,1.5
17.08.2021 00:19:12.125,0.70277,0.70269,1,1
17.08.2021 00:19:12.227,0.70279,0.7026800000000001,1,1
17.08.2021 00:19:14.266,0.70279,0.70267,1.5,1.5
17.08.2021 00:19:28.554,0.70279,0.7026800000000001,1.5,1
17.08.2021 00:19:38.738,0.70279,0.7026800000000001,2,1
17.08.2021 00:19:38.839,0.70279,0.70267,1,1
17.08.2021 00:19:45.285,0.7028,0.7026800000000001,1,1
17.08.2021 00:19:45.386,0.70281,0.70269,1.5,1
17.08.2021 00:19:52.924,0.70284,0.70272,1.87,1.5
17.08.2021 00:19:53.884,0.70284,0.7027300000000001,1.87,1
17.08.2021 00:20:05.759,0.7028500000000001,0.7027300000000001,1.87,1.5
17.08.2021 00:20:13.338,0.7028800000000001,0.70276,1,1.5
17.08.2021 00:20:33.853,0.7028800000000001,0.7027800000000001,1.5,1
17.08.2021 00:20:33.954,0.70289,0.70277,1.5,1
17.08.2021 00:20:38.514,0.70289,0.7027800000000001,1.5,1
17.08.2021 00:20:46.947,0.7028800000000001,0.7027800000000001,1.5,1.5
17.08.2021 00:20:53.622,0.70287,0.70275,3,2.25
17.08.2021 00:20:58.104,0.7028500000000001,0.70274,1.12,1.5
17.08.2021 00:20:59.233,0.7028500000000001,0.7027300000000001,1.12,1.25
17.08.2021 00:20:59.848,0.70284,0.70272,1,1.69
17.08.2021 00:21:00.888,0.70284,0.7027300000000001,1,1
17.08.2021 00:21:01.040,0.7028500000000001,0.7027300000000001,1.12,1.5
17.08.2021 00:21:01.548,0.70284,0.70272,1,1.25
17.08.2021 00:21:01.650,0.7028300000000001,0.70274,1,1
17.08.2021 00:21:01.752,0.7028500000000001,0.7027300000000001,1.5,1.5
17.08.2021 00:21:06.107,0.70284,0.7027300000000001,1,1.5
17.08.2021 00:21:11.837,0.70284,0.70274,1.12,1.5
17.08.2021 00:21:16.349,0.7028500000000001,0.70274,1,1
17.08.2021 00:21:16.451,0.70286,0.70274,1.87,1.5
17.08.2021 00:21:17.016,0.7028500000000001,0.70274,1,1
17.08.2021 00:21:17.522,0.70286,0.70274,1.87,1.5
17.08.2021 00:21:17.899,0.7028500000000001,0.70274,1,1.5
17.08.2021 00:21:21.106,0.70286,0.70274,1.87,1.5
17.08.2021 00:21:24.073,0.7028500000000001,0.70274,1,1
17.08.2021 00:21:24.174,0.7028500000000001,0.70275,1.5,1.5
17.08.2021 00:21:25.638,0.70284,0.70275,1,1
17.08.2021 00:21:26.002,0.70286,0.70274,1.5,1.5
17.08.2021 00:21:26.420,0.7028500000000001,0.70274,1,1.5
17.08.2021 00:21:41.972,0.70284,0.70274,1,1
17.08.2021 00:21:42.125,0.7028300000000001,0.70274,1,1
17.08.2021 00:21:45.358,0.7028500000000001,0.7027300000000001,1.12,1.25
17.08.2021 00:22:33.630,0.7028500000000001,0.70274,2.62,1
17.08.2021 00:22:54.551,0.7028500000000001,0.7027300000000001,1,1.5
17.08.2021 00:22:58.975,0.7028500000000001,0.70274,1,1.5
17.08.2021 00:23:01.948,0.7028500000000001,0.70276,1.5,1
17.08.2021 00:23:02.730,0.7028800000000001,0.70277,1,1
17.08.2021 00:23:06.387,0.7028800000000001,0.7027800000000001,1,1
17.08.2021 00:23:06.489,0.7028800000000001,0.70279,1,1.5
17.08.2021 00:23:08.753,0.7029000000000001,0.70279,1.87,1
17.08.2021 00:23:11.819,0.7029000000000001,0.7028,1,1
17.08.2021 00:23:11.870,0.70292,0.70281,1,1
17.08.2021 00:23:11.972,0.70293,0.70282,1.12,1.5
17.08.2021 00:23:12.620,0.70294,0.70286,1.12,1
17.08.2021 00:23:13.990,0.70296,0.70286,3.31,1
17.08.2021 00:23:16.515,0.70296,0.7028500000000001,4.62,1
17.08.2021 00:23:21.056,0.70294,0.7028300000000001,1,2.44
17.08.2021 00:23:21.170,0.70293,0.7028300000000001,1,1.69
17.08.2021 00:23:22.850,0.70293,0.70282,1,2.25
17.08.2021 00:23:23.973,0.70293,0.70282,1.25,1
17.08.2021 00:23:24.024,0.7029000000000001,0.70281,1,1.5
17.08.2021 00:23:24.126,0.7029000000000001,0.70282,1,1
17.08.2021 00:23:26.271,0.70291,0.7028,1.5,1
17.08.2021 00:23:33.859,0.70292,0.70281,1.75,1
17.08.2021 00:23:48.485,0.70291,0.7028,1.25,1
17.08.2021 00:23:50.747,0.70292,0.7028,1.25,1
17.08.2021 00:23:51.455,0.70293,0.70281,1.25,1
17.08.2021 00:24:10.496,0.70292,0.70281,1,1
17.08.2021 00:24:43.904,0.70291,0.7028,1,1
17.08.2021 00:24:45.936,0.70292,0.7028,1,1
17.08.2021 00:25:28.475,0.70292,0.7028,1.5,1
17.08.2021 00:25:28.526,0.70289,0.70277,1.25,2.75
17.08.2021 00:25:28.627,0.70284,0.7027300000000001,1,1.87
17.08.2021 00:25:28.728,0.7028300000000001,0.7027300000000001,1,1.12
17.08.2021 00:25:32.389,0.70281,0.7027,1,2.25
17.08.2021 00:25:37.711,0.70282,0.70272,1.25,1
17.08.2021 00:25:41.413,0.7028300000000001,0.70272,1,1
17.08.2021 00:25:41.514,0.70284,0.70272,1.69,1
17.08.2021 00:25:42.510,0.7028500000000001,0.7027300000000001,1.25,1
17.08.2021 00:25:48.249,0.70284,0.70272,1,1
17.08.2021 00:25:51.905,0.7028300000000001,0.7027100000000001,1,1
17.08.2021 00:25:52.006,0.70282,0.7027,1,1.5
17.08.2021 00:26:00.878,0.7028,0.7027100000000001,1,1
17.08.2021 00:26:00.979,0.7027800000000001,0.7026600000000001,1,1.5
17.08.2021 00:27:02.023,0.70276,0.70265,1.75,1
17.08.2021 00:27:04.452,0.70277,0.70265,1.69,1
17.08.2021 00:27:18.642,0.70276,0.70264,1.5,1
17.08.2021 00:27:18.693,0.70275,0.70264,1.25,1
17.08.2021 00:27:18.844,0.70274,0.70262,1.25,1.62
17.08.2021 00:27:18.945,0.70272,0.7026100000000001,1,2
17.08.2021 00:27:23.684,0.7027,0.70259,1.75,1.5
17.08.2021 00:27:23.735,0.7026800000000001,0.7025600000000001,1,2.37
17.08.2021 00:27:23.836,0.70267,0.70255,1,1.62
17.08.2021 00:27:23.988,0.7026600000000001,0.7025600000000001,1,1
17.08.2021 00:27:27.481,0.70264,0.7025300000000001,1.25,1
17.08.2021 00:27:27.582,0.70262,0.7025300000000001,1.25,1
17.08.2021 00:27:27.785,0.70262,0.7025,1.25,1.12
17.08.2021 00:27:34.577,0.7026,0.70249,1,1.5
17.08.2021 00:27:37.486,0.7026,0.70249,1,1.5
17.08.2021 00:27:37.824,0.7026100000000001,0.70249,1,1.5
17.08.2021 00:27:43.421,0.7026300000000001,0.7025100000000001,1,1
17.08.2021 00:27:47.213,0.7026300000000001,0.70252,1,1
17.08.2021 00:27:47.264,0.70265,0.7025300000000001,1,1
17.08.2021 00:27:47.365,0.7026600000000001,0.7025399999999999,1,1
17.08.2021 00:27:47.466,0.70267,0.70255,1,1
17.08.2021 00:27:47.795,0.7026800000000001,0.7025600000000001,1,1.12
17.08.2021 00:27:49.155,0.70269,0.70257,1.5,1
17.08.2021 00:27:49.256,0.7026800000000001,0.7025600000000001,1,1.12
17.08.2021 00:27:50.472,0.7026600000000001,0.7025600000000001,1,1.25
17.08.2021 00:28:03.515,0.70267,0.7025600000000001,1,1
17.08.2021 00:28:06.177,0.70267,0.70257,1,1
17.08.2021 00:28:46.955,0.7026800000000001,0.7025800000000001,1.5,1
17.08.2021 00:28:52.472,0.7027,0.7025800000000001,1.5,1
17.08.2021 00:28:54.728,0.70269,0.70257,1,1
17.08.2021 00:29:29.277,0.70269,0.7025800000000001,1,1
17.08.2021 00:29:29.756,0.70269,0.70257,1.5,1.25
17.08.2021 00:29:31.233,0.70267,0.70257,1,1.25
17.08.2021 00:29:53.799,0.70269,0.70257,1.5,1.25
17.08.2021 00:30:00.145,0.70267,0.7025800000000001,1,1
17.08.2021 00:30:03.284,0.70267,0.7025600000000001,1,1
17.08.2021 00:30:03.385,0.7026600000000001,0.70255,1,1.25
17.08.2021 00:30:05.311,0.70265,0.7025399999999999,1,4.37
17.08.2021 00:30:31.329,0.70264,0.7025399999999999,1,1
17.08.2021 00:30:31.431,0.70265,0.7025399999999999,1,1.25
17.08.2021 00:30:37.888,0.70262,0.7025399999999999,1,1
17.08.2021 00:30:37.939,0.70262,0.70252,1,1
17.08.2021 00:30:38.040,0.70262,0.7025300000000001,1,1
17.08.2021 00:30:38.141,0.7026100000000001,0.70252,1,1
17.08.2021 00:30:38.192,0.7026100000000001,0.7025,1,1.69
17.08.2021 00:30:38.343,0.70262,0.7025,1,2.44
17.08.2021 00:30:38.916,0.70262,0.7025100000000001,1,1
17.08.2021 00:30:39.269,0.7026100000000001,0.7025,1,1
17.08.2021 00:30:45.105,0.7026,0.7025,1,1
17.08.2021 00:30:46.610,0.7026,0.70249,1,1.69
17.08.2021 00:30:58.792,0.70259,0.70249,1,1.87
17.08.2021 00:30:58.843,0.7025800000000001,0.70247,1,1
17.08.2021 00:30:58.945,0.70257,0.7024600000000001,1,2.81
17.08.2021 00:31:03.106,0.70257,0.70247,1,1.69
17.08.2021 00:31:05.059,0.7025800000000001,0.70247,1,1.75
17.08.2021 00:31:05.160,0.70259,0.70247,1,3.62
17.08.2021 00:31:06.378,0.70259,0.70249,1,1.25
17.08.2021 00:31:06.479,0.7026,0.70249,1,1.25
17.08.2021 00:31:24.727,0.7026100000000001,0.70249,1,1.25
17.08.2021 00:31:56.113,0.70262,0.7025100000000001,1,1.31
17.08.2021 00:32:00.354,0.70262,0.7025,1,1.69
17.08.2021 00:32:05.043,0.7026,0.7024800000000001,1,2.5
17.08.2021 00:32:09.106,0.7026100000000001,0.70249,1,1.25
17.08.2021 00:32:38.745,0.7026,0.7024800000000001,1,2.44
17.08.2021 00:32:38.846,0.7026100000000001,0.70249,1,1
17.08.2021 00:32:48.154,0.70259,0.70247,1,1.25
17.08.2021 00:32:48.256,0.7025800000000001,0.7024600000000001,1.5,1
17.08.2021 00:32:48.358,0.70257,0.70244,1,1.75
17.08.2021 00:32:49.770,0.7025600000000001,0.70244,1,1.25
17.08.2021 00:32:51.053,0.7025600000000001,0.70244,1,1.25
17.08.2021 00:33:08.859,0.70255,0.70243,1,1.12
17.08.2021 00:33:10.662,0.7025399999999999,0.70242,1,1.69
17.08.2021 00:33:11.387,0.7025300000000001,0.70242,1,1
17.08.2021 00:33:15.106,0.7025300000000001,0.70243,1,1.5
17.08.2021 00:33:31.199,0.7025300000000001,0.7024100000000001,1.5,2.44
17.08.2021 00:33:31.301,0.70249,0.70238,1,2.06
17.08.2021 00:33:32.106,0.70249,0.70237,1,1.69
17.08.2021 00:34:02.981,0.70249,0.70237,1,2.5
17.08.2021 00:34:03.082,0.7025100000000001,0.70239,1.12,1.69
17.08.2021 00:34:06.144,0.7025100000000001,0.7024,1,1
17.08.2021 00:34:10.305,0.7025100000000001,0.70239,1,1.69
17.08.2021 00:34:11.757,0.7025,0.7024,1,2.5
17.08.2021 00:34:12.735,0.7025,0.70242,1,1
17.08.2021 00:34:12.836,0.70252,0.7024100000000001,1,1.12
17.08.2021 00:34:14.752,0.7025300000000001,0.7024100000000001,1,1.31
17.08.2021 00:34:31.482,0.7025399999999999,0.7024100000000001,1,1.31
17.08.2021 00:34:32.377,0.7025399999999999,0.70242,1,1.69
17.08.2021 00:34:32.478,0.7025600000000001,0.70244,1,1
17.08.2021 00:34:39.315,0.70257,0.70245,1,1
17.08.2021 00:34:41.535,0.70257,0.70244,1,2.44
17.08.2021 00:34:41.637,0.70257,0.70245,1,1
17.08.2021 00:34:49.214,0.7025600000000001,0.70244,1,1.31
17.08.2021 00:35:03.785,0.70255,0.70243,1,2.81
17.08.2021 00:35:04.080,0.7025600000000001,0.70244,1,1
17.08.2021 00:35:20.095,0.70259,0.7024600000000001,1.5,2.81
17.08.2021 00:35:20.247,0.7026100000000001,0.7024800000000001,1.5,1.69
17.08.2021 00:35:20.298,0.70262,0.70249,1,1.5
17.08.2021 00:35:20.399,0.70262,0.7025,1,1
17.08.2021 00:35:21.661,0.70264,0.70252,1,1
17.08.2021 00:35:21.863,0.70262,0.7025100000000001,1,2.44
17.08.2021 00:35:36.106,0.7026300000000001,0.7025100000000001,1,1
17.08.2021 00:35:39.558,0.7026300000000001,0.7025,1,1.69
17.08.2021 00:35:47.644,0.7026100000000001,0.70249,1,1
17.08.2021 00:35:47.746,0.7026300000000001,0.7025,1.12,1.69
17.08.2021 00:35:47.847,0.70264,0.7025100000000001,1.5,1.25
17.08.2021 00:35:47.949,0.7026300000000001,0.7025,1,1.69
17.08.2021 00:36:21.494,0.70265,0.70252,1,1.5
17.08.2021 00:36:21.596,0.7026600000000001,0.7025600000000001,2,1
17.08.2021 00:36:21.697,0.7026600000000001,0.7025600000000001,1,1
17.08.2021 00:36:31.916,0.70269,0.7025600000000001,1,1
17.08.2021 00:36:46.939,0.7026800000000001,0.70255,1,1
17.08.2021 00:37:23.153,0.7026600000000001,0.70255,1,1
17.08.2021 00:37:46.823,0.70265,0.70252,1,1.5
17.08.2021 00:37:46.924,0.7026300000000001,0.70252,1,3
17.08.2021 00:37:47.459,0.7026300000000001,0.7025,1,1.69
17.08.2021 00:38:00.171,0.7026300000000001,0.70249,1.5,1.25
17.08.2021 00:38:13.795,0.70262,0.7025100000000001,1.5,1
17.08.2021 00:38:13.946,0.7026300000000001,0.70249,1.5,1.25
17.08.2021 00:39:35.109,0.7026300000000001,0.7025,1,1
17.08.2021 00:39:38.585,0.7026100000000001,0.7025,1,1.5
17.08.2021 00:39:50.211,0.7026100000000001,0.70249,1,2.25
17.08.2021 00:39:51.705,0.70259,0.7024800000000001,1,1
17.08.2021 00:39:51.756,0.7025800000000001,0.70245,3,2.25
17.08.2021 00:39:51.959,0.7025800000000001,0.70245,1,1
17.08.2021 00:39:55.042,0.7025600000000001,0.70245,1,1.5
17.08.2021 00:39:56.393,0.70257,0.70247,1,1
17.08.2021 00:39:56.495,0.7026100000000001,0.7025300000000001,1.12,2.44
17.08.2021 00:39:56.596,0.70269,0.7025600000000001,1.75,2.62
17.08.2021 00:39:56.646,0.7027,0.70257,1,1.69
17.08.2021 00:39:56.697,0.70272,0.70259,1.87,1
17.08.2021 00:40:05.542,0.70272,0.7026100000000001,1.5,1
17.08.2021 00:40:07.142,0.70274,0.7026100000000001,1.5,1
17.08.2021 00:40:07.243,0.70272,0.7026100000000001,1,1
17.08.2021 00:40:09.649,0.70275,0.7026100000000001,1.5,1.25
17.08.2021 00:40:09.751,0.70275,0.70262,1,1
17.08.2021 00:40:15.106,0.70275,0.70264,1,1
17.08.2021 00:40:17.286,0.70277,0.70264,1.5,1
17.08.2021 00:40:17.488,0.7027800000000001,0.70265,1,1
17.08.2021 00:40:28.443,0.70279,0.70265,1.5,1.69
17.08.2021 00:40:28.545,0.7027800000000001,0.70267,1.5,1
17.08.2021 00:40:31.351,0.7027800000000001,0.7026600000000001,1,1.69
17.08.2021 00:40:35.539,0.7027800000000001,0.70265,1,1.69
17.08.2021 00:41:16.606,0.70277,0.70264,1,1
17.08.2021 00:41:16.910,0.70276,0.7026300000000001,1,1.69
17.08.2021 00:41:20.539,0.70274,0.70262,1,4.12
17.08.2021 00:41:23.448,0.70275,0.7026100000000001,1,3.94
17.08.2021 00:41:24.157,0.70275,0.70262,1,1
17.08.2021 00:41:24.337,0.70275,0.7026100000000001,1,2.81
17.08.2021 00:41:31.582,0.70274,0.7026100000000001,1,3.19
17.08.2021 00:41:45.966,0.7027100000000001,0.7026100000000001,1,1.75
17.08.2021 00:41:46.119,0.70272,0.70262,1,2.5
17.08.2021 00:42:01.190,0.7027300000000001,0.7026100000000001,1,1.5
17.08.2021 00:42:13.244,0.70274,0.7026100000000001,1.5,2.25
17.08.2021 00:42:14.785,0.7027300000000001,0.7026100000000001,1,2.25
17.08.2021 00:42:21.026,0.70274,0.7026100000000001,1.5,3.37
17.08.2021 00:42:48.845,0.7027300000000001,0.7026100000000001,1,2.25
17.08.2021 00:42:59.430,0.70272,0.7026300000000001,1,1
17.08.2021 00:42:59.689,0.7027300000000001,0.7026100000000001,1,2.25
17.08.2021 00:43:34.495,0.70272,0.7026,3.19,1
17.08.2021 00:43:34.596,0.70269,0.70257,1.5,2.62
17.08.2021 00:43:34.698,0.7026800000000001,0.70257,1,1.25
17.08.2021 00:43:34.799,0.70267,0.70257,1,2.25
17.08.2021 00:43:35.254,0.70265,0.70255,1,1
17.08.2021 00:43:35.355,0.70265,0.7025399999999999,1,1.5
17.08.2021 00:43:35.456,0.70264,0.7025399999999999,1,2.06
17.08.2021 00:43:35.932,0.7026600000000001,0.7025399999999999,1,1.5
17.08.2021 00:43:47.733,0.70267,0.7025399999999999,1,2.25
17.08.2021 00:43:50.835,0.70265,0.70255,1,2.25
17.08.2021 00:44:23.309,0.70267,0.70255,1,1
17.08.2021 00:44:29.747,0.70269,0.70257,1.5,1
17.08.2021 00:44:29.848,0.70269,0.70259,1.5,1
17.08.2021 00:44:30.101,0.7027100000000001,0.70259,2.25,1
17.08.2021 00:44:31.768,0.7027100000000001,0.7026100000000001,2.25,1
17.08.2021 00:44:31.819,0.70272,0.70262,1.69,1
17.08.2021 00:44:38.067,0.70269,0.7025800000000001,1,1
17.08.2021 00:44:38.169,0.7026800000000001,0.7025600000000001,1,1
17.08.2021 00:45:19.529,0.70267,0.70255,1.5,1.5
17.08.2021 00:45:22.368,0.7026600000000001,0.7025300000000001,2.25,1.5
17.08.2021 00:45:22.470,0.70265,0.7025300000000001,1,1.5
17.08.2021 00:45:24.847,0.70264,0.70252,1,3.75
17.08.2021 00:45:24.898,0.7026,0.70249,1,2.12
17.08.2021 00:45:24.999,0.7026,0.7024800000000001,1,2.75
17.08.2021 00:45:25.100,0.7026,0.7024800000000001,1,2.25
17.08.2021 00:45:25.828,0.7026100000000001,0.70249,1,1
17.08.2021 00:45:31.614,0.70262,0.7025100000000001,1,1
17.08.2021 00:45:31.715,0.7026300000000001,0.7025100000000001,1,1.5
17.08.2021 00:45:31.928,0.7026300000000001,0.7025,1.5,1.5
17.08.2021 00:45:35.230,0.70262,0.7025,1,1.5
17.08.2021 00:45:43.796,0.7026300000000001,0.70252,1.5,4.25
17.08.2021 00:45:43.897,0.70264,0.7025100000000001,1.5,3.19
17.08.2021 00:45:44.205,0.70264,0.70252,1,1
17.08.2021 00:45:47.838,0.7026300000000001,0.7025100000000001,1.5,1
17.08.2021 00:45:51.142,0.70262,0.7025,1,1
17.08.2021 00:46:14.202,0.7026,0.7025,1,3.37
17.08.2021 00:46:20.200,0.7026,0.7024800000000001,1,1.87
17.08.2021 00:46:21.103,0.7025800000000001,0.7024800000000001,1.5,1
17.08.2021 00:46:21.306,0.7025800000000001,0.7024600000000001,1,1
17.08.2021 00:46:23.717,0.70257,0.7024600000000001,1,1
17.08.2021 00:46:24.149,0.7025800000000001,0.7024600000000001,1.5,1
17.08.2021 00:46:25.303,0.70255,0.70242,1.5,1.87
17.08.2021 00:46:25.405,0.7025399999999999,0.70242,1,1.12
17.08.2021 00:46:26.012,0.7025399999999999,0.70243,1,1
17.08.2021 00:46:33.785,0.70255,0.70243,1.5,1
17.08.2021 00:46:44.573,0.7025399999999999,0.70243,1,1
17.08.2021 00:46:44.674,0.7025300000000001,0.70243,1.5,1
17.08.2021 00:46:45.233,0.7025300000000001,0.70244,1,1
17.08.2021 00:46:45.334,0.70255,0.70243,1.5,1
17.08.2021 00:46:45.435,0.70255,0.70244,2.44,1
17.08.2021 00:46:46.549,0.70255,0.70243,1,1.5
17.08.2021 00:46:46.654,0.7025300000000001,0.70242,1,1.12
17.08.2021 00:46:46.806,0.7025300000000001,0.7024100000000001,1,1.25
17.08.2021 00:46:46.958,0.70255,0.70243,2.06,1
17.08.2021 00:46:50.571,0.7025600000000001,0.70244,1.25,1
17.08.2021 00:47:01.652,0.70257,0.70245,2.5,1
17.08.2021 00:47:08.971,0.70255,0.70243,1.31,1.5
17.08.2021 00:47:13.532,0.7025300000000001,0.70242,1.25,1.5
17.08.2021 00:47:14.658,0.7025,0.70239,1,1
17.08.2021 00:47:18.107,0.70249,0.70239,3.19,1
17.08.2021 00:47:19.365,0.7025,0.70239,1,1
17.08.2021 00:47:19.466,0.7025100000000001,0.70239,3.19,1
17.08.2021 00:47:20.085,0.7025100000000001,0.7024100000000001,1.5,1
17.08.2021 00:47:20.136,0.7025100000000001,0.70239,2.25,1
17.08.2021 00:47:20.237,0.70249,0.70239,1.12,1.5
17.08.2021 00:47:21.569,0.70249,0.70238,1,1
17.08.2021 00:47:21.670,0.7024800000000001,0.70237,1,1
17.08.2021 00:47:27.128,0.7024800000000001,0.7023600000000001,1.69,1
17.08.2021 00:47:29.617,0.7024800000000001,0.70238,1.5,1.12
17.08.2021 00:47:30.342,0.70249,0.70238,1,1
17.08.2021 00:47:30.798,0.7025100000000001,0.70239,4.37,1
17.08.2021 00:47:34.112,0.7025,0.70238,1.25,1.5
17.08.2021 00:47:43.285,0.7025,0.70238,2.5,1
17.08.2021 00:47:43.336,0.70247,0.7023600000000001,1,1
17.08.2021 00:48:00.744,0.70247,0.70235,1,1
17.08.2021 00:48:12.518,0.7024600000000001,0.70234,1,2.25
17.08.2021 00:48:17.807,0.7024600000000001,0.7023600000000001,1,1.5
17.08.2021 00:48:22.952,0.7024600000000001,0.70235,1,1
17.08.2021 00:48:23.053,0.70245,0.70235,1,2.25
17.08.2021 00:48:43.383,0.7024600000000001,0.7023600000000001,1.5,1.5
17.08.2021 00:48:45.546,0.70244,0.70233,1,1
17.08.2021 00:48:45.647,0.70242,0.70234,1,1
17.08.2021 00:48:46.941,0.70243,0.7023100000000001,1,2.62
17.08.2021 00:48:48.145,0.70243,0.70233,1,1
17.08.2021 00:48:52.772,0.70243,0.7023100000000001,1,1
17.08.2021 00:49:01.388,0.70244,0.7023100000000001,2.25,3
17.08.2021 00:49:01.489,0.70244,0.70232,1,1.5
17.08.2021 00:49:02.291,0.70242,0.70233,1,1
17.08.2021 00:49:06.107,0.70244,0.70232,1,1.5
17.08.2021 00:49:12.802,0.70243,0.7023100000000001,1,1.5
17.08.2021 00:49:12.903,0.70243,0.7023100000000001,1,3.5
17.08.2021 00:49:13.106,0.70243,0.7023100000000001,1,2.25
17.08.2021 00:49:13.794,0.70243,0.7023100000000001,1,5
17.08.2021 00:49:14.983,0.70243,0.7023100000000001,1,2.25
17.08.2021 00:49:18.870,0.70244,0.70232,1,1
17.08.2021 00:49:33.107,0.70244,0.70233,1.25,1
17.08.2021 00:49:50.616,0.70245,0.70233,1.69,1
17.08.2021 00:49:50.717,0.70245,0.70234,1.25,1
17.08.2021 00:49:51.588,0.7024600000000001,0.70239,1,1.5
17.08.2021 00:49:51.639,0.7025,0.70238,2.81,1
17.08.2021 00:49:53.207,0.7025,0.70239,1.69,1
17.08.2021 00:49:57.447,0.70252,0.7024,2.44,1
17.08.2021 00:50:00.693,0.70252,0.7024100000000001,1.69,1
17.08.2021 00:50:03.795,0.70252,0.70243,1.12,1
17.08.2021 00:50:08.817,0.7025300000000001,0.70243,2.44,1
17.08.2021 00:50:16.128,0.7025300000000001,0.70242,1.25,1.5
17.08.2021 00:50:16.231,0.7025,0.70239,1.25,1.5
17.08.2021 00:50:16.333,0.7025100000000001,0.7024,1.5,1
17.08.2021 00:50:16.486,0.7025300000000001,0.7024100000000001,2.5,1
17.08.2021 00:50:45.561,0.7025300000000001,0.70242,1,1
17.08.2021 00:50:49.967,0.70255,0.70243,1.25,1
17.08.2021 00:50:57.354,0.7025399999999999,0.70242,1,2.25
17.08.2021 00:50:57.505,0.7025300000000001,0.70244,1,1
17.08.2021 00:51:02.418,0.7025399999999999,0.70242,1,1.5
17.08.2021 00:51:02.519,0.7025300000000001,0.70242,1.25,1
17.08.2021 00:51:03.128,0.70252,0.7024100000000001,1.75,1.5
17.08.2021 00:51:03.229,0.7025100000000001,0.7024,1,1
17.08.2021 00:51:09.390,0.7025100000000001,0.70239,1,1
17.08.2021 00:51:09.491,0.7025100000000001,0.7024,1,1
17.08.2021 00:51:15.333,0.70252,0.70243,1.5,1.87
17.08.2021 00:51:15.507,0.7024800000000001,0.70238,1,1
17.08.2021 00:51:15.609,0.70247,0.70235,1,1
17.08.2021 00:51:21.498,0.7024800000000001,0.7023600000000001,1,1
17.08.2021 00:51:21.600,0.7025,0.70238,2.06,1
17.08.2021 00:51:21.702,0.70252,0.70242,1.12,1
17.08.2021 00:51:21.805,0.7025300000000001,0.7024100000000001,1,2.25
17.08.2021 00:51:22.202,0.7025100000000001,0.70242,1,1.5
17.08.2021 00:51:31.718,0.7024800000000001,0.70238,1,1
17.08.2021 00:51:31.824,0.7024800000000001,0.7023600000000001,1.69,1.5
17.08.2021 00:51:31.925,0.70247,0.7023600000000001,1,1
17.08.2021 00:51:38.625,0.70244,0.70234,1.5,1.12
17.08.2021 00:51:38.677,0.70243,0.70232,1,1.5
17.08.2021 00:51:38.778,0.70243,0.70232,1,1
17.08.2021 00:51:38.931,0.70244,0.70232,1.5,1
17.08.2021 00:51:43.225,0.70243,0.7023100000000001,1,1
17.08.2021 00:51:45.287,0.70245,0.70235,1,1
17.08.2021 00:51:45.388,0.7024800000000001,0.70238,1,1
17.08.2021 00:51:45.641,0.70247,0.70238,1,1
17.08.2021 00:51:45.742,0.70247,0.70237,1,1
17.08.2021 00:51:45.843,0.70247,0.7023600000000001,1,1
17.08.2021 00:51:50.399,0.7024800000000001,0.7023600000000001,1.5,1
17.08.2021 00:51:57.043,0.7024800000000001,0.70237,1,1
17.08.2021 00:51:58.526,0.7024600000000001,0.7023600000000001,1,1
17.08.2021 00:52:08.561,0.7025100000000001,0.70239,1,1
17.08.2021 00:52:14.221,0.7024800000000001,0.70237,1.5,1
17.08.2021 00:52:14.374,0.7024800000000001,0.7023600000000001,1.5,1
17.08.2021 00:52:18.107,0.70247,0.70235,1,1.5
17.08.2021 00:52:34.328,0.70247,0.70235,1.5,1.5
17.08.2021 00:52:34.379,0.70245,0.70233,1.5,1
17.08.2021 00:52:34.989,0.70245,0.70234,1.12,1
17.08.2021 00:52:36.060,0.7024600000000001,0.70234,1.69,1
17.08.2021 00:52:36.262,0.70247,0.70235,1.25,1
17.08.2021 00:52:40.757,0.7024800000000001,0.7023600000000001,1.69,1
17.08.2021 00:52:42.444,0.7024800000000001,0.70237,1.25,1
17.08.2021 00:52:43.023,0.7024800000000001,0.7023600000000001,1.25,1
17.08.2021 00:52:55.443,0.70249,0.70237,1.69,1
17.08.2021 00:53:00.107,0.7025,0.70238,2.06,1
17.08.2021 00:53:00.587,0.7025,0.70239,1.87,1
17.08.2021 00:53:00.638,0.7025300000000001,0.70243,2.37,1
17.08.2021 00:53:00.740,0.7025800000000001,0.7024800000000001,2,1.12
17.08.2021 00:53:00.891,0.7026,0.7024800000000001,1.87,1
17.08.2021 00:53:10.840,0.7026,0.70249,1.12,1
17.08.2021 00:53:11.831,0.7026,0.7024800000000001,1.87,1
17.08.2021 00:53:55.708,0.70255,0.70245,1.12,1
17.08.2021 00:53:55.809,0.7025399999999999,0.70244,1,1.12
17.08.2021 00:54:06.688,0.7025399999999999,0.70242,1.5,2.62
17.08.2021 00:54:15.781,0.7025300000000001,0.70244,1,1
17.08.2021 00:54:19.907,0.70255,0.70243,1.5,1
17.08.2021 00:54:30.256,0.70255,0.70244,1,1
17.08.2021 00:54:30.357,0.7025600000000001,0.70244,1,1
17.08.2021 00:54:30.674,0.7025600000000001,0.7024600000000001,1,1
17.08.2021 00:54:32.479,0.7025600000000001,0.70244,1,1.5
17.08.2021 00:54:35.140,0.70257,0.70245,1.5,1
17.08.2021 00:54:36.648,0.70259,0.70247,1.5,1.87
17.08.2021 00:54:36.749,0.7026100000000001,0.70249,1.87,1.5
17.08.2021 00:54:36.850,0.70262,0.7025,1.5,1
17.08.2021 00:54:43.103,0.70259,0.7024800000000001,1,1
17.08.2021 00:54:43.205,0.70259,0.70247,1,3
17.08.2021 00:54:44.846,0.70257,0.7024800000000001,1,1
17.08.2021 00:54:46.135,0.70257,0.7024600000000001,1.25,1
17.08.2021 00:54:46.186,0.7025600000000001,0.70244,1,1.5
17.08.2021 00:54:47.622,0.7025399999999999,0.70242,1,1.5
17.08.2021 00:54:47.956,0.7025300000000001,0.7024100000000001,1,1.5
17.08.2021 00:54:50.130,0.7025,0.7024,1.12,1
17.08.2021 00:54:50.181,0.7024800000000001,0.70238,1,2
17.08.2021 00:54:50.383,0.7025,0.70238,1,1
17.08.2021 00:54:50.434,0.7024800000000001,0.70237,1,1
17.08.2021 00:54:50.535,0.7024800000000001,0.7023600000000001,1,1.5
17.08.2021 00:54:53.359,0.70245,0.70233,1.12,1.5
17.08.2021 00:54:54.658,0.70245,0.70234,1.87,1
17.08.2021 00:54:54.787,0.70245,0.70233,1.87,1
17.08.2021 00:54:55.440,0.70242,0.70232,1,2.25
17.08.2021 00:54:56.280,0.70244,0.70233,1,1
17.08.2021 00:54:57.704,0.70244,0.70234,1.5,1
17.08.2021 00:54:58.129,0.70244,0.7023600000000001,1,6
17.08.2021 00:54:58.180,0.70249,0.70237,1,2.81
17.08.2021 00:54:58.231,0.7024800000000001,0.7024,1,1
17.08.2021 00:54:58.282,0.7025100000000001,0.7024,1.12,1
17.08.2021 00:54:59.552,0.70252,0.7024100000000001,1,1
17.08.2021 00:54:59.653,0.7025399999999999,0.70243,1,1
17.08.2021 00:55:00.039,0.7025399999999999,0.70242,1,2.25
17.08.2021 00:55:00.241,0.7025,0.70238,1.12,3.94
17.08.2021 00:55:01.329,0.70249,0.70238,1,1.5
17.08.2021 00:55:02.370,0.7025,0.70238,1,1.5
17.08.2021 00:55:02.540,0.7025100000000001,0.70239,1.5,1
17.08.2021 00:55:02.641,0.7025,0.70239,1.5,1
17.08.2021 00:55:04.898,0.70249,0.70237,1.5,1
17.08.2021 00:55:05.510,0.70249,0.70239,1,1.5
17.08.2021 00:55:05.611,0.7025100000000001,0.70239,1.69,1
17.08.2021 00:55:06.746,0.7025100000000001,0.7024,1.5,1
17.08.2021 00:55:10.447,0.70249,0.70237,1.69,1
17.08.2021 00:55:14.605,0.70249,0.70238,1,1
17.08.2021 00:55:14.706,0.7025,0.7024100000000001,2.81,1
17.08.2021 00:55:14.858,0.7025,0.70239,1,1
17.08.2021 00:55:19.719,0.7025,0.70238,1,1
17.08.2021 00:55:20.229,0.7025100000000001,0.70239,2.44,1
17.08.2021 00:55:20.380,0.7025,0.70238,1,1
17.08.2021 00:55:27.888,0.7024800000000001,0.70237,1,1
17.08.2021 00:55:35.713,0.7024800000000001,0.7023600000000001,1,1
17.08.2021 00:55:40.610,0.7024600000000001,0.70235,1.62,1
17.08.2021 00:55:40.711,0.7024600000000001,0.70234,2.75,1
17.08.2021 00:55:42.091,0.70245,0.70233,1.87,1
17.08.2021 00:55:49.492,0.70243,0.70233,1,1
17.08.2021 00:55:57.766,0.70244,0.70234,1.5,1
17.08.2021 00:55:57.974,0.70244,0.70235,1.5,1
17.08.2021 00:56:05.688,0.7024600000000001,0.70235,1,1
17.08.2021 00:56:05.789,0.70247,0.70235,1,1
17.08.2021 00:56:07.936,0.7024800000000001,0.7023600000000001,1,1
17.08.2021 00:56:11.916,0.70249,0.70237,2.81,1
17.08.2021 00:56:12.026,0.7024800000000001,0.7023600000000001,1,1
17.08.2021 00:56:12.128,0.7024800000000001,0.70238,2.25,1
17.08.2021 00:56:31.726,0.7024800000000001,0.7023600000000001,1,1
17.08.2021 00:56:34.052,0.70249,0.70237,1.69,1
17.08.2021 00:56:41.445,0.7025,0.70238,1.87,1
17.08.2021 00:56:47.841,0.7025,0.70239,1.12,1
17.08.2021 00:56:54.406,0.7024800000000001,0.70238,1,1.87
17.08.2021 00:57:21.882,0.70252,0.7024,1,3.94
17.08.2021 00:57:21.984,0.7025300000000001,0.70242,1,1.87
17.08.2021 00:57:22.135,0.7025399999999999,0.70242,1,1.5
17.08.2021 00:57:22.886,0.70252,0.70242,1,2.25
17.08.2021 00:57:24.850,0.70252,0.7024100000000001,1,1
17.08.2021 00:58:02.637,0.7025,0.7024,1,3
17.08.2021 00:58:03.146,0.7025100000000001,0.7024,1,1
17.08.2021 00:58:06.157,0.70252,0.7024,1,1.5
17.08.2021 00:58:08.731,0.70252,0.70243,1,1.5
17.08.2021 00:58:11.076,0.7025399999999999,0.70242,1,1.5
17.08.2021 00:58:11.178,0.7025300000000001,0.7024100000000001,1.5,1.5
17.08.2021 00:58:15.112,0.70252,0.7024,1,2.25
17.08.2021 00:58:29.334,0.7025300000000001,0.7024100000000001,1,3
17.08.2021 00:58:29.456,0.7025300000000001,0.70242,1,1
17.08.2021 00:58:30.150,0.7025300000000001,0.7024100000000001,1,3
17.08.2021 00:58:45.599,0.70255,0.70242,1.69,2.62
17.08.2021 00:58:45.701,0.70255,0.70243,1.5,1
17.08.2021 00:58:45.853,0.7025600000000001,0.7024600000000001,1.75,1
17.08.2021 00:58:46.005,0.70257,0.70245,1.25,1
17.08.2021 00:59:04.638,0.7025800000000001,0.7024600000000001,1,1
17.08.2021 00:59:11.748,0.70257,0.70245,1,2.25
17.08.2021 00:59:30.776,0.70255,0.70245,1.25,1
17.08.2021 00:59:30.827,0.70255,0.70243,1.75,1
17.08.2021 00:59:35.900,0.7025399999999999,0.70245,1,1.5
17.08.2021 00:59:36.002,0.7025399999999999,0.70243,1.25,1
17.08.2021 00:59:36.297,0.70252,0.70244,1,1
17.08.2021 00:59:36.449,0.7025,0.7024100000000001,1,1.5
17.08.2021 00:59:36.551,0.7025100000000001,0.70239,1,2.62
17.08.2021 00:59:57.789,0.7024600000000001,0.70238,1,1
17.08.2021 00:59:57.840,0.70245,0.70233,1.87,2.94
17.08.2021 00:59:57.941,0.70243,0.70233,1.5,2
17.08.2021 00:59:57.992,0.70244,0.70232,1.5,1.5
17.08.2021 00:59:58.650,0.70245,0.70235,1,2.25
17.08.2021 01:00:00.333,0.7024600000000001,0.70235,1,1
17.08.2021 01:00:00.383,0.7024800000000001,0.70235,1.25,1
17.08.2021 01:00:01.019,0.7024800000000001,0.70238,1.25,1.87
17.08.2021 01:00:01.121,0.7025,0.70238,1.25,1.5
17.08.2021 01:00:02.640,0.70252,0.7024100000000001,1,1.5
17.08.2021 01:00:02.741,0.70252,0.7024100000000001,1,2
17.08.2021 01:00:02.943,0.7025399999999999,0.70242,1,2.62
17.08.2021 01:00:03.045,0.70255,0.70243,1,1.5
17.08.2021 01:00:04.212,0.7025399999999999,0.70242,1,1.87
17.08.2021 01:00:05.022,0.7025300000000001,0.7024100000000001,1.5,2.25
17.08.2021 01:00:05.124,0.7025100000000001,0.7024100000000001,1,1.5
17.08.2021 01:00:10.842,0.70249,0.70239,1,1.87
17.08.2021 01:00:11.145,0.7025100000000001,0.70239,1,1
17.08.2021 01:00:13.027,0.7025300000000001,0.7024100000000001,1,2.75
17.08.2021 01:00:13.128,0.7025399999999999,0.70243,1,1
17.08.2021 01:00:13.721,0.70255,0.70245,1,1
17.08.2021 01:00:16.176,0.7025399999999999,0.70242,1,2.25
17.08.2021 01:00:16.278,0.7025399999999999,0.70244,1.5,1
17.08.2021 01:00:17.086,0.7025399999999999,0.70242,1.5,1.12
17.08.2021 01:00:18.027,0.7025399999999999,0.7024100000000001,1.75,1.12
17.08.2021 01:00:18.128,0.7025300000000001,0.7024100000000001,1.75,1.12
17.08.2021 01:00:19.016,0.7025300000000001,0.7024100000000001,1.69,1
17.08.2021 01:00:19.219,0.70252,0.7024,1,1.5
17.08.2021 01:00:25.011,0.7025399999999999,0.70242,1.5,1
17.08.2021 01:00:25.113,0.7025600000000001,0.70244,1.5,1
17.08.2021 01:00:25.811,0.70255,0.70244,1.5,3
17.08.2021 01:00:28.016,0.7025600000000001,0.70244,1.5,1
17.08.2021 01:00:31.573,0.7025600000000001,0.70245,1.5,1
17.08.2021 01:00:35.192,0.70255,0.70244,1.5,1
17.08.2021 01:00:35.293,0.70255,0.70243,1.5,1
17.08.2021 01:00:37.552,0.7025600000000001,0.70244,1.5,1
17.08.2021 01:00:42.631,0.7025399999999999,0.70244,1,1
17.08.2021 01:00:42.833,0.7025600000000001,0.70244,1.69,1
17.08.2021 01:00:45.757,0.70257,0.70245,1.25,1
17.08.2021 01:00:49.024,0.70255,0.70243,1.5,1.5
17.08.2021 01:00:55.791,0.70255,0.70244,1.5,1
17.08.2021 01:00:55.905,0.7025399999999999,0.70244,1.5,1.5
17.08.2021 01:01:00.418,0.70255,0.70244,1.5,1.5
17.08.2021 01:01:00.893,0.70257,0.70245,1,1.5
17.08.2021 01:01:12.643,0.7025600000000001,0.7024600000000001,4,1
17.08.2021 01:01:12.694,0.70255,0.70242,1.69,1
17.08.2021 01:01:12.744,0.7025300000000001,0.7024100000000001,1.25,1.87
17.08.2021 01:01:13.098,0.7025300000000001,0.7024,1.25,1.5
17.08.2021 01:01:13.907,0.7025300000000001,0.7024100000000001,1,1
17.08.2021 01:01:14.009,0.70257,0.70245,1.81,1
17.08.2021 01:01:14.160,0.7025600000000001,0.7024600000000001,1.25,1
17.08.2021 01:01:18.112,0.7025600000000001,0.70244,1,1.5
17.08.2021 01:01:20.596,0.70257,0.70245,1.75,1
17.08.2021 01:01:22.686,0.70257,0.70245,1.25,1
17.08.2021 01:01:23.206,0.70257,0.70244,1.25,1.5
17.08.2021 01:01:24.349,0.70255,0.70243,1,1
17.08.2021 01:01:25.984,0.70257,0.70245,1.75,1
17.08.2021 01:01:26.513,0.7025600000000001,0.70244,1.75,1
17.08.2021 01:01:28.710,0.7025600000000001,0.70244,1.25,1
17.08.2021 01:01:30.242,0.7025600000000001,0.70244,1.25,1
17.08.2021 01:01:30.826,0.7025399999999999,0.70242,2.5,1
17.08.2021 01:01:32.231,0.70252,0.7024100000000001,1,1
17.08.2021 01:01:32.613,0.7025,0.7024,1.69,1
17.08.2021 01:01:32.715,0.7025,0.70238,1.87,1
17.08.2021 01:01:33.101,0.7024800000000001,0.70238,1.69,1
17.08.2021 01:01:33.210,0.70249,0.70237,2.5,1
17.08.2021 01:01:34.410,0.70249,0.7023600000000001,2.5,1
17.08.2021 01:01:42.128,0.70249,0.70237,1,1
17.08.2021 01:01:42.536,0.7025,0.70238,1.25,1
17.08.2021 01:01:42.637,0.70249,0.70238,1.25,1.87
17.08.2021 01:01:42.789,0.7025,0.70238,1.25,1
17.08.2021 01:01:50.526,0.70249,0.70238,1,1
17.08.2021 01:01:57.413,0.70249,0.70237,1.5,1.12
17.08.2021 01:02:03.680,0.70247,0.70235,2.5,1.12
17.08.2021 01:02:03.782,0.70245,0.70234,1.5,1.5
17.08.2021 01:02:03.883,0.70244,0.70232,1.5,1.5
17.08.2021 01:02:11.872,0.70243,0.7023100000000001,4.75,1
17.08.2021 01:02:11.974,0.7024,0.70229,1,1.12
17.08.2021 01:02:12.227,0.7024100000000001,0.70229,1,1
17.08.2021 01:02:21.108,0.70242,0.70229,1,1.5
17.08.2021 01:02:22.010,0.70244,0.7023100000000001,1.5,4.44
17.08.2021 01:02:26.686,0.70244,0.70235,1.12,1.5
17.08.2021 01:02:26.787,0.70244,0.70234,1.12,1.87
17.08.2021 01:02:27.195,0.70244,0.70233,1,1
17.08.2021 01:02:32.128,0.70243,0.70233,1.5,2.62
17.08.2021 01:02:36.801,0.70244,0.70234,1.5,1
17.08.2021 01:02:36.953,0.70244,0.70232,1.5,2.25
17.08.2021 01:02:41.472,0.70243,0.7023100000000001,1.25,1
17.08.2021 01:02:43.056,0.70242,0.7023,1,1
17.08.2021 01:03:15.772,0.70243,0.7023,1,1.5
17.08.2021 01:03:16.506,0.70244,0.7023100000000001,1,2.44
17.08.2021 01:03:16.895,0.70243,0.7023100000000001,1,1.5
17.08.2021 01:03:21.811,0.70243,0.7023,1.5,1.5
17.08.2021 01:03:22.194,0.7024100000000001,0.7023100000000001,1,1
17.08.2021 01:03:22.547,0.70242,0.70229,1,1.5
17.08.2021 01:03:27.316,0.7024100000000001,0.70229,1,1.5
17.08.2021 01:03:33.064,0.70242,0.70229,1,1.5
17.08.2021 01:03:34.524,0.70242,0.7023,1,1
17.08.2021 01:03:34.931,0.70242,0.70232,1,1
17.08.2021 01:03:35.033,0.70242,0.7023,1,1
17.08.2021 01:03:36.110,0.7024100000000001,0.7023,1,1
17.08.2021 01:03:40.442,0.7024100000000001,0.7023100000000001,1,1
17.08.2021 01:03:42.640,0.70242,0.70229,1,1.5
17.08.2021 01:03:43.049,0.7024100000000001,0.70229,1,1.5
17.08.2021 01:03:58.096,0.70242,0.70229,1,1.5
17.08.2021 01:04:02.710,0.7024,0.7023,1,1.5
17.08.2021 01:04:03.093,0.70242,0.70232,1,3.19
17.08.2021 01:04:03.396,0.70242,0.7023100000000001,1,1
17.08.2021 01:04:03.649,0.7024100000000001,0.7023100000000001,1,1.5
17.08.2021 01:04:14.478,0.7024,0.7023,1,2.25
17.08.2021 01:04:20.726,0.70238,0.70228,1,1.12
17.08.2021 01:04:20.928,0.70238,0.7022600000000001,1,1
17.08.2021 01:04:21.079,0.70237,0.70225,1,2.62
17.08.2021 01:04:21.486,0.7023600000000001,0.7022700000000001,1,1
17.08.2021 01:04:21.831,0.70237,0.70225,1,2.62
17.08.2021 01:04:43.978,0.7023600000000001,0.7022600000000001,1.5,1.5
17.08.2021 01:04:44.931,0.70237,0.70225,1,1.5
17.08.2021 01:04:53.501,0.70237,0.7022600000000001,1,3.37
17.08.2021 01:04:53.602,0.70237,0.70225,1,3.37
17.08.2021 01:05:02.540,0.70238,0.7022600000000001,1,1
17.08.2021 01:05:03.141,0.70238,0.70225,1.5,1
17.08.2021 01:05:04.924,0.70238,0.7022600000000001,1,1
17.08.2021 01:05:05.031,0.70238,0.70225,1,1
17.08.2021 01:05:08.581,0.70237,0.70224,1,3
17.08.2021 01:05:09.148,0.70235,0.7022200000000001,1,3.37
17.08.2021 01:05:09.250,0.70234,0.7022200000000001,1,1.12
17.08.2021 01:05:09.351,0.70232,0.70219,1,2
17.08.2021 01:05:09.452,0.7023,0.70217,1,4.25
17.08.2021 01:05:09.553,0.7023,0.70217,1,3.75
17.08.2021 01:05:09.654,0.7023100000000001,0.70218,1,2.44
17.08.2021 01:05:11.327,0.70234,0.7022200000000001,1.5,1.5
17.08.2021 01:05:11.744,0.70235,0.7022200000000001,1.5,3
17.08.2021 01:05:11.845,0.70234,0.70224,1,1
17.08.2021 01:05:13.448,0.70237,0.70225,1,1.5
17.08.2021 01:05:13.550,0.70237,0.70224,1,2.62
17.08.2021 01:05:22.084,0.70238,0.70225,1,1
17.08.2021 01:05:33.285,0.70234,0.70224,1,1.5
17.08.2021 01:05:35.235,0.70235,0.7022200000000001,1,2.25
17.08.2021 01:05:37.619,0.70234,0.7022200000000001,1,1
17.08.2021 01:05:41.865,0.70235,0.7022200000000001,1.5,2.44
17.08.2021 01:05:42.016,0.70235,0.70223,1.5,1
17.08.2021 01:05:42.218,0.70234,0.7022200000000001,1.5,1.69
17.08.2021 01:05:44.865,0.70234,0.70223,1,1
17.08.2021 01:05:45.278,0.70233,0.70223,1.5,1.25
17.08.2021 01:05:47.410,0.70234,0.70223,1.5,1.69
17.08.2021 01:05:48.987,0.70234,0.70224,1,1
17.08.2021 01:05:49.655,0.7023600000000001,0.70223,1.5,2.25
17.08.2021 01:05:52.836,0.70235,0.70225,1.5,1
17.08.2021 01:05:54.825,0.7023600000000001,0.70223,1.5,2.25
17.08.2021 01:05:57.061,0.7023600000000001,0.70224,1.5,1
17.08.2021 01:06:03.502,0.70235,0.70223,1,1.5
17.08.2021 01:06:11.418,0.70234,0.70225,1,1
17.08.2021 01:06:15.575,0.7023600000000001,0.70225,1.5,1
17.08.2021 01:06:16.818,0.70238,0.70225,1.69,1
17.08.2021 01:06:42.417,0.70238,0.7022700000000001,1.5,1
17.08.2021 01:06:42.519,0.7024,0.7022700000000001,2.25,1.5
17.08.2021 01:06:42.620,0.7024,0.70228,1.5,1
17.08.2021 01:06:42.721,0.70239,0.70228,1.5,1
17.08.2021 01:06:44.598,0.7024,0.70228,1,1
17.08.2021 01:06:44.649,0.70242,0.70229,1.5,1.5
17.08.2021 01:06:44.751,0.70243,0.7023,2.25,1
17.08.2021 01:06:48.046,0.70242,0.70229,1,1
17.08.2021 01:07:34.113,0.70244,0.7023100000000001,1,2.06
17.08.2021 01:07:34.215,0.70242,0.70229,1.5,1.5
17.08.2021 01:07:34.316,0.70242,0.70229,1.5,1
17.08.2021 01:07:40.751,0.7024100000000001,0.70228,1,1.5
17.08.2021 01:07:40.852,0.7024100000000001,0.70229,1,1
17.08.2021 01:07:41.054,0.70239,0.7023,1,1
17.08.2021 01:07:41.202,0.7024100000000001,0.70229,1,1.5
17.08.2021 01:07:41.652,0.70239,0.7022700000000001,1,1
17.08.2021 01:07:41.753,0.70235,0.70223,1.5,2
17.08.2021 01:07:41.855,0.70234,0.7022200000000001,1.5,1.69
17.08.2021 01:07:41.956,0.70233,0.7022200000000001,1,1.69
17.08.2021 01:07:42.057,0.7023600000000001,0.70224,1.5,1
17.08.2021 01:07:42.158,0.7023600000000001,0.70223,1.5,1.25
17.08.2021 01:07:44.536,0.70235,0.70223,1.87,1.25
17.08.2021 01:07:44.640,0.7023600000000001,0.70223,1.87,1
17.08.2021 01:07:44.944,0.70235,0.70225,1,1
17.08.2021 01:07:49.281,0.70235,0.70223,1.5,1
17.08.2021 01:07:49.332,0.7023,0.70219,1,2.44
17.08.2021 01:07:49.433,0.7023100000000001,0.70219,1,2.06
17.08.2021 01:07:49.585,0.70228,0.70219,1,1
17.08.2021 01:07:49.686,0.7023,0.70218,1,1.37
17.08.2021 01:07:49.889,0.70232,0.70219,2.25,1
17.08.2021 01:07:50.582,0.70229,0.7022,1,1
17.08.2021 01:07:50.684,0.7023,0.7022200000000001,1,1.12
17.08.2021 01:07:50.735,0.7023,0.70218,1.5,2.44
17.08.2021 01:07:50.837,0.7023,0.70219,1,1
17.08.2021 01:07:51.242,0.7023,0.70218,1.5,1.12
17.08.2021 01:07:51.395,0.70228,0.70217,1,1.87
17.08.2021 01:07:51.618,0.7023,0.70218,1,1.87
17.08.2021 01:07:52.301,0.7023100000000001,0.70218,1.5,1.87
17.08.2021 01:07:52.856,0.7023100000000001,0.70219,1,1.5
17.08.2021 01:07:53.110,0.7023,0.70219,1,1.5
17.08.2021 01:07:53.211,0.7023,0.70219,1.5,1.87
17.08.2021 01:07:56.176,0.7022600000000001,0.70217,1,2
17.08.2021 01:07:56.277,0.7022600000000001,0.70214,1,1.87
17.08.2021 01:07:56.581,0.7022600000000001,0.70215,1,1
17.08.2021 01:08:01.418,0.7022600000000001,0.70214,1,1.12
17.08.2021 01:08:01.469,0.70228,0.7022,1,1
17.08.2021 01:08:01.520,0.70228,0.70219,1,1.5
17.08.2021 01:08:01.571,0.7023,0.7022,1,1
17.08.2021 01:08:06.108,0.7023100000000001,0.7022,1,1
17.08.2021 01:08:12.138,0.7023100000000001,0.70219,1.5,1
17.08.2021 01:08:12.646,0.70232,0.7022,2.44,1
17.08.2021 01:08:20.766,0.7023100000000001,0.70219,1,1.5
17.08.2021 01:08:21.380,0.7023,0.70219,1,1.5
17.08.2021 01:08:21.685,0.70232,0.7022100000000001,1.69,1
17.08.2021 01:08:21.888,0.70233,0.7022100000000001,1,2.44
17.08.2021 01:08:22.039,0.7023100000000001,0.7022200000000001,1,1
17.08.2021 01:08:23.302,0.7023100000000001,0.7022100000000001,1.69,1
17.08.2021 01:08:23.404,0.7023,0.70218,1,1.12
17.08.2021 01:08:32.274,0.7023100000000001,0.70218,1.69,1
17.08.2021 01:08:34.530,0.7023100000000001,0.70219,1.5,1
17.08.2021 01:08:35.091,0.70232,0.7022100000000001,1,1
17.08.2021 01:08:35.192,0.7023100000000001,0.7022100000000001,1,1
17.08.2021 01:08:36.170,0.7023100000000001,0.7022200000000001,1,1
17.08.2021 01:08:36.278,0.70232,0.70219,1.5,2.12
17.08.2021 01:08:36.594,0.70232,0.70219,1.5,2.25
17.08.2021 01:08:36.695,0.70232,0.70219,1.5,2.5
17.08.2021 01:08:37.049,0.70232,0.70219,1.5,1.87
17.08.2021 01:08:37.150,0.70232,0.70219,1.5,2.5
17.08.2021 01:08:37.251,0.7023100000000001,0.7022,1.5,2.25
17.08.2021 01:08:37.364,0.70232,0.70219,1.5,2.87
17.08.2021 01:08:37.820,0.70232,0.70219,1.5,2.44
17.08.2021 01:08:37.921,0.70232,0.70219,1.5,2.5
17.08.2021 01:08:38.023,0.70232,0.70219,1.5,2.25
17.08.2021 01:08:38.124,0.7023100000000001,0.70219,1,1.12
17.08.2021 01:08:41.264,0.70232,0.7022,1,1.25
17.08.2021 01:08:41.919,0.70232,0.7022100000000001,1,1
17.08.2021 01:08:42.020,0.70232,0.7022,1.5,1.5
17.08.2021 01:08:45.479,0.70232,0.7022100000000001,1,1
17.08.2021 01:08:45.581,0.70232,0.7022200000000001,1,1
17.08.2021 01:08:45.733,0.7023100000000001,0.7022200000000001,1,1.31
17.08.2021 01:08:46.237,0.7023,0.70219,1.12,1.5
17.08.2021 01:08:46.288,0.70228,0.70219,1,1
17.08.2021 01:08:46.440,0.70229,0.70219,1.5,1
17.08.2021 01:08:51.639,0.7022700000000001,0.70219,1,1
17.08.2021 01:08:54.158,0.70229,0.70219,1.5,1
17.08.2021 01:08:59.600,0.70229,0.70218,1,1
17.08.2021 01:08:59.701,0.7022700000000001,0.70219,1,1
17.08.2021 01:09:00.153,0.7022700000000001,0.70218,1,1
17.08.2021 01:09:00.265,0.7022600000000001,0.70215,1,1.12
17.08.2021 01:09:00.366,0.7022700000000001,0.70215,1.69,1
17.08.2021 01:09:02.213,0.70225,0.7021600000000001,1,1
17.08.2021 01:09:02.975,0.70225,0.70215,1.5,1.87
17.08.2021 01:09:14.957,0.7022200000000001,0.70212,1,1
17.08.2021 01:09:15.059,0.7022,0.7021000000000001,1,1.12
17.08.2021 01:09:15.161,0.7022100000000001,0.70209,1.5,2
17.08.2021 01:09:22.290,0.7022200000000001,0.7021000000000001,1,1.87
17.08.2021 01:09:22.397,0.7022200000000001,0.70212,1,1
17.08.2021 01:09:22.499,0.70223,0.70212,1,1
17.08.2021 01:09:27.070,0.70224,0.70213,1,1
17.08.2021 01:09:52.206,0.7022600000000001,0.70214,1.5,1
17.08.2021 01:09:56.773,0.7022600000000001,0.70217,1,1
17.08.2021 01:09:56.824,0.70228,0.70217,1,1
17.08.2021 01:10:00.120,0.70228,0.70218,1,1
17.08.2021 01:10:00.222,0.7023,0.7022,1,1
17.08.2021 01:10:00.323,0.7023100000000001,0.7022,1,1
17.08.2021 01:10:08.642,0.7023100000000001,0.70219,1.5,1.5
17.08.2021 01:10:12.107,0.70229,0.7022,1,1
17.08.2021 01:10:22.551,0.7023100000000001,0.70219,1.5,1.5
17.08.2021 01:10:37.291,0.7023100000000001,0.7022,1,1
17.08.2021 01:10:56.897,0.70228,0.70218,1,1
17.08.2021 01:10:59.273,0.7022600000000001,0.70217,1,1
17.08.2021 01:10:59.374,0.70225,0.70214,1,1.5
17.08.2021 01:10:59.476,0.70224,0.70214,1,1
17.08.2021 01:10:59.577,0.70224,0.70213,1,1
17.08.2021 01:11:09.053,0.70224,0.70214,1,1
17.08.2021 01:11:13.462,0.70223,0.70214,1,1
17.08.2021 01:11:17.195,0.70223,0.70213,1,1
17.08.2021 01:11:22.463,0.70224,0.70214,1,1
17.08.2021 01:11:24.315,0.7022700000000001,0.7021600000000001,1,1
17.08.2021 01:11:24.417,0.7022600000000001,0.70218,1,1
17.08.2021 01:11:27.249,0.7022700000000001,0.7021600000000001,1,1
17.08.2021 01:11:27.502,0.7022600000000001,0.70218,1,1
17.08.2021 01:11:27.762,0.7022600000000001,0.70217,1,1
17.08.2021 01:11:33.445,0.7022600000000001,0.7021600000000001,1,1
17.08.2021 01:11:33.703,0.7022200000000001,0.70215,1,1.5
17.08.2021 01:11:33.805,0.70224,0.70214,1,1.5
17.08.2021 01:11:33.906,0.70225,0.70213,1,1
17.08.2021 01:11:37.275,0.70225,0.70215,1.69,1
17.08.2021 01:11:39.281,0.7022600000000001,0.70214,2.5,1
17.08.2021 01:11:39.483,0.70223,0.70214,1,1
17.08.2021 01:11:39.585,0.7022200000000001,0.70214,1,1
17.08.2021 01:11:39.686,0.7022100000000001,0.70213,1,1.12
17.08.2021 01:11:53.191,0.70225,0.70213,1,1
17.08.2021 01:11:53.242,0.70225,0.70217,1,1
17.08.2021 01:11:53.345,0.7022700000000001,0.7021600000000001,1,1
17.08.2021 01:11:53.499,0.7022700000000001,0.70215,1.5,1.87
17.08.2021 01:11:55.568,0.7022700000000001,0.7021600000000001,1,1
17.08.2021 01:11:57.735,0.7022600000000001,0.7021600000000001,1,1
17.08.2021 01:12:00.108,0.7022600000000001,0.70215,1,2.25
17.08.2021 01:12:00.480,0.7022700000000001,0.70215,1.5,2.25
17.08.2021 01:12:05.597,0.7022700000000001,0.7021600000000001,1,1
17.08.2021 01:12:07.758,0.7022700000000001,0.70215,1.5,2.25
17.08.2021 01:12:07.859,0.7022700000000001,0.7021600000000001,1,1
17.08.2021 01:12:08.780,0.7022700000000001,0.70215,1.5,2.25
17.08.2021 01:12:08.944,0.7022700000000001,0.7021600000000001,1,1
17.08.2021 01:12:09.309,0.7022600000000001,0.70218,1,1
17.08.2021 01:12:10.900,0.7022700000000001,0.70218,1,1.5
17.08.2021 01:12:11.052,0.70229,0.70217,1.5,1.5
17.08.2021 01:12:11.153,0.7023,0.7022100000000001,1,1
17.08.2021 01:12:11.254,0.7023100000000001,0.70219,1,1
17.08.2021 01:12:18.060,0.70228,0.70217,1,1.87
17.08.2021 01:12:18.365,0.70228,0.70218,1.5,1
17.08.2021 01:12:21.350,0.70228,0.70217,1,1
17.08.2021 01:12:24.708,0.7022600000000001,0.7021600000000001,1,1.12
17.08.2021 01:12:24.876,0.7022200000000001,0.70212,1,4.89
17.08.2021 01:12:24.977,0.70223,0.70213,1,1.5
17.08.2021 01:12:25.082,0.7022,0.70213,1,1.13
17.08.2021 01:12:26.136,0.70218,0.70209,1,1
17.08.2021 01:12:26.238,0.70218,0.70208,1,1.13
17.08.2021 01:12:29.237,0.70215,0.70208,1,1.12
17.08.2021 01:12:34.387,0.70217,0.70207,1,1
17.08.2021 01:12:39.466,0.7022,0.7021100000000001,1,1.5
17.08.2021 01:12:39.567,0.7022100000000001,0.7021100000000001,1,1.5
17.08.2021 01:12:39.668,0.7022100000000001,0.7021000000000001,1,4.31
17.08.2021 01:12:41.750,0.7022100000000001,0.7021100000000001,1,1.69
17.08.2021 01:12:42.278,0.7022100000000001,0.7021000000000001,1,4.5
17.08.2021 01:12:50.762,0.70218,0.70209,1,1.5
17.08.2021 01:12:50.864,0.70217,0.70208,1,1.12
17.08.2021 01:12:50.965,0.70217,0.70206,1,3.75
17.08.2021 01:12:51.268,0.7021600000000001,0.70206,1,3.56
17.08.2021 01:12:55.024,0.70217,0.70206,1,2.06
17.08.2021 01:13:00.107,0.7021600000000001,0.70206,1,1.25
17.08.2021 01:13:01.379,0.7021600000000001,0.70208,1,1
17.08.2021 01:13:01.481,0.70217,0.70207,1,1.12
17.08.2021 01:13:01.633,0.70217,0.70206,1,1
17.08.2021 01:13:02.532,0.7021600000000001,0.70207,1,1
17.08.2021 01:13:04.808,0.7021600000000001,0.70208,1,1
17.08.2021 01:13:19.261,0.70217,0.70206,1,1
17.08.2021 01:13:19.364,0.70213,0.70203,1,3.87
17.08.2021 01:13:19.516,0.70213,0.70203,1,2.06
17.08.2021 01:13:24.108,0.70213,0.70202,1,2.81
17.08.2021 01:13:24.212,0.70213,0.70203,1,1
17.08.2021 01:13:26.909,0.70213,0.70202,1,2.81
17.08.2021 01:13:31.664,0.70213,0.70203,1,1
17.08.2021 01:13:34.245,0.70212,0.70203,1,2.81
17.08.2021 01:13:47.591,0.7021600000000001,0.7020500000000001,1,1
17.08.2021 01:13:47.693,0.7021600000000001,0.70206,1,1
17.08.2021 01:13:53.252,0.70217,0.70206,1,2.44
17.08.2021 01:13:59.586,0.70217,0.70207,1.5,3
17.08.2021 01:14:01.148,0.70219,0.70207,1.5,1
17.08.2021 01:14:01.249,0.70219,0.70208,1.5,1
17.08.2021 01:14:02.678,0.7022,0.7021000000000001,2.5,1
17.08.2021 01:14:02.808,0.7022100000000001,0.70209,1,1
17.08.2021 01:14:03.007,0.7022200000000001,0.7021100000000001,2.44,1
17.08.2021 01:14:03.310,0.70223,0.7021100000000001,1.69,1
17.08.2021 01:14:03.411,0.70223,0.70212,1.69,1
17.08.2021 01:14:03.768,0.70223,0.7021100000000001,1.69,1
17.08.2021 01:14:03.978,0.70223,0.70212,1.69,1
17.08.2021 01:14:21.720,0.70223,0.7021100000000001,1.69,1
17.08.2021 01:15:00.168,0.70223,0.70213,1.69,1
17.08.2021 01:15:00.636,0.70224,0.70213,1.25,1
17.08.2021 01:15:03.686,0.70224,0.70212,1.25,1
17.08.2021 01:15:03.787,0.7022200000000001,0.70212,1.69,1
17.08.2021 01:15:04.461,0.70223,0.7021100000000001,2.5,1
17.08.2021 01:15:04.562,0.70223,0.70212,1.5,1
17.08.2021 01:15:07.697,0.70223,0.70213,1.69,1
17.08.2021 01:15:07.798,0.70224,0.70213,1.69,1
17.08.2021 01:15:08.837,0.7022200000000001,0.70213,1,1
17.08.2021 01:15:14.657,0.70224,0.70212,1.69,1
17.08.2021 01:15:14.784,0.70225,0.70214,1.75,1
17.08.2021 01:15:14.885,0.70224,0.70214,1.75,1
17.08.2021 01:16:18.007,0.70224,0.70212,1,1.87
17.08.2021 01:16:18.963,0.70223,0.70212,1,1.12
17.08.2021 01:16:24.753,0.70224,0.70212,1.5,1
17.08.2021 01:16:30.824,0.70223,0.70214,1,1
17.08.2021 01:16:45.446,0.70224,0.70214,1.5,1
17.08.2021 01:16:52.202,0.70224,0.70213,1,1
17.08.2021 01:16:52.303,0.70224,0.70212,1.5,1
17.08.2021 01:16:52.454,0.70224,0.70213,1.5,1
17.08.2021 01:16:53.210,0.7022,0.70213,1,1
17.08.2021 01:16:53.261,0.7022200000000001,0.70213,2.44,1
17.08.2021 01:16:53.362,0.7022,0.7021100000000001,1,1
17.08.2021 01:16:53.463,0.7022100000000001,0.70209,1,1
17.08.2021 01:17:02.177,0.7022200000000001,0.7021000000000001,1.69,1
17.08.2021 01:17:32.906,0.7022100000000001,0.70212,1,1
17.08.2021 01:17:43.235,0.70225,0.70214,1.5,1
17.08.2021 01:17:46.676,0.7022600000000001,0.70214,1,1
17.08.2021 01:17:57.617,0.70228,0.7021600000000001,1.5,1
17.08.2021 01:17:57.770,0.70229,0.70218,1,1
17.08.2021 01:17:58.130,0.70228,0.70218,1,1
17.08.2021 01:17:58.841,0.70228,0.7021600000000001,1.69,1.5
17.08.2021 01:18:01.881,0.70228,0.70217,1.25,1
17.08.2021 01:18:02.134,0.70229,0.70217,1.69,1
17.08.2021 01:18:05.580,0.70228,0.70217,1,1
17.08.2021 01:18:08.878,0.7022700000000001,0.70217,1,1
17.08.2021 01:18:13.236,0.70228,0.70217,1,1
17.08.2021 01:18:37.175,0.70229,0.70219,1,1
17.08.2021 01:19:06.628,0.70229,0.70218,1.25,1
17.08.2021 01:19:06.886,0.70229,0.70217,1,1
17.08.2021 01:19:09.762,0.70229,0.70218,1,1
17.08.2021 01:19:09.972,0.7023,0.70218,2.44,1
17.08.2021 01:19:18.264,0.70228,0.70218,1,1
17.08.2021 01:19:18.415,0.70228,0.70219,1,1
17.08.2021 01:19:35.474,0.70229,0.70217,2.44,1
17.08.2021 01:19:35.575,0.70225,0.70213,2.5,1.25
17.08.2021 01:19:35.676,0.70223,0.70213,1,1
17.08.2021 01:19:37.050,0.70225,0.70213,1.69,1
17.08.2021 01:19:37.152,0.7022700000000001,0.7021600000000001,1,1
17.08.2021 01:19:37.744,0.7022700000000001,0.70215,1,1
17.08.2021 01:19:38.057,0.70228,0.7021600000000001,1.69,1
17.08.2021 01:19:38.260,0.7022700000000001,0.70215,1,1
17.08.2021 01:19:40.123,0.7022700000000001,0.70217,2.5,1
17.08.2021 01:19:40.224,0.7022700000000001,0.70215,1.69,1
17.08.2021 01:19:42.914,0.70228,0.70217,1.25,1
17.08.2021 01:19:43.417,0.70229,0.70218,1.69,1
17.08.2021 01:19:46.089,0.70229,0.70218,1.75,1
17.08.2021 01:19:46.837,0.7022700000000001,0.70215,1.69,1.5
17.08.2021 01:19:47.140,0.7022700000000001,0.70215,2.5,1
17.08.2021 01:19:48.836,0.7022700000000001,0.70215,1.69,1
17.08.2021 01:19:52.647,0.7022700000000001,0.70215,2.5,1
17.08.2021 01:19:59.028,0.7022600000000001,0.70219,1.25,1.25
17.08.2021 01:19:59.078,0.70229,0.70218,1.25,1
17.08.2021 01:20:03.411,0.7023,0.70218,1.69,1
17.08.2021 01:20:08.228,0.7023,0.70219,1.25,1
17.08.2021 01:20:17.731,0.7023100000000001,0.7022200000000001,1.5,1
17.08.2021 01:20:17.833,0.70229,0.70218,1,1.87
17.08.2021 01:20:17.934,0.7023100000000001,0.70219,1.25,1
17.08.2021 01:20:39.831,0.70228,0.70218,1.69,1
17.08.2021 01:20:40.723,0.7022700000000001,0.70215,2.44,1
17.08.2021 01:20:50.188,0.7022600000000001,0.70214,1,1
17.08.2021 01:20:52.929,0.70228,0.70217,1.69,1
17.08.2021 01:21:04.450,0.70228,0.70218,1,1.25
17.08.2021 01:21:06.386,0.7023,0.70219,1,1.75
17.08.2021 01:21:06.538,0.70232,0.7022,1.5,1.25
17.08.2021 01:21:13.791,0.7023100000000001,0.70219,1,1.75
17.08.2021 01:21:16.137,0.70232,0.7022,1,1.25
17.08.2021 01:21:42.444,0.70234,0.7022200000000001,1.5,1.25
17.08.2021 01:21:43.220,0.70234,0.7022200000000001,1,1.75
17.08.2021 01:21:43.717,0.70234,0.70224,1,1.25
17.08.2021 01:21:44.878,0.7023600000000001,0.70223,1.5,1.25
17.08.2021 01:21:55.820,0.7023600000000001,0.70223,1,1.75
17.08.2021 01:21:57.430,0.7023600000000001,0.70223,1.5,1.25
17.08.2021 01:22:00.146,0.7023600000000001,0.70224,1,1
17.08.2021 01:22:10.633,0.7023600000000001,0.70223,1.5,1
17.08.2021 01:22:13.824,0.70235,0.70223,1,1
17.08.2021 01:22:30.117,0.70235,0.70224,1,1
17.08.2021 01:22:52.369,0.70235,0.7022200000000001,1.5,1.69
17.08.2021 01:22:52.571,0.7023100000000001,0.70219,2.19,1.25
17.08.2021 01:22:52.672,0.70228,0.70218,1.5,2.5
17.08.2021 01:23:01.109,0.7023,0.70219,1,1.25
17.08.2021 01:23:01.160,0.70233,0.7022,2.25,1.25
17.08.2021 01:23:01.261,0.70233,0.7022,1.5,1.75
17.08.2021 01:23:01.878,0.70233,0.7022100000000001,1.5,1.75
17.08.2021 01:23:02.639,0.70233,0.7022100000000001,1.5,1.25
17.08.2021 01:23:10.817,0.70232,0.7022,1.5,1.25
17.08.2021 01:23:11.229,0.7023,0.7022,1,1
17.08.2021 01:23:13.783,0.7023,0.70218,1,1.25
17.08.2021 01:23:17.765,0.7023,0.70218,1,1.75
17.08.2021 01:23:18.652,0.70229,0.70219,1,1.25
17.08.2021 01:23:28.007,0.7023100000000001,0.70218,1.5,1.69
17.08.2021 01:23:41.140,0.7023,0.70218,1.5,1.25
17.08.2021 01:23:41.666,0.70229,0.70217,1,2.5
17.08.2021 01:23:42.907,0.7023,0.70218,1.5,1.75
17.08.2021 01:23:46.106,0.7023,0.70218,1.5,1.69
17.08.2021 01:23:46.157,0.70225,0.70218,1,1.25
17.08.2021 01:23:46.208,0.7022600000000001,0.7021600000000001,1,1
17.08.2021 01:23:46.259,0.70228,0.7021600000000001,2.25,1
17.08.2021 01:23:46.360,0.7022700000000001,0.70215,1,1
17.08.2021 01:23:46.697,0.7022600000000001,0.70214,1,1.25
17.08.2021 01:23:47.091,0.70224,0.70212,1.5,3.75
17.08.2021 01:23:47.192,0.7022200000000001,0.70212,1,4.37
17.08.2021 01:23:48.655,0.7022100000000001,0.7021100000000001,1,1.38
17.08.2021 01:23:48.757,0.7022,0.7021000000000001,1,1.25
17.08.2021 01:23:50.447,0.7022100000000001,0.7021100000000001,1,1.75
17.08.2021 01:23:50.552,0.7022100000000001,0.7021100000000001,1,1.25
17.08.2021 01:24:02.159,0.7022,0.70208,1,1.25
17.08.2021 01:24:02.260,0.70219,0.70207,1.5,2.5
17.08.2021 01:24:02.413,0.70218,0.70207,1,1.75
17.08.2021 01:24:02.618,0.70219,0.70207,1.5,1.75
17.08.2021 01:24:02.719,0.7022,0.70208,1,1.25
17.08.2021 01:24:09.595,0.70219,0.70207,1,2.5
17.08.2021 01:24:09.997,0.70219,0.70207,1.5,1.25
17.08.2021 01:24:10.285,0.70218,0.70208,1.5,1.75
17.08.2021 01:24:11.342,0.70219,0.70207,1.5,1.25
17.08.2021 01:24:11.591,0.70219,0.70207,1.5,1.75
17.08.2021 01:24:16.178,0.70215,0.7020500000000001,1,1.69
17.08.2021 01:24:16.280,0.7021600000000001,0.70204,1,1.75
17.08.2021 01:24:20.111,0.70217,0.7020500000000001,1,1.25
17.08.2021 01:24:24.921,0.70215,0.70204,1,1.25
17.08.2021 01:24:25.022,0.70215,0.70203,1,2.12
17.08.2021 01:24:25.229,0.7021600000000001,0.70203,1,2.5
17.08.2021 01:24:25.330,0.7021600000000001,0.70204,1,1.75
17.08.2021 01:24:26.379,0.7021600000000001,0.7020500000000001,1.5,2.5
17.08.2021 01:24:34.110,0.70217,0.70207,1.5,1.75
17.08.2021 01:24:36.372,0.70218,0.70208,1,1.69
17.08.2021 01:24:36.473,0.7022200000000001,0.70209,2.75,1.25
17.08.2021 01:24:36.574,0.70223,0.7021100000000001,1.5,1.25
17.08.2021 01:24:53.809,0.70223,0.7021000000000001,1.5,1.25
17.08.2021 01:24:55.429,0.7022200000000001,0.7021000000000001,1,1.25
17.08.2021 01:25:10.915,0.7022100000000001,0.7021100000000001,1,1.75
17.08.2021 01:25:14.630,0.70223,0.7021100000000001,1.5,1.25
17.08.2021 01:25:14.731,0.7022600000000001,0.70213,1.5,1.25
17.08.2021 01:25:15.570,0.7022700000000001,0.70214,2.25,1.25
17.08.2021 01:25:15.671,0.70228,0.70217,1.5,1.75
17.08.2021 01:25:15.772,0.70228,0.70217,1.5,2.44
17.08.2021 01:25:15.874,0.70229,0.70217,1.5,1
17.08.2021 01:25:16.757,0.70228,0.70215,1.5,1.25
17.08.2021 01:25:17.053,0.7022600000000001,0.7021600000000001,1,1.25
17.08.2021 01:25:22.502,0.70228,0.70215,1.5,1.75
17.08.2021 01:25:30.778,0.70229,0.70217,1.5,1
17.08.2021 01:25:30.879,0.70229,0.7021600000000001,1.5,1.25
17.08.2021 01:25:31.030,0.70229,0.70217,1.5,1
17.08.2021 01:25:31.535,0.70229,0.7021600000000001,1.5,1.25
17.08.2021 01:25:31.637,0.70229,0.70217,1.5,1
17.08.2021 01:25:31.738,0.70228,0.70217,1.5,1.25
17.08.2021 01:25:32.271,0.70228,0.70218,1.5,1
17.08.2021 01:25:32.474,0.70229,0.7021600000000001,1.5,1.25
17.08.2021 01:25:35.456,0.7022700000000001,0.70215,1,1.25
17.08.2021 01:25:35.609,0.70225,0.70213,1,1.37
17.08.2021 01:25:40.084,0.7022700000000001,0.70214,1.5,1.25
17.08.2021 01:25:40.204,0.7022600000000001,0.70215,1.5,1.75
17.08.2021 01:25:40.376,0.7022700000000001,0.7021600000000001,2.62,1.25
17.08.2021 01:25:41.502,0.70228,0.70215,1.87,2.5
17.08.2021 01:25:41.603,0.70228,0.70215,1.87,1.69
17.08.2021 01:25:48.159,0.70228,0.7021600000000001,1.5,1
17.08.2021 01:26:00.177,0.70228,0.7021600000000001,1,1.75
17.08.2021 01:26:01.308,0.70229,0.70219,1.5,1.25
17.08.2021 01:26:01.460,0.7023,0.7022,1.5,1.25
17.08.2021 01:26:19.550,0.70229,0.70219,1,1.25
17.08.2021 01:26:19.652,0.7023,0.70218,1,1.75
17.08.2021 01:26:24.236,0.7023100000000001,0.70218,1,1.75
17.08.2021 01:26:52.531,0.7023100000000001,0.70218,1,1.12
17.08.2021 01:28:34.799,0.70233,0.7022,1.5,1.25
17.08.2021 01:28:34.901,0.70234,0.7022100000000001,1.5,1.75
17.08.2021 01:28:35.053,0.70234,0.7022100000000001,1.5,1.69
17.08.2021 01:28:38.804,0.70233,0.70223,1,1
17.08.2021 01:28:40.069,0.70235,0.7022200000000001,1.5,1
17.08.2021 01:28:40.172,0.70233,0.70223,1,1
17.08.2021 01:28:41.765,0.70233,0.7022100000000001,1,1
17.08.2021 01:28:42.120,0.70232,0.70219,1,1.69
17.08.2021 01:28:50.231,0.7023,0.70218,1.87,1.75
17.08.2021 01:28:51.896,0.7023,0.70217,1,1.75
17.08.2021 01:28:55.623,0.7023,0.70219,1,1.25
17.08.2021 01:29:01.155,0.7023,0.7022,1.87,1
17.08.2021 01:29:01.257,0.7023,0.70218,1,2.06
17.08.2021 01:29:17.393,0.70229,0.70217,2.62,1.25
17.08.2021 01:29:17.443,0.7022600000000001,0.70215,1,3.25
17.08.2021 01:29:17.545,0.70223,0.7021100000000001,1.5,1.75
17.08.2021 01:29:17.596,0.7022200000000001,0.7021100000000001,1.5,2.12
17.08.2021 01:29:17.697,0.7022200000000001,0.7021000000000001,1,1.25
17.08.2021 01:29:18.613,0.70224,0.70212,1.12,1.25
17.08.2021 01:29:18.966,0.70224,0.7021100000000001,1.12,1.69
17.08.2021 01:29:20.335,0.70223,0.7021100000000001,1,1.69
17.08.2021 01:29:20.588,0.70224,0.7021100000000001,1.5,2.87
17.08.2021 01:29:20.689,0.70225,0.70212,1.12,2.44
17.08.2021 01:29:20.739,0.7022700000000001,0.70214,2.94,1
17.08.2021 01:29:20.891,0.70223,0.70212,1,1.69
17.08.2021 01:29:25.238,0.70223,0.7021100000000001,1,1.31
17.08.2021 01:29:28.172,0.70224,0.70212,1,1.25
17.08.2021 01:29:28.476,0.70224,0.70213,1.87,1.75
17.08.2021 01:29:30.294,0.7022200000000001,0.7021100000000001,1,2.06
17.08.2021 01:29:30.446,0.7022200000000001,0.7021000000000001,1,1.31
17.08.2021 01:29:39.015,0.70223,0.70208,1.5,1.37
17.08.2021 01:29:44.505,0.7022600000000001,0.7021100000000001,1.62,2.44
17.08.2021 01:29:44.606,0.7022600000000001,0.7021100000000001,1.5,3.25
17.08.2021 01:29:44.707,0.7022600000000001,0.7021100000000001,1.5,3.62
17.08.2021 01:29:46.940,0.7022600000000001,0.7021100000000001,1.5,1.37
17.08.2021 01:30:00.255,0.70229,0.70214,2,1.87
17.08.2021 01:30:00.356,0.70229,0.70215,2,1
17.08.2021 01:30:00.411,0.70229,0.70215,1.5,1
17.08.2021 01:30:00.816,0.70229,0.70215,1,2.5
17.08.2021 01:30:00.917,0.70229,0.70215,1,2.44
17.08.2021 01:30:02.271,0.70224,0.70212,1,1.37
17.08.2021 01:30:02.321,0.70224,0.7021100000000001,1,1.25
17.08.2021 01:30:02.427,0.70223,0.7021000000000001,1,1.37
17.08.2021 01:30:04.869,0.7022200000000001,0.7021000000000001,1,1.25
17.08.2021 01:30:07.502,0.70224,0.70209,1.12,1.25
17.08.2021 01:30:08.252,0.70224,0.70208,1.12,2.87
17.08.2021 01:30:08.353,0.70223,0.7021100000000001,1.87,1.25
17.08.2021 01:30:08.454,0.70223,0.7021100000000001,2,1.25
17.08.2021 01:30:10.967,0.70224,0.70209,1.5,2.12
17.08.2021 01:30:11.529,0.70224,0.7021100000000001,1.5,1.25
17.08.2021 01:30:16.176,0.70223,0.7021100000000001,2,1.25
17.08.2021 01:30:16.277,0.7022,0.7021000000000001,1.5,1.25
17.08.2021 01:30:16.378,0.7022,0.70208,1.12,1.25
17.08.2021 01:30:16.480,0.70223,0.7021000000000001,1.5,1.25
17.08.2021 01:30:16.581,0.70223,0.7021000000000001,1.5,1.25
17.08.2021 01:30:17.209,0.70223,0.7021100000000001,1.5,1.25
17.08.2021 01:30:19.899,0.70223,0.7021100000000001,1,1.25
17.08.2021 01:30:20.610,0.70223,0.70212,1.5,1.25
17.08.2021 01:30:20.661,0.70224,0.70213,1,1.25
17.08.2021 01:30:20.766,0.70225,0.70212,1.5,1.25
17.08.2021 01:30:26.107,0.70224,0.7021000000000001,1.12,1.37
17.08.2021 01:30:26.654,0.70224,0.70212,1.12,1.25
17.08.2021 01:30:30.319,0.7022700000000001,0.7021600000000001,1.5,4
17.08.2021 01:30:30.521,0.70228,0.70215,1,3.62
17.08.2021 01:30:31.172,0.70228,0.7021600000000001,1,2.5
17.08.2021 01:30:32.162,0.7023,0.70217,1.5,1.25
17.08.2021 01:30:34.372,0.70233,0.70218,1.5,1.25
17.08.2021 01:30:35.034,0.70233,0.70218,1.5,1.37
17.08.2021 01:30:40.258,0.70233,0.70219,1.12,1.25
17.08.2021 01:30:40.309,0.70233,0.7022100000000001,1.12,1.25
17.08.2021 01:30:40.410,0.70235,0.7022200000000001,1.5,1.25
17.08.2021 01:30:40.511,0.70235,0.7022200000000001,1.5,1.25
17.08.2021 01:30:41.504,0.70235,0.7022100000000001,1.5,1.25
17.08.2021 01:30:43.252,0.70235,0.7022200000000001,1.5,1.75
17.08.2021 01:30:43.706,0.70237,0.70223,1.5,1.25
17.08.2021 01:30:43.807,0.70237,0.7022200000000001,2,2.12
17.08.2021 01:30:43.910,0.70237,0.7022200000000001,4.12,2.25
17.08.2021 01:30:47.427,0.70237,0.7022200000000001,4.25,2.12
17.08.2021 01:30:59.338,0.70233,0.7022200000000001,1.12,1.75
17.08.2021 01:30:59.439,0.70234,0.7022200000000001,1.12,1.25
17.08.2021 01:31:02.699,0.7023600000000001,0.70223,1.5,1.25
17.08.2021 01:31:02.800,0.70238,0.70225,1.5,2.44
17.08.2021 01:31:02.851,0.70237,0.70225,1,1.25
17.08.2021 01:31:02.952,0.7023600000000001,0.70224,1,1.75
17.08.2021 01:31:03.053,0.70237,0.70223,1.5,1.31
17.08.2021 01:31:06.647,0.70234,0.70223,1,1.25
17.08.2021 01:31:06.990,0.7023600000000001,0.70223,1.5,1.25
17.08.2021 01:31:11.044,0.70237,0.70225,1.5,1
17.08.2021 01:31:11.145,0.70238,0.70223,2.94,1.31
17.08.2021 01:31:11.247,0.70238,0.70223,5.19,1.31
17.08.2021 01:31:11.566,0.70233,0.70223,1,1.25
17.08.2021 01:31:11.667,0.70233,0.7022,1,1.75
17.08.2021 01:31:12.920,0.70234,0.7022200000000001,1,1.25
17.08.2021 01:31:12.971,0.7023600000000001,0.7022200000000001,1,1.75
17.08.2021 01:31:13.072,0.70233,0.7022200000000001,1,2.87
17.08.2021 01:31:13.122,0.70232,0.70219,1.12,1.25
17.08.2021 01:31:13.275,0.70232,0.7022,1.12,1.25
17.08.2021 01:31:13.758,0.70232,0.70219,1,1.37
17.08.2021 01:31:13.860,0.70233,0.70219,1.62,1.25
17.08.2021 01:31:14.213,0.70229,0.70218,1,1.25
17.08.2021 01:31:14.365,0.7023100000000001,0.70218,1.5,1.25
17.08.2021 01:31:14.567,0.7023100000000001,0.70218,1.12,1.25
17.08.2021 01:31:14.920,0.70232,0.7022100000000001,1.12,1.25
17.08.2021 01:31:16.029,0.70233,0.70219,1.12,1.25
17.08.2021 01:31:16.131,0.70232,0.70218,1.12,1.37
17.08.2021 01:31:17.027,0.70232,0.70219,1,1.75
17.08.2021 01:31:17.128,0.70233,0.7022,1.12,1.25
17.08.2021 01:31:26.438,0.70234,0.7022100000000001,1,1.31
17.08.2021 01:31:26.589,0.70233,0.70219,1,1.75
17.08.2021 01:31:35.325,0.70233,0.7022,1.12,1.25
17.08.2021 01:31:36.142,0.70233,0.70219,1.5,1.37
17.08.2021 01:31:39.389,0.70232,0.70218,2.56,1.75
17.08.2021 01:31:39.540,0.7023100000000001,0.70218,1.62,1.25
17.08.2021 01:31:39.775,0.70228,0.70219,1,1.25
17.08.2021 01:31:49.361,0.70232,0.70219,1.5,1.25
17.08.2021 01:31:57.102,0.7023,0.70218,1,1.25
17.08.2021 01:31:57.203,0.70229,0.70218,1,1.25
17.08.2021 01:31:57.507,0.70229,0.70217,1,1.37
17.08.2021 01:32:00.761,0.70228,0.70217,1,1.25
17.08.2021 01:32:01.071,0.7022100000000001,0.70212,1.5,1.87
17.08.2021 01:32:01.173,0.70219,0.70207,1,1.75
17.08.2021 01:32:01.274,0.70219,0.7020500000000001,1,1.37
17.08.2021 01:32:03.178,0.70218,0.7020500000000001,1.62,1.12
17.08.2021 01:32:03.380,0.70218,0.70203,2,1.25
17.08.2021 01:32:05.435,0.70218,0.70201,2.37,6
17.08.2021 01:32:07.081,0.7021600000000001,0.70202,1.62,1
17.08.2021 01:32:07.183,0.70215,0.70201,1.12,3
17.08.2021 01:32:10.121,0.70215,0.70201,1.5,3.06
17.08.2021 01:32:10.222,0.70214,0.70201,1.12,1.37
17.08.2021 01:32:10.792,0.70213,0.7020000000000001,2.25,1.25
17.08.2021 01:32:11.044,0.70212,0.70201,2.37,1.25
17.08.2021 01:32:11.195,0.70213,0.7020000000000001,2.25,1.25
17.08.2021 01:32:11.684,0.7021100000000001,0.70197,2.25,2.12
17.08.2021 01:32:11.785,0.7021000000000001,0.70197,1.12,1.37
17.08.2021 01:32:11.887,0.7021100000000001,0.70198,1,1.25
17.08.2021 01:32:12.504,0.7021100000000001,0.70197,1.5,1.37
17.08.2021 01:32:12.605,0.7021000000000001,0.70198,1.62,1.37
17.08.2021 01:32:13.828,0.70209,0.70197,1,1.25
17.08.2021 01:32:13.929,0.70208,0.7019500000000001,1,2.12
17.08.2021 01:32:14.316,0.70208,0.70196,1,1.25
17.08.2021 01:32:15.153,0.70208,0.7019500000000001,1.31,1.12
17.08.2021 01:32:15.254,0.70208,0.70192,1.62,5.81
17.08.2021 01:32:15.928,0.70207,0.7019500000000001,1.62,1.25
17.08.2021 01:32:16.029,0.70209,0.70194,2.37,1.5
17.08.2021 01:32:17.120,0.70207,0.70193,1,3.75
17.08.2021 01:32:21.078,0.70206,0.70191,1.12,1.75
17.08.2021 01:32:21.179,0.7020500000000001,0.7019000000000001,1.5,5.44
17.08.2021 01:32:22.310,0.70204,0.7019000000000001,1,4.69
17.08.2021 01:32:25.686,0.7020500000000001,0.70192,2.25,1.25
17.08.2021 01:32:28.568,0.70204,0.70191,1,2.31
17.08.2021 01:32:32.525,0.7020000000000001,0.7018800000000001,1.5,1.75
17.08.2021 01:32:32.677,0.70199,0.70186,1.12,2.81
17.08.2021 01:32:32.879,0.70198,0.70184,1.12,2.19
17.08.2021 01:32:32.980,0.70198,0.7018500000000001,2.25,2.19
17.08.2021 01:32:33.081,0.70198,0.7018500000000001,1,3
17.08.2021 01:32:33.434,0.70196,0.7018300000000001,1,3.56
17.08.2021 01:32:33.536,0.70196,0.70182,1,2.25
17.08.2021 01:32:34.018,0.70192,0.7018,1,5.44
17.08.2021 01:32:34.119,0.70193,0.70181,1.5,1.75
17.08.2021 01:32:34.170,0.70193,0.70179,1.5,2.25
17.08.2021 01:32:34.422,0.70192,0.70179,1,2.25
17.08.2021 01:32:36.278,0.7019000000000001,0.7017800000000001,1,1.31
17.08.2021 01:32:36.684,0.70189,0.70176,1.5,2.94
17.08.2021 01:32:36.785,0.7018800000000001,0.70175,1,1.75
17.08.2021 01:32:36.886,0.7018800000000001,0.70175,1,1.75
17.08.2021 01:32:37.027,0.70189,0.70175,1.12,3.69
17.08.2021 01:32:37.128,0.70189,0.70175,1.62,2.44
17.08.2021 01:32:37.296,0.70186,0.7017300000000001,1,3.37
17.08.2021 01:32:37.498,0.70187,0.70172,1.5,1.75
17.08.2021 01:32:38.968,0.70186,0.70172,1,1.75
17.08.2021 01:32:39.488,0.70184,0.7017100000000001,1,5.37
17.08.2021 01:32:39.539,0.70186,0.7017100000000001,1,2.94
17.08.2021 01:32:39.590,0.70186,0.7017100000000001,1.5,2.81
17.08.2021 01:32:39.899,0.70184,0.7017100000000001,1.5,2.81
17.08.2021 01:32:40.475,0.7018300000000001,0.7017100000000001,1,1.31
17.08.2021 01:32:40.526,0.7018,0.70167,1,4.5
17.08.2021 01:32:40.627,0.70182,0.70167,1.12,1.75
17.08.2021 01:32:40.678,0.7018,0.70167,1,1.69
17.08.2021 01:32:40.829,0.7018,0.70167,1,2.5
17.08.2021 01:32:41.229,0.70181,0.70169,1,2
17.08.2021 01:32:42.496,0.70182,0.70169,1,2.87
17.08.2021 01:32:42.814,0.7018,0.7017,1,3.06
17.08.2021 01:32:43.417,0.7018300000000001,0.7017,1,2.81
17.08.2021 01:32:43.569,0.70181,0.7017,1,3.19
17.08.2021 01:32:43.681,0.70181,0.70167,1,3
17.08.2021 01:32:44.027,0.7017800000000001,0.7016600000000001,1,3.87
17.08.2021 01:32:44.429,0.7017800000000001,0.70167,1,1.37
17.08.2021 01:32:44.833,0.70177,0.7016600000000001,1,3.87
17.08.2021 01:32:44.934,0.70177,0.7016600000000001,1,2.06
17.08.2021 01:32:45.892,0.7017800000000001,0.7016600000000001,1,3
17.08.2021 01:32:46.943,0.70175,0.70165,1,2.19
17.08.2021 01:32:47.044,0.70169,0.70157,1,2.5
17.08.2021 01:32:47.095,0.7017100000000001,0.70162,1,2.44
17.08.2021 01:32:47.196,0.7017300000000001,0.70162,1,2.62
17.08.2021 01:32:47.297,0.70172,0.7016100000000001,1,6
17.08.2021 01:32:47.348,0.7017,0.70157,1,3.94
17.08.2021 01:32:47.500,0.7017100000000001,0.70157,1,3
17.08.2021 01:32:47.703,0.70172,0.70159,1.12,1.25
17.08.2021 01:32:47.804,0.7017100000000001,0.70157,1,3.62
17.08.2021 01:32:48.061,0.7017,0.70157,1.87,1.25
17.08.2021 01:32:48.163,0.70169,0.7015600000000001,1,5.44
17.08.2021 01:32:48.264,0.70167,0.70154,1,1.31
17.08.2021 01:32:48.787,0.70167,0.70155,1,2.44
17.08.2021 01:32:48.888,0.7016800000000001,0.70154,1,2.19
17.08.2021 01:32:49.040,0.70167,0.70155,1,2.06
17.08.2021 01:32:49.368,0.70167,0.7015300000000001,1,1.5
17.08.2021 01:32:49.419,0.70165,0.7015100000000001,1,3.75
17.08.2021 01:32:49.570,0.70165,0.7015,1,3
17.08.2021 01:32:49.671,0.7016,0.70147,1,3.5
17.08.2021 01:32:49.723,0.7015600000000001,0.70145,1,1.69
17.08.2021 01:32:49.824,0.7015,0.70143,1,1.25
17.08.2021 01:32:49.926,0.70149,0.70139,1,1.75
17.08.2021 01:32:49.976,0.7014600000000001,0.7014,1,1.25
17.08.2021 01:32:50.078,0.70149,0.70138,2,1
17.08.2021 01:32:50.179,0.7014800000000001,0.70137,1.69,1
17.08.2021 01:32:50.280,0.70147,0.70134,1,1
17.08.2021 01:32:50.381,0.70147,0.7013100000000001,1.12,2.62
17.08.2021 01:32:50.483,0.70149,0.7013600000000001,1,1.69
17.08.2021 01:32:50.786,0.70149,0.70137,1.12,1.12
17.08.2021 01:32:50.887,0.70147,0.70135,1,3.5
17.08.2021 01:32:51.089,0.7014600000000001,0.70135,1,3.5
17.08.2021 01:32:51.190,0.70147,0.7013600000000001,1,1.87
17.08.2021 01:32:51.443,0.70152,0.7014,1.5,1.69
17.08.2021 01:32:51.595,0.7015100000000001,0.70139,1,1.87
17.08.2021 01:32:51.697,0.7014600000000001,0.70137,1,2
17.08.2021 01:32:51.748,0.7015100000000001,0.70134,1.75,1.62
17.08.2021 01:32:51.799,0.70143,0.70133,1,2.12
17.08.2021 01:32:52.052,0.70143,0.70135,1,1.25
17.08.2021 01:32:52.102,0.70147,0.7014,1.12,1.25
17.08.2021 01:32:52.203,0.70149,0.70139,1,1.25
17.08.2021 01:32:52.308,0.7015,0.70139,1,1.25
17.08.2021 01:32:52.459,0.7015100000000001,0.70142,1,1.25
17.08.2021 01:32:52.611,0.70155,0.70147,1.5,1.25
17.08.2021 01:32:52.713,0.70159,0.7015100000000001,1,1.25
17.08.2021 01:32:52.801,0.7015800000000001,0.7015,1,1.25
17.08.2021 01:32:53.128,0.7016300000000001,0.70154,1.12,1.25
17.08.2021 01:32:53.773,0.7016300000000001,0.70155,1,1.25
17.08.2021 01:32:54.111,0.7016600000000001,0.70155,1,2.44
17.08.2021 01:32:54.162,0.7016600000000001,0.7015600000000001,1,1.25
17.08.2021 01:32:54.264,0.70167,0.7015600000000001,1,1.25
17.08.2021 01:32:54.637,0.7016600000000001,0.7015600000000001,1,1.25
17.08.2021 01:32:54.738,0.7016600000000001,0.70154,1.87,1
17.08.2021 01:32:54.790,0.7016100000000001,0.7015100000000001,1,3.06
17.08.2021 01:32:54.892,0.7016,0.70149,1,1.25
17.08.2021 01:32:55.853,0.7016100000000001,0.70149,1,1.25
17.08.2021 01:32:55.904,0.70162,0.7015100000000001,1.12,1.25
17.08.2021 01:32:56.005,0.7016100000000001,0.70149,1,1.37
17.08.2021 01:32:56.308,0.70164,0.7015300000000001,1.5,1.25
17.08.2021 01:32:56.359,0.70165,0.7015300000000001,1,1.25
17.08.2021 01:32:56.409,0.70167,0.7015600000000001,1.62,1.25
17.08.2021 01:32:56.511,0.7016800000000001,0.70157,1.5,1.75
17.08.2021 01:32:56.561,0.70169,0.70159,1,1.25
17.08.2021 01:32:56.663,0.7017,0.70159,1,1.25
17.08.2021 01:32:56.764,0.70169,0.70157,1,1.75
17.08.2021 01:32:56.815,0.70165,0.70154,1,1.75
17.08.2021 01:32:56.968,0.70165,0.7015100000000001,1,3.94
17.08.2021 01:32:57.070,0.70164,0.7015100000000001,1,2.25
17.08.2021 01:32:57.171,0.70167,0.7015600000000001,1,2.87
17.08.2021 01:32:57.273,0.70167,0.70157,1,2.12
17.08.2021 01:32:58.126,0.7017100000000001,0.70159,1,1
17.08.2021 01:32:58.177,0.70172,0.7016100000000001,1,2.5
17.08.2021 01:32:58.279,0.7017100000000001,0.70157,1,4.12
17.08.2021 01:32:58.381,0.70169,0.7015800000000001,1,2.62
17.08.2021 01:32:59.054,0.70172,0.7016,1,1.75
17.08.2021 01:32:59.206,0.70172,0.7016100000000001,1,1.25
17.08.2021 01:32:59.358,0.70169,0.70162,1,1
17.08.2021 01:32:59.409,0.7017,0.70157,1,4
17.08.2021 01:33:00.882,0.7016800000000001,0.70157,1,1.37
17.08.2021 01:33:00.933,0.70167,0.70155,1,6.19
17.08.2021 01:33:01.034,0.70167,0.70155,1,3.06
17.08.2021 01:33:01.135,0.7016800000000001,0.70157,1,1.37
17.08.2021 01:33:01.236,0.70169,0.70157,1,1.75
17.08.2021 01:33:02.590,0.70167,0.70157,1,1.25
17.08.2021 01:33:02.641,0.70167,0.70155,1,4.37
17.08.2021 01:33:02.810,0.7016300000000001,0.7015100000000001,1,3.94
17.08.2021 01:33:03.012,0.7016300000000001,0.70149,1.12,1.69
17.08.2021 01:33:03.063,0.70162,0.7015100000000001,1,1.25
17.08.2021 01:33:03.164,0.7016300000000001,0.7015100000000001,1.12,1.25
17.08.2021 01:33:03.265,0.70162,0.7015300000000001,1.12,1.25
17.08.2021 01:33:03.366,0.70164,0.70152,1.12,1.25
17.08.2021 01:33:03.619,0.70162,0.70152,1,1.75
17.08.2021 01:33:03.771,0.70164,0.7015100000000001,1.12,1.75
17.08.2021 01:33:03.955,0.70164,0.70152,1.12,1.25
17.08.2021 01:33:04.574,0.7016300000000001,0.7015,1,1.37
17.08.2021 01:33:04.675,0.7016300000000001,0.70149,1.5,2.5
17.08.2021 01:33:04.726,0.70162,0.7015,1.5,1.25
17.08.2021 01:33:04.827,0.7016100000000001,0.70147,1,4.69
17.08.2021 01:33:04.928,0.7016100000000001,0.70149,1,1.25
17.08.2021 01:33:05.138,0.70159,0.70149,1,1.75
17.08.2021 01:33:05.240,0.7016,0.70149,1,1.25
17.08.2021 01:33:05.290,0.7016,0.70152,1.12,1.25
17.08.2021 01:33:05.391,0.7016300000000001,0.7015100000000001,1,1.25
17.08.2021 01:33:05.492,0.70164,0.7015100000000001,1.12,1.25
17.08.2021 01:33:05.630,0.70164,0.70152,1.12,1.25
17.08.2021 01:33:05.681,0.70167,0.70154,1,1.37
17.08.2021 01:33:07.377,0.70164,0.7015300000000001,1,1.25
17.08.2021 01:33:07.539,0.7016800000000001,0.7015600000000001,1,1.75
17.08.2021 01:33:07.640,0.70169,0.7015600000000001,1,1.25
17.08.2021 01:33:07.756,0.70169,0.70157,1,1.37
17.08.2021 01:33:07.857,0.70169,0.7015800000000001,1.5,1.75
17.08.2021 01:33:08.678,0.7017,0.7015600000000001,1.5,1.75
17.08.2021 01:33:08.728,0.7016600000000001,0.7015300000000001,1,1.75
17.08.2021 01:33:08.848,0.7016300000000001,0.7015100000000001,1.5,2.19
17.08.2021 01:33:08.899,0.70162,0.7014800000000001,1.5,3.37
17.08.2021 01:33:09.001,0.70162,0.70147,1.5,2.62
17.08.2021 01:33:09.102,0.7016100000000001,0.70147,1,2.62
17.08.2021 01:33:09.468,0.7016,0.70147,1,2.62
17.08.2021 01:33:09.519,0.70157,0.7014600000000001,1.5,2.12
17.08.2021 01:33:09.620,0.7015800000000001,0.7014600000000001,1.5,2.25
17.08.2021 01:33:10.598,0.70162,0.7015100000000001,1,1.75
17.08.2021 01:33:10.749,0.70162,0.7015100000000001,1,1.25
17.08.2021 01:33:11.346,0.7016300000000001,0.7015100000000001,1,1.25
17.08.2021 01:33:11.447,0.7016300000000001,0.70152,1,1.25
17.08.2021 01:33:11.498,0.7016300000000001,0.70149,1.5,2.5
17.08.2021 01:33:11.591,0.7016100000000001,0.70149,1,1.25
17.08.2021 01:33:11.692,0.7016100000000001,0.7014800000000001,1,1.37
17.08.2021 01:33:11.870,0.70162,0.7014800000000001,1.5,1.37
17.08.2021 01:33:13.460,0.7016100000000001,0.7014800000000001,1,2.12
17.08.2021 01:33:13.880,0.70164,0.7015100000000001,1,1.25
17.08.2021 01:33:13.931,0.7016600000000001,0.7015300000000001,1,1.75
17.08.2021 01:33:18.010,0.70167,0.70152,1,1.87
17.08.2021 01:33:18.162,0.70169,0.70155,1,7.12
17.08.2021 01:33:18.213,0.7017100000000001,0.7015600000000001,1,3
17.08.2021 01:33:18.365,0.7017100000000001,0.7015600000000001,1,2.25
17.08.2021 01:33:20.670,0.70172,0.70157,1,1.25
17.08.2021 01:33:23.291,0.7017,0.70157,1,1.25
17.08.2021 01:33:23.342,0.7016800000000001,0.7015300000000001,1,1.85
17.08.2021 01:33:23.444,0.70169,0.70154,1.5,1.31
17.08.2021 01:33:23.545,0.70165,0.7015300000000001,1,1.69
17.08.2021 01:33:23.696,0.70165,0.70152,1,1.25
17.08.2021 01:33:23.797,0.70167,0.7015300000000001,1.12,1.69
17.08.2021 01:33:23.899,0.70167,0.70154,1.12,1.25
17.08.2021 01:33:24.391,0.70167,0.7015300000000001,1.5,1.25
17.08.2021 01:33:24.648,0.70167,0.70152,1.5,2.5
17.08.2021 01:33:25.458,0.7016600000000001,0.70152,1,2.5
17.08.2021 01:33:26.610,0.70164,0.7015,1,1.75
17.08.2021 01:33:26.711,0.7016300000000001,0.70149,1,1.75
17.08.2021 01:33:26.762,0.7016100000000001,0.7014800000000001,1,1.75
17.08.2021 01:33:26.863,0.7016100000000001,0.7014800000000001,1,1.75
17.08.2021 01:33:27.511,0.7016100000000001,0.70147,1,2.69
17.08.2021 01:33:27.612,0.70159,0.7014800000000001,1,2.5
17.08.2021 01:33:27.713,0.70157,0.7014800000000001,1,2.12
17.08.2021 01:33:27.764,0.7016,0.70147,1,1.37
17.08.2021 01:33:27.815,0.70162,0.70147,1.5,1.37
17.08.2021 01:33:28.387,0.70165,0.7015100000000001,1,1.81
17.08.2021 01:33:28.488,0.7016600000000001,0.7015100000000001,1,4.12
17.08.2021 01:33:28.589,0.7016300000000001,0.7015100000000001,1,2.44
17.08.2021 01:33:28.691,0.70162,0.7015,1,2
17.08.2021 01:33:28.792,0.7016300000000001,0.7014800000000001,1.5,2.25
17.08.2021 01:33:28.893,0.70162,0.7014800000000001,1,1.75
17.08.2021 01:33:29.149,0.7016100000000001,0.70147,1,4.69
17.08.2021 01:33:29.700,0.70162,0.70147,1,3.19
17.08.2021 01:33:31.719,0.70162,0.7014800000000001,1.5,2.12
17.08.2021 01:33:31.770,0.7016300000000001,0.7015100000000001,1,1.37
17.08.2021 01:33:31.871,0.7016600000000001,0.70152,1.5,1.37
17.08.2021 01:33:33.651,0.7016600000000001,0.70152,1.5,1.87
17.08.2021 01:33:34.751,0.70165,0.70152,1.5,1.25
17.08.2021 01:33:34.852,0.70165,0.70152,1,1.25
17.08.2021 01:33:34.953,0.70165,0.70152,1,1.25
17.08.2021 01:33:36.221,0.70165,0.7015300000000001,1,1.25
17.08.2021 01:33:37.617,0.70164,0.70152,1,1.25
17.08.2021 01:33:37.768,0.70164,0.7015300000000001,1,1.25
17.08.2021 01:33:38.204,0.7016100000000001,0.7015100000000001,1,3.75
17.08.2021 01:33:38.355,0.70162,0.70149,1,1.37
17.08.2021 01:33:38.507,0.70162,0.7014800000000001,1,2.25
17.08.2021 01:33:38.709,0.7016100000000001,0.70149,1,1.75
17.08.2021 01:33:38.949,0.7016100000000001,0.7014800000000001,1,1.37
17.08.2021 01:33:39.050,0.7015800000000001,0.70147,1,1.25
17.08.2021 01:33:39.151,0.70157,0.70147,1,3.37
17.08.2021 01:33:39.202,0.7016,0.70147,1,1.75
17.08.2021 01:33:41.307,0.7016100000000001,0.70147,1,2.5
17.08.2021 01:33:42.058,0.70159,0.70147,1,2.5
17.08.2021 01:33:42.547,0.7016,0.7014800000000001,1,1.25
17.08.2021 01:33:42.649,0.7016,0.70147,1,1.75
17.08.2021 01:33:43.130,0.70157,0.7014600000000001,1,3.37
17.08.2021 01:33:43.231,0.70155,0.70144,1,1.75
17.08.2021 01:33:43.332,0.7015600000000001,0.70143,1,1.37
17.08.2021 01:33:43.737,0.7015300000000001,0.70142,1,1.31
17.08.2021 01:33:43.839,0.7015100000000001,0.70139,1,4.25
17.08.2021 01:33:43.940,0.7015,0.70138,1.12,3.06
17.08.2021 01:33:44.091,0.7015,0.70139,1.12,1.25
17.08.2021 01:33:44.916,0.70149,0.70137,1.5,1.37
17.08.2021 01:33:44.967,0.70147,0.70137,1.75,1.5
17.08.2021 01:33:45.068,0.7014,0.7012700000000001,1,4.25
17.08.2021 01:33:45.170,0.70139,0.7012700000000001,1,1
17.08.2021 01:33:45.272,0.70138,0.7012600000000001,1,3.37
17.08.2021 01:33:45.524,0.70138,0.70125,1,4.69
17.08.2021 01:33:45.576,0.70134,0.70123,1,1.25
17.08.2021 01:33:45.677,0.70134,0.7012200000000001,1,1.69
17.08.2021 01:33:45.930,0.70134,0.7012100000000001,1,3.75
17.08.2021 01:33:46.133,0.70133,0.7012100000000001,1,1.87
17.08.2021 01:33:46.234,0.70132,0.7012100000000001,1,1.69
17.08.2021 01:33:46.285,0.70132,0.70118,1,5.19
17.08.2021 01:33:46.386,0.70132,0.70118,1,5.06
17.08.2021 01:33:46.487,0.70133,0.7012,1,2.25
17.08.2021 01:33:46.588,0.7013100000000001,0.7012,1,1.25
17.08.2021 01:33:46.690,0.70129,0.70117,1,2.56
17.08.2021 01:33:46.791,0.70129,0.7011600000000001,1,2.06
17.08.2021 01:33:46.892,0.7013,0.7011600000000001,1,2.81
17.08.2021 01:33:47.044,0.7013,0.7011600000000001,1,5.57
17.08.2021 01:33:47.095,0.7013100000000001,0.7012,1,3
17.08.2021 01:33:47.146,0.70133,0.7012100000000001,1,1
17.08.2021 01:33:47.197,0.70134,0.7012200000000001,1,1.5
17.08.2021 01:33:47.682,0.7013600000000001,0.7012100000000001,1,2.81
17.08.2021 01:33:48.937,0.70135,0.70119,1.75,2.75
17.08.2021 01:33:49.038,0.70133,0.70119,1,2.19
17.08.2021 01:33:49.139,0.70133,0.70119,1,2.06
17.08.2021 01:33:49.290,0.70132,0.70118,1,1.81
