Gmt time,Ask,Bid,AskVolume,BidVolume
05.08.2021 00:00:00.116,0.7044,0.7042700000000001,1.5,1
05.08.2021 00:00:00.167,0.7043600000000001,0.70428,1,1.25
05.08.2021 00:00:00.268,0.70438,0.70429,1,1.25
05.08.2021 00:00:00.675,0.70438,0.7043,1,1.25
05.08.2021 00:00:00.947,0.70444,0.7043,1,1.25
05.08.2021 00:00:03.567,0.70444,0.70429,1,1.75
05.08.2021 00:00:05.005,0.70439,0.70429,1,1.75
05.08.2021 00:00:07.084,0.70439,0.70428,1,2.12
05.08.2021 00:00:08.505,0.70437,0.70429,1,1.75
05.08.2021 00:00:10.556,0.70438,0.7042700000000001,1,2.12
05.08.2021 00:00:10.657,0.70437,0.7042700000000001,1,1.25
05.08.2021 00:00:14.909,0.70437,0.7042700000000001,1,1.75
05.08.2021 00:00:17.305,0.70438,0.7042700000000001,1,1.75
05.08.2021 00:00:18.685,0.70438,0.70428,1,1.75
05.08.2021 00:00:18.786,0.70438,0.70429,1,1.25
05.08.2021 00:00:21.019,0.70439,0.70429,1,1.25
05.08.2021 00:00:22.277,0.70438,0.70429,1,1.25
05.08.2021 00:00:22.802,0.70439,0.70429,1,1.25
05.08.2021 00:00:25.888,0.70439,0.70428,1,2.12
05.08.2021 00:00:34.015,0.7044,0.70429,1,1.25
05.08.2021 00:00:34.117,0.7044,0.7043100000000001,1,1.25
05.08.2021 00:00:42.878,0.70442,0.7043100000000001,1,2.5
05.08.2021 00:00:46.897,0.70444,0.70433,1,1.25
05.08.2021 00:00:47.335,0.70445,0.70434,1,1.69
05.08.2021 00:00:52.703,0.7044800000000001,0.7043600000000001,1,1.25
05.08.2021 00:00:52.906,0.7044800000000001,0.70438,1,1
05.08.2021 00:00:57.114,0.7044800000000001,0.70437,1,1
05.08.2021 00:01:00.232,0.70449,0.70438,1,1.25
05.08.2021 00:01:00.687,0.7044800000000001,0.70438,1,1
05.08.2021 00:01:10.834,0.7044800000000001,0.70438,1,1.25
05.08.2021 00:01:14.038,0.70449,0.70437,1,2.12
05.08.2021 00:01:17.650,0.70449,0.70438,1,1.75
05.08.2021 00:01:17.751,0.70449,0.70439,1,1.75
05.08.2021 00:01:18.179,0.70449,0.70438,1,1.75
05.08.2021 00:01:23.224,0.70449,0.70438,1,1.25
05.08.2021 00:01:23.325,0.70449,0.70438,1,1.75
05.08.2021 00:01:24.280,0.7044800000000001,0.70439,1,1.69
05.08.2021 00:01:24.389,0.70449,0.70438,1,1.75
05.08.2021 00:01:24.440,0.7044800000000001,0.70438,1,3.19
05.08.2021 00:01:27.004,0.70449,0.70438,1,1.25
05.08.2021 00:01:33.122,0.70449,0.70437,1,2.25
05.08.2021 00:01:33.260,0.70447,0.70438,1,2.25
05.08.2021 00:01:37.543,0.70449,0.70437,1,1.5
05.08.2021 00:01:41.442,0.70449,0.7043600000000001,1,1.5
05.08.2021 00:01:41.698,0.7044800000000001,0.7043600000000001,1,1.5
05.08.2021 00:01:55.561,0.70449,0.7043600000000001,1,2
05.08.2021 00:02:10.162,0.7044800000000001,0.70437,1,1.12
05.08.2021 00:02:13.199,0.7044800000000001,0.70438,1,1
05.08.2021 00:02:18.340,0.7045,0.70437,1,1.12
05.08.2021 00:02:19.418,0.7045,0.70438,1,1
05.08.2021 00:02:19.519,0.7045,0.70438,1,1.81
05.08.2021 00:02:21.578,0.7045,0.70438,1,1.12
05.08.2021 00:02:24.036,0.7045,0.70437,1,2.25
05.08.2021 00:02:27.354,0.70449,0.70437,1,2.25
05.08.2021 00:02:56.749,0.70449,0.7043600000000001,1,1.87
05.08.2021 00:03:06.302,0.7044800000000001,0.7043600000000001,1,1.5
05.08.2021 00:03:06.403,0.7044800000000001,0.70435,1,1
05.08.2021 00:03:08.187,0.70447,0.70435,1,1
05.08.2021 00:03:11.534,0.7044100000000001,0.7043200000000001,1,1.12
05.08.2021 00:03:11.585,0.70442,0.7043,1,2.37
05.08.2021 00:03:11.686,0.70439,0.70428,1,3.12
05.08.2021 00:03:11.787,0.70439,0.70428,1,1.5
05.08.2021 00:03:12.898,0.70438,0.70428,1,1.31
05.08.2021 00:03:42.269,0.70439,0.70428,1,1
05.08.2021 00:03:45.303,0.7044,0.70428,1,1
05.08.2021 00:03:47.988,0.7044,0.7042700000000001,1,1.87
05.08.2021 00:03:48.728,0.7044,0.70428,1,1
05.08.2021 00:03:53.008,0.7044600000000001,0.70433,1.5,2.44
05.08.2021 00:03:53.109,0.70445,0.70435,1.5,1
05.08.2021 00:03:53.160,0.7044600000000001,0.70433,1,1.31
05.08.2021 00:03:55.262,0.70442,0.7043,1,1.12
05.08.2021 00:03:55.363,0.7044100000000001,0.70429,1,1.5
05.08.2021 00:03:55.464,0.7044100000000001,0.70429,1,1
05.08.2021 00:03:55.565,0.70438,0.7043,1,1
05.08.2021 00:04:01.625,0.7044,0.70429,1,1
05.08.2021 00:04:03.981,0.70439,0.70429,1,1
05.08.2021 00:04:07.401,0.7044,0.70429,1,1
05.08.2021 00:04:25.197,0.70439,0.70429,1,1
05.08.2021 00:04:29.747,0.70434,0.70425,1,1.25
05.08.2021 00:04:29.849,0.70433,0.70424,1,1
05.08.2021 00:04:29.950,0.70433,0.70423,1,1
05.08.2021 00:04:30.000,0.70433,0.7042100000000001,1,1
05.08.2021 00:04:30.101,0.70433,0.7042,1,1.69
05.08.2021 00:04:30.152,0.7043100000000001,0.7042,1,1
05.08.2021 00:04:32.260,0.7043100000000001,0.70419,1,1.25
05.08.2021 00:04:32.543,0.70429,0.7042,1,1
05.08.2021 00:04:32.644,0.70429,0.70417,1,2.5
05.08.2021 00:04:32.760,0.70429,0.70417,1,2.44
05.08.2021 00:04:47.959,0.7043,0.70417,1,1.87
05.08.2021 00:05:05.886,0.7043,0.70417,1,1.62
05.08.2021 00:05:19.153,0.7043100000000001,0.70417,1,2.44
05.08.2021 00:05:19.254,0.70437,0.70424,2.75,1.75
05.08.2021 00:05:19.356,0.70438,0.7042700000000001,1.5,1
05.08.2021 00:05:19.406,0.70438,0.7042700000000001,1,1
05.08.2021 00:05:19.507,0.7044,0.7042700000000001,1,1
05.08.2021 00:05:21.535,0.70435,0.7042600000000001,1,1
05.08.2021 00:05:21.737,0.70435,0.70423,1,1.12
05.08.2021 00:05:29.018,0.7043600000000001,0.70423,1,2.62
05.08.2021 00:05:29.991,0.70435,0.70424,1,3.12
05.08.2021 00:05:30.824,0.70439,0.70425,1,2.81
05.08.2021 00:05:30.875,0.7044,0.7042700000000001,1,1
05.08.2021 00:06:02.966,0.7044100000000001,0.7042700000000001,1,1.69
05.08.2021 00:06:03.319,0.7044,0.70429,1,1
05.08.2021 00:06:04.860,0.70442,0.70428,1,2.37
05.08.2021 00:06:19.152,0.70442,0.70428,1,2.06
05.08.2021 00:06:23.743,0.7044100000000001,0.70428,1,1.31
05.08.2021 00:07:14.401,0.70439,0.70429,1,1
05.08.2021 00:08:09.129,0.70439,0.7042700000000001,1,1.75
05.08.2021 00:08:10.944,0.70439,0.7042700000000001,1,1.31
05.08.2021 00:08:13.253,0.70439,0.70428,1,1
05.08.2021 00:08:13.407,0.70439,0.7042700000000001,1,1.31
05.08.2021 00:08:50.115,0.70439,0.7042700000000001,1,1.25
05.08.2021 00:08:59.204,0.70439,0.7042700000000001,1,1.25
05.08.2021 00:09:10.524,0.7044,0.7042700000000001,1,1.69
05.08.2021 00:09:15.062,0.7044100000000001,0.7042700000000001,1.5,1.69
05.08.2021 00:09:15.567,0.7044,0.70428,1.5,1.75
05.08.2021 00:09:21.487,0.70445,0.70433,1.5,1.25
05.08.2021 00:09:21.588,0.70447,0.7043600000000001,1.25,1.5
05.08.2021 00:09:21.689,0.7044800000000001,0.7043600000000001,1.5,2.87
05.08.2021 00:09:21.740,0.70445,0.70435,1,1.5
05.08.2021 00:09:21.841,0.70445,0.70434,1,1
05.08.2021 00:09:21.964,0.70445,0.7043200000000001,1,1.5
05.08.2021 00:09:22.065,0.70444,0.7043100000000001,1,4.44
05.08.2021 00:09:22.216,0.7044800000000001,0.70435,1,2.25
05.08.2021 00:09:22.317,0.70449,0.7043600000000001,1,1
05.08.2021 00:09:22.794,0.7045,0.70437,1,1.25
05.08.2021 00:09:25.218,0.7045,0.70438,1,2.87
05.08.2021 00:09:26.468,0.7045100000000001,0.70437,1,2.81
05.08.2021 00:09:27.344,0.70449,0.70438,1,1.31
05.08.2021 00:09:30.275,0.7045,0.7043600000000001,1,2.81
05.08.2021 00:09:30.376,0.70449,0.7043600000000001,1,2.81
05.08.2021 00:09:34.457,0.70447,0.70437,1,1.31
05.08.2021 00:09:35.439,0.70447,0.70437,1.5,1.31
05.08.2021 00:09:35.567,0.70445,0.70433,1,4.5
05.08.2021 00:09:35.739,0.70445,0.7043200000000001,1,3
05.08.2021 00:09:39.018,0.7044600000000001,0.7043200000000001,1,5.25
05.08.2021 00:09:40.502,0.70447,0.70435,1,1.31
05.08.2021 00:09:40.603,0.7044800000000001,0.70435,1,2.87
05.08.2021 00:09:47.798,0.7044800000000001,0.7043600000000001,1,1.37
05.08.2021 00:09:48.011,0.7044800000000001,0.70435,1,2.94
05.08.2021 00:10:08.666,0.7045,0.70442,1.5,1
05.08.2021 00:10:08.767,0.7045100000000001,0.7044,1,1
05.08.2021 00:10:12.056,0.70452,0.7044,1,1.12
05.08.2021 00:10:15.597,0.70452,0.7044100000000001,1,1.25
05.08.2021 00:10:25.075,0.7045300000000001,0.70442,1,1.75
05.08.2021 00:10:25.176,0.70455,0.70443,1,2.5
05.08.2021 00:10:25.278,0.7045600000000001,0.70443,1,1.75
05.08.2021 00:10:25.380,0.7045800000000001,0.70445,1,1.31
05.08.2021 00:10:25.482,0.70459,0.7044600000000001,1,1.25
05.08.2021 00:10:29.389,0.70459,0.70447,1,4.69
05.08.2021 00:10:29.490,0.70459,0.7044800000000001,1,1.12
05.08.2021 00:10:29.642,0.7046,0.7044800000000001,1,1.87
05.08.2021 00:10:42.013,0.7046,0.70452,1,2.25
05.08.2021 00:10:45.975,0.7046,0.7045100000000001,1,2.25
05.08.2021 00:10:49.395,0.70459,0.7045100000000001,1,2.25
05.08.2021 00:10:49.496,0.7046,0.7045100000000001,1,2.25
05.08.2021 00:10:50.003,0.7046,0.7045100000000001,1,2.37
05.08.2021 00:10:51.967,0.7046,0.7045100000000001,1,2.25
05.08.2021 00:10:52.068,0.7046100000000001,0.7045100000000001,1,2.44
05.08.2021 00:10:52.421,0.7046100000000001,0.7045,1,1.25
05.08.2021 00:10:52.522,0.7046,0.7045,1,1
05.08.2021 00:10:52.624,0.70462,0.7045300000000001,1,1
05.08.2021 00:10:52.792,0.70462,0.7045399999999999,1,1
05.08.2021 00:10:53.749,0.70462,0.7045300000000001,1,2.25
05.08.2021 00:10:55.632,0.7046100000000001,0.7045300000000001,1,2.25
05.08.2021 00:10:56.016,0.70462,0.7045300000000001,1,1
05.08.2021 00:10:56.207,0.70464,0.7045399999999999,1,1
05.08.2021 00:10:56.308,0.70465,0.7045399999999999,1,11.44
05.08.2021 00:10:56.409,0.70464,0.7045300000000001,1,12.25
05.08.2021 00:10:56.460,0.70462,0.7045300000000001,1,3.12
05.08.2021 00:10:56.511,0.7046100000000001,0.7045,1,13.44
05.08.2021 00:10:56.562,0.70462,0.7045300000000001,1,2.37
05.08.2021 00:10:56.837,0.70462,0.7045300000000001,1,2.25
05.08.2021 00:10:57.802,0.70462,0.7045399999999999,1,2.25
05.08.2021 00:11:00.822,0.70462,0.7045100000000001,1,1.25
05.08.2021 00:11:01.075,0.70464,0.70455,1.5,1
05.08.2021 00:11:01.510,0.70464,0.7045300000000001,1,15.75
05.08.2021 00:11:01.611,0.70464,0.7045800000000001,1,2.25
05.08.2021 00:11:01.662,0.7046600000000001,0.7045800000000001,1,2.25
05.08.2021 00:11:02.116,0.70467,0.7045800000000001,1,3.19
05.08.2021 00:11:02.292,0.70469,0.70457,1,4
05.08.2021 00:11:02.606,0.7046800000000001,0.7046100000000001,1,2.25
05.08.2021 00:11:03.502,0.7046800000000001,0.7046,1,2.25
05.08.2021 00:11:08.614,0.7046800000000001,0.70459,1,2.25
05.08.2021 00:11:09.139,0.70469,0.7046,1,1.25
05.08.2021 00:11:09.240,0.7047,0.7046,1,1.25
05.08.2021 00:11:10.094,0.7047,0.70462,1,1
05.08.2021 00:11:10.385,0.7047,0.7046,1,2.25
05.08.2021 00:11:10.537,0.70469,0.7046,1,2.25
05.08.2021 00:11:11.775,0.7046800000000001,0.7046,1,1
05.08.2021 00:11:12.090,0.7047100000000001,0.7046,2.25,1
05.08.2021 00:11:13.719,0.70469,0.7046,1,2.25
05.08.2021 00:11:13.831,0.7047100000000001,0.7046,1.5,2.25
05.08.2021 00:11:14.782,0.70467,0.7046100000000001,1,2.25
05.08.2021 00:11:14.984,0.70469,0.7046,1,2.25
05.08.2021 00:11:15.186,0.70467,0.7046100000000001,1,2.25
05.08.2021 00:11:17.478,0.7047,0.7046,1,2.25
05.08.2021 00:11:20.958,0.7047,0.70464,1.5,2.25
05.08.2021 00:11:21.959,0.7047100000000001,0.70464,1.5,1
05.08.2021 00:11:22.009,0.7047300000000001,0.70464,1,1
05.08.2021 00:11:22.110,0.70472,0.70464,1,1.75
05.08.2021 00:11:22.211,0.7047300000000001,0.70464,1,1.75
05.08.2021 00:11:22.363,0.70472,0.7046600000000001,1,1.25
05.08.2021 00:11:22.414,0.7047300000000001,0.70464,1,1
05.08.2021 00:11:22.879,0.7047300000000001,0.70462,1,2.5
05.08.2021 00:11:23.825,0.70472,0.70462,1,2.5
05.08.2021 00:11:24.841,0.70472,0.7046300000000001,1,2.5
05.08.2021 00:11:25.303,0.70477,0.7046600000000001,1.5,1
05.08.2021 00:11:25.354,0.70479,0.70467,1.5,3
05.08.2021 00:11:25.731,0.70477,0.70467,1,1
05.08.2021 00:11:25.833,0.70476,0.70467,1,1
05.08.2021 00:11:27.381,0.70476,0.7046800000000001,1,1
05.08.2021 00:11:33.279,0.70475,0.70467,1,1
05.08.2021 00:11:33.330,0.70477,0.70467,1,1
05.08.2021 00:11:33.431,0.7047800000000001,0.70467,1.5,1
05.08.2021 00:11:36.140,0.7047800000000001,0.7047,1,1
05.08.2021 00:11:37.043,0.70476,0.7046800000000001,1,1
05.08.2021 00:11:41.022,0.70476,0.70467,1,1
05.08.2021 00:11:44.025,0.70476,0.7046800000000001,1,1
05.08.2021 00:11:45.643,0.70477,0.7046800000000001,1,1
05.08.2021 00:11:47.126,0.7047300000000001,0.70464,1.5,1.5
05.08.2021 00:11:47.177,0.70472,0.70462,1,1.12
05.08.2021 00:11:47.429,0.70469,0.7046300000000001,1,1
05.08.2021 00:11:48.121,0.7047,0.7046,1,2.5
05.08.2021 00:11:51.428,0.70475,0.7046300000000001,3.94,1
05.08.2021 00:11:51.808,0.70469,0.70462,1,1.25
05.08.2021 00:11:52.892,0.7047100000000001,0.7046100000000001,1,1.25
05.08.2021 00:11:53.552,0.70474,0.7046300000000001,3.37,3.25
05.08.2021 00:11:53.654,0.70476,0.7046800000000001,1.5,1.25
05.08.2021 00:11:53.756,0.7047800000000001,0.70467,1,2.5
05.08.2021 00:11:58.034,0.70477,0.70467,1.5,1
05.08.2021 00:11:58.085,0.70474,0.7046600000000001,1,1.12
05.08.2021 00:11:58.187,0.7047300000000001,0.7046300000000001,1,1.5
05.08.2021 00:11:58.238,0.7047300000000001,0.7046300000000001,1,1
05.08.2021 00:11:59.014,0.7047300000000001,0.70465,1,1
05.08.2021 00:11:59.065,0.70475,0.70465,1,1.25
05.08.2021 00:11:59.167,0.70475,0.7046600000000001,1,1.69
05.08.2021 00:11:59.727,0.70476,0.7046600000000001,1,1.25
05.08.2021 00:12:04.543,0.70477,0.7046600000000001,1,1.37
05.08.2021 00:12:14.212,0.7047300000000001,0.70465,1,1.12
05.08.2021 00:12:14.262,0.70475,0.70464,1,2.25
05.08.2021 00:12:14.364,0.70477,0.70465,1,1.75
05.08.2021 00:12:16.931,0.70477,0.7046600000000001,1,2.12
05.08.2021 00:12:17.032,0.70477,0.7046800000000001,1,1.25
05.08.2021 00:12:17.133,0.70477,0.70469,1,1
05.08.2021 00:12:22.762,0.7047800000000001,0.70469,1,1
05.08.2021 00:12:30.323,0.70479,0.70469,1,1.69
05.08.2021 00:12:30.688,0.70479,0.7047,1,1
05.08.2021 00:12:31.668,0.7047800000000001,0.7047,1,2.44
05.08.2021 00:12:32.462,0.70481,0.7047100000000001,1,1.69
05.08.2021 00:12:32.564,0.70486,0.70476,1,2.5
05.08.2021 00:12:32.665,0.70487,0.7047800000000001,1.5,1
05.08.2021 00:12:33.889,0.70489,0.70479,1,1.69
05.08.2021 00:12:33.990,0.70491,0.70479,1.5,2.44
05.08.2021 00:12:35.279,0.7048800000000001,0.70479,1,1.25
05.08.2021 00:12:35.381,0.7048800000000001,0.7047800000000001,1,1
05.08.2021 00:12:40.855,0.70489,0.7047800000000001,1,1.75
05.08.2021 00:12:41.599,0.7049000000000001,0.7048,1,1.25
05.08.2021 00:12:45.462,0.7049000000000001,0.70481,1,1.25
05.08.2021 00:12:49.124,0.7048800000000001,0.70482,1,1.12
05.08.2021 00:12:54.066,0.7049000000000001,0.70481,1,1
05.08.2021 00:12:58.421,0.70489,0.70481,1,1.12
05.08.2021 00:12:58.821,0.70489,0.7048,1,1
05.08.2021 00:13:03.183,0.7048800000000001,0.7048,1,1
05.08.2021 00:13:03.351,0.70489,0.7048,1,1
05.08.2021 00:13:03.801,0.70489,0.70481,1,1
05.08.2021 00:13:04.012,0.70487,0.70481,1,1
05.08.2021 00:13:08.063,0.70489,0.7048,1,1.25
05.08.2021 00:13:14.815,0.7048800000000001,0.7048,1,1.25
05.08.2021 00:13:16.716,0.70491,0.70481,1,1.69
05.08.2021 00:13:16.817,0.7049000000000001,0.7048300000000001,1,1.25
05.08.2021 00:13:17.082,0.7049300000000001,0.7048300000000001,1,2.44
05.08.2021 00:13:17.133,0.70494,0.7048500000000001,1,1.25
05.08.2021 00:13:17.234,0.7049500000000001,0.7048500000000001,1,2.12
05.08.2021 00:13:17.337,0.70497,0.70486,1,1.75
05.08.2021 00:13:17.590,0.70496,0.7048800000000001,1,1.75
05.08.2021 00:13:18.150,0.70497,0.7048500000000001,1,1.69
05.08.2021 00:13:19.674,0.70497,0.7048500000000001,1,2.5
05.08.2021 00:13:23.251,0.7049500000000001,0.70484,1,1.75
05.08.2021 00:13:23.353,0.7049500000000001,0.70484,1,1.25
05.08.2021 00:13:24.180,0.7049500000000001,0.7048500000000001,1,1.25
05.08.2021 00:13:26.134,0.7049500000000001,0.70484,1,1
05.08.2021 00:13:26.235,0.7049500000000001,0.7048300000000001,1,1.69
05.08.2021 00:13:28.209,0.70491,0.7048300000000001,1,1.25
05.08.2021 00:13:31.644,0.7049500000000001,0.70482,1.87,3.25
05.08.2021 00:13:32.098,0.70496,0.7048800000000001,1.87,1.25
05.08.2021 00:13:32.199,0.70498,0.70487,1,2.5
05.08.2021 00:13:36.248,0.70499,0.7048800000000001,1,2.5
05.08.2021 00:13:38.322,0.70499,0.7048800000000001,1,1.25
05.08.2021 00:13:47.989,0.7050000000000001,0.70489,1,1.25
05.08.2021 00:13:57.225,0.7050000000000001,0.70489,1,2.5
05.08.2021 00:14:05.452,0.7050000000000001,0.7049000000000001,1,1.75
05.08.2021 00:14:05.553,0.70501,0.7049000000000001,1,1.75
05.08.2021 00:14:06.326,0.7050000000000001,0.70491,1,1.75
05.08.2021 00:14:06.495,0.70498,0.70491,1,1.69
05.08.2021 00:14:06.625,0.70498,0.7049000000000001,1,1.25
05.08.2021 00:14:07.008,0.70499,0.7048800000000001,1,2.06
05.08.2021 00:14:13.039,0.70498,0.7048800000000001,1,1.69
05.08.2021 00:14:17.895,0.70498,0.70489,1,2.44
05.08.2021 00:14:18.385,0.7050000000000001,0.7048800000000001,1,2.44
05.08.2021 00:14:18.486,0.7050000000000001,0.70489,1,1.5
05.08.2021 00:14:21.842,0.7050000000000001,0.70489,1,1.87
05.08.2021 00:14:25.493,0.70499,0.70489,1,1.87
05.08.2021 00:14:28.619,0.70499,0.7048800000000001,1,3.56
05.08.2021 00:14:30.896,0.70498,0.70487,1,1
05.08.2021 00:14:31.104,0.70497,0.70487,1,3
05.08.2021 00:14:52.052,0.70496,0.70487,1,1.25
05.08.2021 00:15:00.545,0.7049500000000001,0.7048500000000001,1,1
05.08.2021 00:15:00.646,0.70494,0.7048500000000001,1,1
05.08.2021 00:15:00.747,0.7049500000000001,0.70484,1,1.69
05.08.2021 00:15:02.948,0.70497,0.7048500000000001,1,2.81
05.08.2021 00:15:09.770,0.70497,0.7048500000000001,1,2.94
05.08.2021 00:15:10.872,0.7049500000000001,0.70486,1,1
05.08.2021 00:15:10.922,0.70496,0.70487,1,1
05.08.2021 00:15:11.024,0.70498,0.70486,1,1.69
05.08.2021 00:15:14.344,0.70494,0.70482,1,3.5
05.08.2021 00:15:14.395,0.70494,0.70482,1,3
05.08.2021 00:15:15.829,0.7049500000000001,0.7048300000000001,1,1
05.08.2021 00:15:18.465,0.7049300000000001,0.70482,1,2.25
05.08.2021 00:15:19.452,0.7049300000000001,0.70481,1.5,3
05.08.2021 00:15:19.553,0.7049300000000001,0.70482,1.5,1.5
05.08.2021 00:15:19.655,0.7049300000000001,0.70481,1.5,4.5
05.08.2021 00:15:21.312,0.7049300000000001,0.70482,1.5,1.5
05.08.2021 00:15:21.414,0.7049300000000001,0.70481,1.5,4.69
05.08.2021 00:15:21.515,0.7049300000000001,0.70482,1.5,1.5
05.08.2021 00:15:21.616,0.70492,0.70481,1,1.69
05.08.2021 00:15:22.600,0.70492,0.70482,1,1
05.08.2021 00:15:23.205,0.70492,0.70481,1,3.94
05.08.2021 00:15:26.784,0.70492,0.70482,1,1
05.08.2021 00:15:26.885,0.70492,0.70481,1,3.94
05.08.2021 00:15:27.036,0.70492,0.70482,1,1.5
05.08.2021 00:15:27.137,0.70492,0.70481,1,3.94
05.08.2021 00:15:42.535,0.70492,0.70482,1,1.5
05.08.2021 00:15:43.711,0.70491,0.70482,1,3.19
05.08.2021 00:15:56.757,0.7049000000000001,0.7048300000000001,1,1
05.08.2021 00:15:57.089,0.70491,0.70481,1,1.69
05.08.2021 00:16:00.460,0.70492,0.70482,1,1
05.08.2021 00:16:00.597,0.70492,0.70481,1,3.19
05.08.2021 00:16:02.042,0.70491,0.7048300000000001,1,1
05.08.2021 00:16:05.642,0.70494,0.70482,1,3.37
05.08.2021 00:16:05.743,0.7049500000000001,0.7048300000000001,1,1.69
05.08.2021 00:16:06.922,0.70494,0.7048500000000001,1,1
05.08.2021 00:16:18.704,0.7049500000000001,0.7048300000000001,1,1.5
05.08.2021 00:16:21.732,0.70492,0.70481,1,4.25
05.08.2021 00:16:21.834,0.70492,0.70481,1,3
05.08.2021 00:16:24.142,0.7049300000000001,0.70482,1,1
05.08.2021 00:16:24.243,0.70494,0.7048300000000001,1,1
05.08.2021 00:16:26.734,0.7049500000000001,0.70484,1,1
05.08.2021 00:16:51.970,0.70492,0.70482,1,1
05.08.2021 00:16:52.071,0.70492,0.70481,1,1.87
05.08.2021 00:16:52.172,0.70491,0.7048300000000001,1,1.5
05.08.2021 00:16:52.274,0.70492,0.70481,1,1.5
05.08.2021 00:16:55.036,0.70489,0.70479,2.69,1.31
05.08.2021 00:16:55.087,0.7048800000000001,0.70477,1,1.25
05.08.2021 00:16:55.189,0.7049000000000001,0.7047800000000001,1,1
05.08.2021 00:16:55.291,0.70489,0.70477,1,2.62
05.08.2021 00:16:55.392,0.70487,0.7047800000000001,1,1.87
05.08.2021 00:16:55.545,0.7048800000000001,0.70476,1,2.25
05.08.2021 00:16:56.128,0.7049000000000001,0.7047800000000001,1,1
05.08.2021 00:17:03.618,0.7049000000000001,0.70479,1,1
05.08.2021 00:17:08.860,0.70492,0.70481,1.5,1
05.08.2021 00:17:20.773,0.7049500000000001,0.70484,1.37,1
05.08.2021 00:17:20.874,0.7049500000000001,0.7048500000000001,1,1
05.08.2021 00:17:20.975,0.7049500000000001,0.70486,1,1
05.08.2021 00:17:23.332,0.70497,0.70486,1.75,1
05.08.2021 00:17:23.515,0.70497,0.7048500000000001,3.25,1
05.08.2021 00:17:24.757,0.70497,0.7048500000000001,1.69,1
05.08.2021 00:17:24.909,0.70497,0.70486,1,1
05.08.2021 00:17:31.288,0.70497,0.70487,1,1
05.08.2021 00:17:36.110,0.70497,0.70486,1,1.5
05.08.2021 00:17:43.984,0.70499,0.7049000000000001,1,1
05.08.2021 00:17:44.034,0.70502,0.7049000000000001,2.25,1
05.08.2021 00:17:49.153,0.70501,0.7049000000000001,1,1
05.08.2021 00:17:50.354,0.70501,0.7049000000000001,1.5,1
05.08.2021 00:17:50.529,0.70501,0.7049000000000001,1,1
05.08.2021 00:18:13.168,0.70501,0.70489,1,1.5
05.08.2021 00:18:16.216,0.7050000000000001,0.70489,1.25,1.5
05.08.2021 00:18:16.317,0.7050000000000001,0.70489,1,1
05.08.2021 00:18:17.072,0.70501,0.70489,1.5,1.5
05.08.2021 00:18:25.355,0.70499,0.70489,1,1
05.08.2021 00:18:26.170,0.7050000000000001,0.70489,1,1.5
05.08.2021 00:18:31.917,0.7050000000000001,0.7049000000000001,1,1
05.08.2021 00:18:33.022,0.7050000000000001,0.70489,1,1.5
05.08.2021 00:18:54.684,0.70498,0.70487,1,3.75
05.08.2021 00:18:54.786,0.70499,0.70489,1,1
05.08.2021 00:18:54.887,0.70499,0.7048800000000001,1,1
05.08.2021 00:19:01.520,0.70499,0.70489,1,1
05.08.2021 00:19:07.844,0.70499,0.7048800000000001,1,1
05.08.2021 00:19:08.292,0.70499,0.70489,1,1
05.08.2021 00:19:08.393,0.70498,0.70487,1,4.5
05.08.2021 00:19:08.608,0.70499,0.7048800000000001,1,1
05.08.2021 00:19:11.036,0.7050000000000001,0.70489,1.5,1.5
05.08.2021 00:19:11.238,0.70501,0.7049000000000001,1.5,1
05.08.2021 00:19:11.390,0.70499,0.7049000000000001,1,1.5
05.08.2021 00:19:15.806,0.70498,0.7049000000000001,1,1
05.08.2021 00:19:22.126,0.70498,0.70489,1,1
05.08.2021 00:19:22.328,0.70498,0.7049000000000001,1,1
05.08.2021 00:19:30.219,0.70498,0.70489,1,1
05.08.2021 00:19:32.292,0.70499,0.70489,1,1
05.08.2021 00:19:57.596,0.70502,0.70491,2.44,1.5
05.08.2021 00:19:57.698,0.70499,0.70491,1,1.87
05.08.2021 00:19:57.800,0.70501,0.7049000000000001,1,1.87
05.08.2021 00:19:58.114,0.70501,0.70491,1,1.5
05.08.2021 00:19:59.734,0.7050000000000001,0.70491,1,2.44
05.08.2021 00:20:07.436,0.70502,0.70491,1,1
05.08.2021 00:20:11.530,0.70504,0.70492,1,1.5
05.08.2021 00:20:11.631,0.70504,0.7049300000000001,1,1
05.08.2021 00:20:12.095,0.7050500000000001,0.7049500000000001,1,1
05.08.2021 00:20:13.437,0.70504,0.7049500000000001,1,1
05.08.2021 00:20:17.782,0.70506,0.70494,1,1
05.08.2021 00:20:20.535,0.7050500000000001,0.70494,1,1
05.08.2021 00:20:23.046,0.70507,0.70496,1,1
05.08.2021 00:20:24.043,0.70507,0.7049500000000001,1,1
05.08.2021 00:20:32.345,0.70509,0.70497,1,1
05.08.2021 00:20:42.761,0.70507,0.70497,1,1
05.08.2021 00:20:42.812,0.7050500000000001,0.7049500000000001,1,1
05.08.2021 00:20:42.913,0.70507,0.7049500000000001,1,1.5
05.08.2021 00:20:43.066,0.70508,0.70496,1,1
05.08.2021 00:20:56.448,0.70507,0.70494,1.5,1
05.08.2021 00:20:58.907,0.70503,0.70494,1,1
05.08.2021 00:21:09.927,0.70504,0.70494,1,1.5
05.08.2021 00:21:12.074,0.70504,0.7049300000000001,1,2.62
05.08.2021 00:21:22.778,0.70504,0.7049300000000001,1,3.69
05.08.2021 00:21:23.677,0.7050500000000001,0.7049300000000001,2.25,2.19
05.08.2021 00:21:23.778,0.70501,0.7049000000000001,1,2
05.08.2021 00:21:23.880,0.70501,0.7049000000000001,1,1.5
05.08.2021 00:21:23.981,0.7050000000000001,0.7049000000000001,1,1.5
05.08.2021 00:21:30.254,0.70499,0.7049000000000001,1,1
05.08.2021 00:21:30.355,0.70499,0.70489,1,2.81
05.08.2021 00:21:32.575,0.70499,0.7048800000000001,2.06,1
05.08.2021 00:21:32.677,0.7049500000000001,0.7048500000000001,1,1.5
05.08.2021 00:21:32.778,0.70494,0.70484,1,1.12
05.08.2021 00:21:32.881,0.7049500000000001,0.70484,1,1.12
05.08.2021 00:21:40.167,0.7049300000000001,0.70484,1,2.94
05.08.2021 00:21:40.302,0.70494,0.7048300000000001,1,1.12
05.08.2021 00:21:40.403,0.7049300000000001,0.70479,2.87,2
05.08.2021 00:21:40.504,0.7048800000000001,0.7047800000000001,1,1.12
05.08.2021 00:21:53.769,0.70486,0.70477,1,1
05.08.2021 00:21:53.870,0.70487,0.70477,1,1
05.08.2021 00:22:12.570,0.70487,0.7047800000000001,1,1.87
05.08.2021 00:22:12.671,0.7048800000000001,0.7047800000000001,1,1
05.08.2021 00:22:34.328,0.70484,0.70474,1,1
05.08.2021 00:22:34.429,0.70481,0.70472,1,1.5
05.08.2021 00:22:34.530,0.7048300000000001,0.7047100000000001,1,1.12
05.08.2021 00:22:34.631,0.70481,0.7047300000000001,1,1
05.08.2021 00:22:34.833,0.70482,0.7047100000000001,1,1.12
05.08.2021 00:22:35.104,0.70481,0.7047300000000001,1,1
05.08.2021 00:22:35.343,0.70482,0.7047100000000001,1,1.12
05.08.2021 00:22:35.551,0.70482,0.70472,1,1
05.08.2021 00:22:35.805,0.70481,0.70472,1,1.87
05.08.2021 00:22:44.974,0.70482,0.7047100000000001,1,2.75
05.08.2021 00:22:45.098,0.70484,0.7047100000000001,1,3.5
05.08.2021 00:23:04.059,0.70482,0.7047100000000001,1,3.5
05.08.2021 00:23:04.211,0.7048300000000001,0.7047100000000001,1,1
05.08.2021 00:23:05.275,0.7048300000000001,0.70472,1,1
05.08.2021 00:23:05.474,0.70484,0.70472,1,1
05.08.2021 00:23:05.575,0.70484,0.7047100000000001,1,2.25
05.08.2021 00:23:05.800,0.70484,0.70472,1,1
05.08.2021 00:23:08.256,0.70484,0.7047100000000001,1,2.62
05.08.2021 00:23:23.830,0.70484,0.7047100000000001,1,2.75
05.08.2021 00:23:39.801,0.70486,0.70476,1,1
05.08.2021 00:23:39.902,0.70487,0.70476,1,1
05.08.2021 00:23:48.747,0.70486,0.70475,1,1
05.08.2021 00:23:48.853,0.70486,0.7047300000000001,1,1.87
05.08.2021 00:24:03.422,0.70487,0.70475,1,1
05.08.2021 00:24:03.523,0.7048800000000001,0.70475,1,2.25
05.08.2021 00:24:09.645,0.70487,0.70477,1,1
05.08.2021 00:24:21.750,0.7048800000000001,0.70477,1,1
05.08.2021 00:24:25.286,0.7048800000000001,0.7047800000000001,1,1
05.08.2021 00:24:31.887,0.7048800000000001,0.70479,1,1
05.08.2021 00:24:44.274,0.70489,0.70477,1,1.87
05.08.2021 00:24:44.863,0.70489,0.7047800000000001,1,1
05.08.2021 00:24:53.004,0.70489,0.70477,1,1.12
05.08.2021 00:24:59.235,0.7048800000000001,0.70479,1,1
05.08.2021 00:25:00.331,0.70489,0.70477,1,1.12
05.08.2021 00:25:01.596,0.70489,0.7047800000000001,1,1
05.08.2021 00:25:02.305,0.70492,0.70482,1,3
05.08.2021 00:25:02.407,0.70496,0.7048300000000001,2.19,1.5
05.08.2021 00:25:10.858,0.7049500000000001,0.7048300000000001,1,1.5
05.08.2021 00:25:10.960,0.70497,0.70486,1,1
05.08.2021 00:25:11.061,0.70498,0.70486,1,1
05.08.2021 00:25:51.073,0.70499,0.70486,1,1.12
05.08.2021 00:25:58.172,0.70499,0.70486,1,1.5
05.08.2021 00:25:59.986,0.70499,0.70486,1,1.12
05.08.2021 00:26:19.615,0.70498,0.70487,1,3.5
05.08.2021 00:26:20.517,0.70497,0.70486,1,1
05.08.2021 00:26:20.618,0.70497,0.70487,1,1
05.08.2021 00:26:20.955,0.70497,0.70486,1,1
05.08.2021 00:26:21.269,0.7049500000000001,0.70487,1,1
05.08.2021 00:26:52.914,0.7049500000000001,0.7048500000000001,1,1
05.08.2021 00:26:54.385,0.70494,0.7048500000000001,1,1
05.08.2021 00:26:54.436,0.70489,0.70482,1,1
05.08.2021 00:26:54.537,0.70489,0.70479,1,1.12
05.08.2021 00:26:54.638,0.70489,0.7047800000000001,1,1
05.08.2021 00:26:54.789,0.70487,0.7047800000000001,1,1
05.08.2021 00:26:55.188,0.70487,0.70476,1,1.87
05.08.2021 00:27:15.625,0.70487,0.70475,1,1.87
05.08.2021 00:27:17.890,0.70486,0.70477,1,1
05.08.2021 00:27:28.010,0.7048800000000001,0.70476,1,1.5
05.08.2021 00:27:28.112,0.7048800000000001,0.70477,1,1
05.08.2021 00:27:30.435,0.7048800000000001,0.7047800000000001,1,1.12
05.08.2021 00:27:55.622,0.7048800000000001,0.70479,1,1
05.08.2021 00:27:57.074,0.7049000000000001,0.7047800000000001,1,1
05.08.2021 00:28:01.463,0.7049000000000001,0.70479,1,1
05.08.2021 00:28:36.459,0.70491,0.70479,1,1.69
05.08.2021 00:29:16.252,0.7049000000000001,0.7047800000000001,1.25,1.5
05.08.2021 00:29:33.734,0.70491,0.7047800000000001,1,3.37
05.08.2021 00:29:51.642,0.7049000000000001,0.7048,1,1
05.08.2021 00:30:04.028,0.70491,0.7048,1,1
05.08.2021 00:30:11.167,0.70494,0.7048500000000001,1,2.62
05.08.2021 00:30:11.269,0.70497,0.7048500000000001,1,1.5
05.08.2021 00:30:11.376,0.70497,0.70486,1,1
05.08.2021 00:30:11.954,0.70498,0.70486,1.25,1
05.08.2021 00:30:15.798,0.70499,0.70487,1.25,1
05.08.2021 00:30:23.330,0.7050000000000001,0.70487,1.25,1
05.08.2021 00:30:23.816,0.70496,0.70486,1,3.37
05.08.2021 00:30:23.918,0.70498,0.70486,1.69,1
05.08.2021 00:30:24.558,0.70498,0.70487,1.69,1
05.08.2021 00:30:28.070,0.70498,0.7048800000000001,3.19,1
05.08.2021 00:30:45.221,0.70498,0.70487,1,1.5
05.08.2021 00:30:45.323,0.70494,0.70486,1,1.5
05.08.2021 00:30:45.424,0.70498,0.70486,1.25,1
05.08.2021 00:30:56.915,0.7049500000000001,0.7048500000000001,2.25,1.12
05.08.2021 00:30:57.017,0.70492,0.70481,1,1.05
05.08.2021 00:30:57.068,0.7049000000000001,0.70481,1,1
05.08.2021 00:31:02.116,0.7049000000000001,0.7048,1,1
05.08.2021 00:31:07.542,0.70491,0.7048,1,1
05.08.2021 00:31:28.923,0.7049000000000001,0.7048,1,1
05.08.2021 00:31:32.328,0.7049000000000001,0.70481,1.25,1
05.08.2021 00:31:41.404,0.7048500000000001,0.70476,1,1
05.08.2021 00:31:41.505,0.7048500000000001,0.70474,1,1.5
05.08.2021 00:31:41.607,0.70484,0.70472,1,2.75
05.08.2021 00:31:42.973,0.70484,0.70472,1,1.87
05.08.2021 00:31:50.615,0.70487,0.70476,1,1
05.08.2021 00:31:50.716,0.7048800000000001,0.70476,1,1
05.08.2021 00:32:05.464,0.7048500000000001,0.70475,1,2.75
05.08.2021 00:32:05.712,0.70486,0.70476,1,3.37
05.08.2021 00:32:05.814,0.70487,0.70477,1,1
05.08.2021 00:32:13.437,0.7048800000000001,0.70477,1,1
05.08.2021 00:32:52.958,0.70489,0.70477,1,1.5
05.08.2021 00:32:53.151,0.7049000000000001,0.70477,1,1.5
05.08.2021 00:32:54.078,0.7049000000000001,0.7047800000000001,1,1
05.08.2021 00:32:54.179,0.70491,0.70479,1.25,1
05.08.2021 00:33:03.649,0.7049000000000001,0.7048,1.25,1
05.08.2021 00:33:04.170,0.70491,0.70479,1.25,1
05.08.2021 00:33:25.128,0.70491,0.70479,1.75,1
05.08.2021 00:33:32.123,0.70491,0.70479,1.69,1
05.08.2021 00:33:56.769,0.70492,0.7048,1.5,1.5
05.08.2021 00:33:56.870,0.70496,0.70487,1.5,1
05.08.2021 00:33:56.972,0.70499,0.70487,1,2.25
05.08.2021 00:33:58.151,0.70496,0.70484,1.69,1.5
05.08.2021 00:33:58.252,0.70492,0.70482,1,2.75
05.08.2021 00:33:58.303,0.70494,0.70482,1,1
05.08.2021 00:33:58.404,0.7049500000000001,0.7048300000000001,1,1
05.08.2021 00:34:01.139,0.7049500000000001,0.70484,3.19,1
05.08.2021 00:34:07.720,0.70496,0.70486,1.25,1
05.08.2021 00:34:08.147,0.70496,0.70484,1,1
05.08.2021 00:34:08.249,0.7049500000000001,0.70484,1.25,1.12
05.08.2021 00:34:11.108,0.7049500000000001,0.7048300000000001,1,1
05.08.2021 00:34:16.262,0.70494,0.7048300000000001,1,1.87
05.08.2021 00:34:20.934,0.70492,0.70481,1.25,2.25
05.08.2021 00:34:22.733,0.70492,0.70479,1.25,1.87
05.08.2021 00:34:23.073,0.70492,0.70479,2.5,1
05.08.2021 00:34:54.279,0.7048800000000001,0.70476,1.5,1.5
05.08.2021 00:34:54.380,0.70486,0.70474,1,1.5
05.08.2021 00:34:54.683,0.70486,0.70474,1.75,1
05.08.2021 00:34:54.885,0.70484,0.7047100000000001,1.69,1.12
05.08.2021 00:34:55.138,0.70482,0.70472,1.69,1
05.08.2021 00:35:37.269,0.7048300000000001,0.70472,1,1
05.08.2021 00:35:47.863,0.7048300000000001,0.7047300000000001,1.25,1
05.08.2021 00:35:50.045,0.70487,0.70476,2.19,1
05.08.2021 00:35:50.146,0.70489,0.70477,2.87,1
05.08.2021 00:35:50.526,0.70489,0.7047800000000001,2.5,1
05.08.2021 00:35:51.038,0.7048800000000001,0.70476,1.75,1
05.08.2021 00:35:58.542,0.7048800000000001,0.70477,1.75,1
05.08.2021 00:35:58.972,0.7048800000000001,0.70476,2.5,1
05.08.2021 00:35:59.073,0.70487,0.70477,1.69,1
05.08.2021 00:35:59.175,0.7048800000000001,0.70476,2.5,1
05.08.2021 00:36:01.112,0.70486,0.70475,1,1
05.08.2021 00:36:08.180,0.7048500000000001,0.70475,1,1
05.08.2021 00:36:08.231,0.7048300000000001,0.7047300000000001,1,1
05.08.2021 00:36:08.865,0.7048300000000001,0.7047300000000001,2.5,1
05.08.2021 00:36:10.025,0.7048300000000001,0.70472,1.25,1
05.08.2021 00:36:10.378,0.70484,0.70472,2.5,1
05.08.2021 00:36:10.594,0.7048300000000001,0.70472,1.25,1
05.08.2021 00:36:10.875,0.7048300000000001,0.7047300000000001,2.5,1
05.08.2021 00:36:11.042,0.7048300000000001,0.70472,1.25,1
05.08.2021 00:36:11.175,0.70484,0.70472,2.5,1
05.08.2021 00:36:11.465,0.7048300000000001,0.70472,1.25,1
05.08.2021 00:36:11.516,0.70484,0.70472,2.44,1
05.08.2021 00:36:23.821,0.7048300000000001,0.70472,1,1
05.08.2021 00:36:32.090,0.70484,0.70472,2.44,1
05.08.2021 00:36:34.230,0.7048300000000001,0.70474,1.69,1
05.08.2021 00:36:34.281,0.7048500000000001,0.70475,1.25,1
05.08.2021 00:36:34.534,0.70484,0.70475,1.69,1
05.08.2021 00:36:34.635,0.70484,0.7047300000000001,1,1
05.08.2021 00:36:36.102,0.7048500000000001,0.7047300000000001,1.69,1
05.08.2021 00:36:36.203,0.7048500000000001,0.70474,1.25,1
05.08.2021 00:36:37.033,0.7048500000000001,0.7047300000000001,1,1
05.08.2021 00:36:39.662,0.70482,0.70472,1,2.62
05.08.2021 00:36:42.486,0.70482,0.7047100000000001,1,1
05.08.2021 00:36:45.015,0.70482,0.7047,1,1
05.08.2021 00:36:52.804,0.70482,0.7047100000000001,1.25,1
05.08.2021 00:36:58.109,0.70482,0.7047,1.25,1.5
05.08.2021 00:37:00.446,0.70481,0.7047,1,1
05.08.2021 00:37:00.699,0.70479,0.70469,1,1
05.08.2021 00:37:01.479,0.7048,0.70469,1,1
05.08.2021 00:37:01.682,0.7048,0.7046800000000001,1.25,1.5
05.08.2021 00:37:01.783,0.7047800000000001,0.7046800000000001,1,1.69
05.08.2021 00:37:02.182,0.70479,0.70467,1,2.25
05.08.2021 00:37:02.283,0.70476,0.70465,1,1
05.08.2021 00:37:02.384,0.7047100000000001,0.7046300000000001,1,1.5
05.08.2021 00:37:02.435,0.70472,0.70462,1,1
05.08.2021 00:37:02.931,0.7047,0.7045800000000001,1,2
05.08.2021 00:37:03.032,0.7047,0.7045800000000001,1,1.5
05.08.2021 00:37:03.790,0.70469,0.70457,1,1.5
05.08.2021 00:37:04.246,0.70465,0.70457,1,1.5
05.08.2021 00:37:04.347,0.70464,0.70455,1,1.87
05.08.2021 00:37:04.398,0.7046300000000001,0.70452,1,2
05.08.2021 00:37:04.499,0.70462,0.7045300000000001,1,1.5
05.08.2021 00:37:04.601,0.70462,0.70452,1,1
05.08.2021 00:37:05.186,0.70465,0.7045300000000001,1,3
05.08.2021 00:37:05.288,0.7046600000000001,0.7045399999999999,1,2.25
05.08.2021 00:37:05.793,0.70464,0.7045300000000001,1,1.5
05.08.2021 00:37:05.894,0.7046300000000001,0.7045300000000001,1,1
05.08.2021 00:37:10.103,0.70462,0.7045300000000001,1,1.12
05.08.2021 00:37:15.145,0.70465,0.7045300000000001,1,1.87
05.08.2021 00:37:15.297,0.7046600000000001,0.70457,1,1
05.08.2021 00:37:16.937,0.7046800000000001,0.7045600000000001,1,1
05.08.2021 00:37:18.635,0.70469,0.70457,1,1
05.08.2021 00:37:20.873,0.7047,0.7045800000000001,1,1
05.08.2021 00:37:20.974,0.70472,0.7046,1,1
05.08.2021 00:37:24.971,0.7047100000000001,0.70459,1,2.25
05.08.2021 00:37:28.153,0.7047,0.7045800000000001,1,2.62
05.08.2021 00:37:31.557,0.70469,0.7045800000000001,1,1
05.08.2021 00:37:31.721,0.70469,0.70457,1,1.87
05.08.2021 00:37:38.279,0.7047,0.70457,1.25,1
05.08.2021 00:37:38.680,0.7047,0.70457,1.75,1
05.08.2021 00:37:39.731,0.7047,0.70457,1,1
05.08.2021 00:37:40.116,0.70469,0.70457,1,1
05.08.2021 00:38:06.603,0.7047,0.7045800000000001,1,1
05.08.2021 00:38:25.034,0.70469,0.7045600000000001,1.75,1.12
05.08.2021 00:38:25.135,0.70467,0.70457,1.75,1.12
05.08.2021 00:38:26.864,0.7046800000000001,0.70455,2.5,1.87
05.08.2021 00:38:26.965,0.7046100000000001,0.7045,1,1.5
05.08.2021 00:38:27.067,0.7046,0.70449,1,1
05.08.2021 00:38:27.168,0.70459,0.7044600000000001,1,3
05.08.2021 00:38:27.718,0.70459,0.7044600000000001,1.25,1.87
05.08.2021 00:38:28.185,0.7045800000000001,0.70445,1,1
05.08.2021 00:38:33.734,0.70459,0.70447,1.69,1
05.08.2021 00:38:39.079,0.70459,0.7044600000000001,1.69,1.12
05.08.2021 00:38:49.380,0.7045800000000001,0.7044600000000001,1,1
05.08.2021 00:38:50.690,0.7046,0.70447,2.5,1
05.08.2021 00:38:56.981,0.7046,0.70447,1.5,1
05.08.2021 00:39:04.914,0.7046,0.7044800000000001,1,1
05.08.2021 00:39:05.015,0.7046100000000001,0.70449,1,1.5
05.08.2021 00:39:13.386,0.7046100000000001,0.7044800000000001,1.25,1
05.08.2021 00:39:13.487,0.7046100000000001,0.7044800000000001,1.75,1
05.08.2021 00:39:15.961,0.70459,0.7044600000000001,1,1.5
05.08.2021 00:39:26.459,0.7045800000000001,0.70445,1,1.5
05.08.2021 00:39:26.510,0.70455,0.70443,1,2
05.08.2021 00:39:26.662,0.70455,0.70442,1,2
05.08.2021 00:39:26.864,0.70455,0.70442,1,1.5
05.08.2021 00:39:28.218,0.7045399999999999,0.7044100000000001,1,3.37
05.08.2021 00:39:42.002,0.7045100000000001,0.7044100000000001,1,1
05.08.2021 00:39:42.103,0.70452,0.70439,1,1.12
05.08.2021 00:39:42.204,0.7045100000000001,0.70438,1,1.5
05.08.2021 00:39:48.715,0.70449,0.70438,1,1
05.08.2021 00:39:48.816,0.7045,0.70438,1,1
05.08.2021 00:39:50.616,0.7045,0.70439,1,1.5
05.08.2021 00:39:50.870,0.70455,0.70445,1.25,1
05.08.2021 00:39:50.972,0.70459,0.7044800000000001,1.75,1.5
05.08.2021 00:39:51.074,0.7046,0.70447,1.25,1.5
05.08.2021 00:40:07.164,0.70459,0.70447,1,1
05.08.2021 00:40:09.018,0.70459,0.7044600000000001,1,1
05.08.2021 00:40:13.541,0.7045800000000001,0.70445,1,1
05.08.2021 00:40:14.784,0.7045600000000001,0.70443,1,1.87
05.08.2021 00:40:14.885,0.70455,0.70442,1,1.5
05.08.2021 00:40:14.987,0.7045399999999999,0.70443,1,1
05.08.2021 00:40:16.622,0.70452,0.7044,1,1.5
05.08.2021 00:40:16.724,0.7045300000000001,0.7044,1.5,1
05.08.2021 00:40:16.876,0.70452,0.70439,1,1.5
05.08.2021 00:40:17.573,0.7045100000000001,0.70439,1,1
05.08.2021 00:40:18.849,0.7045100000000001,0.70438,1,2.25
05.08.2021 00:40:25.859,0.7045,0.7044,1,1
05.08.2021 00:40:27.154,0.7045100000000001,0.70438,1,2.25
05.08.2021 00:40:32.517,0.70449,0.70438,1,2.25
05.08.2021 00:40:42.224,0.7045100000000001,0.70437,2.25,1.5
05.08.2021 00:40:55.808,0.7045,0.70437,1.5,1
05.08.2021 00:40:56.224,0.70449,0.7043600000000001,1.5,1
05.08.2021 00:41:03.003,0.7044800000000001,0.70438,1,1
05.08.2021 00:41:09.355,0.7045,0.70437,3.19,1
05.08.2021 00:41:16.064,0.7045100000000001,0.70437,2.44,1.5
05.08.2021 00:41:36.333,0.7045,0.70437,1,1
05.08.2021 00:41:43.865,0.7045,0.7043600000000001,1,2.25
05.08.2021 00:42:14.048,0.7044800000000001,0.70437,1,2.25
05.08.2021 00:42:32.140,0.70449,0.70437,1,1
05.08.2021 00:42:33.040,0.7045,0.70437,1,1.5
05.08.2021 00:42:52.534,0.7045100000000001,0.70438,1,1.5
05.08.2021 00:42:52.635,0.70455,0.7044100000000001,1.25,2.25
05.08.2021 00:42:56.222,0.7045399999999999,0.7044100000000001,1,1.5
05.08.2021 00:43:01.069,0.70452,0.70442,1,1
05.08.2021 00:43:02.746,0.7045300000000001,0.7044,1.5,1
05.08.2021 00:43:04.852,0.70452,0.7044,1,1
05.08.2021 00:43:04.954,0.7045300000000001,0.7044,1,1
05.08.2021 00:43:05.425,0.70452,0.70442,1,1
05.08.2021 00:43:05.528,0.7045399999999999,0.7044100000000001,2.44,1
05.08.2021 00:43:05.629,0.70455,0.70442,1,1.5
05.08.2021 00:43:06.072,0.7045600000000001,0.70445,1,2.25
05.08.2021 00:43:06.173,0.7045800000000001,0.70444,1.69,2.25
05.08.2021 00:43:06.274,0.7045800000000001,0.70444,1.5,4.25
05.08.2021 00:43:06.375,0.7045600000000001,0.70445,1.5,1.12
05.08.2021 00:43:06.426,0.70455,0.70442,2.5,1.5
05.08.2021 00:43:06.527,0.7045300000000001,0.70442,4,1
05.08.2021 00:43:06.628,0.7045399999999999,0.7044100000000001,3.56,1
05.08.2021 00:43:11.126,0.7045399999999999,0.70442,2.44,1
05.08.2021 00:43:13.989,0.7045300000000001,0.70442,1,1
05.08.2021 00:43:19.552,0.7045300000000001,0.7044100000000001,1.25,1
05.08.2021 00:43:20.888,0.70452,0.70442,1.75,1
05.08.2021 00:43:30.174,0.7045399999999999,0.70442,1.25,1.5
05.08.2021 00:43:30.225,0.7045600000000001,0.70444,3,1
05.08.2021 00:43:30.326,0.70455,0.70444,2.87,1
05.08.2021 00:43:32.133,0.7045600000000001,0.70443,2.81,1
05.08.2021 00:43:32.256,0.70455,0.70443,1,1
05.08.2021 00:43:53.557,0.70455,0.70442,1.5,1
05.08.2021 00:44:10.217,0.70455,0.70443,1,1
05.08.2021 00:44:10.815,0.70455,0.70444,1.69,1
05.08.2021 00:44:11.380,0.70455,0.70443,1,1
05.08.2021 00:44:12.190,0.7045600000000001,0.70443,2.25,1
05.08.2021 00:44:23.214,0.7045600000000001,0.70444,1,1
05.08.2021 00:44:23.265,0.7045800000000001,0.70445,1,1.87
05.08.2021 00:44:23.316,0.70459,0.7044800000000001,3.69,1
05.08.2021 00:44:23.468,0.7046,0.70447,3.19,1
05.08.2021 00:44:23.720,0.7046,0.7044800000000001,1,1
05.08.2021 00:44:28.203,0.7046,0.70447,1.5,1
05.08.2021 00:44:33.061,0.7046,0.70447,2,1
05.08.2021 00:44:33.257,0.7046,0.70447,1.5,1
05.08.2021 00:44:34.654,0.70459,0.70447,1,1
05.08.2021 00:44:47.057,0.7045800000000001,0.70447,1,1
05.08.2021 00:44:48.517,0.7045800000000001,0.7044600000000001,1,1
05.08.2021 00:44:51.319,0.70457,0.7044600000000001,1.5,1.5
05.08.2021 00:44:58.477,0.7045600000000001,0.70444,1,1
05.08.2021 00:44:58.578,0.70455,0.70442,1,2.37
05.08.2021 00:44:58.679,0.70455,0.70442,1.5,1.5
05.08.2021 00:44:58.781,0.7045100000000001,0.70439,1,1.87
05.08.2021 00:44:58.932,0.7045100000000001,0.70438,1.5,1.87
05.08.2021 00:45:00.444,0.70455,0.70443,1.5,1.5
05.08.2021 00:45:00.545,0.7045399999999999,0.70443,1,1
05.08.2021 00:45:00.646,0.7045300000000001,0.7044100000000001,1,1
05.08.2021 00:45:00.697,0.7045100000000001,0.7044,1,1.12
05.08.2021 00:45:00.850,0.7045100000000001,0.70439,1.5,1.12
05.08.2021 00:45:01.745,0.7045,0.70438,1,1
05.08.2021 00:45:01.948,0.7045,0.70437,1.5,1.87
05.08.2021 00:45:03.584,0.70449,0.70437,1,1
05.08.2021 00:45:04.244,0.70449,0.7043600000000001,1.5,1.5
05.08.2021 00:45:14.698,0.70447,0.70437,1,1.5
05.08.2021 00:45:21.919,0.70449,0.7043600000000001,1,1.5
05.08.2021 00:45:26.136,0.7045,0.70437,1.5,1
05.08.2021 00:45:29.276,0.7044800000000001,0.7043600000000001,1,1.5
05.08.2021 00:45:43.532,0.70449,0.7043600000000001,1,1.5
05.08.2021 00:45:43.962,0.70449,0.70438,1,1.5
05.08.2021 00:45:45.615,0.70452,0.7044100000000001,1,2.25
05.08.2021 00:45:45.665,0.7045399999999999,0.7044100000000001,1,3.19
05.08.2021 00:45:46.504,0.7045300000000001,0.7044,1,2.25
05.08.2021 00:45:53.973,0.7045399999999999,0.7044,1,1.5
05.08.2021 00:46:02.035,0.7045600000000001,0.70444,1,1.12
05.08.2021 00:46:02.237,0.70455,0.70444,1,1
05.08.2021 00:46:03.093,0.7045399999999999,0.70444,1,1
05.08.2021 00:46:03.144,0.7045600000000001,0.70444,1,1.87
05.08.2021 00:46:03.245,0.70457,0.70444,1,1
05.08.2021 00:46:04.557,0.7045800000000001,0.7044600000000001,1,1
05.08.2021 00:46:12.699,0.7045399999999999,0.70443,1,1
05.08.2021 00:46:12.750,0.7045300000000001,0.70442,1,3.37
05.08.2021 00:46:12.902,0.7045300000000001,0.7044,1.69,1.5
05.08.2021 00:46:12.953,0.7045100000000001,0.70439,1,1.12
05.08.2021 00:46:13.104,0.7045100000000001,0.70438,1.5,1
05.08.2021 00:46:13.205,0.70449,0.70438,1,1
05.08.2021 00:46:15.153,0.70449,0.70437,1,1.12
05.08.2021 00:46:18.301,0.70449,0.70437,1.5,1
05.08.2021 00:46:18.503,0.7044800000000001,0.70438,1,1
05.08.2021 00:46:30.869,0.7045,0.70438,1,1
05.08.2021 00:46:34.110,0.70449,0.70437,1,1.12
05.08.2021 00:46:38.478,0.70449,0.70438,1,1
05.08.2021 00:46:39.802,0.7045,0.70438,1.5,1
05.08.2021 00:46:47.765,0.7045,0.70439,1.5,1
05.08.2021 00:46:58.127,0.70449,0.70439,1,1
05.08.2021 00:46:59.210,0.70452,0.70438,2.25,1.5
05.08.2021 00:46:59.413,0.7045100000000001,0.70438,1,1.12
05.08.2021 00:47:01.987,0.70452,0.70439,1,1.5
05.08.2021 00:47:02.089,0.7045100000000001,0.70439,1,1
05.08.2021 00:47:02.242,0.7045600000000001,0.70443,2.19,3
05.08.2021 00:47:02.343,0.7045600000000001,0.70443,1,1
05.08.2021 00:47:06.849,0.70455,0.70443,1,1
05.08.2021 00:47:14.315,0.70455,0.70442,1,1.12
05.08.2021 00:47:16.602,0.70455,0.70443,1.5,1.5
05.08.2021 00:47:21.628,0.70455,0.7044100000000001,1,1.5
05.08.2021 00:47:23.611,0.70452,0.7044,1,1
05.08.2021 00:47:24.406,0.70452,0.70439,1.5,1.12
05.08.2021 00:47:43.851,0.7045300000000001,0.70439,2.44,1.5
05.08.2021 00:47:56.278,0.7045300000000001,0.7044,1.5,1
05.08.2021 00:47:57.366,0.7045300000000001,0.70439,1.69,1.5
05.08.2021 00:47:59.875,0.70452,0.70439,1,1.5
05.08.2021 00:48:00.173,0.7045100000000001,0.7044100000000001,1,1
05.08.2021 00:48:16.268,0.7045300000000001,0.7044,1.5,1
05.08.2021 00:48:25.393,0.70452,0.70442,1,1
05.08.2021 00:48:28.347,0.7045300000000001,0.7044,1.25,1.5
05.08.2021 00:48:29.497,0.70452,0.7044,1,1.5
05.08.2021 00:48:36.743,0.7045100000000001,0.7044,1,1
05.08.2021 00:48:40.132,0.7045100000000001,0.70439,1,1.5
05.08.2021 00:48:40.234,0.7045100000000001,0.7044100000000001,1,1
05.08.2021 00:48:42.668,0.70455,0.70444,1,1
05.08.2021 00:48:42.770,0.70457,0.70444,2.87,1
05.08.2021 00:48:42.871,0.7045600000000001,0.70444,2.5,1.5
05.08.2021 00:48:46.213,0.7045800000000001,0.70445,1.69,1
05.08.2021 00:48:46.314,0.7045800000000001,0.7044600000000001,1.25,1
05.08.2021 00:48:46.415,0.7045800000000001,0.7044600000000001,1.75,1
05.08.2021 00:48:46.758,0.70459,0.7044600000000001,4,1
05.08.2021 00:48:46.859,0.7045800000000001,0.7044600000000001,1.25,1
05.08.2021 00:48:49.013,0.70459,0.7044600000000001,1.69,1
05.08.2021 00:48:49.335,0.7046,0.7044600000000001,2.25,1.87
05.08.2021 00:48:49.487,0.7046,0.70447,2.25,1
05.08.2021 00:48:52.092,0.70459,0.7044600000000001,1,1.5
05.08.2021 00:48:56.261,0.70459,0.7044800000000001,1,1
05.08.2021 00:49:02.729,0.7046,0.70449,1.5,1
05.08.2021 00:49:03.950,0.7046,0.7044800000000001,1.5,1.5
05.08.2021 00:49:08.212,0.7046100000000001,0.7044800000000001,1,1
05.08.2021 00:49:09.895,0.7046300000000001,0.70452,1.69,1
05.08.2021 00:49:09.997,0.70465,0.70452,2.5,1
05.08.2021 00:49:10.098,0.70465,0.70452,1.25,1
05.08.2021 00:49:10.372,0.7046600000000001,0.7045300000000001,1.69,1
05.08.2021 00:49:12.215,0.70465,0.70455,1.25,1
05.08.2021 00:49:13.213,0.70467,0.7045399999999999,1.69,1
05.08.2021 00:49:13.314,0.70467,0.7045600000000001,1.5,1
05.08.2021 00:49:13.416,0.70469,0.70457,1.5,1.5
05.08.2021 00:49:13.669,0.70469,0.7045800000000001,1.5,1
05.08.2021 00:49:14.679,0.70469,0.7045600000000001,1,1.5
05.08.2021 00:49:15.175,0.7047,0.70457,1.5,1
05.08.2021 00:49:21.010,0.7046800000000001,0.7045600000000001,2.5,1.5
05.08.2021 00:49:21.111,0.70465,0.7045300000000001,1,3
05.08.2021 00:49:21.263,0.7046600000000001,0.7045300000000001,2.62,1.69
05.08.2021 00:49:21.672,0.70467,0.7045399999999999,1.5,1.25
05.08.2021 00:49:21.773,0.70467,0.70455,1,1
05.08.2021 00:49:37.318,0.70467,0.70457,1,1
05.08.2021 00:49:37.520,0.70469,0.7045600000000001,1.5,1.69
05.08.2021 00:49:38.444,0.70469,0.70457,1,1
05.08.2021 00:49:43.166,0.70469,0.7045600000000001,1.69,1.12
05.08.2021 00:49:43.267,0.7046800000000001,0.7045600000000001,1,1.12
05.08.2021 00:49:53.444,0.70467,0.7045600000000001,1,1
05.08.2021 00:49:55.286,0.70467,0.70457,1,1
05.08.2021 00:49:55.387,0.7046800000000001,0.70457,1,1
05.08.2021 00:49:57.894,0.70467,0.7045600000000001,1.25,2.25
05.08.2021 00:50:00.323,0.7046800000000001,0.7045600000000001,1.25,1
05.08.2021 00:50:00.618,0.70467,0.7045600000000001,1,1
05.08.2021 00:50:00.719,0.70467,0.70455,1.25,1
05.08.2021 00:50:04.541,0.7046600000000001,0.70455,1,1
05.08.2021 00:50:06.625,0.7046600000000001,0.7045399999999999,1,1.57
05.08.2021 00:50:06.955,0.70465,0.7045399999999999,1.25,1
05.08.2021 00:50:07.006,0.7046100000000001,0.7045,1,2
05.08.2021 00:50:07.108,0.7046300000000001,0.70452,1,1.87
05.08.2021 00:50:07.158,0.70462,0.70455,1,1
05.08.2021 00:50:07.209,0.70464,0.7045399999999999,1.25,1
05.08.2021 00:50:07.260,0.70462,0.7045300000000001,1,1
05.08.2021 00:50:07.361,0.70462,0.70452,1,1
05.08.2021 00:50:08.102,0.7046,0.7045,1,1.5
05.08.2021 00:50:08.153,0.7046,0.7044800000000001,1,1.5
05.08.2021 00:50:09.390,0.70457,0.70449,1,1
05.08.2021 00:50:11.201,0.7045800000000001,0.70447,1,1
05.08.2021 00:50:12.203,0.70457,0.70449,1,1
05.08.2021 00:50:12.304,0.70459,0.7044800000000001,1,1
05.08.2021 00:50:18.696,0.70459,0.70447,1.25,1
05.08.2021 00:50:18.949,0.70457,0.7044800000000001,1,1
05.08.2021 00:50:23.319,0.70459,0.70447,1.69,1
05.08.2021 00:50:28.541,0.7045800000000001,0.70447,1,1
05.08.2021 00:50:32.419,0.70459,0.70447,1,1
05.08.2021 00:50:35.538,0.7045800000000001,0.70447,1,1
05.08.2021 00:50:40.128,0.7045800000000001,0.7044600000000001,1.25,1
05.08.2021 00:50:40.229,0.70457,0.70443,3.25,1.5
05.08.2021 00:50:40.280,0.7045600000000001,0.70442,1.25,2.62
05.08.2021 00:50:40.381,0.7045399999999999,0.70443,1,2.62
05.08.2021 00:50:40.634,0.7045399999999999,0.70442,1,1
05.08.2021 00:50:41.225,0.7045399999999999,0.7044100000000001,1,1.5
05.08.2021 00:50:45.571,0.70455,0.7044100000000001,1.5,1.5
05.08.2021 00:50:45.672,0.70455,0.70442,1.5,1.5
05.08.2021 00:50:46.895,0.7045600000000001,0.70442,1.69,1.5
05.08.2021 00:50:48.048,0.7045800000000001,0.70447,1,1
05.08.2021 00:50:48.099,0.7046,0.70447,2.44,1
05.08.2021 00:50:54.280,0.7046,0.7044800000000001,1,2.25
05.08.2021 00:50:56.461,0.7046,0.70447,1,2.25
05.08.2021 00:51:00.630,0.70459,0.7044600000000001,1,1.12
05.08.2021 00:51:00.732,0.70459,0.70447,1.25,1
05.08.2021 00:51:02.022,0.7045800000000001,0.70447,1,1
05.08.2021 00:51:04.574,0.70459,0.70447,1.25,1
05.08.2021 00:51:10.064,0.7045800000000001,0.70447,1,1
05.08.2021 00:51:11.093,0.70459,0.70447,1,1
05.08.2021 00:51:11.797,0.7045800000000001,0.70447,1,1
05.08.2021 00:51:11.899,0.70459,0.70449,1,1.5
05.08.2021 00:51:12.336,0.7046100000000001,0.7044800000000001,1,1.5
05.08.2021 00:51:20.658,0.7046,0.7044800000000001,1,1.5
05.08.2021 00:51:23.142,0.7046,0.70447,1.69,1.87
05.08.2021 00:51:23.243,0.70459,0.7044600000000001,1.69,2.75
05.08.2021 00:51:23.345,0.7045800000000001,0.70447,2.44,1.5
05.08.2021 00:51:23.446,0.70457,0.70447,1,1
05.08.2021 00:51:25.005,0.7045800000000001,0.70447,1,1
05.08.2021 00:51:25.106,0.7045800000000001,0.7044800000000001,1.25,1
05.08.2021 00:51:32.968,0.70459,0.7044600000000001,2.5,1.5
05.08.2021 00:51:33.069,0.7045800000000001,0.70445,1.25,1.5
05.08.2021 00:51:39.509,0.7045800000000001,0.7044600000000001,1.69,1
05.08.2021 00:51:39.610,0.70457,0.7044800000000001,1,1
05.08.2021 00:51:43.258,0.7045300000000001,0.70443,1.69,2
05.08.2021 00:51:43.359,0.7045300000000001,0.7044100000000001,1.25,1.5
05.08.2021 00:51:43.460,0.7045300000000001,0.7044,1,3
05.08.2021 00:51:43.561,0.70452,0.70442,1,1
05.08.2021 00:51:45.642,0.7045300000000001,0.7044,1,2.25
05.08.2021 00:51:45.744,0.7045100000000001,0.70439,1.25,1
05.08.2021 00:51:45.949,0.7045,0.70439,1,1
05.08.2021 00:51:47.533,0.70449,0.70439,1,1.5
05.08.2021 00:51:47.873,0.70449,0.70438,2.06,1
05.08.2021 00:51:47.924,0.7044800000000001,0.70437,2.06,1
05.08.2021 00:51:48.076,0.70449,0.70437,1.5,1
05.08.2021 00:51:48.943,0.70449,0.70439,1.69,1
05.08.2021 00:51:51.273,0.7045100000000001,0.70438,1.69,1
05.08.2021 00:51:55.269,0.7045,0.70438,1,1
05.08.2021 00:51:55.673,0.7045,0.70438,1.25,1.5
05.08.2021 00:51:56.414,0.7045,0.70439,2.5,1.5
05.08.2021 00:51:59.421,0.70449,0.70438,2.5,1.5
05.08.2021 00:52:00.988,0.70452,0.7044,1.25,1
05.08.2021 00:52:01.140,0.70452,0.70439,1.25,1
05.08.2021 00:52:01.241,0.7045100000000001,0.70439,1.25,1
05.08.2021 00:52:01.345,0.7045100000000001,0.70438,2.5,1
05.08.2021 00:52:01.897,0.7045100000000001,0.70438,1.69,1
05.08.2021 00:52:02.692,0.7045,0.70438,1,1
05.08.2021 00:52:15.494,0.7045,0.70437,1,1
05.08.2021 00:52:15.800,0.7045,0.70438,1,1
05.08.2021 00:52:17.294,0.7045,0.70437,1,1
05.08.2021 00:52:18.611,0.70449,0.70437,1,1.5
05.08.2021 00:52:24.747,0.70449,0.7043600000000001,1,1.87
05.08.2021 00:52:24.949,0.7044800000000001,0.7043600000000001,1.25,1
05.08.2021 00:52:25.252,0.70447,0.70434,1,1.87
05.08.2021 00:52:26.146,0.70447,0.70433,2.44,1.5
05.08.2021 00:52:28.260,0.70444,0.7043100000000001,1.5,1.87
05.08.2021 00:52:28.361,0.70442,0.7043100000000001,1,1.5
05.08.2021 00:52:29.833,0.70443,0.7043100000000001,1,1.5
05.08.2021 00:52:31.476,0.7044600000000001,0.70433,1.5,1.5
05.08.2021 00:52:31.628,0.7044600000000001,0.7043200000000001,2.25,1.87
05.08.2021 00:52:38.543,0.70444,0.70433,1,1.5
05.08.2021 00:52:38.695,0.70445,0.70433,1.5,1.5
05.08.2021 00:52:43.165,0.70443,0.7043,1,1.5
05.08.2021 00:52:44.077,0.70444,0.7043100000000001,1.5,1
05.08.2021 00:52:44.278,0.70443,0.7043100000000001,1,1
05.08.2021 00:52:44.379,0.70443,0.7043,1.5,1.5
05.08.2021 00:52:55.919,0.70444,0.7043200000000001,1,1
05.08.2021 00:52:56.020,0.70447,0.70435,1,1
05.08.2021 00:52:56.121,0.7044800000000001,0.70435,1,1
05.08.2021 00:52:56.665,0.70449,0.70435,1.5,1.5
05.08.2021 00:53:01.471,0.70447,0.7043600000000001,1,1
05.08.2021 00:53:02.209,0.7044600000000001,0.7043600000000001,1,1
05.08.2021 00:53:02.260,0.7044600000000001,0.70433,1,1.12
05.08.2021 00:53:03.692,0.70445,0.70433,1,1
05.08.2021 00:53:04.481,0.7044600000000001,0.70433,1,1.5
05.08.2021 00:53:24.987,0.70444,0.7043,1.75,1.5
05.08.2021 00:53:25.190,0.70444,0.7043,1.5,2.44
05.08.2021 00:53:26.271,0.70442,0.7043100000000001,1,2.44
05.08.2021 00:53:29.484,0.70444,0.7043,2.25,1.5
05.08.2021 00:53:29.636,0.70443,0.7043,1,1.5
05.08.2021 00:53:53.181,0.70443,0.7043100000000001,1.69,1
05.08.2021 00:53:53.728,0.70442,0.7043,1.5,1
05.08.2021 00:53:53.971,0.7044,0.70429,1.25,1
05.08.2021 00:53:54.072,0.7044100000000001,0.70428,2.5,1
05.08.2021 00:53:54.173,0.70439,0.70428,1.69,1
05.08.2021 00:53:55.517,0.70439,0.7042700000000001,1.69,1
05.08.2021 00:53:55.618,0.70435,0.7042200000000001,1.69,1.87
05.08.2021 00:53:58.781,0.70434,0.70423,4,1
05.08.2021 00:53:58.882,0.70435,0.7042200000000001,3.19,1
05.08.2021 00:54:01.473,0.70435,0.70423,1.5,2.44
05.08.2021 00:54:01.574,0.7043600000000001,0.70423,1,1
05.08.2021 00:54:01.676,0.70437,0.7042700000000001,1,1
05.08.2021 00:54:03.185,0.7043600000000001,0.70424,1,1
05.08.2021 00:54:03.287,0.70437,0.70424,1.69,1
05.08.2021 00:54:07.575,0.7043600000000001,0.7042600000000001,1.5,1
05.08.2021 00:54:10.733,0.70438,0.7042700000000001,1.5,1
05.08.2021 00:54:10.835,0.7044,0.7042600000000001,2.44,1
05.08.2021 00:54:12.385,0.7044,0.70428,1,1.5
05.08.2021 00:54:15.887,0.7044,0.7042600000000001,1,1.5
05.08.2021 00:54:16.382,0.70438,0.7042700000000001,2.44,1
05.08.2021 00:54:16.534,0.70438,0.7042600000000001,1,1
05.08.2021 00:54:16.635,0.70439,0.70425,3.19,1
05.08.2021 00:54:20.660,0.70439,0.7042600000000001,1.25,1
05.08.2021 00:54:32.728,0.70438,0.7042600000000001,2.44,1.5
05.08.2021 00:54:32.830,0.70437,0.7042600000000001,1.5,1
05.08.2021 00:54:33.244,0.70434,0.7042200000000001,1,1.12
05.08.2021 00:54:33.497,0.7043200000000001,0.7042100000000001,1,1
05.08.2021 00:54:39.138,0.7043,0.7042,1,1
05.08.2021 00:54:39.239,0.7043,0.70419,1,1
05.08.2021 00:54:40.040,0.7043200000000001,0.70418,2.44,1
05.08.2021 00:54:40.141,0.7043100000000001,0.7042,1.5,1
05.08.2021 00:54:40.751,0.7043100000000001,0.7042100000000001,1,1
05.08.2021 00:54:41.548,0.7043200000000001,0.7042200000000001,1,1
05.08.2021 00:54:41.649,0.7043200000000001,0.7042100000000001,1,1
05.08.2021 00:54:42.789,0.70434,0.7042100000000001,1.5,1
05.08.2021 00:54:43.142,0.70434,0.7042200000000001,1,1
05.08.2021 00:54:43.306,0.7043600000000001,0.70424,1.5,1
05.08.2021 00:54:43.458,0.70435,0.7042600000000001,1.25,1
05.08.2021 00:54:43.609,0.70435,0.70425,1,1
05.08.2021 00:54:43.660,0.70438,0.70425,1.69,1
05.08.2021 00:54:43.761,0.7043600000000001,0.7042600000000001,1,1
05.08.2021 00:54:44.013,0.7043600000000001,0.70423,1,1.5
05.08.2021 00:54:44.215,0.70433,0.7042100000000001,1,1.5
05.08.2021 00:54:44.366,0.7043200000000001,0.7042100000000001,1.5,1
05.08.2021 00:54:44.467,0.70433,0.70419,1.5,2.44
05.08.2021 00:54:45.047,0.70433,0.70419,4,1.5
05.08.2021 00:54:45.148,0.7043200000000001,0.7042,1.25,1
05.08.2021 00:54:45.249,0.7043,0.7042,1,1
05.08.2021 00:54:45.350,0.7043100000000001,0.70418,1.69,1
05.08.2021 00:54:45.452,0.7043200000000001,0.70419,2.44,1
05.08.2021 00:54:45.553,0.7043200000000001,0.7042,2.44,1
05.08.2021 00:54:46.160,0.7043100000000001,0.7042,1,1
05.08.2021 00:54:46.468,0.7043100000000001,0.7042100000000001,1.5,1
05.08.2021 00:54:48.265,0.70433,0.7042,1.5,1
05.08.2021 00:54:49.683,0.70434,0.7042100000000001,2.44,1
05.08.2021 00:54:50.221,0.70433,0.7042100000000001,1,1
05.08.2021 00:54:50.322,0.70434,0.7042,1.5,2.25
05.08.2021 00:54:50.424,0.70434,0.7042100000000001,1.5,1
05.08.2021 00:54:50.988,0.70434,0.7042,2.25,1.5
05.08.2021 00:54:51.472,0.70433,0.7042,1,1.5
05.08.2021 00:54:51.874,0.70433,0.7042,1.75,1.5
05.08.2021 00:54:52.627,0.70434,0.7042100000000001,2.44,1.5
05.08.2021 00:54:53.088,0.70435,0.70423,1.5,1
05.08.2021 00:54:53.189,0.70435,0.70425,1,1
05.08.2021 00:54:53.290,0.70437,0.70424,2.44,1
05.08.2021 00:54:54.973,0.70437,0.70425,1,1
05.08.2021 00:54:55.074,0.70438,0.7042600000000001,1.5,1
05.08.2021 00:54:59.048,0.7044,0.70428,1.5,1
05.08.2021 00:54:59.149,0.7044100000000001,0.70428,1,1
05.08.2021 00:54:59.250,0.70443,0.70433,1,1.5
05.08.2021 00:54:59.352,0.70447,0.70437,1,1.69
05.08.2021 00:54:59.453,0.7045,0.70438,1,1
05.08.2021 00:54:59.705,0.70452,0.70443,1,1
05.08.2021 00:54:59.756,0.70455,0.7044600000000001,1.12,3
05.08.2021 00:54:59.806,0.70457,0.7044800000000001,2,1
05.08.2021 00:54:59.907,0.70455,0.70443,3.62,1
05.08.2021 00:55:00.009,0.70452,0.7044100000000001,1,1.11
05.08.2021 00:55:00.110,0.70449,0.7044100000000001,1,1
05.08.2021 00:55:00.161,0.7045,0.70438,1,1
05.08.2021 00:55:00.564,0.7045100000000001,0.70438,1.69,1.5
05.08.2021 00:55:03.684,0.7045100000000001,0.70437,2.44,1
05.08.2021 00:55:07.088,0.7045100000000001,0.70438,2.25,1
05.08.2021 00:55:07.534,0.70452,0.7044,1.5,1
05.08.2021 00:55:13.238,0.70452,0.70439,1.5,1
05.08.2021 00:55:31.997,0.7045,0.70439,1,1
05.08.2021 00:55:36.218,0.7045,0.70437,1.25,1.12
05.08.2021 00:55:36.320,0.7045,0.7043600000000001,1.25,2.62
05.08.2021 00:55:52.622,0.7044800000000001,0.70437,1,2.25
05.08.2021 00:55:58.977,0.70442,0.70433,1,2.75
05.08.2021 00:55:59.129,0.70442,0.70433,1.5,1
05.08.2021 00:55:59.281,0.70443,0.7043,1.69,1
05.08.2021 00:56:00.194,0.70443,0.70429,1.69,2.62
05.08.2021 00:56:01.567,0.70442,0.70429,1,1.5
05.08.2021 00:56:12.053,0.7044100000000001,0.70429,1,1
05.08.2021 00:56:12.297,0.7044100000000001,0.7043,1.69,1
05.08.2021 00:56:16.067,0.7044100000000001,0.70429,1.5,2.62
05.08.2021 00:56:16.221,0.70442,0.70429,1.5,1
05.08.2021 00:56:21.112,0.70442,0.7043,1,1
05.08.2021 00:56:22.335,0.7044100000000001,0.7043,1,1.5
05.08.2021 00:56:24.056,0.70443,0.7043,1,1.5
05.08.2021 00:56:24.157,0.70444,0.7043100000000001,2.44,1
05.08.2021 00:56:24.576,0.70445,0.7043200000000001,1,1
05.08.2021 00:56:26.247,0.70444,0.70434,1,1.5
05.08.2021 00:56:27.163,0.70447,0.70434,2.44,1.5
05.08.2021 00:56:47.383,0.7044800000000001,0.70435,1.5,1.5
05.08.2021 00:56:47.485,0.7044800000000001,0.7043600000000001,1,1
05.08.2021 00:56:47.587,0.7044800000000001,0.70437,1.5,1.5
05.08.2021 00:56:47.689,0.70449,0.70437,1,1
05.08.2021 00:56:48.916,0.70449,0.70438,1.5,1
05.08.2021 00:56:49.119,0.7045,0.70438,1.5,1
05.08.2021 00:56:52.295,0.7045100000000001,0.70438,1.5,1
05.08.2021 00:56:58.328,0.7045,0.7044,1,1
05.08.2021 00:57:00.421,0.70452,0.70439,1.5,1
05.08.2021 00:57:15.130,0.70452,0.7044,1,1
05.08.2021 00:57:21.017,0.70455,0.70444,1.31,1
05.08.2021 00:57:21.119,0.70455,0.70442,1,2.44
05.08.2021 00:57:21.220,0.7045600000000001,0.70445,1.25,1
05.08.2021 00:57:21.671,0.7045800000000001,0.70445,1.75,1
05.08.2021 00:57:21.723,0.70459,0.7044600000000001,1,2.25
05.08.2021 00:57:21.824,0.7046,0.7044600000000001,1.25,2.25
05.08.2021 00:57:22.503,0.7046100000000001,0.7044800000000001,1,2.25
05.08.2021 00:57:22.605,0.7046100000000001,0.70449,1,1
05.08.2021 00:57:23.249,0.7046600000000001,0.7045600000000001,1.5,1
05.08.2021 00:57:23.300,0.7046600000000001,0.7045600000000001,1,1.5
05.08.2021 00:57:23.401,0.7046300000000001,0.7045100000000001,1.25,1
05.08.2021 00:57:24.369,0.70465,0.70452,1,4.75
05.08.2021 00:57:24.471,0.70465,0.7045399999999999,1,1.5
05.08.2021 00:57:24.674,0.7046600000000001,0.7045399999999999,1.12,1.69
05.08.2021 00:57:24.991,0.7046800000000001,0.7045600000000001,1,1
05.08.2021 00:57:25.495,0.7046600000000001,0.7045399999999999,1,1
05.08.2021 00:57:25.596,0.70467,0.7045600000000001,2.25,1
05.08.2021 00:57:25.698,0.7046800000000001,0.7045600000000001,1.25,1.5
05.08.2021 00:57:26.229,0.70465,0.7045600000000001,4,1
05.08.2021 00:57:26.330,0.70465,0.7045300000000001,1,1.25
05.08.2021 00:57:26.381,0.70465,0.70455,1,1
05.08.2021 00:57:26.482,0.7046600000000001,0.7045800000000001,1,1
05.08.2021 00:57:27.265,0.7046600000000001,0.7045600000000001,1,1.5
05.08.2021 00:57:27.367,0.7046800000000001,0.7045600000000001,1,1.25
05.08.2021 00:57:27.417,0.70469,0.70459,1,1
05.08.2021 00:57:27.569,0.7047,0.70459,1,1
05.08.2021 00:57:28.877,0.70469,0.70459,1,1
05.08.2021 00:57:29.079,0.70472,0.70462,1,1
05.08.2021 00:57:29.180,0.7047100000000001,0.7046100000000001,1,1
05.08.2021 00:57:29.281,0.7047,0.7045800000000001,1,2.25
05.08.2021 00:57:31.532,0.7046800000000001,0.70455,1.25,2.62
05.08.2021 00:57:31.633,0.70467,0.70455,1,1.12
05.08.2021 00:57:31.936,0.70465,0.7045600000000001,1,1
05.08.2021 00:57:32.294,0.7046600000000001,0.7045399999999999,1,1
05.08.2021 00:57:32.396,0.7046600000000001,0.7045300000000001,1,1
05.08.2021 00:57:32.648,0.70465,0.70452,1,2.25
05.08.2021 00:57:33.196,0.70464,0.70452,1,1
05.08.2021 00:57:33.247,0.70462,0.7045100000000001,1,1.5
05.08.2021 00:57:33.298,0.7046,0.7045,1,1
05.08.2021 00:57:33.399,0.7046,0.70449,1,1.87
05.08.2021 00:57:35.037,0.7046,0.7044800000000001,1,1.5
05.08.2021 00:57:35.139,0.7045800000000001,0.70447,1,1
05.08.2021 00:57:36.809,0.7045800000000001,0.7044600000000001,1,1.5
05.08.2021 00:57:44.103,0.7046,0.7044800000000001,1,1
05.08.2021 00:57:50.965,0.70459,0.7044800000000001,1,1
05.08.2021 00:57:52.199,0.7045800000000001,0.7044800000000001,1,1
05.08.2021 00:58:07.097,0.70459,0.7044800000000001,1,1
05.08.2021 00:58:15.401,0.70459,0.7044800000000001,1.75,1
05.08.2021 00:58:15.502,0.70459,0.70449,1,1
05.08.2021 00:58:15.603,0.70462,0.7045,1,1
05.08.2021 00:58:16.398,0.70462,0.70449,1.25,1
05.08.2021 00:58:16.500,0.70462,0.7044800000000001,1.25,2.25
05.08.2021 00:58:16.601,0.70462,0.7044800000000001,1.75,2.25
05.08.2021 00:58:19.096,0.70459,0.70449,1.25,1
05.08.2021 00:58:21.698,0.7046,0.70449,1,2.25
05.08.2021 00:58:29.110,0.7046,0.70447,1,2.25
05.08.2021 00:58:30.841,0.7046,0.70447,3.25,1.5
05.08.2021 00:58:31.295,0.70459,0.7044600000000001,1.25,1.12
05.08.2021 00:58:36.551,0.7045800000000001,0.7044600000000001,1,1.12
05.08.2021 00:58:38.697,0.70459,0.7044600000000001,1,2.25
05.08.2021 00:58:43.037,0.70457,0.70444,1.25,1.5
05.08.2021 00:58:43.138,0.7045399999999999,0.70443,1,3.5
05.08.2021 00:58:43.239,0.70455,0.70442,1,2.25
05.08.2021 00:58:44.918,0.70455,0.70442,1.75,1
05.08.2021 00:58:45.019,0.70452,0.70439,1.25,1.5
05.08.2021 00:58:45.121,0.7045100000000001,0.70439,1,1
05.08.2021 00:58:50.582,0.7045100000000001,0.70438,2.5,1
05.08.2021 00:58:50.683,0.7045,0.70438,1.75,1
05.08.2021 00:58:50.936,0.7045100000000001,0.70438,1.69,1
05.08.2021 00:58:58.147,0.7045100000000001,0.70438,2.5,1
05.08.2021 00:59:07.260,0.7045100000000001,0.70438,1.69,1
05.08.2021 00:59:08.470,0.7045,0.70438,1.25,1
05.08.2021 00:59:08.571,0.70447,0.70437,1.25,1
05.08.2021 00:59:08.622,0.7044600000000001,0.70433,1.25,2
05.08.2021 00:59:08.723,0.7044600000000001,0.7043200000000001,1.25,2.62
05.08.2021 00:59:08.824,0.70445,0.7043200000000001,1,1.87
05.08.2021 00:59:09.823,0.70445,0.7043100000000001,4,1.5
05.08.2021 00:59:09.924,0.70442,0.70428,1.75,2.75
05.08.2021 00:59:10.089,0.7044100000000001,0.70428,1.69,1.5
05.08.2021 00:59:11.255,0.7044100000000001,0.70428,2.5,1.5
05.08.2021 00:59:13.255,0.7044,0.70428,2.5,2.62
05.08.2021 00:59:26.088,0.70439,0.70428,1.75,1
05.08.2021 00:59:33.712,0.7044,0.70429,2.5,1
05.08.2021 00:59:39.364,0.7044,0.7043,1.75,1
05.08.2021 00:59:39.466,0.7044,0.7043100000000001,1.75,1
05.08.2021 00:59:42.517,0.7044,0.7043,1.25,1
05.08.2021 00:59:44.595,0.7044,0.7043100000000001,2.44,1
05.08.2021 00:59:44.696,0.7044100000000001,0.70428,1.69,1
05.08.2021 00:59:48.117,0.7044,0.7043,1.69,1
05.08.2021 00:59:50.526,0.7044100000000001,0.70428,1.69,1
05.08.2021 00:59:55.345,0.70442,0.70428,1.69,1.5
05.08.2021 01:00:00.576,0.70443,0.70429,1.87,1
05.08.2021 01:00:00.627,0.70447,0.70438,1,1
05.08.2021 01:00:00.729,0.70447,0.70439,1,1.5
05.08.2021 01:00:00.881,0.7045300000000001,0.7044100000000001,1.69,1
05.08.2021 01:00:01.421,0.7045300000000001,0.70442,2.06,1
05.08.2021 01:00:01.523,0.7045100000000001,0.70442,1,1
05.08.2021 01:00:01.790,0.7045300000000001,0.7044100000000001,1.69,1
05.08.2021 01:00:02.547,0.7045300000000001,0.70439,1.69,1.5
05.08.2021 01:00:03.018,0.70452,0.7044100000000001,1.25,1.5
05.08.2021 01:00:04.239,0.70457,0.70445,4.5,1
05.08.2021 01:00:04.340,0.70457,0.70445,1.25,1
05.08.2021 01:00:04.968,0.7046,0.7044800000000001,1.25,1
05.08.2021 01:00:05.171,0.70462,0.7044800000000001,1.25,1.5
05.08.2021 01:00:06.369,0.70462,0.7044800000000001,1.25,1.5
05.08.2021 01:00:06.471,0.70462,0.7044800000000001,1.25,1.5
05.08.2021 01:00:10.551,0.70462,0.70449,1.25,1
05.08.2021 01:00:13.618,0.70462,0.7044800000000001,1.25,1.5
05.08.2021 01:00:34.013,0.70462,0.70449,1,1
05.08.2021 01:00:36.812,0.7046300000000001,0.7045,1,1
05.08.2021 01:00:36.913,0.70464,0.7045100000000001,1,1
05.08.2021 01:00:37.065,0.7046300000000001,0.7045,1,1
05.08.2021 01:00:37.166,0.70462,0.70449,1,1
05.08.2021 01:00:37.429,0.70462,0.7044800000000001,1,2.25
05.08.2021 01:00:41.977,0.7046300000000001,0.70449,1.5,1
05.08.2021 01:00:44.226,0.70462,0.7044800000000001,1,2.25
05.08.2021 01:00:46.269,0.70462,0.70449,1.5,2.44
05.08.2021 01:00:54.073,0.70462,0.7044800000000001,1,2.25
05.08.2021 01:01:03.193,0.70457,0.7044800000000001,1,1
05.08.2021 01:01:03.244,0.70457,0.70443,1,3.5
05.08.2021 01:01:03.295,0.70457,0.70443,1,2.25
05.08.2021 01:01:03.396,0.7045600000000001,0.70443,1,1
05.08.2021 01:01:04.297,0.7045600000000001,0.70442,1.25,2.62
05.08.2021 01:01:05.509,0.70455,0.70442,1,1.5
05.08.2021 01:01:05.560,0.7045300000000001,0.70439,1,2.25
05.08.2021 01:01:05.662,0.7045,0.7044,1,1.5
05.08.2021 01:01:07.215,0.7045100000000001,0.70437,1,2.44
05.08.2021 01:01:12.971,0.70452,0.70438,1.12,1.5
05.08.2021 01:01:13.073,0.70452,0.70439,1,1.69
05.08.2021 01:01:13.174,0.7045399999999999,0.7044100000000001,1.12,1
05.08.2021 01:01:15.138,0.7045300000000001,0.70439,1,2.81
05.08.2021 01:01:18.583,0.7045300000000001,0.7044,1,1.69
05.08.2021 01:01:22.541,0.7045399999999999,0.7044,1,2.44
05.08.2021 01:01:22.989,0.70452,0.70439,1,1
05.08.2021 01:01:23.091,0.70452,0.70438,1.5,1.5
05.08.2021 01:01:23.598,0.7045100000000001,0.7044,1,1.25
05.08.2021 01:01:27.016,0.7045300000000001,0.70439,1.12,1.25
05.08.2021 01:01:27.190,0.7045399999999999,0.7044100000000001,1,1
05.08.2021 01:01:31.081,0.7045399999999999,0.70443,1,1
05.08.2021 01:01:31.182,0.70457,0.70443,1,2.44
05.08.2021 01:01:33.166,0.7045600000000001,0.70442,1,2.25
05.08.2021 01:01:34.200,0.7045600000000001,0.7044100000000001,1.5,2.44
05.08.2021 01:01:36.179,0.70455,0.70443,1,1
05.08.2021 01:01:36.493,0.7045600000000001,0.7044100000000001,1.69,2.25
05.08.2021 01:01:41.716,0.70452,0.70439,1,1.87
05.08.2021 01:01:44.646,0.7045,0.70439,1,1
05.08.2021 01:01:44.747,0.70452,0.70438,1,1.5
05.08.2021 01:01:56.725,0.7045100000000001,0.70438,1.5,1
05.08.2021 01:02:07.187,0.70452,0.70438,1,1.5
05.08.2021 01:02:07.289,0.7045300000000001,0.70438,1.87,2.25
05.08.2021 01:02:11.378,0.7045300000000001,0.7044,1,1
05.08.2021 01:02:11.530,0.7045300000000001,0.70439,1.5,1
05.08.2021 01:02:11.965,0.7045300000000001,0.70438,1.5,2.81
05.08.2021 01:02:13.412,0.70452,0.70438,1,1.5
05.08.2021 01:02:14.617,0.7045100000000001,0.70438,1,1
05.08.2021 01:02:16.420,0.7045100000000001,0.70439,1,1.5
05.08.2021 01:02:19.600,0.70449,0.7043600000000001,1,1.5
05.08.2021 01:02:19.701,0.70449,0.70435,1,1.12
05.08.2021 01:02:19.803,0.7044800000000001,0.70435,1,1
05.08.2021 01:02:20.929,0.7044800000000001,0.70434,1,1.5
05.08.2021 01:02:21.031,0.70447,0.70434,1,1
05.08.2021 01:02:21.182,0.70447,0.7043200000000001,1.5,2.25
05.08.2021 01:02:25.233,0.70447,0.70433,1,1
05.08.2021 01:02:27.255,0.70447,0.70435,1,1
05.08.2021 01:02:28.528,0.70449,0.70437,1,1.5
05.08.2021 01:02:28.629,0.7045,0.70437,1,1
05.08.2021 01:02:39.144,0.7045100000000001,0.70438,1,1
05.08.2021 01:02:40.370,0.70452,0.70438,1,1.5
05.08.2021 01:02:40.472,0.7045300000000001,0.70438,1.87,2.25
05.08.2021 01:02:48.179,0.70452,0.70438,1,2.25
05.08.2021 01:02:49.131,0.7045300000000001,0.70438,1.87,2.25
05.08.2021 01:02:53.623,0.7045300000000001,0.70439,1,1.5
05.08.2021 01:02:53.725,0.7045300000000001,0.7044100000000001,1,1.5
05.08.2021 01:02:53.826,0.7045300000000001,0.70439,1,1.12
05.08.2021 01:02:54.759,0.7045300000000001,0.7044,1.12,1
05.08.2021 01:02:55.274,0.7045300000000001,0.70439,1.87,1
05.08.2021 01:02:55.375,0.70452,0.70439,1.87,2.81
05.08.2021 01:02:57.204,0.7045,0.70439,1,2.25
05.08.2021 01:03:00.216,0.7045100000000001,0.70438,1.12,1
05.08.2021 01:03:01.238,0.70449,0.70439,1,1
05.08.2021 01:03:02.061,0.7045,0.70437,1,1
05.08.2021 01:03:02.162,0.70449,0.7043600000000001,1,2.25
05.08.2021 01:03:02.263,0.70447,0.70435,1.12,2
05.08.2021 01:03:02.364,0.7044800000000001,0.70434,1.12,1.25
05.08.2021 01:03:02.733,0.7044800000000001,0.70433,2.37,2.25
05.08.2021 01:03:03.742,0.7044600000000001,0.70433,1,1.5
05.08.2021 01:03:03.843,0.7044600000000001,0.70434,1,1
05.08.2021 01:03:04.454,0.7044800000000001,0.70434,1,1
05.08.2021 01:03:05.787,0.70449,0.70434,2.25,1.5
05.08.2021 01:03:12.063,0.70447,0.70434,1,1.5
05.08.2021 01:03:12.165,0.7044600000000001,0.70433,1,1.5
05.08.2021 01:03:12.770,0.70445,0.70433,1,1
05.08.2021 01:03:12.821,0.70443,0.7043100000000001,1.87,1
05.08.2021 01:03:12.923,0.70444,0.70429,1.87,1.87
05.08.2021 01:03:22.297,0.7044100000000001,0.70428,1,1.87
05.08.2021 01:03:23.785,0.70437,0.70425,1,1.12
05.08.2021 01:03:23.987,0.7043600000000001,0.70424,1,1.12
05.08.2021 01:03:24.139,0.7043600000000001,0.7042200000000001,1,1.75
05.08.2021 01:03:24.240,0.7043600000000001,0.7042200000000001,1,1.25
05.08.2021 01:03:25.035,0.7043100000000001,0.70419,1,1.5
05.08.2021 01:03:25.137,0.7043100000000001,0.70418,1,1.87
05.08.2021 01:03:25.900,0.7043,0.70418,1,1.5
05.08.2021 01:03:26.114,0.7043,0.70418,1.62,1
05.08.2021 01:03:27.091,0.7043,0.70418,1.12,1
05.08.2021 01:03:28.093,0.70429,0.70418,1,1
05.08.2021 01:03:29.087,0.7043,0.70418,1.62,1
05.08.2021 01:03:29.455,0.70429,0.70414,5.12,2.75
05.08.2021 01:03:29.607,0.7042700000000001,0.70413,1,1.5
05.08.2021 01:03:29.708,0.7042700000000001,0.70412,2.25,2.25
05.08.2021 01:03:31.249,0.7042600000000001,0.70412,1,1.5
05.08.2021 01:03:32.155,0.70425,0.7041100000000001,1,1.69
05.08.2021 01:03:32.259,0.70423,0.7041100000000001,1,1.5
05.08.2021 01:03:32.310,0.70423,0.70409,1,1.12
05.08.2021 01:03:32.926,0.70424,0.7041000000000001,1.5,1
05.08.2021 01:03:33.028,0.70424,0.70409,2.25,2.25
05.08.2021 01:03:34.055,0.70423,0.70409,1,1.5
05.08.2021 01:03:35.179,0.70423,0.70413,1,1
05.08.2021 01:03:35.280,0.70425,0.70413,1,1
05.08.2021 01:03:35.381,0.70425,0.70414,1,1
05.08.2021 01:03:38.202,0.7042600000000001,0.70412,1.5,1.87
05.08.2021 01:03:38.304,0.7042600000000001,0.70413,1.5,1
05.08.2021 01:03:38.406,0.7042600000000001,0.70414,1.5,1
05.08.2021 01:03:38.569,0.7042700000000001,0.70414,1.12,1
05.08.2021 01:03:39.993,0.70428,0.70414,1,2.25
05.08.2021 01:03:40.098,0.70429,0.7041600000000001,1.12,1.5
05.08.2021 01:03:40.452,0.7042700000000001,0.70415,1,1
05.08.2021 01:03:40.553,0.7042700000000001,0.70413,1,1.5
05.08.2021 01:03:40.654,0.7042600000000001,0.70414,1,1.12
05.08.2021 01:03:42.024,0.7042700000000001,0.70412,2.25,1.69
05.08.2021 01:03:43.042,0.7042600000000001,0.70412,1,1
05.08.2021 01:03:44.172,0.70425,0.70412,1,1
05.08.2021 01:03:44.273,0.70423,0.7041000000000001,3,1.87
05.08.2021 01:03:44.375,0.7042100000000001,0.7041000000000001,1,1
05.08.2021 01:03:46.808,0.7042200000000001,0.70408,1.5,2.06
05.08.2021 01:04:04.121,0.70423,0.70409,1.5,1
05.08.2021 01:04:04.426,0.7042200000000001,0.70409,1,1
05.08.2021 01:04:04.986,0.7042100000000001,0.70409,1,1
05.08.2021 01:04:05.087,0.7042100000000001,0.70408,1,1
05.08.2021 01:04:06.783,0.7042100000000001,0.70409,1,1
05.08.2021 01:04:07.950,0.7042100000000001,0.70408,1,1.5
05.08.2021 01:04:15.429,0.7042200000000001,0.70408,1.5,1.69
05.08.2021 01:04:16.480,0.70423,0.70408,3.37,2.44
05.08.2021 01:04:16.581,0.70423,0.70409,3,1
05.08.2021 01:04:20.124,0.70423,0.70408,3,2.81
05.08.2021 01:04:45.051,0.70424,0.7041100000000001,1,1.5
05.08.2021 01:04:45.152,0.70425,0.70412,1,1
05.08.2021 01:04:45.662,0.7042600000000001,0.70412,1.5,1
05.08.2021 01:04:47.221,0.7042600000000001,0.7041100000000001,1.5,1.87
05.08.2021 01:04:47.373,0.70425,0.7041100000000001,1,1
05.08.2021 01:04:49.726,0.7042600000000001,0.7041100000000001,1.5,1.5
05.08.2021 01:04:55.476,0.70424,0.7041100000000001,1.5,2.25
05.08.2021 01:04:57.058,0.7042200000000001,0.70409,1,1
05.08.2021 01:05:00.553,0.7042200000000001,0.70408,1,1.5
05.08.2021 01:05:00.654,0.7042200000000001,0.70408,1,2.5
05.08.2021 01:05:01.311,0.7042200000000001,0.70408,1,1.69
05.08.2021 01:05:07.864,0.7042200000000001,0.70409,1,1
05.08.2021 01:05:11.551,0.7042100000000001,0.70409,1,1
05.08.2021 01:05:15.483,0.7042200000000001,0.70409,1,1
05.08.2021 01:05:17.443,0.7042200000000001,0.7041000000000001,1,1
05.08.2021 01:05:21.729,0.70423,0.7041000000000001,1.5,1
05.08.2021 01:05:21.986,0.70423,0.70412,1,1
05.08.2021 01:05:22.088,0.70423,0.70413,1,1
05.08.2021 01:05:22.472,0.7042700000000001,0.70412,2.94,1.5
05.08.2021 01:05:22.984,0.70424,0.70413,1,1.5
05.08.2021 01:05:23.085,0.70425,0.70413,1,1
05.08.2021 01:05:23.187,0.70424,0.70413,1,1
05.08.2021 01:05:23.639,0.70424,0.70412,1.5,1
05.08.2021 01:05:27.194,0.70423,0.70412,1,1
05.08.2021 01:05:27.296,0.70424,0.70412,1.5,1
05.08.2021 01:05:27.397,0.70424,0.7041100000000001,1.5,1
05.08.2021 01:05:29.325,0.7042600000000001,0.7041600000000001,1,1
05.08.2021 01:05:29.376,0.70424,0.70415,1,1
05.08.2021 01:05:29.427,0.7042700000000001,0.70415,1.12,1
05.08.2021 01:05:29.528,0.7042600000000001,0.70418,1,1
05.08.2021 01:05:29.579,0.70428,0.70418,1,1
05.08.2021 01:05:29.831,0.7043,0.70417,1.87,1
05.08.2021 01:05:32.458,0.7043100000000001,0.70418,2.81,1
05.08.2021 01:05:32.761,0.7043,0.70418,1,1
05.08.2021 01:05:34.104,0.70429,0.70418,1,1
05.08.2021 01:05:34.205,0.70429,0.70417,1,1
05.08.2021 01:05:36.846,0.70429,0.7041600000000001,1.5,1
05.08.2021 01:05:45.814,0.70429,0.70417,1.5,1
05.08.2021 01:05:49.541,0.7043,0.70417,1.5,1
05.08.2021 01:05:49.961,0.7042600000000001,0.70415,1.5,1.12
05.08.2021 01:05:50.063,0.70423,0.7041000000000001,1,2
05.08.2021 01:05:50.164,0.7042100000000001,0.7041100000000001,1,1
05.08.2021 01:05:50.265,0.7042200000000001,0.70409,1,1.87
05.08.2021 01:05:53.441,0.7042,0.7041000000000001,1,1
05.08.2021 01:05:53.727,0.7042200000000001,0.70409,1.5,1
05.08.2021 01:05:55.549,0.7042200000000001,0.70408,1.5,1
05.08.2021 01:06:13.015,0.7042200000000001,0.7041000000000001,1,1.69
05.08.2021 01:06:13.166,0.70423,0.7041000000000001,1,4.69
05.08.2021 01:06:14.330,0.70425,0.7041100000000001,2.62,3.94
05.08.2021 01:06:14.431,0.70425,0.70412,1.5,1
05.08.2021 01:06:14.942,0.70425,0.70413,1,1
05.08.2021 01:06:15.043,0.7042700000000001,0.70415,1.5,1
05.08.2021 01:06:15.982,0.70428,0.7041600000000001,1,1
05.08.2021 01:06:16.084,0.70429,0.70418,1,1
05.08.2021 01:06:16.185,0.7043,0.70418,1,1
05.08.2021 01:06:26.045,0.7042600000000001,0.70414,1,1.12
05.08.2021 01:06:26.249,0.7042600000000001,0.70412,2.25,1
05.08.2021 01:06:27.141,0.70424,0.70413,1,1
05.08.2021 01:06:29.266,0.70424,0.70412,1,1
05.08.2021 01:06:29.317,0.7042200000000001,0.70409,1,1.25
05.08.2021 01:06:58.350,0.70423,0.70409,1,1
05.08.2021 01:07:01.519,0.7042200000000001,0.70409,1,1
05.08.2021 01:07:06.948,0.7042100000000001,0.70407,1,2.06
05.08.2021 01:07:24.805,0.7042100000000001,0.70407,1,1.75
05.08.2021 01:07:28.070,0.7042200000000001,0.70408,1.5,1.25
05.08.2021 01:07:46.216,0.7042,0.70409,1,1.25
05.08.2021 01:08:03.272,0.70414,0.7040500000000001,1,1.5
05.08.2021 01:08:03.323,0.70413,0.70399,1,3.75
05.08.2021 01:08:03.475,0.70412,0.7040000000000001,1.5,1.69
05.08.2021 01:08:03.576,0.70413,0.70401,1.5,1
05.08.2021 01:08:06.515,0.70409,0.70402,1.5,1
05.08.2021 01:08:06.566,0.70409,0.70398,1.25,1.12
05.08.2021 01:08:14.717,0.7041000000000001,0.70398,2.06,1
05.08.2021 01:08:17.632,0.7041000000000001,0.70398,2.87,1
05.08.2021 01:08:17.683,0.70403,0.70394,1,1.5
05.08.2021 01:08:17.784,0.70403,0.70391,1.5,1.5
05.08.2021 01:08:18.637,0.70403,0.7039000000000001,1.5,1
05.08.2021 01:08:19.744,0.70401,0.70391,1,1
05.08.2021 01:08:29.154,0.70403,0.70392,1,1
05.08.2021 01:08:29.255,0.70402,0.70392,1,1
05.08.2021 01:08:31.619,0.70406,0.70394,1.12,1
05.08.2021 01:08:31.771,0.70407,0.70396,1.5,1
05.08.2021 01:08:31.822,0.7041100000000001,0.70398,2,1
05.08.2021 01:08:31.923,0.7041000000000001,0.70401,1.5,1
05.08.2021 01:08:32.792,0.7041000000000001,0.7040000000000001,1,1
05.08.2021 01:08:35.564,0.7041000000000001,0.70399,1,1
05.08.2021 01:08:43.673,0.70408,0.70397,1,1
05.08.2021 01:08:43.774,0.70404,0.70394,3,1
05.08.2021 01:08:43.825,0.70403,0.70391,1,1
05.08.2021 01:08:47.434,0.7040500000000001,0.7039300000000001,1,1
05.08.2021 01:08:47.550,0.70406,0.7039300000000001,1.87,1
05.08.2021 01:08:48.619,0.7040500000000001,0.7039300000000001,1,1
05.08.2021 01:08:48.721,0.70402,0.7039300000000001,1,1
05.08.2021 01:08:52.407,0.70402,0.70392,1,1
05.08.2021 01:09:00.124,0.70404,0.70391,1,1
05.08.2021 01:09:00.277,0.70404,0.7039000000000001,1,2.25
05.08.2021 01:09:00.777,0.70402,0.7039000000000001,1,2.25
05.08.2021 01:09:00.878,0.7040000000000001,0.70387,1.75,1
05.08.2021 01:09:00.980,0.70402,0.7039000000000001,2.94,1
05.08.2021 01:09:01.081,0.70402,0.7039000000000001,2.81,1
05.08.2021 01:09:13.625,0.70402,0.70389,1.25,1
05.08.2021 01:09:13.726,0.7040000000000001,0.70389,1,1
05.08.2021 01:09:15.899,0.70402,0.7038800000000001,1,1.5
05.08.2021 01:09:16.050,0.70402,0.70389,1,1
05.08.2021 01:09:16.614,0.70401,0.70389,1,1
05.08.2021 01:09:18.675,0.70402,0.70389,1,1
05.08.2021 01:09:25.849,0.70399,0.7039000000000001,1,1
05.08.2021 01:09:36.317,0.70402,0.70389,1.25,1
05.08.2021 01:09:36.419,0.70403,0.7039300000000001,1.12,1.5
05.08.2021 01:09:36.470,0.7040500000000001,0.70394,1,1
05.08.2021 01:09:36.520,0.7040500000000001,0.70397,1,1.5
05.08.2021 01:09:36.571,0.70409,0.70399,2.77,1
05.08.2021 01:09:36.622,0.7041000000000001,0.70399,1.31,1
05.08.2021 01:09:37.308,0.70412,0.70399,1.31,1
05.08.2021 01:09:37.409,0.70413,0.7040000000000001,2.19,1
05.08.2021 01:09:37.511,0.70413,0.7040000000000001,1.69,1
05.08.2021 01:09:46.805,0.7041100000000001,0.7040000000000001,1,1
05.08.2021 01:09:48.754,0.70412,0.7040000000000001,1.12,1
05.08.2021 01:09:56.429,0.7041100000000001,0.7040000000000001,1,1
05.08.2021 01:09:57.408,0.70412,0.70399,1,1
05.08.2021 01:10:00.268,0.70412,0.7040000000000001,1.87,1
05.08.2021 01:10:01.089,0.7041100000000001,0.7040000000000001,1,1
05.08.2021 01:10:02.042,0.7041100000000001,0.70399,1,1
05.08.2021 01:10:06.233,0.7040500000000001,0.7039500000000001,1,1
05.08.2021 01:10:06.334,0.70401,0.70392,1,1.12
05.08.2021 01:10:06.436,0.70403,0.70391,1,1
05.08.2021 01:10:09.992,0.70401,0.7039000000000001,1,1
05.08.2021 01:10:10.703,0.70402,0.7039000000000001,1,1
05.08.2021 01:10:11.259,0.70402,0.7038800000000001,1,3.25
05.08.2021 01:10:13.424,0.70402,0.70389,2.62,3.25
05.08.2021 01:10:13.525,0.70402,0.7038800000000001,1,2.44
05.08.2021 01:10:16.537,0.70403,0.7038800000000001,2.62,3.25
05.08.2021 01:10:17.965,0.70402,0.7038800000000001,1,4
05.08.2021 01:10:20.795,0.70403,0.7039000000000001,1,1
05.08.2021 01:10:20.896,0.70404,0.7039000000000001,1.5,1.25
05.08.2021 01:10:23.577,0.70403,0.70391,1.5,3.25
05.08.2021 01:10:23.678,0.70403,0.70391,1.5,2.44
05.08.2021 01:10:27.082,0.70403,0.70391,1.5,2.5
05.08.2021 01:10:27.132,0.70404,0.7039000000000001,1.5,2.44
05.08.2021 01:10:35.575,0.70409,0.70396,3.86,1
05.08.2021 01:10:35.676,0.7041100000000001,0.70399,1,1
05.08.2021 01:10:35.778,0.70412,0.70399,2.81,1
05.08.2021 01:10:39.495,0.70412,0.70398,1.69,1.69
05.08.2021 01:10:40.663,0.70413,0.70399,1.69,1
05.08.2021 01:10:40.764,0.70413,0.7040000000000001,1.69,1
05.08.2021 01:10:45.715,0.70413,0.7040000000000001,1.69,1.5
05.08.2021 01:10:45.927,0.70413,0.7040000000000001,1.69,1
05.08.2021 01:10:46.893,0.70413,0.70401,1.25,1
05.08.2021 01:10:48.380,0.70412,0.70399,1,1
05.08.2021 01:10:57.218,0.70413,0.70399,1,1.5
05.08.2021 01:10:57.269,0.70415,0.70401,3.5,1
05.08.2021 01:10:58.154,0.7041600000000001,0.70408,1.12,1
05.08.2021 01:10:58.255,0.7042100000000001,0.70408,3.31,1
05.08.2021 01:10:58.356,0.7042200000000001,0.70408,4.31,1
05.08.2021 01:10:58.658,0.7042200000000001,0.70409,4.69,1
05.08.2021 01:10:58.902,0.70423,0.70409,3.8,1
05.08.2021 01:11:00.289,0.70423,0.70409,3.93,1
05.08.2021 01:11:01.805,0.70423,0.70409,3.18,1
05.08.2021 01:11:02.210,0.70424,0.7041000000000001,4.55,1.5
05.08.2021 01:11:02.312,0.70424,0.7041000000000001,1.37,1.5
05.08.2021 01:11:02.413,0.7042600000000001,0.7041100000000001,1.31,1.5
05.08.2021 01:11:02.514,0.7042700000000001,0.70412,4.5,1
05.08.2021 01:11:17.388,0.70425,0.7041100000000001,3.19,1
05.08.2021 01:11:18.017,0.70423,0.70412,1,1
05.08.2021 01:11:19.147,0.70424,0.7041000000000001,1.5,2.25
05.08.2021 01:11:24.052,0.70424,0.70412,1.12,1
05.08.2021 01:11:24.154,0.7043100000000001,0.70418,2.87,1
05.08.2021 01:11:24.693,0.7043100000000001,0.7042,1.75,1.5
05.08.2021 01:11:26.833,0.7043100000000001,0.70419,1.25,1.5
05.08.2021 01:11:28.532,0.7043200000000001,0.70419,1.37,1.5
05.08.2021 01:11:31.353,0.70429,0.7041600000000001,1.12,1.5
05.08.2021 01:11:31.454,0.70428,0.7041600000000001,1.37,1
05.08.2021 01:11:31.657,0.70428,0.70414,1.25,1.5
05.08.2021 01:11:34.420,0.7042600000000001,0.70415,1.25,1
05.08.2021 01:11:34.522,0.70423,0.70412,1,1
05.08.2021 01:11:36.304,0.70428,0.7041600000000001,1.75,1.25
05.08.2021 01:11:36.406,0.7043100000000001,0.70418,1.37,1
05.08.2021 01:11:41.195,0.7043100000000001,0.70418,1.25,1
05.08.2021 01:11:47.203,0.70429,0.70419,1.25,1
05.08.2021 01:11:47.304,0.7043,0.70418,1.25,1.5
05.08.2021 01:11:47.405,0.70429,0.7042,1.25,1
05.08.2021 01:11:49.458,0.7043100000000001,0.7042,1.75,1
05.08.2021 01:11:52.864,0.70428,0.70419,1.25,1
05.08.2021 01:11:52.965,0.70429,0.70417,1.25,1
05.08.2021 01:11:57.456,0.70429,0.7041600000000001,1.69,1
05.08.2021 01:11:57.709,0.70428,0.7041600000000001,1,1
05.08.2021 01:11:57.962,0.7042600000000001,0.70417,1,1
05.08.2021 01:11:58.114,0.70423,0.70413,1,1
05.08.2021 01:11:59.642,0.70424,0.70413,1,1
05.08.2021 01:11:59.743,0.7042700000000001,0.70413,2.56,1
05.08.2021 01:11:59.854,0.7042600000000001,0.70415,1.75,1
05.08.2021 01:12:00.264,0.70425,0.70414,1,1
05.08.2021 01:12:00.478,0.70423,0.70413,1,1
05.08.2021 01:12:00.629,0.70424,0.7041100000000001,1,1
05.08.2021 01:12:04.146,0.70425,0.7041100000000001,1.69,1
05.08.2021 01:12:04.248,0.70425,0.70413,1,1
05.08.2021 01:12:04.855,0.70425,0.70414,1,1
05.08.2021 01:12:08.958,0.7042600000000001,0.70414,2.56,1
05.08.2021 01:12:11.888,0.70425,0.7041100000000001,2.62,1
05.08.2021 01:12:15.023,0.7042600000000001,0.70415,1,1
05.08.2021 01:12:15.124,0.70428,0.70414,1.25,1
05.08.2021 01:12:15.225,0.70429,0.70414,3.75,1
05.08.2021 01:12:18.011,0.70429,0.70414,3,1
05.08.2021 01:12:18.112,0.70428,0.70413,2.62,1
05.08.2021 01:12:18.213,0.70425,0.7041100000000001,2.25,1
05.08.2021 01:12:18.315,0.70424,0.7041100000000001,2.25,1
05.08.2021 01:12:18.567,0.7042600000000001,0.7041100000000001,3.31,1
05.08.2021 01:12:19.178,0.70425,0.70413,2.19,1
05.08.2021 01:12:31.002,0.7042700000000001,0.70414,2.56,1.5
05.08.2021 01:12:31.104,0.7042700000000001,0.70414,1,1
05.08.2021 01:12:31.406,0.70429,0.70415,1.81,1
05.08.2021 01:12:31.974,0.70428,0.7041600000000001,1.81,1
05.08.2021 01:12:35.367,0.70429,0.7041600000000001,1.31,1
05.08.2021 01:12:39.501,0.70429,0.70415,1.31,1
05.08.2021 01:12:40.443,0.7042700000000001,0.70414,1,1
05.08.2021 01:12:40.595,0.70428,0.70414,1.31,1
05.08.2021 01:12:45.993,0.70428,0.70414,1.5,1
05.08.2021 01:12:46.209,0.70428,0.70414,1,1
05.08.2021 01:12:48.901,0.70429,0.70414,1.87,1.5
05.08.2021 01:12:48.952,0.7043,0.70419,1.5,1
05.08.2021 01:12:49.103,0.7043100000000001,0.70419,1.25,1
05.08.2021 01:12:54.034,0.7043100000000001,0.70418,1.25,1
05.08.2021 01:12:58.351,0.70429,0.70415,1.69,1
05.08.2021 01:13:00.527,0.70429,0.7041600000000001,1.5,1
05.08.2021 01:13:01.631,0.7043,0.70418,1.87,1
05.08.2021 01:13:01.733,0.7043100000000001,0.70418,1.87,1
05.08.2021 01:13:07.786,0.7043,0.70417,1.5,1
05.08.2021 01:13:07.888,0.70429,0.7041600000000001,1,1
05.08.2021 01:13:11.352,0.70429,0.70417,1,1
05.08.2021 01:13:11.453,0.7043,0.70419,1.69,1
05.08.2021 01:13:16.583,0.7043100000000001,0.70419,1.5,1
05.08.2021 01:13:25.086,0.7043,0.7042,2,1
05.08.2021 01:13:25.288,0.7043,0.7042,1.5,1
05.08.2021 01:13:28.470,0.7043,0.70419,1.69,1
05.08.2021 01:13:28.572,0.7043,0.7041600000000001,2.06,1
05.08.2021 01:13:31.178,0.7042700000000001,0.7041600000000001,2.44,1
05.08.2021 01:13:31.279,0.7042600000000001,0.70414,1,1.5
05.08.2021 01:13:31.381,0.7042600000000001,0.70414,1,1
05.08.2021 01:13:31.482,0.70424,0.70412,1,1
05.08.2021 01:13:31.583,0.7042200000000001,0.70413,1,1
05.08.2021 01:13:32.852,0.70425,0.70412,1.12,1
05.08.2021 01:13:32.903,0.7042700000000001,0.70414,1.87,1
05.08.2021 01:13:34.558,0.70428,0.70414,2.06,1
05.08.2021 01:13:37.252,0.7042700000000001,0.7041600000000001,1,1
05.08.2021 01:13:37.354,0.7043100000000001,0.70418,2.19,1
05.08.2021 01:13:37.455,0.7043100000000001,0.70418,1.69,1
05.08.2021 01:13:39.565,0.7043,0.70418,1.25,1
05.08.2021 01:13:39.667,0.70429,0.7041600000000001,1,1
05.08.2021 01:13:39.769,0.70429,0.70417,1,1
05.08.2021 01:13:39.870,0.7043,0.70418,1.25,1
05.08.2021 01:13:52.541,0.7043,0.70419,1,1
05.08.2021 01:14:02.885,0.7042700000000001,0.7041600000000001,1,1
05.08.2021 01:14:02.986,0.70424,0.70412,1,1.5
05.08.2021 01:14:03.088,0.70424,0.70412,1,1
05.08.2021 01:14:03.189,0.70423,0.7041100000000001,1,1.5
05.08.2021 01:14:03.501,0.70424,0.7041100000000001,1,1.5
05.08.2021 01:14:06.771,0.70425,0.70417,1,1
05.08.2021 01:14:06.822,0.7042700000000001,0.7041600000000001,1.5,1
05.08.2021 01:14:06.923,0.7042700000000001,0.70414,2.25,1
05.08.2021 01:14:07.024,0.7042600000000001,0.70414,1,1
05.08.2021 01:14:09.877,0.7042600000000001,0.70412,2.25,1
05.08.2021 01:14:09.979,0.7042200000000001,0.7041100000000001,1,1
05.08.2021 01:14:10.080,0.7042200000000001,0.7041000000000001,1,1
05.08.2021 01:14:21.723,0.7042100000000001,0.70412,1.5,1
05.08.2021 01:14:28.225,0.7042100000000001,0.7041100000000001,1.5,1
05.08.2021 01:14:29.312,0.7042100000000001,0.7041000000000001,1,1
05.08.2021 01:14:30.140,0.70417,0.70407,1,1
05.08.2021 01:14:30.241,0.70414,0.70402,1,1.5
05.08.2021 01:14:30.342,0.70412,0.70402,1,1
05.08.2021 01:14:30.443,0.70412,0.70401,1,1
05.08.2021 01:14:30.943,0.7041100000000001,0.70401,2.44,1
05.08.2021 01:14:32.260,0.70409,0.70402,1,1
05.08.2021 01:14:32.311,0.7041000000000001,0.70399,1.5,1
05.08.2021 01:14:32.412,0.70409,0.70399,1.5,1
05.08.2021 01:14:32.995,0.7041000000000001,0.70399,1.5,1
05.08.2021 01:14:37.137,0.7041100000000001,0.70399,2.06,1
05.08.2021 01:14:42.479,0.70412,0.70399,1,2.5
05.08.2021 01:14:42.864,0.70413,0.7040000000000001,1.87,1.25
05.08.2021 01:14:43.026,0.70413,0.70401,1,1.25
05.08.2021 01:14:43.844,0.70412,0.7040000000000001,1,1.5
05.08.2021 01:14:44.970,0.70412,0.70399,1,1.5
05.08.2021 01:14:45.495,0.7041100000000001,0.70399,1,1
05.08.2021 01:14:51.002,0.7041100000000001,0.7040000000000001,1,1.25
05.08.2021 01:14:53.494,0.70413,0.70399,1.12,2.5
05.08.2021 01:15:00.810,0.70414,0.7040000000000001,2.89,1.25
05.08.2021 01:15:00.924,0.70414,0.70401,1.95,1
05.08.2021 01:15:02.786,0.70414,0.70401,1.5,1
05.08.2021 01:15:04.086,0.70415,0.70401,3.87,1
05.08.2021 01:15:04.722,0.70412,0.70401,1,1
05.08.2021 01:15:06.375,0.70412,0.70402,1.12,1
05.08.2021 01:15:09.781,0.7041100000000001,0.70402,1,1
05.08.2021 01:15:10.042,0.7041000000000001,0.70402,1,1
05.08.2021 01:15:10.143,0.7041100000000001,0.7040000000000001,1,1
05.08.2021 01:15:12.965,0.7041100000000001,0.70399,1,1
05.08.2021 01:15:15.682,0.7041100000000001,0.70399,1,1.75
05.08.2021 01:15:15.783,0.70412,0.7040000000000001,1,1.75
05.08.2021 01:15:15.885,0.7041100000000001,0.7040000000000001,1,1.25
05.08.2021 01:15:16.874,0.7041100000000001,0.7040000000000001,1,1.75
05.08.2021 01:15:17.128,0.7041100000000001,0.70401,1.12,1.25
05.08.2021 01:15:17.230,0.70412,0.70399,1.12,1.75
05.08.2021 01:15:18.053,0.70412,0.7040000000000001,1,1.25
05.08.2021 01:15:25.102,0.70412,0.7040000000000001,1,1.25
05.08.2021 01:15:25.305,0.70412,0.7040000000000001,1,1.75
05.08.2021 01:15:26.347,0.70412,0.7040000000000001,1,1.25
05.08.2021 01:15:29.201,0.70412,0.70401,1,1
05.08.2021 01:15:29.302,0.70413,0.70401,1,1.25
05.08.2021 01:15:41.809,0.7041600000000001,0.70406,1,1
05.08.2021 01:15:41.911,0.70418,0.70408,1,1
05.08.2021 01:15:45.020,0.7042100000000001,0.70408,1.12,1
05.08.2021 01:15:45.127,0.7042,0.70408,1,1
05.08.2021 01:15:45.329,0.7042100000000001,0.70408,1.12,1
05.08.2021 01:15:45.768,0.70419,0.70409,1,1.25
05.08.2021 01:15:46.457,0.7042100000000001,0.70408,1,1.25
05.08.2021 01:15:53.216,0.7042,0.70408,1,1.25
05.08.2021 01:15:53.318,0.7042,0.70409,1,1
05.08.2021 01:15:54.909,0.7042100000000001,0.70408,1.5,1
05.08.2021 01:15:58.988,0.7042,0.70408,1,1
05.08.2021 01:15:59.039,0.70415,0.70406,1,1
05.08.2021 01:15:59.140,0.70417,0.7040500000000001,1,1
05.08.2021 01:16:03.950,0.70417,0.70404,1,1
05.08.2021 01:16:11.401,0.7041600000000001,0.7040500000000001,1,1.25
05.08.2021 01:16:19.542,0.70417,0.70404,1,1.25
05.08.2021 01:16:20.035,0.7042,0.70407,1.5,1
05.08.2021 01:16:20.136,0.7042100000000001,0.70408,1.12,1
05.08.2021 01:16:25.464,0.7042200000000001,0.70408,1.12,1.25
05.08.2021 01:16:28.541,0.7042100000000001,0.7041000000000001,1,1
05.08.2021 01:16:42.363,0.7042200000000001,0.7041000000000001,1,1
05.08.2021 01:16:43.614,0.7042100000000001,0.70409,1.5,1
05.08.2021 01:16:43.766,0.7042100000000001,0.70408,1.5,1
05.08.2021 01:16:44.121,0.7042100000000001,0.70409,1.5,1
05.08.2021 01:16:48.277,0.7042100000000001,0.7041000000000001,1,1
05.08.2021 01:16:50.793,0.7042100000000001,0.70409,1.5,1
05.08.2021 01:16:50.894,0.7042100000000001,0.70408,1.5,1
05.08.2021 01:16:52.193,0.7042100000000001,0.70409,1.5,1
05.08.2021 01:16:54.634,0.7042100000000001,0.70408,1,1.5
05.08.2021 01:17:02.676,0.7042100000000001,0.70407,1.5,1
05.08.2021 01:17:09.192,0.7042100000000001,0.70408,1.5,1
05.08.2021 01:17:24.898,0.7042200000000001,0.70408,1,1.69
05.08.2021 01:17:25.252,0.7042100000000001,0.7041000000000001,1,1.25
05.08.2021 01:17:26.605,0.7042200000000001,0.70408,1,1.69
05.08.2021 01:17:35.188,0.7042200000000001,0.70409,1,1
05.08.2021 01:17:54.446,0.7042200000000001,0.7041000000000001,1.5,1
05.08.2021 01:18:04.157,0.70423,0.70409,1,2.5
05.08.2021 01:18:04.259,0.70423,0.70409,1,1.69
05.08.2021 01:18:04.360,0.70423,0.70409,1,2.5
05.08.2021 01:18:05.271,0.70428,0.70417,3,1
05.08.2021 01:18:05.372,0.7042700000000001,0.70419,1,1.69
05.08.2021 01:18:05.474,0.70429,0.70418,1,2.5
05.08.2021 01:18:05.524,0.7043200000000001,0.70418,1.87,2.5
05.08.2021 01:18:05.727,0.70433,0.70419,2,2.5
05.08.2021 01:18:05.828,0.70433,0.7042,1,2.5
05.08.2021 01:18:06.182,0.70433,0.7042,1,1.69
05.08.2021 01:18:06.283,0.70433,0.7042,1,2.5
05.08.2021 01:18:13.936,0.70433,0.7042,1,1.69
05.08.2021 01:18:19.693,0.70433,0.7042,1,2.5
05.08.2021 01:18:25.186,0.70433,0.7042,1,1.25
05.08.2021 01:18:25.764,0.70433,0.7042,1,1.75
05.08.2021 01:18:28.458,0.70433,0.7042100000000001,1.12,2.5
05.08.2021 01:18:29.148,0.70434,0.7042100000000001,1.12,1.25
05.08.2021 01:18:29.427,0.70437,0.70428,2.25,1.5
05.08.2021 01:18:29.529,0.70443,0.7043,2,1
05.08.2021 01:18:29.630,0.70443,0.7043,1.5,1.25
05.08.2021 01:18:36.250,0.70442,0.7043,1,1
05.08.2021 01:18:38.761,0.7044100000000001,0.70429,1,1
05.08.2021 01:18:38.863,0.7044100000000001,0.70428,1,1
05.08.2021 01:18:39.115,0.7044100000000001,0.70429,1,1
05.08.2021 01:18:40.874,0.7044100000000001,0.70428,1,1
05.08.2021 01:18:41.675,0.7044100000000001,0.70429,1,1
05.08.2021 01:18:44.852,0.70442,0.70429,1.12,1
05.08.2021 01:18:50.320,0.70443,0.70429,1.87,1.25
05.08.2021 01:18:50.422,0.70444,0.7043,1.5,1.25
05.08.2021 01:19:01.665,0.70445,0.7043100000000001,1.87,1.25
05.08.2021 01:19:01.766,0.7044600000000001,0.70433,1.87,1.69
05.08.2021 01:19:01.867,0.7044600000000001,0.70434,1.87,1.25
05.08.2021 01:19:02.743,0.7044800000000001,0.70434,1.12,1
05.08.2021 01:19:02.844,0.7044800000000001,0.70435,1.5,1.69
05.08.2021 01:19:02.946,0.7044800000000001,0.7043600000000001,1,1.25
05.08.2021 01:19:07.024,0.70449,0.70437,1.12,1
05.08.2021 01:19:07.075,0.70452,0.70438,1.5,1.5
05.08.2021 01:19:07.227,0.70452,0.70438,1.5,1.5
05.08.2021 01:19:09.950,0.70452,0.70438,1.87,1
05.08.2021 01:19:26.743,0.7045100000000001,0.70437,1,1.5
05.08.2021 01:19:26.845,0.7044800000000001,0.70437,1,1
05.08.2021 01:19:26.947,0.70449,0.70435,1.5,1
05.08.2021 01:19:27.278,0.70447,0.70435,1,1.25
05.08.2021 01:19:29.564,0.70444,0.70433,1,1
05.08.2021 01:19:29.665,0.70445,0.7043100000000001,1,1
05.08.2021 01:19:30.737,0.70445,0.7043,1.87,2.44
05.08.2021 01:19:31.492,0.70445,0.7043100000000001,1.12,1.25
05.08.2021 01:19:31.594,0.7044600000000001,0.7043100000000001,2.75,2.5
05.08.2021 01:19:31.704,0.7044800000000001,0.70437,1.12,1.25
05.08.2021 01:19:31.805,0.7045,0.70438,1.5,1.5
05.08.2021 01:19:31.907,0.7045,0.70438,1,1.5
05.08.2021 01:19:38.108,0.7045100000000001,0.70438,1.5,1.5
05.08.2021 01:19:41.271,0.7045100000000001,0.70439,1.87,1.5
05.08.2021 01:19:41.372,0.70452,0.70439,1,1.5
05.08.2021 01:19:41.473,0.70452,0.7044,1,1.25
05.08.2021 01:19:54.729,0.70452,0.70439,1,1.75
05.08.2021 01:19:59.642,0.7045300000000001,0.70439,1.5,1.75
05.08.2021 01:20:03.267,0.7045300000000001,0.70439,1,1.69
05.08.2021 01:20:03.419,0.70452,0.70439,1,1
05.08.2021 01:20:10.217,0.7045,0.70438,2.62,1
05.08.2021 01:20:11.787,0.7044800000000001,0.70434,2.25,1.25
05.08.2021 01:20:11.889,0.7044600000000001,0.7043200000000001,1.5,2.12
05.08.2021 01:20:14.380,0.70445,0.7043200000000001,1,1.75
05.08.2021 01:20:14.481,0.70445,0.7043200000000001,1,1.25
05.08.2021 01:20:19.574,0.7044600000000001,0.7043200000000001,1.87,1.25
05.08.2021 01:20:19.675,0.70445,0.7043200000000001,1,1.25
05.08.2021 01:20:20.954,0.7044600000000001,0.7043200000000001,1.87,1.25
05.08.2021 01:20:22.161,0.7044600000000001,0.7043200000000001,1.87,1.25
05.08.2021 01:20:27.548,0.7044600000000001,0.7043200000000001,1.5,1.25
05.08.2021 01:20:32.500,0.70445,0.7043200000000001,1,1.25
05.08.2021 01:21:02.996,0.70444,0.7043,2.06,1
05.08.2021 01:21:06.648,0.70443,0.7043,2.81,2.25
05.08.2021 01:21:07.299,0.70444,0.70429,2.87,2.25
05.08.2021 01:21:08.814,0.70443,0.70428,3.62,2.25
05.08.2021 01:21:20.077,0.70444,0.70429,2.81,1.5
05.08.2021 01:21:20.191,0.70444,0.7043,1.12,1.5
05.08.2021 01:21:22.604,0.70445,0.7043,4.69,1
05.08.2021 01:21:25.695,0.70445,0.7043,3.25,1
05.08.2021 01:21:26.878,0.70443,0.70429,1,1.5
05.08.2021 01:21:42.734,0.70443,0.70428,1.69,1.87
05.08.2021 01:21:53.251,0.70443,0.70428,2.12,1.5
05.08.2021 01:21:53.654,0.70442,0.7042700000000001,1.25,1.87
05.08.2021 01:21:56.867,0.7044100000000001,0.70429,1.31,1
05.08.2021 01:22:04.043,0.7044100000000001,0.70428,1.25,1
05.08.2021 01:22:15.562,0.70443,0.70428,2.94,1.5
05.08.2021 01:22:15.879,0.70443,0.70429,2,1
05.08.2021 01:22:16.984,0.70442,0.7043,1.87,1
05.08.2021 01:22:20.462,0.70443,0.70428,1.87,2.25
05.08.2021 01:22:20.576,0.70443,0.7043,1,1.5
05.08.2021 01:22:20.677,0.70443,0.7043200000000001,1.5,1
05.08.2021 01:22:20.778,0.70444,0.7043,1.5,1.25
05.08.2021 01:22:20.879,0.70444,0.70429,1,2.81
05.08.2021 01:22:21.037,0.70444,0.7043,1,1
05.08.2021 01:22:21.391,0.70443,0.7043,1,2.81
05.08.2021 01:22:23.338,0.70444,0.70429,1,2.19
05.08.2021 01:22:23.576,0.70444,0.70429,1,2.06
05.08.2021 01:22:24.687,0.70442,0.70428,1,1.69
05.08.2021 01:22:33.876,0.70442,0.7042700000000001,2.44,2.62
05.08.2021 01:22:35.131,0.70442,0.70428,1.69,1
05.08.2021 01:22:53.846,0.70442,0.70428,1.25,1
05.08.2021 01:22:54.961,0.7044100000000001,0.70429,1.25,1
05.08.2021 01:22:57.927,0.70442,0.70428,2.12,1
05.08.2021 01:23:01.004,0.70437,0.7042700000000001,1,1
05.08.2021 01:23:01.106,0.70438,0.7042600000000001,1,1
05.08.2021 01:23:01.207,0.70439,0.70425,4,1
05.08.2021 01:23:01.309,0.70437,0.70424,1,1
05.08.2021 01:23:01.562,0.70437,0.70423,1.25,1
05.08.2021 01:23:10.188,0.70437,0.70424,1.31,1
05.08.2021 01:23:10.602,0.70438,0.70424,1,1
05.08.2021 01:23:10.708,0.7044,0.70428,2.4,1
05.08.2021 01:23:10.834,0.7044100000000001,0.7042700000000001,2.27,1
05.08.2021 01:23:13.131,0.7044100000000001,0.7042700000000001,2.21,1
05.08.2021 01:23:13.233,0.7044100000000001,0.70429,1.46,1
05.08.2021 01:23:15.734,0.70442,0.70429,1.25,1
05.08.2021 01:23:16.583,0.70442,0.70428,1,1
05.08.2021 01:23:16.735,0.70442,0.70428,1.75,1
05.08.2021 01:23:16.836,0.70442,0.70428,1,1
05.08.2021 01:23:18.776,0.70442,0.70428,1.25,1
05.08.2021 01:23:22.864,0.7044100000000001,0.7042700000000001,1.25,2.25
05.08.2021 01:23:42.299,0.7044100000000001,0.70428,1,1
05.08.2021 01:23:50.893,0.7044100000000001,0.7042700000000001,1,2.25
05.08.2021 01:23:53.055,0.7044,0.70429,1,1.5
05.08.2021 01:23:58.464,0.7044100000000001,0.70429,1,1
05.08.2021 01:24:00.493,0.7044100000000001,0.70428,1,1
05.08.2021 01:24:02.574,0.7044100000000001,0.70428,1,1.5
05.08.2021 01:24:02.772,0.7044100000000001,0.70428,1,1
05.08.2021 01:24:11.597,0.7044100000000001,0.7043,1,1
05.08.2021 01:24:11.702,0.7044600000000001,0.70434,1,1.5
05.08.2021 01:24:11.854,0.7044600000000001,0.70435,1,1
05.08.2021 01:24:14.617,0.7044600000000001,0.70433,1.25,1.5
05.08.2021 01:24:15.145,0.70447,0.70433,1.69,1
05.08.2021 01:24:17.054,0.7044600000000001,0.70433,2.06,2.25
05.08.2021 01:24:17.835,0.70447,0.70433,1,1.5
05.08.2021 01:24:29.626,0.70447,0.70434,1,1
05.08.2021 01:24:31.642,0.70449,0.7043600000000001,1,2.25
05.08.2021 01:24:31.693,0.70452,0.70437,3.75,1.5
05.08.2021 01:24:31.794,0.7045100000000001,0.70439,1.5,1.5
05.08.2021 01:24:31.897,0.7045300000000001,0.70439,2.81,1
05.08.2021 01:24:57.594,0.70452,0.70439,1.25,1
05.08.2021 01:25:02.329,0.7045300000000001,0.70439,1.12,1.5
05.08.2021 01:25:06.337,0.7045600000000001,0.70444,1.25,1
05.08.2021 01:25:06.388,0.7045600000000001,0.70443,2.87,2.25
05.08.2021 01:25:06.590,0.70457,0.70442,1.69,2.25
05.08.2021 01:25:07.597,0.7045600000000001,0.70442,1,1
05.08.2021 01:25:07.698,0.7045600000000001,0.70443,1,1
05.08.2021 01:25:08.168,0.7045600000000001,0.70442,1,1
05.08.2021 01:25:10.206,0.70455,0.70444,1,1
05.08.2021 01:25:10.409,0.7045600000000001,0.70444,1,1
05.08.2021 01:25:14.156,0.7045399999999999,0.7044100000000001,1,1
05.08.2021 01:25:14.257,0.7045300000000001,0.7044,1,1.5
05.08.2021 01:25:14.630,0.70452,0.70439,1.5,1
05.08.2021 01:25:17.226,0.7045,0.7044,1,1
05.08.2021 01:25:23.926,0.70449,0.70439,1.25,1
05.08.2021 01:25:23.977,0.70449,0.70435,1.25,1
05.08.2021 01:25:24.079,0.70449,0.70434,2.5,1.87
05.08.2021 01:25:28.047,0.7044800000000001,0.70433,2.87,2.25
05.08.2021 01:25:29.644,0.70447,0.7043200000000001,1.69,1.5
05.08.2021 01:25:29.695,0.70444,0.7043,1,1.5
05.08.2021 01:25:29.897,0.70444,0.7043,1.75,1
05.08.2021 01:25:30.049,0.70444,0.7043,1.25,1
05.08.2021 01:25:30.965,0.70443,0.7043200000000001,1,1
05.08.2021 01:25:31.526,0.70444,0.7043,1.25,1
05.08.2021 01:25:31.678,0.70444,0.7043,1.25,1
05.08.2021 01:25:31.779,0.70444,0.70429,1.75,2.25
05.08.2021 01:25:33.082,0.70444,0.70429,2.06,2.25
05.08.2021 01:25:37.495,0.70444,0.7043,1.31,1
05.08.2021 01:25:46.704,0.70444,0.7043,1.37,1
05.08.2021 01:25:46.990,0.70444,0.7043,1.31,1
05.08.2021 01:25:53.713,0.70445,0.7043100000000001,2.19,1
05.08.2021 01:25:54.835,0.70445,0.7043,4.81,1
05.08.2021 01:25:57.990,0.7044600000000001,0.7043200000000001,1.31,1
05.08.2021 01:25:58.091,0.70447,0.70434,2.19,1
05.08.2021 01:25:58.192,0.70447,0.70434,1.69,1
05.08.2021 01:26:01.131,0.70449,0.70434,2.12,1
05.08.2021 01:26:04.109,0.70449,0.70434,2.06,1.5
05.08.2021 01:26:07.574,0.7044800000000001,0.70434,1.25,1
05.08.2021 01:26:07.675,0.7044800000000001,0.70433,1.25,1.5
05.08.2021 01:26:28.000,0.70449,0.70434,2.06,1
05.08.2021 01:26:34.448,0.70449,0.70433,1.31,1
05.08.2021 01:26:43.583,0.70449,0.70437,1.31,1
05.08.2021 01:26:43.685,0.70452,0.70439,2.94,1.5
05.08.2021 01:26:43.787,0.70452,0.70439,2.06,1.5
05.08.2021 01:26:57.253,0.7045300000000001,0.70439,1,1.5
05.08.2021 01:26:57.406,0.7045399999999999,0.70439,1,2.25
05.08.2021 01:26:58.014,0.7045399999999999,0.7044,1.12,1
05.08.2021 01:27:00.595,0.7045399999999999,0.70444,1.12,1
05.08.2021 01:27:00.697,0.70459,0.70447,1.62,1
05.08.2021 01:27:00.849,0.7046100000000001,0.70447,2.12,1
05.08.2021 01:27:04.468,0.7046100000000001,0.70447,1.31,1
05.08.2021 01:27:05.210,0.70462,0.7044800000000001,2.94,1
05.08.2021 01:27:05.967,0.7046100000000001,0.70449,2.62,1.5
05.08.2021 01:27:07.708,0.7046100000000001,0.7044800000000001,1,1
05.08.2021 01:27:13.542,0.7046100000000001,0.70447,1.25,2.25
05.08.2021 01:27:14.661,0.7046100000000001,0.70449,1.25,1
05.08.2021 01:27:15.068,0.7046100000000001,0.70449,1.5,1
05.08.2021 01:27:15.220,0.7046100000000001,0.70449,1,1
05.08.2021 01:27:25.841,0.7046100000000001,0.7045,1.25,1
05.08.2021 01:27:30.634,0.70462,0.7045100000000001,1.12,1
05.08.2021 01:27:30.886,0.70464,0.7045,1.5,1.5
05.08.2021 01:27:38.145,0.7046300000000001,0.7045,3.56,1.5
05.08.2021 01:27:40.248,0.70464,0.70449,3.62,1.5
05.08.2021 01:27:42.609,0.70464,0.70449,3.56,1.5
05.08.2021 01:27:46.139,0.70462,0.7045,1.25,1.5
05.08.2021 01:27:52.079,0.70462,0.7044800000000001,1,2.25
05.08.2021 01:27:56.235,0.7046100000000001,0.70447,1,2.25
05.08.2021 01:28:01.915,0.7046100000000001,0.70449,1.69,1
05.08.2021 01:28:01.965,0.7045800000000001,0.70447,1.25,1.5
05.08.2021 01:28:02.067,0.7046,0.7044800000000001,1.37,1
05.08.2021 01:28:02.774,0.7046100000000001,0.7044800000000001,1.75,3
