Gmt time,Ask,Bid,AskVolume,BidVolume
11.08.2021 00:00:00.104,0.7006300000000001,0.7005100000000001,1,1
11.08.2021 00:00:00.205,0.70067,0.70055,1,1
11.08.2021 00:00:00.256,0.70067,0.7005600000000001,1.69,1
11.08.2021 00:00:00.576,0.7007,0.7005800000000001,2.06,1
11.08.2021 00:00:00.947,0.7007,0.7005600000000001,1,1
11.08.2021 00:00:01.762,0.7007,0.7005600000000001,1.75,1
11.08.2021 00:00:01.863,0.7007,0.7005600000000001,1.25,1
11.08.2021 00:00:05.003,0.70069,0.70059,1.69,1
11.08.2021 00:00:05.306,0.70071,0.7006100000000001,1,1.25
11.08.2021 00:00:05.407,0.7007300000000001,0.7006,1,1.69
11.08.2021 00:00:05.865,0.7007300000000001,0.7006100000000001,1,1
11.08.2021 00:00:05.966,0.70074,0.7006100000000001,1,1.5
11.08.2021 00:00:07.518,0.70075,0.70062,1,1
11.08.2021 00:00:22.870,0.70075,0.70064,1,1.5
11.08.2021 00:00:22.971,0.70077,0.70064,1.5,1.5
11.08.2021 00:00:23.122,0.70076,0.7006300000000001,1,1
11.08.2021 00:00:23.225,0.70077,0.70064,1,1
11.08.2021 00:00:23.326,0.70076,0.70064,1,1
11.08.2021 00:00:23.427,0.70076,0.7006300000000001,1,1.5
11.08.2021 00:00:23.674,0.7007300000000001,0.7006300000000001,1,1.5
11.08.2021 00:00:23.775,0.7007300000000001,0.7006,1.5,1.97
11.08.2021 00:00:23.826,0.7007300000000001,0.7006,1.5,1.5
11.08.2021 00:00:24.995,0.70074,0.70062,1,1
11.08.2021 00:00:25.046,0.70076,0.7006300000000001,1.87,1
11.08.2021 00:00:27.119,0.70077,0.70064,1,1
11.08.2021 00:00:28.236,0.70075,0.70064,1,1
11.08.2021 00:00:36.195,0.70075,0.70062,1,1
11.08.2021 00:00:38.467,0.70072,0.70059,1,1
11.08.2021 00:00:44.286,0.7007,0.7006100000000001,1,1
11.08.2021 00:00:44.337,0.70071,0.7005800000000001,1.5,1.25
11.08.2021 00:00:44.387,0.7007300000000001,0.7006,1.5,1
11.08.2021 00:00:44.488,0.70072,0.7006,1,1
11.08.2021 00:00:55.235,0.7007300000000001,0.7006,1,1
11.08.2021 00:00:55.337,0.70072,0.7006,1,1
11.08.2021 00:00:59.751,0.70074,0.7006300000000001,1,1.69
11.08.2021 00:01:00.913,0.70074,0.7006100000000001,1,2.44
11.08.2021 00:01:04.445,0.70075,0.70062,1,1
11.08.2021 00:01:07.597,0.70076,0.7006300000000001,1,1
11.08.2021 00:01:08.661,0.70076,0.70064,1,1
11.08.2021 00:01:09.649,0.70077,0.70064,1,1.5
11.08.2021 00:01:09.750,0.70076,0.7006300000000001,1,1.69
11.08.2021 00:01:12.459,0.70076,0.70064,1,1
11.08.2021 00:01:12.510,0.70077,0.7006600000000001,1,1.5
11.08.2021 00:01:12.799,0.7008,0.70067,1.12,1
11.08.2021 00:01:12.950,0.70079,0.70067,1,1
11.08.2021 00:01:14.938,0.70079,0.7006600000000001,1,1.5
11.08.2021 00:01:15.313,0.7007800000000001,0.70064,1,1.12
11.08.2021 00:01:15.414,0.70077,0.70064,1,1.12
11.08.2021 00:01:30.507,0.70076,0.7006300000000001,1,1.5
11.08.2021 00:01:49.118,0.7007300000000001,0.7006,1,1
11.08.2021 00:01:50.513,0.70072,0.7006,1,1
11.08.2021 00:01:51.484,0.7007,0.70057,1.5,1.12
11.08.2021 00:01:51.535,0.70072,0.70059,3.12,1
11.08.2021 00:01:51.636,0.70072,0.70059,1.69,1
11.08.2021 00:01:52.898,0.7007300000000001,0.70059,1.87,1.5
11.08.2021 00:01:53.014,0.7007300000000001,0.7006,1.87,1
11.08.2021 00:01:55.468,0.70071,0.7006100000000001,1,1
11.08.2021 00:01:55.890,0.7006800000000001,0.70055,2.44,1.87
11.08.2021 00:01:55.991,0.7006600000000001,0.70054,1,1.5
11.08.2021 00:01:56.108,0.7006600000000001,0.70054,1,1
11.08.2021 00:01:56.260,0.7006600000000001,0.7005300000000001,1,1
11.08.2021 00:01:57.301,0.7006300000000001,0.70052,1,1
11.08.2021 00:01:57.452,0.7006100000000001,0.70049,1,1
11.08.2021 00:01:57.553,0.70059,0.70047,1,1
11.08.2021 00:01:57.654,0.7006,0.70047,1.25,1
11.08.2021 00:01:59.007,0.70059,0.7004600000000001,1,1
11.08.2021 00:01:59.108,0.7006,0.7004600000000001,2.06,1
11.08.2021 00:02:06.110,0.70057,0.7004600000000001,3.94,1
11.08.2021 00:02:06.161,0.70052,0.70039,1.87,2
11.08.2021 00:02:06.262,0.7005,0.7004,2.44,1
11.08.2021 00:02:06.509,0.7005100000000001,0.70038,3.19,1.5
11.08.2021 00:02:10.139,0.7005300000000001,0.70039,1.75,2.5
11.08.2021 00:02:10.240,0.7005800000000001,0.70049,1.5,1
11.08.2021 00:02:10.341,0.70069,0.7005600000000001,2.25,3.19
11.08.2021 00:02:10.392,0.7006800000000001,0.7005800000000001,4.37,1.75
11.08.2021 00:02:10.493,0.70071,0.7006,1.5,1.25
11.08.2021 00:02:10.595,0.70072,0.7006100000000001,1,1.25
11.08.2021 00:02:10.696,0.70079,0.7006800000000001,1.12,1
11.08.2021 00:02:10.797,0.7008,0.7006800000000001,1,1
11.08.2021 00:02:10.899,0.7008,0.7007,1,1
11.08.2021 00:02:11.708,0.70081,0.7006800000000001,1,1.5
11.08.2021 00:02:13.818,0.7008,0.7006800000000001,1,1.5
11.08.2021 00:02:15.440,0.70081,0.70069,1.5,1
11.08.2021 00:02:15.592,0.70081,0.7007,1.5,1
11.08.2021 00:02:18.421,0.7008,0.7007,1,1
11.08.2021 00:02:41.935,0.70081,0.7007,1,1
11.08.2021 00:02:43.835,0.7008,0.7007,1,1
11.08.2021 00:02:44.037,0.70081,0.7007,1,1
11.08.2021 00:02:51.592,0.70081,0.70069,1,1.25
11.08.2021 00:02:57.646,0.70081,0.70072,1,1
11.08.2021 00:02:57.697,0.70084,0.70074,1,2.25
11.08.2021 00:02:57.748,0.70087,0.70076,1.5,1.62
11.08.2021 00:02:57.798,0.7009000000000001,0.7007800000000001,2.25,1
11.08.2021 00:02:57.950,0.7009000000000001,0.70079,1.5,2.44
11.08.2021 00:03:03.547,0.70091,0.7007800000000001,1,3.25
11.08.2021 00:03:17.773,0.7009000000000001,0.7008,1.75,1
11.08.2021 00:03:21.664,0.70089,0.7007800000000001,1.25,1.5
11.08.2021 00:03:21.766,0.7009000000000001,0.7007800000000001,2.5,1.5
11.08.2021 00:03:22.480,0.7009000000000001,0.7007800000000001,1.25,1.5
11.08.2021 00:03:26.731,0.7009000000000001,0.7007800000000001,1.75,1.5
11.08.2021 00:03:54.630,0.7008800000000001,0.70076,1.25,1.75
11.08.2021 00:04:22.234,0.70089,0.70077,3,1.12
11.08.2021 00:04:22.436,0.70089,0.70077,2.5,1.12
11.08.2021 00:04:54.558,0.70089,0.7007800000000001,1.25,1
11.08.2021 00:04:59.833,0.7008800000000001,0.7007800000000001,1,1
11.08.2021 00:05:00.091,0.70086,0.70074,1.25,1.5
11.08.2021 00:05:00.193,0.7008500000000001,0.7007300000000001,1,1.5
11.08.2021 00:05:12.163,0.7008500000000001,0.70074,1,1
11.08.2021 00:05:12.214,0.70089,0.7007800000000001,1,1
11.08.2021 00:05:12.315,0.7009000000000001,0.7007800000000001,1.12,1.5
11.08.2021 00:05:12.467,0.70091,0.70079,1,1.5
11.08.2021 00:05:17.903,0.7009000000000001,0.70079,1,1
11.08.2021 00:05:19.970,0.7009000000000001,0.7007800000000001,1,2.25
11.08.2021 00:05:24.800,0.70087,0.70075,1,1.5
11.08.2021 00:05:25.052,0.7008500000000001,0.70076,1,1
11.08.2021 00:05:25.256,0.70086,0.70074,1,1.69
11.08.2021 00:05:28.228,0.7008800000000001,0.70077,1,1
11.08.2021 00:05:28.705,0.7008800000000001,0.70076,1,1.5
11.08.2021 00:05:31.580,0.70087,0.70075,1,1
11.08.2021 00:05:31.782,0.70086,0.70074,1,1.5
11.08.2021 00:05:33.265,0.70084,0.70074,1,1.69
11.08.2021 00:05:38.841,0.70084,0.70072,1,1.5
11.08.2021 00:05:39.007,0.70081,0.70069,1,1.12
11.08.2021 00:05:39.108,0.7008,0.7006800000000001,1,2
11.08.2021 00:05:39.209,0.70079,0.70069,1,1
11.08.2021 00:05:45.193,0.70081,0.70069,1,1
11.08.2021 00:05:45.294,0.70084,0.70072,1,1
11.08.2021 00:05:45.445,0.7008500000000001,0.7007300000000001,1,1
11.08.2021 00:06:13.076,0.70084,0.70072,1,1
11.08.2021 00:06:26.052,0.70084,0.70071,1.5,1
11.08.2021 00:06:28.335,0.7008500000000001,0.70072,1,1
11.08.2021 00:06:28.436,0.70086,0.7007300000000001,1,1
11.08.2021 00:06:29.750,0.70084,0.70074,1,1
11.08.2021 00:06:30.170,0.70084,0.70072,1,1
11.08.2021 00:06:30.725,0.70084,0.70071,1,1
11.08.2021 00:06:31.993,0.70081,0.7006800000000001,1,1.5
11.08.2021 00:06:32.094,0.70081,0.7006800000000001,1,1.12
11.08.2021 00:06:33.144,0.70076,0.70065,1.5,1.5
11.08.2021 00:06:33.245,0.70075,0.70065,1,1.5
11.08.2021 00:06:33.296,0.70076,0.70064,1,1
11.08.2021 00:06:33.397,0.70076,0.7006300000000001,1,1.25
11.08.2021 00:06:33.549,0.70075,0.7006300000000001,1,1.25
11.08.2021 00:06:34.325,0.70074,0.70062,1,1
11.08.2021 00:06:35.156,0.7007300000000001,0.70062,1,1
11.08.2021 00:06:36.421,0.70072,0.7006100000000001,1,1.12
11.08.2021 00:06:37.440,0.70069,0.70059,1,1
11.08.2021 00:06:42.201,0.70071,0.7005800000000001,1,1
11.08.2021 00:06:44.813,0.7007,0.7005800000000001,1,1
11.08.2021 00:06:47.721,0.70071,0.7005800000000001,1.5,1
11.08.2021 00:06:47.822,0.70071,0.70059,1,2.25
11.08.2021 00:06:48.034,0.70072,0.70059,1,2.25
11.08.2021 00:06:48.135,0.70072,0.7006,1,1
11.08.2021 00:06:51.086,0.7007300000000001,0.70062,1,1
11.08.2021 00:06:53.521,0.7007300000000001,0.7006100000000001,1,1
11.08.2021 00:06:54.446,0.70074,0.7006100000000001,3.19,1
11.08.2021 00:06:54.548,0.70074,0.70062,2.44,1
11.08.2021 00:07:16.853,0.70074,0.7006300000000001,1,1
11.08.2021 00:07:16.955,0.70077,0.70065,1.5,1
11.08.2021 00:07:17.056,0.7007800000000001,0.7006600000000001,2.44,1
11.08.2021 00:07:17.341,0.70079,0.7006600000000001,3.19,1
11.08.2021 00:07:18.487,0.7008,0.7006800000000001,1,1
11.08.2021 00:07:18.588,0.70081,0.70069,1.12,1
11.08.2021 00:07:19.148,0.70082,0.70069,2.62,1.5
11.08.2021 00:07:21.818,0.70082,0.7007,2.25,1
11.08.2021 00:07:26.933,0.7008,0.7007,1,1.5
11.08.2021 00:07:39.376,0.70081,0.7006800000000001,2.25,1
11.08.2021 00:07:39.537,0.7008,0.7006800000000001,1,1
11.08.2021 00:07:43.200,0.70081,0.7006800000000001,2.25,1.5
11.08.2021 00:07:55.107,0.70081,0.70069,1.5,1
11.08.2021 00:08:46.190,0.7008,0.7006800000000001,1,1.5
11.08.2021 00:09:02.026,0.7008,0.70071,1,1
11.08.2021 00:09:04.549,0.7007800000000001,0.70072,1,1
11.08.2021 00:09:05.036,0.70079,0.7006800000000001,1,1
11.08.2021 00:09:24.192,0.7008,0.7006800000000001,1.25,1.5
11.08.2021 00:09:37.004,0.7007800000000001,0.7006800000000001,1.25,1
11.08.2021 00:09:37.512,0.70076,0.7006600000000001,1,1
11.08.2021 00:09:37.613,0.7007300000000001,0.70065,1,1
11.08.2021 00:09:37.865,0.70072,0.70062,1,3
11.08.2021 00:09:38.027,0.70072,0.7006100000000001,1.25,1
11.08.2021 00:09:38.077,0.7007,0.70059,1,1.87
11.08.2021 00:09:56.278,0.7007,0.7006100000000001,1,1
11.08.2021 00:09:56.380,0.70071,0.7006100000000001,1,1
11.08.2021 00:10:31.392,0.70072,0.7006100000000001,1,1
11.08.2021 00:10:33.815,0.70074,0.7006300000000001,1,1.5
11.08.2021 00:10:34.090,0.70074,0.70062,1,1
11.08.2021 00:10:35.743,0.70075,0.7006600000000001,1,1
11.08.2021 00:10:35.844,0.70079,0.70067,1,2.94
11.08.2021 00:10:36.473,0.7008,0.7006800000000001,1,1.87
11.08.2021 00:11:19.829,0.7007800000000001,0.7006800000000001,1,1.12
11.08.2021 00:11:21.772,0.7007300000000001,0.70065,1,1
11.08.2021 00:11:21.874,0.70075,0.7006,1,3
11.08.2021 00:11:21.975,0.70069,0.7006,1,4.31
11.08.2021 00:11:22.076,0.7007,0.70057,1,1.5
11.08.2021 00:11:22.177,0.70067,0.70057,1,2
11.08.2021 00:11:22.892,0.70067,0.70057,2.5,1.62
11.08.2021 00:11:22.993,0.7006,0.70052,1,1
11.08.2021 00:11:23.094,0.70057,0.70047,1,4.44
11.08.2021 00:11:23.144,0.70057,0.70047,1,1.12
11.08.2021 00:11:27.204,0.70057,0.7004800000000001,1,1
11.08.2021 00:11:32.567,0.70057,0.70047,1,1
11.08.2021 00:11:36.828,0.7005800000000001,0.70047,1,1
11.08.2021 00:11:40.098,0.70059,0.70047,1,1.5
11.08.2021 00:11:40.772,0.7006,0.7004800000000001,1,1.5
11.08.2021 00:11:45.216,0.7006100000000001,0.70049,1,1.87
11.08.2021 00:11:47.821,0.70059,0.7004800000000001,1,1
11.08.2021 00:12:07.483,0.7006,0.7004800000000001,1.5,1.5
11.08.2021 00:12:08.146,0.7005800000000001,0.7004800000000001,1,1.87
11.08.2021 00:12:21.614,0.70059,0.7004800000000001,1,1
11.08.2021 00:12:27.172,0.7006,0.7004800000000001,1,1
11.08.2021 00:13:05.266,0.7006,0.7005,1,1
11.08.2021 00:13:38.123,0.7005600000000001,0.70047,1,9.07
11.08.2021 00:13:39.749,0.70055,0.7004600000000001,1.25,1.62
11.08.2021 00:13:39.850,0.70059,0.7004600000000001,2.5,1.62
11.08.2021 00:13:39.901,0.7005600000000001,0.70044,1.25,1.62
11.08.2021 00:13:40.764,0.70055,0.70045,1.5,1
11.08.2021 00:13:41.120,0.7005100000000001,0.70043,1,1
11.08.2021 00:13:43.850,0.70054,0.70049,1,1
11.08.2021 00:13:43.951,0.7005600000000001,0.7004800000000001,1,1
11.08.2021 00:13:44.053,0.7005600000000001,0.7005100000000001,1,1
11.08.2021 00:13:45.596,0.7005800000000001,0.7005,1,1
11.08.2021 00:13:58.334,0.70059,0.7005,1,1
11.08.2021 00:14:00.267,0.70059,0.70049,1,1.87
11.08.2021 00:14:00.966,0.70059,0.7005,1,1
11.08.2021 00:14:01.068,0.7006,0.7005,1,1
11.08.2021 00:14:15.321,0.7006600000000001,0.7005800000000001,1,1.12
11.08.2021 00:14:15.422,0.70067,0.70059,1.12,1.12
11.08.2021 00:14:21.210,0.70069,0.70059,1,1
11.08.2021 00:14:25.806,0.70069,0.70057,1.5,2.56
11.08.2021 00:14:32.656,0.70069,0.7005800000000001,1.5,1
11.08.2021 00:14:32.858,0.70069,0.70057,1.5,3.31
11.08.2021 00:14:35.311,0.7006600000000001,0.70057,1.5,1.5
11.08.2021 00:14:35.413,0.70059,0.70054,1,1
11.08.2021 00:14:35.464,0.7006,0.7005,1,1.25
11.08.2021 00:14:35.974,0.70057,0.7004800000000001,1,1
11.08.2021 00:14:36.076,0.70054,0.70049,1,1
11.08.2021 00:14:36.126,0.70054,0.70044,1,1
11.08.2021 00:14:36.227,0.7005300000000001,0.70044,1,1
11.08.2021 00:14:36.479,0.7005100000000001,0.70042,1,1
11.08.2021 00:14:36.581,0.7005,0.70042,1,1
11.08.2021 00:14:36.682,0.70049,0.70038,1,1.87
11.08.2021 00:14:37.882,0.70047,0.70038,1,1.87
11.08.2021 00:14:38.822,0.70049,0.7004,1,1.5
11.08.2021 00:14:38.924,0.7005600000000001,0.70045,2,3
11.08.2021 00:14:39.025,0.70057,0.70045,1.5,3
11.08.2021 00:14:40.842,0.7005600000000001,0.70045,1.5,1
11.08.2021 00:14:40.951,0.70055,0.70045,1.5,1.87
11.08.2021 00:14:41.052,0.7005600000000001,0.70045,1.5,1
11.08.2021 00:14:41.698,0.7005800000000001,0.70047,1,1.12
11.08.2021 00:14:49.326,0.7005600000000001,0.7004600000000001,1,1.87
11.08.2021 00:14:49.427,0.70052,0.70042,1,1.25
11.08.2021 00:14:49.528,0.70052,0.7004100000000001,1,1.62
11.08.2021 00:14:49.730,0.70052,0.7004,1,1.12
11.08.2021 00:14:54.206,0.7005100000000001,0.70039,1,1.87
11.08.2021 00:15:00.533,0.7005100000000001,0.70039,1,2.37
11.08.2021 00:15:00.584,0.70049,0.70038,1,1
11.08.2021 00:15:00.686,0.70049,0.70037,1,1.87
11.08.2021 00:15:04.379,0.70049,0.70038,1.5,1
11.08.2021 00:15:06.480,0.7004800000000001,0.7004,1,1
11.08.2021 00:15:06.581,0.7005100000000001,0.70039,1,1
11.08.2021 00:15:08.454,0.7004600000000001,0.7004,1,1.87
11.08.2021 00:15:11.093,0.7004600000000001,0.70039,1,1
11.08.2021 00:15:13.622,0.7004600000000001,0.70038,1,1
11.08.2021 00:15:14.904,0.7004600000000001,0.70037,1,1.31
11.08.2021 00:15:16.593,0.7005100000000001,0.7004100000000001,1,1
11.08.2021 00:15:18.205,0.7004600000000001,0.70037,1,1.31
11.08.2021 00:15:21.737,0.70052,0.70037,1,2.94
11.08.2021 00:15:26.982,0.7004600000000001,0.70037,1,3.25
11.08.2021 00:15:28.395,0.70047,0.70037,1,3.75
11.08.2021 00:15:33.422,0.70045,0.70037,1,1
11.08.2021 00:15:33.523,0.7004600000000001,0.7003600000000001,1,1
11.08.2021 00:15:33.624,0.7004600000000001,0.70035,1,1
11.08.2021 00:15:33.675,0.7004100000000001,0.7003100000000001,1,1.5
11.08.2021 00:15:33.726,0.70044,0.7003,1,1.81
11.08.2021 00:15:33.776,0.70037,0.7003,1,2.25
11.08.2021 00:15:34.029,0.70038,0.70028,1,2.5
11.08.2021 00:15:34.423,0.70038,0.7002700000000001,1,2.62
11.08.2021 00:15:34.720,0.70038,0.7002700000000001,1,2.62
11.08.2021 00:15:36.596,0.70038,0.7002700000000001,1,2.62
11.08.2021 00:15:37.618,0.70038,0.7002700000000001,1,2.62
11.08.2021 00:15:40.020,0.70038,0.7002700000000001,1,2.62
11.08.2021 00:15:42.293,0.70037,0.7003,1,1.31
11.08.2021 00:15:42.605,0.70039,0.70028,1,1.5
11.08.2021 00:15:43.113,0.70038,0.70028,1,1.5
11.08.2021 00:15:47.520,0.70037,0.7002700000000001,1,1
11.08.2021 00:15:56.244,0.7004100000000001,0.7003100000000001,1,1
11.08.2021 00:15:56.601,0.70038,0.7003100000000001,1,1
11.08.2021 00:15:56.755,0.70043,0.70034,1,1.25
11.08.2021 00:15:56.857,0.70044,0.70034,1,1.75
11.08.2021 00:15:57.008,0.70044,0.70035,1,1
11.08.2021 00:16:01.595,0.70045,0.70035,1,1.87
11.08.2021 00:16:07.726,0.70045,0.70035,1,1.5
11.08.2021 00:16:13.079,0.70042,0.70032,1,2.25
11.08.2021 00:16:13.180,0.70039,0.7003100000000001,1,1.12
11.08.2021 00:16:13.282,0.70039,0.70029,1,1.37
11.08.2021 00:16:13.600,0.7004100000000001,0.7003100000000001,1,1
11.08.2021 00:16:13.702,0.7004100000000001,0.7003,1,1
11.08.2021 00:16:13.803,0.7004,0.7003,1,1
11.08.2021 00:16:18.140,0.70038,0.7002700000000001,1,1.62
11.08.2021 00:16:18.908,0.70037,0.7002700000000001,1,1.62
11.08.2021 00:16:20.625,0.70037,0.7002700000000001,1,1.12
11.08.2021 00:16:20.727,0.70038,0.7002700000000001,1,1.12
11.08.2021 00:16:36.848,0.70037,0.7002700000000001,1,1.5
11.08.2021 00:16:37.115,0.70038,0.7002700000000001,1,1
11.08.2021 00:16:43.423,0.70038,0.70028,1,1.5
11.08.2021 00:16:43.524,0.70043,0.7003100000000001,1.5,1
11.08.2021 00:16:44.075,0.70043,0.70033,1.5,1.5
11.08.2021 00:16:44.177,0.7004600000000001,0.7003600000000001,1,3
11.08.2021 00:16:44.278,0.70043,0.7003100000000001,1.5,1.5
11.08.2021 00:16:44.328,0.70043,0.7003100000000001,1.5,1
11.08.2021 00:16:44.429,0.7004,0.7003100000000001,1,1.12
11.08.2021 00:16:55.372,0.70042,0.7003,1,1.87
11.08.2021 00:16:55.532,0.7004,0.70028,1.5,1.87
11.08.2021 00:17:03.945,0.7004100000000001,0.70029,1,1
11.08.2021 00:17:04.966,0.7004,0.70028,1,1.87
11.08.2021 00:17:07.412,0.7004,0.7003,1.5,1
11.08.2021 00:17:08.136,0.7004600000000001,0.70033,2.25,1.12
11.08.2021 00:17:08.187,0.7004600000000001,0.70034,1,1.75
11.08.2021 00:17:08.288,0.7004800000000001,0.7003600000000001,1.5,1.75
11.08.2021 00:17:11.923,0.7004800000000001,0.7003600000000001,2.44,1
11.08.2021 00:17:12.024,0.7004600000000001,0.70037,1,1
11.08.2021 00:17:12.125,0.70047,0.70037,1,1.12
11.08.2021 00:17:26.930,0.70043,0.7003600000000001,1,1
11.08.2021 00:17:26.980,0.7004,0.7003100000000001,1,1.75
11.08.2021 00:17:27.031,0.70042,0.70029,1,2.25
11.08.2021 00:17:27.132,0.7004100000000001,0.70029,1,2.06
11.08.2021 00:17:28.420,0.70043,0.7003100000000001,1.5,1
11.08.2021 00:17:33.877,0.70043,0.70032,1,1
11.08.2021 00:17:35.027,0.70043,0.70034,1.25,1
11.08.2021 00:17:41.802,0.7004100000000001,0.70032,1,1.5
11.08.2021 00:17:41.853,0.70044,0.7003100000000001,1.69,1.5
11.08.2021 00:17:42.685,0.70044,0.70032,1.69,1
11.08.2021 00:17:42.794,0.70044,0.70033,1.25,1
11.08.2021 00:18:23.465,0.70045,0.70033,1.69,1
11.08.2021 00:18:43.691,0.70045,0.70032,3.19,1
11.08.2021 00:18:45.187,0.70045,0.70033,3.19,1
11.08.2021 00:19:01.092,0.70045,0.70032,3.19,1
11.08.2021 00:19:05.708,0.70044,0.7003100000000001,1,1
11.08.2021 00:19:07.125,0.70043,0.7003100000000001,1,1
11.08.2021 00:19:07.226,0.70043,0.7003,1.5,1.5
11.08.2021 00:20:31.711,0.70043,0.7003100000000001,1,1
11.08.2021 00:20:32.803,0.70045,0.70032,2.25,1
11.08.2021 00:20:35.096,0.70045,0.70033,1,1
11.08.2021 00:20:39.762,0.70044,0.70032,1,1
11.08.2021 00:20:45.193,0.70043,0.70032,1,1.5
11.08.2021 00:21:11.593,0.70044,0.70032,1,1
11.08.2021 00:21:12.496,0.70047,0.7003600000000001,1,1.75
11.08.2021 00:21:12.547,0.70049,0.7003600000000001,1,1.75
11.08.2021 00:22:08.032,0.7004800000000001,0.70039,1,1
11.08.2021 00:22:28.979,0.70052,0.70044,1,1.5
11.08.2021 00:22:29.080,0.70052,0.70042,1,1.5
11.08.2021 00:22:29.181,0.7005300000000001,0.70042,1,1
11.08.2021 00:22:33.199,0.7005300000000001,0.7004100000000001,1,1.5
11.08.2021 00:23:19.441,0.70054,0.7004100000000001,1.5,1.5
11.08.2021 00:23:19.542,0.7005300000000001,0.7004100000000001,1,1.5
11.08.2021 00:23:19.643,0.70055,0.7004100000000001,3,1
11.08.2021 00:23:19.693,0.7005300000000001,0.7004,1,1.69
11.08.2021 00:23:19.946,0.70054,0.70042,1,1
11.08.2021 00:23:24.431,0.70055,0.7004100000000001,2.25,1.5
11.08.2021 00:23:28.268,0.70055,0.70042,2.25,1
11.08.2021 00:23:28.751,0.70055,0.7004100000000001,2.25,1.5
11.08.2021 00:23:35.169,0.70054,0.7004100000000001,1,1
11.08.2021 00:23:36.971,0.70049,0.70039,1,2
11.08.2021 00:23:37.133,0.7005,0.70038,1.5,1.12
11.08.2021 00:23:43.016,0.7005,0.70037,2.25,1
11.08.2021 00:23:44.389,0.70047,0.70038,1,1
11.08.2021 00:23:46.249,0.70047,0.70035,1,1.62
11.08.2021 00:23:46.350,0.7004600000000001,0.7003600000000001,1,1.5
11.08.2021 00:23:47.639,0.7004600000000001,0.7003600000000001,1,1.62
11.08.2021 00:23:48.706,0.7004800000000001,0.70035,1,2.62
11.08.2021 00:24:02.019,0.70043,0.70034,1,1.87
11.08.2021 00:24:02.120,0.70042,0.7003100000000001,1,2.94
11.08.2021 00:24:02.222,0.70042,0.7003,1,2.12
11.08.2021 00:24:02.636,0.7004100000000001,0.7003100000000001,1.5,1.31
11.08.2021 00:24:03.088,0.7004,0.70029,1,1
11.08.2021 00:24:03.192,0.70039,0.70028,1,2.06
11.08.2021 00:24:04.606,0.70039,0.70029,1,2.81
11.08.2021 00:24:07.691,0.7004100000000001,0.70028,1,2.94
11.08.2021 00:24:12.192,0.70042,0.70029,1.5,1.12
11.08.2021 00:24:31.149,0.70042,0.7003100000000001,2.25,1
11.08.2021 00:24:36.331,0.7004,0.70028,1,1.5
11.08.2021 00:24:45.822,0.7004,0.7002700000000001,1.5,1.5
11.08.2021 00:25:12.400,0.7004,0.70028,1,1
11.08.2021 00:25:14.655,0.70039,0.70028,1,1.5
11.08.2021 00:25:29.630,0.7004,0.70028,1,2.44
11.08.2021 00:25:29.732,0.7004100000000001,0.70029,1,1.12
11.08.2021 00:25:35.134,0.70039,0.70028,1,2
11.08.2021 00:25:35.559,0.70039,0.70028,1,1
11.08.2021 00:25:39.904,0.70039,0.7003,1,1
11.08.2021 00:25:49.894,0.70038,0.7003,1,1
11.08.2021 00:25:49.995,0.70039,0.7003,1,1
11.08.2021 00:25:54.549,0.7004,0.7003,1,1
11.08.2021 00:25:58.099,0.70039,0.70029,1,1
11.08.2021 00:26:13.953,0.7004,0.7003,1,1
11.08.2021 00:26:14.054,0.7004100000000001,0.7003,1.5,1
11.08.2021 00:26:35.071,0.7004,0.7003,1.5,1
11.08.2021 00:26:49.138,0.7004,0.70029,1.5,1
11.08.2021 00:27:10.863,0.7004100000000001,0.7003100000000001,1.5,1
11.08.2021 00:27:11.257,0.7004,0.7003,1,1
11.08.2021 00:27:12.152,0.7004100000000001,0.7003,1.5,1
11.08.2021 00:27:21.193,0.70039,0.7003100000000001,1,1
11.08.2021 00:27:22.446,0.7004,0.70032,1.5,1
11.08.2021 00:27:25.708,0.7004,0.7003100000000001,1.5,1
11.08.2021 00:27:27.166,0.7004,0.7003,1,1
11.08.2021 00:27:56.972,0.7004,0.7003100000000001,1.5,1
11.08.2021 00:28:02.706,0.7004100000000001,0.7003100000000001,1,1
11.08.2021 00:28:27.113,0.70042,0.70034,1,1
11.08.2021 00:28:27.214,0.70042,0.70032,1,1
11.08.2021 00:28:43.042,0.70043,0.70032,1,1
11.08.2021 00:29:13.132,0.70042,0.70032,1,1
11.08.2021 00:29:30.073,0.7004100000000001,0.7003100000000001,1,1
11.08.2021 00:29:43.991,0.7004100000000001,0.7003,1,1.5
11.08.2021 00:29:50.110,0.7004,0.70032,1,1
11.08.2021 00:29:50.262,0.7004100000000001,0.7003,1,1.5
11.08.2021 00:30:00.217,0.70042,0.7003100000000001,1,1.5
11.08.2021 00:30:00.319,0.7004600000000001,0.70037,1,1.5
11.08.2021 00:30:00.420,0.7004800000000001,0.7004,1,1.5
11.08.2021 00:30:00.471,0.7005,0.70039,1,1.5
11.08.2021 00:30:00.572,0.7005,0.70042,1,1
11.08.2021 00:30:03.071,0.7005,0.7004100000000001,1,1.5
11.08.2021 00:30:03.172,0.7005,0.70039,1,1.5
11.08.2021 00:30:04.204,0.7005,0.7004,1,1
11.08.2021 00:30:05.134,0.7005,0.70039,1,1.5
11.08.2021 00:30:05.904,0.7005,0.7004,1,1
11.08.2021 00:30:10.235,0.7005,0.70039,1,1.5
11.08.2021 00:30:10.337,0.7005100000000001,0.7004,1,1
11.08.2021 00:30:31.718,0.7005100000000001,0.70043,1,1
11.08.2021 00:30:33.492,0.7005300000000001,0.70042,1,2.25
11.08.2021 00:30:39.098,0.70054,0.70045,1,1
11.08.2021 00:31:32.947,0.7005300000000001,0.70044,1,2.25
11.08.2021 00:31:45.217,0.70054,0.70042,1,1
11.08.2021 00:33:07.814,0.7005300000000001,0.70042,1,1
11.08.2021 00:33:58.774,0.70052,0.70042,1,1
11.08.2021 00:34:01.282,0.70049,0.70038,1,1
11.08.2021 00:34:01.383,0.70049,0.70039,1.5,1
11.08.2021 00:34:04.389,0.70042,0.70033,1.69,1
11.08.2021 00:34:04.491,0.7004,0.70028,1.5,1.12
11.08.2021 00:34:06.261,0.70039,0.70028,1.12,1
11.08.2021 00:34:19.307,0.70038,0.70028,1.25,1
11.08.2021 00:34:19.408,0.7003,0.7002100000000001,1,1.12
11.08.2021 00:34:19.459,0.70032,0.7002100000000001,1.5,1.12
11.08.2021 00:34:19.936,0.7003,0.7002200000000001,1,1
11.08.2021 00:34:20.340,0.70032,0.7002100000000001,2.06,1
11.08.2021 00:34:22.773,0.70034,0.70023,2.94,1
11.08.2021 00:34:22.823,0.70033,0.7002100000000001,1.31,1
11.08.2021 00:34:22.978,0.7003100000000001,0.7002100000000001,1,1
11.08.2021 00:34:23.225,0.70032,0.7002,1,1.5
11.08.2021 00:34:26.218,0.7003100000000001,0.7002100000000001,1,1.12
11.08.2021 00:34:27.177,0.70032,0.7002,1,1.5
11.08.2021 00:34:28.263,0.70032,0.7002,1,1.12
11.08.2021 00:34:30.480,0.70032,0.7002,1,1.5
11.08.2021 00:34:43.391,0.70032,0.7002200000000001,1.12,1.5
11.08.2021 00:34:44.256,0.70032,0.70025,1.12,1
11.08.2021 00:34:44.307,0.70038,0.7002600000000001,1.87,1
11.08.2021 00:34:44.358,0.70039,0.70028,1.75,1.12
11.08.2021 00:34:44.509,0.70039,0.70029,3.62,1.12
11.08.2021 00:34:44.611,0.7004,0.70029,1.37,1
11.08.2021 00:34:44.865,0.7004100000000001,0.70029,2.87,1
11.08.2021 00:34:53.727,0.70037,0.70028,1.25,1
11.08.2021 00:34:55.152,0.70035,0.70025,1,1
11.08.2021 00:34:55.254,0.70029,0.7002200000000001,1,1
11.08.2021 00:34:55.355,0.7003,0.70019,1,1.5
11.08.2021 00:34:57.178,0.7003,0.7002100000000001,1.69,1.12
11.08.2021 00:35:02.652,0.7003,0.7002,1.25,1
11.08.2021 00:35:05.758,0.7003,0.70019,1.25,1
11.08.2021 00:35:18.193,0.7003,0.7002,1.75,1
11.08.2021 00:35:35.619,0.70023,0.7001600000000001,1,1
11.08.2021 00:35:35.720,0.70024,0.70014,1.69,1
11.08.2021 00:35:35.821,0.70024,0.70013,2.06,1
11.08.2021 00:35:35.922,0.70023,0.70012,1.69,1
11.08.2021 00:35:37.094,0.70025,0.70015,1.12,1
11.08.2021 00:35:37.195,0.70024,0.70014,1,1
11.08.2021 00:35:37.296,0.70024,0.70013,1,1
11.08.2021 00:35:37.648,0.70023,0.70013,1,1
11.08.2021 00:35:42.115,0.70028,0.7002,2.5,1
11.08.2021 00:35:42.216,0.7003100000000001,0.7002,2.62,1
11.08.2021 00:35:42.317,0.7003100000000001,0.7002,3.75,1
11.08.2021 00:35:46.512,0.7003100000000001,0.7002100000000001,2.94,1
11.08.2021 00:35:48.475,0.7003100000000001,0.7002100000000001,2.06,1
11.08.2021 00:35:54.597,0.70028,0.70018,2.06,1.5
11.08.2021 00:35:54.698,0.7002600000000001,0.70018,1.5,1.5
11.08.2021 00:35:54.799,0.7002700000000001,0.7001700000000001,1.5,1
11.08.2021 00:35:55.106,0.70024,0.70014,1.25,1
11.08.2021 00:35:55.207,0.70023,0.70013,1,1
11.08.2021 00:35:55.308,0.70023,0.70012,1,1.12
11.08.2021 00:35:55.530,0.7002100000000001,0.7001100000000001,1,1.5
11.08.2021 00:35:55.889,0.7002100000000001,0.7001100000000001,1,1.12
11.08.2021 00:36:05.926,0.7002100000000001,0.7001000000000001,1.25,1
11.08.2021 00:36:18.491,0.7002,0.7001000000000001,1,1
11.08.2021 00:36:44.304,0.7002200000000001,0.7001600000000001,1.12,1
11.08.2021 00:36:44.506,0.70028,0.70018,2.06,1
11.08.2021 00:36:46.157,0.70029,0.70019,1,1
11.08.2021 00:36:58.991,0.70029,0.7002100000000001,1.87,1
11.08.2021 00:38:13.710,0.70029,0.7002,2.06,1
11.08.2021 00:38:13.812,0.70029,0.70018,1.25,1
11.08.2021 00:38:16.384,0.7002700000000001,0.70018,1.25,1
11.08.2021 00:38:19.237,0.70028,0.70018,1,1
11.08.2021 00:38:19.363,0.70029,0.70019,1,1
11.08.2021 00:38:44.868,0.70028,0.70018,1,1
11.08.2021 00:38:44.969,0.70028,0.7001700000000001,1.25,1
11.08.2021 00:38:46.423,0.7002600000000001,0.7001600000000001,1.12,1
11.08.2021 00:38:46.474,0.70025,0.70014,1,1
11.08.2021 00:38:53.215,0.70025,0.70015,1,1
11.08.2021 00:38:53.316,0.7002700000000001,0.7001600000000001,1.5,1
11.08.2021 00:38:55.476,0.7002600000000001,0.7001700000000001,1.12,1
11.08.2021 00:38:57.450,0.7002600000000001,0.7001600000000001,1,1
11.08.2021 00:39:31.142,0.7002600000000001,0.70015,1,1
11.08.2021 00:39:47.417,0.7002200000000001,0.70012,1,1
11.08.2021 00:39:57.198,0.70024,0.70014,1.12,1
11.08.2021 00:40:02.081,0.7002700000000001,0.7001700000000001,1,1
11.08.2021 00:40:02.187,0.70028,0.70018,1.12,1
11.08.2021 00:40:08.128,0.7002700000000001,0.7001700000000001,1,1
11.08.2021 00:40:08.229,0.7002600000000001,0.7001600000000001,1,1
11.08.2021 00:40:13.475,0.7002700000000001,0.7001700000000001,2.06,1
11.08.2021 00:40:15.622,0.70028,0.70018,1.12,1
11.08.2021 00:40:15.724,0.70029,0.70019,1.75,1
11.08.2021 00:40:36.976,0.70029,0.70019,1.31,1
11.08.2021 00:40:53.039,0.7002700000000001,0.70019,1,1
11.08.2021 00:40:57.242,0.70028,0.7001700000000001,1,1
11.08.2021 00:40:57.344,0.7002700000000001,0.7001600000000001,1,1
11.08.2021 00:41:00.076,0.7002600000000001,0.7001600000000001,2.25,1
11.08.2021 00:41:00.177,0.70023,0.70012,1.5,1
11.08.2021 00:41:00.379,0.70023,0.70013,1.5,1
11.08.2021 00:41:00.481,0.70023,0.70012,1.5,1
11.08.2021 00:41:16.091,0.7002200000000001,0.70014,1.87,1
11.08.2021 00:41:22.142,0.7002200000000001,0.70013,1.87,1
11.08.2021 00:41:23.023,0.70023,0.70013,1.12,1
11.08.2021 00:41:23.074,0.70025,0.70015,1.12,1
11.08.2021 00:41:23.976,0.7002600000000001,0.70015,1.31,1
11.08.2021 00:41:26.695,0.7002700000000001,0.7001700000000001,1.5,1
11.08.2021 00:41:26.797,0.7002700000000001,0.70019,1,1
11.08.2021 00:41:34.225,0.70029,0.70019,1.12,1
11.08.2021 00:41:34.823,0.70028,0.70018,1,1
11.08.2021 00:41:38.946,0.7002700000000001,0.7001700000000001,1,1
11.08.2021 00:41:39.311,0.70028,0.70018,1,1
11.08.2021 00:42:18.869,0.7003,0.7002,1,1
11.08.2021 00:42:18.971,0.70034,0.70023,2,1
11.08.2021 00:42:19.072,0.70035,0.70024,1.12,1
11.08.2021 00:42:19.173,0.70034,0.70024,1,1
11.08.2021 00:42:37.757,0.70034,0.70023,1,1
11.08.2021 00:42:38.125,0.70032,0.70023,1,1
11.08.2021 00:42:38.353,0.70034,0.70024,1,1
11.08.2021 00:42:43.659,0.70033,0.70024,1,1
11.08.2021 00:42:43.760,0.70032,0.7002100000000001,1.25,1
11.08.2021 00:42:44.012,0.7003100000000001,0.7002100000000001,1,1
11.08.2021 00:42:45.451,0.70032,0.7002200000000001,1.12,1
11.08.2021 00:42:45.553,0.70032,0.70024,1,1
11.08.2021 00:42:45.603,0.70032,0.7002100000000001,1.5,1
11.08.2021 00:42:48.446,0.70033,0.7002200000000001,1,1
11.08.2021 00:42:49.212,0.70033,0.70024,1.12,1
11.08.2021 00:42:55.966,0.70034,0.70024,1,1
11.08.2021 00:42:56.158,0.70039,0.70028,2,1
11.08.2021 00:42:56.360,0.70038,0.70029,1,1
11.08.2021 00:42:56.613,0.70039,0.70029,1,1
11.08.2021 00:43:26.020,0.7004,0.7003,1.12,1
11.08.2021 00:43:26.122,0.70042,0.7003100000000001,1.5,1
11.08.2021 00:43:26.223,0.70043,0.70032,1.5,1
11.08.2021 00:43:26.274,0.70043,0.70032,1,1
11.08.2021 00:43:27.492,0.70043,0.70034,1,2.25
11.08.2021 00:43:27.543,0.7004600000000001,0.7003600000000001,1.87,1
11.08.2021 00:43:27.594,0.70044,0.70035,1,1
11.08.2021 00:43:30.257,0.70042,0.7003100000000001,1,1
11.08.2021 00:43:30.358,0.7004100000000001,0.7003100000000001,1,1
11.08.2021 00:43:30.459,0.7004100000000001,0.7003,1.31,1
11.08.2021 00:43:47.191,0.70042,0.7003100000000001,1.5,1
11.08.2021 00:43:47.292,0.70043,0.70032,1.12,1
11.08.2021 00:43:49.889,0.7004,0.7003100000000001,1.69,1
11.08.2021 00:43:49.997,0.70039,0.70028,1.12,1
11.08.2021 00:43:51.162,0.70038,0.7002700000000001,1,1
11.08.2021 00:43:51.264,0.70037,0.7002700000000001,1,1
11.08.2021 00:44:03.413,0.70038,0.7002700000000001,1.12,1
11.08.2021 00:44:13.655,0.70035,0.70028,1,1
11.08.2021 00:44:13.706,0.70035,0.70024,1.5,1.12
11.08.2021 00:44:13.756,0.7003,0.70023,1,1.5
11.08.2021 00:44:13.807,0.7003100000000001,0.7002200000000001,1,1
11.08.2021 00:44:13.908,0.7003100000000001,0.7002,1,1
11.08.2021 00:44:14.864,0.7003,0.7002,1,1
11.08.2021 00:44:18.246,0.7003,0.70019,1.25,1
11.08.2021 00:44:27.386,0.70028,0.70019,1,1
11.08.2021 00:44:34.908,0.7002700000000001,0.70018,1,1
11.08.2021 00:44:35.160,0.70029,0.70018,1.5,1
11.08.2021 00:44:35.262,0.7003,0.70019,1.87,1
11.08.2021 00:44:36.150,0.70029,0.7002100000000001,1.12,1
11.08.2021 00:44:36.251,0.7003,0.7002100000000001,1,1
11.08.2021 00:44:36.504,0.70033,0.7002200000000001,1,1
11.08.2021 00:44:38.891,0.70034,0.70023,1,1
11.08.2021 00:44:40.721,0.70035,0.70024,2.62,1
11.08.2021 00:44:41.226,0.7003600000000001,0.70025,2.75,1
11.08.2021 00:44:41.328,0.7003600000000001,0.70025,2.62,1
11.08.2021 00:44:48.909,0.70034,0.70025,1,1
11.08.2021 00:44:52.298,0.70033,0.7002200000000001,1,1
11.08.2021 00:44:53.389,0.7003100000000001,0.7002200000000001,1,1
11.08.2021 00:45:00.598,0.70038,0.7002700000000001,1,1.12
11.08.2021 00:45:00.699,0.70039,0.70028,1.12,1
11.08.2021 00:45:25.542,0.7004,0.70029,1,1
11.08.2021 00:45:28.798,0.7004,0.7003100000000001,1,1
11.08.2021 00:45:32.611,0.7004,0.70029,1,1.5
11.08.2021 00:45:34.596,0.70039,0.70028,1,1
11.08.2021 00:45:46.626,0.70037,0.70028,1,1
11.08.2021 00:45:58.178,0.70037,0.7002600000000001,1,1
11.08.2021 00:46:04.301,0.7003600000000001,0.7002600000000001,1,1
11.08.2021 00:46:04.846,0.70035,0.70025,1,1.87
11.08.2021 00:46:04.897,0.7003,0.7002100000000001,1,2.47
11.08.2021 00:46:04.998,0.70029,0.70019,1,1.5
11.08.2021 00:46:05.099,0.70029,0.70018,1,1.5
11.08.2021 00:46:05.843,0.7002700000000001,0.70018,1,1.5
11.08.2021 00:46:05.974,0.7002700000000001,0.7001600000000001,1,1
11.08.2021 00:46:06.075,0.7002600000000001,0.70015,1,1.5
11.08.2021 00:46:07.842,0.70025,0.70015,1,1.12
11.08.2021 00:46:08.524,0.70025,0.70015,1,1.5
11.08.2021 00:46:08.575,0.70025,0.70015,1,1.12
11.08.2021 00:46:08.626,0.7002700000000001,0.7001600000000001,1,1.75
11.08.2021 00:46:29.104,0.70028,0.7001700000000001,1,1.12
11.08.2021 00:46:37.040,0.70028,0.70018,1,1
11.08.2021 00:46:45.435,0.7002700000000001,0.7001600000000001,1,1.5
11.08.2021 00:46:45.536,0.7002700000000001,0.7001600000000001,1,1
11.08.2021 00:46:52.365,0.7002700000000001,0.7001700000000001,1,1.12
11.08.2021 00:46:52.466,0.70028,0.70018,1,1
11.08.2021 00:47:15.920,0.7002700000000001,0.7001700000000001,1,1.12
11.08.2021 00:47:16.073,0.7002700000000001,0.70019,1,1
11.08.2021 00:47:16.175,0.70029,0.70018,1,1
11.08.2021 00:47:21.192,0.70029,0.70019,1,1
11.08.2021 00:47:32.315,0.70029,0.70018,1,1
11.08.2021 00:47:32.416,0.7002600000000001,0.70018,1,1.12
11.08.2021 00:47:32.518,0.7002600000000001,0.7001600000000001,1,1
11.08.2021 00:47:32.619,0.70023,0.70013,1,2
11.08.2021 00:47:32.720,0.70023,0.70012,1,1.5
11.08.2021 00:47:39.457,0.7002100000000001,0.70013,1,1.5
11.08.2021 00:47:47.874,0.7002100000000001,0.7001000000000001,1,1
11.08.2021 00:47:47.999,0.7002,0.7001000000000001,1,1
11.08.2021 00:47:48.201,0.7002100000000001,0.7001000000000001,1,1
11.08.2021 00:47:48.302,0.7002200000000001,0.7001100000000001,1,1
11.08.2021 00:47:49.756,0.70023,0.70012,1,1
11.08.2021 00:47:55.783,0.70019,0.7001000000000001,1,1
11.08.2021 00:47:57.508,0.70018,0.7001000000000001,1,1
11.08.2021 00:47:59.545,0.70018,0.70009,1,1
11.08.2021 00:48:05.482,0.7001700000000001,0.70008,1,1.12
11.08.2021 00:48:14.245,0.70014,0.7000500000000001,1,1
11.08.2021 00:48:14.346,0.70015,0.70004,1,1
11.08.2021 00:48:14.448,0.70013,0.70002,1,1
11.08.2021 00:48:22.476,0.70014,0.70003,1,1
11.08.2021 00:48:30.115,0.70013,0.7000500000000001,1,1
11.08.2021 00:48:40.471,0.70015,0.70004,1.12,1
11.08.2021 00:48:40.574,0.7001700000000001,0.70006,1.12,1
11.08.2021 00:48:40.675,0.7001700000000001,0.70007,1,1
11.08.2021 00:48:40.777,0.70018,0.70007,1,1
11.08.2021 00:48:47.611,0.70019,0.70008,1,1
11.08.2021 00:48:49.642,0.7002,0.70009,1,1
11.08.2021 00:48:50.526,0.7002200000000001,0.7001100000000001,1.12,1
11.08.2021 00:48:50.627,0.7002200000000001,0.70012,1.12,1
11.08.2021 00:48:50.888,0.70023,0.70012,1,1
11.08.2021 00:48:56.691,0.70025,0.70014,2.81,1
11.08.2021 00:49:10.313,0.70025,0.70015,1.12,1
11.08.2021 00:49:11.984,0.7002600000000001,0.70015,2.62,1
11.08.2021 00:49:32.501,0.7002700000000001,0.7001600000000001,1.12,1
11.08.2021 00:49:32.653,0.7002700000000001,0.70015,1.87,1
11.08.2021 00:49:32.911,0.70025,0.7001600000000001,1,1
11.08.2021 00:49:40.279,0.70025,0.70014,1,1
11.08.2021 00:50:01.243,0.7002600000000001,0.70014,1.12,1
11.08.2021 00:50:01.634,0.70025,0.70014,1,1
11.08.2021 00:50:14.025,0.70025,0.70013,1,1
11.08.2021 00:50:18.621,0.7002700000000001,0.7001600000000001,1.5,1.75
11.08.2021 00:50:18.722,0.70029,0.7001700000000001,1.5,1.12
11.08.2021 00:50:18.824,0.7003,0.70018,1.87,1
11.08.2021 00:50:20.581,0.7003,0.70019,1.12,1
11.08.2021 00:50:30.215,0.7003100000000001,0.70019,1.87,1
11.08.2021 00:50:41.551,0.7003100000000001,0.7002,1,1
11.08.2021 00:50:42.309,0.70034,0.70025,1.5,2.25
11.08.2021 00:50:42.410,0.7003600000000001,0.7002700000000001,2,1
11.08.2021 00:50:42.512,0.70037,0.7002600000000001,1.5,1
11.08.2021 00:50:42.764,0.7003600000000001,0.7002600000000001,1,1
11.08.2021 00:50:42.866,0.7003600000000001,0.70025,1.5,1
11.08.2021 00:50:43.904,0.70035,0.70024,1,1
11.08.2021 00:50:49.352,0.70035,0.70025,1.87,1
11.08.2021 00:51:14.887,0.7003600000000001,0.7002600000000001,2,1
11.08.2021 00:51:26.008,0.70039,0.7002700000000001,2.75,1
11.08.2021 00:51:26.109,0.70039,0.70028,2,1
11.08.2021 00:51:26.679,0.7004,0.70028,2.62,1
11.08.2021 00:51:26.780,0.7004,0.70029,2.62,1
11.08.2021 00:51:39.794,0.7004100000000001,0.7003,2.62,1
11.08.2021 00:52:06.469,0.7004100000000001,0.70029,1.5,1
11.08.2021 00:52:28.706,0.7004100000000001,0.7003,1.5,1
11.08.2021 00:52:28.808,0.70044,0.70033,1.5,1
11.08.2021 00:52:28.858,0.70043,0.70034,1,1
11.08.2021 00:52:33.193,0.70045,0.70034,1,1
11.08.2021 00:52:49.660,0.7004600000000001,0.70035,1.12,1
11.08.2021 00:52:54.193,0.70047,0.7003600000000001,1.87,1
11.08.2021 00:53:10.933,0.7004600000000001,0.70035,1,1
11.08.2021 00:53:13.278,0.70042,0.7003100000000001,1,1
11.08.2021 00:53:15.400,0.70042,0.70032,1,1
11.08.2021 00:53:56.997,0.70043,0.70032,1,1
11.08.2021 00:54:01.755,0.7004100000000001,0.7003,1,1.5
11.08.2021 00:54:08.267,0.7004,0.70029,1,1.5
11.08.2021 00:54:08.369,0.70034,0.70024,1,1.5
11.08.2021 00:54:08.471,0.70034,0.70023,1,1
11.08.2021 00:54:09.463,0.70032,0.7002100000000001,1,1
11.08.2021 00:54:09.565,0.7003100000000001,0.7002,1,1.5
11.08.2021 00:54:43.143,0.7003,0.7002,1,1.5
11.08.2021 00:54:46.188,0.7003100000000001,0.7002,1,1.5
11.08.2021 00:54:47.099,0.7003,0.7002,1,1.5
11.08.2021 00:55:00.652,0.7003,0.70019,1,1
11.08.2021 00:55:01.592,0.7003,0.7002,1,1
11.08.2021 00:55:08.125,0.70029,0.7002,1,1
11.08.2021 00:55:11.914,0.7003,0.7002,1,1
11.08.2021 00:55:12.021,0.7003,0.70019,1,1
11.08.2021 00:55:13.813,0.7003,0.7002,1,1
11.08.2021 00:55:13.914,0.7003100000000001,0.7002,1,3
11.08.2021 00:55:14.015,0.70032,0.7002200000000001,1,1
11.08.2021 00:55:15.087,0.7003,0.7002,1,1
11.08.2021 00:55:15.188,0.70029,0.7002,1,1.5
11.08.2021 00:55:20.847,0.70029,0.7002100000000001,1,1
11.08.2021 00:55:26.743,0.7003100000000001,0.7002,1.12,1
11.08.2021 00:55:26.995,0.7003100000000001,0.7002100000000001,1.12,1
11.08.2021 00:55:27.250,0.70032,0.7002200000000001,1,1
11.08.2021 00:55:28.098,0.7003100000000001,0.7002200000000001,1,1
11.08.2021 00:55:41.545,0.7003,0.7002,1,1
11.08.2021 00:55:43.848,0.7003,0.70019,1,1.5
11.08.2021 00:56:16.950,0.70029,0.70018,1,1
11.08.2021 00:56:17.051,0.7002700000000001,0.7001700000000001,1,1
11.08.2021 00:56:19.231,0.70023,0.70013,1,1
11.08.2021 00:56:19.332,0.7002,0.7001000000000001,1,1.5
11.08.2021 00:56:19.434,0.70019,0.7001100000000001,1,1
11.08.2021 00:56:26.792,0.70018,0.70009,1,1
11.08.2021 00:56:37.140,0.70019,0.70009,1,1
11.08.2021 00:56:39.072,0.70019,0.70008,1,1.5
11.08.2021 00:56:39.415,0.70018,0.70008,1,1.5
11.08.2021 00:56:40.826,0.70019,0.70009,1,1
11.08.2021 00:56:45.015,0.70019,0.7001000000000001,1,1
11.08.2021 00:56:54.547,0.7002,0.7001000000000001,1,1
11.08.2021 00:57:01.148,0.7002100000000001,0.7001000000000001,1,1
11.08.2021 00:57:02.602,0.7002,0.7001000000000001,1,1
11.08.2021 00:57:14.523,0.7002100000000001,0.7001000000000001,1,1
11.08.2021 00:57:28.933,0.70023,0.70013,1,1
11.08.2021 00:57:29.034,0.7002600000000001,0.70015,1.5,1.5
11.08.2021 00:57:29.135,0.7002700000000001,0.70018,1,1.5
11.08.2021 00:57:29.489,0.70028,0.70018,1,1
11.08.2021 00:57:32.901,0.70029,0.70019,1,1
11.08.2021 00:57:47.732,0.70029,0.7002,1,1
11.08.2021 00:57:56.498,0.7003,0.7002,1,1
11.08.2021 00:58:02.044,0.7003100000000001,0.7002100000000001,1,1
11.08.2021 00:58:02.146,0.70032,0.7002100000000001,1.5,1
11.08.2021 00:58:03.002,0.7003100000000001,0.7002100000000001,1,1
11.08.2021 00:58:05.822,0.7003,0.7002,1,1
11.08.2021 00:58:09.102,0.7003,0.70019,1,1
11.08.2021 00:58:11.470,0.7003,0.70018,1,1
11.08.2021 00:58:12.405,0.7003100000000001,0.70018,1.69,1
11.08.2021 00:58:22.453,0.70032,0.70018,2.44,1.5
11.08.2021 00:58:36.074,0.70032,0.70019,2.25,1
11.08.2021 00:58:48.330,0.7003,0.70018,1,1
11.08.2021 00:58:48.431,0.7003,0.7001600000000001,1.5,1.5
11.08.2021 00:58:48.532,0.70029,0.7001600000000001,1,1
11.08.2021 00:58:48.866,0.70029,0.70015,2.25,1.5
11.08.2021 00:58:48.967,0.7002700000000001,0.70013,1,1.87
11.08.2021 00:58:49.069,0.7002600000000001,0.70013,1,1.12
11.08.2021 00:58:49.170,0.70024,0.7001000000000001,2.25,1.12
11.08.2021 00:58:49.220,0.7002200000000001,0.70009,1.5,1
11.08.2021 00:58:49.321,0.7002200000000001,0.70008,1.5,1.87
11.08.2021 00:59:38.190,0.7002100000000001,0.7001000000000001,1.5,1
11.08.2021 00:59:38.450,0.7002200000000001,0.7001000000000001,1,1
11.08.2021 00:59:42.972,0.7002,0.7001000000000001,1,1
11.08.2021 00:59:43.073,0.7002,0.70009,1,1
11.08.2021 00:59:43.175,0.70019,0.70009,1,1
11.08.2021 00:59:51.017,0.7002,0.70007,1,2.06
11.08.2021 00:59:52.142,0.7002100000000001,0.70007,1.5,1.87
11.08.2021 00:59:52.974,0.70019,0.70008,1,1.87
11.08.2021 01:00:00.122,0.70019,0.70006,1,1.5
11.08.2021 01:00:00.274,0.70019,0.70007,1,1
11.08.2021 01:00:00.375,0.7002,0.70007,1.5,3.94
11.08.2021 01:00:01.163,0.70018,0.70007,1.5,1.87
11.08.2021 01:00:01.314,0.70018,0.70006,1,1.5
11.08.2021 01:00:01.416,0.70019,0.70006,1,1
11.08.2021 01:00:02.264,0.7002,0.70007,1,3.94
11.08.2021 01:00:03.065,0.7002,0.70006,1.5,1.87
11.08.2021 01:00:03.167,0.70019,0.70006,1,1
11.08.2021 01:00:03.268,0.70019,0.7000500000000001,1.5,1.87
11.08.2021 01:00:03.545,0.70018,0.7000500000000001,1,1.12
11.08.2021 01:00:03.698,0.7001600000000001,0.7000500000000001,1,1.5
11.08.2021 01:00:04.074,0.70012,0.70001,1.5,1.12
11.08.2021 01:00:04.176,0.7001100000000001,0.69998,1.5,2
11.08.2021 01:00:04.227,0.7001100000000001,0.69998,1.5,1.5
11.08.2021 01:00:04.684,0.7001000000000001,0.69997,1,1.12
11.08.2021 01:00:05.291,0.70009,0.69996,1,1.5
11.08.2021 01:00:06.858,0.7001000000000001,0.69996,1.5,3.94
11.08.2021 01:00:07.315,0.70009,0.69996,1,1.5
11.08.2021 01:00:07.887,0.7001000000000001,0.69998,1,1
11.08.2021 01:00:08.039,0.7001100000000001,0.69998,1.5,3
11.08.2021 01:00:08.191,0.7001100000000001,0.69999,1.5,1.25
11.08.2021 01:00:08.293,0.7001100000000001,0.69998,1.5,1.25
11.08.2021 01:00:10.684,0.7001000000000001,0.69997,1,1.87
11.08.2021 01:00:13.213,0.7001000000000001,0.69996,1.5,3.75
11.08.2021 01:00:13.415,0.7001000000000001,0.69998,1.5,1
11.08.2021 01:00:13.516,0.7001000000000001,0.69997,1.5,1
11.08.2021 01:00:14.122,0.7001000000000001,0.69998,1.5,1
11.08.2021 01:00:14.224,0.7001100000000001,0.69999,1.5,1
11.08.2021 01:00:14.697,0.70007,0.69999,1,1
11.08.2021 01:00:15.084,0.70007,0.69998,1,1
11.08.2021 01:00:15.651,0.7000500000000001,0.69997,1,1
11.08.2021 01:00:17.008,0.70004,0.69997,1,1
11.08.2021 01:00:17.109,0.70004,0.6999500000000001,1,1.31
11.08.2021 01:00:18.163,0.70001,0.6999500000000001,1,1.25
11.08.2021 01:00:18.213,0.7000000000000001,0.6999000000000001,1,2.1
11.08.2021 01:00:18.264,0.70002,0.69989,1,2.87
11.08.2021 01:00:19.630,0.6999500000000001,0.69986,1,2.62
11.08.2021 01:00:19.732,0.69998,0.69986,1,1.25
11.08.2021 01:00:19.833,0.69996,0.69984,1,1.75
11.08.2021 01:00:20.138,0.6999500000000001,0.69984,1,1.75
11.08.2021 01:00:20.189,0.69994,0.69981,1,3.75
11.08.2021 01:00:20.351,0.6999000000000001,0.69981,1,2.25
11.08.2021 01:00:20.452,0.69991,0.69982,1,2.12
11.08.2021 01:00:20.973,0.6999000000000001,0.6998300000000001,1,1.69
11.08.2021 01:00:21.074,0.69991,0.69982,1,1.75
11.08.2021 01:00:22.072,0.69992,0.69984,1,1.25
11.08.2021 01:00:22.174,0.69993,0.69984,1,1.25
11.08.2021 01:00:36.479,0.69994,0.6998300000000001,1,2.12
11.08.2021 01:00:37.650,0.69994,0.6998500000000001,1,3.19
11.08.2021 01:00:37.751,0.69994,0.6998500000000001,1,3.62
11.08.2021 01:00:37.853,0.69996,0.69986,1,1.25
11.08.2021 01:00:38.134,0.69997,0.69986,1,1.25
11.08.2021 01:00:49.222,0.69997,0.69986,1,1.75
11.08.2021 01:00:49.323,0.69998,0.69989,1,1
11.08.2021 01:00:49.677,0.69998,0.6999000000000001,1,1.25
11.08.2021 01:00:50.772,0.70001,0.69992,1,1
11.08.2021 01:00:50.823,0.70003,0.69994,1,1
11.08.2021 01:00:50.924,0.7000500000000001,0.69993,1.12,1.25
11.08.2021 01:01:00.488,0.70006,0.69993,1,1.25
11.08.2021 01:01:01.556,0.70001,0.69989,1,2
11.08.2021 01:01:01.658,0.7000000000000001,0.6998800000000001,1,1.5
11.08.2021 01:01:01.708,0.69999,0.69989,1,1.12
11.08.2021 01:01:02.380,0.69999,0.69989,1,2.12
11.08.2021 01:01:08.956,0.7000000000000001,0.6998800000000001,1,1.25
11.08.2021 01:01:09.057,0.7000000000000001,0.69987,1,1.87
11.08.2021 01:01:09.158,0.69999,0.69987,1,1
11.08.2021 01:01:11.656,0.69998,0.69987,1,1
11.08.2021 01:01:11.707,0.69997,0.6998500000000001,1,1.31
11.08.2021 01:01:11.809,0.6999500000000001,0.6998300000000001,1,1.81
11.08.2021 01:01:12.011,0.6999500000000001,0.6998300000000001,1,1.25
11.08.2021 01:01:14.029,0.69996,0.6998300000000001,1,1.31
11.08.2021 01:01:14.182,0.6999500000000001,0.6998300000000001,1,1.12
11.08.2021 01:01:15.129,0.69991,0.6997800000000001,1.69,1
11.08.2021 01:01:15.230,0.6999000000000001,0.6997800000000001,1,1
11.08.2021 01:01:15.332,0.6999000000000001,0.69976,1,2.19
11.08.2021 01:01:16.003,0.69989,0.69976,1,1.75
11.08.2021 01:01:18.316,0.69989,0.69977,1,2.5
11.08.2021 01:01:19.186,0.6999000000000001,0.6997800000000001,1,2.62
11.08.2021 01:01:19.497,0.69991,0.69977,1,1.69
11.08.2021 01:01:19.547,0.69989,0.69977,1,1.69
11.08.2021 01:01:20.071,0.6998800000000001,0.6997800000000001,1,3.62
11.08.2021 01:01:20.172,0.6999000000000001,0.69977,1,5.12
11.08.2021 01:01:22.540,0.6999000000000001,0.69977,1,2.81
11.08.2021 01:01:22.745,0.6999000000000001,0.69977,1,4.75
11.08.2021 01:01:26.660,0.69989,0.6997800000000001,1,2.25
11.08.2021 01:01:26.762,0.69989,0.69976,1,2.75
11.08.2021 01:01:26.871,0.6998800000000001,0.69976,1,2
11.08.2021 01:01:27.037,0.6998800000000001,0.69976,1,1.5
11.08.2021 01:01:31.667,0.6998800000000001,0.69976,1,2
11.08.2021 01:01:31.769,0.6998800000000001,0.69976,1,1
11.08.2021 01:01:31.971,0.69989,0.69976,1,1.69
11.08.2021 01:01:39.596,0.6998800000000001,0.69976,1,1
11.08.2021 01:01:39.751,0.6998800000000001,0.69975,1,1.69
11.08.2021 01:01:41.871,0.69989,0.69976,1,1
11.08.2021 01:01:41.973,0.69989,0.69975,1,1.69
11.08.2021 01:01:42.227,0.69986,0.69974,1,1
11.08.2021 01:01:42.278,0.69984,0.69971,1,1.25
11.08.2021 01:01:42.380,0.6998500000000001,0.6997300000000001,1,1
11.08.2021 01:01:42.735,0.6998300000000001,0.6997,1,4.44
11.08.2021 01:01:42.837,0.6998300000000001,0.69971,1,2.12
11.08.2021 01:01:42.938,0.69984,0.6997300000000001,1,1.25
11.08.2021 01:01:43.555,0.6998500000000001,0.6997300000000001,1,1.25
11.08.2021 01:01:44.234,0.69986,0.6997300000000001,1,1.25
11.08.2021 01:01:45.012,0.69982,0.6997300000000001,1,1
11.08.2021 01:01:45.113,0.69981,0.69972,1,1
11.08.2021 01:01:45.215,0.69981,0.69969,1,1.12
11.08.2021 01:01:48.938,0.69981,0.6997,1,1
11.08.2021 01:01:49.186,0.69981,0.69969,1,1.25
11.08.2021 01:01:51.087,0.69984,0.6997300000000001,1,1
11.08.2021 01:01:51.189,0.6998500000000001,0.69974,1,1
11.08.2021 01:01:51.290,0.69986,0.69974,1,1.25
11.08.2021 01:01:51.441,0.69987,0.69974,1,1.25
11.08.2021 01:01:51.644,0.69986,0.69974,1,1.25
11.08.2021 01:01:52.480,0.6998500000000001,0.69974,1,1.25
11.08.2021 01:01:53.749,0.6998500000000001,0.6997300000000001,1,1.25
11.08.2021 01:01:57.750,0.69981,0.69971,1,1.25
11.08.2021 01:01:57.852,0.69981,0.6996800000000001,1,1.75
11.08.2021 01:01:58.108,0.6998300000000001,0.6997,1,5.12
11.08.2021 01:01:58.209,0.69984,0.6997300000000001,1,1.25
11.08.2021 01:01:58.562,0.6998500000000001,0.6997300000000001,1,1.25
11.08.2021 01:01:58.768,0.6998500000000001,0.69974,1,1.25
11.08.2021 01:01:59.188,0.69986,0.69974,1,1.25
11.08.2021 01:02:03.602,0.69987,0.69974,1,1.75
11.08.2021 01:02:03.961,0.69987,0.69974,1,1.25
11.08.2021 01:02:05.811,0.69986,0.69974,1,1.25
11.08.2021 01:02:07.399,0.69986,0.6997300000000001,1,1
11.08.2021 01:02:07.500,0.69982,0.69969,1,1.62
11.08.2021 01:02:07.551,0.69981,0.69969,1,1.12
11.08.2021 01:02:07.753,0.69981,0.69967,1,2.25
11.08.2021 01:02:09.160,0.69981,0.6996800000000001,1,1
11.08.2021 01:02:10.803,0.69982,0.69969,1.5,1
11.08.2021 01:02:10.905,0.69982,0.6996800000000001,1.5,1.69
11.08.2021 01:02:17.692,0.6998000000000001,0.69969,1,1.25
11.08.2021 01:02:18.696,0.69981,0.69967,1,3.19
11.08.2021 01:02:19.810,0.69981,0.69967,1,4
11.08.2021 01:02:22.086,0.69981,0.69967,1,3.19
11.08.2021 01:02:24.017,0.69981,0.6996800000000001,1,1
11.08.2021 01:02:29.250,0.69981,0.69967,1,3.19
11.08.2021 01:02:30.570,0.69981,0.6996800000000001,1,1
11.08.2021 01:02:33.156,0.6998000000000001,0.6996800000000001,1,2.44
11.08.2021 01:02:35.851,0.69981,0.6996800000000001,1,1
11.08.2021 01:02:36.003,0.69981,0.69967,1.25,2.25
11.08.2021 01:02:38.292,0.69981,0.6996800000000001,1,1.25
11.08.2021 01:02:39.096,0.6998300000000001,0.6997,1.5,4.12
11.08.2021 01:02:39.197,0.6998500000000001,0.69972,1.5,1.5
11.08.2021 01:02:39.966,0.6998500000000001,0.6997300000000001,1.5,1
11.08.2021 01:02:40.068,0.69986,0.6997300000000001,1,1
11.08.2021 01:02:40.636,0.69987,0.6997300000000001,2.06,1.5
11.08.2021 01:02:42.919,0.69984,0.69971,1.5,1.5
11.08.2021 01:02:43.182,0.6998500000000001,0.6997300000000001,1,1
11.08.2021 01:02:43.283,0.69986,0.6997300000000001,1,1
11.08.2021 01:02:46.943,0.6998300000000001,0.6997,1.69,1.12
11.08.2021 01:02:50.718,0.69982,0.6997,1,1
11.08.2021 01:02:58.237,0.6998000000000001,0.69971,1,1
11.08.2021 01:02:58.388,0.69982,0.6997,1,1
11.08.2021 01:03:01.653,0.69981,0.6997,1.25,1
11.08.2021 01:03:01.795,0.69981,0.69969,1,1
11.08.2021 01:03:03.708,0.6998000000000001,0.69969,1.75,1.12
11.08.2021 01:03:05.349,0.6998000000000001,0.6996800000000001,1.25,1.12
11.08.2021 01:03:06.383,0.69981,0.6996800000000001,2.5,1.12
11.08.2021 01:03:09.367,0.6998000000000001,0.69967,1.25,1.5
11.08.2021 01:03:16.176,0.69981,0.69967,1.69,2.62
11.08.2021 01:03:16.632,0.6998000000000001,0.69967,1,2.62
11.08.2021 01:03:22.820,0.69981,0.69967,1.69,2.62
11.08.2021 01:03:28.218,0.69981,0.69969,1,1.5
11.08.2021 01:03:29.457,0.69982,0.69969,1.5,5.25
11.08.2021 01:03:43.494,0.69981,0.69969,1,1.5
11.08.2021 01:03:45.434,0.69981,0.6996800000000001,1,2.62
11.08.2021 01:03:47.609,0.69982,0.69969,1,1
11.08.2021 01:03:53.416,0.69982,0.69969,3.25,1
11.08.2021 01:03:54.819,0.69982,0.6996800000000001,3.25,1.5
11.08.2021 01:03:56.140,0.69981,0.6996800000000001,1.75,1.5
11.08.2021 01:04:00.508,0.69981,0.6996800000000001,1.25,1.5
11.08.2021 01:04:08.030,0.69982,0.69969,1.5,3
11.08.2021 01:04:08.131,0.6998300000000001,0.6997,1.69,1
11.08.2021 01:04:15.069,0.6998300000000001,0.69972,1,3.75
11.08.2021 01:04:15.120,0.6998500000000001,0.6997300000000001,1,1
11.08.2021 01:04:15.272,0.69986,0.6997300000000001,1.25,1.5
11.08.2021 01:04:17.086,0.6998500000000001,0.6997300000000001,1,1
11.08.2021 01:04:17.187,0.69982,0.69969,2.5,1
11.08.2021 01:04:17.293,0.69981,0.6996800000000001,1,1.87
11.08.2021 01:04:20.512,0.69981,0.69969,1,1
11.08.2021 01:04:28.741,0.6998000000000001,0.69969,1.75,1.87
11.08.2021 01:04:41.299,0.6998000000000001,0.6996800000000001,1.25,1
11.08.2021 01:04:41.555,0.69974,0.69964,1.12,1.5
11.08.2021 01:04:41.606,0.69974,0.69962,1.69,1
11.08.2021 01:04:41.707,0.69972,0.6996,1,2
11.08.2021 01:04:41.758,0.69972,0.69959,1.5,1.87
11.08.2021 01:04:41.860,0.6997,0.69959,1.5,2
11.08.2021 01:04:41.961,0.6997,0.6995800000000001,1.25,1
11.08.2021 01:04:42.113,0.69971,0.6995800000000001,2.44,1
11.08.2021 01:04:45.241,0.6997,0.69957,1,2.62
11.08.2021 01:04:45.791,0.69971,0.6995800000000001,2.44,1
11.08.2021 01:04:49.647,0.6997,0.6995800000000001,1,1
11.08.2021 01:04:56.052,0.69969,0.6995800000000001,1,1.87
11.08.2021 01:05:03.191,0.69971,0.6995800000000001,3.19,1
11.08.2021 01:05:14.702,0.6997,0.6995800000000001,1.25,1.5
11.08.2021 01:05:14.804,0.69969,0.6995800000000001,1.69,1.5
11.08.2021 01:05:19.192,0.6997,0.6995800000000001,1,1
11.08.2021 01:05:19.497,0.6997,0.69959,1,1.5
11.08.2021 01:05:25.219,0.6997,0.69957,1,3
11.08.2021 01:05:28.105,0.6997,0.6995800000000001,1,1
11.08.2021 01:05:28.206,0.69974,0.6996300000000001,3.76,3.75
11.08.2021 01:05:28.308,0.69977,0.69964,2.19,1.5
11.08.2021 01:05:28.410,0.6997800000000001,0.69965,2.44,1.5
11.08.2021 01:05:29.084,0.6997800000000001,0.69965,1.25,3
11.08.2021 01:05:29.186,0.69979,0.6996600000000001,1.25,2.94
11.08.2021 01:05:31.279,0.6997800000000001,0.6996600000000001,1.25,1
11.08.2021 01:05:31.380,0.69977,0.6996600000000001,1.75,1
11.08.2021 01:05:31.632,0.69976,0.6996600000000001,1.75,1
11.08.2021 01:05:33.060,0.69976,0.6996600000000001,1.25,1
11.08.2021 01:05:35.680,0.69977,0.69964,1.69,1.5
11.08.2021 01:05:37.742,0.69976,0.69965,3.25,1
11.08.2021 01:05:37.844,0.69975,0.69964,1.75,1.12
11.08.2021 01:05:38.143,0.69976,0.6996300000000001,1.25,1
11.08.2021 01:05:41.267,0.69976,0.69964,1,1
11.08.2021 01:05:49.843,0.69974,0.69965,1,1
11.08.2021 01:05:50.357,0.69974,0.6996300000000001,1,1.87
11.08.2021 01:05:51.553,0.69972,0.6996,1.25,1
11.08.2021 01:05:51.655,0.6997,0.69957,1.75,2
11.08.2021 01:05:51.756,0.6997,0.69957,2.5,1.12
11.08.2021 01:05:52.045,0.69969,0.6995800000000001,1.69,1.12
11.08.2021 01:05:53.529,0.69971,0.6995800000000001,1.69,1
11.08.2021 01:06:02.754,0.69971,0.6995800000000001,1.75,1.5
11.08.2021 01:06:02.906,0.6997,0.69957,1.25,1.87
11.08.2021 01:06:08.337,0.6997,0.6995600000000001,2.5,1.87
11.08.2021 01:06:08.793,0.6996800000000001,0.6995600000000001,1.25,1.5
11.08.2021 01:06:09.353,0.69969,0.6995600000000001,1.25,1
11.08.2021 01:06:10.108,0.69969,0.6995600000000001,1.25,1.5
11.08.2021 01:06:10.209,0.69969,0.6995800000000001,1.69,1.87
11.08.2021 01:06:10.310,0.69971,0.6995800000000001,3.19,1
11.08.2021 01:06:45.578,0.6997,0.69959,2.5,2.25
11.08.2021 01:06:52.565,0.69971,0.6995800000000001,2.44,2.25
11.08.2021 01:07:28.430,0.69969,0.69957,1,2.62
11.08.2021 01:07:33.779,0.69969,0.6995800000000001,1,3.37
11.08.2021 01:07:43.927,0.69971,0.69957,1.69,3.37
11.08.2021 01:07:50.606,0.69969,0.6995600000000001,1,2.19
11.08.2021 01:07:58.627,0.6996800000000001,0.69959,1,1
11.08.2021 01:08:09.471,0.69971,0.6995800000000001,1.69,1
11.08.2021 01:08:12.270,0.69975,0.6996300000000001,1.12,1.5
11.08.2021 01:08:12.371,0.69977,0.6996600000000001,2,2
11.08.2021 01:08:12.473,0.69979,0.69967,1,1.12
11.08.2021 01:08:18.192,0.6997800000000001,0.69969,1,1
11.08.2021 01:08:21.444,0.6997800000000001,0.6996800000000001,1,1
11.08.2021 01:08:31.725,0.6998000000000001,0.6996800000000001,1,1
11.08.2021 01:08:40.536,0.69981,0.6996800000000001,1,2.25
11.08.2021 01:08:40.587,0.6998300000000001,0.6997,1.12,1.5
11.08.2021 01:08:45.693,0.6998300000000001,0.69971,1,1.25
11.08.2021 01:08:55.752,0.6998300000000001,0.69972,1,1.69
11.08.2021 01:08:55.854,0.69984,0.69972,1,1.69
11.08.2021 01:08:55.905,0.6998500000000001,0.69974,1.5,1
11.08.2021 01:09:00.661,0.69986,0.69975,1.5,1
11.08.2021 01:09:00.762,0.69986,0.69976,1,1
11.08.2021 01:09:14.331,0.69987,0.69976,1,1
11.08.2021 01:09:21.688,0.69987,0.69975,1,1.5
11.08.2021 01:09:31.348,0.69991,0.69977,3.62,1
11.08.2021 01:09:31.450,0.6999000000000001,0.6998000000000001,1.12,1
11.08.2021 01:09:31.551,0.69992,0.69979,1.69,1
11.08.2021 01:09:36.491,0.69991,0.6997800000000001,1.25,1.5
11.08.2021 01:09:46.115,0.69991,0.69979,2.44,1.5
11.08.2021 01:09:58.952,0.69991,0.6997800000000001,2.25,1.5
11.08.2021 01:10:12.144,0.69991,0.69979,1,1
11.08.2021 01:10:13.515,0.69991,0.6998000000000001,1,1
11.08.2021 01:10:39.955,0.69992,0.6998300000000001,1,1
11.08.2021 01:10:40.005,0.69996,0.69984,1.87,1
11.08.2021 01:10:40.107,0.69997,0.69986,2.94,1
11.08.2021 01:10:40.208,0.69998,0.6998500000000001,2.44,1
11.08.2021 01:10:42.077,0.69996,0.69986,1,1
11.08.2021 01:10:42.128,0.69997,0.69987,1,1
11.08.2021 01:10:42.179,0.69999,0.69989,1.31,1
11.08.2021 01:10:43.937,0.7000000000000001,0.69989,1.25,1
11.08.2021 01:10:45.326,0.70001,0.6999000000000001,1.75,1
11.08.2021 01:10:47.676,0.70001,0.6999000000000001,1.69,1
11.08.2021 01:10:50.800,0.70002,0.6999000000000001,2.44,1
11.08.2021 01:10:50.901,0.70002,0.69989,2.25,1
11.08.2021 01:10:53.112,0.70002,0.6999000000000001,1,1
11.08.2021 01:10:53.621,0.7000500000000001,0.69993,1.69,1
11.08.2021 01:10:53.722,0.7001000000000001,0.69998,1.5,1.5
11.08.2021 01:11:03.911,0.70004,0.69996,2.25,1
11.08.2021 01:11:04.012,0.7000500000000001,0.69994,1,1
11.08.2021 01:11:04.114,0.7000500000000001,0.69996,1.25,1
11.08.2021 01:11:06.514,0.70007,0.6999500000000001,1.25,1
11.08.2021 01:11:13.241,0.70008,0.6999500000000001,3.62,1
11.08.2021 01:11:17.038,0.70008,0.6999500000000001,3.62,1
11.08.2021 01:11:21.331,0.70006,0.6999500000000001,1.25,1
11.08.2021 01:11:21.381,0.7000500000000001,0.69993,1,1
11.08.2021 01:11:21.583,0.70002,0.69993,1,1
11.08.2021 01:11:42.944,0.70003,0.69991,1,1
11.08.2021 01:12:07.046,0.70004,0.69993,1,2.44
11.08.2021 01:12:07.147,0.70006,0.69993,1.5,4.19
11.08.2021 01:12:07.198,0.70004,0.69993,1.25,1
11.08.2021 01:12:07.300,0.7000000000000001,0.69992,1.25,1
11.08.2021 01:12:07.401,0.70001,0.69989,1.75,2
11.08.2021 01:12:07.502,0.70001,0.69989,1.75,1.5
11.08.2021 01:12:37.476,0.7000000000000001,0.6998800000000001,1.75,1.5
11.08.2021 01:12:37.577,0.69999,0.6998800000000001,1.25,1
11.08.2021 01:12:42.941,0.7000000000000001,0.6998800000000001,1.25,1
11.08.2021 01:12:50.465,0.70001,0.69989,1.69,1
11.08.2021 01:13:00.444,0.7000000000000001,0.69989,1.25,1
11.08.2021 01:13:00.545,0.7000000000000001,0.6998800000000001,1.25,1.5
11.08.2021 01:13:01.101,0.69998,0.6998800000000001,1.25,2.25
11.08.2021 01:13:34.120,0.7000000000000001,0.69987,1.69,2.62
11.08.2021 01:13:36.839,0.7000000000000001,0.6998800000000001,1.25,1
11.08.2021 01:14:00.154,0.69999,0.6998800000000001,1,1
11.08.2021 01:14:06.295,0.69999,0.69987,1,1.87
11.08.2021 01:14:14.754,0.69999,0.69986,1.69,1.5
11.08.2021 01:14:17.711,0.69998,0.69986,1,1
11.08.2021 01:14:22.553,0.69998,0.6998500000000001,1.69,2.62
11.08.2021 01:14:22.705,0.69994,0.69981,3.19,1.5
11.08.2021 01:14:22.806,0.69991,0.6997800000000001,1.69,3.5
11.08.2021 01:14:22.907,0.69987,0.69979,1,1.5
11.08.2021 01:14:26.713,0.6998800000000001,0.69979,1,1
11.08.2021 01:14:30.124,0.6998800000000001,0.6997800000000001,1,1.12
11.08.2021 01:14:37.196,0.69991,0.69979,1,1
11.08.2021 01:14:37.297,0.69992,0.69979,1,1
11.08.2021 01:14:37.463,0.6999000000000001,0.69979,1.5,2.81
11.08.2021 01:14:37.765,0.69989,0.69979,1,1.12
11.08.2021 01:14:48.199,0.69989,0.69977,1,1.12
11.08.2021 01:14:59.212,0.6999000000000001,0.6997800000000001,1,1
11.08.2021 01:14:59.313,0.69992,0.6998000000000001,1,1
11.08.2021 01:14:59.414,0.69993,0.6998000000000001,1,1
11.08.2021 01:15:00.544,0.69992,0.69981,1.5,1.25
11.08.2021 01:15:00.848,0.69991,0.6998000000000001,1,1.87
11.08.2021 01:15:00.950,0.69989,0.6997800000000001,1,1.5
11.08.2021 01:15:08.069,0.69989,0.69977,1,1.13
11.08.2021 01:15:08.482,0.6999000000000001,0.69977,1.5,1.88
11.08.2021 01:15:10.252,0.69989,0.69977,1,1.5
11.08.2021 01:15:11.031,0.6999000000000001,0.69977,1.5,2.63
11.08.2021 01:15:12.429,0.6999000000000001,0.69979,1.5,1.5
11.08.2021 01:15:12.862,0.69991,0.69979,1,1
11.08.2021 01:15:12.964,0.69992,0.6998000000000001,1,1
11.08.2021 01:15:13.327,0.69992,0.69979,1,2.25
11.08.2021 01:15:16.492,0.69994,0.69981,1,1
11.08.2021 01:15:16.593,0.69994,0.69981,1,2.5
11.08.2021 01:15:17.941,0.6999500000000001,0.69982,1,1.25
11.08.2021 01:15:18.042,0.69998,0.6998500000000001,1.12,1.5
11.08.2021 01:15:19.019,0.69998,0.6998500000000001,1,2.19
11.08.2021 01:15:22.726,0.7000000000000001,0.69987,1,1.12
11.08.2021 01:15:26.614,0.69999,0.69986,1,2
11.08.2021 01:15:29.770,0.69997,0.69986,1,3.25
11.08.2021 01:15:29.871,0.69997,0.69984,1,2.75
11.08.2021 01:15:29.972,0.69997,0.69984,1,1.5
11.08.2021 01:15:40.117,0.69997,0.6998500000000001,1,1
11.08.2021 01:15:41.465,0.69997,0.69984,1,1.5
11.08.2021 01:15:49.508,0.69997,0.6998500000000001,1,1.25
11.08.2021 01:15:49.609,0.69997,0.69987,1,1.75
11.08.2021 01:15:50.329,0.69998,0.69986,1,1
11.08.2021 01:15:50.380,0.69997,0.69984,1,2.25
11.08.2021 01:15:59.611,0.69998,0.6998500000000001,1,1
11.08.2021 01:16:03.207,0.69998,0.6998500000000001,2.5,1
11.08.2021 01:16:04.072,0.69997,0.69984,1.69,1
11.08.2021 01:16:14.169,0.69996,0.69982,1,1.87
11.08.2021 01:16:15.034,0.69993,0.69982,1,1
11.08.2021 01:16:16.142,0.69993,0.6998000000000001,1.69,1.5
11.08.2021 01:16:16.193,0.69987,0.69975,2.44,3.69
11.08.2021 01:16:16.295,0.6998500000000001,0.69975,1,1.37
11.08.2021 01:16:16.397,0.6998500000000001,0.6997300000000001,1,2.19
11.08.2021 01:16:16.499,0.6998300000000001,0.6997300000000001,1,2.19
11.08.2021 01:16:16.550,0.69984,0.69972,1,1.69
11.08.2021 01:16:18.480,0.69982,0.6997300000000001,1,1.69
11.08.2021 01:16:21.163,0.69982,0.6997,1,1.25
11.08.2021 01:16:22.436,0.69982,0.69971,1,1.87
11.08.2021 01:16:22.739,0.6998300000000001,0.69971,1,1.87
11.08.2021 01:16:27.192,0.6998300000000001,0.69972,1,1
11.08.2021 01:16:27.243,0.69984,0.69974,1,1.87
11.08.2021 01:16:27.350,0.69986,0.69975,1,1
11.08.2021 01:16:31.580,0.69986,0.69975,1,2.62
11.08.2021 01:16:31.682,0.69987,0.69976,1,1.25
11.08.2021 01:16:32.296,0.69989,0.69977,1,1.12
11.08.2021 01:16:33.033,0.6999000000000001,0.6997800000000001,1,3
11.08.2021 01:16:33.084,0.6999000000000001,0.69981,1,2.44
11.08.2021 01:16:33.185,0.6999500000000001,0.6998300000000001,1.12,3.19
11.08.2021 01:16:33.286,0.69996,0.69984,1,1.69
11.08.2021 01:16:33.740,0.6999500000000001,0.69984,1,2.81
11.08.2021 01:16:38.944,0.6999500000000001,0.6998300000000001,1,1.31
11.08.2021 01:16:39.405,0.69993,0.69982,1,1.31
11.08.2021 01:16:41.618,0.6998800000000001,0.6998000000000001,1,1.31
11.08.2021 01:16:41.820,0.69989,0.69977,1,1.81
11.08.2021 01:16:42.721,0.6998800000000001,0.69977,1,1.25
11.08.2021 01:16:45.696,0.69987,0.6997800000000001,1,1.69
11.08.2021 01:16:48.558,0.6999000000000001,0.69981,1,1
11.08.2021 01:16:48.659,0.69991,0.69981,1,1
11.08.2021 01:16:52.537,0.69992,0.6998300000000001,1,1
11.08.2021 01:16:52.588,0.69994,0.6998300000000001,1,1
11.08.2021 01:16:55.343,0.6999500000000001,0.6998300000000001,1,1
11.08.2021 01:16:55.495,0.69994,0.6998300000000001,1,1
11.08.2021 01:17:01.578,0.69993,0.6998300000000001,1,1
11.08.2021 01:17:03.034,0.69992,0.6998300000000001,1,1
11.08.2021 01:17:07.501,0.69991,0.6998300000000001,1,1.69
11.08.2021 01:17:12.343,0.69989,0.6997800000000001,1,1.5
11.08.2021 01:17:12.496,0.6998800000000001,0.6997800000000001,1,1.5
11.08.2021 01:17:12.599,0.6998800000000001,0.69977,1,1.12
11.08.2021 01:17:24.113,0.6998800000000001,0.6997800000000001,1,1
11.08.2021 01:17:27.048,0.6998800000000001,0.69977,1,1.5
11.08.2021 01:18:00.659,0.69989,0.69979,1,1
11.08.2021 01:18:02.115,0.69994,0.69984,1,2.25
11.08.2021 01:18:02.166,0.69996,0.69984,1,3.94
11.08.2021 01:18:02.318,0.69996,0.69987,1,1.75
11.08.2021 01:18:03.533,0.69998,0.69986,1,1.62
11.08.2021 01:18:06.856,0.69999,0.69987,1,2.06
11.08.2021 01:18:06.957,0.69998,0.69989,1,1.25
11.08.2021 01:18:11.453,0.70001,0.6998800000000001,1,1
11.08.2021 01:18:15.701,0.69999,0.69989,1,1.25
11.08.2021 01:18:18.220,0.69999,0.69987,1,2.44
11.08.2021 01:18:21.292,0.69997,0.6998800000000001,1,1.87
11.08.2021 01:18:28.077,0.69998,0.6998800000000001,1,1
11.08.2021 01:18:28.128,0.70002,0.69993,1,1
11.08.2021 01:18:28.229,0.70006,0.6999500000000001,1.5,1.25
11.08.2021 01:18:28.330,0.70006,0.69994,1,2.12
11.08.2021 01:18:28.381,0.70002,0.69992,1,2.94
11.08.2021 01:18:28.532,0.70002,0.69991,1,1
11.08.2021 01:18:29.224,0.7000000000000001,0.6999000000000001,1,1
11.08.2021 01:18:29.275,0.69999,0.6998800000000001,1,1.69
11.08.2021 01:18:41.723,0.69999,0.69989,1,1
11.08.2021 01:18:53.591,0.69998,0.69989,1,1
11.08.2021 01:18:55.805,0.69997,0.69989,1,1
11.08.2021 01:19:11.204,0.69999,0.6998800000000001,1,1
11.08.2021 01:19:25.038,0.69998,0.6998800000000001,1,1
11.08.2021 01:19:38.121,0.69999,0.6998800000000001,1,1
11.08.2021 01:19:40.875,0.7000000000000001,0.6998800000000001,1,1
11.08.2021 01:19:55.809,0.69999,0.6998800000000001,1,1
11.08.2021 01:19:55.910,0.69998,0.6998800000000001,1,1
11.08.2021 01:19:59.131,0.69996,0.69986,1,1.5
11.08.2021 01:19:59.182,0.6999500000000001,0.69984,1,1.87
11.08.2021 01:20:03.303,0.69996,0.69984,1,1.69
11.08.2021 01:20:11.325,0.69999,0.6998800000000001,1,1
11.08.2021 01:20:11.907,0.69999,0.69989,1,1
11.08.2021 01:20:53.121,0.70002,0.69992,1,1.5
11.08.2021 01:20:53.223,0.70003,0.69996,1,1.69
11.08.2021 01:20:53.274,0.70008,0.69998,1.5,1
11.08.2021 01:20:53.376,0.70008,0.69996,1,2.62
11.08.2021 01:20:53.478,0.70003,0.69993,1,1.75
11.08.2021 01:20:53.579,0.70003,0.69993,1,1.69
11.08.2021 01:20:53.681,0.70001,0.69991,1,3.12
11.08.2021 01:20:53.782,0.70001,0.6999000000000001,1,1
11.08.2021 01:20:57.722,0.70001,0.69991,1,1
11.08.2021 01:21:01.152,0.70001,0.6999000000000001,1,1
11.08.2021 01:21:07.775,0.7000000000000001,0.6999000000000001,1,1
11.08.2021 01:21:07.876,0.69999,0.69989,1,1
11.08.2021 01:21:16.679,0.7000000000000001,0.69989,1,1
11.08.2021 01:21:16.782,0.7000000000000001,0.6999000000000001,1,1.5
11.08.2021 01:21:18.881,0.70001,0.6999000000000001,1,1
11.08.2021 01:21:18.982,0.70002,0.69994,1,2.25
11.08.2021 01:21:19.033,0.70006,0.69997,1,1
11.08.2021 01:21:19.134,0.70006,0.69998,1.12,1
11.08.2021 01:21:19.236,0.70006,0.6999500000000001,1.75,1.12
11.08.2021 01:21:19.337,0.70003,0.69992,1.25,2
11.08.2021 01:21:19.388,0.70002,0.69991,1,1.87
11.08.2021 01:21:19.489,0.70001,0.6999000000000001,1,2
11.08.2021 01:21:19.590,0.70001,0.6999000000000001,1,1.5
11.08.2021 01:21:39.045,0.7000000000000001,0.69989,1,1.87
11.08.2021 01:21:40.064,0.7000000000000001,0.6999000000000001,1,1
11.08.2021 01:21:43.417,0.70002,0.6999000000000001,1,1.12
11.08.2021 01:21:46.196,0.70003,0.69991,1,1
11.08.2021 01:21:48.628,0.70003,0.6999000000000001,1.5,1.87
11.08.2021 01:21:55.108,0.70003,0.69991,1,1
11.08.2021 01:21:57.285,0.70002,0.69991,1.5,1.87
11.08.2021 01:22:01.012,0.70004,0.6999000000000001,1.5,2.25
11.08.2021 01:22:01.062,0.70003,0.6999500000000001,1,1
11.08.2021 01:22:01.164,0.70009,0.69996,1.5,4.62
11.08.2021 01:22:01.265,0.70004,0.6999500000000001,1.25,1.5
11.08.2021 01:22:01.366,0.70004,0.69991,1.25,2
11.08.2021 01:22:01.467,0.70004,0.69991,1.25,1.5
11.08.2021 01:22:03.327,0.70004,0.69992,1,1.25
11.08.2021 01:22:03.432,0.7000500000000001,0.69992,1.5,1.69
11.08.2021 01:22:03.558,0.7000500000000001,0.69992,3.25,1
11.08.2021 01:22:03.909,0.70003,0.69991,1,1
11.08.2021 01:22:11.746,0.70004,0.69991,1.25,2.25
11.08.2021 01:22:16.904,0.70003,0.69991,1,1
11.08.2021 01:22:26.107,0.70002,0.69991,1,1
11.08.2021 01:22:26.438,0.70002,0.6999000000000001,1,2.25
11.08.2021 01:22:29.053,0.70002,0.69991,1,1
11.08.2021 01:22:32.186,0.70002,0.6999000000000001,1,2.62
11.08.2021 01:22:35.791,0.70002,0.69991,1,1
11.08.2021 01:22:37.274,0.70001,0.69991,1,5.44
11.08.2021 01:22:39.546,0.70002,0.69991,1,1
11.08.2021 01:22:40.639,0.70003,0.69991,1,1.5
11.08.2021 01:22:51.264,0.70004,0.69991,1.5,2.25
11.08.2021 01:22:53.782,0.70003,0.69991,1,1
11.08.2021 01:22:53.883,0.70003,0.6999000000000001,1,2.06
11.08.2021 01:22:56.150,0.70002,0.6999000000000001,1,1.87
11.08.2021 01:22:57.036,0.70002,0.69991,1,1
11.08.2021 01:23:01.202,0.70002,0.6999000000000001,1,1.12
11.08.2021 01:23:01.310,0.70001,0.69989,1,2.75
11.08.2021 01:23:07.479,0.70001,0.69989,1,2.81
11.08.2021 01:23:08.037,0.70002,0.69989,1,5.06
11.08.2021 01:23:10.146,0.70001,0.6999000000000001,1,4.37
11.08.2021 01:23:10.247,0.70002,0.69991,1,1
11.08.2021 01:23:10.988,0.70002,0.6999000000000001,1,1.5
11.08.2021 01:23:20.931,0.70003,0.6999000000000001,1,2.06
11.08.2021 01:23:45.332,0.7000000000000001,0.6999000000000001,1,1.5
11.08.2021 01:23:51.232,0.69999,0.6999000000000001,1,1
11.08.2021 01:23:52.080,0.70002,0.69989,1.69,2.25
11.08.2021 01:23:52.232,0.70002,0.69991,1,1.25
11.08.2021 01:23:57.221,0.70002,0.69992,1,2.44
11.08.2021 01:24:02.619,0.70004,0.69994,1,3.94
11.08.2021 01:24:02.721,0.70008,0.69999,1,1
11.08.2021 01:24:02.822,0.70006,0.69994,1,1.87
11.08.2021 01:24:02.974,0.7000500000000001,0.69994,1.25,1
11.08.2021 01:24:03.075,0.70004,0.69994,1,1
11.08.2021 01:24:17.484,0.70004,0.69993,1,1
11.08.2021 01:24:19.182,0.70004,0.69992,1,1
11.08.2021 01:24:27.243,0.70003,0.69994,1,2.44
11.08.2021 01:24:27.294,0.70006,0.6999500000000001,1.5,1
11.08.2021 01:24:27.395,0.70007,0.6999500000000001,1.87,1
11.08.2021 01:24:27.497,0.7000500000000001,0.69994,1.25,1
11.08.2021 01:24:27.598,0.70004,0.69994,1,1
11.08.2021 01:24:27.822,0.70003,0.69992,1,1
11.08.2021 01:24:29.157,0.70002,0.69994,1,1
11.08.2021 01:24:29.258,0.70006,0.69994,1,5.25
11.08.2021 01:24:29.309,0.70007,0.69996,1,1.5
11.08.2021 01:24:29.410,0.70007,0.69997,1.5,1
11.08.2021 01:24:29.512,0.70004,0.69993,1,1.5
11.08.2021 01:24:29.664,0.70004,0.69993,1,1
11.08.2021 01:24:31.991,0.70003,0.69993,1,1
11.08.2021 01:24:40.083,0.70004,0.69993,1,1
11.08.2021 01:24:40.393,0.70006,0.69994,1,1.5
11.08.2021 01:24:40.545,0.70004,0.69994,1,1
11.08.2021 01:24:40.596,0.70003,0.69992,1,1.5
11.08.2021 01:24:42.471,0.7000000000000001,0.69992,1,1
11.08.2021 01:24:42.573,0.7000000000000001,0.69993,1,1
11.08.2021 01:24:42.724,0.70004,0.69991,1.75,1
11.08.2021 01:24:43.437,0.70003,0.69991,1.75,1.87
11.08.2021 01:24:43.493,0.69997,0.6999000000000001,1,1.5
11.08.2021 01:24:48.389,0.69997,0.69989,1,1.69
11.08.2021 01:24:48.491,0.69994,0.69989,1,1
11.08.2021 01:24:58.323,0.6999500000000001,0.69987,1,1.5
11.08.2021 01:25:02.922,0.6999500000000001,0.6998800000000001,1,1.5
11.08.2021 01:25:08.018,0.69994,0.69987,1,1
11.08.2021 01:25:08.364,0.69994,0.6998800000000001,1,1
11.08.2021 01:25:09.029,0.6999500000000001,0.6998800000000001,1,1
11.08.2021 01:25:13.352,0.69996,0.6998800000000001,1,1
11.08.2021 01:25:19.923,0.69996,0.69989,1,1
11.08.2021 01:25:20.025,0.69997,0.69989,1,1
11.08.2021 01:25:28.025,0.69999,0.6999000000000001,1,1
11.08.2021 01:25:31.884,0.70002,0.69991,1.25,1
11.08.2021 01:26:03.269,0.70003,0.69993,1.25,1
11.08.2021 01:26:03.370,0.70003,0.69994,1,1
11.08.2021 01:26:03.471,0.7001000000000001,0.69998,2.19,1
11.08.2021 01:26:03.573,0.70007,0.69996,1.69,1.12
11.08.2021 01:26:03.724,0.7000500000000001,0.69994,1.75,2
11.08.2021 01:26:03.775,0.7000500000000001,0.69994,1.75,1
11.08.2021 01:26:07.584,0.7000500000000001,0.69993,1.75,1
11.08.2021 01:26:11.934,0.7000500000000001,0.69992,2.5,1.5
11.08.2021 01:26:35.698,0.70003,0.69991,1.25,1
11.08.2021 01:26:35.800,0.70003,0.6999000000000001,1.69,1.5
11.08.2021 01:26:35.901,0.70002,0.6999000000000001,1.69,1
11.08.2021 01:26:36.003,0.70001,0.69991,1.75,1
11.08.2021 01:26:36.104,0.70001,0.69989,1.25,1.5
11.08.2021 01:26:43.291,0.70001,0.69991,1,1
11.08.2021 01:26:46.924,0.70001,0.69989,1,1.5
11.08.2021 01:26:47.055,0.70002,0.69989,1.25,1.5
11.08.2021 01:26:55.990,0.70003,0.69991,1.87,1
11.08.2021 01:27:00.646,0.70002,0.69991,1.31,1
11.08.2021 01:27:01.530,0.70003,0.69991,1.25,1
11.08.2021 01:27:02.054,0.70001,0.69992,1,1
11.08.2021 01:27:03.638,0.70002,0.69991,1.25,1
11.08.2021 01:27:03.689,0.70001,0.69989,1.25,1
11.08.2021 01:27:03.790,0.70001,0.6999000000000001,1,1
11.08.2021 01:27:10.922,0.70004,0.69991,1.69,2.25
11.08.2021 01:27:10.973,0.70004,0.69993,1,1
11.08.2021 01:27:11.074,0.70006,0.6999500000000001,1.5,1
11.08.2021 01:27:11.175,0.7000500000000001,0.69993,2.5,1
11.08.2021 01:27:11.276,0.70004,0.69991,1.75,2
11.08.2021 01:27:11.377,0.70004,0.69991,1.75,1.5
11.08.2021 01:27:19.029,0.70004,0.69994,1,3.94
11.08.2021 01:27:19.080,0.70007,0.69994,1.5,2.44
11.08.2021 01:27:19.181,0.70006,0.69996,1.5,1
11.08.2021 01:27:19.283,0.7000500000000001,0.69994,1.25,1
11.08.2021 01:27:19.385,0.70003,0.69994,1.25,1
11.08.2021 01:27:23.507,0.70003,0.69993,1,1
11.08.2021 01:27:27.717,0.70004,0.69993,1.25,1
11.08.2021 01:27:38.374,0.70003,0.69993,1.25,1.5
11.08.2021 01:27:51.367,0.7000500000000001,0.69994,1.69,3
11.08.2021 01:27:51.418,0.70007,0.6999500000000001,1.5,2.44
11.08.2021 01:27:51.469,0.70009,0.69997,1.5,1.69
11.08.2021 01:27:51.570,0.70009,0.69997,1,1
11.08.2021 01:27:51.671,0.70006,0.69993,2.5,2.75
11.08.2021 01:27:51.772,0.7000500000000001,0.69993,1.25,1
11.08.2021 01:27:52.377,0.7000500000000001,0.69994,1,1.25
11.08.2021 01:27:52.478,0.70006,0.69996,1,1.25
11.08.2021 01:27:52.580,0.70006,0.69994,1.75,1.5
11.08.2021 01:27:52.698,0.7000500000000001,0.69993,1.25,1.5
11.08.2021 01:27:55.441,0.70004,0.69996,1,3.19
11.08.2021 01:27:55.547,0.70008,0.69998,1.87,1.69
11.08.2021 01:27:55.649,0.70009,0.69998,1.31,1
11.08.2021 01:27:55.755,0.70009,0.69997,1.69,1
11.08.2021 01:27:55.857,0.70006,0.6999500000000001,1.25,1.5
11.08.2021 01:27:55.907,0.7000500000000001,0.69993,1.25,1.5
11.08.2021 01:28:07.766,0.70008,0.69998,2,1
11.08.2021 01:28:07.868,0.7001100000000001,0.69999,2.56,1
11.08.2021 01:28:07.969,0.70009,0.69998,2.25,1.5
11.08.2021 01:28:08.070,0.70008,0.69996,1.5,1.69
11.08.2021 01:28:08.172,0.7000500000000001,0.6999500000000001,1,1.5
11.08.2021 01:28:08.273,0.70007,0.69994,1.69,1.5
11.08.2021 01:28:08.374,0.70004,0.69994,1,1
11.08.2021 01:28:08.722,0.70004,0.69992,1,1.5
11.08.2021 01:28:09.189,0.70006,0.69994,1,1
11.08.2021 01:28:09.341,0.70004,0.69994,1.69,1.5
11.08.2021 01:28:09.442,0.70004,0.69992,1,2.44
11.08.2021 01:28:11.226,0.70003,0.69991,1,1.5
11.08.2021 01:28:11.378,0.70002,0.6999000000000001,1,1.5
11.08.2021 01:28:14.251,0.70003,0.69991,1,1.5
11.08.2021 01:28:16.069,0.70004,0.69991,2.25,1.5
11.08.2021 01:28:24.853,0.70004,0.69992,1.5,1.5
11.08.2021 01:28:34.424,0.7000500000000001,0.69993,1.5,1
11.08.2021 01:28:34.525,0.70008,0.69998,1.5,1.5
11.08.2021 01:28:34.627,0.7001000000000001,0.69999,1.75,1
11.08.2021 01:28:34.678,0.7001000000000001,0.69999,1.25,1
11.08.2021 01:28:34.779,0.70006,0.69996,1.5,1.12
11.08.2021 01:28:34.880,0.70006,0.69994,2.5,1.5
11.08.2021 01:28:34.981,0.7000500000000001,0.69993,1.69,1
11.08.2021 01:28:35.133,0.70006,0.69994,2.62,1.5
11.08.2021 01:28:35.285,0.7000500000000001,0.69993,1.69,1
11.08.2021 01:28:35.386,0.70004,0.69992,1,1
11.08.2021 01:28:38.093,0.70003,0.69991,1,1
11.08.2021 01:28:38.195,0.70001,0.69991,1,1
11.08.2021 01:28:52.717,0.70003,0.69991,1.5,1
11.08.2021 01:28:53.183,0.70002,0.69991,1.5,1.5
11.08.2021 01:29:00.311,0.70003,0.69993,1,1
11.08.2021 01:29:09.708,0.70003,0.69992,1.25,1
11.08.2021 01:29:10.107,0.70003,0.69993,1.25,1
11.08.2021 01:29:17.805,0.70003,0.69992,1.25,1
11.08.2021 01:29:19.893,0.70003,0.69991,1.25,1
11.08.2021 01:29:33.452,0.70002,0.69991,1,1
11.08.2021 01:29:43.164,0.70004,0.69994,3.69,1
11.08.2021 01:29:45.536,0.7000500000000001,0.69993,3.56,1
11.08.2021 01:29:48.972,0.7000000000000001,0.6999000000000001,1,1.5
11.08.2021 01:29:51.477,0.70001,0.6999000000000001,1,1.5
11.08.2021 01:29:52.582,0.70001,0.69991,1,1.5
11.08.2021 01:30:00.334,0.70006,0.69994,1,1.75
11.08.2021 01:30:00.436,0.70009,0.69998,1.5,2.62
11.08.2021 01:30:00.538,0.70008,0.69996,1,1
11.08.2021 01:30:00.640,0.70003,0.69994,1,1.5
11.08.2021 01:30:00.742,0.70003,0.69994,1,1
11.08.2021 01:30:01.225,0.70004,0.69994,1,1.5
11.08.2021 01:30:01.276,0.70007,0.69998,1,1.25
11.08.2021 01:30:01.327,0.7001100000000001,0.69999,1.12,1.5
11.08.2021 01:30:01.377,0.70008,0.69997,1.69,1
11.08.2021 01:30:01.479,0.70006,0.69996,1.69,1
11.08.2021 01:30:01.529,0.70004,0.69996,2.5,1
11.08.2021 01:30:01.631,0.70004,0.69992,1.25,1.5
11.08.2021 01:30:01.772,0.70003,0.69993,1.25,1
11.08.2021 01:30:02.632,0.7000500000000001,0.69994,1,1
11.08.2021 01:30:02.784,0.70004,0.69993,1,1
11.08.2021 01:30:03.032,0.70003,0.69993,1,1
11.08.2021 01:30:13.163,0.70004,0.69993,1,1
11.08.2021 01:30:16.336,0.70007,0.69996,1,1
11.08.2021 01:30:16.437,0.7001100000000001,0.69999,2.56,1.5
11.08.2021 01:30:16.538,0.70008,0.69996,1,1.87
11.08.2021 01:30:16.589,0.7001000000000001,0.69999,2.44,1
11.08.2021 01:30:16.691,0.70006,0.69998,1.25,1
11.08.2021 01:30:16.742,0.70007,0.6999500000000001,1.5,1
11.08.2021 01:30:16.793,0.70004,0.69994,1,1.5
11.08.2021 01:30:16.995,0.70004,0.69992,1,1.5
11.08.2021 01:30:17.102,0.70002,0.69991,1.25,2.62
11.08.2021 01:30:21.547,0.70003,0.69992,1.75,1
11.08.2021 01:30:28.088,0.70004,0.69991,1.25,1
11.08.2021 01:30:28.189,0.70003,0.69993,1.25,1
11.08.2021 01:30:28.771,0.7000500000000001,0.69992,1,3.25
11.08.2021 01:30:28.822,0.70007,0.69996,1.5,1
11.08.2021 01:30:28.973,0.70006,0.69994,1.25,1
11.08.2021 01:30:29.075,0.7000500000000001,0.69994,2.44,1
11.08.2021 01:30:30.083,0.7000500000000001,0.69992,1,1
11.08.2021 01:30:37.861,0.7000500000000001,0.69992,2.5,1
11.08.2021 01:30:38.013,0.70002,0.69992,1,1
11.08.2021 01:30:41.984,0.7000500000000001,0.69992,2.81,1
11.08.2021 01:30:42.085,0.7000500000000001,0.69992,3.62,1
11.08.2021 01:30:45.191,0.70004,0.69994,3.25,1
11.08.2021 01:30:46.188,0.7000500000000001,0.69994,1,1
11.08.2021 01:30:46.239,0.70008,0.69997,1.5,1.25
11.08.2021 01:30:46.290,0.7001000000000001,0.69999,1.5,1
11.08.2021 01:30:46.391,0.7001100000000001,0.7000000000000001,1.12,1
11.08.2021 01:30:52.815,0.7001100000000001,0.70002,1.31,1
11.08.2021 01:30:54.543,0.70015,0.70006,1,1
11.08.2021 01:30:54.644,0.70019,0.7001000000000001,1.8,1
11.08.2021 01:30:54.695,0.7002100000000001,0.70007,2.37,1
11.08.2021 01:30:54.796,0.7002100000000001,0.70009,1.75,1
11.08.2021 01:30:54.897,0.7002100000000001,0.7001000000000001,1.75,1
11.08.2021 01:30:56.327,0.7002100000000001,0.70009,1.75,1
11.08.2021 01:30:56.630,0.70019,0.70008,1,1
11.08.2021 01:30:57.352,0.70015,0.70006,4.31,1
11.08.2021 01:30:58.112,0.7001600000000001,0.70004,3.56,1
11.08.2021 01:30:59.270,0.7001600000000001,0.70007,1.69,1
11.08.2021 01:31:02.918,0.70018,0.70006,3.56,1
11.08.2021 01:31:03.343,0.70018,0.70007,2.25,1
11.08.2021 01:31:03.444,0.7002,0.70009,1.12,1
11.08.2021 01:31:09.854,0.70019,0.70007,1.25,1.5
11.08.2021 01:31:17.768,0.7001600000000001,0.70008,1,1
11.08.2021 01:31:17.819,0.70015,0.70006,1,1
11.08.2021 01:31:17.971,0.7001700000000001,0.7000500000000001,1.87,1
11.08.2021 01:31:18.992,0.70018,0.7000500000000001,2.06,1
11.08.2021 01:31:24.191,0.7001700000000001,0.70007,1.31,1
11.08.2021 01:31:46.274,0.7002,0.70007,3.75,1.5
11.08.2021 01:31:46.325,0.7002,0.70009,1.5,1
11.08.2021 01:31:46.376,0.7002,0.70009,1,1
11.08.2021 01:31:49.034,0.7002,0.7001000000000001,2.06,1
11.08.2021 01:31:52.974,0.7002,0.7001100000000001,1.25,1
11.08.2021 01:31:53.345,0.7002100000000001,0.7001100000000001,1,1
11.08.2021 01:31:54.637,0.7002700000000001,0.7001600000000001,1,1.87
11.08.2021 01:31:54.739,0.7003,0.7002,2,1
11.08.2021 01:31:54.841,0.70032,0.7002,2.5,1
11.08.2021 01:31:57.129,0.70032,0.7002100000000001,1,1
11.08.2021 01:32:00.224,0.70032,0.7002200000000001,1.69,1
11.08.2021 01:32:02.450,0.70034,0.7002100000000001,1.87,1.5
11.08.2021 01:32:02.752,0.70034,0.7002200000000001,1.12,1.5
11.08.2021 01:32:04.471,0.70037,0.70025,1.31,1
11.08.2021 01:32:04.573,0.70038,0.70028,1.25,1.69
11.08.2021 01:32:04.623,0.7004100000000001,0.70032,1.87,1
11.08.2021 01:32:06.233,0.70042,0.7003,1.25,1.5
11.08.2021 01:32:07.389,0.70038,0.7002700000000001,1,1.5
11.08.2021 01:32:12.404,0.70039,0.7002700000000001,1,1.5
11.08.2021 01:32:15.968,0.70039,0.70028,1,1
11.08.2021 01:32:16.170,0.7004100000000001,0.70028,2.94,1
11.08.2021 01:32:16.712,0.7004100000000001,0.70029,1.75,1
11.08.2021 01:32:18.032,0.7004100000000001,0.70029,1,1
11.08.2021 01:32:20.202,0.70042,0.70029,3.56,1.5
11.08.2021 01:32:25.093,0.7004,0.7003,1,1.5
11.08.2021 01:32:25.194,0.7004,0.70029,1,1
11.08.2021 01:32:25.295,0.70039,0.7002700000000001,1,1.5
11.08.2021 01:32:25.598,0.70038,0.7002700000000001,1.5,1.5
11.08.2021 01:32:26.747,0.70034,0.70024,2,1.5
11.08.2021 01:32:26.850,0.70035,0.70023,1.5,1.5
11.08.2021 01:32:33.718,0.7003600000000001,0.70024,3.69,1
11.08.2021 01:32:33.769,0.70037,0.70025,1.87,1.5
11.08.2021 01:32:33.870,0.70037,0.7002600000000001,1.12,1
11.08.2021 01:32:34.811,0.70038,0.7002700000000001,1.12,1.25
11.08.2021 01:32:34.912,0.7004,0.7002700000000001,2.19,1
11.08.2021 01:32:36.061,0.7004,0.7002700000000001,1.69,1
11.08.2021 01:32:42.136,0.7004,0.7002700000000001,2.19,1
11.08.2021 01:32:47.850,0.7004,0.70028,1.75,1
11.08.2021 01:32:52.480,0.70039,0.70029,1.25,1
11.08.2021 01:32:55.091,0.7004,0.7002700000000001,1.69,1
11.08.2021 01:33:00.095,0.7004100000000001,0.70028,2.06,1
11.08.2021 01:33:00.197,0.7004100000000001,0.70029,1.31,1
11.08.2021 01:33:01.268,0.70039,0.7002700000000001,1,1
11.08.2021 01:33:05.205,0.70039,0.7002600000000001,1.69,1
11.08.2021 01:33:06.551,0.70039,0.7002700000000001,1.25,1
11.08.2021 01:33:07.510,0.70039,0.70028,2.06,1
11.08.2021 01:33:11.031,0.7004,0.70028,1,1
11.08.2021 01:33:11.132,0.7004100000000001,0.70028,1.25,1
11.08.2021 01:33:13.596,0.7004100000000001,0.70029,1.31,1
11.08.2021 01:33:13.906,0.70042,0.7003,1.25,1
11.08.2021 01:33:18.200,0.70042,0.7003100000000001,1,1
11.08.2021 01:33:23.344,0.70043,0.7003100000000001,1.25,1
11.08.2021 01:33:23.813,0.70044,0.7003100000000001,1.5,1
11.08.2021 01:33:23.920,0.7004600000000001,0.70034,1.12,1
11.08.2021 01:33:24.022,0.70047,0.70035,1.75,1
11.08.2021 01:33:24.123,0.7004600000000001,0.7003600000000001,1.25,1
11.08.2021 01:33:24.275,0.70047,0.7003600000000001,1,1.75
11.08.2021 01:33:24.377,0.70049,0.7004,1.75,1.5
11.08.2021 01:33:24.478,0.70049,0.7004,1.25,1.5
11.08.2021 01:33:24.805,0.70052,0.70039,6.06,1.5
11.08.2021 01:33:25.048,0.70052,0.7004,1.75,1
11.08.2021 01:33:30.612,0.7005,0.70037,1.69,1
11.08.2021 01:33:30.714,0.70049,0.7003600000000001,1,1.12
11.08.2021 01:33:55.041,0.7004800000000001,0.70043,1.25,1
11.08.2021 01:33:59.089,0.70049,0.7004100000000001,1.31,1
11.08.2021 01:33:59.445,0.70045,0.7003600000000001,4.75,1
11.08.2021 01:34:00.100,0.7004600000000001,0.70035,4.31,1
11.08.2021 01:34:00.498,0.7004800000000001,0.70037,4.19,1
11.08.2021 01:34:01.103,0.70045,0.70035,2,1
11.08.2021 01:34:01.925,0.7004600000000001,0.7003600000000001,1,1.75
11.08.2021 01:34:02.027,0.7005100000000001,0.70039,1,1
11.08.2021 01:34:02.128,0.70052,0.70044,2.87,1
11.08.2021 01:34:07.524,0.70052,0.70045,1,1
11.08.2021 01:34:11.611,0.7005100000000001,0.7004600000000001,1.75,1
11.08.2021 01:34:11.719,0.70052,0.70045,1.25,1
11.08.2021 01:34:15.749,0.70052,0.70044,2.44,1
11.08.2021 01:34:20.128,0.70052,0.70043,2.44,1
11.08.2021 01:34:20.229,0.7005100000000001,0.70043,1,1
11.08.2021 01:34:20.507,0.7004600000000001,0.70035,2.62,1.5
11.08.2021 01:34:20.557,0.70045,0.70035,2.19,1
11.08.2021 01:34:20.709,0.7004600000000001,0.7003600000000001,1,1
11.08.2021 01:34:21.215,0.7004600000000001,0.70037,1,1
11.08.2021 01:34:23.563,0.7005,0.7004,3,1
11.08.2021 01:34:23.614,0.7005,0.70037,2.19,1
11.08.2021 01:34:23.665,0.7005,0.70042,1.69,1
11.08.2021 01:34:27.258,0.7005100000000001,0.70042,1.69,1
11.08.2021 01:34:31.649,0.70052,0.70042,2.06,1
11.08.2021 01:34:31.750,0.70052,0.70043,1.31,1
11.08.2021 01:34:32.215,0.70057,0.7004800000000001,1,1
11.08.2021 01:34:32.317,0.70059,0.7004800000000001,1.5,1
11.08.2021 01:34:32.418,0.7006,0.7004800000000001,1.25,1
11.08.2021 01:34:32.519,0.7006,0.7005100000000001,1.25,1
11.08.2021 01:34:36.394,0.7006,0.7005300000000001,1.25,1
11.08.2021 01:34:36.830,0.7006100000000001,0.7005300000000001,1.69,1
11.08.2021 01:34:39.624,0.70062,0.7005100000000001,1.69,1
11.08.2021 01:34:52.864,0.70062,0.7005100000000001,2.5,1
11.08.2021 01:34:53.619,0.70062,0.7005100000000001,1.69,1
11.08.2021 01:34:57.089,0.70062,0.7005,1.69,1
11.08.2021 01:35:22.764,0.7006300000000001,0.7005,2.44,1
11.08.2021 01:35:22.908,0.7006300000000001,0.7005100000000001,1.69,1
11.08.2021 01:35:33.274,0.7006300000000001,0.7005,1.75,1.5
11.08.2021 01:35:33.940,0.70062,0.7005,1.75,1
11.08.2021 01:35:34.575,0.70055,0.70047,2.75,1.25
11.08.2021 01:35:34.626,0.70055,0.7004600000000001,3.94,1
11.08.2021 01:35:34.678,0.70055,0.70044,2.19,1
11.08.2021 01:35:34.780,0.70055,0.70042,4.5,1
11.08.2021 01:35:34.881,0.70055,0.70043,3.75,1
11.08.2021 01:35:35.032,0.70054,0.70043,4.5,1.5
11.08.2021 01:35:35.642,0.70057,0.70044,3.69,1.5
11.08.2021 01:35:35.743,0.70057,0.70045,2.19,1
11.08.2021 01:35:36.480,0.7005800000000001,0.70045,4.5,1.5
11.08.2021 01:35:38.498,0.7005800000000001,0.7004600000000001,3.75,1
11.08.2021 01:35:39.832,0.7005800000000001,0.7004600000000001,1.69,1
11.08.2021 01:35:40.112,0.7005800000000001,0.70045,2.44,1.5
11.08.2021 01:35:41.182,0.7005800000000001,0.7004600000000001,1,1
11.08.2021 01:35:41.627,0.7006,0.7004800000000001,3.19,1
11.08.2021 01:35:42.543,0.70062,0.70049,3.25,1
11.08.2021 01:35:43.878,0.70062,0.70049,1.69,1.69
11.08.2021 01:35:44.667,0.70062,0.7005,1.5,1.69
11.08.2021 01:36:13.973,0.7006,0.7005,3.25,1
11.08.2021 01:36:14.074,0.7006,0.7004800000000001,1.25,2
11.08.2021 01:36:15.252,0.7006,0.70047,2.12,2
11.08.2021 01:36:15.551,0.70059,0.70047,1.25,1
11.08.2021 01:36:17.188,0.7005800000000001,0.70047,1,1
11.08.2021 01:36:18.121,0.70055,0.70042,3,2.87
11.08.2021 01:36:18.172,0.7005300000000001,0.70042,1,1.12
11.08.2021 01:36:18.324,0.7005300000000001,0.7004100000000001,1,2.06
11.08.2021 01:36:19.303,0.7005300000000001,0.7004,1.25,1.5
11.08.2021 01:36:19.404,0.70052,0.70039,1,2.81
11.08.2021 01:36:21.412,0.70052,0.7004,1,1.25
11.08.2021 01:36:21.565,0.70052,0.70039,1,2.62
11.08.2021 01:36:21.951,0.70052,0.7004,1,1
11.08.2021 01:36:24.753,0.7005600000000001,0.70043,1.5,1.69
11.08.2021 01:36:24.854,0.7005800000000001,0.7004600000000001,1.5,2.44
11.08.2021 01:36:24.955,0.7006,0.7004800000000001,1,1.5
11.08.2021 01:36:25.263,0.7006100000000001,0.70049,1,1.5
11.08.2021 01:36:26.663,0.7006100000000001,0.7005,1,1.25
11.08.2021 01:36:30.279,0.70062,0.7005,1,1.25
11.08.2021 01:36:32.317,0.70062,0.70049,1,2.44
11.08.2021 01:36:37.898,0.7006100000000001,0.7004800000000001,1.25,1
11.08.2021 01:36:37.999,0.70059,0.7004800000000001,1.25,1.5
11.08.2021 01:36:38.101,0.7005800000000001,0.7004800000000001,1,1.5
11.08.2021 01:36:38.202,0.70059,0.7004600000000001,2.25,1.87
11.08.2021 01:36:42.218,0.7005800000000001,0.7004600000000001,1,1
11.08.2021 01:36:46.904,0.70059,0.70047,1,1.87
11.08.2021 01:36:46.955,0.7006100000000001,0.7004800000000001,2.06,1.5
11.08.2021 01:37:00.481,0.7006100000000001,0.7004800000000001,1.5,3.25
11.08.2021 01:37:01.337,0.70062,0.70049,1.5,1.69
11.08.2021 01:37:02.778,0.70062,0.70049,1.5,3.25
11.08.2021 01:37:03.324,0.7006100000000001,0.7005,1.5,2.44
11.08.2021 01:37:10.276,0.7005800000000001,0.70049,1,1
11.08.2021 01:37:10.327,0.70054,0.70045,1,1
11.08.2021 01:37:10.378,0.7005300000000001,0.70043,1.12,1.69
11.08.2021 01:37:11.928,0.7005300000000001,0.70042,1,1
11.08.2021 01:37:12.029,0.70052,0.7004,1,2.44
11.08.2021 01:37:33.273,0.70052,0.70039,1.5,1.5
11.08.2021 01:37:33.375,0.7005100000000001,0.7004,2.5,1
11.08.2021 01:37:33.818,0.7005,0.7004,1.75,1
11.08.2021 01:37:35.228,0.7005100000000001,0.70039,1.25,1
11.08.2021 01:37:47.736,0.70054,0.70043,1.25,3.75
11.08.2021 01:37:47.837,0.70054,0.70044,1.87,1.5
11.08.2021 01:37:47.938,0.70055,0.70044,1,1
11.08.2021 01:37:48.164,0.70055,0.70043,1.69,1
11.08.2021 01:37:48.463,0.70055,0.70042,1.69,1
11.08.2021 01:37:48.564,0.70054,0.7004100000000001,1,4.87
11.08.2021 01:37:51.171,0.70055,0.70042,1,3.94
11.08.2021 01:37:51.272,0.70054,0.70044,1,1
11.08.2021 01:37:52.750,0.7005600000000001,0.70044,1.5,1
11.08.2021 01:37:57.869,0.7005600000000001,0.70047,1,1
11.08.2021 01:37:57.920,0.7006,0.70047,2.5,1.87
11.08.2021 01:37:58.021,0.7006,0.7004800000000001,1.75,1
11.08.2021 01:37:59.469,0.7006,0.7004800000000001,1.25,1
11.08.2021 01:38:00.709,0.7005800000000001,0.7004800000000001,1.25,1
11.08.2021 01:38:00.810,0.7005600000000001,0.7004600000000001,1,1
11.08.2021 01:38:00.971,0.7005600000000001,0.70045,1,1
11.08.2021 01:38:01.588,0.70057,0.70044,2.5,1.12
11.08.2021 01:38:01.790,0.7005600000000001,0.70045,1.25,1
11.08.2021 01:38:01.952,0.7005600000000001,0.7004600000000001,1,1.5
11.08.2021 01:38:02.278,0.7005800000000001,0.70047,1.25,1
11.08.2021 01:38:05.206,0.7006,0.70049,1.75,1
11.08.2021 01:38:05.547,0.7006,0.70049,1,1
11.08.2021 01:38:05.648,0.7006100000000001,0.70049,2.44,1
11.08.2021 01:38:08.657,0.7006100000000001,0.7004800000000001,2.44,1.5
11.08.2021 01:38:09.626,0.7006,0.7004800000000001,1,1
11.08.2021 01:38:09.735,0.70059,0.70047,1,2.06
11.08.2021 01:38:11.154,0.70059,0.70049,1,1
11.08.2021 01:38:11.255,0.7006300000000001,0.70052,2,1
11.08.2021 01:38:11.357,0.7006100000000001,0.7005,1.5,2.25
11.08.2021 01:38:11.458,0.7006,0.7004800000000001,1,1.5
11.08.2021 01:38:11.559,0.70059,0.70049,1,1.12
11.08.2021 01:38:13.272,0.70059,0.7004800000000001,1,1
11.08.2021 01:38:16.305,0.70059,0.70049,1,1
11.08.2021 01:38:16.446,0.70059,0.7004800000000001,1,1.5
11.08.2021 01:38:17.122,0.7005800000000001,0.7005,1,2.25
11.08.2021 01:38:17.223,0.70059,0.7004800000000001,1,3.94
11.08.2021 01:38:29.011,0.7006,0.7004800000000001,1.5,3
11.08.2021 01:38:29.163,0.7006,0.70049,1.5,2.25
11.08.2021 01:38:29.264,0.7006,0.7004800000000001,1.5,1
11.08.2021 01:38:40.456,0.7006,0.7005,1,1
11.08.2021 01:38:40.557,0.7006,0.70049,1,1
11.08.2021 01:38:43.374,0.7006300000000001,0.7005300000000001,1.5,1.5
11.08.2021 01:38:43.476,0.70064,0.70054,1.5,3.75
11.08.2021 01:38:44.892,0.70065,0.70054,1.5,1
11.08.2021 01:38:48.327,0.7006600000000001,0.70054,1,5.81
11.08.2021 01:38:48.428,0.70067,0.70054,1,5.06
11.08.2021 01:38:49.496,0.7006600000000001,0.70054,1,1.12
11.08.2021 01:38:49.547,0.70064,0.7005300000000001,1,1.5
11.08.2021 01:38:49.699,0.70064,0.7005300000000001,1,1
11.08.2021 01:38:50.064,0.7006300000000001,0.7005300000000001,1,1
11.08.2021 01:38:50.165,0.7006300000000001,0.70052,1,1.12
11.08.2021 01:38:50.584,0.7006,0.7005100000000001,1,1
11.08.2021 01:38:50.635,0.7006,0.7004800000000001,1,5.62
11.08.2021 01:38:53.281,0.7006,0.70047,1,4.12
11.08.2021 01:38:56.182,0.7006,0.7004800000000001,1,1
11.08.2021 01:39:02.279,0.70057,0.7004800000000001,1,1
11.08.2021 01:39:02.385,0.70052,0.7004100000000001,1,1.81
11.08.2021 01:39:02.688,0.70052,0.70044,1,1
11.08.2021 01:39:02.891,0.70052,0.70043,1,3.69
11.08.2021 01:39:03.094,0.70055,0.70042,1.25,2
11.08.2021 01:39:04.040,0.7005300000000001,0.70043,1,2.37
11.08.2021 01:39:04.141,0.7005300000000001,0.70042,1.25,4.44
11.08.2021 01:39:04.243,0.7005300000000001,0.70042,1.69,1.5
11.08.2021 01:39:07.910,0.7005300000000001,0.7004100000000001,1,1
11.08.2021 01:39:08.114,0.7005100000000001,0.70039,1,5.81
11.08.2021 01:39:08.315,0.70052,0.7004100000000001,1,1
11.08.2021 01:39:08.672,0.7005100000000001,0.7004,1,1
11.08.2021 01:39:08.774,0.70049,0.70039,1,1
11.08.2021 01:39:08.875,0.7004800000000001,0.70038,1,2.25
11.08.2021 01:39:12.497,0.70047,0.70035,1,1.12
11.08.2021 01:39:12.598,0.7004600000000001,0.70034,1,1.5
11.08.2021 01:39:12.703,0.7004600000000001,0.70034,1,1.12
11.08.2021 01:39:14.739,0.70045,0.70033,1,1
11.08.2021 01:39:14.841,0.70044,0.7003100000000001,1,2.37
11.08.2021 01:39:14.942,0.70044,0.7003100000000001,1,1.5
11.08.2021 01:39:19.895,0.70044,0.70033,1,1
11.08.2021 01:39:19.996,0.70045,0.70033,1,1
11.08.2021 01:39:21.335,0.7004600000000001,0.70033,1,1.5
11.08.2021 01:39:24.746,0.70047,0.70035,1,1
11.08.2021 01:39:24.847,0.70049,0.70037,1,1.12
11.08.2021 01:39:31.321,0.70049,0.70039,1,1
11.08.2021 01:39:35.499,0.70049,0.70038,1,1.12
11.08.2021 01:39:37.850,0.7005,0.70038,1,1.12
11.08.2021 01:39:38.619,0.70047,0.70034,1.69,2.75
11.08.2021 01:39:38.720,0.70045,0.70032,1,5
11.08.2021 01:39:38.822,0.70044,0.70032,1,3.75
11.08.2021 01:39:40.593,0.70044,0.70033,1.5,3
11.08.2021 01:39:40.708,0.70044,0.7003100000000001,1.5,3
11.08.2021 01:39:40.759,0.7004100000000001,0.70029,1,1.5
11.08.2021 01:39:40.911,0.7004,0.7003,1,4.12
11.08.2021 01:39:43.382,0.7004,0.7003100000000001,1,1
11.08.2021 01:39:45.666,0.70042,0.7003100000000001,1,3
11.08.2021 01:39:45.996,0.70043,0.70032,1,3.75
11.08.2021 01:39:46.097,0.70044,0.70032,1,3.75
11.08.2021 01:39:46.373,0.70043,0.70034,1,1.5
11.08.2021 01:39:46.474,0.70045,0.70034,1.5,3
11.08.2021 01:39:47.152,0.70044,0.7003600000000001,1,1
11.08.2021 01:39:47.254,0.7004600000000001,0.70035,1,1
11.08.2021 01:39:47.805,0.7004600000000001,0.70034,1,1.87
11.08.2021 01:39:47.906,0.70045,0.70034,1.5,1.12
11.08.2021 01:39:49.455,0.70045,0.70035,1,3
11.08.2021 01:39:49.505,0.70047,0.70035,1.5,3
11.08.2021 01:39:49.556,0.70049,0.7003600000000001,1.5,3.5
11.08.2021 01:39:51.512,0.70049,0.70039,1.5,1
11.08.2021 01:39:54.480,0.7005,0.70037,3.25,1
11.08.2021 01:39:54.581,0.7004800000000001,0.70035,1,2
11.08.2021 01:39:54.682,0.70047,0.7003600000000001,1.5,1.5
11.08.2021 01:39:55.472,0.70043,0.70034,1,1
11.08.2021 01:39:55.523,0.7004100000000001,0.7003100000000001,1.5,3.37
11.08.2021 01:39:56.962,0.70042,0.70029,2.5,1
11.08.2021 01:39:57.013,0.70039,0.70028,1,4.37
11.08.2021 01:39:57.116,0.7004,0.70029,1,1.69
11.08.2021 01:39:58.877,0.70039,0.70029,1,2.06
11.08.2021 01:40:00.356,0.70039,0.7003,1.5,1
11.08.2021 01:40:01.718,0.7004,0.70028,1.5,4.12
11.08.2021 01:40:04.481,0.70039,0.7003,1,1
11.08.2021 01:40:05.271,0.7004,0.70028,1,1.5
11.08.2021 01:40:08.317,0.7004100000000001,0.70028,1.5,4.5
11.08.2021 01:40:08.797,0.7004,0.7002700000000001,1,5.06
11.08.2021 01:40:10.654,0.7004,0.70028,1,1.5
11.08.2021 01:40:10.856,0.7004,0.7002700000000001,1,4.87
11.08.2021 01:40:11.108,0.7004,0.70028,1.5,3
11.08.2021 01:40:11.209,0.7004100000000001,0.70028,1.5,3.94
11.08.2021 01:40:13.461,0.7004,0.7002700000000001,1.5,4.12
11.08.2021 01:40:14.208,0.7004,0.70028,1.5,1.5
11.08.2021 01:40:14.752,0.7004,0.70029,1.5,1.5
11.08.2021 01:40:14.954,0.7004100000000001,0.70029,1.5,1
11.08.2021 01:40:15.235,0.7004100000000001,0.70028,1.69,1
11.08.2021 01:40:18.191,0.7004,0.7002700000000001,1,4.31
11.08.2021 01:40:18.996,0.70039,0.70029,1,1
11.08.2021 01:40:20.983,0.7004,0.70029,1,3.75
11.08.2021 01:40:21.373,0.7004,0.70028,1,4.69
11.08.2021 01:40:28.641,0.70039,0.70028,1,2.25
11.08.2021 01:40:29.210,0.7004,0.70028,1.5,3.75
11.08.2021 01:40:34.914,0.7004,0.70029,1.5,1
11.08.2021 01:40:35.015,0.7004,0.7003,1,3
11.08.2021 01:40:35.116,0.7004,0.70028,1,5.44
11.08.2021 01:40:37.564,0.7004,0.70029,1,1.5
11.08.2021 01:40:37.958,0.70039,0.70029,1,4.69
11.08.2021 01:40:41.055,0.7004,0.70029,1,1
11.08.2021 01:40:41.374,0.7004,0.70028,1,5.06
11.08.2021 01:40:41.776,0.7004,0.70029,1,3
11.08.2021 01:40:43.994,0.7004100000000001,0.70034,1.5,1
11.08.2021 01:40:44.096,0.70045,0.70033,1,1.69
11.08.2021 01:40:49.629,0.70045,0.70034,1,1
11.08.2021 01:40:49.730,0.70045,0.70033,1,5.25
11.08.2021 01:40:50.993,0.7004100000000001,0.7003100000000001,1,1.69
11.08.2021 01:40:51.195,0.7004100000000001,0.70029,1,3
11.08.2021 01:40:51.448,0.7004,0.70029,1,5.81
11.08.2021 01:40:52.078,0.7004100000000001,0.70029,1,1
11.08.2021 01:40:52.626,0.7004100000000001,0.70028,1,2.62
11.08.2021 01:40:53.377,0.7004,0.7002700000000001,1,5.75
11.08.2021 01:40:54.345,0.7004,0.7002700000000001,1,4.69
11.08.2021 01:40:54.446,0.7004,0.70028,1,2.25
11.08.2021 01:40:58.286,0.70039,0.70028,1,3
11.08.2021 01:41:00.052,0.7004,0.70028,1,3.94
11.08.2021 01:41:00.643,0.70039,0.7003,1,3
11.08.2021 01:41:00.795,0.7004,0.7003100000000001,1,3
11.08.2021 01:41:00.846,0.70044,0.70032,1,3.19
11.08.2021 01:41:08.170,0.70044,0.70033,1,2.62
11.08.2021 01:41:08.271,0.70045,0.70034,1,1
11.08.2021 01:41:08.372,0.7004800000000001,0.7003600000000001,1,1.5
11.08.2021 01:41:10.046,0.7004800000000001,0.7003600000000001,1,1.25
11.08.2021 01:41:10.198,0.70047,0.70035,1,2.19
11.08.2021 01:41:10.299,0.7004600000000001,0.7003600000000001,1,1.25
11.08.2021 01:41:10.401,0.7004600000000001,0.70034,1,3.56
11.08.2021 01:41:12.636,0.70045,0.7003600000000001,1,1.5
11.08.2021 01:41:12.738,0.7004800000000001,0.70035,1,3.19
11.08.2021 01:41:12.913,0.70047,0.70035,1,1.12
11.08.2021 01:41:13.014,0.7004600000000001,0.70034,1,1.75
11.08.2021 01:41:13.115,0.7004600000000001,0.70034,1,1.25
11.08.2021 01:41:13.641,0.70045,0.70034,1,2.06
11.08.2021 01:41:13.742,0.70045,0.70033,1,1.87
11.08.2021 01:41:13.843,0.70042,0.70032,1,1.12
11.08.2021 01:41:14.548,0.70042,0.7003,1,1
11.08.2021 01:41:14.651,0.7004,0.70028,1,3
11.08.2021 01:41:15.655,0.7004,0.70029,1,2.25
11.08.2021 01:41:18.532,0.70039,0.7003100000000001,1,3
11.08.2021 01:41:18.835,0.7004,0.70029,1,3.94
11.08.2021 01:41:18.987,0.70043,0.70032,1,3
11.08.2021 01:41:19.088,0.70044,0.7003100000000001,1,5.5
11.08.2021 01:41:38.706,0.70044,0.7003100000000001,1,3.56
11.08.2021 01:41:38.858,0.7004,0.7003,1,1.5
11.08.2021 01:41:39.016,0.7004,0.7003,1,4.12
11.08.2021 01:41:40.658,0.7004,0.70029,1,1.12
11.08.2021 01:41:43.179,0.7004,0.70028,1,1.12
11.08.2021 01:41:43.281,0.70039,0.7002700000000001,1.25,5.56
11.08.2021 01:41:46.160,0.7004,0.70028,1,3
11.08.2021 01:41:46.513,0.7004100000000001,0.70028,1,5.25
11.08.2021 01:41:48.617,0.7004100000000001,0.70032,1,3
11.08.2021 01:41:48.719,0.70043,0.7003100000000001,1,3.19
11.08.2021 01:41:48.770,0.70044,0.70033,1.12,4.69
11.08.2021 01:41:50.794,0.70043,0.70032,1,1.31
11.08.2021 01:41:50.998,0.70044,0.70032,1,3.19
11.08.2021 01:41:59.849,0.70044,0.7003100000000001,1,4.12
11.08.2021 01:42:04.362,0.70044,0.70033,1,1
11.08.2021 01:42:04.463,0.7004800000000001,0.7003600000000001,1,2.25
11.08.2021 01:42:04.565,0.70049,0.70037,1.12,2.25
11.08.2021 01:42:05.176,0.70049,0.70037,1.25,5
11.08.2021 01:42:16.308,0.7005,0.70038,1,1
11.08.2021 01:42:18.704,0.7005,0.70037,1.69,1.12
11.08.2021 01:42:19.784,0.7004800000000001,0.70035,1,2.75
11.08.2021 01:42:19.886,0.7004,0.7003100000000001,1,1.5
11.08.2021 01:42:20.038,0.70039,0.70028,1,4.31
11.08.2021 01:42:22.017,0.7004,0.7002700000000001,1,5.19
11.08.2021 01:42:22.119,0.70039,0.7002700000000001,1,2.56
11.08.2021 01:42:27.102,0.7003600000000001,0.7002700000000001,1,1
11.08.2021 01:42:27.254,0.70037,0.70025,1,1.12
11.08.2021 01:42:27.355,0.7003600000000001,0.70025,1,1.12
11.08.2021 01:42:28.134,0.7003600000000001,0.7002600000000001,1,1.5
11.08.2021 01:42:28.185,0.70039,0.7002700000000001,1,3.37
11.08.2021 01:42:30.040,0.70039,0.70028,1,1
11.08.2021 01:42:30.141,0.70039,0.7002700000000001,1,4.12
11.08.2021 01:42:32.295,0.70038,0.70029,1,1
11.08.2021 01:42:32.396,0.70039,0.7002700000000001,1,4.12
11.08.2021 01:42:32.715,0.70039,0.70028,1,1
11.08.2021 01:42:32.816,0.70039,0.7002700000000001,1,4.31
11.08.2021 01:42:33.449,0.70039,0.70028,1,1
11.08.2021 01:42:33.601,0.70039,0.7002700000000001,1,4.31
11.08.2021 01:42:33.846,0.70038,0.70029,1,3
11.08.2021 01:42:34.177,0.70039,0.7002700000000001,1,5.06
11.08.2021 01:42:34.441,0.70039,0.70028,1,1
11.08.2021 01:42:34.592,0.70039,0.7002700000000001,1,4.31
11.08.2021 01:42:35.315,0.70038,0.7002700000000001,1,2.62
11.08.2021 01:42:35.825,0.70038,0.70029,1,1
11.08.2021 01:42:35.926,0.70039,0.70029,1,1
11.08.2021 01:42:36.434,0.70039,0.7002700000000001,1,4.87
11.08.2021 01:42:36.664,0.70039,0.70028,1,1
11.08.2021 01:42:37.860,0.70039,0.7002700000000001,1,4.87
11.08.2021 01:42:38.923,0.70039,0.70028,1,1
11.08.2021 01:42:39.045,0.70039,0.7002700000000001,1,4.87
11.08.2021 01:42:39.793,0.70038,0.70029,1,1
11.08.2021 01:42:42.033,0.70038,0.70028,1,4.87
11.08.2021 01:42:42.291,0.70039,0.70028,1,3
11.08.2021 01:42:43.286,0.70039,0.7002700000000001,1,4.87
11.08.2021 01:42:44.947,0.70038,0.70029,1,1
11.08.2021 01:42:47.949,0.70039,0.70029,1,1
11.08.2021 01:42:48.069,0.70039,0.70028,1,3
11.08.2021 01:42:50.327,0.70039,0.70029,1,1.5
11.08.2021 01:42:50.428,0.70039,0.70028,1,3
11.08.2021 01:42:51.126,0.70039,0.7002700000000001,1,4.87
11.08.2021 01:42:51.227,0.70038,0.7002700000000001,1,4.87
11.08.2021 01:42:58.015,0.70038,0.70028,1,1
11.08.2021 01:42:58.825,0.70037,0.70028,1,4.87
11.08.2021 01:42:59.162,0.70038,0.70028,1,1.5
11.08.2021 01:42:59.263,0.7004,0.70028,1,4.5
11.08.2021 01:42:59.737,0.7004,0.70029,1,1
11.08.2021 01:42:59.838,0.7004,0.70028,1,4.5
11.08.2021 01:42:59.939,0.7004100000000001,0.70032,1,2.25
11.08.2021 01:43:00.041,0.70044,0.70033,1,2.44
11.08.2021 01:43:00.142,0.70045,0.70032,1.5,4.12
11.08.2021 01:43:00.344,0.70045,0.70033,1,1
11.08.2021 01:43:00.447,0.70045,0.70034,1,1
11.08.2021 01:43:00.816,0.70044,0.70033,1,4.31
11.08.2021 01:43:01.068,0.70045,0.70033,1,2.25
11.08.2021 01:43:01.963,0.70045,0.70034,1,1
11.08.2021 01:43:02.065,0.7004600000000001,0.70034,1.5,2.25
11.08.2021 01:43:02.166,0.7004600000000001,0.70033,1.5,3.75
11.08.2021 01:43:07.412,0.70045,0.70032,1,2.62
11.08.2021 01:43:07.513,0.70043,0.70032,1,1.87
11.08.2021 01:43:08.135,0.7004100000000001,0.70032,1,2.62
11.08.2021 01:43:08.236,0.70039,0.7003,1,3.5
11.08.2021 01:43:08.337,0.7004,0.70029,1,3
11.08.2021 01:43:09.469,0.7004,0.70028,1,5.62
11.08.2021 01:43:09.690,0.7004,0.70029,1,3
11.08.2021 01:43:11.019,0.7004,0.70028,1,5.62
11.08.2021 01:43:12.628,0.7004,0.70029,1,1
11.08.2021 01:43:16.797,0.70039,0.7003100000000001,1,1
11.08.2021 01:43:16.899,0.7004100000000001,0.7003100000000001,1,1.5
11.08.2021 01:43:17.000,0.70042,0.7003100000000001,1,3
11.08.2021 01:43:18.346,0.7004,0.7003,1,1.5
11.08.2021 01:43:18.447,0.7004,0.7003,1,1
11.08.2021 01:43:18.548,0.7004,0.70029,1,4.5
11.08.2021 01:43:28.430,0.7004100000000001,0.7003,1,3
11.08.2021 01:43:28.531,0.70042,0.7003,1,3.94
11.08.2021 01:43:28.633,0.70042,0.7003100000000001,1,3.94
11.08.2021 01:43:31.245,0.70042,0.70032,1,1
11.08.2021 01:43:33.418,0.70042,0.7003100000000001,1,1
11.08.2021 01:43:36.525,0.7004100000000001,0.7003,1,1
11.08.2021 01:43:36.626,0.7004,0.70029,1,3
11.08.2021 01:43:39.337,0.7004,0.70028,1,4.12
11.08.2021 01:43:39.439,0.7004,0.70029,1,1.5
11.08.2021 01:43:39.852,0.70042,0.7003100000000001,1,1.5
11.08.2021 01:43:39.953,0.70043,0.7003100000000001,1,2.5
11.08.2021 01:43:41.122,0.70042,0.70032,1,1
11.08.2021 01:43:41.173,0.7004100000000001,0.7003100000000001,1,3.56
11.08.2021 01:43:41.274,0.7004100000000001,0.70032,1,1
