Gmt time,Ask,Bid,AskVolume,BidVolume
24.08.2021 00:00:00.032,0.6893600000000001,0.68925,1,1
24.08.2021 00:00:00.235,0.68935,0.68925,1,1
24.08.2021 00:00:00.285,0.68933,0.68923,1,1
24.08.2021 00:00:00.336,0.68932,0.6892100000000001,1.25,1
24.08.2021 00:00:00.438,0.6893100000000001,0.6892100000000001,1.25,1
24.08.2021 00:00:00.590,0.6893,0.68919,1.25,1
24.08.2021 00:00:00.691,0.68929,0.6892100000000001,1,1
24.08.2021 00:00:00.945,0.6893,0.6891700000000001,1,1.5
24.08.2021 00:00:03.396,0.6892600000000001,0.68914,1,1
24.08.2021 00:00:03.446,0.68925,0.6891200000000001,1,1.5
24.08.2021 00:00:03.547,0.68924,0.6891200000000001,1,1
24.08.2021 00:00:05.020,0.68924,0.68913,1,1
24.08.2021 00:00:05.121,0.68928,0.6891700000000001,1.25,1
24.08.2021 00:00:05.402,0.6893,0.68919,1,1
24.08.2021 00:00:05.504,0.6893100000000001,0.6892,1,1
24.08.2021 00:00:05.876,0.6893100000000001,0.6892100000000001,1,1
24.08.2021 00:00:06.078,0.6893100000000001,0.68919,2.5,1
24.08.2021 00:00:09.437,0.6893100000000001,0.68919,5,1
24.08.2021 00:00:10.327,0.6893,0.68918,1.5,1
24.08.2021 00:00:15.048,0.68928,0.6891700000000001,1.25,1
24.08.2021 00:00:15.366,0.68927,0.6891700000000001,1.25,1
24.08.2021 00:00:16.650,0.68927,0.6891600000000001,1,1
24.08.2021 00:00:16.802,0.6892600000000001,0.68914,1.25,1
24.08.2021 00:00:23.422,0.6892600000000001,0.68914,1.25,1
24.08.2021 00:00:23.473,0.68924,0.68913,1.69,1
24.08.2021 00:00:23.575,0.68924,0.6891200000000001,1,1
24.08.2021 00:00:26.549,0.68924,0.68913,1,1
24.08.2021 00:00:31.154,0.6892600000000001,0.68914,1,1
24.08.2021 00:00:31.256,0.68925,0.68914,1.25,1
24.08.2021 00:00:40.859,0.68925,0.68915,1,1
24.08.2021 00:00:44.465,0.6892600000000001,0.68914,1.5,1
24.08.2021 00:00:44.769,0.68928,0.6891700000000001,1.62,1
24.08.2021 00:00:44.819,0.6893100000000001,0.68918,3.25,1
24.08.2021 00:00:45.025,0.6893,0.68919,1.69,1
24.08.2021 00:00:46.459,0.6893100000000001,0.68919,1.69,1
24.08.2021 00:00:47.269,0.6893100000000001,0.68922,1,1
24.08.2021 00:00:48.714,0.68934,0.6892100000000001,3.94,1
24.08.2021 00:00:48.764,0.6893600000000001,0.68927,1,1
24.08.2021 00:00:48.815,0.68939,0.68927,2.62,1
24.08.2021 00:00:48.916,0.68939,0.68928,1.12,1
24.08.2021 00:00:49.018,0.6893800000000001,0.6892600000000001,1,1
24.08.2021 00:00:55.208,0.68937,0.68927,1.75,1
24.08.2021 00:00:55.556,0.6893800000000001,0.6892600000000001,1,1
24.08.2021 00:00:59.183,0.68939,0.68927,1,1
24.08.2021 00:01:01.139,0.6893800000000001,0.6892600000000001,1,2.25
24.08.2021 00:01:01.346,0.6894100000000001,0.6893100000000001,1.12,1
24.08.2021 00:01:01.397,0.68945,0.68932,1.12,2.25
24.08.2021 00:01:01.498,0.6894600000000001,0.68933,2,1
24.08.2021 00:01:01.599,0.6894600000000001,0.68933,1.87,1.5
24.08.2021 00:01:02.197,0.68945,0.68934,1.5,1.5
24.08.2021 00:01:02.299,0.6894600000000001,0.68934,1,1.5
24.08.2021 00:01:04.112,0.68947,0.68935,1,1
24.08.2021 00:01:14.622,0.68947,0.68934,1.5,2.25
24.08.2021 00:01:16.621,0.68947,0.68935,1,1
24.08.2021 00:01:16.873,0.68947,0.68934,1.5,2.25
24.08.2021 00:01:26.845,0.68947,0.68935,1,1
24.08.2021 00:01:30.087,0.6894600000000001,0.68934,1.5,1.5
24.08.2021 00:01:35.397,0.6894399999999999,0.68934,1,2.25
24.08.2021 00:01:35.498,0.6894600000000001,0.68933,1,1.5
24.08.2021 00:01:37.722,0.6894600000000001,0.68934,1,1
24.08.2021 00:01:37.773,0.6894800000000001,0.68935,2.06,1.5
24.08.2021 00:01:40.970,0.68947,0.68935,1,1
24.08.2021 00:01:43.336,0.6894600000000001,0.68935,1,1
24.08.2021 00:01:46.757,0.6894800000000001,0.6893600000000001,1.25,1
24.08.2021 00:01:46.808,0.6895,0.6893800000000001,1.31,1
24.08.2021 00:01:47.212,0.6895,0.68937,1.69,2.25
24.08.2021 00:01:47.313,0.6895,0.6893800000000001,1.25,1
24.08.2021 00:01:52.281,0.6895100000000001,0.6893800000000001,1.69,1.5
24.08.2021 00:01:56.864,0.6895100000000001,0.68939,1.69,1
24.08.2021 00:01:57.144,0.6895100000000001,0.6893800000000001,1.69,2.25
24.08.2021 00:01:57.823,0.6895100000000001,0.6894100000000001,1,1
24.08.2021 00:01:57.874,0.68954,0.68942,1,1.5
24.08.2021 00:01:57.976,0.6895600000000001,0.6894399999999999,1.87,1
24.08.2021 00:01:58.078,0.6895300000000001,0.68945,1,1.5
24.08.2021 00:01:58.179,0.68954,0.6894300000000001,1,1.5
24.08.2021 00:01:58.742,0.68957,0.68945,1.69,1
24.08.2021 00:02:00.939,0.6895600000000001,0.68945,1,1
24.08.2021 00:02:02.655,0.6895600000000001,0.6894600000000001,1,1
24.08.2021 00:02:02.706,0.68959,0.68947,2.06,1
24.08.2021 00:02:02.807,0.68959,0.6895,1,1
24.08.2021 00:02:02.909,0.6896,0.6895,1,1
24.08.2021 00:02:02.959,0.6896100000000001,0.6895100000000001,1.69,1
24.08.2021 00:02:03.452,0.6896100000000001,0.6895100000000001,1,1
24.08.2021 00:02:03.553,0.68962,0.6895100000000001,1,2.25
24.08.2021 00:02:03.655,0.68962,0.6895300000000001,1,1
24.08.2021 00:02:03.706,0.68962,0.68952,1.75,1
24.08.2021 00:02:03.807,0.6896100000000001,0.6895100000000001,1.25,2.62
24.08.2021 00:02:04.304,0.6896100000000001,0.6895,1,2.25
24.08.2021 00:02:04.516,0.68962,0.6895,1.25,2.25
24.08.2021 00:02:06.669,0.6896100000000001,0.6895,1,1
24.08.2021 00:02:12.365,0.6896100000000001,0.68949,1.25,1.5
24.08.2021 00:02:19.126,0.68959,0.68949,1,1
24.08.2021 00:02:20.166,0.6895600000000001,0.6894800000000001,1,1
24.08.2021 00:02:20.268,0.68957,0.6894600000000001,1,1
24.08.2021 00:02:20.421,0.6895600000000001,0.6894399999999999,1,1
24.08.2021 00:02:20.523,0.68955,0.6894399999999999,1,1
24.08.2021 00:02:21.124,0.68955,0.6894300000000001,1.5,1
24.08.2021 00:02:26.170,0.68952,0.68942,1,1
24.08.2021 00:02:26.280,0.68952,0.6894100000000001,1,1.5
24.08.2021 00:02:26.381,0.6895100000000001,0.6894,1,1.5
24.08.2021 00:02:26.691,0.6895,0.6894,1,1
24.08.2021 00:02:26.793,0.68949,0.6894,1,1
24.08.2021 00:02:26.843,0.68947,0.68939,1,1
24.08.2021 00:02:26.945,0.68949,0.68937,1,1
24.08.2021 00:02:32.397,0.6895,0.68937,1.87,1.5
24.08.2021 00:02:32.498,0.6895,0.6893800000000001,2.06,1
24.08.2021 00:02:34.055,0.68947,0.6893600000000001,1,1.5
24.08.2021 00:02:34.157,0.68945,0.68937,1,1
24.08.2021 00:02:34.207,0.68947,0.68937,1.5,1
24.08.2021 00:02:34.469,0.6894600000000001,0.6893600000000001,1,1
24.08.2021 00:02:34.671,0.6894100000000001,0.68934,2,1.5
24.08.2021 00:02:34.772,0.68937,0.68927,1,1
24.08.2021 00:02:34.873,0.6893600000000001,0.6892600000000001,1.5,2.25
24.08.2021 00:02:35.813,0.6893800000000001,0.68925,1.69,1.5
24.08.2021 00:02:35.965,0.68939,0.6892600000000001,1.69,1.5
24.08.2021 00:02:37.773,0.68939,0.68928,1,1.5
24.08.2021 00:02:37.874,0.6894,0.68927,1.69,2.25
24.08.2021 00:02:37.976,0.68939,0.68927,1,1.5
24.08.2021 00:02:41.825,0.68939,0.68928,1,1
24.08.2021 00:02:41.927,0.68939,0.6893,1,1
24.08.2021 00:02:42.028,0.6894100000000001,0.6893,1,2.25
24.08.2021 00:02:42.230,0.68942,0.68933,1,1.5
24.08.2021 00:02:42.331,0.68945,0.68933,1.5,1.5
24.08.2021 00:02:42.432,0.68945,0.68934,1,1
24.08.2021 00:02:43.558,0.68947,0.68935,1,1.5
24.08.2021 00:02:43.659,0.68947,0.68937,1.5,1
24.08.2021 00:02:43.760,0.6894800000000001,0.68935,1.5,1.5
24.08.2021 00:02:43.861,0.6894800000000001,0.6893600000000001,1.5,1
24.08.2021 00:02:44.549,0.6894800000000001,0.68935,1.5,1.5
24.08.2021 00:02:45.473,0.68949,0.6893800000000001,1.5,1
24.08.2021 00:02:45.574,0.6895,0.6893800000000001,1,2.25
24.08.2021 00:02:45.675,0.6895300000000001,0.6894300000000001,1.87,1
24.08.2021 00:02:48.452,0.68954,0.6894300000000001,1,1
24.08.2021 00:02:54.638,0.6895100000000001,0.68939,1,1
24.08.2021 00:02:54.740,0.6895,0.6893800000000001,1,1.12
24.08.2021 00:02:55.516,0.6895100000000001,0.68939,1.5,1.87
24.08.2021 00:02:55.567,0.68954,0.68942,1,1.5
24.08.2021 00:02:55.668,0.68955,0.68942,1.69,2.25
24.08.2021 00:02:56.168,0.68954,0.68942,1.5,1
24.08.2021 00:02:57.908,0.68952,0.6894100000000001,1,1
24.08.2021 00:02:58.009,0.68954,0.6894100000000001,1.5,1.5
24.08.2021 00:02:58.113,0.68952,0.6894300000000001,1,1
24.08.2021 00:02:58.625,0.6895300000000001,0.6894300000000001,1,1
24.08.2021 00:02:58.753,0.6895300000000001,0.68942,1,1
24.08.2021 00:02:59.692,0.68952,0.68942,1,1
24.08.2021 00:02:59.793,0.68954,0.68942,1.5,1.5
24.08.2021 00:03:00.136,0.6895100000000001,0.6894100000000001,1,1
24.08.2021 00:03:00.289,0.6895,0.6894100000000001,1,2.25
24.08.2021 00:03:00.390,0.6895100000000001,0.6894100000000001,1,1
24.08.2021 00:03:02.051,0.68954,0.6894399999999999,1,1.12
24.08.2021 00:03:02.153,0.68955,0.6894399999999999,1,1
24.08.2021 00:03:02.254,0.6895600000000001,0.6894399999999999,1.5,1.5
24.08.2021 00:03:02.355,0.68955,0.6894399999999999,1,1.5
24.08.2021 00:03:04.764,0.6895600000000001,0.6894600000000001,1.5,1
24.08.2021 00:03:05.891,0.68955,0.6894399999999999,1,2.25
24.08.2021 00:03:08.534,0.6895600000000001,0.6894399999999999,1,2.25
24.08.2021 00:03:08.636,0.68957,0.6894399999999999,1.5,3.37
24.08.2021 00:03:08.839,0.68959,0.68947,5.12,1
24.08.2021 00:03:08.890,0.6896,0.68947,2.06,1.5
24.08.2021 00:03:08.991,0.6896,0.6894800000000001,1.87,1
24.08.2021 00:03:43.413,0.6896300000000001,0.68952,1,1.5
24.08.2021 00:03:43.515,0.6896300000000001,0.6895300000000001,1,1.5
24.08.2021 00:03:48.364,0.68965,0.68952,1.5,2.25
24.08.2021 00:03:51.585,0.6896300000000001,0.68952,1,1
24.08.2021 00:03:57.076,0.68965,0.68954,1,1.5
24.08.2021 00:03:57.279,0.68964,0.6895600000000001,1,1
24.08.2021 00:03:57.459,0.68965,0.68954,1,1.5
24.08.2021 00:03:57.776,0.68964,0.68954,1,1
24.08.2021 00:04:00.203,0.68964,0.6895300000000001,1,2.62
24.08.2021 00:04:02.861,0.68965,0.6895300000000001,1,1.87
24.08.2021 00:04:14.986,0.6896100000000001,0.6895100000000001,1,1
24.08.2021 00:04:15.087,0.6896100000000001,0.6894800000000001,1.25,3.87
24.08.2021 00:04:15.189,0.6895300000000001,0.6894100000000001,1.25,1.5
24.08.2021 00:04:15.290,0.6894800000000001,0.68937,1,2.37
24.08.2021 00:04:15.392,0.6894800000000001,0.6893600000000001,1,1
24.08.2021 00:04:28.581,0.6895,0.6894,1,3
24.08.2021 00:04:28.683,0.68952,0.6894,1,2.25
24.08.2021 00:04:29.698,0.6895300000000001,0.6894,1,1.87
24.08.2021 00:04:40.383,0.6895300000000001,0.6894100000000001,1,1
24.08.2021 00:04:40.552,0.68954,0.6894300000000001,1,1.87
24.08.2021 00:04:40.653,0.6895800000000001,0.68945,1,1.5
24.08.2021 00:05:06.358,0.68952,0.6894300000000001,1.5,1.5
24.08.2021 00:05:06.408,0.6895100000000001,0.68939,1.5,1.6
24.08.2021 00:05:06.459,0.6895100000000001,0.68939,1.5,1
24.08.2021 00:05:06.863,0.68949,0.68937,1,1
24.08.2021 00:05:06.965,0.68945,0.6893600000000001,1.5,1.5
24.08.2021 00:05:07.067,0.6894300000000001,0.68932,1,1.12
24.08.2021 00:05:07.168,0.6894300000000001,0.6893100000000001,1,1.5
24.08.2021 00:05:14.067,0.68942,0.6893,1,1.87
24.08.2021 00:05:14.168,0.68942,0.6893100000000001,1,2.62
24.08.2021 00:05:16.204,0.6894399999999999,0.68935,1,1.87
24.08.2021 00:05:19.713,0.68947,0.68935,1,1
24.08.2021 00:05:24.365,0.6894800000000001,0.68935,1.5,2.25
24.08.2021 00:05:34.046,0.68949,0.68937,1,1
24.08.2021 00:05:34.175,0.68949,0.68935,1,3.5
24.08.2021 00:05:34.276,0.68947,0.6893600000000001,1,2.75
24.08.2021 00:05:37.269,0.6894800000000001,0.6893600000000001,1,1
24.08.2021 00:05:37.371,0.68949,0.68939,1.5,1.5
24.08.2021 00:05:37.655,0.6895100000000001,0.68939,1.5,1.87
24.08.2021 00:05:42.365,0.68949,0.6894,1,1
24.08.2021 00:05:43.118,0.6895,0.6894,1,2.25
24.08.2021 00:05:45.913,0.6895300000000001,0.6894100000000001,1,1.5
24.08.2021 00:05:46.014,0.6895300000000001,0.68942,1,1.5
24.08.2021 00:05:50.420,0.68955,0.68945,1,1.87
24.08.2021 00:05:50.471,0.68954,0.68942,1,1.12
24.08.2021 00:05:58.100,0.6895100000000001,0.6894100000000001,1,2.62
24.08.2021 00:05:58.505,0.68949,0.6894,1,1.12
24.08.2021 00:05:58.606,0.6894800000000001,0.68937,1,2.75
24.08.2021 00:05:58.707,0.6894800000000001,0.68937,1,2.75
24.08.2021 00:05:58.758,0.6894600000000001,0.6893600000000001,1,1.5
24.08.2021 00:05:58.859,0.68945,0.68932,1,1.75
24.08.2021 00:05:58.910,0.6894300000000001,0.68932,1,1
24.08.2021 00:05:59.473,0.68939,0.68928,1,2.25
24.08.2021 00:05:59.575,0.6893800000000001,0.68929,1,2
24.08.2021 00:05:59.626,0.68939,0.6892600000000001,1,2.62
24.08.2021 00:05:59.727,0.6893800000000001,0.68925,1,2
24.08.2021 00:05:59.828,0.68937,0.68925,1,1.5
24.08.2021 00:05:59.929,0.68937,0.68925,1,1
24.08.2021 00:06:00.030,0.68935,0.68924,1,1.12
24.08.2021 00:06:00.443,0.68933,0.6892100000000001,1,2.62
24.08.2021 00:06:00.494,0.68929,0.6892100000000001,1,1.5
24.08.2021 00:06:00.544,0.68929,0.6891600000000001,1,3.94
24.08.2021 00:06:00.646,0.68927,0.68914,1,4.62
24.08.2021 00:06:00.747,0.6893100000000001,0.68919,1.5,1.87
24.08.2021 00:06:00.899,0.68933,0.6892,1.25,1
24.08.2021 00:06:00.949,0.68934,0.68922,1,1
24.08.2021 00:06:01.050,0.68934,0.68923,1,1
24.08.2021 00:06:01.151,0.68932,0.6892100000000001,1,1.5
24.08.2021 00:06:01.202,0.6893100000000001,0.68919,1.5,2.81
24.08.2021 00:06:03.748,0.6893100000000001,0.68918,1,1.5
24.08.2021 00:06:04.716,0.6893100000000001,0.68919,1,1.5
24.08.2021 00:06:04.918,0.6893100000000001,0.68918,1,1.5
24.08.2021 00:06:06.640,0.6893100000000001,0.68919,1,1
24.08.2021 00:06:07.006,0.6893100000000001,0.6892,1.25,3.37
24.08.2021 00:06:12.361,0.68934,0.6892100000000001,1.69,3.19
24.08.2021 00:06:12.462,0.68935,0.68922,1.5,2.25
24.08.2021 00:06:14.701,0.6893600000000001,0.68924,1.5,1.5
24.08.2021 00:06:14.853,0.6893600000000001,0.68923,1.5,1.87
24.08.2021 00:06:16.901,0.68935,0.68923,1,1.87
24.08.2021 00:06:17.002,0.68934,0.68922,1.25,1.12
24.08.2021 00:06:17.391,0.68933,0.6892100000000001,1,1.5
24.08.2021 00:06:26.276,0.68932,0.6892100000000001,1.69,2.62
24.08.2021 00:06:26.377,0.6893100000000001,0.6892,1,1.12
24.08.2021 00:06:28.247,0.68932,0.68923,1.25,3.5
24.08.2021 00:06:28.298,0.68935,0.68922,1,4.5
24.08.2021 00:06:35.138,0.68933,0.6892100000000001,1,1
24.08.2021 00:06:39.824,0.68935,0.68922,1,3.37
24.08.2021 00:06:39.925,0.68935,0.68923,1,1
24.08.2021 00:06:41.806,0.68935,0.68924,1,1
24.08.2021 00:06:41.907,0.6893600000000001,0.68924,1.25,1.5
24.08.2021 00:06:42.008,0.6893600000000001,0.68923,1.25,2.62
24.08.2021 00:06:48.184,0.68935,0.6892600000000001,1,1.5
24.08.2021 00:06:48.234,0.6893800000000001,0.68925,1.25,1.5
24.08.2021 00:06:50.489,0.68939,0.68925,1.25,2.25
24.08.2021 00:06:54.416,0.68939,0.6892600000000001,1,3.12
24.08.2021 00:06:54.518,0.68942,0.68929,1.87,2.25
24.08.2021 00:06:58.361,0.6894100000000001,0.68929,1,1.5
24.08.2021 00:07:03.103,0.6894399999999999,0.6893100000000001,1.5,2.25
24.08.2021 00:07:03.255,0.6894300000000001,0.6893100000000001,1,1
24.08.2021 00:07:06.365,0.6894399999999999,0.6893100000000001,1.69,1.5
24.08.2021 00:07:13.220,0.6894300000000001,0.6893100000000001,1,1
24.08.2021 00:07:18.415,0.6894300000000001,0.6893,1.5,1.87
24.08.2021 00:07:24.623,0.6894399999999999,0.6893,1.69,2.25
24.08.2021 00:07:25.526,0.6894399999999999,0.68934,1.5,1
24.08.2021 00:07:25.577,0.6894600000000001,0.68935,1,2.25
24.08.2021 00:07:25.678,0.6894800000000001,0.6893600000000001,1.5,1
24.08.2021 00:07:25.779,0.6894800000000001,0.6893600000000001,1,1
24.08.2021 00:07:30.662,0.68949,0.6893800000000001,1,1
24.08.2021 00:07:30.763,0.6895,0.68937,1.5,1
24.08.2021 00:07:33.900,0.68949,0.68937,1,1
24.08.2021 00:07:49.658,0.68949,0.6893800000000001,1.69,1
24.08.2021 00:08:03.179,0.6895100000000001,0.68939,1,1.5
24.08.2021 00:08:03.331,0.6895100000000001,0.6893800000000001,1.5,1.87
24.08.2021 00:08:03.432,0.6895,0.6894,1.5,1
24.08.2021 00:08:04.223,0.6894800000000001,0.68939,1,1
24.08.2021 00:08:04.275,0.6894800000000001,0.6893600000000001,1,1.12
24.08.2021 00:08:11.313,0.68947,0.68935,1,1.5
24.08.2021 00:08:12.641,0.68947,0.68935,1,1.12
24.08.2021 00:08:17.643,0.6894800000000001,0.68937,1,1
24.08.2021 00:08:17.745,0.68949,0.68937,1.5,1
24.08.2021 00:08:47.295,0.6895,0.6893800000000001,1,1
24.08.2021 00:08:47.396,0.68949,0.6893800000000001,1,1.5
24.08.2021 00:08:50.381,0.68949,0.68937,1,1.5
24.08.2021 00:08:59.577,0.68947,0.68935,1,1.5
24.08.2021 00:08:59.678,0.68945,0.68933,1,1.5
24.08.2021 00:08:59.779,0.6894399999999999,0.68932,1,1.87
24.08.2021 00:09:08.563,0.6894399999999999,0.68934,1,1.12
24.08.2021 00:09:08.664,0.68945,0.68934,1,1.87
24.08.2021 00:09:23.351,0.6894600000000001,0.6893600000000001,1,1
24.08.2021 00:09:36.415,0.68947,0.6893600000000001,1,1
24.08.2021 00:09:37.174,0.6894600000000001,0.68934,1,1.12
24.08.2021 00:09:37.275,0.68945,0.68933,1,1.87
24.08.2021 00:09:37.326,0.6894,0.68929,1,2.19
24.08.2021 00:09:37.377,0.68939,0.68928,1.25,3.75
24.08.2021 00:09:37.428,0.68937,0.68925,1,1.5
24.08.2021 00:09:37.530,0.68934,0.68922,1,1.5
24.08.2021 00:09:37.631,0.68933,0.68922,1,1
24.08.2021 00:09:37.682,0.6893100000000001,0.68922,1,1
24.08.2021 00:09:42.162,0.68933,0.6892100000000001,1,1
24.08.2021 00:09:44.076,0.6893,0.68919,1,1.5
24.08.2021 00:09:44.354,0.6893100000000001,0.68919,1,3
24.08.2021 00:09:44.773,0.6893100000000001,0.6892,1,1
24.08.2021 00:09:44.823,0.68933,0.6892,1.5,1
24.08.2021 00:09:48.223,0.68934,0.68922,1,1.5
24.08.2021 00:09:48.324,0.68934,0.68923,1,1
24.08.2021 00:09:48.723,0.68934,0.68924,1,1
24.08.2021 00:09:48.774,0.6893600000000001,0.68924,1,2.62
24.08.2021 00:09:48.876,0.6893600000000001,0.68925,1.5,1.12
24.08.2021 00:09:48.926,0.68935,0.68924,1,1.12
24.08.2021 00:09:50.231,0.6893600000000001,0.68924,1,3
24.08.2021 00:10:02.178,0.68935,0.68924,1,1.5
24.08.2021 00:10:02.330,0.68935,0.68923,1,3
24.08.2021 00:10:06.131,0.68935,0.68924,1,2.25
24.08.2021 00:10:06.333,0.68934,0.68924,1,1.5
24.08.2021 00:10:06.799,0.6893600000000001,0.68924,1,2.62
24.08.2021 00:10:07.577,0.68935,0.68924,1,1.5
24.08.2021 00:10:09.731,0.68934,0.68924,1,1
24.08.2021 00:10:20.383,0.68933,0.68924,1.5,1
24.08.2021 00:10:20.434,0.68932,0.6892100000000001,1,1.87
24.08.2021 00:10:21.359,0.68934,0.6892100000000001,1.5,1.12
24.08.2021 00:10:21.410,0.68932,0.6892100000000001,1,1
24.08.2021 00:10:29.296,0.68933,0.6892100000000001,1,1
24.08.2021 00:10:32.291,0.68934,0.6892100000000001,1,1.5
24.08.2021 00:10:34.973,0.68935,0.68923,1,1
24.08.2021 00:10:35.075,0.6893600000000001,0.68924,1.25,1.5
24.08.2021 00:10:35.176,0.6893600000000001,0.68923,1,1.87
24.08.2021 00:10:36.105,0.68935,0.68923,1,1.87
24.08.2021 00:10:42.169,0.68934,0.68923,1,1.5
24.08.2021 00:10:42.615,0.68935,0.68923,1,1.5
24.08.2021 00:10:42.716,0.68935,0.68922,1.69,1
24.08.2021 00:10:54.143,0.68937,0.68924,1.25,1.5
24.08.2021 00:10:54.245,0.6893800000000001,0.6892600000000001,1.25,1
24.08.2021 00:10:54.346,0.68935,0.68924,1,1
24.08.2021 00:10:54.447,0.68934,0.6892100000000001,1.25,2
24.08.2021 00:10:54.548,0.68934,0.6892100000000001,1.25,1.5
24.08.2021 00:10:54.912,0.68933,0.6892100000000001,1,1.5
24.08.2021 00:10:55.646,0.68933,0.6892100000000001,1,1.12
24.08.2021 00:11:02.013,0.68929,0.6892,1,1.62
24.08.2021 00:11:02.064,0.6893,0.68919,1,1.12
24.08.2021 00:11:15.553,0.6892600000000001,0.68915,1,1.5
24.08.2021 00:11:15.654,0.6892,0.6891,1,1.75
24.08.2021 00:11:15.756,0.68919,0.68907,1,1
24.08.2021 00:11:18.212,0.68919,0.68905,1,2
24.08.2021 00:11:19.008,0.68914,0.68902,1,1.5
24.08.2021 00:11:19.210,0.68914,0.68902,1,1.12
24.08.2021 00:11:19.312,0.68913,0.68902,1,1.12
24.08.2021 00:11:19.463,0.68914,0.68902,1,1
24.08.2021 00:11:19.514,0.6891,0.68899,1,2
24.08.2021 00:11:19.615,0.68909,0.6890000000000001,1,1
24.08.2021 00:11:24.437,0.68909,0.68899,1,1
24.08.2021 00:11:25.435,0.6891600000000001,0.68905,1,1
24.08.2021 00:11:25.536,0.68915,0.68905,1,1
24.08.2021 00:11:25.688,0.68914,0.68905,1,1
24.08.2021 00:11:37.044,0.68914,0.68904,1,1
24.08.2021 00:11:37.197,0.68914,0.68905,1,1
24.08.2021 00:11:45.326,0.68914,0.68904,1,1
24.08.2021 00:11:47.510,0.68914,0.68905,1,1.87
24.08.2021 00:11:47.611,0.68915,0.6890600000000001,1,1
24.08.2021 00:11:47.662,0.6891600000000001,0.68907,1,1
24.08.2021 00:11:48.662,0.6891600000000001,0.6890600000000001,1,1
24.08.2021 00:11:54.256,0.68918,0.6890600000000001,1,2.25
24.08.2021 00:11:56.712,0.68918,0.68907,1,2.62
24.08.2021 00:11:57.075,0.6892100000000001,0.68909,1,2.25
24.08.2021 00:11:57.126,0.68923,0.6891100000000001,1,1
24.08.2021 00:11:59.971,0.68922,0.6891100000000001,1,1.5
24.08.2021 00:12:02.817,0.68923,0.6891100000000001,1,1.5
24.08.2021 00:12:02.918,0.68925,0.68913,1,1.5
24.08.2021 00:12:03.234,0.6892600000000001,0.68914,1,3
24.08.2021 00:12:03.487,0.6892600000000001,0.68915,1,1
24.08.2021 00:12:03.588,0.6892600000000001,0.68914,1,2.25
24.08.2021 00:12:03.689,0.68922,0.6891200000000001,1,1
24.08.2021 00:12:03.791,0.6892100000000001,0.6891100000000001,1,1
24.08.2021 00:12:03.892,0.6892100000000001,0.6891,1,2.25
24.08.2021 00:12:04.094,0.68919,0.6891200000000001,1,1
24.08.2021 00:12:04.195,0.68918,0.6891,1,1
24.08.2021 00:12:04.246,0.6892100000000001,0.68909,1.25,1
24.08.2021 00:12:04.347,0.6892100000000001,0.68908,1.25,1.5
24.08.2021 00:12:04.499,0.6892100000000001,0.68907,2.5,1.87
24.08.2021 00:12:04.625,0.68918,0.68905,1.5,1.5
24.08.2021 00:12:04.726,0.68914,0.68903,1,1.5
24.08.2021 00:12:04.827,0.68914,0.68902,1,1.5
24.08.2021 00:12:10.192,0.68914,0.6890100000000001,1,2.62
24.08.2021 00:12:20.903,0.68913,0.6890100000000001,1,1
24.08.2021 00:12:28.388,0.68915,0.6890100000000001,1.5,1.87
24.08.2021 00:12:28.439,0.68915,0.68905,1,1.5
24.08.2021 00:12:28.591,0.6891700000000001,0.68904,1.25,1
24.08.2021 00:12:30.183,0.68918,0.68904,1.25,1.5
24.08.2021 00:12:30.284,0.68918,0.68908,1,1
24.08.2021 00:12:30.386,0.6892,0.6891100000000001,1.12,1
24.08.2021 00:12:30.489,0.68923,0.6891200000000001,1,1
24.08.2021 00:12:32.602,0.68924,0.6891200000000001,1,1
24.08.2021 00:12:33.903,0.68925,0.6891200000000001,1,1
24.08.2021 00:12:35.434,0.68923,0.6891,1.25,1.12
24.08.2021 00:12:35.536,0.6892,0.68907,1,1.87
24.08.2021 00:12:41.163,0.68923,0.6891100000000001,1,1
24.08.2021 00:12:48.156,0.6892100000000001,0.68909,1,1.12
24.08.2021 00:12:48.257,0.6892,0.68909,1,1.12
24.08.2021 00:12:48.418,0.6892100000000001,0.68909,1,1.12
24.08.2021 00:12:48.519,0.6892,0.68909,1,1.12
24.08.2021 00:12:48.625,0.6892,0.6891,1,1.12
24.08.2021 00:12:54.890,0.68919,0.68907,1,1
24.08.2021 00:12:54.992,0.68918,0.6890600000000001,1,1
24.08.2021 00:12:55.346,0.6891600000000001,0.68907,1,1
24.08.2021 00:12:55.397,0.68915,0.68903,1,1
24.08.2021 00:12:55.498,0.68914,0.68903,1,1.12
24.08.2021 00:13:04.301,0.68914,0.68902,1,2.25
24.08.2021 00:13:06.345,0.68914,0.6890100000000001,1,1
24.08.2021 00:13:06.396,0.6891100000000001,0.68899,1,1
24.08.2021 00:13:08.367,0.6891,0.68899,1,1
24.08.2021 00:13:11.956,0.6890600000000001,0.6889500000000001,1,1
24.08.2021 00:13:12.057,0.68903,0.68891,1,3.5
24.08.2021 00:13:12.158,0.68902,0.68891,1,1.87
24.08.2021 00:13:15.722,0.68902,0.68892,1,1.87
24.08.2021 00:13:15.773,0.68899,0.68888,1,1.5
24.08.2021 00:13:15.974,0.68899,0.68888,1,1.12
24.08.2021 00:13:16.950,0.6890100000000001,0.68889,1,1
24.08.2021 00:13:17.001,0.68904,0.6889500000000001,1,1
24.08.2021 00:13:17.051,0.68908,0.6889500000000001,1.5,1.5
24.08.2021 00:13:17.203,0.68907,0.68896,1,2.25
24.08.2021 00:13:17.304,0.68908,0.68896,1,1
24.08.2021 00:13:24.993,0.68908,0.68898,1,1
24.08.2021 00:13:32.405,0.6891,0.68897,1,1.5
24.08.2021 00:13:32.556,0.6891200000000001,0.68899,1,3.19
24.08.2021 00:13:32.657,0.68913,0.6890100000000001,1.5,1
24.08.2021 00:13:34.900,0.68913,0.68902,1.5,1
24.08.2021 00:13:39.701,0.6891700000000001,0.68904,1.25,2.25
24.08.2021 00:13:39.802,0.6891700000000001,0.6890600000000001,1,1.5
24.08.2021 00:13:43.559,0.6891200000000001,0.6890000000000001,1,2.19
24.08.2021 00:13:43.761,0.6891200000000001,0.68899,1,1.87
24.08.2021 00:13:52.118,0.68913,0.6890000000000001,1,1.12
24.08.2021 00:13:52.219,0.68914,0.6890000000000001,1.25,2.62
24.08.2021 00:13:54.193,0.68913,0.68902,1,1
24.08.2021 00:14:00.416,0.68915,0.68902,1.5,1.5
24.08.2021 00:14:00.518,0.6891100000000001,0.68898,1.25,2.94
24.08.2021 00:14:00.619,0.6891100000000001,0.68898,1.69,1
24.08.2021 00:14:00.721,0.6891,0.68898,1,1
24.08.2021 00:14:05.938,0.68908,0.68896,1,1.12
24.08.2021 00:14:06.039,0.68907,0.6889500000000001,1,2
24.08.2021 00:14:06.253,0.6890600000000001,0.68896,1,1.5
24.08.2021 00:14:12.865,0.6890600000000001,0.68894,1,1.5
24.08.2021 00:14:13.891,0.68905,0.68892,1,1.5
24.08.2021 00:14:16.632,0.68904,0.68892,1,1.5
24.08.2021 00:14:17.085,0.68905,0.68894,1,1
24.08.2021 00:14:22.426,0.6890600000000001,0.6889500000000001,1,3
24.08.2021 00:14:22.528,0.6890600000000001,0.68896,1,1.87
24.08.2021 00:14:23.377,0.68907,0.68896,1,1
24.08.2021 00:14:23.489,0.68907,0.6889500000000001,1,1.87
24.08.2021 00:14:34.421,0.68907,0.68894,1,2.62
24.08.2021 00:14:38.906,0.68907,0.6889500000000001,1,2.62
24.08.2021 00:14:40.797,0.6891,0.68898,1,1.12
24.08.2021 00:14:40.848,0.6891100000000001,0.6890000000000001,1.5,2.25
24.08.2021 00:14:41.961,0.6891,0.68899,1,1.5
24.08.2021 00:14:46.349,0.68908,0.6890000000000001,1,1.87
24.08.2021 00:14:46.551,0.68909,0.68898,1,2.25
24.08.2021 00:14:58.304,0.6891100000000001,0.68898,1,1.5
24.08.2021 00:15:00.558,0.6891100000000001,0.68899,1,1
24.08.2021 00:15:00.609,0.68914,0.68904,1,1.5
24.08.2021 00:15:00.660,0.6891100000000001,0.6890000000000001,1,1.5
24.08.2021 00:15:00.761,0.6891200000000001,0.68899,1,3.37
24.08.2021 00:15:00.964,0.6891100000000001,0.68899,1,3.37
24.08.2021 00:15:01.116,0.6891,0.68899,1,2.62
24.08.2021 00:15:01.985,0.68909,0.68899,1,1.87
24.08.2021 00:15:02.086,0.6891100000000001,0.68899,1,1.12
24.08.2021 00:15:20.802,0.6891200000000001,0.6890000000000001,1,1.5
24.08.2021 00:15:21.743,0.68914,0.6890000000000001,1.69,1.5
24.08.2021 00:15:21.844,0.68915,0.68902,3.25,2.25
24.08.2021 00:15:22.607,0.6891600000000001,0.68902,3.25,1
24.08.2021 00:15:22.828,0.6891600000000001,0.6890100000000001,3.25,2.25
24.08.2021 00:15:24.182,0.6891600000000001,0.68902,3.25,1
24.08.2021 00:15:58.052,0.68903,0.68897,1,1
24.08.2021 00:15:58.103,0.6890100000000001,0.68891,1,1.5
24.08.2021 00:15:58.205,0.6890000000000001,0.68891,1.69,1.5
24.08.2021 00:15:58.255,0.68898,0.68891,1,1
24.08.2021 00:15:58.306,0.6890000000000001,0.68886,2.44,1.25
24.08.2021 00:15:58.457,0.68899,0.68886,1,1.25
24.08.2021 00:15:58.621,0.68898,0.6888500000000001,1,1.69
24.08.2021 00:15:58.972,0.68898,0.6888500000000001,1,2.69
24.08.2021 00:16:00.103,0.68899,0.6888500000000001,1.5,2.69
24.08.2021 00:16:00.720,0.68898,0.6888500000000001,1,2.69
24.08.2021 00:16:00.822,0.68898,0.6888500000000001,1,1.5
24.08.2021 00:16:01.388,0.68897,0.68884,1,1.87
24.08.2021 00:16:06.908,0.68897,0.6888500000000001,1,1
24.08.2021 00:16:09.414,0.68897,0.68884,1,1.87
24.08.2021 00:16:20.765,0.68896,0.68886,1,1
24.08.2021 00:16:20.866,0.68899,0.68886,1,1
24.08.2021 00:16:21.068,0.68898,0.68886,1,1
24.08.2021 00:16:34.368,0.68897,0.68886,1,1
24.08.2021 00:16:40.583,0.68896,0.6888500000000001,1.5,1.69
24.08.2021 00:16:40.684,0.68896,0.68884,1,1.25
24.08.2021 00:16:41.503,0.6889500000000001,0.68884,1,1.87
24.08.2021 00:16:44.200,0.6889500000000001,0.68882,1,2.25
24.08.2021 00:16:48.466,0.68896,0.68884,1,1
24.08.2021 00:16:48.568,0.68897,0.68886,1,2.25
24.08.2021 00:16:48.669,0.68898,0.68886,1,1
24.08.2021 00:16:48.770,0.68898,0.68887,1,1
24.08.2021 00:16:57.040,0.68899,0.68887,1,1
24.08.2021 00:16:59.633,0.68897,0.68887,1,1
24.08.2021 00:17:04.043,0.68899,0.6889000000000001,1,1
24.08.2021 00:17:05.238,0.68898,0.68887,1,2.87
24.08.2021 00:17:08.188,0.68898,0.68886,1,1.87
24.08.2021 00:17:08.290,0.68896,0.68887,1,1.12
24.08.2021 00:17:08.971,0.68893,0.68883,1,1.5
24.08.2021 00:17:09.073,0.68893,0.68881,1,1.5
24.08.2021 00:17:09.174,0.68892,0.68881,1,1
24.08.2021 00:17:09.564,0.68892,0.6888000000000001,1,1.87
24.08.2021 00:17:15.433,0.68891,0.6888000000000001,1,1.5
24.08.2021 00:17:15.586,0.68889,0.6888000000000001,1,1
24.08.2021 00:17:15.638,0.68889,0.6887800000000001,1,1.31
24.08.2021 00:17:15.740,0.68887,0.68876,1,1.5
24.08.2021 00:17:15.841,0.68886,0.68876,1,1.5
24.08.2021 00:17:16.043,0.6888500000000001,0.68874,1,1.5
24.08.2021 00:17:16.145,0.6888500000000001,0.6887300000000001,1,3.37
24.08.2021 00:17:21.415,0.68883,0.68871,1,1.87
24.08.2021 00:17:21.668,0.6888000000000001,0.6887,1,2.62
24.08.2021 00:17:21.869,0.6888000000000001,0.68869,1,1.87
24.08.2021 00:17:23.653,0.68881,0.6887,1,1
24.08.2021 00:17:23.755,0.6888500000000001,0.68874,1,1
24.08.2021 00:17:26.301,0.6888500000000001,0.6887300000000001,1,3.37
24.08.2021 00:17:29.462,0.6888500000000001,0.6887500000000001,1,1
24.08.2021 00:17:29.614,0.6888500000000001,0.68877,1,1
24.08.2021 00:17:29.665,0.68886,0.6887800000000001,1,1.5
24.08.2021 00:17:29.766,0.68886,0.68877,1,3
24.08.2021 00:17:29.817,0.68889,0.6887800000000001,1,2.25
24.08.2021 00:17:29.918,0.6889000000000001,0.6888000000000001,1,2.44
24.08.2021 00:17:30.070,0.68892,0.6888000000000001,1,1.5
24.08.2021 00:17:30.421,0.68892,0.68882,1,1
24.08.2021 00:17:30.523,0.68892,0.68881,1,1
24.08.2021 00:17:30.964,0.68893,0.68881,1,1
24.08.2021 00:17:39.338,0.68892,0.6888000000000001,1,1
24.08.2021 00:17:41.670,0.68894,0.68882,1,1
24.08.2021 00:17:41.772,0.68893,0.68881,1,1.12
24.08.2021 00:17:42.325,0.68892,0.68881,1,1.12
24.08.2021 00:17:42.733,0.68893,0.68881,1,1
24.08.2021 00:17:43.811,0.68892,0.68883,1,1
24.08.2021 00:17:43.913,0.68894,0.68881,1,1.5
24.08.2021 00:17:52.614,0.68893,0.68881,1,1.5
24.08.2021 00:17:54.592,0.68893,0.68882,1,1
24.08.2021 00:17:54.694,0.68894,0.68883,1,1
24.08.2021 00:17:54.853,0.6889500000000001,0.68884,1,1
24.08.2021 00:18:00.733,0.6889500000000001,0.68887,1,1
24.08.2021 00:18:00.834,0.6889500000000001,0.6888500000000001,1,1
24.08.2021 00:18:01.129,0.6889500000000001,0.68884,1,1
24.08.2021 00:18:09.099,0.68892,0.68882,1,1.75
24.08.2021 00:18:09.200,0.68893,0.68882,1.25,1
24.08.2021 00:18:09.720,0.68894,0.6888000000000001,1.25,3.37
24.08.2021 00:18:09.822,0.68893,0.68883,1,1.12
24.08.2021 00:18:11.343,0.68894,0.68881,1,2.25
24.08.2021 00:18:11.445,0.68893,0.68881,1,1
24.08.2021 00:18:17.593,0.68894,0.68881,1,1.5
24.08.2021 00:18:26.952,0.68894,0.6888000000000001,1,2.25
24.08.2021 00:18:27.679,0.68894,0.6888000000000001,1,2.75
24.08.2021 00:18:27.781,0.68894,0.6888000000000001,1,2.25
24.08.2021 00:18:38.680,0.68892,0.68881,1,1.5
24.08.2021 00:18:45.191,0.68892,0.6888000000000001,1,1.5
24.08.2021 00:18:57.171,0.68893,0.68883,1,2.25
24.08.2021 00:18:57.373,0.68893,0.68884,1,1
24.08.2021 00:18:57.475,0.6889500000000001,0.68884,1,1
24.08.2021 00:18:59.908,0.68896,0.6888500000000001,1,1
24.08.2021 00:19:00.009,0.68896,0.68886,1,1
24.08.2021 00:19:11.442,0.68898,0.6888500000000001,1.25,1
24.08.2021 00:19:43.878,0.68897,0.6888500000000001,1,1
24.08.2021 00:19:46.450,0.68898,0.6888500000000001,1.25,1
24.08.2021 00:20:13.981,0.68896,0.68882,1,4.25
24.08.2021 00:20:14.145,0.68896,0.68882,1,3
24.08.2021 00:20:14.247,0.6889500000000001,0.68882,1,1
24.08.2021 00:20:14.409,0.6889500000000001,0.68883,1,1
24.08.2021 00:20:14.512,0.68896,0.68884,1,1
24.08.2021 00:20:14.672,0.68896,0.6888500000000001,1,1
24.08.2021 00:20:20.712,0.68897,0.6888500000000001,1,1
24.08.2021 00:20:27.365,0.68898,0.6888500000000001,1.25,1.12
24.08.2021 00:20:55.511,0.68899,0.68886,1.5,1
24.08.2021 00:20:55.782,0.6890000000000001,0.68887,1.5,1.87
24.08.2021 00:20:55.883,0.6890100000000001,0.68888,2.25,1
24.08.2021 00:20:56.526,0.68899,0.68887,1.5,3.06
24.08.2021 00:20:57.595,0.6890100000000001,0.68888,1.5,3.75
24.08.2021 00:20:57.814,0.6890000000000001,0.68887,1,1.5
24.08.2021 00:20:58.383,0.6890000000000001,0.68886,1.69,1.87
24.08.2021 00:21:07.568,0.68899,0.6888500000000001,1.5,2.62
24.08.2021 00:21:07.912,0.68898,0.6888500000000001,1,2.25
24.08.2021 00:21:08.013,0.68899,0.68886,1,1
24.08.2021 00:21:16.499,0.6890000000000001,0.68886,3.19,1
24.08.2021 00:21:22.395,0.6889500000000001,0.68886,1,1.87
24.08.2021 00:21:23.651,0.68896,0.68886,1,1
24.08.2021 00:21:29.561,0.68897,0.68886,1,1
24.08.2021 00:21:31.134,0.68894,0.68886,1,1
24.08.2021 00:21:31.235,0.68894,0.6888500000000001,1,1.87
24.08.2021 00:21:39.415,0.68896,0.68884,1,1.12
24.08.2021 00:21:40.833,0.68894,0.68883,1,1
24.08.2021 00:21:40.985,0.68892,0.68881,1,2
24.08.2021 00:21:41.087,0.68891,0.68882,1,1
24.08.2021 00:21:47.056,0.68893,0.68881,1,1.5
24.08.2021 00:21:54.088,0.68893,0.68882,1,1
24.08.2021 00:21:54.217,0.68894,0.68882,1,1
24.08.2021 00:21:56.634,0.68896,0.68884,1,1
24.08.2021 00:22:05.623,0.68897,0.68884,1,1.5
24.08.2021 00:22:14.509,0.68896,0.68884,1,1
24.08.2021 00:22:14.610,0.6889500000000001,0.68884,1,1
24.08.2021 00:22:14.661,0.68893,0.68883,1,1.87
24.08.2021 00:22:14.913,0.68894,0.68881,1,1.5
24.08.2021 00:22:18.370,0.68893,0.68881,1,1.5
24.08.2021 00:22:19.570,0.6889000000000001,0.6888000000000001,1,2.62
24.08.2021 00:22:19.772,0.68893,0.68879,1,2.25
24.08.2021 00:22:19.873,0.68893,0.6888000000000001,1,1
24.08.2021 00:22:24.467,0.68893,0.68881,1,1
24.08.2021 00:22:34.131,0.68892,0.6888000000000001,1,2.62
24.08.2021 00:22:34.284,0.68892,0.68879,1,1.5
24.08.2021 00:22:43.127,0.68891,0.68881,1,1
24.08.2021 00:22:50.632,0.68891,0.6888000000000001,1,1
24.08.2021 00:22:54.395,0.68891,0.68881,1,1
24.08.2021 00:23:31.320,0.68893,0.6888000000000001,1.5,1.5
24.08.2021 00:23:31.422,0.68893,0.68881,1,1
24.08.2021 00:23:42.665,0.68894,0.68881,1,1
24.08.2021 00:24:03.473,0.6889500000000001,0.68882,1.5,2.62
24.08.2021 00:24:03.657,0.6889500000000001,0.68883,1,1
24.08.2021 00:24:03.708,0.68897,0.68883,2.25,3
24.08.2021 00:24:03.758,0.68897,0.6888500000000001,1.5,1
24.08.2021 00:24:05.986,0.6889500000000001,0.68886,1,1
24.08.2021 00:24:12.366,0.68896,0.68886,1,1
24.08.2021 00:24:17.453,0.68899,0.68888,1,1.5
24.08.2021 00:24:17.504,0.6890100000000001,0.68888,1.5,2.25
24.08.2021 00:24:24.374,0.6890000000000001,0.68888,1,1
24.08.2021 00:24:42.141,0.6890000000000001,0.68887,1.5,1.5
24.08.2021 00:24:42.192,0.68898,0.6888500000000001,1.5,1.5
24.08.2021 00:24:42.394,0.68898,0.6888500000000001,1.5,1
24.08.2021 00:24:47.512,0.68899,0.6888500000000001,1.5,1.5
24.08.2021 00:24:51.763,0.68897,0.68884,1,1.12
24.08.2021 00:24:51.915,0.6889500000000001,0.68883,1,1.5
24.08.2021 00:24:52.017,0.68892,0.68879,1.5,1.5
24.08.2021 00:24:52.169,0.68891,0.68879,1,1
24.08.2021 00:24:52.270,0.6889000000000001,0.68877,1,2.62
24.08.2021 00:25:03.125,0.6889000000000001,0.6887800000000001,1,1
24.08.2021 00:25:03.176,0.68893,0.68884,1.12,1
24.08.2021 00:25:04.173,0.68892,0.68881,1,1.12
24.08.2021 00:25:04.274,0.6889500000000001,0.68883,1,3.19
24.08.2021 00:25:04.425,0.68896,0.68883,1.5,1.69
24.08.2021 00:25:04.576,0.6889500000000001,0.68883,1,1.69
24.08.2021 00:25:04.678,0.6889500000000001,0.68884,1,1
24.08.2021 00:25:04.782,0.68894,0.68884,1,1.69
24.08.2021 00:25:04.998,0.68894,0.6888500000000001,1,1
24.08.2021 00:25:05.250,0.6889500000000001,0.68883,1,1.25
24.08.2021 00:25:05.596,0.68896,0.68884,1,1
24.08.2021 00:25:10.779,0.68893,0.68881,1,1.5
24.08.2021 00:25:10.880,0.68891,0.6888000000000001,1,1.12
24.08.2021 00:25:10.982,0.68892,0.6888000000000001,1,1
24.08.2021 00:25:12.275,0.68892,0.68879,1,1.87
24.08.2021 00:25:20.585,0.68891,0.68879,1,1.87
24.08.2021 00:25:22.861,0.68888,0.68876,1,2.5
24.08.2021 00:25:22.963,0.68888,0.68876,1,1
24.08.2021 00:25:23.713,0.68888,0.6887500000000001,1,2.81
24.08.2021 00:25:26.454,0.68883,0.68874,1.5,1.12
24.08.2021 00:25:26.556,0.68881,0.6886800000000001,1.5,2.37
24.08.2021 00:25:26.658,0.68879,0.6886800000000001,1,1
24.08.2021 00:25:26.860,0.6888000000000001,0.6886800000000001,1,1
24.08.2021 00:25:26.911,0.68879,0.68867,1,2.25
24.08.2021 00:25:27.262,0.68883,0.6887,1,1
24.08.2021 00:25:27.363,0.68884,0.6887,2.62,1.5
24.08.2021 00:25:27.666,0.68884,0.6887300000000001,1.5,1
24.08.2021 00:25:27.768,0.68884,0.68872,1,1
24.08.2021 00:25:28.072,0.6888500000000001,0.68872,1,3.94
24.08.2021 00:25:28.303,0.6888500000000001,0.6887300000000001,1,1.5
24.08.2021 00:25:32.731,0.6888500000000001,0.68872,1,3.56
24.08.2021 00:25:32.832,0.68883,0.68871,1,1.5
24.08.2021 00:25:32.948,0.68883,0.68871,1,1
24.08.2021 00:25:33.049,0.68883,0.68871,1,2.25
24.08.2021 00:25:33.664,0.68882,0.68871,1,2.25
24.08.2021 00:25:33.765,0.68881,0.6887,1.5,1
24.08.2021 00:25:35.334,0.68881,0.6886800000000001,2.25,1
24.08.2021 00:25:35.435,0.6888000000000001,0.68866,1,2
24.08.2021 00:25:35.537,0.68879,0.68866,1,1.5
24.08.2021 00:25:38.358,0.6887800000000001,0.68865,1,1
24.08.2021 00:25:38.459,0.68877,0.68864,1.5,1.87
24.08.2021 00:25:39.673,0.68876,0.6886300000000001,1.5,1.87
24.08.2021 00:25:39.775,0.68874,0.68862,1,1.12
24.08.2021 00:25:39.876,0.68874,0.68861,1,1.12
24.08.2021 00:25:44.978,0.68872,0.68859,1,1.87
24.08.2021 00:25:45.603,0.68872,0.6886,1,1
24.08.2021 00:25:45.704,0.6887300000000001,0.6886,1,1.5
24.08.2021 00:25:47.385,0.68871,0.68861,1,1
24.08.2021 00:25:48.916,0.68872,0.68859,1,1.5
24.08.2021 00:25:49.126,0.6887500000000001,0.68862,1,1.5
24.08.2021 00:25:49.231,0.68874,0.68861,1,1.5
24.08.2021 00:25:49.722,0.68876,0.6886300000000001,1,2.25
24.08.2021 00:25:49.873,0.6887500000000001,0.68862,1,2.81
24.08.2021 00:25:49.974,0.6887500000000001,0.6886300000000001,1.5,1.87
24.08.2021 00:25:51.288,0.68876,0.6886300000000001,1.5,1
24.08.2021 00:25:51.591,0.68876,0.68862,2.25,2.44
24.08.2021 00:25:51.843,0.68876,0.6886300000000001,2.25,1
24.08.2021 00:25:51.944,0.68876,0.68862,2.25,1.87
24.08.2021 00:25:52.230,0.6887500000000001,0.68862,1,1.12
24.08.2021 00:25:52.331,0.68876,0.68862,2.25,2.44
24.08.2021 00:25:52.432,0.68876,0.6886300000000001,2.25,1
24.08.2021 00:25:52.533,0.6887500000000001,0.6886300000000001,2.25,1.87
24.08.2021 00:25:52.735,0.68876,0.6886300000000001,2.25,1
24.08.2021 00:25:52.836,0.6887500000000001,0.68862,1,1
24.08.2021 00:25:52.938,0.6887500000000001,0.68861,1,1.87
24.08.2021 00:25:56.380,0.68876,0.6886300000000001,1,1.5
24.08.2021 00:25:57.013,0.68876,0.68862,1.5,1.12
24.08.2021 00:25:57.114,0.6887500000000001,0.68862,1,1
24.08.2021 00:25:58.396,0.6887500000000001,0.68861,1,2.62
24.08.2021 00:25:59.465,0.68874,0.6886300000000001,1,1
24.08.2021 00:26:03.502,0.68874,0.68861,1,1
24.08.2021 00:26:03.603,0.68874,0.68862,2.25,1
24.08.2021 00:26:05.627,0.68876,0.6886300000000001,1,1.5
24.08.2021 00:26:07.129,0.68876,0.68862,1.5,2.06
24.08.2021 00:26:07.230,0.68876,0.6886300000000001,1,1
24.08.2021 00:26:07.331,0.68876,0.68862,2.25,1.12
24.08.2021 00:26:09.113,0.6887500000000001,0.68861,1,1.5
24.08.2021 00:26:13.687,0.68876,0.68862,2.25,1.31
24.08.2021 00:26:14.228,0.6887300000000001,0.6886,1,1.12
24.08.2021 00:26:14.329,0.68874,0.6886,1.5,1.87
24.08.2021 00:26:15.539,0.6887300000000001,0.68862,1,1
24.08.2021 00:26:16.870,0.68872,0.6886,1,1
24.08.2021 00:26:16.971,0.68872,0.68859,1,1.87
24.08.2021 00:26:17.568,0.68872,0.6885800000000001,1.5,1
24.08.2021 00:26:17.669,0.68869,0.6885800000000001,1,1.87
24.08.2021 00:26:17.935,0.6887,0.6885600000000001,1,1.87
24.08.2021 00:26:20.668,0.68869,0.68855,1.5,2.75
24.08.2021 00:26:20.770,0.68869,0.68855,1.5,1.5
24.08.2021 00:26:20.872,0.6886800000000001,0.68857,1,1
24.08.2021 00:26:21.155,0.6887,0.6885600000000001,1,1.5
24.08.2021 00:26:21.256,0.68871,0.68857,1,3.56
24.08.2021 00:26:21.357,0.6887300000000001,0.68861,1.5,2.25
24.08.2021 00:26:21.476,0.6887300000000001,0.68861,1,2.25
24.08.2021 00:26:21.679,0.6887300000000001,0.68859,2.25,2.25
24.08.2021 00:26:21.781,0.68872,0.68859,1,1.12
24.08.2021 00:26:21.955,0.6887,0.6885800000000001,1.5,3.56
24.08.2021 00:26:24.650,0.68869,0.68855,2.25,1
24.08.2021 00:26:25.016,0.68869,0.6885600000000001,1,1
24.08.2021 00:26:25.117,0.6887,0.6885600000000001,1.5,1
24.08.2021 00:26:25.221,0.6887,0.68857,1,1
24.08.2021 00:26:27.193,0.68871,0.6885800000000001,1,1.12
24.08.2021 00:26:27.396,0.68871,0.68857,1.5,1
24.08.2021 00:26:28.260,0.68869,0.6885600000000001,1,1
24.08.2021 00:26:28.361,0.6886800000000001,0.68855,1,1
24.08.2021 00:26:28.412,0.6887,0.6885600000000001,2.44,1
24.08.2021 00:26:33.163,0.68869,0.68855,1,2.62
24.08.2021 00:26:33.264,0.6887,0.6885600000000001,2.25,1
24.08.2021 00:26:34.141,0.68867,0.68854,1,1.12
24.08.2021 00:26:34.293,0.6886800000000001,0.68855,1,1.5
24.08.2021 00:26:34.394,0.68869,0.68855,1,2.62
24.08.2021 00:26:35.489,0.68867,0.68854,1,1.5
24.08.2021 00:26:36.539,0.6886800000000001,0.68855,1,1
24.08.2021 00:26:36.640,0.68869,0.68855,1,2.25
24.08.2021 00:26:38.483,0.68867,0.68854,1,1.5
24.08.2021 00:26:38.736,0.6886800000000001,0.68854,1,4.31
24.08.2021 00:26:38.837,0.68867,0.6885600000000001,1,1
24.08.2021 00:26:42.748,0.68867,0.6885300000000001,1.5,3.12
24.08.2021 00:26:42.849,0.6886800000000001,0.68854,2.25,1.5
24.08.2021 00:26:42.950,0.68867,0.68854,1,1
24.08.2021 00:26:44.156,0.68865,0.68854,1,1
24.08.2021 00:26:45.601,0.68867,0.68854,1.5,1
24.08.2021 00:26:46.358,0.68866,0.68854,1.5,3.19
24.08.2021 00:26:47.890,0.68867,0.6885300000000001,1.5,4.62
24.08.2021 00:26:54.197,0.68866,0.6885300000000001,1.5,1.5
24.08.2021 00:27:00.666,0.68865,0.68854,1,3.5
24.08.2021 00:27:00.925,0.68866,0.6885300000000001,1,1.87
24.08.2021 00:27:01.936,0.68867,0.6885300000000001,2.25,2.25
24.08.2021 00:27:03.524,0.68866,0.6885600000000001,1,1.25
24.08.2021 00:27:25.071,0.68866,0.68857,1,2.25
24.08.2021 00:27:25.172,0.6887,0.68859,1,1.25
24.08.2021 00:27:25.475,0.68871,0.68859,1,1.25
24.08.2021 00:27:25.803,0.68871,0.68861,1,1
24.08.2021 00:27:25.904,0.6887300000000001,0.6886,1,1.5
24.08.2021 00:27:28.787,0.6887500000000001,0.6886300000000001,1,1.69
24.08.2021 00:27:28.888,0.6887500000000001,0.68864,1.5,3.25
24.08.2021 00:27:32.986,0.6887500000000001,0.6886300000000001,1,1.5
24.08.2021 00:27:33.954,0.68876,0.6886300000000001,1.5,1.25
24.08.2021 00:27:34.055,0.68876,0.6886300000000001,1.5,1.5
24.08.2021 00:27:34.156,0.68871,0.68859,1,2.19
24.08.2021 00:27:34.257,0.68871,0.68859,1,1.87
24.08.2021 00:27:35.350,0.68871,0.68861,1,1
24.08.2021 00:27:35.452,0.68872,0.68861,1,1
24.08.2021 00:27:41.036,0.6887300000000001,0.68861,1,1
24.08.2021 00:27:51.416,0.68869,0.6885800000000001,1,1
24.08.2021 00:27:51.619,0.68869,0.6885600000000001,1,1.69
24.08.2021 00:27:52.565,0.6887,0.6885600000000001,1.5,1.69
24.08.2021 00:27:52.820,0.6887,0.6885800000000001,1.5,1
24.08.2021 00:27:52.921,0.68871,0.6885800000000001,1.5,1
24.08.2021 00:27:53.023,0.68871,0.68859,1,1
24.08.2021 00:27:54.633,0.6887,0.68857,1.5,1.25
24.08.2021 00:28:06.466,0.6887,0.6885600000000001,2.25,1.31
24.08.2021 00:28:14.340,0.6886800000000001,0.6885600000000001,1,3.19
24.08.2021 00:28:19.094,0.68866,0.68855,1,2.62
24.08.2021 00:28:19.196,0.68867,0.68855,1,1
24.08.2021 00:28:24.226,0.68867,0.6885600000000001,1,1
24.08.2021 00:28:24.328,0.6886800000000001,0.68855,1,1
24.08.2021 00:28:35.305,0.68866,0.68854,1,1
24.08.2021 00:28:35.608,0.68865,0.68854,1,1
24.08.2021 00:28:36.528,0.68865,0.68852,1,1
24.08.2021 00:28:38.974,0.68867,0.68854,2.25,1
24.08.2021 00:28:39.328,0.6886800000000001,0.6885600000000001,1.5,1.87
24.08.2021 00:28:47.420,0.68857,0.68849,1,1.25
24.08.2021 00:28:47.470,0.6885600000000001,0.6884600000000001,1.5,2.62
24.08.2021 00:28:47.622,0.68855,0.6884300000000001,1,1
24.08.2021 00:28:47.875,0.68855,0.68842,1,1.87
24.08.2021 00:28:47.976,0.68854,0.68842,1,1
24.08.2021 00:28:48.409,0.6885300000000001,0.68842,1,1.87
24.08.2021 00:28:49.304,0.68854,0.68842,1,1
24.08.2021 00:28:49.584,0.68854,0.6884100000000001,1,3.94
24.08.2021 00:28:50.858,0.68855,0.68842,2.25,1.25
24.08.2021 00:28:55.199,0.68854,0.6884100000000001,1.5,1.5
24.08.2021 00:28:55.250,0.68852,0.6884100000000001,1,1
24.08.2021 00:28:55.351,0.6885100000000001,0.6884,1,1
24.08.2021 00:28:56.329,0.6885100000000001,0.6883800000000001,1,2.62
24.08.2021 00:28:59.345,0.6885100000000001,0.68839,1,1.5
24.08.2021 00:28:59.446,0.68852,0.68842,1,1.25
24.08.2021 00:28:59.497,0.6885600000000001,0.6884300000000001,2.62,1.5
24.08.2021 00:29:02.072,0.68855,0.6884300000000001,1.5,1
24.08.2021 00:29:02.123,0.68854,0.68842,1.5,1.87
24.08.2021 00:29:02.279,0.68854,0.6884100000000001,1,1.5
24.08.2021 00:29:08.653,0.6885100000000001,0.6884,1.25,1
24.08.2021 00:29:08.704,0.6885300000000001,0.6884100000000001,1.5,1
24.08.2021 00:29:08.805,0.6885300000000001,0.6884,2.44,1.5
24.08.2021 00:29:08.856,0.6885100000000001,0.6883800000000001,3,1.5
24.08.2021 00:29:08.957,0.68847,0.6883600000000001,3,1.5
24.08.2021 00:29:09.058,0.6884600000000001,0.68835,1.5,1.5
24.08.2021 00:29:09.209,0.68844,0.68833,1,1.12
24.08.2021 00:29:09.310,0.68847,0.68834,3.37,2.25
24.08.2021 00:29:09.412,0.6884800000000001,0.68835,2.75,1.5
24.08.2021 00:29:09.513,0.6884800000000001,0.68835,3,1.5
24.08.2021 00:29:09.564,0.6884600000000001,0.68834,1,1
24.08.2021 00:29:09.939,0.6884600000000001,0.68835,2.25,1.5
24.08.2021 00:29:11.866,0.6884600000000001,0.6883600000000001,1,1
24.08.2021 00:29:12.193,0.6884600000000001,0.68835,1,1.5
24.08.2021 00:29:14.395,0.68847,0.6883600000000001,1,1
24.08.2021 00:29:14.446,0.6885,0.6883800000000001,1,1
24.08.2021 00:29:14.548,0.6885100000000001,0.6883800000000001,2.25,3
24.08.2021 00:29:15.452,0.6885100000000001,0.68839,1,1
24.08.2021 00:29:15.503,0.6885300000000001,0.68842,1.12,1
24.08.2021 00:29:15.705,0.68854,0.68842,1,1.5
24.08.2021 00:29:16.768,0.6885300000000001,0.68844,1,1
24.08.2021 00:29:18.655,0.68855,0.6884300000000001,1.5,1
24.08.2021 00:29:24.635,0.68854,0.68844,1.5,1
24.08.2021 00:29:24.686,0.6885300000000001,0.6884100000000001,1.5,1
24.08.2021 00:29:27.021,0.6885300000000001,0.6884,2.25,1.5
24.08.2021 00:29:27.573,0.6885300000000001,0.6884100000000001,1.5,1
24.08.2021 00:29:33.567,0.6885,0.6884100000000001,1,1
24.08.2021 00:29:33.669,0.68852,0.68839,1.5,1
24.08.2021 00:29:33.822,0.6885100000000001,0.6884100000000001,1,1
24.08.2021 00:29:34.414,0.6885300000000001,0.6884100000000001,3,1.69
24.08.2021 00:29:39.396,0.68854,0.6884100000000001,3,1
24.08.2021 00:29:42.843,0.68855,0.68842,2.25,1.5
24.08.2021 00:29:42.944,0.68854,0.68842,1,1
24.08.2021 00:29:56.264,0.68854,0.6884300000000001,1,1
24.08.2021 00:29:56.563,0.68854,0.68842,1,1.87
24.08.2021 00:30:00.210,0.68854,0.6884300000000001,1,1
24.08.2021 00:30:00.261,0.68857,0.68844,1.5,1
24.08.2021 00:30:00.362,0.68857,0.68845,1,1
24.08.2021 00:30:00.817,0.6885800000000001,0.68845,1.5,1.5
24.08.2021 00:30:00.918,0.68861,0.6885,1.12,1
24.08.2021 00:30:01.671,0.68861,0.68849,1,1.87
24.08.2021 00:30:01.903,0.68862,0.68849,1,2.62
24.08.2021 00:30:02.348,0.68864,0.6885100000000001,1.5,2.25
24.08.2021 00:30:04.373,0.68866,0.6885300000000001,1.5,3.75
24.08.2021 00:30:04.474,0.68867,0.68855,1,1
24.08.2021 00:30:07.463,0.68869,0.68857,1,1
24.08.2021 00:30:12.369,0.6887,0.68857,2.44,1.5
24.08.2021 00:30:14.343,0.68871,0.6885800000000001,1.5,3
24.08.2021 00:30:27.736,0.68871,0.68859,1,1
24.08.2021 00:30:27.837,0.68872,0.68859,1.5,1.12
24.08.2021 00:30:41.971,0.6886800000000001,0.6885800000000001,1,1
24.08.2021 00:30:42.022,0.6886800000000001,0.68855,1.69,1.5
24.08.2021 00:30:46.573,0.68867,0.68855,1.25,1
24.08.2021 00:31:04.264,0.68867,0.68854,2.44,2.62
24.08.2021 00:31:06.378,0.6886800000000001,0.6885600000000001,1.5,3
24.08.2021 00:31:09.759,0.6887,0.6885800000000001,1,1.5
24.08.2021 00:31:09.860,0.68871,0.68859,1.69,1
24.08.2021 00:32:25.994,0.68872,0.68859,1.25,3.37
24.08.2021 00:32:29.880,0.68871,0.68861,3.25,1
24.08.2021 00:32:29.982,0.68872,0.6886,2.44,1
24.08.2021 00:32:31.454,0.68872,0.68859,3.25,2.25
24.08.2021 00:32:31.606,0.68871,0.6886,2.44,2.62
24.08.2021 00:32:36.044,0.68871,0.68859,1,2.62
24.08.2021 00:32:39.917,0.68869,0.68859,2.5,1
24.08.2021 00:32:40.018,0.68866,0.68854,1,1.5
24.08.2021 00:32:40.119,0.68865,0.6885300000000001,1.69,1
24.08.2021 00:32:40.271,0.68864,0.68852,1.5,2.25
24.08.2021 00:32:41.076,0.6886300000000001,0.68852,1,1
24.08.2021 00:32:44.067,0.68864,0.68852,1.5,1
24.08.2021 00:32:44.399,0.68864,0.6885100000000001,1.5,1.5
24.08.2021 00:32:51.257,0.68864,0.68852,1.5,2.25
24.08.2021 00:32:54.631,0.68865,0.68852,2.25,2.25
24.08.2021 00:32:55.706,0.68864,0.68852,1,2.25
24.08.2021 00:33:02.635,0.68865,0.68854,1,1
24.08.2021 00:33:03.132,0.68867,0.68854,1.69,2.25
24.08.2021 00:33:03.234,0.68867,0.68855,1.25,1
24.08.2021 00:33:26.906,0.68869,0.68859,1.25,1
24.08.2021 00:33:27.007,0.68871,0.68859,1.25,1
24.08.2021 00:33:27.108,0.68871,0.68859,2.5,1
24.08.2021 00:33:27.210,0.6886800000000001,0.68857,1.25,3.12
24.08.2021 00:33:27.311,0.68869,0.6885600000000001,1.25,2.62
24.08.2021 00:33:37.685,0.68869,0.68857,1.69,1
24.08.2021 00:33:39.086,0.6886800000000001,0.6885600000000001,1,1.5
24.08.2021 00:33:48.382,0.6886800000000001,0.6885800000000001,1.69,1
24.08.2021 00:33:54.416,0.6887,0.68859,1,1
24.08.2021 00:33:54.518,0.68871,0.68859,2.25,1
24.08.2021 00:33:54.621,0.68872,0.6886,1,1.5
24.08.2021 00:34:00.364,0.6887300000000001,0.68861,2.44,1
24.08.2021 00:34:00.465,0.68872,0.68861,1.25,1
24.08.2021 00:34:00.567,0.6887300000000001,0.6886300000000001,1.25,1
24.08.2021 00:34:00.668,0.68874,0.68865,1,1
24.08.2021 00:34:00.719,0.68877,0.68866,1.12,1.5
24.08.2021 00:34:00.820,0.68877,0.68867,1.12,1
24.08.2021 00:34:01.813,0.6887800000000001,0.68867,1,1
24.08.2021 00:34:06.365,0.68879,0.68867,1,1.5
24.08.2021 00:34:12.688,0.68882,0.6887,1.69,1.5
24.08.2021 00:34:12.891,0.68882,0.68871,1,1
24.08.2021 00:34:13.042,0.68883,0.68871,1.69,1.5
24.08.2021 00:34:14.329,0.68882,0.68871,1.25,1.5
24.08.2021 00:34:15.040,0.68882,0.6887,2.44,1.5
24.08.2021 00:34:16.690,0.6888000000000001,0.6887,1,1.5
24.08.2021 00:34:16.858,0.68881,0.68871,3.19,1.5
24.08.2021 00:34:17.608,0.68877,0.68866,2.25,1
24.08.2021 00:34:17.710,0.68874,0.6886300000000001,1,1.5
24.08.2021 00:34:17.811,0.68874,0.6886300000000001,1,1
24.08.2021 00:34:21.181,0.68874,0.68864,1,1
24.08.2021 00:34:22.694,0.6887300000000001,0.68864,1,1
24.08.2021 00:34:24.924,0.68874,0.68864,1,1.5
24.08.2021 00:34:25.075,0.6887300000000001,0.68864,1,1.5
24.08.2021 00:34:26.622,0.6887500000000001,0.6886300000000001,1,1.5
24.08.2021 00:34:27.035,0.6887500000000001,0.68864,1,1
24.08.2021 00:34:27.187,0.6887500000000001,0.6886300000000001,1,1.5
24.08.2021 00:34:36.926,0.68874,0.6886300000000001,1.25,2.25
24.08.2021 00:34:46.169,0.6887300000000001,0.6886300000000001,1,2.25
24.08.2021 00:34:48.674,0.68872,0.68861,1,1
24.08.2021 00:34:49.098,0.6887300000000001,0.68861,1.69,1
24.08.2021 00:34:54.361,0.68872,0.6886,1.25,1.5
24.08.2021 00:34:55.058,0.68871,0.68859,1,1
24.08.2021 00:34:55.159,0.68871,0.6885800000000001,1,2.62
24.08.2021 00:34:55.310,0.6887,0.6885800000000001,1,1
24.08.2021 00:34:55.436,0.6886800000000001,0.6885800000000001,1,2.25
24.08.2021 00:35:01.625,0.68871,0.6886300000000001,1,1
24.08.2021 00:35:01.726,0.6887300000000001,0.68862,1.25,1
24.08.2021 00:35:04.616,0.68871,0.68859,1,1.5
24.08.2021 00:35:04.767,0.6887,0.6885800000000001,1,2.62
24.08.2021 00:35:05.634,0.6887,0.68859,1,2.62
24.08.2021 00:35:12.145,0.68871,0.68859,1,1
24.08.2021 00:35:12.195,0.68871,0.68862,1,1
24.08.2021 00:35:12.297,0.6887300000000001,0.68861,1.25,1.5
24.08.2021 00:35:26.212,0.68872,0.6886300000000001,1,1
24.08.2021 00:35:30.715,0.68874,0.68862,1.5,2.25
24.08.2021 00:35:32.115,0.6887300000000001,0.68864,1,1
24.08.2021 00:35:33.116,0.68874,0.68862,1,2.25
24.08.2021 00:35:35.556,0.68876,0.68865,1,1.5
24.08.2021 00:35:35.658,0.68877,0.68865,1.69,1.5
24.08.2021 00:35:43.007,0.6887500000000001,0.68864,1,1
24.08.2021 00:35:43.108,0.68874,0.68864,1,1
24.08.2021 00:35:43.416,0.68874,0.68862,1,2.62
24.08.2021 00:35:58.117,0.68874,0.6886300000000001,1,1
24.08.2021 00:35:58.218,0.68874,0.68864,1,1
24.08.2021 00:36:04.073,0.68874,0.6886300000000001,1,1
24.08.2021 00:36:04.174,0.68874,0.68862,1,1.5
24.08.2021 00:36:10.608,0.68872,0.68862,2.25,1
24.08.2021 00:36:10.658,0.68871,0.6886,1,1.12
24.08.2021 00:36:18.176,0.68871,0.68859,1,1
24.08.2021 00:36:18.379,0.6886800000000001,0.68859,1,1
24.08.2021 00:36:18.481,0.68869,0.68859,1.69,1
24.08.2021 00:36:18.633,0.6887,0.68859,1,3
24.08.2021 00:36:18.734,0.68871,0.6886,1,1
24.08.2021 00:36:19.997,0.6887300000000001,0.68862,1,1
24.08.2021 00:36:20.098,0.68874,0.68862,1.69,1
24.08.2021 00:36:26.021,0.68874,0.6886300000000001,1.69,1
24.08.2021 00:36:27.180,0.68874,0.68866,1,1
24.08.2021 00:36:27.281,0.68876,0.68865,1,1
24.08.2021 00:36:27.382,0.68877,0.68865,1,1
24.08.2021 00:36:51.467,0.6887500000000001,0.68866,1,1
24.08.2021 00:36:51.923,0.6887800000000001,0.68867,1,2.62
24.08.2021 00:36:52.299,0.68877,0.68865,1,2.62
24.08.2021 00:37:18.332,0.68879,0.68867,1,1.12
24.08.2021 00:37:19.250,0.6887800000000001,0.68867,1,2.62
24.08.2021 00:37:19.351,0.6887800000000001,0.68866,1,2.62
24.08.2021 00:37:23.672,0.68877,0.68866,1,1.87
24.08.2021 00:37:25.976,0.68877,0.68865,1,2.25
24.08.2021 00:37:28.756,0.6887800000000001,0.68865,1,2.25
24.08.2021 00:37:31.315,0.68879,0.6886800000000001,1,1
24.08.2021 00:37:31.517,0.68879,0.68867,1,3.37
24.08.2021 00:37:31.642,0.68883,0.68872,1.25,1
24.08.2021 00:37:31.744,0.68883,0.68872,1.75,1.5
24.08.2021 00:37:36.263,0.68882,0.68871,1.25,1
24.08.2021 00:37:36.364,0.68882,0.6887,1.25,2.62
24.08.2021 00:37:41.793,0.68881,0.6887,1,1.5
24.08.2021 00:37:42.729,0.6887800000000001,0.68869,1,1
24.08.2021 00:37:42.830,0.6887800000000001,0.68866,1,2
24.08.2021 00:37:42.931,0.6887800000000001,0.68866,1,1.5
24.08.2021 00:37:45.835,0.68877,0.68865,1,1.87
24.08.2021 00:38:01.429,0.6887800000000001,0.68867,1,1.12
24.08.2021 00:38:01.631,0.6887800000000001,0.68866,1,2.62
24.08.2021 00:38:01.934,0.68877,0.68866,1,1
24.08.2021 00:38:19.862,0.68877,0.68865,1,3
24.08.2021 00:38:36.631,0.68876,0.68864,1,2.25
24.08.2021 00:38:37.389,0.6887300000000001,0.68862,1.5,1
24.08.2021 00:38:37.490,0.68872,0.6886,1,2.25
24.08.2021 00:38:42.881,0.68872,0.68861,1,1
24.08.2021 00:38:42.982,0.68872,0.6886,1,2.25
24.08.2021 00:38:47.882,0.68871,0.6886,1,1
24.08.2021 00:38:47.984,0.68871,0.68859,1,2.44
24.08.2021 00:38:51.351,0.68872,0.68859,1.5,2.44
24.08.2021 00:38:57.410,0.6887,0.6886,1,2.81
24.08.2021 00:39:03.898,0.68874,0.68864,1.5,3.69
24.08.2021 00:39:03.999,0.68876,0.68864,1,2.62
24.08.2021 00:39:04.357,0.68877,0.68865,1.5,1.12
24.08.2021 00:39:04.458,0.6888000000000001,0.68869,1,1
24.08.2021 00:39:04.559,0.68881,0.68869,3.19,1
24.08.2021 00:39:06.043,0.68879,0.68869,1,1.87
24.08.2021 00:39:11.909,0.6887800000000001,0.68866,1,2.25
24.08.2021 00:39:22.837,0.6887800000000001,0.68867,1,1
24.08.2021 00:39:22.938,0.6887800000000001,0.6886800000000001,1,1.12
24.08.2021 00:39:23.250,0.6887800000000001,0.68867,1,1
24.08.2021 00:39:29.377,0.6887800000000001,0.68866,1,1.5
24.08.2021 00:39:29.478,0.68876,0.68867,1,1
24.08.2021 00:39:30.106,0.68877,0.68865,1,1.5
24.08.2021 00:39:30.697,0.68876,0.68865,1,1
24.08.2021 00:39:34.862,0.68876,0.68864,1,1.12
24.08.2021 00:39:35.613,0.6887500000000001,0.6886300000000001,1,1.5
24.08.2021 00:39:35.715,0.6887300000000001,0.6886300000000001,1,1.87
24.08.2021 00:39:38.644,0.6887300000000001,0.68861,1,1.87
24.08.2021 00:39:50.501,0.68872,0.68861,1,1
24.08.2021 00:39:56.536,0.68872,0.68862,1,1
24.08.2021 00:40:01.116,0.68872,0.68861,1,1
24.08.2021 00:40:06.099,0.6887500000000001,0.6886300000000001,1.5,1.5
24.08.2021 00:40:06.201,0.6887300000000001,0.68862,1.5,1
24.08.2021 00:40:06.480,0.6887300000000001,0.68861,1.5,1.5
24.08.2021 00:40:12.364,0.68872,0.68861,1,1
24.08.2021 00:40:17.248,0.6887,0.6886,1,2.37
24.08.2021 00:40:20.745,0.68872,0.68859,1.5,2.37
24.08.2021 00:40:23.649,0.68872,0.68859,1.5,2.25
24.08.2021 00:40:27.821,0.68871,0.68859,1,2.25
24.08.2021 00:40:30.745,0.6886800000000001,0.6885600000000001,1.5,2
24.08.2021 00:40:30.846,0.68866,0.68854,1,1.5
24.08.2021 00:40:30.947,0.68865,0.68854,1,1
24.08.2021 00:40:31.048,0.68865,0.6885300000000001,1.5,1
24.08.2021 00:40:31.204,0.6886300000000001,0.6885300000000001,1,1.31
24.08.2021 00:40:32.928,0.68864,0.6885100000000001,1,1.5
24.08.2021 00:40:33.388,0.6886300000000001,0.6885100000000001,1,1.5
24.08.2021 00:40:33.489,0.68864,0.6885300000000001,1,1.5
24.08.2021 00:40:33.590,0.68865,0.6885300000000001,1,1.5
24.08.2021 00:40:33.769,0.68867,0.6885600000000001,1,1.5
24.08.2021 00:40:33.871,0.6886800000000001,0.6885800000000001,1.5,1
24.08.2021 00:40:33.973,0.6887,0.6885800000000001,1.5,1.5
24.08.2021 00:40:34.176,0.6887,0.68859,1.5,1
24.08.2021 00:40:45.201,0.68871,0.68859,1.5,1
24.08.2021 00:41:04.608,0.68871,0.68861,1.25,1.5
24.08.2021 00:41:12.303,0.6887300000000001,0.68862,1.5,1
24.08.2021 00:41:12.405,0.68872,0.68861,1,1.12
24.08.2021 00:41:12.506,0.68872,0.68859,1.5,1.87
24.08.2021 00:41:12.607,0.68871,0.68859,1,1.87
24.08.2021 00:41:21.960,0.6887,0.68859,1,1
24.08.2021 00:41:22.921,0.6887,0.6885800000000001,1,1.87
24.08.2021 00:41:36.413,0.6887,0.68859,1,1
24.08.2021 00:41:40.097,0.6887,0.68857,1.5,1.5
24.08.2021 00:41:40.198,0.6886800000000001,0.6885800000000001,1,1.5
24.08.2021 00:41:46.985,0.68867,0.6885600000000001,1,1
24.08.2021 00:41:47.086,0.68867,0.68855,1,1.87
24.08.2021 00:41:47.554,0.68867,0.6885600000000001,2.44,1.5
24.08.2021 00:41:49.550,0.68867,0.68855,1,1.5
24.08.2021 00:42:10.586,0.6886800000000001,0.68855,1.69,1.5
24.08.2021 00:42:10.687,0.6886800000000001,0.6885600000000001,1.25,1
24.08.2021 00:42:29.481,0.6887,0.6885800000000001,1.5,1
24.08.2021 00:42:29.597,0.68869,0.68857,1,1.12
24.08.2021 00:42:33.629,0.6886800000000001,0.68857,1.5,1.5
24.08.2021 00:42:38.760,0.6886800000000001,0.6885600000000001,1,1.5
24.08.2021 00:42:39.320,0.6886800000000001,0.68855,1,1.87
24.08.2021 00:42:42.868,0.68859,0.68849,1.5,1.5
24.08.2021 00:42:42.969,0.68852,0.68842,1,1
24.08.2021 00:42:43.020,0.6885300000000001,0.6884300000000001,1.25,1
24.08.2021 00:42:43.121,0.6885100000000001,0.6884100000000001,1,1
24.08.2021 00:42:43.273,0.6885100000000001,0.6884300000000001,1,1
24.08.2021 00:42:43.324,0.6885100000000001,0.6884100000000001,1,1.5
24.08.2021 00:42:43.852,0.6884800000000001,0.68837,1,1
24.08.2021 00:42:43.953,0.6884600000000001,0.68837,1,1.5
24.08.2021 00:42:44.408,0.6884600000000001,0.68835,1,1
24.08.2021 00:42:45.014,0.68845,0.68835,1,1
24.08.2021 00:42:50.549,0.6884600000000001,0.68835,1.5,1
24.08.2021 00:42:50.751,0.6884600000000001,0.68833,1.5,3.5
24.08.2021 00:42:51.779,0.68845,0.68834,1.5,3.37
24.08.2021 00:42:56.427,0.68845,0.68835,1.5,1
24.08.2021 00:43:01.980,0.68847,0.6883800000000001,1,1.5
24.08.2021 00:43:02.081,0.6884800000000001,0.68839,1,3
24.08.2021 00:43:02.182,0.6885,0.6883800000000001,1,3
24.08.2021 00:43:02.393,0.6885,0.68839,1,1
24.08.2021 00:43:04.839,0.6885,0.68837,1,1.87
24.08.2021 00:43:04.941,0.6884800000000001,0.6883800000000001,1,1
24.08.2021 00:43:06.098,0.68847,0.68837,1,1
24.08.2021 00:43:06.792,0.6884600000000001,0.68837,1,1
24.08.2021 00:43:10.927,0.68847,0.6883800000000001,1.5,1
24.08.2021 00:43:11.618,0.6884800000000001,0.6883600000000001,1.5,3
24.08.2021 00:43:14.806,0.68847,0.68835,1,1.5
24.08.2021 00:43:18.573,0.6884600000000001,0.68834,1,1.87
24.08.2021 00:43:21.849,0.68844,0.68834,1,1
24.08.2021 00:43:43.611,0.68842,0.68832,1,1
24.08.2021 00:43:43.712,0.68842,0.6883100000000001,1,1
24.08.2021 00:43:44.353,0.68842,0.68832,1,1
24.08.2021 00:43:46.999,0.68842,0.6883100000000001,1,1
24.08.2021 00:43:51.211,0.68844,0.68833,1,2.25
24.08.2021 00:43:51.363,0.68845,0.68833,1,1.87
24.08.2021 00:43:51.464,0.68845,0.68834,1,1.5
24.08.2021 00:44:02.454,0.68844,0.6883600000000001,1,1
24.08.2021 00:44:14.348,0.6884600000000001,0.68835,1,1
24.08.2021 00:44:25.991,0.68847,0.68835,1.5,1.5
24.08.2021 00:44:34.516,0.68847,0.68834,1.69,1.5
24.08.2021 00:44:40.955,0.6884600000000001,0.68834,1.5,1
24.08.2021 00:44:49.301,0.6884300000000001,0.68832,1,1.5
24.08.2021 00:44:51.869,0.6884300000000001,0.6883100000000001,1.69,1
24.08.2021 00:44:51.971,0.6884100000000001,0.6883,1,1
24.08.2021 00:44:52.072,0.6884100000000001,0.68829,1,1.5
24.08.2021 00:45:09.128,0.6884100000000001,0.6883,1.5,2.25
24.08.2021 00:45:09.285,0.6884300000000001,0.6883,2.44,1
24.08.2021 00:45:12.631,0.6884300000000001,0.6883100000000001,1.25,1
24.08.2021 00:45:14.410,0.68842,0.6883100000000001,1.25,2.25
24.08.2021 00:45:18.930,0.6884300000000001,0.68832,2.5,1
24.08.2021 00:45:19.653,0.6884600000000001,0.68833,1.25,2.25
24.08.2021 00:45:19.704,0.68844,0.6883100000000001,1.5,1.5
24.08.2021 00:45:19.805,0.6884300000000001,0.6883,1,1.5
24.08.2021 00:45:19.906,0.68842,0.6883,1,1.5
24.08.2021 00:45:24.364,0.6884300000000001,0.6883,1,1.5
24.08.2021 00:45:31.466,0.68845,0.68832,1.5,2.62
24.08.2021 00:45:31.769,0.68844,0.68834,1,1
24.08.2021 00:45:31.871,0.68845,0.68832,1,2.62
24.08.2021 00:45:32.175,0.68845,0.68833,1,1
24.08.2021 00:45:32.277,0.6884300000000001,0.6883100000000001,1,1.5
24.08.2021 00:45:38.026,0.68845,0.68834,1,2.62
24.08.2021 00:45:38.077,0.68847,0.68835,1,1
24.08.2021 00:45:38.179,0.68847,0.68834,1,2.62
24.08.2021 00:45:40.383,0.68847,0.68835,1,1
24.08.2021 00:45:40.892,0.6884800000000001,0.68835,1.69,1
24.08.2021 00:45:46.633,0.68847,0.68834,1.69,1.5
24.08.2021 00:45:46.785,0.6884600000000001,0.68834,1,1.5
24.08.2021 00:45:51.684,0.68844,0.68835,1,1
24.08.2021 00:45:51.785,0.68844,0.68833,1.25,1
24.08.2021 00:45:52.702,0.68845,0.68833,2.44,1
24.08.2021 00:45:52.803,0.6884600000000001,0.68833,1.69,1.5
24.08.2021 00:45:53.207,0.68845,0.68833,1,1.5
24.08.2021 00:45:54.074,0.68842,0.68832,1,2.25
24.08.2021 00:46:03.600,0.68842,0.6883,1.25,1
24.08.2021 00:46:04.127,0.68842,0.68829,1.69,3.75
24.08.2021 00:46:12.473,0.6884,0.6883,1,2.25
24.08.2021 00:46:13.067,0.6884300000000001,0.6883100000000001,1.75,1
24.08.2021 00:46:29.351,0.6884100000000001,0.6883100000000001,1,1
24.08.2021 00:46:29.460,0.6884100000000001,0.68832,1.25,1
24.08.2021 00:46:47.813,0.68842,0.6883100000000001,1.81,1
24.08.2021 00:46:50.711,0.6884100000000001,0.68832,1.25,1
24.08.2021 00:46:52.485,0.6884100000000001,0.6883100000000001,1.25,1.5
24.08.2021 00:47:09.530,0.6884300000000001,0.6883100000000001,1,1
24.08.2021 00:47:30.669,0.68845,0.68833,1.25,1.5
24.08.2021 00:47:30.770,0.6884600000000001,0.68833,2.44,1.5
24.08.2021 00:47:31.492,0.68847,0.6883600000000001,1,2.19
24.08.2021 00:47:31.593,0.6884800000000001,0.68837,1,3
24.08.2021 00:47:31.695,0.6885,0.6883800000000001,3.25,1
24.08.2021 00:47:31.796,0.6885,0.6883800000000001,1.69,2.25
24.08.2021 00:47:35.371,0.6884600000000001,0.6883600000000001,1.25,1
24.08.2021 00:47:35.422,0.68847,0.68837,4,1
24.08.2021 00:47:35.555,0.6884600000000001,0.68834,1,1.5
24.08.2021 00:47:36.993,0.6884300000000001,0.68834,1,1
24.08.2021 00:47:37.094,0.68845,0.68833,1.69,1
24.08.2021 00:47:41.351,0.6884600000000001,0.68833,1.69,2.25
24.08.2021 00:47:41.464,0.6884600000000001,0.68834,1.5,1.5
24.08.2021 00:47:56.231,0.68849,0.68839,1,1.12
24.08.2021 00:47:56.281,0.68852,0.6884,1.5,1
24.08.2021 00:47:56.382,0.6885300000000001,0.6884100000000001,1,1
24.08.2021 00:48:08.895,0.68854,0.68842,1,4.5
24.08.2021 00:48:08.997,0.6885300000000001,0.68844,1,1
24.08.2021 00:48:10.117,0.68854,0.68844,1.5,1.5
24.08.2021 00:48:15.364,0.6885600000000001,0.6884300000000001,1.69,2.25
24.08.2021 00:48:17.395,0.6885600000000001,0.68844,1.69,1.5
24.08.2021 00:48:20.458,0.6885600000000001,0.68844,2.5,1
24.08.2021 00:48:20.764,0.68855,0.6884300000000001,1.25,2.25
24.08.2021 00:48:25.870,0.6885800000000001,0.6884600000000001,1.5,1.5
24.08.2021 00:48:26.022,0.68859,0.68849,1,1.12
24.08.2021 00:48:26.123,0.68861,0.68849,1,1.87
24.08.2021 00:48:31.187,0.68859,0.6884800000000001,1,1
24.08.2021 00:48:31.288,0.68859,0.68847,1.25,1
24.08.2021 00:48:32.516,0.68857,0.68847,1,2.25
24.08.2021 00:48:42.108,0.68859,0.6884600000000001,1.5,2.25
24.08.2021 00:48:46.622,0.68859,0.68847,1.5,1
24.08.2021 00:48:46.724,0.68857,0.6884800000000001,1.25,1
24.08.2021 00:48:46.926,0.6885800000000001,0.6884600000000001,1.69,1
24.08.2021 00:48:48.075,0.68857,0.68845,1,1
24.08.2021 00:48:48.176,0.68857,0.68844,2.44,1.87
24.08.2021 00:48:48.278,0.68855,0.68845,1,1.87
24.08.2021 00:49:01.507,0.6885300000000001,0.68844,1,1
24.08.2021 00:49:01.558,0.68854,0.6884100000000001,1.69,2.25
24.08.2021 00:49:01.659,0.68854,0.68842,1.25,1
24.08.2021 00:49:02.988,0.68854,0.6884100000000001,1,3
24.08.2021 00:49:06.413,0.6885300000000001,0.6884100000000001,1,1.5
24.08.2021 00:49:19.903,0.68854,0.68842,1.5,1
24.08.2021 00:49:45.949,0.68854,0.6884300000000001,1,1.5
24.08.2021 00:49:50.942,0.68855,0.6884300000000001,1.25,1.5
24.08.2021 00:50:04.168,0.6885600000000001,0.68844,1,2.62
24.08.2021 00:50:04.269,0.68857,0.68845,1.25,1.5
24.08.2021 00:50:09.364,0.68857,0.68847,1.75,1
24.08.2021 00:50:19.422,0.68857,0.68845,1.75,1
24.08.2021 00:50:19.523,0.68855,0.68844,1.25,1
24.08.2021 00:50:24.364,0.68855,0.6884300000000001,1.69,1
24.08.2021 00:50:32.110,0.6885600000000001,0.68844,2.25,1
24.08.2021 00:50:39.364,0.68855,0.6884300000000001,1,1
24.08.2021 00:50:41.733,0.6885600000000001,0.68845,3.19,1
24.08.2021 00:50:41.834,0.68857,0.68845,3.19,1
24.08.2021 00:50:47.692,0.68857,0.6884600000000001,1.25,1
24.08.2021 00:50:56.925,0.6886,0.6884800000000001,1.5,1.5
24.08.2021 00:50:56.976,0.6885800000000001,0.6884600000000001,1.5,1.5
24.08.2021 00:50:58.687,0.68857,0.6884600000000001,1,1
24.08.2021 00:51:00.373,0.6885800000000001,0.6884600000000001,2.44,1
24.08.2021 00:51:06.412,0.6885800000000001,0.68847,1.25,1
24.08.2021 00:51:16.462,0.6886,0.6884800000000001,2.44,1
24.08.2021 00:51:16.564,0.6886,0.6884800000000001,2.5,1
24.08.2021 00:51:20.914,0.6886,0.68847,2.5,1
24.08.2021 00:51:30.043,0.6885800000000001,0.6884600000000001,1,2.25
24.08.2021 00:51:41.436,0.68859,0.6884600000000001,1.25,2.25
24.08.2021 00:51:45.765,0.68859,0.68847,1.25,1
24.08.2021 00:51:51.468,0.6886,0.6884800000000001,1.5,1
24.08.2021 00:51:57.364,0.68859,0.68847,1,3
24.08.2021 00:51:58.258,0.6885800000000001,0.6884800000000001,3.25,1
24.08.2021 00:52:01.884,0.6886,0.6884800000000001,1.69,1
24.08.2021 00:52:05.397,0.68861,0.68849,3.25,1
24.08.2021 00:52:05.498,0.68861,0.6884800000000001,3.25,1.5
24.08.2021 00:52:05.972,0.68861,0.68849,3.25,1
24.08.2021 00:52:06.175,0.68861,0.6884800000000001,3.25,1.5
24.08.2021 00:52:07.173,0.68857,0.68847,1.25,1
24.08.2021 00:52:07.275,0.68857,0.6884600000000001,1.25,1
24.08.2021 00:52:07.634,0.68857,0.68845,1.69,1
24.08.2021 00:52:07.970,0.68857,0.68845,3.25,1
24.08.2021 00:52:08.648,0.6885600000000001,0.68844,1.69,1.5
24.08.2021 00:52:09.134,0.6885600000000001,0.68844,3.25,1
24.08.2021 00:52:09.286,0.68855,0.6884300000000001,1.69,1
24.08.2021 00:52:14.438,0.68854,0.68844,2.5,1
24.08.2021 00:52:15.003,0.6885600000000001,0.68845,1.5,1
24.08.2021 00:52:15.308,0.68857,0.68845,3.19,1
24.08.2021 00:52:21.613,0.6885600000000001,0.68847,1.25,1
24.08.2021 00:52:26.737,0.6885800000000001,0.68847,1,2
24.08.2021 00:52:26.838,0.6886,0.6884800000000001,3.25,1
24.08.2021 00:52:30.543,0.68859,0.68847,1.69,1
24.08.2021 00:52:38.423,0.68859,0.6884800000000001,1.5,1
24.08.2021 00:52:45.478,0.68859,0.68849,1,1
24.08.2021 00:52:48.966,0.6885800000000001,0.6884800000000001,1.25,1
24.08.2021 00:52:51.348,0.68857,0.6884800000000001,2.5,1
24.08.2021 00:52:51.449,0.68854,0.6884300000000001,1,1
24.08.2021 00:52:51.550,0.68855,0.68844,1.75,1
24.08.2021 00:52:51.701,0.68854,0.6884300000000001,1.25,1
24.08.2021 00:52:52.406,0.68854,0.68842,2.5,1
24.08.2021 00:53:00.236,0.6885100000000001,0.68842,1.25,1
24.08.2021 00:53:02.736,0.68852,0.6884300000000001,1.25,1
24.08.2021 00:53:09.118,0.68855,0.6884300000000001,1.69,1
24.08.2021 00:53:09.220,0.68855,0.6884300000000001,2.5,1
24.08.2021 00:53:09.422,0.68854,0.6884300000000001,1.25,1
24.08.2021 00:53:36.250,0.68854,0.6884100000000001,2.5,1.5
24.08.2021 00:53:36.351,0.68852,0.68842,4,1
24.08.2021 00:53:52.263,0.6885300000000001,0.6884,4,1.5
24.08.2021 00:53:52.422,0.6885300000000001,0.6884100000000001,4,1
24.08.2021 00:54:01.354,0.68852,0.68842,1.25,1
24.08.2021 00:54:01.614,0.68852,0.6884100000000001,1.25,1.5
24.08.2021 00:54:03.174,0.68855,0.68844,1.69,1
24.08.2021 00:54:03.376,0.68855,0.68844,1.25,1
24.08.2021 00:54:04.053,0.68855,0.68845,1.25,1
24.08.2021 00:54:04.103,0.6885600000000001,0.68845,1.69,1
24.08.2021 00:54:04.305,0.68854,0.6884600000000001,1.25,1
24.08.2021 00:54:07.577,0.68854,0.6884300000000001,1.25,1
24.08.2021 00:54:07.628,0.68852,0.68844,1.25,1
24.08.2021 00:54:07.730,0.68852,0.68842,1.25,1
24.08.2021 00:54:26.034,0.68852,0.6884100000000001,1.25,1
24.08.2021 00:54:27.205,0.6885300000000001,0.6884300000000001,1.69,1
24.08.2021 00:54:27.306,0.68852,0.68842,1.25,1
24.08.2021 00:54:29.375,0.68852,0.6884100000000001,1.69,1
24.08.2021 00:54:29.477,0.6884800000000001,0.6884100000000001,1.25,1
24.08.2021 00:54:29.528,0.6884600000000001,0.68837,1,1
24.08.2021 00:54:29.579,0.68844,0.68834,1.25,1.1
24.08.2021 00:54:29.630,0.6884,0.6883100000000001,1.69,1
24.08.2021 00:54:29.681,0.68839,0.68827,1.75,2
24.08.2021 00:54:29.732,0.6883600000000001,0.68824,1.69,1
24.08.2021 00:54:29.833,0.68834,0.68823,1.69,1
24.08.2021 00:54:29.934,0.68834,0.68822,2.44,1
24.08.2021 00:54:36.120,0.68837,0.68825,3.19,1
24.08.2021 00:54:36.445,0.68839,0.6882600000000001,2.44,1
24.08.2021 00:54:37.605,0.68839,0.68827,1.69,1
24.08.2021 00:54:42.596,0.68839,0.68828,1.25,1
24.08.2021 00:54:54.415,0.68839,0.68827,1.69,1
24.08.2021 00:54:54.595,0.68839,0.68828,1.25,1
24.08.2021 00:54:55.142,0.68839,0.6883,1.25,1.5
24.08.2021 00:54:55.193,0.68844,0.68832,3.19,1
24.08.2021 00:54:59.255,0.68847,0.68835,3,1
24.08.2021 00:54:59.357,0.68852,0.6884,2.25,1
24.08.2021 00:54:59.459,0.6885300000000001,0.6884,1.69,1.5
24.08.2021 00:54:59.702,0.6885300000000001,0.6884100000000001,1.69,1
24.08.2021 00:55:00.195,0.6885100000000001,0.6883800000000001,1.5,2.44
24.08.2021 00:55:00.296,0.6885,0.6883800000000001,3.19,1
24.08.2021 00:55:00.398,0.6884600000000001,0.6883600000000001,2.25,1
24.08.2021 00:55:00.449,0.68844,0.68834,1,1
24.08.2021 00:55:00.500,0.68844,0.6883100000000001,1,1.5
24.08.2021 00:55:02.601,0.6884300000000001,0.68833,1.5,1
24.08.2021 00:55:06.136,0.68845,0.68833,1,1.5
24.08.2021 00:55:06.237,0.6884600000000001,0.68834,1,1
24.08.2021 00:55:06.389,0.68845,0.68834,1,1.5
24.08.2021 00:55:06.490,0.6884600000000001,0.68834,1,1
24.08.2021 00:55:06.591,0.6884600000000001,0.68833,1,1.5
24.08.2021 00:55:06.742,0.6884600000000001,0.68834,1,1
24.08.2021 00:55:06.843,0.68845,0.68834,1,1.5
24.08.2021 00:55:07.048,0.6884600000000001,0.68834,1,1
24.08.2021 00:55:07.149,0.68845,0.68834,1,1.5
24.08.2021 00:55:07.250,0.68845,0.68835,1,1
24.08.2021 00:55:07.758,0.68847,0.68835,1.5,1
24.08.2021 00:55:09.007,0.6884800000000001,0.6883600000000001,1,1
24.08.2021 00:55:09.108,0.68849,0.68837,1.69,1
24.08.2021 00:55:22.414,0.68852,0.6884,1.12,1
24.08.2021 00:55:22.616,0.6885,0.6884100000000001,1.25,1
24.08.2021 00:55:22.667,0.6885100000000001,0.6883800000000001,1.69,1
24.08.2021 00:55:29.358,0.68855,0.6884300000000001,1.25,3.69
24.08.2021 00:55:29.460,0.6885800000000001,0.68847,3.56,1
24.08.2021 00:55:29.561,0.6885800000000001,0.6884800000000001,1.69,1
24.08.2021 00:55:33.275,0.6886,0.6884800000000001,1,1
24.08.2021 00:55:39.004,0.68854,0.6884600000000001,1,1
24.08.2021 00:55:39.106,0.6885,0.68844,1,1
24.08.2021 00:55:39.157,0.68849,0.68842,1,1
24.08.2021 00:55:39.258,0.6885,0.6884,1,1.87
24.08.2021 00:55:39.359,0.6884800000000001,0.6884,1,1
24.08.2021 00:55:41.403,0.6884600000000001,0.6884100000000001,1,1
24.08.2021 00:55:41.504,0.68847,0.6883800000000001,1,1.12
24.08.2021 00:55:41.555,0.68845,0.68837,1,1
24.08.2021 00:55:41.656,0.68845,0.6883600000000001,1,1
24.08.2021 00:55:42.069,0.68842,0.6883600000000001,1,1.12
24.08.2021 00:55:45.364,0.6884100000000001,0.6883600000000001,1,1
24.08.2021 00:55:45.543,0.6884300000000001,0.68835,1,1.12
24.08.2021 00:55:48.422,0.6884300000000001,0.68834,1,1.5
24.08.2021 00:55:51.323,0.68844,0.68834,1,1.5
24.08.2021 00:55:54.701,0.6884300000000001,0.68834,1,1.12
24.08.2021 00:55:54.922,0.68844,0.68834,1,1.5
24.08.2021 00:55:56.067,0.68844,0.68835,1,1
24.08.2021 00:55:59.878,0.6884300000000001,0.68834,1,1.25
24.08.2021 00:55:59.980,0.6884100000000001,0.6883100000000001,1,1.12
24.08.2021 00:56:00.081,0.6884,0.6883,1,2
24.08.2021 00:56:00.234,0.68839,0.6883,1,1
24.08.2021 00:56:00.377,0.68839,0.68829,1,1
24.08.2021 00:56:00.802,0.68839,0.6883,1,1
24.08.2021 00:56:05.490,0.6884,0.6883,1,1
24.08.2021 00:56:06.511,0.68839,0.6883,1,2.25
24.08.2021 00:56:06.612,0.6884100000000001,0.6883,1,1
24.08.2021 00:56:11.770,0.68842,0.6883,1,1
24.08.2021 00:56:13.879,0.68842,0.68829,1,3
24.08.2021 00:56:13.980,0.6884300000000001,0.68829,1,3
24.08.2021 00:56:20.464,0.68842,0.68829,1,3
24.08.2021 00:56:35.198,0.6884300000000001,0.68829,1,3
24.08.2021 00:56:42.574,0.68842,0.68829,1,3
24.08.2021 00:56:55.107,0.68842,0.68828,1.5,1.87
24.08.2021 00:56:55.209,0.6884100000000001,0.68827,1.5,1.5
24.08.2021 00:56:56.762,0.6884,0.68827,1,1.5
24.08.2021 00:56:58.841,0.68839,0.68827,1.5,1
24.08.2021 00:57:00.309,0.68839,0.6882600000000001,1,1
24.08.2021 00:57:00.410,0.68839,0.68825,1.5,2.81
24.08.2021 00:57:03.365,0.6883600000000001,0.68823,1.5,2.75
24.08.2021 00:57:03.517,0.68834,0.6882100000000001,1,2.44
24.08.2021 00:57:03.567,0.68832,0.6882,1,1.87
24.08.2021 00:57:03.669,0.68832,0.68819,1,3
24.08.2021 00:57:03.770,0.6883100000000001,0.68819,1,2.25
24.08.2021 00:57:15.010,0.68832,0.68819,1,2.25
24.08.2021 00:57:22.733,0.6883600000000001,0.68822,2.25,3.75
24.08.2021 00:57:22.835,0.6883600000000001,0.68823,1,1
24.08.2021 00:57:22.936,0.68835,0.68822,1,2.81
24.08.2021 00:57:23.037,0.68833,0.6882100000000001,1,1.12
24.08.2021 00:57:23.937,0.68835,0.68822,1,5.25
24.08.2021 00:57:24.038,0.6883600000000001,0.68822,1,4.5
24.08.2021 00:57:24.291,0.6883600000000001,0.68823,1,1
24.08.2021 00:57:27.835,0.6883600000000001,0.68824,1,1.12
24.08.2021 00:57:30.656,0.6883600000000001,0.68823,1,2.25
24.08.2021 00:57:32.858,0.6883600000000001,0.68824,1,1.69
24.08.2021 00:57:33.847,0.68837,0.68824,1,2.44
24.08.2021 00:57:34.728,0.6883800000000001,0.6882600000000001,1,1
24.08.2021 00:57:34.830,0.6883600000000001,0.68825,1,3
24.08.2021 00:57:37.035,0.68835,0.68824,1,1
24.08.2021 00:57:38.298,0.6883600000000001,0.68824,1,1
24.08.2021 00:57:56.475,0.68835,0.68822,1,1.87
24.08.2021 00:57:56.577,0.68834,0.68822,1,1
24.08.2021 00:57:56.728,0.68834,0.6882100000000001,1,1.5
24.08.2021 00:58:00.417,0.68834,0.68825,1,1
24.08.2021 00:58:01.686,0.6883600000000001,0.68824,1,2.25
24.08.2021 00:58:15.292,0.68835,0.68823,1.5,1
24.08.2021 00:58:15.393,0.68832,0.6882,1,1.87
24.08.2021 00:58:18.521,0.68835,0.68822,1.5,4.12
24.08.2021 00:58:18.622,0.68834,0.68822,1,3
24.08.2021 00:58:18.976,0.68833,0.6882,1,2.81
24.08.2021 00:58:19.077,0.6883100000000001,0.6882,1,2.62
24.08.2021 00:58:21.181,0.68827,0.6881600000000001,1,3
24.08.2021 00:58:21.282,0.68825,0.68815,1,1.87
24.08.2021 00:58:21.383,0.68824,0.68813,1,1
24.08.2021 00:58:21.484,0.68823,0.6881200000000001,1,1.87
24.08.2021 00:58:22.603,0.68823,0.6881100000000001,1,1.12
24.08.2021 00:58:24.677,0.68823,0.6881,1.5,1.5
24.08.2021 00:58:24.778,0.68822,0.68809,1,1.87
24.08.2021 00:58:31.774,0.68824,0.68813,1,1
24.08.2021 00:58:31.875,0.68825,0.68813,1,1.5
24.08.2021 00:58:33.012,0.6882600000000001,0.68813,1,2.75
24.08.2021 00:58:39.364,0.68827,0.68814,1,1.87
24.08.2021 00:58:46.908,0.68827,0.6881600000000001,1,1
24.08.2021 00:58:47.151,0.68827,0.68815,1,1
24.08.2021 00:58:56.483,0.68827,0.68814,1,3
24.08.2021 00:58:59.575,0.68828,0.68815,1,1
24.08.2021 00:59:05.069,0.68828,0.6881700000000001,1,1
24.08.2021 00:59:05.170,0.68832,0.68819,1,1.12
24.08.2021 00:59:05.271,0.68833,0.68819,1.12,1.12
24.08.2021 00:59:06.277,0.6883100000000001,0.6882,1,1
24.08.2021 00:59:07.349,0.68832,0.68818,2.62,1.5
24.08.2021 00:59:07.552,0.6883,0.68818,1,1.5
24.08.2021 00:59:09.241,0.6883,0.6881600000000001,1.5,1.25
24.08.2021 00:59:09.855,0.6883100000000001,0.68818,1.5,1
24.08.2021 00:59:10.992,0.6883100000000001,0.68819,1.5,1
24.08.2021 00:59:17.472,0.68827,0.68814,1.5,1
24.08.2021 00:59:17.573,0.68824,0.6881200000000001,1.5,1
24.08.2021 00:59:17.674,0.68822,0.68809,1,1.75
24.08.2021 00:59:17.725,0.6882,0.68809,2.25,1
24.08.2021 00:59:17.826,0.6882,0.68807,1,1
24.08.2021 00:59:20.253,0.68819,0.68807,1,1
24.08.2021 00:59:22.632,0.68819,0.6880600000000001,1,1.5
24.08.2021 00:59:23.862,0.68819,0.68807,1,1
24.08.2021 00:59:40.979,0.6882,0.68807,1.5,1
24.08.2021 00:59:42.586,0.68819,0.6880600000000001,1,1
24.08.2021 00:59:42.688,0.6882,0.68807,1.5,1
24.08.2021 00:59:42.789,0.68818,0.68807,1,1.12
24.08.2021 00:59:44.399,0.6882100000000001,0.68809,1,1
24.08.2021 00:59:46.411,0.6882100000000001,0.68808,1.5,1
24.08.2021 00:59:46.513,0.6882,0.68807,1,1.5
24.08.2021 00:59:56.116,0.6882100000000001,0.68809,1,1
24.08.2021 00:59:56.217,0.68822,0.68809,1,1.87
24.08.2021 00:59:56.672,0.68824,0.6881100000000001,2.25,1
24.08.2021 00:59:59.584,0.68823,0.6881,2.25,1
24.08.2021 00:59:59.685,0.6882100000000001,0.6881,1,1
24.08.2021 01:00:00.199,0.68822,0.6881100000000001,1,1
24.08.2021 01:00:00.301,0.68823,0.6881,1,1.5
24.08.2021 01:00:02.067,0.68819,0.68808,1,1.25
24.08.2021 01:00:02.117,0.68818,0.68808,1,1
24.08.2021 01:00:02.218,0.68819,0.6880600000000001,1.5,1.12
24.08.2021 01:00:02.809,0.6882,0.68808,1,1.5
24.08.2021 01:00:02.910,0.68819,0.68807,1,1
24.08.2021 01:00:03.220,0.68818,0.68809,1.5,1
24.08.2021 01:00:03.445,0.68819,0.6880600000000001,1.5,2.81
24.08.2021 01:00:05.219,0.68819,0.6880600000000001,1.5,1.5
24.08.2021 01:00:05.270,0.6882100000000001,0.68808,2.25,1.5
24.08.2021 01:00:05.371,0.6882,0.68808,1,1
24.08.2021 01:00:05.706,0.68822,0.68809,2.25,1
24.08.2021 01:00:05.859,0.68822,0.6881,1.5,1
24.08.2021 01:00:06.873,0.68822,0.68809,1.5,1
24.08.2021 01:00:08.679,0.68823,0.6881,1,1.87
24.08.2021 01:00:12.411,0.68823,0.6881100000000001,1,1
24.08.2021 01:00:12.642,0.68823,0.6881,2.25,1
24.08.2021 01:00:13.649,0.6882100000000001,0.6881,1,2.25
24.08.2021 01:00:14.995,0.68822,0.6881100000000001,1.5,1
24.08.2021 01:00:20.618,0.68824,0.6881100000000001,1.69,1
24.08.2021 01:00:32.411,0.68825,0.68815,1.5,1
24.08.2021 01:00:32.513,0.68829,0.68818,1.5,1
24.08.2021 01:00:32.614,0.68829,0.6881700000000001,1,2.25
24.08.2021 01:00:33.988,0.6883100000000001,0.6882,2.25,1
24.08.2021 01:00:37.017,0.68832,0.6882,1,1
24.08.2021 01:00:37.772,0.68832,0.68819,1.5,1.87
24.08.2021 01:00:39.661,0.68832,0.6882,1.5,1
24.08.2021 01:00:43.610,0.68833,0.6882,1,1
24.08.2021 01:00:53.045,0.6883600000000001,0.68824,1,1.12
24.08.2021 01:00:53.196,0.68837,0.68824,1.5,1.12
24.08.2021 01:00:53.876,0.6883800000000001,0.68825,1.5,1
24.08.2021 01:00:57.414,0.68837,0.68825,1,1
24.08.2021 01:00:58.658,0.68837,0.68824,1,1.87
24.08.2021 01:00:59.655,0.68834,0.68824,1.5,1
24.08.2021 01:00:59.706,0.68833,0.6882,1.5,1
24.08.2021 01:00:59.857,0.68832,0.6882,1,1
24.08.2021 01:01:00.417,0.6883100000000001,0.68819,1,1
24.08.2021 01:01:00.669,0.6883,0.68819,1,1
24.08.2021 01:01:00.772,0.6883,0.68818,1,1
24.08.2021 01:01:03.139,0.68829,0.6881700000000001,1,1
24.08.2021 01:01:03.815,0.6883,0.6881700000000001,3.19,1
24.08.2021 01:01:03.866,0.68828,0.6881700000000001,1,1
24.08.2021 01:01:03.917,0.68827,0.6881600000000001,1.5,1.87
24.08.2021 01:01:04.019,0.68827,0.6881700000000001,1.5,1
24.08.2021 01:01:04.707,0.6882600000000001,0.68815,1,3
24.08.2021 01:01:07.081,0.68827,0.6881600000000001,1,1
24.08.2021 01:01:09.131,0.68828,0.6881600000000001,1,1
24.08.2021 01:01:14.600,0.6882600000000001,0.68815,1,2.81
24.08.2021 01:01:21.910,0.68828,0.68815,1.5,1
24.08.2021 01:01:26.883,0.68828,0.6881600000000001,1,1
24.08.2021 01:01:26.934,0.6883,0.68818,1,3.25
24.08.2021 01:01:27.308,0.6883100000000001,0.68818,1.5,3.44
24.08.2021 01:01:33.030,0.68835,0.68824,1,1
24.08.2021 01:01:33.132,0.6883600000000001,0.68824,1.5,1.25
24.08.2021 01:01:33.385,0.68837,0.68824,1,2.87
24.08.2021 01:01:33.689,0.68837,0.6882600000000001,1,1.25
24.08.2021 01:01:34.014,0.68837,0.68827,1,1.25
24.08.2021 01:01:37.436,0.6884100000000001,0.68828,1.5,1.94
24.08.2021 01:01:54.603,0.6883800000000001,0.68827,1,1
24.08.2021 01:01:54.705,0.68837,0.68827,1.5,1.5
24.08.2021 01:01:57.686,0.6883800000000001,0.68825,1.5,2.44
24.08.2021 01:01:58.499,0.68839,0.68827,1,2.25
24.08.2021 01:01:58.600,0.6884100000000001,0.68828,1.5,1.25
24.08.2021 01:01:58.891,0.6884100000000001,0.68829,1.5,1
24.08.2021 01:02:04.578,0.68842,0.6883,1,1
24.08.2021 01:02:05.413,0.6884300000000001,0.6883,1,1
24.08.2021 01:02:06.098,0.6884300000000001,0.68834,1,1
24.08.2021 01:02:06.149,0.68845,0.68834,1.5,2.25
24.08.2021 01:02:06.250,0.6884600000000001,0.68834,1,1
24.08.2021 01:02:06.401,0.6884600000000001,0.68833,1.5,1.5
24.08.2021 01:02:06.502,0.6884600000000001,0.68834,1.5,1
24.08.2021 01:02:09.200,0.6884800000000001,0.68837,1.5,1
24.08.2021 01:02:09.250,0.68847,0.68835,1,1
24.08.2021 01:02:10.192,0.68847,0.6883600000000001,1,1
24.08.2021 01:02:10.243,0.68849,0.6883600000000001,1.5,3.37
24.08.2021 01:02:10.344,0.6884800000000001,0.68835,1.5,1.5
24.08.2021 01:02:13.132,0.68847,0.68835,1,1.5
24.08.2021 01:02:19.502,0.6884600000000001,0.68835,1,1
24.08.2021 01:02:19.654,0.68847,0.68835,1.5,1
24.08.2021 01:02:34.422,0.6884600000000001,0.68834,1,1
24.08.2021 01:02:38.069,0.68845,0.68834,1,1
24.08.2021 01:02:38.171,0.68845,0.68835,1.5,1
24.08.2021 01:02:38.330,0.68845,0.68833,1,2.25
24.08.2021 01:02:44.519,0.6884300000000001,0.6883100000000001,1,1
24.08.2021 01:02:44.620,0.6884100000000001,0.6883100000000001,1.5,1
24.08.2021 01:02:45.547,0.6884100000000001,0.68829,1,1
24.08.2021 01:02:46.139,0.68839,0.68827,1,1
24.08.2021 01:02:46.241,0.68839,0.6882600000000001,1,2.25
24.08.2021 01:02:47.246,0.68837,0.6882600000000001,1.5,1
24.08.2021 01:02:47.348,0.6883600000000001,0.68824,1.5,1
24.08.2021 01:02:48.560,0.6883600000000001,0.68825,1,1.5
24.08.2021 01:02:49.335,0.6883600000000001,0.6882600000000001,1,1.5
24.08.2021 01:02:50.599,0.68837,0.6882600000000001,1,1
24.08.2021 01:02:50.649,0.68839,0.68828,2.25,3
24.08.2021 01:02:50.751,0.68839,0.68829,1,1
24.08.2021 01:02:50.852,0.6884,0.68828,1,3.5
24.08.2021 01:02:51.098,0.68839,0.68829,1,1.5
24.08.2021 01:02:58.243,0.68839,0.68827,1,1.5
24.08.2021 01:02:58.294,0.68837,0.6882600000000001,1,1
24.08.2021 01:02:58.396,0.68837,0.68825,1,1.5
24.08.2021 01:03:12.364,0.6883800000000001,0.6882600000000001,1,1
24.08.2021 01:03:13.803,0.6884100000000001,0.68829,2.25,1
24.08.2021 01:03:24.359,0.68845,0.68833,1.75,1
24.08.2021 01:03:24.460,0.68845,0.68833,1,2.25
24.08.2021 01:03:24.751,0.6884600000000001,0.68834,1,1
24.08.2021 01:03:27.584,0.68847,0.68834,1.5,1.12
24.08.2021 01:03:30.105,0.68849,0.68839,1.5,2.94
24.08.2021 01:03:30.207,0.6885100000000001,0.68839,1.5,1.12
24.08.2021 01:03:31.747,0.68849,0.68837,1.5,1.69
24.08.2021 01:03:31.848,0.6884800000000001,0.6883600000000001,1.5,1
24.08.2021 01:03:32.101,0.6884600000000001,0.6883600000000001,1,1.5
24.08.2021 01:03:50.343,0.6884800000000001,0.6883800000000001,1,3
24.08.2021 01:03:51.049,0.6884800000000001,0.6883600000000001,1.5,1.5
24.08.2021 01:04:02.334,0.6885,0.6884,1.5,1
24.08.2021 01:04:02.692,0.6885300000000001,0.6884,1,1
24.08.2021 01:04:07.673,0.68852,0.68842,1,1
24.08.2021 01:04:07.825,0.68854,0.68842,1,1
24.08.2021 01:04:11.045,0.68854,0.6884300000000001,1,1
24.08.2021 01:04:12.691,0.68855,0.68844,1,2.25
24.08.2021 01:04:13.286,0.6885600000000001,0.68844,1,1
24.08.2021 01:04:13.337,0.6885800000000001,0.68845,1,1
24.08.2021 01:04:18.413,0.68859,0.6884600000000001,1,1
24.08.2021 01:04:21.801,0.68859,0.6884800000000001,1,1
24.08.2021 01:04:21.902,0.6886,0.68849,1,1.5
24.08.2021 01:04:22.963,0.68861,0.6885,2.44,1
24.08.2021 01:04:24.020,0.68861,0.6884800000000001,1,1.5
24.08.2021 01:04:26.130,0.68862,0.68849,1,2.62
24.08.2021 01:04:27.390,0.6886300000000001,0.68854,1.5,1
24.08.2021 01:04:27.440,0.6886300000000001,0.6885,1,2.5
24.08.2021 01:04:27.541,0.6886300000000001,0.6885,1,2.25
24.08.2021 01:04:30.711,0.68862,0.68849,1.5,1.87
24.08.2021 01:04:30.762,0.68859,0.6884800000000001,1,1
24.08.2021 01:04:30.863,0.6885800000000001,0.68847,1.25,1
24.08.2021 01:04:30.914,0.68857,0.68845,1,1
24.08.2021 01:04:31.606,0.68857,0.68845,2.5,1
24.08.2021 01:04:31.707,0.6885300000000001,0.6884300000000001,1.25,1
24.08.2021 01:04:31.808,0.68854,0.6884100000000001,1.69,1.5
24.08.2021 01:04:32.172,0.68854,0.6884100000000001,1.75,1
24.08.2021 01:04:32.574,0.68852,0.6884100000000001,1,1
24.08.2021 01:04:32.743,0.68852,0.68842,1.25,1
24.08.2021 01:04:38.314,0.68852,0.68839,1.69,1.5
24.08.2021 01:04:53.136,0.6885100000000001,0.68839,1,1
24.08.2021 01:04:55.124,0.68847,0.68839,1.75,1
24.08.2021 01:04:55.175,0.6884,0.6883,1,1.94
24.08.2021 01:04:55.226,0.6883800000000001,0.6883,2.44,1.37
24.08.2021 01:04:55.277,0.6883600000000001,0.6883,1,1.37
24.08.2021 01:04:55.328,0.68837,0.6882600000000001,1,1
24.08.2021 01:04:55.430,0.6883600000000001,0.68825,1,1
24.08.2021 01:04:55.633,0.68829,0.6882100000000001,1.25,1.5
24.08.2021 01:04:55.685,0.68822,0.68815,1,1
24.08.2021 01:04:55.786,0.68822,0.6881,1,1
24.08.2021 01:04:55.889,0.68822,0.68809,1,1
24.08.2021 01:04:56.340,0.68824,0.6881100000000001,1,1.5
24.08.2021 01:04:56.442,0.68828,0.68819,1,2.44
24.08.2021 01:04:56.543,0.68829,0.68818,1,4
24.08.2021 01:04:56.644,0.68832,0.6882,1.5,1.5
24.08.2021 01:04:56.746,0.6883100000000001,0.6882,1.5,1
24.08.2021 01:04:56.847,0.6883,0.68819,1,1.12
24.08.2021 01:04:57.099,0.6883100000000001,0.6882,1,1
24.08.2021 01:04:57.200,0.68832,0.6882,1,1
24.08.2021 01:04:58.243,0.68828,0.6882100000000001,1,1
24.08.2021 01:04:58.293,0.68829,0.68819,1.5,1
24.08.2021 01:04:58.395,0.6883,0.6881700000000001,1.5,1
24.08.2021 01:04:58.546,0.6883,0.68818,1,1
24.08.2021 01:04:58.647,0.6883100000000001,0.68818,1,1
24.08.2021 01:04:58.749,0.68832,0.68819,1.5,1
24.08.2021 01:05:01.268,0.68833,0.68822,1,1.5
24.08.2021 01:05:03.482,0.68834,0.68823,1.5,1
24.08.2021 01:05:05.031,0.68834,0.6882100000000001,1,1.5
24.08.2021 01:05:13.407,0.68835,0.68823,1,1.87
24.08.2021 01:05:13.508,0.6883800000000001,0.68825,1,1
24.08.2021 01:05:15.026,0.68837,0.68825,1,1
24.08.2021 01:05:25.307,0.68834,0.68824,1,1.87
24.08.2021 01:05:25.408,0.6883600000000001,0.68823,1,1.12
24.08.2021 01:05:35.186,0.6883,0.6882,1,1.12
24.08.2021 01:05:35.287,0.68829,0.68819,1,1.12
24.08.2021 01:05:42.465,0.6883100000000001,0.6882100000000001,1,1
24.08.2021 01:05:42.567,0.68832,0.6882100000000001,1,1
24.08.2021 01:05:55.822,0.68832,0.68819,3.19,1.25
24.08.2021 01:05:55.923,0.68825,0.68814,1,1.5
24.08.2021 01:05:56.025,0.68823,0.6881100000000001,1,1
24.08.2021 01:05:56.126,0.6882100000000001,0.6881100000000001,1,1.25
24.08.2021 01:05:56.227,0.6882100000000001,0.6881,1,1.25
24.08.2021 01:06:04.358,0.68818,0.68808,1,1.75
24.08.2021 01:06:04.409,0.68818,0.6880600000000001,1,1.25
24.08.2021 01:06:04.522,0.6881700000000001,0.6880600000000001,1,1
24.08.2021 01:06:06.787,0.6881700000000001,0.68805,1,1.87
24.08.2021 01:06:10.926,0.68818,0.68805,1,1.87
24.08.2021 01:06:11.547,0.6882,0.68807,1.5,1
24.08.2021 01:06:13.741,0.68818,0.68807,1,1.5
24.08.2021 01:06:15.708,0.68815,0.68805,1.87,1
24.08.2021 01:06:15.810,0.6881600000000001,0.68802,2.62,6
24.08.2021 01:06:15.912,0.68814,0.68802,1.25,2.25
24.08.2021 01:06:16.014,0.6881100000000001,0.68798,1,2.62
24.08.2021 01:06:16.116,0.6881200000000001,0.68799,1,1
24.08.2021 01:06:16.217,0.6881200000000001,0.68798,1.5,2.62
24.08.2021 01:06:16.318,0.6881100000000001,0.6880000000000001,1,1
24.08.2021 01:06:20.071,0.68807,0.68797,1.25,1
24.08.2021 01:06:20.176,0.6880600000000001,0.68793,1,1.87
24.08.2021 01:06:24.352,0.6880600000000001,0.68792,1.5,3.19
24.08.2021 01:06:30.783,0.68805,0.68794,1.5,1
24.08.2021 01:06:34.041,0.68807,0.68794,1,1
24.08.2021 01:06:34.092,0.68809,0.68796,1.5,1.25
24.08.2021 01:06:38.918,0.68808,0.68794,1.5,1.5
24.08.2021 01:06:48.678,0.68808,0.6879500000000001,1,1
24.08.2021 01:06:48.779,0.68808,0.68796,2.25,1
24.08.2021 01:06:59.518,0.68808,0.6879500000000001,1,1.25
24.08.2021 01:07:01.574,0.68808,0.68794,2.25,1.69
24.08.2021 01:07:04.124,0.6880600000000001,0.68793,1.5,1.5
24.08.2021 01:07:04.225,0.68804,0.6879000000000001,3,1.25
24.08.2021 01:07:04.276,0.6880100000000001,0.68789,1,1.25
24.08.2021 01:07:04.427,0.6880000000000001,0.6879000000000001,1,1.25
24.08.2021 01:07:04.579,0.68799,0.6878500000000001,1,5.5
24.08.2021 01:07:05.775,0.68799,0.6878500000000001,1.5,2.62
24.08.2021 01:07:21.578,0.68798,0.6878500000000001,1,2.62
24.08.2021 01:07:27.414,0.6880100000000001,0.68789,1,1.5
24.08.2021 01:07:27.515,0.68803,0.68792,1.5,1
24.08.2021 01:07:27.617,0.68805,0.68792,1,1.5
24.08.2021 01:07:27.718,0.68803,0.6879000000000001,1.5,1.5
24.08.2021 01:07:27.920,0.68803,0.68789,1.5,3
24.08.2021 01:07:33.669,0.68803,0.6879000000000001,1,1
24.08.2021 01:07:37.699,0.68802,0.6879000000000001,1,3.56
24.08.2021 01:07:42.788,0.68802,0.68789,1,1
24.08.2021 01:07:48.057,0.6880000000000001,0.68788,1,1.25
24.08.2021 01:07:57.254,0.6880000000000001,0.68789,1.5,2.06
24.08.2021 01:08:32.752,0.6880100000000001,0.68791,1,2.62
24.08.2021 01:08:32.853,0.68808,0.6879500000000001,1.87,1
24.08.2021 01:08:37.367,0.68808,0.68797,1.5,1
24.08.2021 01:08:37.418,0.68809,0.68798,1.5,3.69
24.08.2021 01:08:38.163,0.6881,0.68796,1.5,1.87
24.08.2021 01:08:43.025,0.68809,0.68796,1,1
24.08.2021 01:09:12.800,0.68805,0.68794,1,1.25
24.08.2021 01:09:12.901,0.6880600000000001,0.68793,1,1
24.08.2021 01:09:13.294,0.68805,0.68792,1,1.5
24.08.2021 01:09:13.845,0.68805,0.68793,1,1
24.08.2021 01:09:14.606,0.68805,0.68794,1,1.87
24.08.2021 01:09:14.707,0.68808,0.6879500000000001,1.5,1
24.08.2021 01:09:19.757,0.68809,0.6879500000000001,1.69,1.5
24.08.2021 01:09:43.485,0.68807,0.68796,1,1
24.08.2021 01:09:56.965,0.68809,0.6879500000000001,1.5,1.5
24.08.2021 01:09:59.647,0.6881100000000001,0.68799,1.75,1.5
24.08.2021 01:09:59.749,0.68813,0.68799,1.5,1
24.08.2021 01:09:59.850,0.68814,0.68799,1.69,2.25
24.08.2021 01:10:03.294,0.68814,0.6880000000000001,1.5,1
24.08.2021 01:10:55.097,0.6881200000000001,0.68798,1.5,1.5
24.08.2021 01:11:02.019,0.6881100000000001,0.68803,1,1.5
24.08.2021 01:11:02.070,0.68815,0.6880100000000001,2.25,1.5
24.08.2021 01:11:02.444,0.68815,0.68802,1,1
24.08.2021 01:11:21.231,0.6881200000000001,0.68799,1,1
24.08.2021 01:11:21.333,0.6881200000000001,0.68798,1.5,1.5
24.08.2021 01:11:21.485,0.6881100000000001,0.68798,1,1.5
24.08.2021 01:11:36.319,0.6881100000000001,0.68797,1.5,1.87
24.08.2021 01:11:51.871,0.6881100000000001,0.68797,2.25,2
24.08.2021 01:11:59.402,0.6881,0.68797,1,2
24.08.2021 01:11:59.504,0.68814,0.68802,1,1
24.08.2021 01:11:59.977,0.68814,0.6880100000000001,1,1.69
24.08.2021 01:12:00.394,0.68815,0.6880100000000001,1.5,3.19
24.08.2021 01:12:03.487,0.68813,0.68802,1,2.44
24.08.2021 01:12:09.602,0.68815,0.68805,1,1
24.08.2021 01:12:09.653,0.6881700000000001,0.68805,1,1
24.08.2021 01:12:10.821,0.68818,0.6880600000000001,1.5,1.25
24.08.2021 01:12:10.922,0.6881700000000001,0.68809,1,1
24.08.2021 01:12:11.024,0.68818,0.68809,1,1
24.08.2021 01:12:11.818,0.6882,0.68808,1.5,1
24.08.2021 01:12:18.156,0.68819,0.68808,1,1
24.08.2021 01:12:18.258,0.68819,0.68807,1.5,1.12
24.08.2021 01:12:31.148,0.6882,0.68808,1,1
24.08.2021 01:12:33.171,0.6882,0.68808,1.5,1
24.08.2021 01:12:33.222,0.6881700000000001,0.68805,2.25,1.69
24.08.2021 01:12:33.273,0.6881600000000001,0.68803,1,1.69
24.08.2021 01:12:33.526,0.68814,0.68804,1,1
24.08.2021 01:12:52.283,0.68819,0.6880600000000001,2.12,2.25
24.08.2021 01:12:52.384,0.6882,0.68807,1.75,1
24.08.2021 01:13:00.415,0.6882,0.6881,1.75,1
24.08.2021 01:13:00.516,0.68819,0.6881100000000001,1,1.5
24.08.2021 01:13:00.718,0.68824,0.6881,1.5,1.5
24.08.2021 01:13:00.819,0.68823,0.6881200000000001,1,1.5
24.08.2021 01:13:01.386,0.68824,0.6881200000000001,1.69,1.5
24.08.2021 01:13:01.487,0.6882600000000001,0.6881200000000001,4.37,1
24.08.2021 01:13:01.810,0.6882600000000001,0.6881200000000001,2.81,1
24.08.2021 01:13:07.896,0.6882600000000001,0.68813,1.12,1
24.08.2021 01:14:35.246,0.68827,0.68813,2.06,1
24.08.2021 01:14:37.787,0.68828,0.6881600000000001,1.12,1
24.08.2021 01:14:37.888,0.6883100000000001,0.6881600000000001,3.19,1
24.08.2021 01:14:42.363,0.6883100000000001,0.6881700000000001,2.06,1
24.08.2021 01:14:56.537,0.68833,0.6882,1.25,1
24.08.2021 01:14:56.639,0.6883600000000001,0.68823,1,1
24.08.2021 01:14:57.348,0.6883600000000001,0.68822,1,1
24.08.2021 01:14:57.612,0.6883600000000001,0.6882100000000001,1.5,1
24.08.2021 01:15:00.467,0.68835,0.68824,1,1
24.08.2021 01:15:00.568,0.6883600000000001,0.68822,1,1
24.08.2021 01:15:00.669,0.6883600000000001,0.6882100000000001,2.25,1
24.08.2021 01:15:03.246,0.6883600000000001,0.68822,1,1
24.08.2021 01:15:03.450,0.68837,0.68824,2.94,1
24.08.2021 01:15:03.552,0.6883800000000001,0.68823,1.87,1
24.08.2021 01:15:04.025,0.6883800000000001,0.68825,1.12,1
24.08.2021 01:15:04.348,0.68837,0.68823,1.12,1
24.08.2021 01:15:04.450,0.6883600000000001,0.68823,2.62,1
24.08.2021 01:15:04.965,0.6883800000000001,0.68823,2.94,1
24.08.2021 01:15:05.117,0.6883800000000001,0.68823,1.31,1
24.08.2021 01:15:06.278,0.68837,0.68824,1,1
24.08.2021 01:15:06.379,0.6883800000000001,0.68824,1.87,1
24.08.2021 01:15:06.480,0.68837,0.68824,1,1
24.08.2021 01:15:12.385,0.6883600000000001,0.68824,1.12,1
24.08.2021 01:15:12.486,0.6884,0.68828,2.56,1
24.08.2021 01:15:12.587,0.6884100000000001,0.68827,1.31,1
24.08.2021 01:15:12.689,0.6884100000000001,0.68829,1.62,1
24.08.2021 01:15:12.942,0.6884300000000001,0.68828,3.69,1.5
24.08.2021 01:15:13.043,0.68845,0.6883100000000001,2,1
24.08.2021 01:15:13.145,0.68845,0.6883,4.44,1.5
24.08.2021 01:15:14.093,0.6884300000000001,0.6883,1.12,1
24.08.2021 01:15:18.120,0.68842,0.6883,5,1
24.08.2021 01:15:18.222,0.6884100000000001,0.68828,1.69,1
24.08.2021 01:15:18.324,0.6884,0.68828,1.5,1
24.08.2021 01:15:18.480,0.6884100000000001,0.68828,2.81,1
24.08.2021 01:15:29.345,0.6883800000000001,0.6882600000000001,2,1.5
24.08.2021 01:15:29.652,0.68839,0.6882600000000001,2,1
24.08.2021 01:15:30.294,0.6884100000000001,0.68828,2.75,1
24.08.2021 01:15:30.346,0.68842,0.68828,1.12,1
24.08.2021 01:15:39.052,0.68844,0.68829,1.5,1.87
24.08.2021 01:15:39.599,0.68844,0.68829,1.12,1.87
24.08.2021 01:15:56.603,0.68845,0.68832,1.5,1.5
24.08.2021 01:15:56.704,0.6885100000000001,0.68837,2.54,1
24.08.2021 01:15:56.805,0.6885100000000001,0.68837,1.5,1
24.08.2021 01:15:56.856,0.6884800000000001,0.68837,1,1
24.08.2021 01:15:56.906,0.68849,0.6883600000000001,1.5,1.87
24.08.2021 01:15:56.957,0.6885100000000001,0.6883600000000001,2.62,1
24.08.2021 01:16:02.555,0.6885100000000001,0.68837,1.12,1
24.08.2021 01:16:02.656,0.6885100000000001,0.68839,1.87,1.5
24.08.2021 01:16:02.937,0.6885300000000001,0.68839,2,1
24.08.2021 01:16:03.038,0.6885300000000001,0.68839,1.5,1
24.08.2021 01:16:03.139,0.68854,0.68839,3.37,2.25
24.08.2021 01:16:03.190,0.6885,0.68839,1.69,2.25
24.08.2021 01:16:03.291,0.68849,0.6883600000000001,2.25,1
24.08.2021 01:16:03.393,0.6885,0.68837,1,1
24.08.2021 01:16:03.548,0.6885,0.6883600000000001,1.5,1
24.08.2021 01:16:06.353,0.6884800000000001,0.68834,3,1
24.08.2021 01:16:06.455,0.68847,0.68834,1,1
24.08.2021 01:16:06.556,0.6884600000000001,0.68833,1.5,1
24.08.2021 01:16:09.467,0.68842,0.68832,3.37,1.12
24.08.2021 01:16:09.518,0.68842,0.68829,1,1
24.08.2021 01:16:09.619,0.6884300000000001,0.68832,1,1
24.08.2021 01:16:18.048,0.6884100000000001,0.68829,1,1
24.08.2021 01:16:21.760,0.6883800000000001,0.6882600000000001,1,3.44
24.08.2021 01:16:21.861,0.68839,0.6882600000000001,1,1.5
24.08.2021 01:16:21.962,0.6884,0.6882600000000001,2.06,1.25
24.08.2021 01:16:23.691,0.6884,0.68829,1.5,1
24.08.2021 01:16:23.793,0.6884100000000001,0.68827,1.5,1.25
24.08.2021 01:16:30.198,0.68837,0.68824,1,1.94
24.08.2021 01:16:30.301,0.68837,0.68824,1,1.12
24.08.2021 01:16:30.402,0.68837,0.68825,1,1
24.08.2021 01:16:32.196,0.6883600000000001,0.68823,1,1
24.08.2021 01:16:33.567,0.68837,0.68824,1,1
24.08.2021 01:16:38.542,0.6883800000000001,0.68824,1.87,1.5
24.08.2021 01:16:41.005,0.68834,0.68824,1,1
24.08.2021 01:16:41.106,0.6883600000000001,0.68823,1,1
24.08.2021 01:16:43.064,0.68835,0.68823,1,1.12
24.08.2021 01:16:44.804,0.68837,0.68824,1,1
24.08.2021 01:16:45.987,0.6883600000000001,0.68824,1,1
24.08.2021 01:16:46.088,0.6883600000000001,0.68823,1,1
24.08.2021 01:16:49.334,0.6883600000000001,0.68822,1.5,1.25
24.08.2021 01:16:58.485,0.6883600000000001,0.6882100000000001,3,1.69
24.08.2021 01:17:18.876,0.6883600000000001,0.68824,1.87,1
24.08.2021 01:17:18.978,0.6883600000000001,0.68823,1,1.25
24.08.2021 01:17:19.231,0.6883600000000001,0.68824,1.12,1.69
24.08.2021 01:17:19.571,0.6883600000000001,0.68823,1,1.12
24.08.2021 01:17:32.688,0.68835,0.68823,1,2.62
24.08.2021 01:17:32.841,0.6883600000000001,0.6882100000000001,3,1.87
24.08.2021 01:17:32.942,0.68834,0.68822,1.5,1.25
24.08.2021 01:17:44.543,0.68833,0.68819,1,2.25
24.08.2021 01:17:44.644,0.68832,0.68819,1,1
24.08.2021 01:17:44.795,0.68832,0.68818,1,3
24.08.2021 01:17:45.563,0.68833,0.68819,1.5,1
24.08.2021 01:17:45.664,0.68832,0.68818,1,3
24.08.2021 01:17:48.611,0.68832,0.68819,1,1
24.08.2021 01:17:48.712,0.68833,0.68819,2.62,1.5
24.08.2021 01:17:55.515,0.68832,0.68818,1,2.62
24.08.2021 01:17:55.841,0.6883100000000001,0.68818,1,2.62
24.08.2021 01:17:56.144,0.6883,0.6882,1,1
24.08.2021 01:17:56.655,0.68835,0.68822,1,1.69
24.08.2021 01:17:56.756,0.68835,0.68823,1,1
24.08.2021 01:17:56.857,0.68835,0.68824,1,1.69
24.08.2021 01:17:58.405,0.6883600000000001,0.68822,1.5,1.5
24.08.2021 01:18:02.153,0.6883600000000001,0.68823,1.5,1
24.08.2021 01:18:05.876,0.6884,0.6882600000000001,3.37,1.25
24.08.2021 01:18:05.977,0.6884,0.68825,3,1.69
24.08.2021 01:18:06.079,0.68839,0.68829,1,1.5
24.08.2021 01:18:06.281,0.6884,0.68827,1,1
24.08.2021 01:18:06.382,0.6884,0.6882600000000001,1.5,1.5
24.08.2021 01:18:31.784,0.6883800000000001,0.68824,1,3.25
24.08.2021 01:18:31.885,0.6883800000000001,0.68824,1.5,2.25
24.08.2021 01:18:32.215,0.68837,0.68824,1,1
24.08.2021 01:18:32.367,0.68837,0.68823,2.25,1
24.08.2021 01:18:32.468,0.68835,0.68823,1,1.5
24.08.2021 01:19:10.394,0.6883600000000001,0.6882100000000001,3.5,2.69
24.08.2021 01:19:10.495,0.6883600000000001,0.6882100000000001,3.37,2.69
24.08.2021 01:19:12.108,0.6883600000000001,0.68825,2.62,1
24.08.2021 01:19:15.856,0.68834,0.6882600000000001,1,1
24.08.2021 01:19:15.958,0.68835,0.6882600000000001,1,1
24.08.2021 01:19:20.486,0.6883600000000001,0.6882600000000001,1,1
24.08.2021 01:19:21.183,0.6883600000000001,0.68827,1,1
24.08.2021 01:19:21.285,0.68837,0.68828,1,1
24.08.2021 01:19:23.138,0.6883800000000001,0.68828,1,1
24.08.2021 01:19:23.290,0.6883800000000001,0.68827,1,1
24.08.2021 01:19:25.269,0.68837,0.6882600000000001,1,1
24.08.2021 01:19:28.346,0.68835,0.68827,1,1
24.08.2021 01:19:35.401,0.6883600000000001,0.68825,1,1
24.08.2021 01:19:39.464,0.68833,0.68823,1,1
24.08.2021 01:19:39.565,0.68832,0.6882,1.5,1
24.08.2021 01:19:48.680,0.68832,0.6882100000000001,1.5,1
24.08.2021 01:19:55.758,0.6883100000000001,0.6882100000000001,1,1
24.08.2021 01:19:56.043,0.6883100000000001,0.68819,1,1
24.08.2021 01:19:57.361,0.68832,0.6882,1,1
24.08.2021 01:19:59.367,0.6883100000000001,0.6882,1,1
24.08.2021 01:19:59.469,0.6883100000000001,0.68819,1,1
24.08.2021 01:20:00.785,0.6883100000000001,0.6882,1.5,1
24.08.2021 01:20:02.249,0.68832,0.6882,1,1
24.08.2021 01:20:02.973,0.68832,0.6882100000000001,1,1
24.08.2021 01:20:06.994,0.68832,0.68822,1,1
24.08.2021 01:20:07.095,0.68833,0.68822,1,1
24.08.2021 01:20:07.231,0.68834,0.68822,1,1
24.08.2021 01:20:07.281,0.68835,0.68824,1.12,1
24.08.2021 01:20:07.334,0.6883600000000001,0.68825,2.62,1
24.08.2021 01:20:07.435,0.68837,0.68825,1.5,1
24.08.2021 01:20:10.390,0.6883600000000001,0.68825,1,1
24.08.2021 01:20:10.441,0.6883600000000001,0.68823,1,1
24.08.2021 01:20:17.185,0.68837,0.68824,2.25,1.5
24.08.2021 01:20:17.287,0.68837,0.68825,2.25,1
24.08.2021 01:20:18.201,0.68837,0.68824,1.5,1.5
24.08.2021 01:20:19.842,0.68837,0.68825,1.5,1
24.08.2021 01:20:20.274,0.68837,0.68824,1.5,1.5
24.08.2021 01:20:20.531,0.68837,0.68825,1.5,1
24.08.2021 01:20:21.274,0.68837,0.68824,1.5,1.5
24.08.2021 01:20:21.837,0.68835,0.68825,1,1
24.08.2021 01:20:31.313,0.68837,0.68824,1.5,1.5
24.08.2021 01:20:32.144,0.6884,0.68827,1.5,1.5
24.08.2021 01:20:44.700,0.6884100000000001,0.68827,3.37,1
24.08.2021 01:20:46.854,0.6884300000000001,0.6883,1.75,1
24.08.2021 01:20:46.904,0.6884300000000001,0.68832,1,1
24.08.2021 01:20:47.005,0.6884300000000001,0.68833,1,1
24.08.2021 01:20:47.157,0.68845,0.68832,1.12,1
24.08.2021 01:20:51.145,0.68847,0.68834,1.87,1
24.08.2021 01:20:51.788,0.6884600000000001,0.6883600000000001,1.12,1
24.08.2021 01:20:52.337,0.68849,0.6883600000000001,1,1
24.08.2021 01:20:52.438,0.6885,0.68837,1.5,1
24.08.2021 01:21:02.730,0.6885100000000001,0.6884,1.12,1
24.08.2021 01:21:02.882,0.68855,0.68842,1.5,1
24.08.2021 01:21:06.363,0.68855,0.6884100000000001,1.5,1.5
24.08.2021 01:21:11.709,0.6885300000000001,0.68839,4.62,1
24.08.2021 01:21:11.760,0.6885100000000001,0.68837,1,1.87
24.08.2021 01:21:11.861,0.6885,0.68837,1,1
24.08.2021 01:21:15.363,0.68849,0.68837,1,1
24.08.2021 01:21:28.929,0.68854,0.68839,2.5,2.25
24.08.2021 01:21:29.030,0.68854,0.6884,1.5,1
24.08.2021 01:21:29.282,0.68854,0.6884100000000001,1,1
24.08.2021 01:21:34.202,0.68855,0.6884100000000001,1,2.25
24.08.2021 01:21:34.707,0.68855,0.68842,1.5,2.25
24.08.2021 01:21:40.684,0.68855,0.6884100000000001,1,2.25
24.08.2021 01:21:43.621,0.68852,0.68839,1.5,1
24.08.2021 01:21:43.722,0.6885100000000001,0.68837,1,1
24.08.2021 01:21:43.823,0.6884800000000001,0.68835,1.12,1
24.08.2021 01:21:44.330,0.68849,0.68835,1,2.25
