Gmt time,Ask,Bid,AskVolume,BidVolume
04.08.2021 00:00:00.036,0.7045600000000001,0.70444,1,1
04.08.2021 00:00:00.934,0.70457,0.70445,1.75,1
04.08.2021 00:00:04.998,0.7045600000000001,0.70444,1,1
04.08.2021 00:00:14.322,0.70457,0.70444,1.12,1
04.08.2021 00:00:14.423,0.7045399999999999,0.70445,1,1
04.08.2021 00:00:20.444,0.7045399999999999,0.7044600000000001,1,1
04.08.2021 00:00:24.533,0.70459,0.70445,3.31,1
04.08.2021 00:00:24.659,0.7045800000000001,0.7044600000000001,2.81,1
04.08.2021 00:00:25.065,0.7045800000000001,0.70445,1,1
04.08.2021 00:00:35.386,0.7045800000000001,0.70445,2.19,1
04.08.2021 00:00:38.667,0.70457,0.70445,2.19,1
04.08.2021 00:00:39.951,0.70457,0.70443,1.12,1.5
04.08.2021 00:00:43.203,0.70457,0.70444,1.12,1
04.08.2021 00:00:56.417,0.7045600000000001,0.70443,2.62,1.5
04.08.2021 00:01:24.830,0.70457,0.70449,1,1.69
04.08.2021 00:01:24.881,0.7046100000000001,0.7045,1.5,1.5
04.08.2021 00:01:24.982,0.70465,0.7045100000000001,1.75,1.5
04.08.2021 00:01:25.033,0.70465,0.7045100000000001,1.25,1.5
04.08.2021 00:01:37.760,0.70459,0.7045100000000001,1,1.69
04.08.2021 00:01:37.811,0.7046100000000001,0.70449,1,1
04.08.2021 00:01:37.912,0.70459,0.70447,1,1
04.08.2021 00:01:38.014,0.7045600000000001,0.70445,1,1
04.08.2021 00:01:39.323,0.7045600000000001,0.70444,1,1
04.08.2021 00:01:39.424,0.70455,0.70444,1,1
04.08.2021 00:01:43.564,0.70455,0.70443,1,1
04.08.2021 00:02:09.106,0.7045600000000001,0.70443,1.5,1
04.08.2021 00:02:23.527,0.70455,0.70443,1,1
04.08.2021 00:02:34.334,0.70455,0.70442,1,1.5
04.08.2021 00:02:46.450,0.70447,0.70438,3.25,1
04.08.2021 00:02:46.603,0.7044600000000001,0.70433,1,1.5
04.08.2021 00:03:01.955,0.70445,0.70433,1,1
04.08.2021 00:03:11.168,0.7044600000000001,0.70433,1.5,1
04.08.2021 00:03:12.320,0.70445,0.70433,1,1
04.08.2021 00:03:13.531,0.70445,0.7043100000000001,1.25,2.25
04.08.2021 00:03:13.683,0.70438,0.7042600000000001,1.69,1.5
04.08.2021 00:03:13.735,0.70437,0.70425,1.25,1
04.08.2021 00:03:13.786,0.70435,0.7042200000000001,1.94,1.5
04.08.2021 00:03:13.888,0.70433,0.70419,1.75,1
04.08.2021 00:03:14.280,0.70433,0.70419,1.25,1
04.08.2021 00:03:16.103,0.7042700000000001,0.7041600000000001,1,1
04.08.2021 00:03:16.154,0.70428,0.70414,2.44,1
04.08.2021 00:03:16.206,0.7043,0.70417,1.5,1.5
04.08.2021 00:03:16.307,0.7043,0.7041600000000001,1.25,1.87
04.08.2021 00:03:16.409,0.7043200000000001,0.70417,2.87,1
04.08.2021 00:03:18.238,0.7043200000000001,0.70417,1.69,1
04.08.2021 00:03:19.882,0.7043,0.7041600000000001,1.69,1
04.08.2021 00:03:19.984,0.70428,0.70417,1,1
04.08.2021 00:03:20.762,0.7043100000000001,0.70417,1.31,1.5
04.08.2021 00:03:20.868,0.7043100000000001,0.7041600000000001,2.5,1.5
04.08.2021 00:03:21.738,0.7043100000000001,0.70418,1.25,1
04.08.2021 00:03:21.840,0.7043,0.70415,1.25,3.5
04.08.2021 00:03:21.941,0.7043,0.70415,1.25,2.25
04.08.2021 00:03:28.747,0.70429,0.70415,1.5,1
04.08.2021 00:03:28.849,0.70429,0.70414,3.25,1
04.08.2021 00:03:31.671,0.70433,0.70419,1.75,1
04.08.2021 00:03:31.773,0.70434,0.7042,1.37,2.25
04.08.2021 00:03:34.109,0.7043100000000001,0.70418,2.5,2
04.08.2021 00:03:34.211,0.70429,0.70418,1.5,1
04.08.2021 00:03:34.313,0.70428,0.7041600000000001,1,1.12
04.08.2021 00:03:35.162,0.7042700000000001,0.70414,1.69,2
04.08.2021 00:03:35.314,0.70428,0.70413,2.44,1
04.08.2021 00:03:35.516,0.7042700000000001,0.70413,1,1
04.08.2021 00:03:39.025,0.70425,0.70413,1,1
04.08.2021 00:03:43.033,0.70424,0.70413,1,1
04.08.2021 00:03:50.806,0.70424,0.70412,1,1
04.08.2021 00:04:02.254,0.70425,0.70412,1.5,1
04.08.2021 00:04:03.637,0.70425,0.70412,1.5,1
04.08.2021 00:04:03.739,0.7041600000000001,0.70403,3.25,1.5
04.08.2021 00:04:03.891,0.70415,0.70401,1.75,1
04.08.2021 00:04:03.992,0.70413,0.70401,1.25,1.87
04.08.2021 00:04:04.194,0.70412,0.70398,1.25,1.5
04.08.2021 00:04:04.296,0.7041000000000001,0.70397,1,1
04.08.2021 00:04:04.347,0.70403,0.7039500000000001,1,1
04.08.2021 00:04:04.448,0.7040500000000001,0.7039300000000001,1,1.5
04.08.2021 00:04:04.499,0.7040500000000001,0.7039300000000001,1,1
04.08.2021 00:04:04.601,0.7040500000000001,0.70391,1,1
04.08.2021 00:04:04.955,0.7040500000000001,0.70391,2.5,1
04.08.2021 00:04:05.436,0.7040500000000001,0.70391,1.25,2.25
04.08.2021 00:04:05.538,0.70404,0.7039000000000001,1.25,1.5
04.08.2021 00:04:05.639,0.70404,0.70391,1,1
04.08.2021 00:04:05.741,0.70404,0.70392,1.69,1
04.08.2021 00:04:05.843,0.7040500000000001,0.70392,1,1
04.08.2021 00:04:05.944,0.70406,0.70392,1.5,1
04.08.2021 00:04:06.331,0.70406,0.7039300000000001,1.5,2.25
04.08.2021 00:04:06.382,0.7041000000000001,0.70399,2.25,1.5
04.08.2021 00:04:06.483,0.7041100000000001,0.7040000000000001,1.5,1
04.08.2021 00:04:06.535,0.7041100000000001,0.70401,1,1
04.08.2021 00:04:06.586,0.7041100000000001,0.70396,2.5,2
04.08.2021 00:04:06.789,0.7041000000000001,0.7039500000000001,1.69,4.5
04.08.2021 00:04:08.059,0.7040500000000001,0.7039300000000001,1,3.25
04.08.2021 00:04:08.160,0.7040500000000001,0.7039300000000001,1,1.87
04.08.2021 00:04:12.049,0.70407,0.7039500000000001,1,1.87
04.08.2021 00:04:12.150,0.70409,0.7039500000000001,1.5,2.62
04.08.2021 00:04:12.266,0.70408,0.70398,1,1
04.08.2021 00:04:13.208,0.7041100000000001,0.70398,1,1
04.08.2021 00:04:13.369,0.7041100000000001,0.70396,1,1.31
04.08.2021 00:04:14.840,0.70412,0.70396,1,2.06
04.08.2021 00:04:15.278,0.70414,0.70399,1.5,2.25
04.08.2021 00:04:15.776,0.70413,0.70399,1.5,4.12
04.08.2021 00:04:15.877,0.70413,0.70398,1,1.87
04.08.2021 00:04:18.548,0.7041100000000001,0.70399,1,2.62
04.08.2021 00:04:18.650,0.70407,0.7039300000000001,1.5,1.5
04.08.2021 00:04:18.751,0.70406,0.70391,1,3.69
04.08.2021 00:04:18.802,0.70406,0.70391,1,2.94
04.08.2021 00:04:18.904,0.7040500000000001,0.7039000000000001,1,3.69
04.08.2021 00:04:22.038,0.7040500000000001,0.70391,1,1.87
04.08.2021 00:04:23.688,0.70407,0.70392,1.5,1
04.08.2021 00:04:23.840,0.70406,0.70391,1.5,4.12
04.08.2021 00:04:34.525,0.70406,0.70392,1.5,1
04.08.2021 00:04:38.817,0.7040500000000001,0.70392,2.44,1.5
04.08.2021 00:04:42.279,0.70406,0.70392,1.69,1
04.08.2021 00:04:46.186,0.7040500000000001,0.7039000000000001,2.25,1.87
04.08.2021 00:04:46.237,0.70402,0.7039000000000001,1.5,1.5
04.08.2021 00:04:46.338,0.70402,0.70389,1,1.5
04.08.2021 00:04:46.439,0.70402,0.70389,1,1
04.08.2021 00:04:46.710,0.70402,0.7038800000000001,1,1
04.08.2021 00:04:48.236,0.70402,0.70386,1,1.69
04.08.2021 00:04:50.573,0.70401,0.70386,1,1.25
04.08.2021 00:04:53.193,0.70404,0.70391,1.12,1
04.08.2021 00:04:57.291,0.70404,0.70389,1,1.12
04.08.2021 00:04:59.143,0.70403,0.7038800000000001,1,1
04.08.2021 00:04:59.244,0.70402,0.7038800000000001,1,3.56
04.08.2021 00:05:01.374,0.70401,0.70386,1,2.19
04.08.2021 00:05:01.487,0.70401,0.70386,1,1.69
04.08.2021 00:05:01.589,0.7039500000000001,0.7038300000000001,1,1.5
04.08.2021 00:05:01.639,0.70394,0.70384,1,1
04.08.2021 00:05:03.165,0.7039500000000001,0.70382,1,1.12
04.08.2021 00:05:05.032,0.7039300000000001,0.7038300000000001,1,1
04.08.2021 00:05:09.665,0.7039500000000001,0.70382,1,1.5
04.08.2021 00:05:12.571,0.70396,0.7038300000000001,1,1
04.08.2021 00:05:12.754,0.70399,0.70389,1.31,1
04.08.2021 00:05:12.855,0.70404,0.70392,2.19,1
04.08.2021 00:05:12.957,0.70404,0.70392,1,1
04.08.2021 00:05:13.514,0.7040000000000001,0.70387,1,1.5
04.08.2021 00:05:13.565,0.70399,0.70387,1,1
04.08.2021 00:05:13.666,0.70401,0.70387,1.12,1
04.08.2021 00:05:16.730,0.70402,0.70387,1,1
04.08.2021 00:05:17.511,0.70402,0.7039000000000001,1,1
04.08.2021 00:05:17.612,0.70403,0.70391,1,1
04.08.2021 00:05:17.662,0.70403,0.70389,1,1
04.08.2021 00:05:19.963,0.7040500000000001,0.70392,1,1
04.08.2021 00:05:27.320,0.70404,0.7039000000000001,1.5,1.12
04.08.2021 00:05:27.421,0.70403,0.70389,1,1
04.08.2021 00:05:28.725,0.70403,0.7038800000000001,1.5,1.5
04.08.2021 00:05:29.240,0.70396,0.70384,1,1.5
04.08.2021 00:05:30.352,0.7039500000000001,0.7038300000000001,1,1
04.08.2021 00:05:31.697,0.70397,0.7038500000000001,1,1
04.08.2021 00:05:31.798,0.70398,0.70386,1,1
04.08.2021 00:05:31.899,0.70399,0.7038500000000001,1,1.5
04.08.2021 00:05:32.000,0.70399,0.70386,1,1
04.08.2021 00:05:32.353,0.70398,0.70386,1,1.5
04.08.2021 00:05:51.200,0.7040000000000001,0.70386,1,1.5
04.08.2021 00:05:51.301,0.70401,0.70387,1.5,1
04.08.2021 00:05:52.222,0.70401,0.70386,1.5,1.5
04.08.2021 00:05:56.731,0.70401,0.7038800000000001,1,1
04.08.2021 00:05:56.832,0.70404,0.70391,1,1.5
04.08.2021 00:05:58.940,0.70404,0.70392,1,1
04.08.2021 00:06:02.787,0.7040500000000001,0.70392,1,1
04.08.2021 00:06:04.387,0.70404,0.70392,1,1
04.08.2021 00:06:04.488,0.7040500000000001,0.70392,1,1
04.08.2021 00:07:09.556,0.7041100000000001,0.70399,2.75,2.25
04.08.2021 00:07:09.607,0.7041000000000001,0.70397,1.5,1.25
04.08.2021 00:07:09.658,0.70413,0.70399,1.5,1.5
04.08.2021 00:07:09.709,0.70413,0.70401,1,1
04.08.2021 00:07:09.810,0.70415,0.70401,1.5,1
04.08.2021 00:07:10.231,0.70415,0.70403,1,1
04.08.2021 00:07:19.226,0.70417,0.70406,1,1
04.08.2021 00:07:19.277,0.7041600000000001,0.70404,1,1.5
04.08.2021 00:07:23.286,0.70414,0.70402,1,1
04.08.2021 00:07:23.387,0.70412,0.70401,1,1
04.08.2021 00:07:23.488,0.70412,0.70398,1,1
04.08.2021 00:07:32.788,0.70413,0.7040000000000001,1.5,1
04.08.2021 00:07:32.890,0.70413,0.70398,1.5,2
04.08.2021 00:07:33.041,0.70413,0.70398,1.5,1.5
04.08.2021 00:07:37.778,0.70412,0.7040000000000001,1.5,1
04.08.2021 00:07:37.879,0.70415,0.70402,1.12,1
04.08.2021 00:07:37.981,0.7041600000000001,0.70402,1,1.5
04.08.2021 00:07:45.384,0.70415,0.70402,1,1.5
04.08.2021 00:07:45.640,0.70412,0.70401,1,1
04.08.2021 00:07:45.741,0.70412,0.70397,1.5,1.5
04.08.2021 00:07:45.842,0.70412,0.70397,1.5,1
04.08.2021 00:07:49.945,0.7041000000000001,0.70397,1,1
04.08.2021 00:07:59.453,0.70413,0.70399,1,1.5
04.08.2021 00:07:59.554,0.70414,0.70401,1,1.5
04.08.2021 00:07:59.655,0.70415,0.70401,1.31,1.5
04.08.2021 00:08:16.311,0.70415,0.70402,2.81,1.5
04.08.2021 00:08:17.143,0.70415,0.70402,2.87,1.5
04.08.2021 00:08:26.110,0.70409,0.70398,3.25,1
04.08.2021 00:08:26.212,0.7040500000000001,0.70394,1,1.75
04.08.2021 00:08:26.314,0.70406,0.7039300000000001,1,1.25
04.08.2021 00:08:28.190,0.70398,0.70387,1,2
04.08.2021 00:08:28.241,0.70396,0.70387,1,1
04.08.2021 00:08:28.342,0.7039500000000001,0.70384,1.5,1
04.08.2021 00:08:47.636,0.70401,0.70391,2.07,1
04.08.2021 00:08:47.737,0.70409,0.70401,3.25,1
04.08.2021 00:08:47.788,0.7041000000000001,0.70402,1,1
04.08.2021 00:08:47.839,0.70415,0.70402,1,1
04.08.2021 00:08:49.166,0.7041600000000001,0.70402,1.5,1
04.08.2021 00:08:52.361,0.70412,0.70398,1.12,1.5
04.08.2021 00:08:52.462,0.70407,0.70394,1,1.5
04.08.2021 00:08:52.566,0.70407,0.70394,1,1
04.08.2021 00:08:52.667,0.70406,0.70394,1,1
04.08.2021 00:09:10.542,0.7041100000000001,0.7040000000000001,1.5,1
04.08.2021 00:09:10.593,0.7041100000000001,0.70402,1,1
04.08.2021 00:09:10.644,0.70415,0.70402,2.06,1
04.08.2021 00:09:10.745,0.70415,0.70403,1,1
04.08.2021 00:09:14.259,0.7041600000000001,0.70403,1,1.5
04.08.2021 00:09:32.586,0.70415,0.70403,1,1
04.08.2021 00:09:33.800,0.70415,0.70404,1,1
04.08.2021 00:09:55.701,0.70417,0.70403,1.5,1.5
04.08.2021 00:10:01.337,0.7041600000000001,0.70403,1,1
04.08.2021 00:10:15.330,0.70417,0.70403,1.5,1
04.08.2021 00:10:31.927,0.70418,0.70403,2.81,1.5
04.08.2021 00:10:58.974,0.70418,0.7040500000000001,1.5,1
04.08.2021 00:10:59.177,0.70419,0.7040500000000001,4.69,1
04.08.2021 00:11:01.080,0.70419,0.70409,4.69,1
04.08.2021 00:11:01.182,0.7042200000000001,0.70413,1,1.5
04.08.2021 00:11:01.232,0.70424,0.70414,1,1.5
04.08.2021 00:11:01.283,0.7042700000000001,0.70413,1,1.5
04.08.2021 00:11:01.384,0.7042700000000001,0.70414,1,1
04.08.2021 00:11:01.821,0.7042700000000001,0.70415,2.06,1
04.08.2021 00:11:02.024,0.7042700000000001,0.70414,1,1
04.08.2021 00:11:03.316,0.7042700000000001,0.70413,1.69,1.5
04.08.2021 00:11:03.417,0.7042700000000001,0.70413,1.75,1.5
04.08.2021 00:11:24.291,0.7042600000000001,0.70412,1.69,1
04.08.2021 00:11:24.924,0.7042600000000001,0.70412,1.75,1
04.08.2021 00:11:25.026,0.70424,0.70412,1.25,1
04.08.2021 00:11:25.127,0.70425,0.7041000000000001,1.25,1.5
04.08.2021 00:11:35.311,0.7042,0.70406,1,1.5
04.08.2021 00:11:35.412,0.70418,0.70403,1.5,2.75
04.08.2021 00:11:35.463,0.70418,0.70403,1.87,2.25
04.08.2021 00:11:42.640,0.70417,0.70403,1.25,1
04.08.2021 00:11:42.741,0.70414,0.70402,1.25,1
04.08.2021 00:11:42.842,0.70414,0.7040000000000001,1.25,1
04.08.2021 00:11:44.835,0.70414,0.70399,1.69,1
04.08.2021 00:12:02.071,0.70415,0.70401,1,1
04.08.2021 00:12:02.173,0.7041600000000001,0.70401,1.5,1.5
04.08.2021 00:12:05.983,0.70415,0.7040000000000001,1,1.5
04.08.2021 00:12:07.199,0.7041600000000001,0.70401,1,2.25
04.08.2021 00:12:21.675,0.7041600000000001,0.70402,1,1
04.08.2021 00:12:21.776,0.70418,0.70403,2.06,1
04.08.2021 00:12:34.423,0.7041600000000001,0.70402,1,1.5
04.08.2021 00:12:47.617,0.70417,0.70402,1.87,1.5
04.08.2021 00:13:00.853,0.70417,0.70403,1,1
04.08.2021 00:13:06.973,0.70415,0.70404,1,1
04.08.2021 00:13:15.401,0.70418,0.70403,2.94,1.5
04.08.2021 00:13:15.658,0.7042100000000001,0.7041100000000001,1.5,2.25
04.08.2021 00:13:15.760,0.7042600000000001,0.70413,2,1
04.08.2021 00:13:15.962,0.7042600000000001,0.70413,1,1
04.08.2021 00:13:16.210,0.7042700000000001,0.70413,1.87,1
04.08.2021 00:13:20.741,0.7042700000000001,0.70415,1.25,1
04.08.2021 00:13:33.194,0.7042700000000001,0.7041600000000001,1.25,1
04.08.2021 00:13:42.144,0.7043100000000001,0.7042,1.5,1
04.08.2021 00:13:42.245,0.70434,0.70423,2.25,1
04.08.2021 00:13:42.347,0.70434,0.70423,2.12,1
04.08.2021 00:13:43.567,0.70435,0.70423,1.75,1
04.08.2021 00:13:51.387,0.70434,0.70424,1.31,1
04.08.2021 00:13:55.213,0.70435,0.70424,1.12,1
04.08.2021 00:13:55.364,0.70435,0.70425,1,1
04.08.2021 00:13:55.476,0.7043600000000001,0.70425,1,1
04.08.2021 00:14:00.015,0.70437,0.70425,1,1
04.08.2021 00:14:02.796,0.70435,0.7042200000000001,1,1
04.08.2021 00:14:04.456,0.7043100000000001,0.70419,2.62,1
04.08.2021 00:14:04.557,0.70429,0.70417,1.5,1
04.08.2021 00:14:05.776,0.70428,0.7041600000000001,1.5,1
04.08.2021 00:14:05.877,0.70428,0.70414,1.5,1.25
04.08.2021 00:14:06.777,0.70429,0.70418,1.5,1
04.08.2021 00:14:06.878,0.7043100000000001,0.70419,1.5,1
04.08.2021 00:14:06.979,0.7043100000000001,0.70419,1,1
04.08.2021 00:14:07.254,0.7043100000000001,0.7042100000000001,1,1
04.08.2021 00:14:07.867,0.7043100000000001,0.7042200000000001,1,1
04.08.2021 00:14:07.917,0.7043600000000001,0.70424,1.5,1
04.08.2021 00:14:08.069,0.7043600000000001,0.70424,1.12,1
04.08.2021 00:14:12.368,0.70437,0.70424,1,1
04.08.2021 00:14:45.182,0.70439,0.70424,1.62,2.25
04.08.2021 00:14:47.134,0.70439,0.70425,2.37,1
04.08.2021 00:14:47.185,0.7044100000000001,0.70429,1.5,1
04.08.2021 00:14:47.387,0.70443,0.70429,1,1
04.08.2021 00:14:47.554,0.70443,0.7043,1,1
04.08.2021 00:14:47.706,0.70442,0.7043,1,1
04.08.2021 00:14:48.542,0.70444,0.70429,1.5,1.5
04.08.2021 00:15:00.488,0.7044,0.7042600000000001,1,1.5
04.08.2021 00:15:00.589,0.7044,0.70429,1,1
04.08.2021 00:15:04.077,0.7044100000000001,0.7042700000000001,1,1.5
04.08.2021 00:15:04.526,0.70442,0.7042700000000001,1,2.25
04.08.2021 00:15:04.627,0.70445,0.7043,1.12,2.25
04.08.2021 00:15:20.534,0.7044600000000001,0.7043200000000001,1,1
04.08.2021 00:15:20.635,0.7044600000000001,0.70433,1.87,1.5
04.08.2021 00:15:25.528,0.70447,0.70433,1,1
04.08.2021 00:15:32.853,0.70447,0.7043200000000001,1.12,1.5
04.08.2021 00:15:48.596,0.70445,0.70433,1,1
04.08.2021 00:15:48.697,0.70445,0.7043200000000001,1.5,1
04.08.2021 00:15:48.865,0.70444,0.70429,1,2.62
04.08.2021 00:15:57.041,0.70438,0.70425,2.25,2.62
04.08.2021 00:15:57.142,0.7043600000000001,0.70423,1,2.19
04.08.2021 00:15:57.243,0.70437,0.7042200000000001,1,1.87
04.08.2021 00:15:58.404,0.70442,0.70428,1.25,1.5
04.08.2021 00:15:58.506,0.70443,0.70429,1.31,1
04.08.2021 00:15:58.657,0.70439,0.70428,1,2.75
04.08.2021 00:15:58.759,0.70438,0.70428,1.5,1.5
04.08.2021 00:15:58.928,0.7044,0.7042700000000001,1,1.5
04.08.2021 00:15:59.029,0.70439,0.7042700000000001,2.62,1
04.08.2021 00:16:00.252,0.70438,0.70423,2.06,1.5
04.08.2021 00:16:17.725,0.7043600000000001,0.70424,1,1
04.08.2021 00:16:55.279,0.70437,0.7042200000000001,1.5,1.69
04.08.2021 00:17:04.456,0.70437,0.70423,1,1
04.08.2021 00:17:07.781,0.70437,0.70423,1,1.75
04.08.2021 00:17:07.832,0.7044100000000001,0.70428,1,1.25
04.08.2021 00:17:07.883,0.7044100000000001,0.70433,1,1
04.08.2021 00:17:07.984,0.7044600000000001,0.7043200000000001,2.56,1
04.08.2021 00:17:08.035,0.7044600000000001,0.7043200000000001,2.06,1
04.08.2021 00:17:09.621,0.70444,0.70429,1,2
04.08.2021 00:17:09.723,0.70443,0.70429,1,2
04.08.2021 00:17:09.824,0.70443,0.70429,1,1.5
04.08.2021 00:17:20.211,0.70443,0.70428,1,2.25
04.08.2021 00:17:24.406,0.70445,0.7043,1,1.87
04.08.2021 00:17:24.507,0.7044600000000001,0.7043200000000001,1,1
04.08.2021 00:17:25.700,0.70447,0.70433,1.5,1
04.08.2021 00:17:28.710,0.70447,0.70434,2.62,1.5
04.08.2021 00:17:34.727,0.70447,0.70435,1.5,1
04.08.2021 00:17:47.926,0.70447,0.70434,1.5,1
04.08.2021 00:17:48.027,0.70447,0.70433,1.5,1
04.08.2021 00:17:48.129,0.70442,0.7043,1,1.87
04.08.2021 00:17:48.230,0.70444,0.70429,1,1.87
04.08.2021 00:17:49.524,0.7044600000000001,0.7043200000000001,1,1
04.08.2021 00:17:51.771,0.70445,0.70434,1,1
04.08.2021 00:17:51.872,0.70447,0.70433,1,1
04.08.2021 00:17:58.981,0.7044600000000001,0.70435,1,1
04.08.2021 00:17:59.082,0.7044800000000001,0.70434,1,1.5
04.08.2021 00:18:05.436,0.7044800000000001,0.70433,1.5,2.62
04.08.2021 00:18:06.663,0.7044800000000001,0.70434,1,1
04.08.2021 00:18:15.286,0.7044800000000001,0.70437,1.12,1
04.08.2021 00:18:15.618,0.7044800000000001,0.7043600000000001,1.12,1
04.08.2021 00:18:18.300,0.70447,0.7043600000000001,1,1
04.08.2021 00:18:18.401,0.70447,0.70435,1.5,1
04.08.2021 00:18:29.818,0.70447,0.70434,1,1
04.08.2021 00:18:32.179,0.70447,0.70434,1.75,1
04.08.2021 00:18:36.736,0.7044600000000001,0.70434,1.75,1
04.08.2021 00:19:03.256,0.70439,0.70428,3.19,1
04.08.2021 00:19:03.357,0.7044,0.70428,1.25,1
04.08.2021 00:19:03.459,0.7044,0.70429,1.25,1
04.08.2021 00:19:03.561,0.7044,0.7043,1.25,1
04.08.2021 00:19:04.424,0.7044100000000001,0.7043,1.25,1
04.08.2021 00:19:04.526,0.70442,0.7043,1.25,1
04.08.2021 00:19:05.057,0.70437,0.7042700000000001,1.25,1
04.08.2021 00:19:05.159,0.70438,0.7042600000000001,2.5,1
04.08.2021 00:19:05.311,0.70437,0.7042600000000001,1.25,1
04.08.2021 00:19:05.693,0.70435,0.70425,1.25,1
04.08.2021 00:19:05.794,0.70435,0.70424,1.25,1
04.08.2021 00:19:06.220,0.70434,0.70424,1.25,1
04.08.2021 00:19:06.736,0.7043200000000001,0.7042,5.44,1
04.08.2021 00:19:06.787,0.7043,0.7042,1.25,1
04.08.2021 00:19:06.938,0.7043,0.70419,1.25,1
04.08.2021 00:19:07.039,0.70434,0.70423,2.12,1.5
04.08.2021 00:19:07.141,0.70435,0.70423,1.75,1.5
04.08.2021 00:19:30.114,0.70435,0.7042200000000001,1.75,1.5
04.08.2021 00:19:38.029,0.7043600000000001,0.70423,1.75,1
04.08.2021 00:19:47.000,0.70433,0.70423,1,1
04.08.2021 00:19:47.051,0.7043200000000001,0.7042,1.69,1
04.08.2021 00:19:47.102,0.7043100000000001,0.70418,1.69,1
04.08.2021 00:19:48.481,0.7043,0.70418,1.25,1
04.08.2021 00:19:48.583,0.7043,0.70417,1.25,1
04.08.2021 00:19:49.106,0.70428,0.70417,2.5,1.5
04.08.2021 00:19:49.157,0.70428,0.70414,1.25,1.5
04.08.2021 00:19:49.258,0.70428,0.70414,2.5,1
04.08.2021 00:19:50.953,0.70429,0.70415,2.5,1.5
04.08.2021 00:19:51.054,0.70429,0.7041600000000001,1.25,1
04.08.2021 00:19:55.418,0.7043,0.70418,1.12,1
04.08.2021 00:19:55.570,0.7043100000000001,0.70418,2.06,1
04.08.2021 00:20:08.898,0.7043200000000001,0.70418,1.69,1
04.08.2021 00:20:11.501,0.7043100000000001,0.70423,1.25,1
04.08.2021 00:20:11.552,0.70435,0.7042200000000001,1.69,1
04.08.2021 00:20:11.653,0.70437,0.70423,1.75,1.5
04.08.2021 00:20:11.823,0.70437,0.70423,1.25,1.5
04.08.2021 00:20:15.439,0.7043600000000001,0.70423,1.25,1
04.08.2021 00:20:16.105,0.70435,0.70423,1.25,1
04.08.2021 00:20:19.135,0.7043600000000001,0.70423,1.25,1
04.08.2021 00:20:47.673,0.7043600000000001,0.7042200000000001,1.69,1.5
04.08.2021 00:20:49.790,0.70435,0.7042200000000001,1.75,1
04.08.2021 00:20:50.429,0.70435,0.7042,2.5,2.25
04.08.2021 00:20:50.635,0.70433,0.7042,1.25,1
04.08.2021 00:20:50.737,0.7043200000000001,0.7042,1.25,1.5
04.08.2021 00:20:51.813,0.7043200000000001,0.70418,1.25,1.5
04.08.2021 00:21:08.245,0.70433,0.7042100000000001,1,1.5
04.08.2021 00:21:08.347,0.7043200000000001,0.7042100000000001,1.25,1
04.08.2021 00:21:13.265,0.70435,0.7042100000000001,1.37,2.25
04.08.2021 00:21:13.366,0.70435,0.7042200000000001,1.37,1
04.08.2021 00:21:14.409,0.70434,0.7042100000000001,1.25,1
04.08.2021 00:21:14.510,0.70433,0.70418,1.75,1.5
04.08.2021 00:21:24.240,0.70433,0.70418,1.69,1
04.08.2021 00:21:31.216,0.70433,0.70418,1.75,1
04.08.2021 00:21:35.883,0.70428,0.70415,1,1
04.08.2021 00:21:35.984,0.70428,0.70414,1.25,1
04.08.2021 00:21:36.293,0.7042600000000001,0.70413,1.25,1.5
04.08.2021 00:21:38.025,0.7042600000000001,0.70413,1.75,1.5
04.08.2021 00:22:38.110,0.7042700000000001,0.70412,1.87,1.5
04.08.2021 00:22:43.594,0.7042700000000001,0.70413,1.12,1
04.08.2021 00:22:54.445,0.7042700000000001,0.70412,1,2.25
04.08.2021 00:23:23.440,0.7042600000000001,0.70414,1.25,1.5
04.08.2021 00:23:25.161,0.7042700000000001,0.70413,1.25,3
04.08.2021 00:23:27.130,0.7042600000000001,0.70415,1.37,1
04.08.2021 00:23:31.641,0.7042700000000001,0.70413,1.75,1.5
04.08.2021 00:23:35.245,0.70425,0.70414,1.25,1
04.08.2021 00:23:48.313,0.7042700000000001,0.70413,2.87,1
04.08.2021 00:24:05.184,0.7042700000000001,0.70414,2.87,1
04.08.2021 00:24:08.237,0.7042700000000001,0.70414,1.69,1
04.08.2021 00:24:13.957,0.7042700000000001,0.70414,2.5,1
04.08.2021 00:24:17.500,0.7042600000000001,0.70413,2.5,2.25
04.08.2021 00:25:14.255,0.7042700000000001,0.70412,2.62,1.5
04.08.2021 00:25:20.260,0.7042600000000001,0.70412,1,1
04.08.2021 00:25:31.649,0.70425,0.70412,1,1
04.08.2021 00:25:35.765,0.7042600000000001,0.70412,1,1.5
04.08.2021 00:25:38.845,0.70424,0.70413,1.25,1
04.08.2021 00:25:39.447,0.7042600000000001,0.70413,1.75,1
04.08.2021 00:25:39.548,0.7042700000000001,0.70413,3.62,1
04.08.2021 00:25:41.704,0.7042700000000001,0.70413,2.44,1
04.08.2021 00:25:42.731,0.7042600000000001,0.70413,3.19,1.5
04.08.2021 00:25:45.176,0.7042700000000001,0.70412,4.37,1.5
04.08.2021 00:26:06.362,0.7042600000000001,0.70413,2.87,1.5
04.08.2021 00:26:44.051,0.7042600000000001,0.70412,1.25,1
04.08.2021 00:26:48.087,0.70425,0.70413,1.75,1
04.08.2021 00:26:53.335,0.7042700000000001,0.70412,3.75,1.5
04.08.2021 00:27:04.187,0.7042600000000001,0.70412,1.75,1
04.08.2021 00:27:06.085,0.70425,0.7041100000000001,1.75,1.5
04.08.2021 00:27:53.715,0.70424,0.70412,1.25,2.25
04.08.2021 00:29:42.853,0.70425,0.7041100000000001,1,2
04.08.2021 00:29:43.104,0.70425,0.7041100000000001,1,1.5
04.08.2021 00:29:47.494,0.70425,0.7041100000000001,1.62,1.5
04.08.2021 00:29:49.445,0.70425,0.7041100000000001,1.69,1.5
04.08.2021 00:29:51.035,0.70424,0.70412,1.37,1.5
04.08.2021 00:29:51.187,0.70423,0.7041100000000001,1.25,1.12
04.08.2021 00:29:55.812,0.7041600000000001,0.70407,1.69,1
04.08.2021 00:29:55.914,0.70415,0.70403,1.69,1.5
04.08.2021 00:29:56.016,0.70413,0.70402,1,1
04.08.2021 00:29:58.387,0.70414,0.7040000000000001,1.5,3.5
04.08.2021 00:30:00.985,0.70413,0.7040000000000001,1,1.5
04.08.2021 00:30:01.090,0.70413,0.7040000000000001,1,1.12
04.08.2021 00:30:01.986,0.70413,0.70399,1,3.87
04.08.2021 00:30:06.388,0.70413,0.70399,1,3.87
04.08.2021 00:30:08.801,0.70414,0.70399,1.69,3.87
04.08.2021 00:30:21.194,0.70413,0.7040000000000001,1.69,1.87
04.08.2021 00:30:22.149,0.70414,0.70399,1.69,2
04.08.2021 00:30:24.745,0.70414,0.70401,1,1
04.08.2021 00:30:26.416,0.70414,0.7040000000000001,1,1.87
04.08.2021 00:30:31.509,0.70407,0.70398,2.62,1
04.08.2021 00:30:31.559,0.70398,0.7039300000000001,1,1
04.08.2021 00:30:31.661,0.70399,0.7038800000000001,1,1.5
04.08.2021 00:30:31.762,0.7040000000000001,0.70387,1.5,1.5
04.08.2021 00:30:32.085,0.70398,0.70386,1,2.62
04.08.2021 00:30:32.186,0.70397,0.70386,1,1.12
04.08.2021 00:30:32.721,0.70397,0.7038500000000001,1,2.62
04.08.2021 00:30:32.823,0.70397,0.70384,1,2.62
04.08.2021 00:30:45.388,0.70397,0.70382,1,3.69
04.08.2021 00:30:47.320,0.70397,0.70382,1.5,3.19
04.08.2021 00:30:47.889,0.70396,0.70382,1,2.81
04.08.2021 00:30:49.972,0.70396,0.7038300000000001,1,1
04.08.2021 00:30:50.852,0.70397,0.7038300000000001,1,1
04.08.2021 00:30:53.743,0.70396,0.7038300000000001,1,2.81
04.08.2021 00:30:54.531,0.70397,0.70382,1,3.25
04.08.2021 00:30:59.841,0.70396,0.70382,1,2.5
04.08.2021 00:31:03.495,0.70397,0.7038500000000001,1,1.5
04.08.2021 00:31:03.546,0.70399,0.7038500000000001,1,2.62
04.08.2021 00:31:03.647,0.70399,0.70387,1,1
04.08.2021 00:31:03.829,0.7040000000000001,0.70387,1,1
04.08.2021 00:31:29.725,0.70403,0.70389,1.5,3
04.08.2021 00:31:29.826,0.70403,0.7039000000000001,1,1
04.08.2021 00:31:58.498,0.70392,0.7038500000000001,1.25,1
04.08.2021 00:31:58.600,0.7039300000000001,0.7038300000000001,1,1
04.08.2021 00:31:59.000,0.7039300000000001,0.70381,1,1
04.08.2021 00:32:01.523,0.70386,0.7038,1.5,1
04.08.2021 00:32:01.574,0.70387,0.70375,2.5,1.58
04.08.2021 00:32:01.675,0.7038500000000001,0.7037100000000001,1.69,5.19
04.08.2021 00:32:01.726,0.7038500000000001,0.7037100000000001,1.69,1.5
04.08.2021 00:32:01.845,0.7038300000000001,0.7037100000000001,1,1.5
04.08.2021 00:32:07.687,0.70384,0.70372,1,1.12
04.08.2021 00:32:09.617,0.70386,0.70372,1.5,2.62
04.08.2021 00:32:10.249,0.70384,0.70372,1,1.12
04.08.2021 00:32:13.966,0.70384,0.7037,1.25,2.25
04.08.2021 00:32:15.122,0.7037800000000001,0.70367,1,1
04.08.2021 00:32:15.223,0.70374,0.70365,1,1.5
04.08.2021 00:32:15.324,0.70375,0.70362,1,1.87
04.08.2021 00:32:15.476,0.7037300000000001,0.7036300000000001,1,1.12
04.08.2021 00:32:15.951,0.7037300000000001,0.7036100000000001,1,1.87
04.08.2021 00:32:16.203,0.70369,0.70357,1,5
04.08.2021 00:32:16.254,0.7037100000000001,0.7035800000000001,1.5,1.5
04.08.2021 00:32:16.304,0.7037,0.7036100000000001,1,1
04.08.2021 00:32:16.405,0.70372,0.7036,1.12,1
04.08.2021 00:32:17.053,0.70372,0.7036100000000001,1,1
04.08.2021 00:32:22.880,0.7037100000000001,0.7036,1.25,2
04.08.2021 00:32:25.219,0.70372,0.70359,1.31,1
04.08.2021 00:32:34.311,0.70372,0.7036,1,1
04.08.2021 00:32:34.413,0.70372,0.7036100000000001,1.12,1
04.08.2021 00:32:34.514,0.7037300000000001,0.7036100000000001,1.12,1
04.08.2021 00:32:34.901,0.7037300000000001,0.70362,1.69,1
04.08.2021 00:32:39.979,0.70372,0.70362,1,1
04.08.2021 00:32:55.866,0.70374,0.7036100000000001,1,1
04.08.2021 00:32:56.830,0.70374,0.70362,1,1
04.08.2021 00:33:01.958,0.7037300000000001,0.70365,1,1
04.08.2021 00:33:10.845,0.7038,0.70372,1,1
04.08.2021 00:33:10.896,0.70386,0.70379,3.5,1
04.08.2021 00:33:10.947,0.7038800000000001,0.70377,1,1.75
04.08.2021 00:33:10.999,0.70389,0.70381,1,1
04.08.2021 00:33:11.049,0.70392,0.70381,1,1
04.08.2021 00:33:11.151,0.70394,0.70382,1,1
04.08.2021 00:33:11.904,0.7039500000000001,0.70384,1,1
04.08.2021 00:33:21.796,0.7039500000000001,0.7038300000000001,1,1
04.08.2021 00:33:21.897,0.7039500000000001,0.7038300000000001,1,1.75
04.08.2021 00:33:22.812,0.7040000000000001,0.70387,1.62,1.75
04.08.2021 00:33:22.914,0.70402,0.7039300000000001,1,1
04.08.2021 00:33:22.965,0.70403,0.70394,1.12,1
04.08.2021 00:33:28.136,0.70396,0.70386,1,1
04.08.2021 00:33:28.245,0.7039500000000001,0.7038300000000001,1,1.75
04.08.2021 00:33:28.295,0.70394,0.70384,1,1.25
04.08.2021 00:33:29.380,0.70394,0.7038300000000001,1,1
04.08.2021 00:33:30.037,0.7039300000000001,0.70382,1,1
04.08.2021 00:33:32.088,0.70392,0.70382,1,1
04.08.2021 00:33:43.019,0.70394,0.70382,1.25,1
04.08.2021 00:34:05.650,0.7039300000000001,0.70382,1,1.5
04.08.2021 00:34:05.752,0.7039300000000001,0.7038300000000001,1,1.5
04.08.2021 00:34:06.147,0.70394,0.7038300000000001,1,1
04.08.2021 00:34:08.180,0.70394,0.70382,1,1.5
04.08.2021 00:35:00.676,0.7039300000000001,0.70382,1,1.5
04.08.2021 00:35:02.805,0.7039500000000001,0.70382,2.25,1
04.08.2021 00:35:02.956,0.70396,0.7039000000000001,1,1
04.08.2021 00:35:03.057,0.7040000000000001,0.7038800000000001,2,1.5
04.08.2021 00:35:03.158,0.70398,0.70387,1,1
04.08.2021 00:35:09.018,0.70398,0.70386,1,1
04.08.2021 00:35:09.181,0.70401,0.70389,1,2.25
04.08.2021 00:35:09.586,0.70401,0.7038800000000001,1,1.87
04.08.2021 00:35:18.650,0.7040000000000001,0.7038800000000001,1,1.87
04.08.2021 00:35:25.981,0.7040000000000001,0.70387,1,1.87
04.08.2021 00:35:29.731,0.70399,0.70387,1,1
04.08.2021 00:35:31.661,0.70399,0.70386,1,1
04.08.2021 00:35:31.762,0.7039500000000001,0.70382,1,2
04.08.2021 00:35:31.863,0.7039500000000001,0.70382,1,1.87
04.08.2021 00:35:49.798,0.7039300000000001,0.7038300000000001,1,1
04.08.2021 00:35:51.262,0.7039300000000001,0.70382,1,1.12
04.08.2021 00:36:46.083,0.7039500000000001,0.70382,1,1.12
04.08.2021 00:36:47.131,0.70397,0.70384,1,1
04.08.2021 00:36:47.233,0.7040000000000001,0.70387,2,1
04.08.2021 00:36:47.334,0.70399,0.7038500000000001,1,2.06
04.08.2021 00:36:48.032,0.70397,0.70386,1,1.31
04.08.2021 00:37:06.086,0.70399,0.70384,1,3.62
04.08.2021 00:37:18.917,0.70396,0.70382,1.5,2
04.08.2021 00:37:18.968,0.70396,0.70382,1.5,1.12
04.08.2021 00:37:21.951,0.70394,0.70381,1,1.87
04.08.2021 00:37:25.419,0.70394,0.70382,1,1.5
04.08.2021 00:37:26.266,0.7039500000000001,0.70382,1,1
04.08.2021 00:37:31.560,0.70396,0.70382,2.25,1
04.08.2021 00:37:32.053,0.70396,0.70381,3,2.62
04.08.2021 00:37:37.544,0.7039500000000001,0.70381,1,1.87
04.08.2021 00:38:00.633,0.7038800000000001,0.70382,1,1.5
04.08.2021 00:38:00.684,0.7038800000000001,0.7037800000000001,1,1.12
04.08.2021 00:38:00.836,0.7038800000000001,0.7037300000000001,3.25,2.75
04.08.2021 00:38:00.937,0.7038500000000001,0.70372,1,1.12
04.08.2021 00:38:03.368,0.70384,0.70372,1,2.06
04.08.2021 00:38:26.655,0.70384,0.7037100000000001,1,1.87
04.08.2021 00:38:52.048,0.70386,0.7037100000000001,2.44,2.62
04.08.2021 00:38:54.998,0.7038500000000001,0.7037300000000001,1.5,1
04.08.2021 00:39:07.266,0.70387,0.70372,2.44,2.25
04.08.2021 00:39:14.217,0.70387,0.70376,1.69,1
04.08.2021 00:39:17.890,0.70392,0.7038300000000001,1.75,1
04.08.2021 00:39:17.941,0.70394,0.70384,1.37,1
04.08.2021 00:39:18.042,0.7039500000000001,0.70384,1.62,1
04.08.2021 00:39:18.143,0.7039500000000001,0.70384,1,1
04.08.2021 00:39:26.012,0.70396,0.70384,1.69,1
04.08.2021 00:39:44.876,0.70396,0.7038300000000001,1.69,1
04.08.2021 00:39:49.877,0.70396,0.70382,1.69,1
04.08.2021 00:39:57.963,0.7039500000000001,0.70381,1,2.62
04.08.2021 00:40:01.519,0.7039500000000001,0.7038300000000001,1,1
04.08.2021 00:40:18.922,0.70396,0.7038300000000001,1.5,1
04.08.2021 00:40:19.168,0.7039500000000001,0.7038500000000001,1,1
04.08.2021 00:40:19.271,0.7040000000000001,0.7038500000000001,4,1.5
04.08.2021 00:40:19.372,0.7040000000000001,0.70386,2.12,1
04.08.2021 00:40:19.948,0.7040000000000001,0.70386,1.12,1.5
04.08.2021 00:40:25.897,0.7040000000000001,0.70387,2.44,1.5
04.08.2021 00:40:25.998,0.7040000000000001,0.7038800000000001,1.5,1
04.08.2021 00:40:37.592,0.70401,0.70386,3.19,1.5
04.08.2021 00:40:37.694,0.7040000000000001,0.70386,1,1.5
04.08.2021 00:40:43.129,0.7040000000000001,0.70387,1.69,1.5
04.08.2021 00:40:43.902,0.7040000000000001,0.70386,1,1.5
04.08.2021 00:41:04.645,0.70399,0.7038500000000001,2.44,1.5
04.08.2021 00:41:04.747,0.70398,0.7038500000000001,1,1
04.08.2021 00:41:05.309,0.70398,0.70384,1.87,1.5
04.08.2021 00:41:05.410,0.70397,0.7038500000000001,1,1
04.08.2021 00:41:14.818,0.70397,0.70384,1,1.5
04.08.2021 00:41:19.011,0.70396,0.70384,1.25,2.25
04.08.2021 00:41:19.112,0.70397,0.7038300000000001,1.37,2.25
04.08.2021 00:41:48.541,0.70391,0.70381,1.5,1.12
04.08.2021 00:41:48.592,0.70392,0.7038,1.69,1
04.08.2021 00:41:48.945,0.70392,0.70382,1,1
04.08.2021 00:41:50.985,0.70394,0.70381,1.5,1.5
04.08.2021 00:41:51.579,0.7039300000000001,0.7038300000000001,1,1
04.08.2021 00:41:51.680,0.70394,0.7038300000000001,1.5,1.5
04.08.2021 00:41:55.012,0.70396,0.70382,1.5,1.5
04.08.2021 00:41:59.599,0.70396,0.7038300000000001,1,1
04.08.2021 00:42:04.159,0.70394,0.70382,1,1
04.08.2021 00:42:04.260,0.70394,0.7038,1,1.5
04.08.2021 00:42:04.361,0.7039300000000001,0.70382,1,1
04.08.2021 00:42:38.078,0.70391,0.7038,1,1
04.08.2021 00:42:38.179,0.7038800000000001,0.70376,1,1.5
04.08.2021 00:42:38.280,0.7038800000000001,0.70376,1,1
04.08.2021 00:42:40.042,0.7038800000000001,0.70375,1.5,1
04.08.2021 00:42:41.894,0.70386,0.70375,1,1
04.08.2021 00:42:41.995,0.70386,0.7037300000000001,1,1.5
04.08.2021 00:42:42.100,0.70386,0.7037300000000001,1,1
04.08.2021 00:42:52.704,0.7038500000000001,0.70372,1,1.12
04.08.2021 00:42:58.946,0.70384,0.70372,1,1
04.08.2021 00:43:18.634,0.7038500000000001,0.70372,1.5,1
04.08.2021 00:43:18.735,0.7038500000000001,0.7037300000000001,1,1
04.08.2021 00:43:21.542,0.70386,0.7037300000000001,2.25,1
04.08.2021 00:43:21.745,0.70387,0.70374,1,1.5
04.08.2021 00:43:21.847,0.70389,0.70376,1,1.5
04.08.2021 00:43:21.948,0.7039000000000001,0.70377,1,1
04.08.2021 00:43:22.049,0.7039000000000001,0.7037800000000001,3,1
04.08.2021 00:43:27.550,0.70391,0.70379,3,1
04.08.2021 00:43:27.601,0.7039300000000001,0.70379,1.5,3.75
04.08.2021 00:43:27.652,0.70394,0.70381,2.25,1
04.08.2021 00:43:30.680,0.7039300000000001,0.70381,1,1
04.08.2021 00:43:30.781,0.70392,0.7038,1,1
04.08.2021 00:43:30.882,0.70391,0.7037800000000001,1,1.5
04.08.2021 00:43:31.034,0.70391,0.70377,2.25,1.5
04.08.2021 00:43:31.135,0.7039000000000001,0.70377,1,1
04.08.2021 00:43:45.207,0.7039300000000001,0.70379,1.5,3
04.08.2021 00:43:48.605,0.70394,0.70381,2.25,1
04.08.2021 00:44:03.348,0.7039500000000001,0.70381,2.25,1
04.08.2021 00:44:03.449,0.7039500000000001,0.70382,1.5,1
04.08.2021 00:44:26.845,0.70396,0.70382,2.25,1
04.08.2021 00:44:28.032,0.70396,0.7038300000000001,1.5,1
04.08.2021 00:44:42.971,0.70396,0.70384,2.25,1.5
04.08.2021 00:44:52.715,0.70399,0.70389,1.25,1
04.08.2021 00:44:52.766,0.7040000000000001,0.70386,1.5,5.06
04.08.2021 00:44:52.868,0.70399,0.70386,1.25,1.12
04.08.2021 00:44:53.546,0.70398,0.7038300000000001,1.5,1.87
04.08.2021 00:44:53.647,0.70396,0.70384,1,1.87
04.08.2021 00:45:04.635,0.70397,0.7038300000000001,2.5,1
04.08.2021 00:45:12.531,0.70396,0.70382,1.69,1
04.08.2021 00:45:12.632,0.70396,0.70381,1.69,1.87
04.08.2021 00:45:37.041,0.70396,0.70382,1.5,1
04.08.2021 00:45:47.130,0.70394,0.7038,1.25,1
04.08.2021 00:45:47.232,0.70392,0.7038,1,1.12
04.08.2021 00:45:57.516,0.70392,0.70379,1,1
04.08.2021 00:46:00.991,0.70392,0.7037800000000001,1,1
04.08.2021 00:46:09.604,0.7039000000000001,0.7037800000000001,1.5,1
04.08.2021 00:46:09.655,0.70387,0.70374,1.5,1
04.08.2021 00:46:09.758,0.70386,0.7037300000000001,1,1
04.08.2021 00:46:24.605,0.70387,0.70375,1.5,1
04.08.2021 00:46:49.595,0.70387,0.7037300000000001,1.25,2.62
04.08.2021 00:46:49.696,0.70384,0.70372,1.25,1.87
04.08.2021 00:46:49.797,0.7038500000000001,0.7037100000000001,1.5,1.87
04.08.2021 00:46:51.548,0.70384,0.7037300000000001,1.5,1
04.08.2021 00:47:11.823,0.70386,0.70372,1.69,1.5
04.08.2021 00:47:11.974,0.70386,0.70374,1.5,1
04.08.2021 00:47:36.139,0.70386,0.7037300000000001,1,1
04.08.2021 00:48:31.115,0.70386,0.70372,2.25,1.5
04.08.2021 00:48:33.600,0.70386,0.70374,1.5,1
04.08.2021 00:48:33.838,0.70387,0.70374,2.25,1
04.08.2021 00:48:33.939,0.7038800000000001,0.70377,2.25,1
04.08.2021 00:48:40.573,0.7038800000000001,0.70376,1.5,1
04.08.2021 00:48:40.825,0.70386,0.70375,1.5,1.31
04.08.2021 00:48:40.977,0.70387,0.7037300000000001,2.25,1.25
04.08.2021 00:48:41.597,0.70387,0.70375,1.5,1
04.08.2021 00:48:46.329,0.7038800000000001,0.70376,1.5,1
04.08.2021 00:48:53.835,0.70386,0.70377,1,1
04.08.2021 00:48:57.357,0.70391,0.7038,1.75,1
04.08.2021 00:48:57.408,0.70394,0.7038300000000001,1.51,1
04.08.2021 00:48:57.510,0.7039500000000001,0.7038500000000001,3.1,1
04.08.2021 00:49:01.824,0.70394,0.70386,1.25,1
04.08.2021 00:49:04.497,0.70396,0.7038500000000001,1.31,1
04.08.2021 00:49:13.307,0.70394,0.70386,1,1
04.08.2021 00:49:16.367,0.70396,0.7038500000000001,1,1
04.08.2021 00:49:16.468,0.70398,0.70389,1.5,1
04.08.2021 00:49:16.570,0.70403,0.7039000000000001,2.75,1
04.08.2021 00:49:16.621,0.70403,0.7039000000000001,1.5,1
04.08.2021 00:49:16.672,0.70401,0.70389,1,1.5
04.08.2021 00:49:16.824,0.70402,0.70389,1,1.5
04.08.2021 00:49:16.976,0.70403,0.70389,1.5,1
04.08.2021 00:49:17.077,0.70402,0.70389,1,1
04.08.2021 00:49:24.129,0.70402,0.7039000000000001,1,1
04.08.2021 00:49:25.711,0.70403,0.7039000000000001,1,1
04.08.2021 00:49:26.519,0.70401,0.70391,1,1.5
04.08.2021 00:49:26.722,0.70403,0.7039000000000001,1,1.5
04.08.2021 00:49:40.747,0.70402,0.70389,1,1.5
04.08.2021 00:49:40.848,0.70403,0.70389,1,1.5
04.08.2021 00:49:41.170,0.70401,0.7039000000000001,1,1.5
04.08.2021 00:49:46.357,0.70399,0.70386,3.37,2.25
04.08.2021 00:49:46.459,0.70397,0.70386,1,1
04.08.2021 00:49:47.430,0.70401,0.70392,1,1
04.08.2021 00:49:47.531,0.70404,0.7039300000000001,2.75,1
04.08.2021 00:49:47.633,0.70406,0.7039300000000001,1,1.25
04.08.2021 00:49:48.163,0.7040500000000001,0.7039500000000001,1,1
04.08.2021 00:49:52.897,0.70407,0.7039500000000001,1.12,1.69
04.08.2021 00:49:52.998,0.70409,0.70396,1.12,1
04.08.2021 00:49:59.740,0.70409,0.7039500000000001,3,1.69
04.08.2021 00:50:02.439,0.70407,0.70396,1,1.69
04.08.2021 00:50:02.795,0.70408,0.70394,1.5,1
04.08.2021 00:50:07.544,0.70407,0.70394,1,1
04.08.2021 00:50:22.286,0.70406,0.70394,1.12,1.69
04.08.2021 00:50:36.543,0.7040500000000001,0.7039300000000001,1,1
04.08.2021 00:50:41.154,0.70406,0.70394,1.12,1
04.08.2021 00:50:59.331,0.70407,0.70394,1.5,1
04.08.2021 00:51:53.813,0.7041000000000001,0.70396,2.19,1
04.08.2021 00:51:53.865,0.70412,0.70398,1.87,1.25
04.08.2021 00:51:53.915,0.70415,0.70402,1.62,1
04.08.2021 00:51:54.067,0.70415,0.70402,1.12,1
04.08.2021 00:51:57.093,0.70417,0.70403,1.5,1
04.08.2021 00:52:04.529,0.7041600000000001,0.70404,1.12,1
04.08.2021 00:52:12.607,0.70418,0.70406,1.12,1
04.08.2021 00:52:12.709,0.7042100000000001,0.70409,2.37,1
04.08.2021 00:52:12.810,0.7042200000000001,0.70409,1.5,1
04.08.2021 00:52:12.911,0.70423,0.7041000000000001,1.12,1
04.08.2021 00:52:13.012,0.70424,0.7041100000000001,1,1
04.08.2021 00:52:13.063,0.7042600000000001,0.70413,1,1
04.08.2021 00:52:13.214,0.7042700000000001,0.70413,2.25,1
04.08.2021 00:52:15.331,0.7042600000000001,0.70413,1.87,2.25
04.08.2021 00:52:18.909,0.70425,0.7041000000000001,1,1.87
04.08.2021 00:52:19.010,0.7042600000000001,0.7041100000000001,1.5,1
04.08.2021 00:52:21.188,0.70425,0.70413,1,1
04.08.2021 00:52:34.118,0.70424,0.70413,1.5,1.5
04.08.2021 00:52:34.169,0.7042600000000001,0.70412,1.5,1.5
04.08.2021 00:52:36.245,0.7042700000000001,0.70412,1.87,2.25
04.08.2021 00:52:40.773,0.7042600000000001,0.70414,1.12,1
04.08.2021 00:52:43.678,0.70428,0.70413,2,4.06
04.08.2021 00:52:43.780,0.7043,0.70417,1.5,1
04.08.2021 00:52:43.881,0.7043100000000001,0.70418,1.5,2.25
04.08.2021 00:52:43.982,0.7043200000000001,0.70418,1.12,1
04.08.2021 00:52:44.083,0.70433,0.7042100000000001,1,1
04.08.2021 00:52:44.235,0.70435,0.7042,1.5,2.25
04.08.2021 00:52:45.116,0.70434,0.7042,1,1.5
04.08.2021 00:52:51.893,0.7043100000000001,0.7042,1.5,1
04.08.2021 00:52:51.944,0.7043,0.70418,1,1
04.08.2021 00:52:51.995,0.7043200000000001,0.70418,1.12,1.5
04.08.2021 00:52:52.097,0.70433,0.70419,1,1
04.08.2021 00:52:52.249,0.70434,0.7042100000000001,1.5,1.5
04.08.2021 00:52:52.578,0.7043100000000001,0.7042,1.5,1
04.08.2021 00:52:52.780,0.70434,0.7042,1,2.44
04.08.2021 00:52:55.194,0.70434,0.7042,3.12,2.25
04.08.2021 00:52:55.397,0.70434,0.7042,1,1.25
04.08.2021 00:52:56.234,0.70434,0.70419,1.5,2.44
04.08.2021 00:53:01.731,0.70433,0.70419,1,1
04.08.2021 00:53:10.423,0.7043200000000001,0.70419,1,1
04.08.2021 00:53:40.359,0.7042600000000001,0.70414,1,2.62
04.08.2021 00:53:40.460,0.70424,0.70415,1,1.87
04.08.2021 00:53:40.612,0.7042600000000001,0.70414,1,1
04.08.2021 00:53:40.713,0.7042600000000001,0.70413,1,1.69
04.08.2021 00:53:48.409,0.7042700000000001,0.70418,1,1
04.08.2021 00:53:48.459,0.7043100000000001,0.70418,1,1.5
04.08.2021 00:53:48.510,0.70433,0.7042200000000001,1,2.25
04.08.2021 00:53:48.612,0.70434,0.70423,1.12,1
04.08.2021 00:53:48.713,0.70435,0.7042100000000001,1.12,2.25
04.08.2021 00:53:49.167,0.70434,0.70423,1.12,1.5
04.08.2021 00:53:49.268,0.70435,0.7042200000000001,2.12,1
04.08.2021 00:53:49.369,0.7043,0.7042200000000001,1,1.5
04.08.2021 00:53:49.420,0.7043,0.70418,1.5,1
04.08.2021 00:53:49.521,0.70428,0.70415,1,2.44
04.08.2021 00:53:49.623,0.7042700000000001,0.70415,1,1
04.08.2021 00:53:49.916,0.7042700000000001,0.70413,1,2.06
04.08.2021 00:54:03.109,0.7042600000000001,0.70413,1,1
04.08.2021 00:54:14.764,0.70425,0.70413,1,1
04.08.2021 00:54:15.475,0.7042100000000001,0.70409,4,1
04.08.2021 00:54:15.576,0.7042100000000001,0.70409,1.69,1
04.08.2021 00:54:15.728,0.7042,0.70409,1.69,1
04.08.2021 00:54:16.031,0.7042,0.70408,1.5,1
04.08.2021 00:54:16.184,0.7042100000000001,0.70408,1.5,1
04.08.2021 00:54:36.180,0.70418,0.70406,1,1.5
04.08.2021 00:54:36.282,0.7041600000000001,0.70403,1,1
04.08.2021 00:54:38.166,0.7041600000000001,0.70403,1.25,1
04.08.2021 00:54:40.277,0.70412,0.7040000000000001,1,1.5
04.08.2021 00:54:40.379,0.70409,0.70399,1,1.12
04.08.2021 00:54:40.530,0.7041000000000001,0.70397,1,1.69
04.08.2021 00:54:41.161,0.70407,0.7039500000000001,1,1
04.08.2021 00:54:42.078,0.70406,0.70394,1,1
04.08.2021 00:54:43.586,0.7040500000000001,0.7039300000000001,1,1
04.08.2021 00:54:43.637,0.70407,0.7039300000000001,1.69,1
04.08.2021 00:54:44.786,0.70408,0.7039300000000001,1.5,1.69
04.08.2021 00:54:44.887,0.70407,0.7039500000000001,1.5,1
04.08.2021 00:54:44.988,0.70407,0.70394,1,1
04.08.2021 00:54:46.237,0.7040500000000001,0.70394,1,1
04.08.2021 00:54:46.292,0.70407,0.7039300000000001,1.25,1.5
04.08.2021 00:54:50.504,0.70403,0.7039300000000001,1,1
04.08.2021 00:54:50.605,0.70404,0.7039300000000001,1,1
04.08.2021 00:54:50.706,0.7040500000000001,0.7039300000000001,1.25,1
04.08.2021 00:54:51.243,0.70406,0.7039300000000001,1.69,1
04.08.2021 00:54:52.988,0.70406,0.70394,1.5,1
04.08.2021 00:54:53.890,0.7040500000000001,0.70394,1,1.5
04.08.2021 00:54:56.790,0.70407,0.70396,1,1
04.08.2021 00:54:56.840,0.7041000000000001,0.70398,1.69,1
04.08.2021 00:54:56.992,0.7041100000000001,0.7040000000000001,1.25,1
04.08.2021 00:54:57.244,0.70413,0.70399,1.25,1
04.08.2021 00:55:00.083,0.70413,0.7040000000000001,1.25,1
04.08.2021 00:55:00.134,0.7041000000000001,0.7039500000000001,1.25,1.5
04.08.2021 00:55:00.185,0.7041000000000001,0.70398,1.5,1
04.08.2021 00:55:00.286,0.7041100000000001,0.70399,1,1
04.08.2021 00:55:00.438,0.70412,0.70399,1,1
04.08.2021 00:55:00.640,0.70407,0.7039500000000001,1,1
04.08.2021 00:55:00.742,0.70406,0.7039500000000001,1,1
04.08.2021 00:55:01.620,0.7041100000000001,0.7040000000000001,2.75,1.5
04.08.2021 00:55:01.721,0.70413,0.70404,1,1
04.08.2021 00:55:01.822,0.7041600000000001,0.70403,2.19,1
04.08.2021 00:55:01.923,0.7041600000000001,0.70403,1.5,1
04.08.2021 00:55:03.949,0.70415,0.70402,1,1
04.08.2021 00:55:04.000,0.70412,0.70402,1.94,1
04.08.2021 00:55:04.101,0.7041000000000001,0.70398,2.5,1
04.08.2021 00:55:04.152,0.70409,0.70396,1.25,1
04.08.2021 00:55:04.203,0.70407,0.7039500000000001,1,1.5
04.08.2021 00:55:04.405,0.70406,0.7039500000000001,1,1.5
04.08.2021 00:55:19.036,0.70407,0.7039300000000001,1,1
04.08.2021 00:55:24.851,0.70406,0.7039300000000001,1,1
04.08.2021 00:55:26.887,0.70406,0.70392,1,1
04.08.2021 00:55:40.084,0.7040500000000001,0.70394,1,1
04.08.2021 00:55:45.428,0.70406,0.70394,1,1
04.08.2021 00:55:45.956,0.70406,0.7039300000000001,1,1
04.08.2021 00:56:31.182,0.70406,0.70394,1,1
04.08.2021 00:56:32.748,0.70407,0.70394,1,1
04.08.2021 00:56:33.078,0.70407,0.7039300000000001,1,1.5
04.08.2021 00:56:33.240,0.70407,0.70394,1,1
04.08.2021 00:56:35.719,0.70408,0.70396,1,1
04.08.2021 00:56:35.770,0.7041000000000001,0.70397,1,1
04.08.2021 00:56:35.872,0.7041100000000001,0.70398,1.12,1
04.08.2021 00:56:36.074,0.70412,0.70398,1,1
04.08.2021 00:56:36.730,0.70413,0.70399,1,2
04.08.2021 00:56:36.781,0.7041600000000001,0.70402,1.5,1
04.08.2021 00:56:36.882,0.7041600000000001,0.70403,1,1
04.08.2021 00:57:02.196,0.70419,0.70407,1,1
04.08.2021 00:57:02.297,0.70423,0.70408,4.81,1
04.08.2021 00:57:02.398,0.70424,0.70408,4.37,1
04.08.2021 00:57:09.301,0.70423,0.70409,2.44,1.5
04.08.2021 00:57:09.402,0.70425,0.70409,2.12,1
04.08.2021 00:57:09.503,0.70425,0.70409,1.87,1
04.08.2021 00:57:10.974,0.70424,0.7041000000000001,2.87,1.5
04.08.2021 00:57:11.983,0.70424,0.7041000000000001,2.44,1
04.08.2021 00:57:13.865,0.70424,0.70408,1,1.5
04.08.2021 00:57:13.967,0.70424,0.70409,1,1
04.08.2021 00:57:14.998,0.70424,0.7041000000000001,1.25,1.5
04.08.2021 00:57:15.658,0.70424,0.70409,1,1.5
04.08.2021 00:57:17.199,0.7042600000000001,0.7041100000000001,1.87,1.5
04.08.2021 00:57:17.300,0.70425,0.70413,1,1
04.08.2021 00:57:21.929,0.7042600000000001,0.70413,1,1
04.08.2021 00:57:26.635,0.7042600000000001,0.70412,1,1.5
04.08.2021 00:57:30.158,0.7042100000000001,0.7041000000000001,1.37,1
04.08.2021 00:57:30.208,0.7042200000000001,0.7041000000000001,1.75,1
04.08.2021 00:57:30.259,0.7042200000000001,0.70407,1.75,2.62
04.08.2021 00:57:30.977,0.7042200000000001,0.70407,1.25,1.62
04.08.2021 00:57:31.455,0.7042100000000001,0.70408,1.25,1
04.08.2021 00:57:31.851,0.7042200000000001,0.70407,1,1
04.08.2021 00:57:32.367,0.7042100000000001,0.70406,1,1.5
04.08.2021 00:57:38.631,0.70419,0.70406,1,1.5
04.08.2021 00:57:38.682,0.70417,0.70403,1,1.87
04.08.2021 00:57:44.597,0.7041600000000001,0.70403,1.5,1.12
04.08.2021 00:57:49.726,0.70418,0.70403,1.12,1
04.08.2021 00:57:49.777,0.70417,0.70404,1,1.5
04.08.2021 00:57:49.983,0.70417,0.70403,1,1.12
04.08.2021 00:57:50.375,0.7041600000000001,0.70402,1,1.25
04.08.2021 00:58:00.805,0.7041600000000001,0.70401,1.25,1.87
04.08.2021 00:58:03.441,0.7041600000000001,0.70402,1.25,1
04.08.2021 00:58:05.191,0.7041600000000001,0.70403,1,1
04.08.2021 00:58:16.287,0.70415,0.70403,1,2.06
04.08.2021 00:58:37.519,0.7041600000000001,0.70401,1.5,1.5
04.08.2021 00:59:13.367,0.70415,0.70401,1.5,1
04.08.2021 00:59:28.667,0.70414,0.70399,1.5,1.5
04.08.2021 00:59:29.406,0.70412,0.70399,1,1.5
04.08.2021 00:59:45.120,0.70412,0.70398,1,1
04.08.2021 00:59:46.293,0.70407,0.7039300000000001,1,1
04.08.2021 00:59:46.394,0.70406,0.7039300000000001,1,1
04.08.2021 00:59:46.648,0.7040500000000001,0.7039300000000001,1,1.5
04.08.2021 00:59:49.521,0.70408,0.70396,1.12,1
04.08.2021 00:59:50.047,0.7041100000000001,0.70396,1.5,1
04.08.2021 00:59:51.875,0.7041000000000001,0.70396,1,1
04.08.2021 00:59:53.099,0.7041000000000001,0.70398,1,1
04.08.2021 00:59:55.127,0.7041000000000001,0.70399,1.5,1
04.08.2021 00:59:57.309,0.70412,0.70398,2.25,1
04.08.2021 00:59:59.722,0.70414,0.70402,1.5,1
04.08.2021 00:59:59.823,0.70413,0.70404,1.5,1
04.08.2021 01:00:03.235,0.70414,0.70404,1,1
04.08.2021 01:00:03.301,0.7041600000000001,0.7040500000000001,1,1
04.08.2021 01:00:04.916,0.7041600000000001,0.70404,1,1
04.08.2021 01:00:08.198,0.7041600000000001,0.70402,1,1
04.08.2021 01:00:10.556,0.70417,0.7041000000000001,1.5,1
04.08.2021 01:00:10.607,0.7042100000000001,0.7041100000000001,2.25,1
04.08.2021 01:00:10.708,0.7042600000000001,0.7041100000000001,2.19,1
04.08.2021 01:00:10.759,0.7042700000000001,0.70413,1,1
04.08.2021 01:00:10.860,0.7043,0.70415,1.69,1
04.08.2021 01:00:10.961,0.7043100000000001,0.7041600000000001,1.87,1
04.08.2021 01:00:13.202,0.7043100000000001,0.70417,1.5,1
04.08.2021 01:00:16.579,0.7043100000000001,0.70418,1,1
04.08.2021 01:00:20.176,0.70433,0.70419,1,1
04.08.2021 01:00:20.277,0.70433,0.70424,1,1
04.08.2021 01:00:20.378,0.70435,0.70423,1,1
04.08.2021 01:00:20.479,0.70437,0.70425,1.12,1
04.08.2021 01:00:20.580,0.7043600000000001,0.70425,1,1
04.08.2021 01:00:20.681,0.70435,0.70425,1,1
04.08.2021 01:00:21.566,0.7043600000000001,0.70423,1,1.5
04.08.2021 01:00:22.283,0.70437,0.70423,1,1.5
04.08.2021 01:00:22.990,0.7043600000000001,0.70423,1,1.5
04.08.2021 01:00:23.301,0.70437,0.70423,1,1.5
04.08.2021 01:00:23.673,0.7043600000000001,0.70423,1,1
04.08.2021 01:00:24.156,0.7043600000000001,0.70424,1,1
04.08.2021 01:00:24.257,0.7043600000000001,0.70425,1,1
04.08.2021 01:00:24.833,0.7043600000000001,0.70424,1,1
04.08.2021 01:00:25.162,0.70437,0.70424,1,1
04.08.2021 01:00:25.569,0.7043600000000001,0.70424,1.5,1
04.08.2021 01:00:33.417,0.70437,0.7042200000000001,1.5,1.5
04.08.2021 01:00:33.825,0.7043600000000001,0.7042200000000001,1,1
04.08.2021 01:00:42.952,0.70434,0.70423,1,1
04.08.2021 01:00:43.104,0.70435,0.70423,2.25,1
04.08.2021 01:00:43.212,0.70435,0.7042200000000001,1,1
04.08.2021 01:00:45.245,0.7043600000000001,0.7042200000000001,2,1
04.08.2021 01:00:45.347,0.7042600000000001,0.70415,1,2.75
04.08.2021 01:00:45.500,0.7042600000000001,0.70413,1,1.69
04.08.2021 01:00:49.691,0.7042600000000001,0.70412,1,1.69
04.08.2021 01:01:11.996,0.7042200000000001,0.70408,1,2
04.08.2021 01:01:12.097,0.7042200000000001,0.7041100000000001,1.75,2.25
04.08.2021 01:01:12.198,0.70424,0.7041100000000001,1.75,1
04.08.2021 01:01:12.249,0.70424,0.7041100000000001,1.25,1
04.08.2021 01:01:15.464,0.70425,0.7041100000000001,1.75,1
04.08.2021 01:01:21.501,0.70424,0.70414,1.25,1
04.08.2021 01:01:40.952,0.70424,0.70413,1.25,1
04.08.2021 01:01:54.822,0.7042200000000001,0.70414,1.25,1
04.08.2021 01:01:55.689,0.70423,0.70412,1.25,1
04.08.2021 01:01:59.492,0.70424,0.70412,1.69,1
04.08.2021 01:02:01.559,0.70423,0.70414,1.69,1
04.08.2021 01:02:18.837,0.70424,0.70412,1.69,1
04.08.2021 01:02:20.319,0.70418,0.7041100000000001,1.25,1.5
04.08.2021 01:02:20.370,0.70417,0.70408,1.25,2.44
04.08.2021 01:02:20.472,0.70417,0.70406,2.5,1.5
04.08.2021 01:02:20.573,0.70417,0.70406,2.5,1
04.08.2021 01:02:20.739,0.7041600000000001,0.70404,1.25,1
04.08.2021 01:02:22.959,0.70415,0.70402,1,1
04.08.2021 01:02:24.842,0.70415,0.70401,1.25,1.5
04.08.2021 01:02:24.943,0.70414,0.7040000000000001,1.69,1.5
04.08.2021 01:02:25.096,0.70414,0.70401,1.25,1
04.08.2021 01:02:28.544,0.70415,0.70401,1.25,1.5
04.08.2021 01:02:30.101,0.70415,0.70402,1,1.1
04.08.2021 01:02:30.203,0.7041600000000001,0.70403,1.12,1
04.08.2021 01:02:31.094,0.70415,0.70402,1,1.57
04.08.2021 01:02:31.195,0.7041600000000001,0.70403,1,1
04.08.2021 01:02:33.907,0.7041600000000001,0.70403,1.75,1
04.08.2021 01:02:34.009,0.70415,0.70401,1.25,1.6
04.08.2021 01:02:34.111,0.70415,0.70401,1.31,1.5
04.08.2021 01:02:34.507,0.70415,0.70401,2.87,1
04.08.2021 01:02:45.647,0.70415,0.70401,1.5,1
04.08.2021 01:02:45.749,0.70415,0.70402,2.25,3.94
04.08.2021 01:02:45.861,0.7041600000000001,0.70402,1.5,1
04.08.2021 01:02:52.256,0.70415,0.70402,2.44,2.62
04.08.2021 01:02:52.357,0.70415,0.70401,1,1.87
04.08.2021 01:03:16.595,0.70415,0.70401,1,2.37
04.08.2021 01:03:17.556,0.70414,0.70402,1,1.5
04.08.2021 01:03:18.883,0.70415,0.70401,1,2.37
04.08.2021 01:03:21.866,0.70415,0.70401,1,1.5
04.08.2021 01:03:22.848,0.70415,0.70402,1,1
04.08.2021 01:03:24.261,0.70414,0.70402,1,1
04.08.2021 01:03:29.313,0.70414,0.70401,1,2.25
04.08.2021 01:03:34.419,0.70414,0.70402,1,1.87
04.08.2021 01:03:35.573,0.70413,0.7040000000000001,1.5,1
04.08.2021 01:03:35.674,0.7041100000000001,0.70398,1.5,1
04.08.2021 01:03:35.826,0.7041100000000001,0.70396,1.5,2.06
04.08.2021 01:03:43.986,0.7041100000000001,0.70397,1.5,1
04.08.2021 01:03:44.037,0.70414,0.70401,1.5,1
04.08.2021 01:03:49.350,0.70414,0.7040000000000001,1.5,1.5
04.08.2021 01:03:51.621,0.70413,0.70399,1,1
04.08.2021 01:03:51.733,0.70413,0.70398,1.5,2.25
04.08.2021 01:03:53.296,0.70412,0.70398,1,1.12
04.08.2021 01:04:00.982,0.70412,0.70397,1,1.87
04.08.2021 01:04:01.084,0.70414,0.70401,1,1
04.08.2021 01:04:04.846,0.70414,0.70402,1,1
04.08.2021 01:04:05.370,0.70415,0.70403,1,1.5
04.08.2021 01:04:10.146,0.70415,0.70404,1,1
04.08.2021 01:04:10.248,0.70417,0.70404,1,2.25
04.08.2021 01:04:10.479,0.70418,0.70404,1.5,3
04.08.2021 01:04:10.581,0.7042200000000001,0.7041000000000001,1,1
04.08.2021 01:04:10.683,0.70424,0.7041100000000001,1.5,1
04.08.2021 01:04:10.785,0.70424,0.7041100000000001,1,1
04.08.2021 01:04:13.416,0.70424,0.70412,1,1
04.08.2021 01:04:13.517,0.70425,0.70412,1,1
04.08.2021 01:04:14.520,0.7042600000000001,0.70412,2.25,1
04.08.2021 01:04:27.414,0.7042600000000001,0.70413,1.5,1
04.08.2021 01:04:31.762,0.7042600000000001,0.70412,2.25,1
04.08.2021 01:04:42.025,0.70424,0.7041100000000001,1,1.87
04.08.2021 01:04:42.278,0.7041600000000001,0.70408,1,1
04.08.2021 01:04:42.328,0.70414,0.70404,1,2.25
04.08.2021 01:04:42.430,0.70414,0.70403,1,1
04.08.2021 01:04:42.531,0.70418,0.70407,1.25,1
04.08.2021 01:04:42.682,0.70417,0.7040500000000001,1,1.31
04.08.2021 01:04:50.727,0.70418,0.7040500000000001,1.5,1
04.08.2021 01:05:05.378,0.70419,0.7040500000000001,1.5,1
04.08.2021 01:05:12.644,0.70417,0.70406,1,1
04.08.2021 01:05:39.698,0.7042100000000001,0.7041000000000001,1.12,1.87
04.08.2021 01:05:39.799,0.70423,0.7041000000000001,3.12,3.75
04.08.2021 01:05:39.901,0.70424,0.7041000000000001,2.37,1
04.08.2021 01:05:40.002,0.70424,0.7041000000000001,1.5,1
04.08.2021 01:05:40.103,0.70423,0.70412,1,1
04.08.2021 01:05:43.406,0.70424,0.7041000000000001,1.5,1.12
04.08.2021 01:05:46.004,0.70423,0.70412,1,1
04.08.2021 01:06:00.671,0.70425,0.70412,1,1
04.08.2021 01:06:01.612,0.70428,0.70415,1,1
04.08.2021 01:06:01.713,0.7043,0.7041600000000001,1.69,1
04.08.2021 01:06:07.312,0.70433,0.70419,1,3.37
04.08.2021 01:06:07.413,0.70434,0.7042,1.5,1.12
04.08.2021 01:06:09.788,0.7042700000000001,0.70417,2.44,1.5
04.08.2021 01:06:09.839,0.70424,0.70415,1.25,1.1
04.08.2021 01:06:09.890,0.7042600000000001,0.70413,1.5,1
04.08.2021 01:06:09.941,0.7042600000000001,0.7041100000000001,3.25,2.25
04.08.2021 01:06:10.490,0.7042200000000001,0.7041000000000001,1.25,1
04.08.2021 01:06:10.592,0.70417,0.70403,1,3.5
04.08.2021 01:06:10.693,0.7041600000000001,0.70403,1,1
04.08.2021 01:06:11.176,0.7041600000000001,0.70402,1,1.12
04.08.2021 01:06:18.062,0.70415,0.70402,1.69,1.87
04.08.2021 01:06:22.031,0.70413,0.70401,1,1.87
04.08.2021 01:06:22.837,0.7041600000000001,0.70401,2.56,1.87
04.08.2021 01:06:23.838,0.70415,0.70401,1,1.87
04.08.2021 01:06:24.778,0.7041600000000001,0.70401,2.19,1.87
04.08.2021 01:06:37.134,0.7041600000000001,0.70402,1,1.5
04.08.2021 01:06:37.185,0.7041600000000001,0.7040500000000001,1.12,1
04.08.2021 01:06:43.688,0.70418,0.70404,1.5,1
04.08.2021 01:06:44.691,0.70417,0.70404,1,1
04.08.2021 01:06:55.413,0.70418,0.7040500000000001,1,1
04.08.2021 01:06:58.020,0.70419,0.7040500000000001,2.25,1
04.08.2021 01:07:00.344,0.70417,0.70406,1,1
04.08.2021 01:07:25.569,0.70417,0.7040500000000001,1,1
04.08.2021 01:07:44.542,0.70415,0.70402,1.5,1.12
04.08.2021 01:07:44.593,0.70413,0.7040000000000001,1.69,2
04.08.2021 01:07:44.695,0.70412,0.7040000000000001,1,1.5
04.08.2021 01:07:44.796,0.70414,0.7040000000000001,1,1.5
04.08.2021 01:07:48.391,0.70414,0.7040000000000001,1,1.12
04.08.2021 01:07:49.368,0.70414,0.70401,2.44,1.12
04.08.2021 01:08:02.302,0.70406,0.70399,1.75,1.87
04.08.2021 01:08:02.403,0.7040500000000001,0.7039300000000001,1,1.5
04.08.2021 01:08:02.454,0.70404,0.70391,4,1.5
04.08.2021 01:08:02.556,0.7040500000000001,0.7039000000000001,3.25,1.5
04.08.2021 01:08:03.892,0.7040500000000001,0.7039000000000001,3.25,1.12
04.08.2021 01:08:22.076,0.7040500000000001,0.7039000000000001,2.25,1
04.08.2021 01:08:23.551,0.7040500000000001,0.70391,1.5,1.12
04.08.2021 01:08:25.033,0.70406,0.70391,2.25,1.12
04.08.2021 01:08:26.526,0.70406,0.70392,1,2.25
04.08.2021 01:08:26.963,0.70406,0.7039300000000001,1,1.12
04.08.2021 01:08:27.093,0.70407,0.7039300000000001,1,1.12
04.08.2021 01:08:30.188,0.70406,0.7039300000000001,1,1.12
04.08.2021 01:08:30.240,0.70404,0.70392,1,1.12
04.08.2021 01:08:42.790,0.70404,0.70391,1,1.12
04.08.2021 01:09:20.286,0.70403,0.70394,1,1
04.08.2021 01:09:20.538,0.70404,0.70391,1,1.12
04.08.2021 01:09:52.274,0.70406,0.7039300000000001,1,1
04.08.2021 01:09:54.635,0.70406,0.70394,1,1
04.08.2021 01:09:55.202,0.70407,0.70394,1.25,1
04.08.2021 01:09:56.309,0.70409,0.7039500000000001,1.69,1
04.08.2021 01:09:56.410,0.7041000000000001,0.70396,1.69,1
04.08.2021 01:10:01.656,0.7041000000000001,0.70397,1,1
04.08.2021 01:10:07.774,0.70413,0.70402,3.19,1
04.08.2021 01:10:10.157,0.70414,0.70402,1.25,1
04.08.2021 01:10:16.351,0.70415,0.70402,1.69,1
04.08.2021 01:10:24.060,0.70417,0.70409,1,1.87
04.08.2021 01:10:24.110,0.7042200000000001,0.70409,1.5,2.25
04.08.2021 01:10:24.161,0.70423,0.70412,1.12,1
04.08.2021 01:10:24.263,0.70423,0.70413,1,1
04.08.2021 01:10:24.576,0.70423,0.70412,1,1
04.08.2021 01:10:24.677,0.70423,0.70413,1,1
04.08.2021 01:10:28.954,0.70423,0.70414,1,1.25
04.08.2021 01:10:29.055,0.70425,0.70413,1,1.25
04.08.2021 01:10:29.156,0.70425,0.70413,1,1.75
04.08.2021 01:10:29.308,0.70429,0.7041600000000001,1.5,1.25
04.08.2021 01:10:29.409,0.7043,0.7041600000000001,1.5,1.69
04.08.2021 01:10:36.378,0.70429,0.7041600000000001,1,1.5
04.08.2021 01:10:36.819,0.70428,0.7041600000000001,1,1
04.08.2021 01:10:38.092,0.7042600000000001,0.70413,1,1.87
04.08.2021 01:10:43.545,0.70424,0.70414,1,1.5
04.08.2021 01:10:45.515,0.7042700000000001,0.70413,1.5,1.5
04.08.2021 01:10:50.415,0.70424,0.70412,1.25,1
04.08.2021 01:10:50.566,0.70423,0.70412,1,1
04.08.2021 01:10:50.617,0.70423,0.7041000000000001,1,1.69
04.08.2021 01:10:59.326,0.70423,0.7041100000000001,1,4.75
04.08.2021 01:10:59.428,0.70424,0.7041100000000001,1,1.94
04.08.2021 01:10:59.530,0.70424,0.70412,1,3.25
04.08.2021 01:10:59.631,0.70425,0.70413,1.25,1
04.08.2021 01:10:59.732,0.70424,0.70412,1,1
04.08.2021 01:11:12.862,0.7042200000000001,0.7041000000000001,3.94,1
04.08.2021 01:11:12.963,0.7042,0.70409,1.69,1.12
04.08.2021 01:11:24.026,0.7042200000000001,0.70409,2.19,1.69
04.08.2021 01:11:26.396,0.70423,0.70408,1.31,1.69
04.08.2021 01:11:32.920,0.7042100000000001,0.70409,1,1.69
04.08.2021 01:11:37.587,0.70419,0.70406,2.62,1.5
04.08.2021 01:11:54.365,0.7042,0.70409,1.69,2.62
04.08.2021 01:11:54.416,0.70423,0.7041000000000001,1.5,1.69
04.08.2021 01:11:54.568,0.70423,0.7041000000000001,1,1.69
04.08.2021 01:12:22.856,0.7042100000000001,0.70409,1,1
04.08.2021 01:12:31.315,0.70418,0.70408,1,2.5
04.08.2021 01:12:31.366,0.70418,0.70406,1,1
04.08.2021 01:12:31.632,0.70423,0.7041100000000001,2.37,1
04.08.2021 01:12:31.733,0.70424,0.7041100000000001,1.69,1.5
04.08.2021 01:12:31.834,0.70423,0.7041100000000001,1,1
04.08.2021 01:12:31.935,0.7042200000000001,0.7041100000000001,1.25,1.5
04.08.2021 01:12:37.185,0.7042200000000001,0.7041000000000001,2.44,2.62
04.08.2021 01:12:37.236,0.7042100000000001,0.70409,1,1.12
04.08.2021 01:12:39.119,0.7042200000000001,0.7041000000000001,1,1
04.08.2021 01:12:39.169,0.70424,0.7041100000000001,2.81,1
04.08.2021 01:12:41.386,0.70424,0.70412,1,2.44
04.08.2021 01:12:41.488,0.7042700000000001,0.70413,2.94,1
04.08.2021 01:12:41.589,0.7042700000000001,0.70413,1.87,2.5
04.08.2021 01:12:46.630,0.70428,0.70414,1.5,1.69
04.08.2021 01:12:49.212,0.70425,0.70415,1,1.25
04.08.2021 01:12:52.557,0.7042600000000001,0.70413,1,2.44
04.08.2021 01:13:03.171,0.7042700000000001,0.70413,2.25,1.69
04.08.2021 01:13:05.373,0.7042600000000001,0.70415,1.5,1
04.08.2021 01:13:05.525,0.70428,0.70417,1.5,1
04.08.2021 01:13:05.627,0.7043,0.7041600000000001,1.12,2.25
04.08.2021 01:13:05.930,0.7043,0.70417,1,1
04.08.2021 01:13:10.546,0.7043100000000001,0.70417,2.25,1.5
04.08.2021 01:13:11.702,0.7042700000000001,0.70417,1,1.5
04.08.2021 01:13:15.009,0.7042600000000001,0.7041600000000001,1,1.12
04.08.2021 01:13:15.162,0.7042600000000001,0.70414,1,1.5
04.08.2021 01:13:20.221,0.70425,0.70414,1,1.5
04.08.2021 01:13:22.241,0.7042600000000001,0.70414,1,1.5
04.08.2021 01:13:25.728,0.70425,0.70414,1,1.5
04.08.2021 01:13:27.728,0.7042600000000001,0.70414,1,1.5
04.08.2021 01:13:31.177,0.7042700000000001,0.70414,1.5,1.5
04.08.2021 01:13:40.050,0.7042600000000001,0.70414,1,1
04.08.2021 01:14:00.224,0.70424,0.70412,1,1.25
04.08.2021 01:14:01.806,0.70424,0.7041100000000001,1,1
04.08.2021 01:14:03.346,0.7042100000000001,0.70412,1,1
04.08.2021 01:14:03.397,0.7042200000000001,0.70409,1,1.69
04.08.2021 01:14:12.886,0.7042200000000001,0.70409,1,2.12
04.08.2021 01:14:16.252,0.70423,0.70412,1,1
04.08.2021 01:14:23.337,0.70425,0.70412,1,1.5
04.08.2021 01:14:25.855,0.70425,0.70412,1,2.19
04.08.2021 01:14:26.854,0.7042700000000001,0.70414,1.12,1.25
04.08.2021 01:14:27.005,0.7042700000000001,0.70415,1,1.25
04.08.2021 01:14:32.571,0.7042600000000001,0.70413,1,1.31
04.08.2021 01:14:32.673,0.70425,0.70413,1,2.06
04.08.2021 01:14:56.161,0.7043,0.7041600000000001,1.5,2.25
04.08.2021 01:14:56.263,0.70429,0.70414,1,3.62
04.08.2021 01:14:59.127,0.70429,0.70414,1,2.06
04.08.2021 01:15:00.518,0.7043200000000001,0.70419,1,1.25
04.08.2021 01:15:00.620,0.70433,0.7042100000000001,1,1
04.08.2021 01:15:07.975,0.70433,0.7042,1,1
04.08.2021 01:15:08.077,0.7043200000000001,0.7042,1,1
04.08.2021 01:15:08.178,0.7043100000000001,0.7042,1,1
04.08.2021 01:15:10.543,0.7043100000000001,0.70419,1,1.25
04.08.2021 01:15:22.089,0.7043200000000001,0.70419,1,2.87
04.08.2021 01:15:30.418,0.7043100000000001,0.7042,1,2.06
04.08.2021 01:15:34.747,0.7042600000000001,0.70417,1,1.69
04.08.2021 01:15:34.848,0.70425,0.70412,1.5,2.25
04.08.2021 01:15:34.949,0.70424,0.70412,1,1.75
04.08.2021 01:15:35.454,0.70424,0.7041000000000001,1.5,3
04.08.2021 01:15:35.736,0.70424,0.7041000000000001,1.5,2.25
04.08.2021 01:15:39.732,0.70424,0.70413,1,1
04.08.2021 01:15:45.200,0.70424,0.70412,1,1
04.08.2021 01:15:46.763,0.70424,0.70413,1,1.5
04.08.2021 01:15:48.617,0.70428,0.70419,1,1
04.08.2021 01:15:48.668,0.7043100000000001,0.7042,1,1
04.08.2021 01:15:48.769,0.7043200000000001,0.7042100000000001,1,1
04.08.2021 01:15:51.597,0.70434,0.70423,1.5,3.25
04.08.2021 01:15:51.698,0.7044,0.70429,2.75,1
04.08.2021 01:15:51.750,0.7044,0.7043,2.25,1
04.08.2021 01:15:51.852,0.70442,0.7043,1.25,1
04.08.2021 01:15:52.467,0.7044,0.7043100000000001,1,1.5
04.08.2021 01:15:55.082,0.7044100000000001,0.7043200000000001,1,1
04.08.2021 01:16:01.281,0.7044100000000001,0.7043100000000001,1,1
04.08.2021 01:16:01.698,0.70442,0.70433,1,1.69
04.08.2021 01:16:01.749,0.70445,0.70437,1,1
04.08.2021 01:16:01.850,0.70445,0.70435,1,1.5
04.08.2021 01:16:02.769,0.70445,0.70433,1,1.5
04.08.2021 01:16:05.720,0.70445,0.70434,1,1
04.08.2021 01:16:06.024,0.70444,0.70434,1,1
04.08.2021 01:16:06.125,0.70444,0.7043200000000001,1,1.25
04.08.2021 01:16:06.227,0.70443,0.7043100000000001,1,1.87
04.08.2021 01:16:06.743,0.70443,0.7043,1,2.25
04.08.2021 01:16:07.207,0.70438,0.7043,1,2.62
04.08.2021 01:16:07.308,0.70437,0.7042700000000001,1,1.5
04.08.2021 01:16:07.409,0.70437,0.7042700000000001,1,1.25
04.08.2021 01:16:07.460,0.70439,0.7042700000000001,1,1.25
04.08.2021 01:16:10.969,0.70439,0.70429,1,1
04.08.2021 01:16:11.020,0.7044100000000001,0.70429,1,1.87
04.08.2021 01:16:11.222,0.7044100000000001,0.70429,1,1.5
04.08.2021 01:16:11.323,0.7044,0.70429,1,1
04.08.2021 01:16:11.424,0.7044,0.7042600000000001,1,4.5
04.08.2021 01:16:11.525,0.70439,0.7042600000000001,1,3
04.08.2021 01:16:11.626,0.70439,0.7043,1,1.5
04.08.2021 01:16:11.728,0.7044100000000001,0.70429,1,1.31
04.08.2021 01:16:18.579,0.7044,0.7042700000000001,1.5,1.25
04.08.2021 01:16:18.680,0.70439,0.7042700000000001,1,1.25
04.08.2021 01:16:18.932,0.70438,0.7042700000000001,1,1.25
04.08.2021 01:16:22.850,0.70435,0.70423,1,3.85
04.08.2021 01:16:22.951,0.7043600000000001,0.70424,1.5,2.12
04.08.2021 01:16:23.102,0.70434,0.70424,1,4.5
04.08.2021 01:16:25.480,0.70435,0.70423,1.5,1.87
04.08.2021 01:16:25.581,0.70433,0.70423,1,1
04.08.2021 01:16:25.733,0.70434,0.70423,1.5,1
04.08.2021 01:16:25.783,0.70433,0.7042200000000001,1.5,1.75
04.08.2021 01:16:29.283,0.70434,0.7042100000000001,1.5,1.25
04.08.2021 01:16:38.035,0.70433,0.7042200000000001,1,2.12
04.08.2021 01:16:38.136,0.70435,0.7042200000000001,1.5,1.69
04.08.2021 01:16:48.945,0.70434,0.7042200000000001,1,1
04.08.2021 01:16:54.310,0.7043600000000001,0.7042200000000001,1.5,2.44
04.08.2021 01:16:58.284,0.70435,0.7042200000000001,1.5,1.12
04.08.2021 01:16:58.386,0.7043600000000001,0.70423,1.5,1.5
04.08.2021 01:16:59.626,0.70437,0.70423,1,2.44
04.08.2021 01:17:00.255,0.70435,0.70424,1,1.69
04.08.2021 01:17:04.519,0.70438,0.70425,1.5,1
04.08.2021 01:17:05.030,0.70439,0.70428,1.5,1
04.08.2021 01:17:05.859,0.70439,0.7042700000000001,1,1
04.08.2021 01:17:06.266,0.7044,0.7042700000000001,1.5,1
04.08.2021 01:17:06.530,0.70439,0.7042700000000001,1,1
04.08.2021 01:17:08.163,0.70438,0.70425,1,1
04.08.2021 01:17:08.315,0.70435,0.70423,1,2.37
04.08.2021 01:17:08.416,0.70435,0.70423,1,1
04.08.2021 01:17:10.973,0.70434,0.70423,1.5,1
04.08.2021 01:17:15.548,0.70434,0.70424,1,1
04.08.2021 01:17:15.649,0.7043600000000001,0.70424,1,1
04.08.2021 01:17:16.687,0.7043600000000001,0.70423,1.5,1.12
04.08.2021 01:17:16.788,0.70435,0.70423,1,1.12
04.08.2021 01:17:33.139,0.70437,0.70424,1,1.25
04.08.2021 01:17:33.240,0.70439,0.70425,1.12,1.25
04.08.2021 01:17:33.683,0.7043600000000001,0.70423,1.5,1.5
04.08.2021 01:17:33.885,0.7043600000000001,0.70423,1.5,1
04.08.2021 01:17:39.017,0.70435,0.7042200000000001,1,1.5
04.08.2021 01:17:50.092,0.7043600000000001,0.7042200000000001,1.5,2.44
04.08.2021 01:17:50.352,0.7043600000000001,0.70423,1.5,1
04.08.2021 01:18:01.515,0.70435,0.70425,1.5,1
04.08.2021 01:18:01.667,0.7043600000000001,0.70423,1.5,1.5
04.08.2021 01:18:04.070,0.70438,0.70424,1.5,1.69
04.08.2021 01:18:04.121,0.7044,0.7042600000000001,1.5,1
04.08.2021 01:18:09.169,0.7044100000000001,0.7042700000000001,1,1.5
04.08.2021 01:18:10.055,0.7044,0.7043,1,1
04.08.2021 01:18:10.106,0.70444,0.7043,1.5,1
04.08.2021 01:18:10.609,0.70445,0.7043,2.25,1.5
04.08.2021 01:18:12.511,0.70443,0.7043,2.25,3.5
04.08.2021 01:18:12.613,0.70443,0.70429,1,1.12
04.08.2021 01:18:14.104,0.70444,0.7043100000000001,1,1
04.08.2021 01:18:14.205,0.70447,0.70434,1,1
04.08.2021 01:18:14.306,0.7044800000000001,0.70434,1.5,1.25
04.08.2021 01:18:14.408,0.7045,0.7044,1.87,1
04.08.2021 01:18:14.509,0.7045300000000001,0.70439,2,2.81
04.08.2021 01:18:14.610,0.7045300000000001,0.70439,1.5,2.44
04.08.2021 01:18:14.940,0.70455,0.7044,1.69,1
04.08.2021 01:18:18.564,0.70455,0.70442,1,1.12
04.08.2021 01:18:18.665,0.7045600000000001,0.7044100000000001,1.5,1.25
04.08.2021 01:18:18.766,0.70455,0.70444,1.5,2.5
04.08.2021 01:18:18.817,0.7045600000000001,0.70442,1.25,1.12
04.08.2021 01:18:18.918,0.7045600000000001,0.7044100000000001,1.69,1.31
04.08.2021 01:18:19.019,0.7045600000000001,0.70443,1.5,2.5
04.08.2021 01:18:19.120,0.7045600000000001,0.70444,1,1.25
04.08.2021 01:18:20.864,0.7045800000000001,0.70444,1.5,4
04.08.2021 01:18:34.510,0.7045600000000001,0.70443,1.25,2.44
04.08.2021 01:18:34.611,0.7045399999999999,0.70442,1.25,2
04.08.2021 01:18:34.713,0.7045600000000001,0.70443,2.25,2.5
04.08.2021 01:18:35.068,0.7045600000000001,0.70444,1,1.75
04.08.2021 01:18:46.755,0.7045600000000001,0.70445,1,1.25
04.08.2021 01:18:57.371,0.7045600000000001,0.70445,1,1.25
04.08.2021 01:18:57.674,0.7045600000000001,0.70444,1,3.37
04.08.2021 01:18:57.776,0.70455,0.70443,1.25,1
04.08.2021 01:18:57.877,0.7045399999999999,0.70442,1.69,1
04.08.2021 01:18:57.978,0.7045399999999999,0.70445,1,1.25
04.08.2021 01:19:01.286,0.70459,0.70447,1,1.5
04.08.2021 01:19:01.337,0.7046100000000001,0.7044800000000001,1,1
04.08.2021 01:19:01.439,0.7046100000000001,0.70449,1.5,1.5
04.08.2021 01:19:01.540,0.7046,0.70449,1,1.12
04.08.2021 01:19:02.703,0.70462,0.7044800000000001,2.25,1.12
04.08.2021 01:19:03.007,0.70462,0.70449,1.5,1
04.08.2021 01:19:03.667,0.7046,0.70447,1,2.75
04.08.2021 01:19:04.907,0.70462,0.7044800000000001,1.5,5.06
04.08.2021 01:19:05.008,0.70462,0.7045100000000001,1.5,1
04.08.2021 01:19:05.109,0.7046300000000001,0.7045,1.5,3.94
04.08.2021 01:19:05.210,0.7046300000000001,0.70449,1.5,5.4
04.08.2021 01:19:17.109,0.70462,0.7045100000000001,1.5,1.25
04.08.2021 01:19:17.210,0.7046100000000001,0.7045100000000001,1,1.25
04.08.2021 01:19:17.914,0.7046300000000001,0.7045,1.5,1.69
04.08.2021 01:19:18.168,0.70465,0.7045100000000001,1.5,1
04.08.2021 01:19:30.189,0.70465,0.70452,1.69,1
04.08.2021 01:19:30.240,0.70465,0.7045399999999999,1,1.5
04.08.2021 01:19:30.341,0.7046600000000001,0.7045399999999999,1,2.44
04.08.2021 01:19:30.442,0.7046600000000001,0.70455,1,1.5
04.08.2021 01:19:30.573,0.7046600000000001,0.7045399999999999,1,2.44
04.08.2021 01:19:33.313,0.7046600000000001,0.7045399999999999,1,3.25
04.08.2021 01:19:33.673,0.7046600000000001,0.7045600000000001,1,1
04.08.2021 01:19:40.884,0.7046600000000001,0.70455,1,1.25
04.08.2021 01:19:41.476,0.7046600000000001,0.7045600000000001,1,1.5
04.08.2021 01:19:45.980,0.70467,0.7045600000000001,1,1.5
04.08.2021 01:19:51.037,0.7046600000000001,0.7045600000000001,1,2.44
04.08.2021 01:19:52.106,0.70467,0.70455,1,1.75
04.08.2021 01:19:54.610,0.70467,0.70455,1,1.25
04.08.2021 01:19:54.712,0.7046600000000001,0.7045600000000001,1,3.25
04.08.2021 01:20:11.442,0.70467,0.70455,1,1.25
04.08.2021 01:20:12.720,0.7046600000000001,0.7045600000000001,1,1.75
04.08.2021 01:20:12.822,0.70467,0.70455,1,1.31
04.08.2021 01:20:21.216,0.70469,0.7045800000000001,1,1
04.08.2021 01:20:21.267,0.7047100000000001,0.7045800000000001,2.06,1
04.08.2021 01:20:21.419,0.70472,0.70459,3.25,1
04.08.2021 01:20:21.740,0.7047300000000001,0.7046100000000001,1.69,1
04.08.2021 01:20:21.942,0.70472,0.7046,1,1
04.08.2021 01:20:25.775,0.7047300000000001,0.7046,2.44,1
04.08.2021 01:20:26.055,0.70469,0.70457,1.25,1.5
04.08.2021 01:20:26.258,0.70469,0.70457,1.69,1
04.08.2021 01:20:28.349,0.7047300000000001,0.7046,2.06,1
04.08.2021 01:20:30.830,0.70472,0.7046,1,1
04.08.2021 01:20:30.932,0.70472,0.7046100000000001,1,1
04.08.2021 01:20:35.637,0.7047300000000001,0.7046100000000001,1.25,1
04.08.2021 01:20:44.836,0.7047100000000001,0.70459,1.25,1
04.08.2021 01:20:44.938,0.7047100000000001,0.7045800000000001,1.25,1
04.08.2021 01:20:45.039,0.7047300000000001,0.7046100000000001,1,1
04.08.2021 01:20:45.190,0.7047300000000001,0.7046300000000001,1,2.25
04.08.2021 01:20:45.241,0.70475,0.7046300000000001,1.5,2.25
04.08.2021 01:20:45.342,0.70474,0.70465,1,1.5
04.08.2021 01:20:45.444,0.70475,0.70465,1.25,2.25
04.08.2021 01:20:46.063,0.70476,0.70465,1.25,1
04.08.2021 01:20:46.114,0.70474,0.70465,4.19,1
04.08.2021 01:20:46.165,0.7047300000000001,0.70462,1,1.25
04.08.2021 01:20:46.266,0.70472,0.7046100000000001,1.69,1.87
04.08.2021 01:20:46.368,0.7047300000000001,0.70464,1,1.5
04.08.2021 01:20:46.469,0.70474,0.70464,1.25,2.25
04.08.2021 01:21:09.018,0.70476,0.70465,1.5,1
04.08.2021 01:21:09.119,0.70475,0.70465,1.5,2.25
04.08.2021 01:21:09.341,0.7048,0.70467,1.5,2.44
04.08.2021 01:21:09.442,0.70479,0.7046600000000001,1,2.81
04.08.2021 01:21:09.543,0.7048,0.70467,1.69,1.12
04.08.2021 01:21:09.594,0.70481,0.70469,1,1.5
04.08.2021 01:21:10.408,0.70482,0.70469,1.69,1
04.08.2021 01:21:10.510,0.70479,0.7046600000000001,2.5,3.5
04.08.2021 01:21:10.612,0.70477,0.70465,1,1
04.08.2021 01:21:10.764,0.70481,0.7046800000000001,2,2.44
04.08.2021 01:21:10.865,0.70481,0.70469,1,1
04.08.2021 01:21:28.489,0.70482,0.70469,1.69,1.87
04.08.2021 01:21:28.868,0.7048,0.7046800000000001,1,1
04.08.2021 01:21:28.969,0.7047800000000001,0.7046600000000001,1,2
04.08.2021 01:21:29.071,0.7047800000000001,0.7046600000000001,1,1.5
04.08.2021 01:21:30.427,0.7047800000000001,0.70465,1.25,2.25
04.08.2021 01:21:40.732,0.70475,0.7046300000000001,1,1.12
04.08.2021 01:21:41.153,0.70474,0.7046300000000001,1.25,1.5
04.08.2021 01:21:45.447,0.70477,0.7046800000000001,1.5,1
04.08.2021 01:21:45.599,0.7047800000000001,0.7046600000000001,1.5,1
04.08.2021 01:21:46.006,0.70477,0.7046600000000001,1.5,1.12
04.08.2021 01:21:47.429,0.70477,0.70464,1,2.75
04.08.2021 01:21:49.977,0.70476,0.70465,1.5,1.5
04.08.2021 01:21:51.448,0.70476,0.70464,1,1.5
04.08.2021 01:22:00.645,0.70477,0.70464,1,1
04.08.2021 01:22:04.393,0.70477,0.7046600000000001,1,1
04.08.2021 01:22:04.495,0.70477,0.70465,1,1
04.08.2021 01:22:22.291,0.7047800000000001,0.70465,1,1.5
04.08.2021 01:22:22.392,0.70477,0.70467,1,1
04.08.2021 01:22:22.927,0.70479,0.7046600000000001,1,1.5
04.08.2021 01:22:24.346,0.70479,0.70467,1,1
04.08.2021 01:22:24.448,0.7048300000000001,0.7047300000000001,1,1
04.08.2021 01:22:24.549,0.70484,0.7047300000000001,1.12,1
04.08.2021 01:22:24.650,0.70486,0.70474,1,1.5
04.08.2021 01:22:24.852,0.7048500000000001,0.70474,1,1
04.08.2021 01:22:26.489,0.7048500000000001,0.7047300000000001,1,1
04.08.2021 01:22:29.686,0.7048300000000001,0.70474,1,1
04.08.2021 01:22:29.838,0.7048300000000001,0.7047300000000001,1.75,1
04.08.2021 01:22:32.855,0.70484,0.7047300000000001,1.25,1
04.08.2021 01:22:34.972,0.70484,0.7047300000000001,3.25,1
04.08.2021 01:22:35.261,0.70481,0.70469,2.5,1
04.08.2021 01:22:35.362,0.70477,0.7046600000000001,1,1.5
04.08.2021 01:22:35.463,0.70477,0.70465,1,1
04.08.2021 01:22:39.630,0.70479,0.7046600000000001,1,1
04.08.2021 01:22:39.680,0.70479,0.7046800000000001,1,1
04.08.2021 01:22:39.781,0.70482,0.7047,1.5,1
04.08.2021 01:22:39.883,0.70482,0.7047,1,1
04.08.2021 01:22:41.593,0.7048300000000001,0.7047,1.25,1.5
04.08.2021 01:22:58.632,0.70484,0.7047,1.5,3.94
04.08.2021 01:22:58.733,0.7048500000000001,0.7047100000000001,2.44,1.5
04.08.2021 01:23:00.442,0.70484,0.7047100000000001,1,1.5
04.08.2021 01:23:00.720,0.7048500000000001,0.70472,1,2.25
04.08.2021 01:23:00.821,0.70487,0.7047300000000001,1.69,2.25
04.08.2021 01:23:01.521,0.70486,0.7047300000000001,1,2.62
04.08.2021 01:23:03.452,0.70486,0.70477,1,1
04.08.2021 01:23:03.502,0.70489,0.70476,1.25,1.5
04.08.2021 01:23:03.553,0.7048800000000001,0.70475,3.25,1.5
04.08.2021 01:23:03.655,0.7048500000000001,0.7047300000000001,1,2.25
04.08.2021 01:23:06.660,0.7048500000000001,0.70472,1.25,1.5
04.08.2021 01:23:06.710,0.70484,0.7047,1.25,2.62
04.08.2021 01:23:11.867,0.70482,0.7047,1,1.12
04.08.2021 01:23:14.657,0.70482,0.70469,1.25,1.87
04.08.2021 01:23:14.973,0.7048,0.70467,1.69,1.5
04.08.2021 01:23:15.024,0.70479,0.70467,1,1
04.08.2021 01:23:15.344,0.7047800000000001,0.70467,1,1.5
04.08.2021 01:23:16.531,0.70479,0.70465,1.69,2.62
04.08.2021 01:23:17.820,0.70479,0.7046600000000001,1,1
04.08.2021 01:23:23.840,0.70479,0.70467,1,1
04.08.2021 01:23:25.864,0.7048300000000001,0.7047,1,1.5
04.08.2021 01:23:25.965,0.70484,0.7047100000000001,1.5,1.5
04.08.2021 01:23:28.500,0.70484,0.7047100000000001,4,1
04.08.2021 01:23:28.601,0.70484,0.7047,2.44,1.87
04.08.2021 01:23:28.703,0.70484,0.7047100000000001,2.44,1
04.08.2021 01:23:34.492,0.7048500000000001,0.70472,1.25,1
04.08.2021 01:23:41.246,0.7048500000000001,0.7047100000000001,1.25,1
04.08.2021 01:23:48.389,0.70484,0.70474,1.25,1
04.08.2021 01:24:02.565,0.70486,0.7047300000000001,1.5,1
04.08.2021 01:24:02.666,0.70487,0.7047300000000001,1.87,1.5
04.08.2021 01:24:03.175,0.70486,0.7047300000000001,1,1.5
04.08.2021 01:24:06.500,0.7048500000000001,0.7047300000000001,1,1
04.08.2021 01:24:20.945,0.70486,0.7047300000000001,1.69,1.5
04.08.2021 01:24:20.996,0.7048800000000001,0.70477,1,1.5
04.08.2021 01:24:21.097,0.70489,0.70477,1,1
04.08.2021 01:24:21.202,0.70489,0.70476,1.69,1
04.08.2021 01:24:22.355,0.70489,0.70475,2.44,1
04.08.2021 01:24:24.906,0.70486,0.7047300000000001,1,1.5
04.08.2021 01:24:24.956,0.70486,0.70472,2.44,1
04.08.2021 01:24:25.058,0.7048500000000001,0.7047100000000001,1.69,1.5
04.08.2021 01:24:25.260,0.7048500000000001,0.70472,1,1
04.08.2021 01:24:26.310,0.70486,0.7047300000000001,1.69,1
04.08.2021 01:24:27.950,0.7048500000000001,0.7047300000000001,1.25,1
04.08.2021 01:24:32.827,0.7048500000000001,0.70474,1.69,1
04.08.2021 01:24:39.432,0.70484,0.70472,1,1
04.08.2021 01:24:40.293,0.70484,0.7047100000000001,1,1.12
04.08.2021 01:24:47.886,0.7048500000000001,0.7047100000000001,1.69,1.5
04.08.2021 01:24:47.987,0.7048500000000001,0.70472,1.5,1
04.08.2021 01:24:48.089,0.70486,0.7047300000000001,1,1
04.08.2021 01:24:49.397,0.7049000000000001,0.70477,1.69,1
04.08.2021 01:24:49.498,0.70492,0.70479,1.5,2.62
04.08.2021 01:24:53.951,0.70492,0.7048,1,2.62
04.08.2021 01:24:54.065,0.7049300000000001,0.7048,1,1
04.08.2021 01:24:58.545,0.70494,0.7048,1.69,1.5
04.08.2021 01:24:59.003,0.70492,0.7048,1,1
04.08.2021 01:24:59.105,0.70492,0.70479,2.12,1.12
04.08.2021 01:24:59.206,0.70492,0.7048,1.75,2.62
04.08.2021 01:25:00.032,0.7049300000000001,0.7048,1.25,1
04.08.2021 01:25:04.025,0.70494,0.7048300000000001,2.87,1
04.08.2021 01:25:04.540,0.7049300000000001,0.7048,4.37,1.5
04.08.2021 01:25:04.591,0.70489,0.7048,1.25,1.5
04.08.2021 01:25:04.693,0.7049000000000001,0.7047800000000001,1.25,1
04.08.2021 01:25:04.996,0.7049000000000001,0.70477,1.25,1
04.08.2021 01:25:14.807,0.70491,0.70477,2.87,1
04.08.2021 01:25:28.458,0.70489,0.70477,1,1
04.08.2021 01:25:28.559,0.70486,0.70475,1.25,1.5
04.08.2021 01:25:28.660,0.70486,0.70475,1.75,1.5
04.08.2021 01:25:31.036,0.7048500000000001,0.70475,1.75,1
04.08.2021 01:25:31.138,0.70484,0.70474,1.25,1.5
04.08.2021 01:25:32.768,0.7048500000000001,0.7047300000000001,1.31,1.5
04.08.2021 01:25:41.605,0.7048,0.7047300000000001,1.5,1
04.08.2021 01:25:41.656,0.70481,0.70469,1.5,1
04.08.2021 01:25:43.592,0.70479,0.70467,1.69,1
04.08.2021 01:25:43.694,0.70479,0.70467,4,1
04.08.2021 01:25:44.870,0.70477,0.7046600000000001,1.25,1
04.08.2021 01:25:44.921,0.70477,0.70464,1.25,1
04.08.2021 01:25:45.073,0.7047800000000001,0.7046600000000001,5.62,1
04.08.2021 01:25:45.174,0.7047800000000001,0.70467,3.87,1
04.08.2021 01:25:46.492,0.7048,0.70467,2.19,1
04.08.2021 01:25:46.593,0.70481,0.7046800000000001,1.75,1
04.08.2021 01:25:46.694,0.70481,0.70469,1.25,1
04.08.2021 01:25:51.221,0.70482,0.70469,1.31,1
04.08.2021 01:25:51.272,0.7048300000000001,0.70472,1,1
04.08.2021 01:25:51.373,0.70484,0.70474,1.75,1
04.08.2021 01:25:51.425,0.7048500000000001,0.7047300000000001,1.25,1
04.08.2021 01:25:55.228,0.7048500000000001,0.7047300000000001,3.62,1
04.08.2021 01:26:00.444,0.70486,0.7047300000000001,3.25,1
04.08.2021 01:26:05.132,0.7048500000000001,0.7047300000000001,1.25,1
04.08.2021 01:26:05.234,0.70484,0.70472,1,1
04.08.2021 01:26:05.335,0.7048500000000001,0.70472,1.69,1
04.08.2021 01:26:05.920,0.7048500000000001,0.70472,1.75,1
04.08.2021 01:26:14.106,0.70484,0.70472,1.75,1
04.08.2021 01:26:17.600,0.70484,0.70472,1.69,1
04.08.2021 01:26:28.462,0.70484,0.7047300000000001,1.69,1
04.08.2021 01:26:29.215,0.7048300000000001,0.70475,1.25,1
04.08.2021 01:26:30.731,0.70484,0.7047300000000001,1.25,1
04.08.2021 01:26:45.072,0.70484,0.70472,1.25,1
04.08.2021 01:26:54.122,0.7048500000000001,0.70472,1,1.5
04.08.2021 01:27:03.602,0.70484,0.70474,1.25,1
04.08.2021 01:27:08.562,0.70484,0.7047300000000001,1.25,1.5
04.08.2021 01:27:18.553,0.7048500000000001,0.7047300000000001,1.25,1.5
04.08.2021 01:27:19.924,0.70487,0.7047300000000001,2.62,1.5
04.08.2021 01:27:20.026,0.70486,0.7047300000000001,1.25,1.5
04.08.2021 01:27:20.429,0.7048500000000001,0.7047300000000001,1.25,1.5
04.08.2021 01:27:26.730,0.7048500000000001,0.7047300000000001,1.25,1.5
04.08.2021 01:27:39.017,0.70484,0.70474,1.25,1
04.08.2021 01:27:39.169,0.70486,0.7047300000000001,1.12,1.5
04.08.2021 01:27:46.772,0.70486,0.70476,1,1
04.08.2021 01:27:46.823,0.70489,0.70477,1.81,1
04.08.2021 01:27:46.924,0.70492,0.7047800000000001,3.55,2.25
04.08.2021 01:27:47.025,0.7049000000000001,0.7047800000000001,1.25,1
04.08.2021 01:27:50.827,0.70489,0.7047800000000001,2.5,1
04.08.2021 01:27:50.878,0.7048800000000001,0.70475,1.25,1.5
04.08.2021 01:27:50.929,0.70487,0.7047300000000001,1.25,4.12
04.08.2021 01:28:17.602,0.7049000000000001,0.70477,4.31,1
04.08.2021 01:28:17.704,0.70491,0.7047800000000001,2.25,1
04.08.2021 01:28:18.357,0.7049300000000001,0.70481,1.12,1
04.08.2021 01:28:22.593,0.70489,0.70482,1,1
04.08.2021 01:28:22.643,0.7048800000000001,0.70475,1,3.5
04.08.2021 01:28:22.796,0.7048800000000001,0.70475,2.06,1
04.08.2021 01:28:26.554,0.7048800000000001,0.7047300000000001,2.81,3
04.08.2021 01:28:29.116,0.7048800000000001,0.70474,2.06,1
04.08.2021 01:28:31.935,0.70487,0.70475,2.87,1
04.08.2021 01:28:32.099,0.70486,0.70474,1.25,1.5
04.08.2021 01:28:35.635,0.7048800000000001,0.7047300000000001,2.62,2.25
04.08.2021 01:28:35.736,0.7048800000000001,0.70474,1.87,1
04.08.2021 01:28:39.875,0.7048800000000001,0.7047300000000001,3.19,2.25
04.08.2021 01:28:39.977,0.7048800000000001,0.7047300000000001,3.25,2.25
04.08.2021 01:28:51.180,0.70486,0.7047300000000001,1,2.25
04.08.2021 01:28:54.183,0.70486,0.70474,1.69,1
04.08.2021 01:29:10.588,0.70486,0.7047300000000001,1,1.5
04.08.2021 01:29:10.841,0.70486,0.70474,1.12,2.25
04.08.2021 01:29:13.159,0.70486,0.7047300000000001,1.87,2.25
04.08.2021 01:29:28.299,0.70487,0.7047300000000001,1,1
04.08.2021 01:29:28.400,0.70487,0.70472,1,1.87
04.08.2021 01:29:39.078,0.70489,0.7047100000000001,1,2
04.08.2021 01:29:40.328,0.7048800000000001,0.70474,1.62,3
04.08.2021 01:29:40.429,0.7049300000000001,0.70475,3.37,1.87
04.08.2021 01:29:40.530,0.70492,0.7047300000000001,1,3.5
04.08.2021 01:29:42.934,0.7049000000000001,0.70472,1,1
04.08.2021 01:29:43.035,0.7049000000000001,0.7047100000000001,1.5,2.25
04.08.2021 01:29:43.579,0.70489,0.7047,1.12,3.75
04.08.2021 01:29:44.104,0.7048800000000001,0.70472,1,1
04.08.2021 01:29:45.218,0.70489,0.7047,1.12,2.25
04.08.2021 01:29:46.619,0.70487,0.7047100000000001,1,2.25
04.08.2021 01:29:46.670,0.70486,0.7047300000000001,1,1
04.08.2021 01:29:46.779,0.70487,0.70474,1.5,1
04.08.2021 01:29:47.067,0.70489,0.70474,1,1
04.08.2021 01:29:47.320,0.7049300000000001,0.7047800000000001,1.87,1
04.08.2021 01:29:47.472,0.7049000000000001,0.70476,1,1.5
04.08.2021 01:29:47.624,0.7049000000000001,0.70475,1,1
04.08.2021 01:29:48.170,0.7048800000000001,0.7047300000000001,1,1
04.08.2021 01:29:53.585,0.70487,0.70472,1,1
04.08.2021 01:29:56.077,0.70486,0.7047100000000001,1,1
04.08.2021 01:29:56.189,0.7048500000000001,0.7047,1,1
04.08.2021 01:29:58.050,0.70479,0.70469,1,1
04.08.2021 01:29:58.151,0.70476,0.70464,1,2.62
04.08.2021 01:29:58.202,0.70475,0.7045800000000001,1,1.3
04.08.2021 01:29:58.303,0.70474,0.70459,1,1
04.08.2021 01:29:58.407,0.70476,0.7045800000000001,1,1
04.08.2021 01:30:00.669,0.70476,0.70457,1,2
04.08.2021 01:30:00.720,0.7047800000000001,0.7046100000000001,1,1.5
04.08.2021 01:30:00.822,0.70476,0.7046300000000001,1,1
04.08.2021 01:30:00.973,0.7048,0.70467,1.5,1
04.08.2021 01:30:01.126,0.7048,0.7046600000000001,1,1
04.08.2021 01:30:02.462,0.7048,0.70467,1.5,1
04.08.2021 01:30:03.439,0.70481,0.70467,1,1
04.08.2021 01:30:03.490,0.7048500000000001,0.7047,1,1
04.08.2021 01:30:10.384,0.70484,0.70469,1,1.5
04.08.2021 01:30:10.788,0.7048500000000001,0.7047,1,1
04.08.2021 01:30:10.889,0.70486,0.7047100000000001,1,1
04.08.2021 01:30:14.889,0.70486,0.70472,1,1
04.08.2021 01:30:15.048,0.70489,0.70475,1,1
04.08.2021 01:30:15.102,0.70491,0.70476,1.69,1
04.08.2021 01:30:16.540,0.7049000000000001,0.70476,2.25,1
04.08.2021 01:30:16.591,0.70486,0.70472,1,1.12
04.08.2021 01:30:18.451,0.70486,0.7047300000000001,1.69,1
04.08.2021 01:30:28.519,0.70486,0.70472,1,1.5
04.08.2021 01:30:45.545,0.7048500000000001,0.7047100000000001,1.25,1
04.08.2021 01:30:45.646,0.70486,0.7047100000000001,3.25,1.5
04.08.2021 01:30:45.747,0.70486,0.70472,2.06,1
04.08.2021 01:30:46.069,0.70489,0.70477,1.5,1
04.08.2021 01:30:46.170,0.70491,0.7047800000000001,1.75,1
04.08.2021 01:30:46.272,0.70491,0.7047800000000001,1.25,1
04.08.2021 01:30:51.052,0.70492,0.70481,1,1
04.08.2021 01:30:51.154,0.70494,0.70481,2.44,1
04.08.2021 01:30:51.513,0.70494,0.70481,2.5,1
04.08.2021 01:31:04.648,0.70491,0.7048,1.25,1
04.08.2021 01:31:04.749,0.70491,0.7047800000000001,1.25,1
04.08.2021 01:31:04.938,0.70491,0.70477,1.25,1
04.08.2021 01:31:09.148,0.70492,0.7047800000000001,1.25,1
04.08.2021 01:31:12.328,0.70492,0.7047800000000001,1.75,1
04.08.2021 01:31:12.378,0.70487,0.70474,1,1
04.08.2021 01:31:12.480,0.70487,0.7047300000000001,1.5,1.5
04.08.2021 01:31:18.336,0.70486,0.7047300000000001,1.25,1
04.08.2021 01:31:18.642,0.7048500000000001,0.7047300000000001,1.25,1
04.08.2021 01:31:22.947,0.70487,0.70472,2.81,2.25
04.08.2021 01:31:23.518,0.70487,0.70472,2.87,2.25
04.08.2021 01:31:25.365,0.70486,0.70474,2.12,1
04.08.2021 01:31:40.963,0.7048500000000001,0.7047300000000001,1.75,1
04.08.2021 01:31:41.065,0.70486,0.7047300000000001,1.31,1
04.08.2021 01:31:46.582,0.7048500000000001,0.7047300000000001,1.25,1.5
04.08.2021 01:31:47.184,0.70479,0.70469,1,1.12
04.08.2021 01:31:47.235,0.70484,0.7047300000000001,1.5,1
04.08.2021 01:31:47.337,0.70486,0.70472,1.69,1
04.08.2021 01:31:47.438,0.70486,0.7047100000000001,1.69,2.25
04.08.2021 01:31:47.590,0.7048500000000001,0.7047100000000001,1,2.25
04.08.2021 01:31:47.741,0.7048500000000001,0.7047300000000001,1.69,1
04.08.2021 01:31:51.635,0.70487,0.70474,1.5,1
04.08.2021 01:31:51.837,0.7048800000000001,0.70474,1.87,1
04.08.2021 01:31:54.078,0.70487,0.70474,1.87,2.25
04.08.2021 01:31:55.326,0.70487,0.70475,1.87,1
04.08.2021 01:32:00.029,0.7049000000000001,0.70477,2,1
04.08.2021 01:32:00.080,0.70489,0.7047800000000001,1,1
04.08.2021 01:32:00.181,0.70491,0.70477,2.06,1
04.08.2021 01:32:00.577,0.70491,0.7047800000000001,1.31,1
04.08.2021 01:32:04.461,0.7049000000000001,0.70477,1,1
04.08.2021 01:32:05.452,0.70491,0.7047800000000001,1.31,1
04.08.2021 01:32:09.057,0.70492,0.70481,1.12,1
04.08.2021 01:32:12.895,0.7049300000000001,0.70479,1,1
04.08.2021 01:32:20.636,0.70489,0.7047800000000001,2.75,1.69
04.08.2021 01:32:20.687,0.7048800000000001,0.70474,1,2.25
04.08.2021 01:32:20.788,0.70489,0.70475,3,1
04.08.2021 01:32:21.030,0.70489,0.70475,3.12,1
04.08.2021 01:32:22.947,0.7048800000000001,0.70474,1.87,1.5
04.08.2021 01:32:24.666,0.7048800000000001,0.70475,1.12,1
04.08.2021 01:32:32.918,0.7048800000000001,0.7047800000000001,1.12,1
04.08.2021 01:32:35.492,0.7048800000000001,0.70475,1.12,1
04.08.2021 01:32:44.115,0.7048800000000001,0.70474,1.87,1.5
04.08.2021 01:32:47.761,0.7048800000000001,0.70474,2,1.5
04.08.2021 01:32:49.518,0.7048800000000001,0.70475,1,1.69
04.08.2021 01:32:49.619,0.70489,0.70476,2.62,1
04.08.2021 01:32:49.720,0.70489,0.70475,4.12,1
04.08.2021 01:32:49.821,0.7048800000000001,0.70476,4.62,1
04.08.2021 01:32:50.919,0.70487,0.70475,1.5,1.5
04.08.2021 01:32:54.383,0.70487,0.70474,1,1
04.08.2021 01:32:55.502,0.70486,0.70474,1,1
04.08.2021 01:33:01.395,0.70486,0.70472,1,2.25
04.08.2021 01:33:01.985,0.7048500000000001,0.70474,1,1
04.08.2021 01:33:02.774,0.70487,0.7047300000000001,1,1.5
04.08.2021 01:33:05.495,0.70486,0.70474,1.25,2.25
04.08.2021 01:33:11.544,0.70486,0.7047300000000001,1.25,2.25
04.08.2021 01:33:11.595,0.70487,0.7047300000000001,1.25,2.25
04.08.2021 01:33:23.092,0.70487,0.70474,1.12,1
04.08.2021 01:33:23.193,0.70487,0.7047800000000001,1,1
04.08.2021 01:33:23.295,0.70494,0.70481,1.75,1
04.08.2021 01:33:23.396,0.70494,0.70481,1.25,1
04.08.2021 01:33:24.952,0.7049500000000001,0.70484,1.5,1.5
04.08.2021 01:33:25.003,0.70497,0.7048500000000001,3,1.5
04.08.2021 01:33:37.422,0.70496,0.70484,1.12,1.5
04.08.2021 01:33:44.173,0.70497,0.7048300000000001,1.25,1.5
04.08.2021 01:33:46.517,0.70497,0.7048300000000001,2.5,1.5
04.08.2021 01:33:47.594,0.7049300000000001,0.70482,1.87,1
04.08.2021 01:33:47.645,0.7049300000000001,0.70479,3.62,2.25
04.08.2021 01:33:47.695,0.70491,0.7047800000000001,1.25,1.12
04.08.2021 01:33:47.796,0.70491,0.70477,2.12,1.5
04.08.2021 01:33:47.898,0.70494,0.70482,2.25,2.25
04.08.2021 01:33:47.999,0.70494,0.7048300000000001,1.75,1
04.08.2021 01:33:48.100,0.7049500000000001,0.70481,2.25,2.25
04.08.2021 01:33:49.810,0.7049500000000001,0.70482,1.25,1
04.08.2021 01:33:55.917,0.7049500000000001,0.7048300000000001,1.25,1
04.08.2021 01:33:59.747,0.7049500000000001,0.70482,1.25,1
04.08.2021 01:34:07.353,0.7049500000000001,0.70481,1.25,1.5
04.08.2021 01:34:23.112,0.7049500000000001,0.70482,1.25,1
04.08.2021 01:34:23.752,0.70496,0.70482,3.62,1
04.08.2021 01:34:34.664,0.7049500000000001,0.70482,1.75,1
04.08.2021 01:34:35.492,0.7049500000000001,0.70482,1.25,1.5
04.08.2021 01:34:41.675,0.7049500000000001,0.7048300000000001,1.25,1
04.08.2021 01:34:43.403,0.70496,0.70484,3.75,1
04.08.2021 01:34:50.934,0.70496,0.70482,1.25,2.25
04.08.2021 01:34:51.828,0.70496,0.70482,1.25,2.25
04.08.2021 01:34:56.397,0.70496,0.70482,1.25,1.5
04.08.2021 01:35:15.091,0.7049500000000001,0.70482,1.25,1.5
04.08.2021 01:35:31.436,0.7049300000000001,0.70481,1.75,1
04.08.2021 01:35:31.487,0.70494,0.70481,1.31,1.5
04.08.2021 01:35:34.077,0.7049500000000001,0.70481,3,2.25
04.08.2021 01:35:34.257,0.7049500000000001,0.70481,2.5,2.25
04.08.2021 01:35:35.860,0.7049500000000001,0.70482,2.5,1
04.08.2021 01:35:36.193,0.7049300000000001,0.70481,1.37,1
04.08.2021 01:35:36.395,0.7049300000000001,0.70482,1.25,1
04.08.2021 01:35:36.649,0.70491,0.70481,2.5,1
04.08.2021 01:35:36.868,0.70491,0.70481,2.5,1
04.08.2021 01:35:36.969,0.7049000000000001,0.7048,2.5,1
04.08.2021 01:35:37.071,0.70491,0.70476,2.5,2.25
04.08.2021 01:35:39.170,0.70491,0.70477,2.87,1
04.08.2021 01:35:41.634,0.70491,0.70477,2.87,1
04.08.2021 01:35:41.836,0.7048800000000001,0.70477,3.25,1
04.08.2021 01:35:41.987,0.70487,0.70474,1.25,1
04.08.2021 01:35:42.381,0.70487,0.70474,2.12,1
04.08.2021 01:35:43.008,0.70487,0.70475,2.87,1
04.08.2021 01:35:43.216,0.70487,0.7047300000000001,2.87,1.5
04.08.2021 01:36:04.924,0.70487,0.70474,2.87,1
04.08.2021 01:36:08.631,0.70487,0.7047300000000001,2.87,1.5
04.08.2021 01:36:10.400,0.70487,0.70474,2.87,1
04.08.2021 01:36:12.489,0.70487,0.70475,2.12,1
04.08.2021 01:36:14.450,0.70487,0.70474,2.12,1
04.08.2021 01:36:17.772,0.70487,0.7047300000000001,2.12,1.5
04.08.2021 01:36:22.487,0.70486,0.70474,1.25,1
04.08.2021 01:36:24.515,0.70486,0.70474,1.75,1
04.08.2021 01:36:26.376,0.7048500000000001,0.70474,1.75,1.5
04.08.2021 01:36:31.013,0.70486,0.70474,1.75,1.5
04.08.2021 01:36:31.912,0.70486,0.7047300000000001,1.75,1.5
04.08.2021 01:36:32.172,0.7048300000000001,0.70472,1.25,1
04.08.2021 01:36:32.222,0.70484,0.70474,1.25,1
04.08.2021 01:36:32.324,0.70484,0.7047300000000001,1.75,1.5
04.08.2021 01:36:32.698,0.7048300000000001,0.7047300000000001,1.25,1.5
04.08.2021 01:36:33.368,0.7048300000000001,0.7047100000000001,1.75,1
04.08.2021 01:36:33.419,0.70482,0.70469,1.25,1.87
04.08.2021 01:36:33.521,0.70482,0.7046800000000001,1.75,2.37
04.08.2021 01:36:33.673,0.70481,0.70469,1.75,1.5
04.08.2021 01:36:33.723,0.70482,0.7047100000000001,1.75,1.5
04.08.2021 01:36:33.824,0.7048300000000001,0.7047100000000001,1.25,1
04.08.2021 01:36:34.384,0.70484,0.7047100000000001,1.25,1
04.08.2021 01:36:34.485,0.7048500000000001,0.70472,1,1
04.08.2021 01:36:39.549,0.70487,0.70472,2.06,2.25
04.08.2021 01:36:42.964,0.70486,0.7047300000000001,2.56,2.62
04.08.2021 01:36:43.015,0.7048500000000001,0.7047100000000001,2.56,1.5
04.08.2021 01:36:43.116,0.70484,0.7047300000000001,1.62,1
04.08.2021 01:36:43.217,0.7048500000000001,0.70472,1.12,1
04.08.2021 01:36:45.430,0.70486,0.70472,1.87,1
04.08.2021 01:36:52.958,0.70487,0.70472,1.87,2.62
04.08.2021 01:36:53.535,0.70486,0.70472,1,1.87
04.08.2021 01:36:55.869,0.70487,0.7047300000000001,1.12,1
04.08.2021 01:37:08.929,0.70489,0.70474,2,1.5
04.08.2021 01:37:10.108,0.70489,0.70474,1.5,1.5
04.08.2021 01:37:15.021,0.70489,0.70474,3.87,1.5
04.08.2021 01:37:15.571,0.7049000000000001,0.7047800000000001,1.12,1
04.08.2021 01:37:15.722,0.70491,0.7047800000000001,1,1
04.08.2021 01:37:19.546,0.70491,0.70479,1,1
04.08.2021 01:37:21.646,0.70491,0.7047800000000001,1,1
04.08.2021 01:37:29.471,0.7049000000000001,0.7048,1,1
04.08.2021 01:37:29.673,0.70492,0.7048,1.31,1
04.08.2021 01:37:30.665,0.70489,0.7048300000000001,1.25,1
04.08.2021 01:37:30.716,0.7049300000000001,0.7048300000000001,1,1
04.08.2021 01:37:30.767,0.70494,0.7048,1.25,1
04.08.2021 01:37:30.868,0.7049300000000001,0.70482,1.25,1
04.08.2021 01:37:31.719,0.70496,0.7048300000000001,1.75,1
04.08.2021 01:37:31.820,0.70496,0.7048300000000001,1.31,1
04.08.2021 01:37:32.291,0.70496,0.70484,1.31,1
04.08.2021 01:37:41.714,0.70496,0.7048500000000001,1.31,1
04.08.2021 01:37:50.880,0.70497,0.7048300000000001,1.31,1
04.08.2021 01:37:54.271,0.70494,0.70484,1,1
04.08.2021 01:37:56.477,0.70492,0.70481,1,1.12
04.08.2021 01:37:56.578,0.70492,0.7048,1,1.12
04.08.2021 01:37:56.987,0.70492,0.7048300000000001,1,1
04.08.2021 01:37:57.630,0.70492,0.70482,1,1
04.08.2021 01:37:58.905,0.70492,0.7048,1,1
04.08.2021 01:38:00.049,0.7049300000000001,0.70479,1.25,1
04.08.2021 01:38:00.151,0.7049300000000001,0.7048,1,1
04.08.2021 01:38:00.202,0.70496,0.70481,1.87,1
04.08.2021 01:38:00.253,0.70496,0.7048300000000001,1.12,1
04.08.2021 01:38:00.404,0.70496,0.70484,1.12,1
04.08.2021 01:38:02.842,0.70497,0.70484,1.12,1
04.08.2021 01:38:04.669,0.70497,0.7048300000000001,1.12,1.5
04.08.2021 01:38:06.160,0.70499,0.7048500000000001,1.12,1.5
04.08.2021 01:38:06.441,0.70499,0.70487,1.12,1
04.08.2021 01:38:06.897,0.7050000000000001,0.70487,1.87,1
04.08.2021 01:38:06.998,0.70502,0.70487,1.5,4
04.08.2021 01:38:07.099,0.70502,0.70487,1,4
04.08.2021 01:38:07.200,0.70502,0.70487,1,4.37
04.08.2021 01:38:07.352,0.70502,0.70489,1,1.25
04.08.2021 01:38:07.453,0.7050500000000001,0.70491,1.5,2.5
04.08.2021 01:38:07.554,0.70506,0.70492,1.6,1.25
04.08.2021 01:38:08.325,0.7050500000000001,0.70491,1.12,1.5
04.08.2021 01:38:12.448,0.70506,0.70491,2.07,2.5
04.08.2021 01:38:17.547,0.7050000000000001,0.70491,1,2.5
04.08.2021 01:38:17.598,0.70502,0.70491,1,1
04.08.2021 01:38:17.700,0.70503,0.70491,1,1
04.08.2021 01:38:17.802,0.70503,0.70489,1,1.25
04.08.2021 01:38:20.138,0.70503,0.7048800000000001,1,4
04.08.2021 01:38:21.675,0.70503,0.7048800000000001,1,3.75
04.08.2021 01:38:21.776,0.70503,0.7048800000000001,1,4
04.08.2021 01:38:21.950,0.70503,0.7049000000000001,1,1
04.08.2021 01:38:23.844,0.70502,0.70489,1,4
04.08.2021 01:38:28.059,0.70506,0.70491,2.7,1.75
04.08.2021 01:38:28.576,0.7050500000000001,0.70491,1,1.25
04.08.2021 01:38:28.728,0.70504,0.70491,1,2.44
04.08.2021 01:38:31.540,0.7050500000000001,0.70491,1,1
04.08.2021 01:38:35.831,0.7050500000000001,0.70492,1,1
04.08.2021 01:38:36.818,0.70506,0.70492,1.87,1.25
04.08.2021 01:38:36.920,0.70507,0.7049300000000001,1.5,1.25
04.08.2021 01:38:37.021,0.70506,0.70494,1,1.25
04.08.2021 01:38:45.887,0.70507,0.70494,1.5,1
04.08.2021 01:38:47.053,0.70507,0.7049300000000001,1.5,1.69
04.08.2021 01:38:54.619,0.70506,0.70492,1.39,1.5
04.08.2021 01:38:54.720,0.70506,0.70491,2.89,2.25
04.08.2021 01:38:58.580,0.70504,0.70492,1,1
04.08.2021 01:38:58.731,0.70504,0.70492,1,2.5
04.08.2021 01:38:59.605,0.7050500000000001,0.70491,1,1.5
04.08.2021 01:39:01.291,0.70504,0.70492,1,2.5
04.08.2021 01:39:01.392,0.70506,0.70492,1,1.25
04.08.2021 01:39:01.644,0.7050500000000001,0.70491,1,3.25
04.08.2021 01:39:06.146,0.70506,0.70492,1.57,1.25
04.08.2021 01:39:14.913,0.70507,0.70497,1.5,1.25
04.08.2021 01:39:15.014,0.7051000000000001,0.70497,2.25,1.25
04.08.2021 01:39:15.116,0.7051100000000001,0.70498,1.87,1
04.08.2021 01:39:16.129,0.7051100000000001,0.70499,2.62,1.25
04.08.2021 01:39:16.420,0.70512,0.7050000000000001,1,1
04.08.2021 01:39:17.328,0.70513,0.7050000000000001,1,1
04.08.2021 01:39:17.632,0.70508,0.70496,1,2.37
04.08.2021 01:39:17.734,0.70508,0.70496,1.5,1
04.08.2021 01:39:18.237,0.70508,0.7049500000000001,1.5,1
04.08.2021 01:39:18.398,0.70508,0.70494,2.25,1.5
04.08.2021 01:39:23.112,0.70507,0.70494,1,1.5
04.08.2021 01:39:23.213,0.70503,0.70491,1.12,1.12
04.08.2021 01:39:25.060,0.70503,0.70494,1.5,1
04.08.2021 01:39:26.349,0.70506,0.7049500000000001,1,1
04.08.2021 01:39:26.451,0.70507,0.7049500000000001,1.87,1
04.08.2021 01:39:32.101,0.70507,0.70496,1.5,1
04.08.2021 01:39:32.202,0.70508,0.70496,1,1
04.08.2021 01:39:49.017,0.70508,0.70497,1.12,1.25
04.08.2021 01:39:49.118,0.70509,0.70497,1.5,1
04.08.2021 01:39:49.220,0.70508,0.70497,1,1
04.08.2021 01:39:50.264,0.70508,0.7049500000000001,1,1
04.08.2021 01:39:50.436,0.70507,0.7049500000000001,1.12,1
04.08.2021 01:39:59.973,0.70507,0.70494,1.12,1
04.08.2021 01:40:04.521,0.70506,0.70494,1,1
04.08.2021 01:40:06.960,0.70506,0.7049300000000001,1,1
04.08.2021 01:40:08.799,0.70506,0.70494,1,1
04.08.2021 01:40:10.459,0.70506,0.7049300000000001,1,1
04.08.2021 01:40:10.749,0.70504,0.7049300000000001,1.12,1
04.08.2021 01:40:11.002,0.70504,0.70492,2.62,1
04.08.2021 01:40:11.549,0.70503,0.70491,1,1
04.08.2021 01:40:16.546,0.70502,0.70491,1,1
04.08.2021 01:40:16.779,0.70503,0.70489,1,1
04.08.2021 01:40:18.817,0.70504,0.7049000000000001,1,1
04.08.2021 01:40:22.206,0.70504,0.7049300000000001,2.94,1.5
04.08.2021 01:40:22.408,0.7050500000000001,0.70492,1,1
04.08.2021 01:40:27.207,0.70506,0.70494,1.87,1
04.08.2021 01:40:27.590,0.70506,0.7049300000000001,1.87,1
04.08.2021 01:40:35.622,0.70506,0.70492,2.62,1
04.08.2021 01:40:36.567,0.70504,0.70491,1,1.5
04.08.2021 01:40:50.246,0.70504,0.70492,1,2.25
04.08.2021 01:40:50.733,0.70504,0.70491,1,2.25
04.08.2021 01:41:06.048,0.70502,0.70489,2.06,1
04.08.2021 01:41:06.149,0.70502,0.7048800000000001,2.06,1.5
04.08.2021 01:41:06.696,0.70497,0.70486,1,1
04.08.2021 01:41:06.747,0.70496,0.70484,1,1.5
04.08.2021 01:41:06.848,0.70496,0.7048300000000001,1,1
04.08.2021 01:41:10.546,0.70496,0.70482,1.5,1
04.08.2021 01:41:30.926,0.70494,0.7048,1.5,1.5
04.08.2021 01:41:31.027,0.7049300000000001,0.7048,1,1
04.08.2021 01:41:31.129,0.70491,0.7048,1,1
04.08.2021 01:41:31.583,0.70492,0.7048,1.5,1.5
04.08.2021 01:41:33.747,0.70494,0.70481,1,1
04.08.2021 01:41:38.726,0.7049500000000001,0.70481,1,1.5
04.08.2021 01:41:38.878,0.7049500000000001,0.70482,1,1
04.08.2021 01:41:38.979,0.70496,0.7048300000000001,1.5,1
04.08.2021 01:41:42.882,0.70496,0.70482,2.25,1
04.08.2021 01:41:43.674,0.7049500000000001,0.70481,1,1.87
04.08.2021 01:41:49.577,0.7049300000000001,0.70481,1,1.5
04.08.2021 01:41:54.259,0.70494,0.70481,1,1
04.08.2021 01:42:00.204,0.7049300000000001,0.70481,1,1
04.08.2021 01:42:02.891,0.70489,0.7048,1,1
04.08.2021 01:42:02.942,0.7048800000000001,0.70477,2.25,1.5
04.08.2021 01:42:02.993,0.70487,0.70475,2.5,1.5
04.08.2021 01:42:03.094,0.70486,0.70475,1.25,1
04.08.2021 01:42:03.195,0.70486,0.7047300000000001,1.25,1
04.08.2021 01:42:04.937,0.7048500000000001,0.70472,1,1.5
04.08.2021 01:42:06.837,0.7048500000000001,0.7047300000000001,1,1
04.08.2021 01:42:06.888,0.70486,0.70475,1.25,1
04.08.2021 01:42:09.107,0.70486,0.70474,1,1
04.08.2021 01:42:12.654,0.70487,0.70474,1,1
04.08.2021 01:42:12.856,0.70487,0.70475,1,1
04.08.2021 01:42:16.176,0.7048800000000001,0.70475,1,1
04.08.2021 01:42:22.649,0.70486,0.70474,1.25,1.5
04.08.2021 01:42:23.201,0.70486,0.70474,1,1
04.08.2021 01:42:29.491,0.7048500000000001,0.70474,1,1.25
04.08.2021 01:42:30.675,0.70484,0.70474,1,1.25
04.08.2021 01:43:03.441,0.7048500000000001,0.70472,1,1.5
04.08.2021 01:43:15.687,0.70484,0.70472,1,1.5
04.08.2021 01:43:15.806,0.7048300000000001,0.70472,1,1
04.08.2021 01:43:37.404,0.70482,0.7047100000000001,1,1
04.08.2021 01:43:38.347,0.70484,0.7047100000000001,1.25,1
04.08.2021 01:43:46.880,0.7048300000000001,0.7047100000000001,1,1
04.08.2021 01:43:46.931,0.70481,0.7047,1,1
04.08.2021 01:43:47.033,0.70482,0.7047,1,1
04.08.2021 01:43:47.157,0.70481,0.70472,1,1
04.08.2021 01:43:49.533,0.7048300000000001,0.70472,1,1
04.08.2021 01:43:49.634,0.70484,0.70472,1.31,1
04.08.2021 01:43:52.733,0.7048500000000001,0.70472,1,1.5
04.08.2021 01:43:57.183,0.70486,0.7047300000000001,1,1
04.08.2021 01:44:00.628,0.70487,0.7047300000000001,1,1.5
04.08.2021 01:44:04.902,0.70487,0.70474,1,1
04.08.2021 01:44:05.003,0.70489,0.7048,1,1
04.08.2021 01:44:05.054,0.7049300000000001,0.7048,4.62,1.25
04.08.2021 01:44:05.156,0.7049500000000001,0.70481,1.62,2.25
04.08.2021 01:44:05.257,0.7049500000000001,0.70481,1,2.25
04.08.2021 01:44:12.861,0.70496,0.70482,1.69,1
04.08.2021 01:44:14.939,0.7049500000000001,0.70481,1,2.25
04.08.2021 01:44:15.357,0.7049500000000001,0.70482,1,1
04.08.2021 01:44:17.746,0.70498,0.70484,2.81,1
04.08.2021 01:44:17.797,0.70499,0.70486,2,1
04.08.2021 01:44:17.899,0.70501,0.70489,1.5,1
04.08.2021 01:44:17.949,0.70502,0.7049000000000001,1,1
04.08.2021 01:44:18.169,0.70503,0.7049000000000001,1,1
04.08.2021 01:44:22.211,0.70504,0.70491,1,1
04.08.2021 01:44:25.084,0.70504,0.7049000000000001,1,1.5
04.08.2021 01:44:26.099,0.7050500000000001,0.7049300000000001,1.87,1
04.08.2021 01:44:29.423,0.7050500000000001,0.70492,1,1.5
04.08.2021 01:44:30.671,0.70506,0.70492,1,2.25
04.08.2021 01:44:40.866,0.70506,0.7049300000000001,1,1
04.08.2021 01:44:45.083,0.70507,0.7049300000000001,1.12,1.5
04.08.2021 01:44:50.694,0.7050500000000001,0.70491,1,1.5
04.08.2021 01:44:50.846,0.70504,0.70491,1,1
04.08.2021 01:44:51.273,0.70507,0.70492,2.06,1.5
04.08.2021 01:44:51.848,0.70506,0.70494,1.12,1
04.08.2021 01:44:53.463,0.70506,0.7049300000000001,1,1
04.08.2021 01:44:55.078,0.70507,0.7049500000000001,2.94,1
04.08.2021 01:44:58.932,0.70508,0.70494,2.81,1
04.08.2021 01:45:01.129,0.70507,0.70494,2.81,1.5
04.08.2021 01:45:01.332,0.70506,0.7049300000000001,1,1.5
04.08.2021 01:45:01.434,0.7051100000000001,0.70502,1.5,1
04.08.2021 01:45:01.535,0.70514,0.70501,2.87,1
04.08.2021 01:45:01.636,0.70514,0.70502,1.75,1
04.08.2021 01:45:02.399,0.70513,0.70499,1,1.25
04.08.2021 01:45:02.450,0.70507,0.7049500000000001,1,1.5
