Gmt time,Ask,Bid,AskVolume,BidVolume
13.08.2021 00:00:00.044,6.48015,6.477930000000001,1,1.6
13.08.2021 00:00:00.145,6.48012,6.47807,1,1.1
13.08.2021 00:00:00.246,6.4798100000000005,6.4782,1.5,1.1
13.08.2021 00:00:00.350,6.47972,6.478190000000001,1.5,1.1
13.08.2021 00:00:00.451,6.47963,6.4782,1,1.1
13.08.2021 00:00:00.552,6.479640000000001,6.4782,1,1.1
13.08.2021 00:00:00.901,6.479640000000001,6.478190000000001,1,1.1
13.08.2021 00:00:01.273,6.47963,6.4782,1,1.1
13.08.2021 00:00:01.423,6.47961,6.4782,1,1.1
13.08.2021 00:00:01.731,6.47961,6.4782,1,1.1
13.08.2021 00:00:01.857,6.47962,6.478190000000001,1,1.1
13.08.2021 00:00:01.958,6.4796000000000005,6.4782,1,1.1
13.08.2021 00:00:02.009,6.47962,6.4782,1,1.1
13.08.2021 00:00:03.431,6.4796000000000005,6.4782,1,1.1
13.08.2021 00:00:04.054,6.47961,6.478190000000001,1,1.1
13.08.2021 00:00:04.155,6.479590000000001,6.4782,1,1.1
13.08.2021 00:00:07.712,6.47958,6.4782,1,1.1
13.08.2021 00:00:08.672,6.479590000000001,6.47832,1,1
13.08.2021 00:00:08.824,6.47958,6.4782,1,1.1
13.08.2021 00:00:09.446,6.4796000000000005,6.4782,1,1.1
13.08.2021 00:00:11.112,6.47961,6.47846,1,1
13.08.2021 00:00:11.163,6.4796000000000005,6.478330000000001,1,1
13.08.2021 00:00:13.108,6.47962,6.47832,1.12,1
13.08.2021 00:00:14.010,6.47962,6.478230000000001,1.5,1
13.08.2021 00:00:14.190,6.47962,6.478230000000001,1.5,1
13.08.2021 00:00:16.353,6.47962,6.478230000000001,1,1
13.08.2021 00:00:16.871,6.47961,6.47842,1.5,1
13.08.2021 00:00:16.971,6.47962,6.478230000000001,1.5,1
13.08.2021 00:00:18.059,6.479590000000001,6.478230000000001,1.5,1
13.08.2021 00:00:24.004,6.47956,6.478330000000001,1.5,1
13.08.2021 00:00:24.149,6.47957,6.478330000000001,1.5,1
13.08.2021 00:00:24.250,6.479550000000001,6.47822,1.12,1
13.08.2021 00:00:25.383,6.479550000000001,6.47824,1.5,1
13.08.2021 00:00:25.484,6.47956,6.478230000000001,1.5,1
13.08.2021 00:00:26.782,6.47956,6.478230000000001,1.5,1
13.08.2021 00:00:26.883,6.47949,6.47824,1,1
13.08.2021 00:00:27.991,6.47949,6.47824,1.5,1
13.08.2021 00:00:32.288,6.47947,6.47824,1,1
13.08.2021 00:00:32.393,6.47947,6.478330000000001,1.5,1
13.08.2021 00:00:32.995,6.47947,6.478330000000001,1.12,1
13.08.2021 00:00:33.414,6.479480000000001,6.478330000000001,1.12,1
13.08.2021 00:00:38.339,6.479480000000001,6.47822,1.5,1
13.08.2021 00:00:39.274,6.47951,6.47822,1.5,1
13.08.2021 00:00:39.502,6.479500000000001,6.47832,1,1
13.08.2021 00:00:39.603,6.47949,6.47832,1.5,1
13.08.2021 00:00:39.704,6.479430000000001,6.47822,1.5,1
13.08.2021 00:00:39.754,6.47944,6.478190000000001,1.5,1
13.08.2021 00:00:39.855,6.47944,6.478190000000001,1.5,1
13.08.2021 00:00:40.006,6.479430000000001,6.478190000000001,1.5,1
13.08.2021 00:00:40.780,6.479430000000001,6.478190000000001,1.5,1
13.08.2021 00:00:40.984,6.479430000000001,6.478190000000001,1.5,1
13.08.2021 00:00:46.109,6.479430000000001,6.478190000000001,1.5,1
13.08.2021 00:00:46.449,6.47942,6.4782,1.5,1
13.08.2021 00:00:46.550,6.479430000000001,6.4782,1.5,1
13.08.2021 00:00:47.454,6.479430000000001,6.4782,1.5,1
13.08.2021 00:00:48.769,6.47947,6.4782,2,1
13.08.2021 00:00:48.900,6.47947,6.4782,1.5,1
13.08.2021 00:00:51.216,6.479480000000001,6.47822,1.5,1
13.08.2021 00:00:54.433,6.479480000000001,6.47822,1.5,1
13.08.2021 00:00:54.693,6.47949,6.47822,1.5,1
13.08.2021 00:00:55.104,6.47949,6.47822,1.5,1
13.08.2021 00:00:55.205,6.479500000000001,6.478230000000001,1.5,1
13.08.2021 00:00:55.306,6.47949,6.47824,1.5,1
13.08.2021 00:00:56.164,6.47951,6.47821,1.5,1
13.08.2021 00:01:00.024,6.47951,6.47821,1.5,1
13.08.2021 00:01:00.709,6.47952,6.47821,1.5,1
13.08.2021 00:01:00.905,6.4795300000000005,6.4782,1.5,1
13.08.2021 00:01:12.414,6.47952,6.47821,1.5,1
13.08.2021 00:01:12.570,6.479500000000001,6.4782,1.5,1
13.08.2021 00:01:12.699,6.47949,6.47821,1.5,1
13.08.2021 00:01:12.810,6.47949,6.47821,1.5,1
13.08.2021 00:01:12.911,6.47951,6.47821,1.5,1
13.08.2021 00:01:13.906,6.47952,6.4782,1.5,1
13.08.2021 00:01:14.007,6.479500000000001,6.478230000000001,1,1
13.08.2021 00:01:27.904,6.47949,6.47822,1.5,1
13.08.2021 00:01:28.005,6.479480000000001,6.478260000000001,1.12,1
13.08.2021 00:01:28.728,6.47949,6.47825,1.12,1.5
13.08.2021 00:01:34.489,6.479500000000001,6.47834,1.5,1
13.08.2021 00:01:34.595,6.479500000000001,6.47834,1.5,1
13.08.2021 00:01:34.645,6.479500000000001,6.478280000000001,1.5,1
13.08.2021 00:01:38.811,6.479500000000001,6.478280000000001,1.5,1.62
13.08.2021 00:01:38.862,6.47951,6.47834,1.5,1
13.08.2021 00:01:38.965,6.47951,6.47834,1.5,1.5
13.08.2021 00:01:39.066,6.47951,6.47834,1.12,1.5
13.08.2021 00:01:44.193,6.47952,6.47834,1.12,1.5
13.08.2021 00:01:44.339,6.4795300000000005,6.478330000000001,1.5,1.5
13.08.2021 00:01:49.939,6.47952,6.47834,1.5,1.5
13.08.2021 00:01:50.086,6.47952,6.47834,1.5,1.5
13.08.2021 00:01:50.235,6.47952,6.47834,1.5,1.5
13.08.2021 00:01:50.336,6.479500000000001,6.478330000000001,1.12,1.5
13.08.2021 00:02:00.154,6.47949,6.47834,1.5,1.5
13.08.2021 00:02:02.735,6.479500000000001,6.478330000000001,1.5,1.5
13.08.2021 00:02:02.839,6.479500000000001,6.478330000000001,1.5,1.5
13.08.2021 00:02:02.940,6.479500000000001,6.478330000000001,1.5,1.5
13.08.2021 00:02:08.549,6.47949,6.47834,1.5,1.5
13.08.2021 00:02:09.060,6.479500000000001,6.478330000000001,1.5,1.5
13.08.2021 00:02:15.352,6.47949,6.47834,1.5,1.5
13.08.2021 00:02:26.139,6.47946,6.478330000000001,1.5,1.5
13.08.2021 00:02:32.678,6.47945,6.47834,1.5,1.5
13.08.2021 00:02:37.716,6.47946,6.478330000000001,1.5,1.5
13.08.2021 00:02:38.341,6.47946,6.478330000000001,1.5,1.5
13.08.2021 00:02:43.534,6.47945,6.47834,1.5,1.5
13.08.2021 00:02:54.004,6.47945,6.47834,1.5,1.5
13.08.2021 00:02:59.956,6.47945,6.47834,1.5,1.5
13.08.2021 00:03:24.193,6.479410000000001,6.47834,1.5,1.12
13.08.2021 00:03:24.347,6.479380000000001,6.478330000000001,1.5,1.12
13.08.2021 00:03:24.448,6.47937,6.47834,1.12,1.12
13.08.2021 00:03:24.550,6.479380000000001,6.478330000000001,1.5,1.12
13.08.2021 00:03:27.478,6.479380000000001,6.478330000000001,1.5,1.12
13.08.2021 00:03:30.020,6.47937,6.47834,1,1.5
13.08.2021 00:03:32.559,6.47939,6.47834,1,1.5
13.08.2021 00:03:32.609,6.47939,6.47834,1,1.5
13.08.2021 00:03:32.710,6.4794,6.47834,1,1.5
13.08.2021 00:03:32.857,6.479410000000001,6.478330000000001,1,1.5
13.08.2021 00:03:32.908,6.47937,6.47834,1,1.5
13.08.2021 00:03:33.075,6.479380000000001,6.478330000000001,1,1.5
13.08.2021 00:03:33.185,6.479380000000001,6.478330000000001,1,1.5
13.08.2021 00:03:34.365,6.479380000000001,6.478330000000001,1,1.5
13.08.2021 00:03:34.425,6.47944,6.478330000000001,1,1.5
13.08.2021 00:03:34.475,6.479410000000001,6.478330000000001,1,1.5
13.08.2021 00:03:34.526,6.47945,6.47834,1,1.5
13.08.2021 00:03:34.653,6.47945,6.47834,1,1.5
13.08.2021 00:03:34.754,6.479430000000001,6.478330000000001,1,1.5
13.08.2021 00:03:34.860,6.47939,6.478330000000001,1,1.5
13.08.2021 00:03:34.963,6.47939,6.478330000000001,1,1.5
13.08.2021 00:03:35.066,6.47935,6.478330000000001,1,1.5
13.08.2021 00:03:35.170,6.4793400000000005,6.47834,1,1.5
13.08.2021 00:03:40.473,6.4793400000000005,6.47834,1,1.5
13.08.2021 00:03:40.619,6.4793400000000005,6.47834,1,1.5
13.08.2021 00:03:40.720,6.47935,6.478330000000001,1,1.5
13.08.2021 00:03:41.565,6.47935,6.478330000000001,1,1.5
13.08.2021 00:03:41.628,6.47939,6.478330000000001,1,1.5
13.08.2021 00:03:41.728,6.479410000000001,6.478330000000001,1,1.5
13.08.2021 00:03:41.829,6.479410000000001,6.478330000000001,1,1.5
13.08.2021 00:03:41.930,6.479380000000001,6.47834,1,1.5
13.08.2021 00:03:49.293,6.47887,6.47827,1,1
13.08.2021 00:03:49.394,6.479150000000001,6.47824,1.5,1
13.08.2021 00:03:49.494,6.4791300000000005,6.47807,1.5,1.1
13.08.2021 00:03:49.554,6.47912,6.47808,1.5,1.1
13.08.2021 00:03:49.655,6.47879,6.47807,1,1
13.08.2021 00:03:49.705,6.478980000000001,6.47824,1,1
13.08.2021 00:03:49.756,6.47902,6.47824,1.5,1
13.08.2021 00:03:49.856,6.4789900000000005,6.478230000000001,1,1
13.08.2021 00:03:50.045,6.4789,6.47813,1,1
13.08.2021 00:03:50.096,6.4789900000000005,6.47816,1,1.5
13.08.2021 00:03:50.197,6.479080000000001,6.47816,1.3,1.5
13.08.2021 00:03:50.361,6.47902,6.478140000000001,1,1
13.08.2021 00:03:50.411,6.479030000000001,6.478140000000001,1.1,1
13.08.2021 00:04:50.605,6.478980000000001,6.4781,1,1
13.08.2021 00:04:52.474,6.479010000000001,6.478090000000001,1,1
13.08.2021 00:04:52.525,6.47905,6.478090000000001,1,1.1
13.08.2021 00:04:52.575,6.47905,6.47813,1.15,1
13.08.2021 00:04:53.246,6.47904,6.478140000000001,1,1
13.08.2021 00:04:53.602,6.47907,6.478140000000001,1,1.1
13.08.2021 00:04:53.862,6.47909,6.478140000000001,1,1.1
13.08.2021 00:05:03.604,6.47911,6.478140000000001,1,1.1
13.08.2021 00:05:03.705,6.47916,6.478180000000001,1,1.6
13.08.2021 00:05:03.835,6.4791300000000005,6.478180000000001,1,1.6
13.08.2021 00:05:25.204,6.47905,6.478140000000001,1,1.1
13.08.2021 00:05:25.405,6.479030000000001,6.47813,1,1
13.08.2021 00:05:40.912,6.479010000000001,6.478140000000001,1,1
13.08.2021 00:05:41.422,6.479,6.478140000000001,1,1
13.08.2021 00:05:56.363,6.479030000000001,6.4782,1,1
13.08.2021 00:05:56.414,6.47905,6.478230000000001,1,1
13.08.2021 00:05:56.519,6.4790600000000005,6.478230000000001,1,1
13.08.2021 00:06:05.819,6.479100000000001,6.47824,1,1
13.08.2021 00:06:13.847,6.479080000000001,6.47824,1,1
13.08.2021 00:06:13.969,6.4790600000000005,6.47824,1,1
13.08.2021 00:06:55.955,6.4790600000000005,6.47824,1,1.1
13.08.2021 00:06:56.208,6.4790600000000005,6.47824,1,1
13.08.2021 00:06:57.278,6.47909,6.478230000000001,1,1.1
13.08.2021 00:07:00.031,6.47909,6.478230000000001,1,1.1
13.08.2021 00:07:00.321,6.479100000000001,6.47824,1,1
13.08.2021 00:07:00.371,6.479080000000001,6.47824,1,1
13.08.2021 00:07:00.573,6.47907,6.47824,1,1.1
13.08.2021 00:07:00.623,6.47909,6.47824,1,1.1
13.08.2021 00:07:07.320,6.47907,6.47824,1,1.1
13.08.2021 00:07:07.532,6.479100000000001,6.478230000000001,1.5,1.1
13.08.2021 00:07:07.781,6.47907,6.47824,1,1.1
13.08.2021 00:07:07.838,6.479100000000001,6.478230000000001,1.5,1.1
13.08.2021 00:07:08.061,6.47909,6.47824,1,1.1
13.08.2021 00:07:15.708,6.479080000000001,6.478230000000001,1,1.1
13.08.2021 00:07:16.035,6.47907,6.47824,1,1.1
13.08.2021 00:07:37.065,6.47909,6.47824,1.5,1
13.08.2021 00:07:37.227,6.47909,6.47824,1,1.1
13.08.2021 00:07:37.332,6.479080000000001,6.478230000000001,1,1.1
13.08.2021 00:07:37.382,6.47909,6.47824,1,1.1
13.08.2021 00:07:51.871,6.479100000000001,6.478230000000001,1,1
13.08.2021 00:07:52.066,6.479100000000001,6.478230000000001,1.5,1.1
13.08.2021 00:07:52.117,6.479080000000001,6.478230000000001,1,1.1
13.08.2021 00:07:52.301,6.47907,6.47824,1,1.1
13.08.2021 00:07:52.411,6.479100000000001,6.478230000000001,1,1
13.08.2021 00:07:52.668,6.47907,6.47824,1,1
13.08.2021 00:07:52.866,6.479100000000001,6.478230000000001,1.5,1
13.08.2021 00:07:52.969,6.479080000000001,6.47824,1,1.1
13.08.2021 00:07:53.117,6.47907,6.47824,1,1.1
13.08.2021 00:07:53.168,6.47911,6.478230000000001,1,1.1
13.08.2021 00:08:02.332,6.47911,6.478230000000001,1,1.1
13.08.2021 00:08:02.771,6.47911,6.478230000000001,1,1.1
13.08.2021 00:08:06.014,6.47912,6.47825,1,1.1
13.08.2021 00:08:06.115,6.47917,6.47825,1,1.1
13.08.2021 00:08:07.099,6.4791300000000005,6.47824,1,1.1
13.08.2021 00:08:07.152,6.47918,6.47824,1,1.1
13.08.2021 00:08:07.623,6.479150000000001,6.47824,1,1.1
13.08.2021 00:08:07.724,6.47918,6.47824,1,1.1
13.08.2021 00:08:07.827,6.4791300000000005,6.47824,1,1.1
13.08.2021 00:08:07.878,6.47918,6.47824,1,1.1
13.08.2021 00:08:08.093,6.4791300000000005,6.47824,1,1.1
13.08.2021 00:08:08.144,6.47917,6.47825,1,1.1
13.08.2021 00:08:09.099,6.4791300000000005,6.47824,1,1
13.08.2021 00:08:09.150,6.47917,6.47825,1,1
13.08.2021 00:08:09.351,6.47912,6.47825,1,1.1
13.08.2021 00:08:09.455,6.47918,6.47825,1,1.1
13.08.2021 00:08:09.556,6.47918,6.47824,1.5,1
13.08.2021 00:08:09.657,6.479190000000001,6.47824,1,1
13.08.2021 00:08:09.877,6.479150000000001,6.47824,1,1.1
13.08.2021 00:08:09.978,6.47917,6.47825,1.5,1
13.08.2021 00:08:10.079,6.47918,6.47825,1,1.1
13.08.2021 00:08:15.707,6.47923,6.478230000000001,2.25,1.6
13.08.2021 00:08:22.338,6.4791300000000005,6.478230000000001,1,1.6
13.08.2021 00:08:22.389,6.479150000000001,6.478230000000001,1,1.6
13.08.2021 00:08:22.490,6.47918,6.47824,1,1.1
13.08.2021 00:08:22.590,6.479150000000001,6.47824,1,1.1
13.08.2021 00:08:22.691,6.47914,6.478230000000001,1,1.1
13.08.2021 00:08:23.076,6.47912,6.47824,1,1.1
13.08.2021 00:08:23.216,6.47912,6.47824,1,1.1
13.08.2021 00:08:23.366,6.47914,6.478230000000001,1,1
13.08.2021 00:08:23.520,6.47914,6.478230000000001,1,1.1
13.08.2021 00:08:23.994,6.4791300000000005,6.478230000000001,1,1.1
13.08.2021 00:08:24.099,6.47916,6.478230000000001,1,1.1
13.08.2021 00:08:24.521,6.47925,6.478280000000001,1,1
13.08.2021 00:08:24.622,6.47923,6.478280000000001,1.5,1
13.08.2021 00:08:26.306,6.47923,6.47829,1.5,1
13.08.2021 00:08:26.407,6.479240000000001,6.478490000000001,1,1.6
13.08.2021 00:08:26.508,6.47907,6.4784500000000005,1,1.6
13.08.2021 00:08:26.559,6.47932,6.478440000000001,1,1
13.08.2021 00:08:26.609,6.47927,6.4784500000000005,1.5,1.1
13.08.2021 00:08:26.710,6.47912,6.47848,1,1
13.08.2021 00:08:26.763,6.47914,6.47836,1,1.6
13.08.2021 00:08:26.813,6.47918,6.47843,1.5,1
13.08.2021 00:08:26.925,6.47936,6.47843,1.6,1
13.08.2021 00:08:27.076,6.479380000000001,6.478440000000001,2.82,1.1
13.08.2021 00:08:27.177,6.47937,6.47848,2,1
13.08.2021 00:08:28.640,6.47935,6.47847,1,1
13.08.2021 00:08:28.802,6.47935,6.4784500000000005,1,1
13.08.2021 00:08:29.832,6.479380000000001,6.47865,1.12,1
13.08.2021 00:08:29.983,6.4793400000000005,6.47867,1,1
13.08.2021 00:08:31.594,6.4793400000000005,6.47867,1,1.5
13.08.2021 00:08:35.582,6.479330000000001,6.47877,1,1
13.08.2021 00:08:40.095,6.47937,6.47882,1,1
13.08.2021 00:08:40.196,6.47922,6.478630000000001,1,1.5
13.08.2021 00:08:40.247,6.479380000000001,6.4786600000000005,1,1.5
13.08.2021 00:08:40.297,6.47925,6.478540000000001,1,1.1
13.08.2021 00:08:40.348,6.47942,6.478630000000001,1,1.1
13.08.2021 00:08:40.449,6.47947,6.47865,2.25,1.6
13.08.2021 00:08:40.549,6.479380000000001,6.47865,1,1.5
13.08.2021 00:08:40.701,6.4793400000000005,6.47862,1,1.5
13.08.2021 00:08:40.909,6.4794,6.478630000000001,1,1.6
13.08.2021 00:08:41.060,6.47944,6.47864,1,1.5
13.08.2021 00:08:41.161,6.479480000000001,6.4786600000000005,1,1.5
13.08.2021 00:08:43.520,6.479480000000001,6.478630000000001,1,1.1
13.08.2021 00:08:44.245,6.47947,6.47877,1,1
13.08.2021 00:08:44.304,6.479500000000001,6.47876,1,1
13.08.2021 00:08:44.355,6.47952,6.47877,1,1
13.08.2021 00:08:44.633,6.47947,6.47876,1,1
13.08.2021 00:08:44.734,6.479380000000001,6.478580000000001,1,2.1
13.08.2021 00:08:44.885,6.47931,6.4786,1,1.6
13.08.2021 00:08:45.036,6.479290000000001,6.478530000000001,1,1.6
13.08.2021 00:08:45.137,6.47932,6.4785900000000005,1,1.5
13.08.2021 00:08:45.332,6.47926,6.478580000000001,1,1.6
13.08.2021 00:08:45.382,6.47936,6.478580000000001,1,1.6
13.08.2021 00:08:49.197,6.47936,6.4786,1,1.6
13.08.2021 00:08:50.652,6.479430000000001,6.4785900000000005,1,1.6
13.08.2021 00:08:50.808,6.47944,6.478630000000001,1.5,1.6
13.08.2021 00:08:50.859,6.47949,6.478630000000001,1,1.1
13.08.2021 00:08:50.960,6.47949,6.47864,1,1.72
13.08.2021 00:08:51.969,6.47951,6.47864,1,1.72
13.08.2021 00:08:52.070,6.4795300000000005,6.478630000000001,1.42,1.72
13.08.2021 00:09:01.489,6.4795300000000005,6.47871,1,1
13.08.2021 00:09:01.878,6.4795300000000005,6.47871,1,1.1
13.08.2021 00:09:02.016,6.47951,6.47872,1,1.1
13.08.2021 00:09:02.117,6.47944,6.47871,1,1
13.08.2021 00:09:02.268,6.47947,6.4787,1,1
13.08.2021 00:09:02.419,6.47952,6.47871,1,1
13.08.2021 00:09:02.520,6.479550000000001,6.4787,1,1
13.08.2021 00:09:02.620,6.47954,6.4787,1.9,1
13.08.2021 00:09:02.726,6.47957,6.4787,1.5,1
13.08.2021 00:09:03.049,6.47946,6.4787,1,1
13.08.2021 00:09:03.200,6.47947,6.4787,1,1.1
13.08.2021 00:09:03.250,6.47963,6.47869,1.4,1.1
13.08.2021 00:09:03.301,6.479590000000001,6.4787,1,1.1
13.08.2021 00:09:03.871,6.47962,6.4787,1.4,1.1
13.08.2021 00:09:04.322,6.47952,6.4787,1,1.1
13.08.2021 00:09:05.745,6.47952,6.4787,1,1
13.08.2021 00:09:06.870,6.4795300000000005,6.47869,1,1.1
13.08.2021 00:09:06.937,6.47952,6.4787,1,1
13.08.2021 00:09:07.827,6.4795300000000005,6.47869,1,1.1
13.08.2021 00:09:11.892,6.47952,6.4787,1,1
13.08.2021 00:09:13.027,6.47946,6.4787,1,1
13.08.2021 00:09:14.905,6.47952,6.4787,1,1
13.08.2021 00:09:15.493,6.4796000000000005,6.4787,1,1
13.08.2021 00:09:15.657,6.47962,6.47869,1,1
13.08.2021 00:09:16.875,6.47962,6.47869,1,1.1
13.08.2021 00:09:20.096,6.47952,6.4787,1,1.1
13.08.2021 00:09:21.429,6.47952,6.4787,1,1.1
13.08.2021 00:09:21.480,6.47947,6.47869,1,1.1
13.08.2021 00:09:21.530,6.479500000000001,6.4787,1,1
13.08.2021 00:09:21.703,6.4795300000000005,6.47869,1,1
13.08.2021 00:09:27.227,6.4794,6.4787,1,1
13.08.2021 00:09:27.328,6.479410000000001,6.47864,1,1.12
13.08.2021 00:09:27.453,6.47945,6.47864,1,1.12
13.08.2021 00:09:31.560,6.47937,6.47864,1,1.1
13.08.2021 00:09:32.033,6.4794,6.478630000000001,1,1.7
13.08.2021 00:09:32.084,6.479430000000001,6.47864,1,1.7
13.08.2021 00:09:38.242,6.47942,6.478630000000001,1,1.6
13.08.2021 00:09:39.743,6.47936,6.47864,1,1.6
13.08.2021 00:09:41.885,6.47942,6.478630000000001,1,1.6
13.08.2021 00:09:43.673,6.4794,6.47864,1,1.6
13.08.2021 00:09:43.948,6.479410000000001,6.47864,1,1.6
13.08.2021 00:09:57.766,6.47937,6.478630000000001,1,1.6
13.08.2021 00:09:58.509,6.47942,6.478630000000001,1,1.5
13.08.2021 00:09:59.344,6.47937,6.478630000000001,1,1.6
13.08.2021 00:10:00.575,6.47936,6.4787,1,1
13.08.2021 00:10:03.400,6.47936,6.47864,1,1.6
13.08.2021 00:10:03.551,6.479290000000001,6.47864,1,1.5
13.08.2021 00:10:03.709,6.479290000000001,6.478580000000001,1,1
13.08.2021 00:10:03.854,6.47927,6.47857,1,1
13.08.2021 00:10:04.444,6.47927,6.47855,1,1
13.08.2021 00:10:04.728,6.47926,6.47855,1,1.12
13.08.2021 00:10:08.157,6.47927,6.47855,1,1
13.08.2021 00:10:09.562,6.47927,6.47851,1,1.6
13.08.2021 00:10:13.588,6.47923,6.47852,1,1.6
13.08.2021 00:10:14.371,6.47923,6.47857,1,1
13.08.2021 00:10:14.562,6.479240000000001,6.47852,1,1.5
13.08.2021 00:10:14.787,6.47927,6.478490000000001,1.05,1.6
13.08.2021 00:10:15.069,6.47926,6.478490000000001,1,1.6
13.08.2021 00:10:17.064,6.4792000000000005,6.47848,1,1.6
13.08.2021 00:10:18.174,6.479240000000001,6.478490000000001,1.5,1.6
13.08.2021 00:10:18.654,6.47925,6.4785,1,1.5
13.08.2021 00:10:18.925,6.47927,6.47848,1,1.6
13.08.2021 00:10:20.893,6.479330000000001,6.47848,1.4,2.1
13.08.2021 00:10:30.020,6.479240000000001,6.478540000000001,1,1
13.08.2021 00:10:30.121,6.47914,6.478530000000001,1,1
13.08.2021 00:10:32.816,6.4791300000000005,6.47856,1,1
13.08.2021 00:10:32.917,6.47914,6.47857,1,1
13.08.2021 00:10:51.200,6.47914,6.47857,1,1.5
13.08.2021 00:10:51.250,6.47936,6.47922,1,1
13.08.2021 00:10:51.301,6.47937,6.47909,1,1
13.08.2021 00:10:51.402,6.47977,6.47925,1,1
13.08.2021 00:10:51.452,6.479780000000001,6.479290000000001,1,1
13.08.2021 00:10:51.553,6.479990000000001,6.47925,1.5,1.6
13.08.2021 00:10:51.604,6.47992,6.47936,1.5,1.5
13.08.2021 00:10:51.705,6.47989,6.47937,1,1
13.08.2021 00:10:51.756,6.47993,6.47939,1,1.5
13.08.2021 00:10:51.947,6.47993,6.4794,1,1.5
13.08.2021 00:10:52.048,6.480040000000001,6.47947,1.5,1
13.08.2021 00:10:52.098,6.48007,6.47954,1,1
13.08.2021 00:10:52.148,6.480090000000001,6.479500000000001,1,1.5
13.08.2021 00:10:52.201,6.48011,6.47947,1,1.6
13.08.2021 00:10:52.252,6.48022,6.47954,1,1
13.08.2021 00:10:52.353,6.480160000000001,6.47954,1,1.12
13.08.2021 00:10:52.676,6.480160000000001,6.47949,1,1.1
13.08.2021 00:10:53.735,6.480130000000001,6.479480000000001,1,1
13.08.2021 00:10:54.061,6.4801,6.47952,1,1
13.08.2021 00:10:54.545,6.480080000000001,6.4795300000000005,1,1
13.08.2021 00:10:54.595,6.480090000000001,6.479500000000001,1.5,1
13.08.2021 00:10:54.646,6.480040000000001,6.47951,1,1
13.08.2021 00:10:54.747,6.48,6.47944,1,1
13.08.2021 00:10:54.848,6.48,6.47939,1,1
13.08.2021 00:10:54.995,6.47998,6.4794,1,1
13.08.2021 00:11:01.727,6.47997,6.4794,1,1
13.08.2021 00:11:10.398,6.47998,6.479430000000001,1,1
13.08.2021 00:11:10.510,6.47997,6.479430000000001,1,1
13.08.2021 00:11:11.884,6.47996,6.479430000000001,1,1
13.08.2021 00:11:12.392,6.47994,6.47939,1,1.12
13.08.2021 00:11:16.805,6.47993,6.4794,1,1.5
13.08.2021 00:11:17.811,6.47993,6.4794,1,1
13.08.2021 00:11:24.342,6.47991,6.4794,1,1
13.08.2021 00:11:24.491,6.4798800000000005,6.479380000000001,1,1.5
13.08.2021 00:11:25.529,6.47992,6.47937,1,1.5
13.08.2021 00:11:25.580,6.47992,6.479410000000001,1,1
13.08.2021 00:11:25.681,6.47994,6.4794,1,1
13.08.2021 00:11:25.877,6.47994,6.479410000000001,1,1
13.08.2021 00:11:26.028,6.4799500000000005,6.47939,1,1
13.08.2021 00:11:26.388,6.47997,6.47937,1.5,2.85
13.08.2021 00:11:26.439,6.480040000000001,6.47936,1.5,1.6
13.08.2021 00:11:26.890,6.48005,6.479410000000001,2,1
13.08.2021 00:11:27.562,6.48005,6.479410000000001,1,1.5
13.08.2021 00:11:30.201,6.48006,6.4794,1,1.5
13.08.2021 00:11:30.318,6.47998,6.47945,1,1
13.08.2021 00:11:33.838,6.48005,6.479500000000001,1.12,1
13.08.2021 00:11:38.553,6.480040000000001,6.479500000000001,1,1
13.08.2021 00:11:38.693,6.479990000000001,6.47942,1,1
13.08.2021 00:11:38.932,6.480040000000001,6.47947,1,1
13.08.2021 00:11:39.342,6.48003,6.47944,1,1
13.08.2021 00:11:39.393,6.47998,6.479430000000001,1,1
13.08.2021 00:11:41.180,6.48003,6.47947,1.9,1
13.08.2021 00:11:41.331,6.480090000000001,6.479550000000001,1.5,1
13.08.2021 00:11:41.547,6.48006,6.47949,1.5,1
13.08.2021 00:11:41.755,6.48,6.479480000000001,1,1
13.08.2021 00:11:42.589,6.48007,6.479480000000001,1,1
13.08.2021 00:11:43.600,6.48006,6.47946,1,1
13.08.2021 00:11:43.984,6.48007,6.479480000000001,1,1
13.08.2021 00:11:45.375,6.47998,6.479410000000001,1,1
13.08.2021 00:11:54.860,6.48001,6.47945,1,1
13.08.2021 00:11:55.317,6.47998,6.47946,1,1
13.08.2021 00:11:55.368,6.48001,6.47945,1,1
13.08.2021 00:11:55.608,6.47998,6.47946,1,1
13.08.2021 00:11:56.914,6.48,6.47946,1,1
13.08.2021 00:11:57.024,6.48007,6.479500000000001,2,1
13.08.2021 00:11:57.108,6.48006,6.47937,1.5,1
13.08.2021 00:11:57.159,6.47996,6.479410000000001,1,1
13.08.2021 00:12:27.646,6.48003,6.47945,1.92,1
13.08.2021 00:12:27.747,6.480040000000001,6.4795300000000005,1.5,1
13.08.2021 00:12:27.797,6.48003,6.479480000000001,1.5,1
13.08.2021 00:12:27.878,6.48001,6.47945,1.12,1.5
13.08.2021 00:12:37.602,6.47996,6.47945,1,1.12
13.08.2021 00:12:37.904,6.47991,6.479380000000001,1,1.5
13.08.2021 00:12:38.778,6.479900000000001,6.479380000000001,1,1.5
13.08.2021 00:12:40.334,6.479900000000001,6.479380000000001,1,1.5
13.08.2021 00:12:46.157,6.479900000000001,6.479430000000001,1,1
13.08.2021 00:12:47.937,6.47994,6.47942,1,1.5
13.08.2021 00:12:48.038,6.47994,6.47944,1,1
13.08.2021 00:12:49.038,6.47993,6.47944,1,1
13.08.2021 00:12:49.451,6.47993,6.47946,1,1
13.08.2021 00:12:49.502,6.47994,6.479430000000001,1,1
13.08.2021 00:12:50.374,6.47991,6.479430000000001,1,1
13.08.2021 00:12:51.331,6.479900000000001,6.479430000000001,1,1
13.08.2021 00:12:55.168,6.479900000000001,6.47944,1,1
13.08.2021 00:12:55.269,6.47994,6.479430000000001,1,1
13.08.2021 00:12:55.320,6.4799500000000005,6.47944,1,1
13.08.2021 00:13:00.144,6.47996,6.47942,1,1
13.08.2021 00:13:03.002,6.47989,6.479430000000001,1,1
13.08.2021 00:13:18.517,6.47987,6.47942,1,1
13.08.2021 00:13:20.467,6.47987,6.47932,1,1
13.08.2021 00:13:20.618,6.4798100000000005,6.4793,1,1.5
13.08.2021 00:13:20.719,6.47966,6.47923,1,1
13.08.2021 00:13:20.820,6.47961,6.47923,1,1
13.08.2021 00:13:20.871,6.47975,6.47922,1.5,1.5
13.08.2021 00:13:20.972,6.47977,6.479240000000001,1,1
13.08.2021 00:13:33.935,6.4798100000000005,6.4793400000000005,1,1
13.08.2021 00:13:34.138,6.47985,6.479330000000001,1,1.1
13.08.2021 00:13:38.992,6.47987,6.47935,1.1,1
13.08.2021 00:13:39.997,6.47987,6.47936,1.1,1
13.08.2021 00:13:44.536,6.47989,6.47936,1,1
13.08.2021 00:13:44.586,6.479900000000001,6.479410000000001,1,1
13.08.2021 00:13:47.749,6.47992,6.47942,1,1
13.08.2021 00:13:48.308,6.47992,6.47944,1,1.1
13.08.2021 00:13:48.409,6.4799500000000005,6.47952,1,1
13.08.2021 00:13:48.510,6.480180000000001,6.479640000000001,1,1.1
13.08.2021 00:13:48.611,6.48019,6.479640000000001,1,1.1
13.08.2021 00:13:48.662,6.48022,6.47975,1,1
13.08.2021 00:13:48.712,6.48033,6.47975,2.25,1
13.08.2021 00:13:48.763,6.48032,6.479830000000001,1,1
13.08.2021 00:13:48.864,6.480340000000001,6.48024,1,1
13.08.2021 00:13:48.915,6.48062,6.480230000000001,1,1
13.08.2021 00:13:49.015,6.48073,6.480180000000001,1,1.5
13.08.2021 00:13:49.066,6.48072,6.48019,1,1
13.08.2021 00:13:49.117,6.48094,6.480180000000001,1.12,1
13.08.2021 00:13:49.218,6.48094,6.480230000000001,1,1
13.08.2021 00:13:49.269,6.4809600000000005,6.480230000000001,1,1
13.08.2021 00:13:49.404,6.480980000000001,6.480180000000001,1,1
13.08.2021 00:13:49.525,6.48097,6.480160000000001,1,1
13.08.2021 00:13:49.728,6.48082,6.48022,1,1
13.08.2021 00:13:50.443,6.480880000000001,6.48022,1,1
13.08.2021 00:13:50.544,6.480880000000001,6.48024,1,1
13.08.2021 00:13:50.645,6.48102,6.48037,1.42,1
13.08.2021 00:13:50.797,6.481050000000001,6.48057,1,1
13.08.2021 00:13:50.848,6.48111,6.480580000000001,1,1
13.08.2021 00:13:50.974,6.48113,6.480580000000001,1.5,1
13.08.2021 00:13:51.075,6.48117,6.48057,1,1
13.08.2021 00:13:51.126,6.48122,6.48057,1,1
13.08.2021 00:13:51.277,6.48126,6.48055,1,1
13.08.2021 00:13:51.328,6.48116,6.48055,1,1
13.08.2021 00:13:51.429,6.48107,6.48038,1,1.5
13.08.2021 00:13:51.480,6.48107,6.48038,1,1
13.08.2021 00:13:51.631,6.48101,6.480300000000001,1,1.5
13.08.2021 00:13:51.731,6.4809600000000005,6.480300000000001,1,1.5
13.08.2021 00:13:51.883,6.48095,6.48029,1,1.5
13.08.2021 00:13:52.480,6.48095,6.48029,1,1.12
13.08.2021 00:13:54.946,6.48097,6.480300000000001,1,1.12
13.08.2021 00:13:54.997,6.481,6.48029,1.5,1.12
13.08.2021 00:13:55.100,6.481,6.480300000000001,1,1.12
13.08.2021 00:13:55.200,6.48107,6.48055,1,1
13.08.2021 00:13:55.251,6.48116,6.48037,1,1.5
13.08.2021 00:13:55.301,6.48116,6.4805,1,1
13.08.2021 00:13:55.352,6.48116,6.480440000000001,1,1
13.08.2021 00:13:55.402,6.48107,6.480430000000001,1,1
13.08.2021 00:13:55.503,6.48102,6.48033,1,1.5
13.08.2021 00:13:55.553,6.48101,6.480340000000001,1,1.12
13.08.2021 00:13:56.548,6.48097,6.480340000000001,1,1.12
13.08.2021 00:13:57.194,6.48097,6.48033,1,1
13.08.2021 00:13:58.926,6.480980000000001,6.48046,1,1
13.08.2021 00:13:59.027,6.48102,6.4805,1,1
13.08.2021 00:13:59.178,6.48106,6.48046,1,1
13.08.2021 00:13:59.229,6.48107,6.4805,1,1
13.08.2021 00:13:59.330,6.48106,6.48046,1,1.5
13.08.2021 00:13:59.380,6.48112,6.48041,1,1
13.08.2021 00:13:59.431,6.48107,6.48041,1,1
13.08.2021 00:14:00.570,6.48111,6.48042,1,1
13.08.2021 00:14:00.621,6.48106,6.48054,1,1
13.08.2021 00:14:00.873,6.48113,6.48064,1,1
13.08.2021 00:14:01.502,6.48121,6.48052,1,1.5
13.08.2021 00:14:01.603,6.48117,6.48052,1,1
13.08.2021 00:14:01.837,6.48116,6.48052,1,1
13.08.2021 00:14:02.038,6.4811000000000005,6.480530000000001,1,1
13.08.2021 00:14:02.139,6.4811000000000005,6.48052,1.5,1
13.08.2021 00:14:02.240,6.48107,6.480430000000001,1,1
13.08.2021 00:14:02.291,6.48104,6.48042,1,1
13.08.2021 00:14:02.442,6.48094,6.4803500000000005,1,1.5
13.08.2021 00:14:02.977,6.48095,6.48026,1,1.5
13.08.2021 00:14:03.028,6.4809600000000005,6.48027,1.5,1.5
13.08.2021 00:14:03.517,6.48099,6.48027,1,1.5
13.08.2021 00:14:04.358,6.48099,6.48027,1,1
13.08.2021 00:14:05.715,6.48108,6.48051,1,1
13.08.2021 00:14:05.766,6.48115,6.480390000000001,1,1
13.08.2021 00:14:05.816,6.48106,6.480390000000001,1,1
13.08.2021 00:14:05.967,6.4810300000000005,6.480390000000001,1,1
13.08.2021 00:14:06.229,6.48102,6.480390000000001,1,1
13.08.2021 00:14:06.769,6.481050000000001,6.480390000000001,1,1
13.08.2021 00:14:07.068,6.48108,6.480390000000001,1.5,1
13.08.2021 00:14:07.219,6.48109,6.48038,1,1.1
13.08.2021 00:14:07.884,6.48109,6.48038,1,1
13.08.2021 00:14:08.402,6.48109,6.48038,1,1.1
13.08.2021 00:14:08.934,6.48107,6.480390000000001,1,1
13.08.2021 00:14:09.035,6.48109,6.48038,1,1.1
13.08.2021 00:14:09.086,6.48108,6.48059,1,1
13.08.2021 00:14:09.186,6.48116,6.480580000000001,1,1
13.08.2021 00:14:09.237,6.48115,6.48057,1,1
13.08.2021 00:14:09.303,6.48116,6.4804900000000005,1,1
13.08.2021 00:14:09.354,6.48107,6.480480000000001,1,1
13.08.2021 00:14:09.454,6.48101,6.48042,1,1
13.08.2021 00:14:09.555,6.48102,6.48027,1,1.5
13.08.2021 00:14:09.656,6.4809600000000005,6.4802800000000005,1,1.5
13.08.2021 00:14:09.858,6.48097,6.48036,1,1
13.08.2021 00:14:10.324,6.48095,6.48037,1,1
13.08.2021 00:14:10.374,6.4809600000000005,6.4802800000000005,1,1.5
13.08.2021 00:14:10.454,6.48092,6.48029,1,1.5
13.08.2021 00:14:10.555,6.480930000000001,6.4802800000000005,1,1.5
13.08.2021 00:14:11.520,6.48092,6.48029,1,1
13.08.2021 00:14:11.916,6.4809,6.48029,1,1
13.08.2021 00:14:11.966,6.48092,6.48019,1,1.5
13.08.2021 00:14:12.067,6.48091,6.480180000000001,1,1.5
13.08.2021 00:14:12.168,6.48085,6.480180000000001,1,1.5
13.08.2021 00:14:12.524,6.48085,6.480180000000001,1,1.5
13.08.2021 00:14:13.324,6.48087,6.48029,1,1
13.08.2021 00:14:13.375,6.48092,6.4802800000000005,1,1
13.08.2021 00:14:13.476,6.4809,6.480250000000001,1,1
13.08.2021 00:14:14.900,6.4809,6.48026,1,1
13.08.2021 00:14:15.001,6.48092,6.4802800000000005,1,1
13.08.2021 00:14:15.364,6.480980000000001,6.48031,1,1
13.08.2021 00:14:15.415,6.48102,6.48033,1,1
13.08.2021 00:14:15.515,6.48113,6.48036,1.5,1
13.08.2021 00:14:15.566,6.48113,6.48038,1,1.1
13.08.2021 00:14:15.667,6.48113,6.48036,1,1.1
13.08.2021 00:14:15.735,6.48112,6.48037,1,1
13.08.2021 00:14:15.786,6.4811000000000005,6.48036,1,1
13.08.2021 00:14:15.937,6.48094,6.48029,1,1.12
13.08.2021 00:14:15.987,6.48094,6.48022,1,1
13.08.2021 00:14:16.051,6.48094,6.48022,1,1.1
13.08.2021 00:14:16.156,6.480930000000001,6.480230000000001,1,1
13.08.2021 00:14:16.692,6.4808900000000005,6.480230000000001,1,1
13.08.2021 00:14:16.793,6.48086,6.48005,1,1.6
13.08.2021 00:14:16.843,6.48085,6.480040000000001,1,1.6
13.08.2021 00:14:17.535,6.480840000000001,6.48005,1,2.1
13.08.2021 00:14:18.047,6.48085,6.480040000000001,1,2.1
13.08.2021 00:14:18.098,6.480840000000001,6.48017,1,1
13.08.2021 00:14:18.148,6.4809,6.480340000000001,1,1
13.08.2021 00:14:18.199,6.48094,6.480340000000001,1.5,1
13.08.2021 00:14:18.299,6.48091,6.48029,1,1
13.08.2021 00:14:18.350,6.48092,6.480180000000001,1,1
13.08.2021 00:14:21.970,6.48092,6.4802,1,1.1
13.08.2021 00:14:22.021,6.48095,6.4802100000000005,1,1.1
13.08.2021 00:14:28.116,6.48095,6.4802100000000005,1,1.6
13.08.2021 00:14:34.170,6.4809600000000005,6.4802,1,1.22
13.08.2021 00:14:35.231,6.4809600000000005,6.4803500000000005,1,1
13.08.2021 00:14:35.332,6.480980000000001,6.48038,1,1.1
13.08.2021 00:14:35.523,6.48097,6.48045,1,1
13.08.2021 00:14:35.624,6.48104,6.480440000000001,1.5,1
13.08.2021 00:14:35.675,6.481050000000001,6.480440000000001,1,1
13.08.2021 00:14:35.776,6.48122,6.48045,1,1.1
13.08.2021 00:14:35.876,6.48122,6.48045,1,1.1
13.08.2021 00:14:35.997,6.48121,6.480440000000001,1,1.1
13.08.2021 00:14:36.731,6.48126,6.4805,1,1.1
13.08.2021 00:14:36.832,6.48122,6.48054,1,1.1
13.08.2021 00:14:36.983,6.48113,6.48054,1,1
13.08.2021 00:14:37.033,6.48116,6.48055,1,1
13.08.2021 00:14:37.084,6.48113,6.48054,1,1
13.08.2021 00:14:37.234,6.48111,6.48054,1,1
13.08.2021 00:14:37.385,6.48109,6.48046,1,1
13.08.2021 00:14:37.486,6.481050000000001,6.48051,1,1
13.08.2021 00:14:37.587,6.481,6.48031,1,1.1
13.08.2021 00:14:37.688,6.4809600000000005,6.48022,1,1.1
13.08.2021 00:14:37.789,6.4809600000000005,6.48003,1,1.1
13.08.2021 00:14:37.839,6.48085,6.480040000000001,1,1.1
13.08.2021 00:14:38.146,6.48086,6.48001,1,1.35
13.08.2021 00:14:38.787,6.48082,6.47991,1,1.35
13.08.2021 00:14:39.576,6.48082,6.47991,1,1.35
13.08.2021 00:14:39.889,6.48081,6.480040000000001,1,1.1
13.08.2021 00:14:41.139,6.48082,6.4801,1,1
13.08.2021 00:14:41.240,6.480880000000001,6.480230000000001,1,1
13.08.2021 00:14:41.341,6.480880000000001,6.48024,1,1.1
13.08.2021 00:14:41.698,6.48085,6.480230000000001,1,1.1
13.08.2021 00:14:41.749,6.480880000000001,6.48024,1,1
13.08.2021 00:14:43.747,6.4808900000000005,6.48031,1,1
13.08.2021 00:14:43.850,6.480930000000001,6.4802800000000005,1,1.1
13.08.2021 00:14:43.988,6.48099,6.48033,1,1
13.08.2021 00:14:44.089,6.48102,6.480340000000001,1,1.1
13.08.2021 00:14:44.189,6.481050000000001,6.480340000000001,1,1
13.08.2021 00:14:44.479,6.4810300000000005,6.4802800000000005,1,1.1
13.08.2021 00:14:44.530,6.48108,6.4802800000000005,1,1.1
13.08.2021 00:14:44.681,6.48106,6.48026,1,1.1
13.08.2021 00:14:44.880,6.48101,6.48026,1,1.1
13.08.2021 00:14:44.981,6.481,6.480250000000001,1,1.1
13.08.2021 00:14:45.082,6.481,6.4803500000000005,1,1
13.08.2021 00:14:45.975,6.48101,6.48036,1,1
13.08.2021 00:14:46.025,6.481,6.4804900000000005,1,1
13.08.2021 00:14:46.076,6.48106,6.4805,1,1
13.08.2021 00:14:46.126,6.48108,6.4804900000000005,1,1.1
13.08.2021 00:14:46.232,6.48104,6.4804900000000005,1,1.1
13.08.2021 00:14:46.282,6.48107,6.4804900000000005,1,1.1
13.08.2021 00:14:46.383,6.48113,6.48055,1,1
13.08.2021 00:14:46.434,6.48118,6.48059,1,1
13.08.2021 00:14:46.535,6.48127,6.48046,1,1.1
13.08.2021 00:14:46.635,6.48122,6.48047,1,1.1
13.08.2021 00:14:46.736,6.48117,6.48046,1,1.1
13.08.2021 00:14:46.787,6.48117,6.48046,1,1.1
13.08.2021 00:14:46.940,6.481140000000001,6.48047,1,1.1
13.08.2021 00:14:47.091,6.48107,6.48047,1,1
13.08.2021 00:14:47.192,6.48104,6.480390000000001,1,1.6
13.08.2021 00:14:47.295,6.48099,6.48038,1,1.1
13.08.2021 00:14:47.604,6.48102,6.480390000000001,1,1.1
13.08.2021 00:14:50.581,6.48102,6.48054,1,1
13.08.2021 00:14:50.632,6.48107,6.480530000000001,1,1
13.08.2021 00:14:50.783,6.48109,6.48057,1,1
13.08.2021 00:14:50.834,6.4812,6.4805600000000005,1,1.1
13.08.2021 00:14:50.935,6.48129,6.4805,1,1.1
13.08.2021 00:14:51.177,6.481280000000001,6.48051,1,1.1
13.08.2021 00:14:51.900,6.48134,6.48055,1.12,1.1
13.08.2021 00:14:52.001,6.48134,6.4806,1,1.1
13.08.2021 00:14:52.102,6.48121,6.4806,1,1
13.08.2021 00:14:52.153,6.481230000000001,6.4806,1,1
13.08.2021 00:14:52.253,6.48117,6.4805,1.5,1
13.08.2021 00:14:55.142,6.48116,6.4805600000000005,1.5,1
13.08.2021 00:14:55.243,6.48126,6.48066,1,1
13.08.2021 00:14:55.444,6.481380000000001,6.48068,1,1.1
13.08.2021 00:14:55.495,6.48134,6.48068,1,1
13.08.2021 00:14:55.546,6.48141,6.48068,1,1.1
13.08.2021 00:14:55.646,6.48137,6.48067,1,1.1
13.08.2021 00:14:55.812,6.4813600000000005,6.480630000000001,1,1.1
13.08.2021 00:14:55.862,6.4813,6.48062,1,1
13.08.2021 00:14:55.973,6.48126,6.48062,1,1
13.08.2021 00:14:56.074,6.481190000000001,6.48062,1,1
13.08.2021 00:14:56.175,6.481190000000001,6.48052,1,1.5
13.08.2021 00:14:56.327,6.48115,6.48052,1,1.5
13.08.2021 00:14:56.377,6.48111,6.48052,1,1
13.08.2021 00:14:56.479,6.48111,6.48037,1,1.6
13.08.2021 00:14:56.777,6.48117,6.48037,1.5,2.1
13.08.2021 00:14:56.828,6.481190000000001,6.48054,1,1
13.08.2021 00:14:56.879,6.48137,6.48054,1,1.1
13.08.2021 00:14:56.929,6.48135,6.48054,1,1.1
13.08.2021 00:14:56.980,6.4813600000000005,6.480630000000001,1,1.1
13.08.2021 00:14:57.081,6.48135,6.480630000000001,1,1.1
13.08.2021 00:14:57.132,6.48134,6.48062,1,1.1
13.08.2021 00:14:57.182,6.4813600000000005,6.480630000000001,1.5,1.1
13.08.2021 00:14:57.320,6.48134,6.480630000000001,1,1.1
13.08.2021 00:14:57.370,6.48134,6.480630000000001,1,1.1
13.08.2021 00:14:57.421,6.4813,6.480630000000001,1,1
13.08.2021 00:14:57.522,6.48126,6.480630000000001,1,1
13.08.2021 00:14:57.623,6.48122,6.480630000000001,1,1
13.08.2021 00:14:57.674,6.481230000000001,6.4805,1,1
13.08.2021 00:14:57.775,6.48116,6.48051,1,1
13.08.2021 00:14:57.876,6.4811000000000005,6.48038,1,1.6
13.08.2021 00:14:58.065,6.48109,6.48038,1,1.6
13.08.2021 00:14:58.515,6.481140000000001,6.48038,1,1.6
13.08.2021 00:14:58.566,6.48109,6.480390000000001,1,1.6
13.08.2021 00:14:59.020,6.48109,6.480390000000001,1,1.6
13.08.2021 00:14:59.075,6.48109,6.480530000000001,1,1
13.08.2021 00:14:59.176,6.481240000000001,6.48069,1,1
13.08.2021 00:14:59.227,6.481330000000001,6.480530000000001,1,1.1
13.08.2021 00:14:59.328,6.481310000000001,6.48054,1,1.1
13.08.2021 00:14:59.379,6.48137,6.480530000000001,1,1.1
13.08.2021 00:14:59.430,6.48132,6.4806,1,1
13.08.2021 00:14:59.619,6.481310000000001,6.48061,1,1.1
13.08.2021 00:14:59.838,6.481310000000001,6.48067,1,1.1
13.08.2021 00:14:59.889,6.4813600000000005,6.48066,1,1.1
13.08.2021 00:14:59.990,6.481310000000001,6.48061,1,1.1
13.08.2021 00:15:00.091,6.4813600000000005,6.4806,1,1.1
13.08.2021 00:15:00.143,6.48135,6.48061,1,1
13.08.2021 00:15:01.029,6.48135,6.48061,1,1.1
13.08.2021 00:15:01.130,6.4813600000000005,6.48061,1,1.1
13.08.2021 00:15:02.897,6.48139,6.4806,1,1.1
13.08.2021 00:15:06.117,6.481380000000001,6.48061,1,1.1
13.08.2021 00:15:11.926,6.4813600000000005,6.48061,1,1.1
13.08.2021 00:15:12.027,6.48125,6.48061,1,1
13.08.2021 00:15:12.077,6.48126,6.48041,1,1.6
13.08.2021 00:15:12.128,6.48122,6.48041,1,1.6
13.08.2021 00:15:12.644,6.48122,6.48047,1,1.1
13.08.2021 00:15:13.068,6.48121,6.480480000000001,1,1.1
13.08.2021 00:15:13.169,6.48121,6.4805,1,1.1
13.08.2021 00:15:13.440,6.48121,6.4805,1,1
13.08.2021 00:15:13.490,6.48115,6.480480000000001,1,1
13.08.2021 00:15:13.591,6.48113,6.480480000000001,1,1
13.08.2021 00:15:13.692,6.48112,6.48038,1,1.6
13.08.2021 00:15:15.324,6.48111,6.48038,1,1.6
13.08.2021 00:15:15.425,6.48104,6.480340000000001,1,1
13.08.2021 00:15:15.475,6.48099,6.48033,1,1
13.08.2021 00:15:15.576,6.48095,6.48033,1,1
13.08.2021 00:15:15.677,6.4809,6.480340000000001,1,1
13.08.2021 00:15:15.861,6.480930000000001,6.480340000000001,1,1
13.08.2021 00:15:15.912,6.48091,6.480340000000001,1,1
13.08.2021 00:15:16.063,6.4810300000000005,6.480340000000001,1,1.1
13.08.2021 00:15:16.113,6.48101,6.480440000000001,1,1
13.08.2021 00:15:16.164,6.48107,6.480430000000001,1,1.1
13.08.2021 00:15:16.214,6.48107,6.480430000000001,1,1.1
13.08.2021 00:15:16.350,6.4811000000000005,6.480430000000001,1,1
13.08.2021 00:15:16.400,6.48113,6.480440000000001,1,1.1
13.08.2021 00:15:16.451,6.48113,6.480440000000001,1,1
13.08.2021 00:15:16.551,6.48112,6.480340000000001,1,1.6
13.08.2021 00:15:16.602,6.481140000000001,6.480530000000001,1,1
13.08.2021 00:15:16.725,6.481140000000001,6.48033,1,1.6
13.08.2021 00:15:17.330,6.48113,6.48066,1,1
13.08.2021 00:15:17.381,6.48117,6.480650000000001,1,1
13.08.2021 00:15:17.432,6.48125,6.48042,3.9,1.1
13.08.2021 00:15:17.482,6.48125,6.480480000000001,1.9,1
13.08.2021 00:15:17.533,6.481240000000001,6.48046,1,1
13.08.2021 00:15:17.583,6.48125,6.4804900000000005,1,1.1
13.08.2021 00:15:17.634,6.481240000000001,6.4805,1,1.1
13.08.2021 00:15:17.685,6.48126,6.4805,1,1.1
13.08.2021 00:15:17.786,6.481240000000001,6.48057,1,1
13.08.2021 00:15:17.836,6.481230000000001,6.480440000000001,1,1.1
13.08.2021 00:15:18.160,6.48116,6.480430000000001,1,1.1
13.08.2021 00:15:18.261,6.48116,6.480430000000001,1,1.1
13.08.2021 00:15:18.867,6.48115,6.48046,1,1
13.08.2021 00:15:18.918,6.48115,6.480440000000001,1,1.1
13.08.2021 00:15:20.036,6.481140000000001,6.480440000000001,1,1.1
13.08.2021 00:15:20.087,6.481140000000001,6.48046,1,1
13.08.2021 00:15:20.188,6.48118,6.48046,1,1.1
13.08.2021 00:15:20.760,6.48117,6.48055,1,1.1
13.08.2021 00:15:20.921,6.48132,6.48051,1,1.1
13.08.2021 00:15:20.972,6.48132,6.480480000000001,1,2.1
13.08.2021 00:15:21.283,6.48132,6.48054,1,1.1
13.08.2021 00:15:21.333,6.481230000000001,6.48054,1,1.1
13.08.2021 00:15:22.486,6.481240000000001,6.48051,1,1.5
13.08.2021 00:15:22.664,6.481240000000001,6.48051,1,1
13.08.2021 00:15:24.857,6.48125,6.48052,1,1
13.08.2021 00:15:28.027,6.48125,6.48052,1,1.1
13.08.2021 00:15:28.556,6.48126,6.48051,1,1
13.08.2021 00:15:38.897,6.48126,6.48051,1,1.1
13.08.2021 00:15:38.998,6.48125,6.48052,1,1.1
13.08.2021 00:15:39.115,6.48126,6.480530000000001,1,1.1
13.08.2021 00:15:39.343,6.48125,6.48052,1,1.1
13.08.2021 00:15:41.894,6.48126,6.48051,1,1
13.08.2021 00:15:43.895,6.48125,6.48052,1,1.1
13.08.2021 00:15:50.756,6.48125,6.48052,1,1
13.08.2021 00:16:00.414,6.48126,6.48051,1.1,1
13.08.2021 00:16:02.895,6.48122,6.48052,1,1
13.08.2021 00:16:02.945,6.48125,6.48052,1,1
13.08.2021 00:16:15.390,6.48118,6.48052,1,1
13.08.2021 00:16:15.591,6.48118,6.48038,1,2
13.08.2021 00:16:15.707,6.48117,6.48036,1,1.5
13.08.2021 00:16:15.808,6.48112,6.48036,1,1.5
13.08.2021 00:16:16.643,6.48116,6.48046,1,1.12
13.08.2021 00:16:16.744,6.48113,6.480390000000001,1,1.5
13.08.2021 00:16:16.794,6.48117,6.48038,1.5,1
13.08.2021 00:16:16.845,6.48115,6.4804900000000005,1,1
13.08.2021 00:16:16.895,6.48116,6.480390000000001,1.5,1
13.08.2021 00:16:16.946,6.48113,6.48037,1,1
13.08.2021 00:16:17.047,6.48115,6.4804900000000005,1.5,1
13.08.2021 00:16:17.266,6.48115,6.48042,1,1
13.08.2021 00:16:17.317,6.48115,6.480480000000001,1,1
13.08.2021 00:16:17.367,6.48116,6.48046,1.5,1
13.08.2021 00:16:17.468,6.48116,6.480430000000001,1.5,1
13.08.2021 00:16:17.518,6.481140000000001,6.48042,1,1
13.08.2021 00:16:22.933,6.481140000000001,6.48045,1,1
13.08.2021 00:16:23.084,6.48116,6.480480000000001,1,1
13.08.2021 00:16:25.993,6.48122,6.480480000000001,1,1.1
13.08.2021 00:16:26.044,6.48125,6.480480000000001,1,1.1
13.08.2021 00:16:26.180,6.48126,6.4804900000000005,1,1.1
13.08.2021 00:16:26.281,6.48129,6.480480000000001,1,1.1
13.08.2021 00:16:26.332,6.481240000000001,6.48059,1,1
13.08.2021 00:16:26.382,6.481310000000001,6.480530000000001,1,1.6
13.08.2021 00:16:27.283,6.4813,6.48054,1,1.6
13.08.2021 00:16:27.409,6.48135,6.480530000000001,1,1.6
13.08.2021 00:16:28.495,6.48134,6.480530000000001,1,1.1
13.08.2021 00:16:28.546,6.481240000000001,6.480530000000001,1,3
13.08.2021 00:16:28.651,6.481280000000001,6.480530000000001,1,1.1
13.08.2021 00:16:29.099,6.48127,6.48054,1,1.1
13.08.2021 00:16:29.199,6.48127,6.480530000000001,1,1.1
13.08.2021 00:16:29.521,6.481310000000001,6.48054,1,1.1
13.08.2021 00:16:29.719,6.48132,6.480530000000001,1,1
13.08.2021 00:16:29.820,6.481310000000001,6.480530000000001,1,1
13.08.2021 00:16:30.169,6.481310000000001,6.48054,1,1.1
13.08.2021 00:16:30.583,6.48127,6.48054,1,1.6
13.08.2021 00:16:30.633,6.481310000000001,6.48054,1,1.1
13.08.2021 00:16:30.897,6.48132,6.48052,1,1
13.08.2021 00:16:31.978,6.481310000000001,6.48054,1,1.1
13.08.2021 00:16:32.227,6.48132,6.48052,1,1.1
13.08.2021 00:16:32.943,6.48125,6.48052,1,1.1
13.08.2021 00:16:32.994,6.48127,6.480530000000001,1,1.1
13.08.2021 00:16:33.045,6.481310000000001,6.480530000000001,1,1.6
13.08.2021 00:16:33.095,6.4813,6.48054,1,1
13.08.2021 00:16:33.234,6.4813,6.480530000000001,1,1
13.08.2021 00:16:33.389,6.4812,6.480530000000001,1,1
13.08.2021 00:16:33.490,6.48082,6.480230000000001,1,1.6
13.08.2021 00:16:33.541,6.48092,6.48024,1,1.6
13.08.2021 00:16:33.641,6.4809,6.48024,1,1
13.08.2021 00:16:33.692,6.48066,6.48015,1,1
13.08.2021 00:16:33.794,6.4805600000000005,6.4801400000000005,1,1
13.08.2021 00:16:33.895,6.4804900000000005,6.4801400000000005,1,1
13.08.2021 00:16:33.996,6.480480000000001,6.48,1,1
13.08.2021 00:16:34.987,6.480480000000001,6.47996,1,1
13.08.2021 00:16:36.098,6.480440000000001,6.4799500000000005,1,1
13.08.2021 00:16:36.299,6.48046,6.480080000000001,1,1
13.08.2021 00:16:36.350,6.48057,6.480090000000001,1,1.1
13.08.2021 00:16:36.450,6.480830000000001,6.4801400000000005,1,1.1
13.08.2021 00:16:36.551,6.4809,6.480160000000001,1,1.1
13.08.2021 00:16:36.659,6.4809600000000005,6.480180000000001,1.5,1.1
13.08.2021 00:16:36.709,6.4809,6.48017,1,1.1
13.08.2021 00:16:36.913,6.4809,6.4802,1,1.1
13.08.2021 00:16:37.443,6.4809,6.48024,1,1.1
13.08.2021 00:16:37.544,6.48091,6.48024,1,1.1
13.08.2021 00:16:38.073,6.48091,6.480250000000001,1,1.1
13.08.2021 00:16:38.469,6.48097,6.480250000000001,1,1.1
13.08.2021 00:16:38.519,6.48094,6.48024,1,1.1
13.08.2021 00:16:39.544,6.480930000000001,6.48024,1,1.1
13.08.2021 00:16:39.813,6.480930000000001,6.480230000000001,1,1.1
13.08.2021 00:16:40.635,6.48067,6.4802100000000005,1,1.1
13.08.2021 00:16:40.685,6.48082,6.480130000000001,1.5,1.6
13.08.2021 00:16:40.786,6.48067,6.48003,1,1.6
13.08.2021 00:16:40.887,6.48073,6.48006,1,1.1
13.08.2021 00:16:40.937,6.48072,6.480080000000001,1,1.1
13.08.2021 00:16:41.089,6.4808,6.480080000000001,1,1.1
13.08.2021 00:16:41.240,6.480790000000001,6.48012,1,1.1
13.08.2021 00:16:41.956,6.48076,6.48012,1,1.1
13.08.2021 00:16:42.640,6.48077,6.4801,1,1.1
13.08.2021 00:16:42.800,6.48077,6.480080000000001,1,1.1
13.08.2021 00:16:44.948,6.48076,6.48005,1,1.1
13.08.2021 00:16:45.691,6.48076,6.480040000000001,1,1.1
13.08.2021 00:16:48.217,6.48076,6.480040000000001,1,1.1
13.08.2021 00:16:48.318,6.48081,6.480130000000001,1,1
13.08.2021 00:16:48.620,6.4808,6.480090000000001,1,1.1
13.08.2021 00:16:54.228,6.4808,6.48006,1,1
13.08.2021 00:16:56.311,6.4808,6.480040000000001,1,1
13.08.2021 00:16:56.361,6.48078,6.48003,1,1
13.08.2021 00:16:56.462,6.48077,6.47994,1,1
13.08.2021 00:16:56.512,6.48073,6.479990000000001,1,1
13.08.2021 00:16:56.613,6.480700000000001,6.47998,1,1
13.08.2021 00:16:56.839,6.480650000000001,6.47994,1,1
13.08.2021 00:16:56.990,6.48062,6.4799500000000005,1,1.5
13.08.2021 00:16:57.972,6.48062,6.4799500000000005,1,1
13.08.2021 00:17:01.545,6.48067,6.48003,1,1
13.08.2021 00:17:01.646,6.48069,6.48003,1,1
13.08.2021 00:17:01.697,6.48072,6.480040000000001,1,1
13.08.2021 00:17:02.583,6.48072,6.4799500000000005,1,1
13.08.2021 00:17:02.684,6.480700000000001,6.4799500000000005,1,1.5
13.08.2021 00:17:02.864,6.48068,6.480040000000001,1,1
13.08.2021 00:17:04.289,6.480700000000001,6.4799500000000005,1,1.87
13.08.2021 00:17:05.738,6.480700000000001,6.4799500000000005,1.1,1.12
13.08.2021 00:17:06.992,6.48069,6.4799500000000005,1,1
13.08.2021 00:17:11.336,6.48069,6.4799500000000005,1.1,1
13.08.2021 00:17:22.484,6.48067,6.47994,1,1
13.08.2021 00:17:23.882,6.48068,6.4799500000000005,1.1,1
13.08.2021 00:17:23.983,6.48069,6.4799500000000005,1,1
13.08.2021 00:17:24.033,6.48071,6.47997,1,1
13.08.2021 00:17:24.134,6.48069,6.480040000000001,1,1
13.08.2021 00:17:24.184,6.48073,6.480040000000001,1.1,1
13.08.2021 00:17:24.324,6.480740000000001,6.48003,1,1
13.08.2021 00:17:24.377,6.480740000000001,6.47997,1,1
13.08.2021 00:17:25.545,6.480740000000001,6.47997,1,1.3
13.08.2021 00:17:31.548,6.48076,6.47998,1,1.3
13.08.2021 00:17:40.637,6.480790000000001,6.47993,1.1,2.17
13.08.2021 00:17:40.738,6.48078,6.47994,1,2.17
13.08.2021 00:17:47.626,6.48078,6.480040000000001,1,1
13.08.2021 00:17:50.514,6.480740000000001,6.48003,1,1
13.08.2021 00:17:51.017,6.48073,6.47994,1,1.3
13.08.2021 00:17:56.327,6.48076,6.47993,1,1.3
13.08.2021 00:18:14.749,6.4807500000000005,6.47993,1,1.3
13.08.2021 00:18:33.683,6.480740000000001,6.480040000000001,1,1
13.08.2021 00:18:33.734,6.48077,6.48003,1,1
13.08.2021 00:18:33.835,6.480830000000001,6.48006,1,1
13.08.2021 00:18:33.935,6.4808900000000005,6.480160000000001,1,1
13.08.2021 00:18:34.036,6.481,6.480250000000001,1,1
13.08.2021 00:18:34.087,6.4810300000000005,6.4802800000000005,1,1
13.08.2021 00:18:34.805,6.480980000000001,6.48029,1,1
13.08.2021 00:18:34.956,6.48097,6.48029,1,1
13.08.2021 00:18:36.081,6.48101,6.48029,1,1
13.08.2021 00:18:36.184,6.48106,6.48029,1.5,1
13.08.2021 00:18:37.042,6.481050000000001,6.48029,1,1
13.08.2021 00:18:37.251,6.48106,6.48029,1.5,1
13.08.2021 00:18:38.095,6.481050000000001,6.48029,1,1
13.08.2021 00:18:39.974,6.48106,6.48029,1.5,1.3
13.08.2021 00:18:42.313,6.48102,6.48029,1,1.3
13.08.2021 00:18:42.414,6.48106,6.48029,1.5,1.3
13.08.2021 00:18:44.117,6.4810300000000005,6.4802800000000005,1,1.3
13.08.2021 00:18:44.218,6.48086,6.480130000000001,1,1.3
13.08.2021 00:18:44.369,6.4808,6.480090000000001,1,1.3
13.08.2021 00:18:44.420,6.48082,6.4801,1,1.3
13.08.2021 00:18:44.520,6.48081,6.480080000000001,1,1.42
13.08.2021 00:18:45.499,6.480790000000001,6.480080000000001,1,1.42
13.08.2021 00:18:45.572,6.480790000000001,6.4801400000000005,1,1.3
13.08.2021 00:18:49.678,6.48085,6.48015,1,1.3
13.08.2021 00:18:49.778,6.48087,6.48015,1,1.3
13.08.2021 00:18:53.220,6.48087,6.480230000000001,1,1
13.08.2021 00:18:54.171,6.48087,6.480300000000001,1,1
13.08.2021 00:18:55.442,6.48091,6.48029,1,1
13.08.2021 00:18:55.543,6.48097,6.4802,1,1
13.08.2021 00:18:55.593,6.480930000000001,6.4802100000000005,1,1
13.08.2021 00:19:00.774,6.480980000000001,6.4802,1,1
13.08.2021 00:19:03.082,6.4809,6.4802,1,1
13.08.2021 00:19:03.183,6.4809,6.4802100000000005,1,1
13.08.2021 00:19:03.285,6.480880000000001,6.4802,1,1
13.08.2021 00:19:03.397,6.48081,6.4802100000000005,1,1
13.08.2021 00:19:03.447,6.48081,6.480180000000001,1,1
13.08.2021 00:19:03.869,6.48087,6.48017,1,1
13.08.2021 00:19:05.306,6.4808900000000005,6.48017,1.5,1
13.08.2021 00:19:05.357,6.480880000000001,6.48031,1,1
13.08.2021 00:19:07.394,6.48087,6.48031,1,1
13.08.2021 00:19:07.445,6.480880000000001,6.48022,1,1.3
13.08.2021 00:19:07.497,6.48087,6.480230000000001,1,1
13.08.2021 00:19:10.092,6.48087,6.4804,1,1
13.08.2021 00:19:10.711,6.48087,6.4802800000000005,1,1
13.08.2021 00:19:12.233,6.48087,6.4802100000000005,1,1
13.08.2021 00:19:18.839,6.480880000000001,6.48052,1,1
13.08.2021 00:19:18.890,6.48116,6.48066,1.5,1
13.08.2021 00:19:18.991,6.481240000000001,6.48068,1.5,1
13.08.2021 00:19:19.092,6.481140000000001,6.48061,1,1
13.08.2021 00:19:19.193,6.48106,6.480530000000001,1,1
13.08.2021 00:19:19.301,6.481240000000001,6.48095,1.5,1
13.08.2021 00:19:19.351,6.48127,6.48059,1.5,1
13.08.2021 00:19:19.402,6.48127,6.480630000000001,1,1
13.08.2021 00:19:19.485,6.48127,6.48082,1.5,1
13.08.2021 00:19:19.586,6.481310000000001,6.48099,1,1
13.08.2021 00:19:19.637,6.481380000000001,6.48097,2.25,1
13.08.2021 00:19:19.688,6.48134,6.48097,1.5,1
13.08.2021 00:19:19.789,6.48134,6.48094,1.5,1
13.08.2021 00:19:19.839,6.48134,6.4809600000000005,1.5,1
13.08.2021 00:19:19.890,6.481380000000001,6.4809600000000005,2.25,1
13.08.2021 00:19:19.991,6.48139,6.48097,1,1
13.08.2021 00:19:20.142,6.48139,6.481,1,1
13.08.2021 00:19:20.855,6.48155,6.4810300000000005,1,1
13.08.2021 00:19:21.005,6.48147,6.48102,1,1
13.08.2021 00:19:38.436,6.48147,6.480980000000001,1,1
13.08.2021 00:19:50.269,6.48147,6.48101,1,1
13.08.2021 00:19:50.370,6.48147,6.4810300000000005,1,1
13.08.2021 00:19:50.471,6.48137,6.48101,1,1
13.08.2021 00:19:50.733,6.48137,6.4810300000000005,1,1
13.08.2021 00:20:02.136,6.4814300000000005,6.4810300000000005,1,1
13.08.2021 00:20:02.288,6.4814300000000005,6.481050000000001,1,1
13.08.2021 00:20:12.737,6.48144,6.48101,1,1
13.08.2021 00:20:47.547,6.48151,6.48101,1,1
13.08.2021 00:20:51.100,6.48152,6.48101,1,1
13.08.2021 00:20:55.964,6.48147,6.48101,1,1
13.08.2021 00:21:24.760,6.48147,6.48097,1,1
13.08.2021 00:21:38.749,6.4814300000000005,6.480980000000001,1,1
13.08.2021 00:21:38.799,6.481450000000001,6.480930000000001,1.1,1
13.08.2021 00:21:38.850,6.4814300000000005,6.480980000000001,1,1
13.08.2021 00:21:38.951,6.48137,6.48097,1,1
13.08.2021 00:21:39.002,6.481380000000001,6.480930000000001,1,1
13.08.2021 00:21:39.382,6.481380000000001,6.48095,1,1
13.08.2021 00:21:40.021,6.481450000000001,6.48095,1,1
13.08.2021 00:22:06.991,6.48139,6.4809600000000005,1,1
13.08.2021 00:22:07.093,6.48144,6.48097,1,1
13.08.2021 00:22:07.194,6.48135,6.4809600000000005,1,1
13.08.2021 00:22:07.245,6.48134,6.480930000000001,1,1.5
13.08.2021 00:22:07.376,6.481330000000001,6.480930000000001,1,1.5
13.08.2021 00:22:07.427,6.4813600000000005,6.48092,1.5,1.5
13.08.2021 00:22:07.478,6.48141,6.48094,1,1
13.08.2021 00:22:07.580,6.48142,6.4809600000000005,1,1
13.08.2021 00:22:07.758,6.48148,6.48099,1,1
13.08.2021 00:22:07.859,6.481490000000001,6.48099,1,1.5
13.08.2021 00:22:11.251,6.48147,6.480980000000001,1,1
13.08.2021 00:22:11.302,6.48151,6.480980000000001,1.5,1
13.08.2021 00:22:11.355,6.481490000000001,6.480980000000001,1,1
13.08.2021 00:22:11.456,6.481400000000001,6.4809600000000005,1,1
13.08.2021 00:22:12.111,6.48146,6.48101,1.5,1
13.08.2021 00:22:21.585,6.4815000000000005,6.481,1,1
13.08.2021 00:22:22.061,6.48151,6.481,1,1
13.08.2021 00:22:23.179,6.481540000000001,6.48104,1,1
13.08.2021 00:22:23.313,6.48155,6.48104,1.57,1
13.08.2021 00:22:25.633,6.48151,6.48104,1,1
13.08.2021 00:22:31.726,6.48147,6.480980000000001,1,1
13.08.2021 00:22:31.777,6.48151,6.48102,1,1
13.08.2021 00:22:31.928,6.4814300000000005,6.4809600000000005,1,1
13.08.2021 00:22:32.245,6.481450000000001,6.480980000000001,1,1
13.08.2021 00:22:32.401,6.481450000000001,6.48097,1,1
13.08.2021 00:23:33.977,6.481450000000001,6.48094,1.5,1.12
13.08.2021 00:23:34.138,6.48144,6.48094,1.5,1.5
13.08.2021 00:23:35.143,6.48144,6.48094,1.5,1.5
13.08.2021 00:23:38.164,6.48144,6.4809600000000005,1.5,1.1
13.08.2021 00:23:38.215,6.48144,6.48099,1,1
13.08.2021 00:23:39.293,6.481450000000001,6.48102,1,1.1
13.08.2021 00:23:45.644,6.481450000000001,6.48106,1,1.1
13.08.2021 00:23:48.657,6.481450000000001,6.480980000000001,1,1.12
13.08.2021 00:23:51.878,6.48141,6.48099,1,1.12
13.08.2021 00:23:52.196,6.48142,6.48094,1,1.5
13.08.2021 00:23:55.426,6.4814300000000005,6.48095,1,1.5
13.08.2021 00:23:56.704,6.4814300000000005,6.48095,1,1.5
13.08.2021 00:23:57.711,6.48144,6.48094,1,1.5
13.08.2021 00:24:10.809,6.48147,6.4809600000000005,1,1.12
13.08.2021 00:24:12.265,6.48148,6.48095,1,1.5
13.08.2021 00:24:37.947,6.48142,6.48095,1,1.5
13.08.2021 00:24:38.362,6.4814300000000005,6.48094,1,1.5
13.08.2021 00:24:45.136,6.48139,6.48092,1,1.5
13.08.2021 00:24:45.391,6.48139,6.48092,1,1
13.08.2021 00:25:02.046,6.4813,6.480930000000001,1,1
13.08.2021 00:25:02.147,6.48135,6.48092,1.49,1
13.08.2021 00:25:02.248,6.48134,6.480930000000001,1,1
13.08.2021 00:25:02.868,6.48139,6.48092,1,1
13.08.2021 00:25:02.919,6.48139,6.48095,1,1
13.08.2021 00:25:03.149,6.48144,6.48095,1,1
13.08.2021 00:25:10.720,6.48139,6.4809600000000005,1,1
13.08.2021 00:25:10.821,6.4813600000000005,6.48094,1.5,1
13.08.2021 00:25:10.922,6.48137,6.48092,1.5,1
13.08.2021 00:25:11.747,6.481380000000001,6.48092,1,1
13.08.2021 00:25:11.798,6.481400000000001,6.480930000000001,1,1.5
13.08.2021 00:25:11.900,6.48141,6.4809600000000005,1,1
13.08.2021 00:25:12.001,6.4814300000000005,6.48097,1,1
13.08.2021 00:25:17.857,6.48144,6.480930000000001,1,1.5
13.08.2021 00:25:21.601,6.481400000000001,6.48094,1,1.5
13.08.2021 00:25:21.858,6.481400000000001,6.480930000000001,1,1.5
13.08.2021 00:25:31.018,6.481400000000001,6.48097,1,1
13.08.2021 00:25:31.510,6.48142,6.48094,1,1.12
13.08.2021 00:25:31.914,6.48142,6.48094,1,1.5
13.08.2021 00:25:37.555,6.4814300000000005,6.48095,1.1,1.5
13.08.2021 00:25:40.952,6.48142,6.48092,1,1.5
13.08.2021 00:25:41.053,6.481310000000001,6.48092,1,1.5
13.08.2021 00:25:41.154,6.481330000000001,6.480930000000001,1,1.5
13.08.2021 00:25:41.205,6.48102,6.48092,1,1
13.08.2021 00:25:41.256,6.4808900000000005,6.48045,1,1.12
13.08.2021 00:25:41.306,6.48081,6.48052,1,1.12
13.08.2021 00:25:41.407,6.480740000000001,6.4802100000000005,1,1.25
13.08.2021 00:25:41.508,6.48072,6.4802,1,1
13.08.2021 00:25:41.609,6.48064,6.48011,1,2.19
13.08.2021 00:25:41.710,6.480630000000001,6.48012,1,1.12
13.08.2021 00:25:41.861,6.480580000000001,6.48012,1,1
13.08.2021 00:25:42.164,6.48051,6.48012,1,1
13.08.2021 00:25:42.370,6.48051,6.48005,1,1
13.08.2021 00:25:42.542,6.48047,6.48003,1,1
13.08.2021 00:25:42.592,6.48045,6.47996,1,1
13.08.2021 00:25:42.693,6.480440000000001,6.47996,1,1
13.08.2021 00:25:43.367,6.48045,6.4798800000000005,1,1.5
13.08.2021 00:25:43.543,6.480440000000001,6.47989,1,1
13.08.2021 00:25:50.281,6.48045,6.4799500000000005,1,1
13.08.2021 00:25:50.331,6.480440000000001,6.47989,1,1.5
13.08.2021 00:25:56.426,6.480390000000001,6.47989,1,1
13.08.2021 00:26:01.493,6.48046,6.47994,1.5,1
13.08.2021 00:26:02.626,6.48047,6.47998,1,1
13.08.2021 00:26:19.699,6.48041,6.479990000000001,1,1
13.08.2021 00:26:29.535,6.48041,6.47998,1,1
13.08.2021 00:26:41.899,6.48047,6.479990000000001,1,1
13.08.2021 00:26:42.067,6.480390000000001,6.47998,1,1
13.08.2021 00:26:42.870,6.48045,6.479990000000001,1,1
13.08.2021 00:26:42.921,6.4804,6.479990000000001,1,1
13.08.2021 00:26:42.971,6.480430000000001,6.47998,1,1
13.08.2021 00:26:43.173,6.480480000000001,6.479990000000001,1,1
13.08.2021 00:26:43.224,6.48052,6.479990000000001,1,1
13.08.2021 00:26:43.325,6.480530000000001,6.4799500000000005,1,1
13.08.2021 00:26:43.375,6.480530000000001,6.480080000000001,1,1
13.08.2021 00:26:43.426,6.48057,6.480080000000001,1,1
13.08.2021 00:26:43.477,6.480700000000001,6.480080000000001,1,1
13.08.2021 00:26:43.578,6.48069,6.480080000000001,1,1
13.08.2021 00:26:43.629,6.48066,6.480080000000001,1,1
13.08.2021 00:26:43.679,6.48076,6.48007,1,1
13.08.2021 00:26:43.881,6.48062,6.480080000000001,1,1
13.08.2021 00:26:44.032,6.48067,6.48007,1,1
13.08.2021 00:26:44.493,6.48062,6.480080000000001,1,1
13.08.2021 00:26:44.598,6.480700000000001,6.48007,1,1
13.08.2021 00:26:44.713,6.48059,6.480080000000001,1,1
13.08.2021 00:26:45.061,6.4806,6.48003,1,1
13.08.2021 00:26:45.483,6.480650000000001,6.48003,1,1
13.08.2021 00:26:45.692,6.48059,6.480040000000001,1,1
13.08.2021 00:26:46.499,6.48062,6.48006,1,1
13.08.2021 00:26:46.600,6.480630000000001,6.48006,1,1
13.08.2021 00:26:46.651,6.480650000000001,6.48007,1,1
13.08.2021 00:26:46.752,6.48064,6.480040000000001,1,1.5
13.08.2021 00:26:46.804,6.48061,6.48006,1,1
13.08.2021 00:26:47.263,6.48061,6.480040000000001,1,1
13.08.2021 00:26:47.314,6.4806,6.48003,1,1
13.08.2021 00:26:47.796,6.48059,6.48006,1,1
13.08.2021 00:26:48.055,6.48062,6.48003,1,1
13.08.2021 00:26:48.105,6.48064,6.480080000000001,1,1
13.08.2021 00:26:48.169,6.48064,6.48006,1,1
13.08.2021 00:26:48.270,6.48059,6.480040000000001,1,1
13.08.2021 00:26:48.703,6.48059,6.480080000000001,1,1
13.08.2021 00:26:48.754,6.48067,6.48011,1,1
13.08.2021 00:26:48.889,6.48069,6.48015,1,1
13.08.2021 00:26:48.990,6.48071,6.480160000000001,1,1
13.08.2021 00:26:49.141,6.48068,6.480130000000001,1,1
13.08.2021 00:26:50.851,6.48072,6.48006,1,1
13.08.2021 00:26:50.902,6.48066,6.48011,1,1
13.08.2021 00:26:57.635,6.48069,6.48015,1,1
13.08.2021 00:26:57.786,6.48073,6.48022,1,1
13.08.2021 00:26:57.975,6.48073,6.480180000000001,1,1
13.08.2021 00:26:58.026,6.48072,6.48017,1,1
13.08.2021 00:27:03.335,6.48076,6.4801400000000005,1,1.5
13.08.2021 00:27:03.385,6.48078,6.48022,1,1
13.08.2021 00:27:03.486,6.480790000000001,6.48029,1,1
13.08.2021 00:27:03.587,6.48085,6.480390000000001,1.5,1
13.08.2021 00:27:03.738,6.48086,6.48038,1,1
13.08.2021 00:27:04.185,6.4808900000000005,6.48038,1,1
13.08.2021 00:27:04.286,6.48095,6.48038,1,1
13.08.2021 00:27:05.075,6.480930000000001,6.48041,1,1
13.08.2021 00:27:05.176,6.4809600000000005,6.48041,1,1
13.08.2021 00:27:05.276,6.4809600000000005,6.480390000000001,1,1
13.08.2021 00:27:09.092,6.48092,6.480390000000001,1,1
13.08.2021 00:27:22.948,6.48094,6.480390000000001,1,1
13.08.2021 00:27:23.465,6.48095,6.48038,1.1,1
13.08.2021 00:27:24.074,6.48092,6.480390000000001,1,1
13.08.2021 00:27:25.067,6.480830000000001,6.480390000000001,1,1
13.08.2021 00:27:25.168,6.480840000000001,6.48031,1,1.5
13.08.2021 00:27:25.219,6.4807500000000005,6.48031,1,1
13.08.2021 00:27:25.319,6.48067,6.48022,1,1
13.08.2021 00:27:25.421,6.48072,6.48022,1,1
13.08.2021 00:27:26.131,6.480740000000001,6.480230000000001,1,1.5
13.08.2021 00:27:26.232,6.48087,6.48033,1,1
13.08.2021 00:27:26.354,6.480880000000001,6.48033,1,1
13.08.2021 00:27:26.454,6.48097,6.48033,1.5,1
13.08.2021 00:27:26.560,6.48092,6.480340000000001,1,1
13.08.2021 00:27:26.711,6.48097,6.48033,1,1
13.08.2021 00:27:27.549,6.4809600000000005,6.48031,1,1
13.08.2021 00:27:27.600,6.4809,6.48032,1,1
13.08.2021 00:27:27.701,6.480840000000001,6.48032,1,1
13.08.2021 00:27:28.078,6.480830000000001,6.48029,1,1
13.08.2021 00:27:28.128,6.48086,6.48032,1,1
13.08.2021 00:27:28.179,6.48094,6.4803500000000005,1,1
13.08.2021 00:27:28.229,6.48094,6.480390000000001,1,1
13.08.2021 00:27:28.280,6.480930000000001,6.48037,1,1
13.08.2021 00:27:28.330,6.480880000000001,6.480340000000001,1,1
13.08.2021 00:27:28.431,6.480830000000001,6.48033,1,1
13.08.2021 00:27:28.482,6.48086,6.480340000000001,1,1
13.08.2021 00:27:28.582,6.480930000000001,6.4804,1,1
13.08.2021 00:27:28.633,6.48094,6.480340000000001,1,1
13.08.2021 00:27:28.683,6.48085,6.480340000000001,1,1
13.08.2021 00:27:28.785,6.48085,6.48033,1,1
13.08.2021 00:27:29.013,6.4808,6.48033,1,1
13.08.2021 00:27:32.876,6.48081,6.48024,1,1
13.08.2021 00:27:32.977,6.48077,6.480230000000001,1,1
13.08.2021 00:27:33.178,6.48081,6.480300000000001,1,1
13.08.2021 00:27:33.279,6.480880000000001,6.48037,1,1
13.08.2021 00:27:33.430,6.480880000000001,6.4803500000000005,1,1
13.08.2021 00:27:33.589,6.480840000000001,6.480340000000001,1,1.5
13.08.2021 00:27:33.689,6.480830000000001,6.48031,1,1
13.08.2021 00:27:35.097,6.480840000000001,6.48031,1,1
13.08.2021 00:27:35.148,6.480880000000001,6.48036,1,1
13.08.2021 00:27:35.388,6.480930000000001,6.480300000000001,1,1
13.08.2021 00:27:35.439,6.48082,6.48031,1,1
13.08.2021 00:27:35.848,6.48085,6.480340000000001,1,1
13.08.2021 00:27:35.899,6.48091,6.48036,1,1
13.08.2021 00:27:36.000,6.480840000000001,6.48032,1,1
13.08.2021 00:27:36.410,6.48085,6.480300000000001,1,1
13.08.2021 00:27:36.511,6.48081,6.48031,1,1
13.08.2021 00:27:36.732,6.48082,6.48026,1,1.5
13.08.2021 00:27:36.783,6.48082,6.480250000000001,1,1
13.08.2021 00:27:36.898,6.48085,6.4802,1,1
13.08.2021 00:27:37.182,6.48085,6.4801400000000005,1,1.5
13.08.2021 00:27:37.865,6.480840000000001,6.48015,1,1
13.08.2021 00:27:50.622,6.48078,6.480230000000001,1,1
13.08.2021 00:27:50.723,6.480880000000001,6.48037,1,1
13.08.2021 00:27:50.774,6.480830000000001,6.480300000000001,1,1
13.08.2021 00:28:09.348,6.480830000000001,6.48031,1,1
13.08.2021 00:28:16.870,6.480840000000001,6.48029,1,1
13.08.2021 00:28:45.856,6.48087,6.480340000000001,1,1
13.08.2021 00:28:45.957,6.48091,6.480390000000001,1,1
13.08.2021 00:28:46.058,6.4808900000000005,6.48037,1,1
13.08.2021 00:28:46.159,6.48107,6.480530000000001,1,1
13.08.2021 00:28:46.260,6.48101,6.48046,1,1
13.08.2021 00:28:47.077,6.48097,6.480440000000001,1,1
13.08.2021 00:28:47.178,6.480930000000001,6.4804,1,1
13.08.2021 00:28:57.868,6.48091,6.48041,1,1
13.08.2021 00:29:04.552,6.481,6.48046,1,1
13.08.2021 00:29:04.603,6.48107,6.480580000000001,2.25,1
13.08.2021 00:29:04.704,6.48107,6.48052,1.5,1
13.08.2021 00:29:04.754,6.4809600000000005,6.4804900000000005,1,1
13.08.2021 00:29:04.855,6.48097,6.48042,1,1
13.08.2021 00:29:05.178,6.4809600000000005,6.48046,1,1
13.08.2021 00:29:05.228,6.481050000000001,6.48052,1,1
13.08.2021 00:29:05.279,6.48113,6.48057,1.5,1
13.08.2021 00:29:05.430,6.48108,6.48055,1.5,1
13.08.2021 00:29:05.480,6.48108,6.48062,1,1
13.08.2021 00:29:05.581,6.48115,6.48068,1,1
13.08.2021 00:29:05.978,6.48122,6.48073,1.5,1
13.08.2021 00:29:06.029,6.481230000000001,6.48072,1,1
13.08.2021 00:29:06.180,6.48118,6.48066,1,1
13.08.2021 00:29:06.368,6.481190000000001,6.48064,1,1
13.08.2021 00:29:06.558,6.48118,6.48061,1,1.5
13.08.2021 00:29:06.609,6.48117,6.4806,1,1
13.08.2021 00:29:07.017,6.4812,6.4805600000000005,1,1
13.08.2021 00:29:07.068,6.48117,6.4805,1,1
13.08.2021 00:29:07.119,6.48117,6.480650000000001,1,1
13.08.2021 00:29:07.220,6.48121,6.48072,1,1
13.08.2021 00:29:07.321,6.481230000000001,6.48072,1,1
13.08.2021 00:29:07.472,6.48121,6.48069,1,1
13.08.2021 00:29:07.906,6.4812,6.48066,1,1
13.08.2021 00:29:08.333,6.48121,6.48064,1,1
13.08.2021 00:29:09.097,6.481140000000001,6.480700000000001,1,1.5
13.08.2021 00:29:09.248,6.48126,6.48078,1,1
13.08.2021 00:29:09.478,6.48125,6.480740000000001,1,1
13.08.2021 00:29:09.648,6.481190000000001,6.480700000000001,1,1
13.08.2021 00:29:09.866,6.48117,6.480700000000001,1,1
13.08.2021 00:29:09.967,6.48125,6.48078,1,1
13.08.2021 00:29:10.017,6.48125,6.480740000000001,1,1
13.08.2021 00:29:10.068,6.481190000000001,6.48071,1,1
13.08.2021 00:29:10.226,6.48118,6.48067,1,1
13.08.2021 00:29:10.357,6.48118,6.48064,1.5,1
13.08.2021 00:29:19.143,6.48116,6.48062,1,1
13.08.2021 00:29:19.387,6.481230000000001,6.48069,1.12,1.5
13.08.2021 00:29:19.488,6.481230000000001,6.480790000000001,1,1
13.08.2021 00:29:19.538,6.48129,6.48078,1,1
13.08.2021 00:29:19.589,6.48126,6.4807500000000005,1,1
13.08.2021 00:29:19.690,6.48121,6.480740000000001,1,1
13.08.2021 00:29:19.791,6.4812,6.48069,1,1
13.08.2021 00:29:20.028,6.48117,6.48066,1,1
13.08.2021 00:29:27.625,6.48113,6.48059,1,1
13.08.2021 00:29:27.726,6.48118,6.4805,1,1.12
13.08.2021 00:29:27.877,6.48115,6.480440000000001,1,2
13.08.2021 00:29:28.028,6.48102,6.48033,1,1.5
13.08.2021 00:29:28.179,6.4810300000000005,6.48054,1,1.5
13.08.2021 00:29:28.229,6.48109,6.48055,1.1,1
13.08.2021 00:29:28.280,6.48109,6.48064,1,1
13.08.2021 00:29:28.380,6.481140000000001,6.48066,1,1
13.08.2021 00:29:28.505,6.48112,6.48064,1,1
13.08.2021 00:29:28.556,6.48113,6.48061,1,1
13.08.2021 00:29:28.662,6.4811000000000005,6.48055,1,1
13.08.2021 00:29:29.079,6.48113,6.48052,1.5,1
13.08.2021 00:29:29.130,6.481140000000001,6.480480000000001,1,1
13.08.2021 00:29:29.274,6.4811000000000005,6.480530000000001,1,1
13.08.2021 00:29:36.300,6.48106,6.480530000000001,1,1
13.08.2021 00:29:36.351,6.4810300000000005,6.4804900000000005,1,1
13.08.2021 00:29:36.451,6.4810300000000005,6.480530000000001,1,1
13.08.2021 00:29:36.502,6.48106,6.48057,1,1
13.08.2021 00:29:36.552,6.48107,6.480650000000001,1,1
13.08.2021 00:29:36.603,6.48113,6.48066,1,1
13.08.2021 00:29:36.756,6.48115,6.4807500000000005,1,1
13.08.2021 00:29:36.806,6.4812,6.48071,1,1
13.08.2021 00:29:36.907,6.48121,6.48068,1,1
13.08.2021 00:29:36.957,6.48115,6.48064,1,1
13.08.2021 00:29:37.162,6.48116,6.48051,1,1.5
13.08.2021 00:29:38.116,6.48117,6.4805,1,1
13.08.2021 00:29:38.167,6.48113,6.480650000000001,1,1
13.08.2021 00:29:38.217,6.4812,6.48073,1.12,1
13.08.2021 00:29:38.368,6.48121,6.480740000000001,1.5,1
13.08.2021 00:29:38.419,6.48117,6.480740000000001,1,1
13.08.2021 00:29:38.469,6.48117,6.48069,1,1
13.08.2021 00:29:38.570,6.48121,6.48068,1,1
13.08.2021 00:29:38.671,6.48117,6.48061,1,1
13.08.2021 00:29:38.826,6.48117,6.480530000000001,1,1
13.08.2021 00:29:38.997,6.48117,6.48051,1,1.5
13.08.2021 00:29:39.686,6.48116,6.4804900000000005,1,1
13.08.2021 00:29:44.468,6.48108,6.48054,1,1
13.08.2021 00:29:45.107,6.48108,6.480530000000001,1,1
13.08.2021 00:29:45.210,6.481050000000001,6.48051,1,1
13.08.2021 00:29:56.080,6.481,6.4804900000000005,1,1
13.08.2021 00:29:56.181,6.48092,6.48042,1,1
13.08.2021 00:29:56.282,6.4808900000000005,6.48041,1,1
13.08.2021 00:29:56.391,6.48086,6.48037,1,1
13.08.2021 00:29:56.442,6.48086,6.480340000000001,1,1.5
13.08.2021 00:29:57.078,6.480880000000001,6.48036,1,1
13.08.2021 00:29:57.128,6.4808900000000005,6.48038,1,1
13.08.2021 00:29:57.231,6.4808900000000005,6.4804,1,1
13.08.2021 00:29:58.199,6.48099,6.48057,1,1
13.08.2021 00:29:58.250,6.48109,6.4806,1.6,1
13.08.2021 00:29:58.300,6.4811000000000005,6.48062,1,1
13.08.2021 00:29:58.351,6.48109,6.48059,1,1
13.08.2021 00:29:58.452,6.48112,6.480580000000001,1.12,1
13.08.2021 00:29:58.749,6.48112,6.48057,1.12,1
13.08.2021 00:29:58.800,6.48107,6.4805600000000005,1,1
13.08.2021 00:29:59.273,6.481050000000001,6.48051,1,1
13.08.2021 00:30:01.074,6.48109,6.48054,1,1
13.08.2021 00:30:01.124,6.4811000000000005,6.48059,1.5,1
13.08.2021 00:30:01.225,6.48111,6.480630000000001,1.5,1
13.08.2021 00:30:01.477,6.48112,6.480630000000001,1,1
13.08.2021 00:30:02.077,6.48112,6.4805600000000005,1,1
13.08.2021 00:30:02.372,6.48112,6.48055,1.5,1
13.08.2021 00:30:02.473,6.48106,6.480530000000001,1,1.12
13.08.2021 00:30:03.928,6.48102,6.480530000000001,1,1
13.08.2021 00:30:04.369,6.4810300000000005,6.4805,1,1
13.08.2021 00:30:05.098,6.48104,6.4805,1,1
13.08.2021 00:30:13.089,6.48104,6.48055,1,1
13.08.2021 00:30:13.190,6.48107,6.48064,1,1
13.08.2021 00:30:13.291,6.4811000000000005,6.48067,1,1
13.08.2021 00:30:13.342,6.48109,6.480650000000001,1,1
13.08.2021 00:30:13.545,6.48109,6.48062,1,1
13.08.2021 00:30:13.646,6.481050000000001,6.48055,1,1.5
13.08.2021 00:30:13.797,6.481050000000001,6.4805,1,1.87
13.08.2021 00:30:14.316,6.481050000000001,6.48054,1,1
13.08.2021 00:30:14.417,6.48112,6.48066,1,1
13.08.2021 00:30:14.518,6.48121,6.480700000000001,1.5,1
13.08.2021 00:30:15.471,6.48121,6.48069,1,1
13.08.2021 00:30:15.572,6.48116,6.48061,1,1.5
13.08.2021 00:30:15.679,6.48112,6.480580000000001,1,1.5
13.08.2021 00:30:16.472,6.48112,6.480580000000001,1,1
13.08.2021 00:30:16.524,6.48111,6.48055,1,2.75
13.08.2021 00:30:17.474,6.48111,6.48055,1,2.25
13.08.2021 00:30:30.833,6.4811000000000005,6.480580000000001,1,1
13.08.2021 00:30:30.883,6.4811000000000005,6.4805600000000005,1,2.25
13.08.2021 00:30:31.341,6.4811000000000005,6.48059,1,1
13.08.2021 00:30:31.542,6.48111,6.48067,1,1
13.08.2021 00:30:31.592,6.48111,6.48055,1,2.25
13.08.2021 00:30:36.828,6.48107,6.4805600000000005,1,2.25
13.08.2021 00:30:41.798,6.48112,6.4806,1,1
13.08.2021 00:30:54.933,6.48111,6.4806,1,1
13.08.2021 00:30:55.072,6.481050000000001,6.480580000000001,1,1
13.08.2021 00:30:57.921,6.481050000000001,6.48055,1,1
13.08.2021 00:30:58.031,6.48101,6.4804900000000005,1,1
13.08.2021 00:30:58.081,6.48097,6.4804900000000005,1,1
13.08.2021 00:30:59.079,6.4809600000000005,6.48046,1,1
13.08.2021 00:30:59.415,6.48099,6.48046,1,1
13.08.2021 00:31:01.359,6.48097,6.48045,1,1
13.08.2021 00:31:01.548,6.48097,6.480430000000001,1,1
13.08.2021 00:31:06.458,6.48099,6.480440000000001,1.5,1
13.08.2021 00:31:06.605,6.48102,6.48047,1.5,1
13.08.2021 00:31:06.706,6.481,6.48064,1.12,1
13.08.2021 00:31:06.807,6.481,6.48062,1,1
13.08.2021 00:31:06.908,6.48101,6.480580000000001,1,1
13.08.2021 00:31:07.009,6.481,6.480530000000001,1,1
13.08.2021 00:31:07.691,6.481,6.4805,1,1
13.08.2021 00:31:09.546,6.481,6.48047,1,1
13.08.2021 00:31:12.999,6.4809600000000005,6.480480000000001,1,1
13.08.2021 00:31:15.591,6.480880000000001,6.480480000000001,1,1
13.08.2021 00:31:15.797,6.48099,6.480480000000001,1,1
13.08.2021 00:31:18.370,6.4809600000000005,6.48047,1,1
13.08.2021 00:31:19.733,6.481,6.48047,1,1
13.08.2021 00:31:19.834,6.48104,6.4804900000000005,1,1
13.08.2021 00:31:19.884,6.481050000000001,6.4805600000000005,1,1
13.08.2021 00:31:19.985,6.48111,6.480650000000001,1,1
13.08.2021 00:31:20.035,6.48116,6.48066,1,1
13.08.2021 00:31:20.086,6.48117,6.48069,1.12,1
13.08.2021 00:31:20.187,6.48118,6.48071,1.12,1
13.08.2021 00:31:20.237,6.48117,6.48067,1.87,1
13.08.2021 00:31:20.749,6.48115,6.48061,1,1
13.08.2021 00:31:21.504,6.48116,6.48066,1,1
13.08.2021 00:31:21.708,6.48117,6.48071,1.5,1
13.08.2021 00:31:22.032,6.48117,6.48066,1,1
13.08.2021 00:31:22.084,6.48116,6.48062,1,1
13.08.2021 00:31:22.184,6.48115,6.4806,1,1.5
13.08.2021 00:31:22.486,6.481140000000001,6.48059,1,1
13.08.2021 00:31:22.586,6.48118,6.48054,1.57,1.5
13.08.2021 00:31:23.611,6.48118,6.480530000000001,1.57,1.5
13.08.2021 00:31:24.612,6.48118,6.480530000000001,1.57,1.5
13.08.2021 00:31:26.125,6.48118,6.48062,1,1
13.08.2021 00:31:28.846,6.48117,6.48068,1,1
13.08.2021 00:31:28.947,6.481230000000001,6.480740000000001,1.5,1
13.08.2021 00:31:29.171,6.48122,6.48073,1,1
13.08.2021 00:31:29.222,6.4811000000000005,6.480740000000001,1,1
13.08.2021 00:31:29.272,6.48111,6.48069,1,1
13.08.2021 00:31:29.373,6.48111,6.48068,1,1
13.08.2021 00:31:29.424,6.48111,6.48059,1,1
13.08.2021 00:31:29.628,6.4811000000000005,6.480580000000001,1.5,1
13.08.2021 00:31:29.991,6.48111,6.48055,1.5,1
13.08.2021 00:31:30.633,6.48109,6.48054,1,1
13.08.2021 00:31:40.623,6.48104,6.48054,1,1
13.08.2021 00:31:43.734,6.48102,6.4804900000000005,1,1.5
13.08.2021 00:31:43.784,6.48097,6.480480000000001,1,1.5
13.08.2021 00:31:43.885,6.48094,6.48042,1,1.5
13.08.2021 00:31:44.218,6.48102,6.48055,1,1
13.08.2021 00:31:44.269,6.4810300000000005,6.48064,1,1
13.08.2021 00:31:44.370,6.4811000000000005,6.48059,1,1
13.08.2021 00:31:44.471,6.48111,6.48069,1,1
13.08.2021 00:31:44.571,6.48115,6.48069,1,1
13.08.2021 00:31:44.622,6.48116,6.480700000000001,1.5,1
13.08.2021 00:31:44.672,6.48117,6.48072,1,1
13.08.2021 00:31:44.773,6.48115,6.48062,1,1
13.08.2021 00:31:45.169,6.48109,6.4805600000000005,1,1.5
13.08.2021 00:31:45.654,6.48109,6.4805600000000005,1,1
13.08.2021 00:31:45.819,6.48108,6.48066,1,1
13.08.2021 00:31:45.921,6.48117,6.48073,1,1
13.08.2021 00:31:46.072,6.48121,6.48073,1,1
13.08.2021 00:31:46.447,6.4812,6.480700000000001,1,1
13.08.2021 00:31:46.498,6.48118,6.48068,1,1
13.08.2021 00:31:47.832,6.48112,6.48055,1,1.5
13.08.2021 00:31:47.883,6.48109,6.48054,1,1
13.08.2021 00:31:48.236,6.481140000000001,6.48054,1,1
13.08.2021 00:32:00.392,6.481140000000001,6.48052,1,1
13.08.2021 00:32:03.516,6.481140000000001,6.48055,1,1
13.08.2021 00:32:05.657,6.48115,6.48062,1,1
13.08.2021 00:32:07.302,6.48115,6.480530000000001,1,1
13.08.2021 00:32:20.388,6.48115,6.48051,1,1
13.08.2021 00:32:22.755,6.481140000000001,6.48054,1,1
13.08.2021 00:32:23.821,6.481140000000001,6.48052,1,1
13.08.2021 00:32:28.094,6.48116,6.48052,1,1
13.08.2021 00:32:28.145,6.4811000000000005,6.48047,1,1.5
13.08.2021 00:32:28.246,6.48099,6.48046,1,1.5
13.08.2021 00:32:28.347,6.480880000000001,6.4803500000000005,1.5,2
13.08.2021 00:32:28.448,6.48081,6.48031,1,1.5
13.08.2021 00:32:28.549,6.48076,6.48032,1,1
13.08.2021 00:32:28.650,6.48076,6.4802800000000005,1,1.12
13.08.2021 00:32:29.225,6.480840000000001,6.48037,1,1
13.08.2021 00:32:29.276,6.4808900000000005,6.48037,1,1
13.08.2021 00:32:29.447,6.480880000000001,6.48046,1,1
13.08.2021 00:32:29.498,6.480930000000001,6.48046,1,1
13.08.2021 00:32:29.549,6.48097,6.48045,1.5,1.5
13.08.2021 00:32:29.650,6.4809600000000005,6.48047,1,1
13.08.2021 00:32:29.760,6.48102,6.48047,1,1.5
13.08.2021 00:32:29.963,6.48102,6.480480000000001,1,1.5
13.08.2021 00:32:30.014,6.4810300000000005,6.48055,1,1
13.08.2021 00:32:30.064,6.4810300000000005,6.48052,1,1
13.08.2021 00:32:30.115,6.48104,6.48046,1.5,2.25
13.08.2021 00:32:30.266,6.4810300000000005,6.480480000000001,1.5,1
13.08.2021 00:32:30.436,6.48101,6.480480000000001,1,1
13.08.2021 00:32:30.537,6.48097,6.480480000000001,1,1
13.08.2021 00:32:30.757,6.48097,6.48041,1,1.12
13.08.2021 00:32:31.196,6.48097,6.480480000000001,1,1.5
13.08.2021 00:32:31.297,6.4810300000000005,6.4805600000000005,1.5,1
13.08.2021 00:32:31.347,6.48112,6.48059,1,1
13.08.2021 00:32:31.448,6.48111,6.48057,1,1
13.08.2021 00:32:31.789,6.48109,6.4805600000000005,1,1
13.08.2021 00:32:32.419,6.48104,6.480530000000001,1,1.5
13.08.2021 00:32:32.525,6.48101,6.480480000000001,1,1.5
13.08.2021 00:32:32.626,6.481,6.48045,1,1.5
13.08.2021 00:32:33.026,6.48094,6.48046,1,1.5
13.08.2021 00:32:33.535,6.48094,6.48046,1,1
13.08.2021 00:32:43.949,6.48095,6.48047,1,1
13.08.2021 00:32:44.051,6.48099,6.4805,1,2.25
13.08.2021 00:32:44.221,6.4810300000000005,6.4805,1.5,2.25
13.08.2021 00:32:44.567,6.48101,6.48046,1,1.5
13.08.2021 00:32:44.677,6.48101,6.48045,1,1.5
13.08.2021 00:32:44.778,6.481,6.48046,1,2
13.08.2021 00:32:45.020,6.48097,6.48045,1,1.5
13.08.2021 00:32:45.773,6.4809600000000005,6.48046,1,1.5
13.08.2021 00:32:46.776,6.48097,6.48045,1,1
13.08.2021 00:32:56.826,6.4809600000000005,6.48047,1,1
13.08.2021 00:32:56.877,6.48097,6.48055,1,1
13.08.2021 00:32:56.927,6.4811000000000005,6.480580000000001,1.5,1
13.08.2021 00:32:57.028,6.48112,6.48059,1,1
13.08.2021 00:32:57.078,6.48112,6.48066,1,1
13.08.2021 00:32:57.510,6.48113,6.48064,1,1.5
13.08.2021 00:32:57.611,6.48111,6.480630000000001,1,1
13.08.2021 00:32:57.712,6.48106,6.480530000000001,1,2
13.08.2021 00:32:57.762,6.48104,6.48051,1,1.5
13.08.2021 00:32:58.014,6.481,6.48052,1,1.5
13.08.2021 00:32:58.656,6.48094,6.480480000000001,1,1.5
13.08.2021 00:32:58.706,6.48095,6.48036,1,1.5
13.08.2021 00:32:58.757,6.48091,6.48037,1,1.5
13.08.2021 00:32:58.908,6.4809,6.48054,1,1
13.08.2021 00:32:58.958,6.480980000000001,6.4805600000000005,1,1
13.08.2021 00:32:59.009,6.48102,6.480530000000001,1,1
13.08.2021 00:32:59.210,6.480980000000001,6.48047,1,1
13.08.2021 00:32:59.261,6.48094,6.48047,1,1
13.08.2021 00:32:59.311,6.48094,6.480440000000001,1,1.12
13.08.2021 00:32:59.362,6.480980000000001,6.480440000000001,1,1.12
13.08.2021 00:32:59.463,6.48094,6.480430000000001,1,1.12
13.08.2021 00:32:59.717,6.480980000000001,6.480440000000001,1.1,1.12
13.08.2021 00:32:59.768,6.480930000000001,6.480440000000001,1,1.12
13.08.2021 00:33:00.047,6.48092,6.480440000000001,1,1
13.08.2021 00:33:00.098,6.48097,6.480430000000001,1,1
13.08.2021 00:33:00.485,6.48097,6.48047,1,1.5
13.08.2021 00:33:00.586,6.48102,6.4805600000000005,1.5,1
13.08.2021 00:33:00.945,6.48102,6.480530000000001,1,1.5
13.08.2021 00:33:01.046,6.48101,6.48052,1,1
13.08.2021 00:33:01.097,6.481,6.48046,1,1.5
13.08.2021 00:33:01.198,6.48097,6.48045,1,1.5
13.08.2021 00:33:01.299,6.4809600000000005,6.480340000000001,1,1
13.08.2021 00:33:01.359,6.481,6.48032,1,1.6
13.08.2021 00:33:01.460,6.4808900000000005,6.480300000000001,1,1.5
13.08.2021 00:33:01.611,6.4808900000000005,6.4803500000000005,1,1
13.08.2021 00:33:01.762,6.4808900000000005,6.480390000000001,1,1
13.08.2021 00:33:01.878,6.48085,6.480340000000001,1,1
13.08.2021 00:33:01.979,6.48082,6.480340000000001,1,1
13.08.2021 00:33:02.029,6.48082,6.480250000000001,1,1.5
13.08.2021 00:33:02.180,6.480790000000001,6.480250000000001,1,1.5
13.08.2021 00:33:02.358,6.4808,6.48041,1,1
13.08.2021 00:33:02.408,6.48087,6.48045,1.1,1
13.08.2021 00:33:02.459,6.48087,6.4804,1.1,1
13.08.2021 00:33:02.711,6.48086,6.480430000000001,1.1,1
13.08.2021 00:33:02.934,6.48085,6.48042,1.1,1
13.08.2021 00:33:03.035,6.48085,6.4804,1.1,1
13.08.2021 00:33:03.183,6.480830000000001,6.48041,1,1
13.08.2021 00:33:03.581,6.480840000000001,6.4803500000000005,1,1
13.08.2021 00:33:05.168,6.48081,6.4803500000000005,1.1,1
13.08.2021 00:33:07.334,6.48078,6.48026,1,1.5
13.08.2021 00:33:07.545,6.48073,6.48027,1,1.5
13.08.2021 00:33:07.595,6.480700000000001,6.48017,1,1.5
13.08.2021 00:33:07.646,6.48069,6.480130000000001,1,1.5
13.08.2021 00:33:07.747,6.48064,6.4801400000000005,1,1
13.08.2021 00:33:07.848,6.4806,6.48011,1,1
13.08.2021 00:33:08.017,6.48061,6.480130000000001,1,1
13.08.2021 00:33:08.327,6.48057,6.48005,1,1.5
13.08.2021 00:33:08.529,6.48054,6.48002,1,1
13.08.2021 00:33:08.579,6.48054,6.48015,1,1.5
13.08.2021 00:33:08.630,6.48064,6.4801400000000005,1.1,1
13.08.2021 00:33:08.731,6.480650000000001,6.4801,1,1.5
13.08.2021 00:33:09.135,6.48061,6.4801,1,1.5
13.08.2021 00:33:24.760,6.480580000000001,6.48011,1,1
13.08.2021 00:33:24.811,6.480580000000001,6.480080000000001,1,1
13.08.2021 00:33:24.977,6.48059,6.48005,1,1.5
13.08.2021 00:33:25.038,6.480530000000001,6.48006,1,1.5
13.08.2021 00:33:25.862,6.480530000000001,6.48,1,1.5
13.08.2021 00:33:26.858,6.48054,6.48002,1,1.12
13.08.2021 00:33:28.864,6.48054,6.47998,1,1.5
13.08.2021 00:33:29.865,6.480530000000001,6.479990000000001,1,1.5
13.08.2021 00:33:32.872,6.48054,6.47998,1,1.5
13.08.2021 00:33:34.317,6.48052,6.479990000000001,1,1.5
13.08.2021 00:33:39.707,6.48051,6.47996,1,2.75
13.08.2021 00:33:40.845,6.48051,6.47996,1,1.5
13.08.2021 00:33:42.710,6.48047,6.47996,1,1
13.08.2021 00:33:51.885,6.48046,6.48006,1,1
13.08.2021 00:33:51.986,6.48052,6.480080000000001,1,1
13.08.2021 00:33:52.037,6.48052,6.48006,1,1
13.08.2021 00:33:52.087,6.48059,6.48019,1,1
13.08.2021 00:33:52.188,6.48064,6.480250000000001,1,1
13.08.2021 00:33:52.239,6.48069,6.48026,1,1
13.08.2021 00:33:52.340,6.48069,6.480230000000001,1,1
13.08.2021 00:33:52.390,6.48066,6.480230000000001,1,1
13.08.2021 00:33:52.491,6.48071,6.48027,1,1
13.08.2021 00:33:52.541,6.480700000000001,6.48026,1,1
13.08.2021 00:33:53.316,6.48071,6.48022,1,1
13.08.2021 00:33:53.366,6.48069,6.4802,1,1.5
13.08.2021 00:33:53.967,6.48068,6.48026,1,1
13.08.2021 00:33:54.070,6.48069,6.48026,1,1
13.08.2021 00:33:54.388,6.48069,6.48022,1,1
13.08.2021 00:33:54.489,6.48069,6.48026,1,1
13.08.2021 00:33:54.539,6.48073,6.480250000000001,1,1
13.08.2021 00:33:54.640,6.48072,6.480230000000001,1,1
13.08.2021 00:33:54.691,6.480700000000001,6.4802800000000005,1,1.5
13.08.2021 00:33:54.741,6.48073,6.480250000000001,1,1
13.08.2021 00:33:54.842,6.48073,6.48022,1,1
13.08.2021 00:33:55.156,6.48072,6.48022,1,1
13.08.2021 00:33:55.207,6.480700000000001,6.48017,1,1.6
13.08.2021 00:33:55.547,6.48064,6.480180000000001,1,1.6
13.08.2021 00:33:55.917,6.48064,6.48017,1,1.5
13.08.2021 00:33:57.919,6.48064,6.48017,1,1.5
13.08.2021 00:34:01.926,6.480650000000001,6.480160000000001,1,1.12
13.08.2021 00:34:10.929,6.48061,6.48015,1,1.5
13.08.2021 00:34:11.030,6.48052,6.480160000000001,1,1.5
13.08.2021 00:34:11.132,6.48046,6.47997,1,1.5
13.08.2021 00:34:11.182,6.48042,6.47998,1,1.5
13.08.2021 00:34:11.334,6.48047,6.48002,1,1.5
13.08.2021 00:34:11.385,6.480480000000001,6.48003,1,1.5
13.08.2021 00:34:11.486,6.4805,6.48002,1,1.5
13.08.2021 00:34:12.138,6.4805,6.48002,1,1
13.08.2021 00:34:12.268,6.48045,6.48002,1,1
13.08.2021 00:34:22.421,6.48045,6.479990000000001,1,1.1
13.08.2021 00:34:22.472,6.48045,6.48001,1,1
13.08.2021 00:34:22.648,6.480440000000001,6.479990000000001,1,1.12
13.08.2021 00:34:22.798,6.48041,6.47997,1,2
13.08.2021 00:34:25.182,6.48041,6.47997,1,1.12
13.08.2021 00:34:26.162,6.48037,6.4799500000000005,1,1.5
13.08.2021 00:34:26.213,6.48037,6.47991,1,1.6
13.08.2021 00:34:27.229,6.480390000000001,6.47991,1,1.6
13.08.2021 00:34:27.279,6.48037,6.47991,1,1.6
13.08.2021 00:34:28.192,6.48037,6.47991,1,1.1
13.08.2021 00:34:30.196,6.48037,6.47991,1,1.6
13.08.2021 00:34:36.158,6.480340000000001,6.4798800000000005,1,1.5
13.08.2021 00:34:38.233,6.48033,6.47989,1,1.5
13.08.2021 00:34:39.851,6.48029,6.47985,1,1.5
13.08.2021 00:34:39.902,6.480250000000001,6.47979,1,1.1
13.08.2021 00:34:40.003,6.480250000000001,6.47989,1,1
13.08.2021 00:34:40.053,6.48029,6.47984,1,1
13.08.2021 00:34:40.249,6.4802800000000005,6.479830000000001,1,1
13.08.2021 00:34:40.401,6.48032,6.47982,1,1.1
13.08.2021 00:34:41.735,6.4803500000000005,6.47984,1.5,1
13.08.2021 00:34:41.984,6.4803500000000005,6.4798800000000005,1,1
13.08.2021 00:34:43.012,6.48036,6.47987,1,1.5
13.08.2021 00:34:45.131,6.48036,6.47989,1,1
13.08.2021 00:34:45.182,6.48042,6.47991,1.1,1
13.08.2021 00:34:46.334,6.48042,6.47991,1.1,1
13.08.2021 00:34:46.717,6.480430000000001,6.47998,1.1,1
13.08.2021 00:34:46.767,6.48047,6.47997,1.1,1.5
13.08.2021 00:34:47.436,6.48045,6.47998,1,1
13.08.2021 00:34:55.909,6.48045,6.48,1,1
13.08.2021 00:35:01.008,6.48045,6.4799500000000005,1,1
13.08.2021 00:35:01.059,6.48042,6.4799500000000005,1,1
13.08.2021 00:35:01.457,6.48045,6.4799500000000005,1,1
13.08.2021 00:35:02.051,6.48045,6.47998,1,1
13.08.2021 00:35:04.718,6.48038,6.4798800000000005,1,1.6
13.08.2021 00:35:05.532,6.48042,6.479900000000001,1,1
13.08.2021 00:35:08.809,6.48045,6.47993,1,1.1
13.08.2021 00:35:08.910,6.480480000000001,6.47994,1,1.57
13.08.2021 00:35:08.960,6.4804900000000005,6.48,1,1
13.08.2021 00:35:09.011,6.480530000000001,6.48001,1,1
13.08.2021 00:35:09.062,6.48054,6.48,1,1.1
13.08.2021 00:35:09.112,6.480580000000001,6.480080000000001,1.5,1.1
13.08.2021 00:35:09.163,6.48057,6.480090000000001,1,1.6
13.08.2021 00:35:09.213,6.4806,6.48012,1,1.1
13.08.2021 00:35:09.314,6.480650000000001,6.48011,1,1.1
13.08.2021 00:35:09.420,6.48064,6.48012,1,1.1
13.08.2021 00:35:10.446,6.48061,6.480130000000001,1,1.2
13.08.2021 00:35:16.061,6.48061,6.48017,1,1.1
13.08.2021 00:35:22.155,6.48062,6.48012,1,1.1
13.08.2021 00:35:22.961,6.480580000000001,6.480130000000001,1,1.1
13.08.2021 00:35:49.803,6.48057,6.48012,1,1.1
13.08.2021 00:35:59.218,6.48059,6.48012,1,1.1
13.08.2021 00:36:00.179,6.4805600000000005,6.480130000000001,1,1.1
13.08.2021 00:36:09.308,6.480580000000001,6.48012,1,1.1
13.08.2021 00:36:09.527,6.4805600000000005,6.480130000000001,1,1.1
13.08.2021 00:36:12.836,6.48054,6.480130000000001,1,1.1
13.08.2021 00:36:22.562,6.48057,6.480130000000001,1,1.1
13.08.2021 00:36:24.131,6.480580000000001,6.4801400000000005,1,1.1
13.08.2021 00:36:24.232,6.480580000000001,6.48015,1,1.1
13.08.2021 00:36:24.403,6.48064,6.48015,1,1.1
13.08.2021 00:36:24.504,6.480650000000001,6.48015,1,1.1
13.08.2021 00:36:24.755,6.48064,6.4802,1,1.1
13.08.2021 00:36:26.960,6.480650000000001,6.480160000000001,1.1,1.1
13.08.2021 00:36:27.747,6.48054,6.48017,1,1.1
13.08.2021 00:36:31.188,6.48054,6.4801400000000005,1,1.1
13.08.2021 00:36:31.289,6.48054,6.4801,1,1.6
13.08.2021 00:36:31.518,6.48055,6.480090000000001,1,1.1
13.08.2021 00:36:36.191,6.48054,6.48005,1,1.5
13.08.2021 00:36:36.299,6.48047,6.480040000000001,1,1.6
13.08.2021 00:36:36.657,6.48051,6.48001,1,1.6
13.08.2021 00:36:37.245,6.48051,6.480040000000001,1,1.2
13.08.2021 00:36:44.398,6.48051,6.48007,1,1.1
13.08.2021 00:36:44.499,6.480530000000001,6.48007,1,1.1
13.08.2021 00:36:44.549,6.48057,6.48011,1,1
13.08.2021 00:36:44.600,6.48062,6.48011,1.5,1
13.08.2021 00:36:44.751,6.48064,6.48012,1,1
13.08.2021 00:36:44.801,6.48062,6.48011,1,1
13.08.2021 00:36:45.324,6.48061,6.48017,1,1.1
13.08.2021 00:36:48.187,6.48062,6.4801400000000005,1,1.1
13.08.2021 00:36:50.441,6.48061,6.480160000000001,1,1.1
13.08.2021 00:36:59.983,6.480580000000001,6.480160000000001,1,1.1
13.08.2021 00:37:00.929,6.48059,6.48012,1,1.1
13.08.2021 00:37:01.030,6.480580000000001,6.48012,1,1
13.08.2021 00:37:01.269,6.48059,6.48006,1,1.5
13.08.2021 00:37:01.664,6.48059,6.48006,1,1.5
13.08.2021 00:37:07.669,6.48054,6.48007,1,1.6
13.08.2021 00:37:07.720,6.4805600000000005,6.48007,1,1.6
13.08.2021 00:37:07.771,6.480580000000001,6.48007,1,1.6
13.08.2021 00:37:08.204,6.48057,6.48006,1,1.6
13.08.2021 00:37:08.770,6.48052,6.48007,1,1.6
13.08.2021 00:37:09.306,6.480530000000001,6.48006,1,1.1
13.08.2021 00:37:10.747,6.480580000000001,6.48006,1,1.1
13.08.2021 00:37:32.080,6.4806,6.48007,1,1.95
13.08.2021 00:37:33.354,6.4806,6.48007,1,2.07
13.08.2021 00:37:34.157,6.48061,6.4801,1,1.1
13.08.2021 00:37:36.665,6.4806,6.48007,1,2.07
13.08.2021 00:37:46.168,6.4806,6.480160000000001,1,1
13.08.2021 00:37:46.269,6.4806,6.480090000000001,1,1.2
13.08.2021 00:37:46.320,6.48064,6.4801,1.1,1.1
13.08.2021 00:37:46.822,6.48062,6.480090000000001,1,1.1
13.08.2021 00:37:47.270,6.48061,6.48015,1,1.1
13.08.2021 00:37:47.497,6.4806,6.48015,1,1.1
13.08.2021 00:37:48.029,6.4806,6.4801,1,1.1
13.08.2021 00:37:49.180,6.48061,6.4801,1,1.1
13.08.2021 00:38:01.802,6.4806,6.4801400000000005,1,1.1
13.08.2021 00:38:02.467,6.48061,6.48015,1,1.1
13.08.2021 00:38:03.306,6.48066,6.480160000000001,1.1,1.1
13.08.2021 00:38:03.408,6.48067,6.48017,1.1,1.1
13.08.2021 00:38:11.112,6.48067,6.48017,1,1.1
13.08.2021 00:38:14.009,6.48066,6.48017,1,1
13.08.2021 00:38:14.562,6.48067,6.4801400000000005,1,1.95
13.08.2021 00:38:27.871,6.48062,6.48015,1,1.57
13.08.2021 00:38:34.592,6.48062,6.48012,1,1.1
13.08.2021 00:38:40.505,6.48057,6.48012,1,1.2
13.08.2021 00:38:46.008,6.4806,6.48012,1,1.1
13.08.2021 00:38:50.244,6.4806,6.4801400000000005,1,1
13.08.2021 00:38:51.708,6.48061,6.48011,1,1.1
13.08.2021 00:38:53.277,6.4806,6.48015,1,1.1
13.08.2021 00:39:01.691,6.48061,6.4801,1,1.1
13.08.2021 00:39:09.001,6.48047,6.480080000000001,1,1.12
13.08.2021 00:39:09.102,6.480440000000001,6.479990000000001,1,1.1
13.08.2021 00:39:09.152,6.4804,6.479990000000001,1,1.1
13.08.2021 00:39:09.458,6.48046,6.47997,1,1.1
13.08.2021 00:39:10.152,6.48045,6.48003,1,1.1
13.08.2021 00:39:10.253,6.4804900000000005,6.48002,1,1.1
13.08.2021 00:39:10.353,6.48051,6.48003,1,1.1
13.08.2021 00:39:10.497,6.48052,6.48003,1,1.1
13.08.2021 00:39:14.385,6.48051,6.48003,1.1,1.1
13.08.2021 00:39:16.086,6.48052,6.48002,1.1,1.1
13.08.2021 00:39:17.460,6.48051,6.48005,1.1,1.1
13.08.2021 00:39:18.907,6.48052,6.480040000000001,1.1,1.1
13.08.2021 00:39:24.277,6.48047,6.48005,1,1.1
13.08.2021 00:39:25.100,6.480480000000001,6.48002,1,1.1
13.08.2021 00:39:32.374,6.48037,6.48,1,1
13.08.2021 00:39:32.475,6.48037,6.4798800000000005,1,1.6
13.08.2021 00:39:32.632,6.48033,6.47986,1,2.1
13.08.2021 00:39:32.682,6.48033,6.47986,1,1.97
13.08.2021 00:39:32.733,6.480300000000001,6.47985,1,1.97
13.08.2021 00:39:38.978,6.48029,6.479900000000001,1,1
13.08.2021 00:39:39.079,6.48029,6.47996,1,1
13.08.2021 00:39:55.860,6.48029,6.47991,1,1.1
13.08.2021 00:40:05.895,6.48029,6.47993,1,1
13.08.2021 00:40:09.557,6.480300000000001,6.47993,1,1.1
13.08.2021 00:40:09.779,6.480300000000001,6.47994,1,1.1
13.08.2021 00:40:09.880,6.480440000000001,6.480180000000001,1,1
13.08.2021 00:40:09.930,6.48051,6.480180000000001,1,1
13.08.2021 00:40:09.981,6.48051,6.48011,1,1
13.08.2021 00:40:10.032,6.4805600000000005,6.4801400000000005,1,1
13.08.2021 00:40:10.082,6.4805600000000005,6.48024,1,1
13.08.2021 00:40:10.133,6.48066,6.48024,1,1
13.08.2021 00:40:10.235,6.48071,6.480230000000001,1,1
13.08.2021 00:40:10.285,6.480700000000001,6.48033,1,1
13.08.2021 00:40:10.386,6.4807500000000005,6.480230000000001,1,1
13.08.2021 00:40:10.437,6.480740000000001,6.480300000000001,1,1
13.08.2021 00:40:11.149,6.480740000000001,6.48029,1,1
13.08.2021 00:40:11.318,6.480740000000001,6.480230000000001,1,1
13.08.2021 00:40:11.502,6.48073,6.48022,1,1.1
13.08.2021 00:40:11.603,6.480740000000001,6.4802100000000005,1,1.6
13.08.2021 00:40:11.821,6.480740000000001,6.480230000000001,1,1
13.08.2021 00:40:12.231,6.480740000000001,6.48024,1,1.1
13.08.2021 00:40:15.319,6.48073,6.48029,1,1.1
13.08.2021 00:40:15.419,6.48076,6.4802800000000005,1,1.57
13.08.2021 00:40:15.470,6.48076,6.48033,1,1
13.08.2021 00:40:15.634,6.4808,6.48033,1.1,1
13.08.2021 00:40:15.898,6.4808,6.48033,1.1,1
13.08.2021 00:40:15.999,6.4808,6.4802800000000005,1.1,1.57
13.08.2021 00:40:16.205,6.480700000000001,6.480250000000001,1,1.6
13.08.2021 00:40:16.356,6.48066,6.480250000000001,1,1.6
13.08.2021 00:40:16.457,6.480650000000001,6.4802,1,1.1
13.08.2021 00:40:16.558,6.480580000000001,6.480160000000001,1,1.1
13.08.2021 00:40:16.659,6.480580000000001,6.48015,1,1.1
13.08.2021 00:40:17.107,6.48057,6.48017,1,1.1
13.08.2021 00:40:20.190,6.480580000000001,6.48017,1,1.1
13.08.2021 00:40:20.291,6.480580000000001,6.480180000000001,1,1.1
13.08.2021 00:40:20.994,6.480580000000001,6.4802100000000005,1,1.1
13.08.2021 00:40:31.701,6.48059,6.48022,1,1.1
13.08.2021 00:40:31.751,6.480630000000001,6.480230000000001,1,1.1
13.08.2021 00:40:32.743,6.480630000000001,6.480250000000001,1,1.1
13.08.2021 00:40:42.974,6.48064,6.48027,1,1.1
13.08.2021 00:40:54.026,6.480630000000001,6.48026,1,1.1
13.08.2021 00:40:55.842,6.48064,6.480250000000001,1.1,1.1
13.08.2021 00:40:56.300,6.48064,6.4802,1.1,1.1
13.08.2021 00:41:26.271,6.48064,6.48019,1.1,1
13.08.2021 00:41:33.565,6.4806,6.4802,1,1
13.08.2021 00:41:33.666,6.4806,6.48019,1,1
13.08.2021 00:41:36.849,6.480630000000001,6.4802,1.1,1
13.08.2021 00:41:37.296,6.480630000000001,6.4802,1.1,1
13.08.2021 00:41:38.024,6.48064,6.48019,1.1,1
13.08.2021 00:41:41.066,6.480630000000001,6.48015,1.1,1.1
13.08.2021 00:41:41.268,6.4806,6.4801400000000005,1,1.1
13.08.2021 00:41:53.353,6.48057,6.48015,1,1.1
13.08.2021 00:41:53.554,6.48057,6.48012,1,1.1
13.08.2021 00:41:55.650,6.48051,6.480080000000001,1,1.57
13.08.2021 00:41:55.857,6.480480000000001,6.48007,1,1.1
13.08.2021 00:41:57.026,6.48047,6.48006,1,1.1
13.08.2021 00:41:58.006,6.48045,6.48006,1,1
13.08.2021 00:41:58.107,6.4803500000000005,6.4799500000000005,1.5,1.6
13.08.2021 00:41:58.158,6.48036,6.4799500000000005,1,1.1
13.08.2021 00:41:58.209,6.480300000000001,6.47991,1,1.2
13.08.2021 00:41:58.259,6.480340000000001,6.479900000000001,1,1.1
13.08.2021 00:41:58.360,6.480340000000001,6.47991,1,1.1
13.08.2021 00:41:59.248,6.480340000000001,6.479990000000001,1,1.1
13.08.2021 00:41:59.299,6.480430000000001,6.479990000000001,1.5,1.1
13.08.2021 00:41:59.450,6.480440000000001,6.479990000000001,1.5,1
13.08.2021 00:42:01.293,6.480440000000001,6.48002,1.5,1.1
13.08.2021 00:42:08.969,6.480430000000001,6.48003,1.6,1.1
13.08.2021 00:42:09.741,6.480440000000001,6.48002,1,1.1
13.08.2021 00:42:13.839,6.480430000000001,6.48003,1.1,1.1
13.08.2021 00:42:14.836,6.480440000000001,6.48006,1.1,1.1
13.08.2021 00:42:15.235,6.48047,6.48006,1,1.1
13.08.2021 00:42:15.387,6.480530000000001,6.48006,1.12,1.1
13.08.2021 00:42:15.490,6.48052,6.4801,1,1
13.08.2021 00:42:16.085,6.48052,6.48007,1,1.1
13.08.2021 00:42:16.366,6.48052,6.48012,1,1.1
13.08.2021 00:42:22.855,6.480530000000001,6.4801400000000005,1,1.1
13.08.2021 00:42:23.130,6.4804900000000005,6.48015,1,1.1
13.08.2021 00:42:26.681,6.480530000000001,6.48017,1,1.1
13.08.2021 00:42:26.833,6.48055,6.480180000000001,1.1,1.1
13.08.2021 00:42:26.934,6.4805600000000005,6.4802,1.1,1.1
13.08.2021 00:42:27.058,6.4805600000000005,6.4802,1.1,1.1
13.08.2021 00:42:27.554,6.48057,6.48022,1.1,1.1
13.08.2021 00:42:28.220,6.48054,6.48022,1,1.1
13.08.2021 00:42:30.700,6.480530000000001,6.480090000000001,1,1.1
13.08.2021 00:42:30.851,6.48055,6.480090000000001,1,1.1
13.08.2021 00:42:30.902,6.48047,6.480080000000001,1,1.1
13.08.2021 00:42:31.003,6.480440000000001,6.48002,1,1.12
13.08.2021 00:42:31.104,6.4804,6.47994,1,1.5
13.08.2021 00:42:31.154,6.48036,6.4798800000000005,1,1.7
13.08.2021 00:42:31.255,6.480250000000001,6.47984,1,1.7
13.08.2021 00:42:31.306,6.48026,6.4798,1,1.7
13.08.2021 00:42:31.406,6.480250000000001,6.479830000000001,1,1.2
13.08.2021 00:42:31.708,6.48026,6.47987,1,1.1
13.08.2021 00:42:31.759,6.48033,6.47987,1.5,1.1
13.08.2021 00:42:32.812,6.48033,6.47992,1.5,1.1
13.08.2021 00:42:40.288,6.48032,6.47997,1.5,1.1
13.08.2021 00:42:40.389,6.48037,6.47997,1,1.1
13.08.2021 00:42:40.843,6.48038,6.479990000000001,1,1.1
13.08.2021 00:42:59.289,6.48037,6.47996,1,1.1
13.08.2021 00:43:04.598,6.48037,6.4799500000000005,1,1.1
13.08.2021 00:43:12.485,6.48033,6.4799500000000005,1,1.1
13.08.2021 00:43:15.272,6.48022,6.4798100000000005,1,1.6
13.08.2021 00:43:15.323,6.48022,6.4798100000000005,1,1.6
13.08.2021 00:43:15.424,6.4801,6.4797400000000005,1,2.1
13.08.2021 00:43:15.474,6.4801,6.4797,1,1.6
13.08.2021 00:43:15.726,6.48011,6.4797,1,1.6
13.08.2021 00:43:15.777,6.480130000000001,6.4797400000000005,1,1.1
13.08.2021 00:43:15.827,6.480130000000001,6.479830000000001,1,1.1
13.08.2021 00:43:15.878,6.48026,6.47986,1,1
13.08.2021 00:43:15.978,6.48029,6.47984,1,1.1
13.08.2021 00:43:16.029,6.48024,6.47993,1,1
13.08.2021 00:43:16.080,6.48031,6.47986,1,1.1
13.08.2021 00:43:16.130,6.48033,6.4799500000000005,1,1
13.08.2021 00:43:16.181,6.48036,6.47994,1,1
13.08.2021 00:43:16.231,6.48033,6.4799500000000005,1,1
13.08.2021 00:43:16.484,6.48036,6.47994,1,1
13.08.2021 00:43:16.534,6.48033,6.4799500000000005,1,1
13.08.2021 00:43:20.474,6.480300000000001,6.47994,1,1
13.08.2021 00:43:21.069,6.48024,6.47994,1,1
13.08.2021 00:43:21.120,6.48024,6.4798100000000005,1,1
13.08.2021 00:43:21.170,6.4802,6.4798100000000005,1,1
13.08.2021 00:43:21.271,6.48012,6.47979,1,1.1
13.08.2021 00:43:21.372,6.480160000000001,6.479830000000001,1,1.1
13.08.2021 00:43:21.957,6.48017,6.47979,1,1.1
13.08.2021 00:43:22.008,6.4802100000000005,6.4798100000000005,1,1.6
13.08.2021 00:43:22.058,6.48024,6.47985,1,1.1
13.08.2021 00:43:22.530,6.480250000000001,6.47985,1,1.1
13.08.2021 00:43:22.898,6.480250000000001,6.47985,1,1.1
13.08.2021 00:43:23.509,6.48026,6.47985,1,1.1
13.08.2021 00:43:23.927,6.480250000000001,6.47986,1,1
13.08.2021 00:43:25.557,6.480250000000001,6.47989,1,1
13.08.2021 00:43:25.658,6.480300000000001,6.47997,1,1
13.08.2021 00:43:25.821,6.480390000000001,6.47996,1,1
13.08.2021 00:43:25.972,6.4803500000000005,6.47997,1,1
13.08.2021 00:43:30.336,6.480390000000001,6.47996,1,1
13.08.2021 00:43:30.387,6.48041,6.47996,1,1.1
13.08.2021 00:43:30.437,6.48041,6.48006,1,1
13.08.2021 00:44:30.440,6.4804,6.480080000000001,1,1
13.08.2021 00:44:31.559,6.48041,6.48006,1,1
13.08.2021 00:44:33.387,6.480430000000001,6.480080000000001,1,1
13.08.2021 00:44:33.438,6.48051,6.48007,1.57,1
13.08.2021 00:44:33.538,6.4805,6.48017,1,1
13.08.2021 00:44:33.639,6.4804900000000005,6.48017,1,1
13.08.2021 00:44:33.740,6.480530000000001,6.48005,1,1
13.08.2021 00:44:33.790,6.4805,6.48003,1,1.1
13.08.2021 00:44:33.901,6.48051,6.48001,1,1.6
13.08.2021 00:44:34.002,6.4804900000000005,6.48002,1,1
13.08.2021 00:44:34.103,6.48045,6.48001,1,1
13.08.2021 00:44:34.209,6.480440000000001,6.48002,1,1.5
13.08.2021 00:44:34.367,6.480430000000001,6.479990000000001,1,1.5
13.08.2021 00:44:35.748,6.48042,6.48,1,1
13.08.2021 00:44:39.850,6.48038,6.48,1,1
13.08.2021 00:44:40.051,6.48037,6.47997,1,1
13.08.2021 00:44:40.247,6.48033,6.47998,1,1.1
13.08.2021 00:44:40.398,6.480250000000001,6.4799500000000005,1,1
13.08.2021 00:44:40.448,6.48024,6.47986,1,2.17
13.08.2021 00:44:40.499,6.48024,6.47986,1,1.67
13.08.2021 00:44:40.600,6.480300000000001,6.479900000000001,1,1
13.08.2021 00:44:41.742,6.480300000000001,6.47996,1,1.1
13.08.2021 00:44:44.008,6.48037,6.4799500000000005,1,1.1
13.08.2021 00:44:44.058,6.48037,6.47997,1,1
13.08.2021 00:44:53.949,6.48036,6.47998,1,1.1
13.08.2021 00:44:54.065,6.480390000000001,6.48003,1,1
13.08.2021 00:44:54.165,6.480430000000001,6.48003,1,1.1
13.08.2021 00:44:54.216,6.48047,6.48007,1,1
13.08.2021 00:44:54.317,6.48046,6.48003,1,1.1
13.08.2021 00:44:54.418,6.48046,6.480130000000001,1,1
13.08.2021 00:44:54.518,6.48046,6.48002,1,1.6
13.08.2021 00:44:54.574,6.48046,6.48006,1,1.1
13.08.2021 00:44:55.834,6.48046,6.480090000000001,1,1.1
13.08.2021 00:45:03.169,6.48047,6.48012,1,1.1
13.08.2021 00:45:07.341,6.480530000000001,6.480130000000001,1.57,1.1
13.08.2021 00:45:08.243,6.48054,6.480130000000001,1,1.1
13.08.2021 00:45:08.344,6.48061,6.480130000000001,1,1.1
13.08.2021 00:45:08.546,6.48061,6.480130000000001,1,1.2
13.08.2021 00:45:08.786,6.48066,6.480160000000001,2.25,1
13.08.2021 00:45:09.283,6.48067,6.480180000000001,1,1
13.08.2021 00:45:09.384,6.480740000000001,6.48027,1.1,1
13.08.2021 00:45:09.541,6.48069,6.4802100000000005,1,1.1
13.08.2021 00:45:09.692,6.48068,6.48017,1,1.1
13.08.2021 00:45:10.510,6.48067,6.480180000000001,1,1.1
13.08.2021 00:45:11.472,6.48072,6.48022,1,1.1
13.08.2021 00:45:15.739,6.48073,6.48033,1.1,1
13.08.2021 00:45:15.840,6.4807500000000005,6.48037,1,1
13.08.2021 00:45:15.941,6.480840000000001,6.48037,1,1
13.08.2021 00:45:16.042,6.480840000000001,6.480430000000001,1,1
13.08.2021 00:45:16.143,6.480880000000001,6.480430000000001,1,1
13.08.2021 00:45:16.194,6.48087,6.480480000000001,1,1
13.08.2021 00:45:16.295,6.480930000000001,6.480530000000001,1.5,1
13.08.2021 00:45:16.396,6.480930000000001,6.480530000000001,1,1
13.08.2021 00:45:16.547,6.480930000000001,6.48057,1,1
13.08.2021 00:45:16.698,6.481,6.4805600000000005,1,1
13.08.2021 00:45:16.863,6.4809600000000005,6.48057,1.1,1
13.08.2021 00:45:17.322,6.48094,6.4805600000000005,1,1
13.08.2021 00:45:21.324,6.48092,6.4805600000000005,1.1,1
13.08.2021 00:45:23.469,6.48091,6.4805600000000005,1.1,1
13.08.2021 00:45:24.772,6.48087,6.48057,1.1,1
13.08.2021 00:45:24.861,6.48087,6.48047,1.1,1
13.08.2021 00:45:29.647,6.4809,6.48047,1.1,1
13.08.2021 00:45:29.698,6.4809600000000005,6.48047,2.15,1
13.08.2021 00:45:29.748,6.48097,6.4805,1.6,1
13.08.2021 00:45:30.067,6.480930000000001,6.48051,1,1
13.08.2021 00:45:34.833,6.480930000000001,6.48047,1,1.1
13.08.2021 00:45:39.954,6.480930000000001,6.4805,1,1
13.08.2021 00:45:40.703,6.48094,6.48046,1,1.1
13.08.2021 00:45:40.855,6.48094,6.480480000000001,1,1
13.08.2021 00:45:42.880,6.48094,6.48046,1.5,1.1
13.08.2021 00:45:46.901,6.480930000000001,6.48046,1.5,1
13.08.2021 00:45:47.103,6.480830000000001,6.48046,1.5,1
13.08.2021 00:45:47.877,6.4809,6.48046,1,1
13.08.2021 00:45:54.582,6.480840000000001,6.480440000000001,1,1
13.08.2021 00:45:54.633,6.480840000000001,6.48042,1,1
13.08.2021 00:45:55.019,6.480840000000001,6.480430000000001,1,1
13.08.2021 00:45:55.120,6.480830000000001,6.48047,1,1
13.08.2021 00:46:15.679,6.4809,6.48047,1,1
13.08.2021 00:46:21.447,6.480930000000001,6.48047,1,1
13.08.2021 00:46:21.898,6.480930000000001,6.48051,1.5,1
13.08.2021 00:46:47.469,6.48092,6.4805,1.1,1
13.08.2021 00:46:47.571,6.48092,6.480480000000001,1.1,1
13.08.2021 00:46:47.856,6.48092,6.48046,1.1,1
13.08.2021 00:46:48.780,6.480880000000001,6.48046,1.1,1
13.08.2021 00:46:59.922,6.48087,6.48046,1.1,1
13.08.2021 00:47:00.073,6.480830000000001,6.48047,1,1
13.08.2021 00:47:00.123,6.480830000000001,6.480430000000001,1,1
13.08.2021 00:47:00.376,6.480840000000001,6.4804,1.57,1
13.08.2021 00:47:00.427,6.480840000000001,6.480430000000001,1.57,1
13.08.2021 00:47:16.973,6.48082,6.480440000000001,1.1,1
13.08.2021 00:47:17.082,6.48082,6.480390000000001,1.1,1
13.08.2021 00:47:17.233,6.480740000000001,6.4803500000000005,1,1
13.08.2021 00:47:17.349,6.480830000000001,6.4803500000000005,1.1,1
13.08.2021 00:47:17.400,6.48078,6.48036,1,1
13.08.2021 00:47:19.467,6.48076,6.48036,1.1,1
13.08.2021 00:47:36.683,6.48076,6.48033,1.1,1
13.08.2021 00:47:37.928,6.4807500000000005,6.48032,1.1,1
13.08.2021 00:47:39.520,6.4807500000000005,6.480340000000001,1.1,1
13.08.2021 00:47:40.687,6.480740000000001,6.480340000000001,1,1
13.08.2021 00:47:40.988,6.4807500000000005,6.480340000000001,1.1,1
13.08.2021 00:47:41.201,6.4807500000000005,6.48033,1.1,1
13.08.2021 00:47:44.267,6.48073,6.48033,1.1,1
13.08.2021 00:47:45.026,6.48077,6.48033,1.57,1
13.08.2021 00:47:45.128,6.48077,6.48032,1.57,1
13.08.2021 00:48:07.058,6.48076,6.4803500000000005,1,1
13.08.2021 00:48:24.913,6.48076,6.48032,1,1.1
13.08.2021 00:48:46.343,6.48076,6.480340000000001,1,1
13.08.2021 00:48:46.445,6.480840000000001,6.4804900000000005,1,1
13.08.2021 00:48:46.546,6.48094,6.48055,1,1
