Gmt time,Ask,Bid,AskVolume,BidVolume
23.08.2021 00:00:16.177,6.50084,6.50025,1,1
23.08.2021 00:00:44.494,6.50079,6.50025,1,1
23.08.2021 00:00:51.074,6.5007600000000005,6.50026,1,1
23.08.2021 00:00:56.211,6.500780000000001,6.50026,1,1
23.08.2021 00:01:02.024,6.5007600000000005,6.50026,1,1
23.08.2021 00:01:02.075,6.5007600000000005,6.50017,1,1
23.08.2021 00:01:44.343,6.50074,6.50017,1,1
23.08.2021 00:01:44.543,6.5007600000000005,6.50017,1,1
23.08.2021 00:02:29.561,6.5004800000000005,6.49996,1,1.1
23.08.2021 00:02:29.662,6.50009,6.49971,1,1
23.08.2021 00:02:29.713,6.500240000000001,6.49967,1,1
23.08.2021 00:02:29.764,6.5000800000000005,6.49965,1,1
23.08.2021 00:02:29.814,6.50017,6.49936,1,1
23.08.2021 00:02:29.865,6.50025,6.499350000000001,1,1
23.08.2021 00:02:29.966,6.50012,6.49897,1,1
23.08.2021 00:02:30.066,6.500240000000001,6.4987,1,1
23.08.2021 00:02:30.117,6.50018,6.498690000000001,1,1
23.08.2021 00:02:30.231,6.50016,6.4987,1,1
23.08.2021 00:02:30.332,6.50017,6.4987,1,1
23.08.2021 00:02:30.433,6.50018,6.498690000000001,1,1
23.08.2021 00:02:30.534,6.50023,6.498690000000001,1,1
23.08.2021 00:02:30.584,6.5002,6.49885,1,1.5
23.08.2021 00:02:30.685,6.50011,6.4987900000000005,1,1.5
23.08.2021 00:02:30.786,6.500100000000001,6.498780000000001,1.5,1.5
23.08.2021 00:02:30.937,6.500100000000001,6.49877,1.5,1.5
23.08.2021 00:02:31.038,6.499980000000001,6.49877,1,1.5
23.08.2021 00:02:31.088,6.50002,6.49889,1,1
23.08.2021 00:02:31.189,6.500030000000001,6.498880000000001,1,1
23.08.2021 00:02:31.239,6.50005,6.498880000000001,1,1
23.08.2021 00:02:31.290,6.50014,6.49889,1,1
23.08.2021 00:02:31.349,6.50014,6.49889,1,1
23.08.2021 00:02:31.450,6.50013,6.4989,1,1.5
23.08.2021 00:02:31.550,6.50013,6.49889,1,1.5
23.08.2021 00:02:31.601,6.50007,6.498880000000001,1,1
23.08.2021 00:02:31.651,6.50007,6.498880000000001,1,1
23.08.2021 00:02:31.752,6.50006,6.49889,1,1
23.08.2021 00:02:31.871,6.50007,6.498880000000001,1,1
23.08.2021 00:02:31.972,6.50006,6.49889,1,1
23.08.2021 00:02:32.127,6.50007,6.498880000000001,1,1
23.08.2021 00:02:32.326,6.50007,6.498880000000001,1,1
23.08.2021 00:02:32.577,6.50006,6.49889,1,1
23.08.2021 00:02:32.627,6.50004,6.49889,1,1
23.08.2021 00:02:32.728,6.50004,6.498880000000001,1,1
23.08.2021 00:02:32.952,6.500030000000001,6.49889,1,1
23.08.2021 00:02:33.053,6.499930000000001,6.49889,1,1
23.08.2021 00:02:33.199,6.499930000000001,6.49889,1,1
23.08.2021 00:02:33.302,6.4999400000000005,6.498880000000001,1,1
23.08.2021 00:02:33.453,6.499840000000001,6.498880000000001,1,1
23.08.2021 00:02:33.599,6.49983,6.49889,1,1
23.08.2021 00:02:33.649,6.499930000000001,6.498880000000001,1,1
23.08.2021 00:02:34.062,6.499930000000001,6.498880000000001,1,1
23.08.2021 00:02:34.180,6.499930000000001,6.498880000000001,1,1
23.08.2021 00:02:34.236,6.49992,6.49889,1,1
23.08.2021 00:02:34.337,6.4999400000000005,6.49889,1,1
23.08.2021 00:02:34.437,6.4999400000000005,6.49889,1,1
23.08.2021 00:02:34.535,6.4999400000000005,6.49889,1,1
23.08.2021 00:02:34.585,6.499930000000001,6.498880000000001,1,1
23.08.2021 00:02:34.706,6.499930000000001,6.498880000000001,1,1
23.08.2021 00:02:34.857,6.49992,6.49889,1,1
23.08.2021 00:02:34.907,6.49992,6.49889,1,1
23.08.2021 00:02:35.058,6.49992,6.49889,1,1
23.08.2021 00:02:35.183,6.499930000000001,6.498880000000001,1,1
23.08.2021 00:02:35.284,6.49992,6.49889,1.5,1
23.08.2021 00:02:35.404,6.49991,6.49889,1,1
23.08.2021 00:02:35.555,6.49995,6.498880000000001,1,1
23.08.2021 00:02:35.631,6.49995,6.498880000000001,1,1
23.08.2021 00:02:35.810,6.4999400000000005,6.49889,1,1
23.08.2021 00:02:35.959,6.49996,6.498880000000001,1,1
23.08.2021 00:02:36.370,6.49996,6.498880000000001,1,1
23.08.2021 00:02:36.470,6.499980000000001,6.49889,1,1
23.08.2021 00:02:36.571,6.4999400000000005,6.49889,1,1
23.08.2021 00:02:36.737,6.49995,6.498880000000001,1,1
23.08.2021 00:02:37.080,6.4999400000000005,6.49889,1,1
23.08.2021 00:02:37.181,6.4999400000000005,6.49889,1,1
23.08.2021 00:02:37.383,6.4999400000000005,6.49889,1,1
23.08.2021 00:02:37.676,6.49995,6.498880000000001,1,1
23.08.2021 00:02:37.801,6.49995,6.498880000000001,1,1
23.08.2021 00:02:37.989,6.49995,6.498880000000001,1,1
23.08.2021 00:02:40.646,6.49995,6.498880000000001,1,1
23.08.2021 00:02:41.421,6.49997,6.498880000000001,1,1
23.08.2021 00:02:42.325,6.49999,6.49889,1,1
23.08.2021 00:02:42.590,6.49999,6.49889,1,1
23.08.2021 00:02:42.691,6.5,6.498880000000001,1,1
23.08.2021 00:02:42.741,6.499980000000001,6.498880000000001,1,1
23.08.2021 00:02:42.854,6.499980000000001,6.498880000000001,1,1
23.08.2021 00:02:43.275,6.499980000000001,6.498880000000001,1,1
23.08.2021 00:02:43.378,6.49997,6.498880000000001,1,1
23.08.2021 00:02:43.587,6.49997,6.49889,1,1
23.08.2021 00:02:43.688,6.49995,6.49889,1,1
23.08.2021 00:02:43.802,6.49995,6.498880000000001,1,1
23.08.2021 00:02:43.953,6.49995,6.498880000000001,1,1
23.08.2021 00:02:44.104,6.4999400000000005,6.498880000000001,1,1
23.08.2021 00:02:44.204,6.49999,6.498880000000001,1,1
23.08.2021 00:02:45.278,6.49999,6.498880000000001,1,1
23.08.2021 00:02:45.436,6.499930000000001,6.49889,1,1
23.08.2021 00:02:45.678,6.499930000000001,6.49889,1,1
23.08.2021 00:02:45.778,6.4999400000000005,6.49889,1,1
23.08.2021 00:02:45.929,6.49995,6.498880000000001,1,1
23.08.2021 00:02:46.030,6.4999400000000005,6.49889,1,1
23.08.2021 00:02:46.081,6.50002,6.498880000000001,1.5,1
23.08.2021 00:02:46.261,6.50002,6.49889,1.5,1
23.08.2021 00:02:46.689,6.50002,6.49889,1,1
23.08.2021 00:02:46.790,6.50002,6.498880000000001,1,1
23.08.2021 00:02:46.840,6.50002,6.498880000000001,1,1
23.08.2021 00:02:47.002,6.5000100000000005,6.498880000000001,1,1
23.08.2021 00:02:47.415,6.5000100000000005,6.498880000000001,1,1
23.08.2021 00:02:47.556,6.5000100000000005,6.498880000000001,1,1
23.08.2021 00:02:47.657,6.49999,6.49889,1,1
23.08.2021 00:02:47.937,6.49999,6.49889,1,1
23.08.2021 00:02:48.139,6.5,6.498880000000001,1,1
23.08.2021 00:02:53.928,6.5,6.498880000000001,1,1
23.08.2021 00:02:54.421,6.5,6.498880000000001,1,1
23.08.2021 00:02:54.524,6.499980000000001,6.498880000000001,1,1
23.08.2021 00:02:54.690,6.49997,6.49889,1,1
23.08.2021 00:02:56.326,6.499980000000001,6.498880000000001,1,1
23.08.2021 00:02:56.427,6.499980000000001,6.498880000000001,1,1
23.08.2021 00:02:56.978,6.499980000000001,6.498880000000001,1.5,1
23.08.2021 00:02:57.029,6.49997,6.49889,1,1
23.08.2021 00:02:57.178,6.49997,6.498880000000001,1,1
23.08.2021 00:02:57.388,6.49997,6.498880000000001,1,1
23.08.2021 00:02:57.524,6.49997,6.49889,1,1
23.08.2021 00:02:57.645,6.49997,6.49889,1,1
23.08.2021 00:02:57.746,6.499980000000001,6.498880000000001,1,1
23.08.2021 00:02:58.019,6.49999,6.498880000000001,1,1
23.08.2021 00:02:58.085,6.5000100000000005,6.498880000000001,1,1
23.08.2021 00:02:58.219,6.5000100000000005,6.49889,1,1
23.08.2021 00:02:58.296,6.5000100000000005,6.49889,1,1
23.08.2021 00:02:58.396,6.5000100000000005,6.49889,1,1
23.08.2021 00:02:58.497,6.49971,6.49876,1,1.5
23.08.2021 00:02:58.980,6.49971,6.4987,1,1.5
23.08.2021 00:02:59.081,6.49981,6.4987,1,1.5
23.08.2021 00:02:59.132,6.49986,6.4987,1,1.5
23.08.2021 00:02:59.232,6.499890000000001,6.4987,1,1.5
23.08.2021 00:02:59.333,6.499890000000001,6.49871,1,1.5
23.08.2021 00:02:59.384,6.4999,6.4987,1,1.5
23.08.2021 00:02:59.434,6.49992,6.4987900000000005,1,1
23.08.2021 00:02:59.485,6.499930000000001,6.498780000000001,1,1
23.08.2021 00:02:59.711,6.49997,6.498780000000001,1,1
23.08.2021 00:03:00.198,6.49997,6.498780000000001,1,1
23.08.2021 00:03:00.248,6.499840000000001,6.4987900000000005,1,1
23.08.2021 00:03:00.349,6.49981,6.498780000000001,1,1
23.08.2021 00:03:00.399,6.49981,6.498780000000001,1,1
23.08.2021 00:03:00.450,6.499750000000001,6.4987900000000005,1,1
23.08.2021 00:03:00.551,6.4997300000000005,6.498780000000001,1,1
23.08.2021 00:03:00.672,6.49972,6.4987900000000005,1,1
23.08.2021 00:03:00.773,6.4997300000000005,6.498780000000001,1,1
23.08.2021 00:03:00.934,6.49972,6.4987900000000005,1,1
23.08.2021 00:03:01.134,6.49972,6.4987900000000005,1,1
23.08.2021 00:03:01.520,6.49981,6.498780000000001,1,1
23.08.2021 00:03:01.624,6.49987,6.498780000000001,1,1
23.08.2021 00:03:01.780,6.49987,6.498780000000001,1,1
23.08.2021 00:03:02.035,6.49986,6.4987900000000005,1,1
23.08.2021 00:03:02.136,6.49987,6.498780000000001,1,1
23.08.2021 00:03:02.245,6.49986,6.4987900000000005,1,1
23.08.2021 00:03:02.556,6.49986,6.4987900000000005,1,1
23.08.2021 00:03:02.657,6.49986,6.4987900000000005,1,1
23.08.2021 00:03:02.757,6.49996,6.498780000000001,1,1
23.08.2021 00:03:02.808,6.5000100000000005,6.4987900000000005,1.5,1
23.08.2021 00:03:02.860,6.49997,6.4987900000000005,1,1
23.08.2021 00:03:03.152,6.499980000000001,6.498780000000001,1,1
23.08.2021 00:03:03.253,6.4998000000000005,6.498780000000001,1,1
23.08.2021 00:03:03.353,6.499840000000001,6.498780000000001,1,1
23.08.2021 00:03:03.404,6.499790000000001,6.4987900000000005,1,1
23.08.2021 00:03:03.455,6.4998000000000005,6.498780000000001,1,1
23.08.2021 00:03:03.581,6.4998000000000005,6.498780000000001,1,1
23.08.2021 00:03:03.682,6.49983,6.4987900000000005,1,1
23.08.2021 00:03:03.783,6.49983,6.4987900000000005,1,1
23.08.2021 00:03:03.931,6.499840000000001,6.498780000000001,1,1
23.08.2021 00:03:04.246,6.49983,6.4987900000000005,1,1
23.08.2021 00:03:04.706,6.49983,6.4987900000000005,1,1
23.08.2021 00:03:04.811,6.499840000000001,6.498780000000001,1,1
23.08.2021 00:03:05.247,6.49983,6.4987900000000005,1,1
23.08.2021 00:03:07.403,6.49976,6.498780000000001,1,1
23.08.2021 00:03:07.521,6.49969,6.4987900000000005,1,1
23.08.2021 00:03:07.672,6.49966,6.498780000000001,1,1
23.08.2021 00:03:07.888,6.49966,6.49868,1,1
23.08.2021 00:03:08.024,6.49965,6.498690000000001,1,1
23.08.2021 00:03:08.125,6.49966,6.49868,1,1
23.08.2021 00:03:08.317,6.49966,6.49868,1,1
23.08.2021 00:03:08.420,6.49966,6.49868,1,1
23.08.2021 00:03:08.659,6.49965,6.498690000000001,1,1
23.08.2021 00:03:08.760,6.49974,6.49868,1,1
23.08.2021 00:03:08.861,6.49974,6.49868,1,1
23.08.2021 00:03:08.969,6.49974,6.498690000000001,1,1
23.08.2021 00:03:09.155,6.499790000000001,6.498690000000001,1.5,1
23.08.2021 00:03:09.309,6.4998000000000005,6.49868,1.5,1
23.08.2021 00:03:09.359,6.499750000000001,6.498690000000001,1,1
23.08.2021 00:03:09.410,6.499750000000001,6.4988,1,1
23.08.2021 00:03:09.460,6.49976,6.49868,1,1
23.08.2021 00:03:09.511,6.49976,6.49868,1,1
23.08.2021 00:03:10.103,6.49976,6.49868,1,1
23.08.2021 00:03:10.560,6.499750000000001,6.498690000000001,1,1
23.08.2021 00:03:10.661,6.49976,6.49868,1,1
23.08.2021 00:03:11.150,6.499750000000001,6.498690000000001,1,1
23.08.2021 00:03:13.396,6.49976,6.49868,1,1
23.08.2021 00:03:14.325,6.499790000000001,6.498690000000001,1,1
23.08.2021 00:03:14.426,6.499840000000001,6.49868,1,1
23.08.2021 00:03:14.526,6.49982,6.498690000000001,1,1
23.08.2021 00:03:14.846,6.499840000000001,6.498690000000001,1,1
23.08.2021 00:03:14.896,6.49978,6.498690000000001,1,1
23.08.2021 00:03:15.336,6.499790000000001,6.49868,1,1
23.08.2021 00:03:15.437,6.49985,6.49868,1,1
23.08.2021 00:03:16.354,6.499840000000001,6.498690000000001,1,1
23.08.2021 00:03:16.455,6.49985,6.49868,1,1
23.08.2021 00:03:16.813,6.499840000000001,6.498690000000001,1,1
23.08.2021 00:03:16.913,6.49985,6.49868,1,1
23.08.2021 00:03:17.408,6.49985,6.49868,1,1
23.08.2021 00:03:17.558,6.499790000000001,6.498690000000001,1,1
23.08.2021 00:03:17.679,6.49983,6.498690000000001,1,1
23.08.2021 00:03:17.817,6.49983,6.498690000000001,1,1
23.08.2021 00:03:18.024,6.499840000000001,6.4987900000000005,1,1
23.08.2021 00:03:18.247,6.49983,6.498690000000001,1,1
23.08.2021 00:03:19.337,6.49983,6.498690000000001,1,1
23.08.2021 00:03:20.336,6.499840000000001,6.49868,1,1
23.08.2021 00:03:21.336,6.499840000000001,6.49868,1,1
23.08.2021 00:03:23.330,6.49981,6.498690000000001,1,1.5
23.08.2021 00:03:25.330,6.4998000000000005,6.49868,1,1
23.08.2021 00:03:28.188,6.4998000000000005,6.49868,1,1
23.08.2021 00:03:29.470,6.499790000000001,6.498690000000001,1,1
23.08.2021 00:03:31.336,6.4998000000000005,6.49868,1,1
23.08.2021 00:03:33.380,6.499790000000001,6.498690000000001,1,1
23.08.2021 00:03:35.336,6.499790000000001,6.498690000000001,1,1
23.08.2021 00:03:36.352,6.499790000000001,6.498690000000001,1,1
23.08.2021 00:03:37.341,6.4998000000000005,6.49868,1,1
23.08.2021 00:03:45.461,6.4998000000000005,6.49868,1,1
23.08.2021 00:03:45.707,6.499790000000001,6.498830000000001,1,1.5
23.08.2021 00:03:45.808,6.49974,6.498690000000001,1,1
23.08.2021 00:03:45.909,6.499750000000001,6.49868,1,1
23.08.2021 00:03:45.961,6.499750000000001,6.49868,1,1
23.08.2021 00:03:46.574,6.49974,6.498690000000001,1,1
23.08.2021 00:03:47.092,6.49981,6.498690000000001,1,1
23.08.2021 00:03:47.293,6.49981,6.498690000000001,1,1
23.08.2021 00:03:47.660,6.49982,6.49868,1,1
23.08.2021 00:03:47.761,6.499790000000001,6.49868,1,1
23.08.2021 00:03:47.867,6.49978,6.498690000000001,1,1
23.08.2021 00:03:48.229,6.499790000000001,6.49868,1,1
23.08.2021 00:03:48.330,6.499790000000001,6.49868,1,1
23.08.2021 00:03:48.696,6.499790000000001,6.49868,1,1
23.08.2021 00:03:53.696,6.49978,6.498690000000001,1,1
23.08.2021 00:03:53.747,6.499880000000001,6.49868,1,1
23.08.2021 00:03:53.797,6.49987,6.49868,1,1
23.08.2021 00:03:53.898,6.49986,6.498690000000001,1,1
23.08.2021 00:03:53.998,6.49986,6.498690000000001,1,1
23.08.2021 00:03:54.291,6.49986,6.498690000000001,1,1
23.08.2021 00:03:55.661,6.49987,6.49868,1,1
23.08.2021 00:03:55.712,6.4999,6.498690000000001,1,1
23.08.2021 00:03:55.762,6.49986,6.49868,1,1
23.08.2021 00:03:55.864,6.49985,6.498690000000001,1,1
23.08.2021 00:03:55.965,6.49985,6.498690000000001,1,1
23.08.2021 00:03:56.281,6.49986,6.49868,1,1
23.08.2021 00:03:56.432,6.49985,6.498690000000001,1,1
23.08.2021 00:03:56.586,6.49985,6.498690000000001,1,1
23.08.2021 00:03:56.854,6.49985,6.498690000000001,1,1
23.08.2021 00:03:56.955,6.49985,6.498690000000001,1,1
23.08.2021 00:03:57.056,6.49986,6.49868,1,1
23.08.2021 00:03:57.413,6.49986,6.49868,1,1
23.08.2021 00:03:57.514,6.49985,6.498690000000001,1,1
23.08.2021 00:03:58.712,6.49985,6.498690000000001,1,1
23.08.2021 00:03:58.875,6.49986,6.49868,1,1
23.08.2021 00:03:58.991,6.49985,6.498690000000001,1,1
23.08.2021 00:03:59.196,6.49986,6.49868,1,1
23.08.2021 00:03:59.297,6.49986,6.49868,1,1
23.08.2021 00:03:59.448,6.49985,6.498690000000001,1,1
23.08.2021 00:03:59.599,6.49986,6.49868,1,1
23.08.2021 00:04:00.661,6.49985,6.498690000000001,1,1
23.08.2021 00:04:00.762,6.49985,6.498690000000001,1,1
23.08.2021 00:04:00.863,6.49986,6.49868,1,1
23.08.2021 00:04:00.964,6.49986,6.49868,1,1
23.08.2021 00:04:01.984,6.4997300000000005,6.498690000000001,1,1
23.08.2021 00:04:02.085,6.49969,6.49868,1,1
23.08.2021 00:04:03.679,6.49969,6.49868,1,1
23.08.2021 00:04:03.830,6.499680000000001,6.498690000000001,1,1
23.08.2021 00:04:03.960,6.499680000000001,6.498690000000001,1,1
23.08.2021 00:04:04.011,6.499680000000001,6.498690000000001,1,1
23.08.2021 00:04:06.447,6.499680000000001,6.4988,1,1
23.08.2021 00:04:09.397,6.499790000000001,6.4987900000000005,1,1
23.08.2021 00:04:09.448,6.49982,6.4987900000000005,1,1
23.08.2021 00:04:09.498,6.49978,6.4988,1,1
23.08.2021 00:04:09.990,6.499880000000001,6.4988,1,1
23.08.2021 00:04:10.192,6.499890000000001,6.4988,1,1
23.08.2021 00:04:10.298,6.49995,6.4988,2,1
23.08.2021 00:04:11.091,6.49996,6.4987900000000005,1.5,1
23.08.2021 00:04:11.377,6.499930000000001,6.4988,1,1
23.08.2021 00:04:11.803,6.49996,6.4988,1.12,1
23.08.2021 00:04:12.140,6.49997,6.4987900000000005,1.5,1
23.08.2021 00:04:12.280,6.499930000000001,6.4988,1,1
23.08.2021 00:04:12.472,6.49997,6.4987900000000005,1,1
23.08.2021 00:04:13.358,6.49977,6.4987900000000005,1,1
23.08.2021 00:04:13.409,6.4999400000000005,6.4987900000000005,1.12,1
23.08.2021 00:04:13.459,6.499890000000001,6.4988,1,1
23.08.2021 00:04:13.560,6.49995,6.4988,1,1
23.08.2021 00:04:14.111,6.499930000000001,6.4987900000000005,1,1
23.08.2021 00:04:14.356,6.4998000000000005,6.4987900000000005,1,1
23.08.2021 00:04:14.407,6.499890000000001,6.4987900000000005,1,1
23.08.2021 00:04:14.508,6.499790000000001,6.4987900000000005,1,1
23.08.2021 00:04:15.465,6.49982,6.4987900000000005,1,1
23.08.2021 00:04:15.516,6.49965,6.4988,1,1
23.08.2021 00:04:15.717,6.49987,6.4987900000000005,1,1
23.08.2021 00:04:15.768,6.49981,6.4988,1,1
23.08.2021 00:04:17.147,6.499680000000001,6.4988,1,1
23.08.2021 00:04:17.252,6.49965,6.4987900000000005,1,1
23.08.2021 00:04:17.453,6.49971,6.4988,1,1
23.08.2021 00:04:17.503,6.49959,6.4988,1,1
23.08.2021 00:04:22.362,6.49966,6.498640000000001,1,1.6
23.08.2021 00:04:22.413,6.49985,6.49877,1,1
23.08.2021 00:04:22.573,6.499880000000001,6.49876,1,1
23.08.2021 00:04:22.674,6.4999400000000005,6.49876,1.5,1
23.08.2021 00:04:23.478,6.49995,6.49868,1.5,1
23.08.2021 00:04:23.529,6.49995,6.49868,1,1
23.08.2021 00:04:23.580,6.499930000000001,6.498690000000001,1,1
23.08.2021 00:04:23.681,6.4999400000000005,6.49868,1,1
23.08.2021 00:04:23.732,6.50002,6.498730000000001,1,1.5
23.08.2021 00:04:23.782,6.50002,6.498730000000001,1.5,1.5
23.08.2021 00:04:23.883,6.5000800000000005,6.49872,1,1.5
23.08.2021 00:04:23.934,6.50018,6.498880000000001,1,1
23.08.2021 00:04:23.985,6.50016,6.498880000000001,1,1
23.08.2021 00:04:24.086,6.5001500000000005,6.49889,1,1
23.08.2021 00:04:24.168,6.50021,6.49889,1.5,1
23.08.2021 00:04:24.749,6.50021,6.49889,1.5,1
23.08.2021 00:04:24.850,6.50021,6.498880000000001,1,1
23.08.2021 00:04:24.951,6.50021,6.498880000000001,1.12,1
23.08.2021 00:04:25.242,6.50017,6.498880000000001,1,1
23.08.2021 00:04:25.511,6.50017,6.498880000000001,1,1
23.08.2021 00:04:25.612,6.50017,6.49889,1,1
23.08.2021 00:04:25.796,6.50021,6.49889,1.5,1
23.08.2021 00:04:25.846,6.50006,6.498880000000001,1,1
23.08.2021 00:04:25.998,6.50006,6.498880000000001,1,1
23.08.2021 00:04:26.282,6.50005,6.49889,1,1
23.08.2021 00:04:26.444,6.50006,6.498880000000001,1,1
23.08.2021 00:04:26.545,6.50005,6.49889,1,1
23.08.2021 00:04:26.696,6.5,6.498880000000001,1,1
23.08.2021 00:04:26.797,6.5,6.498880000000001,1,1
23.08.2021 00:04:26.898,6.5,6.498880000000001,1,1
23.08.2021 00:04:27.063,6.49999,6.49889,1,1
23.08.2021 00:04:27.164,6.49999,6.49889,1,1
23.08.2021 00:04:28.122,6.49999,6.49889,1,1
23.08.2021 00:04:28.237,6.5,6.498880000000001,1,1
23.08.2021 00:04:28.436,6.49999,6.49889,1,1
23.08.2021 00:04:28.543,6.49999,6.49889,1,1
23.08.2021 00:04:28.931,6.5,6.498880000000001,1,1
23.08.2021 00:04:32.191,6.5,6.498880000000001,1,1
23.08.2021 00:04:32.292,6.5,6.49889,1,1
23.08.2021 00:04:32.343,6.4999,6.498880000000001,1,1
23.08.2021 00:04:32.445,6.49982,6.49876,1,1
23.08.2021 00:04:32.495,6.49982,6.49876,1,1
23.08.2021 00:04:32.599,6.49982,6.49876,1,1
23.08.2021 00:04:32.700,6.499790000000001,6.49876,1,1
23.08.2021 00:04:32.836,6.499790000000001,6.49876,1,1
23.08.2021 00:04:32.937,6.4998000000000005,6.49875,1,1
23.08.2021 00:04:33.051,6.4998000000000005,6.49875,1,1
23.08.2021 00:04:33.189,6.4998000000000005,6.49875,1,1
23.08.2021 00:04:34.210,6.499790000000001,6.49876,1,1
23.08.2021 00:04:35.707,6.499840000000001,6.49875,1,1
23.08.2021 00:04:35.758,6.49987,6.49876,1,1
23.08.2021 00:04:35.808,6.49987,6.49876,1,1
23.08.2021 00:04:36.065,6.49987,6.49876,1,1
23.08.2021 00:04:36.166,6.499840000000001,6.49876,1,1
23.08.2021 00:04:36.267,6.49985,6.49875,1,1
23.08.2021 00:04:36.416,6.4998000000000005,6.49876,1,1
23.08.2021 00:04:36.517,6.49981,6.49875,1,1
23.08.2021 00:04:36.618,6.49981,6.49875,1,1
23.08.2021 00:04:36.719,6.49986,6.49876,1,1
23.08.2021 00:04:37.112,6.49986,6.49876,1,1
23.08.2021 00:04:37.616,6.49992,6.49875,1,1
23.08.2021 00:04:37.717,6.49982,6.49875,1,1
23.08.2021 00:04:37.826,6.49981,6.49876,1,1
23.08.2021 00:04:37.926,6.49982,6.49875,1,1
23.08.2021 00:04:37.977,6.49987,6.49875,1,1
23.08.2021 00:04:38.027,6.4998000000000005,6.49876,1,1
23.08.2021 00:04:38.127,6.49981,6.49875,1,1
23.08.2021 00:04:38.247,6.49985,6.49875,1,1
23.08.2021 00:04:38.347,6.49985,6.49875,1,1
23.08.2021 00:04:38.422,6.49985,6.49875,1,1
23.08.2021 00:04:38.572,6.499790000000001,6.49876,1,1
23.08.2021 00:04:38.673,6.49981,6.49875,1,1
23.08.2021 00:04:38.839,6.4998000000000005,6.49876,1,1
23.08.2021 00:04:38.977,6.49981,6.49875,1,1
23.08.2021 00:04:39.077,6.49985,6.49875,1,1
23.08.2021 00:04:39.128,6.50004,6.49875,1,1
23.08.2021 00:04:39.178,6.49995,6.49876,1,1
23.08.2021 00:04:39.633,6.49995,6.49877,1,1.5
23.08.2021 00:04:39.684,6.4999,6.49876,1,1.5
23.08.2021 00:04:39.835,6.49983,6.49876,1,1
23.08.2021 00:04:39.951,6.499840000000001,6.49875,1,1
23.08.2021 00:04:40.149,6.49983,6.49876,1,1
23.08.2021 00:04:40.300,6.499840000000001,6.49875,1,1
23.08.2021 00:04:40.509,6.49983,6.49876,1,1
23.08.2021 00:04:40.858,6.499840000000001,6.49875,1,1
23.08.2021 00:04:41.169,6.49983,6.49876,1,1
23.08.2021 00:04:41.295,6.49983,6.49876,1,1
23.08.2021 00:04:41.702,6.499890000000001,6.49876,1,1
23.08.2021 00:04:41.969,6.4999,6.49875,1,1
23.08.2021 00:04:42.109,6.49997,6.49876,1,1
23.08.2021 00:04:42.160,6.49986,6.49876,1,1
23.08.2021 00:04:42.262,6.49986,6.49876,1,1
23.08.2021 00:04:42.364,6.49987,6.49875,1,1
23.08.2021 00:04:42.489,6.49986,6.49876,1,1
23.08.2021 00:04:42.590,6.4998000000000005,6.49876,1,1
23.08.2021 00:04:43.117,6.49981,6.49875,1,1
23.08.2021 00:04:43.168,6.49985,6.49876,1,1
23.08.2021 00:04:43.268,6.49986,6.49875,1,1
23.08.2021 00:04:43.369,6.49996,6.49875,1,1
23.08.2021 00:04:43.420,6.49995,6.49876,1,1
23.08.2021 00:04:44.169,6.49996,6.49875,1,1
23.08.2021 00:04:44.282,6.49997,6.49875,1,1
23.08.2021 00:04:44.383,6.49996,6.49877,1,1.5
23.08.2021 00:04:44.484,6.49995,6.49877,1,1.5
23.08.2021 00:04:44.723,6.49996,6.49875,1,1.62
23.08.2021 00:04:44.824,6.49996,6.49889,1,1
23.08.2021 00:04:45.179,6.49997,6.498880000000001,1,1
23.08.2021 00:04:45.388,6.49996,6.49889,1,1
23.08.2021 00:04:45.493,6.49997,6.498880000000001,1,1
23.08.2021 00:04:45.676,6.49997,6.498880000000001,1,1
23.08.2021 00:04:47.093,6.49997,6.498880000000001,1,1
23.08.2021 00:04:47.194,6.49996,6.49889,1,1
23.08.2021 00:04:47.336,6.49997,6.498880000000001,1,1
23.08.2021 00:04:47.387,6.49996,6.49889,1,1
23.08.2021 00:04:47.491,6.49997,6.498880000000001,1,1
23.08.2021 00:04:47.592,6.49996,6.49889,1,1
23.08.2021 00:04:47.694,6.49997,6.498880000000001,1,1
23.08.2021 00:04:47.795,6.49996,6.49889,1,1
23.08.2021 00:04:47.923,6.49996,6.49889,1,1
23.08.2021 00:04:48.166,6.49997,6.498880000000001,1,1
23.08.2021 00:04:48.322,6.49997,6.498880000000001,1,1
23.08.2021 00:04:48.431,6.49997,6.498880000000001,1,1
23.08.2021 00:04:48.537,6.49996,6.49889,1,1
23.08.2021 00:04:48.667,6.49997,6.498880000000001,1,1
23.08.2021 00:04:49.167,6.49996,6.49889,1,1
23.08.2021 00:04:50.375,6.49997,6.498880000000001,1,1
23.08.2021 00:04:54.985,6.50013,6.49889,1,1
23.08.2021 00:04:55.035,6.49982,6.4991200000000005,1,1
23.08.2021 00:04:55.348,6.49981,6.49899,1,1.25
23.08.2021 00:04:55.449,6.49982,6.4991900000000005,1,1
23.08.2021 00:04:55.943,6.5003400000000005,6.4991900000000005,1.6,1.2
23.08.2021 00:04:56.094,6.5000800000000005,6.4991900000000005,1,1.5
23.08.2021 00:04:56.947,6.500240000000001,6.4992600000000005,1.5,1
23.08.2021 00:05:10.626,6.50007,6.49938,1,1.25
23.08.2021 00:05:11.107,6.50006,6.499390000000001,1,1
23.08.2021 00:05:14.771,6.50004,6.499390000000001,1,1
23.08.2021 00:05:15.294,6.50002,6.499390000000001,1,1
23.08.2021 00:05:16.779,6.50022,6.49938,1.5,1
23.08.2021 00:05:21.578,6.50007,6.49938,1,1
23.08.2021 00:05:21.679,6.50027,6.499180000000001,1.6,1.25
23.08.2021 00:05:40.547,6.50004,6.499280000000001,1,1
23.08.2021 00:05:42.685,6.500380000000001,6.49956,1.1,1
23.08.2021 00:05:42.786,6.5003,6.4992,1,1
23.08.2021 00:05:42.887,6.50035,6.49967,1,1
23.08.2021 00:05:42.988,6.50026,6.4992,1,1
23.08.2021 00:05:43.701,6.50031,6.499210000000001,1,1
23.08.2021 00:05:43.911,6.5003,6.4992,1,1
23.08.2021 00:05:44.294,6.500280000000001,6.4992,1,1
23.08.2021 00:05:44.404,6.50022,6.4992,1,1
23.08.2021 00:05:44.454,6.5002,6.4992,1,1
23.08.2021 00:05:49.138,6.50018,6.4992,1,1
23.08.2021 00:05:57.545,6.499930000000001,6.499210000000001,1,1
23.08.2021 00:05:57.646,6.49981,6.49959,1,1
23.08.2021 00:05:58.122,6.49976,6.49959,1,1
23.08.2021 00:06:05.038,6.499790000000001,6.499390000000001,1,1
23.08.2021 00:06:05.376,6.4998000000000005,6.4991200000000005,1,1
23.08.2021 00:06:05.427,6.49974,6.49924,1,1.1
23.08.2021 00:06:05.707,6.49976,6.49924,1,1.1
23.08.2021 00:06:09.675,6.4997300000000005,6.49924,1,1.1
23.08.2021 00:06:11.676,6.4997300000000005,6.499230000000001,1,1.1
23.08.2021 00:06:11.918,6.499750000000001,6.499230000000001,1,1.1
23.08.2021 00:06:15.105,6.49974,6.499230000000001,1,1.1
23.08.2021 00:06:15.733,6.49965,6.499230000000001,1,1
23.08.2021 00:06:16.240,6.49965,6.49924,1,1
23.08.2021 00:06:20.122,6.499630000000001,6.49924,1,1
23.08.2021 00:06:20.684,6.499580000000001,6.499230000000001,1,1
23.08.2021 00:06:22.275,6.499530000000001,6.49924,1,1
23.08.2021 00:06:22.874,6.499750000000001,6.49924,1,1
23.08.2021 00:06:22.925,6.49962,6.499230000000001,1,1
23.08.2021 00:06:25.265,6.49965,6.499230000000001,1,1
23.08.2021 00:06:25.365,6.499680000000001,6.49924,1,1
23.08.2021 00:06:25.497,6.4996,6.49901,1,1
23.08.2021 00:06:25.547,6.4995400000000005,6.49901,1,1
23.08.2021 00:06:25.648,6.49941,6.49902,1,1
23.08.2021 00:06:28.512,6.4994000000000005,6.49901,1,1
23.08.2021 00:06:34.400,6.49938,6.49901,1,1
23.08.2021 00:06:34.501,6.4995,6.49902,1,1
23.08.2021 00:06:41.913,6.4995,6.49901,1,1
23.08.2021 00:06:42.137,6.499490000000001,6.49901,1,1
23.08.2021 00:06:42.238,6.49951,6.49901,1,1
23.08.2021 00:06:58.679,6.4995,6.49901,1,1
23.08.2021 00:06:59.885,6.499490000000001,6.49901,1,1
23.08.2021 00:07:00.250,6.499490000000001,6.49905,1,1
23.08.2021 00:07:00.300,6.49956,6.49908,1,1
23.08.2021 00:07:00.782,6.49951,6.49908,1,1
23.08.2021 00:07:01.176,6.49943,6.49907,1,1
23.08.2021 00:07:07.538,6.49938,6.49908,1,1
23.08.2021 00:07:07.742,6.49943,6.49908,1,1
23.08.2021 00:07:07.855,6.49947,6.49907,1,1
23.08.2021 00:07:08.121,6.499390000000001,6.49907,1,1
23.08.2021 00:07:09.562,6.499490000000001,6.49908,1,1
23.08.2021 00:07:09.753,6.49938,6.49908,1,1
23.08.2021 00:07:12.821,6.499350000000001,6.49907,1,1
23.08.2021 00:07:12.872,6.49942,6.49908,1,1
23.08.2021 00:07:16.030,6.49942,6.4989300000000005,1,1
23.08.2021 00:07:16.131,6.49947,6.498880000000001,1,1
23.08.2021 00:07:16.231,6.499390000000001,6.49889,1,1
23.08.2021 00:07:16.403,6.49947,6.498880000000001,1,1
23.08.2021 00:07:16.944,6.49943,6.49889,1,1
23.08.2021 00:07:17.905,6.499390000000001,6.498880000000001,1,1
23.08.2021 00:07:20.324,6.49938,6.498880000000001,1,1
23.08.2021 00:07:35.644,6.49946,6.49889,1,1
23.08.2021 00:07:40.560,6.49938,6.49889,1,1
23.08.2021 00:07:40.815,6.49946,6.4989,1,1
23.08.2021 00:07:41.938,6.49947,6.49889,1,1.5
23.08.2021 00:07:42.337,6.49966,6.499090000000001,1,1
23.08.2021 00:07:42.640,6.49956,6.4991,1,1
23.08.2021 00:07:44.092,6.49965,6.49938,1,1
23.08.2021 00:07:44.143,6.49965,6.4991,1,1
23.08.2021 00:07:44.579,6.49965,6.499090000000001,1,1
23.08.2021 00:07:45.442,6.49966,6.499090000000001,1,1
23.08.2021 00:07:46.552,6.49966,6.499090000000001,1.5,1
23.08.2021 00:07:52.187,6.49965,6.499440000000001,1.5,1
23.08.2021 00:07:52.341,6.49965,6.499440000000001,1.12,1
23.08.2021 00:07:54.284,6.49965,6.49942,1,1
23.08.2021 00:07:55.367,6.499750000000001,6.49942,1,1
23.08.2021 00:07:55.418,6.49982,6.49942,1,1
23.08.2021 00:07:55.519,6.49991,6.49941,1.1,1
23.08.2021 00:07:55.620,6.49996,6.4995400000000005,1.6,1
23.08.2021 00:07:55.722,6.50005,6.499530000000001,1.2,1
23.08.2021 00:07:55.873,6.50004,6.49956,1.2,1
23.08.2021 00:07:55.923,6.50005,6.49956,1.1,1
23.08.2021 00:07:56.444,6.50005,6.49956,1.2,1
23.08.2021 00:07:56.503,6.50005,6.49956,1.1,1
23.08.2021 00:07:57.160,6.50004,6.49956,1,1
23.08.2021 00:07:57.671,6.5000800000000005,6.49956,1.2,1
23.08.2021 00:07:57.920,6.5000800000000005,6.49956,1.6,1
23.08.2021 00:07:59.649,6.5000800000000005,6.49956,1.7,1
23.08.2021 00:07:59.750,6.50009,6.49941,1.2,1.1
23.08.2021 00:07:59.800,6.5000800000000005,6.49942,1.2,1.1
23.08.2021 00:08:00.089,6.50004,6.49942,1.1,1.1
23.08.2021 00:08:00.333,6.50004,6.49942,1.1,1.1
23.08.2021 00:08:00.828,6.50005,6.49942,1.1,1.1
23.08.2021 00:08:00.879,6.50005,6.49942,1.1,1.1
23.08.2021 00:08:01.012,6.50006,6.49941,1.1,1.1
23.08.2021 00:08:01.348,6.50009,6.49945,1.2,1
23.08.2021 00:08:01.398,6.50009,6.49938,1.1,1
23.08.2021 00:08:01.479,6.5000800000000005,6.49947,1.1,1
23.08.2021 00:08:01.881,6.5000800000000005,6.49951,1.6,1.2
23.08.2021 00:08:03.906,6.5000800000000005,6.49951,1.2,1.2
23.08.2021 00:08:06.647,6.50004,6.49951,1,1.1
23.08.2021 00:08:13.093,6.5000800000000005,6.49951,2.07,1.1
23.08.2021 00:08:20.735,6.50006,6.4995,1,1.1
23.08.2021 00:08:23.584,6.50002,6.49951,1,1.1
23.08.2021 00:08:23.685,6.499980000000001,6.4995,1,1.1
23.08.2021 00:08:24.085,6.5,6.4995,1,1.1
23.08.2021 00:08:24.136,6.500030000000001,6.49951,1,1.1
23.08.2021 00:08:24.268,6.50006,6.4995,1.5,1.1
23.08.2021 00:08:24.580,6.500030000000001,6.4995,1,1.1
23.08.2021 00:08:25.080,6.50004,6.49951,1.5,1.1
23.08.2021 00:08:25.581,6.50002,6.49951,1,1.1
23.08.2021 00:08:25.969,6.5,6.49951,1,1.1
23.08.2021 00:08:32.484,6.5,6.49951,1,1.6
23.08.2021 00:08:46.432,6.5,6.499530000000001,1,1
23.08.2021 00:08:46.643,6.5,6.49951,1,1.1
23.08.2021 00:08:47.097,6.5,6.499490000000001,1,1.5
23.08.2021 00:08:47.907,6.5000100000000005,6.49947,1,1
23.08.2021 00:08:48.087,6.5000100000000005,6.49947,1,1.5
23.08.2021 00:08:49.079,6.5,6.499480000000001,1,1
23.08.2021 00:08:49.739,6.5,6.499480000000001,1.1,1
23.08.2021 00:08:49.789,6.5000100000000005,6.49942,1.1,1
23.08.2021 00:08:49.891,6.5000100000000005,6.49942,1.1,1.5
23.08.2021 00:08:49.941,6.49995,6.49943,1,1.5
23.08.2021 00:08:50.608,6.49995,6.4994000000000005,1.1,2.07
23.08.2021 00:08:50.901,6.49996,6.4994000000000005,1.1,1
23.08.2021 00:08:51.008,6.49996,6.4994000000000005,1,1
23.08.2021 00:08:51.632,6.49995,6.49941,1.1,1
23.08.2021 00:08:51.683,6.49996,6.4994000000000005,1,1
23.08.2021 00:08:52.434,6.49996,6.4994000000000005,1.1,1
23.08.2021 00:08:52.485,6.49996,6.4994000000000005,1,1
23.08.2021 00:08:53.176,6.49996,6.4994000000000005,1.1,1
23.08.2021 00:08:54.159,6.49995,6.49941,1,1
23.08.2021 00:08:54.795,6.49996,6.4994000000000005,1.1,1.57
23.08.2021 00:08:55.087,6.49995,6.49946,1.1,1.1
23.08.2021 00:08:55.679,6.49995,6.4995,1.1,1.1
23.08.2021 00:08:55.734,6.49995,6.4995,1,1.1
23.08.2021 00:08:56.675,6.49996,6.49952,1,1.1
23.08.2021 00:08:57.884,6.49996,6.4994000000000005,1,1
23.08.2021 00:08:58.243,6.49996,6.499390000000001,1,1.12
23.08.2021 00:08:58.772,6.49996,6.4994000000000005,1,1
23.08.2021 00:08:59.043,6.49995,6.49941,1,1.5
23.08.2021 00:09:00.806,6.499880000000001,6.49938,1,1.5
23.08.2021 00:09:01.000,6.499880000000001,6.49938,1.5,1.5
23.08.2021 00:09:01.051,6.49986,6.49938,1,1
23.08.2021 00:09:03.439,6.49982,6.499390000000001,1,1
23.08.2021 00:09:07.335,6.499790000000001,6.49938,1,1
23.08.2021 00:09:07.659,6.49985,6.49938,1,1
23.08.2021 00:09:15.575,6.4998000000000005,6.499390000000001,1,1
23.08.2021 00:09:15.676,6.49978,6.499390000000001,1,1
23.08.2021 00:09:15.970,6.499750000000001,6.499390000000001,1,1
23.08.2021 00:09:16.077,6.4997300000000005,6.499390000000001,1,1
23.08.2021 00:09:17.491,6.499750000000001,6.499390000000001,1,1
23.08.2021 00:09:17.592,6.49966,6.4991900000000005,1,1.5
23.08.2021 00:09:17.642,6.49957,6.499090000000001,1,1.5
23.08.2021 00:09:17.693,6.49957,6.49905,1,1.5
23.08.2021 00:09:17.747,6.499580000000001,6.49907,1,1
23.08.2021 00:09:17.898,6.49957,6.4991200000000005,1,1
23.08.2021 00:09:17.999,6.49956,6.49911,1,1
23.08.2021 00:09:18.629,6.49955,6.499090000000001,1,1
23.08.2021 00:09:19.113,6.49956,6.49905,1,1.5
23.08.2021 00:09:21.660,6.49955,6.49906,1,1
23.08.2021 00:09:22.012,6.49956,6.499090000000001,1,1
23.08.2021 00:09:22.312,6.49956,6.49907,1,1
23.08.2021 00:09:26.221,6.49956,6.499090000000001,1,1
23.08.2021 00:09:26.324,6.49956,6.499130000000001,1,1
23.08.2021 00:09:26.656,6.49955,6.4991,1,1
23.08.2021 00:09:26.757,6.49955,6.4991,1,1.5
23.08.2021 00:09:26.883,6.49955,6.499140000000001,1,1
23.08.2021 00:09:27.879,6.49956,6.49915,1,1
23.08.2021 00:09:27.980,6.49956,6.4991900000000005,1,1
23.08.2021 00:09:28.408,6.49955,6.49915,1,1
23.08.2021 00:09:29.106,6.49955,6.49915,1,1.5
23.08.2021 00:09:30.112,6.49955,6.49915,1,1
23.08.2021 00:09:34.967,6.49955,6.49908,1,1.5
23.08.2021 00:09:36.319,6.49956,6.49907,1,1.5
23.08.2021 00:09:37.323,6.49955,6.49908,1,1.5
23.08.2021 00:09:41.788,6.4995400000000005,6.499040000000001,1,1.5
23.08.2021 00:09:41.839,6.49956,6.499040000000001,1.1,1
23.08.2021 00:09:42.047,6.49956,6.499040000000001,1.1,1
23.08.2021 00:09:42.098,6.4995,6.498950000000001,1.1,1
23.08.2021 00:09:42.148,6.499440000000001,6.498950000000001,1,1
23.08.2021 00:09:42.249,6.49945,6.49894,1.1,1
23.08.2021 00:09:42.350,6.49934,6.49882,1.1,1
23.08.2021 00:09:42.536,6.499390000000001,6.49882,1.6,1
23.08.2021 00:09:42.637,6.49925,6.49882,1,1
23.08.2021 00:10:06.637,6.499490000000001,6.49866,1,1.5
23.08.2021 00:10:06.688,6.499490000000001,6.49887,1,1
23.08.2021 00:10:06.844,6.499490000000001,6.49877,1,1.5
23.08.2021 00:10:07.002,6.499480000000001,6.4989,1,1
23.08.2021 00:10:07.490,6.499480000000001,6.4989,1.1,1
23.08.2021 00:10:07.628,6.499490000000001,6.49889,1.6,1
23.08.2021 00:10:08.618,6.49946,6.49889,1.1,1
23.08.2021 00:10:08.897,6.49945,6.4989,1.1,1
23.08.2021 00:10:09.061,6.49946,6.49889,1.1,1
23.08.2021 00:10:12.459,6.49946,6.49889,1.1,1
23.08.2021 00:10:13.715,6.49946,6.49889,1.1,1
23.08.2021 00:10:14.159,6.49945,6.4989,1.1,1
23.08.2021 00:10:15.805,6.49946,6.49889,1.1,1
23.08.2021 00:10:17.568,6.49945,6.4989,1.1,1
23.08.2021 00:10:18.610,6.49945,6.49889,1.1,1
23.08.2021 00:10:18.773,6.499440000000001,6.4989,1.1,1
23.08.2021 00:10:19.362,6.49945,6.49889,1.1,1
23.08.2021 00:10:23.357,6.49943,6.4989,1,1
23.08.2021 00:10:26.357,6.49943,6.49889,1,1
23.08.2021 00:10:30.353,6.4994000000000005,6.49889,1,1
23.08.2021 00:10:30.863,6.499350000000001,6.49889,1,1
23.08.2021 00:10:31.261,6.4994000000000005,6.4989,1.1,1
23.08.2021 00:10:31.870,6.49941,6.49889,1.1,1
23.08.2021 00:10:33.376,6.49941,6.49889,1.1,1
23.08.2021 00:10:33.727,6.4994000000000005,6.4989,1.1,1
23.08.2021 00:11:07.469,6.4994000000000005,6.4989,1,1.1
23.08.2021 00:11:15.295,6.49941,6.49889,1,1
23.08.2021 00:11:30.909,6.49965,6.49885,1.6,1
23.08.2021 00:11:34.850,6.49957,6.49885,1.6,1.1
23.08.2021 00:11:35.350,6.49957,6.4988600000000005,1.6,1.1
23.08.2021 00:11:37.882,6.49957,6.4988600000000005,1.6,1.1
23.08.2021 00:11:38.382,6.49966,6.4988600000000005,1.6,1.1
23.08.2021 00:11:38.882,6.499580000000001,6.4988600000000005,1.6,1.1
23.08.2021 00:11:41.991,6.499490000000001,6.49885,1.6,1
23.08.2021 00:11:44.543,6.499490000000001,6.49885,1.6,1
23.08.2021 00:11:44.773,6.49952,6.49885,1.6,1.1
23.08.2021 00:11:45.034,6.49952,6.49885,1.6,1.1
23.08.2021 00:11:49.112,6.49951,6.4988600000000005,1.22,1.1
23.08.2021 00:11:49.827,6.49942,6.49877,1,1.1
23.08.2021 00:11:49.877,6.49941,6.498780000000001,1.1,1.1
23.08.2021 00:12:00.743,6.49942,6.49875,1.1,1.6
23.08.2021 00:12:00.881,6.49942,6.49889,1.6,1
23.08.2021 00:12:01.194,6.4994000000000005,6.4989,1.1,1
23.08.2021 00:12:01.295,6.4994000000000005,6.4989,1.1,1
23.08.2021 00:12:08.695,6.4994000000000005,6.4989,1.1,1
23.08.2021 00:12:13.603,6.49937,6.49889,1,1
23.08.2021 00:12:19.771,6.499280000000001,6.49889,1,1
23.08.2021 00:12:20.227,6.49934,6.49889,1,1
23.08.2021 00:12:32.129,6.4992600000000005,6.4989,1,1
23.08.2021 00:12:32.683,6.4993300000000005,6.4989,1,1
23.08.2021 00:12:32.733,6.49932,6.49889,1,1
23.08.2021 00:12:37.469,6.49927,6.49889,1,1
23.08.2021 00:12:37.520,6.49931,6.4989,1.5,1
23.08.2021 00:12:38.056,6.49927,6.49889,1,1
23.08.2021 00:12:41.964,6.499300000000001,6.4989,1,1
23.08.2021 00:13:02.152,6.49929,6.498730000000001,1,1.1
23.08.2021 00:13:02.203,6.499280000000001,6.498740000000001,1,1
23.08.2021 00:13:02.344,6.499280000000001,6.498730000000001,1,1
23.08.2021 00:13:02.726,6.49927,6.49872,1.1,1
23.08.2021 00:13:03.993,6.4992600000000005,6.498730000000001,1,1.1
23.08.2021 00:13:05.061,6.49927,6.49872,1,1
23.08.2021 00:13:05.692,6.4992600000000005,6.498730000000001,1,1.1
23.08.2021 00:13:05.920,6.4992600000000005,6.498730000000001,1,1
23.08.2021 00:13:43.467,6.49942,6.49881,1.6,1
23.08.2021 00:13:43.518,6.49943,6.499040000000001,1,1
23.08.2021 00:13:43.568,6.49962,6.49905,1,1
23.08.2021 00:13:43.669,6.499530000000001,6.49905,1,1
23.08.2021 00:13:45.156,6.49956,6.499040000000001,1,1
23.08.2021 00:13:48.542,6.49952,6.499040000000001,1.5,1
23.08.2021 00:13:49.027,6.49956,6.499040000000001,1,1
23.08.2021 00:13:54.484,6.499580000000001,6.499040000000001,1.72,1
23.08.2021 00:13:54.762,6.49951,6.499040000000001,1,1
23.08.2021 00:14:08.021,6.4995,6.4989,1,1.1
23.08.2021 00:14:08.072,6.499440000000001,6.498880000000001,1,1
23.08.2021 00:14:08.182,6.499390000000001,6.49867,1,1.5
23.08.2021 00:14:08.343,6.49936,6.49868,1,1
23.08.2021 00:14:08.581,6.49936,6.4986500000000005,1,1.1
23.08.2021 00:14:08.631,6.499350000000001,6.498640000000001,1,1.1
23.08.2021 00:14:09.023,6.4996,6.498640000000001,1.1,1.1
23.08.2021 00:14:09.124,6.499300000000001,6.49871,1,1
23.08.2021 00:14:09.234,6.49929,6.49887,1,1
23.08.2021 00:14:26.138,6.49955,6.49887,1.12,1.1
23.08.2021 00:14:26.397,6.499630000000001,6.49887,1.1,1.1
23.08.2021 00:14:26.448,6.49946,6.49887,1,1.1
23.08.2021 00:14:26.498,6.49952,6.4988600000000005,1,1.1
23.08.2021 00:14:26.549,6.499480000000001,6.4988600000000005,1,1.1
23.08.2021 00:14:26.650,6.49946,6.4988600000000005,1,1.1
23.08.2021 00:14:26.924,6.49964,6.4988600000000005,1.1,1.1
23.08.2021 00:14:27.087,6.499630000000001,6.49887,1.1,1.1
23.08.2021 00:14:27.138,6.49957,6.4988600000000005,1,1.1
23.08.2021 00:14:27.291,6.49964,6.498740000000001,1.1,1.1
23.08.2021 00:14:27.391,6.499630000000001,6.49875,1.1,1.1
23.08.2021 00:14:27.492,6.49952,6.49875,1,1.1
23.08.2021 00:14:27.592,6.499480000000001,6.498730000000001,1,1.1
23.08.2021 00:14:27.936,6.49957,6.498730000000001,1,1.1
23.08.2021 00:14:27.987,6.499580000000001,6.49872,1,1.1
23.08.2021 00:14:30.114,6.49946,6.498880000000001,1,1
23.08.2021 00:14:30.215,6.499440000000001,6.49903,1.5,1
23.08.2021 00:14:30.724,6.49945,6.49902,1.5,1.1
23.08.2021 00:14:30.991,6.499440000000001,6.49903,1.5,1.1
23.08.2021 00:14:31.042,6.49945,6.49902,1.5,1
23.08.2021 00:14:31.193,6.49945,6.49902,1.5,1.1
23.08.2021 00:14:31.724,6.49945,6.49902,1.5,1.1
23.08.2021 00:14:32.681,6.49945,6.49902,1.5,1.1
23.08.2021 00:14:34.812,6.49945,6.49902,1.5,1.1
23.08.2021 00:14:35.653,6.49945,6.49902,1.5,1.1
23.08.2021 00:14:46.995,6.49946,6.49902,1.5,1.1
23.08.2021 00:15:00.244,6.4994000000000005,6.49902,1,1.1
23.08.2021 00:15:01.889,6.49941,6.49902,1,1.1
23.08.2021 00:15:02.098,6.4994000000000005,6.49903,1,1.1
23.08.2021 00:15:02.199,6.49941,6.49902,1,1.1
23.08.2021 00:15:07.588,6.4994000000000005,6.49922,1,1
23.08.2021 00:15:07.752,6.4994000000000005,6.499230000000001,1,1
23.08.2021 00:15:08.753,6.4994000000000005,6.4991900000000005,1,1
23.08.2021 00:15:09.754,6.4994000000000005,6.49922,1,1
23.08.2021 00:15:10.602,6.49941,6.49896,1,1
23.08.2021 00:15:10.716,6.49941,6.49897,1,1
23.08.2021 00:15:10.817,6.49947,6.49902,1.5,1
23.08.2021 00:15:11.116,6.49947,6.49903,1.5,1
23.08.2021 00:15:11.411,6.49947,6.49905,1.5,1
23.08.2021 00:15:21.350,6.499480000000001,6.49908,1.5,1
23.08.2021 00:15:21.451,6.499480000000001,6.499090000000001,1.5,1
23.08.2021 00:15:21.553,6.49947,6.49908,1.5,1
23.08.2021 00:15:22.781,6.49947,6.49905,1.5,1
23.08.2021 00:15:23.840,6.499490000000001,6.49911,1.5,1
23.08.2021 00:15:24.016,6.4996100000000006,6.4991200000000005,1.7,1.1
23.08.2021 00:15:24.117,6.49962,6.4991200000000005,1.2,1.1
23.08.2021 00:15:24.218,6.49956,6.49911,1.7,1.1
23.08.2021 00:15:24.847,6.49955,6.4991200000000005,1.7,1.1
23.08.2021 00:15:30.156,6.49955,6.4991200000000005,1.2,1
23.08.2021 00:15:35.525,6.49955,6.499130000000001,1.2,1
23.08.2021 00:15:35.750,6.499630000000001,6.4991200000000005,1.2,1.1
23.08.2021 00:15:35.855,6.499630000000001,6.4991200000000005,1.2,1.1
23.08.2021 00:15:35.956,6.49964,6.49911,1.7,1.1
23.08.2021 00:15:36.162,6.49964,6.49911,1.7,1.1
23.08.2021 00:15:36.532,6.499630000000001,6.4991200000000005,1.7,1.1
23.08.2021 00:15:36.734,6.49964,6.49911,1.7,1.1
23.08.2021 00:15:38.403,6.499630000000001,6.499130000000001,1.7,1
23.08.2021 00:15:38.655,6.49962,6.4991200000000005,1.7,1.5
23.08.2021 00:15:40.877,6.49962,6.49915,1.7,1
23.08.2021 00:15:41.878,6.499630000000001,6.49915,1.7,1
23.08.2021 00:15:42.425,6.49962,6.4991200000000005,1.7,1
23.08.2021 00:15:53.867,6.499630000000001,6.49938,1.8,1
23.08.2021 00:15:55.870,6.499680000000001,6.49943,1.3,1
23.08.2021 00:15:56.948,6.499680000000001,6.499140000000001,1.3,1.1
23.08.2021 00:15:57.049,6.49969,6.499130000000001,1.2,1.1
23.08.2021 00:16:00.197,6.49969,6.49943,1.2,1
23.08.2021 00:16:03.197,6.499680000000001,6.499140000000001,1.2,1.1
23.08.2021 00:16:03.690,6.499680000000001,6.499440000000001,1.2,1
23.08.2021 00:16:06.684,6.49969,6.499130000000001,1.2,1.1
23.08.2021 00:16:07.170,6.499680000000001,6.499440000000001,1.2,1
23.08.2021 00:16:10.182,6.499680000000001,6.499140000000001,1.2,1.1
23.08.2021 00:16:10.283,6.4997300000000005,6.4991900000000005,1.2,1
23.08.2021 00:16:10.333,6.49977,6.499210000000001,1.6,1.5
23.08.2021 00:16:10.434,6.49978,6.49924,1,1.6
23.08.2021 00:16:10.535,6.499840000000001,6.49934,1.2,1.1
23.08.2021 00:16:10.687,6.499840000000001,6.49959,1.2,1
23.08.2021 00:16:10.737,6.499880000000001,6.499580000000001,1.7,1
23.08.2021 00:16:12.790,6.4999400000000005,6.499700000000001,1.7,1
23.08.2021 00:16:13.757,6.4999400000000005,6.499480000000001,1.2,1.1
23.08.2021 00:16:13.975,6.4999400000000005,6.499480000000001,1.2,1.1
23.08.2021 00:16:24.968,6.4999400000000005,6.499480000000001,1.2,1.1
23.08.2021 00:16:30.194,6.4999400000000005,6.499480000000001,1,1.1
23.08.2021 00:16:31.336,6.499930000000001,6.499490000000001,1.7,1.1
23.08.2021 00:16:31.650,6.499890000000001,6.499490000000001,1.2,1
23.08.2021 00:16:36.575,6.4999400000000005,6.499480000000001,1.2,1.1
23.08.2021 00:16:44.975,6.499930000000001,6.499490000000001,1,1.1
23.08.2021 00:16:45.026,6.49997,6.499480000000001,1,1.1
23.08.2021 00:16:45.481,6.49995,6.499480000000001,1,1.1
23.08.2021 00:16:45.798,6.49995,6.499480000000001,1,1.1
23.08.2021 00:17:06.309,6.49996,6.499490000000001,1,1.1
23.08.2021 00:17:06.410,6.5000800000000005,6.49952,1.6,1.1
23.08.2021 00:17:06.460,6.50002,6.4995400000000005,1,1
23.08.2021 00:17:10.644,6.50002,6.49957,1.5,1
23.08.2021 00:17:10.863,6.500030000000001,6.499530000000001,1.5,1.1
23.08.2021 00:17:13.817,6.500030000000001,6.499530000000001,1.62,1.1
23.08.2021 00:18:06.631,6.50002,6.4995400000000005,1,1.1
23.08.2021 00:18:13.894,6.50017,6.499530000000001,1.5,1
23.08.2021 00:18:13.968,6.50016,6.4995400000000005,1.6,1.1
23.08.2021 00:18:14.224,6.50002,6.4995400000000005,1,1.1
23.08.2021 00:18:14.656,6.50002,6.49964,1,1
23.08.2021 00:18:14.707,6.50017,6.49969,1.6,1
23.08.2021 00:18:14.757,6.50016,6.49978,1,1
23.08.2021 00:18:14.808,6.50016,6.49976,1,1
23.08.2021 00:18:16.303,6.50016,6.499790000000001,1,1
23.08.2021 00:18:18.809,6.5001500000000005,6.49983,1,1
23.08.2021 00:18:30.703,6.50021,6.49983,1,1
23.08.2021 00:18:31.599,6.50022,6.49981,1,1
23.08.2021 00:18:31.650,6.50021,6.499680000000001,1,1.6
23.08.2021 00:18:31.700,6.50022,6.49981,1,1
23.08.2021 00:18:39.894,6.50022,6.49977,1,1
23.08.2021 00:18:39.945,6.50022,6.49982,1,1
23.08.2021 00:18:39.995,6.500280000000001,6.49981,1.2,1
23.08.2021 00:18:40.356,6.50026,6.49982,1,1
23.08.2021 00:18:44.060,6.50026,6.49976,1,1
23.08.2021 00:18:44.110,6.50025,6.499750000000001,1,1
23.08.2021 00:18:44.211,6.500280000000001,6.4998000000000005,2.35,1
23.08.2021 00:18:44.513,6.50031,6.4998000000000005,2.05,1
23.08.2021 00:18:45.589,6.5003,6.49981,1.2,1
23.08.2021 00:18:48.235,6.50031,6.499750000000001,1.2,1
23.08.2021 00:18:48.286,6.50021,6.49981,1,1
23.08.2021 00:18:52.419,6.50021,6.49974,1,1
23.08.2021 00:18:52.520,6.500240000000001,6.49974,1.1,1
23.08.2021 00:18:53.630,6.50027,6.49981,1,1
23.08.2021 00:18:53.731,6.50032,6.49981,1.6,1
23.08.2021 00:18:53.832,6.500280000000001,6.49981,1,1
23.08.2021 00:18:53.933,6.50022,6.49981,1,1
23.08.2021 00:18:54.648,6.50022,6.49977,1,1
23.08.2021 00:18:55.037,6.50023,6.49981,1,1
23.08.2021 00:18:56.580,6.50023,6.49976,1,1.5
23.08.2021 00:18:56.630,6.50023,6.4998000000000005,1,1
23.08.2021 00:18:56.681,6.50023,6.49976,1,1
23.08.2021 00:18:56.732,6.5003,6.49976,1.72,1
23.08.2021 00:18:56.833,6.5003,6.499790000000001,1.2,1
23.08.2021 00:18:58.845,6.500290000000001,6.49977,1.1,1
23.08.2021 00:18:58.896,6.50014,6.49977,1,1
23.08.2021 00:18:59.094,6.50018,6.49976,2.07,1
23.08.2021 00:18:59.195,6.50018,6.49977,1.5,1
23.08.2021 00:18:59.296,6.500280000000001,6.49978,1,1
23.08.2021 00:19:00.278,6.500280000000001,6.49978,1.5,1
23.08.2021 00:19:00.947,6.50022,6.49976,1,1
23.08.2021 00:19:01.048,6.50004,6.49977,1,1
23.08.2021 00:19:01.149,6.50007,6.49977,1.87,1
23.08.2021 00:19:01.250,6.50022,6.49977,1.6,1
23.08.2021 00:19:02.922,6.50023,6.49976,1.1,1
23.08.2021 00:19:03.073,6.50026,6.49976,1.6,1
23.08.2021 00:19:04.948,6.50023,6.49976,1.22,1
23.08.2021 00:19:04.998,6.50014,6.49976,1,1
23.08.2021 00:19:05.099,6.50021,6.49976,1.1,1
23.08.2021 00:19:05.301,6.5002,6.49977,1.6,1
23.08.2021 00:19:09.208,6.50012,6.49976,1.25,1
23.08.2021 00:19:09.309,6.5002,6.49977,1.6,1
23.08.2021 00:19:10.925,6.5002,6.49977,1.1,1
23.08.2021 00:19:11.197,6.5002,6.49977,1.1,1
23.08.2021 00:19:11.348,6.50011,6.49976,1,1
23.08.2021 00:19:11.472,6.50018,6.49976,1,1
23.08.2021 00:19:11.573,6.50018,6.49976,1.5,1
23.08.2021 00:19:13.331,6.50016,6.49976,1,1
23.08.2021 00:19:13.382,6.50018,6.49976,1.1,1
23.08.2021 00:19:13.483,6.5001500000000005,6.49976,1,1
23.08.2021 00:19:13.735,6.50023,6.49976,1.6,1
23.08.2021 00:19:14.766,6.500240000000001,6.49977,1.2,1
23.08.2021 00:19:15.589,6.5003,6.49976,1.6,1
23.08.2021 00:19:15.786,6.500280000000001,6.49977,1.6,1
23.08.2021 00:19:16.015,6.50023,6.49978,1.2,1
23.08.2021 00:19:16.905,6.5002,6.49977,1.1,1
23.08.2021 00:19:17.493,6.50017,6.49976,1.1,1
23.08.2021 00:19:17.695,6.500190000000001,6.49976,1.1,1
23.08.2021 00:19:17.846,6.5002,6.49977,1.1,1.5
23.08.2021 00:19:19.254,6.500190000000001,6.49977,1.1,1.5
23.08.2021 00:19:19.305,6.50021,6.49977,1.1,1.5
23.08.2021 00:19:21.390,6.50025,6.49976,1.65,1.5
23.08.2021 00:19:28.114,6.5001500000000005,6.49976,1,1
23.08.2021 00:19:28.272,6.5001500000000005,6.49976,1.5,1
23.08.2021 00:19:28.373,6.500240000000001,6.49977,1.6,1
23.08.2021 00:19:28.813,6.50025,6.49977,1.6,1
23.08.2021 00:19:29.320,6.50025,6.49977,1.1,1
23.08.2021 00:19:30.151,6.50025,6.49976,1.1,1
23.08.2021 00:19:30.202,6.50005,6.49976,1,1
23.08.2021 00:19:30.353,6.50007,6.49977,1.87,1
23.08.2021 00:19:30.454,6.50016,6.49977,1.1,1
23.08.2021 00:19:30.555,6.50023,6.49976,1.6,1
23.08.2021 00:19:32.225,6.50007,6.499580000000001,1,1
23.08.2021 00:19:32.376,6.50006,6.4996,1.1,1
23.08.2021 00:19:32.477,6.5,6.49957,1,1
23.08.2021 00:19:35.015,6.49987,6.49957,1,1
23.08.2021 00:19:35.082,6.499930000000001,6.499580000000001,1,1
23.08.2021 00:19:35.133,6.5,6.49957,1,1
23.08.2021 00:19:35.184,6.5,6.49957,1.5,1
23.08.2021 00:19:35.415,6.49999,6.499580000000001,1,1
23.08.2021 00:19:36.383,6.49987,6.49957,1,1
23.08.2021 00:19:36.434,6.50004,6.499580000000001,1.1,1
23.08.2021 00:19:36.535,6.5000800000000005,6.499580000000001,2.1,1
23.08.2021 00:19:38.485,6.499980000000001,6.49957,1,1
23.08.2021 00:19:38.751,6.499980000000001,6.49957,1.1,1
23.08.2021 00:19:38.801,6.49995,6.4995400000000005,1,1
23.08.2021 00:19:38.852,6.49991,6.49947,1,1
23.08.2021 00:19:39.003,6.49999,6.49952,1,1
23.08.2021 00:19:39.054,6.49997,6.49952,1,1
23.08.2021 00:19:39.949,6.499980000000001,6.499530000000001,1.1,1
23.08.2021 00:19:40.050,6.500030000000001,6.499580000000001,1,1
23.08.2021 00:19:40.151,6.50011,6.4996100000000006,1.12,1
23.08.2021 00:19:40.202,6.50013,6.49965,1.2,1
23.08.2021 00:19:40.303,6.50016,6.49969,1.12,1
23.08.2021 00:19:40.475,6.500190000000001,6.49971,1.5,1
23.08.2021 00:19:41.340,6.50018,6.49972,1.5,1
23.08.2021 00:20:01.184,6.50018,6.49972,1,1
23.08.2021 00:20:02.067,6.500190000000001,6.49971,2,1.5
23.08.2021 00:20:08.010,6.500190000000001,6.49971,1.5,1.5
23.08.2021 00:20:08.286,6.50025,6.49974,1,1
23.08.2021 00:20:17.695,6.50032,6.49972,1.12,1
23.08.2021 00:20:17.746,6.50032,6.499750000000001,1.12,1
23.08.2021 00:20:17.850,6.50037,6.49974,1.1,1.12
23.08.2021 00:20:17.901,6.50052,6.49985,1.6,1
23.08.2021 00:20:17.951,6.500540000000001,6.49972,1.12,1.5
23.08.2021 00:20:18.002,6.5005500000000005,6.50006,1,1
23.08.2021 00:20:18.153,6.50057,6.5002,1,1.1
23.08.2021 00:20:18.304,6.50057,6.50035,1,1
23.08.2021 00:20:18.354,6.50077,6.50035,1,1
23.08.2021 00:20:18.405,6.500780000000001,6.5004,1,1
23.08.2021 00:20:18.455,6.50097,6.5004,1,1
23.08.2021 00:20:18.715,6.50096,6.500430000000001,1,1
23.08.2021 00:20:20.024,6.50096,6.500380000000001,1,1
23.08.2021 00:20:20.125,6.50087,6.50025,1,1
23.08.2021 00:20:20.176,6.50077,6.50022,1,1
23.08.2021 00:20:20.227,6.50067,6.50007,1,1
23.08.2021 00:20:23.400,6.50067,6.50006,1,1
23.08.2021 00:20:26.884,6.50067,6.50007,1,1
23.08.2021 00:20:31.930,6.50066,6.50007,1,1
23.08.2021 00:20:32.227,6.50061,6.50007,1,1
23.08.2021 00:20:32.328,6.50057,6.49995,1,1
23.08.2021 00:20:33.435,6.50056,6.49991,1,1
23.08.2021 00:20:33.536,6.50057,6.499890000000001,1,1
23.08.2021 00:20:33.937,6.500630000000001,6.4999,1.5,1
23.08.2021 00:20:34.968,6.50056,6.4999,1,1
23.08.2021 00:20:39.367,6.500630000000001,6.4999,1.5,1
23.08.2021 00:20:39.525,6.50062,6.49991,1.2,1
23.08.2021 00:20:40.357,6.50056,6.49991,1,1
23.08.2021 00:21:03.517,6.50056,6.4999,1,1
23.08.2021 00:21:12.308,6.50049,6.499890000000001,1,1
23.08.2021 00:21:14.524,6.50046,6.4999,1,1
23.08.2021 00:21:33.515,6.50047,6.499880000000001,1,1
23.08.2021 00:21:39.727,6.50047,6.49985,1,1.5
23.08.2021 00:22:14.566,6.500640000000001,6.49982,1.1,1
23.08.2021 00:22:15.206,6.50066,6.49983,1.3,1
23.08.2021 00:22:15.810,6.500630000000001,6.49983,1.1,1
23.08.2021 00:22:30.455,6.50062,6.499790000000001,1.1,1
23.08.2021 00:22:30.506,6.50051,6.49974,1,1
23.08.2021 00:22:30.556,6.50052,6.4997300000000005,1.1,1
23.08.2021 00:22:30.657,6.50021,6.49969,1,1
23.08.2021 00:22:30.708,6.50021,6.49967,1,1
23.08.2021 00:22:31.569,6.5002,6.49964,1,1
23.08.2021 00:22:32.966,6.50016,6.49964,1,1
23.08.2021 00:22:35.155,6.5002,6.49964,1,1
23.08.2021 00:22:40.012,6.50017,6.499630000000001,1,1
23.08.2021 00:22:41.515,6.50021,6.499630000000001,1,1
23.08.2021 00:22:49.322,6.50021,6.49966,1,1
23.08.2021 00:22:55.829,6.50021,6.49972,1,1
23.08.2021 00:22:55.930,6.50046,6.50007,1.5,1.5
23.08.2021 00:22:56.031,6.500450000000001,6.500100000000001,1,1
23.08.2021 00:22:56.081,6.500450000000001,6.5000800000000005,1,1
23.08.2021 00:23:01.372,6.50046,6.50011,1,1
23.08.2021 00:23:01.473,6.50046,6.5000800000000005,1,1
23.08.2021 00:23:06.870,6.50046,6.5001500000000005,1,1.5
23.08.2021 00:23:06.921,6.500450000000001,6.50014,1,1
23.08.2021 00:23:07.147,6.50046,6.500100000000001,1,1
23.08.2021 00:23:07.885,6.50046,6.5000800000000005,1,1
23.08.2021 00:23:08.019,6.50046,6.5001500000000005,1,1.5
23.08.2021 00:23:08.070,6.500450000000001,6.50013,1,1
23.08.2021 00:23:08.222,6.500450000000001,6.50016,1,1
23.08.2021 00:23:12.960,6.500450000000001,6.50013,1,1
23.08.2021 00:23:13.061,6.50046,6.50011,1,1
23.08.2021 00:23:13.112,6.50046,6.5000800000000005,1,1
23.08.2021 00:23:13.213,6.500380000000001,6.50006,1,1
23.08.2021 00:23:13.988,6.50039,6.50007,1,1
23.08.2021 00:23:53.633,6.500380000000001,6.50007,1,1
23.08.2021 00:24:03.566,6.5004100000000005,6.50007,1.5,1
23.08.2021 00:24:10.539,6.5004100000000005,6.500030000000001,1.5,1
23.08.2021 00:24:10.641,6.5004100000000005,6.50006,1.5,1
23.08.2021 00:24:10.691,6.50042,6.500030000000001,1.5,1
23.08.2021 00:24:10.742,6.5004100000000005,6.500100000000001,1.5,1
23.08.2021 00:24:10.843,6.50042,6.50005,1.5,1
23.08.2021 00:24:11.244,6.5004100000000005,6.500030000000001,1.5,1
23.08.2021 00:24:11.472,6.50037,6.500030000000001,1.1,1
23.08.2021 00:24:11.522,6.50037,6.49996,1.1,1
23.08.2021 00:24:11.573,6.5004100000000005,6.49996,1.5,1
23.08.2021 00:24:11.623,6.5004100000000005,6.50004,1.5,1
23.08.2021 00:24:11.724,6.500360000000001,6.50004,1,1
23.08.2021 00:24:11.836,6.500290000000001,6.50004,1,1
23.08.2021 00:24:17.547,6.5003,6.49997,1,1
23.08.2021 00:24:25.905,6.50031,6.50002,1,1
23.08.2021 00:24:26.034,6.50031,6.499980000000001,1,1
23.08.2021 00:24:32.925,6.50027,6.499980000000001,1,1
23.08.2021 00:24:32.976,6.50031,6.499980000000001,1,1
23.08.2021 00:24:45.648,6.50026,6.49999,1,1
23.08.2021 00:24:45.699,6.50025,6.49991,1,1
23.08.2021 00:24:45.749,6.50025,6.49996,1,1
23.08.2021 00:24:50.617,6.50031,6.49995,1.5,1
23.08.2021 00:24:56.175,6.5003,6.5,1.5,1
23.08.2021 00:24:56.412,6.5003,6.500030000000001,1,1
23.08.2021 00:24:56.513,6.500430000000001,6.500030000000001,1.12,1
23.08.2021 00:24:56.614,6.50044,6.50007,1,1
23.08.2021 00:24:57.688,6.500430000000001,6.50004,1,1
23.08.2021 00:24:58.042,6.500430000000001,6.50004,1.5,1
23.08.2021 00:24:58.174,6.50037,6.500030000000001,1,1
23.08.2021 00:24:58.938,6.5004100000000005,6.500030000000001,1,1
23.08.2021 00:25:01.214,6.500360000000001,6.50004,1,1
23.08.2021 00:25:01.433,6.5004,6.50004,1,1
23.08.2021 00:25:07.587,6.50037,6.5000800000000005,1,1
23.08.2021 00:25:07.638,6.50037,6.50002,1,1
23.08.2021 00:25:22.219,6.5004100000000005,6.50002,1,1
23.08.2021 00:25:26.113,6.500360000000001,6.500030000000001,1,1
23.08.2021 00:25:26.164,6.5004,6.500030000000001,1.1,1
23.08.2021 00:25:33.939,6.50039,6.500030000000001,1.1,1
23.08.2021 00:25:35.332,6.500380000000001,6.50002,1.1,1
23.08.2021 00:25:36.485,6.500360000000001,6.500030000000001,1,1
23.08.2021 00:25:38.846,6.50035,6.500030000000001,1.1,1
23.08.2021 00:25:39.336,6.500330000000001,6.50002,1,1
23.08.2021 00:25:56.779,6.500330000000001,6.5,1,1
23.08.2021 00:25:57.175,6.500330000000001,6.49996,1,1
23.08.2021 00:27:29.107,6.50032,6.49999,1,1
23.08.2021 00:27:33.810,6.50035,6.50005,1,1
23.08.2021 00:27:33.911,6.50039,6.50011,1,1
23.08.2021 00:27:33.979,6.50044,6.50012,1,1
23.08.2021 00:27:34.030,6.50044,6.5001500000000005,1,1
23.08.2021 00:27:40.627,6.50051,6.5001500000000005,1.5,1
23.08.2021 00:27:40.677,6.50051,6.500190000000001,1.5,1
23.08.2021 00:27:41.145,6.50067,6.5003,1,1
23.08.2021 00:27:41.296,6.50066,6.50031,1.1,1
23.08.2021 00:27:41.501,6.500640000000001,6.50031,1.1,1
23.08.2021 00:27:48.281,6.50057,6.5003,1,1
23.08.2021 00:27:56.200,6.500630000000001,6.50031,1,1
23.08.2021 00:27:58.745,6.50057,6.5003,1,1
23.08.2021 00:28:01.729,6.50057,6.50025,1,1.1
23.08.2021 00:28:14.366,6.50057,6.5002,1,1
23.08.2021 00:28:14.467,6.50057,6.50017,1,1.57
23.08.2021 00:28:14.517,6.50057,6.5002,1,1
23.08.2021 00:28:19.860,6.50056,6.50017,1,1
23.08.2021 00:28:20.162,6.50049,6.50013,1,1
23.08.2021 00:28:20.263,6.50047,6.50005,1,1.1
23.08.2021 00:28:20.364,6.50039,6.50006,1,1.1
23.08.2021 00:28:20.465,6.500360000000001,6.50005,1,1
23.08.2021 00:28:20.515,6.50037,6.5000100000000005,1,1
23.08.2021 00:28:24.687,6.50037,6.500030000000001,1,1.1
23.08.2021 00:28:26.242,6.50037,6.5000100000000005,1,1.57
23.08.2021 00:28:35.486,6.50035,6.50002,1,1.57
23.08.2021 00:28:35.537,6.50026,6.50002,1,1.57
23.08.2021 00:28:42.730,6.50032,6.50002,1,1
23.08.2021 00:28:42.895,6.50026,6.50002,1,1
23.08.2021 00:28:44.102,6.50026,6.499980000000001,1,1
23.08.2021 00:29:03.201,6.50027,6.499840000000001,1,1
23.08.2021 00:29:03.251,6.50026,6.499930000000001,1,1
23.08.2021 00:29:03.353,6.50016,6.499840000000001,1.5,1
23.08.2021 00:29:03.403,6.50017,6.499790000000001,1,1
23.08.2021 00:29:03.454,6.50017,6.49974,1,1
23.08.2021 00:29:03.504,6.50006,6.49969,1,1
23.08.2021 00:29:03.555,6.50006,6.49967,1,1
23.08.2021 00:29:03.655,6.50005,6.499890000000001,1,1
23.08.2021 00:29:03.706,6.50006,6.499700000000001,1,1
23.08.2021 00:29:03.807,6.50006,6.4999,1,1
23.08.2021 00:29:04.891,6.50005,6.499840000000001,1,1
23.08.2021 00:29:04.992,6.50005,6.49992,1,1
23.08.2021 00:29:08.364,6.50005,6.49983,1,1
23.08.2021 00:29:08.465,6.50005,6.49969,1,1
23.08.2021 00:29:08.516,6.50006,6.49966,1,1
23.08.2021 00:29:08.617,6.50006,6.49964,1,1
23.08.2021 00:29:10.918,6.50005,6.4996,1,1
23.08.2021 00:29:18.680,6.50005,6.4996100000000006,1,1
23.08.2021 00:29:18.793,6.50004,6.4996100000000006,1,1
23.08.2021 00:29:34.195,6.50005,6.4996100000000006,1,1
23.08.2021 00:29:34.404,6.50004,6.4996100000000006,1,1
23.08.2021 00:29:34.570,6.50005,6.4996100000000006,1,1
23.08.2021 00:29:34.687,6.49996,6.4996,1,1
23.08.2021 00:29:47.537,6.49995,6.4995400000000005,1,1
23.08.2021 00:29:47.588,6.49985,6.4995,1,1
23.08.2021 00:29:47.689,6.499840000000001,6.499490000000001,1,1
23.08.2021 00:29:47.791,6.499750000000001,6.499390000000001,1,1
23.08.2021 00:29:47.842,6.4996100000000006,6.49932,1,1.87
23.08.2021 00:29:47.892,6.4996100000000006,6.499230000000001,1,1
23.08.2021 00:29:48.218,6.49971,6.499230000000001,1.5,1
23.08.2021 00:29:48.319,6.499700000000001,6.49924,1.5,1
23.08.2021 00:29:48.500,6.49967,6.499230000000001,1,1
23.08.2021 00:29:51.355,6.499630000000001,6.49924,1,1
23.08.2021 00:29:51.456,6.49962,6.49924,1,1
23.08.2021 00:29:51.995,6.49962,6.49924,1.5,1
23.08.2021 00:29:52.096,6.49957,6.499230000000001,1,1
23.08.2021 00:29:57.466,6.499580000000001,6.499230000000001,1,1
23.08.2021 00:30:01.646,6.49959,6.499230000000001,1,1
23.08.2021 00:30:15.708,6.499530000000001,6.49924,1,1
23.08.2021 00:30:18.930,6.49957,6.499230000000001,1,1
23.08.2021 00:30:30.774,6.4996100000000006,6.499230000000001,1,1
23.08.2021 00:30:30.824,6.4996,6.49924,1,1.1
23.08.2021 00:30:30.926,6.49967,6.49924,1,1.1
23.08.2021 00:30:31.077,6.49967,6.499280000000001,1,2.35
23.08.2021 00:30:31.127,6.4997300000000005,6.4993300000000005,1,1.1
23.08.2021 00:30:31.228,6.49974,6.49932,1,1.1
23.08.2021 00:30:31.329,6.4997300000000005,6.499350000000001,1,1.1
23.08.2021 00:30:31.756,6.4997300000000005,6.49941,1,1.1
23.08.2021 00:30:33.003,6.4997300000000005,6.49945,1,1.1
23.08.2021 00:30:35.247,6.49974,6.49943,1,1.1
23.08.2021 00:30:44.557,6.4997300000000005,6.499440000000001,1,1.1
23.08.2021 00:30:44.608,6.499790000000001,6.499440000000001,1,1.1
23.08.2021 00:31:17.661,6.49986,6.49945,1,1.1
23.08.2021 00:31:18.292,6.49987,6.49946,1,1.1
23.08.2021 00:31:20.467,6.499980000000001,6.49952,1.12,1
23.08.2021 00:31:20.568,6.5000100000000005,6.4995400000000005,1,1
23.08.2021 00:31:20.618,6.5000800000000005,6.4996,1.5,1
23.08.2021 00:31:20.669,6.50007,6.4996100000000006,1,1
23.08.2021 00:31:20.719,6.500190000000001,6.49976,1.5,1
23.08.2021 00:31:20.870,6.5002,6.499750000000001,1,1
23.08.2021 00:31:20.921,6.500190000000001,6.49982,1,1
23.08.2021 00:31:30.321,6.5002,6.49981,1,1.1
23.08.2021 00:31:31.498,6.50035,6.49995,1.5,1
23.08.2021 00:31:31.599,6.500430000000001,6.49995,1.5,1.1
23.08.2021 00:31:31.700,6.500430000000001,6.49995,1.5,1.1
23.08.2021 00:31:32.337,6.50035,6.49995,1,1.1
23.08.2021 00:31:33.347,6.50035,6.5,1,1
23.08.2021 00:31:33.397,6.50035,6.49995,1,1.1
23.08.2021 00:31:36.963,6.50035,6.49995,1,1.1
23.08.2021 00:31:50.787,6.50039,6.4999400000000005,1,1.1
23.08.2021 00:31:52.499,6.500450000000001,6.4999400000000005,1.5,1.1
23.08.2021 00:32:17.956,6.50044,6.49995,1,1.1
23.08.2021 00:32:22.265,6.500450000000001,6.4999400000000005,1,1.1
23.08.2021 00:32:34.095,6.500430000000001,6.49987,1,1.1
23.08.2021 00:32:34.146,6.5003400000000005,6.49983,1,1
23.08.2021 00:32:34.247,6.50022,6.499790000000001,1,1
23.08.2021 00:32:34.297,6.50023,6.4997300000000005,1,1
23.08.2021 00:32:34.398,6.50023,6.49972,1,1.5
23.08.2021 00:32:34.448,6.50012,6.499700000000001,1,1
23.08.2021 00:32:34.549,6.50013,6.499700000000001,1,1
23.08.2021 00:32:34.790,6.50012,6.49965,1,1
23.08.2021 00:32:34.941,6.50013,6.49965,1,1
23.08.2021 00:32:36.417,6.50013,6.49965,1,1.1
23.08.2021 00:32:40.199,6.50012,6.49966,1,1.1
23.08.2021 00:32:40.300,6.50012,6.499680000000001,1,1.1
23.08.2021 00:32:40.600,6.50013,6.49969,1,1.1
23.08.2021 00:32:43.709,6.500190000000001,6.49978,1,1
23.08.2021 00:32:43.910,6.5003,6.49978,1.1,1.1
23.08.2021 00:32:43.961,6.50026,6.49983,1,1
23.08.2021 00:32:44.012,6.50032,6.49983,1,1
23.08.2021 00:32:46.940,6.500290000000001,6.499840000000001,1,1
23.08.2021 00:32:51.932,6.50027,6.49983,1,1.1
23.08.2021 00:32:56.097,6.50031,6.499840000000001,1,1.1
23.08.2021 00:32:56.314,6.50032,6.49983,1,1.1
23.08.2021 00:33:02.312,6.50031,6.49983,1,1.1
23.08.2021 00:33:02.363,6.50022,6.499840000000001,1,1.1
23.08.2021 00:33:11.212,6.50022,6.49981,1,1
23.08.2021 00:33:15.230,6.50023,6.49978,1,1.1
23.08.2021 00:33:17.756,6.50022,6.499790000000001,1,1.1
23.08.2021 00:33:21.060,6.50022,6.49981,1,1.1
23.08.2021 00:33:21.211,6.500290000000001,6.49982,2,1.1
23.08.2021 00:33:21.462,6.5003,6.499840000000001,2,1
23.08.2021 00:33:22.011,6.500290000000001,6.49985,1.5,1
23.08.2021 00:33:22.388,6.5003,6.499880000000001,1.5,1
23.08.2021 00:33:23.918,6.500290000000001,6.49986,1.5,1
23.08.2021 00:33:24.019,6.5003,6.499840000000001,1,1
23.08.2021 00:33:29.375,6.50026,6.49985,1,1
23.08.2021 00:33:29.590,6.50026,6.49982,1,1.1
23.08.2021 00:33:31.444,6.50025,6.49982,1,1.1
23.08.2021 00:33:31.777,6.5002,6.49981,1,1.1
23.08.2021 00:33:40.081,6.500280000000001,6.49981,1,1.1
23.08.2021 00:33:40.577,6.5003,6.49981,1,1.1
23.08.2021 00:33:41.071,6.5003,6.49981,1.5,1.1
23.08.2021 00:33:42.061,6.5003,6.49981,1.12,1.1
23.08.2021 00:33:45.639,6.50027,6.49981,1,1.1
23.08.2021 00:33:45.740,6.50027,6.49985,1.5,1
23.08.2021 00:33:45.893,6.50026,6.499890000000001,1,1
23.08.2021 00:33:45.994,6.5003,6.49991,1.87,1
23.08.2021 00:33:47.465,6.50042,6.5000100000000005,1,1.1
23.08.2021 00:33:47.616,6.500430000000001,6.5,1.5,1.1
23.08.2021 00:33:47.817,6.50042,6.50004,1,1
23.08.2021 00:33:48.905,6.50042,6.500100000000001,1,1
23.08.2021 00:33:48.956,6.50058,6.50011,1.5,1
23.08.2021 00:33:49.057,6.500540000000001,6.50017,1.5,1
23.08.2021 00:33:49.158,6.50065,6.5002,1.5,1
23.08.2021 00:33:49.258,6.500640000000001,6.50021,1.5,1.1
23.08.2021 00:33:49.360,6.50061,6.50021,1,1.1
23.08.2021 00:33:51.895,6.50062,6.5002,1,1.1
23.08.2021 00:33:54.490,6.50062,6.5002,1,1.1
23.08.2021 00:33:55.121,6.500630000000001,6.5002,1,1.1
23.08.2021 00:34:05.326,6.500630000000001,6.50022,1,1
23.08.2021 00:34:05.426,6.50066,6.500190000000001,1,1
23.08.2021 00:34:05.477,6.50057,6.50018,1,1
23.08.2021 00:34:05.628,6.50056,6.50014,1,1
23.08.2021 00:34:05.728,6.5005500000000005,6.50013,1,1
23.08.2021 00:34:05.829,6.500540000000001,6.500100000000001,1.5,1.1
23.08.2021 00:34:06.711,6.50056,6.500100000000001,1,1.1
23.08.2021 00:34:06.812,6.50056,6.500100000000001,1,1.1
23.08.2021 00:34:09.979,6.50057,6.50009,1,1
23.08.2021 00:34:10.594,6.50047,6.50005,1,1
23.08.2021 00:34:22.861,6.5004800000000005,6.50006,1,1
23.08.2021 00:34:24.702,6.50046,6.50006,1,1
23.08.2021 00:34:32.245,6.50049,6.50005,1,1
23.08.2021 00:34:32.345,6.50053,6.50006,1,1
23.08.2021 00:34:39.824,6.500540000000001,6.50009,1,1
23.08.2021 00:34:44.408,6.50053,6.50014,1,1
23.08.2021 00:35:07.493,6.50053,6.500100000000001,1,1
23.08.2021 00:35:07.880,6.50053,6.50012,1,1
23.08.2021 00:35:21.696,6.50053,6.500100000000001,1,1
23.08.2021 00:35:24.302,6.500540000000001,6.50011,1,1
23.08.2021 00:35:26.647,6.50053,6.5000800000000005,1,1
23.08.2021 00:35:35.015,6.500540000000001,6.5000800000000005,1,1
23.08.2021 00:35:35.154,6.50053,6.50012,1,1
23.08.2021 00:35:43.276,6.50053,6.50009,1,1
23.08.2021 00:35:52.035,6.50042,6.50009,1,1
23.08.2021 00:35:52.136,6.50042,6.50007,1,1
23.08.2021 00:35:52.223,6.5004,6.50007,1,1
23.08.2021 00:35:52.832,6.500360000000001,6.500030000000001,1,1
23.08.2021 00:35:52.933,6.50037,6.49999,1,1
23.08.2021 00:35:52.983,6.5003400000000005,6.49999,1,1
23.08.2021 00:35:53.121,6.500330000000001,6.49999,1,1
23.08.2021 00:35:56.276,6.5003400000000005,6.49999,1,1
23.08.2021 00:36:00.898,6.5003400000000005,6.4999,1,1.1
23.08.2021 00:36:03.923,6.5004,6.499890000000001,1,1.1
23.08.2021 00:36:03.974,6.50013,6.49983,1,2
23.08.2021 00:36:04.125,6.50017,6.49983,1,1.6
23.08.2021 00:36:04.226,6.50018,6.49982,1,1.6
23.08.2021 00:36:04.528,6.50017,6.49983,1,1.6
23.08.2021 00:36:04.909,6.5000800000000005,6.49982,1,1
23.08.2021 00:36:05.060,6.49983,6.49945,1,1.1
23.08.2021 00:36:05.161,6.49982,6.499230000000001,1,2.85
23.08.2021 00:36:05.262,6.499750000000001,6.49922,1,1.1
23.08.2021 00:36:05.413,6.499630000000001,6.49934,1,1.1
23.08.2021 00:36:05.463,6.49966,6.4992600000000005,1,1.2
23.08.2021 00:36:05.514,6.49974,6.49925,1,1.2
23.08.2021 00:36:05.757,6.499630000000001,6.4992,1,1.2
23.08.2021 00:36:05.921,6.499630000000001,6.49929,1,1.1
23.08.2021 00:36:06.433,6.499700000000001,6.499300000000001,1,1.1
23.08.2021 00:36:06.483,6.4996,6.499300000000001,1,1.1
23.08.2021 00:36:07.076,6.4996100000000006,6.49929,1,1.1
23.08.2021 00:36:07.408,6.4996,6.49929,1,1.1
23.08.2021 00:36:08.080,6.499680000000001,6.499300000000001,1,1.1
23.08.2021 00:36:08.131,6.499530000000001,6.49929,1,1.1
23.08.2021 00:36:08.282,6.49946,6.4991900000000005,1,1.1
23.08.2021 00:36:08.476,6.49945,6.4991900000000005,1,1
23.08.2021 00:36:08.579,6.4994000000000005,6.4992,1,1
23.08.2021 00:36:08.859,6.49942,6.4991900000000005,1,1
23.08.2021 00:36:09.451,6.49941,6.4991900000000005,1,1
23.08.2021 00:36:09.951,6.49942,6.4992,1,1
23.08.2021 00:36:10.077,6.49945,6.4991900000000005,1,1
23.08.2021 00:36:10.128,6.49951,6.4992,1,1.57
23.08.2021 00:36:10.178,6.49952,6.499210000000001,1,1
23.08.2021 00:36:10.229,6.499530000000001,6.49922,1,1
23.08.2021 00:36:10.380,6.499530000000001,6.499210000000001,1,1
23.08.2021 00:36:13.365,6.49952,6.49925,1,1
23.08.2021 00:36:20.841,6.49951,6.49924,1,1
23.08.2021 00:36:52.005,6.49946,6.49925,1,1
23.08.2021 00:36:55.097,6.49943,6.49924,1,1
23.08.2021 00:36:55.198,6.49938,6.49903,1,1.53
23.08.2021 00:36:55.249,6.49938,6.49903,1,1.53
23.08.2021 00:36:55.299,6.499350000000001,6.49903,1,1
23.08.2021 00:36:55.451,6.49936,6.49902,1,1
23.08.2021 00:36:55.581,6.4993300000000005,6.49903,1,1
23.08.2021 00:36:55.729,6.4993300000000005,6.49903,1,1
23.08.2021 00:36:56.345,6.49934,6.49902,1,1
23.08.2021 00:36:58.174,6.4993300000000005,6.49903,1,1
23.08.2021 00:37:02.575,6.4993300000000005,6.49902,1,1
23.08.2021 00:37:03.565,6.49929,6.49901,1,1
23.08.2021 00:37:03.666,6.4991900000000005,6.49899,1,1
23.08.2021 00:37:03.717,6.49911,6.49884,1,1
23.08.2021 00:37:03.767,6.49908,6.49885,1,1
23.08.2021 00:37:03.818,6.49905,6.4987,1,1
23.08.2021 00:37:03.868,6.49901,6.4987,1,1
23.08.2021 00:37:03.919,6.49906,6.49871,1,1
23.08.2021 00:37:03.969,6.49898,6.49863,1,1
23.08.2021 00:37:16.910,6.49892,6.498460000000001,1,2.1
23.08.2021 00:37:17.011,6.49882,6.498430000000001,1,1.6
23.08.2021 00:37:17.112,6.498880000000001,6.49836,1,1.1
23.08.2021 00:37:17.162,6.498740000000001,6.49832,1,1.1
23.08.2021 00:37:17.263,6.49875,6.49833,1.5,1
23.08.2021 00:37:17.363,6.49862,6.49817,1,1.1
23.08.2021 00:37:17.414,6.49863,6.49814,1,1.1
23.08.2021 00:37:21.385,6.49863,6.49812,1,1.1
23.08.2021 00:37:22.096,6.49863,6.49812,1,1.1
23.08.2021 00:37:22.521,6.49863,6.49812,1,1.1
23.08.2021 00:37:25.707,6.49863,6.49812,1,1.1
23.08.2021 00:37:30.821,6.498550000000001,6.498130000000001,1,1.6
23.08.2021 00:37:36.656,6.49856,6.49812,1,1.1
23.08.2021 00:37:38.423,6.49856,6.49812,1,1.1
23.08.2021 00:37:38.473,6.498430000000001,6.49812,1,1
23.08.2021 00:37:38.574,6.4984,6.49812,1,1
23.08.2021 00:37:38.624,6.49841,6.497980000000001,1,1.1
23.08.2021 00:37:38.675,6.49849,6.497990000000001,1,1.1
23.08.2021 00:37:38.776,6.49854,6.49809,1,1.1
23.08.2021 00:37:38.940,6.498600000000001,6.49809,1,1.1
23.08.2021 00:37:40.726,6.498600000000001,6.49801,1,1.6
23.08.2021 00:37:41.938,6.49859,6.49802,1,1.6
23.08.2021 00:37:42.039,6.498530000000001,6.49801,1,1.6
23.08.2021 00:37:42.804,6.49868,6.4981,1,1.1
23.08.2021 00:37:42.994,6.49867,6.49795,1,1.6
23.08.2021 00:37:43.095,6.498640000000001,6.49822,1,1.6
23.08.2021 00:37:43.146,6.498740000000001,6.49823,1,1
23.08.2021 00:37:43.246,6.49871,6.49817,1,1.6
23.08.2021 00:37:43.354,6.49872,6.4982500000000005,1,1
23.08.2021 00:37:48.704,6.49872,6.49809,1,1.6
23.08.2021 00:37:50.901,6.49861,6.49807,1,1.6
23.08.2021 00:37:50.951,6.498600000000001,6.498030000000001,1,1.6
23.08.2021 00:37:51.052,6.49854,6.497980000000001,1,1.1
23.08.2021 00:37:51.280,6.4985100000000005,6.49792,1,1.1
23.08.2021 00:37:51.381,6.49847,6.49793,1,1.1
23.08.2021 00:37:51.815,6.49847,6.49793,1,1.1
23.08.2021 00:37:51.866,6.49847,6.49795,1,1.1
23.08.2021 00:37:53.101,6.498460000000001,6.49793,1,1.1
23.08.2021 00:37:53.771,6.4985100000000005,6.497940000000001,1,1.1
23.08.2021 00:37:57.459,6.4985100000000005,6.497940000000001,1,1
23.08.2021 00:38:00.896,6.4985100000000005,6.49791,1,1.1
23.08.2021 00:38:07.959,6.49847,6.4979000000000005,2.25,1.5
23.08.2021 00:38:08.060,6.498380000000001,6.4979000000000005,1,1.6
23.08.2021 00:38:08.211,6.49832,6.4979000000000005,1,1.6
23.08.2021 00:38:09.141,6.49832,6.49787,1,1.6
23.08.2021 00:38:10.817,6.49826,6.49784,1,1.1
23.08.2021 00:38:10.979,6.49831,6.49782,1,1.6
23.08.2021 00:38:11.030,6.498430000000001,6.497850000000001,1,1.1
23.08.2021 00:38:12.986,6.49844,6.49784,1,1.1
23.08.2021 00:38:17.007,6.4983900000000006,6.49782,1,1.1
23.08.2021 00:38:17.158,6.498340000000001,6.49783,1,1.1
23.08.2021 00:38:17.360,6.49833,6.49782,1,1
23.08.2021 00:38:17.511,6.49827,6.49782,1,1
23.08.2021 00:38:17.734,6.49831,6.49782,1,1
23.08.2021 00:38:18.036,6.49835,6.49782,1,1
23.08.2021 00:38:24.194,6.49832,6.49782,1,1
23.08.2021 00:38:24.307,6.49836,6.49783,1,1.5
23.08.2021 00:38:35.088,6.49836,6.49782,1,1
23.08.2021 00:38:35.139,6.49819,6.49782,1,1
23.08.2021 00:38:35.189,6.4981800000000005,6.49766,1,1.6
23.08.2021 00:38:35.341,6.4981100000000005,6.49766,1,1.6
23.08.2021 00:38:35.492,6.49802,6.49753,1,2.1
23.08.2021 00:38:35.542,6.49802,6.49752,1,1.5
23.08.2021 00:38:35.643,6.49801,6.49742,1,1.1
23.08.2021 00:38:35.744,6.49802,6.49742,1,1.1
23.08.2021 00:38:36.352,6.4980400000000005,6.4974300000000005,1,1.1
23.08.2021 00:38:36.453,6.49806,6.49742,1,1.1
23.08.2021 00:38:36.503,6.49805,6.4974300000000005,1,2.47
23.08.2021 00:38:36.686,6.49806,6.497540000000001,1,1.1
23.08.2021 00:38:36.737,6.49806,6.49753,1,1.5
23.08.2021 00:38:36.946,6.49806,6.4974300000000005,1,2.1
23.08.2021 00:38:36.996,6.49805,6.4974300000000005,1,2.1
23.08.2021 00:38:37.723,6.49806,6.49753,1,1.6
23.08.2021 00:38:37.773,6.49805,6.49753,1,1.5
23.08.2021 00:38:37.824,6.4980400000000005,6.49747,1,1.1
23.08.2021 00:38:37.958,6.49807,6.49742,1,2.1
23.08.2021 00:38:39.012,6.49805,6.4974300000000005,1,1.6
23.08.2021 00:38:40.199,6.49805,6.49746,1,1.1
23.08.2021 00:38:45.050,6.49806,6.497450000000001,1,1.1
23.08.2021 00:38:45.313,6.497980000000001,6.4974300000000005,1,1.5
23.08.2021 00:38:45.414,6.49791,6.49742,1,1.1
23.08.2021 00:38:45.515,6.497730000000001,6.49735,1,1.1
23.08.2021 00:38:45.766,6.49779,6.49732,1,1.6
23.08.2021 00:38:45.817,6.49787,6.497330000000001,1,1.6
23.08.2021 00:38:45.968,6.497890000000001,6.49732,1,1.6
23.08.2021 00:38:46.095,6.49788,6.497330000000001,1,1.6
23.08.2021 00:38:50.322,6.497890000000001,6.49732,1,1
23.08.2021 00:38:50.767,6.497890000000001,6.497330000000001,1,1
23.08.2021 00:38:51.768,6.49788,6.49735,1,1
23.08.2021 00:38:52.667,6.49788,6.497330000000001,1,1
23.08.2021 00:38:56.194,6.497890000000001,6.497330000000001,1,1.5
23.08.2021 00:39:00.135,6.49788,6.49732,1,1
23.08.2021 00:39:00.236,6.497890000000001,6.49739,1,1.1
23.08.2021 00:39:00.387,6.49788,6.497380000000001,1,1.1
23.08.2021 00:39:01.049,6.49788,6.4973600000000005,1,1.1
23.08.2021 00:39:01.584,6.497850000000001,6.49735,1,1.1
23.08.2021 00:39:01.780,6.49788,6.49734,1,1.1
23.08.2021 00:39:01.830,6.4979000000000005,6.4975000000000005,1,1
23.08.2021 00:39:01.881,6.49791,6.49751,1,1
23.08.2021 00:39:01.981,6.49795,6.4975000000000005,1,1
23.08.2021 00:39:07.482,6.4979000000000005,6.49751,1,1
23.08.2021 00:39:07.532,6.49795,6.4975000000000005,1,1
23.08.2021 00:39:11.562,6.4979000000000005,6.49751,1,1
23.08.2021 00:39:11.931,6.49795,6.4975000000000005,1,1
23.08.2021 00:39:15.414,6.4979000000000005,6.49751,1,1
23.08.2021 00:39:15.574,6.49795,6.4975000000000005,1,1
23.08.2021 00:39:17.621,6.4979000000000005,6.49751,1,1
23.08.2021 00:39:17.671,6.497940000000001,6.49751,1,1
23.08.2021 00:39:18.032,6.4979000000000005,6.4975000000000005,1,1
23.08.2021 00:39:18.133,6.49786,6.49751,1,1
23.08.2021 00:39:18.352,6.49783,6.4975000000000005,1,1
23.08.2021 00:39:18.554,6.49783,6.497400000000001,1,1
23.08.2021 00:39:18.655,6.49776,6.497330000000001,1,1
23.08.2021 00:39:18.823,6.49781,6.497330000000001,1,1
23.08.2021 00:39:21.879,6.49775,6.497330000000001,1,1
23.08.2021 00:39:21.980,6.49751,6.4972,1,1
23.08.2021 00:39:22.033,6.497490000000001,6.49704,1,1.5
23.08.2021 00:39:22.084,6.49752,6.4969,1.5,1.6
23.08.2021 00:39:22.135,6.4974300000000005,6.49686,1,1.1
23.08.2021 00:39:22.236,6.497380000000001,6.49695,1,1
23.08.2021 00:39:22.337,6.49741,6.49695,1,1
23.08.2021 00:39:22.438,6.49734,6.496700000000001,1,1
23.08.2021 00:39:22.539,6.4972900000000005,6.4966,1,1.1
23.08.2021 00:39:22.640,6.49717,6.49657,1,1.5
23.08.2021 00:39:23.511,6.49716,6.4965,1,1.6
23.08.2021 00:39:23.611,6.49715,6.49651,1,1.6
23.08.2021 00:39:24.181,6.49716,6.49652,1,1.6
23.08.2021 00:39:24.282,6.49716,6.49659,1,1
23.08.2021 00:39:24.433,6.49721,6.496740000000001,1,1.1
23.08.2021 00:39:24.541,6.49721,6.4967500000000005,1,1
23.08.2021 00:39:25.099,6.497230000000001,6.496740000000001,1,1
23.08.2021 00:39:25.150,6.497190000000001,6.49666,1,1.5
23.08.2021 00:39:25.200,6.497330000000001,6.4968900000000005,1,1.1
23.08.2021 00:39:25.301,6.49734,6.496930000000001,1,1.1
23.08.2021 00:39:25.402,6.49732,6.49692,1,1.1
23.08.2021 00:39:25.506,6.497380000000001,6.4969,1,1.1
23.08.2021 00:39:25.670,6.49742,6.4968900000000005,1,1.1
23.08.2021 00:39:26.017,6.49732,6.496930000000001,1,1
23.08.2021 00:39:27.302,6.49734,6.49721,1,1.5
23.08.2021 00:39:27.352,6.4974300000000005,6.49722,1,1.5
23.08.2021 00:39:27.509,6.49747,6.496930000000001,1,2.35
23.08.2021 00:39:27.560,6.49774,6.49692,1,2.85
23.08.2021 00:39:27.661,6.497580000000001,6.497050000000001,1.5,1.1
23.08.2021 00:39:27.711,6.49734,6.49694,1,2.1
23.08.2021 00:39:27.762,6.497540000000001,6.49694,1,2.1
23.08.2021 00:39:27.862,6.49747,6.49694,1,1.1
23.08.2021 00:39:27.964,6.497330000000001,6.496930000000001,1,1.1
23.08.2021 00:39:28.319,6.49741,6.49692,1,1
23.08.2021 00:39:28.370,6.4974300000000005,6.49692,1,1
23.08.2021 00:39:28.473,6.49741,6.49692,1,1
23.08.2021 00:39:28.524,6.49746,6.496930000000001,1,1
23.08.2021 00:39:28.575,6.49742,6.49692,1,1
23.08.2021 00:39:28.776,6.497450000000001,6.496830000000001,1,1.6
23.08.2021 00:39:28.827,6.49747,6.496830000000001,1,1.6
23.08.2021 00:39:28.878,6.497400000000001,6.49697,1,1
23.08.2021 00:39:28.929,6.4974300000000005,6.49697,1,1
23.08.2021 00:39:28.980,6.497490000000001,6.49697,1,1
23.08.2021 00:39:29.287,6.497490000000001,6.496980000000001,1,1
23.08.2021 00:39:30.138,6.49751,6.49697,1,1
23.08.2021 00:39:30.567,6.49751,6.497,1,1
23.08.2021 00:39:30.668,6.4976400000000005,6.49726,1,1
23.08.2021 00:39:30.719,6.49779,6.49721,1,1.1
23.08.2021 00:39:30.769,6.49772,6.49722,1,1
23.08.2021 00:39:31.035,6.49772,6.49721,1,1
23.08.2021 00:39:31.614,6.49755,6.49722,1,1
23.08.2021 00:39:31.665,6.49769,6.497050000000001,1,1.1
23.08.2021 00:39:31.716,6.497630000000001,6.497050000000001,1,1.1
23.08.2021 00:39:31.867,6.497630000000001,6.49704,1,1.1
23.08.2021 00:39:33.079,6.497630000000001,6.4975000000000005,1,1
23.08.2021 00:39:33.129,6.49765,6.4973600000000005,1,1
23.08.2021 00:39:33.180,6.49762,6.49697,1,1.6
23.08.2021 00:39:33.281,6.497580000000001,6.49702,1,2.1
23.08.2021 00:39:33.332,6.49765,6.49694,1,1.6
23.08.2021 00:39:33.483,6.4976400000000005,6.496930000000001,1,1.6
23.08.2021 00:39:33.533,6.49767,6.496930000000001,1,2.1
23.08.2021 00:39:33.735,6.49755,6.49692,1,1.72
23.08.2021 00:39:34.130,6.49751,6.49692,1,1.72
23.08.2021 00:39:34.482,6.497490000000001,6.49702,1,1
23.08.2021 00:39:35.751,6.49747,6.49692,1,1.1
23.08.2021 00:39:37.386,6.49748,6.49682,1,1.6
23.08.2021 00:39:37.530,6.49744,6.49682,1,1.6
23.08.2021 00:39:39.747,6.49741,6.49682,1.1,1.6
23.08.2021 00:39:41.867,6.49744,6.49682,1,1.6
23.08.2021 00:39:42.018,6.49744,6.49701,1,1
23.08.2021 00:39:42.069,6.4974300000000005,6.49692,1,1.1
23.08.2021 00:39:42.120,6.497450000000001,6.49697,1,1.1
23.08.2021 00:39:42.221,6.49742,6.496980000000001,1,1.1
23.08.2021 00:39:42.271,6.4974300000000005,6.49697,1,1.1
23.08.2021 00:39:42.463,6.4974300000000005,6.49697,1,1.1
23.08.2021 00:39:43.412,6.49742,6.4970300000000005,1,1.1
23.08.2021 00:39:44.899,6.4974300000000005,6.49704,1,1.1
23.08.2021 00:39:45.082,6.49742,6.49706,1,1.1
23.08.2021 00:39:45.233,6.49748,6.49707,1,1.1
23.08.2021 00:39:45.284,6.4975000000000005,6.49707,1,1.1
23.08.2021 00:39:45.485,6.49751,6.49709,1,1.1
23.08.2021 00:39:46.016,6.49751,6.4971000000000005,1,1.1
23.08.2021 00:39:46.119,6.4975000000000005,6.49709,1,1.1
23.08.2021 00:39:46.496,6.4975000000000005,6.49711,1,1.1
23.08.2021 00:39:50.176,6.4975000000000005,6.49709,1,1.1
23.08.2021 00:39:53.063,6.497490000000001,6.49707,1,1.1
23.08.2021 00:39:53.252,6.4975000000000005,6.49707,1,1.1
23.08.2021 00:39:56.878,6.497490000000001,6.49711,1,1.1
23.08.2021 00:40:05.118,6.49752,6.4971000000000005,1,1.1
23.08.2021 00:40:05.263,6.49757,6.49711,1,1.1
23.08.2021 00:40:08.880,6.49757,6.49715,1,1.1
23.08.2021 00:40:08.981,6.49792,6.49769,1.5,1.5
23.08.2021 00:40:09.031,6.49792,6.49742,1,1
23.08.2021 00:40:09.132,6.49806,6.49742,1,1
23.08.2021 00:40:09.397,6.49793,6.49718,1,1.6
23.08.2021 00:40:09.448,6.49787,6.49716,1,2.1
23.08.2021 00:40:09.549,6.49783,6.49713,1,1.6
23.08.2021 00:40:10.471,6.49783,6.49708,1,1.6
23.08.2021 00:40:14.148,6.49796,6.4971000000000005,1,1.6
23.08.2021 00:40:14.199,6.498,6.497240000000001,1,1.1
23.08.2021 00:40:14.960,6.49797,6.497240000000001,1,1.1
23.08.2021 00:40:15.061,6.497890000000001,6.497240000000001,1,1.1
23.08.2021 00:40:15.935,6.497890000000001,6.497280000000001,1,1.1
23.08.2021 00:40:15.985,6.497940000000001,6.4972900000000005,1,1.1
23.08.2021 00:40:16.036,6.497940000000001,6.4972900000000005,1,1.2
23.08.2021 00:40:16.086,6.498030000000001,6.497240000000001,1,1.1
23.08.2021 00:40:16.371,6.49805,6.49726,1,1.1
23.08.2021 00:40:16.422,6.49806,6.49726,1,1.1
23.08.2021 00:40:16.601,6.49806,6.4973,1,1.1
23.08.2021 00:40:16.723,6.49807,6.4973,1,1.1
23.08.2021 00:40:16.773,6.49807,6.4973,1,1.1
23.08.2021 00:40:16.824,6.49807,6.497280000000001,1,1
23.08.2021 00:40:16.874,6.497990000000001,6.497230000000001,1,1.1
23.08.2021 00:40:17.040,6.497990000000001,6.49722,1,1
23.08.2021 00:40:17.141,6.497990000000001,6.49716,1,1.1
23.08.2021 00:40:17.191,6.49793,6.49716,1,1.1
23.08.2021 00:40:17.292,6.497980000000001,6.49717,1,1.1
23.08.2021 00:40:19.923,6.497980000000001,6.49717,1,1.6
23.08.2021 00:40:20.024,6.49795,6.49713,1,1.1
23.08.2021 00:40:20.125,6.4979000000000005,6.497140000000001,1,1.1
23.08.2021 00:40:20.226,6.49791,6.49715,1,1.6
23.08.2021 00:40:21.184,6.49795,6.49715,1,1.6
23.08.2021 00:40:22.358,6.497940000000001,6.49717,1,1.6
23.08.2021 00:40:25.685,6.497890000000001,6.49726,1,1.1
23.08.2021 00:40:25.936,6.49788,6.49737,1,1.1
23.08.2021 00:40:26.189,6.49793,6.4973600000000005,1,1.1
23.08.2021 00:40:26.415,6.49793,6.497400000000001,1,1.1
23.08.2021 00:40:26.892,6.49792,6.497380000000001,1,1.1
23.08.2021 00:40:30.555,6.49791,6.497380000000001,1,1.1
23.08.2021 00:40:31.780,6.49788,6.49737,1,1.1
23.08.2021 00:40:35.719,6.4979000000000005,6.49737,1,1.1
23.08.2021 00:40:35.820,6.49795,6.497380000000001,1,1.1
23.08.2021 00:40:35.871,6.49796,6.49742,1,1.1
23.08.2021 00:40:40.745,6.49795,6.49747,1,1.1
23.08.2021 00:40:40.840,6.498,6.49746,1,1.1
23.08.2021 00:40:42.665,6.498,6.49751,1,1.1
23.08.2021 00:40:51.114,6.49797,6.49752,1,1.1
23.08.2021 00:40:51.215,6.49801,6.49751,1,1.1
23.08.2021 00:40:51.366,6.49796,6.49752,1,1.1
23.08.2021 00:40:51.417,6.49797,6.49747,1,1.1
23.08.2021 00:40:51.568,6.49797,6.49722,1,1.1
23.08.2021 00:40:51.669,6.498,6.49722,1,1.72
23.08.2021 00:40:52.548,6.497990000000001,6.49713,1,6.22
23.08.2021 00:40:52.599,6.49795,6.49727,1,1.1
23.08.2021 00:40:57.927,6.49795,6.49726,1,1
23.08.2021 00:41:00.593,6.49796,6.49725,1,1.1
23.08.2021 00:41:01.122,6.49791,6.497230000000001,1,1.1
23.08.2021 00:41:01.832,6.4979000000000005,6.497240000000001,1,1
23.08.2021 00:41:02.725,6.49792,6.497230000000001,1,1
23.08.2021 00:41:03.066,6.49792,6.49712,1,1.6
23.08.2021 00:41:03.175,6.49786,6.49713,1,1.6
23.08.2021 00:41:03.384,6.49786,6.49715,1,1.2
23.08.2021 00:41:03.435,6.497850000000001,6.497140000000001,1,1.2
23.08.2021 00:41:03.586,6.497800000000001,6.49712,1,1.2
23.08.2021 00:41:05.365,6.497800000000001,6.49712,1,1.1
23.08.2021 00:41:05.528,6.497800000000001,6.49712,1,1.2
23.08.2021 00:41:05.679,6.497800000000001,6.49711,1,1.2
23.08.2021 00:41:05.730,6.49776,6.49711,1,1.2
23.08.2021 00:41:05.953,6.497680000000001,6.49708,1,1.2
23.08.2021 00:41:07.493,6.497680000000001,6.497050000000001,1,1.2
23.08.2021 00:41:09.730,6.4977100000000005,6.497050000000001,1,1.2
23.08.2021 00:41:16.277,6.4977100000000005,6.49707,1,1.1
23.08.2021 00:41:17.317,6.4977100000000005,6.49711,1,1.1
23.08.2021 00:41:18.673,6.4977,6.497140000000001,1,1.1
23.08.2021 00:41:19.657,6.49774,6.49713,1,1.1
23.08.2021 00:41:19.909,6.49774,6.49717,1,1.1
23.08.2021 00:41:20.649,6.49772,6.49718,1,1.1
23.08.2021 00:41:21.714,6.49772,6.49713,1,1.1
23.08.2021 00:41:30.407,6.49772,6.49708,1,1.1
23.08.2021 00:41:30.559,6.497680000000001,6.49708,1,1.1
23.08.2021 00:41:31.986,6.4976400000000005,6.49707,1,1.1
23.08.2021 00:41:37.427,6.497850000000001,6.49726,1.1,1
23.08.2021 00:41:38.693,6.49784,6.49727,1,1
23.08.2021 00:41:38.966,6.49791,6.49726,1.6,1
23.08.2021 00:41:40.742,6.49787,6.49726,1,1
23.08.2021 00:41:40.966,6.4979000000000005,6.49727,1.1,1
23.08.2021 00:41:41.016,6.4979000000000005,6.497400000000001,1.1,1
23.08.2021 00:41:41.066,6.49791,6.497400000000001,1,1
23.08.2021 00:41:41.117,6.49792,6.497380000000001,1,1
23.08.2021 00:41:41.217,6.49796,6.49739,1.1,1
23.08.2021 00:41:41.272,6.49796,6.49739,1,1
23.08.2021 00:41:41.322,6.49797,6.497380000000001,1.1,1
23.08.2021 00:41:41.515,6.49797,6.49739,1.1,1
23.08.2021 00:41:41.566,6.49796,6.497400000000001,1,1
23.08.2021 00:41:42.013,6.49796,6.49737,1,1
23.08.2021 00:41:42.506,6.49796,6.4973600000000005,1,1
23.08.2021 00:41:44.604,6.49805,6.4973600000000005,1.6,1
23.08.2021 00:41:46.187,6.49796,6.49737,1,1
23.08.2021 00:41:46.237,6.49797,6.49741,1,1
23.08.2021 00:41:46.356,6.49807,6.497450000000001,1.1,1
23.08.2021 00:41:46.581,6.49807,6.497450000000001,2.1,1
23.08.2021 00:41:46.783,6.49796,6.497450000000001,1,1
23.08.2021 00:41:46.833,6.49797,6.497400000000001,1,1
23.08.2021 00:41:46.934,6.49796,6.49739,1,1
23.08.2021 00:41:51.677,6.49792,6.497380000000001,1,1
23.08.2021 00:41:51.778,6.49795,6.49742,1.1,1
23.08.2021 00:41:51.828,6.497940000000001,6.4974300000000005,1.1,1
23.08.2021 00:41:51.929,6.4981,6.49744,1.6,1
23.08.2021 00:41:52.340,6.4981800000000005,6.4974300000000005,1.85,1
23.08.2021 00:41:52.799,6.497980000000001,6.49744,1.1,1
23.08.2021 00:41:54.547,6.49795,6.49742,1.1,1
23.08.2021 00:42:00.282,6.49795,6.49744,1.1,1
23.08.2021 00:42:00.333,6.49795,6.49744,1,1
23.08.2021 00:42:00.433,6.498080000000001,6.497450000000001,1.6,1
23.08.2021 00:42:00.484,6.49816,6.49751,1.6,1
23.08.2021 00:42:00.585,6.49819,6.49755,1.6,1
23.08.2021 00:42:00.736,6.4982500000000005,6.49761,1.6,1
23.08.2021 00:42:01.049,6.49827,6.49756,1.72,1
23.08.2021 00:42:01.323,6.49814,6.49757,1.1,1
23.08.2021 00:42:01.427,6.498200000000001,6.49757,1.6,1
23.08.2021 00:42:05.229,6.498200000000001,6.49761,1.6,1
23.08.2021 00:42:05.503,6.49819,6.49757,1.6,1
23.08.2021 00:42:37.390,6.4981100000000005,6.49757,1,1
23.08.2021 00:42:50.269,6.49816,6.49756,1.6,1
23.08.2021 00:42:50.429,6.49815,6.49761,1.1,1
23.08.2021 00:42:59.964,6.49815,6.49761,1.6,1
23.08.2021 00:43:00.015,6.49815,6.497540000000001,1.6,1
23.08.2021 00:43:00.206,6.4980400000000005,6.497540000000001,1,1
23.08.2021 00:43:01.310,6.49802,6.49753,1,1
23.08.2021 00:43:01.453,6.4980400000000005,6.497540000000001,1.5,1
23.08.2021 00:43:01.554,6.497990000000001,6.49756,1,1
23.08.2021 00:43:04.051,6.497990000000001,6.49757,1,1
23.08.2021 00:43:06.954,6.49826,6.49756,1.72,1
23.08.2021 00:43:07.004,6.49817,6.497580000000001,1,1
23.08.2021 00:43:07.055,6.49814,6.497580000000001,1,1
23.08.2021 00:43:14.645,6.4981,6.497590000000001,1.1,1
23.08.2021 00:43:14.774,6.49802,6.497590000000001,1,1
23.08.2021 00:43:14.925,6.49801,6.497590000000001,1,1
23.08.2021 00:43:24.110,6.498,6.497580000000001,1.1,1
23.08.2021 00:43:24.516,6.49797,6.497580000000001,1,1
23.08.2021 00:43:25.084,6.497990000000001,6.497590000000001,1.1,1
23.08.2021 00:43:28.581,6.49797,6.497580000000001,1.1,1
23.08.2021 00:43:29.274,6.49792,6.497580000000001,1.1,1
23.08.2021 00:43:29.759,6.49788,6.497590000000001,1.1,1
23.08.2021 00:43:30.044,6.49786,6.497590000000001,1,1
23.08.2021 00:43:30.195,6.49787,6.49735,1.1,1
23.08.2021 00:43:30.389,6.49787,6.497330000000001,1.57,1
23.08.2021 00:43:30.887,6.49782,6.49734,1.1,1
23.08.2021 00:43:31.223,6.49781,6.49734,1.1,1
23.08.2021 00:43:32.411,6.497800000000001,6.49734,1.1,1
23.08.2021 00:43:35.215,6.49775,6.49734,1.1,1
23.08.2021 00:43:35.514,6.49779,6.49734,1.1,1
23.08.2021 00:43:36.129,6.49782,6.497330000000001,1.1,1
23.08.2021 00:44:02.912,6.497800000000001,6.497330000000001,1.1,1
23.08.2021 00:44:03.097,6.49779,6.497330000000001,1.1,1
23.08.2021 00:44:06.706,6.49786,6.49734,1,1
23.08.2021 00:44:07.693,6.49786,6.4973600000000005,1,1
23.08.2021 00:44:08.633,6.49786,6.49739,1,1
23.08.2021 00:44:09.330,6.49786,6.4973600000000005,1,1
23.08.2021 00:44:09.380,6.49784,6.4973600000000005,1,1
23.08.2021 00:44:09.899,6.49782,6.49735,1.1,1
23.08.2021 00:44:10.898,6.49777,6.4973600000000005,1.1,1
23.08.2021 00:44:14.417,6.497730000000001,6.4973600000000005,1,1
23.08.2021 00:44:16.527,6.497730000000001,6.49735,1,1
23.08.2021 00:44:17.582,6.497730000000001,6.49734,1.57,1
23.08.2021 00:44:19.084,6.49769,6.49734,1.1,1
23.08.2021 00:44:22.668,6.49766,6.49734,1.1,1
23.08.2021 00:44:22.909,6.49762,6.49722,1,1
23.08.2021 00:44:23.658,6.497590000000001,6.49722,1.1,1
23.08.2021 00:44:24.189,6.49756,6.49722,1.1,1
23.08.2021 00:44:25.756,6.49757,6.49722,1.1,1
23.08.2021 00:44:31.153,6.497590000000001,6.497230000000001,1.1,1
23.08.2021 00:44:31.582,6.49757,6.497230000000001,1.1,1
23.08.2021 00:44:32.031,6.497580000000001,6.49718,1.1,1
23.08.2021 00:44:32.930,6.49755,6.49718,1.1,1
23.08.2021 00:44:36.618,6.4976,6.49718,1.1,1
23.08.2021 00:44:38.306,6.49757,6.49718,1.1,1
23.08.2021 00:44:39.440,6.497590000000001,6.497190000000001,1.1,1
23.08.2021 00:44:39.886,6.49752,6.49718,1,1
23.08.2021 00:44:40.037,6.49751,6.49721,1,1
23.08.2021 00:44:40.294,6.4976400000000005,6.49722,1.2,1
23.08.2021 00:44:40.395,6.49765,6.49722,1,1
23.08.2021 00:44:43.506,6.49765,6.49721,1,1
23.08.2021 00:44:43.657,6.4976400000000005,6.49721,1.1,1
23.08.2021 00:44:43.956,6.497590000000001,6.49722,1.1,1
23.08.2021 00:44:44.398,6.497590000000001,6.49721,1.1,1
23.08.2021 00:44:45.303,6.49755,6.49722,1.1,1
23.08.2021 00:44:46.331,6.49753,6.49721,1.1,1
23.08.2021 00:44:46.784,6.49752,6.49721,1.1,1
23.08.2021 00:44:46.885,6.4975000000000005,6.49722,1.1,1
23.08.2021 00:44:47.699,6.49751,6.4972,1.1,1
23.08.2021 00:44:47.801,6.49751,6.49717,1.1,1
23.08.2021 00:44:47.851,6.497490000000001,6.49717,1.1,1
23.08.2021 00:44:48.087,6.497490000000001,6.497140000000001,1.1,1
23.08.2021 00:44:48.477,6.497450000000001,6.49715,1.1,1
23.08.2021 00:44:48.844,6.497450000000001,6.497140000000001,1.1,1
23.08.2021 00:44:48.991,6.4974300000000005,6.49715,1,1
23.08.2021 00:44:49.207,6.4974300000000005,6.49711,1,1
23.08.2021 00:44:50.298,6.49742,6.4971000000000005,1.1,1
23.08.2021 00:44:52.885,6.49741,6.4971000000000005,1.1,1
23.08.2021 00:44:52.936,6.49741,6.49706,1.1,1
23.08.2021 00:44:53.346,6.49737,6.49704,1,1
23.08.2021 00:44:53.447,6.4973600000000005,6.49694,1,1
23.08.2021 00:44:53.548,6.49721,6.496880000000001,1,1
23.08.2021 00:44:53.598,6.49721,6.49677,1,1
23.08.2021 00:44:53.649,6.497190000000001,6.4967500000000005,1,1
23.08.2021 00:44:53.750,6.49715,6.4967500000000005,1,1
23.08.2021 00:44:54.029,6.49716,6.4967500000000005,1,1
23.08.2021 00:44:55.125,6.49708,6.49676,1,1
23.08.2021 00:44:55.226,6.49708,6.4967500000000005,1,1
23.08.2021 00:44:58.650,6.49702,6.4967500000000005,1,1
23.08.2021 00:44:59.310,6.49707,6.49676,1,1
23.08.2021 00:45:00.212,6.4971000000000005,6.4967500000000005,1.5,1
23.08.2021 00:45:00.263,6.49704,6.4967500000000005,1.5,1
23.08.2021 00:45:00.363,6.49706,6.4967500000000005,1,1
23.08.2021 00:45:15.321,6.49704,6.49676,1,1
23.08.2021 00:45:15.422,6.49706,6.4967500000000005,1,1
23.08.2021 00:45:24.214,6.4970300000000005,6.49676,1,1
23.08.2021 00:45:24.351,6.497,6.49676,1,1
23.08.2021 00:45:30.015,6.49706,6.4967500000000005,1,1
23.08.2021 00:45:30.116,6.49706,6.4964900000000005,1,1.5
23.08.2021 00:45:32.489,6.497050000000001,6.4965,1,1
23.08.2021 00:45:32.868,6.49704,6.4965,1,1
23.08.2021 00:45:32.918,6.496980000000001,6.4965,1,1
23.08.2021 00:45:33.025,6.49699,6.4964900000000005,1,1.1
23.08.2021 00:45:39.391,6.49699,6.4964900000000005,1,1.1
23.08.2021 00:45:47.654,6.496980000000001,6.496480000000001,1,1.1
23.08.2021 00:45:48.416,6.49699,6.49645,1,1.97
23.08.2021 00:46:06.086,6.49697,6.49645,1,2.1
23.08.2021 00:46:06.136,6.4969600000000005,6.496480000000001,1,1.5
23.08.2021 00:46:07.324,6.49697,6.496430000000001,1,1
23.08.2021 00:46:22.295,6.4969600000000005,6.496430000000001,1,1.12
23.08.2021 00:46:22.462,6.49699,6.496430000000001,1,1.12
23.08.2021 00:46:23.120,6.49699,6.49645,1,1
23.08.2021 00:46:34.883,6.49697,6.49645,1,1
23.08.2021 00:46:35.400,6.49697,6.49647,1,1
23.08.2021 00:46:52.228,6.49697,6.4964900000000005,1,1
23.08.2021 00:46:52.730,6.496980000000001,6.4965,1,1
23.08.2021 00:46:54.957,6.49697,6.49647,1,1
23.08.2021 00:47:00.144,6.49697,6.49647,1,1.5
23.08.2021 00:47:00.245,6.496980000000001,6.49655,1,1
23.08.2021 00:47:01.395,6.496980000000001,6.49657,1,1
23.08.2021 00:47:01.496,6.49699,6.49659,1,1
23.08.2021 00:47:01.697,6.496980000000001,6.49657,1,1
23.08.2021 00:47:01.748,6.49699,6.49654,1,1
23.08.2021 00:47:01.849,6.49699,6.49654,1,1.1
23.08.2021 00:47:02.196,6.49699,6.496560000000001,1,1
23.08.2021 00:47:02.297,6.496980000000001,6.496580000000001,1,1
23.08.2021 00:47:07.336,6.49699,6.49654,1,1.1
23.08.2021 00:47:16.338,6.49699,6.49654,1,1.1
23.08.2021 00:47:19.455,6.49697,6.49654,1,1
23.08.2021 00:47:19.713,6.4969600000000005,6.49654,1.1,1
23.08.2021 00:47:20.948,6.49694,6.49655,1.1,1
23.08.2021 00:47:22.195,6.49691,6.49655,1.1,1
23.08.2021 00:47:25.623,6.49691,6.49654,1.1,1
23.08.2021 00:47:43.594,6.496930000000001,6.49655,1.1,1
23.08.2021 00:47:43.695,6.49697,6.49654,1.1,1
23.08.2021 00:47:43.899,6.49699,6.49654,1.1,1
23.08.2021 00:47:44.356,6.49699,6.496560000000001,1,1
23.08.2021 00:47:44.407,6.49699,6.49654,1,1
23.08.2021 00:48:06.133,6.49697,6.49654,1.1,1
23.08.2021 00:48:06.295,6.49699,6.49654,1,1
23.08.2021 00:48:09.422,6.49697,6.49654,1,1
23.08.2021 00:48:35.239,6.496980000000001,6.49655,1,1
23.08.2021 00:48:51.442,6.496980000000001,6.49654,1.1,1
23.08.2021 00:48:53.961,6.496980000000001,6.49655,1.1,1
23.08.2021 00:48:57.989,6.496980000000001,6.49654,1.1,1
23.08.2021 00:48:59.358,6.4969600000000005,6.49655,1.1,1
23.08.2021 00:49:00.567,6.49695,6.49654,1.1,1
23.08.2021 00:49:00.724,6.49692,6.49654,1,1
23.08.2021 00:49:10.007,6.49699,6.49664,1,1
23.08.2021 00:49:10.108,6.49717,6.4968,3.75,1
23.08.2021 00:49:10.159,6.49713,6.496790000000001,1,1
23.08.2021 00:49:10.260,6.49712,6.496880000000001,1,1
23.08.2021 00:49:10.361,6.49712,6.496930000000001,1,1
23.08.2021 00:49:10.512,6.49711,6.49692,1,1
23.08.2021 00:49:10.563,6.49711,6.4968,1,1
23.08.2021 00:49:10.663,6.4971000000000005,6.496930000000001,1,1
23.08.2021 00:49:11.179,6.49713,6.49692,1,1
23.08.2021 00:49:11.415,6.4972900000000005,6.49692,1,1
23.08.2021 00:49:11.516,6.49735,6.49692,1.5,1
23.08.2021 00:49:11.617,6.49734,6.49692,1,1
23.08.2021 00:49:12.325,6.497330000000001,6.49695,1,1.1
23.08.2021 00:49:13.346,6.497330000000001,6.496980000000001,1,1.1
23.08.2021 00:49:14.318,6.49735,6.496980000000001,1.5,1.1
23.08.2021 00:49:14.912,6.49735,6.49704,1.5,1.1
23.08.2021 00:49:16.320,6.49735,6.49706,1.5,1.1
23.08.2021 00:49:16.525,6.49752,6.49708,1.1,1.1
23.08.2021 00:49:16.626,6.49753,6.49709,1,1
23.08.2021 00:49:16.727,6.497580000000001,6.4971000000000005,2,1.1
23.08.2021 00:49:17.023,6.49757,6.497140000000001,2,1.1
23.08.2021 00:49:17.682,6.49756,6.49715,1,1.1
23.08.2021 00:49:18.267,6.49756,6.49713,1.1,1.1
23.08.2021 00:49:20.922,6.497540000000001,6.49712,1.1,1.1
23.08.2021 00:49:25.006,6.49748,6.49712,1,1.1
23.08.2021 00:49:27.776,6.49748,6.4971000000000005,1,1.1
23.08.2021 00:49:39.538,6.49737,6.4971000000000005,1,1.1
23.08.2021 00:49:39.809,6.4973600000000005,6.49712,1,1.1
23.08.2021 00:49:42.890,6.49737,6.49713,1,1.1
23.08.2021 00:49:43.014,6.497380000000001,6.49712,1,1.1
23.08.2021 00:49:43.065,6.49747,6.49713,1,1.1
23.08.2021 00:49:43.176,6.49747,6.49715,1,1.1
23.08.2021 00:49:43.760,6.49747,6.49718,1,1.1
23.08.2021 00:49:43.861,6.49748,6.49718,1,1.1
23.08.2021 00:49:44.359,6.49748,6.4972,1,1.1
23.08.2021 00:49:47.279,6.49752,6.4972,1,1.1
23.08.2021 00:49:58.022,6.49752,6.49722,1,1.1
23.08.2021 00:49:58.072,6.49751,6.49721,1,1.1
23.08.2021 00:49:58.123,6.49755,6.4972,1,1.1
23.08.2021 00:49:58.437,6.49751,6.49721,1,1.1
23.08.2021 00:49:59.685,6.49752,6.49722,1,1.1
23.08.2021 00:50:01.786,6.49752,6.497240000000001,1,1.1
23.08.2021 00:50:03.449,6.49756,6.497240000000001,1,1.1
23.08.2021 00:50:03.562,6.49757,6.497240000000001,1,1.1
23.08.2021 00:50:03.663,6.49761,6.49725,1,1.1
23.08.2021 00:50:04.137,6.49761,6.49727,1,1.1
23.08.2021 00:50:04.294,6.4976,6.4972900000000005,1,1.1
23.08.2021 00:50:04.345,6.49766,6.4972900000000005,1,1.1
23.08.2021 00:50:04.475,6.497680000000001,6.4972900000000005,1,1.1
23.08.2021 00:50:04.678,6.497680000000001,6.49734,1,1.1
23.08.2021 00:50:05.796,6.4976400000000005,6.49737,1,1.1
23.08.2021 00:50:08.605,6.497680000000001,6.497380000000001,1,1.1
23.08.2021 00:50:10.706,6.497680000000001,6.4973600000000005,1,1.1
23.08.2021 00:50:12.631,6.4977100000000005,6.49735,1,1.1
23.08.2021 00:50:13.547,6.4977100000000005,6.497330000000001,1,1.1
23.08.2021 00:50:13.749,6.497680000000001,6.497330000000001,1,1.1
23.08.2021 00:50:14.229,6.497680000000001,6.49732,1,1.1
23.08.2021 00:50:15.345,6.497680000000001,6.49734,1,1.1
23.08.2021 00:50:15.505,6.49769,6.49735,1,1.1
23.08.2021 00:50:15.707,6.497730000000001,6.49734,1,1.1
23.08.2021 00:50:16.455,6.49769,6.49735,1,1.1
23.08.2021 00:50:16.940,6.4977,6.49732,1,1.57
23.08.2021 00:50:18.290,6.49766,6.49732,1,1.57
23.08.2021 00:50:18.925,6.49765,6.4973,1,1.1
23.08.2021 00:50:19.117,6.4976400000000005,6.4972900000000005,1,1.1
23.08.2021 00:50:20.119,6.497630000000001,6.49732,1,1.1
23.08.2021 00:50:24.275,6.497630000000001,6.4972900000000005,1,1.2
23.08.2021 00:50:24.326,6.497590000000001,6.4972900000000005,1,1.1
23.08.2021 00:50:24.949,6.497590000000001,6.497280000000001,1,1.1
23.08.2021 00:50:27.417,6.497630000000001,6.4972900000000005,1,1.1
23.08.2021 00:50:40.187,6.4976400000000005,6.49727,1,1.1
23.08.2021 00:50:43.184,6.497630000000001,6.4972900000000005,1,1.1
23.08.2021 00:50:44.291,6.4976400000000005,6.4972900000000005,1,1.1
23.08.2021 00:50:44.494,6.497630000000001,6.49726,1,1.2
23.08.2021 00:50:44.544,6.497630000000001,6.497330000000001,1,1
23.08.2021 00:50:44.595,6.49765,6.497330000000001,1,1
23.08.2021 00:50:46.932,6.497680000000001,6.49732,1,1
23.08.2021 00:50:54.573,6.49767,6.49737,1,1.1
23.08.2021 00:50:55.574,6.49767,6.49734,1,1.1
23.08.2021 00:50:58.452,6.49767,6.497330000000001,1,1
23.08.2021 00:51:05.981,6.497630000000001,6.497330000000001,1,1
23.08.2021 00:51:09.028,6.49761,6.497330000000001,1,1
23.08.2021 00:51:09.659,6.497630000000001,6.49732,1,1
23.08.2021 00:51:10.481,6.49766,6.49732,1,1
23.08.2021 00:51:11.830,6.49765,6.4973600000000005,1,1
23.08.2021 00:51:11.930,6.49769,6.49737,1,1
23.08.2021 00:51:14.734,6.49767,6.49737,1,1
23.08.2021 00:51:40.266,6.49766,6.4973,1,1.2
23.08.2021 00:51:40.367,6.49766,6.497230000000001,1,1.6
23.08.2021 00:51:40.418,6.49767,6.49722,1,1.5
23.08.2021 00:51:40.570,6.497630000000001,6.497230000000001,1,1
23.08.2021 00:51:40.828,6.497630000000001,6.49722,1,1.12
23.08.2021 00:51:40.979,6.49755,6.49716,1,1.1
23.08.2021 00:51:41.080,6.49752,6.49715,1,1
23.08.2021 00:51:41.283,6.49744,6.49716,1,1
23.08.2021 00:51:42.284,6.49742,6.49716,1,1
23.08.2021 00:51:49.518,6.4974300000000005,6.497,1,1.2
23.08.2021 00:51:49.568,6.497380000000001,6.49691,1,1.5
23.08.2021 00:51:49.619,6.497280000000001,6.496880000000001,1,1
23.08.2021 00:51:49.670,6.497240000000001,6.496880000000001,1,1
23.08.2021 00:51:49.720,6.49715,6.49677,1,1
23.08.2021 00:51:49.771,6.497140000000001,6.4965,1,1.8
23.08.2021 00:51:49.822,6.49713,6.49661,1,1.1
23.08.2021 00:51:49.923,6.49712,6.49676,1,1
23.08.2021 00:51:49.973,6.49713,6.4966800000000005,1,1
23.08.2021 00:51:50.024,6.497190000000001,6.4968900000000005,1,1
23.08.2021 00:51:50.074,6.497190000000001,6.49677,1,1
23.08.2021 00:51:50.125,6.497240000000001,6.49677,1,1
23.08.2021 00:51:50.226,6.49734,6.49702,1,1
23.08.2021 00:51:50.277,6.49746,6.49707,1,1
23.08.2021 00:51:50.378,6.497450000000001,6.49707,1,1
23.08.2021 00:51:52.034,6.49747,6.49706,1,1
23.08.2021 00:51:52.093,6.4975000000000005,6.49706,1,1
23.08.2021 00:51:52.144,6.497540000000001,6.4971000000000005,1,1.1
23.08.2021 00:51:52.245,6.497580000000001,6.49712,1,1.1
23.08.2021 00:51:52.398,6.497580000000001,6.49712,1,1
23.08.2021 00:51:53.503,6.4976,6.49712,1,1.1
23.08.2021 00:51:53.604,6.497590000000001,6.49716,1,1
23.08.2021 00:51:53.974,6.49761,6.49716,1,1
23.08.2021 00:51:54.165,6.49761,6.49717,1,1.1
23.08.2021 00:51:58.895,6.49747,6.49709,1,1.5
23.08.2021 00:51:58.945,6.49751,6.49709,1,1
23.08.2021 00:51:59.046,6.49748,6.49708,1,1
23.08.2021 00:52:01.840,6.4975000000000005,6.49708,1,1
23.08.2021 00:52:08.126,6.49755,6.49708,1,1
23.08.2021 00:52:08.177,6.4976,6.4972,1,1
23.08.2021 00:52:08.228,6.49765,6.49721,1,1
23.08.2021 00:52:14.240,6.49765,6.4972,1,1
23.08.2021 00:52:14.442,6.4976,6.49721,1,1
23.08.2021 00:52:14.543,6.49757,6.49721,1,1
23.08.2021 00:52:14.645,6.49756,6.4972,1,1
23.08.2021 00:52:14.849,6.49751,6.49721,1,1
23.08.2021 00:52:14.900,6.49751,6.49709,1,1.12
23.08.2021 00:52:18.006,6.49751,6.49708,1,1
23.08.2021 00:52:18.057,6.49748,6.49708,1,1
23.08.2021 00:52:24.551,6.497450000000001,6.49708,1,1
23.08.2021 00:52:25.997,6.49748,6.49708,1.5,1
23.08.2021 00:52:27.978,6.49748,6.49711,1,1
23.08.2021 00:52:28.079,6.49751,6.49715,1,1
23.08.2021 00:52:28.180,6.49753,6.49715,1,1
23.08.2021 00:52:30.075,6.49752,6.49709,1,1.1
23.08.2021 00:52:30.176,6.49751,6.49709,1,1.1
23.08.2021 00:52:30.391,6.49751,6.4971000000000005,1,1.1
23.08.2021 00:52:31.977,6.49751,6.49709,1,1.1
23.08.2021 00:52:36.731,6.49753,6.49709,1,1
23.08.2021 00:52:36.832,6.49757,6.4971000000000005,1,1
23.08.2021 00:52:36.882,6.497630000000001,6.49709,1,1.6
23.08.2021 00:52:36.983,6.4976,6.49732,1,1
23.08.2021 00:52:37.084,6.4976400000000005,6.49732,1,1
23.08.2021 00:52:37.135,6.49767,6.49732,1,1
23.08.2021 00:52:37.286,6.49767,6.49722,1,1.72
23.08.2021 00:52:37.336,6.4977,6.49726,1,2.1
23.08.2021 00:52:37.538,6.4977100000000005,6.497330000000001,1,1.1
23.08.2021 00:52:37.588,6.4977,6.49732,1,1.1
23.08.2021 00:52:41.899,6.49769,6.497330000000001,1,1.1
23.08.2021 00:52:44.839,6.49772,6.49732,1,1.1
23.08.2021 00:52:44.890,6.49775,6.497330000000001,1,1.1
23.08.2021 00:52:47.485,6.49776,6.4973600000000005,1,1.2
23.08.2021 00:52:47.536,6.49775,6.497400000000001,1,1
23.08.2021 00:52:48.019,6.49775,6.49739,1,1
23.08.2021 00:52:48.120,6.49781,6.497490000000001,1,1
23.08.2021 00:52:48.221,6.49797,6.49753,1,1
23.08.2021 00:52:48.272,6.498030000000001,6.497590000000001,1,1
23.08.2021 00:52:48.373,6.49815,6.49774,1,1
23.08.2021 00:52:48.474,6.49806,6.49774,1,1
23.08.2021 00:52:48.625,6.4980400000000005,6.497730000000001,1,1
23.08.2021 00:52:48.675,6.49806,6.49774,1,1
23.08.2021 00:52:48.966,6.4980400000000005,6.497730000000001,1,1
23.08.2021 00:52:50.509,6.498,6.497730000000001,1,1
23.08.2021 00:52:54.478,6.4980400000000005,6.49774,1,1
23.08.2021 00:52:54.529,6.49815,6.49774,1,1
23.08.2021 00:52:54.629,6.498080000000001,6.49774,1,1
23.08.2021 00:52:59.411,6.49807,6.49774,1,1
23.08.2021 00:53:00.342,6.498030000000001,6.49774,1,1
23.08.2021 00:53:02.872,6.49795,6.49774,1,1
23.08.2021 00:53:03.394,6.497980000000001,6.497730000000001,1,1
23.08.2021 00:53:03.954,6.49801,6.497730000000001,1,1
