Gmt time,Ask,Bid,AskVolume,BidVolume
19.08.2021 00:00:00.139,0.91764,0.91754,1.5,1.76
19.08.2021 00:00:04.618,0.91764,0.91754,1,2.01
19.08.2021 00:00:04.719,0.9176500000000001,0.9175500000000001,1,1
19.08.2021 00:00:07.603,0.91764,0.91754,1.5,2.76
19.08.2021 00:00:07.856,0.91764,0.91754,1.5,1.76
19.08.2021 00:00:08.823,0.91761,0.91753,1,1
19.08.2021 00:00:08.924,0.9176000000000001,0.9175200000000001,1,1
19.08.2021 00:00:13.321,0.9176200000000001,0.91753,1.25,1.57
19.08.2021 00:00:16.684,0.91764,0.9175200000000001,1.5,2.51
19.08.2021 00:00:18.479,0.91763,0.91754,1,1
19.08.2021 00:00:23.479,0.91761,0.91754,1,1
19.08.2021 00:00:23.581,0.9176200000000001,0.9175000000000001,1.5,2.44
19.08.2021 00:00:23.698,0.9176000000000001,0.91751,1,1.69
19.08.2021 00:00:37.717,0.91763,0.9175500000000001,1,1.25
19.08.2021 00:00:37.819,0.91764,0.9175500000000001,1,1
19.08.2021 00:00:39.089,0.9176500000000001,0.91756,1,1.25
19.08.2021 00:00:39.191,0.9176500000000001,0.91756,1,1.94
19.08.2021 00:00:42.529,0.9176500000000001,0.91756,1,1.25
19.08.2021 00:00:42.656,0.9176500000000001,0.91756,1,1.75
19.08.2021 00:00:43.438,0.9176500000000001,0.91756,1,1.31
19.08.2021 00:00:43.589,0.9176500000000001,0.91756,1,2.12
19.08.2021 00:00:44.354,0.91766,0.9175500000000001,1,1.31
19.08.2021 00:00:44.467,0.9176500000000001,0.91756,1,2.12
19.08.2021 00:00:44.580,0.9176500000000001,0.91756,1,1.31
19.08.2021 00:00:49.330,0.91766,0.91756,1.57,1.69
19.08.2021 00:00:52.429,0.91766,0.9175500000000001,1,1.69
19.08.2021 00:01:01.150,0.9176500000000001,0.9175500000000001,2.25,1.5
19.08.2021 00:01:01.364,0.91764,0.91754,1,1.5
19.08.2021 00:01:01.516,0.91766,0.91758,1.5,1
19.08.2021 00:01:01.618,0.9176500000000001,0.9175700000000001,1.57,1
19.08.2021 00:01:01.821,0.9176700000000001,0.91759,1,1
19.08.2021 00:01:01.923,0.9176799999999999,0.9176000000000001,1.5,1
19.08.2021 00:01:09.301,0.9176799999999999,0.91759,1,1
19.08.2021 00:01:10.518,0.9176799999999999,0.9176000000000001,1,1
19.08.2021 00:01:17.331,0.9176799999999999,0.91759,1,1
19.08.2021 00:01:17.631,0.9176700000000001,0.91759,1,1
19.08.2021 00:01:19.506,0.9176700000000001,0.91758,1,2.44
19.08.2021 00:01:22.943,0.9176799999999999,0.91758,2.25,2.44
19.08.2021 00:01:23.780,0.9176799999999999,0.91759,1.5,1.69
19.08.2021 00:01:27.609,0.91771,0.9176000000000001,1,1.5
19.08.2021 00:01:27.711,0.9177200000000001,0.9176000000000001,2.25,3.32
19.08.2021 00:01:27.812,0.9177200000000001,0.9176200000000001,1,2.44
19.08.2021 00:01:27.913,0.9177200000000001,0.91763,1,2.44
19.08.2021 00:01:30.102,0.9177200000000001,0.91764,1,2.06
19.08.2021 00:01:30.203,0.9177299999999999,0.91764,1,2.81
19.08.2021 00:02:29.965,0.9177200000000001,0.91764,1,1
19.08.2021 00:02:38.260,0.91771,0.91763,1,1
19.08.2021 00:02:38.411,0.91769,0.91761,1.5,1
19.08.2021 00:02:38.512,0.91769,0.9176000000000001,2.32,1.5
19.08.2021 00:02:38.665,0.9177000000000001,0.91761,1,2.44
19.08.2021 00:02:38.767,0.91771,0.91763,1.5,1
19.08.2021 00:02:46.256,0.91771,0.91764,1,1.25
19.08.2021 00:02:46.358,0.91771,0.91763,1,2.62
19.08.2021 00:02:47.997,0.91771,0.91764,1,1.25
19.08.2021 00:02:48.149,0.91771,0.91763,1,2.44
19.08.2021 00:02:48.502,0.91771,0.91764,1,1.25
19.08.2021 00:02:48.705,0.91771,0.91763,1,2.44
19.08.2021 00:02:48.806,0.91771,0.91764,1,1.25
19.08.2021 00:02:49.011,0.91771,0.91763,1,2.44
19.08.2021 00:02:52.060,0.91771,0.91764,1,1.25
19.08.2021 00:02:52.384,0.91771,0.91763,1,2.44
19.08.2021 00:02:52.507,0.91771,0.91764,1,1.25
19.08.2021 00:02:52.659,0.91771,0.91763,1,2.44
19.08.2021 00:02:52.760,0.91771,0.91764,1,1.25
19.08.2021 00:02:53.013,0.91771,0.91763,1,2.62
19.08.2021 00:02:53.455,0.91771,0.91764,1,1.25
19.08.2021 00:02:54.170,0.91771,0.91763,1,2.44
19.08.2021 00:03:33.267,0.91771,0.91764,1,1.25
19.08.2021 00:03:33.469,0.91771,0.91763,1,3.37
19.08.2021 00:03:33.620,0.91771,0.91764,1,1.25
19.08.2021 00:03:33.722,0.91771,0.91763,1,3.19
19.08.2021 00:03:34.295,0.91771,0.91764,1,1.25
19.08.2021 00:03:34.396,0.91771,0.91763,1,3.19
19.08.2021 00:03:35.233,0.91771,0.91764,1,1.25
19.08.2021 00:03:35.385,0.91771,0.91763,1,3.19
19.08.2021 00:03:36.614,0.91771,0.91764,1,1.25
19.08.2021 00:04:02.644,0.91774,0.91766,1,1
19.08.2021 00:04:02.747,0.9177500000000001,0.9176700000000001,1,3.25
19.08.2021 00:04:02.949,0.9177700000000001,0.9176799999999999,1.5,2.44
19.08.2021 00:04:09.062,0.9177700000000001,0.91769,1,1
19.08.2021 00:04:12.641,0.91779,0.9177200000000001,1.5,1
19.08.2021 00:04:22.857,0.9178000000000001,0.9177200000000001,1.5,1
19.08.2021 00:04:27.198,0.9178000000000001,0.91771,1.5,1
19.08.2021 00:04:27.451,0.91779,0.9177200000000001,1,1
19.08.2021 00:04:27.552,0.9178000000000001,0.9177200000000001,1.5,1
19.08.2021 00:04:27.653,0.9178000000000001,0.9177299999999999,1.5,1
19.08.2021 00:04:32.644,0.9178100000000001,0.91771,1.5,1
19.08.2021 00:04:51.003,0.9178200000000001,0.91771,1.5,1.25
19.08.2021 00:04:52.620,0.9178100000000001,0.9177299999999999,1,1.25
19.08.2021 00:05:01.786,0.9178100000000001,0.9177200000000001,1,1
19.08.2021 00:05:04.980,0.9178100000000001,0.9177200000000001,1,1.25
19.08.2021 00:05:11.683,0.9178100000000001,0.9177200000000001,1,1.25
19.08.2021 00:05:16.629,0.9178100000000001,0.9177200000000001,1,1.25
19.08.2021 00:05:31.678,0.9178100000000001,0.9177200000000001,1,1.12
19.08.2021 00:05:35.455,0.9178200000000001,0.9177200000000001,1.57,1.12
19.08.2021 00:05:49.152,0.9178100000000001,0.91771,1.1,1.87
19.08.2021 00:05:51.095,0.9178100000000001,0.91771,1,2.5
19.08.2021 00:05:51.247,0.9178100000000001,0.91771,1,1.69
19.08.2021 00:05:52.220,0.9178100000000001,0.91771,1,2.5
19.08.2021 00:05:52.321,0.9178100000000001,0.91771,1,1.69
19.08.2021 00:05:52.474,0.9178100000000001,0.91771,1,2.5
19.08.2021 00:05:52.578,0.9178100000000001,0.91771,1,1.69
19.08.2021 00:05:52.809,0.9178100000000001,0.91771,1,2.5
19.08.2021 00:05:53.043,0.9178100000000001,0.91771,1,1.69
19.08.2021 00:05:53.149,0.9178100000000001,0.91771,1,2.5
19.08.2021 00:05:53.403,0.9178100000000001,0.91771,1,1.69
19.08.2021 00:05:53.565,0.9178100000000001,0.91771,1,2.5
19.08.2021 00:05:53.700,0.9178100000000001,0.91771,1,1.69
19.08.2021 00:05:53.851,0.9178100000000001,0.91771,1,2.5
19.08.2021 00:05:54.053,0.9178100000000001,0.91771,1,1.69
19.08.2021 00:05:54.229,0.9178200000000001,0.9177000000000001,1,1.75
19.08.2021 00:05:54.330,0.9178100000000001,0.91771,1,1.69
19.08.2021 00:05:55.027,0.9178200000000001,0.9177200000000001,1.6,1
19.08.2021 00:06:08.963,0.9178100000000001,0.91771,1.57,1.25
19.08.2021 00:06:09.067,0.9178100000000001,0.9177000000000001,1.31,1
19.08.2021 00:06:09.169,0.9177700000000001,0.9176799999999999,1.5,2.44
19.08.2021 00:06:09.270,0.9177799999999999,0.9177000000000001,1,1.25
19.08.2021 00:06:09.371,0.9177700000000001,0.9176799999999999,3.07,1
19.08.2021 00:06:09.472,0.9177700000000001,0.9176700000000001,3.07,1.69
19.08.2021 00:06:09.624,0.9177700000000001,0.9176700000000001,3.07,2.5
19.08.2021 00:06:13.309,0.9177700000000001,0.9176700000000001,3.07,1.69
19.08.2021 00:06:14.156,0.9177500000000001,0.91766,1,1.69
19.08.2021 00:06:14.410,0.9177500000000001,0.9176500000000001,1.57,1.69
19.08.2021 00:06:15.484,0.9177500000000001,0.9176500000000001,1.57,2.5
19.08.2021 00:06:15.585,0.91774,0.9176500000000001,1,2.44
19.08.2021 00:06:26.178,0.91774,0.91764,2.35,1.69
19.08.2021 00:06:26.280,0.9177200000000001,0.91764,1,1
19.08.2021 00:06:27.087,0.9177299999999999,0.91764,1.57,1
19.08.2021 00:06:27.188,0.9176700000000001,0.91758,1,1.69
19.08.2021 00:06:27.290,0.91766,0.91758,1,1
19.08.2021 00:06:27.391,0.91766,0.9175700000000001,1,1.69
19.08.2021 00:06:30.463,0.91766,0.91758,1,1
19.08.2021 00:06:36.053,0.91766,0.9175700000000001,1,1
19.08.2021 00:06:43.473,0.91766,0.9175700000000001,1.1,1.75
19.08.2021 00:06:43.574,0.91766,0.9175700000000001,1.1,1.25
19.08.2021 00:07:00.458,0.9177000000000001,0.91761,1.2,1.69
19.08.2021 00:07:00.559,0.9177000000000001,0.9176200000000001,1,1
19.08.2021 00:07:00.660,0.9177000000000001,0.91761,1,1.57
19.08.2021 00:07:20.448,0.91771,0.9176200000000001,1.1,1.69
19.08.2021 00:07:20.549,0.9177200000000001,0.9176200000000001,1.57,2.57
19.08.2021 00:07:21.730,0.9177299999999999,0.91764,1.1,1.25
19.08.2021 00:07:21.933,0.91774,0.91764,1.57,2.57
19.08.2021 00:07:24.701,0.9177600000000001,0.9176799999999999,1.1,1
19.08.2021 00:07:24.802,0.9177700000000001,0.9176799999999999,1,1.1
19.08.2021 00:07:30.363,0.9177700000000001,0.91769,1,1
19.08.2021 00:07:43.037,0.9177799999999999,0.91769,1.57,1
19.08.2021 00:07:43.623,0.91779,0.91771,1,1
19.08.2021 00:07:49.258,0.9178200000000001,0.91771,1.57,1
19.08.2021 00:07:52.025,0.9178200000000001,0.9177200000000001,1.57,1.5
19.08.2021 00:08:11.373,0.9178100000000001,0.9177200000000001,1.1,1.25
19.08.2021 00:08:13.789,0.9178200000000001,0.9177299999999999,1.57,1.25
19.08.2021 00:08:44.712,0.9178200000000001,0.9177200000000001,1.6,1.69
19.08.2021 00:08:51.378,0.9178200000000001,0.9177200000000001,1.57,2.5
19.08.2021 00:08:51.480,0.9178200000000001,0.9177200000000001,1.57,1.69
19.08.2021 00:08:51.786,0.9178200000000001,0.9177200000000001,1.6,1.69
19.08.2021 00:09:01.718,0.9178299999999999,0.91771,1.57,2.5
19.08.2021 00:09:02.072,0.9178299999999999,0.91774,1.57,1.25
19.08.2021 00:09:03.605,0.9178299999999999,0.9177600000000001,1.1,1
19.08.2021 00:09:03.656,0.9178700000000001,0.9177799999999999,1.1,1.25
19.08.2021 00:09:03.758,0.9178799999999999,0.91779,1.1,1.25
19.08.2021 00:09:03.859,0.9179,0.9177799999999999,1.57,2.5
19.08.2021 00:09:19.313,0.9179,0.9178100000000001,1.76,1
19.08.2021 00:09:19.465,0.9179,0.9178100000000001,1,2.5
19.08.2021 00:09:19.618,0.9179100000000001,0.9178200000000001,1.57,1.69
19.08.2021 00:09:19.720,0.9179100000000001,0.9178299999999999,1,1
19.08.2021 00:09:21.003,0.9179200000000001,0.9178100000000001,1.5,1.69
19.08.2021 00:09:23.177,0.9179100000000001,0.9178299999999999,1,1
19.08.2021 00:09:37.203,0.9179100000000001,0.9178200000000001,1.1,1
19.08.2021 00:09:38.034,0.9179100000000001,0.9178100000000001,1.57,2.44
19.08.2021 00:09:38.182,0.9179,0.9178100000000001,1,2.44
19.08.2021 00:09:44.640,0.9179100000000001,0.9178200000000001,1.57,1
19.08.2021 00:09:47.283,0.9179,0.9178200000000001,1,1
19.08.2021 00:09:48.253,0.9179,0.9178100000000001,1.1,1
19.08.2021 00:09:48.374,0.91789,0.9178100000000001,1.1,1
19.08.2021 00:09:52.965,0.91785,0.9178000000000001,1.25,1.25
19.08.2021 00:09:53.016,0.91784,0.9177600000000001,1,1.69
19.08.2021 00:09:53.117,0.91785,0.9177600000000001,1.57,1
19.08.2021 00:09:53.219,0.91785,0.9177600000000001,1,2.12
19.08.2021 00:09:53.998,0.91785,0.9177700000000001,1,1.75
19.08.2021 00:09:54.099,0.9178600000000001,0.9177700000000001,1.5,2.5
19.08.2021 00:09:54.201,0.9179,0.91779,1,1.31
19.08.2021 00:09:54.309,0.9179,0.9178000000000001,1.57,2.06
19.08.2021 00:10:13.662,0.9179,0.9178100000000001,1.57,1
19.08.2021 00:10:27.755,0.91794,0.91784,1.57,1.25
19.08.2021 00:10:27.856,0.9179600000000001,0.9178600000000001,1.6,1
19.08.2021 00:10:27.958,0.91798,0.91789,1.57,1
19.08.2021 00:10:31.560,0.91799,0.9178799999999999,1,1.75
19.08.2021 00:10:31.662,0.91799,0.9179,1.1,1.25
19.08.2021 00:10:31.764,0.9180100000000001,0.9179,1.1,1
19.08.2021 00:10:32.044,0.9180100000000001,0.9179200000000001,1.6,1
19.08.2021 00:10:38.052,0.918,0.9179100000000001,1.1,1.5
19.08.2021 00:10:43.854,0.9180200000000002,0.91795,2.32,1
19.08.2021 00:10:43.956,0.9180200000000002,0.91794,2.32,1
19.08.2021 00:10:44.326,0.91805,0.9179600000000001,1.1,1.25
19.08.2021 00:10:44.428,0.9180600000000001,0.9179700000000001,1.57,1
19.08.2021 00:10:44.631,0.9180700000000002,0.91799,1.1,1
19.08.2021 00:11:05.761,0.91808,0.91799,1.57,1
19.08.2021 00:11:08.370,0.9180700000000002,0.91798,1,1
19.08.2021 00:11:09.377,0.91805,0.9179600000000001,1.1,1.5
19.08.2021 00:11:09.478,0.9180600000000001,0.9179600000000001,1,1
19.08.2021 00:11:09.579,0.91805,0.91798,1,1
19.08.2021 00:11:12.576,0.9180600000000001,0.91798,1,1
19.08.2021 00:11:25.997,0.9180700000000002,0.91798,1.5,1.25
19.08.2021 00:11:26.861,0.91808,0.918,1.5,1
19.08.2021 00:11:32.299,0.9180700000000002,0.91798,1,1.25
19.08.2021 00:11:32.908,0.91808,0.91799,1.1,1.25
19.08.2021 00:11:33.385,0.9181100000000001,0.9180100000000001,1.2,2.12
19.08.2021 00:11:33.486,0.91813,0.91804,1.1,1.69
19.08.2021 00:11:33.587,0.91814,0.9180600000000001,1,1
19.08.2021 00:11:33.689,0.91815,0.9180600000000001,1.57,1
19.08.2021 00:11:34.590,0.9181600000000001,0.9180600000000001,1,1.25
19.08.2021 00:11:37.441,0.9181600000000001,0.9180700000000002,1,1.69
19.08.2021 00:11:39.422,0.9181600000000001,0.91808,1,1
19.08.2021 00:11:39.523,0.91818,0.9180700000000002,1.2,1
19.08.2021 00:11:40.599,0.9181600000000001,0.9180700000000002,1,1.69
19.08.2021 00:11:40.700,0.9181900000000001,0.9181,1,1.12
19.08.2021 00:11:40.802,0.9182100000000001,0.91814,1.5,1
19.08.2021 00:11:40.853,0.91823,0.91814,1.2,1
19.08.2021 00:11:44.609,0.9182200000000001,0.91814,1,1
19.08.2021 00:11:46.905,0.9182200000000001,0.9181200000000002,1.6,1.5
19.08.2021 00:11:50.842,0.9182200000000001,0.91813,1.6,1
19.08.2021 00:11:57.475,0.9182200000000001,0.91814,1,1
19.08.2021 00:11:57.728,0.91823,0.91814,1,2.44
19.08.2021 00:11:58.822,0.9182400000000001,0.91815,1.57,1
19.08.2021 00:12:01.298,0.9182400000000001,0.9181600000000001,1.1,1
19.08.2021 00:12:09.913,0.91825,0.9181600000000001,1.57,1.69
19.08.2021 00:12:09.964,0.9182700000000001,0.91818,1.57,1
19.08.2021 00:12:10.066,0.9183,0.9181900000000001,1.95,1
19.08.2021 00:12:10.167,0.91829,0.9182100000000001,1.1,1
19.08.2021 00:12:11.415,0.91829,0.9182200000000001,1,1
19.08.2021 00:12:11.516,0.9183,0.9182200000000001,1,1
19.08.2021 00:12:12.220,0.9183100000000001,0.9182200000000001,1,1.25
19.08.2021 00:12:12.322,0.9183200000000001,0.91823,1.5,1.31
19.08.2021 00:12:12.430,0.9183200000000001,0.9182400000000001,1,1
19.08.2021 00:12:15.760,0.9183600000000001,0.91828,1.12,1.25
19.08.2021 00:12:15.862,0.9183700000000001,0.91828,1,2.81
19.08.2021 00:12:15.963,0.91839,0.91829,1,1
19.08.2021 00:12:16.216,0.91838,0.9183100000000001,1,1
19.08.2021 00:12:16.317,0.91839,0.9183100000000001,1.1,1
19.08.2021 00:12:16.469,0.91838,0.91829,1.5,1.12
19.08.2021 00:12:18.668,0.91839,0.9182700000000001,1.57,1.5
19.08.2021 00:12:19.386,0.91838,0.91829,1.57,1.25
19.08.2021 00:12:19.506,0.91838,0.91828,1.57,2.62
19.08.2021 00:12:20.440,0.9183700000000001,0.91828,1,2.44
19.08.2021 00:12:33.602,0.91833,0.9182600000000001,1,1
19.08.2021 00:12:33.654,0.91833,0.9182400000000001,1,2.81
19.08.2021 00:12:33.756,0.9183200000000001,0.91823,1,1.75
19.08.2021 00:12:33.807,0.9183200000000001,0.9182200000000001,1.57,2.81
19.08.2021 00:12:33.909,0.9183100000000001,0.9182200000000001,1,2.81
19.08.2021 00:12:34.332,0.9183100000000001,0.9182200000000001,1,2.87
19.08.2021 00:12:34.786,0.9183100000000001,0.9182200000000001,1,2.06
19.08.2021 00:12:34.898,0.9183100000000001,0.9182200000000001,1,2.87
19.08.2021 00:12:35.000,0.9183100000000001,0.9182200000000001,1,2.06
19.08.2021 00:12:35.101,0.9183100000000001,0.9182200000000001,1,2.87
19.08.2021 00:12:35.332,0.9183100000000001,0.9182200000000001,1,2.06
19.08.2021 00:12:35.433,0.9183200000000001,0.9182100000000001,1,2.87
19.08.2021 00:12:35.534,0.9183200000000001,0.9182100000000001,1,2.06
19.08.2021 00:12:35.686,0.9183100000000001,0.9182200000000001,1,2.87
19.08.2021 00:12:35.787,0.9183100000000001,0.9182200000000001,1,2.06
19.08.2021 00:12:35.891,0.9183100000000001,0.9182200000000001,1,2.87
19.08.2021 00:12:36.111,0.9183100000000001,0.9182200000000001,1,2.06
19.08.2021 00:12:36.232,0.9183100000000001,0.9182200000000001,1,2.87
19.08.2021 00:12:36.587,0.9183200000000001,0.9182100000000001,1,2.06
19.08.2021 00:12:37.035,0.9183100000000001,0.9182200000000001,1,2.87
19.08.2021 00:12:37.136,0.9183100000000001,0.9182200000000001,1,2.06
19.08.2021 00:12:38.477,0.91829,0.9182,1,1.31
19.08.2021 00:12:40.652,0.9182700000000001,0.91818,1.5,1
19.08.2021 00:12:40.753,0.91825,0.91818,1,1
19.08.2021 00:12:40.857,0.9182400000000001,0.9181600000000001,1,1.25
19.08.2021 00:12:41.748,0.91825,0.91814,1,3.19
19.08.2021 00:12:41.856,0.9182400000000001,0.9181600000000001,1,1.25
19.08.2021 00:12:43.217,0.9182400000000001,0.91815,1,2.44
19.08.2021 00:12:43.369,0.9182400000000001,0.9181600000000001,1,1.25
19.08.2021 00:12:43.683,0.9182400000000001,0.91815,1,2.44
19.08.2021 00:12:43.790,0.9182400000000001,0.9181600000000001,1,1.25
19.08.2021 00:12:44.506,0.9182400000000001,0.91815,1,2.44
19.08.2021 00:12:44.607,0.9182400000000001,0.9181600000000001,1,1.25
19.08.2021 00:12:45.897,0.9182400000000001,0.91815,1,1.87
19.08.2021 00:12:45.948,0.9182400000000001,0.9181600000000001,1,1.25
19.08.2021 00:12:46.100,0.9182400000000001,0.9181600000000001,1,1.25
19.08.2021 00:12:47.782,0.9182400000000001,0.91815,1,2.44
19.08.2021 00:12:47.883,0.91825,0.91815,1,1.25
19.08.2021 00:12:48.208,0.9182400000000001,0.91815,1,2.44
19.08.2021 00:12:48.310,0.9182400000000001,0.9181600000000001,1,1.25
19.08.2021 00:12:48.411,0.9182400000000001,0.9181600000000001,1,1.25
19.08.2021 00:12:48.532,0.9182400000000001,0.9181600000000001,1,1.25
19.08.2021 00:12:49.236,0.9182400000000001,0.91815,1,2.44
19.08.2021 00:12:49.337,0.9182400000000001,0.9181600000000001,1,1.25
19.08.2021 00:12:49.489,0.9182400000000001,0.9181700000000002,1,1.25
19.08.2021 00:12:49.590,0.91825,0.9181700000000002,1,1.25
19.08.2021 00:12:49.742,0.9182600000000001,0.9181700000000002,1,1.69
19.08.2021 00:12:50.114,0.91825,0.9181600000000001,1,1.25
19.08.2021 00:12:50.215,0.9182400000000001,0.9181600000000001,1,1.25
19.08.2021 00:12:50.538,0.9182400000000001,0.9181600000000001,1,1.75
19.08.2021 00:12:50.689,0.9182400000000001,0.9181600000000001,1,1.25
19.08.2021 00:12:52.532,0.9182400000000001,0.9181600000000001,1,1.75
19.08.2021 00:12:58.642,0.9182400000000001,0.9181600000000001,1,1.25
19.08.2021 00:12:58.898,0.9182400000000001,0.9181600000000001,1,1.75
19.08.2021 00:12:59.036,0.9182400000000001,0.9181600000000001,1,1.69
19.08.2021 00:13:00.225,0.91825,0.9181600000000001,1.1,2.44
19.08.2021 00:13:04.459,0.91825,0.9181600000000001,1.1,2.5
19.08.2021 00:13:10.314,0.91825,0.9181600000000001,1.1,1.69
19.08.2021 00:13:10.515,0.91825,0.9181600000000001,1.1,2.5
19.08.2021 00:13:10.667,0.91825,0.9181600000000001,1.1,1.69
19.08.2021 00:13:12.800,0.9182700000000001,0.91818,1,1.31
19.08.2021 00:13:12.901,0.91829,0.9182,1,2.5
19.08.2021 00:13:12.952,0.9183100000000001,0.9182100000000001,1.57,1.25
19.08.2021 00:13:13.205,0.9183200000000001,0.9182100000000001,1,1.69
19.08.2021 00:13:15.744,0.9183,0.9182100000000001,1.1,1.25
19.08.2021 00:13:15.895,0.9183100000000001,0.9182,1,2.5
19.08.2021 00:13:15.997,0.9183100000000001,0.9182200000000001,1,1.25
19.08.2021 00:13:21.139,0.9183100000000001,0.91823,1,1.25
19.08.2021 00:13:21.293,0.9183200000000001,0.91823,1,1.69
19.08.2021 00:13:23.426,0.91833,0.91823,1.1,1.69
19.08.2021 00:13:49.864,0.91833,0.9182400000000001,1.57,1
19.08.2021 00:13:58.785,0.91833,0.91823,1.57,1.69
19.08.2021 00:14:01.992,0.91833,0.9182400000000001,1.57,1
19.08.2021 00:14:06.224,0.91833,0.91823,1.57,1
19.08.2021 00:14:06.375,0.9183200000000001,0.91823,1,1
19.08.2021 00:14:09.625,0.9183200000000001,0.9182200000000001,1,2.81
19.08.2021 00:14:11.398,0.9183200000000001,0.91823,1,1.25
19.08.2021 00:14:17.253,0.9183100000000001,0.91823,1,1.25
19.08.2021 00:14:28.929,0.9183200000000001,0.91823,1,2.44
19.08.2021 00:15:05.930,0.9182600000000001,0.9182,1,1.12
19.08.2021 00:15:06.032,0.9182600000000001,0.9181900000000001,2.32,1
19.08.2021 00:15:06.133,0.9182600000000001,0.9181900000000001,2.72,1
19.08.2021 00:15:06.659,0.9182400000000001,0.9181600000000001,1,1.5
19.08.2021 00:15:06.948,0.9182400000000001,0.91814,1.57,2.06
19.08.2021 00:15:13.469,0.9182100000000001,0.9181200000000002,1,1.5
19.08.2021 00:15:13.571,0.91818,0.9181,1.57,1
19.08.2021 00:15:13.672,0.91818,0.91809,1.1,1
19.08.2021 00:15:13.773,0.9181700000000002,0.91808,1.1,2.5
19.08.2021 00:15:13.874,0.91818,0.91809,1.1,1.69
19.08.2021 00:15:14.305,0.9182,0.9181100000000001,1.6,1.25
19.08.2021 00:15:14.356,0.91823,0.91813,1.2,2.87
19.08.2021 00:15:14.457,0.91823,0.91814,1,1.25
19.08.2021 00:15:14.559,0.91823,0.91813,1,2.5
19.08.2021 00:15:18.242,0.9182200000000001,0.91813,1.57,1
19.08.2021 00:15:18.395,0.9182200000000001,0.91814,1,1.25
19.08.2021 00:15:18.525,0.91823,0.91814,1.1,1.69
19.08.2021 00:16:00.803,0.91823,0.91813,1.69,1.5
19.08.2021 00:16:00.854,0.9182100000000001,0.91813,1,1.25
19.08.2021 00:16:04.102,0.9182100000000001,0.9181200000000002,1,1.25
19.08.2021 00:16:04.784,0.9182100000000001,0.9181200000000002,1,1.75
19.08.2021 00:16:04.886,0.9182100000000001,0.9181200000000002,1,1.25
19.08.2021 00:16:04.991,0.9182100000000001,0.9181200000000002,1,1.75
19.08.2021 00:16:05.094,0.9182100000000001,0.9181200000000002,1,1.25
19.08.2021 00:16:05.195,0.9182100000000001,0.9181200000000002,1,1.75
19.08.2021 00:16:05.297,0.9182100000000001,0.9181200000000002,1,1.25
19.08.2021 00:16:05.604,0.9182100000000001,0.9181200000000002,1,1.75
19.08.2021 00:16:05.709,0.9182100000000001,0.9181200000000002,1,1.25
19.08.2021 00:16:05.811,0.9182100000000001,0.9181200000000002,1,1.75
19.08.2021 00:16:06.027,0.9182100000000001,0.9181200000000002,1,1.25
19.08.2021 00:16:06.129,0.9182100000000001,0.9181200000000002,1,1.75
19.08.2021 00:16:06.473,0.9182100000000001,0.9181200000000002,1,1.25
19.08.2021 00:16:06.575,0.9182100000000001,0.9181200000000002,1,1.75
19.08.2021 00:16:06.933,0.9182100000000001,0.9181200000000002,1,1.25
19.08.2021 00:16:07.086,0.9182200000000001,0.9181100000000001,1,1.75
19.08.2021 00:16:07.239,0.9182100000000001,0.9181200000000002,1,1.25
19.08.2021 00:16:07.341,0.9182100000000001,0.9181200000000002,1,1.75
19.08.2021 00:16:08.776,0.9182200000000001,0.9181100000000001,1,1.25
19.08.2021 00:16:08.884,0.9182100000000001,0.9181200000000002,1,1.75
19.08.2021 00:16:09.260,0.9182100000000001,0.9181200000000002,1,1.25
19.08.2021 00:16:09.371,0.9182100000000001,0.9181200000000002,1,1.75
19.08.2021 00:16:09.472,0.9182200000000001,0.91814,1,1.25
19.08.2021 00:16:14.578,0.91823,0.91814,1.5,1.25
19.08.2021 00:16:17.409,0.91823,0.91815,1,1.25
19.08.2021 00:16:18.264,0.9182200000000001,0.91815,1,1.25
19.08.2021 00:16:24.911,0.9182200000000001,0.91813,1,2.95
19.08.2021 00:16:25.063,0.9182200000000001,0.91814,1,1.25
19.08.2021 00:16:26.786,0.91823,0.91814,1,1.25
19.08.2021 00:16:32.572,0.91823,0.91813,1.1,2.62
19.08.2021 00:16:32.683,0.91823,0.91814,1.1,1.25
19.08.2021 00:16:32.784,0.91823,0.91813,1.1,2.44
19.08.2021 00:16:32.885,0.91823,0.91814,1.1,1.25
19.08.2021 00:16:39.489,0.9182400000000001,0.91815,1,1.25
19.08.2021 00:16:39.591,0.9182700000000001,0.9181900000000001,1,1.25
19.08.2021 00:16:39.692,0.91828,0.9181900000000001,1,1.75
19.08.2021 00:16:40.071,0.91829,0.9182,2.25,1.25
19.08.2021 00:17:13.874,0.91828,0.9181900000000001,1,3.07
19.08.2021 00:17:34.732,0.9182700000000001,0.9181900000000001,1,1.25
19.08.2021 00:17:52.836,0.9182700000000001,0.9182,1,1.25
19.08.2021 00:17:52.974,0.9182700000000001,0.9181900000000001,1,1.25
19.08.2021 00:17:54.038,0.9182700000000001,0.9182,1,1.25
19.08.2021 00:17:54.139,0.9182700000000001,0.9181900000000001,1,1.25
19.08.2021 00:17:56.734,0.91828,0.9181900000000001,1,1.25
19.08.2021 00:17:56.836,0.9182700000000001,0.9181900000000001,1,1.25
19.08.2021 00:18:21.179,0.91825,0.9181900000000001,1,1.25
19.08.2021 00:18:21.281,0.91825,0.91814,1,4.45
19.08.2021 00:18:21.382,0.9182400000000001,0.9181600000000001,1,1.25
19.08.2021 00:18:22.763,0.91825,0.91814,1,3.32
19.08.2021 00:18:22.864,0.9182400000000001,0.9181600000000001,1,1.25
19.08.2021 00:18:23.357,0.9182400000000001,0.91815,1,2.95
19.08.2021 00:18:34.946,0.91823,0.91815,1,2.12
19.08.2021 00:18:51.764,0.91823,0.91814,1,3.07
19.08.2021 00:19:02.603,0.9182200000000001,0.91814,1,1.37
19.08.2021 00:19:06.350,0.9182200000000001,0.9181600000000001,1,1.25
19.08.2021 00:19:06.683,0.91825,0.91818,1,1.45
19.08.2021 00:19:06.734,0.91828,0.9181900000000001,1,1.25
19.08.2021 00:19:06.836,0.91829,0.9182100000000001,1,1.25
19.08.2021 00:19:09.436,0.9182600000000001,0.9181900000000001,1,1.25
19.08.2021 00:19:09.488,0.9182600000000001,0.9181600000000001,1,1.12
19.08.2021 00:19:09.641,0.9182400000000001,0.9181700000000002,1,1
19.08.2021 00:19:14.090,0.9182400000000001,0.9181600000000001,1,1.25
19.08.2021 00:19:26.469,0.9182400000000001,0.9181600000000001,1,1.79
19.08.2021 00:19:26.570,0.91825,0.9181900000000001,1,1.25
19.08.2021 00:19:26.621,0.9182700000000001,0.9181900000000001,1,1.25
19.08.2021 00:19:26.722,0.91828,0.9181900000000001,1.1,2.44
19.08.2021 00:19:37.656,0.9183,0.9182200000000001,1,1.6
19.08.2021 00:19:37.708,0.9183200000000001,0.91823,1.12,2.32
19.08.2021 00:19:37.809,0.9183200000000001,0.9182400000000001,1,1.25
19.08.2021 00:19:38.233,0.91833,0.91825,1,1.31
19.08.2021 00:19:38.334,0.91834,0.9182600000000001,1,2.06
19.08.2021 00:19:39.475,0.91835,0.9182700000000001,1,1.25
19.08.2021 00:19:44.858,0.9183600000000001,0.91825,1,3.19
19.08.2021 00:19:47.098,0.91835,0.9182700000000001,1,1.25
19.08.2021 00:19:48.349,0.9183600000000001,0.9182700000000001,1,1.75
19.08.2021 00:19:52.676,0.91838,0.91829,1,2.06
19.08.2021 00:19:56.716,0.9183700000000001,0.91829,1.1,1.31
19.08.2021 00:19:56.818,0.9183700000000001,0.91828,1.1,2.06
19.08.2021 00:19:57.744,0.91838,0.91829,1.97,1
19.08.2021 00:20:00.335,0.9183700000000001,0.91828,1.1,1.69
19.08.2021 00:20:03.620,0.91839,0.91829,1.57,2.89
19.08.2021 00:20:03.823,0.9183600000000001,0.9182600000000001,1,2.14
19.08.2021 00:20:05.805,0.9183600000000001,0.9182700000000001,3.07,1.69
19.08.2021 00:20:06.600,0.91838,0.91829,1.1,1
19.08.2021 00:20:11.726,0.91839,0.9183,1.5,1.76
19.08.2021 00:20:11.827,0.9184100000000001,0.9183,1.1,1.69
19.08.2021 00:20:11.929,0.9184,0.9183200000000001,1.1,1
19.08.2021 00:20:12.205,0.9184,0.9183100000000001,1.1,1.69
19.08.2021 00:20:32.445,0.91835,0.91828,3.07,1
19.08.2021 00:20:32.547,0.91834,0.91828,1.57,1
19.08.2021 00:20:33.327,0.91834,0.91825,1.57,1.69
19.08.2021 00:20:35.180,0.91833,0.91825,1.35,1
19.08.2021 00:20:35.679,0.91834,0.91825,2.6,1
19.08.2021 00:20:37.301,0.91833,0.9182400000000001,1.01,1.5
19.08.2021 00:20:41.818,0.9183200000000001,0.9182400000000001,1,1
19.08.2021 00:20:43.046,0.9183200000000001,0.91823,2.76,1
19.08.2021 00:20:43.248,0.9183100000000001,0.9182200000000001,1.01,1.87
19.08.2021 00:21:10.542,0.9183100000000001,0.91823,1,1
19.08.2021 00:21:12.703,0.9183200000000001,0.91823,1,1
19.08.2021 00:21:16.715,0.9183100000000001,0.91823,1,1
19.08.2021 00:21:26.251,0.9183200000000001,0.9182100000000001,1,2.62
19.08.2021 00:22:01.302,0.9183100000000001,0.91823,1,1
19.08.2021 00:22:03.140,0.9183200000000001,0.91823,1.25,1.5
19.08.2021 00:22:12.815,0.9183600000000001,0.91828,1,1.1
19.08.2021 00:22:12.917,0.91839,0.9183100000000001,1.01,1
19.08.2021 00:22:13.069,0.9184100000000001,0.9183,1.25,1.5
19.08.2021 00:22:13.574,0.91839,0.9183100000000001,1,1
19.08.2021 00:22:13.675,0.91838,0.91829,1.25,1.5
19.08.2021 00:22:13.928,0.9183700000000001,0.91828,1.25,1.5
19.08.2021 00:22:14.280,0.9183700000000001,0.9183100000000001,1.25,1
19.08.2021 00:22:14.815,0.9183700000000001,0.91828,1.25,1.5
19.08.2021 00:22:17.688,0.9183700000000001,0.91828,1.5,1
19.08.2021 00:22:17.790,0.9183700000000001,0.91828,1.94,1
19.08.2021 00:22:17.891,0.9183700000000001,0.91828,1.25,1
19.08.2021 00:22:17.992,0.9183700000000001,0.91829,1.25,1
19.08.2021 00:22:20.427,0.9183700000000001,0.9182700000000001,1.75,1.5
19.08.2021 00:22:22.032,0.91834,0.91825,1.01,1
19.08.2021 00:22:22.133,0.91833,0.91825,1.1,1
19.08.2021 00:22:39.043,0.91834,0.91825,1.39,1
19.08.2021 00:22:43.235,0.9183700000000001,0.91828,1.5,1.5
19.08.2021 00:22:43.337,0.91839,0.9183,2.76,1.5
19.08.2021 00:22:43.488,0.91839,0.9183100000000001,2.01,1
19.08.2021 00:22:47.314,0.91839,0.9183,1.94,1
19.08.2021 00:22:48.263,0.9184,0.9183,1.75,1.87
19.08.2021 00:22:48.415,0.9184,0.9183,1.69,1.87
19.08.2021 00:22:48.769,0.9184,0.9183100000000001,1.69,1
19.08.2021 00:22:51.004,0.9184,0.9183200000000001,1,1
19.08.2021 00:22:51.106,0.9184100000000001,0.9183100000000001,1.69,1.5
19.08.2021 00:22:53.347,0.9184200000000001,0.9183100000000001,1.25,1.5
19.08.2021 00:22:54.220,0.91846,0.9183700000000001,2.32,1.5
19.08.2021 00:22:54.321,0.9184700000000001,0.91838,2.76,1
19.08.2021 00:22:56.809,0.91846,0.9183700000000001,1.25,1.5
19.08.2021 00:22:56.910,0.91846,0.9183700000000001,2.69,1
19.08.2021 00:22:57.011,0.91845,0.9183600000000001,1.25,1.5
19.08.2021 00:22:58.024,0.91845,0.9183600000000001,1.94,1.5
19.08.2021 00:23:02.034,0.91843,0.91834,1.25,1
19.08.2021 00:23:05.084,0.91843,0.91833,1.25,1.5
19.08.2021 00:23:05.703,0.91843,0.91833,1.94,1.5
19.08.2021 00:23:06.752,0.91843,0.91833,1.12,1.5
19.08.2021 00:23:06.854,0.91843,0.91833,1.94,1.5
19.08.2021 00:23:06.905,0.91844,0.91835,1.75,1
19.08.2021 00:23:08.630,0.91844,0.91835,1.69,1
19.08.2021 00:23:21.118,0.91846,0.9183700000000001,1,1
19.08.2021 00:23:21.271,0.9184700000000001,0.91838,1,1
19.08.2021 00:23:21.372,0.91848,0.9184,1,1
19.08.2021 00:23:37.566,0.9185200000000001,0.91843,1.5,1
19.08.2021 00:23:37.617,0.91853,0.91844,1.01,1.5
19.08.2021 00:23:37.719,0.91854,0.91845,1.01,1
19.08.2021 00:23:40.426,0.9185500000000001,0.9184700000000001,1.26,1
19.08.2021 00:23:40.578,0.9185700000000001,0.9184700000000001,1.75,1
19.08.2021 00:23:40.679,0.91856,0.91848,1,1
19.08.2021 00:23:40.781,0.91858,0.91848,3.14,1
19.08.2021 00:23:41.033,0.91856,0.91848,1.56,1
19.08.2021 00:23:41.135,0.9185500000000001,0.9184700000000001,1.25,1
19.08.2021 00:23:42.500,0.9185500000000001,0.91846,1.75,1
19.08.2021 00:23:42.702,0.9185500000000001,0.91845,2.87,1.5
19.08.2021 00:23:44.222,0.9185500000000001,0.91843,1.69,1.87
19.08.2021 00:23:46.037,0.9185000000000001,0.9184200000000001,1,1.5
19.08.2021 00:23:46.088,0.9185000000000001,0.9184200000000001,1,1
19.08.2021 00:23:57.664,0.9185000000000001,0.9184,1,2.06
19.08.2021 00:24:13.417,0.91851,0.9184100000000001,1.01,1
19.08.2021 00:24:14.622,0.9185000000000001,0.9184100000000001,1,1
19.08.2021 00:24:15.079,0.91853,0.91844,2.25,1
19.08.2021 00:24:15.181,0.91854,0.91844,1.69,1
19.08.2021 00:24:15.282,0.91853,0.91844,1,1
19.08.2021 00:24:15.741,0.9185200000000001,0.91843,1,1.12
19.08.2021 00:24:28.769,0.9185200000000001,0.91844,1,1
19.08.2021 00:24:33.900,0.9185200000000001,0.91843,1,1.5
19.08.2021 00:24:38.163,0.9185500000000001,0.91846,1,1.5
19.08.2021 00:24:38.316,0.91856,0.91846,1,1.57
19.08.2021 00:24:41.106,0.91856,0.9184700000000001,1,1
19.08.2021 00:24:43.078,0.91856,0.91846,1.25,1.5
19.08.2021 00:24:43.180,0.9185500000000001,0.91845,1,1.87
19.08.2021 00:24:43.281,0.9185500000000001,0.91844,1,1
19.08.2021 00:24:45.187,0.91856,0.91846,1.5,1
19.08.2021 00:24:54.501,0.91856,0.9184700000000001,1,1
19.08.2021 00:24:58.792,0.9185700000000001,0.9184700000000001,1.76,1
19.08.2021 00:25:01.974,0.91859,0.91849,1.69,1
19.08.2021 00:25:02.481,0.91861,0.9185200000000001,2.5,1
19.08.2021 00:25:02.583,0.91861,0.9185200000000001,1,1
19.08.2021 00:25:03.611,0.9186200000000001,0.9185200000000001,1.25,1
19.08.2021 00:25:04.878,0.9186200000000001,0.91853,1,1
19.08.2021 00:25:05.030,0.9186200000000001,0.9185200000000001,1,1.5
19.08.2021 00:25:06.314,0.9186500000000001,0.91856,1,1.5
19.08.2021 00:25:07.206,0.91869,0.9186000000000001,1.12,1.25
19.08.2021 00:25:07.308,0.91869,0.9186000000000001,1,1.94
19.08.2021 00:25:07.409,0.9187000000000001,0.91861,1,1.5
19.08.2021 00:25:07.510,0.91869,0.9186000000000001,1,1.5
19.08.2021 00:25:08.367,0.9187000000000001,0.91861,1.57,1.5
19.08.2021 00:25:08.468,0.91869,0.91861,1,1
19.08.2021 00:25:08.845,0.91869,0.91859,1,2.45
19.08.2021 00:25:08.974,0.9186799999999999,0.91859,1,2.45
19.08.2021 00:25:09.323,0.9187000000000001,0.9186000000000001,1,2
19.08.2021 00:25:09.854,0.9186799999999999,0.91859,1,1.5
19.08.2021 00:25:09.955,0.9186799999999999,0.91859,1,1.12
19.08.2021 00:25:12.244,0.9186799999999999,0.9186000000000001,1,1
19.08.2021 00:25:14.598,0.91869,0.9186000000000001,1,1
19.08.2021 00:25:15.437,0.9187000000000001,0.91861,1.1,1
19.08.2021 00:25:15.925,0.91871,0.91861,1.5,1
19.08.2021 00:25:20.605,0.91871,0.9186200000000001,1,1
19.08.2021 00:25:20.707,0.9187299999999999,0.91864,1,1
19.08.2021 00:25:24.789,0.9187299999999999,0.9186500000000001,1,1
19.08.2021 00:25:24.941,0.91874,0.9186500000000001,1,1
19.08.2021 00:25:25.214,0.91874,0.91866,1,1
19.08.2021 00:25:26.414,0.9187600000000001,0.9186500000000001,1.1,1
19.08.2021 00:25:26.768,0.91879,0.91869,1.79,1
19.08.2021 00:25:26.869,0.91879,0.9187000000000001,1.01,1
19.08.2021 00:25:26.970,0.91879,0.91869,2.22,1
19.08.2021 00:25:27.537,0.9188100000000001,0.9187200000000001,1.1,1
19.08.2021 00:25:27.740,0.9188000000000001,0.91871,1.1,1
19.08.2021 00:25:27.893,0.9188100000000001,0.91869,1.1,1.5
19.08.2021 00:25:28.095,0.91879,0.91871,1,1
19.08.2021 00:25:28.347,0.91879,0.9187000000000001,1,1
19.08.2021 00:25:28.552,0.9188000000000001,0.9187000000000001,1,1
19.08.2021 00:25:32.609,0.9187799999999999,0.91871,4.41,1
19.08.2021 00:25:32.710,0.9187700000000001,0.9186799999999999,1.1,1
19.08.2021 00:25:32.761,0.91879,0.9187000000000001,1.1,1
19.08.2021 00:25:32.863,0.9188000000000001,0.9187000000000001,1.57,1
19.08.2021 00:25:34.082,0.9188000000000001,0.91871,1.1,1
19.08.2021 00:25:35.509,0.9188200000000001,0.9187200000000001,1.76,1
19.08.2021 00:25:35.914,0.9188200000000001,0.9187200000000001,2.57,1
19.08.2021 00:25:36.067,0.9188200000000001,0.9187299999999999,1.76,1
19.08.2021 00:25:38.626,0.9188299999999999,0.9187299999999999,1.1,1.69
19.08.2021 00:25:38.700,0.9188600000000001,0.91874,1,1.5
19.08.2021 00:25:38.801,0.9189,0.9188100000000001,1.6,1.5
19.08.2021 00:25:38.903,0.9189100000000001,0.91884,1,2.75
19.08.2021 00:25:38.954,0.91895,0.9188700000000001,1.82,1
19.08.2021 00:25:39.005,0.91895,0.9188500000000001,1.25,1.87
19.08.2021 00:25:39.359,0.9189600000000001,0.9188600000000001,1,1.87
19.08.2021 00:25:40.975,0.9189700000000001,0.9188700000000001,1.57,1
19.08.2021 00:25:41.515,0.9189200000000001,0.9188299999999999,1,2.25
19.08.2021 00:25:41.901,0.9189100000000001,0.9188200000000001,1.1,1
19.08.2021 00:25:43.545,0.91895,0.9188700000000001,1.5,1
19.08.2021 00:25:43.646,0.9189600000000001,0.9188700000000001,1.76,1
19.08.2021 00:25:43.748,0.9189600000000001,0.9188700000000001,2.57,1
19.08.2021 00:25:44.001,0.9189700000000001,0.9188700000000001,2.5,1
19.08.2021 00:25:44.257,0.91898,0.91889,1.25,1
19.08.2021 00:25:44.358,0.91899,0.9188799999999999,2.5,1
19.08.2021 00:25:44.560,0.91899,0.91889,1.76,1
19.08.2021 00:25:45.679,0.91899,0.9189200000000001,1.1,1
19.08.2021 00:25:47.416,0.919,0.91889,1,1
19.08.2021 00:25:50.188,0.919,0.9189,1,1
19.08.2021 00:25:51.683,0.9189700000000001,0.9188799999999999,1.1,1.5
19.08.2021 00:25:51.784,0.9189700000000001,0.9188700000000001,1.1,1
19.08.2021 00:25:51.886,0.9189600000000001,0.9188600000000001,1.25,1.57
19.08.2021 00:25:53.042,0.91895,0.9188600000000001,1,1.5
19.08.2021 00:25:58.365,0.91899,0.91889,1.5,1
19.08.2021 00:25:59.622,0.91899,0.9189,1,1
19.08.2021 00:26:00.920,0.9189600000000001,0.9188700000000001,1,1.62
19.08.2021 00:26:01.022,0.9189600000000001,0.9188700000000001,1,1
19.08.2021 00:26:02.174,0.919,0.9188799999999999,1,1
19.08.2021 00:26:03.095,0.91899,0.9189,1,1
19.08.2021 00:26:05.641,0.91899,0.9189200000000001,1,1
19.08.2021 00:26:05.894,0.91899,0.9189100000000001,1,1
19.08.2021 00:26:06.932,0.91899,0.91893,1,1
19.08.2021 00:26:06.983,0.9190600000000001,0.91895,2.32,1
19.08.2021 00:26:07.034,0.91903,0.91894,1.1,1.12
19.08.2021 00:26:07.135,0.91905,0.91895,1.01,1.5
19.08.2021 00:26:08.071,0.91905,0.91895,1.82,1.87
19.08.2021 00:26:08.122,0.9190100000000001,0.91893,1.1,1.5
19.08.2021 00:26:08.173,0.919,0.9189200000000001,1,1
19.08.2021 00:26:08.274,0.91904,0.91894,2.51,1
19.08.2021 00:26:08.376,0.91905,0.91895,1.01,1
19.08.2021 00:26:08.477,0.9190600000000001,0.9189600000000001,1.75,1.12
19.08.2021 00:26:08.631,0.9190600000000001,0.9189700000000001,1.75,1
19.08.2021 00:26:09.264,0.9190600000000001,0.9189700000000001,1.25,1
19.08.2021 00:26:09.417,0.9190700000000002,0.9189700000000001,1.01,1.87
19.08.2021 00:26:09.518,0.9190600000000001,0.9189700000000001,1,1.87
19.08.2021 00:26:10.022,0.9190700000000002,0.9189700000000001,1.01,1.87
19.08.2021 00:26:10.375,0.9190700000000002,0.91898,1.01,1
19.08.2021 00:26:11.241,0.9190700000000002,0.9189700000000001,2.57,1.12
19.08.2021 00:26:14.843,0.9190600000000001,0.9189600000000001,1.01,1
19.08.2021 00:26:18.817,0.9190700000000002,0.9189700000000001,2.95,1
19.08.2021 00:26:21.685,0.9190600000000001,0.9189600000000001,1.25,1
19.08.2021 00:26:33.083,0.9190600000000001,0.91894,1,1.95
19.08.2021 00:26:41.480,0.9190700000000002,0.9189700000000001,1,1.5
19.08.2021 00:26:42.051,0.91908,0.91898,1.12,1.5
19.08.2021 00:26:43.269,0.91908,0.91899,1,1
19.08.2021 00:26:43.371,0.9191200000000002,0.91904,1.12,1
19.08.2021 00:26:43.473,0.91914,0.91904,2.76,1
19.08.2021 00:26:43.576,0.91915,0.91905,1.69,1
19.08.2021 00:26:43.829,0.91915,0.9190600000000001,1.25,1
19.08.2021 00:26:44.822,0.9191600000000001,0.9190600000000001,2.44,1
19.08.2021 00:26:44.924,0.9191600000000001,0.9190700000000002,1.69,1
19.08.2021 00:26:46.072,0.91915,0.91905,1.25,1.5
19.08.2021 00:26:46.174,0.9191600000000001,0.9190600000000001,1.69,1.12
19.08.2021 00:26:48.443,0.91915,0.91904,2.57,3.37
19.08.2021 00:26:48.545,0.91915,0.91904,1.95,3
19.08.2021 00:26:48.647,0.91914,0.91904,1,1.5
19.08.2021 00:26:50.481,0.91913,0.91904,1,1
19.08.2021 00:26:54.329,0.9191100000000001,0.9190200000000002,1,1.1
19.08.2021 00:26:54.380,0.91913,0.91903,1.25,1.5
19.08.2021 00:26:54.532,0.91914,0.91904,2.01,1
19.08.2021 00:26:54.885,0.91914,0.91904,1.25,1
19.08.2021 00:26:58.301,0.9191600000000001,0.91904,2.69,1
19.08.2021 00:26:59.314,0.91915,0.91903,1.25,1
19.08.2021 00:26:59.466,0.9191200000000002,0.91903,1,1
19.08.2021 00:26:59.568,0.91913,0.91903,1.69,1.12
19.08.2021 00:26:59.669,0.91913,0.91904,1.25,1.12
19.08.2021 00:27:00.196,0.91914,0.91904,2.44,1.12
19.08.2021 00:27:00.297,0.91909,0.9190100000000001,1,1
19.08.2021 00:27:03.834,0.91909,0.9189700000000001,1,2.32
19.08.2021 00:27:04.390,0.9190700000000002,0.9189700000000001,1.76,1
19.08.2021 00:27:04.441,0.9190600000000001,0.9189600000000001,1.69,1.2
19.08.2021 00:27:04.542,0.9190600000000001,0.9189600000000001,2.57,1
19.08.2021 00:27:04.650,0.9190600000000001,0.9189600000000001,1.76,1
19.08.2021 00:27:07.348,0.91905,0.91895,1,1.76
19.08.2021 00:27:13.556,0.9190600000000001,0.9189600000000001,1.76,1
19.08.2021 00:27:14.987,0.9190200000000002,0.91893,1.57,2
19.08.2021 00:27:15.039,0.9190200000000002,0.9189200000000001,4.01,1
19.08.2021 00:27:15.197,0.9190100000000001,0.9189100000000001,1.01,1
19.08.2021 00:27:17.215,0.9190100000000001,0.9189,1.39,2.14
19.08.2021 00:27:18.151,0.9190100000000001,0.9189,1.2,2.95
19.08.2021 00:27:18.258,0.9190100000000001,0.9189,1.39,2.14
19.08.2021 00:27:19.547,0.9190200000000002,0.91889,1.2,2.95
19.08.2021 00:27:19.762,0.9190100000000001,0.9189,1.39,2.14
19.08.2021 00:27:27.907,0.919,0.9189,1,2.14
19.08.2021 00:27:35.631,0.91899,0.9189,1,1.39
19.08.2021 00:27:38.927,0.9190200000000002,0.91894,1.69,1.1
19.08.2021 00:27:38.978,0.91905,0.91895,1.5,2.16
19.08.2021 00:27:39.029,0.9190600000000001,0.9189600000000001,1,1.39
19.08.2021 00:27:39.130,0.9190600000000001,0.9189700000000001,1,1.1
19.08.2021 00:27:41.720,0.91905,0.91895,1.69,1.2
19.08.2021 00:27:41.923,0.9190100000000001,0.91893,1,1.5
19.08.2021 00:27:41.974,0.919,0.9189100000000001,1,2.89
19.08.2021 00:27:46.268,0.91899,0.9189,1,3.01
19.08.2021 00:27:52.834,0.91898,0.9189,1,1.5
19.08.2021 00:27:58.236,0.91899,0.9189,1,1.5
19.08.2021 00:28:02.249,0.91899,0.9189,1,1.12
19.08.2021 00:28:09.396,0.91898,0.9189,1,1.12
19.08.2021 00:28:18.257,0.91894,0.9188600000000001,1,1
19.08.2021 00:28:18.509,0.91894,0.91884,1.76,1.12
19.08.2021 00:28:22.301,0.91893,0.91884,1,1.12
19.08.2021 00:28:24.088,0.9189600000000001,0.9188600000000001,1,1.82
19.08.2021 00:28:24.189,0.91898,0.9188799999999999,1.76,1.12
19.08.2021 00:28:24.599,0.91899,0.91889,1.76,1
19.08.2021 00:28:30.312,0.91899,0.9188799999999999,1,1
19.08.2021 00:28:33.896,0.91899,0.91889,1,1.5
19.08.2021 00:28:34.149,0.91899,0.91889,1,1.6
19.08.2021 00:28:37.312,0.919,0.9189,1.1,1.12
19.08.2021 00:28:47.403,0.91899,0.91889,1,2.07
19.08.2021 00:28:57.333,0.91899,0.91889,2.89,1.12
19.08.2021 00:29:02.443,0.91895,0.91889,1,1.12
19.08.2021 00:29:02.494,0.9189700000000001,0.9188799999999999,1,1
19.08.2021 00:29:02.595,0.9189700000000001,0.9188700000000001,1,1.95
19.08.2021 00:29:02.646,0.91899,0.9188799999999999,1.25,1
19.08.2021 00:29:02.747,0.91898,0.91889,1.25,1
19.08.2021 00:29:02.798,0.919,0.9188799999999999,1.76,1
19.08.2021 00:29:07.308,0.91898,0.91889,1,1
19.08.2021 00:29:19.100,0.91899,0.9188700000000001,1,1.2
19.08.2021 00:29:41.515,0.91899,0.91889,1.1,1.5
19.08.2021 00:29:41.616,0.91899,0.9189,1,1
19.08.2021 00:29:48.747,0.91899,0.91889,1,1
19.08.2021 00:29:48.950,0.9189700000000001,0.9188700000000001,1.5,1.6
19.08.2021 00:29:49.051,0.9189700000000001,0.9188700000000001,1.5,1.2
19.08.2021 00:29:52.301,0.9189700000000001,0.9188799999999999,1,1
19.08.2021 00:29:56.493,0.91898,0.9188799999999999,1.01,1
19.08.2021 00:30:00.399,0.91899,0.91889,1.01,1
19.08.2021 00:30:05.075,0.91899,0.91889,1,2.87
19.08.2021 00:30:05.623,0.919,0.9189,1,1.01
19.08.2021 00:30:16.811,0.91903,0.9189100000000001,2.51,1.5
19.08.2021 00:30:17.375,0.9190100000000001,0.9189100000000001,1.1,1
19.08.2021 00:30:19.872,0.919,0.9189,1,1
19.08.2021 00:30:24.981,0.91905,0.91895,2.35,1
19.08.2021 00:30:25.133,0.91904,0.91895,1.75,1
19.08.2021 00:30:28.499,0.91905,0.91895,1.25,1
19.08.2021 00:30:28.655,0.91905,0.9189600000000001,1.69,1
19.08.2021 00:30:38.577,0.91905,0.91895,1,1
19.08.2021 00:30:42.358,0.91904,0.91894,1.82,1.5
19.08.2021 00:30:42.459,0.91904,0.91894,1.01,1.5
19.08.2021 00:30:46.176,0.91904,0.91894,2.2,1.5
19.08.2021 00:30:51.224,0.91903,0.91893,1.25,1.57
19.08.2021 00:30:55.365,0.91903,0.91893,1.25,2.07
19.08.2021 00:30:55.579,0.91903,0.91893,1.25,1.57
19.08.2021 00:31:00.405,0.9190100000000001,0.9189100000000001,1.01,1.5
19.08.2021 00:31:00.506,0.9190100000000001,0.9189100000000001,1.01,1
19.08.2021 00:31:00.608,0.919,0.9189,1,2.51
19.08.2021 00:31:10.606,0.9189600000000001,0.9188700000000001,1.75,1.12
19.08.2021 00:31:10.656,0.91898,0.9188799999999999,2.44,1
19.08.2021 00:31:10.758,0.9189700000000001,0.9188700000000001,1.76,1.5
19.08.2021 00:31:17.681,0.91894,0.91884,2.32,1.87
19.08.2021 00:31:17.782,0.91893,0.91884,1.1,1
19.08.2021 00:31:19.976,0.9189200000000001,0.9188200000000001,1,1.95
19.08.2021 00:31:20.280,0.9189100000000001,0.9188100000000001,1.69,1.2
19.08.2021 00:31:40.577,0.9189100000000001,0.91879,1.25,1
19.08.2021 00:31:40.679,0.91889,0.9188000000000001,1,1
19.08.2021 00:31:41.269,0.9189100000000001,0.9188100000000001,1.69,1
19.08.2021 00:31:48.132,0.9189100000000001,0.9188100000000001,1,3.32
19.08.2021 00:31:50.513,0.9189200000000001,0.9188200000000001,1.1,1.25
19.08.2021 00:32:04.141,0.9189200000000001,0.9188200000000001,1,1
19.08.2021 00:32:04.624,0.9189100000000001,0.9188200000000001,1,1.31
19.08.2021 00:32:04.963,0.9189100000000001,0.9188100000000001,1.62,1.01
19.08.2021 00:32:10.650,0.9189100000000001,0.9188100000000001,2.45,2.19
19.08.2021 00:32:10.865,0.9189100000000001,0.9188100000000001,2.45,1.69
19.08.2021 00:32:13.036,0.9189100000000001,0.9188100000000001,2.14,1.5
19.08.2021 00:32:40.120,0.9189,0.9188100000000001,1,1
19.08.2021 00:32:50.385,0.9189100000000001,0.9188100000000001,2.51,1.5
19.08.2021 00:33:04.609,0.91889,0.9188100000000001,1.5,1
19.08.2021 00:33:13.158,0.9188600000000001,0.9187799999999999,1,1.1
19.08.2021 00:33:19.801,0.91889,0.9188100000000001,1.5,1
19.08.2021 00:33:21.936,0.91884,0.9187500000000001,1,2.51
19.08.2021 00:33:22.189,0.91884,0.9187500000000001,1.5,1
19.08.2021 00:33:25.313,0.9188000000000001,0.9187200000000001,1,1.01
19.08.2021 00:33:31.404,0.91884,0.9187500000000001,2.19,1
19.08.2021 00:33:34.302,0.91879,0.9187299999999999,1,1.76
19.08.2021 00:33:36.665,0.91879,0.91874,1,1
19.08.2021 00:33:37.150,0.9187799999999999,0.9187200000000001,1,1.76
19.08.2021 00:33:40.075,0.9187799999999999,0.9187299999999999,1,1
19.08.2021 00:33:40.177,0.9187799999999999,0.91871,1,1
19.08.2021 00:33:41.500,0.9188100000000001,0.9187299999999999,1.12,1
19.08.2021 00:33:43.340,0.9187799999999999,0.91871,1,1
19.08.2021 00:33:52.807,0.9188100000000001,0.9187299999999999,1.12,1
19.08.2021 00:33:58.089,0.9187700000000001,0.9187200000000001,1,1.25
19.08.2021 00:33:58.418,0.9188100000000001,0.9187299999999999,1.12,1
19.08.2021 00:34:03.234,0.9187700000000001,0.9187200000000001,1,1.25
19.08.2021 00:34:03.884,0.9188100000000001,0.9187299999999999,1,1
19.08.2021 00:34:04.349,0.9187700000000001,0.9187200000000001,1,1.25
19.08.2021 00:34:10.306,0.9188100000000001,0.9187299999999999,1,1
19.08.2021 00:34:13.328,0.9187700000000001,0.9187200000000001,1,1.25
19.08.2021 00:34:14.598,0.9188200000000001,0.9187200000000001,1,1
19.08.2021 00:34:15.308,0.9187700000000001,0.9187200000000001,1,1.25
19.08.2021 00:34:16.547,0.9188100000000001,0.9187299999999999,1,1
19.08.2021 00:34:19.303,0.9187700000000001,0.9187200000000001,1,1.25
19.08.2021 00:34:22.521,0.9188100000000001,0.9187299999999999,1,1
19.08.2021 00:34:25.303,0.9187700000000001,0.9187200000000001,1,1.25
19.08.2021 00:34:31.433,0.9188100000000001,0.9187299999999999,1,1
19.08.2021 00:34:34.303,0.9187799999999999,0.9187000000000001,1,2.5
19.08.2021 00:34:40.345,0.9188100000000001,0.9187299999999999,1,1
19.08.2021 00:34:43.303,0.9187700000000001,0.91871,1,1.75
19.08.2021 00:34:45.181,0.9187799999999999,0.9187299999999999,1,1.25
19.08.2021 00:34:50.127,0.9187700000000001,0.91871,1,1.69
19.08.2021 00:34:52.991,0.9187700000000001,0.9187200000000001,1,1
19.08.2021 00:34:55.025,0.9188200000000001,0.9187200000000001,1.2,1
19.08.2021 00:34:55.128,0.9188200000000001,0.9187200000000001,1.6,1
19.08.2021 00:34:56.159,0.9187600000000001,0.91871,1,1.69
19.08.2021 00:34:56.210,0.9188100000000001,0.9187299999999999,1.12,1
19.08.2021 00:35:00.752,0.9187700000000001,0.91871,1,2.51
19.08.2021 00:35:03.831,0.9188100000000001,0.9187299999999999,1,1
19.08.2021 00:35:04.302,0.9187700000000001,0.91871,1,2.51
19.08.2021 00:35:09.811,0.9188100000000001,0.9187299999999999,1.12,1
19.08.2021 00:35:10.302,0.9187700000000001,0.91871,1,2.51
19.08.2021 00:35:16.661,0.9188100000000001,0.9187299999999999,1.5,1
19.08.2021 00:35:18.461,0.9187700000000001,0.91871,1,1.76
19.08.2021 00:35:21.940,0.9188100000000001,0.9187299999999999,1.12,1
19.08.2021 00:35:22.320,0.9187700000000001,0.91871,1,1.76
19.08.2021 00:35:25.538,0.9188100000000001,0.9187299999999999,1.12,1
19.08.2021 00:35:28.303,0.9187700000000001,0.91871,1,2.51
19.08.2021 00:35:37.453,0.9187700000000001,0.9187299999999999,1,1
19.08.2021 00:35:37.504,0.9188100000000001,0.9187299999999999,1.12,1
19.08.2021 00:35:40.323,0.9187700000000001,0.91871,1,2.44
19.08.2021 00:35:55.784,0.9188100000000001,0.9187299999999999,1.12,1
19.08.2021 00:35:56.051,0.9188000000000001,0.9187200000000001,1.12,1
19.08.2021 00:35:56.161,0.9187600000000001,0.91871,1,1
19.08.2021 00:35:56.212,0.91879,0.91871,1.87,1
19.08.2021 00:35:56.467,0.9187500000000001,0.91869,1,1.57
19.08.2021 00:35:56.569,0.9187299999999999,0.9186700000000001,1,1.57
19.08.2021 00:35:56.772,0.9187299999999999,0.91866,1,1
19.08.2021 00:35:56.823,0.9187500000000001,0.9186700000000001,1.12,1
19.08.2021 00:35:59.572,0.91871,0.9186500000000001,1,1.76
19.08.2021 00:35:59.868,0.91871,0.9186700000000001,1,1
19.08.2021 00:35:59.919,0.9187500000000001,0.9186700000000001,1.2,1
19.08.2021 00:36:01.305,0.91871,0.9186500000000001,1,1.1
19.08.2021 00:36:05.184,0.91871,0.9186700000000001,1,1
19.08.2021 00:36:05.514,0.9187500000000001,0.9186700000000001,1.2,1
19.08.2021 00:36:07.302,0.91871,0.9186500000000001,1,1.1
19.08.2021 00:36:10.466,0.91871,0.9186700000000001,1,1
19.08.2021 00:36:10.796,0.9187600000000001,0.91866,2.89,1
19.08.2021 00:36:11.837,0.91871,0.9186500000000001,1,1.1
19.08.2021 00:36:12.580,0.9187500000000001,0.9186700000000001,2.89,1
19.08.2021 00:36:12.777,0.91871,0.9186500000000001,1,1.1
19.08.2021 00:36:19.381,0.9187500000000001,0.9186700000000001,2.89,1
19.08.2021 00:36:21.171,0.91871,0.91866,1,1
19.08.2021 00:36:24.442,0.9187500000000001,0.9186700000000001,1.2,1
19.08.2021 00:36:25.303,0.91871,0.91866,1,1
19.08.2021 00:36:30.960,0.91871,0.9186500000000001,1,1.01
19.08.2021 00:36:31.359,0.91871,0.9186700000000001,1,1
19.08.2021 00:36:31.463,0.9187600000000001,0.91866,1.2,1
19.08.2021 00:36:31.594,0.91871,0.9186500000000001,1,1.01
19.08.2021 00:36:31.798,0.91871,0.9186700000000001,1,1
19.08.2021 00:36:31.849,0.9187500000000001,0.9186700000000001,1.2,1
19.08.2021 00:36:34.303,0.91871,0.9186500000000001,1,1.01
19.08.2021 00:36:37.465,0.9187500000000001,0.9186700000000001,1.2,1
19.08.2021 00:36:40.302,0.91871,0.9186500000000001,1,1.01
19.08.2021 00:36:49.417,0.9187500000000001,0.9186700000000001,1.2,1
19.08.2021 00:36:52.302,0.91871,0.9186500000000001,1,1.01
19.08.2021 00:36:55.806,0.91871,0.91866,1,1
19.08.2021 00:36:55.857,0.9187600000000001,0.91866,1.85,1
19.08.2021 00:36:56.589,0.9187000000000001,0.91864,1,1.75
19.08.2021 00:36:59.910,0.91871,0.9186500000000001,1,1.69
19.08.2021 00:37:01.939,0.9187500000000001,0.9186700000000001,1,1
19.08.2021 00:37:04.931,0.91871,0.9186500000000001,1,1.69
19.08.2021 00:37:05.465,0.9187700000000001,0.91869,2.26,1
19.08.2021 00:37:05.516,0.91879,0.91869,1.12,1
19.08.2021 00:37:10.302,0.91874,0.9186700000000001,1,9.1
19.08.2021 00:37:13.515,0.9187799999999999,0.9187000000000001,1,1
19.08.2021 00:37:13.566,0.91874,0.91866,1,9.1
19.08.2021 00:37:13.617,0.9187600000000001,0.9186799999999999,1,1
19.08.2021 00:37:19.302,0.9187200000000001,0.91866,1,1.1
19.08.2021 00:37:26.093,0.91871,0.91866,1,1
19.08.2021 00:37:46.456,0.91874,0.91866,1,1.1
19.08.2021 00:37:49.310,0.91871,0.91866,1,1
19.08.2021 00:37:52.494,0.91874,0.91866,1,1.1
19.08.2021 00:37:55.303,0.91871,0.91866,1,1
19.08.2021 00:38:01.747,0.91874,0.91866,1,1.1
19.08.2021 00:38:01.798,0.91871,0.91866,1,1
19.08.2021 00:38:15.223,0.91874,0.9186700000000001,1,3.72
19.08.2021 00:38:15.325,0.91874,0.91869,1,1.25
19.08.2021 00:38:15.426,0.9187500000000001,0.91869,1,1.25
19.08.2021 00:38:15.827,0.9187600000000001,0.91871,1,1
19.08.2021 00:38:16.029,0.9188100000000001,0.91871,1,3.35
19.08.2021 00:38:18.564,0.9187700000000001,0.91871,1,1.1
19.08.2021 00:38:26.061,0.9187700000000001,0.9187200000000001,1,1.25
19.08.2021 00:38:28.158,0.9187700000000001,0.91871,1,1.39
19.08.2021 00:38:31.033,0.9187799999999999,0.91871,1,1.41
19.08.2021 00:38:31.624,0.9187799999999999,0.91871,1,1.39
19.08.2021 00:38:32.276,0.9187799999999999,0.9187200000000001,1,1.25
19.08.2021 00:38:33.080,0.9187700000000001,0.9186700000000001,1,6.01
19.08.2021 00:38:33.131,0.91874,0.9186799999999999,1,1
19.08.2021 00:38:33.233,0.9187200000000001,0.91866,1,1.5
19.08.2021 00:38:33.338,0.91871,0.91866,1,1.5
19.08.2021 00:38:56.753,0.9187600000000001,0.91871,1.2,1
19.08.2021 00:38:57.270,0.9187700000000001,0.91871,1,1
19.08.2021 00:39:26.217,0.9187700000000001,0.9187200000000001,1,2.44
19.08.2021 00:39:27.777,0.91879,0.91871,1,2.44
19.08.2021 00:39:30.868,0.9188299999999999,0.9187200000000001,1,1.12
19.08.2021 00:39:31.071,0.9188000000000001,0.91874,1,1
19.08.2021 00:39:39.057,0.91879,0.91874,1,1
19.08.2021 00:39:39.463,0.91884,0.9187799999999999,1,1.25
19.08.2021 00:39:39.565,0.9188299999999999,0.9187799999999999,1,1
19.08.2021 00:39:39.616,0.9188500000000001,0.91879,1,1
19.08.2021 00:39:42.363,0.9188500000000001,0.91879,1,1.75
19.08.2021 00:39:51.815,0.9188600000000001,0.91879,1,1.75
19.08.2021 00:39:55.052,0.91884,0.91879,1,1
19.08.2021 00:39:55.104,0.9188299999999999,0.9187700000000001,1,1
19.08.2021 00:40:02.677,0.9188200000000001,0.9187700000000001,1,1
19.08.2021 00:40:08.070,0.9188100000000001,0.9187500000000001,1,1
19.08.2021 00:40:08.222,0.9188000000000001,0.9187500000000001,1,1
19.08.2021 00:40:13.669,0.9188500000000001,0.9187700000000001,1,1
19.08.2021 00:40:19.303,0.9188100000000001,0.9187299999999999,1,10.52
19.08.2021 00:40:19.767,0.9188000000000001,0.91874,1,1.01
19.08.2021 00:40:20.663,0.91879,0.9187299999999999,1,1.82
19.08.2021 00:40:21.079,0.91879,0.9187299999999999,1,1.01
19.08.2021 00:40:21.797,0.9188200000000001,0.91874,1,1
19.08.2021 00:40:23.259,0.9187799999999999,0.9187299999999999,1,1.25
19.08.2021 00:40:38.620,0.91879,0.91874,1,1
19.08.2021 00:40:39.101,0.91884,0.91874,1,2.87
19.08.2021 00:40:39.203,0.9188000000000001,0.91874,1,2.87
19.08.2021 00:40:42.279,0.9188500000000001,0.9187600000000001,1,1.12
19.08.2021 00:40:42.330,0.91884,0.91879,1,1
19.08.2021 00:40:42.381,0.91884,0.9187500000000001,1,3
19.08.2021 00:40:42.432,0.9188000000000001,0.9187500000000001,1,1
19.08.2021 00:40:42.484,0.9188500000000001,0.9187500000000001,2.14,1
19.08.2021 00:40:42.535,0.9188000000000001,0.9187500000000001,1,1
19.08.2021 00:40:42.637,0.9188100000000001,0.9187600000000001,1,1
19.08.2021 00:40:53.041,0.9188000000000001,0.9187500000000001,1,1
19.08.2021 00:40:53.142,0.9188000000000001,0.91874,1,2.51
19.08.2021 00:40:58.334,0.91879,0.91874,1,2.44
19.08.2021 00:40:58.486,0.91879,0.9187299999999999,1,2.44
19.08.2021 00:41:16.534,0.91879,0.91874,1,1
19.08.2021 00:41:18.137,0.91879,0.9187299999999999,1,2.44
19.08.2021 00:41:33.412,0.91879,0.91874,1,1.25
19.08.2021 00:41:34.663,0.91879,0.9187299999999999,1,1.69
19.08.2021 00:42:13.637,0.91879,0.91874,1,1.69
19.08.2021 00:42:31.773,0.9188000000000001,0.9187200000000001,1,1.5
19.08.2021 00:42:38.908,0.9187799999999999,0.9187299999999999,1,1.5
19.08.2021 00:42:46.073,0.91879,0.9187299999999999,1,1.5
19.08.2021 00:42:49.042,0.9187799999999999,0.9187299999999999,1,1.5
19.08.2021 00:42:51.393,0.91879,0.9187299999999999,1,2.44
19.08.2021 00:42:54.446,0.9188299999999999,0.9187500000000001,1.5,1
19.08.2021 00:42:55.336,0.91879,0.9187299999999999,1,2.44
19.08.2021 00:43:01.857,0.9188299999999999,0.9187500000000001,1.2,1
19.08.2021 00:43:04.303,0.91879,0.9187299999999999,1,2.51
19.08.2021 00:43:11.368,0.9188299999999999,0.9187500000000001,1.12,1
19.08.2021 00:43:14.400,0.91879,0.9187299999999999,1,2.51
19.08.2021 00:43:22.376,0.9188299999999999,0.9187500000000001,1.12,1
19.08.2021 00:43:25.346,0.91879,0.9187299999999999,1,2.51
19.08.2021 00:43:28.318,0.91879,0.9187500000000001,1,1
19.08.2021 00:43:28.369,0.91884,0.91874,1.12,1
19.08.2021 00:43:31.303,0.91879,0.9187299999999999,1,1.76
19.08.2021 00:43:36.409,0.9188299999999999,0.9187500000000001,1,1
19.08.2021 00:43:37.303,0.91879,0.9187299999999999,1,1.76
19.08.2021 00:43:38.134,0.91879,0.91874,1,1
19.08.2021 00:43:38.336,0.9188100000000001,0.91874,2.14,1
19.08.2021 00:43:38.438,0.9188100000000001,0.9187299999999999,3.01,1
19.08.2021 00:43:40.761,0.9188100000000001,0.9187299999999999,3.26,1
19.08.2021 00:43:41.470,0.9187700000000001,0.91871,1,1.5
19.08.2021 00:43:46.345,0.9187600000000001,0.9187000000000001,1,1.57
19.08.2021 00:43:46.627,0.9187700000000001,0.9187000000000001,1,1.57
19.08.2021 00:43:50.053,0.9188100000000001,0.9187299999999999,3.07,1
19.08.2021 00:43:50.665,0.9188100000000001,0.9187299999999999,2.25,1
19.08.2021 00:43:52.303,0.9187700000000001,0.9187000000000001,1,10.71
19.08.2021 00:43:59.296,0.9188100000000001,0.9187299999999999,1.87,1
19.08.2021 00:44:00.617,0.9187799999999999,0.91869,1,10.71
19.08.2021 00:44:06.139,0.9188100000000001,0.9187299999999999,1.5,1
19.08.2021 00:44:09.204,0.9187700000000001,0.9187000000000001,1,9.81
19.08.2021 00:44:21.469,0.9188100000000001,0.9187299999999999,1.87,1
19.08.2021 00:44:21.748,0.9187700000000001,0.9187000000000001,1,2.54
19.08.2021 00:44:28.124,0.9187500000000001,0.9187000000000001,1,1
19.08.2021 00:44:28.226,0.91874,0.9186799999999999,1,1.69
19.08.2021 00:44:36.606,0.9187799999999999,0.9187000000000001,2.81,1
19.08.2021 00:44:37.316,0.91874,0.9186799999999999,1,1
19.08.2021 00:44:47.185,0.9187799999999999,0.9187000000000001,1,1
19.08.2021 00:44:49.303,0.91874,0.9186799999999999,1,1.76
19.08.2021 00:45:00.736,0.9187600000000001,0.91871,1,1
19.08.2021 00:45:00.837,0.9187600000000001,0.91869,1,9.72
19.08.2021 00:45:07.302,0.9188000000000001,0.9187200000000001,1.5,1
19.08.2021 00:45:07.352,0.9187700000000001,0.9186799999999999,1,11.6
19.08.2021 00:45:10.931,0.9188000000000001,0.9187200000000001,1.5,1
19.08.2021 00:45:12.912,0.9187600000000001,0.91869,1,11.6
19.08.2021 00:45:15.182,0.9187600000000001,0.91871,1,1.25
19.08.2021 00:45:18.195,0.9187600000000001,0.9187200000000001,1,1
19.08.2021 00:45:18.525,0.9188000000000001,0.9187200000000001,1.5,1
19.08.2021 00:45:24.144,0.9187600000000001,0.91871,1,1.25
19.08.2021 00:45:24.245,0.91879,0.91869,3.37,1
19.08.2021 00:45:24.296,0.91874,0.91869,1,1
19.08.2021 00:45:24.447,0.9187299999999999,0.9186700000000001,1,3.19
19.08.2021 00:45:27.206,0.91874,0.91869,1,1
19.08.2021 00:45:51.932,0.9187200000000001,0.9186700000000001,1,1
19.08.2021 00:45:52.287,0.9187500000000001,0.9186700000000001,1,1.5
19.08.2021 00:45:53.381,0.9187700000000001,0.91869,1.62,1
19.08.2021 00:45:53.583,0.9187700000000001,0.91869,1.5,1
19.08.2021 00:45:53.872,0.91874,0.91866,1,1.5
19.08.2021 00:45:54.096,0.91871,0.91866,1,1
19.08.2021 00:45:54.552,0.91874,0.9186799999999999,1,2.57
19.08.2021 00:45:55.295,0.9187600000000001,0.91871,1,1
19.08.2021 00:45:55.346,0.9188000000000001,0.9187200000000001,1.5,1
19.08.2021 00:46:01.303,0.9187600000000001,0.9187000000000001,1,1.01
19.08.2021 00:46:05.610,0.9187600000000001,0.91871,1,1.25
19.08.2021 00:46:07.373,0.9187600000000001,0.9187200000000001,1,1
19.08.2021 00:46:07.702,0.9188000000000001,0.9187200000000001,1,1
19.08.2021 00:46:09.733,0.9187600000000001,0.91871,1,1.25
19.08.2021 00:46:16.283,0.9188000000000001,0.9187200000000001,1,1
19.08.2021 00:46:18.593,0.9187600000000001,0.91871,1,1
19.08.2021 00:46:18.858,0.9187600000000001,0.9187000000000001,1,1.76
19.08.2021 00:46:20.174,0.9187600000000001,0.91871,1,1
19.08.2021 00:46:25.135,0.9188000000000001,0.9187200000000001,1,1
19.08.2021 00:46:26.717,0.9188100000000001,0.9187200000000001,2.51,1
19.08.2021 00:46:26.819,0.9188000000000001,0.9187200000000001,1,1
19.08.2021 00:46:27.124,0.9188100000000001,0.9187200000000001,1.57,1
19.08.2021 00:46:28.321,0.9187799999999999,0.9187299999999999,1,1
19.08.2021 00:46:32.818,0.9188299999999999,0.9187600000000001,1,2.25
19.08.2021 00:46:32.920,0.9188299999999999,0.9187700000000001,1,1
19.08.2021 00:46:34.428,0.91884,0.91879,1,1
19.08.2021 00:46:34.529,0.9188299999999999,0.9187799999999999,1,1
19.08.2021 00:46:36.186,0.9188299999999999,0.9187700000000001,1,1
19.08.2021 00:46:38.776,0.9188200000000001,0.9187700000000001,1,1
19.08.2021 00:46:39.408,0.91884,0.91879,1,1
19.08.2021 00:46:39.560,0.9188500000000001,0.91879,1,1
19.08.2021 00:46:43.302,0.91884,0.91879,1,1
19.08.2021 00:46:47.081,0.9188299999999999,0.9187700000000001,1,1.69
19.08.2021 00:46:47.284,0.91884,0.91879,1,1
19.08.2021 00:46:55.303,0.9188299999999999,0.9187700000000001,1,1.69
19.08.2021 00:46:59.524,0.9188700000000001,0.91879,2.82,1
19.08.2021 00:47:01.303,0.9188299999999999,0.9187700000000001,1,1.25
19.08.2021 00:47:03.677,0.9188100000000001,0.9187500000000001,1,1.5
19.08.2021 00:47:03.778,0.9188000000000001,0.91874,1,1.5
19.08.2021 00:47:25.654,0.91879,0.91874,1,1
19.08.2021 00:47:51.659,0.9188299999999999,0.9187700000000001,1,1.5
19.08.2021 00:47:51.812,0.91884,0.91879,1,1
19.08.2021 00:47:54.807,0.9188600000000001,0.9187799999999999,1,1
19.08.2021 00:47:54.908,0.9188500000000001,0.9188000000000001,1,1.69
19.08.2021 00:47:55.617,0.91889,0.9188000000000001,1.1,3.19
19.08.2021 00:47:55.668,0.9188600000000001,0.9188000000000001,1,3.94
19.08.2021 00:47:55.769,0.9188600000000001,0.9188000000000001,1,4.75
19.08.2021 00:47:56.177,0.9188600000000001,0.9188000000000001,1,1.5
19.08.2021 00:47:57.679,0.9188600000000001,0.91879,1,2.81
19.08.2021 00:47:59.445,0.9188200000000001,0.9187600000000001,1,1.69
19.08.2021 00:48:00.623,0.9188200000000001,0.9187500000000001,1,1.69
19.08.2021 00:48:00.724,0.9188000000000001,0.9187299999999999,1,1.25
19.08.2021 00:48:00.876,0.91879,0.9187299999999999,1,1.25
19.08.2021 00:48:00.988,0.91879,0.9187200000000001,1,2.2
19.08.2021 00:48:03.592,0.91879,0.9187200000000001,1,1.25
19.08.2021 00:48:03.846,0.9187799999999999,0.9187200000000001,1,1.25
19.08.2021 00:48:06.917,0.9188200000000001,0.91874,1.5,1
19.08.2021 00:48:07.174,0.9188200000000001,0.91874,1.5,1
19.08.2021 00:48:07.961,0.9187799999999999,0.91871,1,8.42
19.08.2021 00:48:11.604,0.9187799999999999,0.91869,1,2.81
19.08.2021 00:48:15.054,0.9188200000000001,0.9187200000000001,2.1,1
19.08.2021 00:48:16.303,0.9187799999999999,0.91869,1,2.44
19.08.2021 00:48:16.404,0.9187700000000001,0.9187200000000001,1,1.25
19.08.2021 00:48:19.515,0.9187700000000001,0.9187299999999999,1,1
19.08.2021 00:48:19.846,0.9188100000000001,0.9187299999999999,1.1,1
19.08.2021 00:48:22.303,0.9187700000000001,0.9187200000000001,1,1.25
19.08.2021 00:48:23.991,0.9187700000000001,0.91871,1,1.25
19.08.2021 00:48:27.458,0.9188100000000001,0.9187299999999999,2.07,1
19.08.2021 00:48:28.303,0.9187700000000001,0.91871,1,1.25
19.08.2021 00:48:31.432,0.9188100000000001,0.9187299999999999,2.07,1
19.08.2021 00:48:32.986,0.9188100000000001,0.9187299999999999,1.57,1
19.08.2021 00:48:34.725,0.9187700000000001,0.9187200000000001,1,1.25
19.08.2021 00:48:34.929,0.9187700000000001,0.91871,1,1.25
19.08.2021 00:48:36.731,0.9187799999999999,0.91869,1,1.69
19.08.2021 00:48:36.882,0.9187700000000001,0.9187000000000001,1,2.5
19.08.2021 00:48:40.013,0.9188100000000001,0.9187299999999999,2.32,1
19.08.2021 00:48:40.302,0.9187700000000001,0.91871,1,1.25
19.08.2021 00:48:49.908,0.9188100000000001,0.9187299999999999,2.07,1
19.08.2021 00:48:52.303,0.9187799999999999,0.9187000000000001,1,1.25
19.08.2021 00:48:52.708,0.9187700000000001,0.9187000000000001,1,1.69
19.08.2021 00:48:56.294,0.91874,0.91869,1,1
19.08.2021 00:48:56.345,0.91874,0.9186700000000001,1,1.25
19.08.2021 00:48:56.396,0.9187200000000001,0.9186700000000001,1,1
19.08.2021 00:48:57.286,0.91871,0.91866,1,1
19.08.2021 00:48:58.163,0.9187200000000001,0.91866,1,1.25
19.08.2021 00:48:58.264,0.9187200000000001,0.9186700000000001,1,1.25
19.08.2021 00:49:00.672,0.9187299999999999,0.9186799999999999,1,1
19.08.2021 00:49:08.164,0.9187200000000001,0.91866,1,1.69
19.08.2021 00:49:17.675,0.91871,0.91866,1,1.5
19.08.2021 00:50:21.327,0.9187500000000001,0.9186700000000001,1.57,1
19.08.2021 00:50:24.328,0.91871,0.9186500000000001,1,1
19.08.2021 00:50:25.649,0.9187500000000001,0.9186700000000001,1.6,1
19.08.2021 00:50:26.310,0.91871,0.9186500000000001,1,1
19.08.2021 00:50:27.493,0.9187500000000001,0.9186700000000001,1.79,1
19.08.2021 00:50:27.817,0.9187500000000001,0.9186700000000001,1.76,1
19.08.2021 00:50:28.333,0.91871,0.9186500000000001,1,1
19.08.2021 00:50:31.405,0.9187500000000001,0.9186700000000001,1.76,1
19.08.2021 00:50:34.302,0.91871,0.9186500000000001,1,1
19.08.2021 00:50:58.047,0.91871,0.91864,1,1
19.08.2021 00:51:01.434,0.9187000000000001,0.91864,1,1
19.08.2021 00:51:03.841,0.9187000000000001,0.91863,1,1.1
19.08.2021 00:51:06.245,0.9187000000000001,0.9186200000000001,1,2.81
19.08.2021 00:51:14.123,0.9187000000000001,0.91864,1,1
19.08.2021 00:51:24.561,0.9187000000000001,0.9186200000000001,1,1
19.08.2021 00:51:24.662,0.91871,0.9186200000000001,1,1
19.08.2021 00:51:52.097,0.9187000000000001,0.91864,1,1.25
19.08.2021 00:51:52.199,0.91871,0.91864,1,4.07
19.08.2021 00:52:13.328,0.9187200000000001,0.9186500000000001,1,1.25
19.08.2021 00:52:20.770,0.91871,0.9186500000000001,1,1.25
19.08.2021 00:52:30.018,0.9187200000000001,0.9186500000000001,1,1.25
19.08.2021 00:52:30.119,0.9187200000000001,0.9186700000000001,1,1
19.08.2021 00:52:36.307,0.9187200000000001,0.91866,1,1.25
19.08.2021 00:52:36.711,0.9187600000000001,0.9186799999999999,1.12,1.5
19.08.2021 00:52:36.763,0.9187700000000001,0.91869,1,4.45
19.08.2021 00:52:37.932,0.9187700000000001,0.9187200000000001,1,1
19.08.2021 00:52:40.302,0.9187799999999999,0.9187200000000001,1,1
19.08.2021 00:52:48.612,0.9187600000000001,0.91871,1,1
19.08.2021 00:52:48.713,0.9187500000000001,0.9187000000000001,1,1
19.08.2021 00:52:48.814,0.9187500000000001,0.91869,1,1.5
19.08.2021 00:53:03.902,0.9187600000000001,0.91869,1,1.5
19.08.2021 00:53:04.004,0.9187299999999999,0.91866,1,1
19.08.2021 00:53:04.361,0.9187200000000001,0.91866,1,1.5
19.08.2021 00:53:04.905,0.9187299999999999,0.9186700000000001,1,1.5
19.08.2021 00:53:05.007,0.9187200000000001,0.9186700000000001,1,1
19.08.2021 00:53:05.261,0.9187200000000001,0.91866,1,1.5
19.08.2021 00:53:07.328,0.91871,0.91866,1,1.5
19.08.2021 00:53:07.480,0.91871,0.9186500000000001,1,1
19.08.2021 00:53:22.758,0.91871,0.91866,1,1
19.08.2021 00:53:23.114,0.9187299999999999,0.9186500000000001,1,1
19.08.2021 00:54:28.166,0.9187500000000001,0.9186799999999999,1,1.5
19.08.2021 00:54:28.471,0.91874,0.9186700000000001,1,2.44
19.08.2021 00:54:28.623,0.9187299999999999,0.9186700000000001,1,1
19.08.2021 00:54:28.724,0.9187299999999999,0.91866,1,1.5
19.08.2021 00:54:31.798,0.9187500000000001,0.9186799999999999,1,1.5
19.08.2021 00:54:31.900,0.9187500000000001,0.91869,1,1
19.08.2021 00:54:32.001,0.9187700000000001,0.9187200000000001,1,1
19.08.2021 00:54:32.102,0.9187799999999999,0.9187200000000001,1,1
19.08.2021 00:54:32.525,0.9187700000000001,0.91871,1,1
19.08.2021 00:54:35.077,0.9187799999999999,0.91871,1,1
19.08.2021 00:54:37.665,0.9187700000000001,0.91871,1,1
19.08.2021 00:54:37.873,0.9187700000000001,0.9187000000000001,1,1
19.08.2021 00:54:40.518,0.9187700000000001,0.91869,1,1.5
19.08.2021 00:54:42.189,0.9187799999999999,0.9187000000000001,1,1.5
19.08.2021 00:54:42.291,0.9187799999999999,0.91871,1,1
19.08.2021 00:54:42.392,0.91879,0.91871,1,1.5
19.08.2021 00:54:43.370,0.91879,0.9187000000000001,1,1
19.08.2021 00:54:43.474,0.9187799999999999,0.9187000000000001,1,2.25
19.08.2021 00:54:43.575,0.9187700000000001,0.9187000000000001,1,1.5
19.08.2021 00:54:43.727,0.9187600000000001,0.9187000000000001,1,1
19.08.2021 00:54:47.661,0.9187799999999999,0.9187000000000001,1,1.5
19.08.2021 00:54:47.764,0.9187700000000001,0.91869,1,2.25
19.08.2021 00:54:47.865,0.9187600000000001,0.91869,1,1
19.08.2021 00:54:49.847,0.9187600000000001,0.9186799999999999,1,1.5
19.08.2021 00:54:51.982,0.9187299999999999,0.91866,1,1.5
19.08.2021 00:54:53.348,0.9187299999999999,0.9186700000000001,1,1
19.08.2021 00:54:55.280,0.9187299999999999,0.91866,1,1.5
19.08.2021 00:55:10.166,0.9187200000000001,0.91866,1,1
19.08.2021 00:55:19.398,0.9187500000000001,0.91866,1,1
19.08.2021 00:55:27.064,0.9187299999999999,0.91866,1,1
19.08.2021 00:55:36.180,0.9187200000000001,0.91866,1,1
19.08.2021 00:56:02.997,0.9187200000000001,0.9186500000000001,1,1
19.08.2021 00:56:23.878,0.91871,0.91863,2.25,1.5
19.08.2021 00:56:23.929,0.91866,0.91859,1,1
19.08.2021 00:56:24.031,0.91866,0.91858,1,1.5
19.08.2021 00:56:25.125,0.9186500000000001,0.91858,1,1
19.08.2021 00:57:06.291,0.91866,0.91858,2.25,1.5
19.08.2021 00:57:17.336,0.91866,0.9186000000000001,1,1
19.08.2021 00:57:17.386,0.9187000000000001,0.9186000000000001,1.5,1.69
19.08.2021 00:57:17.488,0.91869,0.9186200000000001,1,1
19.08.2021 00:57:17.589,0.9187000000000001,0.91863,1.5,1
19.08.2021 00:57:19.017,0.9187000000000001,0.9186200000000001,1.5,1.5
19.08.2021 00:57:19.252,0.9187000000000001,0.91863,1,1
19.08.2021 00:57:46.863,0.9187000000000001,0.9186200000000001,1.5,1.76
19.08.2021 00:58:10.658,0.9187000000000001,0.9186200000000001,1.5,2.54
19.08.2021 00:58:22.225,0.91871,0.91863,1.5,1.1
19.08.2021 00:58:36.234,0.91871,0.91864,1,1
19.08.2021 00:58:37.255,0.9187299999999999,0.91863,1,1
19.08.2021 00:58:51.114,0.9187700000000001,0.91869,1,1
19.08.2021 00:58:51.215,0.9188000000000001,0.9187200000000001,1.5,1
19.08.2021 00:58:55.302,0.9188100000000001,0.9187299999999999,1,1
19.08.2021 00:58:56.215,0.9188200000000001,0.91874,1,1
19.08.2021 00:59:05.234,0.9188100000000001,0.9187299999999999,1.5,1
19.08.2021 00:59:06.465,0.9188000000000001,0.9187000000000001,1,2
19.08.2021 00:59:06.566,0.91879,0.91871,1,1
19.08.2021 00:59:07.620,0.9188000000000001,0.9187200000000001,1.5,1
19.08.2021 00:59:22.322,0.9188100000000001,0.9187299999999999,1,1
19.08.2021 00:59:26.032,0.9188000000000001,0.9187200000000001,1,1
19.08.2021 00:59:28.028,0.91879,0.91871,1,1.5
19.08.2021 00:59:28.292,0.9187700000000001,0.91869,1,1
19.08.2021 00:59:28.393,0.9187700000000001,0.9186700000000001,1,1.95
19.08.2021 00:59:34.302,0.9187600000000001,0.9186700000000001,1.25,1.87
19.08.2021 00:59:39.583,0.91879,0.91871,1,1
19.08.2021 00:59:39.735,0.91879,0.9187200000000001,1,1
19.08.2021 00:59:40.899,0.9188000000000001,0.9187200000000001,1.57,1
19.08.2021 01:00:00.209,0.91879,0.9187200000000001,1,1
19.08.2021 01:00:00.310,0.91879,0.91869,1,1
19.08.2021 01:00:00.665,0.91879,0.91871,1,1
19.08.2021 01:00:00.817,0.91879,0.9187000000000001,1,1.5
19.08.2021 01:00:01.071,0.91879,0.91871,1,1
19.08.2021 01:00:01.637,0.91879,0.9187000000000001,1,1
19.08.2021 01:00:01.789,0.91879,0.91871,1,1
19.08.2021 01:00:04.107,0.9187700000000001,0.91869,1.1,1
19.08.2021 01:00:04.260,0.9187600000000001,0.9186799999999999,1,1.12
19.08.2021 01:00:08.440,0.9187299999999999,0.9186500000000001,1,2.62
19.08.2021 01:00:08.491,0.9187299999999999,0.9186500000000001,1,1.12
19.08.2021 01:00:08.592,0.9187299999999999,0.91864,1,1
19.08.2021 01:00:08.846,0.9187200000000001,0.91864,1,1
19.08.2021 01:00:10.004,0.91869,0.91861,1,2.07
19.08.2021 01:00:10.105,0.91869,0.91861,1,1.1
19.08.2021 01:00:11.073,0.9187000000000001,0.9186200000000001,1,1
19.08.2021 01:00:13.391,0.9187000000000001,0.91863,1,1
19.08.2021 01:00:16.234,0.9187000000000001,0.9186200000000001,1,1.2
19.08.2021 01:00:18.427,0.9187299999999999,0.91864,1.12,1
19.08.2021 01:00:35.211,0.9187200000000001,0.91864,1,1
19.08.2021 01:00:37.268,0.9187200000000001,0.9186500000000001,1,1
19.08.2021 01:00:37.957,0.9187200000000001,0.91864,1,1.5
19.08.2021 01:00:41.201,0.9187299999999999,0.9186200000000001,1,1.87
19.08.2021 01:00:48.405,0.9187200000000001,0.91864,1,1
19.08.2021 01:00:52.026,0.9187799999999999,0.9187000000000001,1.5,1.5
19.08.2021 01:00:52.128,0.9187799999999999,0.9187000000000001,1,1.5
19.08.2021 01:00:52.229,0.9188000000000001,0.9187200000000001,1.69,1
19.08.2021 01:00:52.382,0.9188000000000001,0.91871,1.69,1
19.08.2021 01:00:54.022,0.9188000000000001,0.9187200000000001,1.69,1
19.08.2021 01:00:55.093,0.9188000000000001,0.9187200000000001,1.1,1
19.08.2021 01:00:55.448,0.9188000000000001,0.9187200000000001,1.1,1
19.08.2021 01:01:08.961,0.9188000000000001,0.9187200000000001,1.1,1.5
19.08.2021 01:01:16.253,0.9188100000000001,0.9187200000000001,1.6,1.69
19.08.2021 01:01:18.038,0.9188100000000001,0.9187299999999999,1.6,1
19.08.2021 01:01:26.670,0.9188100000000001,0.9187299999999999,1.1,1.69
19.08.2021 01:01:31.828,0.9188299999999999,0.9187299999999999,1,3.56
19.08.2021 01:01:31.930,0.9188200000000001,0.9187500000000001,1,1.12
19.08.2021 01:01:31.980,0.91884,0.9187600000000001,1,1
19.08.2021 01:01:32.765,0.91884,0.9187700000000001,1,1.12
19.08.2021 01:01:32.866,0.9188500000000001,0.9187700000000001,1,1.87
19.08.2021 01:01:33.018,0.9188500000000001,0.9187799999999999,1,1.12
19.08.2021 01:01:33.871,0.9188700000000001,0.91879,1,1.87
19.08.2021 01:01:34.592,0.9188700000000001,0.9188000000000001,1,1
19.08.2021 01:01:35.377,0.9188700000000001,0.91879,1,1
19.08.2021 01:01:35.863,0.9188600000000001,0.9187799999999999,1,2.44
19.08.2021 01:01:36.783,0.9188600000000001,0.9187799999999999,1,1.5
19.08.2021 01:01:37.025,0.9188600000000001,0.9187799999999999,1,1
19.08.2021 01:01:39.766,0.9188500000000001,0.9187700000000001,1,1.5
19.08.2021 01:01:47.663,0.9188500000000001,0.9187600000000001,1,2.62
19.08.2021 01:01:48.675,0.9188500000000001,0.9187600000000001,1,2.75
19.08.2021 01:02:03.265,0.9188700000000001,0.91879,1.5,1.12
19.08.2021 01:02:03.376,0.9188799999999999,0.91879,1,1.87
19.08.2021 01:02:03.857,0.9188799999999999,0.9188000000000001,1,1
19.08.2021 01:02:04.359,0.91889,0.9188100000000001,1,1
19.08.2021 01:02:04.460,0.91889,0.9188200000000001,1,1
19.08.2021 01:02:10.111,0.9189100000000001,0.9188100000000001,1,1
19.08.2021 01:02:14.064,0.91889,0.9188100000000001,1,1.5
19.08.2021 01:02:35.532,0.91889,0.9187799999999999,1.5,1.1
19.08.2021 01:02:35.684,0.9188700000000001,0.9187799999999999,1,1.1
19.08.2021 01:02:44.384,0.9188299999999999,0.91874,1,4.04
19.08.2021 01:02:44.485,0.9188299999999999,0.91874,1,3.26
19.08.2021 01:02:49.352,0.91884,0.9187500000000001,1,1.57
19.08.2021 01:02:49.453,0.91884,0.9187700000000001,1,1
19.08.2021 01:02:49.554,0.9188500000000001,0.9187700000000001,1,1
19.08.2021 01:02:52.409,0.9188700000000001,0.9187799999999999,1,1.5
19.08.2021 01:02:53.579,0.9188700000000001,0.91879,1,1
19.08.2021 01:02:55.979,0.9188500000000001,0.9187700000000001,1,1
19.08.2021 01:02:56.080,0.9188600000000001,0.9187799999999999,1,1
19.08.2021 01:02:56.181,0.9188700000000001,0.9187799999999999,1,1
19.08.2021 01:02:57.782,0.9188799999999999,0.9187799999999999,1,1
19.08.2021 01:03:04.806,0.9188700000000001,0.9187799999999999,1,3.39
19.08.2021 01:03:06.377,0.91889,0.9188000000000001,1,2.06
19.08.2021 01:03:08.964,0.91889,0.9188100000000001,1,1
19.08.2021 01:03:27.857,0.9189,0.9188200000000001,1,1
19.08.2021 01:03:36.773,0.9189,0.9188100000000001,1,1.5
19.08.2021 01:04:01.120,0.91889,0.9188100000000001,1,1
19.08.2021 01:04:04.097,0.9189,0.9188100000000001,1,1.5
19.08.2021 01:04:07.081,0.9189200000000001,0.9188299999999999,1.5,1.1
19.08.2021 01:04:07.182,0.91893,0.91884,1,1
19.08.2021 01:04:07.284,0.9189600000000001,0.9188799999999999,1,1
19.08.2021 01:04:07.385,0.9189700000000001,0.91889,1.5,1
19.08.2021 01:04:07.588,0.91898,0.9189,1,1
19.08.2021 01:04:08.438,0.91899,0.9189,1.5,1.1
19.08.2021 01:04:08.641,0.91899,0.9189,1,2.54
19.08.2021 01:04:08.743,0.919,0.91889,1,2.51
19.08.2021 01:04:11.370,0.91898,0.9189,1.5,1
19.08.2021 01:04:12.482,0.91899,0.9189100000000001,1,1.6
19.08.2021 01:04:12.584,0.919,0.9189200000000001,1,1.87
19.08.2021 01:04:12.864,0.919,0.9189200000000001,1,2
19.08.2021 01:04:13.589,0.9190100000000001,0.9189200000000001,1,2
19.08.2021 01:04:15.408,0.919,0.9189,1,1.5
19.08.2021 01:04:21.521,0.91898,0.9189100000000001,1,1
19.08.2021 01:04:35.708,0.91898,0.9189,1,1
19.08.2021 01:04:35.861,0.9189700000000001,0.9189,1,1
19.08.2021 01:04:35.912,0.9189600000000001,0.9188799999999999,1,1.95
19.08.2021 01:04:36.064,0.91895,0.9188700000000001,1,1.95
19.08.2021 01:04:36.406,0.91895,0.9188799999999999,1,1
19.08.2021 01:04:37.917,0.9189600000000001,0.9188799999999999,1,1
19.08.2021 01:04:40.150,0.9189600000000001,0.91889,1,1
19.08.2021 01:04:41.620,0.9189700000000001,0.91889,1,1
19.08.2021 01:04:49.106,0.9189600000000001,0.91889,1,1
19.08.2021 01:04:49.207,0.9189700000000001,0.91889,1,1
19.08.2021 01:04:57.400,0.9189700000000001,0.9188799999999999,1,1
19.08.2021 01:04:57.553,0.9189700000000001,0.91889,1,1
19.08.2021 01:05:00.312,0.9189700000000001,0.9188799999999999,1,1
19.08.2021 01:05:00.413,0.91894,0.9188700000000001,1,1
19.08.2021 01:05:00.514,0.91894,0.9188600000000001,1,1.5
19.08.2021 01:05:05.780,0.91893,0.9188600000000001,1,1
19.08.2021 01:05:10.386,0.91893,0.9188500000000001,1,1.57
19.08.2021 01:05:21.584,0.9189700000000001,0.9188600000000001,2,1
19.08.2021 01:05:21.635,0.9189700000000001,0.9188799999999999,1,1.5
19.08.2021 01:05:39.912,0.919,0.9189200000000001,1,1
19.08.2021 01:05:40.014,0.9190100000000001,0.9189200000000001,1.5,1.5
19.08.2021 01:05:40.166,0.9190200000000002,0.91893,1,1.5
19.08.2021 01:05:41.421,0.9190100000000001,0.91893,1,1.5
19.08.2021 01:05:58.162,0.919,0.9189200000000001,1,1.69
19.08.2021 01:05:58.264,0.91899,0.9189,1,2.32
19.08.2021 01:06:00.998,0.91898,0.9189,1,1.5
19.08.2021 01:06:09.259,0.91898,0.9189,1.5,1
19.08.2021 01:06:14.411,0.9189700000000001,0.9189,1,1.62
19.08.2021 01:06:15.486,0.9189700000000001,0.9189,1,1.5
19.08.2021 01:06:19.126,0.91899,0.91889,1.5,1.12
19.08.2021 01:06:25.417,0.91898,0.9189,1.5,1.62
19.08.2021 01:06:26.418,0.91898,0.9189,1.5,1.5
19.08.2021 01:06:28.155,0.9190100000000001,0.91894,1,1
19.08.2021 01:06:28.257,0.9190200000000002,0.91895,1,1.12
19.08.2021 01:06:28.358,0.91903,0.91895,1.5,1.87
19.08.2021 01:06:31.332,0.9190200000000002,0.91895,1,1
19.08.2021 01:06:37.304,0.91903,0.91895,1.87,1
19.08.2021 01:06:39.802,0.919,0.9189200000000001,1.5,1.5
19.08.2021 01:06:39.903,0.919,0.9189100000000001,2.25,1.5
19.08.2021 01:06:40.004,0.91899,0.9189100000000001,1,1
19.08.2021 01:06:42.889,0.91898,0.9189100000000001,1,1
19.08.2021 01:07:07.570,0.91898,0.9189,2.25,1.5
19.08.2021 01:07:07.671,0.9189700000000001,0.9189,1,1
19.08.2021 01:07:09.135,0.91898,0.9189,1.5,1
19.08.2021 01:07:24.012,0.9189700000000001,0.9189,1.5,1
19.08.2021 01:07:30.450,0.9189600000000001,0.91889,1,1
19.08.2021 01:07:30.551,0.91893,0.9188799999999999,1,1
19.08.2021 01:07:30.602,0.91893,0.9188600000000001,1,1.1
19.08.2021 01:07:34.781,0.9189200000000001,0.9188600000000001,1,1
19.08.2021 01:07:35.927,0.91894,0.9188500000000001,1,1
19.08.2021 01:07:41.979,0.91894,0.9188600000000001,1.2,1
19.08.2021 01:07:42.030,0.9189200000000001,0.9188500000000001,1,1
19.08.2021 01:07:42.864,0.9189,0.9188299999999999,1,1
19.08.2021 01:07:45.375,0.9189,0.91884,1,1
19.08.2021 01:07:45.477,0.9189100000000001,0.91884,1,1
19.08.2021 01:07:45.578,0.9189200000000001,0.91884,1,1
19.08.2021 01:07:45.864,0.9189200000000001,0.9188500000000001,1,1
19.08.2021 01:07:52.149,0.91893,0.9188500000000001,1.5,1
19.08.2021 01:07:56.126,0.9189,0.9188200000000001,1,1.57
19.08.2021 01:07:58.411,0.9189,0.9188299999999999,1,1.57
19.08.2021 01:08:03.063,0.91893,0.9188600000000001,1,1.6
19.08.2021 01:08:03.164,0.91895,0.9188799999999999,1,3.35
19.08.2021 01:08:07.021,0.91895,0.9188799999999999,1,1.1
19.08.2021 01:08:07.355,0.91895,0.91889,1,1
19.08.2021 01:08:10.400,0.9189200000000001,0.9188600000000001,1,1
19.08.2021 01:08:10.501,0.9189100000000001,0.9188500000000001,1,1
19.08.2021 01:08:17.087,0.9189200000000001,0.9188500000000001,1.1,1
19.08.2021 01:08:17.188,0.9189100000000001,0.9188500000000001,1,1
19.08.2021 01:08:17.489,0.9188799999999999,0.9188200000000001,1,2.14
19.08.2021 01:08:19.772,0.9188600000000001,0.9187799999999999,1,1
19.08.2021 01:08:19.974,0.91884,0.91879,1,1
19.08.2021 01:08:22.024,0.91884,0.9187799999999999,1,1.1
19.08.2021 01:08:26.827,0.9188799999999999,0.91879,1.79,1
19.08.2021 01:08:27.030,0.9188799999999999,0.91879,1.79,1
19.08.2021 01:08:27.131,0.9188799999999999,0.91879,1,1.1
19.08.2021 01:08:28.023,0.9188799999999999,0.9188000000000001,1,1
19.08.2021 01:08:29.878,0.9188500000000001,0.91879,1,2.32
19.08.2021 01:08:29.980,0.9188600000000001,0.91879,1,1.2
19.08.2021 01:08:35.558,0.9188600000000001,0.91879,1,1.7
19.08.2021 01:08:35.760,0.9188500000000001,0.91879,1,1.1
19.08.2021 01:08:41.873,0.91889,0.91879,1.5,3.85
19.08.2021 01:08:41.974,0.9188799999999999,0.9188200000000001,1,1
19.08.2021 01:08:44.048,0.91889,0.9188200000000001,1,1
19.08.2021 01:08:54.635,0.9189,0.9188200000000001,1,4.12
19.08.2021 01:08:55.282,0.9189,0.9188299999999999,1,1
19.08.2021 01:08:56.924,0.9189,0.9188299999999999,1,1.1
19.08.2021 01:08:59.895,0.9189200000000001,0.91884,1,1
19.08.2021 01:09:01.825,0.9189,0.9188299999999999,1,1.57
19.08.2021 01:09:02.819,0.91889,0.9188299999999999,1,1
19.08.2021 01:09:16.930,0.9188799999999999,0.9188299999999999,1,1
19.08.2021 01:09:25.459,0.91889,0.9188299999999999,1,1
19.08.2021 01:09:27.737,0.9189,0.91884,1,1
19.08.2021 01:09:27.939,0.91894,0.9188600000000001,1,1
19.08.2021 01:09:28.091,0.91893,0.9188799999999999,1,1
19.08.2021 01:09:31.630,0.9189200000000001,0.9188600000000001,1,1.69
19.08.2021 01:09:31.732,0.91893,0.9188600000000001,1,1
19.08.2021 01:09:37.921,0.91893,0.9188700000000001,1,1
19.08.2021 01:09:46.110,0.9189100000000001,0.9188500000000001,1,1
19.08.2021 01:09:46.161,0.9189100000000001,0.9188200000000001,1,1
19.08.2021 01:09:46.262,0.91889,0.9188299999999999,1,1
19.08.2021 01:09:46.363,0.9188799999999999,0.9188299999999999,1,1
19.08.2021 01:10:04.114,0.91889,0.9188299999999999,1,1
19.08.2021 01:10:55.467,0.91889,0.9188100000000001,1,2.25
19.08.2021 01:10:55.568,0.9188799999999999,0.9188100000000001,1,1.5
19.08.2021 01:11:00.089,0.9188700000000001,0.91879,1,2.62
19.08.2021 01:11:00.191,0.9188700000000001,0.91879,1,3.12
19.08.2021 01:11:00.292,0.9188600000000001,0.91879,1,2.37
19.08.2021 01:11:00.669,0.9188799999999999,0.9188100000000001,1,1.5
19.08.2021 01:11:01.435,0.91889,0.91879,1,1.5
19.08.2021 01:11:02.409,0.9188600000000001,0.9188000000000001,1,1
19.08.2021 01:11:12.282,0.9188700000000001,0.9188000000000001,1,1
19.08.2021 01:11:34.512,0.9188700000000001,0.9188100000000001,1,1
19.08.2021 01:12:02.254,0.9188700000000001,0.91879,1,2.32
19.08.2021 01:12:02.305,0.9188200000000001,0.9187500000000001,1,1.57
19.08.2021 01:12:02.660,0.9188200000000001,0.91874,1,1.57
19.08.2021 01:12:11.484,0.9188200000000001,0.9187600000000001,1,1
19.08.2021 01:12:13.635,0.9188200000000001,0.9187500000000001,1,1.5
19.08.2021 01:12:27.672,0.9188500000000001,0.9187799999999999,1,1
19.08.2021 01:12:27.773,0.9188600000000001,0.9187799999999999,2.62,1
19.08.2021 01:12:30.377,0.91884,0.9187700000000001,1,1
19.08.2021 01:12:30.478,0.91884,0.9187600000000001,1.57,1
19.08.2021 01:12:30.584,0.9188299999999999,0.9187500000000001,1.12,3.75
19.08.2021 01:12:32.882,0.9188500000000001,0.9187700000000001,1.5,1
19.08.2021 01:12:39.082,0.91884,0.9187600000000001,1,1.5
19.08.2021 01:12:39.285,0.91884,0.9187700000000001,1,1
19.08.2021 01:12:39.386,0.9188500000000001,0.9187700000000001,1.12,1.5
19.08.2021 01:12:41.834,0.9188500000000001,0.9187700000000001,1.62,1.5
19.08.2021 01:12:41.936,0.9188200000000001,0.9187500000000001,1,1.69
19.08.2021 01:12:43.760,0.91884,0.91874,1,2.44
19.08.2021 01:12:44.407,0.9188500000000001,0.9187700000000001,2,1.5
19.08.2021 01:12:44.508,0.9188500000000001,0.9187700000000001,1,1.5
19.08.2021 01:12:45.689,0.9188600000000001,0.9187799999999999,2.25,1
19.08.2021 01:12:51.295,0.9188600000000001,0.91879,1.5,1
19.08.2021 01:12:51.609,0.9188799999999999,0.9188000000000001,1,2.51
19.08.2021 01:12:52.336,0.91889,0.9188100000000001,1.5,1
19.08.2021 01:12:55.419,0.91889,0.9188200000000001,1,1
19.08.2021 01:12:56.642,0.9189200000000001,0.91884,2.75,1
19.08.2021 01:12:56.744,0.9189100000000001,0.9188299999999999,1,1.57
19.08.2021 01:12:56.845,0.9189200000000001,0.91884,2.25,1
19.08.2021 01:12:56.997,0.9189200000000001,0.9188500000000001,2.62,1
19.08.2021 01:12:57.300,0.9189100000000001,0.9188299999999999,1,1.5
19.08.2021 01:12:58.100,0.91893,0.9188500000000001,1.87,1
19.08.2021 01:12:58.329,0.9189200000000001,0.9188500000000001,1.5,1
19.08.2021 01:13:01.379,0.9189200000000001,0.91884,2.32,1
19.08.2021 01:13:01.481,0.9189100000000001,0.91884,1,1
19.08.2021 01:13:01.583,0.9189200000000001,0.9188500000000001,1.57,1
19.08.2021 01:13:01.684,0.9189200000000001,0.91884,1.5,1
19.08.2021 01:13:01.785,0.9189100000000001,0.9188299999999999,1.5,1
19.08.2021 01:13:03.751,0.9189200000000001,0.9188600000000001,1,1.76
19.08.2021 01:13:03.802,0.91895,0.9188500000000001,1,2.51
19.08.2021 01:13:03.852,0.9189600000000001,0.9188799999999999,2,1.5
19.08.2021 01:13:03.953,0.9189600000000001,0.91889,1,1
19.08.2021 01:13:12.423,0.9189600000000001,0.9188799999999999,1.5,1.5
19.08.2021 01:13:12.625,0.91895,0.9188700000000001,1,1.5
19.08.2021 01:13:12.727,0.9189200000000001,0.9188299999999999,1,2.25
19.08.2021 01:13:12.828,0.9189,0.9188299999999999,1,1
19.08.2021 01:13:29.158,0.91889,0.9188299999999999,1,1
19.08.2021 01:13:29.310,0.91889,0.9188100000000001,1.5,1.57
19.08.2021 01:13:34.301,0.91889,0.9188000000000001,1,1.1
19.08.2021 01:14:02.844,0.91884,0.9187799999999999,1,1
19.08.2021 01:14:02.945,0.9188299999999999,0.9187700000000001,1,1
19.08.2021 01:14:02.996,0.9188299999999999,0.9187500000000001,1,1.5
19.08.2021 01:14:07.302,0.9188299999999999,0.9187299999999999,1,1.5
19.08.2021 01:14:22.210,0.9188200000000001,0.91874,1.5,1.5
19.08.2021 01:14:22.419,0.9188200000000001,0.91874,1,1.5
19.08.2021 01:14:24.276,0.9188299999999999,0.91874,1,1
19.08.2021 01:14:31.485,0.9188299999999999,0.9187600000000001,1,1
19.08.2021 01:14:31.536,0.9188500000000001,0.9187700000000001,2.25,1
19.08.2021 01:14:31.738,0.9188500000000001,0.9187799999999999,1.5,1
19.08.2021 01:14:37.039,0.9188600000000001,0.9187799999999999,1.69,1.5
19.08.2021 01:14:40.270,0.9188600000000001,0.9188000000000001,1,1
19.08.2021 01:14:42.521,0.9188700000000001,0.9188000000000001,1,1.5
19.08.2021 01:14:43.635,0.9188500000000001,0.9187700000000001,1,1.5
19.08.2021 01:14:43.787,0.9188600000000001,0.9187799999999999,1.5,1
19.08.2021 01:15:01.705,0.91884,0.9187600000000001,1.5,1.5
19.08.2021 01:15:02.059,0.9188299999999999,0.9187500000000001,1,1.5
19.08.2021 01:15:25.467,0.9188200000000001,0.91874,1,1.5
19.08.2021 01:15:40.668,0.9188200000000001,0.91874,1.5,1.5
19.08.2021 01:15:40.888,0.9188200000000001,0.91874,1,1.5
19.08.2021 01:16:18.486,0.9188200000000001,0.9187500000000001,1,1
19.08.2021 01:18:00.445,0.9188200000000001,0.91874,1.5,1.5
19.08.2021 01:18:11.630,0.9188200000000001,0.9187500000000001,2.25,1
19.08.2021 01:18:13.510,0.9188100000000001,0.91874,1,1
19.08.2021 01:18:15.952,0.9188299999999999,0.91874,1.5,1
19.08.2021 01:18:28.455,0.9188100000000001,0.91874,1,1
19.08.2021 01:18:30.040,0.9188100000000001,0.91874,1.5,1
19.08.2021 01:18:30.236,0.9188100000000001,0.91874,1,1
19.08.2021 01:18:34.990,0.9188200000000001,0.91874,1.5,1
19.08.2021 01:19:01.274,0.9188200000000001,0.9187500000000001,1.5,1
19.08.2021 01:19:22.330,0.9188000000000001,0.9187500000000001,1,1
19.08.2021 01:19:22.431,0.9188200000000001,0.91874,1.5,1
19.08.2021 01:19:50.517,0.9188200000000001,0.9187500000000001,1.5,1
19.08.2021 01:20:48.303,0.9188100000000001,0.91874,1,1
19.08.2021 01:21:00.565,0.9188000000000001,0.9187299999999999,1,1.5
19.08.2021 01:21:20.594,0.9188100000000001,0.91874,1,1
19.08.2021 01:21:26.605,0.9188000000000001,0.9187299999999999,1,1.5
19.08.2021 01:21:39.300,0.9188200000000001,0.91874,2.25,1
19.08.2021 01:21:52.732,0.9188000000000001,0.9187299999999999,1,1.5
19.08.2021 01:22:00.584,0.9188299999999999,0.9187299999999999,2.25,1
19.08.2021 01:23:29.573,0.91884,0.9187700000000001,1.69,1.5
19.08.2021 01:23:29.675,0.9188500000000001,0.91879,1,1
19.08.2021 01:23:35.391,0.9188600000000001,0.9188000000000001,1,1
19.08.2021 01:23:40.674,0.91884,0.9187799999999999,1,1.5
19.08.2021 01:23:40.725,0.9188299999999999,0.9187600000000001,1.5,1
19.08.2021 01:23:44.572,0.9188200000000001,0.9187500000000001,1,1.5
19.08.2021 01:26:27.427,0.9188299999999999,0.9187500000000001,1.5,1.5
19.08.2021 01:26:58.302,0.9188200000000001,0.9187500000000001,1,1.5
19.08.2021 01:28:01.290,0.9188200000000001,0.91874,1.5,1.5
19.08.2021 01:28:01.391,0.9188100000000001,0.91874,1.5,1
19.08.2021 01:28:32.810,0.91879,0.9187200000000001,1,2.5
19.08.2021 01:28:32.911,0.9188000000000001,0.91871,1,1.5
19.08.2021 01:28:33.063,0.9188000000000001,0.9187299999999999,1,1
19.08.2021 01:29:04.867,0.9188100000000001,0.91874,1,1
19.08.2021 01:30:00.446,0.9187700000000001,0.91871,1.12,1.25
19.08.2021 01:30:00.497,0.9187600000000001,0.9187000000000001,1,1
19.08.2021 01:30:00.599,0.9187299999999999,0.91866,1,1
19.08.2021 01:30:00.700,0.9187299999999999,0.9186500000000001,1,1
19.08.2021 01:30:00.903,0.9187200000000001,0.9186500000000001,1,1
19.08.2021 01:30:02.694,0.91871,0.91864,1,1.5
19.08.2021 01:30:03.066,0.9187000000000001,0.9186200000000001,1,1.5
19.08.2021 01:30:03.167,0.9187000000000001,0.91861,1,1.5
19.08.2021 01:30:03.268,0.9187000000000001,0.9186200000000001,1,1.5
19.08.2021 01:30:03.369,0.9187200000000001,0.9186200000000001,1.5,1
19.08.2021 01:30:04.328,0.9187299999999999,0.91869,1,1
19.08.2021 01:30:04.379,0.9187500000000001,0.91869,1.5,1.69
19.08.2021 01:30:04.480,0.91879,0.9187200000000001,3,1
19.08.2021 01:30:04.581,0.9187799999999999,0.9187200000000001,1,1.5
19.08.2021 01:30:04.835,0.9187700000000001,0.9186700000000001,1,3.75
19.08.2021 01:30:04.936,0.9187299999999999,0.9186700000000001,1,1.31
19.08.2021 01:30:05.117,0.9187299999999999,0.91866,1.5,2.06
19.08.2021 01:30:05.218,0.9187299999999999,0.9186500000000001,1,1.5
19.08.2021 01:30:05.319,0.9187299999999999,0.91864,1,1.5
19.08.2021 01:30:06.698,0.9187200000000001,0.9186500000000001,1,1.5
19.08.2021 01:30:06.945,0.9187299999999999,0.9186500000000001,1,1.5
19.08.2021 01:30:07.252,0.9187200000000001,0.91864,1,1.87
19.08.2021 01:30:08.004,0.91871,0.91863,1,1.87
19.08.2021 01:30:12.748,0.91871,0.91864,1,1
19.08.2021 01:30:13.412,0.91871,0.91863,1,2.25
19.08.2021 01:30:14.081,0.9187000000000001,0.91863,1,2.25
19.08.2021 01:30:15.442,0.91871,0.91864,1,1
19.08.2021 01:30:17.635,0.9187200000000001,0.91864,1,1
19.08.2021 01:30:27.109,0.91874,0.91864,1.57,1
19.08.2021 01:30:28.721,0.9187200000000001,0.9186500000000001,1,1
19.08.2021 01:30:35.001,0.9187299999999999,0.91863,1.5,1.5
19.08.2021 01:30:35.103,0.9187000000000001,0.91863,1.5,1
19.08.2021 01:30:35.204,0.91871,0.91863,1.87,1.5
19.08.2021 01:30:35.305,0.91871,0.9186500000000001,1,1
19.08.2021 01:30:35.941,0.9187200000000001,0.9186500000000001,2.25,1
19.08.2021 01:30:36.535,0.9187200000000001,0.91864,2.25,1
19.08.2021 01:30:42.888,0.91874,0.91864,1.57,1
19.08.2021 01:30:55.125,0.91871,0.9186500000000001,1,1
19.08.2021 01:30:55.176,0.9187299999999999,0.9186500000000001,2.51,1
19.08.2021 01:30:58.574,0.9187299999999999,0.91866,1,1
19.08.2021 01:31:02.005,0.9187700000000001,0.9187000000000001,1,1
19.08.2021 01:31:03.009,0.9187799999999999,0.91871,2.57,1
19.08.2021 01:31:03.264,0.9188000000000001,0.9187299999999999,1.5,1
19.08.2021 01:31:03.365,0.9188200000000001,0.9187200000000001,1.57,1
19.08.2021 01:31:07.690,0.9188000000000001,0.9187299999999999,1.5,1
19.08.2021 01:31:08.044,0.9188200000000001,0.9187200000000001,1.5,1
19.08.2021 01:31:13.353,0.9188000000000001,0.9187200000000001,1,1.5
19.08.2021 01:31:13.773,0.9188200000000001,0.9187200000000001,1.87,1
19.08.2021 01:31:16.241,0.9188000000000001,0.91871,1,1
19.08.2021 01:31:16.342,0.91879,0.91871,2.25,1
19.08.2021 01:31:16.494,0.9187700000000001,0.91869,1,1.25
19.08.2021 01:31:31.566,0.9188000000000001,0.9187200000000001,1.5,1
19.08.2021 01:31:31.669,0.9188100000000001,0.9187299999999999,2.25,1
19.08.2021 01:31:35.508,0.9188000000000001,0.9187200000000001,1,1.5
19.08.2021 01:31:39.388,0.9188000000000001,0.9187299999999999,1,1
19.08.2021 01:31:39.490,0.9188100000000001,0.9187299999999999,1,1.5
19.08.2021 01:31:46.833,0.9188100000000001,0.9187299999999999,1.5,1.5
19.08.2021 01:31:47.034,0.9188100000000001,0.9187299999999999,1,1.5
19.08.2021 01:32:04.714,0.9188200000000001,0.9187299999999999,1,1.5
19.08.2021 01:32:05.879,0.9188100000000001,0.9187299999999999,1,1.5
19.08.2021 01:32:06.232,0.9188100000000001,0.9187200000000001,1,1
19.08.2021 01:32:06.334,0.9188100000000001,0.9187299999999999,1.5,1
19.08.2021 01:32:22.210,0.9188200000000001,0.9187299999999999,1.76,1
19.08.2021 01:32:22.952,0.9188200000000001,0.9187299999999999,1.79,1
19.08.2021 01:32:23.215,0.9188100000000001,0.9187200000000001,1,1.5
19.08.2021 01:32:23.316,0.9188200000000001,0.9187299999999999,1.76,1
19.08.2021 01:32:26.041,0.9188100000000001,0.9187200000000001,1.5,1
19.08.2021 01:32:26.193,0.9188200000000001,0.9187299999999999,1.76,1
19.08.2021 01:32:28.469,0.9188200000000001,0.91874,1.57,1
19.08.2021 01:32:42.141,0.9188299999999999,0.91874,1.69,1
19.08.2021 01:32:42.444,0.91884,0.91874,1.5,1
19.08.2021 01:32:43.100,0.9188200000000001,0.91874,1.57,1
19.08.2021 01:32:43.202,0.9188100000000001,0.91874,1.1,1
19.08.2021 01:32:43.303,0.9188200000000001,0.91874,1.1,1
19.08.2021 01:32:43.747,0.9188200000000001,0.9187500000000001,1,1.12
19.08.2021 01:32:43.849,0.91889,0.9188100000000001,1.2,1
19.08.2021 01:32:44.001,0.9189,0.9188200000000001,1.1,1
19.08.2021 01:32:46.990,0.9189100000000001,0.9188200000000001,1.5,1
19.08.2021 01:32:48.908,0.9189200000000001,0.9188100000000001,1.79,1
19.08.2021 01:32:49.281,0.9189100000000001,0.9188000000000001,1.1,1.5
19.08.2021 01:32:49.382,0.91889,0.9188100000000001,1,1
19.08.2021 01:32:51.306,0.9188799999999999,0.9188000000000001,1.1,1
19.08.2021 01:32:51.457,0.91889,0.9187799999999999,1.57,1
19.08.2021 01:32:51.610,0.9188799999999999,0.9187700000000001,1,1.5
19.08.2021 01:32:51.914,0.9188600000000001,0.9187799999999999,1,1
19.08.2021 01:32:52.435,0.9188700000000001,0.9187600000000001,1,1.25
19.08.2021 01:32:52.785,0.91884,0.9187799999999999,1,1
19.08.2021 01:32:53.644,0.91884,0.9187500000000001,2.32,1.5
19.08.2021 01:32:53.745,0.91884,0.91874,1,1
19.08.2021 01:32:54.850,0.9188200000000001,0.91874,1.76,1
19.08.2021 01:32:55.001,0.9188100000000001,0.91874,1,1
19.08.2021 01:32:56.395,0.91879,0.91871,1,1
19.08.2021 01:32:56.547,0.9187799999999999,0.9187200000000001,1,1
19.08.2021 01:32:56.648,0.91879,0.9187200000000001,1,1
19.08.2021 01:32:56.750,0.91879,0.9187299999999999,1,1
19.08.2021 01:32:56.901,0.9188100000000001,0.9187299999999999,1,1
19.08.2021 01:32:57.054,0.9188000000000001,0.91871,1,1.5
19.08.2021 01:32:57.156,0.9187600000000001,0.91869,1,1.12
19.08.2021 01:32:57.257,0.9187600000000001,0.9186799999999999,1.57,1.25
19.08.2021 01:32:57.358,0.9187500000000001,0.9186700000000001,1.1,1
19.08.2021 01:32:58.139,0.91874,0.91866,2.72,1
19.08.2021 01:32:58.241,0.9187299999999999,0.9186500000000001,1.57,1
19.08.2021 01:32:59.950,0.9187000000000001,0.9186200000000001,2.25,1
19.08.2021 01:33:00.051,0.9187200000000001,0.91863,1.57,1
19.08.2021 01:33:00.152,0.9187200000000001,0.91864,1,1
19.08.2021 01:33:00.311,0.9187299999999999,0.91864,1.76,1
19.08.2021 01:33:01.041,0.9187299999999999,0.9186500000000001,1.01,1
19.08.2021 01:33:02.383,0.91874,0.9186500000000001,1.01,1
19.08.2021 01:33:02.485,0.9187500000000001,0.91866,1.57,1
19.08.2021 01:33:02.586,0.9187500000000001,0.91866,3.35,1
19.08.2021 01:33:02.738,0.91874,0.9186500000000001,1.01,1
19.08.2021 01:33:04.568,0.91874,0.91866,1,1
19.08.2021 01:33:04.669,0.9187500000000001,0.91866,1.76,1
19.08.2021 01:33:06.207,0.9187600000000001,0.9186700000000001,1.57,1
19.08.2021 01:33:07.131,0.9187799999999999,0.9187000000000001,1.5,1
19.08.2021 01:33:07.232,0.91879,0.91871,1,1.5
19.08.2021 01:33:07.333,0.9188000000000001,0.91871,1.57,1
19.08.2021 01:33:07.535,0.91879,0.9187000000000001,1.2,1.5
19.08.2021 01:33:07.964,0.9187799999999999,0.9187000000000001,1,1
19.08.2021 01:33:09.112,0.91879,0.9187000000000001,1.1,1.5
19.08.2021 01:33:10.900,0.9188100000000001,0.9187200000000001,1.95,1
19.08.2021 01:33:11.001,0.9188100000000001,0.9187299999999999,1.1,1
19.08.2021 01:33:11.102,0.9188200000000001,0.9187299999999999,1.57,1
19.08.2021 01:33:12.299,0.9188100000000001,0.9187299999999999,1.57,1
19.08.2021 01:33:13.122,0.9188100000000001,0.9187200000000001,1.2,1.5
19.08.2021 01:33:16.325,0.9188100000000001,0.91871,1.1,1
19.08.2021 01:33:16.482,0.9188100000000001,0.9187200000000001,1.57,1.5
19.08.2021 01:33:16.583,0.9188100000000001,0.9187299999999999,1.57,1
19.08.2021 01:33:17.092,0.9188100000000001,0.9187299999999999,1.6,1
19.08.2021 01:33:17.933,0.9188100000000001,0.9187299999999999,1.2,1
19.08.2021 01:33:18.160,0.9188100000000001,0.9187200000000001,1.2,1.5
19.08.2021 01:33:18.278,0.9188100000000001,0.9187299999999999,1.2,1
19.08.2021 01:33:19.670,0.9188200000000001,0.91874,2.7,1
19.08.2021 01:33:22.777,0.9188299999999999,0.9187200000000001,2.32,1
19.08.2021 01:33:24.241,0.9188100000000001,0.9187299999999999,1,1
19.08.2021 01:33:24.443,0.9188200000000001,0.9187299999999999,1.95,1
19.08.2021 01:33:29.766,0.9188200000000001,0.91874,1,1
19.08.2021 01:33:39.633,0.9188299999999999,0.9187500000000001,1,1
19.08.2021 01:33:39.734,0.91884,0.9187500000000001,2.14,1
19.08.2021 01:33:39.936,0.91884,0.9187299999999999,1.1,1
19.08.2021 01:33:43.653,0.9188200000000001,0.9187299999999999,1.57,1
19.08.2021 01:33:44.045,0.9188100000000001,0.9187299999999999,1,1
19.08.2021 01:33:44.298,0.91879,0.9187000000000001,1.1,1.5
19.08.2021 01:33:44.400,0.9187799999999999,0.9187000000000001,1,1
19.08.2021 01:33:47.074,0.9187799999999999,0.91869,1,1
19.08.2021 01:33:52.403,0.9187600000000001,0.9186799999999999,1.1,1.25
19.08.2021 01:33:52.453,0.9187500000000001,0.91866,1,1.5
19.08.2021 01:33:52.756,0.91874,0.91866,1,1
19.08.2021 01:33:57.509,0.91874,0.9186500000000001,1.5,1.5
19.08.2021 01:34:22.062,0.9187299999999999,0.9186500000000001,1,2.25
19.08.2021 01:34:51.747,0.9187299999999999,0.91866,1,1
19.08.2021 01:34:54.243,0.9187299999999999,0.9186500000000001,1,2.25
19.08.2021 01:35:08.425,0.9187299999999999,0.91866,1,1
19.08.2021 01:35:31.496,0.91874,0.91866,1,1
19.08.2021 01:35:31.743,0.9187500000000001,0.91866,2.51,1
19.08.2021 01:35:39.100,0.9187600000000001,0.91866,1.1,1
19.08.2021 01:35:44.045,0.9187600000000001,0.91866,3.29,1
19.08.2021 01:35:48.457,0.9187500000000001,0.91866,2.51,1
19.08.2021 01:35:51.107,0.9187500000000001,0.9186700000000001,2.32,1
19.08.2021 01:36:16.055,0.9187500000000001,0.91866,2.7,1
19.08.2021 01:36:16.157,0.91874,0.91866,1.1,1
19.08.2021 01:36:16.259,0.9187500000000001,0.91864,1.57,1
19.08.2021 01:36:24.879,0.9187500000000001,0.91866,2.54,1
19.08.2021 01:36:31.812,0.9187500000000001,0.91866,2.7,1
19.08.2021 01:36:38.573,0.9187500000000001,0.91866,2.82,1
19.08.2021 01:36:38.775,0.9187500000000001,0.91866,2.32,1
19.08.2021 01:37:02.836,0.9187500000000001,0.9186500000000001,1.1,1
19.08.2021 01:37:15.079,0.9187500000000001,0.9186700000000001,1.57,1
19.08.2021 01:37:26.287,0.9187500000000001,0.9186700000000001,1.97,1
19.08.2021 01:37:29.758,0.91874,0.91866,1.1,1
19.08.2021 01:37:29.859,0.9187299999999999,0.91866,1,1
19.08.2021 01:37:29.961,0.91874,0.9186500000000001,3.26,1
19.08.2021 01:37:30.369,0.9187500000000001,0.91864,4.04,1
19.08.2021 01:37:31.500,0.91874,0.91866,1.2,1
19.08.2021 01:37:33.764,0.91874,0.9186500000000001,1.6,1
19.08.2021 01:37:48.401,0.9187299999999999,0.91864,1,1
19.08.2021 01:37:48.553,0.91874,0.9186500000000001,2.54,1
19.08.2021 01:37:49.160,0.91874,0.9186500000000001,2.32,1
19.08.2021 01:37:49.363,0.9187500000000001,0.9186500000000001,1.1,1
19.08.2021 01:37:56.356,0.9187500000000001,0.91866,1.57,1
19.08.2021 01:37:56.408,0.9187799999999999,0.9187000000000001,1.1,1
19.08.2021 01:37:56.561,0.91879,0.9187000000000001,1.76,1
19.08.2021 01:37:56.663,0.91879,0.91871,1.01,1
19.08.2021 01:37:59.929,0.9188000000000001,0.9187200000000001,1.25,1
19.08.2021 01:38:00.179,0.9188000000000001,0.9187299999999999,1.25,1
19.08.2021 01:38:01.435,0.9188100000000001,0.9187299999999999,1,1
19.08.2021 01:38:01.638,0.9188100000000001,0.91874,1,1
19.08.2021 01:38:09.546,0.9188100000000001,0.91874,1.5,1
19.08.2021 01:38:09.749,0.9188100000000001,0.91874,1,1
19.08.2021 01:38:11.792,0.9188200000000001,0.91874,1.1,1
19.08.2021 01:38:13.593,0.9188200000000001,0.9187500000000001,1.1,1
19.08.2021 01:38:16.080,0.9188200000000001,0.9187500000000001,1.1,1
19.08.2021 01:38:16.461,0.9188200000000001,0.91874,1.1,1
19.08.2021 01:38:19.904,0.9188100000000001,0.9187000000000001,2.54,1
19.08.2021 01:38:20.006,0.91879,0.9187000000000001,1.97,1
19.08.2021 01:38:44.452,0.9188100000000001,0.9187299999999999,1.79,1
19.08.2021 01:38:44.554,0.9188100000000001,0.9187299999999999,1.1,1
19.08.2021 01:38:46.508,0.9188200000000001,0.9187299999999999,1.5,1
19.08.2021 01:38:46.867,0.9188299999999999,0.9187500000000001,1.76,1
19.08.2021 01:39:03.010,0.9188299999999999,0.9187500000000001,1.22,1
19.08.2021 01:39:04.330,0.91884,0.9187299999999999,2.16,1.5
19.08.2021 01:39:16.346,0.9188299999999999,0.9187299999999999,3.41,1
19.08.2021 01:39:18.861,0.9188200000000001,0.9187299999999999,1.22,1
19.08.2021 01:39:41.214,0.9188200000000001,0.9187299999999999,2.85,1
19.08.2021 01:39:41.415,0.9188100000000001,0.9187299999999999,1.1,1
19.08.2021 01:39:42.907,0.9188200000000001,0.91874,2.1,1
19.08.2021 01:39:46.284,0.9188200000000001,0.9187299999999999,2.85,1
19.08.2021 01:39:47.212,0.9188299999999999,0.9187500000000001,2.1,1
19.08.2021 01:39:47.313,0.9188299999999999,0.9187500000000001,1.6,1
19.08.2021 01:39:53.407,0.9188200000000001,0.91874,1.1,1
19.08.2021 01:39:55.370,0.9188200000000001,0.9187299999999999,1.97,1
19.08.2021 01:40:07.321,0.9188200000000001,0.91874,1.97,1
19.08.2021 01:40:29.847,0.9188200000000001,0.9187299999999999,1.97,1
19.08.2021 01:40:29.999,0.9188200000000001,0.9187299999999999,1.57,1
19.08.2021 01:40:33.334,0.9188299999999999,0.9187500000000001,2.32,1
19.08.2021 01:40:56.422,0.9188299999999999,0.91874,1.57,1
19.08.2021 01:40:57.956,0.9188299999999999,0.91874,1.6,1
19.08.2021 01:41:01.212,0.9188299999999999,0.9187500000000001,1.1,1
19.08.2021 01:41:11.588,0.91884,0.91874,1.1,1
19.08.2021 01:41:18.759,0.9188299999999999,0.9187500000000001,1.1,1
