Gmt time,Ask,Bid,AskVolume,BidVolume
16.08.2021 00:00:00.045,0.9155200000000001,0.91539,1.25,1
16.08.2021 00:00:00.551,0.9155500000000001,0.9154500000000001,2.25,1
16.08.2021 00:00:00.652,0.9155500000000001,0.91546,2.25,1.2
16.08.2021 00:00:01.064,0.91553,0.91544,1,1.57
16.08.2021 00:00:01.217,0.91554,0.91543,1.25,1.7
16.08.2021 00:00:01.318,0.91553,0.91543,1,1.1
16.08.2021 00:00:01.433,0.91554,0.91543,1.25,1.7
16.08.2021 00:00:02.381,0.9155200000000001,0.9154,1.87,2.07
16.08.2021 00:00:02.432,0.91551,0.9154,1,1.1
16.08.2021 00:00:02.533,0.91551,0.91539,1.69,1.2
16.08.2021 00:00:02.634,0.91551,0.9153700000000001,4.37,1.1
16.08.2021 00:00:02.735,0.91548,0.9153700000000001,1.25,1
16.08.2021 00:00:02.837,0.91549,0.9153700000000001,1.25,1.1
16.08.2021 00:00:02.939,0.91551,0.9153700000000001,1.5,1.1
16.08.2021 00:00:03.091,0.9155000000000001,0.91538,3.06,1.1
16.08.2021 00:00:03.192,0.9155000000000001,0.9153600000000001,1.94,1.1
16.08.2021 00:00:03.697,0.9154700000000001,0.9153600000000001,1.75,1.95
16.08.2021 00:00:03.798,0.91548,0.91535,1.25,1.5
16.08.2021 00:00:03.950,0.9154700000000001,0.9153600000000001,1.25,1.5
16.08.2021 00:00:04.152,0.9154700000000001,0.9153700000000001,1.25,1.5
16.08.2021 00:00:04.490,0.9154700000000001,0.9153700000000001,1.25,1.5
16.08.2021 00:00:12.212,0.9154700000000001,0.9154,1.25,1
16.08.2021 00:00:12.667,0.9154500000000001,0.9154,1,1
16.08.2021 00:00:28.167,0.91543,0.9153200000000001,1,1.2
16.08.2021 00:00:29.955,0.91543,0.9153100000000001,1.25,1.2
16.08.2021 00:00:30.056,0.91543,0.9153100000000001,2.69,1.2
16.08.2021 00:00:34.220,0.9154100000000001,0.9153100000000001,1,1
16.08.2021 00:00:36.000,0.9154100000000001,0.91535,4,1
16.08.2021 00:00:36.051,0.9154,0.9153100000000001,1.25,1
16.08.2021 00:00:36.659,0.9154100000000001,0.9153100000000001,3,1
16.08.2021 00:00:41.532,0.9154200000000001,0.9153100000000001,1,1.95
16.08.2021 00:00:50.749,0.9154100000000001,0.9153,1.25,1.2
16.08.2021 00:00:50.850,0.9154100000000001,0.9153,1.75,1.57
16.08.2021 00:00:51.002,0.9154100000000001,0.9153,1.69,1.57
16.08.2021 00:00:51.600,0.9154100000000001,0.9153,2.87,1.57
16.08.2021 00:00:51.701,0.91539,0.9153,1.69,1
16.08.2021 00:01:02.553,0.9153700000000001,0.9152700000000001,1,2.47
16.08.2021 00:01:02.654,0.9153600000000001,0.9152700000000001,1.25,1.95
16.08.2021 00:01:02.755,0.9153700000000001,0.9152700000000001,1.69,1.1
16.08.2021 00:01:04.949,0.9153700000000001,0.9152600000000001,1.25,2.25
16.08.2021 00:01:08.486,0.91538,0.9152600000000001,1.69,2.25
16.08.2021 00:01:08.587,0.9153700000000001,0.9152600000000001,1.25,2.25
16.08.2021 00:01:12.980,0.91535,0.91524,2.44,1.7
16.08.2021 00:01:13.081,0.91535,0.91524,3.25,1.5
16.08.2021 00:01:13.182,0.91534,0.9152200000000001,1.69,2.66
16.08.2021 00:01:14.856,0.91533,0.9152200000000001,1,2.66
16.08.2021 00:01:21.045,0.9153200000000001,0.91523,1.12,1
16.08.2021 00:01:21.248,0.91533,0.91523,1.5,1.12
16.08.2021 00:01:41.260,0.9153200000000001,0.91523,1.12,1
16.08.2021 00:01:41.462,0.91533,0.91523,1.5,1
16.08.2021 00:01:41.564,0.91533,0.9152200000000001,1,1
16.08.2021 00:01:41.665,0.9153200000000001,0.9152200000000001,1.69,1.95
16.08.2021 00:01:41.767,0.9153200000000001,0.9152200000000001,1,2.35
16.08.2021 00:01:43.816,0.9153200000000001,0.9152200000000001,1,2.32
16.08.2021 00:01:43.918,0.9153200000000001,0.9152200000000001,1,2.35
16.08.2021 00:01:45.586,0.9153200000000001,0.9152200000000001,1,2.32
16.08.2021 00:01:45.687,0.9153200000000001,0.9152200000000001,1,2.35
16.08.2021 00:01:46.561,0.91533,0.9152200000000001,1,1.6
16.08.2021 00:01:50.960,0.91534,0.9152200000000001,1.25,1.6
16.08.2021 00:01:51.062,0.91535,0.91523,1.5,2.16
16.08.2021 00:01:51.163,0.91535,0.9152100000000001,1.25,2.47
16.08.2021 00:01:54.051,0.91534,0.91524,1.69,1
16.08.2021 00:01:59.052,0.9153700000000001,0.9152600000000001,1.69,1
16.08.2021 00:01:59.154,0.91538,0.91528,1.69,1.1
16.08.2021 00:01:59.255,0.91538,0.91529,1.69,1
16.08.2021 00:02:07.371,0.91538,0.91528,1.69,1.57
16.08.2021 00:02:08.437,0.91539,0.91529,1.25,1.95
16.08.2021 00:02:08.539,0.91539,0.91529,1.75,1.95
16.08.2021 00:02:09.519,0.9154,0.91528,1.75,2.45
16.08.2021 00:02:10.875,0.91539,0.91529,1,2.45
16.08.2021 00:02:10.976,0.91539,0.91529,1.75,2.45
16.08.2021 00:02:11.077,0.91539,0.91529,1.25,2.45
16.08.2021 00:02:11.588,0.9154100000000001,0.9153,1.69,1.5
16.08.2021 00:02:11.689,0.9154,0.9153,1.5,1.5
16.08.2021 00:02:12.164,0.9154100000000001,0.9153,1.69,1.5
16.08.2021 00:02:12.215,0.9154,0.9153,1.75,1.5
16.08.2021 00:02:12.316,0.9154100000000001,0.9153,1.69,1.5
16.08.2021 00:02:12.418,0.9154100000000001,0.9153,3.62,1.5
16.08.2021 00:02:12.525,0.9154,0.9153,1.94,1.5
16.08.2021 00:02:12.626,0.9154100000000001,0.9153,3.44,1.5
16.08.2021 00:02:12.750,0.9154,0.9153,1.37,1.5
16.08.2021 00:02:13.025,0.9154100000000001,0.9153,1.69,1.5
16.08.2021 00:02:13.127,0.9154100000000001,0.9153,3.62,1.5
16.08.2021 00:02:13.532,0.9154,0.9153,1.94,1.5
16.08.2021 00:02:14.739,0.9154100000000001,0.9153,2.69,1.5
16.08.2021 00:02:14.840,0.9154100000000001,0.91529,1.94,1.5
16.08.2021 00:02:17.960,0.9154200000000001,0.91529,1.75,1.5
16.08.2021 00:02:18.092,0.9154200000000001,0.91529,3,1.5
16.08.2021 00:02:18.306,0.9154100000000001,0.9153,2.94,1.5
16.08.2021 00:02:18.408,0.9154200000000001,0.91529,1.69,1.5
16.08.2021 00:02:18.459,0.9154100000000001,0.9153,3.56,1.5
16.08.2021 00:02:18.509,0.9154100000000001,0.9153,1.87,1.5
16.08.2021 00:02:18.611,0.9154,0.9153,1.25,1.5
16.08.2021 00:02:18.713,0.9154100000000001,0.9153,1.75,1.5
16.08.2021 00:02:18.916,0.9154100000000001,0.9153,1.69,1.5
16.08.2021 00:02:19.047,0.9154100000000001,0.9153,3.06,1.5
16.08.2021 00:02:19.343,0.9154100000000001,0.9153,3,1.5
16.08.2021 00:02:19.444,0.9154,0.9153,1.94,1.5
16.08.2021 00:02:19.545,0.9154100000000001,0.9153,1.94,1.5
16.08.2021 00:02:19.646,0.9154,0.9153,1.37,1.5
16.08.2021 00:02:19.697,0.9154100000000001,0.9153,1.69,1.5
16.08.2021 00:02:19.798,0.9154100000000001,0.9153,3.62,1.5
16.08.2021 00:02:20.126,0.9154100000000001,0.9153,1.69,1.5
16.08.2021 00:02:20.227,0.9154100000000001,0.9153,3.62,1.5
16.08.2021 00:02:20.429,0.9154100000000001,0.9153,1.69,1.5
16.08.2021 00:02:20.530,0.9154100000000001,0.9153,3.06,1.5
16.08.2021 00:02:20.631,0.9154100000000001,0.9153,1.69,1.5
16.08.2021 00:02:20.732,0.9154100000000001,0.9153,3.06,1.5
16.08.2021 00:02:20.934,0.9154100000000001,0.9153,1.69,1.5
16.08.2021 00:02:21.036,0.9154100000000001,0.9153,3.62,1.5
16.08.2021 00:02:21.398,0.9154100000000001,0.9153,1.69,1.5
16.08.2021 00:02:21.550,0.9154100000000001,0.9153,3.62,1.5
16.08.2021 00:02:21.752,0.9154100000000001,0.9153,1.69,1.5
16.08.2021 00:02:21.853,0.9154100000000001,0.9153,3.62,1.5
16.08.2021 00:02:22.071,0.9154100000000001,0.9153,1.69,1.5
16.08.2021 00:02:22.172,0.9154100000000001,0.9153,3.62,1.5
16.08.2021 00:02:22.374,0.9154100000000001,0.9153,1.69,1.5
16.08.2021 00:02:22.476,0.9154100000000001,0.9153,3.62,1.5
16.08.2021 00:02:22.586,0.9154100000000001,0.9153,1.69,1.5
16.08.2021 00:02:22.738,0.9154100000000001,0.9153,2.69,1.5
16.08.2021 00:02:22.990,0.9154100000000001,0.9153,1.69,1.5
16.08.2021 00:02:23.092,0.9154100000000001,0.9153,3.62,1.5
16.08.2021 00:02:23.294,0.9154100000000001,0.9153,1.69,1.5
16.08.2021 00:02:23.396,0.9154100000000001,0.9153,3.62,1.5
16.08.2021 00:02:23.660,0.9154100000000001,0.9153,1.69,1.5
16.08.2021 00:02:23.761,0.9154100000000001,0.9153,3.62,1.5
16.08.2021 00:02:23.996,0.9154100000000001,0.9153,3,1.5
16.08.2021 00:02:24.098,0.9154100000000001,0.9153,2.87,1.5
16.08.2021 00:02:24.267,0.9154100000000001,0.9153,1.69,1.5
16.08.2021 00:02:24.368,0.9154100000000001,0.9153,3.62,1.5
16.08.2021 00:02:24.522,0.9154100000000001,0.9153,3,1.5
16.08.2021 00:02:24.624,0.9154100000000001,0.9153,3.06,1.5
16.08.2021 00:02:24.888,0.9154100000000001,0.9153,2.06,1.5
16.08.2021 00:02:24.989,0.9154100000000001,0.9153,3.62,1.12
16.08.2021 00:02:25.222,0.9154100000000001,0.9153100000000001,1,1
16.08.2021 00:02:30.909,0.9154100000000001,0.9153100000000001,1.94,1
16.08.2021 00:02:31.111,0.9154100000000001,0.9153100000000001,1.25,1
16.08.2021 00:02:31.212,0.9154100000000001,0.9153100000000001,1.37,1
16.08.2021 00:02:31.364,0.9154100000000001,0.9153100000000001,1,1
16.08.2021 00:02:33.476,0.9154100000000001,0.9153,1.75,2.45
16.08.2021 00:02:33.577,0.9154100000000001,0.9153100000000001,1.25,1
16.08.2021 00:02:33.679,0.9154200000000001,0.91529,1.75,2.45
16.08.2021 00:02:38.193,0.91543,0.9153100000000001,1.25,1
16.08.2021 00:02:38.295,0.9154200000000001,0.9153100000000001,1.25,1
16.08.2021 00:02:38.396,0.91544,0.9153100000000001,3.44,1
16.08.2021 00:02:38.648,0.91544,0.9153100000000001,2.69,1.72
16.08.2021 00:02:38.801,0.91544,0.9153100000000001,4.19,1.72
16.08.2021 00:02:40.042,0.91546,0.9153100000000001,6.44,1.22
16.08.2021 00:02:40.144,0.9154500000000001,0.91534,1.75,1.2
16.08.2021 00:02:40.764,0.9154500000000001,0.91534,1.87,1.2
16.08.2021 00:02:40.865,0.9154500000000001,0.91534,3.62,1.2
16.08.2021 00:02:43.845,0.91546,0.91533,1.25,1.57
16.08.2021 00:02:43.946,0.9154500000000001,0.91535,1.25,1
16.08.2021 00:02:44.098,0.91546,0.91535,1.69,1.12
16.08.2021 00:02:44.224,0.91546,0.91535,2.12,1.12
16.08.2021 00:02:45.923,0.91546,0.91535,1.25,1.12
16.08.2021 00:02:46.024,0.91546,0.91535,1.25,1.12
16.08.2021 00:02:46.317,0.91546,0.91535,1.25,1.12
16.08.2021 00:02:46.418,0.91546,0.91535,1.25,1.12
16.08.2021 00:02:46.914,0.91546,0.91535,2.87,1.12
16.08.2021 00:02:47.358,0.91546,0.91535,1.5,1.12
16.08.2021 00:02:47.460,0.91546,0.91535,1.25,1.12
16.08.2021 00:02:48.149,0.91546,0.91535,2.31,1.12
16.08.2021 00:02:48.251,0.91546,0.91535,1.25,1.12
16.08.2021 00:02:48.352,0.91546,0.91535,2.31,1.5
16.08.2021 00:02:48.696,0.91546,0.91535,1.25,1.5
16.08.2021 00:02:48.849,0.91546,0.91535,1.25,1.5
16.08.2021 00:02:48.973,0.9154700000000001,0.91534,1.25,1.5
16.08.2021 00:02:49.277,0.9154700000000001,0.91534,1.25,1.5
16.08.2021 00:02:49.378,0.91546,0.91535,1.25,1.5
16.08.2021 00:02:49.479,0.91546,0.91535,1.25,1.5
16.08.2021 00:02:49.602,0.91546,0.91535,1.25,1.5
16.08.2021 00:02:50.395,0.91546,0.91535,2.31,1.5
16.08.2021 00:02:50.605,0.91546,0.91535,1.94,1.5
16.08.2021 00:02:51.082,0.9154500000000001,0.91535,1.5,1.5
16.08.2021 00:02:51.524,0.91546,0.91535,1.94,1.5
16.08.2021 00:02:52.930,0.91546,0.91535,1.25,1.5
16.08.2021 00:02:53.031,0.91546,0.91535,1.25,1.5
16.08.2021 00:02:53.132,0.91546,0.91535,1.25,1.5
16.08.2021 00:02:53.233,0.91546,0.91535,1.25,1.5
16.08.2021 00:02:53.617,0.91546,0.91535,1.25,1.5
16.08.2021 00:02:53.720,0.91546,0.91535,1.25,1.5
16.08.2021 00:02:53.872,0.91546,0.91535,1.25,1.5
16.08.2021 00:02:53.922,0.91546,0.91539,1.25,1
16.08.2021 00:02:54.024,0.91546,0.91539,1.25,1
16.08.2021 00:02:54.176,0.91546,0.91539,1.25,1
16.08.2021 00:02:54.309,0.91546,0.91539,1.25,1
16.08.2021 00:02:54.461,0.91546,0.91539,1.25,1
16.08.2021 00:02:54.664,0.91546,0.91539,1.25,1
16.08.2021 00:02:54.765,0.91546,0.91539,1.25,1
16.08.2021 00:02:54.917,0.91546,0.91539,1.25,1
16.08.2021 00:02:55.018,0.91546,0.91539,1.25,1
16.08.2021 00:02:55.170,0.91546,0.91539,1.25,1
16.08.2021 00:02:55.271,0.91546,0.91539,1.25,1
16.08.2021 00:02:55.423,0.91546,0.91539,1.25,1
16.08.2021 00:02:55.575,0.91546,0.91539,1.25,1
16.08.2021 00:02:55.777,0.9154700000000001,0.91538,1.25,1
16.08.2021 00:02:55.929,0.91546,0.91539,1.25,1
16.08.2021 00:02:56.080,0.91546,0.91539,1.25,1
16.08.2021 00:02:56.232,0.91546,0.91539,1.25,1
16.08.2021 00:02:56.535,0.91546,0.91539,1.25,1
16.08.2021 00:02:56.687,0.91546,0.91539,1.25,1
16.08.2021 00:02:56.889,0.91546,0.91539,1.25,1
16.08.2021 00:02:57.041,0.91546,0.91539,1.25,1
16.08.2021 00:02:57.361,0.91546,0.91539,1.25,1
16.08.2021 00:02:57.512,0.9154700000000001,0.91538,1.25,1
16.08.2021 00:02:57.714,0.91546,0.91539,1.25,1
16.08.2021 00:02:57.866,0.9154700000000001,0.91538,1.25,1
16.08.2021 00:02:58.047,0.91546,0.91539,1.25,1
16.08.2021 00:02:58.218,0.91546,0.91539,1.25,1
16.08.2021 00:02:58.323,0.91546,0.91539,1.25,1
16.08.2021 00:02:58.476,0.91546,0.91539,1.25,1
16.08.2021 00:02:58.678,0.91546,0.91539,1.25,1
16.08.2021 00:02:58.829,0.91546,0.91539,1.25,1
16.08.2021 00:02:59.397,0.91546,0.91539,1.25,1
16.08.2021 00:02:59.498,0.91546,0.91539,1.25,1
16.08.2021 00:02:59.808,0.91546,0.91539,1.25,1
16.08.2021 00:02:59.960,0.91546,0.91539,1.25,1
16.08.2021 00:03:00.263,0.91546,0.91539,1.25,1
16.08.2021 00:03:00.380,0.91546,0.91539,1.25,1
16.08.2021 00:03:00.484,0.91546,0.91539,1.25,1
16.08.2021 00:03:00.585,0.91546,0.91535,1.25,2.25
16.08.2021 00:03:00.737,0.91546,0.91535,1.25,2.25
16.08.2021 00:03:00.838,0.91546,0.91535,1.25,2.25
16.08.2021 00:03:00.989,0.9154700000000001,0.91534,1.25,2.25
16.08.2021 00:03:01.091,0.91546,0.91535,1.25,2.25
16.08.2021 00:03:01.453,0.91546,0.91535,1.25,2.25
16.08.2021 00:03:01.606,0.91546,0.91535,1.25,2.25
16.08.2021 00:03:01.809,0.9154700000000001,0.91534,1.25,2.25
16.08.2021 00:03:01.962,0.91546,0.91535,1.25,2.25
16.08.2021 00:03:02.165,0.91546,0.91535,1.25,2.25
16.08.2021 00:03:02.267,0.91546,0.91535,1.25,2.25
16.08.2021 00:03:02.571,0.9154700000000001,0.91534,1.25,2.25
16.08.2021 00:03:02.672,0.9154700000000001,0.91534,1.25,2.25
16.08.2021 00:03:02.774,0.91546,0.91535,1.25,2.25
16.08.2021 00:03:02.876,0.91546,0.91535,1.25,2.25
16.08.2021 00:03:03.331,0.91546,0.91535,1.25,2.25
16.08.2021 00:03:03.432,0.91546,0.91535,1.25,2.25
16.08.2021 00:03:03.583,0.91546,0.91535,1.25,2.25
16.08.2021 00:03:03.736,0.91546,0.91535,1.25,2.25
16.08.2021 00:03:03.953,0.9154700000000001,0.91534,1.25,2.25
16.08.2021 00:03:04.105,0.91546,0.91535,1.25,2.25
16.08.2021 00:03:04.832,0.91546,0.91535,1.25,2.25
16.08.2021 00:03:04.937,0.91546,0.91535,1.25,2.25
16.08.2021 00:03:05.175,0.91546,0.91535,1.25,2.25
16.08.2021 00:03:05.276,0.91546,0.91535,1.25,2.25
16.08.2021 00:03:05.433,0.91546,0.91535,1.25,2.25
16.08.2021 00:03:05.544,0.91546,0.91535,1.25,2.25
16.08.2021 00:03:05.809,0.91546,0.91535,1.25,2.25
16.08.2021 00:03:05.910,0.91546,0.91535,1.25,2.25
16.08.2021 00:03:06.062,0.9154700000000001,0.91534,1.25,2.25
16.08.2021 00:03:06.177,0.91546,0.91535,1.25,2.25
16.08.2021 00:03:06.432,0.91546,0.91535,1.25,2.25
16.08.2021 00:03:06.533,0.9154700000000001,0.91534,1.25,2.25
16.08.2021 00:03:06.918,0.91546,0.91535,1.25,2.25
16.08.2021 00:03:07.019,0.91546,0.91535,1.25,2.25
16.08.2021 00:03:07.171,0.91546,0.91535,1.25,2.25
16.08.2021 00:03:07.272,0.91546,0.91535,1.25,2.25
16.08.2021 00:03:07.423,0.9154700000000001,0.91534,1.25,2.25
16.08.2021 00:03:07.575,0.91546,0.91535,1.25,2.25
16.08.2021 00:03:07.798,0.9154700000000001,0.91534,1.25,2.25
16.08.2021 00:03:07.949,0.91546,0.91535,1.25,2.25
16.08.2021 00:03:08.151,0.91546,0.91535,1.25,2.25
16.08.2021 00:03:08.303,0.91546,0.91535,1.25,2.25
16.08.2021 00:03:08.456,0.9154700000000001,0.91534,1.25,2.25
16.08.2021 00:03:08.577,0.91546,0.91535,1.25,2.25
16.08.2021 00:03:08.829,0.9154700000000001,0.91534,1.25,2.25
16.08.2021 00:03:08.930,0.91546,0.91535,1.25,2.25
16.08.2021 00:03:09.082,0.91546,0.91535,1.25,2.25
16.08.2021 00:03:09.196,0.91546,0.91535,1.25,2.25
16.08.2021 00:03:09.350,0.91546,0.91535,1.25,2.25
16.08.2021 00:03:09.501,0.91546,0.91535,1.25,2.25
16.08.2021 00:03:09.753,0.91546,0.91535,1.25,2.25
16.08.2021 00:03:09.855,0.91546,0.91535,1.25,2.25
16.08.2021 00:03:10.007,0.91546,0.91535,1.25,2.25
16.08.2021 00:03:10.108,0.91546,0.91535,1.37,2.25
16.08.2021 00:03:10.217,0.91546,0.91535,2.81,2.25
16.08.2021 00:03:10.319,0.91546,0.91535,1.25,2.25
16.08.2021 00:03:10.420,0.9154700000000001,0.91534,1.25,2.25
16.08.2021 00:03:10.572,0.91546,0.91535,1.25,2.25
16.08.2021 00:03:10.875,0.91546,0.91535,1.25,2.25
16.08.2021 00:03:11.027,0.91546,0.91535,1.25,1.87
16.08.2021 00:03:11.243,0.91546,0.91535,1.25,2.25
16.08.2021 00:03:11.345,0.91546,0.91535,1.25,2.25
16.08.2021 00:03:11.496,0.91546,0.91535,1.25,2.25
16.08.2021 00:03:11.598,0.91546,0.91535,1.25,2.25
16.08.2021 00:03:11.814,0.91546,0.91535,1.25,2.25
16.08.2021 00:03:11.928,0.91546,0.91535,1.25,2.25
16.08.2021 00:03:12.130,0.91546,0.91535,1.25,2.25
16.08.2021 00:03:12.282,0.91546,0.91535,1.25,2.25
16.08.2021 00:03:12.383,0.91546,0.91535,2.12,2.25
16.08.2021 00:03:12.484,0.91546,0.91535,1.25,2.25
16.08.2021 00:03:12.737,0.91546,0.91535,1.31,2.25
16.08.2021 00:03:12.788,0.9154200000000001,0.9153200000000001,1,1.87
16.08.2021 00:03:13.040,0.9154,0.9153100000000001,1,1.2
16.08.2021 00:03:13.142,0.9154100000000001,0.9153200000000001,1.25,1
16.08.2021 00:03:15.278,0.9154200000000001,0.9153200000000001,1.69,1
16.08.2021 00:03:15.379,0.9154100000000001,0.9153200000000001,1.25,1
16.08.2021 00:03:15.834,0.9154100000000001,0.9153100000000001,1.69,1.5
16.08.2021 00:03:15.936,0.9153700000000001,0.9152700000000001,2.25,2.1
16.08.2021 00:03:16.037,0.9153600000000001,0.9152700000000001,1,1.57
16.08.2021 00:03:16.138,0.9153600000000001,0.9152600000000001,1,1.95
16.08.2021 00:03:16.239,0.9153600000000001,0.9152600000000001,1.25,1
16.08.2021 00:03:16.341,0.91535,0.91525,1.69,1.87
16.08.2021 00:03:16.502,0.9153700000000001,0.91525,2.01,1
16.08.2021 00:03:18.278,0.9153700000000001,0.9152700000000001,1.75,1.87
16.08.2021 00:03:18.380,0.91538,0.91528,1.25,1.12
16.08.2021 00:03:18.481,0.91538,0.91529,1.75,1
16.08.2021 00:03:18.532,0.91538,0.9153100000000001,1.69,1
16.08.2021 00:03:18.891,0.91539,0.9153100000000001,1.25,1
16.08.2021 00:03:19.043,0.91539,0.9153100000000001,1.25,1
16.08.2021 00:03:19.251,0.9154,0.9153,1.25,1
16.08.2021 00:03:19.360,0.91539,0.9153100000000001,1.25,1
16.08.2021 00:03:19.512,0.91539,0.9153100000000001,1.25,1
16.08.2021 00:03:19.664,0.91539,0.9153100000000001,1.25,1
16.08.2021 00:03:19.816,0.91539,0.9153100000000001,1.25,1
16.08.2021 00:03:19.967,0.91539,0.9153100000000001,1.25,1
16.08.2021 00:03:20.119,0.91539,0.9153100000000001,1.25,1
16.08.2021 00:03:20.271,0.91539,0.9153100000000001,1.25,1
16.08.2021 00:03:20.423,0.91539,0.9153100000000001,1.25,1
16.08.2021 00:03:20.575,0.91539,0.9153100000000001,1.25,1
16.08.2021 00:03:20.777,0.91539,0.9153100000000001,1.25,1
16.08.2021 00:03:21.005,0.91543,0.9153200000000001,1,1
16.08.2021 00:03:21.751,0.9154200000000001,0.91533,1.25,1
16.08.2021 00:03:21.858,0.9154200000000001,0.9153100000000001,1.75,3.2
16.08.2021 00:03:22.239,0.9154200000000001,0.9153100000000001,1.25,3.2
16.08.2021 00:03:22.340,0.9154200000000001,0.9153100000000001,1.75,3.07
16.08.2021 00:03:22.443,0.91543,0.9153,1.25,3.07
16.08.2021 00:03:22.544,0.9154200000000001,0.9153100000000001,1.75,3.07
16.08.2021 00:03:23.323,0.9154200000000001,0.9153100000000001,1.25,3.07
16.08.2021 00:03:23.542,0.9154200000000001,0.9153100000000001,1.75,3.07
16.08.2021 00:03:23.643,0.9154200000000001,0.9153100000000001,1.25,3.07
16.08.2021 00:03:25.593,0.9154,0.9153100000000001,1,1.57
16.08.2021 00:03:27.542,0.9154200000000001,0.9153100000000001,1,2.51
16.08.2021 00:03:29.022,0.9154200000000001,0.91534,1.25,1
16.08.2021 00:03:31.053,0.9154200000000001,0.91534,1.75,1
16.08.2021 00:03:33.129,0.9154200000000001,0.91534,1.25,1
16.08.2021 00:03:33.231,0.9154200000000001,0.91534,1.75,1
16.08.2021 00:03:33.484,0.9154200000000001,0.91534,1.25,1
16.08.2021 00:03:33.625,0.9154200000000001,0.91534,1.75,1
16.08.2021 00:03:33.730,0.9154200000000001,0.91534,1.25,1
16.08.2021 00:03:33.838,0.91543,0.91533,1.75,1
16.08.2021 00:03:34.298,0.91543,0.91534,3.25,1
16.08.2021 00:03:34.399,0.9154200000000001,0.91534,1.25,1
16.08.2021 00:03:34.839,0.91543,0.91534,2.5,1
16.08.2021 00:03:34.945,0.9154200000000001,0.91534,1.25,1
16.08.2021 00:03:35.147,0.91543,0.91534,2.5,1
16.08.2021 00:03:35.248,0.9154200000000001,0.91534,1.25,1
16.08.2021 00:03:35.400,0.91544,0.91533,2.5,1
16.08.2021 00:03:35.501,0.9154200000000001,0.91534,1.25,1
16.08.2021 00:03:35.653,0.91543,0.91534,3.06,1
16.08.2021 00:03:35.754,0.9154200000000001,0.91534,1.25,1
16.08.2021 00:03:35.859,0.91543,0.91534,2.5,1
16.08.2021 00:03:35.980,0.9154200000000001,0.91534,1.25,1
16.08.2021 00:03:36.269,0.91543,0.91534,2.5,1
16.08.2021 00:03:36.380,0.9154200000000001,0.91534,1.25,1
16.08.2021 00:03:36.482,0.9154200000000001,0.91534,1.25,1
16.08.2021 00:03:36.583,0.91543,0.91533,1.25,1
16.08.2021 00:03:36.748,0.91543,0.91534,2.5,1
16.08.2021 00:03:36.853,0.9154200000000001,0.91534,1.25,1
16.08.2021 00:03:37.049,0.91543,0.91534,2.5,1
16.08.2021 00:03:37.162,0.9154200000000001,0.91534,1.25,1
16.08.2021 00:03:37.364,0.91543,0.91534,2.5,1
16.08.2021 00:03:37.466,0.9154200000000001,0.91534,1.25,1
16.08.2021 00:03:37.618,0.91543,0.91534,2.5,1
16.08.2021 00:03:37.720,0.91543,0.91533,1.25,1
16.08.2021 00:03:38.543,0.91543,0.91534,2.5,1
16.08.2021 00:03:38.650,0.9154200000000001,0.91534,1.56,1
16.08.2021 00:03:40.441,0.91543,0.91534,4,1
16.08.2021 00:03:40.542,0.9154200000000001,0.91534,2.12,1
16.08.2021 00:03:40.826,0.91543,0.91534,4,1
16.08.2021 00:03:40.927,0.9154200000000001,0.91534,1.25,1
16.08.2021 00:03:41.102,0.91543,0.91534,4.25,1
16.08.2021 00:03:41.203,0.9154200000000001,0.91534,1.37,1
16.08.2021 00:03:41.305,0.9154100000000001,0.91534,3.62,1
16.08.2021 00:03:41.456,0.9154,0.91534,1.75,1
16.08.2021 00:03:41.759,0.9154,0.9153,1.37,1.2
16.08.2021 00:03:42.299,0.91539,0.91529,1.25,1.12
16.08.2021 00:03:58.864,0.91535,0.91528,1.69,1
16.08.2021 00:03:58.915,0.91535,0.91525,1.01,1
16.08.2021 00:03:59.017,0.91534,0.91523,1.01,1.12
16.08.2021 00:03:59.118,0.91534,0.91523,1.97,1.12
16.08.2021 00:04:02.756,0.9153100000000001,0.9152200000000001,1,1
16.08.2021 00:04:02.858,0.91529,0.9152,1,1.57
16.08.2021 00:04:02.959,0.91525,0.9151700000000002,1,2.25
16.08.2021 00:04:03.010,0.91525,0.91515,1,2.32
16.08.2021 00:04:03.601,0.91524,0.91514,1,2.45
16.08.2021 00:04:03.702,0.91524,0.91514,2.5,1
16.08.2021 00:04:03.804,0.9152200000000001,0.91514,1.75,1
16.08.2021 00:04:03.905,0.9152200000000001,0.91513,1.25,1.12
16.08.2021 00:04:04.309,0.9152200000000001,0.91513,1.37,1.5
16.08.2021 00:04:04.774,0.91523,0.91513,1.82,1.5
16.08.2021 00:04:04.876,0.9152200000000001,0.91513,1.25,1.5
16.08.2021 00:04:05.191,0.91523,0.91513,1.82,1.5
16.08.2021 00:04:05.394,0.91524,0.91514,1.75,1.87
16.08.2021 00:04:05.495,0.91525,0.91513,1,2.37
16.08.2021 00:04:05.596,0.91524,0.91514,1.94,2.25
16.08.2021 00:04:05.698,0.91524,0.91514,1.25,2.25
16.08.2021 00:04:05.850,0.91524,0.91514,1.75,2.25
16.08.2021 00:04:05.951,0.91523,0.91514,1.25,1.5
16.08.2021 00:04:06.777,0.91524,0.91514,1.75,1.5
16.08.2021 00:04:06.879,0.91524,0.91514,1.25,1.87
16.08.2021 00:04:06.980,0.91524,0.91514,1.75,1.5
16.08.2021 00:04:07.132,0.91524,0.91514,1.25,1.87
16.08.2021 00:04:07.233,0.91524,0.91514,1.75,1.95
16.08.2021 00:04:07.416,0.91524,0.91514,1.25,1.95
16.08.2021 00:04:07.517,0.91524,0.91514,1.75,1.95
16.08.2021 00:04:07.827,0.91525,0.91515,2.5,2.62
16.08.2021 00:04:07.928,0.91525,0.9151700000000002,1.12,1
16.08.2021 00:04:10.350,0.91525,0.91515,1.69,2.32
16.08.2021 00:04:10.502,0.9152600000000001,0.9151600000000001,1.25,1
16.08.2021 00:04:10.603,0.9152600000000001,0.9151600000000001,2.87,1
16.08.2021 00:04:11.568,0.91525,0.9151600000000001,1.94,1
16.08.2021 00:04:11.669,0.9152600000000001,0.9151600000000001,3.25,1
16.08.2021 00:04:11.820,0.91525,0.9151600000000001,1.94,1
16.08.2021 00:04:18.334,0.9152600000000001,0.9151600000000001,1.75,1.5
16.08.2021 00:04:18.536,0.91525,0.9151600000000001,1.25,1.5
16.08.2021 00:04:18.637,0.9152600000000001,0.9151600000000001,1.69,1.5
16.08.2021 00:04:18.738,0.91524,0.9151600000000001,1.25,1.5
16.08.2021 00:04:18.839,0.91525,0.9151600000000001,1.69,1.5
16.08.2021 00:04:19.041,0.91524,0.9151600000000001,1.25,1.5
16.08.2021 00:04:19.193,0.91525,0.9151600000000001,1,1.5
16.08.2021 00:04:20.708,0.91524,0.9151600000000001,1.25,1.5
16.08.2021 00:04:22.060,0.9152600000000001,0.91515,1.69,1.5
16.08.2021 00:04:22.270,0.91524,0.9151600000000001,1.25,1.5
16.08.2021 00:04:22.321,0.9152700000000001,0.91515,1.69,1.5
16.08.2021 00:04:22.440,0.91525,0.9151600000000001,1,1.5
16.08.2021 00:04:22.592,0.9152600000000001,0.9151600000000001,1.69,1.5
16.08.2021 00:04:22.693,0.91525,0.9151600000000001,1.25,1.5
16.08.2021 00:04:22.946,0.9152600000000001,0.9151600000000001,1.69,1.5
16.08.2021 00:04:23.047,0.91525,0.9151600000000001,1.25,1.5
16.08.2021 00:04:29.599,0.91524,0.9151600000000001,1.25,1.5
16.08.2021 00:04:29.700,0.91525,0.9151600000000001,1.69,1.5
16.08.2021 00:04:29.802,0.91524,0.9151600000000001,1.25,1.5
16.08.2021 00:04:29.903,0.91525,0.9151600000000001,1.69,1.5
16.08.2021 00:04:32.918,0.9152600000000001,0.9151600000000001,1.69,1.5
16.08.2021 00:04:33.020,0.91525,0.9151600000000001,1.25,1.5
16.08.2021 00:04:33.796,0.91524,0.9151600000000001,1.25,1.5
16.08.2021 00:04:34.451,0.91525,0.9151600000000001,1.87,1.5
16.08.2021 00:04:34.552,0.91524,0.9151600000000001,1.25,1.5
16.08.2021 00:04:34.654,0.91525,0.9151600000000001,1.69,1.5
16.08.2021 00:04:34.806,0.91524,0.9151600000000001,1.25,1.5
16.08.2021 00:04:35.022,0.91525,0.9151600000000001,1.69,1.5
16.08.2021 00:04:35.146,0.91524,0.9151600000000001,1.25,1.5
16.08.2021 00:04:35.379,0.91525,0.9151600000000001,1,1.5
16.08.2021 00:04:35.480,0.91524,0.9151600000000001,1.25,1.5
16.08.2021 00:04:36.134,0.91525,0.9151600000000001,1.69,1.5
16.08.2021 00:04:36.252,0.91524,0.9151600000000001,1.25,1.5
16.08.2021 00:04:36.484,0.91525,0.9151600000000001,1,1.5
16.08.2021 00:04:36.585,0.91524,0.9151600000000001,1.25,1.5
16.08.2021 00:04:37.216,0.91525,0.9151600000000001,1.69,1.5
16.08.2021 00:04:37.318,0.91524,0.9151600000000001,1.25,1.5
16.08.2021 00:04:37.419,0.91525,0.9151600000000001,1,1.5
16.08.2021 00:04:37.520,0.91524,0.9151600000000001,1.25,1.5
16.08.2021 00:04:37.621,0.91525,0.9151600000000001,1.69,1.5
16.08.2021 00:04:37.723,0.91524,0.9151600000000001,1.25,1.5
16.08.2021 00:04:37.976,0.9152600000000001,0.91515,1.69,1.5
16.08.2021 00:04:38.103,0.91524,0.9151600000000001,1.25,1.5
16.08.2021 00:04:38.334,0.91525,0.9151600000000001,1.69,1.5
16.08.2021 00:04:38.465,0.91525,0.91515,1.25,1.5
16.08.2021 00:04:38.697,0.9152600000000001,0.91515,1,1.5
16.08.2021 00:04:38.799,0.91525,0.91515,1.25,1.5
16.08.2021 00:04:40.159,0.91525,0.9151600000000001,1.69,1.5
16.08.2021 00:04:40.311,0.91528,0.9152,4.44,1
16.08.2021 00:04:40.412,0.9153200000000001,0.91524,1.5,1
16.08.2021 00:04:40.514,0.91533,0.91524,1,1
16.08.2021 00:04:40.615,0.91533,0.91525,1,1
16.08.2021 00:04:43.342,0.91533,0.91524,1,1
16.08.2021 00:04:46.876,0.91533,0.91525,1,1
16.08.2021 00:05:01.287,0.91534,0.91525,1,1
16.08.2021 00:05:01.489,0.91534,0.91525,1.75,1
16.08.2021 00:05:01.793,0.91533,0.91524,1.25,1
16.08.2021 00:05:08.141,0.9153600000000001,0.91525,3.31,1.5
16.08.2021 00:05:08.192,0.9153700000000001,0.9152700000000001,1.25,1.2
16.08.2021 00:05:08.293,0.91538,0.91528,1.25,1.95
16.08.2021 00:05:08.395,0.91539,0.91529,1,1.57
16.08.2021 00:05:08.496,0.91539,0.9153,1,1
16.08.2021 00:05:08.597,0.9154,0.9153,1.69,1.5
16.08.2021 00:05:08.698,0.9154100000000001,0.91529,3.06,1.5
16.08.2021 00:05:08.960,0.9154,0.9153,3,1.5
16.08.2021 00:05:09.061,0.9154,0.9153,3.06,1.5
16.08.2021 00:05:09.162,0.9154,0.9153,1.25,1.5
16.08.2021 00:05:09.263,0.9154100000000001,0.91529,2.87,1.5
16.08.2021 00:05:10.714,0.9154,0.9153,1.31,1.5
16.08.2021 00:05:10.815,0.9154,0.9153,2.87,1.5
16.08.2021 00:05:11.264,0.9154,0.9153,1.25,1.5
16.08.2021 00:05:11.399,0.9154,0.9153,2.31,1.5
16.08.2021 00:05:11.501,0.9154,0.9153,1.12,1.5
16.08.2021 00:05:11.674,0.9154100000000001,0.91529,1.75,1.5
16.08.2021 00:05:11.775,0.9154,0.9153,1.25,1.5
16.08.2021 00:05:11.876,0.9154,0.9153,2.31,1.5
16.08.2021 00:05:12.078,0.9154,0.9153,1.25,1.5
16.08.2021 00:05:12.179,0.9154,0.9153,2.31,1.5
16.08.2021 00:05:12.382,0.9154,0.9153,2.06,1.87
16.08.2021 00:05:12.483,0.9154,0.9153,2.87,1.87
16.08.2021 00:05:12.584,0.9154,0.9153,1.25,1.87
16.08.2021 00:05:12.685,0.9154,0.9153,2.87,1.87
16.08.2021 00:05:12.787,0.9154,0.9153,1.25,2.25
16.08.2021 00:05:13.039,0.9154,0.9153,2.69,2.25
16.08.2021 00:05:13.140,0.9154,0.9153,1.25,2.25
16.08.2021 00:05:17.416,0.9154100000000001,0.9153100000000001,1,1.12
16.08.2021 00:05:20.148,0.9154100000000001,0.9153100000000001,2.37,1.5
16.08.2021 00:05:20.506,0.9154100000000001,0.9153100000000001,1,1.87
16.08.2021 00:05:20.607,0.9154,0.9153100000000001,1.25,1.5
16.08.2021 00:05:20.719,0.9154100000000001,0.9153100000000001,1,1.87
16.08.2021 00:05:22.223,0.9154100000000001,0.9153100000000001,2.37,1.5
16.08.2021 00:05:22.325,0.9154200000000001,0.9153,1,2.62
16.08.2021 00:05:22.426,0.9154100000000001,0.9153,1.25,2.62
16.08.2021 00:05:22.528,0.9154100000000001,0.9153100000000001,2.44,2.25
16.08.2021 00:05:35.949,0.91538,0.91528,1,2.45
16.08.2021 00:05:36.000,0.91539,0.9152700000000001,1,2.32
16.08.2021 00:05:36.101,0.9154,0.9152700000000001,1.12,1.87
16.08.2021 00:05:36.152,0.9153700000000001,0.91528,1,1
16.08.2021 00:05:36.254,0.91538,0.91528,1,1
16.08.2021 00:05:44.809,0.9153600000000001,0.9152600000000001,1,1.5
16.08.2021 00:05:44.860,0.9153700000000001,0.91525,1,1.12
16.08.2021 00:05:44.911,0.91538,0.91528,1.51,1
16.08.2021 00:05:49.805,0.9153600000000001,0.91525,1,2.47
16.08.2021 00:05:49.906,0.9153700000000001,0.9152700000000001,1.31,1
16.08.2021 00:05:52.795,0.9153600000000001,0.9152600000000001,1,1.87
16.08.2021 00:05:52.896,0.91538,0.9152600000000001,1.12,1
16.08.2021 00:05:56.770,0.9153700000000001,0.91525,1,1.87
16.08.2021 00:05:56.872,0.9153700000000001,0.9152700000000001,1.2,1
16.08.2021 00:05:57.075,0.9153600000000001,0.9152600000000001,1,1.87
16.08.2021 00:05:57.176,0.9153700000000001,0.9152700000000001,1.39,1
16.08.2021 00:05:57.530,0.9153600000000001,0.9152600000000001,1,1.87
16.08.2021 00:05:57.632,0.9153700000000001,0.9152700000000001,1.2,1
16.08.2021 00:06:01.424,0.9153700000000001,0.9152700000000001,2.01,1
16.08.2021 00:06:01.525,0.9153700000000001,0.9152700000000001,1.01,1
16.08.2021 00:06:01.626,0.91538,0.9152600000000001,2.01,1
16.08.2021 00:06:01.727,0.9153700000000001,0.9152700000000001,1.01,1
16.08.2021 00:06:04.412,0.9153700000000001,0.9152700000000001,2.95,1
16.08.2021 00:06:04.513,0.9153700000000001,0.9152700000000001,1.01,1
16.08.2021 00:06:06.996,0.9153700000000001,0.9152700000000001,2.95,1
16.08.2021 00:06:07.097,0.9153700000000001,0.9152700000000001,1.01,1
16.08.2021 00:06:07.299,0.9153700000000001,0.9152700000000001,2.39,1
16.08.2021 00:06:07.401,0.9153700000000001,0.9152700000000001,1.01,1
16.08.2021 00:06:07.502,0.9153700000000001,0.9152700000000001,2.95,1
16.08.2021 00:06:07.603,0.9153700000000001,0.9152700000000001,1.01,1
16.08.2021 00:06:08.159,0.9153700000000001,0.9152700000000001,2.01,1
16.08.2021 00:06:08.210,0.91535,0.91525,1,2.32
16.08.2021 00:06:08.260,0.9153700000000001,0.9152700000000001,1.57,1
16.08.2021 00:06:08.362,0.91534,0.91524,1,1.87
16.08.2021 00:06:10.394,0.9153600000000001,0.91525,1.79,1.12
16.08.2021 00:06:11.305,0.91535,0.91525,1.26,1
16.08.2021 00:06:11.422,0.9153700000000001,0.91524,2.04,1
16.08.2021 00:06:11.574,0.91535,0.91525,3.32,1
16.08.2021 00:06:11.675,0.91535,0.91525,1.1,1
16.08.2021 00:06:11.777,0.91535,0.91525,2.95,1
16.08.2021 00:06:11.979,0.91535,0.91525,1.01,1
16.08.2021 00:06:12.213,0.91535,0.91525,2.95,1
16.08.2021 00:06:12.416,0.91535,0.91525,1.01,1
16.08.2021 00:06:12.568,0.91535,0.91525,3.32,1
16.08.2021 00:06:12.669,0.91535,0.91525,1.01,1
16.08.2021 00:06:12.771,0.91535,0.91525,2.95,1
16.08.2021 00:06:12.923,0.9153600000000001,0.91525,2.04,1
16.08.2021 00:06:13.074,0.91535,0.91525,1.26,1
16.08.2021 00:06:13.185,0.9153600000000001,0.91525,2.04,1
16.08.2021 00:06:13.347,0.91535,0.91525,1.26,1
16.08.2021 00:06:13.449,0.9153600000000001,0.91525,2.04,1
16.08.2021 00:06:13.601,0.91535,0.91525,1.26,1
16.08.2021 00:06:13.753,0.9153600000000001,0.91525,1.35,1
16.08.2021 00:06:13.956,0.91535,0.91525,2.01,1
16.08.2021 00:06:14.109,0.9153600000000001,0.91525,2.04,1
16.08.2021 00:06:14.262,0.91535,0.91525,1.26,1
16.08.2021 00:06:14.465,0.9153600000000001,0.91525,2.04,1
16.08.2021 00:06:14.566,0.91535,0.91525,1.26,1
16.08.2021 00:06:14.668,0.9153700000000001,0.91524,2.97,1
16.08.2021 00:06:14.770,0.91535,0.91525,2.01,1
16.08.2021 00:06:14.923,0.9153700000000001,0.91524,1.79,1
16.08.2021 00:06:15.078,0.91535,0.91525,1.35,1
16.08.2021 00:06:15.179,0.91535,0.91525,1.01,1
16.08.2021 00:06:15.284,0.91535,0.91525,1.35,1
16.08.2021 00:06:15.436,0.9153700000000001,0.91524,2.04,1
16.08.2021 00:06:15.587,0.91535,0.91525,2.01,1
16.08.2021 00:06:15.689,0.9153600000000001,0.91525,2.79,1
16.08.2021 00:06:15.841,0.9153600000000001,0.91524,2.39,1
16.08.2021 00:06:15.942,0.9153600000000001,0.91525,2.6,1
16.08.2021 00:06:16.046,0.91535,0.91525,1.26,1
16.08.2021 00:06:16.896,0.91535,0.91525,1.01,1
16.08.2021 00:06:16.997,0.91535,0.91525,1.26,1
16.08.2021 00:06:17.098,0.9153700000000001,0.91524,2.04,1
16.08.2021 00:06:17.250,0.91535,0.91525,3.32,1
16.08.2021 00:06:17.452,0.91535,0.91525,1,1
16.08.2021 00:06:17.553,0.91535,0.91525,1.94,1
16.08.2021 00:06:17.705,0.9153600000000001,0.91525,2.01,1
16.08.2021 00:06:17.807,0.91535,0.91525,1.5,1
16.08.2021 00:06:17.959,0.91535,0.91525,1.87,1
16.08.2021 00:06:18.161,0.91535,0.91525,2.2,1
16.08.2021 00:06:18.262,0.9153600000000001,0.91525,1.26,1
16.08.2021 00:06:18.414,0.91535,0.91525,1.94,1
16.08.2021 00:06:18.616,0.91535,0.91525,1.25,1
16.08.2021 00:06:18.717,0.91535,0.91525,2.31,1
16.08.2021 00:06:18.869,0.9153700000000001,0.91524,2.01,1
16.08.2021 00:06:18.970,0.91535,0.91525,2.31,1
16.08.2021 00:06:19.122,0.9153600000000001,0.91525,1.76,1
16.08.2021 00:06:19.173,0.91535,0.91525,1.94,1
16.08.2021 00:06:19.375,0.9153600000000001,0.91525,3.51,1
16.08.2021 00:06:19.526,0.91535,0.91525,3.25,1
16.08.2021 00:06:19.628,0.91535,0.91525,1.25,1
16.08.2021 00:06:19.729,0.91535,0.91525,2.12,1
16.08.2021 00:06:19.931,0.9153600000000001,0.91525,1.01,1
16.08.2021 00:06:19.982,0.91535,0.91525,1.5,1
16.08.2021 00:06:20.083,0.9153600000000001,0.91525,1.82,1
16.08.2021 00:06:20.184,0.91535,0.91525,2.12,1
16.08.2021 00:06:20.335,0.9153600000000001,0.91525,1.01,1
16.08.2021 00:06:20.387,0.9153600000000001,0.91524,1.5,1
16.08.2021 00:06:20.488,0.91535,0.91525,1.25,1
16.08.2021 00:06:20.589,0.91535,0.91525,2.12,1
16.08.2021 00:06:20.791,0.91535,0.91525,1.31,1
16.08.2021 00:06:20.892,0.91535,0.91525,1.56,1
16.08.2021 00:06:21.094,0.91535,0.91525,1.25,1
16.08.2021 00:06:21.195,0.91535,0.91525,1.64,1
16.08.2021 00:06:21.347,0.91535,0.91525,1,1
16.08.2021 00:06:21.449,0.91535,0.91525,2.87,1
16.08.2021 00:06:21.606,0.91535,0.91525,1.87,1
16.08.2021 00:06:21.707,0.91535,0.91525,2.12,1
16.08.2021 00:06:21.909,0.9153600000000001,0.91524,1.25,1
16.08.2021 00:06:22.061,0.91535,0.91525,1.94,1
16.08.2021 00:06:22.162,0.91535,0.91525,1.25,1
16.08.2021 00:06:22.263,0.91535,0.91525,2.87,1
16.08.2021 00:06:22.414,0.91535,0.91525,1.25,1
16.08.2021 00:06:22.617,0.91535,0.91525,2.95,1
16.08.2021 00:06:22.769,0.91535,0.91525,1.25,1
16.08.2021 00:06:22.870,0.91535,0.91525,2.87,1
16.08.2021 00:06:23.174,0.9153600000000001,0.91525,3.51,1
16.08.2021 00:06:23.326,0.91535,0.91525,1.94,1
16.08.2021 00:06:23.427,0.91535,0.91525,1.25,1
16.08.2021 00:06:23.579,0.91535,0.91525,1.94,1
16.08.2021 00:06:23.731,0.9153600000000001,0.91524,1,1
16.08.2021 00:06:23.832,0.91535,0.91525,2.12,1
16.08.2021 00:06:23.896,0.9153600000000001,0.91525,1.01,1
16.08.2021 00:06:23.947,0.91535,0.91525,1.94,1
16.08.2021 00:06:24.049,0.91535,0.91525,1.25,1
16.08.2021 00:06:24.151,0.91535,0.91525,2.31,1
16.08.2021 00:06:24.253,0.91535,0.91525,1.31,1
16.08.2021 00:06:24.355,0.91535,0.91525,2.95,1
16.08.2021 00:06:24.559,0.91535,0.91525,1.25,1
16.08.2021 00:06:24.712,0.91535,0.91525,1.5,1
16.08.2021 00:06:24.814,0.9153600000000001,0.91524,1.25,1
16.08.2021 00:06:24.967,0.91535,0.91525,1.5,1
16.08.2021 00:06:25.119,0.91535,0.91525,1.25,1
16.08.2021 00:06:25.222,0.91535,0.91525,2.12,1
16.08.2021 00:06:25.374,0.9153600000000001,0.91525,2.01,1
16.08.2021 00:06:25.680,0.91535,0.91525,2.5,1
16.08.2021 00:06:25.833,0.9153600000000001,0.91525,2.01,1
16.08.2021 00:06:25.986,0.91535,0.91525,3.25,1
16.08.2021 00:06:26.190,0.9153600000000001,0.91525,2.01,1
16.08.2021 00:06:26.292,0.91535,0.91525,2.31,1
16.08.2021 00:06:26.598,0.9153600000000001,0.91525,2.01,1
16.08.2021 00:06:26.700,0.91535,0.91525,2.95,1
16.08.2021 00:06:26.852,0.9153600000000001,0.91525,1.01,1
16.08.2021 00:06:26.903,0.91535,0.91525,1.5,1
16.08.2021 00:06:27.005,0.91535,0.91525,1.25,1
16.08.2021 00:06:27.106,0.9153600000000001,0.91524,2.12,1
16.08.2021 00:06:27.257,0.91535,0.91525,1,1
16.08.2021 00:06:27.359,0.91535,0.91525,2.39,1
16.08.2021 00:06:28.308,0.91535,0.91525,1.69,1
16.08.2021 00:06:28.409,0.91535,0.91525,3.62,1
16.08.2021 00:06:28.511,0.91535,0.91525,1,1
16.08.2021 00:06:28.612,0.9153600000000001,0.91525,1.01,1
16.08.2021 00:06:28.763,0.9153600000000001,0.91525,2.39,1
16.08.2021 00:06:28.970,0.9153600000000001,0.91525,1.01,1
16.08.2021 00:06:29.071,0.9153600000000001,0.91525,2.95,1
16.08.2021 00:06:29.223,0.9153600000000001,0.91525,1.01,1
16.08.2021 00:06:29.375,0.9153600000000001,0.91525,2.95,1
16.08.2021 00:06:29.933,0.9153600000000001,0.91525,1.01,1
16.08.2021 00:06:30.035,0.91535,0.91525,1.56,1
16.08.2021 00:06:30.086,0.9153600000000001,0.91525,1.01,1
16.08.2021 00:06:30.238,0.9153600000000001,0.91525,2.95,1
16.08.2021 00:06:30.441,0.9153600000000001,0.91525,1.01,1.5
16.08.2021 00:06:30.492,0.91535,0.91525,2.5,1.5
16.08.2021 00:06:30.645,0.91535,0.91525,1.25,1.5
16.08.2021 00:06:30.747,0.91535,0.91525,2.12,1.5
16.08.2021 00:06:30.848,0.9153600000000001,0.91525,2.95,1.5
16.08.2021 00:06:31.102,0.91535,0.91525,2.87,1.5
16.08.2021 00:06:31.204,0.9153700000000001,0.91524,3.32,1.5
16.08.2021 00:06:31.305,0.9153600000000001,0.91525,1.01,1.5
16.08.2021 00:06:31.458,0.91535,0.91525,2.5,1.5
16.08.2021 00:06:31.560,0.91535,0.91525,1.25,1.5
16.08.2021 00:06:31.662,0.9153600000000001,0.91525,1.01,1.5
16.08.2021 00:06:31.763,0.9153700000000001,0.91524,2.95,1.5
16.08.2021 00:06:31.916,0.91535,0.91525,2.12,1.5
16.08.2021 00:06:32.120,0.91535,0.91525,1.25,1
16.08.2021 00:06:32.221,0.9153700000000001,0.91524,1.01,1
16.08.2021 00:06:32.323,0.91535,0.91525,2.31,1
16.08.2021 00:06:32.593,0.91535,0.91525,1.25,1
16.08.2021 00:06:32.696,0.91535,0.91525,2.87,1
16.08.2021 00:06:32.900,0.9153600000000001,0.91524,1,1
16.08.2021 00:06:33.002,0.91535,0.91525,2.87,1
16.08.2021 00:06:33.509,0.91535,0.91525,1,1
16.08.2021 00:06:33.611,0.91535,0.91525,2.31,1
16.08.2021 00:06:33.952,0.91535,0.91525,1.31,1
16.08.2021 00:06:34.054,0.9153600000000001,0.91525,1.76,1
16.08.2021 00:06:34.155,0.9153600000000001,0.91525,2.95,1
16.08.2021 00:06:34.256,0.91535,0.91525,1.37,1
16.08.2021 00:06:34.357,0.91535,0.9152600000000001,2.12,1
16.08.2021 00:06:34.408,0.9153600000000001,0.9152600000000001,1.01,1
16.08.2021 00:06:34.459,0.91535,0.9152600000000001,1.37,1
16.08.2021 00:06:34.560,0.9153600000000001,0.9152600000000001,1.01,1
16.08.2021 00:06:34.611,0.91535,0.9152600000000001,1.75,1
16.08.2021 00:06:34.662,0.9153600000000001,0.9152600000000001,1.01,1
16.08.2021 00:06:34.763,0.91535,0.9152600000000001,1.56,1
16.08.2021 00:06:34.864,0.9153600000000001,0.9152600000000001,3.32,1
16.08.2021 00:06:34.974,0.9153600000000001,0.91525,2.12,1
16.08.2021 00:06:35.176,0.9153600000000001,0.9152600000000001,2.01,1
16.08.2021 00:06:35.278,0.91539,0.91528,1,1.12
16.08.2021 00:06:35.379,0.9154,0.9153,1,2.32
16.08.2021 00:06:35.430,0.9154,0.91533,1,1
16.08.2021 00:06:35.531,0.9154100000000001,0.9153100000000001,1,1.12
16.08.2021 00:06:37.286,0.9154,0.9153100000000001,1,1.12
16.08.2021 00:06:37.337,0.91533,0.9152600000000001,1,1.5
16.08.2021 00:06:37.388,0.9153600000000001,0.9152600000000001,1,2.1
16.08.2021 00:06:37.490,0.9153700000000001,0.9152700000000001,1,1.95
16.08.2021 00:06:37.592,0.91538,0.91528,1.25,1
16.08.2021 00:06:39.344,0.9154,0.9153,1.87,1.1
16.08.2021 00:06:39.446,0.9154100000000001,0.9153,1.5,1.95
16.08.2021 00:06:41.740,0.91535,0.9152600000000001,1,1.2
16.08.2021 00:06:41.841,0.91535,0.91525,1.69,1.5
16.08.2021 00:06:41.993,0.91535,0.91525,2.69,1
16.08.2021 00:06:42.094,0.91535,0.91525,1.25,1
16.08.2021 00:06:43.219,0.9153600000000001,0.9152600000000001,2.57,1
16.08.2021 00:06:43.478,0.9153700000000001,0.91525,1.01,1
16.08.2021 00:06:43.630,0.9153600000000001,0.9152600000000001,3.32,1
16.08.2021 00:06:43.833,0.9153600000000001,0.9152600000000001,1.01,1
16.08.2021 00:06:43.985,0.9153600000000001,0.9152600000000001,2.01,1
16.08.2021 00:06:44.939,0.91535,0.9152600000000001,1.94,1
16.08.2021 00:06:45.041,0.9153600000000001,0.9152600000000001,3.32,1
16.08.2021 00:06:45.496,0.9153600000000001,0.9152600000000001,1.01,1
16.08.2021 00:06:45.648,0.9153600000000001,0.9152600000000001,2.76,1
16.08.2021 00:06:46.204,0.9153600000000001,0.9152600000000001,1.01,1
16.08.2021 00:06:46.305,0.9153600000000001,0.9152600000000001,2.95,1
16.08.2021 00:06:46.456,0.9153600000000001,0.9152600000000001,1.01,1
16.08.2021 00:06:46.558,0.9153700000000001,0.91525,1.94,1
16.08.2021 00:06:46.659,0.91538,0.91528,1.5,1.97
16.08.2021 00:06:46.710,0.91539,0.91529,1,2.7
16.08.2021 00:06:46.761,0.91539,0.91533,1,1
16.08.2021 00:06:46.811,0.9154,0.9153,1,2.25
16.08.2021 00:06:48.102,0.9154,0.9153,1,2.37
16.08.2021 00:06:48.203,0.9154,0.9153,1,2.25
16.08.2021 00:06:48.595,0.9154100000000001,0.91529,1,2.37
16.08.2021 00:06:48.696,0.9154,0.9153,1,2.25
16.08.2021 00:06:48.811,0.9154,0.9153,1,2.37
16.08.2021 00:06:48.912,0.9154,0.9153,1,2.25
16.08.2021 00:06:49.497,0.9154,0.9153,1,2.37
16.08.2021 00:06:49.598,0.9154,0.9153,1,2.25
16.08.2021 00:06:49.699,0.9154,0.9153,1,2.37
16.08.2021 00:06:49.800,0.9154100000000001,0.91529,1,2.25
16.08.2021 00:06:49.901,0.9154,0.9153,1,2.37
16.08.2021 00:06:50.003,0.9154,0.9153,1,2.25
16.08.2021 00:06:50.132,0.9154,0.9153,1,2.37
16.08.2021 00:06:50.233,0.9154,0.9153,1,2.25
16.08.2021 00:06:51.640,0.9154,0.9153,1,2.45
16.08.2021 00:06:51.741,0.9154,0.91535,1,1
16.08.2021 00:06:51.792,0.9154,0.9153,1,2.45
16.08.2021 00:06:54.981,0.9154200000000001,0.9153100000000001,1,2.25
16.08.2021 00:06:55.082,0.91543,0.9153200000000001,1,2.45
16.08.2021 00:07:00.149,0.91544,0.91533,1,1.87
16.08.2021 00:07:00.250,0.91546,0.9154,1,1
16.08.2021 00:07:00.351,0.91548,0.9154,1,1
16.08.2021 00:07:00.453,0.91549,0.9153700000000001,1,1
16.08.2021 00:07:00.971,0.91549,0.9154200000000001,1.25,1
16.08.2021 00:07:01.174,0.91549,0.9154,1,1
16.08.2021 00:07:02.047,0.9155000000000001,0.9154100000000001,1.25,1
16.08.2021 00:07:02.250,0.9155200000000001,0.9154100000000001,1,2.25
16.08.2021 00:07:02.615,0.9155200000000001,0.91544,1,1
16.08.2021 00:07:03.370,0.9155200000000001,0.9154100000000001,1,2.25
16.08.2021 00:07:07.261,0.9155200000000001,0.91544,1,1.5
16.08.2021 00:07:07.362,0.9155500000000001,0.91549,1,1
16.08.2021 00:07:08.136,0.9155700000000001,0.91548,1.25,1
16.08.2021 00:07:08.238,0.9155700000000001,0.91549,1.25,1
16.08.2021 00:07:08.348,0.9155700000000001,0.91549,2.12,1
16.08.2021 00:07:08.966,0.91556,0.91549,1.25,1
16.08.2021 00:07:09.017,0.9155700000000001,0.91549,1.69,1
16.08.2021 00:07:09.118,0.91556,0.91549,1.25,1
16.08.2021 00:07:09.271,0.9155700000000001,0.91549,1.87,1
16.08.2021 00:07:09.423,0.91556,0.91549,1.25,1
16.08.2021 00:07:09.627,0.9155700000000001,0.91549,1.69,1
16.08.2021 00:07:09.779,0.91556,0.91549,1.25,1
16.08.2021 00:07:10.033,0.9155700000000001,0.91549,1.69,1
16.08.2021 00:07:10.134,0.91556,0.91549,1.25,1
16.08.2021 00:07:10.286,0.9155700000000001,0.91549,1.69,1
16.08.2021 00:07:10.388,0.91556,0.91549,1.25,1
16.08.2021 00:07:10.642,0.9155700000000001,0.91549,1.69,1
16.08.2021 00:07:10.743,0.91556,0.91549,1.25,1
16.08.2021 00:07:11.097,0.9155700000000001,0.91549,1.69,1
16.08.2021 00:07:11.198,0.91556,0.91549,1.25,1
16.08.2021 00:07:11.400,0.9155700000000001,0.91549,1.69,1
16.08.2021 00:07:11.506,0.91556,0.91549,1.25,1
16.08.2021 00:07:11.965,0.9155700000000001,0.91549,1.69,1
16.08.2021 00:07:12.067,0.9155700000000001,0.91548,1.25,1
16.08.2021 00:07:13.957,0.9155200000000001,0.91543,1.5,1
16.08.2021 00:07:14.059,0.9155000000000001,0.91543,1.25,1
16.08.2021 00:07:14.210,0.91551,0.91543,1.25,1
16.08.2021 00:07:14.311,0.9155000000000001,0.91539,1.25,2.45
16.08.2021 00:07:14.673,0.9155000000000001,0.91539,1.25,2.25
16.08.2021 00:07:27.082,0.9155000000000001,0.9154,1,1
16.08.2021 00:07:33.417,0.9155200000000001,0.91539,1.5,1.2
16.08.2021 00:07:33.467,0.91553,0.91544,1,1
16.08.2021 00:07:33.569,0.91554,0.91544,1.5,1
16.08.2021 00:07:41.878,0.91553,0.91544,1,1
16.08.2021 00:07:42.787,0.9155500000000001,0.91543,1,1
16.08.2021 00:07:49.098,0.91556,0.9154500000000001,1,1
16.08.2021 00:07:51.468,0.91554,0.91544,1,2.37
16.08.2021 00:07:51.576,0.91556,0.9154500000000001,1,1
16.08.2021 00:07:54.718,0.9155200000000001,0.91546,1.5,1
16.08.2021 00:07:58.243,0.91551,0.9154200000000001,1,1
16.08.2021 00:07:59.861,0.9155000000000001,0.9154200000000001,1,1
16.08.2021 00:08:00.016,0.9155000000000001,0.9154,1.5,1.2
16.08.2021 00:08:00.117,0.9155000000000001,0.91539,1.5,2.32
16.08.2021 00:08:00.218,0.9155000000000001,0.9154100000000001,1,1
16.08.2021 00:08:09.138,0.9155200000000001,0.91543,1,1.31
16.08.2021 00:08:09.189,0.91554,0.91544,1.5,1
16.08.2021 00:08:09.240,0.91554,0.9154500000000001,1,1.62
16.08.2021 00:08:09.341,0.91556,0.91544,1,2.64
16.08.2021 00:08:14.943,0.91556,0.91546,1.5,1.5
16.08.2021 00:08:15.573,0.9155700000000001,0.9154700000000001,1.5,1.12
16.08.2021 00:08:50.216,0.9155700000000001,0.91546,1,1
16.08.2021 00:08:50.317,0.91556,0.91546,1.5,1.12
16.08.2021 00:09:05.410,0.91558,0.9154700000000001,1.5,2.51
16.08.2021 00:09:53.464,0.91558,0.9154700000000001,1.5,3.29
16.08.2021 00:10:22.232,0.9155200000000001,0.91543,2.25,1.1
16.08.2021 00:10:22.334,0.91551,0.9154100000000001,1,3.29
16.08.2021 00:10:22.436,0.91551,0.9154100000000001,1.87,1.76
16.08.2021 00:10:22.587,0.91551,0.91539,1,3.29
16.08.2021 00:10:27.851,0.91551,0.9154100000000001,1.87,1.1
16.08.2021 00:10:28.298,0.91551,0.9154,1,1.1
16.08.2021 00:11:00.228,0.9155000000000001,0.9154,1.5,2.06
16.08.2021 00:11:00.330,0.91549,0.9154,1,1.12
16.08.2021 00:11:00.431,0.91548,0.91539,1,1.5
16.08.2021 00:11:04.145,0.91546,0.91539,1,1.12
16.08.2021 00:11:04.246,0.91544,0.91538,2.25,1
16.08.2021 00:11:04.297,0.9154200000000001,0.91535,1,1
16.08.2021 00:11:04.399,0.9154200000000001,0.91533,1.5,1.1
16.08.2021 00:11:04.500,0.91543,0.91534,1,1
16.08.2021 00:11:06.456,0.9154100000000001,0.9153200000000001,1,2.64
16.08.2021 00:11:06.558,0.9154100000000001,0.9153200000000001,1,1.12
16.08.2021 00:11:08.752,0.9154100000000001,0.9153100000000001,1.5,3.64
16.08.2021 00:11:08.904,0.9154,0.9153100000000001,1,1
16.08.2021 00:11:09.158,0.9154100000000001,0.9153100000000001,1.25,1.5
16.08.2021 00:11:11.323,0.9154100000000001,0.91533,1,1
16.08.2021 00:11:11.425,0.9154200000000001,0.91533,1.5,1
16.08.2021 00:11:11.527,0.91546,0.9153700000000001,1.5,2.44
16.08.2021 00:11:11.628,0.91548,0.91538,1.5,2.16
16.08.2021 00:11:14.430,0.91549,0.91539,1.5,1.57
16.08.2021 00:11:28.094,0.91548,0.91539,1,1.1
16.08.2021 00:11:28.196,0.91549,0.91539,1.5,1.57
16.08.2021 00:11:32.064,0.91549,0.91539,1.5,1.89
16.08.2021 00:11:32.813,0.91549,0.91539,1.5,1.57
16.08.2021 00:11:32.923,0.91549,0.91539,1.5,1.89
16.08.2021 00:11:35.030,0.9155000000000001,0.9154,1,1.31
16.08.2021 00:12:02.204,0.9155000000000001,0.9154,1,1.75
16.08.2021 00:12:02.305,0.91554,0.9154200000000001,1,1.87
16.08.2021 00:12:02.457,0.91554,0.91544,1.87,1
16.08.2021 00:12:03.076,0.91554,0.91544,1.5,1.5
16.08.2021 00:12:03.127,0.91556,0.9154700000000001,1,1
16.08.2021 00:12:03.228,0.9155700000000001,0.9154700000000001,2.25,1.57
16.08.2021 00:12:03.905,0.91558,0.91548,1,1.5
16.08.2021 00:12:18.652,0.9155700000000001,0.91548,1,1.1
16.08.2021 00:12:20.518,0.9155700000000001,0.9154700000000001,1,1.12
16.08.2021 00:12:26.433,0.91558,0.91548,1.5,1
16.08.2021 00:12:52.501,0.9155700000000001,0.9154700000000001,1.5,1.5
16.08.2021 00:12:54.562,0.91553,0.9154500000000001,1,1
16.08.2021 00:12:54.665,0.9155200000000001,0.9154200000000001,1,2.91
16.08.2021 00:12:56.213,0.91553,0.9154100000000001,1,2.14
16.08.2021 00:12:56.415,0.9155200000000001,0.9154200000000001,1,2.95
16.08.2021 00:12:56.517,0.9155200000000001,0.9154200000000001,1,2.14
16.08.2021 00:12:56.873,0.9155200000000001,0.9154200000000001,1,2.95
16.08.2021 00:12:57.025,0.9155200000000001,0.9154200000000001,1,2.14
16.08.2021 00:12:57.487,0.9155200000000001,0.9154200000000001,1,2.95
16.08.2021 00:12:57.588,0.91553,0.91543,1,1.25
16.08.2021 00:13:02.087,0.9155500000000001,0.91546,1,1.2
16.08.2021 00:13:02.189,0.9155700000000001,0.9154700000000001,1.5,1.1
16.08.2021 00:13:35.172,0.91558,0.91548,1.5,1
16.08.2021 00:13:48.234,0.9155700000000001,0.91548,1,1
16.08.2021 00:13:48.386,0.91558,0.91548,1.5,1.5
16.08.2021 00:13:54.445,0.91559,0.9155000000000001,1,1
16.08.2021 00:13:54.547,0.91558,0.9155000000000001,1,1
16.08.2021 00:13:54.597,0.91558,0.91548,1,1.69
16.08.2021 00:13:56.688,0.91558,0.91548,1.5,2.5
16.08.2021 00:13:56.839,0.91558,0.91548,1.5,1.69
16.08.2021 00:13:56.945,0.91558,0.91548,1.5,2.5
16.08.2021 00:13:57.047,0.91559,0.9154700000000001,1.5,1.69
16.08.2021 00:13:57.148,0.91558,0.91548,1.5,2.5
16.08.2021 00:13:57.299,0.91558,0.91548,1.5,1.69
16.08.2021 00:13:57.401,0.91558,0.91548,1.5,2.5
16.08.2021 00:13:57.502,0.91558,0.91548,1.5,1.69
16.08.2021 00:13:57.632,0.91558,0.91548,1.5,2.5
16.08.2021 00:13:57.733,0.91558,0.91548,1.5,1.69
16.08.2021 00:13:57.956,0.91558,0.91548,1.5,2.5
16.08.2021 00:13:58.057,0.91559,0.9154700000000001,1.5,1.69
16.08.2021 00:13:58.158,0.91558,0.91548,1.5,2.5
16.08.2021 00:13:58.309,0.91558,0.91548,1.5,1.69
16.08.2021 00:13:58.667,0.9155700000000001,0.91548,1,1
16.08.2021 00:14:08.844,0.9155700000000001,0.9154700000000001,1,1.5
16.08.2021 00:14:09.815,0.9155200000000001,0.9154200000000001,1.5,3.66
16.08.2021 00:14:09.916,0.91551,0.9154200000000001,1,1.12
16.08.2021 00:14:10.017,0.91551,0.9154100000000001,1.5,1.01
16.08.2021 00:14:13.343,0.9155000000000001,0.9154100000000001,1,1.25
16.08.2021 00:14:15.568,0.91551,0.9154200000000001,1,1
16.08.2021 00:14:33.377,0.91556,0.91546,3.19,1.87
16.08.2021 00:14:33.479,0.9155700000000001,0.9154700000000001,1.5,1.57
16.08.2021 00:14:35.955,0.91558,0.91548,1.5,2.51
16.08.2021 00:14:38.072,0.9155700000000001,0.91548,1,1.1
16.08.2021 00:14:38.224,0.91558,0.91548,1.5,2.51
16.08.2021 00:14:45.442,0.9155700000000001,0.91548,1,1.1
16.08.2021 00:14:47.497,0.91558,0.91548,2.06,1.5
16.08.2021 00:14:49.601,0.91556,0.91546,1.5,1.2
16.08.2021 00:14:49.702,0.9155500000000001,0.91546,1,1
16.08.2021 00:14:49.753,0.9155500000000001,0.91544,1.87,1.76
16.08.2021 00:14:51.080,0.91554,0.91544,1,1.01
16.08.2021 00:15:00.288,0.9155000000000001,0.9154100000000001,1,1.76
16.08.2021 00:15:00.643,0.9155200000000001,0.91543,2.25,1.31
16.08.2021 00:15:00.745,0.91551,0.9154200000000001,1,1.76
16.08.2021 00:15:01.753,0.9155200000000001,0.9154,1.87,2.51
16.08.2021 00:15:02.413,0.91551,0.9154,1.5,1.25
16.08.2021 00:15:04.221,0.91549,0.91539,1.5,2.89
16.08.2021 00:15:04.323,0.91548,0.91539,1,1.1
16.08.2021 00:15:04.525,0.9154700000000001,0.91538,1,1.39
16.08.2021 00:15:04.626,0.9154700000000001,0.9153700000000001,1,2.89
16.08.2021 00:15:04.848,0.9154700000000001,0.91538,1.5,1
16.08.2021 00:15:05.955,0.91543,0.91533,1,2.07
16.08.2021 00:15:06.006,0.91543,0.91533,1,1.95
16.08.2021 00:15:06.108,0.9154100000000001,0.9153100000000001,1,3.01
16.08.2021 00:15:06.310,0.9154100000000001,0.9153100000000001,1.5,2.14
16.08.2021 00:15:06.411,0.9154100000000001,0.9153200000000001,1,1
16.08.2021 00:15:06.813,0.91539,0.9153,1,2.51
16.08.2021 00:15:06.914,0.91539,0.9153100000000001,1,1
16.08.2021 00:15:08.845,0.91539,0.9153,1,2.89
16.08.2021 00:15:09.918,0.9154100000000001,0.9153200000000001,1,1.01
16.08.2021 00:15:10.020,0.9154200000000001,0.9153200000000001,1,1.76
16.08.2021 00:15:13.984,0.9154200000000001,0.9153200000000001,1,1.79
16.08.2021 00:15:15.182,0.9154200000000001,0.9153200000000001,1,2.14
16.08.2021 00:15:17.638,0.9154200000000001,0.91533,1,1
16.08.2021 00:15:23.900,0.91543,0.91534,1,1.57
16.08.2021 00:15:24.002,0.91546,0.9153700000000001,1.25,1.57
16.08.2021 00:15:24.105,0.9154700000000001,0.91538,1.5,1.1
16.08.2021 00:15:24.983,0.91549,0.91538,1,1
16.08.2021 00:15:27.051,0.9155000000000001,0.91538,1.5,1.57
16.08.2021 00:15:28.851,0.9154700000000001,0.91539,1,1
16.08.2021 00:15:28.904,0.91549,0.91539,1,1.5
16.08.2021 00:15:32.067,0.9155000000000001,0.9154,1,2.14
16.08.2021 00:15:32.169,0.9155000000000001,0.9154,1,2.16
16.08.2021 00:15:35.305,0.9155000000000001,0.9154200000000001,1,1
16.08.2021 00:15:37.299,0.91551,0.9154200000000001,1,1
16.08.2021 00:15:37.753,0.91551,0.9154100000000001,1.5,1.57
16.08.2021 00:15:38.027,0.9155000000000001,0.9154100000000001,1,1.01
16.08.2021 00:15:38.128,0.91551,0.9154100000000001,1.5,1.76
16.08.2021 00:15:39.045,0.9155200000000001,0.9154100000000001,1,1
16.08.2021 00:15:39.575,0.91553,0.91543,2.25,1.69
16.08.2021 00:15:40.050,0.9155200000000001,0.91543,1,1.69
16.08.2021 00:15:40.840,0.9155200000000001,0.91544,1,1
16.08.2021 00:15:43.455,0.9155200000000001,0.91543,1,1.69
16.08.2021 00:15:44.981,0.91553,0.91543,1,1
16.08.2021 00:15:48.879,0.9155200000000001,0.91543,1.5,1.69
16.08.2021 00:15:49.031,0.9155200000000001,0.9154200000000001,3,1.87
16.08.2021 00:15:49.132,0.91551,0.9154200000000001,1,1.5
16.08.2021 00:15:49.658,0.9155200000000001,0.9154200000000001,3,1.5
16.08.2021 00:15:49.946,0.91551,0.9154200000000001,1,1.5
16.08.2021 00:15:52.839,0.9155000000000001,0.9154200000000001,1,1
16.08.2021 00:15:53.531,0.91551,0.9154200000000001,1,1
16.08.2021 00:15:56.157,0.9155000000000001,0.9154100000000001,1.5,1.69
16.08.2021 00:15:57.117,0.91551,0.9154200000000001,1,1
16.08.2021 00:16:00.372,0.91548,0.9154,1,1
16.08.2021 00:16:00.473,0.91551,0.9154,1,1.31
16.08.2021 00:16:00.575,0.91551,0.9154100000000001,1.5,2.06
16.08.2021 00:16:00.676,0.9155000000000001,0.9154200000000001,1,1
16.08.2021 00:16:01.564,0.91551,0.9154200000000001,1,1
16.08.2021 00:16:02.427,0.9155000000000001,0.9154200000000001,1,1
16.08.2021 00:16:04.640,0.91551,0.9154200000000001,1,1.5
16.08.2021 00:16:05.760,0.91553,0.91544,1.57,1
16.08.2021 00:16:05.862,0.91554,0.9154500000000001,1.5,1
16.08.2021 00:16:06.819,0.9155500000000001,0.9154500000000001,1.5,2.44
16.08.2021 00:16:11.977,0.9155500000000001,0.91544,1,1
16.08.2021 00:16:12.078,0.9155500000000001,0.9154500000000001,1.5,1.5
16.08.2021 00:16:13.201,0.91554,0.9154500000000001,1,1.5
16.08.2021 00:16:13.800,0.91556,0.9154700000000001,1.57,1
16.08.2021 00:16:13.952,0.9155700000000001,0.9154700000000001,1.57,1.69
16.08.2021 00:16:14.368,0.9155200000000001,0.91544,1,1.5
16.08.2021 00:16:14.570,0.91554,0.9154500000000001,1.57,1
16.08.2021 00:16:14.671,0.91553,0.91544,1,1.5
16.08.2021 00:16:14.772,0.91554,0.91544,1.57,1.5
16.08.2021 00:16:16.552,0.9155700000000001,0.9154500000000001,1.76,1
16.08.2021 00:16:16.653,0.91556,0.9154700000000001,1.1,1
16.08.2021 00:16:18.297,0.9155500000000001,0.91543,3.07,2.94
16.08.2021 00:16:18.399,0.91553,0.91544,1,1.5
16.08.2021 00:16:18.601,0.91554,0.91544,3.07,2.94
16.08.2021 00:16:18.702,0.91553,0.91544,1,1.69
16.08.2021 00:16:19.129,0.91553,0.91543,1,1
16.08.2021 00:16:19.697,0.91553,0.91544,1.1,1
16.08.2021 00:16:20.962,0.91554,0.91544,1.57,2.44
16.08.2021 00:16:25.093,0.91553,0.91544,1,1
16.08.2021 00:16:25.194,0.9155200000000001,0.91544,1,1
16.08.2021 00:16:25.296,0.91553,0.91544,1.5,1
16.08.2021 00:16:28.028,0.9155000000000001,0.9154100000000001,1,1.25
16.08.2021 00:16:33.196,0.9155000000000001,0.9154,1.57,1.69
16.08.2021 00:16:33.297,0.91549,0.9154,1,1.25
16.08.2021 00:16:35.693,0.91548,0.9154,1,1.69
16.08.2021 00:16:38.244,0.91548,0.91538,1.5,1.2
16.08.2021 00:16:39.653,0.91548,0.91538,1,3.04
16.08.2021 00:16:39.754,0.91549,0.9153700000000001,1,2.22
16.08.2021 00:16:42.267,0.9154700000000001,0.91538,1.5,1.12
16.08.2021 00:16:45.649,0.9154700000000001,0.91538,1,3.04
16.08.2021 00:16:48.141,0.9154700000000001,0.91538,1,2.22
16.08.2021 00:16:48.275,0.9154700000000001,0.91538,1,3.04
16.08.2021 00:16:48.684,0.9154700000000001,0.91538,1,2.79
16.08.2021 00:16:50.475,0.9154700000000001,0.91538,1,3.04
16.08.2021 00:16:50.626,0.9154700000000001,0.91538,1,2.22
16.08.2021 00:16:50.892,0.9154700000000001,0.91538,1,3.04
16.08.2021 00:16:50.993,0.9154700000000001,0.9154,1,1
16.08.2021 00:16:51.095,0.91549,0.9154,1,1.75
16.08.2021 00:16:51.246,0.91549,0.9154,1,1.25
16.08.2021 00:16:51.347,0.91549,0.9154,1,1.25
16.08.2021 00:16:51.499,0.91549,0.91539,1,3.04
16.08.2021 00:16:51.802,0.91549,0.9154,1,1.25
16.08.2021 00:16:51.928,0.91549,0.91539,1,3.04
16.08.2021 00:16:55.310,0.9155000000000001,0.91538,1,1.47
16.08.2021 00:16:55.411,0.91549,0.91539,1,2.29
16.08.2021 00:16:55.540,0.91549,0.91539,1,1.47
16.08.2021 00:16:55.758,0.91549,0.91539,1,2.29
16.08.2021 00:16:55.882,0.91549,0.91539,1,1.47
16.08.2021 00:16:56.136,0.91549,0.91539,1,2.29
16.08.2021 00:16:56.878,0.91549,0.91539,1,1.47
16.08.2021 00:16:56.980,0.91549,0.91539,1,2.29
16.08.2021 00:16:57.254,0.91549,0.91539,1,1.47
16.08.2021 00:16:57.554,0.9155000000000001,0.91538,1,2.29
16.08.2021 00:16:57.898,0.91549,0.91539,1,1.47
16.08.2021 00:16:57.999,0.91549,0.91539,1,2.29
16.08.2021 00:16:58.767,0.91549,0.91539,1,1.47
16.08.2021 00:16:58.876,0.91549,0.91539,1,2.29
16.08.2021 00:17:00.023,0.91549,0.91539,1,1.47
16.08.2021 00:17:00.183,0.91549,0.91539,1,2.29
16.08.2021 00:17:00.284,0.91549,0.91539,1,1.47
16.08.2021 00:17:00.633,0.91548,0.91539,1,1.1
16.08.2021 00:17:14.351,0.9154700000000001,0.91538,1,1.12
16.08.2021 00:17:19.274,0.91548,0.91538,1.5,2.06
16.08.2021 00:17:50.258,0.91549,0.9153700000000001,1.5,2.87
16.08.2021 00:17:59.495,0.91549,0.9154,1.57,1.25
16.08.2021 00:18:06.538,0.9155000000000001,0.9154,1.5,2.5
16.08.2021 00:18:10.315,0.91551,0.9154100000000001,1.5,1.69
16.08.2021 00:18:12.272,0.9155000000000001,0.9154100000000001,1,1.25
16.08.2021 00:18:27.206,0.9155000000000001,0.9154,1,1.69
16.08.2021 00:18:31.523,0.9155000000000001,0.9154,1.5,2.5
16.08.2021 00:18:41.310,0.9155000000000001,0.9154,1.5,1.69
16.08.2021 00:18:41.564,0.91549,0.91539,1.5,1.31
16.08.2021 00:19:05.538,0.9154500000000001,0.9153600000000001,1,1.5
16.08.2021 00:19:05.590,0.9154500000000001,0.91535,1.5,2.81
16.08.2021 00:19:05.641,0.9154500000000001,0.9153700000000001,1,1
16.08.2021 00:19:05.743,0.91548,0.9153600000000001,2.32,2.81
16.08.2021 00:19:06.663,0.9154700000000001,0.91538,1.5,1.25
16.08.2021 00:19:06.765,0.91546,0.91538,1,1.25
16.08.2021 00:19:06.867,0.91544,0.91535,3.37,1.87
16.08.2021 00:19:06.969,0.91543,0.91534,1,1
16.08.2021 00:19:10.299,0.91543,0.91533,1.57,1.12
16.08.2021 00:19:38.554,0.91543,0.91534,1.57,1
16.08.2021 00:19:42.546,0.91543,0.91534,1.6,1
16.08.2021 00:19:53.682,0.91543,0.91534,1.57,1
16.08.2021 00:19:55.760,0.91543,0.91533,1.57,2.06
16.08.2021 00:19:57.388,0.91546,0.91538,1.1,1
16.08.2021 00:19:57.539,0.9154700000000001,0.91538,1.1,1
16.08.2021 00:19:58.163,0.91544,0.91534,3.45,2.44
16.08.2021 00:19:58.265,0.91543,0.91534,1.1,1
16.08.2021 00:20:03.246,0.9154500000000001,0.91534,1.6,1
16.08.2021 00:20:03.347,0.91543,0.91534,1.1,1.5
16.08.2021 00:20:06.180,0.9154200000000001,0.91533,1,1.87
16.08.2021 00:20:06.282,0.9154500000000001,0.9153600000000001,1.1,1
16.08.2021 00:20:06.332,0.9154500000000001,0.9153700000000001,1,1
16.08.2021 00:20:06.534,0.9154700000000001,0.91538,1.57,1
16.08.2021 00:20:07.451,0.9154700000000001,0.9153700000000001,1.57,1.5
16.08.2021 00:20:07.553,0.9154700000000001,0.91539,1.1,1
16.08.2021 00:20:09.902,0.91548,0.91539,1.57,1
16.08.2021 00:21:18.683,0.91548,0.91539,1,2.5
16.08.2021 00:21:36.717,0.91548,0.91539,1.57,1
16.08.2021 00:22:16.799,0.91549,0.91539,1.57,1.69
16.08.2021 00:22:34.401,0.91548,0.91539,1,1
16.08.2021 00:22:39.418,0.91549,0.91539,1.57,1.5
16.08.2021 00:22:45.276,0.91548,0.91539,1,1
16.08.2021 00:22:45.510,0.91548,0.9153700000000001,1,1
16.08.2021 00:22:45.661,0.9154700000000001,0.91539,1,1
16.08.2021 00:22:46.509,0.91548,0.91539,1,1.25
16.08.2021 00:22:54.661,0.9154700000000001,0.91538,1,1
16.08.2021 00:22:54.762,0.91548,0.91538,1.5,1.69
16.08.2021 00:22:55.166,0.91548,0.91538,1.5,2.69
16.08.2021 00:23:06.562,0.91549,0.9154,1.1,1
16.08.2021 00:23:16.512,0.9154700000000001,0.9154,1,1
16.08.2021 00:23:16.714,0.91548,0.9154,1.1,1
16.08.2021 00:23:22.541,0.9154500000000001,0.9153600000000001,1.57,1.5
16.08.2021 00:23:22.692,0.9154500000000001,0.91535,3.45,1.5
16.08.2021 00:23:22.844,0.9154500000000001,0.91535,3.47,1.5
16.08.2021 00:23:32.388,0.9154,0.91534,1,1
16.08.2021 00:23:32.503,0.9154,0.91533,1,1
16.08.2021 00:23:32.553,0.91543,0.9153200000000001,1.1,1
16.08.2021 00:23:34.164,0.9154200000000001,0.91534,1.1,1
16.08.2021 00:23:34.266,0.91543,0.91534,1.2,1
16.08.2021 00:23:36.435,0.91543,0.91534,1.97,1
16.08.2021 00:23:37.483,0.91543,0.91534,1.95,1
16.08.2021 00:23:43.090,0.91546,0.9153600000000001,3.1,1
16.08.2021 00:23:43.241,0.9154500000000001,0.9153600000000001,3.47,1
16.08.2021 00:23:43.343,0.9154500000000001,0.91535,4.54,1.5
16.08.2021 00:23:44.528,0.9154500000000001,0.9153600000000001,1.01,1
16.08.2021 00:23:45.408,0.9154500000000001,0.91535,1,1
16.08.2021 00:23:55.918,0.9154500000000001,0.9153600000000001,1.1,1
16.08.2021 00:23:57.496,0.9154500000000001,0.9153700000000001,1.01,1
16.08.2021 00:23:58.983,0.91544,0.9153600000000001,1,1
16.08.2021 00:23:59.033,0.9154500000000001,0.9153700000000001,1.01,1
16.08.2021 00:23:59.739,0.91544,0.9153700000000001,1,1
16.08.2021 00:23:59.840,0.9154500000000001,0.9153700000000001,1.01,1
16.08.2021 00:24:00.416,0.91544,0.9153600000000001,1,1
16.08.2021 00:24:00.467,0.9154500000000001,0.9153700000000001,1.1,1
16.08.2021 00:24:00.518,0.91543,0.9153700000000001,1,1
16.08.2021 00:24:00.568,0.9154500000000001,0.9153700000000001,1.1,1
16.08.2021 00:24:00.720,0.91544,0.9153600000000001,1,1
16.08.2021 00:24:00.770,0.9154500000000001,0.9153700000000001,1.1,1
16.08.2021 00:24:01.729,0.91543,0.9153700000000001,1,1
16.08.2021 00:24:01.780,0.9154500000000001,0.9153700000000001,1.1,1
16.08.2021 00:24:02.284,0.91543,0.9153700000000001,1,1
16.08.2021 00:24:02.335,0.9154500000000001,0.9153700000000001,1.1,1
16.08.2021 00:24:02.900,0.91543,0.9153700000000001,1,1
16.08.2021 00:24:02.951,0.9154500000000001,0.9153700000000001,1.01,1
16.08.2021 00:24:03.002,0.91543,0.9153700000000001,1,1
16.08.2021 00:24:03.054,0.9154500000000001,0.9153600000000001,1.1,1
16.08.2021 00:24:13.653,0.91544,0.91533,1.22,1
16.08.2021 00:24:21.542,0.91544,0.91535,1.1,1
16.08.2021 00:24:21.594,0.91544,0.91535,1.1,1
16.08.2021 00:24:29.865,0.91544,0.9153600000000001,1.97,1
16.08.2021 00:24:29.916,0.9154200000000001,0.91534,1,1
16.08.2021 00:24:31.549,0.91544,0.91534,1.1,1
16.08.2021 00:24:33.338,0.91543,0.91534,1.1,1
16.08.2021 00:24:35.076,0.9154200000000001,0.91534,1,1
16.08.2021 00:24:35.127,0.9154,0.9153200000000001,1,1
16.08.2021 00:24:35.228,0.9154200000000001,0.91534,1.1,1
16.08.2021 00:24:41.456,0.91543,0.91534,1.1,1
16.08.2021 00:24:42.018,0.91543,0.91534,1.22,1
16.08.2021 00:24:42.382,0.91543,0.91534,1.2,1
16.08.2021 00:24:42.483,0.91544,0.91533,1.22,1
16.08.2021 00:24:42.588,0.91544,0.91533,1.2,1
16.08.2021 00:24:42.841,0.91543,0.91534,1.22,1
16.08.2021 00:24:42.942,0.91543,0.91534,1.2,1
16.08.2021 00:24:43.043,0.91543,0.91534,1.22,1
16.08.2021 00:24:43.206,0.91543,0.91534,1.2,1
16.08.2021 00:24:43.358,0.91543,0.91534,1.22,1
16.08.2021 00:24:43.459,0.91543,0.91534,1.2,1
16.08.2021 00:24:43.561,0.91543,0.91534,1.22,1
16.08.2021 00:24:43.662,0.91543,0.91534,1.2,1
16.08.2021 00:24:43.764,0.91543,0.91534,1.22,1
16.08.2021 00:24:54.624,0.91543,0.91534,1.2,1
16.08.2021 00:24:59.474,0.91543,0.91534,1.22,1
16.08.2021 00:24:59.576,0.91543,0.91534,1.2,1
16.08.2021 00:25:00.442,0.91543,0.91534,1.22,1
16.08.2021 00:25:00.543,0.91543,0.91534,1.2,1
16.08.2021 00:25:03.518,0.91544,0.91535,1.2,1
16.08.2021 00:25:03.619,0.91546,0.91538,1.6,1
16.08.2021 00:25:03.670,0.9154700000000001,0.91539,1,1
16.08.2021 00:25:03.872,0.91548,0.91539,1,1
16.08.2021 00:25:06.314,0.91548,0.9154,1,1
16.08.2021 00:25:09.052,0.9154700000000001,0.91538,1,1
16.08.2021 00:25:09.103,0.9154500000000001,0.91538,1,1
16.08.2021 00:25:09.254,0.91546,0.91538,1.1,1
16.08.2021 00:25:11.845,0.91548,0.91539,1.35,1
16.08.2021 00:25:12.412,0.9154700000000001,0.91538,1.1,1
16.08.2021 00:25:13.731,0.91548,0.91539,1.1,1
16.08.2021 00:25:13.833,0.91544,0.91538,1.1,1
16.08.2021 00:25:13.884,0.9154700000000001,0.91538,1.1,1
16.08.2021 00:25:13.986,0.9154700000000001,0.91539,1.1,1
16.08.2021 00:25:58.766,0.91546,0.9153700000000001,1.22,1
16.08.2021 00:25:58.918,0.91544,0.9153700000000001,1,1
16.08.2021 00:25:59.019,0.91546,0.9153600000000001,1.1,1
16.08.2021 00:25:59.963,0.9154500000000001,0.9153600000000001,1.1,1
16.08.2021 00:26:03.611,0.91546,0.91539,1.1,1
16.08.2021 00:26:03.712,0.9154700000000001,0.91539,1.1,1
16.08.2021 00:27:27.627,0.9154700000000001,0.91538,1.5,1
16.08.2021 00:27:35.612,0.91548,0.91538,1.87,1
16.08.2021 00:28:04.728,0.91548,0.91539,1.12,1
16.08.2021 00:28:07.708,0.91548,0.91539,1.1,1
16.08.2021 00:29:06.068,0.9154700000000001,0.9154,1.1,1
16.08.2021 00:29:06.321,0.91549,0.9154,1.1,2.44
16.08.2021 00:29:07.087,0.91548,0.91539,1.1,1
16.08.2021 00:29:11.086,0.91549,0.9154,1.6,1
16.08.2021 00:29:48.345,0.91548,0.9154100000000001,1.1,1
16.08.2021 00:29:48.926,0.91549,0.9154,1.1,1
16.08.2021 00:29:49.147,0.91549,0.91538,1.1,1
16.08.2021 00:30:18.634,0.9154700000000001,0.91538,1.6,1
16.08.2021 00:30:19.107,0.91548,0.91539,2.35,1
16.08.2021 00:30:44.384,0.9154700000000001,0.91538,1.57,1
16.08.2021 00:30:45.205,0.9154700000000001,0.91539,1.1,1
16.08.2021 00:30:55.820,0.91548,0.9154100000000001,1.1,1
16.08.2021 00:31:01.010,0.91549,0.9154100000000001,1.1,1
16.08.2021 00:31:01.111,0.91549,0.9154100000000001,1.1,1
16.08.2021 00:31:02.821,0.91549,0.9154100000000001,1.1,1
16.08.2021 00:31:02.923,0.91549,0.9154100000000001,1.1,1
16.08.2021 00:31:03.660,0.91549,0.9154100000000001,1.1,1
16.08.2021 00:31:08.972,0.91549,0.9154100000000001,1.1,1
16.08.2021 00:31:10.983,0.91549,0.9154100000000001,1.1,1
16.08.2021 00:31:11.087,0.91549,0.9154100000000001,1.1,1
16.08.2021 00:31:12.131,0.91549,0.9154100000000001,1.1,1
16.08.2021 00:31:12.250,0.91549,0.9154100000000001,1.1,1
16.08.2021 00:31:12.946,0.91549,0.9154100000000001,1.1,1
16.08.2021 00:31:13.047,0.91549,0.9154100000000001,1.1,1
16.08.2021 00:31:21.345,0.91549,0.9154100000000001,1.1,1
16.08.2021 00:31:30.806,0.91549,0.9154100000000001,1.6,1
16.08.2021 00:31:56.844,0.9155000000000001,0.9154,1.1,1
16.08.2021 00:31:56.946,0.91549,0.9154100000000001,1.1,1
16.08.2021 00:31:57.048,0.91549,0.9154100000000001,1.1,1
16.08.2021 00:31:57.150,0.91549,0.9154100000000001,1.1,1
16.08.2021 00:32:16.299,0.9154700000000001,0.9154,1.1,1
16.08.2021 00:32:24.638,0.9154700000000001,0.9154,1.1,1
16.08.2021 00:32:24.689,0.9154500000000001,0.9153600000000001,2.32,1
16.08.2021 00:32:24.791,0.9154200000000001,0.9153600000000001,1.1,1
16.08.2021 00:32:26.883,0.9154200000000001,0.91535,1.1,1
16.08.2021 00:32:33.531,0.91543,0.91535,1,1
16.08.2021 00:32:41.237,0.91543,0.9153600000000001,1,1
16.08.2021 00:32:41.288,0.9154700000000001,0.91539,1,1
16.08.2021 00:32:41.389,0.9154700000000001,0.9154,1,1
16.08.2021 00:32:41.898,0.91549,0.91539,1.1,1
16.08.2021 00:33:34.945,0.9154700000000001,0.9154,1,1
16.08.2021 00:33:35.202,0.91549,0.91539,1.1,1
16.08.2021 00:33:42.150,0.91548,0.9154,1.1,1
16.08.2021 00:33:47.289,0.91548,0.9154,1.1,1
16.08.2021 00:33:56.409,0.91548,0.91539,1.57,1
16.08.2021 00:34:34.925,0.91549,0.9154,1.57,1
16.08.2021 00:34:35.026,0.9155000000000001,0.9154100000000001,3.07,1
16.08.2021 00:34:35.127,0.9155200000000001,0.91543,4.95,1
16.08.2021 00:35:59.525,0.9155200000000001,0.91544,1.5,1
16.08.2021 00:36:02.914,0.9155200000000001,0.9154500000000001,1,1
16.08.2021 00:36:03.015,0.91556,0.9154700000000001,1.1,2.06
16.08.2021 00:36:03.066,0.9155700000000001,0.91549,1.12,1
16.08.2021 00:36:08.853,0.91558,0.91549,1.57,1
16.08.2021 00:37:09.953,0.91558,0.91549,2.07,1
16.08.2021 00:37:10.003,0.91554,0.9154500000000001,2.44,1
16.08.2021 00:37:10.105,0.9155200000000001,0.9154500000000001,1.12,1
16.08.2021 00:37:10.155,0.91551,0.9154200000000001,1,1.69
16.08.2021 00:37:12.204,0.91551,0.91543,1.1,1
16.08.2021 00:37:47.273,0.9155000000000001,0.9154200000000001,1,1
16.08.2021 00:37:47.374,0.9155200000000001,0.9154100000000001,1.2,1.5
16.08.2021 00:38:11.429,0.9155200000000001,0.91543,1.87,1
16.08.2021 00:38:11.531,0.9155200000000001,0.9154200000000001,2.62,1.5
16.08.2021 00:38:11.733,0.9155200000000001,0.9154100000000001,1,1.5
16.08.2021 00:38:12.937,0.9155200000000001,0.9154200000000001,1.87,1.5
16.08.2021 00:38:16.432,0.9155200000000001,0.9154500000000001,1,1
16.08.2021 00:38:16.533,0.9155500000000001,0.91546,1.5,1
16.08.2021 00:38:16.786,0.91556,0.91546,1.87,1
16.08.2021 00:38:17.641,0.91556,0.9154700000000001,1.5,1
16.08.2021 00:38:23.508,0.9155700000000001,0.91548,1,1
16.08.2021 00:38:25.568,0.91558,0.91548,1,1
16.08.2021 00:38:30.929,0.9155700000000001,0.91548,1,1
16.08.2021 00:38:40.324,0.9155700000000001,0.91549,1,1
16.08.2021 00:38:40.830,0.91559,0.91549,1.87,1
16.08.2021 00:38:58.242,0.91558,0.91548,1,1.69
16.08.2021 00:39:37.110,0.9155700000000001,0.91548,1,1
16.08.2021 00:39:46.157,0.91558,0.91548,1.5,1.69
16.08.2021 00:39:49.149,0.91558,0.91548,1.5,2.5
16.08.2021 00:40:49.381,0.91558,0.91548,1,1.87
16.08.2021 00:40:58.115,0.9155700000000001,0.91548,1,1.12
16.08.2021 00:40:58.253,0.91558,0.91548,1.5,2.06
16.08.2021 00:40:58.632,0.9155700000000001,0.91548,1,1.12
16.08.2021 00:40:58.733,0.91558,0.91548,1.5,2.06
16.08.2021 00:41:00.288,0.9155700000000001,0.91548,1,1.12
16.08.2021 00:41:00.390,0.91558,0.91548,1.5,1.87
16.08.2021 00:41:17.510,0.9155700000000001,0.91548,1,1
16.08.2021 00:41:58.295,0.9155200000000001,0.9154500000000001,1,1
16.08.2021 00:41:58.346,0.9155200000000001,0.91543,1,1.12
16.08.2021 00:41:58.397,0.91549,0.9154200000000001,1.5,1.25
16.08.2021 00:41:58.448,0.91549,0.9154,1.12,1
16.08.2021 00:41:58.549,0.9155000000000001,0.9154,1.5,2.81
16.08.2021 00:42:01.664,0.91549,0.9154,1,1
16.08.2021 00:42:01.765,0.9155000000000001,0.9154,1.87,1.5
16.08.2021 00:42:02.064,0.91548,0.91539,1,1
16.08.2021 00:42:02.165,0.91549,0.91539,1.87,1.5
16.08.2021 00:42:02.267,0.91551,0.9154,1,1.25
16.08.2021 00:42:05.912,0.9154500000000001,0.9153700000000001,1,2.07
16.08.2021 00:42:05.963,0.9154700000000001,0.91538,1,1
16.08.2021 00:42:06.166,0.91548,0.91538,1.39,1.5
16.08.2021 00:42:09.019,0.91548,0.91538,2.2,1.5
16.08.2021 00:42:09.221,0.91549,0.9153700000000001,1.95,1.5
16.08.2021 00:42:09.423,0.91548,0.9153700000000001,1,1
16.08.2021 00:42:10.127,0.91548,0.91538,1.57,1.87
16.08.2021 00:42:10.228,0.91548,0.91539,1,1
16.08.2021 00:42:10.341,0.91549,0.91539,1,1.87
16.08.2021 00:42:10.694,0.91548,0.91539,1,1
16.08.2021 00:42:10.796,0.91549,0.91539,1.5,1.5
16.08.2021 00:42:12.533,0.91548,0.91539,1,1
16.08.2021 00:42:12.735,0.91549,0.91539,1.5,1.5
16.08.2021 00:42:14.833,0.9155000000000001,0.9154,1.87,1
16.08.2021 00:42:18.227,0.9155000000000001,0.9154100000000001,1,1
16.08.2021 00:42:32.785,0.9155000000000001,0.9154,1.87,1
16.08.2021 00:43:36.567,0.9155000000000001,0.9154,1.5,1.75
16.08.2021 00:43:42.915,0.9155000000000001,0.9154,1.5,1.25
16.08.2021 00:44:22.753,0.91549,0.91539,1,2.56
16.08.2021 00:44:30.491,0.9155000000000001,0.9154,1,1.69
16.08.2021 00:45:16.235,0.91549,0.9154,1,1.12
16.08.2021 00:45:49.451,0.9154500000000001,0.9153600000000001,3,1.75
16.08.2021 00:45:49.502,0.91544,0.91535,1,2.32
16.08.2021 00:45:49.603,0.91543,0.91534,1,1.25
16.08.2021 00:45:49.705,0.9154200000000001,0.91534,1,1.25
16.08.2021 00:45:53.529,0.9154100000000001,0.91533,1,1
16.08.2021 00:45:59.420,0.9154100000000001,0.9153100000000001,1.5,1.57
16.08.2021 00:46:04.549,0.9154100000000001,0.9153200000000001,1,1
16.08.2021 00:46:58.123,0.9154200000000001,0.9153200000000001,1.5,1.25
16.08.2021 00:47:56.836,0.9154500000000001,0.91535,1.5,2.95
16.08.2021 00:47:56.988,0.91546,0.9153700000000001,1,1.12
16.08.2021 00:47:57.090,0.9154700000000001,0.91538,1.5,1.45
16.08.2021 00:47:57.302,0.91548,0.91539,1,1
16.08.2021 00:48:02.631,0.91549,0.91539,1.5,1
16.08.2021 00:48:32.149,0.91549,0.9154,1,1
16.08.2021 00:48:54.289,0.91544,0.9153700000000001,1.5,1
16.08.2021 00:48:54.390,0.9154500000000001,0.9153700000000001,2.25,1.12
16.08.2021 00:48:58.349,0.9154500000000001,0.9153600000000001,2.25,1.25
16.08.2021 00:49:02.674,0.91546,0.9153600000000001,1.5,1.25
16.08.2021 00:49:05.403,0.91546,0.9153700000000001,1,1
16.08.2021 00:49:38.929,0.91546,0.91535,1.5,2.32
16.08.2021 00:49:38.980,0.91543,0.91534,1,1.81
16.08.2021 00:49:39.082,0.91543,0.91533,1,1.12
16.08.2021 00:50:14.533,0.91544,0.9153600000000001,1.87,1.5
16.08.2021 00:50:14.634,0.91546,0.91538,1,1.76
16.08.2021 00:50:14.736,0.9154700000000001,0.91539,1,1.1
16.08.2021 00:50:14.888,0.91549,0.9154,1,1.76
16.08.2021 00:50:15.106,0.91549,0.9154,1,2.16
16.08.2021 00:50:15.207,0.91549,0.9154,1,2.14
16.08.2021 00:50:19.347,0.9155000000000001,0.9154,1,2.44
16.08.2021 00:50:25.905,0.91549,0.9154,1,2.14
16.08.2021 00:50:46.297,0.91549,0.9154,1,1.75
16.08.2021 00:51:06.683,0.91549,0.9154,1,1
16.08.2021 00:51:09.395,0.9154700000000001,0.9153700000000001,3.75,1.25
16.08.2021 00:51:09.497,0.91546,0.9153700000000001,1,1
16.08.2021 00:51:09.598,0.91543,0.91534,1,1.12
16.08.2021 00:51:09.700,0.91543,0.91533,1.5,2.25
16.08.2021 00:51:32.394,0.91544,0.91534,1.5,1
16.08.2021 00:51:32.546,0.91546,0.9153700000000001,1,1
16.08.2021 00:51:32.597,0.9154500000000001,0.91535,3,1.87
16.08.2021 00:51:32.698,0.91544,0.91534,1,3.69
16.08.2021 00:51:32.849,0.91544,0.91534,1,2.81
16.08.2021 00:52:01.132,0.9154700000000001,0.9153700000000001,2.25,2.89
16.08.2021 00:52:01.233,0.9154700000000001,0.91539,1,1
16.08.2021 00:52:02.040,0.91548,0.91539,1.5,1
16.08.2021 00:52:03.672,0.91549,0.91539,1,2.44
16.08.2021 00:52:12.094,0.91549,0.9154,1,1
16.08.2021 00:52:24.652,0.91548,0.91539,1,1.12
16.08.2021 00:52:24.753,0.91549,0.91539,1,1.87
16.08.2021 00:52:30.433,0.9155000000000001,0.91539,1,1
16.08.2021 00:52:30.636,0.91549,0.91539,1,2.06
16.08.2021 00:52:33.257,0.91549,0.9154,1,1
16.08.2021 00:52:48.788,0.91549,0.9154100000000001,1,1
16.08.2021 00:53:02.866,0.9155000000000001,0.91538,1.5,2.06
16.08.2021 00:53:02.917,0.9155000000000001,0.9154,1,1
16.08.2021 00:53:10.358,0.91548,0.91538,1,2.06
16.08.2021 00:53:10.460,0.91548,0.9154,1,1
16.08.2021 00:53:20.891,0.91548,0.91538,1,1.69
16.08.2021 00:53:20.992,0.91548,0.91539,1,1
16.08.2021 00:53:44.319,0.91548,0.91539,1,1.75
16.08.2021 00:53:49.298,0.91549,0.91539,1.5,2.5
16.08.2021 00:53:53.283,0.91549,0.91539,1.5,1.69
16.08.2021 00:54:03.097,0.9155000000000001,0.91539,1,1.25
16.08.2021 00:54:17.018,0.91548,0.91538,1.5,1.01
16.08.2021 00:54:19.241,0.91544,0.91535,1,1.6
16.08.2021 00:54:19.292,0.9154500000000001,0.91534,1,1.2
16.08.2021 00:54:22.298,0.9154500000000001,0.91535,1.57,1.12
16.08.2021 00:54:31.733,0.9154700000000001,0.91538,1,1.25
16.08.2021 00:54:31.835,0.91549,0.9153700000000001,1.1,2.06
16.08.2021 00:54:41.776,0.91548,0.91538,1,1.97
16.08.2021 00:54:47.308,0.91549,0.91539,1.5,1.2
16.08.2021 00:54:48.852,0.91549,0.9154,1,1.1
16.08.2021 00:54:53.887,0.91553,0.91543,1.5,3
16.08.2021 00:54:54.001,0.91554,0.91544,1.5,1
16.08.2021 00:54:55.706,0.9155500000000001,0.91546,1,1.2
16.08.2021 00:54:55.858,0.91556,0.91546,1,1.97
16.08.2021 00:54:57.385,0.91556,0.91546,1,1.95
16.08.2021 00:55:00.089,0.9155200000000001,0.9154200000000001,2.25,3.35
16.08.2021 00:55:00.191,0.9155500000000001,0.9154500000000001,1,1
16.08.2021 00:55:00.292,0.91556,0.91546,1.5,2.14
16.08.2021 00:55:00.394,0.91554,0.91544,3,1.2
16.08.2021 00:55:00.495,0.91556,0.91546,1.5,1.25
16.08.2021 00:55:00.697,0.9155500000000001,0.91546,1,1.12
16.08.2021 00:55:00.799,0.91553,0.91544,1,1.12
16.08.2021 00:55:00.901,0.91556,0.91546,1.69,1.5
16.08.2021 00:55:01.002,0.9155700000000001,0.9154700000000001,1.5,1
16.08.2021 00:55:02.337,0.91556,0.9154700000000001,1,1
16.08.2021 00:55:05.757,0.9155700000000001,0.9154700000000001,1.5,1.1
16.08.2021 00:55:22.475,0.91556,0.9154700000000001,1,1
16.08.2021 00:55:23.757,0.9155500000000001,0.9154700000000001,1,1.1
16.08.2021 00:55:23.858,0.91551,0.9154100000000001,1,3.39
16.08.2021 00:55:23.959,0.91549,0.9154,1,2.54
16.08.2021 00:55:26.968,0.91549,0.91539,1.5,2.54
16.08.2021 00:55:27.732,0.91548,0.91538,1.5,1.79
16.08.2021 00:55:30.041,0.91548,0.91539,1,1.35
16.08.2021 00:55:34.582,0.91549,0.91539,1,2.6
16.08.2021 00:55:51.658,0.91549,0.9153700000000001,1,2.16
16.08.2021 00:55:51.761,0.91549,0.91539,1.5,1.01
16.08.2021 00:55:55.036,0.91548,0.91538,1,2.91
16.08.2021 00:56:00.256,0.91548,0.91538,1.5,1.57
16.08.2021 00:56:15.374,0.91548,0.91539,1,1
16.08.2021 00:56:21.113,0.91548,0.9153700000000001,1.5,2.14
16.08.2021 00:56:33.759,0.91548,0.9153700000000001,1.5,2.16
16.08.2021 00:56:35.887,0.9154700000000001,0.9153700000000001,1,1.22
16.08.2021 00:56:41.082,0.91548,0.9153700000000001,1.5,2.16
16.08.2021 00:56:41.285,0.91548,0.9153700000000001,1.5,2.16
16.08.2021 00:56:41.401,0.91548,0.9153700000000001,1.5,2.16
16.08.2021 00:56:41.502,0.91548,0.9153700000000001,1.5,2.16
16.08.2021 00:56:41.654,0.91548,0.9153700000000001,1.5,1.97
16.08.2021 00:56:41.806,0.91548,0.9153700000000001,1.5,2.16
16.08.2021 00:56:41.907,0.91549,0.9153600000000001,1.5,2.16
16.08.2021 00:56:42.008,0.91548,0.9153700000000001,1.5,2.16
16.08.2021 00:56:42.112,0.91548,0.9153700000000001,1.5,2.16
16.08.2021 00:56:42.317,0.91548,0.9153700000000001,1.5,2.16
16.08.2021 00:56:42.431,0.91548,0.9153700000000001,1.5,2.16
16.08.2021 00:56:42.653,0.91548,0.9153700000000001,1.5,2.16
16.08.2021 00:56:42.805,0.91548,0.9153700000000001,1.5,2.16
16.08.2021 00:56:44.094,0.91548,0.9153700000000001,1.5,2.16
16.08.2021 00:56:44.216,0.91548,0.9153700000000001,1.5,2.16
16.08.2021 00:56:44.349,0.91548,0.9153700000000001,1.5,2.16
16.08.2021 00:56:44.450,0.91548,0.9153700000000001,1.5,2.16
16.08.2021 00:56:45.389,0.91548,0.9153700000000001,1.5,2.16
16.08.2021 00:56:45.490,0.91548,0.9153700000000001,1.5,2.16
16.08.2021 00:56:45.856,0.91548,0.9153700000000001,1.5,2.16
16.08.2021 00:56:45.957,0.91548,0.9153700000000001,1.5,2.16
16.08.2021 00:56:47.782,0.91549,0.9153600000000001,1.5,2.16
16.08.2021 00:56:47.883,0.91548,0.9153700000000001,1.5,2.16
16.08.2021 00:56:49.185,0.91548,0.9153700000000001,1.5,2.16
16.08.2021 00:56:49.286,0.91548,0.9153700000000001,1.5,2.16
16.08.2021 00:56:49.415,0.91548,0.9153700000000001,1.5,2.16
16.08.2021 00:56:49.516,0.91548,0.9153700000000001,1.5,2.16
16.08.2021 00:56:50.063,0.91548,0.9153700000000001,1.5,2.16
16.08.2021 00:56:50.165,0.91548,0.9153700000000001,1.5,2.16
16.08.2021 00:56:50.690,0.91548,0.9153700000000001,1.5,2.16
16.08.2021 00:56:50.841,0.91548,0.9153700000000001,1.5,2.16
16.08.2021 00:56:50.993,0.91548,0.9153700000000001,1.5,2.16
16.08.2021 00:56:51.115,0.91548,0.9153700000000001,1.5,2.16
16.08.2021 00:56:52.137,0.91548,0.9153700000000001,1.5,2.16
16.08.2021 00:56:52.248,0.91548,0.9153700000000001,1.5,2.16
16.08.2021 00:56:53.432,0.91548,0.9153700000000001,1.5,2.16
16.08.2021 00:56:53.534,0.91549,0.91539,1.5,1.35
16.08.2021 00:56:53.804,0.91549,0.91539,1.5,1.01
16.08.2021 00:56:53.956,0.91549,0.91539,1.5,1.35
16.08.2021 00:56:54.058,0.91549,0.91539,1.5,1.01
16.08.2021 00:56:55.019,0.91549,0.91539,1.5,1.35
16.08.2021 00:56:55.121,0.91549,0.91539,1.5,1.1
16.08.2021 00:56:55.744,0.91549,0.91539,1.5,1.35
16.08.2021 00:56:55.846,0.91549,0.91539,1.5,1.01
16.08.2021 00:56:56.049,0.91549,0.91539,1.5,1.35
16.08.2021 00:56:56.152,0.91549,0.91539,1.5,1.1
16.08.2021 00:56:56.941,0.91549,0.91539,1.5,1.35
16.08.2021 00:56:57.043,0.91549,0.91539,1.5,1.1
16.08.2021 00:56:57.195,0.91549,0.91539,1.5,1.35
16.08.2021 00:56:57.297,0.91549,0.91539,1.5,1.1
16.08.2021 00:56:57.652,0.91549,0.91539,1.5,1.35
16.08.2021 00:56:57.754,0.91549,0.91539,1.5,1.1
16.08.2021 00:56:59.181,0.91549,0.91539,1.5,1.35
16.08.2021 00:56:59.284,0.9155000000000001,0.91538,1.5,1.1
16.08.2021 00:56:59.945,0.91549,0.91539,1.5,1.85
16.08.2021 00:57:00.047,0.91549,0.91539,1.5,1.01
16.08.2021 00:57:00.430,0.91549,0.91539,1.5,1.85
16.08.2021 00:57:00.532,0.91549,0.91539,1.5,1.01
16.08.2021 00:57:19.857,0.91549,0.91539,1.5,1.35
16.08.2021 00:57:19.968,0.91549,0.91539,1.5,1.1
16.08.2021 00:57:20.575,0.91549,0.91539,1.5,1.35
16.08.2021 00:57:20.689,0.91549,0.91539,1.5,1.1
16.08.2021 00:57:20.841,0.91549,0.91539,1.5,1.35
16.08.2021 00:57:20.945,0.91549,0.91539,1.5,1.1
16.08.2021 00:57:21.250,0.91549,0.91539,1.5,1.35
16.08.2021 00:57:21.352,0.91549,0.91539,1.5,1.1
16.08.2021 00:57:21.503,0.91549,0.91539,1.5,1.35
16.08.2021 00:57:21.605,0.91549,0.91539,1.5,1.1
16.08.2021 00:57:22.024,0.9155000000000001,0.91538,1.5,1.35
16.08.2021 00:57:22.378,0.91549,0.91539,1.5,1.1
16.08.2021 00:57:22.783,0.91549,0.91539,1.5,1.1
16.08.2021 00:57:22.935,0.91549,0.91539,1.5,1.1
16.08.2021 00:57:23.087,0.9155000000000001,0.91538,1.5,1.1
16.08.2021 00:57:23.238,0.91549,0.91539,1.5,1.01
16.08.2021 00:57:23.390,0.91549,0.91539,1.5,1.35
16.08.2021 00:57:23.497,0.91549,0.91539,1.5,1.1
16.08.2021 00:57:23.649,0.91549,0.91539,1.5,1.35
16.08.2021 00:57:23.801,0.91549,0.91539,1.5,1.1
16.08.2021 00:57:23.953,0.91549,0.91539,1.5,1.35
16.08.2021 00:57:24.105,0.91549,0.91539,1.5,1.1
16.08.2021 00:57:41.173,0.9154700000000001,0.9153700000000001,1,1.97
16.08.2021 00:57:41.274,0.9154700000000001,0.9153700000000001,1,1.97
16.08.2021 00:57:45.857,0.91549,0.9153700000000001,1.5,1.1
16.08.2021 00:57:46.009,0.91549,0.9153700000000001,1.5,1.1
16.08.2021 00:57:46.210,0.91548,0.91538,1.5,1.1
16.08.2021 00:57:46.312,0.91548,0.91538,1.5,1.1
16.08.2021 00:57:46.413,0.91548,0.91538,1.5,1.1
16.08.2021 00:57:46.564,0.91548,0.91538,1.5,1.1
16.08.2021 00:57:47.124,0.91548,0.91538,1.5,1.1
16.08.2021 00:57:47.276,0.91548,0.91538,1.5,1.1
16.08.2021 00:57:47.402,0.91548,0.91538,1.5,1.1
16.08.2021 00:57:47.663,0.91548,0.91538,1.5,1.1
16.08.2021 00:57:47.779,0.91548,0.91538,1.5,1.1
16.08.2021 00:57:47.932,0.91549,0.9153700000000001,1.5,1.1
16.08.2021 00:57:48.039,0.91548,0.91538,1.5,1.1
16.08.2021 00:57:48.141,0.91548,0.91538,1.5,1.1
16.08.2021 00:57:48.445,0.91548,0.91538,1.5,1.1
16.08.2021 00:57:48.546,0.91548,0.91538,1.5,1.1
16.08.2021 00:57:48.748,0.91549,0.9153700000000001,1.5,1.1
16.08.2021 00:57:48.867,0.91548,0.91538,1.5,1.1
16.08.2021 00:57:49.565,0.91548,0.91538,1.5,1.1
16.08.2021 00:57:49.717,0.91548,0.91538,1.5,1.1
16.08.2021 00:57:50.167,0.91548,0.9153600000000001,1.5,1.6
16.08.2021 00:57:55.058,0.9154700000000001,0.9153700000000001,1.5,2.16
16.08.2021 00:57:55.596,0.9154700000000001,0.91538,1,1.1
16.08.2021 00:57:55.900,0.9154700000000001,0.91538,1,1.1
16.08.2021 00:57:56.052,0.9154700000000001,0.91538,1,1.1
16.08.2021 00:57:56.153,0.91548,0.9153700000000001,1,1.1
16.08.2021 00:57:56.305,0.9154700000000001,0.91538,1,1.1
16.08.2021 00:57:56.407,0.9154700000000001,0.91538,1,1.1
16.08.2021 00:57:56.559,0.9154700000000001,0.91538,1,1.1
16.08.2021 00:57:56.761,0.9154700000000001,0.91538,1,1.1
16.08.2021 00:57:56.862,0.9154700000000001,0.91538,1,1.1
16.08.2021 00:58:00.730,0.9154700000000001,0.91538,1,1.1
16.08.2021 00:58:13.969,0.9154700000000001,0.91538,1,1.1
16.08.2021 00:58:14.070,0.9154700000000001,0.91538,1,1.1
16.08.2021 00:58:14.182,0.9154700000000001,0.91538,1,1.1
16.08.2021 00:58:14.334,0.9154700000000001,0.91538,1,1.35
16.08.2021 00:58:15.968,0.9154700000000001,0.91538,1,1.1
16.08.2021 00:58:27.945,0.91548,0.91538,1.5,1.76
16.08.2021 00:58:34.412,0.91548,0.91538,1.5,1.6
16.08.2021 00:59:06.073,0.91548,0.91538,1,1.57
16.08.2021 00:59:54.426,0.91546,0.9153700000000001,1,1
16.08.2021 00:59:54.527,0.91546,0.9153600000000001,1.5,1
16.08.2021 00:59:54.651,0.9154500000000001,0.9153600000000001,1,1
16.08.2021 01:00:05.618,0.9154700000000001,0.9153700000000001,1,1.95
16.08.2021 01:00:05.720,0.9154700000000001,0.9153700000000001,1,2.07
16.08.2021 01:00:05.821,0.91548,0.91538,1.5,1.12
16.08.2021 01:00:09.508,0.9154700000000001,0.9153700000000001,1,2.07
16.08.2021 01:00:09.660,0.91548,0.91538,1,2.14
16.08.2021 01:00:10.454,0.91548,0.91538,1,2.95
16.08.2021 01:00:10.606,0.91548,0.91538,1,2.14
16.08.2021 01:00:10.707,0.91548,0.91538,1,2.95
16.08.2021 01:00:10.808,0.91548,0.91538,1,2.14
16.08.2021 01:00:11.060,0.91548,0.91538,1,2.95
16.08.2021 01:00:11.212,0.91548,0.91538,1,2.14
16.08.2021 01:00:11.416,0.91548,0.91538,1,2.95
16.08.2021 01:00:11.517,0.91548,0.91538,1,2.14
16.08.2021 01:00:11.850,0.91548,0.91538,1,2.95
16.08.2021 01:00:11.952,0.91548,0.91538,1,1.95
16.08.2021 01:00:12.407,0.91548,0.91538,1,1.97
16.08.2021 01:00:14.046,0.91548,0.91538,1,1.95
16.08.2021 01:00:15.006,0.91548,0.91538,1,1.97
16.08.2021 01:00:16.477,0.91548,0.91538,1,1.95
16.08.2021 01:00:19.957,0.91546,0.9153600000000001,1,1.95
16.08.2021 01:00:21.859,0.91546,0.9153600000000001,1.5,1.97
16.08.2021 01:00:22.549,0.9154700000000001,0.91535,1.5,1.95
16.08.2021 01:00:47.966,0.91544,0.9153600000000001,1,1.57
16.08.2021 01:01:06.673,0.91546,0.91535,1.5,1
16.08.2021 01:01:39.735,0.9154500000000001,0.91535,1,2.32
16.08.2021 01:01:48.042,0.9154500000000001,0.9153700000000001,1,1.57
16.08.2021 01:01:48.093,0.9154700000000001,0.91538,1,1.5
16.08.2021 01:01:52.167,0.9154700000000001,0.91538,1,1.6
16.08.2021 01:01:52.282,0.91548,0.9153700000000001,1,1.57
16.08.2021 01:01:52.402,0.9154700000000001,0.91539,1,1
16.08.2021 01:01:53.140,0.91548,0.91539,1.5,1.1
16.08.2021 01:02:00.639,0.91548,0.91539,1,1.79
16.08.2021 01:02:01.120,0.91548,0.91539,1,1.57
16.08.2021 01:02:07.719,0.91548,0.91538,1.5,1.5
16.08.2021 01:02:48.165,0.9154700000000001,0.91538,1,1.1
16.08.2021 01:02:48.266,0.91548,0.91538,1,1.57
16.08.2021 01:03:34.174,0.9154700000000001,0.9153600000000001,2.25,1.57
16.08.2021 01:03:34.275,0.91546,0.9153600000000001,1,1.1
16.08.2021 01:04:08.104,0.9154700000000001,0.9153700000000001,1.5,1.57
16.08.2021 01:04:08.207,0.91548,0.9153700000000001,1.5,2.51
16.08.2021 01:04:08.309,0.91548,0.9153700000000001,1.5,3.35
16.08.2021 01:04:08.410,0.91548,0.9153700000000001,1.5,2.32
16.08.2021 01:04:11.028,0.91548,0.9153700000000001,1.5,2.57
16.08.2021 01:04:11.130,0.91548,0.9153700000000001,1,2.51
16.08.2021 01:04:12.063,0.91548,0.9153700000000001,1,2.97
16.08.2021 01:04:12.165,0.91548,0.9153700000000001,1,2.51
16.08.2021 01:04:12.469,0.91548,0.9153700000000001,1,2.95
16.08.2021 01:04:12.623,0.91548,0.9153700000000001,1,2.51
16.08.2021 01:04:13.126,0.91548,0.9153700000000001,1,2.95
16.08.2021 01:04:13.278,0.91548,0.9153700000000001,1,2.89
16.08.2021 01:04:13.405,0.9154700000000001,0.9153700000000001,1,2.32
16.08.2021 01:04:15.416,0.9154700000000001,0.9153700000000001,1,2.57
16.08.2021 01:04:15.517,0.9154700000000001,0.9153700000000001,1,2.89
16.08.2021 01:04:15.820,0.9154700000000001,0.9153700000000001,1,2.97
16.08.2021 01:04:15.921,0.9154700000000001,0.9153700000000001,1,2.51
16.08.2021 01:04:16.137,0.9154700000000001,0.9153700000000001,1,2.95
16.08.2021 01:04:16.289,0.91548,0.9153600000000001,1,2.89
16.08.2021 01:04:16.424,0.9154700000000001,0.9153700000000001,1,2.95
16.08.2021 01:04:16.576,0.91548,0.9153600000000001,1,2.89
16.08.2021 01:04:16.740,0.9154700000000001,0.9153700000000001,1,2.6
16.08.2021 01:04:16.841,0.91548,0.9153600000000001,1,2.51
16.08.2021 01:04:16.971,0.9154700000000001,0.9153700000000001,1,2.95
16.08.2021 01:04:17.072,0.9154700000000001,0.9153700000000001,1,2.51
16.08.2021 01:04:17.275,0.9154700000000001,0.9153700000000001,1,2.97
16.08.2021 01:04:17.440,0.9154700000000001,0.9153700000000001,1,2.89
16.08.2021 01:04:17.592,0.9154700000000001,0.9153700000000001,1,2.97
16.08.2021 01:04:17.693,0.9154700000000001,0.9153700000000001,1,2.89
16.08.2021 01:04:17.895,0.9154700000000001,0.9153700000000001,1,2.95
16.08.2021 01:04:17.996,0.9154700000000001,0.9153700000000001,1,2.89
16.08.2021 01:04:18.098,0.9154700000000001,0.9153700000000001,1,2.95
16.08.2021 01:04:18.250,0.9154700000000001,0.9153700000000001,1,2.89
16.08.2021 01:04:18.401,0.9154700000000001,0.9153700000000001,1,3.35
16.08.2021 01:04:18.513,0.9154700000000001,0.9153700000000001,1,3.26
16.08.2021 01:04:18.614,0.9154700000000001,0.9153700000000001,1,3.32
16.08.2021 01:04:18.766,0.9154700000000001,0.9153700000000001,1,3.26
16.08.2021 01:04:18.930,0.9154700000000001,0.9153700000000001,1,3.32
16.08.2021 01:04:19.082,0.9154700000000001,0.9153700000000001,1,3.26
16.08.2021 01:04:19.284,0.9154700000000001,0.9153700000000001,1,3.29
16.08.2021 01:04:19.385,0.9154700000000001,0.9153700000000001,1,3.26
16.08.2021 01:04:19.536,0.9154700000000001,0.9153700000000001,1,3.35
16.08.2021 01:04:19.638,0.91548,0.9153600000000001,1,3.26
16.08.2021 01:04:19.789,0.9154700000000001,0.9153700000000001,1,3.35
16.08.2021 01:04:19.912,0.9154700000000001,0.9153700000000001,1,3.26
16.08.2021 01:04:20.333,0.9154700000000001,0.9153700000000001,1,3.32
16.08.2021 01:04:20.476,0.9154700000000001,0.9153700000000001,1,3.26
16.08.2021 01:04:20.577,0.91548,0.9153600000000001,1,3.32
16.08.2021 01:04:20.692,0.9154700000000001,0.9153700000000001,1,3.26
16.08.2021 01:04:20.843,0.91548,0.9153600000000001,1,3.35
16.08.2021 01:04:20.980,0.9154700000000001,0.9153700000000001,1,3.26
16.08.2021 01:04:21.289,0.9154700000000001,0.9153700000000001,1,3.32
16.08.2021 01:04:21.398,0.9154700000000001,0.9153700000000001,1,3.26
16.08.2021 01:04:21.549,0.9154700000000001,0.9153700000000001,1,3.35
16.08.2021 01:04:21.651,0.91548,0.91538,1,1.01
16.08.2021 01:04:22.926,0.9154700000000001,0.9153700000000001,1,2.14
16.08.2021 01:04:23.078,0.91548,0.91538,1,1
16.08.2021 01:04:33.352,0.9154700000000001,0.9153700000000001,1,2.7
16.08.2021 01:04:33.454,0.9154700000000001,0.91538,1,1
16.08.2021 01:04:42.925,0.91548,0.91538,1,1.57
16.08.2021 01:04:53.332,0.91548,0.91538,1,2.6
16.08.2021 01:04:53.433,0.9155000000000001,0.91538,1.5,1.25
16.08.2021 01:04:53.535,0.9155200000000001,0.91543,1.57,1
16.08.2021 01:04:53.586,0.9155200000000001,0.9154,1,1
16.08.2021 01:04:53.788,0.9155000000000001,0.91539,1,2.14
16.08.2021 01:04:53.839,0.91549,0.91538,1,1.12
16.08.2021 01:04:54.243,0.91549,0.91539,1,1.87
16.08.2021 01:05:00.026,0.91549,0.91539,1,2.95
16.08.2021 01:05:00.177,0.91549,0.91539,1,2.14
16.08.2021 01:05:00.329,0.91549,0.91539,1,2.95
16.08.2021 01:05:00.430,0.91549,0.91539,1,2.14
16.08.2021 01:05:00.542,0.91549,0.91539,1,2.95
16.08.2021 01:05:03.108,0.9155200000000001,0.91543,1.87,1.5
16.08.2021 01:05:10.940,0.9155200000000001,0.9154200000000001,1.5,1.2
16.08.2021 01:05:30.088,0.9155200000000001,0.91543,1.5,1
16.08.2021 01:05:30.139,0.91554,0.91544,1,3.26
16.08.2021 01:05:38.280,0.91553,0.91544,2.25,1.12
16.08.2021 01:05:38.331,0.9155200000000001,0.9154200000000001,2.44,1
16.08.2021 01:05:38.432,0.9155000000000001,0.9154,1.5,1.5
16.08.2021 01:05:41.025,0.91549,0.91539,1,1.76
16.08.2021 01:05:41.308,0.91549,0.91539,1,2.57
16.08.2021 01:05:41.570,0.9155000000000001,0.91538,1,1.76
16.08.2021 01:05:41.722,0.91549,0.91539,1,2.57
16.08.2021 01:05:41.823,0.91549,0.91539,1,1.76
16.08.2021 01:05:41.961,0.91549,0.91539,1,2.57
16.08.2021 01:05:43.459,0.91549,0.91539,1,1.76
16.08.2021 01:05:43.745,0.91549,0.91539,1,2.57
16.08.2021 01:05:43.878,0.91549,0.91539,1,1.76
16.08.2021 01:05:44.020,0.91549,0.91539,1,2.57
16.08.2021 01:05:44.137,0.91549,0.91539,1,1.76
16.08.2021 01:06:01.050,0.91548,0.91538,1,2.62
16.08.2021 01:06:01.153,0.9154700000000001,0.91538,1,1
16.08.2021 01:06:10.772,0.9154700000000001,0.9153700000000001,1,1.5
16.08.2021 01:06:29.426,0.91544,0.91534,1.5,1
16.08.2021 01:06:29.527,0.91544,0.91533,1.5,3.26
16.08.2021 01:06:29.630,0.91544,0.9153200000000001,1,1.76
16.08.2021 01:06:30.042,0.91544,0.91533,2.44,1.5
16.08.2021 01:06:35.393,0.91543,0.91533,1,1.5
16.08.2021 01:06:35.495,0.91544,0.91534,1,1.5
16.08.2021 01:06:40.572,0.91544,0.91535,1,1
16.08.2021 01:06:40.623,0.9154700000000001,0.9153700000000001,1.5,1.25
16.08.2021 01:06:40.725,0.91548,0.91538,1.5,1.5
16.08.2021 01:07:07.053,0.91548,0.9154,2.25,1
16.08.2021 01:07:12.131,0.9154500000000001,0.9153600000000001,1,1
16.08.2021 01:07:12.233,0.91544,0.9153600000000001,1,1
16.08.2021 01:07:17.807,0.91544,0.91534,1,2.32
16.08.2021 01:07:32.199,0.91544,0.9153600000000001,2.25,1
16.08.2021 01:07:36.209,0.9154200000000001,0.91535,1,1
16.08.2021 01:07:36.310,0.9154200000000001,0.91534,1,1.5
16.08.2021 01:08:08.830,0.91543,0.91533,1.5,2.44
16.08.2021 01:08:32.162,0.91544,0.91534,2.25,2.25
16.08.2021 01:08:34.417,0.91544,0.91535,1.5,1
16.08.2021 01:08:42.719,0.91546,0.91534,1.5,1.69
16.08.2021 01:08:44.853,0.9154500000000001,0.9153600000000001,1,1.25
16.08.2021 01:08:46.959,0.9154700000000001,0.91538,1.5,1.25
16.08.2021 01:09:01.314,0.91544,0.91535,1,2
16.08.2021 01:09:01.466,0.9154500000000001,0.9153600000000001,1,1
16.08.2021 01:09:02.874,0.91546,0.9153600000000001,2.25,1
16.08.2021 01:09:32.105,0.9154500000000001,0.9153600000000001,1,1
16.08.2021 01:09:41.473,0.91543,0.91534,1.1,1
16.08.2021 01:09:41.574,0.91543,0.9153200000000001,1.57,2.54
16.08.2021 01:09:58.870,0.91543,0.9153200000000001,1.6,2.51
16.08.2021 01:09:58.979,0.91543,0.9153200000000001,1.57,2.54
16.08.2021 01:10:00.053,0.91543,0.9153200000000001,1.6,2.51
16.08.2021 01:10:00.607,0.91544,0.9153100000000001,1.57,2.54
16.08.2021 01:10:01.173,0.91543,0.9153200000000001,1.6,2.51
16.08.2021 01:10:01.819,0.91543,0.9153200000000001,1.57,2.54
16.08.2021 01:10:08.901,0.91543,0.9153200000000001,1.6,2.51
16.08.2021 01:10:14.640,0.9154200000000001,0.91534,1.1,1
16.08.2021 01:10:56.391,0.9154200000000001,0.91533,1.5,1
16.08.2021 01:11:11.869,0.9154200000000001,0.91534,2.32,1
16.08.2021 01:11:39.193,0.9154200000000001,0.91533,2.32,1.5
16.08.2021 01:11:58.735,0.9153600000000001,0.9153,2.62,1.12
16.08.2021 01:11:58.786,0.91535,0.9152700000000001,1.5,1
16.08.2021 01:11:58.837,0.91533,0.91525,1,1.57
16.08.2021 01:11:58.938,0.9153200000000001,0.91524,1,1
16.08.2021 01:11:58.989,0.91533,0.9152100000000001,1.76,2.32
16.08.2021 01:12:01.260,0.91529,0.9152,1,1.57
16.08.2021 01:12:01.361,0.9153,0.9152100000000001,1,1.57
16.08.2021 01:12:01.513,0.9153,0.91523,1,1
16.08.2021 01:12:01.850,0.9153100000000001,0.91523,2.25,1
16.08.2021 01:13:03.079,0.9152700000000001,0.9151900000000001,1,1.2
16.08.2021 01:13:03.180,0.9152700000000001,0.91518,1.5,3.07
16.08.2021 01:13:03.282,0.9152600000000001,0.9151700000000002,1,2.51
16.08.2021 01:13:04.256,0.91525,0.9151700000000002,1,1.1
16.08.2021 01:13:04.711,0.91524,0.9151700000000002,1.5,1
16.08.2021 01:13:04.825,0.91524,0.91515,1.5,2.54
16.08.2021 01:13:07.474,0.91524,0.91515,1.5,2.51
16.08.2021 01:14:00.824,0.9152600000000001,0.9152,1,1.57
16.08.2021 01:14:00.875,0.9153,0.9152100000000001,1.5,1.1
16.08.2021 01:14:00.976,0.9153,0.9152200000000001,1,1
16.08.2021 01:14:01.077,0.9153100000000001,0.9152200000000001,1,1.1
16.08.2021 01:14:02.033,0.9153,0.9152,1.57,2.32
16.08.2021 01:14:03.483,0.9153,0.9152100000000001,1.5,1.1
16.08.2021 01:14:03.733,0.9153100000000001,0.9152200000000001,1.5,1.1
16.08.2021 01:14:50.780,0.9153100000000001,0.9152200000000001,1,1.35
16.08.2021 01:14:51.376,0.9153100000000001,0.9152200000000001,1,1.01
16.08.2021 01:14:56.163,0.9153200000000001,0.9152,1,1
16.08.2021 01:15:07.136,0.9153100000000001,0.9152100000000001,1,1.35
16.08.2021 01:15:16.606,0.9153100000000001,0.9152100000000001,1.1,1.1
16.08.2021 01:16:01.811,0.9153100000000001,0.9152100000000001,1,1.82
16.08.2021 01:16:02.246,0.9153100000000001,0.9152100000000001,1,1.01
16.08.2021 01:16:25.778,0.9153100000000001,0.9152100000000001,1,2.2
16.08.2021 01:16:47.639,0.9153100000000001,0.9152100000000001,1,1.2
16.08.2021 01:17:32.664,0.9153,0.9152100000000001,1,1.12
16.08.2021 01:17:32.765,0.9153100000000001,0.9152100000000001,1.5,1.87
16.08.2021 01:17:46.719,0.9153100000000001,0.9152200000000001,2.44,1
16.08.2021 01:18:06.386,0.9153100000000001,0.9152100000000001,1.5,2.32
16.08.2021 01:18:27.683,0.9153100000000001,0.9152200000000001,1,1
16.08.2021 01:18:44.587,0.9153100000000001,0.9152100000000001,1.69,1.57
16.08.2021 01:19:37.073,0.9153,0.9152100000000001,1,1.2
16.08.2021 01:19:37.175,0.9153100000000001,0.9152100000000001,1.5,2.14
16.08.2021 01:19:39.727,0.9153,0.9152100000000001,1,1.12
16.08.2021 01:19:39.828,0.9153100000000001,0.9152100000000001,1.5,1.95
16.08.2021 01:19:54.852,0.9153100000000001,0.9152200000000001,1,1.1
16.08.2021 01:19:55.004,0.9153100000000001,0.9152200000000001,1,1.82
16.08.2021 01:19:55.460,0.9153100000000001,0.9152200000000001,1,1.76
16.08.2021 01:19:55.561,0.9153100000000001,0.9152200000000001,1,1.82
16.08.2021 01:19:55.893,0.9153200000000001,0.9152200000000001,1,2.57
16.08.2021 01:20:00.265,0.9153100000000001,0.9152200000000001,1,1.01
16.08.2021 01:20:07.865,0.9153100000000001,0.9152100000000001,1.5,1.87
16.08.2021 01:20:10.666,0.9153100000000001,0.9152200000000001,1,1
16.08.2021 01:20:17.653,0.9153,0.9152100000000001,1.25,1.12
16.08.2021 01:20:18.481,0.9153100000000001,0.9152100000000001,1.69,1.87
16.08.2021 01:21:21.818,0.9153100000000001,0.9152100000000001,2.57,1.87
16.08.2021 01:21:21.920,0.9153100000000001,0.9152100000000001,1.76,1.87
16.08.2021 01:21:54.910,0.9153100000000001,0.9152100000000001,2.57,1.87
16.08.2021 01:21:58.333,0.9153100000000001,0.9152100000000001,1.76,1.87
16.08.2021 01:22:02.753,0.9153,0.9152100000000001,1,1.12
16.08.2021 01:22:07.311,0.9153100000000001,0.9152100000000001,1.76,1.87
16.08.2021 01:22:09.388,0.9152700000000001,0.9151700000000002,3.45,1
16.08.2021 01:22:09.490,0.91525,0.91515,1.57,2
16.08.2021 01:22:09.592,0.91525,0.91515,1.57,1.5
16.08.2021 01:22:13.300,0.91524,0.91515,1,1
16.08.2021 01:24:07.469,0.91525,0.91515,1.5,1.5
16.08.2021 01:24:07.812,0.91528,0.91518,1.6,3.37
16.08.2021 01:24:07.913,0.91528,0.91518,1.57,3.37
16.08.2021 01:24:09.398,0.91528,0.9151900000000001,1.1,1
16.08.2021 01:24:31.005,0.91529,0.9151900000000001,1.97,1.5
16.08.2021 01:24:50.598,0.91528,0.9151900000000001,1.1,1
16.08.2021 01:24:51.103,0.91528,0.9151900000000001,1.1,1
16.08.2021 01:24:51.482,0.91528,0.9151900000000001,1.1,1
16.08.2021 01:24:53.514,0.91528,0.9151900000000001,1.1,1
16.08.2021 01:24:53.716,0.91528,0.9151900000000001,1.1,1
16.08.2021 01:24:53.955,0.91528,0.9151900000000001,1.1,1
16.08.2021 01:24:54.056,0.91528,0.9151900000000001,1.1,1
16.08.2021 01:25:43.803,0.9152700000000001,0.91518,1.1,2.25
16.08.2021 01:25:43.905,0.9152600000000001,0.9151700000000002,1.1,1
16.08.2021 01:25:44.755,0.9152700000000001,0.91515,1.57,1.5
16.08.2021 01:25:48.152,0.91525,0.9151600000000001,1.1,1.5
16.08.2021 01:26:09.701,0.9152600000000001,0.9151600000000001,1.57,1.5
16.08.2021 01:26:09.908,0.91524,0.9151600000000001,1,1.5
16.08.2021 01:26:11.004,0.9152600000000001,0.9151600000000001,1.57,1.5
16.08.2021 01:26:30.461,0.9152600000000001,0.9151700000000002,1.57,1
16.08.2021 01:26:52.943,0.91524,0.91515,1,1.87
16.08.2021 01:27:01.073,0.91523,0.91515,1,1
16.08.2021 01:27:47.972,0.91523,0.91514,1.1,1
16.08.2021 01:28:02.094,0.91524,0.91513,1.35,1
16.08.2021 01:28:30.857,0.9152,0.91508,2.44,2.75
16.08.2021 01:28:30.958,0.91518,0.91508,1.76,1.5
16.08.2021 01:28:31.059,0.9151700000000002,0.91508,1,1.5
16.08.2021 01:28:53.457,0.91514,0.9150700000000002,1,1
16.08.2021 01:28:53.507,0.9151,0.9150100000000001,1,1
16.08.2021 01:28:53.609,0.9150600000000001,0.91498,1,2.81
16.08.2021 01:28:53.710,0.91504,0.91498,1,1.5
16.08.2021 01:28:53.761,0.9150600000000001,0.91498,1,2.25
16.08.2021 01:28:53.811,0.91509,0.9150100000000001,3.47,1
16.08.2021 01:28:53.963,0.9151,0.9150200000000002,1.1,1
16.08.2021 01:28:54.181,0.9151100000000001,0.91504,1,1
16.08.2021 01:28:54.333,0.9151,0.91504,1,1
16.08.2021 01:29:01.257,0.9151,0.91505,1,1
16.08.2021 01:29:03.657,0.9151200000000002,0.91504,1,1
16.08.2021 01:29:24.853,0.9151200000000002,0.91505,1,1
16.08.2021 01:30:00.789,0.9151200000000002,0.9150600000000001,1,1
16.08.2021 01:30:11.900,0.91513,0.9150600000000001,1,1
16.08.2021 01:30:25.103,0.91513,0.91505,1,1
16.08.2021 01:30:59.331,0.9151200000000002,0.91504,1,1
16.08.2021 01:30:59.432,0.9151200000000002,0.91505,1,1
16.08.2021 01:31:06.159,0.9151200000000002,0.91504,1,1
16.08.2021 01:31:06.261,0.91509,0.915,1.5,1.12
16.08.2021 01:31:06.364,0.91508,0.915,1,1
16.08.2021 01:31:06.466,0.91508,0.9150100000000001,1,1
16.08.2021 01:31:08.018,0.91508,0.915,1,1
16.08.2021 01:31:09.902,0.9151,0.9150100000000001,1.1,1
16.08.2021 01:31:10.117,0.91509,0.915,1.76,1
16.08.2021 01:31:10.542,0.9151,0.9150100000000001,1.1,1
16.08.2021 01:31:11.199,0.91509,0.915,1,1.5
16.08.2021 01:31:13.998,0.91509,0.9150100000000001,1,1
16.08.2021 01:31:14.272,0.9151,0.91499,1,1.5
16.08.2021 01:31:34.201,0.9151,0.9150100000000001,1.1,1
16.08.2021 01:31:34.302,0.9151100000000001,0.9150100000000001,1,1
16.08.2021 01:31:34.404,0.9151100000000001,0.91503,1,1.5
16.08.2021 01:31:35.843,0.9151100000000001,0.9150200000000002,1.69,1
16.08.2021 01:31:35.945,0.9151100000000001,0.91503,1,1
16.08.2021 01:31:40.681,0.91509,0.9150200000000002,1.25,1
16.08.2021 01:31:40.783,0.9150700000000002,0.915,1,1
16.08.2021 01:31:40.885,0.91508,0.915,1,1.5
