Gmt time,Ask,Bid,AskVolume,BidVolume
06.08.2021 00:00:00.031,6.46141,6.460640000000001,1,1
06.08.2021 00:00:00.082,6.4614400000000005,6.460640000000001,1,1
06.08.2021 00:00:00.491,6.461390000000001,6.460640000000001,1,1
06.08.2021 00:00:00.592,6.46132,6.460630000000001,1,1
06.08.2021 00:00:00.793,6.46133,6.460640000000001,1,1
06.08.2021 00:00:01.033,6.46132,6.460630000000001,1,1
06.08.2021 00:00:01.134,6.46132,6.460500000000001,1,1.5
06.08.2021 00:00:01.235,6.46133,6.46049,1,1.6
06.08.2021 00:00:01.441,6.46131,6.46046,1,1.6
06.08.2021 00:00:12.968,6.46133,6.46056,1,1.12
06.08.2021 00:00:13.270,6.46132,6.4606,1,1
06.08.2021 00:00:13.840,6.46132,6.46062,1,1
06.08.2021 00:00:14.441,6.46136,6.46061,1,1
06.08.2021 00:00:14.593,6.46133,6.460590000000001,1,1
06.08.2021 00:00:19.031,6.46131,6.460590000000001,1,1
06.08.2021 00:00:19.132,6.46133,6.460590000000001,1,1
06.08.2021 00:00:20.215,6.46132,6.46058,1,1
06.08.2021 00:00:22.624,6.46132,6.460590000000001,1,1
06.08.2021 00:00:23.062,6.46132,6.460590000000001,1,1.75
06.08.2021 00:00:23.112,6.46136,6.46061,1,1.25
06.08.2021 00:00:23.720,6.46137,6.460640000000001,1,1.25
06.08.2021 00:00:28.048,6.461380000000001,6.46065,1,1.25
06.08.2021 00:00:28.822,6.46141,6.46067,1,1.25
06.08.2021 00:00:28.873,6.46142,6.46071,1,1
06.08.2021 00:00:28.974,6.46142,6.46075,1,1
06.08.2021 00:00:29.025,6.46146,6.4607600000000005,1.57,1
06.08.2021 00:00:29.873,6.461480000000001,6.46079,1,1
06.08.2021 00:00:29.974,6.461530000000001,6.46079,1.57,1
06.08.2021 00:00:30.148,6.46146,6.46079,1,1
06.08.2021 00:00:31.566,6.461530000000001,6.46079,1.57,1
06.08.2021 00:00:33.872,6.46152,6.46084,1.1,1
06.08.2021 00:00:35.015,6.461530000000001,6.46082,1.57,1
06.08.2021 00:00:35.177,6.46149,6.46082,1,1
06.08.2021 00:00:38.737,6.46149,6.46081,1,1
06.08.2021 00:00:38.838,6.46141,6.460780000000001,1,1
06.08.2021 00:00:39.136,6.461480000000001,6.46079,1,1
06.08.2021 00:00:40.300,6.461480000000001,6.46079,1.5,1
06.08.2021 00:00:40.350,6.46145,6.46079,1,1
06.08.2021 00:00:41.856,6.461390000000001,6.46079,1,1
06.08.2021 00:00:42.261,6.461480000000001,6.46079,1,1
06.08.2021 00:00:42.386,6.46149,6.460850000000001,1,1
06.08.2021 00:00:42.487,6.461530000000001,6.460850000000001,1.57,1
06.08.2021 00:00:46.126,6.46157,6.460850000000001,1,1.5
06.08.2021 00:00:46.177,6.46157,6.460850000000001,1,1.75
06.08.2021 00:00:46.351,6.4615800000000005,6.460850000000001,1,1.75
06.08.2021 00:00:46.452,6.46159,6.46086,1,1.75
06.08.2021 00:00:46.839,6.46157,6.46086,1,1.75
06.08.2021 00:00:47.641,6.46152,6.46086,1,1.75
06.08.2021 00:00:51.695,6.46152,6.46092,1,1
06.08.2021 00:00:51.745,6.461530000000001,6.460850000000001,1,1
06.08.2021 00:00:51.846,6.46152,6.46091,1,1
06.08.2021 00:00:52.499,6.46155,6.46091,1,1
06.08.2021 00:00:52.834,6.46155,6.46093,1,1
06.08.2021 00:00:52.885,6.46157,6.460850000000001,1,1
06.08.2021 00:00:52.986,6.46159,6.460850000000001,1,1
06.08.2021 00:00:53.036,6.46156,6.4608300000000005,1,1
06.08.2021 00:00:53.703,6.46152,6.4608300000000005,1,1
06.08.2021 00:00:54.893,6.46152,6.46084,1,1
06.08.2021 00:00:55.027,6.46159,6.460850000000001,1,1
06.08.2021 00:00:55.790,6.461600000000001,6.460940000000001,1,1
06.08.2021 00:00:55.840,6.46159,6.460850000000001,1,1
06.08.2021 00:00:55.890,6.46156,6.4608300000000005,1,1
06.08.2021 00:00:56.160,6.461530000000001,6.46084,1,1
06.08.2021 00:00:56.704,6.461530000000001,6.460940000000001,1,1
06.08.2021 00:00:56.982,6.46154,6.4608300000000005,1,1
06.08.2021 00:00:57.463,6.46154,6.46084,1,1
06.08.2021 00:00:58.013,6.46154,6.46095,1,1
06.08.2021 00:00:59.567,6.46154,6.46093,1,1
06.08.2021 00:01:01.195,6.46154,6.46092,1,1
06.08.2021 00:01:01.909,6.461530000000001,6.460850000000001,1,1
06.08.2021 00:01:02.306,6.46156,6.460850000000001,1.5,1
06.08.2021 00:01:02.356,6.46155,6.4608300000000005,1,1
06.08.2021 00:01:02.463,6.46145,6.46084,1,1
06.08.2021 00:01:02.564,6.461530000000001,6.46084,1,1
06.08.2021 00:01:03.184,6.46154,6.46084,1,1
06.08.2021 00:01:03.285,6.46155,6.4608300000000005,1,1
06.08.2021 00:01:07.324,6.46154,6.46082,1,1
06.08.2021 00:01:10.420,6.46156,6.46082,1,1
06.08.2021 00:01:10.723,6.46155,6.46081,1,1
06.08.2021 00:01:10.774,6.46155,6.460940000000001,1,1
06.08.2021 00:01:11.263,6.461600000000001,6.460940000000001,1,1
06.08.2021 00:01:11.367,6.4615800000000005,6.460940000000001,1,1
06.08.2021 00:01:11.518,6.46155,6.46095,1,1
06.08.2021 00:01:11.889,6.46156,6.46081,1,1
06.08.2021 00:01:12.283,6.46155,6.46084,1,1
06.08.2021 00:01:12.592,6.46157,6.46084,1,1
06.08.2021 00:01:12.643,6.46156,6.4608300000000005,1,1
06.08.2021 00:01:12.944,6.46156,6.46082,1,1
06.08.2021 00:01:12.995,6.46159,6.4608300000000005,1.5,1
06.08.2021 00:01:13.153,6.46155,6.4608300000000005,1,1
06.08.2021 00:01:13.671,6.46157,6.4608300000000005,1,1
06.08.2021 00:01:14.106,6.46155,6.46082,1,1
06.08.2021 00:01:14.226,6.46155,6.46095,1,1
06.08.2021 00:01:14.276,6.46146,6.4608,1,1
06.08.2021 00:01:14.327,6.46152,6.4608,1,1
06.08.2021 00:01:14.444,6.4615100000000005,6.46092,1,1
06.08.2021 00:01:14.545,6.46149,6.46092,1,1
06.08.2021 00:01:14.852,6.46152,6.46092,1,1
06.08.2021 00:01:14.902,6.46156,6.46095,1,1
06.08.2021 00:01:16.329,6.46155,6.4608300000000005,1,1
06.08.2021 00:01:17.233,6.46155,6.46095,1,1
06.08.2021 00:01:17.283,6.46152,6.4608300000000005,1,1
06.08.2021 00:01:17.334,6.46147,6.46082,1,1
06.08.2021 00:01:17.384,6.461530000000001,6.46082,1,1
06.08.2021 00:01:18.984,6.46156,6.46082,1.5,1
06.08.2021 00:01:19.130,6.461530000000001,6.46081,1,1
06.08.2021 00:01:19.940,6.46154,6.46084,1,1
06.08.2021 00:01:20.041,6.46152,6.4608300000000005,1,1
06.08.2021 00:01:29.817,6.46146,6.46084,1,1
06.08.2021 00:01:29.867,6.46152,6.4608300000000005,1.5,1
06.08.2021 00:01:31.524,6.4615100000000005,6.4607600000000005,1,1
06.08.2021 00:01:32.410,6.461430000000001,6.4607600000000005,1,1
06.08.2021 00:01:32.674,6.4615,6.46075,1,1
06.08.2021 00:01:32.724,6.461430000000001,6.4607600000000005,1,1
06.08.2021 00:01:34.145,6.4615100000000005,6.4607600000000005,1,1
06.08.2021 00:01:42.368,6.4615,6.46075,1,1.5
06.08.2021 00:01:42.469,6.46147,6.460780000000001,1,1
06.08.2021 00:01:42.968,6.461480000000001,6.46084,1,1
06.08.2021 00:01:43.018,6.46147,6.460780000000001,1,1
06.08.2021 00:01:43.595,6.46146,6.46077,1,1
06.08.2021 00:01:43.839,6.46147,6.460780000000001,1,1
06.08.2021 00:01:43.889,6.46146,6.46077,1,1
06.08.2021 00:01:44.089,6.461480000000001,6.46077,1.12,1
06.08.2021 00:01:45.082,6.46142,6.46077,1,1
06.08.2021 00:01:46.236,6.46142,6.4607600000000005,1,1.5
06.08.2021 00:01:46.286,6.4614400000000005,6.46074,1,1
06.08.2021 00:01:46.337,6.46141,6.46071,1,1
06.08.2021 00:01:46.387,6.46136,6.46088,1,1
06.08.2021 00:01:46.781,6.46142,6.46087,1,1
06.08.2021 00:01:47.376,6.46141,6.4608,2.32,1
06.08.2021 00:01:47.783,6.46141,6.46089,1.57,1
06.08.2021 00:01:48.283,6.46142,6.4606900000000005,1.57,1
06.08.2021 00:01:48.334,6.46141,6.4609000000000005,1.57,1
06.08.2021 00:01:48.434,6.46142,6.46079,1.57,1
06.08.2021 00:01:48.485,6.46142,6.46095,1.1,1
06.08.2021 00:01:49.619,6.46142,6.46072,1.1,1.1
06.08.2021 00:01:49.669,6.46141,6.46095,1.1,1
06.08.2021 00:01:51.046,6.46142,6.4608300000000005,1.1,1
06.08.2021 00:01:51.097,6.46142,6.46093,1.1,1
06.08.2021 00:01:55.126,6.46141,6.46077,1.1,1
06.08.2021 00:01:56.516,6.46141,6.46093,1.1,1
06.08.2021 00:01:58.059,6.46142,6.4607600000000005,1.1,1
06.08.2021 00:01:58.110,6.46142,6.4609000000000005,1.1,1
06.08.2021 00:02:00.050,6.46142,6.46088,1.1,1
06.08.2021 00:02:00.255,6.46141,6.46077,1.1,1
06.08.2021 00:02:00.305,6.46141,6.46084,1.1,1
06.08.2021 00:02:00.356,6.4615,6.46075,1.5,1
06.08.2021 00:02:00.457,6.46149,6.46074,1.5,1
06.08.2021 00:02:00.810,6.461340000000001,6.460730000000001,1.1,1
06.08.2021 00:02:01.288,6.461340000000001,6.46079,1.1,1
06.08.2021 00:02:02.502,6.461340000000001,6.4606900000000005,1.1,1
06.08.2021 00:02:02.552,6.46133,6.4608300000000005,1.1,1
06.08.2021 00:02:04.482,6.461380000000001,6.4608300000000005,1.1,1
06.08.2021 00:02:04.569,6.461380000000001,6.460730000000001,1.1,1
06.08.2021 00:02:11.401,6.46133,6.46088,1.1,1
06.08.2021 00:02:13.355,6.46132,6.46082,1.1,1
06.08.2021 00:02:13.406,6.46132,6.460940000000001,1.1,1
06.08.2021 00:02:13.475,6.46132,6.46082,1.1,1
06.08.2021 00:02:13.619,6.46132,6.46091,1.1,1
06.08.2021 00:02:14.358,6.46132,6.46082,1.1,1
06.08.2021 00:02:14.408,6.46132,6.4609000000000005,1.1,1
06.08.2021 00:02:14.459,6.46133,6.4608,1.1,1
06.08.2021 00:02:18.503,6.46132,6.4608,1.1,1.1
06.08.2021 00:02:18.623,6.46133,6.46093,1.1,1
06.08.2021 00:02:22.060,6.46132,6.46093,1.1,1
06.08.2021 00:02:22.250,6.46132,6.46091,1.1,1
06.08.2021 00:02:22.301,6.46133,6.46079,1.1,1
06.08.2021 00:02:23.390,6.46132,6.46088,1.1,1
06.08.2021 00:02:26.625,6.46132,6.4608300000000005,1.1,1
06.08.2021 00:02:26.829,6.46133,6.46086,1.1,1
06.08.2021 00:02:36.449,6.46132,6.46084,1.1,1
06.08.2021 00:02:36.550,6.46132,6.460850000000001,1.1,1
06.08.2021 00:02:36.856,6.46133,6.4608300000000005,1.1,1
06.08.2021 00:02:39.589,6.46133,6.46084,1.1,1
06.08.2021 00:02:40.567,6.46133,6.46087,1.1,1
06.08.2021 00:02:40.668,6.46132,6.46089,1.1,1
06.08.2021 00:02:41.492,6.46132,6.46088,1.1,1.5
06.08.2021 00:02:41.593,6.46132,6.460850000000001,1.1,1.5
06.08.2021 00:02:45.366,6.46132,6.4608300000000005,1.1,1.5
06.08.2021 00:02:45.416,6.46133,6.46084,1.1,1
06.08.2021 00:02:50.610,6.46133,6.46082,1.1,1
06.08.2021 00:02:57.881,6.46133,6.46081,1.1,1
06.08.2021 00:02:58.341,6.46133,6.46079,1.1,1
06.08.2021 00:02:58.622,6.46133,6.4607600000000005,1.1,1
06.08.2021 00:03:01.434,6.46133,6.46081,1.1,1
06.08.2021 00:03:01.535,6.46132,6.46086,1.1,1
06.08.2021 00:03:05.509,6.46132,6.460850000000001,1.1,1
06.08.2021 00:03:05.617,6.46132,6.46081,1.1,1.5
06.08.2021 00:03:11.370,6.46131,6.46081,1.1,1.5
06.08.2021 00:03:13.552,6.46131,6.46091,1.1,1
06.08.2021 00:03:14.105,6.46132,6.46092,1.1,1
06.08.2021 00:03:14.703,6.46132,6.460850000000001,1.1,1
06.08.2021 00:03:16.660,6.46131,6.46096,1.1,1
06.08.2021 00:03:16.711,6.46132,6.46093,1.1,1
06.08.2021 00:03:17.693,6.46132,6.46084,1.1,1
06.08.2021 00:03:17.980,6.46131,6.46091,1.1,1
06.08.2021 00:03:18.278,6.46131,6.460850000000001,1.1,1
06.08.2021 00:03:19.961,6.46132,6.460940000000001,1.1,1
06.08.2021 00:03:20.136,6.46132,6.46084,1.1,1.1
06.08.2021 00:03:22.176,6.46131,6.46096,1.1,1
06.08.2021 00:03:24.012,6.46131,6.460940000000001,1.1,1
06.08.2021 00:03:24.105,6.46132,6.46084,1.1,1
06.08.2021 00:03:24.206,6.46131,6.46093,1.1,1
06.08.2021 00:03:27.481,6.46132,6.46089,1.1,1
06.08.2021 00:03:30.501,6.4614400000000005,6.46089,1,1
06.08.2021 00:03:31.472,6.46154,6.46089,1,1
06.08.2021 00:03:32.522,6.461530000000001,6.46081,1,1
06.08.2021 00:03:32.572,6.46154,6.46088,1,1
06.08.2021 00:03:32.772,6.46155,6.46088,1.57,1
06.08.2021 00:03:34.508,6.46154,6.46093,1.57,1
06.08.2021 00:03:34.651,6.46155,6.46089,1.57,1
06.08.2021 00:03:34.832,6.46155,6.46082,1.57,1.1
06.08.2021 00:03:35.519,6.46155,6.46082,1.57,1.1
06.08.2021 00:03:35.769,6.46154,6.4608300000000005,1.57,1.1
06.08.2021 00:03:35.820,6.46154,6.46087,1,1
06.08.2021 00:03:38.173,6.46154,6.4608,1,1.1
06.08.2021 00:03:45.958,6.46154,6.46087,1.1,1.5
06.08.2021 00:03:46.059,6.46155,6.46095,1.1,1
06.08.2021 00:03:46.160,6.46155,6.460990000000001,1.1,1
06.08.2021 00:03:47.081,6.46154,6.46096,1.1,1
06.08.2021 00:03:47.187,6.46155,6.46093,1.1,1
06.08.2021 00:03:47.448,6.46155,6.46092,1.1,1
06.08.2021 00:03:47.776,6.46155,6.4609000000000005,1.1,1
06.08.2021 00:03:47.827,6.46154,6.46088,1,1
06.08.2021 00:03:48.226,6.46154,6.46089,1.57,1
06.08.2021 00:03:49.473,6.46155,6.46087,1.57,1
06.08.2021 00:03:49.574,6.4615,6.46087,1,1
06.08.2021 00:03:50.859,6.46155,6.46087,1.57,1
06.08.2021 00:03:59.965,6.46155,6.4609000000000005,1.1,1
06.08.2021 00:04:00.066,6.46154,6.461040000000001,1.1,1
06.08.2021 00:04:00.300,6.46154,6.460850000000001,1.1,1.6
06.08.2021 00:04:00.872,6.46154,6.46092,1.1,1
06.08.2021 00:04:01.986,6.46155,6.46089,1.1,1.1
06.08.2021 00:04:02.876,6.46154,6.46087,1.1,1
06.08.2021 00:04:03.886,6.46155,6.460850000000001,1.1,1
06.08.2021 00:04:03.936,6.46154,6.4609000000000005,1.1,1
06.08.2021 00:04:05.072,6.46154,6.46102,1.1,1
06.08.2021 00:04:05.122,6.46155,6.46089,1.1,1
06.08.2021 00:04:05.287,6.46154,6.46091,1.57,1
06.08.2021 00:04:06.712,6.46155,6.46088,1.1,1.5
06.08.2021 00:04:07.335,6.46155,6.46102,1.1,1
06.08.2021 00:04:07.386,6.46155,6.46088,1.1,1
06.08.2021 00:04:07.959,6.46155,6.46102,1.1,1
06.08.2021 00:04:08.010,6.46155,6.46084,1.1,1.57
06.08.2021 00:04:08.060,6.46155,6.46088,1.1,1
06.08.2021 00:04:08.906,6.46154,6.46089,1.1,1.1
06.08.2021 00:04:09.084,6.46155,6.46088,1.1,1
06.08.2021 00:04:09.592,6.46154,6.46088,1.1,1
06.08.2021 00:04:10.222,6.46155,6.46084,1.1,1.1
06.08.2021 00:04:10.272,6.46155,6.46088,1.1,1
06.08.2021 00:04:10.844,6.46154,6.46087,1.1,1
06.08.2021 00:04:10.894,6.46154,6.46089,1.1,1.1
06.08.2021 00:04:11.867,6.46154,6.46092,1.1,1
06.08.2021 00:04:12.941,6.46155,6.46092,1.1,1
06.08.2021 00:04:13.092,6.46155,6.461040000000001,1.1,1
06.08.2021 00:04:13.193,6.46154,6.461040000000001,1,1
06.08.2021 00:04:15.185,6.46155,6.461040000000001,1.1,1
06.08.2021 00:04:15.241,6.46154,6.46102,1.1,1
06.08.2021 00:04:16.253,6.46155,6.4609000000000005,1.1,1
06.08.2021 00:04:16.303,6.46155,6.46102,1.1,1
06.08.2021 00:04:16.823,6.46155,6.4609000000000005,1.1,1
06.08.2021 00:04:16.924,6.46154,6.461,1.1,1
06.08.2021 00:04:17.080,6.46154,6.4609000000000005,1.1,1.1
06.08.2021 00:04:17.131,6.46155,6.46102,1.1,1
06.08.2021 00:04:17.182,6.46154,6.46091,1.1,1
06.08.2021 00:04:17.398,6.46154,6.46102,1.1,1
06.08.2021 00:04:17.656,6.46155,6.4609000000000005,1.1,1
06.08.2021 00:04:17.757,6.46154,6.46102,1.1,1
06.08.2021 00:04:18.926,6.46155,6.4609000000000005,1.1,1
06.08.2021 00:04:18.976,6.46155,6.460990000000001,1.1,1
06.08.2021 00:04:19.130,6.46154,6.46091,1.1,1
06.08.2021 00:04:19.735,6.46155,6.46098,1.1,1
06.08.2021 00:04:20.230,6.46155,6.461,1.1,1
06.08.2021 00:04:20.331,6.46154,6.4609000000000005,1.1,1.1
06.08.2021 00:04:24.012,6.46147,6.46089,1,1.1
06.08.2021 00:04:25.454,6.46154,6.46089,1,1.1
06.08.2021 00:04:25.505,6.46146,6.46088,1,1
06.08.2021 00:04:25.656,6.46142,6.46084,1,1
06.08.2021 00:04:25.807,6.46135,6.46084,1,1
06.08.2021 00:04:25.958,6.46136,6.46072,1,1
06.08.2021 00:04:26.059,6.46136,6.46079,1,1
06.08.2021 00:04:26.515,6.46133,6.4608,1,1
06.08.2021 00:04:26.565,6.461340000000001,6.4607600000000005,1,1
06.08.2021 00:04:26.616,6.46136,6.460680000000001,1,1
06.08.2021 00:04:26.892,6.46137,6.460680000000001,2.25,1
06.08.2021 00:04:26.952,6.46136,6.46067,2.25,1
06.08.2021 00:04:27.109,6.46136,6.46065,2.25,1.1
06.08.2021 00:04:27.512,6.46137,6.46074,1.5,1
06.08.2021 00:04:27.562,6.461340000000001,6.46065,1,1
06.08.2021 00:04:27.663,6.46136,6.46075,1.5,1
06.08.2021 00:04:27.930,6.46142,6.46075,1.5,1
06.08.2021 00:04:27.984,6.46142,6.46079,1.5,1
06.08.2021 00:04:28.085,6.46145,6.4608300000000005,1,1
06.08.2021 00:04:28.186,6.461480000000001,6.46086,1,1
06.08.2021 00:04:28.337,6.46146,6.46087,1,1
06.08.2021 00:04:30.278,6.46149,6.46087,1,1
06.08.2021 00:04:30.328,6.461430000000001,6.46087,1,1
06.08.2021 00:04:31.149,6.4614400000000005,6.46081,1,1.5
06.08.2021 00:04:31.270,6.46154,6.46087,1,1
06.08.2021 00:04:31.371,6.46147,6.46088,1,1
06.08.2021 00:04:32.009,6.461480000000001,6.4608300000000005,1,1.6
06.08.2021 00:04:32.073,6.461480000000001,6.46088,1,1
06.08.2021 00:04:32.174,6.46147,6.4609000000000005,1,1
06.08.2021 00:04:32.631,6.461480000000001,6.46087,1,1
06.08.2021 00:04:35.692,6.461480000000001,6.460850000000001,1,1
06.08.2021 00:04:38.091,6.46147,6.46084,1,1.5
06.08.2021 00:04:41.277,6.46147,6.46084,1,1.6
06.08.2021 00:04:41.378,6.46147,6.46084,1,1.6
06.08.2021 00:04:41.897,6.46147,6.46086,1,1
06.08.2021 00:04:42.332,6.461480000000001,6.4608300000000005,1,1.1
06.08.2021 00:04:42.433,6.46146,6.46082,1,1
06.08.2021 00:04:42.865,6.46145,6.46081,1,1
06.08.2021 00:04:42.965,6.46146,6.460730000000001,1,1.6
06.08.2021 00:04:43.287,6.46145,6.46074,1,1.1
06.08.2021 00:04:43.515,6.46145,6.46074,1,1
06.08.2021 00:04:43.616,6.46145,6.46071,1,1
06.08.2021 00:04:43.716,6.461430000000001,6.46074,1,1
06.08.2021 00:04:44.818,6.46142,6.46071,1,1
06.08.2021 00:04:57.726,6.46146,6.46071,1,1
06.08.2021 00:05:01.519,6.46146,6.460730000000001,1.5,1
06.08.2021 00:05:03.664,6.461480000000001,6.4608,1,1.1
06.08.2021 00:05:03.717,6.46152,6.46079,1,1.1
06.08.2021 00:05:04.740,6.461530000000001,6.460780000000001,1,1.1
06.08.2021 00:05:04.841,6.46154,6.46077,1,1
06.08.2021 00:05:05.553,6.46146,6.46077,1,1
06.08.2021 00:05:05.714,6.46146,6.4608,1,1
06.08.2021 00:05:07.245,6.46146,6.46077,1,1
06.08.2021 00:05:07.296,6.4615,6.46077,1,1
06.08.2021 00:05:07.638,6.46152,6.4607600000000005,1,1
06.08.2021 00:05:08.862,6.4615100000000005,6.4608,1,1
06.08.2021 00:05:09.013,6.46152,6.46084,1,1.57
06.08.2021 00:05:10.476,6.46154,6.46084,1,1.1
06.08.2021 00:05:10.526,6.461480000000001,6.46088,1,1
06.08.2021 00:05:13.600,6.46149,6.46088,1,1
06.08.2021 00:05:13.701,6.46149,6.46088,1,1.1
06.08.2021 00:05:14.470,6.46149,6.46088,1,1
06.08.2021 00:05:15.644,6.461480000000001,6.4609000000000005,1,1
06.08.2021 00:05:18.951,6.46149,6.460850000000001,1,1
06.08.2021 00:05:25.512,6.46154,6.460850000000001,1,1
06.08.2021 00:05:25.616,6.46149,6.460850000000001,1,1
06.08.2021 00:05:26.123,6.461480000000001,6.460850000000001,1,1
06.08.2021 00:05:26.962,6.461480000000001,6.46086,1,1
06.08.2021 00:05:29.021,6.46146,6.46086,1,1
06.08.2021 00:05:29.780,6.46149,6.4608300000000005,1,1
06.08.2021 00:05:38.781,6.46149,6.460850000000001,1,1
06.08.2021 00:05:39.062,6.4615100000000005,6.46086,1,1
06.08.2021 00:05:40.542,6.461480000000001,6.460850000000001,1,1
06.08.2021 00:05:40.643,6.46147,6.4608300000000005,1,1
06.08.2021 00:05:43.736,6.46146,6.46084,1,1.1
06.08.2021 00:05:43.907,6.46147,6.4608300000000005,1,1
06.08.2021 00:05:51.178,6.461480000000001,6.4608300000000005,1,1
06.08.2021 00:05:51.229,6.461530000000001,6.4608300000000005,1,1
06.08.2021 00:05:52.862,6.46154,6.46081,1,1.1
06.08.2021 00:05:53.469,6.461530000000001,6.46082,1.5,1.1
06.08.2021 00:05:55.301,6.461530000000001,6.46082,1.5,1.1
06.08.2021 00:05:55.402,6.46154,6.46086,1.5,1
06.08.2021 00:05:58.140,6.4615100000000005,6.46086,1.5,1
06.08.2021 00:05:58.191,6.4615100000000005,6.46082,1.5,1
06.08.2021 00:05:58.245,6.46154,6.4608300000000005,1.5,1
06.08.2021 00:05:58.407,6.461530000000001,6.46084,1.5,1.1
06.08.2021 00:06:01.221,6.46154,6.4608300000000005,1.5,1.1
06.08.2021 00:06:01.523,6.46149,6.4608300000000005,1,1.1
06.08.2021 00:06:01.646,6.46154,6.46084,1.5,1.6
06.08.2021 00:06:01.697,6.46157,6.46088,1.5,1.1
06.08.2021 00:06:01.798,6.4615800000000005,6.460940000000001,1.5,1
06.08.2021 00:06:01.848,6.46159,6.46093,1.5,1
06.08.2021 00:06:01.949,6.46161,6.46093,1,1.5
06.08.2021 00:06:02.112,6.46155,6.46093,1.1,1.5
06.08.2021 00:06:02.264,6.46155,6.460940000000001,1.1,1
06.08.2021 00:06:02.946,6.46154,6.46093,1.1,1
06.08.2021 00:06:03.449,6.46154,6.460940000000001,1.1,1
06.08.2021 00:06:09.127,6.46154,6.46092,1.1,1.5
06.08.2021 00:06:09.177,6.46156,6.46091,1.5,1
06.08.2021 00:06:09.280,6.46156,6.46091,1.5,1
06.08.2021 00:06:09.638,6.461600000000001,6.46091,1.5,1
06.08.2021 00:06:12.098,6.46156,6.46091,1.5,1
06.08.2021 00:06:13.150,6.46154,6.46091,1.1,1
06.08.2021 00:06:13.251,6.46155,6.46091,1.1,1
06.08.2021 00:06:23.411,6.46156,6.46091,1.5,1
06.08.2021 00:06:23.515,6.46147,6.46096,1,1
06.08.2021 00:06:23.566,6.46146,6.46082,1,1
06.08.2021 00:06:23.616,6.46146,6.460940000000001,1.12,1
06.08.2021 00:06:23.951,6.46145,6.46075,1.5,1.6
06.08.2021 00:06:24.487,6.46145,6.46075,1.5,1.1
06.08.2021 00:06:24.538,6.46145,6.46075,1.5,1.1
06.08.2021 00:06:24.639,6.46145,6.4609000000000005,1.5,1
06.08.2021 00:06:24.759,6.46146,6.46089,1.5,1
06.08.2021 00:06:25.554,6.46145,6.46075,1.5,1
06.08.2021 00:06:25.605,6.46145,6.460850000000001,1.5,1
06.08.2021 00:06:30.017,6.46145,6.460850000000001,1,1
06.08.2021 00:06:35.694,6.46145,6.46081,1,1
06.08.2021 00:06:40.494,6.46146,6.4607600000000005,1,1
06.08.2021 00:06:41.413,6.46145,6.46077,1,1.1
06.08.2021 00:06:42.477,6.46146,6.4607600000000005,1,1
06.08.2021 00:06:42.577,6.46145,6.46075,1,1
06.08.2021 00:06:45.500,6.46142,6.46075,1,1
06.08.2021 00:06:45.600,6.46136,6.460680000000001,1,1.5
06.08.2021 00:06:45.987,6.46137,6.460730000000001,1,1
06.08.2021 00:06:46.927,6.46137,6.46077,1,1
06.08.2021 00:06:47.221,6.461480000000001,6.46077,1.5,1
06.08.2021 00:06:51.447,6.461480000000001,6.46075,1.5,1
06.08.2021 00:06:51.948,6.46146,6.4606900000000005,1.5,1.1
06.08.2021 00:06:52.130,6.46145,6.4607600000000005,1.5,1
06.08.2021 00:06:52.626,6.46145,6.4607,1.5,1.1
06.08.2021 00:06:53.781,6.46146,6.46074,1.5,1
06.08.2021 00:06:53.831,6.46146,6.46072,1.5,1
06.08.2021 00:06:56.380,6.46137,6.46072,1,1
06.08.2021 00:06:56.481,6.46145,6.4607,1.5,1
06.08.2021 00:06:56.632,6.46137,6.4606900000000005,1,1
06.08.2021 00:06:57.609,6.46136,6.46066,1,1
06.08.2021 00:06:58.064,6.46136,6.460680000000001,1,1
06.08.2021 00:06:58.559,6.46136,6.4607,1,1
06.08.2021 00:07:03.942,6.46137,6.460730000000001,1,1
06.08.2021 00:07:07.962,6.46137,6.4606900000000005,1,1.1
06.08.2021 00:07:08.412,6.46146,6.4607,1.5,1
06.08.2021 00:07:08.463,6.46137,6.46066,1.5,1
06.08.2021 00:07:08.513,6.461380000000001,6.46065,1.5,1
06.08.2021 00:07:08.614,6.461380000000001,6.46066,1.5,1
06.08.2021 00:07:08.915,6.46127,6.46066,1,1
06.08.2021 00:07:08.966,6.46126,6.460640000000001,1,1
06.08.2021 00:07:09.439,6.46127,6.46062,1,1
06.08.2021 00:07:09.540,6.46127,6.4606,1,1
06.08.2021 00:07:09.646,6.46126,6.46062,1,1
06.08.2021 00:07:09.697,6.46142,6.46065,1.5,1
06.08.2021 00:07:09.748,6.46142,6.46065,1.5,1
06.08.2021 00:07:09.849,6.46141,6.46066,1.5,1
06.08.2021 00:07:09.915,6.46142,6.46067,1.5,1
06.08.2021 00:07:10.583,6.46142,6.46067,1.5,1
06.08.2021 00:07:10.851,6.46137,6.46067,1,1
06.08.2021 00:07:10.967,6.46136,6.460730000000001,1,1
06.08.2021 00:07:11.218,6.461390000000001,6.460730000000001,1.5,1
06.08.2021 00:07:11.319,6.4615,6.460730000000001,1.5,1.5
06.08.2021 00:07:11.428,6.4615100000000005,6.46074,1.5,1.1
06.08.2021 00:07:11.633,6.461530000000001,6.46077,1.5,1
06.08.2021 00:07:11.683,6.46152,6.460780000000001,1.5,1
06.08.2021 00:07:16.625,6.4615100000000005,6.4607600000000005,1.5,1
06.08.2021 00:07:16.836,6.4615100000000005,6.4607600000000005,1.5,1
06.08.2021 00:07:17.246,6.4615100000000005,6.4607600000000005,1.5,1
06.08.2021 00:07:17.297,6.4615100000000005,6.4607600000000005,1.5,1.1
06.08.2021 00:07:18.197,6.46155,6.4608300000000005,1.5,1
06.08.2021 00:07:18.382,6.46155,6.4608300000000005,1.5,1
06.08.2021 00:07:18.497,6.46156,6.46088,1.5,1
06.08.2021 00:07:18.598,6.46154,6.460850000000001,1.5,1.1
06.08.2021 00:07:19.671,6.461530000000001,6.46084,1.5,1.5
06.08.2021 00:07:19.772,6.461530000000001,6.4608300000000005,1.5,1
06.08.2021 00:07:19.873,6.461530000000001,6.4608300000000005,1.5,1
06.08.2021 00:07:20.017,6.46146,6.46084,1,1
06.08.2021 00:07:20.416,6.4615,6.4608300000000005,1,1
06.08.2021 00:07:20.480,6.461530000000001,6.4608300000000005,1,1
06.08.2021 00:07:20.531,6.46155,6.4608300000000005,1.1,1
06.08.2021 00:07:20.912,6.461530000000001,6.46082,1,1
06.08.2021 00:07:24.201,6.46152,6.4608300000000005,1,1.1
06.08.2021 00:07:24.860,6.4615,6.46082,1,1.1
06.08.2021 00:07:26.118,6.4615,6.46082,1,1.5
06.08.2021 00:07:28.199,6.46152,6.4608300000000005,1.5,1
06.08.2021 00:07:29.868,6.461530000000001,6.46082,1.5,1
06.08.2021 00:07:30.461,6.46152,6.4608300000000005,2,1
06.08.2021 00:07:31.352,6.46152,6.4608300000000005,2,1
06.08.2021 00:07:31.453,6.46145,6.46082,1,1
06.08.2021 00:07:32.858,6.4614400000000005,6.460850000000001,1,1
06.08.2021 00:07:33.284,6.4615800000000005,6.46084,1.5,1
06.08.2021 00:07:35.066,6.461530000000001,6.460850000000001,1.5,1
06.08.2021 00:07:44.910,6.46147,6.460940000000001,1,1
06.08.2021 00:07:45.384,6.46147,6.46084,1,1
06.08.2021 00:07:45.435,6.46147,6.46081,1,1
06.08.2021 00:07:46.519,6.46147,6.46084,1,1
06.08.2021 00:07:49.252,6.46154,6.46084,2,1
06.08.2021 00:07:53.485,6.46147,6.46084,1,1
06.08.2021 00:08:08.911,6.46147,6.4608300000000005,1,1
06.08.2021 00:08:11.473,6.46147,6.46084,1,1
06.08.2021 00:08:15.183,6.46147,6.4608300000000005,1,1
06.08.2021 00:08:21.554,6.46146,6.46089,1,1
06.08.2021 00:08:21.604,6.461530000000001,6.46081,1.5,1
06.08.2021 00:08:21.655,6.461530000000001,6.46101,1,1
06.08.2021 00:08:22.211,6.46147,6.461,1,1
06.08.2021 00:08:22.723,6.46147,6.460780000000001,1,1.1
06.08.2021 00:08:22.774,6.46147,6.46096,1,1
06.08.2021 00:08:22.924,6.46147,6.461,1,1
06.08.2021 00:08:23.211,6.46147,6.46095,1,1
06.08.2021 00:08:23.261,6.46146,6.46101,1,1
06.08.2021 00:08:23.750,6.46147,6.46101,1,1
06.08.2021 00:08:23.851,6.4615100000000005,6.46098,1.1,1
06.08.2021 00:08:24.371,6.4615100000000005,6.46102,1.1,1
06.08.2021 00:08:29.073,6.46147,6.4609000000000005,1,1
06.08.2021 00:08:29.237,6.46145,6.46089,1,1
06.08.2021 00:08:30.860,6.46147,6.46088,1,1
06.08.2021 00:08:31.662,6.4615,6.46089,1.1,1
06.08.2021 00:08:33.410,6.4615100000000005,6.46086,1.1,1
06.08.2021 00:08:33.723,6.4615,6.46089,1.1,1
06.08.2021 00:08:35.129,6.4615100000000005,6.46092,1.1,1
06.08.2021 00:08:35.180,6.4615100000000005,6.46086,1.1,1
06.08.2021 00:08:38.419,6.4615,6.46086,1,1
06.08.2021 00:08:38.519,6.4615,6.4609000000000005,1.1,1
06.08.2021 00:08:41.312,6.4615,6.46087,1.1,1.5
06.08.2021 00:08:41.470,6.4615100000000005,6.46089,1.1,1
06.08.2021 00:08:41.521,6.4615,6.46087,1.1,1
06.08.2021 00:08:41.571,6.4615100000000005,6.46089,1.1,1
06.08.2021 00:08:41.622,6.4615100000000005,6.46086,1.1,1
06.08.2021 00:08:41.821,6.4615100000000005,6.46089,1.1,1
06.08.2021 00:08:41.871,6.4615100000000005,6.46086,1.1,1
06.08.2021 00:08:41.973,6.4615,6.46089,1.1,1
06.08.2021 00:08:42.023,6.4615100000000005,6.46086,1.1,1
06.08.2021 00:08:42.174,6.4615100000000005,6.46088,1.1,1
06.08.2021 00:08:42.235,6.4615100000000005,6.46086,1.1,1
06.08.2021 00:08:42.336,6.4615100000000005,6.46088,1.1,1
06.08.2021 00:08:42.436,6.4615100000000005,6.46086,1.1,1
06.08.2021 00:08:42.635,6.4615,6.4609000000000005,1.1,1
06.08.2021 00:08:42.824,6.4615,6.46087,1.1,1
06.08.2021 00:08:42.881,6.4615100000000005,6.46089,1.1,1
06.08.2021 00:08:42.982,6.4615,6.46087,1.1,1
06.08.2021 00:08:43.032,6.4615100000000005,6.46089,1.1,1
06.08.2021 00:08:43.082,6.4615,6.46087,1.1,1
06.08.2021 00:08:43.133,6.4615100000000005,6.46089,1.1,1
06.08.2021 00:08:44.017,6.4615100000000005,6.46086,1.1,1
06.08.2021 00:08:47.383,6.4615,6.46088,1.1,1
06.08.2021 00:08:48.891,6.4615,6.46087,1.1,1
06.08.2021 00:08:52.115,6.46146,6.46087,1,1
06.08.2021 00:08:54.599,6.4615,6.46087,1.1,1
06.08.2021 00:09:02.374,6.46145,6.46086,1,1
06.08.2021 00:09:03.645,6.4615100000000005,6.46086,1.1,1
06.08.2021 00:09:04.356,6.46146,6.46087,1,1
06.08.2021 00:09:04.540,6.46146,6.460850000000001,1,1
06.08.2021 00:09:04.591,6.46146,6.46081,1,1.5
06.08.2021 00:09:10.992,6.46146,6.460850000000001,1,1
06.08.2021 00:09:11.825,6.46147,6.46086,1,1
06.08.2021 00:09:14.942,6.4615100000000005,6.46086,1.1,1
06.08.2021 00:09:15.144,6.46146,6.46087,1,1
06.08.2021 00:09:15.361,6.46146,6.460850000000001,1,1
06.08.2021 00:09:15.412,6.46147,6.46086,1,1
06.08.2021 00:09:16.132,6.4615100000000005,6.46086,1.1,1
06.08.2021 00:09:16.612,6.461480000000001,6.4608300000000005,1,1.5
06.08.2021 00:09:18.264,6.461480000000001,6.46087,1,1
06.08.2021 00:09:23.141,6.46147,6.46087,1.1,1
06.08.2021 00:09:25.553,6.461480000000001,6.4609000000000005,1.1,1
06.08.2021 00:09:25.604,6.461480000000001,6.46086,1.1,1
06.08.2021 00:09:25.732,6.46147,6.46086,1.1,1
06.08.2021 00:09:26.646,6.46147,6.4608300000000005,1.1,1.1
06.08.2021 00:09:26.878,6.461480000000001,6.460850000000001,1.1,1
06.08.2021 00:09:27.289,6.46147,6.4608300000000005,1.1,1.6
06.08.2021 00:09:29.002,6.46147,6.46088,1.1,1
06.08.2021 00:09:29.238,6.461480000000001,6.460850000000001,1.1,1
06.08.2021 00:09:39.606,6.46146,6.46086,1,1
06.08.2021 00:09:39.657,6.46146,6.46084,1,1
06.08.2021 00:09:42.461,6.46145,6.460850000000001,1,1
06.08.2021 00:09:42.562,6.46147,6.46084,1,1
06.08.2021 00:09:43.082,6.461480000000001,6.46084,1.1,1
06.08.2021 00:09:43.716,6.46147,6.46081,1.1,1
06.08.2021 00:09:43.767,6.46147,6.460850000000001,1.1,1
06.08.2021 00:09:48.046,6.461480000000001,6.4608300000000005,1.1,1
06.08.2021 00:09:51.553,6.46147,6.4608300000000005,1.1,1
06.08.2021 00:09:51.721,6.46147,6.460780000000001,1.1,1.6
06.08.2021 00:09:51.771,6.461480000000001,6.4608300000000005,1.1,1
06.08.2021 00:09:52.595,6.461480000000001,6.46079,1.1,1.1
06.08.2021 00:09:53.167,6.461480000000001,6.4608,1.1,1
06.08.2021 00:09:53.594,6.461480000000001,6.46082,1.1,1
06.08.2021 00:09:53.645,6.461480000000001,6.46077,1.1,1.6
06.08.2021 00:09:54.072,6.46147,6.46081,1.1,1
06.08.2021 00:09:54.123,6.461480000000001,6.46082,1.1,1
06.08.2021 00:10:12.845,6.46147,6.460780000000001,1.1,1.1
06.08.2021 00:10:22.335,6.46147,6.4607600000000005,1,1.1
06.08.2021 00:10:23.149,6.461430000000001,6.4607600000000005,1,1
06.08.2021 00:10:23.250,6.461430000000001,6.460730000000001,1,1.6
06.08.2021 00:10:23.606,6.46146,6.460730000000001,1,1.6
06.08.2021 00:10:23.657,6.46147,6.46077,1.1,1
06.08.2021 00:10:23.769,6.461480000000001,6.46079,1.1,1.1
06.08.2021 00:10:23.920,6.46146,6.46086,1,1
06.08.2021 00:10:24.132,6.46146,6.46088,1,1
06.08.2021 00:10:24.295,6.461480000000001,6.46087,1.1,1
06.08.2021 00:10:25.726,6.46146,6.46084,1,1.1
06.08.2021 00:10:26.085,6.461480000000001,6.46084,1.1,1.1
06.08.2021 00:10:28.614,6.46147,6.46084,1,1
06.08.2021 00:10:33.899,6.46145,6.460850000000001,1,1
06.08.2021 00:10:35.978,6.46146,6.4608,1,1
06.08.2021 00:10:36.454,6.46145,6.46075,1.5,1
06.08.2021 00:10:36.988,6.46146,6.46075,1,1
06.08.2021 00:10:37.038,6.46135,6.4607,1,1
06.08.2021 00:10:37.139,6.4614,6.46071,1,1
06.08.2021 00:10:37.475,6.461390000000001,6.460730000000001,1,1
06.08.2021 00:10:37.577,6.4614,6.46071,1,1
06.08.2021 00:10:37.678,6.46146,6.46077,1,1
06.08.2021 00:10:37.863,6.46146,6.46079,1,1
06.08.2021 00:10:39.520,6.46146,6.46077,1,1
06.08.2021 00:10:39.788,6.4614400000000005,6.46077,1,1
06.08.2021 00:10:39.919,6.46145,6.460730000000001,1,1
06.08.2021 00:10:41.350,6.46142,6.46072,1,2.25
06.08.2021 00:10:41.902,6.461430000000001,6.4606900000000005,1,1
06.08.2021 00:10:42.424,6.461430000000001,6.460730000000001,1,1
06.08.2021 00:10:52.528,6.46146,6.460730000000001,1,1
06.08.2021 00:10:52.731,6.46146,6.46074,1,1
06.08.2021 00:10:53.006,6.46145,6.460730000000001,1,1
06.08.2021 00:10:59.298,6.46147,6.46072,1,1
06.08.2021 00:10:59.348,6.46147,6.46075,1,1
06.08.2021 00:10:59.491,6.46146,6.4608,1,1
06.08.2021 00:10:59.542,6.46147,6.4607600000000005,1,1
06.08.2021 00:10:59.847,6.46147,6.46079,1,1.1
06.08.2021 00:10:59.948,6.46141,6.46079,1,1.1
06.08.2021 00:11:00.049,6.46141,6.46081,1,1
06.08.2021 00:11:01.167,6.46141,6.46086,1,1
06.08.2021 00:11:01.223,6.46147,6.46086,1,1
06.08.2021 00:11:05.316,6.461480000000001,6.46086,1.1,1
06.08.2021 00:11:07.483,6.4614400000000005,6.46087,1,1
06.08.2021 00:11:08.274,6.46147,6.46081,1,1
06.08.2021 00:11:10.303,6.46146,6.4608300000000005,1,1
06.08.2021 00:11:10.354,6.46147,6.46079,1,1.5
06.08.2021 00:11:10.404,6.46146,6.46084,1,1
06.08.2021 00:11:17.494,6.461430000000001,6.46087,1,1
06.08.2021 00:11:24.561,6.46136,6.46087,1,1
06.08.2021 00:11:27.965,6.461430000000001,6.46087,1,1
06.08.2021 00:11:37.155,6.46146,6.460780000000001,1.5,1
06.08.2021 00:11:37.309,6.46147,6.46077,1.5,1
06.08.2021 00:11:37.410,6.461390000000001,6.4607600000000005,1,1
06.08.2021 00:11:37.625,6.46147,6.4607600000000005,1.5,1
06.08.2021 00:11:37.676,6.46147,6.4607600000000005,1.5,1
06.08.2021 00:11:37.777,6.46147,6.46074,1.5,1
06.08.2021 00:11:39.693,6.46147,6.46077,1,1
06.08.2021 00:11:39.844,6.46146,6.46082,1,1
06.08.2021 00:11:40.201,6.46147,6.46082,1.1,1
06.08.2021 00:11:41.140,6.461480000000001,6.46084,1.1,1
06.08.2021 00:11:41.271,6.46145,6.4609000000000005,1,1
06.08.2021 00:11:44.402,6.461480000000001,6.46091,1.1,1
06.08.2021 00:11:44.555,6.461480000000001,6.460850000000001,1.1,1
06.08.2021 00:11:44.740,6.461480000000001,6.460940000000001,1.1,1
06.08.2021 00:11:50.534,6.461480000000001,6.46088,1.1,1
06.08.2021 00:11:50.733,6.46147,6.46093,1.1,1
06.08.2021 00:11:50.784,6.461480000000001,6.46088,1.1,1
06.08.2021 00:11:51.029,6.46147,6.46093,1.1,1
06.08.2021 00:11:59.747,6.461480000000001,6.46093,1.1,1
06.08.2021 00:12:00.321,6.461480000000001,6.46096,1.1,1
06.08.2021 00:12:00.770,6.46147,6.4609000000000005,1.1,1
06.08.2021 00:12:00.820,6.46147,6.46098,1.1,1
06.08.2021 00:12:01.297,6.46147,6.46088,1.1,1
06.08.2021 00:12:01.347,6.461480000000001,6.46093,1.1,1
06.08.2021 00:12:02.812,6.461480000000001,6.46095,1.1,1
06.08.2021 00:12:04.485,6.46147,6.46088,1.1,1
06.08.2021 00:12:04.536,6.461480000000001,6.46092,1.57,1
06.08.2021 00:12:05.725,6.4614400000000005,6.46093,1,1
06.08.2021 00:12:10.565,6.461480000000001,6.46092,1.57,1
06.08.2021 00:12:10.665,6.46149,6.46088,1.5,1
06.08.2021 00:12:14.523,6.46149,6.46088,1.5,1
06.08.2021 00:12:14.583,6.4615,6.46093,1.5,1
06.08.2021 00:12:14.633,6.46147,6.46087,1.1,1
06.08.2021 00:12:15.139,6.46147,6.46091,1,1
06.08.2021 00:12:15.743,6.461480000000001,6.46089,1.57,1
06.08.2021 00:12:18.095,6.461480000000001,6.460940000000001,1.1,1
06.08.2021 00:12:18.146,6.46147,6.4609000000000005,1.1,1
06.08.2021 00:12:18.196,6.46147,6.46095,1.1,1
06.08.2021 00:12:18.247,6.46147,6.4609000000000005,1.1,1
06.08.2021 00:12:18.352,6.46146,6.46093,1,1
06.08.2021 00:12:19.291,6.461480000000001,6.46093,1.1,1
06.08.2021 00:12:20.469,6.46146,6.46092,1,1
06.08.2021 00:12:23.690,6.46147,6.46093,1.1,1
06.08.2021 00:12:25.190,6.46147,6.46088,1.1,1
06.08.2021 00:12:25.240,6.46147,6.4609000000000005,1,1
06.08.2021 00:12:26.070,6.46146,6.46092,1,1
06.08.2021 00:12:26.378,6.46147,6.4609000000000005,1,1
06.08.2021 00:12:26.738,6.46147,6.46091,1.1,1
06.08.2021 00:12:28.511,6.46147,6.46092,1.1,1
06.08.2021 00:12:34.631,6.461480000000001,6.46093,1.57,1
06.08.2021 00:12:35.338,6.46147,6.46093,1.1,1
06.08.2021 00:12:35.761,6.461480000000001,6.46088,1.1,1
06.08.2021 00:12:36.859,6.46147,6.46095,1.1,1
06.08.2021 00:12:41.328,6.461480000000001,6.46091,1.1,1
06.08.2021 00:12:41.470,6.46149,6.46091,1.5,1
06.08.2021 00:12:41.845,6.4615100000000005,6.4608300000000005,1.5,1
06.08.2021 00:12:42.070,6.46136,6.46082,1,1
06.08.2021 00:12:42.171,6.46135,6.46086,1,1
06.08.2021 00:12:42.473,6.46145,6.460850000000001,2,1
06.08.2021 00:12:42.796,6.4614400000000005,6.46086,2,1
06.08.2021 00:12:42.847,6.4614400000000005,6.460780000000001,1.5,1
06.08.2021 00:12:44.120,6.4614400000000005,6.460780000000001,1.5,1
06.08.2021 00:12:44.170,6.46141,6.4608300000000005,1,1
06.08.2021 00:12:45.847,6.46146,6.4608,1.5,1
06.08.2021 00:12:45.898,6.4614400000000005,6.46084,1.5,1
06.08.2021 00:12:45.948,6.46146,6.4608,1.5,1
06.08.2021 00:12:45.999,6.46128,6.46084,1,1
06.08.2021 00:12:46.050,6.4613000000000005,6.46079,1,1
06.08.2021 00:12:46.151,6.46127,6.46075,1,1
06.08.2021 00:12:46.270,6.4612300000000005,6.46075,1,1
06.08.2021 00:12:46.372,6.46122,6.460730000000001,1,1
06.08.2021 00:12:46.473,6.461200000000001,6.4606900000000005,1,1
06.08.2021 00:12:48.660,6.461200000000001,6.4606900000000005,1.5,1
06.08.2021 00:12:49.665,6.46121,6.460680000000001,2.07,1
06.08.2021 00:12:50.669,6.461200000000001,6.4606900000000005,2.07,1
06.08.2021 00:12:53.732,6.461200000000001,6.4606900000000005,2.07,1
06.08.2021 00:12:54.057,6.461200000000001,6.460730000000001,1.6,1
06.08.2021 00:12:54.682,6.461200000000001,6.460730000000001,1.1,1
06.08.2021 00:12:55.187,6.4612300000000005,6.460730000000001,2,1
06.08.2021 00:12:55.463,6.46131,6.460780000000001,1.5,1
06.08.2021 00:12:55.590,6.46132,6.46082,1.5,1
06.08.2021 00:12:55.844,6.461340000000001,6.46081,1.5,1
06.08.2021 00:12:59.881,6.461340000000001,6.46086,1,1
06.08.2021 00:13:00.143,6.461340000000001,6.46093,1,1
06.08.2021 00:13:00.810,6.46127,6.46086,1,1
06.08.2021 00:13:00.911,6.46131,6.46086,1,1
06.08.2021 00:13:00.962,6.46126,6.4608,1,1
06.08.2021 00:13:01.128,6.46126,6.46081,1,1
06.08.2021 00:13:01.180,6.46131,6.4608,1,1
06.08.2021 00:13:01.281,6.46133,6.46081,1,1
06.08.2021 00:13:08.442,6.4612300000000005,6.4608,1,1
06.08.2021 00:13:08.493,6.46127,6.4608,1,1
06.08.2021 00:13:08.593,6.46127,6.46077,1,1
06.08.2021 00:13:08.644,6.46127,6.46075,1,1
06.08.2021 00:13:08.694,6.46126,6.4608,1,1
06.08.2021 00:13:09.386,6.46131,6.46079,1,1
06.08.2021 00:13:09.436,6.46131,6.46095,1,1
06.08.2021 00:13:09.487,6.461380000000001,6.46096,1.1,1
06.08.2021 00:13:09.587,6.461390000000001,6.46098,1.57,1
06.08.2021 00:13:10.105,6.461380000000001,6.461,1.57,1
06.08.2021 00:13:10.821,6.4614400000000005,6.460990000000001,1.57,1
06.08.2021 00:13:11.386,6.4614400000000005,6.460850000000001,1.1,1
06.08.2021 00:13:11.780,6.4614400000000005,6.46086,1.1,1
06.08.2021 00:13:14.634,6.46135,6.46087,1,1
06.08.2021 00:13:15.643,6.461340000000001,6.46087,1,1
06.08.2021 00:13:16.475,6.4614400000000005,6.46086,1.1,1
06.08.2021 00:13:16.942,6.4614400000000005,6.4609000000000005,1.1,1
06.08.2021 00:13:17.219,6.4614400000000005,6.46089,1.1,1
06.08.2021 00:13:18.801,6.4614400000000005,6.4609000000000005,1.1,1
06.08.2021 00:13:19.180,6.461430000000001,6.46098,1.57,1
06.08.2021 00:13:19.381,6.461430000000001,6.46102,1.57,1
06.08.2021 00:13:30.109,6.461430000000001,6.46109,1.57,1
06.08.2021 00:13:31.347,6.4614400000000005,6.460990000000001,1.57,1
06.08.2021 00:13:31.546,6.461430000000001,6.4611,1.57,1
06.08.2021 00:13:34.239,6.461430000000001,6.46101,1.57,1
06.08.2021 00:13:34.290,6.461430000000001,6.46107,1.1,1
06.08.2021 00:13:36.197,6.461430000000001,6.46106,1.1,1
06.08.2021 00:13:38.506,6.4614400000000005,6.46093,1.1,1
06.08.2021 00:13:38.557,6.46133,6.46093,1,1
06.08.2021 00:13:38.608,6.46133,6.46087,1,1
06.08.2021 00:13:39.008,6.4614400000000005,6.46086,1.1,1
06.08.2021 00:13:41.908,6.461430000000001,6.46086,1,1
06.08.2021 00:13:43.862,6.46142,6.4609000000000005,1,1
06.08.2021 00:13:44.481,6.46142,6.46092,1,1
06.08.2021 00:13:46.617,6.46142,6.4609000000000005,1,1
06.08.2021 00:13:50.843,6.46142,6.460940000000001,1,1
06.08.2021 00:13:51.259,6.461430000000001,6.460940000000001,1.1,1
06.08.2021 00:13:51.361,6.4614400000000005,6.46098,1.1,1
06.08.2021 00:13:51.798,6.461430000000001,6.460940000000001,1.1,1
06.08.2021 00:13:52.425,6.4614400000000005,6.46097,1.1,1
06.08.2021 00:13:52.541,6.4614400000000005,6.46093,1.1,1
06.08.2021 00:13:58.016,6.4614400000000005,6.4609000000000005,1.1,1
06.08.2021 00:13:58.534,6.461430000000001,6.460940000000001,1.1,1
06.08.2021 00:13:58.883,6.461430000000001,6.460990000000001,1.1,1
06.08.2021 00:13:59.036,6.461430000000001,6.46102,1.1,1
06.08.2021 00:13:59.575,6.461430000000001,6.46106,1.1,1
06.08.2021 00:14:02.305,6.4615800000000005,6.46105,1,1
06.08.2021 00:14:02.356,6.46162,6.46105,1,1
06.08.2021 00:14:02.406,6.46156,6.46106,1,1
06.08.2021 00:14:02.456,6.46156,6.461040000000001,1,1
06.08.2021 00:14:02.507,6.46156,6.46098,1,1
06.08.2021 00:14:03.007,6.46157,6.461,1,1
06.08.2021 00:14:10.528,6.46162,6.461,1.57,1
06.08.2021 00:14:20.084,6.46157,6.461,1,1
06.08.2021 00:14:20.185,6.4611,6.460680000000001,1,1
06.08.2021 00:14:20.286,6.46114,6.46067,1,1
06.08.2021 00:14:20.387,6.46098,6.46067,1,1
06.08.2021 00:14:20.488,6.461180000000001,6.46067,1.5,1
06.08.2021 00:14:20.538,6.46114,6.460680000000001,1,1
06.08.2021 00:14:20.640,6.461030000000001,6.46065,1,1
06.08.2021 00:14:20.741,6.461040000000001,6.46062,1.5,1
06.08.2021 00:14:20.791,6.46097,6.460630000000001,1,1
06.08.2021 00:14:20.892,6.46097,6.4606,1,1
06.08.2021 00:14:20.995,6.46098,6.46058,1,1
06.08.2021 00:14:26.536,6.460850000000001,6.4605500000000005,1,1
06.08.2021 00:14:26.587,6.46092,6.4604,1,1
06.08.2021 00:14:26.637,6.46098,6.46062,1.5,1
06.08.2021 00:14:26.738,6.46097,6.46044,1,1
06.08.2021 00:14:26.788,6.46098,6.46047,1,1
06.08.2021 00:14:27.808,6.46097,6.46058,1,1
06.08.2021 00:14:30.241,6.46098,6.46053,1,1
06.08.2021 00:14:30.292,6.46124,6.460590000000001,1,1.5
06.08.2021 00:14:30.366,6.46128,6.46058,2.25,1.5
06.08.2021 00:14:30.416,6.46128,6.4606,1.5,1.5
06.08.2021 00:14:30.517,6.461290000000001,6.460630000000001,1,1.5
06.08.2021 00:14:30.627,6.46128,6.46072,1,1
06.08.2021 00:14:30.728,6.46146,6.46081,1,1
06.08.2021 00:14:30.779,6.46146,6.4609000000000005,1,1
06.08.2021 00:14:35.615,6.46147,6.460990000000001,1.5,1
06.08.2021 00:14:36.186,6.46146,6.46091,1.5,1
06.08.2021 00:14:36.621,6.46147,6.460990000000001,1,1
06.08.2021 00:14:37.121,6.46147,6.46088,1,1
06.08.2021 00:14:37.622,6.46146,6.46093,1,1
06.08.2021 00:14:38.623,6.46146,6.46102,1,1
06.08.2021 00:14:38.958,6.46147,6.46105,1,1
06.08.2021 00:14:56.372,6.46147,6.460940000000001,1,1
06.08.2021 00:14:56.889,6.46147,6.461040000000001,1,1
06.08.2021 00:15:01.717,6.4615100000000005,6.46105,1.5,1
06.08.2021 00:15:01.866,6.46147,6.461040000000001,1,1
06.08.2021 00:15:01.978,6.46152,6.461040000000001,1.5,1
06.08.2021 00:15:02.716,6.4615100000000005,6.46105,1.5,1
06.08.2021 00:15:02.817,6.4615100000000005,6.46101,1.5,1
06.08.2021 00:15:02.983,6.4615100000000005,6.46101,1.5,1
06.08.2021 00:15:03.360,6.46152,6.461,1.6,1
06.08.2021 00:15:03.713,6.4615100000000005,6.46093,1.6,1
06.08.2021 00:15:04.017,6.46147,6.46092,1,1
06.08.2021 00:15:05.043,6.46147,6.46092,1.1,1
06.08.2021 00:15:05.256,6.46146,6.46093,1,1
06.08.2021 00:15:05.552,6.46146,6.46101,1,1
06.08.2021 00:15:05.653,6.46146,6.460990000000001,1,1
06.08.2021 00:15:08.491,6.46146,6.4609000000000005,1,1
06.08.2021 00:15:15.006,6.46147,6.460990000000001,1,1
06.08.2021 00:15:15.670,6.46146,6.46089,1,1
06.08.2021 00:15:27.110,6.46146,6.46098,1,1
06.08.2021 00:15:27.611,6.46146,6.46089,1,1
06.08.2021 00:15:29.646,6.46147,6.46098,1,1
06.08.2021 00:15:31.932,6.46147,6.46087,1,1
06.08.2021 00:15:55.314,6.46146,6.46092,1,1
06.08.2021 00:15:56.859,6.46146,6.46088,1,1
06.08.2021 00:16:20.222,6.46147,6.4609000000000005,1,1
06.08.2021 00:16:20.719,6.46147,6.4609000000000005,1.1,1
06.08.2021 00:16:20.860,6.4614,6.46091,1,1
06.08.2021 00:16:21.010,6.46141,6.46082,1,1
06.08.2021 00:16:26.311,6.4614,6.46084,1,1
06.08.2021 00:16:26.845,6.4614,6.46086,1,1
06.08.2021 00:16:33.303,6.4614,6.46082,1,1
06.08.2021 00:16:34.550,6.4614,6.46086,1,1
06.08.2021 00:16:37.889,6.46141,6.46081,1,1
06.08.2021 00:16:49.422,6.4614,6.4608300000000005,1.1,1
06.08.2021 00:16:49.585,6.46135,6.4608300000000005,1,1
06.08.2021 00:16:49.948,6.46135,6.46079,1,1
06.08.2021 00:16:53.153,6.46135,6.4608,1,1
06.08.2021 00:16:56.055,6.46136,6.46081,1,1
06.08.2021 00:17:11.609,6.46137,6.46081,1,1
06.08.2021 00:17:11.725,6.4614400000000005,6.46084,1,1
06.08.2021 00:17:11.775,6.4614400000000005,6.46088,1,1
06.08.2021 00:17:12.747,6.46145,6.46091,1,1
06.08.2021 00:17:24.204,6.46137,6.46091,1,1
06.08.2021 00:17:24.254,6.46137,6.460850000000001,1,1
06.08.2021 00:17:24.305,6.46137,6.460780000000001,1,1
06.08.2021 00:17:24.559,6.46137,6.46079,1,1
06.08.2021 00:17:24.758,6.46137,6.46086,1,1
06.08.2021 00:17:27.533,6.46136,6.460850000000001,1,1
06.08.2021 00:17:29.409,6.46136,6.46084,1,1
06.08.2021 00:17:29.560,6.46137,6.46082,1,1
06.08.2021 00:17:29.725,6.46137,6.4608300000000005,1,1
06.08.2021 00:17:29.776,6.46136,6.4609000000000005,1,1
06.08.2021 00:17:30.219,6.46136,6.460850000000001,1,1
06.08.2021 00:17:45.052,6.46137,6.460850000000001,1,1
06.08.2021 00:17:45.689,6.46137,6.46082,1,1
06.08.2021 00:17:46.009,6.46136,6.460850000000001,1,1
06.08.2021 00:17:46.382,6.46137,6.46088,1,1
06.08.2021 00:17:46.917,6.46137,6.46084,1,1
06.08.2021 00:17:56.454,6.46137,6.46087,1,1
06.08.2021 00:18:00.345,6.46136,6.46089,1,1
06.08.2021 00:18:00.446,6.46145,6.4609000000000005,1.1,1
06.08.2021 00:18:00.497,6.4614400000000005,6.46082,1,1
06.08.2021 00:18:01.237,6.4614400000000005,6.46087,1,1
06.08.2021 00:18:01.502,6.4614400000000005,6.46092,1,1
06.08.2021 00:18:01.641,6.461430000000001,6.4609000000000005,1,1
06.08.2021 00:18:01.742,6.46145,6.46084,1,1
06.08.2021 00:18:04.354,6.4614400000000005,6.4608300000000005,1,1
06.08.2021 00:18:04.505,6.46145,6.4608,1,1
06.08.2021 00:18:04.556,6.46136,6.46081,1,1
06.08.2021 00:18:04.657,6.46136,6.46082,1,1
06.08.2021 00:18:06.850,6.46136,6.46086,1,1
06.08.2021 00:18:09.348,6.46136,6.4608300000000005,1,1
06.08.2021 00:18:10.018,6.46136,6.46081,1,1
06.08.2021 00:18:10.225,6.46137,6.46082,1,1
06.08.2021 00:18:12.230,6.46136,6.46084,1,1
06.08.2021 00:18:12.331,6.46136,6.4608,1,1
06.08.2021 00:18:12.587,6.46137,6.4608,1,1
06.08.2021 00:18:12.688,6.46136,6.46084,1,1
06.08.2021 00:18:13.592,6.46137,6.46087,1,1
06.08.2021 00:18:13.693,6.46137,6.4608300000000005,1,1
06.08.2021 00:18:13.835,6.46137,6.4608,1,1
06.08.2021 00:18:13.975,6.46137,6.46082,1,1
06.08.2021 00:18:14.351,6.46136,6.46081,1,1
06.08.2021 00:18:15.240,6.46137,6.460850000000001,1,1
06.08.2021 00:18:15.694,6.46137,6.46088,1,1
06.08.2021 00:18:16.255,6.46137,6.46084,1,1
06.08.2021 00:18:17.727,6.46137,6.46088,1,1
06.08.2021 00:18:19.337,6.46145,6.46088,1,1
06.08.2021 00:18:23.931,6.46145,6.4609000000000005,1,1
06.08.2021 00:18:24.032,6.4614400000000005,6.46093,1,1
06.08.2021 00:18:24.133,6.46137,6.46089,1,1
06.08.2021 00:18:24.184,6.46137,6.460850000000001,1,1
06.08.2021 00:18:24.286,6.46136,6.46087,1,1
06.08.2021 00:18:24.585,6.46137,6.46091,1,1
06.08.2021 00:18:25.761,6.46145,6.46091,1,1
06.08.2021 00:18:25.862,6.4614400000000005,6.46088,1,1
06.08.2021 00:18:26.587,6.46145,6.4608300000000005,1,1
06.08.2021 00:18:27.086,6.4614400000000005,6.46088,1,1
06.08.2021 00:18:27.276,6.46145,6.46084,1,1
06.08.2021 00:18:27.327,6.46136,6.460780000000001,1,1
06.08.2021 00:18:27.465,6.46137,6.460780000000001,1,1
06.08.2021 00:18:27.577,6.46137,6.4608300000000005,1,1
06.08.2021 00:18:27.783,6.46145,6.4608300000000005,1,1
06.08.2021 00:18:28.563,6.4614400000000005,6.46088,1,1
06.08.2021 00:18:28.723,6.4614400000000005,6.46087,1,1
06.08.2021 00:18:28.773,6.4614400000000005,6.460850000000001,1,1
06.08.2021 00:18:28.824,6.461430000000001,6.4608,1.1,1
06.08.2021 00:18:28.875,6.461390000000001,6.46079,1,1
06.08.2021 00:18:29.090,6.46145,6.4608,1.1,1
06.08.2021 00:18:29.141,6.46145,6.46088,1,1
06.08.2021 00:18:29.192,6.4614400000000005,6.460850000000001,1,1
06.08.2021 00:18:32.501,6.46147,6.46084,1,1
06.08.2021 00:18:35.211,6.46146,6.46086,1,1
06.08.2021 00:18:35.262,6.46145,6.460850000000001,1,1
06.08.2021 00:18:35.312,6.4614400000000005,6.46079,1.1,1
06.08.2021 00:18:35.413,6.461390000000001,6.4608,1,1
06.08.2021 00:18:35.599,6.461390000000001,6.46081,1,1
06.08.2021 00:18:35.650,6.46147,6.4608,1.1,1
06.08.2021 00:18:35.795,6.46147,6.46086,1.1,1
06.08.2021 00:18:35.895,6.46147,6.46082,1,1
06.08.2021 00:18:36.888,6.4615100000000005,6.46082,1,1
06.08.2021 00:18:37.324,6.4615,6.46087,1,1
06.08.2021 00:18:37.488,6.4614400000000005,6.46084,1,1
06.08.2021 00:18:37.589,6.4614400000000005,6.4608300000000005,1.1,1
06.08.2021 00:18:37.836,6.46146,6.4608300000000005,1.1,1
06.08.2021 00:18:37.937,6.46146,6.46088,1,1
06.08.2021 00:18:39.087,6.4614400000000005,6.46087,1,1
06.08.2021 00:18:39.137,6.4614400000000005,6.460850000000001,1.1,1
06.08.2021 00:18:39.247,6.4614400000000005,6.46082,1.1,1
06.08.2021 00:18:39.297,6.461480000000001,6.46084,1.6,1
06.08.2021 00:18:39.348,6.461480000000001,6.46084,1.5,1
06.08.2021 00:18:39.586,6.4615,6.460850000000001,1.1,1
06.08.2021 00:18:39.721,6.4615100000000005,6.4608300000000005,1.1,1
06.08.2021 00:18:39.772,6.4615100000000005,6.46087,1,1
06.08.2021 00:18:53.052,6.46147,6.46087,1,1
06.08.2021 00:18:53.233,6.46133,6.46087,1,1
06.08.2021 00:18:53.283,6.46132,6.4608,1,1
06.08.2021 00:18:53.384,6.46137,6.46079,1,1
06.08.2021 00:18:54.470,6.46137,6.4608,1,1
06.08.2021 00:18:54.520,6.46133,6.46079,1,1
06.08.2021 00:18:57.904,6.46141,6.46079,1,1
06.08.2021 00:19:00.160,6.4614,6.46079,1,1
06.08.2021 00:19:01.188,6.461390000000001,6.46079,1,1
06.08.2021 00:19:01.696,6.46137,6.46079,1,1
06.08.2021 00:19:02.177,6.46128,6.46079,1,1
06.08.2021 00:19:02.278,6.46133,6.4607,1.1,1
06.08.2021 00:19:02.329,6.46127,6.460680000000001,1,1
06.08.2021 00:19:02.479,6.46126,6.46067,1,1
06.08.2021 00:19:02.690,6.46126,6.460680000000001,1,1
06.08.2021 00:19:02.795,6.46126,6.460730000000001,1,1
06.08.2021 00:19:03.130,6.46133,6.460730000000001,1.57,1
06.08.2021 00:19:04.194,6.461340000000001,6.460680000000001,1.57,1
06.08.2021 00:19:05.440,6.461340000000001,6.460680000000001,1.6,1
06.08.2021 00:19:11.645,6.461340000000001,6.460680000000001,1.6,1
06.08.2021 00:19:12.687,6.46126,6.460680000000001,1,1
06.08.2021 00:19:12.738,6.46133,6.46072,1.57,1
06.08.2021 00:19:13.065,6.46137,6.460730000000001,1,1
06.08.2021 00:19:13.166,6.461340000000001,6.460780000000001,1,1
06.08.2021 00:19:13.267,6.461340000000001,6.46074,1.1,1
06.08.2021 00:19:13.627,6.46136,6.460780000000001,1,1
06.08.2021 00:19:13.779,6.46133,6.46079,1,1
06.08.2021 00:19:13.881,6.46124,6.46079,1,1
06.08.2021 00:19:13.982,6.46124,6.46074,1,1
06.08.2021 00:19:14.282,6.46127,6.46075,1.5,1
06.08.2021 00:19:14.333,6.46127,6.46071,1.5,1
06.08.2021 00:19:14.384,6.461340000000001,6.4607,1.1,1
06.08.2021 00:19:14.732,6.461340000000001,6.46071,1.1,1
06.08.2021 00:19:29.694,6.46137,6.46071,1,1
06.08.2021 00:19:30.145,6.46137,6.46074,1,1
06.08.2021 00:19:30.342,6.46133,6.46075,1,1
06.08.2021 00:19:30.841,6.461340000000001,6.46084,1,1
06.08.2021 00:19:31.292,6.46137,6.46084,1,1
06.08.2021 00:19:31.343,6.46128,6.4608300000000005,1,1
06.08.2021 00:19:31.393,6.46128,6.46081,1,1
06.08.2021 00:19:31.552,6.46137,6.4608,1.1,1
06.08.2021 00:19:31.653,6.461390000000001,6.4608300000000005,1.1,1
06.08.2021 00:19:32.247,6.4614400000000005,6.460850000000001,1.1,1
06.08.2021 00:19:32.424,6.461390000000001,6.46084,1,1
06.08.2021 00:19:32.525,6.46128,6.4608,1,1
06.08.2021 00:19:32.576,6.46127,6.46075,1,1
06.08.2021 00:19:32.626,6.461250000000001,6.46075,1,1
06.08.2021 00:19:32.677,6.461250000000001,6.4607,1,1
06.08.2021 00:19:32.969,6.461250000000001,6.46072,1,1
06.08.2021 00:19:33.194,6.461250000000001,6.46082,1,1
06.08.2021 00:19:36.241,6.46135,6.46082,1,1
06.08.2021 00:19:36.975,6.46137,6.46082,1,1
06.08.2021 00:19:38.195,6.46136,6.46087,1,1
06.08.2021 00:19:39.019,6.46137,6.4608300000000005,1,1
06.08.2021 00:19:39.504,6.46136,6.46089,1,1
06.08.2021 00:19:39.584,6.4614,6.46088,1,1
06.08.2021 00:19:39.635,6.46133,6.46088,1,1
06.08.2021 00:19:41.061,6.46155,6.46091,1.6,1
06.08.2021 00:19:41.112,6.46155,6.461030000000001,1.1,1
06.08.2021 00:19:41.162,6.46156,6.46102,1,1
06.08.2021 00:19:41.264,6.46155,6.46107,1.5,1
06.08.2021 00:19:42.291,6.46155,6.461040000000001,1,1
06.08.2021 00:19:42.454,6.46156,6.46102,1,1
06.08.2021 00:19:45.031,6.46156,6.46102,1.1,1
06.08.2021 00:19:45.327,6.46155,6.461030000000001,1,1
06.08.2021 00:19:45.526,6.46155,6.461030000000001,1.1,1
06.08.2021 00:19:47.412,6.46156,6.46102,1,1
06.08.2021 00:19:48.275,6.46156,6.46098,1,1
06.08.2021 00:19:48.390,6.46155,6.46088,1,1
06.08.2021 00:19:48.441,6.46146,6.46087,1,1
06.08.2021 00:19:49.214,6.46156,6.46087,1.1,1
06.08.2021 00:19:57.454,6.46156,6.46087,1,1
06.08.2021 00:20:00.486,6.46155,6.46089,1,1
06.08.2021 00:20:02.393,6.46146,6.46088,1,1
06.08.2021 00:20:02.494,6.46145,6.460990000000001,1,1
06.08.2021 00:20:02.595,6.46156,6.46098,1,1
06.08.2021 00:20:02.736,6.46157,6.46098,1,1
06.08.2021 00:20:02.787,6.461600000000001,6.460990000000001,1,1
06.08.2021 00:20:02.954,6.46161,6.46102,1,1
06.08.2021 00:20:03.202,6.46161,6.46102,1.1,1
06.08.2021 00:20:04.592,6.461600000000001,6.461030000000001,1,1
06.08.2021 00:20:04.643,6.46163,6.46091,1,1.5
06.08.2021 00:20:04.693,6.46166,6.46105,1.5,1
06.08.2021 00:20:04.794,6.46167,6.46109,1.5,1
06.08.2021 00:20:05.686,6.46168,6.46109,1.22,1
06.08.2021 00:20:08.524,6.46159,6.4611,1,1
06.08.2021 00:20:08.625,6.461650000000001,6.4611,1.1,1
06.08.2021 00:20:08.676,6.46166,6.461110000000001,1,1
06.08.2021 00:20:11.157,6.46166,6.46109,1,1
06.08.2021 00:20:11.782,6.46166,6.4611,1,1
06.08.2021 00:20:11.937,6.46166,6.46109,1,1
06.08.2021 00:20:14.499,6.46166,6.46112,1,1
06.08.2021 00:20:19.032,6.461650000000001,6.461130000000001,1.1,1
06.08.2021 00:20:19.133,6.46161,6.46112,1,1
06.08.2021 00:20:20.071,6.46161,6.46109,1,1
06.08.2021 00:20:20.172,6.46166,6.46109,1,1
06.08.2021 00:20:26.593,6.46166,6.4611,1,1
06.08.2021 00:20:26.870,6.46168,6.4611,1.22,1
06.08.2021 00:20:37.345,6.46167,6.4611,1,1
06.08.2021 00:20:37.458,6.46161,6.461080000000001,1,1
06.08.2021 00:20:37.909,6.46161,6.46107,1,1
06.08.2021 00:20:46.613,6.46155,6.46106,1,1
06.08.2021 00:20:50.788,6.46156,6.46107,1,1
06.08.2021 00:20:50.889,6.46156,6.461040000000001,1,1
06.08.2021 00:20:51.069,6.46156,6.461,1,1.5
06.08.2021 00:20:51.286,6.46156,6.461030000000001,1,1
06.08.2021 00:20:58.058,6.46157,6.46117,1,1
06.08.2021 00:20:58.300,6.46162,6.46117,1,1
06.08.2021 00:20:58.350,6.46154,6.46119,1,1
06.08.2021 00:21:03.287,6.46155,6.461200000000001,1,1
06.08.2021 00:21:03.961,6.46157,6.461200000000001,1,1
06.08.2021 00:21:04.012,6.46156,6.46114,1,1
06.08.2021 00:21:04.062,6.46157,6.461130000000001,1.1,1
06.08.2021 00:21:04.163,6.46156,6.46119,1,1
06.08.2021 00:21:04.265,6.46154,6.46119,1,1
06.08.2021 00:21:05.023,6.46154,6.461180000000001,1,1
06.08.2021 00:21:05.358,6.46154,6.46119,1,1
06.08.2021 00:21:09.400,6.46157,6.4611600000000005,1,1
06.08.2021 00:21:09.451,6.46157,6.4611600000000005,1.1,1
06.08.2021 00:21:09.552,6.46156,6.461200000000001,1,1
06.08.2021 00:21:16.541,6.46157,6.46117,1,1
06.08.2021 00:21:16.834,6.46157,6.461180000000001,1,1
06.08.2021 00:21:20.342,6.46157,6.461200000000001,1,1
06.08.2021 00:21:26.931,6.46155,6.461200000000001,1,1
06.08.2021 00:21:27.762,6.46155,6.46119,1,1
06.08.2021 00:21:27.994,6.46156,6.461200000000001,1,1
06.08.2021 00:21:28.490,6.46157,6.46115,1,1
06.08.2021 00:21:28.541,6.461430000000001,6.4611600000000005,1,1
06.08.2021 00:21:28.591,6.46142,6.46097,1,1
06.08.2021 00:21:28.742,6.461340000000001,6.460990000000001,1,1
06.08.2021 00:21:28.843,6.4614400000000005,6.460990000000001,1.1,1
06.08.2021 00:21:28.944,6.461340000000001,6.46089,1,1
06.08.2021 00:21:29.053,6.46146,6.46089,1.1,1
06.08.2021 00:21:29.103,6.46146,6.46101,1.1,1
06.08.2021 00:21:29.204,6.46145,6.46102,1,1
06.08.2021 00:21:29.255,6.46149,6.46101,1.1,1
06.08.2021 00:21:29.577,6.46157,6.46102,2.85,1
06.08.2021 00:21:29.627,6.46157,6.46106,1.6,1
06.08.2021 00:21:29.884,6.46157,6.46106,1.5,1
06.08.2021 00:21:30.018,6.46157,6.46106,1,1
06.08.2021 00:21:30.152,6.46157,6.46112,1.1,1
06.08.2021 00:21:30.253,6.461650000000001,6.461110000000001,1.1,1
06.08.2021 00:21:30.303,6.461650000000001,6.4611600000000005,1.1,1
06.08.2021 00:21:30.556,6.46166,6.461200000000001,1.2,1
06.08.2021 00:21:30.707,6.46161,6.46121,1,1
06.08.2021 00:21:30.808,6.46156,6.46119,1,1
06.08.2021 00:21:32.590,6.46164,6.46119,1.1,1
06.08.2021 00:21:32.641,6.4615800000000005,6.461200000000001,1,1
06.08.2021 00:21:44.743,6.46156,6.46121,1,1
06.08.2021 00:21:46.410,6.46146,6.46121,1,1
06.08.2021 00:21:46.461,6.46147,6.461180000000001,1,1
06.08.2021 00:21:46.562,6.46147,6.46119,1,1
06.08.2021 00:21:46.892,6.4615100000000005,6.46119,1,1
06.08.2021 00:21:47.400,6.46157,6.461180000000001,1,1
06.08.2021 00:21:50.255,6.46161,6.46119,1,1
06.08.2021 00:21:50.306,6.46162,6.46146,1,1
06.08.2021 00:21:50.407,6.46192,6.46159,1.5,1
06.08.2021 00:21:50.508,6.46201,6.461690000000001,1,1
06.08.2021 00:21:50.558,6.46196,6.461690000000001,1,1
06.08.2021 00:21:50.609,6.46197,6.46166,1,1
06.08.2021 00:21:51.455,6.46196,6.46163,1,1
06.08.2021 00:21:54.095,6.46201,6.46162,1,1
06.08.2021 00:21:55.131,6.46201,6.46163,1,1
06.08.2021 00:22:01.581,6.462090000000001,6.46175,1,1
06.08.2021 00:22:01.682,6.462260000000001,6.4618,1,1
06.08.2021 00:22:01.732,6.46237,6.4618400000000005,2.1,1
06.08.2021 00:22:01.833,6.462260000000001,6.461740000000001,1.1,1
06.08.2021 00:22:01.884,6.46227,6.46173,1,1
06.08.2021 00:22:01.984,6.46227,6.461740000000001,1.5,1
06.08.2021 00:22:02.085,6.46227,6.46182,1.5,1
06.08.2021 00:22:02.136,6.462280000000001,6.46173,1.5,1
06.08.2021 00:22:02.186,6.4624500000000005,6.46189,1.1,1
06.08.2021 00:22:02.237,6.4624500000000005,6.46175,1.1,1
06.08.2021 00:22:02.337,6.46227,6.46173,1,1
06.08.2021 00:22:02.388,6.4623800000000005,6.4618,2.1,1
06.08.2021 00:22:02.565,6.462260000000001,6.4618,1.5,1
06.08.2021 00:22:02.666,6.46225,6.461740000000001,1,1
06.08.2021 00:22:02.767,6.462260000000001,6.461780000000001,1,1
06.08.2021 00:22:02.817,6.46227,6.46175,1,1
06.08.2021 00:22:02.867,6.462260000000001,6.46182,1,1
06.08.2021 00:22:02.968,6.46232,6.46175,1.6,1
06.08.2021 00:22:03.018,6.462260000000001,6.4617700000000005,1,1
06.08.2021 00:22:04.075,6.46221,6.4617700000000005,1,1
06.08.2021 00:22:04.126,6.46232,6.46176,1.6,1
06.08.2021 00:22:04.176,6.462330000000001,6.4618,1.6,1
06.08.2021 00:22:04.277,6.46222,6.4617,1.12,1.5
06.08.2021 00:22:04.345,6.46222,6.46181,1.12,1
06.08.2021 00:22:04.595,6.462230000000001,6.46173,1,1
06.08.2021 00:22:04.646,6.46237,6.46176,1.6,1
06.08.2021 00:22:04.747,6.462260000000001,6.46176,1,1
06.08.2021 00:22:05.439,6.46242,6.461780000000001,3.6,1
06.08.2021 00:22:05.634,6.4624500000000005,6.461780000000001,1.1,1
06.08.2021 00:22:05.777,6.4624500000000005,6.461790000000001,1.1,1
06.08.2021 00:22:05.878,6.4624500000000005,6.4618,1.1,1
06.08.2021 00:22:08.714,6.46234,6.4618,1.5,1
06.08.2021 00:22:08.815,6.46224,6.4617,1.5,1
06.08.2021 00:22:08.966,6.46217,6.461650000000001,1,1
06.08.2021 00:22:09.016,6.46217,6.46168,1,1
06.08.2021 00:22:09.117,6.4621900000000005,6.4617700000000005,1.5,1
06.08.2021 00:22:09.167,6.4621900000000005,6.4617700000000005,1,1
06.08.2021 00:22:09.427,6.4621900000000005,6.46173,1,1.5
06.08.2021 00:22:09.572,6.4621900000000005,6.46175,1,1
06.08.2021 00:22:10.398,6.4621900000000005,6.4617700000000005,1,1
06.08.2021 00:22:10.713,6.4622,6.4617700000000005,1,1
06.08.2021 00:22:10.764,6.4623,6.461780000000001,1.5,1
06.08.2021 00:22:11.128,6.46232,6.461790000000001,1.5,1
06.08.2021 00:22:11.255,6.462260000000001,6.46173,1,1
06.08.2021 00:22:11.356,6.462330000000001,6.461740000000001,1.6,1
06.08.2021 00:22:11.506,6.46236,6.4617700000000005,1.6,1
06.08.2021 00:22:11.639,6.462350000000001,6.461780000000001,1.6,1.5
06.08.2021 00:22:11.959,6.46231,6.4617700000000005,1,1.5
06.08.2021 00:22:12.060,6.46227,6.46175,1,1.5
06.08.2021 00:22:12.110,6.462260000000001,6.46173,1,1.5
06.08.2021 00:22:12.160,6.462260000000001,6.46171,1.5,1
06.08.2021 00:22:12.261,6.462260000000001,6.4617,1.5,1
06.08.2021 00:22:12.385,6.46225,6.46171,1.12,1
06.08.2021 00:22:12.436,6.46225,6.46176,1.12,1
06.08.2021 00:22:12.766,6.46227,6.46175,1,1
06.08.2021 00:22:12.873,6.46227,6.4617700000000005,1,1
06.08.2021 00:22:12.991,6.462260000000001,6.461790000000001,1,1
06.08.2021 00:22:13.092,6.462260000000001,6.4618,1,1
06.08.2021 00:22:13.205,6.46246,6.46181,1.6,1
06.08.2021 00:22:13.306,6.46246,6.46182,1.1,1
06.08.2021 00:22:14.246,6.46236,6.4618,1.6,1
06.08.2021 00:22:14.407,6.462350000000001,6.46181,1.6,1.5
06.08.2021 00:22:16.025,6.46236,6.46181,1.6,1
06.08.2021 00:22:18.110,6.462350000000001,6.46181,1.6,1
06.08.2021 00:22:19.473,6.46236,6.46175,1.6,1
06.08.2021 00:22:19.573,6.46227,6.46173,1,1
06.08.2021 00:22:19.624,6.46227,6.4617,1,1
06.08.2021 00:22:19.725,6.462260000000001,6.46161,1.6,1
06.08.2021 00:22:19.955,6.462260000000001,6.461650000000001,1.6,1
06.08.2021 00:22:20.056,6.46225,6.461740000000001,1.1,1
06.08.2021 00:22:20.157,6.46225,6.461780000000001,1,1
06.08.2021 00:22:20.258,6.462260000000001,6.461650000000001,1.5,1
06.08.2021 00:22:20.358,6.462260000000001,6.46166,1.5,1
06.08.2021 00:22:20.459,6.46225,6.46167,1,1
06.08.2021 00:22:20.509,6.462260000000001,6.46173,1,1
06.08.2021 00:22:20.701,6.462260000000001,6.461740000000001,1.12,1
06.08.2021 00:22:20.834,6.462260000000001,6.461740000000001,1.5,1
06.08.2021 00:22:20.885,6.46225,6.461690000000001,1,1
06.08.2021 00:22:20.985,6.462260000000001,6.4617700000000005,1.5,1
06.08.2021 00:22:21.036,6.462260000000001,6.46175,1.5,1
06.08.2021 00:22:21.137,6.46225,6.46168,1.5,1
06.08.2021 00:22:21.288,6.46225,6.461690000000001,1.5,1
06.08.2021 00:22:21.338,6.46225,6.4617700000000005,1,1
06.08.2021 00:22:21.439,6.462260000000001,6.461780000000001,1,1
06.08.2021 00:22:21.539,6.462440000000001,6.46182,1.6,1
06.08.2021 00:22:21.590,6.4624500000000005,6.46181,1.6,1
06.08.2021 00:22:21.741,6.46217,6.461790000000001,1,1
06.08.2021 00:22:21.841,6.46221,6.46175,1,1
06.08.2021 00:22:21.892,6.4622,6.461740000000001,1,1
06.08.2021 00:22:21.942,6.46211,6.46168,1,1
06.08.2021 00:22:22.054,6.46206,6.461690000000001,1,1
06.08.2021 00:22:22.155,6.46206,6.46168,1,1
06.08.2021 00:22:22.308,6.46206,6.4617,1,1
06.08.2021 00:22:22.437,6.46206,6.46175,1,1
06.08.2021 00:22:23.052,6.46206,6.461740000000001,1,1
06.08.2021 00:22:23.374,6.46227,6.461740000000001,1.6,1
06.08.2021 00:22:23.518,6.46227,6.461740000000001,1.5,1
06.08.2021 00:22:23.725,6.462260000000001,6.46173,1.5,1
06.08.2021 00:22:23.866,6.46227,6.46172,1.5,1
06.08.2021 00:22:23.987,6.46227,6.46172,1.5,1
06.08.2021 00:22:24.138,6.462260000000001,6.46173,1.5,1
06.08.2021 00:22:24.418,6.462260000000001,6.46173,1.5,1
06.08.2021 00:22:24.532,6.46227,6.46172,1.5,1
06.08.2021 00:22:24.683,6.462260000000001,6.46173,1.5,1
06.08.2021 00:22:24.784,6.462260000000001,6.46173,1.5,1
06.08.2021 00:22:30.640,6.46227,6.46172,1.5,1
06.08.2021 00:22:31.463,6.46227,6.46172,1.5,1
06.08.2021 00:22:31.564,6.462260000000001,6.46173,1.5,1
06.08.2021 00:22:31.988,6.46227,6.46168,1.5,1
06.08.2021 00:22:32.045,6.462260000000001,6.461650000000001,1.5,1
06.08.2021 00:22:32.095,6.462260000000001,6.461650000000001,1.6,1
06.08.2021 00:22:32.347,6.462260000000001,6.46166,1.6,1
06.08.2021 00:22:32.448,6.46227,6.46171,1.5,1
06.08.2021 00:22:32.569,6.462260000000001,6.46168,1.5,1
06.08.2021 00:22:32.858,6.462260000000001,6.46173,1.5,1
06.08.2021 00:22:32.959,6.46227,6.461740000000001,1.5,1
06.08.2021 00:22:33.111,6.46227,6.4617,1.5,1
06.08.2021 00:22:33.585,6.46227,6.4617,1.5,1
06.08.2021 00:22:33.686,6.462260000000001,6.46167,1.5,1
06.08.2021 00:22:33.787,6.46227,6.46166,1.5,1
06.08.2021 00:22:33.888,6.462260000000001,6.461740000000001,1.5,1
06.08.2021 00:22:34.016,6.46227,6.46173,1.5,1
06.08.2021 00:22:34.117,6.462260000000001,6.4617,1.5,1
06.08.2021 00:22:34.218,6.46227,6.461690000000001,1.5,1
06.08.2021 00:22:34.318,6.46227,6.46166,1.6,1
06.08.2021 00:22:34.419,6.462260000000001,6.46167,1.6,1
06.08.2021 00:22:34.469,6.462260000000001,6.46173,1.6,1
06.08.2021 00:22:34.520,6.462260000000001,6.46173,1.5,1
06.08.2021 00:22:34.621,6.46227,6.46172,1.5,1
06.08.2021 00:22:34.722,6.46227,6.46166,1.6,1
06.08.2021 00:22:34.823,6.46227,6.46167,1.6,1
06.08.2021 00:22:34.973,6.462260000000001,6.46167,1.6,1
06.08.2021 00:22:35.074,6.462260000000001,6.46172,1.5,1
06.08.2021 00:22:35.175,6.462260000000001,6.46172,1.5,1
06.08.2021 00:22:35.276,6.46227,6.46166,1.5,1
06.08.2021 00:22:35.327,6.46227,6.46166,1.6,1
06.08.2021 00:22:35.478,6.462260000000001,6.46175,1.5,1
06.08.2021 00:22:35.711,6.46227,6.46168,1.5,1
06.08.2021 00:22:35.762,6.46227,6.46168,1.5,1
06.08.2021 00:22:36.061,6.462260000000001,6.461690000000001,1.5,1
06.08.2021 00:22:36.177,6.46227,6.461650000000001,1.5,1
06.08.2021 00:22:36.228,6.46227,6.461690000000001,1.5,1
06.08.2021 00:22:36.278,6.46227,6.46173,1,1
06.08.2021 00:22:36.329,6.46227,6.46176,1,1
06.08.2021 00:22:36.430,6.462260000000001,6.46181,1,1
06.08.2021 00:22:36.480,6.46227,6.461780000000001,1,1
06.08.2021 00:22:36.584,6.462260000000001,6.461780000000001,1,1
06.08.2021 00:22:36.786,6.46227,6.461790000000001,1,1
06.08.2021 00:22:37.207,6.462260000000001,6.4617700000000005,1,1
06.08.2021 00:22:37.473,6.46227,6.461780000000001,1,1
06.08.2021 00:22:37.523,6.46248,6.4618,5.1,1
06.08.2021 00:22:37.686,6.46247,6.46181,5.1,1
06.08.2021 00:22:37.867,6.462260000000001,6.46181,1,1
06.08.2021 00:22:37.917,6.462260000000001,6.461740000000001,1,1
06.08.2021 00:22:37.968,6.46229,6.461740000000001,1.6,1
06.08.2021 00:22:38.018,6.4623,6.461690000000001,1.6,1
06.08.2021 00:22:38.069,6.4623,6.461690000000001,1.6,1
06.08.2021 00:22:38.119,6.4623,6.46164,1.6,1
06.08.2021 00:22:38.220,6.4623,6.46164,1.6,1
06.08.2021 00:22:38.271,6.4623,6.461650000000001,1.6,1
06.08.2021 00:22:38.321,6.46229,6.461690000000001,1.6,1
06.08.2021 00:22:38.372,6.46229,6.461690000000001,1.6,1
06.08.2021 00:22:38.619,6.4623,6.46168,1.6,1
06.08.2021 00:22:38.747,6.4623,6.46167,1.6,1
06.08.2021 00:22:38.847,6.46229,6.46181,1.6,1
06.08.2021 00:22:38.948,6.46229,6.46176,1.22,1
06.08.2021 00:22:39.159,6.46229,6.46176,1.5,1
06.08.2021 00:22:39.317,6.46229,6.4618,1.5,1
06.08.2021 00:22:39.420,6.462260000000001,6.4618,1,1
06.08.2021 00:22:39.521,6.462260000000001,6.46172,1,1
06.08.2021 00:22:39.572,6.4623,6.46171,1.6,1
06.08.2021 00:22:39.622,6.46229,6.461690000000001,1.6,1
06.08.2021 00:22:39.723,6.4623,6.46168,1.5,1
06.08.2021 00:22:39.773,6.46229,6.461790000000001,1,1
06.08.2021 00:22:39.974,6.4623,6.46172,1.6,1
06.08.2021 00:22:40.043,6.4623,6.46172,1.1,1
06.08.2021 00:22:40.094,6.4623,6.46176,1.1,1
06.08.2021 00:22:40.245,6.46227,6.46176,1,1
06.08.2021 00:22:40.375,6.46229,6.4617700000000005,1.6,1
06.08.2021 00:22:40.475,6.4623,6.461830000000001,1,1
06.08.2021 00:22:40.526,6.46232,6.46175,1,1
06.08.2021 00:22:40.576,6.46247,6.46176,2.85,1
06.08.2021 00:22:40.688,6.462260000000001,6.46175,1,1
06.08.2021 00:22:40.789,6.462260000000001,6.461780000000001,1,1
06.08.2021 00:22:40.890,6.4623800000000005,6.46176,1.5,1
06.08.2021 00:22:40.940,6.46227,6.4617700000000005,1,1
06.08.2021 00:22:41.041,6.46231,6.4617700000000005,1.6,1
06.08.2021 00:22:41.141,6.46232,6.461780000000001,1.5,1
06.08.2021 00:22:41.242,6.46232,6.461790000000001,1.5,1
06.08.2021 00:22:41.770,6.462230000000001,6.4618,1,1
06.08.2021 00:22:41.871,6.462230000000001,6.4617700000000005,1,1
06.08.2021 00:22:42.150,6.46232,6.46176,1.6,1
06.08.2021 00:22:42.251,6.46227,6.461780000000001,1,1
06.08.2021 00:22:42.661,6.46227,6.46176,1,1
06.08.2021 00:22:43.323,6.46227,6.46173,1,1
06.08.2021 00:22:43.424,6.46224,6.46173,1,1
06.08.2021 00:22:44.088,6.46231,6.461790000000001,1.6,1
06.08.2021 00:22:44.215,6.462260000000001,6.461790000000001,1,1
06.08.2021 00:22:44.817,6.46224,6.461790000000001,1,1
06.08.2021 00:22:44.918,6.4621900000000005,6.4617,1,1
06.08.2021 00:22:44.968,6.462180000000001,6.46181,1,1
06.08.2021 00:22:45.070,6.46216,6.461780000000001,1,1
06.08.2021 00:22:45.170,6.46221,6.461600000000001,1.6,1
06.08.2021 00:22:45.221,6.46221,6.46155,1.6,1
06.08.2021 00:22:45.322,6.46222,6.46154,1.6,1
06.08.2021 00:22:45.662,6.46222,6.46159,1.6,1
06.08.2021 00:22:45.713,6.46221,6.4615800000000005,1.6,1
06.08.2021 00:22:45.937,6.46222,6.46157,1.6,1
06.08.2021 00:22:46.038,6.462180000000001,6.46175,1,1
06.08.2021 00:22:46.189,6.46222,6.461740000000001,1,1
06.08.2021 00:22:46.299,6.462130000000001,6.46182,1,1
06.08.2021 00:22:46.349,6.462130000000001,6.4617,1,1
06.08.2021 00:22:46.400,6.462130000000001,6.46162,1,1
06.08.2021 00:22:46.451,6.46216,6.4617,1,1
06.08.2021 00:22:46.501,6.46221,6.46172,1,1
06.08.2021 00:22:46.552,6.46222,6.46182,1,1
06.08.2021 00:22:46.959,6.46222,6.46172,1.12,1
06.08.2021 00:22:47.010,6.46222,6.46172,1.5,1
06.08.2021 00:22:47.082,6.46222,6.46172,1,1
06.08.2021 00:22:47.136,6.46221,6.46181,1,1
06.08.2021 00:22:50.151,6.46224,6.46181,1.12,1
06.08.2021 00:22:50.211,6.46225,6.461830000000001,1.12,1
06.08.2021 00:22:54.151,6.46225,6.46197,1,1
06.08.2021 00:22:54.202,6.46231,6.46197,1,1
06.08.2021 00:22:54.253,6.4623,6.46202,1,1
06.08.2021 00:22:54.488,6.46231,6.4620500000000005,1,1
06.08.2021 00:22:54.640,6.46241,6.46206,1.5,1
06.08.2021 00:22:54.791,6.46239,6.4620500000000005,1,1
06.08.2021 00:23:05.408,6.4623800000000005,6.46207,1.5,1.1
06.08.2021 00:23:15.072,6.46241,6.46207,1,1.1
06.08.2021 00:23:15.572,6.46239,6.46206,1,1.1
06.08.2021 00:23:16.176,6.46239,6.4620500000000005,1,1
06.08.2021 00:23:45.755,6.46237,6.4620500000000005,1,1
06.08.2021 00:23:50.832,6.46236,6.46208,1.5,1.1
06.08.2021 00:23:54.740,6.46236,6.46206,1,1
06.08.2021 00:23:54.791,6.4623800000000005,6.46206,1,1
06.08.2021 00:23:54.842,6.46239,6.4621,1,1
06.08.2021 00:24:09.391,6.46248,6.46211,1,1
06.08.2021 00:24:09.441,6.462490000000001,6.462140000000001,1,1
06.08.2021 00:24:09.542,6.46248,6.46216,1,1
06.08.2021 00:24:15.977,6.462580000000001,6.462230000000001,1,1
06.08.2021 00:24:16.027,6.462580000000001,6.462330000000001,1,1
06.08.2021 00:24:16.078,6.462840000000001,6.462440000000001,1.6,1
06.08.2021 00:24:16.179,6.4629,6.462580000000001,1,1
06.08.2021 00:24:16.279,6.46291,6.462630000000001,1,1
06.08.2021 00:24:16.488,6.46292,6.4626,1,1
06.08.2021 00:24:16.589,6.46291,6.4625900000000005,1,1
06.08.2021 00:24:16.639,6.46291,6.462630000000001,1,1
06.08.2021 00:24:17.938,6.46291,6.46261,1,1
06.08.2021 00:24:18.079,6.46291,6.4626,1,1
06.08.2021 00:24:18.653,6.46288,6.4626,1,1
06.08.2021 00:24:18.882,6.462890000000001,6.46264,1,1
06.08.2021 00:24:19.983,6.462890000000001,6.4626,1,1
06.08.2021 00:24:22.442,6.46292,6.4626,1,1
06.08.2021 00:24:22.611,6.46291,6.46262,1,1
06.08.2021 00:24:22.712,6.46292,6.46248,1,1
06.08.2021 00:24:23.147,6.46292,6.46261,1,1
06.08.2021 00:24:23.315,6.463030000000001,6.46261,1.5,1
06.08.2021 00:24:23.416,6.46296,6.462530000000001,1,1
06.08.2021 00:24:23.516,6.462980000000001,6.46251,1,1
06.08.2021 00:24:23.617,6.462980000000001,6.46252,1,1
06.08.2021 00:24:23.967,6.4629900000000005,6.46256,1,1
06.08.2021 00:24:24.115,6.4629900000000005,6.46262,1,1
06.08.2021 00:24:24.272,6.462980000000001,6.462530000000001,1,1
06.08.2021 00:24:24.322,6.462980000000001,6.46265,1,1
06.08.2021 00:24:29.776,6.4629900000000005,6.462630000000001,1,1
06.08.2021 00:24:30.680,6.4629900000000005,6.462630000000001,1,1
06.08.2021 00:24:30.781,6.462980000000001,6.462630000000001,1,1
06.08.2021 00:24:31.012,6.462980000000001,6.46256,1,1
06.08.2021 00:24:31.113,6.4629900000000005,6.46255,1,1
06.08.2021 00:24:31.291,6.462980000000001,6.46262,1,1
06.08.2021 00:24:31.442,6.4629900000000005,6.4626,1,1
06.08.2021 00:24:31.549,6.4629900000000005,6.46261,1,1
06.08.2021 00:24:31.833,6.4629900000000005,6.4626,1,1
06.08.2021 00:24:32.596,6.4630600000000005,6.46255,1,1
06.08.2021 00:24:32.647,6.4630600000000005,6.46257,1,1
06.08.2021 00:24:33.225,6.46305,6.46257,1,1
06.08.2021 00:24:33.328,6.4630600000000005,6.46264,1,1
06.08.2021 00:24:33.429,6.4630600000000005,6.4626600000000005,1,1
06.08.2021 00:24:33.578,6.46305,6.46256,1,1
06.08.2021 00:24:36.465,6.46305,6.4626,1,1
06.08.2021 00:24:39.637,6.46326,6.46271,1.1,1
06.08.2021 00:24:40.427,6.46327,6.46267,1.1,1
06.08.2021 00:24:41.588,6.46326,6.462680000000001,1.1,1
06.08.2021 00:24:41.638,6.463280000000001,6.46269,1.6,1
06.08.2021 00:24:41.739,6.4632000000000005,6.46269,1.1,1
06.08.2021 00:24:41.789,6.463280000000001,6.46269,1.6,1
06.08.2021 00:24:41.890,6.463290000000001,6.4627,1.1,1
06.08.2021 00:24:42.091,6.4633,6.4627300000000005,1.1,1
06.08.2021 00:24:42.591,6.4633400000000005,6.46269,1.6,1
06.08.2021 00:24:45.976,6.46325,6.46264,1.1,1
06.08.2021 00:24:46.035,6.463240000000001,6.46272,1.1,1
06.08.2021 00:24:46.086,6.463240000000001,6.462680000000001,1.1,1
06.08.2021 00:24:46.186,6.46325,6.462580000000001,1.1,1
06.08.2021 00:24:48.079,6.46325,6.46257,1.1,1
06.08.2021 00:24:48.485,6.463240000000001,6.46257,1.1,1
06.08.2021 00:24:48.736,6.46325,6.46264,1.1,1
06.08.2021 00:24:48.837,6.463240000000001,6.46264,1.1,1
06.08.2021 00:24:49.237,6.46325,6.46269,1.1,1
06.08.2021 00:24:49.635,6.46325,6.46269,1.1,1
06.08.2021 00:24:49.686,6.463240000000001,6.46267,1,1
06.08.2021 00:24:49.838,6.46339,6.46271,1.6,1
06.08.2021 00:24:49.889,6.46339,6.46271,1.1,1
06.08.2021 00:24:49.990,6.4634,6.4627,1.1,1
06.08.2021 00:24:50.169,6.46339,6.46272,1.1,1
06.08.2021 00:24:50.452,6.46342,6.46271,1,1
06.08.2021 00:24:50.553,6.46347,6.46276,1.1,1
06.08.2021 00:24:50.965,6.463480000000001,6.46276,1.1,1
06.08.2021 00:24:51.083,6.46349,6.46279,1.1,1
06.08.2021 00:24:51.191,6.46351,6.46279,1.1,1.5
06.08.2021 00:24:51.242,6.46358,6.4628000000000005,5.47,1
06.08.2021 00:24:51.292,6.46362,6.46286,1.6,1
06.08.2021 00:24:51.530,6.46362,6.46285,1.1,1
06.08.2021 00:24:51.949,6.463640000000001,6.462840000000001,1.1,1
06.08.2021 00:24:52.000,6.46363,6.46287,1.1,1
06.08.2021 00:24:52.050,6.463640000000001,6.4629,1.1,1
06.08.2021 00:24:52.163,6.463640000000001,6.46292,1,1
06.08.2021 00:24:52.243,6.463680000000001,6.46291,1,1
06.08.2021 00:24:52.343,6.46367,6.462890000000001,1,1
06.08.2021 00:24:52.494,6.463680000000001,6.46283,1,1
06.08.2021 00:24:53.179,6.463640000000001,6.462840000000001,1,1
06.08.2021 00:24:53.313,6.463680000000001,6.46283,1,1
06.08.2021 00:24:53.512,6.46367,6.46282,1,1
06.08.2021 00:24:53.866,6.46365,6.46281,1,1
06.08.2021 00:24:57.120,6.463680000000001,6.46281,1,1
06.08.2021 00:24:59.696,6.46367,6.46282,1.1,1
06.08.2021 00:25:01.721,6.46362,6.46281,1,1
06.08.2021 00:25:01.822,6.46352,6.46276,1.1,1
06.08.2021 00:25:02.479,6.46357,6.462840000000001,3.1,1
06.08.2021 00:25:02.681,6.46351,6.46279,1.1,1
06.08.2021 00:25:02.832,6.46358,6.46278,3.1,1
06.08.2021 00:25:03.033,6.46361,6.46279,1.1,1
06.08.2021 00:25:03.084,6.4636000000000005,6.46285,1.1,1
06.08.2021 00:25:03.184,6.46366,6.462840000000001,1.6,1
06.08.2021 00:25:03.463,6.46352,6.46282,1,1
06.08.2021 00:25:03.614,6.46352,6.46281,1.1,1
06.08.2021 00:25:03.665,6.46351,6.46279,1.1,1
06.08.2021 00:25:03.826,6.46357,6.46282,3.85,1
06.08.2021 00:25:03.877,6.46357,6.462840000000001,3.1,1
06.08.2021 00:25:04.161,6.4634100000000005,6.46281,1,1
06.08.2021 00:25:04.212,6.4634100000000005,6.46278,1,1
06.08.2021 00:25:04.263,6.4634100000000005,6.46265,1,1
06.08.2021 00:25:04.436,6.4634100000000005,6.46265,1.1,1
06.08.2021 00:25:04.537,6.46345,6.46269,1.1,1
06.08.2021 00:25:04.588,6.46347,6.46264,2.35,1
06.08.2021 00:25:04.639,6.463480000000001,6.4626600000000005,2.35,1
06.08.2021 00:25:04.690,6.463500000000001,6.46264,1.1,1
06.08.2021 00:25:04.741,6.463500000000001,6.46274,1.1,1
06.08.2021 00:25:04.842,6.463500000000001,6.46278,1.1,1
06.08.2021 00:25:05.305,6.46342,6.46277,1,1
06.08.2021 00:25:05.355,6.4634100000000005,6.462680000000001,1.1,1
06.08.2021 00:25:05.569,6.463480000000001,6.4627,1.6,1
06.08.2021 00:25:05.670,6.46349,6.46278,1.22,1
06.08.2021 00:25:05.952,6.46357,6.46277,1.1,1
06.08.2021 00:25:06.003,6.46342,6.46277,1,1
06.08.2021 00:25:06.057,6.46342,6.46265,1,1
06.08.2021 00:25:06.158,6.4634100000000005,6.462630000000001,1.1,1
06.08.2021 00:25:06.309,6.46342,6.462580000000001,1.1,1
06.08.2021 00:25:06.360,6.463480000000001,6.46265,2.35,1
06.08.2021 00:25:06.411,6.463480000000001,6.46265,2.35,1
06.08.2021 00:25:06.530,6.46351,6.46272,1.6,1
06.08.2021 00:25:06.631,6.46351,6.46278,1.1,1
06.08.2021 00:25:06.735,6.46352,6.46277,1.1,1
06.08.2021 00:25:07.078,6.46342,6.4627300000000005,1,1
06.08.2021 00:25:07.129,6.4634100000000005,6.4627,1.1,1
06.08.2021 00:25:07.294,6.46332,6.46262,1,1
06.08.2021 00:25:07.395,6.46336,6.462530000000001,1.1,1
06.08.2021 00:25:07.496,6.463380000000001,6.4625900000000005,3.1,1
06.08.2021 00:25:07.547,6.46337,6.4626,1.6,1
06.08.2021 00:25:08.102,6.46345,6.4625900000000005,1.1,1
06.08.2021 00:25:08.376,6.46332,6.462540000000001,1,1
06.08.2021 00:25:08.577,6.46332,6.462540000000001,1.1,1
06.08.2021 00:25:08.791,6.463380000000001,6.46257,3.1,1
06.08.2021 00:25:09.223,6.46339,6.462630000000001,1.1,1
06.08.2021 00:25:09.324,6.463380000000001,6.46264,1.1,1
06.08.2021 00:25:09.754,6.46332,6.4626,1,1
06.08.2021 00:25:09.804,6.46331,6.46256,1.1,1
06.08.2021 00:25:09.905,6.46332,6.46257,1.1,1
06.08.2021 00:25:10.005,6.46325,6.46257,1.1,1
06.08.2021 00:25:10.157,6.463280000000001,6.4626,1.5,1
06.08.2021 00:25:10.263,6.46332,6.4626,1.1,1
06.08.2021 00:25:10.434,6.46335,6.462580000000001,1.1,1
06.08.2021 00:25:10.764,6.4633400000000005,6.462580000000001,1.1,1
06.08.2021 00:25:10.888,6.46335,6.462540000000001,1.1,1
06.08.2021 00:25:11.049,6.46322,6.46257,1,1
06.08.2021 00:25:11.099,6.46325,6.46257,1.1,1
06.08.2021 00:25:11.181,6.463240000000001,6.46256,1.1,1
06.08.2021 00:25:11.231,6.46321,6.46256,1,1
06.08.2021 00:25:11.332,6.463240000000001,6.46262,1.1,1
06.08.2021 00:25:11.483,6.46331,6.46262,1.1,1
06.08.2021 00:25:11.881,6.46321,6.46262,1,1
06.08.2021 00:25:11.982,6.46321,6.4625900000000005,1,1
06.08.2021 00:25:12.126,6.463280000000001,6.462580000000001,1.6,1
06.08.2021 00:25:12.227,6.463280000000001,6.462580000000001,1,1
06.08.2021 00:25:12.328,6.46332,6.4625900000000005,1.1,1
06.08.2021 00:25:12.583,6.46335,6.4625900000000005,1.1,1
06.08.2021 00:25:13.001,6.46331,6.4626,1,1
06.08.2021 00:25:13.102,6.46321,6.462580000000001,1,1
06.08.2021 00:25:13.152,6.46327,6.46251,1.6,1.12
06.08.2021 00:25:13.203,6.463280000000001,6.46252,1.6,1
06.08.2021 00:25:13.253,6.46327,6.46257,1.6,1
06.08.2021 00:25:13.454,6.46331,6.46256,1.1,1
06.08.2021 00:25:13.806,6.46332,6.462490000000001,1.1,1
06.08.2021 00:25:13.856,6.46332,6.462490000000001,1.6,1
06.08.2021 00:25:13.906,6.463290000000001,6.462490000000001,1.1,1.5
06.08.2021 00:25:13.957,6.463290000000001,6.462580000000001,1.1,1
06.08.2021 00:25:14.058,6.463290000000001,6.462630000000001,1.1,1
06.08.2021 00:25:14.623,6.46337,6.4627300000000005,1.1,1
06.08.2021 00:25:14.673,6.463430000000001,6.462680000000001,1.6,1
06.08.2021 00:25:14.724,6.4633400000000005,6.46267,1.1,1
06.08.2021 00:25:14.774,6.46342,6.462680000000001,1.22,1
06.08.2021 00:25:14.875,6.46346,6.46271,1.1,1
06.08.2021 00:25:14.926,6.463480000000001,6.46272,2.35,1
06.08.2021 00:25:15.077,6.4636000000000005,6.4629900000000005,1.5,1
06.08.2021 00:25:15.178,6.46375,6.4629900000000005,1.6,1
06.08.2021 00:25:15.304,6.46375,6.4629900000000005,1.6,1
06.08.2021 00:25:15.414,6.463730000000001,6.463,1.1,1
06.08.2021 00:25:15.902,6.46358,6.462890000000001,1,1.5
06.08.2021 00:25:16.002,6.463590000000001,6.46277,1.1,1
06.08.2021 00:25:16.053,6.463590000000001,6.46277,1.1,1
06.08.2021 00:25:16.153,6.46358,6.46272,1.1,1.5
06.08.2021 00:25:16.204,6.46358,6.46272,1.1,1.5
06.08.2021 00:25:16.326,6.46358,6.46272,1.1,1.12
06.08.2021 00:25:16.441,6.463590000000001,6.4627,1.1,1.5
06.08.2021 00:25:16.790,6.46363,6.46282,1.1,1
06.08.2021 00:25:16.891,6.463680000000001,6.46296,1.1,1
06.08.2021 00:25:17.098,6.463680000000001,6.46297,1.1,1
06.08.2021 00:25:17.250,6.463590000000001,6.46291,1.1,1
06.08.2021 00:25:17.300,6.46358,6.46286,1.1,1.5
06.08.2021 00:25:17.351,6.463590000000001,6.46285,1.1,1
06.08.2021 00:25:17.451,6.463590000000001,6.46276,1.1,1
06.08.2021 00:25:17.653,6.46358,6.4628000000000005,1.1,1
06.08.2021 00:25:17.754,6.463640000000001,6.46286,1.1,1.5
06.08.2021 00:25:17.855,6.46366,6.46296,1.1,1
06.08.2021 00:25:18.211,6.463590000000001,6.46286,1.1,1
06.08.2021 00:25:18.312,6.463590000000001,6.46287,1.1,1
06.08.2021 00:25:18.413,6.46358,6.462750000000001,1.1,1.5
06.08.2021 00:25:18.463,6.46367,6.46282,4.35,1
06.08.2021 00:25:18.564,6.46367,6.462980000000001,2.1,1
06.08.2021 00:25:18.615,6.46367,6.46296,1.6,1
06.08.2021 00:25:18.716,6.463690000000001,6.46287,1.1,1.12
06.08.2021 00:25:18.766,6.463690000000001,6.462940000000001,1.1,1
06.08.2021 00:25:18.867,6.46358,6.46295,1.1,1
06.08.2021 00:25:18.917,6.46358,6.46291,1.1,1
06.08.2021 00:25:19.119,6.463590000000001,6.4629,1.1,1
06.08.2021 00:25:19.382,6.46358,6.46279,1.1,1
06.08.2021 00:25:19.483,6.463680000000001,6.46296,2.72,1
06.08.2021 00:25:19.762,6.463690000000001,6.46295,1.1,1
06.08.2021 00:25:19.813,6.46365,6.46286,1.1,1
06.08.2021 00:25:19.964,6.46358,6.462840000000001,1.1,1
06.08.2021 00:25:20.221,6.46367,6.46282,3.47,1
06.08.2021 00:25:20.423,6.46366,6.46287,1.1,1
06.08.2021 00:25:21.094,6.46358,6.46286,1.1,1
06.08.2021 00:25:21.145,6.463590000000001,6.46281,1.1,1
06.08.2021 00:25:21.346,6.463640000000001,6.46281,1.1,1.5
06.08.2021 00:25:21.397,6.46366,6.46288,1.1,1
06.08.2021 00:25:21.770,6.463590000000001,6.46286,1,1
06.08.2021 00:25:21.820,6.463590000000001,6.46283,1.1,1
06.08.2021 00:25:21.921,6.463590000000001,6.4628000000000005,1.1,1
06.08.2021 00:25:22.022,6.463590000000001,6.4628000000000005,1.1,1
06.08.2021 00:25:22.408,6.463590000000001,6.4628000000000005,1.1,1.12
06.08.2021 00:25:23.752,6.463640000000001,6.4628000000000005,1.6,1.12
06.08.2021 00:25:23.903,6.46358,6.46283,1,1
06.08.2021 00:25:24.003,6.463590000000001,6.4628000000000005,1.1,1
06.08.2021 00:25:24.344,6.463640000000001,6.462840000000001,1.1,1
06.08.2021 00:25:24.445,6.46367,6.462890000000001,1.1,1
06.08.2021 00:25:24.549,6.46367,6.46288,1.1,1
06.08.2021 00:25:24.599,6.46367,6.46288,1.1,1
06.08.2021 00:25:24.962,6.46361,6.46285,1,1
06.08.2021 00:25:25.012,6.46361,6.46282,1.1,1
06.08.2021 00:25:25.213,6.46351,6.46282,1,1
06.08.2021 00:25:25.314,6.46354,6.462750000000001,1.1,1
06.08.2021 00:25:25.414,6.46351,6.4627300000000005,1,1
06.08.2021 00:25:25.515,6.463550000000001,6.46271,1.1,1.5
06.08.2021 00:25:25.616,6.46357,6.46287,2.25,1
06.08.2021 00:25:25.793,6.4636000000000005,6.46287,1.1,1
06.08.2021 00:25:25.951,6.463680000000001,6.46287,1.1,1
06.08.2021 00:25:26.051,6.463680000000001,6.46282,1.1,1
06.08.2021 00:25:26.102,6.46367,6.46283,1.1,1
06.08.2021 00:25:26.203,6.46358,6.46287,1.6,1
06.08.2021 00:25:26.326,6.46358,6.46288,1.5,1
06.08.2021 00:25:26.427,6.463640000000001,6.462890000000001,1.1,1
06.08.2021 00:25:26.545,6.46367,6.462890000000001,1.1,1
06.08.2021 00:25:26.646,6.46352,6.4629,1,1
06.08.2021 00:25:26.797,6.46354,6.46288,1.1,1
06.08.2021 00:25:26.847,6.46358,6.46287,2.35,1
06.08.2021 00:25:26.897,6.46351,6.46287,1,1
06.08.2021 00:25:26.998,6.463550000000001,6.46287,1.1,1
06.08.2021 00:25:27.099,6.46365,6.46287,1.6,1
06.08.2021 00:25:27.330,6.463680000000001,6.462890000000001,1.6,1
06.08.2021 00:25:27.481,6.46367,6.4629,1.1,1
06.08.2021 00:25:27.532,6.4636000000000005,6.4629,1.22,1
06.08.2021 00:25:27.633,6.46357,6.46283,1.6,1
06.08.2021 00:25:27.875,6.46358,6.462840000000001,1.6,1
06.08.2021 00:25:27.976,6.46367,6.462940000000001,1.1,1
06.08.2021 00:25:28.077,6.463680000000001,6.46292,1.6,1
06.08.2021 00:25:28.128,6.463690000000001,6.46297,1.22,1
06.08.2021 00:25:28.230,6.46361,6.462930000000001,1,1
06.08.2021 00:25:28.331,6.46361,6.46288,1.1,1
06.08.2021 00:25:28.382,6.463680000000001,6.46292,3.1,1
06.08.2021 00:25:28.432,6.46367,6.46297,1.1,1
06.08.2021 00:25:28.806,6.4637400000000005,6.46297,1.1,1
06.08.2021 00:25:28.913,6.46375,6.46297,1.1,1
06.08.2021 00:25:29.013,6.46377,6.463010000000001,1,1
06.08.2021 00:25:29.114,6.46382,6.463010000000001,1.6,1
06.08.2021 00:25:29.467,6.46382,6.463030000000001,1.1,1
06.08.2021 00:25:29.621,6.46382,6.463030000000001,1,1
06.08.2021 00:25:29.874,6.46386,6.46302,1.1,1
06.08.2021 00:25:30.527,6.463830000000001,6.46302,1,1
06.08.2021 00:25:30.577,6.46379,6.463030000000001,1,1
06.08.2021 00:25:38.595,6.46382,6.463010000000001,1.1,1
06.08.2021 00:25:38.700,6.46382,6.463,1.1,1
06.08.2021 00:25:38.852,6.46385,6.463030000000001,1.1,1
06.08.2021 00:25:38.902,6.46386,6.46304,1.1,1
06.08.2021 00:25:38.953,6.46386,6.46307,1.1,1
06.08.2021 00:25:39.054,6.46386,6.46305,1.1,1
06.08.2021 00:25:39.553,6.46382,6.46305,1,1
06.08.2021 00:25:39.654,6.46382,6.4630600000000005,1.1,1
06.08.2021 00:25:39.826,6.46385,6.46302,1.1,1
06.08.2021 00:25:39.877,6.46384,6.463030000000001,1.1,1
06.08.2021 00:25:40.028,6.46382,6.46302,1,1
06.08.2021 00:25:40.129,6.46382,6.463010000000001,1.1,1
06.08.2021 00:25:40.382,6.4638800000000005,6.463010000000001,3.47,1
06.08.2021 00:25:40.687,6.46387,6.46302,1.5,1
06.08.2021 00:25:40.874,6.46387,6.46305,1.5,1
06.08.2021 00:25:41.301,6.46382,6.46305,1,1
06.08.2021 00:25:42.054,6.4638100000000005,6.46305,1,1
06.08.2021 00:25:42.168,6.46382,6.46302,1.1,1
06.08.2021 00:25:42.370,6.46385,6.463,1.1,1
06.08.2021 00:25:42.623,6.46387,6.463030000000001,2.72,1
06.08.2021 00:25:42.870,6.46387,6.46302,2.72,1
06.08.2021 00:25:42.971,6.46382,6.463010000000001,1,1
06.08.2021 00:25:43.072,6.46382,6.46302,1.1,1
06.08.2021 00:25:43.274,6.4638800000000005,6.46309,3.1,1
06.08.2021 00:25:43.324,6.4638800000000005,6.46304,2.35,1
06.08.2021 00:25:43.375,6.46387,6.46314,2.35,1
06.08.2021 00:25:43.539,6.46387,6.4631300000000005,1,1
06.08.2021 00:25:43.640,6.46387,6.4631300000000005,1.1,1
06.08.2021 00:25:43.860,6.46387,6.463080000000001,1.1,1
06.08.2021 00:25:43.961,6.46387,6.46305,1.22,1
06.08.2021 00:25:44.267,6.46387,6.46304,3.47,1
06.08.2021 00:25:44.887,6.46387,6.46304,1.5,1
06.08.2021 00:25:44.988,6.46387,6.46305,1.5,1
06.08.2021 00:25:45.039,6.46382,6.46304,1,1
06.08.2021 00:25:45.140,6.46382,6.463030000000001,1.1,1
06.08.2021 00:25:45.251,6.4638800000000005,6.46305,3.47,1
06.08.2021 00:25:45.302,6.4638800000000005,6.463080000000001,3.1,1
06.08.2021 00:25:45.403,6.4638800000000005,6.46311,1.1,1
06.08.2021 00:25:45.824,6.4638100000000005,6.463100000000001,1,1
06.08.2021 00:25:45.874,6.4638100000000005,6.462980000000001,1.1,1.5
06.08.2021 00:25:45.925,6.46382,6.46297,1.1,1
06.08.2021 00:25:46.239,6.46387,6.463,3.1,1
06.08.2021 00:25:46.340,6.4638800000000005,6.46311,3.1,1
06.08.2021 00:25:46.815,6.4638800000000005,6.46311,1,1
06.08.2021 00:25:46.953,6.46385,6.46311,1,1
06.08.2021 00:25:47.003,6.46382,6.46307,1,1
06.08.2021 00:25:47.054,6.46382,6.46307,1.1,1
06.08.2021 00:25:47.317,6.4638100000000005,6.463030000000001,1.1,1
06.08.2021 00:25:47.418,6.4638800000000005,6.46307,3.47,1
06.08.2021 00:25:47.519,6.463900000000001,6.46307,1.72,1
06.08.2021 00:25:47.619,6.463900000000001,6.46304,1.22,1
06.08.2021 00:25:47.915,6.4638100000000005,6.46307,1,1
06.08.2021 00:25:48.016,6.4638100000000005,6.4630600000000005,1.1,1
06.08.2021 00:25:48.366,6.46382,6.4629900000000005,1.1,1
06.08.2021 00:25:48.467,6.46385,6.46302,1.1,1
06.08.2021 00:25:48.568,6.46387,6.46309,3.1,1
06.08.2021 00:25:48.669,6.46389,6.463030000000001,1.1,1
06.08.2021 00:25:49.351,6.46389,6.463080000000001,1.1,1
06.08.2021 00:25:49.461,6.46382,6.46307,1,1
06.08.2021 00:25:49.562,6.4638100000000005,6.46307,1.1,1
06.08.2021 00:25:49.814,6.46387,6.46307,1.1,1
06.08.2021 00:25:49.865,6.46384,6.463030000000001,1.1,1
06.08.2021 00:25:50.514,6.4638100000000005,6.463030000000001,1,1
06.08.2021 00:25:50.624,6.4638100000000005,6.46304,1.1,1
06.08.2021 00:25:50.930,6.46387,6.4630600000000005,3.1,1
06.08.2021 00:25:51.030,6.46391,6.46309,1.6,1
06.08.2021 00:25:51.143,6.46391,6.46309,1.1,1
06.08.2021 00:25:51.275,6.46391,6.46309,1.1,1
06.08.2021 00:25:51.527,6.46392,6.463080000000001,1.1,1
06.08.2021 00:25:52.659,6.46382,6.463080000000001,1,1
06.08.2021 00:25:52.760,6.46382,6.46307,1.1,1
06.08.2021 00:25:53.012,6.46387,6.46302,2.35,1
06.08.2021 00:25:53.426,6.4638100000000005,6.46304,1,1
06.08.2021 00:25:53.527,6.46382,6.463030000000001,1.1,1
06.08.2021 00:25:53.922,6.46384,6.46304,1.1,1
06.08.2021 00:25:54.474,6.46386,6.463030000000001,1,1
06.08.2021 00:25:55.005,6.463830000000001,6.46304,1.1,1
06.08.2021 00:25:55.967,6.46384,6.4630600000000005,1,1
06.08.2021 00:25:56.776,6.46382,6.4630600000000005,1,1
06.08.2021 00:25:56.877,6.46382,6.463030000000001,1.1,1
06.08.2021 00:25:57.078,6.46384,6.463030000000001,1.1,1
06.08.2021 00:25:58.728,6.46385,6.46304,1,1
06.08.2021 00:25:58.778,6.46384,6.46304,1,1
06.08.2021 00:25:58.934,6.4638100000000005,6.46305,1,1
06.08.2021 00:25:59.035,6.4638100000000005,6.46305,1.1,1
06.08.2021 00:26:00.108,6.46386,6.46304,1.1,1
06.08.2021 00:26:00.230,6.46384,6.46305,1,1
06.08.2021 00:26:00.363,6.46387,6.46314,1,1
06.08.2021 00:26:00.464,6.46391,6.46322,1.1,1
06.08.2021 00:26:00.762,6.46391,6.46322,1,1
06.08.2021 00:26:00.862,6.46397,6.46322,1.1,1
06.08.2021 00:26:01.073,6.46398,6.46316,1.1,1
06.08.2021 00:26:01.124,6.46398,6.46312,1.1,1
06.08.2021 00:26:01.275,6.46397,6.46311,1.1,1
06.08.2021 00:26:01.325,6.46396,6.46318,1.1,1
06.08.2021 00:26:02.131,6.46397,6.4632000000000005,1.1,1
06.08.2021 00:26:03.094,6.46392,6.46321,1,1
06.08.2021 00:26:03.195,6.46385,6.463190000000001,1,1
06.08.2021 00:26:09.629,6.4638800000000005,6.463190000000001,1,1
06.08.2021 00:26:09.679,6.46384,6.4632000000000005,1,1
06.08.2021 00:26:09.780,6.46393,6.463190000000001,1.1,1
06.08.2021 00:26:09.830,6.46385,6.463190000000001,1,1
06.08.2021 00:26:09.881,6.46393,6.463190000000001,1,1
06.08.2021 00:26:09.981,6.46392,6.46317,1,1
06.08.2021 00:26:10.479,6.46393,6.4632000000000005,1,1
06.08.2021 00:26:10.785,6.46396,6.46321,1.1,1
06.08.2021 00:26:11.047,6.46393,6.4632000000000005,1,1
06.08.2021 00:26:11.098,6.46402,6.46316,1.1,1
06.08.2021 00:26:11.148,6.46391,6.4631300000000005,1.1,1.12
06.08.2021 00:26:11.249,6.46391,6.46316,1,1
06.08.2021 00:26:11.350,6.46385,6.463150000000001,1,1
06.08.2021 00:26:11.401,6.46391,6.46316,1,1
06.08.2021 00:26:11.552,6.46392,6.463190000000001,1,1
06.08.2021 00:26:12.133,6.46393,6.463190000000001,1,1
06.08.2021 00:26:12.284,6.46393,6.46321,1,1
06.08.2021 00:26:12.334,6.46392,6.463190000000001,1,1
06.08.2021 00:26:12.435,6.46397,6.46318,1.1,1
06.08.2021 00:26:13.441,6.46397,6.46322,1.1,1
06.08.2021 00:26:14.587,6.46392,6.46323,1,1
06.08.2021 00:26:14.688,6.46385,6.46322,1,1
06.08.2021 00:26:15.356,6.46385,6.46318,1,1
06.08.2021 00:26:15.558,6.46394,6.463190000000001,1.1,1
06.08.2021 00:26:15.835,6.463990000000001,6.46318,1.22,1
06.08.2021 00:26:15.936,6.463990000000001,6.463190000000001,1.22,1
06.08.2021 00:26:16.037,6.46385,6.463190000000001,1,1
06.08.2021 00:26:16.138,6.46392,6.463190000000001,1.1,1
06.08.2021 00:26:16.189,6.46393,6.46318,1,1
06.08.2021 00:26:17.114,6.46384,6.463190000000001,1,1
06.08.2021 00:26:17.265,6.46384,6.4632000000000005,1,1
06.08.2021 00:26:28.486,6.4639500000000005,6.463190000000001,1.1,1
06.08.2021 00:26:28.537,6.4639500000000005,6.463190000000001,1.1,1
06.08.2021 00:26:28.791,6.46401,6.46326,1.6,1
06.08.2021 00:26:29.394,6.46384,6.46326,1,1
06.08.2021 00:26:29.444,6.46384,6.46322,1,1
06.08.2021 00:26:29.645,6.46384,6.46318,1,1
06.08.2021 00:26:29.797,6.46392,6.46317,1.1,1
06.08.2021 00:26:29.847,6.46384,6.463150000000001,1,1
06.08.2021 00:26:29.898,6.46391,6.463150000000001,1,1
06.08.2021 00:26:29.948,6.46392,6.46314,1.1,1
06.08.2021 00:26:30.250,6.46391,6.46318,1.1,1
06.08.2021 00:26:30.576,6.4639500000000005,6.46318,1.1,1
06.08.2021 00:26:30.846,6.4639500000000005,6.463190000000001,1.1,1
06.08.2021 00:26:31.687,6.4639500000000005,6.46318,1.1,1
06.08.2021 00:26:31.737,6.4639500000000005,6.46318,1.1,1
06.08.2021 00:26:31.838,6.46401,6.46318,1.1,1
06.08.2021 00:26:31.888,6.464,6.463190000000001,1.1,1
06.08.2021 00:26:33.755,6.46385,6.46318,1,1
06.08.2021 00:26:33.906,6.46392,6.463190000000001,1.1,1
06.08.2021 00:26:34.007,6.46396,6.46318,1.1,1
06.08.2021 00:26:34.107,6.46384,6.46316,1,1
06.08.2021 00:26:34.208,6.46396,6.463150000000001,1.1,1
06.08.2021 00:26:34.574,6.46396,6.46318,1.1,1
06.08.2021 00:26:34.625,6.46396,6.46318,1.1,1
06.08.2021 00:26:35.691,6.46384,6.463190000000001,1,1
06.08.2021 00:26:35.997,6.464,6.46318,1.1,1
06.08.2021 00:26:36.248,6.46402,6.46317,1.1,1
06.08.2021 00:26:37.627,6.46384,6.46318,1,1
06.08.2021 00:26:39.147,6.46397,6.46317,1.1,1
06.08.2021 00:26:39.198,6.46397,6.46321,1,1
06.08.2021 00:26:39.354,6.46401,6.4632000000000005,1.5,1
06.08.2021 00:26:39.455,6.464040000000001,6.463240000000001,1.5,1
06.08.2021 00:26:39.978,6.46405,6.46323,1,1
06.08.2021 00:26:40.029,6.46412,6.463280000000001,1,1
06.08.2021 00:26:40.079,6.46411,6.46337,1,1
06.08.2021 00:26:40.231,6.46411,6.46335,1,1
06.08.2021 00:26:40.332,6.46411,6.4633,1,1
06.08.2021 00:26:40.852,6.46415,6.46332,1.12,1
06.08.2021 00:26:41.948,6.46415,6.4633400000000005,1,1
06.08.2021 00:26:42.735,6.46393,6.46335,1,1
06.08.2021 00:26:42.836,6.46384,6.46335,1,1
06.08.2021 00:26:43.354,6.46384,6.4634,1,1
06.08.2021 00:26:43.404,6.464080000000001,6.46347,3,1
06.08.2021 00:26:44.195,6.464090000000001,6.46344,1.5,1
06.08.2021 00:26:44.296,6.46389,6.46342,1,1
06.08.2021 00:26:44.346,6.46389,6.463380000000001,1,1
06.08.2021 00:26:44.398,6.4641,6.46337,1.5,1
06.08.2021 00:26:44.499,6.464090000000001,6.46339,1.5,1
06.08.2021 00:26:44.738,6.46392,6.463380000000001,1,1
06.08.2021 00:26:44.789,6.4641,6.463380000000001,1.5,1
06.08.2021 00:26:45.186,6.4641,6.46335,1.5,1
06.08.2021 00:26:45.327,6.464090000000001,6.46335,1,1
06.08.2021 00:26:45.378,6.4641,6.4634,1,1
06.08.2021 00:26:45.593,6.464090000000001,6.46344,1,1
06.08.2021 00:26:45.699,6.464090000000001,6.463430000000001,1,1
06.08.2021 00:26:45.891,6.464090000000001,6.46342,1,1
06.08.2021 00:26:46.175,6.46417,6.463430000000001,1,1
06.08.2021 00:26:46.326,6.4641,6.463480000000001,1,1
06.08.2021 00:26:46.443,6.4641,6.463480000000001,1.5,1
06.08.2021 00:26:46.496,6.464090000000001,6.46347,1.5,1
06.08.2021 00:26:46.547,6.4641,6.463380000000001,1.5,1
06.08.2021 00:26:46.648,6.464090000000001,6.46339,1,1
06.08.2021 00:26:46.749,6.4641,6.4633400000000005,1.5,1
06.08.2021 00:26:46.849,6.464090000000001,6.46335,1,1
06.08.2021 00:26:49.165,6.4641,6.46337,1,1
06.08.2021 00:26:49.266,6.4638800000000005,6.46335,1,1
06.08.2021 00:26:49.417,6.4641,6.463430000000001,1,1.5
06.08.2021 00:26:49.568,6.464090000000001,6.46351,1,1
06.08.2021 00:26:49.618,6.4641,6.46349,1.5,1
06.08.2021 00:26:49.669,6.4641,6.46339,1.5,1
06.08.2021 00:26:49.824,6.464080000000001,6.46335,1,1
06.08.2021 00:26:49.875,6.464040000000001,6.46337,1,1
06.08.2021 00:26:49.925,6.4641,6.463380000000001,1.5,1
06.08.2021 00:26:50.967,6.4641,6.463380000000001,1.62,1
06.08.2021 00:26:51.935,6.464090000000001,6.463430000000001,1.62,1
06.08.2021 00:26:52.036,6.464090000000001,6.46349,1.5,1.5
06.08.2021 00:26:52.086,6.4641,6.463480000000001,1,1.5
06.08.2021 00:26:52.187,6.4641,6.46344,1,1
06.08.2021 00:26:52.554,6.464090000000001,6.4634,1,1
06.08.2021 00:26:52.658,6.464090000000001,6.4634,1.5,1
06.08.2021 00:26:52.927,6.4639500000000005,6.4634,1,1
06.08.2021 00:26:53.028,6.46403,6.46339,1,1
06.08.2021 00:26:53.079,6.464090000000001,6.46345,1.12,1
06.08.2021 00:26:53.230,6.464090000000001,6.463480000000001,1,1
06.08.2021 00:26:53.331,6.464090000000001,6.46354,1,1
06.08.2021 00:26:53.971,6.4641,6.46353,1.5,1
06.08.2021 00:26:55.452,6.46396,6.46353,1,1
06.08.2021 00:26:55.554,6.4638800000000005,6.46352,1,1
06.08.2021 00:26:55.714,6.464090000000001,6.46362,1.5,1
06.08.2021 00:26:55.764,6.464090000000001,6.46366,1,1
06.08.2021 00:26:55.815,6.46417,6.46365,1,1
06.08.2021 00:26:55.932,6.46417,6.46366,1,1
06.08.2021 00:26:56.191,6.46417,6.4637,1,1
06.08.2021 00:27:05.358,6.4638800000000005,6.46358,1,1
06.08.2021 00:27:05.408,6.4638800000000005,6.46351,1,1
06.08.2021 00:27:05.563,6.46389,6.46349,1,1
06.08.2021 00:27:05.664,6.4641,6.46349,1.5,1
06.08.2021 00:27:05.915,6.464080000000001,6.463500000000001,1,1
06.08.2021 00:27:06.713,6.464090000000001,6.46351,1.5,1
06.08.2021 00:27:06.768,6.464090000000001,6.46349,1.5,1
06.08.2021 00:27:06.818,6.464090000000001,6.46354,1.5,1
06.08.2021 00:27:07.530,6.4641,6.46345,1.5,1
06.08.2021 00:27:07.640,6.464090000000001,6.46345,1,1
06.08.2021 00:27:07.690,6.464090000000001,6.46352,1,1
06.08.2021 00:27:07.744,6.4641,6.463430000000001,1,1
06.08.2021 00:27:07.794,6.464090000000001,6.46352,1,1
06.08.2021 00:27:07.895,6.464090000000001,6.46353,1,1
06.08.2021 00:27:07.978,6.464090000000001,6.46349,1,1
06.08.2021 00:27:08.028,6.4641,6.46353,1,1
06.08.2021 00:27:08.079,6.4641,6.46346,1,1
06.08.2021 00:27:08.743,6.464090000000001,6.46354,1,1
06.08.2021 00:27:11.630,6.4641,6.463550000000001,1,1
06.08.2021 00:27:11.731,6.46393,6.463680000000001,1,1
06.08.2021 00:27:11.831,6.46414,6.46356,1.5,1
06.08.2021 00:27:11.882,6.464090000000001,6.46365,1,1
06.08.2021 00:27:11.932,6.464080000000001,6.463590000000001,1,1
06.08.2021 00:27:11.983,6.464090000000001,6.46361,1,1
06.08.2021 00:27:12.033,6.464080000000001,6.46344,1,1
06.08.2021 00:27:12.084,6.4641,6.463430000000001,1,1
06.08.2021 00:27:12.185,6.4641,6.46347,1,1
06.08.2021 00:27:12.511,6.464090000000001,6.46344,1,1
06.08.2021 00:27:12.664,6.4641,6.463480000000001,1,1
06.08.2021 00:27:12.806,6.464090000000001,6.463480000000001,1,1
06.08.2021 00:27:14.196,6.4641,6.46345,1,1
06.08.2021 00:27:14.247,6.464090000000001,6.4634100000000005,1,1
06.08.2021 00:27:15.202,6.4638800000000005,6.4634,1,1
06.08.2021 00:27:15.982,6.46403,6.4634100000000005,1,1
06.08.2021 00:27:16.032,6.464090000000001,6.46347,1,1
06.08.2021 00:27:16.133,6.464080000000001,6.46342,1,1
06.08.2021 00:27:16.234,6.464090000000001,6.4634,1,1
06.08.2021 00:27:16.352,6.4641,6.4634,1.5,1
06.08.2021 00:27:16.961,6.4641,6.4634,1,1
06.08.2021 00:27:17.062,6.4641,6.46345,1,1
06.08.2021 00:27:17.521,6.4641,6.46345,1.5,1
06.08.2021 00:27:17.621,6.464090000000001,6.4634100000000005,1.5,1
06.08.2021 00:27:17.672,6.464090000000001,6.4634100000000005,1,1
06.08.2021 00:27:17.723,6.4641,6.46336,1,1
06.08.2021 00:27:18.611,6.46387,6.46337,1,1
06.08.2021 00:27:18.662,6.46403,6.4634100000000005,1,1
06.08.2021 00:27:18.763,6.464090000000001,6.46345,1,1
06.08.2021 00:27:18.863,6.4638800000000005,6.46344,1,1
06.08.2021 00:27:18.964,6.46402,6.4634100000000005,1,1
06.08.2021 00:27:19.014,6.46387,6.4634100000000005,1,1
06.08.2021 00:27:19.195,6.46387,6.463380000000001,1,1
06.08.2021 00:27:19.245,6.4638800000000005,6.46352,1,1
06.08.2021 00:27:19.296,6.464180000000001,6.463680000000001,1.5,1
06.08.2021 00:27:19.397,6.46417,6.463730000000001,1,1
06.08.2021 00:27:27.755,6.46391,6.46363,1,1
06.08.2021 00:27:27.806,6.464040000000001,6.46354,1,1
06.08.2021 00:27:27.907,6.46387,6.46353,1,1
06.08.2021 00:27:27.958,6.46403,6.46345,1,1
06.08.2021 00:27:28.058,6.4641,6.46344,1.5,1
06.08.2021 00:27:28.160,6.464090000000001,6.46345,1,1
06.08.2021 00:27:28.210,6.464090000000001,6.46352,1,1
06.08.2021 00:27:28.312,6.464090000000001,6.46354,1,1
06.08.2021 00:27:28.412,6.464090000000001,6.46354,1.5,1
06.08.2021 00:27:28.525,6.464090000000001,6.46346,1.5,1
06.08.2021 00:27:28.625,6.4641,6.46352,1,1
06.08.2021 00:27:28.676,6.4641,6.46346,1,1
06.08.2021 00:27:28.809,6.464090000000001,6.463430000000001,1,1
06.08.2021 00:27:30.464,6.464090000000001,6.46353,1.12,1
06.08.2021 00:27:30.566,6.464180000000001,6.46372,1,1
06.08.2021 00:27:33.215,6.464,6.463690000000001,1,1
06.08.2021 00:27:33.316,6.46397,6.46358,1,1
06.08.2021 00:27:33.417,6.46403,6.463500000000001,2.62,1
06.08.2021 00:27:33.468,6.46403,6.46361,2.37,1
06.08.2021 00:27:33.569,6.464040000000001,6.46361,2.37,1
06.08.2021 00:27:33.619,6.46402,6.4636000000000005,1.5,1
06.08.2021 00:27:33.670,6.46402,6.46354,1.5,1
06.08.2021 00:27:33.771,6.46402,6.46352,1.5,1
06.08.2021 00:27:34.651,6.46402,6.46352,2,1
06.08.2021 00:27:34.702,6.46402,6.46349,2,1
06.08.2021 00:27:35.406,6.46403,6.46347,2.85,1
06.08.2021 00:27:35.636,6.46403,6.46349,2.1,1
06.08.2021 00:27:35.737,6.46401,6.46347,1.6,1
06.08.2021 00:27:36.656,6.46401,6.46347,1.5,1
06.08.2021 00:27:36.827,6.46385,6.463480000000001,1,1
06.08.2021 00:27:36.928,6.46382,6.463480000000001,1,1
06.08.2021 00:27:38.310,6.46377,6.463480000000001,1,1
06.08.2021 00:27:38.411,6.463780000000001,6.46346,1,1
06.08.2021 00:27:38.512,6.46377,6.46346,1,1
06.08.2021 00:27:38.562,6.4639500000000005,6.4634,1.5,1
06.08.2021 00:27:38.613,6.46393,6.46335,2,1
06.08.2021 00:27:38.664,6.46392,6.46336,1.5,1
06.08.2021 00:27:38.714,6.463780000000001,6.46335,1,1
06.08.2021 00:27:38.765,6.46392,6.46336,1.5,1
06.08.2021 00:27:38.866,6.46397,6.463500000000001,1.5,1
06.08.2021 00:27:39.018,6.464,6.46356,1.5,1
06.08.2021 00:27:39.994,6.46402,6.46356,1,1
06.08.2021 00:27:42.792,6.464080000000001,6.463590000000001,1.87,1
06.08.2021 00:27:42.842,6.464080000000001,6.46361,1.87,1
06.08.2021 00:27:42.944,6.46403,6.46361,1.87,1
06.08.2021 00:27:43.045,6.46403,6.46366,1.87,1
06.08.2021 00:27:43.096,6.46403,6.46361,1.87,1
06.08.2021 00:27:43.197,6.464080000000001,6.46363,2.25,1
06.08.2021 00:27:43.247,6.464080000000001,6.46365,2.25,1
06.08.2021 00:27:43.298,6.464090000000001,6.46366,1,1
06.08.2021 00:27:43.349,6.46403,6.46366,1.87,1
06.08.2021 00:27:43.500,6.46403,6.46365,1.87,1
06.08.2021 00:27:43.551,6.46403,6.463590000000001,1,1
06.08.2021 00:27:46.169,6.46403,6.4636000000000005,1.87,1
06.08.2021 00:27:46.890,6.46407,6.4636000000000005,1.5,1
06.08.2021 00:27:46.941,6.464080000000001,6.46363,1,1
06.08.2021 00:27:46.991,6.4641,6.46363,1,1
06.08.2021 00:27:47.042,6.464040000000001,6.46363,1.87,1
06.08.2021 00:27:47.143,6.46403,6.46367,1.87,1
06.08.2021 00:27:47.245,6.464040000000001,6.46362,1.87,1
06.08.2021 00:27:48.288,6.46403,6.46362,1.1,1
06.08.2021 00:27:50.232,6.46407,6.46362,2,1
06.08.2021 00:27:50.283,6.464040000000001,6.46367,1.87,1
06.08.2021 00:27:50.384,6.46403,6.46362,1.87,1
06.08.2021 00:27:51.011,6.464080000000001,6.463680000000001,1.5,1
06.08.2021 00:27:51.112,6.464090000000001,6.463690000000001,1,1
06.08.2021 00:27:51.163,6.4641,6.46372,1,1
06.08.2021 00:27:51.292,6.464090000000001,6.46379,1,1
06.08.2021 00:27:52.183,6.464090000000001,6.4637400000000005,1,1
06.08.2021 00:27:59.173,6.464090000000001,6.463690000000001,1,1
06.08.2021 00:27:59.768,6.464090000000001,6.463680000000001,1,1
06.08.2021 00:27:59.818,6.4641,6.4637,1,1
06.08.2021 00:27:59.869,6.4641,6.46367,1,1
