Gmt time,Ask,Bid,AskVolume,BidVolume
18.08.2021 00:00:00.040,6.493030000000001,6.492100000000001,1,1
18.08.2021 00:00:00.141,6.493030000000001,6.49206,1.1,1
18.08.2021 00:00:00.249,6.493030000000001,6.49206,1.1,1
18.08.2021 00:00:01.154,6.4930200000000005,6.49202,1.6,1
18.08.2021 00:00:01.254,6.49292,6.49187,1,1
18.08.2021 00:00:01.305,6.49293,6.49183,1,1
18.08.2021 00:00:01.456,6.49286,6.491840000000001,1.1,1
18.08.2021 00:00:01.637,6.49287,6.49183,2.47,1
18.08.2021 00:00:01.687,6.49287,6.49177,2.47,1
18.08.2021 00:00:01.788,6.49281,6.49176,1,1
18.08.2021 00:00:01.973,6.49281,6.49178,1,1
18.08.2021 00:00:02.157,6.4924800000000005,6.49178,1,1
18.08.2021 00:00:02.208,6.49247,6.49166,1,2.1
18.08.2021 00:00:02.309,6.49247,6.49166,1,1
18.08.2021 00:00:02.409,6.4924800000000005,6.4915400000000005,1,1.5
18.08.2021 00:00:02.460,6.4924,6.49155,1,1.5
18.08.2021 00:00:02.560,6.492680000000001,6.49167,1.1,1
18.08.2021 00:00:02.620,6.4924,6.49167,1,1
18.08.2021 00:00:02.721,6.49252,6.491750000000001,1,1
18.08.2021 00:00:02.822,6.49239,6.4917300000000004,1,1
18.08.2021 00:00:02.922,6.492500000000001,6.491750000000001,1,1
18.08.2021 00:00:03.184,6.492500000000001,6.49172,1,1
18.08.2021 00:00:03.234,6.492430000000001,6.49169,1,1
18.08.2021 00:00:03.335,6.492680000000001,6.49171,1,1
18.08.2021 00:00:03.436,6.4928,6.491700000000001,1.5,1
18.08.2021 00:00:03.686,6.4928,6.49167,1.5,1
18.08.2021 00:00:04.159,6.49275,6.49169,1.5,1
18.08.2021 00:00:04.755,6.49275,6.491700000000001,1.5,1
18.08.2021 00:00:05.316,6.49275,6.491700000000001,1.6,1
18.08.2021 00:00:06.157,6.492730000000001,6.4917300000000004,1.5,1
18.08.2021 00:00:06.373,6.492730000000001,6.4917300000000004,1.5,1
18.08.2021 00:00:07.497,6.49271,6.49172,1.5,1
18.08.2021 00:00:07.547,6.49271,6.49159,1.5,1.5
18.08.2021 00:00:07.648,6.492630000000001,6.4916,1.5,1.5
18.08.2021 00:00:07.890,6.4926,6.4916,1,1.5
18.08.2021 00:00:08.087,6.49262,6.49159,1.12,1.5
18.08.2021 00:00:08.348,6.49262,6.49159,1.5,1.12
18.08.2021 00:00:08.449,6.492590000000001,6.49159,1,1.5
18.08.2021 00:00:08.549,6.49261,6.49157,1.5,1.12
18.08.2021 00:00:08.655,6.4926,6.49157,1.5,1
18.08.2021 00:00:08.765,6.4926,6.49157,1.5,1.12
18.08.2021 00:00:09.114,6.4926,6.49159,1.5,1
18.08.2021 00:00:09.215,6.4926,6.49159,1,1.12
18.08.2021 00:00:09.425,6.49261,6.4916,1.5,1.12
18.08.2021 00:00:09.698,6.4926,6.4916,1.5,1
18.08.2021 00:00:09.965,6.4926,6.4916,1.12,1.12
18.08.2021 00:00:10.678,6.49261,6.4916,1.12,1.5
18.08.2021 00:00:10.779,6.49257,6.4916,1,1.5
18.08.2021 00:00:10.923,6.4926,6.49159,1,1.5
18.08.2021 00:00:11.242,6.49262,6.4916,1.12,1.5
18.08.2021 00:00:11.641,6.492590000000001,6.4916,1,1.5
18.08.2021 00:00:11.790,6.49261,6.49159,1,1.5
18.08.2021 00:00:13.307,6.492630000000001,6.4916100000000005,1.12,1.12
18.08.2021 00:00:13.358,6.49262,6.49166,1,1
18.08.2021 00:00:13.463,6.49279,6.49166,1.1,1
18.08.2021 00:00:13.600,6.49272,6.49164,1.5,1
18.08.2021 00:00:13.775,6.4927,6.49164,1,1
18.08.2021 00:00:13.830,6.4926900000000005,6.49162,1,1
18.08.2021 00:00:13.880,6.49262,6.4916100000000005,1.5,1
18.08.2021 00:00:13.965,6.49261,6.4916,1.5,1
18.08.2021 00:00:14.066,6.49244,6.49141,1,1
18.08.2021 00:00:14.116,6.4923,6.49132,1.12,1
18.08.2021 00:00:14.166,6.49231,6.49131,1.5,1
18.08.2021 00:00:14.217,6.4922,6.49125,1,1
18.08.2021 00:00:14.368,6.4922,6.491140000000001,1,1.6
18.08.2021 00:00:14.469,6.49221,6.491130000000001,1,1.6
18.08.2021 00:00:14.569,6.4922,6.491140000000001,1,1.6
18.08.2021 00:00:14.676,6.49221,6.491180000000001,1,1.5
18.08.2021 00:00:15.007,6.4922,6.4911900000000005,1,1.5
18.08.2021 00:00:15.534,6.49221,6.491180000000001,1,1.6
18.08.2021 00:00:16.097,6.49211,6.49147,1,1
18.08.2021 00:00:16.198,6.492100000000001,6.4915,1,1
18.08.2021 00:00:18.269,6.49211,6.491390000000001,1,1
18.08.2021 00:00:18.370,6.49244,6.491440000000001,1,1
18.08.2021 00:00:18.471,6.492430000000001,6.491390000000001,1,1.5
18.08.2021 00:00:18.571,6.492280000000001,6.49136,1,1.5
18.08.2021 00:00:18.810,6.492280000000001,6.49136,1,1.5
18.08.2021 00:00:19.156,6.492280000000001,6.49136,1,1.12
18.08.2021 00:00:19.309,6.492280000000001,6.49136,1,1.5
18.08.2021 00:00:19.452,6.492280000000001,6.49127,1,1.5
18.08.2021 00:00:19.737,6.492290000000001,6.4912600000000005,1,1.5
18.08.2021 00:00:20.534,6.492280000000001,6.491280000000001,1,1.5
18.08.2021 00:00:21.453,6.492280000000001,6.491280000000001,1,1.5
18.08.2021 00:00:21.518,6.492280000000001,6.491280000000001,1.12,1.12
18.08.2021 00:00:21.955,6.492280000000001,6.49131,1.12,1
18.08.2021 00:00:22.106,6.492290000000001,6.49132,1,1
18.08.2021 00:00:22.317,6.492290000000001,6.491350000000001,1,1
18.08.2021 00:00:22.806,6.492280000000001,6.49137,1,1
18.08.2021 00:00:27.808,6.492280000000001,6.4914000000000005,1,1
18.08.2021 00:00:28.620,6.492280000000001,6.49138,1,1
18.08.2021 00:00:29.371,6.492280000000001,6.491350000000001,1,1
18.08.2021 00:00:29.842,6.492290000000001,6.49138,1,1
18.08.2021 00:00:30.825,6.49235,6.49138,1,1.12
18.08.2021 00:00:30.878,6.49247,6.49138,2.1,1.12
18.08.2021 00:00:30.929,6.4924,6.491390000000001,1,1.5
18.08.2021 00:00:31.079,6.4923,6.49138,1,1.12
18.08.2021 00:00:31.309,6.4923,6.49145,1,1
18.08.2021 00:00:31.846,6.492290000000001,6.49142,1,1
18.08.2021 00:00:34.449,6.492290000000001,6.49143,1,1.12
18.08.2021 00:00:34.500,6.49244,6.49142,1.2,1.12
18.08.2021 00:00:34.644,6.492430000000001,6.491440000000001,1.2,1
18.08.2021 00:00:35.813,6.49244,6.491480000000001,1.12,1
18.08.2021 00:00:36.313,6.492430000000001,6.49145,1.12,1
18.08.2021 00:00:36.416,6.49244,6.49143,1.5,1
18.08.2021 00:00:40.041,6.49217,6.491530000000001,1,1
18.08.2021 00:00:40.142,6.49216,6.49156,1,1
18.08.2021 00:00:55.169,6.4921500000000005,6.49155,1,1
18.08.2021 00:00:59.995,6.49205,6.49141,1,1.5
18.08.2021 00:01:00.147,6.49204,6.491440000000001,1,1
18.08.2021 00:01:01.392,6.49205,6.49147,1,1
18.08.2021 00:01:15.894,6.49242,6.4915400000000005,1,1
18.08.2021 00:01:15.995,6.492540000000001,6.49152,1.6,1
18.08.2021 00:01:16.107,6.492540000000001,6.49152,1,1.5
18.08.2021 00:01:16.242,6.492540000000001,6.49152,1,1.5
18.08.2021 00:01:16.343,6.49253,6.491530000000001,1,1.5
18.08.2021 00:01:16.442,6.49253,6.491530000000001,1,1.5
18.08.2021 00:01:16.543,6.49253,6.491530000000001,1.5,1
18.08.2021 00:01:16.694,6.492430000000001,6.49155,1,1
18.08.2021 00:01:16.892,6.49244,6.491490000000001,1,1
18.08.2021 00:01:17.707,6.492430000000001,6.491530000000001,1,1
18.08.2021 00:01:18.068,6.492430000000001,6.491530000000001,1.62,1
18.08.2021 00:01:19.167,6.492430000000001,6.4915,1.62,1
18.08.2021 00:01:19.218,6.492330000000001,6.4915,1,1
18.08.2021 00:01:19.321,6.49234,6.491440000000001,1,1
18.08.2021 00:01:19.371,6.492330000000001,6.49145,1.5,1
18.08.2021 00:01:19.472,6.49225,6.491440000000001,1,1
18.08.2021 00:01:19.672,6.492240000000001,6.49141,1,1
18.08.2021 00:01:20.879,6.49225,6.49142,1,1
18.08.2021 00:01:20.980,6.49225,6.491530000000001,1,1
18.08.2021 00:01:21.155,6.492290000000001,6.491530000000001,1.5,1
18.08.2021 00:01:21.255,6.492290000000001,6.491440000000001,1.5,1
18.08.2021 00:01:21.356,6.492290000000001,6.491440000000001,1.12,1
18.08.2021 00:01:27.366,6.492290000000001,6.4914000000000005,1,1
18.08.2021 00:01:27.416,6.49206,6.49146,1,1
18.08.2021 00:01:33.384,6.49206,6.49147,1,1
18.08.2021 00:01:33.485,6.49205,6.4915,1,1
18.08.2021 00:01:33.586,6.49205,6.4916100000000005,1,1
18.08.2021 00:01:34.133,6.4926900000000005,6.49186,1.72,1
18.08.2021 00:01:34.234,6.492430000000001,6.49186,1,1
18.08.2021 00:01:34.285,6.49225,6.49185,1,1
18.08.2021 00:01:34.436,6.4922,6.49185,1.5,1
18.08.2021 00:01:34.676,6.492190000000001,6.49162,1.5,1
18.08.2021 00:01:34.727,6.49221,6.49162,1,1
18.08.2021 00:01:36.884,6.492190000000001,6.49162,1,1
18.08.2021 00:01:47.808,6.49222,6.4916100000000005,1,1
18.08.2021 00:01:54.969,6.4922,6.4916100000000005,1,1
18.08.2021 00:02:02.319,6.492190000000001,6.49166,1,1
18.08.2021 00:02:02.609,6.4922,6.49171,1,1
18.08.2021 00:02:04.470,6.49222,6.49171,1,1
18.08.2021 00:02:04.521,6.49221,6.491840000000001,1,1
18.08.2021 00:02:04.622,6.49222,6.491880000000001,1,1
18.08.2021 00:02:04.773,6.49221,6.4919,1,1
18.08.2021 00:02:10.723,6.492380000000001,6.491890000000001,1,1
18.08.2021 00:02:10.774,6.492430000000001,6.4919,1,1
18.08.2021 00:02:10.998,6.4924,6.4919,1,1
18.08.2021 00:02:11.424,6.4924100000000005,6.49186,1,1
18.08.2021 00:02:12.556,6.4924100000000005,6.491840000000001,1,1
18.08.2021 00:02:18.346,6.49244,6.491840000000001,1,1
18.08.2021 00:02:18.521,6.49234,6.49185,1,1
18.08.2021 00:02:18.672,6.492330000000001,6.491840000000001,1,1
18.08.2021 00:02:20.393,6.49235,6.491840000000001,1,1
18.08.2021 00:02:21.642,6.49235,6.4917300000000004,1,1
18.08.2021 00:02:21.693,6.49234,6.49169,1,1
18.08.2021 00:02:21.744,6.492290000000001,6.49167,1,1
18.08.2021 00:02:21.805,6.492450000000001,6.49167,1,1
18.08.2021 00:02:22.663,6.49244,6.4917300000000004,1.1,1
18.08.2021 00:02:22.777,6.49244,6.491790000000001,1.1,1
18.08.2021 00:02:24.434,6.492430000000001,6.491790000000001,1.1,1
18.08.2021 00:02:25.088,6.492430000000001,6.49174,1.1,1
18.08.2021 00:02:26.777,6.492430000000001,6.49177,1.1,1
18.08.2021 00:02:26.877,6.49242,6.49172,1,1
18.08.2021 00:02:26.928,6.49234,6.4917300000000004,1,1
18.08.2021 00:02:34.005,6.49242,6.491750000000001,1,1
18.08.2021 00:02:34.055,6.4924100000000005,6.4918000000000005,1,1
18.08.2021 00:02:34.105,6.49246,6.491790000000001,1.1,1
18.08.2021 00:02:34.900,6.49246,6.49177,1.1,1
18.08.2021 00:02:35.014,6.492450000000001,6.4918000000000005,1.1,1
18.08.2021 00:02:35.951,6.4924100000000005,6.491790000000001,1.1,1
18.08.2021 00:02:36.514,6.4924100000000005,6.49185,1.1,1
18.08.2021 00:02:36.564,6.4924,6.4918000000000005,1.1,1
18.08.2021 00:02:36.856,6.4924100000000005,6.491700000000001,1.1,1
18.08.2021 00:02:36.957,6.492380000000001,6.491700000000001,1,1
18.08.2021 00:02:37.281,6.492380000000001,6.49172,1,1
18.08.2021 00:02:37.966,6.49237,6.49171,1,1
18.08.2021 00:02:41.972,6.49237,6.4917300000000004,1,1
18.08.2021 00:02:42.073,6.4924100000000005,6.4917300000000004,1.1,1
18.08.2021 00:02:42.124,6.4924100000000005,6.49181,1.1,1
18.08.2021 00:02:42.224,6.49253,6.4918000000000005,1,1
18.08.2021 00:02:42.700,6.49253,6.491790000000001,1,1
18.08.2021 00:02:43.255,6.49253,6.4918000000000005,1,1
18.08.2021 00:02:43.365,6.492590000000001,6.4918000000000005,1.1,1
18.08.2021 00:02:43.435,6.4926,6.491840000000001,1.1,1
18.08.2021 00:02:43.586,6.492590000000001,6.49186,1.1,1
18.08.2021 00:02:43.636,6.492630000000001,6.49185,1,1
18.08.2021 00:02:43.893,6.492630000000001,6.491880000000001,1,1
18.08.2021 00:02:44.380,6.492630000000001,6.49185,1,1
18.08.2021 00:02:44.431,6.49249,6.49186,1,1
18.08.2021 00:02:44.531,6.49258,6.49186,1,1
18.08.2021 00:02:48.406,6.49257,6.49185,1,1
18.08.2021 00:02:48.507,6.492540000000001,6.4918000000000005,1,1
18.08.2021 00:02:48.557,6.4924800000000005,6.49181,1,1
18.08.2021 00:02:48.930,6.4924800000000005,6.49174,1,1
18.08.2021 00:02:49.031,6.492450000000001,6.4917300000000004,1,1
18.08.2021 00:02:49.132,6.492380000000001,6.49174,1,1
18.08.2021 00:02:49.248,6.492290000000001,6.4917300000000004,1,1
18.08.2021 00:02:49.449,6.492280000000001,6.491700000000001,1,1
18.08.2021 00:02:49.763,6.492290000000001,6.491680000000001,1,1
18.08.2021 00:02:51.493,6.49235,6.491680000000001,1.5,1
18.08.2021 00:02:52.108,6.49234,6.49176,1,1
18.08.2021 00:02:53.740,6.49234,6.49177,1,1
18.08.2021 00:02:53.791,6.4924100000000005,6.49177,1,1
18.08.2021 00:02:56.347,6.49242,6.491790000000001,1,1
18.08.2021 00:02:58.106,6.49242,6.49176,1,1
18.08.2021 00:02:58.257,6.4924,6.49177,1,1
18.08.2021 00:02:58.358,6.49231,6.49178,1,1
18.08.2021 00:02:58.408,6.49221,6.49166,1,1
18.08.2021 00:03:00.168,6.49232,6.49165,1,1
18.08.2021 00:03:00.219,6.49232,6.49167,1,1
18.08.2021 00:03:00.369,6.49222,6.491700000000001,1,1
18.08.2021 00:03:00.470,6.492330000000001,6.491700000000001,1,1
18.08.2021 00:03:00.700,6.49232,6.49177,1,1
18.08.2021 00:03:01.290,6.49247,6.49178,1,1
18.08.2021 00:03:01.616,6.49247,6.491790000000001,1,1
18.08.2021 00:03:03.385,6.49246,6.491790000000001,1,1
18.08.2021 00:03:03.485,6.49242,6.49171,1,1
18.08.2021 00:03:03.536,6.492240000000001,6.4917300000000004,1,1
18.08.2021 00:03:03.636,6.49235,6.49178,1,1
18.08.2021 00:03:04.003,6.492450000000001,6.49177,1,1
18.08.2021 00:03:04.104,6.49247,6.49177,1.5,1
18.08.2021 00:03:04.383,6.49246,6.49181,1.5,1
18.08.2021 00:03:06.798,6.49247,6.491840000000001,1,1
18.08.2021 00:03:07.298,6.49246,6.49181,1,1
18.08.2021 00:03:07.798,6.49246,6.49186,1,1
18.08.2021 00:03:08.930,6.49246,6.49182,1,1
18.08.2021 00:03:09.148,6.492450000000001,6.49181,1,1
18.08.2021 00:03:09.485,6.49246,6.49186,1,1
18.08.2021 00:03:09.535,6.492680000000001,6.49195,1,1
18.08.2021 00:03:09.586,6.49265,6.49196,1,1
18.08.2021 00:03:09.687,6.49262,6.49196,1,1
18.08.2021 00:03:09.994,6.49261,6.492030000000001,1,1
18.08.2021 00:03:15.621,6.492590000000001,6.492030000000001,1.1,1
18.08.2021 00:03:15.919,6.49261,6.492030000000001,1,1
18.08.2021 00:03:16.849,6.49261,6.491980000000001,1,1
18.08.2021 00:03:20.614,6.49262,6.491980000000001,1,1
18.08.2021 00:03:21.114,6.49261,6.49205,1,1
18.08.2021 00:03:21.616,6.49261,6.492,1,1
18.08.2021 00:03:25.262,6.49262,6.49204,1,1
18.08.2021 00:03:25.313,6.49261,6.492030000000001,1,1
18.08.2021 00:03:25.423,6.49261,6.4919400000000005,1,1
18.08.2021 00:03:25.523,6.49262,6.491630000000001,1.12,1.5
18.08.2021 00:03:25.574,6.49262,6.491630000000001,1.5,1.5
18.08.2021 00:03:25.624,6.49262,6.49164,1.5,1
18.08.2021 00:03:25.675,6.49261,6.49165,1.5,1
18.08.2021 00:03:25.776,6.49262,6.491630000000001,1.5,1
18.08.2021 00:03:25.877,6.492590000000001,6.491630000000001,1,1
18.08.2021 00:03:25.978,6.49258,6.49164,1,1
18.08.2021 00:03:26.029,6.492590000000001,6.4916100000000005,1,1
18.08.2021 00:03:26.130,6.492590000000001,6.4916100000000005,1,1
18.08.2021 00:03:26.230,6.49258,6.49162,1,1
18.08.2021 00:03:26.501,6.49258,6.491580000000001,1,1
18.08.2021 00:03:26.552,6.49258,6.491580000000001,1,1
18.08.2021 00:03:28.136,6.492590000000001,6.491580000000001,1,1
18.08.2021 00:03:28.633,6.492590000000001,6.491630000000001,1,1
18.08.2021 00:03:29.379,6.49258,6.49164,1,1
18.08.2021 00:03:29.479,6.49258,6.49164,1,1
18.08.2021 00:03:34.891,6.49261,6.49164,1.55,1
18.08.2021 00:03:37.781,6.49262,6.4916100000000005,1.55,1
18.08.2021 00:03:47.001,6.49262,6.4916100000000005,1.05,1
18.08.2021 00:03:47.052,6.49262,6.4916100000000005,1,1.12
18.08.2021 00:03:47.102,6.49272,6.49167,1.5,1.5
18.08.2021 00:03:47.203,6.49271,6.49174,1,1.5
18.08.2021 00:03:47.304,6.49271,6.49177,1,1.5
18.08.2021 00:03:47.355,6.49277,6.491750000000001,1,1.5
18.08.2021 00:03:47.492,6.49288,6.49176,1.55,1.5
18.08.2021 00:03:47.542,6.49289,6.49191,1.55,1
18.08.2021 00:03:47.791,6.49288,6.49191,2,1
18.08.2021 00:03:47.943,6.49288,6.491890000000001,2,1
18.08.2021 00:03:48.094,6.49287,6.49187,1.5,1
18.08.2021 00:03:50.241,6.49286,6.491930000000001,1.5,1
18.08.2021 00:03:50.342,6.49286,6.4919400000000005,1.5,1
18.08.2021 00:03:54.320,6.49289,6.49196,1,1
18.08.2021 00:03:55.403,6.49289,6.491980000000001,1,1
18.08.2021 00:03:59.035,6.49289,6.49202,1,1
18.08.2021 00:04:00.463,6.49289,6.49206,1,1
18.08.2021 00:04:00.563,6.49289,6.49195,1,1
18.08.2021 00:04:00.664,6.49289,6.49199,1,1
18.08.2021 00:04:01.106,6.49286,6.492,1.1,1
18.08.2021 00:04:01.411,6.49286,6.49205,1.1,1
18.08.2021 00:04:01.567,6.4928,6.49205,1.1,1
18.08.2021 00:04:01.991,6.492850000000001,6.49205,1.1,1
18.08.2021 00:04:02.091,6.49288,6.49205,1,1
18.08.2021 00:04:05.138,6.49282,6.49204,1.1,1
18.08.2021 00:04:06.046,6.49286,6.49204,1.1,1
18.08.2021 00:04:08.812,6.49289,6.49204,1.1,1
18.08.2021 00:04:13.555,6.492850000000001,6.49204,1.1,1
18.08.2021 00:04:15.559,6.492850000000001,6.4920800000000005,1.1,1
18.08.2021 00:04:17.003,6.49284,6.492100000000001,1.1,1
18.08.2021 00:04:17.104,6.492850000000001,6.49213,1.1,1
18.08.2021 00:04:17.384,6.49281,6.49213,1.1,1
18.08.2021 00:04:17.541,6.492780000000001,6.49213,1.1,1
18.08.2021 00:04:17.866,6.4927600000000005,6.49213,1.1,1
18.08.2021 00:04:18.004,6.4927600000000005,6.49217,1.1,1
18.08.2021 00:04:18.203,6.492730000000001,6.49218,1.1,1
18.08.2021 00:04:20.215,6.49274,6.492190000000001,1.1,1
18.08.2021 00:04:20.265,6.49277,6.49221,1.1,1
18.08.2021 00:04:20.621,6.492780000000001,6.49221,1,1
18.08.2021 00:04:22.838,6.4927600000000005,6.49222,1.1,1
18.08.2021 00:04:23.237,6.49277,6.49222,1.1,1
18.08.2021 00:04:23.651,6.4928300000000005,6.492190000000001,1.1,1
18.08.2021 00:04:23.752,6.49282,6.49221,1.1,1
18.08.2021 00:04:24.358,6.49277,6.4922,1.1,1
18.08.2021 00:04:24.459,6.4927600000000005,6.49227,1.1,1
18.08.2021 00:04:25.204,6.49277,6.49227,1.1,1.1
18.08.2021 00:04:26.229,6.49274,6.49227,1.1,1.1
18.08.2021 00:04:27.465,6.49275,6.492280000000001,1.1,1.1
18.08.2021 00:04:27.677,6.49275,6.49226,1.1,1
18.08.2021 00:04:28.059,6.49289,6.49226,1.1,1
18.08.2021 00:04:28.110,6.49288,6.4923,1.1,1
18.08.2021 00:04:29.285,6.49288,6.492290000000001,1.1,1
18.08.2021 00:04:29.517,6.49289,6.492290000000001,1,1
18.08.2021 00:04:29.618,6.49289,6.49234,1,1
18.08.2021 00:04:29.769,6.49288,6.49239,1,1
18.08.2021 00:04:29.932,6.492780000000001,6.492380000000001,1,1
18.08.2021 00:04:30.473,6.49277,6.49237,1,1
18.08.2021 00:04:30.700,6.49289,6.492360000000001,1,1
18.08.2021 00:04:30.750,6.4930200000000005,6.49237,1.5,1
18.08.2021 00:04:31.025,6.49286,6.492360000000001,1,1
18.08.2021 00:04:31.702,6.49277,6.49237,1,1
18.08.2021 00:04:43.545,6.49277,6.49239,1,1
18.08.2021 00:04:48.920,6.492780000000001,6.49235,1,1
18.08.2021 00:04:51.581,6.49277,6.4924100000000005,1.1,1
18.08.2021 00:04:51.811,6.49275,6.4924100000000005,1.1,1
18.08.2021 00:04:53.465,6.492780000000001,6.4924,1.1,1
18.08.2021 00:04:57.159,6.49284,6.4924,1.1,1
18.08.2021 00:04:57.719,6.49282,6.4924,1.1,1
18.08.2021 00:04:57.864,6.49281,6.4924,1.1,1
18.08.2021 00:04:58.100,6.4928,6.4924,1,1
18.08.2021 00:04:58.639,6.4927600000000005,6.4924100000000005,1.1,1
18.08.2021 00:04:58.701,6.49279,6.4924100000000005,1.1,1
18.08.2021 00:05:00.075,6.49277,6.4924,1.1,1
18.08.2021 00:05:00.325,6.4928,6.4924,1.1,1
18.08.2021 00:05:00.919,6.49279,6.4924,1.1,1
18.08.2021 00:05:00.969,6.49279,6.49244,1.1,1
18.08.2021 00:05:01.070,6.492780000000001,6.4924800000000005,1.1,1
18.08.2021 00:05:01.200,6.492780000000001,6.49249,1.1,1
18.08.2021 00:05:01.348,6.4928,6.4924800000000005,1,1
18.08.2021 00:05:16.104,6.492900000000001,6.49249,1.1,1
18.08.2021 00:05:16.155,6.492940000000001,6.49251,1.62,1
18.08.2021 00:05:16.206,6.492940000000001,6.4924800000000005,1,1
18.08.2021 00:05:16.439,6.4930200000000005,6.4924800000000005,1.6,1
18.08.2021 00:05:16.691,6.49296,6.492540000000001,1,1
18.08.2021 00:05:16.948,6.49296,6.49252,1,1
18.08.2021 00:05:16.998,6.49297,6.49253,1,1
18.08.2021 00:05:17.049,6.49297,6.49251,1,1
18.08.2021 00:05:17.271,6.49295,6.49249,1.5,1
18.08.2021 00:05:17.385,6.492940000000001,6.49253,1.5,1
18.08.2021 00:05:17.435,6.49295,6.49249,1.5,1
18.08.2021 00:05:17.717,6.492940000000001,6.49251,1.5,1
18.08.2021 00:05:17.882,6.492940000000001,6.49253,1.5,1
18.08.2021 00:05:17.933,6.492940000000001,6.492500000000001,1.6,1
18.08.2021 00:05:18.042,6.492940000000001,6.49249,1.6,1
18.08.2021 00:05:18.143,6.49293,6.49251,1.6,1
18.08.2021 00:05:21.649,6.49293,6.49251,1.1,1
18.08.2021 00:05:21.749,6.49293,6.49251,1.6,1
18.08.2021 00:05:21.969,6.492940000000001,6.49253,1.5,1
18.08.2021 00:05:22.070,6.492940000000001,6.492540000000001,1.5,1
18.08.2021 00:05:22.171,6.49321,6.492730000000001,1.6,1
18.08.2021 00:05:22.222,6.49332,6.492540000000001,1,1.35
18.08.2021 00:05:22.273,6.49349,6.49295,1.5,1
18.08.2021 00:05:22.374,6.493480000000001,6.49286,1,1
18.08.2021 00:05:22.525,6.49349,6.49282,1,1
18.08.2021 00:05:22.575,6.49349,6.49297,1,1
18.08.2021 00:05:22.683,6.493480000000001,6.493,1,1
18.08.2021 00:05:22.733,6.493480000000001,6.4928300000000005,1,1
18.08.2021 00:05:22.784,6.493530000000001,6.492900000000001,1,1
18.08.2021 00:05:22.835,6.493480000000001,6.49289,1,1
18.08.2021 00:05:23.087,6.49349,6.49286,1,1
18.08.2021 00:05:23.238,6.49366,6.49288,1,1
18.08.2021 00:05:23.289,6.493530000000001,6.49286,1,1
18.08.2021 00:05:24.759,6.49333,6.49286,1.1,1
18.08.2021 00:05:24.860,6.49333,6.492850000000001,1.1,1
18.08.2021 00:05:24.911,6.49332,6.49282,1.1,1
18.08.2021 00:05:25.131,6.4934400000000005,6.49284,1,1
18.08.2021 00:05:25.232,6.4934400000000005,6.49287,1,1.5
18.08.2021 00:05:25.709,6.4934400000000005,6.49287,1,1.5
18.08.2021 00:05:25.888,6.4933000000000005,6.49287,1.1,1.5
18.08.2021 00:05:25.995,6.4934400000000005,6.49287,1,1.5
18.08.2021 00:05:26.260,6.493290000000001,6.49287,1.1,1.5
18.08.2021 00:05:26.760,6.49345,6.492850000000001,1,1
18.08.2021 00:05:27.819,6.49345,6.49284,1,1
18.08.2021 00:05:33.107,6.49326,6.49284,1.1,1
18.08.2021 00:05:33.618,6.49326,6.4928300000000005,1.1,1
18.08.2021 00:05:33.669,6.4932300000000005,6.49282,1,1
18.08.2021 00:05:33.825,6.493340000000001,6.492780000000001,1,1
18.08.2021 00:05:33.945,6.493340000000001,6.49271,1,1
18.08.2021 00:05:34.730,6.4932300000000005,6.492730000000001,1.5,1
18.08.2021 00:05:37.197,6.493200000000001,6.49274,1,1
18.08.2021 00:05:41.581,6.49321,6.49277,1,1
18.08.2021 00:05:42.238,6.49321,6.4926900000000005,1,1
18.08.2021 00:05:42.289,6.49321,6.492730000000001,1,1
18.08.2021 00:05:52.993,6.493200000000001,6.49277,1,1
18.08.2021 00:05:53.815,6.49322,6.49277,1.5,1
18.08.2021 00:05:53.994,6.49322,6.49272,1.5,1
18.08.2021 00:05:54.044,6.4932300000000005,6.49275,1.5,1
18.08.2021 00:05:55.192,6.4934400000000005,6.49289,1.5,1
18.08.2021 00:05:55.242,6.49352,6.4930200000000005,1.6,1
18.08.2021 00:05:55.343,6.49356,6.49315,1.6,1
18.08.2021 00:05:55.591,6.49357,6.493,1.5,1
18.08.2021 00:06:00.059,6.493480000000001,6.493,1.1,1
18.08.2021 00:06:00.165,6.4935,6.493,1,1
18.08.2021 00:06:11.509,6.49354,6.49301,1.5,1
18.08.2021 00:06:17.486,6.49355,6.493,1.62,1
18.08.2021 00:06:20.190,6.49354,6.49301,1.5,1
18.08.2021 00:07:00.383,6.49354,6.493030000000001,1.5,1
18.08.2021 00:07:00.434,6.49355,6.493,1.5,1
18.08.2021 00:07:00.574,6.49354,6.493040000000001,1.5,1
18.08.2021 00:07:01.569,6.49347,6.493040000000001,1.1,1
18.08.2021 00:07:01.943,6.49346,6.493030000000001,1.1,1
18.08.2021 00:07:02.898,6.49342,6.493040000000001,1.1,1
18.08.2021 00:07:03.399,6.49341,6.493030000000001,1.1,1
18.08.2021 00:07:03.489,6.49342,6.493040000000001,1.1,1
18.08.2021 00:07:03.557,6.49346,6.493030000000001,1.1,1
18.08.2021 00:07:04.766,6.49347,6.493030000000001,1.1,1
18.08.2021 00:07:05.741,6.493430000000001,6.493040000000001,1.1,1
18.08.2021 00:07:05.791,6.49346,6.493030000000001,1.1,1
18.08.2021 00:07:06.894,6.49347,6.493040000000001,1.1,1
18.08.2021 00:07:07.129,6.49352,6.493030000000001,1,1
18.08.2021 00:07:07.179,6.49352,6.493080000000001,1,1
18.08.2021 00:07:07.898,6.493530000000001,6.49305,1,1
18.08.2021 00:07:20.198,6.493530000000001,6.493030000000001,1,1
18.08.2021 00:07:23.394,6.493530000000001,6.49307,1,1
18.08.2021 00:07:23.925,6.49354,6.49307,1.5,1
18.08.2021 00:07:24.358,6.49355,6.4930200000000005,1.5,1
18.08.2021 00:07:25.282,6.49354,6.493030000000001,1.5,1
18.08.2021 00:07:25.332,6.49352,6.493030000000001,1,1
18.08.2021 00:07:25.988,6.49354,6.493030000000001,1.5,1
18.08.2021 00:07:27.265,6.49355,6.4930200000000005,1.5,1
18.08.2021 00:07:29.270,6.49354,6.493030000000001,1.5,1
18.08.2021 00:07:31.293,6.49354,6.493030000000001,1.5,1
18.08.2021 00:07:35.348,6.49354,6.49305,1.5,1
18.08.2021 00:07:35.449,6.49364,6.49314,1,1
18.08.2021 00:07:35.499,6.49366,6.493130000000001,1,1
18.08.2021 00:07:37.110,6.4936300000000005,6.49314,1,1
18.08.2021 00:07:37.210,6.4936300000000005,6.49314,1.5,1
18.08.2021 00:07:42.769,6.49362,6.493130000000001,1.2,1
18.08.2021 00:07:42.870,6.49362,6.493130000000001,1,1
18.08.2021 00:07:43.954,6.49361,6.49314,1.1,1
18.08.2021 00:07:51.811,6.493580000000001,6.49314,1.1,1
18.08.2021 00:07:53.948,6.49361,6.493130000000001,1.1,1
18.08.2021 00:07:54.420,6.4936300000000005,6.49314,1,1
18.08.2021 00:07:54.470,6.49361,6.493130000000001,1.1,1
18.08.2021 00:07:55.163,6.493580000000001,6.49314,1.1,1
18.08.2021 00:07:56.879,6.49354,6.493130000000001,1.1,1
18.08.2021 00:07:56.994,6.49355,6.49314,1.1,1
18.08.2021 00:07:57.244,6.493530000000001,6.493130000000001,1.1,1
18.08.2021 00:07:57.685,6.49354,6.49314,1.1,1
18.08.2021 00:07:59.438,6.493510000000001,6.49314,1.1,1
18.08.2021 00:07:59.488,6.493530000000001,6.49314,1.1,1
18.08.2021 00:07:59.922,6.49359,6.493130000000001,1.1,1
18.08.2021 00:08:00.023,6.49361,6.49314,1.2,1
18.08.2021 00:08:00.813,6.49362,6.493130000000001,1,1
18.08.2021 00:08:02.068,6.493650000000001,6.493130000000001,1,1
18.08.2021 00:08:02.356,6.49366,6.493130000000001,1.62,1
18.08.2021 00:08:03.360,6.49364,6.49314,1,1
18.08.2021 00:08:04.542,6.493650000000001,6.493130000000001,1,1
18.08.2021 00:08:07.549,6.49364,6.49314,1,1.5
18.08.2021 00:08:08.308,6.4936300000000005,6.493130000000001,1.1,1.5
18.08.2021 00:08:09.268,6.493600000000001,6.493130000000001,1,1
18.08.2021 00:08:11.322,6.4936300000000005,6.493130000000001,1.1,1
18.08.2021 00:08:11.537,6.49364,6.49314,2.32,1
18.08.2021 00:08:11.784,6.49364,6.49314,2.32,1.1
18.08.2021 00:08:12.544,6.49362,6.493130000000001,1.1,1.1
18.08.2021 00:08:12.964,6.49359,6.49314,1.1,1.1
18.08.2021 00:08:13.065,6.49364,6.49314,2,1.1
18.08.2021 00:08:13.724,6.49364,6.49314,2,1
18.08.2021 00:08:16.147,6.493650000000001,6.493130000000001,2,1
18.08.2021 00:08:16.248,6.493600000000001,6.49314,1.1,1
18.08.2021 00:08:16.958,6.4936300000000005,6.493130000000001,1.1,1
18.08.2021 00:08:17.258,6.493650000000001,6.493130000000001,1.12,1
18.08.2021 00:08:17.870,6.49362,6.49314,1.1,1
18.08.2021 00:08:18.524,6.493600000000001,6.49314,1,1
18.08.2021 00:08:19.249,6.493580000000001,6.49314,1,1
18.08.2021 00:08:19.350,6.49349,6.49314,1,1
18.08.2021 00:08:19.400,6.493480000000001,6.49301,1,1
18.08.2021 00:08:19.451,6.4934400000000005,6.49298,1,1
18.08.2021 00:08:19.501,6.493430000000001,6.49297,1,1
18.08.2021 00:08:19.607,6.4934400000000005,6.49295,1,1
18.08.2021 00:08:19.814,6.49337,6.49296,1,1
18.08.2021 00:08:22.816,6.493390000000001,6.49295,1.1,1
18.08.2021 00:08:24.064,6.49341,6.49295,1,1
18.08.2021 00:08:24.115,6.49336,6.49296,1,1
18.08.2021 00:08:28.878,6.49337,6.49296,1,1
18.08.2021 00:08:30.179,6.49337,6.49295,1,1
18.08.2021 00:08:42.201,6.4934400000000005,6.49295,1.5,1
18.08.2021 00:08:42.362,6.4934400000000005,6.49295,1.5,1.1
18.08.2021 00:08:43.151,6.493430000000001,6.49296,1.5,1.1
18.08.2021 00:08:43.438,6.49347,6.49296,1.5,1.1
18.08.2021 00:08:43.695,6.493510000000001,6.49296,1.5,1.1
18.08.2021 00:08:44.422,6.493510000000001,6.49296,1.5,1.1
18.08.2021 00:08:45.154,6.493430000000001,6.49296,1,1.1
18.08.2021 00:08:46.104,6.493430000000001,6.49295,1,1.1
18.08.2021 00:08:51.734,6.493380000000001,6.49296,1,1
18.08.2021 00:08:51.960,6.49342,6.49296,1.1,1
18.08.2021 00:08:52.011,6.493430000000001,6.49295,1,1
18.08.2021 00:08:52.179,6.493390000000001,6.49295,1,1
18.08.2021 00:08:54.004,6.493430000000001,6.49295,1.6,1
18.08.2021 00:08:54.957,6.493430000000001,6.49295,1.2,1
18.08.2021 00:08:57.147,6.4934,6.49296,1,1
18.08.2021 00:09:01.124,6.4934,6.49295,1.1,1
18.08.2021 00:09:01.402,6.493430000000001,6.49295,1.2,1
18.08.2021 00:09:03.201,6.49342,6.49295,1,1
18.08.2021 00:09:03.252,6.493390000000001,6.49296,1,1
18.08.2021 00:09:14.354,6.4934400000000005,6.49295,1.22,1
18.08.2021 00:09:18.466,6.49341,6.49295,1.1,1
18.08.2021 00:09:24.456,6.49341,6.49295,1.1,1
18.08.2021 00:09:24.957,6.493390000000001,6.49295,1,1
18.08.2021 00:09:25.462,6.49342,6.49295,1.1,1
18.08.2021 00:09:25.563,6.49341,6.49296,1.1,1
18.08.2021 00:09:28.497,6.49345,6.49295,1.7,1
18.08.2021 00:09:28.866,6.4934400000000005,6.49296,1.7,1
18.08.2021 00:09:29.007,6.49345,6.49295,1.7,1
18.08.2021 00:09:29.108,6.493390000000001,6.49296,1.1,1
18.08.2021 00:09:31.120,6.49336,6.49296,1.1,1
18.08.2021 00:09:33.729,6.49335,6.49295,1.1,1
18.08.2021 00:09:34.296,6.49336,6.49296,1,1
18.08.2021 00:09:38.728,6.4934,6.49295,1.57,1
18.08.2021 00:09:42.982,6.49335,6.49296,1,1
18.08.2021 00:09:43.083,6.49331,6.49296,1,1
18.08.2021 00:09:45.192,6.49335,6.49295,1.2,1
18.08.2021 00:09:46.163,6.4933000000000005,6.49296,1.1,1
18.08.2021 00:09:46.214,6.49341,6.49296,1.22,1
18.08.2021 00:09:49.014,6.49341,6.49296,1.22,1
18.08.2021 00:09:49.523,6.49341,6.49296,1.22,1
18.08.2021 00:09:49.908,6.493390000000001,6.49295,1.1,1
18.08.2021 00:09:49.958,6.49322,6.49265,1,1.5
18.08.2021 00:09:50.009,6.493180000000001,6.49262,1,1.5
18.08.2021 00:09:54.038,6.49319,6.49261,1.5,1.5
18.08.2021 00:09:54.587,6.49319,6.49262,1.5,1
18.08.2021 00:09:55.044,6.49319,6.49262,1.5,1
18.08.2021 00:09:55.128,6.493180000000001,6.492680000000001,1.5,1
18.08.2021 00:09:55.229,6.493180000000001,6.492640000000001,1.5,1
18.08.2021 00:09:55.708,6.49319,6.49261,1.5,1
18.08.2021 00:09:55.758,6.49319,6.492640000000001,1.5,1
18.08.2021 00:09:56.493,6.49319,6.49265,1.5,1
18.08.2021 00:09:56.594,6.493180000000001,6.492680000000001,1.5,1
18.08.2021 00:09:57.570,6.49319,6.49267,1.5,1
18.08.2021 00:09:58.626,6.493180000000001,6.492680000000001,1.12,1
18.08.2021 00:09:59.624,6.4932300000000005,6.49267,1.5,1
18.08.2021 00:10:01.059,6.4932300000000005,6.49267,1.5,1
18.08.2021 00:10:02.064,6.49322,6.492680000000001,1.5,1
18.08.2021 00:10:02.437,6.49322,6.49274,1.5,1
18.08.2021 00:10:03.582,6.49322,6.49274,1,1
18.08.2021 00:10:03.893,6.49322,6.49279,1,1
18.08.2021 00:10:05.476,6.4932300000000005,6.49281,1,1
18.08.2021 00:10:05.577,6.49322,6.49281,1,1
18.08.2021 00:10:06.318,6.4932300000000005,6.49277,1,1
18.08.2021 00:10:06.372,6.4932300000000005,6.49275,1,1
18.08.2021 00:10:06.473,6.49322,6.49274,1,1
18.08.2021 00:10:06.738,6.49322,6.49275,1,1
18.08.2021 00:10:07.434,6.49322,6.49277,1,1
18.08.2021 00:10:18.560,6.49322,6.492780000000001,1,1
18.08.2021 00:10:22.463,6.49322,6.4927600000000005,1,1
18.08.2021 00:10:24.267,6.4932300000000005,6.49272,1,1.1
18.08.2021 00:10:24.770,6.49322,6.492730000000001,1,1.1
18.08.2021 00:10:34.267,6.4932300000000005,6.492730000000001,1,1
18.08.2021 00:10:36.608,6.4932300000000005,6.49272,1,1
18.08.2021 00:10:36.708,6.4932300000000005,6.4926900000000005,1.1,1.1
18.08.2021 00:10:37.113,6.49322,6.4927,1.1,1.1
18.08.2021 00:10:38.110,6.49322,6.49275,1.1,1
18.08.2021 00:10:38.298,6.4932300000000005,6.4927,1.1,1.1
18.08.2021 00:10:38.414,6.4932300000000005,6.4927,1,1.1
18.08.2021 00:10:39.091,6.4932300000000005,6.4927,1,1.1
18.08.2021 00:10:42.089,6.4932300000000005,6.49272,1,1.1
18.08.2021 00:10:44.217,6.4932300000000005,6.49272,1,1.1
18.08.2021 00:10:45.264,6.49322,6.4927,1.1,1.1
18.08.2021 00:10:47.091,6.49322,6.4927,1.1,1.1
18.08.2021 00:10:48.217,6.4932300000000005,6.492730000000001,1.1,1
18.08.2021 00:10:48.318,6.4932300000000005,6.492730000000001,1.1,1
18.08.2021 00:10:50.219,6.49322,6.4927600000000005,1,1
18.08.2021 00:10:53.893,6.4932300000000005,6.49274,1,1
18.08.2021 00:10:54.217,6.4932300000000005,6.49275,1,1
18.08.2021 00:10:59.119,6.49307,6.49262,1,1.6
18.08.2021 00:10:59.170,6.49333,6.49261,1.6,1
18.08.2021 00:10:59.271,6.493040000000001,6.492540000000001,1,1
18.08.2021 00:10:59.421,6.493040000000001,6.4925500000000005,1,1
18.08.2021 00:11:00.084,6.493030000000001,6.49258,1,1
18.08.2021 00:11:00.283,6.493030000000001,6.49258,1,1.1
18.08.2021 00:11:00.384,6.493040000000001,6.49262,1,1
18.08.2021 00:11:00.840,6.493030000000001,6.4926,1,1
18.08.2021 00:11:01.978,6.493040000000001,6.4926,1,1
18.08.2021 00:11:02.599,6.493040000000001,6.4926,1,1.5
18.08.2021 00:11:02.915,6.49324,6.49267,1.12,1
18.08.2021 00:11:02.966,6.49333,6.49277,1.1,1
18.08.2021 00:11:03.995,6.49337,6.49277,1.2,1
18.08.2021 00:11:04.119,6.49314,6.4927,1,1
18.08.2021 00:11:04.169,6.49314,6.492680000000001,1,1
18.08.2021 00:11:05.633,6.49315,6.492730000000001,1,1
18.08.2021 00:11:07.537,6.49315,6.492730000000001,1,1.1
18.08.2021 00:11:09.634,6.49314,6.49274,1,1
18.08.2021 00:11:10.924,6.49315,6.4927,1,1
18.08.2021 00:11:11.025,6.49314,6.49272,1,1.1
18.08.2021 00:11:13.034,6.49315,6.49271,1,1.1
18.08.2021 00:11:16.988,6.49315,6.49271,1,1.1
18.08.2021 00:11:18.121,6.49314,6.49271,1,1.1
18.08.2021 00:11:18.616,6.49315,6.49275,1,1
18.08.2021 00:11:18.666,6.49315,6.49271,1,1
18.08.2021 00:11:20.447,6.49326,6.49272,1,1
18.08.2021 00:11:20.746,6.4933000000000005,6.49272,1.2,1.1
18.08.2021 00:11:20.796,6.49331,6.49271,1.1,1.1
18.08.2021 00:11:21.030,6.4933000000000005,6.49275,1.1,1.1
18.08.2021 00:11:21.697,6.49331,6.49274,1,1.1
18.08.2021 00:11:21.748,6.49331,6.49274,1,1.1
18.08.2021 00:11:22.747,6.49331,6.49279,1,1.1
18.08.2021 00:11:24.023,6.49331,6.49279,1,1.1
18.08.2021 00:11:24.899,6.49331,6.49284,1,1.1
18.08.2021 00:11:25.005,6.49331,6.49286,1,1.1
18.08.2021 00:11:25.396,6.49331,6.49289,1,1.1
18.08.2021 00:11:25.617,6.49331,6.492900000000001,1,1
18.08.2021 00:11:26.629,6.4933000000000005,6.49295,1,1
18.08.2021 00:11:26.806,6.4933000000000005,6.492940000000001,1.1,1
18.08.2021 00:11:28.208,6.49331,6.492940000000001,1,1
18.08.2021 00:11:28.258,6.49331,6.49288,1,1.1
18.08.2021 00:11:28.412,6.49331,6.49292,1,1.1
18.08.2021 00:11:30.733,6.49331,6.49286,1,1
18.08.2021 00:11:31.000,6.4933000000000005,6.49289,1,1
18.08.2021 00:11:31.182,6.4933000000000005,6.49287,1,1
18.08.2021 00:11:31.400,6.49317,6.49286,1,1
18.08.2021 00:11:32.654,6.493200000000001,6.49287,1,1
18.08.2021 00:11:32.704,6.493080000000001,6.49287,1,1
18.08.2021 00:11:32.755,6.493250000000001,6.49286,1,1
18.08.2021 00:11:32.806,6.492990000000001,6.49262,1,1
18.08.2021 00:11:33.003,6.49298,6.49261,1,1
18.08.2021 00:11:33.154,6.4926900000000005,6.49262,1,1
18.08.2021 00:11:33.204,6.4927600000000005,6.49237,1,1
18.08.2021 00:11:33.255,6.492540000000001,6.492360000000001,1,1
18.08.2021 00:11:33.406,6.492640000000001,6.49235,1,1
18.08.2021 00:11:33.539,6.492590000000001,6.49235,1,1
18.08.2021 00:11:33.999,6.49275,6.49235,1,1
18.08.2021 00:11:34.150,6.49274,6.492380000000001,1,1
18.08.2021 00:11:34.387,6.49275,6.492380000000001,1,1
18.08.2021 00:11:35.563,6.4927600000000005,6.49237,1,1.1
18.08.2021 00:11:37.308,6.4927600000000005,6.49237,1,1.1
18.08.2021 00:11:37.359,6.4928300000000005,6.4924800000000005,1,1
18.08.2021 00:11:37.409,6.49274,6.4924800000000005,1,1
18.08.2021 00:11:37.460,6.49274,6.4924,1,1
18.08.2021 00:11:37.561,6.49279,6.49251,1,1
18.08.2021 00:11:39.297,6.49279,6.49242,1,1.57
18.08.2021 00:11:39.468,6.4927600000000005,6.49242,1,1
18.08.2021 00:11:39.619,6.49271,6.49242,1,1
18.08.2021 00:11:39.871,6.49267,6.49242,1,1
18.08.2021 00:11:40.355,6.4927,6.4924100000000005,1,1
18.08.2021 00:11:40.538,6.492730000000001,6.4924100000000005,1,1
18.08.2021 00:11:40.653,6.492590000000001,6.4924100000000005,1,1
18.08.2021 00:11:40.905,6.49258,6.49221,1,1
18.08.2021 00:11:41.082,6.49266,6.4922,1,1
18.08.2021 00:11:41.133,6.4927,6.4922,1,1
18.08.2021 00:11:41.184,6.492730000000001,6.4922,1,1
18.08.2021 00:11:41.285,6.492730000000001,6.4922,1,1.35
18.08.2021 00:11:41.398,6.49265,6.492190000000001,1,1.25
18.08.2021 00:11:41.448,6.492780000000001,6.492190000000001,1,1.35
18.08.2021 00:11:41.499,6.49279,6.4924,1,1
18.08.2021 00:11:41.700,6.4928,6.4924,1,1
18.08.2021 00:11:41.801,6.4928300000000005,6.4924100000000005,1,1
18.08.2021 00:11:41.852,6.492730000000001,6.4924100000000005,1,1
18.08.2021 00:11:42.207,6.49274,6.49237,1,1
18.08.2021 00:11:43.210,6.492780000000001,6.4924100000000005,1,1
18.08.2021 00:11:43.261,6.49286,6.4924100000000005,1,1.5
18.08.2021 00:11:43.548,6.4928300000000005,6.4924,1,1.5
18.08.2021 00:11:46.415,6.4928300000000005,6.492430000000001,1,1
18.08.2021 00:11:46.465,6.49281,6.4924100000000005,1,1.5
18.08.2021 00:11:46.516,6.49288,6.49251,1,1
18.08.2021 00:11:46.691,6.49289,6.492450000000001,1,1
18.08.2021 00:11:46.742,6.49292,6.49246,1,1
18.08.2021 00:11:46.792,6.49287,6.49246,1,1
18.08.2021 00:11:46.893,6.49281,6.492380000000001,1,1.1
18.08.2021 00:11:46.944,6.49281,6.492380000000001,1,1
18.08.2021 00:11:47.061,6.492850000000001,6.49237,1,1
18.08.2021 00:11:47.111,6.492730000000001,6.49237,1,1
18.08.2021 00:11:48.122,6.4927,6.49237,1,1
18.08.2021 00:11:49.597,6.49267,6.492380000000001,1,1
18.08.2021 00:12:00.512,6.4927,6.49237,1,1
18.08.2021 00:12:02.296,6.492680000000001,6.49237,1,1
18.08.2021 00:12:09.378,6.49271,6.49237,1,1
18.08.2021 00:12:10.322,6.492730000000001,6.492380000000001,1,1
18.08.2021 00:12:13.864,6.492780000000001,6.49237,1,1
18.08.2021 00:12:16.453,6.49282,6.492430000000001,1,1
18.08.2021 00:12:16.504,6.49289,6.492430000000001,1,1
18.08.2021 00:12:16.656,6.49297,6.492450000000001,1,1.1
18.08.2021 00:12:16.707,6.49292,6.49253,1,1
18.08.2021 00:12:16.808,6.49293,6.49252,1,1.1
18.08.2021 00:12:16.909,6.49296,6.492450000000001,1,1.1
18.08.2021 00:12:17.010,6.49296,6.49246,1,1.2
18.08.2021 00:12:17.301,6.49296,6.492500000000001,1,1.2
18.08.2021 00:12:18.297,6.49295,6.49257,1,1.1
18.08.2021 00:12:18.409,6.49296,6.49257,1.5,1.2
18.08.2021 00:12:18.530,6.49297,6.49256,1.5,1.2
18.08.2021 00:12:19.778,6.49297,6.4925500000000005,1.5,1.1
18.08.2021 00:12:20.489,6.49296,6.49256,1.5,1.2
18.08.2021 00:12:22.283,6.49297,6.49274,1,1
18.08.2021 00:12:22.384,6.49295,6.4927,1,1
18.08.2021 00:12:23.280,6.49295,6.49252,1,1.1
18.08.2021 00:12:23.381,6.492940000000001,6.492540000000001,1,1.1
18.08.2021 00:12:23.637,6.49298,6.492540000000001,1,1.1
18.08.2021 00:12:23.839,6.492990000000001,6.49253,1,1
18.08.2021 00:12:23.930,6.492990000000001,6.49253,1,1.1
18.08.2021 00:12:24.302,6.492940000000001,6.492540000000001,1,1.1
18.08.2021 00:12:24.403,6.492940000000001,6.49253,1,1.1
18.08.2021 00:12:24.454,6.49286,6.49247,1,1
18.08.2021 00:12:24.555,6.492850000000001,6.492430000000001,1,1
18.08.2021 00:12:24.605,6.49282,6.492430000000001,1,1.1
18.08.2021 00:12:24.706,6.49274,6.492430000000001,1,1
18.08.2021 00:12:25.057,6.492780000000001,6.492430000000001,1,1
18.08.2021 00:12:25.478,6.49277,6.492430000000001,1,1
18.08.2021 00:12:26.049,6.49275,6.492430000000001,1,1
18.08.2021 00:12:26.404,6.4927600000000005,6.492430000000001,1,1
18.08.2021 00:12:26.528,6.49272,6.49242,1,1
18.08.2021 00:12:27.130,6.49274,6.492430000000001,1,1
18.08.2021 00:12:27.833,6.49274,6.49242,1,1
18.08.2021 00:12:28.234,6.49275,6.492430000000001,1,1
18.08.2021 00:12:29.737,6.492780000000001,6.492430000000001,1,1
18.08.2021 00:12:35.467,6.492780000000001,6.49244,1,1
18.08.2021 00:12:35.657,6.492780000000001,6.492430000000001,1,1
18.08.2021 00:12:36.294,6.492730000000001,6.492430000000001,1,1
18.08.2021 00:12:36.598,6.49275,6.492430000000001,1,1
18.08.2021 00:12:36.772,6.4928300000000005,6.492430000000001,1,1
18.08.2021 00:12:36.823,6.49274,6.49242,1,1
18.08.2021 00:12:44.128,6.4926900000000005,6.49242,1,1
18.08.2021 00:12:46.247,6.49272,6.49242,1,1
18.08.2021 00:12:46.298,6.49272,6.492240000000001,1,1
18.08.2021 00:12:47.316,6.49271,6.49223,1,1
18.08.2021 00:12:47.796,6.49271,6.49225,1,1
18.08.2021 00:12:48.783,6.49274,6.492240000000001,1,1
18.08.2021 00:12:48.834,6.49274,6.49225,1,1.1
18.08.2021 00:12:49.010,6.49274,6.49223,1,1.1
18.08.2021 00:12:56.091,6.49275,6.49222,1,1.1
18.08.2021 00:12:56.299,6.49277,6.49225,1,1.67
18.08.2021 00:12:56.450,6.49277,6.49226,1,1.1
18.08.2021 00:12:56.500,6.49279,6.4923,1,1.1
18.08.2021 00:12:56.551,6.49282,6.492290000000001,1,1.1
18.08.2021 00:12:56.652,6.4928,6.4923,1,1.1
18.08.2021 00:12:57.304,6.4928,6.49235,1,1
18.08.2021 00:12:57.405,6.492850000000001,6.49235,1,1.1
18.08.2021 00:12:57.455,6.49286,6.49239,1,1.1
18.08.2021 00:12:57.556,6.49286,6.492450000000001,1,1
18.08.2021 00:12:57.658,6.49295,6.49253,1,1
18.08.2021 00:12:57.709,6.49298,6.492540000000001,1,1.1
18.08.2021 00:12:57.810,6.493040000000001,6.492540000000001,1,1.1
18.08.2021 00:12:57.861,6.49292,6.49253,1,1
18.08.2021 00:12:58.040,6.49292,6.49252,1,1.1
18.08.2021 00:12:58.142,6.49289,6.49252,1,1
18.08.2021 00:12:58.284,6.49284,6.49253,1,1
18.08.2021 00:12:58.842,6.49281,6.49252,1,1
18.08.2021 00:13:00.476,6.4928300000000005,6.49253,1,1
18.08.2021 00:13:00.527,6.49288,6.49252,1,1
18.08.2021 00:13:00.661,6.492850000000001,6.49252,1,1
18.08.2021 00:13:01.162,6.4928,6.49253,1,1
18.08.2021 00:13:02.736,6.49284,6.49253,1,1
18.08.2021 00:13:03.287,6.49282,6.49252,1,1
18.08.2021 00:13:08.269,6.49284,6.49252,1,1
18.08.2021 00:13:08.320,6.49281,6.49252,1,1
18.08.2021 00:13:08.480,6.49277,6.49252,1,1
18.08.2021 00:13:13.264,6.49287,6.49252,1,1
18.08.2021 00:13:16.566,6.49289,6.49253,1,1
18.08.2021 00:13:17.793,6.492940000000001,6.49253,1,1
18.08.2021 00:13:18.136,6.492990000000001,6.49253,1,1
18.08.2021 00:13:34.187,6.492990000000001,6.49252,1.1,1
18.08.2021 00:13:35.201,6.49295,6.49252,1.1,1
18.08.2021 00:13:35.263,6.492990000000001,6.49252,1.1,1
18.08.2021 00:13:35.657,6.492990000000001,6.49253,1,1
18.08.2021 00:13:36.294,6.492990000000001,6.492590000000001,1,1
18.08.2021 00:13:36.344,6.49306,6.492590000000001,1.12,1
18.08.2021 00:13:36.395,6.49307,6.4925500000000005,1.12,1.1
18.08.2021 00:13:36.445,6.49306,6.4925500000000005,1,1.1
18.08.2021 00:13:36.567,6.49306,6.4925500000000005,1,1.1
18.08.2021 00:13:36.668,6.49305,6.49253,1,1.1
18.08.2021 00:13:36.718,6.49305,6.49256,1,1.1
18.08.2021 00:13:37.577,6.49305,6.4925500000000005,1,1.1
18.08.2021 00:13:38.988,6.49307,6.49256,1,1.1
18.08.2021 00:13:39.089,6.49307,6.49256,1,1.1
18.08.2021 00:13:39.998,6.493080000000001,6.4925500000000005,1,1.1
18.08.2021 00:13:41.135,6.493080000000001,6.4925500000000005,1,1.1
18.08.2021 00:13:42.165,6.493080000000001,6.4926,1,1
18.08.2021 00:13:43.901,6.49307,6.49256,1,1.1
18.08.2021 00:13:44.478,6.493040000000001,6.4925500000000005,1,1.1
18.08.2021 00:13:44.529,6.493040000000001,6.49252,1,1.1
18.08.2021 00:13:44.579,6.49301,6.49252,1,1.1
18.08.2021 00:13:44.680,6.49301,6.49252,1,1.1
18.08.2021 00:13:44.861,6.49305,6.49253,1,1.1
18.08.2021 00:13:44.911,6.493030000000001,6.4925500000000005,1,1.1
18.08.2021 00:13:45.183,6.49298,6.49253,1.1,1.1
18.08.2021 00:13:47.603,6.492990000000001,6.49252,1.1,1.1
18.08.2021 00:13:52.337,6.492990000000001,6.49252,1.1,1.1
18.08.2021 00:13:53.746,6.492990000000001,6.49252,1.1,1.1
18.08.2021 00:13:56.639,6.493,6.49252,1.1,1.1
18.08.2021 00:14:00.065,6.49297,6.49253,1.1,1.1
18.08.2021 00:14:01.726,6.49297,6.49253,1.1,1.1
18.08.2021 00:14:02.669,6.49297,6.49253,1.1,1.1
18.08.2021 00:14:03.075,6.49295,6.49252,1.1,1.1
18.08.2021 00:14:03.464,6.492940000000001,6.49252,1.1,1.1
18.08.2021 00:14:03.514,6.49293,6.49253,1.1,1.1
18.08.2021 00:14:03.942,6.49292,6.49253,1.1,1.1
18.08.2021 00:14:04.263,6.493,6.49253,1,1.1
18.08.2021 00:14:04.363,6.49301,6.49252,1,1.1
18.08.2021 00:14:06.105,6.493,6.49253,1,1.1
18.08.2021 00:14:07.222,6.49301,6.49252,1,1.1
18.08.2021 00:14:08.217,6.493,6.49253,1,1.1
18.08.2021 00:14:08.954,6.49301,6.49252,1,1.1
18.08.2021 00:14:10.488,6.49301,6.49252,1,1.1
18.08.2021 00:14:10.538,6.49289,6.49253,1,1
18.08.2021 00:14:10.689,6.49284,6.49252,1,1
18.08.2021 00:14:10.969,6.49279,6.49252,1,1
18.08.2021 00:14:11.070,6.4926900000000005,6.49226,1,1.1
18.08.2021 00:14:11.171,6.4926900000000005,6.492240000000001,1,1.1
18.08.2021 00:14:11.321,6.4927,6.49223,1,1.1
18.08.2021 00:14:11.585,6.49274,6.49225,1,1.1
18.08.2021 00:14:11.786,6.49274,6.49225,1,1.1
18.08.2021 00:14:12.259,6.4927,6.49225,1.1,1.1
18.08.2021 00:14:13.049,6.49267,6.492240000000001,1.1,1.1
18.08.2021 00:14:16.259,6.492680000000001,6.49225,1.1,1.1
18.08.2021 00:14:24.241,6.4926900000000005,6.492240000000001,1.1,1.1
18.08.2021 00:14:26.233,6.4926900000000005,6.49227,1.1,1
18.08.2021 00:14:26.335,6.492730000000001,6.49227,1.1,1.1
18.08.2021 00:14:26.435,6.49279,6.49227,1.1,1
18.08.2021 00:14:26.574,6.49282,6.49232,1,1.1
18.08.2021 00:14:26.676,6.49288,6.49239,1.5,1
18.08.2021 00:14:26.777,6.49287,6.49239,1.5,1.1
18.08.2021 00:14:27.741,6.492900000000001,6.492380000000001,1.5,1.5
18.08.2021 00:14:27.960,6.492940000000001,6.49242,1.5,1
18.08.2021 00:14:28.061,6.49296,6.49244,1.5,1
18.08.2021 00:14:30.550,6.49289,6.492430000000001,1.5,1
18.08.2021 00:14:31.811,6.492940000000001,6.492430000000001,1.5,1.1
18.08.2021 00:14:32.597,6.49295,6.49242,1.5,1.1
18.08.2021 00:14:32.648,6.493030000000001,6.4924800000000005,1.87,1.1
18.08.2021 00:14:32.800,6.493080000000001,6.49253,1.5,1
18.08.2021 00:14:32.901,6.49307,6.49261,1,1
18.08.2021 00:14:33.024,6.49307,6.492640000000001,1,1
18.08.2021 00:14:33.821,6.493080000000001,6.4925500000000005,1,1.6
18.08.2021 00:14:34.033,6.49307,6.49256,1,1.6
18.08.2021 00:14:35.606,6.493080000000001,6.4925500000000005,1,1.6
18.08.2021 00:14:47.782,6.493080000000001,6.49256,1,1.1
18.08.2021 00:14:47.883,6.493080000000001,6.49258,1.5,1.1
18.08.2021 00:14:54.053,6.493080000000001,6.49258,1,1.1
18.08.2021 00:14:54.164,6.49307,6.49262,1,1.1
18.08.2021 00:14:54.265,6.493080000000001,6.49261,1,1.1
18.08.2021 00:14:54.453,6.493080000000001,6.49261,1,1.1
18.08.2021 00:14:56.607,6.493080000000001,6.49261,1,1.1
18.08.2021 00:14:56.787,6.493080000000001,6.49257,1,1.1
18.08.2021 00:14:58.084,6.493080000000001,6.49257,1,1.1
18.08.2021 00:15:00.061,6.493080000000001,6.49257,1,1.1
18.08.2021 00:15:01.062,6.49307,6.49258,1,1.1
18.08.2021 00:15:02.083,6.493080000000001,6.49257,1,1.1
18.08.2021 00:15:03.884,6.49307,6.492630000000001,1,1
18.08.2021 00:15:04.388,6.49307,6.492590000000001,1,1.1
18.08.2021 00:15:04.706,6.49307,6.49258,1,1.1
18.08.2021 00:15:05.064,6.49307,6.49262,1,1.1
18.08.2021 00:15:06.275,6.49314,6.49261,1.12,1.1
18.08.2021 00:15:06.325,6.493180000000001,6.49282,1,1
18.08.2021 00:15:06.426,6.49324,6.49296,1.1,1
18.08.2021 00:15:06.476,6.49335,6.49295,1,1
18.08.2021 00:15:06.527,6.493430000000001,6.492990000000001,1.75,1.1
18.08.2021 00:15:06.627,6.4934400000000005,6.49298,1,1.1
18.08.2021 00:15:06.678,6.49347,6.493,1.1,1.1
18.08.2021 00:15:07.194,6.49345,6.49301,1.1,1.1
18.08.2021 00:15:07.295,6.49345,6.49301,1.1,1.1
18.08.2021 00:15:07.497,6.49342,6.49298,1,1.1
18.08.2021 00:15:07.648,6.493380000000001,6.49291,1,1.6
18.08.2021 00:15:07.699,6.4934,6.49296,1,1.57
18.08.2021 00:15:07.984,6.49341,6.49295,1.57,1.6
18.08.2021 00:15:08.136,6.4934,6.49296,1.57,1.57
18.08.2021 00:15:08.853,6.49341,6.49295,1,1.6
18.08.2021 00:15:08.974,6.4934,6.49296,1,1.57
18.08.2021 00:15:09.886,6.49341,6.493,1,1.1
18.08.2021 00:15:12.414,6.49341,6.493030000000001,1,1.1
18.08.2021 00:15:12.515,6.49341,6.493040000000001,1,1.1
18.08.2021 00:15:13.382,6.49341,6.493030000000001,1,1.1
18.08.2021 00:15:13.881,6.4934,6.49301,1,1.1
18.08.2021 00:15:15.162,6.49341,6.49298,1,1.1
18.08.2021 00:15:15.522,6.4934,6.49297,1,1.2
18.08.2021 00:15:15.846,6.49341,6.49297,1,1.2
18.08.2021 00:15:16.087,6.49342,6.49295,1.57,1.57
18.08.2021 00:15:16.251,6.49342,6.49298,1.1,1
18.08.2021 00:15:16.301,6.4934,6.49291,1,1
18.08.2021 00:15:16.352,6.49333,6.49291,1,1
18.08.2021 00:15:16.453,6.49336,6.4930200000000005,1,1
18.08.2021 00:15:16.503,6.4933000000000005,6.49275,1.5,1.5
18.08.2021 00:15:16.554,6.49324,6.49275,1,1
18.08.2021 00:15:16.605,6.49328,6.49275,1,1
18.08.2021 00:15:16.705,6.493340000000001,6.49279,1.5,1
18.08.2021 00:15:16.856,6.493390000000001,6.49282,1.5,1
18.08.2021 00:15:20.037,6.49335,6.49288,1,1
18.08.2021 00:15:31.727,6.49336,6.49286,1,1
18.08.2021 00:15:31.844,6.49336,6.49284,1,1
18.08.2021 00:15:35.538,6.49336,6.4928,1,1.6
18.08.2021 00:15:35.589,6.493340000000001,6.49287,1.5,1
18.08.2021 00:15:36.123,6.49337,6.49284,1,1
18.08.2021 00:15:37.254,6.49337,6.49284,1,1.1
18.08.2021 00:15:44.834,6.493380000000001,6.4928300000000005,1,1
18.08.2021 00:15:46.129,6.49337,6.49281,1,1.6
18.08.2021 00:16:17.609,6.49337,6.49284,1.5,1
18.08.2021 00:16:17.932,6.493380000000001,6.492900000000001,1.5,1
18.08.2021 00:16:20.046,6.49337,6.49291,1,1
18.08.2021 00:16:20.197,6.493380000000001,6.49286,1,1
18.08.2021 00:16:20.803,6.49337,6.49288,1,1
18.08.2021 00:16:20.997,6.493380000000001,6.49289,1,1
18.08.2021 00:16:24.463,6.493380000000001,6.49293,1,1
18.08.2021 00:16:24.597,6.4934,6.492940000000001,1,1
18.08.2021 00:16:33.631,6.4934,6.49297,1,1
18.08.2021 00:16:33.732,6.493390000000001,6.49301,1,1
18.08.2021 00:16:35.434,6.49342,6.49301,1,1
18.08.2021 00:16:35.535,6.4935,6.49301,1.5,1
18.08.2021 00:16:43.300,6.49349,6.493,1.5,1
18.08.2021 00:16:45.647,6.49349,6.493,1.5,1
18.08.2021 00:16:47.566,6.49349,6.49301,1.5,1.1
18.08.2021 00:16:48.047,6.4935,6.493,1.5,1.1
18.08.2021 00:16:48.174,6.4935,6.493,1.5,1
18.08.2021 00:16:50.059,6.49349,6.49301,1.5,1
18.08.2021 00:16:50.464,6.493380000000001,6.493,1,1
18.08.2021 00:16:50.634,6.49341,6.493,1.1,1
18.08.2021 00:16:50.685,6.49332,6.492940000000001,1,1
18.08.2021 00:16:50.786,6.49341,6.492940000000001,1.5,1
18.08.2021 00:16:50.887,6.493390000000001,6.49293,1,1
18.08.2021 00:17:12.073,6.4934,6.49293,1.5,1
18.08.2021 00:17:12.209,6.493390000000001,6.492940000000001,1.5,1.1
18.08.2021 00:17:14.006,6.493430000000001,6.49295,1,1
18.08.2021 00:17:14.346,6.493430000000001,6.492940000000001,1,1.1
18.08.2021 00:17:15.766,6.4934,6.492940000000001,1.5,1
18.08.2021 00:17:15.942,6.493390000000001,6.49293,1,1
18.08.2021 00:17:16.686,6.49342,6.49293,1.5,1
18.08.2021 00:17:26.565,6.49342,6.49291,1,1.1
18.08.2021 00:17:26.616,6.4934,6.49292,1.5,1.1
18.08.2021 00:17:26.767,6.493390000000001,6.49292,1.12,1.1
18.08.2021 00:17:26.929,6.493390000000001,6.49292,1.12,1.1
18.08.2021 00:17:29.561,6.49342,6.492940000000001,1,1.6
18.08.2021 00:17:29.611,6.49341,6.492940000000001,1.5,1.1
18.08.2021 00:17:29.662,6.49335,6.49292,1,1.1
18.08.2021 00:17:29.763,6.49342,6.49291,1.5,1.1
18.08.2021 00:17:30.922,6.49341,6.49292,1.62,1.1
18.08.2021 00:17:31.995,6.493390000000001,6.49291,1,1.1
18.08.2021 00:17:32.096,6.493390000000001,6.49291,1,1.1
18.08.2021 00:17:32.197,6.49341,6.49291,1.5,1.1
18.08.2021 00:17:32.389,6.49342,6.49292,1,1.1
18.08.2021 00:17:34.134,6.4934,6.49292,1.5,1.1
18.08.2021 00:17:47.658,6.49337,6.49292,1,1.1
18.08.2021 00:17:48.108,6.49337,6.49292,1,1.1
18.08.2021 00:17:50.655,6.49337,6.49292,1,1.1
18.08.2021 00:17:56.118,6.49337,6.49292,1,1.1
18.08.2021 00:17:56.485,6.4934,6.49289,1,1.1
18.08.2021 00:17:56.847,6.493380000000001,6.49289,1,1.1
18.08.2021 00:17:56.978,6.493340000000001,6.49289,1,1.1
18.08.2021 00:17:57.308,6.493340000000001,6.492850000000001,1,1.6
18.08.2021 00:17:57.409,6.49335,6.49284,1,1.6
18.08.2021 00:17:57.459,6.49331,6.49284,1,1.6
18.08.2021 00:17:57.571,6.4933000000000005,6.492850000000001,1,1.6
18.08.2021 00:17:57.672,6.4933000000000005,6.49288,1,1.1
18.08.2021 00:17:58.043,6.4933000000000005,6.49288,1,1.1
18.08.2021 00:18:05.852,6.4933000000000005,6.49288,1,1.1
18.08.2021 00:18:07.443,6.49335,6.49289,1,1.1
18.08.2021 00:18:07.494,6.49335,6.49289,1,1.1
18.08.2021 00:18:07.699,6.49335,6.49287,1,1.1
18.08.2021 00:18:08.200,6.493340000000001,6.49292,1,1
18.08.2021 00:18:08.749,6.49337,6.49292,1,1.1
18.08.2021 00:18:08.800,6.49335,6.49291,1,1
18.08.2021 00:18:18.421,6.49335,6.492940000000001,1,1
18.08.2021 00:18:19.058,6.493380000000001,6.492940000000001,1,1
18.08.2021 00:18:23.401,6.493340000000001,6.49286,1,1.1
18.08.2021 00:18:23.502,6.49319,6.49281,1,1
18.08.2021 00:18:27.718,6.49314,6.49258,1,1
18.08.2021 00:18:27.769,6.49295,6.49251,1,1
18.08.2021 00:18:27.819,6.49291,6.492360000000001,1,2
18.08.2021 00:18:27.920,6.49291,6.492360000000001,1,1.5
18.08.2021 00:18:28.187,6.49291,6.492430000000001,1,1
18.08.2021 00:18:28.543,6.49293,6.492430000000001,1,1
18.08.2021 00:18:32.932,6.49293,6.49244,1,1
18.08.2021 00:18:42.344,6.49296,6.492430000000001,1.12,1.5
18.08.2021 00:18:42.394,6.493080000000001,6.492630000000001,1,1.1
18.08.2021 00:18:42.445,6.493080000000001,6.49265,1,1
18.08.2021 00:18:42.495,6.4930200000000005,6.49266,1,1
18.08.2021 00:18:42.596,6.49301,6.49266,1,1
18.08.2021 00:18:42.718,6.493030000000001,6.49265,1,1
18.08.2021 00:18:43.000,6.49301,6.49265,1,1
18.08.2021 00:18:43.082,6.49305,6.49265,1,1
18.08.2021 00:18:43.183,6.49307,6.49265,1,1
18.08.2021 00:18:43.233,6.493040000000001,6.49266,1,1
18.08.2021 00:18:43.546,6.493110000000001,6.49265,1.12,1
18.08.2021 00:18:44.597,6.493110000000001,6.49265,1.5,1
18.08.2021 00:18:47.140,6.4931,6.49266,1.6,1
18.08.2021 00:18:49.036,6.49306,6.49262,1,1
18.08.2021 00:18:49.137,6.49305,6.49257,1,1
18.08.2021 00:18:49.187,6.493,6.49257,1,1
18.08.2021 00:18:49.394,6.49305,6.49257,1,1
18.08.2021 00:18:49.495,6.49306,6.49256,1,1.25
18.08.2021 00:18:49.546,6.49306,6.49256,1,1
18.08.2021 00:18:54.368,6.49306,6.4926,1,1
18.08.2021 00:18:54.419,6.493250000000001,6.49272,1.5,1
18.08.2021 00:18:54.469,6.49322,6.49272,1,1
18.08.2021 00:18:54.736,6.4932300000000005,6.49272,1,1
18.08.2021 00:18:54.885,6.49327,6.49272,1.1,1
18.08.2021 00:18:55.139,6.49317,6.49272,1,1
18.08.2021 00:18:55.240,6.4931600000000005,6.4927,1,1
18.08.2021 00:18:55.598,6.4931600000000005,6.4927,1.1,1
18.08.2021 00:19:00.428,6.493110000000001,6.4926900000000005,1,1
18.08.2021 00:19:00.479,6.493,6.49249,1,1
18.08.2021 00:19:00.529,6.49298,6.4924800000000005,1,1
18.08.2021 00:19:00.994,6.49297,6.4924800000000005,1,1
18.08.2021 00:19:01.095,6.4928,6.4924800000000005,1,1
18.08.2021 00:19:01.893,6.49282,6.4924800000000005,1,1
18.08.2021 00:19:01.944,6.49286,6.49249,1,1
18.08.2021 00:19:02.251,6.49282,6.49249,1,1
18.08.2021 00:19:05.697,6.49286,6.4924800000000005,1.6,1
18.08.2021 00:19:06.107,6.492850000000001,6.49249,1.5,1
18.08.2021 00:19:07.938,6.4928,6.4924800000000005,1,1
18.08.2021 00:19:11.518,6.49284,6.49249,1.6,1
18.08.2021 00:19:12.124,6.492900000000001,6.49249,1.5,1
18.08.2021 00:19:15.927,6.492850000000001,6.49249,1,1
18.08.2021 00:19:16.138,6.49286,6.4924800000000005,1.5,1
18.08.2021 00:19:19.216,6.49287,6.4924800000000005,1,1
18.08.2021 00:19:19.749,6.49291,6.4924800000000005,1.5,1
18.08.2021 00:19:30.182,6.49289,6.49249,1.5,1
18.08.2021 00:19:32.193,6.49289,6.49249,1.5,1
18.08.2021 00:19:33.194,6.49289,6.49249,1.5,1
18.08.2021 00:19:33.244,6.49289,6.49242,1.5,1.5
18.08.2021 00:19:42.227,6.492850000000001,6.4924100000000005,1.5,1.5
18.08.2021 00:19:45.317,6.49286,6.4924100000000005,1.1,1.5
18.08.2021 00:19:45.546,6.49284,6.4924100000000005,1.1,1.5
18.08.2021 00:19:45.918,6.49281,6.49242,1.1,1.5
18.08.2021 00:19:45.968,6.492850000000001,6.49242,1.1,1.5
18.08.2021 00:19:46.019,6.49287,6.49242,1.2,1.5
18.08.2021 00:19:48.094,6.49289,6.49242,1.1,1.5
18.08.2021 00:19:51.439,6.49288,6.4924100000000005,1.1,1.5
18.08.2021 00:19:52.458,6.49284,6.49242,1.1,1.5
18.08.2021 00:19:52.559,6.49284,6.49244,1.1,1
18.08.2021 00:19:57.031,6.49286,6.49244,1.1,1
18.08.2021 00:19:57.182,6.49288,6.492430000000001,1,1.1
18.08.2021 00:19:57.976,6.49288,6.492430000000001,1,1.1
18.08.2021 00:20:01.262,6.49291,6.4924800000000005,1,1
18.08.2021 00:20:01.514,6.49297,6.49247,1.5,1.1
18.08.2021 00:20:01.684,6.49297,6.49247,1.5,1.1
18.08.2021 00:20:02.001,6.49296,6.49251,2.07,1.1
18.08.2021 00:20:02.252,6.49296,6.49251,1.57,1.1
18.08.2021 00:20:02.699,6.49296,6.49253,1.57,1
18.08.2021 00:20:02.800,6.49296,6.492540000000001,1.57,1
18.08.2021 00:20:03.517,6.49297,6.4925500000000005,1,1.1
18.08.2021 00:20:04.608,6.49296,6.49258,1,1.1
18.08.2021 00:20:04.709,6.49296,6.492540000000001,1,1.1
18.08.2021 00:20:05.069,6.49297,6.4925500000000005,1,1.1
18.08.2021 00:20:05.332,6.49297,6.49253,1,1.1
18.08.2021 00:20:07.379,6.49296,6.49253,1.1,1
18.08.2021 00:20:08.080,6.49292,6.49253,1.1,1
18.08.2021 00:20:08.131,6.49293,6.492540000000001,1.1,1
18.08.2021 00:20:08.387,6.49295,6.492540000000001,1.1,1
18.08.2021 00:20:09.119,6.49296,6.492540000000001,1.57,1
18.08.2021 00:20:09.266,6.49296,6.49253,1.57,1.57
18.08.2021 00:20:10.025,6.49297,6.49253,1,1.1
18.08.2021 00:20:12.063,6.49297,6.49252,1,1.57
18.08.2021 00:20:13.513,6.49295,6.49253,1.1,1
18.08.2021 00:20:14.271,6.49292,6.49253,1.1,1
18.08.2021 00:20:14.322,6.49295,6.49253,1.1,1
18.08.2021 00:20:14.641,6.492940000000001,6.49252,1.1,1
18.08.2021 00:20:15.918,6.49291,6.49252,1.1,1
18.08.2021 00:20:19.075,6.49288,6.49253,1.1,1
18.08.2021 00:20:21.865,6.49286,6.49253,1.1,1
18.08.2021 00:20:27.215,6.4928300000000005,6.49252,1.1,1
18.08.2021 00:20:27.265,6.49282,6.492450000000001,1.1,1
18.08.2021 00:20:27.368,6.4928300000000005,6.492450000000001,1.1,1
18.08.2021 00:20:27.608,6.49288,6.49244,1.1,1.1
18.08.2021 00:20:29.708,6.492900000000001,6.49246,1.1,1.1
18.08.2021 00:20:32.951,6.492900000000001,6.49249,1.1,1.1
18.08.2021 00:20:37.489,6.49296,6.4925500000000005,1,1.1
18.08.2021 00:20:37.590,6.493,6.4925500000000005,1.12,1
18.08.2021 00:20:37.691,6.492990000000001,6.4925500000000005,1.12,1.1
18.08.2021 00:20:38.145,6.49296,6.4925500000000005,1.57,1.1
18.08.2021 00:20:38.298,6.49297,6.492540000000001,1.57,1.1
18.08.2021 00:20:38.612,6.49296,6.4925500000000005,1.57,1.1
18.08.2021 00:20:39.231,6.492940000000001,6.4925500000000005,1.1,1.1
18.08.2021 00:20:39.424,6.49295,6.492540000000001,1.1,1.1
18.08.2021 00:20:41.673,6.49295,6.492540000000001,1.1,1.1
18.08.2021 00:20:47.785,6.49292,6.492540000000001,1.1,1.1
18.08.2021 00:20:47.925,6.49293,6.4925500000000005,1.1,1.1
18.08.2021 00:20:51.872,6.49295,6.492540000000001,1.1,1.1
18.08.2021 00:20:54.054,6.49296,6.4925500000000005,1.57,1.1
18.08.2021 00:20:55.501,6.492940000000001,6.4925500000000005,1.1,1.1
18.08.2021 00:20:58.028,6.49297,6.492540000000001,1.12,1.65
18.08.2021 00:20:58.091,6.49296,6.4925500000000005,1.12,1.67
18.08.2021 00:21:02.467,6.493,6.492540000000001,1.1,1.67
18.08.2021 00:21:02.756,6.49298,6.492540000000001,1.1,1.1
18.08.2021 00:21:02.806,6.49298,6.492540000000001,1.1,1.1
18.08.2021 00:21:03.642,6.49292,6.4925500000000005,1.1,1.1
18.08.2021 00:21:04.009,6.49297,6.492540000000001,1.1,1
18.08.2021 00:21:04.167,6.49296,6.4925500000000005,1.1,1.1
18.08.2021 00:21:04.289,6.492940000000001,6.492540000000001,1.1,1.1
18.08.2021 00:21:04.522,6.49293,6.4925500000000005,1.1,1
18.08.2021 00:21:04.764,6.49296,6.4925500000000005,1.1,1
18.08.2021 00:21:05.017,6.49296,6.4925500000000005,1.1,1.1
18.08.2021 00:21:06.098,6.492940000000001,6.492540000000001,1.1,1.1
18.08.2021 00:21:06.214,6.49293,6.4925500000000005,1.1,1
18.08.2021 00:21:07.099,6.49292,6.492540000000001,1.1,1
18.08.2021 00:21:07.150,6.49297,6.492540000000001,1.1,1
18.08.2021 00:21:07.457,6.49296,6.4925500000000005,1.1,1.1
18.08.2021 00:21:10.254,6.49298,6.4925500000000005,1.1,1.67
18.08.2021 00:21:10.889,6.49296,6.4925500000000005,1.1,1.1
18.08.2021 00:21:15.940,6.493,6.4925500000000005,1.1,1.2
18.08.2021 00:21:18.522,6.492990000000001,6.4925500000000005,1,1.1
18.08.2021 00:21:23.011,6.493,6.492680000000001,1,1
18.08.2021 00:21:32.607,6.493,6.49267,1,1
18.08.2021 00:21:32.658,6.493,6.492640000000001,1,1
18.08.2021 00:21:32.778,6.492990000000001,6.492730000000001,1,1
18.08.2021 00:21:33.568,6.493,6.4927,1,1
18.08.2021 00:21:53.060,6.493,6.49267,1,1
18.08.2021 00:21:53.111,6.493,6.492630000000001,1,1
18.08.2021 00:21:54.739,6.493130000000001,6.492630000000001,1.5,1.5
18.08.2021 00:21:54.840,6.49315,6.492640000000001,1.1,1
18.08.2021 00:21:55.271,6.4931600000000005,6.492640000000001,1.1,1
18.08.2021 00:21:55.759,6.49315,6.49265,1.1,1.1
18.08.2021 00:21:56.768,6.49315,6.492640000000001,1.7,1.1
18.08.2021 00:21:56.981,6.49315,6.492640000000001,1.6,1
18.08.2021 00:21:59.772,6.49314,6.49265,1.6,1
18.08.2021 00:22:00.778,6.49314,6.49265,1.5,1
18.08.2021 00:22:01.789,6.49314,6.492640000000001,1.5,1
18.08.2021 00:22:03.786,6.493130000000001,6.49265,1.12,1
18.08.2021 00:22:03.887,6.493130000000001,6.492630000000001,1.12,1.5
18.08.2021 00:22:04.824,6.49314,6.49262,1.6,1.5
18.08.2021 00:22:06.658,6.493080000000001,6.49262,1.1,1
18.08.2021 00:22:06.844,6.49306,6.492630000000001,1.1,1
18.08.2021 00:22:07.328,6.493080000000001,6.492630000000001,1.1,1
18.08.2021 00:22:07.562,6.493110000000001,6.4926900000000005,1.1,1
18.08.2021 00:22:09.192,6.493110000000001,6.492630000000001,1.1,1.5
18.08.2021 00:22:11.868,6.493110000000001,6.49265,1.1,1
18.08.2021 00:22:12.481,6.493110000000001,6.492630000000001,1.1,1
18.08.2021 00:22:12.636,6.493110000000001,6.49262,1.1,1
18.08.2021 00:22:12.964,6.4931,6.492630000000001,1.2,1
18.08.2021 00:22:13.625,6.49306,6.492630000000001,1.1,1
18.08.2021 00:22:14.523,6.4931,6.49262,1.2,1
18.08.2021 00:22:18.482,6.49306,6.492630000000001,1.1,1
18.08.2021 00:22:19.206,6.49306,6.49262,1.1,1
18.08.2021 00:22:23.003,6.492990000000001,6.492630000000001,1.1,1
18.08.2021 00:22:23.483,6.493030000000001,6.49262,1.1,1
18.08.2021 00:22:23.808,6.493040000000001,6.492630000000001,1.1,1
18.08.2021 00:22:25.014,6.4930200000000005,6.49262,1.1,1
18.08.2021 00:22:25.641,6.49301,6.49262,1.1,1
18.08.2021 00:22:25.742,6.49298,6.49262,1.1,1
18.08.2021 00:22:26.082,6.4930200000000005,6.49261,1.1,1
18.08.2021 00:22:27.682,6.49301,6.49261,1.1,1
18.08.2021 00:22:28.814,6.49305,6.49261,1.1,1
18.08.2021 00:22:28.915,6.49305,6.4926,1.1,1.1
18.08.2021 00:22:29.114,6.49301,6.49261,1.1,1.1
18.08.2021 00:22:30.125,6.49301,6.4926,1.1,1.1
18.08.2021 00:22:31.047,6.4930200000000005,6.49261,1.1,1.1
18.08.2021 00:22:31.274,6.493,6.49261,1.1,1.1
18.08.2021 00:22:31.445,6.4930200000000005,6.492640000000001,1.1,1
18.08.2021 00:22:31.546,6.49305,6.49271,1.1,1
18.08.2021 00:22:31.647,6.49305,6.49266,1.1,1
18.08.2021 00:22:31.817,6.49306,6.492640000000001,1.1,1
18.08.2021 00:22:32.167,6.493030000000001,6.49265,1.1,1
18.08.2021 00:22:37.654,6.493040000000001,6.492640000000001,1.1,1.1
18.08.2021 00:22:37.755,6.493040000000001,6.492640000000001,1.1,1.1
18.08.2021 00:22:39.127,6.49301,6.492640000000001,1.1,1.1
18.08.2021 00:22:39.848,6.4930200000000005,6.49267,1.1,1.1
18.08.2021 00:22:40.493,6.49305,6.49267,1.1,1.1
18.08.2021 00:22:40.740,6.493080000000001,6.49266,1.1,1.1
18.08.2021 00:22:47.705,6.4930900000000005,6.49266,1.1,1.1
18.08.2021 00:22:52.791,6.4930900000000005,6.49266,1.1,1.1
18.08.2021 00:22:54.212,6.4930900000000005,6.49266,1.1,1.1
18.08.2021 00:22:55.128,6.493,6.49267,1.1,1.1
18.08.2021 00:22:55.229,6.493,6.49266,1.1,1
18.08.2021 00:22:55.380,6.49301,6.49267,1.1,1
18.08.2021 00:22:55.533,6.4930200000000005,6.49267,1.1,1
18.08.2021 00:22:55.854,6.49306,6.49266,1.1,1.1
18.08.2021 00:22:56.658,6.49306,6.49267,1.1,1.1
18.08.2021 00:22:57.655,6.4931,6.49266,1.1,1.1
18.08.2021 00:22:59.715,6.493110000000001,6.49266,1.1,1.1
18.08.2021 00:23:01.075,6.493110000000001,6.49267,1.1,1
18.08.2021 00:23:03.258,6.49307,6.492680000000001,1.1,1
18.08.2021 00:23:08.828,6.4930900000000005,6.49265,1.1,1.1
18.08.2021 00:23:08.929,6.4931,6.492640000000001,1.1,1.1
18.08.2021 00:23:09.434,6.49306,6.49265,1.1,1.1
18.08.2021 00:23:11.068,6.49305,6.49265,1.1,1.1
18.08.2021 00:23:11.385,6.493030000000001,6.492640000000001,1.1,1.1
18.08.2021 00:23:11.669,6.493040000000001,6.49265,1.1,1.1
18.08.2021 00:23:12.827,6.49305,6.49265,1.1,1.1
18.08.2021 00:23:15.247,6.49305,6.49265,1.1,1.1
18.08.2021 00:23:16.476,6.49305,6.49265,1.1,1.1
18.08.2021 00:23:18.578,6.49306,6.492680000000001,1.1,1
18.08.2021 00:23:18.629,6.4932300000000005,6.4926900000000005,1.65,1
18.08.2021 00:23:18.987,6.493130000000001,6.492900000000001,1,1
18.08.2021 00:23:19.088,6.49322,6.492990000000001,1,1
18.08.2021 00:23:19.138,6.4932300000000005,6.49296,1,1
18.08.2021 00:23:19.189,6.49335,6.49293,1.1,1
18.08.2021 00:23:19.290,6.493340000000001,6.49291,1.1,1
18.08.2021 00:23:19.340,6.493340000000001,6.49289,1.1,1
18.08.2021 00:23:19.391,6.493340000000001,6.49289,1.1,1
18.08.2021 00:23:19.558,6.49332,6.49289,1.1,1
18.08.2021 00:23:19.923,6.49333,6.49288,1.1,1
18.08.2021 00:23:20.025,6.49332,6.49289,1.6,1
18.08.2021 00:23:20.275,6.49333,6.49288,1.1,1
18.08.2021 00:23:20.326,6.49332,6.49289,1.1,1
18.08.2021 00:23:20.427,6.49331,6.49292,1.1,1
18.08.2021 00:23:20.528,6.49327,6.49293,1,1
18.08.2021 00:23:24.138,6.49327,6.49288,1,1
18.08.2021 00:23:24.239,6.49346,6.49296,2.15,1
18.08.2021 00:23:24.290,6.493430000000001,6.49297,1.1,1
18.08.2021 00:23:24.442,6.49336,6.49297,1,1
18.08.2021 00:23:24.543,6.49333,6.492850000000001,1.1,1
18.08.2021 00:23:24.695,6.4933000000000005,6.492850000000001,1.1,1
18.08.2021 00:23:24.865,6.49327,6.49286,1.1,1
18.08.2021 00:23:25.050,6.49328,6.492850000000001,1.1,1
18.08.2021 00:23:25.616,6.49327,6.49286,1.1,1
18.08.2021 00:23:27.069,6.49327,6.49286,1.1,1
18.08.2021 00:23:29.009,6.49327,6.49286,1.1,1
18.08.2021 00:23:30.827,6.49328,6.492850000000001,1.1,1
18.08.2021 00:23:31.198,6.49327,6.49286,1.1,1
18.08.2021 00:23:35.977,6.49327,6.49293,1.1,1
18.08.2021 00:23:38.883,6.4934,6.492990000000001,1.6,1
18.08.2021 00:23:38.934,6.49346,6.49306,1.1,1
18.08.2021 00:23:38.984,6.49337,6.493030000000001,1,1
18.08.2021 00:23:39.085,6.49336,6.49297,1.1,1
18.08.2021 00:23:39.186,6.493290000000001,6.49295,1,1
18.08.2021 00:23:39.237,6.4933000000000005,6.49292,1,1
18.08.2021 00:23:39.388,6.493340000000001,6.49287,1.6,1.5
18.08.2021 00:23:39.438,6.49315,6.49286,1,1
18.08.2021 00:23:47.080,6.49315,6.49279,1,1
18.08.2021 00:23:50.278,6.493130000000001,6.4928,1.1,1
18.08.2021 00:23:50.462,6.49314,6.4928,1,1
18.08.2021 00:23:53.691,6.493180000000001,6.49282,1,1
18.08.2021 00:23:53.741,6.49317,6.4928,1,1
18.08.2021 00:23:53.792,6.49314,6.4928,1,1
18.08.2021 00:23:54.146,6.49319,6.4928,1,1
18.08.2021 00:23:54.196,6.493200000000001,6.49291,1,1
18.08.2021 00:23:54.247,6.4933000000000005,6.49291,1.1,1
18.08.2021 00:23:54.348,6.49331,6.49286,1,1.5
18.08.2021 00:23:54.399,6.4934400000000005,6.49293,1.6,1
18.08.2021 00:23:54.449,6.4934400000000005,6.492990000000001,1.1,1
18.08.2021 00:23:54.500,6.49342,6.49293,1.1,1.5
18.08.2021 00:23:54.600,6.49341,6.492940000000001,1,1
18.08.2021 00:23:54.651,6.493340000000001,6.492940000000001,1.1,1
18.08.2021 00:23:54.802,6.49331,6.492900000000001,1.6,1
18.08.2021 00:23:54.852,6.493390000000001,6.492940000000001,1.1,1
18.08.2021 00:23:54.903,6.49341,6.493,1.1,1
18.08.2021 00:23:54.954,6.4934,6.49301,1,1.5
18.08.2021 00:23:55.055,6.493480000000001,6.49301,1.2,1
18.08.2021 00:23:55.188,6.493390000000001,6.49296,1.1,1
18.08.2021 00:23:55.289,6.4933000000000005,6.492940000000001,1.1,1
18.08.2021 00:23:55.390,6.49327,6.49289,1.1,1
18.08.2021 00:23:55.491,6.4932300000000005,6.4928300000000005,1,1.5
18.08.2021 00:23:55.696,6.4932300000000005,6.492850000000001,1,1.1
18.08.2021 00:23:55.797,6.49322,6.49292,1,1.1
18.08.2021 00:23:55.898,6.49322,6.49292,1,1
18.08.2021 00:23:55.949,6.4932300000000005,6.49288,1,1
18.08.2021 00:23:55.999,6.4932300000000005,6.49288,1,1.1
18.08.2021 00:23:56.050,6.4934400000000005,6.49298,1.1,1.1
18.08.2021 00:23:56.100,6.4934,6.49298,1,1
18.08.2021 00:23:56.201,6.49319,6.49292,1,1
18.08.2021 00:23:56.302,6.493200000000001,6.492940000000001,1,1
18.08.2021 00:23:56.353,6.49319,6.49292,1,1
18.08.2021 00:23:58.536,6.49317,6.49291,1.1,1
18.08.2021 00:23:58.587,6.493200000000001,6.49291,1.1,1
18.08.2021 00:23:58.680,6.493290000000001,6.49292,1.1,1
18.08.2021 00:23:58.731,6.493290000000001,6.49292,1.1,1
18.08.2021 00:23:58.882,6.49328,6.49291,1,1
18.08.2021 00:23:58.982,6.493290000000001,6.49292,1,1
18.08.2021 00:23:59.790,6.493430000000001,6.49298,1.12,1
18.08.2021 00:24:00.010,6.493510000000001,6.492990000000001,1.2,1
18.08.2021 00:24:00.197,6.49352,6.493,1.2,1.1
18.08.2021 00:24:00.348,6.493510000000001,6.493030000000001,1.2,1.1
18.08.2021 00:24:00.468,6.493530000000001,6.4930900000000005,1.3,1
18.08.2021 00:24:00.519,6.49355,6.493080000000001,1.6,1
18.08.2021 00:24:00.624,6.49354,6.4930900000000005,1.5,1
18.08.2021 00:24:00.918,6.493530000000001,6.4930200000000005,1.1,1.2
18.08.2021 00:24:01.056,6.49352,6.493030000000001,1.1,1.2
18.08.2021 00:24:01.107,6.4935,6.49301,1.1,1.67
18.08.2021 00:24:01.332,6.49346,6.4930200000000005,1.1,1.67
18.08.2021 00:24:01.885,6.4934400000000005,6.49301,1.1,1.1
18.08.2021 00:24:02.737,6.49341,6.4930200000000005,1.1,1.1
18.08.2021 00:24:02.987,6.49341,6.4930200000000005,1.1,1.1
18.08.2021 00:24:03.038,6.49341,6.49301,1.1,1.2
18.08.2021 00:24:03.138,6.49341,6.49298,1.1,1
18.08.2021 00:24:03.239,6.49342,6.4928300000000005,1.1,1.1
18.08.2021 00:24:03.290,6.4933000000000005,6.49279,1,1.6
18.08.2021 00:24:03.442,6.4933000000000005,6.49279,1,1.6
18.08.2021 00:24:03.593,6.493290000000001,6.492780000000001,1,1.6
18.08.2021 00:24:03.694,6.49342,6.49292,1.1,1.1
18.08.2021 00:24:03.744,6.493430000000001,6.49291,1.1,1.1
18.08.2021 00:24:03.888,6.49341,6.49292,1.1,1.1
18.08.2021 00:24:04.078,6.49342,6.49291,1.1,1.1
18.08.2021 00:24:04.179,6.493430000000001,6.492940000000001,1.1,1.1
18.08.2021 00:24:04.666,6.493430000000001,6.49296,1.1,1.2
18.08.2021 00:24:04.717,6.4934400000000005,6.49298,1.1,1.1
18.08.2021 00:24:04.999,6.4934400000000005,6.49301,1.1,1.1
18.08.2021 00:24:05.502,6.4934400000000005,6.49298,1.1,1.1
18.08.2021 00:24:05.553,6.49345,6.492990000000001,1,1.1
18.08.2021 00:24:05.670,6.49346,6.49307,1,1.5
18.08.2021 00:24:06.137,6.49354,6.493080000000001,1.5,1.57
18.08.2021 00:24:06.188,6.49354,6.4930900000000005,1,1.1
18.08.2021 00:24:06.368,6.49354,6.4931,1,1.1
18.08.2021 00:24:06.497,6.49361,6.4931,1.7,1.1
18.08.2021 00:24:06.573,6.49362,6.4930900000000005,1.2,1.1
18.08.2021 00:24:06.674,6.49359,6.4931,1.6,1.1
18.08.2021 00:24:07.170,6.493530000000001,6.4931,1.1,1.1
18.08.2021 00:24:07.220,6.493530000000001,6.493080000000001,1.1,1.1
18.08.2021 00:24:07.610,6.4935,6.4930900000000005,1.1,1
18.08.2021 00:24:09.394,6.493480000000001,6.4930900000000005,1.1,1
18.08.2021 00:24:10.029,6.493480000000001,6.493110000000001,1.1,1
18.08.2021 00:24:10.130,6.49349,6.493080000000001,1.1,1
18.08.2021 00:24:12.618,6.49345,6.4930900000000005,1.1,1
18.08.2021 00:24:12.669,6.493480000000001,6.493080000000001,1.1,1
18.08.2021 00:24:13.349,6.49346,6.4930900000000005,1.1,1
18.08.2021 00:24:18.744,6.49347,6.4930900000000005,1.1,1
18.08.2021 00:24:21.756,6.49347,6.4931,1.1,1
18.08.2021 00:24:21.807,6.49355,6.493130000000001,1.1,1
18.08.2021 00:24:22.036,6.49354,6.493130000000001,1.1,1
18.08.2021 00:24:22.140,6.493530000000001,6.49315,1.1,1
18.08.2021 00:24:22.241,6.49352,6.49315,1.1,1
18.08.2021 00:24:22.431,6.4935,6.49315,1.1,1
18.08.2021 00:24:22.689,6.493480000000001,6.49315,1.1,1
18.08.2021 00:24:22.852,6.49347,6.49315,1.1,1
18.08.2021 00:24:23.413,6.49346,6.49314,1.1,1
18.08.2021 00:24:23.636,6.49345,6.4931,1.1,1
18.08.2021 00:24:23.687,6.49346,6.493110000000001,1.1,1
18.08.2021 00:24:24.022,6.49346,6.493080000000001,1.1,1.5
18.08.2021 00:24:24.072,6.49345,6.49312,1.1,1
18.08.2021 00:24:24.725,6.49347,6.49312,1.1,1
18.08.2021 00:24:25.004,6.49346,6.493110000000001,1.1,1
18.08.2021 00:24:25.542,6.493480000000001,6.493110000000001,1.1,1
18.08.2021 00:24:26.273,6.49349,6.493110000000001,1.1,1
18.08.2021 00:24:26.603,6.49345,6.49312,1.1,1
18.08.2021 00:24:26.704,6.49345,6.493110000000001,1.1,1
18.08.2021 00:24:26.805,6.4934400000000005,6.4931,1.1,1
18.08.2021 00:24:26.855,6.493430000000001,6.4930900000000005,1.1,1
18.08.2021 00:24:27.006,6.49342,6.493080000000001,1.1,1
18.08.2021 00:24:27.203,6.4934,6.493080000000001,1,1
18.08.2021 00:24:27.354,6.493390000000001,6.493080000000001,1.1,1
18.08.2021 00:24:27.532,6.493390000000001,6.4930900000000005,1.1,1
18.08.2021 00:24:28.026,6.49337,6.4930900000000005,1.1,1
18.08.2021 00:24:28.698,6.49337,6.493080000000001,1.1,1
18.08.2021 00:24:29.060,6.493340000000001,6.4930900000000005,1.1,1
18.08.2021 00:24:29.610,6.49332,6.4930900000000005,1.1,1
18.08.2021 00:24:33.166,6.493340000000001,6.4930900000000005,1.1,1
18.08.2021 00:24:35.557,6.49332,6.493080000000001,1.1,1
18.08.2021 00:24:36.862,6.49332,6.4930900000000005,1.1,1
18.08.2021 00:24:42.027,6.49341,6.4930900000000005,1.1,1
18.08.2021 00:24:42.180,6.49347,6.4930900000000005,1.6,1
18.08.2021 00:24:42.231,6.493480000000001,6.493080000000001,1.5,1
18.08.2021 00:24:42.366,6.49347,6.4930900000000005,1.1,1
18.08.2021 00:24:42.624,6.49345,6.493080000000001,1.1,1
18.08.2021 00:24:43.624,6.49342,6.493080000000001,1.1,1
18.08.2021 00:24:44.571,6.493380000000001,6.4930900000000005,1.1,1
18.08.2021 00:24:45.833,6.49337,6.493080000000001,1.1,1
18.08.2021 00:24:46.473,6.4934,6.493080000000001,1.1,1
18.08.2021 00:24:47.224,6.49336,6.4930900000000005,1.1,1
18.08.2021 00:24:47.828,6.493390000000001,6.493080000000001,1.1,1
18.08.2021 00:24:49.915,6.49336,6.493080000000001,1.1,1
18.08.2021 00:24:50.389,6.493390000000001,6.4930900000000005,1.57,1
18.08.2021 00:24:52.773,6.493380000000001,6.493080000000001,1.1,1
18.08.2021 00:24:53.992,6.4934,6.493080000000001,1.2,1
18.08.2021 00:24:54.043,6.493430000000001,6.4930900000000005,1.2,1
18.08.2021 00:24:54.094,6.49345,6.4930900000000005,1.1,1
18.08.2021 00:24:54.459,6.49345,6.493080000000001,1.1,1
18.08.2021 00:24:55.970,6.493430000000001,6.4930900000000005,1.1,1
18.08.2021 00:24:56.957,6.4934,6.4930900000000005,1.1,1
18.08.2021 00:24:57.108,6.493430000000001,6.49301,1.1,1
18.08.2021 00:24:57.209,6.493390000000001,6.49287,1.1,1.6
18.08.2021 00:24:57.360,6.49337,6.49286,1,1.6
18.08.2021 00:24:57.511,6.49337,6.49286,1,1.1
18.08.2021 00:24:57.612,6.49337,6.492850000000001,1,1.1
18.08.2021 00:24:57.956,6.493380000000001,6.49286,1.2,1.1
18.08.2021 00:24:58.007,6.4934,6.49287,1.1,1.1
18.08.2021 00:24:58.147,6.493390000000001,6.49288,1.1,1.1
18.08.2021 00:24:58.298,6.493390000000001,6.49295,1.1,1
18.08.2021 00:24:58.677,6.493390000000001,6.49295,1.1,1
18.08.2021 00:25:00.271,6.4934,6.49295,1.1,1.1
18.08.2021 00:25:00.447,6.493390000000001,6.49295,1.1,1
18.08.2021 00:25:00.873,6.493390000000001,6.49295,1.1,1
18.08.2021 00:25:01.038,6.4934,6.49297,1.1,1.1
18.08.2021 00:25:02.447,6.4934,6.492940000000001,1.1,1.57
18.08.2021 00:25:02.598,6.493530000000001,6.493,1.7,1.1
18.08.2021 00:25:02.749,6.49359,6.49315,2.1,1
18.08.2021 00:25:03.408,6.49361,6.49314,1.6,1
18.08.2021 00:25:03.537,6.493600000000001,6.49312,1.6,1
18.08.2021 00:25:04.411,6.49356,6.49312,1.1,1
18.08.2021 00:25:08.545,6.493530000000001,6.49312,1.1,1
18.08.2021 00:25:11.308,6.4935,6.49312,1.1,1
18.08.2021 00:25:14.397,6.493430000000001,6.493110000000001,1.1,1
18.08.2021 00:25:15.482,6.49346,6.493110000000001,1.1,1
18.08.2021 00:25:18.334,6.493480000000001,6.49312,1.1,1
18.08.2021 00:25:18.441,6.493510000000001,6.49312,1.1,1
18.08.2021 00:25:19.159,6.49352,6.49312,1.1,1
18.08.2021 00:25:21.259,6.49352,6.493110000000001,1.1,1
18.08.2021 00:25:24.066,6.4935,6.493110000000001,1.1,1
18.08.2021 00:25:24.181,6.49349,6.493110000000001,1.1,1
18.08.2021 00:25:25.259,6.49345,6.49312,1.1,1
18.08.2021 00:25:26.038,6.493510000000001,6.4931600000000005,1.1,1
18.08.2021 00:25:26.139,6.493530000000001,6.49315,1,1
18.08.2021 00:25:26.364,6.49349,6.49315,1,1
18.08.2021 00:25:30.713,6.4934400000000005,6.4931600000000005,1,1
18.08.2021 00:25:30.830,6.4934400000000005,6.49315,1,1
18.08.2021 00:25:31.898,6.49337,6.49292,1,1.2
18.08.2021 00:25:32.149,6.49336,6.49295,1,1.1
18.08.2021 00:25:32.513,6.49336,6.49298,1,1.1
18.08.2021 00:25:33.318,6.49336,6.49297,1,1.1
18.08.2021 00:25:33.788,6.49336,6.49295,1,1.1
18.08.2021 00:25:34.348,6.49337,6.49292,1,1.1
18.08.2021 00:25:35.573,6.49337,6.49291,1,1.1
18.08.2021 00:25:35.624,6.49335,6.492900000000001,1,1
18.08.2021 00:25:35.737,6.493250000000001,6.492900000000001,1,1
18.08.2021 00:25:35.788,6.49327,6.492900000000001,1,1
18.08.2021 00:25:35.889,6.49322,6.49291,1,1
18.08.2021 00:25:37.782,6.49319,6.49291,1.1,1
18.08.2021 00:25:37.891,6.49322,6.492900000000001,1.1,1
18.08.2021 00:25:39.328,6.49322,6.49291,1,1
18.08.2021 00:25:39.379,6.493200000000001,6.49291,1,1
18.08.2021 00:25:39.429,6.49327,6.49291,1,1
18.08.2021 00:25:39.680,6.493290000000001,6.492900000000001,1,1
18.08.2021 00:25:44.388,6.49331,6.492900000000001,1,1.1
18.08.2021 00:25:44.439,6.493340000000001,6.49292,1.1,1.1
18.08.2021 00:25:48.832,6.49335,6.49293,1,1.1
18.08.2021 00:25:55.757,6.49332,6.49292,1.1,1.1
18.08.2021 00:25:56.761,6.49332,6.492900000000001,1.1,1
18.08.2021 00:25:57.768,6.4933000000000005,6.492900000000001,1.1,1
18.08.2021 00:25:58.079,6.4933000000000005,6.49293,1.1,1
18.08.2021 00:25:58.165,6.493290000000001,6.49291,1.1,1
18.08.2021 00:25:59.121,6.49332,6.492900000000001,1.1,1.1
18.08.2021 00:26:00.238,6.49333,6.49292,1.1,1.1
18.08.2021 00:26:00.341,6.49333,6.492900000000001,1.1,1
18.08.2021 00:26:00.543,6.4933000000000005,6.492900000000001,1.1,1
18.08.2021 00:26:00.679,6.49332,6.492900000000001,1.1,1
18.08.2021 00:26:01.236,6.49331,6.492900000000001,1.1,1
18.08.2021 00:26:01.597,6.493290000000001,6.49291,1.1,1
18.08.2021 00:26:02.224,6.49326,6.49291,1.1,1
18.08.2021 00:26:03.438,6.49324,6.49291,1.1,1
18.08.2021 00:26:03.710,6.49327,6.492900000000001,1.1,1
18.08.2021 00:26:04.456,6.49327,6.49291,1.1,1
18.08.2021 00:26:13.226,6.493250000000001,6.492900000000001,1.1,1
18.08.2021 00:26:13.634,6.4932300000000005,6.49291,1.1,1
18.08.2021 00:26:13.885,6.493200000000001,6.492900000000001,1.1,1
18.08.2021 00:26:14.699,6.493200000000001,6.49291,1.1,1
18.08.2021 00:26:16.882,6.49317,6.49291,1.1,1
18.08.2021 00:26:17.330,6.49319,6.49291,1.1,1
18.08.2021 00:26:18.331,6.49317,6.49291,1.1,1
18.08.2021 00:26:21.481,6.493200000000001,6.492900000000001,1.1,1
18.08.2021 00:26:22.588,6.49317,6.49291,1.1,1
18.08.2021 00:26:22.638,6.49319,6.49291,1.1,1
18.08.2021 00:26:23.623,6.493180000000001,6.492900000000001,1.1,1
18.08.2021 00:26:23.674,6.493200000000001,6.492900000000001,1.1,1
18.08.2021 00:26:25.486,6.49317,6.49291,1.1,1
18.08.2021 00:26:25.621,6.49319,6.49291,1.1,1
18.08.2021 00:26:26.229,6.493180000000001,6.492900000000001,1.1,1
18.08.2021 00:26:28.745,6.49319,6.49291,1.1,1
18.08.2021 00:26:30.571,6.493180000000001,6.492900000000001,1.1,1
18.08.2021 00:26:31.355,6.493200000000001,6.492900000000001,1.1,1
18.08.2021 00:26:33.020,6.493180000000001,6.492900000000001,1.1,1
18.08.2021 00:26:33.120,6.493200000000001,6.492900000000001,1.1,1
18.08.2021 00:26:34.121,6.49317,6.49291,1.1,1
18.08.2021 00:26:35.422,6.49319,6.49291,1.1,1
18.08.2021 00:26:35.653,6.493180000000001,6.49291,1.1,1
18.08.2021 00:26:35.754,6.49317,6.4926900000000005,1.1,1.6
18.08.2021 00:26:36.024,6.49314,6.492680000000001,1.1,1.6
18.08.2021 00:26:36.220,6.49315,6.4926900000000005,1.1,1.6
18.08.2021 00:26:36.502,6.4932300000000005,6.49274,1.2,1.12
18.08.2021 00:26:38.606,6.49322,6.4927,1.2,1.1
18.08.2021 00:26:39.539,6.493180000000001,6.4927,1.1,1.1
18.08.2021 00:26:41.254,6.49321,6.4927,1.2,1.1
18.08.2021 00:26:41.592,6.493180000000001,6.49271,1.1,1.1
18.08.2021 00:26:42.963,6.493180000000001,6.49271,1.2,1.1
18.08.2021 00:26:43.014,6.493180000000001,6.49274,1.2,1
18.08.2021 00:26:43.258,6.49317,6.49275,1.1,1
18.08.2021 00:26:43.741,6.49315,6.492730000000001,1.1,1
18.08.2021 00:26:44.814,6.49317,6.49272,1.1,1
18.08.2021 00:26:48.248,6.493130000000001,6.492730000000001,1.1,1
18.08.2021 00:26:48.601,6.49317,6.49272,1.1,1
18.08.2021 00:26:48.985,6.49314,6.492730000000001,1.1,1
18.08.2021 00:26:49.126,6.49317,6.49272,1.1,1
18.08.2021 00:26:49.968,6.4931600000000005,6.49271,1.1,1.57
18.08.2021 00:26:50.019,6.49317,6.4927,1.1,1.6
18.08.2021 00:26:50.205,6.49317,6.4927,1.1,1.6
18.08.2021 00:26:50.916,6.49317,6.4927,1.1,1.5
18.08.2021 00:26:52.169,6.49312,6.49267,1.57,1
18.08.2021 00:26:52.320,6.49312,6.49266,1.1,1
18.08.2021 00:26:52.853,6.4931,6.49267,1.1,1
18.08.2021 00:26:53.013,6.493130000000001,6.49266,1.57,1
18.08.2021 00:26:53.189,6.49314,6.49267,1.2,1
18.08.2021 00:26:53.340,6.49314,6.4927,1.1,1
18.08.2021 00:26:54.336,6.49315,6.4927,1,1
18.08.2021 00:26:55.340,6.49314,6.4927,1.1,1
18.08.2021 00:26:55.498,6.49315,6.492630000000001,1,1
18.08.2021 00:26:55.548,6.492900000000001,6.4925500000000005,1,1
18.08.2021 00:26:55.599,6.49286,6.49242,1,1
18.08.2021 00:26:55.750,6.492900000000001,6.492430000000001,1,1
18.08.2021 00:26:55.988,6.49281,6.49242,1,1
18.08.2021 00:26:56.699,6.4928300000000005,6.492430000000001,1,1
18.08.2021 00:26:56.750,6.49289,6.492430000000001,1,1
18.08.2021 00:26:57.760,6.49289,6.492430000000001,1.5,1
18.08.2021 00:27:03.919,6.492850000000001,6.492430000000001,1.22,1
18.08.2021 00:27:04.420,6.49295,6.49242,1.85,1
18.08.2021 00:27:04.588,6.492940000000001,6.49242,1.6,1
18.08.2021 00:27:04.921,6.49293,6.492430000000001,1.6,1
18.08.2021 00:27:05.174,6.492940000000001,6.49242,1.5,1.1
18.08.2021 00:27:05.657,6.49293,6.492430000000001,1.5,1.1
18.08.2021 00:27:29.342,6.492940000000001,6.49242,1,1.1
18.08.2021 00:27:29.889,6.492940000000001,6.49242,1,1.1
18.08.2021 00:27:41.499,6.49293,6.492430000000001,1.12,1.1
18.08.2021 00:27:43.470,6.492940000000001,6.49242,1.12,1
18.08.2021 00:27:56.896,6.49293,6.492430000000001,1.12,1.1
18.08.2021 00:27:56.946,6.492940000000001,6.49242,1.12,1
18.08.2021 00:28:05.657,6.492990000000001,6.4924,1.5,1.1
18.08.2021 00:28:05.708,6.492990000000001,6.4924,1.5,1.1
18.08.2021 00:28:06.092,6.492990000000001,6.4924,1.5,1.1
18.08.2021 00:28:07.630,6.493,6.49239,1.5,1.1
18.08.2021 00:28:08.401,6.493,6.49239,1.5,1.1
18.08.2021 00:28:08.632,6.493,6.49239,1.5,1.1
18.08.2021 00:28:09.045,6.493,6.49239,1.5,1.1
18.08.2021 00:28:09.735,6.49301,6.49242,1.5,1.1
18.08.2021 00:28:09.836,6.49293,6.49244,1,1.1
18.08.2021 00:28:09.937,6.492940000000001,6.4924800000000005,1,1
18.08.2021 00:28:10.038,6.49307,6.492540000000001,1.5,1
18.08.2021 00:28:10.139,6.49312,6.492590000000001,1.5,1
18.08.2021 00:28:11.108,6.49312,6.492590000000001,1.12,1
18.08.2021 00:28:19.900,6.493130000000001,6.492590000000001,1,1
18.08.2021 00:28:19.951,6.4931600000000005,6.492630000000001,1.5,1
18.08.2021 00:28:20.085,6.49321,6.49266,1.5,1
18.08.2021 00:28:20.187,6.49321,6.49272,1,1
18.08.2021 00:28:20.237,6.49312,6.49272,1,1
18.08.2021 00:28:20.388,6.493080000000001,6.49272,1,1
18.08.2021 00:28:20.814,6.49307,6.4925500000000005,1,1
18.08.2021 00:28:20.915,6.493030000000001,6.49246,1,1.5
18.08.2021 00:28:20.965,6.49292,6.49247,1,1.5
18.08.2021 00:28:21.199,6.4930200000000005,6.49247,1,1.5
18.08.2021 00:28:21.854,6.4930200000000005,6.49247,1,1
18.08.2021 00:28:26.834,6.493040000000001,6.49244,1.12,1.5
18.08.2021 00:28:30.255,6.49305,6.4924800000000005,1,1
18.08.2021 00:28:30.357,6.493130000000001,6.4925500000000005,1,1
18.08.2021 00:28:30.602,6.49315,6.49256,1,1
18.08.2021 00:28:30.653,6.49317,6.49256,2.25,1
18.08.2021 00:28:30.765,6.49315,6.492590000000001,1,1
18.08.2021 00:28:30.971,6.49312,6.492590000000001,1.1,1
18.08.2021 00:28:31.217,6.493130000000001,6.4926,1.1,1
18.08.2021 00:28:31.577,6.493130000000001,6.492590000000001,1.1,1
18.08.2021 00:28:31.822,6.49307,6.492590000000001,1.1,1
18.08.2021 00:28:31.923,6.4931,6.492590000000001,1,1
18.08.2021 00:28:35.179,6.493080000000001,6.492590000000001,1.1,1
18.08.2021 00:28:35.481,6.4930900000000005,6.4926,1,1
18.08.2021 00:28:37.566,6.493110000000001,6.4926,1.2,1
18.08.2021 00:28:37.670,6.4931600000000005,6.492630000000001,1.6,1
18.08.2021 00:28:38.346,6.4931600000000005,6.492630000000001,1.6,1
18.08.2021 00:28:44.475,6.493080000000001,6.492640000000001,1.1,1
18.08.2021 00:28:44.893,6.493130000000001,6.492630000000001,1.1,1
18.08.2021 00:28:45.032,6.493080000000001,6.492640000000001,1.1,1
18.08.2021 00:28:45.415,6.493180000000001,6.49266,1.5,1
18.08.2021 00:28:45.710,6.493180000000001,6.492730000000001,2.75,1
18.08.2021 00:28:45.838,6.493180000000001,6.492730000000001,2.75,1
18.08.2021 00:28:46.162,6.49317,6.49271,2.07,1
18.08.2021 00:28:46.856,6.493180000000001,6.4927,1.2,1
18.08.2021 00:28:47.399,6.49317,6.4927,1.1,1
18.08.2021 00:28:52.142,6.493180000000001,6.4927,1.12,1
18.08.2021 00:28:52.579,6.49317,6.49275,1.12,1
18.08.2021 00:28:52.686,6.493180000000001,6.49271,1.12,1.1
18.08.2021 00:28:53.552,6.49315,6.49272,1.1,1
18.08.2021 00:28:57.023,6.4931600000000005,6.492680000000001,1.1,1.1
18.08.2021 00:28:57.124,6.493180000000001,6.492680000000001,1.12,1
18.08.2021 00:28:59.729,6.49314,6.4926900000000005,1.1,1
18.08.2021 00:28:59.931,6.49315,6.49265,1.1,1
18.08.2021 00:29:03.078,6.49315,6.49265,1.1,1.1
18.08.2021 00:29:03.575,6.49314,6.4926900000000005,1.1,1
18.08.2021 00:29:06.104,6.49317,6.4926900000000005,1,1
18.08.2021 00:29:08.336,6.4931600000000005,6.4926900000000005,1.1,1
18.08.2021 00:29:11.892,6.49322,6.4926900000000005,1.5,1
18.08.2021 00:29:12.310,6.49326,6.49271,1.5,1
18.08.2021 00:29:13.872,6.493290000000001,6.49274,1.6,1
18.08.2021 00:29:18.278,6.49324,6.4926900000000005,1.6,1
18.08.2021 00:29:18.329,6.49324,6.4926900000000005,1.6,1.1
18.08.2021 00:29:18.487,6.493250000000001,6.492730000000001,1.6,1
18.08.2021 00:29:22.679,6.4933000000000005,6.49274,1.67,1
18.08.2021 00:29:23.231,6.49326,6.49271,1,1
18.08.2021 00:29:23.691,6.49326,6.4927,1.1,1
18.08.2021 00:29:24.052,6.49327,6.4927,1,1
18.08.2021 00:29:24.103,6.49326,6.49271,1.1,1.1
18.08.2021 00:29:24.177,6.49327,6.4927,1,1
18.08.2021 00:29:24.443,6.49328,6.49274,1.1,1
18.08.2021 00:29:24.703,6.49332,6.49274,1.1,1
18.08.2021 00:29:25.128,6.49327,6.49275,1.1,1
18.08.2021 00:29:26.505,6.49327,6.4927,1.2,1.2
18.08.2021 00:29:26.606,6.49324,6.4927,1,1.12
18.08.2021 00:29:27.283,6.49324,6.4927,1,1.22
18.08.2021 00:29:28.158,6.493250000000001,6.4926900000000005,1,1.22
18.08.2021 00:29:30.081,6.493250000000001,6.4926900000000005,1.57,1.22
18.08.2021 00:29:35.872,6.49324,6.49274,1.1,1
18.08.2021 00:29:36.836,6.493250000000001,6.492730000000001,1.1,1
18.08.2021 00:29:37.287,6.49324,6.49274,1.1,1
18.08.2021 00:29:37.878,6.493250000000001,6.492730000000001,1.1,1.1
18.08.2021 00:29:38.781,6.493250000000001,6.492730000000001,1,1.1
18.08.2021 00:29:39.181,6.493250000000001,6.492730000000001,1,1
18.08.2021 00:29:40.325,6.49328,6.492730000000001,1.1,1
18.08.2021 00:29:42.536,6.49327,6.49274,1.1,1.1
18.08.2021 00:29:45.452,6.49328,6.492730000000001,1.1,1.1
18.08.2021 00:29:47.422,6.493250000000001,6.49274,1.1,1.1
18.08.2021 00:29:56.218,6.49326,6.49274,1,1.1
18.08.2021 00:29:56.733,6.493250000000001,6.492730000000001,1.1,1.1
18.08.2021 00:29:57.108,6.493200000000001,6.49274,1.1,1.1
18.08.2021 00:29:57.304,6.493200000000001,6.4926900000000005,1.1,1.6
18.08.2021 00:29:57.719,6.49315,6.492680000000001,1.1,1.6
18.08.2021 00:29:59.742,6.493130000000001,6.492680000000001,1.1,1.6
18.08.2021 00:30:00.148,6.49312,6.492680000000001,1.1,1.6
18.08.2021 00:30:00.746,6.49312,6.49271,1.1,1.1
18.08.2021 00:30:00.847,6.49312,6.49277,1.1,1.1
18.08.2021 00:30:01.876,6.49312,6.492780000000001,1.1,1
18.08.2021 00:30:02.279,6.49314,6.49279,1.1,1
18.08.2021 00:30:07.265,6.49315,6.49275,1.1,1.1
18.08.2021 00:30:07.366,6.49314,6.4927600000000005,1.1,1.1
18.08.2021 00:30:07.725,6.493130000000001,6.49275,1.1,1.1
18.08.2021 00:30:08.218,6.49317,6.4927600000000005,1.1,1.1
18.08.2021 00:30:08.729,6.49317,6.49275,1.1,1.1
18.08.2021 00:30:09.073,6.49314,6.4927600000000005,1.1,1.1
18.08.2021 00:30:09.758,6.49312,6.4927600000000005,1.1,1.57
18.08.2021 00:30:10.080,6.493110000000001,6.4927600000000005,1.1,1.1
18.08.2021 00:30:10.532,6.493180000000001,6.49275,1.1,1.1
18.08.2021 00:30:10.731,6.49315,6.49275,1.1,1.1
18.08.2021 00:30:11.010,6.49314,6.49275,1.1,1
18.08.2021 00:30:11.253,6.49306,6.49274,1.1,1
18.08.2021 00:30:11.304,6.493180000000001,6.49274,1.57,1
18.08.2021 00:30:11.354,6.49322,6.49274,1.5,1
18.08.2021 00:30:11.407,6.49322,6.49274,1,1
18.08.2021 00:30:11.586,6.49321,6.4927600000000005,1,1
18.08.2021 00:30:12.313,6.49321,6.49275,1,1
18.08.2021 00:30:12.871,6.49321,6.4927600000000005,1,1
18.08.2021 00:30:13.725,6.49322,6.49274,1,1.1
18.08.2021 00:30:13.776,6.49319,6.49275,1.1,1.1
18.08.2021 00:30:16.503,6.49321,6.49275,1.5,1
18.08.2021 00:30:16.951,6.49317,6.492680000000001,1.5,1
18.08.2021 00:30:22.012,6.49321,6.4926900000000005,2.07,1.5
18.08.2021 00:30:25.427,6.49322,6.492680000000001,2.07,1.6
18.08.2021 00:30:25.737,6.49322,6.492680000000001,2.07,1.6
18.08.2021 00:30:26.232,6.49321,6.4926900000000005,2.07,1.6
18.08.2021 00:30:26.398,6.49321,6.4926900000000005,2.07,1.6
18.08.2021 00:30:27.009,6.49321,6.4926900000000005,2.07,1.6
18.08.2021 00:30:27.138,6.49322,6.492680000000001,2.07,1.57
18.08.2021 00:30:27.306,6.49317,6.4926900000000005,1,1
18.08.2021 00:30:27.688,6.49317,6.4926900000000005,1.5,1
18.08.2021 00:30:31.065,6.49317,6.4926900000000005,1.95,1
18.08.2021 00:30:35.048,6.49314,6.4926900000000005,1.1,1
18.08.2021 00:30:37.615,6.493130000000001,6.4926900000000005,1,1
18.08.2021 00:30:37.717,6.49314,6.4926900000000005,1.1,1
18.08.2021 00:30:42.094,6.4930900000000005,6.4926900000000005,1.1,1
18.08.2021 00:30:43.368,6.49314,6.492680000000001,1.1,1
18.08.2021 00:30:46.173,6.49315,6.4926900000000005,1.1,1
18.08.2021 00:30:47.875,6.49315,6.49272,1,1
18.08.2021 00:30:48.064,6.49317,6.49272,1.6,1
18.08.2021 00:30:48.699,6.49317,6.49272,1.1,1.1
18.08.2021 00:30:50.892,6.49317,6.49271,1.1,1.1
18.08.2021 00:30:50.942,6.49317,6.492680000000001,1.1,1
18.08.2021 00:30:51.123,6.49315,6.492680000000001,1,1
18.08.2021 00:31:02.133,6.49312,6.492680000000001,1.1,1
18.08.2021 00:31:02.754,6.49315,6.492680000000001,1.57,1
18.08.2021 00:31:03.453,6.49312,6.4926900000000005,1,1
18.08.2021 00:31:03.554,6.4931,6.492680000000001,1,1
18.08.2021 00:31:03.857,6.49312,6.4926900000000005,1,1
18.08.2021 00:31:03.975,6.49314,6.492680000000001,1,1
18.08.2021 00:31:04.517,6.49312,6.492680000000001,1,1
18.08.2021 00:31:12.340,6.49314,6.4926900000000005,1,1
18.08.2021 00:31:14.619,6.49314,6.4926900000000005,1.1,1
18.08.2021 00:31:14.960,6.49315,6.492680000000001,1.1,1
18.08.2021 00:31:29.180,6.493110000000001,6.4926900000000005,1,1
18.08.2021 00:32:02.907,6.493110000000001,6.4926900000000005,1.1,1
18.08.2021 00:32:03.120,6.49307,6.492680000000001,1.1,1
18.08.2021 00:32:07.797,6.49307,6.492680000000001,1.57,1
18.08.2021 00:32:27.884,6.49306,6.49256,1.65,1
18.08.2021 00:32:27.935,6.493030000000001,6.49253,1,1
18.08.2021 00:32:27.985,6.493,6.49249,1,1.5
18.08.2021 00:32:28.036,6.492940000000001,6.49249,1,1
18.08.2021 00:32:28.232,6.492940000000001,6.4924800000000005,1,1
18.08.2021 00:32:28.352,6.49289,6.49249,1,1
18.08.2021 00:32:28.852,6.49293,6.4924800000000005,1,1
18.08.2021 00:32:28.903,6.49295,6.4924800000000005,1,1
18.08.2021 00:32:29.294,6.49297,6.49249,1.1,1
18.08.2021 00:32:29.345,6.49298,6.49249,1.1,1
18.08.2021 00:32:38.597,6.49301,6.49252,2.25,1
18.08.2021 00:32:38.817,6.492940000000001,6.49249,1,1
18.08.2021 00:32:42.540,6.49287,6.4924800000000005,1,1
18.08.2021 00:32:42.591,6.492940000000001,6.49249,1.1,1
18.08.2021 00:32:42.641,6.492900000000001,6.49249,1.5,1
18.08.2021 00:32:42.742,6.49297,6.49249,1.1,1
18.08.2021 00:32:42.843,6.49275,6.49249,1,1
18.08.2021 00:32:42.893,6.4927600000000005,6.49223,1,1.5
18.08.2021 00:32:43.072,6.49274,6.49226,1,1
18.08.2021 00:32:43.123,6.49279,6.49226,1,1
18.08.2021 00:32:43.745,6.49281,6.49232,1.1,1
18.08.2021 00:32:43.795,6.492850000000001,6.49232,1.1,1
18.08.2021 00:32:44.245,6.49287,6.492360000000001,1.1,1
18.08.2021 00:32:44.295,6.49288,6.492360000000001,1,1
18.08.2021 00:32:44.832,6.49289,6.49235,1.5,1
18.08.2021 00:32:45.494,6.492900000000001,6.49226,1.5,1
18.08.2021 00:32:45.772,6.492900000000001,6.49226,1.6,1
18.08.2021 00:32:47.138,6.49279,6.49226,1,1
18.08.2021 00:32:47.188,6.492850000000001,6.49226,1.1,1
18.08.2021 00:32:47.558,6.49289,6.49226,1.6,1
18.08.2021 00:32:47.911,6.49288,6.49227,1.6,1
18.08.2021 00:32:49.349,6.49289,6.49226,1.6,1
18.08.2021 00:32:54.583,6.49289,6.492280000000001,1.6,1
18.08.2021 00:32:54.867,6.49289,6.492280000000001,1.6,1
18.08.2021 00:32:55.871,6.49289,6.492290000000001,1.5,1
18.08.2021 00:33:00.637,6.492900000000001,6.492290000000001,1.6,1
18.08.2021 00:33:00.738,6.492900000000001,6.492330000000001,1.6,1.1
18.08.2021 00:33:00.857,6.492900000000001,6.492330000000001,1.1,1.1
18.08.2021 00:33:00.990,6.49289,6.49234,1,1
18.08.2021 00:33:01.694,6.492900000000001,6.492360000000001,1,1
18.08.2021 00:33:03.736,6.49289,6.492380000000001,1.5,1
18.08.2021 00:33:04.032,6.492900000000001,6.492430000000001,1.5,1
18.08.2021 00:33:05.038,6.49289,6.4924800000000005,1.5,1
18.08.2021 00:33:05.364,6.492900000000001,6.492450000000001,1,1
18.08.2021 00:33:05.464,6.492900000000001,6.49242,1,1
18.08.2021 00:33:06.281,6.492900000000001,6.492450000000001,1,1
18.08.2021 00:33:06.533,6.492900000000001,6.4924100000000005,1,1
18.08.2021 00:33:06.684,6.49289,6.4924,1,1
18.08.2021 00:33:06.786,6.4928300000000005,6.492330000000001,1,1.5
18.08.2021 00:33:07.387,6.49286,6.492360000000001,1.1,1
18.08.2021 00:33:22.743,6.49288,6.4924,1,1
18.08.2021 00:33:23.225,6.49289,6.4924100000000005,1,1
18.08.2021 00:33:23.743,6.492900000000001,6.49242,1,1
18.08.2021 00:33:24.743,6.492900000000001,6.49247,1,1
18.08.2021 00:33:24.895,6.492900000000001,6.49239,1.5,1
18.08.2021 00:33:24.945,6.49289,6.4924,1.6,1
18.08.2021 00:33:25.046,6.49282,6.492330000000001,1,1.12
18.08.2021 00:33:25.147,6.4928300000000005,6.49232,1.1,1.12
18.08.2021 00:33:25.464,6.492850000000001,6.49237,1.1,1
18.08.2021 00:33:25.514,6.49287,6.492360000000001,1.1,1
18.08.2021 00:33:25.565,6.49286,6.49237,1.1,1
18.08.2021 00:33:25.905,6.49289,6.4924100000000005,1.1,1
18.08.2021 00:33:26.118,6.49289,6.4924100000000005,1.1,1
18.08.2021 00:33:27.609,6.49289,6.4924,1.1,1
18.08.2021 00:33:28.957,6.49287,6.49237,1,1
18.08.2021 00:33:29.058,6.49286,6.49237,1,1
18.08.2021 00:33:30.042,6.49288,6.49239,1.2,1
18.08.2021 00:33:30.143,6.49288,6.49239,1.1,1
18.08.2021 00:33:31.545,6.492850000000001,6.492380000000001,1.1,1
18.08.2021 00:33:36.071,6.49286,6.49239,1.1,1
18.08.2021 00:33:37.838,6.49289,6.49239,1,1
18.08.2021 00:33:37.889,6.49289,6.49239,1.1,1
18.08.2021 00:33:38.380,6.49289,6.49239,1.1,1
18.08.2021 00:33:38.959,6.492900000000001,6.492380000000001,1.1,1
18.08.2021 00:34:13.832,6.49286,6.492360000000001,1,1.5
18.08.2021 00:34:14.197,6.49286,6.492360000000001,1.1,1
18.08.2021 00:34:14.332,6.49284,6.49234,1.1,1
18.08.2021 00:34:14.383,6.49284,6.49232,1.1,1
18.08.2021 00:34:14.840,6.492850000000001,6.49231,1.1,1
18.08.2021 00:34:16.822,6.49274,6.49231,1,1
18.08.2021 00:34:17.420,6.49274,6.49231,1,1.1
18.08.2021 00:34:17.768,6.49279,6.49231,1,1.1
18.08.2021 00:34:17.819,6.49279,6.49231,1,1.1
18.08.2021 00:34:18.275,6.4928,6.4923,1,1.1
18.08.2021 00:34:18.627,6.49279,6.49231,1,1.1
18.08.2021 00:34:19.164,6.49279,6.49231,1,1.6
18.08.2021 00:34:19.215,6.49275,6.49231,1,1.1
18.08.2021 00:34:19.266,6.49275,6.49231,1,1
18.08.2021 00:34:22.470,6.4927600000000005,6.4923,1,1.1
18.08.2021 00:34:22.571,6.49282,6.4923,1,1.1
18.08.2021 00:34:22.832,6.49281,6.49231,1,1.1
18.08.2021 00:34:23.613,6.49281,6.49231,1,1.1
18.08.2021 00:34:28.439,6.49282,6.4923,1,1.1
18.08.2021 00:34:28.988,6.49281,6.49231,1,1.1
18.08.2021 00:34:37.136,6.49281,6.49231,1,1
18.08.2021 00:34:37.585,6.492780000000001,6.4923,1,1
18.08.2021 00:34:47.537,6.4928,6.49231,1,1
18.08.2021 00:35:05.353,6.49279,6.4923,1,1
18.08.2021 00:35:08.411,6.4927600000000005,6.4923,1,1
18.08.2021 00:35:10.686,6.49271,6.492240000000001,1,1.6
18.08.2021 00:35:10.787,6.49272,6.49218,1,1
18.08.2021 00:35:10.838,6.4926900000000005,6.49218,1,1
18.08.2021 00:35:11.307,6.49267,6.49218,1,1
18.08.2021 00:35:15.833,6.4927,6.49217,1,1
18.08.2021 00:35:32.701,6.492630000000001,6.49217,1,1
18.08.2021 00:35:33.205,6.49262,6.49218,1,1.1
18.08.2021 00:35:33.302,6.49266,6.49217,1,1.1
18.08.2021 00:35:33.353,6.49266,6.49217,1,1.1
18.08.2021 00:35:33.611,6.49262,6.49217,1,1.1
18.08.2021 00:35:33.778,6.49262,6.49217,1,1.1
18.08.2021 00:35:35.244,6.49261,6.49218,1,1
18.08.2021 00:35:35.395,6.4926,6.49216,1,1
18.08.2021 00:35:36.050,6.49257,6.49217,1,1
18.08.2021 00:35:36.152,6.49257,6.49207,1,1.1
18.08.2021 00:35:36.253,6.49258,6.49206,1,1.6
18.08.2021 00:35:36.304,6.49258,6.49206,1,1.57
18.08.2021 00:35:36.806,6.49258,6.49206,1,1.6
18.08.2021 00:35:36.906,6.49258,6.49206,1,1.57
18.08.2021 00:35:36.957,6.4926,6.49206,1.5,1
18.08.2021 00:35:37.058,6.49256,6.49207,1,1
18.08.2021 00:35:37.209,6.49251,6.49207,1,1
18.08.2021 00:35:38.556,6.49247,6.49206,1,1
18.08.2021 00:35:39.451,6.49251,6.49206,1,1
18.08.2021 00:35:45.707,6.492500000000001,6.49207,1.1,1
18.08.2021 00:35:59.835,6.492590000000001,6.49206,1.1,1
18.08.2021 00:36:00.240,6.492590000000001,6.49206,1.1,1
18.08.2021 00:36:02.285,6.492590000000001,6.49206,1.1,1
18.08.2021 00:36:02.786,6.49258,6.49207,1.1,1
18.08.2021 00:36:18.998,6.49258,6.49207,1.1,1
18.08.2021 00:36:37.165,6.4925500000000005,6.49206,1.1,1
18.08.2021 00:36:39.054,6.4924800000000005,6.49207,1,1
18.08.2021 00:37:14.271,6.4924800000000005,6.49197,1,1.12
18.08.2021 00:37:14.498,6.49234,6.491890000000001,1,1.6
18.08.2021 00:37:14.889,6.49234,6.49187,1,1.6
18.08.2021 00:37:17.572,6.492450000000001,6.491930000000001,1,1
18.08.2021 00:37:18.523,6.492450000000001,6.4919400000000005,1,1
18.08.2021 00:37:23.287,6.49246,6.491930000000001,1,1.22
18.08.2021 00:37:23.494,6.49246,6.49195,1,1
18.08.2021 00:37:24.709,6.492450000000001,6.49196,1,1.1
18.08.2021 00:37:26.403,6.49246,6.49195,1,1.1
18.08.2021 00:37:30.375,6.49246,6.49197,1,1.1
18.08.2021 00:37:30.476,6.49242,6.491980000000001,1,1.1
18.08.2021 00:37:35.287,6.49242,6.49196,1,1
18.08.2021 00:37:37.283,6.49237,6.49195,1,1
18.08.2021 00:37:40.024,6.49237,6.4919,1,1.1
18.08.2021 00:37:40.127,6.492330000000001,6.49187,1,1.1
18.08.2021 00:37:40.228,6.49232,6.49187,1,1.1
18.08.2021 00:37:40.652,6.492330000000001,6.49186,1.1,1.1
18.08.2021 00:37:41.480,6.492330000000001,6.49185,1.1,1.1
18.08.2021 00:37:41.601,6.492330000000001,6.49185,1.1,1.1
18.08.2021 00:37:42.788,6.492330000000001,6.49185,1.1,1.1
18.08.2021 00:37:44.792,6.49232,6.49183,1.1,1.1
18.08.2021 00:37:46.490,6.49232,6.49183,1.1,1.1
18.08.2021 00:37:46.954,6.492330000000001,6.49185,1.1,1.1
18.08.2021 00:37:47.117,6.49232,6.49186,1.1,1.1
18.08.2021 00:37:47.292,6.49232,6.49186,1.1,1.1
18.08.2021 00:37:47.412,6.492290000000001,6.49186,1,1.1
18.08.2021 00:37:47.513,6.49218,6.491680000000001,1,1
18.08.2021 00:37:47.614,6.49216,6.49165,1,1
18.08.2021 00:37:51.335,6.49218,6.49166,1.1,1
18.08.2021 00:38:00.436,6.4921500000000005,6.49166,1,1
18.08.2021 00:38:04.335,6.49213,6.49157,1,1.6
18.08.2021 00:38:04.386,6.49202,6.49152,1,1
18.08.2021 00:38:04.487,6.4920100000000005,6.491530000000001,1,1.1
18.08.2021 00:38:04.902,6.49202,6.491480000000001,1,1.1
18.08.2021 00:38:17.337,6.4920100000000005,6.49147,1,1.5
18.08.2021 00:38:17.515,6.4920100000000005,6.491480000000001,1,1.1
18.08.2021 00:38:23.300,6.4920100000000005,6.491480000000001,1,1.22
18.08.2021 00:38:31.209,6.49202,6.49147,1,1.12
18.08.2021 00:38:34.229,6.49202,6.49146,1,1.2
18.08.2021 00:38:35.044,6.4920100000000005,6.49147,1,1.6
18.08.2021 00:38:41.526,6.49202,6.49146,1,1.2
18.08.2021 00:39:04.399,6.4920100000000005,6.49147,1.1,1.12
18.08.2021 00:39:05.106,6.49205,6.49134,1.1,1.5
18.08.2021 00:39:06.106,6.49205,6.49134,1.1,1.12
18.08.2021 00:39:06.571,6.49205,6.49134,1.1,1.22
18.08.2021 00:39:08.571,6.49206,6.4913300000000005,1.1,1.22
18.08.2021 00:39:10.096,6.49205,6.49134,1.1,1.22
18.08.2021 00:39:11.237,6.49206,6.49136,1.1,1.1
18.08.2021 00:39:11.580,6.49205,6.49137,1.1,1.1
18.08.2021 00:39:11.681,6.49205,6.49137,1.1,1.6
18.08.2021 00:39:12.138,6.4920800000000005,6.491390000000001,1.1,1.1
18.08.2021 00:39:13.202,6.4920800000000005,6.491390000000001,1.1,1.22
18.08.2021 00:39:15.348,6.49209,6.49134,1.1,1.6
18.08.2021 00:39:16.126,6.492100000000001,6.4913300000000005,1.1,1.6
18.08.2021 00:39:17.136,6.49209,6.49134,1.1,1.5
18.08.2021 00:39:19.654,6.49204,6.49134,1.1,1.5
18.08.2021 00:39:23.664,6.49205,6.4913300000000005,1.1,1.6
18.08.2021 00:39:28.685,6.49206,6.4913300000000005,1.1,1.6
18.08.2021 00:39:29.690,6.492100000000001,6.4913300000000005,1.1,1.5
18.08.2021 00:39:35.719,6.49209,6.49134,1.1,1.12
18.08.2021 00:39:37.850,6.49204,6.49134,1.1,1.22
18.08.2021 00:39:38.127,6.49204,6.49134,1.1,1.12
18.08.2021 00:39:38.729,6.49205,6.4913300000000005,1.1,1.5
18.08.2021 00:39:41.305,6.49202,6.491350000000001,1,1.2
18.08.2021 00:39:45.228,6.49199,6.49136,1,1.1
18.08.2021 00:39:47.317,6.49199,6.49136,1.1,1.1
18.08.2021 00:39:51.054,6.49199,6.49136,1,1.1
18.08.2021 00:39:54.377,6.491480000000001,6.49131,1.5,1.1
18.08.2021 00:39:54.427,6.4916100000000005,6.4912600000000005,1,1.2
18.08.2021 00:39:54.528,6.4916100000000005,6.4912600000000005,1,1.1
18.08.2021 00:39:55.958,6.4916,6.491300000000001,1,1.1
18.08.2021 00:39:59.489,6.4916,6.4912600000000005,1,1.2
18.08.2021 00:39:59.590,6.4916,6.4912600000000005,1,1.1
18.08.2021 00:39:59.921,6.4916100000000005,6.49124,1,1.1
18.08.2021 00:40:00.040,6.4916100000000005,6.49125,1,1.1
18.08.2021 00:40:00.442,6.4916,6.491280000000001,1,1
18.08.2021 00:40:01.959,6.4916,6.49129,1,1.1
18.08.2021 00:40:02.667,6.4916,6.491280000000001,1,1
18.08.2021 00:40:02.768,6.4916100000000005,6.49129,1,1
18.08.2021 00:40:04.863,6.4916,6.49125,1,1.1
18.08.2021 00:40:04.964,6.491840000000001,6.49125,1,1.1
18.08.2021 00:40:05.064,6.49182,6.49124,1,1.1
18.08.2021 00:40:08.233,6.49182,6.49124,1,1.6
18.08.2021 00:40:11.320,6.49182,6.49124,1.1,1.7
18.08.2021 00:40:11.421,6.49182,6.491280000000001,1,1.3
18.08.2021 00:40:11.479,6.49181,6.49129,1,1.27
18.08.2021 00:40:11.530,6.49182,6.491280000000001,1.1,1.3
18.08.2021 00:40:11.630,6.49182,6.491280000000001,1,1.27
18.08.2021 00:40:11.756,6.49182,6.491280000000001,1,1.3
18.08.2021 00:40:12.118,6.49181,6.49129,1.1,1.3
18.08.2021 00:40:12.219,6.49182,6.491280000000001,1,1.3
18.08.2021 00:40:12.320,6.49182,6.491280000000001,1.1,1.2
