Gmt time,Ask,Bid,AskVolume,BidVolume
17.08.2021 00:00:00.167,1.2572200000000002,1.2571100000000002,1.57,1
17.08.2021 00:00:00.978,1.25723,1.25708,1.1,1.79
17.08.2021 00:00:05.028,1.2572100000000002,1.2571200000000002,1,1
17.08.2021 00:00:51.181,1.2572200000000002,1.2571,1,1
17.08.2021 00:00:53.827,1.2572100000000002,1.2571,1,1
17.08.2021 00:00:53.928,1.2572,1.25709,1.12,1
17.08.2021 00:01:16.125,1.2572100000000002,1.2571,1,1
17.08.2021 00:01:16.227,1.2572200000000002,1.2571100000000002,1,1
17.08.2021 00:01:18.771,1.25727,1.25716,1.6,1
17.08.2021 00:01:18.872,1.25726,1.25715,1.12,1
17.08.2021 00:01:19.178,1.25727,1.25716,1,1
17.08.2021 00:01:19.580,1.25729,1.2571700000000001,1.1,1
17.08.2021 00:01:25.830,1.25728,1.2571700000000001,1,1
17.08.2021 00:01:26.042,1.25729,1.25718,1.1,1
17.08.2021 00:01:33.437,1.25728,1.2571700000000001,1,1
17.08.2021 00:01:36.823,1.25729,1.2571700000000001,1,1
17.08.2021 00:01:38.769,1.25725,1.25716,1,1
17.08.2021 00:01:38.871,1.25724,1.25713,1,1
17.08.2021 00:01:38.972,1.25723,1.2571200000000002,1,1
17.08.2021 00:01:45.120,1.2571700000000001,1.25709,1.25,1
17.08.2021 00:01:45.171,1.25714,1.25704,1,1
17.08.2021 00:01:45.272,1.25713,1.25702,1,2
17.08.2021 00:01:45.323,1.2571200000000002,1.25703,1,1.5
17.08.2021 00:01:47.350,1.25713,1.2570100000000002,1.1,1.5
17.08.2021 00:01:48.549,1.25713,1.25702,1.1,1
17.08.2021 00:01:51.136,1.25714,1.25702,1,1.5
17.08.2021 00:01:59.978,1.2571700000000001,1.25706,1.12,1.5
17.08.2021 00:02:00.080,1.25718,1.25709,1.5,1.5
17.08.2021 00:02:00.130,1.25718,1.25709,1,1.5
17.08.2021 00:02:00.232,1.25719,1.2571,1,1
17.08.2021 00:02:01.213,1.2572,1.2571100000000002,1.1,1
17.08.2021 00:02:04.914,1.25719,1.2571,1,1
17.08.2021 00:02:06.551,1.25719,1.25708,1,1
17.08.2021 00:02:17.521,1.2572100000000002,1.2571,1,1
17.08.2021 00:02:20.126,1.2572,1.25709,1,1
17.08.2021 00:02:22.290,1.2572200000000002,1.2571100000000002,1,1
17.08.2021 00:02:25.017,1.2572200000000002,1.2571,1,1.5
17.08.2021 00:02:25.787,1.2572100000000002,1.2571,1,1
17.08.2021 00:02:27.399,1.2572100000000002,1.25713,1,1.5
17.08.2021 00:02:27.500,1.25725,1.25714,1.5,1.5
17.08.2021 00:02:27.551,1.25724,1.25715,1,1.5
17.08.2021 00:02:35.924,1.25728,1.25716,1,1
17.08.2021 00:02:36.473,1.25727,1.25718,1,1
17.08.2021 00:02:37.884,1.25729,1.25718,1,1
17.08.2021 00:02:41.661,1.25728,1.25718,1,1
17.08.2021 00:02:41.712,1.25729,1.25719,1,1
17.08.2021 00:02:41.763,1.25736,1.25725,3,1.5
17.08.2021 00:02:41.864,1.25736,1.25727,1,1
17.08.2021 00:02:41.965,1.25738,1.25727,1.12,1
17.08.2021 00:02:45.958,1.2574100000000001,1.2573200000000002,1,1.25
17.08.2021 00:02:46.059,1.25743,1.2573400000000001,1.5,1
17.08.2021 00:02:46.160,1.25743,1.2573400000000001,1,1
17.08.2021 00:02:48.199,1.2574400000000001,1.25735,1,1
17.08.2021 00:02:52.202,1.25745,1.25735,1,1.1
17.08.2021 00:02:52.253,1.25749,1.2574,1.5,1.5
17.08.2021 00:02:52.354,1.2575,1.2574100000000001,1,1
17.08.2021 00:02:55.295,1.2575200000000002,1.2574100000000001,1,1
17.08.2021 00:02:56.617,1.25753,1.2574400000000001,1,1.5
17.08.2021 00:02:56.718,1.2575500000000002,1.2574400000000001,1,1
17.08.2021 00:02:56.869,1.25754,1.25743,1,1
17.08.2021 00:02:56.970,1.2575500000000002,1.2574400000000001,1,1
17.08.2021 00:02:57.071,1.25758,1.25747,3,1
17.08.2021 00:02:57.173,1.25759,1.25748,1.12,1.1
17.08.2021 00:03:01.222,1.25757,1.25746,1,1.12
17.08.2021 00:03:01.375,1.25757,1.25748,1,1
17.08.2021 00:03:01.950,1.25758,1.25747,1,1.6
17.08.2021 00:03:05.650,1.25759,1.25748,1,1.57
17.08.2021 00:03:07.380,1.25759,1.2575100000000001,1,1
17.08.2021 00:03:07.481,1.2576200000000002,1.25753,1,1
17.08.2021 00:03:07.582,1.25763,1.25753,1,1
17.08.2021 00:03:07.683,1.2576200000000002,1.25753,1,1
17.08.2021 00:03:10.811,1.2576100000000001,1.2575100000000001,1,1
17.08.2021 00:03:10.913,1.25759,1.2575100000000001,1,1.12
17.08.2021 00:03:11.014,1.2576100000000001,1.2575,1,1.1
17.08.2021 00:03:11.137,1.2576100000000001,1.2575200000000002,1,1.5
17.08.2021 00:03:11.239,1.2576100000000001,1.2575,1,1
17.08.2021 00:03:11.441,1.2576100000000001,1.2575200000000002,1,1
17.08.2021 00:03:11.632,1.2576100000000001,1.25753,1,1.69
17.08.2021 00:03:11.834,1.2576100000000001,1.2575200000000002,1,1.1
17.08.2021 00:03:12.484,1.2576200000000002,1.25753,1,1
17.08.2021 00:03:12.585,1.25763,1.25754,1,1.57
17.08.2021 00:03:12.686,1.2576500000000002,1.25754,1,1
17.08.2021 00:03:15.433,1.2576200000000002,1.25754,1,1
17.08.2021 00:03:15.534,1.2576,1.2575100000000001,1,1.57
17.08.2021 00:03:15.635,1.2576200000000002,1.2575100000000001,1,2.32
17.08.2021 00:03:16.004,1.2576200000000002,1.2575200000000002,1,1
17.08.2021 00:03:16.055,1.25763,1.25753,1,1.1
17.08.2021 00:03:16.636,1.2576,1.2575100000000001,1,1.5
17.08.2021 00:03:16.838,1.2576200000000002,1.2575100000000001,1,1.1
17.08.2021 00:03:17.476,1.2576200000000002,1.2575200000000002,1,1
17.08.2021 00:03:17.578,1.25763,1.25753,1,1
17.08.2021 00:03:17.679,1.25764,1.25753,1,1.5
17.08.2021 00:03:19.044,1.2576,1.2575100000000001,1,1.57
17.08.2021 00:03:19.196,1.2576200000000002,1.2575100000000001,1,1
17.08.2021 00:03:19.298,1.2576,1.2575100000000001,1,1.57
17.08.2021 00:03:19.399,1.2576100000000001,1.2575200000000002,1,1.57
17.08.2021 00:03:19.551,1.2576200000000002,1.2575200000000002,1,1
17.08.2021 00:03:20.353,1.25764,1.25753,1,1.5
17.08.2021 00:03:23.865,1.2576200000000002,1.25754,1,1
17.08.2021 00:03:23.966,1.2576100000000001,1.25749,1,1.95
17.08.2021 00:03:24.067,1.2576,1.2575100000000001,1,1.1
17.08.2021 00:03:24.168,1.25759,1.2575200000000002,1,1
17.08.2021 00:03:24.269,1.2576,1.25749,1,1.79
17.08.2021 00:03:24.370,1.2576,1.2575100000000001,1,1
17.08.2021 00:03:24.471,1.2576200000000002,1.2575100000000001,1,1.57
17.08.2021 00:03:30.664,1.2576100000000001,1.25749,1,1
17.08.2021 00:03:30.715,1.25757,1.25749,1,1.95
17.08.2021 00:03:30.866,1.25756,1.25745,1,1.1
17.08.2021 00:03:30.917,1.25754,1.25743,1,1.2
17.08.2021 00:03:31.018,1.25753,1.2574200000000002,1,1.6
17.08.2021 00:03:31.119,1.25753,1.2574200000000002,1,1.1
17.08.2021 00:03:33.110,1.2575200000000002,1.2574100000000001,1,1.1
17.08.2021 00:03:35.564,1.2575100000000001,1.2574,1,1
17.08.2021 00:03:35.666,1.25748,1.25737,1,2.07
17.08.2021 00:03:35.716,1.25747,1.25738,1,1.5
17.08.2021 00:03:35.868,1.25745,1.25733,1,1.76
17.08.2021 00:03:37.884,1.25743,1.2573400000000001,1,1
17.08.2021 00:03:38.519,1.2574400000000001,1.2573400000000001,1,5.2
17.08.2021 00:03:38.570,1.25749,1.25739,1,1
17.08.2021 00:03:38.671,1.2575100000000001,1.2574,1,1
17.08.2021 00:03:42.053,1.25753,1.25745,1,1
17.08.2021 00:03:42.104,1.25758,1.25749,1.62,1
17.08.2021 00:03:42.205,1.25758,1.25749,1.12,1.76
17.08.2021 00:03:45.470,1.25756,1.25748,1,1.1
17.08.2021 00:03:45.571,1.2575500000000002,1.25748,1,1.12
17.08.2021 00:03:45.895,1.2575500000000002,1.25747,1,1.12
17.08.2021 00:03:45.946,1.2575100000000001,1.2574400000000001,1,2.62
17.08.2021 00:03:47.306,1.25758,1.2574100000000001,5.22,1.89
17.08.2021 00:03:47.513,1.25748,1.2574100000000001,1,2.16
17.08.2021 00:03:47.614,1.25749,1.2574,1,1.2
17.08.2021 00:03:47.828,1.25749,1.2574100000000001,1,1.01
17.08.2021 00:03:48.374,1.25756,1.25747,1.12,1.25
17.08.2021 00:03:48.475,1.25756,1.25747,1.12,1.1
17.08.2021 00:03:48.627,1.25754,1.25745,1,1.2
17.08.2021 00:03:48.729,1.25753,1.25745,1,1.39
17.08.2021 00:03:48.830,1.25754,1.25746,1,1.57
17.08.2021 00:03:49.082,1.25757,1.25745,1.35,1.12
17.08.2021 00:03:49.184,1.25749,1.25743,1,1
17.08.2021 00:03:49.285,1.25749,1.2574200000000002,1,1.01
17.08.2021 00:03:49.440,1.25749,1.2574200000000002,1,1.35
17.08.2021 00:03:49.642,1.2575200000000002,1.2574100000000001,1,2.35
17.08.2021 00:03:49.743,1.25753,1.25743,1,1.01
17.08.2021 00:03:49.844,1.25753,1.25743,1,1.35
17.08.2021 00:03:50.368,1.25754,1.25743,1,1.35
17.08.2021 00:03:50.639,1.25754,1.2574400000000001,1,1.35
17.08.2021 00:03:58.380,1.25754,1.25746,1,1.1
17.08.2021 00:03:58.956,1.25754,1.25745,1,1.25
17.08.2021 00:03:59.515,1.2575500000000002,1.25745,1,1.25
17.08.2021 00:03:59.773,1.25754,1.25745,1,1.25
17.08.2021 00:04:00.707,1.25753,1.25745,1,1.76
17.08.2021 00:04:00.985,1.25754,1.25746,1,1.25
17.08.2021 00:04:01.036,1.25758,1.2575,1,1.76
17.08.2021 00:04:01.189,1.25764,1.25749,1.79,1
17.08.2021 00:04:01.240,1.25756,1.25748,1,1.12
17.08.2021 00:04:01.341,1.25756,1.25747,1,1.01
17.08.2021 00:04:02.393,1.25757,1.25747,1,1.57
17.08.2021 00:04:02.495,1.25758,1.25747,1,2.32
17.08.2021 00:04:02.966,1.25756,1.25748,1,1.57
17.08.2021 00:04:03.293,1.25757,1.25746,1,1.01
17.08.2021 00:04:07.433,1.25756,1.25745,1,2.54
17.08.2021 00:04:08.114,1.2575500000000002,1.25745,1,1
17.08.2021 00:04:08.215,1.2575100000000001,1.2574200000000002,1,3.01
17.08.2021 00:04:08.266,1.2575100000000001,1.2574200000000002,1,1.57
17.08.2021 00:04:08.417,1.2575100000000001,1.2574100000000001,1,1
17.08.2021 00:04:08.568,1.2575100000000001,1.2574,1,1.57
17.08.2021 00:04:09.814,1.25749,1.2574,1,1
17.08.2021 00:04:09.915,1.25748,1.2574,1,1.39
17.08.2021 00:04:13.299,1.25745,1.25736,1,1.5
17.08.2021 00:04:13.400,1.2574400000000001,1.25735,1,2.19
17.08.2021 00:04:13.452,1.25745,1.2573400000000001,1,1.5
17.08.2021 00:04:13.554,1.2574400000000001,1.25733,1,1
17.08.2021 00:04:17.932,1.25748,1.2574,2.7,1
17.08.2021 00:04:18.134,1.2575200000000002,1.25738,3.97,1
17.08.2021 00:04:18.235,1.25753,1.25739,2.07,2.25
17.08.2021 00:04:18.336,1.2575500000000002,1.2574400000000001,1.22,1
17.08.2021 00:04:19.923,1.25756,1.25746,1.22,1
17.08.2021 00:04:20.811,1.25758,1.25747,2.35,1
17.08.2021 00:04:20.912,1.2576,1.25747,2.35,1
17.08.2021 00:04:21.014,1.2576100000000001,1.2575100000000001,1.1,1
17.08.2021 00:04:21.064,1.25763,1.2575200000000002,2.5,1
17.08.2021 00:04:21.619,1.25764,1.25753,2.1,1
17.08.2021 00:04:21.720,1.25764,1.25753,2.1,1
17.08.2021 00:04:25.657,1.25763,1.2575200000000002,1.1,1
17.08.2021 00:04:25.954,1.2576200000000002,1.25753,1.1,1
17.08.2021 00:04:33.924,1.25764,1.25753,2.1,1
17.08.2021 00:04:35.302,1.2576200000000002,1.2575100000000001,1.22,1
17.08.2021 00:04:43.144,1.2576200000000002,1.2575100000000001,1.2,1
17.08.2021 00:04:46.648,1.2576,1.2575100000000001,1.1,1
17.08.2021 00:04:48.785,1.25757,1.25746,1,1.5
17.08.2021 00:04:48.886,1.25757,1.25745,3.07,1
17.08.2021 00:04:48.987,1.25757,1.25745,3.47,1
17.08.2021 00:04:50.825,1.25756,1.25745,1.6,1
17.08.2021 00:04:50.927,1.25754,1.25743,1.1,1
17.08.2021 00:04:50.978,1.2575200000000002,1.2574100000000001,1,1
17.08.2021 00:04:51.282,1.2575100000000001,1.2574,1,1
17.08.2021 00:04:51.685,1.2575200000000002,1.2574100000000001,1.1,1
17.08.2021 00:04:51.786,1.2575200000000002,1.2574100000000001,1.1,1
17.08.2021 00:04:54.138,1.2575100000000001,1.2574,1.1,1
17.08.2021 00:04:55.129,1.2575200000000002,1.2574,1.2,1
17.08.2021 00:04:55.235,1.25753,1.2574200000000002,1.6,1
17.08.2021 00:04:55.336,1.25753,1.2574200000000002,1.1,1
17.08.2021 00:04:55.986,1.25754,1.25743,1.1,1
17.08.2021 00:04:56.087,1.25753,1.25743,1.1,1
17.08.2021 00:04:56.188,1.25754,1.25743,1.1,1
17.08.2021 00:04:58.824,1.25753,1.2574400000000001,1.1,1
17.08.2021 00:04:58.982,1.25753,1.2574400000000001,1.22,1
17.08.2021 00:04:59.980,1.25754,1.25743,1.22,1
17.08.2021 00:05:01.998,1.25754,1.25743,1.2,1
17.08.2021 00:05:02.149,1.25754,1.25743,1.1,1
17.08.2021 00:05:02.301,1.25753,1.2574400000000001,1.1,1
17.08.2021 00:05:07.897,1.25753,1.25743,1.1,1
17.08.2021 00:05:09.464,1.25753,1.2574200000000002,1,1
17.08.2021 00:05:12.420,1.25754,1.25743,1.1,1
17.08.2021 00:05:12.961,1.2575200000000002,1.25743,1.1,1
17.08.2021 00:05:13.519,1.2575200000000002,1.2574200000000002,1.1,1
17.08.2021 00:05:13.880,1.25753,1.2574200000000002,1.1,1
17.08.2021 00:05:15.910,1.25753,1.2574100000000001,1.1,1
17.08.2021 00:05:17.114,1.25753,1.2574200000000002,1.1,1
17.08.2021 00:05:17.842,1.25753,1.2574100000000001,1.1,1
17.08.2021 00:05:17.944,1.25753,1.2574200000000002,1.1,1
17.08.2021 00:05:21.421,1.25753,1.2574100000000001,1.1,1
17.08.2021 00:05:22.196,1.2575200000000002,1.25743,1.1,1
17.08.2021 00:05:24.734,1.2575200000000002,1.2574100000000001,1,1
17.08.2021 00:05:30.644,1.2575200000000002,1.25743,1,1
17.08.2021 00:05:33.614,1.25753,1.2574400000000001,1,1
17.08.2021 00:05:36.368,1.25758,1.25747,1.5,1
17.08.2021 00:05:36.469,1.25759,1.25748,1.5,1
17.08.2021 00:05:36.571,1.25759,1.2575,1,1
17.08.2021 00:05:39.962,1.2576100000000001,1.25749,1,1
17.08.2021 00:05:42.713,1.2576,1.2575100000000001,1,1
17.08.2021 00:05:47.851,1.2576,1.25749,1,1
17.08.2021 00:05:47.952,1.2576100000000001,1.25749,1,1
17.08.2021 00:05:48.002,1.25759,1.25748,1,2.25
17.08.2021 00:05:48.103,1.2576100000000001,1.2575,1,1
17.08.2021 00:05:49.102,1.25759,1.25748,1,1.5
17.08.2021 00:05:49.204,1.2576,1.25748,1,1.5
17.08.2021 00:05:49.305,1.2576,1.25749,1,1
17.08.2021 00:05:49.407,1.2576,1.25748,1,1.5
17.08.2021 00:05:49.609,1.2576,1.25749,1,1
17.08.2021 00:05:51.650,1.2576100000000001,1.2575,1,1
17.08.2021 00:06:01.150,1.2576200000000002,1.2575100000000001,1,1
17.08.2021 00:06:13.610,1.2576,1.2575,1,1
17.08.2021 00:06:13.711,1.25759,1.2575,1,1.5
17.08.2021 00:06:14.844,1.2576,1.2575100000000001,1,1
17.08.2021 00:06:14.946,1.2576,1.2575100000000001,1,1.5
17.08.2021 00:06:16.209,1.25763,1.2575200000000002,1.2,1
17.08.2021 00:06:20.048,1.25764,1.25756,1.12,1
17.08.2021 00:06:20.150,1.25768,1.25758,1.12,1.5
17.08.2021 00:06:20.251,1.25768,1.25759,1.1,1.5
17.08.2021 00:06:20.353,1.25769,1.2576,1.1,1
17.08.2021 00:06:20.454,1.25771,1.25764,1,1
17.08.2021 00:06:20.505,1.2577200000000002,1.2576100000000001,1,1.5
17.08.2021 00:06:20.606,1.25773,1.25763,1.12,1
17.08.2021 00:06:20.758,1.25773,1.25764,1,1.5
17.08.2021 00:06:21.282,1.25774,1.25764,1,1
17.08.2021 00:06:21.383,1.25774,1.25763,1,1
17.08.2021 00:06:21.534,1.2577500000000001,1.25766,1.2,1.5
17.08.2021 00:06:22.476,1.2577500000000001,1.25767,1,1
17.08.2021 00:06:22.577,1.25776,1.2576500000000002,1,1.5
17.08.2021 00:06:22.728,1.25776,1.25766,1,1
17.08.2021 00:06:28.074,1.2577500000000001,1.25766,1,1
17.08.2021 00:06:28.125,1.2577200000000002,1.2576100000000001,1,1.5
17.08.2021 00:06:28.277,1.25771,1.2576,1,1
17.08.2021 00:06:28.480,1.25771,1.2576200000000002,1.2,1.5
17.08.2021 00:06:30.575,1.2577500000000001,1.2576500000000002,1.6,1
17.08.2021 00:06:30.777,1.25774,1.25766,1.1,1
17.08.2021 00:06:30.979,1.25774,1.2576500000000002,1.1,1.5
17.08.2021 00:06:31.469,1.25774,1.25766,1.1,1
17.08.2021 00:06:31.570,1.2577500000000001,1.25766,1,1
17.08.2021 00:06:31.621,1.25777,1.25766,1,1.5
17.08.2021 00:06:33.592,1.25777,1.25767,1,1
17.08.2021 00:06:33.694,1.25777,1.25766,1,1.5
17.08.2021 00:06:40.340,1.25776,1.25768,1,1
17.08.2021 00:06:53.466,1.25779,1.25768,1.6,1
17.08.2021 00:06:53.518,1.2578,1.25769,1.12,1.5
17.08.2021 00:06:53.588,1.25781,1.25771,1.5,1
17.08.2021 00:06:53.689,1.2578200000000002,1.2577200000000002,1.5,1.5
17.08.2021 00:06:54.593,1.25781,1.2577200000000002,1.5,1.5
17.08.2021 00:06:54.745,1.25783,1.25774,2,1
17.08.2021 00:06:54.847,1.25783,1.25774,1,1
17.08.2021 00:06:58.869,1.25783,1.25773,1,1
17.08.2021 00:06:59.911,1.25784,1.25773,1.12,1
17.08.2021 00:07:02.874,1.25779,1.25773,1,1
17.08.2021 00:07:02.925,1.2578,1.25769,1,1.5
17.08.2021 00:07:03.026,1.25779,1.25768,1,1.5
17.08.2021 00:07:04.699,1.2578,1.25771,1.12,1
17.08.2021 00:07:04.801,1.25781,1.2577,2,1
17.08.2021 00:07:04.902,1.25781,1.2577,1,1
17.08.2021 00:07:05.003,1.25783,1.2577200000000002,1.6,1
17.08.2021 00:07:05.104,1.2578200000000002,1.25773,1.2,1
17.08.2021 00:07:11.678,1.25783,1.2577200000000002,1.22,1
17.08.2021 00:07:15.813,1.2578200000000002,1.25771,1.1,1.5
17.08.2021 00:07:25.012,1.25783,1.2577200000000002,1.1,1
17.08.2021 00:07:25.113,1.25784,1.25773,1.1,1.5
17.08.2021 00:07:27.775,1.25784,1.2577500000000001,1.22,1
17.08.2021 00:07:29.162,1.25784,1.25773,1.1,1
17.08.2021 00:07:29.748,1.25784,1.2577500000000001,1.1,1
17.08.2021 00:07:33.455,1.2578600000000002,1.2577500000000001,1.1,1
17.08.2021 00:07:36.931,1.25784,1.2577500000000001,1.1,1
17.08.2021 00:07:40.904,1.25783,1.2577500000000001,1,1
17.08.2021 00:07:44.012,1.25783,1.25773,1.1,1
17.08.2021 00:07:44.113,1.25784,1.25774,1.2,1
17.08.2021 00:07:47.586,1.2578500000000001,1.2577500000000001,1.1,1
17.08.2021 00:07:50.873,1.25784,1.25776,1.1,1
17.08.2021 00:07:51.565,1.2578500000000001,1.25774,1.1,1
17.08.2021 00:07:53.608,1.25784,1.25774,1,1
17.08.2021 00:07:56.774,1.2578500000000001,1.25774,1.1,1
17.08.2021 00:07:57.322,1.25784,1.25773,1,1.5
17.08.2021 00:08:10.736,1.25783,1.25773,1,1
17.08.2021 00:08:10.837,1.25783,1.2577200000000002,1.1,1.5
17.08.2021 00:08:12.118,1.25781,1.25773,1,1.5
17.08.2021 00:08:12.220,1.25779,1.25768,1,1.5
17.08.2021 00:08:12.321,1.25777,1.25768,1,1
17.08.2021 00:08:20.473,1.25777,1.25767,1,1.5
17.08.2021 00:08:25.063,1.25776,1.25767,1,1
17.08.2021 00:08:29.351,1.25777,1.25767,1,1
17.08.2021 00:08:31.832,1.25776,1.25767,1,1
17.08.2021 00:08:31.934,1.25776,1.25768,1,1
17.08.2021 00:08:34.740,1.2577500000000001,1.25768,1,1
17.08.2021 00:08:34.863,1.25776,1.25768,1,1
17.08.2021 00:08:35.828,1.2577500000000001,1.25768,1,1
17.08.2021 00:08:39.681,1.25774,1.25766,1,1
17.08.2021 00:08:39.934,1.25774,1.2576500000000002,1,1
17.08.2021 00:08:40.086,1.25774,1.25766,1,1
17.08.2021 00:08:40.237,1.2577500000000001,1.25764,1,1.5
17.08.2021 00:08:40.288,1.25774,1.25767,1,1
17.08.2021 00:08:40.491,1.2577500000000001,1.25764,1,1.5
17.08.2021 00:08:40.643,1.25774,1.2576500000000002,1,1
17.08.2021 00:08:41.370,1.25774,1.25764,1,1.5
17.08.2021 00:08:41.513,1.25774,1.2576500000000002,1,1
17.08.2021 00:08:41.975,1.2577,1.2576100000000001,1,1
17.08.2021 00:08:42.077,1.25769,1.2576,1,1
17.08.2021 00:08:43.825,1.25769,1.25758,1,1.5
17.08.2021 00:08:47.796,1.2577,1.2576500000000002,1,1
17.08.2021 00:08:47.846,1.25773,1.25764,1,1
17.08.2021 00:08:47.897,1.25774,1.25766,1.12,1
17.08.2021 00:08:47.999,1.25776,1.25766,1,1.5
17.08.2021 00:09:01.382,1.25773,1.25764,1,1
17.08.2021 00:09:01.483,1.25769,1.2576200000000002,1,1
17.08.2021 00:09:03.630,1.25769,1.2576100000000001,1,1
17.08.2021 00:09:03.731,1.25769,1.2576,1,1
17.08.2021 00:09:16.998,1.25769,1.25759,1,1
17.08.2021 00:09:31.468,1.25769,1.2576,1,1
17.08.2021 00:09:36.050,1.25768,1.2576,1,1
17.08.2021 00:09:38.569,1.25769,1.2576100000000001,1,1
17.08.2021 00:09:38.679,1.2577,1.25759,1,1.5
17.08.2021 00:09:49.077,1.25768,1.2576,1,1.5
17.08.2021 00:10:09.599,1.25767,1.25759,1,1.5
17.08.2021 00:10:11.088,1.25768,1.25759,1,1
17.08.2021 00:10:15.260,1.25766,1.25758,1,1.5
17.08.2021 00:10:16.181,1.25768,1.25758,1,1
17.08.2021 00:10:16.282,1.25767,1.25758,1,1
17.08.2021 00:10:16.333,1.25768,1.25759,1.1,1.5
17.08.2021 00:10:16.939,1.25769,1.25759,1,1
17.08.2021 00:10:22.322,1.25768,1.2576100000000001,1,1
17.08.2021 00:10:22.373,1.2577200000000002,1.2576200000000002,1,1.12
17.08.2021 00:10:22.424,1.2577500000000001,1.25766,1.5,1
17.08.2021 00:10:22.525,1.2577500000000001,1.25766,1,1
17.08.2021 00:10:22.633,1.2577500000000001,1.25767,1,1.5
17.08.2021 00:10:28.693,1.25777,1.25766,1.1,1.5
17.08.2021 00:10:36.889,1.25776,1.25766,1,1.5
17.08.2021 00:10:47.704,1.25777,1.25768,1.1,1
17.08.2021 00:10:48.394,1.25778,1.25768,1,1
17.08.2021 00:11:00.044,1.25777,1.25768,1.1,1.5
17.08.2021 00:11:06.233,1.25779,1.25768,1.2,1
17.08.2021 00:11:10.667,1.25777,1.25767,1,1
17.08.2021 00:11:24.539,1.25777,1.25768,1,1.5
17.08.2021 00:11:25.540,1.25778,1.25768,1,1
17.08.2021 00:11:25.913,1.2578200000000002,1.25771,1,1.5
17.08.2021 00:11:26.014,1.25781,1.25773,1,1
17.08.2021 00:11:27.920,1.25783,1.25773,1,1
17.08.2021 00:11:29.455,1.25783,1.2577200000000002,1,1.87
17.08.2021 00:11:35.964,1.25778,1.2577200000000002,1,1
17.08.2021 00:11:36.066,1.25779,1.25771,1,1
17.08.2021 00:11:36.167,1.25781,1.2577,1,1.87
17.08.2021 00:11:36.268,1.2578,1.2577,1,1.12
17.08.2021 00:11:36.369,1.25778,1.2577,1,1.5
17.08.2021 00:11:36.470,1.2578,1.2577,1,1.5
17.08.2021 00:11:36.572,1.25781,1.2577,1,1.5
17.08.2021 00:11:37.544,1.25781,1.25771,1,1.87
17.08.2021 00:11:37.645,1.25781,1.2577200000000002,1,1.87
17.08.2021 00:11:38.575,1.2578,1.2577,1,1.87
17.08.2021 00:11:39.120,1.25781,1.2577200000000002,1,1.5
17.08.2021 00:11:40.375,1.2578200000000002,1.2577200000000002,1,1
17.08.2021 00:11:40.476,1.25783,1.25773,1,1
17.08.2021 00:11:41.990,1.2578200000000002,1.25773,1,1.12
17.08.2021 00:11:42.102,1.2578200000000002,1.25771,1,2
17.08.2021 00:11:43.531,1.25778,1.25768,1,2
17.08.2021 00:11:43.633,1.25781,1.25767,2.35,1.5
17.08.2021 00:11:43.734,1.25777,1.25767,1,1
17.08.2021 00:11:45.177,1.25777,1.25769,1,1.5
17.08.2021 00:11:45.228,1.2578,1.25769,1,1
17.08.2021 00:11:45.581,1.2578,1.25771,1,1
17.08.2021 00:11:46.857,1.25781,1.2577200000000002,1,1.5
17.08.2021 00:11:58.332,1.2578200000000002,1.25774,1,1
17.08.2021 00:11:59.373,1.2578200000000002,1.2577200000000002,1,1.12
17.08.2021 00:11:59.475,1.25783,1.25773,1,1
17.08.2021 00:12:07.524,1.25781,1.2577200000000002,1,1.5
17.08.2021 00:12:12.141,1.2578200000000002,1.25773,1,1.5
17.08.2021 00:12:12.350,1.25779,1.25768,1,2.37
17.08.2021 00:12:12.553,1.25777,1.25766,1,2
17.08.2021 00:12:13.904,1.25776,1.25766,1,1.5
17.08.2021 00:12:15.899,1.25776,1.25766,1,1.12
17.08.2021 00:12:16.390,1.25777,1.25766,1,1.87
17.08.2021 00:12:17.967,1.25778,1.25767,1,1
17.08.2021 00:12:31.868,1.25779,1.25771,1.12,1
17.08.2021 00:12:32.020,1.2578,1.2577,1,1.5
17.08.2021 00:12:32.558,1.25781,1.2577,1,1.87
17.08.2021 00:12:38.399,1.25783,1.25773,1,1
17.08.2021 00:12:38.826,1.25783,1.2577200000000002,1,1
17.08.2021 00:12:39.712,1.25783,1.25773,1,1
17.08.2021 00:12:41.879,1.25784,1.25773,1,1.5
17.08.2021 00:12:44.072,1.25783,1.25773,1,1
17.08.2021 00:12:44.173,1.25783,1.2577200000000002,1,1.12
17.08.2021 00:12:46.709,1.25784,1.2577200000000002,1.1,1.87
17.08.2021 00:12:51.793,1.25784,1.25773,1.1,1
17.08.2021 00:13:06.993,1.25783,1.2577200000000002,1,1
17.08.2021 00:13:07.098,1.2578200000000002,1.25771,1,1.5
17.08.2021 00:13:10.364,1.25783,1.2577200000000002,1,1.5
17.08.2021 00:13:10.466,1.2578200000000002,1.2577200000000002,1,1.5
17.08.2021 00:13:14.254,1.2578200000000002,1.25773,1,1
17.08.2021 00:13:28.387,1.2578200000000002,1.2577200000000002,1,1.5
17.08.2021 00:13:31.491,1.25783,1.2577200000000002,1,1
17.08.2021 00:14:12.436,1.25784,1.2577200000000002,1,1.12
17.08.2021 00:14:39.101,1.25783,1.25774,1,1
17.08.2021 00:14:45.084,1.25787,1.25778,1.05,1.5
17.08.2021 00:14:45.185,1.25789,1.2578,1.12,1
17.08.2021 00:14:45.657,1.2579,1.2578,1,1
17.08.2021 00:14:46.953,1.25791,1.2578200000000002,1,1.5
17.08.2021 00:14:49.853,1.25793,1.2578200000000002,1,1
17.08.2021 00:14:54.215,1.25791,1.25781,1,1.5
17.08.2021 00:14:54.334,1.2579200000000001,1.25781,1,1
17.08.2021 00:14:55.712,1.2579,1.25781,1,1.5
17.08.2021 00:14:59.994,1.2579,1.25778,1.57,1.5
17.08.2021 00:15:00.096,1.25789,1.25778,1,1.12
17.08.2021 00:15:00.197,1.25789,1.25779,1,1.12
17.08.2021 00:15:10.008,1.2578600000000002,1.25777,1.5,1.5
17.08.2021 00:15:10.209,1.25787,1.2577500000000001,1,1.12
17.08.2021 00:15:11.024,1.2578600000000002,1.2577500000000001,1,1.12
17.08.2021 00:15:50.737,1.2578600000000002,1.25774,1,1.87
17.08.2021 00:15:50.939,1.2578500000000001,1.25774,1.5,1.12
17.08.2021 00:15:52.700,1.25803,1.2579200000000001,2.05,1
17.08.2021 00:15:52.807,1.2580600000000002,1.25797,1.5,1
17.08.2021 00:15:52.857,1.2580600000000002,1.25797,1,1
17.08.2021 00:15:53.222,1.25808,1.2579600000000002,1.5,1.12
17.08.2021 00:15:55.778,1.2580200000000001,1.25794,1,1.62
17.08.2021 00:15:55.980,1.2580200000000001,1.25791,1.5,1.5
17.08.2021 00:15:56.182,1.25801,1.2579200000000001,1.5,1
17.08.2021 00:15:58.317,1.2580500000000001,1.25794,1.87,1
17.08.2021 00:15:58.995,1.2580500000000001,1.2579500000000001,1,1.12
17.08.2021 00:15:59.096,1.2580700000000002,1.25798,1,1.12
17.08.2021 00:15:59.757,1.2580700000000002,1.25799,1,1
17.08.2021 00:15:59.858,1.2580700000000002,1.25798,1.5,1.12
17.08.2021 00:16:04.937,1.25808,1.25798,1,1
17.08.2021 00:16:22.213,1.2580700000000002,1.25798,1,1
17.08.2021 00:16:35.579,1.25808,1.25798,1,1
17.08.2021 00:16:37.041,1.2580700000000002,1.25798,1,1
17.08.2021 00:16:37.343,1.25808,1.25798,1,1
17.08.2021 00:16:44.863,1.25808,1.25797,1.5,1
17.08.2021 00:16:46.558,1.25808,1.2579600000000002,1.5,1
17.08.2021 00:16:47.736,1.25808,1.25797,1.5,1
17.08.2021 00:16:51.102,1.25808,1.2579600000000002,1.5,1
17.08.2021 00:16:54.539,1.25808,1.25797,1.5,1
17.08.2021 00:16:54.889,1.2580600000000002,1.25797,1,1
17.08.2021 00:16:55.776,1.25808,1.2579600000000002,1.5,1
17.08.2021 00:16:56.550,1.2580700000000002,1.2579600000000002,1,1
17.08.2021 00:16:56.651,1.25808,1.2579600000000002,1.5,1
17.08.2021 00:16:59.578,1.2580700000000002,1.2579600000000002,1,1
17.08.2021 00:17:03.929,1.25801,1.25793,1,1
17.08.2021 00:17:03.980,1.25801,1.2579200000000001,1.25,1.12
17.08.2021 00:17:04.031,1.258,1.25789,1.5,1.5
17.08.2021 00:17:04.132,1.258,1.25789,1.5,1
17.08.2021 00:17:06.229,1.25799,1.2578799999999999,1,1.31
17.08.2021 00:17:06.882,1.258,1.2578799999999999,1.5,1.31
17.08.2021 00:17:08.150,1.25799,1.2578799999999999,1,1
17.08.2021 00:17:08.738,1.258,1.2578799999999999,1.5,1
17.08.2021 00:17:08.903,1.25799,1.2578799999999999,1,1
17.08.2021 00:17:09.110,1.25798,1.25787,1,1.31
17.08.2021 00:17:10.529,1.2579500000000001,1.2578500000000001,1.5,1
17.08.2021 00:17:10.630,1.2579200000000001,1.2578200000000002,1,1.4
17.08.2021 00:17:10.732,1.25791,1.25781,1,1.25
17.08.2021 00:17:12.268,1.25794,1.25783,1,1.25
17.08.2021 00:17:12.521,1.2579200000000001,1.25781,1,1
17.08.2021 00:17:15.034,1.2579200000000001,1.2578,1,1.12
17.08.2021 00:17:17.591,1.2579,1.25779,1,1.51
17.08.2021 00:17:19.481,1.25789,1.25779,1,1.6
17.08.2021 00:17:19.922,1.25789,1.25779,1,1.2
17.08.2021 00:17:21.977,1.2578500000000001,1.25777,1,1.12
17.08.2021 00:17:22.079,1.2578500000000001,1.25774,1,1.81
17.08.2021 00:17:22.180,1.25783,1.25773,1,2.89
17.08.2021 00:17:22.231,1.25784,1.2577200000000002,1,3.45
17.08.2021 00:17:23.054,1.25783,1.2577200000000002,1,2.45
17.08.2021 00:17:23.156,1.25781,1.2577,1,2.7
17.08.2021 00:17:26.703,1.25781,1.2577,1,1.25
17.08.2021 00:17:31.947,1.25779,1.2577,1,2.14
17.08.2021 00:17:35.950,1.25779,1.2577,1,2.26
17.08.2021 00:17:38.539,1.2578,1.25771,1,1.87
17.08.2021 00:17:40.140,1.25781,1.25771,1,1
17.08.2021 00:17:40.569,1.2578200000000002,1.25771,1,1.5
17.08.2021 00:17:41.183,1.25781,1.2577200000000002,1,1.82
17.08.2021 00:17:41.285,1.2578200000000002,1.25773,1,1.5
17.08.2021 00:17:41.544,1.25784,1.25773,1,1
17.08.2021 00:17:49.089,1.2578500000000001,1.25774,1,1
17.08.2021 00:17:49.190,1.25791,1.2578,1.5,2.12
17.08.2021 00:17:49.342,1.2579200000000001,1.25781,1,1.25
17.08.2021 00:17:49.443,1.25791,1.2578200000000002,1,2.57
17.08.2021 00:17:49.826,1.25794,1.25783,1,1
17.08.2021 00:17:51.448,1.2579500000000001,1.2578200000000002,1,1.76
17.08.2021 00:17:57.979,1.2579600000000002,1.2578500000000001,1.5,1.25
17.08.2021 00:17:58.031,1.25799,1.2578600000000002,1,2.2
17.08.2021 00:17:58.132,1.2579600000000002,1.2578600000000002,1,1.45
17.08.2021 00:17:58.234,1.25793,1.2578500000000001,1,1.69
17.08.2021 00:17:58.336,1.2579500000000001,1.25784,1.5,1.85
17.08.2021 00:17:58.437,1.2579600000000002,1.25784,1,3.1
17.08.2021 00:17:58.540,1.25797,1.2578500000000001,1,1.45
17.08.2021 00:18:08.052,1.2579600000000002,1.25784,1,3.1
17.08.2021 00:18:08.628,1.25798,1.2578600000000002,1.5,1.37
17.08.2021 00:18:13.585,1.25797,1.2578500000000001,1,1.85
17.08.2021 00:18:13.737,1.25793,1.2578500000000001,1,1.62
17.08.2021 00:18:13.838,1.2579200000000001,1.2578,1,3.57
17.08.2021 00:18:13.939,1.2579200000000001,1.2578,1,1.25
17.08.2021 00:18:17.615,1.25791,1.2578200000000002,1,1
17.08.2021 00:18:17.716,1.2579200000000001,1.2578200000000002,1.5,1
17.08.2021 00:18:17.818,1.25793,1.2578200000000002,1,1.69
17.08.2021 00:18:18.786,1.25793,1.25781,1,1.76
17.08.2021 00:18:19.183,1.25794,1.25784,1.5,1
17.08.2021 00:18:19.285,1.2579500000000001,1.25783,1,1.82
17.08.2021 00:18:19.336,1.25797,1.25784,1.5,1.01
17.08.2021 00:18:23.241,1.25797,1.25787,1.5,1
17.08.2021 00:18:28.145,1.2579600000000002,1.2578500000000001,1.5,2.14
17.08.2021 00:18:28.246,1.25793,1.25783,1.5,1.5
17.08.2021 00:18:28.348,1.25793,1.25783,1,2.81
17.08.2021 00:18:28.449,1.2579500000000001,1.25783,1,2.14
17.08.2021 00:18:28.550,1.2579600000000002,1.25784,1,1.1
17.08.2021 00:18:32.485,1.25797,1.2578500000000001,1.5,1.37
17.08.2021 00:18:32.536,1.25799,1.25787,1.5,1.25
17.08.2021 00:18:32.689,1.25797,1.2578500000000001,1,3.01
17.08.2021 00:18:32.790,1.25797,1.2578500000000001,1,1.76
17.08.2021 00:18:34.056,1.2579600000000002,1.2578500000000001,1,1.2
17.08.2021 00:18:35.662,1.2579500000000001,1.25784,1,1.75
17.08.2021 00:18:35.814,1.2579500000000001,1.25784,1,1.5
17.08.2021 00:18:35.916,1.2579500000000001,1.2578200000000002,1.5,3.7
17.08.2021 00:18:35.966,1.2579500000000001,1.25784,1,1.85
17.08.2021 00:18:36.068,1.2579600000000002,1.25784,1,3.72
17.08.2021 00:18:36.169,1.25794,1.25784,1.5,1.25
17.08.2021 00:18:36.270,1.2579500000000001,1.25784,1,2.95
17.08.2021 00:18:36.422,1.2579600000000002,1.25784,1,3.72
17.08.2021 00:18:39.781,1.2579500000000001,1.25783,1.5,4.47
17.08.2021 00:18:40.312,1.2579500000000001,1.25783,1.5,4.39
17.08.2021 00:18:40.413,1.2579500000000001,1.25784,1.5,1
17.08.2021 00:18:40.565,1.2579500000000001,1.25783,1.5,4.39
17.08.2021 00:18:40.666,1.2579500000000001,1.25784,1.5,1.5
17.08.2021 00:18:41.421,1.25794,1.25783,1,3.64
17.08.2021 00:18:41.523,1.25793,1.2578500000000001,1,1
17.08.2021 00:18:41.627,1.2579500000000001,1.25784,1.5,1.5
17.08.2021 00:18:41.922,1.25794,1.25783,1,3.64
17.08.2021 00:18:42.024,1.25793,1.2578500000000001,1,1.5
17.08.2021 00:18:44.024,1.25794,1.25783,1,3.64
17.08.2021 00:18:44.126,1.25794,1.25784,1,1
17.08.2021 00:18:45.173,1.25793,1.25784,1,3.64
17.08.2021 00:18:45.275,1.25794,1.25784,1,1.5
17.08.2021 00:18:46.277,1.25794,1.25783,1,3.26
17.08.2021 00:18:46.378,1.25793,1.2578500000000001,1,1.5
17.08.2021 00:18:48.119,1.2579500000000001,1.25783,1.5,4.39
17.08.2021 00:18:48.220,1.2579500000000001,1.25784,1.5,1.5
17.08.2021 00:18:48.904,1.2579500000000001,1.25783,1.5,4.01
17.08.2021 00:18:49.014,1.25794,1.2578500000000001,1.5,1.5
17.08.2021 00:18:50.158,1.2579500000000001,1.25783,1.5,4.01
17.08.2021 00:18:50.259,1.2579500000000001,1.25784,1.5,1.5
17.08.2021 00:18:51.311,1.2579500000000001,1.25783,1.5,4.01
17.08.2021 00:18:51.447,1.2579500000000001,1.25784,1.5,1.5
17.08.2021 00:18:51.663,1.25794,1.25784,1.5,4.01
17.08.2021 00:18:51.983,1.2579500000000001,1.25784,1.5,1.5
17.08.2021 00:18:53.731,1.2579500000000001,1.25783,1.5,5.51
17.08.2021 00:18:53.832,1.25794,1.25783,1,4.01
17.08.2021 00:18:53.933,1.25794,1.25784,1,1.5
17.08.2021 00:18:54.091,1.25794,1.25783,1,4.01
17.08.2021 00:18:54.208,1.25793,1.2578500000000001,1,1.5
17.08.2021 00:18:54.777,1.25794,1.2578500000000001,1.5,1.5
17.08.2021 00:18:55.456,1.2579500000000001,1.25783,2.25,1
17.08.2021 00:18:55.558,1.2579200000000001,1.2578,1.5,1
17.08.2021 00:18:58.918,1.25791,1.25779,1,1.57
17.08.2021 00:18:59.982,1.2579,1.25778,1,1
17.08.2021 00:19:04.201,1.25789,1.25778,1.25,1.5
17.08.2021 00:19:04.302,1.25787,1.2577500000000001,1.5,1.5
17.08.2021 00:19:04.405,1.25787,1.2577500000000001,1.5,1
17.08.2021 00:19:09.566,1.2578600000000002,1.25774,1.5,1
17.08.2021 00:19:10.143,1.2578600000000002,1.25774,1.5,2.87
17.08.2021 00:19:11.981,1.2578600000000002,1.25777,1,1.25
17.08.2021 00:19:12.083,1.25791,1.25781,1.62,1.57
17.08.2021 00:19:12.134,1.2579500000000001,1.2578500000000001,1.5,2.57
17.08.2021 00:19:12.236,1.25798,1.2578600000000002,1.87,1.01
17.08.2021 00:19:12.287,1.25798,1.25789,2,1
17.08.2021 00:19:12.389,1.25798,1.25789,1.5,1
17.08.2021 00:19:15.229,1.2579500000000001,1.2578500000000001,1.5,1.22
17.08.2021 00:19:15.331,1.2579500000000001,1.25783,1,1.97
17.08.2021 00:19:15.457,1.2579600000000002,1.25784,1.5,1.1
17.08.2021 00:19:17.266,1.2579600000000002,1.25787,1,1
17.08.2021 00:19:21.094,1.25799,1.25787,1.5,1
17.08.2021 00:19:21.145,1.2579600000000002,1.25784,1,2.07
17.08.2021 00:19:21.297,1.2579600000000002,1.25784,1,1.57
17.08.2021 00:19:23.181,1.2579500000000001,1.25783,1.5,1.1
17.08.2021 00:19:24.822,1.2579500000000001,1.25783,1,1.1
17.08.2021 00:19:27.029,1.2579500000000001,1.25783,1,1.1
17.08.2021 00:19:27.790,1.2579500000000001,1.25783,1,1.1
17.08.2021 00:19:34.901,1.2579500000000001,1.2578500000000001,1,1.57
17.08.2021 00:19:36.899,1.25797,1.25784,1.5,1.1
17.08.2021 00:19:45.268,1.25793,1.25781,1,2.7
17.08.2021 00:19:45.369,1.2579,1.2578,1,3.04
17.08.2021 00:19:45.420,1.25793,1.2578200000000002,1,1
17.08.2021 00:19:45.471,1.2579500000000001,1.2578200000000002,1.57,1.1
17.08.2021 00:19:53.034,1.2579600000000002,1.25783,1.5,3.47
17.08.2021 00:19:53.085,1.25799,1.25787,1,1.01
17.08.2021 00:19:53.186,1.25798,1.25789,1,1
17.08.2021 00:19:58.059,1.25798,1.25791,1,1
17.08.2021 00:19:58.109,1.25804,1.25793,1.5,1.25
17.08.2021 00:19:58.261,1.2580200000000001,1.2579200000000001,1,1.95
17.08.2021 00:19:59.477,1.25803,1.2579200000000001,1,1
17.08.2021 00:20:18.057,1.25803,1.25791,1,1.1
17.08.2021 00:20:18.108,1.25801,1.2579,1,1.1
17.08.2021 00:20:19.081,1.258,1.2579,1,1
17.08.2021 00:20:22.897,1.258,1.25789,1.5,1.1
17.08.2021 00:20:30.002,1.258,1.2578799999999999,1,1
17.08.2021 00:20:31.024,1.258,1.25787,1.5,1.95
17.08.2021 00:20:31.873,1.258,1.2578799999999999,1,1
17.08.2021 00:20:33.016,1.258,1.25787,1.5,1.95
17.08.2021 00:20:33.169,1.25799,1.25789,1,1
17.08.2021 00:20:43.049,1.25799,1.2578799999999999,1,1
17.08.2021 00:21:38.783,1.258,1.2578799999999999,1,1
17.08.2021 00:21:40.249,1.258,1.25787,1,3.07
17.08.2021 00:21:43.053,1.25799,1.25787,1,3.07
17.08.2021 00:21:43.658,1.25803,1.2579,1.5,3.45
17.08.2021 00:21:43.709,1.25804,1.2579200000000001,1,1
17.08.2021 00:21:43.810,1.2580500000000001,1.25793,1,1.12
17.08.2021 00:21:43.911,1.25803,1.2579,1.5,3.57
17.08.2021 00:21:44.012,1.25803,1.2579200000000001,1.5,3.26
17.08.2021 00:21:44.113,1.25803,1.25794,1,1
17.08.2021 00:21:44.265,1.25804,1.2579200000000001,1,1.39
17.08.2021 00:21:56.012,1.2580500000000001,1.2579500000000001,1,1
17.08.2021 00:22:00.996,1.2580500000000001,1.25794,1,1
17.08.2021 00:22:01.097,1.25801,1.25789,1.5,1.6
17.08.2021 00:22:01.148,1.25799,1.2579,1,1.12
17.08.2021 00:22:01.521,1.258,1.2578799999999999,1,2.51
17.08.2021 00:22:02.084,1.25799,1.25789,1,2.54
17.08.2021 00:22:05.956,1.25804,1.2579200000000001,1,1.01
17.08.2021 00:22:07.464,1.25803,1.2579200000000001,1,1.1
17.08.2021 00:22:07.514,1.25801,1.25789,1,1.97
17.08.2021 00:22:07.615,1.25799,1.2579,1,1.97
17.08.2021 00:22:07.767,1.258,1.25789,1,1.95
17.08.2021 00:22:11.506,1.25799,1.25789,1,1.6
17.08.2021 00:22:11.608,1.258,1.2578799999999999,1,1.6
17.08.2021 00:22:59.015,1.25799,1.2578799999999999,1,1.97
17.08.2021 00:22:59.625,1.2579600000000002,1.25787,1,1
17.08.2021 00:22:59.727,1.25797,1.25784,1,1.6
17.08.2021 00:22:59.828,1.25797,1.25784,1,1.1
17.08.2021 00:23:11.839,1.25797,1.25783,1.5,2.1
17.08.2021 00:23:34.621,1.2579500000000001,1.2578200000000002,1,3.79
17.08.2021 00:23:34.723,1.2579500000000001,1.25783,1,4.35
17.08.2021 00:23:35.942,1.2579600000000002,1.2578500000000001,1,1.1
17.08.2021 00:23:42.110,1.2579600000000002,1.2578600000000002,1,1
17.08.2021 00:24:03.588,1.2579600000000002,1.25784,1,1.1
17.08.2021 00:24:03.690,1.2579600000000002,1.2578500000000001,1,1
17.08.2021 00:24:19.886,1.25798,1.2578799999999999,1,1
17.08.2021 00:24:23.945,1.25798,1.25789,1,1
17.08.2021 00:24:25.102,1.25797,1.25789,1,1
17.08.2021 00:24:25.712,1.258,1.2578799999999999,1,1
17.08.2021 00:24:27.872,1.25798,1.2578600000000002,1,1.57
17.08.2021 00:24:31.602,1.25799,1.25787,1,1.1
17.08.2021 00:24:31.704,1.25798,1.25789,1,1.1
17.08.2021 00:24:45.554,1.25799,1.2579,1,1
17.08.2021 00:25:25.020,1.25801,1.25789,1,1
17.08.2021 00:25:48.168,1.25801,1.2579,1,1.57
17.08.2021 00:25:48.270,1.2580200000000001,1.2579,1,1.5
17.08.2021 00:25:48.472,1.25804,1.2579,1.5,2.32
17.08.2021 00:26:00.921,1.25808,1.2579500000000001,1.12,1.5
17.08.2021 00:26:01.022,1.25808,1.2579600000000002,1,1
17.08.2021 00:26:24.093,1.2580700000000002,1.2579600000000002,1,1
17.08.2021 00:26:24.207,1.2580600000000002,1.2579600000000002,1,1
17.08.2021 00:26:28.907,1.2580700000000002,1.25794,1,1.76
17.08.2021 00:26:33.047,1.25808,1.25794,1,3.64
17.08.2021 00:26:40.107,1.25808,1.2579500000000001,1,1
17.08.2021 00:26:43.103,1.25808,1.25794,1,4.09
17.08.2021 00:26:43.235,1.25808,1.2579500000000001,1,1
17.08.2021 00:26:51.124,1.2580700000000002,1.2579500000000001,1.5,4.09
17.08.2021 00:26:52.755,1.25808,1.2579500000000001,1,1
17.08.2021 00:26:59.175,1.25808,1.2579600000000002,1.5,1.5
17.08.2021 00:27:04.408,1.25808,1.2579500000000001,1,1
17.08.2021 00:27:09.925,1.25808,1.25794,1,2.7
17.08.2021 00:27:12.282,1.25808,1.2579500000000001,1,1.5
17.08.2021 00:27:12.383,1.2580700000000002,1.2579500000000001,1,3.15
17.08.2021 00:27:17.018,1.25808,1.2579500000000001,1,1.5
17.08.2021 00:27:18.655,1.25808,1.2579600000000002,1,1
17.08.2021 00:27:19.090,1.2580700000000002,1.25798,1,1
17.08.2021 00:27:19.191,1.25814,1.25801,1.6,1.5
17.08.2021 00:27:19.242,1.25815,1.25803,1.6,1
17.08.2021 00:27:19.394,1.25815,1.25804,1,1
17.08.2021 00:27:25.252,1.25815,1.2580500000000001,1,1
17.08.2021 00:27:26.194,1.2581700000000002,1.25804,1,2.25
17.08.2021 00:27:26.295,1.25818,1.2580500000000001,1.12,1.5
17.08.2021 00:27:26.806,1.2581700000000002,1.2580500000000001,1,1
17.08.2021 00:27:27.475,1.25821,1.25809,1,1.25
17.08.2021 00:27:27.526,1.25823,1.2581,1,1
17.08.2021 00:27:27.627,1.25824,1.2581,1.87,1.76
17.08.2021 00:27:31.936,1.25824,1.25811,1,1
17.08.2021 00:27:34.577,1.25824,1.2581200000000001,1,1
17.08.2021 00:27:47.236,1.2582,1.25808,1.1,1.5
17.08.2021 00:27:47.338,1.2581600000000002,1.2580600000000002,1,1.5
17.08.2021 00:27:47.388,1.2581700000000002,1.2580500000000001,1,1
17.08.2021 00:27:52.897,1.2581700000000002,1.25804,1,1.1
17.08.2021 00:27:56.033,1.25819,1.2580600000000002,1,2
17.08.2021 00:27:56.135,1.25819,1.25808,1,1.12
17.08.2021 00:28:01.897,1.2582,1.25808,1,1
17.08.2021 00:28:02.907,1.25818,1.2580600000000002,1,1
17.08.2021 00:28:03.008,1.2581700000000002,1.2580500000000001,1,1.12
17.08.2021 00:28:06.059,1.2581700000000002,1.2580600000000002,1,1
17.08.2021 00:28:10.897,1.25818,1.25804,1.1,1.5
17.08.2021 00:28:18.466,1.25815,1.2580500000000001,1,1
17.08.2021 00:28:20.890,1.2581700000000002,1.25804,1,1
17.08.2021 00:28:20.992,1.2581700000000002,1.2580500000000001,1,1
17.08.2021 00:28:21.093,1.2581600000000002,1.2580500000000001,1,1
17.08.2021 00:28:26.920,1.25818,1.2580500000000001,1,1.1
17.08.2021 00:28:27.389,1.2581600000000002,1.2580500000000001,1,1
17.08.2021 00:28:27.771,1.2581600000000002,1.25804,1,1.1
17.08.2021 00:28:32.150,1.25818,1.2580500000000001,1,1.1
17.08.2021 00:28:32.201,1.25819,1.2580700000000002,1,1
17.08.2021 00:28:32.554,1.25819,1.25809,1,1
17.08.2021 00:28:46.619,1.25819,1.2580600000000002,1.1,1
17.08.2021 00:28:46.670,1.25815,1.2580500000000001,1,2.05
17.08.2021 00:28:46.872,1.2581600000000002,1.25804,1,1.57
17.08.2021 00:29:03.154,1.2581700000000002,1.2580500000000001,1,2.32
17.08.2021 00:29:03.256,1.25815,1.2580600000000002,1,2.32
17.08.2021 00:29:04.193,1.25815,1.2580500000000001,1,1.1
17.08.2021 00:29:21.459,1.2581700000000002,1.25808,1,1
17.08.2021 00:29:21.510,1.25819,1.25808,1.12,1.1
17.08.2021 00:29:21.714,1.25819,1.25809,1,1
17.08.2021 00:29:21.816,1.2582,1.25809,1,1
17.08.2021 00:29:25.634,1.2582200000000001,1.2581200000000001,1,1
17.08.2021 00:29:26.208,1.25821,1.2581200000000001,1,1.1
17.08.2021 00:29:26.309,1.2582200000000001,1.2581,1,1.1
17.08.2021 00:29:26.475,1.2582200000000001,1.2581,1,1.1
17.08.2021 00:29:55.070,1.2581600000000002,1.2580600000000002,1,2.82
17.08.2021 00:29:55.272,1.2581600000000002,1.25804,1,1.1
17.08.2021 00:30:00.137,1.2581600000000002,1.2580500000000001,1,1
17.08.2021 00:30:03.706,1.25815,1.2580500000000001,1,1.1
17.08.2021 00:30:37.883,1.25818,1.25809,1,1
17.08.2021 00:30:37.934,1.25821,1.25811,1,1
17.08.2021 00:30:37.985,1.25823,1.25811,1.2,1
17.08.2021 00:30:50.497,1.25823,1.25814,1,1
17.08.2021 00:30:50.599,1.25823,1.25813,1,1.1
17.08.2021 00:31:02.832,1.25824,1.25811,1,1.1
17.08.2021 00:31:03.003,1.25819,1.25811,1,1
17.08.2021 00:31:03.105,1.2582,1.25811,1,1
17.08.2021 00:31:04.156,1.25823,1.25813,1,1
17.08.2021 00:31:05.060,1.2582200000000001,1.2581200000000001,1,1
17.08.2021 00:31:05.161,1.2581700000000002,1.25809,1,3.12
17.08.2021 00:31:05.313,1.2581600000000002,1.2580700000000002,1,1.5
17.08.2021 00:31:05.364,1.2581600000000002,1.2580600000000002,1,1.12
17.08.2021 00:31:27.085,1.25815,1.2580600000000002,1,1
17.08.2021 00:31:28.053,1.2581700000000002,1.2580500000000001,1.5,1
17.08.2021 00:31:33.596,1.2581600000000002,1.2580500000000001,1,1
17.08.2021 00:31:37.789,1.2581700000000002,1.2580500000000001,1.57,1
17.08.2021 00:31:37.944,1.25815,1.2580500000000001,1,1.12
17.08.2021 00:31:39.996,1.2581600000000002,1.2580500000000001,1,1
17.08.2021 00:31:43.783,1.2581600000000002,1.25804,1,1
17.08.2021 00:31:46.897,1.2581600000000002,1.2580500000000001,1,1
17.08.2021 00:31:55.622,1.25815,1.2580500000000001,1.5,1
17.08.2021 00:31:56.113,1.2581200000000001,1.25803,1.01,1
17.08.2021 00:31:56.214,1.2581200000000001,1.258,1,2
17.08.2021 00:31:56.315,1.25811,1.25801,1,1.5
17.08.2021 00:31:56.417,1.25813,1.25803,1.2,1
17.08.2021 00:32:00.154,1.25813,1.25804,1,1
17.08.2021 00:32:00.457,1.25814,1.25803,1,2.12
17.08.2021 00:32:00.792,1.2581600000000002,1.25803,1,2.87
17.08.2021 00:32:03.580,1.2581600000000002,1.2580500000000001,1,1
17.08.2021 00:32:05.034,1.25819,1.2580700000000002,1,1.5
17.08.2021 00:32:05.085,1.2582,1.25809,1.2,1
17.08.2021 00:32:27.753,1.25819,1.2580700000000002,2.72,1.5
17.08.2021 00:32:27.804,1.2581700000000002,1.2580600000000002,1,1
17.08.2021 00:32:27.905,1.2581600000000002,1.2580500000000001,1,1
17.08.2021 00:32:48.144,1.2581600000000002,1.2581,1,1
17.08.2021 00:32:48.195,1.25821,1.2581,1,1
17.08.2021 00:32:48.297,1.2582200000000001,1.2581,1,1
17.08.2021 00:32:48.549,1.25824,1.2581200000000001,1,1
17.08.2021 00:33:07.487,1.25823,1.2581200000000001,1,1
17.08.2021 00:33:31.018,1.2582200000000001,1.2581200000000001,1,1
17.08.2021 00:33:34.898,1.2582200000000001,1.25813,1,1
17.08.2021 00:33:36.946,1.25824,1.2581200000000001,1,1
17.08.2021 00:33:37.047,1.25825,1.25813,1,1
17.08.2021 00:33:38.671,1.25823,1.2581200000000001,1,1
17.08.2021 00:33:39.663,1.25823,1.25811,1.1,1
17.08.2021 00:33:43.964,1.25823,1.2581200000000001,1,1
17.08.2021 00:33:47.636,1.25823,1.25811,1,1
17.08.2021 00:33:49.097,1.2582200000000001,1.2581,1,1.5
17.08.2021 00:33:52.937,1.25821,1.2581200000000001,1,1
17.08.2021 00:33:55.589,1.25821,1.25811,1,1
17.08.2021 00:33:58.772,1.2582200000000001,1.25811,1,1
17.08.2021 00:33:58.873,1.25823,1.25811,1.1,1
17.08.2021 00:34:03.050,1.2582200000000001,1.2581,1.1,1
17.08.2021 00:34:29.051,1.25815,1.2580700000000002,1,1.5
17.08.2021 00:34:29.253,1.25815,1.2580600000000002,1,1
17.08.2021 00:34:32.519,1.2581600000000002,1.25804,1.1,1
17.08.2021 00:34:33.631,1.2581700000000002,1.2580500000000001,1,2.5
17.08.2021 00:34:33.733,1.2582200000000001,1.2581,1.77,1
17.08.2021 00:34:33.835,1.2582200000000001,1.2581,1.1,1
17.08.2021 00:34:34.666,1.25821,1.25809,1,1
17.08.2021 00:34:39.351,1.2582200000000001,1.2581,1.1,1
17.08.2021 00:34:44.491,1.25821,1.25808,1.1,1
17.08.2021 00:34:45.002,1.25819,1.25808,1,1
17.08.2021 00:34:49.112,1.25819,1.2580700000000002,1,1
17.08.2021 00:35:01.204,1.25821,1.2581,1,1
17.08.2021 00:35:01.306,1.2582200000000001,1.2581,1.1,1
17.08.2021 00:35:01.458,1.25823,1.2581,1.1,1
17.08.2021 00:35:02.483,1.2582200000000001,1.2581200000000001,1,1
17.08.2021 00:35:08.537,1.25823,1.2581,1.1,1
17.08.2021 00:35:08.639,1.25821,1.25811,1.1,1
17.08.2021 00:35:12.097,1.25821,1.25809,1,1
17.08.2021 00:35:20.258,1.25819,1.2580600000000002,1.1,2.25
17.08.2021 00:35:20.360,1.2581700000000002,1.2580600000000002,1,3.37
17.08.2021 00:35:20.411,1.2581600000000002,1.2580500000000001,1,1.12
17.08.2021 00:35:20.513,1.25818,1.2580500000000001,1,2.25
17.08.2021 00:35:20.665,1.2581700000000002,1.2580600000000002,1,2.94
17.08.2021 00:35:21.653,1.25815,1.2580600000000002,1,1
17.08.2021 00:35:23.014,1.25815,1.2580500000000001,1,1
17.08.2021 00:35:24.388,1.25815,1.25804,1,1
17.08.2021 00:35:24.489,1.2581600000000002,1.25804,1.1,1
17.08.2021 00:35:28.897,1.2581600000000002,1.25803,1,1
17.08.2021 00:35:42.286,1.2581600000000002,1.25803,1,1.6
17.08.2021 00:35:46.181,1.2581600000000002,1.25803,1,1.6
17.08.2021 00:35:47.100,1.25815,1.25804,1,1.1
17.08.2021 00:35:47.787,1.25815,1.25804,1,1.79
17.08.2021 00:35:51.314,1.25815,1.25804,1,1.1
17.08.2021 00:35:51.567,1.25815,1.25804,1,1.1
17.08.2021 00:35:51.850,1.25814,1.2580500000000001,1,1.1
17.08.2021 00:36:08.152,1.25814,1.2580500000000001,1,1.1
17.08.2021 00:36:15.590,1.25815,1.25804,1,1.1
17.08.2021 00:36:47.407,1.2581600000000002,1.25804,1,1.1
17.08.2021 00:37:15.835,1.25815,1.2580500000000001,1,1.1
17.08.2021 00:37:16.667,1.25818,1.25804,1.5,1.6
17.08.2021 00:37:46.817,1.25823,1.25811,1.57,1
17.08.2021 00:37:46.918,1.25824,1.25811,1.5,1
17.08.2021 00:37:47.020,1.25825,1.2581200000000001,1.95,1
17.08.2021 00:38:00.614,1.2582600000000002,1.25813,1.12,1.5
17.08.2021 00:38:24.548,1.25824,1.25813,1,1
17.08.2021 00:38:50.182,1.2582600000000002,1.25813,1,1.5
17.08.2021 00:38:51.507,1.2582600000000002,1.25814,1,1
17.08.2021 00:38:55.876,1.25825,1.25813,1,1.1
17.08.2021 00:38:55.978,1.25824,1.25813,1,1.95
17.08.2021 00:39:10.155,1.25823,1.2581200000000001,1,1.5
17.08.2021 00:39:13.794,1.2582200000000001,1.2581200000000001,1,1
17.08.2021 00:39:15.048,1.25821,1.2581200000000001,1,1.57
17.08.2021 00:39:15.845,1.25821,1.25811,1,1.57
17.08.2021 00:39:16.170,1.2582200000000001,1.25811,1,1.57
17.08.2021 00:39:22.192,1.2582200000000001,1.2581200000000001,1,1
17.08.2021 00:39:24.447,1.2582200000000001,1.25811,1,1.57
17.08.2021 00:39:24.549,1.2582200000000001,1.2581200000000001,1,1
17.08.2021 00:39:36.037,1.25823,1.25813,1.5,1
17.08.2021 00:39:39.916,1.25823,1.2581200000000001,1,1
17.08.2021 00:39:43.919,1.25824,1.2581200000000001,1.5,1
17.08.2021 00:39:46.959,1.25823,1.2581200000000001,1,1
17.08.2021 00:39:48.762,1.25824,1.2581200000000001,1.5,1
17.08.2021 00:39:51.783,1.25828,1.25815,2.32,3
17.08.2021 00:39:51.934,1.2582700000000002,1.25815,1,1
17.08.2021 00:39:56.484,1.2582700000000002,1.25814,2.32,1.5
17.08.2021 00:39:56.535,1.25824,1.25813,1,1.1
17.08.2021 00:39:56.636,1.25823,1.25813,1.5,1.2
17.08.2021 00:39:56.788,1.25823,1.2581200000000001,1.5,1.95
17.08.2021 00:40:00.331,1.25823,1.25813,1.5,1
17.08.2021 00:40:07.139,1.25824,1.25811,1.5,1.57
17.08.2021 00:40:11.248,1.25823,1.25811,1,1.57
17.08.2021 00:40:11.350,1.25815,1.2580700000000002,1,1.6
17.08.2021 00:40:11.501,1.25815,1.2580600000000002,1,1.57
17.08.2021 00:40:17.482,1.25815,1.2580500000000001,1,1
17.08.2021 00:40:17.583,1.25815,1.25803,1,1
17.08.2021 00:40:26.198,1.25814,1.2580500000000001,1,1
17.08.2021 00:40:26.299,1.2581600000000002,1.25804,1,1
17.08.2021 00:40:52.831,1.2581600000000002,1.2580500000000001,1,1
17.08.2021 00:40:54.806,1.2581600000000002,1.2580700000000002,1,1
17.08.2021 00:40:54.907,1.2581600000000002,1.2580600000000002,1,1
17.08.2021 00:40:59.738,1.2581600000000002,1.2580500000000001,1,1
17.08.2021 00:41:11.290,1.2581600000000002,1.2580600000000002,1,1
17.08.2021 00:41:16.553,1.2581700000000002,1.2580600000000002,1,1
17.08.2021 00:41:16.859,1.2581700000000002,1.2580500000000001,1,1
17.08.2021 00:41:20.578,1.2581700000000002,1.2580600000000002,1,1
17.08.2021 00:41:35.845,1.25815,1.2580500000000001,1,1.1
17.08.2021 00:41:35.998,1.2581600000000002,1.2580500000000001,1,1.1
17.08.2021 00:41:36.517,1.2581600000000002,1.25804,1,1.1
17.08.2021 00:41:36.625,1.2581600000000002,1.2580500000000001,1,1
17.08.2021 00:41:37.590,1.2581600000000002,1.25804,1,1.1
17.08.2021 00:41:37.793,1.2581600000000002,1.2580500000000001,1,1.1
17.08.2021 00:41:45.364,1.2581600000000002,1.25804,1,1.1
17.08.2021 00:41:45.566,1.2581600000000002,1.2580500000000001,1,1.1
17.08.2021 00:41:46.620,1.2581600000000002,1.25804,1,1.1
17.08.2021 00:41:46.925,1.2581600000000002,1.2580500000000001,1,1
17.08.2021 00:41:47.033,1.25815,1.2580500000000001,1,1.1
17.08.2021 00:41:47.235,1.2581700000000002,1.2580500000000001,1,1
17.08.2021 00:41:49.017,1.2581700000000002,1.25804,1,1.57
17.08.2021 00:41:49.169,1.2581700000000002,1.2580500000000001,1,1
17.08.2021 00:41:52.067,1.25815,1.2580500000000001,1,1.1
17.08.2021 00:41:52.256,1.2581600000000002,1.2580500000000001,1,1
17.08.2021 00:41:54.625,1.25818,1.2580700000000002,1,1
17.08.2021 00:41:54.676,1.25821,1.25809,1.12,1
17.08.2021 00:41:54.777,1.25821,1.2581,1.12,1
17.08.2021 00:41:56.358,1.25823,1.25813,1.1,1
17.08.2021 00:42:08.558,1.25821,1.25811,1,1.1
17.08.2021 00:42:08.659,1.25821,1.25813,1,1
17.08.2021 00:42:08.710,1.25824,1.2581200000000001,1.1,1
17.08.2021 00:42:13.139,1.25823,1.25811,1.1,1
17.08.2021 00:42:13.190,1.25819,1.25808,1,1
17.08.2021 00:42:13.291,1.25819,1.2580700000000002,1,1
17.08.2021 00:42:21.014,1.25821,1.25809,1,1
17.08.2021 00:42:21.115,1.2582,1.25809,1,1.2
17.08.2021 00:42:24.612,1.25821,1.2581,1.1,1
17.08.2021 00:42:37.274,1.2582200000000001,1.25813,1,1
17.08.2021 00:42:58.742,1.25823,1.25811,1,1
17.08.2021 00:42:58.844,1.25821,1.2581200000000001,1,1
17.08.2021 00:42:59.102,1.2582200000000001,1.2581,1,1
17.08.2021 00:43:01.178,1.2581600000000002,1.2580700000000002,1,1.5
17.08.2021 00:43:01.380,1.2581600000000002,1.2580700000000002,1,1
17.08.2021 00:43:02.110,1.25815,1.2580600000000002,1,1
17.08.2021 00:43:02.212,1.2581600000000002,1.2580600000000002,1,1
17.08.2021 00:43:02.262,1.25818,1.2580600000000002,1.1,1
17.08.2021 00:43:24.080,1.25818,1.2580700000000002,1.5,1.1
17.08.2021 00:43:24.232,1.25819,1.2580700000000002,1,1
17.08.2021 00:43:25.060,1.2582200000000001,1.2581,1,1
17.08.2021 00:43:28.130,1.2582200000000001,1.2581200000000001,1,1
17.08.2021 00:43:28.232,1.25823,1.2581200000000001,1,1
17.08.2021 00:43:31.897,1.2582200000000001,1.25814,1,1
17.08.2021 00:43:35.266,1.25823,1.25814,1,1
17.08.2021 00:43:39.346,1.2582600000000002,1.25814,1,1
17.08.2021 00:43:39.548,1.2582600000000002,1.25813,1,1.1
17.08.2021 00:43:39.700,1.25824,1.25813,1,1.1
17.08.2021 00:43:39.751,1.2582600000000002,1.25813,1.5,1.1
17.08.2021 00:43:42.783,1.2582600000000002,1.2581600000000002,1,1
17.08.2021 00:43:42.884,1.2582600000000002,1.2581700000000002,1,1
17.08.2021 00:43:43.303,1.2582600000000002,1.2581600000000002,1,1.1
17.08.2021 00:43:43.404,1.2582700000000002,1.2581600000000002,1,1
17.08.2021 00:43:43.556,1.2582700000000002,1.25815,1,1.1
17.08.2021 00:43:49.205,1.2582900000000001,1.2581600000000002,1,1.1
17.08.2021 00:43:49.307,1.2583,1.2581700000000002,1.1,1
17.08.2021 00:43:51.532,1.25832,1.2582,1.2,1
17.08.2021 00:43:51.633,1.2583,1.25821,1.1,1
17.08.2021 00:44:00.866,1.25831,1.25819,1,1
17.08.2021 00:44:02.407,1.2583,1.25819,1,1
17.08.2021 00:44:02.559,1.25831,1.25819,1,1
17.08.2021 00:44:02.660,1.2583,1.25819,1,1
17.08.2021 00:44:04.164,1.25831,1.25819,1,1
17.08.2021 00:44:05.187,1.2582900000000001,1.2582,1,1
17.08.2021 00:44:05.295,1.2582900000000001,1.25819,1,1
17.08.2021 00:44:11.011,1.2583,1.25819,1,1
17.08.2021 00:44:13.355,1.2582900000000001,1.25819,1,1
17.08.2021 00:44:19.548,1.2583,1.25819,1,1
17.08.2021 00:44:28.868,1.2583,1.25818,1,1.1
17.08.2021 00:44:29.713,1.2582900000000001,1.25818,1,1
17.08.2021 00:44:29.764,1.2582700000000002,1.25815,1,1.2
17.08.2021 00:44:31.821,1.2582600000000002,1.25815,1,1
17.08.2021 00:44:44.709,1.2583,1.25818,1.12,1
17.08.2021 00:44:44.861,1.2583,1.2581700000000002,1.87,1
17.08.2021 00:44:45.173,1.2583,1.25818,1,1
17.08.2021 00:44:49.897,1.2583,1.25819,1,1
17.08.2021 00:45:00.647,1.2582700000000002,1.25818,1,1
17.08.2021 00:45:00.800,1.2583,1.2581700000000002,1.57,1
17.08.2021 00:45:01.610,1.2582700000000002,1.2581600000000002,1,1
17.08.2021 00:45:01.711,1.25828,1.2581600000000002,1,1
17.08.2021 00:45:04.532,1.25828,1.2581700000000002,1.5,1
17.08.2021 00:45:05.053,1.25828,1.2581600000000002,1,1
17.08.2021 00:45:08.808,1.2582900000000001,1.2581600000000002,1.5,1
17.08.2021 00:45:13.003,1.2583,1.25818,1,1
17.08.2021 00:45:19.526,1.2582900000000001,1.2582,1,1
17.08.2021 00:45:52.898,1.2583,1.2582,1,1
17.08.2021 00:45:54.463,1.2583,1.25819,1,1
17.08.2021 00:46:02.426,1.25831,1.2582,1,1
17.08.2021 00:46:04.679,1.25831,1.25819,1,1
17.08.2021 00:46:14.226,1.25831,1.2582,1,1
17.08.2021 00:46:15.382,1.25831,1.25819,1,1
17.08.2021 00:46:15.483,1.2583,1.25821,1,1
17.08.2021 00:46:18.582,1.2583,1.2582,1,1
17.08.2021 00:46:19.484,1.25831,1.2582,1,1
17.08.2021 00:46:19.585,1.25831,1.25819,1,1
17.08.2021 00:46:19.904,1.25831,1.2582,1,1
17.08.2021 00:46:25.297,1.25831,1.2582200000000001,1,1
17.08.2021 00:46:25.398,1.2583600000000001,1.25824,1.5,1
17.08.2021 00:46:25.500,1.2583700000000002,1.25825,2.51,1
17.08.2021 00:46:26.223,1.25834,1.25824,1,1
17.08.2021 00:46:26.325,1.25831,1.2582,1,1.31
17.08.2021 00:46:26.477,1.25831,1.25821,1,1
17.08.2021 00:46:30.843,1.25831,1.25819,1,1.01
17.08.2021 00:46:34.948,1.2583,1.25821,1,1
17.08.2021 00:46:39.761,1.25831,1.25819,1,1
17.08.2021 00:47:04.916,1.25831,1.25818,1.5,1
17.08.2021 00:47:08.914,1.25831,1.2581700000000002,1.5,1.95
17.08.2021 00:47:08.965,1.2583,1.2582,1,1
17.08.2021 00:47:11.266,1.25832,1.2582,1,1.95
17.08.2021 00:47:11.368,1.25832,1.25821,1,1.5
17.08.2021 00:47:11.469,1.25833,1.25821,1,1.57
17.08.2021 00:47:11.684,1.25832,1.25821,1.5,1.5
17.08.2021 00:47:13.065,1.25832,1.2582,1,1.1
17.08.2021 00:47:19.390,1.25832,1.25819,1.5,2.89
17.08.2021 00:47:20.118,1.2583,1.2582,1,2.89
17.08.2021 00:47:20.220,1.25831,1.2582,1,1
17.08.2021 00:47:20.321,1.25831,1.25819,1,2.14
17.08.2021 00:47:20.422,1.25831,1.2582,1.5,2.14
17.08.2021 00:47:21.131,1.25833,1.25819,1.5,2.89
17.08.2021 00:47:21.553,1.25835,1.25823,1,1
17.08.2021 00:47:21.655,1.25835,1.25824,1.5,1
17.08.2021 00:47:25.898,1.2583600000000001,1.25824,1,1
17.08.2021 00:47:26.910,1.25834,1.25825,1,1
17.08.2021 00:47:27.011,1.25835,1.2582200000000001,1.5,1.1
17.08.2021 00:47:28.287,1.25832,1.25821,1,1
17.08.2021 00:47:29.675,1.25832,1.25819,1.5,3.26
17.08.2021 00:47:31.160,1.25831,1.25819,1,1.76
17.08.2021 00:47:52.944,1.25831,1.25818,1.5,1.1
17.08.2021 00:48:16.353,1.2583,1.25818,1,1
17.08.2021 00:48:45.611,1.2582900000000001,1.2582,1,1.1
17.08.2021 00:48:46.999,1.25831,1.25819,1,1
17.08.2021 00:48:57.132,1.25831,1.25818,1.5,1.76
17.08.2021 00:48:57.346,1.2583,1.2582,1.5,1
17.08.2021 00:48:58.247,1.2583700000000002,1.2582700000000002,2.82,1
17.08.2021 00:48:58.449,1.25838,1.2582700000000002,1,1
17.08.2021 00:48:59.624,1.25838,1.25828,1,1
17.08.2021 00:49:00.399,1.2583700000000002,1.25828,1,1
17.08.2021 00:49:01.301,1.2583900000000001,1.2582700000000002,1.1,1
17.08.2021 00:49:01.452,1.2583600000000001,1.25823,2.32,1.5
17.08.2021 00:49:01.503,1.25832,1.2582200000000001,1,2
17.08.2021 00:49:01.655,1.25833,1.25821,1,1
17.08.2021 00:49:02.492,1.25833,1.2582200000000001,1,1
17.08.2021 00:49:02.694,1.25833,1.25821,1,1
17.08.2021 00:49:03.890,1.25833,1.2582,1,1.57
17.08.2021 00:49:12.802,1.25833,1.25821,1,1
17.08.2021 00:49:12.903,1.25831,1.25821,1,1
17.08.2021 00:49:13.119,1.25833,1.2582200000000001,2.32,1
17.08.2021 00:49:15.040,1.25833,1.2582,1,1.5
17.08.2021 00:49:15.142,1.25832,1.2582200000000001,1,1
17.08.2021 00:49:16.604,1.25833,1.2582200000000001,1.5,1.5
17.08.2021 00:49:19.953,1.25832,1.2582200000000001,1.1,1
17.08.2021 00:49:28.533,1.25833,1.2582,1.5,1.57
17.08.2021 00:49:30.046,1.25832,1.25819,1.5,1.57
17.08.2021 00:49:40.898,1.25831,1.25819,1,1
17.08.2021 00:49:51.586,1.2582600000000002,1.25818,1,1
17.08.2021 00:49:51.637,1.2582600000000002,1.2581600000000002,1,1.12
17.08.2021 00:49:51.789,1.2582700000000002,1.2581700000000002,1,1
17.08.2021 00:49:53.720,1.2582900000000001,1.25818,1,1
17.08.2021 00:49:57.435,1.2583,1.25818,1,1
17.08.2021 00:50:00.246,1.25828,1.2581700000000002,1,1.95
17.08.2021 00:50:49.998,1.25828,1.2581600000000002,1,1
17.08.2021 00:50:50.815,1.25824,1.25814,1.5,1.5
17.08.2021 00:50:51.017,1.25825,1.2581200000000001,1.5,2.62
17.08.2021 00:50:51.284,1.25824,1.25814,1,1
17.08.2021 00:50:55.524,1.25824,1.25813,1,1
17.08.2021 00:50:56.566,1.25825,1.25814,1,1
17.08.2021 00:51:01.898,1.25825,1.2581700000000002,1,1
17.08.2021 00:51:15.332,1.2582200000000001,1.25814,1,1
17.08.2021 00:51:15.383,1.25821,1.25811,1,1.5
17.08.2021 00:51:15.535,1.2582200000000001,1.2581,1,1
17.08.2021 00:51:28.205,1.25823,1.2581,1,1
17.08.2021 00:51:28.618,1.2582200000000001,1.2581,1,1
17.08.2021 00:51:31.737,1.2582200000000001,1.25811,1,1.5
17.08.2021 00:51:31.787,1.2582200000000001,1.25813,1,1
17.08.2021 00:51:37.616,1.25823,1.25814,1,1
17.08.2021 00:51:38.061,1.25823,1.25813,1,1
17.08.2021 00:51:38.772,1.25824,1.25813,1,1
17.08.2021 00:51:43.724,1.25823,1.2581200000000001,1,1.1
17.08.2021 00:51:45.300,1.2582200000000001,1.2581,1,1.6
17.08.2021 00:51:45.503,1.2582200000000001,1.2581,1,1.1
17.08.2021 00:51:53.576,1.2582200000000001,1.2581,1,1.6
17.08.2021 00:51:57.687,1.2582200000000001,1.2581,1,1.57
17.08.2021 00:52:02.671,1.25823,1.2581,1,2.32
17.08.2021 00:52:05.072,1.2582200000000001,1.25811,1,2.35
17.08.2021 00:52:10.232,1.2582200000000001,1.25811,1,2.32
17.08.2021 00:52:13.899,1.25821,1.25811,1,1.5
17.08.2021 00:52:14.201,1.2582200000000001,1.2581200000000001,1,1
17.08.2021 00:52:34.347,1.2582200000000001,1.25813,1,1
17.08.2021 00:52:36.069,1.25823,1.25811,1,1.57
17.08.2021 00:53:00.761,1.2582200000000001,1.25811,1.5,1.5
17.08.2021 00:53:26.340,1.2582200000000001,1.2581,1,1.2
17.08.2021 00:53:29.650,1.25821,1.2581200000000001,1,1
17.08.2021 00:53:29.751,1.2582200000000001,1.2581200000000001,1,1
17.08.2021 00:53:34.926,1.2582200000000001,1.25811,1,1
17.08.2021 00:53:49.998,1.2582200000000001,1.2581200000000001,1,1.1
17.08.2021 00:53:55.704,1.25824,1.25813,1,3.07
17.08.2021 00:53:55.755,1.2582600000000002,1.25813,1,3
17.08.2021 00:53:55.957,1.25823,1.25814,1,1
17.08.2021 00:53:57.856,1.25824,1.2581200000000001,1,1.5
17.08.2021 00:54:07.898,1.25825,1.2581200000000001,1,1.5
17.08.2021 00:54:23.657,1.25825,1.25813,1,1
17.08.2021 00:54:25.927,1.25825,1.25814,1.5,2.7
17.08.2021 00:54:26.046,1.2582600000000002,1.25814,1,1
17.08.2021 00:54:31.233,1.25824,1.25814,1,1
17.08.2021 00:54:34.407,1.25824,1.25813,1,1
17.08.2021 00:54:37.003,1.25825,1.25815,1,1.5
17.08.2021 00:54:37.054,1.25828,1.2581700000000002,1,1.5
17.08.2021 00:54:37.155,1.2582700000000002,1.2581700000000002,1,1.5
17.08.2021 00:54:37.257,1.2582900000000001,1.2581600000000002,1,2.32
17.08.2021 00:54:37.721,1.25828,1.2581600000000002,1,2.32
17.08.2021 00:54:37.873,1.2582900000000001,1.2581700000000002,1,1
17.08.2021 00:54:37.974,1.2582900000000001,1.2581600000000002,1.5,1.5
17.08.2021 00:54:38.361,1.2582900000000001,1.25818,1,1.5
17.08.2021 00:54:38.462,1.2582900000000001,1.25819,1,2.25
17.08.2021 00:54:38.652,1.25831,1.25818,1.5,2.32
17.08.2021 00:54:42.079,1.2582900000000001,1.25818,1,1.97
17.08.2021 00:54:43.647,1.2583,1.25819,1,1.57
17.08.2021 00:54:44.848,1.25831,1.25819,1,2.25
17.08.2021 00:54:47.621,1.25831,1.25821,1,1
17.08.2021 00:54:47.728,1.25832,1.25821,1,1
17.08.2021 00:54:50.113,1.25834,1.25824,2.32,1.62
17.08.2021 00:54:50.214,1.25834,1.25824,1.2,1.87
17.08.2021 00:54:53.361,1.25838,1.2582700000000002,2.25,1.5
17.08.2021 00:54:56.282,1.2583700000000002,1.2582700000000002,1,1
17.08.2021 00:54:58.166,1.2583700000000002,1.2582600000000002,1.6,1.5
17.08.2021 00:54:59.551,1.25833,1.2582200000000001,1,1.5
17.08.2021 00:54:59.652,1.25832,1.2582,1,1
17.08.2021 00:55:00.242,1.25833,1.25824,1,1.5
17.08.2021 00:55:00.343,1.2583600000000001,1.25823,1.95,1.5
17.08.2021 00:55:04.892,1.25834,1.2582600000000002,1,1
17.08.2021 00:55:04.943,1.25835,1.25823,1.5,1
17.08.2021 00:55:05.095,1.25835,1.25825,1,1
17.08.2021 00:55:05.701,1.25833,1.2582,1.5,3.07
17.08.2021 00:55:05.802,1.25832,1.2582,1,2.32
17.08.2021 00:55:07.040,1.25831,1.2582,1,1
17.08.2021 00:55:08.151,1.25834,1.2582200000000001,1,2
17.08.2021 00:55:10.530,1.25838,1.25825,1.57,1.5
17.08.2021 00:55:10.581,1.2583600000000001,1.25824,1,1
17.08.2021 00:55:14.600,1.25832,1.25823,1,1
17.08.2021 00:55:14.650,1.25832,1.2582,1.5,1.5
17.08.2021 00:55:14.802,1.25831,1.2582,1.5,2.81
17.08.2021 00:55:14.903,1.25832,1.2582,1,1
17.08.2021 00:55:17.050,1.25831,1.2582,1,1
17.08.2021 00:55:19.308,1.25832,1.2582,1,1
17.08.2021 00:55:21.795,1.25831,1.25819,1,1.12
17.08.2021 00:55:26.617,1.25831,1.25818,1,2.62
17.08.2021 00:55:27.865,1.25831,1.2582,1,1
17.08.2021 00:55:37.190,1.25832,1.2582,1,1
17.08.2021 00:55:37.342,1.25831,1.2582,1,1
17.08.2021 00:55:40.488,1.25833,1.2582,1.5,1.5
17.08.2021 00:55:40.589,1.25833,1.25821,1,1
17.08.2021 00:55:40.690,1.25834,1.25821,1.5,1.5
17.08.2021 00:55:46.179,1.25838,1.2582600000000002,1,1
17.08.2021 00:55:46.280,1.2583900000000001,1.2582600000000002,1.2,1.5
17.08.2021 00:55:52.934,1.2584,1.2582700000000002,1.5,1
17.08.2021 00:55:53.321,1.2583900000000001,1.2582600000000002,1,1.5
17.08.2021 00:56:02.736,1.2583900000000001,1.25828,1.5,1
17.08.2021 00:56:04.490,1.2583900000000001,1.2582600000000002,1,1.87
17.08.2021 00:56:17.306,1.2583900000000001,1.2582900000000001,1,1.5
17.08.2021 00:56:17.408,1.2584,1.2582900000000001,1.5,2.25
17.08.2021 00:56:17.611,1.2584,1.25828,1,1.87
17.08.2021 00:56:17.764,1.25841,1.25828,1.5,2.62
17.08.2021 00:56:17.974,1.2584,1.25828,1.5,1.12
17.08.2021 00:56:22.364,1.2584,1.2582700000000002,1.5,4.76
17.08.2021 00:56:32.169,1.2584,1.25828,1,1
17.08.2021 00:56:39.351,1.2584,1.2582700000000002,1.5,1.5
17.08.2021 00:56:52.629,1.2583900000000001,1.2582600000000002,1.5,1.5
17.08.2021 00:56:52.730,1.25834,1.25824,1.5,2.32
17.08.2021 00:56:52.882,1.25834,1.25823,1.5,1.5
17.08.2021 00:56:53.456,1.25835,1.25824,1,1
17.08.2021 00:56:58.914,1.2583600000000001,1.25824,1,1
17.08.2021 00:57:02.232,1.25838,1.2582600000000002,1,1
17.08.2021 00:57:03.224,1.2583700000000002,1.2582600000000002,1,1
17.08.2021 00:57:07.928,1.2583900000000001,1.25825,1.57,1
17.08.2021 00:57:11.441,1.25838,1.25825,1,1
17.08.2021 00:57:13.658,1.2583700000000002,1.25824,1,1.5
17.08.2021 00:57:27.361,1.2583600000000001,1.25825,1,1.75
17.08.2021 00:57:27.877,1.2583700000000002,1.25824,1,1.5
17.08.2021 00:57:32.705,1.25832,1.25823,1,2.07
17.08.2021 00:57:32.807,1.25834,1.2582200000000001,1,1.7
17.08.2021 00:57:32.909,1.25834,1.25821,1,3.57
17.08.2021 00:57:37.915,1.25835,1.25821,1.5,5.17
17.08.2021 00:57:43.071,1.25833,1.2582,1.5,1.2
17.08.2021 00:57:48.747,1.2583700000000002,1.25828,1.5,1.5
17.08.2021 00:57:48.950,1.2583900000000001,1.25828,1.5,1.57
17.08.2021 00:57:54.930,1.25838,1.2582700000000002,1,1.95
17.08.2021 00:57:56.148,1.2583600000000001,1.25825,1,4.4
17.08.2021 00:57:56.250,1.25838,1.25825,1,1.2
17.08.2021 00:57:56.605,1.25838,1.25824,1,3.71
17.08.2021 00:57:58.914,1.2583700000000002,1.25824,1,1.95
17.08.2021 00:58:00.501,1.2583700000000002,1.25825,1,1
17.08.2021 00:58:00.602,1.25838,1.25825,1,1.5
17.08.2021 00:58:02.834,1.2583600000000001,1.25825,1,3.52
17.08.2021 00:58:03.220,1.25834,1.25824,1,1.95
17.08.2021 00:58:03.371,1.2583700000000002,1.25825,1,1
17.08.2021 00:58:03.919,1.2583700000000002,1.2582600000000002,1,2.62
17.08.2021 00:58:06.404,1.2583600000000001,1.25825,1,3.65
17.08.2021 00:58:06.505,1.2583700000000002,1.25824,1,1.87
17.08.2021 00:58:08.610,1.2583600000000001,1.25823,1.5,1
17.08.2021 00:58:08.711,1.25832,1.2582200000000001,1.5,1.7
17.08.2021 00:58:08.762,1.25832,1.2582200000000001,1.5,1.2
17.08.2021 00:58:08.813,1.25832,1.2582,1.5,1
17.08.2021 00:58:08.915,1.25831,1.2582,1,2.62
17.08.2021 00:58:14.999,1.2583,1.2582,1,2.7
17.08.2021 00:58:16.904,1.25831,1.25818,1,4.39
17.08.2021 00:58:22.942,1.2582900000000001,1.25819,1,1.12
17.08.2021 00:58:28.929,1.2583,1.2581700000000002,1,2.7
17.08.2021 00:58:37.511,1.2582900000000001,1.2581700000000002,1,1
17.08.2021 00:58:37.562,1.2582700000000002,1.25815,1,2.7
17.08.2021 00:58:37.663,1.25825,1.25815,1,1.57
17.08.2021 00:58:37.764,1.25825,1.25813,1,3.27
17.08.2021 00:58:40.449,1.25825,1.25813,1,1.95
17.08.2021 00:58:45.554,1.25824,1.25811,1.5,4.65
17.08.2021 00:58:45.605,1.2582200000000001,1.2581,3,2.07
17.08.2021 00:58:45.706,1.25819,1.2581,1,1.7
17.08.2021 00:58:45.807,1.25818,1.25809,1,1
17.08.2021 00:58:47.196,1.25818,1.25808,1,1.2
17.08.2021 00:58:59.781,1.25818,1.2580700000000002,1,1.1
17.08.2021 00:59:02.565,1.25818,1.25808,1,1.1
17.08.2021 00:59:02.781,1.25818,1.25808,1,1
17.08.2021 00:59:03.797,1.25818,1.2580700000000002,1,1
17.08.2021 00:59:03.899,1.2581700000000002,1.2580500000000001,1,4.02
17.08.2021 00:59:04.000,1.2581700000000002,1.2580500000000001,1,1
17.08.2021 00:59:04.837,1.2581600000000002,1.25804,1,1.1
17.08.2021 00:59:21.225,1.2581200000000001,1.2580200000000001,1,4.4
17.08.2021 00:59:21.430,1.2581200000000001,1.2580200000000001,1,1.57
17.08.2021 00:59:27.505,1.25814,1.25803,1,1
17.08.2021 00:59:35.999,1.25815,1.25803,1,1
17.08.2021 00:59:57.745,1.25814,1.2580500000000001,1,1
17.08.2021 00:59:57.846,1.2582200000000001,1.2581,1,1.5
17.08.2021 00:59:57.947,1.25821,1.25809,1,1.5
17.08.2021 00:59:58.651,1.2581700000000002,1.2580700000000002,1,1
17.08.2021 00:59:58.853,1.2581600000000002,1.2580600000000002,1,1.5
17.08.2021 01:00:00.101,1.2581600000000002,1.2580500000000001,1,2.32
17.08.2021 01:00:00.202,1.25815,1.2580600000000002,1,2.75
17.08.2021 01:00:00.304,1.25815,1.2580600000000002,1,1
17.08.2021 01:00:00.458,1.25815,1.2580500000000001,1.5,1.12
17.08.2021 01:00:00.788,1.25815,1.25803,1,2
17.08.2021 01:00:01.013,1.25815,1.25803,1,1.5
17.08.2021 01:00:02.611,1.25814,1.25803,1,1
17.08.2021 01:00:02.662,1.2581200000000001,1.258,1,3
17.08.2021 01:00:02.813,1.2581200000000001,1.258,1,1.5
17.08.2021 01:00:02.915,1.25811,1.25799,1,2.62
17.08.2021 01:00:03.768,1.2581,1.25799,1.5,1.2
17.08.2021 01:00:03.869,1.2581,1.25798,1.5,1
17.08.2021 01:00:04.123,1.25811,1.258,1,1
17.08.2021 01:00:04.225,1.25815,1.2580500000000001,1.12,1.5
17.08.2021 01:00:04.377,1.25815,1.25803,1,4.62
17.08.2021 01:00:04.479,1.25815,1.2580500000000001,1,1.5
17.08.2021 01:00:04.681,1.25815,1.25803,1,5.71
17.08.2021 01:00:04.870,1.25814,1.25804,1,4.46
17.08.2021 01:00:05.028,1.25815,1.25804,1,1
17.08.2021 01:00:10.819,1.25815,1.2580500000000001,1,1
17.08.2021 01:00:10.871,1.25819,1.25808,1,1
17.08.2021 01:00:13.672,1.2581600000000002,1.2580600000000002,1,2
17.08.2021 01:00:13.774,1.25815,1.2580500000000001,1,1.5
17.08.2021 01:00:13.875,1.2581600000000002,1.25804,1,1
17.08.2021 01:00:15.026,1.25815,1.25803,1,2.25
17.08.2021 01:00:17.445,1.25815,1.2580500000000001,1,1
17.08.2021 01:00:17.547,1.2581600000000002,1.2580500000000001,1,1.1
17.08.2021 01:00:19.013,1.2581600000000002,1.25804,1,1.5
17.08.2021 01:00:19.114,1.2581600000000002,1.2580500000000001,1,1
17.08.2021 01:00:19.215,1.25815,1.2580500000000001,1,1
17.08.2021 01:00:23.028,1.25815,1.25804,1,1
17.08.2021 01:00:35.215,1.25815,1.2580500000000001,1,1.5
17.08.2021 01:00:37.505,1.25814,1.2580500000000001,1,1
17.08.2021 01:00:41.948,1.2581600000000002,1.25804,1,1.5
17.08.2021 01:00:42.681,1.2581700000000002,1.25808,1,1.1
17.08.2021 01:00:42.783,1.25818,1.25809,1,1
17.08.2021 01:00:42.934,1.2581700000000002,1.2580700000000002,1,1.57
17.08.2021 01:00:43.035,1.2581700000000002,1.2580600000000002,1,1
17.08.2021 01:00:47.002,1.2581700000000002,1.2580500000000001,1,1
17.08.2021 01:00:49.000,1.2581600000000002,1.2580600000000002,1,1.6
17.08.2021 01:00:49.101,1.25818,1.2580700000000002,1,1.1
17.08.2021 01:00:51.099,1.2581700000000002,1.2580500000000001,1,1.57
17.08.2021 01:00:53.672,1.2581600000000002,1.2580500000000001,1,1
17.08.2021 01:00:55.001,1.2581600000000002,1.2580600000000002,1,1.5
17.08.2021 01:01:02.002,1.2581600000000002,1.2580500000000001,1,1
17.08.2021 01:01:04.900,1.2581600000000002,1.25804,1.5,1
17.08.2021 01:01:12.688,1.2581700000000002,1.2580600000000002,1,1
17.08.2021 01:01:13.916,1.2581700000000002,1.2580500000000001,1,1
17.08.2021 01:01:14.068,1.25815,1.2580600000000002,1,1
17.08.2021 01:01:14.271,1.2581600000000002,1.25804,1.5,1.95
17.08.2021 01:01:24.277,1.2581600000000002,1.25808,1,1.25
17.08.2021 01:01:24.328,1.2582200000000001,1.25811,2,1
17.08.2021 01:01:24.479,1.25823,1.25811,1,1
17.08.2021 01:01:26.532,1.2582,1.25811,1,1.5
17.08.2021 01:01:30.595,1.2582200000000001,1.25813,1,2.44
17.08.2021 01:01:30.646,1.25828,1.2581700000000002,1.5,1
17.08.2021 01:01:30.748,1.25828,1.2581600000000002,1.5,1.5
17.08.2021 01:01:30.850,1.25828,1.2581600000000002,1,1.57
17.08.2021 01:01:31.801,1.2583,1.25818,1,1.5
17.08.2021 01:01:32.610,1.25831,1.25819,1,1
17.08.2021 01:01:32.814,1.25832,1.2582200000000001,1,1.69
17.08.2021 01:01:32.916,1.2583700000000002,1.25825,1.12,1.5
17.08.2021 01:01:34.356,1.25838,1.2582900000000001,1.5,1
17.08.2021 01:01:34.408,1.2584,1.2582900000000001,1,1
17.08.2021 01:01:34.459,1.2583700000000002,1.2582600000000002,1,1.5
17.08.2021 01:01:34.561,1.2583600000000001,1.2582600000000002,1.5,1
17.08.2021 01:01:40.020,1.25835,1.25824,1,1
17.08.2021 01:01:40.122,1.25832,1.25823,1,1
17.08.2021 01:01:40.425,1.25832,1.25821,1,1
17.08.2021 01:01:42.044,1.2583,1.25818,1,1
17.08.2021 01:01:42.146,1.2582900000000001,1.2581700000000002,1,1.87
17.08.2021 01:01:42.973,1.25828,1.2581700000000002,1,1
17.08.2021 01:02:01.956,1.25828,1.2581600000000002,1,1.5
17.08.2021 01:02:09.269,1.25828,1.25818,1,1.1
17.08.2021 01:02:11.192,1.2583,1.25818,1,1
17.08.2021 01:02:11.825,1.2583,1.2582,1,1
17.08.2021 01:02:12.540,1.2583,1.25821,1,1.5
17.08.2021 01:02:12.591,1.25833,1.2582,1.5,2.32
17.08.2021 01:02:16.938,1.25831,1.25821,1,1.1
17.08.2021 01:02:20.679,1.2583,1.2582,1,1.6
17.08.2021 01:02:24.381,1.25831,1.25819,1,1.57
17.08.2021 01:02:26.317,1.2583,1.25818,1,1.1
17.08.2021 01:02:26.469,1.2582700000000002,1.2581600000000002,1.5,1.65
17.08.2021 01:02:26.671,1.25824,1.25813,1,2.4
17.08.2021 01:02:31.020,1.2582200000000001,1.2581200000000001,1,1.1
17.08.2021 01:02:31.122,1.2582,1.2581,1,2.92
17.08.2021 01:02:31.224,1.2582,1.25809,1,1.27
17.08.2021 01:02:33.013,1.25821,1.25809,1,1.1
17.08.2021 01:02:41.433,1.2582200000000001,1.2581,1,1.6
17.08.2021 01:02:58.378,1.25824,1.2581200000000001,1,1
17.08.2021 01:03:00.576,1.25825,1.25813,1.87,1
17.08.2021 01:03:01.538,1.25824,1.25813,1,1
17.08.2021 01:03:05.629,1.25825,1.25813,2.62,1
17.08.2021 01:03:14.424,1.25825,1.2581200000000001,2.62,1
17.08.2021 01:03:22.134,1.25825,1.25813,2.62,1
17.08.2021 01:03:27.362,1.25825,1.25815,1.12,1
17.08.2021 01:03:32.871,1.25825,1.25815,1.97,1
17.08.2021 01:03:33.022,1.25825,1.25814,1.97,1
17.08.2021 01:03:33.185,1.25825,1.25815,1.97,1
17.08.2021 01:03:38.099,1.25825,1.2581600000000002,1.22,1
17.08.2021 01:03:51.479,1.25828,1.25819,1.87,1
17.08.2021 01:03:51.953,1.2582600000000002,1.2582,1.5,1
17.08.2021 01:03:52.055,1.25828,1.25819,1.87,1
17.08.2021 01:04:02.710,1.25825,1.25818,1,1
17.08.2021 01:04:03.729,1.25824,1.25818,1,1
17.08.2021 01:04:04.813,1.25828,1.2581700000000002,2.1,1
17.08.2021 01:04:04.865,1.2582700000000002,1.2582,2.1,1
17.08.2021 01:04:07.929,1.25828,1.25819,1.95,1
17.08.2021 01:04:08.103,1.25828,1.25819,2.16,1
17.08.2021 01:04:08.414,1.2582700000000002,1.25819,2.16,1
17.08.2021 01:04:10.211,1.25828,1.2581700000000002,1.97,1
17.08.2021 01:04:10.385,1.25828,1.25818,1.97,1
17.08.2021 01:04:14.428,1.2582600000000002,1.25818,1,1
17.08.2021 01:04:17.147,1.2582700000000002,1.25818,1.2,1
17.08.2021 01:04:18.958,1.25825,1.25818,1,1
17.08.2021 01:04:19.110,1.2583,1.25821,2.25,1
17.08.2021 01:04:19.920,1.2583,1.2582200000000001,1.57,1
17.08.2021 01:04:20.072,1.25831,1.2582200000000001,1.57,1
17.08.2021 01:04:20.734,1.25832,1.25823,1.1,1
17.08.2021 01:04:20.936,1.25832,1.25825,1,1
17.08.2021 01:04:21.438,1.25831,1.25825,1.5,1
17.08.2021 01:04:27.092,1.25832,1.25821,1.5,1
17.08.2021 01:04:27.245,1.25832,1.25824,1.5,1
17.08.2021 01:05:03.141,1.25832,1.25823,1,1
17.08.2021 01:05:09.144,1.25832,1.25824,1,1
17.08.2021 01:05:09.544,1.25833,1.2582700000000002,1,1
17.08.2021 01:05:09.646,1.25834,1.25828,1.1,1
17.08.2021 01:05:09.747,1.25833,1.2582600000000002,1,1
17.08.2021 01:05:09.849,1.25833,1.25825,1,1
17.08.2021 01:05:11.244,1.25832,1.25825,1,1
17.08.2021 01:05:11.346,1.2583,1.25818,2.51,1
17.08.2021 01:05:11.397,1.2583,1.25821,3.26,1
17.08.2021 01:05:11.498,1.2582900000000001,1.25821,1,1
17.08.2021 01:05:13.488,1.25828,1.2582,1,1
17.08.2021 01:05:13.847,1.2582900000000001,1.25821,1.5,1
17.08.2021 01:05:15.487,1.2582900000000001,1.25823,1,1
17.08.2021 01:05:15.588,1.2582700000000002,1.25821,1,1
17.08.2021 01:05:15.689,1.2583,1.25821,1.95,1
17.08.2021 01:05:15.791,1.25831,1.2582200000000001,1.6,1
17.08.2021 01:05:15.892,1.2583,1.25823,1.1,1
17.08.2021 01:05:15.994,1.2583,1.2582200000000001,1.1,1
17.08.2021 01:05:20.971,1.2583,1.25823,1.57,1
17.08.2021 01:05:28.643,1.25831,1.25821,1.57,1
17.08.2021 01:05:30.136,1.25831,1.25821,1.6,1
17.08.2021 01:05:30.721,1.2583,1.25823,1.1,1
17.08.2021 01:05:33.956,1.25832,1.25823,1.1,1
17.08.2021 01:05:34.057,1.25832,1.25824,1,1
17.08.2021 01:05:47.505,1.25832,1.25823,1,1
17.08.2021 01:05:49.445,1.25832,1.2582200000000001,1.1,1
17.08.2021 01:05:52.819,1.25831,1.2582200000000001,1.1,1
17.08.2021 01:06:03.350,1.25832,1.2582200000000001,1.1,1
17.08.2021 01:06:11.613,1.25832,1.25823,1,1
17.08.2021 01:06:48.091,1.25832,1.2582200000000001,1,1
17.08.2021 01:06:53.145,1.25832,1.25821,1.57,1
17.08.2021 01:06:57.499,1.25832,1.2582,1.57,1
17.08.2021 01:06:57.632,1.25828,1.25819,1.5,1
17.08.2021 01:06:57.733,1.25828,1.25818,1.12,1
17.08.2021 01:07:05.310,1.25831,1.2582,1.22,1
17.08.2021 01:07:05.411,1.25831,1.2582,1.2,1
17.08.2021 01:07:05.967,1.25831,1.25821,1.1,1
17.08.2021 01:07:19.248,1.25832,1.25821,1.95,1
17.08.2021 01:07:22.431,1.2583,1.2582200000000001,1.1,1
17.08.2021 01:07:30.428,1.2583,1.2582,1.57,1
17.08.2021 01:07:30.529,1.25828,1.25819,1,1
17.08.2021 01:07:30.630,1.2582700000000002,1.2581700000000002,1.1,1
17.08.2021 01:07:30.681,1.25824,1.2581600000000002,1,1
17.08.2021 01:07:31.569,1.25824,1.25815,1,1
17.08.2021 01:07:31.698,1.25824,1.2581600000000002,1,1
17.08.2021 01:07:34.112,1.25824,1.25814,1,1
17.08.2021 01:07:41.634,1.25825,1.25814,1.57,1
17.08.2021 01:07:44.589,1.25823,1.25815,1.1,1
17.08.2021 01:07:44.691,1.25821,1.2581200000000001,3.57,1
17.08.2021 01:07:44.742,1.25819,1.2581,1.01,1
17.08.2021 01:07:44.843,1.25818,1.2581,1.5,1
17.08.2021 01:07:46.633,1.2581700000000002,1.25809,1.1,1
17.08.2021 01:07:49.241,1.25821,1.2581,1.1,1
17.08.2021 01:07:49.342,1.2582200000000001,1.25813,2.92,1
17.08.2021 01:07:49.443,1.25823,1.2581200000000001,1.1,1
17.08.2021 01:07:50.651,1.2582200000000001,1.2581200000000001,1.5,1
17.08.2021 01:07:50.761,1.25823,1.2581200000000001,2.32,1
17.08.2021 01:07:52.027,1.25823,1.25813,1.95,1
17.08.2021 01:07:53.639,1.25823,1.25813,2.7,1
17.08.2021 01:07:53.740,1.25823,1.2581200000000001,1.01,1
17.08.2021 01:07:54.825,1.2582200000000001,1.25813,1.35,1
17.08.2021 01:07:57.363,1.2582200000000001,1.2581200000000001,1.79,1
17.08.2021 01:08:12.639,1.25824,1.2581200000000001,1.97,1
17.08.2021 01:08:12.740,1.25823,1.25813,1.95,1
17.08.2021 01:08:18.515,1.25823,1.2581200000000001,1.1,1
17.08.2021 01:08:19.620,1.2582200000000001,1.25813,1.1,1
17.08.2021 01:08:22.814,1.25823,1.25814,1.95,1
17.08.2021 01:08:22.915,1.25824,1.2581200000000001,1.95,1
17.08.2021 01:08:23.403,1.25824,1.25813,1.2,1
17.08.2021 01:08:23.507,1.25825,1.25813,1.57,1
17.08.2021 01:08:34.524,1.25825,1.25813,2.35,1
17.08.2021 01:08:34.676,1.25825,1.25813,1.57,1
17.08.2021 01:08:35.060,1.25824,1.25813,1,1
17.08.2021 01:08:36.120,1.25825,1.25813,1.57,1
17.08.2021 01:08:42.411,1.25825,1.25814,1.57,1
17.08.2021 01:08:58.899,1.25825,1.25813,1.1,1
17.08.2021 01:09:37.129,1.25825,1.25814,1,1
17.08.2021 01:09:45.808,1.25825,1.25813,1.5,1
17.08.2021 01:09:46.875,1.25825,1.25813,3.66,1
17.08.2021 01:09:47.089,1.25824,1.2581200000000001,1.22,1
17.08.2021 01:09:47.241,1.25824,1.2581200000000001,1.41,1
17.08.2021 01:09:56.781,1.2582200000000001,1.2581200000000001,1.1,1
17.08.2021 01:09:56.983,1.25819,1.2580700000000002,2.35,1
17.08.2021 01:09:57.185,1.25818,1.2580700000000002,1.22,1
17.08.2021 01:09:57.677,1.2581700000000002,1.25808,1.2,1
17.08.2021 01:09:58.087,1.25818,1.2580700000000002,1.67,1
17.08.2021 01:10:00.981,1.2581700000000002,1.2580700000000002,1.22,1
17.08.2021 01:10:08.612,1.25818,1.2580700000000002,1.67,1
17.08.2021 01:10:19.255,1.25818,1.2580700000000002,1.67,1
17.08.2021 01:10:32.925,1.25818,1.2580600000000002,1.67,1
17.08.2021 01:10:33.044,1.25818,1.2580700000000002,1.67,1
17.08.2021 01:10:47.618,1.25818,1.2580600000000002,1.22,1
17.08.2021 01:10:48.446,1.25815,1.25804,1.1,1
17.08.2021 01:10:48.548,1.2581700000000002,1.2580500000000001,2.1,1
17.08.2021 01:10:48.700,1.2581700000000002,1.2580500000000001,2.1,1
17.08.2021 01:10:56.250,1.2581700000000002,1.2580600000000002,1.22,1
17.08.2021 01:10:59.221,1.2581700000000002,1.2580600000000002,1.2,1
17.08.2021 01:10:59.323,1.2582,1.25811,3.6,1.5
17.08.2021 01:10:59.424,1.2582200000000001,1.2581200000000001,1.2,1
17.08.2021 01:10:59.525,1.2582200000000001,1.25813,1.22,1
17.08.2021 01:10:59.676,1.25823,1.25811,1.22,1
17.08.2021 01:11:13.456,1.25824,1.2581600000000002,1.97,1
17.08.2021 01:11:13.557,1.2582700000000002,1.25814,2.55,1
17.08.2021 01:11:22.451,1.25823,1.25813,1.1,1
17.08.2021 01:11:22.552,1.25823,1.2581200000000001,1.1,1
17.08.2021 01:11:22.820,1.25823,1.2581200000000001,1.1,1
17.08.2021 01:11:24.855,1.25825,1.25814,3.3,1
17.08.2021 01:11:24.956,1.2582600000000002,1.25814,2.1,1
17.08.2021 01:11:25.107,1.25824,1.2581200000000001,1.1,1
17.08.2021 01:11:25.634,1.25823,1.2581200000000001,1.1,1
17.08.2021 01:11:25.886,1.2582200000000001,1.2581200000000001,1.1,1
17.08.2021 01:11:27.197,1.2582200000000001,1.25813,1.1,1
17.08.2021 01:11:31.917,1.2582200000000001,1.25814,1.1,1
17.08.2021 01:11:33.505,1.25823,1.25814,1.1,1
17.08.2021 01:11:33.657,1.25824,1.25815,1.22,1
17.08.2021 01:11:39.276,1.2582600000000002,1.25814,2.1,1
17.08.2021 01:11:39.508,1.2582600000000002,1.25815,1.1,1
17.08.2021 01:11:39.660,1.2582700000000002,1.2581700000000002,1.22,1
17.08.2021 01:11:39.762,1.2582600000000002,1.2581600000000002,1.22,1
17.08.2021 01:11:39.863,1.2582600000000002,1.2581700000000002,1.22,1
17.08.2021 01:11:44.311,1.2582700000000002,1.25815,1.22,1.5
17.08.2021 01:11:44.471,1.2582700000000002,1.2581600000000002,1.22,1
17.08.2021 01:11:49.127,1.25825,1.2581600000000002,1.6,1
17.08.2021 01:11:49.279,1.25825,1.2581700000000002,1.6,1
17.08.2021 01:11:49.563,1.2582600000000002,1.25815,1.1,1
17.08.2021 01:11:49.765,1.2582600000000002,1.2581600000000002,1.6,1
17.08.2021 01:11:49.927,1.25825,1.25815,1.1,1
17.08.2021 01:11:53.508,1.2582600000000002,1.25814,1.6,1
17.08.2021 01:11:53.609,1.25825,1.25814,1.1,1
17.08.2021 01:12:06.897,1.2582600000000002,1.25814,1.97,1
17.08.2021 01:12:08.069,1.2582600000000002,1.25814,1.2,1
17.08.2021 01:12:09.295,1.25825,1.25813,1.1,1
17.08.2021 01:12:10.862,1.25823,1.25813,1,1
17.08.2021 01:12:11.078,1.25823,1.25813,1.85,1
17.08.2021 01:12:12.844,1.25825,1.25813,1.6,1
17.08.2021 01:12:12.945,1.25824,1.25814,1.6,1
17.08.2021 01:12:17.962,1.25824,1.25815,1.6,1
17.08.2021 01:12:18.114,1.2582600000000002,1.2581600000000002,1.22,1
17.08.2021 01:12:18.215,1.2582600000000002,1.25814,1.97,1
17.08.2021 01:12:21.431,1.2582700000000002,1.25815,1.6,1
17.08.2021 01:12:24.753,1.2582600000000002,1.2581600000000002,1.97,1
17.08.2021 01:12:25.867,1.2582600000000002,1.2581700000000002,2.1,1
17.08.2021 01:12:26.069,1.25828,1.2581700000000002,2.1,1
17.08.2021 01:12:26.170,1.2582900000000001,1.25818,1.97,1
17.08.2021 01:12:26.271,1.2582900000000001,1.25819,1.22,1
17.08.2021 01:12:26.372,1.2583,1.2582200000000001,1.67,1
17.08.2021 01:12:28.213,1.25831,1.25821,1.2,1
17.08.2021 01:12:29.224,1.25832,1.25823,1.6,1
17.08.2021 01:12:29.325,1.25833,1.25823,1.97,1
17.08.2021 01:12:34.404,1.25832,1.2582200000000001,1.57,1
17.08.2021 01:12:34.505,1.2583,1.25823,1.1,1
17.08.2021 01:12:38.087,1.25831,1.25821,1.1,1
17.08.2021 01:12:38.239,1.25831,1.2582200000000001,1.1,1
17.08.2021 01:12:39.468,1.2582900000000001,1.25819,1.1,1
17.08.2021 01:12:39.570,1.25828,1.2582,1.6,1
17.08.2021 01:12:42.229,1.2582900000000001,1.25819,1.95,1
17.08.2021 01:12:42.331,1.2583,1.2582,1.6,1
17.08.2021 01:12:42.432,1.2583,1.2582,1.1,1
17.08.2021 01:12:42.991,1.2583,1.2582200000000001,1.1,1
17.08.2021 01:12:50.762,1.25831,1.2582200000000001,1,1
17.08.2021 01:12:50.876,1.25833,1.25823,2.1,1
17.08.2021 01:12:52.471,1.25833,1.2582200000000001,1.97,1
17.08.2021 01:12:52.692,1.25833,1.25823,1.97,1
17.08.2021 01:13:02.815,1.25831,1.25823,1.1,1
17.08.2021 01:13:24.261,1.2583,1.2582200000000001,1.1,1
17.08.2021 01:13:24.362,1.2582900000000001,1.25821,1.1,1
17.08.2021 01:13:24.721,1.25831,1.2582,1.2,1
17.08.2021 01:13:25.179,1.2583,1.2582200000000001,1.1,1
17.08.2021 01:13:26.183,1.25833,1.25821,1.22,1
17.08.2021 01:13:26.513,1.25833,1.2582200000000001,1.22,1
17.08.2021 01:13:28.443,1.25831,1.25821,1.1,1
17.08.2021 01:13:28.494,1.2583,1.25819,1.1,1
17.08.2021 01:13:28.596,1.2583,1.25819,1.1,1
17.08.2021 01:13:30.201,1.2582900000000001,1.2582200000000001,1,1
17.08.2021 01:13:30.303,1.25832,1.2582200000000001,1.2,1
17.08.2021 01:13:31.415,1.2583,1.2582200000000001,2.54,1
17.08.2021 01:13:31.516,1.2583,1.2582,1.1,1
17.08.2021 01:13:31.668,1.2582900000000001,1.25823,1,1
17.08.2021 01:13:31.769,1.25832,1.2582200000000001,2.07,1
17.08.2021 01:13:31.870,1.25831,1.25823,1.95,1
17.08.2021 01:13:37.455,1.25831,1.25823,3.29,1
17.08.2021 01:13:37.556,1.2583,1.25819,1.57,1
17.08.2021 01:13:38.315,1.2583,1.25821,1.22,1
17.08.2021 01:13:39.534,1.2583,1.25821,1,1
17.08.2021 01:13:39.635,1.25831,1.2582200000000001,1.1,1
17.08.2021 01:13:43.909,1.25831,1.25823,1.1,1
17.08.2021 01:13:47.591,1.2582900000000001,1.25821,1,1
17.08.2021 01:13:47.692,1.2582900000000001,1.2582,1.1,1
17.08.2021 01:13:48.582,1.2582900000000001,1.2582,1.1,1
17.08.2021 01:13:50.169,1.25831,1.25823,1.97,1
17.08.2021 01:13:50.270,1.25832,1.2582200000000001,1.2,1
17.08.2021 01:13:51.006,1.2583,1.25823,1,1
17.08.2021 01:13:52.759,1.25832,1.2582200000000001,1.1,1
17.08.2021 01:13:55.247,1.2583,1.2582200000000001,1,1
17.08.2021 01:13:55.462,1.25831,1.25823,1.1,1
17.08.2021 01:13:59.581,1.25832,1.25821,1.1,1
17.08.2021 01:13:59.683,1.25831,1.2582,1,1
17.08.2021 01:14:00.569,1.25832,1.2582,1.1,1
17.08.2021 01:14:00.930,1.25831,1.2582200000000001,1.1,1
17.08.2021 01:14:01.132,1.25831,1.2582,1,1
17.08.2021 01:14:03.038,1.2582900000000001,1.25818,1,1
17.08.2021 01:14:03.139,1.2582900000000001,1.2581700000000002,1.1,1.5
17.08.2021 01:14:03.803,1.2582900000000001,1.25818,1.2,1
17.08.2021 01:14:03.955,1.2582900000000001,1.2582,1.5,1.5
17.08.2021 01:14:04.056,1.2583,1.25819,1,1.5
17.08.2021 01:14:04.477,1.2583,1.2582,1.12,1.5
17.08.2021 01:14:04.827,1.25831,1.2582,1.1,1.5
17.08.2021 01:14:06.833,1.25832,1.2582,1.1,1
17.08.2021 01:14:15.500,1.25832,1.2582,1.1,1
17.08.2021 01:14:56.207,1.25832,1.2582,1,1
17.08.2021 01:15:00.154,1.2582600000000002,1.25815,1,1
17.08.2021 01:15:00.256,1.25823,1.25814,1,1
17.08.2021 01:15:00.306,1.25825,1.25814,1.12,1.5
17.08.2021 01:15:00.671,1.25825,1.25813,1.69,1.5
17.08.2021 01:15:03.623,1.25825,1.25813,2.75,1.5
17.08.2021 01:15:04.505,1.2582700000000002,1.25813,1,1.5
17.08.2021 01:15:05.739,1.2582600000000002,1.25813,1,1.5
17.08.2021 01:15:05.890,1.2582700000000002,1.25813,2.62,1.5
17.08.2021 01:15:06.021,1.25825,1.25814,1,1.5
17.08.2021 01:15:06.969,1.2582700000000002,1.25813,2.62,1.5
17.08.2021 01:15:07.142,1.2582700000000002,1.25813,2.72,1.5
17.08.2021 01:15:08.751,1.2582900000000001,1.25819,2.17,1
17.08.2021 01:15:08.852,1.25831,1.25818,1.82,1.5
17.08.2021 01:15:08.953,1.25831,1.2582,2.47,1
17.08.2021 01:15:09.256,1.25832,1.25819,1.6,1
17.08.2021 01:15:10.384,1.25832,1.2582,1.1,1
17.08.2021 01:15:11.807,1.25832,1.2582,1.1,1
17.08.2021 01:15:14.661,1.25832,1.2582,1.6,1
17.08.2021 01:15:15.936,1.2582700000000002,1.25818,1.1,1
17.08.2021 01:15:16.037,1.2582600000000002,1.2581600000000002,1.1,1
17.08.2021 01:15:16.369,1.25828,1.25818,1.1,1.5
17.08.2021 01:15:16.626,1.2582900000000001,1.25818,1.1,1
17.08.2021 01:15:16.988,1.2582900000000001,1.25818,1.1,1
17.08.2021 01:15:17.651,1.2582900000000001,1.2581700000000002,1.1,1.5
17.08.2021 01:15:17.752,1.2583,1.2582,1.1,1.5
17.08.2021 01:15:18.360,1.25831,1.25819,1.1,1.5
17.08.2021 01:15:19.436,1.2583,1.25821,1.1,1
17.08.2021 01:15:23.359,1.25832,1.25821,1.1,1
17.08.2021 01:15:23.460,1.25832,1.25821,1.1,1
17.08.2021 01:15:31.707,1.25832,1.25821,1.1,1
17.08.2021 01:15:49.048,1.2583,1.25821,2.35,1
17.08.2021 01:15:49.149,1.25831,1.2582,1.2,1
17.08.2021 01:15:50.166,1.25831,1.2582,1.1,1
17.08.2021 01:15:50.900,1.25832,1.2582,1.1,1
17.08.2021 01:15:51.001,1.25831,1.2582200000000001,1.1,1
17.08.2021 01:16:14.794,1.25832,1.25823,1.97,1
17.08.2021 01:16:18.760,1.25833,1.2582200000000001,1.97,1
17.08.2021 01:16:28.433,1.2583600000000001,1.2582600000000002,1.3,1.5
17.08.2021 01:16:28.484,1.2583700000000002,1.2582600000000002,1.27,1
17.08.2021 01:16:28.585,1.2583600000000001,1.25828,1.1,1.5
17.08.2021 01:16:28.687,1.2583900000000001,1.25828,1.1,1
17.08.2021 01:16:28.889,1.2583900000000001,1.25828,1.1,1
17.08.2021 01:16:29.964,1.2583900000000001,1.25828,1.1,1
17.08.2021 01:16:30.066,1.2583900000000001,1.2582700000000002,1.6,1
17.08.2021 01:16:30.482,1.2583900000000001,1.2582700000000002,1.6,1
17.08.2021 01:16:43.010,1.25838,1.2582700000000002,1.1,1
17.08.2021 01:16:43.111,1.2583700000000002,1.25825,1.1,1
17.08.2021 01:16:52.176,1.25838,1.25825,1.57,1.5
17.08.2021 01:16:52.227,1.25838,1.2582700000000002,1.1,1
17.08.2021 01:16:52.380,1.2583900000000001,1.25828,1.1,1
17.08.2021 01:16:52.481,1.25838,1.2582900000000001,1.1,1.5
17.08.2021 01:16:53.242,1.2584,1.25828,1.1,1.5
17.08.2021 01:16:53.394,1.2584,1.2582900000000001,1.1,1
17.08.2021 01:17:02.108,1.2583900000000001,1.25828,1.1,1
17.08.2021 01:17:02.209,1.2583900000000001,1.25828,1.1,1
17.08.2021 01:17:03.579,1.2584,1.25828,1.6,1
17.08.2021 01:17:03.987,1.2584,1.2582900000000001,1.57,1
17.08.2021 01:17:07.465,1.2584,1.2582900000000001,1.1,1
17.08.2021 01:17:07.567,1.2584,1.25828,1.1,1
17.08.2021 01:17:23.038,1.2583900000000001,1.2582900000000001,1.57,1
17.08.2021 01:17:26.007,1.2583900000000001,1.2582900000000001,1.6,1
17.08.2021 01:17:34.747,1.2584,1.25828,1.57,1
17.08.2021 01:17:36.439,1.2584,1.25828,1.1,1
17.08.2021 01:17:41.293,1.2584,1.2582900000000001,2.35,1.5
17.08.2021 01:17:41.735,1.2584,1.25828,1.1,1.5
17.08.2021 01:17:46.597,1.2583700000000002,1.25825,2.85,1
17.08.2021 01:17:46.648,1.25834,1.2582200000000001,1.1,1
17.08.2021 01:17:46.750,1.25833,1.25823,1.6,1
17.08.2021 01:17:46.952,1.25833,1.25823,1.97,1
17.08.2021 01:17:49.917,1.25833,1.2582200000000001,2.72,1.5
17.08.2021 01:17:51.394,1.25833,1.2582,1.6,1.5
17.08.2021 01:17:57.752,1.25832,1.2582,1.1,1.5
17.08.2021 01:17:57.853,1.25831,1.25819,1.6,1
17.08.2021 01:17:58.157,1.25832,1.2582,1.97,1
17.08.2021 01:17:58.308,1.25832,1.2582,1.97,1
17.08.2021 01:18:00.866,1.25832,1.2582,1.97,1
17.08.2021 01:18:02.275,1.25831,1.2582,1.97,1.5
17.08.2021 01:18:02.660,1.25831,1.25821,1.97,1
17.08.2021 01:18:03.605,1.2583,1.25821,1.1,1.5
17.08.2021 01:18:08.913,1.25832,1.25821,1.1,1
17.08.2021 01:18:09.501,1.25832,1.25821,1.1,1
17.08.2021 01:18:37.271,1.25832,1.25821,1.1,1.5
17.08.2021 01:18:41.846,1.25832,1.25821,1.1,1.5
17.08.2021 01:18:42.329,1.25832,1.25821,1.1,1.5
17.08.2021 01:18:42.920,1.25832,1.25821,1.1,1.5
17.08.2021 01:18:43.097,1.25832,1.25821,1.1,1.5
17.08.2021 01:18:44.493,1.2582900000000001,1.25819,1.6,1
17.08.2021 01:18:44.595,1.2583,1.25818,2.35,1
17.08.2021 01:18:44.696,1.2583,1.2581700000000002,1.97,1.5
17.08.2021 01:18:46.955,1.2582900000000001,1.2582,1.1,1
17.08.2021 01:18:47.056,1.25831,1.2582,1.22,1
17.08.2021 01:18:48.158,1.25832,1.2582,1.6,1
17.08.2021 01:18:48.259,1.2583,1.25821,1.1,1
17.08.2021 01:18:48.900,1.25831,1.2582,1.1,1
17.08.2021 01:18:49.573,1.25831,1.2582,1.35,1.5
17.08.2021 01:18:49.947,1.25831,1.2582,1.1,1.5
17.08.2021 01:18:58.252,1.2583,1.2582,1,1.5
17.08.2021 01:18:58.567,1.25831,1.2582,1.1,1.5
17.08.2021 01:18:58.719,1.2583,1.2582,1,1.5
17.08.2021 01:18:58.820,1.25831,1.2582,1.1,1.5
17.08.2021 01:19:03.049,1.25831,1.2582,1.1,1.5
17.08.2021 01:19:04.059,1.25831,1.25819,1.6,1
17.08.2021 01:19:04.161,1.25831,1.25818,1.6,1
17.08.2021 01:19:04.466,1.2583,1.25819,1.1,1
17.08.2021 01:19:04.618,1.2583,1.25819,1.6,1
17.08.2021 01:19:05.421,1.2582900000000001,1.2582,1.1,1.5
17.08.2021 01:19:06.398,1.25831,1.2582,1.1,1
17.08.2021 01:19:06.550,1.25831,1.2582,1.1,1
17.08.2021 01:19:09.768,1.25831,1.25819,1.1,1
17.08.2021 01:19:09.919,1.2583,1.25819,1.1,1
17.08.2021 01:19:10.020,1.2582900000000001,1.25819,1.1,1.5
17.08.2021 01:19:10.291,1.2583,1.2581700000000002,1.6,1.5
17.08.2021 01:19:10.925,1.25828,1.25818,1.1,1.5
17.08.2021 01:19:12.380,1.2582900000000001,1.25818,1.1,1
17.08.2021 01:19:16.142,1.25832,1.2582,1.6,1.5
17.08.2021 01:19:17.540,1.25831,1.2582,1.1,1.5
17.08.2021 01:19:18.399,1.25831,1.25821,1.2,1.5
17.08.2021 01:19:18.500,1.25832,1.2582,1.22,1.5
17.08.2021 01:19:19.828,1.25832,1.25821,1.22,1
17.08.2021 01:19:21.057,1.25831,1.2582200000000001,1.1,1
17.08.2021 01:19:24.640,1.25832,1.2582,1.1,1.5
17.08.2021 01:19:25.891,1.25832,1.2582,1.1,1.5
17.08.2021 01:19:26.042,1.25832,1.2582,1.97,1
17.08.2021 01:19:26.093,1.25831,1.25818,1.6,1.5
17.08.2021 01:19:26.248,1.25831,1.25818,3.47,1
17.08.2021 01:19:33.240,1.25831,1.25819,1.22,1
17.08.2021 01:19:33.494,1.25832,1.2582,1.6,1
17.08.2021 01:19:33.696,1.25832,1.2582,1.6,1
17.08.2021 01:19:34.920,1.25831,1.25821,1.1,1.5
17.08.2021 01:19:35.021,1.25832,1.25821,1.1,1
17.08.2021 01:19:35.491,1.25833,1.2582200000000001,1.1,1
17.08.2021 01:19:36.513,1.25833,1.25823,1.6,1
17.08.2021 01:19:36.812,1.25833,1.2582200000000001,1.6,1.5
17.08.2021 01:19:37.064,1.25832,1.2582,1.1,1.5
17.08.2021 01:19:37.166,1.25832,1.2582,1.1,1
17.08.2021 01:19:37.419,1.25831,1.2582,1.1,1
17.08.2021 01:19:40.142,1.2583,1.25821,1.1,1.5
17.08.2021 01:19:43.359,1.2582900000000001,1.25821,1.5,1
17.08.2021 01:19:43.410,1.25828,1.2581600000000002,1.1,1.5
17.08.2021 01:19:45.504,1.25828,1.2581700000000002,1.1,1.5
17.08.2021 01:19:45.606,1.2583,1.2581700000000002,1.6,1.5
17.08.2021 01:19:45.657,1.25831,1.2582,1.22,1
17.08.2021 01:19:46.162,1.2583,1.25821,1.1,1
17.08.2021 01:19:58.950,1.25831,1.2582,1.22,1
17.08.2021 01:19:59.051,1.25831,1.25819,1.22,1
17.08.2021 01:20:02.548,1.2583,1.25818,1.6,1
17.08.2021 01:20:03.386,1.2582700000000002,1.2581700000000002,1.6,1
17.08.2021 01:20:04.032,1.2582900000000001,1.2581600000000002,2.1,1
17.08.2021 01:20:13.007,1.25828,1.25818,1.22,1
17.08.2021 01:20:17.718,1.2582900000000001,1.2581700000000002,1.97,1
17.08.2021 01:20:17.769,1.2582700000000002,1.25815,1.1,1.5
17.08.2021 01:20:17.820,1.2582700000000002,1.25813,3.85,1.5
17.08.2021 01:20:17.971,1.2582600000000002,1.25814,1.22,1
17.08.2021 01:20:19.068,1.2582600000000002,1.25814,1.2,1.5
17.08.2021 01:20:19.271,1.25825,1.25815,1.22,1.5
17.08.2021 01:20:22.335,1.2582600000000002,1.25813,1.97,1.5
17.08.2021 01:20:32.148,1.2582700000000002,1.25814,2.85,1
17.08.2021 01:20:32.250,1.2582600000000002,1.2581600000000002,1.6,1
17.08.2021 01:20:33.957,1.2582600000000002,1.25814,3.6,1.5
17.08.2021 01:20:34.210,1.2582600000000002,1.25815,1.22,1
17.08.2021 01:20:37.997,1.2582700000000002,1.25815,2.1,1
17.08.2021 01:20:39.796,1.2582700000000002,1.25818,1.5,1
17.08.2021 01:20:39.847,1.25831,1.2582,1.7,1
17.08.2021 01:20:40.050,1.25832,1.2582,1.1,1.5
17.08.2021 01:20:40.611,1.25832,1.25821,1.1,1
17.08.2021 01:20:48.411,1.25832,1.2582,1.1,1.5
17.08.2021 01:20:58.950,1.25832,1.2582,1.6,1
17.08.2021 01:20:59.051,1.25831,1.2582,1.1,1.5
17.08.2021 01:21:03.229,1.25831,1.25821,1.1,1.5
17.08.2021 01:21:03.477,1.25831,1.25821,1.1,1
17.08.2021 01:21:06.558,1.25831,1.25819,1.22,1
17.08.2021 01:21:06.659,1.2582900000000001,1.2582,1.1,1
17.08.2021 01:21:07.621,1.2583,1.25819,1.1,1.5
17.08.2021 01:21:09.912,1.25831,1.25819,1.1,1.5
17.08.2021 01:21:10.227,1.2583,1.25819,1.1,1.5
17.08.2021 01:21:13.246,1.2582900000000001,1.25819,1.5,1.5
17.08.2021 01:21:13.297,1.25828,1.2581600000000002,1.1,1
17.08.2021 01:21:15.246,1.2582900000000001,1.2581600000000002,1.6,1.5
17.08.2021 01:21:16.546,1.25828,1.25815,3.1,1
17.08.2021 01:21:16.648,1.2582700000000002,1.25815,1.1,1
17.08.2021 01:21:33.196,1.2582600000000002,1.25814,2.85,1.5
17.08.2021 01:21:33.619,1.2582600000000002,1.25815,2.1,1
17.08.2021 01:21:42.217,1.2582700000000002,1.25813,2.85,1.5
17.08.2021 01:21:42.470,1.2582600000000002,1.25813,1.22,1.5
17.08.2021 01:21:43.218,1.25823,1.25813,1,1
17.08.2021 01:21:46.943,1.25824,1.2581200000000001,1.1,1.5
17.08.2021 01:21:54.586,1.2582700000000002,1.25818,1.12,1
17.08.2021 01:21:54.688,1.25833,1.2582200000000001,3.49,1
17.08.2021 01:21:54.790,1.25833,1.25821,1.3,1
17.08.2021 01:22:15.838,1.25832,1.25823,1.22,1
17.08.2021 01:22:16.385,1.25833,1.2582200000000001,1.6,1.5
17.08.2021 01:22:17.267,1.25833,1.25823,1.6,1
17.08.2021 01:22:20.071,1.25834,1.25821,1.6,1.5
17.08.2021 01:22:21.547,1.25834,1.25821,1.6,1.5
17.08.2021 01:22:22.267,1.25833,1.25823,1.6,1
17.08.2021 01:22:36.461,1.25834,1.25821,2.1,1.5
17.08.2021 01:22:52.356,1.25833,1.25824,1.6,1
17.08.2021 01:22:52.559,1.25838,1.2582700000000002,1.3,1.5
17.08.2021 01:22:52.661,1.2584,1.25828,1.1,1.5
17.08.2021 01:22:52.763,1.2584,1.2582900000000001,2.85,1.5
17.08.2021 01:22:52.864,1.2584,1.2582900000000001,2.85,1.5
17.08.2021 01:22:53.575,1.2584,1.25828,1.1,1.5
17.08.2021 01:22:54.686,1.25841,1.2582900000000001,2.72,1
17.08.2021 01:22:56.234,1.2584,1.2583,1.95,1
17.08.2021 01:22:59.394,1.25841,1.2582900000000001,1.97,1
17.08.2021 01:23:01.105,1.2584,1.2582900000000001,2.72,1.5
17.08.2021 01:23:01.206,1.2584,1.25828,1.1,1.5
17.08.2021 01:23:04.460,1.25841,1.25828,1.22,1.5
17.08.2021 01:23:09.733,1.2583900000000001,1.2582900000000001,1.1,1.5
17.08.2021 01:23:10.084,1.2584,1.25828,1.1,1.5
17.08.2021 01:23:10.185,1.2584,1.25828,1.1,1.5
17.08.2021 01:23:10.559,1.25841,1.25828,2.72,1.5
17.08.2021 01:23:12.909,1.25841,1.25828,1.95,1.5
17.08.2021 01:23:13.199,1.25841,1.25828,1.97,1.5
17.08.2021 01:23:13.761,1.25843,1.25833,1,1
17.08.2021 01:23:13.863,1.2584600000000001,1.25834,1.1,1
17.08.2021 01:23:14.015,1.25845,1.25835,1.1,1.5
17.08.2021 01:23:38.934,1.2584700000000002,1.2583600000000001,1.22,1
17.08.2021 01:23:39.036,1.2584700000000002,1.2583700000000002,2.1,1
17.08.2021 01:23:42.214,1.2584600000000001,1.2583700000000002,1.22,1
17.08.2021 01:23:42.857,1.2584700000000002,1.25835,1.22,1.5
17.08.2021 01:23:42.958,1.2584700000000002,1.2583600000000001,2.1,1.5
17.08.2021 01:23:45.711,1.25848,1.2583600000000001,2.1,1
17.08.2021 01:23:45.813,1.25848,1.2583600000000001,2.1,1
17.08.2021 01:23:46.157,1.2584700000000002,1.2583700000000002,1.57,1
17.08.2021 01:23:46.258,1.2585,1.2583700000000002,3.22,1
17.08.2021 01:23:46.741,1.25849,1.25841,2.1,1
17.08.2021 01:23:47.086,1.25849,1.25842,2.1,1
17.08.2021 01:23:47.288,1.2585,1.2584,2.1,1
17.08.2021 01:23:48.058,1.25849,1.2584,1.2,1
17.08.2021 01:23:48.685,1.25851,1.2584,1.6,1
17.08.2021 01:23:48.737,1.25853,1.2584,1.97,1
17.08.2021 01:23:48.888,1.25853,1.25844,1.97,1
17.08.2021 01:23:50.398,1.25851,1.25841,1.6,1
17.08.2021 01:23:50.499,1.2585,1.25841,1.1,1
17.08.2021 01:23:50.653,1.2585,1.25841,3.45,1
17.08.2021 01:23:50.704,1.25849,1.2584,1.1,1
17.08.2021 01:23:51.017,1.25849,1.25842,3.45,1
17.08.2021 01:23:52.098,1.2585,1.2584,1.97,1
17.08.2021 01:23:52.999,1.25849,1.25842,3.45,1
17.08.2021 01:23:53.798,1.2585,1.25841,1.97,1
17.08.2021 01:23:54.563,1.25849,1.25841,1.97,1
17.08.2021 01:23:54.870,1.2585,1.2584,3.47,1
17.08.2021 01:23:55.512,1.25849,1.2584,1.1,1
17.08.2021 01:24:01.078,1.25848,1.2583900000000001,1.22,1
17.08.2021 01:24:01.179,1.2584700000000002,1.2584,1.2,1
17.08.2021 01:24:01.565,1.25848,1.25841,2.1,1
17.08.2021 01:24:02.202,1.25849,1.25842,1.95,1
17.08.2021 01:24:02.303,1.25851,1.25842,1.6,1
17.08.2021 01:24:02.404,1.25852,1.25843,1.6,1
17.08.2021 01:24:02.505,1.2585,1.25841,1.12,1
17.08.2021 01:24:04.168,1.25849,1.25843,1.2,1
17.08.2021 01:24:04.272,1.25851,1.25841,2.85,1
17.08.2021 01:24:05.158,1.25851,1.25842,2.07,1
17.08.2021 01:24:05.749,1.2585,1.25842,2.85,1
17.08.2021 01:24:05.850,1.25851,1.25842,1.6,1
17.08.2021 01:24:08.528,1.25849,1.25842,1.2,1
17.08.2021 01:24:08.983,1.25849,1.25841,1.2,1
17.08.2021 01:24:09.186,1.2585,1.25841,1.2,1
17.08.2021 01:24:09.645,1.25851,1.25842,2.1,1
17.08.2021 01:24:09.906,1.2585,1.25841,1,1
17.08.2021 01:24:10.008,1.25851,1.25841,1.2,1
17.08.2021 01:24:10.794,1.2585,1.25841,1,1
17.08.2021 01:24:10.897,1.2585,1.2584,1.1,1
17.08.2021 01:24:10.998,1.2585,1.25841,1.1,1
17.08.2021 01:24:12.711,1.25851,1.25841,1.2,1
17.08.2021 01:24:14.477,1.25851,1.25844,2.1,1
17.08.2021 01:24:16.178,1.25853,1.25844,1.97,1
17.08.2021 01:24:16.229,1.25851,1.25842,1.1,1
17.08.2021 01:24:16.280,1.25852,1.25845,1.2,1
17.08.2021 01:24:19.724,1.25853,1.25844,1.97,1
17.08.2021 01:24:24.676,1.25853,1.25844,1.76,1
17.08.2021 01:24:24.981,1.25853,1.25845,1.12,1
17.08.2021 01:24:25.185,1.25852,1.25845,1.57,1
17.08.2021 01:24:29.093,1.25852,1.25844,1,1
17.08.2021 01:24:31.600,1.2585,1.2584,1.2,1
17.08.2021 01:24:32.456,1.2585,1.25841,1.95,1
17.08.2021 01:24:33.733,1.25849,1.25841,1.95,1
17.08.2021 01:24:34.447,1.25849,1.25841,1.97,1
17.08.2021 01:24:35.377,1.25849,1.25841,1.95,1
17.08.2021 01:24:36.327,1.2585,1.2584,1.6,1
17.08.2021 01:24:36.428,1.2585,1.2583900000000001,1.6,1
17.08.2021 01:24:36.529,1.25848,1.2583900000000001,1.1,1
17.08.2021 01:24:41.855,1.2584700000000002,1.25841,1,1
17.08.2021 01:24:45.166,1.2584700000000002,1.2584,1,1
17.08.2021 01:24:46.961,1.2584700000000002,1.25841,1,1
17.08.2021 01:24:50.230,1.2584700000000002,1.2584,1,1
17.08.2021 01:24:50.431,1.25848,1.2584,1,1
17.08.2021 01:24:51.341,1.25848,1.25841,1.5,1
17.08.2021 01:24:53.592,1.2585,1.25844,1,1
17.08.2021 01:24:53.643,1.25853,1.25844,1.2,1
17.08.2021 01:24:58.027,1.25853,1.25843,1.57,1
17.08.2021 01:24:58.365,1.25852,1.25843,1,1
17.08.2021 01:24:59.610,1.2585,1.25841,3.04,1
17.08.2021 01:24:59.924,1.2585,1.2583900000000001,1.2,1
17.08.2021 01:25:00.025,1.25849,1.2584,1.22,1
17.08.2021 01:25:03.413,1.25851,1.2583900000000001,1.6,1
17.08.2021 01:25:03.464,1.25853,1.25844,6.3,1
17.08.2021 01:25:03.616,1.25853,1.25843,1.95,1
17.08.2021 01:25:03.976,1.25852,1.25842,1.1,1
17.08.2021 01:25:04.078,1.25852,1.25844,1.95,1
17.08.2021 01:25:04.458,1.25851,1.25844,1,1
17.08.2021 01:25:07.765,1.25851,1.25841,1.57,1
17.08.2021 01:25:07.815,1.25851,1.25844,1.12,1
17.08.2021 01:25:07.916,1.25852,1.25844,1.95,1
17.08.2021 01:25:10.905,1.25851,1.2584,1.2,1
17.08.2021 01:25:11.608,1.2585,1.25841,1.22,1
17.08.2021 01:25:14.680,1.2585,1.2583900000000001,1.41,1
17.08.2021 01:25:15.594,1.25849,1.2584,2.91,1
17.08.2021 01:25:16.767,1.25849,1.2583900000000001,1.1,1
17.08.2021 01:25:24.581,1.25848,1.25841,1.1,1
17.08.2021 01:25:27.451,1.25848,1.2584,1.1,1
17.08.2021 01:25:32.904,1.25848,1.25841,1.1,1
17.08.2021 01:25:35.120,1.2585,1.25841,1.2,1
17.08.2021 01:25:35.585,1.25852,1.25844,1.12,1
17.08.2021 01:25:35.788,1.25853,1.25844,1.95,1
17.08.2021 01:25:36.466,1.25852,1.25844,2.1,1
17.08.2021 01:25:41.511,1.25851,1.25841,2.72,1
17.08.2021 01:25:42.687,1.25852,1.25842,1.6,1
17.08.2021 01:25:47.576,1.25851,1.25842,1.6,1
17.08.2021 01:26:02.504,1.2585,1.2583900000000001,1.1,1
17.08.2021 01:26:02.606,1.25849,1.25838,1.1,1
17.08.2021 01:26:05.408,1.2585,1.2583900000000001,1.22,1
17.08.2021 01:26:05.561,1.25848,1.2583900000000001,1.1,1
17.08.2021 01:26:05.865,1.25849,1.25838,1.1,1
17.08.2021 01:26:07.069,1.25848,1.2583900000000001,1.1,1
17.08.2021 01:26:07.170,1.25848,1.2583900000000001,1,1
17.08.2021 01:26:07.702,1.25848,1.2584,1.1,1
17.08.2021 01:26:13.641,1.25848,1.2583900000000001,1.1,1
17.08.2021 01:26:17.302,1.25851,1.2584,1.6,1
17.08.2021 01:26:17.404,1.2585,1.2584,2.1,1
17.08.2021 01:26:18.629,1.25853,1.25843,4.99,1
17.08.2021 01:26:18.832,1.25852,1.25843,1.6,1
17.08.2021 01:26:20.056,1.2585,1.2584,1.97,1
17.08.2021 01:26:20.259,1.25851,1.2584,1.97,1
17.08.2021 01:26:22.427,1.2585,1.2584,1.6,1
17.08.2021 01:26:30.610,1.25851,1.2584,1.97,1
17.08.2021 01:26:30.712,1.2585,1.2584,1.97,1
17.08.2021 01:26:31.255,1.25851,1.2583900000000001,3.04,1
17.08.2021 01:26:31.356,1.25849,1.25838,1.1,1
17.08.2021 01:26:31.457,1.25849,1.25838,1.1,1
17.08.2021 01:26:32.428,1.25849,1.2584,1.22,1
17.08.2021 01:26:35.562,1.25849,1.25838,1.1,1
17.08.2021 01:26:41.070,1.25849,1.2584,1.22,1
17.08.2021 01:26:41.298,1.2585,1.2584,2.1,1
17.08.2021 01:26:42.392,1.2585,1.25838,1.2,1
17.08.2021 01:26:43.292,1.25849,1.25838,1.1,1
17.08.2021 01:26:50.072,1.2584600000000001,1.25838,1,1
17.08.2021 01:26:56.897,1.25849,1.2583900000000001,1.41,1
17.08.2021 01:26:58.121,1.2584600000000001,1.25838,1,1
17.08.2021 01:27:10.789,1.25845,1.2583700000000002,1,1
