Gmt time,Ask,Bid,AskVolume,BidVolume
23.08.2021 00:00:05.295,0.9173100000000001,0.9172,1.69,1.76
23.08.2021 00:00:07.465,0.9173,0.9172,1,1.76
23.08.2021 00:00:12.337,0.91728,0.9171900000000001,1,1.25
23.08.2021 00:00:16.358,0.91723,0.91714,1,1.57
23.08.2021 00:00:16.460,0.91723,0.91713,1.5,1
23.08.2021 00:00:21.904,0.9172200000000001,0.91713,1,1
23.08.2021 00:00:37.118,0.9172200000000001,0.9171200000000002,1,1
23.08.2021 00:00:39.749,0.9171900000000001,0.9171,1,1.5
23.08.2021 00:00:39.800,0.9171700000000002,0.91708,1,1.22
23.08.2021 00:00:39.901,0.91718,0.9170700000000002,1,1
23.08.2021 00:00:48.280,0.9171600000000001,0.91708,1,1
23.08.2021 00:00:51.075,0.91715,0.91708,1,1
23.08.2021 00:00:53.380,0.91714,0.9170600000000001,1,1
23.08.2021 00:01:01.726,0.91715,0.9170600000000001,1.25,1
23.08.2021 00:01:18.108,0.9171600000000001,0.9170600000000001,1,1.01
23.08.2021 00:01:18.260,0.9171700000000002,0.91708,1.25,1
23.08.2021 00:01:19.475,0.91718,0.91709,1.25,1
23.08.2021 00:01:31.277,0.9171700000000002,0.91709,1,1
23.08.2021 00:01:31.378,0.91718,0.9170700000000002,1.25,1
23.08.2021 00:01:58.291,0.9171600000000001,0.91708,1,1
23.08.2021 00:02:10.277,0.91713,0.91705,1,1
23.08.2021 00:02:12.916,0.9171200000000002,0.91703,1.25,1
23.08.2021 00:02:13.018,0.9171100000000001,0.91703,1,1
23.08.2021 00:02:13.070,0.91709,0.9170100000000001,1,1.1
23.08.2021 00:02:19.126,0.9171,0.9170100000000001,1.25,1
23.08.2021 00:02:36.888,0.91709,0.917,1,1.5
23.08.2021 00:02:47.671,0.9171,0.917,2.44,1
23.08.2021 00:02:47.784,0.91709,0.917,1,1
23.08.2021 00:03:01.672,0.91708,0.917,1,1
23.08.2021 00:03:07.401,0.9170600000000001,0.9169700000000001,1,1.39
23.08.2021 00:03:12.051,0.91708,0.91698,1.95,1
23.08.2021 00:03:12.153,0.91708,0.91698,1.82,1
23.08.2021 00:03:12.255,0.91708,0.91699,1.1,1
23.08.2021 00:03:23.806,0.9171100000000001,0.9170200000000002,1,1
23.08.2021 00:03:24.060,0.9171200000000002,0.9170200000000002,1.69,1
23.08.2021 00:03:24.262,0.9171100000000001,0.9170200000000002,1.69,1
23.08.2021 00:03:25.191,0.9171,0.917,1.69,1
23.08.2021 00:03:25.293,0.91709,0.917,1,1
23.08.2021 00:03:30.905,0.91708,0.917,1,1
23.08.2021 00:03:34.673,0.9171,0.917,1.69,1
23.08.2021 00:03:47.130,0.9171,0.9169700000000001,1.69,1.2
23.08.2021 00:03:47.181,0.91709,0.917,1.25,1
23.08.2021 00:03:47.787,0.91708,0.917,1,1
23.08.2021 00:04:23.404,0.9171100000000001,0.9170100000000001,1.5,3
23.08.2021 00:04:23.556,0.9171100000000001,0.9170200000000002,1,1
23.08.2021 00:04:23.709,0.9171200000000002,0.91703,1.25,1
23.08.2021 00:04:23.861,0.9171200000000002,0.91704,1.25,1
23.08.2021 00:04:23.963,0.91713,0.91704,1,1
23.08.2021 00:04:24.065,0.91714,0.91704,2.44,1
23.08.2021 00:04:29.420,0.91714,0.91705,1,1
23.08.2021 00:04:32.342,0.91714,0.91703,2.25,3
23.08.2021 00:04:32.393,0.9171200000000002,0.91703,1.25,1.5
23.08.2021 00:04:36.977,0.9171200000000002,0.9170100000000001,2.5,2.37
23.08.2021 00:04:37.029,0.9171200000000002,0.91704,1.75,1
23.08.2021 00:04:37.372,0.9171200000000002,0.91704,1.25,1
23.08.2021 00:04:39.749,0.91715,0.91703,2.95,1
23.08.2021 00:04:45.432,0.9171100000000001,0.91699,1,2.25
23.08.2021 00:04:45.534,0.9171,0.91699,1.5,1.31
23.08.2021 00:04:45.636,0.91709,0.91699,1,1.25
23.08.2021 00:04:47.092,0.9171,0.9170100000000001,1.1,1
23.08.2021 00:04:47.194,0.91714,0.9170200000000002,1.76,1
23.08.2021 00:04:47.295,0.91713,0.91704,1.01,1
23.08.2021 00:04:48.261,0.91714,0.91704,2.51,1
23.08.2021 00:05:06.300,0.91714,0.91705,1.1,1.5
23.08.2021 00:05:08.324,0.9171200000000002,0.91704,1,1.12
23.08.2021 00:05:08.426,0.9171,0.91705,1,1
23.08.2021 00:05:10.024,0.91715,0.91705,1.57,1
23.08.2021 00:05:10.125,0.91715,0.9170600000000001,1,1
23.08.2021 00:05:28.483,0.9171600000000001,0.9170600000000001,1.25,1.12
23.08.2021 00:05:28.584,0.9171700000000002,0.9170700000000002,1.76,1
23.08.2021 00:05:28.635,0.9171900000000001,0.91708,1.5,2.06
23.08.2021 00:05:28.736,0.91715,0.91708,1,1
23.08.2021 00:05:28.838,0.9171600000000001,0.9170700000000002,1.76,1
23.08.2021 00:05:28.939,0.91715,0.9170600000000001,1,1.12
23.08.2021 00:05:29.058,0.9171600000000001,0.9170600000000001,1.76,1.12
23.08.2021 00:05:32.008,0.91715,0.91705,1,1.75
23.08.2021 00:05:32.110,0.9171600000000001,0.91704,1.57,1.31
23.08.2021 00:05:35.503,0.9171600000000001,0.9170600000000001,1.1,1.25
23.08.2021 00:05:35.605,0.9171600000000001,0.91704,1.5,1.31
23.08.2021 00:07:07.844,0.9172,0.9171,4.79,1
23.08.2021 00:07:07.945,0.9171900000000001,0.91709,1,3.64
23.08.2021 00:07:08.265,0.9171900000000001,0.91709,1,4.14
23.08.2021 00:07:13.345,0.9172,0.9171,3.26,1.12
23.08.2021 00:07:16.228,0.9172100000000001,0.9171100000000001,1.01,1.5
23.08.2021 00:07:17.177,0.9172100000000001,0.9171100000000001,1,3.39
23.08.2021 00:07:20.480,0.9172200000000001,0.9171200000000002,1,1.95
23.08.2021 00:07:20.683,0.91723,0.91713,1.1,1
23.08.2021 00:07:23.241,0.91723,0.91713,1.1,2.19
23.08.2021 00:07:23.342,0.91725,0.91713,1.01,1.87
23.08.2021 00:07:23.575,0.91724,0.91714,1.01,2
23.08.2021 00:07:24.571,0.91724,0.91714,1.1,2.06
23.08.2021 00:07:59.386,0.91723,0.91713,1.25,2.62
23.08.2021 00:07:59.488,0.91724,0.91714,1.5,1.12
23.08.2021 00:07:59.589,0.91725,0.91715,1.57,1
23.08.2021 00:08:28.702,0.9172600000000001,0.91715,1.2,1.25
23.08.2021 00:08:28.955,0.91729,0.91718,1.01,4.06
23.08.2021 00:08:29.056,0.9173100000000001,0.9171900000000001,1.76,1.82
23.08.2021 00:08:29.157,0.9173100000000001,0.9172,1,1.85
23.08.2021 00:08:29.258,0.9173200000000001,0.9172,1.01,1.85
23.08.2021 00:08:29.466,0.9173200000000001,0.9172,1.1,3.07
23.08.2021 00:08:39.955,0.9173100000000001,0.9172100000000001,1,1.37
23.08.2021 00:08:42.284,0.9173100000000001,0.9172100000000001,1.57,1.25
23.08.2021 00:08:42.335,0.91729,0.9171900000000001,1,2.06
23.08.2021 00:08:42.588,0.91729,0.9171700000000002,1,2.19
23.08.2021 00:08:42.689,0.91728,0.91718,1.79,1
23.08.2021 00:09:22.972,0.9172700000000001,0.9171600000000001,1.57,1
23.08.2021 00:09:23.022,0.91725,0.91715,1,1.87
23.08.2021 00:09:23.276,0.91724,0.91715,1,1
23.08.2021 00:09:23.464,0.91725,0.91715,1.57,1
23.08.2021 00:09:26.726,0.9172700000000001,0.9171600000000001,1,1.31
23.08.2021 00:09:26.828,0.9172600000000001,0.9171600000000001,1.5,1.12
23.08.2021 00:09:31.836,0.9172700000000001,0.9171700000000002,1.1,1
23.08.2021 00:09:49.130,0.91729,0.9171900000000001,1,1
23.08.2021 00:09:49.231,0.9173,0.9171900000000001,1.95,1.5
23.08.2021 00:09:57.773,0.9173,0.9171900000000001,1,2.54
23.08.2021 00:09:57.875,0.9173100000000001,0.9172100000000001,1.5,1
23.08.2021 00:10:04.171,0.9173100000000001,0.9172100000000001,1,1.75
23.08.2021 00:10:04.286,0.91733,0.91723,1.6,1.25
23.08.2021 00:10:04.387,0.91733,0.91723,1.57,1.25
23.08.2021 00:10:14.188,0.9173200000000001,0.9172200000000001,1,1.25
23.08.2021 00:10:17.632,0.9173100000000001,0.9172100000000001,1,2.06
23.08.2021 00:10:27.737,0.9173100000000001,0.9172100000000001,1,1.37
23.08.2021 00:10:28.905,0.9173100000000001,0.9172100000000001,1,1.31
23.08.2021 00:11:18.955,0.9173,0.9172,1,1.5
23.08.2021 00:11:19.006,0.9173,0.9171900000000001,2.32,1.31
23.08.2021 00:11:27.655,0.9172700000000001,0.91718,1,1.25
23.08.2021 00:11:27.756,0.9172600000000001,0.9171600000000001,1.1,1.25
23.08.2021 00:11:27.858,0.9172600000000001,0.91714,1.57,1.25
23.08.2021 00:11:28.112,0.91724,0.91715,1,1
23.08.2021 00:11:28.471,0.91725,0.91715,1.76,1
23.08.2021 00:11:41.110,0.91724,0.91713,1.95,2.25
23.08.2021 00:11:41.211,0.91723,0.9171200000000002,1.57,2.12
23.08.2021 00:11:49.762,0.9172200000000001,0.9171200000000002,1,1.12
23.08.2021 00:11:49.864,0.9172100000000001,0.9171100000000001,1,1.69
23.08.2021 00:12:32.424,0.9172,0.9171100000000001,1,1.69
23.08.2021 00:12:32.826,0.9172100000000001,0.9171100000000001,1.5,1.69
23.08.2021 00:12:49.837,0.9172200000000001,0.9171100000000001,1.57,1.69
23.08.2021 00:12:56.497,0.9172200000000001,0.91713,1.1,1
23.08.2021 00:12:56.652,0.9172200000000001,0.9171200000000002,1.57,1
23.08.2021 00:12:56.820,0.9172200000000001,0.9171100000000001,1,1
23.08.2021 00:13:00.583,0.9172200000000001,0.91713,1,1
23.08.2021 00:13:00.752,0.91723,0.91714,1.57,1
23.08.2021 00:13:00.903,0.91724,0.91714,1.95,1.5
23.08.2021 00:13:03.324,0.91725,0.91715,1.57,2.06
23.08.2021 00:13:07.195,0.91728,0.91718,1.57,1.69
23.08.2021 00:13:07.297,0.91729,0.9171900000000001,1.57,1.31
23.08.2021 00:13:07.449,0.9173,0.9172,1.57,1.87
23.08.2021 00:13:11.781,0.9173,0.9172100000000001,1.1,1
23.08.2021 00:13:19.500,0.9173100000000001,0.9172100000000001,1.5,1.69
23.08.2021 00:13:19.947,0.9173100000000001,0.9172200000000001,1.5,1
23.08.2021 00:13:21.494,0.9173200000000001,0.9172,1.5,1.69
23.08.2021 00:13:52.670,0.9173100000000001,0.9172200000000001,1,1
23.08.2021 00:14:06.635,0.9173600000000001,0.91724,1.6,2.44
23.08.2021 00:14:06.788,0.91733,0.91725,1,1
23.08.2021 00:14:07.192,0.91734,0.91725,1.1,1
23.08.2021 00:14:09.428,0.91733,0.91725,1,1
23.08.2021 00:14:10.492,0.91733,0.91723,1.5,1.69
23.08.2021 00:14:10.594,0.91733,0.91724,1,1
23.08.2021 00:14:40.743,0.91733,0.91723,1,1
23.08.2021 00:14:40.844,0.91733,0.91724,1,1
23.08.2021 00:15:20.731,0.91733,0.91723,1.5,1
23.08.2021 00:15:27.454,0.9173200000000001,0.91723,1,1
23.08.2021 00:15:27.556,0.9173100000000001,0.9172100000000001,1.1,2.06
23.08.2021 00:16:10.260,0.91729,0.9172,1,1.5
23.08.2021 00:16:10.361,0.9173,0.9171900000000001,1,1
23.08.2021 00:16:38.285,0.9173,0.9172100000000001,1.1,1.25
23.08.2021 00:17:05.234,0.9173,0.9172,1.1,1.5
23.08.2021 00:17:06.286,0.91729,0.9172,1,1
23.08.2021 00:17:08.082,0.9173,0.9172,1.1,1.5
23.08.2021 00:17:15.366,0.91729,0.9172,1,1
23.08.2021 00:17:39.826,0.9172700000000001,0.9171700000000002,2.25,2.26
23.08.2021 00:17:39.927,0.91723,0.91714,1,1.25
23.08.2021 00:17:40.079,0.91723,0.91713,1.5,1.69
23.08.2021 00:17:40.433,0.91723,0.91714,1,1
23.08.2021 00:17:41.061,0.9172200000000001,0.91714,1,1
23.08.2021 00:17:41.340,0.91723,0.91714,1.1,1
23.08.2021 00:17:42.765,0.91723,0.91713,1.76,1
23.08.2021 00:17:46.607,0.9172100000000001,0.9171200000000002,1,1.25
23.08.2021 00:17:46.717,0.9172200000000001,0.9171,1.57,1.69
23.08.2021 00:17:51.300,0.9172100000000001,0.9171,1.5,1
23.08.2021 00:18:03.009,0.9172100000000001,0.9171100000000001,1.57,1.69
23.08.2021 00:18:03.513,0.9172,0.9171100000000001,1,1.25
23.08.2021 00:18:13.223,0.9172100000000001,0.9171100000000001,1.57,2.06
23.08.2021 00:18:21.006,0.9172100000000001,0.9171100000000001,1.57,2.87
23.08.2021 00:19:18.546,0.9172200000000001,0.9171200000000002,1.5,2.14
23.08.2021 00:19:18.647,0.9172200000000001,0.91713,1,1
23.08.2021 00:19:19.800,0.91723,0.91713,1.1,1.5
23.08.2021 00:19:20.845,0.91724,0.91714,1.6,1
23.08.2021 00:19:27.829,0.91724,0.91714,1.5,1
23.08.2021 00:19:31.248,0.91724,0.91714,1.97,1
23.08.2021 00:19:36.322,0.91725,0.9171700000000002,1,1.5
23.08.2021 00:19:36.424,0.91725,0.9171600000000001,1.1,1.5
23.08.2021 00:19:48.913,0.91724,0.9171600000000001,1,1
23.08.2021 00:19:49.038,0.91724,0.91715,1,1.5
23.08.2021 00:20:26.592,0.91723,0.91715,1,1
23.08.2021 00:20:26.694,0.91724,0.9171200000000002,1.5,2.87
23.08.2021 00:20:27.118,0.91723,0.91713,1.5,2.06
23.08.2021 00:20:31.219,0.9172200000000001,0.9171200000000002,1.57,1.69
23.08.2021 00:20:44.023,0.9172200000000001,0.9171200000000002,1.57,2.5
23.08.2021 00:20:44.124,0.9172200000000001,0.9171200000000002,1.57,1.69
23.08.2021 00:20:47.034,0.9172200000000001,0.9171200000000002,1.57,2.5
23.08.2021 00:21:31.304,0.91723,0.91713,1.5,1.69
23.08.2021 00:22:05.039,0.9172200000000001,0.91713,1,1.25
23.08.2021 00:22:05.728,0.91723,0.91713,1.57,1.69
23.08.2021 00:22:17.018,0.91723,0.91714,1,1
23.08.2021 00:22:31.737,0.9172200000000001,0.91714,1,1
23.08.2021 00:22:33.140,0.91723,0.91714,1,1
23.08.2021 00:23:12.019,0.91723,0.91713,1.5,1.69
23.08.2021 00:24:07.020,0.91723,0.9171100000000001,1,1.87
23.08.2021 00:25:02.021,0.91724,0.9171200000000002,1.5,1
23.08.2021 00:25:07.358,0.91724,0.91714,1.5,1
23.08.2021 00:27:29.086,0.91729,0.91718,4.14,1.69
23.08.2021 00:27:29.392,0.9172700000000001,0.91718,1,2.5
23.08.2021 00:27:29.443,0.9173100000000001,0.9172,1.01,1
23.08.2021 00:27:38.510,0.9173200000000001,0.9172,1,1.69
23.08.2021 00:27:41.167,0.9173100000000001,0.9172200000000001,1,1
23.08.2021 00:27:41.268,0.91734,0.91724,1.95,1
23.08.2021 00:27:41.370,0.91735,0.91723,3.14,1
23.08.2021 00:27:41.471,0.91734,0.91724,1.39,1.5
23.08.2021 00:27:48.167,0.91733,0.91723,1,1.5
23.08.2021 00:28:43.121,0.91734,0.91723,1.87,1.5
23.08.2021 00:28:50.264,0.91733,0.91723,1,1
23.08.2021 00:28:54.904,0.91734,0.91723,1.87,1.5
23.08.2021 00:29:05.302,0.9173100000000001,0.9172200000000001,2.37,1.12
23.08.2021 00:29:05.404,0.9173,0.9172100000000001,1,1
23.08.2021 00:29:05.505,0.91729,0.9172,1,1
23.08.2021 00:29:05.859,0.91729,0.9172100000000001,1,1
23.08.2021 00:29:05.960,0.9173,0.9172100000000001,1.25,1
23.08.2021 00:29:15.904,0.9173,0.9172,1,2.06
23.08.2021 00:29:42.054,0.9173100000000001,0.9172,1,1
23.08.2021 00:29:42.156,0.9173,0.9172,1,2.06
23.08.2021 00:30:45.446,0.9173100000000001,0.9172,1.69,2.06
23.08.2021 00:31:01.331,0.9173,0.9172,1,1.69
23.08.2021 00:31:09.695,0.9173,0.9172,1.5,1.5
23.08.2021 00:31:10.161,0.9173100000000001,0.9172100000000001,1.75,1
23.08.2021 00:31:10.678,0.9173100000000001,0.9172200000000001,1.25,1
23.08.2021 00:31:12.735,0.9173100000000001,0.9172200000000001,1.25,1
23.08.2021 00:31:25.232,0.9173200000000001,0.91724,1.25,1
23.08.2021 00:31:42.561,0.91735,0.91725,4.35,3.75
23.08.2021 00:31:42.612,0.91735,0.91729,2.44,1
23.08.2021 00:31:42.663,0.91735,0.9172700000000001,1.7,1
23.08.2021 00:31:42.764,0.91735,0.9172700000000001,2.39,1
23.08.2021 00:31:42.866,0.91735,0.9172600000000001,2.39,1
23.08.2021 00:31:42.967,0.91735,0.9172700000000001,2.39,1
23.08.2021 00:32:04.754,0.91735,0.9172700000000001,1.35,1
23.08.2021 00:32:12.237,0.9173700000000001,0.91729,1.25,1
23.08.2021 00:32:12.339,0.9173700000000001,0.9173,1.25,1
23.08.2021 00:32:20.335,0.91738,0.9173,1.25,1
23.08.2021 00:32:22.171,0.91738,0.9173,1.94,1
23.08.2021 00:32:31.688,0.91738,0.9173,1.25,1
23.08.2021 00:32:31.739,0.91738,0.91728,1.69,1.5
23.08.2021 00:32:33.486,0.91738,0.9172700000000001,1.01,1
23.08.2021 00:32:38.210,0.9173600000000001,0.9172700000000001,1.1,1.12
23.08.2021 00:32:38.313,0.91735,0.91724,2.14,2.95
23.08.2021 00:32:38.363,0.91735,0.91724,3.14,1.57
23.08.2021 00:33:03.254,0.91735,0.91725,2.39,1
23.08.2021 00:33:11.368,0.91734,0.91725,1.5,1
23.08.2021 00:33:21.077,0.9173600000000001,0.91724,3.32,1
23.08.2021 00:33:54.533,0.91738,0.91728,2.57,1.5
23.08.2021 00:33:54.634,0.91738,0.91729,2.44,1
23.08.2021 00:33:54.685,0.91738,0.9173100000000001,1.5,1
23.08.2021 00:33:54.837,0.9174100000000001,0.9173100000000001,2.04,1
23.08.2021 00:34:54.690,0.9174,0.9173100000000001,1,1
23.08.2021 00:35:21.704,0.9174,0.9173,1.1,1.5
23.08.2021 00:35:27.478,0.9174,0.9173100000000001,1,1
23.08.2021 00:36:05.963,0.9174100000000001,0.9173100000000001,1.25,1.5
23.08.2021 00:36:39.793,0.9174,0.9173,1,1.87
23.08.2021 00:37:28.356,0.91739,0.9173,1.01,1.12
23.08.2021 00:37:28.457,0.91739,0.9173,1.35,1
23.08.2021 00:37:29.753,0.91739,0.91729,1.82,1.5
23.08.2021 00:37:30.755,0.9173600000000001,0.9172700000000001,1,1.6
23.08.2021 00:37:30.856,0.9173600000000001,0.9172600000000001,1.75,1.95
23.08.2021 00:37:30.957,0.91734,0.91725,1.25,1
23.08.2021 00:37:31.264,0.91733,0.91724,1.25,1
23.08.2021 00:38:30.973,0.91734,0.91724,1.2,1.5
23.08.2021 00:39:01.297,0.91733,0.91724,1.25,1
23.08.2021 00:39:01.420,0.9173200000000001,0.91723,1,1
23.08.2021 00:39:01.521,0.9173200000000001,0.9172200000000001,1.69,1.5
23.08.2021 00:39:01.622,0.9173100000000001,0.9172200000000001,1,1
23.08.2021 00:39:02.969,0.9173,0.9172,1.25,1.87
23.08.2021 00:39:25.094,0.9173,0.9172100000000001,1,1
23.08.2021 00:39:45.160,0.9173200000000001,0.9172,1,1.5
23.08.2021 00:40:14.533,0.9173200000000001,0.9172200000000001,1.76,1.5
23.08.2021 00:40:14.635,0.9173200000000001,0.91723,1,1
23.08.2021 00:40:14.736,0.91733,0.91724,1,1
23.08.2021 00:40:14.838,0.91734,0.91724,1.57,1.5
23.08.2021 00:40:36.667,0.91734,0.91725,1,1
23.08.2021 00:41:18.571,0.9173700000000001,0.9172700000000001,2.69,1
23.08.2021 00:41:18.673,0.91738,0.91728,1.69,1
23.08.2021 00:41:18.774,0.91738,0.91728,1,2
23.08.2021 00:41:30.407,0.91738,0.91728,1.5,1.95
23.08.2021 00:41:31.417,0.9173700000000001,0.9172700000000001,1.25,1
23.08.2021 00:41:31.518,0.91735,0.91725,1.25,1.5
23.08.2021 00:41:40.525,0.91735,0.9172600000000001,1,1
23.08.2021 00:41:44.640,0.9173700000000001,0.9172700000000001,1,2
23.08.2021 00:41:52.141,0.91738,0.91728,1,1.87
23.08.2021 00:41:52.242,0.9173700000000001,0.91728,1,1.12
23.08.2021 00:42:03.993,0.91735,0.9172700000000001,1,1.5
23.08.2021 00:42:04.044,0.91733,0.91723,1.1,1.87
23.08.2021 00:42:04.196,0.9173200000000001,0.91723,1,1
23.08.2021 00:42:08.670,0.9173200000000001,0.9172200000000001,1.57,1.5
23.08.2021 00:42:08.772,0.9173100000000001,0.9172100000000001,1.5,1.5
23.08.2021 00:42:27.133,0.9173200000000001,0.9172100000000001,1,1
23.08.2021 00:42:27.234,0.9173200000000001,0.91723,1.01,1
23.08.2021 00:42:42.835,0.9173200000000001,0.9172200000000001,1.5,1
23.08.2021 00:42:47.983,0.9173100000000001,0.9172200000000001,1,1
23.08.2021 00:43:08.482,0.9173,0.9172100000000001,1,1
23.08.2021 00:43:14.669,0.91729,0.9172100000000001,1,1
23.08.2021 00:43:25.179,0.9173,0.9172100000000001,1,1
23.08.2021 00:43:29.413,0.91729,0.9172100000000001,1,1
23.08.2021 00:43:38.740,0.9173,0.9172100000000001,1,1
23.08.2021 00:43:49.393,0.91729,0.9172100000000001,1,1
23.08.2021 00:43:53.242,0.91729,0.9171900000000001,1,1.6
23.08.2021 00:44:06.496,0.9173,0.9172,1.5,1.12
23.08.2021 00:44:06.815,0.9173,0.9172100000000001,1,1
23.08.2021 00:44:38.705,0.91729,0.9172100000000001,1,1
23.08.2021 00:44:47.059,0.91728,0.9172100000000001,1,1
23.08.2021 00:44:47.687,0.91728,0.9172,1,1.12
23.08.2021 00:45:00.597,0.91725,0.9171700000000002,1,1.6
23.08.2021 00:45:00.705,0.91725,0.9171700000000002,1,1.95
23.08.2021 00:45:00.806,0.91724,0.9171700000000002,1,1
23.08.2021 00:45:00.957,0.91725,0.91715,1,1
23.08.2021 00:45:03.935,0.91723,0.9171600000000001,1,1
23.08.2021 00:45:04.595,0.91723,0.91715,1,1.1
23.08.2021 00:45:05.114,0.91725,0.91714,1,1.1
23.08.2021 00:45:10.834,0.91724,0.9171600000000001,1,1
23.08.2021 00:45:11.284,0.91724,0.91715,1,1
23.08.2021 00:45:15.952,0.91723,0.91715,1,1
23.08.2021 00:45:22.972,0.91723,0.91714,1,1.12
23.08.2021 00:45:42.585,0.91723,0.91713,1.5,1
23.08.2021 00:45:42.686,0.9172200000000001,0.9171200000000002,1,1.87
23.08.2021 00:46:06.423,0.9172100000000001,0.9171200000000002,1,1.12
23.08.2021 00:46:06.524,0.9171700000000002,0.91708,1,1.62
23.08.2021 00:46:06.626,0.9171600000000001,0.9170700000000002,1,1
23.08.2021 00:46:11.319,0.91714,0.91708,1,1.12
23.08.2021 00:46:17.091,0.91714,0.91705,1,1.1
23.08.2021 00:46:17.192,0.91715,0.91705,1,1
23.08.2021 00:46:21.905,0.91713,0.9170600000000001,1,1
23.08.2021 00:46:34.919,0.91714,0.91704,1,1.12
23.08.2021 00:46:35.451,0.9171200000000002,0.91703,1,1.5
23.08.2021 00:46:39.085,0.91713,0.91703,1,2
23.08.2021 00:46:41.833,0.9171,0.91703,1,2.19
23.08.2021 00:46:42.121,0.9171100000000001,0.91704,1,1
23.08.2021 00:46:42.782,0.9171200000000002,0.91704,1,1
23.08.2021 00:46:45.546,0.91713,0.91704,1,1
23.08.2021 00:46:49.155,0.91714,0.91704,1.57,1.5
23.08.2021 00:47:02.969,0.91715,0.91705,1,1
23.08.2021 00:47:14.691,0.91714,0.91704,1.1,2.25
23.08.2021 00:47:19.496,0.91715,0.9170200000000002,1.76,1.87
23.08.2021 00:47:19.597,0.91713,0.91703,1.01,1
23.08.2021 00:47:20.938,0.9171,0.9170100000000001,1,1.5
23.08.2021 00:47:21.039,0.9171100000000001,0.91699,2.25,1.5
23.08.2021 00:47:54.268,0.91709,0.917,1,1
23.08.2021 00:47:58.988,0.9171,0.9170100000000001,2.44,1
23.08.2021 00:48:43.869,0.9171,0.917,2.32,1.5
23.08.2021 00:48:46.399,0.91709,0.917,1,1
23.08.2021 00:48:59.046,0.91709,0.91699,2.51,1.5
23.08.2021 00:48:59.147,0.91708,0.9169700000000001,1.1,1
23.08.2021 00:48:59.266,0.9170600000000001,0.91698,1,1
23.08.2021 00:48:59.671,0.9170700000000002,0.91698,1.57,1
23.08.2021 00:49:02.887,0.9170600000000001,0.9169700000000001,1.01,1
23.08.2021 00:49:06.905,0.9170600000000001,0.9169600000000001,1.57,2.25
23.08.2021 00:49:43.785,0.9171100000000001,0.9170100000000001,2.85,1.5
23.08.2021 00:50:24.892,0.9171100000000001,0.9170100000000001,1.5,1.5
23.08.2021 00:50:40.334,0.9171100000000001,0.9170200000000002,1,1
23.08.2021 00:50:51.198,0.9171200000000002,0.9170200000000002,1,1
23.08.2021 00:50:53.401,0.9171200000000002,0.91703,1,1
23.08.2021 00:50:53.502,0.91713,0.91705,1,1
23.08.2021 00:50:53.603,0.91715,0.91705,1.79,1.12
23.08.2021 00:50:53.705,0.9171600000000001,0.91705,1.35,1
23.08.2021 00:50:54.929,0.91715,0.9170600000000001,1.1,1
23.08.2021 00:51:09.163,0.9171600000000001,0.9170600000000001,1.76,1
23.08.2021 00:52:16.752,0.9171600000000001,0.9170700000000002,1,1
23.08.2021 00:52:18.959,0.9171600000000001,0.9170600000000001,1,1
23.08.2021 00:52:31.698,0.91714,0.9170600000000001,1,1
23.08.2021 00:52:37.251,0.91714,0.91705,1,1.5
23.08.2021 00:52:40.138,0.9171600000000001,0.9170600000000001,1.76,1.5
23.08.2021 00:52:40.239,0.9171600000000001,0.9170700000000002,1.76,1
23.08.2021 00:52:52.156,0.91715,0.9170700000000002,1.69,1
23.08.2021 00:52:52.257,0.91715,0.9170600000000001,1.25,1
23.08.2021 00:53:25.422,0.91715,0.9170700000000002,1,1
23.08.2021 00:53:34.320,0.91715,0.91708,1,1
23.08.2021 00:53:58.789,0.91715,0.9170600000000001,1,1
23.08.2021 00:54:02.883,0.91714,0.9170600000000001,1,1
23.08.2021 00:54:02.985,0.91715,0.9170600000000001,1.76,1
23.08.2021 00:54:03.087,0.91715,0.91705,2.51,1.5
23.08.2021 00:54:17.991,0.91714,0.91705,1.76,1
23.08.2021 00:54:19.667,0.9171100000000001,0.9170200000000002,1.5,2.75
23.08.2021 00:54:19.768,0.9171,0.9170200000000002,1,1
23.08.2021 00:54:22.041,0.9171,0.9170100000000001,1.1,1
23.08.2021 00:54:25.425,0.91708,0.917,1.1,1
23.08.2021 00:54:25.543,0.9170700000000002,0.91699,1,1
23.08.2021 00:54:25.594,0.91708,0.9169600000000001,1.5,1.57
23.08.2021 00:54:25.696,0.9170700000000002,0.91698,1,1
23.08.2021 00:54:31.335,0.91708,0.91698,1.5,1.57
23.08.2021 00:54:31.689,0.91708,0.91699,1,1
23.08.2021 00:54:36.207,0.9171,0.91704,1,1.5
23.08.2021 00:54:36.258,0.91714,0.91704,1.76,1.5
23.08.2021 00:54:36.359,0.91715,0.91704,1,1
23.08.2021 00:54:36.460,0.91715,0.91705,1.76,1.5
23.08.2021 00:54:36.841,0.91715,0.9170600000000001,1.01,1
23.08.2021 00:54:36.943,0.9171600000000001,0.9170700000000002,1.57,1
23.08.2021 00:54:37.247,0.9171600000000001,0.9171,1.57,1
23.08.2021 00:54:38.409,0.9171600000000001,0.9170700000000002,1.57,1
23.08.2021 00:54:41.721,0.91714,0.9170600000000001,1,1
23.08.2021 00:54:42.235,0.9171600000000001,0.9170600000000001,4.01,1
23.08.2021 00:54:42.589,0.9171600000000001,0.9170700000000002,1.57,1
23.08.2021 00:54:47.235,0.91715,0.9170600000000001,1.1,1.5
23.08.2021 00:54:48.256,0.91714,0.91705,1,1
23.08.2021 00:54:48.664,0.91715,0.91705,3.26,1.5
23.08.2021 00:54:48.976,0.9171600000000001,0.9170700000000002,1,1
23.08.2021 00:54:50.139,0.91718,0.91708,3.07,1
23.08.2021 00:54:50.240,0.91718,0.91708,3.47,1
23.08.2021 00:54:50.341,0.91718,0.91708,2.32,1
23.08.2021 00:54:50.442,0.91718,0.91708,3.47,1
23.08.2021 00:54:50.644,0.91718,0.91708,3.45,1
23.08.2021 00:54:50.782,0.91718,0.91708,3.47,1
23.08.2021 00:54:51.476,0.9171600000000001,0.9170700000000002,1,1
23.08.2021 00:54:52.331,0.9171600000000001,0.9170600000000001,1.1,1.5
23.08.2021 00:54:54.073,0.9172,0.9171,1,2.32
23.08.2021 00:54:54.174,0.9172100000000001,0.9171200000000002,1.1,1
23.08.2021 00:54:54.326,0.9172100000000001,0.9171100000000001,2.32,1
23.08.2021 00:54:56.525,0.9172200000000001,0.9171100000000001,1.5,1
23.08.2021 00:54:57.297,0.9172200000000001,0.9171200000000002,2.25,1.5
23.08.2021 00:54:59.971,0.91723,0.91713,1.5,1.5
23.08.2021 00:55:00.123,0.9172200000000001,0.91713,1,1
23.08.2021 00:55:00.478,0.9172200000000001,0.91714,1,1
23.08.2021 00:55:00.681,0.9172100000000001,0.91714,1,1
23.08.2021 00:55:00.884,0.9172100000000001,0.91713,1,1.5
23.08.2021 00:55:03.238,0.9172200000000001,0.91713,1.25,1
23.08.2021 00:55:11.013,0.91723,0.91713,2.44,1.5
23.08.2021 00:55:20.065,0.91723,0.91714,1,1
23.08.2021 00:55:20.450,0.91725,0.91713,1.5,1.57
23.08.2021 00:55:24.904,0.91725,0.91714,1,1
23.08.2021 00:55:30.144,0.91728,0.9171900000000001,1.87,1
23.08.2021 00:55:30.246,0.91728,0.9172100000000001,1,1
23.08.2021 00:55:30.347,0.9172600000000001,0.91718,2.62,1
23.08.2021 00:55:30.449,0.91725,0.9171600000000001,1,1
23.08.2021 00:55:31.218,0.91724,0.9171600000000001,1,1
23.08.2021 00:55:31.800,0.91724,0.91715,1,1
23.08.2021 00:55:35.184,0.91725,0.91715,1.5,1.5
23.08.2021 00:56:59.555,0.91724,0.91715,1.5,1
23.08.2021 00:57:24.432,0.91725,0.9171600000000001,2.25,1
23.08.2021 00:57:40.731,0.9172600000000001,0.9171600000000001,3.56,1
23.08.2021 00:57:44.272,0.9172700000000001,0.9171600000000001,1.5,1
23.08.2021 00:57:44.575,0.9172700000000001,0.9171900000000001,1,1
23.08.2021 00:57:44.676,0.91728,0.9172,1,1
23.08.2021 00:57:51.266,0.91728,0.9172100000000001,1,1
23.08.2021 00:57:52.395,0.91729,0.9172100000000001,1,1
23.08.2021 00:58:11.543,0.91729,0.9172,3,1
23.08.2021 00:58:40.183,0.9173,0.9172100000000001,1,1
23.08.2021 00:58:40.284,0.9173100000000001,0.9172100000000001,1.5,1.57
23.08.2021 00:59:07.492,0.9173100000000001,0.9172200000000001,1,1
23.08.2021 00:59:11.472,0.9173200000000001,0.9172200000000001,1.5,1.5
23.08.2021 00:59:11.574,0.9173200000000001,0.91723,2.25,1
23.08.2021 00:59:14.117,0.91733,0.91723,2.25,1.57
23.08.2021 00:59:14.219,0.91734,0.91723,1.5,1
23.08.2021 00:59:55.581,0.9173200000000001,0.91724,1,1
23.08.2021 01:00:00.872,0.9173200000000001,0.91723,1.5,1
23.08.2021 01:00:00.973,0.9173100000000001,0.91723,1,1
23.08.2021 01:00:04.067,0.9172700000000001,0.9172100000000001,1,1
23.08.2021 01:00:04.118,0.91728,0.9171900000000001,2.62,1.95
23.08.2021 01:00:05.643,0.9172700000000001,0.9171900000000001,1,1
23.08.2021 01:00:05.794,0.91725,0.9171600000000001,1,1.5
23.08.2021 01:00:06.071,0.91724,0.91715,1.5,1
23.08.2021 01:00:06.596,0.9172100000000001,0.91713,1,1
23.08.2021 01:00:06.697,0.9172100000000001,0.9171200000000002,1,1.57
23.08.2021 01:00:06.802,0.9172200000000001,0.9171200000000002,1.5,1.57
23.08.2021 01:00:12.341,0.9172200000000001,0.91713,1.5,1
23.08.2021 01:00:18.561,0.91723,0.91713,1.87,1.57
23.08.2021 01:00:18.662,0.91723,0.91714,1.12,1
23.08.2021 01:00:18.763,0.91724,0.91714,1.87,1.57
23.08.2021 01:00:21.996,0.91724,0.91715,1.87,1
23.08.2021 01:00:28.076,0.91725,0.9171700000000002,1,1.1
23.08.2021 01:00:28.227,0.9172600000000001,0.9171600000000001,1.5,1.6
23.08.2021 01:00:28.598,0.91728,0.91718,1.5,1.57
23.08.2021 01:00:28.700,0.91729,0.91718,1,1.1
23.08.2021 01:00:31.838,0.9173,0.91718,1,1.6
23.08.2021 01:00:31.939,0.9173,0.9172,2.06,1.1
23.08.2021 01:00:37.876,0.9173,0.9172100000000001,1,1.1
23.08.2021 01:00:39.199,0.9173,0.9172,1.25,1.57
23.08.2021 01:00:39.301,0.91729,0.9172,1,1
23.08.2021 01:01:00.138,0.9173100000000001,0.9172100000000001,1.87,1.57
23.08.2021 01:01:00.239,0.9173100000000001,0.9172200000000001,1.5,1
23.08.2021 01:01:02.416,0.9173,0.9172100000000001,1,1.57
23.08.2021 01:01:02.672,0.9173100000000001,0.9172100000000001,1.69,1.57
23.08.2021 01:01:06.557,0.9173,0.9172100000000001,1.12,1.57
23.08.2021 01:01:10.466,0.9173100000000001,0.9172100000000001,1.5,1.57
23.08.2021 01:01:11.066,0.91729,0.9172100000000001,1,1
23.08.2021 01:01:11.167,0.91729,0.9172,1,1.5
23.08.2021 01:01:14.678,0.91728,0.9172,1,1.57
23.08.2021 01:01:14.728,0.9173,0.9172,1.5,1.57
23.08.2021 01:01:14.830,0.9173,0.9171900000000001,1,1.1
23.08.2021 01:01:15.133,0.9173,0.9172100000000001,1.87,1
23.08.2021 01:01:19.210,0.9173,0.9172,1.87,1.57
23.08.2021 01:01:31.737,0.91729,0.9172,1,1
23.08.2021 01:01:32.154,0.9172600000000001,0.9171700000000002,1.5,1
23.08.2021 01:01:33.585,0.91728,0.91718,2.25,2.32
23.08.2021 01:01:33.686,0.91729,0.9172,2.25,1
23.08.2021 01:01:53.474,0.91725,0.91718,1,1
23.08.2021 01:01:53.575,0.91725,0.9171600000000001,1,3.29
23.08.2021 01:01:55.685,0.91728,0.91718,1.5,1.1
23.08.2021 01:01:55.787,0.91729,0.9171900000000001,1.87,1.6
23.08.2021 01:01:57.689,0.9173100000000001,0.9172100000000001,2,1.1
23.08.2021 01:01:57.790,0.9173,0.9172100000000001,1,1.1
23.08.2021 01:01:57.891,0.9173100000000001,0.9172100000000001,1.87,1.1
23.08.2021 01:01:58.060,0.9173,0.9172100000000001,1,1.1
23.08.2021 01:02:01.073,0.91728,0.91718,2.25,1.79
23.08.2021 01:02:01.225,0.91729,0.9171900000000001,1,1.1
23.08.2021 01:02:02.518,0.9173100000000001,0.9172,1,1.1
23.08.2021 01:02:09.181,0.9173,0.9172100000000001,1,1.6
23.08.2021 01:02:09.283,0.9173100000000001,0.9172200000000001,1,1.1
23.08.2021 01:02:11.610,0.9173200000000001,0.91724,1,1
23.08.2021 01:02:11.812,0.91734,0.91724,1.87,1.6
23.08.2021 01:02:14.105,0.91735,0.91725,1.12,1.1
23.08.2021 01:02:17.614,0.91735,0.91725,1,1.35
23.08.2021 01:02:17.721,0.9173600000000001,0.9172700000000001,1,1.1
23.08.2021 01:02:18.034,0.9173700000000001,0.9172600000000001,1,1.1
23.08.2021 01:02:18.287,0.91739,0.91729,2.25,1.1
23.08.2021 01:02:18.389,0.91739,0.91729,1,1.1
23.08.2021 01:02:23.654,0.91738,0.91729,1,1.1
23.08.2021 01:02:25.910,0.91738,0.91729,1,1.79
23.08.2021 01:02:26.062,0.9174100000000001,0.9173100000000001,1.12,2.22
23.08.2021 01:02:26.163,0.9174200000000001,0.9173200000000001,1.12,1.35
23.08.2021 01:02:27.221,0.9174200000000001,0.91733,1,1.1
23.08.2021 01:02:28.554,0.91743,0.91733,1,1.79
23.08.2021 01:02:31.451,0.91746,0.9173600000000001,1.5,1.97
23.08.2021 01:02:31.553,0.9174700000000001,0.9173700000000001,1.12,1.35
23.08.2021 01:02:38.607,0.9174700000000001,0.9173700000000001,1,1.35
23.08.2021 01:02:47.610,0.91748,0.9173700000000001,1,1
23.08.2021 01:02:47.711,0.91746,0.9173700000000001,1,1.1
23.08.2021 01:02:47.812,0.9174200000000001,0.91734,1,1.5
23.08.2021 01:02:47.914,0.9174100000000001,0.91733,1,1.1
23.08.2021 01:02:50.141,0.9174100000000001,0.9173200000000001,1.5,1.1
23.08.2021 01:02:51.100,0.9174,0.9173100000000001,1,1.6
23.08.2021 01:02:54.971,0.9174,0.9173100000000001,1,1.57
23.08.2021 01:02:55.681,0.9174,0.9173100000000001,1,1.6
23.08.2021 01:02:55.883,0.9174,0.9173100000000001,1,1.57
23.08.2021 01:02:55.984,0.9174,0.9173200000000001,1,1
23.08.2021 01:03:03.440,0.9174200000000001,0.9173200000000001,1,2.54
23.08.2021 01:03:03.542,0.91743,0.91733,1,1.57
23.08.2021 01:03:03.644,0.91743,0.91733,1,1.6
23.08.2021 01:03:17.918,0.9174200000000001,0.91733,1,1.79
23.08.2021 01:03:20.565,0.9174100000000001,0.9173200000000001,1,1.1
23.08.2021 01:03:20.667,0.91738,0.9173,1.5,1.57
23.08.2021 01:03:23.147,0.91738,0.91729,1,1.1
23.08.2021 01:03:25.989,0.9173700000000001,0.91729,1,1
23.08.2021 01:03:26.888,0.91738,0.9172700000000001,1,1
23.08.2021 01:03:31.587,0.9173700000000001,0.91728,1,1.1
23.08.2021 01:03:32.982,0.91733,0.91725,1,1
23.08.2021 01:03:33.083,0.9173200000000001,0.91723,1,1.1
23.08.2021 01:03:33.184,0.9173100000000001,0.91723,1,1.1
23.08.2021 01:03:33.900,0.9173200000000001,0.9172100000000001,1,1.25
23.08.2021 01:03:35.572,0.9173,0.91718,1,5.16
23.08.2021 01:03:35.673,0.91729,0.9171900000000001,1,2.89
23.08.2021 01:03:35.775,0.91728,0.9171900000000001,1,2.14
23.08.2021 01:03:40.972,0.91728,0.9172,1,1
23.08.2021 01:03:50.097,0.91729,0.9172,1,1
23.08.2021 01:03:53.163,0.91729,0.9172100000000001,1,1
23.08.2021 01:03:53.265,0.9173,0.9172100000000001,1,1
23.08.2021 01:04:12.812,0.9173100000000001,0.9172100000000001,1.87,1.69
23.08.2021 01:04:16.058,0.9173200000000001,0.9172200000000001,1.87,1.5
23.08.2021 01:04:38.564,0.9173100000000001,0.9172,1,1.1
23.08.2021 01:04:51.362,0.91729,0.9172100000000001,1,1
23.08.2021 01:04:56.609,0.91729,0.9172,1,1.1
23.08.2021 01:04:56.765,0.91729,0.9171900000000001,1,1.1
23.08.2021 01:04:58.420,0.91725,0.9171700000000002,1,1.2
23.08.2021 01:04:58.522,0.91724,0.9171600000000001,1,1.1
23.08.2021 01:04:58.623,0.91724,0.91714,1.5,2.35
23.08.2021 01:04:58.724,0.91723,0.91714,1,1.6
23.08.2021 01:05:04.897,0.91723,0.91713,1,2.54
23.08.2021 01:05:10.099,0.9172200000000001,0.91713,1,1.35
23.08.2021 01:05:13.079,0.9172200000000001,0.91713,1,1.25
23.08.2021 01:05:14.454,0.9172200000000001,0.91714,1,1
23.08.2021 01:05:21.904,0.91723,0.91714,1,1
23.08.2021 01:05:30.127,0.9172200000000001,0.9171200000000002,1.5,1.6
23.08.2021 01:05:30.229,0.9172100000000001,0.9171200000000002,1,1.1
23.08.2021 01:05:30.331,0.9172200000000001,0.9171200000000002,1.69,1.57
23.08.2021 01:05:33.945,0.9172100000000001,0.9171200000000002,1,1.1
23.08.2021 01:05:38.768,0.9172100000000001,0.91713,1,1
23.08.2021 01:05:38.891,0.9172200000000001,0.91713,1,1
23.08.2021 01:05:39.346,0.9172200000000001,0.91713,1,1.35
23.08.2021 01:05:42.904,0.91724,0.9171200000000002,1.5,2.91
23.08.2021 01:05:46.823,0.9172100000000001,0.91714,1,1.1
23.08.2021 01:05:47.535,0.9172100000000001,0.9171200000000002,1,1.6
23.08.2021 01:05:47.637,0.9172,0.9171200000000002,1,1.6
23.08.2021 01:05:48.041,0.9172,0.9171200000000002,1,1.57
23.08.2021 01:06:01.668,0.9172100000000001,0.9171200000000002,1,1.57
23.08.2021 01:06:10.301,0.9172,0.9171200000000002,1,1
23.08.2021 01:06:10.403,0.91718,0.9171100000000001,1,1
23.08.2021 01:06:10.453,0.91718,0.91708,1.5,4.01
23.08.2021 01:06:14.444,0.9171700000000002,0.91708,1.12,1
23.08.2021 01:06:14.595,0.9171700000000002,0.9170700000000002,1.87,1.57
23.08.2021 01:06:14.697,0.9171600000000001,0.9170700000000002,1,1.1
23.08.2021 01:06:15.531,0.91715,0.9170700000000002,1.25,1
23.08.2021 01:06:15.582,0.91714,0.91705,1,1.1
23.08.2021 01:06:16.618,0.91715,0.91703,1.5,1.76
23.08.2021 01:06:36.713,0.91713,0.91704,1,1.01
23.08.2021 01:06:38.802,0.91713,0.91705,1,1
23.08.2021 01:06:39.353,0.91715,0.91704,1,1
23.08.2021 01:06:40.286,0.9171200000000002,0.9170200000000002,1,2.72
23.08.2021 01:06:40.438,0.9171200000000002,0.9170200000000002,1.12,2.32
23.08.2021 01:06:41.515,0.9171100000000001,0.9170200000000002,1,1.1
23.08.2021 01:06:42.080,0.9171200000000002,0.9170200000000002,1,1.57
23.08.2021 01:06:43.753,0.9171,0.9170200000000002,1,1
23.08.2021 01:06:43.854,0.9171,0.9170100000000001,1,1.1
23.08.2021 01:06:48.626,0.9171100000000001,0.9170100000000001,1.12,1.57
23.08.2021 01:06:50.731,0.91709,0.9170100000000001,1,1.1
23.08.2021 01:06:58.550,0.9171,0.9170100000000001,1,1
23.08.2021 01:07:00.081,0.9171,0.9170200000000002,1,1
23.08.2021 01:07:00.826,0.9171100000000001,0.91699,1,2.54
23.08.2021 01:07:09.646,0.9170700000000002,0.9169700000000001,1,4.66
23.08.2021 01:07:09.748,0.9170700000000002,0.9169700000000001,1,1.1
23.08.2021 01:07:09.849,0.91704,0.91695,1,1.39
23.08.2021 01:07:12.950,0.91705,0.91695,1,1.76
23.08.2021 01:07:13.152,0.91704,0.91694,1,2.89
23.08.2021 01:07:14.058,0.91705,0.91695,1,1
23.08.2021 01:07:14.589,0.9170600000000001,0.9169600000000001,1,1
23.08.2021 01:07:14.791,0.9170700000000002,0.9169600000000001,1.12,1
23.08.2021 01:07:17.140,0.9170700000000002,0.9169700000000001,1.12,1
23.08.2021 01:07:18.227,0.9170600000000001,0.91698,1,1
23.08.2021 01:07:26.805,0.91705,0.9169700000000001,2.25,1
23.08.2021 01:07:29.421,0.91703,0.91695,1,1
23.08.2021 01:07:29.523,0.9170200000000002,0.91694,1,1.57
23.08.2021 01:07:32.179,0.91703,0.91694,2.32,1
23.08.2021 01:07:33.903,0.9170200000000002,0.91694,1,1
23.08.2021 01:07:34.546,0.9170200000000002,0.91695,1,1
23.08.2021 01:07:34.912,0.91703,0.91695,1,1
23.08.2021 01:07:39.479,0.91704,0.91695,2.25,1.1
23.08.2021 01:07:39.580,0.91704,0.9169700000000001,1,1
23.08.2021 01:07:40.276,0.91705,0.9169700000000001,2.25,1
23.08.2021 01:08:02.587,0.91709,0.9170200000000002,1.12,1.5
23.08.2021 01:08:02.689,0.9171200000000002,0.91704,1.5,1.25
23.08.2021 01:08:02.790,0.9171200000000002,0.91705,1,1
23.08.2021 01:08:02.891,0.91713,0.91705,1.5,1
23.08.2021 01:08:07.769,0.91714,0.91705,1,1.25
23.08.2021 01:08:24.779,0.91715,0.91705,1.5,2.57
23.08.2021 01:08:27.907,0.9171600000000001,0.9170600000000001,1.5,1.01
23.08.2021 01:08:30.269,0.91715,0.91705,1,2.6
23.08.2021 01:09:03.563,0.9171600000000001,0.9170600000000001,1,1.35
23.08.2021 01:09:03.715,0.9171700000000002,0.9170700000000002,1,2.2
23.08.2021 01:09:03.817,0.9171900000000001,0.91709,1,1.82
23.08.2021 01:09:04.092,0.9171900000000001,0.9171,1,1.35
23.08.2021 01:09:15.216,0.91718,0.9171,1.5,1
23.08.2021 01:09:21.626,0.9171900000000001,0.9171100000000001,1.5,1
23.08.2021 01:09:21.778,0.9172,0.9171200000000002,1,1
23.08.2021 01:09:24.318,0.9172200000000001,0.91713,1.5,1
23.08.2021 01:09:24.419,0.9172200000000001,0.91714,1,1
23.08.2021 01:09:24.520,0.91723,0.91714,1.5,1
23.08.2021 01:09:58.273,0.91723,0.91713,1.95,1
23.08.2021 01:10:01.519,0.9172200000000001,0.9171200000000002,1,1.25
23.08.2021 01:10:31.005,0.9172200000000001,0.91713,1,1.01
23.08.2021 01:10:31.107,0.91723,0.91714,1,1.25
23.08.2021 01:10:36.407,0.91723,0.91713,1,1.95
23.08.2021 01:10:36.508,0.91723,0.91714,1,1.25
23.08.2021 01:10:48.285,0.91725,0.9171700000000002,1,1.5
23.08.2021 01:10:48.437,0.91725,0.9171600000000001,1,1.01
23.08.2021 01:10:57.076,0.9172600000000001,0.9171700000000002,1.12,1.01
23.08.2021 01:11:04.465,0.9172600000000001,0.9171600000000001,1.2,1.76
23.08.2021 01:11:07.597,0.9172600000000001,0.9171600000000001,1.2,1.82
23.08.2021 01:11:25.078,0.91725,0.9171600000000001,1,1.85
23.08.2021 01:11:26.721,0.91724,0.9171600000000001,1,1.85
23.08.2021 01:11:31.494,0.91723,0.91715,1,1.87
23.08.2021 01:11:31.595,0.9172200000000001,0.91713,1,1.25
23.08.2021 01:11:31.646,0.9171900000000001,0.9171100000000001,1,1.69
23.08.2021 01:11:31.798,0.9172,0.9171100000000001,1,1.31
23.08.2021 01:11:31.899,0.9171900000000001,0.9171100000000001,1,1.69
23.08.2021 01:11:32.857,0.9172,0.9171100000000001,1,1.69
23.08.2021 01:11:34.783,0.9172,0.9171200000000002,1,1.25
23.08.2021 01:11:40.901,0.9172,0.9171100000000001,1,1.69
23.08.2021 01:11:55.595,0.9172200000000001,0.9171,1.5,1.69
23.08.2021 01:12:04.275,0.9171700000000002,0.9171,1,1
23.08.2021 01:12:04.377,0.9171600000000001,0.9170600000000001,1,3.25
23.08.2021 01:12:04.478,0.91715,0.9170600000000001,1,3.25
23.08.2021 01:12:11.834,0.91714,0.9170600000000001,1,1.75
23.08.2021 01:12:15.355,0.91714,0.91705,1,1.75
23.08.2021 01:12:21.210,0.9171600000000001,0.9170700000000002,1.57,1
23.08.2021 01:12:21.650,0.91718,0.9171,1.12,1
23.08.2021 01:12:21.752,0.9172,0.9171100000000001,1.5,1
23.08.2021 01:12:43.466,0.91723,0.91713,1.5,1
23.08.2021 01:12:43.741,0.91723,0.91714,1,1.5
23.08.2021 01:13:09.817,0.91724,0.91714,1.5,3.56
23.08.2021 01:13:19.589,0.91724,0.91715,1.5,1
23.08.2021 01:13:32.393,0.91723,0.91715,1,1
23.08.2021 01:14:00.517,0.91723,0.91714,1,1
23.08.2021 01:14:03.226,0.9172200000000001,0.91713,1,1.76
23.08.2021 01:14:03.846,0.91723,0.91713,1,2.51
23.08.2021 01:14:06.573,0.9172200000000001,0.9171200000000002,1,1.76
23.08.2021 01:14:10.599,0.91718,0.91709,1.87,1.95
23.08.2021 01:14:10.700,0.9171700000000002,0.91708,1,1.5
23.08.2021 01:14:10.852,0.9171600000000001,0.9170700000000002,1,1.1
23.08.2021 01:14:10.954,0.91715,0.91705,1,2.57
23.08.2021 01:14:15.799,0.9171600000000001,0.9170600000000001,1.5,1.25
23.08.2021 01:14:43.541,0.9171600000000001,0.91704,1,1.25
23.08.2021 01:14:48.903,0.9171700000000002,0.91705,1.12,1
23.08.2021 01:14:55.921,0.9171700000000002,0.9170700000000002,1,1.69
23.08.2021 01:14:56.022,0.91718,0.9170700000000002,1.1,1.69
23.08.2021 01:14:58.609,0.9171600000000001,0.9170700000000002,1,1.25
23.08.2021 01:14:58.711,0.9171600000000001,0.9170600000000001,1,1.69
23.08.2021 01:15:00.162,0.91715,0.91705,1,1.75
23.08.2021 01:15:05.645,0.91714,0.91705,1,1.75
23.08.2021 01:15:12.817,0.9172,0.9171,1,1.82
23.08.2021 01:15:12.918,0.9172,0.91708,1,1.82
23.08.2021 01:15:13.019,0.9171900000000001,0.91708,1,1.82
23.08.2021 01:15:15.688,0.9171900000000001,0.91709,1,1.82
23.08.2021 01:15:17.969,0.91718,0.91709,1,1.82
23.08.2021 01:15:18.093,0.9171700000000002,0.91708,1,1.35
23.08.2021 01:15:18.144,0.91715,0.9170600000000001,1,2.97
23.08.2021 01:15:18.246,0.91714,0.9170600000000001,1,1.01
23.08.2021 01:15:34.141,0.91715,0.9170600000000001,1,1.25
23.08.2021 01:15:40.301,0.9171600000000001,0.9170600000000001,1,1.01
23.08.2021 01:15:41.100,0.9171600000000001,0.91705,1,1.25
23.08.2021 01:15:56.260,0.9171600000000001,0.9170600000000001,1.57,2.44
23.08.2021 01:15:57.085,0.9171600000000001,0.9170700000000002,1.1,1
23.08.2021 01:16:06.902,0.9171600000000001,0.9170600000000001,1.57,1.69
23.08.2021 01:16:10.837,0.91714,0.91704,1,2.95
23.08.2021 01:16:10.939,0.91714,0.91704,1,2.14
23.08.2021 01:16:42.377,0.91714,0.91705,1,1
23.08.2021 01:16:42.529,0.91715,0.91705,2.25,1.76
23.08.2021 01:16:45.070,0.91715,0.9170600000000001,1,1
23.08.2021 01:16:45.171,0.9171600000000001,0.9170600000000001,1.1,1.25
23.08.2021 01:16:46.885,0.91715,0.9170600000000001,1.1,1
23.08.2021 01:16:46.935,0.91714,0.91704,1,2.14
23.08.2021 01:16:47.037,0.91715,0.91705,2.32,1
23.08.2021 01:16:55.055,0.91715,0.9170600000000001,1,1.25
23.08.2021 01:16:55.257,0.9171600000000001,0.9170600000000001,2.25,1.01
23.08.2021 01:17:49.581,0.91715,0.91705,1,2.14
23.08.2021 01:17:49.632,0.9171,0.91705,1.5,1
23.08.2021 01:17:49.683,0.9171100000000001,0.9170200000000002,2.25,2.32
23.08.2021 01:17:50.273,0.9171100000000001,0.9170100000000001,1.5,2.32
23.08.2021 01:17:50.576,0.9171100000000001,0.9170200000000002,1,1.76
23.08.2021 01:17:51.355,0.9171100000000001,0.91703,1,1
23.08.2021 01:17:52.987,0.91713,0.9170100000000001,1,3.64
23.08.2021 01:17:53.089,0.91713,0.91703,1.57,1
23.08.2021 01:18:03.340,0.91713,0.91704,1,1
23.08.2021 01:18:03.492,0.91714,0.91704,1.5,1.57
23.08.2021 01:18:17.040,0.91715,0.91704,1,1
23.08.2021 01:19:17.189,0.91715,0.91705,2.25,2.51
23.08.2021 01:19:17.393,0.91715,0.9170600000000001,1,1
23.08.2021 01:19:21.844,0.91715,0.91705,1.57,1.5
23.08.2021 01:19:32.778,0.91715,0.9170600000000001,1,1
23.08.2021 01:19:39.018,0.91714,0.9170600000000001,1,1.5
23.08.2021 01:19:40.056,0.9171700000000002,0.91705,3.07,1.5
23.08.2021 01:19:40.157,0.91715,0.9170600000000001,1.1,1
23.08.2021 01:20:09.562,0.91714,0.9170600000000001,1,1.5
23.08.2021 01:21:00.309,0.91714,0.91705,1,1
23.08.2021 01:21:00.511,0.91715,0.91705,4.76,1
23.08.2021 01:21:00.612,0.91715,0.91705,4.79,1
23.08.2021 01:22:08.833,0.91715,0.91705,1.95,1.5
23.08.2021 01:22:14.044,0.91715,0.9170600000000001,1.2,1
23.08.2021 01:22:32.304,0.91715,0.9170700000000002,1.12,1
23.08.2021 01:22:32.406,0.9171600000000001,0.9170700000000002,1.95,1
23.08.2021 01:22:33.863,0.91714,0.9170600000000001,1,1
23.08.2021 01:22:49.606,0.91714,0.91704,1.5,1.76
23.08.2021 01:22:52.884,0.91713,0.91704,1,1.76
23.08.2021 01:22:53.036,0.91713,0.91705,1,1
23.08.2021 01:22:56.237,0.91714,0.91705,1,1
23.08.2021 01:22:58.889,0.91714,0.91704,1,1
23.08.2021 01:22:58.940,0.91713,0.91703,1.5,1.76
23.08.2021 01:23:00.310,0.91709,0.9170100000000001,1,1
23.08.2021 01:23:00.411,0.91709,0.91699,1.5,1.01
23.08.2021 01:23:00.462,0.91708,0.9169700000000001,1.5,1
23.08.2021 01:23:00.563,0.91704,0.91694,1,6.26
23.08.2021 01:23:00.664,0.91703,0.91694,1,1
23.08.2021 01:23:00.765,0.91703,0.91693,1.57,4.69
23.08.2021 01:23:00.921,0.9170200000000002,0.91693,1,1
23.08.2021 01:23:01.023,0.9170100000000001,0.9169200000000001,1,1.76
23.08.2021 01:23:01.462,0.9170200000000002,0.9169200000000001,1.5,1.76
23.08.2021 01:23:05.658,0.9170100000000001,0.91693,1,1
23.08.2021 01:23:08.112,0.9170100000000001,0.9169200000000001,1,2.51
23.08.2021 01:23:09.426,0.9170200000000002,0.9169200000000001,1.5,2.14
23.08.2021 01:23:11.657,0.9170100000000001,0.9169200000000001,2.32,1
23.08.2021 01:23:11.708,0.91699,0.91689,1.5,2.26
23.08.2021 01:23:16.016,0.91699,0.91689,1.57,1.69
23.08.2021 01:23:20.199,0.91699,0.9169,1.5,1
23.08.2021 01:23:32.950,0.91699,0.91689,1.57,1.5
23.08.2021 01:23:33.051,0.91698,0.91689,1.5,1
23.08.2021 01:23:36.024,0.91698,0.9168799999999999,1.57,1.5
23.08.2021 01:24:02.644,0.91698,0.9168700000000001,1,1
23.08.2021 01:24:02.814,0.91694,0.9168799999999999,2.25,1
23.08.2021 01:24:02.915,0.9169,0.91684,1,1
23.08.2021 01:24:02.966,0.9169100000000001,0.9168100000000001,1.5,1.6
23.08.2021 01:24:09.887,0.9169100000000001,0.9168100000000001,1.5,1.57
23.08.2021 01:24:11.633,0.9169100000000001,0.9168200000000001,1,1.57
23.08.2021 01:24:11.785,0.9169100000000001,0.91685,1,2.95
23.08.2021 01:24:11.888,0.91695,0.9168600000000001,1,1.39
23.08.2021 01:24:12.040,0.9169600000000001,0.9168700000000001,1,1.57
23.08.2021 01:24:14.376,0.9169700000000001,0.9168799999999999,1.5,1
23.08.2021 01:24:21.098,0.91694,0.91685,2.25,1.75
23.08.2021 01:24:21.149,0.91694,0.91685,2.25,1.25
23.08.2021 01:24:21.251,0.91695,0.9168600000000001,1.5,1
23.08.2021 01:24:21.352,0.91695,0.91685,1.5,1.76
23.08.2021 01:24:22.980,0.91695,0.9168600000000001,1,1
23.08.2021 01:24:23.031,0.9169600000000001,0.9168799999999999,1,1.25
23.08.2021 01:24:23.132,0.9169700000000001,0.91689,1,1
23.08.2021 01:24:23.234,0.91698,0.91689,1,1.69
23.08.2021 01:24:23.335,0.91699,0.9169,1.5,1
23.08.2021 01:24:34.489,0.91699,0.91689,3.19,1.5
23.08.2021 01:24:34.590,0.91698,0.91689,1,1.5
23.08.2021 01:24:35.762,0.91699,0.91689,1.5,1.5
23.08.2021 01:24:36.950,0.91698,0.91689,1,1.5
23.08.2021 01:24:37.153,0.91698,0.9168799999999999,1.5,1.57
23.08.2021 01:24:37.304,0.91698,0.91689,1,1
23.08.2021 01:24:37.462,0.91699,0.91689,1.5,1.5
23.08.2021 01:24:40.346,0.91695,0.91689,1,2.25
23.08.2021 01:25:14.341,0.91699,0.9168799999999999,1,1.5
23.08.2021 01:25:35.208,0.9169700000000001,0.9168799999999999,1,2.25
23.08.2021 01:25:35.309,0.9169600000000001,0.9168799999999999,1,1
23.08.2021 01:25:35.360,0.91693,0.9168600000000001,1,1
23.08.2021 01:25:36.629,0.91695,0.91685,1,1
23.08.2021 01:25:49.061,0.91694,0.91685,1,1.87
23.08.2021 01:25:49.162,0.91694,0.91684,1.5,1.5
23.08.2021 01:25:49.266,0.9169200000000001,0.91684,1,1.5
23.08.2021 01:26:00.272,0.91693,0.91684,1,1.5
23.08.2021 01:26:00.874,0.9169200000000001,0.9168100000000001,2.25,1
23.08.2021 01:26:02.371,0.9169100000000001,0.9168100000000001,2.25,1.5
23.08.2021 01:26:14.892,0.9169,0.9168100000000001,1,2.32
23.08.2021 01:27:40.783,0.9169,0.9168200000000001,1.5,1
23.08.2021 01:28:03.542,0.9168799999999999,0.9168000000000001,1,1.5
23.08.2021 01:28:03.644,0.9168799999999999,0.91679,1.69,1
23.08.2021 01:28:03.745,0.9168700000000001,0.91679,1,1.5
23.08.2021 01:28:12.018,0.9168700000000001,0.9168000000000001,1,1
23.08.2021 01:28:12.121,0.9168799999999999,0.9168000000000001,1,1.5
23.08.2021 01:28:12.222,0.9169,0.9168200000000001,1,1.5
23.08.2021 01:29:35.197,0.9169100000000001,0.9168299999999999,1.5,1.5
23.08.2021 01:29:54.117,0.9169100000000001,0.9168200000000001,2.51,1
23.08.2021 01:30:00.430,0.9169,0.9168200000000001,1,1
23.08.2021 01:30:02.651,0.9169100000000001,0.9168200000000001,2.25,1
23.08.2021 01:30:04.643,0.9169,0.9168200000000001,1.5,1
23.08.2021 01:30:26.665,0.9169100000000001,0.9168200000000001,1.57,1.5
23.08.2021 01:30:33.550,0.9169100000000001,0.9168299999999999,1,1
23.08.2021 01:30:55.273,0.91694,0.9168600000000001,1,1.5
23.08.2021 01:30:55.324,0.9169600000000001,0.9168700000000001,2.44,1.1
23.08.2021 01:30:55.678,0.9169600000000001,0.91689,1,1
23.08.2021 01:30:57.130,0.91698,0.91689,3.72,1
23.08.2021 01:31:03.949,0.91698,0.9168799999999999,4.47,1
23.08.2021 01:31:04.916,0.91698,0.91689,3.35,1
23.08.2021 01:31:10.139,0.91698,0.91689,1.57,1
23.08.2021 01:31:10.291,0.91699,0.9169,2.54,1
23.08.2021 01:31:10.828,0.9169700000000001,0.9169100000000001,1,1
23.08.2021 01:31:10.953,0.9169700000000001,0.9169,1,1
23.08.2021 01:31:11.054,0.9169700000000001,0.91689,1,1
23.08.2021 01:31:13.564,0.91698,0.9169,1.1,1
23.08.2021 01:31:28.987,0.91699,0.9169,1.1,1
23.08.2021 01:31:33.746,0.917,0.9169100000000001,2.54,1
23.08.2021 01:31:35.478,0.91699,0.9169,1.01,1
23.08.2021 01:31:35.579,0.9169700000000001,0.9169,1,1
23.08.2021 01:31:40.634,0.91699,0.91689,1.01,1
23.08.2021 01:31:41.696,0.91698,0.91689,2.51,1
23.08.2021 01:32:07.987,0.91698,0.9169,1.1,1
23.08.2021 01:32:16.502,0.91699,0.91689,4.41,1.5
23.08.2021 01:32:16.603,0.9169600000000001,0.9168700000000001,1.76,1
23.08.2021 01:32:26.201,0.9169200000000001,0.9168299999999999,1,2.75
23.08.2021 01:32:26.252,0.91694,0.91685,2.44,1
23.08.2021 01:32:26.354,0.91694,0.9168600000000001,1.5,1
23.08.2021 01:32:27.407,0.9169600000000001,0.9168600000000001,1,1.5
23.08.2021 01:32:27.508,0.9169700000000001,0.9168700000000001,2.44,1.5
23.08.2021 01:32:27.610,0.9169700000000001,0.9168799999999999,1.69,1
23.08.2021 01:32:30.875,0.91698,0.91689,1.69,1
23.08.2021 01:32:30.977,0.91698,0.9169,1,1
23.08.2021 01:32:31.104,0.917,0.91689,2.44,1
23.08.2021 01:33:37.485,0.91698,0.91689,1,1
23.08.2021 01:33:37.587,0.9169700000000001,0.91689,1,1
23.08.2021 01:33:39.500,0.9169600000000001,0.9168700000000001,1.5,1
23.08.2021 01:33:40.708,0.9169600000000001,0.9168600000000001,1.5,1.87
23.08.2021 01:33:40.809,0.91695,0.9168600000000001,1,1.5
23.08.2021 01:33:40.960,0.91695,0.9168799999999999,1.5,1
23.08.2021 01:33:41.882,0.91695,0.9168600000000001,1,1
23.08.2021 01:33:53.692,0.91695,0.9168700000000001,1,1
23.08.2021 01:33:53.793,0.9169600000000001,0.9168700000000001,1,1
23.08.2021 01:33:55.277,0.91695,0.9168700000000001,1,1
23.08.2021 01:34:11.522,0.9169600000000001,0.9168799999999999,1,1
23.08.2021 01:34:17.174,0.9169600000000001,0.91689,1,1
23.08.2021 01:34:23.200,0.9169600000000001,0.9168799999999999,1.5,1.5
23.08.2021 01:34:35.299,0.9169700000000001,0.91689,1,1
23.08.2021 01:34:47.487,0.9169700000000001,0.9169,1,1
23.08.2021 01:34:47.538,0.9170100000000001,0.91694,1,1.5
23.08.2021 01:34:47.639,0.9170200000000002,0.91694,2.25,1
23.08.2021 01:34:50.145,0.9170200000000002,0.9169700000000001,2.25,1
23.08.2021 01:35:02.111,0.9170100000000001,0.91693,1,1.5
23.08.2021 01:35:15.701,0.91703,0.9169200000000001,1.5,1.5
23.08.2021 01:35:15.803,0.9170200000000002,0.91694,1.5,1
23.08.2021 01:35:16.892,0.91704,0.91698,2.51,1
23.08.2021 01:35:19.275,0.91705,0.9169600000000001,1.69,1
23.08.2021 01:35:19.427,0.91705,0.9169700000000001,1,1
23.08.2021 01:35:19.578,0.9170600000000001,0.9169700000000001,1.69,1
23.08.2021 01:35:42.704,0.9170700000000002,0.91698,3.32,1
23.08.2021 01:35:42.810,0.9170700000000002,0.91698,1.76,1
23.08.2021 01:35:45.352,0.9170700000000002,0.91699,1.01,1
23.08.2021 01:35:47.638,0.9170700000000002,0.91698,1.76,1
23.08.2021 01:35:53.779,0.9170700000000002,0.91698,2.57,1
23.08.2021 01:35:53.931,0.9170700000000002,0.91698,1.76,1
23.08.2021 01:35:55.593,0.9170700000000002,0.91698,2.57,1
23.08.2021 01:35:58.403,0.9170700000000002,0.91698,1.76,1
23.08.2021 01:36:01.044,0.9170700000000002,0.9169700000000001,1.76,1
23.08.2021 01:36:02.941,0.9170700000000002,0.9169700000000001,2.57,1
23.08.2021 01:36:22.366,0.9170700000000002,0.91698,2.5,1
23.08.2021 01:36:47.026,0.9170100000000001,0.9169200000000001,3.19,1
23.08.2021 01:36:47.128,0.917,0.9169100000000001,1,1
23.08.2021 01:36:47.737,0.91699,0.9169100000000001,1,1
23.08.2021 01:37:04.662,0.91703,0.91694,1.5,1
23.08.2021 01:37:04.763,0.91705,0.91695,2.44,1
23.08.2021 01:37:04.864,0.91705,0.9169600000000001,1.5,1
23.08.2021 01:37:08.487,0.91704,0.91695,1,1
23.08.2021 01:37:08.589,0.91704,0.91694,1,1
23.08.2021 01:37:11.016,0.91703,0.91694,1.5,1
23.08.2021 01:37:12.403,0.9170200000000002,0.91694,1,1
23.08.2021 01:37:14.496,0.91703,0.9169200000000001,1.5,1
23.08.2021 01:37:15.677,0.91699,0.9169200000000001,1,1
23.08.2021 01:37:15.779,0.91699,0.9169100000000001,1,1
23.08.2021 01:37:44.449,0.9170100000000001,0.9169200000000001,1.5,1
23.08.2021 01:37:44.552,0.9170200000000002,0.9169200000000001,2.44,1.5
23.08.2021 01:37:44.653,0.9170200000000002,0.91693,1.25,1
23.08.2021 01:37:44.755,0.91703,0.91695,1.25,1
23.08.2021 01:37:45.091,0.91703,0.91695,1.75,1
23.08.2021 01:37:45.192,0.91703,0.91694,1.75,1
23.08.2021 01:37:45.560,0.91703,0.91695,1.75,1
23.08.2021 01:37:45.661,0.91703,0.91694,1.75,1
23.08.2021 01:37:53.712,0.91703,0.91694,1.25,1
23.08.2021 01:38:20.593,0.91703,0.91693,1.25,1
23.08.2021 01:38:22.839,0.9170100000000001,0.9169,1,1.5
23.08.2021 01:38:23.042,0.917,0.9169,2.44,1
23.08.2021 01:38:27.420,0.917,0.9169,3.25,1
23.08.2021 01:38:29.156,0.91698,0.9169,1,1
23.08.2021 01:38:29.358,0.91698,0.91689,1.25,1.5
23.08.2021 01:38:31.101,0.9169700000000001,0.91689,1,1.5
23.08.2021 01:38:44.239,0.91694,0.9168600000000001,3,1
23.08.2021 01:38:44.340,0.91693,0.91685,1,1
23.08.2021 01:38:44.441,0.91693,0.91684,2.25,1
23.08.2021 01:38:46.130,0.91693,0.9168299999999999,2.44,2.25
23.08.2021 01:38:52.033,0.91693,0.91684,1,1
23.08.2021 01:38:53.610,0.91693,0.91685,1,1
23.08.2021 01:38:53.729,0.91694,0.91685,2.44,1
23.08.2021 01:38:55.870,0.9168799999999999,0.9168200000000001,1,1.5
23.08.2021 01:38:55.973,0.9168799999999999,0.91679,1,1.1
23.08.2021 01:38:56.075,0.91689,0.91679,2.5,1
23.08.2021 01:38:56.176,0.9168700000000001,0.9167799999999999,1,2.7
23.08.2021 01:39:00.693,0.9168799999999999,0.9167799999999999,1,1.76
23.08.2021 01:39:05.412,0.9168700000000001,0.9167700000000001,1.69,1.87
23.08.2021 01:39:05.514,0.91684,0.9167700000000001,1.87,1
23.08.2021 01:39:05.616,0.91684,0.91674,3.7,1.5
23.08.2021 01:39:22.285,0.91684,0.91674,1.69,1.5
23.08.2021 01:39:22.386,0.91684,0.9167500000000001,1,1
23.08.2021 01:39:22.487,0.91685,0.9167500000000001,1.69,1.5
23.08.2021 01:39:27.904,0.9168600000000001,0.9167500000000001,1.5,1
23.08.2021 01:39:52.406,0.9168600000000001,0.9167600000000001,1.69,1.5
23.08.2021 01:39:54.597,0.9168600000000001,0.9167799999999999,1,1
23.08.2021 01:39:54.699,0.9168799999999999,0.91679,1,1
23.08.2021 01:39:57.205,0.9168799999999999,0.9168000000000001,1,1
23.08.2021 01:39:59.617,0.91689,0.9168000000000001,1.25,1
23.08.2021 01:40:03.066,0.91689,0.9168100000000001,1,1
23.08.2021 01:40:05.475,0.91689,0.9168000000000001,1.25,1
23.08.2021 01:40:13.597,0.9169,0.9167799999999999,1.69,1.5
23.08.2021 01:40:15.439,0.9168799999999999,0.91679,1.25,1
23.08.2021 01:40:23.380,0.9168799999999999,0.91679,1.75,1
23.08.2021 01:40:23.431,0.91684,0.9167799999999999,1,1
23.08.2021 01:40:24.303,0.91684,0.9167500000000001,1.5,1
23.08.2021 01:40:42.891,0.9168600000000001,0.91674,2.44,1.5
23.08.2021 01:40:48.714,0.91685,0.9167500000000001,3.32,2.25
23.08.2021 01:40:56.618,0.9168299999999999,0.9167500000000001,1.25,1
23.08.2021 01:40:56.719,0.9168100000000001,0.9167299999999999,1,1
23.08.2021 01:41:03.012,0.9168200000000001,0.9167299999999999,2.25,1
23.08.2021 01:41:24.690,0.9168299999999999,0.91671,2.44,2.25
23.08.2021 01:41:24.791,0.9168200000000001,0.91671,1,1.5
23.08.2021 01:41:24.893,0.9168000000000001,0.91671,1,1.5
23.08.2021 01:41:24.994,0.91679,0.91671,1,1
23.08.2021 01:41:31.575,0.9168000000000001,0.91671,1,1
23.08.2021 01:41:31.727,0.9168299999999999,0.91671,2.44,1
23.08.2021 01:41:31.828,0.9168200000000001,0.9167299999999999,1.69,1
23.08.2021 01:41:37.957,0.9168200000000001,0.9167600000000001,1,1.1
23.08.2021 01:41:38.008,0.9168600000000001,0.9167700000000001,1,1
23.08.2021 01:41:38.110,0.9168799999999999,0.91679,4,1
23.08.2021 01:41:38.261,0.9168799999999999,0.91679,1.69,1
23.08.2021 01:41:39.925,0.9168799999999999,0.9167799999999999,1.25,1.5
23.08.2021 01:41:41.057,0.91684,0.9167500000000001,3.25,1
23.08.2021 01:41:41.471,0.9168299999999999,0.9167299999999999,1.69,1.5
23.08.2021 01:41:43.423,0.9168299999999999,0.9167299999999999,2.5,1
23.08.2021 01:42:00.690,0.9168000000000001,0.9167200000000001,1,1
23.08.2021 01:42:00.841,0.9168000000000001,0.91671,1,1
23.08.2021 01:42:22.164,0.9168000000000001,0.9167000000000001,1.69,1.57
23.08.2021 01:42:22.266,0.9168000000000001,0.9167000000000001,3.25,1.57
23.08.2021 01:42:22.367,0.91679,0.9167000000000001,2.87,1
23.08.2021 01:42:22.468,0.9167799999999999,0.91669,3.25,1
23.08.2021 01:42:24.022,0.9167799999999999,0.9166799999999999,3.25,1.1
23.08.2021 01:42:28.918,0.9167799999999999,0.9166799999999999,1.69,1.1
23.08.2021 01:42:31.233,0.9167700000000001,0.9166700000000001,1.25,1
23.08.2021 01:42:31.335,0.9167600000000001,0.91666,1.69,1.57
23.08.2021 01:42:54.393,0.91674,0.91666,1,1
23.08.2021 01:42:54.936,0.9167000000000001,0.91663,1,1.2
23.08.2021 01:42:55.037,0.91671,0.91661,1,1
23.08.2021 01:42:55.139,0.91669,0.9166200000000001,1,1.57
23.08.2021 01:42:55.240,0.9166799999999999,0.9166200000000001,1,1
23.08.2021 01:42:55.342,0.9166799999999999,0.91661,1,1.57
23.08.2021 01:42:55.999,0.9166700000000001,0.91661,1,1
23.08.2021 01:42:56.050,0.9166700000000001,0.91659,1,1
23.08.2021 01:42:56.151,0.9166500000000001,0.91659,1,1
23.08.2021 01:42:57.146,0.9166500000000001,0.91658,1,1
23.08.2021 01:42:57.537,0.9166500000000001,0.9165700000000001,1,1.1
23.08.2021 01:42:57.638,0.91664,0.9165700000000001,1,1.1
23.08.2021 01:42:58.071,0.91666,0.91656,1,1.57
23.08.2021 01:43:03.241,0.91666,0.9165700000000001,1,1.1
23.08.2021 01:43:04.707,0.91666,0.91658,1,1
23.08.2021 01:43:11.951,0.9166700000000001,0.91658,1,1.5
23.08.2021 01:43:12.582,0.9166700000000001,0.9166000000000001,1,1
23.08.2021 01:43:13.355,0.9166700000000001,0.91658,1,1
23.08.2021 01:43:20.048,0.9166799999999999,0.91656,1.5,1
23.08.2021 01:43:20.150,0.91666,0.91656,1,1.57
23.08.2021 01:43:23.181,0.9166500000000001,0.91656,1,1
23.08.2021 01:43:24.903,0.9166500000000001,0.9165500000000001,1.5,2.32
23.08.2021 01:43:27.422,0.91664,0.9165500000000001,2.5,1
23.08.2021 01:43:27.523,0.9166200000000001,0.9165200000000001,1.69,1.57
23.08.2021 01:43:27.624,0.91661,0.9165200000000001,1,1.1
23.08.2021 01:43:33.633,0.9166000000000001,0.9165200000000001,1,1
23.08.2021 01:43:33.798,0.9166000000000001,0.91651,1,1.57
23.08.2021 01:43:37.247,0.91659,0.9165000000000001,1,1
23.08.2021 01:43:37.680,0.91658,0.9165000000000001,1.25,1
23.08.2021 01:43:37.932,0.91658,0.91648,1.69,2.32
23.08.2021 01:43:45.472,0.91658,0.91649,1.5,1
23.08.2021 01:43:48.223,0.91659,0.9165000000000001,1.5,1
23.08.2021 01:43:51.989,0.9166000000000001,0.9165000000000001,2.44,1.57
23.08.2021 01:44:05.981,0.9166000000000001,0.91651,1.69,1
23.08.2021 01:44:09.482,0.9166000000000001,0.9165000000000001,2.44,1.57
23.08.2021 01:44:45.875,0.9166000000000001,0.9165200000000001,2.25,1
23.08.2021 01:44:46.052,0.9166000000000001,0.91651,1.5,1
23.08.2021 01:45:01.341,0.91659,0.91651,1,1
23.08.2021 01:45:03.808,0.91659,0.91649,1,2.32
23.08.2021 01:45:03.859,0.91659,0.91651,1,1
23.08.2021 01:45:08.486,0.91659,0.9165000000000001,1,1
23.08.2021 01:45:09.059,0.91656,0.91648,1,1.95
23.08.2021 01:45:12.903,0.9165700000000001,0.91648,1,1.1
23.08.2021 01:45:16.799,0.9165500000000001,0.9164700000000001,1,1.1
23.08.2021 01:45:17.744,0.91653,0.9164700000000001,1,1
23.08.2021 01:45:17.845,0.9165200000000001,0.91644,1.5,1.1
23.08.2021 01:45:17.947,0.9165200000000001,0.91644,1,1.5
23.08.2021 01:45:18.048,0.9165200000000001,0.91644,1,1.6
23.08.2021 01:45:18.149,0.91654,0.91643,1,1.6
23.08.2021 01:45:24.314,0.91654,0.91644,1.25,2.35
23.08.2021 01:45:24.743,0.91654,0.9164200000000001,1.25,1.57
23.08.2021 01:45:24.844,0.9165200000000001,0.91643,1,1.57
23.08.2021 01:45:24.946,0.9165200000000001,0.9164200000000001,2.06,1
23.08.2021 01:45:25.047,0.9165200000000001,0.91643,1.25,1
23.08.2021 01:45:25.148,0.91651,0.91643,1,1
23.08.2021 01:45:25.870,0.91651,0.9164200000000001,1,1
23.08.2021 01:45:40.644,0.9165200000000001,0.91644,1,1.1
23.08.2021 01:45:40.746,0.91653,0.91644,1,1.1
23.08.2021 01:45:40.848,0.91653,0.91644,1,1.6
23.08.2021 01:45:45.554,0.9165000000000001,0.9164100000000001,1,5.72
23.08.2021 01:45:45.656,0.9165000000000001,0.9164100000000001,2.44,1.1
23.08.2021 01:45:45.757,0.91649,0.9164,1,1.6
23.08.2021 01:45:46.918,0.9165000000000001,0.9164100000000001,1,1.57
23.08.2021 01:45:51.688,0.9165000000000001,0.9164200000000001,1,1
23.08.2021 01:45:52.465,0.9165000000000001,0.9164100000000001,1.5,1.1
23.08.2021 01:46:10.473,0.91649,0.9164,1.5,1
23.08.2021 01:46:12.560,0.91648,0.9163700000000001,1,1.57
23.08.2021 01:46:12.979,0.91646,0.91638,1,1.1
23.08.2021 01:46:18.459,0.9164100000000001,0.91634,1,1.1
23.08.2021 01:46:18.560,0.9164200000000001,0.9163100000000001,1,1.1
23.08.2021 01:46:18.611,0.91639,0.9163200000000001,1,1
23.08.2021 01:46:22.986,0.91639,0.9163,1,1.6
23.08.2021 01:46:23.138,0.91638,0.9163100000000001,1,1
23.08.2021 01:46:23.240,0.9163700000000001,0.9163,1,1.1
23.08.2021 01:46:31.411,0.9163700000000001,0.9163200000000001,1,1
23.08.2021 01:46:35.464,0.9164100000000001,0.9163200000000001,1,1.1
23.08.2021 01:46:36.932,0.9163700000000001,0.9163200000000001,1,1
23.08.2021 01:46:38.569,0.91638,0.9163200000000001,1,1.1
23.08.2021 01:46:43.408,0.9164200000000001,0.9163200000000001,2.81,1.1
23.08.2021 01:46:45.903,0.91638,0.9163200000000001,1,1
23.08.2021 01:46:50.689,0.9163700000000001,0.9163200000000001,1,1
23.08.2021 01:46:50.740,0.91639,0.9163200000000001,1,1.1
23.08.2021 01:46:50.841,0.9164,0.9163,1,1.1
23.08.2021 01:46:50.892,0.9163700000000001,0.9163100000000001,1,1.1
23.08.2021 01:46:54.325,0.9164,0.9163100000000001,1,1.1
23.08.2021 01:46:54.376,0.91638,0.9163100000000001,1,1.1
23.08.2021 01:46:56.958,0.91638,0.9163100000000001,1,1.1
23.08.2021 01:46:57.063,0.91638,0.9163,1,1
23.08.2021 01:47:10.021,0.9163700000000001,0.91629,1,1.6
23.08.2021 01:47:10.122,0.9163700000000001,0.91629,1,1.57
23.08.2021 01:47:10.456,0.9163700000000001,0.91629,1,1.6
23.08.2021 01:47:10.613,0.9163700000000001,0.91629,1,1.57
23.08.2021 01:47:10.898,0.9163700000000001,0.91629,1,1.6
23.08.2021 01:47:21.344,0.9163700000000001,0.9163,1,1.1
23.08.2021 01:47:21.446,0.91638,0.91629,1,2.16
23.08.2021 01:47:27.404,0.91638,0.91629,1,1.97
23.08.2021 01:47:29.073,0.91638,0.91629,1,1.97
23.08.2021 01:47:29.174,0.91638,0.91629,1,1.97
23.08.2021 01:47:29.276,0.91638,0.91629,1,1.97
23.08.2021 01:47:29.639,0.91638,0.91629,1,1.97
23.08.2021 01:47:29.741,0.91638,0.91629,1,1.97
23.08.2021 01:47:34.123,0.91638,0.91629,1,1.97
23.08.2021 01:47:34.225,0.91638,0.91629,1,1.1
23.08.2021 01:47:34.908,0.9163700000000001,0.91629,1,1.1
23.08.2021 01:47:35.825,0.9163700000000001,0.91629,1,1.1
23.08.2021 01:47:36.603,0.9163700000000001,0.91629,1,1.1
23.08.2021 01:47:36.765,0.9163700000000001,0.9163,1,1
23.08.2021 01:47:36.866,0.9163600000000001,0.9163,1,1
23.08.2021 01:47:41.496,0.9163600000000001,0.91629,1,1.57
23.08.2021 01:47:54.990,0.91635,0.91628,1,1
23.08.2021 01:47:55.041,0.91634,0.91625,1,1.6
23.08.2021 01:47:55.143,0.91633,0.91625,1,1.57
23.08.2021 01:47:55.244,0.91633,0.91625,1,1.6
23.08.2021 01:47:55.540,0.91633,0.91625,1,1.57
23.08.2021 01:47:55.886,0.91633,0.91625,1,1.6
23.08.2021 01:47:56.503,0.91633,0.91625,1,1.57
23.08.2021 01:47:57.860,0.91634,0.91624,1,1.6
23.08.2021 01:47:57.961,0.91633,0.91625,1,1.57
23.08.2021 01:47:58.797,0.91633,0.91625,1,1.6
23.08.2021 01:48:00.141,0.91634,0.91625,1,2.35
23.08.2021 01:48:06.485,0.91634,0.91625,1,1.57
23.08.2021 01:48:06.687,0.91634,0.9162600000000001,1,1
23.08.2021 01:48:06.788,0.91634,0.9162700000000001,1,1
23.08.2021 01:48:08.142,0.91634,0.9162600000000001,1,1.5
23.08.2021 01:48:09.593,0.91633,0.9162600000000001,1,1
23.08.2021 01:48:14.799,0.91633,0.91625,1.5,1
23.08.2021 01:48:18.034,0.91634,0.91625,1,1.5
23.08.2021 01:48:18.531,0.91633,0.91625,1,1.5
23.08.2021 01:48:18.632,0.91634,0.91625,1,1.5
23.08.2021 01:48:18.901,0.91633,0.91625,1,1.5
23.08.2021 01:48:19.002,0.91634,0.91625,1,1.5
23.08.2021 01:48:19.528,0.91634,0.91624,1,1.5
23.08.2021 01:48:19.629,0.91634,0.91625,1,1.5
23.08.2021 01:48:21.283,0.91633,0.91625,1,1.5
23.08.2021 01:48:32.781,0.9163100000000001,0.91623,1,1.5
23.08.2021 01:48:32.882,0.9163100000000001,0.9162100000000001,1,1.5
23.08.2021 01:48:34.390,0.91629,0.9162,1,1
23.08.2021 01:48:41.125,0.91628,0.9162100000000001,1,1.1
23.08.2021 01:48:41.226,0.91629,0.9162100000000001,1,1.1
23.08.2021 01:49:06.367,0.9163,0.9162200000000001,1,1.1
23.08.2021 01:49:08.173,0.91629,0.9162200000000001,1,1.1
23.08.2021 01:49:12.708,0.91629,0.9162100000000001,1,1
23.08.2021 01:49:13.781,0.91629,0.9162200000000001,1,1
23.08.2021 01:49:28.040,0.9163,0.9162200000000001,1.5,1
23.08.2021 01:49:39.100,0.91629,0.9162200000000001,1,1
23.08.2021 01:49:44.789,0.91629,0.9162100000000001,1,1.57
23.08.2021 01:49:52.404,0.9163100000000001,0.9162200000000001,1.5,1
23.08.2021 01:49:55.733,0.9163,0.9162100000000001,1.5,1.57
23.08.2021 01:49:56.980,0.91629,0.9162100000000001,1,1.1
23.08.2021 01:49:58.703,0.91628,0.9162100000000001,1,1
23.08.2021 01:50:10.055,0.91628,0.9162,1.5,1
23.08.2021 01:50:15.824,0.9162700000000001,0.9162,1,1
23.08.2021 01:50:23.737,0.91628,0.9162,1.5,1.1
23.08.2021 01:50:25.389,0.9162700000000001,0.9162,1.5,1
23.08.2021 01:50:25.440,0.91624,0.9161700000000002,1,1
23.08.2021 01:50:25.541,0.91624,0.9161600000000001,1.5,1
23.08.2021 01:50:25.642,0.91623,0.9161600000000001,1,1
23.08.2021 01:50:29.511,0.9162200000000001,0.9161600000000001,1,1
23.08.2021 01:50:29.613,0.91623,0.91614,1,1
23.08.2021 01:50:29.814,0.9162200000000001,0.91614,1,1
23.08.2021 01:50:30.017,0.9162100000000001,0.91613,1.5,1.5
23.08.2021 01:50:32.448,0.9162,0.91613,1,1
23.08.2021 01:50:32.499,0.9162,0.9161,1.5,1
23.08.2021 01:50:32.600,0.9161900000000001,0.9161200000000002,1,1
23.08.2021 01:50:46.846,0.9161900000000001,0.9161100000000001,1,1
23.08.2021 01:50:46.897,0.9161700000000002,0.9161,1,1
23.08.2021 01:50:46.998,0.9161700000000002,0.91608,1,2.35
23.08.2021 01:50:47.099,0.9161600000000001,0.91608,1,1.57
23.08.2021 01:50:49.000,0.9161600000000001,0.91609,1,1
23.08.2021 01:50:51.252,0.9161600000000001,0.9161,1,1
23.08.2021 01:50:51.354,0.91618,0.9161,1.5,1.1
23.08.2021 01:51:25.431,0.9161600000000001,0.91608,1,1.1
23.08.2021 01:51:25.583,0.91615,0.9160700000000002,1,1
23.08.2021 01:51:25.684,0.91613,0.91605,1,1.57
23.08.2021 01:51:26.944,0.9161200000000002,0.91605,1,1
23.08.2021 01:51:27.045,0.9161200000000002,0.91604,1,1.76
23.08.2021 01:51:32.012,0.9161200000000002,0.91604,1,3.29
23.08.2021 01:51:32.354,0.9161200000000002,0.91604,1,3.26
23.08.2021 01:51:32.455,0.9161200000000002,0.91605,1,1
23.08.2021 01:51:32.556,0.91613,0.91605,1,1
23.08.2021 01:51:33.059,0.9161700000000002,0.91608,1,1.5
23.08.2021 01:51:33.160,0.91618,0.9161,1,1.1
23.08.2021 01:51:33.261,0.9161900000000001,0.9161,1,1.6
23.08.2021 01:52:00.981,0.9161900000000001,0.9161100000000001,1,1.6
23.08.2021 01:52:01.083,0.9161900000000001,0.9161100000000001,1,1.6
23.08.2021 01:52:01.286,0.9161900000000001,0.9161200000000002,1,1.1
23.08.2021 01:52:06.601,0.9162100000000001,0.91613,1.5,1
23.08.2021 01:52:10.141,0.91623,0.91613,1.5,1
23.08.2021 01:52:10.344,0.9162600000000001,0.91618,1,1
23.08.2021 01:52:10.445,0.9162700000000001,0.9162,1,1
23.08.2021 01:52:12.528,0.9162700000000001,0.9161900000000001,1.5,1
23.08.2021 01:52:12.629,0.9162600000000001,0.91618,1.5,1
23.08.2021 01:52:12.731,0.91625,0.91618,1,1
23.08.2021 01:52:15.639,0.91625,0.9161700000000002,1,1.1
23.08.2021 01:52:17.744,0.91624,0.9161600000000001,1,1
23.08.2021 01:52:17.845,0.91624,0.91615,1,1.5
23.08.2021 01:52:18.111,0.91624,0.9161600000000001,1,1
23.08.2021 01:52:18.161,0.9162200000000001,0.91614,1,1.95
23.08.2021 01:52:18.263,0.9162100000000001,0.91613,1,1.1
23.08.2021 01:52:18.364,0.9162,0.91613,1,1.1
23.08.2021 01:52:18.465,0.9162100000000001,0.91613,1,1.1
23.08.2021 01:52:18.599,0.9162100000000001,0.91613,1,1.1
23.08.2021 01:52:22.809,0.91623,0.91614,1,1.1
23.08.2021 01:52:25.433,0.91625,0.91618,1.69,1
23.08.2021 01:52:25.534,0.91624,0.9161700000000002,1,1.69
23.08.2021 01:52:25.636,0.91625,0.9161700000000002,1,1.1
23.08.2021 01:52:27.953,0.91625,0.9161600000000001,1.5,1.57
23.08.2021 01:52:28.210,0.91624,0.9161600000000001,1,1.1
23.08.2021 01:52:30.467,0.91624,0.91615,1,3.29
23.08.2021 01:52:30.568,0.9162600000000001,0.91615,1,1.1
23.08.2021 01:52:35.518,0.9162200000000001,0.91614,1,1.1
23.08.2021 01:52:35.569,0.9162100000000001,0.9161200000000002,1,1.1
23.08.2021 01:52:36.509,0.9162,0.9161100000000001,1,2.29
23.08.2021 01:52:40.295,0.9162100000000001,0.9161,1,1.01
23.08.2021 01:52:41.239,0.9161900000000001,0.9161,1,3.1
23.08.2021 01:52:44.381,0.9161600000000001,0.91608,1,1
23.08.2021 01:52:44.482,0.9161600000000001,0.9160700000000002,1,1.57
23.08.2021 01:52:44.584,0.9161600000000001,0.9160700000000002,1,2.91
23.08.2021 01:52:45.436,0.9161600000000001,0.9160700000000002,1,2.91
23.08.2021 01:52:45.694,0.9161700000000002,0.91608,1,1.6
23.08.2021 01:52:46.017,0.9161700000000002,0.9161,1,1
23.08.2021 01:52:53.675,0.91618,0.9160700000000002,1,2.72
23.08.2021 01:52:53.776,0.91618,0.9160700000000002,1,1.87
23.08.2021 01:52:53.927,0.9161600000000001,0.91608,1,1
23.08.2021 01:52:54.028,0.91615,0.9160700000000002,1,1
23.08.2021 01:52:54.199,0.91613,0.91604,1,2.66
23.08.2021 01:52:54.300,0.91613,0.91604,1,2.14
23.08.2021 01:52:54.421,0.9161200000000002,0.91604,1,1.41
23.08.2021 01:52:59.568,0.9161200000000002,0.91604,1,1.2
23.08.2021 01:52:59.669,0.91613,0.91604,1,1.2
23.08.2021 01:53:01.598,0.91614,0.9160200000000002,1.5,3.04
23.08.2021 01:53:01.700,0.9161100000000001,0.91603,1,1.1
23.08.2021 01:53:02.569,0.91608,0.9160100000000001,1,2.07
23.08.2021 01:53:02.670,0.91608,0.9160100000000001,1,1.1
23.08.2021 01:53:04.013,0.9160700000000002,0.91598,1,2.72
23.08.2021 01:53:06.775,0.91605,0.91595,2,1.51
23.08.2021 01:53:06.826,0.91604,0.9159600000000001,1.25,1
23.08.2021 01:53:06.928,0.91603,0.91595,1,1.57
23.08.2021 01:53:07.029,0.91604,0.91595,1,2.32
23.08.2021 01:53:08.863,0.91605,0.91595,1.5,1
23.08.2021 01:53:09.193,0.91603,0.9159600000000001,1,1
23.08.2021 01:53:09.395,0.91603,0.91595,1,1
23.08.2021 01:53:09.446,0.9160100000000001,0.91593,1,1.5
23.08.2021 01:53:09.548,0.9160100000000001,0.9159200000000001,1,1.1
23.08.2021 01:53:09.852,0.9160100000000001,0.9159200000000001,1,2.16
23.08.2021 01:53:10.206,0.91603,0.9159200000000001,1,1.1
23.08.2021 01:53:11.428,0.9160100000000001,0.91593,1.75,1
23.08.2021 01:53:11.480,0.91599,0.9159,1,3.57
23.08.2021 01:53:11.582,0.9160100000000001,0.9159,1,2.7
23.08.2021 01:53:12.018,0.9159700000000001,0.9159,1,1.12
23.08.2021 01:53:12.977,0.9159600000000001,0.9159,1,1
23.08.2021 01:53:14.268,0.9159600000000001,0.9158700000000001,1,1.95
23.08.2021 01:53:16.997,0.91593,0.9158600000000001,1,1.6
23.08.2021 01:53:17.693,0.91593,0.9158600000000001,1,1.2
23.08.2021 01:53:22.852,0.91594,0.9158600000000001,1,1.5
23.08.2021 01:53:24.207,0.91595,0.9158600000000001,1,1.5
23.08.2021 01:53:24.718,0.91594,0.9158600000000001,1,1.5
23.08.2021 01:53:26.684,0.9159600000000001,0.9158600000000001,1,1
23.08.2021 01:53:26.786,0.9159600000000001,0.91589,1,1
23.08.2021 01:53:28.418,0.9159600000000001,0.9158799999999999,1.5,1
23.08.2021 01:53:28.672,0.91595,0.9158700000000001,1.5,1
23.08.2021 01:53:29.705,0.91595,0.9158799999999999,1,1
23.08.2021 01:53:30.661,0.9159200000000001,0.91584,1,1.5
23.08.2021 01:53:30.762,0.9159200000000001,0.91585,1,1
23.08.2021 01:53:30.863,0.9159100000000001,0.9158299999999999,1.5,1.1
23.08.2021 01:53:31.116,0.9159200000000001,0.91585,1,1
23.08.2021 01:53:31.704,0.9159100000000001,0.91585,1,1
23.08.2021 01:53:34.877,0.9159200000000001,0.91585,1,1
23.08.2021 01:53:35.800,0.91593,0.9158600000000001,1,1
23.08.2021 01:53:53.779,0.91593,0.91585,1,1
23.08.2021 01:53:57.905,0.91593,0.91584,2.25,1
23.08.2021 01:53:59.621,0.91593,0.9158299999999999,2.25,1
23.08.2021 01:54:00.652,0.91593,0.91584,1.5,1
23.08.2021 01:54:00.753,0.91593,0.91585,1,1
23.08.2021 01:54:09.214,0.91594,0.91585,1,1.5
23.08.2021 01:54:09.315,0.91595,0.9158600000000001,1.5,1.57
23.08.2021 01:54:09.467,0.9159600000000001,0.9158700000000001,1.5,1.1
23.08.2021 01:54:09.702,0.9159700000000001,0.9158700000000001,1.5,1.57
23.08.2021 01:54:13.395,0.9159700000000001,0.9158799999999999,1,1.5
23.08.2021 01:54:13.496,0.9159700000000001,0.9159,1,1
23.08.2021 01:54:13.597,0.91598,0.9159,1.5,1
23.08.2021 01:54:13.699,0.91599,0.9159,1,2.32
23.08.2021 01:54:13.901,0.91599,0.9159100000000001,1,1
23.08.2021 01:54:14.818,0.91599,0.9159,1,2.51
23.08.2021 01:54:16.456,0.91599,0.9159100000000001,1.5,1
23.08.2021 01:54:16.558,0.9159700000000001,0.91589,1,2.32
23.08.2021 01:54:16.659,0.9159600000000001,0.91589,1,1.1
23.08.2021 01:54:18.160,0.9159600000000001,0.9158799999999999,1,2.32
23.08.2021 01:54:21.269,0.9159600000000001,0.9159,1,1
23.08.2021 01:54:22.605,0.9159600000000001,0.9158799999999999,1,1.57
23.08.2021 01:54:44.153,0.9159600000000001,0.91589,1,1
23.08.2021 01:54:52.727,0.9159600000000001,0.9158799999999999,1,1.5
23.08.2021 01:54:57.903,0.9159600000000001,0.91589,1,1
23.08.2021 01:55:05.639,0.91595,0.91589,1,1
23.08.2021 01:55:05.740,0.91594,0.9158799999999999,1,1
23.08.2021 01:55:05.791,0.91593,0.9158600000000001,1,1
23.08.2021 01:55:17.415,0.91595,0.91585,1,1
23.08.2021 01:55:20.098,0.91594,0.91585,1,1
23.08.2021 01:55:20.241,0.91594,0.9158700000000001,1,1
23.08.2021 01:55:22.309,0.91594,0.9158799999999999,1,1
23.08.2021 01:55:33.979,0.9159600000000001,0.9158799999999999,1.25,1.5
23.08.2021 01:55:37.342,0.91598,0.9158799999999999,3.72,1.5
23.08.2021 01:55:38.896,0.91598,0.9158799999999999,1.25,1
23.08.2021 01:55:38.997,0.91598,0.9158799999999999,2.12,1
23.08.2021 01:55:42.654,0.91598,0.9158799999999999,1.25,1
23.08.2021 01:55:46.440,0.91598,0.91589,1.25,1
23.08.2021 01:55:57.838,0.91598,0.9158799999999999,1.25,1
23.08.2021 01:56:01.597,0.9159700000000001,0.9158799999999999,1.69,1
23.08.2021 01:56:01.748,0.9159700000000001,0.9158700000000001,1.69,1.5
23.08.2021 01:56:06.559,0.91595,0.9158700000000001,1.25,1
23.08.2021 01:56:06.660,0.91594,0.9158600000000001,1,1
23.08.2021 01:56:09.903,0.91594,0.91585,1.25,1
23.08.2021 01:56:12.334,0.91595,0.91585,1,1
23.08.2021 01:56:14.212,0.91595,0.9158600000000001,1.31,1
23.08.2021 01:56:14.515,0.9159700000000001,0.9158600000000001,4.45,1
23.08.2021 01:56:18.336,0.9159700000000001,0.9158799999999999,2.87,1
23.08.2021 01:56:31.701,0.9159700000000001,0.9158799999999999,1.31,1
23.08.2021 01:56:34.981,0.91599,0.9158700000000001,1.31,1
23.08.2021 01:56:35.133,0.91598,0.9159,1,1
23.08.2021 01:56:37.221,0.9159700000000001,0.9159,1,1
23.08.2021 01:56:37.323,0.9159700000000001,0.91589,1.5,1
23.08.2021 01:56:37.425,0.9159700000000001,0.91589,3.25,1
23.08.2021 01:56:50.058,0.9159700000000001,0.9158799999999999,1.75,1
23.08.2021 01:56:58.410,0.9159700000000001,0.9158799999999999,1.31,1
23.08.2021 01:57:02.544,0.91598,0.9158799999999999,1.31,1
23.08.2021 01:57:04.673,0.91599,0.91593,1.25,1
23.08.2021 01:57:04.876,0.9160100000000001,0.91593,1,1
23.08.2021 01:57:04.977,0.9160200000000002,0.9159200000000001,4.31,1
23.08.2021 01:57:05.090,0.9160100000000001,0.9159200000000001,1.12,1
23.08.2021 01:57:06.432,0.916,0.9159100000000001,4.31,1
23.08.2021 01:57:06.534,0.91599,0.9159,2.81,1
23.08.2021 01:57:06.635,0.91598,0.91589,1,1.5
23.08.2021 01:57:07.528,0.91598,0.9158799999999999,1.12,1
23.08.2021 01:57:09.786,0.91599,0.91589,1.31,1
23.08.2021 01:57:12.180,0.91599,0.91589,2.19,1.5
23.08.2021 01:57:47.408,0.916,0.91589,1.31,1
23.08.2021 01:58:03.109,0.91599,0.91589,1.12,1
23.08.2021 01:58:05.708,0.91599,0.9159100000000001,1.12,1
23.08.2021 01:58:17.938,0.91598,0.9159100000000001,1,1
23.08.2021 01:58:20.095,0.91598,0.9159,1,1
23.08.2021 01:58:38.379,0.9159700000000001,0.91589,1,1
23.08.2021 01:58:48.692,0.9159700000000001,0.9158799999999999,1.25,1
23.08.2021 01:58:50.265,0.9159600000000001,0.9158700000000001,1.69,1
23.08.2021 01:58:50.367,0.91594,0.9158600000000001,1,1
23.08.2021 01:58:50.468,0.91594,0.91585,1,1
23.08.2021 01:59:45.346,0.91594,0.9158600000000001,1,1
23.08.2021 01:59:47.967,0.91594,0.9158700000000001,1,1
23.08.2021 02:00:00.733,0.91598,0.9159,2.62,1
23.08.2021 02:00:01.036,0.916,0.9159,3.04,1
23.08.2021 02:00:01.760,0.91604,0.91595,1.25,1
23.08.2021 02:00:01.861,0.9160600000000001,0.91595,3.19,1
23.08.2021 02:00:01.962,0.9160600000000001,0.9159600000000001,2.44,1
23.08.2021 02:00:02.215,0.9160600000000001,0.9159700000000001,1.25,1
23.08.2021 02:00:02.810,0.9161,0.91603,1.69,1
23.08.2021 02:00:02.861,0.9161200000000002,0.91604,3,1
23.08.2021 02:00:03.064,0.91613,0.91604,1.25,1
23.08.2021 02:00:03.215,0.91615,0.91604,3.19,1
23.08.2021 02:00:03.317,0.91615,0.91605,2.81,1
23.08.2021 02:00:03.771,0.9160600000000001,0.916,1.25,1
23.08.2021 02:00:03.822,0.9160700000000002,0.9159700000000001,2.87,1.5
23.08.2021 02:00:03.873,0.91605,0.9159700000000001,1.75,1
23.08.2021 02:00:03.974,0.91604,0.9159700000000001,2.5,1
23.08.2021 02:00:04.024,0.91603,0.91595,1.69,1
23.08.2021 02:00:04.398,0.916,0.9159100000000001,1,1.12
23.08.2021 02:00:04.500,0.916,0.9159100000000001,2.57,1
23.08.2021 02:00:04.601,0.916,0.91589,2.5,1
23.08.2021 02:00:04.770,0.91598,0.9159,1.25,1
23.08.2021 02:00:05.656,0.91599,0.9159,1.75,1
23.08.2021 02:00:05.758,0.91598,0.9159,1.25,1
23.08.2021 02:00:06.547,0.91599,0.9159,1.75,1
23.08.2021 02:00:09.903,0.91599,0.91589,1.94,1
23.08.2021 02:00:12.952,0.9160200000000002,0.9159200000000001,4.31,1
23.08.2021 02:00:13.242,0.9160100000000001,0.9159200000000001,1,1
23.08.2021 02:00:17.432,0.9160200000000002,0.9159200000000001,5.06,1
23.08.2021 02:00:17.922,0.9160200000000002,0.9159100000000001,1,1
23.08.2021 02:00:20.046,0.91599,0.9159100000000001,1.25,1.5
23.08.2021 02:00:20.147,0.91599,0.9159,1.25,1
23.08.2021 02:00:24.488,0.91598,0.9159,1,1
23.08.2021 02:00:39.701,0.91599,0.9159,1.25,1
23.08.2021 02:00:42.269,0.916,0.9159100000000001,3.45,1
23.08.2021 02:00:43.422,0.91598,0.9159100000000001,1,1
23.08.2021 02:00:47.118,0.91599,0.9159100000000001,1,1
23.08.2021 02:00:50.711,0.91599,0.9159200000000001,1,1
23.08.2021 02:00:50.863,0.9160100000000001,0.9159200000000001,2.81,1
23.08.2021 02:00:52.537,0.9160100000000001,0.91593,2.06,1
23.08.2021 02:01:09.843,0.9160100000000001,0.91593,2.56,1
23.08.2021 02:01:11.088,0.91598,0.9159200000000001,1,1
23.08.2021 02:01:11.487,0.916,0.9159200000000001,1.69,1
23.08.2021 02:01:53.629,0.9160100000000001,0.9159200000000001,2.25,1
23.08.2021 02:01:53.680,0.91603,0.9159600000000001,3.75,1
23.08.2021 02:01:53.883,0.91604,0.9159600000000001,3.94,1
23.08.2021 02:02:03.532,0.91604,0.91595,2.44,1
23.08.2021 02:02:03.735,0.9160100000000001,0.91594,1.69,1
23.08.2021 02:02:03.836,0.9160100000000001,0.91593,1.69,1
23.08.2021 02:02:10.882,0.916,0.9159200000000001,1,1
23.08.2021 02:02:13.882,0.9160100000000001,0.9159200000000001,2.06,1.5
23.08.2021 02:02:23.252,0.916,0.9159100000000001,2.94,1
23.08.2021 02:02:23.354,0.9160100000000001,0.9159,3.19,1
23.08.2021 02:02:29.164,0.9160100000000001,0.9159100000000001,2.06,1
23.08.2021 02:02:31.352,0.9160100000000001,0.9159200000000001,2.06,1
23.08.2021 02:02:31.454,0.9160200000000002,0.9159200000000001,5.81,1
23.08.2021 02:02:49.528,0.91604,0.9159600000000001,2.44,1
23.08.2021 02:02:49.630,0.91604,0.91595,1,1
23.08.2021 02:02:54.041,0.91605,0.91595,5.06,1
23.08.2021 02:02:54.142,0.91605,0.9159600000000001,3.19,1
23.08.2021 02:02:54.302,0.91605,0.91595,3.19,1
23.08.2021 02:02:54.418,0.91605,0.9159600000000001,3.19,1
23.08.2021 02:03:05.523,0.91605,0.91595,4.69,1
23.08.2021 02:03:19.091,0.91605,0.9159600000000001,2.44,1
23.08.2021 02:03:34.569,0.91605,0.91598,1,1.1
23.08.2021 02:03:34.671,0.91605,0.91599,1,1.5
23.08.2021 02:03:34.721,0.9161,0.9160200000000002,3.07,1
23.08.2021 02:03:34.873,0.9161200000000002,0.91603,2.81,1
23.08.2021 02:03:39.893,0.9161200000000002,0.91603,3.62,1.5
23.08.2021 02:03:46.559,0.9161200000000002,0.91603,1.69,1
23.08.2021 02:03:51.904,0.9161200000000002,0.9160200000000002,2.44,1
23.08.2021 02:04:00.390,0.9161200000000002,0.91604,1,1
23.08.2021 02:04:00.491,0.91613,0.91604,1.01,1
23.08.2021 02:04:00.643,0.91614,0.91604,1.25,1
23.08.2021 02:04:03.938,0.91614,0.91605,1.25,1
23.08.2021 02:04:09.786,0.91615,0.91605,2.25,1
23.08.2021 02:04:12.400,0.91614,0.91605,1.25,1
23.08.2021 02:05:01.883,0.91615,0.91605,2.44,1
23.08.2021 02:05:15.912,0.9161600000000001,0.91605,2.81,1
23.08.2021 02:05:25.473,0.91615,0.9160600000000001,2.91,1
23.08.2021 02:05:25.574,0.91614,0.9160600000000001,1.01,1
23.08.2021 02:05:33.446,0.9161,0.916,3.7,1
23.08.2021 02:05:33.497,0.9160600000000001,0.91598,1.01,1
23.08.2021 02:05:33.992,0.9160700000000002,0.9159700000000001,2.54,1
23.08.2021 02:05:34.144,0.9160600000000001,0.9159700000000001,1.79,1
23.08.2021 02:05:34.400,0.9160600000000001,0.9159700000000001,1.25,1
23.08.2021 02:05:35.173,0.9160600000000001,0.91598,1.25,1
23.08.2021 02:05:36.065,0.9160600000000001,0.91598,1.79,1
23.08.2021 02:05:37.677,0.9160600000000001,0.91598,1.69,1
23.08.2021 02:05:38.049,0.9160600000000001,0.91598,1.79,1
23.08.2021 02:05:40.345,0.9160600000000001,0.91598,1.25,1
23.08.2021 02:05:41.653,0.91608,0.9159700000000001,3.56,1
23.08.2021 02:05:44.741,0.9160700000000002,0.9159700000000001,2.06,1.5
23.08.2021 02:05:47.171,0.9160700000000002,0.9159700000000001,5.12,1
23.08.2021 02:06:27.843,0.9160600000000001,0.91598,1,1
23.08.2021 02:06:32.899,0.91609,0.9160200000000002,1.04,1
23.08.2021 02:06:33.001,0.9161200000000002,0.9160200000000002,1,1
23.08.2021 02:06:33.053,0.91613,0.91604,1.25,1
23.08.2021 02:06:33.730,0.91614,0.91604,1.69,1.5
23.08.2021 02:06:33.832,0.91614,0.9160600000000001,1,1
23.08.2021 02:06:33.933,0.91615,0.9160600000000001,1.5,1
23.08.2021 02:06:45.403,0.91614,0.9160600000000001,1,1
23.08.2021 02:06:59.529,0.91615,0.9160600000000001,3.94,1
23.08.2021 02:07:54.531,0.91614,0.9160600000000001,1,1
23.08.2021 02:08:03.334,0.91614,0.91605,1.5,1
23.08.2021 02:08:04.605,0.91613,0.91605,1,1
23.08.2021 02:08:32.215,0.91613,0.9160600000000001,1,1
23.08.2021 02:08:32.993,0.91614,0.9160600000000001,1,1
23.08.2021 02:08:56.433,0.91613,0.91605,1.5,1
23.08.2021 02:08:56.593,0.91613,0.91604,3.19,1
23.08.2021 02:08:57.101,0.9161200000000002,0.91604,1,1
23.08.2021 02:08:57.203,0.91609,0.916,2.44,1
23.08.2021 02:08:57.304,0.9160600000000001,0.9159700000000001,3.75,1
23.08.2021 02:09:01.609,0.9160200000000002,0.91594,1.5,2.75
23.08.2021 02:09:01.710,0.9160200000000002,0.91594,1.5,1
23.08.2021 02:09:01.861,0.9160200000000002,0.91593,2.25,1.5
23.08.2021 02:09:06.690,0.91603,0.9159600000000001,1,1
23.08.2021 02:09:06.791,0.91605,0.91595,1,1
23.08.2021 02:09:09.924,0.91604,0.9159700000000001,1,1
23.08.2021 02:09:13.559,0.91603,0.91595,1,1
23.08.2021 02:09:18.903,0.91603,0.9159600000000001,1,1
23.08.2021 02:09:26.572,0.916,0.9159100000000001,1.87,3.31
23.08.2021 02:09:26.624,0.916,0.9159100000000001,2.81,1.12
23.08.2021 02:09:27.332,0.9160100000000001,0.91593,2.25,1
23.08.2021 02:09:27.433,0.91603,0.91595,1.1,1
23.08.2021 02:09:36.616,0.91604,0.9159600000000001,1.5,1
23.08.2021 02:09:49.380,0.9160600000000001,0.9159600000000001,2.44,1
23.08.2021 02:09:49.481,0.9160600000000001,0.9159700000000001,2.32,1
23.08.2021 02:09:49.582,0.9160600000000001,0.91598,1.57,1
23.08.2021 02:09:52.980,0.9160600000000001,0.9159700000000001,2.32,1
23.08.2021 02:10:01.002,0.9160700000000002,0.91598,3.64,1
23.08.2021 02:10:01.104,0.9160600000000001,0.91598,1,1
23.08.2021 02:10:06.903,0.9160600000000001,0.9159700000000001,1.1,1
23.08.2021 02:10:25.139,0.9160700000000002,0.9159700000000001,1,1
23.08.2021 02:10:28.757,0.9160600000000001,0.9159700000000001,2.51,1
23.08.2021 02:10:31.842,0.9160600000000001,0.9159700000000001,3.29,1
23.08.2021 02:10:32.414,0.9160600000000001,0.9159700000000001,3.64,1
23.08.2021 02:10:58.222,0.9160700000000002,0.9159700000000001,3.56,1.57
23.08.2021 02:11:11.957,0.91608,0.91598,2.44,1
23.08.2021 02:11:31.163,0.9160700000000002,0.916,1.5,1
23.08.2021 02:11:37.625,0.9160700000000002,0.91599,4.01,1
23.08.2021 02:11:42.528,0.9160700000000002,0.916,1.5,1
23.08.2021 02:12:08.525,0.9160700000000002,0.91599,2.57,1
23.08.2021 02:12:12.903,0.9160600000000001,0.91598,1.25,1
23.08.2021 02:12:14.111,0.9160600000000001,0.91599,1.25,1
23.08.2021 02:12:14.263,0.9160700000000002,0.91599,1.69,1
23.08.2021 02:12:35.218,0.9160700000000002,0.91599,1.75,1
23.08.2021 02:12:35.378,0.9160700000000002,0.91598,3.7,1
23.08.2021 02:12:35.479,0.9160700000000002,0.91599,3.7,1
23.08.2021 02:12:50.601,0.9160700000000002,0.91599,1.25,1
23.08.2021 02:12:51.025,0.9160700000000002,0.91599,2.95,1
23.08.2021 02:12:56.004,0.9160600000000001,0.91598,1.76,1
23.08.2021 02:12:57.208,0.9160600000000001,0.91598,1.79,1
23.08.2021 02:13:00.177,0.9160600000000001,0.91598,1.76,1
23.08.2021 02:13:10.769,0.9160600000000001,0.91598,1.79,1
23.08.2021 02:13:13.411,0.9160600000000001,0.91598,1.76,1
23.08.2021 02:13:27.602,0.9160700000000002,0.91598,1,1
23.08.2021 02:13:35.333,0.9160600000000001,0.91598,1,1
23.08.2021 02:13:40.866,0.9160700000000002,0.91598,1,1
23.08.2021 02:13:41.069,0.91608,0.91598,1.5,1
23.08.2021 02:13:41.170,0.9160700000000002,0.91598,1,1
23.08.2021 02:13:42.196,0.9160600000000001,0.91598,1.1,1
23.08.2021 02:13:54.433,0.9160700000000002,0.91598,4.31,1
23.08.2021 02:13:55.922,0.9160700000000002,0.9159700000000001,1,1
23.08.2021 02:14:15.131,0.9160700000000002,0.91598,3.94,1
23.08.2021 02:14:21.569,0.9160600000000001,0.91598,1,1
23.08.2021 02:14:22.024,0.9160700000000002,0.91598,4.31,1
23.08.2021 02:14:22.423,0.9160700000000002,0.9159700000000001,1.5,1
23.08.2021 02:14:31.855,0.9160700000000002,0.91598,4.39,1
23.08.2021 02:14:36.861,0.9160600000000001,0.9159700000000001,2.44,1
23.08.2021 02:14:39.519,0.91604,0.9159700000000001,1,1
23.08.2021 02:14:43.138,0.9160200000000002,0.9159700000000001,1,1
23.08.2021 02:14:43.273,0.9160200000000002,0.9159600000000001,1,1.5
23.08.2021 02:15:08.062,0.91603,0.91595,1,1.6
23.08.2021 02:15:08.427,0.9160200000000002,0.9159600000000001,1,1.57
23.08.2021 02:15:08.528,0.9160200000000002,0.9159700000000001,1,1
23.08.2021 02:15:18.169,0.91605,0.9159700000000001,1,1.5
23.08.2021 02:16:11.279,0.91603,0.9159600000000001,1.5,1
23.08.2021 02:16:11.381,0.916,0.91595,1,1
23.08.2021 02:16:11.533,0.9160100000000001,0.9159200000000001,1,1
23.08.2021 02:16:30.662,0.916,0.91594,1,1
23.08.2021 02:16:44.601,0.9160100000000001,0.9159100000000001,2.44,1
23.08.2021 02:16:44.703,0.91599,0.9159100000000001,1,1.5
23.08.2021 02:16:59.289,0.91599,0.9159200000000001,1,1
23.08.2021 02:17:13.945,0.9160200000000002,0.91594,1,1
23.08.2021 02:17:14.047,0.91603,0.9159700000000001,1,1
23.08.2021 02:17:14.148,0.9160600000000001,0.916,2.25,1
23.08.2021 02:17:14.249,0.9160700000000002,0.916,1,1
23.08.2021 02:17:20.474,0.9160600000000001,0.916,1,1
23.08.2021 02:17:20.575,0.9160600000000001,0.91599,1,1
23.08.2021 02:17:33.433,0.91605,0.91599,1,1
23.08.2021 02:17:38.566,0.91605,0.91598,1,1
23.08.2021 02:18:11.120,0.91605,0.9159700000000001,1,1.5
23.08.2021 02:19:09.991,0.91605,0.91598,1,1
23.08.2021 02:19:10.293,0.91608,0.9160200000000002,1,1
23.08.2021 02:19:10.394,0.91608,0.91603,1,1
23.08.2021 02:19:10.445,0.9161,0.91604,1,1
23.08.2021 02:19:10.546,0.91608,0.9160100000000001,1,1
23.08.2021 02:19:15.903,0.91609,0.91599,1.25,1.5
23.08.2021 02:19:18.340,0.91608,0.9160100000000001,1,1
23.08.2021 02:19:26.132,0.91608,0.916,1.5,1.5
23.08.2021 02:19:28.419,0.91608,0.9160100000000001,1.5,1
23.08.2021 02:19:35.059,0.91608,0.916,1,1.5
23.08.2021 02:19:40.792,0.91608,0.9160100000000001,1,1
23.08.2021 02:19:42.212,0.91608,0.916,1,1.5
23.08.2021 02:19:44.322,0.91608,0.9160100000000001,1,1
23.08.2021 02:20:01.983,0.9161,0.91603,1,1
23.08.2021 02:20:02.084,0.9161,0.91604,1,1
23.08.2021 02:20:06.440,0.9161,0.91603,1,1
23.08.2021 02:20:07.207,0.91608,0.916,1,2.25
23.08.2021 02:20:07.308,0.9160700000000002,0.916,1,1
23.08.2021 02:20:36.478,0.9160700000000002,0.9160100000000001,1,1
23.08.2021 02:20:39.725,0.91608,0.9160100000000001,1,1
23.08.2021 02:20:39.826,0.91609,0.9160100000000001,1,1
23.08.2021 02:20:41.383,0.91608,0.91603,1,1
23.08.2021 02:20:47.585,0.9161,0.91603,1,1
23.08.2021 02:20:47.636,0.91608,0.9160100000000001,1,1
23.08.2021 02:20:47.737,0.9160700000000002,0.9160100000000001,1.5,1
23.08.2021 02:20:51.904,0.9160700000000002,0.916,1,1
23.08.2021 02:20:55.146,0.91608,0.916,1.5,1
23.08.2021 02:20:55.248,0.91609,0.916,1.69,1.5
23.08.2021 02:20:55.350,0.9161,0.9160100000000001,1.5,1
23.08.2021 02:20:55.464,0.9161,0.91603,1.5,1
23.08.2021 02:20:56.883,0.9161200000000002,0.91605,1,1
23.08.2021 02:21:12.956,0.9161200000000002,0.9160600000000001,1,1
23.08.2021 02:21:13.059,0.91613,0.9160600000000001,1,1
23.08.2021 02:21:33.369,0.91613,0.9160700000000002,1,1
23.08.2021 02:21:35.382,0.91613,0.91605,1,1
23.08.2021 02:21:35.543,0.91613,0.9160700000000002,1,1
23.08.2021 02:21:35.682,0.91613,0.91605,1,1
23.08.2021 02:21:35.831,0.91613,0.9160700000000002,1,1
23.08.2021 02:21:36.012,0.91613,0.91605,1,1
23.08.2021 02:21:36.079,0.91613,0.9160700000000002,1,1
23.08.2021 02:21:36.282,0.91613,0.91605,1,1
23.08.2021 02:21:36.433,0.91614,0.9160600000000001,1,1
23.08.2021 02:21:42.850,0.91613,0.9160600000000001,1,1
23.08.2021 02:22:00.244,0.91613,0.91605,1.5,1
23.08.2021 02:22:16.679,0.91614,0.9160600000000001,1,1
23.08.2021 02:22:47.029,0.91615,0.9160600000000001,3.94,1
23.08.2021 02:23:01.156,0.91613,0.91605,1,1.5
23.08.2021 02:23:23.067,0.9161200000000002,0.91604,1,1.5
23.08.2021 02:23:30.830,0.91609,0.9160100000000001,2.25,1.5
23.08.2021 02:23:30.931,0.91609,0.9160100000000001,2.62,1
23.08.2021 02:23:33.991,0.91608,0.91599,1,1.5
23.08.2021 02:23:59.335,0.91608,0.916,1,1
23.08.2021 02:24:18.795,0.9161,0.9160200000000002,1.5,1
23.08.2021 02:24:24.903,0.9161100000000001,0.91603,1.69,1
23.08.2021 02:24:32.570,0.9161,0.9160200000000002,1,1.5
23.08.2021 02:24:40.448,0.9161100000000001,0.91603,1,1
23.08.2021 02:25:05.158,0.9161100000000001,0.9160200000000002,1.69,1
23.08.2021 02:25:29.933,0.9161,0.916,1,1.87
23.08.2021 02:25:33.292,0.9160700000000002,0.91599,1,1.5
23.08.2021 02:25:33.344,0.9160700000000002,0.91599,1,1.12
23.08.2021 02:25:33.450,0.9160700000000002,0.91598,1,1.5
23.08.2021 02:25:33.779,0.9160600000000001,0.91598,1,1
23.08.2021 02:25:36.431,0.9160700000000002,0.9159600000000001,1.5,1
23.08.2021 02:25:39.128,0.91603,0.9159700000000001,1,1
23.08.2021 02:25:46.884,0.9160600000000001,0.91598,1,1
23.08.2021 02:25:53.755,0.9160700000000002,0.91598,1,1
23.08.2021 02:26:02.469,0.9160600000000001,0.91598,1.25,1
23.08.2021 02:26:08.517,0.9160200000000002,0.9159600000000001,1,1
23.08.2021 02:26:09.910,0.9160200000000002,0.91595,1,1.2
23.08.2021 02:26:10.731,0.9160600000000001,0.9159700000000001,2.5,1
23.08.2021 02:26:11.222,0.9160600000000001,0.9159700000000001,1.69,1
23.08.2021 02:26:31.266,0.91605,0.9159700000000001,1,1
23.08.2021 02:26:48.665,0.9160700000000002,0.9159600000000001,1.25,1
23.08.2021 02:26:52.508,0.9160600000000001,0.91598,1.25,1
23.08.2021 02:27:06.801,0.9160600000000001,0.9159700000000001,1.76,1
23.08.2021 02:27:06.903,0.91605,0.9159600000000001,1,1.5
23.08.2021 02:27:12.904,0.9160600000000001,0.9159700000000001,1.76,1
23.08.2021 02:27:24.954,0.9160600000000001,0.9159700000000001,1.79,1
23.08.2021 02:27:25.105,0.9160600000000001,0.9159700000000001,1.76,1
23.08.2021 02:27:27.251,0.9160600000000001,0.9159700000000001,3.35,1
23.08.2021 02:27:46.528,0.9160600000000001,0.9159700000000001,1.76,1
23.08.2021 02:28:09.329,0.9160600000000001,0.9159700000000001,1.79,1
23.08.2021 02:28:59.520,0.9160600000000001,0.9159700000000001,1.95,1
23.08.2021 02:29:07.593,0.9160600000000001,0.91598,1,1
23.08.2021 02:29:07.694,0.9160700000000002,0.91598,1,2.25
23.08.2021 02:29:07.795,0.91608,0.91599,1.57,1
23.08.2021 02:29:08.174,0.9160700000000002,0.91598,1,2.25
23.08.2021 02:29:10.022,0.9160600000000001,0.91598,1,1
23.08.2021 02:29:10.475,0.9160600000000001,0.9159700000000001,1.5,1
23.08.2021 02:29:12.867,0.9160700000000002,0.9159700000000001,1.57,2.25
23.08.2021 02:29:14.055,0.9160600000000001,0.9159700000000001,1,2.25
23.08.2021 02:29:14.730,0.9160600000000001,0.9159600000000001,1.76,1.5
23.08.2021 02:29:18.576,0.9160600000000001,0.9159600000000001,1.79,1.5
23.08.2021 02:29:23.723,0.9160600000000001,0.9159600000000001,1.5,1.5
23.08.2021 02:29:24.705,0.91605,0.9159600000000001,1.01,1
23.08.2021 02:29:28.781,0.9160600000000001,0.9159600000000001,1.5,1.5
23.08.2021 02:29:29.780,0.9160600000000001,0.9159700000000001,1.5,1
23.08.2021 02:29:29.881,0.9160700000000002,0.9159700000000001,1,1
23.08.2021 02:29:31.106,0.9160700000000002,0.91598,1.1,1.5
23.08.2021 02:29:31.460,0.9160700000000002,0.9159700000000001,1.57,1.5
23.08.2021 02:29:31.561,0.91608,0.9159600000000001,2.57,1.5
23.08.2021 02:29:33.665,0.91605,0.9159700000000001,1,1
23.08.2021 02:29:33.867,0.9160600000000001,0.9159700000000001,1.1,1.5
23.08.2021 02:30:24.876,0.9160600000000001,0.9159600000000001,1.76,1.5
23.08.2021 02:30:24.978,0.9160700000000002,0.91595,3.32,1.5
23.08.2021 02:30:32.174,0.9160600000000001,0.9159600000000001,1.01,1
23.08.2021 02:31:27.186,0.9160600000000001,0.9159700000000001,1.5,1
23.08.2021 02:31:57.559,0.91608,0.9159700000000001,1.5,1
23.08.2021 02:31:57.660,0.91608,0.91598,1.95,1.5
23.08.2021 02:31:57.761,0.91608,0.91599,1.87,1
23.08.2021 02:32:13.690,0.9160700000000002,0.9159700000000001,1.5,2.25
23.08.2021 02:32:13.791,0.9160700000000002,0.91598,1,1
23.08.2021 02:32:17.966,0.91605,0.91598,1,1
23.08.2021 02:32:18.120,0.9160600000000001,0.91598,1,1
23.08.2021 02:32:19.246,0.91605,0.91598,1,1
23.08.2021 02:32:20.996,0.9160600000000001,0.91598,1,1
23.08.2021 02:32:21.833,0.91605,0.91598,1,1
23.08.2021 02:32:21.935,0.91605,0.9159600000000001,1,2.45
23.08.2021 02:32:22.036,0.91605,0.9159600000000001,1,1.87
23.08.2021 02:33:05.520,0.91604,0.9159600000000001,1,1
23.08.2021 02:33:05.621,0.91604,0.91595,1,1.87
23.08.2021 02:33:05.722,0.91598,0.9159,1,2.25
23.08.2021 02:33:05.824,0.91598,0.91589,1,2.62
23.08.2021 02:34:08.945,0.91599,0.9159,2.06,1
23.08.2021 02:34:33.480,0.9160100000000001,0.91593,1.69,1
23.08.2021 02:34:33.581,0.9160100000000001,0.91594,1,1
23.08.2021 02:34:34.502,0.9160200000000002,0.91594,1,1
23.08.2021 02:34:45.535,0.91603,0.9159200000000001,1.69,1
23.08.2021 02:34:48.902,0.9160100000000001,0.91593,1,1
23.08.2021 02:34:53.243,0.9160200000000002,0.91593,1,1.5
23.08.2021 02:35:44.136,0.9160200000000002,0.91593,2.95,1
23.08.2021 02:35:44.238,0.9160100000000001,0.9159200000000001,1.25,1.5
23.08.2021 02:35:44.400,0.9160200000000002,0.91593,2.95,1
23.08.2021 02:35:44.817,0.9160200000000002,0.91593,2.14,1
23.08.2021 02:35:48.761,0.9160200000000002,0.91593,2.2,1
23.08.2021 02:35:48.862,0.91598,0.9159100000000001,1.5,1
23.08.2021 02:35:53.751,0.916,0.9159100000000001,4.76,1
23.08.2021 02:36:08.202,0.91598,0.9159100000000001,1,1
23.08.2021 02:36:12.455,0.91599,0.9159100000000001,1.76,1
23.08.2021 02:36:17.350,0.91599,0.9159100000000001,1.1,1
23.08.2021 02:36:20.340,0.91599,0.9159100000000001,1.1,1
23.08.2021 02:36:44.516,0.91598,0.9159100000000001,1.57,1
23.08.2021 02:36:48.760,0.91599,0.9159100000000001,1.95,1
23.08.2021 02:36:53.005,0.91598,0.9159100000000001,1.57,1
23.08.2021 02:37:00.719,0.91599,0.9159100000000001,3.64,1
23.08.2021 02:37:28.464,0.91599,0.9159,1,1
23.08.2021 02:37:28.793,0.91599,0.9159100000000001,2.89,1
23.08.2021 02:37:49.756,0.91599,0.9159100000000001,2.95,1
23.08.2021 02:37:49.807,0.91598,0.91589,1.79,1
23.08.2021 02:38:08.022,0.9159700000000001,0.91589,2.22,1
23.08.2021 02:38:08.124,0.9159700000000001,0.9158799999999999,1.01,1
23.08.2021 02:38:08.225,0.9159600000000001,0.91589,1.35,1
23.08.2021 02:38:11.758,0.9159600000000001,0.9158799999999999,1.79,1
23.08.2021 02:38:12.107,0.9159100000000001,0.91584,1,1
23.08.2021 02:38:12.208,0.9159100000000001,0.9158299999999999,1.1,1
23.08.2021 02:38:12.310,0.9159100000000001,0.9158299999999999,1.1,1
23.08.2021 02:38:32.991,0.9159100000000001,0.9158299999999999,1.1,1
23.08.2021 02:38:33.092,0.9159200000000001,0.91584,1.01,1
23.08.2021 02:38:33.194,0.91593,0.91585,1.35,1
23.08.2021 02:38:35.376,0.91593,0.91585,1,1
23.08.2021 02:38:36.581,0.91593,0.9158600000000001,1,1
23.08.2021 02:39:01.634,0.91594,0.9158600000000001,1.5,1
23.08.2021 02:39:16.347,0.91593,0.91585,1,1
23.08.2021 02:39:16.449,0.91593,0.9158200000000001,1.25,1.5
23.08.2021 02:39:16.550,0.9159200000000001,0.9158100000000001,1.76,1
23.08.2021 02:39:21.953,0.9159200000000001,0.9158100000000001,1.35,1
23.08.2021 02:39:29.391,0.9159,0.9158100000000001,1.1,1
23.08.2021 02:40:07.004,0.9159100000000001,0.9158100000000001,1.41,1.5
23.08.2021 02:40:07.107,0.9159100000000001,0.9158100000000001,1.39,1.5
23.08.2021 02:40:12.212,0.9159200000000001,0.9158100000000001,1.39,1
23.08.2021 02:40:18.134,0.9159100000000001,0.9158200000000001,1.41,1
23.08.2021 02:40:23.839,0.9159,0.9158200000000001,2.22,1
23.08.2021 02:40:32.329,0.9159200000000001,0.9158100000000001,2.97,1
23.08.2021 02:41:10.058,0.9159100000000001,0.9158299999999999,1.41,1
23.08.2021 02:41:11.310,0.9159200000000001,0.9158200000000001,1.01,1
23.08.2021 02:41:39.803,0.9159200000000001,0.9158299999999999,2.89,1
23.08.2021 02:41:46.144,0.9159200000000001,0.9158299999999999,2.91,1
23.08.2021 02:42:33.820,0.9159,0.9158299999999999,1.1,1
23.08.2021 02:42:33.921,0.9159,0.9158299999999999,1.82,1
23.08.2021 02:42:34.030,0.9159,0.9158200000000001,1.82,1
23.08.2021 02:42:34.132,0.9159,0.9158200000000001,1.01,1
23.08.2021 02:42:34.716,0.9159,0.9158200000000001,1.85,1
23.08.2021 02:42:49.267,0.91589,0.9158200000000001,2.2,1
23.08.2021 02:42:49.384,0.9159,0.9158100000000001,1.39,1
23.08.2021 02:42:49.485,0.91589,0.9158200000000001,2.6,1
23.08.2021 02:42:51.291,0.91589,0.9158200000000001,1.76,1
23.08.2021 02:42:51.447,0.91589,0.9158100000000001,1.39,1
23.08.2021 02:42:53.059,0.9159,0.9158200000000001,1.85,1
23.08.2021 02:43:00.337,0.9159100000000001,0.9158200000000001,2.97,1
23.08.2021 02:43:14.276,0.91589,0.9158200000000001,1.25,1
23.08.2021 02:43:14.545,0.9158799999999999,0.9158200000000001,1.25,1
23.08.2021 02:43:14.646,0.91589,0.9158200000000001,1.01,1
23.08.2021 02:43:28.591,0.9159100000000001,0.9158200000000001,2.97,1
23.08.2021 02:43:32.697,0.91589,0.9158200000000001,1.01,1
23.08.2021 02:43:37.560,0.9159100000000001,0.9158100000000001,1.01,1
23.08.2021 02:43:45.302,0.9159,0.9158299999999999,1.35,1
23.08.2021 02:43:45.412,0.9158700000000001,0.9158000000000001,1.39,1
23.08.2021 02:43:45.463,0.91585,0.91579,1,1
23.08.2021 02:43:48.920,0.9158600000000001,0.9157799999999999,1.35,1
23.08.2021 02:43:55.291,0.9158600000000001,0.9157799999999999,1.01,1
23.08.2021 02:44:11.381,0.9158799999999999,0.91579,1.1,1
23.08.2021 02:44:11.432,0.9159,0.9158100000000001,2.14,1
23.08.2021 02:44:11.534,0.9159,0.9158200000000001,1.01,1
23.08.2021 02:44:11.833,0.9159100000000001,0.9158200000000001,2.14,1
23.08.2021 02:44:19.620,0.9159200000000001,0.9158299999999999,2.91,1
23.08.2021 02:44:42.587,0.9159200000000001,0.9158299999999999,2.89,1
23.08.2021 02:44:43.106,0.9159200000000001,0.9158299999999999,2.91,1
23.08.2021 02:45:09.409,0.9159100000000001,0.9158200000000001,3.1,1
23.08.2021 02:45:54.364,0.9159100000000001,0.9158200000000001,2.14,1
23.08.2021 02:46:36.400,0.9159,0.9158200000000001,1.76,1
23.08.2021 02:46:36.729,0.9159,0.9158100000000001,3.26,1
23.08.2021 02:46:36.830,0.9159,0.9158100000000001,3.29,1
23.08.2021 02:46:37.768,0.9158799999999999,0.9158000000000001,2.51,1
23.08.2021 02:46:37.869,0.9158799999999999,0.91579,4.47,1
23.08.2021 02:46:37.970,0.9158600000000001,0.9157799999999999,1,1
23.08.2021 02:46:38.071,0.9158799999999999,0.9157799999999999,4.47,1
23.08.2021 02:47:14.052,0.91589,0.9157700000000001,3.35,1
23.08.2021 02:48:08.068,0.9158700000000001,0.9157700000000001,1.6,1
23.08.2021 02:48:14.061,0.9158700000000001,0.9157700000000001,1.5,1.5
23.08.2021 02:48:29.272,0.9158600000000001,0.9157700000000001,1.35,1
23.08.2021 02:48:29.373,0.9158600000000001,0.9157600000000001,1.79,1
23.08.2021 02:48:53.830,0.9158600000000001,0.9157600000000001,1.69,1
23.08.2021 02:48:59.247,0.9158600000000001,0.9157600000000001,1.79,1
23.08.2021 02:49:13.561,0.9158600000000001,0.9157600000000001,1.69,1
23.08.2021 02:49:18.154,0.9158600000000001,0.9157600000000001,2.5,1
23.08.2021 02:49:50.171,0.9158299999999999,0.91574,1.1,1.5
23.08.2021 02:49:50.272,0.9158299999999999,0.91574,2.54,1
23.08.2021 02:49:50.373,0.91584,0.9157200000000001,3.29,1.87
23.08.2021 02:50:30.264,0.91584,0.9157299999999999,1.57,1
23.08.2021 02:50:42.398,0.91584,0.91574,2.89,1.5
23.08.2021 02:50:43.164,0.9158100000000001,0.9157299999999999,1.01,1.12
23.08.2021 02:50:43.266,0.9158100000000001,0.9157200000000001,3.07,1
23.08.2021 02:50:49.797,0.9158100000000001,0.9157200000000001,1.79,1
23.08.2021 02:50:49.949,0.9158100000000001,0.9157200000000001,1,1.5
23.08.2021 02:51:44.923,0.91584,0.9157600000000001,3.19,1.12
23.08.2021 02:51:45.026,0.9158600000000001,0.9157700000000001,1.25,1
23.08.2021 02:51:45.077,0.9159,0.91579,1.95,1
23.08.2021 02:52:15.626,0.9158799999999999,0.91579,1.1,1.87
23.08.2021 02:52:15.728,0.91585,0.9157700000000001,1,1.12
23.08.2021 02:52:15.829,0.9158600000000001,0.9157700000000001,1.39,1.5
23.08.2021 02:52:15.930,0.91585,0.9157700000000001,1,1
23.08.2021 02:52:19.587,0.9158700000000001,0.9157700000000001,2.22,1.5
23.08.2021 02:52:21.318,0.9158700000000001,0.9157799999999999,2.16,1
23.08.2021 02:52:27.160,0.9158700000000001,0.91579,1.41,1
23.08.2021 02:52:27.262,0.9158700000000001,0.91579,1.31,1
23.08.2021 02:52:27.363,0.9158700000000001,0.9158000000000001,1,1
23.08.2021 02:52:27.464,0.9158700000000001,0.9158100000000001,1,1
23.08.2021 02:52:31.416,0.91589,0.9158100000000001,1.1,1
23.08.2021 02:52:31.568,0.9159,0.9158100000000001,1.01,1
