Gmt time,Ask,Bid,AskVolume,BidVolume
11.08.2021 00:00:00.958,0.9230700000000002,0.92295,1.25,1.95
11.08.2021 00:00:01.059,0.9230700000000002,0.92295,1.25,1.97
11.08.2021 00:00:05.035,0.9230600000000001,0.9229600000000001,1,1.1
11.08.2021 00:00:05.137,0.92304,0.92294,1.5,1.1
11.08.2021 00:00:05.239,0.92303,0.9229299999999999,1.5,1.1
11.08.2021 00:00:05.341,0.9230100000000001,0.9229100000000001,1,1
11.08.2021 00:00:05.442,0.923,0.9229100000000001,1,1.25
11.08.2021 00:00:05.859,0.923,0.9229,1,1.1
11.08.2021 00:00:06.213,0.92299,0.92289,1,1.76
11.08.2021 00:00:12.333,0.923,0.9228799999999999,1,2.57
11.08.2021 00:00:12.434,0.923,0.92289,1,2.57
11.08.2021 00:00:13.048,0.923,0.92289,1,1.76
11.08.2021 00:00:13.149,0.92299,0.92289,1,1.76
11.08.2021 00:00:16.457,0.92299,0.92289,1,2.57
11.08.2021 00:00:17.449,0.92299,0.92289,1,1.76
11.08.2021 00:00:17.972,0.92299,0.92289,1,2.57
11.08.2021 00:00:18.870,0.92299,0.92289,1,1.76
11.08.2021 00:00:29.945,0.92299,0.92289,1,2.57
11.08.2021 00:00:30.050,0.923,0.9229,1,1.25
11.08.2021 00:00:31.202,0.92299,0.92289,1,1.01
11.08.2021 00:00:37.060,0.92299,0.92289,1,1.82
11.08.2021 00:00:38.475,0.923,0.9229,1,2.57
11.08.2021 00:00:39.865,0.923,0.9229,1,1.5
11.08.2021 00:00:48.803,0.9230100000000001,0.9229100000000001,1,1.25
11.08.2021 00:00:51.825,0.9230100000000001,0.9228799999999999,1,1.69
11.08.2021 00:00:56.388,0.923,0.92289,1,2.76
11.08.2021 00:00:56.545,0.923,0.92289,1,1.69
11.08.2021 00:01:02.391,0.92299,0.92289,1,1.76
11.08.2021 00:01:12.291,0.92299,0.9228799999999999,1,2.89
11.08.2021 00:01:12.508,0.92298,0.9228799999999999,1,2.14
11.08.2021 00:01:12.609,0.92299,0.9228799999999999,1.5,2.14
11.08.2021 00:01:48.970,0.92299,0.9229,1,1
11.08.2021 00:01:49.071,0.92299,0.92289,1,1.25
11.08.2021 00:01:49.172,0.9230200000000001,0.9229200000000001,1.5,1.76
11.08.2021 00:01:49.274,0.92304,0.92295,1,1
11.08.2021 00:01:49.375,0.92304,0.92294,1,2.51
11.08.2021 00:01:50.505,0.9230600000000001,0.9229600000000001,1.5,1.57
11.08.2021 00:01:50.606,0.9230600000000001,0.9229600000000001,1,3.91
11.08.2021 00:01:50.707,0.9231100000000001,0.9230100000000001,2.75,1.75
11.08.2021 00:01:50.758,0.9231100000000001,0.9230100000000001,1.5,1
11.08.2021 00:01:52.747,0.9231,0.9230100000000001,1,1.1
11.08.2021 00:01:54.643,0.9231,0.923,1,1.57
11.08.2021 00:01:55.071,0.9231,0.9230100000000001,1,1
11.08.2021 00:01:55.142,0.92314,0.92304,1.87,1
11.08.2021 00:01:57.056,0.9231700000000002,0.92304,1.25,2.35
11.08.2021 00:01:57.160,0.92315,0.92305,1,2.32
11.08.2021 00:01:57.261,0.9231700000000002,0.9230700000000002,1,1.1
11.08.2021 00:01:58.646,0.9231600000000001,0.9230700000000002,1,1
11.08.2021 00:02:01.075,0.92315,0.9230700000000002,1,1
11.08.2021 00:02:03.920,0.92315,0.9230600000000001,1,1
11.08.2021 00:02:06.166,0.92315,0.9230700000000002,1,1
11.08.2021 00:02:07.343,0.9231600000000001,0.9230700000000002,1,1
11.08.2021 00:02:10.190,0.9231600000000001,0.9230600000000001,1,1.5
11.08.2021 00:02:10.393,0.9231600000000001,0.9230600000000001,1.75,1
11.08.2021 00:02:13.161,0.9231600000000001,0.9230600000000001,1.25,1
11.08.2021 00:02:13.414,0.9231600000000001,0.9230600000000001,1.25,1
11.08.2021 00:02:13.515,0.9231600000000001,0.92305,1.75,1.57
11.08.2021 00:02:13.770,0.9231600000000001,0.9230600000000001,1.75,1
11.08.2021 00:02:14.418,0.9231600000000001,0.9230600000000001,1.69,1
11.08.2021 00:02:43.502,0.9231600000000001,0.9230700000000002,1.5,1
11.08.2021 00:02:53.720,0.9231700000000002,0.9230700000000002,1.69,1
11.08.2021 00:02:57.647,0.9231600000000001,0.9230700000000002,1,1
11.08.2021 00:02:57.748,0.9231600000000001,0.9230600000000001,1.69,1
11.08.2021 00:02:58.155,0.9231200000000002,0.9230200000000001,1.69,2.7
11.08.2021 00:02:58.308,0.9231,0.923,1,1.95
11.08.2021 00:03:00.110,0.92309,0.92299,1.5,1.5
11.08.2021 00:03:00.211,0.92308,0.92299,1,1
11.08.2021 00:03:06.476,0.92308,0.9229600000000001,1,1.5
11.08.2021 00:03:11.695,0.92308,0.92298,1.69,1
11.08.2021 00:03:16.679,0.9230700000000002,0.92298,1,1
11.08.2021 00:03:23.903,0.92308,0.92298,2.25,2.25
11.08.2021 00:03:31.435,0.92308,0.92298,2.5,2.25
11.08.2021 00:03:31.536,0.92308,0.92298,2.44,2.25
11.08.2021 00:03:38.665,0.92308,0.92298,2.5,2.25
11.08.2021 00:03:38.766,0.92308,0.92298,2.44,2.25
11.08.2021 00:03:38.967,0.92308,0.92298,2.5,2.25
11.08.2021 00:03:39.283,0.92308,0.92298,2.44,2.25
11.08.2021 00:03:39.384,0.92308,0.92298,2.5,2.25
11.08.2021 00:03:39.903,0.92308,0.92298,2.44,2.25
11.08.2021 00:03:40.004,0.92308,0.92298,2.5,2.25
11.08.2021 00:03:40.218,0.92308,0.92298,2.44,2.25
11.08.2021 00:03:42.100,0.92308,0.92298,2.5,2.25
11.08.2021 00:03:42.202,0.92308,0.92298,2.44,2.25
11.08.2021 00:03:42.308,0.92308,0.92298,2.5,2.25
11.08.2021 00:03:42.524,0.92308,0.92298,2.44,2.25
11.08.2021 00:03:42.681,0.92308,0.92298,2.5,2.25
11.08.2021 00:03:42.782,0.92308,0.92298,2.44,2.25
11.08.2021 00:03:43.526,0.92308,0.92298,2.5,2.25
11.08.2021 00:03:43.627,0.92308,0.92298,2.44,2.25
11.08.2021 00:03:43.779,0.92308,0.92298,2.5,2.25
11.08.2021 00:03:43.880,0.92308,0.92298,2.44,2.25
11.08.2021 00:03:44.514,0.92308,0.92298,2.5,2.25
11.08.2021 00:03:44.615,0.92308,0.92298,2.44,2.25
11.08.2021 00:03:44.806,0.92308,0.92298,2.5,2.25
11.08.2021 00:03:44.907,0.92308,0.92298,2.44,2.25
11.08.2021 00:03:48.111,0.92308,0.92298,2.57,1
11.08.2021 00:03:48.212,0.92309,0.9229700000000001,2.44,1
11.08.2021 00:03:48.932,0.92308,0.92298,3.51,1
11.08.2021 00:03:49.113,0.92308,0.92298,2.7,1
11.08.2021 00:03:54.630,0.92308,0.92298,2.25,2
11.08.2021 00:03:54.680,0.9231100000000001,0.9230200000000001,1,1.5
11.08.2021 00:03:54.782,0.9231200000000002,0.9230200000000001,2.44,2.25
11.08.2021 00:03:54.883,0.9231200000000002,0.92303,1.69,1
11.08.2021 00:03:54.984,0.92315,0.92304,1,1.5
11.08.2021 00:03:55.085,0.92314,0.9230600000000001,1,1
11.08.2021 00:04:02.331,0.92314,0.92305,1.25,1
11.08.2021 00:04:03.144,0.92314,0.9230600000000001,1,1
11.08.2021 00:04:09.241,0.9231600000000001,0.92305,1,1
11.08.2021 00:04:56.530,0.9231600000000001,0.9230600000000001,1.5,1.5
11.08.2021 00:05:17.806,0.9231600000000001,0.9230700000000002,1,1
11.08.2021 00:05:17.957,0.9232100000000001,0.9231200000000002,1.5,1
11.08.2021 00:05:18.058,0.9232200000000002,0.9231200000000002,1.5,1.5
11.08.2021 00:05:18.160,0.9232200000000002,0.92313,1,1.12
11.08.2021 00:05:18.631,0.92323,0.92313,1.69,1.87
11.08.2021 00:05:20.915,0.92323,0.92313,2.69,1.87
11.08.2021 00:05:21.186,0.9232400000000001,0.9231200000000002,1.69,1.87
11.08.2021 00:05:22.615,0.92323,0.92313,2.69,1.87
11.08.2021 00:05:22.717,0.92323,0.92313,1.69,1.87
11.08.2021 00:05:24.225,0.92323,0.92314,1.25,1
11.08.2021 00:05:24.684,0.9232400000000001,0.92314,2.44,1.5
11.08.2021 00:06:19.662,0.9232400000000001,0.92315,1,1
11.08.2021 00:06:34.340,0.92325,0.92315,1.5,1.5
11.08.2021 00:06:47.766,0.9232400000000001,0.92314,1.25,1
11.08.2021 00:06:47.968,0.9232400000000001,0.92314,1.94,1
11.08.2021 00:06:48.256,0.92323,0.92314,1.5,1
11.08.2021 00:06:48.306,0.9232400000000001,0.92314,1.25,1
11.08.2021 00:06:51.086,0.92323,0.92313,1,1.95
11.08.2021 00:07:26.964,0.9232400000000001,0.92314,1,1
11.08.2021 00:07:32.917,0.92323,0.92313,1,1.95
11.08.2021 00:07:33.019,0.9232400000000001,0.92314,1.69,1
11.08.2021 00:07:38.393,0.92323,0.92313,1,1.95
11.08.2021 00:07:38.696,0.92319,0.9231100000000001,1,1
11.08.2021 00:07:38.797,0.92319,0.9231,1,1
11.08.2021 00:07:41.306,0.92319,0.92309,2.14,1.5
11.08.2021 00:07:41.408,0.9231700000000002,0.92309,1,1
11.08.2021 00:07:55.027,0.9231700000000002,0.9230700000000002,1.5,1.57
11.08.2021 00:07:57.108,0.9231700000000002,0.9230600000000001,1.01,1
11.08.2021 00:07:57.209,0.9231600000000001,0.9230600000000001,3.64,1
11.08.2021 00:07:57.310,0.92315,0.92305,1.31,1.95
11.08.2021 00:07:57.929,0.92315,0.92305,1.75,2.32
11.08.2021 00:08:01.496,0.9231600000000001,0.92304,1.31,2.32
11.08.2021 00:08:10.401,0.92315,0.9230600000000001,1.25,1
11.08.2021 00:08:12.181,0.92315,0.92305,1.69,2.32
11.08.2021 00:08:12.667,0.92314,0.92305,1.25,2.25
11.08.2021 00:08:12.768,0.9231600000000001,0.92304,1.76,2.25
11.08.2021 00:08:27.136,0.9231100000000001,0.9230200000000001,1.5,1.5
11.08.2021 00:08:27.237,0.9231100000000001,0.9230100000000001,3.26,1.5
11.08.2021 00:08:27.338,0.92309,0.9230100000000001,1,1
11.08.2021 00:08:27.439,0.9231,0.92299,1.57,1
11.08.2021 00:08:27.614,0.92309,0.92299,2.32,1.5
11.08.2021 00:08:29.143,0.9230700000000002,0.92299,1,1
11.08.2021 00:08:39.869,0.9230600000000001,0.9229700000000001,1,1.1
11.08.2021 00:08:42.129,0.9230700000000002,0.9229700000000001,1,1.57
11.08.2021 00:09:37.151,0.9230700000000002,0.92298,1,1
11.08.2021 00:09:37.303,0.92308,0.92298,1.57,1.5
11.08.2021 00:10:02.779,0.9231,0.9230100000000001,1,1.57
11.08.2021 00:10:02.881,0.9231200000000002,0.9230200000000001,1.5,1.76
11.08.2021 00:10:05.199,0.9231200000000002,0.92303,1.5,1
11.08.2021 00:10:05.251,0.92314,0.92305,1.12,1
11.08.2021 00:10:20.823,0.92315,0.92305,1.25,1.5
11.08.2021 00:10:22.737,0.9231700000000002,0.92305,1.69,1
11.08.2021 00:10:33.921,0.92313,0.92303,1.5,1.57
11.08.2021 00:10:34.023,0.9231,0.92304,1,1.1
11.08.2021 00:10:35.141,0.92315,0.92305,1.76,1
11.08.2021 00:11:22.177,0.92315,0.9230600000000001,1,1
11.08.2021 00:11:22.292,0.9231700000000002,0.92305,1.57,1.5
11.08.2021 00:11:28.711,0.9231600000000001,0.9230700000000002,1,1
11.08.2021 00:11:32.610,0.9231600000000001,0.92308,1.5,1
11.08.2021 00:11:35.844,0.9231600000000001,0.9230700000000002,1.5,1
11.08.2021 00:12:06.673,0.9231600000000001,0.9230600000000001,1.5,2.32
11.08.2021 00:13:13.028,0.92315,0.9230600000000001,1,1.57
11.08.2021 00:13:39.747,0.9231700000000002,0.92308,1,1.5
11.08.2021 00:13:39.849,0.9231600000000001,0.9230600000000001,1,1.5
11.08.2021 00:13:58.332,0.92315,0.9230600000000001,1,1
11.08.2021 00:14:28.737,0.92315,0.92305,1,1.76
11.08.2021 00:14:28.940,0.92314,0.92305,1,1.25
11.08.2021 00:14:36.065,0.92315,0.92305,1.5,1.69
11.08.2021 00:15:06.492,0.92305,0.92299,1.25,3.12
11.08.2021 00:15:06.543,0.9230600000000001,0.9229600000000001,1.5,1.6
11.08.2021 00:15:06.645,0.9230600000000001,0.9229600000000001,1,1.57
11.08.2021 00:15:08.397,0.9230700000000002,0.9229700000000001,2.06,1
11.08.2021 00:15:15.987,0.9230700000000002,0.92295,1,1.79
11.08.2021 00:15:33.268,0.9230700000000002,0.9229700000000001,1.5,1.1
11.08.2021 00:15:33.370,0.9230700000000002,0.9229700000000001,1,1.6
11.08.2021 00:15:33.471,0.9231,0.92303,1,2.57
11.08.2021 00:15:33.623,0.92314,0.92305,1,1
11.08.2021 00:16:11.154,0.9231100000000001,0.923,1.5,2.72
11.08.2021 00:16:11.255,0.92308,0.92299,1,1
11.08.2021 00:16:11.356,0.9230700000000002,0.9229700000000001,1.5,1.76
11.08.2021 00:16:26.658,0.9230700000000002,0.92298,1,1.01
11.08.2021 00:16:32.581,0.9230700000000002,0.9229700000000001,1,1.76
11.08.2021 00:16:32.792,0.92304,0.9229700000000001,1,1.76
11.08.2021 00:16:33.753,0.9230700000000002,0.9229700000000001,1,1.76
11.08.2021 00:16:33.881,0.9230700000000002,0.92298,1,1.01
11.08.2021 00:16:33.994,0.9230700000000002,0.9229700000000001,1,2.14
11.08.2021 00:16:36.193,0.9230700000000002,0.92299,1,1
11.08.2021 00:16:36.294,0.9230700000000002,0.9229700000000001,1,3.91
11.08.2021 00:16:36.840,0.9230700000000002,0.92299,1,1
11.08.2021 00:16:36.946,0.92309,0.923,1,1
11.08.2021 00:16:43.408,0.92308,0.92299,1,1
11.08.2021 00:16:43.509,0.9230700000000002,0.92298,1,1.5
11.08.2021 00:16:43.611,0.92308,0.92298,1.5,1.5
11.08.2021 00:16:47.006,0.92308,0.92299,1,1
11.08.2021 00:16:52.565,0.9230700000000002,0.92298,1,1
11.08.2021 00:17:02.999,0.92305,0.92298,1,1
11.08.2021 00:17:03.293,0.9230700000000002,0.92298,1,1
11.08.2021 00:17:08.209,0.9230700000000002,0.9229700000000001,1.69,1.57
11.08.2021 00:17:24.913,0.9230700000000002,0.92298,1,1.1
11.08.2021 00:17:25.562,0.9230700000000002,0.9229700000000001,1.5,1.76
11.08.2021 00:17:26.961,0.9231,0.92298,1.87,1.01
11.08.2021 00:17:27.063,0.92309,0.923,1,1
11.08.2021 00:17:27.319,0.92308,0.92299,1,1
11.08.2021 00:17:27.420,0.92308,0.92298,1.87,1.69
11.08.2021 00:17:31.678,0.9230700000000002,0.92298,1,1.25
11.08.2021 00:17:34.136,0.9230600000000001,0.9229700000000001,1,1.01
11.08.2021 00:17:34.439,0.92304,0.9229700000000001,1,1.01
11.08.2021 00:18:05.117,0.9230600000000001,0.9229700000000001,1,1.1
11.08.2021 00:19:04.299,0.9230700000000002,0.92298,1,1.25
11.08.2021 00:19:04.450,0.9230700000000002,0.9229700000000001,1.5,1.57
11.08.2021 00:19:11.017,0.9230700000000002,0.92298,1,1.1
11.08.2021 00:19:11.121,0.9230700000000002,0.9229700000000001,1.5,1.76
11.08.2021 00:19:16.084,0.92304,0.9229700000000001,1,1.57
11.08.2021 00:19:18.714,0.9231,0.92303,1,2.25
11.08.2021 00:19:18.817,0.9231,0.92304,1,2.51
11.08.2021 00:19:18.868,0.92315,0.92305,1.87,1
11.08.2021 00:19:38.879,0.92315,0.9230600000000001,2.25,1
11.08.2021 00:19:52.828,0.92314,0.9230600000000001,1,1
11.08.2021 00:19:53.612,0.9231600000000001,0.92305,2.25,1
11.08.2021 00:20:53.528,0.92315,0.9230700000000002,1,1
11.08.2021 00:21:33.888,0.92315,0.9230600000000001,1,1.5
11.08.2021 00:22:23.783,0.92309,0.9230200000000001,1.5,1
11.08.2021 00:22:23.844,0.92308,0.923,1,2.25
11.08.2021 00:22:23.895,0.9230600000000001,0.923,1,1
11.08.2021 00:22:23.946,0.92308,0.923,1,1
11.08.2021 00:22:24.954,0.92308,0.92299,1.5,2.25
11.08.2021 00:22:26.602,0.92308,0.92298,1.5,1.1
11.08.2021 00:22:27.380,0.9230700000000002,0.92298,1,1.1
11.08.2021 00:22:29.013,0.9230600000000001,0.92298,1,1
11.08.2021 00:22:30.480,0.9230600000000001,0.9229700000000001,1,1.5
11.08.2021 00:23:01.003,0.92305,0.9229700000000001,1,1.5
11.08.2021 00:23:01.255,0.9230600000000001,0.9229700000000001,1.5,1.5
11.08.2021 00:23:34.107,0.9230700000000002,0.92298,1,1
11.08.2021 00:23:35.023,0.92308,0.92299,1.5,1.1
11.08.2021 00:23:35.073,0.9231100000000001,0.9230200000000001,1,2.51
11.08.2021 00:23:35.175,0.9231100000000001,0.92303,1,2.32
11.08.2021 00:23:35.226,0.92313,0.92304,1,2.32
11.08.2021 00:23:35.654,0.92313,0.92305,1,1
11.08.2021 00:23:36.807,0.92314,0.92305,1.5,1
11.08.2021 00:23:43.161,0.92315,0.9230600000000001,1.5,1
11.08.2021 00:23:43.363,0.9231600000000001,0.9230600000000001,1.5,1.69
11.08.2021 00:23:52.052,0.9231600000000001,0.9230700000000002,1,1.01
11.08.2021 00:24:15.708,0.92315,0.9230600000000001,1,2.54
11.08.2021 00:24:35.076,0.9231600000000001,0.9230600000000001,1,3.72
11.08.2021 00:24:37.992,0.9231600000000001,0.92309,1,1
11.08.2021 00:24:38.043,0.92315,0.9230700000000002,1,1
11.08.2021 00:24:38.144,0.92315,0.92305,1.5,2.91
11.08.2021 00:25:31.834,0.92314,0.9230600000000001,1,1.1
11.08.2021 00:25:35.189,0.92315,0.9230600000000001,1.5,1.1
11.08.2021 00:25:49.295,0.92314,0.92305,1,1.5
11.08.2021 00:25:49.497,0.92314,0.92305,1,2.57
11.08.2021 00:25:50.374,0.92315,0.92305,1.5,2.57
11.08.2021 00:25:50.476,0.92313,0.92305,1,1.69
11.08.2021 00:25:51.506,0.92315,0.92305,1.5,1.69
11.08.2021 00:26:48.994,0.92315,0.92305,1.5,2.57
11.08.2021 00:27:00.083,0.92315,0.92305,1.5,1.76
11.08.2021 00:27:12.201,0.92314,0.92305,1,1.01
11.08.2021 00:27:23.128,0.92314,0.92304,1,2.14
11.08.2021 00:27:33.683,0.92314,0.92304,1,4.07
11.08.2021 00:28:27.114,0.9231100000000001,0.9230100000000001,1,1.01
11.08.2021 00:28:27.216,0.92309,0.9230100000000001,1,1.1
11.08.2021 00:28:27.318,0.9230700000000002,0.923,1,1
11.08.2021 00:28:27.420,0.9230700000000002,0.92299,1,1.69
11.08.2021 00:28:49.646,0.92308,0.92299,1,1.76
11.08.2021 00:28:49.748,0.92308,0.923,1,1
11.08.2021 00:28:49.901,0.9230700000000002,0.923,1,1.69
11.08.2021 00:28:50.003,0.9230600000000001,0.92299,1,1
11.08.2021 00:28:58.889,0.9230600000000001,0.92298,1,1.25
11.08.2021 00:29:23.915,0.92305,0.9229700000000001,1,1.82
11.08.2021 00:30:03.124,0.92305,0.92299,1,1.25
11.08.2021 00:30:03.226,0.9230700000000002,0.92298,1,1.25
11.08.2021 00:30:03.479,0.9230600000000001,0.92298,1,1.2
11.08.2021 00:30:03.581,0.92305,0.9229700000000001,1,1.2
11.08.2021 00:30:03.684,0.92304,0.9229700000000001,1,1.25
11.08.2021 00:30:03.785,0.92304,0.9229600000000001,1,1.01
11.08.2021 00:30:13.779,0.923,0.92295,1,1.69
11.08.2021 00:30:13.881,0.92299,0.9229299999999999,1,1.01
11.08.2021 00:30:14.034,0.9230100000000001,0.92294,1.5,1.75
11.08.2021 00:30:25.778,0.9230200000000001,0.92294,1,2.22
11.08.2021 00:30:26.923,0.92303,0.92294,1,2.97
11.08.2021 00:30:27.075,0.92303,0.92295,1,1.35
11.08.2021 00:30:32.391,0.92303,0.9229600000000001,1,1.45
11.08.2021 00:31:01.078,0.92304,0.9229600000000001,1,1.82
11.08.2021 00:33:17.823,0.92304,0.9229600000000001,1,1.76
11.08.2021 00:34:01.180,0.92304,0.9229700000000001,1,1.5
11.08.2021 00:34:01.658,0.92305,0.92295,1,2.69
11.08.2021 00:34:19.434,0.92304,0.9229700000000001,1,1.94
11.08.2021 00:34:22.725,0.92304,0.9229700000000001,1,1.25
11.08.2021 00:34:29.443,0.92303,0.9229700000000001,1,1.25
11.08.2021 00:34:34.053,0.92303,0.9229600000000001,1.5,1.69
11.08.2021 00:35:02.645,0.92303,0.9229700000000001,1.5,1.75
11.08.2021 00:35:02.899,0.9230600000000001,0.92299,1,1.25
11.08.2021 00:35:35.691,0.9230600000000001,0.923,1,1.25
11.08.2021 00:35:40.726,0.9230700000000002,0.9230100000000001,1,1.25
11.08.2021 00:36:24.813,0.9230700000000002,0.9230100000000001,1,1.75
11.08.2021 00:37:00.300,0.9230700000000002,0.923,1,2.51
11.08.2021 00:39:15.241,0.92308,0.9230100000000001,1,1.75
11.08.2021 00:39:25.223,0.92309,0.9230100000000001,1,1.25
11.08.2021 00:39:31.302,0.9231100000000001,0.92303,1,4.37
11.08.2021 00:39:31.404,0.92308,0.923,1.5,1
11.08.2021 00:39:31.506,0.9230700000000002,0.92299,1,1.76
11.08.2021 00:39:31.609,0.9230700000000002,0.9229600000000001,1,1.94
11.08.2021 00:39:31.710,0.9230600000000001,0.9229700000000001,1,1.25
11.08.2021 00:39:32.686,0.9230600000000001,0.9229700000000001,1,1.35
11.08.2021 00:39:47.344,0.9230600000000001,0.9229700000000001,1,1.01
11.08.2021 00:39:47.445,0.9230600000000001,0.9229700000000001,1,1.35
11.08.2021 00:39:47.547,0.9230600000000001,0.9229700000000001,1,1.01
11.08.2021 00:39:48.661,0.9230700000000002,0.9229600000000001,1,1.35
11.08.2021 00:39:48.851,0.9230600000000001,0.9229700000000001,1,1.01
11.08.2021 00:39:49.134,0.9230600000000001,0.9229700000000001,1,1.35
11.08.2021 00:39:49.371,0.9230600000000001,0.9229700000000001,1,1.01
11.08.2021 00:40:08.020,0.9230600000000001,0.9229700000000001,1,1.85
11.08.2021 00:40:08.122,0.9230700000000002,0.92298,1,2.76
11.08.2021 00:40:08.223,0.92308,0.92299,1,1.01
11.08.2021 00:40:08.375,0.9230600000000001,0.92298,1,2.76
11.08.2021 00:40:08.483,0.9230700000000002,0.92298,1,2.76
11.08.2021 00:40:08.584,0.92308,0.92298,1,3.54
11.08.2021 00:40:08.685,0.9230600000000001,0.92298,1,2.76
11.08.2021 00:40:12.205,0.9230700000000002,0.92298,1,3.54
11.08.2021 00:40:12.511,0.9230700000000002,0.92299,1,2.76
11.08.2021 00:40:12.641,0.92308,0.92299,1,2.76
11.08.2021 00:40:13.195,0.9230700000000002,0.92299,1,2.76
11.08.2021 00:40:13.365,0.92308,0.92299,1,1.76
11.08.2021 00:40:13.573,0.92309,0.92298,1,2.76
11.08.2021 00:40:13.725,0.9230700000000002,0.92299,1,2.76
11.08.2021 00:40:13.940,0.92308,0.92299,1,1.76
11.08.2021 00:40:14.228,0.92308,0.92299,1,2.76
11.08.2021 00:40:19.027,0.92308,0.92299,1,1.01
11.08.2021 00:40:19.282,0.92308,0.92299,1,1.82
11.08.2021 00:40:19.678,0.9230700000000002,0.92299,1,1.82
11.08.2021 00:40:20.276,0.9230700000000002,0.92299,1,1.01
11.08.2021 00:40:20.377,0.92308,0.92298,1,1.82
11.08.2021 00:40:25.905,0.9230700000000002,0.92299,1,1
11.08.2021 00:40:31.678,0.9230600000000001,0.92299,1,1.25
11.08.2021 00:40:39.378,0.9230700000000002,0.92298,1,2.57
11.08.2021 00:40:39.480,0.9230700000000002,0.92299,1,1.82
11.08.2021 00:40:39.583,0.92308,0.92299,1,1.01
11.08.2021 00:40:39.685,0.92308,0.92299,1,1.82
11.08.2021 00:40:43.262,0.92308,0.923,1,1.25
11.08.2021 00:40:46.541,0.92308,0.92299,1,2.57
11.08.2021 00:40:49.461,0.9230700000000002,0.9230100000000001,1,1.25
11.08.2021 00:40:49.562,0.92308,0.92299,1,2.57
11.08.2021 00:40:57.601,0.9231100000000001,0.92303,1,1.69
11.08.2021 00:40:57.703,0.9231200000000002,0.92303,1,4.64
11.08.2021 00:40:57.804,0.92313,0.92305,1,1
11.08.2021 00:40:57.905,0.92314,0.92305,1,1.69
11.08.2021 00:41:02.124,0.92315,0.9230600000000001,1,1.69
11.08.2021 00:41:03.175,0.92315,0.9230600000000001,1,2.76
11.08.2021 00:41:03.276,0.92315,0.9230600000000001,1,1.76
11.08.2021 00:41:03.377,0.9231600000000001,0.9230600000000001,1.5,1.76
11.08.2021 00:41:03.479,0.92315,0.9230600000000001,1,1.76
11.08.2021 00:41:03.952,0.9231600000000001,0.9230600000000001,1.5,1.76
11.08.2021 00:41:04.053,0.92315,0.9230600000000001,1,1.76
11.08.2021 00:41:06.721,0.9231600000000001,0.9230600000000001,1.5,1.76
11.08.2021 00:41:06.873,0.92315,0.9230600000000001,1,1.76
11.08.2021 00:41:07.186,0.9231600000000001,0.9230600000000001,1.5,1.76
11.08.2021 00:41:07.458,0.92315,0.9230600000000001,1,1.76
11.08.2021 00:41:19.104,0.92315,0.92305,1,1.76
11.08.2021 00:41:22.979,0.92314,0.92305,1,1.01
11.08.2021 00:42:18.869,0.92309,0.9230100000000001,1,2.44
11.08.2021 00:42:18.970,0.9230700000000002,0.92298,1,1.76
11.08.2021 00:42:19.071,0.9230600000000001,0.92298,1,1.69
11.08.2021 00:42:27.189,0.92305,0.92298,1,1
11.08.2021 00:42:37.779,0.9230600000000001,0.92298,1,1.5
11.08.2021 00:42:38.362,0.92305,0.92298,1,1.5
11.08.2021 00:42:43.752,0.9230600000000001,0.9229700000000001,1,1.75
11.08.2021 00:42:43.853,0.9230600000000001,0.923,1,1
11.08.2021 00:42:56.269,0.92304,0.92298,1,1
11.08.2021 00:42:56.673,0.92305,0.92298,1,1
11.08.2021 00:42:57.617,0.92304,0.92298,1,1
11.08.2021 00:43:02.275,0.92305,0.92298,1,1
11.08.2021 00:43:07.544,0.92304,0.92298,1,1
11.08.2021 00:43:40.378,0.92305,0.92298,1,1
11.08.2021 00:43:44.292,0.92305,0.9229700000000001,1,1
11.08.2021 00:43:48.035,0.92304,0.9229700000000001,1,1
11.08.2021 00:44:03.601,0.92304,0.92298,1,1
11.08.2021 00:44:03.703,0.92305,0.92298,1,1
11.08.2021 00:44:04.948,0.9230600000000001,0.92298,1,1
11.08.2021 00:44:05.329,0.92305,0.92298,1,1
11.08.2021 00:44:10.472,0.9230600000000001,0.92299,1,1
11.08.2021 00:44:12.131,0.9230700000000002,0.92299,1,1.25
11.08.2021 00:44:34.843,0.92308,0.92299,1,2.44
11.08.2021 00:44:34.945,0.92308,0.9230100000000001,1,1.25
11.08.2021 00:44:35.046,0.92309,0.9230200000000001,1,1
11.08.2021 00:44:35.555,0.9231,0.9230200000000001,1.5,1
11.08.2021 00:44:36.040,0.9230700000000002,0.9230200000000001,1,1
11.08.2021 00:44:41.487,0.9230700000000002,0.9230100000000001,1,1.5
11.08.2021 00:44:43.177,0.92309,0.9230100000000001,1,1.5
11.08.2021 00:44:47.257,0.9230600000000001,0.92299,1,1
11.08.2021 00:45:02.390,0.9230700000000002,0.92299,1,1
11.08.2021 00:45:09.755,0.9230600000000001,0.92299,1,1
11.08.2021 00:45:24.047,0.9230700000000002,0.92299,1,1
11.08.2021 00:45:41.857,0.9230700000000002,0.92298,1,1.5
11.08.2021 00:45:48.917,0.92309,0.9229700000000001,1.5,1.5
11.08.2021 00:45:58.178,0.92308,0.92299,1.5,1
11.08.2021 00:46:00.405,0.9230700000000002,0.92298,1.5,1.5
11.08.2021 00:46:04.268,0.92309,0.923,2.25,1
11.08.2021 00:46:05.849,0.9231,0.9230100000000001,1,2.25
11.08.2021 00:46:05.974,0.9231100000000001,0.9230200000000001,1,2.25
11.08.2021 00:46:06.075,0.9231100000000001,0.9230200000000001,1,3.44
11.08.2021 00:46:06.176,0.9231100000000001,0.9230200000000001,1,2.44
11.08.2021 00:46:11.947,0.92308,0.9230200000000001,1,1.69
11.08.2021 00:46:13.699,0.9231100000000001,0.9230200000000001,1,1.5
11.08.2021 00:46:14.890,0.9231,0.9230200000000001,1,1
11.08.2021 00:46:14.993,0.9231,0.9230100000000001,1,2.25
11.08.2021 00:46:15.547,0.9230700000000002,0.9230100000000001,1,2.25
11.08.2021 00:46:16.807,0.9231100000000001,0.923,1,2.25
11.08.2021 00:46:39.771,0.92309,0.9230100000000001,1,1.5
11.08.2021 00:46:44.393,0.9231,0.9230100000000001,1,2.25
11.08.2021 00:46:44.495,0.9231,0.9230200000000001,1,1
11.08.2021 00:46:50.822,0.9231,0.9230100000000001,1,2.32
11.08.2021 00:47:01.678,0.92309,0.9230100000000001,1,1
11.08.2021 00:47:09.301,0.92313,0.92305,1,1
11.08.2021 00:47:09.949,0.92314,0.92305,1.5,1.5
11.08.2021 00:47:32.415,0.92314,0.9230600000000001,1,1.5
11.08.2021 00:47:37.677,0.92315,0.9230600000000001,1,1.5
11.08.2021 00:47:57.518,0.92315,0.9230700000000002,1,1
11.08.2021 00:47:59.534,0.92315,0.92308,1,1.5
11.08.2021 00:47:59.636,0.9232,0.9231100000000001,1,1.69
11.08.2021 00:47:59.687,0.9232200000000002,0.92314,1,1.25
11.08.2021 00:47:59.789,0.9232400000000001,0.92313,1.5,3.18
11.08.2021 00:48:30.703,0.92323,0.92313,1,1
11.08.2021 00:48:50.507,0.92323,0.92314,1.5,1
11.08.2021 00:48:54.890,0.9232200000000002,0.92314,1,1
11.08.2021 00:49:46.649,0.9232200000000002,0.92313,2.25,1
11.08.2021 00:49:46.700,0.9231700000000002,0.9231,1,1.5
11.08.2021 00:49:46.751,0.9231700000000002,0.9230700000000002,1,1
11.08.2021 00:49:46.853,0.92315,0.9230700000000002,1,1.69
11.08.2021 00:50:18.607,0.92308,0.9230100000000001,1,2
11.08.2021 00:50:18.709,0.92308,0.92298,1.5,1
11.08.2021 00:51:13.601,0.9230700000000002,0.92298,1,1
11.08.2021 00:52:06.365,0.9230600000000001,0.9229700000000001,1.5,1
11.08.2021 00:52:36.687,0.9230600000000001,0.92298,1.5,1
11.08.2021 00:53:07.784,0.9230600000000001,0.9229600000000001,1.5,2.62
11.08.2021 00:54:06.722,0.9230600000000001,0.9229700000000001,1,1
11.08.2021 00:54:08.305,0.9231100000000001,0.92303,1.5,1.5
11.08.2021 00:54:08.407,0.92313,0.92304,1,1.69
11.08.2021 00:54:08.508,0.92313,0.92305,1,1.25
11.08.2021 00:54:13.726,0.92314,0.92305,1.5,1.25
11.08.2021 00:54:14.524,0.92314,0.9230600000000001,1,1
11.08.2021 00:54:14.626,0.92314,0.92305,1,1.25
11.08.2021 00:54:14.677,0.92315,0.9230700000000002,1,1.25
11.08.2021 00:54:15.384,0.92315,0.92305,1,3.81
11.08.2021 00:54:20.265,0.92315,0.92305,1,2.44
11.08.2021 00:54:20.367,0.92315,0.92304,1,1.69
11.08.2021 00:54:20.808,0.92315,0.9230700000000002,1,1
11.08.2021 00:54:20.909,0.92315,0.92305,1,3.44
11.08.2021 00:54:21.111,0.92315,0.92305,1,2.44
11.08.2021 00:54:33.473,0.92309,0.9230100000000001,1,4.87
11.08.2021 00:54:33.575,0.92309,0.92299,1.5,4.5
11.08.2021 00:54:33.625,0.9230700000000002,0.92298,1,3.37
11.08.2021 00:54:33.727,0.9230700000000002,0.92299,1,1
11.08.2021 00:54:49.710,0.92308,0.92299,1,1
11.08.2021 00:54:56.861,0.92309,0.92299,1,1
11.08.2021 00:54:57.292,0.92308,0.92299,1,2.44
11.08.2021 00:54:58.952,0.92309,0.92299,1.5,3.19
11.08.2021 00:54:59.463,0.92309,0.9230100000000001,1,1
11.08.2021 00:54:59.565,0.9231,0.9230100000000001,1.5,1
11.08.2021 00:55:00.653,0.9231200000000002,0.9230100000000001,1.5,1
11.08.2021 00:55:00.856,0.92309,0.92299,1,1.25
11.08.2021 00:55:02.085,0.92308,0.92299,1,1
11.08.2021 00:55:04.678,0.9230700000000002,0.92299,1,1
11.08.2021 00:55:07.049,0.92308,0.92299,1,1
11.08.2021 00:55:14.102,0.92309,0.923,1.5,1
11.08.2021 00:55:17.560,0.92309,0.9230200000000001,1,1
11.08.2021 00:55:17.611,0.9231200000000002,0.92303,1.5,1
11.08.2021 00:55:17.713,0.9231600000000001,0.9230700000000002,1.12,1.5
11.08.2021 00:55:17.815,0.92315,0.92305,1,1.57
11.08.2021 00:55:17.917,0.92315,0.9230600000000001,1,1
11.08.2021 00:55:25.697,0.92314,0.9230600000000001,1,1
11.08.2021 00:55:35.419,0.92315,0.9230600000000001,1.5,1
11.08.2021 00:55:38.429,0.92314,0.92304,2.25,1.5
11.08.2021 00:55:38.580,0.92313,0.92303,1.5,1.5
11.08.2021 00:55:39.170,0.92314,0.92305,1.5,1
11.08.2021 00:55:41.615,0.92314,0.9230600000000001,1,1
11.08.2021 00:55:49.293,0.92315,0.9230600000000001,1.5,1
11.08.2021 00:56:08.773,0.9231600000000001,0.9230600000000001,1.5,1.5
11.08.2021 00:56:12.349,0.9231600000000001,0.9230700000000002,1.5,1
11.08.2021 00:56:13.071,0.92315,0.9230700000000002,1,1
11.08.2021 00:56:13.466,0.9231700000000002,0.9230700000000002,1.5,2.44
11.08.2021 00:56:13.567,0.9231700000000002,0.9230600000000001,1,1.5
11.08.2021 00:56:16.705,0.92315,0.9230700000000002,1,1.5
11.08.2021 00:56:16.970,0.9231600000000001,0.9230700000000002,1,2.25
11.08.2021 00:56:26.772,0.9231600000000001,0.92309,1,1
11.08.2021 00:56:33.373,0.92318,0.92308,1.57,1
11.08.2021 00:56:33.478,0.9231600000000001,0.92309,1,1
11.08.2021 00:56:34.206,0.9231600000000001,0.92308,1,1
11.08.2021 00:56:39.065,0.9231600000000001,0.92309,1,1
11.08.2021 00:56:40.822,0.9231600000000001,0.92308,1,1
11.08.2021 00:56:41.889,0.9231700000000002,0.92309,1,1
11.08.2021 00:56:45.058,0.9231700000000002,0.92308,1,1.5
11.08.2021 00:56:53.399,0.92319,0.9231,1.5,1
11.08.2021 00:57:05.538,0.9232200000000002,0.92313,2.25,1.5
11.08.2021 00:57:05.640,0.92323,0.92315,1.5,1
11.08.2021 00:57:05.792,0.92323,0.9231600000000001,1,1
11.08.2021 00:57:13.012,0.92325,0.9231600000000001,2.7,1
11.08.2021 00:57:16.943,0.92325,0.92315,1,1
11.08.2021 00:57:28.878,0.9232200000000002,0.92314,1,1.5
11.08.2021 00:57:28.979,0.9232200000000002,0.9231200000000002,1,1.5
11.08.2021 00:57:29.080,0.9232100000000001,0.9231100000000001,1,1
11.08.2021 00:57:54.750,0.9232,0.9231100000000001,1.5,1
11.08.2021 00:57:54.855,0.9232,0.9231,2.25,2.25
11.08.2021 00:58:01.096,0.92319,0.9231,1.5,1.5
11.08.2021 00:58:02.013,0.92318,0.9231,2.25,1
11.08.2021 00:58:02.115,0.9231700000000002,0.92309,1.5,1
11.08.2021 00:58:02.232,0.9231600000000001,0.92308,1.5,1
11.08.2021 00:58:24.071,0.9231700000000002,0.92308,1.5,2.25
11.08.2021 00:58:48.305,0.92319,0.9231100000000001,1,1
11.08.2021 00:58:48.355,0.9232100000000001,0.92313,1.5,1
11.08.2021 00:58:48.457,0.9232,0.9231200000000002,1.5,1.25
11.08.2021 00:58:48.508,0.9232100000000001,0.92314,1.5,1
11.08.2021 00:58:48.609,0.9232,0.92314,1,1
11.08.2021 00:58:48.660,0.92319,0.9231200000000002,1,1
11.08.2021 00:58:48.711,0.9232100000000001,0.92314,1.5,1
11.08.2021 00:58:48.812,0.92323,0.92315,1.69,1
11.08.2021 00:58:49.166,0.92323,0.9231600000000001,1.5,1
11.08.2021 00:58:59.709,0.9232400000000001,0.9231600000000001,1.5,1.5
11.08.2021 00:58:59.823,0.9232700000000001,0.92318,1.5,1
11.08.2021 00:58:59.874,0.92325,0.9231600000000001,1.5,2.25
11.08.2021 00:59:00.282,0.9232400000000001,0.9231600000000001,1,1
11.08.2021 00:59:00.397,0.92325,0.9231600000000001,2.32,1
11.08.2021 00:59:14.763,0.9232400000000001,0.9231600000000001,1,1
11.08.2021 01:00:00.220,0.92325,0.9231600000000001,1.5,2.51
11.08.2021 01:00:00.810,0.92325,0.92314,1,1.01
11.08.2021 01:00:01.109,0.92325,0.9231600000000001,1,1
11.08.2021 01:00:01.546,0.9232400000000001,0.92315,1,1
11.08.2021 01:00:01.648,0.92323,0.92314,1,1.87
11.08.2021 01:00:14.652,0.9232400000000001,0.9231600000000001,1,1
11.08.2021 01:00:18.926,0.9232600000000001,0.92315,1.5,1
11.08.2021 01:00:20.912,0.92325,0.9231700000000002,1,1.5
11.08.2021 01:00:21.114,0.92325,0.9231600000000001,1.5,1
11.08.2021 01:00:37.653,0.9232400000000001,0.92315,1.5,1.5
11.08.2021 01:00:39.766,0.92325,0.92313,2.25,2.32
11.08.2021 01:00:41.342,0.92323,0.92314,1,1.57
11.08.2021 01:00:49.222,0.9232200000000002,0.92314,1,1.5
11.08.2021 01:00:49.273,0.9232,0.9231,1.5,2.51
11.08.2021 01:00:49.375,0.92319,0.9231,1.5,1.69
11.08.2021 01:00:50.773,0.9231700000000002,0.92308,1,1.1
11.08.2021 01:00:52.310,0.9231700000000002,0.9230600000000001,1,2.44
11.08.2021 01:00:59.071,0.92318,0.9230700000000002,1.5,1
11.08.2021 01:00:59.172,0.9231700000000002,0.9230700000000002,1.5,2.44
11.08.2021 01:00:59.683,0.92318,0.9230700000000002,1.5,1
11.08.2021 01:01:00.224,0.9231600000000001,0.9230700000000002,1,1.69
11.08.2021 01:01:00.334,0.92318,0.9230700000000002,1.5,1
11.08.2021 01:01:01.598,0.92318,0.92309,1,1
11.08.2021 01:01:18.718,0.92319,0.92309,1,1.69
11.08.2021 01:01:24.699,0.9232,0.9231,1,1
11.08.2021 01:01:28.678,0.9232100000000001,0.9231,1,1.25
11.08.2021 01:01:44.460,0.9232200000000002,0.9231200000000002,1,2.51
11.08.2021 01:01:44.562,0.92323,0.9231100000000001,1,2.54
11.08.2021 01:01:45.029,0.9232400000000001,0.9231600000000001,1,1
11.08.2021 01:01:45.130,0.9232600000000001,0.9231600000000001,1.5,1
11.08.2021 01:01:57.023,0.9232600000000001,0.9231700000000002,1.57,1.5
11.08.2021 01:02:07.612,0.9232700000000001,0.9232,1.5,1
11.08.2021 01:02:07.714,0.92329,0.9232200000000002,1,1
11.08.2021 01:02:07.815,0.9233100000000001,0.9232200000000002,1.5,1
11.08.2021 01:02:39.968,0.9233,0.9232100000000001,1,1.5
11.08.2021 01:02:40.564,0.9233,0.9232200000000002,1,1
11.08.2021 01:02:44.876,0.9233200000000001,0.9232100000000001,1,1
11.08.2021 01:02:58.234,0.9233100000000001,0.92325,1,1
11.08.2021 01:02:58.386,0.9233100000000001,0.92323,1,1
11.08.2021 01:03:02.663,0.9233200000000001,0.92323,1.57,1
11.08.2021 01:03:09.317,0.9233200000000001,0.92325,1.57,1
11.08.2021 01:03:09.451,0.9233200000000001,0.9232400000000001,1.57,1
11.08.2021 01:03:19.476,0.9233200000000001,0.92325,1.57,1
11.08.2021 01:03:21.561,0.9233200000000001,0.9232400000000001,1.57,1
11.08.2021 01:04:00.381,0.9233200000000001,0.92323,1.1,1
11.08.2021 01:04:15.253,0.9233200000000001,0.9232200000000002,1,1
11.08.2021 01:04:20.257,0.9233200000000001,0.92323,1.69,1
11.08.2021 01:04:20.358,0.9233200000000001,0.9232400000000001,1.25,1
11.08.2021 01:04:25.136,0.92333,0.9232400000000001,2.32,1
11.08.2021 01:04:36.820,0.9233200000000001,0.92323,1,1.5
11.08.2021 01:04:41.955,0.92333,0.9232400000000001,1.76,1
11.08.2021 01:04:56.001,0.9233200000000001,0.9232400000000001,1,1
11.08.2021 01:05:01.098,0.92333,0.9232400000000001,1.57,1
11.08.2021 01:05:01.678,0.9233200000000001,0.92323,1,1.5
11.08.2021 01:06:06.359,0.9233200000000001,0.9232400000000001,1.5,1
11.08.2021 01:06:21.518,0.92333,0.9232400000000001,1.5,1
11.08.2021 01:06:39.605,0.92333,0.9232400000000001,2.5,1
11.08.2021 01:06:41.585,0.92333,0.9232400000000001,1.5,1
11.08.2021 01:07:58.615,0.9233200000000001,0.9232400000000001,1,1
11.08.2021 01:08:00.287,0.9233200000000001,0.92323,1,1
11.08.2021 01:08:12.251,0.9233100000000001,0.92323,1,1
11.08.2021 01:08:22.749,0.9233200000000001,0.92323,2.25,1
11.08.2021 01:09:28.634,0.9233200000000001,0.9232400000000001,2.25,1
11.08.2021 01:09:31.559,0.9233200000000001,0.92323,2.25,1
11.08.2021 01:09:36.642,0.9233200000000001,0.9232400000000001,1,1
11.08.2021 01:09:58.890,0.92333,0.9232400000000001,2.25,1
11.08.2021 01:09:58.991,0.92334,0.9232600000000001,1.5,1
11.08.2021 01:09:59.143,0.92333,0.9232600000000001,1,1
11.08.2021 01:09:59.254,0.92334,0.9232600000000001,1.57,1
11.08.2021 01:09:59.355,0.92334,0.92325,1.57,1
11.08.2021 01:10:03.944,0.9233200000000001,0.92325,1,1
11.08.2021 01:10:04.843,0.92334,0.92325,2.32,1
11.08.2021 01:10:23.307,0.92333,0.92325,1,1
11.08.2021 01:10:39.747,0.9233200000000001,0.92325,1,1
11.08.2021 01:10:39.849,0.9233200000000001,0.9232400000000001,1,1
11.08.2021 01:10:40.152,0.9233100000000001,0.9232400000000001,1,1
11.08.2021 01:10:42.125,0.92329,0.9232200000000002,3.22,1
11.08.2021 01:10:42.176,0.9232700000000001,0.92319,1.57,1
11.08.2021 01:10:42.277,0.92325,0.9231700000000002,1,1
11.08.2021 01:10:47.208,0.9232400000000001,0.9231700000000002,1,1
11.08.2021 01:10:47.723,0.9232400000000001,0.9231600000000001,1,1
11.08.2021 01:10:51.949,0.9232400000000001,0.92315,2.25,1
11.08.2021 01:11:43.364,0.92323,0.92315,1,1
11.08.2021 01:12:37.479,0.9232400000000001,0.92315,2.25,1
11.08.2021 01:12:50.507,0.92323,0.92315,1,1
11.08.2021 01:13:00.199,0.9232100000000001,0.9231200000000002,3,2.25
11.08.2021 01:13:00.344,0.9232100000000001,0.92313,1,1
11.08.2021 01:13:00.445,0.9232200000000002,0.92315,1.5,1
11.08.2021 01:13:04.777,0.92323,0.92315,1,1
11.08.2021 01:13:52.043,0.92323,0.92314,1,1
11.08.2021 01:13:52.144,0.9232200000000002,0.92314,1,1.5
11.08.2021 01:14:02.233,0.92323,0.92314,1.5,1.5
11.08.2021 01:14:25.862,0.92323,0.92315,1,1
11.08.2021 01:14:35.549,0.9232400000000001,0.92315,1.5,1
11.08.2021 01:14:50.191,0.92325,0.9231600000000001,1.5,1
11.08.2021 01:15:16.472,0.9232400000000001,0.9231600000000001,1,1
11.08.2021 01:15:22.152,0.9232400000000001,0.92315,1.5,1.5
11.08.2021 01:15:29.847,0.92325,0.92315,1.57,1.12
11.08.2021 01:15:56.501,0.92323,0.92315,1,1
11.08.2021 01:16:13.025,0.92323,0.92314,1,1
11.08.2021 01:16:15.031,0.92323,0.92315,1,1
11.08.2021 01:16:33.079,0.92319,0.9231,1.5,1
11.08.2021 01:16:33.180,0.9231700000000002,0.9230700000000002,1.69,1.12
11.08.2021 01:16:36.230,0.9231600000000001,0.9230700000000002,1,1.12
11.08.2021 01:16:41.506,0.92318,0.9230600000000001,1,1.69
11.08.2021 01:16:41.607,0.92318,0.9230700000000002,1,1
11.08.2021 01:16:45.729,0.9231600000000001,0.9230700000000002,1.5,1
11.08.2021 01:16:56.082,0.92315,0.9230600000000001,1.01,1
11.08.2021 01:20:53.153,0.92314,0.9230600000000001,1,1
11.08.2021 01:21:18.484,0.92314,0.92305,1,1
11.08.2021 01:21:26.275,0.92315,0.92305,1.5,1.5
11.08.2021 01:21:26.377,0.92315,0.9230600000000001,1.5,1
11.08.2021 01:21:46.205,0.92315,0.92305,1.5,1.5
11.08.2021 01:22:01.165,0.9231100000000001,0.9230200000000001,2.25,1
11.08.2021 01:22:01.268,0.92309,0.923,1,1.12
11.08.2021 01:22:04.188,0.92308,0.92299,1.5,1
11.08.2021 01:22:12.730,0.92308,0.92298,1.5,1.87
11.08.2021 01:22:12.831,0.9230700000000002,0.92298,1,1.5
11.08.2021 01:22:26.107,0.92308,0.92299,1.57,1
11.08.2021 01:23:02.758,0.92308,0.92298,1.01,1.5
11.08.2021 01:23:10.175,0.92305,0.9229600000000001,1,1
11.08.2021 01:23:10.276,0.92304,0.92295,3.45,1
11.08.2021 01:23:10.378,0.92303,0.92294,1,1
11.08.2021 01:23:10.517,0.92304,0.92294,3.64,1.5
11.08.2021 01:23:23.291,0.92304,0.92294,3.29,1.5
11.08.2021 01:23:49.195,0.92305,0.92294,1.57,1
11.08.2021 01:24:42.497,0.92304,0.9229700000000001,1,1
11.08.2021 01:25:02.935,0.92305,0.92295,1,1
11.08.2021 01:25:19.963,0.92303,0.92295,1,1
11.08.2021 01:25:28.003,0.92303,0.92294,1,1
11.08.2021 01:25:31.922,0.92303,0.9229299999999999,1.5,2.06
11.08.2021 01:25:50.646,0.92304,0.9229299999999999,1,1
11.08.2021 01:26:19.854,0.92304,0.92294,1.5,1.5
11.08.2021 01:27:17.315,0.9230200000000001,0.9229299999999999,1.5,1
11.08.2021 01:27:17.417,0.923,0.9229100000000001,1.5,1
11.08.2021 01:27:18.872,0.923,0.9229,1.5,2.25
11.08.2021 01:27:18.973,0.92299,0.9229,1,1
11.08.2021 01:27:19.074,0.92299,0.92289,1.5,2.25
11.08.2021 01:27:19.654,0.92299,0.9229200000000001,1.5,1
11.08.2021 01:27:25.434,0.92299,0.92289,1.5,2.25
11.08.2021 01:27:37.500,0.92299,0.9229,1,1
11.08.2021 01:27:50.793,0.923,0.9229,1.5,1.5
11.08.2021 01:27:55.387,0.92299,0.9229,1,1
11.08.2021 01:27:58.473,0.92299,0.92289,1.5,1.5
11.08.2021 01:28:08.969,0.92299,0.92289,2.56,1
11.08.2021 01:28:09.122,0.9228799999999999,0.9228100000000001,2.25,1.12
11.08.2021 01:28:09.223,0.9228799999999999,0.9228000000000001,3,1
11.08.2021 01:28:09.274,0.92284,0.9227500000000001,1.5,1
11.08.2021 01:28:09.325,0.92284,0.9227700000000001,1.5,1
11.08.2021 01:28:09.376,0.9228200000000001,0.92274,1,1.87
11.08.2021 01:28:09.735,0.92284,0.92274,1.1,2.06
11.08.2021 01:28:11.239,0.9228500000000001,0.9227500000000001,1,1
11.08.2021 01:28:11.342,0.9228600000000001,0.9227700000000001,1.1,1
11.08.2021 01:28:24.072,0.9228600000000001,0.9227600000000001,1,1.5
11.08.2021 01:28:24.813,0.92284,0.92274,1,1.5
11.08.2021 01:28:24.915,0.9228299999999999,0.9227600000000001,1,1
11.08.2021 01:28:25.867,0.9228299999999999,0.9227299999999999,1,2.25
11.08.2021 01:28:28.347,0.92284,0.92274,1.2,1
11.08.2021 01:28:34.696,0.9228200000000001,0.9227299999999999,1,1
11.08.2021 01:28:38.135,0.92284,0.9227200000000001,1.5,1.69
11.08.2021 01:28:41.678,0.9228299999999999,0.92274,1,1.5
11.08.2021 01:28:51.729,0.92284,0.9227600000000001,1,2.44
11.08.2021 01:28:51.831,0.9228500000000001,0.9227600000000001,1,1
11.08.2021 01:28:58.363,0.9228500000000001,0.9227700000000001,1,1
11.08.2021 01:29:05.554,0.92284,0.9227700000000001,1,1
11.08.2021 01:29:18.291,0.9228600000000001,0.9227700000000001,1,1.94
11.08.2021 01:29:18.392,0.9228700000000001,0.9227500000000001,1.12,1.75
11.08.2021 01:29:45.637,0.9228200000000001,0.9227299999999999,1.5,2.25
11.08.2021 01:29:45.739,0.9228200000000001,0.9227500000000001,1.5,1
11.08.2021 01:29:46.664,0.9228200000000001,0.9227299999999999,1.5,1
11.08.2021 01:29:48.968,0.92284,0.9227700000000001,1,1
11.08.2021 01:30:00.325,0.9228100000000001,0.9227200000000001,1,1.5
11.08.2021 01:30:00.376,0.92284,0.92271,1.87,2
11.08.2021 01:30:00.426,0.9228299999999999,0.9227799999999999,1.5,1
11.08.2021 01:30:07.790,0.9228299999999999,0.9227700000000001,1.57,1
11.08.2021 01:30:23.824,0.9228299999999999,0.9227500000000001,1.57,1
11.08.2021 01:30:28.101,0.9228299999999999,0.92274,1.57,1
11.08.2021 01:30:42.332,0.9228200000000001,0.9227299999999999,1,1
11.08.2021 01:30:42.484,0.9228200000000001,0.92274,1,1
11.08.2021 01:30:45.133,0.9228200000000001,0.9227299999999999,1,1
11.08.2021 01:30:57.653,0.9228299999999999,0.9227299999999999,2.25,1.69
11.08.2021 01:30:57.962,0.9228299999999999,0.92274,2.25,1.25
11.08.2021 01:31:03.262,0.9228200000000001,0.92274,1,1
11.08.2021 01:31:03.364,0.9228299999999999,0.9227299999999999,2.25,1.5
11.08.2021 01:31:09.872,0.9228299999999999,0.9227299999999999,2.25,2.5
11.08.2021 01:31:12.617,0.92284,0.92274,2.32,1.69
11.08.2021 01:31:12.718,0.92284,0.9227500000000001,1,1.5
11.08.2021 01:31:15.742,0.9228299999999999,0.9227299999999999,1.5,3.44
11.08.2021 01:31:19.915,0.9228299999999999,0.92274,1,1.75
11.08.2021 01:31:23.545,0.9228299999999999,0.92274,1,1.69
11.08.2021 01:31:27.804,0.9228299999999999,0.92274,1,2.5
11.08.2021 01:31:46.212,0.9228299999999999,0.92274,1,1.69
11.08.2021 01:31:46.465,0.9228200000000001,0.92274,1,1
11.08.2021 01:31:46.572,0.9228299999999999,0.92274,1.5,1
11.08.2021 01:32:00.407,0.9228299999999999,0.9227299999999999,1.5,2.44
11.08.2021 01:32:00.567,0.9228299999999999,0.9227500000000001,1.5,1
11.08.2021 01:32:03.474,0.9228299999999999,0.9227299999999999,1.5,2.44
11.08.2021 01:32:16.239,0.9228299999999999,0.9227500000000001,1,1
11.08.2021 01:32:22.344,0.9228299999999999,0.92274,1,1.69
11.08.2021 01:32:23.618,0.92284,0.92274,1.5,2.44
11.08.2021 01:32:26.849,0.92284,0.9227500000000001,1.5,1.25
11.08.2021 01:32:27.166,0.92284,0.9227600000000001,1.5,1
11.08.2021 01:32:30.834,0.92284,0.9227500000000001,1.5,1.25
11.08.2021 01:32:35.781,0.92284,0.92274,1.57,1.69
11.08.2021 01:32:47.846,0.9228299999999999,0.92274,1,1.25
11.08.2021 01:33:00.831,0.92284,0.9227500000000001,1.57,1
11.08.2021 01:33:07.157,0.9228200000000001,0.9227500000000001,1,1
11.08.2021 01:33:07.258,0.9228299999999999,0.9227500000000001,1,1
11.08.2021 01:33:21.381,0.9228299999999999,0.92274,1.5,1
11.08.2021 01:33:55.068,0.9228200000000001,0.9227299999999999,1,1
11.08.2021 01:33:59.442,0.9228299999999999,0.9227299999999999,1.5,1.69
11.08.2021 01:34:00.253,0.9228200000000001,0.9227299999999999,1,1
11.08.2021 01:34:03.383,0.92284,0.9227799999999999,5.62,1
11.08.2021 01:34:03.573,0.9228200000000001,0.9227299999999999,1,1
11.08.2021 01:34:15.572,0.9228299999999999,0.9227299999999999,1.5,1.5
11.08.2021 01:34:50.039,0.9228299999999999,0.92274,1.1,1
11.08.2021 01:35:27.149,0.9228200000000001,0.92274,1,1
11.08.2021 01:35:29.215,0.9228100000000001,0.92274,1,1
11.08.2021 01:35:30.055,0.9228000000000001,0.9227200000000001,1,1
11.08.2021 01:35:33.381,0.9228200000000001,0.9227299999999999,1,1
11.08.2021 01:35:35.250,0.9228200000000001,0.9227200000000001,1.5,1
11.08.2021 01:36:11.849,0.9228200000000001,0.9227200000000001,2.19,1.5
11.08.2021 01:36:12.664,0.9228299999999999,0.9227200000000001,2.26,1
11.08.2021 01:36:35.187,0.9228200000000001,0.9227299999999999,1.76,1
11.08.2021 01:36:37.140,0.9228100000000001,0.9227299999999999,1,1
11.08.2021 01:37:20.346,0.9228200000000001,0.9227299999999999,2.44,1
11.08.2021 01:37:20.527,0.9228200000000001,0.92274,1.5,1
11.08.2021 01:37:29.652,0.9228200000000001,0.9227299999999999,2.25,1
11.08.2021 01:37:47.499,0.9228100000000001,0.9227299999999999,1,1
11.08.2021 01:37:47.550,0.9227500000000001,0.92268,1,1
11.08.2021 01:37:47.651,0.92274,0.9226700000000001,1,1
11.08.2021 01:37:47.753,0.9227299999999999,0.9226500000000001,1.1,1
11.08.2021 01:38:01.782,0.92271,0.92264,1,1
11.08.2021 01:38:01.883,0.9227200000000001,0.92264,1.76,1
11.08.2021 01:38:01.985,0.92269,0.9226000000000001,1.5,1
11.08.2021 01:38:05.544,0.92266,0.92258,1,1
11.08.2021 01:38:05.645,0.9226700000000001,0.92256,2.32,1
11.08.2021 01:38:05.746,0.92266,0.92256,2.32,1.5
11.08.2021 01:38:07.493,0.9226500000000001,0.92256,1,1
11.08.2021 01:38:28.044,0.92264,0.92256,1,1.5
11.08.2021 01:38:49.591,0.9226500000000001,0.92256,1.5,1
11.08.2021 01:38:50.638,0.9226500000000001,0.9225700000000001,1,1.5
11.08.2021 01:39:04.128,0.9226500000000001,0.92256,1,2.44
11.08.2021 01:39:04.229,0.92271,0.92263,1,1.5
11.08.2021 01:39:04.330,0.9227299999999999,0.92264,2.32,1.5
11.08.2021 01:39:05.742,0.9227299999999999,0.9226500000000001,1,1
11.08.2021 01:39:06.643,0.92274,0.9226500000000001,2.32,1
11.08.2021 01:39:17.250,0.92274,0.9226500000000001,1.5,3.25
11.08.2021 01:39:19.724,0.92274,0.9226500000000001,1.5,2.44
11.08.2021 01:41:40.923,0.9227500000000001,0.92268,1,1
11.08.2021 01:41:40.974,0.9227500000000001,0.92266,1.57,2.44
11.08.2021 01:41:41.075,0.9227500000000001,0.9226700000000001,1,1
11.08.2021 01:41:41.200,0.92274,0.92266,1,1.5
11.08.2021 01:41:51.918,0.92274,0.9226500000000001,1.5,1.5
11.08.2021 01:43:20.304,0.9227299999999999,0.9226500000000001,1,1.5
11.08.2021 01:44:23.066,0.92268,0.9226000000000001,2.25,2.25
11.08.2021 01:44:23.168,0.9226700000000001,0.92259,1,1.5
11.08.2021 01:44:23.270,0.92266,0.92258,1,2.25
11.08.2021 01:44:29.711,0.9226500000000001,0.9225700000000001,1,2.25
11.08.2021 01:44:41.088,0.92268,0.92261,1.57,1
11.08.2021 01:44:41.189,0.92268,0.9226000000000001,1,1
11.08.2021 01:44:41.298,0.9227000000000001,0.9226000000000001,1.5,1
11.08.2021 01:44:41.399,0.9227000000000001,0.9226200000000001,1,1
11.08.2021 01:44:41.501,0.92271,0.92263,1.5,1
11.08.2021 01:44:44.217,0.9227200000000001,0.92264,2.32,1
11.08.2021 01:46:57.147,0.9227200000000001,0.9226200000000001,1.5,2.25
11.08.2021 01:47:01.518,0.9227200000000001,0.9226200000000001,1.5,3.25
11.08.2021 01:47:02.459,0.9227200000000001,0.9226200000000001,1.5,2.44
11.08.2021 01:47:04.384,0.9227299999999999,0.92261,1.5,3.25
11.08.2021 01:47:05.054,0.9227200000000001,0.9226200000000001,1.5,2.44
11.08.2021 01:47:05.408,0.9227200000000001,0.9226200000000001,1.5,3.25
11.08.2021 01:47:27.179,0.9227299999999999,0.92263,1.5,1.5
11.08.2021 01:47:44.863,0.9227299999999999,0.92263,1.5,2.5
11.08.2021 01:48:02.563,0.9227299999999999,0.92263,1.5,1.69
11.08.2021 01:48:10.188,0.9227299999999999,0.92264,1,1.25
11.08.2021 01:48:15.233,0.92274,0.92264,2.25,1.69
11.08.2021 01:48:17.206,0.92274,0.92263,1,1.69
11.08.2021 01:48:19.472,0.9227500000000001,0.9226700000000001,1,1.69
11.08.2021 01:48:19.573,0.9227600000000001,0.92268,1,1.25
11.08.2021 01:48:20.059,0.9227799999999999,0.9226700000000001,1,1.25
11.08.2021 01:48:22.197,0.9227700000000001,0.92268,1,1.75
11.08.2021 01:48:23.910,0.9228000000000001,0.92269,1,1.69
11.08.2021 01:48:24.786,0.9228000000000001,0.92271,1.5,1
11.08.2021 01:49:57.724,0.92279,0.92271,1,1.57
11.08.2021 01:50:01.776,0.9228000000000001,0.92271,1,1.57
11.08.2021 01:50:31.097,0.92279,0.92271,1,1.5
11.08.2021 01:50:36.534,0.92279,0.9227200000000001,1,1
11.08.2021 01:50:39.595,0.92279,0.92271,1,1
11.08.2021 01:51:00.347,0.9227500000000001,0.9226700000000001,1,2.19
11.08.2021 01:51:00.449,0.9227299999999999,0.9226700000000001,1,1
11.08.2021 01:51:00.500,0.9227299999999999,0.9226500000000001,1,1
11.08.2021 01:51:16.416,0.92274,0.9226700000000001,1.5,1
11.08.2021 01:51:17.707,0.9227500000000001,0.92264,1.5,1.25
11.08.2021 01:51:26.941,0.9227299999999999,0.9226500000000001,1,1.25
11.08.2021 01:51:29.582,0.9227200000000001,0.9226500000000001,1,1.25
11.08.2021 01:51:32.681,0.9227299999999999,0.9226500000000001,1,1.25
11.08.2021 01:51:34.272,0.9227299999999999,0.92264,1,2.25
11.08.2021 01:51:39.000,0.9227200000000001,0.92264,1,1.5
11.08.2021 01:52:29.276,0.9227200000000001,0.92263,1,1.5
11.08.2021 01:52:31.528,0.92271,0.9226200000000001,1,1.5
11.08.2021 01:52:31.630,0.9227000000000001,0.9226200000000001,1,1.5
11.08.2021 01:52:31.833,0.92268,0.92261,1,1
11.08.2021 01:52:31.985,0.92268,0.92259,1,1.1
11.08.2021 01:52:47.829,0.9226700000000001,0.92259,1,1.76
11.08.2021 01:53:10.059,0.92266,0.92259,1,1
11.08.2021 01:53:13.456,0.92266,0.92258,1,1.69
11.08.2021 01:53:13.558,0.92264,0.9225700000000001,1,1.1
11.08.2021 01:53:13.710,0.9226500000000001,0.9225500000000001,1,1.69
11.08.2021 01:53:15.548,0.92263,0.92256,1,1.25
11.08.2021 01:53:19.665,0.92263,0.9225500000000001,1,1.76
11.08.2021 01:53:19.921,0.9226200000000001,0.9225500000000001,1,1
11.08.2021 01:53:21.062,0.92263,0.92253,1,1
11.08.2021 01:53:32.971,0.92264,0.92253,1,1.25
11.08.2021 01:54:02.188,0.92263,0.92253,1,2.51
11.08.2021 01:54:02.940,0.92264,0.92253,1,1
11.08.2021 01:54:19.942,0.92263,0.9225500000000001,1,1
11.08.2021 01:54:26.405,0.9226200000000001,0.92253,2.25,2.32
11.08.2021 01:54:26.506,0.92261,0.92253,1,2.25
11.08.2021 01:54:26.608,0.9226200000000001,0.9225500000000001,1,1
11.08.2021 01:54:27.801,0.92264,0.9225500000000001,2.25,1
11.08.2021 01:55:42.038,0.92264,0.92256,1.57,1
11.08.2021 01:56:17.549,0.9227000000000001,0.9226200000000001,2.94,1
11.08.2021 01:56:17.600,0.9227200000000001,0.9226200000000001,1.95,1
11.08.2021 01:56:17.702,0.9227299999999999,0.9226500000000001,1.5,1
11.08.2021 01:56:22.725,0.9227299999999999,0.92264,1.5,1
11.08.2021 01:56:25.474,0.9227299999999999,0.9226500000000001,1,1
11.08.2021 01:57:03.963,0.92274,0.9226500000000001,1.1,1
11.08.2021 01:57:34.344,0.92274,0.92264,1.57,2.14
11.08.2021 01:57:36.320,0.9227299999999999,0.92264,1,1.12
11.08.2021 01:57:58.123,0.9227299999999999,0.9226200000000001,1,1.75
11.08.2021 01:57:58.225,0.92269,0.92259,1.6,1.5
11.08.2021 01:57:58.376,0.9226700000000001,0.9225700000000001,1.1,1.25
11.08.2021 01:58:05.185,0.9227000000000001,0.92261,1.5,1
11.08.2021 01:58:05.287,0.92271,0.9226200000000001,1.1,1.31
11.08.2021 01:58:05.388,0.9227200000000001,0.9226200000000001,1.57,2.06
11.08.2021 01:58:05.675,0.9227200000000001,0.92263,1,1.31
11.08.2021 01:58:13.041,0.9227299999999999,0.92263,1,2.06
11.08.2021 01:58:22.242,0.9227200000000001,0.92263,1,1.12
11.08.2021 01:58:41.187,0.92271,0.9226200000000001,1.25,1.12
11.08.2021 01:59:19.188,0.9226700000000001,0.9226000000000001,1,1.1
11.08.2021 01:59:19.289,0.9226700000000001,0.92258,2.44,1
11.08.2021 01:59:19.391,0.9226700000000001,0.9225700000000001,4.01,2.25
11.08.2021 01:59:21.645,0.9226500000000001,0.92256,1.75,1.12
11.08.2021 01:59:28.191,0.92264,0.92256,1.25,1
11.08.2021 01:59:40.312,0.9226500000000001,0.92256,2.76,1
11.08.2021 02:00:00.021,0.9226500000000001,0.9225500000000001,3.32,1
11.08.2021 02:00:08.735,0.9226500000000001,0.9225500000000001,2.44,1.57
11.08.2021 02:00:13.710,0.9226500000000001,0.92256,1.5,1
11.08.2021 02:00:19.835,0.9226500000000001,0.92256,2.57,1
11.08.2021 02:00:21.840,0.92264,0.9225500000000001,1.75,1
11.08.2021 02:00:22.471,0.92263,0.9225500000000001,1.25,1
11.08.2021 02:00:24.645,0.92263,0.9225500000000001,1.25,1
11.08.2021 02:00:24.746,0.92263,0.9225500000000001,1.75,1
11.08.2021 02:00:24.847,0.92263,0.9225500000000001,1.25,1
11.08.2021 02:00:31.563,0.92263,0.92254,1,1.57
11.08.2021 02:00:33.624,0.92263,0.9225500000000001,1,1
11.08.2021 02:00:34.646,0.9226500000000001,0.92254,1,1.57
11.08.2021 02:01:15.191,0.92264,0.9225500000000001,1.75,1.5
11.08.2021 02:01:32.112,0.92264,0.9225500000000001,1,1.5
11.08.2021 02:01:34.397,0.92263,0.9225500000000001,1,1
11.08.2021 02:01:34.498,0.92258,0.92249,1,2.1
11.08.2021 02:01:34.701,0.92258,0.92248,1.76,2.32
11.08.2021 02:01:39.188,0.92258,0.92248,2.54,1.5
11.08.2021 02:01:44.937,0.9225700000000001,0.9224700000000001,1.1,2.32
11.08.2021 02:01:45.708,0.92256,0.9224700000000001,1,2.32
11.08.2021 02:01:53.787,0.9225700000000001,0.9224700000000001,1,1
11.08.2021 02:02:19.677,0.92256,0.9224700000000001,1.69,1.5
11.08.2021 02:02:27.284,0.9225500000000001,0.9224700000000001,1,1.5
11.08.2021 02:02:36.270,0.9225500000000001,0.92248,1,1
11.08.2021 02:02:36.371,0.9225700000000001,0.9224700000000001,1,2.32
11.08.2021 02:02:36.472,0.92256,0.92249,1,1
11.08.2021 02:02:41.615,0.92256,0.92248,1,2.32
11.08.2021 02:02:44.119,0.92256,0.92251,1,1
11.08.2021 02:02:45.425,0.92258,0.92251,1.57,1
11.08.2021 02:02:49.724,0.92258,0.9225200000000001,1.1,1
11.08.2021 02:02:49.825,0.92259,0.9225200000000001,1.5,1
11.08.2021 02:02:50.292,0.9226200000000001,0.9225500000000001,2.44,1
11.08.2021 02:02:50.393,0.92263,0.9225500000000001,1.57,1
11.08.2021 02:02:50.727,0.92263,0.92256,1,1
11.08.2021 02:02:50.828,0.92263,0.9225700000000001,1,1
11.08.2021 02:03:02.009,0.92264,0.9225700000000001,1.25,1
11.08.2021 02:03:18.238,0.9226500000000001,0.9225500000000001,1,1
11.08.2021 02:03:23.826,0.9226200000000001,0.92254,2.51,1
11.08.2021 02:03:23.927,0.9226000000000001,0.9225200000000001,1,1
11.08.2021 02:03:33.526,0.92258,0.9225000000000001,1.1,1
11.08.2021 02:03:34.144,0.92258,0.92249,1.1,1.5
11.08.2021 02:03:34.259,0.92259,0.9225000000000001,1.25,1
11.08.2021 02:03:37.715,0.92259,0.92251,1.25,1
11.08.2021 02:03:40.133,0.92258,0.9225000000000001,1,1
11.08.2021 02:03:42.337,0.92259,0.92251,1.69,1
11.08.2021 02:03:43.709,0.92258,0.92249,1.1,1.5
11.08.2021 02:03:43.861,0.92258,0.9225000000000001,1.1,1
11.08.2021 02:03:52.447,0.92258,0.92249,1.1,1.5
11.08.2021 02:03:55.037,0.92258,0.9225000000000001,1.1,1
11.08.2021 02:04:00.909,0.9225700000000001,0.92249,1,1
11.08.2021 02:04:45.675,0.92258,0.92251,1,1
11.08.2021 02:04:55.123,0.92258,0.9225000000000001,1.1,1.5
11.08.2021 02:05:07.677,0.92258,0.92251,1.76,1
11.08.2021 02:05:32.170,0.92261,0.9225500000000001,1,1
11.08.2021 02:05:32.272,0.92261,0.92256,1,1
11.08.2021 02:05:33.881,0.92263,0.92256,1.5,1
11.08.2021 02:05:35.106,0.92263,0.9225700000000001,1.5,1
11.08.2021 02:05:37.718,0.92259,0.92251,1.25,1.95
11.08.2021 02:05:37.820,0.92258,0.92251,1,1
11.08.2021 02:05:42.311,0.92258,0.9225000000000001,1.25,1
11.08.2021 02:05:58.583,0.92259,0.9225000000000001,1.87,1
11.08.2021 02:06:10.461,0.9225700000000001,0.9225000000000001,1,1
11.08.2021 02:06:13.779,0.92256,0.9225000000000001,1,1
11.08.2021 02:06:14.603,0.92256,0.92249,1.25,1
11.08.2021 02:06:48.649,0.9225500000000001,0.92248,1,1
11.08.2021 02:06:49.799,0.9225500000000001,0.9224700000000001,1,1
11.08.2021 02:07:53.525,0.92251,0.9224100000000001,1,1.5
11.08.2021 02:07:53.576,0.9225200000000001,0.9224200000000001,2.62,1.79
11.08.2021 02:07:53.678,0.9225200000000001,0.9224200000000001,4.07,1.5
11.08.2021 02:07:54.058,0.92249,0.9224,1,1
11.08.2021 02:07:54.613,0.92249,0.9224100000000001,1,1
11.08.2021 02:08:50.099,0.9225000000000001,0.92239,1,1
11.08.2021 02:08:59.696,0.92248,0.9224,1,1.5
11.08.2021 02:10:26.578,0.92249,0.9224,1.5,1
11.08.2021 02:10:27.805,0.92249,0.9224,1.75,1
11.08.2021 02:10:30.049,0.92249,0.9224,1.25,1
11.08.2021 02:10:59.071,0.92249,0.9224,2.5,1
11.08.2021 02:11:00.272,0.9225000000000001,0.92239,1.69,1
11.08.2021 02:11:00.381,0.92249,0.9224,2.5,1
11.08.2021 02:11:01.802,0.92249,0.9224,1.69,1
11.08.2021 02:11:01.903,0.92249,0.9224,2.5,1
11.08.2021 02:11:06.603,0.92249,0.9224,1.25,1
11.08.2021 02:11:06.704,0.9225000000000001,0.9224,1.87,1.5
11.08.2021 02:11:06.806,0.9225000000000001,0.9224100000000001,1,1.5
11.08.2021 02:11:06.907,0.92251,0.9224100000000001,1.5,1.69
11.08.2021 02:11:07.342,0.92253,0.92243,2.14,1
11.08.2021 02:11:12.543,0.9225200000000001,0.9224200000000001,1,1.5
11.08.2021 02:11:12.694,0.9225200000000001,0.9224200000000001,2.94,1
11.08.2021 02:11:12.796,0.9225000000000001,0.9224100000000001,1.12,1.5
11.08.2021 02:11:12.947,0.9225000000000001,0.9224100000000001,2.19,1
11.08.2021 02:11:14.086,0.92249,0.9224,1.31,1
11.08.2021 02:11:42.852,0.92249,0.9224,2.12,1
11.08.2021 02:11:43.003,0.92249,0.9224,1.31,1
11.08.2021 02:11:45.252,0.92249,0.9224,2.12,1
11.08.2021 02:11:45.362,0.92249,0.9224,1.31,1
11.08.2021 02:12:00.329,0.9224600000000001,0.9224,1,1
11.08.2021 02:12:04.374,0.9225000000000001,0.92239,1.31,1
11.08.2021 02:12:04.476,0.9224700000000001,0.92239,1.25,1
11.08.2021 02:12:19.120,0.9224700000000001,0.9224,1,1
11.08.2021 02:12:19.289,0.92248,0.9224,1.12,1
11.08.2021 02:12:53.402,0.92248,0.92239,1.25,1
11.08.2021 02:13:28.997,0.92248,0.92238,1,1
11.08.2021 02:13:37.417,0.9224600000000001,0.92239,1,1
11.08.2021 02:13:39.616,0.92245,0.92239,1,1
11.08.2021 02:13:40.606,0.9224700000000001,0.92239,1,1
11.08.2021 02:13:55.708,0.9224700000000001,0.92238,1,1
11.08.2021 02:14:21.713,0.92248,0.92238,1,1.5
11.08.2021 02:14:21.814,0.92249,0.92239,2.32,1
11.08.2021 02:14:39.484,0.92249,0.92239,3.32,1
11.08.2021 02:14:43.176,0.9224700000000001,0.92238,1,1
11.08.2021 02:15:15.219,0.9224600000000001,0.92238,1,1
11.08.2021 02:15:18.392,0.92248,0.9223700000000001,1,1
11.08.2021 02:15:20.134,0.9224700000000001,0.92239,1,1
11.08.2021 02:15:25.140,0.92248,0.92239,1,1
11.08.2021 02:16:21.753,0.92249,0.92239,1.95,1
11.08.2021 02:16:29.375,0.92249,0.92239,2.95,1
11.08.2021 02:16:56.208,0.9224600000000001,0.92239,1,1
11.08.2021 02:16:59.415,0.92249,0.92239,2.95,1
11.08.2021 02:18:37.226,0.9224600000000001,0.92239,1,1
11.08.2021 02:18:40.381,0.92248,0.92239,1,1
11.08.2021 02:18:40.551,0.9224700000000001,0.92238,2.06,1
11.08.2021 02:18:45.428,0.92248,0.92239,1.5,1
11.08.2021 02:20:10.622,0.9224600000000001,0.92239,1,1
11.08.2021 02:20:12.815,0.92248,0.92239,1.12,1
11.08.2021 02:20:14.525,0.9224600000000001,0.92239,1,1
11.08.2021 02:20:17.738,0.92248,0.92239,1.12,1
11.08.2021 02:20:19.059,0.92248,0.9224,1.31,1
11.08.2021 02:20:33.143,0.9224700000000001,0.9224,1,1
11.08.2021 02:21:18.108,0.9224200000000001,0.92234,1.12,1
11.08.2021 02:21:18.210,0.9224200000000001,0.92233,1.69,1
11.08.2021 02:21:18.261,0.9224100000000001,0.9223200000000001,1,1.5
11.08.2021 02:21:21.873,0.92239,0.9223200000000001,1,1
11.08.2021 02:21:48.066,0.92238,0.9223200000000001,1,1
11.08.2021 02:21:49.220,0.92238,0.9223100000000001,1,1
11.08.2021 02:21:49.831,0.9224100000000001,0.9223,1.12,1
11.08.2021 02:21:52.668,0.92238,0.9223100000000001,1,1
11.08.2021 02:21:56.757,0.9224,0.9223100000000001,1,1
11.08.2021 02:22:00.548,0.92239,0.9223100000000001,1,1
11.08.2021 02:22:10.565,0.92239,0.9223,1,1
11.08.2021 02:22:12.431,0.92238,0.92229,1.69,1
11.08.2021 02:22:15.270,0.92233,0.92225,1,3
11.08.2021 02:22:15.321,0.9223200000000001,0.92223,1,1.5
11.08.2021 02:22:15.423,0.9223100000000001,0.9222200000000002,2.06,1
11.08.2021 02:22:20.748,0.9223100000000001,0.9222100000000001,1.87,1.5
11.08.2021 02:23:12.702,0.9223200000000001,0.9222200000000002,2.44,1
11.08.2021 02:23:22.638,0.92229,0.9222200000000002,1,1
11.08.2021 02:23:23.832,0.92229,0.9222100000000001,1,1.5
11.08.2021 02:23:25.273,0.9223100000000001,0.9222100000000001,1,1.5
11.08.2021 02:23:27.780,0.9223100000000001,0.9222200000000002,1,1
11.08.2021 02:23:28.081,0.9223100000000001,0.9222100000000001,1,1.5
11.08.2021 02:23:28.272,0.92229,0.9222100000000001,1,1.5
11.08.2021 02:23:31.234,0.9223100000000001,0.9222100000000001,1,1.5
11.08.2021 02:23:41.361,0.92228,0.92219,1,1.5
11.08.2021 02:23:46.273,0.92229,0.92219,1.5,1.87
11.08.2021 02:23:51.715,0.92229,0.9222,1,1
11.08.2021 02:23:54.739,0.92223,0.9221700000000002,1,1
11.08.2021 02:23:54.840,0.9222400000000001,0.92213,1.5,1
11.08.2021 02:23:54.942,0.9222400000000001,0.9221200000000002,1.5,1.5
11.08.2021 02:23:58.894,0.9222400000000001,0.92213,1.5,1
11.08.2021 02:23:58.995,0.92223,0.92213,1.5,1.5
11.08.2021 02:24:00.951,0.92223,0.92214,1.5,1
11.08.2021 02:24:37.665,0.92223,0.92214,1.5,1
11.08.2021 02:24:37.867,0.92223,0.92214,1,1
11.08.2021 02:24:41.292,0.9222100000000001,0.92214,1,1
11.08.2021 02:24:42.037,0.92223,0.92214,1,1
11.08.2021 02:24:46.648,0.92228,0.92219,1.69,1
11.08.2021 02:24:46.749,0.92229,0.92219,1,1
11.08.2021 02:24:47.910,0.92229,0.9222100000000001,1,1
11.08.2021 02:24:48.316,0.92229,0.9222,1,1
11.08.2021 02:24:51.268,0.92229,0.9222100000000001,1,1
11.08.2021 02:24:53.226,0.9223,0.9222100000000001,1.5,1
11.08.2021 02:24:53.328,0.9223100000000001,0.9222200000000002,1.87,1
11.08.2021 02:24:56.272,0.9223100000000001,0.9222200000000002,2.12,1
11.08.2021 02:24:56.423,0.9223,0.9222100000000001,1.69,1
11.08.2021 02:25:11.324,0.92228,0.9222100000000001,1,1
11.08.2021 02:25:11.541,0.9223,0.9222100000000001,1.69,1
11.08.2021 02:25:12.861,0.92228,0.9222100000000001,1,1
11.08.2021 02:25:16.294,0.9223100000000001,0.9222,1.69,1
11.08.2021 02:25:23.319,0.92229,0.9222100000000001,1,1
11.08.2021 02:26:00.142,0.92229,0.9222,1,1
11.08.2021 02:26:18.300,0.9223,0.9222,2.44,1
11.08.2021 02:26:27.252,0.92229,0.9222,1.25,1
11.08.2021 02:27:18.556,0.9223100000000001,0.9222,2.44,1
11.08.2021 02:27:19.753,0.92229,0.92219,1,1
11.08.2021 02:27:19.854,0.92229,0.9222,1.25,1
11.08.2021 02:27:27.574,0.92229,0.9222100000000001,1.25,1
11.08.2021 02:28:56.090,0.9223,0.9222100000000001,1,1.5
11.08.2021 02:29:53.110,0.9223100000000001,0.9222100000000001,1,1.5
11.08.2021 02:29:53.212,0.9223100000000001,0.9222,1,1
11.08.2021 02:30:00.316,0.9223100000000001,0.9222100000000001,1,1
11.08.2021 02:30:00.418,0.9223200000000001,0.9222,2.44,1.5
11.08.2021 02:30:10.840,0.9223,0.9222100000000001,1,1.5
11.08.2021 02:30:15.688,0.9223200000000001,0.9222,1.69,1.5
11.08.2021 02:30:15.791,0.9223,0.9222100000000001,1,1.5
11.08.2021 02:30:55.345,0.9223,0.9222,1.25,1.5
11.08.2021 02:31:00.646,0.9223100000000001,0.9222100000000001,1.76,1
11.08.2021 02:31:02.930,0.9223100000000001,0.9222100000000001,2.57,1
11.08.2021 02:31:58.071,0.92229,0.9222100000000001,1,1
11.08.2021 02:32:25.666,0.92229,0.9222,1,1
11.08.2021 02:32:58.212,0.92229,0.9222100000000001,1.25,1
11.08.2021 02:33:12.319,0.92229,0.92218,1.76,1.5
11.08.2021 02:33:12.370,0.9222600000000001,0.9221700000000002,1.01,1.5
11.08.2021 02:33:12.521,0.9222600000000001,0.92215,1.1,1.5
11.08.2021 02:33:16.854,0.92225,0.92215,1.1,2.25
11.08.2021 02:33:21.077,0.9222600000000001,0.9221600000000001,2.35,1.5
11.08.2021 02:33:23.334,0.9222400000000001,0.9221600000000001,1,1
11.08.2021 02:33:23.385,0.92223,0.92214,1,1.5
11.08.2021 02:33:23.486,0.9222200000000002,0.92213,1,1.5
11.08.2021 02:34:22.442,0.9222200000000002,0.9221200000000002,1,1
11.08.2021 02:34:22.544,0.92219,0.9221,3.26,1
11.08.2021 02:34:22.697,0.9221600000000001,0.92209,1.69,1
11.08.2021 02:34:22.799,0.9221700000000002,0.92208,1.69,1.5
11.08.2021 02:34:27.582,0.92215,0.9220600000000001,1.5,1.5
11.08.2021 02:34:27.836,0.92214,0.92205,1,1
11.08.2021 02:34:28.224,0.92215,0.92205,2.51,1.5
11.08.2021 02:34:29.481,0.92214,0.92205,1,1
11.08.2021 02:34:38.075,0.92214,0.92204,2.44,2.25
11.08.2021 02:35:04.074,0.92214,0.92205,2.44,1
11.08.2021 02:35:04.176,0.92215,0.9220600000000001,1.5,1
11.08.2021 02:35:04.277,0.92215,0.92205,2.25,1
11.08.2021 02:35:05.375,0.92215,0.92204,1,1
11.08.2021 02:35:28.950,0.92215,0.92205,2.51,1
11.08.2021 02:35:32.158,0.9221,0.92204,1,1.5
11.08.2021 02:35:34.957,0.92209,0.92204,1,1
11.08.2021 02:35:35.059,0.92209,0.92203,1,1
11.08.2021 02:35:39.448,0.92209,0.92204,1,1
11.08.2021 02:35:49.289,0.9221,0.92204,1,1
11.08.2021 02:36:17.338,0.9221100000000001,0.92204,1,1
11.08.2021 02:36:39.172,0.9221,0.92203,1,1
11.08.2021 02:36:39.274,0.92209,0.9220200000000001,1.94,1
11.08.2021 02:36:39.375,0.92209,0.9220200000000001,1.25,1
11.08.2021 02:36:39.476,0.9221,0.92203,1,1
11.08.2021 02:36:39.577,0.9221200000000002,0.9220200000000001,1,1
11.08.2021 02:37:01.302,0.9221200000000002,0.92203,1,1.5
11.08.2021 02:37:02.620,0.92213,0.92203,1,1
11.08.2021 02:37:16.016,0.92213,0.92204,1,2.25
11.08.2021 02:37:17.397,0.92213,0.92205,1,1
11.08.2021 02:37:18.257,0.92218,0.9221,1.2,1
11.08.2021 02:37:18.358,0.92218,0.9221100000000001,1,1
11.08.2021 02:37:18.409,0.9222,0.9221200000000002,1,1
11.08.2021 02:37:18.511,0.92223,0.92215,1.6,1.5
11.08.2021 02:37:18.613,0.9222600000000001,0.92218,1,1
11.08.2021 02:37:18.715,0.92228,0.9222,1,1
11.08.2021 02:37:32.288,0.92228,0.9222100000000001,1,1
11.08.2021 02:38:17.820,0.92228,0.9222,1,1
11.08.2021 02:39:32.839,0.92228,0.9222100000000001,1,1
11.08.2021 02:39:36.184,0.9223,0.9222,1,1.5
11.08.2021 02:40:00.427,0.92229,0.9222,1,1.5
11.08.2021 02:40:06.721,0.92228,0.9222,1,1.5
11.08.2021 02:40:34.203,0.9222600000000001,0.9222,1,1
11.08.2021 02:40:34.254,0.9222600000000001,0.92218,3.94,1.5
11.08.2021 02:40:34.305,0.9222200000000002,0.92213,1,2.25
11.08.2021 02:40:34.406,0.9222,0.9221200000000002,1,2.44
11.08.2021 02:40:34.507,0.92219,0.9221200000000002,1,1
11.08.2021 02:40:34.609,0.92219,0.9221100000000001,1,1.5
11.08.2021 02:41:07.096,0.9222,0.9221100000000001,1,1
11.08.2021 02:41:07.198,0.9222,0.92213,1,1
11.08.2021 02:41:07.299,0.9222,0.92214,1,1
11.08.2021 02:41:07.349,0.9222,0.9221200000000002,1,1.69
11.08.2021 02:42:06.468,0.9222100000000001,0.9221200000000002,1,1.5
11.08.2021 02:42:27.175,0.9222200000000002,0.9221200000000002,1.5,2.25
11.08.2021 02:42:55.874,0.9222200000000002,0.92213,1,1
11.08.2021 02:43:50.830,0.9222200000000002,0.9221200000000002,1,2.25
11.08.2021 02:44:04.613,0.9222200000000002,0.92215,1,1
11.08.2021 02:44:04.664,0.9222200000000002,0.92213,1,1.87
11.08.2021 02:44:06.418,0.9222200000000002,0.9221200000000002,1.5,2.25
11.08.2021 02:44:09.568,0.9222100000000001,0.9221200000000002,1,1.5
11.08.2021 02:44:32.205,0.9222100000000001,0.92214,1,1
11.08.2021 02:44:32.407,0.9222100000000001,0.9221200000000002,1,1.5
11.08.2021 02:44:40.412,0.9222100000000001,0.9221100000000001,1.5,2.25
11.08.2021 02:44:52.547,0.9222100000000001,0.9221200000000002,1,1
11.08.2021 02:45:00.533,0.9222200000000002,0.92213,1,1
11.08.2021 02:45:00.635,0.92223,0.92213,1.5,1.5
11.08.2021 02:45:09.337,0.9222400000000001,0.9221200000000002,2.57,1
11.08.2021 02:45:11.238,0.92223,0.92213,1.76,1
11.08.2021 02:45:42.033,0.9222400000000001,0.9221600000000001,1,1
11.08.2021 02:45:42.135,0.9222600000000001,0.9221600000000001,1.57,2.25
11.08.2021 02:46:35.625,0.9222700000000001,0.92218,1.25,1
11.08.2021 02:46:35.727,0.92225,0.9221600000000001,1.1,1.5
11.08.2021 02:46:35.828,0.9222600000000001,0.9221700000000002,1.5,1
11.08.2021 02:46:35.929,0.9222600000000001,0.9221600000000001,1.57,3.75
11.08.2021 02:46:43.274,0.9222600000000001,0.9221700000000002,1,1.5
11.08.2021 02:47:02.765,0.9222600000000001,0.9221600000000001,1.69,2.25
11.08.2021 02:48:02.764,0.9222400000000001,0.92215,3.29,1
11.08.2021 02:48:02.866,0.92223,0.92214,1.76,1
11.08.2021 02:48:23.964,0.9222200000000002,0.92213,1,1
11.08.2021 02:48:25.178,0.9222200000000002,0.9221200000000002,1.5,2.25
11.08.2021 02:48:40.179,0.9222200000000002,0.9221100000000001,1.01,1.5
11.08.2021 02:48:40.381,0.9222,0.9221200000000002,1.25,1
11.08.2021 02:48:41.024,0.9222100000000001,0.9221200000000002,2.51,1
11.08.2021 02:48:48.941,0.9222100000000001,0.92213,1,1
11.08.2021 02:48:49.043,0.9222200000000002,0.92214,1.1,1
11.08.2021 02:48:49.195,0.9222200000000002,0.9221200000000002,1.57,2.44
11.08.2021 02:50:41.027,0.9222200000000002,0.92213,1,1
11.08.2021 02:52:46.378,0.9222100000000001,0.9221200000000002,1.25,1.5
11.08.2021 02:52:46.480,0.9222100000000001,0.9221200000000002,1.25,1.5
11.08.2021 02:52:46.582,0.9221700000000002,0.92208,2.44,1.87
11.08.2021 02:52:46.683,0.9221700000000002,0.9220700000000002,3.19,1.5
11.08.2021 02:52:46.785,0.9221600000000001,0.9220700000000002,1,1
11.08.2021 02:52:46.886,0.92215,0.9220600000000001,1.69,1
11.08.2021 02:53:13.726,0.92214,0.9220600000000001,1,1
11.08.2021 02:53:20.722,0.92218,0.92209,1,1
11.08.2021 02:53:20.825,0.9222,0.92213,1,1
11.08.2021 02:53:22.422,0.92219,0.92213,1,1
11.08.2021 02:53:31.675,0.92219,0.9221200000000002,1,1
11.08.2021 02:53:58.377,0.92218,0.92209,2.89,1.5
11.08.2021 02:53:58.479,0.9221700000000002,0.92208,1,1
11.08.2021 02:53:58.581,0.9221700000000002,0.9220700000000002,1,1
11.08.2021 02:53:59.864,0.92215,0.92208,1,1
11.08.2021 02:53:59.965,0.92215,0.9220700000000002,1,1
11.08.2021 02:54:38.662,0.92215,0.92208,1,1
11.08.2021 02:54:40.370,0.9221600000000001,0.9220600000000001,1,1
11.08.2021 02:55:01.211,0.92214,0.9220700000000002,1,1
11.08.2021 02:56:56.879,0.92215,0.9220700000000002,1.5,1
11.08.2021 02:57:59.238,0.92215,0.9220600000000001,1.5,1
11.08.2021 03:00:26.670,0.92214,0.9220600000000001,1,1
11.08.2021 03:00:35.139,0.92215,0.9220600000000001,1,1
11.08.2021 03:01:03.937,0.92213,0.9220600000000001,1.25,1
11.08.2021 03:01:04.039,0.92213,0.92205,1.01,1
11.08.2021 03:01:11.181,0.92213,0.92204,1.25,1
11.08.2021 03:01:12.263,0.92209,0.9220100000000001,1.01,3.37
11.08.2021 03:01:12.364,0.92209,0.922,2.51,1
11.08.2021 03:01:12.668,0.92209,0.9220100000000001,2.51,1
11.08.2021 03:01:14.419,0.92209,0.922,3.26,1
11.08.2021 03:01:14.829,0.92208,0.922,1.1,1
11.08.2021 03:01:18.414,0.92209,0.92203,1.25,1
11.08.2021 03:01:18.465,0.9221200000000002,0.92205,1.76,1
11.08.2021 03:01:18.566,0.92213,0.92205,2.32,1
11.08.2021 03:01:23.667,0.92213,0.9220700000000002,1,1
11.08.2021 03:02:13.485,0.92214,0.9220700000000002,1,1
11.08.2021 03:02:34.378,0.9221700000000002,0.9220700000000002,1.2,1
11.08.2021 03:02:40.330,0.9221700000000002,0.9220700000000002,2.35,1
11.08.2021 03:02:40.482,0.9221700000000002,0.92208,2.35,1
11.08.2021 03:02:48.113,0.9221600000000001,0.9220700000000002,1.1,1
11.08.2021 03:02:49.879,0.92214,0.9220700000000002,1.01,1
11.08.2021 03:02:53.407,0.9221600000000001,0.9220700000000002,1.95,1
11.08.2021 03:02:53.509,0.92215,0.9220700000000002,1,1
11.08.2021 03:03:21.879,0.9221700000000002,0.92209,1.5,1.12
11.08.2021 03:03:21.930,0.9222100000000001,0.92213,1.2,1
11.08.2021 03:03:22.031,0.9222200000000002,0.92213,1.95,1
11.08.2021 03:03:22.183,0.9222200000000002,0.92215,1,1
11.08.2021 03:03:53.406,0.92223,0.92215,1.12,1
11.08.2021 03:04:47.880,0.92223,0.92214,1.57,1
11.08.2021 03:06:42.993,0.92223,0.92215,1.5,1
11.08.2021 03:07:21.695,0.92223,0.9221600000000001,1,1
11.08.2021 03:07:26.956,0.92223,0.92215,1,1
11.08.2021 03:07:38.128,0.92223,0.9221600000000001,1.5,1
11.08.2021 03:07:43.675,0.92223,0.92215,1.5,1
11.08.2021 03:08:20.814,0.92223,0.9221600000000001,1,1
11.08.2021 03:08:21.946,0.92223,0.92215,1,1
11.08.2021 03:09:21.025,0.9222200000000002,0.92215,1,1
11.08.2021 03:09:21.128,0.9221700000000002,0.92209,1,2.25
11.08.2021 03:09:21.231,0.9221700000000002,0.9220700000000002,2.89,1
11.08.2021 03:09:21.282,0.9221600000000001,0.9220600000000001,1.25,1
11.08.2021 03:09:24.821,0.9221600000000001,0.9220700000000002,1.57,1
11.08.2021 03:09:38.775,0.9221600000000001,0.9220600000000001,2.51,1
11.08.2021 03:10:16.260,0.92215,0.9220600000000001,1,1
11.08.2021 03:10:30.709,0.9221600000000001,0.9220700000000002,1.5,1
11.08.2021 03:10:30.810,0.92215,0.9220700000000002,1,1
11.08.2021 03:10:43.096,0.9221600000000001,0.9220700000000002,1,1
11.08.2021 03:10:43.198,0.92215,0.9220700000000002,1,1
11.08.2021 03:10:52.242,0.92215,0.92208,1,1
11.08.2021 03:11:03.300,0.9221600000000001,0.92208,1,1
11.08.2021 03:11:12.485,0.9221700000000002,0.92209,1.12,1
11.08.2021 03:11:12.586,0.92218,0.92209,1.12,1
11.08.2021 03:11:12.687,0.92219,0.9221,1,1
11.08.2021 03:11:18.139,0.9222,0.9221,1,1
11.08.2021 03:11:22.779,0.92219,0.9221200000000002,1,1
11.08.2021 03:11:23.565,0.9222,0.9221,1,1
11.08.2021 03:11:24.541,0.92223,0.9221200000000002,3.12,1
11.08.2021 03:11:24.642,0.9222200000000002,0.92214,1,1
11.08.2021 03:11:24.744,0.92223,0.92215,1,1
11.08.2021 03:11:27.703,0.9222400000000001,0.92213,1,1
11.08.2021 03:11:34.512,0.9222400000000001,0.92214,1.5,1
11.08.2021 03:11:47.091,0.92223,0.92214,1,1.1
11.08.2021 03:12:21.736,0.92223,0.92213,1.5,1.57
11.08.2021 03:12:36.001,0.92223,0.92214,1.5,1
11.08.2021 03:13:35.524,0.92223,0.92213,1,1.5
11.08.2021 03:13:47.601,0.9222100000000001,0.92214,1,1
11.08.2021 03:13:47.652,0.92219,0.9221100000000001,2.25,1
11.08.2021 03:13:47.753,0.92218,0.9221,1,1.5
11.08.2021 03:13:47.879,0.9221700000000002,0.9221,1,1
11.08.2021 03:13:52.495,0.9221700000000002,0.92209,1.5,1
11.08.2021 03:13:52.546,0.9221600000000001,0.92208,1,1
11.08.2021 03:13:52.647,0.92214,0.92209,1,1
11.08.2021 03:13:52.698,0.92215,0.9220600000000001,1,1
11.08.2021 03:14:17.844,0.92214,0.9220600000000001,1,1.5
11.08.2021 03:14:30.937,0.92214,0.9220700000000002,1,1.57
11.08.2021 03:14:37.096,0.92214,0.9220600000000001,1,2.32
11.08.2021 03:14:43.126,0.92214,0.9220700000000002,1,1
11.08.2021 03:14:55.459,0.92214,0.92208,1,1
11.08.2021 03:14:55.561,0.9221700000000002,0.92208,1.12,1.57
11.08.2021 03:15:01.695,0.9221700000000002,0.92209,1,1
11.08.2021 03:15:06.602,0.92218,0.92209,1,1.57
11.08.2021 03:15:06.754,0.9222,0.92213,1,1
11.08.2021 03:15:06.855,0.9222100000000001,0.92214,1,1
11.08.2021 03:15:19.765,0.92223,0.92213,1,1
11.08.2021 03:15:23.071,0.92223,0.92214,1,1.57
11.08.2021 03:15:28.674,0.92223,0.92215,1,1
11.08.2021 03:15:42.162,0.9222400000000001,0.92218,1,1
11.08.2021 03:15:42.263,0.9222700000000001,0.9222100000000001,1,1
11.08.2021 03:15:42.314,0.92229,0.9222200000000002,1,1
11.08.2021 03:15:45.922,0.9223,0.9222200000000002,1.5,1.1
11.08.2021 03:15:46.675,0.9223,0.92223,1.5,1
11.08.2021 03:17:01.019,0.9222400000000001,0.9221700000000002,1,1
11.08.2021 03:17:01.120,0.92223,0.9221700000000002,1,1
11.08.2021 03:17:04.677,0.92223,0.9221600000000001,1,1
11.08.2021 03:17:23.603,0.92225,0.92215,1,1
11.08.2021 03:17:39.174,0.92225,0.92214,1,1.5
11.08.2021 03:17:53.641,0.92225,0.92215,2.25,1.5
11.08.2021 03:18:16.358,0.9222400000000001,0.92215,1,1
11.08.2021 03:19:32.875,0.9222400000000001,0.9221600000000001,1,1
11.08.2021 03:19:32.977,0.92228,0.9222100000000001,1,1
11.08.2021 03:19:33.079,0.9223,0.92223,1.25,1
11.08.2021 03:19:57.223,0.9223100000000001,0.92223,1,1.1
11.08.2021 03:19:57.324,0.9223100000000001,0.9222400000000001,1,1
11.08.2021 03:19:57.374,0.92233,0.9222400000000001,1.31,1
11.08.2021 03:19:59.676,0.9223100000000001,0.9222400000000001,1.25,1
11.08.2021 03:20:24.551,0.9223100000000001,0.92223,1.25,1
11.08.2021 03:20:28.722,0.9223100000000001,0.9222400000000001,1.25,1
11.08.2021 03:20:44.961,0.9223100000000001,0.92223,1.25,1
11.08.2021 03:20:56.732,0.9223100000000001,0.92223,1.25,1
11.08.2021 03:21:07.676,0.9223200000000001,0.9222100000000001,1.25,1.1
11.08.2021 03:21:31.041,0.92228,0.9222200000000002,1,1
11.08.2021 03:21:31.143,0.9222600000000001,0.9221700000000002,2.06,1.5
11.08.2021 03:21:31.194,0.92225,0.9221700000000002,1.69,1
11.08.2021 03:21:31.295,0.92225,0.92215,1.25,1.5
11.08.2021 03:21:31.601,0.9222400000000001,0.92215,1,1
11.08.2021 03:21:33.092,0.9222400000000001,0.9221700000000002,1,1
11.08.2021 03:21:33.194,0.92229,0.9222100000000001,1.69,1
11.08.2021 03:21:33.295,0.9223,0.9222200000000002,1,1
11.08.2021 03:21:44.095,0.9223100000000001,0.9222200000000002,1.69,1
11.08.2021 03:21:50.693,0.9223200000000001,0.9222200000000002,2.44,1.6
11.08.2021 03:22:02.127,0.9223100000000001,0.92223,1.25,1
11.08.2021 03:22:05.892,0.9223200000000001,0.92223,1,1.1
11.08.2021 03:22:07.171,0.92234,0.92223,1,1.1
11.08.2021 03:22:07.272,0.92233,0.9222400000000001,1,1.1
11.08.2021 03:22:31.856,0.92233,0.9222400000000001,1.25,1.1
11.08.2021 03:23:13.268,0.92233,0.92223,1.31,1.57
11.08.2021 03:23:37.036,0.92233,0.9222400000000001,1.25,1.1
11.08.2021 03:23:56.380,0.9223200000000001,0.9222400000000001,1.25,1
11.08.2021 03:23:56.481,0.9223200000000001,0.9222400000000001,1.94,1
11.08.2021 03:23:57.451,0.9223200000000001,0.92223,1.94,1
11.08.2021 03:24:07.585,0.92233,0.9222200000000002,1.25,1.1
11.08.2021 03:24:20.405,0.9222700000000001,0.92219,1,1
11.08.2021 03:24:20.506,0.9222600000000001,0.92218,2.5,1.5
11.08.2021 03:24:20.557,0.92225,0.9221600000000001,1.69,1.1
11.08.2021 03:24:20.986,0.9222600000000001,0.9221600000000001,2.06,1.57
11.08.2021 03:24:25.708,0.9222600000000001,0.9221700000000002,1.31,1
11.08.2021 03:24:27.210,0.9222700000000001,0.9221700000000002,3.56,1
11.08.2021 03:24:42.878,0.92229,0.9221700000000002,2.87,1
11.08.2021 03:25:08.853,0.9222600000000001,0.92218,1.25,1
11.08.2021 03:25:14.625,0.92225,0.9221600000000001,1.87,1
11.08.2021 03:25:14.878,0.9222400000000001,0.92215,1.25,1
11.08.2021 03:25:45.997,0.9222400000000001,0.92215,1.5,1
11.08.2021 03:25:46.098,0.9222400000000001,0.92214,1.31,1.1
11.08.2021 03:26:15.493,0.9222200000000002,0.92213,2.06,1
11.08.2021 03:26:15.645,0.9222200000000002,0.92213,2.31,1
11.08.2021 03:27:15.606,0.92223,0.9221200000000002,1.25,1
11.08.2021 03:27:40.438,0.92223,0.92213,2.44,2.32
11.08.2021 03:27:40.540,0.9222400000000001,0.92214,1.5,1.57
11.08.2021 03:27:40.642,0.9222400000000001,0.92214,1.5,1.6
11.08.2021 03:27:40.744,0.9222400000000001,0.9221600000000001,1,1
11.08.2021 03:27:47.324,0.92228,0.9222100000000001,1.69,1
11.08.2021 03:27:47.426,0.9223,0.9222200000000002,1.25,1
11.08.2021 03:27:47.527,0.9223100000000001,0.9222200000000002,1.25,1
11.08.2021 03:28:01.952,0.9223100000000001,0.92223,1,1
11.08.2021 03:28:26.263,0.92234,0.92225,2.06,1
11.08.2021 03:28:26.465,0.9223700000000001,0.92229,3.81,1
11.08.2021 03:28:26.567,0.9223700000000001,0.92228,3.81,1
11.08.2021 03:28:26.769,0.9223700000000001,0.92229,3.06,1
11.08.2021 03:28:26.870,0.92238,0.9222700000000001,3.06,1
11.08.2021 03:28:39.675,0.9223700000000001,0.9223,1.12,1
11.08.2021 03:28:39.776,0.92238,0.9223100000000001,1,1
11.08.2021 03:28:39.877,0.92239,0.9223100000000001,1,1.1
11.08.2021 03:28:43.674,0.92239,0.9223200000000001,1,1
11.08.2021 03:28:46.055,0.9224,0.9223200000000001,1.25,1
11.08.2021 03:28:46.156,0.9224100000000001,0.9223200000000001,2.06,1
11.08.2021 03:29:04.154,0.92243,0.92233,5.19,1
11.08.2021 03:29:04.255,0.92244,0.9223200000000001,3.56,1.1
11.08.2021 03:29:04.407,0.9224100000000001,0.9223200000000001,1,1.1
11.08.2021 03:29:04.509,0.9224100000000001,0.92233,1,1.1
11.08.2021 03:29:05.294,0.9224100000000001,0.9223200000000001,1,1.1
11.08.2021 03:29:08.521,0.9224100000000001,0.92233,1,1
11.08.2021 03:29:09.645,0.9224200000000001,0.9223100000000001,1,1.1
11.08.2021 03:29:14.295,0.9224100000000001,0.92234,1,1
11.08.2021 03:29:14.416,0.9224100000000001,0.92233,1,1
11.08.2021 03:29:14.574,0.9224100000000001,0.9223200000000001,1,1.1
11.08.2021 03:29:19.961,0.9224100000000001,0.92233,1,1
11.08.2021 03:29:20.338,0.9224100000000001,0.9223200000000001,1,1.1
11.08.2021 03:29:24.847,0.9224100000000001,0.92233,1,1
11.08.2021 03:29:25.174,0.9224100000000001,0.92234,1,1
11.08.2021 03:29:25.276,0.92243,0.92234,2.19,1
11.08.2021 03:29:44.002,0.92243,0.92233,4.44,1
11.08.2021 03:29:46.647,0.92243,0.92234,2.06,1
11.08.2021 03:29:50.195,0.92243,0.92234,3.62,1
11.08.2021 03:30:02.221,0.92245,0.92239,1,1
11.08.2021 03:30:02.272,0.9224700000000001,0.92239,1.31,1
11.08.2021 03:30:02.374,0.92248,0.9224,1.94,1
11.08.2021 03:30:02.475,0.92248,0.9224,1.25,1
11.08.2021 03:30:13.313,0.9225000000000001,0.9224,1.94,1
11.08.2021 03:30:13.740,0.92249,0.9224200000000001,1.94,1
11.08.2021 03:30:17.555,0.92249,0.9224100000000001,2.69,1
11.08.2021 03:30:21.149,0.92249,0.9224100000000001,1.69,1
11.08.2021 03:30:21.301,0.92249,0.9224200000000001,1.69,1
11.08.2021 03:30:32.688,0.92249,0.9224100000000001,1.69,1
11.08.2021 03:32:20.499,0.92249,0.9224100000000001,2.69,1
11.08.2021 03:32:45.414,0.92249,0.9224100000000001,1.25,1
11.08.2021 03:33:04.147,0.9225000000000001,0.9224100000000001,2.06,1
11.08.2021 03:33:07.215,0.92249,0.9224100000000001,1.25,1
11.08.2021 03:33:14.048,0.9225000000000001,0.9224100000000001,2.06,1
11.08.2021 03:33:14.149,0.92249,0.9224100000000001,1.25,1
11.08.2021 03:33:24.213,0.9225000000000001,0.9224100000000001,2.06,1
11.08.2021 03:33:24.366,0.92249,0.9224100000000001,1.25,1
11.08.2021 03:33:34.600,0.9225000000000001,0.9224100000000001,2.06,1
11.08.2021 03:33:34.651,0.92249,0.9224100000000001,1.5,1
11.08.2021 03:33:37.612,0.9225000000000001,0.9224100000000001,2.06,1
11.08.2021 03:33:39.451,0.92249,0.9224100000000001,1.5,1
11.08.2021 03:33:59.240,0.92249,0.9224200000000001,1.94,1
11.08.2021 03:34:39.395,0.92249,0.9224200000000001,1,1
11.08.2021 03:34:43.245,0.92249,0.9224200000000001,1.94,1
11.08.2021 03:35:15.807,0.92249,0.9224200000000001,1,1
11.08.2021 03:37:55.316,0.92248,0.9224,3.25,1
11.08.2021 03:37:55.418,0.92243,0.92235,2.87,1.5
11.08.2021 03:37:55.469,0.9224100000000001,0.92234,1.25,1
11.08.2021 03:37:55.570,0.9224100000000001,0.92233,1.25,1
11.08.2021 03:37:55.672,0.9224200000000001,0.92234,1.25,1
11.08.2021 03:37:56.025,0.92243,0.9223200000000001,1.25,1.1
11.08.2021 03:37:56.177,0.92243,0.92234,3,1.12
11.08.2021 03:37:56.228,0.9224100000000001,0.92234,1,1.12
11.08.2021 03:37:56.329,0.9224200000000001,0.92234,1,1.12
11.08.2021 03:37:57.167,0.9224200000000001,0.92233,1.25,1
11.08.2021 03:38:01.126,0.9224200000000001,0.92233,1.37,1
11.08.2021 03:38:08.582,0.92243,0.9223600000000001,1.25,1
11.08.2021 03:38:08.684,0.92244,0.9223600000000001,1.25,1
11.08.2021 03:38:08.785,0.92245,0.9223600000000001,1.5,1
11.08.2021 03:38:09.679,0.92244,0.9223600000000001,1,1
11.08.2021 03:38:13.675,0.92244,0.9223700000000001,1,1
11.08.2021 03:38:15.506,0.92244,0.9223600000000001,1,1
11.08.2021 03:38:18.227,0.92245,0.9223600000000001,2.44,1
11.08.2021 03:38:24.895,0.9224200000000001,0.92235,1,1
11.08.2021 03:38:24.996,0.9224200000000001,0.92233,1,1.1
11.08.2021 03:38:32.102,0.92243,0.92235,1.25,1
11.08.2021 03:38:32.253,0.92244,0.9223600000000001,1.31,1
11.08.2021 03:38:54.897,0.92243,0.92235,1,1
11.08.2021 03:38:55.150,0.92243,0.9223600000000001,1,1
11.08.2021 03:38:57.136,0.92244,0.9223600000000001,1,1
11.08.2021 03:39:27.317,0.92245,0.9223600000000001,1.69,1
11.08.2021 03:40:00.333,0.92245,0.9223700000000001,1,1
11.08.2021 03:40:00.434,0.9224700000000001,0.9224,1.25,1
11.08.2021 03:40:00.536,0.92248,0.9224100000000001,1,1
11.08.2021 03:40:00.637,0.92249,0.9224100000000001,1.25,1.1
11.08.2021 03:40:07.836,0.92251,0.92243,1.25,2.72
11.08.2021 03:40:07.938,0.9225500000000001,0.92248,1.25,1
11.08.2021 03:40:08.039,0.92256,0.92249,1.25,1
11.08.2021 03:40:23.023,0.9225700000000001,0.92249,1.69,1
11.08.2021 03:40:56.009,0.92256,0.92249,1.25,1
11.08.2021 03:41:24.159,0.92256,0.92248,1.25,1
11.08.2021 03:41:55.980,0.9225700000000001,0.92248,1.31,1
11.08.2021 03:42:05.125,0.9225200000000001,0.9224600000000001,2.44,1
11.08.2021 03:42:05.176,0.92253,0.9224200000000001,2.44,1.1
11.08.2021 03:42:05.277,0.92251,0.92243,1.69,1
11.08.2021 03:42:05.378,0.92251,0.9224100000000001,1.25,1
11.08.2021 03:42:08.021,0.9225000000000001,0.9224100000000001,1.25,1.5
11.08.2021 03:42:08.122,0.92249,0.9224100000000001,1,1
11.08.2021 03:42:13.087,0.9225000000000001,0.9224100000000001,1.69,1
11.08.2021 03:42:19.531,0.9225000000000001,0.9224200000000001,1,1.1
11.08.2021 03:42:43.778,0.9225000000000001,0.9224100000000001,1,1
11.08.2021 03:43:00.187,0.9225000000000001,0.92243,1,1
11.08.2021 03:43:00.339,0.9225000000000001,0.9224100000000001,1.94,1.1
11.08.2021 03:43:00.441,0.9225000000000001,0.9224100000000001,1.25,1.1
11.08.2021 03:43:02.419,0.9225200000000001,0.9224200000000001,1.12,1.1
11.08.2021 03:43:02.571,0.92253,0.92243,1.94,1.57
11.08.2021 03:43:02.622,0.92253,0.92245,1.69,1
11.08.2021 03:43:17.178,0.92251,0.9224200000000001,1.25,1.1
11.08.2021 03:43:19.640,0.92249,0.9224200000000001,1,1
11.08.2021 03:43:26.278,0.92249,0.9224100000000001,1,1
11.08.2021 03:43:28.252,0.92249,0.9224200000000001,1,1
11.08.2021 03:43:29.082,0.9225000000000001,0.92243,2.06,1
11.08.2021 03:43:34.054,0.9225000000000001,0.9224200000000001,2.06,1.1
11.08.2021 03:43:53.297,0.92249,0.9224200000000001,1,1
11.08.2021 03:43:53.398,0.9225000000000001,0.9224200000000001,1.31,1
11.08.2021 03:44:03.598,0.9225000000000001,0.92243,1.25,1
11.08.2021 03:44:03.801,0.92253,0.92244,1.87,1.1
11.08.2021 03:44:03.852,0.92254,0.92248,1.5,1
11.08.2021 03:44:03.954,0.92256,0.92248,1.5,1
11.08.2021 03:44:04.055,0.92256,0.92249,1,1
11.08.2021 03:44:31.005,0.92256,0.92251,1,1
11.08.2021 03:44:37.717,0.92256,0.9224600000000001,1.5,1.6
11.08.2021 03:44:37.842,0.92256,0.92251,1,1
11.08.2021 03:44:57.229,0.9225700000000001,0.92251,1.69,1
11.08.2021 03:45:50.079,0.92259,0.9225000000000001,1.25,1
11.08.2021 03:45:58.496,0.9226000000000001,0.92251,2.19,1
11.08.2021 03:45:58.597,0.9226000000000001,0.92251,3.56,1
11.08.2021 03:45:58.902,0.9226000000000001,0.92251,4.82,1
11.08.2021 03:45:59.237,0.9226000000000001,0.92251,2.06,1
11.08.2021 03:45:59.338,0.9226000000000001,0.92251,4.75,1
11.08.2021 03:46:05.760,0.92259,0.92251,2.12,1
11.08.2021 03:46:07.767,0.92259,0.92251,1.25,1
11.08.2021 03:46:58.643,0.92263,0.92254,1.75,1
11.08.2021 03:46:58.744,0.9226200000000001,0.9225700000000001,1,1
11.08.2021 03:46:58.896,0.92263,0.9225700000000001,3.56,1
11.08.2021 03:47:00.217,0.92263,0.92258,1.25,1
11.08.2021 03:47:01.401,0.92263,0.9225200000000001,1.25,1.6
11.08.2021 03:47:03.195,0.9226500000000001,0.92259,6,1
11.08.2021 03:47:04.646,0.92263,0.9225200000000001,1.25,1.6
11.08.2021 03:47:04.697,0.9226500000000001,0.92259,6,1
11.08.2021 03:47:07.951,0.92264,0.92251,1.25,1.6
11.08.2021 03:47:10.675,0.9226500000000001,0.92259,6,1
11.08.2021 03:47:13.722,0.92263,0.9225200000000001,1.25,1.6
11.08.2021 03:47:16.674,0.9226500000000001,0.92259,5.25,1
11.08.2021 03:47:19.837,0.92263,0.9225200000000001,1.25,1.6
11.08.2021 03:47:22.674,0.92266,0.92258,5.25,1
11.08.2021 03:47:23.798,0.92264,0.92259,1,1
11.08.2021 03:47:31.723,0.92264,0.92253,2.12,1.6
11.08.2021 03:47:33.312,0.9226500000000001,0.92254,1.75,1.12
11.08.2021 03:47:33.514,0.92264,0.92253,2.12,1.6
11.08.2021 03:47:36.127,0.9226500000000001,0.9225200000000001,2.12,1.6
11.08.2021 03:47:36.178,0.92264,0.92259,1,1
11.08.2021 03:47:39.479,0.92266,0.9226000000000001,3.44,1
11.08.2021 03:47:40.465,0.92264,0.92259,1,1
11.08.2021 03:47:41.751,0.9226500000000001,0.9226000000000001,1,1
11.08.2021 03:47:50.843,0.9226700000000001,0.92261,5.31,1
11.08.2021 03:47:54.168,0.9226500000000001,0.92261,1,1
11.08.2021 03:47:54.482,0.92266,0.92254,1,1.6
11.08.2021 03:47:55.695,0.9226700000000001,0.92261,5.31,1
11.08.2021 03:48:18.779,0.9226700000000001,0.92261,1.31,1
11.08.2021 03:48:18.931,0.9227200000000001,0.92266,2.25,1
11.08.2021 03:48:19.033,0.9227200000000001,0.9226200000000001,1,1.85
11.08.2021 03:48:19.084,0.92274,0.92269,1.25,1
11.08.2021 03:48:19.236,0.9227500000000001,0.9227000000000001,1,1
11.08.2021 03:48:19.287,0.9227500000000001,0.9226500000000001,2.5,1.22
11.08.2021 03:48:19.390,0.9227500000000001,0.9226500000000001,2.5,1.12
11.08.2021 03:48:22.079,0.9227500000000001,0.9227000000000001,1,1
11.08.2021 03:48:22.232,0.9227500000000001,0.9227000000000001,1.75,1
11.08.2021 03:48:22.306,0.9227600000000001,0.92264,1.75,1.12
11.08.2021 03:48:22.721,0.9227500000000001,0.9227000000000001,1,1
11.08.2021 03:48:25.863,0.9227500000000001,0.9227000000000001,1.75,1
11.08.2021 03:48:26.194,0.9227500000000001,0.9226500000000001,1.75,1.12
11.08.2021 03:48:28.674,0.9227500000000001,0.9227000000000001,1,1
11.08.2021 03:48:34.783,0.9227500000000001,0.9227000000000001,1.75,1
11.08.2021 03:48:34.834,0.9227600000000001,0.92264,1.75,1.12
11.08.2021 03:48:37.674,0.9227500000000001,0.9227000000000001,1,1
11.08.2021 03:48:43.696,0.9227500000000001,0.9227000000000001,1.75,1
11.08.2021 03:48:43.834,0.9227600000000001,0.92264,1.75,1.12
11.08.2021 03:48:46.718,0.9227500000000001,0.9227000000000001,1,1
11.08.2021 03:48:57.769,0.9227600000000001,0.92269,1.12,1
11.08.2021 03:48:58.031,0.9227500000000001,0.92269,2.06,1
11.08.2021 03:48:58.133,0.9227500000000001,0.92268,1,1
11.08.2021 03:49:09.169,0.9227500000000001,0.92269,2.06,1
11.08.2021 03:49:25.508,0.9227700000000001,0.92268,1.87,1
11.08.2021 03:49:25.711,0.9228200000000001,0.9227299999999999,3.02,1
11.08.2021 03:49:25.812,0.9228200000000001,0.9227500000000001,1.69,1
11.08.2021 03:49:26.393,0.9228299999999999,0.9227600000000001,1.25,1
11.08.2021 03:49:31.675,0.9228299999999999,0.9227700000000001,1.25,1
11.08.2021 03:49:51.911,0.92284,0.9227700000000001,1,1
11.08.2021 03:50:00.689,0.9228299999999999,0.9227700000000001,1,1
11.08.2021 03:50:24.636,0.9228299999999999,0.9227799999999999,1,1
11.08.2021 03:51:00.177,0.9228299999999999,0.9227700000000001,1,1
11.08.2021 03:51:37.273,0.9228200000000001,0.9227700000000001,1,1
11.08.2021 03:51:41.233,0.9228500000000001,0.9227799999999999,4.57,1
11.08.2021 03:51:41.334,0.9228500000000001,0.9227799999999999,4.7,1
11.08.2021 03:51:41.528,0.9228500000000001,0.9227799999999999,4.5,1
11.08.2021 03:51:44.948,0.9228299999999999,0.92271,1,1.1
11.08.2021 03:51:46.699,0.9228600000000001,0.9227700000000001,4.5,1
11.08.2021 03:51:47.741,0.9228500000000001,0.9227799999999999,4.62,1
11.08.2021 03:51:52.149,0.9228200000000001,0.9227799999999999,1,1
11.08.2021 03:51:52.212,0.9228299999999999,0.92271,1,1.6
11.08.2021 03:51:52.724,0.92284,0.9227799999999999,4.5,1
11.08.2021 03:52:01.786,0.9228200000000001,0.9227799999999999,1,1
11.08.2021 03:52:01.981,0.9228200000000001,0.92274,1,1.1
11.08.2021 03:52:04.723,0.9228299999999999,0.9227799999999999,1,1
11.08.2021 03:55:07.861,0.92284,0.9227799999999999,1,1
11.08.2021 03:55:07.962,0.9228700000000001,0.9228100000000001,1,1
11.08.2021 03:55:08.013,0.92289,0.9228100000000001,2.81,1
11.08.2021 03:55:08.064,0.92289,0.9228299999999999,1,1
11.08.2021 03:55:08.166,0.9229100000000001,0.9228500000000001,1,1
11.08.2021 03:55:08.268,0.9229200000000001,0.9228500000000001,1.12,1
11.08.2021 03:55:18.256,0.9229,0.9228500000000001,1,1
11.08.2021 03:55:18.308,0.9229200000000001,0.9228500000000001,1.12,1
11.08.2021 03:55:19.954,0.9229,0.9228500000000001,1,1
11.08.2021 03:55:58.368,0.9229,0.9228100000000001,1.5,1.1
11.08.2021 03:55:58.579,0.9229,0.9228500000000001,1,1
11.08.2021 03:56:11.678,0.9229,0.92284,1,1
11.08.2021 03:56:14.920,0.9229100000000001,0.92284,1.5,1
11.08.2021 03:56:53.530,0.9229100000000001,0.9228299999999999,1,1
11.08.2021 03:56:58.674,0.9229,0.9228299999999999,1,1
11.08.2021 03:57:09.912,0.9229,0.92284,1,1
11.08.2021 03:57:17.331,0.9229100000000001,0.92284,1.5,1
11.08.2021 03:57:34.674,0.9229100000000001,0.9228299999999999,1.5,1.5
11.08.2021 03:57:43.587,0.9229100000000001,0.9228500000000001,1,1
11.08.2021 03:57:43.907,0.9229100000000001,0.92284,1.5,1
11.08.2021 03:58:53.944,0.9228299999999999,0.9227799999999999,1,1.12
11.08.2021 03:58:54.045,0.9228200000000001,0.9227700000000001,1,1
11.08.2021 03:58:54.147,0.9228299999999999,0.9227500000000001,1,1
11.08.2021 03:58:54.352,0.9228100000000001,0.9227600000000001,1,1
11.08.2021 03:59:02.557,0.9228200000000001,0.9227600000000001,1.5,1
11.08.2021 03:59:02.677,0.9228299999999999,0.92274,1.5,1
11.08.2021 03:59:05.833,0.9228299999999999,0.9227299999999999,1.5,1
11.08.2021 03:59:30.474,0.9228200000000001,0.9227299999999999,1,1.5
11.08.2021 03:59:47.368,0.9228100000000001,0.9227299999999999,1,1.5
11.08.2021 03:59:49.772,0.9227500000000001,0.92268,1,1
11.08.2021 03:59:49.823,0.9227500000000001,0.92266,1.5,1.5
11.08.2021 03:59:49.924,0.92274,0.9226500000000001,1,1.87
11.08.2021 03:59:52.769,0.9227299999999999,0.9226500000000001,1,1.5
11.08.2021 03:59:52.897,0.92274,0.9226500000000001,1,1.5
11.08.2021 04:00:00.516,0.9227299999999999,0.9226500000000001,1,1.5
11.08.2021 04:00:19.893,0.9227500000000001,0.9226500000000001,1,1
11.08.2021 04:00:37.955,0.9227200000000001,0.9226500000000001,1,1
11.08.2021 04:00:38.006,0.92274,0.92264,1,1.12
11.08.2021 04:00:50.639,0.92268,0.92259,2.25,2.19
11.08.2021 04:00:50.741,0.9226700000000001,0.92259,1,1
11.08.2021 04:00:50.842,0.92264,0.92256,1,2.32
11.08.2021 04:00:56.833,0.9226700000000001,0.9226000000000001,1.5,1
11.08.2021 04:00:56.934,0.92269,0.92261,1.5,1
11.08.2021 04:01:20.908,0.92268,0.92258,1,1
11.08.2021 04:01:21.010,0.92266,0.92258,1,1.5
11.08.2021 04:01:21.112,0.92266,0.9225700000000001,1,1.5
11.08.2021 04:01:28.295,0.9226700000000001,0.92259,1,1
11.08.2021 04:01:28.396,0.92268,0.9226000000000001,1.5,1
11.08.2021 04:01:31.385,0.9226700000000001,0.92258,1.5,1.5
11.08.2021 04:01:31.486,0.9226500000000001,0.9225700000000001,1.5,1
11.08.2021 04:01:33.505,0.9226500000000001,0.92256,1.5,1.5
11.08.2021 04:01:47.958,0.9226500000000001,0.9225700000000001,1,1
11.08.2021 04:01:50.821,0.9226500000000001,0.9225500000000001,1,2.25
11.08.2021 04:01:53.238,0.9226500000000001,0.92256,1,1
11.08.2021 04:02:04.988,0.9226500000000001,0.9225700000000001,1,1.5
11.08.2021 04:02:05.092,0.9226700000000001,0.9225700000000001,1.5,1
11.08.2021 04:02:07.937,0.9226500000000001,0.9225700000000001,1,1.5
11.08.2021 04:02:08.089,0.92266,0.92258,1.5,1
11.08.2021 04:02:08.527,0.9226500000000001,0.9225700000000001,1,1
11.08.2021 04:02:20.113,0.92264,0.9225700000000001,1,1
11.08.2021 04:02:46.208,0.92263,0.9225700000000001,1.25,1
11.08.2021 04:02:46.260,0.92261,0.92254,1,1
11.08.2021 04:02:46.311,0.9226000000000001,0.9225200000000001,1.5,1
11.08.2021 04:02:46.414,0.92258,0.92249,1,2.32
11.08.2021 04:02:57.371,0.92258,0.9225000000000001,1,1
11.08.2021 04:02:57.632,0.9226000000000001,0.92249,1,1.5
11.08.2021 04:07:20.758,0.9226200000000001,0.92254,1,1.5
11.08.2021 04:07:20.859,0.92263,0.9225500000000001,1,1.5
11.08.2021 04:07:23.089,0.92263,0.92256,1,1
11.08.2021 04:07:23.190,0.92264,0.92256,1,1.5
11.08.2021 04:08:03.122,0.92266,0.92258,1.5,1
11.08.2021 04:08:03.224,0.92266,0.92259,1,1
11.08.2021 04:08:03.326,0.9226700000000001,0.9225700000000001,1,1
11.08.2021 04:08:12.354,0.9226500000000001,0.9225700000000001,1,1
11.08.2021 04:08:52.876,0.92266,0.92258,1.5,1
11.08.2021 04:08:53.029,0.9226700000000001,0.92259,1.5,1
11.08.2021 04:08:54.693,0.92268,0.9226000000000001,1.5,1
11.08.2021 04:09:58.462,0.9226700000000001,0.92259,1.5,1
11.08.2021 04:09:58.563,0.92266,0.92258,1,1
11.08.2021 04:09:59.800,0.92266,0.9225700000000001,1,1
11.08.2021 04:10:40.666,0.92266,0.92258,1,1
11.08.2021 04:10:40.767,0.92268,0.92259,1.25,1.5
11.08.2021 04:10:40.868,0.9227000000000001,0.92259,1,1.5
11.08.2021 04:12:06.076,0.92268,0.9226000000000001,1,2.25
11.08.2021 04:12:41.799,0.9226700000000001,0.92259,1.5,1
11.08.2021 04:12:41.901,0.9226500000000001,0.9225700000000001,1,1.5
11.08.2021 04:13:02.130,0.9226500000000001,0.92256,1,1.5
11.08.2021 04:13:13.100,0.92264,0.92256,1,1.5
11.08.2021 04:13:25.867,0.9226500000000001,0.92256,1.5,1.5
11.08.2021 04:14:13.432,0.92266,0.9225700000000001,1.5,1.5
11.08.2021 04:14:29.296,0.92266,0.92256,1,1.57
11.08.2021 04:14:43.144,0.92266,0.9225700000000001,1.12,1
11.08.2021 04:14:47.405,0.92266,0.92256,1.12,1.5
11.08.2021 04:15:08.454,0.92266,0.9225500000000001,1,1
11.08.2021 04:15:11.511,0.9226500000000001,0.9225700000000001,1,1
11.08.2021 04:15:11.612,0.9226500000000001,0.92256,1,1.1
11.08.2021 04:15:18.184,0.92266,0.92259,1,1
11.08.2021 04:15:19.398,0.9226500000000001,0.92256,1,1
11.08.2021 04:16:26.786,0.9226500000000001,0.9225700000000001,1,1
11.08.2021 04:18:23.969,0.92264,0.92256,1,1
11.08.2021 04:18:37.593,0.92264,0.9225700000000001,1,1
11.08.2021 04:18:37.695,0.9226500000000001,0.9225700000000001,1.12,1
11.08.2021 04:19:10.839,0.9226500000000001,0.92256,1,1
11.08.2021 04:19:44.285,0.92264,0.92256,1,1
11.08.2021 04:19:47.839,0.92264,0.9225500000000001,1,1
11.08.2021 04:20:00.940,0.9226700000000001,0.9225500000000001,1.5,1.5
11.08.2021 04:20:16.985,0.92264,0.92256,1,1
11.08.2021 04:20:24.549,0.92266,0.9225500000000001,1.12,1
11.08.2021 04:21:50.747,0.9226500000000001,0.9225700000000001,1.12,1
11.08.2021 04:22:46.099,0.92266,0.9225500000000001,1.12,1
11.08.2021 04:24:11.547,0.92266,0.9225700000000001,1,1
11.08.2021 04:24:12.322,0.92266,0.92256,1.25,1.5
11.08.2021 04:24:14.522,0.92264,0.92256,1,1
11.08.2021 04:24:25.874,0.92264,0.9225500000000001,1,1
11.08.2021 04:25:09.536,0.9226500000000001,0.9225500000000001,1,1.57
11.08.2021 04:25:12.461,0.92264,0.9225500000000001,1,1
11.08.2021 04:25:13.635,0.9226500000000001,0.92256,1,1.1
11.08.2021 04:25:19.692,0.9226500000000001,0.9225500000000001,1,1.76
11.08.2021 04:25:49.863,0.9226500000000001,0.9225500000000001,1,1.79
11.08.2021 04:26:02.532,0.92266,0.92254,1,1.79
11.08.2021 04:26:18.706,0.9226500000000001,0.9225500000000001,1,1.76
11.08.2021 04:26:20.954,0.92263,0.92254,1,1
11.08.2021 04:26:21.207,0.92264,0.92254,1,2.32
11.08.2021 04:26:21.812,0.9226200000000001,0.92254,1,1
11.08.2021 04:26:21.863,0.92264,0.92254,1,1.57
11.08.2021 04:26:21.965,0.92264,0.9225500000000001,1,1
11.08.2021 04:27:18.137,0.92264,0.92256,1,1
11.08.2021 04:28:11.838,0.9226500000000001,0.92256,1.5,1
11.08.2021 04:29:59.948,0.92264,0.92256,1,1.5
11.08.2021 04:30:23.096,0.9226500000000001,0.9225700000000001,1.5,1
11.08.2021 04:31:37.928,0.92264,0.9225700000000001,1,1
11.08.2021 04:31:37.978,0.92259,0.9225200000000001,1,1.12
11.08.2021 04:31:38.080,0.92258,0.92249,1.5,1.5
11.08.2021 04:31:41.103,0.9225700000000001,0.92249,1,1.5
11.08.2021 04:31:48.589,0.92258,0.9225000000000001,1,1.5
11.08.2021 04:31:48.951,0.9226000000000001,0.92249,1.1,1.5
11.08.2021 04:31:49.052,0.92259,0.92251,1,1.5
11.08.2021 04:32:15.290,0.9226000000000001,0.92251,1,1.5
11.08.2021 04:32:23.357,0.92259,0.92251,1,1
11.08.2021 04:32:23.408,0.92259,0.92248,1,1.25
11.08.2021 04:32:23.718,0.9226000000000001,0.9225200000000001,1.5,1
11.08.2021 04:32:49.134,0.9226200000000001,0.9225000000000001,1,2.89
11.08.2021 04:32:52.719,0.92261,0.9225200000000001,1,1
11.08.2021 04:33:05.846,0.9226200000000001,0.9225200000000001,1,1
11.08.2021 04:33:11.669,0.9226200000000001,0.92251,1,2.14
11.08.2021 04:33:14.122,0.9226200000000001,0.9225200000000001,1.5,1
11.08.2021 04:34:01.992,0.9226200000000001,0.92253,1.5,1
11.08.2021 04:34:35.442,0.9226200000000001,0.92251,1.5,1
11.08.2021 04:34:54.886,0.9226500000000001,0.92253,1.5,2.32
11.08.2021 04:35:00.527,0.92264,0.9225500000000001,1.5,1
11.08.2021 04:35:08.946,0.92264,0.92254,1.5,2.51
11.08.2021 04:35:11.677,0.92264,0.9225500000000001,1.5,1
11.08.2021 04:35:49.866,0.9226500000000001,0.9225500000000001,1,1.1
11.08.2021 04:36:44.865,0.9226500000000001,0.92254,1,1.5
11.08.2021 04:37:20.365,0.9226200000000001,0.92253,1,1.6
11.08.2021 04:37:20.416,0.92261,0.9225200000000001,1,1
11.08.2021 04:37:20.518,0.92261,0.92251,1.01,1.5
11.08.2021 04:37:35.899,0.92263,0.92251,1,1
11.08.2021 04:38:28.083,0.92263,0.92253,1,2.7
11.08.2021 04:38:28.185,0.92263,0.92253,1,2.72
11.08.2021 04:38:32.053,0.92264,0.92254,1,1
11.08.2021 04:38:38.876,0.92264,0.9225500000000001,1,1
11.08.2021 04:39:14.294,0.92263,0.92253,1.5,2.44
11.08.2021 04:39:14.396,0.9226200000000001,0.92253,1,1
11.08.2021 04:39:14.498,0.92261,0.92251,1.5,1.1
11.08.2021 04:39:15.951,0.92261,0.9225200000000001,1,1
11.08.2021 04:39:19.836,0.9226200000000001,0.9225200000000001,1,1
11.08.2021 04:39:47.966,0.92261,0.9225200000000001,1,1
11.08.2021 04:40:11.072,0.92261,0.92253,1,1
11.08.2021 04:40:11.123,0.92263,0.9225500000000001,1,1.5
11.08.2021 04:40:11.274,0.92263,0.9225700000000001,1,1
11.08.2021 04:40:11.325,0.92263,0.9225500000000001,1,1.5
11.08.2021 04:41:06.142,0.92264,0.9225500000000001,1.5,1.1
11.08.2021 04:42:51.222,0.92264,0.92254,1,2.32
11.08.2021 04:43:02.545,0.9226200000000001,0.92251,2.25,2.32
11.08.2021 04:43:02.647,0.9226000000000001,0.92251,1,1
11.08.2021 04:43:08.228,0.92259,0.92249,1.12,1
11.08.2021 04:43:08.330,0.92258,0.92248,1.12,1.57
11.08.2021 04:43:08.486,0.9225700000000001,0.9224700000000001,1,1.5
11.08.2021 04:43:08.791,0.92258,0.92248,1.31,1
11.08.2021 04:43:49.576,0.92256,0.9224600000000001,1,1.25
11.08.2021 04:43:49.677,0.92256,0.92245,1.31,1.5
11.08.2021 04:44:18.779,0.92253,0.92243,1.5,1.2
11.08.2021 04:44:19.870,0.92256,0.92244,1.5,1
11.08.2021 04:44:19.972,0.92258,0.9224700000000001,2.07,1.25
11.08.2021 04:44:20.023,0.92258,0.9224700000000001,1.12,1.01
11.08.2021 04:44:20.175,0.9226000000000001,0.9224700000000001,1.31,1.1
11.08.2021 04:44:38.554,0.92259,0.92249,1.39,1
11.08.2021 04:44:43.222,0.92259,0.92248,1.89,1.5
11.08.2021 04:44:46.674,0.92259,0.92249,1.7,1
11.08.2021 04:44:48.283,0.92258,0.92248,1.5,1
11.08.2021 04:44:54.727,0.92259,0.92251,1.5,1
11.08.2021 04:44:54.777,0.92261,0.92251,2.26,1
11.08.2021 04:44:54.879,0.9226200000000001,0.92251,2.06,1
11.08.2021 04:44:55.759,0.9226200000000001,0.9225200000000001,1.31,1
11.08.2021 04:44:59.170,0.9226200000000001,0.9225200000000001,1.75,1
11.08.2021 04:45:00.287,0.9226500000000001,0.9225500000000001,1.35,1
11.08.2021 04:45:00.390,0.92266,0.9225500000000001,1.72,1
11.08.2021 04:45:04.200,0.92266,0.92256,1.7,1
11.08.2021 04:45:25.321,0.92266,0.92256,1.51,1.5
11.08.2021 04:45:34.667,0.92266,0.92256,1.39,1.5
11.08.2021 04:45:36.219,0.9226500000000001,0.92256,1,1
11.08.2021 04:45:48.217,0.9226500000000001,0.9225500000000001,1,1.5
11.08.2021 04:45:59.713,0.9226700000000001,0.9225700000000001,2.82,1
11.08.2021 04:45:59.865,0.92266,0.92256,1.12,1.76
11.08.2021 04:47:24.629,0.9226700000000001,0.9225500000000001,2.7,1.1
11.08.2021 04:47:30.867,0.9226500000000001,0.9225500000000001,1,1.57
11.08.2021 04:48:31.060,0.9226500000000001,0.92256,1,1
11.08.2021 04:48:31.909,0.9226700000000001,0.92256,1.62,1.5
11.08.2021 04:48:32.739,0.9226700000000001,0.9225700000000001,1.62,1
11.08.2021 04:48:35.301,0.9226700000000001,0.92256,1.62,1.5
11.08.2021 04:49:04.307,0.9226700000000001,0.92256,1.12,1.5
11.08.2021 04:49:26.865,0.92266,0.92256,1,1
11.08.2021 04:49:48.250,0.92268,0.92258,1.12,1
11.08.2021 04:49:48.352,0.92269,0.9226000000000001,1,1
11.08.2021 04:49:50.888,0.92269,0.92259,1,2.14
11.08.2021 04:49:53.971,0.92269,0.9226000000000001,1,1
11.08.2021 04:50:14.106,0.92269,0.92261,1,1
11.08.2021 04:50:15.858,0.9227200000000001,0.9226200000000001,1.12,1.57
11.08.2021 04:50:15.960,0.9227200000000001,0.92263,1,1
11.08.2021 04:50:16.061,0.9227200000000001,0.92264,1,1
11.08.2021 04:50:16.162,0.9227299999999999,0.92264,1,1
11.08.2021 04:50:33.243,0.9227299999999999,0.9226500000000001,1,1
