Gmt time,Ask,Bid,AskVolume,BidVolume
06.08.2021 00:00:00.141,1.25025,1.25013,3.01,1
06.08.2021 00:00:00.343,1.25028,1.25014,2.1,1.5
06.08.2021 00:00:00.445,1.2502900000000001,1.25015,2.64,1.5
06.08.2021 00:00:00.495,1.2502600000000001,1.25015,1.5,1
06.08.2021 00:00:00.854,1.2502900000000001,1.25015,2.07,1
06.08.2021 00:00:00.955,1.2502900000000001,1.25014,2.07,1
06.08.2021 00:00:01.460,1.25024,1.2501200000000001,1,1
06.08.2021 00:00:01.511,1.25024,1.2501,1.1,1.2
06.08.2021 00:00:01.664,1.25024,1.25009,1.6,1
06.08.2021 00:00:01.765,1.2502600000000001,1.2501,5.07,1.1
06.08.2021 00:00:01.866,1.25025,1.25011,2.82,1.1
06.08.2021 00:00:02.465,1.25028,1.25015,1.89,1
06.08.2021 00:00:02.566,1.2502900000000001,1.25014,2.26,1
06.08.2021 00:00:05.036,1.2502900000000001,1.2501600000000002,1.35,1
06.08.2021 00:00:08.054,1.2502900000000001,1.2501600000000002,1.35,1
06.08.2021 00:00:08.206,1.2503,1.2501600000000002,1.6,1
06.08.2021 00:00:08.307,1.25031,1.2501700000000002,3.79,1
06.08.2021 00:00:08.459,1.25031,1.2501700000000002,2.85,1
06.08.2021 00:00:10.161,1.2503,1.2501700000000002,1.1,1
06.08.2021 00:00:14.224,1.2503,1.2501600000000002,1.6,1
06.08.2021 00:00:14.375,1.25031,1.2501700000000002,3.04,1
06.08.2021 00:00:14.663,1.2502900000000001,1.2501700000000002,2.1,1
06.08.2021 00:00:14.824,1.25031,1.2501700000000002,3.04,1
06.08.2021 00:00:16.988,1.25031,1.2501700000000002,1.6,1
06.08.2021 00:00:17.039,1.25034,1.25022,2.85,1
06.08.2021 00:00:17.191,1.25035,1.25023,4.22,1
06.08.2021 00:00:17.658,1.2503600000000001,1.25023,3.47,1
06.08.2021 00:00:18.061,1.2503600000000001,1.25023,1.85,1
06.08.2021 00:00:19.056,1.2503,1.2501900000000001,1.1,1
06.08.2021 00:00:19.158,1.2503,1.2502,3.66,1
06.08.2021 00:00:19.208,1.2503,1.25018,3.66,1
06.08.2021 00:00:19.461,1.2502900000000001,1.25018,2.85,1
06.08.2021 00:00:20.808,1.2503,1.2501600000000002,3.6,1
06.08.2021 00:00:22.735,1.2502900000000001,1.25015,3.85,1.5
06.08.2021 00:00:25.678,1.2502900000000001,1.25015,2.1,1.5
06.08.2021 00:00:27.670,1.25028,1.25015,1.22,1.5
06.08.2021 00:00:28.478,1.25028,1.2501700000000002,2.29,1
06.08.2021 00:00:29.841,1.2502900000000001,1.2501700000000002,7.54,1
06.08.2021 00:00:32.990,1.2502900000000001,1.2501600000000002,2.29,1
06.08.2021 00:00:36.755,1.25028,1.2501700000000002,2.29,1
06.08.2021 00:00:39.082,1.25028,1.2501700000000002,2.29,1
06.08.2021 00:00:39.520,1.2502900000000001,1.2501600000000002,1.85,1
06.08.2021 00:00:40.958,1.2502900000000001,1.2501600000000002,2.29,1
06.08.2021 00:00:42.465,1.2502900000000001,1.2501700000000002,1.6,1
06.08.2021 00:00:43.659,1.25028,1.25018,2.29,1
06.08.2021 00:00:45.515,1.2502700000000002,1.2501700000000002,1.22,1
06.08.2021 00:00:45.865,1.2502900000000001,1.2501600000000002,2.29,1
06.08.2021 00:00:51.897,1.2502900000000001,1.2501700000000002,1.6,1
06.08.2021 00:00:52.099,1.2502900000000001,1.25018,1.6,1
06.08.2021 00:00:52.850,1.25032,1.25021,1.5,1
06.08.2021 00:00:52.952,1.25035,1.25022,2.07,1.5
06.08.2021 00:00:53.003,1.2503700000000002,1.25025,1.63,1
06.08.2021 00:00:53.105,1.25038,1.25025,4.35,1
06.08.2021 00:00:53.905,1.25038,1.2502600000000001,3.73,1
06.08.2021 00:00:55.057,1.2503900000000001,1.25024,1.73,4.95
06.08.2021 00:00:55.108,1.2503900000000001,1.2503,1.6,1
06.08.2021 00:00:55.260,1.2504,1.2503,1.6,1
06.08.2021 00:01:02.315,1.2504,1.2502900000000001,1.6,1
06.08.2021 00:01:02.365,1.25043,1.2503,2.29,1
06.08.2021 00:01:02.466,1.25043,1.25031,1.6,1
06.08.2021 00:01:02.517,1.25044,1.25032,1.91,1
06.08.2021 00:01:02.668,1.25043,1.25033,1.91,1
06.08.2021 00:01:06.096,1.25044,1.25034,2.1,1
06.08.2021 00:01:13.397,1.25044,1.25033,1.85,1
06.08.2021 00:01:13.499,1.2503900000000001,1.2502900000000001,1,1
06.08.2021 00:01:13.550,1.2503700000000002,1.2502700000000002,1.1,1.12
06.08.2021 00:01:13.652,1.2503700000000002,1.2502600000000001,1.79,2
06.08.2021 00:01:13.753,1.25038,1.25025,3.04,1
06.08.2021 00:01:15.818,1.25034,1.25024,2.16,1
06.08.2021 00:01:15.920,1.2503700000000002,1.25025,1.6,1
06.08.2021 00:01:16.021,1.25038,1.25025,2.1,1
06.08.2021 00:01:16.122,1.25038,1.25025,2.29,1
06.08.2021 00:01:16.863,1.2503900000000001,1.25025,3.04,1
06.08.2021 00:01:17.715,1.2503900000000001,1.2502600000000001,2.85,1
06.08.2021 00:01:20.038,1.25042,1.25028,4.73,1
06.08.2021 00:01:20.139,1.25041,1.2503,1.6,1
06.08.2021 00:01:20.190,1.25042,1.2502900000000001,1.6,1
06.08.2021 00:01:20.291,1.25043,1.2503,2.29,1
06.08.2021 00:01:20.543,1.25042,1.25032,1.85,1
06.08.2021 00:01:20.801,1.25042,1.2502900000000001,1.6,1
06.08.2021 00:01:21.183,1.25043,1.2503,3.04,1
06.08.2021 00:01:23.886,1.25044,1.25033,3.04,1
06.08.2021 00:01:23.987,1.25045,1.25032,2.29,1
06.08.2021 00:01:24.768,1.25044,1.2503,1.22,1.5
06.08.2021 00:01:24.869,1.25043,1.25031,1.22,1.5
06.08.2021 00:01:25.061,1.25043,1.2503,2.85,1.5
06.08.2021 00:01:25.162,1.25042,1.25031,2.85,1.5
06.08.2021 00:01:25.582,1.25042,1.2503,1.97,1
06.08.2021 00:01:27.735,1.2503700000000002,1.25028,1.22,1.5
06.08.2021 00:01:27.836,1.25038,1.25025,3.47,1.12
06.08.2021 00:01:28.251,1.2503600000000001,1.2502600000000001,1.97,1
06.08.2021 00:01:28.353,1.2503700000000002,1.25024,1.22,1
06.08.2021 00:01:34.259,1.2503700000000002,1.25024,2.85,1
06.08.2021 00:01:37.517,1.25038,1.25025,3.6,1
06.08.2021 00:01:37.975,1.25038,1.25024,3.6,1
06.08.2021 00:01:39.626,1.25038,1.25025,3.6,1
06.08.2021 00:01:45.117,1.25038,1.25024,3.6,1
06.08.2021 00:01:46.281,1.2503600000000001,1.25025,1.97,1
06.08.2021 00:01:46.382,1.2503600000000001,1.25023,3.1,1
06.08.2021 00:01:46.483,1.25035,1.25022,1.6,1.5
06.08.2021 00:01:51.027,1.25032,1.2502,1.6,1
06.08.2021 00:01:51.279,1.25032,1.2501900000000001,4.35,1
06.08.2021 00:01:51.380,1.2503,1.2502,1.97,1
06.08.2021 00:01:51.980,1.25031,1.25018,2.72,1.12
06.08.2021 00:02:00.207,1.2503,1.2501900000000001,1.22,1
06.08.2021 00:02:00.308,1.2502700000000002,1.2501700000000002,3.47,1
06.08.2021 00:02:01.174,1.25028,1.2501600000000002,1.1,1
06.08.2021 00:02:07.142,1.2502700000000002,1.2501600000000002,1.1,1
06.08.2021 00:02:07.243,1.2502700000000002,1.2501700000000002,1.1,1
06.08.2021 00:02:10.302,1.25028,1.2501600000000002,3.66,1
06.08.2021 00:02:10.453,1.2502900000000001,1.2501600000000002,3.66,1
06.08.2021 00:02:11.336,1.2503,1.25021,1,1
06.08.2021 00:02:11.438,1.25034,1.25022,2.75,1.5
06.08.2021 00:02:11.540,1.2503600000000001,1.25025,1.41,1
06.08.2021 00:02:11.820,1.2503700000000002,1.25024,1.41,1
06.08.2021 00:02:11.921,1.25038,1.25025,4.35,1
06.08.2021 00:02:12.023,1.2503900000000001,1.2502600000000001,1.6,1
06.08.2021 00:02:14.494,1.2504,1.25028,1.97,1
06.08.2021 00:02:14.596,1.25044,1.25032,2.47,1
06.08.2021 00:02:14.697,1.25043,1.25033,1.72,1
06.08.2021 00:02:18.486,1.25044,1.25032,1.1,1
06.08.2021 00:02:24.341,1.25045,1.25032,3.79,1
06.08.2021 00:02:26.389,1.25038,1.25028,1.1,1.5
06.08.2021 00:02:26.503,1.2503700000000002,1.2502700000000002,1.35,1.95
06.08.2021 00:02:29.097,1.25038,1.2502600000000001,2.51,1
06.08.2021 00:02:32.395,1.2503700000000002,1.25024,1.6,1
06.08.2021 00:02:32.806,1.2503600000000001,1.25024,1.97,1
06.08.2021 00:02:32.907,1.25035,1.25023,1.1,1
06.08.2021 00:02:33.009,1.25035,1.25023,1.6,1
06.08.2021 00:02:33.322,1.2503600000000001,1.25023,2.91,1
06.08.2021 00:02:33.863,1.2503600000000001,1.25023,2.91,1
06.08.2021 00:02:38.868,1.2503600000000001,1.25025,1.6,1
06.08.2021 00:02:44.155,1.25038,1.25025,2.51,1
06.08.2021 00:02:47.983,1.2503700000000002,1.25025,1.85,1
06.08.2021 00:02:48.527,1.25034,1.25025,1.1,1
06.08.2021 00:02:48.629,1.25034,1.25025,1.6,1
06.08.2021 00:02:49.467,1.25035,1.25023,2.29,1
06.08.2021 00:02:49.622,1.25035,1.25023,2.29,1
06.08.2021 00:03:00.100,1.2503600000000001,1.2502600000000001,3.79,1
06.08.2021 00:03:00.201,1.2503700000000002,1.2502600000000001,3.04,1
06.08.2021 00:03:00.514,1.25038,1.2502600000000001,3.1,1
06.08.2021 00:03:12.783,1.2504,1.2502700000000002,5.29,1
06.08.2021 00:03:13.544,1.2503900000000001,1.25032,1.2,1
06.08.2021 00:03:13.645,1.25045,1.25033,2.1,1
06.08.2021 00:03:13.797,1.25045,1.25033,1.6,1
06.08.2021 00:03:20.114,1.2504600000000001,1.25034,2.29,1
06.08.2021 00:03:24.155,1.25045,1.25032,2.85,1
06.08.2021 00:03:27.299,1.25045,1.25033,1.6,1
06.08.2021 00:03:27.799,1.25045,1.25033,1.85,1
06.08.2021 00:03:28.788,1.25045,1.25033,2.1,1
06.08.2021 00:03:29.293,1.25044,1.25035,1.6,1
06.08.2021 00:03:32.707,1.2504600000000001,1.25034,2.1,1
06.08.2021 00:03:37.277,1.2504600000000001,1.25035,1.6,1
06.08.2021 00:03:45.909,1.25049,1.2503900000000001,2.1,1
06.08.2021 00:03:46.010,1.25049,1.2503900000000001,1.57,1
06.08.2021 00:03:46.111,1.25049,1.25042,1.2,1
06.08.2021 00:03:47.612,1.25049,1.2503900000000001,1.6,1
06.08.2021 00:03:47.713,1.25049,1.2503900000000001,1.6,1
06.08.2021 00:03:52.669,1.2504600000000001,1.25034,1,1.5
06.08.2021 00:03:52.720,1.25044,1.25035,1.1,1
06.08.2021 00:03:54.979,1.2504700000000002,1.2503600000000001,8.35,1
06.08.2021 00:03:55.089,1.25048,1.25035,3.99,1
06.08.2021 00:03:57.289,1.25048,1.2503600000000001,2.49,1
06.08.2021 00:04:02.032,1.25045,1.25035,1.22,1
06.08.2021 00:04:02.184,1.25048,1.25035,4.99,1
06.08.2021 00:04:02.285,1.25048,1.25035,4.97,1
06.08.2021 00:04:02.841,1.25048,1.2503600000000001,2.29,1
06.08.2021 00:04:03.732,1.25045,1.25035,1.1,1
06.08.2021 00:04:19.268,1.25045,1.25035,1.22,1
06.08.2021 00:04:24.020,1.25045,1.25035,1.22,1
06.08.2021 00:04:24.400,1.25044,1.25035,1.22,1
06.08.2021 00:04:39.278,1.2504600000000001,1.2503600000000001,4.72,1
06.08.2021 00:04:39.379,1.2504600000000001,1.2503600000000001,2.29,1
06.08.2021 00:04:40.505,1.25044,1.2503600000000001,1.22,1
06.08.2021 00:04:40.943,1.25045,1.25034,1.22,1
06.08.2021 00:04:43.631,1.2504600000000001,1.2503600000000001,2.47,1
06.08.2021 00:04:51.444,1.25045,1.25035,1.97,1
06.08.2021 00:04:58.304,1.25045,1.25035,1.22,1
06.08.2021 00:05:04.511,1.25045,1.25035,1.22,1
06.08.2021 00:05:05.956,1.25045,1.25035,1.22,1
06.08.2021 00:05:06.892,1.25048,1.2503600000000001,2.85,1
06.08.2021 00:05:07.043,1.2505000000000002,1.2503900000000001,1.72,1
06.08.2021 00:05:07.195,1.25051,1.2503900000000001,2.29,1
06.08.2021 00:05:07.448,1.2505000000000002,1.2504,1.41,1
06.08.2021 00:05:07.549,1.2505000000000002,1.2503900000000001,1.41,1
06.08.2021 00:05:10.638,1.25051,1.2504,1.85,1
06.08.2021 00:05:10.741,1.25048,1.2503900000000001,1.6,1
06.08.2021 00:05:11.937,1.25049,1.2503900000000001,1.22,1
06.08.2021 00:05:12.044,1.25049,1.2503900000000001,1.22,1
06.08.2021 00:05:12.708,1.25051,1.2503900000000001,2.1,1.5
06.08.2021 00:05:12.809,1.25051,1.25043,1.6,1
06.08.2021 00:05:15.854,1.25052,1.25041,1.1,1
06.08.2021 00:05:26.735,1.25053,1.25044,2.19,1
06.08.2021 00:05:29.986,1.25053,1.25038,2.47,2.75
06.08.2021 00:05:30.698,1.25053,1.25038,2.1,2.75
06.08.2021 00:05:30.951,1.25054,1.25044,2.1,1
06.08.2021 00:05:31.052,1.25055,1.2504600000000001,2.16,1
06.08.2021 00:05:31.153,1.25053,1.25044,1.1,1
06.08.2021 00:05:31.255,1.25054,1.2504600000000001,1.12,1
06.08.2021 00:05:31.507,1.2505600000000001,1.25045,2.29,1
06.08.2021 00:05:31.608,1.2505600000000001,1.25045,1.22,1
06.08.2021 00:05:35.641,1.25053,1.25044,1.1,1
06.08.2021 00:05:39.230,1.25054,1.25044,3.41,1
06.08.2021 00:05:39.559,1.25054,1.2503900000000001,3.41,1.87
06.08.2021 00:05:40.727,1.25054,1.25044,3.31,1
06.08.2021 00:05:43.877,1.25054,1.25044,2.29,1
06.08.2021 00:05:45.455,1.25053,1.25044,1.22,1
06.08.2021 00:05:45.803,1.25054,1.25044,2.82,1
06.08.2021 00:05:46.061,1.25053,1.25044,1.5,1
06.08.2021 00:05:49.491,1.25052,1.25044,1.22,1
06.08.2021 00:05:49.727,1.25051,1.25045,1.12,1
06.08.2021 00:05:53.376,1.25048,1.25041,1.69,1
06.08.2021 00:05:53.746,1.25048,1.25038,5.26,1
06.08.2021 00:05:53.847,1.25048,1.2503700000000002,3.79,1
06.08.2021 00:05:55.905,1.25044,1.2503700000000002,1.1,1
06.08.2021 00:05:56.006,1.2504600000000001,1.25035,1.6,1
06.08.2021 00:05:56.057,1.25045,1.2503600000000001,1.12,1
06.08.2021 00:05:56.158,1.2504600000000001,1.2503700000000002,1.75,1
06.08.2021 00:05:56.259,1.2504600000000001,1.2503600000000001,1.1,1.87
06.08.2021 00:05:56.310,1.2505000000000002,1.2504,2.85,1
06.08.2021 00:05:56.411,1.25052,1.2503700000000002,3.79,1.87
06.08.2021 00:05:56.461,1.25051,1.25043,2.29,1
06.08.2021 00:05:56.765,1.25052,1.25042,2.94,1
06.08.2021 00:05:58.156,1.25052,1.2503700000000002,3.04,2
06.08.2021 00:05:58.257,1.25052,1.2503700000000002,1.91,2.75
06.08.2021 00:05:58.555,1.2505000000000002,1.25038,1.85,2
06.08.2021 00:05:58.656,1.25051,1.2503700000000002,1.6,2
06.08.2021 00:05:58.764,1.25052,1.2503700000000002,3.04,2
06.08.2021 00:05:59.409,1.25051,1.25038,3.04,2.75
06.08.2021 00:06:01.094,1.25051,1.2503900000000001,1.91,2
06.08.2021 00:06:01.195,1.25055,1.25045,2.85,1
06.08.2021 00:06:01.397,1.2505700000000002,1.25045,2.72,1
06.08.2021 00:06:05.597,1.2505600000000001,1.25045,2.29,1
06.08.2021 00:06:05.951,1.25053,1.25044,1.22,1
06.08.2021 00:06:06.053,1.25053,1.25045,1.2,1
06.08.2021 00:06:06.547,1.25053,1.25044,1.1,1
06.08.2021 00:06:06.598,1.25058,1.25043,1.6,2.62
06.08.2021 00:06:06.699,1.25058,1.25043,1.6,2.75
06.08.2021 00:06:07.223,1.2505700000000002,1.25049,1.1,1
06.08.2021 00:06:07.593,1.2505700000000002,1.25049,1.5,1
06.08.2021 00:06:07.945,1.2505600000000001,1.25048,1,1
06.08.2021 00:06:13.259,1.25059,1.2504700000000002,2.29,1.5
06.08.2021 00:06:13.360,1.2506000000000002,1.2504600000000001,2.29,1.5
06.08.2021 00:06:13.663,1.25058,1.2504700000000002,1.22,1.87
06.08.2021 00:06:13.765,1.25059,1.2504600000000001,1.2,1.87
06.08.2021 00:06:19.072,1.2506000000000002,1.25052,2.06,1
06.08.2021 00:06:19.274,1.25059,1.2504600000000001,1.6,1.87
06.08.2021 00:06:19.425,1.2506000000000002,1.25045,1.6,3
06.08.2021 00:06:19.476,1.2506000000000002,1.25051,1.6,1
06.08.2021 00:06:23.447,1.25058,1.2504600000000001,1.22,2.75
06.08.2021 00:06:23.649,1.25058,1.25052,1.2,1
06.08.2021 00:06:25.489,1.2505600000000001,1.2504700000000002,1.6,1
06.08.2021 00:06:25.540,1.25055,1.25045,1.1,1
06.08.2021 00:06:27.386,1.2505700000000002,1.2504700000000002,1.57,1
06.08.2021 00:06:27.487,1.2505700000000002,1.25048,2.32,1
06.08.2021 00:06:33.030,1.2505700000000002,1.25048,2.35,1
06.08.2021 00:06:41.032,1.25053,1.25044,1,1
06.08.2021 00:06:43.652,1.25052,1.25045,1.6,1
06.08.2021 00:06:45.532,1.25052,1.25042,1.79,1
06.08.2021 00:06:45.634,1.25051,1.25043,1.1,1
06.08.2021 00:06:45.736,1.25051,1.25045,1.01,1
06.08.2021 00:06:45.837,1.25052,1.25038,1.89,1.87
06.08.2021 00:06:48.054,1.25051,1.2503900000000001,2.26,2
06.08.2021 00:06:48.176,1.25049,1.25038,1,1.5
06.08.2021 00:06:48.278,1.25052,1.25038,3.66,1.5
06.08.2021 00:06:48.480,1.25052,1.2503600000000001,3.47,2
06.08.2021 00:06:53.675,1.25052,1.25043,3.37,1
06.08.2021 00:06:58.821,1.25052,1.2503600000000001,3.47,2.37
06.08.2021 00:07:01.727,1.25051,1.25044,3.37,1
06.08.2021 00:07:04.516,1.25048,1.25038,1.97,1
06.08.2021 00:07:04.618,1.2504700000000002,1.2504,2.19,1
06.08.2021 00:07:07.702,1.25048,1.25038,2.1,1
06.08.2021 00:07:08.267,1.25044,1.2503700000000002,1.1,1
06.08.2021 00:07:08.368,1.2504600000000001,1.25038,6.01,1
06.08.2021 00:07:08.419,1.2504700000000002,1.25031,3.04,2.62
06.08.2021 00:07:08.769,1.25045,1.2503600000000001,1.6,1
06.08.2021 00:07:10.948,1.25044,1.25033,1.2,1.12
06.08.2021 00:07:11.050,1.2504600000000001,1.25034,1.6,1.12
06.08.2021 00:07:13.694,1.25044,1.2503700000000002,1.2,1
06.08.2021 00:07:13.795,1.25045,1.2503700000000002,1.2,1
06.08.2021 00:07:14.212,1.2504700000000002,1.25038,1.5,1
06.08.2021 00:07:14.531,1.2504600000000001,1.25038,1,1
06.08.2021 00:07:14.633,1.25045,1.2503600000000001,1.2,1
06.08.2021 00:07:14.735,1.2504600000000001,1.25038,3.97,1
06.08.2021 00:07:16.025,1.2504700000000002,1.25038,1,1
06.08.2021 00:07:16.601,1.25045,1.2503900000000001,1.5,1
06.08.2021 00:07:16.702,1.25045,1.2503600000000001,1.22,1
06.08.2021 00:07:16.803,1.2504700000000002,1.2503700000000002,1.6,1
06.08.2021 00:07:17.164,1.2504700000000002,1.25034,3.04,1
06.08.2021 00:07:18.313,1.2505000000000002,1.2503600000000001,2.47,1.5
06.08.2021 00:07:18.415,1.25052,1.25038,1.72,1.5
06.08.2021 00:07:18.516,1.25051,1.2503900000000001,1.35,2.75
06.08.2021 00:07:20.434,1.25054,1.25042,1,3.2
06.08.2021 00:07:20.536,1.25055,1.25049,1.1,1
06.08.2021 00:07:20.637,1.25059,1.25048,1.6,1
06.08.2021 00:07:20.817,1.25058,1.25048,2.1,1
06.08.2021 00:07:20.918,1.2505600000000001,1.2504700000000002,1.1,1
06.08.2021 00:07:21.020,1.2505600000000001,1.2504600000000001,1.6,1
06.08.2021 00:07:21.172,1.25058,1.25044,1.72,1.87
06.08.2021 00:07:21.273,1.2506000000000002,1.2504600000000001,1.72,1.12
06.08.2021 00:07:21.476,1.2506000000000002,1.2504600000000001,1.6,1.12
06.08.2021 00:07:24.505,1.25061,1.25052,4.39,1
06.08.2021 00:07:30.844,1.25061,1.25045,2.29,2.62
06.08.2021 00:07:31.773,1.2506000000000002,1.25052,2.29,1
06.08.2021 00:07:34.073,1.2506000000000002,1.2505000000000002,1.85,1
06.08.2021 00:07:57.395,1.2505700000000002,1.25051,1,1
06.08.2021 00:07:57.446,1.25052,1.25045,1,1
06.08.2021 00:07:57.547,1.25053,1.25044,1.1,1
06.08.2021 00:08:00.106,1.25053,1.25045,1.1,1
06.08.2021 00:08:01.541,1.25055,1.25044,2.47,1
06.08.2021 00:08:08.676,1.2505700000000002,1.25045,2.07,1.5
06.08.2021 00:08:08.879,1.25059,1.2505000000000002,2.72,1
06.08.2021 00:08:08.980,1.25059,1.2505000000000002,1.95,1
06.08.2021 00:08:43.301,1.2505700000000002,1.25051,1,1
06.08.2021 00:08:43.352,1.2505600000000001,1.25048,1.6,1
06.08.2021 00:08:48.052,1.2505700000000002,1.25049,3.04,1
06.08.2021 00:08:52.132,1.25055,1.2504700000000002,1.97,1
06.08.2021 00:08:53.835,1.25053,1.25044,1.6,1
06.08.2021 00:09:04.615,1.25051,1.2503700000000002,1.01,2.62
06.08.2021 00:09:04.717,1.2505000000000002,1.25038,1.6,1
06.08.2021 00:09:05.224,1.25051,1.2503600000000001,1.6,1.12
06.08.2021 00:09:07.727,1.2505000000000002,1.25044,1.12,1
06.08.2021 00:09:10.901,1.2505000000000002,1.25044,1.22,1
06.08.2021 00:09:11.231,1.25051,1.2503600000000001,1.22,1.12
06.08.2021 00:09:13.727,1.25051,1.25043,1.12,1
06.08.2021 00:09:14.119,1.25049,1.2504,1.12,1
06.08.2021 00:09:14.221,1.25049,1.2504,1.22,1
06.08.2021 00:09:14.272,1.2504600000000001,1.25038,1.1,1
06.08.2021 00:09:14.323,1.25045,1.2503600000000001,1.2,1
06.08.2021 00:09:14.425,1.25048,1.25031,3.79,3.57
06.08.2021 00:09:14.966,1.25048,1.25038,1.6,1
06.08.2021 00:09:15.219,1.25049,1.2504,3.66,1
06.08.2021 00:09:16.349,1.25049,1.2504,2.51,1
06.08.2021 00:09:18.121,1.25049,1.25041,1.2,1
06.08.2021 00:09:20.330,1.25052,1.25042,1.2,1
06.08.2021 00:09:20.431,1.25053,1.25044,2.1,1
06.08.2021 00:09:38.605,1.25053,1.2503700000000002,1.6,3.07
06.08.2021 00:09:42.921,1.25053,1.25044,3.1,1
06.08.2021 00:10:12.117,1.25053,1.25043,1.6,1
06.08.2021 00:10:19.893,1.25053,1.25044,2.1,1
06.08.2021 00:10:22.366,1.25053,1.25043,2.1,1
06.08.2021 00:10:23.844,1.25053,1.25044,2.75,1
06.08.2021 00:10:24.350,1.25051,1.2503700000000002,1.1,2.62
06.08.2021 00:10:24.401,1.25045,1.2503600000000001,1,1
06.08.2021 00:10:24.502,1.25045,1.2503600000000001,1.41,1
06.08.2021 00:10:27.211,1.2504600000000001,1.2503600000000001,1.85,1
06.08.2021 00:10:31.656,1.25045,1.2503600000000001,2.07,1
06.08.2021 00:10:53.994,1.25045,1.25035,2.85,1
06.08.2021 00:10:54.095,1.25045,1.25035,2.85,1
06.08.2021 00:10:54.542,1.25045,1.25035,2.85,1
06.08.2021 00:10:54.644,1.25045,1.25035,2.85,1
06.08.2021 00:10:55.353,1.25045,1.25035,2.85,1
06.08.2021 00:11:10.950,1.25042,1.2503600000000001,1,1
06.08.2021 00:11:11.106,1.25044,1.2503600000000001,4.22,1
06.08.2021 00:11:14.180,1.25045,1.2503600000000001,2.72,1
06.08.2021 00:11:17.417,1.25044,1.25035,1.57,1
06.08.2021 00:11:17.577,1.25043,1.2503700000000002,1.1,1
06.08.2021 00:11:20.564,1.25044,1.25035,1.95,1
06.08.2021 00:11:20.665,1.25043,1.2503600000000001,1.6,1
06.08.2021 00:11:21.809,1.25045,1.2503600000000001,2.72,1
06.08.2021 00:11:23.438,1.25044,1.2503700000000002,1.2,1
06.08.2021 00:11:23.676,1.25044,1.2503700000000002,2.1,1
06.08.2021 00:11:27.285,1.25044,1.25035,1.6,1
06.08.2021 00:11:27.548,1.25043,1.2503700000000002,1.1,1
06.08.2021 00:11:27.649,1.25044,1.25035,1.6,1
06.08.2021 00:11:27.800,1.25044,1.2503700000000002,2.72,1
06.08.2021 00:11:28.433,1.25045,1.2503600000000001,2.7,1
06.08.2021 00:11:28.556,1.25044,1.2503600000000001,1,1
06.08.2021 00:11:28.702,1.25044,1.2503700000000002,2.7,1
06.08.2021 00:11:34.050,1.25045,1.25035,1.1,1
06.08.2021 00:11:40.578,1.2504700000000002,1.25038,1.6,1
06.08.2021 00:11:40.680,1.25048,1.25041,3.26,1
06.08.2021 00:11:44.559,1.25051,1.2504,2.85,1
06.08.2021 00:11:44.610,1.25051,1.25042,1.6,1
06.08.2021 00:11:44.711,1.25051,1.25042,1.1,1
06.08.2021 00:11:46.635,1.2504700000000002,1.2504,1.1,1
06.08.2021 00:11:46.838,1.25048,1.25041,2.07,1
06.08.2021 00:11:46.989,1.25048,1.25041,1.76,1
06.08.2021 00:11:47.091,1.25049,1.25041,2.14,1
06.08.2021 00:11:47.192,1.25049,1.2504,1.1,1
06.08.2021 00:11:47.344,1.25051,1.2504,3.85,1
06.08.2021 00:11:48.067,1.25051,1.25042,1.2,1
06.08.2021 00:11:48.371,1.25053,1.25043,2.85,1
06.08.2021 00:11:48.861,1.25052,1.25044,1.1,1
06.08.2021 00:11:49.007,1.25053,1.25043,2.85,1
06.08.2021 00:11:50.138,1.25052,1.25043,1.2,1
06.08.2021 00:11:51.162,1.25051,1.25045,1.2,1
06.08.2021 00:11:58.122,1.25053,1.25044,1.95,1
06.08.2021 00:11:58.311,1.25053,1.25043,1.57,1
06.08.2021 00:11:58.462,1.25053,1.25044,1.2,1
06.08.2021 00:11:58.563,1.25054,1.2504600000000001,1.6,1
06.08.2021 00:11:58.664,1.25055,1.2504600000000001,1.6,1
06.08.2021 00:11:59.292,1.25055,1.25045,1.6,1
06.08.2021 00:11:59.967,1.2505600000000001,1.25045,1.22,1
06.08.2021 00:12:00.069,1.2505700000000002,1.25049,1.6,1
06.08.2021 00:12:00.170,1.25058,1.25048,1.97,1
06.08.2021 00:12:02.827,1.25053,1.2504700000000002,1.1,1
06.08.2021 00:12:03.737,1.2505600000000001,1.25044,3.04,1
06.08.2021 00:12:03.891,1.2505600000000001,1.2504600000000001,2.85,1
06.08.2021 00:12:05.754,1.25053,1.25043,1.57,1
06.08.2021 00:12:05.856,1.25052,1.25043,2.7,1
06.08.2021 00:12:06.524,1.25052,1.25044,2.7,1
06.08.2021 00:12:07.655,1.25052,1.25044,2.72,1
06.08.2021 00:12:08.234,1.25053,1.25044,2.7,1
06.08.2021 00:12:10.981,1.25052,1.25044,1.95,1
06.08.2021 00:12:11.444,1.25053,1.25044,2.7,1
06.08.2021 00:12:11.546,1.25053,1.25043,2.7,1
06.08.2021 00:12:11.962,1.25053,1.25044,2.7,1
06.08.2021 00:12:12.774,1.25053,1.25043,2.7,1
06.08.2021 00:12:13.592,1.25052,1.25044,2.82,1
06.08.2021 00:12:15.116,1.25053,1.25042,1.6,1
06.08.2021 00:12:15.532,1.25053,1.25043,1.6,1
06.08.2021 00:12:16.384,1.25055,1.25044,2.1,1
06.08.2021 00:12:16.535,1.25053,1.25042,1.57,1
06.08.2021 00:12:16.958,1.25054,1.25043,1.22,1
06.08.2021 00:12:17.081,1.25054,1.25042,1.22,1
06.08.2021 00:12:17.253,1.25054,1.25043,1.22,1
06.08.2021 00:12:17.354,1.25055,1.25044,1.6,1
06.08.2021 00:12:17.455,1.25055,1.25045,1.2,1
06.08.2021 00:12:17.657,1.2505600000000001,1.25044,2.16,1
06.08.2021 00:12:17.809,1.25055,1.25044,1.6,1
06.08.2021 00:12:18.006,1.2505600000000001,1.25045,2.85,1
06.08.2021 00:12:20.399,1.25052,1.25043,1.95,1
06.08.2021 00:12:20.501,1.25053,1.25043,1.95,1
06.08.2021 00:12:20.602,1.25053,1.25044,1.2,1
06.08.2021 00:12:20.703,1.25052,1.25044,1.2,1
06.08.2021 00:12:20.854,1.25053,1.25042,1.2,1
06.08.2021 00:12:20.955,1.25054,1.25043,1.6,1
06.08.2021 00:12:21.591,1.25055,1.25043,2.1,1
06.08.2021 00:12:23.928,1.25055,1.25044,2.29,1
06.08.2021 00:12:25.970,1.25055,1.25044,2.29,1
06.08.2021 00:12:26.071,1.25052,1.25043,1.95,1
06.08.2021 00:12:26.178,1.25054,1.25045,2.85,1
06.08.2021 00:12:26.229,1.25055,1.25042,2.85,1
06.08.2021 00:12:26.905,1.25055,1.25044,1.85,1
06.08.2021 00:12:27.006,1.2505600000000001,1.25044,1.6,1
06.08.2021 00:12:27.108,1.25055,1.2504600000000001,1.6,1
06.08.2021 00:12:27.903,1.2505700000000002,1.25045,1.97,1
06.08.2021 00:12:28.124,1.2505700000000002,1.25044,1.97,1
06.08.2021 00:12:28.600,1.2505600000000001,1.25045,1.1,1
06.08.2021 00:12:31.472,1.2505700000000002,1.25044,1.97,1
06.08.2021 00:12:32.833,1.25055,1.25044,2.54,1
06.08.2021 00:12:32.934,1.25055,1.25043,1.6,1
06.08.2021 00:12:34.828,1.25052,1.25043,2.07,1
06.08.2021 00:12:34.929,1.25053,1.25041,2.1,1
06.08.2021 00:12:35.713,1.25053,1.25042,2.1,1
06.08.2021 00:12:42.305,1.25053,1.25041,1.97,1
06.08.2021 00:12:42.543,1.25053,1.25042,1.97,1
06.08.2021 00:12:43.128,1.25052,1.25042,1.97,1
06.08.2021 00:13:34.987,1.25053,1.25041,1.87,1
06.08.2021 00:13:39.592,1.25053,1.25041,2,1
06.08.2021 00:13:43.484,1.25052,1.25042,1.87,1
06.08.2021 00:13:45.122,1.25052,1.25042,2,1
06.08.2021 00:13:47.260,1.25053,1.25041,1.87,1
06.08.2021 00:13:57.155,1.25053,1.25042,1.95,1
06.08.2021 00:13:58.809,1.25053,1.25043,1,1
06.08.2021 00:13:58.910,1.25054,1.25045,2.1,1
06.08.2021 00:13:59.011,1.25054,1.25045,1.1,1
06.08.2021 00:13:59.415,1.2505600000000001,1.25045,2.85,1
06.08.2021 00:13:59.847,1.2505600000000001,1.2504600000000001,2.1,1
06.08.2021 00:14:00.804,1.2505700000000002,1.25044,1.6,1
06.08.2021 00:14:02.815,1.2505600000000001,1.25045,1.2,1
06.08.2021 00:14:04.220,1.25055,1.25045,1,1
06.08.2021 00:14:04.727,1.2505600000000001,1.25045,1,1
06.08.2021 00:14:07.286,1.2505700000000002,1.25045,1.2,1
06.08.2021 00:14:07.387,1.25058,1.25048,1.12,1
06.08.2021 00:14:07.489,1.25058,1.2504700000000002,1.12,1
06.08.2021 00:14:07.911,1.25058,1.25048,1.2,1
06.08.2021 00:14:08.783,1.25059,1.2504700000000002,1.79,1
06.08.2021 00:14:08.885,1.2505700000000002,1.2504600000000001,1.1,1
06.08.2021 00:14:21.258,1.25055,1.2504700000000002,1,1
06.08.2021 00:14:21.461,1.2505600000000001,1.2504700000000002,1.1,1
06.08.2021 00:14:28.001,1.2505600000000001,1.2504600000000001,1,1
06.08.2021 00:14:29.519,1.25053,1.25041,1,1
06.08.2021 00:14:29.569,1.25054,1.25043,1.1,1
06.08.2021 00:14:29.670,1.25052,1.25042,1.57,1
06.08.2021 00:14:34.092,1.25053,1.25041,2.82,1
06.08.2021 00:14:42.612,1.25053,1.25042,2.82,1
06.08.2021 00:14:43.339,1.25052,1.25042,2.82,1
06.08.2021 00:14:43.492,1.25052,1.25043,2.82,1
06.08.2021 00:14:43.605,1.25052,1.25042,2.82,1
06.08.2021 00:14:43.706,1.25053,1.25042,2.82,1
06.08.2021 00:14:43.899,1.25052,1.25042,2.82,1
06.08.2021 00:14:44.843,1.25053,1.25042,2.82,1
06.08.2021 00:14:44.944,1.25053,1.25041,2.82,1
06.08.2021 00:14:45.446,1.25052,1.25043,2.07,1
06.08.2021 00:14:45.598,1.25053,1.25041,2.07,1
06.08.2021 00:14:45.810,1.25052,1.25043,2.07,1
06.08.2021 00:14:46.386,1.25053,1.25041,2.82,1
06.08.2021 00:14:46.488,1.25053,1.25042,2.82,1
06.08.2021 00:14:46.716,1.25052,1.25042,2.82,1
06.08.2021 00:14:47.204,1.25052,1.25043,2.82,1
06.08.2021 00:14:48.116,1.25052,1.25042,2.82,1
06.08.2021 00:15:00.086,1.25053,1.25042,2.82,1
06.08.2021 00:15:00.188,1.25053,1.25041,2.82,1
06.08.2021 00:15:00.654,1.25053,1.2504,2.82,1
06.08.2021 00:15:01.246,1.25053,1.25041,2.82,1
06.08.2021 00:15:01.348,1.25052,1.25041,2.82,1
06.08.2021 00:15:01.601,1.25052,1.25042,2.82,1
06.08.2021 00:15:01.702,1.25052,1.25041,2.82,1
06.08.2021 00:15:03.031,1.2504700000000002,1.2504,1.5,1
06.08.2021 00:15:03.082,1.25045,1.25033,1.5,1.5
06.08.2021 00:15:03.133,1.25045,1.25033,3.45,1
06.08.2021 00:15:03.235,1.25043,1.25034,1.1,1
06.08.2021 00:15:03.594,1.25045,1.25032,3.47,1
06.08.2021 00:15:10.647,1.25045,1.25031,3.66,1
06.08.2021 00:15:11.043,1.25045,1.25032,3.47,1
06.08.2021 00:15:12.460,1.25043,1.2503,1.6,1
06.08.2021 00:15:12.663,1.25041,1.25031,1.5,1
06.08.2021 00:15:12.865,1.25043,1.25032,2.07,1
06.08.2021 00:15:14.023,1.25043,1.25033,2.07,1
06.08.2021 00:15:15.574,1.25044,1.25031,2.07,1
06.08.2021 00:15:15.625,1.2504,1.2502700000000002,1.62,2.37
06.08.2021 00:15:15.676,1.25038,1.25025,2.32,1.5
06.08.2021 00:15:15.828,1.25038,1.25025,1.2,1
06.08.2021 00:15:17.406,1.25038,1.25025,2.72,1
06.08.2021 00:15:19.975,1.2503900000000001,1.2502600000000001,2.66,1
06.08.2021 00:15:20.077,1.2503900000000001,1.25025,2.66,1
06.08.2021 00:15:20.275,1.2503900000000001,1.25025,2.66,1
06.08.2021 00:15:20.631,1.2503900000000001,1.25025,2.66,1
06.08.2021 00:15:21.702,1.25038,1.25024,2.1,1
06.08.2021 00:15:21.803,1.25038,1.25025,2.1,1
06.08.2021 00:15:23.253,1.25038,1.25024,2.1,1
06.08.2021 00:15:23.721,1.2503900000000001,1.25025,1.6,1
06.08.2021 00:15:25.885,1.2503900000000001,1.2502700000000002,2.1,1
06.08.2021 00:15:25.936,1.25038,1.2502700000000002,1.2,1
06.08.2021 00:15:26.162,1.2504,1.2502900000000001,1.2,1
06.08.2021 00:15:26.264,1.25042,1.25031,1.1,1
06.08.2021 00:15:26.365,1.25044,1.25031,1.6,1
06.08.2021 00:15:27.128,1.25044,1.25032,1.6,1
06.08.2021 00:15:28.166,1.25045,1.25032,2.72,1
06.08.2021 00:15:32.507,1.25043,1.25032,1.2,1
06.08.2021 00:15:32.768,1.25044,1.25033,3.6,1
06.08.2021 00:15:32.970,1.25044,1.25032,4.35,1
06.08.2021 00:15:33.961,1.25044,1.25032,1.2,1
06.08.2021 00:15:34.062,1.25044,1.25031,1.6,1
06.08.2021 00:15:34.164,1.25044,1.25032,1.6,1
06.08.2021 00:15:34.266,1.25044,1.25031,2.07,1
06.08.2021 00:15:34.777,1.25043,1.25031,2.1,1
06.08.2021 00:15:34.879,1.25044,1.25033,3.79,1
06.08.2021 00:15:34.980,1.25044,1.25031,2.07,1
06.08.2021 00:15:35.082,1.25045,1.25032,3.04,1
06.08.2021 00:15:35.285,1.25045,1.25031,3.79,1
06.08.2021 00:15:35.487,1.25043,1.25031,1.6,1
06.08.2021 00:15:35.589,1.25045,1.25031,3.04,1
06.08.2021 00:15:36.057,1.25045,1.25032,3.6,1
06.08.2021 00:15:36.158,1.25044,1.25031,1.6,1
06.08.2021 00:15:36.592,1.25044,1.25031,1.2,1
06.08.2021 00:15:37.037,1.25045,1.25032,3.6,1
06.08.2021 00:15:37.239,1.25043,1.25032,1.2,1
06.08.2021 00:15:37.562,1.25043,1.25033,1.2,1
06.08.2021 00:15:43.828,1.25044,1.25031,1.2,1
06.08.2021 00:15:44.897,1.25045,1.25032,2.85,1
06.08.2021 00:15:50.644,1.25043,1.25032,1,1
06.08.2021 00:15:50.756,1.25043,1.25033,1.2,1
06.08.2021 00:15:54.527,1.25045,1.25031,3.79,1
06.08.2021 00:15:54.628,1.25044,1.25032,1.2,1
06.08.2021 00:15:55.442,1.25044,1.25031,1.2,1
06.08.2021 00:15:55.555,1.25044,1.25032,1.2,1
06.08.2021 00:15:55.874,1.25044,1.25031,1.2,1
06.08.2021 00:15:55.975,1.25044,1.25033,3.6,1
06.08.2021 00:15:56.127,1.25044,1.25031,1.2,1
06.08.2021 00:15:56.723,1.25044,1.25032,1.2,1
06.08.2021 00:16:23.092,1.25045,1.25032,4.2,1
06.08.2021 00:16:28.984,1.25045,1.25032,4.32,1
06.08.2021 00:16:38.519,1.25043,1.25031,1,1
06.08.2021 00:16:39.670,1.25043,1.25032,1.12,1
06.08.2021 00:16:40.407,1.25043,1.25031,1,1
06.08.2021 00:16:40.829,1.25043,1.25032,1,1
06.08.2021 00:16:42.044,1.25044,1.25032,1.12,1
06.08.2021 00:16:42.306,1.25043,1.25032,1,1
06.08.2021 00:16:42.736,1.25043,1.2503,1,1
06.08.2021 00:16:42.838,1.25043,1.25031,1,1
06.08.2021 00:16:43.140,1.25043,1.25032,1,1
06.08.2021 00:16:43.336,1.25043,1.25031,1,1
06.08.2021 00:16:44.090,1.25044,1.25031,1.12,1
06.08.2021 00:16:44.191,1.25044,1.25032,1.12,1
06.08.2021 00:16:46.871,1.25043,1.25032,1,1
06.08.2021 00:16:47.293,1.25044,1.25032,1,1
06.08.2021 00:16:49.328,1.25044,1.25031,1,1
06.08.2021 00:16:49.692,1.25044,1.25032,1,1
06.08.2021 00:16:50.178,1.25044,1.25031,1,1
06.08.2021 00:16:51.062,1.25044,1.25032,1,1
06.08.2021 00:16:55.828,1.25045,1.25032,1.12,1
06.08.2021 00:16:55.981,1.25045,1.25033,1.12,1
06.08.2021 00:16:56.032,1.2504600000000001,1.25035,1.1,1.5
06.08.2021 00:16:56.082,1.2505000000000002,1.2503600000000001,2.75,1
06.08.2021 00:16:56.184,1.25049,1.2503900000000001,1.5,1
06.08.2021 00:16:56.234,1.25051,1.25038,1,1
06.08.2021 00:16:57.605,1.25052,1.25038,1.87,1
06.08.2021 00:16:57.865,1.25051,1.25038,1,1
06.08.2021 00:16:58.067,1.25051,1.2503900000000001,1,1
06.08.2021 00:16:58.169,1.25051,1.25038,1,1
06.08.2021 00:16:58.270,1.25052,1.25038,1.87,1
06.08.2021 00:16:58.582,1.25052,1.2503900000000001,1.87,1
06.08.2021 00:16:58.734,1.2505000000000002,1.2504,1,1
06.08.2021 00:16:59.116,1.25052,1.2503900000000001,1.87,1
06.08.2021 00:16:59.587,1.25051,1.2503900000000001,1,1
06.08.2021 00:17:01.524,1.25051,1.25038,1,1
06.08.2021 00:17:02.064,1.25051,1.2503900000000001,1,1
06.08.2021 00:17:02.165,1.2505000000000002,1.2503900000000001,1.12,1
06.08.2021 00:17:02.765,1.2505000000000002,1.2503900000000001,1,1
06.08.2021 00:17:02.869,1.25049,1.2503900000000001,1,1
06.08.2021 00:17:03.417,1.2505000000000002,1.2503900000000001,1,1
06.08.2021 00:17:04.016,1.25051,1.2503900000000001,1.12,1
06.08.2021 00:17:04.268,1.25052,1.25038,2.75,1
06.08.2021 00:17:04.370,1.25051,1.2503700000000002,1.37,1
06.08.2021 00:17:04.878,1.2504700000000002,1.2503600000000001,2.75,1
06.08.2021 00:17:04.980,1.2504600000000001,1.25035,1.12,1
06.08.2021 00:17:07.737,1.25048,1.25034,1.87,1
06.08.2021 00:17:10.373,1.25049,1.25034,3.45,1
06.08.2021 00:17:10.524,1.25048,1.25034,1,1
06.08.2021 00:17:12.135,1.25051,1.2503700000000002,3.76,1
06.08.2021 00:17:12.236,1.25051,1.2503700000000002,3.76,1
06.08.2021 00:17:12.845,1.25051,1.2503700000000002,3.56,1
06.08.2021 00:17:13.314,1.2505000000000002,1.2503600000000001,1,1.87
06.08.2021 00:17:13.572,1.25049,1.2503600000000001,1,1.87
06.08.2021 00:17:13.623,1.25048,1.25034,1,1
06.08.2021 00:17:13.825,1.25048,1.25034,2,1
06.08.2021 00:17:17.437,1.25048,1.25034,1.87,1
06.08.2021 00:17:19.293,1.25045,1.25032,1,1
06.08.2021 00:17:19.395,1.2504600000000001,1.25034,2.82,1
06.08.2021 00:17:19.823,1.2504700000000002,1.25034,2,1
06.08.2021 00:17:20.038,1.2504700000000002,1.25032,2,1
06.08.2021 00:17:21.543,1.2504700000000002,1.25033,1.5,1
06.08.2021 00:17:22.180,1.2504600000000001,1.25035,1.5,1
06.08.2021 00:17:22.282,1.2504600000000001,1.25034,2,1
06.08.2021 00:17:23.542,1.2504600000000001,1.25035,1.5,1
06.08.2021 00:17:25.494,1.25049,1.25034,2,2.25
06.08.2021 00:17:25.545,1.25049,1.2503600000000001,1.5,1
06.08.2021 00:17:26.322,1.25049,1.2503600000000001,1,1
06.08.2021 00:17:26.544,1.2505000000000002,1.2503600000000001,2.06,1
06.08.2021 00:17:27.877,1.25049,1.25035,2,1.5
06.08.2021 00:17:27.928,1.2504700000000002,1.25033,1.69,1
06.08.2021 00:17:28.080,1.2504700000000002,1.25033,1.6,1
06.08.2021 00:17:28.988,1.2504700000000002,1.25032,2.82,1
06.08.2021 00:17:29.039,1.2504700000000002,1.25034,1.5,1
06.08.2021 00:17:30.037,1.2504700000000002,1.25034,1.12,1
06.08.2021 00:17:30.938,1.2504600000000001,1.25034,1.12,1
06.08.2021 00:17:31.282,1.25045,1.25034,1,1
06.08.2021 00:17:31.383,1.25045,1.25033,1,1
06.08.2021 00:17:31.484,1.25045,1.25032,1.5,1
06.08.2021 00:17:31.586,1.2504600000000001,1.25032,2.25,1
06.08.2021 00:17:33.079,1.2504600000000001,1.25033,1,1
06.08.2021 00:17:33.281,1.2504600000000001,1.25032,1,1
06.08.2021 00:17:33.568,1.2504600000000001,1.25033,1,1
06.08.2021 00:17:33.825,1.25045,1.25033,1,1
06.08.2021 00:17:34.109,1.2504600000000001,1.25033,1,1
06.08.2021 00:17:34.261,1.2504600000000001,1.25032,1,1
06.08.2021 00:17:35.340,1.25045,1.25034,1,1
06.08.2021 00:17:35.540,1.2504600000000001,1.25032,1,1
06.08.2021 00:17:36.418,1.2504600000000001,1.25033,1,1
06.08.2021 00:17:36.525,1.2504600000000001,1.25034,1.95,1
06.08.2021 00:17:38.656,1.2504600000000001,1.25033,1,1
06.08.2021 00:17:38.707,1.25045,1.25031,1.12,1
06.08.2021 00:17:38.809,1.2504600000000001,1.25034,2.82,1
06.08.2021 00:17:38.910,1.2504700000000002,1.25033,2.7,1
06.08.2021 00:17:39.585,1.25044,1.25032,1.87,1
06.08.2021 00:17:39.694,1.2504600000000001,1.25032,3,1
06.08.2021 00:17:39.846,1.25045,1.25033,1.12,1
06.08.2021 00:17:41.769,1.2504700000000002,1.25033,2,1
06.08.2021 00:17:42.153,1.2504600000000001,1.25033,2.75,1
06.08.2021 00:17:42.458,1.25045,1.25032,1.12,1
06.08.2021 00:17:45.455,1.2504700000000002,1.25032,2.62,1
06.08.2021 00:17:45.556,1.2504600000000001,1.25032,1,1
06.08.2021 00:17:46.409,1.2504600000000001,1.25033,1,1
06.08.2021 00:17:48.105,1.2504600000000001,1.25032,1.5,1
06.08.2021 00:17:48.206,1.25045,1.2503,2.25,1.87
06.08.2021 00:17:48.922,1.25044,1.2503,1,1
06.08.2021 00:17:50.200,1.25043,1.25031,1,1.62
06.08.2021 00:17:53.325,1.25043,1.25032,1,1
06.08.2021 00:17:54.056,1.25044,1.2503,1.5,1
06.08.2021 00:17:54.880,1.25044,1.2503,1,1.62
06.08.2021 00:17:55.881,1.25044,1.2503,1,1.12
06.08.2021 00:17:56.294,1.25045,1.25031,1,1.5
06.08.2021 00:17:56.395,1.25045,1.25032,1.12,1
06.08.2021 00:17:56.496,1.2504600000000001,1.25032,1.12,1
06.08.2021 00:17:57.313,1.2504600000000001,1.25031,1.12,1.12
06.08.2021 00:17:58.407,1.2504700000000002,1.25032,2.62,1
06.08.2021 00:17:59.588,1.25049,1.25035,1.12,1.5
06.08.2021 00:17:59.790,1.2505000000000002,1.25035,2.06,1.5
06.08.2021 00:17:59.993,1.25049,1.2503600000000001,1.87,2
06.08.2021 00:18:00.549,1.25049,1.25035,1.87,2
06.08.2021 00:18:00.966,1.25048,1.2503600000000001,1.12,1
06.08.2021 00:18:01.281,1.25048,1.25034,1,1.12
06.08.2021 00:18:01.382,1.2504700000000002,1.25033,1.12,1
06.08.2021 00:18:02.005,1.25048,1.25033,2,1.12
06.08.2021 00:18:04.593,1.25048,1.25033,1.87,1.12
06.08.2021 00:18:07.678,1.2504600000000001,1.25033,1,1.12
06.08.2021 00:18:07.730,1.25044,1.25031,2.25,1.01
06.08.2021 00:18:07.837,1.2504600000000001,1.25031,1.12,1
06.08.2021 00:18:08.090,1.25045,1.2503,2.25,1.39
06.08.2021 00:18:10.705,1.25044,1.2503,1,1.12
06.08.2021 00:18:10.867,1.25044,1.25031,1.87,1
06.08.2021 00:18:12.600,1.2504600000000001,1.25031,1.87,1
06.08.2021 00:18:12.802,1.25045,1.2503,1.5,1
06.08.2021 00:18:13.407,1.25044,1.2503,1,1
06.08.2021 00:18:13.508,1.25045,1.2503,1.5,1
06.08.2021 00:18:13.609,1.25045,1.2503,1,1.7
06.08.2021 00:18:15.320,1.2504600000000001,1.25032,2.62,1
06.08.2021 00:18:16.222,1.2504600000000001,1.25031,1.87,1.12
06.08.2021 00:18:16.576,1.25044,1.2503,1,1
06.08.2021 00:18:16.739,1.25045,1.2503,2.25,1
06.08.2021 00:18:16.840,1.25045,1.25031,1,1
06.08.2021 00:18:17.042,1.25045,1.2503,1.5,1
06.08.2021 00:18:17.639,1.25045,1.25031,1,1
06.08.2021 00:18:17.740,1.2504600000000001,1.25031,1.87,1
06.08.2021 00:18:20.025,1.2504600000000001,1.25033,2,1
06.08.2021 00:18:20.128,1.2504700000000002,1.25032,1.87,1
06.08.2021 00:18:39.306,1.25048,1.25034,1,1.57
06.08.2021 00:18:39.407,1.25051,1.2503600000000001,2.75,1
06.08.2021 00:18:39.509,1.2505000000000002,1.2503700000000002,1.87,1.1
06.08.2021 00:18:41.388,1.25051,1.2503700000000002,1.12,1
06.08.2021 00:18:42.119,1.25051,1.2503900000000001,2.75,1
06.08.2021 00:18:42.271,1.2505000000000002,1.25038,1.12,1
06.08.2021 00:18:47.586,1.25051,1.2503600000000001,1.12,1.5
06.08.2021 00:18:47.687,1.2505000000000002,1.2503600000000001,1,1.5
06.08.2021 00:18:48.077,1.25051,1.2503600000000001,1.87,1.87
06.08.2021 00:19:02.815,1.2505000000000002,1.2503600000000001,1,1.5
06.08.2021 00:19:02.962,1.25049,1.25034,4.32,1.12
06.08.2021 00:19:03.280,1.25049,1.25034,1.87,1.12
06.08.2021 00:19:08.426,1.25049,1.25035,1,1
06.08.2021 00:19:12.087,1.25049,1.2503600000000001,1,1
06.08.2021 00:19:12.189,1.2505000000000002,1.2503600000000001,1.5,1
06.08.2021 00:19:12.290,1.25048,1.2503700000000002,1,1
06.08.2021 00:19:12.390,1.25051,1.2503600000000001,1.5,1.5
06.08.2021 00:19:14.005,1.25052,1.2503700000000002,2.62,1
06.08.2021 00:19:14.437,1.25052,1.25038,1.87,1
06.08.2021 00:19:14.539,1.25053,1.2503900000000001,1.5,1.12
06.08.2021 00:19:14.641,1.25053,1.2504,1.12,1.12
06.08.2021 00:19:14.794,1.25055,1.2504,2.75,1
06.08.2021 00:19:15.534,1.25052,1.2504,2.25,1
06.08.2021 00:19:15.687,1.25053,1.2504,1.87,1.62
06.08.2021 00:19:17.110,1.25055,1.2504,1.95,1.12
06.08.2021 00:19:20.508,1.25054,1.2504,1,1.87
06.08.2021 00:19:20.610,1.25053,1.2503900000000001,1.12,1.62
06.08.2021 00:19:21.547,1.2505600000000001,1.25041,1.5,1.87
06.08.2021 00:19:21.648,1.25059,1.25044,2,1
06.08.2021 00:19:21.749,1.25059,1.25044,2.75,1
06.08.2021 00:19:21.851,1.25058,1.2504600000000001,1.5,1
06.08.2021 00:19:22.624,1.25059,1.25045,1.87,1
06.08.2021 00:19:33.423,1.25059,1.2504600000000001,1.12,1
06.08.2021 00:19:35.942,1.2506000000000002,1.2504600000000001,1.12,1
06.08.2021 00:19:37.493,1.2506000000000002,1.25045,1.87,1.5
06.08.2021 00:19:38.095,1.25058,1.2504600000000001,1,1.5
06.08.2021 00:19:40.309,1.2506000000000002,1.25045,1.87,1.5
06.08.2021 00:19:40.675,1.25059,1.25045,1,1.5
06.08.2021 00:19:40.894,1.2506000000000002,1.25045,1.87,1.87
06.08.2021 00:19:41.046,1.25061,1.2504600000000001,3.57,1
06.08.2021 00:19:42.359,1.2506000000000002,1.25048,2.82,1
06.08.2021 00:19:43.011,1.25061,1.2504600000000001,2.82,1.12
06.08.2021 00:19:43.371,1.25061,1.2504700000000002,1.5,1
06.08.2021 00:19:44.833,1.2506000000000002,1.2504600000000001,1.12,1.12
06.08.2021 00:19:44.934,1.25059,1.25048,1.12,1
06.08.2021 00:19:45.698,1.2506000000000002,1.2504600000000001,1,1.12
06.08.2021 00:19:46.126,1.2506000000000002,1.2504700000000002,1,1
06.08.2021 00:19:46.227,1.25061,1.2504700000000002,1.87,1
06.08.2021 00:19:46.893,1.2506000000000002,1.2504600000000001,1,1.12
06.08.2021 00:19:47.051,1.25061,1.2504600000000001,1.5,1.12
06.08.2021 00:19:47.152,1.2506000000000002,1.2504600000000001,1,1.12
06.08.2021 00:19:47.572,1.25061,1.2504600000000001,1.5,1.12
06.08.2021 00:19:49.208,1.25059,1.2504700000000002,1,1.12
06.08.2021 00:19:51.499,1.25061,1.2504600000000001,1.87,1.12
06.08.2021 00:19:58.022,1.25061,1.2504700000000002,1.12,1
06.08.2021 00:19:59.187,1.2506000000000002,1.25049,1.12,1
06.08.2021 00:20:02.529,1.25064,1.25049,2,1
06.08.2021 00:20:02.804,1.25064,1.25049,1.5,1
06.08.2021 00:20:04.561,1.2506700000000002,1.25052,1.87,1
06.08.2021 00:20:05.364,1.2506700000000002,1.25052,1.87,1.62
06.08.2021 00:20:08.939,1.2506700000000002,1.25052,1.87,1.12
06.08.2021 00:20:09.191,1.25068,1.25053,2,1.5
06.08.2021 00:20:09.592,1.2506700000000002,1.25054,1.87,1.5
06.08.2021 00:20:11.778,1.2506700000000002,1.25053,1,1.12
06.08.2021 00:20:13.106,1.25066,1.25053,1,1.12
06.08.2021 00:20:15.443,1.2506700000000002,1.25053,1,1.12
06.08.2021 00:20:21.220,1.25066,1.25053,1,1.1
06.08.2021 00:20:21.415,1.2506700000000002,1.25053,1,1
06.08.2021 00:20:22.378,1.25068,1.25053,1.12,1.5
06.08.2021 00:20:26.527,1.25068,1.25054,1.12,1
06.08.2021 00:20:26.646,1.25068,1.25053,1.12,1.57
06.08.2021 00:20:31.745,1.2506700000000002,1.25053,1,1.5
06.08.2021 00:20:31.984,1.25068,1.25053,1.12,1.5
06.08.2021 00:20:32.087,1.25066,1.25054,1,1
06.08.2021 00:20:32.557,1.2506700000000002,1.25054,1.12,1.5
06.08.2021 00:20:32.658,1.2506700000000002,1.25053,1,1
06.08.2021 00:20:36.660,1.2506700000000002,1.25054,1.12,1.5
06.08.2021 00:20:42.395,1.25066,1.25053,1,1
06.08.2021 00:20:46.618,1.2506700000000002,1.25053,1.5,1
06.08.2021 00:20:52.654,1.25066,1.25053,1,1
06.08.2021 00:20:53.540,1.2506700000000002,1.25053,1.87,1
06.08.2021 00:21:01.033,1.25066,1.25053,1,1
06.08.2021 00:21:01.898,1.25066,1.25051,1,1.87
06.08.2021 00:21:02.273,1.25063,1.2505000000000002,2.25,1.5
06.08.2021 00:21:02.329,1.2506000000000002,1.2504600000000001,1.12,2.32
06.08.2021 00:21:02.532,1.2506000000000002,1.25048,1,1
06.08.2021 00:21:04.059,1.25061,1.2504600000000001,1,1.57
06.08.2021 00:21:04.160,1.25059,1.25045,1,1.95
06.08.2021 00:21:04.261,1.2506000000000002,1.25045,1,1.57
06.08.2021 00:21:06.036,1.2506000000000002,1.2504600000000001,1,1
06.08.2021 00:21:07.191,1.25059,1.2504600000000001,1,1.57
06.08.2021 00:21:09.802,1.25058,1.25045,1,1.5
06.08.2021 00:21:12.720,1.2506000000000002,1.25045,1.87,1
06.08.2021 00:21:27.837,1.2505700000000002,1.25042,1.1,1.95
06.08.2021 00:21:27.939,1.25052,1.2504,2.25,1.1
06.08.2021 00:21:28.040,1.25053,1.25038,1.57,1.2
06.08.2021 00:21:37.560,1.25052,1.2503900000000001,3.6,1
06.08.2021 00:21:41.849,1.25049,1.25034,2.32,2.82
06.08.2021 00:21:42.001,1.25048,1.25035,1.6,2
06.08.2021 00:21:42.102,1.25049,1.25034,1.6,1.5
06.08.2021 00:21:46.259,1.25048,1.25033,3.47,1
06.08.2021 00:21:46.361,1.25045,1.25032,1.5,1.87
06.08.2021 00:21:46.462,1.25045,1.25031,1.87,1.1
06.08.2021 00:21:51.168,1.2504600000000001,1.25032,1.2,1
06.08.2021 00:21:54.027,1.2504600000000001,1.25034,2.07,1
06.08.2021 00:22:01.612,1.25048,1.2503600000000001,1,1
06.08.2021 00:22:01.663,1.25051,1.2503600000000001,2.7,1.1
06.08.2021 00:22:01.714,1.25051,1.2503900000000001,2.52,1
06.08.2021 00:22:01.816,1.25051,1.2503900000000001,1.1,1
06.08.2021 00:22:01.917,1.25052,1.2504,1.22,1
06.08.2021 00:22:02.019,1.25053,1.2503900000000001,1.2,1
06.08.2021 00:22:02.120,1.25052,1.2503900000000001,1,1
06.08.2021 00:22:08.208,1.25052,1.2504,1.2,1
06.08.2021 00:22:08.806,1.25052,1.25038,1,1.1
06.08.2021 00:22:09.046,1.25052,1.2503900000000001,1,1
06.08.2021 00:22:10.702,1.25053,1.2504,2.1,1
06.08.2021 00:22:10.854,1.25054,1.2504,2.07,1
06.08.2021 00:22:11.500,1.25054,1.25041,1.6,1
06.08.2021 00:22:11.601,1.25055,1.2504,2.85,1
06.08.2021 00:22:11.752,1.25054,1.25042,2.85,1
06.08.2021 00:22:14.199,1.25052,1.25038,1,1.1
06.08.2021 00:22:14.402,1.25052,1.2503900000000001,1.12,1
06.08.2021 00:22:19.130,1.25052,1.25038,1.2,1
06.08.2021 00:22:19.333,1.25051,1.2504,1.12,1
06.08.2021 00:22:19.536,1.25052,1.25038,1.12,1.1
06.08.2021 00:22:25.826,1.25051,1.2504,1,1
06.08.2021 00:22:26.950,1.25052,1.2504,1,1
06.08.2021 00:22:29.928,1.25053,1.2504,2.14,1
06.08.2021 00:22:30.029,1.25053,1.2503900000000001,1.1,1
06.08.2021 00:22:30.131,1.25052,1.2503900000000001,1,1
06.08.2021 00:22:30.453,1.25052,1.2504,1.95,1
06.08.2021 00:22:31.993,1.25053,1.25038,3.66,1
06.08.2021 00:22:32.196,1.25053,1.2503900000000001,2.16,1
06.08.2021 00:22:32.865,1.25053,1.25041,2.16,1
06.08.2021 00:22:43.665,1.25052,1.2504,1.1,1
06.08.2021 00:23:04.727,1.25051,1.25042,1.1,1
06.08.2021 00:23:05.459,1.25053,1.25041,1.57,1
06.08.2021 00:23:05.611,1.25052,1.25041,1,1
06.08.2021 00:23:06.606,1.25052,1.25042,1,1
06.08.2021 00:23:10.984,1.25052,1.25041,1,1
06.08.2021 00:23:18.924,1.25052,1.2504,1.2,1
06.08.2021 00:23:19.125,1.25052,1.25041,1.12,1
06.08.2021 00:23:45.813,1.25051,1.25041,1.6,1
06.08.2021 00:23:51.136,1.25052,1.25041,1.5,1
06.08.2021 00:23:52.663,1.25054,1.25042,1.22,1
06.08.2021 00:23:52.764,1.25052,1.25041,1,1
06.08.2021 00:23:54.129,1.25052,1.2504,1.12,1
06.08.2021 00:23:54.463,1.25051,1.25042,1.12,1
06.08.2021 00:24:09.719,1.25052,1.25042,1,1
06.08.2021 00:24:20.585,1.25053,1.25043,1.2,1
06.08.2021 00:24:30.648,1.25051,1.25042,1.12,1
06.08.2021 00:24:31.378,1.25051,1.2503900000000001,1,1
06.08.2021 00:24:33.105,1.25051,1.25041,1.95,1
06.08.2021 00:24:41.684,1.25051,1.25042,1.12,1
06.08.2021 00:24:43.588,1.25052,1.2504,1.1,1
06.08.2021 00:24:49.725,1.25051,1.25042,1,1
06.08.2021 00:24:49.842,1.25053,1.25042,1.1,1
06.08.2021 00:24:49.943,1.25053,1.25043,1,1
06.08.2021 00:24:55.386,1.25053,1.25041,1.57,1
06.08.2021 00:24:55.900,1.25053,1.25044,1.95,1
06.08.2021 00:24:57.062,1.25053,1.25043,1.95,1
06.08.2021 00:24:58.382,1.25053,1.25043,1.1,1
06.08.2021 00:24:58.485,1.25052,1.2504,1.12,1
06.08.2021 00:24:59.093,1.25052,1.25041,1.2,1
06.08.2021 00:25:01.424,1.25051,1.25041,1.2,1
06.08.2021 00:25:02.408,1.25052,1.25041,1.2,1
06.08.2021 00:25:05.592,1.25051,1.25042,2.07,1
06.08.2021 00:25:11.848,1.25051,1.25041,2.07,1
06.08.2021 00:25:12.905,1.25052,1.25042,2.07,1
06.08.2021 00:25:54.558,1.25053,1.25042,1.57,1
06.08.2021 00:25:55.059,1.25052,1.25042,1,1
06.08.2021 00:26:01.973,1.25053,1.25042,1.95,1
06.08.2021 00:26:02.126,1.25052,1.25042,1,1
06.08.2021 00:26:02.228,1.25053,1.25042,1.2,1
06.08.2021 00:26:02.880,1.25052,1.25042,1,1
06.08.2021 00:26:03.346,1.25052,1.25043,1,1
06.08.2021 00:26:06.606,1.25051,1.25043,1,1
06.08.2021 00:26:06.808,1.25052,1.25043,1,1
06.08.2021 00:26:07.490,1.25055,1.2504700000000002,1.1,1
06.08.2021 00:26:07.541,1.25059,1.25048,1.97,1
06.08.2021 00:26:07.643,1.25058,1.25049,1.5,1
06.08.2021 00:26:07.745,1.25059,1.25049,1,1
06.08.2021 00:26:07.859,1.2506000000000002,1.25049,1.87,1
06.08.2021 00:26:09.602,1.25059,1.25049,1,1
06.08.2021 00:26:09.703,1.2506000000000002,1.25049,1.87,1
06.08.2021 00:26:09.804,1.25058,1.2505000000000002,1,1
06.08.2021 00:26:10.350,1.2506000000000002,1.25049,1.87,1
06.08.2021 00:26:13.727,1.2506000000000002,1.2505000000000002,1.95,1
06.08.2021 00:26:27.762,1.2506000000000002,1.25049,1.95,1
06.08.2021 00:26:28.766,1.2506000000000002,1.2505000000000002,1.95,1
06.08.2021 00:26:34.043,1.2506000000000002,1.25049,1.95,1
06.08.2021 00:26:34.144,1.25059,1.25048,1,1
06.08.2021 00:26:34.296,1.25058,1.25048,1.5,1
06.08.2021 00:26:34.712,1.2505700000000002,1.25048,2.62,1
06.08.2021 00:26:34.814,1.2505600000000001,1.25048,1,1
06.08.2021 00:26:36.459,1.25059,1.2504600000000001,1.57,1
06.08.2021 00:26:36.611,1.25058,1.2504600000000001,1,1
06.08.2021 00:26:36.662,1.25058,1.25049,1.5,1
06.08.2021 00:26:36.764,1.25058,1.25048,1,1
06.08.2021 00:26:37.170,1.25059,1.25048,1.5,1
06.08.2021 00:26:39.373,1.25059,1.25049,1.5,1
06.08.2021 00:26:39.807,1.25059,1.2505000000000002,1.87,1
06.08.2021 00:26:39.908,1.25062,1.25051,1.5,1
06.08.2021 00:26:40.009,1.25062,1.25052,2.7,1
06.08.2021 00:26:43.734,1.25063,1.25052,2.62,1
06.08.2021 00:26:44.245,1.25064,1.25052,1.87,1
06.08.2021 00:26:44.448,1.25062,1.25052,1.87,1
06.08.2021 00:26:46.364,1.25063,1.25052,1.87,1
06.08.2021 00:26:46.568,1.25063,1.25051,2.7,1
06.08.2021 00:26:47.093,1.25063,1.25051,2.82,1
06.08.2021 00:26:48.281,1.2506000000000002,1.2505000000000002,2.62,1
06.08.2021 00:26:48.794,1.2506000000000002,1.25049,1,1
06.08.2021 00:26:49.189,1.25059,1.25049,1,1
06.08.2021 00:26:50.187,1.2506000000000002,1.25049,1,1
06.08.2021 00:26:50.238,1.25064,1.25053,1.6,1
06.08.2021 00:26:50.289,1.25064,1.25051,1.6,1.57
06.08.2021 00:26:50.403,1.25066,1.25051,1.6,1.57
06.08.2021 00:26:50.454,1.25066,1.25055,1.5,1
06.08.2021 00:26:50.821,1.25066,1.2505700000000002,1.12,1
06.08.2021 00:27:00.717,1.25068,1.25055,2,1
06.08.2021 00:27:16.269,1.25066,1.25055,1.12,1
06.08.2021 00:27:17.499,1.2506700000000002,1.2505600000000001,2,1
06.08.2021 00:27:22.362,1.25068,1.25054,2,1
06.08.2021 00:27:24.602,1.25068,1.25055,1.5,1
06.08.2021 00:27:27.340,1.25068,1.25054,2.75,1
06.08.2021 00:27:29.100,1.25068,1.25055,2,1
06.08.2021 00:27:35.177,1.2506700000000002,1.25055,2.75,1
06.08.2021 00:27:37.568,1.2506700000000002,1.2505600000000001,2,1
06.08.2021 00:27:38.652,1.25068,1.25054,2,1
06.08.2021 00:27:39.448,1.25068,1.25055,2,1
06.08.2021 00:27:39.702,1.25068,1.25054,2.75,1
06.08.2021 00:27:41.593,1.25068,1.25054,1.87,1
06.08.2021 00:27:42.984,1.2506700000000002,1.2505600000000001,1.87,1
06.08.2021 00:27:45.069,1.25066,1.2505600000000001,1,1
06.08.2021 00:27:45.120,1.25065,1.25052,1.57,1
06.08.2021 00:27:45.222,1.25064,1.25053,2.35,1
06.08.2021 00:27:52.509,1.25066,1.25052,1.5,1
06.08.2021 00:27:52.560,1.25068,1.25055,4.35,1
06.08.2021 00:27:52.662,1.25068,1.25055,2,1
06.08.2021 00:27:52.867,1.25068,1.2505600000000001,2,1
06.08.2021 00:27:55.540,1.25068,1.2505600000000001,1.12,1
06.08.2021 00:27:55.745,1.25068,1.2505600000000001,1.5,1
06.08.2021 00:27:59.347,1.25068,1.25055,1.5,1
06.08.2021 00:28:05.093,1.25068,1.25055,1.12,1
06.08.2021 00:28:07.726,1.25068,1.2505600000000001,1.12,1
06.08.2021 00:28:09.390,1.25068,1.25055,1.95,1
06.08.2021 00:28:09.823,1.25068,1.25054,1.87,1
06.08.2021 00:28:13.093,1.25068,1.25054,2,1
06.08.2021 00:28:13.370,1.2506700000000002,1.2505600000000001,2,1
06.08.2021 00:28:13.673,1.2506700000000002,1.25055,2,1
06.08.2021 00:28:13.945,1.2506700000000002,1.2505600000000001,2,1
06.08.2021 00:28:14.309,1.2506700000000002,1.25055,2,1
06.08.2021 00:28:15.287,1.2506700000000002,1.2505600000000001,2,1
06.08.2021 00:28:16.226,1.25068,1.25054,2,1
06.08.2021 00:28:17.392,1.25068,1.25055,2,1
06.08.2021 00:28:18.623,1.2506700000000002,1.25055,2,1
06.08.2021 00:28:19.579,1.25068,1.25055,2,1
06.08.2021 00:28:19.932,1.2506700000000002,1.25055,2,1
06.08.2021 00:28:20.654,1.25068,1.25055,2,1
06.08.2021 00:28:21.610,1.2506700000000002,1.2505600000000001,1.12,1
06.08.2021 00:28:28.631,1.25068,1.2505600000000001,1.12,1
06.08.2021 00:28:40.880,1.2507000000000001,1.25058,1.5,1
06.08.2021 00:28:40.982,1.25072,1.2506000000000002,2.82,1
06.08.2021 00:28:41.083,1.25072,1.2506000000000002,2.32,1
06.08.2021 00:28:44.627,1.25068,1.2505700000000002,1.5,1.5
06.08.2021 00:28:44.779,1.25069,1.2505700000000002,1,1
06.08.2021 00:28:44.880,1.2507000000000001,1.2505600000000001,2.82,1
06.08.2021 00:28:47.407,1.25069,1.2505700000000002,1.12,1
06.08.2021 00:28:50.114,1.25069,1.2505700000000002,2.82,1
06.08.2021 00:28:51.056,1.25069,1.2505600000000001,2.75,1
06.08.2021 00:28:51.562,1.25069,1.25055,2,1
06.08.2021 00:28:51.775,1.25069,1.2505600000000001,2,1
06.08.2021 00:28:52.986,1.25069,1.2505600000000001,2.25,1
06.08.2021 00:28:53.285,1.25069,1.2505600000000001,2,1
06.08.2021 00:28:53.836,1.25068,1.25058,1.5,1
06.08.2021 00:28:53.937,1.25069,1.2505600000000001,1.12,1
06.08.2021 00:28:54.211,1.25069,1.2505700000000002,1.12,1
06.08.2021 00:28:55.181,1.2507000000000001,1.2505600000000001,2.07,1
06.08.2021 00:28:56.228,1.25069,1.25058,2.07,1
06.08.2021 00:28:57.590,1.25071,1.25058,1.5,1
06.08.2021 00:28:57.691,1.25071,1.25058,1.12,1
06.08.2021 00:29:06.224,1.25071,1.25059,1,1
06.08.2021 00:29:06.325,1.2507000000000001,1.25059,1,1
06.08.2021 00:29:12.150,1.25069,1.2505600000000001,1,1
06.08.2021 00:29:14.368,1.25069,1.25058,1.12,1
06.08.2021 00:29:15.050,1.25071,1.25058,1.6,1
06.08.2021 00:29:15.593,1.25071,1.25058,1.12,1
06.08.2021 00:29:17.495,1.2507000000000001,1.2506000000000002,1,1
06.08.2021 00:29:23.237,1.25073,1.2506000000000002,1,1
06.08.2021 00:29:23.338,1.25073,1.25061,1.87,1
06.08.2021 00:29:23.389,1.25071,1.25061,1,1
06.08.2021 00:29:27.102,1.25071,1.2505700000000002,1,1.57
06.08.2021 00:29:28.766,1.2507000000000001,1.25061,1,1
06.08.2021 00:29:34.500,1.25072,1.25061,1.76,1
06.08.2021 00:29:34.667,1.25071,1.2506000000000002,1,1
06.08.2021 00:29:53.753,1.25072,1.25061,1,1
06.08.2021 00:29:53.804,1.25071,1.25059,1,1
06.08.2021 00:29:53.905,1.25072,1.25059,2.25,1
06.08.2021 00:29:54.006,1.25071,1.25059,1,1
06.08.2021 00:29:55.224,1.25069,1.25055,1.12,1
06.08.2021 00:29:55.427,1.25068,1.2505600000000001,1.6,1
06.08.2021 00:29:57.904,1.2507000000000001,1.2505700000000002,1.87,1
06.08.2021 00:29:58.006,1.25071,1.25058,1.5,1
06.08.2021 00:29:58.107,1.2507000000000001,1.25059,1,1
06.08.2021 00:29:58.360,1.25071,1.25059,1,1
06.08.2021 00:30:00.220,1.25072,1.25059,1,1
06.08.2021 00:30:00.322,1.25073,1.2506000000000002,1.12,1
06.08.2021 00:30:00.423,1.25071,1.25061,1,1
06.08.2021 00:30:00.981,1.25072,1.25061,1.12,1
06.08.2021 00:30:01.533,1.25072,1.2506000000000002,1.12,1
06.08.2021 00:30:04.452,1.25071,1.2506000000000002,1.5,1
06.08.2021 00:30:04.503,1.25071,1.25058,1.57,1
06.08.2021 00:30:06.348,1.25068,1.25058,1.5,1
06.08.2021 00:30:06.500,1.2507000000000001,1.2505700000000002,1.95,1
06.08.2021 00:30:06.603,1.25069,1.2505700000000002,1.95,1
06.08.2021 00:30:06.806,1.25068,1.2505700000000002,1,1
06.08.2021 00:30:07.111,1.2507000000000001,1.2505600000000001,1.95,1
06.08.2021 00:30:07.684,1.25069,1.25055,1.5,1
06.08.2021 00:30:07.785,1.25068,1.25055,1.12,1
06.08.2021 00:30:07.898,1.25069,1.2505600000000001,1.6,1
06.08.2021 00:30:08.214,1.2506700000000002,1.2505600000000001,1.12,1
06.08.2021 00:30:08.316,1.25068,1.25054,1.12,1
06.08.2021 00:30:08.417,1.2506700000000002,1.25054,1,1
06.08.2021 00:30:09.437,1.25066,1.2505600000000001,1,1
06.08.2021 00:30:09.589,1.25066,1.2505700000000002,1,1
06.08.2021 00:30:09.741,1.25068,1.25055,1.12,1
06.08.2021 00:30:10.797,1.2506700000000002,1.2505700000000002,1.12,1
06.08.2021 00:30:11.740,1.25069,1.2505700000000002,1.5,1
06.08.2021 00:30:11.842,1.25068,1.2505700000000002,2.25,1
06.08.2021 00:30:11.943,1.2506700000000002,1.2505700000000002,1,1
06.08.2021 00:30:12.045,1.25069,1.2505600000000001,1.5,1
06.08.2021 00:30:14.051,1.2506700000000002,1.2505700000000002,1,1
06.08.2021 00:30:14.153,1.25068,1.25055,1.5,1
06.08.2021 00:30:16.921,1.25068,1.2505600000000001,1.5,1
06.08.2021 00:30:17.704,1.25068,1.2505600000000001,1.12,1
06.08.2021 00:30:21.042,1.2506700000000002,1.2505600000000001,1.12,1
06.08.2021 00:30:21.435,1.2506700000000002,1.2505700000000002,1.12,1
06.08.2021 00:30:21.537,1.2506700000000002,1.2505600000000001,1.12,1
06.08.2021 00:30:22.176,1.25068,1.2505600000000001,1.12,1
06.08.2021 00:30:25.593,1.25068,1.2505600000000001,1.5,1
06.08.2021 00:30:39.674,1.25069,1.2505600000000001,1.12,1
06.08.2021 00:30:40.211,1.25069,1.2505700000000002,1,1
06.08.2021 00:30:40.340,1.25069,1.2505600000000001,1,1
06.08.2021 00:30:40.441,1.2507000000000001,1.2505600000000001,2.25,1
06.08.2021 00:30:41.867,1.2507000000000001,1.2505700000000002,1.87,1
06.08.2021 00:30:42.037,1.2507000000000001,1.2505600000000001,1.87,1
06.08.2021 00:30:42.393,1.25069,1.25058,1.87,1
06.08.2021 00:30:42.494,1.25069,1.2505700000000002,1.87,1
06.08.2021 00:30:42.610,1.25069,1.25055,1,1
06.08.2021 00:30:42.711,1.25069,1.25055,1.5,1
06.08.2021 00:30:42.812,1.25068,1.2505700000000002,1.5,1
06.08.2021 00:30:43.713,1.25069,1.25058,2.07,1
06.08.2021 00:30:43.814,1.25069,1.2505700000000002,2.07,1
06.08.2021 00:30:44.618,1.25069,1.25055,2,1
06.08.2021 00:30:45.593,1.25069,1.2505600000000001,1.5,1
06.08.2021 00:30:49.092,1.25069,1.2505600000000001,1.12,1
06.08.2021 00:30:50.714,1.2507000000000001,1.2505700000000002,1.5,1
06.08.2021 00:30:50.822,1.25069,1.25058,1.12,1
06.08.2021 00:30:51.370,1.25069,1.2505700000000002,1,1
06.08.2021 00:30:52.342,1.2507000000000001,1.2505700000000002,1.12,1
06.08.2021 00:30:53.668,1.25071,1.25061,1,1
06.08.2021 00:30:53.770,1.25073,1.2506000000000002,1.12,1
06.08.2021 00:30:53.872,1.25072,1.2506000000000002,1,1
06.08.2021 00:30:55.287,1.25074,1.25061,2.07,1
06.08.2021 00:30:55.388,1.25073,1.2506000000000002,1.12,1
06.08.2021 00:30:55.590,1.25071,1.25058,1.12,1
06.08.2021 00:30:56.046,1.25071,1.25059,1.12,1
06.08.2021 00:30:56.814,1.25071,1.2506000000000002,1.12,1
06.08.2021 00:30:59.750,1.25074,1.2506000000000002,3.07,1
06.08.2021 00:30:59.851,1.25073,1.2506000000000002,1,1
06.08.2021 00:31:00.837,1.25073,1.2506000000000002,1.5,1
06.08.2021 00:31:05.392,1.25074,1.25061,1.12,1
06.08.2021 00:31:05.795,1.25073,1.25061,1,1
06.08.2021 00:31:06.868,1.25074,1.25061,1,1
06.08.2021 00:31:08.848,1.25071,1.25061,1,1
06.08.2021 00:31:08.949,1.2507000000000001,1.2506000000000002,1,1
06.08.2021 00:31:10.847,1.25071,1.2506000000000002,2.62,1
06.08.2021 00:31:10.975,1.2507000000000001,1.2506000000000002,1,1
06.08.2021 00:31:11.989,1.25071,1.25058,2.7,1
06.08.2021 00:31:12.141,1.25071,1.2505700000000002,2.7,1
06.08.2021 00:31:16.532,1.25071,1.25058,1.57,1
06.08.2021 00:31:16.583,1.25071,1.2506000000000002,1.1,1
06.08.2021 00:31:17.323,1.25072,1.2506000000000002,1,1
06.08.2021 00:31:17.424,1.25072,1.25061,1.12,1
06.08.2021 00:31:17.728,1.25073,1.25062,1.5,1
06.08.2021 00:31:17.829,1.25072,1.25061,1.12,1
06.08.2021 00:31:17.930,1.25074,1.25061,1.5,1
06.08.2021 00:31:18.031,1.25074,1.25061,1.12,1
06.08.2021 00:31:18.288,1.25072,1.25062,1,1
06.08.2021 00:31:19.079,1.25073,1.25062,1.12,1
06.08.2021 00:31:19.390,1.25074,1.25062,1.12,1
06.08.2021 00:31:19.491,1.25074,1.25061,1.12,1
06.08.2021 00:31:19.796,1.25073,1.25061,1,1
06.08.2021 00:31:19.898,1.25072,1.25061,1,1
06.08.2021 00:31:22.352,1.25073,1.2506000000000002,1,1
06.08.2021 00:31:22.453,1.25074,1.25061,1,1
06.08.2021 00:31:22.555,1.25074,1.25061,1.5,1
06.08.2021 00:31:25.350,1.25073,1.2506000000000002,1,1
06.08.2021 00:31:29.974,1.2507000000000001,1.2505700000000002,1,1
06.08.2021 00:31:37.132,1.25069,1.2505700000000002,1,1
06.08.2021 00:31:37.233,1.2507000000000001,1.2505600000000001,1.95,1
06.08.2021 00:31:38.468,1.25069,1.25055,2.7,1
06.08.2021 00:31:38.722,1.25069,1.2505600000000001,1.95,1
06.08.2021 00:31:39.093,1.25068,1.2505600000000001,1,1
06.08.2021 00:31:39.195,1.2506700000000002,1.2505600000000001,1,1
06.08.2021 00:31:41.789,1.2506700000000002,1.25055,1,1
06.08.2021 00:31:45.646,1.2506700000000002,1.25054,1,1
06.08.2021 00:31:45.747,1.25068,1.25054,1.12,1
06.08.2021 00:31:46.886,1.2506700000000002,1.2505600000000001,1.12,1
06.08.2021 00:32:03.366,1.25068,1.25054,2,1
06.08.2021 00:32:07.130,1.25068,1.25054,1.87,1
06.08.2021 00:32:07.739,1.25068,1.25054,1.5,1
06.08.2021 00:32:11.566,1.25068,1.25054,1.12,1
06.08.2021 00:32:16.519,1.25068,1.25055,1.12,1
06.08.2021 00:32:27.412,1.25068,1.2505600000000001,1.12,1
06.08.2021 00:32:27.563,1.25068,1.25055,1.12,1
06.08.2021 00:32:27.667,1.2506700000000002,1.2505700000000002,1.12,1
06.08.2021 00:32:29.525,1.2507000000000001,1.2505600000000001,1.5,1
06.08.2021 00:32:30.786,1.25072,1.25059,3.57,1
06.08.2021 00:32:30.837,1.25072,1.2506000000000002,2.07,1
06.08.2021 00:32:34.579,1.25074,1.2506000000000002,2.7,1
06.08.2021 00:32:34.680,1.25073,1.2506000000000002,1,1
06.08.2021 00:32:34.983,1.25073,1.2506000000000002,1.5,1
06.08.2021 00:32:35.268,1.25071,1.25058,1,1
06.08.2021 00:32:35.470,1.2507000000000001,1.25058,1,1
06.08.2021 00:32:37.965,1.25071,1.25059,1,1
06.08.2021 00:32:38.066,1.25072,1.25059,1.12,1
06.08.2021 00:32:44.112,1.25074,1.25061,2.37,1
06.08.2021 00:32:44.214,1.25072,1.25061,1.12,1
06.08.2021 00:32:45.809,1.25072,1.2506000000000002,1,1
06.08.2021 00:32:48.425,1.25071,1.2505700000000002,1.87,1
06.08.2021 00:32:55.142,1.2507000000000001,1.2505700000000002,1,1
06.08.2021 00:32:55.321,1.25068,1.2505600000000001,1,1
06.08.2021 00:32:55.423,1.2506700000000002,1.2505600000000001,1,1
06.08.2021 00:32:56.291,1.25069,1.25055,3.45,1
06.08.2021 00:32:56.392,1.25068,1.25055,1,1
06.08.2021 00:32:56.923,1.25068,1.25054,1,1
06.08.2021 00:32:58.162,1.2506700000000002,1.2505600000000001,1,1
06.08.2021 00:33:08.719,1.25069,1.25055,2.7,1
06.08.2021 00:33:08.820,1.2507000000000001,1.2505600000000001,2.07,1
06.08.2021 00:33:09.601,1.2507000000000001,1.2505600000000001,1.95,1
06.08.2021 00:33:09.703,1.2507000000000001,1.2505700000000002,1.12,1
06.08.2021 00:33:10.833,1.25069,1.25055,2.62,1
06.08.2021 00:33:10.934,1.25068,1.25055,2.7,1.5
06.08.2021 00:33:11.035,1.2506700000000002,1.25055,1,1
06.08.2021 00:33:11.364,1.25069,1.25054,2.7,1
06.08.2021 00:33:14.507,1.25068,1.25054,1,1
06.08.2021 00:33:14.709,1.25069,1.25054,2.7,1
06.08.2021 00:33:14.820,1.2506700000000002,1.25055,1,1
06.08.2021 00:33:15.659,1.25068,1.25054,1.5,1
06.08.2021 00:33:16.270,1.25068,1.2505600000000001,2.82,1
06.08.2021 00:33:16.452,1.25069,1.25054,2.82,1
06.08.2021 00:33:16.604,1.25069,1.25055,2.82,1
06.08.2021 00:33:16.932,1.25069,1.25054,2.82,1
06.08.2021 00:33:17.093,1.25069,1.25054,2.82,1
06.08.2021 00:33:17.281,1.25069,1.25055,2.82,1
06.08.2021 00:33:17.545,1.25068,1.25055,2.82,1
06.08.2021 00:33:18.438,1.25069,1.25055,2.82,1
06.08.2021 00:33:18.661,1.25069,1.25054,2.82,1
06.08.2021 00:33:18.915,1.25069,1.25055,2.82,1
06.08.2021 00:33:19.016,1.25069,1.25054,2.82,1
06.08.2021 00:33:19.672,1.25069,1.25055,3.5,1
06.08.2021 00:33:21.402,1.2507000000000001,1.25055,1.95,1
06.08.2021 00:33:21.932,1.25071,1.2505700000000002,1.1,1
06.08.2021 00:33:25.271,1.25071,1.2505600000000001,3,1.1
06.08.2021 00:33:25.372,1.25071,1.2505600000000001,3.57,1
06.08.2021 00:33:28.028,1.25069,1.25054,3.5,1.1
06.08.2021 00:33:28.965,1.25068,1.2505600000000001,2,1
06.08.2021 00:33:29.068,1.25068,1.25055,2.82,1
06.08.2021 00:33:29.382,1.25069,1.25055,2.82,1
06.08.2021 00:33:30.667,1.25071,1.2505600000000001,2.07,1.5
06.08.2021 00:33:30.870,1.25071,1.2505600000000001,1.12,1.57
06.08.2021 00:33:30.921,1.25072,1.25058,2,1
06.08.2021 00:33:32.824,1.25072,1.25058,1.87,1
06.08.2021 00:33:38.934,1.25072,1.2506000000000002,1,1
06.08.2021 00:33:40.564,1.25072,1.25059,1,1
06.08.2021 00:33:42.751,1.25072,1.25058,1,1.1
06.08.2021 00:33:53.900,1.25071,1.2505600000000001,1.5,1.95
06.08.2021 00:33:54.102,1.25071,1.2505600000000001,2,1.95
06.08.2021 00:33:55.539,1.25071,1.2505700000000002,1,1
06.08.2021 00:33:55.640,1.2507000000000001,1.2505600000000001,1,1.1
06.08.2021 00:33:55.841,1.2507000000000001,1.25058,1.5,1
06.08.2021 00:34:03.531,1.25068,1.2505600000000001,1.5,1
06.08.2021 00:34:03.683,1.2507000000000001,1.25055,1.5,1.1
06.08.2021 00:34:05.841,1.25068,1.25054,1,1
06.08.2021 00:34:05.993,1.25068,1.25053,1.5,1.57
06.08.2021 00:34:07.521,1.25068,1.25055,1,1
06.08.2021 00:34:07.622,1.25068,1.25054,1,1.1
06.08.2021 00:34:07.723,1.25069,1.25054,1,1.1
06.08.2021 00:34:08.531,1.2507000000000001,1.25055,1.2,1
06.08.2021 00:34:09.411,1.2507000000000001,1.2505600000000001,1.12,1
06.08.2021 00:34:09.832,1.25071,1.2505600000000001,2.25,1.1
06.08.2021 00:34:14.084,1.2507000000000001,1.2505700000000002,2.25,1.6
06.08.2021 00:34:14.230,1.25074,1.25063,1,1
06.08.2021 00:34:14.331,1.25075,1.25063,1,1
06.08.2021 00:34:14.433,1.2507700000000002,1.25063,1,1.12
06.08.2021 00:34:14.585,1.2507700000000002,1.25064,1.57,2.25
06.08.2021 00:34:14.989,1.2507700000000002,1.25063,1,1.87
06.08.2021 00:34:17.552,1.25076,1.25063,4.39,1
06.08.2021 00:34:17.653,1.25075,1.25063,1,1
06.08.2021 00:34:18.756,1.25076,1.25061,1.95,1.12
06.08.2021 00:34:19.008,1.25075,1.25061,1,1.12
06.08.2021 00:34:19.110,1.25076,1.25061,1.95,1.12
06.08.2021 00:34:23.436,1.25075,1.25061,1,1.12
06.08.2021 00:34:23.537,1.25076,1.25061,1.95,1.12
06.08.2021 00:34:23.926,1.25075,1.25061,1,1.12
06.08.2021 00:34:25.175,1.25075,1.25062,1.95,1.12
06.08.2021 00:34:32.640,1.25075,1.2506000000000002,1,1.6
06.08.2021 00:34:34.913,1.25074,1.2506000000000002,1,1.5
06.08.2021 00:34:39.668,1.25075,1.2506000000000002,1.87,1.6
06.08.2021 00:34:40.082,1.25073,1.25061,1,1.6
06.08.2021 00:34:44.558,1.25075,1.2506000000000002,1.12,1.6
06.08.2021 00:35:00.528,1.25074,1.2506000000000002,1,1.6
06.08.2021 00:35:00.629,1.25075,1.2506000000000002,1.87,1.6
06.08.2021 00:35:01.326,1.25073,1.25061,1,1.6
06.08.2021 00:35:01.427,1.25075,1.2506000000000002,1.87,1.6
06.08.2021 00:35:06.502,1.25073,1.2506000000000002,1,1.6
06.08.2021 00:35:07.089,1.25074,1.25061,1.87,1.6
06.08.2021 00:35:20.952,1.25075,1.25059,2.45,1.6
06.08.2021 00:35:21.614,1.25075,1.25059,2.45,1.1
06.08.2021 00:35:22.212,1.25074,1.2506000000000002,2.45,1.6
06.08.2021 00:35:23.852,1.25075,1.2506000000000002,1.95,1.12
06.08.2021 00:35:24.617,1.25072,1.2506000000000002,1.14,1.12
06.08.2021 00:35:24.667,1.25071,1.2505600000000001,3.5,5.02
06.08.2021 00:35:24.769,1.25071,1.2505700000000002,1.5,1.1
06.08.2021 00:35:24.870,1.2507000000000001,1.25058,1,1.6
06.08.2021 00:35:26.043,1.25071,1.25058,2.62,2.07
06.08.2021 00:35:31.444,1.25071,1.25058,1,1.87
06.08.2021 00:35:31.495,1.2507000000000001,1.25055,1,1.6
06.08.2021 00:35:31.805,1.25071,1.2505600000000001,1.12,1.95
06.08.2021 00:35:31.906,1.25071,1.2505600000000001,1,2.07
06.08.2021 00:35:37.445,1.25069,1.25054,1.5,1.7
06.08.2021 00:35:37.597,1.25068,1.25054,1,1.7
06.08.2021 00:35:37.864,1.25069,1.25054,1,1.6
06.08.2021 00:35:38.621,1.25069,1.2505600000000001,1,1.6
06.08.2021 00:35:38.723,1.25071,1.2505600000000001,1.1,1.5
06.08.2021 00:35:44.517,1.25071,1.25058,1,1.2
06.08.2021 00:35:49.422,1.25074,1.2506000000000002,1.12,1
06.08.2021 00:35:49.624,1.25075,1.2506000000000002,2.25,2.07
06.08.2021 00:36:01.127,1.25075,1.25061,1.87,2.1
06.08.2021 00:36:03.071,1.25074,1.25061,1,2.1
06.08.2021 00:36:03.172,1.25076,1.2506000000000002,1.87,2.1
06.08.2021 00:36:03.693,1.25075,1.2506000000000002,1,2.1
06.08.2021 00:36:03.795,1.25075,1.25061,1.87,2.1
06.08.2021 00:36:04.149,1.25075,1.2506000000000002,1,2.07
06.08.2021 00:36:04.254,1.25076,1.2506000000000002,1.95,2.07
06.08.2021 00:36:04.770,1.25074,1.25061,1,2.07
06.08.2021 00:36:06.069,1.25075,1.25062,1.95,1.5
06.08.2021 00:36:07.188,1.25076,1.25062,1.95,1.6
06.08.2021 00:36:08.003,1.25078,1.25062,2.82,1.2
06.08.2021 00:36:08.155,1.25079,1.25064,4.7,2.25
06.08.2021 00:36:08.256,1.25076,1.25065,1,2
06.08.2021 00:36:08.358,1.25078,1.25063,1.57,1.5
06.08.2021 00:36:08.408,1.25078,1.25063,1.95,1.12
06.08.2021 00:36:08.509,1.2507700000000002,1.25064,1.57,1.5
06.08.2021 00:36:10.187,1.2507700000000002,1.25062,1.87,1.51
06.08.2021 00:36:13.726,1.25078,1.25063,2.7,1.12
06.08.2021 00:36:18.164,1.2508000000000001,1.25065,1,1.6
06.08.2021 00:36:18.351,1.2508000000000001,1.25065,1,2.1
06.08.2021 00:36:22.727,1.2508000000000001,1.2506700000000002,1.5,1.6
06.08.2021 00:36:23.414,1.2507700000000002,1.25063,1.5,1
06.08.2021 00:36:23.515,1.25076,1.25061,1,4.16
06.08.2021 00:36:23.616,1.2507700000000002,1.25062,1,1.6
06.08.2021 00:36:23.723,1.2507700000000002,1.25062,1.5,1.6
06.08.2021 00:36:33.416,1.25075,1.25062,1.12,1.6
06.08.2021 00:36:34.554,1.25076,1.25061,2.07,1.5
06.08.2021 00:36:37.033,1.25075,1.25059,1.12,2.1
06.08.2021 00:36:37.522,1.25075,1.2506000000000002,1.12,2.07
06.08.2021 00:36:37.857,1.25075,1.2506000000000002,1.87,2.07
06.08.2021 00:36:42.221,1.2507700000000002,1.25062,2.07,1
06.08.2021 00:36:42.373,1.2507700000000002,1.25062,1.57,1
06.08.2021 00:36:45.463,1.25076,1.25061,1,1.2
06.08.2021 00:36:47.606,1.25076,1.25061,1,1.6
06.08.2021 00:36:52.139,1.25075,1.2506000000000002,1,2.07
06.08.2021 00:36:55.154,1.25074,1.25061,1.87,1.2
06.08.2021 00:37:03.624,1.25075,1.2506000000000002,1.87,1.6
06.08.2021 00:37:36.453,1.2507000000000001,1.2505700000000002,1,1.1
06.08.2021 00:37:36.503,1.25072,1.25059,1.5,1
06.08.2021 00:37:36.994,1.25074,1.25061,1,1
06.08.2021 00:37:37.095,1.25075,1.25062,2.89,1
06.08.2021 00:37:39.219,1.25075,1.2506000000000002,2.75,1.6
06.08.2021 00:37:40.186,1.25075,1.2506000000000002,2.62,1.6
06.08.2021 00:37:40.296,1.25073,1.25061,1,1.6
06.08.2021 00:37:40.397,1.25075,1.2506000000000002,2.62,1.6
06.08.2021 00:37:41.160,1.25074,1.2506000000000002,1,1.6
06.08.2021 00:37:42.687,1.25074,1.25061,2.62,1.6
06.08.2021 00:37:42.789,1.25075,1.2506000000000002,2.75,1.6
06.08.2021 00:37:43.584,1.25075,1.2506000000000002,2.25,1.6
06.08.2021 00:37:45.431,1.25075,1.2506000000000002,2.75,1.6
06.08.2021 00:37:46.450,1.25075,1.2506000000000002,2.62,1.6
06.08.2021 00:37:50.131,1.25075,1.2506000000000002,2,1.6
06.08.2021 00:37:51.122,1.25074,1.25061,1.87,1.6
06.08.2021 00:37:52.135,1.25075,1.25062,2.32,1.12
06.08.2021 00:37:56.226,1.25073,1.25061,1,1.5
06.08.2021 00:37:56.428,1.25075,1.2506000000000002,2.51,1.5
06.08.2021 00:37:57.504,1.25074,1.25059,1.57,2
06.08.2021 00:37:57.555,1.25071,1.25058,2.25,2.85
06.08.2021 00:37:57.605,1.25075,1.2506000000000002,1.5,1.57
06.08.2021 00:37:57.707,1.25075,1.2506000000000002,1,2.07
06.08.2021 00:37:58.068,1.2507700000000002,1.25062,3.07,1
06.08.2021 00:37:58.169,1.25076,1.25061,1.5,2.07
06.08.2021 00:38:06.289,1.25074,1.25062,1,1.5
06.08.2021 00:38:06.758,1.25076,1.25061,2.7,1.5
06.08.2021 00:38:09.217,1.25079,1.25066,1.5,1
06.08.2021 00:38:09.318,1.2508000000000001,1.2506700000000002,1.5,1
06.08.2021 00:38:09.419,1.2508299999999999,1.25068,1.1,1.87
06.08.2021 00:38:09.800,1.25084,1.25069,4.2,1
06.08.2021 00:38:14.181,1.2508299999999999,1.25069,1,1.87
06.08.2021 00:38:14.374,1.25084,1.25069,2.7,1.87
06.08.2021 00:38:14.475,1.25084,1.2507000000000001,1.87,1
06.08.2021 00:38:14.627,1.25084,1.2507000000000001,2.37,1
06.08.2021 00:38:19.334,1.25085,1.2507000000000001,1.95,1.5
06.08.2021 00:38:55.130,1.2508700000000001,1.25074,1.1,1.12
06.08.2021 00:38:58.048,1.25085,1.25071,1.1,1.6
06.08.2021 00:38:58.150,1.25084,1.2507000000000001,1,2.1
06.08.2021 00:38:58.251,1.25084,1.2507000000000001,1,2.1
06.08.2021 00:39:05.545,1.25085,1.2507000000000001,1.12,2.07
06.08.2021 00:39:06.866,1.25084,1.25069,1.87,2.16
06.08.2021 00:39:10.086,1.25084,1.2507000000000001,1,1.51
06.08.2021 00:39:10.187,1.25084,1.25072,1.5,1.12
06.08.2021 00:39:10.288,1.25085,1.25071,1,2.07
06.08.2021 00:39:11.421,1.25089,1.25074,2.07,1
06.08.2021 00:39:12.426,1.25086,1.25071,1,2.72
06.08.2021 00:39:22.828,1.25086,1.25073,1,1.1
06.08.2021 00:39:22.929,1.25084,1.25073,1,1.6
06.08.2021 00:39:23.132,1.25084,1.25071,1,2.42
06.08.2021 00:39:23.233,1.2508299999999999,1.25071,1,1.22
06.08.2021 00:39:27.656,1.25084,1.25074,1,1.12
06.08.2021 00:39:27.757,1.25085,1.25073,1,1.7
06.08.2021 00:39:28.544,1.25086,1.25072,1,1.1
06.08.2021 00:39:31.464,1.25086,1.25074,1,1.7
06.08.2021 00:39:31.818,1.2508700000000001,1.25073,1,1.57
06.08.2021 00:39:32.079,1.2508299999999999,1.2507000000000001,1,1.7
06.08.2021 00:39:32.181,1.25084,1.25075,1,1.85
06.08.2021 00:39:32.284,1.25088,1.25076,1,1
06.08.2021 00:39:33.574,1.25088,1.25076,1,1.72
06.08.2021 00:39:37.848,1.2509000000000001,1.25076,1,1.72
06.08.2021 00:39:37.999,1.2509000000000001,1.25076,1,1.72
06.08.2021 00:39:48.322,1.25089,1.2507700000000002,1,1.1
06.08.2021 00:39:48.474,1.25089,1.25076,1,1.85
06.08.2021 00:40:30.760,1.2508700000000001,1.2507700000000002,1,1.6
06.08.2021 00:40:35.130,1.25089,1.25075,1,3.3
06.08.2021 00:41:02.040,1.25084,1.25075,1,2.07
06.08.2021 00:41:02.141,1.2508700000000001,1.25074,1,3.49
06.08.2021 00:41:02.192,1.25089,1.25074,1.12,4.67
06.08.2021 00:41:02.293,1.2508700000000001,1.25075,1,2.47
06.08.2021 00:41:02.444,1.2508700000000001,1.25075,1.5,2.29
06.08.2021 00:41:03.830,1.2508700000000001,1.25074,2.19,2.45
06.08.2021 00:41:03.931,1.2508299999999999,1.25073,1,1.7
06.08.2021 00:41:03.982,1.2508700000000001,1.25075,1.12,3.45
06.08.2021 00:41:04.558,1.25089,1.25075,1.5,1.6
06.08.2021 00:41:07.192,1.25089,1.25076,2.07,1.6
06.08.2021 00:41:07.395,1.25089,1.25074,1.5,4.05
06.08.2021 00:41:07.604,1.25085,1.25074,2,1.57
06.08.2021 00:41:07.706,1.2508299999999999,1.25069,1,3.47
06.08.2021 00:41:07.775,1.2508299999999999,1.25069,1,3.47
06.08.2021 00:41:12.716,1.2508100000000002,1.2507000000000001,1,1.35
06.08.2021 00:41:20.615,1.25085,1.25071,1.62,1.1
06.08.2021 00:41:20.798,1.25086,1.25071,1.5,2.72
06.08.2021 00:41:20.950,1.25086,1.25072,1,1.1
06.08.2021 00:41:21.071,1.25085,1.25073,1,1.7
06.08.2021 00:41:23.771,1.25086,1.25072,1.5,1.72
06.08.2021 00:41:23.821,1.2508700000000001,1.25074,1.5,1.6
06.08.2021 00:41:24.731,1.25088,1.25074,1.5,1.6
06.08.2021 00:41:28.486,1.25089,1.25075,1.5,1.7
06.08.2021 00:41:29.274,1.25089,1.25075,1.12,2.45
06.08.2021 00:41:35.734,1.25085,1.25075,2,1.57
06.08.2021 00:41:35.936,1.25086,1.25072,1,1.6
06.08.2021 00:41:38.492,1.25086,1.25073,1,1.6
06.08.2021 00:41:41.275,1.25086,1.25071,1,4.05
06.08.2021 00:41:46.023,1.25085,1.25072,1,1.1
06.08.2021 00:41:48.792,1.2508299999999999,1.2507000000000001,1,2.17
06.08.2021 00:41:48.893,1.25082,1.2507000000000001,1,1.77
06.08.2021 00:41:52.094,1.25082,1.25068,1,4.86
06.08.2021 00:42:04.075,1.2508000000000001,1.25069,1,1.6
06.08.2021 00:42:06.510,1.2508000000000001,1.2506700000000002,1,1.6
06.08.2021 00:42:06.621,1.2508000000000001,1.25068,1,1.6
06.08.2021 00:42:07.355,1.25082,1.2506700000000002,1,2.26
06.08.2021 00:42:08.939,1.2507700000000002,1.25066,1,3.11
06.08.2021 00:42:09.141,1.2507700000000002,1.25066,1,1.2
06.08.2021 00:42:15.368,1.2508100000000002,1.25068,1.12,1
06.08.2021 00:42:21.639,1.2508100000000002,1.25068,1,1.6
06.08.2021 00:42:54.809,1.25084,1.25071,1.87,3.01
06.08.2021 00:42:55.011,1.25085,1.2507000000000001,1.5,2.29
06.08.2021 00:42:55.163,1.25082,1.25069,1,3.17
06.08.2021 00:42:58.058,1.25082,1.25068,1,1.97
06.08.2021 00:42:58.159,1.2508000000000001,1.25069,1,1.35
06.08.2021 00:43:00.648,1.2508100000000002,1.2506700000000002,1,1.95
06.08.2021 00:43:05.682,1.2508100000000002,1.2506700000000002,1,1.97
06.08.2021 00:43:17.154,1.2508100000000002,1.25069,1,1.22
06.08.2021 00:43:20.169,1.25086,1.25071,1.12,5.29
06.08.2021 00:43:20.438,1.2508700000000001,1.25075,1.5,1.1
06.08.2021 00:43:20.540,1.2508700000000001,1.2507700000000002,1.12,1.22
06.08.2021 00:43:21.546,1.2508700000000001,1.2507700000000002,1.5,1.22
06.08.2021 00:43:22.316,1.25088,1.25076,1,1.6
06.08.2021 00:43:25.292,1.25089,1.25076,1,1.6
06.08.2021 00:43:25.761,1.2509100000000002,1.2508100000000002,1.5,1.1
06.08.2021 00:43:25.862,1.25092,1.2508100000000002,1,1.2
06.08.2021 00:43:25.964,1.25093,1.2508299999999999,1,1.1
06.08.2021 00:43:26.166,1.25094,1.2508299999999999,1.12,1.1
06.08.2021 00:43:26.368,1.25092,1.25084,1,1.1
06.08.2021 00:43:27.303,1.2509100000000002,1.25079,1,5.42
06.08.2021 00:43:27.404,1.2509000000000001,1.25079,1,4.67
06.08.2021 00:43:29.854,1.2509000000000001,1.25079,1.12,1.2
06.08.2021 00:43:31.778,1.25088,1.25079,1,1.41
06.08.2021 00:43:31.880,1.25089,1.25078,1,1.39
06.08.2021 00:43:31.981,1.25089,1.25078,1,1.41
06.08.2021 00:43:32.282,1.2509000000000001,1.25078,1,1.41
06.08.2021 00:43:37.596,1.25088,1.25079,1,1.85
06.08.2021 00:43:41.061,1.25089,1.25078,1,1.97
06.08.2021 00:43:44.091,1.2509000000000001,1.25079,1,1.85
06.08.2021 00:43:44.243,1.25089,1.25079,1,1.85
06.08.2021 00:43:54.492,1.25088,1.2508000000000001,1,1.39
06.08.2021 00:43:54.920,1.25089,1.2508000000000001,1,1.39
06.08.2021 00:43:55.022,1.2509000000000001,1.25079,1,1.41
06.08.2021 00:44:08.513,1.25089,1.25078,1,1.95
06.08.2021 00:44:11.840,1.2509000000000001,1.25078,1,1.1
06.08.2021 00:44:28.971,1.2509100000000002,1.2508000000000001,1,1.35
06.08.2021 00:44:29.073,1.25092,1.2508000000000001,1,1.1
06.08.2021 00:44:29.174,1.2509000000000001,1.2507700000000002,1,4.22
06.08.2021 00:44:31.807,1.25088,1.25078,1,1.97
06.08.2021 00:44:32.493,1.25088,1.25078,1,1.85
06.08.2021 00:44:34.997,1.2509000000000001,1.2507700000000002,1,1.6
06.08.2021 00:44:43.166,1.2509000000000001,1.2507700000000002,1,1.6
06.08.2021 00:44:43.903,1.2509100000000002,1.2507700000000002,1,2.47
06.08.2021 00:45:01.691,1.2509000000000001,1.25078,1,1.6
06.08.2021 00:45:08.199,1.25089,1.2507700000000002,1,1.85
06.08.2021 00:45:17.074,1.25089,1.2507700000000002,1,1.91
06.08.2021 00:45:41.150,1.2509000000000001,1.2507700000000002,1,1.41
06.08.2021 00:45:47.287,1.2509000000000001,1.2507700000000002,1,1.41
06.08.2021 00:45:51.277,1.2509000000000001,1.2507700000000002,1,1.41
06.08.2021 00:45:51.625,1.2509000000000001,1.2507700000000002,1,1.41
06.08.2021 00:45:56.959,1.25089,1.25078,1,1.85
06.08.2021 00:46:05.091,1.25092,1.25078,1.87,2.29
06.08.2021 00:46:05.243,1.2509100000000002,1.2507700000000002,1,3.04
06.08.2021 00:46:05.344,1.2509100000000002,1.25079,1.12,1.6
06.08.2021 00:46:05.446,1.2509100000000002,1.2507700000000002,1,2.29
06.08.2021 00:46:17.881,1.2509000000000001,1.25078,1.12,2.16
06.08.2021 00:46:18.285,1.2509000000000001,1.2507700000000002,1,1.41
06.08.2021 00:46:20.751,1.2509100000000002,1.2507700000000002,1.12,2.16
06.08.2021 00:46:31.094,1.25084,1.25074,1,1.12
06.08.2021 00:46:31.145,1.2508299999999999,1.2507000000000001,1,2.4
06.08.2021 00:46:31.247,1.25082,1.25071,1,1.22
06.08.2021 00:46:31.349,1.25082,1.2507000000000001,1,1.22
06.08.2021 00:46:31.646,1.25082,1.2507000000000001,1,1.2
06.08.2021 00:46:32.100,1.2508299999999999,1.25069,1,2.1
06.08.2021 00:46:32.252,1.2508299999999999,1.25069,1,2.1
06.08.2021 00:46:34.496,1.25082,1.25069,1,1.97
06.08.2021 00:46:34.648,1.25082,1.25069,1,1.97
06.08.2021 00:46:35.501,1.2508100000000002,1.25069,1,1.22
06.08.2021 00:46:56.123,1.25075,1.25066,1,1.1
06.08.2021 00:46:56.224,1.25074,1.25063,1,1.72
06.08.2021 00:46:56.527,1.25074,1.25062,1,1.6
06.08.2021 00:46:56.933,1.25073,1.25062,1,1.85
06.08.2021 00:47:04.727,1.25074,1.25063,1,1.1
06.08.2021 00:47:05.968,1.25073,1.25063,1,1.1
06.08.2021 00:47:18.570,1.25073,1.25061,1,1.72
06.08.2021 00:47:25.727,1.25073,1.25061,1,1.72
06.08.2021 00:47:27.377,1.25073,1.25062,1,1.1
06.08.2021 00:47:35.867,1.25071,1.25062,1,1.72
06.08.2021 00:47:37.255,1.25072,1.25062,1,1.72
06.08.2021 00:47:41.029,1.25071,1.25062,1,1.72
06.08.2021 00:47:52.580,1.25073,1.25062,1,1.1
06.08.2021 00:47:58.509,1.25073,1.25063,1,1.6
06.08.2021 00:48:01.050,1.25072,1.25062,1,1.72
06.08.2021 00:48:01.665,1.25079,1.25068,2.25,1.2
06.08.2021 00:48:01.766,1.2508000000000001,1.25069,1,1.35
06.08.2021 00:48:01.968,1.25079,1.2507000000000001,1,1.85
06.08.2021 00:48:16.025,1.2508000000000001,1.25069,1,1.6
06.08.2021 00:48:18.704,1.2508000000000001,1.25069,1,1.85
06.08.2021 00:48:28.028,1.2508000000000001,1.25069,1,1.22
06.08.2021 00:48:31.725,1.2508100000000002,1.25068,1,3.17
06.08.2021 00:48:34.103,1.2508000000000001,1.25068,1,1.6
06.08.2021 00:48:43.553,1.2508000000000001,1.25069,1,1.41
06.08.2021 00:48:44.146,1.2508000000000001,1.25069,1,1.22
06.08.2021 00:48:50.846,1.2508000000000001,1.25069,1,1.41
06.08.2021 00:49:15.866,1.2508000000000001,1.25069,1,1.6
06.08.2021 00:49:32.765,1.2508100000000002,1.25069,1,1.6
06.08.2021 00:49:39.679,1.25082,1.25069,1,2.35
06.08.2021 00:49:53.798,1.2508100000000002,1.2507000000000001,1,2.35
06.08.2021 00:50:02.677,1.25082,1.2507000000000001,1,2.47
06.08.2021 00:50:04.920,1.25088,1.25074,2.75,2.1
06.08.2021 00:50:05.071,1.2508700000000001,1.25074,2.75,1.1
06.08.2021 00:50:05.172,1.2508700000000001,1.25074,1.5,1.2
06.08.2021 00:50:05.274,1.25089,1.25076,1.5,1.1
06.08.2021 00:50:05.375,1.25088,1.2507700000000002,1,1.22
06.08.2021 00:50:09.242,1.2509000000000001,1.25076,1.12,1.22
06.08.2021 00:50:09.344,1.2509100000000002,1.2507700000000002,1.5,1.97
06.08.2021 00:50:09.445,1.2509100000000002,1.2507700000000002,1,2.35
06.08.2021 00:50:09.546,1.2509000000000001,1.25078,1,2.47
06.08.2021 00:50:10.100,1.2509000000000001,1.2507700000000002,1,1.41
06.08.2021 00:50:11.715,1.2509100000000002,1.25078,1,1.1
06.08.2021 00:50:11.816,1.2509000000000001,1.2507700000000002,1,1.1
06.08.2021 00:50:11.968,1.2509100000000002,1.25079,1.12,1.1
06.08.2021 00:50:12.069,1.2509100000000002,1.25079,1.12,1.1
06.08.2021 00:50:13.039,1.25092,1.2508000000000001,1.12,1.72
06.08.2021 00:50:13.191,1.2509100000000002,1.25079,1,1.85
06.08.2021 00:50:13.242,1.2509000000000001,1.25079,1,2.29
06.08.2021 00:50:13.344,1.2509000000000001,1.2508100000000002,1,1.1
06.08.2021 00:50:13.446,1.2509000000000001,1.25078,1,1.1
06.08.2021 00:50:13.547,1.2509000000000001,1.25079,1,1.1
06.08.2021 00:50:13.700,1.2509000000000001,1.25079,1,1.72
06.08.2021 00:50:14.004,1.25092,1.2508000000000001,1.12,1.1
06.08.2021 00:50:15.294,1.25093,1.25082,1,1.2
06.08.2021 00:50:15.395,1.25093,1.25082,1,1.22
06.08.2021 00:50:15.497,1.25092,1.2508000000000001,1,2.47
06.08.2021 00:50:15.598,1.25092,1.2508100000000002,1,1.1
06.08.2021 00:50:16.473,1.25092,1.25082,1.12,1.1
06.08.2021 00:50:19.204,1.25094,1.25082,1.12,1.1
06.08.2021 00:50:19.305,1.25094,1.25082,1.12,2.16
06.08.2021 00:50:19.659,1.25093,1.2508100000000002,1,1.6
06.08.2021 00:50:19.760,1.25093,1.2508100000000002,1,1.57
06.08.2021 00:50:20.215,1.25093,1.2508000000000001,1,3.85
06.08.2021 00:50:20.316,1.25092,1.2508299999999999,1,1.1
06.08.2021 00:50:20.417,1.25093,1.25082,1,1.1
06.08.2021 00:50:20.518,1.25094,1.25082,1,1.1
06.08.2021 00:50:20.620,1.25094,1.25082,1,1.22
06.08.2021 00:50:20.771,1.25094,1.25082,1.5,1.1
06.08.2021 00:50:20.872,1.25092,1.2508100000000002,1,1.22
06.08.2021 00:50:21.675,1.25092,1.25082,1,1.1
06.08.2021 00:50:21.726,1.25094,1.25082,1,1.97
06.08.2021 00:50:21.827,1.25094,1.2508299999999999,1.12,1.97
06.08.2021 00:50:21.929,1.25094,1.2508100000000002,1,1.72
06.08.2021 00:50:22.030,1.25093,1.2508100000000002,1,1.72
06.08.2021 00:50:22.131,1.25093,1.25082,1,1.1
06.08.2021 00:50:22.232,1.25092,1.2508299999999999,1,1.1
06.08.2021 00:50:22.334,1.25094,1.2508299999999999,1,2.1
06.08.2021 00:50:22.385,1.25099,1.25085,1.5,1.79
06.08.2021 00:50:22.435,1.2510000000000001,1.25089,2,1
06.08.2021 00:50:22.537,1.2510100000000002,1.25089,1,1.1
06.08.2021 00:50:22.997,1.2510100000000002,1.25089,1,1.35
06.08.2021 00:50:23.425,1.2510100000000002,1.2508700000000001,1,4.05
06.08.2021 00:50:23.476,1.25099,1.2508700000000001,1,2.55
06.08.2021 00:50:23.577,1.2510000000000001,1.25088,1,1.22
06.08.2021 00:50:23.692,1.2510000000000001,1.25089,1,1.1
06.08.2021 00:50:24.915,1.2510100000000002,1.25089,1,1.1
06.08.2021 00:50:26.471,1.25098,1.25086,1,1.11
06.08.2021 00:50:26.573,1.2509700000000001,1.25084,1,2.39
06.08.2021 00:50:26.675,1.25096,1.25085,1,1.35
06.08.2021 00:50:26.827,1.25096,1.25084,1,1.35
06.08.2021 00:50:27.079,1.25096,1.25085,1,1.35
06.08.2021 00:50:30.588,1.2509700000000001,1.25085,1,1.97
06.08.2021 00:50:39.459,1.25098,1.25086,1.12,1.1
06.08.2021 00:50:42.645,1.25098,1.25085,1,1.22
06.08.2021 00:50:44.444,1.2509700000000001,1.25084,1,1.97
06.08.2021 00:50:44.596,1.25098,1.25084,1,1.97
06.08.2021 00:50:46.250,1.25096,1.25085,1,1.97
06.08.2021 00:50:46.401,1.25098,1.25084,1,1.97
06.08.2021 00:50:48.079,1.2509700000000001,1.25084,1,1.35
06.08.2021 00:50:48.758,1.25096,1.25085,1,1.35
06.08.2021 00:50:48.916,1.2509700000000001,1.25085,1,1.79
06.08.2021 00:50:49.021,1.25096,1.25085,1,1.79
06.08.2021 00:50:51.881,1.25096,1.25085,1,1.97
06.08.2021 00:50:59.799,1.25096,1.2508299999999999,1,1.97
06.08.2021 00:51:06.405,1.25096,1.2508299999999999,1,1.1
06.08.2021 00:51:10.532,1.25095,1.2508299999999999,1,1.1
06.08.2021 00:51:10.648,1.25096,1.25082,1,2.16
06.08.2021 00:51:10.875,1.25096,1.25082,1,2.16
06.08.2021 00:51:11.077,1.25096,1.25082,1,1.97
06.08.2021 00:51:19.449,1.25095,1.25082,1,1.22
06.08.2021 00:51:21.364,1.25092,1.2508100000000002,1,1.1
06.08.2021 00:51:21.466,1.25092,1.2508100000000002,1,1.1
06.08.2021 00:51:21.568,1.25095,1.2508100000000002,1,2.22
06.08.2021 00:51:21.670,1.25095,1.2508299999999999,1,1.1
06.08.2021 00:51:22.052,1.25095,1.2508299999999999,1,1.1
06.08.2021 00:51:25.765,1.25095,1.25084,1,1.35
06.08.2021 00:51:27.226,1.25095,1.2508299999999999,1,1.35
06.08.2021 00:51:27.561,1.25095,1.25082,1,1.22
06.08.2021 00:51:27.662,1.25094,1.25082,1,1.1
06.08.2021 00:51:29.652,1.25095,1.25082,1,1.1
06.08.2021 00:51:32.716,1.25096,1.2508299999999999,1,2.54
06.08.2021 00:51:32.818,1.25095,1.25084,1,2.54
06.08.2021 00:51:33.070,1.25096,1.25084,1,1.35
06.08.2021 00:51:36.862,1.2509700000000001,1.25084,1,1.41
06.08.2021 00:51:39.445,1.25096,1.2508299999999999,1,1.37
06.08.2021 00:51:39.567,1.25096,1.2508299999999999,1,1.25
06.08.2021 00:51:43.462,1.25095,1.25085,1,1.47
06.08.2021 00:51:43.673,1.25095,1.25084,1,2.97
06.08.2021 00:51:45.150,1.25098,1.25084,1,3.35
06.08.2021 00:51:46.156,1.25096,1.25085,1,1.35
06.08.2021 00:51:46.257,1.2509700000000001,1.25084,1,1.35
06.08.2021 00:51:47.748,1.25098,1.25084,1,2.16
06.08.2021 00:51:48.219,1.2509700000000001,1.25084,1,1.41
06.08.2021 00:51:48.320,1.2509700000000001,1.25084,1,1.35
06.08.2021 00:51:51.182,1.25098,1.25084,1,1.79
06.08.2021 00:51:57.126,1.25096,1.25085,1,1.1
06.08.2021 00:51:57.329,1.2509700000000001,1.2508299999999999,1,2.16
06.08.2021 00:51:57.480,1.2509700000000001,1.2508299999999999,1,2.16
06.08.2021 00:52:01.701,1.2509700000000001,1.25088,1,1.5
06.08.2021 00:52:01.751,1.2510000000000001,1.25086,1.12,1.6
06.08.2021 00:52:01.853,1.25098,1.25086,1,1.35
06.08.2021 00:52:03.615,1.2510100000000002,1.2509000000000001,1,1.1
06.08.2021 00:52:03.716,1.2510100000000002,1.2509000000000001,1,1.1
06.08.2021 00:52:04.074,1.25103,1.25089,1,1.1
06.08.2021 00:52:19.337,1.2510100000000002,1.2509100000000002,1,1.1
06.08.2021 00:52:21.777,1.25099,1.25088,1,1.41
06.08.2021 00:52:21.878,1.2510100000000002,1.2508700000000001,1,1.79
06.08.2021 00:52:22.255,1.2510100000000002,1.25089,1,1.47
06.08.2021 00:52:22.356,1.2510200000000002,1.25089,1,1.47
06.08.2021 00:52:22.457,1.2510100000000002,1.2509000000000001,1,1.1
06.08.2021 00:52:23.266,1.2510100000000002,1.25089,1,1.1
06.08.2021 00:52:23.468,1.2510000000000001,1.2509000000000001,1,1.1
06.08.2021 00:52:35.599,1.2510000000000001,1.2509100000000002,1,1.1
06.08.2021 00:52:35.701,1.2510000000000001,1.2509100000000002,1,1.35
06.08.2021 00:52:35.802,1.2510100000000002,1.2509000000000001,1,1.1
06.08.2021 00:52:37.796,1.2510000000000001,1.25088,1,1.1
06.08.2021 00:52:38.060,1.2510000000000001,1.25088,1,1.1
06.08.2021 00:52:46.031,1.2510000000000001,1.2509000000000001,1,1.35
06.08.2021 00:52:46.132,1.2510100000000002,1.2509000000000001,1,1.35
06.08.2021 00:52:50.158,1.2510100000000002,1.2509000000000001,1,1.1
06.08.2021 00:52:50.850,1.25104,1.2509000000000001,1.19,1.35
06.08.2021 00:52:52.371,1.25103,1.2509000000000001,1,1.35
06.08.2021 00:52:52.422,1.25096,1.25088,1,1.35
06.08.2021 00:52:52.524,1.25096,1.2508700000000001,1,1.25
06.08.2021 00:52:54.269,1.2510100000000002,1.2508700000000001,1.12,1.85
06.08.2021 00:52:58.727,1.25095,1.25086,1,3.39
06.08.2021 00:53:00.276,1.25096,1.25086,1,3.45
06.08.2021 00:53:03.402,1.25096,1.25086,1,1.85
06.08.2021 00:53:03.733,1.2510100000000002,1.25086,1,1.85
06.08.2021 00:53:04.063,1.25096,1.25086,1,3.07
06.08.2021 00:53:07.327,1.25103,1.25094,2.25,1
06.08.2021 00:53:07.378,1.25105,1.2509700000000001,1,1
06.08.2021 00:53:07.480,1.25106,1.25099,1.12,1
06.08.2021 00:53:07.581,1.2510700000000001,1.25099,1,1.1
06.08.2021 00:53:12.671,1.25108,1.25099,1,1.1
06.08.2021 00:53:18.131,1.25105,1.25096,1,1.6
06.08.2021 00:53:18.182,1.25104,1.25095,1,1.2
06.08.2021 00:53:18.233,1.2510100000000002,1.25094,1,4.07
06.08.2021 00:53:20.354,1.2510100000000002,1.25093,1,2.51
06.08.2021 00:53:22.440,1.2510100000000002,1.25094,1,1.1
06.08.2021 00:53:26.069,1.2510100000000002,1.25094,1,1.35
06.08.2021 00:53:26.674,1.2510200000000002,1.25093,1,2.7
06.08.2021 00:53:27.420,1.2510200000000002,1.25092,1,1.47
06.08.2021 00:53:27.521,1.2510200000000002,1.25092,1,1.35
06.08.2021 00:53:28.452,1.25104,1.25092,2.25,1
06.08.2021 00:53:28.553,1.25103,1.2509000000000001,1.5,1.41
06.08.2021 00:53:28.604,1.25098,1.2509100000000002,1,1.1
06.08.2021 00:53:28.907,1.2510000000000001,1.2509100000000002,1,1.1
06.08.2021 00:53:29.008,1.2510000000000001,1.2509000000000001,1,1.1
06.08.2021 00:53:29.377,1.2510000000000001,1.2509100000000002,1,2.51
06.08.2021 00:53:31.917,1.25099,1.25092,1,2.57
06.08.2021 00:53:32.068,1.2510100000000002,1.25092,1,1.35
06.08.2021 00:53:32.169,1.2510000000000001,1.25093,1,2.51
06.08.2021 00:53:32.271,1.2510100000000002,1.25092,1,3.32
06.08.2021 00:53:33.076,1.2510200000000002,1.25093,1,2.57
06.08.2021 00:53:33.177,1.2510000000000001,1.25093,1,3.2
06.08.2021 00:53:33.429,1.2510000000000001,1.25093,1,2.51
06.08.2021 00:53:33.631,1.2510100000000002,1.25093,1,1.22
06.08.2021 00:53:33.941,1.2510200000000002,1.25092,1,1.22
06.08.2021 00:53:34.510,1.2510200000000002,1.25092,1,1.35
06.08.2021 00:53:35.381,1.2510000000000001,1.25093,1,1.1
06.08.2021 00:53:39.358,1.25109,1.25095,2.25,3.45
06.08.2021 00:53:39.410,1.2510700000000001,1.25098,1,1.1
06.08.2021 00:53:39.512,1.25106,1.2509700000000001,1,1.1
06.08.2021 00:53:39.563,1.25108,1.25094,1,2.05
06.08.2021 00:53:39.666,1.25109,1.25093,3.37,1.22
06.08.2021 00:53:39.768,1.25108,1.25093,1.87,1.1
06.08.2021 00:53:41.745,1.25108,1.25093,1.5,1.1
06.08.2021 00:53:42.684,1.2510100000000002,1.25093,1,2.32
06.08.2021 00:53:43.010,1.2510700000000001,1.25094,1.5,1.1
06.08.2021 00:53:43.756,1.2510100000000002,1.25093,1,2.32
06.08.2021 00:53:44.078,1.2510200000000002,1.25092,1,3.7
06.08.2021 00:53:44.485,1.2510200000000002,1.25093,1,2.95
06.08.2021 00:53:46.622,1.25108,1.25093,1,1.35
06.08.2021 00:53:46.723,1.25109,1.25093,3,1.35
06.08.2021 00:53:47.655,1.2510700000000001,1.25093,1.87,1.85
06.08.2021 00:53:47.757,1.25109,1.25092,3.2,1.97
06.08.2021 00:53:49.875,1.25108,1.25092,2.62,2.22
06.08.2021 00:53:52.721,1.25109,1.25094,3.75,1.22
06.08.2021 00:53:52.772,1.25108,1.25093,1,1.22
06.08.2021 00:53:52.873,1.2510100000000002,1.25092,1,3.57
06.08.2021 00:53:53.867,1.2510200000000002,1.25094,1,1.35
06.08.2021 00:53:54.069,1.25103,1.25093,1,2.51
06.08.2021 00:53:54.426,1.2510100000000002,1.25092,1,3.95
06.08.2021 00:53:54.527,1.2510200000000002,1.25092,1,2.82
06.08.2021 00:53:54.628,1.2510200000000002,1.25092,1,2.51
06.08.2021 00:53:55.951,1.2510100000000002,1.25094,1,2.51
06.08.2021 00:53:56.429,1.2510000000000001,1.25093,1,3.95
06.08.2021 00:53:56.581,1.2510200000000002,1.25093,1,2.51
06.08.2021 00:53:57.735,1.25103,1.25093,1,1.35
06.08.2021 00:53:57.837,1.2510100000000002,1.25092,1,4.07
06.08.2021 00:53:57.938,1.2510100000000002,1.25093,1,4.07
06.08.2021 00:53:58.875,1.25103,1.25093,1,1.35
06.08.2021 00:53:58.976,1.2510200000000002,1.25094,1,2.51
06.08.2021 00:53:59.077,1.2510200000000002,1.25094,1,2.95
06.08.2021 00:53:59.581,1.2510100000000002,1.25092,1,3.32
06.08.2021 00:53:59.734,1.2510100000000002,1.25093,1,3.32
06.08.2021 00:54:01.913,1.25104,1.25098,1,1.1
06.08.2021 00:54:02.014,1.25105,1.25098,1,1.1
06.08.2021 00:54:06.485,1.2511100000000002,1.25099,1,1.1
06.08.2021 00:54:07.777,1.25113,1.25098,1.12,1.1
06.08.2021 00:54:07.878,1.25105,1.25099,1,1.1
06.08.2021 00:54:11.884,1.25105,1.25094,1,2.42
06.08.2021 00:54:11.935,1.2510700000000001,1.25095,3,1.11
06.08.2021 00:54:12.036,1.25103,1.25093,1,3.95
06.08.2021 00:54:13.266,1.2510700000000001,1.25093,3.37,1.97
06.08.2021 00:54:14.312,1.25108,1.25092,3.37,1.41
06.08.2021 00:54:14.363,1.2510100000000002,1.25092,1,1.41
06.08.2021 00:54:28.680,1.25098,1.2508700000000001,2.25,1.1
06.08.2021 00:54:28.832,1.25099,1.2508299999999999,3,2.82
06.08.2021 00:54:28.983,1.2509700000000001,1.25084,1,1.47
06.08.2021 00:54:30.237,1.25099,1.2508299999999999,2.62,1.47
06.08.2021 00:54:30.338,1.25098,1.2508299999999999,1,1.35
06.08.2021 00:54:31.813,1.25093,1.2508299999999999,1,2.51
06.08.2021 00:54:35.155,1.25092,1.2508299999999999,1,2.32
06.08.2021 00:54:35.307,1.2509000000000001,1.2508000000000001,1,4.89
06.08.2021 00:54:35.408,1.25089,1.2508299999999999,1,2.32
06.08.2021 00:54:35.516,1.2509100000000002,1.25082,1,1.1
06.08.2021 00:54:37.636,1.25092,1.25082,1,1.1
06.08.2021 00:54:42.676,1.25092,1.25079,1,1.3
06.08.2021 00:54:42.778,1.25092,1.25078,1.5,1.35
06.08.2021 00:54:45.772,1.25085,1.25076,1,2.95
06.08.2021 00:54:46.540,1.25084,1.25075,1,2.7
06.08.2021 00:54:46.591,1.25085,1.25075,1,1.97
06.08.2021 00:54:46.704,1.25085,1.25076,1,3.35
06.08.2021 00:54:46.805,1.25084,1.25076,1,4.82
06.08.2021 00:54:47.209,1.25085,1.25075,1,2.89
06.08.2021 00:54:48.098,1.2508700000000001,1.25075,1,1.41
06.08.2021 00:54:50.499,1.25088,1.25076,1,2.54
06.08.2021 00:54:50.651,1.2508700000000001,1.25076,1,1.1
06.08.2021 00:54:50.752,1.25086,1.25075,1,1.86
06.08.2021 00:54:50.853,1.25085,1.25076,1,1.2
06.08.2021 00:54:51.068,1.25086,1.25075,1,1.22
06.08.2021 00:54:51.319,1.25088,1.25076,1,2.6
06.08.2021 00:54:51.420,1.25089,1.2507700000000002,1,2.22
06.08.2021 00:54:51.622,1.25092,1.25082,1,1
06.08.2021 00:54:54.455,1.25088,1.25079,1,1.1
06.08.2021 00:54:54.556,1.2508700000000001,1.25078,1,1.8
06.08.2021 00:54:54.657,1.2508700000000001,1.25076,1,1.35
06.08.2021 00:54:55.526,1.2509100000000002,1.25079,1,1.1
06.08.2021 00:54:55.627,1.2509100000000002,1.25079,1,2.54
06.08.2021 00:54:56.956,1.25088,1.2507700000000002,1,1.61
06.08.2021 00:55:00.248,1.25092,1.2508100000000002,1,1.22
06.08.2021 00:55:00.349,1.25094,1.2508100000000002,1,1.22
06.08.2021 00:55:00.451,1.25093,1.2508100000000002,1,1.22
06.08.2021 00:55:00.562,1.25095,1.2508100000000002,1,1.22
06.08.2021 00:55:00.616,1.2509100000000002,1.2508000000000001,1,3.1
06.08.2021 00:55:00.667,1.2509100000000002,1.2508000000000001,1,1.85
06.08.2021 00:55:00.819,1.2509100000000002,1.25082,1,1.1
06.08.2021 00:55:01.636,1.25094,1.25084,1,1
06.08.2021 00:55:01.789,1.25094,1.25084,1,1.1
06.08.2021 00:55:01.890,1.25095,1.25084,1,1.35
06.08.2021 00:55:03.549,1.25096,1.2508299999999999,1,1.1
06.08.2021 00:55:03.650,1.25094,1.25082,1,1.3
06.08.2021 00:55:03.751,1.25093,1.2508299999999999,1,1.1
06.08.2021 00:55:03.852,1.25094,1.25082,1,1.1
06.08.2021 00:55:07.515,1.25094,1.25082,1,1.1
06.08.2021 00:55:15.859,1.25095,1.25082,1,1.1
06.08.2021 00:55:32.745,1.2509700000000001,1.25085,1,1
06.08.2021 00:55:32.847,1.2509700000000001,1.2508299999999999,1,1.1
06.08.2021 00:55:34.345,1.25095,1.25084,1,1.1
06.08.2021 00:55:41.557,1.25093,1.2508100000000002,1,1.1
06.08.2021 00:55:41.760,1.25094,1.2508000000000001,1,1.1
06.08.2021 00:55:44.037,1.25096,1.2508100000000002,1.87,1.79
06.08.2021 00:55:44.139,1.2509700000000001,1.2508299999999999,1.12,1.1
06.08.2021 00:55:44.290,1.25096,1.2508299999999999,1,1.1
06.08.2021 00:55:44.663,1.2509700000000001,1.25084,1,1.1
06.08.2021 00:55:44.815,1.25096,1.2508299999999999,1,1.1
06.08.2021 00:55:45.464,1.25096,1.25086,1,1.1
06.08.2021 00:55:46.824,1.25098,1.25085,1,1.1
06.08.2021 00:55:46.926,1.25099,1.25085,1,1.41
06.08.2021 00:55:47.027,1.2509700000000001,1.25085,1,1.1
06.08.2021 00:55:47.657,1.25096,1.2508299999999999,1,1.72
06.08.2021 00:55:48.148,1.2509700000000001,1.25085,1,1.1
06.08.2021 00:55:50.938,1.2509700000000001,1.25085,1,1.1
06.08.2021 00:55:57.326,1.25096,1.25084,1,1.41
06.08.2021 00:55:58.893,1.25095,1.25084,1,1.41
06.08.2021 00:56:00.805,1.25093,1.25084,1,1.1
06.08.2021 00:56:02.623,1.2509100000000002,1.2508000000000001,1,1.1
06.08.2021 00:56:02.829,1.25092,1.25082,1,1.1
06.08.2021 00:56:02.930,1.25094,1.2508100000000002,1,1.79
06.08.2021 00:56:03.031,1.25093,1.25084,1,1.1
06.08.2021 00:56:05.686,1.25095,1.2508299999999999,1,1.35
06.08.2021 00:56:06.365,1.25094,1.2508299999999999,1,1.22
06.08.2021 00:56:07.341,1.25093,1.25082,1,1.22
06.08.2021 00:56:08.149,1.25094,1.2508100000000002,1,1.41
06.08.2021 00:56:11.511,1.25095,1.2508299999999999,1,1.22
06.08.2021 00:56:11.612,1.25095,1.25084,1,2.35
06.08.2021 00:56:11.713,1.2509700000000001,1.2508299999999999,1,2.47
06.08.2021 00:56:12.641,1.25096,1.25084,1,3.22
06.08.2021 00:56:14.112,1.2509700000000001,1.2508299999999999,1,2.85
06.08.2021 00:56:17.537,1.25096,1.2508299999999999,1,1.72
06.08.2021 00:56:21.523,1.25094,1.25084,1,1.6
06.08.2021 00:56:31.187,1.25096,1.2508299999999999,1,1.1
06.08.2021 00:56:31.444,1.25096,1.2508299999999999,1,1.72
06.08.2021 00:56:32.775,1.2509700000000001,1.2508299999999999,1,3.6
06.08.2021 00:56:33.537,1.25096,1.2508299999999999,1,3.6
06.08.2021 00:56:33.688,1.25096,1.2508299999999999,1,2.1
06.08.2021 00:56:36.041,1.2509700000000001,1.2508299999999999,1,1.6
06.08.2021 00:56:39.120,1.25096,1.25084,1,2.85
06.08.2021 00:56:39.323,1.2509700000000001,1.25085,1,1.6
06.08.2021 00:56:39.424,1.2509700000000001,1.2508299999999999,1,1.72
06.08.2021 00:56:39.526,1.2509700000000001,1.2508299999999999,1,1.72
06.08.2021 00:56:51.060,1.25098,1.2508299999999999,1,2.35
06.08.2021 00:56:52.086,1.25099,1.25084,1,2.22
06.08.2021 00:56:52.238,1.25099,1.25084,1,2.22
06.08.2021 00:56:54.128,1.25098,1.25084,1,1.72
06.08.2021 00:56:55.236,1.2509700000000001,1.25085,1,2.47
06.08.2021 00:56:55.338,1.2509700000000001,1.2508299999999999,1,1.22
06.08.2021 00:56:57.347,1.2509700000000001,1.25085,1,1.22
06.08.2021 00:56:57.462,1.25098,1.25085,1.12,1.22
06.08.2021 00:57:01.936,1.25098,1.25084,1,1.35
06.08.2021 00:57:03.747,1.25098,1.25084,1,1.35
06.08.2021 00:57:04.461,1.2509700000000001,1.25085,1,1.35
06.08.2021 00:57:05.315,1.25098,1.25085,1.12,1.35
06.08.2021 00:57:12.957,1.2510000000000001,1.25085,1.87,1.1
06.08.2021 00:57:20.527,1.25099,1.25085,1,1.6
06.08.2021 00:57:20.628,1.25104,1.2509000000000001,1.1,1.1
06.08.2021 00:57:20.780,1.25105,1.2509000000000001,1.12,1.1
06.08.2021 00:57:21.148,1.25104,1.2509100000000002,1.87,1.1
06.08.2021 00:57:26.315,1.25104,1.2509000000000001,1,1.1
06.08.2021 00:57:26.416,1.25104,1.2509000000000001,1,1.1
06.08.2021 00:57:31.427,1.25105,1.2509100000000002,1.87,1.1
06.08.2021 00:57:36.492,1.25106,1.25092,1.12,2.22
06.08.2021 00:57:36.594,1.2510700000000001,1.25092,1.5,2.97
06.08.2021 00:57:36.703,1.2510700000000001,1.25092,1,2.97
06.08.2021 00:57:36.955,1.2510700000000001,1.25092,1,4.1
06.08.2021 00:57:37.057,1.25105,1.25093,1,3.35
06.08.2021 00:57:37.309,1.2510700000000001,1.25093,1,1.35
06.08.2021 00:57:37.518,1.25105,1.25093,1,2.6
06.08.2021 00:57:37.871,1.2510700000000001,1.25092,1,2.6
06.08.2021 00:57:38.161,1.2510700000000001,1.25092,1,3.85
06.08.2021 00:57:39.470,1.2510700000000001,1.25095,1,1.35
06.08.2021 00:57:40.016,1.25108,1.25095,1,1.79
06.08.2021 00:57:41.182,1.25108,1.25095,1,2.16
06.08.2021 00:58:05.698,1.25109,1.25094,1,1.85
06.08.2021 00:58:05.749,1.25109,1.25094,1,1.35
06.08.2021 00:58:05.851,1.25108,1.25094,1,1.85
06.08.2021 00:58:08.063,1.25108,1.25094,1,1.41
06.08.2021 00:58:08.164,1.25109,1.25094,1,2.16
06.08.2021 00:58:09.316,1.2511200000000002,1.25098,1.12,1.1
06.08.2021 00:58:13.260,1.2511200000000002,1.25098,1,1.22
06.08.2021 00:58:17.488,1.2511200000000002,1.25098,1.5,1.22
06.08.2021 00:58:17.912,1.2511200000000002,1.25098,1,1.22
06.08.2021 00:58:18.437,1.2511200000000002,1.25098,1,1.22
06.08.2021 00:58:19.878,1.25108,1.25095,1,1.1
06.08.2021 00:58:19.979,1.25106,1.25095,1,1.1
06.08.2021 00:58:20.080,1.25105,1.25093,1,3.47
06.08.2021 00:58:22.903,1.25106,1.25092,1,1.47
06.08.2021 00:58:25.353,1.25104,1.25092,1,1.1
06.08.2021 00:58:25.819,1.25104,1.2509000000000001,1,1.1
06.08.2021 00:58:28.602,1.25104,1.25092,1,1.1
06.08.2021 00:58:28.804,1.25103,1.25092,1,1.1
06.08.2021 00:58:35.834,1.25104,1.25093,1,1.1
06.08.2021 00:58:35.885,1.25106,1.25093,1,2.79
06.08.2021 00:58:35.987,1.2510700000000001,1.25094,1.12,2.22
06.08.2021 00:58:36.038,1.25105,1.25093,1,2.85
06.08.2021 00:58:36.292,1.25106,1.25092,1,1.1
06.08.2021 00:58:37.466,1.25105,1.25092,1,1.1
06.08.2021 00:58:43.205,1.25106,1.25092,1.5,1.35
06.08.2021 00:58:43.329,1.25106,1.25092,1,3.29
06.08.2021 00:58:45.327,1.25105,1.2509700000000001,1,1.6
06.08.2021 00:58:45.579,1.2511100000000002,1.25095,2.25,2.72
06.08.2021 00:58:45.630,1.25105,1.25092,1,3.3
06.08.2021 00:58:45.681,1.25106,1.2509100000000002,1.12,1.97
06.08.2021 00:58:45.782,1.25105,1.2509100000000002,1,1.1
06.08.2021 00:58:46.075,1.25105,1.2509100000000002,1,1.35
06.08.2021 00:58:47.805,1.25105,1.2509100000000002,1,1.35
06.08.2021 00:58:57.544,1.25104,1.25092,1,1.1
06.08.2021 00:58:59.690,1.25106,1.25093,1.12,1.35
06.08.2021 00:59:02.966,1.25105,1.25092,1.12,1.1
06.08.2021 00:59:03.067,1.25105,1.2509000000000001,1,1.97
06.08.2021 00:59:12.068,1.25104,1.25092,1,1.22
06.08.2021 00:59:14.622,1.25106,1.2509100000000002,1,2.35
06.08.2021 00:59:21.330,1.25105,1.2509100000000002,1,1.1
06.08.2021 00:59:22.070,1.25105,1.2509100000000002,1,1.1
06.08.2021 00:59:22.950,1.25104,1.2509000000000001,1,1.6
06.08.2021 00:59:23.304,1.25105,1.2509000000000001,1.5,1.1
06.08.2021 00:59:27.274,1.25104,1.25089,1,1.1
06.08.2021 00:59:30.487,1.25098,1.25085,1,1.35
