Gmt time,Ask,Bid,AskVolume,BidVolume
12.08.2021 00:00:00.099,0.9217000000000001,0.9216000000000001,1.12,1
12.08.2021 00:00:00.200,0.9217000000000001,0.92158,1.87,1.5
12.08.2021 00:00:01.455,0.92171,0.92159,1.87,1
12.08.2021 00:00:01.564,0.92171,0.92159,2,1
12.08.2021 00:00:13.747,0.92171,0.9216000000000001,1.12,1
12.08.2021 00:00:15.495,0.9217500000000001,0.92161,2,1
12.08.2021 00:00:15.597,0.92174,0.9216200000000001,1,1.31
12.08.2021 00:00:15.698,0.9217700000000001,0.9216500000000001,1.5,1.25
12.08.2021 00:00:15.849,0.9217700000000001,0.9216500000000001,1,1.82
12.08.2021 00:00:31.808,0.9217600000000001,0.9216500000000001,1,2.95
12.08.2021 00:00:48.222,0.9217600000000001,0.9216500000000001,1,3.26
12.08.2021 00:00:48.374,0.9217500000000001,0.92166,1,1.25
12.08.2021 00:00:48.475,0.9217600000000001,0.92166,1,1.69
12.08.2021 00:00:48.577,0.9217700000000001,0.92166,2.25,1.25
12.08.2021 00:00:49.236,0.9217700000000001,0.92166,1,3.25
12.08.2021 00:00:51.262,0.9217299999999999,0.9216500000000001,2.75,1
12.08.2021 00:00:51.363,0.9217299999999999,0.92164,1.5,1.69
12.08.2021 00:00:59.800,0.92171,0.9216200000000001,1,1.5
12.08.2021 00:00:59.901,0.9217000000000001,0.9216200000000001,1,1
12.08.2021 00:01:03.868,0.9217299999999999,0.92163,2.25,1.69
12.08.2021 00:01:03.969,0.92174,0.92164,1,2.44
12.08.2021 00:01:52.094,0.92171,0.9216200000000001,1,1.25
12.08.2021 00:01:52.195,0.92171,0.92161,1.12,1
12.08.2021 00:02:00.620,0.92169,0.92161,1,1
12.08.2021 00:02:02.667,0.92169,0.9216000000000001,1,1
12.08.2021 00:02:02.768,0.9216700000000001,0.9216000000000001,1,1
12.08.2021 00:02:02.820,0.92169,0.9216000000000001,1,1
12.08.2021 00:02:03.109,0.9216799999999999,0.92158,1,3.62
12.08.2021 00:02:03.210,0.9216799999999999,0.92158,1,2.25
12.08.2021 00:02:06.360,0.9216200000000001,0.9215700000000001,1,1.25
12.08.2021 00:02:07.351,0.9216799999999999,0.92158,1,2.25
12.08.2021 00:02:10.377,0.9216799999999999,0.92159,1,1
12.08.2021 00:02:10.572,0.9216700000000001,0.9215700000000001,1,1.5
12.08.2021 00:02:10.695,0.9216700000000001,0.92158,1,1.5
12.08.2021 00:02:16.697,0.9216700000000001,0.92159,1,1
12.08.2021 00:02:40.679,0.9217000000000001,0.92158,1.5,1.5
12.08.2021 00:02:40.781,0.9217000000000001,0.92159,1.5,1
12.08.2021 00:02:51.513,0.92169,0.92159,1.5,1.5
12.08.2021 00:03:06.053,0.9217000000000001,0.92159,1,1
12.08.2021 00:03:09.880,0.92171,0.92163,1,1
12.08.2021 00:03:09.931,0.9217299999999999,0.92164,1,1
12.08.2021 00:03:36.100,0.92174,0.92166,1,2.44
12.08.2021 00:03:36.201,0.9217600000000001,0.9216799999999999,1,1
12.08.2021 00:03:37.457,0.9217700000000001,0.9216799999999999,1.1,1.5
12.08.2021 00:03:57.641,0.9217799999999999,0.92169,1.1,1.25
12.08.2021 00:04:02.648,0.9217799999999999,0.92171,1,1.5
12.08.2021 00:04:02.749,0.9218000000000001,0.92171,1.1,1.5
12.08.2021 00:04:03.093,0.9218100000000001,0.92169,1.57,1.5
12.08.2021 00:04:13.784,0.9218000000000001,0.9217000000000001,2.45,1.5
12.08.2021 00:04:13.964,0.9218000000000001,0.9217000000000001,1.95,1.5
12.08.2021 00:04:14.125,0.9218000000000001,0.9217000000000001,2.45,1.5
12.08.2021 00:04:14.274,0.9218000000000001,0.9217000000000001,1.95,1.5
12.08.2021 00:04:30.313,0.9218100000000001,0.92171,1.6,1
12.08.2021 00:04:30.414,0.9218200000000001,0.9217000000000001,1.57,1
12.08.2021 00:04:46.333,0.92179,0.92169,1.2,1
12.08.2021 00:04:48.277,0.92179,0.9216799999999999,3.07,1.5
12.08.2021 00:05:17.942,0.9217799999999999,0.9216799999999999,1,1.5
12.08.2021 00:05:18.043,0.9217600000000001,0.92166,1.1,1.5
12.08.2021 00:05:18.145,0.9217500000000001,0.9216500000000001,1,1.5
12.08.2021 00:05:18.297,0.92171,0.92161,1.57,1
12.08.2021 00:05:18.961,0.9217299999999999,0.92161,1.57,1.25
12.08.2021 00:05:19.113,0.9217200000000001,0.92163,1,1
12.08.2021 00:05:19.214,0.9217299999999999,0.92163,1,1.5
12.08.2021 00:05:23.669,0.9217299999999999,0.92164,1,1
12.08.2021 00:05:24.824,0.9217600000000001,0.92166,1.57,1.69
12.08.2021 00:05:24.925,0.9217600000000001,0.9216700000000001,1,1
12.08.2021 00:05:25.026,0.9217799999999999,0.9216700000000001,2.72,1.5
12.08.2021 00:05:30.517,0.9217700000000001,0.9216700000000001,1.6,1
12.08.2021 00:05:30.568,0.9217299999999999,0.9216500000000001,1.5,1
12.08.2021 00:05:30.670,0.9217299999999999,0.92163,2.32,1.5
12.08.2021 00:05:31.179,0.9217299999999999,0.92163,3.1,1
12.08.2021 00:05:39.314,0.9217200000000001,0.9216200000000001,1.1,1.69
12.08.2021 00:05:39.828,0.92171,0.92161,1.2,1.5
12.08.2021 00:05:40.081,0.92171,0.92161,2.72,1
12.08.2021 00:05:40.183,0.9217000000000001,0.9216000000000001,1.1,1.69
12.08.2021 00:05:48.363,0.92169,0.9216000000000001,1.57,1
12.08.2021 00:05:49.021,0.92169,0.92159,3.07,1
12.08.2021 00:05:49.462,0.92169,0.92159,3.2,1
12.08.2021 00:05:49.513,0.92166,0.9215700000000001,1,1
12.08.2021 00:05:49.615,0.9216700000000001,0.9215500000000001,1,1.5
12.08.2021 00:05:51.538,0.9216700000000001,0.92158,1,1
12.08.2021 00:05:51.741,0.92169,0.92158,1.95,1.5
12.08.2021 00:06:01.346,0.9216700000000001,0.92158,1,1
12.08.2021 00:06:27.052,0.9216700000000001,0.9215700000000001,1.5,2.25
12.08.2021 00:06:59.455,0.9216700000000001,0.92158,1.5,1.25
12.08.2021 00:07:09.636,0.92166,0.9215700000000001,1,1.5
12.08.2021 00:07:10.566,0.92166,0.92156,1,1.5
12.08.2021 00:07:13.996,0.92166,0.92158,1,1
12.08.2021 00:07:14.097,0.9216700000000001,0.92158,1.5,1
12.08.2021 00:07:21.703,0.9216500000000001,0.92156,1,2.25
12.08.2021 00:07:27.302,0.92166,0.92158,1,1
12.08.2021 00:07:27.403,0.9216700000000001,0.92158,1.5,1.5
12.08.2021 00:07:31.746,0.92166,0.92156,1.5,1
12.08.2021 00:07:37.675,0.9216500000000001,0.92156,1.5,1.5
12.08.2021 00:07:40.076,0.92166,0.92158,1,1
12.08.2021 00:07:40.180,0.9216700000000001,0.92158,1,1.5
12.08.2021 00:07:40.756,0.9216700000000001,0.92159,1,1.25
12.08.2021 00:08:03.386,0.9216700000000001,0.9216000000000001,1,1
12.08.2021 00:08:05.142,0.9216700000000001,0.92159,1,1.25
12.08.2021 00:08:25.128,0.9216700000000001,0.92158,1.5,1
12.08.2021 00:08:25.281,0.92166,0.9215700000000001,1.1,1
12.08.2021 00:08:31.379,0.9216700000000001,0.92158,1.5,1.5
12.08.2021 00:09:33.430,0.9216700000000001,0.92158,1,3.44
12.08.2021 00:09:37.044,0.9216700000000001,0.92158,1,2.44
12.08.2021 00:10:00.206,0.9216700000000001,0.92158,1.5,2.5
12.08.2021 00:10:00.710,0.9216700000000001,0.92158,1.5,1.69
12.08.2021 00:10:26.942,0.92166,0.92158,1,1
12.08.2021 00:10:40.071,0.92166,0.9215700000000001,1,1
12.08.2021 00:10:40.172,0.92166,0.92156,1,1.76
12.08.2021 00:10:56.016,0.9216500000000001,0.92156,1,1.01
12.08.2021 00:11:11.548,0.92166,0.9215700000000001,1,1
12.08.2021 00:11:16.403,0.9216700000000001,0.92158,1,1
12.08.2021 00:11:19.004,0.9216700000000001,0.9215700000000001,1,1.57
12.08.2021 00:11:30.928,0.92166,0.9215700000000001,1,1
12.08.2021 00:11:31.030,0.92166,0.92156,1,1.76
12.08.2021 00:11:35.708,0.92161,0.92153,1,1.69
12.08.2021 00:11:35.810,0.92161,0.92151,1,2.14
12.08.2021 00:11:35.911,0.9216200000000001,0.92151,1,1.25
12.08.2021 00:11:40.394,0.92161,0.9215000000000001,1,1.35
12.08.2021 00:11:41.563,0.9216000000000001,0.92151,1,1.01
12.08.2021 00:12:11.999,0.9216000000000001,0.92151,1,1.35
12.08.2021 00:12:12.100,0.92161,0.9215200000000001,1,1
12.08.2021 00:12:13.194,0.92161,0.92151,1,1.76
12.08.2021 00:12:14.873,0.92161,0.9215200000000001,1,1.25
12.08.2021 00:12:17.667,0.92161,0.92151,1,1.76
12.08.2021 00:12:20.089,0.92161,0.9215200000000001,1,1
12.08.2021 00:12:33.378,0.92161,0.92151,1,1.57
12.08.2021 00:12:34.200,0.92161,0.9215200000000001,1,1
12.08.2021 00:12:37.705,0.92161,0.92151,1,1.76
12.08.2021 00:13:33.878,0.92164,0.92151,3,1.76
12.08.2021 00:13:34.071,0.92163,0.92151,1,1.76
12.08.2021 00:13:38.948,0.92161,0.92151,1,1.76
12.08.2021 00:13:50.393,0.92161,0.92151,1,1.79
12.08.2021 00:13:50.600,0.92161,0.92151,1,1.76
12.08.2021 00:14:00.814,0.9216000000000001,0.9215000000000001,1,1
12.08.2021 00:14:00.915,0.92159,0.9215000000000001,1,1
12.08.2021 00:14:01.016,0.92159,0.92148,1.5,2.51
12.08.2021 00:14:02.236,0.92159,0.92149,1,1.76
12.08.2021 00:14:02.525,0.92161,0.92149,1.5,1
12.08.2021 00:14:03.677,0.92158,0.92148,1,2.51
12.08.2021 00:14:10.754,0.9216000000000001,0.92148,1.5,1.5
12.08.2021 00:14:14.314,0.92159,0.92149,1,2.94
12.08.2021 00:14:14.473,0.92159,0.92149,1,2.44
12.08.2021 00:14:25.318,0.92159,0.9215000000000001,1,1
12.08.2021 00:15:00.462,0.92159,0.92149,1,1.69
12.08.2021 00:15:02.539,0.92158,0.92149,1,1.5
12.08.2021 00:15:02.641,0.92158,0.92148,1,1.69
12.08.2021 00:15:02.754,0.9215500000000001,0.92145,1,1.69
12.08.2021 00:15:06.533,0.92158,0.92148,1.87,1
12.08.2021 00:15:10.675,0.92158,0.92149,1,1
12.08.2021 00:15:20.098,0.92158,0.92148,1,1.57
12.08.2021 00:15:50.646,0.92158,0.92149,1,1
12.08.2021 00:16:46.676,0.92158,0.92148,1,1.5
12.08.2021 00:16:46.777,0.92158,0.92149,1,1
12.08.2021 00:17:02.522,0.92159,0.92149,1,2.25
12.08.2021 00:17:07.675,0.92159,0.9215000000000001,1,1
12.08.2021 00:17:16.523,0.92163,0.92151,2.5,1.1
12.08.2021 00:17:16.625,0.92163,0.92153,2.32,1.69
12.08.2021 00:17:19.718,0.92161,0.92151,1,1.76
12.08.2021 00:17:20.009,0.92159,0.92151,1,1
12.08.2021 00:17:25.708,0.92159,0.9215000000000001,1,1.69
12.08.2021 00:17:33.312,0.92158,0.9215000000000001,1,1.5
12.08.2021 00:17:36.472,0.92159,0.9215000000000001,1,1.5
12.08.2021 00:18:16.119,0.92159,0.92151,1,1
12.08.2021 00:18:23.349,0.92161,0.92153,1,1
12.08.2021 00:18:23.552,0.92161,0.9215200000000001,1,1
12.08.2021 00:18:28.906,0.92161,0.92154,1,1
12.08.2021 00:18:28.957,0.92163,0.92154,1,1
12.08.2021 00:18:36.894,0.92164,0.9215700000000001,1,1
12.08.2021 00:18:36.945,0.9216700000000001,0.9215700000000001,1.5,1.5
12.08.2021 00:18:37.046,0.9216700000000001,0.92158,1,1.5
12.08.2021 00:18:40.675,0.9216700000000001,0.92159,1,1
12.08.2021 00:18:45.678,0.9216799999999999,0.92159,1,1.69
12.08.2021 00:18:47.223,0.92169,0.92159,1,1
12.08.2021 00:19:02.197,0.92169,0.9216000000000001,1,2.51
12.08.2021 00:19:05.499,0.92169,0.92159,1.57,1.5
12.08.2021 00:19:05.651,0.92169,0.92159,1.97,1.5
12.08.2021 00:19:06.845,0.9216700000000001,0.92159,1,1
12.08.2021 00:19:08.646,0.9216700000000001,0.92158,1,1.5
12.08.2021 00:19:28.261,0.9216700000000001,0.92159,1,1
12.08.2021 00:19:39.869,0.9216700000000001,0.92158,1,1.5
12.08.2021 00:21:08.741,0.9216700000000001,0.92159,1,1
12.08.2021 00:21:13.041,0.9217000000000001,0.92163,1.25,1.1
12.08.2021 00:21:13.092,0.9217200000000001,0.92163,1,1.5
12.08.2021 00:21:13.142,0.92169,0.92163,1.5,1
12.08.2021 00:21:13.243,0.9217000000000001,0.9216200000000001,1,1
12.08.2021 00:21:16.500,0.92171,0.92164,1.5,1
12.08.2021 00:21:16.602,0.9217200000000001,0.9216500000000001,1.5,1
12.08.2021 00:21:18.362,0.9217299999999999,0.92163,1.5,1
12.08.2021 00:21:42.104,0.9217200000000001,0.92163,1.5,1.5
12.08.2021 00:22:44.460,0.92174,0.9216700000000001,1,1
12.08.2021 00:23:28.346,0.92171,0.9216500000000001,1,1
12.08.2021 00:23:28.397,0.92169,0.9216200000000001,1,1.5
12.08.2021 00:23:28.499,0.92169,0.92161,1.5,1
12.08.2021 00:23:52.206,0.9217000000000001,0.9216200000000001,1.5,1
12.08.2021 00:24:12.631,0.9217000000000001,0.9216000000000001,1,1.76
12.08.2021 00:24:12.964,0.9217000000000001,0.92161,1,1
12.08.2021 00:24:20.948,0.9217000000000001,0.9216000000000001,1,1.76
12.08.2021 00:25:03.473,0.9217000000000001,0.92161,1,1
12.08.2021 00:25:26.620,0.9217200000000001,0.9216000000000001,1.5,2.06
12.08.2021 00:25:46.057,0.92171,0.9216200000000001,1,1
12.08.2021 00:26:14.697,0.9217200000000001,0.9216000000000001,1,2.06
12.08.2021 00:26:48.714,0.9217000000000001,0.92161,1,1.25
12.08.2021 00:26:59.411,0.9217000000000001,0.9216000000000001,1.5,1.31
12.08.2021 00:26:59.563,0.92169,0.9216000000000001,1,1
12.08.2021 00:27:10.362,0.92169,0.92158,1.5,2.19
12.08.2021 00:27:19.274,0.9216799999999999,0.92158,1,1.5
12.08.2021 00:28:02.400,0.92169,0.92158,1.5,2.7
12.08.2021 00:28:04.974,0.9217000000000001,0.9216000000000001,1.5,1.31
12.08.2021 00:28:05.075,0.9217000000000001,0.92161,1,1.25
12.08.2021 00:28:10.676,0.92171,0.92161,1.5,1.25
12.08.2021 00:28:12.155,0.9217000000000001,0.92161,1,1.5
12.08.2021 00:28:12.409,0.9216799999999999,0.92158,1,1.87
12.08.2021 00:28:19.684,0.9216700000000001,0.9215700000000001,1.5,1.12
12.08.2021 00:28:55.121,0.92166,0.9215500000000001,1,1.5
12.08.2021 00:28:55.172,0.9216500000000001,0.92154,1.5,2.91
12.08.2021 00:28:55.274,0.92166,0.92153,1.87,1.95
12.08.2021 00:28:55.375,0.92164,0.92154,1,1
12.08.2021 00:28:55.554,0.92163,0.92153,1,2.14
12.08.2021 00:28:59.187,0.92163,0.92153,1,2.26
12.08.2021 00:28:59.288,0.92164,0.9215200000000001,1,2.14
12.08.2021 00:29:02.394,0.92163,0.92154,1,1
12.08.2021 00:29:41.926,0.92166,0.92156,1,2.25
12.08.2021 00:29:42.129,0.9216700000000001,0.9215700000000001,1,1
12.08.2021 00:29:42.281,0.9216700000000001,0.9215700000000001,1,2.01
12.08.2021 00:29:55.687,0.9216799999999999,0.92158,1,1
12.08.2021 00:30:00.349,0.9216700000000001,0.9215700000000001,1,1.76
12.08.2021 00:30:43.617,0.92166,0.92156,1,1.87
12.08.2021 00:30:43.719,0.9216500000000001,0.92156,1,1
12.08.2021 00:30:43.983,0.9216500000000001,0.9215500000000001,1,1.76
12.08.2021 00:30:45.990,0.92164,0.92154,1,2.14
12.08.2021 00:30:55.675,0.92163,0.92154,1,1.12
12.08.2021 00:31:00.349,0.92164,0.92154,1.5,1.12
12.08.2021 00:31:20.809,0.9216200000000001,0.9215200000000001,1.5,1
12.08.2021 00:31:20.911,0.92161,0.9215000000000001,1.5,1.76
12.08.2021 00:32:00.099,0.92161,0.92151,1,1
12.08.2021 00:32:19.012,0.9216000000000001,0.92151,1,1
12.08.2021 00:32:19.114,0.9216000000000001,0.9215000000000001,1,1.1
12.08.2021 00:32:30.830,0.9215700000000001,0.9214700000000001,1,1.95
12.08.2021 00:32:30.931,0.9215700000000001,0.9215000000000001,1.5,1
12.08.2021 00:32:31.882,0.9215700000000001,0.9214700000000001,1.5,1
12.08.2021 00:32:45.128,0.92156,0.9214700000000001,1,1
12.08.2021 00:32:49.270,0.92156,0.9214600000000001,1,1
12.08.2021 00:32:56.765,0.9215700000000001,0.9214600000000001,1,1
12.08.2021 00:32:57.128,0.9215700000000001,0.92144,1,1.76
12.08.2021 00:33:04.562,0.92156,0.9214700000000001,1,1
12.08.2021 00:33:15.041,0.9215500000000001,0.9214700000000001,1,1
12.08.2021 00:33:23.404,0.9215500000000001,0.9214600000000001,1,1.69
12.08.2021 00:33:37.929,0.92156,0.9214600000000001,2.25,1.25
12.08.2021 00:34:06.978,0.92154,0.92144,1.5,1
12.08.2021 00:34:07.079,0.92153,0.92144,1,1
12.08.2021 00:34:07.181,0.92153,0.92143,1.5,1
12.08.2021 00:34:07.282,0.9215200000000001,0.9214200000000001,1,1.39
12.08.2021 00:34:07.862,0.92153,0.9214200000000001,1,2.14
12.08.2021 00:34:15.620,0.92153,0.92143,1.5,1
12.08.2021 00:34:32.071,0.9215200000000001,0.9214100000000001,1,3.1
12.08.2021 00:34:32.424,0.92153,0.9214200000000001,1,1.39
12.08.2021 00:34:32.958,0.9215500000000001,0.92144,1.69,2.75
12.08.2021 00:34:33.059,0.92156,0.9214700000000001,1,2.6
12.08.2021 00:34:33.110,0.92159,0.9214600000000001,1.25,1.2
12.08.2021 00:34:33.161,0.9216200000000001,0.92149,3.44,1.12
12.08.2021 00:34:33.212,0.9216000000000001,0.92148,1.94,1.57
12.08.2021 00:34:33.262,0.9216000000000001,0.92149,1.25,1.5
12.08.2021 00:34:33.364,0.9216000000000001,0.92149,1.25,1.12
12.08.2021 00:34:39.663,0.9216000000000001,0.9215000000000001,1.69,1
12.08.2021 00:34:40.548,0.9215700000000001,0.9214700000000001,1,2.07
12.08.2021 00:34:40.650,0.9215700000000001,0.92148,1,1.12
12.08.2021 00:34:44.447,0.9215700000000001,0.9214700000000001,1,1.5
12.08.2021 00:35:02.440,0.9215700000000001,0.92148,1,1
12.08.2021 00:35:11.470,0.92159,0.9214700000000001,1,1.5
12.08.2021 00:35:19.411,0.9216000000000001,0.92149,1.5,1.87
12.08.2021 00:35:33.135,0.9216000000000001,0.9215000000000001,1,1
12.08.2021 00:35:33.339,0.92161,0.92151,1.5,1
12.08.2021 00:35:51.641,0.9216200000000001,0.9215200000000001,1,1.5
12.08.2021 00:35:51.743,0.92163,0.9215200000000001,1,1
12.08.2021 00:35:51.845,0.92164,0.92153,1.6,1.5
12.08.2021 00:35:51.948,0.92164,0.92153,1.57,1.87
12.08.2021 00:35:54.292,0.9216500000000001,0.92154,1.6,1.5
12.08.2021 00:35:54.394,0.9216500000000001,0.92154,1.57,1.5
12.08.2021 00:35:55.585,0.9216500000000001,0.9215700000000001,1.57,1
12.08.2021 00:35:56.086,0.9216500000000001,0.9215500000000001,1.1,1
12.08.2021 00:35:59.276,0.92166,0.92156,1.75,1
12.08.2021 00:35:59.810,0.9216700000000001,0.9215700000000001,1.1,1.5
12.08.2021 00:35:59.911,0.92169,0.92158,2.12,1
12.08.2021 00:36:00.583,0.92169,0.92159,2.12,1
12.08.2021 00:36:00.841,0.92166,0.92156,1,1.87
12.08.2021 00:36:00.993,0.9216700000000001,0.9215700000000001,1.1,1.5
12.08.2021 00:36:34.561,0.9216700000000001,0.92158,1.57,1
12.08.2021 00:37:10.514,0.9216799999999999,0.9215700000000001,1.2,1.5
12.08.2021 00:37:10.565,0.9216500000000001,0.92154,1.5,1
12.08.2021 00:37:16.675,0.92166,0.9215500000000001,1.72,1
12.08.2021 00:37:52.050,0.9216500000000001,0.9215700000000001,1,1
12.08.2021 00:38:05.701,0.9216700000000001,0.92156,1.72,1
12.08.2021 00:38:10.682,0.9216700000000001,0.92158,1.5,1
12.08.2021 00:39:10.577,0.92166,0.9215700000000001,1,1.87
12.08.2021 00:39:20.566,0.9216500000000001,0.9215700000000001,1.5,1
12.08.2021 00:39:21.236,0.92163,0.92154,2.06,1
12.08.2021 00:39:21.438,0.92164,0.9215500000000001,1.57,1
12.08.2021 00:39:21.539,0.92164,0.92156,1.1,1
12.08.2021 00:39:21.941,0.9216500000000001,0.92156,1.65,1
12.08.2021 00:40:50.860,0.92166,0.9215700000000001,1,1.5
12.08.2021 00:40:51.142,0.9216700000000001,0.9215700000000001,1.72,1.69
12.08.2021 00:40:56.353,0.9216700000000001,0.92158,1,1.69
12.08.2021 00:40:56.403,0.92169,0.9216000000000001,1.57,1
12.08.2021 00:42:03.638,0.92169,0.92161,1,1
12.08.2021 00:42:05.863,0.9217600000000001,0.9216500000000001,1,1.87
12.08.2021 00:42:05.964,0.9217700000000001,0.92166,1.5,1
12.08.2021 00:42:06.167,0.9217600000000001,0.9216799999999999,1,1
12.08.2021 00:42:06.551,0.9217700000000001,0.9216799999999999,1.1,1
12.08.2021 00:42:10.577,0.9217600000000001,0.9216700000000001,1.5,1
12.08.2021 00:42:10.680,0.9217600000000001,0.9216799999999999,1,1
12.08.2021 00:42:22.731,0.9217700000000001,0.9216799999999999,1,1.5
12.08.2021 00:42:30.232,0.9217700000000001,0.9217000000000001,1,1
12.08.2021 00:42:30.760,0.92179,0.92169,1,1
12.08.2021 00:42:30.861,0.92179,0.9217000000000001,1.57,1.5
12.08.2021 00:42:32.949,0.9218000000000001,0.92171,1,2.25
12.08.2021 00:42:33.051,0.9218000000000001,0.9217200000000001,1,1.12
12.08.2021 00:42:33.102,0.9218200000000001,0.9217299999999999,1.5,1
12.08.2021 00:42:33.355,0.9218299999999999,0.92174,1.5,1.12
12.08.2021 00:42:34.788,0.9218200000000001,0.9217299999999999,1,2.06
12.08.2021 00:43:20.239,0.92184,0.92174,1,1.87
12.08.2021 00:43:20.544,0.9218000000000001,0.92171,1.5,2.75
12.08.2021 00:43:20.646,0.9218200000000001,0.9217200000000001,1,1
12.08.2021 00:43:21.890,0.9218200000000001,0.9217299999999999,1,1.5
12.08.2021 00:43:24.996,0.9218299999999999,0.9217299999999999,1.57,1.5
12.08.2021 00:43:30.803,0.9218299999999999,0.92174,1.57,1
12.08.2021 00:43:59.861,0.9218200000000001,0.9217299999999999,1,1.5
12.08.2021 00:43:59.963,0.92179,0.9217000000000001,1.5,1.5
12.08.2021 00:44:04.675,0.9217799999999999,0.92169,1,1
12.08.2021 00:44:07.475,0.9217700000000001,0.92169,1,1
12.08.2021 00:44:07.577,0.9217799999999999,0.92169,1.76,1
12.08.2021 00:44:10.682,0.9217700000000001,0.9216799999999999,1,1.87
12.08.2021 00:44:34.312,0.92179,0.9216799999999999,1,1.5
12.08.2021 00:44:43.271,0.9217700000000001,0.92169,1,1
12.08.2021 00:46:11.954,0.9217799999999999,0.92169,1,1.87
12.08.2021 00:46:12.124,0.9218000000000001,0.92171,1,3.19
12.08.2021 00:46:12.225,0.9218200000000001,0.92171,1,1.69
12.08.2021 00:46:12.327,0.9218200000000001,0.9217299999999999,1,1
12.08.2021 00:46:20.564,0.9218000000000001,0.9217200000000001,1,1.12
12.08.2021 00:46:22.536,0.9218100000000001,0.9217200000000001,1.1,1.5
12.08.2021 00:46:32.917,0.9218100000000001,0.9217299999999999,1.1,1
12.08.2021 00:46:33.019,0.9218200000000001,0.92174,1.5,1
12.08.2021 00:46:54.685,0.92184,0.9217500000000001,1.5,1
12.08.2021 00:46:57.790,0.92184,0.9217600000000001,1,1
12.08.2021 00:47:02.973,0.9218500000000001,0.9217700000000001,1,1
12.08.2021 00:47:03.075,0.9218700000000001,0.9217600000000001,1,1.69
12.08.2021 00:47:03.337,0.9218799999999999,0.92179,1,1.5
12.08.2021 00:47:03.438,0.9219,0.9218000000000001,1.5,1
12.08.2021 00:47:07.716,0.92189,0.9218000000000001,1.5,1.12
12.08.2021 00:47:30.705,0.92189,0.9218100000000001,1,1
12.08.2021 00:47:30.806,0.9219,0.9218200000000001,1,1.31
12.08.2021 00:47:30.908,0.9219,0.92184,1,1
12.08.2021 00:47:37.655,0.9219299999999999,0.92184,1.5,1
12.08.2021 00:47:44.795,0.9219299999999999,0.9218500000000001,1,1
12.08.2021 00:47:49.901,0.92194,0.9218500000000001,1,1.69
12.08.2021 00:47:50.297,0.92198,0.9218799999999999,1,1
12.08.2021 00:47:50.398,0.92199,0.9219100000000001,1,1
12.08.2021 00:47:50.500,0.922,0.9219100000000001,1,1.57
12.08.2021 00:48:01.096,0.922,0.9219200000000001,1,1
12.08.2021 00:48:06.759,0.922,0.9219100000000001,1,1.57
12.08.2021 00:48:32.304,0.922,0.9219,1,1.5
12.08.2021 00:48:34.859,0.9219600000000001,0.9218799999999999,1.5,3
12.08.2021 00:48:34.910,0.9219600000000001,0.9218700000000001,1,2.62
12.08.2021 00:48:35.011,0.92194,0.9218700000000001,1,1
12.08.2021 00:48:35.112,0.92194,0.9218600000000001,1,1
12.08.2021 00:48:38.337,0.9219299999999999,0.9218600000000001,1,1
12.08.2021 00:48:44.046,0.9219299999999999,0.9218500000000001,1,1.5
12.08.2021 00:48:47.862,0.92194,0.9218600000000001,1,1
12.08.2021 00:49:36.700,0.9219299999999999,0.9218500000000001,1,1
12.08.2021 00:49:36.801,0.9219200000000001,0.92184,1,1.5
12.08.2021 00:49:58.367,0.9218799999999999,0.9218000000000001,1,2.25
12.08.2021 00:49:58.418,0.9218799999999999,0.92179,1,1.95
12.08.2021 00:49:58.520,0.9218700000000001,0.92179,1,1
12.08.2021 00:49:58.622,0.9218600000000001,0.92179,1,1
12.08.2021 00:49:58.966,0.9218600000000001,0.9217799999999999,1,1.5
12.08.2021 00:50:10.782,0.9219,0.9218200000000001,1,1.69
12.08.2021 00:50:10.883,0.9219100000000001,0.9218299999999999,1,1
12.08.2021 00:50:10.984,0.9219299999999999,0.9218299999999999,1,1
12.08.2021 00:50:11.085,0.9219299999999999,0.92184,1.5,1
12.08.2021 00:50:22.003,0.92189,0.9218200000000001,1,1
12.08.2021 00:50:22.104,0.9218799999999999,0.9218100000000001,1,1
12.08.2021 00:50:32.876,0.92189,0.9218100000000001,1,1
12.08.2021 00:50:45.506,0.9218799999999999,0.92179,1.57,1.12
12.08.2021 00:50:45.608,0.9218700000000001,0.9217799999999999,1,1.5
12.08.2021 00:50:45.709,0.9218600000000001,0.9217700000000001,1,1.5
12.08.2021 00:50:45.810,0.9218600000000001,0.9217600000000001,1,1
12.08.2021 00:51:01.575,0.9218500000000001,0.9217600000000001,1,1.69
12.08.2021 00:51:11.531,0.9218600000000001,0.9217700000000001,1.5,1
12.08.2021 00:52:26.810,0.9218600000000001,0.9217600000000001,1.69,1.5
12.08.2021 00:52:26.912,0.9218500000000001,0.9217600000000001,1,1.5
12.08.2021 00:52:35.404,0.9218600000000001,0.9217600000000001,1,1
12.08.2021 00:52:35.505,0.9218600000000001,0.9217700000000001,1.5,1
12.08.2021 00:52:45.088,0.9218500000000001,0.9217700000000001,1,1
12.08.2021 00:52:45.308,0.9218500000000001,0.9217600000000001,1,1.5
12.08.2021 00:53:20.552,0.92184,0.9217500000000001,1,1.5
12.08.2021 00:53:20.653,0.9218500000000001,0.9217500000000001,1.69,2.25
12.08.2021 00:53:38.718,0.92184,0.9217500000000001,1,2.25
12.08.2021 00:53:40.574,0.9218299999999999,0.92174,1,1
12.08.2021 00:53:40.677,0.9218200000000001,0.9217299999999999,1,1
12.08.2021 00:53:40.778,0.9218100000000001,0.9217299999999999,1,1
12.08.2021 00:53:43.510,0.9218299999999999,0.9217200000000001,1,1
12.08.2021 00:53:44.465,0.9218200000000001,0.9217200000000001,1,1
12.08.2021 00:53:44.567,0.9218100000000001,0.9217200000000001,1,1
12.08.2021 00:53:44.720,0.9218000000000001,0.9217200000000001,1,1
12.08.2021 00:53:44.821,0.9218000000000001,0.9217000000000001,2.32,1.5
12.08.2021 00:53:44.923,0.9217799999999999,0.9217000000000001,1,1
12.08.2021 00:53:45.024,0.92179,0.9217000000000001,1,1
12.08.2021 00:53:45.596,0.9217799999999999,0.9217000000000001,1,1
12.08.2021 00:53:46.292,0.9217799999999999,0.92169,1,1
12.08.2021 00:53:46.494,0.9217799999999999,0.9216799999999999,1.5,2.25
12.08.2021 00:53:50.260,0.9217700000000001,0.9216799999999999,1,1.5
12.08.2021 00:53:54.518,0.9217700000000001,0.9216700000000001,1.5,2.25
12.08.2021 00:53:54.619,0.9217600000000001,0.9216700000000001,1,2.25
12.08.2021 00:54:04.422,0.9217700000000001,0.9216700000000001,1.5,2.25
12.08.2021 00:54:07.225,0.9217700000000001,0.9216799999999999,1,1.69
12.08.2021 00:54:07.326,0.92179,0.9217000000000001,1,1.5
12.08.2021 00:54:07.427,0.9218100000000001,0.92171,1.5,1.5
12.08.2021 00:54:07.529,0.9218100000000001,0.9217200000000001,1,1
12.08.2021 00:54:07.580,0.9218299999999999,0.9217299999999999,1.57,1.5
12.08.2021 00:54:12.297,0.9218200000000001,0.9217200000000001,1.69,1.5
12.08.2021 00:54:12.407,0.9218100000000001,0.9217200000000001,1,1
12.08.2021 00:54:21.616,0.92179,0.9217000000000001,1,1.75
12.08.2021 00:54:21.667,0.92179,0.92169,1.69,1
12.08.2021 00:54:21.820,0.9217799999999999,0.92169,1,1
12.08.2021 00:54:26.957,0.9217799999999999,0.9216799999999999,1,1.5
12.08.2021 00:54:29.095,0.9217700000000001,0.9216700000000001,1,2.62
12.08.2021 00:54:29.247,0.9217600000000001,0.9216700000000001,1,1.5
12.08.2021 00:54:36.148,0.9217700000000001,0.9216700000000001,1.25,1.5
12.08.2021 00:54:36.917,0.9217799999999999,0.9216799999999999,1.5,1
12.08.2021 00:54:40.681,0.9217600000000001,0.9216700000000001,1,1.5
12.08.2021 00:54:52.199,0.9217700000000001,0.9216700000000001,1,1.5
12.08.2021 00:54:53.976,0.9217700000000001,0.9216799999999999,1,1
12.08.2021 00:54:54.380,0.9217799999999999,0.92166,1.5,1.69
12.08.2021 00:54:55.698,0.9217700000000001,0.9216799999999999,1,1
12.08.2021 00:55:00.060,0.9217700000000001,0.92169,1,1
12.08.2021 00:55:00.162,0.9217700000000001,0.9216799999999999,1.69,1
12.08.2021 00:55:00.364,0.9217799999999999,0.92169,1,1
12.08.2021 00:55:00.668,0.9217799999999999,0.9216700000000001,1.25,1
12.08.2021 00:55:00.821,0.9217700000000001,0.9216700000000001,1.5,1.5
12.08.2021 00:55:01.465,0.9217600000000001,0.9216700000000001,1,1
12.08.2021 00:55:14.666,0.9217500000000001,0.92166,1,1.5
12.08.2021 00:55:14.767,0.9217299999999999,0.9216500000000001,1,1.25
12.08.2021 00:55:16.701,0.92174,0.9216500000000001,1,1.5
12.08.2021 00:55:20.561,0.92171,0.92163,1,1
12.08.2021 00:55:20.662,0.9217000000000001,0.92161,1,1
12.08.2021 00:55:20.763,0.92169,0.92161,1,1
12.08.2021 00:55:21.517,0.92169,0.9216000000000001,1,1
12.08.2021 00:56:12.853,0.92174,0.9216500000000001,1,1.69
12.08.2021 00:56:12.955,0.9217700000000001,0.9216799999999999,1.25,3
12.08.2021 00:56:13.057,0.9217600000000001,0.92169,1,1
12.08.2021 00:56:20.579,0.9217500000000001,0.92166,1,1
12.08.2021 00:56:20.681,0.9217500000000001,0.9216700000000001,1,1
12.08.2021 00:56:20.896,0.92174,0.9216700000000001,1,1
12.08.2021 00:56:25.862,0.9217500000000001,0.9216700000000001,1,1
12.08.2021 00:56:59.000,0.92174,0.9216700000000001,1,1
12.08.2021 00:57:04.847,0.92171,0.92163,1,1
12.08.2021 00:57:04.949,0.9217000000000001,0.9216200000000001,1,1
12.08.2021 00:57:05.000,0.9216799999999999,0.9216200000000001,1,1
12.08.2021 00:57:05.101,0.9216799999999999,0.9216000000000001,1,1
12.08.2021 00:57:58.057,0.9216799999999999,0.92159,1.6,1.5
12.08.2021 00:57:58.180,0.9216700000000001,0.92159,1.1,1
12.08.2021 00:58:01.908,0.9216799999999999,0.92158,1.1,1
12.08.2021 00:58:11.894,0.9216799999999999,0.9216000000000001,1.57,1
12.08.2021 00:58:12.903,0.92169,0.9216000000000001,1.1,2.44
12.08.2021 00:58:13.881,0.92169,0.9216200000000001,1,1
12.08.2021 00:58:14.083,0.9217000000000001,0.9216200000000001,1.1,1
12.08.2021 00:58:14.372,0.9217000000000001,0.92163,1.1,1
12.08.2021 00:58:14.423,0.9217299999999999,0.92164,1.6,2.25
12.08.2021 00:58:14.524,0.9217299999999999,0.92164,1.57,1
12.08.2021 00:58:14.626,0.9217299999999999,0.92164,1.6,1
12.08.2021 00:58:15.444,0.9217299999999999,0.92164,1.57,1
12.08.2021 00:58:19.270,0.9217299999999999,0.9216500000000001,1.1,1
12.08.2021 00:58:24.881,0.9217500000000001,0.92166,1,1
12.08.2021 00:58:24.982,0.9217500000000001,0.92166,1.1,1
12.08.2021 00:58:34.767,0.9217500000000001,0.92166,1.1,1
12.08.2021 00:58:35.759,0.9217500000000001,0.92166,1.1,1
12.08.2021 00:58:36.927,0.9217600000000001,0.9216500000000001,1.1,1.5
12.08.2021 00:58:37.408,0.9217500000000001,0.92166,1.1,1.5
12.08.2021 00:58:53.858,0.92174,0.92164,1.1,1
12.08.2021 00:58:56.100,0.9217200000000001,0.92164,1.1,1
12.08.2021 00:58:56.393,0.9217299999999999,0.92164,1.1,2.25
12.08.2021 00:58:56.495,0.92174,0.92163,1.1,2.25
12.08.2021 00:58:57.149,0.9217299999999999,0.92164,1,2.25
12.08.2021 00:59:06.396,0.9217200000000001,0.92164,1,2.32
12.08.2021 00:59:06.750,0.92174,0.92163,1.5,2.25
12.08.2021 00:59:07.758,0.92174,0.9216500000000001,1,2.32
12.08.2021 00:59:07.860,0.9217500000000001,0.92166,1,1.1
12.08.2021 00:59:08.064,0.9217500000000001,0.9216700000000001,1,1
12.08.2021 00:59:11.331,0.9217600000000001,0.9216799999999999,1,1.5
12.08.2021 00:59:11.432,0.9217700000000001,0.9216799999999999,1,1.5
12.08.2021 00:59:16.858,0.9217700000000001,0.92169,1,1
12.08.2021 00:59:16.959,0.92179,0.9216799999999999,1,1.5
12.08.2021 00:59:17.061,0.92179,0.9217000000000001,1.5,1
12.08.2021 00:59:22.675,0.9217799999999999,0.92169,1,1.5
12.08.2021 00:59:24.207,0.92179,0.9217000000000001,2.32,1
12.08.2021 00:59:30.159,0.9217700000000001,0.9217000000000001,1,1
12.08.2021 00:59:30.261,0.9217600000000001,0.92169,1,1
12.08.2021 00:59:30.364,0.9217700000000001,0.9216700000000001,1,1
12.08.2021 00:59:30.516,0.9217600000000001,0.9216700000000001,1.5,1
12.08.2021 00:59:33.321,0.92174,0.92166,1,1
12.08.2021 00:59:33.422,0.92174,0.9216500000000001,1.1,1
12.08.2021 00:59:33.536,0.9217299999999999,0.92164,1.1,1.5
12.08.2021 00:59:33.643,0.9217299999999999,0.9216200000000001,1.69,1.5
12.08.2021 00:59:37.675,0.92171,0.92163,1,1
12.08.2021 00:59:43.971,0.9217299999999999,0.92164,1.5,1
12.08.2021 00:59:45.357,0.9217500000000001,0.9216700000000001,1,1
12.08.2021 00:59:46.131,0.9217500000000001,0.9216799999999999,1,1
12.08.2021 00:59:49.503,0.9217600000000001,0.9216799999999999,1,1
12.08.2021 00:59:57.073,0.9217600000000001,0.9216799999999999,1.1,1
12.08.2021 01:00:07.292,0.9217700000000001,0.9216700000000001,1.6,1.5
12.08.2021 01:00:09.007,0.9217700000000001,0.92166,1.6,1
12.08.2021 01:00:09.109,0.9217500000000001,0.92166,1.1,1.5
12.08.2021 01:00:09.363,0.9217500000000001,0.92166,1.1,1.5
12.08.2021 01:00:09.645,0.9217500000000001,0.9216500000000001,1.6,2.62
12.08.2021 01:00:09.797,0.9217299999999999,0.92164,1.1,1.5
12.08.2021 01:00:18.170,0.9217299999999999,0.92164,1.1,1
12.08.2021 01:00:18.272,0.9217299999999999,0.92163,1.6,1.5
12.08.2021 01:00:19.753,0.9217299999999999,0.92163,1.6,1.5
12.08.2021 01:00:28.576,0.9217000000000001,0.92161,1.1,1.5
12.08.2021 01:00:28.677,0.9217000000000001,0.92161,1.1,1.5
12.08.2021 01:00:29.981,0.92169,0.9216000000000001,1.35,1.5
12.08.2021 01:00:30.083,0.9216799999999999,0.92159,1.1,1.5
12.08.2021 01:00:30.234,0.9216700000000001,0.92159,1,1
12.08.2021 01:00:33.946,0.92166,0.92159,1,1
12.08.2021 01:00:34.413,0.92166,0.92158,1,1.5
12.08.2021 01:00:36.137,0.9216500000000001,0.92158,1,1
12.08.2021 01:00:36.238,0.9216500000000001,0.9215700000000001,1,1
12.08.2021 01:00:49.286,0.9216200000000001,0.9215500000000001,1,1
12.08.2021 01:00:49.387,0.92161,0.9215500000000001,1,1
12.08.2021 01:00:49.437,0.92161,0.9215200000000001,1,1
12.08.2021 01:00:49.539,0.9216000000000001,0.92151,1,1.5
12.08.2021 01:00:49.964,0.92161,0.92153,1,1
12.08.2021 01:00:50.065,0.9216200000000001,0.92153,1,1
12.08.2021 01:00:50.167,0.92161,0.9215200000000001,1,3.26
12.08.2021 01:00:50.269,0.9216200000000001,0.92153,1,1
12.08.2021 01:01:10.125,0.92166,0.9215700000000001,1.57,1
12.08.2021 01:01:12.581,0.9216700000000001,0.9215700000000001,1,1
12.08.2021 01:01:17.438,0.9216700000000001,0.92158,1,1
12.08.2021 01:01:25.067,0.9216700000000001,0.92159,1,1
12.08.2021 01:01:25.629,0.9217299999999999,0.92164,2,2.25
12.08.2021 01:01:25.680,0.9217299999999999,0.92164,1.5,2.25
12.08.2021 01:01:25.731,0.9217600000000001,0.92164,1,2.32
12.08.2021 01:01:25.782,0.9217299999999999,0.92164,1.25,1.5
12.08.2021 01:01:25.883,0.9217200000000001,0.92164,1,1
12.08.2021 01:01:25.985,0.9217200000000001,0.92163,1,1.5
12.08.2021 01:01:28.681,0.9217500000000001,0.92166,1.25,1.5
12.08.2021 01:01:34.687,0.9217600000000001,0.92166,1.5,1.5
12.08.2021 01:01:38.121,0.9217600000000001,0.9216700000000001,1,1
12.08.2021 01:01:42.039,0.9217600000000001,0.9216799999999999,1,1
12.08.2021 01:01:48.023,0.9217700000000001,0.9216799999999999,1,1
12.08.2021 01:01:48.174,0.9217799999999999,0.92169,1,1.5
12.08.2021 01:01:48.276,0.92179,0.9217000000000001,1,1.5
12.08.2021 01:02:03.198,0.9218200000000001,0.9217299999999999,1,1.5
12.08.2021 01:02:03.300,0.9218000000000001,0.92171,1,3
12.08.2021 01:02:03.401,0.92179,0.92171,1,1
12.08.2021 01:02:03.754,0.92179,0.9217000000000001,1,1
12.08.2021 01:02:07.700,0.92179,0.9217200000000001,1,1
12.08.2021 01:02:07.751,0.9218100000000001,0.9217200000000001,1,1
12.08.2021 01:02:16.400,0.92179,0.92169,1.76,1.87
12.08.2021 01:02:16.502,0.9217799999999999,0.92169,1.1,1.5
12.08.2021 01:02:16.603,0.9217700000000001,0.92169,1,1
12.08.2021 01:02:19.520,0.9217799999999999,0.92169,1.1,1
12.08.2021 01:02:24.128,0.9217700000000001,0.92169,1,1
12.08.2021 01:02:32.603,0.9217700000000001,0.9216799999999999,1,1
12.08.2021 01:02:32.653,0.9217500000000001,0.92166,1,1.57
12.08.2021 01:02:40.509,0.9217600000000001,0.92166,1,1.57
12.08.2021 01:02:44.810,0.9217700000000001,0.9216799999999999,1,1.5
12.08.2021 01:02:44.962,0.9217700000000001,0.92169,1,1
12.08.2021 01:02:49.675,0.9217799999999999,0.92169,1,1
12.08.2021 01:03:03.628,0.9217700000000001,0.92169,1,1
12.08.2021 01:03:03.730,0.9217600000000001,0.9216799999999999,1,1
12.08.2021 01:03:03.831,0.9217600000000001,0.9216700000000001,1,1
12.08.2021 01:03:04.629,0.9217299999999999,0.92164,1,3.82
12.08.2021 01:03:07.539,0.92174,0.9216500000000001,1,1
12.08.2021 01:03:10.186,0.9217500000000001,0.92166,3.19,1
12.08.2021 01:03:13.717,0.9217500000000001,0.9216700000000001,3.26,1
12.08.2021 01:03:14.617,0.9217600000000001,0.9216700000000001,1,1
12.08.2021 01:03:14.719,0.9217799999999999,0.9216799999999999,1.57,1
12.08.2021 01:03:31.675,0.9217700000000001,0.9216799999999999,2.51,1
12.08.2021 01:03:42.002,0.9217799999999999,0.92169,2.54,1
12.08.2021 01:04:00.741,0.9217799999999999,0.92169,2.25,1
12.08.2021 01:04:01.106,0.9217799999999999,0.9217000000000001,1,1
12.08.2021 01:04:03.187,0.9217799999999999,0.92169,1.57,1
12.08.2021 01:04:04.961,0.9217700000000001,0.9216799999999999,2.32,1
12.08.2021 01:04:05.062,0.9217600000000001,0.9216799999999999,1,1
12.08.2021 01:04:25.757,0.9217600000000001,0.9216700000000001,1.1,1
12.08.2021 01:05:01.722,0.9217500000000001,0.92166,1,2.25
12.08.2021 01:05:03.134,0.9217600000000001,0.9216700000000001,2.25,1
12.08.2021 01:05:12.038,0.9217799999999999,0.92169,2.25,1.5
12.08.2021 01:05:12.139,0.9217700000000001,0.9216799999999999,1.5,1
12.08.2021 01:05:14.733,0.9217799999999999,0.9217200000000001,1,1
12.08.2021 01:05:14.783,0.9218000000000001,0.9217299999999999,1,1.5
12.08.2021 01:05:14.834,0.9218299999999999,0.92174,1.5,2.25
12.08.2021 01:05:14.935,0.92184,0.9217500000000001,1.5,1.5
12.08.2021 01:05:16.165,0.92184,0.9217600000000001,1,1
12.08.2021 01:05:18.081,0.9218500000000001,0.9217600000000001,1.5,1.5
12.08.2021 01:05:22.545,0.9218600000000001,0.9217600000000001,1.5,2.25
12.08.2021 01:05:28.099,0.92184,0.9217500000000001,1.5,1
12.08.2021 01:05:28.201,0.92184,0.9217600000000001,1,1
12.08.2021 01:05:31.704,0.9218500000000001,0.9217600000000001,1.5,1.5
12.08.2021 01:05:40.571,0.92184,0.9217500000000001,1,1.5
12.08.2021 01:05:40.673,0.9218299999999999,0.9217500000000001,1,1
12.08.2021 01:05:42.205,0.92184,0.9217500000000001,1,1.5
12.08.2021 01:06:07.339,0.9218500000000001,0.9217600000000001,1.69,1
12.08.2021 01:06:59.528,0.92184,0.9217600000000001,1,1
12.08.2021 01:07:00.786,0.92184,0.92174,1.1,1
12.08.2021 01:07:00.887,0.9218200000000001,0.9217299999999999,1.5,1
12.08.2021 01:07:00.988,0.9218100000000001,0.9217200000000001,1,1
12.08.2021 01:07:03.175,0.9218200000000001,0.9217200000000001,1.25,1.5
12.08.2021 01:07:15.792,0.9218200000000001,0.9217299999999999,1,1
12.08.2021 01:07:21.732,0.9218200000000001,0.9217200000000001,1,2.25
12.08.2021 01:07:39.401,0.9218200000000001,0.9217299999999999,1,1
12.08.2021 01:07:44.055,0.9218100000000001,0.9217299999999999,1,1
12.08.2021 01:07:50.248,0.9218000000000001,0.9217299999999999,1,1
12.08.2021 01:07:50.351,0.9218100000000001,0.92171,1,1
12.08.2021 01:07:50.555,0.9218100000000001,0.9217200000000001,1,1
12.08.2021 01:07:52.271,0.9218299999999999,0.92174,1,2.25
12.08.2021 01:07:52.373,0.9218299999999999,0.9217500000000001,1,1
12.08.2021 01:07:53.620,0.9218299999999999,0.92174,1,2.25
12.08.2021 01:08:00.119,0.9218299999999999,0.9217600000000001,1,1
12.08.2021 01:08:00.257,0.92184,0.9217600000000001,1,1
12.08.2021 01:08:05.921,0.92184,0.9217700000000001,1,1
12.08.2021 01:08:22.067,0.9218500000000001,0.9217700000000001,1,1
12.08.2021 01:08:31.989,0.9218600000000001,0.9217799999999999,1,1
12.08.2021 01:08:32.141,0.9219100000000001,0.9218100000000001,1,1.5
12.08.2021 01:08:32.242,0.9219200000000001,0.9218299999999999,1.5,1
12.08.2021 01:08:32.344,0.92194,0.9218200000000001,2.51,2.25
12.08.2021 01:08:33.893,0.9219299999999999,0.92184,1.69,1
12.08.2021 01:08:49.923,0.9219299999999999,0.9218299999999999,1,1.5
12.08.2021 01:08:51.796,0.9219299999999999,0.9218200000000001,1.57,1
12.08.2021 01:08:52.506,0.9219299999999999,0.9218299999999999,2.32,1.5
12.08.2021 01:08:55.247,0.9219200000000001,0.9218299999999999,1,1
12.08.2021 01:08:58.638,0.9219200000000001,0.92184,1,1
12.08.2021 01:09:00.709,0.9219299999999999,0.92184,1,1.5
12.08.2021 01:09:03.023,0.92195,0.9218299999999999,2.32,2.25
12.08.2021 01:09:07.129,0.92194,0.9218299999999999,1,1.5
12.08.2021 01:09:07.281,0.9219200000000001,0.92184,1,1.5
12.08.2021 01:09:22.074,0.9219299999999999,0.92184,1,1.5
12.08.2021 01:09:40.029,0.92194,0.92184,2.44,2.25
12.08.2021 01:09:40.130,0.92194,0.9218500000000001,1.5,1
12.08.2021 01:09:42.184,0.92194,0.92184,2.25,1.5
12.08.2021 01:09:42.286,0.92194,0.9218500000000001,1.5,1.5
12.08.2021 01:09:59.889,0.9219299999999999,0.92184,1,2.25
12.08.2021 01:10:14.100,0.92189,0.92184,1,1.5
12.08.2021 01:10:14.150,0.9218799999999999,0.92179,1.5,1.5
12.08.2021 01:10:14.252,0.9218700000000001,0.9217700000000001,2.25,1.5
12.08.2021 01:10:14.353,0.9218600000000001,0.9217700000000001,1,1
12.08.2021 01:10:17.930,0.9218600000000001,0.9217600000000001,1.5,2.25
12.08.2021 01:10:19.222,0.9218600000000001,0.9217700000000001,1,1
12.08.2021 01:10:48.271,0.9218500000000001,0.9217700000000001,1,1
12.08.2021 01:11:14.180,0.9218500000000001,0.9217600000000001,1,1.5
12.08.2021 01:12:27.801,0.9218500000000001,0.9217700000000001,1,1
12.08.2021 01:12:27.903,0.9218600000000001,0.9217700000000001,1,2.32
12.08.2021 01:12:28.004,0.9219,0.9218100000000001,3.07,1
12.08.2021 01:12:28.257,0.9219,0.9218200000000001,1,1
12.08.2021 01:12:28.359,0.9219200000000001,0.9218299999999999,1.5,1.5
12.08.2021 01:12:28.510,0.9219200000000001,0.92184,1,1
12.08.2021 01:12:31.483,0.9219299999999999,0.92184,2.25,1
12.08.2021 01:12:59.741,0.9219299999999999,0.9218600000000001,1,1
12.08.2021 01:13:06.266,0.92194,0.9218600000000001,1.5,1
12.08.2021 01:13:30.817,0.92194,0.9218500000000001,1,1.5
12.08.2021 01:14:36.008,0.9219299999999999,0.9218500000000001,1,1
12.08.2021 01:14:36.109,0.9219299999999999,0.92184,1,1.5
12.08.2021 01:15:19.359,0.92194,0.92184,1.57,1.5
12.08.2021 01:15:22.248,0.92194,0.9218500000000001,1,1.5
12.08.2021 01:15:35.362,0.92195,0.9218500000000001,1.5,1.5
12.08.2021 01:15:42.903,0.92195,0.9218600000000001,1,1
12.08.2021 01:15:54.666,0.92194,0.9218600000000001,1,1
12.08.2021 01:15:55.708,0.92194,0.9218500000000001,1,1
12.08.2021 01:16:06.876,0.9219299999999999,0.9218500000000001,1,1
12.08.2021 01:16:09.496,0.92194,0.9218500000000001,1.5,1
12.08.2021 01:16:13.976,0.9219299999999999,0.9218500000000001,1,1
12.08.2021 01:16:14.078,0.92194,0.9218500000000001,1.5,1.5
12.08.2021 01:16:26.194,0.9219100000000001,0.9218500000000001,1,1
12.08.2021 01:16:26.245,0.9219,0.9218200000000001,2.25,1
12.08.2021 01:16:26.346,0.92189,0.9218100000000001,1.5,1.5
12.08.2021 01:16:26.498,0.92189,0.9218000000000001,1,1
12.08.2021 01:16:26.600,0.9218799999999999,0.9218000000000001,1,1
12.08.2021 01:16:26.804,0.92189,0.9218000000000001,1.5,1.5
12.08.2021 01:16:36.394,0.92189,0.9218100000000001,1.5,1
12.08.2021 01:18:06.049,0.92189,0.9218299999999999,1,1.5
12.08.2021 01:18:06.100,0.9219100000000001,0.9218299999999999,1,1.5
12.08.2021 01:18:06.201,0.9219200000000001,0.9218500000000001,1,1.5
12.08.2021 01:20:11.620,0.9219200000000001,0.92184,1,1
12.08.2021 01:22:15.999,0.9219299999999999,0.92184,1,1
12.08.2021 01:22:21.498,0.92194,0.9218500000000001,1.5,1
12.08.2021 01:22:30.245,0.9219299999999999,0.9218500000000001,1,1
12.08.2021 01:22:31.292,0.9219299999999999,0.92184,1.5,1
12.08.2021 01:22:31.848,0.9218799999999999,0.9218000000000001,1,2.62
12.08.2021 01:22:31.950,0.92189,0.9217799999999999,2.32,1
12.08.2021 01:22:32.051,0.9218799999999999,0.92179,2.91,1
12.08.2021 01:22:32.304,0.9218700000000001,0.9217799999999999,1.57,1
12.08.2021 01:23:01.655,0.9218600000000001,0.9217700000000001,1,1.1
12.08.2021 01:23:04.123,0.9218500000000001,0.9217600000000001,1,2.25
12.08.2021 01:23:15.856,0.9218600000000001,0.9217700000000001,1,1
12.08.2021 01:23:17.548,0.9218500000000001,0.9217600000000001,1,2.25
12.08.2021 01:23:19.497,0.92184,0.9217600000000001,1.1,1
12.08.2021 01:23:19.598,0.9218000000000001,0.92171,1.1,2.44
12.08.2021 01:23:19.701,0.9217799999999999,0.9217000000000001,1.5,1
12.08.2021 01:23:20.359,0.92179,0.9216799999999999,1.57,1
12.08.2021 01:23:31.234,0.9217700000000001,0.9216799999999999,1,1.1
12.08.2021 01:23:31.525,0.9217799999999999,0.92166,1.25,1.5
12.08.2021 01:23:31.627,0.9217600000000001,0.9216700000000001,1.57,1
12.08.2021 01:24:45.491,0.9217700000000001,0.9216700000000001,1.5,1.5
12.08.2021 01:24:50.399,0.9217600000000001,0.9216700000000001,1,1.5
12.08.2021 01:24:59.057,0.9217700000000001,0.9216700000000001,1.5,1.5
12.08.2021 01:25:00.081,0.9217700000000001,0.9216799999999999,1.5,1
12.08.2021 01:25:19.824,0.9217700000000001,0.9216700000000001,1.5,1.5
12.08.2021 01:25:21.745,0.9217700000000001,0.92166,1,1.5
12.08.2021 01:25:24.038,0.9217700000000001,0.9216700000000001,1.5,1
12.08.2021 01:25:35.910,0.9217700000000001,0.9216799999999999,1,1
12.08.2021 01:25:40.879,0.9217799999999999,0.9216799999999999,2.62,1
12.08.2021 01:26:40.938,0.9217700000000001,0.9216799999999999,1,1
12.08.2021 01:26:47.161,0.9217799999999999,0.9216799999999999,2.62,1.5
12.08.2021 01:27:09.563,0.9217799999999999,0.92169,2.62,1
12.08.2021 01:27:09.664,0.9218299999999999,0.92171,1,1.57
12.08.2021 01:27:09.765,0.9218500000000001,0.9217500000000001,1.76,1.5
12.08.2021 01:27:13.369,0.9218500000000001,0.9217600000000001,1.1,1
12.08.2021 01:28:08.352,0.9218500000000001,0.9217500000000001,1.57,2.25
12.08.2021 01:28:55.151,0.9218500000000001,0.9217600000000001,1,1
12.08.2021 01:29:03.352,0.9218600000000001,0.9217600000000001,2.25,1
12.08.2021 01:29:09.375,0.9218700000000001,0.9217700000000001,2.89,1.5
12.08.2021 01:30:21.397,0.9218600000000001,0.9217700000000001,1,1
12.08.2021 01:30:28.679,0.9218600000000001,0.9217600000000001,1.1,1.5
12.08.2021 01:30:31.321,0.9218500000000001,0.9217600000000001,1,1
12.08.2021 01:31:09.246,0.9218600000000001,0.9217600000000001,1.5,1.5
12.08.2021 01:31:10.566,0.9218700000000001,0.9217700000000001,2.14,1.5
12.08.2021 01:31:32.552,0.9218700000000001,0.9218100000000001,2.25,1
12.08.2021 01:31:32.998,0.9218700000000001,0.9217700000000001,2.25,1.5
12.08.2021 01:31:44.277,0.9218600000000001,0.9217700000000001,1,1
12.08.2021 01:31:55.002,0.9218700000000001,0.9217700000000001,2.25,1.5
12.08.2021 01:32:14.805,0.9218600000000001,0.9217700000000001,1,1
12.08.2021 01:33:05.360,0.9218600000000001,0.9217600000000001,1.5,1.5
12.08.2021 01:33:05.620,0.9218500000000001,0.9217600000000001,1,1.5
12.08.2021 01:33:18.344,0.9218600000000001,0.9217600000000001,1.5,1.5
12.08.2021 01:33:33.217,0.9218600000000001,0.9217700000000001,1.5,1
12.08.2021 01:33:59.688,0.9218299999999999,0.92174,1.5,1.5
12.08.2021 01:33:59.790,0.9218200000000001,0.9217299999999999,1.5,1.5
12.08.2021 01:34:15.226,0.9218200000000001,0.9217600000000001,1.5,1
12.08.2021 01:34:15.543,0.9218200000000001,0.9217299999999999,1.5,1.5
12.08.2021 01:34:17.878,0.9218200000000001,0.92174,1,1
12.08.2021 01:34:17.980,0.9218299999999999,0.92174,1.5,1.5
12.08.2021 01:34:19.640,0.9218200000000001,0.92174,1,1
12.08.2021 01:34:22.674,0.9218200000000001,0.9217299999999999,1,2.25
12.08.2021 01:34:48.215,0.9218100000000001,0.9217200000000001,1,1
12.08.2021 01:34:48.325,0.9218100000000001,0.92171,1.5,2.44
12.08.2021 01:34:54.974,0.92179,0.9217000000000001,1.5,1.5
12.08.2021 01:34:58.710,0.92179,0.92169,1.5,2.25
12.08.2021 01:35:00.105,0.9217700000000001,0.92169,1,1.5
12.08.2021 01:35:15.030,0.9217700000000001,0.9216799999999999,1,2.25
12.08.2021 01:35:27.895,0.9217600000000001,0.9216799999999999,1,1.5
12.08.2021 01:35:28.714,0.9217600000000001,0.9216700000000001,1.5,1.5
12.08.2021 01:35:33.987,0.92174,0.92166,1,1
12.08.2021 01:35:39.596,0.9217299999999999,0.9216500000000001,1,1
12.08.2021 01:35:44.815,0.9217500000000001,0.92164,2.25,1
12.08.2021 01:35:56.446,0.92174,0.92166,1.5,1
12.08.2021 01:36:03.241,0.9217500000000001,0.92166,1.5,1.1
12.08.2021 01:36:06.593,0.9217500000000001,0.9216799999999999,1,1
12.08.2021 01:38:52.274,0.9217600000000001,0.9216799999999999,1,1
12.08.2021 01:41:13.526,0.9217799999999999,0.9216700000000001,1.5,1.1
12.08.2021 01:41:33.508,0.9218000000000001,0.92171,1.5,2.25
12.08.2021 01:41:39.041,0.9218299999999999,0.92174,1,1
12.08.2021 01:41:40.087,0.9218299999999999,0.9217299999999999,1.5,2.32
12.08.2021 01:41:43.673,0.9218299999999999,0.92174,1,1
12.08.2021 01:42:01.603,0.92184,0.9217600000000001,1.25,1
12.08.2021 01:42:02.066,0.9218500000000001,0.9217600000000001,1,1
12.08.2021 01:42:08.030,0.9218600000000001,0.9217600000000001,1.5,1.57
12.08.2021 01:42:08.435,0.9218600000000001,0.9217700000000001,1,1
12.08.2021 01:42:10.799,0.9218600000000001,0.9217799999999999,1,1
12.08.2021 01:42:16.992,0.9218700000000001,0.9217600000000001,1,2.32
12.08.2021 01:42:22.303,0.9218500000000001,0.9217700000000001,1,1
12.08.2021 01:42:22.505,0.9218500000000001,0.9217600000000001,1,1
12.08.2021 01:42:40.637,0.9218500000000001,0.9217500000000001,1,1
12.08.2021 01:42:46.454,0.9218500000000001,0.92174,1,1.5
12.08.2021 01:42:46.606,0.9218299999999999,0.9217500000000001,1,1.5
12.08.2021 01:42:46.707,0.9218299999999999,0.9217299999999999,1,3.66
12.08.2021 01:42:46.808,0.9218299999999999,0.9217299999999999,1,3.64
12.08.2021 01:42:50.182,0.9218299999999999,0.92171,1,2.54
12.08.2021 01:42:50.283,0.92179,0.92171,1,1.2
12.08.2021 01:42:55.708,0.9218000000000001,0.92171,1,1.1
12.08.2021 01:43:09.590,0.9218100000000001,0.92171,1.5,1
12.08.2021 01:43:15.358,0.9218100000000001,0.9217200000000001,1,1.25
12.08.2021 01:43:15.460,0.9218299999999999,0.92174,1,1
12.08.2021 01:43:18.235,0.92184,0.9217700000000001,1,1
12.08.2021 01:43:18.287,0.92184,0.9217500000000001,1,1.76
12.08.2021 01:43:18.389,0.9218500000000001,0.9217700000000001,1,1
12.08.2021 01:43:36.575,0.9218500000000001,0.9217500000000001,1,1
12.08.2021 01:44:01.673,0.9218500000000001,0.9217600000000001,1,1
12.08.2021 01:45:01.987,0.9218500000000001,0.9217500000000001,1.5,1.5
12.08.2021 01:45:04.688,0.92184,0.9217500000000001,1,1.5
12.08.2021 01:45:32.072,0.9218600000000001,0.9217500000000001,1,1
12.08.2021 01:45:43.268,0.92184,0.9217600000000001,1,1
12.08.2021 01:45:43.369,0.9218500000000001,0.9217600000000001,1,1
12.08.2021 01:45:49.774,0.9218500000000001,0.9217500000000001,1.5,1.5
12.08.2021 01:46:57.057,0.92184,0.9217500000000001,1,1.5
12.08.2021 01:47:01.921,0.92184,0.9217600000000001,1,1
12.08.2021 01:47:22.404,0.9218500000000001,0.9217600000000001,1.5,1
12.08.2021 01:48:34.902,0.92184,0.9217600000000001,1,1
12.08.2021 01:49:30.925,0.92184,0.9217500000000001,1.5,1
12.08.2021 01:49:31.077,0.9218299999999999,0.9217500000000001,1.5,1
12.08.2021 01:49:31.178,0.9217799999999999,0.9217000000000001,1,1.5
12.08.2021 01:49:31.921,0.9218100000000001,0.9217000000000001,1.5,1
12.08.2021 01:50:06.424,0.9218100000000001,0.92171,1,1.39
12.08.2021 01:50:39.717,0.9217700000000001,0.92169,1,1.5
12.08.2021 01:50:39.818,0.9217600000000001,0.9216799999999999,1,1.5
12.08.2021 01:50:39.920,0.9217500000000001,0.9216799999999999,1,1
12.08.2021 01:51:12.112,0.9217500000000001,0.92166,1,1.57
12.08.2021 01:52:02.927,0.9217500000000001,0.9216500000000001,1,3.64
12.08.2021 01:52:05.306,0.9217500000000001,0.9216700000000001,1,1
12.08.2021 01:52:12.553,0.9217500000000001,0.92166,1,1.1
12.08.2021 01:52:15.549,0.9217500000000001,0.9216700000000001,1,1
12.08.2021 01:52:25.161,0.9217600000000001,0.9216500000000001,1,1.1
12.08.2021 01:52:29.827,0.9217500000000001,0.9216500000000001,1,4.01
12.08.2021 01:52:34.790,0.9217500000000001,0.9216500000000001,1,4.47
12.08.2021 01:52:36.515,0.9217600000000001,0.92166,1,1.01
12.08.2021 01:52:42.153,0.9217700000000001,0.9216799999999999,1,1
12.08.2021 01:52:42.255,0.9217799999999999,0.92169,1,1
12.08.2021 01:52:44.705,0.9217700000000001,0.92169,1,1
12.08.2021 01:52:44.965,0.9217799999999999,0.92169,1,1
12.08.2021 01:52:51.600,0.9217799999999999,0.9216700000000001,1.5,2.54
12.08.2021 01:52:51.702,0.9217700000000001,0.9216700000000001,1,1.76
12.08.2021 01:52:55.632,0.9217700000000001,0.9216799999999999,1.5,1
12.08.2021 01:52:56.219,0.9217600000000001,0.9216799999999999,1,1
12.08.2021 01:53:04.102,0.9217700000000001,0.9216799999999999,2.25,1
12.08.2021 01:53:38.495,0.9217700000000001,0.92169,1,1
12.08.2021 01:53:54.604,0.9217700000000001,0.9216799999999999,1.5,1
12.08.2021 01:54:03.596,0.92179,0.9216799999999999,1.5,1.5
12.08.2021 01:54:53.121,0.9217799999999999,0.9217000000000001,1.5,1
12.08.2021 01:54:53.172,0.9218000000000001,0.92171,1.5,1.5
12.08.2021 01:54:53.324,0.92179,0.92171,1,1.5
12.08.2021 01:54:53.425,0.9218000000000001,0.9217200000000001,1,1
12.08.2021 01:54:54.127,0.9218100000000001,0.9217200000000001,1.5,1.5
12.08.2021 01:54:59.171,0.9218000000000001,0.9217200000000001,1,1
12.08.2021 01:55:00.729,0.92179,0.9217000000000001,2.25,1
12.08.2021 01:55:00.880,0.9217700000000001,0.92169,1,1.5
12.08.2021 01:55:01.032,0.9217799999999999,0.92169,1.5,1.5
12.08.2021 01:55:27.151,0.9217700000000001,0.92169,1,1.5
12.08.2021 01:55:37.141,0.9217799999999999,0.92169,1.5,1.5
12.08.2021 01:55:37.452,0.9217700000000001,0.92169,1,1.5
12.08.2021 01:55:39.835,0.9217799999999999,0.92169,1.5,1.5
12.08.2021 01:55:39.936,0.9217700000000001,0.92169,1,1.5
12.08.2021 01:55:45.304,0.9217700000000001,0.9216799999999999,1,1.5
12.08.2021 01:55:49.501,0.9217700000000001,0.9216700000000001,1.5,1
12.08.2021 01:55:53.159,0.9217500000000001,0.9216700000000001,1,1.5
12.08.2021 01:56:31.143,0.9217700000000001,0.92166,1.5,1.5
12.08.2021 01:57:38.041,0.92171,0.92163,1,2
12.08.2021 01:57:38.144,0.9217200000000001,0.92164,1,1.5
12.08.2021 01:57:58.686,0.92174,0.9216500000000001,1,2.81
12.08.2021 01:57:58.787,0.92174,0.92166,1,1.5
12.08.2021 01:57:58.838,0.9217500000000001,0.9216799999999999,1,1
12.08.2021 01:58:15.856,0.9217600000000001,0.9216799999999999,1.5,1
12.08.2021 01:58:40.421,0.9217500000000001,0.9216799999999999,1,1
12.08.2021 01:58:48.759,0.9217600000000001,0.9216799999999999,1.5,1
12.08.2021 02:01:12.736,0.9217299999999999,0.9216500000000001,1.5,1
12.08.2021 02:01:17.147,0.9217500000000001,0.9216700000000001,1.5,1
12.08.2021 02:01:47.664,0.9217299999999999,0.92166,1,1
12.08.2021 02:01:47.815,0.9217299999999999,0.9216500000000001,1,1
12.08.2021 02:01:48.660,0.92174,0.9216700000000001,1,1
12.08.2021 02:01:48.762,0.9217299999999999,0.92166,1,1
12.08.2021 02:01:50.766,0.92174,0.92166,1.5,1
12.08.2021 02:01:59.219,0.92174,0.9216500000000001,1,1
12.08.2021 02:02:01.052,0.92174,0.92166,1.5,1
12.08.2021 02:02:01.460,0.9217500000000001,0.9216700000000001,1,1.5
12.08.2021 02:02:01.561,0.9217299999999999,0.9216700000000001,1,1
12.08.2021 02:02:06.613,0.92174,0.9216700000000001,1,1
12.08.2021 02:02:08.561,0.9217500000000001,0.9216700000000001,1.5,1
12.08.2021 02:02:08.662,0.9217299999999999,0.9216700000000001,1,1
12.08.2021 02:02:28.595,0.92174,0.9216700000000001,1,1
12.08.2021 02:02:30.326,0.9217000000000001,0.9216200000000001,1.5,1
12.08.2021 02:02:30.478,0.9217000000000001,0.9216000000000001,1,1.5
12.08.2021 02:02:30.579,0.92169,0.9216000000000001,1.5,2.25
12.08.2021 02:02:35.873,0.92169,0.92161,1.5,1
12.08.2021 02:02:46.473,0.9216799999999999,0.9216000000000001,1,1
12.08.2021 02:02:50.738,0.92169,0.92161,1,1
12.08.2021 02:02:52.348,0.9216799999999999,0.9216000000000001,1,1
12.08.2021 02:02:53.265,0.92169,0.92161,1,1
12.08.2021 02:03:03.511,0.9216799999999999,0.9216000000000001,1,1
12.08.2021 02:03:03.669,0.92169,0.92161,1,1
12.08.2021 02:03:04.225,0.9217299999999999,0.9216500000000001,1.57,1
12.08.2021 02:03:04.327,0.92174,0.9216500000000001,1.57,1
12.08.2021 02:03:06.255,0.9217299999999999,0.9216500000000001,1,1
12.08.2021 02:03:06.357,0.92174,0.92166,1.57,1
12.08.2021 02:03:28.374,0.92174,0.9216500000000001,1.57,1.12
12.08.2021 02:03:42.570,0.92169,0.9216200000000001,1,1
12.08.2021 02:03:42.671,0.92169,0.92161,1,1.12
12.08.2021 02:03:43.051,0.92169,0.9216000000000001,1,1.5
12.08.2021 02:03:44.812,0.9217299999999999,0.9216500000000001,1.12,1
12.08.2021 02:04:13.073,0.9217299999999999,0.92166,1,1
12.08.2021 02:04:13.815,0.9217500000000001,0.9216700000000001,2.44,1
12.08.2021 02:04:13.916,0.92174,0.92166,1,1.5
12.08.2021 02:04:14.068,0.92174,0.9216700000000001,1,1
12.08.2021 02:04:14.170,0.9217299999999999,0.92166,1,1
12.08.2021 02:04:14.271,0.9217299999999999,0.9216500000000001,1,1.87
12.08.2021 02:04:19.919,0.9217299999999999,0.92166,1,1
12.08.2021 02:04:20.020,0.92174,0.92166,1,1.5
12.08.2021 02:04:49.572,0.9217200000000001,0.9216500000000001,1,1.5
12.08.2021 02:04:51.691,0.92174,0.9216500000000001,1,1
12.08.2021 02:05:02.027,0.9217600000000001,0.9216799999999999,1.5,1
12.08.2021 02:05:02.078,0.92174,0.9216700000000001,1,1
12.08.2021 02:05:02.232,0.9217600000000001,0.92169,1,1.5
12.08.2021 02:05:03.091,0.9218100000000001,0.9217299999999999,1.62,1
12.08.2021 02:05:03.192,0.9218200000000001,0.92174,1.5,1
12.08.2021 02:06:03.504,0.9218299999999999,0.92174,1,1
12.08.2021 02:06:40.674,0.9218200000000001,0.92174,1,1.5
12.08.2021 02:07:40.087,0.92184,0.9217700000000001,1.5,1
12.08.2021 02:07:40.188,0.9218299999999999,0.9217500000000001,1,1.12
12.08.2021 02:07:40.239,0.92184,0.9217700000000001,1,1
12.08.2021 02:07:40.340,0.9218500000000001,0.9217700000000001,1,1
12.08.2021 02:07:43.611,0.9218500000000001,0.9217799999999999,1.5,1
12.08.2021 02:07:44.860,0.9218600000000001,0.9218100000000001,1,1
12.08.2021 02:07:44.962,0.9218799999999999,0.9218100000000001,1,1
12.08.2021 02:07:45.095,0.9218799999999999,0.9218200000000001,1,1
12.08.2021 02:07:48.755,0.9219100000000001,0.9218299999999999,1.5,1.5
12.08.2021 02:07:48.958,0.9219100000000001,0.92184,1,1
12.08.2021 02:07:49.111,0.9219299999999999,0.9218600000000001,1,1
12.08.2021 02:07:49.415,0.92194,0.9218700000000001,1,1
12.08.2021 02:07:49.768,0.92195,0.9218700000000001,1,1
12.08.2021 02:07:49.931,0.9219600000000001,0.92189,1,1
12.08.2021 02:07:51.895,0.92199,0.9219100000000001,1.57,1
12.08.2021 02:07:51.996,0.92199,0.9219200000000001,1,1
12.08.2021 02:08:31.574,0.922,0.9219200000000001,1,1.5
12.08.2021 02:10:01.505,0.92195,0.9218700000000001,1,1.12
12.08.2021 02:10:01.606,0.92194,0.9218600000000001,1,1
12.08.2021 02:10:01.707,0.9219299999999999,0.9218500000000001,1,1.5
12.08.2021 02:10:20.818,0.9219299999999999,0.9218299999999999,1,1.5
12.08.2021 02:10:31.794,0.9219299999999999,0.92184,1,1.5
12.08.2021 02:10:32.311,0.9219299999999999,0.9218500000000001,1,1.57
12.08.2021 02:10:32.412,0.92194,0.9218700000000001,1,1
12.08.2021 02:10:32.563,0.92194,0.9218600000000001,1,1
12.08.2021 02:11:00.911,0.92198,0.9219,1.5,1
12.08.2021 02:11:01.012,0.92199,0.9219100000000001,1,1
12.08.2021 02:11:01.114,0.922,0.9219200000000001,1,1
12.08.2021 02:12:05.355,0.9220100000000001,0.9219200000000001,1.5,1
12.08.2021 02:12:07.462,0.9220100000000001,0.9219299999999999,1,1
12.08.2021 02:12:07.708,0.9220200000000001,0.9219299999999999,1,1
12.08.2021 02:12:08.158,0.9220200000000001,0.92194,1,1
12.08.2021 02:12:08.310,0.92204,0.92195,1.5,1
12.08.2021 02:12:08.361,0.9220600000000001,0.92199,1.5,1
12.08.2021 02:12:08.412,0.92208,0.92199,1.5,1
12.08.2021 02:12:08.513,0.92209,0.922,2.51,1
12.08.2021 02:12:09.084,0.9220600000000001,0.92198,1,1
12.08.2021 02:12:09.185,0.92205,0.9219600000000001,1,1.5
12.08.2021 02:12:09.498,0.92204,0.92195,1,1
12.08.2021 02:12:13.421,0.9220600000000001,0.92195,1,1
12.08.2021 02:12:20.079,0.9220600000000001,0.9219700000000001,1.5,1
12.08.2021 02:12:41.023,0.92208,0.922,1.25,1
12.08.2021 02:12:41.125,0.92209,0.9220100000000001,1.5,1
12.08.2021 02:12:48.236,0.9221,0.92199,1.69,1
12.08.2021 02:12:52.674,0.92209,0.9220100000000001,1,1
12.08.2021 02:12:58.021,0.9221,0.9220100000000001,1.5,1
12.08.2021 02:13:43.262,0.9221,0.9220200000000001,1.5,1
12.08.2021 02:14:11.579,0.9221200000000002,0.9220100000000001,1,1
12.08.2021 02:14:13.095,0.9221100000000001,0.92203,1,1
12.08.2021 02:14:13.196,0.9221100000000001,0.9220200000000001,1,1
12.08.2021 02:14:13.297,0.92213,0.92203,1.69,1
12.08.2021 02:14:14.757,0.9221,0.9220200000000001,1.25,1
12.08.2021 02:14:14.909,0.9221100000000001,0.9220200000000001,2.81,1
12.08.2021 02:14:19.674,0.9221,0.9220200000000001,1,1
12.08.2021 02:14:20.494,0.9221100000000001,0.9220200000000001,1,1
12.08.2021 02:14:20.646,0.9221200000000002,0.92203,1,1
12.08.2021 02:14:23.419,0.9221100000000001,0.92203,1,1
12.08.2021 02:14:32.173,0.9221200000000002,0.92203,1.5,1
12.08.2021 02:14:37.281,0.9221100000000001,0.9220200000000001,1.69,1
12.08.2021 02:14:42.401,0.9221200000000002,0.92203,1.5,1
12.08.2021 02:14:46.380,0.92213,0.92204,1.69,1
12.08.2021 02:14:46.482,0.9221200000000002,0.92203,1,1.5
12.08.2021 02:14:47.421,0.92213,0.92204,1.5,1
12.08.2021 02:14:48.219,0.9221200000000002,0.92203,1.25,1.5
12.08.2021 02:14:48.675,0.92213,0.92204,1.69,1
12.08.2021 02:14:48.878,0.92213,0.9220200000000001,1.25,1.5
12.08.2021 02:14:52.147,0.92213,0.9220200000000001,2.5,1
12.08.2021 02:14:56.678,0.9221200000000002,0.92203,1.5,1
12.08.2021 02:15:00.296,0.9221100000000001,0.92203,1,1
12.08.2021 02:15:00.802,0.9221200000000002,0.92203,1.69,1
12.08.2021 02:15:11.409,0.9221,0.92203,1,1
12.08.2021 02:15:18.162,0.9221100000000001,0.9220100000000001,1,1
12.08.2021 02:15:39.965,0.9221100000000001,0.9220200000000001,1,1
12.08.2021 02:15:49.538,0.9221100000000001,0.92203,1,1
12.08.2021 02:15:56.595,0.9221,0.92203,1,1
12.08.2021 02:16:08.850,0.9221,0.9220200000000001,1,1
12.08.2021 02:16:12.447,0.9221200000000002,0.92203,1.5,1
12.08.2021 02:16:22.374,0.92215,0.92208,3,1
12.08.2021 02:16:22.475,0.9221700000000002,0.92208,1.5,1.5
12.08.2021 02:16:22.526,0.92218,0.9221,1.25,1
12.08.2021 02:16:23.459,0.92219,0.9221,1.25,1
12.08.2021 02:16:25.569,0.9222,0.9221100000000001,4,1
12.08.2021 02:16:32.819,0.92218,0.9221100000000001,1,1
12.08.2021 02:16:37.008,0.92218,0.9221,1.25,1
12.08.2021 02:16:37.160,0.92214,0.9220600000000001,1,1
12.08.2021 02:16:37.261,0.92213,0.9220600000000001,1,1
12.08.2021 02:16:37.312,0.92213,0.92204,1.5,1
12.08.2021 02:16:38.000,0.92213,0.92203,1,1
12.08.2021 02:16:46.772,0.92214,0.92205,1.25,3
12.08.2021 02:16:46.974,0.92213,0.92205,1,1
12.08.2021 02:16:47.551,0.92213,0.92204,1,1
12.08.2021 02:16:50.322,0.9221200000000002,0.92203,1,1.1
12.08.2021 02:16:58.063,0.92213,0.92204,1.5,1
12.08.2021 02:17:03.075,0.9221200000000002,0.92203,2.44,1
12.08.2021 02:17:08.089,0.9221100000000001,0.9220200000000001,1,1
12.08.2021 02:17:25.787,0.9221,0.9220200000000001,1.25,1
12.08.2021 02:17:45.970,0.9221,0.9220100000000001,1.69,1
12.08.2021 02:18:36.703,0.92209,0.9220100000000001,1,1
12.08.2021 02:18:36.905,0.92205,0.92198,1,1
12.08.2021 02:18:37.006,0.92205,0.9219600000000001,1,1
12.08.2021 02:18:57.992,0.9220200000000001,0.92194,1,1.12
12.08.2021 02:18:58.093,0.92203,0.92194,1.5,1.5
12.08.2021 02:19:16.464,0.9220200000000001,0.9219299999999999,1,1.5
12.08.2021 02:19:18.449,0.9220100000000001,0.9219200000000001,1,1.5
12.08.2021 02:19:24.354,0.9220200000000001,0.9219299999999999,1.5,1
12.08.2021 02:19:56.629,0.9220200000000001,0.9219100000000001,1.5,1
12.08.2021 02:20:00.085,0.9220100000000001,0.9219299999999999,1,1
12.08.2021 02:20:27.861,0.9220100000000001,0.9219200000000001,1.5,1
12.08.2021 02:21:30.344,0.922,0.9219100000000001,1,1.87
12.08.2021 02:21:31.712,0.9220100000000001,0.9219200000000001,2.44,1
12.08.2021 02:21:45.602,0.922,0.9219100000000001,1,1.87
12.08.2021 02:21:46.900,0.9219700000000001,0.9218700000000001,1,1.62
12.08.2021 02:21:46.951,0.9219600000000001,0.9218600000000001,1,1.12
12.08.2021 02:21:47.052,0.92194,0.9218600000000001,1,1
12.08.2021 02:21:47.153,0.92194,0.9218500000000001,1,1.5
12.08.2021 02:21:49.541,0.92195,0.9218500000000001,1.5,1.5
12.08.2021 02:21:53.704,0.92195,0.9218600000000001,1.5,1
12.08.2021 02:21:58.674,0.92195,0.92184,1,1.5
12.08.2021 02:22:06.757,0.92199,0.92189,1.62,1.5
12.08.2021 02:22:06.858,0.9220100000000001,0.9219100000000001,2.44,1
12.08.2021 02:22:42.108,0.9220100000000001,0.9219200000000001,2.06,1
12.08.2021 02:25:25.194,0.9219700000000001,0.9218700000000001,1,2.37
12.08.2021 02:25:25.246,0.9219600000000001,0.9218700000000001,1,2
12.08.2021 02:25:25.297,0.92198,0.92189,1.57,1
12.08.2021 02:25:25.348,0.9219600000000001,0.92189,1,1
12.08.2021 02:25:26.239,0.9219700000000001,0.9218700000000001,1,1
12.08.2021 02:25:41.529,0.9219600000000001,0.9218700000000001,1.5,1
12.08.2021 02:27:30.788,0.9219600000000001,0.9218600000000001,1.5,1.5
12.08.2021 02:27:36.427,0.9219299999999999,0.9218500000000001,1,1
12.08.2021 02:27:36.529,0.92195,0.9218500000000001,1.5,1.57
12.08.2021 02:27:36.630,0.92195,0.9218500000000001,1.5,1.6
12.08.2021 02:28:23.140,0.92195,0.9218700000000001,1,1
12.08.2021 02:28:23.191,0.92199,0.92189,1.5,1.95
12.08.2021 02:28:23.292,0.922,0.9219100000000001,1.12,1
12.08.2021 02:28:25.863,0.922,0.9219,1.5,1.76
12.08.2021 02:28:47.401,0.922,0.9219,1.5,1.6
12.08.2021 02:28:49.657,0.9220100000000001,0.9219100000000001,1.5,1.97
12.08.2021 02:28:49.758,0.9220200000000001,0.9219299999999999,1,1.5
12.08.2021 02:28:49.859,0.9220100000000001,0.9219299999999999,1,1
12.08.2021 02:28:49.910,0.9220100000000001,0.9219100000000001,1.5,1.57
12.08.2021 02:28:50.062,0.922,0.9219100000000001,1,1.57
12.08.2021 02:29:02.327,0.9220100000000001,0.9219299999999999,1,1
12.08.2021 02:29:02.428,0.9220100000000001,0.9219100000000001,1.5,1.95
12.08.2021 02:29:13.888,0.922,0.9219100000000001,1,1
12.08.2021 02:30:02.398,0.9220100000000001,0.9219100000000001,1.12,1
12.08.2021 02:30:02.765,0.92195,0.9218799999999999,1,1
12.08.2021 02:30:02.866,0.9219600000000001,0.9218700000000001,1,1
12.08.2021 02:30:02.968,0.92194,0.9218500000000001,1,1.57
12.08.2021 02:30:03.186,0.92195,0.9218500000000001,1.12,1
12.08.2021 02:30:05.205,0.92194,0.9218500000000001,1,1
12.08.2021 02:30:05.810,0.9219299999999999,0.92184,1,1.95
12.08.2021 02:30:17.811,0.92194,0.92184,1,1.95
12.08.2021 02:30:18.573,0.92194,0.9218299999999999,1,1.95
12.08.2021 02:30:23.765,0.9219299999999999,0.9218200000000001,1,1.5
12.08.2021 02:30:28.196,0.9219100000000001,0.9218200000000001,1,1.5
12.08.2021 02:31:18.924,0.9219100000000001,0.9218299999999999,1,1
12.08.2021 02:31:25.780,0.9219100000000001,0.9218200000000001,1,1.5
12.08.2021 02:31:52.201,0.9219100000000001,0.9218299999999999,1,1
12.08.2021 02:32:05.130,0.9219100000000001,0.9218200000000001,1,1.5
12.08.2021 02:32:07.957,0.9218600000000001,0.9217799999999999,1,1.62
12.08.2021 02:32:08.008,0.9218600000000001,0.9217799999999999,1,1
12.08.2021 02:32:08.109,0.9218600000000001,0.9217700000000001,1.1,1
12.08.2021 02:32:13.707,0.9218600000000001,0.9217500000000001,1,1.5
12.08.2021 02:32:13.951,0.92184,0.9217600000000001,1,1
12.08.2021 02:32:16.817,0.9218500000000001,0.9217600000000001,1,1.5
12.08.2021 02:32:28.970,0.9218299999999999,0.9217600000000001,1,1
12.08.2021 02:32:33.268,0.9218500000000001,0.9217600000000001,1,1.5
12.08.2021 02:32:46.333,0.92184,0.9217600000000001,1,1
12.08.2021 02:33:02.551,0.9218299999999999,0.9217600000000001,1,1
12.08.2021 02:33:11.802,0.92184,0.9217600000000001,1,1.5
12.08.2021 02:33:28.592,0.9218500000000001,0.9217600000000001,1,1
12.08.2021 02:33:32.938,0.9218500000000001,0.9217500000000001,1.5,1.5
12.08.2021 02:34:33.745,0.9218500000000001,0.9217600000000001,1,1
12.08.2021 02:34:35.687,0.92184,0.9217500000000001,1.1,1
12.08.2021 02:34:35.789,0.92184,0.92174,3.64,1
12.08.2021 02:34:35.890,0.92184,0.92174,3.66,1
12.08.2021 02:34:36.199,0.9218200000000001,0.92174,1,1
12.08.2021 02:34:40.717,0.9218200000000001,0.9217299999999999,1,1
12.08.2021 02:35:01.658,0.9218299999999999,0.92174,1,1
12.08.2021 02:35:01.810,0.9218500000000001,0.9217500000000001,1.79,1
12.08.2021 02:35:01.911,0.9218500000000001,0.9217500000000001,1.5,1
12.08.2021 02:35:28.946,0.9218299999999999,0.9217200000000001,2.44,1
12.08.2021 02:35:29.199,0.9218100000000001,0.9217200000000001,1,1
12.08.2021 02:35:30.356,0.9217799999999999,0.92169,1,1.25
12.08.2021 02:35:30.458,0.9217799999999999,0.9216799999999999,1,2.06
12.08.2021 02:35:41.761,0.9217700000000001,0.9216799999999999,1,1
12.08.2021 02:35:46.278,0.9217799999999999,0.92166,1.5,1.57
12.08.2021 02:35:52.069,0.9217600000000001,0.9216700000000001,1,1
12.08.2021 02:35:58.707,0.9217700000000001,0.9216700000000001,1.5,1.5
12.08.2021 02:36:18.150,0.9217600000000001,0.9216700000000001,1,1
12.08.2021 02:36:32.299,0.9217700000000001,0.9216799999999999,1,1
12.08.2021 02:36:32.602,0.9217799999999999,0.9216799999999999,1.5,1.5
12.08.2021 02:36:43.674,0.92179,0.9216799999999999,1,1
12.08.2021 02:36:48.603,0.9217700000000001,0.9216700000000001,1.5,2.14
12.08.2021 02:36:53.369,0.9217700000000001,0.9216799999999999,1.5,1
12.08.2021 02:37:01.982,0.9217600000000001,0.9216799999999999,1,1
12.08.2021 02:37:13.926,0.9217600000000001,0.9216700000000001,1,1
12.08.2021 02:37:25.834,0.9217700000000001,0.9216500000000001,1.5,1.5
12.08.2021 02:38:59.340,0.9217500000000001,0.9216500000000001,1,1.87
12.08.2021 02:38:59.492,0.9217600000000001,0.92166,4.31,1
12.08.2021 02:39:12.225,0.92174,0.92166,1,1
12.08.2021 02:39:16.590,0.92174,0.9216500000000001,1,1.2
12.08.2021 02:39:24.993,0.9217600000000001,0.92166,1.5,1
12.08.2021 02:39:29.966,0.9217500000000001,0.9216700000000001,1,1
12.08.2021 02:40:31.542,0.9217600000000001,0.92166,2.25,2.25
12.08.2021 02:40:56.217,0.9217500000000001,0.92166,1,1.5
12.08.2021 02:41:11.316,0.9217500000000001,0.9216500000000001,2.32,1.5
12.08.2021 02:41:11.417,0.92174,0.9216500000000001,1.57,1
12.08.2021 02:41:11.518,0.9217299999999999,0.92164,1,1
12.08.2021 02:41:11.620,0.9217299999999999,0.9216200000000001,1,1
12.08.2021 02:41:11.721,0.9217200000000001,0.9216200000000001,1.5,1.57
12.08.2021 02:41:12.723,0.92171,0.9216200000000001,1,1.5
12.08.2021 02:41:25.658,0.92171,0.92161,2.62,1.5
12.08.2021 02:41:33.996,0.9217299999999999,0.92163,2.81,2.25
12.08.2021 02:41:34.097,0.92174,0.9216500000000001,1,1.5
12.08.2021 02:41:53.967,0.9217600000000001,0.92164,1.5,2.32
12.08.2021 02:42:25.718,0.9217500000000001,0.92166,1.5,1
12.08.2021 02:42:46.031,0.92174,0.92166,1,1
12.08.2021 02:42:48.517,0.92174,0.9216500000000001,1,1.5
12.08.2021 02:43:19.556,0.9217500000000001,0.9216500000000001,1.5,2.32
12.08.2021 02:44:44.305,0.9217500000000001,0.9216700000000001,1,1
12.08.2021 02:45:18.220,0.9217500000000001,0.92166,1,1.5
12.08.2021 02:45:25.794,0.9217000000000001,0.92164,1,11.44
12.08.2021 02:45:25.864,0.9217500000000001,0.92166,1,1.5
12.08.2021 02:45:45.209,0.92174,0.92166,1,1
12.08.2021 02:45:52.490,0.92174,0.9216500000000001,1.5,1
12.08.2021 02:45:52.641,0.9217200000000001,0.9216000000000001,2.25,1.5
12.08.2021 02:45:52.743,0.92169,0.9216000000000001,1.5,1
12.08.2021 02:45:57.589,0.9217000000000001,0.92161,1.5,1
12.08.2021 02:45:57.690,0.92171,0.9216200000000001,1,1
12.08.2021 02:46:19.975,0.92171,0.92161,2.25,2.51
12.08.2021 02:46:20.077,0.92171,0.9216200000000001,1.5,1
12.08.2021 02:46:20.178,0.92171,0.92161,1,2.32
12.08.2021 02:46:31.720,0.92171,0.9216200000000001,1,1
12.08.2021 02:46:40.174,0.92171,0.92161,1,2.32
12.08.2021 02:46:45.073,0.92169,0.9216000000000001,1,1.76
12.08.2021 02:47:02.252,0.9216799999999999,0.9216000000000001,1,1.5
12.08.2021 02:47:02.354,0.9216700000000001,0.9216000000000001,1,1
12.08.2021 02:47:02.405,0.9216700000000001,0.92158,1,1.57
12.08.2021 02:47:38.163,0.9216799999999999,0.92159,1.5,1
12.08.2021 02:47:38.265,0.9216700000000001,0.9215700000000001,1,2.32
12.08.2021 02:47:59.926,0.9216799999999999,0.92158,2.25,1
12.08.2021 02:48:15.275,0.92166,0.9215700000000001,1,1.57
12.08.2021 02:48:15.427,0.92166,0.92156,1.5,2.25
12.08.2021 02:48:15.579,0.9216500000000001,0.92156,1,1.5
12.08.2021 02:48:52.051,0.9216500000000001,0.9215700000000001,1,1
12.08.2021 02:48:58.995,0.9216500000000001,0.92156,1,1.57
12.08.2021 02:49:52.318,0.92166,0.92156,1,1.57
12.08.2021 02:51:47.697,0.92166,0.9215700000000001,1.5,1
12.08.2021 02:53:23.102,0.9216700000000001,0.9215700000000001,1.5,1
12.08.2021 02:53:24.778,0.9216799999999999,0.92159,1.5,1.5
12.08.2021 02:53:40.778,0.9216799999999999,0.92158,2.25,2.32
12.08.2021 02:53:40.828,0.92166,0.92158,1,1.5
12.08.2021 02:53:43.846,0.92169,0.92159,1.5,1.57
12.08.2021 02:53:44.148,0.9216799999999999,0.92159,1,1.57
12.08.2021 02:53:44.300,0.9216799999999999,0.92158,1,1.5
12.08.2021 02:53:49.222,0.9216799999999999,0.92159,1,1.5
12.08.2021 02:53:53.283,0.92169,0.92159,1.5,1.5
12.08.2021 02:53:54.882,0.9216799999999999,0.92159,1,1.5
12.08.2021 02:54:08.730,0.9216700000000001,0.92159,1,1.5
12.08.2021 02:54:15.869,0.9216500000000001,0.92159,1,1.5
12.08.2021 02:54:24.924,0.92166,0.9215700000000001,1,1
12.08.2021 02:54:35.798,0.92166,0.92158,1,1
12.08.2021 02:54:47.522,0.9216700000000001,0.92158,1,1
12.08.2021 02:54:50.629,0.9216700000000001,0.92159,1,1
12.08.2021 02:55:07.875,0.9216700000000001,0.92158,1,1
12.08.2021 02:55:10.261,0.92166,0.92158,1,1
12.08.2021 02:55:18.516,0.92166,0.9215700000000001,1,1
12.08.2021 02:56:20.370,0.92166,0.92158,1,1
12.08.2021 02:56:22.716,0.9216799999999999,0.9215700000000001,1,1
12.08.2021 02:56:40.247,0.9216700000000001,0.92159,1,1
12.08.2021 02:56:47.754,0.9216799999999999,0.9215700000000001,1,1
12.08.2021 02:56:48.137,0.92166,0.92158,1,1
12.08.2021 02:57:04.413,0.9216700000000001,0.92159,1,1
12.08.2021 02:57:28.114,0.9216799999999999,0.9215700000000001,1,1
12.08.2021 02:58:22.029,0.92169,0.9215700000000001,1.5,1
12.08.2021 02:58:23.101,0.9216799999999999,0.92159,1,1
12.08.2021 02:58:31.972,0.92169,0.92159,1.5,1
12.08.2021 02:58:40.249,0.9217200000000001,0.92163,1.6,1.87
12.08.2021 02:58:40.350,0.9217299999999999,0.92164,1,1.25
12.08.2021 02:58:40.401,0.9217500000000001,0.9216500000000001,1,1
12.08.2021 02:58:43.769,0.9217600000000001,0.92166,1.76,1
12.08.2021 02:58:45.437,0.9217700000000001,0.9216500000000001,1,2
12.08.2021 02:58:45.643,0.9217600000000001,0.92166,1,1.5
12.08.2021 02:58:50.689,0.9217799999999999,0.92166,1.87,1.5
12.08.2021 02:59:00.105,0.9217799999999999,0.9216799999999999,1.5,1
12.08.2021 02:59:01.109,0.9218200000000001,0.9217200000000001,1.62,1.5
12.08.2021 02:59:01.160,0.9218200000000001,0.9217200000000001,1.12,1.5
12.08.2021 02:59:01.261,0.9218200000000001,0.9217299999999999,1,1
12.08.2021 02:59:06.116,0.92184,0.9217200000000001,1,1.5
12.08.2021 02:59:16.673,0.9218299999999999,0.92174,1,1
12.08.2021 02:59:35.800,0.9218200000000001,0.92174,1,1
12.08.2021 02:59:43.537,0.9218299999999999,0.92174,1,1
12.08.2021 02:59:44.851,0.9218299999999999,0.9217299999999999,1,2.32
12.08.2021 03:00:01.244,0.9217799999999999,0.9216799999999999,1,2.89
12.08.2021 03:00:01.346,0.9217600000000001,0.9216799999999999,1,1
12.08.2021 03:00:01.397,0.9217500000000001,0.92166,1,1.1
12.08.2021 03:00:02.511,0.9217500000000001,0.9216500000000001,1.5,1.01
12.08.2021 03:00:02.612,0.9217500000000001,0.92166,1,1
12.08.2021 03:00:13.458,0.9217500000000001,0.9216500000000001,1.5,1.25
12.08.2021 03:00:14.430,0.9217200000000001,0.9216500000000001,1,1
12.08.2021 03:00:14.532,0.9217200000000001,0.92164,1,1
12.08.2021 03:00:19.490,0.92174,0.92164,1.5,1.57
12.08.2021 03:00:22.951,0.9217299999999999,0.92163,1,2.51
12.08.2021 03:00:28.208,0.9217200000000001,0.92163,1,2.32
12.08.2021 03:00:28.259,0.92169,0.9216000000000001,1,1.12
12.08.2021 03:00:28.361,0.9216799999999999,0.9216000000000001,1,1
12.08.2021 03:00:28.462,0.9216799999999999,0.92159,1,1
12.08.2021 03:00:28.564,0.9216799999999999,0.92158,1,1
12.08.2021 03:00:31.527,0.92166,0.92159,1,1
12.08.2021 03:00:44.028,0.9216700000000001,0.92159,1,1
12.08.2021 03:00:57.176,0.9216700000000001,0.9215700000000001,1,1
12.08.2021 03:00:57.278,0.92166,0.9215700000000001,1,1
12.08.2021 03:00:57.532,0.92166,0.92156,1.5,1.76
12.08.2021 03:00:59.526,0.9216500000000001,0.92156,1,1
12.08.2021 03:01:02.046,0.92161,0.92153,1,1.12
12.08.2021 03:01:02.097,0.9216000000000001,0.92151,1,1.5
12.08.2021 03:01:02.248,0.92159,0.92151,1,1
12.08.2021 03:01:02.462,0.92163,0.92154,1,5.19
12.08.2021 03:01:02.564,0.92164,0.9215500000000001,1,1.12
12.08.2021 03:01:02.615,0.92166,0.92156,1.5,1.25
12.08.2021 03:01:22.723,0.9216500000000001,0.92156,1,1
12.08.2021 03:01:22.976,0.92164,0.92154,1,1.5
12.08.2021 03:01:23.077,0.92164,0.9215200000000001,1,2.14
12.08.2021 03:02:02.833,0.92163,0.9215500000000001,1.5,1
12.08.2021 03:02:18.062,0.92163,0.92154,1,1
12.08.2021 03:02:18.603,0.92163,0.9215500000000001,1.5,1
12.08.2021 03:02:20.550,0.9216500000000001,0.92156,1.5,1.1
12.08.2021 03:02:30.047,0.9216500000000001,0.92158,1,1
12.08.2021 03:02:41.878,0.92166,0.92158,1,1
12.08.2021 03:02:41.980,0.9216700000000001,0.92159,1,1
12.08.2021 03:03:00.096,0.9216700000000001,0.92158,2.25,1
12.08.2021 03:03:23.227,0.92166,0.92158,1,1
12.08.2021 03:03:31.365,0.92166,0.9215700000000001,1.5,1
12.08.2021 03:04:27.522,0.9216200000000001,0.9215500000000001,1,1.12
12.08.2021 03:04:27.573,0.9216200000000001,0.92153,1.5,1.5
12.08.2021 03:04:27.675,0.9216000000000001,0.92151,1.5,1.1
12.08.2021 03:04:28.693,0.92159,0.9215000000000001,1,1.35
12.08.2021 03:04:32.760,0.9216000000000001,0.92149,1,1.1
12.08.2021 03:04:33.902,0.92158,0.9215000000000001,1,1.1
12.08.2021 03:04:46.414,0.9216000000000001,0.92149,1.5,1.57
12.08.2021 03:04:53.178,0.9216000000000001,0.9215000000000001,1.5,2.51
12.08.2021 03:05:17.206,0.9216000000000001,0.9215200000000001,1.5,1
12.08.2021 03:05:50.917,0.92161,0.9215000000000001,1,1
12.08.2021 03:05:51.228,0.9216200000000001,0.9215000000000001,1.5,1.69
12.08.2021 03:05:51.381,0.92166,0.92156,8.35,1
12.08.2021 03:05:51.483,0.92166,0.92156,1.5,1.57
12.08.2021 03:05:51.584,0.9216700000000001,0.9215700000000001,1.1,1.5
12.08.2021 03:06:04.234,0.9216700000000001,0.92158,1,1
12.08.2021 03:06:43.388,0.9216700000000001,0.9215700000000001,1,1.5
12.08.2021 03:06:46.570,0.92166,0.9215700000000001,1,1
12.08.2021 03:06:46.728,0.9216700000000001,0.9215700000000001,1,1.5
12.08.2021 03:06:46.829,0.9216700000000001,0.92158,1,1
12.08.2021 03:07:03.775,0.92169,0.92159,1.5,1
12.08.2021 03:07:07.470,0.92169,0.9216000000000001,1,1.1
12.08.2021 03:07:07.572,0.9217000000000001,0.9216000000000001,1,1.95
12.08.2021 03:07:07.623,0.9217200000000001,0.92161,2.44,1.57
12.08.2021 03:07:08.738,0.92174,0.9216500000000001,1,1
12.08.2021 03:07:08.946,0.92174,0.92166,1,1
12.08.2021 03:07:15.760,0.9217700000000001,0.9216500000000001,2.51,1
12.08.2021 03:07:18.980,0.92174,0.92166,1,1
12.08.2021 03:08:13.963,0.9217500000000001,0.92166,1,1
12.08.2021 03:08:22.816,0.9217700000000001,0.9216500000000001,1,1.5
12.08.2021 03:08:30.493,0.9217700000000001,0.92166,1,1
12.08.2021 03:08:44.208,0.9217700000000001,0.9216500000000001,1,1.76
12.08.2021 03:09:26.891,0.9217600000000001,0.9216700000000001,1,1.5
12.08.2021 03:09:36.478,0.9217600000000001,0.92166,2.25,2.25
12.08.2021 03:09:36.584,0.9217600000000001,0.9216500000000001,1,1.5
12.08.2021 03:09:37.763,0.9217500000000001,0.9216500000000001,2.25,1.5
12.08.2021 03:10:08.859,0.9217500000000001,0.92166,1.5,1
12.08.2021 03:10:22.955,0.92174,0.9216500000000001,2.25,1
12.08.2021 03:10:23.057,0.9217299999999999,0.92164,1,1.57
12.08.2021 03:10:24.321,0.92174,0.9216500000000001,2.25,1
12.08.2021 03:12:26.579,0.92174,0.92166,1,1
12.08.2021 03:12:26.680,0.9217500000000001,0.9216700000000001,1,1
12.08.2021 03:12:26.783,0.9217600000000001,0.9216700000000001,1,1
12.08.2021 03:12:42.166,0.9217700000000001,0.9216700000000001,2.25,1.76
12.08.2021 03:12:42.267,0.9217700000000001,0.9216799999999999,1,1.5
12.08.2021 03:12:42.519,0.9217799999999999,0.9216799999999999,2.25,2.32
12.08.2021 03:12:48.796,0.9217700000000001,0.9216799999999999,1,1
12.08.2021 03:12:53.973,0.9217700000000001,0.9216700000000001,1.5,1.76
12.08.2021 03:12:54.323,0.9217600000000001,0.9216700000000001,1,1.76
12.08.2021 03:13:10.325,0.9217700000000001,0.9216700000000001,2.25,1.57
12.08.2021 03:13:18.487,0.9217700000000001,0.9216799999999999,1.5,1
12.08.2021 03:13:20.363,0.9217799999999999,0.9216799999999999,2.25,1.57
12.08.2021 03:13:21.587,0.9217600000000001,0.9216700000000001,1,1.76
12.08.2021 03:13:21.753,0.9217600000000001,0.92166,1,1.76
12.08.2021 03:13:32.731,0.9217600000000001,0.9216700000000001,1,1.5
12.08.2021 03:13:53.494,0.9217600000000001,0.92166,2.25,2.32
12.08.2021 03:15:43.494,0.9217600000000001,0.9216700000000001,1,1
12.08.2021 03:16:14.520,0.9217799999999999,0.9216799999999999,1,1
12.08.2021 03:16:14.621,0.9217799999999999,0.92169,1.5,1
12.08.2021 03:16:15.025,0.9217799999999999,0.92171,1,1
12.08.2021 03:16:19.674,0.92179,0.92171,1.5,1
12.08.2021 03:16:37.744,0.92179,0.92169,1.5,1.57
12.08.2021 03:16:42.621,0.9217799999999999,0.9216799999999999,1,1
12.08.2021 03:16:46.979,0.92179,0.9217000000000001,1.5,1
12.08.2021 03:16:57.965,0.9218000000000001,0.9216799999999999,1.5,1
12.08.2021 03:17:07.463,0.9218000000000001,0.92169,1.5,1
12.08.2021 03:17:13.843,0.9217799999999999,0.92169,1.5,1
12.08.2021 03:17:14.046,0.9217700000000001,0.9216799999999999,1.5,1.5
12.08.2021 03:17:19.692,0.9217600000000001,0.9216799999999999,1,1
12.08.2021 03:17:33.987,0.9217600000000001,0.92166,1,1.01
12.08.2021 03:17:36.984,0.9217600000000001,0.9216500000000001,1.5,1.01
12.08.2021 03:18:02.710,0.92174,0.92164,1,2.51
12.08.2021 03:18:26.464,0.9217299999999999,0.92163,1,2.89
12.08.2021 03:18:38.496,0.9217200000000001,0.92163,1,1
12.08.2021 03:18:40.716,0.92169,0.92161,1,1.5
12.08.2021 03:18:40.818,0.9216799999999999,0.92161,1,1
12.08.2021 03:18:40.869,0.9216799999999999,0.92159,1,1.1
12.08.2021 03:18:48.864,0.92169,0.92159,1,1.1
12.08.2021 03:18:50.306,0.9217000000000001,0.92161,1,1
12.08.2021 03:18:50.408,0.9217000000000001,0.9216200000000001,1,1
12.08.2021 03:18:50.509,0.92171,0.9216200000000001,1,1
12.08.2021 03:18:55.375,0.9217200000000001,0.9216200000000001,1.5,1
12.08.2021 03:19:00.921,0.9217200000000001,0.92163,1,1
12.08.2021 03:19:36.973,0.9217299999999999,0.92163,2.25,1
12.08.2021 03:19:43.499,0.9217200000000001,0.92163,1,1
12.08.2021 03:20:50.921,0.9217200000000001,0.9216200000000001,1,1
12.08.2021 03:21:51.018,0.9217500000000001,0.9216500000000001,1.12,1
12.08.2021 03:21:51.120,0.9217600000000001,0.92166,1.5,1
12.08.2021 03:22:46.137,0.9217700000000001,0.9216700000000001,1.5,1
12.08.2021 03:23:16.636,0.9217600000000001,0.9216700000000001,1,1
12.08.2021 03:23:38.247,0.9217600000000001,0.92166,2.25,1
12.08.2021 03:24:15.439,0.9217500000000001,0.9216500000000001,1.5,1
12.08.2021 03:24:16.535,0.9217500000000001,0.92166,1,1
12.08.2021 03:24:38.887,0.9217500000000001,0.92164,1,4.04
12.08.2021 03:24:53.646,0.9217500000000001,0.92164,1,3.07
12.08.2021 03:24:54.842,0.9217500000000001,0.92164,1,2.54
12.08.2021 03:25:42.406,0.9217299999999999,0.92163,1.5,1.2
12.08.2021 03:25:42.507,0.9217200000000001,0.9216200000000001,1,1.76
12.08.2021 03:25:44.891,0.9216799999999999,0.9216000000000001,1,1
12.08.2021 03:25:45.093,0.9216799999999999,0.92159,1,1
12.08.2021 03:26:09.714,0.9216799999999999,0.92158,1.5,1
12.08.2021 03:26:11.951,0.9216700000000001,0.92158,1,1.1
12.08.2021 03:26:15.303,0.92166,0.92158,1,1
12.08.2021 03:26:19.675,0.9216700000000001,0.92158,1,1
12.08.2021 03:26:56.561,0.9216799999999999,0.92159,1,1
12.08.2021 03:27:50.700,0.92169,0.92159,1.5,1
12.08.2021 03:27:50.822,0.92169,0.9216000000000001,1,1.1
12.08.2021 03:27:50.976,0.9217000000000001,0.92161,1,1.1
12.08.2021 03:27:51.078,0.92171,0.92161,1,1.1
12.08.2021 03:28:01.336,0.92171,0.92163,1,1
12.08.2021 03:28:04.190,0.92174,0.9216500000000001,1,1
12.08.2021 03:28:04.342,0.9217500000000001,0.9216500000000001,1.5,1.1
12.08.2021 03:28:17.868,0.92171,0.9216200000000001,1,2.5
12.08.2021 03:28:17.970,0.92169,0.92161,1,1
12.08.2021 03:28:22.674,0.9217000000000001,0.92161,1,1
12.08.2021 03:28:40.237,0.92169,0.92159,1,1.76
12.08.2021 03:28:41.962,0.9216799999999999,0.92158,1.5,1
12.08.2021 03:29:04.442,0.9216700000000001,0.9215700000000001,1,1.76
12.08.2021 03:29:47.985,0.92166,0.9215700000000001,1,1
12.08.2021 03:29:48.670,0.92166,0.92158,1,1
12.08.2021 03:29:52.710,0.9216700000000001,0.92158,1,1
12.08.2021 03:30:03.924,0.92166,0.92158,1,1
12.08.2021 03:30:05.170,0.9216700000000001,0.92158,1,1
12.08.2021 03:30:05.491,0.92166,0.92158,1,1
12.08.2021 03:30:08.454,0.9216700000000001,0.92158,1,1
12.08.2021 03:30:10.265,0.92166,0.92158,1,1
12.08.2021 03:30:18.916,0.92166,0.9215700000000001,1,1.01
12.08.2021 03:33:28.697,0.9216700000000001,0.9215500000000001,1.5,1.76
12.08.2021 03:34:37.189,0.92166,0.9215700000000001,1,1
12.08.2021 03:36:06.551,0.92166,0.92158,1,1.25
12.08.2021 03:36:07.870,0.9216700000000001,0.92158,1,1.25
12.08.2021 03:36:38.431,0.92166,0.92158,1,1
12.08.2021 03:36:50.173,0.92166,0.9215700000000001,1,1.39
12.08.2021 03:37:07.212,0.92166,0.92156,1.5,1.1
12.08.2021 03:37:35.809,0.92166,0.92156,2.95,1
12.08.2021 03:37:35.860,0.92161,0.92153,1,1.31
12.08.2021 03:37:35.962,0.92161,0.92151,1,1
12.08.2021 03:37:36.269,0.92159,0.9215200000000001,1,1
12.08.2021 03:37:36.370,0.92158,0.9215000000000001,1,1
12.08.2021 03:37:36.421,0.9215700000000001,0.92148,1,2.51
12.08.2021 03:37:46.386,0.92158,0.92148,1,2.89
12.08.2021 03:37:53.162,0.92158,0.92149,1,1
12.08.2021 03:38:06.326,0.92159,0.92149,1,1.57
12.08.2021 03:38:53.559,0.92158,0.92149,1,1
12.08.2021 03:39:03.185,0.92158,0.9215000000000001,1,1
12.08.2021 03:39:07.213,0.9216200000000001,0.9215000000000001,1.5,1.1
12.08.2021 03:39:07.314,0.92163,0.92151,1.87,1
12.08.2021 03:39:19.261,0.9216500000000001,0.9215500000000001,1.5,1.5
12.08.2021 03:39:32.004,0.9216200000000001,0.9215200000000001,1.69,1.5
12.08.2021 03:39:32.105,0.92161,0.9215200000000001,1,1
12.08.2021 03:39:32.206,0.9216000000000001,0.9215000000000001,1,1.75
12.08.2021 03:39:32.308,0.92159,0.92148,1.5,3.57
12.08.2021 03:39:32.358,0.92159,0.92148,1.5,2.7
12.08.2021 03:39:32.409,0.92159,0.9215000000000001,1,1
12.08.2021 03:39:43.696,0.92158,0.9215000000000001,1,1
12.08.2021 03:40:27.275,0.92161,0.92153,1,2.62
12.08.2021 03:40:27.326,0.92164,0.9215500000000001,1,1.69
12.08.2021 03:40:27.428,0.92164,0.92156,1,1.69
12.08.2021 03:40:30.766,0.9216500000000001,0.92156,1,1.69
12.08.2021 03:40:43.295,0.92166,0.92156,1.5,1.69
12.08.2021 03:40:48.730,0.92166,0.9215700000000001,1.5,1.25
12.08.2021 03:41:47.485,0.92166,0.92156,1,1.25
12.08.2021 03:41:48.727,0.9216500000000001,0.92156,1,1.5
12.08.2021 03:43:42.816,0.9216500000000001,0.9215700000000001,1,1.25
12.08.2021 03:43:45.471,0.9216500000000001,0.92156,1,2.44
12.08.2021 03:43:58.724,0.9216500000000001,0.9215700000000001,1,1.25
12.08.2021 03:44:14.540,0.9216500000000001,0.92158,1,1.25
12.08.2021 03:44:14.642,0.92166,0.92158,1,1.69
12.08.2021 03:44:14.795,0.9216700000000001,0.92158,1,1.69
12.08.2021 03:44:17.560,0.92166,0.92158,1,1.69
12.08.2021 03:44:32.470,0.92166,0.92159,1,1
12.08.2021 03:44:33.737,0.9216700000000001,0.92159,1,1
12.08.2021 03:44:34.071,0.92166,0.92159,1,1
12.08.2021 03:44:55.224,0.9216799999999999,0.92159,1,1.25
12.08.2021 03:44:57.133,0.92169,0.92161,1.5,1.25
12.08.2021 03:45:04.064,0.92166,0.92159,1,2.89
12.08.2021 03:45:18.210,0.9216500000000001,0.92159,1,1.25
12.08.2021 03:45:25.318,0.92166,0.92159,1,1.25
12.08.2021 03:45:29.146,0.9216500000000001,0.92159,1,1.25
12.08.2021 03:45:55.815,0.9216500000000001,0.92158,1,2.5
12.08.2021 03:46:04.071,0.92166,0.92158,1,2.5
12.08.2021 03:46:43.372,0.9216700000000001,0.92158,1,2.87
12.08.2021 03:46:55.932,0.9216700000000001,0.92158,1,1.87
12.08.2021 03:47:25.833,0.92166,0.9215700000000001,1,2.81
12.08.2021 03:47:25.985,0.9216500000000001,0.9215700000000001,1,1.12
12.08.2021 03:47:30.395,0.92164,0.92156,1,1
12.08.2021 03:47:30.497,0.92164,0.92154,1,1.25
12.08.2021 03:47:30.649,0.92163,0.92153,1,2.5
12.08.2021 03:47:55.351,0.92164,0.92154,1.5,1.25
12.08.2021 03:47:57.313,0.9216200000000001,0.9215200000000001,2.25,3.25
12.08.2021 03:47:57.415,0.9216200000000001,0.92154,1.5,1
12.08.2021 03:48:02.700,0.92163,0.92154,1,1.25
12.08.2021 03:48:25.275,0.92163,0.92154,1,1.75
12.08.2021 03:48:43.238,0.92164,0.9215500000000001,1.5,1.25
12.08.2021 03:48:43.339,0.92166,0.9215700000000001,2.25,1.69
12.08.2021 03:49:51.359,0.9216500000000001,0.9215700000000001,1,1
12.08.2021 03:50:21.361,0.92164,0.9215700000000001,1,1
12.08.2021 03:52:08.488,0.9216500000000001,0.9215700000000001,1,1
12.08.2021 03:52:15.899,0.92164,0.92156,1,1
12.08.2021 03:52:16.002,0.92159,0.9215200000000001,1,1.79
12.08.2021 03:52:16.558,0.92163,0.9215500000000001,1,2.06
12.08.2021 03:52:16.660,0.92164,0.9215700000000001,1,1.25
12.08.2021 03:52:18.157,0.92161,0.92154,1,1.01
12.08.2021 03:52:18.310,0.92161,0.9215500000000001,1,1.25
12.08.2021 03:52:19.687,0.92159,0.92153,1,1.39
12.08.2021 03:52:23.079,0.9216000000000001,0.92153,1,1.25
12.08.2021 03:52:23.446,0.92159,0.92153,1,1.25
12.08.2021 03:52:38.818,0.92161,0.92154,1,1.25
12.08.2021 03:52:38.920,0.92161,0.9215500000000001,1,1.25
12.08.2021 03:52:44.794,0.9216000000000001,0.9215200000000001,2.06,1.25
12.08.2021 03:52:44.845,0.92153,0.9214600000000001,1,1.75
12.08.2021 03:52:44.896,0.92154,0.92145,1,1
12.08.2021 03:52:44.997,0.9215000000000001,0.92143,1,1.82
12.08.2021 03:52:45.099,0.9215000000000001,0.9214200000000001,1,1.5
12.08.2021 03:52:45.200,0.92149,0.9214200000000001,1,1.5
12.08.2021 03:52:50.438,0.92148,0.9214200000000001,1,1
12.08.2021 03:53:01.172,0.92149,0.9214,1,1
12.08.2021 03:53:11.813,0.9215000000000001,0.9214,1,1.25
12.08.2021 03:53:32.387,0.9215000000000001,0.9214100000000001,1,1
12.08.2021 03:54:31.323,0.92148,0.9214,1,1.5
12.08.2021 03:54:40.084,0.9214700000000001,0.9214,1,1
12.08.2021 03:55:04.722,0.92148,0.9214,1.25,1
12.08.2021 03:55:39.785,0.92145,0.9213700000000001,1.25,1.57
12.08.2021 03:55:39.836,0.92143,0.9213600000000001,1,1
12.08.2021 03:55:39.937,0.92143,0.92134,1.5,1.57
12.08.2021 03:55:41.795,0.9214200000000001,0.92134,1,1.57
12.08.2021 03:56:26.028,0.9214200000000001,0.92133,1.69,1.5
12.08.2021 03:56:26.129,0.9214,0.9213200000000001,1,1
12.08.2021 03:56:50.675,0.9214,0.9213,1,3.1
12.08.2021 03:56:52.318,0.92139,0.9213,1,2.07
12.08.2021 03:56:53.515,0.9214,0.9213,1.5,2.82
12.08.2021 03:56:58.701,0.92139,0.9213,1,2.07
12.08.2021 03:58:18.276,0.9214,0.9213100000000001,1,1.1
12.08.2021 03:58:40.084,0.9214,0.9213200000000001,1,1
12.08.2021 03:58:57.224,0.92138,0.9213,1,1
12.08.2021 03:58:57.276,0.9213700000000001,0.92128,1,1.57
12.08.2021 03:58:57.378,0.92135,0.92128,1,1
12.08.2021 03:58:58.824,0.92135,0.9212700000000001,1,1
12.08.2021 03:58:58.875,0.92134,0.92125,1,1.1
12.08.2021 03:58:59.027,0.92133,0.9212400000000001,1,1
12.08.2021 03:59:06.467,0.9213200000000001,0.92123,1,2.32
12.08.2021 03:59:30.511,0.92134,0.9212200000000001,1.5,2.32
12.08.2021 03:59:58.873,0.92133,0.9212400000000001,1,1
12.08.2021 03:59:59.821,0.92135,0.92125,2.44,1.57
12.08.2021 03:59:59.872,0.92135,0.9212700000000001,1.69,1
12.08.2021 04:00:00.470,0.9213600000000001,0.9212400000000001,1.5,1.6
12.08.2021 04:00:00.571,0.92134,0.92125,1,1.1
12.08.2021 04:00:00.672,0.92135,0.92125,1.5,1.6
12.08.2021 04:00:07.348,0.9213700000000001,0.92125,1,1.1
12.08.2021 04:00:12.238,0.92135,0.9212600000000001,1,1.1
12.08.2021 04:00:18.282,0.92135,0.92125,1,2.7
12.08.2021 04:00:27.906,0.92135,0.92128,1,1
12.08.2021 04:00:27.957,0.92139,0.92129,1.51,2.25
12.08.2021 04:00:28.059,0.9214,0.9213,1.57,1.5
12.08.2021 04:00:30.867,0.9214,0.9213100000000001,1,1
12.08.2021 04:00:31.018,0.9214,0.9213,1,2.7
12.08.2021 04:00:34.385,0.9214,0.9213,1,2.72
12.08.2021 04:00:35.363,0.9214,0.9213,1,2.7
12.08.2021 04:00:37.673,0.9214,0.9213100000000001,1,1
12.08.2021 04:00:58.246,0.9214,0.9213,1,2.7
12.08.2021 04:01:06.066,0.9214,0.9213,1,2.72
12.08.2021 04:03:10.015,0.9214,0.9213100000000001,1,1.6
12.08.2021 04:03:30.978,0.9214,0.9213100000000001,1,1.57
12.08.2021 04:04:17.741,0.9214100000000001,0.9213200000000001,2.25,1.1
12.08.2021 04:04:20.080,0.9214,0.9213200000000001,1,1.1
12.08.2021 04:05:02.683,0.9214100000000001,0.9213,1,1.57
12.08.2021 04:05:07.673,0.92139,0.9213100000000001,1,1.1
12.08.2021 04:05:19.157,0.9214,0.9213100000000001,2.25,1.1
12.08.2021 04:05:29.368,0.9214100000000001,0.9213100000000001,1.5,1
12.08.2021 04:06:00.337,0.9214100000000001,0.92133,1.5,1.1
12.08.2021 04:06:04.243,0.9214200000000001,0.92134,1,1.6
12.08.2021 04:06:04.345,0.92144,0.9213600000000001,1.69,1
12.08.2021 04:06:06.170,0.9214700000000001,0.92138,1.5,1.1
12.08.2021 04:06:06.273,0.92148,0.92139,1,1
12.08.2021 04:06:06.424,0.92149,0.9214,3.56,1
12.08.2021 04:06:06.525,0.92148,0.9214,1,1
12.08.2021 04:06:14.011,0.92144,0.9213600000000001,1,1
12.08.2021 04:06:14.113,0.9214200000000001,0.92134,1,1.57
12.08.2021 04:06:28.794,0.9214100000000001,0.92134,1,1
12.08.2021 04:06:28.895,0.9214100000000001,0.92133,1.69,1
12.08.2021 04:06:28.997,0.9214100000000001,0.9213200000000001,3.26,1
12.08.2021 04:06:54.478,0.9214100000000001,0.9213100000000001,2.44,1.57
12.08.2021 04:07:15.304,0.9214100000000001,0.9213100000000001,2.44,1.6
12.08.2021 04:07:17.177,0.9214100000000001,0.9213100000000001,2.51,1.57
12.08.2021 04:07:21.688,0.9214100000000001,0.9213100000000001,2.44,1.6
12.08.2021 04:08:06.205,0.9214100000000001,0.92133,3.19,1
12.08.2021 04:09:05.476,0.9214200000000001,0.92134,1.76,1
12.08.2021 04:09:13.719,0.92144,0.92135,1.69,1.5
12.08.2021 04:09:23.123,0.92144,0.9213600000000001,1.69,1
12.08.2021 04:10:03.509,0.92143,0.92135,1,1.1
12.08.2021 04:12:00.632,0.9214200000000001,0.92134,1,1
12.08.2021 04:12:30.935,0.9214,0.92135,1,1
12.08.2021 04:12:31.036,0.92139,0.92134,1,1
12.08.2021 04:12:31.191,0.92138,0.9213200000000001,1,1
12.08.2021 04:13:41.417,0.92139,0.9213200000000001,1,1
12.08.2021 04:13:46.673,0.9214,0.9213200000000001,1,1
12.08.2021 04:14:43.274,0.9214,0.92133,1,1
12.08.2021 04:16:11.497,0.9214,0.9213200000000001,1.5,1.1
12.08.2021 04:19:48.188,0.92139,0.9213200000000001,1,1
12.08.2021 04:20:45.992,0.9214,0.9213200000000001,1.5,1
12.08.2021 04:21:00.306,0.92139,0.9213200000000001,1,1
12.08.2021 04:21:46.716,0.9214100000000001,0.9213100000000001,1.5,1
12.08.2021 04:21:56.437,0.9214,0.92134,1.5,1
12.08.2021 04:21:57.002,0.9214100000000001,0.9213100000000001,1.5,1
12.08.2021 04:22:07.571,0.9214,0.92133,1,1.5
12.08.2021 04:22:07.672,0.9214200000000001,0.92133,2.25,1.5
12.08.2021 04:22:14.506,0.9214200000000001,0.92134,1.5,1
12.08.2021 04:22:17.720,0.9214,0.9213200000000001,1,1.5
12.08.2021 04:24:09.649,0.92139,0.9213200000000001,1,1
12.08.2021 04:24:51.309,0.9214,0.9213200000000001,1,1
12.08.2021 04:26:37.062,0.9214,0.9213100000000001,1.5,1.57
12.08.2021 04:27:13.672,0.9214,0.9213200000000001,1.5,1
12.08.2021 04:27:32.065,0.92139,0.9213200000000001,1,1
12.08.2021 04:27:42.717,0.92139,0.9213100000000001,1,1.5
12.08.2021 04:27:42.818,0.92138,0.9213,1,1
12.08.2021 04:27:42.919,0.92133,0.92125,1,1
12.08.2021 04:27:42.970,0.9213200000000001,0.92123,1,1.5
12.08.2021 04:27:43.974,0.92129,0.9212200000000001,1,1.01
12.08.2021 04:27:44.075,0.9213100000000001,0.9212,1,3.26
12.08.2021 04:27:46.467,0.9213,0.9212100000000001,1,2.35
12.08.2021 04:27:49.706,0.9213100000000001,0.9212200000000001,1.5,1.1
12.08.2021 04:28:09.334,0.9213100000000001,0.92123,1.5,1
12.08.2021 04:29:37.774,0.9213100000000001,0.9212200000000001,2.44,1.1
12.08.2021 04:30:14.277,0.9213100000000001,0.92123,1,1
12.08.2021 04:30:19.229,0.9213600000000001,0.92129,1.5,1
12.08.2021 04:30:19.280,0.92135,0.9212400000000001,1.5,1.1
12.08.2021 04:30:19.382,0.92133,0.9212400000000001,1.69,1.5
12.08.2021 04:30:19.687,0.9213200000000001,0.9212400000000001,1.25,1
12.08.2021 04:30:19.788,0.9213200000000001,0.92123,1.69,1.5
12.08.2021 04:32:03.305,0.92133,0.9212400000000001,1,1
12.08.2021 04:32:03.407,0.92133,0.92123,1.5,2.32
12.08.2021 04:32:11.949,0.92138,0.92129,2.06,2.25
12.08.2021 04:32:12.051,0.9214,0.9213,2.44,2.32
12.08.2021 04:32:12.152,0.9214100000000001,0.9213100000000001,1.69,1.57
12.08.2021 04:32:12.254,0.9214,0.9213100000000001,1.25,1.5
12.08.2021 04:32:17.953,0.9214100000000001,0.9213100000000001,2.44,1.1
12.08.2021 04:32:30.589,0.9214100000000001,0.9213200000000001,3.19,1
12.08.2021 04:32:58.763,0.9214100000000001,0.92133,1.69,1
12.08.2021 04:32:58.814,0.92144,0.92135,2.51,1.5
12.08.2021 04:32:58.915,0.92143,0.92134,1.5,1
12.08.2021 04:32:59.067,0.9214200000000001,0.92133,1,2.25
12.08.2021 04:33:44.700,0.9214200000000001,0.9213200000000001,2.44,2.25
12.08.2021 04:33:44.802,0.9214100000000001,0.9213200000000001,1,2.25
12.08.2021 04:33:49.175,0.9214,0.9213200000000001,1,2.25
12.08.2021 04:35:08.805,0.9214100000000001,0.92133,1,1
12.08.2021 04:35:22.476,0.9214100000000001,0.9213200000000001,3.19,1
12.08.2021 04:36:01.635,0.9214100000000001,0.92133,1,1.5
12.08.2021 04:36:01.736,0.9214200000000001,0.92133,2.44,1.5
12.08.2021 04:36:48.401,0.9214100000000001,0.92133,2.44,1
12.08.2021 04:36:50.031,0.9214100000000001,0.9213200000000001,2.44,1.5
12.08.2021 04:37:03.680,0.9214200000000001,0.92133,3.19,1
12.08.2021 04:37:11.138,0.9214100000000001,0.92133,1,1.5
12.08.2021 04:37:45.093,0.9214200000000001,0.92133,3.19,1
12.08.2021 04:37:52.199,0.9214100000000001,0.92133,1.25,1
12.08.2021 04:40:52.070,0.92143,0.9213200000000001,2.44,1
12.08.2021 04:41:05.759,0.9214100000000001,0.92133,1,1
12.08.2021 04:41:19.048,0.9214200000000001,0.92134,1,2.07
12.08.2021 04:41:19.149,0.9214200000000001,0.92134,1,1.5
12.08.2021 04:41:20.152,0.9214100000000001,0.92134,1,1
12.08.2021 04:41:20.253,0.9214100000000001,0.92133,1,1.5
12.08.2021 04:41:23.718,0.9214,0.92133,1,1.5
12.08.2021 04:41:27.764,0.9214100000000001,0.92133,1,1.5
12.08.2021 04:41:30.061,0.9214100000000001,0.92134,1,1
12.08.2021 04:41:30.899,0.92144,0.9213700000000001,1.01,2.25
12.08.2021 04:41:30.950,0.9214600000000001,0.92138,1.87,1.5
12.08.2021 04:41:31.051,0.9214700000000001,0.92139,1,1
12.08.2021 04:41:31.153,0.92148,0.92139,1.57,1.5
12.08.2021 04:41:31.660,0.92148,0.9214,1,1
12.08.2021 04:41:41.635,0.92149,0.92139,1,2.35
12.08.2021 04:42:07.376,0.92149,0.92139,1.25,2.32
12.08.2021 04:42:19.839,0.92149,0.9214,1,1
12.08.2021 04:43:14.936,0.92149,0.9214100000000001,1,1
12.08.2021 04:44:09.934,0.92149,0.9214,1,1
12.08.2021 04:45:30.020,0.92151,0.92139,1.69,1.5
12.08.2021 04:46:46.296,0.92151,0.9214,1.5,1
12.08.2021 04:47:12.692,0.92149,0.9214100000000001,1.25,1
12.08.2021 04:47:12.845,0.92148,0.9214,1.25,1
12.08.2021 04:48:02.863,0.92148,0.92139,1.25,1.5
12.08.2021 04:48:40.268,0.92148,0.9214,1,1
12.08.2021 04:48:40.369,0.92149,0.9214,1.5,1
12.08.2021 04:49:22.126,0.92149,0.9214100000000001,1,1
12.08.2021 04:50:19.697,0.9215000000000001,0.9214100000000001,1,1
12.08.2021 04:50:29.714,0.92149,0.9214100000000001,1,1
12.08.2021 04:51:12.078,0.9215000000000001,0.92139,1,1.5
12.08.2021 04:52:12.007,0.92148,0.9214,1,1
12.08.2021 04:53:15.153,0.92149,0.9214,1,1.57
12.08.2021 04:53:31.241,0.92149,0.9214100000000001,1,1
12.08.2021 04:53:33.516,0.92148,0.9214100000000001,1,1
12.08.2021 04:53:50.649,0.9215000000000001,0.9214,1,1
12.08.2021 04:53:53.622,0.92149,0.9214,1,1
12.08.2021 04:55:01.851,0.9215000000000001,0.9214,1.5,1.1
12.08.2021 04:55:39.241,0.9215000000000001,0.9214100000000001,1,1
12.08.2021 04:55:39.393,0.9215000000000001,0.9214,1,1.57
12.08.2021 04:55:39.656,0.9215000000000001,0.9214,1,2.35
12.08.2021 04:55:43.609,0.9215200000000001,0.9214,1.69,1.1
12.08.2021 04:55:49.862,0.92151,0.9214200000000001,1,1.57
12.08.2021 04:55:49.963,0.9215200000000001,0.9214200000000001,1.5,1.57
12.08.2021 04:56:01.584,0.9215200000000001,0.92144,1.5,1
12.08.2021 04:56:07.597,0.92156,0.9214700000000001,1.25,1
12.08.2021 04:56:09.767,0.9215700000000001,0.92148,2.25,1
12.08.2021 04:56:09.875,0.9215700000000001,0.9215000000000001,1,1
12.08.2021 04:56:11.996,0.92159,0.92149,2.25,1
12.08.2021 04:56:43.345,0.9216200000000001,0.9215500000000001,1,1.12
12.08.2021 04:56:43.396,0.92163,0.9215500000000001,1,1.12
12.08.2021 04:56:43.447,0.92164,0.9215700000000001,1,1
12.08.2021 04:56:43.550,0.9216500000000001,0.9215700000000001,2.25,1
12.08.2021 04:56:46.228,0.92161,0.92154,1.5,1
12.08.2021 04:56:46.330,0.9216000000000001,0.92151,2.44,1
12.08.2021 04:56:47.840,0.92159,0.92151,1,1
12.08.2021 04:56:58.707,0.9216000000000001,0.92151,1,1.5
12.08.2021 04:56:59.032,0.92161,0.9215200000000001,2.25,1
12.08.2021 04:57:01.105,0.9216200000000001,0.92154,3.25,1
12.08.2021 04:57:01.207,0.9216200000000001,0.92154,2.44,1
12.08.2021 04:57:01.258,0.92161,0.9215200000000001,2.44,1
12.08.2021 04:57:04.828,0.9216000000000001,0.9215200000000001,1,1
12.08.2021 04:57:15.203,0.9216200000000001,0.92151,1,1
12.08.2021 04:57:15.254,0.92164,0.9215500000000001,1,1.87
12.08.2021 04:57:15.355,0.92164,0.92156,1,1
12.08.2021 04:57:15.456,0.9216500000000001,0.92156,1,1
12.08.2021 04:57:16.156,0.92166,0.92156,2.44,1
12.08.2021 04:57:35.375,0.92166,0.9215700000000001,1.5,1
12.08.2021 04:57:46.004,0.9216700000000001,0.9215700000000001,1.5,1.57
12.08.2021 04:57:46.105,0.9216700000000001,0.92158,1,1
12.08.2021 04:57:46.206,0.92169,0.9216000000000001,1,1
12.08.2021 04:57:48.998,0.92169,0.92159,1.69,1
12.08.2021 04:57:51.595,0.9216799999999999,0.92159,1,1
12.08.2021 04:57:51.706,0.92169,0.9215700000000001,1,1.57
12.08.2021 04:57:57.352,0.9216700000000001,0.92158,1,1.5
12.08.2021 04:58:14.265,0.9216700000000001,0.9215500000000001,1.25,2.7
12.08.2021 04:58:14.708,0.9216700000000001,0.9215700000000001,1.69,1
12.08.2021 04:58:47.953,0.9216700000000001,0.92158,1,1
12.08.2021 04:58:50.140,0.9216799999999999,0.92158,1.25,1.57
12.08.2021 04:59:12.171,0.9216799999999999,0.9216000000000001,1.25,1
12.08.2021 04:59:18.277,0.92171,0.92163,1.5,1
12.08.2021 04:59:18.378,0.92171,0.9216200000000001,1.5,1.1
12.08.2021 04:59:18.479,0.92171,0.92161,2.51,1.5
12.08.2021 04:59:22.716,0.92171,0.9216200000000001,2.44,1
12.08.2021 04:59:28.678,0.92171,0.92161,1.25,1
12.08.2021 04:59:28.779,0.9217000000000001,0.92161,1.69,1
12.08.2021 04:59:43.138,0.92171,0.9216200000000001,2.44,1
12.08.2021 04:59:47.478,0.9217299999999999,0.92164,1.5,1.5
12.08.2021 04:59:47.579,0.92174,0.92166,1.5,1
12.08.2021 05:00:00.148,0.9216799999999999,0.9216200000000001,1.25,1
12.08.2021 05:00:00.250,0.9216799999999999,0.92158,2.44,1.87
12.08.2021 05:00:00.351,0.9216799999999999,0.92158,3.25,1.5
12.08.2021 05:00:01.134,0.92166,0.92158,1.69,1
12.08.2021 05:00:01.235,0.92166,0.9215700000000001,2.44,1
12.08.2021 05:00:02.338,0.92166,0.92156,1,1
12.08.2021 05:00:04.449,0.92163,0.9215500000000001,1,1
12.08.2021 05:00:08.467,0.9216500000000001,0.9215700000000001,1.25,1
12.08.2021 05:00:13.677,0.92166,0.9215700000000001,2.44,1
12.08.2021 05:00:33.192,0.92166,0.9215700000000001,3.25,1
12.08.2021 05:00:43.694,0.92163,0.9215500000000001,1.25,1
12.08.2021 05:00:43.795,0.9216200000000001,0.92153,1,1.5
12.08.2021 05:00:43.897,0.92161,0.9215200000000001,1,1.5
12.08.2021 05:00:46.930,0.9216000000000001,0.92151,1,1.5
12.08.2021 05:00:47.031,0.92159,0.92151,1,1.5
12.08.2021 05:00:53.909,0.92159,0.9215000000000001,1,1.5
12.08.2021 05:01:10.663,0.9216000000000001,0.92151,1,1.57
12.08.2021 05:01:10.714,0.92161,0.92153,1,1
12.08.2021 05:01:10.816,0.9216200000000001,0.92153,1,1.5
12.08.2021 05:01:11.080,0.92163,0.92153,2.44,1.5
12.08.2021 05:01:11.182,0.92164,0.92153,1.69,1
12.08.2021 05:01:14.750,0.92163,0.92153,1.69,1.5
12.08.2021 05:01:15.546,0.9216200000000001,0.92153,1,1
12.08.2021 05:01:43.921,0.9216000000000001,0.92151,1.5,1.5
12.08.2021 05:02:12.966,0.9216000000000001,0.9215000000000001,1,1.57
12.08.2021 05:02:24.136,0.92161,0.92153,1,1
12.08.2021 05:02:24.237,0.9216200000000001,0.92153,1,1.5
12.08.2021 05:02:26.387,0.92163,0.92153,1.69,1.5
