Gmt time,Ask,Bid,AskVolume,BidVolume
20.08.2021 00:00:00.946,0.9190200000000002,0.9189200000000001,2.44,1.5
20.08.2021 00:00:05.046,0.9190100000000001,0.9189200000000001,1,1.5
20.08.2021 00:00:05.523,0.9190100000000001,0.9189100000000001,1,1.5
20.08.2021 00:00:12.221,0.91899,0.9189,1.25,1
20.08.2021 00:00:12.322,0.91899,0.9188799999999999,3.32,1.5
20.08.2021 00:00:16.021,0.91898,0.91889,1.5,1
20.08.2021 00:00:16.122,0.91898,0.9188799999999999,1.69,1.5
20.08.2021 00:00:18.451,0.91898,0.9188700000000001,2.44,1.69
20.08.2021 00:00:31.598,0.91895,0.9188600000000001,1,1
20.08.2021 00:00:31.750,0.9189600000000001,0.9188600000000001,1.5,1.25
20.08.2021 00:00:32.003,0.9189600000000001,0.9188799999999999,1,1
20.08.2021 00:00:32.863,0.9189700000000001,0.9188799999999999,1.57,1
20.08.2021 00:00:33.655,0.919,0.9189,2.32,1.69
20.08.2021 00:00:33.757,0.9190100000000001,0.9189200000000001,1.5,1.5
20.08.2021 00:00:37.576,0.9190100000000001,0.9189100000000001,1.5,1.5
20.08.2021 00:00:37.728,0.9190100000000001,0.9189200000000001,1,1
20.08.2021 00:00:41.832,0.9190100000000001,0.9189,2.89,2.44
20.08.2021 00:00:41.933,0.9190100000000001,0.9189100000000001,2.89,1
20.08.2021 00:00:44.697,0.91899,0.9189,1,1.5
20.08.2021 00:00:44.849,0.919,0.9188799999999999,1.69,1
20.08.2021 00:00:49.298,0.91898,0.91889,1,1
20.08.2021 00:00:50.000,0.9190200000000002,0.9189,2.25,1
20.08.2021 00:00:55.814,0.9190100000000001,0.9189200000000001,1.12,1
20.08.2021 00:00:58.389,0.9190100000000001,0.9189100000000001,2.06,1
20.08.2021 00:01:13.842,0.919,0.9189100000000001,1,1
20.08.2021 00:01:13.944,0.9190100000000001,0.9189100000000001,1.87,1
20.08.2021 00:01:19.104,0.9190200000000002,0.9189100000000001,1.12,1
20.08.2021 00:01:19.205,0.9190100000000001,0.9189100000000001,1.87,1
20.08.2021 00:01:19.522,0.919,0.9189,2.06,1
20.08.2021 00:01:19.623,0.91899,0.91889,2.51,1
20.08.2021 00:01:19.674,0.9189600000000001,0.9188600000000001,1.5,1
20.08.2021 00:01:20.759,0.91895,0.9188600000000001,1,1
20.08.2021 00:01:46.065,0.91895,0.9188500000000001,2.25,1
20.08.2021 00:01:59.226,0.91894,0.9188500000000001,1,1
20.08.2021 00:01:59.327,0.91894,0.91884,1.5,1
20.08.2021 00:01:59.479,0.9189100000000001,0.91884,1,1
20.08.2021 00:02:01.858,0.91894,0.91884,1.5,1
20.08.2021 00:02:05.461,0.91893,0.91884,1,1
20.08.2021 00:02:19.543,0.9189200000000001,0.91884,1,1.25
20.08.2021 00:02:27.397,0.91893,0.91884,1,1.25
20.08.2021 00:02:31.271,0.9189100000000001,0.9188200000000001,1,1.1
20.08.2021 00:02:31.372,0.9189100000000001,0.9188100000000001,1.5,1.1
20.08.2021 00:02:33.238,0.9189200000000001,0.9188200000000001,2.62,1
20.08.2021 00:02:41.317,0.9189,0.9188100000000001,1,1
20.08.2021 00:02:41.368,0.91889,0.91879,1,1.1
20.08.2021 00:02:46.263,0.9188700000000001,0.9187700000000001,1.5,1.1
20.08.2021 00:02:46.415,0.9188600000000001,0.9187700000000001,1,1
20.08.2021 00:02:46.516,0.9188500000000001,0.9187600000000001,1,1.1
20.08.2021 00:03:10.716,0.9188500000000001,0.9187500000000001,1.5,1
20.08.2021 00:03:19.577,0.9188100000000001,0.9187200000000001,1,1
20.08.2021 00:03:19.679,0.9188100000000001,0.91871,1.5,1
20.08.2021 00:03:20.424,0.9187799999999999,0.9187000000000001,1,1
20.08.2021 00:03:20.525,0.9187799999999999,0.9186700000000001,1,1
20.08.2021 00:03:28.279,0.9187799999999999,0.9186799999999999,1.87,1
20.08.2021 00:03:29.934,0.9187799999999999,0.91869,1,1
20.08.2021 00:03:30.190,0.91879,0.9187000000000001,1,1
20.08.2021 00:03:30.292,0.91879,0.91871,1,1
20.08.2021 00:03:30.624,0.9188000000000001,0.91871,1,1
20.08.2021 00:03:32.146,0.91879,0.91869,1.69,1
20.08.2021 00:03:32.247,0.91879,0.9186799999999999,1.5,2.25
20.08.2021 00:03:32.298,0.91879,0.9187000000000001,1,1
20.08.2021 00:03:34.618,0.91879,0.91871,1,1
20.08.2021 00:03:35.473,0.9188100000000001,0.91869,1.5,1
20.08.2021 00:03:44.956,0.9187799999999999,0.9186799999999999,1.12,1
20.08.2021 00:03:45.611,0.9187799999999999,0.91866,1,1
20.08.2021 00:03:45.986,0.9187299999999999,0.91866,1,1
20.08.2021 00:03:47.001,0.9187700000000001,0.91869,1,1
20.08.2021 00:03:47.052,0.9187200000000001,0.9186700000000001,1,1
20.08.2021 00:03:47.204,0.9187700000000001,0.9186700000000001,1,1
20.08.2021 00:03:51.677,0.91879,0.91869,2.51,1
20.08.2021 00:03:54.913,0.9188100000000001,0.9187299999999999,1,1
20.08.2021 00:03:54.964,0.9188100000000001,0.91871,1.76,2.25
20.08.2021 00:04:02.363,0.9188000000000001,0.9187000000000001,1.69,1
20.08.2021 00:04:02.465,0.91879,0.91869,3.79,1
20.08.2021 00:04:08.311,0.9187600000000001,0.91866,1,1
20.08.2021 00:04:08.412,0.9187200000000001,0.91861,1,1
20.08.2021 00:04:11.999,0.91871,0.9186000000000001,2.89,1.5
20.08.2021 00:04:15.109,0.91871,0.91859,1,1
20.08.2021 00:04:15.293,0.9187000000000001,0.9186000000000001,1.75,1
20.08.2021 00:04:15.394,0.91866,0.91858,1.12,1.1
20.08.2021 00:04:18.520,0.9186700000000001,0.91858,1,1
20.08.2021 00:04:20.192,0.91866,0.9185500000000001,1.25,1
20.08.2021 00:04:20.294,0.9186000000000001,0.9185200000000001,1,1.5
20.08.2021 00:04:20.496,0.9186000000000001,0.9185000000000001,1,1
20.08.2021 00:04:22.890,0.91856,0.9185000000000001,1,1
20.08.2021 00:04:22.991,0.91853,0.91843,2.95,1
20.08.2021 00:04:23.042,0.9185200000000001,0.9184100000000001,2.57,2.25
20.08.2021 00:04:28.106,0.9185000000000001,0.9184100000000001,1,1
20.08.2021 00:04:45.658,0.9185000000000001,0.9184,2.06,1.1
20.08.2021 00:04:55.738,0.91846,0.91838,1,1.01
20.08.2021 00:04:55.839,0.9184700000000001,0.9183700000000001,3.37,1
20.08.2021 00:04:55.991,0.91846,0.9183600000000001,2.06,1
20.08.2021 00:04:56.244,0.91846,0.9183600000000001,2.19,1
20.08.2021 00:04:59.328,0.91845,0.91835,1.87,1
20.08.2021 00:04:59.905,0.9184200000000001,0.91833,1.35,1
20.08.2021 00:05:05.567,0.9184700000000001,0.9183600000000001,1.2,3.75
20.08.2021 00:05:05.669,0.91844,0.91834,1.76,1
20.08.2021 00:05:05.770,0.91844,0.91833,1.12,1
20.08.2021 00:05:07.133,0.91843,0.91833,1.87,1
20.08.2021 00:05:09.007,0.91843,0.91833,2.91,1
20.08.2021 00:05:09.624,0.91843,0.91833,2.89,1
20.08.2021 00:05:10.687,0.91843,0.91833,3.01,1
20.08.2021 00:05:10.889,0.9184100000000001,0.91833,1.25,1
20.08.2021 00:05:11.041,0.9184100000000001,0.9183200000000001,1.25,1
20.08.2021 00:05:19.423,0.9184200000000001,0.9183200000000001,1.87,1.5
20.08.2021 00:05:45.724,0.9184100000000001,0.9183200000000001,1,1.1
20.08.2021 00:05:50.473,0.9184200000000001,0.9183200000000001,1.87,1.1
20.08.2021 00:06:01.212,0.91839,0.9183100000000001,1,1
20.08.2021 00:06:08.218,0.91838,0.9183,1,2.32
20.08.2021 00:06:10.455,0.91838,0.9183200000000001,1,1
20.08.2021 00:06:10.557,0.91838,0.9183,1,1
20.08.2021 00:06:10.608,0.91838,0.91828,2.44,1.1
20.08.2021 00:06:10.709,0.9183700000000001,0.91828,1.12,1
20.08.2021 00:06:10.760,0.91835,0.9182700000000001,1,1
20.08.2021 00:06:10.933,0.9183600000000001,0.9182700000000001,1,1
20.08.2021 00:06:11.558,0.9183600000000001,0.9182600000000001,1,1
20.08.2021 00:06:14.931,0.91835,0.9182600000000001,1,1
20.08.2021 00:06:18.186,0.9183700000000001,0.91829,1.5,1
20.08.2021 00:06:18.288,0.9183700000000001,0.91829,1,1
20.08.2021 00:06:18.400,0.91838,0.91829,1.5,1
20.08.2021 00:06:22.767,0.9183700000000001,0.91829,1,1
20.08.2021 00:06:31.197,0.91843,0.9183700000000001,1,1.5
20.08.2021 00:06:31.298,0.91846,0.91838,1.12,1
20.08.2021 00:06:31.656,0.91846,0.9183700000000001,1,1.5
20.08.2021 00:06:40.560,0.91845,0.9183700000000001,1,1.5
20.08.2021 00:06:41.830,0.91844,0.91834,2.44,1
20.08.2021 00:06:41.931,0.91844,0.91833,1,1
20.08.2021 00:06:42.438,0.91844,0.91834,1.5,1.87
20.08.2021 00:06:56.484,0.91843,0.91834,1,1.12
20.08.2021 00:07:15.800,0.91844,0.91834,1.57,1.12
20.08.2021 00:07:16.118,0.91844,0.91835,1.1,1
20.08.2021 00:07:39.135,0.91845,0.91835,1.57,1
20.08.2021 00:08:03.918,0.91844,0.91835,1,1
20.08.2021 00:08:26.138,0.91845,0.91835,1.5,1
20.08.2021 00:08:47.117,0.91844,0.91835,1,1
20.08.2021 00:08:52.002,0.91844,0.9183700000000001,1,1
20.08.2021 00:08:52.053,0.91846,0.9183700000000001,1,1
20.08.2021 00:08:52.155,0.91846,0.9183600000000001,1,1.69
20.08.2021 00:08:53.227,0.91845,0.9183600000000001,1,1
20.08.2021 00:09:02.367,0.9184700000000001,0.91835,1.76,1.5
20.08.2021 00:09:20.421,0.91845,0.91835,2.51,1.5
20.08.2021 00:09:39.982,0.91844,0.91835,1,1
20.08.2021 00:10:17.938,0.91844,0.9183600000000001,1,1
20.08.2021 00:10:22.581,0.91845,0.9183600000000001,1,1
20.08.2021 00:10:37.766,0.91844,0.91834,1,1.5
20.08.2021 00:10:38.779,0.91844,0.91835,1,1
20.08.2021 00:10:39.296,0.91844,0.91834,1,1
20.08.2021 00:10:40.310,0.91845,0.91834,1.5,1.5
20.08.2021 00:10:40.526,0.91844,0.91834,1,1
20.08.2021 00:10:41.921,0.91843,0.91834,1,1
20.08.2021 00:10:43.690,0.9184200000000001,0.91834,1,1
20.08.2021 00:10:46.412,0.9184200000000001,0.91833,1,1
20.08.2021 00:10:49.691,0.9184200000000001,0.9183200000000001,1.5,2.7
20.08.2021 00:10:49.893,0.9184200000000001,0.9183100000000001,1,1.12
20.08.2021 00:10:53.199,0.9184100000000001,0.91833,1,1
20.08.2021 00:11:01.018,0.91843,0.9183200000000001,1,1
20.08.2021 00:11:25.203,0.91846,0.91838,1.5,1
20.08.2021 00:11:25.356,0.91846,0.9183700000000001,1,1.5
20.08.2021 00:11:30.117,0.91844,0.9183600000000001,1,1
20.08.2021 00:11:31.901,0.91845,0.91834,1,1
20.08.2021 00:11:42.218,0.91843,0.91835,1,1
20.08.2021 00:11:47.841,0.91843,0.91833,2.44,1
20.08.2021 00:11:48.043,0.9184200000000001,0.91833,1,1
20.08.2021 00:11:58.216,0.9184100000000001,0.91833,1,1
20.08.2021 00:11:58.579,0.9184100000000001,0.9183200000000001,1,1.5
20.08.2021 00:12:18.257,0.9184200000000001,0.9183200000000001,1.5,1.5
20.08.2021 00:12:47.713,0.9184100000000001,0.9183200000000001,1,1.5
20.08.2021 00:13:08.612,0.9184100000000001,0.9183200000000001,1,2.72
20.08.2021 00:13:09.694,0.9184200000000001,0.91833,1,1.1
20.08.2021 00:13:10.225,0.91843,0.91833,2.44,1.1
20.08.2021 00:13:15.755,0.9184200000000001,0.91833,1,1.1
20.08.2021 00:13:31.980,0.9184100000000001,0.91833,1,1.1
20.08.2021 00:13:37.979,0.9184,0.91833,1,1
20.08.2021 00:14:07.588,0.9184100000000001,0.91833,1.25,1
20.08.2021 00:14:26.003,0.9184200000000001,0.91833,1,1.5
20.08.2021 00:14:26.105,0.91843,0.91833,1.5,1.57
20.08.2021 00:14:27.855,0.91844,0.91833,1,1.1
20.08.2021 00:14:32.770,0.91843,0.91833,1.69,1
20.08.2021 00:14:34.174,0.91843,0.9183200000000001,1,1
20.08.2021 00:14:48.774,0.9184200000000001,0.9183200000000001,1.5,2.25
20.08.2021 00:14:48.876,0.9184100000000001,0.9183200000000001,1,1.5
20.08.2021 00:14:51.318,0.9184100000000001,0.91833,1,1
20.08.2021 00:14:53.893,0.9184100000000001,0.9183200000000001,1.1,1.5
20.08.2021 00:15:01.144,0.9184100000000001,0.91833,1,1
20.08.2021 00:15:25.554,0.9184100000000001,0.9183200000000001,1,1
20.08.2021 00:15:29.361,0.9184,0.9183200000000001,1,1
20.08.2021 00:15:33.923,0.91835,0.9182700000000001,1,1
20.08.2021 00:15:34.025,0.91835,0.9182600000000001,1.1,1
20.08.2021 00:15:34.126,0.91834,0.9182600000000001,1.1,1
20.08.2021 00:15:34.227,0.91834,0.91825,1.1,1
20.08.2021 00:16:14.811,0.9183200000000001,0.91825,1,1
20.08.2021 00:16:17.469,0.91835,0.9182400000000001,1.1,1
20.08.2021 00:16:19.486,0.91833,0.9182400000000001,1,1.5
20.08.2021 00:16:32.663,0.91834,0.9182600000000001,1,1
20.08.2021 00:16:32.816,0.91834,0.91825,1,1
20.08.2021 00:16:45.254,0.91834,0.9182400000000001,1,1
20.08.2021 00:16:59.279,0.91834,0.91825,1,1
20.08.2021 00:17:21.835,0.91835,0.91825,2.51,1.5
20.08.2021 00:17:32.746,0.91834,0.91825,1,1
20.08.2021 00:17:36.519,0.9183700000000001,0.91829,1,2.25
20.08.2021 00:17:36.911,0.91838,0.91828,2.6,1
20.08.2021 00:17:37.013,0.91834,0.91825,1,1
20.08.2021 00:17:58.001,0.9183200000000001,0.91825,1,1
20.08.2021 00:18:02.970,0.91833,0.91825,1,1
20.08.2021 00:18:07.230,0.91833,0.9182400000000001,1,1
20.08.2021 00:18:12.228,0.91835,0.91823,1.57,1
20.08.2021 00:18:46.323,0.91835,0.9182400000000001,1,1
20.08.2021 00:18:46.525,0.91835,0.91825,1.5,1
20.08.2021 00:18:53.203,0.91835,0.9182600000000001,1,1
20.08.2021 00:18:53.304,0.9183600000000001,0.9182600000000001,1,1
20.08.2021 00:18:53.405,0.9183600000000001,0.9182600000000001,1,1.1
20.08.2021 00:18:59.865,0.9184,0.91829,1.2,2.62
20.08.2021 00:18:59.916,0.9184100000000001,0.9183100000000001,3.26,1
20.08.2021 00:19:03.782,0.9184200000000001,0.9183100000000001,1,1
20.08.2021 00:19:06.886,0.9184200000000001,0.9183,1.69,2.32
20.08.2021 00:19:08.168,0.9184100000000001,0.9183100000000001,1.5,2.35
20.08.2021 00:19:08.523,0.9184200000000001,0.9183,1.5,2.32
20.08.2021 00:19:10.940,0.9183600000000001,0.9183,1.25,1
20.08.2021 00:19:10.990,0.91835,0.9182700000000001,1,1
20.08.2021 00:19:11.092,0.91835,0.91825,3.26,1.12
20.08.2021 00:19:11.193,0.91834,0.9182400000000001,1,3.07
20.08.2021 00:19:21.987,0.91834,0.91825,1.5,1
20.08.2021 00:19:42.033,0.91833,0.91825,1,1
20.08.2021 00:19:53.682,0.91834,0.91825,2.44,1
20.08.2021 00:19:56.121,0.91833,0.91825,1.25,1
20.08.2021 00:19:59.513,0.91828,0.9182100000000001,1.69,1
20.08.2021 00:19:59.614,0.91828,0.9181900000000001,1.69,2.25
20.08.2021 00:19:59.716,0.9182700000000001,0.91818,2.32,1.5
20.08.2021 00:19:59.817,0.9182700000000001,0.9181700000000002,1,1.5
20.08.2021 00:20:03.405,0.9182700000000001,0.91818,1.5,1.5
20.08.2021 00:20:19.960,0.91825,0.91818,1,1.5
20.08.2021 00:20:25.577,0.9182700000000001,0.91818,2.51,1.5
20.08.2021 00:20:31.070,0.9182600000000001,0.91818,1.25,1.5
20.08.2021 00:20:31.171,0.91825,0.9181700000000002,1.69,1
20.08.2021 00:20:34.549,0.9182600000000001,0.9181700000000002,3.26,1
20.08.2021 00:20:37.877,0.9182700000000001,0.9181700000000002,2.51,1
20.08.2021 00:20:38.156,0.9182600000000001,0.9181700000000002,1.25,1
20.08.2021 00:20:40.772,0.9182600000000001,0.91815,1.25,1
20.08.2021 00:20:54.436,0.9182600000000001,0.9181600000000001,2.44,1.1
20.08.2021 00:20:56.965,0.9182600000000001,0.9181700000000002,1.69,1
20.08.2021 00:20:59.844,0.91825,0.9181600000000001,1.25,1
20.08.2021 00:21:00.499,0.91825,0.9181700000000002,1.25,1
20.08.2021 00:21:00.747,0.91829,0.9181900000000001,1.69,2.25
20.08.2021 00:21:00.798,0.9183,0.9182100000000001,2.44,1
20.08.2021 00:21:00.900,0.9183100000000001,0.9182100000000001,1.25,1.95
20.08.2021 00:21:02.035,0.9183200000000001,0.9182200000000001,2.57,1
20.08.2021 00:21:02.847,0.91833,0.9182100000000001,1.76,1
20.08.2021 00:21:05.488,0.91833,0.9182400000000001,1.25,1
20.08.2021 00:21:15.523,0.91834,0.9182400000000001,1.76,1.5
20.08.2021 00:21:43.299,0.91834,0.91825,1.69,1
20.08.2021 00:22:22.763,0.91835,0.91829,1.5,1.5
20.08.2021 00:22:22.814,0.91838,0.91828,2.97,1
20.08.2021 00:22:22.916,0.91838,0.91828,1,2.25
20.08.2021 00:22:22.966,0.9184200000000001,0.9183,1.76,1
20.08.2021 00:22:44.366,0.9183700000000001,0.91829,1.25,1.12
20.08.2021 00:22:44.468,0.9183700000000001,0.91828,1.76,1
20.08.2021 00:22:44.570,0.9183700000000001,0.9182700000000001,2.51,1.5
20.08.2021 00:22:46.567,0.9183600000000001,0.9182700000000001,1,1
20.08.2021 00:22:56.766,0.91835,0.9182600000000001,1.25,1.5
20.08.2021 00:22:56.868,0.91838,0.9183100000000001,1,1.5
20.08.2021 00:22:56.970,0.91838,0.9183200000000001,1,1
20.08.2021 00:22:57.021,0.9184100000000001,0.9183200000000001,1.1,1
20.08.2021 00:22:58.152,0.9184100000000001,0.9183100000000001,1.01,2.25
20.08.2021 00:22:58.716,0.9184100000000001,0.9183200000000001,1,1.1
20.08.2021 00:24:02.509,0.9183600000000001,0.9182700000000001,1.25,1.2
20.08.2021 00:24:02.610,0.9183700000000001,0.91825,1.76,1.57
20.08.2021 00:24:02.712,0.9183600000000001,0.9182600000000001,2.54,1.5
20.08.2021 00:24:02.813,0.91834,0.9182600000000001,1,1
20.08.2021 00:24:04.951,0.91834,0.91825,1.1,1
20.08.2021 00:24:15.723,0.91835,0.91823,1.76,1.5
20.08.2021 00:24:21.913,0.91833,0.9182400000000001,1.1,1
20.08.2021 00:24:22.015,0.91829,0.9181900000000001,1.76,3
20.08.2021 00:24:22.127,0.91829,0.91818,1.01,1
20.08.2021 00:24:22.228,0.9182700000000001,0.91818,1.01,1
20.08.2021 00:24:22.330,0.9182600000000001,0.91818,1.25,1
20.08.2021 00:24:22.432,0.9182600000000001,0.9181700000000002,1.01,1
20.08.2021 00:24:22.587,0.9182600000000001,0.9181600000000001,2.57,1
20.08.2021 00:24:22.688,0.91825,0.91815,1.25,1.95
20.08.2021 00:24:27.693,0.91825,0.9181600000000001,1.25,1
20.08.2021 00:24:29.754,0.91825,0.91815,1.25,1
20.08.2021 00:24:41.325,0.9182200000000001,0.91814,2.25,1.12
20.08.2021 00:24:41.528,0.9182400000000001,0.91814,1.76,1.5
20.08.2021 00:24:41.798,0.9182400000000001,0.91815,1.1,1
20.08.2021 00:24:47.086,0.9182400000000001,0.91814,1.76,1.5
20.08.2021 00:24:47.691,0.9182400000000001,0.91815,1.1,1
20.08.2021 00:24:56.042,0.91823,0.91815,1,1
20.08.2021 00:25:00.582,0.9182400000000001,0.91815,1.1,1
20.08.2021 00:25:27.346,0.91825,0.91815,1.57,1
20.08.2021 00:25:27.498,0.9182600000000001,0.9181600000000001,1.79,1
20.08.2021 00:25:39.379,0.9182600000000001,0.91814,1.76,1.5
20.08.2021 00:25:47.278,0.91825,0.9181600000000001,1.1,1
20.08.2021 00:26:10.541,0.91825,0.9181700000000002,1,1
20.08.2021 00:26:10.643,0.9182600000000001,0.9181700000000002,1.1,1
20.08.2021 00:26:33.431,0.9182600000000001,0.9181600000000001,1.57,1.5
20.08.2021 00:26:45.099,0.9182600000000001,0.9181700000000002,1.1,1
20.08.2021 00:26:51.891,0.9182600000000001,0.9181600000000001,1.76,1.5
20.08.2021 00:26:51.992,0.9182600000000001,0.9181600000000001,1.79,1.5
20.08.2021 00:27:14.328,0.9182600000000001,0.9181600000000001,1.76,1.5
20.08.2021 00:27:26.220,0.9182700000000001,0.9181700000000002,1.75,1
20.08.2021 00:27:34.811,0.9183200000000001,0.9182200000000001,2.75,1
20.08.2021 00:27:34.862,0.9183200000000001,0.91823,3.26,1
20.08.2021 00:27:34.963,0.9183200000000001,0.9182200000000001,1.76,2.25
20.08.2021 00:27:35.457,0.9183200000000001,0.9182200000000001,2.57,2.25
20.08.2021 00:27:43.404,0.9183200000000001,0.9182200000000001,1.01,1.5
20.08.2021 00:27:49.372,0.9183200000000001,0.91823,1.01,1
20.08.2021 00:27:49.473,0.9183200000000001,0.9182400000000001,1,1
20.08.2021 00:27:49.574,0.91834,0.9182400000000001,2.57,2.25
20.08.2021 00:28:17.742,0.91834,0.9182400000000001,1.76,2.25
20.08.2021 00:28:21.754,0.91834,0.91825,1.01,1
20.08.2021 00:28:31.297,0.91834,0.9182400000000001,1.01,2.25
20.08.2021 00:28:46.066,0.91834,0.91825,1.1,1.5
20.08.2021 00:29:39.527,0.91835,0.91825,1.5,1.5
20.08.2021 00:29:45.944,0.91835,0.91825,2.54,1
20.08.2021 00:30:01.540,0.91835,0.91825,1.1,1
20.08.2021 00:30:03.648,0.91835,0.9182400000000001,1,1.5
20.08.2021 00:30:03.749,0.9183600000000001,0.9182400000000001,1.1,1
20.08.2021 00:30:07.296,0.91835,0.9182600000000001,1.1,1
20.08.2021 00:30:12.230,0.9183600000000001,0.9182700000000001,1.5,1
20.08.2021 00:30:12.331,0.9183600000000001,0.91828,1,1
20.08.2021 00:30:14.244,0.9183600000000001,0.9182700000000001,1,1.5
20.08.2021 00:30:19.399,0.9183700000000001,0.9182700000000001,1.1,1.5
20.08.2021 00:30:24.572,0.9183600000000001,0.91825,1.57,1.87
20.08.2021 00:30:49.047,0.9183600000000001,0.9182600000000001,2.32,1
20.08.2021 00:31:17.466,0.9183700000000001,0.9182400000000001,2.51,1.5
20.08.2021 00:31:19.528,0.91835,0.91825,1,1.5
20.08.2021 00:31:24.614,0.91835,0.9182600000000001,1,1
20.08.2021 00:31:27.416,0.9183600000000001,0.9182600000000001,1,1.5
20.08.2021 00:31:33.690,0.91835,0.9182600000000001,1,1.5
20.08.2021 00:31:34.498,0.91834,0.9182600000000001,1,1.5
20.08.2021 00:31:43.951,0.91835,0.9182600000000001,2.25,1
20.08.2021 00:31:56.545,0.91835,0.91825,1.5,1
20.08.2021 00:32:22.978,0.91834,0.9182600000000001,1,1
20.08.2021 00:33:52.107,0.9183200000000001,0.9182600000000001,1,1
20.08.2021 00:33:52.209,0.9183200000000001,0.9182400000000001,2.32,1
20.08.2021 00:33:59.923,0.91833,0.91823,1.76,1
20.08.2021 00:33:59.974,0.9183100000000001,0.91823,1,1
20.08.2021 00:34:00.559,0.9183100000000001,0.91823,1.6,1
20.08.2021 00:34:00.709,0.9183200000000001,0.9182100000000001,1.6,1
20.08.2021 00:34:25.704,0.9183,0.9182,2.35,1
20.08.2021 00:34:25.756,0.9183,0.9182,2.47,1
20.08.2021 00:34:37.381,0.91829,0.9182,1.7,1
20.08.2021 00:34:53.858,0.9183100000000001,0.9182100000000001,2.07,1
20.08.2021 00:34:53.909,0.9183100000000001,0.9182100000000001,1.95,1
20.08.2021 00:34:54.061,0.9183100000000001,0.9182200000000001,1.12,1
20.08.2021 00:34:55.922,0.91829,0.9182100000000001,1.12,1
20.08.2021 00:34:59.418,0.9183100000000001,0.9182100000000001,1.87,1
20.08.2021 00:35:00.065,0.9183200000000001,0.9182,2.07,1
20.08.2021 00:35:01.392,0.9183,0.9182,2.07,1
20.08.2021 00:35:01.547,0.9183,0.9182100000000001,1.6,1
20.08.2021 00:35:02.505,0.9183100000000001,0.9182100000000001,1.95,1
20.08.2021 00:35:02.974,0.9183,0.9182100000000001,1.12,1
20.08.2021 00:35:03.292,0.9182700000000001,0.9182100000000001,1,1
20.08.2021 00:35:29.105,0.9182700000000001,0.9182,1,1
20.08.2021 00:35:29.208,0.91828,0.91818,1,1
20.08.2021 00:35:29.309,0.91828,0.91818,2.1,1
20.08.2021 00:35:44.098,0.9182700000000001,0.9181900000000001,1.2,1
20.08.2021 00:35:46.936,0.9182700000000001,0.91818,1.2,1
20.08.2021 00:35:53.484,0.9182700000000001,0.91818,1.6,1
20.08.2021 00:36:41.921,0.9182700000000001,0.9181700000000002,2.07,1
20.08.2021 00:37:04.795,0.9182400000000001,0.9181700000000002,1,1
20.08.2021 00:37:08.033,0.9182700000000001,0.9181700000000002,2.07,1
20.08.2021 00:37:13.667,0.9182700000000001,0.91815,1.2,1.5
20.08.2021 00:38:01.728,0.9182400000000001,0.91814,2.51,1
20.08.2021 00:38:01.830,0.91825,0.9181200000000002,3.29,1.5
20.08.2021 00:38:01.981,0.9182200000000001,0.91813,1,1
20.08.2021 00:38:02.083,0.9182400000000001,0.91813,4.85,1.5
20.08.2021 00:38:39.854,0.9182400000000001,0.91813,2.32,1.5
20.08.2021 00:38:45.567,0.9182400000000001,0.91813,2.35,1.5
20.08.2021 00:38:45.669,0.91825,0.9181200000000002,2.32,1.5
20.08.2021 00:38:45.770,0.9182400000000001,0.91813,2.35,1.5
20.08.2021 00:38:46.347,0.9182,0.9181100000000001,1.12,1
20.08.2021 00:38:46.449,0.9182,0.91809,2.32,2.25
20.08.2021 00:38:46.550,0.9181900000000001,0.91809,1.1,1.5
20.08.2021 00:39:06.202,0.91818,0.91808,1,1.5
20.08.2021 00:39:31.194,0.91818,0.91809,1.12,1
20.08.2021 00:39:45.921,0.9181900000000001,0.9181100000000001,1.12,1
20.08.2021 00:39:45.972,0.9182,0.9181,1.1,1.69
20.08.2021 00:39:46.124,0.9182100000000001,0.9181100000000001,1.95,1
20.08.2021 00:39:57.094,0.9182100000000001,0.9181100000000001,2.35,1
20.08.2021 00:39:57.296,0.9182,0.9181,1.1,1.5
20.08.2021 00:40:00.214,0.9181900000000001,0.9181,1.1,1
20.08.2021 00:40:33.150,0.9182,0.9181,1.12,1.5
20.08.2021 00:40:33.251,0.9182100000000001,0.9181100000000001,1,1.69
20.08.2021 00:40:33.353,0.9182200000000001,0.9181200000000002,1.87,1
20.08.2021 00:40:33.454,0.91823,0.91813,2.64,1
20.08.2021 00:40:41.408,0.91823,0.91813,2.14,1
20.08.2021 00:40:43.230,0.9182100000000001,0.9181100000000001,1.2,1.5
20.08.2021 00:40:44.196,0.91823,0.9181100000000001,1.87,1
20.08.2021 00:40:58.729,0.9182200000000001,0.9181200000000002,2,1
20.08.2021 00:41:20.784,0.9182,0.9181,1.2,1.5
20.08.2021 00:41:30.178,0.9182,0.9181,1.22,1.5
20.08.2021 00:41:39.771,0.9181900000000001,0.91809,1.1,1.5
20.08.2021 00:41:45.914,0.9182100000000001,0.91809,1.95,1
20.08.2021 00:41:47.385,0.9182,0.9181100000000001,1.2,1
20.08.2021 00:42:04.786,0.9182,0.9181,1.12,1.5
20.08.2021 00:42:25.900,0.9182,0.9181,2.91,1
20.08.2021 00:42:26.001,0.9181900000000001,0.91809,1.1,1.5
20.08.2021 00:43:21.033,0.9181900000000001,0.91808,2.72,1.5
20.08.2021 00:43:21.665,0.9181900000000001,0.91808,2.7,1.5
20.08.2021 00:43:25.329,0.9181900000000001,0.91808,3.85,1.5
20.08.2021 00:43:25.481,0.91818,0.9180700000000002,2.32,1.5
20.08.2021 00:43:33.420,0.91818,0.9180700000000002,1.5,2.54
20.08.2021 00:43:34.104,0.91818,0.9180700000000002,1.5,2.51
20.08.2021 00:43:40.200,0.9181600000000001,0.9180600000000001,1.5,1.01
20.08.2021 00:43:40.301,0.9181600000000001,0.9180700000000002,1,1
20.08.2021 00:43:40.402,0.9181700000000002,0.9180700000000002,2.25,1
20.08.2021 00:43:49.346,0.9181600000000001,0.9180600000000001,1.5,1
20.08.2021 00:43:49.448,0.91813,0.91804,1,1
20.08.2021 00:44:38.248,0.91814,0.91804,1.2,1
20.08.2021 00:45:21.539,0.91815,0.91805,1,2.7
20.08.2021 00:45:21.640,0.91815,0.91805,1,2.72
20.08.2021 00:45:28.545,0.91815,0.9180700000000002,1,1
20.08.2021 00:45:28.647,0.9181700000000002,0.9180600000000001,1.12,1
20.08.2021 00:45:32.350,0.9181700000000002,0.9180700000000002,1.87,1.1
20.08.2021 00:46:17.528,0.91814,0.91805,2.32,1
20.08.2021 00:46:17.630,0.91813,0.91804,1.1,1
20.08.2021 00:46:19.059,0.91813,0.91803,1.57,1.1
20.08.2021 00:46:22.255,0.9181200000000002,0.91803,1,1.1
20.08.2021 00:46:24.935,0.9181100000000001,0.9180200000000002,1.1,1
20.08.2021 00:46:25.037,0.9181,0.9180200000000002,1,1
20.08.2021 00:46:25.242,0.91809,0.9180100000000001,1,1
20.08.2021 00:46:25.343,0.91808,0.918,1,1.1
20.08.2021 00:46:25.838,0.91808,0.918,1,1.1
20.08.2021 00:46:25.943,0.9180700000000002,0.918,1,1.1
20.08.2021 00:46:26.450,0.91808,0.91798,1,1
20.08.2021 00:46:28.179,0.9180600000000001,0.91799,1,1
20.08.2021 00:46:35.090,0.9180700000000002,0.91799,1,1
20.08.2021 00:47:04.008,0.9180700000000002,0.91798,1,1.1
20.08.2021 00:47:05.539,0.91809,0.91798,1,1
20.08.2021 00:47:25.780,0.91809,0.91799,1.5,1
20.08.2021 00:48:00.538,0.91808,0.91798,1,1.5
20.08.2021 00:48:09.001,0.91808,0.91799,1,1
20.08.2021 00:48:26.405,0.91808,0.91798,1,1.5
20.08.2021 00:48:27.118,0.9180700000000002,0.9179700000000001,1,1.57
20.08.2021 00:48:30.274,0.91808,0.91798,1.1,1.57
20.08.2021 00:49:00.375,0.91809,0.91799,1.6,1.5
20.08.2021 00:49:06.372,0.91809,0.918,2.35,1
20.08.2021 00:49:13.995,0.91808,0.91798,1,1.5
20.08.2021 00:49:19.403,0.91808,0.91798,1.1,2.32
20.08.2021 00:49:22.268,0.91808,0.91799,1.1,1
20.08.2021 00:49:43.412,0.91808,0.91798,1.5,2.25
20.08.2021 00:50:01.160,0.91808,0.91799,1.25,1
20.08.2021 00:50:36.019,0.9181,0.91799,1.57,2.44
20.08.2021 00:50:41.611,0.91814,0.91805,1,3.82
20.08.2021 00:50:41.662,0.91815,0.9180600000000001,1,1.57
20.08.2021 00:50:41.763,0.9181700000000002,0.9180700000000002,1.5,1.1
20.08.2021 00:51:01.128,0.91818,0.91808,1.57,1
20.08.2021 00:51:56.116,0.9181700000000002,0.9180700000000002,1,2.7
20.08.2021 00:52:08.667,0.9181700000000002,0.91809,1,1
20.08.2021 00:52:08.768,0.9181700000000002,0.91808,1.5,1
20.08.2021 00:53:23.385,0.9181600000000001,0.91808,1,1
20.08.2021 00:54:00.775,0.9181200000000002,0.91804,1.5,1
20.08.2021 00:54:00.876,0.9181100000000001,0.91803,2.25,1
20.08.2021 00:54:01.614,0.9181,0.91803,1,1
20.08.2021 00:54:01.799,0.9181,0.9180100000000001,1,1
20.08.2021 00:54:01.850,0.91808,0.9180100000000001,1,1
20.08.2021 00:54:02.281,0.91808,0.918,1,1
20.08.2021 00:54:26.041,0.91809,0.918,1,1
20.08.2021 00:54:26.194,0.9181,0.918,1.5,1
20.08.2021 00:54:29.842,0.9181,0.9180100000000001,1,1
20.08.2021 00:54:30.397,0.9181,0.918,1,1
20.08.2021 00:54:30.995,0.9181,0.9180100000000001,1,1
20.08.2021 00:54:34.240,0.9181100000000001,0.9180100000000001,1.87,1.25
20.08.2021 00:54:34.342,0.9181200000000002,0.9180200000000002,1.95,1
20.08.2021 00:54:37.098,0.9181100000000001,0.9180200000000002,1,1
20.08.2021 00:54:39.052,0.9181,0.9180200000000002,1,1
20.08.2021 00:54:39.154,0.9181,0.9180100000000001,1,1
20.08.2021 00:54:41.226,0.9181,0.9180200000000002,1,1
20.08.2021 00:54:41.327,0.9181200000000002,0.9180100000000001,1,1
20.08.2021 00:54:43.067,0.91809,0.918,1,1
20.08.2021 00:54:45.395,0.9181,0.918,1,1
20.08.2021 00:54:45.958,0.91809,0.918,1,1
20.08.2021 00:54:47.832,0.9181,0.918,1,1
20.08.2021 00:54:50.557,0.91809,0.91799,1.5,1
20.08.2021 00:54:51.176,0.9181,0.91799,1,1
20.08.2021 00:54:52.381,0.91809,0.91799,1,1.25
20.08.2021 00:54:57.505,0.91808,0.91799,1,1.25
20.08.2021 00:54:58.479,0.91809,0.91799,1,1.25
20.08.2021 00:54:59.136,0.91805,0.9179600000000001,2.25,3.2
20.08.2021 00:54:59.238,0.9180600000000001,0.9179600000000001,1.25,2.32
20.08.2021 00:54:59.944,0.9180700000000002,0.9179600000000001,1,4.01
20.08.2021 00:55:00.204,0.9180700000000002,0.9179700000000001,1,1.76
20.08.2021 00:55:00.306,0.91809,0.91799,1,4.76
20.08.2021 00:55:00.407,0.9181,0.91799,1,5.51
20.08.2021 00:55:00.508,0.91808,0.91798,1,3.19
20.08.2021 00:55:00.610,0.9181,0.91799,1.5,2.51
20.08.2021 00:55:00.913,0.91809,0.91798,1,2.44
20.08.2021 00:55:01.190,0.91808,0.91798,1,1.69
20.08.2021 00:55:01.638,0.9180600000000001,0.91795,3.07,1.5
20.08.2021 00:55:01.789,0.91805,0.91795,1,1.1
20.08.2021 00:55:02.906,0.91803,0.91793,1,1.01
20.08.2021 00:55:03.007,0.9180100000000001,0.9179200000000001,1,1
20.08.2021 00:55:03.620,0.9180100000000001,0.91793,1,1
20.08.2021 00:55:03.721,0.9180200000000002,0.91793,1,1
20.08.2021 00:55:10.226,0.9180200000000002,0.9179200000000001,2.32,1
20.08.2021 00:55:10.587,0.9180200000000002,0.9179200000000001,1,1
20.08.2021 00:55:11.441,0.9180200000000002,0.9179,1.5,1.69
20.08.2021 00:55:11.556,0.9180100000000001,0.9179200000000001,1,1
20.08.2021 00:55:12.222,0.9180200000000002,0.9179200000000001,1.1,1
20.08.2021 00:55:15.244,0.9180200000000002,0.91794,1,1
20.08.2021 00:55:27.684,0.9180100000000001,0.9179100000000001,1,1.5
20.08.2021 00:55:28.278,0.9180100000000001,0.9179200000000001,1,1
20.08.2021 00:55:30.098,0.9180100000000001,0.9179100000000001,1,1
20.08.2021 00:55:36.410,0.9180100000000001,0.91793,1,1
20.08.2021 00:56:01.297,0.9180200000000002,0.91793,1.1,1
20.08.2021 00:56:03.229,0.9180100000000001,0.9179100000000001,1.5,1.12
20.08.2021 00:56:03.330,0.9180100000000001,0.9179200000000001,1,1
20.08.2021 00:56:14.433,0.91803,0.9179100000000001,1.57,1
20.08.2021 00:56:16.344,0.9180100000000001,0.9179200000000001,1,1
20.08.2021 00:56:17.831,0.9180200000000002,0.9179200000000001,1,1.57
20.08.2021 00:56:18.235,0.9180200000000002,0.9179100000000001,1,1
20.08.2021 00:56:18.349,0.9180100000000001,0.9179100000000001,1.5,1.2
20.08.2021 00:56:18.501,0.9180100000000001,0.9179200000000001,1,1
20.08.2021 00:57:13.458,0.9180100000000001,0.91793,1,1
20.08.2021 00:57:14.386,0.91805,0.9179700000000001,1.5,1.5
20.08.2021 00:57:21.265,0.9180600000000001,0.9179700000000001,2.25,1
20.08.2021 00:57:26.406,0.91808,0.91799,1,1.57
20.08.2021 00:57:26.507,0.91809,0.91799,2.25,1.57
20.08.2021 00:57:29.658,0.91809,0.918,1.5,1
20.08.2021 00:57:33.840,0.9181,0.918,1.5,2.25
20.08.2021 00:57:36.268,0.9181,0.9180100000000001,1,1
20.08.2021 00:57:46.686,0.9181,0.918,1.5,2.25
20.08.2021 00:57:46.788,0.91808,0.918,1,1
20.08.2021 00:58:08.185,0.91808,0.91798,1.5,1.57
20.08.2021 00:58:29.917,0.91808,0.91799,1,1
20.08.2021 00:58:46.068,0.91809,0.91799,1.5,1
20.08.2021 00:59:07.429,0.91808,0.91799,1,1
20.08.2021 00:59:13.231,0.9180700000000002,0.91799,1,1
20.08.2021 00:59:13.383,0.91805,0.91795,1,3.26
20.08.2021 00:59:13.485,0.9180600000000001,0.9179600000000001,1,1
20.08.2021 00:59:17.523,0.91804,0.91794,1.5,3.56
20.08.2021 00:59:17.752,0.91804,0.91795,1,1
20.08.2021 00:59:26.096,0.9180600000000001,0.9179600000000001,1.5,2.32
20.08.2021 00:59:26.248,0.9180600000000001,0.9179600000000001,1,4.22
20.08.2021 00:59:28.597,0.9180600000000001,0.9179600000000001,1,2.32
20.08.2021 00:59:28.699,0.9180700000000002,0.91798,1,1
20.08.2021 00:59:28.801,0.91805,0.91798,1,1
20.08.2021 01:00:00.450,0.91805,0.9179600000000001,1,1
20.08.2021 01:00:01.384,0.91804,0.91794,1.5,1.69
20.08.2021 01:00:01.485,0.91803,0.91794,1,1.25
20.08.2021 01:00:02.901,0.9180200000000002,0.9179200000000001,1,1.76
20.08.2021 01:00:03.154,0.9180100000000001,0.9179100000000001,1.5,1.95
20.08.2021 01:00:20.873,0.918,0.9179,1,1.57
20.08.2021 01:02:03.594,0.9180100000000001,0.9179100000000001,1.57,1
20.08.2021 01:02:18.960,0.9180100000000001,0.91795,1,1
20.08.2021 01:02:19.011,0.9180700000000002,0.9179600000000001,1,1.1
20.08.2021 01:02:19.112,0.91808,0.9179700000000001,1.57,2.91
20.08.2021 01:02:19.365,0.91809,0.91799,1.6,1
20.08.2021 01:03:13.058,0.91809,0.918,2.54,1
20.08.2021 01:03:38.168,0.91809,0.918,1,1.1
20.08.2021 01:03:46.687,0.91808,0.918,1,1
20.08.2021 01:04:31.307,0.9181,0.91799,1.5,1
20.08.2021 01:04:47.957,0.91808,0.918,1,1.5
20.08.2021 01:04:55.597,0.91808,0.91799,1,1.5
20.08.2021 01:04:55.974,0.9180700000000002,0.91799,1,1.5
20.08.2021 01:04:57.899,0.91808,0.9179700000000001,1,1.57
20.08.2021 01:04:59.068,0.9180700000000002,0.91799,1,1
20.08.2021 01:04:59.169,0.91808,0.91799,1,1.57
20.08.2021 01:05:07.043,0.91808,0.91798,1.5,2.32
20.08.2021 01:05:07.144,0.9180700000000002,0.91798,1,1.57
20.08.2021 01:05:09.395,0.91808,0.91799,1,1.1
20.08.2021 01:05:17.861,0.91808,0.91799,1,1.6
20.08.2021 01:05:18.022,0.9181,0.91799,2.25,2.35
20.08.2021 01:05:22.333,0.91809,0.918,1,1.1
20.08.2021 01:05:29.867,0.91809,0.91799,1,1
20.08.2021 01:05:47.593,0.91809,0.91798,2.51,1.57
20.08.2021 01:05:47.694,0.9180700000000002,0.91798,1,1.1
20.08.2021 01:05:47.745,0.9180600000000001,0.9179600000000001,3.64,1
20.08.2021 01:05:47.846,0.91805,0.91795,1.57,1.5
20.08.2021 01:05:48.496,0.9180200000000002,0.91794,1,1
20.08.2021 01:05:48.597,0.9180200000000002,0.9179200000000001,1.87,1.57
20.08.2021 01:06:05.891,0.9180100000000001,0.9179100000000001,1,1.5
20.08.2021 01:06:24.667,0.9180100000000001,0.9179100000000001,1,2.54
20.08.2021 01:06:24.919,0.9180200000000002,0.9179200000000001,1.12,1.1
20.08.2021 01:06:28.759,0.9180100000000001,0.9179200000000001,1,1
20.08.2021 01:06:28.861,0.9180100000000001,0.9179100000000001,1,1.5
20.08.2021 01:07:25.348,0.918,0.9179100000000001,1,1.1
20.08.2021 01:07:36.641,0.91799,0.9179100000000001,1,1
20.08.2021 01:07:36.742,0.9179700000000001,0.91789,1.57,1
20.08.2021 01:08:05.687,0.9179600000000001,0.9178700000000001,4.2,1
20.08.2021 01:08:05.788,0.91795,0.9178700000000001,1,1
20.08.2021 01:08:07.331,0.9179600000000001,0.9178700000000001,1.57,1.5
20.08.2021 01:08:07.432,0.91795,0.9178700000000001,1,1.5
20.08.2021 01:08:07.966,0.9179600000000001,0.9178700000000001,1.5,1.57
20.08.2021 01:08:29.037,0.9179600000000001,0.9178799999999999,1,1
20.08.2021 01:08:29.189,0.9179700000000001,0.91789,1.5,1
20.08.2021 01:08:49.274,0.91798,0.91789,1,1.6
20.08.2021 01:09:05.286,0.918,0.9179,1.57,1.57
20.08.2021 01:09:11.209,0.918,0.9179,1.5,1.6
20.08.2021 01:09:45.236,0.9180100000000001,0.9179100000000001,1.57,1.5
20.08.2021 01:09:49.294,0.918,0.9179200000000001,1,1.1
20.08.2021 01:09:49.547,0.9180100000000001,0.9179200000000001,1,1.1
20.08.2021 01:09:49.747,0.9180100000000001,0.91793,1,1
20.08.2021 01:09:54.298,0.9180200000000002,0.91793,1.5,1
20.08.2021 01:10:00.937,0.9180200000000002,0.9179200000000001,2.32,1.57
20.08.2021 01:10:01.038,0.9180200000000002,0.91793,1.57,1
20.08.2021 01:10:13.598,0.9180100000000001,0.9179100000000001,1.57,1.57
20.08.2021 01:10:13.699,0.918,0.9179100000000001,1,1.1
20.08.2021 01:10:38.506,0.918,0.9179,1.57,2.32
20.08.2021 01:11:28.619,0.918,0.9179,1.6,1.5
20.08.2021 01:11:31.579,0.918,0.9179,1.57,1.57
20.08.2021 01:12:03.340,0.91799,0.9179,1,2.32
20.08.2021 01:12:26.642,0.91799,0.9179200000000001,1,1
20.08.2021 01:12:26.743,0.91799,0.91793,1,1
20.08.2021 01:12:26.844,0.918,0.91793,1.5,1
20.08.2021 01:12:27.601,0.9180100000000001,0.91793,1,1
20.08.2021 01:12:31.857,0.9180100000000001,0.91794,1,1
20.08.2021 01:12:31.958,0.9180200000000002,0.91795,1.5,1
20.08.2021 01:12:32.060,0.91803,0.91795,1.5,1
20.08.2021 01:12:43.083,0.91804,0.9179700000000001,1,1
20.08.2021 01:12:43.184,0.9180600000000001,0.91798,1,1
20.08.2021 01:12:43.285,0.91808,0.91798,1,1
20.08.2021 01:13:06.354,0.91808,0.91799,2.32,1
20.08.2021 01:15:00.574,0.9181,0.9180100000000001,1,1
20.08.2021 01:15:00.675,0.9181,0.918,1.69,1.5
20.08.2021 01:15:00.781,0.91809,0.91799,1.25,1
20.08.2021 01:15:00.883,0.91804,0.91794,1,2.5
20.08.2021 01:15:00.985,0.91804,0.91794,1,1.69
20.08.2021 01:15:03.049,0.9180200000000002,0.9179200000000001,1,1.25
20.08.2021 01:15:03.303,0.918,0.9179,1,4.37
20.08.2021 01:15:04.727,0.918,0.9179,1,1.69
20.08.2021 01:15:05.389,0.918,0.9179,1,2.5
20.08.2021 01:15:05.682,0.9180100000000001,0.9179100000000001,1,1.25
20.08.2021 01:15:07.138,0.9180100000000001,0.9179100000000001,1,1.35
20.08.2021 01:15:09.349,0.9180100000000001,0.9179100000000001,1,1.1
20.08.2021 01:15:18.155,0.918,0.9179,1,2.54
20.08.2021 01:15:36.539,0.918,0.9179,1.1,1.76
20.08.2021 01:16:05.395,0.91799,0.91789,1,1.79
20.08.2021 01:16:22.901,0.91799,0.91789,1,1.69
20.08.2021 01:16:31.183,0.91799,0.91789,1,1.35
20.08.2021 01:16:40.029,0.91799,0.91789,1,1.01
20.08.2021 01:17:04.200,0.91798,0.91789,1,1.5
20.08.2021 01:17:04.301,0.91795,0.9178600000000001,1,4.12
20.08.2021 01:17:04.453,0.91794,0.9178600000000001,1.1,1
20.08.2021 01:17:04.554,0.91793,0.91784,1,1.5
20.08.2021 01:17:05.647,0.91794,0.91785,1,1.69
20.08.2021 01:17:05.749,0.91795,0.91785,1,2.51
20.08.2021 01:17:08.331,0.91795,0.9178600000000001,1,1
20.08.2021 01:17:09.934,0.9179700000000001,0.91785,3.26,1.5
20.08.2021 01:17:10.035,0.9179600000000001,0.9178700000000001,1,1.25
20.08.2021 01:17:11.659,0.91795,0.9178700000000001,1,1
20.08.2021 01:17:11.760,0.91795,0.9178600000000001,1,1
20.08.2021 01:17:18.304,0.91795,0.91785,1.1,2.44
20.08.2021 01:17:18.456,0.91794,0.91785,1,1.69
20.08.2021 01:17:40.298,0.91795,0.91785,1.1,1.69
20.08.2021 01:17:50.905,0.91794,0.91785,1.1,1
20.08.2021 01:18:00.135,0.91794,0.91784,1.76,1
20.08.2021 01:18:04.210,0.91794,0.9178299999999999,2.54,2.44
20.08.2021 01:18:04.311,0.91794,0.91784,2.54,1
20.08.2021 01:18:13.299,0.91794,0.9178299999999999,4.85,2.25
20.08.2021 01:18:30.277,0.91793,0.9178299999999999,1.35,1
20.08.2021 01:18:30.428,0.9179200000000001,0.9178200000000001,3.26,1.5
20.08.2021 01:18:37.735,0.91789,0.9177799999999999,3.82,2.19
20.08.2021 01:18:37.785,0.91789,0.9177600000000001,4.82,2.07
20.08.2021 01:18:37.836,0.9178600000000001,0.9177600000000001,1.69,2.32
20.08.2021 01:18:37.937,0.91785,0.9177600000000001,1,1.5
20.08.2021 01:18:44.680,0.91785,0.9177600000000001,1.35,1
20.08.2021 01:18:44.781,0.9178600000000001,0.9177700000000001,1.1,1.69
20.08.2021 01:18:44.883,0.9178799999999999,0.91779,1.2,1
20.08.2021 01:18:50.223,0.9178799999999999,0.9177799999999999,1.95,1.25
20.08.2021 01:18:50.882,0.9178600000000001,0.9177799999999999,1.1,1
20.08.2021 01:18:50.984,0.91784,0.9177500000000001,1,1
20.08.2021 01:19:03.372,0.9178299999999999,0.9177500000000001,1,1
20.08.2021 01:19:03.922,0.9178299999999999,0.91774,1,1
20.08.2021 01:19:32.588,0.9178299999999999,0.9177299999999999,1.5,1.5
20.08.2021 01:19:46.123,0.9178299999999999,0.91774,1,1
20.08.2021 01:19:52.289,0.91784,0.91774,1,1
20.08.2021 01:19:57.853,0.91784,0.9177500000000001,1,1
20.08.2021 01:20:03.577,0.91789,0.9178000000000001,1.25,1
20.08.2021 01:20:03.627,0.91789,0.9178000000000001,1,1.69
20.08.2021 01:20:03.729,0.9179100000000001,0.9178000000000001,1.76,2.89
20.08.2021 01:20:03.933,0.9179,0.9178000000000001,1.1,1.69
20.08.2021 01:20:11.311,0.91789,0.91779,1.1,1.69
20.08.2021 01:20:15.687,0.9178799999999999,0.91779,1.1,1
20.08.2021 01:20:15.789,0.9178700000000001,0.91779,1,1
20.08.2021 01:20:19.758,0.9178700000000001,0.9177600000000001,1,1
20.08.2021 01:20:19.860,0.91785,0.9177500000000001,1.76,1
20.08.2021 01:20:19.961,0.9178299999999999,0.91774,1,1
20.08.2021 01:20:20.114,0.9178299999999999,0.9177299999999999,1.5,1.57
20.08.2021 01:20:20.215,0.9178299999999999,0.91774,1,1
20.08.2021 01:20:47.219,0.9178200000000001,0.9177200000000001,1.1,1
20.08.2021 01:20:47.320,0.9178100000000001,0.91771,1.1,1
20.08.2021 01:20:47.421,0.9178000000000001,0.9177000000000001,1.39,1
20.08.2021 01:20:47.522,0.9178000000000001,0.91769,1.39,1.69
20.08.2021 01:20:52.298,0.91779,0.91769,1,2.44
20.08.2021 01:20:52.399,0.9177799999999999,0.91769,1,1.69
20.08.2021 01:20:57.564,0.9177799999999999,0.9177000000000001,1,1
20.08.2021 01:20:58.307,0.91779,0.9177000000000001,1,1
20.08.2021 01:21:49.518,0.9178100000000001,0.9177200000000001,1,1.69
20.08.2021 01:21:58.987,0.9178200000000001,0.9177299999999999,1,1.5
20.08.2021 01:21:59.421,0.91784,0.9177200000000001,1.57,3.19
20.08.2021 01:22:10.332,0.9178299999999999,0.91774,1,1
20.08.2021 01:22:10.434,0.91784,0.91774,1.5,1.5
20.08.2021 01:22:11.819,0.91784,0.9177600000000001,1,1
20.08.2021 01:22:11.920,0.91784,0.9177500000000001,1,1
20.08.2021 01:22:13.284,0.91784,0.9177600000000001,1,1
20.08.2021 01:22:14.194,0.91784,0.91774,1.5,3.19
20.08.2021 01:22:20.136,0.9178299999999999,0.91774,1,1.5
20.08.2021 01:22:20.815,0.9178299999999999,0.9177299999999999,1,2.44
20.08.2021 01:22:27.113,0.91784,0.91774,1.5,1.75
20.08.2021 01:22:27.214,0.91785,0.9177299999999999,1.5,1.69
20.08.2021 01:22:27.366,0.91785,0.9177600000000001,1.5,1
20.08.2021 01:22:27.467,0.91785,0.9177500000000001,2.25,1.69
20.08.2021 01:22:27.933,0.91785,0.9177700000000001,1.5,1
20.08.2021 01:22:28.034,0.91785,0.9177500000000001,2.25,1.69
20.08.2021 01:22:31.894,0.91785,0.9177600000000001,1,1
20.08.2021 01:22:37.244,0.91784,0.91774,1,2.44
20.08.2021 01:22:59.462,0.91784,0.9177500000000001,1,1
20.08.2021 01:23:05.709,0.91784,0.91774,1,2.51
20.08.2021 01:23:13.718,0.91784,0.91774,1.22,1.69
20.08.2021 01:23:13.819,0.9178200000000001,0.9177200000000001,1.1,2.25
20.08.2021 01:23:14.213,0.9178100000000001,0.91771,1.5,2.89
20.08.2021 01:23:20.648,0.9178000000000001,0.9177000000000001,1.69,1.57
20.08.2021 01:23:20.749,0.9178000000000001,0.9177000000000001,1.79,1
20.08.2021 01:23:21.023,0.91779,0.9176799999999999,1.57,1.76
20.08.2021 01:23:44.831,0.9178000000000001,0.9176700000000001,1.5,1.79
20.08.2021 01:24:01.658,0.91779,0.9176799999999999,1.57,1.76
20.08.2021 01:24:04.174,0.91779,0.9176799999999999,1.57,1.79
20.08.2021 01:24:11.816,0.91779,0.9176799999999999,2.45,1.79
20.08.2021 01:24:12.941,0.91779,0.9176799999999999,2.45,1.69
20.08.2021 01:24:13.092,0.9177700000000001,0.9176799999999999,1,1
20.08.2021 01:24:15.978,0.9177700000000001,0.9176700000000001,1,2.06
20.08.2021 01:24:20.149,0.9177799999999999,0.9176700000000001,1.5,2.14
20.08.2021 01:24:30.537,0.91779,0.9176799999999999,1,1
20.08.2021 01:24:30.689,0.91779,0.91769,1.57,1
20.08.2021 01:24:32.524,0.9178200000000001,0.9177000000000001,1,3.07
20.08.2021 01:24:33.135,0.9178100000000001,0.9177000000000001,1,1.1
20.08.2021 01:24:38.156,0.9177799999999999,0.91769,1,2.54
20.08.2021 01:24:38.258,0.9177799999999999,0.91769,1,1.01
20.08.2021 01:24:46.037,0.91779,0.9177000000000001,1,1.69
20.08.2021 01:24:46.138,0.9177799999999999,0.9177000000000001,1,1.69
20.08.2021 01:24:49.820,0.9178000000000001,0.9177200000000001,1,1
20.08.2021 01:24:51.203,0.9178000000000001,0.9177000000000001,1.2,1
20.08.2021 01:24:51.305,0.91779,0.91769,1.57,1.69
20.08.2021 01:24:51.608,0.9177799999999999,0.91769,1,1.69
20.08.2021 01:25:00.722,0.91779,0.91769,1.87,3.26
20.08.2021 01:25:09.596,0.91779,0.9176700000000001,2.25,1.69
20.08.2021 01:25:09.697,0.9177700000000001,0.91766,1,1.25
20.08.2021 01:25:14.905,0.9177500000000001,0.9176700000000001,1,1
20.08.2021 01:25:28.298,0.9177600000000001,0.9176700000000001,1,1.25
20.08.2021 01:25:46.643,0.9177500000000001,0.9176700000000001,1,1
20.08.2021 01:26:04.669,0.9177500000000001,0.91766,1,1
20.08.2021 01:26:07.015,0.9177200000000001,0.91763,1,1.25
20.08.2021 01:26:07.116,0.9177299999999999,0.91763,1.25,2.25
20.08.2021 01:26:48.172,0.9177200000000001,0.9176200000000001,2.51,1
20.08.2021 01:26:48.274,0.9177000000000001,0.91761,1,1
20.08.2021 01:26:49.298,0.91769,0.91761,1,1
20.08.2021 01:26:49.969,0.9177000000000001,0.91761,1,1
20.08.2021 01:27:00.395,0.9177200000000001,0.91763,1.87,1
20.08.2021 01:27:00.496,0.9177299999999999,0.91763,1,1.25
20.08.2021 01:27:00.598,0.91774,0.91764,1.25,1
20.08.2021 01:27:06.998,0.91774,0.9176500000000001,1,1.25
20.08.2021 01:27:08.821,0.9177500000000001,0.9176500000000001,1.12,1.25
20.08.2021 01:27:34.180,0.9177600000000001,0.91764,2.12,1.5
20.08.2021 01:27:43.120,0.91774,0.91764,1.25,1.5
20.08.2021 01:28:00.887,0.9177000000000001,0.91761,1,1
20.08.2021 01:28:01.192,0.9177000000000001,0.9176000000000001,1,3.07
20.08.2021 01:28:06.490,0.9177000000000001,0.9176200000000001,1.1,1
20.08.2021 01:28:07.150,0.9177200000000001,0.91764,1.12,1
20.08.2021 01:28:07.251,0.9177299999999999,0.9176500000000001,1.2,1
20.08.2021 01:28:14.145,0.91774,0.9176500000000001,1.12,1
20.08.2021 01:28:30.733,0.9177500000000001,0.91766,1.1,1
20.08.2021 01:28:31.696,0.91774,0.91766,1,1
20.08.2021 01:28:32.792,0.9177299999999999,0.9176500000000001,1,1
20.08.2021 01:28:41.675,0.9177299999999999,0.91764,1,1
20.08.2021 01:28:42.547,0.9177200000000001,0.91764,1,1
20.08.2021 01:28:45.098,0.9177200000000001,0.9176200000000001,1.69,1.5
20.08.2021 01:28:45.250,0.91771,0.9176200000000001,1,1
20.08.2021 01:28:50.332,0.9177000000000001,0.91761,1,1
20.08.2021 01:28:50.433,0.91769,0.91761,1,1
20.08.2021 01:28:58.362,0.9176799999999999,0.91761,1,1
20.08.2021 01:29:02.978,0.9176700000000001,0.91761,1,1
20.08.2021 01:29:07.785,0.9176700000000001,0.91759,1,1
20.08.2021 01:29:19.171,0.9176700000000001,0.91758,1,1.01
20.08.2021 01:29:30.123,0.9176799999999999,0.91758,1,1.1
20.08.2021 01:29:35.489,0.91766,0.9175700000000001,1,1
20.08.2021 01:29:35.591,0.9176500000000001,0.91756,1,1.1
20.08.2021 01:29:35.693,0.9176200000000001,0.91754,1,1
20.08.2021 01:29:45.708,0.91764,0.91756,1,1
20.08.2021 01:29:47.429,0.9176500000000001,0.91756,1.1,1
20.08.2021 01:30:01.556,0.9176500000000001,0.9175500000000001,1.5,1.5
20.08.2021 01:30:01.823,0.9176500000000001,0.91756,1,1
20.08.2021 01:30:02.235,0.91766,0.91756,2.06,1
20.08.2021 01:30:02.337,0.91766,0.9175700000000001,1,1
20.08.2021 01:30:15.961,0.91766,0.9175700000000001,1.35,1
20.08.2021 01:30:24.145,0.91766,0.9175700000000001,1.1,1
20.08.2021 01:30:24.247,0.9176799999999999,0.91758,2.07,1
20.08.2021 01:30:24.348,0.9177000000000001,0.91758,1.22,1.5
20.08.2021 01:30:31.845,0.9176799999999999,0.91761,1.1,1
20.08.2021 01:30:33.387,0.91769,0.9175700000000001,1.57,2.07
20.08.2021 01:30:33.488,0.9176500000000001,0.91758,1,1
20.08.2021 01:30:33.639,0.91769,0.91758,1.1,1
20.08.2021 01:30:40.112,0.9176700000000001,0.91758,1,1.1
20.08.2021 01:30:40.213,0.9176799999999999,0.91759,1.1,1
20.08.2021 01:30:46.283,0.9176799999999999,0.91758,1.25,1.5
20.08.2021 01:30:48.536,0.91766,0.9175700000000001,1,1.1
20.08.2021 01:30:48.638,0.91766,0.91756,1.1,1.1
20.08.2021 01:30:48.739,0.9176500000000001,0.9175500000000001,1,1.6
20.08.2021 01:30:48.840,0.91766,0.9175700000000001,1.1,1
20.08.2021 01:30:49.366,0.91766,0.91758,1.1,1
20.08.2021 01:30:49.518,0.9176799999999999,0.91758,2.35,1
20.08.2021 01:30:50.417,0.91766,0.91758,1,1
20.08.2021 01:30:50.519,0.9176500000000001,0.9175700000000001,1,1.1
20.08.2021 01:30:50.620,0.9176700000000001,0.9175700000000001,1.01,1.5
20.08.2021 01:30:59.837,0.9176500000000001,0.9175500000000001,1,1.5
20.08.2021 01:31:00.090,0.91766,0.91756,2.89,1
20.08.2021 01:31:03.144,0.9176500000000001,0.91756,1,1
20.08.2021 01:31:10.151,0.9176500000000001,0.9175500000000001,1.76,1
20.08.2021 01:31:15.005,0.91766,0.9175500000000001,1.1,1
20.08.2021 01:31:20.114,0.91764,0.91754,1,1.69
20.08.2021 01:31:20.165,0.9176500000000001,0.91756,1.1,1
20.08.2021 01:31:52.580,0.91766,0.91756,1.57,1.57
20.08.2021 01:31:52.782,0.91766,0.9175700000000001,1.1,1
20.08.2021 01:31:56.879,0.9176700000000001,0.91758,1.1,1.25
20.08.2021 01:32:42.501,0.9176799999999999,0.91759,1.1,1
20.08.2021 01:32:43.124,0.9176799999999999,0.91758,2.16,1.5
20.08.2021 01:33:06.945,0.9177000000000001,0.91761,2.25,1.5
20.08.2021 01:33:07.617,0.91771,0.91761,1,3.82
20.08.2021 01:33:13.956,0.9177000000000001,0.91761,1,1.5
20.08.2021 01:33:23.044,0.9176799999999999,0.91759,1,1
20.08.2021 01:33:23.094,0.9177000000000001,0.9176000000000001,1.76,1
20.08.2021 01:33:25.383,0.91771,0.91758,2.7,2.44
20.08.2021 01:33:26.744,0.9177000000000001,0.9176000000000001,1.95,1
20.08.2021 01:33:26.896,0.91771,0.9176200000000001,1.2,1
20.08.2021 01:33:27.871,0.9177200000000001,0.9176200000000001,1.95,1.5
20.08.2021 01:33:28.321,0.91771,0.9176200000000001,1,1
20.08.2021 01:33:46.179,0.9177000000000001,0.91761,1,1
20.08.2021 01:33:46.284,0.91771,0.91761,1.31,1.5
20.08.2021 01:33:58.011,0.91771,0.9176000000000001,2.81,2.25
20.08.2021 01:33:58.115,0.91769,0.91758,1,1.5
20.08.2021 01:33:58.216,0.9176700000000001,0.91758,1,1
20.08.2021 01:33:58.317,0.9176700000000001,0.9175700000000001,1,2.62
20.08.2021 01:34:00.365,0.9176500000000001,0.9175700000000001,1,1
20.08.2021 01:34:00.466,0.9176700000000001,0.9175700000000001,1.76,1.5
20.08.2021 01:34:04.735,0.9176500000000001,0.91756,1,1.5
20.08.2021 01:34:04.836,0.9176700000000001,0.9175700000000001,2.51,1
20.08.2021 01:34:07.126,0.9176700000000001,0.91758,1.5,1
20.08.2021 01:34:07.469,0.9176700000000001,0.91759,1,1
20.08.2021 01:34:07.570,0.9176700000000001,0.9176000000000001,1,1
20.08.2021 01:34:10.095,0.9176700000000001,0.91759,1,1
20.08.2021 01:34:17.129,0.9176799999999999,0.91759,1,1.5
20.08.2021 01:34:17.231,0.91769,0.91759,1.95,1.5
20.08.2021 01:34:35.643,0.9176799999999999,0.91759,1,1.5
20.08.2021 01:34:42.500,0.91769,0.91759,1.57,2.25
20.08.2021 01:34:46.323,0.91769,0.9176000000000001,1.57,1
20.08.2021 01:34:52.016,0.91769,0.91759,1.57,1.5
20.08.2021 01:34:57.112,0.9176700000000001,0.91759,1,1
20.08.2021 01:34:57.218,0.9176799999999999,0.91759,1,1
20.08.2021 01:35:06.317,0.91771,0.91761,1,4.76
20.08.2021 01:35:06.519,0.9177200000000001,0.9176200000000001,2.32,1
20.08.2021 01:35:09.801,0.91774,0.9176500000000001,1.1,1
20.08.2021 01:35:10.053,0.91771,0.91763,1,1.69
20.08.2021 01:35:10.104,0.91769,0.9176000000000001,1,3.19
20.08.2021 01:35:10.205,0.9177000000000001,0.91758,1.57,2.25
20.08.2021 01:35:14.335,0.9176799999999999,0.91759,1,1.5
20.08.2021 01:35:15.262,0.9177000000000001,0.91758,2.51,1.5
20.08.2021 01:35:30.124,0.9176700000000001,0.91759,1,1
20.08.2021 01:35:30.225,0.9176799999999999,0.91759,1.5,1
20.08.2021 01:35:50.080,0.9176700000000001,0.91759,1,1
20.08.2021 01:35:50.282,0.9176799999999999,0.91759,1,1.5
20.08.2021 01:36:00.837,0.9176700000000001,0.91759,1,1.5
20.08.2021 01:36:00.939,0.9176799999999999,0.91759,1,2.25
20.08.2021 01:36:01.633,0.91766,0.91758,1,1.5
20.08.2021 01:36:01.735,0.9176500000000001,0.9175700000000001,1,1.5
20.08.2021 01:36:02.096,0.91763,0.9175700000000001,1,1
20.08.2021 01:36:05.875,0.91763,0.91756,1,1.5
20.08.2021 01:36:05.977,0.9176500000000001,0.91756,1.1,1.5
20.08.2021 01:36:08.057,0.91764,0.91756,1,1
20.08.2021 01:36:08.794,0.91764,0.9175500000000001,1,2.25
20.08.2021 01:36:12.196,0.91763,0.91754,1,2.25
20.08.2021 01:36:12.651,0.91764,0.9175500000000001,1.25,1.5
20.08.2021 01:36:12.755,0.91763,0.9175500000000001,1,1
20.08.2021 01:36:14.346,0.91763,0.91754,1,2.25
20.08.2021 01:36:23.874,0.91764,0.9175500000000001,1.1,1
20.08.2021 01:36:35.205,0.91766,0.9175700000000001,1,1
20.08.2021 01:36:35.357,0.91766,0.91758,1,1
20.08.2021 01:36:37.487,0.9176700000000001,0.91759,1,1
20.08.2021 01:36:48.037,0.91769,0.91759,1.5,2.25
20.08.2021 01:36:56.138,0.91769,0.9176000000000001,1.5,1
20.08.2021 01:37:01.555,0.91771,0.9176200000000001,1,2.25
20.08.2021 01:37:01.607,0.9177200000000001,0.91763,1,3.07
20.08.2021 01:37:01.708,0.91774,0.9176500000000001,1,1.5
20.08.2021 01:37:02.218,0.9177500000000001,0.9176500000000001,3,2.32
20.08.2021 01:37:07.138,0.9177600000000001,0.9176500000000001,1,1
20.08.2021 01:37:08.862,0.91771,0.9176200000000001,1,1.5
20.08.2021 01:37:08.963,0.91771,0.91761,1,1
20.08.2021 01:37:09.065,0.91769,0.9176000000000001,1,2.25
20.08.2021 01:37:11.450,0.9176799999999999,0.91759,1,1
20.08.2021 01:37:11.501,0.91766,0.9175700000000001,1.87,1
20.08.2021 01:37:11.552,0.9176500000000001,0.9175500000000001,3,2.32
20.08.2021 01:37:11.754,0.9176500000000001,0.9175700000000001,2.25,1
20.08.2021 01:37:15.212,0.91766,0.9175700000000001,1,1
20.08.2021 01:37:15.313,0.91763,0.91753,1,1.76
20.08.2021 01:37:15.414,0.9176200000000001,0.91753,1,1.01
20.08.2021 01:37:15.566,0.91763,0.91754,1,1
20.08.2021 01:37:15.913,0.91763,0.91753,1,1
20.08.2021 01:37:17.388,0.91763,0.91754,1.5,1
20.08.2021 01:37:22.132,0.9176200000000001,0.9175200000000001,1.5,2.44
20.08.2021 01:37:22.284,0.9176200000000001,0.91753,1,1
20.08.2021 01:37:26.547,0.91764,0.91754,1.5,1.57
20.08.2021 01:37:26.649,0.91764,0.9175500000000001,1,1
20.08.2021 01:37:29.176,0.9176500000000001,0.9175500000000001,2.25,1.1
20.08.2021 01:37:33.357,0.91764,0.9175500000000001,1,1.76
20.08.2021 01:37:33.573,0.9176500000000001,0.9175500000000001,1.5,1.76
20.08.2021 01:37:35.363,0.9176500000000001,0.9175500000000001,1.5,2.57
20.08.2021 01:37:36.049,0.9176500000000001,0.9175500000000001,2.25,2.51
20.08.2021 01:37:36.150,0.91764,0.9175500000000001,1,1.01
20.08.2021 01:37:43.489,0.91766,0.91756,2.62,1.01
20.08.2021 01:37:43.590,0.9176500000000001,0.91756,1,1.01
20.08.2021 01:37:43.641,0.91763,0.91756,3.37,1
20.08.2021 01:37:43.743,0.91763,0.9175500000000001,1,1
20.08.2021 01:37:43.844,0.91764,0.91754,1,1
20.08.2021 01:37:44.475,0.9176200000000001,0.9175200000000001,1,1.95
20.08.2021 01:38:07.261,0.91763,0.9175200000000001,1,1.5
20.08.2021 01:38:07.362,0.91764,0.9175500000000001,1.5,1
20.08.2021 01:38:07.514,0.9176200000000001,0.9175500000000001,1,1
20.08.2021 01:38:07.565,0.9176200000000001,0.91753,1.5,1
20.08.2021 01:38:07.666,0.9176200000000001,0.9175200000000001,2.25,2.51
20.08.2021 01:38:07.786,0.91761,0.9175200000000001,1,1.76
20.08.2021 01:38:10.275,0.91761,0.91753,1,1.25
20.08.2021 01:38:14.565,0.9176000000000001,0.91753,1,1
20.08.2021 01:38:16.216,0.9176000000000001,0.9175200000000001,1,1.5
20.08.2021 01:38:28.901,0.91761,0.9175200000000001,1.5,1.5
20.08.2021 01:38:31.632,0.9176000000000001,0.9175200000000001,1,1.69
20.08.2021 01:38:35.793,0.91761,0.91753,1,1
20.08.2021 01:38:37.631,0.91763,0.91756,1,1.01
20.08.2021 01:38:37.733,0.91764,0.91756,1,1.01
20.08.2021 01:38:37.834,0.91764,0.9175700000000001,1,1.1
20.08.2021 01:38:45.258,0.9176500000000001,0.9175700000000001,1,1.01
20.08.2021 01:38:49.124,0.9176500000000001,0.91758,1,1
20.08.2021 01:38:49.436,0.9176500000000001,0.9176000000000001,1,1
20.08.2021 01:38:49.538,0.9176700000000001,0.9176000000000001,1,1.01
20.08.2021 01:38:49.642,0.9176700000000001,0.91761,1,1
20.08.2021 01:38:52.750,0.9176799999999999,0.91761,1,1.25
20.08.2021 01:38:52.852,0.9176799999999999,0.9176000000000001,1,1
20.08.2021 01:38:56.183,0.9176700000000001,0.9175700000000001,1.5,2.54
20.08.2021 01:38:56.284,0.9176700000000001,0.91759,1,1
20.08.2021 01:38:59.896,0.91766,0.91759,1,1.25
20.08.2021 01:38:59.997,0.9176700000000001,0.91759,1,1.25
20.08.2021 01:39:00.672,0.9176700000000001,0.9176000000000001,1,1
20.08.2021 01:39:04.849,0.9176700000000001,0.91759,1,1
20.08.2021 01:39:06.326,0.91766,0.91759,1,1
20.08.2021 01:39:08.053,0.9176700000000001,0.91756,1,1.76
20.08.2021 01:39:08.155,0.9176500000000001,0.9175700000000001,1,1.69
20.08.2021 01:39:17.097,0.9176500000000001,0.91758,1,1
20.08.2021 01:39:17.199,0.9176500000000001,0.91759,1,1
20.08.2021 01:39:17.502,0.91766,0.91759,1,1
20.08.2021 01:39:18.311,0.9176700000000001,0.91759,1,1
20.08.2021 01:39:19.575,0.9176700000000001,0.91761,1,1.25
20.08.2021 01:39:19.676,0.9176799999999999,0.9176000000000001,1,2.44
20.08.2021 01:39:19.778,0.9176700000000001,0.9176000000000001,1,1
20.08.2021 01:39:29.430,0.9176700000000001,0.91759,1,1
20.08.2021 01:39:31.365,0.9176799999999999,0.91759,1.1,1.5
20.08.2021 01:39:40.210,0.9176700000000001,0.91759,1,1.25
20.08.2021 01:39:51.172,0.9176799999999999,0.91759,1.1,1.25
20.08.2021 01:40:00.413,0.9176700000000001,0.91759,1,1.25
20.08.2021 01:40:07.977,0.91766,0.91759,1,1
20.08.2021 01:40:08.079,0.9176700000000001,0.9175700000000001,1,1.5
20.08.2021 01:40:08.408,0.9176500000000001,0.91756,1,1.1
20.08.2021 01:40:08.510,0.9176500000000001,0.9175500000000001,1,1.1
20.08.2021 01:40:25.402,0.91761,0.91753,1,1.01
20.08.2021 01:40:25.504,0.9176000000000001,0.9175200000000001,1,1.1
20.08.2021 01:40:26.150,0.91759,0.91751,1,1.57
20.08.2021 01:40:26.251,0.91758,0.91751,1,1
20.08.2021 01:40:27.768,0.91756,0.91748,1,1.57
20.08.2021 01:40:35.369,0.9175500000000001,0.91748,1,1.5
20.08.2021 01:40:40.297,0.91756,0.91748,1,1.5
20.08.2021 01:40:46.335,0.9175500000000001,0.91748,1,1.5
20.08.2021 01:40:46.450,0.91754,0.91748,1,1.5
20.08.2021 01:40:46.501,0.9175200000000001,0.9174700000000001,1,1
20.08.2021 01:40:46.552,0.9175200000000001,0.91743,1.5,1.5
20.08.2021 01:40:46.654,0.9175000000000001,0.9174100000000001,1,1.57
20.08.2021 01:40:46.756,0.91749,0.9174,1,2.32
20.08.2021 01:41:00.910,0.91749,0.9174200000000001,1,1
20.08.2021 01:41:03.187,0.9175000000000001,0.9174200000000001,1,1.69
20.08.2021 01:41:06.713,0.91749,0.9174200000000001,1,1.69
20.08.2021 01:41:16.403,0.91748,0.9174200000000001,1,1
20.08.2021 01:41:16.454,0.91748,0.9174,1,1.69
20.08.2021 01:41:16.656,0.9174700000000001,0.9174,1,1.69
20.08.2021 01:41:16.858,0.91748,0.9174,1,1.69
20.08.2021 01:41:23.396,0.91744,0.91739,1,1.25
20.08.2021 01:41:23.447,0.91744,0.9173700000000001,1,1.25
20.08.2021 01:41:23.550,0.9174200000000001,0.91735,1,1.25
20.08.2021 01:41:29.328,0.9174200000000001,0.91734,1,1.69
20.08.2021 01:41:34.704,0.9174200000000001,0.91733,1.5,1
20.08.2021 01:41:34.805,0.9174100000000001,0.91733,1,1
20.08.2021 01:41:50.093,0.9174100000000001,0.9173200000000001,1,1
20.08.2021 01:41:50.195,0.9174,0.9173200000000001,1,1
20.08.2021 01:41:55.298,0.9174100000000001,0.9173200000000001,1,1
20.08.2021 01:41:57.471,0.9174,0.9173200000000001,1,1
20.08.2021 01:42:00.854,0.91739,0.9173200000000001,1,1
20.08.2021 01:42:03.876,0.9174,0.9173200000000001,1,1
20.08.2021 01:42:13.305,0.9174,0.9173,1.1,2.44
20.08.2021 01:42:13.411,0.9174,0.9173100000000001,1.1,1
20.08.2021 01:42:15.329,0.91739,0.9173,1,1.25
20.08.2021 01:42:15.532,0.91738,0.9173,1,1
20.08.2021 01:42:43.826,0.91738,0.91729,1.2,1.25
20.08.2021 01:42:44.028,0.91738,0.91728,1.95,1.25
20.08.2021 01:42:44.129,0.91734,0.9172600000000001,1,1
20.08.2021 01:42:44.180,0.91733,0.91724,1.12,1
20.08.2021 01:42:50.572,0.91733,0.91725,1,1.25
20.08.2021 01:42:55.297,0.91734,0.91725,1.1,1.25
20.08.2021 01:43:02.419,0.9173200000000001,0.91725,1,1
20.08.2021 01:43:03.160,0.91733,0.91725,1,1.25
20.08.2021 01:43:05.025,0.91733,0.91723,1.1,1.69
20.08.2021 01:43:05.126,0.9173,0.9172200000000001,1,1.12
20.08.2021 01:43:05.228,0.9173100000000001,0.9172200000000001,1,1
20.08.2021 01:43:05.329,0.9173,0.9172200000000001,1,1
20.08.2021 01:43:05.940,0.9173,0.9172100000000001,1,1.69
20.08.2021 01:43:08.475,0.91729,0.9172100000000001,1,1.25
20.08.2021 01:43:14.530,0.9173,0.9172200000000001,1,1.25
20.08.2021 01:43:15.179,0.9173200000000001,0.9172100000000001,1,2.5
20.08.2021 01:43:16.181,0.9173200000000001,0.9172200000000001,1.1,3.25
20.08.2021 01:43:18.675,0.91733,0.91723,1.1,1.69
20.08.2021 01:43:18.777,0.91733,0.91724,1,1.25
20.08.2021 01:43:35.156,0.91733,0.91725,1,1
20.08.2021 01:43:37.693,0.91734,0.91725,1.57,1.5
20.08.2021 01:43:40.391,0.91735,0.91725,1.57,1.69
20.08.2021 01:43:40.593,0.91735,0.9172600000000001,2.32,1
20.08.2021 01:43:40.698,0.91735,0.91725,1.57,1.69
20.08.2021 01:43:41.846,0.91735,0.91728,1,1.75
20.08.2021 01:43:41.897,0.91739,0.9172700000000001,1,2.01
20.08.2021 01:43:41.999,0.91738,0.91729,1,1.25
20.08.2021 01:43:43.707,0.91738,0.91729,1,1.25
20.08.2021 01:43:46.299,0.91739,0.91729,1,1.25
20.08.2021 01:43:52.687,0.9174100000000001,0.9173100000000001,1.95,1.25
20.08.2021 01:43:53.762,0.91739,0.9173100000000001,1.57,1
20.08.2021 01:43:59.933,0.9174,0.9173100000000001,1,2.06
20.08.2021 01:44:00.085,0.9174,0.9173200000000001,1,1
20.08.2021 01:44:01.273,0.9174100000000001,0.9173200000000001,1,1
20.08.2021 01:44:03.824,0.9174,0.9173,1,2.81
20.08.2021 01:44:06.710,0.91738,0.91729,1.1,1
20.08.2021 01:44:06.812,0.9173600000000001,0.9172700000000001,1.1,1
20.08.2021 01:44:06.913,0.9173600000000001,0.91725,1.1,2.97
20.08.2021 01:44:18.894,0.9173600000000001,0.91725,2.62,2.44
20.08.2021 01:44:23.923,0.91735,0.91723,1,2.14
20.08.2021 01:44:25.797,0.91735,0.91725,2.32,1
20.08.2021 01:44:26.120,0.91734,0.91725,1,1
20.08.2021 01:44:35.636,0.91735,0.91725,1.57,2.44
20.08.2021 01:44:35.737,0.9173600000000001,0.91725,1.1,1
20.08.2021 01:44:38.985,0.9173600000000001,0.9172600000000001,2.32,1.69
20.08.2021 01:44:40.741,0.9173700000000001,0.9172700000000001,1,2.14
20.08.2021 01:44:40.792,0.91738,0.91728,1,2.14
20.08.2021 01:44:40.893,0.91739,0.91729,1.57,1
20.08.2021 01:44:41.197,0.91739,0.91729,1.6,1
20.08.2021 01:44:42.115,0.91739,0.91729,1.1,2.5
20.08.2021 01:44:42.217,0.9174,0.91728,1.1,2.57
20.08.2021 01:44:43.127,0.9174,0.91728,1.1,2.5
20.08.2021 01:44:43.229,0.91739,0.9172700000000001,1.1,3.26
20.08.2021 01:44:43.684,0.91738,0.91728,1.1,3.32
20.08.2021 01:44:48.724,0.91739,0.91729,1.57,1.75
20.08.2021 01:44:48.825,0.91739,0.91728,1.57,3.85
20.08.2021 01:44:49.400,0.91738,0.91728,1,2.5
20.08.2021 01:44:49.502,0.9173700000000001,0.9172700000000001,1.6,1.12
20.08.2021 01:44:49.604,0.91738,0.9172600000000001,1.57,1.76
20.08.2021 01:44:49.706,0.9173700000000001,0.91728,1.1,1
20.08.2021 01:44:54.766,0.9173600000000001,0.9172700000000001,1,1.12
20.08.2021 01:44:57.475,0.9173600000000001,0.9172600000000001,1.1,1.69
20.08.2021 01:44:57.677,0.91735,0.9172600000000001,1,1.25
20.08.2021 01:44:57.778,0.9173700000000001,0.91725,1.1,1.69
20.08.2021 01:45:01.699,0.91735,0.9172600000000001,1,1
20.08.2021 01:45:02.570,0.91734,0.9172600000000001,1,1
20.08.2021 01:45:03.123,0.9173600000000001,0.91725,1,1
20.08.2021 01:45:08.603,0.91735,0.9172600000000001,1.1,1
20.08.2021 01:45:09.029,0.91735,0.91725,1.1,1.25
20.08.2021 01:45:09.131,0.91735,0.91725,1.1,1.01
20.08.2021 01:45:15.047,0.91735,0.91725,1,1.35
20.08.2021 01:45:15.148,0.91735,0.91725,1,1.01
20.08.2021 01:45:16.296,0.9173600000000001,0.91725,1.57,1.76
20.08.2021 01:45:16.736,0.9173600000000001,0.9172600000000001,1.57,1
20.08.2021 01:45:16.938,0.9173600000000001,0.91725,1.57,1.76
20.08.2021 01:45:17.039,0.91734,0.91725,1,1.01
20.08.2021 01:45:18.131,0.91735,0.91725,1,1.01
20.08.2021 01:45:18.937,0.9173600000000001,0.9172700000000001,1,1
20.08.2021 01:45:19.038,0.9173700000000001,0.9172700000000001,2.32,1.5
20.08.2021 01:45:19.446,0.9173700000000001,0.9172600000000001,1.57,1.01
20.08.2021 01:45:20.157,0.9173700000000001,0.9172600000000001,1.2,1.82
20.08.2021 01:45:20.429,0.9173600000000001,0.9172600000000001,1,1.82
20.08.2021 01:45:20.937,0.9174,0.9173,1.5,1.82
20.08.2021 01:45:20.988,0.9174,0.91729,2.32,2.14
20.08.2021 01:45:21.089,0.91739,0.91729,1.1,1.12
20.08.2021 01:45:21.190,0.91739,0.91728,1.1,2.14
20.08.2021 01:45:21.292,0.91739,0.91729,1.1,1
20.08.2021 01:45:23.077,0.91739,0.91729,1.1,1.25
20.08.2021 01:45:24.569,0.9174100000000001,0.9173100000000001,1.1,1.25
20.08.2021 01:45:24.670,0.9174200000000001,0.9173100000000001,1.57,1.01
20.08.2021 01:45:24.771,0.9174200000000001,0.9173100000000001,1.1,1.82
20.08.2021 01:45:25.058,0.9174100000000001,0.9173100000000001,1,1.82
20.08.2021 01:45:27.757,0.9174200000000001,0.9173100000000001,1,1.25
20.08.2021 01:45:30.720,0.9174,0.9173200000000001,1,1.25
20.08.2021 01:45:32.504,0.9174100000000001,0.9173200000000001,1,1.25
20.08.2021 01:45:34.930,0.9174100000000001,0.91733,1,1.75
20.08.2021 01:45:35.032,0.9174100000000001,0.91733,1,1
20.08.2021 01:45:39.943,0.9174200000000001,0.91734,1,1
20.08.2021 01:45:40.045,0.9174500000000001,0.91733,1.5,1.76
20.08.2021 01:45:40.146,0.91744,0.91735,1,1.69
20.08.2021 01:45:40.247,0.91746,0.91734,1.1,1.69
20.08.2021 01:45:41.952,0.9174500000000001,0.91733,1.5,2.51
20.08.2021 01:45:43.210,0.91744,0.91735,1,1.69
20.08.2021 01:45:43.563,0.91744,0.91734,1.5,1.76
20.08.2021 01:45:45.268,0.91743,0.91733,1.5,2.44
20.08.2021 01:45:45.369,0.9174200000000001,0.91733,1,1.5
20.08.2021 01:45:46.114,0.91743,0.91734,1,1.25
20.08.2021 01:45:46.322,0.91744,0.91734,1.5,1.25
20.08.2021 01:45:47.706,0.91744,0.91735,1,1
20.08.2021 01:45:52.998,0.9174500000000001,0.91735,2.32,1.25
20.08.2021 01:45:53.374,0.91744,0.91734,1,1.25
20.08.2021 01:45:53.476,0.9174500000000001,0.91735,1.5,1
20.08.2021 01:45:55.737,0.9174500000000001,0.9173600000000001,1.1,1.25
20.08.2021 01:45:55.839,0.9174500000000001,0.9173700000000001,1,1.25
20.08.2021 01:45:55.941,0.91746,0.9173700000000001,1,1.25
20.08.2021 01:45:56.203,0.9174700000000001,0.9173700000000001,1.57,1.25
20.08.2021 01:45:56.416,0.9174500000000001,0.9173600000000001,1.1,1.25
20.08.2021 01:45:59.382,0.9174700000000001,0.9173700000000001,1.5,1.76
20.08.2021 01:45:59.483,0.91748,0.9173700000000001,1,1
20.08.2021 01:45:59.585,0.91749,0.91739,1.1,1
20.08.2021 01:45:59.686,0.9175000000000001,0.9174,1,1.69
20.08.2021 01:45:59.788,0.91751,0.9174100000000001,2.32,1
20.08.2021 01:46:00.638,0.91751,0.9174200000000001,1,1
20.08.2021 01:46:01.597,0.91753,0.9174100000000001,1.5,1.5
20.08.2021 01:46:03.939,0.9175200000000001,0.91743,1,1.69
20.08.2021 01:46:04.040,0.91754,0.91743,1.95,2.44
20.08.2021 01:46:05.575,0.9175500000000001,0.91743,1.57,1
20.08.2021 01:46:05.829,0.91754,0.9174200000000001,1,2.81
20.08.2021 01:46:06.124,0.91754,0.91744,2.32,1
20.08.2021 01:46:06.828,0.91753,0.91743,2.51,1
20.08.2021 01:46:06.930,0.91751,0.91743,1,1
20.08.2021 01:46:07.031,0.91751,0.9174200000000001,1,1.87
20.08.2021 01:46:07.132,0.9175200000000001,0.9174200000000001,3.82,2.62
20.08.2021 01:46:08.133,0.91749,0.9174200000000001,1,1.12
20.08.2021 01:46:09.101,0.9175000000000001,0.9174200000000001,1,2.06
20.08.2021 01:46:10.529,0.9175000000000001,0.9174200000000001,1,2.56
20.08.2021 01:46:11.385,0.9175000000000001,0.9174200000000001,1,3.19
20.08.2021 01:46:12.792,0.91751,0.91743,1,2.06
20.08.2021 01:46:12.893,0.91751,0.91744,1,1
20.08.2021 01:46:13.095,0.91751,0.91743,1,2.06
20.08.2021 01:46:16.830,0.91754,0.91744,1,1
20.08.2021 01:46:16.983,0.9175200000000001,0.9174500000000001,1,1
20.08.2021 01:46:17.084,0.9175200000000001,0.91744,1,2.06
20.08.2021 01:46:17.540,0.91751,0.91743,1,2.62
20.08.2021 01:46:17.871,0.91751,0.91743,1,1.5
20.08.2021 01:46:18.125,0.91751,0.91743,1,2.56
20.08.2021 01:46:18.581,0.9175200000000001,0.91743,1,2.19
20.08.2021 01:46:20.366,0.9175200000000001,0.9174200000000001,1,3.39
20.08.2021 01:46:22.906,0.91751,0.91743,1,2.06
20.08.2021 01:46:23.070,0.91751,0.9174200000000001,1,1.31
20.08.2021 01:46:23.424,0.91751,0.91743,1,1
20.08.2021 01:46:24.480,0.9175000000000001,0.91739,1,2
20.08.2021 01:46:24.683,0.91749,0.9174,1,1
20.08.2021 01:46:26.192,0.9175000000000001,0.9174100000000001,1.1,1
20.08.2021 01:46:31.080,0.9175200000000001,0.9174,2.32,1.31
20.08.2021 01:46:31.967,0.91751,0.9174200000000001,1.1,1
20.08.2021 01:46:34.399,0.9175200000000001,0.9174200000000001,1.57,1.12
20.08.2021 01:46:34.879,0.91754,0.9174200000000001,1.95,1
20.08.2021 01:46:35.030,0.91754,0.91744,1.57,1.5
20.08.2021 01:46:37.209,0.9175500000000001,0.9174500000000001,6.41,1
20.08.2021 01:46:37.563,0.9175700000000001,0.91748,1.5,2
20.08.2021 01:46:37.664,0.91758,0.9175000000000001,1.1,1
20.08.2021 01:46:37.765,0.91759,0.9175000000000001,1.1,1
20.08.2021 01:46:38.716,0.9176000000000001,0.91751,1,1
20.08.2021 01:46:38.868,0.91761,0.91751,1.95,1.5
20.08.2021 01:46:38.969,0.91763,0.91751,3.79,1
20.08.2021 01:46:39.614,0.9176200000000001,0.91751,2.7,2.44
20.08.2021 01:46:39.924,0.9176200000000001,0.9175200000000001,1.95,1
20.08.2021 01:46:44.888,0.91763,0.9175000000000001,2.14,1.5
20.08.2021 01:46:45.798,0.91761,0.91751,1,1.5
20.08.2021 01:46:45.899,0.91761,0.9175000000000001,1,1
20.08.2021 01:46:46.430,0.91763,0.91751,4.31,1
20.08.2021 01:46:46.532,0.91761,0.91751,1,1.5
20.08.2021 01:46:46.835,0.91761,0.9175200000000001,1,1
20.08.2021 01:46:47.358,0.9176000000000001,0.91751,1.5,1
20.08.2021 01:46:47.927,0.91761,0.91751,1,1
20.08.2021 01:46:48.181,0.91763,0.9175200000000001,4.79,1.12
20.08.2021 01:46:48.484,0.91764,0.91756,1.5,1.01
20.08.2021 01:46:48.585,0.91764,0.9175700000000001,1,1.31
20.08.2021 01:46:48.636,0.9176700000000001,0.9175700000000001,1.57,1.31
20.08.2021 01:46:48.737,0.9176799999999999,0.91758,1.2,1
20.08.2021 01:46:49.859,0.91763,0.91754,1.5,1.62
20.08.2021 01:46:49.961,0.91764,0.91754,2.32,2.06
20.08.2021 01:46:53.684,0.91764,0.91754,2.35,2.06
20.08.2021 01:46:53.785,0.91764,0.91754,2.32,2.06
20.08.2021 01:46:54.736,0.9176700000000001,0.91756,1,1.12
20.08.2021 01:46:54.837,0.9176700000000001,0.9175700000000001,1,1.2
20.08.2021 01:46:55.363,0.9176799999999999,0.91759,1.57,1.25
20.08.2021 01:46:55.414,0.91771,0.91759,1.01,1.5
20.08.2021 01:46:55.516,0.91771,0.91761,2.7,1.5
20.08.2021 01:46:55.618,0.91771,0.91761,3.1,1
20.08.2021 01:46:59.984,0.91771,0.91759,1.57,1.69
20.08.2021 01:47:00.247,0.9177000000000001,0.91761,1,1
20.08.2021 01:47:00.499,0.9177000000000001,0.9176000000000001,1.95,1.5
20.08.2021 01:47:06.324,0.91771,0.9176000000000001,1,1.12
20.08.2021 01:47:06.925,0.9177000000000001,0.91763,1,1
20.08.2021 01:47:07.027,0.9177299999999999,0.91764,1.5,1
20.08.2021 01:47:07.128,0.9177500000000001,0.91763,1,2.81
20.08.2021 01:47:08.094,0.9177299999999999,0.91763,1,3.19
20.08.2021 01:47:08.195,0.91774,0.91764,1.5,1
20.08.2021 01:47:13.789,0.91774,0.9176500000000001,1,1
20.08.2021 01:47:15.623,0.9177500000000001,0.9176500000000001,1.5,1.39
20.08.2021 01:47:17.334,0.9177500000000001,0.91766,1,1
20.08.2021 01:47:20.181,0.9177200000000001,0.91766,1,1
20.08.2021 01:47:20.232,0.9177299999999999,0.91761,4.57,2.62
20.08.2021 01:47:20.334,0.9177000000000001,0.9176000000000001,1.57,2.25
20.08.2021 01:47:20.586,0.9177000000000001,0.91761,1.1,1
20.08.2021 01:47:28.155,0.9177299999999999,0.91764,1.5,1
20.08.2021 01:47:28.307,0.91774,0.91764,1.25,1.95
20.08.2021 01:47:29.394,0.9177500000000001,0.91766,1,1
20.08.2021 01:47:29.495,0.9177600000000001,0.91766,3.26,1.5
20.08.2021 01:47:30.730,0.9177700000000001,0.9176700000000001,2.14,1.5
20.08.2021 01:47:32.767,0.9177500000000001,0.9176700000000001,1,1
20.08.2021 01:47:34.031,0.9177700000000001,0.9176700000000001,2.14,1
20.08.2021 01:47:36.888,0.9177299999999999,0.9176500000000001,1.2,1
20.08.2021 01:47:36.990,0.9177200000000001,0.91764,1.5,1
20.08.2021 01:47:37.091,0.9177200000000001,0.91763,1.57,1
20.08.2021 01:47:37.192,0.9177200000000001,0.9176200000000001,2.32,3.56
20.08.2021 01:47:39.246,0.9177000000000001,0.91761,1,1.5
20.08.2021 01:47:39.347,0.91771,0.91761,1.76,1.5
20.08.2021 01:47:41.611,0.9177200000000001,0.9176200000000001,2.32,1.69
20.08.2021 01:47:42.212,0.91774,0.9176200000000001,1.6,1
20.08.2021 01:47:44.037,0.9177299999999999,0.91763,1.57,1
20.08.2021 01:47:48.015,0.91774,0.9176500000000001,1,1.2
20.08.2021 01:47:48.116,0.9177500000000001,0.9176500000000001,1.5,2.07
20.08.2021 01:47:52.317,0.9177600000000001,0.91766,2.89,1.12
20.08.2021 01:47:52.770,0.9177600000000001,0.91766,2.91,1.12
20.08.2021 01:47:54.808,0.9177600000000001,0.91766,2.89,1.12
20.08.2021 01:47:57.023,0.9177600000000001,0.91766,1.79,1.12
20.08.2021 01:47:58.611,0.9177200000000001,0.91763,1.5,2.25
20.08.2021 01:47:58.813,0.9177200000000001,0.91761,2.32,3.64
20.08.2021 01:47:58.914,0.9177200000000001,0.91761,2.35,3.56
20.08.2021 01:47:59.062,0.9177200000000001,0.91761,2.32,3.64
20.08.2021 01:47:59.576,0.9177299999999999,0.9176000000000001,2.35,3.56
20.08.2021 01:48:00.369,0.9177000000000001,0.91761,1.1,1
20.08.2021 01:48:00.470,0.9177000000000001,0.9176000000000001,1.76,1
20.08.2021 01:48:00.571,0.91769,0.91759,1,2.62
20.08.2021 01:48:01.994,0.91769,0.91758,1,2.25
20.08.2021 01:48:03.011,0.91769,0.91758,1,4
20.08.2021 01:48:03.264,0.91769,0.91758,1,3.19
20.08.2021 01:48:04.500,0.9176799999999999,0.91758,1,1.87
20.08.2021 01:48:04.601,0.9176700000000001,0.9175700000000001,1.5,1.5
20.08.2021 01:48:04.702,0.9176700000000001,0.9175700000000001,1,1.87
20.08.2021 01:48:05.763,0.9176799999999999,0.91758,1.5,1
20.08.2021 01:48:07.460,0.9176799999999999,0.9175700000000001,1.5,2.81
20.08.2021 01:48:11.884,0.9176799999999999,0.9175700000000001,1.5,3.7
20.08.2021 01:48:12.691,0.9176799999999999,0.9175700000000001,1.5,2.81
20.08.2021 01:48:13.230,0.91769,0.91759,1,1.5
20.08.2021 01:48:13.332,0.9177000000000001,0.91759,2.62,3.56
20.08.2021 01:48:13.437,0.9177000000000001,0.9176000000000001,2.81,1
20.08.2021 01:48:16.554,0.9177000000000001,0.9176000000000001,2.57,1
20.08.2021 01:48:16.757,0.9177000000000001,0.9176000000000001,3.26,1
20.08.2021 01:48:16.859,0.9177000000000001,0.9176000000000001,3.32,1
20.08.2021 01:48:17.915,0.9177000000000001,0.9176000000000001,2.51,1
20.08.2021 01:48:18.490,0.9177000000000001,0.9176000000000001,1.85,1
20.08.2021 01:48:20.636,0.9177000000000001,0.9176000000000001,2.51,1
20.08.2021 01:48:20.787,0.9177000000000001,0.9176000000000001,2.57,1
20.08.2021 01:48:20.993,0.9177000000000001,0.9176000000000001,2.51,1
20.08.2021 01:48:21.344,0.9177000000000001,0.9176000000000001,2.57,1
20.08.2021 01:48:27.615,0.91769,0.91759,1.25,1.5
20.08.2021 01:48:34.785,0.9177000000000001,0.91759,2.51,1.5
20.08.2021 01:48:34.886,0.9177000000000001,0.91759,2.57,1.5
20.08.2021 01:48:34.988,0.9177000000000001,0.91759,2.51,1.5
20.08.2021 01:48:35.089,0.9177000000000001,0.91759,2.57,1.5
20.08.2021 01:48:35.297,0.9177000000000001,0.91759,2.51,1.5
20.08.2021 01:48:35.528,0.91771,0.91758,2.57,1.5
20.08.2021 01:48:38.415,0.9177000000000001,0.9176000000000001,1.82,1
20.08.2021 01:48:39.920,0.9177000000000001,0.91761,1.82,1
20.08.2021 01:48:40.854,0.9177000000000001,0.91761,1.1,1
20.08.2021 01:48:41.964,0.91771,0.91761,1.57,1.12
20.08.2021 01:48:42.655,0.91771,0.91763,1,1
20.08.2021 01:48:42.757,0.9177200000000001,0.91763,1,1
20.08.2021 01:48:43.228,0.91771,0.91761,1.57,1.5
20.08.2021 01:48:43.330,0.91771,0.91761,3.1,1
20.08.2021 01:49:00.106,0.9177000000000001,0.91761,1.1,1
20.08.2021 01:49:00.308,0.9177000000000001,0.9176000000000001,1.57,1
20.08.2021 01:49:04.297,0.9177000000000001,0.91761,1.1,1
20.08.2021 01:49:06.086,0.9177000000000001,0.91761,1.1,1
20.08.2021 01:49:08.160,0.9177000000000001,0.91761,1.1,1
20.08.2021 01:49:09.600,0.91771,0.91761,5.16,1
20.08.2021 01:49:09.701,0.9177000000000001,0.9176000000000001,1.6,1.5
20.08.2021 01:49:11.080,0.9177000000000001,0.9176000000000001,3.26,1
20.08.2021 01:49:16.978,0.91769,0.91759,1.5,1
20.08.2021 01:49:17.079,0.9176799999999999,0.9175700000000001,1.1,1
20.08.2021 01:49:17.831,0.91764,0.91758,1.5,1
20.08.2021 01:49:17.882,0.91764,0.91754,2.32,2.95
20.08.2021 01:49:17.983,0.91764,0.91754,1.6,2.06
20.08.2021 01:49:27.039,0.9176500000000001,0.9175500000000001,1.5,1.25
20.08.2021 01:49:32.483,0.9176500000000001,0.91756,1.5,1
20.08.2021 01:49:33.339,0.91766,0.9175700000000001,1.1,1
20.08.2021 01:49:34.386,0.9176700000000001,0.9175700000000001,1.1,1.39
20.08.2021 01:49:34.487,0.9176700000000001,0.91758,1.1,1.12
20.08.2021 01:49:51.559,0.9176799999999999,0.91758,1.1,2.14
20.08.2021 01:49:51.661,0.91769,0.91759,1.6,1.5
20.08.2021 01:49:56.947,0.9177000000000001,0.9176000000000001,2.35,1
20.08.2021 01:49:57.720,0.9177000000000001,0.9176000000000001,2.35,1
20.08.2021 01:50:01.964,0.91769,0.91759,1.1,1
20.08.2021 01:50:02.124,0.91769,0.91759,3.29,1
20.08.2021 01:50:02.226,0.9176799999999999,0.91758,2.16,1.12
20.08.2021 01:50:02.327,0.9176799999999999,0.91756,1.1,1.2
20.08.2021 01:50:05.428,0.9176700000000001,0.91758,1,1.51
20.08.2021 01:50:05.530,0.9176799999999999,0.91759,1.1,1.31
20.08.2021 01:50:06.367,0.9177000000000001,0.91758,1.57,2.89
20.08.2021 01:50:07.777,0.9176700000000001,0.91758,1,1.12
20.08.2021 01:50:11.731,0.9176799999999999,0.9175700000000001,1.5,3
20.08.2021 01:50:11.835,0.91769,0.91758,1.5,2.12
20.08.2021 01:50:11.936,0.91769,0.91758,1.5,1.31
20.08.2021 01:50:18.731,0.9176799999999999,0.91758,1.87,1
20.08.2021 01:50:18.833,0.91769,0.91756,2.81,2.62
20.08.2021 01:50:18.984,0.9176700000000001,0.9175700000000001,1,2.62
20.08.2021 01:50:25.026,0.9176799999999999,0.9175700000000001,1.87,2.06
20.08.2021 01:50:25.618,0.9176799999999999,0.91758,1.5,1.31
20.08.2021 01:50:25.719,0.9176799999999999,0.91759,1,1.25
20.08.2021 01:50:25.922,0.9176799999999999,0.9176000000000001,1,1
20.08.2021 01:50:26.216,0.9177000000000001,0.9176000000000001,2.32,1
20.08.2021 01:50:29.064,0.91769,0.91759,1,1
20.08.2021 01:50:29.317,0.91769,0.9176000000000001,1,1
20.08.2021 01:50:36.924,0.9177200000000001,0.91763,1,1.25
20.08.2021 01:50:37.026,0.9177500000000001,0.9176500000000001,1,1.95
20.08.2021 01:50:37.127,0.9177500000000001,0.91766,1,1
20.08.2021 01:50:44.063,0.9177500000000001,0.9176700000000001,1,1
20.08.2021 01:50:48.087,0.9177500000000001,0.91766,1,2.06
20.08.2021 01:50:52.736,0.9177500000000001,0.9176700000000001,1,1
20.08.2021 01:51:00.186,0.9177500000000001,0.91766,1,2.06
20.08.2021 01:51:02.086,0.91774,0.91766,1,1.87
20.08.2021 01:51:08.809,0.9177600000000001,0.91766,1.95,1.87
20.08.2021 01:51:16.399,0.9177500000000001,0.91766,1.1,1
20.08.2021 01:51:19.232,0.9177600000000001,0.91766,1.1,1.5
20.08.2021 01:51:19.333,0.9177600000000001,0.9176700000000001,1,1.69
20.08.2021 01:51:19.578,0.9177600000000001,0.91766,1,4.31
20.08.2021 01:51:20.549,0.9177600000000001,0.9176700000000001,1,1
20.08.2021 01:51:30.102,0.91774,0.91766,1,1.87
20.08.2021 01:51:33.618,0.91774,0.9176500000000001,1,2.62
20.08.2021 01:51:38.335,0.91774,0.91766,1,1
20.08.2021 01:51:49.782,0.91774,0.9176500000000001,1,2.62
20.08.2021 01:51:51.552,0.91774,0.91766,1,1
20.08.2021 01:51:52.919,0.9177500000000001,0.91766,1,1.31
20.08.2021 01:52:10.193,0.9177600000000001,0.91766,1,1
20.08.2021 01:52:11.479,0.9177799999999999,0.9176700000000001,1,2.81
20.08.2021 01:52:11.580,0.9177799999999999,0.91769,1,1.87
20.08.2021 01:52:30.046,0.9177700000000001,0.91769,1,1.5
20.08.2021 01:52:37.105,0.9177799999999999,0.91769,1.1,1.5
20.08.2021 01:52:43.397,0.9177700000000001,0.9176799999999999,1,1.5
20.08.2021 01:52:47.460,0.9177600000000001,0.9176799999999999,1.5,1.5
20.08.2021 01:52:56.164,0.9177500000000001,0.9176700000000001,1,2.25
20.08.2021 01:52:56.269,0.91774,0.9176700000000001,1,1
20.08.2021 01:52:56.506,0.9177500000000001,0.9176500000000001,1,1.87
20.08.2021 01:53:03.093,0.9177500000000001,0.91766,1,2.62
20.08.2021 01:53:18.907,0.9177200000000001,0.9176500000000001,2.25,1
20.08.2021 01:53:19.008,0.9177200000000001,0.91764,1,1.87
20.08.2021 01:53:19.110,0.91774,0.91766,2.25,1
20.08.2021 01:53:36.048,0.91774,0.9176500000000001,1,1.87
20.08.2021 01:53:37.345,0.91774,0.91764,2.7,2.25
20.08.2021 01:53:37.447,0.91774,0.9176200000000001,2.32,1.87
20.08.2021 01:53:37.548,0.9177299999999999,0.9176200000000001,1,1.12
20.08.2021 01:53:37.836,0.9177299999999999,0.91763,2.32,1.87
20.08.2021 01:53:39.674,0.9177200000000001,0.91763,1,1.12
20.08.2021 01:53:42.958,0.9177200000000001,0.91764,1,1
20.08.2021 01:53:43.403,0.9177299999999999,0.91764,1.5,1.12
20.08.2021 01:53:51.845,0.9177299999999999,0.9176500000000001,1,1.12
20.08.2021 01:53:51.946,0.91774,0.91766,1,1
20.08.2021 01:53:56.821,0.9177500000000001,0.91764,1,1.2
20.08.2021 01:54:03.776,0.9177500000000001,0.91766,1,1.39
20.08.2021 01:54:03.877,0.9177600000000001,0.91766,2.25,1.39
20.08.2021 01:54:04.397,0.9177600000000001,0.91766,2.25,2.22
20.08.2021 01:54:04.750,0.9177700000000001,0.9176700000000001,1,2.14
20.08.2021 01:54:06.761,0.9177700000000001,0.9176700000000001,1,2.26
20.08.2021 01:54:06.863,0.9177600000000001,0.9176700000000001,1,1.12
20.08.2021 01:54:06.965,0.9177700000000001,0.9176700000000001,1.5,1.87
20.08.2021 01:54:12.278,0.9177500000000001,0.91766,1,1.5
20.08.2021 01:54:12.380,0.9177600000000001,0.91766,1.95,1.87
20.08.2021 01:54:14.643,0.9177600000000001,0.9176500000000001,1,1.12
20.08.2021 01:54:32.038,0.9177500000000001,0.9176500000000001,1.57,1.87
20.08.2021 01:54:52.397,0.91774,0.9176500000000001,1,2.14
20.08.2021 01:55:10.146,0.9177200000000001,0.91764,2.25,2.44
20.08.2021 01:55:10.196,0.91771,0.9176000000000001,1,2.62
20.08.2021 01:55:10.298,0.9177000000000001,0.9176000000000001,1.57,1.87
20.08.2021 01:55:10.804,0.9177000000000001,0.91761,1,2.06
20.08.2021 01:55:10.905,0.9177200000000001,0.9176000000000001,1.5,3.76
20.08.2021 01:55:12.438,0.9177200000000001,0.91763,1,2.26
20.08.2021 01:55:12.590,0.91774,0.91764,1.5,3.76
20.08.2021 01:55:15.275,0.91774,0.91766,1,1
20.08.2021 01:55:20.253,0.9177500000000001,0.91766,2.25,1.31
20.08.2021 01:55:21.270,0.9177500000000001,0.9176700000000001,1.5,1
20.08.2021 01:55:43.441,0.91774,0.9176500000000001,1,1.95
20.08.2021 01:56:20.553,0.9177500000000001,0.91766,1.5,1
20.08.2021 01:56:21.457,0.9177500000000001,0.91764,1,1
20.08.2021 01:56:34.558,0.91774,0.9176200000000001,2.32,1
20.08.2021 01:56:34.660,0.9177200000000001,0.9176200000000001,1.5,2.51
20.08.2021 01:56:34.761,0.9177200000000001,0.91763,1.5,1.01
20.08.2021 01:56:37.736,0.9177500000000001,0.91764,1.5,1.1
20.08.2021 01:56:41.493,0.91774,0.9176700000000001,1.5,1
20.08.2021 01:56:52.671,0.9177600000000001,0.91766,1,1
20.08.2021 01:56:52.823,0.9177600000000001,0.9176700000000001,1,2.51
20.08.2021 01:56:52.924,0.9177600000000001,0.9176799999999999,1,2.51
20.08.2021 01:56:58.918,0.9177700000000001,0.91769,1,1.5
20.08.2021 01:57:01.748,0.9177799999999999,0.9176799999999999,1,2.51
20.08.2021 01:57:01.950,0.91779,0.91769,2.7,1.5
20.08.2021 01:57:04.824,0.91779,0.9177000000000001,1,1
20.08.2021 01:57:04.976,0.9178200000000001,0.9177200000000001,1,1.76
20.08.2021 01:57:05.077,0.9178299999999999,0.9177299999999999,1,2.51
20.08.2021 01:57:05.179,0.91784,0.91774,1.1,2.44
20.08.2021 01:57:10.075,0.91784,0.9177500000000001,1,1.76
20.08.2021 01:57:10.277,0.91785,0.9177500000000001,1.5,2.89
20.08.2021 01:57:10.379,0.91785,0.9177600000000001,1,1.76
20.08.2021 01:57:10.480,0.9178600000000001,0.9177600000000001,1.5,1.76
20.08.2021 01:57:11.692,0.9178799999999999,0.9177799999999999,1.5,4.01
20.08.2021 01:57:11.794,0.9178799999999999,0.91779,1,2.14
20.08.2021 01:57:13.518,0.91789,0.91779,1.1,2.81
20.08.2021 01:57:16.329,0.9179,0.9178000000000001,1.57,1
20.08.2021 01:57:17.645,0.9179100000000001,0.9177799999999999,1.57,2.89
20.08.2021 01:57:25.179,0.9178799999999999,0.91779,1,1
20.08.2021 01:57:25.768,0.91789,0.91779,1.12,1
20.08.2021 01:57:28.805,0.9178799999999999,0.91779,1,1
20.08.2021 01:57:31.088,0.9179100000000001,0.9178100000000001,2.25,1.57
20.08.2021 01:57:31.239,0.9179100000000001,0.9178100000000001,1.5,3.7
20.08.2021 01:57:32.178,0.9179100000000001,0.9178100000000001,1.5,2.89
20.08.2021 01:57:38.347,0.9179100000000001,0.9178100000000001,1.5,2.91
20.08.2021 01:57:39.774,0.9179100000000001,0.9178100000000001,1.5,2.89
20.08.2021 01:57:40.968,0.9179100000000001,0.9178100000000001,1.5,2.91
20.08.2021 01:57:49.354,0.9179100000000001,0.9178100000000001,1.5,2.89
20.08.2021 01:57:50.265,0.9179100000000001,0.9178100000000001,1.5,3.72
20.08.2021 01:57:56.912,0.9179200000000001,0.9178200000000001,1,2.14
20.08.2021 01:57:57.013,0.91793,0.9178299999999999,1.5,1.01
20.08.2021 01:57:57.164,0.91793,0.9178700000000001,1.5,1
20.08.2021 01:57:57.736,0.91793,0.9178299999999999,1.5,1.01
20.08.2021 01:58:00.226,0.91794,0.91784,1.5,1
20.08.2021 01:58:00.327,0.91794,0.91784,1.5,1.82
20.08.2021 01:58:00.590,0.91793,0.91785,1,1
20.08.2021 01:58:08.485,0.9179200000000001,0.91784,1,1
20.08.2021 01:58:24.615,0.9179,0.9178200000000001,1,1.5
20.08.2021 01:58:24.717,0.91789,0.9178100000000001,1,1
20.08.2021 01:58:37.508,0.9178799999999999,0.9178000000000001,1,1.5
20.08.2021 01:58:46.533,0.9179,0.9178200000000001,1,1.5
20.08.2021 01:58:46.634,0.9179200000000001,0.9178299999999999,1,1
20.08.2021 01:58:46.735,0.9179200000000001,0.91784,1.5,1
20.08.2021 01:59:02.903,0.9179100000000001,0.91784,1,1
20.08.2021 01:59:02.954,0.9179,0.9178200000000001,1,1
20.08.2021 01:59:03.055,0.91789,0.9178100000000001,1,1
20.08.2021 01:59:05.090,0.9179100000000001,0.9178200000000001,1.5,1.5
20.08.2021 01:59:06.951,0.9179,0.9178200000000001,1,1.5
20.08.2021 01:59:31.186,0.9178700000000001,0.91779,1.5,1
20.08.2021 01:59:31.288,0.91784,0.9177600000000001,1,2.51
20.08.2021 01:59:33.171,0.9178299999999999,0.9177600000000001,1,1
20.08.2021 01:59:33.273,0.91784,0.9177600000000001,2.25,1
20.08.2021 01:59:43.138,0.91784,0.91774,1,1
20.08.2021 01:59:53.117,0.9178299999999999,0.9177600000000001,1,1.25
20.08.2021 01:59:53.219,0.91784,0.9177700000000001,1,1
20.08.2021 01:59:55.195,0.9178700000000001,0.9177799999999999,1.5,1.5
20.08.2021 02:00:01.992,0.91785,0.9177700000000001,1,1.5
20.08.2021 02:00:03.477,0.91784,0.9177600000000001,1,1
20.08.2021 02:00:03.578,0.91784,0.9177500000000001,1.5,1.5
20.08.2021 02:00:23.915,0.9178299999999999,0.9177500000000001,1,1.5
20.08.2021 02:00:42.457,0.91784,0.9177500000000001,1,2.44
20.08.2021 02:00:42.564,0.91785,0.9177700000000001,1.5,1
20.08.2021 02:00:46.876,0.9178700000000001,0.91779,1.5,1.5
20.08.2021 02:00:46.978,0.9178799999999999,0.9178000000000001,1.57,1
20.08.2021 02:00:47.079,0.9178799999999999,0.91779,1,2.44
20.08.2021 02:00:49.263,0.9178799999999999,0.9178000000000001,1,1
20.08.2021 02:00:50.008,0.9178799999999999,0.91779,1,1.5
20.08.2021 02:00:50.565,0.9178600000000001,0.9177700000000001,1,2.32
20.08.2021 02:00:50.681,0.91785,0.9177700000000001,1,1.1
20.08.2021 02:00:51.221,0.9178600000000001,0.9177700000000001,1,2.32
20.08.2021 02:00:51.427,0.9178600000000001,0.9177600000000001,1.5,2.25
20.08.2021 02:00:54.697,0.9178600000000001,0.9177700000000001,1,1
20.08.2021 02:00:54.798,0.9178700000000001,0.9177700000000001,1.5,2.32
20.08.2021 02:00:54.899,0.9178700000000001,0.9177799999999999,1,2.32
20.08.2021 02:00:55.183,0.9178700000000001,0.9177700000000001,1.5,1.57
20.08.2021 02:00:55.284,0.9178600000000001,0.9177700000000001,1,1.57
20.08.2021 02:00:56.196,0.9178600000000001,0.9177600000000001,1.5,2.25
20.08.2021 02:00:56.348,0.9178600000000001,0.9177700000000001,1.5,1
20.08.2021 02:01:03.491,0.91785,0.9177700000000001,1,1
20.08.2021 02:01:03.694,0.9178600000000001,0.9177700000000001,1.5,1.5
20.08.2021 02:01:04.759,0.91785,0.9177700000000001,1,1
20.08.2021 02:01:04.875,0.9178600000000001,0.9177700000000001,2.44,1
20.08.2021 02:01:04.976,0.91785,0.9177600000000001,1,1.5
20.08.2021 02:01:05.641,0.91785,0.9177700000000001,1,2.25
20.08.2021 02:01:05.742,0.9178600000000001,0.9177799999999999,1,1
20.08.2021 02:01:08.177,0.9178799999999999,0.9178100000000001,1,1
20.08.2021 02:01:08.227,0.9179,0.9178200000000001,1,1.5
20.08.2021 02:01:09.085,0.9179100000000001,0.9178200000000001,1,1
20.08.2021 02:01:10.504,0.9179100000000001,0.9178100000000001,1.1,1.5
20.08.2021 02:01:11.148,0.91789,0.9178100000000001,1.25,1
20.08.2021 02:01:11.199,0.9178799999999999,0.91779,1,1.1
20.08.2021 02:01:11.352,0.91789,0.9178000000000001,1.31,1.5
20.08.2021 02:01:20.160,0.9178799999999999,0.9177799999999999,1.1,1.5
20.08.2021 02:01:20.261,0.9178700000000001,0.9177700000000001,1.57,2.25
20.08.2021 02:01:20.362,0.9178600000000001,0.9177700000000001,1,1
20.08.2021 02:01:30.137,0.91785,0.9177600000000001,1,1
20.08.2021 02:01:32.709,0.9178600000000001,0.9177600000000001,3,1.5
20.08.2021 02:01:40.490,0.91785,0.9177600000000001,2.44,1
20.08.2021 02:01:42.022,0.91785,0.9177500000000001,3.19,1.5
20.08.2021 02:01:47.729,0.91785,0.9177500000000001,3.66,1.5
20.08.2021 02:01:52.149,0.91785,0.9177600000000001,2.91,1
20.08.2021 02:01:52.659,0.91785,0.9177600000000001,1.5,1
20.08.2021 02:02:10.032,0.91784,0.9177600000000001,1.76,1
20.08.2021 02:02:10.396,0.91784,0.9177500000000001,1.1,1
20.08.2021 02:02:27.437,0.91784,0.9177500000000001,2.57,1
20.08.2021 02:02:27.538,0.9178200000000001,0.91774,1,1.5
20.08.2021 02:02:27.589,0.91779,0.9177000000000001,3,1.12
20.08.2021 02:02:27.690,0.9177700000000001,0.91769,1.5,1.5
20.08.2021 02:02:27.791,0.9177700000000001,0.9176799999999999,1.5,1.1
20.08.2021 02:02:28.435,0.9177799999999999,0.9176799999999999,2.25,2.32
20.08.2021 02:02:36.472,0.91779,0.91769,2.25,2.35
20.08.2021 02:02:36.624,0.9178100000000001,0.91769,2.25,2.32
20.08.2021 02:02:43.019,0.9178000000000001,0.9177000000000001,2.25,2.35
20.08.2021 02:02:56.605,0.9178100000000001,0.91771,1.5,1
20.08.2021 02:02:56.656,0.9178200000000001,0.9177299999999999,1.5,1
20.08.2021 02:02:56.757,0.9178299999999999,0.9177299999999999,2.25,2.32
20.08.2021 02:02:56.858,0.91784,0.9177299999999999,1.5,1
20.08.2021 02:02:58.434,0.91785,0.9177299999999999,2.25,2.32
20.08.2021 02:03:10.409,0.91784,0.9177500000000001,1,1.1
20.08.2021 02:03:11.428,0.91784,0.9177600000000001,1.5,1
20.08.2021 02:03:27.158,0.9178299999999999,0.9177500000000001,1,1.57
20.08.2021 02:03:38.669,0.9178000000000001,0.91771,1.5,1
20.08.2021 02:03:38.720,0.91779,0.91769,1.5,1
20.08.2021 02:03:38.822,0.9177700000000001,0.91769,1,1.5
20.08.2021 02:04:02.809,0.9177700000000001,0.9176799999999999,1,1
20.08.2021 02:04:02.910,0.9177299999999999,0.9176500000000001,1,1.1
20.08.2021 02:04:03.012,0.91771,0.91763,1,1
20.08.2021 02:04:03.062,0.91771,0.91761,1.5,1.57
20.08.2021 02:04:03.316,0.91771,0.9176200000000001,1,1
20.08.2021 02:04:04.741,0.9177000000000001,0.91761,1,1.1
20.08.2021 02:04:06.378,0.91769,0.91759,1.5,1.57
20.08.2021 02:04:06.480,0.9176799999999999,0.91759,1,1.1
20.08.2021 02:04:11.537,0.9177000000000001,0.91758,1,1.57
20.08.2021 02:04:13.051,0.9176799999999999,0.91759,1,1.57
20.08.2021 02:04:22.772,0.9176700000000001,0.91759,1,2.32
20.08.2021 02:04:38.548,0.91769,0.91761,1,1
20.08.2021 02:04:38.649,0.91771,0.91761,1,1
20.08.2021 02:04:38.751,0.91771,0.91763,1.5,1.5
20.08.2021 02:04:39.609,0.9177299999999999,0.9176500000000001,1,1.57
20.08.2021 02:04:40.038,0.91774,0.91766,1,1
20.08.2021 02:05:34.201,0.9177500000000001,0.9176700000000001,1,1
20.08.2021 02:05:34.352,0.9177600000000001,0.9176799999999999,1,1
20.08.2021 02:05:54.833,0.9177799999999999,0.9176700000000001,1.5,1
20.08.2021 02:05:58.281,0.9177700000000001,0.9176799999999999,2.87,1
20.08.2021 02:05:58.382,0.9177700000000001,0.9176700000000001,3.62,1
20.08.2021 02:06:00.885,0.9177500000000001,0.9176700000000001,1,1
20.08.2021 02:06:11.992,0.91774,0.91766,1,1.5
20.08.2021 02:06:12.093,0.9177200000000001,0.91764,1,1.6
20.08.2021 02:06:12.245,0.9177299999999999,0.9176500000000001,1.5,1.1
20.08.2021 02:06:12.770,0.9177299999999999,0.91764,1.5,1.1
20.08.2021 02:06:23.470,0.91774,0.9176500000000001,1,1.6
20.08.2021 02:06:23.572,0.9177500000000001,0.91766,1.5,1.57
20.08.2021 02:06:40.404,0.9177500000000001,0.9176700000000001,1.5,1
20.08.2021 02:07:19.716,0.91774,0.9176700000000001,1,1
20.08.2021 02:07:19.817,0.9177500000000001,0.9176700000000001,1.5,1
20.08.2021 02:07:21.224,0.91774,0.91766,1,1.5
20.08.2021 02:07:23.633,0.9177500000000001,0.9176700000000001,1.5,1
20.08.2021 02:07:47.544,0.91774,0.91766,1,1.5
20.08.2021 02:08:02.270,0.9177200000000001,0.9176500000000001,1,1
20.08.2021 02:08:07.320,0.9177200000000001,0.91764,1,2.25
20.08.2021 02:08:12.123,0.91774,0.91764,1,1
20.08.2021 02:08:43.064,0.91774,0.9176500000000001,1,1.57
20.08.2021 02:08:50.564,0.9177500000000001,0.91766,1.5,1.1
20.08.2021 02:09:03.037,0.9177500000000001,0.9176700000000001,1.5,1
20.08.2021 02:09:19.792,0.9178000000000001,0.9177200000000001,3.37,1
20.08.2021 02:09:19.894,0.9178100000000001,0.9177299999999999,1.5,1
20.08.2021 02:09:19.995,0.9178200000000001,0.9177500000000001,1.5,1
20.08.2021 02:09:23.829,0.91784,0.91774,1,1
20.08.2021 02:09:28.559,0.91784,0.9177600000000001,2.25,1
20.08.2021 02:09:38.738,0.91785,0.9177700000000001,2.25,1
20.08.2021 02:10:02.324,0.91785,0.9177600000000001,2.25,1
20.08.2021 02:10:11.771,0.91784,0.9177600000000001,1,1
20.08.2021 02:10:11.975,0.91785,0.9177600000000001,2.25,1
20.08.2021 02:10:42.306,0.91785,0.9177500000000001,1,1
20.08.2021 02:11:04.785,0.91785,0.9177600000000001,2.25,1
20.08.2021 02:11:16.688,0.91785,0.9177700000000001,1,1
20.08.2021 02:11:16.790,0.9178700000000001,0.9178000000000001,2.25,1
20.08.2021 02:11:16.891,0.9178799999999999,0.9178100000000001,1,1.5
20.08.2021 02:11:16.992,0.91789,0.9178000000000001,1.5,1.5
20.08.2021 02:11:17.094,0.9178799999999999,0.91779,1,1
20.08.2021 02:11:17.245,0.9178799999999999,0.9177799999999999,1,2.32
20.08.2021 02:11:17.860,0.91789,0.9177799999999999,2.25,2.51
20.08.2021 02:11:17.962,0.91789,0.9178000000000001,1,1.5
20.08.2021 02:11:18.063,0.9179,0.9178000000000001,3.19,2.25
20.08.2021 02:11:18.726,0.9179,0.9178100000000001,1,1.5
20.08.2021 02:11:18.878,0.9179,0.9178200000000001,1,1
20.08.2021 02:11:24.021,0.9179100000000001,0.9178200000000001,1.5,1.5
20.08.2021 02:12:02.851,0.9179200000000001,0.9178299999999999,1.5,1
20.08.2021 02:12:03.002,0.91793,0.9178299999999999,2.25,1.57
20.08.2021 02:12:04.697,0.91793,0.91784,1,2.25
20.08.2021 02:12:21.164,0.9179200000000001,0.91784,1.5,1
20.08.2021 02:12:25.296,0.9179200000000001,0.9178299999999999,1.25,1.57
20.08.2021 02:12:27.540,0.9179200000000001,0.91784,1,1
20.08.2021 02:12:38.917,0.91793,0.91784,1,1.57
20.08.2021 02:13:14.217,0.91793,0.91785,1,1
20.08.2021 02:13:18.299,0.91793,0.91784,1,1.5
20.08.2021 02:13:59.381,0.9179200000000001,0.91784,1,1
20.08.2021 02:13:59.483,0.9179200000000001,0.9178299999999999,1,2.25
20.08.2021 02:14:02.838,0.9179100000000001,0.9178200000000001,1.5,1.5
20.08.2021 02:14:02.939,0.9179,0.9178200000000001,1,1
20.08.2021 02:14:03.040,0.9179200000000001,0.9178100000000001,3.56,1
20.08.2021 02:14:13.254,0.9179200000000001,0.9178000000000001,2.25,1.5
20.08.2021 02:14:13.356,0.9179100000000001,0.9178200000000001,2.25,1
20.08.2021 02:14:14.335,0.9179100000000001,0.9178299999999999,1.5,1
20.08.2021 02:14:14.639,0.91793,0.9178200000000001,1.5,1
20.08.2021 02:15:00.891,0.9178700000000001,0.9178000000000001,1,1
20.08.2021 02:15:00.992,0.9178700000000001,0.9177799999999999,2.25,1
20.08.2021 02:15:01.094,0.9178600000000001,0.9177700000000001,1.5,1.5
20.08.2021 02:15:01.195,0.91785,0.9177600000000001,1,1.5
20.08.2021 02:15:05.287,0.91784,0.9177500000000001,2.25,1
20.08.2021 02:15:46.345,0.9178299999999999,0.9177500000000001,1,1.5
20.08.2021 02:15:55.295,0.91785,0.91774,1.5,1.5
20.08.2021 02:16:03.150,0.91784,0.91774,1,1
20.08.2021 02:16:03.251,0.91784,0.9177500000000001,1.5,1
20.08.2021 02:16:54.425,0.91785,0.91774,4.37,1
20.08.2021 02:16:57.006,0.91784,0.9177500000000001,2.25,1
20.08.2021 02:17:18.761,0.9178299999999999,0.91774,1,1
20.08.2021 02:17:18.964,0.9178200000000001,0.9177299999999999,1,1.5
20.08.2021 02:17:19.065,0.9178200000000001,0.9177200000000001,1.5,2.25
20.08.2021 02:17:19.166,0.9178100000000001,0.9177200000000001,1,1
20.08.2021 02:17:20.377,0.9178100000000001,0.91771,1.5,1.1
20.08.2021 02:17:22.771,0.9178000000000001,0.9177000000000001,1,2.35
20.08.2021 02:17:23.023,0.9178000000000001,0.9177000000000001,1,2.32
20.08.2021 02:17:51.839,0.91779,0.9176799999999999,2.32,1.25
20.08.2021 02:17:51.940,0.9177799999999999,0.9176799999999999,2.32,3.07
20.08.2021 02:17:54.870,0.9177799999999999,0.9176799999999999,2.35,2.25
20.08.2021 02:17:54.972,0.9177600000000001,0.9176700000000001,1,1.57
20.08.2021 02:17:55.073,0.9177600000000001,0.91766,3.66,2.25
20.08.2021 02:17:56.267,0.91774,0.91766,1,1.5
20.08.2021 02:17:56.369,0.9177500000000001,0.91766,1.1,1.5
20.08.2021 02:17:59.014,0.91774,0.91766,1,1
20.08.2021 02:18:01.629,0.9177600000000001,0.9176700000000001,2.62,1
20.08.2021 02:18:24.209,0.9177600000000001,0.9176700000000001,1.5,1.7
20.08.2021 02:18:24.260,0.91779,0.91771,1.5,1
20.08.2021 02:18:27.478,0.9178100000000001,0.9177299999999999,3,1
20.08.2021 02:18:27.580,0.9178000000000001,0.9177299999999999,1,1
20.08.2021 02:18:30.425,0.9178299999999999,0.9177299999999999,1.5,1
20.08.2021 02:19:13.840,0.9178100000000001,0.9177299999999999,1,1
20.08.2021 02:19:13.947,0.9178200000000001,0.91774,1.5,1
20.08.2021 02:19:28.634,0.9178299999999999,0.9177500000000001,1.5,1
20.08.2021 02:20:18.385,0.9178200000000001,0.9177500000000001,1,1.5
20.08.2021 02:20:18.487,0.9178299999999999,0.9177500000000001,1.1,1.5
20.08.2021 02:20:23.069,0.9178100000000001,0.9177299999999999,1,2.25
20.08.2021 02:20:23.171,0.9178000000000001,0.9177200000000001,1,1.5
20.08.2021 02:20:23.273,0.91779,0.91771,1,1.5
20.08.2021 02:21:21.055,0.9178000000000001,0.9177200000000001,1,1.5
20.08.2021 02:21:30.030,0.9178100000000001,0.9177299999999999,1,1
20.08.2021 02:21:30.182,0.9178299999999999,0.91774,2.35,1
20.08.2021 02:21:30.283,0.9178299999999999,0.91774,1.57,1.5
20.08.2021 02:22:12.299,0.91784,0.9177500000000001,2.35,1
20.08.2021 02:22:19.121,0.91784,0.9177500000000001,1.5,1.5
20.08.2021 02:22:22.104,0.91785,0.9177500000000001,1.5,2.25
20.08.2021 02:22:53.675,0.91784,0.9177500000000001,1.5,1.5
20.08.2021 02:23:00.761,0.91785,0.9177500000000001,2.25,2.25
20.08.2021 02:23:55.709,0.91785,0.9177600000000001,1.5,1
20.08.2021 02:24:50.439,0.91785,0.91774,1.57,1.57
20.08.2021 02:24:54.066,0.91785,0.9177600000000001,1.1,1
20.08.2021 02:24:58.624,0.91785,0.9177700000000001,1,1
20.08.2021 02:25:00.014,0.91785,0.9177600000000001,1,1
20.08.2021 02:25:00.572,0.91784,0.91774,1,1.57
20.08.2021 02:25:01.109,0.9178299999999999,0.91774,1,1
20.08.2021 02:25:01.210,0.91784,0.91774,1.57,1.5
20.08.2021 02:25:04.193,0.9178299999999999,0.9177200000000001,1,1
20.08.2021 02:25:04.306,0.91784,0.9177299999999999,4.1,1.5
20.08.2021 02:25:11.563,0.9178000000000001,0.91771,1,1.87
20.08.2021 02:25:11.665,0.9178000000000001,0.91769,1,1
20.08.2021 02:25:11.766,0.91779,0.91769,1.5,1.57
20.08.2021 02:25:11.918,0.91779,0.9177000000000001,1.1,1
20.08.2021 02:25:12.705,0.9177799999999999,0.9176799999999999,1.5,1.76
20.08.2021 02:25:12.806,0.9177799999999999,0.9177000000000001,1,1
20.08.2021 02:25:19.176,0.9177799999999999,0.9176799999999999,1,1.01
20.08.2021 02:25:19.581,0.9177700000000001,0.9176700000000001,2.32,1
20.08.2021 02:25:19.683,0.9177600000000001,0.9176700000000001,1.12,1
20.08.2021 02:25:25.414,0.9177700000000001,0.9176500000000001,1.95,1
20.08.2021 02:25:25.719,0.9177500000000001,0.91764,1.5,2.16
20.08.2021 02:25:25.820,0.9177500000000001,0.91764,1.57,2.14
20.08.2021 02:25:31.903,0.9177600000000001,0.91763,1,1.41
20.08.2021 02:25:36.216,0.9177500000000001,0.91766,1,1
20.08.2021 02:26:01.409,0.9177500000000001,0.91764,1.1,1.39
20.08.2021 02:26:05.916,0.9177500000000001,0.9176500000000001,1.57,1
20.08.2021 02:26:08.196,0.91774,0.9176500000000001,1,1
20.08.2021 02:26:17.788,0.91774,0.91763,1,1.1
20.08.2021 02:26:18.733,0.9177500000000001,0.91763,1,1.57
20.08.2021 02:26:24.243,0.91774,0.91764,1,2.26
20.08.2021 02:26:24.448,0.91774,0.91764,1,2.14
20.08.2021 02:26:30.456,0.91774,0.91764,1,2.16
20.08.2021 02:26:32.739,0.91774,0.91764,1,2.14
20.08.2021 02:26:33.144,0.91774,0.91764,1,2.16
20.08.2021 02:26:52.008,0.91774,0.91764,1,2.14
20.08.2021 02:27:02.561,0.91774,0.91764,1,2.16
20.08.2021 02:27:02.814,0.9177500000000001,0.9176500000000001,1,1
20.08.2021 02:27:02.915,0.9177500000000001,0.91766,1,1.76
20.08.2021 02:27:11.835,0.91774,0.91766,1,1.1
20.08.2021 02:27:21.810,0.9177600000000001,0.9176799999999999,1.12,1.1
20.08.2021 02:27:21.911,0.9177700000000001,0.9176799999999999,1,1.1
20.08.2021 02:27:22.012,0.9177500000000001,0.9176799999999999,1,1.1
20.08.2021 02:27:22.063,0.9177700000000001,0.9176799999999999,1.12,1.1
20.08.2021 02:27:24.887,0.91779,0.91769,1.87,1.6
20.08.2021 02:27:25.039,0.9177799999999999,0.91769,1,1.79
20.08.2021 02:27:25.140,0.91779,0.9177000000000001,1,1.1
20.08.2021 02:27:30.301,0.9178000000000001,0.91771,1,4.1
20.08.2021 02:27:30.416,0.9178100000000001,0.9177200000000001,1,1.1
20.08.2021 02:27:30.517,0.9178200000000001,0.9177200000000001,1,1.6
20.08.2021 02:27:33.875,0.91779,0.91771,1,1.57
20.08.2021 02:27:33.976,0.91779,0.91769,1,3.29
20.08.2021 02:27:34.077,0.91779,0.91769,1.1,1.01
20.08.2021 02:27:34.178,0.9177799999999999,0.91769,1,1.01
20.08.2021 02:27:47.050,0.91779,0.91769,1.1,1.01
20.08.2021 02:28:00.315,0.9178100000000001,0.91771,1.12,1
20.08.2021 02:28:00.417,0.9178100000000001,0.9177000000000001,2.1,1
20.08.2021 02:28:00.468,0.9178100000000001,0.9177200000000001,1,1
20.08.2021 02:28:00.519,0.9178000000000001,0.9177000000000001,1.5,2.32
20.08.2021 02:28:00.620,0.9178200000000001,0.9177000000000001,3.45,2.44
20.08.2021 02:28:00.671,0.9178000000000001,0.9177000000000001,1,1
20.08.2021 02:28:25.972,0.9178000000000001,0.91771,1.12,1.39
20.08.2021 02:28:26.073,0.9178000000000001,0.9177200000000001,1,1.25
20.08.2021 02:28:26.124,0.9178200000000001,0.9177200000000001,1.5,1.76
20.08.2021 02:28:26.275,0.9178200000000001,0.9177200000000001,1.5,2.57
20.08.2021 02:30:00.110,0.9178200000000001,0.9177200000000001,1.5,2.32
20.08.2021 02:30:05.520,0.9178200000000001,0.9177299999999999,1,1
20.08.2021 02:30:14.140,0.9178200000000001,0.9177299999999999,1,1.1
20.08.2021 02:30:14.672,0.9178200000000001,0.9177299999999999,1,1.1
20.08.2021 02:30:20.929,0.9178200000000001,0.9177200000000001,1,1.1
20.08.2021 02:30:21.030,0.9178100000000001,0.9177200000000001,1,1.1
20.08.2021 02:30:25.544,0.9178100000000001,0.9177200000000001,1,2.54
20.08.2021 02:30:25.845,0.9178100000000001,0.9177500000000001,1,1
20.08.2021 02:30:32.918,0.9178200000000001,0.9177500000000001,1,1
20.08.2021 02:30:37.627,0.9178200000000001,0.9177299999999999,1,2.32
20.08.2021 02:30:45.201,0.9178100000000001,0.9177299999999999,1,1.57
20.08.2021 02:30:49.392,0.9178100000000001,0.91774,1,1
20.08.2021 02:30:58.993,0.9178200000000001,0.91774,1,1
20.08.2021 02:31:15.380,0.9178200000000001,0.9177299999999999,1,1.01
20.08.2021 02:31:18.053,0.9178200000000001,0.91774,1,1
20.08.2021 02:31:42.726,0.9178200000000001,0.9177299999999999,1,1.1
20.08.2021 02:31:42.831,0.9178200000000001,0.91774,1,1
20.08.2021 02:31:56.408,0.9178299999999999,0.91774,1.1,1
20.08.2021 02:31:56.572,0.9178100000000001,0.9177500000000001,1,1
20.08.2021 02:32:02.243,0.9178200000000001,0.9177200000000001,1,1
20.08.2021 02:32:03.089,0.9178200000000001,0.9177500000000001,1,1
20.08.2021 02:33:00.776,0.91779,0.9177200000000001,1,3.35
