Gmt time,Ask,Bid,AskVolume,BidVolume
24.08.2021 00:00:00.408,6.47917,6.47867,1.6,1.5
24.08.2021 00:00:03.039,6.47918,6.4786600000000005,1.5,1.5
24.08.2021 00:00:04.040,6.47918,6.4786600000000005,1.5,1.5
24.08.2021 00:00:44.195,6.47918,6.4786600000000005,2,1
24.08.2021 00:00:44.328,6.4789900000000005,6.47867,1.1,1
24.08.2021 00:00:44.449,6.4789900000000005,6.47865,1.1,1
24.08.2021 00:00:45.084,6.47896,6.47865,1.1,1
24.08.2021 00:00:45.776,6.47896,6.47874,1.1,1
24.08.2021 00:00:45.877,6.47897,6.47864,1.1,1
24.08.2021 00:00:46.007,6.47896,6.4786600000000005,1.1,1
24.08.2021 00:00:46.250,6.47896,6.47865,1.1,1
24.08.2021 00:00:46.644,6.47896,6.4786600000000005,1.1,1
24.08.2021 00:00:47.447,6.47896,6.47865,1.1,1
24.08.2021 00:00:48.730,6.4789200000000005,6.47865,1.1,1
24.08.2021 00:00:48.908,6.47891,6.47865,1.1,1
24.08.2021 00:00:56.450,6.47888,6.47865,1.1,1
24.08.2021 00:00:59.999,6.47887,6.47865,1.1,1
24.08.2021 00:01:00.100,6.47886,6.47864,1.1,1
24.08.2021 00:01:01.309,6.47883,6.47865,1.1,1
24.08.2021 00:01:02.705,6.47886,6.47864,1.1,1
24.08.2021 00:01:02.849,6.47887,6.47864,1.1,1
24.08.2021 00:01:02.900,6.478930000000001,6.47865,1.1,1
24.08.2021 00:01:03.068,6.478930000000001,6.47864,1.1,1
24.08.2021 00:01:04.899,6.478930000000001,6.47865,1.1,1
24.08.2021 00:01:09.021,6.4789200000000005,6.47864,1.1,1
24.08.2021 00:01:13.114,6.478930000000001,6.47865,1.1,1
24.08.2021 00:01:15.894,6.478940000000001,6.47865,1.1,1
24.08.2021 00:01:17.693,6.478980000000001,6.4787,1.1,1
24.08.2021 00:01:17.845,6.479,6.47869,1,1
24.08.2021 00:01:21.254,6.4789900000000005,6.4786600000000005,1,1
24.08.2021 00:01:21.405,6.47895,6.47857,1,1.12
24.08.2021 00:01:21.456,6.47895,6.478490000000001,1,1.1
24.08.2021 00:01:21.557,6.47897,6.478490000000001,1.1,1.1
24.08.2021 00:01:22.190,6.478890000000001,6.4785,1.1,1.57
24.08.2021 00:01:24.268,6.47887,6.4785,1.1,1.57
24.08.2021 00:01:25.359,6.478840000000001,6.4785,1.1,1.5
24.08.2021 00:01:29.363,6.47887,6.478490000000001,1.1,1.5
24.08.2021 00:01:30.512,6.478890000000001,6.478490000000001,1.1,1.5
24.08.2021 00:01:30.562,6.478890000000001,6.478530000000001,1.1,1
24.08.2021 00:01:37.255,6.478890000000001,6.47851,1.1,1
24.08.2021 00:01:37.662,6.478890000000001,6.478530000000001,1.1,1
24.08.2021 00:01:38.495,6.47891,6.478530000000001,1.1,1.5
24.08.2021 00:01:38.620,6.47891,6.47851,1.1,1
24.08.2021 00:01:38.750,6.478890000000001,6.47852,1.1,1
24.08.2021 00:01:42.583,6.47888,6.47851,1.1,1
24.08.2021 00:01:44.901,6.478840000000001,6.47852,1.1,1
24.08.2021 00:01:46.865,6.478840000000001,6.47851,1.1,1
24.08.2021 00:01:46.916,6.47883,6.478400000000001,1.1,1.5
24.08.2021 00:01:47.168,6.47881,6.478350000000001,1.57,1
24.08.2021 00:01:47.219,6.47882,6.4783100000000005,1.57,1.5
24.08.2021 00:01:47.320,6.47871,6.47827,1,1
24.08.2021 00:01:47.421,6.478580000000001,6.478190000000001,1,1
24.08.2021 00:01:47.522,6.47852,6.478180000000001,1,1
24.08.2021 00:01:47.623,6.478530000000001,6.47803,1,1.22
24.08.2021 00:02:00.264,6.47855,6.4780500000000005,1,1
24.08.2021 00:02:00.365,6.47857,6.47804,1.5,1.1
24.08.2021 00:02:00.472,6.47857,6.47815,1,1.1
24.08.2021 00:02:02.827,6.47848,6.47815,1,1
24.08.2021 00:02:02.878,6.47839,6.47801,1,1
24.08.2021 00:02:03.029,6.47839,6.4779100000000005,1,1.2
24.08.2021 00:02:03.080,6.4783800000000005,6.4779100000000005,1,1.6
24.08.2021 00:02:03.181,6.47839,6.4779,1,1.6
24.08.2021 00:02:03.325,6.4783800000000005,6.4779,1,1.6
24.08.2021 00:02:04.420,6.478400000000001,6.4779,1,1.6
24.08.2021 00:02:04.470,6.47842,6.4779,1,1.6
24.08.2021 00:02:04.623,6.47842,6.4779,1,1.6
24.08.2021 00:02:04.786,6.47841,6.47795,1,1
24.08.2021 00:02:06.389,6.4784500000000005,6.47794,2.25,1
24.08.2021 00:02:06.440,6.4784500000000005,6.47794,2.25,1.1
24.08.2021 00:02:09.173,6.478440000000001,6.47795,2.25,1.1
24.08.2021 00:02:11.725,6.4784500000000005,6.47794,2.25,1.1
24.08.2021 00:02:14.729,6.4784500000000005,6.47799,1.5,1
24.08.2021 00:02:19.404,6.478440000000001,6.478000000000001,1,1.6
24.08.2021 00:02:19.505,6.4784500000000005,6.47799,1,1.6
24.08.2021 00:02:19.616,6.478440000000001,6.478000000000001,1,1.6
24.08.2021 00:02:19.851,6.4784500000000005,6.47804,1,1
24.08.2021 00:02:20.034,6.4784500000000005,6.4781,1,1
24.08.2021 00:02:20.155,6.478540000000001,6.4781,1.5,1
24.08.2021 00:02:20.206,6.478580000000001,6.47811,1,1
24.08.2021 00:02:20.312,6.478580000000001,6.47811,1,1.1
24.08.2021 00:02:20.362,6.478580000000001,6.47811,1,1.1
24.08.2021 00:02:20.413,6.47861,6.47813,1.5,1.1
24.08.2021 00:02:20.514,6.47861,6.47816,1,1
24.08.2021 00:02:20.682,6.47861,6.47834,1,1
24.08.2021 00:02:21.052,6.47862,6.478260000000001,1,1
24.08.2021 00:02:26.846,6.47861,6.47827,1,1.5
24.08.2021 00:02:26.957,6.47861,6.4783800000000005,1,1
24.08.2021 00:02:35.469,6.47877,6.4783800000000005,1.5,1
24.08.2021 00:02:35.520,6.478840000000001,6.4783800000000005,1.5,1
24.08.2021 00:02:35.772,6.47876,6.47839,1,1
24.08.2021 00:02:38.037,6.478680000000001,6.478400000000001,1,1
24.08.2021 00:02:38.188,6.478680000000001,6.47825,1,1
24.08.2021 00:02:38.239,6.47869,6.478280000000001,1,1
24.08.2021 00:02:38.289,6.4787300000000005,6.47824,1,1.6
24.08.2021 00:02:38.390,6.47874,6.47824,1,2.35
24.08.2021 00:02:38.778,6.47874,6.47829,1,1
24.08.2021 00:02:38.879,6.4787300000000005,6.47834,1,1
24.08.2021 00:02:39.033,6.4787300000000005,6.4783,1,1
24.08.2021 00:02:39.693,6.47872,6.4783,1,1
24.08.2021 00:02:39.897,6.47874,6.47829,1.1,1
24.08.2021 00:02:40.292,6.4787300000000005,6.47829,1,1
24.08.2021 00:02:40.394,6.4787300000000005,6.4783,1.1,1
24.08.2021 00:02:41.292,6.4787300000000005,6.47829,1,1
24.08.2021 00:02:41.604,6.47874,6.47829,1.1,1
24.08.2021 00:02:41.916,6.4787,6.4783,1.1,1
24.08.2021 00:02:42.226,6.478680000000001,6.4783,1.1,1
24.08.2021 00:02:42.409,6.478680000000001,6.47829,1.1,1
24.08.2021 00:02:42.510,6.4786600000000005,6.4783,1.1,1
24.08.2021 00:02:42.751,6.47865,6.47829,1,1
24.08.2021 00:02:42.802,6.47856,6.478090000000001,1,1.5
24.08.2021 00:02:42.903,6.478530000000001,6.478090000000001,1,1
24.08.2021 00:02:43.196,6.4784500000000005,6.47792,1,2.1
24.08.2021 00:02:43.453,6.4784500000000005,6.47796,1,1
24.08.2021 00:02:43.562,6.4784500000000005,6.47797,1,1
24.08.2021 00:02:43.713,6.478490000000001,6.4779800000000005,1,1.6
24.08.2021 00:02:43.912,6.4785,6.47799,1,1
24.08.2021 00:02:44.492,6.4785,6.47801,1,1
24.08.2021 00:02:44.593,6.47851,6.47802,1,1.6
24.08.2021 00:02:45.305,6.47852,6.478090000000001,1,1
24.08.2021 00:02:55.671,6.47848,6.4781,1,1
24.08.2021 00:02:56.241,6.47847,6.4781,1,1
24.08.2021 00:02:56.342,6.4784500000000005,6.478090000000001,1,1
24.08.2021 00:02:59.464,6.478440000000001,6.478090000000001,1,1
24.08.2021 00:02:59.565,6.47841,6.478090000000001,1,1
24.08.2021 00:03:02.099,6.47834,6.4781,1,1
24.08.2021 00:03:02.727,6.47836,6.4781,1,1
24.08.2021 00:03:08.885,6.47832,6.4778400000000005,1.5,1.22
24.08.2021 00:03:08.986,6.47832,6.4778400000000005,1.5,1.22
24.08.2021 00:03:09.600,6.4783,6.47786,1,1.1
24.08.2021 00:03:10.803,6.4783100000000005,6.47785,1,1.1
24.08.2021 00:03:10.904,6.4783100000000005,6.4778400000000005,1,1
24.08.2021 00:03:12.570,6.4783,6.4778400000000005,1,1
24.08.2021 00:03:12.873,6.47824,6.47785,1,1
24.08.2021 00:03:14.763,6.47822,6.4778400000000005,1,1
24.08.2021 00:03:37.702,6.47811,6.47785,1,1
24.08.2021 00:04:38.002,6.47812,6.47781,1,1.1
24.08.2021 00:04:39.932,6.47811,6.4778,1,1.1
24.08.2021 00:05:00.284,6.47811,6.4778,1,1.1
24.08.2021 00:05:00.385,6.47811,6.4778,1,1.1
24.08.2021 00:05:00.743,6.478180000000001,6.477790000000001,1.5,1.1
24.08.2021 00:05:01.203,6.47817,6.47786,1,1
24.08.2021 00:05:05.399,6.478180000000001,6.477830000000001,1,1.1
24.08.2021 00:05:05.551,6.478280000000001,6.4779100000000005,1,1.1
24.08.2021 00:05:05.602,6.478280000000001,6.47796,1,1.1
24.08.2021 00:05:05.653,6.478400000000001,6.47796,1,1.1
24.08.2021 00:05:05.805,6.47841,6.47795,1,1.1
24.08.2021 00:05:06.553,6.47841,6.47796,1,1.6
24.08.2021 00:05:06.981,6.47843,6.47799,1,1.1
24.08.2021 00:05:07.082,6.478440000000001,6.47803,1,1.2
24.08.2021 00:05:07.183,6.478440000000001,6.47804,1,1.67
24.08.2021 00:05:07.284,6.4784500000000005,6.47806,1,1.2
24.08.2021 00:05:07.554,6.478440000000001,6.4781,1,1
24.08.2021 00:05:07.655,6.478440000000001,6.4781,1,1.2
24.08.2021 00:05:07.756,6.4784500000000005,6.478090000000001,1,1.2
24.08.2021 00:05:07.857,6.478440000000001,6.47815,1,1.1
24.08.2021 00:05:07.979,6.4784500000000005,6.478140000000001,1,1.1
24.08.2021 00:05:08.474,6.4784500000000005,6.478140000000001,1,1
24.08.2021 00:05:08.575,6.478440000000001,6.478140000000001,1,1
24.08.2021 00:05:14.401,6.47834,6.47799,1,1.1
24.08.2021 00:05:15.083,6.47834,6.47797,1,1.1
24.08.2021 00:05:24.996,6.478400000000001,6.47799,1,1.1
24.08.2021 00:05:25.047,6.47841,6.4779800000000005,1,1.1
24.08.2021 00:05:25.148,6.478400000000001,6.47803,1,1.1
24.08.2021 00:05:27.042,6.47832,6.47789,1,1.6
24.08.2021 00:05:27.093,6.47832,6.47789,1,1.1
24.08.2021 00:05:27.144,6.4783100000000005,6.4779,1,1.1
24.08.2021 00:05:42.066,6.478350000000001,6.4779,1,1.57
24.08.2021 00:05:45.926,6.478280000000001,6.47789,1,1
24.08.2021 00:05:57.571,6.478330000000001,6.4779,1.5,1.5
24.08.2021 00:05:58.539,6.478350000000001,6.4779,1,1.5
24.08.2021 00:05:59.514,6.47836,6.47796,1,1
24.08.2021 00:06:00.397,6.47836,6.47799,1,1.1
24.08.2021 00:06:00.549,6.478350000000001,6.47801,1,1.1
24.08.2021 00:06:01.083,6.47847,6.478000000000001,1,1.1
24.08.2021 00:06:01.134,6.47848,6.47799,1,1.1
24.08.2021 00:06:01.723,6.478490000000001,6.4779800000000005,1,1.1
24.08.2021 00:06:02.202,6.47848,6.478000000000001,1,1.2
24.08.2021 00:06:04.431,6.478490000000001,6.47802,1,1.1
24.08.2021 00:06:05.788,6.478490000000001,6.47807,1,1
24.08.2021 00:06:06.232,6.47851,6.47807,1,1
24.08.2021 00:06:07.216,6.478530000000001,6.47807,1,1
24.08.2021 00:06:07.453,6.478530000000001,6.47803,1,1.5
24.08.2021 00:06:08.423,6.478540000000001,6.47802,1,1.6
24.08.2021 00:06:08.524,6.478540000000001,6.4780500000000005,1,1.1
24.08.2021 00:06:18.072,6.478530000000001,6.47806,1,1.1
24.08.2021 00:06:26.398,6.47856,6.47806,1.5,1.1
24.08.2021 00:06:26.449,6.47864,6.478140000000001,1.5,1.6
24.08.2021 00:06:26.500,6.4787300000000005,6.4782,1.5,1
24.08.2021 00:06:26.550,6.47872,6.47821,1.5,1.1
24.08.2021 00:06:26.701,6.478750000000001,6.478260000000001,1,1.6
24.08.2021 00:06:27.353,6.4787300000000005,6.478190000000001,1.5,1.1
24.08.2021 00:06:27.454,6.4786600000000005,6.47817,1,1.6
24.08.2021 00:06:27.605,6.47862,6.47816,1,1
24.08.2021 00:06:28.025,6.478530000000001,6.47816,1,1
24.08.2021 00:06:29.001,6.47851,6.47817,1,1
24.08.2021 00:07:00.263,6.478530000000001,6.47816,1,1
24.08.2021 00:07:11.666,6.47852,6.47832,1,1
24.08.2021 00:07:13.696,6.478540000000001,6.47832,1.1,1
24.08.2021 00:07:13.797,6.47856,6.478330000000001,1,1
24.08.2021 00:07:13.848,6.4786600000000005,6.47832,1,1
24.08.2021 00:07:13.899,6.4787,6.478330000000001,2,1
24.08.2021 00:07:14.939,6.47871,6.47832,1.5,1
24.08.2021 00:07:15.512,6.47871,6.47851,1.5,1
24.08.2021 00:07:15.829,6.47871,6.47822,1.5,1.1
24.08.2021 00:07:16.165,6.47871,6.47822,1.5,1.1
24.08.2021 00:07:17.094,6.4787,6.47852,1.5,1
24.08.2021 00:07:20.098,6.4787,6.478230000000001,1.5,1.1
24.08.2021 00:07:20.148,6.47878,6.478330000000001,2.07,1
24.08.2021 00:07:22.529,6.478750000000001,6.47851,1,1
24.08.2021 00:07:25.538,6.47874,6.47834,1.57,1
24.08.2021 00:07:27.965,6.478750000000001,6.4785,1,1
24.08.2021 00:07:29.737,6.4787300000000005,6.4785,1,1
24.08.2021 00:07:29.987,6.4787300000000005,6.47848,1,1
24.08.2021 00:07:30.968,6.4787300000000005,6.478330000000001,1,1
24.08.2021 00:07:33.402,6.47872,6.47848,1,1
24.08.2021 00:07:36.408,6.47872,6.47834,1,1
24.08.2021 00:07:38.842,6.4787300000000005,6.478490000000001,1,1
24.08.2021 00:07:38.991,6.47872,6.47834,1,1
24.08.2021 00:07:44.328,6.47872,6.478490000000001,1,1
24.08.2021 00:07:45.422,6.4787,6.47848,1,1
24.08.2021 00:07:46.435,6.4787,6.47841,1,1
24.08.2021 00:07:47.289,6.4787,6.478330000000001,1,1
24.08.2021 00:07:49.724,6.47869,6.47847,1,1
24.08.2021 00:07:49.825,6.47872,6.47847,1,1
24.08.2021 00:07:50.031,6.4787300000000005,6.47847,1.12,1
24.08.2021 00:07:51.912,6.4787300000000005,6.47848,1,1
24.08.2021 00:07:52.726,6.47874,6.478330000000001,1,1
24.08.2021 00:07:55.168,6.4787300000000005,6.4785,1,1
24.08.2021 00:07:58.173,6.47874,6.478330000000001,1,1
24.08.2021 00:08:00.612,6.4787300000000005,6.4785,1,1
24.08.2021 00:08:02.739,6.47874,6.4785,1,1
24.08.2021 00:08:03.620,6.4787300000000005,6.47834,1,1
24.08.2021 00:08:06.060,6.47874,6.47848,1,1
24.08.2021 00:08:09.070,6.47874,6.478330000000001,1,1
24.08.2021 00:08:11.507,6.4787300000000005,6.478530000000001,1,1
24.08.2021 00:08:14.331,6.47872,6.47852,1,1
24.08.2021 00:08:14.521,6.47871,6.47834,1,1
24.08.2021 00:08:14.635,6.478800000000001,6.47834,2,1
24.08.2021 00:08:15.708,6.47881,6.478330000000001,2,1
24.08.2021 00:08:16.914,6.478800000000001,6.478540000000001,2,1
24.08.2021 00:08:18.182,6.47881,6.478530000000001,2,1
24.08.2021 00:08:20.190,6.478800000000001,6.478540000000001,1.12,1
24.08.2021 00:08:21.833,6.478800000000001,6.47856,1.12,1
24.08.2021 00:08:28.261,6.47885,6.47856,1.5,1
24.08.2021 00:08:29.311,6.47885,6.478580000000001,1.5,1
24.08.2021 00:08:30.262,6.47886,6.47857,1.5,1
24.08.2021 00:08:32.773,6.4789,6.47857,1.12,1
24.08.2021 00:08:33.718,6.478890000000001,6.47861,1.12,1
24.08.2021 00:08:35.733,6.478890000000001,6.47836,1,1
24.08.2021 00:08:37.402,6.4789200000000005,6.47836,1.5,1
24.08.2021 00:08:37.452,6.478940000000001,6.47876,1.1,1.5
24.08.2021 00:08:37.503,6.479,6.47862,1.1,1
24.08.2021 00:08:37.604,6.47904,6.47861,1.95,1
24.08.2021 00:08:37.654,6.4789900000000005,6.47862,1,1
24.08.2021 00:08:43.148,6.4791300000000005,6.47862,1,1
24.08.2021 00:08:43.475,6.479,6.47861,1,1
24.08.2021 00:08:46.230,6.479,6.47862,1,1
24.08.2021 00:08:46.909,6.47912,6.47862,1.7,1
24.08.2021 00:08:47.556,6.47911,6.478630000000001,1.6,1
24.08.2021 00:08:48.280,6.47911,6.47862,1.6,1
24.08.2021 00:08:48.330,6.479,6.47861,1,1
24.08.2021 00:09:00.208,6.479,6.47862,1,1
24.08.2021 00:09:03.343,6.479150000000001,6.478630000000001,1.1,1
24.08.2021 00:09:03.609,6.47914,6.47862,1.3,1.1
24.08.2021 00:09:03.875,6.4791300000000005,6.478630000000001,1.27,1.1
24.08.2021 00:09:04.306,6.479080000000001,6.47862,1.1,1.1
24.08.2021 00:09:05.300,6.47909,6.478630000000001,1.1,1.1
24.08.2021 00:09:05.537,6.47909,6.478630000000001,1.1,1.1
24.08.2021 00:09:05.756,6.479100000000001,6.478630000000001,1.1,1.1
24.08.2021 00:09:05.857,6.47911,6.47862,1.1,1.1
24.08.2021 00:09:06.065,6.479100000000001,6.478630000000001,1.1,1.1
24.08.2021 00:09:07.431,6.479,6.47862,1,1.1
24.08.2021 00:09:37.743,6.4789900000000005,6.478630000000001,1,1.1
24.08.2021 00:09:37.794,6.479,6.47862,1,1
24.08.2021 00:09:39.551,6.479,6.47862,1,1.1
24.08.2021 00:09:44.076,6.479,6.47872,1,1
24.08.2021 00:09:48.222,6.4789900000000005,6.478680000000001,1,1
24.08.2021 00:09:49.097,6.479,6.4786600000000005,1,1.1
24.08.2021 00:10:00.313,6.47912,6.47867,1.1,1
24.08.2021 00:10:00.363,6.4791300000000005,6.47871,1.1,1
24.08.2021 00:10:00.928,6.47914,6.47871,1.1,1
24.08.2021 00:10:06.966,6.47911,6.47872,1.1,1
24.08.2021 00:10:09.766,6.47909,6.47872,1.1,1
24.08.2021 00:10:09.816,6.47912,6.47871,1.1,1
24.08.2021 00:10:14.273,6.47909,6.47867,1.1,1
24.08.2021 00:10:14.323,6.4789900000000005,6.47867,1,1
24.08.2021 00:10:15.587,6.479010000000001,6.47867,1.1,1
24.08.2021 00:10:16.448,6.479,6.4786600000000005,1.1,1
24.08.2021 00:10:20.321,6.479010000000001,6.47867,1.1,1
24.08.2021 00:10:27.639,6.47902,6.47862,1.1,1
24.08.2021 00:10:27.852,6.479010000000001,6.47862,1.1,1
24.08.2021 00:10:28.120,6.478980000000001,6.47862,1.1,1
24.08.2021 00:10:29.121,6.47896,6.47861,1.1,1
24.08.2021 00:10:29.222,6.47895,6.47851,1.1,1
24.08.2021 00:10:46.252,6.47896,6.47852,1.1,1
24.08.2021 00:10:57.486,6.478980000000001,6.47852,1,1
24.08.2021 00:10:58.860,6.4789200000000005,6.47852,1.1,1
24.08.2021 00:10:59.877,6.4789200000000005,6.478530000000001,1.1,1
24.08.2021 00:11:00.063,6.478940000000001,6.478530000000001,1.1,1
24.08.2021 00:11:00.265,6.47895,6.47857,1.1,1
24.08.2021 00:11:00.316,6.478980000000001,6.478580000000001,1,1
24.08.2021 00:11:00.603,6.4789900000000005,6.47862,1,1
24.08.2021 00:11:02.081,6.478980000000001,6.4786600000000005,1,1
24.08.2021 00:11:08.803,6.4789900000000005,6.47869,1,1
24.08.2021 00:11:12.315,6.4789900000000005,6.478680000000001,1,1
24.08.2021 00:11:19.470,6.4789900000000005,6.47869,1,1.1
24.08.2021 00:11:20.588,6.478980000000001,6.47869,1,1
24.08.2021 00:11:20.873,6.478980000000001,6.4787,1,1
24.08.2021 00:11:25.968,6.478980000000001,6.4787300000000005,1,1
24.08.2021 00:11:44.727,6.47914,6.47888,1,1
24.08.2021 00:11:44.879,6.479240000000001,6.47886,1.5,1
24.08.2021 00:11:44.980,6.479240000000001,6.47882,3,1
24.08.2021 00:11:45.030,6.47927,6.4789200000000005,5,1.5
24.08.2021 00:11:45.131,6.47945,6.478980000000001,1,1
24.08.2021 00:11:45.232,6.479380000000001,6.47897,1,1
24.08.2021 00:11:45.343,6.47925,6.47887,1.5,1
24.08.2021 00:11:45.444,6.479150000000001,6.47887,1,1
24.08.2021 00:11:45.494,6.479150000000001,6.47878,1,1
24.08.2021 00:11:45.545,6.47916,6.47881,1,1
24.08.2021 00:11:45.704,6.4791300000000005,6.4787,1,1
24.08.2021 00:11:47.941,6.479080000000001,6.47871,1.1,1
24.08.2021 00:11:51.885,6.47907,6.4787,1.1,1
24.08.2021 00:11:53.145,6.4790600000000005,6.4787,1.1,1
24.08.2021 00:12:00.313,6.479100000000001,6.4787,1.1,1
24.08.2021 00:12:00.364,6.479100000000001,6.478750000000001,1.1,1
24.08.2021 00:12:00.465,6.47912,6.478750000000001,1,1
24.08.2021 00:12:01.772,6.47912,6.47878,1.1,1
24.08.2021 00:12:04.372,6.47917,6.478980000000001,1,1
24.08.2021 00:12:04.423,6.479380000000001,6.4790600000000005,1,1
24.08.2021 00:12:04.473,6.47937,6.47909,1,1
24.08.2021 00:12:04.524,6.47952,6.47907,1,1
24.08.2021 00:12:04.574,6.47958,6.47916,1.5,1
24.08.2021 00:12:04.675,6.479680000000001,6.47936,1,1
24.08.2021 00:12:04.725,6.47971,6.47931,1,1
24.08.2021 00:12:04.776,6.479730000000001,6.47931,1,1
24.08.2021 00:12:04.877,6.47976,6.4793,1,1.5
24.08.2021 00:12:04.927,6.47975,6.47937,1,1
24.08.2021 00:12:05.028,6.47991,6.479410000000001,1,1
24.08.2021 00:12:05.079,6.47985,6.479410000000001,1,1
24.08.2021 00:12:05.230,6.47984,6.47937,1,1.5
24.08.2021 00:12:05.513,6.47992,6.47937,1.5,1.1
24.08.2021 00:12:10.686,6.47984,6.47937,1,1.57
24.08.2021 00:12:11.388,6.47985,6.47949,1,1
24.08.2021 00:12:11.501,6.47993,6.47949,1.5,1
24.08.2021 00:12:12.602,6.47993,6.479500000000001,1.5,1
24.08.2021 00:12:16.612,6.479900000000001,6.479500000000001,1,1
24.08.2021 00:12:21.965,6.47986,6.479500000000001,1,1
24.08.2021 00:12:22.066,6.47977,6.47949,1,1
24.08.2021 00:12:22.117,6.47977,6.4793400000000005,1.5,1
24.08.2021 00:12:22.167,6.47977,6.47936,1.5,1
24.08.2021 00:12:22.419,6.47976,6.4793400000000005,1,1
24.08.2021 00:12:22.470,6.47965,6.47931,1,1
24.08.2021 00:12:22.520,6.47971,6.4793,1,1
24.08.2021 00:12:22.759,6.4797,6.47932,1,1
24.08.2021 00:12:23.020,6.4797,6.479290000000001,1,1
24.08.2021 00:12:23.164,6.47967,6.479280000000001,1,1
24.08.2021 00:12:23.878,6.47966,6.479190000000001,1,1
24.08.2021 00:12:23.928,6.47962,6.47917,1,1
24.08.2021 00:12:24.029,6.47958,6.47922,1,1
24.08.2021 00:12:24.146,6.47956,6.47923,1,1
24.08.2021 00:12:24.622,6.47957,6.479150000000001,1,1
24.08.2021 00:12:24.673,6.47957,6.479080000000001,1,1
24.08.2021 00:12:24.724,6.47952,6.47909,1,1
24.08.2021 00:12:27.157,6.47952,6.47916,1,1
24.08.2021 00:12:27.218,6.47952,6.47912,1,1
24.08.2021 00:12:28.249,6.47952,6.47909,1,1
24.08.2021 00:12:28.360,6.47957,6.479080000000001,1,1
24.08.2021 00:12:28.438,6.47957,6.47917,1,1
24.08.2021 00:12:28.488,6.47957,6.47909,1,1
24.08.2021 00:12:28.761,6.47956,6.47914,1,1
24.08.2021 00:12:30.504,6.47956,6.47911,1,1
24.08.2021 00:12:30.639,6.47957,6.47914,1,1
24.08.2021 00:12:30.690,6.47957,6.479100000000001,1,1
24.08.2021 00:12:38.912,6.47957,6.4791300000000005,1,1
24.08.2021 00:12:40.528,6.47945,6.4791300000000005,1,1
24.08.2021 00:12:40.579,6.47945,6.47905,1,1
24.08.2021 00:12:40.630,6.47947,6.47905,1,1
24.08.2021 00:12:40.680,6.47947,6.47909,1,1
24.08.2021 00:12:41.578,6.47946,6.479010000000001,1,1
24.08.2021 00:12:43.319,6.47944,6.47911,1,1
24.08.2021 00:12:43.369,6.47946,6.47911,1,1
24.08.2021 00:12:43.470,6.47946,6.47912,1,1
24.08.2021 00:12:43.521,6.47944,6.47912,1,1
24.08.2021 00:12:43.673,6.47945,6.47905,1,1
24.08.2021 00:12:43.724,6.47945,6.4791300000000005,1,1
24.08.2021 00:12:43.774,6.47946,6.47905,1,1
24.08.2021 00:12:43.825,6.47947,6.479010000000001,1,1
24.08.2021 00:12:43.957,6.47944,6.47914,1,1
24.08.2021 00:12:44.058,6.47945,6.47905,1,1
24.08.2021 00:12:44.159,6.47947,6.47905,1,1
24.08.2021 00:12:44.272,6.47944,6.4790600000000005,1,1
24.08.2021 00:12:44.372,6.47947,6.479,1,1
24.08.2021 00:12:44.649,6.47945,6.47912,1,1
24.08.2021 00:12:44.750,6.47945,6.47904,1,1
24.08.2021 00:12:44.860,6.47944,6.4791300000000005,1,1
24.08.2021 00:12:45.011,6.47944,6.4790600000000005,1,1
24.08.2021 00:12:45.112,6.47946,6.47905,1,1
24.08.2021 00:12:45.212,6.47946,6.479010000000001,1,1
24.08.2021 00:12:45.263,6.47944,6.479010000000001,1,1
24.08.2021 00:12:45.364,6.47944,6.47905,1,1
24.08.2021 00:12:45.465,6.47945,6.4791300000000005,1,1
24.08.2021 00:12:47.062,6.47945,6.47905,1,1
24.08.2021 00:12:47.163,6.47945,6.479010000000001,1,1
24.08.2021 00:12:47.284,6.47945,6.47905,1,1
24.08.2021 00:12:48.184,6.47945,6.47916,1,1
24.08.2021 00:12:49.483,6.47944,6.4790600000000005,1,1
24.08.2021 00:12:51.053,6.47944,6.47914,1,1
24.08.2021 00:12:51.163,6.47944,6.47905,1,1
24.08.2021 00:12:51.503,6.47944,6.4790600000000005,1,1
24.08.2021 00:12:51.721,6.47945,6.4791300000000005,1,1
24.08.2021 00:12:51.771,6.47945,6.47905,1,1
24.08.2021 00:12:52.123,6.47945,6.47914,1,1
24.08.2021 00:12:54.352,6.47947,6.479150000000001,1,1
24.08.2021 00:12:54.842,6.47947,6.47918,1,1
24.08.2021 00:12:54.892,6.479480000000001,6.4791300000000005,1,1
24.08.2021 00:12:54.993,6.47947,6.479190000000001,1,1
24.08.2021 00:12:55.044,6.479480000000001,6.47914,1,1
24.08.2021 00:12:55.144,6.47956,6.479190000000001,1,1
24.08.2021 00:12:55.482,6.479730000000001,6.47922,1,1
24.08.2021 00:12:55.533,6.47972,6.47916,1,1
24.08.2021 00:12:56.021,6.4797400000000005,6.47925,1.5,1
24.08.2021 00:12:56.122,6.479730000000001,6.47925,1.5,1
24.08.2021 00:12:56.223,6.4797400000000005,6.479240000000001,1.5,1
24.08.2021 00:12:56.489,6.479730000000001,6.47925,1,1
24.08.2021 00:12:56.590,6.47977,6.47931,1.45,1
24.08.2021 00:12:56.691,6.47975,6.4793400000000005,1,1
24.08.2021 00:12:57.806,6.47976,6.4793400000000005,1.5,1
24.08.2021 00:12:58.442,6.47975,6.4793400000000005,1,1
24.08.2021 00:12:59.528,6.47976,6.479280000000001,1,1
24.08.2021 00:13:01.056,6.47976,6.479290000000001,1,1
24.08.2021 00:13:01.157,6.479830000000001,6.47923,1.95,1
24.08.2021 00:13:01.280,6.479830000000001,6.479240000000001,1,1
24.08.2021 00:13:01.381,6.47982,6.479240000000001,1,1
24.08.2021 00:13:01.481,6.47982,6.4793,1,1
24.08.2021 00:13:01.725,6.47982,6.47936,1,1
24.08.2021 00:13:02.169,6.48,6.47936,1,1
24.08.2021 00:13:02.575,6.479990000000001,6.479380000000001,1,1
24.08.2021 00:13:02.758,6.479900000000001,6.47937,1,1
24.08.2021 00:13:05.957,6.48002,6.479380000000001,1,1
24.08.2021 00:13:06.562,6.48002,6.47944,1,1
24.08.2021 00:13:06.665,6.48003,6.47947,1,1
24.08.2021 00:13:06.715,6.48002,6.47942,1,1
24.08.2021 00:13:07.727,6.48003,6.47951,1,1
24.08.2021 00:13:07.828,6.4801400000000005,6.47951,1.05,1
24.08.2021 00:13:07.929,6.48,6.47951,1,1
24.08.2021 00:13:08.774,6.479990000000001,6.47951,1,1
24.08.2021 00:13:12.365,6.479990000000001,6.47949,1,1
24.08.2021 00:13:12.623,6.47998,6.479480000000001,1,1
24.08.2021 00:13:15.316,6.47997,6.47946,1,1
24.08.2021 00:13:21.523,6.47998,6.479430000000001,1,1
24.08.2021 00:13:21.624,6.47997,6.479430000000001,1,1
24.08.2021 00:13:21.675,6.47986,6.47942,1,1
24.08.2021 00:13:21.876,6.47987,6.4793400000000005,1,1
24.08.2021 00:13:21.927,6.47986,6.47932,1,1
24.08.2021 00:13:22.262,6.47987,6.47932,1,1
24.08.2021 00:13:22.748,6.47987,6.47931,1,1
24.08.2021 00:13:32.580,6.47976,6.47932,1,1
24.08.2021 00:13:32.782,6.4797400000000005,6.47931,1,1
24.08.2021 00:13:32.832,6.47967,6.47923,1,1
24.08.2021 00:13:32.883,6.47963,6.47912,1,1.5
24.08.2021 00:13:32.933,6.47957,6.47912,1,1
24.08.2021 00:13:32.984,6.479640000000001,6.47909,1,1
24.08.2021 00:13:39.659,6.47957,6.47909,1,1
24.08.2021 00:13:54.043,6.47949,6.47905,1,1
24.08.2021 00:14:00.367,6.479500000000001,6.4790600000000005,1,1
24.08.2021 00:14:00.873,6.47956,6.47907,1,1
24.08.2021 00:14:01.262,6.479500000000001,6.4790600000000005,1,1
24.08.2021 00:14:01.653,6.47965,6.47909,1.5,1
24.08.2021 00:14:01.754,6.47965,6.47904,1,1
24.08.2021 00:14:02.022,6.47962,6.47904,1,1
24.08.2021 00:14:02.123,6.47972,6.4790600000000005,1,1
24.08.2021 00:14:02.224,6.47972,6.47912,1,1
24.08.2021 00:14:02.325,6.4798800000000005,6.47916,1,1
24.08.2021 00:14:02.657,6.47989,6.479150000000001,1,1
24.08.2021 00:14:02.708,6.47989,6.47918,1,1
24.08.2021 00:14:03.058,6.47989,6.47922,1,1
24.08.2021 00:14:03.172,6.4798800000000005,6.479240000000001,1,1
24.08.2021 00:14:03.223,6.47989,6.479280000000001,1,1
24.08.2021 00:14:03.733,6.47993,6.479290000000001,1,1
24.08.2021 00:14:03.935,6.47991,6.479290000000001,1,1
24.08.2021 00:14:04.086,6.47991,6.47925,1,1
24.08.2021 00:14:04.201,6.47984,6.47925,1,1
24.08.2021 00:14:04.302,6.47977,6.47925,1,1
24.08.2021 00:14:04.407,6.47977,6.47918,1,1
24.08.2021 00:14:08.970,6.47977,6.47916,1,1
24.08.2021 00:14:12.809,6.47976,6.47916,1,1
24.08.2021 00:14:12.860,6.47977,6.47917,1,1
24.08.2021 00:14:13.011,6.47976,6.47916,1,1
24.08.2021 00:14:13.418,6.47976,6.47916,1,1.5
24.08.2021 00:14:15.424,6.47976,6.47916,1,1.5
24.08.2021 00:14:18.632,6.4797400000000005,6.47917,1,1.5
24.08.2021 00:14:30.349,6.479730000000001,6.47918,1,1.5
24.08.2021 00:14:33.062,6.4797400000000005,6.47918,1,1
24.08.2021 00:14:33.163,6.47975,6.479240000000001,1,1.5
24.08.2021 00:14:33.263,6.47982,6.47925,1.12,1
24.08.2021 00:14:35.374,6.47984,6.4792000000000005,1,1.12
24.08.2021 00:14:35.425,6.47976,6.479240000000001,1,1
24.08.2021 00:14:35.526,6.479730000000001,6.479190000000001,1,1
24.08.2021 00:14:36.478,6.479690000000001,6.4791300000000005,1,1.5
24.08.2021 00:14:36.528,6.47966,6.47914,1,1.5
24.08.2021 00:14:36.642,6.47963,6.47914,1,1.5
24.08.2021 00:14:36.693,6.479640000000001,6.47905,1,1.12
24.08.2021 00:14:36.899,6.47962,6.4790600000000005,1,1.12
24.08.2021 00:14:36.950,6.47963,6.47911,1,1
24.08.2021 00:14:37.165,6.47966,6.47912,1,1
24.08.2021 00:14:37.216,6.47967,6.47905,1,1.12
24.08.2021 00:14:37.266,6.479640000000001,6.479080000000001,1,1
24.08.2021 00:14:37.392,6.47962,6.479080000000001,1,1
24.08.2021 00:14:37.543,6.479640000000001,6.479080000000001,1,1
24.08.2021 00:14:38.077,6.47965,6.47907,1,1.5
24.08.2021 00:14:39.112,6.47962,6.479080000000001,1,1.5
24.08.2021 00:14:39.163,6.47962,6.479080000000001,1,1.12
24.08.2021 00:14:39.478,6.47965,6.47907,1,1.12
24.08.2021 00:14:39.529,6.47967,6.47905,1,1.5
24.08.2021 00:14:39.630,6.4797400000000005,6.479080000000001,1,1
24.08.2021 00:14:39.681,6.479780000000001,6.47909,1.5,1
24.08.2021 00:14:39.831,6.479780000000001,6.47909,1.5,1.1
24.08.2021 00:14:40.685,6.47982,6.47914,1,1
24.08.2021 00:14:40.786,6.4798,6.479150000000001,1,1
24.08.2021 00:14:41.773,6.4798,6.479150000000001,1,2
24.08.2021 00:14:41.910,6.4798,6.47914,1,1.5
24.08.2021 00:14:42.773,6.47979,6.479150000000001,1,1
24.08.2021 00:14:59.522,6.4798,6.479150000000001,1,1
24.08.2021 00:15:00.371,6.47975,6.47921,1,1
24.08.2021 00:15:00.472,6.47975,6.47921,1,1.1
24.08.2021 00:15:00.523,6.47985,6.4793,1.5,1
24.08.2021 00:15:00.624,6.47986,6.479290000000001,1,1
24.08.2021 00:15:00.956,6.47985,6.47931,1,1
24.08.2021 00:15:02.443,6.47985,6.47931,1,1.1
24.08.2021 00:15:03.007,6.47985,6.47931,1,1
24.08.2021 00:15:04.633,6.47986,6.47936,1,1
24.08.2021 00:15:04.964,6.47985,6.479330000000001,1,1
24.08.2021 00:15:05.302,6.47986,6.4794,1,1
24.08.2021 00:15:05.352,6.47986,6.47935,1,1
24.08.2021 00:15:07.632,6.47986,6.479410000000001,1,1
24.08.2021 00:15:12.851,6.47986,6.47944,1,1
24.08.2021 00:15:13.221,6.47986,6.479500000000001,1,1
24.08.2021 00:15:13.271,6.48002,6.479500000000001,2,1
24.08.2021 00:15:18.091,6.479990000000001,6.47946,1,1
24.08.2021 00:15:22.607,6.47998,6.47951,1,1
24.08.2021 00:15:32.106,6.47996,6.47951,1,1
24.08.2021 00:15:32.349,6.47997,6.47945,1,1
24.08.2021 00:15:32.588,6.47996,6.47945,1,1
24.08.2021 00:15:32.638,6.47987,6.47944,1,1
24.08.2021 00:15:32.739,6.479780000000001,6.47944,1,1
24.08.2021 00:15:50.601,6.47984,6.47944,1,1
24.08.2021 00:15:50.651,6.47984,6.47946,1,1
24.08.2021 00:15:53.257,6.47984,6.47949,1,1
24.08.2021 00:15:53.358,6.48,6.47954,2,1
24.08.2021 00:15:53.459,6.48001,6.47957,2,1
24.08.2021 00:15:53.684,6.48,6.47958,1.5,1
24.08.2021 00:15:53.734,6.48001,6.479640000000001,1,1
24.08.2021 00:15:54.257,6.48,6.479690000000001,1,1
24.08.2021 00:15:54.358,6.48,6.479730000000001,1,1
24.08.2021 00:15:54.408,6.48001,6.479680000000001,1,1
24.08.2021 00:15:54.459,6.48001,6.479640000000001,1,1
24.08.2021 00:15:55.711,6.48001,6.4797,1,1
24.08.2021 00:15:55.812,6.48001,6.4797400000000005,1,1
24.08.2021 00:15:55.989,6.48001,6.479640000000001,1,1.1
24.08.2021 00:15:58.278,6.48001,6.479730000000001,1,1
24.08.2021 00:15:58.499,6.48,6.479780000000001,1,1
24.08.2021 00:15:59.439,6.48001,6.4798,1,1
24.08.2021 00:16:00.345,6.48,6.47977,1,1
24.08.2021 00:16:00.473,6.480250000000001,6.47985,1.5,1
24.08.2021 00:16:00.575,6.48026,6.47985,1.5,1
24.08.2021 00:16:01.427,6.480250000000001,6.47986,1,1
24.08.2021 00:16:03.345,6.48027,6.47985,1,1
24.08.2021 00:16:03.446,6.48019,6.4798100000000005,1,1
24.08.2021 00:16:03.497,6.480160000000001,6.479780000000001,1,1
24.08.2021 00:16:03.553,6.48017,6.479730000000001,1,1
24.08.2021 00:16:03.654,6.48017,6.47972,1,1
24.08.2021 00:16:03.755,6.480080000000001,6.47967,1,1
24.08.2021 00:16:03.926,6.48007,6.47966,1,1
24.08.2021 00:16:04.417,6.48006,6.47971,1,1
24.08.2021 00:16:09.982,6.48006,6.47975,1,1
24.08.2021 00:16:25.499,6.48006,6.47977,1,1
24.08.2021 00:16:33.441,6.48006,6.4797400000000005,1,1
24.08.2021 00:16:40.979,6.48007,6.47985,1,1
24.08.2021 00:16:43.982,6.48006,6.4797400000000005,1,1
24.08.2021 00:16:44.083,6.4801,6.4797,1,1
24.08.2021 00:16:46.633,6.4801,6.47987,1,1
24.08.2021 00:16:48.580,6.4801,6.47986,1,1
24.08.2021 00:16:49.633,6.48011,6.479690000000001,1,1
24.08.2021 00:16:52.292,6.4801,6.4798800000000005,1,1
24.08.2021 00:16:55.292,6.48011,6.479690000000001,1,1
24.08.2021 00:16:57.957,6.4801,6.47994,1,1
24.08.2021 00:17:00.962,6.48011,6.479690000000001,1,1
24.08.2021 00:17:08.214,6.48015,6.4797,1.57,1
24.08.2021 00:17:08.315,6.48015,6.4797400000000005,1.1,1
24.08.2021 00:17:08.470,6.48019,6.47979,1,1
24.08.2021 00:17:09.012,6.480230000000001,6.47979,1,1
24.08.2021 00:17:09.392,6.48022,6.479830000000001,1,1
24.08.2021 00:17:11.148,6.48029,6.47982,1.1,1
24.08.2021 00:17:11.249,6.48033,6.480080000000001,1.6,1
24.08.2021 00:17:11.430,6.48033,6.48011,1,1
24.08.2021 00:17:11.986,6.48033,6.47986,1,1
24.08.2021 00:17:13.449,6.48033,6.47989,1.1,1
24.08.2021 00:17:13.730,6.480340000000001,6.47996,1.1,1
24.08.2021 00:17:13.831,6.480390000000001,6.48002,1.6,1
24.08.2021 00:17:14.832,6.480390000000001,6.48002,1.1,1
24.08.2021 00:17:14.933,6.4804,6.48002,1.1,1
24.08.2021 00:17:14.984,6.480390000000001,6.48026,1.1,1
24.08.2021 00:17:15.582,6.480430000000001,6.48026,1.2,1
24.08.2021 00:17:15.834,6.480480000000001,6.48026,1.6,1
24.08.2021 00:17:16.368,6.48047,6.480250000000001,1,1
24.08.2021 00:17:17.978,6.48046,6.480040000000001,1,1
24.08.2021 00:17:20.652,6.48047,6.48024,1,1
24.08.2021 00:17:22.755,6.48046,6.48024,1,1
24.08.2021 00:17:23.332,6.48052,6.48024,1.6,1
24.08.2021 00:17:23.483,6.480530000000001,6.4802100000000005,1.6,1
24.08.2021 00:17:23.653,6.480530000000001,6.48007,1.6,1
24.08.2021 00:17:23.753,6.480530000000001,6.48007,1.6,1
24.08.2021 00:17:24.804,6.4804900000000005,6.48005,1,1
24.08.2021 00:17:26.334,6.4804900000000005,6.480250000000001,1.12,1
24.08.2021 00:17:27.792,6.48059,6.48026,1,1
24.08.2021 00:17:27.842,6.48068,6.4804,1.45,1
24.08.2021 00:17:27.893,6.48071,6.48041,1.45,1
24.08.2021 00:17:27.994,6.4808,6.4804,1.1,1
24.08.2021 00:17:29.249,6.480840000000001,6.48041,1.5,1
24.08.2021 00:17:29.684,6.48066,6.4804,1.5,1
24.08.2021 00:17:29.885,6.48059,6.48032,1,1
24.08.2021 00:17:29.987,6.480650000000001,6.48032,1.5,1
24.08.2021 00:17:30.088,6.480830000000001,6.4804,1,1
24.08.2021 00:17:30.138,6.480880000000001,6.48046,1,1
24.08.2021 00:17:30.189,6.480880000000001,6.48037,1,1
24.08.2021 00:17:30.290,6.48087,6.48036,1.5,1
24.08.2021 00:17:30.341,6.480700000000001,6.480340000000001,1,1
24.08.2021 00:17:30.391,6.48082,6.48038,1,1
24.08.2021 00:17:30.442,6.48085,6.4803500000000005,1,1
24.08.2021 00:17:30.493,6.48085,6.48042,1,1
24.08.2021 00:17:31.118,6.48085,6.480430000000001,1,1
24.08.2021 00:17:31.219,6.480980000000001,6.480430000000001,1.5,1
24.08.2021 00:17:31.804,6.48097,6.480440000000001,1.5,1
24.08.2021 00:17:32.805,6.480980000000001,6.480430000000001,1.5,1
24.08.2021 00:17:33.064,6.480980000000001,6.48047,1.5,1
24.08.2021 00:17:33.165,6.48102,6.480630000000001,1.5,1.5
24.08.2021 00:17:33.215,6.48108,6.480630000000001,1.59,1.5
24.08.2021 00:17:33.316,6.48111,6.480740000000001,1.5,1
24.08.2021 00:17:33.418,6.4812,6.48066,1.5,1
24.08.2021 00:17:33.519,6.481190000000001,6.48067,1.5,1.5
24.08.2021 00:17:33.620,6.481240000000001,6.480700000000001,1.5,1
24.08.2021 00:17:33.771,6.4812,6.48069,1.5,1
24.08.2021 00:17:33.873,6.481240000000001,6.480700000000001,1.5,1
24.08.2021 00:17:33.974,6.48117,6.48066,1.5,1
24.08.2021 00:17:34.827,6.481140000000001,6.48066,1.5,1
24.08.2021 00:17:35.609,6.48116,6.48068,1.5,1
24.08.2021 00:17:35.827,6.48118,6.48067,1.5,1
24.08.2021 00:17:36.800,6.48116,6.48066,1.5,1
24.08.2021 00:17:36.851,6.48108,6.48066,1.12,1
24.08.2021 00:17:39.444,6.48113,6.48067,1.5,1
24.08.2021 00:17:40.605,6.48115,6.48066,1.5,1
24.08.2021 00:17:41.359,6.48108,6.48067,1,1
24.08.2021 00:17:41.684,6.48107,6.4804900000000005,1.5,1
24.08.2021 00:17:41.785,6.48097,6.4804900000000005,1,1
24.08.2021 00:17:41.886,6.48095,6.4804900000000005,1,1
24.08.2021 00:17:42.195,6.48094,6.4804900000000005,1,1
24.08.2021 00:17:48.804,6.48095,6.48045,1,1
24.08.2021 00:17:49.213,6.480880000000001,6.48046,1,1
24.08.2021 00:17:57.746,6.48094,6.48045,1.5,1.1
24.08.2021 00:17:57.847,6.48095,6.48047,1.5,1
24.08.2021 00:17:58.144,6.48094,6.48047,1.5,1.1
24.08.2021 00:17:58.258,6.48094,6.48047,1,1.1
24.08.2021 00:17:59.637,6.48094,6.4804900000000005,1,1
24.08.2021 00:18:00.173,6.48095,6.480480000000001,1,1.1
24.08.2021 00:18:00.313,6.481050000000001,6.480480000000001,1.5,1
24.08.2021 00:18:00.465,6.48099,6.480480000000001,1,1
24.08.2021 00:18:00.730,6.48099,6.480440000000001,1,1
24.08.2021 00:18:00.780,6.48108,6.4805,1,1
24.08.2021 00:18:01.256,6.48108,6.48054,1,1
24.08.2021 00:18:03.810,6.48107,6.48054,1,1
24.08.2021 00:18:03.861,6.48113,6.48054,1.5,1
24.08.2021 00:18:03.982,6.48113,6.48059,1.5,1
24.08.2021 00:18:04.525,6.48113,6.48061,1.5,1
24.08.2021 00:18:04.886,6.48113,6.48061,1.5,1
24.08.2021 00:18:05.526,6.481140000000001,6.4806,1.5,1
24.08.2021 00:18:05.863,6.4812,6.48061,1.5,1
24.08.2021 00:18:06.947,6.481190000000001,6.48062,1.5,1
24.08.2021 00:18:07.983,6.481190000000001,6.48062,1.5,1
24.08.2021 00:18:09.027,6.48111,6.48062,1,1
24.08.2021 00:18:09.386,6.48112,6.48055,1,1
24.08.2021 00:18:13.908,6.48112,6.48055,1.62,1.5
24.08.2021 00:18:26.292,6.48112,6.4805600000000005,1.62,1
24.08.2021 00:18:32.676,6.48111,6.4806,1.62,1
24.08.2021 00:18:32.777,6.48111,6.48062,1.5,1
24.08.2021 00:18:33.030,6.48111,6.48062,1,1
24.08.2021 00:18:33.731,6.48111,6.48057,1,1
24.08.2021 00:18:42.808,6.48111,6.4805600000000005,1,1
24.08.2021 00:18:48.235,6.48112,6.48055,1,1.1
24.08.2021 00:18:48.310,6.48111,6.4805600000000005,1,1.1
24.08.2021 00:18:48.411,6.48111,6.4805600000000005,1,1.1
24.08.2021 00:18:48.811,6.48109,6.48057,1.12,1.1
24.08.2021 00:18:49.186,6.48109,6.48057,1,1.1
24.08.2021 00:18:56.314,6.48109,6.4805600000000005,1,1.5
24.08.2021 00:18:56.761,6.48109,6.48059,1,1
24.08.2021 00:18:57.141,6.48107,6.48064,1,1
24.08.2021 00:18:58.014,6.4811000000000005,6.480630000000001,1.12,1
24.08.2021 00:18:58.166,6.4811000000000005,6.48067,1,1
24.08.2021 00:18:58.268,6.4811000000000005,6.48072,1,1
24.08.2021 00:19:02.891,6.48116,6.48072,1,1
24.08.2021 00:19:04.527,6.48115,6.480700000000001,1,1
24.08.2021 00:19:11.849,6.48115,6.48064,1,1
24.08.2021 00:19:16.830,6.48109,6.48064,1,1
24.08.2021 00:19:16.931,6.48109,6.48061,1,1.6
24.08.2021 00:19:17.528,6.4811000000000005,6.4806,1,1.6
24.08.2021 00:19:17.629,6.48109,6.48061,1,1.6
24.08.2021 00:19:17.730,6.48115,6.4806,1,1.6
24.08.2021 00:19:17.967,6.481140000000001,6.48061,1,1.1
24.08.2021 00:19:18.018,6.48115,6.4806,1,1.1
24.08.2021 00:19:18.327,6.48112,6.48061,1,1.6
24.08.2021 00:19:18.672,6.48112,6.48061,1,1.6
24.08.2021 00:19:18.772,6.48112,6.48061,1,1.6
24.08.2021 00:19:21.345,6.48111,6.480580000000001,1,1.1
24.08.2021 00:19:27.313,6.4811000000000005,6.48057,1,1.1
24.08.2021 00:19:27.758,6.48111,6.4805600000000005,1,1.1
24.08.2021 00:19:27.862,6.48111,6.4805600000000005,1,1.1
24.08.2021 00:19:27.963,6.4811000000000005,6.48057,1,1.1
24.08.2021 00:19:28.064,6.48107,6.4805600000000005,1.5,1
24.08.2021 00:19:38.671,6.48104,6.48055,1.5,1
24.08.2021 00:19:40.972,6.48101,6.4805600000000005,1,1
24.08.2021 00:20:30.944,6.48094,6.4805600000000005,1,1
24.08.2021 00:20:31.045,6.48092,6.48055,1,1
24.08.2021 00:20:46.030,6.48097,6.48045,1,1.1
24.08.2021 00:20:46.081,6.480980000000001,6.48033,1,1.6
24.08.2021 00:20:46.232,6.48086,6.48033,1,1.5
24.08.2021 00:20:46.433,6.48087,6.48037,1,1
24.08.2021 00:20:46.633,6.48086,6.48032,1,1.1
24.08.2021 00:20:46.803,6.48087,6.48031,1,1.1
24.08.2021 00:20:51.458,6.48086,6.48032,1.5,1.1
24.08.2021 00:20:53.110,6.48087,6.48031,1.5,1.1
24.08.2021 00:20:57.786,6.48087,6.48031,1.6,1
24.08.2021 00:21:07.973,6.480790000000001,6.48032,1,1
24.08.2021 00:21:08.023,6.480790000000001,6.480340000000001,1,1
24.08.2021 00:21:09.015,6.480790000000001,6.48036,1,1
24.08.2021 00:21:31.235,6.480790000000001,6.4804,1,1
24.08.2021 00:21:31.454,6.4808,6.480390000000001,1,1.1
24.08.2021 00:21:31.659,6.4808,6.48046,1,1
24.08.2021 00:21:31.810,6.4808,6.48047,1,1
24.08.2021 00:21:32.165,6.4808,6.48045,1,1
24.08.2021 00:21:36.343,6.480790000000001,6.480430000000001,1,1.1
24.08.2021 00:21:38.319,6.4808,6.48042,1,1
24.08.2021 00:21:40.589,6.4808,6.48046,1,1
24.08.2021 00:21:40.690,6.480790000000001,6.48051,1,1
24.08.2021 00:21:40.791,6.480790000000001,6.48052,1,1
24.08.2021 00:21:40.893,6.4810300000000005,6.4805600000000005,1.5,1
24.08.2021 00:21:40.994,6.48102,6.48061,1.5,1
24.08.2021 00:21:41.264,6.48102,6.48061,1,1
24.08.2021 00:21:41.784,6.4810300000000005,6.480630000000001,1,1
24.08.2021 00:21:41.994,6.48102,6.48068,1,1
24.08.2021 00:21:42.095,6.48102,6.48069,1,1
24.08.2021 00:21:42.934,6.4810300000000005,6.48062,1,1.1
24.08.2021 00:21:43.063,6.4810300000000005,6.48067,1,1
24.08.2021 00:21:55.984,6.48102,6.48061,1,1.1
24.08.2021 00:21:56.103,6.4810300000000005,6.48067,1,1
24.08.2021 00:21:56.614,6.48102,6.48062,1,1.1
24.08.2021 00:21:57.347,6.48102,6.48068,1,1
24.08.2021 00:22:00.183,6.4810300000000005,6.48061,1,1.1
24.08.2021 00:22:00.528,6.48102,6.48071,1,1
24.08.2021 00:22:00.579,6.48102,6.48061,1,1.1
24.08.2021 00:22:00.717,6.48102,6.48068,1,1
24.08.2021 00:22:09.905,6.48102,6.480630000000001,1,1.1
24.08.2021 00:22:10.119,6.48102,6.48068,1,1
24.08.2021 00:22:26.245,6.4810300000000005,6.480650000000001,1,1.1
24.08.2021 00:22:26.357,6.48102,6.48066,1,1.1
24.08.2021 00:22:38.518,6.4810300000000005,6.480650000000001,1,1.1
24.08.2021 00:22:41.260,6.48102,6.48061,1,1
24.08.2021 00:22:41.823,6.48102,6.48064,1,1
24.08.2021 00:22:42.017,6.4810300000000005,6.480650000000001,1,1
24.08.2021 00:22:43.682,6.4810300000000005,6.48069,1,1
24.08.2021 00:22:43.733,6.4810300000000005,6.48067,1,1
24.08.2021 00:22:43.783,6.4810300000000005,6.48069,1,1
24.08.2021 00:23:00.699,6.48102,6.480740000000001,1,1
24.08.2021 00:23:01.054,6.4810300000000005,6.48073,1,1.1
24.08.2021 00:23:01.252,6.48102,6.480740000000001,1,1.1
24.08.2021 00:23:01.376,6.48102,6.480740000000001,1,1.1
24.08.2021 00:23:01.477,6.4810300000000005,6.48073,1,1.1
24.08.2021 00:23:01.685,6.48102,6.480740000000001,1,1.1
24.08.2021 00:23:01.786,6.4810300000000005,6.48078,1,1
24.08.2021 00:23:02.173,6.48127,6.48078,1.1,1
24.08.2021 00:23:02.235,6.48126,6.48082,1.1,1
24.08.2021 00:23:02.487,6.48129,6.48081,1.12,1
24.08.2021 00:23:02.767,6.48125,6.48082,1,1
24.08.2021 00:23:02.817,6.481240000000001,6.48077,1,1
24.08.2021 00:23:02.918,6.48126,6.48076,1,1
24.08.2021 00:23:02.969,6.48126,6.480790000000001,1,1
24.08.2021 00:23:03.070,6.481240000000001,6.48078,1,1
24.08.2021 00:23:03.171,6.481230000000001,6.480740000000001,2,1
24.08.2021 00:23:07.344,6.481230000000001,6.48073,1.5,1.5
24.08.2021 00:23:13.960,6.48115,6.480740000000001,1,1
24.08.2021 00:23:14.011,6.48113,6.480650000000001,1,1
24.08.2021 00:23:14.061,6.48112,6.48064,1,1
24.08.2021 00:23:14.162,6.48106,6.48064,1,1
24.08.2021 00:23:14.263,6.48106,6.480630000000001,1,1
24.08.2021 00:23:14.464,6.48106,6.48068,1,1
24.08.2021 00:23:17.810,6.481050000000001,6.48071,1,1
24.08.2021 00:23:18.086,6.48106,6.48072,1,1
24.08.2021 00:23:18.187,6.481050000000001,6.48077,1,1
24.08.2021 00:23:18.288,6.48106,6.4808,1,1
24.08.2021 00:23:19.122,6.48126,6.48081,1.6,1
24.08.2021 00:23:19.223,6.48127,6.4808,1.1,1
24.08.2021 00:23:24.641,6.48115,6.48081,1,1
24.08.2021 00:23:24.692,6.48115,6.48072,1,1.5
24.08.2021 00:23:25.110,6.48116,6.480740000000001,1,1
24.08.2021 00:23:25.752,6.48115,6.48073,1,1
24.08.2021 00:23:32.562,6.48116,6.48071,1,1
24.08.2021 00:23:42.048,6.48115,6.4807500000000005,1,1
24.08.2021 00:23:50.393,6.48115,6.480790000000001,1,1.1
24.08.2021 00:23:50.494,6.48129,6.480790000000001,1.57,1.6
24.08.2021 00:23:50.545,6.48135,6.4809,2,1
24.08.2021 00:23:50.646,6.48141,6.48104,1.57,1.5
24.08.2021 00:23:50.696,6.48139,6.481,1,1
24.08.2021 00:23:50.747,6.481380000000001,6.48099,1,1
24.08.2021 00:23:50.898,6.481400000000001,6.481,1.1,1
24.08.2021 00:23:51.200,6.48137,6.48099,1.1,1
24.08.2021 00:23:51.320,6.481330000000001,6.481,1,1
24.08.2021 00:23:51.935,6.48132,6.481,1.1,1
24.08.2021 00:23:52.036,6.48129,6.48099,1,1
24.08.2021 00:23:52.484,6.48132,6.48099,1,1
24.08.2021 00:23:52.585,6.48132,6.481,1.57,1
24.08.2021 00:24:01.066,6.481310000000001,6.48085,1.1,1.1
24.08.2021 00:24:01.167,6.48129,6.480790000000001,1,1
24.08.2021 00:24:02.052,6.48127,6.48078,1.1,1
24.08.2021 00:24:03.554,6.48126,6.48078,1.1,1
24.08.2021 00:24:04.101,6.48125,6.48076,1.1,1.1
24.08.2021 00:24:06.654,6.481230000000001,6.4807500000000005,1.1,1.1
24.08.2021 00:24:16.639,6.48121,6.48076,1.1,1.1
24.08.2021 00:24:16.759,6.48122,6.480740000000001,1.1,1
24.08.2021 00:24:16.809,6.481240000000001,6.4807500000000005,1.5,1
24.08.2021 00:24:17.425,6.48108,6.4807500000000005,1.1,1
24.08.2021 00:24:17.526,6.48107,6.4807500000000005,1.1,1
24.08.2021 00:24:17.577,6.48107,6.48062,1.1,1.1
24.08.2021 00:24:17.627,6.481050000000001,6.48062,1.1,1.1
24.08.2021 00:24:17.728,6.48106,6.48061,1.1,1.1
24.08.2021 00:24:17.974,6.481050000000001,6.48062,1.1,1
24.08.2021 00:24:18.168,6.48102,6.48062,1.1,1
24.08.2021 00:24:18.962,6.4810300000000005,6.48057,1.1,1
24.08.2021 00:24:19.113,6.481,6.48055,1.1,1.5
24.08.2021 00:24:19.336,6.48101,6.48052,1.1,1
24.08.2021 00:24:19.645,6.481,6.48051,1.1,1.5
24.08.2021 00:24:19.913,6.48101,6.480530000000001,1.1,1.1
24.08.2021 00:24:26.033,6.481,6.48055,1.1,1
24.08.2021 00:24:26.611,6.48102,6.48054,1.1,1
24.08.2021 00:24:34.888,6.48101,6.48054,1.1,1
24.08.2021 00:24:46.331,6.48101,6.48055,1.1,1
24.08.2021 00:24:47.513,6.48102,6.48055,1.1,1
24.08.2021 00:24:49.218,6.48104,6.4806,1.1,1
24.08.2021 00:24:49.369,6.48104,6.48064,1.1,1
24.08.2021 00:24:50.900,6.48106,6.480630000000001,1.57,1
24.08.2021 00:24:55.488,6.481050000000001,6.480700000000001,1,1
24.08.2021 00:24:55.703,6.48106,6.48069,1,1.1
24.08.2021 00:24:55.804,6.481050000000001,6.48072,1,1
24.08.2021 00:24:57.122,6.48106,6.48073,1,1
24.08.2021 00:24:57.173,6.48116,6.4808,1.1,1
24.08.2021 00:24:58.202,6.48113,6.4808,1.1,1
24.08.2021 00:25:03.152,6.48112,6.4808,1.1,1
24.08.2021 00:25:03.258,6.48112,6.480790000000001,1.1,1
24.08.2021 00:25:04.321,6.48112,6.48072,1.1,1.5
24.08.2021 00:25:04.422,6.48112,6.48073,1.1,1
24.08.2021 00:25:06.372,6.48109,6.480740000000001,1.1,1
24.08.2021 00:25:08.565,6.481190000000001,6.48073,1.1,1
24.08.2021 00:25:08.809,6.48118,6.48078,1.1,1
24.08.2021 00:25:08.872,6.48121,6.48077,1.57,1
24.08.2021 00:25:10.818,6.48122,6.48086,1,1
24.08.2021 00:25:11.454,6.481230000000001,6.48085,1,2.35
24.08.2021 00:25:11.584,6.481230000000001,6.4808900000000005,1,1
24.08.2021 00:25:27.202,6.48122,6.48091,1,1
24.08.2021 00:25:27.340,6.48122,6.48094,1,1
24.08.2021 00:25:29.791,6.481230000000001,6.48095,1,1
24.08.2021 00:25:33.165,6.48146,6.48106,1.12,1
24.08.2021 00:25:33.216,6.48147,6.48107,1.12,1
24.08.2021 00:25:33.418,6.48147,6.481050000000001,1,1
24.08.2021 00:25:33.519,6.48146,6.48104,1.5,1
24.08.2021 00:25:33.620,6.48146,6.4810300000000005,1,1
24.08.2021 00:25:33.721,6.4814300000000005,6.48104,1.1,1
24.08.2021 00:25:33.967,6.48139,6.48104,1.1,1
24.08.2021 00:25:34.781,6.48137,6.4810300000000005,1.1,1
24.08.2021 00:25:35.339,6.481400000000001,6.4811000000000005,1.1,1
24.08.2021 00:25:35.389,6.48141,6.48111,1.1,1
24.08.2021 00:25:35.541,6.48146,6.48111,1,1
24.08.2021 00:25:35.985,6.48146,6.48107,1,1
24.08.2021 00:25:41.356,6.48147,6.4810300000000005,1,1.5
24.08.2021 00:25:42.426,6.48146,6.48107,1,1
24.08.2021 00:25:50.024,6.48146,6.48104,1,1.5
24.08.2021 00:25:50.268,6.48146,6.48113,1,1
24.08.2021 00:25:55.802,6.48146,6.4811000000000005,1,1
24.08.2021 00:26:07.509,6.48146,6.48112,1,1
24.08.2021 00:26:07.611,6.48161,6.4812,2.07,1
24.08.2021 00:26:07.867,6.48161,6.4812,1.1,1
24.08.2021 00:26:08.888,6.481630000000001,6.4812,1.2,1
24.08.2021 00:26:15.155,6.4816400000000005,6.481190000000001,1.6,1
24.08.2021 00:26:15.259,6.4816400000000005,6.481190000000001,1.1,1
24.08.2021 00:26:27.828,6.4817,6.481280000000001,1.5,1
24.08.2021 00:26:27.979,6.48165,6.4813,1,1
24.08.2021 00:26:28.080,6.481630000000001,6.481230000000001,1,1
24.08.2021 00:26:30.080,6.481590000000001,6.481240000000001,1,1
24.08.2021 00:26:30.131,6.48155,6.48115,1,1
24.08.2021 00:26:30.236,6.48155,6.48104,1,1
24.08.2021 00:26:30.451,6.48155,6.481050000000001,1,1
24.08.2021 00:26:30.502,6.481540000000001,6.48108,1,1
24.08.2021 00:26:31.885,6.481540000000001,6.481050000000001,1,1
24.08.2021 00:26:33.148,6.48155,6.48106,1,1
24.08.2021 00:26:36.653,6.481540000000001,6.481050000000001,1,1
24.08.2021 00:26:37.927,6.481540000000001,6.48107,1,1
24.08.2021 00:26:41.713,6.48156,6.48106,1.5,1
24.08.2021 00:26:46.410,6.48156,6.48113,1.5,1
24.08.2021 00:26:46.881,6.48155,6.48118,1,1
24.08.2021 00:26:49.241,6.48156,6.48112,1,1
24.08.2021 00:27:03.474,6.48153,6.48113,1.1,1
24.08.2021 00:27:04.178,6.48146,6.48113,1.1,1
24.08.2021 00:27:05.757,6.48144,6.48112,1.1,1
24.08.2021 00:27:08.374,6.48152,6.48112,1.1,1
24.08.2021 00:27:11.029,6.48151,6.48107,1.1,1.5
24.08.2021 00:27:24.953,6.4815000000000005,6.48106,1.1,1
24.08.2021 00:27:25.191,6.48147,6.48107,1.5,1
24.08.2021 00:27:25.292,6.4814300000000005,6.48106,1,1
24.08.2021 00:27:25.393,6.48141,6.480930000000001,1,1
24.08.2021 00:27:25.544,6.48142,6.48094,1.1,1
24.08.2021 00:27:26.944,6.48142,6.480930000000001,1.1,1
24.08.2021 00:27:28.770,6.481380000000001,6.480930000000001,1.1,1
24.08.2021 00:27:29.761,6.48144,6.48094,1.62,1
24.08.2021 00:27:30.252,6.481330000000001,6.48094,1.1,1
24.08.2021 00:27:31.707,6.48134,6.4809600000000005,1.1,1
24.08.2021 00:27:31.827,6.4813600000000005,6.48097,1.1,1
24.08.2021 00:27:42.025,6.481400000000001,6.4809600000000005,1,1
24.08.2021 00:27:42.075,6.48139,6.481,1,1
24.08.2021 00:27:42.193,6.481400000000001,6.48102,1,1
24.08.2021 00:27:47.471,6.481400000000001,6.48099,1,1
24.08.2021 00:27:56.103,6.481400000000001,6.481050000000001,1,1
24.08.2021 00:28:01.261,6.481400000000001,6.481,1,1
24.08.2021 00:28:16.875,6.481400000000001,6.481190000000001,1,1
24.08.2021 00:28:25.399,6.481490000000001,6.481190000000001,1.1,1
24.08.2021 00:28:25.701,6.4815000000000005,6.48122,1,1
24.08.2021 00:28:27.157,6.4815000000000005,6.48122,1.5,1
24.08.2021 00:28:28.238,6.481490000000001,6.481230000000001,1,1
24.08.2021 00:28:35.421,6.481490000000001,6.481280000000001,1,1
24.08.2021 00:28:35.522,6.481490000000001,6.481330000000001,1,1
24.08.2021 00:28:35.572,6.481490000000001,6.48129,1,1
24.08.2021 00:28:35.673,6.481490000000001,6.48126,1,1
24.08.2021 00:28:47.493,6.481490000000001,6.4813,1,1
24.08.2021 00:28:48.886,6.481490000000001,6.481190000000001,1,1
24.08.2021 00:28:49.108,6.481490000000001,6.48115,1,1
24.08.2021 00:28:49.729,6.481490000000001,6.48116,1,1
24.08.2021 00:28:53.255,6.481580000000001,6.48126,1.5,1
24.08.2021 00:28:57.356,6.481590000000001,6.48125,1,1
24.08.2021 00:29:02.342,6.481580000000001,6.48126,1.5,1
24.08.2021 00:29:11.860,6.48161,6.4812,2,1.12
24.08.2021 00:29:25.376,6.48162,6.481230000000001,2,1
24.08.2021 00:29:27.779,6.48161,6.481230000000001,2,1
24.08.2021 00:29:27.829,6.48162,6.481190000000001,2,1.12
24.08.2021 00:29:33.550,6.481580000000001,6.481230000000001,1.12,1
24.08.2021 00:30:00.743,6.48162,6.481190000000001,2,1
24.08.2021 00:30:01.164,6.48161,6.48122,2,1
24.08.2021 00:30:04.272,6.48162,6.48121,1.5,1
24.08.2021 00:30:04.374,6.481590000000001,6.48122,1,1
24.08.2021 00:30:05.708,6.4816,6.481190000000001,1,1
24.08.2021 00:30:07.758,6.48157,6.481190000000001,1,1
24.08.2021 00:30:07.859,6.48156,6.48116,1,1
24.08.2021 00:30:07.960,6.48157,6.48116,1,1
24.08.2021 00:30:08.111,6.48156,6.48125,1,1
24.08.2021 00:30:10.073,6.48156,6.4812,1,1
24.08.2021 00:30:10.286,6.481590000000001,6.481240000000001,1.5,1
24.08.2021 00:30:12.277,6.4816,6.481190000000001,1.5,1.5
24.08.2021 00:30:13.143,6.481590000000001,6.481240000000001,1.5,1
24.08.2021 00:30:15.726,6.481590000000001,6.481230000000001,1.1,1
24.08.2021 00:30:24.724,6.481580000000001,6.4812,1.1,1.5
24.08.2021 00:30:27.726,6.48156,6.4812,1.1,1.5
24.08.2021 00:30:41.920,6.48157,6.481230000000001,1.1,1
24.08.2021 00:30:41.971,6.4816,6.481230000000001,1.5,1
24.08.2021 00:30:47.859,6.4816,6.481190000000001,1.5,1.5
24.08.2021 00:31:06.034,6.48157,6.4812,1.1,1.5
24.08.2021 00:31:06.402,6.48157,6.481190000000001,1.1,1.5
24.08.2021 00:31:06.503,6.48157,6.48115,1.6,1
24.08.2021 00:31:06.604,6.481380000000001,6.480880000000001,1.5,1.22
24.08.2021 00:31:06.655,6.48134,6.48087,1.5,1
24.08.2021 00:31:06.933,6.481240000000001,6.480880000000001,1,1
24.08.2021 00:31:06.984,6.481230000000001,6.48077,1,1
24.08.2021 00:31:07.207,6.48121,6.48076,1,1
24.08.2021 00:31:07.800,6.48121,6.48077,1,1
24.08.2021 00:31:09.748,6.481240000000001,6.48077,1,1
24.08.2021 00:31:09.949,6.481240000000001,6.48078,1,1
24.08.2021 00:31:12.108,6.481190000000001,6.48077,1,1
24.08.2021 00:31:12.209,6.48118,6.48077,1,1
24.08.2021 00:31:12.310,6.48116,6.48076,1,1
24.08.2021 00:31:13.158,6.481140000000001,6.48076,1.1,1
24.08.2021 00:31:14.669,6.4811000000000005,6.48077,1.1,1
24.08.2021 00:31:30.899,6.48112,6.48076,1.1,1
24.08.2021 00:31:31.511,6.48115,6.48077,1,1
24.08.2021 00:31:31.562,6.48116,6.480740000000001,1,1
24.08.2021 00:31:31.663,6.48117,6.480740000000001,1.1,1
24.08.2021 00:31:32.320,6.481140000000001,6.4807500000000005,1.1,1
24.08.2021 00:31:42.889,6.481140000000001,6.48076,1.1,1
24.08.2021 00:31:43.876,6.48118,6.4807500000000005,1.1,1
24.08.2021 00:31:47.531,6.48118,6.480740000000001,1.1,1.5
24.08.2021 00:31:53.612,6.48118,6.48072,1.1,1
24.08.2021 00:31:55.108,6.48117,6.480700000000001,1.1,1.5
24.08.2021 00:31:55.212,6.48113,6.480700000000001,1.1,1
24.08.2021 00:31:59.121,6.48113,6.48069,1.1,1.5
24.08.2021 00:32:07.251,6.48113,6.480700000000001,1.1,1
24.08.2021 00:32:12.995,6.48117,6.48069,1.1,1
24.08.2021 00:32:14.881,6.48117,6.48073,1.1,1
24.08.2021 00:32:14.932,6.481190000000001,6.48073,1.1,1
24.08.2021 00:32:17.372,6.48118,6.48077,1.1,1.5
24.08.2021 00:32:17.473,6.481190000000001,6.48077,1.1,1
24.08.2021 00:32:17.582,6.48121,6.48081,1.1,1
24.08.2021 00:32:33.650,6.48122,6.480790000000001,1.1,1
24.08.2021 00:32:36.619,6.48121,6.480840000000001,1,1
24.08.2021 00:32:40.347,6.48121,6.4808,1,1
24.08.2021 00:32:40.448,6.48121,6.48085,1,1
24.08.2021 00:32:51.378,6.48121,6.48082,1,1
24.08.2021 00:32:51.479,6.48122,6.4808,1,1
24.08.2021 00:32:51.530,6.48122,6.48078,1,1
24.08.2021 00:32:52.683,6.48122,6.4808,1,1
24.08.2021 00:33:25.111,6.4812,6.48081,1.1,1
24.08.2021 00:33:25.212,6.48126,6.48076,1.5,1.5
24.08.2021 00:33:25.313,6.48111,6.48077,1,1
24.08.2021 00:33:26.606,6.48108,6.480740000000001,1.5,1
24.08.2021 00:33:26.707,6.480980000000001,6.48057,1,1.1
24.08.2021 00:33:26.757,6.480930000000001,6.48062,1,1.1
24.08.2021 00:33:26.858,6.48085,6.48052,1,1
24.08.2021 00:33:26.959,6.480830000000001,6.480530000000001,1,1
24.08.2021 00:33:27.009,6.48077,6.48052,1,1
24.08.2021 00:33:27.659,6.4808,6.480530000000001,1,1
24.08.2021 00:33:38.048,6.48081,6.48054,1,1
24.08.2021 00:33:42.049,6.48085,6.48054,1,1
24.08.2021 00:33:54.149,6.4808,6.48055,1,1
24.08.2021 00:33:57.454,6.48078,6.48055,1,1
24.08.2021 00:34:12.698,6.480740000000001,6.48031,1,1.5
24.08.2021 00:34:12.799,6.48073,6.48026,1,2
24.08.2021 00:34:12.850,6.48069,6.48027,1.5,1
24.08.2021 00:34:12.951,6.480650000000001,6.48027,1,1
24.08.2021 00:34:13.679,6.4806,6.48027,1,1
24.08.2021 00:34:13.780,6.48061,6.48026,1.5,1
24.08.2021 00:34:16.650,6.4806,6.48027,1.5,1
24.08.2021 00:34:17.344,6.48061,6.48026,1,1
24.08.2021 00:34:25.476,6.4806,6.4802,1.12,1.5
24.08.2021 00:34:26.392,6.4805600000000005,6.480090000000001,1.12,1.6
24.08.2021 00:34:26.493,6.48047,6.480080000000001,1.12,1
24.08.2021 00:34:26.594,6.48031,6.48001,1,1.5
24.08.2021 00:34:26.645,6.4802100000000005,6.47991,1,1.5
24.08.2021 00:34:26.695,6.480160000000001,6.479900000000001,1,1
24.08.2021 00:34:27.693,6.4801400000000005,6.479900000000001,1,1
24.08.2021 00:34:27.926,6.480160000000001,6.479900000000001,1,1
24.08.2021 00:34:28.031,6.48017,6.47991,1,1
24.08.2021 00:34:30.067,6.480180000000001,6.479780000000001,1,1.87
24.08.2021 00:34:30.117,6.480160000000001,6.479780000000001,1,1.12
24.08.2021 00:34:30.889,6.48015,6.47976,1,1.5
24.08.2021 00:34:31.154,6.4801400000000005,6.47976,1,1.5
24.08.2021 00:34:31.600,6.48017,6.47976,1,1.5
24.08.2021 00:34:31.831,6.480160000000001,6.47976,1,2.25
24.08.2021 00:34:32.733,6.4802,6.47976,1,2.62
24.08.2021 00:34:32.884,6.480180000000001,6.47975,1,2.62
24.08.2021 00:34:33.242,6.48017,6.47976,1,2
24.08.2021 00:34:34.274,6.48017,6.47976,1,2
24.08.2021 00:34:34.787,6.4802100000000005,6.47975,1,2
24.08.2021 00:34:34.868,6.480160000000001,6.47976,1,2
24.08.2021 00:34:35.390,6.480160000000001,6.47976,1,2
24.08.2021 00:34:36.681,6.48017,6.47975,1,1.5
24.08.2021 00:34:37.575,6.4801,6.47975,1,1.5
24.08.2021 00:34:37.690,6.48007,6.4797400000000005,1,1.12
24.08.2021 00:34:37.791,6.47997,6.47967,1,1
24.08.2021 00:34:38.144,6.48,6.47967,1,1
24.08.2021 00:34:41.512,6.48002,6.479680000000001,1,1
24.08.2021 00:34:41.613,6.480040000000001,6.479680000000001,1,1
24.08.2021 00:34:41.663,6.48001,6.479680000000001,1,1
24.08.2021 00:34:42.538,6.480080000000001,6.479680000000001,1,1
24.08.2021 00:34:43.788,6.480080000000001,6.47967,1,1
24.08.2021 00:34:45.498,6.48011,6.47977,1,1
24.08.2021 00:34:45.750,6.48012,6.47977,1,1
24.08.2021 00:34:45.851,6.4802,6.47987,1,1
24.08.2021 00:34:48.724,6.48022,6.47991,1,1
24.08.2021 00:34:48.825,6.48026,6.479900000000001,1,1
24.08.2021 00:34:48.927,6.48027,6.47991,1,1
24.08.2021 00:34:48.978,6.48032,6.479990000000001,1,1
24.08.2021 00:34:49.129,6.4803500000000005,6.479990000000001,1,1
24.08.2021 00:34:49.231,6.48029,6.47996,1,1
24.08.2021 00:34:49.332,6.480230000000001,6.47994,1,1
24.08.2021 00:34:49.678,6.48024,6.47994,1,1
24.08.2021 00:35:01.814,6.4802100000000005,6.4799500000000005,1,1
24.08.2021 00:35:01.915,6.480180000000001,6.4799500000000005,1,1
24.08.2021 00:35:02.337,6.480160000000001,6.47994,1,1
24.08.2021 00:35:12.338,6.480160000000001,6.4797400000000005,1,1
24.08.2021 00:35:12.446,6.480160000000001,6.47975,1,1
24.08.2021 00:35:12.496,6.48011,6.4797400000000005,1,1
24.08.2021 00:35:12.597,6.48006,6.47975,1,1
24.08.2021 00:35:19.213,6.4801,6.4797400000000005,1,1
24.08.2021 00:35:19.574,6.4801,6.47975,1,1
24.08.2021 00:35:26.334,6.48006,6.4797400000000005,1,1
24.08.2021 00:35:40.412,6.48001,6.47975,1,1
24.08.2021 00:35:40.941,6.48002,6.479590000000001,1,1.1
24.08.2021 00:35:41.070,6.48001,6.479590000000001,1,1
24.08.2021 00:35:41.171,6.47997,6.47965,1,1
24.08.2021 00:35:41.341,6.47994,6.47954,1,1.5
24.08.2021 00:35:42.028,6.47993,6.47956,1,1
24.08.2021 00:35:49.911,6.47994,6.47954,1,1
24.08.2021 00:35:57.652,6.47993,6.47958,1,1
24.08.2021 00:35:57.709,6.47997,6.47957,1,1
24.08.2021 00:35:57.866,6.48001,6.47957,1,1
24.08.2021 00:35:58.022,6.4799500000000005,6.479480000000001,1,1.1
24.08.2021 00:35:58.123,6.47994,6.479480000000001,1,1.1
24.08.2021 00:35:58.230,6.47993,6.47944,1,1.1
24.08.2021 00:35:58.330,6.47989,6.479430000000001,1,1.1
24.08.2021 00:35:58.439,6.4798800000000005,6.47944,1.5,1.1
24.08.2021 00:35:58.971,6.47984,6.47944,1,1.1
24.08.2021 00:35:59.367,6.47985,6.479410000000001,1,1.1
24.08.2021 00:36:01.583,6.47985,6.47944,1,1
24.08.2021 00:36:01.684,6.4798800000000005,6.47945,1,1
24.08.2021 00:36:02.041,6.47989,6.479410000000001,1,1.95
24.08.2021 00:36:02.587,6.47989,6.47945,1,1
24.08.2021 00:36:02.639,6.47991,6.47945,1,1
24.08.2021 00:36:04.681,6.4798800000000005,6.47945,1,1.6
24.08.2021 00:36:05.130,6.47986,6.47944,1,1.6
24.08.2021 00:36:05.470,6.47986,6.47945,1,1.1
24.08.2021 00:36:05.600,6.47986,6.47946,1,1
24.08.2021 00:36:05.751,6.47994,6.47956,1.5,1
24.08.2021 00:36:05.921,6.47994,6.47966,1,1
24.08.2021 00:36:05.971,6.48007,6.47965,1,1
24.08.2021 00:36:06.343,6.48006,6.47965,1,1
24.08.2021 00:36:06.444,6.48005,6.479640000000001,1,1
24.08.2021 00:36:06.895,6.48006,6.47965,1,1
24.08.2021 00:36:07.159,6.48007,6.479640000000001,1,1.5
24.08.2021 00:36:07.210,6.4801,6.47976,1,1
24.08.2021 00:36:07.311,6.48017,6.47975,1,1
24.08.2021 00:36:08.241,6.480160000000001,6.47975,1,1
24.08.2021 00:36:08.342,6.480130000000001,6.4797400000000005,1,1
24.08.2021 00:36:10.097,6.480130000000001,6.47975,1,1
24.08.2021 00:36:10.198,6.4801400000000005,6.47975,1,1
24.08.2021 00:36:10.552,6.48015,6.47975,1,1
24.08.2021 00:36:10.653,6.480160000000001,6.47976,1,1
24.08.2021 00:36:10.805,6.480160000000001,6.47975,1.5,1
24.08.2021 00:36:11.098,6.480160000000001,6.47976,1.5,1
24.08.2021 00:36:12.551,6.480160000000001,6.47975,1,1
24.08.2021 00:36:12.656,6.480160000000001,6.47976,1,1
24.08.2021 00:36:19.967,6.48017,6.4797400000000005,1,1
24.08.2021 00:36:20.802,6.48017,6.47975,1,1
24.08.2021 00:36:21.502,6.48017,6.4797400000000005,1,1
24.08.2021 00:36:21.945,6.480160000000001,6.47976,1,1
24.08.2021 00:36:22.147,6.48017,6.4797400000000005,1,1
24.08.2021 00:36:22.248,6.48017,6.47975,1.5,1
24.08.2021 00:36:22.875,6.48017,6.47976,1,1.1
24.08.2021 00:36:29.952,6.480160000000001,6.479780000000001,1,1
24.08.2021 00:36:44.976,6.48017,6.47979,1,1.1
24.08.2021 00:36:46.742,6.48017,6.47977,1,1
24.08.2021 00:36:52.012,6.48017,6.4797400000000005,1,1
24.08.2021 00:36:52.137,6.480130000000001,6.4797400000000005,1,1
24.08.2021 00:36:54.572,6.48012,6.4798,1,1
24.08.2021 00:36:54.623,6.48017,6.47979,1,1
24.08.2021 00:36:54.774,6.4802800000000005,6.47986,1,1
24.08.2021 00:36:54.875,6.48036,6.4798800000000005,1.5,1
24.08.2021 00:36:55.538,6.4803500000000005,6.4798800000000005,1.1,1
24.08.2021 00:36:55.870,6.48036,6.47998,1,1
24.08.2021 00:36:56.513,6.48047,6.480090000000001,1,1
24.08.2021 00:36:56.614,6.48052,6.48012,1,1
24.08.2021 00:36:57.812,6.48052,6.480160000000001,1,1.1
24.08.2021 00:36:58.682,6.48051,6.48012,1,1
24.08.2021 00:37:00.382,6.48052,6.480130000000001,1,1
24.08.2021 00:37:00.701,6.48051,6.480160000000001,1,1
24.08.2021 00:37:01.269,6.48052,6.480160000000001,1,1.1
24.08.2021 00:37:07.240,6.48052,6.48015,1,1
24.08.2021 00:37:08.945,6.48051,6.4801400000000005,1,1
24.08.2021 00:37:09.046,6.48051,6.48012,1,1
24.08.2021 00:37:10.607,6.48052,6.48012,1,1.1
24.08.2021 00:37:10.812,6.48051,6.48012,1,1
24.08.2021 00:37:10.863,6.48032,6.48005,1,1
24.08.2021 00:37:11.014,6.48032,6.48,1,1.5
24.08.2021 00:37:11.850,6.48033,6.479990000000001,1,1
24.08.2021 00:37:12.354,6.48033,6.48005,1,1.1
24.08.2021 00:37:12.455,6.48057,6.480090000000001,1.62,1
24.08.2021 00:37:12.556,6.48057,6.480090000000001,1,1
24.08.2021 00:37:12.657,6.4806,6.4801,1.57,1
24.08.2021 00:37:12.979,6.48059,6.48012,1.57,1.1
24.08.2021 00:37:13.629,6.48059,6.48015,1.57,1
24.08.2021 00:37:14.431,6.4806,6.48011,1.57,1.1
24.08.2021 00:37:14.593,6.48059,6.48012,1.6,1.1
24.08.2021 00:37:14.644,6.4806,6.4801400000000005,1.6,1.1
24.08.2021 00:37:17.954,6.480580000000001,6.48012,1.2,1.1
24.08.2021 00:37:18.432,6.48059,6.48011,1.2,1.1
24.08.2021 00:37:25.631,6.48059,6.4801400000000005,1.6,1.1
24.08.2021 00:37:31.298,6.4806,6.48011,1.67,1.1
24.08.2021 00:37:31.402,6.4806,6.48011,1.6,1.1
24.08.2021 00:37:31.635,6.48057,6.480090000000001,1.2,1
24.08.2021 00:37:31.792,6.4805600000000005,6.4801,1.22,1
24.08.2021 00:37:31.843,6.48052,6.4801,1,1
24.08.2021 00:37:42.749,6.4805600000000005,6.4801,1.62,1.1
24.08.2021 00:37:42.800,6.4805600000000005,6.4801,1.12,1.1
24.08.2021 00:37:44.175,6.48054,6.480090000000001,1,1
24.08.2021 00:37:44.276,6.4805,6.480090000000001,1.12,1
24.08.2021 00:38:03.287,6.48047,6.4801,1,1
24.08.2021 00:38:03.388,6.48037,6.47993,1.5,1.5
24.08.2021 00:38:03.438,6.4803500000000005,6.47993,1.5,1
24.08.2021 00:38:03.489,6.48036,6.47985,1.6,1.5
24.08.2021 00:38:04.443,6.4803500000000005,6.47986,1.5,1
24.08.2021 00:38:08.836,6.4803500000000005,6.47986,1.5,1
24.08.2021 00:38:09.329,6.48031,6.47986,1.5,1
24.08.2021 00:38:18.645,6.48032,6.47984,1.6,1
24.08.2021 00:38:30.558,6.48031,6.47985,1.6,1
24.08.2021 00:38:35.550,6.48031,6.47985,1.6,1
24.08.2021 00:38:44.129,6.48031,6.47986,1.6,1
24.08.2021 00:39:11.619,6.48037,6.4799500000000005,1.72,1
24.08.2021 00:39:11.720,6.48037,6.48003,1.72,1
24.08.2021 00:39:11.771,6.48038,6.479990000000001,1.1,1
24.08.2021 00:39:11.922,6.48037,6.47998,1.1,1
24.08.2021 00:39:17.528,6.48037,6.47996,1.6,1
24.08.2021 00:39:17.935,6.48026,6.4799500000000005,1,1
24.08.2021 00:39:33.484,6.48026,6.48,1,1
24.08.2021 00:39:33.585,6.480300000000001,6.48006,1.5,1
24.08.2021 00:39:33.636,6.48031,6.48005,1,1
24.08.2021 00:39:36.152,6.48031,6.480090000000001,1,1
24.08.2021 00:39:37.150,6.48031,6.480130000000001,1,1
24.08.2021 00:39:38.899,6.480300000000001,6.48012,1,1
24.08.2021 00:39:38.950,6.480300000000001,6.4801,1,1
24.08.2021 00:39:39.103,6.480300000000001,6.48011,1,1
24.08.2021 00:39:39.204,6.48031,6.48015,1,1
24.08.2021 00:39:41.740,6.480300000000001,6.4801400000000005,1,1
24.08.2021 00:39:42.555,6.48052,6.480130000000001,1.1,1
24.08.2021 00:39:56.542,6.48061,6.480130000000001,1.88,1
24.08.2021 00:39:56.693,6.4806,6.480180000000001,1.38,1
24.08.2021 00:39:56.834,6.48062,6.48017,1.38,1
24.08.2021 00:40:07.656,6.48061,6.48015,1.38,1
24.08.2021 00:40:18.314,6.4806,6.4801,1.38,1
24.08.2021 00:40:29.503,6.48061,6.480090000000001,1.5,1
24.08.2021 00:40:31.133,6.48061,6.48012,1.5,1
24.08.2021 00:40:33.419,6.4806,6.48015,1.38,1
24.08.2021 00:40:43.011,6.4806,6.480180000000001,1.38,1
24.08.2021 00:40:57.184,6.480630000000001,6.480180000000001,1.38,1
24.08.2021 00:40:57.717,6.480630000000001,6.48015,1.38,1
24.08.2021 00:41:12.388,6.48062,6.480080000000001,1.38,1
24.08.2021 00:41:12.500,6.48057,6.48005,1,1.5
24.08.2021 00:41:12.551,6.48057,6.48005,1.5,1.5
24.08.2021 00:41:12.702,6.4805600000000005,6.4801,1.5,1
24.08.2021 00:41:12.752,6.4805600000000005,6.48006,1.5,1.5
24.08.2021 00:41:13.184,6.48057,6.4801,1.5,1
24.08.2021 00:41:46.818,6.48051,6.48006,1,1
24.08.2021 00:42:12.741,6.48052,6.48002,1,1
24.08.2021 00:42:42.967,6.48051,6.480040000000001,1,1
24.08.2021 00:42:43.852,6.48051,6.48006,1,1
24.08.2021 00:42:50.679,6.48055,6.48005,1,1.57
24.08.2021 00:42:50.942,6.48055,6.48005,1,1.6
24.08.2021 00:42:51.637,6.48054,6.48006,1,1.6
24.08.2021 00:42:51.738,6.48057,6.4801400000000005,1,1
24.08.2021 00:43:01.149,6.48057,6.48015,1,1
24.08.2021 00:43:01.348,6.48068,6.480250000000001,1.58,1.5
24.08.2021 00:43:01.449,6.48067,6.4802100000000005,1.58,1
24.08.2021 00:43:01.600,6.48067,6.4802100000000005,1.58,1.1
24.08.2021 00:43:02.310,6.48066,6.48022,1.08,1.1
24.08.2021 00:43:03.364,6.48066,6.480230000000001,1.08,1
24.08.2021 00:43:18.624,6.48067,6.480250000000001,1.08,1
24.08.2021 00:43:21.469,6.480700000000001,6.480250000000001,1.5,1
24.08.2021 00:43:27.752,6.48067,6.48026,1,1
24.08.2021 00:43:27.852,6.48068,6.480180000000001,1.5,1.22
24.08.2021 00:43:27.903,6.48064,6.480180000000001,1,1
24.08.2021 00:43:28.170,6.480630000000001,6.480180000000001,1,1
24.08.2021 00:43:36.487,6.48062,6.48019,1,1.1
24.08.2021 00:43:37.500,6.48062,6.48019,1,1.1
24.08.2021 00:43:37.620,6.48062,6.48019,1,1.1
24.08.2021 00:43:37.721,6.48062,6.480160000000001,1,1.1
24.08.2021 00:43:37.896,6.48061,6.480160000000001,1,1.1
24.08.2021 00:43:39.457,6.48061,6.480160000000001,1,1.1
24.08.2021 00:43:41.937,6.48062,6.4802100000000005,1,1
24.08.2021 00:43:42.088,6.48066,6.4802100000000005,1,1
24.08.2021 00:43:42.138,6.48071,6.48027,1,1
24.08.2021 00:43:42.239,6.48077,6.48051,1,1
24.08.2021 00:43:42.340,6.48082,6.48052,1,1
24.08.2021 00:43:42.491,6.48087,6.48051,1,1
24.08.2021 00:43:42.592,6.4809,6.48051,1,1
24.08.2021 00:43:42.743,6.48091,6.48051,1,1
24.08.2021 00:43:47.782,6.4809,6.48055,1,1
24.08.2021 00:43:56.548,6.4809,6.48059,1,1
24.08.2021 00:43:56.753,6.4809,6.48055,1,1.5
24.08.2021 00:44:02.297,6.48086,6.48054,1,1
24.08.2021 00:44:02.603,6.48082,6.48054,1,1
24.08.2021 00:44:04.378,6.48082,6.48037,1,1
24.08.2021 00:44:07.361,6.48082,6.480340000000001,1,1
24.08.2021 00:44:16.336,6.48087,6.48046,1,1
24.08.2021 00:44:19.512,6.48081,6.48047,1,1
24.08.2021 00:44:19.613,6.48077,6.4804,1,1
24.08.2021 00:44:19.664,6.48076,6.48037,1,1
24.08.2021 00:44:19.815,6.48077,6.480340000000001,1.5,1
24.08.2021 00:44:19.916,6.480740000000001,6.480340000000001,1.1,1
24.08.2021 00:44:20.017,6.48071,6.480340000000001,1,1
24.08.2021 00:44:20.228,6.480700000000001,6.480340000000001,1,1
24.08.2021 00:44:20.798,6.48071,6.480340000000001,1,1
24.08.2021 00:44:20.950,6.48072,6.480340000000001,1,1
24.08.2021 00:44:21.648,6.48072,6.48026,1,1
24.08.2021 00:44:22.001,6.48072,6.48027,1.1,1
24.08.2021 00:44:22.420,6.48071,6.480300000000001,1,1
24.08.2021 00:44:22.667,6.48072,6.48038,1,1
24.08.2021 00:44:27.099,6.48086,6.480480000000001,1.5,1
24.08.2021 00:44:27.200,6.480980000000001,6.48062,3.84,1
24.08.2021 00:44:27.250,6.48097,6.480630000000001,3.34,1.5
24.08.2021 00:44:27.351,6.4810300000000005,6.4808,1.05,1
24.08.2021 00:44:27.452,6.481190000000001,6.480830000000001,1.17,1
24.08.2021 00:44:27.503,6.481310000000001,6.480830000000001,1,1
24.08.2021 00:44:27.604,6.481310000000001,6.480840000000001,1.5,1
24.08.2021 00:44:27.705,6.481310000000001,6.48082,1.5,1
24.08.2021 00:44:27.756,6.481310000000001,6.4808,1.5,1
24.08.2021 00:44:27.928,6.4813,6.48081,1.6,1
24.08.2021 00:44:28.281,6.4813,6.48081,1.5,1
24.08.2021 00:44:29.214,6.4813,6.48082,1.5,1
24.08.2021 00:44:29.998,6.481310000000001,6.48085,1.5,1
24.08.2021 00:44:31.519,6.481310000000001,6.48085,2,1
24.08.2021 00:44:32.192,6.48129,6.48085,1,1
24.08.2021 00:44:37.252,6.481280000000001,6.480830000000001,1.1,1
24.08.2021 00:44:37.303,6.4812,6.48081,1,1
24.08.2021 00:44:43.452,6.481230000000001,6.4808,1,1
24.08.2021 00:44:45.511,6.48125,6.4808,1.6,1
24.08.2021 00:44:52.643,6.481240000000001,6.48078,1.1,1
24.08.2021 00:44:52.694,6.481190000000001,6.48077,1,1
24.08.2021 00:44:52.830,6.48107,6.48076,1,1
24.08.2021 00:44:53.751,6.48108,6.48072,1,1
24.08.2021 00:44:53.821,6.48111,6.48072,1,1
24.08.2021 00:44:57.714,6.4811000000000005,6.48072,1,1
24.08.2021 00:45:00.566,6.48108,6.48072,1,1
24.08.2021 00:45:00.617,6.48108,6.48068,1,1
24.08.2021 00:45:00.718,6.48107,6.48064,1,1
24.08.2021 00:45:00.769,6.48107,6.48066,1,1
24.08.2021 00:45:00.902,6.48108,6.48068,1,1
24.08.2021 00:45:07.268,6.48108,6.4806,1,1
24.08.2021 00:45:14.118,6.4810300000000005,6.48061,1,1
24.08.2021 00:45:14.270,6.48099,6.48052,1,1
24.08.2021 00:45:14.371,6.480930000000001,6.480530000000001,1,1.12
24.08.2021 00:45:14.652,6.48099,6.480530000000001,1,1.5
24.08.2021 00:45:14.830,6.481,6.48052,1,1.5
24.08.2021 00:45:18.357,6.481,6.48047,1,1.5
24.08.2021 00:45:18.515,6.481,6.48051,1,1
24.08.2021 00:45:18.616,6.48097,6.48046,1.5,1
24.08.2021 00:45:18.717,6.4809600000000005,6.480430000000001,1.5,2
24.08.2021 00:45:18.830,6.4809,6.480430000000001,1,1.5
24.08.2021 00:45:19.033,6.48085,6.480430000000001,1,1
24.08.2021 00:45:19.135,6.480740000000001,6.48042,1,1
24.08.2021 00:45:19.185,6.480700000000001,6.48026,1,1
24.08.2021 00:45:19.286,6.48071,6.48032,1,1
24.08.2021 00:45:19.387,6.4807500000000005,6.48033,1,1
24.08.2021 00:45:20.272,6.480790000000001,6.48032,1.1,1
24.08.2021 00:45:22.562,6.480790000000001,6.48032,1.1,1
24.08.2021 00:45:27.711,6.480790000000001,6.48033,1,1
24.08.2021 00:45:27.812,6.48078,6.48033,1,1
24.08.2021 00:45:28.183,6.48081,6.48032,1.5,1
24.08.2021 00:45:31.394,6.4807500000000005,6.48033,1,1
24.08.2021 00:45:34.462,6.48073,6.48032,1,1
24.08.2021 00:45:38.174,6.4807500000000005,6.48033,1,1
24.08.2021 00:45:38.873,6.48071,6.48033,1,1
24.08.2021 00:45:39.154,6.48069,6.48032,1,1
24.08.2021 00:45:40.739,6.48064,6.48033,1,1
24.08.2021 00:45:40.841,6.48046,6.48005,1,1.2
24.08.2021 00:45:40.942,6.48052,6.48002,1,1.62
24.08.2021 00:45:41.818,6.48052,6.48002,1,1.62
24.08.2021 00:45:55.594,6.48052,6.48002,1,1.5
24.08.2021 00:45:55.645,6.48046,6.48003,1,1.5
24.08.2021 00:45:57.404,6.48051,6.48003,1,1.5
24.08.2021 00:45:57.669,6.48052,6.48002,1,1.5
24.08.2021 00:45:57.820,6.48052,6.48002,1,1.5
24.08.2021 00:45:57.978,6.4804900000000005,6.48001,1,1.5
24.08.2021 00:45:58.029,6.480480000000001,6.48003,1,1
24.08.2021 00:46:02.179,6.48046,6.48002,1,1
24.08.2021 00:46:02.388,6.480440000000001,6.48002,1,1
24.08.2021 00:46:04.586,6.480440000000001,6.48006,1,1
24.08.2021 00:46:19.196,6.48046,6.48007,1,1.5
24.08.2021 00:46:19.247,6.48046,6.48015,1,1
24.08.2021 00:46:19.348,6.48052,6.48019,1,1
24.08.2021 00:46:19.449,6.480530000000001,6.48019,1,1
24.08.2021 00:46:24.797,6.480580000000001,6.480430000000001,1,1
24.08.2021 00:46:24.848,6.48073,6.480530000000001,1.5,1
24.08.2021 00:46:24.950,6.480740000000001,6.48045,1,1
24.08.2021 00:46:25.051,6.4808,6.48046,1,1
24.08.2021 00:46:26.148,6.48082,6.48045,1,1
24.08.2021 00:46:26.249,6.48081,6.480440000000001,1,1
24.08.2021 00:46:26.350,6.48081,6.480390000000001,1,1
24.08.2021 00:46:26.400,6.48076,6.480390000000001,1,1
24.08.2021 00:46:26.501,6.4807500000000005,6.48038,1,1
24.08.2021 00:46:27.023,6.4807500000000005,6.480390000000001,1,1
24.08.2021 00:46:27.200,6.48077,6.48038,1,1
24.08.2021 00:46:30.080,6.48078,6.48046,1,1
24.08.2021 00:46:30.131,6.48081,6.48045,1,1
24.08.2021 00:46:30.233,6.48082,6.48045,1,1
24.08.2021 00:46:30.385,6.48081,6.48052,1,1
24.08.2021 00:46:30.486,6.48082,6.48045,1,1
24.08.2021 00:46:36.394,6.48081,6.48046,1,1.1
24.08.2021 00:47:23.489,6.48081,6.48045,1,1.1
24.08.2021 00:47:24.868,6.48086,6.48045,1,1.1
24.08.2021 00:47:24.919,6.4808900000000005,6.480440000000001,1,1.1
24.08.2021 00:47:25.141,6.480880000000001,6.4804,1,2.85
24.08.2021 00:47:30.695,6.4808900000000005,6.480390000000001,1,2.1
24.08.2021 00:47:31.397,6.4808900000000005,6.480440000000001,1,1.1
24.08.2021 00:47:41.458,6.4808900000000005,6.480440000000001,1,1
24.08.2021 00:47:41.508,6.48086,6.480440000000001,1,1
24.08.2021 00:47:56.144,6.48082,6.48045,1,1
24.08.2021 00:47:56.316,6.48072,6.480440000000001,1,1
24.08.2021 00:47:56.417,6.480700000000001,6.48045,1,1
24.08.2021 00:47:56.518,6.48062,6.4801400000000005,1,1.6
24.08.2021 00:47:56.618,6.48061,6.48015,1,1.6
24.08.2021 00:47:56.748,6.48061,6.480130000000001,1.5,1.6
24.08.2021 00:47:57.160,6.48066,6.48017,1,1.6
24.08.2021 00:47:57.210,6.48066,6.4802800000000005,1,1
24.08.2021 00:47:57.311,6.48066,6.4802800000000005,1,1.1
24.08.2021 00:47:57.362,6.48082,6.4803500000000005,1,1
24.08.2021 00:47:57.513,6.48081,6.4802800000000005,1,2.1
24.08.2021 00:48:08.849,6.48081,6.4802800000000005,1,1.6
24.08.2021 00:48:19.400,6.48081,6.4802800000000005,1,1.6
24.08.2021 00:48:24.863,6.48077,6.48027,1,1.6
24.08.2021 00:48:24.964,6.48077,6.48027,1,1.6
24.08.2021 00:48:25.313,6.48077,6.48027,1,1.6
24.08.2021 00:48:25.457,6.48077,6.48024,1,1.1
24.08.2021 00:48:26.157,6.48066,6.480230000000001,1.5,2.1
24.08.2021 00:48:26.258,6.48067,6.4802,1.5,1.1
24.08.2021 00:48:26.359,6.48066,6.4802,1.5,1.1
24.08.2021 00:48:26.707,6.480650000000001,6.48015,1,1.72
24.08.2021 00:48:26.809,6.48066,6.4802,1,1.6
24.08.2021 00:48:26.860,6.48069,6.48019,1,1.6
24.08.2021 00:48:26.961,6.480700000000001,6.4802,1,2.1
24.08.2021 00:48:27.062,6.480740000000001,6.480250000000001,1,1.22
24.08.2021 00:48:27.113,6.4807500000000005,6.480250000000001,1,1.1
24.08.2021 00:48:27.217,6.48076,6.48024,1,1.6
24.08.2021 00:48:28.451,6.4807500000000005,6.480250000000001,1,1.6
24.08.2021 00:48:35.810,6.4807500000000005,6.480250000000001,1,1.6
24.08.2021 00:48:46.173,6.480790000000001,6.48027,1,1.6
24.08.2021 00:48:46.273,6.48076,6.480250000000001,1,1.6
24.08.2021 00:48:46.390,6.4808,6.480300000000001,1,1.6
24.08.2021 00:48:46.491,6.48082,6.48033,1,2.1
24.08.2021 00:48:46.541,6.480880000000001,6.48045,1.5,1
24.08.2021 00:48:46.642,6.4808900000000005,6.48045,1,1.12
24.08.2021 00:48:46.743,6.4808900000000005,6.48038,1.5,1.6
24.08.2021 00:48:46.952,6.480880000000001,6.480390000000001,1.5,1.6
24.08.2021 00:48:47.658,6.4808900000000005,6.48038,1.5,1.6
24.08.2021 00:48:48.691,6.4808900000000005,6.48038,1.5,1.6
24.08.2021 00:48:51.575,6.480880000000001,6.480390000000001,1.5,1.6
24.08.2021 00:49:01.521,6.4808900000000005,6.48045,1.5,1.57
24.08.2021 00:49:01.622,6.48087,6.48046,1,1.6
24.08.2021 00:49:01.723,6.4809,6.4804900000000005,1,1.1
24.08.2021 00:49:01.773,6.48097,6.48055,1.12,1.1
24.08.2021 00:49:01.875,6.481,6.48059,1.5,1
24.08.2021 00:49:01.976,6.48101,6.480580000000001,1,1.1
24.08.2021 00:49:02.026,6.481,6.48066,1,1.5
24.08.2021 00:49:02.127,6.48101,6.480580000000001,1,1.6
24.08.2021 00:49:07.203,6.48104,6.48059,1,1.22
24.08.2021 00:49:07.254,6.481,6.48059,1,1.1
24.08.2021 00:49:09.017,6.481050000000001,6.48052,1,1.6
24.08.2021 00:49:09.118,6.48104,6.48061,1,1
24.08.2021 00:49:15.712,6.481050000000001,6.480580000000001,1,1.1
24.08.2021 00:49:15.819,6.4810300000000005,6.4805600000000005,1,1.1
24.08.2021 00:49:26.373,6.48104,6.48054,1,1.6
24.08.2021 00:49:27.252,6.48104,6.48055,1,1.1
24.08.2021 00:50:01.659,6.4810300000000005,6.48062,1,1
24.08.2021 00:50:01.760,6.48106,6.48061,1,1
24.08.2021 00:50:01.861,6.48108,6.48062,1,1
24.08.2021 00:50:04.158,6.48104,6.480630000000001,1,1
24.08.2021 00:50:04.209,6.481050000000001,6.48057,1.5,1.1
24.08.2021 00:50:04.531,6.48104,6.48067,1,1
24.08.2021 00:50:04.632,6.48118,6.480880000000001,1,1
24.08.2021 00:50:04.734,6.48139,6.480930000000001,1.5,1
24.08.2021 00:50:04.835,6.48142,6.480980000000001,1.5,1
24.08.2021 00:50:04.886,6.48144,6.481,1.6,1
24.08.2021 00:50:05.038,6.481450000000001,6.48094,1.6,1
24.08.2021 00:50:05.197,6.48134,6.48095,1,1
24.08.2021 00:50:05.247,6.48134,6.4809,1,1.12
24.08.2021 00:50:19.011,6.48134,6.4809,1,1.6
24.08.2021 00:50:19.589,6.48134,6.4809,1,1.57
24.08.2021 00:50:21.415,6.48134,6.4809,1,1.6
24.08.2021 00:50:23.551,6.48141,6.4808900000000005,1.5,1.6
24.08.2021 00:50:25.331,6.481400000000001,6.480930000000001,1.5,1
24.08.2021 00:50:25.432,6.48144,6.480930000000001,1.5,1
24.08.2021 00:50:27.257,6.4814300000000005,6.480930000000001,1,1
24.08.2021 00:50:30.625,6.481380000000001,6.48094,1,1
24.08.2021 00:50:30.755,6.48132,6.480930000000001,1,1
24.08.2021 00:50:36.539,6.48132,6.48091,1,1.1
24.08.2021 00:50:37.406,6.48132,6.4809,1,1.1
24.08.2021 00:50:44.033,6.481310000000001,6.4809,1,1
24.08.2021 00:50:44.234,6.481280000000001,6.4809,1,1
24.08.2021 00:50:47.068,6.481310000000001,6.4809,1.5,1
24.08.2021 00:50:47.169,6.48135,6.4809,1.5,2.25
24.08.2021 00:50:48.090,6.48135,6.48094,1,1
24.08.2021 00:50:48.191,6.48148,6.481240000000001,1.1,1
24.08.2021 00:50:48.292,6.48152,6.481240000000001,1,1
24.08.2021 00:50:48.803,6.48152,6.481240000000001,1.1,1.5
24.08.2021 00:50:49.021,6.48152,6.481240000000001,1.1,1
24.08.2021 00:50:49.072,6.48152,6.481240000000001,1.1,1
24.08.2021 00:50:50.786,6.48153,6.481230000000001,1.1,1
24.08.2021 00:50:53.305,6.48152,6.481240000000001,1.1,1
24.08.2021 00:50:53.864,6.48151,6.481230000000001,1,1
24.08.2021 00:51:00.490,6.4815000000000005,6.481240000000001,1.1,1
24.08.2021 00:51:00.998,6.48151,6.481230000000001,1.1,1
24.08.2021 00:51:16.629,6.4815000000000005,6.4811000000000005,1,1
24.08.2021 00:51:16.680,6.48147,6.48099,1,1.1
24.08.2021 00:51:20.008,6.48147,6.48099,1.1,1
24.08.2021 00:51:20.059,6.48147,6.48099,1.1,1
24.08.2021 00:51:22.021,6.48148,6.481,2.75,1.5
24.08.2021 00:51:22.072,6.481490000000001,6.4810300000000005,2,1
24.08.2021 00:51:22.766,6.481490000000001,6.4810300000000005,1.5,1.57
24.08.2021 00:51:23.509,6.48146,6.4810300000000005,1.1,1.57
24.08.2021 00:51:35.271,6.48144,6.48104,1.1,1
24.08.2021 00:51:35.435,6.48142,6.48104,1.1,1
24.08.2021 00:51:36.041,6.48141,6.48104,1.1,1
24.08.2021 00:51:38.842,6.48142,6.481050000000001,1.1,1
24.08.2021 00:51:39.352,6.48142,6.48107,1.1,1
24.08.2021 00:51:40.238,6.481400000000001,6.48108,1.1,1
24.08.2021 00:51:41.104,6.481380000000001,6.48107,1.1,1
24.08.2021 00:51:41.154,6.4814300000000005,6.48108,1.1,1
24.08.2021 00:51:41.801,6.481450000000001,6.48108,1.1,1
24.08.2021 00:51:43.246,6.48147,6.48121,1.1,1
24.08.2021 00:51:43.297,6.48148,6.48115,1.1,1
24.08.2021 00:51:43.452,6.48148,6.48116,1,1
24.08.2021 00:51:43.701,6.481490000000001,6.48117,1.1,1
24.08.2021 00:51:43.802,6.48152,6.48116,1.1,1
24.08.2021 00:51:45.105,6.4815000000000005,6.48116,1.1,1
24.08.2021 00:51:46.763,6.48152,6.48116,1.1,1
24.08.2021 00:51:49.020,6.481490000000001,6.48117,1.1,1
24.08.2021 00:51:50.481,6.4815000000000005,6.48117,1.1,1
24.08.2021 00:51:50.784,6.48147,6.48118,1.1,1
24.08.2021 00:51:50.986,6.48146,6.48117,1,1
24.08.2021 00:51:51.972,6.481450000000001,6.48117,1,1
24.08.2021 00:51:52.911,6.48142,6.48117,1.1,1
24.08.2021 00:52:02.180,6.48157,6.48116,1.1,1
24.08.2021 00:52:02.432,6.481580000000001,6.48118,1,1
24.08.2021 00:52:05.901,6.4815000000000005,6.48118,1,1
24.08.2021 00:52:07.328,6.48155,6.481190000000001,1,1
24.08.2021 00:52:09.250,6.481580000000001,6.48118,1,1
24.08.2021 00:52:09.351,6.481580000000001,6.48118,1.1,1
24.08.2021 00:52:09.688,6.48157,6.481190000000001,1.1,1
24.08.2021 00:52:15.196,6.481490000000001,6.48118,1,1
24.08.2021 00:52:17.679,6.481540000000001,6.48118,1,1
24.08.2021 00:52:26.799,6.48153,6.48118,1,1
24.08.2021 00:52:34.743,6.48155,6.48118,1,1
24.08.2021 00:52:48.944,6.481580000000001,6.48118,1,1
24.08.2021 00:52:50.128,6.48157,6.481240000000001,1,1
24.08.2021 00:52:50.230,6.48157,6.48126,1,1
24.08.2021 00:52:50.513,6.48165,6.48126,1,1
24.08.2021 00:52:50.564,6.4816400000000005,6.481280000000001,1.5,1
24.08.2021 00:52:50.678,6.48176,6.48141,1.5,1
24.08.2021 00:52:50.731,6.48177,6.481400000000001,1,1
24.08.2021 00:52:50.781,6.48177,6.48148,1,1
24.08.2021 00:52:50.883,6.48177,6.48152,1,1
24.08.2021 00:52:50.933,6.48192,6.48153,1,1
24.08.2021 00:52:51.135,6.48193,6.48156,1,1
24.08.2021 00:52:51.286,6.48192,6.481680000000001,1,1
24.08.2021 00:52:51.437,6.48193,6.48162,1,1
24.08.2021 00:52:51.488,6.48192,6.48161,1,1
24.08.2021 00:52:51.538,6.48192,6.48166,1,1
24.08.2021 00:52:51.589,6.4821100000000005,6.4817,1.6,1
24.08.2021 00:52:51.947,6.482080000000001,6.48172,1,1
24.08.2021 00:52:52.588,6.4821100000000005,6.481730000000001,1.5,1
24.08.2021 00:52:57.721,6.48212,6.48175,1.5,1
24.08.2021 00:52:58.608,6.48212,6.48175,1,1
24.08.2021 00:53:02.123,6.48207,6.48176,1,1
24.08.2021 00:53:02.243,6.482080000000001,6.4817100000000005,1,1
24.08.2021 00:53:02.344,6.48207,6.4817100000000005,1,1
24.08.2021 00:53:05.135,6.48207,6.48172,1,1
24.08.2021 00:53:05.236,6.4821100000000005,6.48172,1.5,1
24.08.2021 00:53:05.341,6.48212,6.48172,1.5,1
24.08.2021 00:53:05.441,6.48212,6.48176,1.5,1
24.08.2021 00:53:05.643,6.48212,6.48176,1,1
24.08.2021 00:53:06.312,6.48212,6.48172,1,1
24.08.2021 00:53:06.630,6.48212,6.48175,1,1
24.08.2021 00:53:06.731,6.48212,6.48177,1.5,1
24.08.2021 00:53:06.954,6.48212,6.48176,1.5,1
24.08.2021 00:53:07.653,6.4821100000000005,6.48177,1,1
24.08.2021 00:53:08.871,6.482080000000001,6.48172,1,1
24.08.2021 00:53:12.380,6.4821100000000005,6.481730000000001,1.12,1
24.08.2021 00:53:17.594,6.482080000000001,6.48172,1,1
24.08.2021 00:53:22.463,6.48212,6.48172,1.5,1
24.08.2021 00:53:22.621,6.48207,6.48172,1,1
24.08.2021 00:53:22.725,6.482060000000001,6.48172,1,1
24.08.2021 00:53:26.932,6.482060000000001,6.4817100000000005,1.5,1
24.08.2021 00:53:27.998,6.48207,6.4817100000000005,1.5,1
24.08.2021 00:53:30.571,6.48212,6.4817100000000005,1.12,1
24.08.2021 00:53:32.084,6.4821100000000005,6.481730000000001,1.12,1
24.08.2021 00:53:32.135,6.48212,6.4817800000000005,1.12,1
24.08.2021 00:53:32.236,6.48209,6.48176,1,1
24.08.2021 00:53:32.286,6.48209,6.4817100000000005,1,1
24.08.2021 00:53:32.387,6.48207,6.4817100000000005,1,1.5
24.08.2021 00:53:32.439,6.482080000000001,6.48172,1,1.5
24.08.2021 00:53:32.590,6.482060000000001,6.48172,1,1
24.08.2021 00:53:32.691,6.482080000000001,6.48172,1.5,1
24.08.2021 00:53:33.306,6.48209,6.4817100000000005,1,1
24.08.2021 00:53:34.640,6.48209,6.4817100000000005,1.5,1
24.08.2021 00:53:34.741,6.482060000000001,6.48172,1,1
24.08.2021 00:53:34.842,6.48209,6.4817100000000005,1,1
24.08.2021 00:53:35.181,6.48209,6.4817100000000005,1.5,1
24.08.2021 00:53:35.331,6.4820400000000005,6.48172,1,1
24.08.2021 00:53:35.774,6.482080000000001,6.48172,1.5,1
24.08.2021 00:53:36.022,6.482080000000001,6.48172,1.12,1
24.08.2021 00:53:36.718,6.48212,6.481730000000001,1.5,1
24.08.2021 00:53:36.984,6.48221,6.48181,1.5,1
24.08.2021 00:53:37.138,6.48228,6.48184,1.5,1
24.08.2021 00:53:37.188,6.482290000000001,6.481800000000001,2,1
24.08.2021 00:53:37.239,6.48228,6.48187,1.5,1
24.08.2021 00:53:37.290,6.48228,6.48193,1,1
24.08.2021 00:53:37.341,6.482290000000001,6.48202,1,1
24.08.2021 00:53:38.101,6.48228,6.4819700000000005,1,1
24.08.2021 00:53:38.152,6.48219,6.4819700000000005,1,1
24.08.2021 00:53:38.253,6.4822500000000005,6.48196,1,1
24.08.2021 00:53:38.463,6.4822500000000005,6.4819,1,1.25
24.08.2021 00:53:38.564,6.482240000000001,6.48191,1,1
24.08.2021 00:53:57.070,6.4822500000000005,6.48179,1.87,1
24.08.2021 00:53:57.645,6.4822500000000005,6.48179,1.62,1
24.08.2021 00:53:57.852,6.48223,6.48179,1,1
24.08.2021 00:53:58.246,6.48223,6.48179,1.5,1
24.08.2021 00:54:01.487,6.48221,6.48179,1,1
24.08.2021 00:54:01.588,6.48223,6.48179,1.5,1
24.08.2021 00:54:02.669,6.48222,6.481800000000001,1,1
24.08.2021 00:54:03.366,6.48223,6.4817800000000005,1,1
24.08.2021 00:54:03.709,6.48223,6.4817800000000005,2,1
24.08.2021 00:54:04.201,6.48216,6.48179,1,1
24.08.2021 00:54:08.041,6.48212,6.48179,1,1
24.08.2021 00:54:29.632,6.4821800000000005,6.48179,1,1
24.08.2021 00:54:29.833,6.48222,6.48179,1,1
24.08.2021 00:54:29.934,6.4821800000000005,6.48179,1,1
24.08.2021 00:54:31.260,6.48216,6.48179,1,1
24.08.2021 00:54:52.970,6.48222,6.4817800000000005,1.5,1
24.08.2021 00:54:53.914,6.48222,6.48179,1.12,1
24.08.2021 00:54:57.067,6.48232,6.4817800000000005,1.5,1.5
24.08.2021 00:54:57.903,6.48231,6.48181,1.5,1
24.08.2021 00:54:57.954,6.48231,6.48181,1.5,1
24.08.2021 00:54:59.612,6.48216,6.48167,1,1.5
24.08.2021 00:54:59.713,6.48217,6.481680000000001,1.1,1
24.08.2021 00:55:00.068,6.482150000000001,6.481680000000001,1.1,1
24.08.2021 00:55:00.177,6.48216,6.48169,1.67,1
24.08.2021 00:55:00.331,6.48217,6.4817100000000005,1.1,1
24.08.2021 00:55:00.432,6.48223,6.4817800000000005,1.6,1
24.08.2021 00:55:00.482,6.48223,6.48183,1,1
24.08.2021 00:55:00.583,6.482240000000001,6.4817800000000005,1,1
24.08.2021 00:55:00.993,6.48223,6.48182,1,1
24.08.2021 00:55:02.512,6.48223,6.48186,1,1
24.08.2021 00:55:02.613,6.482240000000001,6.48191,1,1
24.08.2021 00:55:02.663,6.48242,6.48193,2.1,1
24.08.2021 00:55:02.811,6.48242,6.481990000000001,2.1,1
24.08.2021 00:55:02.912,6.48242,6.481990000000001,1.22,1
24.08.2021 00:55:03.133,6.482430000000001,6.48196,1.1,1
24.08.2021 00:55:03.831,6.482430000000001,6.48192,1.6,1.5
24.08.2021 00:55:10.439,6.48236,6.48193,1,1
24.08.2021 00:55:13.938,6.48228,6.48184,1.1,1
24.08.2021 00:55:14.039,6.48226,6.48183,1,1
24.08.2021 00:55:15.242,6.48226,6.48183,1.1,1
24.08.2021 00:55:16.156,6.4822500000000005,6.481800000000001,1.1,1
24.08.2021 00:55:20.719,6.48226,6.48179,1.1,1
24.08.2021 00:55:24.638,6.48227,6.481800000000001,1.6,1
24.08.2021 00:55:25.680,6.48217,6.4817,1.6,1.12
24.08.2021 00:55:25.781,6.48207,6.4817,1,1
24.08.2021 00:55:25.987,6.48207,6.4817,1.1,1
24.08.2021 00:55:26.358,6.482080000000001,6.48169,1,1
24.08.2021 00:55:26.661,6.482060000000001,6.4817,1,1
24.08.2021 00:55:26.812,6.482030000000001,6.4816,1.5,1.5
24.08.2021 00:55:27.022,6.4820400000000005,6.48166,1,1.5
24.08.2021 00:55:27.311,6.482030000000001,6.48167,1,1
24.08.2021 00:55:27.412,6.4820400000000005,6.48166,1,1.5
24.08.2021 00:55:27.577,6.482030000000001,6.48167,1,1
24.08.2021 00:55:27.678,6.4820400000000005,6.481630000000001,1,1
24.08.2021 00:55:28.537,6.4820400000000005,6.48165,1,1
24.08.2021 00:55:32.942,6.482030000000001,6.48162,1.1,1
24.08.2021 00:55:38.691,6.482060000000001,6.481590000000001,1.1,1
24.08.2021 00:55:39.080,6.482,6.4816,1.5,1
24.08.2021 00:55:39.131,6.482,6.4816,1,1
24.08.2021 00:55:40.284,6.481940000000001,6.481590000000001,1,1
24.08.2021 00:55:40.385,6.48193,6.481590000000001,1,1
24.08.2021 00:55:41.754,6.48192,6.4816400000000005,1,1
24.08.2021 00:55:41.956,6.48193,6.48166,1,1
24.08.2021 00:55:42.006,6.482080000000001,6.48167,1,1
24.08.2021 00:55:43.270,6.482080000000001,6.48175,1,1
24.08.2021 00:55:48.562,6.482080000000001,6.48175,1.1,1
24.08.2021 00:55:48.713,6.48209,6.48174,1.1,1
24.08.2021 00:55:48.764,6.482080000000001,6.48175,1.1,1
24.08.2021 00:55:48.865,6.48209,6.48169,1.1,1
24.08.2021 00:55:49.613,6.482080000000001,6.4817,1.1,1
24.08.2021 00:55:49.875,6.481980000000001,6.4817,1.1,1
24.08.2021 00:55:50.153,6.48205,6.4817,1.2,1
24.08.2021 00:55:51.230,6.48209,6.48169,1.1,1
24.08.2021 00:55:51.381,6.482080000000001,6.48175,1.1,1
24.08.2021 00:55:52.063,6.482080000000001,6.48179,1.1,1
24.08.2021 00:55:59.939,6.48221,6.48179,1.7,1.5
24.08.2021 00:56:00.090,6.48221,6.48183,1.7,1
24.08.2021 00:56:00.292,6.482200000000001,6.48187,1.6,1
24.08.2021 00:56:01.076,6.48222,6.48187,1.1,1
24.08.2021 00:56:01.867,6.48221,6.48186,1.1,1
24.08.2021 00:56:02.270,6.48222,6.48187,1.1,1
24.08.2021 00:56:04.889,6.48221,6.48186,1.1,1
24.08.2021 00:56:04.940,6.48223,6.48186,1,1
24.08.2021 00:56:04.991,6.48222,6.4819,1,1
24.08.2021 00:56:05.251,6.48222,6.48186,1,1
24.08.2021 00:56:05.352,6.48221,6.48186,1.1,1
24.08.2021 00:56:05.507,6.4821800000000005,6.48186,1.1,1
24.08.2021 00:56:05.972,6.482150000000001,6.48186,1.1,1
24.08.2021 00:56:06.023,6.48219,6.4818500000000006,1.1,1
24.08.2021 00:56:07.600,6.48216,6.48186,1.1,1
24.08.2021 00:56:10.519,6.48223,6.481890000000001,1,1
24.08.2021 00:56:10.621,6.482290000000001,6.481940000000001,1.5,1
24.08.2021 00:56:10.722,6.482330000000001,6.48195,1,1
24.08.2021 00:56:10.773,6.482340000000001,6.481980000000001,1,1
24.08.2021 00:56:11.269,6.482340000000001,6.481940000000001,1.1,1
24.08.2021 00:56:11.389,6.482340000000001,6.481940000000001,1.1,1
24.08.2021 00:56:12.248,6.482330000000001,6.48195,1,1
24.08.2021 00:56:12.300,6.482290000000001,6.48195,1.1,1
24.08.2021 00:56:13.952,6.482330000000001,6.481940000000001,1.1,1
24.08.2021 00:56:20.587,6.48232,6.48193,1.1,1
24.08.2021 00:56:20.764,6.48232,6.48187,1.2,1.5
24.08.2021 00:56:20.866,6.482290000000001,6.48187,1.6,1
24.08.2021 00:56:21.220,6.482290000000001,6.48187,1.6,1
24.08.2021 00:56:23.845,6.4822500000000005,6.48187,1,1
24.08.2021 00:56:23.987,6.48226,6.48186,1.1,1
24.08.2021 00:56:44.790,6.4823,6.48186,2.35,1
24.08.2021 00:56:44.894,6.48226,6.481800000000001,1.1,1
24.08.2021 00:56:44.945,6.4822500000000005,6.48181,1.1,1
24.08.2021 00:56:44.996,6.4822500000000005,6.48176,1.1,1
24.08.2021 00:56:45.046,6.48222,6.48174,1.1,1
24.08.2021 00:56:45.840,6.48222,6.48174,1.1,1
24.08.2021 00:56:47.191,6.48221,6.48174,1.2,1
24.08.2021 00:56:51.492,6.48216,6.48175,1.3,1
24.08.2021 00:56:51.663,6.48216,6.48175,1.3,1
24.08.2021 00:56:51.941,6.48216,6.48175,1.3,1
24.08.2021 00:56:55.426,6.48216,6.48175,1.2,1
24.08.2021 00:57:03.312,6.48216,6.48176,1.1,1.5
24.08.2021 00:57:03.362,6.48221,6.48181,1.6,1
24.08.2021 00:57:03.473,6.48222,6.48182,1,1
24.08.2021 00:57:03.523,6.48221,6.48187,1,1
24.08.2021 00:57:03.625,6.482330000000001,6.481990000000001,1,1
24.08.2021 00:57:03.776,6.482340000000001,6.48205,1,1
24.08.2021 00:57:03.878,6.482480000000001,6.48205,1.79,1
24.08.2021 00:57:03.979,6.48247,6.482060000000001,1.79,1
24.08.2021 00:57:04.080,6.482430000000001,6.482,1,1.5
24.08.2021 00:57:04.181,6.48245,6.481990000000001,1.1,1
24.08.2021 00:57:09.360,6.48245,6.481990000000001,1.6,1
24.08.2021 00:57:09.461,6.4824,6.482,1.6,1
24.08.2021 00:57:09.562,6.48237,6.482,1.6,1
24.08.2021 00:57:09.713,6.48237,6.482,1.6,1
24.08.2021 00:57:11.426,6.48236,6.482,1.2,1
24.08.2021 00:57:15.465,6.48236,6.482,1.2,1
24.08.2021 00:57:17.641,6.48237,6.481990000000001,1.2,1
24.08.2021 00:57:19.142,6.48237,6.481990000000001,1.2,1
24.08.2021 00:57:22.834,6.482340000000001,6.482,1.7,1
24.08.2021 00:57:22.935,6.4823,6.4818500000000006,1,1
24.08.2021 00:57:23.036,6.48231,6.48184,1,1
24.08.2021 00:57:23.896,6.482290000000001,6.48184,1.1,1
24.08.2021 00:57:25.355,6.4823,6.48181,1.1,1.5
24.08.2021 00:57:26.128,6.48228,6.48182,1.1,1.5
24.08.2021 00:57:27.871,6.48231,6.48182,1.6,1.5
24.08.2021 00:57:33.703,6.48226,6.48181,1,1
24.08.2021 00:57:36.227,6.48223,6.48182,1.1,1
24.08.2021 00:57:37.006,6.4822500000000005,6.48182,1,1
24.08.2021 00:57:55.808,6.48226,6.48181,1.5,1
24.08.2021 00:57:58.383,6.482200000000001,6.48181,1,1
24.08.2021 00:58:00.557,6.48217,6.4817100000000005,1.2,1.5
24.08.2021 00:58:00.607,6.48212,6.48172,1.6,1
24.08.2021 00:58:00.658,6.482130000000001,6.481680000000001,1.6,1
24.08.2021 00:58:00.759,6.482080000000001,6.481630000000001,1.6,1
24.08.2021 00:58:00.809,6.482060000000001,6.481630000000001,1.1,1
24.08.2021 00:58:00.910,6.48209,6.48162,1.6,1
24.08.2021 00:58:01.132,6.482,6.48161,1,1
24.08.2021 00:58:01.256,6.482,6.481580000000001,1,1.12
24.08.2021 00:58:02.131,6.4820400000000005,6.481580000000001,1.6,1
24.08.2021 00:58:02.283,6.48196,6.48157,1,1
24.08.2021 00:58:15.648,6.48191,6.481580000000001,1,1
24.08.2021 00:58:15.698,6.48187,6.4815000000000005,1,1
24.08.2021 00:58:15.749,6.4818500000000006,6.4815000000000005,1,1
24.08.2021 00:58:15.800,6.48186,6.48146,1,1
24.08.2021 00:58:15.850,6.48181,6.48146,1,1
24.08.2021 00:58:15.901,6.481800000000001,6.48142,1,1
24.08.2021 00:58:15.952,6.4817800000000005,6.48137,1,1
24.08.2021 00:58:16.053,6.4817,6.48137,1.1,1
24.08.2021 00:58:16.154,6.48169,6.4813600000000005,1.1,1
24.08.2021 00:58:16.205,6.48165,6.48125,1.1,1
24.08.2021 00:58:16.306,6.48167,6.481240000000001,1.1,1
24.08.2021 00:58:16.521,6.48167,6.481240000000001,1.1,1
24.08.2021 00:58:17.409,6.48161,6.48125,1.1,1
24.08.2021 00:58:18.493,6.481590000000001,6.48125,1.1,1
24.08.2021 00:58:21.180,6.48161,6.48125,1.1,1
24.08.2021 00:58:21.325,6.48167,6.48125,1.1,1
24.08.2021 00:58:21.426,6.48167,6.48126,1.1,1
24.08.2021 00:58:21.527,6.48153,6.48127,1,1
24.08.2021 00:58:21.654,6.48157,6.48127,1,1
24.08.2021 00:58:24.635,6.481580000000001,6.48127,1,1.1
24.08.2021 00:58:24.999,6.48157,6.4813,1,1.1
24.08.2021 00:58:25.050,6.48161,6.48132,1,1
24.08.2021 00:58:27.131,6.48161,6.4813600000000005,1,1
24.08.2021 00:58:31.825,6.48162,6.481310000000001,1,2.32
24.08.2021 00:58:31.980,6.481590000000001,6.481310000000001,1,1
24.08.2021 00:58:32.081,6.481540000000001,6.481310000000001,1,1
24.08.2021 00:58:32.131,6.481540000000001,6.48126,1,1.1
24.08.2021 00:58:32.312,6.481540000000001,6.48126,1,1.6
24.08.2021 00:58:32.413,6.4815000000000005,6.48126,1,1.1
24.08.2021 00:58:38.188,6.48156,6.48126,1,1.1
24.08.2021 00:58:48.035,6.48157,6.481230000000001,1,1.1
24.08.2021 00:58:48.743,6.481540000000001,6.481240000000001,1,1.1
24.08.2021 00:58:48.848,6.48153,6.48121,1,1.1
24.08.2021 00:58:49.672,6.481540000000001,6.48121,1,1.1
24.08.2021 00:58:49.773,6.48153,6.481230000000001,1,1.1
24.08.2021 00:58:50.695,6.481540000000001,6.481240000000001,1,1.1
24.08.2021 00:58:52.617,6.48153,6.481230000000001,1,1.1
24.08.2021 00:58:56.141,6.481580000000001,6.48122,1,1.1
24.08.2021 00:59:05.075,6.48157,6.48121,1,1.1
24.08.2021 00:59:05.233,6.481580000000001,6.481190000000001,1,1.1
24.08.2021 00:59:05.356,6.481590000000001,6.48115,1,1.1
24.08.2021 00:59:05.491,6.48157,6.48115,1,1.1
24.08.2021 00:59:05.657,6.48156,6.48115,1,1.1
24.08.2021 00:59:06.579,6.48155,6.48118,1,1.1
24.08.2021 00:59:07.419,6.48155,6.48121,1,1.1
24.08.2021 00:59:09.763,6.48155,6.481190000000001,1,1.1
24.08.2021 00:59:09.814,6.48152,6.48117,1,1.1
24.08.2021 00:59:09.965,6.48151,6.4811000000000005,1,1.7
24.08.2021 00:59:10.117,6.48147,6.48109,1,1.7
24.08.2021 00:59:10.219,6.481400000000001,6.48106,1,1.1
24.08.2021 00:59:10.320,6.48134,6.48107,1,1.1
24.08.2021 00:59:11.132,6.48135,6.48104,1,1.1
24.08.2021 00:59:14.710,6.48135,6.48106,1,1.1
24.08.2021 00:59:15.630,6.481380000000001,6.48106,1,1.1
24.08.2021 00:59:17.561,6.481380000000001,6.48109,1,1.1
24.08.2021 00:59:17.611,6.48147,6.48108,1,1.1
24.08.2021 00:59:17.662,6.481540000000001,6.481240000000001,1,1.5
24.08.2021 00:59:17.713,6.48167,6.48134,1.5,1
24.08.2021 00:59:17.814,6.481730000000001,6.48134,1,1
24.08.2021 00:59:17.870,6.48177,6.48134,1,1
24.08.2021 00:59:17.971,6.481800000000001,6.48134,1.5,1.62
24.08.2021 00:59:18.524,6.48175,6.4814300000000005,1,1.12
24.08.2021 00:59:22.011,6.48174,6.48139,1,1.6
24.08.2021 00:59:23.818,6.48167,6.48135,1,1
24.08.2021 00:59:23.970,6.48166,6.48132,1,1
24.08.2021 00:59:24.172,6.481680000000001,6.481280000000001,1.5,1.35
24.08.2021 00:59:24.922,6.4817,6.4813,1,1.35
24.08.2021 00:59:24.973,6.48172,6.4813,1,1.35
24.08.2021 00:59:25.137,6.4817,6.4813,1,1.35
24.08.2021 00:59:26.939,6.48172,6.4813600000000005,1,1.25
24.08.2021 00:59:31.998,6.48172,6.48135,1,1.6
24.08.2021 00:59:33.205,6.4817100000000005,6.48135,1,1.6
24.08.2021 00:59:40.506,6.48175,6.4813600000000005,1.5,1.5
24.08.2021 00:59:40.658,6.481800000000001,6.4814300000000005,1,1.12
24.08.2021 00:59:40.813,6.481800000000001,6.48146,1,1
24.08.2021 00:59:42.085,6.48179,6.48151,1,1.1
24.08.2021 00:59:42.734,6.481800000000001,6.48148,1,1.1
24.08.2021 00:59:43.936,6.481800000000001,6.48141,1,1.6
24.08.2021 00:59:44.037,6.481800000000001,6.48141,1,1.35
24.08.2021 00:59:44.239,6.48169,6.4813600000000005,1,1.25
24.08.2021 00:59:44.340,6.48161,6.48127,1,1.5
24.08.2021 00:59:44.391,6.48165,6.4813600000000005,1,1
24.08.2021 00:59:44.585,6.48165,6.48126,1,1.5
24.08.2021 00:59:44.686,6.4816400000000005,6.48126,1,1.1
24.08.2021 00:59:44.737,6.48167,6.4813,1,1
24.08.2021 00:59:45.484,6.48166,6.48132,1,1
24.08.2021 00:59:45.897,6.48166,6.481380000000001,1,1.1
24.08.2021 00:59:46.414,6.48166,6.481400000000001,1,1.1
24.08.2021 00:59:46.563,6.48167,6.481400000000001,1,1.1
24.08.2021 00:59:48.497,6.48167,6.48142,1,1.1
24.08.2021 00:59:49.611,6.48169,6.48142,1,1.1
24.08.2021 00:59:49.817,6.48169,6.4813600000000005,1,2
24.08.2021 00:59:49.868,6.48169,6.48146,1,1
24.08.2021 00:59:49.987,6.481680000000001,6.48146,1,1
24.08.2021 00:59:50.088,6.48169,6.4813600000000005,1,1.5
24.08.2021 00:59:50.138,6.48169,6.48142,1,1
24.08.2021 00:59:50.289,6.481680000000001,6.48147,1.5,1
24.08.2021 00:59:50.341,6.48167,6.4814300000000005,1,1
24.08.2021 00:59:50.442,6.481580000000001,6.4813600000000005,1,1
24.08.2021 00:59:50.492,6.48156,6.481330000000001,1,1.1
24.08.2021 00:59:50.593,6.48155,6.481330000000001,1,1.1
24.08.2021 00:59:55.998,6.481540000000001,6.48132,1,1.1
24.08.2021 00:59:56.095,6.48155,6.48129,1,1.1
24.08.2021 00:59:59.553,6.48155,6.481310000000001,1,1.1
24.08.2021 01:00:00.109,6.48157,6.481310000000001,1,1.1
24.08.2021 01:00:00.809,6.48156,6.4813,1,1.1
24.08.2021 01:00:01.112,6.48152,6.481280000000001,1,1.1
24.08.2021 01:00:01.378,6.48153,6.481230000000001,1,1.5
24.08.2021 01:00:01.479,6.48165,6.481310000000001,1,1.5
24.08.2021 01:00:01.529,6.4817,6.48148,1,1.5
24.08.2021 01:00:01.580,6.48177,6.48155,1,1
24.08.2021 01:00:01.631,6.48176,6.48152,1,1
24.08.2021 01:00:01.731,6.48177,6.48162,1,1
24.08.2021 01:00:01.782,6.48172,6.48147,1,2.75
24.08.2021 01:00:01.883,6.48175,6.48156,1,1
24.08.2021 01:00:01.984,6.48186,6.48166,1,1
24.08.2021 01:00:02.085,6.48188,6.481630000000001,1,1
24.08.2021 01:00:02.135,6.48193,6.4817,1.5,1
24.08.2021 01:00:02.186,6.48192,6.4816400000000005,1,1
24.08.2021 01:00:02.287,6.481940000000001,6.481630000000001,1,1
24.08.2021 01:00:02.488,6.48193,6.4816400000000005,1,1.5
24.08.2021 01:00:02.538,6.481940000000001,6.48172,1,1
24.08.2021 01:00:02.589,6.48193,6.4816400000000005,1,1
24.08.2021 01:00:02.690,6.481940000000001,6.48172,1,1
24.08.2021 01:00:02.791,6.48193,6.48172,1,1.5
24.08.2021 01:00:02.892,6.482030000000001,6.48179,1,1
24.08.2021 01:00:02.992,6.48205,6.48169,1,1.5
24.08.2021 01:00:03.043,6.48205,6.48181,1,1
24.08.2021 01:00:03.093,6.48205,6.48175,1,1
24.08.2021 01:00:03.225,6.4820400000000005,6.48177,1,1
24.08.2021 01:00:03.326,6.4820400000000005,6.4817800000000005,1,1
24.08.2021 01:00:03.527,6.48207,6.48177,1,1
24.08.2021 01:00:03.578,6.48207,6.48181,1,1
24.08.2021 01:00:03.628,6.482060000000001,6.481730000000001,1,1
24.08.2021 01:00:03.729,6.4820400000000005,6.48167,1,1.87
24.08.2021 01:00:03.780,6.482030000000001,6.48165,1,1
24.08.2021 01:00:03.891,6.481990000000001,6.48186,1,1
24.08.2021 01:00:03.941,6.48205,6.48176,1,1
24.08.2021 01:00:04.042,6.48201,6.48175,1,1
24.08.2021 01:00:04.462,6.48201,6.481590000000001,1,1
24.08.2021 01:00:04.563,6.482,6.4816,1,1
24.08.2021 01:00:04.749,6.481990000000001,6.4816,1,1
24.08.2021 01:00:05.072,6.481980000000001,6.48166,1,1
24.08.2021 01:00:05.223,6.481990000000001,6.4816,1,1
24.08.2021 01:00:05.324,6.48193,6.48161,1,1
24.08.2021 01:00:05.425,6.48193,6.48153,1,1
24.08.2021 01:00:05.476,6.48192,6.48152,1,1.5
24.08.2021 01:00:05.577,6.48192,6.48151,1,1
24.08.2021 01:00:05.627,6.481890000000001,6.48152,1,1
24.08.2021 01:00:05.728,6.4819,6.48151,1,1
24.08.2021 01:00:05.829,6.481890000000001,6.4815000000000005,1,1
24.08.2021 01:00:05.980,6.48188,6.481490000000001,1,1
24.08.2021 01:00:06.030,6.48187,6.48144,1,1
24.08.2021 01:00:06.654,6.48188,6.48152,1,1
24.08.2021 01:00:06.755,6.48188,6.48156,1,1
24.08.2021 01:00:06.805,6.481890000000001,6.48153,1,1
24.08.2021 01:00:06.856,6.48187,6.48144,1,1
24.08.2021 01:00:06.985,6.48188,6.48146,1,1.5
24.08.2021 01:00:07.171,6.48188,6.48146,1,1.5
24.08.2021 01:00:07.221,6.48188,6.48155,1,1
24.08.2021 01:00:08.349,6.48188,6.48146,1,1.6
24.08.2021 01:00:08.399,6.48187,6.48147,1,2.1
24.08.2021 01:00:08.450,6.4819,6.48147,1,2.1
24.08.2021 01:00:08.551,6.48191,6.4816,1,1
24.08.2021 01:00:08.652,6.4819,6.48153,1,1
24.08.2021 01:00:08.753,6.4819,6.48152,1,1.12
24.08.2021 01:00:09.775,6.481890000000001,6.48156,1,1
24.08.2021 01:00:09.944,6.4819,6.48153,1,1
24.08.2021 01:00:09.994,6.48184,6.48147,1,1
24.08.2021 01:00:10.045,6.48184,6.48147,1,1
24.08.2021 01:00:10.282,6.48184,6.48166,1,1
24.08.2021 01:00:10.333,6.4819,6.48165,1,1
24.08.2021 01:00:10.383,6.48195,6.48176,1,1
24.08.2021 01:00:10.484,6.481940000000001,6.48166,1,1
24.08.2021 01:00:10.535,6.48195,6.4817100000000005,1,1
24.08.2021 01:00:10.586,6.481980000000001,6.48166,1,1.5
24.08.2021 01:00:10.687,6.4819700000000005,6.48166,1,1
24.08.2021 01:00:10.839,6.48192,6.48166,1,1
24.08.2021 01:00:10.940,6.48192,6.48155,1,1.12
24.08.2021 01:00:10.990,6.48188,6.48156,1,1
24.08.2021 01:00:11.041,6.48186,6.4815000000000005,1,1
24.08.2021 01:00:11.142,6.48187,6.481490000000001,1,1
24.08.2021 01:00:11.271,6.48186,6.48157,1,1
24.08.2021 01:00:11.373,6.48192,6.4816400000000005,1,1
24.08.2021 01:00:11.474,6.48192,6.48169,1,1
24.08.2021 01:00:11.625,6.481980000000001,6.4817,1,1
24.08.2021 01:00:11.676,6.481990000000001,6.48169,1,1
24.08.2021 01:00:15.581,6.481990000000001,6.48174,1,1.5
24.08.2021 01:00:15.632,6.482,6.48169,1,1
24.08.2021 01:00:15.733,6.482030000000001,6.48177,1,1
24.08.2021 01:00:15.783,6.482060000000001,6.48179,1,1
