Gmt time,Ask,Bid,AskVolume,BidVolume
03.08.2021 00:00:00.146,0.9053700000000001,0.9052700000000001,1,1
03.08.2021 00:00:00.248,0.90538,0.9052700000000001,2.14,1
03.08.2021 00:00:03.617,0.90538,0.9052700000000001,2.26,1
03.08.2021 00:00:04.098,0.90536,0.9052600000000001,1,1
03.08.2021 00:00:24.808,0.9053700000000001,0.9052700000000001,1,1
03.08.2021 00:00:51.576,0.9053700000000001,0.90525,1,1
03.08.2021 00:01:13.179,0.90535,0.90525,2.44,1.95
03.08.2021 00:01:13.331,0.90536,0.9052600000000001,1.69,1
03.08.2021 00:01:13.432,0.90535,0.90525,2.06,1.12
03.08.2021 00:01:13.533,0.90535,0.90524,2.87,2.45
03.08.2021 00:01:13.634,0.90535,0.90525,2.25,1.12
03.08.2021 00:01:15.452,0.90536,0.90524,1,2.5
03.08.2021 00:01:15.589,0.90535,0.90525,1,1.12
03.08.2021 00:01:17.010,0.90535,0.90525,1,2.12
03.08.2021 00:01:17.111,0.90535,0.90525,1,1
03.08.2021 00:01:17.364,0.90535,0.90525,1,2.12
03.08.2021 00:01:17.465,0.90535,0.90525,1,1
03.08.2021 00:01:18.122,0.90535,0.90525,1,2.12
03.08.2021 00:01:18.223,0.90535,0.90525,1,1
03.08.2021 00:01:18.628,0.90535,0.90525,1,1.75
03.08.2021 00:01:18.729,0.90535,0.90525,1,1
03.08.2021 00:01:19.538,0.90535,0.90525,1,1.75
03.08.2021 00:01:19.690,0.90536,0.90524,1,1
03.08.2021 00:01:20.600,0.90535,0.90525,1,2.5
03.08.2021 00:01:20.701,0.90535,0.90525,1,1.12
03.08.2021 00:01:24.901,0.90535,0.9052600000000001,1,1
03.08.2021 00:01:25.567,0.90535,0.90525,1.5,1.12
03.08.2021 00:01:25.820,0.90535,0.90525,1,2.12
03.08.2021 00:01:25.921,0.90535,0.90525,1,1.12
03.08.2021 00:01:26.325,0.90534,0.90524,1,3.95
03.08.2021 00:01:26.427,0.90535,0.90525,3.19,1
03.08.2021 00:01:26.528,0.90536,0.90525,3.56,1
03.08.2021 00:01:27.044,0.90534,0.9052600000000001,1,1
03.08.2021 00:01:27.095,0.9053100000000001,0.9052200000000001,1,2.19
03.08.2021 00:01:27.196,0.9053,0.9052200000000001,1,1
03.08.2021 00:01:27.348,0.9053100000000001,0.9052,1,1
03.08.2021 00:01:28.585,0.90529,0.9052,1,2.51
03.08.2021 00:01:29.298,0.90529,0.90519,1.69,1
03.08.2021 00:01:30.010,0.90528,0.90519,1,1.5
03.08.2021 00:01:45.674,0.9053200000000001,0.90524,1.5,1.12
03.08.2021 00:01:45.725,0.90534,0.90525,1,1
03.08.2021 00:01:45.826,0.90536,0.9052600000000001,1.69,1
03.08.2021 00:01:45.927,0.9053700000000001,0.9052600000000001,1.69,1.1
03.08.2021 00:01:46.029,0.90539,0.9052700000000001,1.5,1.12
03.08.2021 00:01:46.745,0.9053700000000001,0.90528,1,1
03.08.2021 00:01:52.078,0.9053700000000001,0.9052700000000001,2.06,1
03.08.2021 00:02:04.213,0.9053700000000001,0.9052600000000001,1,1
03.08.2021 00:02:06.325,0.90538,0.9052600000000001,1.25,2.82
03.08.2021 00:02:06.729,0.90538,0.9052600000000001,1.01,1.87
03.08.2021 00:02:06.951,0.90538,0.9052600000000001,1,2.95
03.08.2021 00:02:07.052,0.90538,0.9052600000000001,1.25,1.2
03.08.2021 00:02:08.016,0.90538,0.9052600000000001,1,3.14
03.08.2021 00:02:08.131,0.90538,0.9052600000000001,1.25,1.95
03.08.2021 00:02:10.569,0.90538,0.9052600000000001,1,2.39
03.08.2021 00:02:10.670,0.90538,0.9052600000000001,1.25,1.2
03.08.2021 00:02:10.923,0.90539,0.9052600000000001,1,1.25
03.08.2021 00:02:13.125,0.90539,0.9052700000000001,1.2,1.69
03.08.2021 00:02:13.378,0.90539,0.9052700000000001,2.57,1
03.08.2021 00:02:15.267,0.90538,0.90528,1.39,1
03.08.2021 00:02:15.318,0.90539,0.9052600000000001,3.47,1.87
03.08.2021 00:02:16.300,0.9054000000000001,0.90528,1.79,1.62
03.08.2021 00:02:16.402,0.90539,0.9052700000000001,1.82,1.57
03.08.2021 00:02:16.815,0.90539,0.9052600000000001,3.41,2.89
03.08.2021 00:02:20.872,0.90539,0.90524,3.32,1.41
03.08.2021 00:02:23.397,0.90538,0.90525,2.51,1.41
03.08.2021 00:02:24.455,0.9053700000000001,0.9052600000000001,1,1.1
03.08.2021 00:02:26.083,0.90539,0.90524,1.39,3.1
03.08.2021 00:02:35.568,0.9053700000000001,0.9052700000000001,1,1
03.08.2021 00:03:08.334,0.90538,0.90524,1.25,1.41
03.08.2021 00:03:08.825,0.90536,0.9052600000000001,1,1.1
03.08.2021 00:03:09.653,0.9053700000000001,0.9052700000000001,1,1.5
03.08.2021 00:04:44.931,0.9053700000000001,0.9052700000000001,1,2.12
03.08.2021 00:04:45.032,0.9053700000000001,0.9052700000000001,1,1
03.08.2021 00:04:47.631,0.9053700000000001,0.9052700000000001,1,2.12
03.08.2021 00:04:47.733,0.9053700000000001,0.9052700000000001,1,1
03.08.2021 00:04:49.483,0.9053700000000001,0.9052700000000001,1,2.2
03.08.2021 00:04:49.584,0.9053700000000001,0.9052700000000001,1,1.1
03.08.2021 00:04:49.685,0.90539,0.9052700000000001,1.5,1.25
03.08.2021 00:04:49.888,0.90539,0.90529,1,1.25
03.08.2021 00:04:50.140,0.9054000000000001,0.9053,1.5,1
03.08.2021 00:04:55.236,0.9054000000000001,0.9053,1,2.2
03.08.2021 00:04:55.338,0.9054000000000001,0.9053,1,1.2
03.08.2021 00:05:02.487,0.90541,0.9053100000000001,1,1
03.08.2021 00:05:07.882,0.9054200000000001,0.9053100000000001,1.69,1
03.08.2021 00:05:08.847,0.90541,0.9053100000000001,1,1
03.08.2021 00:05:12.992,0.90539,0.9053,1,1.12
03.08.2021 00:05:13.144,0.9054000000000001,0.9053,1.69,1.5
03.08.2021 00:05:15.235,0.9054000000000001,0.9053100000000001,1,1
03.08.2021 00:05:17.842,0.9054000000000001,0.9053,1.5,1.5
03.08.2021 00:05:18.246,0.90539,0.9053,1,1.5
03.08.2021 00:05:18.347,0.90541,0.9053,1.25,1
03.08.2021 00:05:18.499,0.9054000000000001,0.9053,1.69,1.5
03.08.2021 00:05:21.025,0.90539,0.9053,1,1.5
03.08.2021 00:05:21.126,0.9054000000000001,0.9053,1.5,1.5
03.08.2021 00:05:22.476,0.90539,0.9053,1,1.5
03.08.2021 00:05:22.577,0.9054000000000001,0.9053,1.69,1.5
03.08.2021 00:05:23.486,0.9054000000000001,0.9053100000000001,1,1
03.08.2021 00:05:25.020,0.9054000000000001,0.9053,1.69,1.5
03.08.2021 00:05:29.592,0.90539,0.9053,1.25,1
03.08.2021 00:05:29.694,0.9054000000000001,0.9053,1.5,2.44
03.08.2021 00:05:29.795,0.90538,0.90529,1.5,1
03.08.2021 00:05:30.199,0.90538,0.90528,1.5,1.87
03.08.2021 00:05:35.582,0.90538,0.90529,1,1
03.08.2021 00:05:39.896,0.90539,0.90529,1.5,1
03.08.2021 00:05:40.200,0.9053700000000001,0.90528,1,1
03.08.2021 00:05:40.301,0.90538,0.90528,1,1.5
03.08.2021 00:05:50.695,0.9054000000000001,0.9053100000000001,2.25,1.5
03.08.2021 00:05:55.904,0.90541,0.9053100000000001,2.25,2.25
03.08.2021 00:06:11.532,0.9054000000000001,0.9053100000000001,1,2.25
03.08.2021 00:06:11.634,0.90541,0.9053100000000001,2.25,2.25
03.08.2021 00:06:23.358,0.9054000000000001,0.9053100000000001,1,1
03.08.2021 00:06:27.994,0.90541,0.90529,1,1.25
03.08.2021 00:06:33.334,0.9054000000000001,0.9053100000000001,1,1
03.08.2021 00:06:40.737,0.90539,0.9053100000000001,1,1
03.08.2021 00:06:40.839,0.90541,0.9053,1,1
03.08.2021 00:06:50.545,0.90539,0.9053100000000001,1,1
03.08.2021 00:06:53.137,0.90541,0.9053,1,1
03.08.2021 00:06:55.968,0.90539,0.9053100000000001,1,1
03.08.2021 00:07:07.930,0.90541,0.9053,1,1
03.08.2021 00:07:15.351,0.90539,0.9053100000000001,1,1
03.08.2021 00:07:16.374,0.9054000000000001,0.9053100000000001,1,1
03.08.2021 00:07:28.366,0.9054000000000001,0.9053,1,1.57
03.08.2021 00:07:33.108,0.9054000000000001,0.9053100000000001,1,1
03.08.2021 00:08:03.133,0.9054000000000001,0.9053,1,2.51
03.08.2021 00:08:31.479,0.90541,0.90533,2.25,1
03.08.2021 00:08:31.580,0.9054200000000001,0.90535,1.5,1
03.08.2021 00:08:31.631,0.90544,0.90535,2.25,1
03.08.2021 00:08:32.688,0.90543,0.90534,1,1.5
03.08.2021 00:08:34.083,0.90543,0.90535,1,1
03.08.2021 00:08:34.184,0.9054500000000001,0.90534,2.25,1
03.08.2021 00:09:15.355,0.9054500000000001,0.90535,2.25,1.5
03.08.2021 00:09:27.238,0.9054500000000001,0.90536,2.25,1
03.08.2021 00:09:53.409,0.90544,0.90535,1,1.5
03.08.2021 00:10:09.741,0.9054500000000001,0.90536,2.25,1
03.08.2021 00:10:48.094,0.90543,0.90536,1,1
03.08.2021 00:10:48.195,0.90544,0.90536,1.5,1
03.08.2021 00:10:48.891,0.90541,0.9053200000000001,1.5,1
03.08.2021 00:10:50.670,0.90539,0.9053200000000001,1.1,1
03.08.2021 00:10:50.720,0.90538,0.90528,1,1.87
03.08.2021 00:10:50.822,0.9053700000000001,0.90528,1,1.25
03.08.2021 00:10:58.891,0.9053700000000001,0.9052700000000001,1.5,1.57
03.08.2021 00:11:14.134,0.90538,0.9052600000000001,1.5,2.57
03.08.2021 00:11:14.236,0.9053700000000001,0.9052700000000001,1.5,1.76
03.08.2021 00:11:14.492,0.9053700000000001,0.9052700000000001,1.5,2.57
03.08.2021 00:11:14.594,0.9053700000000001,0.9052700000000001,1.5,1.76
03.08.2021 00:11:15.442,0.9053700000000001,0.9052700000000001,1.5,2.57
03.08.2021 00:11:15.545,0.9053700000000001,0.9052700000000001,1.5,1.76
03.08.2021 00:11:16.712,0.9053700000000001,0.9052700000000001,1.5,2.57
03.08.2021 00:11:16.814,0.9053700000000001,0.9052700000000001,1.5,1.76
03.08.2021 00:11:47.446,0.90536,0.9052700000000001,1,1.57
03.08.2021 00:11:48.342,0.90536,0.90525,1,1.5
03.08.2021 00:11:48.443,0.90533,0.90523,1.25,1.12
03.08.2021 00:11:48.544,0.90533,0.9052200000000001,1.5,1.5
03.08.2021 00:11:54.302,0.90535,0.90524,1.25,1
03.08.2021 00:11:54.403,0.90535,0.90525,1.5,1.5
03.08.2021 00:11:54.605,0.90533,0.90523,1.5,4.2
03.08.2021 00:11:58.898,0.9053200000000001,0.90523,1,1.5
03.08.2021 00:12:04.917,0.90533,0.90523,2.25,1.57
03.08.2021 00:12:32.633,0.9053100000000001,0.90523,1,1
03.08.2021 00:12:32.734,0.90529,0.9052200000000001,1,1
03.08.2021 00:12:32.785,0.90529,0.9052,1,1.5
03.08.2021 00:12:44.580,0.9053100000000001,0.90523,1.5,2.25
03.08.2021 00:12:44.681,0.9053200000000001,0.90524,2.25,1
03.08.2021 00:12:44.783,0.9053200000000001,0.90525,1,1
03.08.2021 00:12:44.884,0.90533,0.90525,1,1
03.08.2021 00:12:46.703,0.9053200000000001,0.90525,1,1
03.08.2021 00:12:46.804,0.90533,0.90524,2.51,1
03.08.2021 00:12:46.905,0.90533,0.90525,1.57,1
03.08.2021 00:12:47.007,0.90533,0.90524,2.25,1
03.08.2021 00:12:47.209,0.90533,0.90525,1.5,1
03.08.2021 00:12:49.382,0.90533,0.90524,1.5,1
03.08.2021 00:12:50.487,0.9053200000000001,0.90523,1,1.1
03.08.2021 00:12:50.589,0.9053,0.9052200000000001,1,1.1
03.08.2021 00:12:50.639,0.9053,0.9052,1.5,1.76
03.08.2021 00:13:04.238,0.9053,0.90519,1,1.5
03.08.2021 00:13:16.958,0.90528,0.9052,1,1
03.08.2021 00:14:01.400,0.90528,0.90518,1.69,1.1
03.08.2021 00:14:49.371,0.90528,0.90519,1,1.1
03.08.2021 00:15:04.597,0.90528,0.90518,1,1.57
03.08.2021 00:15:04.850,0.90528,0.90518,1,1.6
03.08.2021 00:15:04.951,0.90528,0.90518,1,1.57
03.08.2021 00:15:05.052,0.90528,0.90518,1,1.6
03.08.2021 00:15:05.153,0.90528,0.90518,1,1.57
03.08.2021 00:15:05.355,0.90528,0.90518,1,1.6
03.08.2021 00:15:05.456,0.90528,0.90518,1,1.57
03.08.2021 00:15:05.608,0.90528,0.90518,1,1.6
03.08.2021 00:15:05.710,0.90528,0.90518,1,1.57
03.08.2021 00:15:06.013,0.90528,0.90518,1,1.6
03.08.2021 00:15:06.114,0.90528,0.90518,1,1.57
03.08.2021 00:15:06.876,0.90528,0.90518,1,1.6
03.08.2021 00:15:07.027,0.90528,0.90518,1,1.57
03.08.2021 00:15:07.482,0.90528,0.90518,1,1.6
03.08.2021 00:15:07.583,0.90528,0.90518,1,1.57
03.08.2021 00:15:08.088,0.90528,0.90518,1,1.6
03.08.2021 00:15:08.190,0.90528,0.90518,1,1.57
03.08.2021 00:15:08.796,0.90528,0.90518,1,1.6
03.08.2021 00:15:08.897,0.90528,0.90518,1,1.57
03.08.2021 00:15:09.402,0.90529,0.90518,2.32,1.57
03.08.2021 00:15:10.626,0.90529,0.90518,2.76,1.57
03.08.2021 00:15:10.728,0.90529,0.90518,2.51,1.57
03.08.2021 00:15:11.877,0.90529,0.90518,2.76,1.57
03.08.2021 00:15:11.979,0.90529,0.90518,2.51,1.57
03.08.2021 00:15:12.131,0.90529,0.90518,2.76,1.57
03.08.2021 00:15:12.232,0.90529,0.90518,2.32,1.57
03.08.2021 00:15:12.915,0.90529,0.90518,2.76,1.57
03.08.2021 00:15:13.016,0.90529,0.90518,2.51,1.57
03.08.2021 00:15:15.463,0.90528,0.90518,1,1.57
03.08.2021 00:15:19.371,0.90528,0.90518,1,1.6
03.08.2021 00:15:19.475,0.90528,0.90518,1,1.57
03.08.2021 00:15:32.817,0.90528,0.90518,1,1.6
03.08.2021 00:15:32.919,0.90528,0.90518,1,1.57
03.08.2021 00:15:33.732,0.90529,0.9051700000000001,1,1.6
03.08.2021 00:15:33.834,0.90528,0.90518,1,1.57
03.08.2021 00:15:35.845,0.90528,0.90518,1,1.6
03.08.2021 00:15:35.998,0.90528,0.90518,1,1.57
03.08.2021 00:16:08.935,0.90529,0.90518,2.25,2.16
03.08.2021 00:16:11.820,0.90529,0.90519,1.82,1.5
03.08.2021 00:16:11.921,0.90528,0.90518,1,1.1
03.08.2021 00:16:13.676,0.90528,0.90518,1,1.6
03.08.2021 00:16:13.778,0.90528,0.90518,1,1.57
03.08.2021 00:16:26.790,0.90528,0.90518,1,1.6
03.08.2021 00:16:26.942,0.90528,0.90518,1,1.57
03.08.2021 00:16:27.094,0.90528,0.90518,1,1.6
03.08.2021 00:16:27.196,0.90529,0.9051700000000001,1,1.57
03.08.2021 00:16:27.670,0.90528,0.90518,1,1.6
03.08.2021 00:16:27.771,0.90528,0.90518,1,1.57
03.08.2021 00:16:28.024,0.90528,0.90518,1,1.6
03.08.2021 00:16:28.125,0.90529,0.9051700000000001,1,1.57
03.08.2021 00:16:28.328,0.90528,0.90518,1,1.6
03.08.2021 00:16:28.429,0.90529,0.9051700000000001,1,1.57
03.08.2021 00:16:29.539,0.90529,0.9051700000000001,1,1.6
03.08.2021 00:16:29.691,0.90528,0.90518,1,1.57
03.08.2021 00:16:29.843,0.90529,0.9051700000000001,1,1.6
03.08.2021 00:16:29.944,0.90528,0.90518,1,1.57
03.08.2021 00:16:30.652,0.90528,0.90518,1,1.6
03.08.2021 00:16:30.803,0.90528,0.90518,1,1.57
03.08.2021 00:16:31.971,0.90528,0.90518,1,1.6
03.08.2021 00:16:32.073,0.90528,0.90518,1,1.57
03.08.2021 00:16:32.224,0.90528,0.90518,1,1.6
03.08.2021 00:16:32.326,0.90528,0.90518,1,1.57
03.08.2021 00:16:32.629,0.90528,0.90518,1,1.6
03.08.2021 00:16:32.781,0.90528,0.90518,1,1.57
03.08.2021 00:16:32.933,0.90529,0.9051700000000001,1,1.6
03.08.2021 00:16:33.034,0.90529,0.9051700000000001,1,1.57
03.08.2021 00:16:33.590,0.90528,0.90518,1,1.6
03.08.2021 00:16:33.692,0.90528,0.90518,1,1.57
03.08.2021 00:16:33.944,0.90528,0.90518,1,1.6
03.08.2021 00:16:34.046,0.90528,0.90518,1,1.57
03.08.2021 00:16:34.451,0.90528,0.90518,1,1.6
03.08.2021 00:16:34.553,0.90528,0.90518,1,1.57
03.08.2021 00:16:34.654,0.90528,0.90518,1,1.6
03.08.2021 00:16:34.755,0.90528,0.90518,1,1.57
03.08.2021 00:16:34.958,0.90529,0.9051700000000001,1,1.6
03.08.2021 00:16:35.059,0.90528,0.90518,1,1.57
03.08.2021 00:16:35.363,0.90528,0.90518,1,1.6
03.08.2021 00:16:35.515,0.90529,0.9051700000000001,1,1.57
03.08.2021 00:16:36.223,0.90528,0.90518,1,1.6
03.08.2021 00:16:36.375,0.90528,0.90518,1,1.57
03.08.2021 00:16:37.136,0.90528,0.90518,1,1.6
03.08.2021 00:16:37.338,0.90528,0.90518,1,1.57
03.08.2021 00:16:37.641,0.90528,0.90518,1,1.6
03.08.2021 00:16:37.793,0.90528,0.90518,1,1.57
03.08.2021 00:16:37.996,0.90528,0.90518,1,1.6
03.08.2021 00:16:38.097,0.90528,0.90518,1,1.57
03.08.2021 00:16:38.198,0.90528,0.90518,1,1.6
03.08.2021 00:16:38.351,0.90528,0.90518,1,1.57
03.08.2021 00:16:38.960,0.90528,0.90518,1,1.6
03.08.2021 00:16:39.113,0.90528,0.90518,1,1.57
03.08.2021 00:16:39.721,0.90528,0.90518,1,1.6
03.08.2021 00:16:39.822,0.90528,0.90518,1,1.57
03.08.2021 00:16:40.482,0.90528,0.90518,1,1.6
03.08.2021 00:16:40.584,0.90528,0.90518,1,1.57
03.08.2021 00:16:41.041,0.90528,0.90518,1,1.6
03.08.2021 00:16:41.143,0.90529,0.9051700000000001,1,1.57
03.08.2021 00:16:41.902,0.90528,0.90518,1,1.6
03.08.2021 00:16:42.004,0.90528,0.90518,1,1.57
03.08.2021 00:16:42.869,0.90528,0.90518,1,1.6
03.08.2021 00:16:42.970,0.90528,0.90518,1,1.57
03.08.2021 00:16:43.122,0.90528,0.90518,1,1.6
03.08.2021 00:16:43.225,0.90528,0.90518,1,1.57
03.08.2021 00:16:43.427,0.90528,0.90518,1,1.6
03.08.2021 00:16:43.528,0.90528,0.90518,1,1.57
03.08.2021 00:16:43.630,0.90528,0.90518,1,1.6
03.08.2021 00:16:43.832,0.90528,0.90518,1,1.57
03.08.2021 00:16:44.138,0.90528,0.90518,1,1.6
03.08.2021 00:16:44.239,0.90529,0.9051700000000001,1,1.57
03.08.2021 00:16:44.694,0.90528,0.90518,1,1.97
03.08.2021 00:16:44.896,0.90529,0.9051700000000001,1,1.57
03.08.2021 00:16:45.098,0.90528,0.90518,1,1.6
03.08.2021 00:16:45.199,0.90528,0.90518,1,1.57
03.08.2021 00:16:45.654,0.90528,0.90518,1,1.6
03.08.2021 00:16:45.755,0.90528,0.90518,1,1.57
03.08.2021 00:16:46.109,0.90528,0.90518,1,1.6
03.08.2021 00:16:46.261,0.90528,0.90518,1,1.95
03.08.2021 00:16:46.363,0.90529,0.9051700000000001,1,1.97
03.08.2021 00:16:46.480,0.90528,0.90518,1,1.95
03.08.2021 00:16:46.783,0.90528,0.90518,1,1.97
03.08.2021 00:16:46.884,0.90528,0.90518,1,1.57
03.08.2021 00:16:46.986,0.90528,0.90518,1,1.6
03.08.2021 00:16:47.088,0.90528,0.90518,1,1.57
03.08.2021 00:16:47.392,0.90528,0.90518,1,1.6
03.08.2021 00:16:47.544,0.90528,0.90518,1,1.57
03.08.2021 00:16:48.096,0.90529,0.90518,1.57,1.95
03.08.2021 00:16:48.350,0.90529,0.90518,1.5,1.97
03.08.2021 00:16:48.452,0.90529,0.90518,1.57,1.57
03.08.2021 00:16:48.808,0.90529,0.90518,1.5,1.97
03.08.2021 00:16:48.910,0.90529,0.90518,1.57,1.95
03.08.2021 00:16:49.598,0.90529,0.90518,1.5,1.6
03.08.2021 00:16:49.750,0.90529,0.90518,1.76,1.57
03.08.2021 00:16:49.952,0.90529,0.90518,1.5,1.6
03.08.2021 00:16:50.104,0.90529,0.90518,1.76,1.57
03.08.2021 00:16:50.206,0.90529,0.90518,1.5,1.97
03.08.2021 00:16:50.358,0.90529,0.90518,1.76,1.95
03.08.2021 00:16:50.510,0.90529,0.90518,1.5,1.6
03.08.2021 00:16:50.662,0.90529,0.90518,1.57,1.57
03.08.2021 00:16:51.217,0.90529,0.90518,1.5,1.6
03.08.2021 00:16:51.318,0.90529,0.90518,1.57,1.57
03.08.2021 00:16:51.824,0.90529,0.90518,1.5,1.6
03.08.2021 00:16:51.926,0.90529,0.90518,1.57,1.57
03.08.2021 00:16:52.078,0.90529,0.90518,1.5,1.6
03.08.2021 00:16:52.179,0.90529,0.90518,1.57,1.57
03.08.2021 00:16:52.483,0.90529,0.90518,1.5,1.6
03.08.2021 00:16:52.584,0.90529,0.90518,1.76,1.57
03.08.2021 00:16:52.635,0.90528,0.9051700000000001,1,1.1
03.08.2021 00:17:03.389,0.90524,0.9051600000000001,1,1
03.08.2021 00:17:04.003,0.90524,0.90515,1,1.95
03.08.2021 00:17:08.637,0.90523,0.90515,1,1.95
03.08.2021 00:17:09.192,0.90525,0.90515,1.5,1.95
03.08.2021 00:17:18.695,0.9052700000000001,0.90518,1,1.25
03.08.2021 00:17:18.797,0.90528,0.90518,1,1.57
03.08.2021 00:17:21.031,0.9052700000000001,0.9051700000000001,1.76,1
03.08.2021 00:17:21.186,0.9052600000000001,0.9051700000000001,1,1
03.08.2021 00:17:21.857,0.9052600000000001,0.9051600000000001,1.5,1.1
03.08.2021 00:17:40.508,0.90523,0.9051100000000001,1.5,1.22
03.08.2021 00:17:40.610,0.90524,0.9051400000000001,1.87,1.1
03.08.2021 00:17:40.711,0.90523,0.90513,1.5,1.22
03.08.2021 00:17:40.812,0.90524,0.9051400000000001,1.5,1.1
03.08.2021 00:17:41.620,0.9052100000000001,0.90513,1,1
03.08.2021 00:17:42.017,0.9052100000000001,0.9051100000000001,1,1.57
03.08.2021 00:17:51.323,0.9052,0.9051100000000001,1,1
03.08.2021 00:18:05.777,0.9052100000000001,0.9051100000000001,1,1.35
03.08.2021 00:18:05.879,0.90523,0.90513,1,1.2
03.08.2021 00:18:05.980,0.90523,0.90513,1,1.6
03.08.2021 00:18:06.132,0.90523,0.90513,1,1.95
03.08.2021 00:18:06.293,0.90523,0.90513,1,1.97
03.08.2021 00:18:07.474,0.90523,0.90513,1,1.2
03.08.2021 00:18:07.956,0.90523,0.90513,1,1.22
03.08.2021 00:18:08.059,0.90523,0.90513,1,1.1
03.08.2021 00:18:08.313,0.90524,0.9051200000000001,1,1.97
03.08.2021 00:18:08.465,0.90523,0.90513,1,1.1
03.08.2021 00:18:08.686,0.90523,0.90513,1,1.97
03.08.2021 00:18:08.788,0.90523,0.90513,1,1.95
03.08.2021 00:18:13.090,0.90524,0.9051400000000001,1.5,1.1
03.08.2021 00:18:27.283,0.9052100000000001,0.9051400000000001,1,1
03.08.2021 00:18:27.335,0.9052100000000001,0.9051200000000001,1,1.2
03.08.2021 00:18:50.483,0.9052100000000001,0.9051100000000001,1.5,1.1
03.08.2021 00:18:55.881,0.9052,0.9051100000000001,1,1.1
03.08.2021 00:19:03.814,0.9052,0.9051,1.5,1.2
03.08.2021 00:19:07.193,0.90519,0.9051,1,1
03.08.2021 00:19:07.295,0.90518,0.9050900000000001,1,1.1
03.08.2021 00:19:07.447,0.90519,0.9050900000000001,1.5,1.76
03.08.2021 00:19:07.548,0.90519,0.9050900000000001,1.5,1.22
03.08.2021 00:19:07.649,0.90519,0.9050900000000001,1.5,1.2
03.08.2021 00:19:07.750,0.90519,0.9050900000000001,1.5,1.22
03.08.2021 00:19:07.910,0.90519,0.9050900000000001,1.5,1.2
03.08.2021 00:19:08.012,0.90519,0.9050900000000001,1.5,1.22
03.08.2021 00:19:08.113,0.90519,0.9050900000000001,1.5,1.2
03.08.2021 00:19:08.214,0.90519,0.9050900000000001,1.5,1.22
03.08.2021 00:19:08.315,0.90519,0.9050900000000001,1.5,1.2
03.08.2021 00:19:08.573,0.90519,0.9050900000000001,1.5,1.22
03.08.2021 00:19:08.725,0.90519,0.9050900000000001,1.5,1.2
03.08.2021 00:19:08.931,0.9052,0.90508,1.5,1.22
03.08.2021 00:19:09.032,0.90519,0.9050900000000001,1.5,1.2
03.08.2021 00:19:09.191,0.9052,0.90508,1.5,1.22
03.08.2021 00:19:09.292,0.90519,0.9050900000000001,1.5,1.2
03.08.2021 00:19:09.646,0.90519,0.9050900000000001,1.5,1.22
03.08.2021 00:19:09.747,0.90519,0.9050900000000001,1.5,1.2
03.08.2021 00:19:10.303,0.90519,0.9050900000000001,1.5,1.6
03.08.2021 00:19:10.405,0.9052,0.90508,1.5,1.57
03.08.2021 00:19:11.484,0.9051600000000001,0.9050700000000002,1,1.5
03.08.2021 00:19:11.586,0.90515,0.9050700000000002,1,1.12
03.08.2021 00:19:13.138,0.90515,0.9050600000000001,1,1.01
03.08.2021 00:19:13.395,0.9051600000000001,0.9050600000000001,1.5,1.39
03.08.2021 00:19:17.502,0.9051600000000001,0.9050700000000002,1,1
03.08.2021 00:19:19.129,0.90518,0.90508,1,1.2
03.08.2021 00:19:21.813,0.90518,0.90508,1,2.07
03.08.2021 00:19:21.966,0.90518,0.90508,1.25,1.95
03.08.2021 00:19:24.395,0.90519,0.90508,1.69,3.97
03.08.2021 00:20:04.060,0.90519,0.90508,1,3.97
03.08.2021 00:20:04.169,0.9052,0.9050900000000001,1.5,2.91
03.08.2021 00:20:06.122,0.9052,0.9051,1,1.22
03.08.2021 00:20:07.377,0.9052100000000001,0.9051100000000001,1,1.1
03.08.2021 00:20:07.681,0.9052,0.9051100000000001,1,1.01
03.08.2021 00:20:08.774,0.90523,0.9051400000000001,1.5,1.57
03.08.2021 00:20:08.877,0.90524,0.9051400000000001,1.5,4.41
03.08.2021 00:20:09.141,0.90525,0.90515,1,1.1
03.08.2021 00:20:09.601,0.90524,0.90515,1,1.1
03.08.2021 00:20:09.702,0.90525,0.90515,1,1.1
03.08.2021 00:20:09.803,0.90524,0.90515,1,1.1
03.08.2021 00:20:09.904,0.90525,0.90515,1,1.76
03.08.2021 00:20:10.005,0.90524,0.90515,1,1.1
03.08.2021 00:20:10.308,0.90525,0.90515,1,1.1
03.08.2021 00:20:10.410,0.90524,0.90515,1,1
03.08.2021 00:20:10.511,0.90525,0.90515,1,1.1
03.08.2021 00:20:10.612,0.90524,0.90515,1,1.76
03.08.2021 00:20:10.713,0.90525,0.90515,1,1.1
03.08.2021 00:20:10.865,0.90524,0.90515,1,1.1
03.08.2021 00:20:11.017,0.90525,0.90515,1,1.76
03.08.2021 00:20:11.118,0.90524,0.90515,1,1.1
03.08.2021 00:20:11.270,0.90525,0.90515,1,1.1
03.08.2021 00:20:11.371,0.90524,0.90515,1,1.57
03.08.2021 00:20:11.472,0.90525,0.90515,1,1.57
03.08.2021 00:20:11.573,0.90524,0.90515,1,1.1
03.08.2021 00:20:12.129,0.90525,0.90515,1,1.1
03.08.2021 00:20:12.331,0.90524,0.90515,1,1.76
03.08.2021 00:20:12.533,0.90525,0.90515,1,1.1
03.08.2021 00:20:12.684,0.90524,0.90515,1,1.1
03.08.2021 00:20:12.786,0.90525,0.90515,1,1.1
03.08.2021 00:20:13.300,0.90525,0.9051400000000001,1,1.76
03.08.2021 00:20:13.552,0.90525,0.90515,1,1.1
03.08.2021 00:20:13.756,0.90524,0.90515,1,1.1
03.08.2021 00:20:13.907,0.90525,0.90515,1,1.1
03.08.2021 00:20:14.059,0.90524,0.90515,1,1.1
03.08.2021 00:20:14.160,0.90525,0.90515,1,1.76
03.08.2021 00:20:14.261,0.90524,0.90515,1,1
03.08.2021 00:20:21.519,0.90524,0.9051400000000001,1.5,1.2
03.08.2021 00:20:22.157,0.90524,0.9051400000000001,1,2.26
03.08.2021 00:20:26.361,0.9052700000000001,0.9051700000000001,1.5,1.57
03.08.2021 00:20:26.462,0.9052700000000001,0.9051700000000001,1.5,2.07
03.08.2021 00:20:26.816,0.9052700000000001,0.9051700000000001,1.76,1.12
03.08.2021 00:20:27.573,0.9052700000000001,0.90515,1,1.41
03.08.2021 00:20:27.696,0.9052600000000001,0.9051600000000001,1,1.2
03.08.2021 00:20:27.848,0.9052600000000001,0.9051600000000001,1,1.41
03.08.2021 00:20:30.585,0.9052600000000001,0.9051600000000001,1,1.2
03.08.2021 00:20:30.737,0.9052700000000001,0.90515,1,1.22
03.08.2021 00:20:30.839,0.9052700000000001,0.9051600000000001,1.5,4.97
03.08.2021 00:20:33.628,0.90529,0.9051700000000001,1.5,1.2
03.08.2021 00:20:47.391,0.90528,0.90519,1,1
03.08.2021 00:20:48.168,0.90528,0.90518,1.5,1.2
03.08.2021 00:20:49.196,0.90528,0.90519,1,1
03.08.2021 00:20:49.298,0.90528,0.90518,1.5,1.2
03.08.2021 00:20:56.872,0.9052700000000001,0.90518,1,1.12
03.08.2021 00:20:57.397,0.9052700000000001,0.9051600000000001,1.5,2.47
03.08.2021 00:21:00.493,0.9052700000000001,0.9051700000000001,1,2.66
03.08.2021 00:21:07.530,0.90528,0.9051700000000001,1.5,3.47
03.08.2021 00:21:07.631,0.90528,0.90519,1,1
03.08.2021 00:21:12.013,0.90528,0.90518,1.5,1.2
03.08.2021 00:21:19.689,0.90528,0.90519,1,1
03.08.2021 00:21:20.023,0.90528,0.90518,1.5,1.95
03.08.2021 00:21:22.547,0.90528,0.90519,1,1
03.08.2021 00:21:22.649,0.90528,0.90518,1.5,1.95
03.08.2021 00:21:46.786,0.90528,0.90519,1,1
03.08.2021 00:21:47.090,0.90528,0.90518,1.5,1.95
03.08.2021 00:22:02.725,0.90528,0.90519,1,1
03.08.2021 00:22:02.826,0.90528,0.90518,1.5,1.57
03.08.2021 00:22:06.322,0.90528,0.9051700000000001,1,1.1
03.08.2021 00:22:14.371,0.9052600000000001,0.90518,1,1
03.08.2021 00:22:14.575,0.90523,0.90515,1,1.2
03.08.2021 00:22:14.728,0.90523,0.9051400000000001,1,1.5
03.08.2021 00:22:14.830,0.9052200000000001,0.90513,1,1
03.08.2021 00:22:26.320,0.9052100000000001,0.90513,1,1.5
03.08.2021 00:22:29.190,0.9052200000000001,0.90513,1,1.5
03.08.2021 00:22:29.291,0.9052100000000001,0.90513,1,1.5
03.08.2021 00:22:29.392,0.9052200000000001,0.90513,1,1.5
03.08.2021 00:22:29.494,0.9052100000000001,0.90513,1,1.5
03.08.2021 00:22:31.244,0.9052200000000001,0.90513,1.5,1
03.08.2021 00:22:34.018,0.9052100000000001,0.90513,1,1
03.08.2021 00:22:34.648,0.9052100000000001,0.9051200000000001,1.5,1.5
03.08.2021 00:22:37.566,0.9052100000000001,0.90513,1.5,1
03.08.2021 00:22:38.477,0.9052100000000001,0.9051200000000001,1,1
03.08.2021 00:22:47.953,0.9052,0.9051200000000001,1,1
03.08.2021 00:22:48.055,0.9052,0.9051100000000001,1,1
03.08.2021 00:22:48.156,0.90519,0.9051100000000001,1,1
03.08.2021 00:22:48.308,0.90519,0.9050900000000001,2.25,1.5
03.08.2021 00:22:48.409,0.90519,0.9050900000000001,2.25,2.57
03.08.2021 00:22:48.510,0.90519,0.9050900000000001,2.25,2.89
03.08.2021 00:22:48.611,0.90519,0.9051100000000001,1.5,1
03.08.2021 00:22:50.533,0.9052,0.9051100000000001,1.5,1
03.08.2021 00:22:51.140,0.90519,0.9051100000000001,1,1
03.08.2021 00:22:55.789,0.90519,0.9051,1,1
03.08.2021 00:22:56.974,0.90519,0.9051100000000001,1.5,1
03.08.2021 00:22:57.126,0.90519,0.9051,1,1.5
03.08.2021 00:22:58.563,0.90519,0.9051100000000001,1,1
03.08.2021 00:22:58.715,0.90519,0.9051,1,1
03.08.2021 00:23:01.634,0.90519,0.9051100000000001,1,1
03.08.2021 00:23:02.546,0.90519,0.9051,1,1.5
03.08.2021 00:23:03.102,0.90519,0.9051100000000001,1,1
03.08.2021 00:23:03.203,0.90519,0.9051,1,1.5
03.08.2021 00:23:08.086,0.90519,0.9051100000000001,1,1
03.08.2021 00:23:19.919,0.9052,0.9051100000000001,1,1
03.08.2021 00:23:33.687,0.9052,0.9051,1.5,1
03.08.2021 00:23:42.565,0.9052100000000001,0.9051,1,1
03.08.2021 00:23:42.666,0.90519,0.9051,1.5,1
03.08.2021 00:23:45.203,0.90519,0.9051,1,1.75
03.08.2021 00:23:45.304,0.90519,0.9051,1,1.25
03.08.2021 00:23:45.506,0.90519,0.9051,1,1.75
03.08.2021 00:23:45.625,0.90519,0.9051,1,1.25
03.08.2021 00:23:45.743,0.90519,0.9051,1,1.75
03.08.2021 00:23:45.844,0.90519,0.9051,1,1.01
03.08.2021 00:23:45.945,0.90519,0.9051,1,1.82
03.08.2021 00:23:46.047,0.9052,0.9050900000000001,1,1.01
03.08.2021 00:23:46.198,0.90519,0.9051,1,1.82
03.08.2021 00:23:46.300,0.90519,0.9051,1,1.01
03.08.2021 00:23:46.469,0.90519,0.9051,1,1.82
03.08.2021 00:23:46.570,0.90519,0.9051,1,1.01
03.08.2021 00:23:46.672,0.90519,0.9051,1,1.82
03.08.2021 00:23:46.881,0.90519,0.9051,1,1.01
03.08.2021 00:23:47.038,0.90519,0.9051,1,1.82
03.08.2021 00:23:47.140,0.90519,0.9051,1,1.01
03.08.2021 00:23:47.342,0.9052,0.9050900000000001,1,1.82
03.08.2021 00:23:47.443,0.90519,0.9051,1,1.01
03.08.2021 00:23:47.544,0.90519,0.9051,1,1.82
03.08.2021 00:23:47.853,0.90519,0.9051,1,1.01
03.08.2021 00:23:48.130,0.90519,0.9051,1,1.82
03.08.2021 00:23:48.282,0.90519,0.9051,1,1.01
03.08.2021 00:23:49.005,0.90519,0.9051,1,1.82
03.08.2021 00:23:49.106,0.90519,0.9051,1,1.01
03.08.2021 00:23:49.409,0.90519,0.9051,1,1.82
03.08.2021 00:23:49.510,0.90519,0.9051,1,1.01
03.08.2021 00:23:49.712,0.90519,0.9051,1,1.82
03.08.2021 00:23:49.814,0.90519,0.9051,1,1.01
03.08.2021 00:23:49.915,0.90519,0.9051,1,1.82
03.08.2021 00:23:50.017,0.90519,0.9051,1,1.1
03.08.2021 00:23:50.320,0.90519,0.9051,1,1.82
03.08.2021 00:23:50.421,0.9052,0.9050900000000001,1,1.01
03.08.2021 00:23:51.001,0.90519,0.9051,1,1.82
03.08.2021 00:23:51.102,0.90519,0.9051,1,1.01
03.08.2021 00:23:51.405,0.90519,0.9051,1,1.82
03.08.2021 00:23:51.506,0.90519,0.9051,1,1.1
03.08.2021 00:23:51.608,0.90519,0.9051,1,1.82
03.08.2021 00:23:51.709,0.90519,0.9051,1,1.01
03.08.2021 00:23:51.915,0.90519,0.9051,1,1.82
03.08.2021 00:23:52.016,0.90519,0.9051,1,1.01
03.08.2021 00:23:52.470,0.90519,0.9051,1,1.82
03.08.2021 00:23:52.743,0.90519,0.9051,1,1.01
03.08.2021 00:23:53.197,0.90519,0.9051,1,1.82
03.08.2021 00:23:53.349,0.90519,0.9051,1,1.01
03.08.2021 00:23:53.450,0.9052,0.9050900000000001,1,1.82
03.08.2021 00:23:53.601,0.90519,0.9051,1,1.01
03.08.2021 00:23:53.920,0.90519,0.9051,1,1.82
03.08.2021 00:23:54.021,0.90519,0.9051,1,1.01
03.08.2021 00:23:54.535,0.90519,0.9051,1,1.82
03.08.2021 00:23:54.636,0.90519,0.9051,1,1.01
03.08.2021 00:23:55.501,0.90519,0.9051,1,1.82
03.08.2021 00:23:55.602,0.9052,0.9050900000000001,1,1.1
03.08.2021 00:23:55.718,0.90519,0.9051100000000001,1,1
03.08.2021 00:23:55.819,0.9052,0.90508,1,2.97
03.08.2021 00:23:56.072,0.90519,0.9051,1,1.35
03.08.2021 00:23:56.174,0.90519,0.9050900000000001,1,2.97
03.08.2021 00:23:56.483,0.90519,0.9051,1,1.35
03.08.2021 00:23:56.584,0.90519,0.9050900000000001,1,2.22
03.08.2021 00:23:56.740,0.90519,0.9051,1,1.35
03.08.2021 00:23:56.892,0.90519,0.9050900000000001,1,2.22
03.08.2021 00:23:57.201,0.90519,0.9051,1,1.35
03.08.2021 00:23:57.302,0.90519,0.9050900000000001,1,2.22
03.08.2021 00:24:23.172,0.9052,0.9051,1.5,1.76
03.08.2021 00:24:23.601,0.9052,0.9051,1.5,1.35
03.08.2021 00:24:25.570,0.9052,0.9051,1.5,1.01
03.08.2021 00:24:26.084,0.9052,0.9051,1.5,1.82
03.08.2021 00:24:26.185,0.9052,0.9051,1.5,1.01
03.08.2021 00:24:26.286,0.9052,0.9051,1.5,1.82
03.08.2021 00:24:26.478,0.9052,0.9051,1.5,1.01
03.08.2021 00:24:26.580,0.9052100000000001,0.9050900000000001,1.5,1.82
03.08.2021 00:24:26.732,0.9052,0.9051,1.5,1.01
03.08.2021 00:24:26.833,0.9052,0.9051,1.5,1.82
03.08.2021 00:24:26.985,0.9052,0.9051,1.5,1.01
03.08.2021 00:24:27.137,0.9052,0.9051,1.5,1.82
03.08.2021 00:24:27.238,0.9052,0.9051,1.5,1.01
03.08.2021 00:24:27.375,0.9052,0.9051,1.5,1.82
03.08.2021 00:24:27.477,0.9052,0.9051,1.5,1.01
03.08.2021 00:24:27.578,0.9052100000000001,0.9050900000000001,1.5,1.82
03.08.2021 00:24:39.124,0.9052100000000001,0.9051100000000001,1.5,1.25
03.08.2021 00:24:39.430,0.90525,0.9051600000000001,1,2.32
03.08.2021 00:24:39.531,0.9052700000000001,0.9051600000000001,1.5,1.1
03.08.2021 00:24:41.175,0.9052700000000001,0.9051700000000001,1,1.22
03.08.2021 00:24:47.550,0.90528,0.9051700000000001,1.95,2.22
03.08.2021 00:24:47.651,0.90528,0.90519,1.2,1
03.08.2021 00:24:50.796,0.90528,0.90518,1.95,1.1
03.08.2021 00:25:03.305,0.9052600000000001,0.9051700000000001,1,1.1
03.08.2021 00:25:03.558,0.9052700000000001,0.9051700000000001,1.5,1.35
03.08.2021 00:25:03.660,0.9052700000000001,0.9051700000000001,1.57,1.01
03.08.2021 00:25:03.863,0.9052600000000001,0.9051700000000001,1,1.1
03.08.2021 00:25:04.016,0.90525,0.9051600000000001,1,1.1
03.08.2021 00:25:04.118,0.90525,0.90515,1,1.69
03.08.2021 00:25:04.780,0.90525,0.9051600000000001,1.5,1.5
03.08.2021 00:25:04.882,0.90525,0.90515,1.5,2.51
03.08.2021 00:25:05.085,0.90525,0.9051600000000001,1.5,1
03.08.2021 00:25:05.186,0.90525,0.90515,1.5,2.62
03.08.2021 00:25:05.287,0.90525,0.90515,1.5,2.95
03.08.2021 00:25:05.388,0.90525,0.90515,1.5,1.69
03.08.2021 00:25:05.793,0.90525,0.9051600000000001,1,1.5
03.08.2021 00:25:05.894,0.90525,0.90515,1.5,2.51
03.08.2021 00:25:06.096,0.90525,0.9051600000000001,1,2.44
03.08.2021 00:25:06.248,0.90525,0.90515,1,2.89
03.08.2021 00:25:07.057,0.90525,0.9051600000000001,1,1.5
03.08.2021 00:25:07.209,0.90525,0.90515,1,5.32
03.08.2021 00:25:09.139,0.9052600000000001,0.90515,1.5,2.89
03.08.2021 00:25:10.541,0.90525,0.90515,1,2.89
03.08.2021 00:25:10.693,0.9052600000000001,0.90515,1.5,2.89
03.08.2021 00:25:10.811,0.9052600000000001,0.9051600000000001,1.5,1
03.08.2021 00:25:11.215,0.9052700000000001,0.9051400000000001,1.5,2.32
03.08.2021 00:25:11.316,0.9052600000000001,0.9051600000000001,1.5,1
03.08.2021 00:25:11.468,0.9052600000000001,0.90515,1.5,2.89
03.08.2021 00:25:11.619,0.9052600000000001,0.90515,1.5,3.04
03.08.2021 00:25:11.721,0.9052600000000001,0.90515,1.5,2.89
03.08.2021 00:25:11.822,0.9052600000000001,0.90515,1.5,2.91
03.08.2021 00:25:11.976,0.9052700000000001,0.9051400000000001,1.5,2.14
03.08.2021 00:25:12.128,0.9052600000000001,0.90515,1.5,2.16
03.08.2021 00:25:12.231,0.9052600000000001,0.90515,1.5,2.14
03.08.2021 00:25:12.383,0.9052600000000001,0.90515,1.5,2.16
03.08.2021 00:25:12.534,0.9052600000000001,0.90515,1.5,2.14
03.08.2021 00:25:12.748,0.9052600000000001,0.90515,1.5,2.16
03.08.2021 00:25:12.900,0.9052600000000001,0.90515,1.5,2.14
03.08.2021 00:25:13.102,0.90525,0.90515,1.25,1.1
03.08.2021 00:25:13.406,0.9052700000000001,0.90515,1.5,1.5
03.08.2021 00:25:13.608,0.9052700000000001,0.9051400000000001,1.5,2.14
03.08.2021 00:25:18.362,0.90525,0.90515,1,3.07
03.08.2021 00:25:19.688,0.9052600000000001,0.90515,1.5,3.82
03.08.2021 00:25:20.459,0.9052600000000001,0.90515,1.5,3.89
03.08.2021 00:25:20.560,0.9052700000000001,0.9051400000000001,1.5,2.89
03.08.2021 00:25:21.463,0.9052600000000001,0.9051600000000001,1.5,1
03.08.2021 00:25:21.615,0.9052600000000001,0.90515,1.5,2.89
03.08.2021 00:25:21.717,0.9052600000000001,0.9051600000000001,1,1.1
03.08.2021 00:25:22.681,0.90525,0.90515,1,2.91
03.08.2021 00:25:22.956,0.9052600000000001,0.9051600000000001,1.5,1.1
03.08.2021 00:25:23.230,0.90525,0.9051600000000001,1,1.1
03.08.2021 00:25:23.395,0.9052600000000001,0.9051600000000001,1.5,1.1
03.08.2021 00:25:24.589,0.90525,0.9051600000000001,1,1.1
03.08.2021 00:25:24.690,0.90523,0.9051400000000001,1.25,1
03.08.2021 00:25:24.792,0.90524,0.9051400000000001,1.69,2.25
03.08.2021 00:25:25.499,0.90524,0.9051400000000001,1.5,3.7
03.08.2021 00:25:25.600,0.90524,0.9051400000000001,1.5,2.32
03.08.2021 00:25:28.177,0.90524,0.9051400000000001,1.5,2.35
03.08.2021 00:25:32.379,0.90524,0.9051400000000001,1.76,1.1
03.08.2021 00:25:32.632,0.90523,0.9051400000000001,1.1,1
03.08.2021 00:25:33.793,0.90523,0.90513,1.5,1
03.08.2021 00:25:36.080,0.9052,0.9051100000000001,1,1.1
03.08.2021 00:25:36.232,0.9052,0.9051100000000001,1,1
03.08.2021 00:25:40.926,0.9052,0.9051,1.5,1
03.08.2021 00:25:43.987,0.9052,0.9051100000000001,1,1
03.08.2021 00:25:46.093,0.9052,0.9051100000000001,1,1.75
03.08.2021 00:25:46.194,0.9052,0.9051100000000001,1,1
03.08.2021 00:25:51.959,0.9052,0.9051100000000001,1,1.75
03.08.2021 00:25:52.060,0.9052,0.9051100000000001,1,1.25
03.08.2021 00:25:52.161,0.9052,0.9051100000000001,1,1.75
03.08.2021 00:25:52.312,0.9052,0.9051100000000001,1,1.25
03.08.2021 00:25:52.464,0.9052,0.9051100000000001,1,1.75
03.08.2021 00:25:52.566,0.9052,0.9051100000000001,1,1.25
03.08.2021 00:25:52.868,0.9052,0.9051100000000001,1,1.75
03.08.2021 00:25:53.183,0.9052,0.9051100000000001,1,1.25
03.08.2021 00:25:53.334,0.9052,0.9051100000000001,1,1.75
03.08.2021 00:25:53.442,0.9052,0.9051100000000001,1,1.25
03.08.2021 00:25:53.543,0.9052100000000001,0.9051,1,1.75
03.08.2021 00:25:53.644,0.9052,0.9051100000000001,1,1.25
03.08.2021 00:25:54.061,0.9052,0.9051100000000001,1,1.75
03.08.2021 00:25:54.162,0.9052,0.9051100000000001,1,1.25
03.08.2021 00:25:55.140,0.9052,0.9051100000000001,1,1.75
03.08.2021 00:25:55.242,0.9052,0.9051100000000001,1,1.25
03.08.2021 00:25:55.495,0.9052,0.9051100000000001,1,1.75
03.08.2021 00:25:55.596,0.9052,0.9051100000000001,1,1.25
03.08.2021 00:25:56.240,0.9052,0.9051100000000001,1,1.75
03.08.2021 00:25:56.342,0.9052,0.9051100000000001,1,1.25
03.08.2021 00:25:56.544,0.9052,0.9051100000000001,1,1.75
03.08.2021 00:25:56.645,0.9052,0.9051100000000001,1,1.25
03.08.2021 00:25:56.899,0.9052100000000001,0.9051,1,1.75
03.08.2021 00:25:57.000,0.9052,0.9051100000000001,1,1.25
03.08.2021 00:25:57.101,0.9052,0.9051200000000001,1,1.25
03.08.2021 00:26:09.199,0.9052100000000001,0.9051,1,1
03.08.2021 00:26:09.300,0.9052,0.9050900000000001,1,1.39
03.08.2021 00:26:09.402,0.9052,0.9050900000000001,1,2.2
03.08.2021 00:26:09.504,0.9052,0.9050900000000001,1,2.14
03.08.2021 00:26:09.758,0.9052,0.9050900000000001,1,2.2
03.08.2021 00:26:09.910,0.9052,0.9050900000000001,1,1.1
03.08.2021 00:26:10.314,0.9052,0.9050900000000001,1,2.2
03.08.2021 00:26:10.416,0.9052,0.9050900000000001,1,1.1
03.08.2021 00:26:10.518,0.90519,0.9050900000000001,1,1.1
03.08.2021 00:26:11.684,0.90519,0.9050900000000001,1,2.2
03.08.2021 00:26:11.836,0.90519,0.90508,1,4.6
03.08.2021 00:26:12.040,0.90519,0.9051,1,1
03.08.2021 00:26:12.193,0.90519,0.9051,1,1.25
03.08.2021 00:26:12.244,0.90519,0.90508,1,4.79
03.08.2021 00:26:12.294,0.90519,0.9051,1,1.25
03.08.2021 00:26:12.346,0.90519,0.90508,1,4.79
03.08.2021 00:26:12.552,0.90519,0.9050900000000001,1,1.45
03.08.2021 00:26:12.704,0.9052,0.9050700000000002,1,4.79
03.08.2021 00:26:13.009,0.90519,0.9051,1,1.25
03.08.2021 00:26:13.060,0.90519,0.90508,1,4.54
03.08.2021 00:26:13.264,0.90519,0.9050900000000001,1,1.45
03.08.2021 00:26:13.417,0.90519,0.90508,1,4.6
03.08.2021 00:26:13.570,0.90519,0.9050900000000001,1,1.45
03.08.2021 00:26:13.722,0.90519,0.90508,1,4.41
03.08.2021 00:26:13.926,0.90519,0.9050900000000001,1,1.45
03.08.2021 00:26:14.078,0.90519,0.90508,1,4.79
03.08.2021 00:26:14.231,0.90519,0.9051,1,1
03.08.2021 00:26:14.333,0.90519,0.90508,1,4.6
03.08.2021 00:26:14.485,0.9052,0.9050900000000001,1,1.25
03.08.2021 00:26:14.535,0.90519,0.90508,1,4.6
03.08.2021 00:26:14.889,0.90519,0.9050900000000001,1,1.45
03.08.2021 00:26:14.990,0.90519,0.9050900000000001,1,1.45
03.08.2021 00:26:15.041,0.90519,0.90508,1,5.41
03.08.2021 00:26:15.345,0.90519,0.9050900000000001,1,1.45
03.08.2021 00:26:15.448,0.9052,0.90508,1,5.54
03.08.2021 00:26:15.955,0.90519,0.90508,1,6.66
03.08.2021 00:26:16.107,0.9052,0.90508,1,5.35
03.08.2021 00:26:16.463,0.9052,0.9050900000000001,1,1.45
03.08.2021 00:26:16.616,0.9052,0.90508,1,5.16
03.08.2021 00:26:16.667,0.9052,0.9051,1,1.25
03.08.2021 00:26:16.718,0.9052,0.90508,1,5.16
03.08.2021 00:26:16.921,0.9052,0.9051,1,1.25
03.08.2021 00:26:17.026,0.9052,0.9050900000000001,1,2.14
03.08.2021 00:26:17.633,0.9052,0.9050900000000001,1,2.2
03.08.2021 00:26:17.734,0.9052,0.9050900000000001,1,2.14
03.08.2021 00:26:17.836,0.9052,0.9050900000000001,1,2.2
03.08.2021 00:26:17.937,0.9052,0.9050900000000001,1,2.14
03.08.2021 00:26:18.039,0.9052,0.9050900000000001,1,2.2
03.08.2021 00:26:18.140,0.9052,0.9050900000000001,1,2.14
03.08.2021 00:26:18.292,0.90519,0.9050900000000001,1,1.2
03.08.2021 00:26:18.393,0.9052,0.9050900000000001,1,1.39
03.08.2021 00:26:18.545,0.9052100000000001,0.90508,1,2.2
03.08.2021 00:26:18.697,0.90519,0.9050900000000001,1,1.1
03.08.2021 00:26:18.798,0.9052,0.9050900000000001,1,1.76
03.08.2021 00:26:18.950,0.90519,0.9050900000000001,1,1.01
03.08.2021 00:26:19.052,0.9052,0.9050900000000001,1,1.1
03.08.2021 00:26:19.153,0.9052,0.90508,1,1.1
03.08.2021 00:26:19.254,0.90519,0.9050900000000001,1,2.95
03.08.2021 00:26:19.355,0.9052,0.9051,1,1
03.08.2021 00:26:19.457,0.9052,0.9050900000000001,1,2.14
03.08.2021 00:26:19.558,0.9052,0.9051,1.5,1.25
03.08.2021 00:26:19.710,0.90519,0.9051,1,1
03.08.2021 00:26:19.811,0.9052,0.9051,1.5,1
03.08.2021 00:26:19.912,0.90519,0.9051,1,1
03.08.2021 00:26:20.064,0.9052,0.9051,1.5,1.25
03.08.2021 00:26:20.963,0.90519,0.9051,1,1
03.08.2021 00:26:21.114,0.9052,0.9051,1.5,1
03.08.2021 00:26:21.367,0.90519,0.9051,1,1
03.08.2021 00:26:21.519,0.9052,0.9051,1.5,1
03.08.2021 00:26:22.591,0.9052,0.9050900000000001,1,1
03.08.2021 00:26:22.744,0.9052,0.9051,1.5,1
03.08.2021 00:26:22.846,0.90519,0.9051,1,1
03.08.2021 00:26:22.947,0.9052,0.9051,1.5,1
03.08.2021 00:26:23.150,0.90519,0.9051,1,1.75
03.08.2021 00:26:23.251,0.9052,0.9051,1.5,1
03.08.2021 00:26:24.213,0.9052,0.9050900000000001,1,1
03.08.2021 00:26:24.315,0.9052,0.9051,1.5,1
03.08.2021 00:26:24.734,0.90519,0.9051,1,1
03.08.2021 00:26:24.836,0.9052,0.9051,1.5,1
03.08.2021 00:26:24.938,0.90519,0.9051,1,1
03.08.2021 00:26:25.090,0.9052,0.9051,1.5,1
03.08.2021 00:26:25.447,0.9052100000000001,0.9050900000000001,1.5,1.75
03.08.2021 00:26:25.549,0.9052,0.9051,1.5,1
03.08.2021 00:26:25.803,0.90519,0.9051,1,1
03.08.2021 00:26:25.956,0.9052,0.9051,1.5,1
03.08.2021 00:26:26.109,0.90519,0.9051,1,1
03.08.2021 00:26:26.211,0.9052,0.9051,1.5,1
03.08.2021 00:26:26.364,0.9052,0.9051,1.5,1.75
03.08.2021 00:26:26.466,0.9052,0.9051,1.5,1.69
03.08.2021 00:26:26.879,0.90519,0.9051,1,1
03.08.2021 00:26:26.981,0.9052,0.9051,1.5,1
03.08.2021 00:26:27.235,0.90519,0.9051,1,1
03.08.2021 00:26:27.337,0.9052,0.9051,1.5,1
03.08.2021 00:26:27.744,0.9052,0.9051,1.5,1.75
03.08.2021 00:26:27.846,0.9052,0.9051,1.5,1
03.08.2021 00:26:27.948,0.9052,0.9051,1.5,1.75
03.08.2021 00:26:28.049,0.9052,0.9051,1.5,1
03.08.2021 00:26:28.540,0.90519,0.9051,1,1.75
03.08.2021 00:26:28.642,0.9052100000000001,0.9050900000000001,1.5,1
03.08.2021 00:26:28.744,0.90519,0.9051,1,1
03.08.2021 00:26:28.846,0.9052,0.9051,1.5,1
03.08.2021 00:26:28.947,0.9052,0.9051,1.5,1.75
03.08.2021 00:26:29.049,0.9052,0.9051,1.5,1
03.08.2021 00:26:29.151,0.90519,0.9051,1,1
03.08.2021 00:26:29.253,0.9052,0.9051,1.5,1
03.08.2021 00:26:30.015,0.90519,0.9051,1,1
03.08.2021 00:26:30.117,0.9052,0.9051,1.5,1
03.08.2021 00:26:30.219,0.90519,0.9051,1,1
03.08.2021 00:26:30.321,0.9052,0.9051,1.5,1
03.08.2021 00:26:30.674,0.9052,0.9051,1.5,1.75
03.08.2021 00:26:30.776,0.9052,0.9051,1.5,1.5
03.08.2021 00:26:30.877,0.90519,0.9051,1,1
03.08.2021 00:26:31.029,0.9052100000000001,0.9050900000000001,1.5,1
03.08.2021 00:26:31.181,0.9052,0.9051,1.5,1.75
03.08.2021 00:26:31.333,0.9052,0.9051,1.5,1
03.08.2021 00:26:31.484,0.9052,0.9051,1.5,1.75
03.08.2021 00:26:31.586,0.9052,0.9051,1.5,1
03.08.2021 00:26:31.687,0.90519,0.9051,1,1
03.08.2021 00:26:31.839,0.9052,0.9051,1.5,1
03.08.2021 00:26:32.104,0.90519,0.9051,1,1
03.08.2021 00:26:32.205,0.9052,0.9051,1.5,1
03.08.2021 00:26:32.357,0.90519,0.9051,1,1
03.08.2021 00:26:32.458,0.9052,0.9051,1.5,1.25
03.08.2021 00:26:32.761,0.9052,0.9051,1.5,1.75
03.08.2021 00:26:32.913,0.9052,0.9051,1.5,1
03.08.2021 00:26:33.266,0.9052,0.9050900000000001,1,1.75
03.08.2021 00:26:33.368,0.9052100000000001,0.9050900000000001,1.5,1
03.08.2021 00:26:33.620,0.9052,0.9050900000000001,1,1
03.08.2021 00:26:33.722,0.9052,0.9051,1.5,1
03.08.2021 00:26:33.823,0.9052,0.9051,1.5,1.75
03.08.2021 00:26:33.925,0.9052,0.9051,1.5,1
03.08.2021 00:26:34.026,0.9052,0.9051,1.5,1.75
03.08.2021 00:26:34.127,0.9052,0.9051,1.5,1.25
03.08.2021 00:26:34.430,0.9052,0.9051100000000001,1,1
03.08.2021 00:26:34.532,0.9052,0.9051,1.5,1.25
03.08.2021 00:26:34.683,0.9052,0.9051100000000001,1.5,1.25
03.08.2021 00:26:34.835,0.9052,0.9051,1.5,1.25
03.08.2021 00:26:35.392,0.9052,0.9051100000000001,1.5,1.25
03.08.2021 00:26:35.493,0.9052,0.9051,1.5,1.25
03.08.2021 00:26:35.803,0.9052,0.9051100000000001,1.5,1.25
03.08.2021 00:26:35.904,0.9052,0.9051,1.5,1.25
03.08.2021 00:26:36.072,0.9052,0.9051100000000001,1.5,1.25
03.08.2021 00:26:36.174,0.9052,0.9051,1.5,1.25
03.08.2021 00:26:36.376,0.9052,0.9051100000000001,1.5,1.25
03.08.2021 00:26:36.477,0.9052,0.9051,1,1.25
03.08.2021 00:26:36.578,0.9052,0.9051100000000001,1,1
03.08.2021 00:26:36.680,0.9052,0.9051,1,1.25
03.08.2021 00:26:36.781,0.9052100000000001,0.9051,1,1.25
03.08.2021 00:26:36.882,0.9052,0.9051,1,1.01
03.08.2021 00:26:37.034,0.9052,0.9051100000000001,1,1.25
03.08.2021 00:26:37.135,0.9052,0.9051,1,1.25
03.08.2021 00:26:37.455,0.9052,0.9051100000000001,1,1
03.08.2021 00:26:37.556,0.9052,0.9051,1,1.25
03.08.2021 00:26:37.758,0.9052,0.9051100000000001,1.5,1.25
03.08.2021 00:26:37.859,0.9052,0.9051,1.5,1.25
03.08.2021 00:26:38.062,0.9052,0.9051100000000001,1.5,1.25
03.08.2021 00:26:38.163,0.9052,0.9051,1.5,1.25
03.08.2021 00:26:38.425,0.9052,0.9051100000000001,1.5,1.25
03.08.2021 00:26:38.527,0.9052,0.9051,1.5,1.25
03.08.2021 00:26:39.083,0.9052,0.9051100000000001,1.5,1.25
03.08.2021 00:26:39.185,0.9052,0.9051,1.5,1.01
03.08.2021 00:26:39.488,0.9052,0.9051100000000001,1.5,1.25
03.08.2021 00:26:39.589,0.9052,0.9051,1.5,1.76
03.08.2021 00:26:39.791,0.9052,0.9051100000000001,1.5,1.25
03.08.2021 00:26:39.893,0.9052,0.9051,1.5,1.25
03.08.2021 00:26:40.473,0.9052,0.9051100000000001,1,1.25
03.08.2021 00:26:40.574,0.9052,0.9051,1,1.25
03.08.2021 00:26:40.776,0.9052,0.9051100000000001,1,1.25
03.08.2021 00:26:40.877,0.9052,0.9051,1,1.25
03.08.2021 00:26:41.436,0.9052,0.9051100000000001,1,1.25
03.08.2021 00:26:41.537,0.9052,0.9051,1,1
03.08.2021 00:26:41.739,0.9052,0.9051100000000001,1.5,1.25
03.08.2021 00:26:41.840,0.9052,0.9051,1.5,1.25
03.08.2021 00:26:41.992,0.9052,0.9051100000000001,1.5,1.25
03.08.2021 00:26:42.346,0.9052,0.9051,1.5,1.25
03.08.2021 00:26:42.498,0.9052,0.9051100000000001,1.5,1.25
03.08.2021 00:26:42.599,0.9052,0.9051,1.5,1.25
03.08.2021 00:26:42.902,0.9052100000000001,0.9051,1.5,1.25
03.08.2021 00:26:43.004,0.9052100000000001,0.9050900000000001,1.5,1.25
03.08.2021 00:26:43.155,0.90519,0.9051,1,1.25
03.08.2021 00:26:43.257,0.9052,0.9051,1.5,1
03.08.2021 00:26:43.560,0.9052,0.9051,1.5,1.75
03.08.2021 00:26:43.662,0.9052,0.9051,1.5,1.25
03.08.2021 00:26:45.140,0.9052,0.9051,1.5,1.75
03.08.2021 00:26:45.242,0.9052,0.9051,1.5,1.25
03.08.2021 00:26:45.797,0.9052,0.9051,1.5,1.75
03.08.2021 00:26:45.949,0.9052,0.9051,1.5,1.25
03.08.2021 00:26:46.186,0.9052,0.9051,1.5,1.75
03.08.2021 00:26:46.287,0.9052,0.9051,1.5,1.25
03.08.2021 00:26:46.874,0.9052,0.9051,1.5,1.75
03.08.2021 00:26:46.979,0.9052,0.9051,1.5,1.25
03.08.2021 00:26:48.401,0.9052100000000001,0.9050900000000001,1.5,1.75
03.08.2021 00:26:48.502,0.9052,0.9051,1.5,1.25
03.08.2021 00:26:48.604,0.9052,0.9051200000000001,1,1
03.08.2021 00:26:48.654,0.9052,0.9051,1,2.06
03.08.2021 00:26:48.857,0.9052,0.9051100000000001,1,1.25
03.08.2021 00:26:48.958,0.9052,0.9051,1,1.69
03.08.2021 00:26:49.589,0.90519,0.9051,1,1
03.08.2021 00:26:49.691,0.9052,0.9051,1,1
03.08.2021 00:26:50.352,0.9052,0.9051,1,1.75
03.08.2021 00:26:50.453,0.9052,0.9051,1,1.25
03.08.2021 00:26:52.204,0.9052,0.9051,1,1.75
03.08.2021 00:26:52.305,0.9052,0.9051,1,1.25
03.08.2021 00:26:53.140,0.9052,0.9051,1,1.75
03.08.2021 00:26:53.241,0.9052,0.9051,1,1.25
03.08.2021 00:26:53.398,0.9052,0.9051,1,1.25
03.08.2021 00:26:53.499,0.9052,0.9051,1,1.25
03.08.2021 00:26:53.812,0.9052,0.9051,1,1.75
03.08.2021 00:26:53.964,0.9052100000000001,0.9050900000000001,1,1.25
03.08.2021 00:26:54.279,0.9052,0.9051,1,1.75
03.08.2021 00:26:54.380,0.9052,0.9051,1,1.25
03.08.2021 00:26:54.794,0.9052100000000001,0.9050900000000001,1,1.75
03.08.2021 00:26:54.895,0.9052,0.9051,1,1.25
03.08.2021 00:26:55.154,0.9052,0.9051,1,1.75
03.08.2021 00:26:55.256,0.9052,0.9051,1,1
03.08.2021 00:26:55.520,0.9052,0.9051,1,1.75
03.08.2021 00:26:55.621,0.9052,0.9051,1,1.25
03.08.2021 00:26:55.880,0.90519,0.9051,1,1.25
03.08.2021 00:26:55.981,0.9052,0.9051,1,1
03.08.2021 00:26:58.323,0.9052,0.9051,1,1.75
03.08.2021 00:26:58.425,0.9052,0.9051,1,1
03.08.2021 00:26:58.642,0.9052,0.9051,1,1.75
03.08.2021 00:26:58.745,0.9052,0.9051,1,1.25
03.08.2021 00:27:00.225,0.9052,0.9051,1,1.75
03.08.2021 00:27:00.326,0.9052,0.9051,1,1.25
03.08.2021 00:27:00.478,0.9052100000000001,0.9050900000000001,1,1.75
03.08.2021 00:27:00.579,0.9052,0.9051,1,1.25
03.08.2021 00:27:02.275,0.9052,0.9051,1,1.75
03.08.2021 00:27:02.376,0.9052,0.9051,1,1
03.08.2021 00:27:02.729,0.9052,0.9051,1,1.75
03.08.2021 00:27:02.830,0.9052,0.9051,1,1
03.08.2021 00:27:03.133,0.9052100000000001,0.9050900000000001,1,1.75
03.08.2021 00:27:03.236,0.9052,0.9051,1,1.25
03.08.2021 00:27:04.731,0.9052,0.9051,1,1.75
03.08.2021 00:27:04.832,0.9052,0.9051,1,1.25
03.08.2021 00:27:04.933,0.9052,0.9051,1,1.75
03.08.2021 00:27:05.034,0.9052,0.9051,1,1.25
03.08.2021 00:27:05.387,0.9052,0.9051,1,1.75
03.08.2021 00:27:05.488,0.9052,0.9051,1,1.25
03.08.2021 00:27:06.496,0.9052,0.9051,1,1.75
03.08.2021 00:27:06.598,0.9052,0.9051,1,1.69
03.08.2021 00:27:07.963,0.9052,0.9051,1,1.75
03.08.2021 00:27:08.115,0.9052,0.9051,1,1.25
03.08.2021 00:27:09.057,0.9052,0.9051,1,1.75
03.08.2021 00:27:09.158,0.9052,0.9051,1,1.25
03.08.2021 00:27:09.260,0.9052,0.9051,1,1.75
03.08.2021 00:27:09.361,0.9052,0.9051,1,1
03.08.2021 00:27:09.463,0.9052,0.9051,1,1.75
03.08.2021 00:27:09.565,0.9052100000000001,0.9050900000000001,1,1.25
03.08.2021 00:27:09.817,0.9052,0.9051,1,1.75
03.08.2021 00:27:09.919,0.9052100000000001,0.9050900000000001,1,1.25
03.08.2021 00:27:10.121,0.9052,0.9051,1,1.75
03.08.2021 00:27:10.229,0.9052,0.9051,1,1.69
03.08.2021 00:27:10.741,0.9052,0.9051,1,1.75
03.08.2021 00:27:10.857,0.9052,0.9051,1,1.25
03.08.2021 00:27:11.371,0.9052,0.9051,1,1.75
03.08.2021 00:27:11.473,0.9052,0.9051,1,1.25
03.08.2021 00:27:11.725,0.9052,0.9051,1,2.12
03.08.2021 00:27:11.877,0.9052,0.9051,1,1.25
03.08.2021 00:27:11.978,0.9052,0.9051,1,1.75
03.08.2021 00:27:12.130,0.9052,0.9051,1,1.25
03.08.2021 00:27:12.384,0.9052,0.9051,1,1.75
03.08.2021 00:27:12.485,0.9052,0.9051,1,1
03.08.2021 00:27:12.789,0.9052,0.9051,1,1.75
03.08.2021 00:27:12.890,0.9052,0.9051,1,1.25
03.08.2021 00:27:13.517,0.9052,0.9051,1,1.75
03.08.2021 00:27:13.619,0.9052,0.9051,1,1
03.08.2021 00:27:13.972,0.9052,0.9051,1,1.75
03.08.2021 00:27:14.073,0.9052,0.9051,1,1.25
03.08.2021 00:27:14.267,0.9052100000000001,0.9050900000000001,1,1.25
03.08.2021 00:27:14.369,0.9052,0.9051,1,1.25
03.08.2021 00:27:16.252,0.9052,0.9051,1,1.75
03.08.2021 00:27:16.435,0.9052,0.9051,1,1.25
03.08.2021 00:27:16.536,0.9052,0.9051,1,1.75
03.08.2021 00:27:16.738,0.9052,0.9051,1,1.25
03.08.2021 00:27:17.041,0.9052,0.9051,1,1.75
03.08.2021 00:27:17.142,0.9052,0.9051,1,1.25
03.08.2021 00:27:18.232,0.9052,0.9051,1,2.01
03.08.2021 00:27:18.480,0.9052,0.9051,1,1.01
03.08.2021 00:27:18.935,0.9052,0.9051,1,1.94
03.08.2021 00:27:19.036,0.9052,0.9051,1,1.25
03.08.2021 00:27:20.020,0.9052,0.9051,1,1.75
03.08.2021 00:27:20.122,0.9052100000000001,0.9050900000000001,1,1.25
03.08.2021 00:27:20.225,0.9052,0.9051,1,1.94
03.08.2021 00:27:20.327,0.9052,0.9051,1,1.25
03.08.2021 00:27:20.429,0.9052,0.9051,1,1.94
03.08.2021 00:27:20.531,0.9052,0.9051,1,1.25
03.08.2021 00:27:21.584,0.9052,0.9051,1,2.01
03.08.2021 00:27:21.686,0.9052,0.9051,1,1.01
03.08.2021 00:27:22.294,0.9052,0.9051,1,2.01
03.08.2021 00:27:22.396,0.9052,0.9051,1,1.01
03.08.2021 00:27:25.086,0.9052100000000001,0.9050900000000001,1,1.94
03.08.2021 00:27:25.188,0.9052,0.9051,1,1.25
03.08.2021 00:27:25.390,0.9052,0.9051,1,1.94
03.08.2021 00:27:25.492,0.9052,0.9051,1,1.25
03.08.2021 00:27:25.997,0.9052,0.9051,1,1.94
03.08.2021 00:27:26.098,0.9052,0.9051,1,1.25
03.08.2021 00:27:26.274,0.9052,0.9051,1,1.94
03.08.2021 00:27:26.426,0.9052,0.9051,1,1.25
03.08.2021 00:27:26.527,0.9052,0.9051,1,1.94
03.08.2021 00:27:26.631,0.9052,0.9051,1,1.12
03.08.2021 00:27:28.658,0.9052,0.9051,1,1.25
03.08.2021 00:27:28.759,0.9052,0.9051,1,1.25
03.08.2021 00:27:28.961,0.9052,0.9051,1,2.01
03.08.2021 00:27:29.664,0.9052,0.9051,1,1.25
03.08.2021 00:27:34.117,0.9052,0.9051100000000001,1,1.25
03.08.2021 00:27:34.219,0.9052,0.9051,1,1.25
03.08.2021 00:27:34.320,0.9052,0.9051100000000001,1.5,1.25
03.08.2021 00:27:34.421,0.9052,0.9051,1.5,1.25
03.08.2021 00:27:35.553,0.9052,0.9051,1.5,1.75
03.08.2021 00:27:35.655,0.9052,0.9051,1.5,1.25
03.08.2021 00:27:36.032,0.9052,0.9051100000000001,1.5,1.25
03.08.2021 00:27:36.134,0.9052,0.9051,1.5,1.25
03.08.2021 00:27:36.540,0.9052,0.9051100000000001,1.5,1.25
03.08.2021 00:27:36.645,0.9052,0.9051,1.5,1.25
03.08.2021 00:27:36.746,0.9052,0.9051100000000001,1.5,1.25
03.08.2021 00:27:36.847,0.9052,0.9051,1.5,1.25
03.08.2021 00:27:36.999,0.9052,0.9051100000000001,1.5,1
03.08.2021 00:27:37.100,0.9052,0.9051,1.5,1.12
03.08.2021 00:27:37.757,0.9052,0.9051,1.5,1.94
03.08.2021 00:27:37.871,0.9052,0.9051,1.5,1.25
03.08.2021 00:27:38.075,0.9052,0.9051,1.5,1.25
03.08.2021 00:27:38.227,0.9052,0.9051,1.5,1.25
03.08.2021 00:27:38.646,0.9052,0.9051,1.5,1.75
03.08.2021 00:27:38.748,0.9052,0.9051,1.5,1.25
03.08.2021 00:27:40.738,0.9052,0.9051,1.5,1.94
03.08.2021 00:27:40.864,0.9052,0.9051,1.5,1.25
03.08.2021 00:27:51.409,0.9052,0.9051100000000001,1,1.25
03.08.2021 00:27:51.510,0.9052,0.9051,1,1.25
03.08.2021 00:27:51.612,0.9052,0.9051100000000001,1,1.25
03.08.2021 00:27:51.816,0.9052,0.9051,1,1.25
03.08.2021 00:27:52.121,0.9052,0.9051100000000001,1,1.25
03.08.2021 00:27:52.234,0.9052,0.9051,1,1.25
03.08.2021 00:27:52.944,0.9052100000000001,0.9051,1.5,1.25
03.08.2021 00:27:53.247,0.9052100000000001,0.9051100000000001,1.5,1.25
03.08.2021 00:27:53.399,0.9052200000000001,0.9050900000000001,1.5,1.25
03.08.2021 00:27:53.904,0.9052100000000001,0.9051,1.5,1.75
03.08.2021 00:27:54.005,0.9052100000000001,0.9051,1.5,1.25
03.08.2021 00:27:54.561,0.9052100000000001,0.9051100000000001,1.5,1.25
03.08.2021 00:27:54.713,0.9052100000000001,0.9051,1.5,1.25
03.08.2021 00:27:55.017,0.9052,0.9051,1,1.25
03.08.2021 00:27:55.118,0.9052,0.9051100000000001,1,1
03.08.2021 00:27:55.220,0.9052,0.9051,1,1.25
03.08.2021 00:27:55.372,0.9052,0.9051100000000001,1,1.25
03.08.2021 00:27:55.473,0.9052,0.9051,1,1.31
03.08.2021 00:27:55.776,0.9052,0.9051,1,2.12
03.08.2021 00:27:55.877,0.9052,0.9051,1,1.5
03.08.2021 00:27:55.978,0.9052,0.9051100000000001,1,1
03.08.2021 00:27:56.333,0.9052,0.9051,1,1.25
03.08.2021 00:27:56.534,0.9052100000000001,0.9051,1,1.25
03.08.2021 00:27:56.686,0.9052,0.9051,1,1.25
03.08.2021 00:27:56.990,0.9052100000000001,0.9051,1.5,1.25
03.08.2021 00:27:57.346,0.9052200000000001,0.9051,1.5,1.25
03.08.2021 00:27:57.448,0.9052100000000001,0.9051,1.5,1
03.08.2021 00:27:58.320,0.9052100000000001,0.9051200000000001,1,1
03.08.2021 00:27:58.422,0.9052100000000001,0.9051100000000001,1.5,1
03.08.2021 00:28:01.682,0.9052100000000001,0.9051,1.5,1.25
03.08.2021 00:28:02.044,0.9052100000000001,0.9051100000000001,1.5,1.25
03.08.2021 00:28:02.146,0.9052100000000001,0.9051200000000001,1,1
03.08.2021 00:28:02.197,0.9052100000000001,0.9051,1.5,1.25
03.08.2021 00:28:03.108,0.9052100000000001,0.9051,1.5,1.85
03.08.2021 00:28:03.211,0.9052100000000001,0.9051,1.5,1.39
03.08.2021 00:28:03.363,0.9052100000000001,0.9051100000000001,1.5,1.01
03.08.2021 00:28:03.516,0.9052100000000001,0.9051,1.5,1.01
03.08.2021 00:28:03.669,0.9052100000000001,0.9051100000000001,1.5,1.01
03.08.2021 00:28:03.771,0.9052100000000001,0.9051,1.5,1.01
03.08.2021 00:28:04.228,0.9052100000000001,0.9051100000000001,1.5,1.01
03.08.2021 00:28:04.381,0.9052100000000001,0.9051,1.5,1.01
03.08.2021 00:28:04.483,0.9052100000000001,0.9051,1.5,1.35
03.08.2021 00:28:04.595,0.9052100000000001,0.9051,1.5,1.2
03.08.2021 00:28:04.898,0.9052100000000001,0.9051100000000001,1.5,1.01
03.08.2021 00:28:05.000,0.9052100000000001,0.9051,1.5,1.39
03.08.2021 00:28:05.565,0.9052100000000001,0.9051100000000001,1.5,1.25
03.08.2021 00:28:05.684,0.9052100000000001,0.9051,1.5,1.25
03.08.2021 00:28:06.019,0.9052100000000001,0.9051100000000001,1.5,1.25
03.08.2021 00:28:06.120,0.9052100000000001,0.9051,1.5,1.31
03.08.2021 00:28:06.373,0.9052100000000001,0.9051100000000001,1.5,1.25
03.08.2021 00:28:06.474,0.9052100000000001,0.9051,1.5,1.31
03.08.2021 00:28:06.778,0.9052100000000001,0.9051,1.5,2.2
03.08.2021 00:28:06.879,0.9052100000000001,0.9051,1.5,1.31
03.08.2021 00:28:07.096,0.9052100000000001,0.9051100000000001,1.5,1.25
03.08.2021 00:28:07.204,0.9052100000000001,0.9051,1.5,1.25
03.08.2021 00:28:07.306,0.9052100000000001,0.9051100000000001,1.5,1
03.08.2021 00:28:07.407,0.9052100000000001,0.9051,1.5,1.12
03.08.2021 00:28:07.811,0.9052100000000001,0.9051100000000001,1.5,1.25
03.08.2021 00:28:07.963,0.9052100000000001,0.9051,1.5,1
03.08.2021 00:28:09.401,0.9052100000000001,0.9051,1.5,1.82
03.08.2021 00:28:09.502,0.9052100000000001,0.9051,1.5,1.1
03.08.2021 00:28:09.805,0.9052100000000001,0.9051,1.5,1.82
03.08.2021 00:28:09.906,0.9052100000000001,0.9051,1.5,1.01
03.08.2021 00:28:10.393,0.9052100000000001,0.9051,1.5,2.22
03.08.2021 00:28:10.545,0.9052200000000001,0.9050900000000001,1.5,1.01
03.08.2021 00:28:10.797,0.9052100000000001,0.9051100000000001,1.5,1.01
03.08.2021 00:28:10.898,0.9052100000000001,0.9051,1.5,1.01
03.08.2021 00:28:10.999,0.9052100000000001,0.9051100000000001,1.5,1.01
03.08.2021 00:28:11.151,0.9052100000000001,0.9051,1.5,1.01
03.08.2021 00:28:11.253,0.9052100000000001,0.9051100000000001,1.5,1.25
03.08.2021 00:28:11.354,0.9052100000000001,0.9051,1.5,1.01
03.08.2021 00:28:11.455,0.9052100000000001,0.9051,1.5,1.35
03.08.2021 00:28:11.558,0.9052100000000001,0.9051,1.5,1.01
03.08.2021 00:28:11.810,0.9052100000000001,0.9051,1.5,1.45
03.08.2021 00:28:11.917,0.9052100000000001,0.9051,1.5,1.01
03.08.2021 00:28:12.371,0.9052200000000001,0.9051,1.5,1.01
03.08.2021 00:28:12.523,0.9052100000000001,0.9051,1.5,1.01
03.08.2021 00:28:12.679,0.9052100000000001,0.9051100000000001,1.5,1.01
03.08.2021 00:28:12.792,0.9052100000000001,0.9051,1.5,1.01
03.08.2021 00:28:13.095,0.9052200000000001,0.9050900000000001,1.5,1.85
03.08.2021 00:28:13.196,0.9052100000000001,0.9051,1.5,1.01
03.08.2021 00:28:13.348,0.9052200000000001,0.9051,1.5,1.01
03.08.2021 00:28:13.500,0.9052100000000001,0.9051,1.5,1.01
03.08.2021 00:28:13.651,0.9052200000000001,0.9051,1.5,1.25
03.08.2021 00:28:13.753,0.9052100000000001,0.9051,1.5,1.01
03.08.2021 00:28:14.964,0.9052100000000001,0.9051100000000001,1.5,1.01
03.08.2021 00:28:15.074,0.9052100000000001,0.9051,1.5,1.01
03.08.2021 00:28:15.226,0.9052100000000001,0.9051100000000001,1.5,1
03.08.2021 00:28:16.856,0.9052100000000001,0.9051,1.5,1.39
03.08.2021 00:28:17.260,0.9052100000000001,0.9051100000000001,1.5,1
03.08.2021 00:28:17.362,0.9052100000000001,0.9051,1.5,1.01
03.08.2021 00:28:18.629,0.9052100000000001,0.9051,1.5,2.2
03.08.2021 00:28:20.185,0.9052100000000001,0.9050900000000001,1,1.1
03.08.2021 00:28:21.096,0.9052,0.9051100000000001,1,1.25
03.08.2021 00:28:21.198,0.9052,0.9051,1,1.1
03.08.2021 00:28:21.514,0.9052,0.9051100000000001,1,1
03.08.2021 00:28:21.616,0.9052,0.9051,1,1.1
03.08.2021 00:28:22.709,0.9052,0.9051100000000001,1,1
03.08.2021 00:28:22.833,0.9052,0.9051,1,1.1
03.08.2021 00:28:22.985,0.9052,0.9051100000000001,1,1
03.08.2021 00:28:23.086,0.9052100000000001,0.9050900000000001,1,1.1
03.08.2021 00:28:23.545,0.9052,0.9051100000000001,1,1.25
03.08.2021 00:28:23.646,0.9052,0.9051,1,1.1
03.08.2021 00:28:25.222,0.9052,0.9051100000000001,1,1.25
03.08.2021 00:28:25.374,0.9052,0.9051,1,1.01
03.08.2021 00:28:25.545,0.9052,0.9051100000000001,1,1.25
03.08.2021 00:28:25.647,0.9052,0.9051,1,1.01
03.08.2021 00:28:25.849,0.9052100000000001,0.9051,1,1.25
03.08.2021 00:28:25.950,0.9052,0.9051,1,1.01
03.08.2021 00:28:26.304,0.9052,0.9051,1,1.82
03.08.2021 00:28:26.405,0.9052,0.9051,1,1.01
03.08.2021 00:28:27.062,0.9052,0.9051100000000001,1,1.25
03.08.2021 00:28:27.164,0.9052,0.9051,1,1.01
03.08.2021 00:28:27.417,0.9052100000000001,0.9051,1,1.25
03.08.2021 00:28:27.519,0.9052,0.9051,1,1.01
03.08.2021 00:28:27.670,0.9052,0.9051100000000001,1,1.25
03.08.2021 00:28:27.772,0.9052,0.9051,1,1.01
03.08.2021 00:28:27.924,0.9052,0.9051100000000001,1,1.25
03.08.2021 00:28:28.076,0.9052100000000001,0.9050900000000001,1,1.01
03.08.2021 00:28:28.177,0.9052100000000001,0.9051,1.5,1.76
03.08.2021 00:28:28.683,0.9052100000000001,0.9051100000000001,1.5,1.25
03.08.2021 00:28:31.642,0.9052100000000001,0.9051,1.5,1.76
03.08.2021 00:28:32.018,0.9052100000000001,0.9051,1.5,1.82
03.08.2021 00:28:32.119,0.9052100000000001,0.9051,1.5,1.76
03.08.2021 00:28:32.917,0.9052100000000001,0.9051,1.5,1.82
03.08.2021 00:28:33.039,0.9052100000000001,0.9051,1.5,1.76
03.08.2021 00:28:33.949,0.9052100000000001,0.9051,1.5,2.79
03.08.2021 00:28:34.202,0.9052100000000001,0.9051,1.5,1.76
03.08.2021 00:28:34.303,0.9052200000000001,0.9050900000000001,1.5,1.79
03.08.2021 00:28:34.404,0.9052100000000001,0.9051,1.5,1.57
03.08.2021 00:28:34.759,0.9052100000000001,0.9051,1.5,2.57
03.08.2021 00:28:34.864,0.9052100000000001,0.9051,1.5,1.95
03.08.2021 00:28:35.458,0.9052100000000001,0.9051,1.5,2.57
03.08.2021 00:28:35.559,0.9052100000000001,0.9051,1.5,1.76
03.08.2021 00:28:36.216,0.9052100000000001,0.9051100000000001,1.5,1
03.08.2021 00:28:36.317,0.9052100000000001,0.9051,1.5,1.76
03.08.2021 00:28:36.890,0.9052200000000001,0.9051,1.5,1.25
03.08.2021 00:28:36.995,0.9052100000000001,0.9051,1.5,1.76
03.08.2021 00:28:37.096,0.9052,0.9051100000000001,1,1
03.08.2021 00:28:37.198,0.9052,0.9051,1,2.7
03.08.2021 00:28:37.534,0.9052100000000001,0.9050900000000001,1,2.57
03.08.2021 00:28:37.635,0.9052,0.9051,1,1.76
03.08.2021 00:28:37.787,0.9052,0.9051,1,2.57
03.08.2021 00:28:37.888,0.9052,0.9051,1,1.76
03.08.2021 00:28:39.109,0.9052,0.9051,1,2.57
03.08.2021 00:28:39.210,0.9052,0.9051,1,1.76
03.08.2021 00:28:39.420,0.9052,0.9051,1,2.57
03.08.2021 00:28:39.521,0.9052,0.9051,1,1.76
03.08.2021 00:28:39.682,0.9052,0.9051,1,2.57
03.08.2021 00:28:39.834,0.9052,0.9051,1,1.76
03.08.2021 00:28:40.037,0.9052,0.9051100000000001,1,1.25
03.08.2021 00:28:40.138,0.9052,0.9051,1,1.76
03.08.2021 00:28:40.340,0.9052,0.9051100000000001,1,1.25
03.08.2021 00:28:40.442,0.9052,0.9051,1,1.76
03.08.2021 00:28:40.593,0.9052,0.9051100000000001,1,1.25
03.08.2021 00:28:40.695,0.9052,0.9051,1,2.51
03.08.2021 00:28:41.604,0.9052100000000001,0.9051,1,1.25
03.08.2021 00:28:41.705,0.9052,0.9051,1,1.76
03.08.2021 00:28:41.994,0.9052100000000001,0.9051,1.5,1.76
03.08.2021 00:28:42.196,0.9052100000000001,0.9051100000000001,1.5,1.25
03.08.2021 00:28:42.298,0.9052100000000001,0.9051,1.5,1.95
03.08.2021 00:28:42.399,0.9052200000000001,0.9051,1.5,1
03.08.2021 00:28:42.509,0.9052100000000001,0.9051,1.5,1.76
03.08.2021 00:28:42.661,0.9052100000000001,0.9051100000000001,1.5,1.25
03.08.2021 00:28:42.763,0.9052,0.9051,1,1.57
03.08.2021 00:28:43.015,0.9052,0.9051,1,2.57
03.08.2021 00:28:43.117,0.9052,0.9051,1,1.76
03.08.2021 00:28:44.043,0.9052,0.9051100000000001,1,1
03.08.2021 00:28:44.145,0.9052,0.9051,1,1.57
03.08.2021 00:28:44.296,0.9052,0.9051100000000001,1,1.25
03.08.2021 00:28:44.398,0.9052,0.9051,1,1.57
03.08.2021 00:28:44.600,0.9052100000000001,0.9051,1.5,1.76
03.08.2021 00:28:45.072,0.9052100000000001,0.9051100000000001,1.5,1
03.08.2021 00:28:45.174,0.9052100000000001,0.9051,1.5,1.57
03.08.2021 00:28:45.426,0.9052100000000001,0.9051100000000001,1.5,1.25
03.08.2021 00:28:45.527,0.9052100000000001,0.9051,1.5,1.76
03.08.2021 00:28:45.729,0.9052100000000001,0.9051100000000001,1.5,1
03.08.2021 00:28:45.993,0.9052100000000001,0.9051,1.5,1.76
03.08.2021 00:28:46.245,0.9052100000000001,0.9051100000000001,1.5,1.25
03.08.2021 00:28:46.347,0.9052100000000001,0.9051,1.5,1.76
03.08.2021 00:28:46.599,0.9052100000000001,0.9051100000000001,1.5,1
03.08.2021 00:28:46.701,0.9052100000000001,0.9051,1.5,1.76
03.08.2021 00:28:46.802,0.9052100000000001,0.9051100000000001,1.5,1.25
03.08.2021 00:28:46.903,0.9052100000000001,0.9051,1.5,1.76
03.08.2021 00:28:47.005,0.9052100000000001,0.9051100000000001,1.5,1
03.08.2021 00:28:47.107,0.9052100000000001,0.9051,1.5,1.76
03.08.2021 00:28:47.260,0.9052100000000001,0.9051,1,1
03.08.2021 00:28:47.362,0.9052,0.9051,1,1.76
03.08.2021 00:28:47.565,0.9052,0.9051100000000001,1,1.25
03.08.2021 00:28:47.666,0.9052100000000001,0.9051,1.5,1.57
03.08.2021 00:28:47.819,0.9052200000000001,0.9051,1.5,1.25
03.08.2021 00:28:47.921,0.9052100000000001,0.9051,1.5,1.76
03.08.2021 00:28:48.292,0.9052100000000001,0.9051100000000001,1.5,1
03.08.2021 00:28:48.393,0.9052100000000001,0.9051,1.5,1.76
03.08.2021 00:28:48.596,0.9052100000000001,0.9051100000000001,1.5,1
03.08.2021 00:28:48.697,0.9052100000000001,0.9051,1.5,1.76
03.08.2021 00:28:48.799,0.9052,0.9051100000000001,1,1
03.08.2021 00:28:48.995,0.9052,0.9051,1,1.76
03.08.2021 00:28:49.097,0.9052,0.9051100000000001,1,1.25
03.08.2021 00:28:49.148,0.9052,0.9051,1,1.76
03.08.2021 00:28:49.350,0.9052,0.9051100000000001,1,1
03.08.2021 00:28:49.452,0.9052,0.9051,1,1.57
03.08.2021 00:28:49.604,0.9052,0.9051100000000001,1,1
03.08.2021 00:28:49.756,0.9052,0.9051,1,1.76
03.08.2021 00:28:50.498,0.9052100000000001,0.9051,1,1
03.08.2021 00:28:50.599,0.9052,0.9051,1,1.76
03.08.2021 00:28:50.701,0.9052,0.9051100000000001,1,1
03.08.2021 00:28:50.853,0.9052,0.9051,1,1.76
03.08.2021 00:28:51.213,0.9052,0.9051100000000001,1,1.25
03.08.2021 00:28:51.314,0.9052,0.9051,1,1.57
03.08.2021 00:28:51.467,0.9052,0.9051100000000001,1,1
03.08.2021 00:28:51.569,0.9052100000000001,0.9050900000000001,1,1.57
03.08.2021 00:28:51.772,0.9052100000000001,0.9051200000000001,1,1
03.08.2021 00:28:51.824,0.9052100000000001,0.9051,1.5,1.76
03.08.2021 00:28:51.977,0.9052100000000001,0.9051100000000001,1.5,1.25
03.08.2021 00:28:52.103,0.9052100000000001,0.9051,1.5,1.57
03.08.2021 00:28:53.286,0.9052100000000001,0.9051,1.5,2.57
03.08.2021 00:28:53.437,0.9052200000000001,0.9050900000000001,1.5,1.76
03.08.2021 00:28:53.589,0.9052100000000001,0.9051100000000001,1.5,1.25
03.08.2021 00:28:53.741,0.9052100000000001,0.9051,1.5,1.76
03.08.2021 00:28:53.842,0.9052200000000001,0.9051,1.5,1
03.08.2021 00:28:53.943,0.9052100000000001,0.9051,1.5,1.76
03.08.2021 00:28:54.094,0.9052100000000001,0.9051100000000001,1.5,1.25
03.08.2021 00:28:54.195,0.9052200000000001,0.9050900000000001,1.5,1.76
03.08.2021 00:28:55.038,0.9052100000000001,0.9051100000000001,1.5,1.25
03.08.2021 00:28:55.139,0.9052100000000001,0.9051,1.5,2.14
03.08.2021 00:28:55.734,0.9052200000000001,0.9051,1.5,1.25
03.08.2021 00:28:55.835,0.9052100000000001,0.9051,1.5,2.89
03.08.2021 00:28:55.936,0.9052200000000001,0.9051100000000001,1,1
03.08.2021 00:28:55.987,0.9052200000000001,0.9050900000000001,1.5,1.57
03.08.2021 00:28:56.189,0.9052100000000001,0.9051100000000001,1.5,1.25
03.08.2021 00:28:58.666,0.9052100000000001,0.9051100000000001,1,1.82
03.08.2021 00:28:58.819,0.9052100000000001,0.9051100000000001,1,1.01
03.08.2021 00:28:58.920,0.9052100000000001,0.9051100000000001,1,1.82
03.08.2021 00:28:59.275,0.9052100000000001,0.9051100000000001,1,1.01
03.08.2021 00:28:59.377,0.9052100000000001,0.9051100000000001,1,1.82
03.08.2021 00:28:59.529,0.9052100000000001,0.9051100000000001,1,1.01
03.08.2021 00:28:59.991,0.9052200000000001,0.9051,1,1.82
03.08.2021 00:29:00.329,0.9052200000000001,0.9051,1,1.01
03.08.2021 00:29:00.634,0.9052100000000001,0.9051100000000001,1,1.82
03.08.2021 00:29:00.737,0.9052100000000001,0.9051100000000001,1,1.01
03.08.2021 00:29:00.953,0.9052100000000001,0.9051100000000001,1,1.82
03.08.2021 00:29:01.245,0.9052100000000001,0.9051100000000001,1,1.76
03.08.2021 00:29:01.650,0.9052100000000001,0.9051100000000001,1,1.82
03.08.2021 00:29:01.752,0.9052100000000001,0.9051100000000001,1,1.01
03.08.2021 00:29:02.118,0.9052100000000001,0.9051100000000001,1,1.82
03.08.2021 00:29:02.270,0.9052100000000001,0.9051100000000001,1,1.01
03.08.2021 00:29:02.473,0.9052100000000001,0.9051100000000001,1,1.82
03.08.2021 00:29:02.887,0.90525,0.9051600000000001,1,1
03.08.2021 00:29:02.989,0.9052600000000001,0.9051700000000001,1,1.1
03.08.2021 00:29:05.098,0.9052700000000001,0.9051700000000001,1.5,2.91
03.08.2021 00:29:05.209,0.9052700000000001,0.9051700000000001,1.5,1.95
03.08.2021 00:29:05.411,0.9052700000000001,0.9051700000000001,1.5,1.97
03.08.2021 00:29:05.512,0.9052700000000001,0.9051700000000001,1.5,1.95
03.08.2021 00:29:05.613,0.9052700000000001,0.9051700000000001,1.5,2.16
03.08.2021 00:29:05.715,0.9052700000000001,0.9051700000000001,1.5,1.95
03.08.2021 00:29:05.867,0.9052700000000001,0.9051700000000001,1.5,2.16
03.08.2021 00:29:06.696,0.9052700000000001,0.9051700000000001,1.5,1.95
03.08.2021 00:29:06.848,0.9052700000000001,0.9051700000000001,1.5,1.97
03.08.2021 00:29:07.151,0.9052700000000001,0.9051700000000001,1.5,1.95
03.08.2021 00:29:07.252,0.9052700000000001,0.9051700000000001,1.5,1.97
03.08.2021 00:29:07.504,0.9052700000000001,0.9051700000000001,1.5,1.95
03.08.2021 00:29:07.653,0.9052700000000001,0.9051700000000001,1.5,1.97
03.08.2021 00:29:07.831,0.9052700000000001,0.9051700000000001,1.5,1.95
03.08.2021 00:29:07.932,0.9052700000000001,0.9051700000000001,1,2.16
03.08.2021 00:29:08.084,0.9052700000000001,0.9051700000000001,1,1.95
03.08.2021 00:29:08.186,0.9052700000000001,0.9051700000000001,1,2.16
03.08.2021 00:29:08.641,0.9052700000000001,0.9051700000000001,1,1.95
03.08.2021 00:29:08.792,0.9052700000000001,0.9051700000000001,1,1.97
03.08.2021 00:29:09.053,0.9052700000000001,0.9051700000000001,1,1.95
03.08.2021 00:29:09.154,0.9052700000000001,0.9051700000000001,1,2.16
03.08.2021 00:29:09.256,0.90528,0.9051600000000001,1,1.95
03.08.2021 00:29:09.407,0.9052700000000001,0.9051700000000001,1,1.97
03.08.2021 00:29:09.509,0.90528,0.9051600000000001,1,1.95
03.08.2021 00:29:09.610,0.9052700000000001,0.9051700000000001,1,3.16
03.08.2021 00:29:09.711,0.90528,0.90518,1,1.79
03.08.2021 00:29:09.863,0.90528,0.90519,1,1.35
03.08.2021 00:29:09.965,0.90528,0.90518,1,3.35
03.08.2021 00:29:10.167,0.90528,0.90519,1,1.35
03.08.2021 00:29:10.268,0.90528,0.90518,1,2.6
03.08.2021 00:29:10.470,0.90528,0.90519,1,1.35
03.08.2021 00:29:10.571,0.90528,0.90518,1,2.6
03.08.2021 00:29:10.672,0.90528,0.90519,1,1.35
03.08.2021 00:29:10.874,0.90528,0.90518,1,2.6
03.08.2021 00:29:11.026,0.90528,0.90519,1,1.35
03.08.2021 00:29:11.127,0.9053,0.90519,1.5,1.82
03.08.2021 00:29:11.384,0.9053,0.90519,1.5,1.01
03.08.2021 00:29:11.991,0.9053,0.90519,1.5,1.82
03.08.2021 00:29:12.300,0.90528,0.90518,1,2.6
03.08.2021 00:29:12.401,0.90528,0.90518,1,1.76
03.08.2021 00:29:12.604,0.90528,0.90518,1,2.16
03.08.2021 00:29:12.705,0.90528,0.90518,1,1.76
03.08.2021 00:29:12.806,0.90529,0.9051700000000001,1,1.6
03.08.2021 00:29:13.235,0.90528,0.90518,1,1.57
03.08.2021 00:29:13.496,0.90528,0.90518,1,1.79
03.08.2021 00:29:13.647,0.90528,0.90518,1,1.76
03.08.2021 00:29:14.006,0.90528,0.90518,1,1.6
03.08.2021 00:29:14.107,0.90528,0.90518,1,1.57
03.08.2021 00:29:14.209,0.90528,0.90518,1,2.6
03.08.2021 00:29:14.462,0.90529,0.90519,1,1.5
03.08.2021 00:29:14.564,0.90528,0.90518,1,1.79
03.08.2021 00:29:14.766,0.90528,0.90518,1,2.89
03.08.2021 00:29:14.969,0.90528,0.90518,1,1.79
03.08.2021 00:29:15.190,0.90528,0.90518,1,1.76
03.08.2021 00:29:15.342,0.90529,0.9051700000000001,1,2.54
03.08.2021 00:29:15.494,0.90529,0.90518,1.5,2.16
03.08.2021 00:29:15.645,0.90529,0.90518,1.5,2.14
03.08.2021 00:29:15.747,0.90529,0.90518,1.5,2.16
03.08.2021 00:29:16.014,0.90529,0.90518,1.5,2.89
03.08.2021 00:29:16.115,0.90529,0.9051700000000001,1,2.54
03.08.2021 00:29:16.671,0.90528,0.90518,1,2.14
03.08.2021 00:29:16.823,0.90528,0.90518,1,1.79
03.08.2021 00:29:16.975,0.90528,0.90518,1,1.76
03.08.2021 00:29:18.132,0.90528,0.90518,1,2.57
03.08.2021 00:29:18.233,0.90528,0.90518,1,1.76
03.08.2021 00:29:20.075,0.90528,0.90518,1,2.57
03.08.2021 00:29:20.228,0.90528,0.90518,1,1.76
03.08.2021 00:29:20.380,0.90528,0.90518,1,2.57
03.08.2021 00:29:20.486,0.90529,0.9051700000000001,1,1.76
03.08.2021 00:29:20.588,0.90528,0.90518,1,2.57
03.08.2021 00:29:20.689,0.90528,0.90518,1,1.76
03.08.2021 00:29:20.791,0.90528,0.90518,1,2.57
03.08.2021 00:29:20.892,0.90528,0.90518,1,1.76
03.08.2021 00:29:20.993,0.90528,0.90518,1,2.57
03.08.2021 00:29:21.097,0.90528,0.90518,1,1.76
03.08.2021 00:29:21.198,0.90528,0.90518,1,2.57
03.08.2021 00:29:21.299,0.90528,0.90518,1,1.76
03.08.2021 00:29:22.997,0.90528,0.90518,1,2.57
03.08.2021 00:29:23.098,0.90528,0.90518,1,1.76
03.08.2021 00:29:23.326,0.90529,0.9051700000000001,1,2.57
03.08.2021 00:29:23.438,0.90528,0.90518,1,1.76
03.08.2021 00:29:23.539,0.90528,0.90518,1,2.57
03.08.2021 00:29:23.640,0.90528,0.90518,1,1.76
03.08.2021 00:29:23.792,0.90528,0.90518,1,2.57
03.08.2021 00:29:23.894,0.90528,0.90518,1,1.76
03.08.2021 00:29:24.412,0.90529,0.9051700000000001,1,2.6
03.08.2021 00:29:25.113,0.90529,0.90519,1,1.1
03.08.2021 00:29:29.667,0.90529,0.90519,1,1.82
03.08.2021 00:29:29.768,0.90529,0.90519,1,1.1
03.08.2021 00:29:43.262,0.90529,0.9051700000000001,1,1.95
03.08.2021 00:29:43.767,0.9052700000000001,0.90518,1,1.1
03.08.2021 00:29:44.798,0.90528,0.90518,1,1.57
03.08.2021 00:29:51.764,0.90528,0.90519,1,1
03.08.2021 00:29:52.738,0.90528,0.90518,1,1.1
03.08.2021 00:30:02.920,0.9052700000000001,0.9051700000000001,1,2.54
03.08.2021 00:30:04.497,0.90528,0.90518,1.5,1.1
03.08.2021 00:31:39.292,0.90528,0.90518,1,2.16
03.08.2021 00:31:41.878,0.90528,0.90518,1,1.57
03.08.2021 00:31:41.980,0.90529,0.9051700000000001,1,1.79
03.08.2021 00:31:42.182,0.90528,0.90518,1,1.57
03.08.2021 00:31:42.283,0.90528,0.90518,1,1.79
03.08.2021 00:31:54.538,0.90529,0.90519,1,1.2
03.08.2021 00:32:10.788,0.90529,0.90519,1,2.2
03.08.2021 00:32:10.934,0.90529,0.90519,1,1.39
03.08.2021 00:32:11.642,0.9053,0.90518,1,2.2
03.08.2021 00:32:11.909,0.90529,0.90519,1,1.39
03.08.2021 00:32:12.516,0.90529,0.90519,1,2.2
03.08.2021 00:32:12.618,0.90529,0.90519,1,1.39
03.08.2021 00:32:13.179,0.90529,0.90519,1,1.45
03.08.2021 00:32:13.281,0.90529,0.90519,1,1.39
03.08.2021 00:32:13.382,0.90529,0.90519,1,2.2
03.08.2021 00:32:13.484,0.90529,0.90519,1,2.14
03.08.2021 00:32:13.838,0.90529,0.90519,1,2.2
03.08.2021 00:32:13.940,0.90529,0.90519,1,1.39
03.08.2021 00:32:16.596,0.90529,0.90519,1,2.64
03.08.2021 00:32:16.698,0.90533,0.90524,1,1.5
03.08.2021 00:32:16.799,0.90535,0.90525,1,1.7
03.08.2021 00:32:39.369,0.90535,0.90525,1,1.2
03.08.2021 00:32:39.521,0.90535,0.90525,1,1.72
03.08.2021 00:32:44.376,0.90536,0.9052600000000001,1,3.1
03.08.2021 00:32:44.478,0.90538,0.9052700000000001,1,1.76
03.08.2021 00:32:45.235,0.90538,0.9052700000000001,1,2.57
03.08.2021 00:32:47.690,0.90538,0.9052700000000001,1,1.95
03.08.2021 00:32:59.417,0.90539,0.9053100000000001,1,1.5
03.08.2021 00:32:59.519,0.90541,0.9053100000000001,1,3.07
03.08.2021 00:32:59.771,0.90541,0.9053200000000001,1,1.1
03.08.2021 00:32:59.822,0.90543,0.90533,1.5,1.1
03.08.2021 00:33:00.175,0.9054200000000001,0.9053100000000001,1,1.57
03.08.2021 00:33:10.308,0.9054200000000001,0.9053100000000001,1.12,1.6
03.08.2021 00:33:10.820,0.9054200000000001,0.9053100000000001,1.12,1.57
03.08.2021 00:33:16.381,0.9054200000000001,0.9053100000000001,1,3.29
03.08.2021 00:33:16.533,0.9054200000000001,0.9053200000000001,1,1.6
03.08.2021 00:33:16.641,0.90543,0.9053200000000001,1.5,4.41
03.08.2021 00:33:16.843,0.90543,0.9053200000000001,1.5,2.91
03.08.2021 00:33:29.160,0.90544,0.90534,1,1.57
03.08.2021 00:33:30.466,0.90544,0.90534,1,1.79
03.08.2021 00:33:30.568,0.90544,0.90534,1,1.57
03.08.2021 00:33:30.669,0.90544,0.90534,1,1.79
03.08.2021 00:33:30.770,0.90544,0.90534,1,1.57
03.08.2021 00:33:31.074,0.90544,0.90534,1,1.6
03.08.2021 00:33:31.176,0.90544,0.90534,1,2.51
03.08.2021 00:33:32.365,0.9054500000000001,0.90535,1.5,1
03.08.2021 00:33:33.879,0.9054700000000001,0.9053700000000001,1,1.25
03.08.2021 00:33:44.401,0.90546,0.90535,1,1.97
03.08.2021 00:33:44.502,0.9054500000000001,0.90535,1.25,1.1
03.08.2021 00:33:44.806,0.90546,0.90535,2.06,1.1
03.08.2021 00:33:45.411,0.90546,0.90535,1.94,1.57
03.08.2021 00:33:45.512,0.90546,0.90535,1.25,1.57
03.08.2021 00:33:47.340,0.9054500000000001,0.90535,1,1
03.08.2021 00:33:47.441,0.90546,0.90535,1.25,1.1
03.08.2021 00:34:19.447,0.90546,0.90535,2.95,1
03.08.2021 00:34:19.549,0.90546,0.90533,1,1.01
03.08.2021 00:34:19.752,0.9054500000000001,0.90534,1,1.35
03.08.2021 00:34:19.854,0.9054500000000001,0.90534,1,1.1
03.08.2021 00:34:22.295,0.9054500000000001,0.90534,1,1.82
03.08.2021 00:34:22.396,0.9054500000000001,0.90534,1,1.76
03.08.2021 00:34:23.255,0.9054500000000001,0.90534,1,1.82
03.08.2021 00:34:23.356,0.9054500000000001,0.90534,1,1.76
03.08.2021 00:34:25.115,0.9054500000000001,0.90534,1,1.1
03.08.2021 00:34:25.519,0.9054500000000001,0.90534,1,1.1
03.08.2021 00:34:26.075,0.90546,0.90533,1,1.82
03.08.2021 00:34:26.176,0.90546,0.90533,1.25,1.1
03.08.2021 00:34:26.825,0.9054500000000001,0.90534,1,1.82
03.08.2021 00:34:26.927,0.90546,0.90533,1,1.76
03.08.2021 00:34:27.129,0.9054500000000001,0.90534,1,1.82
03.08.2021 00:34:27.230,0.9054500000000001,0.90534,1,1.1
03.08.2021 00:34:27.483,0.9054500000000001,0.90534,1,2.2
03.08.2021 00:34:27.584,0.9054500000000001,0.90534,1,2.14
03.08.2021 00:34:28.202,0.9054500000000001,0.90534,1.25,1.22
03.08.2021 00:34:28.353,0.9054500000000001,0.90534,1,1.1
03.08.2021 00:34:28.506,0.9054500000000001,0.90534,1,1.82
03.08.2021 00:34:28.608,0.9054500000000001,0.90534,1,1.1
03.08.2021 00:34:28.862,0.9054500000000001,0.90534,1,1.82
03.08.2021 00:34:28.964,0.9054500000000001,0.90534,1,1.1
03.08.2021 00:34:31.572,0.9054500000000001,0.90534,1,1.82
03.08.2021 00:34:31.725,0.9054500000000001,0.90534,1.25,1.1
03.08.2021 00:34:31.877,0.9054500000000001,0.90534,1,1.82
03.08.2021 00:34:31.978,0.9054500000000001,0.90534,1.25,1.1
03.08.2021 00:34:32.735,0.9054500000000001,0.90534,1,2.2
03.08.2021 00:34:32.887,0.9054500000000001,0.90534,1,1.1
03.08.2021 00:34:34.958,0.9054500000000001,0.90534,1,2.2
03.08.2021 00:34:35.059,0.9054500000000001,0.90534,1,1.1
03.08.2021 00:34:35.160,0.9054500000000001,0.90534,1,2.2
03.08.2021 00:34:35.261,0.9054500000000001,0.90534,1,1.1
03.08.2021 00:34:35.362,0.9054500000000001,0.90534,1,1.82
03.08.2021 00:34:35.464,0.9054500000000001,0.90534,1,1.76
03.08.2021 00:34:35.666,0.9054500000000001,0.90534,1,2.2
03.08.2021 00:34:35.767,0.9054500000000001,0.90534,1.25,1.1
03.08.2021 00:34:36.882,0.9054500000000001,0.90534,1,2.2
03.08.2021 00:34:36.983,0.9054500000000001,0.90534,1,2.14
03.08.2021 00:34:38.196,0.9054500000000001,0.90534,1,2.2
03.08.2021 00:34:38.297,0.9054500000000001,0.90534,1,2.14
03.08.2021 00:34:39.256,0.9054500000000001,0.90534,1,2.2
03.08.2021 00:34:39.357,0.9054500000000001,0.90534,1,1.1
03.08.2021 00:34:40.871,0.9054500000000001,0.90534,1,1.1
03.08.2021 00:34:40.972,0.9054500000000001,0.90534,1,1.01
03.08.2021 00:34:41.326,0.9054500000000001,0.90534,1,2.2
03.08.2021 00:34:41.427,0.9054500000000001,0.90534,1,1.1
03.08.2021 00:34:43.164,0.9054500000000001,0.90534,1,2.2
03.08.2021 00:34:43.316,0.9054500000000001,0.90534,1,1.01
03.08.2021 00:34:44.818,0.9054500000000001,0.90535,1,1.25
03.08.2021 00:34:44.924,0.9054500000000001,0.90534,1,1.1
03.08.2021 00:34:45.127,0.9054500000000001,0.90534,1,1.82
03.08.2021 00:34:45.229,0.9054500000000001,0.90534,1,1.01
03.08.2021 00:34:45.683,0.9054500000000001,0.90534,1,2.2
03.08.2021 00:34:45.784,0.9054500000000001,0.90534,1,1.1
03.08.2021 00:34:45.935,0.9054500000000001,0.90535,1,1.25
03.08.2021 00:34:46.036,0.9054500000000001,0.90534,1.25,1.1
03.08.2021 00:34:46.541,0.9054500000000001,0.90534,1,2.2
03.08.2021 00:34:46.745,0.9054500000000001,0.90534,1,1.1
03.08.2021 00:34:48.284,0.9054500000000001,0.90535,1,1.25
03.08.2021 00:34:48.385,0.9054500000000001,0.90534,1,1.1
03.08.2021 00:34:49.104,0.9054500000000001,0.90534,1,1.82
03.08.2021 00:34:49.205,0.9054500000000001,0.90534,1,1.1
03.08.2021 00:34:49.508,0.9054500000000001,0.90535,1,1.25
03.08.2021 00:34:49.609,0.9054500000000001,0.90534,1,1.1
03.08.2021 00:34:49.811,0.9054500000000001,0.90535,1,1.25
03.08.2021 00:34:49.912,0.9054500000000001,0.90534,1,1.76
03.08.2021 00:34:50.114,0.9054500000000001,0.90535,1,1.25
03.08.2021 00:34:50.265,0.9054500000000001,0.90534,1,1.01
03.08.2021 00:34:50.720,0.90546,0.90533,1,1.82
03.08.2021 00:34:50.821,0.9054500000000001,0.90534,1,1.01
03.08.2021 00:34:51.779,0.9054500000000001,0.90534,1,1.82
03.08.2021 00:34:51.881,0.9054500000000001,0.90534,1,1.01
03.08.2021 00:34:52.689,0.9054500000000001,0.90535,1,1.25
03.08.2021 00:34:52.818,0.90546,0.90533,1,1.01
03.08.2021 00:34:52.919,0.9054500000000001,0.90534,1,1.82
03.08.2021 00:34:53.021,0.90546,0.90533,1,1.01
03.08.2021 00:34:53.122,0.90546,0.90535,1.25,1
03.08.2021 00:34:53.577,0.9054500000000001,0.90535,1.25,1
03.08.2021 00:34:53.678,0.90544,0.90534,1,1.1
03.08.2021 00:34:55.659,0.90544,0.90534,1,1.82
03.08.2021 00:34:55.760,0.90544,0.90534,1,1.1
03.08.2021 00:34:55.962,0.9054200000000001,0.90533,1,1.2
03.08.2021 00:34:56.063,0.90544,0.90534,1,1
03.08.2021 00:35:02.537,0.90543,0.90533,1,1.2
03.08.2021 00:35:06.309,0.90543,0.90533,1,2.54
03.08.2021 00:35:06.410,0.90544,0.90534,1,1.2
03.08.2021 00:35:06.865,0.90543,0.90533,1,1.6
03.08.2021 00:35:07.017,0.90544,0.90534,1,1.2
03.08.2021 00:35:30.619,0.9054500000000001,0.90535,1,1
03.08.2021 00:36:00.045,0.90544,0.90535,1,1
03.08.2021 00:36:01.411,0.90544,0.90534,2.44,1.95
03.08.2021 00:36:01.513,0.90543,0.90534,1,1.1
03.08.2021 00:36:01.615,0.90544,0.90534,2.25,1.1
03.08.2021 00:36:02.597,0.90544,0.90533,1.69,1.95
03.08.2021 00:36:03.068,0.9054500000000001,0.9053200000000001,1.69,1.6
03.08.2021 00:36:03.169,0.90544,0.90533,1.69,1.57
03.08.2021 00:36:03.373,0.90544,0.90533,1.5,1.79
03.08.2021 00:36:03.475,0.90544,0.90533,1.69,1.57
03.08.2021 00:36:03.576,0.90544,0.90533,1.5,1.79
03.08.2021 00:36:03.677,0.9054500000000001,0.9053200000000001,1.69,1.57
03.08.2021 00:36:04.121,0.90544,0.90533,1.5,1.79
03.08.2021 00:36:04.273,0.90544,0.90533,1.69,1.57
03.08.2021 00:36:04.387,0.9054500000000001,0.9053200000000001,1.5,1.79
03.08.2021 00:36:04.488,0.90544,0.90533,1.69,1.57
03.08.2021 00:36:04.590,0.90544,0.90533,1.5,1.79
03.08.2021 00:36:04.741,0.90544,0.90533,1.69,1.57
03.08.2021 00:36:05.100,0.90544,0.90533,2.5,1.57
03.08.2021 00:36:05.202,0.9054200000000001,0.90533,1,1.1
03.08.2021 00:36:14.519,0.90539,0.90529,1.5,3.45
03.08.2021 00:36:14.620,0.90538,0.90529,1,1
03.08.2021 00:36:14.722,0.9053700000000001,0.90529,1,1
03.08.2021 00:36:14.874,0.90541,0.9053100000000001,1,4.89
03.08.2021 00:36:14.975,0.9054200000000001,0.90533,1,1
03.08.2021 00:36:15.077,0.9054200000000001,0.90534,1,1
03.08.2021 00:36:15.178,0.90543,0.90534,1.69,1
03.08.2021 00:36:15.596,0.90543,0.9053100000000001,2.44,1.2
03.08.2021 00:36:15.697,0.9054200000000001,0.9053100000000001,3.44,2.07
03.08.2021 00:36:16.169,0.90541,0.9053100000000001,1,1.57
03.08.2021 00:36:20.792,0.90541,0.9053100000000001,3.44,2.32
03.08.2021 00:36:20.893,0.9054000000000001,0.90529,1,1
03.08.2021 00:36:21.948,0.9054000000000001,0.9053,2.44,1.5
03.08.2021 00:36:26.350,0.90541,0.90529,4,1.5
03.08.2021 00:36:26.553,0.9054000000000001,0.9053,3.19,1.5
03.08.2021 00:36:26.705,0.9054000000000001,0.9053,3.81,1.5
03.08.2021 00:36:26.907,0.9054000000000001,0.9053,2.25,1.5
03.08.2021 00:36:27.059,0.90539,0.9053,1.25,1.5
03.08.2021 00:36:27.211,0.9054000000000001,0.9053,2.25,1.5
03.08.2021 00:36:27.565,0.90539,0.9053,1.25,1.5
03.08.2021 00:36:27.869,0.9054000000000001,0.9053,3.19,1
03.08.2021 00:36:27.970,0.90539,0.9053,1.25,1.5
03.08.2021 00:36:28.123,0.9054000000000001,0.9053,2.25,1.5
03.08.2021 00:36:28.274,0.90539,0.9053,1.25,1.5
03.08.2021 00:36:28.376,0.9054000000000001,0.9053,3.19,1.5
03.08.2021 00:36:28.477,0.90539,0.9053,1,1
03.08.2021 00:36:28.781,0.90541,0.90529,2.62,1.5
03.08.2021 00:36:29.138,0.90539,0.9053,1.25,1.5
03.08.2021 00:36:29.290,0.9054000000000001,0.9053,2.25,1.5
03.08.2021 00:36:29.391,0.9054000000000001,0.90529,1.69,1
03.08.2021 00:36:29.897,0.9054000000000001,0.9053,2.25,1.5
03.08.2021 00:36:31.141,0.90539,0.9053,1.25,1.5
03.08.2021 00:36:31.293,0.9054000000000001,0.9053,3.19,1.5
03.08.2021 00:36:31.444,0.9054000000000001,0.90529,1.25,1
03.08.2021 00:36:31.596,0.9054000000000001,0.9053,2.25,1
03.08.2021 00:36:31.748,0.90539,0.9053,1.25,1.5
03.08.2021 00:36:31.850,0.90541,0.90529,3.19,1.5
03.08.2021 00:36:31.951,0.90539,0.9053,1.25,1.5
03.08.2021 00:36:32.053,0.9054000000000001,0.9053,2.25,1
03.08.2021 00:36:32.154,0.90539,0.9053,1.25,1
03.08.2021 00:36:32.357,0.9054000000000001,0.9053,3.19,1.5
03.08.2021 00:36:33.505,0.9054000000000001,0.90529,1.25,1.5
03.08.2021 00:36:33.606,0.9054000000000001,0.9053,3.19,1.5
03.08.2021 00:36:33.809,0.90539,0.9053,1.25,1
03.08.2021 00:36:35.126,0.9054000000000001,0.9053,1.5,1
03.08.2021 00:36:35.227,0.90539,0.9053,1.25,1
03.08.2021 00:36:35.328,0.9054000000000001,0.9053,1.69,1
03.08.2021 00:36:35.429,0.9054000000000001,0.9053,4,1
03.08.2021 00:36:35.587,0.9054000000000001,0.9053,1.5,1
03.08.2021 00:36:35.739,0.90539,0.9053,1.25,1
03.08.2021 00:36:35.891,0.9054000000000001,0.9053,2.44,1
03.08.2021 00:36:35.992,0.90539,0.9053,1.25,1
03.08.2021 00:36:36.345,0.9054000000000001,0.9053,1.5,1
03.08.2021 00:36:36.497,0.90539,0.9053,1.25,1
03.08.2021 00:36:36.752,0.9054000000000001,0.9053,1.5,1
03.08.2021 00:36:36.854,0.90539,0.9053,1.25,1.5
03.08.2021 00:36:36.955,0.9054000000000001,0.9053,2.44,1.5
03.08.2021 00:36:40.199,0.9054000000000001,0.9053200000000001,1.5,1.5
03.08.2021 00:36:40.300,0.9054000000000001,0.9053100000000001,1,1.5
03.08.2021 00:36:40.401,0.90541,0.9053100000000001,1.5,1
03.08.2021 00:36:41.967,0.90541,0.9053100000000001,3.44,1
03.08.2021 00:36:42.068,0.9054200000000001,0.9053,3.19,1
03.08.2021 00:36:43.404,0.90541,0.9053100000000001,3.44,1
03.08.2021 00:36:43.505,0.90541,0.9053100000000001,3.19,1
03.08.2021 00:36:43.707,0.9054000000000001,0.9053100000000001,1.25,1
03.08.2021 00:36:43.808,0.90541,0.9053100000000001,3.19,1
03.08.2021 00:36:43.909,0.9054000000000001,0.9053100000000001,1.25,1
03.08.2021 00:36:44.162,0.90541,0.90529,1.75,1
03.08.2021 00:36:44.263,0.90541,0.90529,1.69,1.87
03.08.2021 00:36:44.415,0.90539,0.9053,1,1.12
03.08.2021 00:36:44.516,0.9054000000000001,0.9053,1.69,1.87
03.08.2021 00:36:44.617,0.9054000000000001,0.9053,2.69,1.87
03.08.2021 00:36:44.769,0.90541,0.90529,1,2.06
03.08.2021 00:36:44.921,0.9054000000000001,0.9053,2.69,1.5
03.08.2021 00:36:45.073,0.9054000000000001,0.9053,2.44,1
03.08.2021 00:36:45.275,0.90539,0.9053,1,1
03.08.2021 00:36:45.377,0.9054000000000001,0.9053,1.69,1
03.08.2021 00:36:46.434,0.9054000000000001,0.9053,2.69,1
03.08.2021 00:36:46.588,0.9054000000000001,0.9053,2.44,1
03.08.2021 00:36:47.046,0.90539,0.9053,1,1
03.08.2021 00:36:51.226,0.9054000000000001,0.9053,1.69,1
03.08.2021 00:36:55.549,0.9054000000000001,0.90529,1,1
03.08.2021 00:36:57.652,0.9054000000000001,0.9053,1.5,1
03.08.2021 00:37:05.632,0.90541,0.9053100000000001,2.44,1
03.08.2021 00:37:05.985,0.90541,0.9053200000000001,1,1
03.08.2021 00:37:06.087,0.9054200000000001,0.90533,1,1.1
03.08.2021 00:37:06.809,0.90543,0.90533,1,1.57
03.08.2021 00:37:13.589,0.90543,0.90533,1,1.6
03.08.2021 00:37:18.193,0.90544,0.90534,1,1.2
03.08.2021 00:37:18.294,0.90544,0.90534,1,1.97
03.08.2021 00:37:18.597,0.90544,0.90534,1,1.95
03.08.2021 00:37:41.784,0.90543,0.90534,1,1.1
03.08.2021 00:37:41.835,0.9054500000000001,0.90534,1.5,1.57
03.08.2021 00:37:43.928,0.9054500000000001,0.90534,2.69,1.57
03.08.2021 00:37:44.030,0.9054500000000001,0.90534,1.5,2.51
03.08.2021 00:37:44.182,0.9054500000000001,0.90534,2.69,1.57
03.08.2021 00:37:44.283,0.9054500000000001,0.90534,1.69,1.57
03.08.2021 00:37:44.384,0.9054500000000001,0.90534,2.69,1.57
03.08.2021 00:37:44.485,0.9054500000000001,0.90534,1.69,1.57
03.08.2021 00:37:47.472,0.90546,0.90533,2.69,1.57
03.08.2021 00:37:47.624,0.9054500000000001,0.90534,1.69,1.57
03.08.2021 00:37:49.421,0.9054500000000001,0.90534,2.69,1.57
03.08.2021 00:37:49.522,0.9054500000000001,0.90534,1.69,1.57
03.08.2021 00:37:50.259,0.9054500000000001,0.90534,2.69,1.57
03.08.2021 00:37:50.360,0.9054500000000001,0.90534,1.5,2.51
03.08.2021 00:37:50.612,0.9054500000000001,0.90534,2.69,1.57
03.08.2021 00:37:50.714,0.9054500000000001,0.90534,1.69,1.57
03.08.2021 00:37:51.175,0.9054500000000001,0.90534,2.69,1.57
03.08.2021 00:37:51.277,0.9054500000000001,0.90534,1.69,1.57
03.08.2021 00:37:56.461,0.9054500000000001,0.90534,2.69,1.57
03.08.2021 00:37:56.562,0.9054500000000001,0.90534,1.69,1.57
03.08.2021 00:38:19.687,0.9054500000000001,0.90534,2.69,1.57
03.08.2021 00:38:19.788,0.9054500000000001,0.90534,1.69,1.57
03.08.2021 00:38:20.699,0.9054500000000001,0.90534,2.69,1.57
03.08.2021 00:38:20.800,0.9054500000000001,0.90534,1.69,1.57
03.08.2021 00:38:21.254,0.9054500000000001,0.90534,2.69,1.57
03.08.2021 00:38:21.355,0.9054500000000001,0.90534,1.69,1.57
03.08.2021 00:38:22.062,0.9054500000000001,0.90534,1.5,2.97
03.08.2021 00:38:22.163,0.9054500000000001,0.90534,1.5,2.14
03.08.2021 00:38:22.749,0.9054500000000001,0.90534,1.5,2.95
03.08.2021 00:38:22.851,0.90546,0.90533,1.5,2.14
03.08.2021 00:38:23.306,0.9054500000000001,0.90534,1.5,2.95
03.08.2021 00:38:23.507,0.9054500000000001,0.90534,1.5,2.14
03.08.2021 00:38:24.032,0.90546,0.90533,1.5,2.95
03.08.2021 00:38:24.487,0.9054500000000001,0.90534,1.5,2.14
03.08.2021 00:38:24.588,0.9054500000000001,0.90534,1.5,2.95
03.08.2021 00:38:24.891,0.9054500000000001,0.90534,1.5,2.14
03.08.2021 00:38:25.304,0.9054500000000001,0.90534,1.5,2.95
03.08.2021 00:38:25.405,0.90546,0.90533,1.5,2.14
03.08.2021 00:38:26.214,0.9054500000000001,0.90535,1.5,1.25
03.08.2021 00:38:26.316,0.9054500000000001,0.90534,1.5,3.26
03.08.2021 00:38:26.955,0.9054500000000001,0.90534,1.5,3.32
03.08.2021 00:38:27.056,0.9054500000000001,0.90534,1.5,2.14
03.08.2021 00:38:27.157,0.90546,0.90533,1.5,3.32
03.08.2021 00:38:27.259,0.9054500000000001,0.90534,1.5,2.51
03.08.2021 00:38:29.053,0.9054500000000001,0.90534,1.5,2.16
03.08.2021 00:38:29.155,0.9054500000000001,0.90534,1.5,2.14
03.08.2021 00:38:29.578,0.90546,0.90533,1.5,2.16
03.08.2021 00:38:29.680,0.9054500000000001,0.90534,1.5,1.2
03.08.2021 00:38:29.832,0.9054500000000001,0.90534,1.5,2.2
03.08.2021 00:38:29.935,0.9054500000000001,0.90534,1.5,1.2
03.08.2021 00:38:30.088,0.90546,0.90533,1.5,2.2
03.08.2021 00:38:30.189,0.9054500000000001,0.90534,1.5,1.39
03.08.2021 00:38:30.495,0.9054500000000001,0.90534,1.5,2.2
03.08.2021 00:38:30.596,0.9054500000000001,0.90534,1.5,1.39
03.08.2021 00:38:30.850,0.9054500000000001,0.90534,1.5,2.2
03.08.2021 00:38:30.952,0.9054500000000001,0.90534,1.5,1.39
03.08.2021 00:38:31.308,0.9054500000000001,0.90534,1.5,2.2
03.08.2021 00:38:31.409,0.9054500000000001,0.90534,1.5,1.39
03.08.2021 00:38:31.681,0.9054500000000001,0.90534,1.5,2.2
03.08.2021 00:38:31.783,0.9054500000000001,0.90534,1.5,1.2
03.08.2021 00:38:31.885,0.9054500000000001,0.90534,1.5,2.2
03.08.2021 00:38:31.986,0.9054500000000001,0.90534,1.5,1.39
03.08.2021 00:38:36.861,0.9054500000000001,0.90535,1.5,1
03.08.2021 00:39:01.827,0.9054700000000001,0.90541,1,1
03.08.2021 00:39:01.878,0.90551,0.90541,1.12,2.32
03.08.2021 00:39:01.979,0.9055000000000001,0.90541,1,1.95
03.08.2021 00:39:02.030,0.9055200000000001,0.90541,1.69,2.7
03.08.2021 00:39:02.081,0.9055000000000001,0.90541,1,1.87
03.08.2021 00:39:02.486,0.90548,0.90539,1,2.75
03.08.2021 00:39:02.536,0.90548,0.90536,1,1.1
03.08.2021 00:39:02.587,0.9054700000000001,0.90536,1.5,1.76
03.08.2021 00:39:03.940,0.90546,0.90536,1,1.5
03.08.2021 00:39:14.058,0.9054700000000001,0.90536,1.5,1.76
03.08.2021 00:39:16.698,0.90546,0.90536,1,1
03.08.2021 00:39:19.689,0.90546,0.90535,1.5,1.76
03.08.2021 00:39:32.803,0.9054700000000001,0.90536,1.87,1
03.08.2021 00:39:54.717,0.9054500000000001,0.90535,1,1.1
03.08.2021 00:40:09.529,0.90546,0.90536,1,1
03.08.2021 00:41:02.689,0.9054500000000001,0.90534,1,1.57
03.08.2021 00:41:12.144,0.9054500000000001,0.90534,1,1.22
03.08.2021 00:41:32.722,0.9054700000000001,0.90534,1.5,1.1
03.08.2021 00:42:10.877,0.90548,0.90538,2.25,1
03.08.2021 00:42:11.561,0.9054700000000001,0.9053700000000001,1,1
03.08.2021 00:42:12.916,0.90548,0.90538,1.5,1
03.08.2021 00:42:14.030,0.90548,0.90535,1,1.39
03.08.2021 00:42:14.132,0.90548,0.90535,1,2.16
03.08.2021 00:42:15.472,0.9054700000000001,0.90536,1,1.76
03.08.2021 00:42:21.968,0.90546,0.90534,1,1
03.08.2021 00:42:28.616,0.9054500000000001,0.90535,1,1.82
03.08.2021 00:42:28.768,0.90546,0.90536,1.5,1
03.08.2021 00:43:57.994,0.9054500000000001,0.90536,1,1.25
03.08.2021 00:44:08.987,0.90546,0.90536,1.5,1
03.08.2021 00:44:15.301,0.9054500000000001,0.90534,1,1.39
03.08.2021 00:44:43.797,0.9054500000000001,0.90534,1,1.45
03.08.2021 00:45:03.135,0.9054700000000001,0.9053700000000001,1.5,1
03.08.2021 00:45:08.197,0.90546,0.9053700000000001,1,1
03.08.2021 00:45:15.442,0.90546,0.90536,1.5,1.76
03.08.2021 00:45:39.700,0.9054500000000001,0.90535,1,1.2
03.08.2021 00:45:42.379,0.90544,0.90533,1.5,1.6
03.08.2021 00:45:42.430,0.90544,0.90533,1.5,1.2
03.08.2021 00:45:44.078,0.9054200000000001,0.9053200000000001,1,2.47
03.08.2021 00:45:44.230,0.90543,0.90533,1,1.57
03.08.2021 00:45:51.666,0.90543,0.90533,1,2.07
03.08.2021 00:45:51.768,0.9054500000000001,0.90533,1.5,1.2
03.08.2021 00:45:51.869,0.90544,0.90534,1,1.89
03.08.2021 00:46:46.718,0.9054500000000001,0.90535,1.5,1.12
03.08.2021 00:47:28.128,0.90546,0.90536,1.5,1
03.08.2021 00:48:12.347,0.9054500000000001,0.90536,1,1
03.08.2021 00:48:13.004,0.90546,0.90536,1.5,1.25
03.08.2021 00:48:13.286,0.9054500000000001,0.90536,1,1
03.08.2021 00:48:36.137,0.9054700000000001,0.90535,1.5,1
03.08.2021 00:49:06.408,0.90548,0.90536,1,1.51
03.08.2021 00:50:00.393,0.90546,0.90536,1,1.51
03.08.2021 00:50:00.956,0.90546,0.90536,1,1.51
03.08.2021 00:50:55.371,0.9054700000000001,0.9053700000000001,1.5,1.31
03.08.2021 00:51:25.257,0.9055000000000001,0.90541,1.5,1.12
03.08.2021 00:51:25.358,0.90548,0.90539,1,1.5
03.08.2021 00:51:25.460,0.9054700000000001,0.9053700000000001,1,1.6
03.08.2021 00:52:10.473,0.9054700000000001,0.90538,1,1
03.08.2021 00:52:10.524,0.9055000000000001,0.9054000000000001,1.5,1.1
03.08.2021 00:52:10.676,0.9055000000000001,0.90541,1,1.5
03.08.2021 00:52:10.885,0.90551,0.90541,1.5,2.07
03.08.2021 00:52:10.986,0.90551,0.90541,1.5,2.7
03.08.2021 00:52:40.857,0.9054700000000001,0.9053700000000001,1,3.39
03.08.2021 00:52:40.908,0.9054700000000001,0.9053700000000001,1.5,1.12
03.08.2021 00:52:40.959,0.90551,0.9054000000000001,2.25,3.35
03.08.2021 00:52:41.061,0.90549,0.90539,1.5,2.44
03.08.2021 00:52:41.163,0.90548,0.90539,1,1
03.08.2021 00:52:50.064,0.9054700000000001,0.9053700000000001,1.5,1.2
03.08.2021 00:53:08.364,0.90548,0.90539,1,1.5
03.08.2021 00:53:08.517,0.90548,0.90538,1.5,1.2
03.08.2021 00:53:08.619,0.9054700000000001,0.90538,1,1
03.08.2021 00:53:10.229,0.9055000000000001,0.9054000000000001,1,1.39
03.08.2021 00:53:10.331,0.9055200000000001,0.9054000000000001,1.5,1.2
03.08.2021 00:53:10.483,0.9055000000000001,0.9054000000000001,1,1.91
03.08.2021 00:53:10.686,0.9055000000000001,0.90538,1,1.2
03.08.2021 00:53:10.787,0.90548,0.90538,1,1.51
03.08.2021 00:53:20.428,0.90548,0.90539,1.5,1
03.08.2021 00:53:20.479,0.90551,0.90541,1.5,1.1
03.08.2021 00:53:20.833,0.90551,0.90541,1.5,1.41
03.08.2021 00:53:26.057,0.90551,0.90541,1.5,1.2
03.08.2021 00:53:36.430,0.9055000000000001,0.9054000000000001,1,2.07
03.08.2021 00:53:36.532,0.90551,0.90541,1.5,1.2
03.08.2021 00:53:39.235,0.9055000000000001,0.9054000000000001,1,2.1
03.08.2021 00:53:39.488,0.9055200000000001,0.9054000000000001,1.5,1.2
03.08.2021 00:53:59.791,0.90551,0.90541,1.5,1.22
03.08.2021 00:54:02.976,0.90551,0.90543,1,1
03.08.2021 00:54:03.078,0.90554,0.9054500000000001,3.75,1
03.08.2021 00:54:03.180,0.9055200000000001,0.90546,1,1
03.08.2021 00:54:03.232,0.90554,0.90546,1,1
03.08.2021 00:54:03.434,0.90554,0.9054500000000001,1.5,2.51
03.08.2021 00:54:04.569,0.90554,0.9054500000000001,1.5,2.57
03.08.2021 00:54:04.956,0.90554,0.90544,1.5,1.1
03.08.2021 00:54:05.107,0.90554,0.90544,1.5,1.1
03.08.2021 00:54:08.341,0.90554,0.90544,1.5,1.1
03.08.2021 00:54:10.593,0.90553,0.90544,1,1.1
03.08.2021 00:54:11.333,0.90553,0.90541,1,2.54
03.08.2021 00:54:13.316,0.9055200000000001,0.90541,1,1.22
03.08.2021 00:54:13.417,0.9055200000000001,0.9054200000000001,1,1.41
03.08.2021 00:54:13.569,0.90551,0.9054200000000001,1,1.22
03.08.2021 00:54:13.772,0.9055200000000001,0.9054200000000001,1,1.41
03.08.2021 00:54:14.247,0.90551,0.9054200000000001,1,1.22
03.08.2021 00:54:14.348,0.9055200000000001,0.9054200000000001,1,1.22
03.08.2021 00:54:20.179,0.90553,0.9054200000000001,1.5,2.16
03.08.2021 00:54:23.617,0.9055200000000001,0.9054200000000001,1,2.16
03.08.2021 00:54:38.263,0.90551,0.9054200000000001,1,2.54
03.08.2021 00:54:45.423,0.9055200000000001,0.9054200000000001,1,2.16
03.08.2021 00:54:52.609,0.90551,0.9054200000000001,1,1.6
03.08.2021 00:54:58.403,0.9055200000000001,0.9054200000000001,1,1.1
03.08.2021 00:55:00.135,0.90551,0.9054200000000001,1,1.1
03.08.2021 00:55:00.287,0.9055500000000001,0.90548,1.12,1.57
03.08.2021 00:55:00.389,0.90554,0.9054700000000001,1,1
03.08.2021 00:55:00.491,0.9055200000000001,0.90544,1,2.66
03.08.2021 00:55:00.593,0.90551,0.90541,1,2.91
03.08.2021 00:55:47.624,0.90551,0.9054200000000001,1,1.1
03.08.2021 00:55:48.256,0.90551,0.9054000000000001,1,1.22
03.08.2021 00:55:50.236,0.9055000000000001,0.9054000000000001,1.5,3.1
03.08.2021 00:55:50.338,0.9055000000000001,0.90541,1.5,1.41
03.08.2021 00:55:54.958,0.90551,0.9054200000000001,1.5,1.6
03.08.2021 00:56:01.382,0.9055000000000001,0.90541,1,1.85
03.08.2021 00:56:05.095,0.90551,0.90539,1.5,2.85
03.08.2021 00:56:05.247,0.9055000000000001,0.90541,1,1.6
03.08.2021 00:56:05.349,0.90548,0.9054000000000001,1.1,1.5
03.08.2021 00:56:05.400,0.90548,0.90539,1.1,1
03.08.2021 00:56:05.501,0.9054700000000001,0.9053700000000001,1.57,2.82
03.08.2021 00:56:05.602,0.9054700000000001,0.9053700000000001,1.57,1.2
03.08.2021 00:56:05.704,0.90546,0.9053700000000001,1,1.2
03.08.2021 00:56:11.306,0.9054500000000001,0.90535,1,1.39
03.08.2021 00:56:12.202,0.90546,0.90534,1,1.62
03.08.2021 00:56:19.929,0.9054500000000001,0.90535,1,1
03.08.2021 00:56:20.225,0.90546,0.90535,1.5,1
03.08.2021 00:56:41.940,0.90546,0.90535,1.5,1.5
03.08.2021 00:56:49.125,0.9054700000000001,0.9053700000000001,1.69,1
03.08.2021 00:56:56.632,0.90548,0.90538,1.5,1
03.08.2021 00:56:56.735,0.9054700000000001,0.9053700000000001,1,2.44
03.08.2021 00:56:56.837,0.9054700000000001,0.9053700000000001,1,3.39
03.08.2021 00:57:05.025,0.90546,0.9053700000000001,1,1
03.08.2021 00:57:05.126,0.90546,0.90536,1.69,1
03.08.2021 00:57:14.594,0.90548,0.90539,1.1,1
03.08.2021 00:57:14.697,0.9055000000000001,0.90539,2.25,1.12
03.08.2021 00:57:18.840,0.9055000000000001,0.9053700000000001,3.51,1.35
03.08.2021 00:57:18.941,0.9055000000000001,0.9053700000000001,2.51,2.7
03.08.2021 00:57:19.903,0.90549,0.9053700000000001,1,2.7
03.08.2021 00:57:21.044,0.9054700000000001,0.9053700000000001,1,1.51
03.08.2021 00:57:21.095,0.90549,0.9053700000000001,1.12,1.51
03.08.2021 00:57:21.196,0.9055000000000001,0.90536,1.12,1.51
03.08.2021 00:57:22.564,0.90548,0.9053700000000001,1,2.26
03.08.2021 00:57:26.470,0.9055200000000001,0.90541,1.5,1.57
03.08.2021 00:57:26.521,0.9055000000000001,0.90541,1,1.2
03.08.2021 00:57:26.673,0.90551,0.90541,1,1.95
03.08.2021 00:57:30.278,0.9055200000000001,0.90541,1,1.2
03.08.2021 00:57:37.270,0.90551,0.90541,1,1.95
03.08.2021 00:58:35.100,0.9055200000000001,0.9054200000000001,1,1.01
03.08.2021 00:58:38.336,0.90551,0.90541,1,2.07
03.08.2021 00:59:33.315,0.9055200000000001,0.90541,1.57,2.64
03.08.2021 00:59:57.453,0.90551,0.90541,1,2.07
03.08.2021 01:00:00.538,0.90551,0.9054000000000001,1,1.6
03.08.2021 01:00:01.195,0.90549,0.90539,1.5,2.82
03.08.2021 01:00:01.246,0.90548,0.90538,2.51,2.62
03.08.2021 01:00:01.297,0.90546,0.90536,1,2.66
03.08.2021 01:00:01.398,0.90546,0.90536,1.5,1.1
03.08.2021 01:00:06.424,0.9054500000000001,0.90535,1,1
03.08.2021 01:00:20.123,0.90546,0.9053700000000001,1,1.12
03.08.2021 01:00:20.275,0.9054700000000001,0.9053700000000001,1.5,1.12
03.08.2021 01:00:21.616,0.90546,0.9053700000000001,1,1.12
03.08.2021 01:00:21.718,0.90548,0.90536,1.69,1.12
03.08.2021 01:00:21.870,0.90546,0.9053700000000001,1,1.12
03.08.2021 01:00:21.971,0.9054700000000001,0.9053700000000001,1.69,1.12
03.08.2021 01:00:22.072,0.90546,0.9053700000000001,1,1.12
03.08.2021 01:00:22.274,0.9054700000000001,0.9053700000000001,1.5,1.12
03.08.2021 01:00:22.781,0.90546,0.9053700000000001,1,1.12
03.08.2021 01:00:22.883,0.9054700000000001,0.9053700000000001,1.69,1.12
03.08.2021 01:00:25.126,0.90546,0.9053700000000001,1,1.12
03.08.2021 01:00:25.227,0.9054700000000001,0.9053700000000001,1.69,1.12
03.08.2021 01:00:25.953,0.90546,0.9053700000000001,1,1.12
03.08.2021 01:00:26.055,0.9054700000000001,0.9053700000000001,1.69,1.12
03.08.2021 01:00:26.207,0.90546,0.9053700000000001,1,1.12
03.08.2021 01:00:26.308,0.9054700000000001,0.9053700000000001,1.5,1.12
03.08.2021 01:00:28.416,0.90546,0.9053700000000001,1,1.12
03.08.2021 01:00:28.517,0.9054700000000001,0.9053700000000001,1.76,1.12
03.08.2021 01:00:29.428,0.9054700000000001,0.90536,1,1.12
03.08.2021 01:00:29.530,0.9054700000000001,0.9053700000000001,1.57,1.12
03.08.2021 01:00:29.631,0.9054500000000001,0.9053700000000001,1,1.12
03.08.2021 01:00:31.886,0.90546,0.90536,1.69,1.6
03.08.2021 01:00:32.052,0.9054500000000001,0.90536,1,1.51
03.08.2021 01:00:32.519,0.90546,0.90536,1.5,2.07
03.08.2021 01:00:32.974,0.9054500000000001,0.90536,1,1.6
03.08.2021 01:00:33.549,0.90546,0.90536,1.5,2.26
03.08.2021 01:00:33.650,0.9054500000000001,0.90536,1,1.6
03.08.2021 01:00:33.751,0.90546,0.90536,1.5,2.07
03.08.2021 01:00:33.853,0.9054500000000001,0.90536,1,1.6
03.08.2021 01:00:33.955,0.90546,0.90536,1.5,1.6
03.08.2021 01:00:38.117,0.9054500000000001,0.90536,1,1.6
03.08.2021 01:00:41.557,0.90546,0.90536,1,1.6
03.08.2021 01:00:41.961,0.9054500000000001,0.90536,1,1.6
03.08.2021 01:00:42.112,0.90546,0.90536,1,1.6
03.08.2021 01:00:44.096,0.9054500000000001,0.90536,1,1.6
03.08.2021 01:00:44.248,0.90546,0.90536,1,1.6
03.08.2021 01:00:44.400,0.9054500000000001,0.90536,1,1.6
03.08.2021 01:00:44.603,0.90546,0.90536,1.5,1.6
03.08.2021 01:00:44.705,0.90544,0.90534,1,2.32
03.08.2021 01:00:44.806,0.90544,0.90534,1,1.6
03.08.2021 01:00:46.936,0.90543,0.90534,1,1.6
03.08.2021 01:00:53.749,0.90544,0.90534,1,1.51
