Gmt time,Ask,Bid,AskVolume,BidVolume
27.08.2021 00:00:00.168,1.26864,1.26855,1,1
27.08.2021 00:00:00.269,1.26868,1.2685700000000002,1.5,2.07
27.08.2021 00:00:00.320,1.2687000000000002,1.26862,1,1
27.08.2021 00:00:00.421,1.26871,1.26862,1,1
27.08.2021 00:00:00.573,1.26871,1.26863,1.12,1
27.08.2021 00:00:00.828,1.26876,1.26862,1.1,1
27.08.2021 00:00:01.367,1.26876,1.26863,1.1,1
27.08.2021 00:00:01.519,1.26878,1.2686600000000001,2.55,1
27.08.2021 00:00:01.670,1.26878,1.2686600000000001,1.8,1
27.08.2021 00:00:02.051,1.26879,1.2686600000000001,1.1,1
27.08.2021 00:00:02.102,1.2688000000000001,1.26869,1.7,1
27.08.2021 00:00:02.203,1.26883,1.26873,2,1
27.08.2021 00:00:02.254,1.26882,1.26874,1.5,1
27.08.2021 00:00:02.355,1.26886,1.26873,1.72,1
27.08.2021 00:00:02.506,1.2688700000000002,1.26873,1.72,1
27.08.2021 00:00:02.657,1.26885,1.26873,1.1,1
27.08.2021 00:00:02.759,1.26886,1.26873,1.2,1
27.08.2021 00:00:03.131,1.26886,1.26875,1.1,1
27.08.2021 00:00:04.964,1.26886,1.26875,1.22,1
27.08.2021 00:00:05.439,1.26885,1.26876,1.2,1
27.08.2021 00:00:05.641,1.26886,1.26875,1.22,1
27.08.2021 00:00:06.096,1.26885,1.26874,1.1,1
27.08.2021 00:00:10.742,1.26882,1.26872,1,1
27.08.2021 00:00:10.793,1.26881,1.26869,1,1
27.08.2021 00:00:16.836,1.26882,1.26875,1.2,1
27.08.2021 00:00:16.988,1.26886,1.26874,2.05,1
27.08.2021 00:00:17.089,1.26885,1.26875,2.02,1
27.08.2021 00:00:24.062,1.26886,1.2688000000000001,1.1,1
27.08.2021 00:00:24.114,1.2689100000000002,1.26879,2.1,1
27.08.2021 00:00:24.215,1.2689100000000002,1.2688000000000001,2.07,1
27.08.2021 00:00:24.317,1.26892,1.26881,2.8,1
27.08.2021 00:00:24.421,1.26893,1.2688000000000001,2.42,1
27.08.2021 00:00:24.522,1.26893,1.26882,1.2,1
27.08.2021 00:00:26.472,1.26894,1.26882,3.15,1
27.08.2021 00:00:26.573,1.26895,1.26883,2.17,1
27.08.2021 00:00:36.390,1.26894,1.26886,1,1
27.08.2021 00:00:36.441,1.2689700000000002,1.26884,1.2,1
27.08.2021 00:00:36.492,1.26895,1.26882,1.57,1.12
27.08.2021 00:00:36.593,1.26893,1.26882,3.19,1.12
27.08.2021 00:00:36.644,1.2689100000000002,1.2687700000000002,1,1.6
27.08.2021 00:00:36.694,1.26893,1.2688000000000001,1.97,1
27.08.2021 00:00:36.795,1.26894,1.26881,1.77,1
27.08.2021 00:00:36.896,1.26894,1.26881,1.65,1
27.08.2021 00:00:37.235,1.26895,1.26882,2.17,1
27.08.2021 00:00:38.202,1.26895,1.26881,2.8,1
27.08.2021 00:00:38.354,1.26894,1.2688000000000001,1.1,1
27.08.2021 00:00:40.530,1.26893,1.26882,1.2,1
27.08.2021 00:00:40.632,1.26895,1.26881,1.95,1
27.08.2021 00:00:42.480,1.26896,1.26881,1,1.57
27.08.2021 00:00:42.581,1.26898,1.26882,1.7,1
27.08.2021 00:00:42.974,1.26899,1.26882,1.67,1.1
27.08.2021 00:00:43.813,1.2690000000000001,1.2688700000000002,1.1,1
27.08.2021 00:00:43.935,1.26905,1.26896,1.6,1
27.08.2021 00:00:44.087,1.26905,1.2689700000000002,1,1
27.08.2021 00:00:44.188,1.2691000000000001,1.26896,1,1.5
27.08.2021 00:00:44.485,1.26912,1.26898,1.2,1
27.08.2021 00:00:45.170,1.26914,1.2690299999999999,1.2,1
27.08.2021 00:00:45.272,1.26918,1.26904,1.6,1
27.08.2021 00:00:45.373,1.26918,1.26904,1,1
27.08.2021 00:00:48.495,1.2692,1.26906,2.4,1
27.08.2021 00:00:48.601,1.2692,1.26905,1.27,1
27.08.2021 00:00:51.076,1.2692,1.26906,1,3.05
27.08.2021 00:00:51.177,1.2692700000000001,1.2692100000000002,2.25,1
27.08.2021 00:00:51.279,1.26928,1.2692100000000002,1,1
27.08.2021 00:00:51.827,1.26933,1.2692,1,1
27.08.2021 00:00:52.029,1.2693200000000002,1.26925,1,2.07
27.08.2021 00:00:52.080,1.26939,1.26926,1,1
27.08.2021 00:00:52.181,1.26939,1.2692700000000001,1,1.57
27.08.2021 00:00:52.283,1.2694100000000001,1.2692700000000001,1,1
27.08.2021 00:00:56.123,1.26939,1.2692700000000001,1,1.1
27.08.2021 00:00:56.225,1.26939,1.2692700000000001,1,1.1
27.08.2021 00:00:56.598,1.26933,1.26923,1,1.5
27.08.2021 00:00:56.649,1.2693200000000002,1.2692100000000002,1,2.32
27.08.2021 00:00:56.750,1.2693200000000002,1.2692,1,1.2
27.08.2021 00:00:56.901,1.2693200000000002,1.26919,1,1.57
27.08.2021 00:01:01.261,1.26929,1.26919,1,1.1
27.08.2021 00:01:01.464,1.2693400000000001,1.26926,1.5,1.12
27.08.2021 00:01:01.567,1.2693400000000001,1.2692200000000002,1.12,1
27.08.2021 00:01:01.618,1.26933,1.2692,1,3.9
27.08.2021 00:01:01.719,1.2693100000000002,1.2692200000000002,1,1.57
27.08.2021 00:01:05.466,1.2693400000000001,1.26923,1.5,1
27.08.2021 00:01:05.517,1.2693200000000002,1.26918,1,2.1
27.08.2021 00:01:05.618,1.2693100000000002,1.26918,1,1.6
27.08.2021 00:01:10.855,1.26924,1.26914,1,1.5
27.08.2021 00:01:11.058,1.26923,1.2691100000000002,1,1.57
27.08.2021 00:01:11.209,1.26923,1.2691000000000001,1,1.1
27.08.2021 00:01:12.051,1.26919,1.2691000000000001,1,1.5
27.08.2021 00:01:12.153,1.2691700000000001,1.26904,1,1.6
27.08.2021 00:01:12.255,1.2691700000000001,1.26904,1,1.1
27.08.2021 00:01:14.412,1.2691700000000001,1.2690299999999999,1,1.57
27.08.2021 00:01:14.563,1.26916,1.2690299999999999,1,1.57
27.08.2021 00:01:16.027,1.26916,1.26904,1,1
27.08.2021 00:01:16.128,1.26916,1.2690299999999999,1,1.57
27.08.2021 00:01:17.312,1.26918,1.26904,1,1
27.08.2021 00:01:21.075,1.26918,1.26904,1.1,1.5
27.08.2021 00:01:24.341,1.26918,1.2690299999999999,1.1,1.87
27.08.2021 00:01:26.358,1.26918,1.2690299999999999,1.1,2.62
27.08.2021 00:01:27.613,1.2692100000000002,1.2691100000000002,1.6,1
27.08.2021 00:01:27.765,1.26923,1.2691000000000001,1.1,1
27.08.2021 00:01:32.487,1.2691700000000001,1.26905,1.1,2.32
27.08.2021 00:01:32.588,1.2691700000000001,1.26904,1.1,1.12
27.08.2021 00:01:33.672,1.26916,1.26906,1.1,1
27.08.2021 00:01:33.724,1.2692,1.26909,1.1,1.5
27.08.2021 00:01:33.825,1.2692,1.2690700000000001,1.1,2.75
27.08.2021 00:01:33.927,1.26919,1.26906,1.1,1.95
27.08.2021 00:01:40.379,1.2691700000000001,1.26904,1.1,1
27.08.2021 00:01:40.631,1.2691700000000001,1.26906,1.1,1
27.08.2021 00:01:40.785,1.2691700000000001,1.26906,1.1,1
27.08.2021 00:01:41.916,1.2691700000000001,1.26904,1.1,1
27.08.2021 00:01:42.018,1.26916,1.26905,1.1,1
27.08.2021 00:01:43.721,1.26918,1.26904,1.1,1.5
27.08.2021 00:01:45.446,1.26915,1.26904,1.1,2
27.08.2021 00:01:45.649,1.26915,1.26904,1.1,1.87
27.08.2021 00:01:47.527,1.26916,1.26905,1.1,1
27.08.2021 00:01:47.629,1.26918,1.26904,1.1,1
27.08.2021 00:01:49.246,1.2691700000000001,1.2690700000000001,1.1,1
27.08.2021 00:01:49.297,1.2692100000000002,1.2691000000000001,1.1,1
27.08.2021 00:01:49.398,1.2692200000000002,1.2691000000000001,1.65,1.5
27.08.2021 00:01:53.124,1.2691700000000001,1.2690700000000001,1.1,1
27.08.2021 00:01:53.225,1.26916,1.26905,1.1,1
27.08.2021 00:01:53.327,1.26916,1.2690299999999999,1.1,1
27.08.2021 00:01:54.405,1.26916,1.2690299999999999,1.1,1.5
27.08.2021 00:01:54.607,1.26916,1.2690299999999999,1.1,1.5
27.08.2021 00:01:56.193,1.26915,1.26904,1.1,1.5
27.08.2021 00:01:56.799,1.26916,1.2690299999999999,1.1,1.5
27.08.2021 00:01:57.102,1.26916,1.2690299999999999,1.1,1.5
27.08.2021 00:01:58.061,1.26916,1.2690299999999999,1.1,1.5
27.08.2021 00:01:58.364,1.26916,1.2690299999999999,1.1,1.5
27.08.2021 00:01:59.103,1.26916,1.26904,1.1,1
27.08.2021 00:01:59.305,1.26916,1.2690299999999999,1.1,1.5
27.08.2021 00:02:03.112,1.26915,1.26909,1,1
27.08.2021 00:02:03.163,1.2692100000000002,1.26908,1.2,1.12
27.08.2021 00:02:03.315,1.2692100000000002,1.26906,1.1,1.5
27.08.2021 00:02:03.366,1.2692100000000002,1.26906,1.1,1
27.08.2021 00:02:04.085,1.2692100000000002,1.26906,1.1,1
27.08.2021 00:02:05.890,1.26923,1.2691000000000001,1.1,1
27.08.2021 00:02:06.092,1.26923,1.2691000000000001,1.1,1
27.08.2021 00:02:26.896,1.26925,1.26913,1,1.57
27.08.2021 00:02:26.997,1.26926,1.26913,1,1
27.08.2021 00:02:27.681,1.2692700000000001,1.26916,1,1.5
27.08.2021 00:02:27.782,1.26933,1.26919,1.7,1.1
27.08.2021 00:02:27.833,1.26936,1.2692200000000002,3.85,3
27.08.2021 00:02:27.884,1.26937,1.2692700000000001,1.12,1
27.08.2021 00:02:27.985,1.2694,1.2692700000000001,1.5,1.1
27.08.2021 00:02:28.086,1.2694200000000002,1.26929,1,1.1
27.08.2021 00:02:28.667,1.26943,1.26929,1,1.57
27.08.2021 00:02:29.411,1.2694400000000001,1.2693100000000002,1.97,1
27.08.2021 00:02:30.398,1.26945,1.2693,1.97,1
27.08.2021 00:02:32.422,1.2694200000000002,1.26929,1,1.1
27.08.2021 00:02:39.080,1.2694200000000002,1.26929,1.6,1
27.08.2021 00:02:39.283,1.2694200000000002,1.26929,1.1,1
27.08.2021 00:02:39.838,1.26943,1.26929,1.1,1.1
27.08.2021 00:02:40.042,1.26946,1.26933,1.5,1
27.08.2021 00:02:40.092,1.26948,1.2693400000000001,1.2,1
27.08.2021 00:02:44.090,1.26948,1.2693400000000001,1.1,1
27.08.2021 00:02:47.892,1.26949,1.26936,1.1,1
27.08.2021 00:02:51.522,1.26948,1.26935,1,1.5
27.08.2021 00:02:51.802,1.26943,1.2693,1,2.75
27.08.2021 00:02:51.904,1.2694100000000001,1.26929,1,1
27.08.2021 00:02:52.005,1.2694100000000001,1.26928,1,1
27.08.2021 00:02:53.136,1.2694100000000001,1.2693,1,1
27.08.2021 00:02:54.427,1.2694100000000001,1.26929,1,1
27.08.2021 00:02:59.634,1.2694100000000001,1.2693100000000002,1,1
27.08.2021 00:02:59.735,1.26943,1.2693,1.1,1
27.08.2021 00:03:01.291,1.26943,1.2693100000000002,1,1
27.08.2021 00:03:02.181,1.2694100000000001,1.2693100000000002,1,1
27.08.2021 00:03:02.282,1.26943,1.2693,1.1,1
27.08.2021 00:03:02.383,1.26943,1.2693100000000002,1.1,1
27.08.2021 00:03:02.831,1.2694100000000001,1.2693,1,1
27.08.2021 00:03:04.674,1.2694200000000002,1.2693100000000002,1,1
27.08.2021 00:03:06.385,1.2694200000000002,1.2693,1,1
27.08.2021 00:03:06.505,1.2694100000000001,1.26929,1,1
27.08.2021 00:03:08.545,1.2694,1.26928,1,1
27.08.2021 00:03:08.697,1.26939,1.26928,1,1
27.08.2021 00:03:11.428,1.26939,1.2692700000000001,1,1
27.08.2021 00:03:23.913,1.26939,1.26929,1,1
27.08.2021 00:03:24.014,1.2694,1.26929,1,1
27.08.2021 00:03:24.815,1.2694,1.2693,1,1
27.08.2021 00:03:24.917,1.2694100000000001,1.2693,1,1
27.08.2021 00:03:25.446,1.2694200000000002,1.2693,1,1
27.08.2021 00:03:25.547,1.2694400000000001,1.2693200000000002,1,1
27.08.2021 00:03:26.774,1.2694100000000001,1.2693100000000002,1,1
27.08.2021 00:03:27.089,1.2694100000000001,1.26929,1,1
27.08.2021 00:03:31.931,1.2694200000000002,1.26929,1,1
27.08.2021 00:03:32.032,1.2694200000000002,1.2693,1,1
27.08.2021 00:03:32.335,1.2694200000000002,1.26929,1,1
27.08.2021 00:03:32.867,1.2694200000000002,1.2693,1,1
27.08.2021 00:03:36.192,1.2694200000000002,1.26928,1,1.5
27.08.2021 00:03:36.293,1.2694,1.26928,1,1
27.08.2021 00:03:41.329,1.2694100000000001,1.26929,1,1
27.08.2021 00:03:41.481,1.2694200000000002,1.26929,1,1
27.08.2021 00:03:41.958,1.26943,1.26929,1.1,1.5
27.08.2021 00:03:42.525,1.2694200000000002,1.2693200000000002,1,1
27.08.2021 00:03:46.671,1.26946,1.2693400000000001,1.12,1
27.08.2021 00:03:46.974,1.26947,1.26935,1,1
27.08.2021 00:03:47.075,1.26948,1.26935,1,1.5
27.08.2021 00:03:49.034,1.26948,1.26936,1,1
27.08.2021 00:04:01.551,1.26945,1.2693200000000002,1,2
27.08.2021 00:04:01.703,1.26945,1.2693200000000002,1,1.5
27.08.2021 00:04:01.805,1.26946,1.26933,1.12,1
27.08.2021 00:04:02.780,1.26946,1.2693200000000002,1,1.5
27.08.2021 00:04:03.303,1.26946,1.2693200000000002,1.5,1.5
27.08.2021 00:04:03.506,1.26946,1.2693200000000002,1,1.5
27.08.2021 00:04:03.730,1.26945,1.2693200000000002,1,1
27.08.2021 00:04:07.477,1.2694100000000001,1.26929,1,1.5
27.08.2021 00:04:07.527,1.2694100000000001,1.26928,1,2.25
27.08.2021 00:04:09.371,1.2694,1.26928,1,1.12
27.08.2021 00:04:09.954,1.2694,1.26929,1,1
27.08.2021 00:04:11.913,1.2694100000000001,1.26929,1,1
27.08.2021 00:04:14.394,1.2694200000000002,1.26929,1,1
27.08.2021 00:04:14.629,1.26939,1.26929,1,1
27.08.2021 00:04:14.881,1.26939,1.2693,1,1
27.08.2021 00:04:15.084,1.2694100000000001,1.26929,1,1
27.08.2021 00:04:21.205,1.2694,1.26928,1,1.12
27.08.2021 00:04:21.356,1.26939,1.2692700000000001,1,1.87
27.08.2021 00:04:23.667,1.26939,1.26928,1,1
27.08.2021 00:04:31.532,1.26938,1.26928,1,1
27.08.2021 00:04:32.982,1.2693400000000001,1.26923,1,1.5
27.08.2021 00:04:33.083,1.26933,1.2692100000000002,1,1.6
27.08.2021 00:04:33.185,1.26933,1.2692100000000002,1,1.2
27.08.2021 00:04:33.591,1.2693200000000002,1.2692,1,1.6
27.08.2021 00:04:33.796,1.26933,1.2692,1,1.22
27.08.2021 00:04:36.976,1.26933,1.2692100000000002,1,1.22
27.08.2021 00:04:37.532,1.2693200000000002,1.2692200000000002,1,1.1
27.08.2021 00:04:37.633,1.2693200000000002,1.2692,1,1.22
27.08.2021 00:04:37.735,1.2693200000000002,1.2692200000000002,1,1.1
27.08.2021 00:04:38.091,1.2693200000000002,1.2692,1,1.22
27.08.2021 00:04:38.192,1.26933,1.2692,1,1.22
27.08.2021 00:04:38.662,1.2693200000000002,1.2692,1,1.22
27.08.2021 00:04:39.180,1.2693200000000002,1.26923,1,1
27.08.2021 00:04:40.059,1.2693200000000002,1.2692200000000002,1,1
27.08.2021 00:04:41.709,1.2693200000000002,1.26923,1,1
27.08.2021 00:04:46.113,1.2693,1.26924,1,1
27.08.2021 00:04:46.164,1.2693100000000002,1.2692,1,1
27.08.2021 00:04:46.316,1.2693100000000002,1.2692100000000002,1,1
27.08.2021 00:04:49.234,1.2693,1.26923,1,1
27.08.2021 00:04:49.466,1.26933,1.26923,1,1
27.08.2021 00:04:53.869,1.26933,1.2692200000000002,1,1
27.08.2021 00:04:54.021,1.26933,1.26923,1,1
27.08.2021 00:04:57.008,1.26933,1.2692200000000002,1,1
27.08.2021 00:04:59.319,1.2693200000000002,1.2692200000000002,1,1
27.08.2021 00:04:59.420,1.2693100000000002,1.2692200000000002,1,1
27.08.2021 00:04:59.980,1.2693100000000002,1.2692100000000002,1,1
27.08.2021 00:05:00.589,1.26924,1.26916,1,1
27.08.2021 00:05:00.690,1.26918,1.26909,1,1.87
27.08.2021 00:05:00.792,1.26916,1.26909,1,1
27.08.2021 00:05:00.842,1.2692,1.26909,2.72,1
27.08.2021 00:05:00.943,1.26915,1.26905,1,1
27.08.2021 00:05:01.095,1.26916,1.26906,1,1
27.08.2021 00:05:01.802,1.26916,1.26905,1,1
27.08.2021 00:05:11.405,1.2691700000000001,1.26905,1,1
27.08.2021 00:05:11.507,1.26916,1.2690700000000001,1,1
27.08.2021 00:05:30.214,1.2691700000000001,1.26905,1,1
27.08.2021 00:05:30.870,1.26915,1.26906,1,1
27.08.2021 00:05:33.746,1.2691700000000001,1.26905,1,1
27.08.2021 00:05:34.284,1.26918,1.26905,1,1
27.08.2021 00:05:34.385,1.2691700000000001,1.26905,1,1
27.08.2021 00:05:34.638,1.2691700000000001,1.26906,1,1
27.08.2021 00:05:34.768,1.26916,1.26905,1,1
27.08.2021 00:05:44.211,1.26916,1.26904,1,1
27.08.2021 00:05:44.464,1.2691700000000001,1.26905,1,1
27.08.2021 00:05:45.274,1.26918,1.26908,1,1
27.08.2021 00:05:45.425,1.2692,1.26909,1,1
27.08.2021 00:05:53.954,1.2692100000000002,1.26909,1,1
27.08.2021 00:05:54.065,1.2692100000000002,1.2691000000000001,1,1
27.08.2021 00:05:55.608,1.26924,1.26912,1.12,1
27.08.2021 00:05:55.993,1.26924,1.26913,1,1
27.08.2021 00:05:56.301,1.26924,1.26912,1,1
27.08.2021 00:05:58.269,1.26924,1.26913,1,1
27.08.2021 00:06:02.044,1.26924,1.26912,1,1
27.08.2021 00:06:02.548,1.26924,1.2691100000000002,1,1
27.08.2021 00:06:02.649,1.26923,1.2691100000000002,1,1
27.08.2021 00:06:03.056,1.2692100000000002,1.2691000000000001,1.5,1
27.08.2021 00:06:03.157,1.2692,1.26908,1,1
27.08.2021 00:06:06.738,1.2692,1.2690700000000001,1,1
27.08.2021 00:06:19.172,1.2692100000000002,1.26908,1.12,1
27.08.2021 00:06:21.190,1.2692100000000002,1.26909,1,1
27.08.2021 00:06:38.241,1.2692100000000002,1.26908,1,1
27.08.2021 00:06:53.733,1.26916,1.26906,1,1.5
27.08.2021 00:06:53.835,1.26915,1.26905,1,1.5
27.08.2021 00:06:53.885,1.26916,1.26904,1,1
27.08.2021 00:06:54.586,1.26915,1.2690299999999999,1,1.12
27.08.2021 00:06:54.636,1.26909,1.2690100000000002,1,1.5
27.08.2021 00:06:54.788,1.26908,1.26896,1,1.5
27.08.2021 00:06:54.839,1.26908,1.26896,1,1
27.08.2021 00:06:54.940,1.2690700000000001,1.26896,1,2.25
27.08.2021 00:06:57.097,1.26908,1.26899,1,1
27.08.2021 00:06:57.771,1.26908,1.2689700000000002,1,1
27.08.2021 00:06:59.126,1.26908,1.26898,1,1
27.08.2021 00:07:00.143,1.26914,1.26902,2,1
27.08.2021 00:07:00.244,1.26915,1.26906,1,1
27.08.2021 00:07:06.424,1.26912,1.26902,1,1
27.08.2021 00:07:12.693,1.2691100000000002,1.26902,1,1
27.08.2021 00:07:12.795,1.26912,1.26902,1,1
27.08.2021 00:07:13.763,1.26913,1.26902,1,1
27.08.2021 00:07:19.346,1.26913,1.2690299999999999,1,1
27.08.2021 00:07:19.636,1.26913,1.26902,1,1
27.08.2021 00:07:23.528,1.26912,1.2690100000000002,1,1
27.08.2021 00:07:25.153,1.26913,1.26899,1,1
27.08.2021 00:07:29.768,1.26912,1.2690100000000002,1,1
27.08.2021 00:07:29.819,1.26916,1.26902,1,1
27.08.2021 00:07:30.691,1.26916,1.2690299999999999,1,1
27.08.2021 00:07:32.851,1.26916,1.26904,1,1
27.08.2021 00:07:35.792,1.2691700000000001,1.26906,1.12,1
27.08.2021 00:07:37.562,1.2692100000000002,1.2691100000000002,1,1
27.08.2021 00:07:37.613,1.26923,1.26912,1.5,1
27.08.2021 00:07:37.715,1.26925,1.2691100000000002,1.5,1
27.08.2021 00:07:37.816,1.26924,1.26913,1,1
27.08.2021 00:07:37.918,1.26925,1.26913,1,1.57
27.08.2021 00:07:38.069,1.2692700000000001,1.26913,1,1
27.08.2021 00:07:39.238,1.2692700000000001,1.26914,1,1
27.08.2021 00:07:39.289,1.2693100000000002,1.26918,1.12,1.5
27.08.2021 00:07:39.390,1.2693200000000002,1.26919,2.45,1
27.08.2021 00:07:39.491,1.2693100000000002,1.2692,1,1
27.08.2021 00:07:40.247,1.2693100000000002,1.26918,1,1.12
27.08.2021 00:07:41.624,1.2693200000000002,1.26919,1,1
27.08.2021 00:07:56.517,1.2693200000000002,1.2692,1,1.5
27.08.2021 00:07:56.618,1.2693400000000001,1.26919,1.1,2.62
27.08.2021 00:07:56.770,1.2693400000000001,1.2692100000000002,1,1
27.08.2021 00:07:57.807,1.2693200000000002,1.2692,1,1.5
27.08.2021 00:07:57.857,1.2693400000000001,1.2692100000000002,1.57,1
27.08.2021 00:07:57.959,1.26935,1.2692100000000002,1.1,1
27.08.2021 00:07:58.060,1.26936,1.2692100000000002,1.57,1
27.08.2021 00:07:58.262,1.26936,1.2692200000000002,1,1.5
27.08.2021 00:08:03.698,1.26939,1.2693200000000002,1,1
27.08.2021 00:08:03.748,1.2694100000000001,1.2693200000000002,1,2.25
27.08.2021 00:08:03.799,1.2694400000000001,1.26933,1.5,1
27.08.2021 00:08:07.709,1.26946,1.26933,1.5,1
27.08.2021 00:08:12.095,1.26947,1.2693400000000001,1,1
27.08.2021 00:08:14.081,1.26946,1.26933,1,1
27.08.2021 00:08:15.812,1.26948,1.26935,1.1,1
27.08.2021 00:08:19.878,1.26948,1.26937,1.1,1
27.08.2021 00:08:24.691,1.26949,1.26937,1.2,1
27.08.2021 00:08:27.032,1.26949,1.26937,1.1,1
27.08.2021 00:08:28.361,1.26948,1.26938,1.1,1
27.08.2021 00:08:31.117,1.26949,1.26937,1.1,1
27.08.2021 00:08:31.167,1.26947,1.26936,1.2,1
27.08.2021 00:08:31.269,1.26948,1.26935,1.22,1
27.08.2021 00:08:32.182,1.26947,1.26936,1.2,1
27.08.2021 00:08:33.591,1.2694400000000001,1.26933,1,1
27.08.2021 00:08:33.692,1.26943,1.2693100000000002,2.35,1.5
27.08.2021 00:08:33.793,1.26943,1.2693200000000002,1.22,1
27.08.2021 00:08:35.467,1.26945,1.2693100000000002,2.1,1
27.08.2021 00:08:36.803,1.2694400000000001,1.2693200000000002,1.2,1
27.08.2021 00:08:41.411,1.26945,1.26933,1.1,1
27.08.2021 00:08:42.281,1.26948,1.26936,2.07,1
27.08.2021 00:08:42.382,1.26949,1.26936,1.2,1
27.08.2021 00:08:44.053,1.2695,1.26936,1.57,1
27.08.2021 00:08:49.308,1.2695100000000001,1.26938,1.97,1
27.08.2021 00:08:50.193,1.26949,1.26936,1.1,1
27.08.2021 00:08:50.345,1.26947,1.26936,1.1,1
27.08.2021 00:08:51.838,1.26948,1.26938,1.1,1
27.08.2021 00:08:55.095,1.2695,1.26937,1.57,1
27.08.2021 00:08:58.123,1.26949,1.26937,1,1
27.08.2021 00:09:05.035,1.2695,1.26937,1.57,1
27.08.2021 00:09:05.398,1.26949,1.26937,1,1
27.08.2021 00:09:05.601,1.2695,1.26937,1.57,1
27.08.2021 00:09:05.808,1.26949,1.26937,1,1
27.08.2021 00:09:06.481,1.2695,1.26937,1.1,1
27.08.2021 00:09:07.018,1.26949,1.26937,1,1
27.08.2021 00:09:07.170,1.26949,1.26938,1.1,1
27.08.2021 00:09:07.271,1.26949,1.26936,1,1
27.08.2021 00:09:09.148,1.26948,1.26935,1,1
27.08.2021 00:09:17.205,1.26949,1.26937,1,1
27.08.2021 00:09:23.006,1.2695100000000001,1.26939,1.5,1.5
27.08.2021 00:09:23.107,1.2695200000000002,1.2694,1,1
27.08.2021 00:09:27.562,1.2695100000000001,1.26939,1.1,1.5
27.08.2021 00:09:27.663,1.2695,1.26937,1,1.5
27.08.2021 00:09:27.765,1.2695100000000001,1.26937,1.6,1
27.08.2021 00:09:27.866,1.2695100000000001,1.26937,1.1,1
27.08.2021 00:09:29.431,1.26949,1.26936,1.5,1
27.08.2021 00:09:34.562,1.2695,1.26937,1.1,1
27.08.2021 00:09:38.857,1.26949,1.26937,1,1
27.08.2021 00:09:39.010,1.2695,1.26937,1.1,1
27.08.2021 00:09:44.419,1.26949,1.26937,1,1
27.08.2021 00:09:48.728,1.26949,1.26937,1.22,1
27.08.2021 00:09:48.779,1.2694400000000001,1.2693200000000002,1,1.5
27.08.2021 00:09:48.830,1.2694200000000002,1.2693,1,1.5
27.08.2021 00:09:48.931,1.2694200000000002,1.26929,1.5,1
27.08.2021 00:09:49.285,1.26943,1.2693,1.1,1
27.08.2021 00:09:50.902,1.2694100000000001,1.2693100000000002,1,1
27.08.2021 00:09:52.719,1.2694200000000002,1.2693100000000002,1.1,1
27.08.2021 00:09:59.746,1.26943,1.2693,1.6,1
27.08.2021 00:10:00.583,1.26943,1.2693,1,1
27.08.2021 00:10:02.744,1.2694400000000001,1.2693,1.95,1
27.08.2021 00:10:02.845,1.26943,1.2693,1,1
27.08.2021 00:10:03.002,1.2694100000000001,1.2693100000000002,1,1
27.08.2021 00:10:05.455,1.2694,1.26929,1,1
27.08.2021 00:10:07.891,1.26945,1.2693100000000002,1,2.25
27.08.2021 00:10:08.947,1.26945,1.2693100000000002,1,3.5
27.08.2021 00:10:09.656,1.26943,1.2693100000000002,1,1.5
27.08.2021 00:10:09.707,1.2694100000000001,1.26928,1,1.5
27.08.2021 00:10:09.808,1.2694200000000002,1.26928,1,2
27.08.2021 00:10:09.859,1.2694200000000002,1.26928,1,1.5
27.08.2021 00:10:11.432,1.2694100000000001,1.2692700000000001,1,1.12
27.08.2021 00:10:11.533,1.2694,1.26925,1.57,1.12
27.08.2021 00:10:11.635,1.2694,1.26925,1.6,1.12
27.08.2021 00:10:19.483,1.26939,1.2692700000000001,1,1.5
27.08.2021 00:10:19.635,1.2694,1.2692700000000001,1,1
27.08.2021 00:10:21.065,1.2694,1.26928,1,1
27.08.2021 00:10:22.043,1.2694,1.26926,1,1.87
27.08.2021 00:10:22.479,1.26939,1.26925,1,2.75
27.08.2021 00:10:22.580,1.2694,1.26926,1,1.12
27.08.2021 00:10:26.165,1.26939,1.26925,1,3.12
27.08.2021 00:10:43.310,1.2693200000000002,1.2692100000000002,1,1.5
27.08.2021 00:10:43.361,1.2693,1.26918,1,2.62
27.08.2021 00:10:43.463,1.26929,1.26918,1,1.5
27.08.2021 00:10:43.564,1.26926,1.26913,1,2
27.08.2021 00:10:43.668,1.26925,1.26913,1,1.5
27.08.2021 00:10:43.842,1.2692700000000001,1.26913,1,1.5
27.08.2021 00:10:44.426,1.26925,1.26914,1,1.5
27.08.2021 00:10:45.039,1.26926,1.26914,1,1
27.08.2021 00:10:45.090,1.26928,1.26916,1,1.5
27.08.2021 00:10:45.141,1.2693,1.2691700000000001,1,2.25
27.08.2021 00:10:49.386,1.26929,1.2691700000000001,1,1.12
27.08.2021 00:10:49.487,1.2693,1.2691700000000001,1,1.12
27.08.2021 00:10:49.689,1.2693,1.2691700000000001,1,1.97
27.08.2021 00:10:50.011,1.26928,1.26916,1,1.5
27.08.2021 00:10:50.213,1.2693,1.26916,1,3.57
27.08.2021 00:10:53.540,1.26928,1.26916,1,1.5
27.08.2021 00:10:53.665,1.26926,1.26913,1,2
27.08.2021 00:10:53.867,1.26926,1.26912,1,2.7
27.08.2021 00:10:54.556,1.26924,1.26912,1,3.5
27.08.2021 00:10:54.935,1.26925,1.2691100000000002,1,3.45
27.08.2021 00:10:55.632,1.26925,1.26913,1,1.5
27.08.2021 00:10:57.857,1.26924,1.26913,1,1.87
27.08.2021 00:10:58.396,1.26928,1.26916,1,1
27.08.2021 00:11:02.022,1.26928,1.26915,1,1.12
27.08.2021 00:11:04.112,1.26928,1.26914,1,1.12
27.08.2021 00:11:06.014,1.26928,1.26914,1,1.5
27.08.2021 00:11:14.891,1.26929,1.2691700000000001,1,1
27.08.2021 00:11:14.942,1.2693100000000002,1.2691700000000001,1,2.25
27.08.2021 00:11:15.094,1.2693100000000002,1.2691700000000001,1,2.07
27.08.2021 00:11:30.236,1.2693,1.26919,1,1.57
27.08.2021 00:11:30.661,1.2693,1.26919,1,2.07
27.08.2021 00:11:40.784,1.2693100000000002,1.26918,1,2.32
27.08.2021 00:11:45.071,1.2693,1.2692,1,1
27.08.2021 00:11:49.514,1.2693100000000002,1.26919,1,1.5
27.08.2021 00:11:58.787,1.26937,1.26925,1,1.12
27.08.2021 00:11:58.855,1.26938,1.2692700000000001,1.12,1
27.08.2021 00:11:59.007,1.26938,1.2692700000000001,1,3.47
27.08.2021 00:12:00.800,1.2694,1.2692700000000001,1,1.2
27.08.2021 00:12:00.901,1.2694,1.2692700000000001,1,1.22
27.08.2021 00:12:01.497,1.2694,1.26928,1,1.6
27.08.2021 00:12:02.989,1.2694,1.26929,1,1.85
27.08.2021 00:12:07.962,1.2694200000000002,1.26928,1,2.66
27.08.2021 00:12:12.740,1.26943,1.2693200000000002,1,2.35
27.08.2021 00:12:12.892,1.2694200000000002,1.2693100000000002,1,1.22
27.08.2021 00:12:13.257,1.26943,1.2693,1,1.1
27.08.2021 00:12:16.965,1.2694,1.26929,1,2.85
27.08.2021 00:12:18.267,1.2694,1.26929,1,1.95
27.08.2021 00:12:20.141,1.2694200000000002,1.2693,1.1,1
27.08.2021 00:12:28.451,1.26939,1.26929,1,1.2
27.08.2021 00:12:28.552,1.2694100000000001,1.2692700000000001,1,1.6
27.08.2021 00:12:28.654,1.2694,1.2692700000000001,1,1.2
27.08.2021 00:12:28.913,1.2694100000000001,1.2692700000000001,1,2.7
27.08.2021 00:12:29.065,1.2694100000000001,1.2692700000000001,1,3.6
27.08.2021 00:12:29.520,1.2694100000000001,1.2692700000000001,1,3.6
27.08.2021 00:12:40.832,1.2694200000000002,1.26929,1,1.22
27.08.2021 00:12:44.940,1.2694200000000002,1.2693100000000002,1,1
27.08.2021 00:12:44.991,1.26946,1.26936,1,1.25
27.08.2021 00:12:45.093,1.26948,1.26935,1.2,1.1
27.08.2021 00:12:45.446,1.26947,1.26936,1,1.97
27.08.2021 00:12:46.299,1.26949,1.26935,1,1.22
27.08.2021 00:12:52.867,1.26949,1.26935,1,1.6
27.08.2021 00:12:57.892,1.26949,1.26935,1,1.6
27.08.2021 00:13:05.179,1.2695200000000002,1.26943,1,1
27.08.2021 00:13:05.229,1.26953,1.2694400000000001,1.65,1.12
27.08.2021 00:13:05.280,1.26957,1.26948,2,2.25
27.08.2021 00:13:05.382,1.2696,1.26947,1.6,2
27.08.2021 00:13:05.483,1.2696,1.26947,1,2.07
27.08.2021 00:13:05.584,1.26964,1.2695100000000001,1.2,1
27.08.2021 00:13:05.685,1.26963,1.2695100000000001,1,1.2
27.08.2021 00:13:08.150,1.26959,1.26948,1,3.6
27.08.2021 00:13:08.302,1.26959,1.26948,1,1.12
27.08.2021 00:13:10.876,1.2696100000000001,1.26948,1.1,1.1
27.08.2021 00:13:21.378,1.2696200000000002,1.26948,1,1
27.08.2021 00:13:37.259,1.26963,1.2695100000000001,1,1.1
27.08.2021 00:13:37.310,1.26966,1.2695100000000001,1.95,1.6
27.08.2021 00:13:37.513,1.26964,1.2695,1,2.1
27.08.2021 00:13:38.726,1.26966,1.2695100000000001,1.1,1.95
27.08.2021 00:13:39.435,1.26966,1.2695100000000001,1,1.97
27.08.2021 00:13:40.661,1.2696500000000002,1.2695100000000001,1,1.97
27.08.2021 00:13:43.445,1.26964,1.2695200000000002,1,1.95
27.08.2021 00:13:47.417,1.26966,1.26958,1,1.5
27.08.2021 00:13:47.468,1.2697,1.26958,1,2.82
27.08.2021 00:13:47.570,1.2697,1.2696200000000002,1,1
27.08.2021 00:13:47.621,1.26976,1.2696100000000001,1.6,1
27.08.2021 00:13:47.722,1.2697500000000002,1.26963,1,1
27.08.2021 00:13:48.605,1.26976,1.2696100000000001,1,1.57
27.08.2021 00:13:48.706,1.2697500000000002,1.2696100000000001,1,1.5
27.08.2021 00:13:50.288,1.26974,1.2696,1,1.2
27.08.2021 00:13:55.412,1.2697500000000002,1.2696200000000002,1.12,1
27.08.2021 00:13:55.513,1.26974,1.2696200000000002,1,1
27.08.2021 00:13:56.305,1.26976,1.2696100000000001,1.57,1.1
27.08.2021 00:13:56.758,1.26973,1.2696100000000001,1,1.97
27.08.2021 00:13:56.909,1.26979,1.26966,1.12,1.57
27.08.2021 00:13:57.011,1.2698,1.26968,1.5,1.1
27.08.2021 00:13:57.061,1.2698,1.26968,1,1.22
27.08.2021 00:13:57.112,1.26986,1.26974,1.62,1.14
27.08.2021 00:13:57.163,1.26986,1.26974,1,1.26
27.08.2021 00:13:57.214,1.26988,1.26974,1,2.7
27.08.2021 00:13:57.315,1.26988,1.26974,1,2.85
27.08.2021 00:13:57.722,1.2699,1.26977,1,1
27.08.2021 00:13:57.823,1.26988,1.26978,1,1
27.08.2021 00:13:57.924,1.2699,1.2697500000000002,1,1.97
27.08.2021 00:13:58.026,1.26988,1.26976,1,1.97
27.08.2021 00:13:58.127,1.26989,1.2697500000000002,1,1.95
27.08.2021 00:13:58.228,1.26988,1.2697200000000002,1.1,2.07
27.08.2021 00:13:58.431,1.26987,1.2697100000000001,1,1.5
27.08.2021 00:13:58.532,1.26987,1.2697100000000001,1.5,1
27.08.2021 00:13:58.764,1.2698200000000002,1.2697,1,1.12
27.08.2021 00:13:58.866,1.2698,1.26968,1,1.1
27.08.2021 00:13:58.967,1.2698200000000002,1.26968,1,1
27.08.2021 00:13:59.068,1.2698,1.26967,1,1.57
27.08.2021 00:13:59.270,1.2698200000000002,1.26968,1.1,1
27.08.2021 00:13:59.472,1.2698200000000002,1.26967,1,1.57
27.08.2021 00:13:59.774,1.26981,1.26967,1,1
27.08.2021 00:14:00.129,1.26981,1.26968,1.1,1.5
27.08.2021 00:14:00.231,1.26981,1.26967,1,1
27.08.2021 00:14:01.142,1.26981,1.26967,1,1.6
27.08.2021 00:14:01.767,1.2698200000000002,1.26967,1,2.1
27.08.2021 00:14:02.229,1.26981,1.26968,1,1.57
27.08.2021 00:14:04.176,1.2698,1.26968,1,1.2
27.08.2021 00:14:05.356,1.26979,1.26964,1.6,1.6
27.08.2021 00:14:05.572,1.26979,1.2696200000000002,1.1,1.1
27.08.2021 00:14:05.674,1.26978,1.26967,1.57,1
27.08.2021 00:14:05.725,1.26981,1.26969,1.95,1
27.08.2021 00:14:08.342,1.2698200000000002,1.26968,1,1.22
27.08.2021 00:14:08.443,1.26977,1.26964,1,1.5
27.08.2021 00:14:08.494,1.26977,1.26964,1,2
27.08.2021 00:14:08.545,1.26979,1.26964,1.1,2
27.08.2021 00:14:10.633,1.26979,1.26967,1,1.95
27.08.2021 00:14:13.482,1.2698,1.26966,1,2.07
27.08.2021 00:14:14.567,1.2698,1.26966,1,2.1
27.08.2021 00:14:17.043,1.26981,1.26967,1,2.1
27.08.2021 00:14:17.144,1.2698200000000002,1.26969,1,1.22
27.08.2021 00:14:17.245,1.2698200000000002,1.26967,1,2.47
27.08.2021 00:14:20.094,1.26981,1.26974,1,1
27.08.2021 00:14:20.195,1.26984,1.2697200000000002,1,2.26
27.08.2021 00:14:20.246,1.26987,1.26973,1,1.12
27.08.2021 00:14:20.946,1.26986,1.26973,1,3.01
27.08.2021 00:14:22.202,1.26986,1.2697200000000002,1,1.6
27.08.2021 00:14:22.404,1.26986,1.26969,1.57,1.6
27.08.2021 00:14:22.799,1.2698500000000001,1.26968,1,4.05
27.08.2021 00:14:23.637,1.2698500000000001,1.2697200000000002,1,1.6
27.08.2021 00:14:23.840,1.2698500000000001,1.2697,1,2.1
27.08.2021 00:14:23.941,1.26983,1.2697100000000001,1,2.1
27.08.2021 00:14:23.991,1.26986,1.2697200000000002,1,1.57
27.08.2021 00:14:24.042,1.26987,1.2697200000000002,1,2.82
27.08.2021 00:14:24.144,1.26986,1.2697100000000001,1,2.07
27.08.2021 00:14:24.245,1.26984,1.2697100000000001,1,3.15
27.08.2021 00:14:24.396,1.26983,1.2697,1,1.6
27.08.2021 00:14:25.151,1.26983,1.26969,1,2.8
27.08.2021 00:14:25.252,1.26983,1.26969,1,3.55
27.08.2021 00:14:27.554,1.26986,1.26974,1,1
27.08.2021 00:14:27.656,1.26987,1.26973,1,1.97
27.08.2021 00:14:28.589,1.26987,1.2697500000000002,1,1.95
27.08.2021 00:14:28.842,1.26987,1.26973,1,1.2
27.08.2021 00:14:29.276,1.26987,1.26974,1,1
27.08.2021 00:14:29.378,1.26987,1.26973,1,1.2
27.08.2021 00:14:33.161,1.26987,1.26974,1,1
27.08.2021 00:14:33.263,1.26987,1.2697100000000001,1.57,3.3
27.08.2021 00:14:33.414,1.26987,1.26974,1,1
27.08.2021 00:14:33.516,1.26987,1.26973,1,1.2
27.08.2021 00:14:33.617,1.26987,1.26973,1,1.6
27.08.2021 00:14:33.769,1.26987,1.2697200000000002,1,2.85
27.08.2021 00:14:34.235,1.26986,1.2697200000000002,1,1.6
27.08.2021 00:14:34.337,1.26986,1.26973,1,1.22
27.08.2021 00:14:34.438,1.26987,1.2697200000000002,1,2.1
27.08.2021 00:14:34.590,1.26987,1.2697200000000002,1,4.05
27.08.2021 00:14:34.943,1.26987,1.26974,1,1.1
27.08.2021 00:14:41.464,1.2698500000000001,1.26973,1,1.2
27.08.2021 00:14:41.565,1.26986,1.26973,1,1.2
27.08.2021 00:14:42.471,1.26986,1.2697100000000001,1,1.1
27.08.2021 00:14:42.640,1.2698,1.26969,1,2.9
27.08.2021 00:14:42.741,1.2698,1.26968,1,1.7
27.08.2021 00:14:42.843,1.2698,1.2696500000000002,1,2.1
27.08.2021 00:14:48.152,1.2698,1.2696500000000002,1.5,1.97
27.08.2021 00:14:48.354,1.26979,1.26967,1,1.6
27.08.2021 00:14:52.193,1.2698,1.2696500000000002,1,1.22
27.08.2021 00:14:52.396,1.26977,1.2696500000000002,1,2.1
27.08.2021 00:14:52.447,1.26976,1.26963,1,1.1
27.08.2021 00:14:52.548,1.26974,1.2696200000000002,1,1.2
27.08.2021 00:14:52.650,1.26974,1.2696,1,1.72
27.08.2021 00:14:56.485,1.2697100000000001,1.2696,1,1.6
27.08.2021 00:14:56.586,1.26968,1.26955,1,1.72
27.08.2021 00:14:56.637,1.26968,1.2695400000000001,1,3.31
27.08.2021 00:14:56.689,1.26968,1.26953,1,3.52
27.08.2021 00:14:56.790,1.26969,1.26953,1,1.2
27.08.2021 00:14:59.708,1.26963,1.2695100000000001,1,2.92
27.08.2021 00:14:59.967,1.2696200000000002,1.2695100000000001,1,4.42
27.08.2021 00:15:05.617,1.2696,1.26948,1,1.5
27.08.2021 00:15:05.718,1.2696,1.26948,1,1.27
27.08.2021 00:15:05.920,1.26959,1.26945,1,1.97
27.08.2021 00:15:06.635,1.2696100000000001,1.26946,1,1.97
27.08.2021 00:15:07.427,1.26959,1.26946,1,1.97
27.08.2021 00:15:08.249,1.26958,1.2694400000000001,1,1.67
27.08.2021 00:15:08.301,1.26956,1.2694400000000001,1,1.57
27.08.2021 00:15:08.402,1.26955,1.2694200000000002,1,1.6
27.08.2021 00:15:08.453,1.26953,1.2694,1.5,1.1
27.08.2021 00:15:08.504,1.2695100000000001,1.26939,1.5,1.12
27.08.2021 00:15:08.607,1.26949,1.26935,1,1.62
27.08.2021 00:15:08.658,1.26947,1.2693400000000001,1,1.57
27.08.2021 00:15:10.653,1.26949,1.26933,1.5,1.72
27.08.2021 00:15:10.755,1.26949,1.2693400000000001,1,1.1
27.08.2021 00:15:10.856,1.2695,1.2693400000000001,1.5,1.6
27.08.2021 00:15:13.949,1.26953,1.2694100000000001,1,1.12
27.08.2021 00:15:14.101,1.2695200000000002,1.26939,1,1.6
27.08.2021 00:15:14.204,1.26948,1.26938,1,1.5
27.08.2021 00:15:14.356,1.26948,1.26936,1,2.1
27.08.2021 00:15:14.634,1.26949,1.26935,1,2.1
27.08.2021 00:15:20.350,1.26948,1.26937,1,1.1
27.08.2021 00:15:23.751,1.26948,1.26936,1,1
27.08.2021 00:15:29.936,1.26946,1.26935,1,1.6
27.08.2021 00:15:30.139,1.26947,1.2693400000000001,1,3.22
27.08.2021 00:15:30.241,1.26948,1.26933,1,3.22
27.08.2021 00:15:30.862,1.2695,1.2693400000000001,1.5,1.72
27.08.2021 00:15:33.615,1.26947,1.26933,1,2.07
27.08.2021 00:15:33.716,1.26946,1.26933,1,5.1
27.08.2021 00:15:38.553,1.2694400000000001,1.2693200000000002,1,1.91
27.08.2021 00:15:41.064,1.26945,1.2693400000000001,1,1.6
27.08.2021 00:15:43.464,1.26945,1.2693100000000002,1,2.47
27.08.2021 00:15:43.616,1.26946,1.2693100000000002,1,3.22
27.08.2021 00:15:45.983,1.26945,1.2693200000000002,1,3.6
27.08.2021 00:15:46.085,1.26945,1.2693100000000002,1,1.6
27.08.2021 00:15:47.155,1.26946,1.2693100000000002,1,2.47
27.08.2021 00:15:48.653,1.26946,1.26933,1,1.22
27.08.2021 00:15:48.754,1.26946,1.2693200000000002,1,2.1
27.08.2021 00:15:50.961,1.26945,1.2693400000000001,1,1.22
27.08.2021 00:15:51.012,1.26948,1.2693400000000001,1,1.72
27.08.2021 00:15:52.980,1.26948,1.2693400000000001,1,2.85
27.08.2021 00:15:57.067,1.26948,1.26935,1,3.6
27.08.2021 00:16:14.530,1.2695100000000001,1.26936,1.57,1.12
27.08.2021 00:16:14.632,1.2695,1.26935,1,2.1
27.08.2021 00:16:21.734,1.2695,1.26935,1,2.1
27.08.2021 00:16:21.785,1.2695100000000001,1.2694200000000002,1,1
27.08.2021 00:16:21.836,1.26955,1.2694100000000001,1.57,1.5
27.08.2021 00:16:21.887,1.26957,1.2694400000000001,2.07,1
27.08.2021 00:16:21.988,1.26958,1.26943,1.5,1.5
27.08.2021 00:16:26.083,1.26958,1.26945,1,1
27.08.2021 00:16:26.185,1.2696200000000002,1.2695,1.1,1.5
27.08.2021 00:16:26.235,1.26964,1.2695,1,1.5
27.08.2021 00:16:26.286,1.26969,1.26959,3.5,1
27.08.2021 00:16:26.391,1.2697200000000002,1.2696,1.27,1
27.08.2021 00:16:28.296,1.26973,1.26959,1.6,1
27.08.2021 00:16:29.266,1.2697200000000002,1.26959,1.1,1
27.08.2021 00:16:29.569,1.2697100000000001,1.26958,1.57,1.5
27.08.2021 00:16:29.671,1.2697100000000001,1.26956,1.1,1
27.08.2021 00:16:29.822,1.2697,1.2695400000000001,1.1,2
27.08.2021 00:16:29.929,1.26969,1.26955,1.1,1.5
27.08.2021 00:16:31.325,1.26967,1.26953,1.57,1.12
27.08.2021 00:16:31.426,1.2696500000000002,1.2695200000000002,1,1
27.08.2021 00:16:34.667,1.26963,1.2695100000000001,1,1.5
27.08.2021 00:16:35.457,1.26964,1.2695,1,1.12
27.08.2021 00:16:35.877,1.26964,1.2695100000000001,1,1
27.08.2021 00:16:48.592,1.26964,1.26956,1.1,1
27.08.2021 00:16:48.643,1.2696500000000002,1.2695200000000002,1.5,1.5
27.08.2021 00:16:48.844,1.26964,1.26953,1.5,1.12
27.08.2021 00:16:53.050,1.2696500000000002,1.26953,1.5,1
27.08.2021 00:16:53.102,1.26968,1.26955,2.8,1
27.08.2021 00:16:53.254,1.26967,1.26956,2.02,1
27.08.2021 00:16:53.355,1.26967,1.26955,1.1,1
27.08.2021 00:16:53.406,1.26966,1.26953,1,1.12
27.08.2021 00:16:53.508,1.2696500000000002,1.2695200000000002,1.5,1
27.08.2021 00:16:55.619,1.26964,1.2695100000000001,1,1.12
27.08.2021 00:16:56.497,1.2696200000000002,1.2695100000000001,1,1.5
27.08.2021 00:16:56.595,1.2696100000000001,1.2695,1,1.87
27.08.2021 00:16:56.696,1.26963,1.2695,1,1
27.08.2021 00:17:01.786,1.2696200000000002,1.2695100000000001,1,1.5
27.08.2021 00:17:10.999,1.2696500000000002,1.2695200000000002,1.57,1
27.08.2021 00:17:11.050,1.26967,1.26957,1.1,1.5
27.08.2021 00:17:11.101,1.26968,1.2695400000000001,1.8,2.37
27.08.2021 00:17:11.202,1.26968,1.2695400000000001,2.02,2.62
27.08.2021 00:17:11.304,1.26966,1.26959,1,1
27.08.2021 00:17:11.405,1.26967,1.26956,1,1.25
27.08.2021 00:17:14.124,1.26969,1.26956,1,1.81
27.08.2021 00:17:14.175,1.2697100000000001,1.26958,1.57,1.5
27.08.2021 00:17:14.332,1.2697100000000001,1.26958,1,2
27.08.2021 00:17:15.735,1.2697200000000002,1.26959,1,1.12
27.08.2021 00:17:15.953,1.2697100000000001,1.2696,1,1.5
27.08.2021 00:17:25.485,1.2697,1.26958,1,2.75
27.08.2021 00:17:30.433,1.26974,1.2696500000000002,1.1,1
27.08.2021 00:17:30.535,1.26977,1.26964,1.6,1.5
27.08.2021 00:17:30.659,1.26978,1.26966,1,1.5
27.08.2021 00:17:30.760,1.26978,1.26966,1,2
27.08.2021 00:17:33.045,1.26979,1.2697200000000002,1,1.25
27.08.2021 00:17:33.096,1.26984,1.26974,1.1,1
27.08.2021 00:17:33.147,1.2698500000000001,1.2697200000000002,1.6,1.87
27.08.2021 00:17:33.197,1.26984,1.2697500000000002,1.6,1
27.08.2021 00:17:33.299,1.26984,1.2697200000000002,1,1
27.08.2021 00:17:33.349,1.26983,1.2697200000000002,1,1.62
27.08.2021 00:17:33.450,1.2698500000000001,1.2697100000000001,1.1,1.5
27.08.2021 00:17:33.552,1.26984,1.2697100000000001,1,1.12
27.08.2021 00:17:33.602,1.26984,1.2697500000000002,1.12,1
27.08.2021 00:17:33.855,1.2698500000000001,1.2697200000000002,1,1.75
27.08.2021 00:17:34.107,1.2698200000000002,1.2697500000000002,1,1
27.08.2021 00:17:34.209,1.26983,1.2697100000000001,1,1
27.08.2021 00:17:34.310,1.26984,1.2697100000000001,1,1.62
27.08.2021 00:17:34.612,1.26984,1.26973,1,1
27.08.2021 00:17:34.714,1.26984,1.26974,1,1
27.08.2021 00:17:35.026,1.26983,1.2697200000000002,1,1.62
27.08.2021 00:17:35.452,1.2698200000000002,1.26969,1,3.65
27.08.2021 00:17:35.603,1.26981,1.26968,1,2.75
27.08.2021 00:17:35.654,1.26981,1.26968,1,2.75
27.08.2021 00:17:40.289,1.26981,1.26968,1,1.12
27.08.2021 00:17:40.877,1.26981,1.26973,1,1
27.08.2021 00:17:40.927,1.2698500000000001,1.2697200000000002,1,1.25
27.08.2021 00:17:41.383,1.26983,1.2697200000000002,1,1
27.08.2021 00:17:41.535,1.2698500000000001,1.26974,1,1
27.08.2021 00:17:41.637,1.26984,1.26973,1,1
27.08.2021 00:17:41.738,1.26983,1.2697,1,1.62
27.08.2021 00:17:42.325,1.26983,1.2697,1,1.5
27.08.2021 00:17:42.427,1.2698200000000002,1.2697100000000001,1,1.62
27.08.2021 00:17:42.681,1.26981,1.26967,1.5,2.62
27.08.2021 00:17:42.783,1.26979,1.26968,1,1
27.08.2021 00:17:45.630,1.26979,1.26966,1,3.57
27.08.2021 00:17:46.445,1.26979,1.26966,1,3.5
27.08.2021 00:17:47.239,1.26977,1.26966,1.5,1.5
27.08.2021 00:17:47.340,1.2697500000000002,1.2696100000000001,1,1.6
27.08.2021 00:17:47.442,1.26973,1.2696100000000001,1,1.6
27.08.2021 00:17:47.544,1.26974,1.2696,1,1.2
27.08.2021 00:17:50.099,1.26973,1.26959,1,1.2
27.08.2021 00:17:56.153,1.2697,1.26958,1,2.85
27.08.2021 00:17:58.982,1.2697100000000001,1.26958,1,1.1
27.08.2021 00:18:00.122,1.2697,1.26959,1,1.22
27.08.2021 00:18:06.936,1.2697,1.26958,1,1.6
27.08.2021 00:18:07.037,1.2696500000000002,1.2695200000000002,1,1.1
27.08.2021 00:18:07.190,1.26964,1.2695200000000002,1,1.35
27.08.2021 00:18:07.980,1.26964,1.2695100000000001,1,3.04
27.08.2021 00:18:08.736,1.2696500000000002,1.2695100000000001,1,1.1
27.08.2021 00:18:08.787,1.2697,1.26958,1.57,1
27.08.2021 00:18:08.888,1.2697100000000001,1.26957,2.1,1
27.08.2021 00:18:08.989,1.2697100000000001,1.26957,1.5,1.6
27.08.2021 00:18:14.729,1.2697200000000002,1.26958,1.5,2
27.08.2021 00:18:17.856,1.2697100000000001,1.26957,1,1.6
27.08.2021 00:18:26.230,1.2697100000000001,1.2696,1.5,1.5
27.08.2021 00:18:29.456,1.2697100000000001,1.2696,1.5,1.12
27.08.2021 00:18:29.608,1.2697100000000001,1.26959,1,1.12
27.08.2021 00:18:33.349,1.26973,1.2696200000000002,1,1.22
27.08.2021 00:18:33.400,1.2697500000000002,1.26963,2.32,1.1
27.08.2021 00:18:33.552,1.26976,1.26963,1.5,1.1
27.08.2021 00:18:33.653,1.26977,1.2696200000000002,1.5,3.79
27.08.2021 00:18:33.754,1.2697500000000002,1.2696,1.5,2.85
27.08.2021 00:18:34.094,1.26974,1.2696100000000001,1.5,2.85
27.08.2021 00:18:35.100,1.26974,1.2696,1,1.6
27.08.2021 00:18:45.860,1.26973,1.26959,1.5,2.1
27.08.2021 00:18:48.674,1.26973,1.26959,1,1.6
27.08.2021 00:18:49.705,1.26973,1.26959,1,2.1
27.08.2021 00:18:56.766,1.26974,1.26959,1,2.85
27.08.2021 00:18:59.268,1.26973,1.2696100000000001,1,1.6
27.08.2021 00:19:02.114,1.26974,1.2696,1,1.6
27.08.2021 00:19:04.051,1.26973,1.2696,1,2.1
27.08.2021 00:19:07.878,1.2697200000000002,1.26959,1,1.6
27.08.2021 00:19:07.979,1.2697200000000002,1.2696,1,2.1
27.08.2021 00:19:10.517,1.2697100000000001,1.2696,1,1.6
27.08.2021 00:19:19.589,1.26974,1.2696200000000002,1,1
27.08.2021 00:19:19.690,1.26973,1.26959,1,1.6
27.08.2021 00:19:19.791,1.26973,1.26959,1,1.6
27.08.2021 00:19:22.842,1.26973,1.26959,1,1.6
27.08.2021 00:19:25.043,1.26973,1.26959,1,1.6
27.08.2021 00:19:25.145,1.26973,1.2696200000000002,1,1.51
27.08.2021 00:19:33.896,1.26973,1.26959,1,2.07
27.08.2021 00:19:33.947,1.2697100000000001,1.26958,1,2.85
27.08.2021 00:19:34.048,1.2697200000000002,1.26958,1,3.6
27.08.2021 00:19:35.428,1.26973,1.26959,1,2.07
27.08.2021 00:19:40.635,1.26974,1.2696200000000002,1,1.57
27.08.2021 00:19:40.737,1.26976,1.26963,1,1.1
27.08.2021 00:20:07.132,1.26974,1.2696,1,2.1
27.08.2021 00:20:07.233,1.26973,1.2696,1,1.85
27.08.2021 00:20:07.335,1.26968,1.26958,1,1.5
27.08.2021 00:20:07.436,1.2697,1.26957,1,1.6
27.08.2021 00:20:07.537,1.26969,1.26959,1,1.2
27.08.2021 00:20:28.158,1.2697,1.26959,1,1.12
27.08.2021 00:21:22.580,1.26969,1.26957,1,1.5
27.08.2021 00:21:33.980,1.26969,1.26957,1,1.5
27.08.2021 00:21:43.177,1.26968,1.26958,1,1.12
27.08.2021 00:21:51.643,1.26964,1.2695400000000001,1,1.6
27.08.2021 00:21:51.845,1.2696200000000002,1.2695,1,3.97
27.08.2021 00:21:53.143,1.2696200000000002,1.26948,1,3.01
27.08.2021 00:21:54.317,1.2696,1.26949,1,1.6
27.08.2021 00:21:54.947,1.2696100000000001,1.26948,1,1.51
27.08.2021 00:21:56.479,1.2696100000000001,1.2695,1.5,1.5
27.08.2021 00:21:57.206,1.26957,1.26947,1,1
27.08.2021 00:21:57.391,1.26957,1.26946,1,1.31
27.08.2021 00:21:58.693,1.26957,1.2694400000000001,1,1.95
27.08.2021 00:22:02.061,1.26957,1.26943,1.5,2.82
27.08.2021 00:22:02.655,1.26956,1.2694400000000001,1,1.5
27.08.2021 00:22:02.756,1.26956,1.26943,1,2.07
27.08.2021 00:22:16.102,1.2695400000000001,1.26943,1,1
27.08.2021 00:22:16.204,1.2695200000000002,1.2694100000000001,1,1.6
27.08.2021 00:22:16.305,1.2695200000000002,1.2694,1.5,4.32
27.08.2021 00:22:16.406,1.2695100000000001,1.2694,1,2.82
27.08.2021 00:22:17.937,1.26953,1.26939,1.5,2.82
27.08.2021 00:22:19.497,1.2695200000000002,1.26939,1,2.82
27.08.2021 00:22:20.476,1.26953,1.2694100000000001,1,1.12
27.08.2021 00:22:21.926,1.26953,1.26939,1.5,2.82
27.08.2021 00:22:23.415,1.2695100000000001,1.2694,1,3.57
27.08.2021 00:22:24.605,1.26953,1.2694100000000001,1,1
27.08.2021 00:22:24.706,1.2695200000000002,1.2694100000000001,1,1.12
27.08.2021 00:22:26.803,1.2695400000000001,1.2694,1.57,1.12
27.08.2021 00:22:26.904,1.2695400000000001,1.26943,1.57,1.12
27.08.2021 00:22:32.165,1.26955,1.26943,1.95,1.12
27.08.2021 00:22:32.317,1.26957,1.26948,1,1
27.08.2021 00:22:32.367,1.26958,1.2695,1,1
27.08.2021 00:22:32.418,1.2696,1.26947,1.5,2.32
27.08.2021 00:22:32.469,1.2696200000000002,1.26949,1.77,1.5
27.08.2021 00:22:32.520,1.2696200000000002,1.26949,1,2
27.08.2021 00:22:33.075,1.2696200000000002,1.2695100000000001,1.1,1.12
27.08.2021 00:22:36.370,1.2696200000000002,1.2695,1,1.12
27.08.2021 00:22:37.394,1.26963,1.2695,1.1,1.12
27.08.2021 00:22:39.006,1.2696200000000002,1.26949,1.5,1.5
27.08.2021 00:22:39.236,1.2696100000000001,1.26949,1.5,1.6
27.08.2021 00:22:40.712,1.2696100000000001,1.2695,1.5,1.5
27.08.2021 00:22:40.863,1.26963,1.26949,1.5,2.82
27.08.2021 00:22:47.396,1.2696100000000001,1.2695100000000001,1,1.12
27.08.2021 00:22:51.818,1.2696200000000002,1.2695100000000001,1.57,1.12
27.08.2021 00:22:52.045,1.2696200000000002,1.26949,1,2
27.08.2021 00:22:52.247,1.2696200000000002,1.26949,1,2.62
27.08.2021 00:22:52.502,1.2696200000000002,1.26949,1,3.5
27.08.2021 00:22:54.134,1.2696200000000002,1.2695100000000001,1,1.12
27.08.2021 00:22:59.905,1.26963,1.2695200000000002,1,1
27.08.2021 00:23:00.007,1.26967,1.26958,2,1.5
27.08.2021 00:23:00.108,1.2697,1.26959,2.45,1
27.08.2021 00:23:00.159,1.2697100000000001,1.2696,3.6,1
27.08.2021 00:23:00.260,1.2697100000000001,1.2696,2.62,1
27.08.2021 00:23:00.540,1.26973,1.26966,1.6,1
27.08.2021 00:23:00.641,1.2697500000000002,1.2696500000000002,1.1,1.87
27.08.2021 00:23:00.692,1.26976,1.26964,1.1,1.31
27.08.2021 00:23:01.013,1.26977,1.26964,3.71,1.31
27.08.2021 00:23:01.540,1.2697100000000001,1.26963,1.5,1.2
27.08.2021 00:23:01.641,1.2697100000000001,1.2696100000000001,1,1.5
27.08.2021 00:23:01.742,1.2697200000000002,1.2696,1.12,1
27.08.2021 00:23:04.825,1.2697500000000002,1.26963,2.15,1.5
27.08.2021 00:23:04.927,1.26974,1.2696200000000002,1.95,1.5
27.08.2021 00:23:05.028,1.26976,1.26963,2.52,2.75
27.08.2021 00:23:05.187,1.26973,1.2696,1,1.98
27.08.2021 00:23:05.238,1.2697200000000002,1.2696100000000001,1.57,1.12
27.08.2021 00:23:06.826,1.2697200000000002,1.2696,1,1
27.08.2021 00:23:08.069,1.2697500000000002,1.26963,1.6,2.25
27.08.2021 00:23:08.171,1.2697500000000002,1.2696200000000002,3.3,2.7
27.08.2021 00:23:08.741,1.26974,1.2696100000000001,1.57,1.87
27.08.2021 00:23:09.962,1.2697200000000002,1.2696,1,1
27.08.2021 00:23:13.435,1.2697,1.2696100000000001,1,1
27.08.2021 00:23:23.830,1.2697100000000001,1.2696100000000001,1,1.5
27.08.2021 00:23:23.931,1.26976,1.26964,1.95,2.62
27.08.2021 00:23:23.982,1.26976,1.26966,1.2,1
27.08.2021 00:23:24.134,1.26974,1.2696200000000002,1,1
27.08.2021 00:23:24.235,1.26974,1.2696100000000001,1.5,1.87
27.08.2021 00:23:25.309,1.2697200000000002,1.2696200000000002,1,1.12
27.08.2021 00:23:27.629,1.26973,1.2696,1,1.87
27.08.2021 00:23:27.730,1.2697200000000002,1.2696,1,1.87
27.08.2021 00:23:31.094,1.2697100000000001,1.26959,1,1.5
27.08.2021 00:23:33.961,1.2697100000000001,1.26959,1,3.12
27.08.2021 00:23:34.459,1.2697100000000001,1.26959,1,1.5
27.08.2021 00:23:49.088,1.26966,1.26959,1,1
27.08.2021 00:23:49.139,1.26963,1.26955,1,1.5
27.08.2021 00:23:49.240,1.26963,1.2695200000000002,1,3.12
27.08.2021 00:23:49.342,1.26963,1.2695200000000002,1.57,1.12
27.08.2021 00:23:52.529,1.26964,1.2695200000000002,1.5,1.5
27.08.2021 00:23:52.580,1.2696500000000002,1.26957,1,1.5
27.08.2021 00:23:52.682,1.2697100000000001,1.26958,2,1.5
27.08.2021 00:23:52.783,1.2697,1.26959,1.5,1.87
27.08.2021 00:23:55.935,1.2697,1.26959,1.5,2
27.08.2021 00:24:01.799,1.2697,1.26958,2.7,1.87
27.08.2021 00:24:02.415,1.2697100000000001,1.26958,1.87,1
27.08.2021 00:24:02.571,1.2697100000000001,1.26957,2.7,1.87
27.08.2021 00:24:02.677,1.2697,1.26957,1,1.12
27.08.2021 00:24:02.728,1.26964,1.2695400000000001,1,2
27.08.2021 00:24:02.880,1.26964,1.26953,1.5,1.12
27.08.2021 00:24:03.315,1.26964,1.2695100000000001,1.5,1.5
27.08.2021 00:24:10.922,1.26964,1.26953,1,1
27.08.2021 00:24:10.973,1.26968,1.26959,1.6,1
27.08.2021 00:24:11.125,1.26969,1.26958,1.5,1.1
27.08.2021 00:24:11.176,1.2697,1.26956,1.5,2.82
27.08.2021 00:24:12.649,1.2697100000000001,1.26958,1.87,1.76
27.08.2021 00:24:14.808,1.2697100000000001,1.26958,1.5,1.5
27.08.2021 00:24:30.227,1.2697500000000002,1.2696200000000002,1,2.62
27.08.2021 00:24:32.000,1.26974,1.2696200000000002,1,1.87
27.08.2021 00:24:33.880,1.2697100000000001,1.2696100000000001,1,1
27.08.2021 00:24:34.193,1.2697100000000001,1.2696,1,1
27.08.2021 00:24:36.508,1.2697,1.26958,1,1.5
27.08.2021 00:24:36.609,1.26969,1.26958,1,1.12
27.08.2021 00:24:36.660,1.26968,1.26955,1,2.82
27.08.2021 00:24:37.700,1.26966,1.26955,1,2.07
27.08.2021 00:24:38.481,1.26966,1.26955,1,2.07
27.08.2021 00:24:42.554,1.2697,1.26958,1,1
27.08.2021 00:24:42.655,1.2697,1.26957,1,1.1
27.08.2021 00:24:43.727,1.2697100000000001,1.26958,1,1.5
27.08.2021 00:24:45.483,1.2697100000000001,1.26958,1,2.07
27.08.2021 00:24:47.321,1.2697200000000002,1.2696100000000001,1.57,1.12
27.08.2021 00:24:47.890,1.2697200000000002,1.2696,1,1.12
27.08.2021 00:24:49.698,1.2697100000000001,1.2696,1,1
27.08.2021 00:24:52.031,1.2697100000000001,1.26959,1,1.12
27.08.2021 00:25:01.801,1.26969,1.26959,1,1.6
27.08.2021 00:25:03.114,1.2697,1.26959,1,2
27.08.2021 00:25:06.561,1.26969,1.26959,1,1.5
27.08.2021 00:25:07.548,1.2697100000000001,1.26959,1,1.2
27.08.2021 00:25:07.649,1.2697100000000001,1.26959,1,2.07
27.08.2021 00:25:14.526,1.2697200000000002,1.26959,1,2.82
27.08.2021 00:25:19.923,1.2697200000000002,1.2696100000000001,1,1
27.08.2021 00:25:19.974,1.26977,1.26966,1.57,1.5
27.08.2021 00:25:20.025,1.26977,1.26964,1.5,2.62
27.08.2021 00:25:20.076,1.26977,1.26966,1.5,1
27.08.2021 00:25:20.290,1.26978,1.26967,1.5,1
27.08.2021 00:25:20.392,1.2698200000000002,1.2697100000000001,1.5,1
27.08.2021 00:25:20.494,1.2698200000000002,1.2697100000000001,1.5,1.5
27.08.2021 00:25:20.798,1.2698200000000002,1.2697,1.57,1.5
27.08.2021 00:25:23.501,1.26981,1.2697,1,1.5
27.08.2021 00:25:24.722,1.26984,1.2697200000000002,1,1.87
27.08.2021 00:25:24.823,1.26984,1.26973,1,1
27.08.2021 00:25:24.924,1.26984,1.26976,1,1.5
27.08.2021 00:25:24.975,1.26984,1.26973,1,1.37
27.08.2021 00:25:25.026,1.26986,1.26976,1.5,1
27.08.2021 00:25:25.177,1.26986,1.2697500000000002,2.25,1
27.08.2021 00:25:25.278,1.26983,1.2697200000000002,1,1.5
27.08.2021 00:25:25.329,1.26983,1.2697200000000002,1,1.12
27.08.2021 00:25:26.272,1.26984,1.2697500000000002,1,1
27.08.2021 00:25:27.091,1.26986,1.26974,1.5,1
27.08.2021 00:25:27.243,1.2698500000000001,1.26974,1,1.5
27.08.2021 00:25:28.783,1.2698500000000001,1.2697500000000002,1.5,1
27.08.2021 00:25:28.935,1.26984,1.2697500000000002,1,1
27.08.2021 00:25:29.188,1.26986,1.26974,1.5,1
27.08.2021 00:25:29.289,1.2698500000000001,1.26974,1,1
27.08.2021 00:25:29.390,1.26986,1.26974,1.69,1.5
27.08.2021 00:25:29.644,1.2698500000000001,1.26974,1,1
27.08.2021 00:25:29.745,1.26986,1.26974,1,1.5
27.08.2021 00:25:30.048,1.2698500000000001,1.26974,1,1
27.08.2021 00:25:30.250,1.26986,1.26974,1,1
27.08.2021 00:25:30.352,1.2698500000000001,1.26976,1,1
27.08.2021 00:25:30.503,1.2698500000000001,1.2697500000000002,1,1
27.08.2021 00:25:31.568,1.26987,1.2697500000000002,1.69,1
27.08.2021 00:25:33.699,1.26986,1.2697500000000002,1,1
27.08.2021 00:25:35.054,1.26987,1.2697500000000002,1.5,1
27.08.2021 00:25:35.156,1.26986,1.2697500000000002,1,1
27.08.2021 00:25:36.243,1.26987,1.26976,1,1.5
27.08.2021 00:25:36.344,1.26987,1.26977,1.5,1
27.08.2021 00:25:36.445,1.26986,1.26978,1,1.25
27.08.2021 00:25:36.546,1.26989,1.26976,1.87,1.1
27.08.2021 00:25:37.020,1.26986,1.26976,1,1
27.08.2021 00:25:37.121,1.2698500000000001,1.26974,1,1
27.08.2021 00:25:37.172,1.2698500000000001,1.2697200000000002,1,1.5
27.08.2021 00:25:37.222,1.26984,1.26977,1,1
27.08.2021 00:25:37.323,1.2698500000000001,1.26977,1,1
27.08.2021 00:25:40.181,1.26987,1.26977,1.5,1
27.08.2021 00:25:41.911,1.2699,1.26981,1.1,1
27.08.2021 00:25:42.013,1.2699,1.2698200000000002,1,1
27.08.2021 00:25:42.265,1.26991,1.2698200000000002,1,1
27.08.2021 00:25:42.316,1.26993,1.2698200000000002,1,1
27.08.2021 00:25:42.367,1.2699500000000001,1.26987,1.12,1
27.08.2021 00:25:42.468,1.2700200000000001,1.26993,1.5,1
27.08.2021 00:25:42.670,1.27003,1.2699500000000001,2.25,1
27.08.2021 00:25:43.542,1.2700200000000001,1.26994,1,1
27.08.2021 00:25:43.592,1.27004,1.26994,2.25,1
27.08.2021 00:25:47.109,1.2700200000000001,1.2699500000000001,1,1
27.08.2021 00:25:47.538,1.27004,1.2699500000000001,2.25,1
27.08.2021 00:25:51.209,1.2700200000000001,1.2699500000000001,1,1
27.08.2021 00:25:51.260,1.27003,1.2699600000000002,2.25,1
27.08.2021 00:25:56.133,1.27003,1.2699500000000001,1,1
27.08.2021 00:25:59.561,1.27001,1.2699600000000002,1,1
27.08.2021 00:25:59.763,1.27004,1.2699500000000001,2.25,1
27.08.2021 00:26:00.134,1.27004,1.26994,2.32,1
27.08.2021 00:26:00.310,1.2700200000000001,1.26994,1,1
27.08.2021 00:26:00.411,1.2700600000000002,1.2699600000000002,1.1,1
27.08.2021 00:26:00.462,1.27004,1.2699600000000002,1,1
27.08.2021 00:26:00.513,1.27003,1.2699500000000001,1,1.12
27.08.2021 00:26:00.614,1.27004,1.26993,1,1
27.08.2021 00:26:02.211,1.27003,1.26993,1,1
27.08.2021 00:26:03.645,1.27003,1.2699200000000002,1,1.1
27.08.2021 00:26:05.543,1.2700200000000001,1.2699200000000002,1,1.1
27.08.2021 00:26:05.594,1.27,1.26989,1,1.1
27.08.2021 00:26:05.695,1.27,1.26988,1,1.1
27.08.2021 00:26:05.797,1.27,1.26988,1,1.1
27.08.2021 00:26:06.185,1.27,1.26988,1,1.1
27.08.2021 00:26:06.293,1.27,1.26988,1,1.1
27.08.2021 00:26:10.368,1.26997,1.26986,1,1.1
27.08.2021 00:26:10.520,1.2699600000000002,1.2698500000000001,1,1.1
27.08.2021 00:26:10.621,1.2699600000000002,1.2698500000000001,1,1.1
27.08.2021 00:26:10.722,1.2699600000000002,1.2698500000000001,1,1.1
27.08.2021 00:26:11.333,1.26997,1.26988,1,1
27.08.2021 00:26:12.237,1.26997,1.26989,1,1
27.08.2021 00:26:12.653,1.26997,1.26988,1,1
27.08.2021 00:26:12.804,1.26997,1.26987,1,1
27.08.2021 00:26:15.670,1.2699500000000001,1.26988,1,1
27.08.2021 00:26:18.174,1.26997,1.26987,1,1.1
27.08.2021 00:26:18.561,1.26999,1.2699,1,1
27.08.2021 00:26:29.633,1.26999,1.26989,1,1
27.08.2021 00:26:29.735,1.2699500000000001,1.2698500000000001,1,1
27.08.2021 00:26:42.180,1.2699500000000001,1.26988,1,1
27.08.2021 00:26:42.281,1.2699600000000002,1.26989,1,1
27.08.2021 00:26:51.646,1.2699799999999999,1.26988,1,1
27.08.2021 00:26:57.554,1.2699600000000002,1.26988,1,1.1
27.08.2021 00:26:57.706,1.2699600000000002,1.26989,1,1
27.08.2021 00:26:58.270,1.2699799999999999,1.26988,1,1
27.08.2021 00:27:00.240,1.26999,1.26988,1,1
27.08.2021 00:27:04.874,1.2699799999999999,1.26988,1,1
27.08.2021 00:27:04.976,1.2699600000000002,1.26987,1,1.1
27.08.2021 00:27:05.230,1.2699799999999999,1.26987,1,1
27.08.2021 00:27:06.295,1.26997,1.26989,1,1
27.08.2021 00:27:07.325,1.2699799999999999,1.26987,1,1.1
27.08.2021 00:27:07.432,1.2699600000000002,1.26988,1,1.1
27.08.2021 00:27:07.534,1.26997,1.26989,1,1
27.08.2021 00:27:12.341,1.26997,1.26987,1,1
27.08.2021 00:27:12.443,1.2699600000000002,1.26987,1,1
27.08.2021 00:27:12.548,1.26997,1.26987,1,1
27.08.2021 00:27:13.201,1.26997,1.26988,1,1
27.08.2021 00:27:13.302,1.26997,1.26987,1,1
27.08.2021 00:27:13.403,1.2699799999999999,1.26987,1,1
27.08.2021 00:27:14.270,1.26997,1.26987,1,1
27.08.2021 00:27:14.371,1.2699799999999999,1.26987,1,1
27.08.2021 00:27:16.203,1.26997,1.26987,1,1
27.08.2021 00:27:19.075,1.2699799999999999,1.26987,1,1
27.08.2021 00:27:19.792,1.2699799999999999,1.26988,1,1
27.08.2021 00:27:20.446,1.26999,1.26988,1,1.1
27.08.2021 00:27:20.801,1.26997,1.26988,1,1.1
27.08.2021 00:27:20.953,1.26997,1.26989,1,1
27.08.2021 00:27:21.539,1.26999,1.26988,1,1
27.08.2021 00:27:31.615,1.2699799999999999,1.26987,1,1
27.08.2021 00:27:31.717,1.2699799999999999,1.26988,1,1
27.08.2021 00:27:35.181,1.2699799999999999,1.26989,1,1
27.08.2021 00:27:35.332,1.27,1.26988,1,1
27.08.2021 00:27:48.522,1.26999,1.26988,1,1
27.08.2021 00:27:58.566,1.2699600000000002,1.26986,1,1
27.08.2021 00:27:58.769,1.26997,1.26986,1,1
27.08.2021 00:27:58.920,1.2699799999999999,1.26986,1.12,1
27.08.2021 00:27:59.021,1.26997,1.26986,1,1
27.08.2021 00:28:00.335,1.2699799999999999,1.26987,1,1
27.08.2021 00:28:00.808,1.2699799999999999,1.26988,1,1
27.08.2021 00:28:02.382,1.27,1.26988,1.12,1
27.08.2021 00:28:03.635,1.27,1.26988,1,1.1
27.08.2021 00:28:05.067,1.26997,1.26987,1,1.1
27.08.2021 00:28:05.219,1.2699799999999999,1.26987,1,1
27.08.2021 00:28:08.535,1.26997,1.26987,1,1
27.08.2021 00:28:17.047,1.26997,1.26988,1,1
27.08.2021 00:28:23.862,1.2700200000000001,1.2699200000000002,1.5,1
27.08.2021 00:28:23.912,1.2700200000000001,1.2699200000000002,1,1
27.08.2021 00:28:24.014,1.2700200000000001,1.26993,1,1
27.08.2021 00:28:40.483,1.27004,1.2699200000000002,1,1.1
27.08.2021 00:28:40.639,1.27004,1.26994,1.12,1
27.08.2021 00:28:43.895,1.27004,1.26993,1,1
27.08.2021 00:28:44.849,1.2700600000000002,1.26994,1,1
27.08.2021 00:28:44.900,1.27009,1.26999,2,1
27.08.2021 00:28:45.005,1.2701200000000001,1.27,1.5,1.1
27.08.2021 00:28:45.056,1.2701200000000001,1.27,1,1.1
27.08.2021 00:28:45.157,1.2701200000000001,1.27,1,1.1
27.08.2021 00:28:45.821,1.2701200000000001,1.2700200000000001,1,1.1
27.08.2021 00:28:45.923,1.27013,1.2700200000000001,1,1.1
27.08.2021 00:28:46.342,1.27014,1.2700200000000001,1,1.1
27.08.2021 00:28:46.827,1.27013,1.2700200000000001,1,1
27.08.2021 00:28:46.929,1.2701200000000001,1.27,1,1.1
27.08.2021 00:28:53.092,1.2701200000000001,1.27001,1,1.1
27.08.2021 00:28:56.227,1.27014,1.2700600000000002,1,1.1
27.08.2021 00:28:56.277,1.2702,1.27007,1.12,1.1
27.08.2021 00:28:56.379,1.27021,1.27008,1.5,1.1
27.08.2021 00:28:56.480,1.27021,1.27008,1,1.1
27.08.2021 00:28:58.804,1.27019,1.27009,1,1.1
27.08.2021 00:28:59.311,1.2702,1.27008,1,1.1
27.08.2021 00:29:03.055,1.2701600000000002,1.2700600000000002,1,1.22
27.08.2021 00:29:03.156,1.2701700000000002,1.27004,1.5,1.6
27.08.2021 00:29:03.258,1.2701700000000002,1.27004,1.5,1.1
27.08.2021 00:29:03.618,1.2701500000000001,1.27003,1,1.1
27.08.2021 00:29:04.631,1.27014,1.2700200000000001,1,1.1
27.08.2021 00:29:04.733,1.27013,1.27001,1,1.1
27.08.2021 00:29:04.834,1.2701200000000001,1.2700200000000001,1,1.1
27.08.2021 00:29:05.432,1.27011,1.27,1,1.1
27.08.2021 00:29:05.534,1.2701200000000001,1.27,1,1.1
27.08.2021 00:29:05.738,1.2701,1.27001,1,1.1
27.08.2021 00:29:06.622,1.2701,1.27001,1,1.1
27.08.2021 00:29:10.577,1.2701,1.27001,1,1.1
27.08.2021 00:29:10.678,1.2701200000000001,1.27,1,1.1
27.08.2021 00:29:11.065,1.27013,1.27001,1,1.1
27.08.2021 00:29:11.268,1.27013,1.27001,1,1.1
27.08.2021 00:29:11.690,1.27013,1.27001,1,1.1
27.08.2021 00:29:12.058,1.27013,1.27001,1,1.1
27.08.2021 00:29:15.051,1.27019,1.2701200000000001,1,2.32
27.08.2021 00:29:15.153,1.2702700000000002,1.2701700000000002,1.5,1
27.08.2021 00:29:15.203,1.27028,1.2701700000000002,1,1.1
27.08.2021 00:29:15.304,1.27028,1.27018,1,1.1
27.08.2021 00:29:20.035,1.27034,1.27025,1.5,1.1
27.08.2021 00:29:20.137,1.27035,1.27025,1.5,1.1
27.08.2021 00:29:20.188,1.27035,1.27025,1,1.1
27.08.2021 00:29:25.012,1.2703600000000002,1.27024,1,1.1
27.08.2021 00:29:25.271,1.2703700000000002,1.2702600000000002,1,1.1
27.08.2021 00:29:25.488,1.2703700000000002,1.2702700000000002,1,1
27.08.2021 00:29:26.132,1.27038,1.2702700000000002,1,1
27.08.2021 00:29:28.104,1.27038,1.2702600000000002,1,1
27.08.2021 00:29:28.213,1.2703700000000002,1.2702600000000002,1,1
27.08.2021 00:29:33.211,1.27034,1.2702700000000002,1.25,1
27.08.2021 00:29:33.312,1.2703200000000001,1.27021,1.5,3.3
27.08.2021 00:29:33.413,1.2703200000000001,1.2702200000000001,1,1
27.08.2021 00:29:34.388,1.27033,1.2702,1,1.1
27.08.2021 00:29:40.639,1.27034,1.2702,1.5,1.1
27.08.2021 00:29:43.366,1.27034,1.27021,1.5,1.1
27.08.2021 00:29:45.991,1.27035,1.27024,1.5,1.1
27.08.2021 00:29:47.490,1.27035,1.27024,1.5,1.2
27.08.2021 00:29:49.966,1.2703600000000002,1.27023,1.5,1.97
27.08.2021 00:29:50.297,1.2703600000000002,1.27023,1.5,1.95
27.08.2021 00:29:50.691,1.2703600000000002,1.27023,1.5,1.97
27.08.2021 00:29:50.982,1.27035,1.27024,1.5,1.95
27.08.2021 00:29:51.087,1.2703600000000002,1.27024,1,1.1
27.08.2021 00:29:59.384,1.27031,1.27025,1,1
27.08.2021 00:29:59.435,1.2703,1.27018,1,1.6
27.08.2021 00:29:59.486,1.27029,1.2701700000000002,1,1.2
27.08.2021 00:30:00.438,1.2702600000000002,1.2701600000000002,1,1.1
27.08.2021 00:30:00.539,1.27028,1.2701500000000001,1,1
27.08.2021 00:30:01.080,1.27029,1.2701600000000002,1.5,1.1
27.08.2021 00:30:03.810,1.27028,1.2701600000000002,1,1.1
27.08.2021 00:30:09.253,1.27031,1.2702200000000001,1,1
27.08.2021 00:30:09.304,1.27034,1.27023,1,1.1
27.08.2021 00:30:09.457,1.2703600000000002,1.27023,1.5,1.2
27.08.2021 00:30:09.759,1.2703600000000002,1.27023,1.5,1.22
27.08.2021 00:30:11.002,1.2703700000000002,1.27025,1.5,1.1
27.08.2021 00:30:13.326,1.27038,1.2702600000000002,1,1.1
27.08.2021 00:30:15.854,1.27044,1.27031,2.07,1.1
27.08.2021 00:30:15.955,1.2704600000000001,1.27033,1.6,1
27.08.2021 00:30:16.056,1.2704600000000001,1.27033,1.1,1
27.08.2021 00:30:16.207,1.2704600000000001,1.27035,1.22,1
27.08.2021 00:30:16.902,1.2704700000000002,1.27034,1.2,1
27.08.2021 00:30:18.861,1.2704600000000001,1.27033,1,1.1
27.08.2021 00:30:19.030,1.2704600000000001,1.27034,1,1
27.08.2021 00:30:21.678,1.2704600000000001,1.27033,1.1,1
27.08.2021 00:30:27.328,1.27043,1.27034,1,1.1
27.08.2021 00:30:27.430,1.27041,1.27028,1.1,1.5
27.08.2021 00:30:27.531,1.27042,1.27028,1.22,1
27.08.2021 00:30:27.903,1.27042,1.27029,1.1,1
27.08.2021 00:30:28.004,1.2703900000000001,1.2702600000000002,1,2.07
27.08.2021 00:30:28.106,1.2703,1.27021,1,2.25
27.08.2021 00:30:28.207,1.27029,1.27019,1,1
27.08.2021 00:30:28.258,1.27028,1.27018,1,1
27.08.2021 00:30:28.359,1.27029,1.2701600000000002,1,1.1
27.08.2021 00:30:28.460,1.27021,1.27011,1,1.5
27.08.2021 00:30:28.511,1.27019,1.27008,3.1,2.25
27.08.2021 00:30:28.612,1.2702,1.27008,1.12,1.79
27.08.2021 00:30:28.663,1.27023,1.27013,1.72,1.25
27.08.2021 00:30:28.713,1.27025,1.2701200000000001,1,1.76
27.08.2021 00:30:28.764,1.27021,1.2701200000000001,1,1
27.08.2021 00:30:28.865,1.27018,1.2700600000000002,1,1
27.08.2021 00:30:28.916,1.27021,1.27008,1.6,1
27.08.2021 00:30:29.017,1.27011,1.27003,1.57,2.83
27.08.2021 00:30:29.096,1.2701200000000001,1.26999,1,1.1
27.08.2021 00:30:29.198,1.27011,1.26999,1,1
27.08.2021 00:30:29.248,1.2700500000000001,1.26997,1,1
27.08.2021 00:30:29.350,1.2700600000000002,1.2699500000000001,1,1
27.08.2021 00:30:30.232,1.2700500000000001,1.2699600000000002,1,1.1
27.08.2021 00:30:31.507,1.27007,1.2699500000000001,1,1.35
27.08.2021 00:30:31.608,1.2701700000000002,1.27004,2,1.01
27.08.2021 00:30:31.710,1.2701700000000002,1.27008,1,1.1
27.08.2021 00:30:31.812,1.27021,1.27008,1,1.1
27.08.2021 00:30:32.590,1.27021,1.27008,1,1.1
27.08.2021 00:30:32.792,1.27021,1.27009,1,1
27.08.2021 00:30:32.894,1.2702200000000001,1.2701,1,1
27.08.2021 00:30:38.891,1.27023,1.27009,1,1.1
27.08.2021 00:30:39.169,1.27023,1.27011,1,1
27.08.2021 00:30:41.580,1.27024,1.27011,1,1
27.08.2021 00:30:44.123,1.2702200000000001,1.2701,1,1
27.08.2021 00:30:44.476,1.2702200000000001,1.27009,1,1.12
27.08.2021 00:30:44.846,1.27023,1.2701,1,1
27.08.2021 00:30:46.807,1.27023,1.27011,1,1
27.08.2021 00:30:46.948,1.2702200000000001,1.27011,1,1.1
27.08.2021 00:30:52.378,1.27025,1.2701200000000001,1.57,2.32
27.08.2021 00:30:52.480,1.2703,1.2701700000000002,2.07,1
27.08.2021 00:30:52.530,1.2703,1.2701700000000002,1.2,1
27.08.2021 00:30:52.682,1.2703,1.27018,1,1
27.08.2021 00:30:52.784,1.27029,1.27018,1,1.1
27.08.2021 00:30:52.885,1.2703,1.27018,1,1.1
27.08.2021 00:30:54.897,1.2703,1.2701700000000002,1,1.1
27.08.2021 00:30:56.651,1.2703200000000001,1.27019,1,1.1
27.08.2021 00:30:56.752,1.27033,1.27019,1.2,1.6
27.08.2021 00:30:58.979,1.27034,1.27021,1,1
27.08.2021 00:31:00.792,1.27034,1.2702200000000001,2.77,1
27.08.2021 00:31:01.039,1.27034,1.27023,1.95,1
27.08.2021 00:31:01.370,1.27035,1.27023,1.2,1.5
27.08.2021 00:31:01.833,1.27035,1.27024,1.2,1
27.08.2021 00:31:02.841,1.2703600000000002,1.2703,1.1,1
27.08.2021 00:31:02.892,1.27042,1.27031,1.1,1
27.08.2021 00:31:02.943,1.27042,1.27033,1.1,1
27.08.2021 00:31:03.095,1.27044,1.27033,1,1.5
27.08.2021 00:31:04.806,1.2704600000000001,1.27033,1.1,1
27.08.2021 00:31:05.255,1.27045,1.27031,1.57,1.5
27.08.2021 00:31:05.461,1.27043,1.2703200000000001,1.1,1.5
27.08.2021 00:31:09.994,1.2704,1.27028,1.1,1
27.08.2021 00:31:10.045,1.2703900000000001,1.2702600000000002,1.1,1.12
27.08.2021 00:31:10.247,1.2703900000000001,1.27025,1.2,1.5
27.08.2021 00:31:11.290,1.2703900000000001,1.27025,1.67,1.5
27.08.2021 00:31:13.278,1.2703700000000002,1.27025,1.67,1
27.08.2021 00:31:16.041,1.2703700000000002,1.27025,1.1,1.75
27.08.2021 00:31:16.142,1.2703900000000001,1.2702600000000002,1.2,1.01
27.08.2021 00:31:16.633,1.27038,1.2702600000000002,1,2.14
27.08.2021 00:31:16.896,1.27038,1.27025,1,1.31
27.08.2021 00:31:18.229,1.2703700000000002,1.2702600000000002,1,1.25
27.08.2021 00:31:19.960,1.27038,1.2703,1,1
27.08.2021 00:31:20.061,1.27041,1.27028,1.72,1.1
27.08.2021 00:31:20.162,1.27041,1.27028,1.12,1.1
27.08.2021 00:31:20.935,1.27041,1.2702700000000002,1.1,1.2
27.08.2021 00:31:22.421,1.27035,1.27024,1,2.75
27.08.2021 00:31:22.472,1.2703600000000002,1.27024,1.76,1
27.08.2021 00:31:24.306,1.27034,1.2702200000000001,1.1,2.25
27.08.2021 00:31:27.705,1.2703200000000001,1.27018,2.72,1.5
27.08.2021 00:31:27.755,1.2703,1.2701600000000002,1.1,1.87
27.08.2021 00:31:27.856,1.27029,1.2701700000000002,1.6,1.87
27.08.2021 00:31:27.961,1.27029,1.2701500000000001,1.1,1.5
27.08.2021 00:31:30.266,1.2703,1.2701600000000002,1.6,1
27.08.2021 00:31:30.372,1.27029,1.2701700000000002,1.2,1
27.08.2021 00:31:32.944,1.27029,1.2701500000000001,1,1.57
27.08.2021 00:31:35.233,1.27028,1.2701500000000001,2.42,1.5
27.08.2021 00:31:35.385,1.2702700000000002,1.2701500000000001,1.6,1
27.08.2021 00:31:35.486,1.27025,1.27014,1,1.5
27.08.2021 00:31:40.499,1.2702600000000002,1.2701200000000001,1,1.57
27.08.2021 00:31:42.970,1.27025,1.27014,1,1
27.08.2021 00:31:48.830,1.2702600000000002,1.2701200000000001,3.92,1
27.08.2021 00:31:48.882,1.27023,1.2701,1,1.1
27.08.2021 00:31:49.185,1.27021,1.27011,1,1.1
27.08.2021 00:31:49.286,1.2702200000000001,1.27009,1,1.2
27.08.2021 00:31:51.310,1.2702,1.27008,1,1.2
27.08.2021 00:31:51.733,1.27019,1.27008,1,2.32
27.08.2021 00:31:51.834,1.27019,1.2700600000000002,1,1.12
27.08.2021 00:31:57.082,1.27019,1.27008,1,1.95
27.08.2021 00:31:57.183,1.2702200000000001,1.27008,1.6,1.57
27.08.2021 00:31:57.285,1.2702200000000001,1.27008,1,1.57
27.08.2021 00:31:57.836,1.2702,1.27008,1,1.1
27.08.2021 00:31:58.038,1.2702200000000001,1.27009,1,1.5
27.08.2021 00:32:10.459,1.2702200000000001,1.27008,1,2.14
27.08.2021 00:32:32.152,1.2702200000000001,1.27008,1,1.22
27.08.2021 00:32:34.358,1.27021,1.27009,1,2.7
27.08.2021 00:32:34.460,1.2702200000000001,1.27008,1,2.72
27.08.2021 00:32:39.740,1.2702200000000001,1.27008,1,1.95
27.08.2021 00:32:39.842,1.27021,1.27008,1,1.1
27.08.2021 00:32:42.551,1.27021,1.27009,1,2.35
27.08.2021 00:32:42.652,1.2702,1.27009,1,2.91
27.08.2021 00:32:47.563,1.2702,1.27007,1,2.85
27.08.2021 00:32:49.848,1.27019,1.27007,1,3.47
27.08.2021 00:32:49.950,1.2702,1.2700600000000002,1,3.45
27.08.2021 00:32:52.219,1.2701500000000001,1.27003,1,1.5
27.08.2021 00:32:52.321,1.2701200000000001,1.2700200000000001,1,1.5
27.08.2021 00:32:52.422,1.27013,1.27,1,1.2
27.08.2021 00:33:01.220,1.27013,1.27001,1,1.2
27.08.2021 00:33:01.321,1.27014,1.27,1,1.22
27.08.2021 00:33:05.284,1.2701500000000001,1.27001,1,1.1
27.08.2021 00:33:08.782,1.27014,1.27001,1,1.1
27.08.2021 00:33:08.884,1.27013,1.27,1,1.5
27.08.2021 00:33:18.484,1.27013,1.27,1,3.47
27.08.2021 00:33:26.087,1.27014,1.27,1,2.72
27.08.2021 00:33:30.611,1.27014,1.2700200000000001,1,1
27.08.2021 00:33:30.661,1.2701700000000002,1.2700500000000001,1.1,1
27.08.2021 00:33:30.763,1.2702,1.27007,1.5,1
27.08.2021 00:33:30.864,1.2702200000000001,1.27009,1.1,1
27.08.2021 00:33:30.915,1.2702200000000001,1.2701200000000001,1.1,1
27.08.2021 00:33:30.966,1.27024,1.27013,1.12,1
27.08.2021 00:33:31.067,1.2702600000000002,1.2701200000000001,2.4,1
27.08.2021 00:33:31.168,1.27025,1.27011,1,1.1
27.08.2021 00:33:31.775,1.2702600000000002,1.27013,1,1
27.08.2021 00:33:32.842,1.2702600000000002,1.2701200000000001,1.57,1
27.08.2021 00:33:41.662,1.27025,1.27011,1,1.1
27.08.2021 00:33:45.976,1.27021,1.2701,1,1.1
27.08.2021 00:33:46.228,1.27023,1.27009,1,3.45
27.08.2021 00:33:46.330,1.2702200000000001,1.2701,1,3.47
27.08.2021 00:33:52.796,1.2702700000000002,1.2701500000000001,1.2,1
27.08.2021 00:33:52.897,1.2702700000000002,1.2701500000000001,1.1,2.54
27.08.2021 00:33:52.948,1.27029,1.2701500000000001,1,2.54
27.08.2021 00:33:58.921,1.27029,1.2701500000000001,1,1.57
27.08.2021 00:33:58.972,1.2702700000000002,1.27014,1,1.2
27.08.2021 00:33:59.073,1.27024,1.27013,1,1.2
27.08.2021 00:34:01.943,1.27023,1.2701,1,1
27.08.2021 00:34:02.412,1.2702200000000001,1.27009,1,1
27.08.2021 00:34:04.429,1.27021,1.27008,1,1.2
27.08.2021 00:34:04.531,1.2702,1.27007,1,1.12
27.08.2021 00:34:04.632,1.27021,1.27007,1,1.95
27.08.2021 00:34:04.784,1.27021,1.27007,1,1.97
27.08.2021 00:34:05.118,1.27023,1.27008,1.12,1.6
27.08.2021 00:34:10.877,1.2702200000000001,1.27009,1,1
27.08.2021 00:34:10.927,1.2702,1.2700600000000002,1,1.6
27.08.2021 00:34:11.029,1.2701600000000002,1.2700500000000001,1,1.6
27.08.2021 00:34:11.080,1.2701700000000002,1.27003,1,2.85
27.08.2021 00:34:15.596,1.27014,1.27001,1,1.2
27.08.2021 00:34:17.685,1.27013,1.27,1,2.7
27.08.2021 00:34:23.834,1.27014,1.27,1,1.57
27.08.2021 00:34:24.217,1.27014,1.27001,1,1.1
27.08.2021 00:34:35.783,1.27013,1.27001,1,1.95
27.08.2021 00:34:36.591,1.27014,1.27,1,1.97
27.08.2021 00:34:46.727,1.2701200000000001,1.27001,1,1.2
27.08.2021 00:34:56.209,1.2701200000000001,1.2699799999999999,1,1.95
27.08.2021 00:34:58.279,1.27013,1.27,1,1
27.08.2021 00:34:58.380,1.2701700000000002,1.27004,1.65,2.35
27.08.2021 00:34:58.481,1.2701600000000002,1.27004,1,1.1
27.08.2021 00:35:00.347,1.27018,1.27007,1,1.1
27.08.2021 00:35:00.621,1.2702,1.2700600000000002,1.2,1.57
27.08.2021 00:35:00.895,1.27023,1.2701,1.2,1
27.08.2021 00:35:00.999,1.2702700000000002,1.2701600000000002,1.1,1
27.08.2021 00:35:01.100,1.2703,1.2701700000000002,1.57,1.5
27.08.2021 00:35:01.202,1.27031,1.2701700000000002,1.5,1.6
27.08.2021 00:35:06.738,1.2703200000000001,1.27018,1.57,1.1
27.08.2021 00:35:08.072,1.27031,1.2701700000000002,1,1.6
27.08.2021 00:35:15.396,1.2703200000000001,1.27018,1.1,1.1
27.08.2021 00:35:16.727,1.2703,1.27018,1,1.6
27.08.2021 00:35:17.039,1.2703,1.2701700000000002,2.32,1
27.08.2021 00:35:17.140,1.27028,1.2701700000000002,1,1.1
27.08.2021 00:35:17.241,1.27029,1.2701600000000002,1.7,1
27.08.2021 00:35:18.171,1.27029,1.2701600000000002,1.57,1
27.08.2021 00:35:19.043,1.2703,1.2701700000000002,1.7,1
27.08.2021 00:35:19.144,1.27029,1.27018,1.1,1
27.08.2021 00:35:22.769,1.2702700000000002,1.2701600000000002,1,1.1
27.08.2021 00:35:30.767,1.2702600000000002,1.27013,1.1,1
27.08.2021 00:35:31.361,1.2702700000000002,1.2701200000000001,1.97,1.2
27.08.2021 00:35:37.376,1.27024,1.27011,1,1.1
27.08.2021 00:35:42.168,1.27024,1.2701,1.57,1.1
27.08.2021 00:35:42.269,1.2702200000000001,1.27011,1.1,1
27.08.2021 00:36:04.232,1.2702700000000002,1.2701500000000001,1.5,1
27.08.2021 00:36:04.334,1.27029,1.2701700000000002,1,1
27.08.2021 00:36:04.384,1.2703,1.2701700000000002,1.1,1
27.08.2021 00:36:21.943,1.27028,1.2701700000000002,1,1.1
27.08.2021 00:36:24.249,1.27029,1.27018,1.1,1
27.08.2021 00:36:33.884,1.27029,1.2701600000000002,1,1.1
27.08.2021 00:36:36.275,1.27029,1.27018,1.1,1.5
27.08.2021 00:36:36.325,1.2703200000000001,1.27019,1,1.1
27.08.2021 00:36:37.801,1.2703600000000002,1.27023,1.6,1
27.08.2021 00:36:37.902,1.2703600000000002,1.27023,1,1.1
27.08.2021 00:36:46.098,1.27035,1.2702200000000001,1,1.57
27.08.2021 00:36:46.468,1.27035,1.27024,1.1,1
27.08.2021 00:36:46.620,1.27035,1.2702200000000001,1,1.57
27.08.2021 00:36:52.849,1.2703600000000002,1.27023,1,1.1
27.08.2021 00:36:55.887,1.2703200000000001,1.2702,1,1.95
27.08.2021 00:36:56.089,1.27031,1.2702,1,1.1
27.08.2021 00:36:59.425,1.27038,1.27029,2,1
27.08.2021 00:36:59.476,1.2704,1.2703200000000001,3,1
27.08.2021 00:36:59.678,1.27044,1.27031,1.1,1
27.08.2021 00:37:28.651,1.27042,1.27029,1.1,1
27.08.2021 00:37:28.753,1.2704,1.2702700000000002,1.1,1.12
27.08.2021 00:37:37.968,1.2704,1.27028,1,1
27.08.2021 00:37:38.119,1.2703900000000001,1.2703,1,1
27.08.2021 00:37:51.560,1.27044,1.2703200000000001,1.1,1
27.08.2021 00:37:51.661,1.27044,1.27033,1,1
27.08.2021 00:37:51.764,1.27044,1.27034,1.1,1
27.08.2021 00:37:56.493,1.27044,1.2703200000000001,1.1,1
27.08.2021 00:37:56.605,1.27044,1.27031,1.1,1.5
27.08.2021 00:37:57.630,1.27043,1.27033,1,1
27.08.2021 00:37:59.948,1.27044,1.27034,1.1,1
27.08.2021 00:38:02.238,1.27043,1.2703,3.07,2.25
27.08.2021 00:38:02.339,1.27042,1.27029,1.1,1
27.08.2021 00:38:02.495,1.27043,1.2703,1.22,1
27.08.2021 00:38:17.666,1.27045,1.2703200000000001,1.12,1.1
27.08.2021 00:38:26.635,1.27044,1.2703200000000001,1.1,2.25
27.08.2021 00:38:30.690,1.27044,1.27033,1.1,1
27.08.2021 00:38:42.990,1.27045,1.27031,1.1,2.25
27.08.2021 00:38:47.679,1.27045,1.2703200000000001,1,1.1
27.08.2021 00:39:22.296,1.2704700000000002,1.27034,2.72,1
27.08.2021 00:39:29.695,1.2704600000000001,1.27035,1.87,1
27.08.2021 00:39:53.817,1.27052,1.2703900000000001,1.7,1
27.08.2021 00:39:54.019,1.27051,1.2703900000000001,1.12,1.1
27.08.2021 00:39:55.729,1.27053,1.27041,1.12,1
27.08.2021 00:40:00.686,1.27053,1.27042,1,1
27.08.2021 00:40:04.713,1.27054,1.27041,2.75,1
27.08.2021 00:40:05.150,1.27053,1.2704,1.12,1
27.08.2021 00:40:35.242,1.27053,1.27044,1.5,1.5
27.08.2021 00:40:35.296,1.2705600000000001,1.27044,2,1.5
27.08.2021 00:40:35.398,1.27055,1.27042,1.87,1.1
27.08.2021 00:40:40.166,1.27055,1.27045,1.87,1
27.08.2021 00:40:40.217,1.27055,1.27043,1.5,1.5
27.08.2021 00:40:40.319,1.27055,1.27042,1,1.57
27.08.2021 00:40:40.760,1.2705600000000001,1.27044,1,1
27.08.2021 00:40:41.017,1.2705600000000001,1.27042,1.5,1.97
27.08.2021 00:40:41.119,1.27054,1.27043,1,1.6
27.08.2021 00:40:41.371,1.27055,1.27042,1,1.57
27.08.2021 00:40:52.150,1.27052,1.27041,1,1.57
27.08.2021 00:41:03.911,1.27055,1.27042,1.12,1
27.08.2021 00:41:08.368,1.2705600000000001,1.27044,2,1
27.08.2021 00:41:08.470,1.2705600000000001,1.27051,1,1
27.08.2021 00:41:08.722,1.27063,1.2705,1.6,1
27.08.2021 00:41:11.184,1.27063,1.2704900000000001,2.07,1.1
27.08.2021 00:41:24.285,1.2706600000000001,1.27052,2.82,1.5
27.08.2021 00:41:26.766,1.2706700000000002,1.27055,1.87,1
27.08.2021 00:41:26.867,1.27071,1.27058,1.75,1
27.08.2021 00:41:26.968,1.27072,1.27058,2.75,1
27.08.2021 00:41:41.759,1.2707000000000002,1.2705700000000002,1,1.57
27.08.2021 00:41:56.824,1.27072,1.27058,3.5,1
27.08.2021 00:42:01.015,1.27072,1.27061,1,1.1
27.08.2021 00:42:01.066,1.27075,1.27061,2.25,1
27.08.2021 00:42:02.114,1.27078,1.27063,3.5,1.1
27.08.2021 00:42:02.216,1.27082,1.27068,4.25,1
27.08.2021 00:42:02.267,1.2708000000000002,1.27068,1,1
27.08.2021 00:42:02.368,1.2708000000000002,1.2706600000000001,1,1.1
27.08.2021 00:42:08.249,1.27081,1.2706700000000002,1.87,1.1
27.08.2021 00:42:08.300,1.27083,1.27073,1.5,1
27.08.2021 00:42:08.402,1.27085,1.27074,1.5,1
27.08.2021 00:42:08.503,1.27085,1.27074,1.5,1
27.08.2021 00:42:08.706,1.27086,1.27073,1,1.1
27.08.2021 00:42:10.243,1.2708700000000002,1.27073,1.12,1.1
27.08.2021 00:42:11.058,1.2708700000000002,1.27073,1.12,1.1
27.08.2021 00:42:15.013,1.2709000000000001,1.2707700000000002,1.75,1.1
27.08.2021 00:42:15.217,1.2709000000000001,1.2707700000000002,1,1.1
27.08.2021 00:42:15.616,1.27089,1.2707700000000002,1,1.57
27.08.2021 00:42:16.336,1.2708700000000002,1.27074,1,1.1
27.08.2021 00:42:16.438,1.27086,1.27073,1,1.6
27.08.2021 00:42:16.540,1.27085,1.27074,1,1.1
27.08.2021 00:42:20.190,1.27086,1.27073,1,1.6
27.08.2021 00:42:22.194,1.2708700000000002,1.27073,1.12,1.1
27.08.2021 00:42:23.821,1.27085,1.27074,1,1.57
27.08.2021 00:42:25.852,1.27085,1.27072,1,1.6
27.08.2021 00:42:47.940,1.27084,1.27072,1,1.1
27.08.2021 00:42:50.820,1.27081,1.27071,1,1.1
27.08.2021 00:42:50.922,1.27081,1.2707000000000002,1,1.1
27.08.2021 00:42:53.394,1.27081,1.27071,1,1.1
27.08.2021 00:42:53.525,1.27081,1.2707000000000002,1,1.1
27.08.2021 00:42:54.249,1.2708000000000002,1.2706700000000002,1,2.72
27.08.2021 00:42:54.300,1.27079,1.2706700000000002,1,1.2
27.08.2021 00:42:55.189,1.2707700000000002,1.27064,1,1.97
27.08.2021 00:42:57.936,1.2707600000000001,1.27065,1,1.57
27.08.2021 00:42:58.695,1.27072,1.27063,1,1
27.08.2021 00:42:58.746,1.27071,1.27061,1,1.95
27.08.2021 00:42:58.898,1.2707000000000002,1.2706,1,1.5
27.08.2021 00:43:00.728,1.2707000000000002,1.2705700000000002,1,1.1
27.08.2021 00:43:00.829,1.27069,1.2705600000000001,1,1.6
27.08.2021 00:43:00.984,1.27069,1.2705600000000001,1,1.57
27.08.2021 00:43:01.334,1.27071,1.27058,1.12,1
27.08.2021 00:43:02.681,1.27074,1.27065,1.5,1
27.08.2021 00:43:02.732,1.27078,1.2706600000000001,1.5,1
27.08.2021 00:43:02.934,1.27079,1.2706600000000001,1,1
27.08.2021 00:43:03.592,1.27078,1.2706600000000001,1.5,1.1
27.08.2021 00:43:05.586,1.27079,1.27065,2,1.1
27.08.2021 00:43:06.677,1.2707700000000002,1.27064,1.5,1.1
27.08.2021 00:43:06.879,1.27078,1.27064,1,1.1
27.08.2021 00:43:06.980,1.27078,1.27064,1,1.1
27.08.2021 00:43:08.369,1.27079,1.2706600000000001,1.12,1
27.08.2021 00:43:09.357,1.27079,1.2706600000000001,1.12,1.5
27.08.2021 00:43:09.458,1.27084,1.27071,2.18,1
27.08.2021 00:43:09.610,1.27084,1.27071,1,1.1
27.08.2021 00:43:14.094,1.2708700000000002,1.27073,2,1
27.08.2021 00:43:14.196,1.27086,1.27074,1.5,1
27.08.2021 00:43:16.497,1.27085,1.27074,1.87,1
27.08.2021 00:43:16.599,1.2708000000000002,1.2706600000000001,1,1.6
27.08.2021 00:43:16.700,1.27079,1.2706700000000002,2.75,1.1
27.08.2021 00:43:20.748,1.2708000000000002,1.2706600000000001,1.87,1.1
27.08.2021 00:43:20.991,1.2708000000000002,1.2706600000000001,1.87,1.1
27.08.2021 00:43:21.805,1.2708000000000002,1.2706600000000001,2.62,1.1
27.08.2021 00:43:27.526,1.27079,1.2706700000000002,2,1.1
27.08.2021 00:43:41.528,1.27081,1.2706600000000001,2,1.1
27.08.2021 00:43:43.031,1.2708000000000002,1.2706600000000001,2.75,1.1
27.08.2021 00:43:44.461,1.27082,1.2707000000000002,1.5,1.1
27.08.2021 00:43:44.562,1.27082,1.27075,1,1
27.08.2021 00:43:44.663,1.2708700000000002,1.27074,2,1
27.08.2021 00:43:47.192,1.27085,1.27073,1.12,1
27.08.2021 00:43:50.434,1.27079,1.27073,1,1
27.08.2021 00:43:50.535,1.27079,1.2706700000000002,1,1.27
27.08.2021 00:43:50.636,1.27079,1.27065,1,2.07
27.08.2021 00:43:50.738,1.27079,1.27065,1,1.57
27.08.2021 00:44:03.209,1.2707700000000002,1.27064,1.5,1
27.08.2021 00:44:03.310,1.2707600000000001,1.27065,2,1
27.08.2021 00:44:03.411,1.27075,1.27061,1,1.6
27.08.2021 00:44:03.512,1.27073,1.2706,2.25,2.05
27.08.2021 00:44:03.664,1.27074,1.27059,2.75,1.1
27.08.2021 00:44:08.287,1.2707700000000002,1.27063,2,1
27.08.2021 00:44:08.388,1.2707700000000002,1.27064,1.5,1.1
27.08.2021 00:44:08.489,1.27078,1.27064,1.87,1.1
27.08.2021 00:44:13.739,1.2707000000000002,1.27059,1,1.6
27.08.2021 00:44:13.790,1.2707000000000002,1.2705700000000002,1,1.1
27.08.2021 00:44:13.891,1.2707000000000002,1.2705700000000002,1,1.1
27.08.2021 00:44:24.592,1.2706700000000002,1.27053,1,2.42
27.08.2021 00:44:24.694,1.2706700000000002,1.27053,1.5,2.02
27.08.2021 00:44:27.404,1.2706600000000001,1.27052,1,1.6
27.08.2021 00:44:27.505,1.27064,1.27051,1,1.6
27.08.2021 00:44:28.080,1.27064,1.2705,1,1.6
27.08.2021 00:44:28.876,1.27062,1.2704900000000001,1,1.1
27.08.2021 00:44:39.132,1.27062,1.2704900000000001,1.1,1
27.08.2021 00:44:43.049,1.27063,1.27052,1,1
27.08.2021 00:44:43.151,1.27065,1.27051,1.1,1
27.08.2021 00:44:43.766,1.27064,1.2705,1,1.5
27.08.2021 00:44:46.064,1.27064,1.27051,1,1
27.08.2021 00:44:55.052,1.27063,1.27051,1,1.5
27.08.2021 00:45:05.536,1.27065,1.27051,1.87,1.5
27.08.2021 00:45:08.012,1.27064,1.2705,1.57,1
27.08.2021 00:45:17.603,1.27062,1.2704900000000001,1,1
27.08.2021 00:46:04.011,1.27063,1.27051,1,1
27.08.2021 00:46:19.750,1.27064,1.27053,1.2,1
27.08.2021 00:46:24.192,1.2706700000000002,1.27055,1,1
27.08.2021 00:46:24.293,1.27068,1.27055,1.12,1.5
27.08.2021 00:46:24.419,1.27068,1.27055,1,2.45
27.08.2021 00:46:24.521,1.2706700000000002,1.2705600000000001,1,2.7
27.08.2021 00:46:24.622,1.2706700000000002,1.2705700000000002,1,1.2
27.08.2021 00:46:25.038,1.27068,1.27055,1,2.7
27.08.2021 00:46:37.267,1.27068,1.2705700000000002,1,1
27.08.2021 00:46:58.793,1.27069,1.27058,1,1
27.08.2021 00:47:18.580,1.27072,1.27059,1,4.12
27.08.2021 00:47:18.681,1.2707700000000002,1.27063,1.5,1.5
27.08.2021 00:47:18.783,1.2707600000000001,1.27064,1,1.5
27.08.2021 00:47:24.229,1.27078,1.27065,1,1.5
27.08.2021 00:47:24.902,1.27074,1.27062,1.5,1.57
27.08.2021 00:47:25.054,1.27074,1.27061,1.5,1
27.08.2021 00:47:36.537,1.27073,1.2706,1,1
27.08.2021 00:48:00.249,1.27075,1.27064,2.62,1.1
27.08.2021 00:48:04.775,1.2707700000000002,1.27063,1.5,2.8
27.08.2021 00:48:05.040,1.2707600000000001,1.27064,1.5,2.77
27.08.2021 00:48:08.455,1.2707700000000002,1.27063,1.5,2.8
27.08.2021 00:48:32.550,1.27075,1.27064,1,2.05
27.08.2021 00:48:32.658,1.2707600000000001,1.27063,1,2.02
27.08.2021 00:48:32.931,1.27073,1.27062,1.5,2.32
27.08.2021 00:48:33.033,1.27071,1.27063,1,1.2
27.08.2021 00:48:33.134,1.27071,1.2706,1,1.27
27.08.2021 00:48:35.547,1.27072,1.2705700000000002,1,1.67
27.08.2021 00:48:49.938,1.27071,1.2705700000000002,1,1.67
27.08.2021 00:49:03.144,1.27069,1.2705600000000001,1,2.8
27.08.2021 00:49:03.246,1.27069,1.2705600000000001,1.5,2.4
27.08.2021 00:49:04.358,1.2707000000000002,1.27058,1.5,2.35
27.08.2021 00:49:05.797,1.27071,1.2705700000000002,1.5,2.8
27.08.2021 00:49:06.438,1.27075,1.27064,2.25,1
27.08.2021 00:49:11.224,1.2707600000000001,1.27064,1.5,2.4
27.08.2021 00:49:21.435,1.2707600000000001,1.27063,1,2.4
27.08.2021 00:49:26.199,1.27072,1.27062,1,1
27.08.2021 00:49:26.300,1.27072,1.27061,1.5,1.2
27.08.2021 00:49:26.413,1.27072,1.27059,1.5,1.27
27.08.2021 00:49:26.581,1.27071,1.27058,1,2.42
27.08.2021 00:49:29.882,1.27068,1.2705700000000002,1.5,3.17
27.08.2021 00:49:29.983,1.27069,1.2705600000000001,1.5,2.02
27.08.2021 00:49:31.177,1.27068,1.2705700000000002,1.5,1.1
27.08.2021 00:49:32.131,1.27068,1.2705700000000002,1.5,1.1
27.08.2021 00:49:32.283,1.27068,1.2705700000000002,1.5,1.1
27.08.2021 00:49:32.384,1.27069,1.2705600000000001,1.5,1.1
27.08.2021 00:49:43.533,1.27069,1.2705700000000002,1.57,1.1
27.08.2021 00:49:48.204,1.2707000000000002,1.2705600000000001,1,2.42
27.08.2021 00:49:51.311,1.2707000000000002,1.2705600000000001,1.1,1.1
27.08.2021 00:49:58.001,1.27068,1.2705700000000002,1,1.1
27.08.2021 00:50:00.307,1.2706600000000001,1.2705600000000001,1,1.1
27.08.2021 00:50:00.408,1.27062,1.2704900000000001,1,1.1
27.08.2021 00:50:07.770,1.27059,1.27048,1,1.5
27.08.2021 00:50:07.871,1.2705700000000002,1.27045,1,2.32
27.08.2021 00:50:08.145,1.2705700000000002,1.27044,1,2.02
27.08.2021 00:50:08.246,1.27053,1.27041,1,1.7
27.08.2021 00:50:08.347,1.27055,1.27041,1.97,1.95
27.08.2021 00:50:10.039,1.27054,1.2704,1.57,1
27.08.2021 00:50:10.371,1.27054,1.27041,1.1,1
27.08.2021 00:50:42.430,1.2705600000000001,1.27043,1.6,1
27.08.2021 00:50:42.531,1.2705600000000001,1.27043,1.1,1
27.08.2021 00:51:01.653,1.2705700000000002,1.27045,1.6,1
27.08.2021 00:51:43.022,1.2705700000000002,1.27043,1.1,1
27.08.2021 00:51:43.123,1.27054,1.27043,1.1,1
27.08.2021 00:51:43.820,1.2705600000000001,1.27043,1.22,1
27.08.2021 00:51:43.921,1.2705600000000001,1.27043,1.2,1
27.08.2021 00:51:47.390,1.27054,1.27044,1.1,1
27.08.2021 00:51:47.492,1.27055,1.27042,1.22,1
27.08.2021 00:52:00.060,1.27051,1.2703900000000001,1.57,1
27.08.2021 00:52:00.162,1.27051,1.27038,1.57,1
27.08.2021 00:52:02.983,1.27052,1.2704,1.22,1
27.08.2021 00:52:03.085,1.27053,1.27042,2.1,1
27.08.2021 00:52:07.297,1.2705,1.2704,1.5,1
27.08.2021 00:52:08.957,1.27053,1.2703900000000001,1.85,1
27.08.2021 00:52:09.059,1.27055,1.27041,2.85,1
27.08.2021 00:52:09.110,1.27055,1.27041,2.7,1
27.08.2021 00:52:14.769,1.27055,1.27041,2.07,1
27.08.2021 00:52:19.188,1.27054,1.27042,1.95,1
27.08.2021 00:52:25.282,1.27054,1.27041,1,1
27.08.2021 00:52:26.161,1.2705700000000002,1.27044,1.97,1
27.08.2021 00:52:26.262,1.2705700000000002,1.27044,1.2,1
27.08.2021 00:52:28.535,1.27059,1.2704600000000001,2.1,1
27.08.2021 00:52:28.636,1.27058,1.2704600000000001,1.1,1
27.08.2021 00:52:28.738,1.2705700000000002,1.2704600000000001,1.57,1
27.08.2021 00:52:29.556,1.27058,1.27045,2.07,1
27.08.2021 00:52:32.535,1.27058,1.27045,1.57,1
27.08.2021 00:52:32.687,1.27062,1.2704900000000001,3.97,1
27.08.2021 00:52:32.738,1.27062,1.2704900000000001,3.07,1
27.08.2021 00:52:34.742,1.27062,1.27051,1.1,1
27.08.2021 00:52:36.734,1.27061,1.27051,1.1,1
27.08.2021 00:52:37.366,1.27063,1.2705,1.95,1
27.08.2021 00:52:37.725,1.27062,1.2705,1,1
27.08.2021 00:52:42.735,1.2706,1.27051,1,1
27.08.2021 00:52:44.563,1.27061,1.2704900000000001,1,1
27.08.2021 00:52:47.960,1.2706,1.2704900000000001,1,1.1
27.08.2021 00:52:50.791,1.27058,1.27048,1.5,1
27.08.2021 00:52:50.842,1.2705600000000001,1.27044,1,1
27.08.2021 00:52:50.892,1.27054,1.27041,1.57,1.5
27.08.2021 00:52:50.993,1.27052,1.27042,1,1
27.08.2021 00:52:51.595,1.27053,1.27042,1.57,1
27.08.2021 00:52:54.690,1.27053,1.27041,1,1
27.08.2021 00:53:04.016,1.27054,1.27041,1.5,1.1
27.08.2021 00:53:21.867,1.2705,1.27038,1.5,1.2
27.08.2021 00:53:22.171,1.2704900000000001,1.2703600000000002,1,1.6
27.08.2021 00:53:22.272,1.27048,1.2703700000000002,1,1
27.08.2021 00:53:22.424,1.2705,1.2703700000000002,1,1.1
27.08.2021 00:53:27.690,1.27051,1.2703700000000002,1.5,1.1
27.08.2021 00:53:27.816,1.2704900000000001,1.2703600000000002,1,1.1
27.08.2021 00:53:38.137,1.27044,1.2703600000000002,1,1.12
27.08.2021 00:53:38.188,1.2704700000000002,1.27034,2.25,1.5
27.08.2021 00:53:38.239,1.27042,1.2703,1.5,2.75
27.08.2021 00:53:38.340,1.2703900000000001,1.27029,1,1.5
27.08.2021 00:53:38.441,1.27038,1.2703,1,1
27.08.2021 00:53:38.650,1.2704,1.27028,1,1
27.08.2021 00:53:39.127,1.2703600000000002,1.27028,1,1
27.08.2021 00:53:41.601,1.27038,1.27028,1,1
27.08.2021 00:53:44.915,1.2703700000000002,1.2702600000000002,1.5,2.25
27.08.2021 00:53:45.016,1.27035,1.2702700000000002,1,1.5
27.08.2021 00:53:45.168,1.2703600000000002,1.2702700000000002,1.5,1.5
27.08.2021 00:53:47.709,1.27035,1.2702700000000002,1,1.5
27.08.2021 00:53:52.933,1.2703700000000002,1.2702600000000002,1,2.25
27.08.2021 00:53:57.269,1.2703600000000002,1.2702600000000002,1,1.5
27.08.2021 00:54:00.397,1.2703700000000002,1.2702700000000002,1.2,1
27.08.2021 00:54:01.255,1.27038,1.2702600000000002,1.6,2.25
27.08.2021 00:54:01.499,1.27038,1.2702600000000002,1.1,2.25
27.08.2021 00:54:02.040,1.2703700000000002,1.2702600000000002,1,2.25
27.08.2021 00:54:02.329,1.2703600000000002,1.2702600000000002,1,1.5
27.08.2021 00:54:09.932,1.27035,1.2702600000000002,1,1.5
27.08.2021 00:54:10.896,1.2703200000000001,1.2702,1,1.2
27.08.2021 00:54:10.997,1.27031,1.27023,1.1,1
27.08.2021 00:54:11.048,1.27031,1.27019,1.1,1
27.08.2021 00:54:15.283,1.27033,1.27019,1,2.32
27.08.2021 00:54:15.334,1.27034,1.27021,1.1,1
27.08.2021 00:54:15.738,1.27034,1.2702200000000001,1.1,1
27.08.2021 00:54:21.876,1.27035,1.2702200000000001,3.1,1
27.08.2021 00:54:27.430,1.27034,1.2702200000000001,1.1,1
27.08.2021 00:54:28.484,1.27034,1.27024,1,1
27.08.2021 00:54:28.595,1.27035,1.27025,2.25,1
27.08.2021 00:54:30.283,1.27038,1.27025,1.5,1
27.08.2021 00:54:30.385,1.27038,1.2702700000000002,2.25,1
27.08.2021 00:54:30.436,1.27041,1.27029,1.12,1
27.08.2021 00:54:30.538,1.27042,1.27031,1,1
27.08.2021 00:54:30.690,1.27042,1.27029,1,1
27.08.2021 00:54:30.792,1.27042,1.2703200000000001,1,1
27.08.2021 00:54:30.944,1.27042,1.27029,1,1.1
27.08.2021 00:54:31.046,1.27042,1.27028,1,1.1
27.08.2021 00:54:31.325,1.27043,1.27028,1,1.1
27.08.2021 00:54:31.426,1.27042,1.27031,1,1
27.08.2021 00:54:32.832,1.27043,1.27031,1.5,1
27.08.2021 00:54:33.514,1.2704600000000001,1.27033,1.5,1
27.08.2021 00:54:33.615,1.2704700000000002,1.27034,1,1
27.08.2021 00:54:33.869,1.27045,1.27033,1,1
27.08.2021 00:54:33.970,1.2704600000000001,1.27034,1,1
27.08.2021 00:54:34.122,1.2704600000000001,1.27033,1,1
27.08.2021 00:54:34.425,1.2704600000000001,1.27031,1.57,1
27.08.2021 00:54:34.526,1.27044,1.2703200000000001,1.5,1
27.08.2021 00:54:35.569,1.27044,1.2703,1,1
27.08.2021 00:54:36.307,1.27044,1.27031,1.1,1
27.08.2021 00:54:37.106,1.27045,1.27031,1,1.1
27.08.2021 00:54:37.157,1.2704600000000001,1.27034,1,1
27.08.2021 00:54:37.461,1.27044,1.27034,1.5,1
27.08.2021 00:54:37.613,1.27044,1.27033,1,1
27.08.2021 00:54:38.031,1.27045,1.27033,1.57,1
27.08.2021 00:54:40.633,1.2704700000000002,1.27034,1.5,1
27.08.2021 00:54:40.790,1.27045,1.27035,1,1
27.08.2021 00:54:42.115,1.2704700000000002,1.27035,2.25,1
27.08.2021 00:54:42.216,1.27048,1.27035,1,1
27.08.2021 00:54:42.317,1.2704600000000001,1.2703600000000002,1,2.25
27.08.2021 00:54:42.368,1.27052,1.2703900000000001,2.85,1
27.08.2021 00:54:42.469,1.27051,1.2703700000000002,1.5,1.1
27.08.2021 00:54:44.656,1.27051,1.27041,1.57,1
27.08.2021 00:54:44.707,1.2705600000000001,1.2704600000000001,1.62,1
27.08.2021 00:54:44.809,1.27059,1.2704700000000002,1.6,1
27.08.2021 00:54:44.860,1.27059,1.27045,1.57,1.1
27.08.2021 00:54:45.012,1.27055,1.27045,1,1
27.08.2021 00:54:45.114,1.27055,1.27043,1,1
27.08.2021 00:54:45.479,1.2705700000000002,1.27043,1.12,1
27.08.2021 00:54:46.959,1.2705700000000002,1.2704900000000001,1.1,1.5
27.08.2021 00:54:47.010,1.2706,1.2705,1.2,1
27.08.2021 00:54:47.112,1.27061,1.27048,1,1
27.08.2021 00:54:48.246,1.27062,1.2705,1,1
27.08.2021 00:54:48.860,1.27061,1.2704900000000001,1,1
27.08.2021 00:54:49.215,1.27061,1.2705,1,1.25
27.08.2021 00:54:49.316,1.2706700000000002,1.2705600000000001,1.62,1
27.08.2021 00:54:49.418,1.27068,1.27055,1,1
27.08.2021 00:54:50.861,1.27063,1.27051,1,1
27.08.2021 00:54:51.064,1.27062,1.27051,1,1
27.08.2021 00:54:51.427,1.27063,1.27051,1,1
27.08.2021 00:54:51.529,1.2706600000000001,1.27055,1.5,1
27.08.2021 00:54:51.580,1.27068,1.27055,1.12,1
27.08.2021 00:54:52.034,1.27068,1.2705600000000001,1,1
27.08.2021 00:54:53.610,1.2707000000000002,1.2705600000000001,1.5,2.32
27.08.2021 00:54:53.661,1.27073,1.27061,1,1
27.08.2021 00:54:53.763,1.27073,1.27063,1,1
27.08.2021 00:54:53.865,1.27075,1.27064,3,1
27.08.2021 00:54:53.967,1.2707600000000001,1.27064,3,1
27.08.2021 00:54:54.823,1.27079,1.27065,1.2,1
27.08.2021 00:54:54.874,1.27072,1.2706700000000002,1,1
27.08.2021 00:54:54.925,1.2707600000000001,1.27065,1,1
27.08.2021 00:54:55.026,1.2707700000000002,1.27065,1,1.1
27.08.2021 00:54:55.127,1.27078,1.2706600000000001,1,1.5
27.08.2021 00:54:55.685,1.27079,1.27068,1,1.25
27.08.2021 00:54:55.736,1.27081,1.2706600000000001,2.7,1.1
27.08.2021 00:54:55.837,1.2708000000000002,1.2706600000000001,1.1,1
27.08.2021 00:54:55.888,1.27079,1.27064,1.1,1.1
27.08.2021 00:54:56.248,1.2707700000000002,1.27068,1,1
27.08.2021 00:54:56.299,1.27083,1.27068,2.32,1
27.08.2021 00:54:56.349,1.27079,1.27068,1,1
27.08.2021 00:54:56.450,1.2708000000000002,1.2706600000000001,1,1
27.08.2021 00:54:56.861,1.2707600000000001,1.27062,1,1
27.08.2021 00:54:56.962,1.27075,1.27064,1,1
27.08.2021 00:54:57.380,1.27078,1.27064,1.2,1
27.08.2021 00:54:57.481,1.2707700000000002,1.27064,1.5,1
27.08.2021 00:54:57.632,1.2707600000000001,1.27064,1,1
27.08.2021 00:54:57.683,1.27078,1.2706600000000001,1.5,1
27.08.2021 00:54:57.835,1.27078,1.27065,1,1
27.08.2021 00:54:57.936,1.27079,1.27065,2.25,1
27.08.2021 00:54:58.376,1.27079,1.2706600000000001,1.69,1
27.08.2021 00:54:58.477,1.27079,1.27065,1.5,1.1
27.08.2021 00:54:58.578,1.27079,1.27065,1.6,1
27.08.2021 00:54:59.345,1.27078,1.2706600000000001,1.1,1
27.08.2021 00:54:59.547,1.27078,1.2707000000000002,1,1
27.08.2021 00:54:59.598,1.2708000000000002,1.2707000000000002,1.5,1
27.08.2021 00:54:59.699,1.27084,1.27072,1.1,1
27.08.2021 00:54:59.801,1.27084,1.27071,1.6,1
27.08.2021 00:55:00.004,1.27084,1.27069,1.1,1.57
27.08.2021 00:55:00.055,1.2708000000000002,1.2706600000000001,1,1.65
27.08.2021 00:55:00.157,1.27085,1.27071,1.6,1
27.08.2021 00:55:00.208,1.27084,1.27069,1.1,1.35
27.08.2021 00:55:00.344,1.27083,1.27073,1.1,1
27.08.2021 00:55:00.394,1.2709000000000001,1.2707600000000001,1.12,1.1
27.08.2021 00:55:00.496,1.2708700000000002,1.27074,1.57,1.77
27.08.2021 00:55:00.598,1.2708700000000002,1.27073,1.1,1
27.08.2021 00:55:00.700,1.27085,1.27074,1,1
27.08.2021 00:55:00.801,1.27085,1.27073,1,1.1
27.08.2021 00:55:00.953,1.27086,1.27073,1.5,1
27.08.2021 00:55:01.155,1.27085,1.27073,1.1,1
27.08.2021 00:55:01.307,1.27084,1.27072,1.1,1
27.08.2021 00:55:01.458,1.27079,1.27071,1,1.1
27.08.2021 00:55:01.509,1.27079,1.27068,1.5,1.1
27.08.2021 00:55:01.560,1.27078,1.27064,1.57,1.87
27.08.2021 00:55:01.661,1.2707600000000001,1.27063,1,1.2
27.08.2021 00:55:01.763,1.2707600000000001,1.27062,1,1.1
27.08.2021 00:55:02.174,1.27074,1.27059,1.5,3.17
27.08.2021 00:55:02.276,1.27072,1.27058,2.32,1.6
27.08.2021 00:55:02.326,1.27072,1.2705600000000001,2.32,1.95
27.08.2021 00:55:02.542,1.2707000000000002,1.2705600000000001,1,1.1
27.08.2021 00:55:11.333,1.27069,1.27055,1,2.8
27.08.2021 00:55:11.435,1.2706600000000001,1.27055,1,1.57
27.08.2021 00:55:11.536,1.2706600000000001,1.27053,1,2.32
27.08.2021 00:55:11.587,1.2706700000000002,1.2705600000000001,1,1.1
27.08.2021 00:55:11.689,1.27069,1.2705700000000002,1.5,1.1
27.08.2021 00:55:15.141,1.2707000000000002,1.27055,1.5,1.2
27.08.2021 00:55:17.171,1.2707000000000002,1.2705600000000001,1.5,1
27.08.2021 00:55:17.583,1.27069,1.2705600000000001,1,1
27.08.2021 00:55:17.685,1.2707000000000002,1.2705600000000001,1.5,1
27.08.2021 00:55:18.156,1.27069,1.27055,1.5,1.5
27.08.2021 00:55:32.725,1.27062,1.27053,1,1.57
27.08.2021 00:55:32.826,1.27062,1.27051,1,1.5
27.08.2021 00:55:32.877,1.27063,1.2705,1,1
27.08.2021 00:55:35.207,1.27063,1.2704900000000001,1.95,1
27.08.2021 00:55:39.929,1.2706,1.2704900000000001,1,1
27.08.2021 00:55:40.030,1.27054,1.2704700000000002,1,1.2
27.08.2021 00:55:40.131,1.27055,1.27043,1,1.5
27.08.2021 00:55:40.182,1.27055,1.27043,1.1,1
27.08.2021 00:55:40.283,1.27054,1.27042,1.1,1
27.08.2021 00:55:42.930,1.27055,1.27041,1.1,1
27.08.2021 00:55:45.647,1.27055,1.27041,1.57,1
27.08.2021 00:55:53.025,1.27054,1.27042,1.97,1
27.08.2021 00:55:55.172,1.27055,1.27041,1.95,1
27.08.2021 00:56:01.924,1.27053,1.27041,1,1.57
27.08.2021 00:56:05.589,1.27053,1.2704,1,1
27.08.2021 00:56:05.759,1.27051,1.2703700000000002,1,1.97
27.08.2021 00:56:05.860,1.2704600000000001,1.2703600000000002,1,1.7
27.08.2021 00:56:05.961,1.2704700000000002,1.27033,1,2.07
27.08.2021 00:56:06.063,1.2704600000000001,1.2703200000000001,1,2.1
27.08.2021 00:56:06.164,1.2704600000000001,1.2703200000000001,1,1.22
27.08.2021 00:56:06.265,1.27043,1.27031,1.1,1.7
27.08.2021 00:56:06.366,1.27043,1.2703,1.1,1.95
27.08.2021 00:56:08.881,1.27043,1.2703200000000001,1,1.57
27.08.2021 00:56:08.982,1.27044,1.27031,1,1.6
27.08.2021 00:56:09.133,1.2704700000000002,1.27033,1.1,1
27.08.2021 00:56:09.386,1.2704700000000002,1.2703200000000001,1.1,1.95
27.08.2021 00:56:10.370,1.2704600000000001,1.27033,1,1.97
27.08.2021 00:56:11.676,1.2704600000000001,1.27033,1.1,1.95
27.08.2021 00:56:11.808,1.27045,1.2703200000000001,1,1.2
27.08.2021 00:56:11.964,1.27045,1.2703,1,1.97
27.08.2021 00:56:12.065,1.27044,1.2703,1,1.22
27.08.2021 00:56:12.217,1.27043,1.27029,1,1.6
27.08.2021 00:56:12.318,1.27043,1.27031,1.5,1.1
27.08.2021 00:56:12.911,1.2704,1.2702700000000002,1,3.65
27.08.2021 00:56:13.012,1.2703600000000002,1.27025,1,2.85
27.08.2021 00:56:13.114,1.2703600000000002,1.27025,1,2.07
27.08.2021 00:56:13.937,1.2703700000000002,1.27024,1,1.95
27.08.2021 00:56:14.147,1.2703700000000002,1.27021,1.5,2.47
27.08.2021 00:56:14.947,1.2703700000000002,1.27023,1,1.97
27.08.2021 00:56:16.440,1.2703700000000002,1.2702600000000002,1,1.1
27.08.2021 00:56:16.491,1.27041,1.2702600000000002,1.87,1.1
27.08.2021 00:56:17.869,1.27041,1.2702700000000002,1.1,1.1
27.08.2021 00:56:18.020,1.27042,1.2702600000000002,1.5,1.97
27.08.2021 00:56:21.492,1.27038,1.27025,1,1.2
27.08.2021 00:56:21.745,1.27038,1.2702600000000002,1,1.57
27.08.2021 00:56:23.330,1.2703700000000002,1.27024,1,1.2
27.08.2021 00:56:25.307,1.2703700000000002,1.27023,1.5,1.1
27.08.2021 00:56:26.256,1.2703700000000002,1.27023,1,1.6
27.08.2021 00:56:28.053,1.2703700000000002,1.27023,1,1.57
27.08.2021 00:56:28.363,1.2703700000000002,1.27023,1,1.6
27.08.2021 00:56:29.887,1.2703700000000002,1.2702600000000002,1,1.5
27.08.2021 00:56:33.445,1.27035,1.2702700000000002,1,1.5
27.08.2021 00:56:33.798,1.2703700000000002,1.2702600000000002,1,1.5
27.08.2021 00:56:50.090,1.2703700000000002,1.2702700000000002,1,1.5
27.08.2021 00:56:52.566,1.2703900000000001,1.2702600000000002,1,2.32
27.08.2021 00:56:52.667,1.2704,1.2702600000000002,1,2.72
27.08.2021 00:56:53.933,1.2704,1.2702600000000002,1,3.47
27.08.2021 00:56:54.509,1.27044,1.27031,1.5,2.32
27.08.2021 00:56:54.610,1.27045,1.2703200000000001,1,1.1
27.08.2021 00:57:08.261,1.2704600000000001,1.27034,1,1
27.08.2021 00:57:10.594,1.2704700000000002,1.27034,1.5,1
27.08.2021 00:57:24.029,1.27045,1.27034,1,1
27.08.2021 00:57:30.075,1.2704600000000001,1.27033,1.1,1
27.08.2021 00:57:30.176,1.27043,1.2703,1.1,1
27.08.2021 00:57:31.164,1.27043,1.2703,1,1
27.08.2021 00:57:34.265,1.27043,1.27029,2.25,1
27.08.2021 00:57:54.529,1.27041,1.2703,1,1
27.08.2021 00:57:54.632,1.27038,1.2702600000000002,1,1.57
27.08.2021 00:57:54.734,1.2703700000000002,1.2702600000000002,1,1
27.08.2021 00:57:54.836,1.27034,1.2702200000000001,1,1.7
27.08.2021 00:57:54.938,1.27034,1.27023,1.12,1
27.08.2021 00:57:56.990,1.27034,1.27021,1.5,1.5
27.08.2021 00:57:57.041,1.27031,1.27018,1,1.57
27.08.2021 00:57:57.243,1.27031,1.2701700000000002,1,1
27.08.2021 00:57:58.076,1.27031,1.2701700000000002,1.1,1
27.08.2021 00:58:00.170,1.27031,1.2701700000000002,3.85,1
27.08.2021 00:58:00.322,1.27029,1.2701500000000001,1.6,2
27.08.2021 00:58:00.423,1.27029,1.2701500000000001,1.6,1.5
27.08.2021 00:58:00.550,1.27029,1.2701500000000001,3.1,1.5
27.08.2021 00:58:13.691,1.27024,1.27013,1.1,1
27.08.2021 00:58:14.096,1.27024,1.27011,1.6,1.12
27.08.2021 00:58:14.197,1.27023,1.2701,1.1,3.2
27.08.2021 00:58:14.299,1.2702200000000001,1.27011,1.1,1
27.08.2021 00:58:14.400,1.2702200000000001,1.27009,1.6,1.12
27.08.2021 00:58:14.552,1.27021,1.27008,1.1,1.5
27.08.2021 00:58:14.654,1.27021,1.27008,1.1,1
27.08.2021 00:58:25.098,1.27021,1.27008,1,1
27.08.2021 00:58:25.148,1.27021,1.27008,2.35,1
27.08.2021 00:58:29.624,1.27021,1.27007,2.35,1.5
27.08.2021 00:58:31.467,1.2702,1.2700600000000002,2.35,2.62
27.08.2021 00:58:31.568,1.27021,1.27007,2.35,1
27.08.2021 00:58:34.835,1.27019,1.27007,2.35,1.87
27.08.2021 00:58:35.144,1.27018,1.2700500000000001,1.1,1
27.08.2021 00:58:37.176,1.2701600000000002,1.2700200000000001,1.1,6.2
27.08.2021 00:58:37.227,1.2701600000000002,1.2700200000000001,1.1,3.82
27.08.2021 00:58:37.361,1.27013,1.27001,1.1,2.32
27.08.2021 00:58:37.513,1.2701200000000001,1.2700200000000001,1.1,1.57
27.08.2021 00:58:37.614,1.27013,1.27,1.1,1.5
27.08.2021 00:58:38.873,1.2701200000000001,1.27,1.1,1.12
27.08.2021 00:58:39.181,1.27013,1.26999,1.1,1.87
27.08.2021 00:58:44.997,1.27013,1.26999,1.1,1
27.08.2021 00:58:50.098,1.27013,1.2699799999999999,1.1,1.5
27.08.2021 00:58:52.047,1.2701200000000001,1.26999,1.1,1.57
27.08.2021 00:58:52.098,1.27008,1.26997,1.1,1
27.08.2021 00:58:52.199,1.27008,1.2699500000000001,1.1,3.07
27.08.2021 00:58:52.300,1.27008,1.2699500000000001,1.1,1.12
27.08.2021 00:58:55.187,1.27008,1.2699500000000001,1.1,1
27.08.2021 00:58:55.288,1.2700600000000002,1.26993,1.1,1.5
27.08.2021 00:58:55.389,1.27007,1.26993,1.1,1
27.08.2021 00:58:57.331,1.2700600000000002,1.26993,1.1,1
27.08.2021 00:58:57.672,1.27007,1.26993,1.1,1
27.08.2021 00:58:59.485,1.27004,1.26993,1.1,1.5
27.08.2021 00:59:07.529,1.27004,1.26991,1.1,1.12
27.08.2021 00:59:07.854,1.27004,1.26991,1.1,1
27.08.2021 00:59:07.955,1.2700500000000001,1.2699200000000002,1.1,1
27.08.2021 00:59:13.905,1.2700600000000002,1.2699500000000001,1.1,1
27.08.2021 00:59:16.305,1.2700600000000002,1.26993,1.1,1
27.08.2021 00:59:18.629,1.2700600000000002,1.26993,1.1,1
27.08.2021 00:59:19.059,1.2700500000000001,1.26994,1.1,1
27.08.2021 00:59:20.050,1.2700500000000001,1.26994,1.1,1
27.08.2021 00:59:26.194,1.2700500000000001,1.26994,1.1,1
27.08.2021 00:59:30.990,1.2700600000000002,1.2699500000000001,1,1
27.08.2021 00:59:31.041,1.27009,1.2699600000000002,1.6,1
27.08.2021 00:59:35.518,1.2700600000000002,1.26993,1.1,2.75
27.08.2021 00:59:35.620,1.2700500000000001,1.26994,1.6,1.5
27.08.2021 00:59:35.721,1.2700500000000001,1.26994,1.6,1
27.08.2021 00:59:38.645,1.27007,1.26994,1.1,2.81
27.08.2021 00:59:38.696,1.27011,1.27,1.2,1
27.08.2021 00:59:38.798,1.27013,1.27,2.1,1
27.08.2021 00:59:39.051,1.27014,1.27,1.6,1
27.08.2021 00:59:41.688,1.2701200000000001,1.27001,1.22,1
27.08.2021 00:59:45.286,1.27009,1.26997,1.1,1
27.08.2021 00:59:48.099,1.27008,1.2699799999999999,2.25,1
27.08.2021 00:59:48.150,1.27008,1.26997,1.6,1
27.08.2021 00:59:55.731,1.27009,1.26997,3.1,1
27.08.2021 00:59:55.833,1.27007,1.2699799999999999,1.6,1
27.08.2021 00:59:56.725,1.27008,1.2699500000000001,2.35,1
27.08.2021 01:00:00.418,1.27008,1.2699600000000002,2.35,1
27.08.2021 01:00:00.519,1.27007,1.2699600000000002,1.1,1.5
27.08.2021 01:00:02.389,1.27007,1.26994,1.1,1
27.08.2021 01:00:02.697,1.27007,1.26994,1.6,1
27.08.2021 01:00:06.698,1.2700600000000002,1.26993,1.1,1
27.08.2021 01:00:06.850,1.2700600000000002,1.26993,1.1,1
27.08.2021 01:00:06.951,1.2700600000000002,1.26993,1.1,1
27.08.2021 01:00:13.041,1.2700600000000002,1.2699500000000001,1.1,1
27.08.2021 01:00:13.091,1.27004,1.26991,1.6,1.12
27.08.2021 01:00:14.017,1.27003,1.2699200000000002,1.1,2.25
27.08.2021 01:00:14.118,1.2700600000000002,1.26993,1.6,1
27.08.2021 01:00:15.058,1.2700600000000002,1.26993,1.5,1
27.08.2021 01:00:15.162,1.27003,1.26993,2.35,1
27.08.2021 01:00:15.213,1.2700200000000001,1.26991,1.1,1
27.08.2021 01:00:16.131,1.2700500000000001,1.2699200000000002,1.1,1.5
27.08.2021 01:00:16.232,1.2700600000000002,1.26993,2.35,1
27.08.2021 01:00:17.972,1.2700500000000001,1.26994,1.6,1
