Gmt time,Ask,Bid,AskVolume,BidVolume
18.08.2021 00:00:00.649,1.26281,1.26269,2.35,1
18.08.2021 00:00:00.750,1.2628000000000001,1.26269,1.6,1.5
18.08.2021 00:00:01.079,1.2628000000000001,1.26268,1.6,1
18.08.2021 00:00:01.752,1.26278,1.26269,1.6,1
18.08.2021 00:00:02.162,1.26279,1.26269,1.6,1
18.08.2021 00:00:02.313,1.26279,1.26269,1.6,1
18.08.2021 00:00:03.796,1.26281,1.26268,2.35,1
18.08.2021 00:00:03.947,1.2628000000000001,1.2626700000000002,1.6,1
18.08.2021 00:00:05.085,1.2628000000000001,1.26268,2.35,1
18.08.2021 00:00:05.186,1.26281,1.26268,3.1,1
18.08.2021 00:00:05.529,1.2628000000000001,1.26268,1.6,1
18.08.2021 00:00:05.630,1.26281,1.26268,3.1,1
18.08.2021 00:00:06.980,1.26278,1.26265,3.1,1.12
18.08.2021 00:00:07.082,1.2627700000000002,1.26265,1.6,1
18.08.2021 00:00:07.134,1.26276,1.26263,2.35,1.5
18.08.2021 00:00:07.235,1.26274,1.26263,1.1,1
18.08.2021 00:00:07.337,1.26274,1.26261,1.1,1
18.08.2021 00:00:07.503,1.26274,1.2626000000000002,2.35,1.5
18.08.2021 00:00:07.706,1.26272,1.26261,1.6,1.5
18.08.2021 00:00:07.814,1.26273,1.26261,2.35,1.5
18.08.2021 00:00:08.017,1.26273,1.2626000000000002,2.35,1.5
18.08.2021 00:00:08.633,1.26273,1.2626000000000002,1.1,1.5
18.08.2021 00:00:11.826,1.26273,1.2626000000000002,2.35,1
18.08.2021 00:00:12.369,1.26272,1.2626000000000002,1.6,1
18.08.2021 00:00:12.622,1.26272,1.26259,2.35,1
18.08.2021 00:00:15.099,1.2627000000000002,1.2625700000000002,1.6,1
18.08.2021 00:00:15.353,1.26271,1.2625700000000002,2.35,1.5
18.08.2021 00:00:15.455,1.26271,1.2626000000000002,1.22,1
18.08.2021 00:00:16.113,1.26271,1.2626000000000002,2.35,1
18.08.2021 00:00:18.145,1.26272,1.26259,1.1,1
18.08.2021 00:00:19.901,1.26273,1.2626000000000002,2.35,1
18.08.2021 00:00:21.055,1.26276,1.26265,1.6,1
18.08.2021 00:00:21.106,1.26275,1.26263,1.79,1
18.08.2021 00:00:21.208,1.26274,1.26262,1.6,2.25
18.08.2021 00:00:23.738,1.26274,1.26261,1.79,1
18.08.2021 00:00:25.286,1.26273,1.2626000000000002,2.35,1
18.08.2021 00:00:25.337,1.26273,1.2626000000000002,1,1
18.08.2021 00:00:25.387,1.26272,1.26261,1.1,1
18.08.2021 00:00:29.837,1.26275,1.26262,1.6,1
18.08.2021 00:00:29.938,1.2627700000000002,1.26265,1.2,1
18.08.2021 00:00:30.039,1.26279,1.2626600000000001,1.22,1
18.08.2021 00:00:30.162,1.26279,1.26268,2.1,1
18.08.2021 00:00:30.264,1.2628000000000001,1.2626700000000002,1.6,1
18.08.2021 00:00:31.549,1.2628000000000001,1.26268,1.1,1
18.08.2021 00:00:34.057,1.2628000000000001,1.26268,1,1
18.08.2021 00:00:34.158,1.26279,1.26268,1.6,1
18.08.2021 00:00:40.544,1.2628000000000001,1.26268,1.6,1
18.08.2021 00:00:41.596,1.26278,1.26269,1.6,1
18.08.2021 00:00:42.204,1.26279,1.2627000000000002,1.6,1
18.08.2021 00:00:42.306,1.26279,1.26269,1.6,1
18.08.2021 00:00:42.407,1.2628000000000001,1.26269,1.6,1
18.08.2021 00:00:42.884,1.26278,1.2627000000000002,1.6,1
18.08.2021 00:00:43.373,1.2628000000000001,1.26268,1.6,1
18.08.2021 00:00:47.438,1.2628000000000001,1.26269,1.6,1
18.08.2021 00:00:49.026,1.2628000000000001,1.26268,1.6,1
18.08.2021 00:00:50.319,1.26278,1.26269,1.6,1
18.08.2021 00:00:51.101,1.26281,1.26268,1.1,1
18.08.2021 00:00:51.152,1.2628000000000001,1.26268,1.6,1
18.08.2021 00:00:51.454,1.26279,1.26268,1.6,1
18.08.2021 00:00:51.555,1.2628000000000001,1.26268,1.6,1
18.08.2021 00:00:52.158,1.2628000000000001,1.26269,1.1,1
18.08.2021 00:00:52.259,1.26281,1.26268,1.1,1
18.08.2021 00:00:53.266,1.26281,1.26268,1.1,1
18.08.2021 00:00:53.367,1.26279,1.26268,1.6,1
18.08.2021 00:00:54.692,1.26279,1.2627000000000002,1.6,1
18.08.2021 00:00:56.349,1.26279,1.26269,1.6,1
18.08.2021 00:00:58.328,1.2628000000000001,1.26269,1.6,1
18.08.2021 00:00:58.737,1.2628000000000001,1.26268,1.6,1
18.08.2021 00:00:59.148,1.26279,1.26268,1.6,1
18.08.2021 00:00:59.533,1.26275,1.2626600000000001,1.6,1
18.08.2021 00:00:59.634,1.26274,1.26265,1.6,1
18.08.2021 00:00:59.786,1.26276,1.2626700000000002,1.97,1
18.08.2021 00:00:59.887,1.26278,1.2626700000000002,2.1,1
18.08.2021 00:00:59.989,1.26275,1.2626700000000002,1.6,1
18.08.2021 00:01:00.895,1.26276,1.26265,1.6,1
18.08.2021 00:01:02.680,1.26275,1.26265,1.6,1
18.08.2021 00:01:07.224,1.2627700000000002,1.26265,1.6,1
18.08.2021 00:01:07.325,1.26278,1.2626600000000001,1.6,1
18.08.2021 00:01:09.078,1.26272,1.26263,1.6,1
18.08.2021 00:01:09.179,1.26273,1.26263,1.6,1
18.08.2021 00:01:09.280,1.26273,1.26264,1.6,1
18.08.2021 00:01:09.410,1.26275,1.26263,1.6,1
18.08.2021 00:01:10.201,1.26276,1.26263,1.2,1
18.08.2021 00:01:10.252,1.26276,1.26263,1.22,1
18.08.2021 00:01:11.262,1.26276,1.26263,1.2,1
18.08.2021 00:01:11.400,1.26275,1.26263,1.6,1
18.08.2021 00:01:16.137,1.26276,1.26265,1.6,1
18.08.2021 00:01:16.244,1.26275,1.26264,1.6,1
18.08.2021 00:01:18.564,1.26274,1.26261,1.6,1.5
18.08.2021 00:01:18.666,1.26271,1.26261,1.6,1
18.08.2021 00:01:20.102,1.26271,1.2626000000000002,1.6,1
18.08.2021 00:01:20.204,1.26269,1.2625700000000002,1.6,1.12
18.08.2021 00:01:20.306,1.26268,1.2625700000000002,1.6,1
18.08.2021 00:01:21.215,1.26269,1.26259,1.6,1
18.08.2021 00:01:21.316,1.2627000000000002,1.2626000000000002,1.6,1
18.08.2021 00:01:27.102,1.26268,1.26258,1.6,1
18.08.2021 00:01:27.203,1.26268,1.26259,1.6,1
18.08.2021 00:01:28.173,1.2627000000000002,1.26259,1.1,1
18.08.2021 00:01:28.274,1.26271,1.26258,1.1,1
18.08.2021 00:01:29.297,1.2627000000000002,1.26259,1.97,1
18.08.2021 00:01:29.402,1.26269,1.26258,1.6,1
18.08.2021 00:01:31.799,1.2626600000000001,1.26254,2.35,1
18.08.2021 00:01:31.850,1.26264,1.26252,1.6,1
18.08.2021 00:01:33.238,1.26264,1.26253,1.6,1
18.08.2021 00:01:33.481,1.26264,1.26252,1.6,1
18.08.2021 00:01:33.685,1.26264,1.26253,1.6,1
18.08.2021 00:01:33.938,1.26264,1.26254,1.6,1
18.08.2021 00:01:34.140,1.26265,1.26254,1.6,1
18.08.2021 00:01:34.243,1.26263,1.26255,1.6,1
18.08.2021 00:01:36.968,1.26264,1.26253,1.6,1
18.08.2021 00:01:37.263,1.26263,1.26253,1.6,1
18.08.2021 00:01:37.415,1.26263,1.26254,1.6,1
18.08.2021 00:01:37.811,1.26263,1.26253,1.6,1
18.08.2021 00:01:38.114,1.26263,1.26254,1.6,1
18.08.2021 00:01:38.478,1.26264,1.26252,1.6,1
18.08.2021 00:01:40.806,1.26264,1.26253,1.6,1
18.08.2021 00:01:41.586,1.26263,1.26252,1.6,1
18.08.2021 00:01:42.520,1.26264,1.26252,1.6,1
18.08.2021 00:01:45.089,1.26264,1.26251,1.1,1
18.08.2021 00:01:45.401,1.26264,1.26253,2.35,1
18.08.2021 00:01:46.179,1.26265,1.26252,1.1,1
18.08.2021 00:01:46.280,1.26264,1.26253,1.1,1
18.08.2021 00:01:48.111,1.26265,1.26252,1.1,1
18.08.2021 00:01:48.162,1.26264,1.26252,1.6,1
18.08.2021 00:01:49.427,1.26263,1.26252,1.6,1
18.08.2021 00:01:51.338,1.26262,1.26252,1.6,1
18.08.2021 00:01:55.158,1.26264,1.26252,1.6,1
18.08.2021 00:01:58.601,1.26264,1.26253,1.6,1
18.08.2021 00:01:58.911,1.26263,1.26253,1.6,1
18.08.2021 00:01:59.026,1.26264,1.26253,1.6,1
18.08.2021 00:01:59.128,1.26263,1.26252,1.6,1
18.08.2021 00:02:00.039,1.26263,1.26253,1.6,1
18.08.2021 00:02:00.610,1.26261,1.26252,1.6,1
18.08.2021 00:02:00.711,1.26263,1.26251,1.6,1
18.08.2021 00:02:00.889,1.26263,1.26253,1.6,1
18.08.2021 00:02:01.142,1.26264,1.26253,1.6,1
18.08.2021 00:02:03.100,1.2626600000000001,1.26253,2.35,1
18.08.2021 00:02:03.152,1.26264,1.26253,1.6,1
18.08.2021 00:02:03.319,1.26263,1.26251,2.54,1
18.08.2021 00:02:03.523,1.26261,1.2624900000000001,1.6,1
18.08.2021 00:02:04.152,1.26262,1.2624900000000001,1.1,1
18.08.2021 00:02:04.251,1.26262,1.2624900000000001,1.1,1
18.08.2021 00:02:05.840,1.26262,1.2624900000000001,2.35,1
18.08.2021 00:02:05.942,1.26262,1.2624900000000001,1.1,1
18.08.2021 00:02:06.114,1.26262,1.2624900000000001,1.1,1
18.08.2021 00:02:06.164,1.2626000000000002,1.2624900000000001,1.6,1
18.08.2021 00:02:07.730,1.2626000000000002,1.2625,1.6,1.12
18.08.2021 00:02:07.986,1.26261,1.2625,1.6,1
18.08.2021 00:02:08.137,1.2626000000000002,1.2625,1.6,1
18.08.2021 00:02:08.275,1.26261,1.2625,1.6,1
18.08.2021 00:02:11.188,1.26258,1.2624900000000001,1.6,1
18.08.2021 00:02:11.460,1.26259,1.2624900000000001,1.6,1
18.08.2021 00:02:13.199,1.26259,1.2625,1.6,1
18.08.2021 00:02:15.633,1.26261,1.26251,1.6,1
18.08.2021 00:02:16.456,1.26262,1.26251,1.6,1
18.08.2021 00:02:18.200,1.26261,1.26251,1.6,1
18.08.2021 00:02:18.507,1.26263,1.2625,1.1,1
18.08.2021 00:02:18.557,1.26262,1.2625,1.6,1
18.08.2021 00:02:18.659,1.2625700000000002,1.2624600000000001,1.6,1.5
18.08.2021 00:02:18.710,1.2625700000000002,1.2624600000000001,2.35,1
18.08.2021 00:02:20.660,1.2625700000000002,1.2624700000000002,2.35,1
18.08.2021 00:02:21.966,1.2625700000000002,1.2624600000000001,3.85,1
18.08.2021 00:02:22.068,1.26255,1.26242,1.1,1.5
18.08.2021 00:02:22.169,1.2625,1.26242,1.25,1
18.08.2021 00:02:22.220,1.26253,1.26242,1.35,1
18.08.2021 00:02:22.271,1.2625,1.2623700000000002,1.1,1.5
18.08.2021 00:02:22.372,1.26248,1.26238,1.1,1
18.08.2021 00:02:22.473,1.2624900000000001,1.2623700000000002,1.1,1
18.08.2021 00:02:23.106,1.2624900000000001,1.2623700000000002,1.1,1
18.08.2021 00:02:26.761,1.2624900000000001,1.2623600000000001,2.35,1
18.08.2021 00:02:26.963,1.26245,1.26234,1.6,1
18.08.2021 00:02:27.064,1.26244,1.26233,2.35,1
18.08.2021 00:02:27.166,1.2624700000000002,1.2623600000000001,2.85,1
18.08.2021 00:02:27.267,1.26248,1.26235,1.22,1
18.08.2021 00:02:27.368,1.2624900000000001,1.2623600000000001,2.85,1
18.08.2021 00:02:27.469,1.2624900000000001,1.2623600000000001,1.1,1
18.08.2021 00:02:28.165,1.2624700000000002,1.2623700000000002,1.1,1
18.08.2021 00:02:28.267,1.2624900000000001,1.2623600000000001,1.1,1
18.08.2021 00:02:28.570,1.26248,1.2623700000000002,1.1,1
18.08.2021 00:02:30.197,1.26248,1.26235,1.1,1
18.08.2021 00:02:30.349,1.2624700000000002,1.2623600000000001,1.3,1
18.08.2021 00:02:31.696,1.2624700000000002,1.2623700000000002,1.3,1
18.08.2021 00:02:32.007,1.26248,1.2623600000000001,1.3,1
18.08.2021 00:02:32.477,1.2624600000000001,1.26235,2.35,1
18.08.2021 00:02:32.859,1.2624700000000002,1.26234,1.1,1
18.08.2021 00:02:32.960,1.26248,1.2623600000000001,1.75,1
18.08.2021 00:02:33.162,1.26248,1.26235,1.3,1
18.08.2021 00:02:35.289,1.2624700000000002,1.2623600000000001,1.3,1
18.08.2021 00:02:35.437,1.2624900000000001,1.2623600000000001,2.36,1
18.08.2021 00:02:41.085,1.26248,1.26235,1.3,1
18.08.2021 00:02:42.145,1.26248,1.26235,1.3,1
18.08.2021 00:02:43.140,1.2624900000000001,1.2623600000000001,1.3,1
18.08.2021 00:02:43.241,1.2624900000000001,1.26238,1.1,1
18.08.2021 00:02:46.185,1.2625,1.2623700000000002,1.1,1
18.08.2021 00:02:46.419,1.2624900000000001,1.2623600000000001,1.1,1
18.08.2021 00:02:46.521,1.2625,1.2623700000000002,1.1,1
18.08.2021 00:02:47.125,1.2625,1.2623700000000002,1.1,1
18.08.2021 00:02:47.228,1.26248,1.2623700000000002,1.1,1
18.08.2021 00:02:47.330,1.2624900000000001,1.26238,1.1,1
18.08.2021 00:02:47.481,1.26251,1.26238,1.41,1
18.08.2021 00:02:47.583,1.2625,1.2623700000000002,1.1,1
18.08.2021 00:02:48.603,1.2624900000000001,1.2623600000000001,1,1.1
18.08.2021 00:02:48.705,1.2624900000000001,1.26238,1.1,1
18.08.2021 00:02:50.639,1.26253,1.26241,1.12,1.12
18.08.2021 00:02:50.740,1.26254,1.26244,1.2,1
18.08.2021 00:02:50.841,1.2625600000000001,1.26243,1.1,1
18.08.2021 00:02:53.817,1.2625700000000002,1.26244,1.1,1
18.08.2021 00:02:53.918,1.26258,1.2624700000000002,1.47,1
18.08.2021 00:02:54.070,1.26258,1.2624700000000002,1.1,1
18.08.2021 00:02:57.489,1.26263,1.2625,2.17,1
18.08.2021 00:02:57.692,1.26264,1.26251,1.1,1
18.08.2021 00:02:57.794,1.26263,1.26252,1.1,1
18.08.2021 00:02:59.851,1.26258,1.26245,1,3.65
18.08.2021 00:03:00.053,1.26258,1.26245,1.1,1
18.08.2021 00:03:00.687,1.2625700000000002,1.26244,1.1,1
18.08.2021 00:03:00.789,1.26258,1.26245,1.1,1
18.08.2021 00:03:00.890,1.26258,1.26245,1.1,1
18.08.2021 00:03:01.105,1.2625700000000002,1.26244,1,1.1
18.08.2021 00:03:01.357,1.26258,1.26245,1.1,1
18.08.2021 00:03:02.150,1.2625700000000002,1.26244,1,1.1
18.08.2021 00:03:02.252,1.26258,1.26245,1.1,1
18.08.2021 00:03:02.408,1.2625700000000002,1.26244,1.1,1
18.08.2021 00:03:02.862,1.2625600000000001,1.26243,1.1,1
18.08.2021 00:03:03.768,1.26254,1.26243,1,1.1
18.08.2021 00:03:13.394,1.26255,1.26244,1.1,1
18.08.2021 00:03:15.945,1.2625600000000001,1.26243,1.1,1
18.08.2021 00:03:21.787,1.2625700000000002,1.26244,1.22,1
18.08.2021 00:03:21.889,1.2625700000000002,1.2624600000000001,1.1,1
18.08.2021 00:03:23.605,1.2625700000000002,1.26244,1.1,1
18.08.2021 00:03:26.114,1.26255,1.26244,1,1.1
18.08.2021 00:03:30.019,1.26259,1.2624600000000001,1.1,2.25
18.08.2021 00:03:30.120,1.2626000000000002,1.26248,1.67,1
18.08.2021 00:03:30.235,1.26261,1.2624700000000002,1.2,1.1
18.08.2021 00:03:34.946,1.26261,1.26248,1.1,1
18.08.2021 00:03:36.199,1.26258,1.26245,1,1.6
18.08.2021 00:03:36.301,1.26258,1.26245,1,1.1
18.08.2021 00:03:36.542,1.2625600000000001,1.26245,1.1,1
18.08.2021 00:03:37.207,1.26258,1.26245,1.1,1
18.08.2021 00:03:47.031,1.26261,1.2624900000000001,1,1
18.08.2021 00:03:47.133,1.26263,1.2625,1.72,1.57
18.08.2021 00:03:47.234,1.26263,1.2625,1,1.57
18.08.2021 00:03:47.881,1.26265,1.26252,1.1,1
18.08.2021 00:03:50.107,1.2627000000000002,1.2625700000000002,2.17,1.12
18.08.2021 00:03:50.208,1.26269,1.2626000000000002,1.1,1
18.08.2021 00:03:50.309,1.26272,1.26259,1.1,1
18.08.2021 00:03:51.989,1.26273,1.2626000000000002,1.2,1
18.08.2021 00:03:54.207,1.26274,1.26261,1.1,1
18.08.2021 00:03:54.309,1.26276,1.2626600000000001,1,1.12
18.08.2021 00:03:54.410,1.26281,1.26268,2.92,1
18.08.2021 00:03:54.512,1.26281,1.26268,1.6,1
18.08.2021 00:03:56.658,1.2628000000000001,1.26269,1.1,1.5
18.08.2021 00:03:56.759,1.26282,1.2627000000000002,1.1,1
18.08.2021 00:03:56.860,1.26282,1.2627000000000002,1.1,1.1
18.08.2021 00:03:57.141,1.26283,1.2627000000000002,1.1,1
18.08.2021 00:03:57.300,1.26282,1.26269,1.1,1
18.08.2021 00:03:58.676,1.26285,1.26272,1.6,1
18.08.2021 00:03:58.777,1.26286,1.26274,1.2,1
18.08.2021 00:04:00.263,1.26285,1.26272,1.1,1
18.08.2021 00:04:00.364,1.26284,1.26273,1.1,1
18.08.2021 00:04:01.604,1.26284,1.26273,1,1.1
18.08.2021 00:04:01.655,1.26288,1.26275,2.05,1
18.08.2021 00:04:01.756,1.2628700000000002,1.26276,1.3,1
18.08.2021 00:04:02.008,1.26289,1.26278,2.92,1
18.08.2021 00:04:02.110,1.2629299999999999,1.26282,2.85,1
18.08.2021 00:04:02.160,1.26294,1.26281,2.47,1
18.08.2021 00:04:02.312,1.26295,1.26282,2.39,1.5
18.08.2021 00:04:02.464,1.26295,1.26284,1.7,1
18.08.2021 00:04:02.515,1.26296,1.26283,1.1,1
18.08.2021 00:04:04.163,1.26295,1.26282,1,1.5
18.08.2021 00:04:04.302,1.2629299999999999,1.26281,1.1,1.5
18.08.2021 00:04:04.353,1.26289,1.26278,1.82,2
18.08.2021 00:04:04.454,1.26288,1.2627700000000002,1.1,1.5
18.08.2021 00:04:04.506,1.2628700000000002,1.26278,1.1,1
18.08.2021 00:04:04.557,1.26288,1.26274,1.1,1.95
18.08.2021 00:04:05.289,1.26288,1.26274,1.1,1.5
18.08.2021 00:04:06.052,1.26289,1.26276,1.1,1
18.08.2021 00:04:06.153,1.26289,1.26276,1.1,1
18.08.2021 00:04:06.717,1.2629000000000001,1.2627700000000002,1.1,1
18.08.2021 00:04:07.477,1.2629000000000001,1.26278,1,1
18.08.2021 00:04:07.579,1.2629100000000002,1.26278,1.1,1.5
18.08.2021 00:04:07.781,1.2629299999999999,1.2628000000000001,1.1,1.5
18.08.2021 00:04:07.882,1.26294,1.26281,1.49,1
18.08.2021 00:04:07.983,1.26294,1.2628000000000001,1.1,1.1
18.08.2021 00:04:08.286,1.26294,1.26283,1.1,1
18.08.2021 00:04:08.337,1.26294,1.26281,1.1,1
18.08.2021 00:04:08.438,1.26294,1.26283,1.1,1
18.08.2021 00:04:10.399,1.26295,1.26282,1.1,1
18.08.2021 00:04:10.674,1.26295,1.26282,1.1,1
18.08.2021 00:04:12.062,1.2629100000000002,1.26281,1.2,1
18.08.2021 00:04:12.163,1.2629100000000002,1.2628000000000001,1.6,1
18.08.2021 00:04:12.582,1.26292,1.26279,1.6,1
18.08.2021 00:04:13.447,1.26286,1.26275,1,1.87
18.08.2021 00:04:13.549,1.2628700000000002,1.26274,1.97,1
18.08.2021 00:04:13.650,1.2628700000000002,1.26274,1.22,1
18.08.2021 00:04:13.803,1.2628700000000002,1.26274,1.1,1
18.08.2021 00:04:13.905,1.26288,1.26275,1.35,1
18.08.2021 00:04:14.199,1.26288,1.26274,1.35,1
18.08.2021 00:04:17.566,1.26288,1.26275,1.1,1
18.08.2021 00:04:21.411,1.26289,1.26276,1.1,1
18.08.2021 00:04:21.665,1.2629000000000001,1.2627700000000002,1.1,1
18.08.2021 00:04:21.767,1.26288,1.2627700000000002,1.1,1
18.08.2021 00:04:21.970,1.2629000000000001,1.2627700000000002,1.57,1
18.08.2021 00:04:22.072,1.2629000000000001,1.2627700000000002,1.6,1
18.08.2021 00:04:23.128,1.2629000000000001,1.2627700000000002,1.57,1
18.08.2021 00:04:23.229,1.2629100000000002,1.26278,1.41,1
18.08.2021 00:04:23.778,1.26289,1.26278,1.6,1
18.08.2021 00:04:24.819,1.2629100000000002,1.26278,1.41,1
18.08.2021 00:04:25.711,1.26288,1.2627700000000002,1.1,1
18.08.2021 00:04:25.863,1.26289,1.26275,1.1,1
18.08.2021 00:04:27.446,1.2629000000000001,1.2627700000000002,1.22,1
18.08.2021 00:04:27.749,1.26289,1.26276,1.1,1
18.08.2021 00:04:28.308,1.26289,1.26276,1.1,1
18.08.2021 00:04:28.460,1.26289,1.26276,1.1,1
18.08.2021 00:04:30.184,1.26288,1.2627700000000002,1.1,1
18.08.2021 00:04:32.178,1.26288,1.26275,1.1,1
18.08.2021 00:04:37.187,1.26289,1.26276,1.1,1
18.08.2021 00:04:37.472,1.26289,1.2627700000000002,1.97,1
18.08.2021 00:04:37.725,1.26289,1.26275,1.1,1.1
18.08.2021 00:04:38.716,1.2629100000000002,1.26278,1.6,1
18.08.2021 00:04:38.817,1.2629000000000001,1.26279,1,1.1
18.08.2021 00:04:41.855,1.26289,1.26276,1.1,1
18.08.2021 00:04:42.879,1.26288,1.2627700000000002,1.1,1
18.08.2021 00:04:43.035,1.2628700000000002,1.26276,1.1,1
18.08.2021 00:04:43.375,1.26283,1.26271,1,1.77
18.08.2021 00:04:43.477,1.26281,1.2626700000000002,1,2.47
18.08.2021 00:04:43.579,1.26281,1.2626700000000002,1.1,1.57
18.08.2021 00:04:44.245,1.2628000000000001,1.2626700000000002,1,1.57
18.08.2021 00:04:44.396,1.26281,1.2626700000000002,1.1,1.57
18.08.2021 00:04:44.575,1.2628000000000001,1.2626700000000002,1,1.1
18.08.2021 00:04:51.509,1.2628000000000001,1.26269,1.1,1
18.08.2021 00:04:53.706,1.26281,1.2626700000000002,1.1,1
18.08.2021 00:04:53.807,1.26281,1.26268,1.1,1
18.08.2021 00:04:53.908,1.26281,1.2626700000000002,1.1,1
18.08.2021 00:04:58.709,1.26281,1.26268,1.1,1
18.08.2021 00:05:00.042,1.26279,1.26268,1.1,1
18.08.2021 00:05:01.845,1.26282,1.26269,1.97,1
18.08.2021 00:05:02.047,1.26279,1.26268,1,1.57
18.08.2021 00:05:03.854,1.26282,1.26268,1.22,1
18.08.2021 00:05:03.956,1.26281,1.2627000000000002,1.22,1
18.08.2021 00:05:05.712,1.26281,1.26268,1.1,1
18.08.2021 00:05:13.111,1.26281,1.26268,1.1,1
18.08.2021 00:05:14.763,1.2628000000000001,1.2626700000000002,1.1,1
18.08.2021 00:05:25.467,1.26276,1.26263,1.1,1.5
18.08.2021 00:05:25.518,1.26275,1.26262,1.1,1
18.08.2021 00:05:25.627,1.26275,1.26262,1.1,1
18.08.2021 00:05:28.353,1.26275,1.26262,1.1,1
18.08.2021 00:05:31.697,1.26272,1.2626000000000002,1,1.57
18.08.2021 00:05:34.932,1.26272,1.26259,1,1
18.08.2021 00:05:39.006,1.26272,1.26261,1.1,1
18.08.2021 00:05:39.553,1.26272,1.26259,1.1,1
18.08.2021 00:05:40.475,1.26271,1.26259,1.1,1
18.08.2021 00:05:40.527,1.26269,1.26258,1.2,1.5
18.08.2021 00:05:40.629,1.26268,1.26255,1.1,1
18.08.2021 00:05:40.832,1.2627000000000002,1.26259,1.65,1
18.08.2021 00:05:40.934,1.26271,1.2626000000000002,1.2,1
18.08.2021 00:05:43.915,1.26271,1.26258,1.1,1
18.08.2021 00:05:44.017,1.26271,1.26258,1.1,1
18.08.2021 00:05:44.368,1.2627000000000002,1.2625700000000002,1.1,1
18.08.2021 00:05:44.895,1.26271,1.26258,1.1,1
18.08.2021 00:05:45.294,1.26271,1.2626000000000002,1.1,1
18.08.2021 00:05:53.849,1.26273,1.26262,2.1,1
18.08.2021 00:05:53.950,1.26276,1.26262,1.72,1.1
18.08.2021 00:05:54.052,1.26276,1.26263,1.12,1
18.08.2021 00:05:54.992,1.26276,1.26265,1.01,1
18.08.2021 00:05:58.791,1.26276,1.26265,1.35,1
18.08.2021 00:05:58.943,1.26276,1.26263,1.57,1
18.08.2021 00:05:58.994,1.26271,1.26262,1,1
18.08.2021 00:06:00.069,1.26272,1.2626000000000002,1,1
18.08.2021 00:06:09.175,1.26271,1.2626000000000002,1,1
18.08.2021 00:06:16.078,1.26271,1.26261,1,1
18.08.2021 00:06:16.919,1.2627000000000002,1.2626000000000002,1,1
18.08.2021 00:06:17.428,1.2626700000000002,1.2625600000000001,1.5,1.1
18.08.2021 00:06:17.530,1.2626700000000002,1.26255,1,1
18.08.2021 00:06:17.631,1.26264,1.26255,1,1
18.08.2021 00:06:17.732,1.26261,1.26253,1,1.2
18.08.2021 00:06:18.171,1.26264,1.26253,1,1
18.08.2021 00:06:18.337,1.2626600000000001,1.26253,1,1
18.08.2021 00:06:18.438,1.26265,1.26255,1,1
18.08.2021 00:06:18.811,1.26265,1.26254,1,1
18.08.2021 00:06:21.711,1.26268,1.26258,1.12,1
18.08.2021 00:06:22.065,1.26269,1.26258,1,1
18.08.2021 00:06:24.314,1.26268,1.26258,1,1
18.08.2021 00:06:34.641,1.26268,1.2626000000000002,1,1
18.08.2021 00:06:36.970,1.26268,1.26259,1,1
18.08.2021 00:06:37.071,1.2626700000000002,1.26259,1,1
18.08.2021 00:06:43.621,1.26264,1.26255,1,1
18.08.2021 00:06:43.723,1.26261,1.26253,1,2.45
18.08.2021 00:06:52.298,1.26261,1.26253,1,1
18.08.2021 00:06:54.477,1.26262,1.26251,1,1
18.08.2021 00:06:54.730,1.26258,1.2624900000000001,1,1.12
18.08.2021 00:06:55.033,1.2625700000000002,1.2624900000000001,1,1
18.08.2021 00:06:55.134,1.2625600000000001,1.2624900000000001,1,1
18.08.2021 00:06:55.690,1.2625600000000001,1.26248,1,1
18.08.2021 00:06:56.025,1.2625600000000001,1.2624600000000001,1,1
18.08.2021 00:06:56.645,1.2625700000000002,1.2624600000000001,1,1
18.08.2021 00:06:58.681,1.26255,1.2624600000000001,1,1
18.08.2021 00:07:01.255,1.26255,1.2624700000000002,1,1
18.08.2021 00:07:01.966,1.26253,1.2624700000000002,1,1
18.08.2021 00:07:02.568,1.26254,1.26244,1,1
18.08.2021 00:07:02.670,1.26254,1.26245,1,1
18.08.2021 00:07:03.617,1.26253,1.26245,1,1
18.08.2021 00:07:04.357,1.26252,1.26245,1,1
18.08.2021 00:07:04.459,1.26253,1.26245,1,1
18.08.2021 00:07:04.562,1.26254,1.26245,1,1
18.08.2021 00:07:05.493,1.26253,1.26245,1,1
18.08.2021 00:07:08.153,1.2625700000000002,1.2624700000000002,1,1
18.08.2021 00:07:08.254,1.2625600000000001,1.2624700000000002,1,1
18.08.2021 00:07:08.355,1.2625600000000001,1.2624600000000001,1,1
18.08.2021 00:07:12.277,1.2625600000000001,1.2624700000000002,1,1
18.08.2021 00:07:12.532,1.2625600000000001,1.2624600000000001,1,1
18.08.2021 00:07:12.583,1.26254,1.26245,1,1.1
18.08.2021 00:07:12.740,1.26254,1.2624600000000001,1,1
18.08.2021 00:07:20.959,1.26262,1.2625,2.15,1
18.08.2021 00:07:21.060,1.26261,1.26251,1,1
18.08.2021 00:07:21.413,1.26261,1.26253,1,1
18.08.2021 00:07:21.514,1.26261,1.26252,1,1
18.08.2021 00:07:21.615,1.26262,1.26252,1,1
18.08.2021 00:07:21.716,1.2626000000000002,1.26251,1,1
18.08.2021 00:07:25.757,1.26262,1.26251,1,1
18.08.2021 00:07:25.909,1.26261,1.26253,1,1
18.08.2021 00:07:35.094,1.26263,1.26253,1,1
18.08.2021 00:07:35.246,1.26262,1.26253,1,1
18.08.2021 00:07:37.678,1.2626000000000002,1.26254,1,1
18.08.2021 00:07:37.779,1.26261,1.26252,1,1.1
18.08.2021 00:07:39.516,1.2626000000000002,1.26252,1,1.1
18.08.2021 00:07:40.181,1.26262,1.26251,1,1
18.08.2021 00:07:50.191,1.26261,1.26253,1,1
18.08.2021 00:07:52.309,1.26261,1.26254,1,1
18.08.2021 00:07:52.410,1.26261,1.26252,1,1
18.08.2021 00:07:57.202,1.26262,1.26251,1,1
18.08.2021 00:08:01.491,1.26262,1.26252,1,1
18.08.2021 00:08:06.852,1.26262,1.26251,1,1.1
18.08.2021 00:08:14.825,1.26261,1.26251,1,1
18.08.2021 00:08:19.193,1.26261,1.2625,1,1.1
18.08.2021 00:08:19.345,1.2626000000000002,1.26248,1,1.5
18.08.2021 00:08:19.396,1.2625700000000002,1.2624600000000001,1,1.1
18.08.2021 00:08:19.498,1.26255,1.2624600000000001,1,2.02
18.08.2021 00:08:19.700,1.2625700000000002,1.26245,1,1.1
18.08.2021 00:08:19.958,1.26254,1.2624600000000001,1,1.1
18.08.2021 00:08:20.059,1.26254,1.26244,1,1
18.08.2021 00:08:20.215,1.26255,1.26244,1,1
18.08.2021 00:08:22.753,1.26253,1.26244,1,1
18.08.2021 00:08:26.266,1.26252,1.26244,1,1.1
18.08.2021 00:08:37.221,1.26253,1.26244,1,1
18.08.2021 00:08:39.662,1.26252,1.26244,1,1.1
18.08.2021 00:08:43.150,1.26253,1.26242,1,1.1
18.08.2021 00:08:46.428,1.26253,1.26243,1,1
18.08.2021 00:08:47.588,1.26253,1.26242,1,1.1
18.08.2021 00:08:47.690,1.2624900000000001,1.26241,1,1.1
18.08.2021 00:08:47.791,1.26248,1.26238,1,1.2
18.08.2021 00:08:50.982,1.26248,1.2623700000000002,1,1.1
18.08.2021 00:08:51.391,1.26244,1.2623600000000001,1,1.2
18.08.2021 00:08:51.543,1.26245,1.26234,1,1.2
18.08.2021 00:09:00.210,1.26241,1.26231,1,1.6
18.08.2021 00:09:00.361,1.2624,1.2623,1,1.1
18.08.2021 00:09:00.463,1.2624,1.26231,1,1.1
18.08.2021 00:09:00.564,1.2624,1.2623,1,1.1
18.08.2021 00:09:00.818,1.26241,1.2623,1,1.1
18.08.2021 00:09:00.970,1.2624,1.2623,1,1.1
18.08.2021 00:09:01.127,1.26241,1.2623,1,1.1
18.08.2021 00:09:01.279,1.2623900000000001,1.26231,1,1.1
18.08.2021 00:09:24.123,1.26241,1.2623,1,1.1
18.08.2021 00:09:24.976,1.2623900000000001,1.26231,1,1.1
18.08.2021 00:09:28.684,1.26238,1.2622700000000002,1,1.22
18.08.2021 00:09:28.786,1.26238,1.2622700000000002,1,1.2
18.08.2021 00:09:33.566,1.26238,1.26228,1,1
18.08.2021 00:09:42.183,1.26238,1.2622700000000002,1,1.1
18.08.2021 00:09:43.079,1.26235,1.26224,1,3.37
18.08.2021 00:09:43.181,1.26233,1.26221,1.12,2.07
18.08.2021 00:09:43.282,1.26234,1.2622200000000001,1,1
18.08.2021 00:09:43.383,1.26232,1.2622200000000001,1,1.1
18.08.2021 00:09:43.484,1.26231,1.26221,1,1.1
18.08.2021 00:09:44.059,1.26231,1.2622,1,1.01
18.08.2021 00:09:45.812,1.26228,1.2622,1,1.1
18.08.2021 00:09:50.134,1.2622900000000001,1.26218,1.5,1.1
18.08.2021 00:09:50.185,1.2622700000000002,1.2621700000000002,1,1.2
18.08.2021 00:09:50.287,1.2622700000000002,1.26218,1,1
18.08.2021 00:09:50.439,1.2622900000000001,1.26218,1,1
18.08.2021 00:09:52.909,1.2622900000000001,1.26219,1,1
18.08.2021 00:09:53.111,1.2623,1.26219,1,1.1
18.08.2021 00:09:53.213,1.2622900000000001,1.26219,1,1.1
18.08.2021 00:09:59.157,1.26228,1.26221,1,1
18.08.2021 00:10:28.665,1.26228,1.2622,1,1
18.08.2021 00:10:32.746,1.2623,1.2622,1,1
18.08.2021 00:10:46.440,1.2623,1.26219,1,1
18.08.2021 00:11:01.978,1.2623,1.2622,1,1
18.08.2021 00:11:02.334,1.2622900000000001,1.2622,1,1
18.08.2021 00:11:02.435,1.2623,1.2622,1,1
18.08.2021 00:11:03.733,1.26231,1.26224,1,1
18.08.2021 00:11:03.834,1.26233,1.26223,1,1
18.08.2021 00:11:03.936,1.26231,1.2622200000000001,1,1
18.08.2021 00:11:04.289,1.26231,1.26221,1,1.1
18.08.2021 00:11:09.590,1.26231,1.2622,1,1.1
18.08.2021 00:11:09.707,1.2623,1.2622,1,1.1
18.08.2021 00:11:10.347,1.2623,1.26219,1,1.1
18.08.2021 00:11:12.173,1.2622700000000002,1.26218,1,1.1
18.08.2021 00:11:12.275,1.26225,1.2621700000000002,1,2.05
18.08.2021 00:11:12.407,1.26224,1.2621700000000002,1,1.1
18.08.2021 00:11:12.458,1.2622900000000001,1.2621600000000002,1,1.1
18.08.2021 00:11:12.559,1.2622700000000002,1.2621600000000002,1,1.1
18.08.2021 00:11:12.661,1.2622600000000002,1.2621700000000002,1,1.1
18.08.2021 00:11:20.842,1.26228,1.26218,1,1
18.08.2021 00:11:23.177,1.2622700000000002,1.26218,1,1.1
18.08.2021 00:11:42.888,1.2622700000000002,1.26214,1.5,1.67
18.08.2021 00:11:42.939,1.26223,1.26214,1,1.65
18.08.2021 00:11:43.142,1.26228,1.26218,1,1
18.08.2021 00:11:43.262,1.26228,1.26219,1,1
18.08.2021 00:11:43.363,1.26228,1.26218,1,1
18.08.2021 00:11:45.968,1.2622900000000001,1.26218,1,1
18.08.2021 00:11:46.348,1.2623,1.26219,1,1.1
18.08.2021 00:11:46.449,1.2622900000000001,1.26219,1,1.1
18.08.2021 00:11:46.918,1.26228,1.26219,1,1
18.08.2021 00:11:47.193,1.2623,1.26219,1,1
18.08.2021 00:11:47.294,1.2622700000000002,1.2622,1,1
18.08.2021 00:11:48.014,1.2623,1.26218,1,1.1
18.08.2021 00:11:48.115,1.2623,1.26218,1,2.42
18.08.2021 00:11:49.540,1.2623,1.26218,1,1.1
18.08.2021 00:11:51.109,1.2622900000000001,1.2622,1,1
18.08.2021 00:12:03.582,1.26231,1.2622200000000001,1,1.5
18.08.2021 00:12:03.632,1.26232,1.26223,1,1.57
18.08.2021 00:12:03.784,1.26231,1.2622200000000001,1,1
18.08.2021 00:12:04.792,1.26233,1.26223,1,1
18.08.2021 00:12:04.894,1.26231,1.2622200000000001,1,2.25
18.08.2021 00:12:05.499,1.2623,1.2622200000000001,1,1
18.08.2021 00:12:05.942,1.2622900000000001,1.26221,1,1
18.08.2021 00:12:07.170,1.26233,1.26223,1,1
18.08.2021 00:12:07.272,1.2622900000000001,1.26221,1,1.62
18.08.2021 00:12:07.373,1.2623,1.2622,1,1
18.08.2021 00:12:08.449,1.2622900000000001,1.2622,1,1.1
18.08.2021 00:12:15.329,1.2622900000000001,1.26221,1,1.57
18.08.2021 00:12:15.380,1.26232,1.26221,1,1
18.08.2021 00:12:15.838,1.26231,1.26221,1,1
18.08.2021 00:12:16.583,1.26235,1.26225,1,1
18.08.2021 00:12:16.684,1.26235,1.2622600000000002,1,1
18.08.2021 00:12:17.305,1.26234,1.26228,1,1
18.08.2021 00:12:23.394,1.2623600000000001,1.2622700000000002,1,1
18.08.2021 00:12:23.496,1.2623600000000001,1.2622600000000002,1,1
18.08.2021 00:12:23.547,1.26238,1.2622600000000002,1,1
18.08.2021 00:12:26.604,1.2623600000000001,1.2622700000000002,1,1
18.08.2021 00:12:26.715,1.26235,1.26225,1,1.1
18.08.2021 00:12:26.926,1.2623600000000001,1.2622600000000002,1,1.1
18.08.2021 00:12:27.027,1.2623600000000001,1.26225,1,1.1
18.08.2021 00:12:27.293,1.2623600000000001,1.2622600000000002,1,1
18.08.2021 00:12:28.444,1.26235,1.26224,1,1
18.08.2021 00:12:28.696,1.26232,1.2622200000000001,1,1.1
18.08.2021 00:12:29.397,1.26231,1.2622200000000001,1,1.1
18.08.2021 00:12:30.196,1.26231,1.26221,1,1.1
18.08.2021 00:12:31.868,1.2623,1.2622,1,1.1
18.08.2021 00:12:40.016,1.26228,1.26221,1,1
18.08.2021 00:12:48.128,1.2622900000000001,1.26219,1,1
18.08.2021 00:12:49.038,1.2623,1.2622,1,1
18.08.2021 00:12:49.088,1.26232,1.2622,1,1.1
18.08.2021 00:12:49.241,1.26231,1.2622,1,1.1
18.08.2021 00:12:49.974,1.2622900000000001,1.2622,1,1
18.08.2021 00:12:50.024,1.26231,1.2622,1,1
18.08.2021 00:12:56.257,1.26233,1.2622,1.5,1
18.08.2021 00:12:56.359,1.26233,1.26221,1,1.1
18.08.2021 00:13:02.727,1.2623,1.2622200000000001,1,1.1
18.08.2021 00:13:03.786,1.2623,1.2622,1,1
18.08.2021 00:13:04.345,1.26231,1.2622,1,1
18.08.2021 00:13:04.446,1.2623,1.2622,1,1
18.08.2021 00:13:04.995,1.2622900000000001,1.2622,1,1
18.08.2021 00:13:10.380,1.2622900000000001,1.26221,1,1
18.08.2021 00:13:13.907,1.26232,1.2622200000000001,1,1
18.08.2021 00:13:15.460,1.2623,1.2622200000000001,1,1
18.08.2021 00:13:17.195,1.2623600000000001,1.26225,1,1
18.08.2021 00:13:17.296,1.26238,1.2622600000000002,2,1
18.08.2021 00:13:17.397,1.26238,1.2622600000000002,1,1.1
18.08.2021 00:13:17.498,1.26238,1.2622700000000002,1,1
18.08.2021 00:13:23.422,1.2623700000000002,1.2622700000000002,1,2.77
18.08.2021 00:13:26.988,1.26238,1.2622900000000001,1,1.5
18.08.2021 00:13:27.090,1.26238,1.26228,1,1.2
18.08.2021 00:13:31.494,1.2623600000000001,1.26228,1,1
18.08.2021 00:13:31.793,1.26238,1.2622700000000002,1,1
18.08.2021 00:13:34.237,1.26232,1.26225,1,1.12
18.08.2021 00:13:34.288,1.26234,1.26224,1,2.9
18.08.2021 00:13:34.389,1.26233,1.26224,1,2.45
18.08.2021 00:13:34.490,1.26232,1.2622200000000001,1,1
18.08.2021 00:13:34.591,1.26232,1.26221,1,1.1
18.08.2021 00:13:34.692,1.26231,1.26221,1,1.1
18.08.2021 00:13:36.605,1.26233,1.2622600000000002,1,1
18.08.2021 00:13:36.656,1.2623600000000001,1.2622700000000002,1,1
18.08.2021 00:13:36.707,1.2623700000000002,1.26228,1,1
18.08.2021 00:13:37.758,1.26238,1.2622600000000002,1,1.1
18.08.2021 00:13:57.040,1.26238,1.2622600000000002,1,1.1
18.08.2021 00:14:01.498,1.2623700000000002,1.2622700000000002,1,1.1
18.08.2021 00:14:01.649,1.2623900000000001,1.2622900000000001,1,1
18.08.2021 00:14:01.751,1.26238,1.2622700000000002,1,1.2
18.08.2021 00:14:03.966,1.2623600000000001,1.26225,1,1.1
18.08.2021 00:14:04.067,1.2623600000000001,1.26225,1,1.1
18.08.2021 00:14:05.206,1.26234,1.26224,1,1.2
18.08.2021 00:14:08.439,1.26231,1.26223,1,1.95
18.08.2021 00:14:10.089,1.26233,1.26223,1,3.67
18.08.2021 00:14:10.919,1.2623,1.26223,1,3.45
18.08.2021 00:14:11.021,1.26231,1.2622200000000001,1,1.97
18.08.2021 00:14:11.175,1.2622900000000001,1.26221,1,1.65
18.08.2021 00:14:11.225,1.26228,1.2622,1,1.65
18.08.2021 00:14:11.378,1.26228,1.26218,1,2.05
18.08.2021 00:14:11.840,1.2622600000000002,1.26218,1,2.17
18.08.2021 00:14:11.942,1.26225,1.2621700000000002,1,1.2
18.08.2021 00:14:14.546,1.26225,1.26218,1,1.67
18.08.2021 00:14:16.611,1.2622700000000002,1.2621700000000002,1,1.67
18.08.2021 00:14:20.888,1.26225,1.2621700000000002,1,4.86
18.08.2021 00:14:26.763,1.26228,1.2621700000000002,1,3.36
18.08.2021 00:14:26.965,1.2622600000000002,1.26219,1,1.67
18.08.2021 00:14:32.533,1.26231,1.2622200000000001,1,1.1
18.08.2021 00:14:32.584,1.26228,1.2622,1,1.99
18.08.2021 00:14:32.887,1.2622900000000001,1.2622,1,1.1
18.08.2021 00:14:33.611,1.26228,1.26218,1,2.17
18.08.2021 00:14:33.763,1.26228,1.26218,1,2.42
18.08.2021 00:14:37.867,1.26228,1.26219,1,2.55
18.08.2021 00:14:44.550,1.26228,1.26218,1,1.6
18.08.2021 00:14:46.909,1.2622900000000001,1.26218,1,1.22
18.08.2021 00:14:47.650,1.2622700000000002,1.26218,1,1.8
18.08.2021 00:14:48.634,1.26228,1.26219,1,1.22
18.08.2021 00:14:50.520,1.2622900000000001,1.26218,1,1.8
18.08.2021 00:14:51.660,1.2622700000000002,1.26218,1,1.8
18.08.2021 00:14:58.126,1.26228,1.26218,1,1.6
18.08.2021 00:14:58.227,1.2622900000000001,1.26218,1,1.6
18.08.2021 00:15:00.527,1.26232,1.2622200000000001,1,1.12
18.08.2021 00:15:00.578,1.2623,1.2622200000000001,1,1
18.08.2021 00:15:00.680,1.2622900000000001,1.26221,1,2.2
18.08.2021 00:15:02.610,1.26231,1.2622,1.5,1.2
18.08.2021 00:15:02.712,1.2622900000000001,1.2622,1,1.3
18.08.2021 00:15:04.015,1.26228,1.26219,1,1.7
18.08.2021 00:15:04.934,1.26232,1.26223,1.5,1
18.08.2021 00:15:04.984,1.2623,1.26219,1,2.36
18.08.2021 00:15:05.086,1.26231,1.2622,1,1.1
18.08.2021 00:15:05.187,1.26231,1.2622,1,1.27
18.08.2021 00:15:06.517,1.26231,1.26221,1,1
18.08.2021 00:15:06.568,1.26233,1.2622200000000001,1.5,1.1
18.08.2021 00:15:06.618,1.2623,1.26223,1,1
18.08.2021 00:15:06.719,1.26231,1.26221,1,1.2
18.08.2021 00:15:07.421,1.26233,1.26224,1,1
18.08.2021 00:15:07.473,1.26235,1.26224,1.5,1.85
18.08.2021 00:15:07.524,1.2623900000000001,1.2623,1.12,1
18.08.2021 00:15:07.676,1.2623900000000001,1.2622700000000002,1,1.35
18.08.2021 00:15:07.843,1.2623700000000002,1.2622900000000001,1,1.3
18.08.2021 00:15:07.945,1.2623700000000002,1.2622900000000001,1.5,1.27
18.08.2021 00:15:13.798,1.2623700000000002,1.2622700000000002,1.5,2.17
18.08.2021 00:15:13.900,1.2623600000000001,1.2622700000000002,1,2.15
18.08.2021 00:15:15.884,1.26235,1.26225,1,4.8
18.08.2021 00:15:16.036,1.26234,1.26224,1.5,1.2
18.08.2021 00:15:16.087,1.26231,1.26223,1.5,1.1
18.08.2021 00:15:16.239,1.26231,1.2622,1,1.2
18.08.2021 00:15:16.792,1.26231,1.2622,1.5,1.2
18.08.2021 00:15:24.572,1.2623,1.26218,1.5,2.2
18.08.2021 00:15:24.825,1.2622900000000001,1.26218,1,1.7
18.08.2021 00:15:24.926,1.26228,1.2622,1,1.2
18.08.2021 00:15:25.752,1.2622900000000001,1.26219,1,2.17
18.08.2021 00:15:35.411,1.2623,1.26221,1,1
18.08.2021 00:15:35.462,1.26233,1.26224,1,1.76
18.08.2021 00:15:35.563,1.2623600000000001,1.26224,1,1.79
18.08.2021 00:15:36.068,1.2623600000000001,1.26225,1,1.3
18.08.2021 00:15:39.924,1.2623700000000002,1.26224,1,3.49
18.08.2021 00:15:44.611,1.2623700000000002,1.26224,1,3.49
18.08.2021 00:15:45.534,1.2623600000000001,1.26224,1,3.49
18.08.2021 00:15:47.515,1.26232,1.26223,1.5,1.95
18.08.2021 00:15:47.616,1.2623,1.2622,1,1.1
18.08.2021 00:15:47.666,1.26232,1.2622,1.5,1.1
18.08.2021 00:15:47.717,1.2623,1.26219,1,1.2
18.08.2021 00:15:47.818,1.2623,1.26219,1,1.2
18.08.2021 00:16:00.333,1.2623,1.26221,1,1
18.08.2021 00:16:00.384,1.26235,1.26224,1,2.44
18.08.2021 00:16:00.435,1.2623700000000002,1.26224,1.87,3.29
18.08.2021 00:16:00.536,1.2623600000000001,1.26225,1.5,3.66
18.08.2021 00:16:07.587,1.2623700000000002,1.2622600000000002,1.5,1.3
18.08.2021 00:16:38.872,1.2623900000000001,1.2622600000000002,1,2.99
18.08.2021 00:16:43.097,1.26238,1.2623,1,1
18.08.2021 00:16:43.198,1.26243,1.26233,1,2.54
18.08.2021 00:16:43.299,1.26244,1.26232,1,2.54
18.08.2021 00:16:43.401,1.26245,1.26232,1,4.24
18.08.2021 00:16:44.763,1.2624600000000001,1.26233,1.5,1.22
18.08.2021 00:16:53.835,1.2624700000000002,1.26234,1.5,1.2
18.08.2021 00:16:53.937,1.2624600000000001,1.26235,1.5,1.22
18.08.2021 00:16:55.125,1.26251,1.2624,1.5,1.5
18.08.2021 00:16:55.226,1.26253,1.2624,2.1,2.16
18.08.2021 00:16:55.328,1.26253,1.2624,1.5,1.97
18.08.2021 00:16:58.156,1.26251,1.26241,1,1.97
18.08.2021 00:16:58.207,1.26248,1.2623900000000001,1,2.77
18.08.2021 00:16:58.409,1.2624700000000002,1.2623600000000001,1,1.1
18.08.2021 00:16:58.560,1.26245,1.2623600000000001,1,1.1
18.08.2021 00:16:58.967,1.26248,1.26235,1.5,1.1
18.08.2021 00:16:59.068,1.2624600000000001,1.2623600000000001,1,1.1
18.08.2021 00:16:59.903,1.2624600000000001,1.26235,1,1.1
18.08.2021 00:17:12.287,1.26248,1.2624,1.5,1
18.08.2021 00:17:12.338,1.26251,1.2624,1.2,2.25
18.08.2021 00:17:12.439,1.26252,1.26241,1,1.1
18.08.2021 00:17:12.699,1.26253,1.26242,1.5,1.6
18.08.2021 00:17:18.886,1.26254,1.26242,1,1.22
18.08.2021 00:17:20.912,1.26255,1.26243,1,1.1
18.08.2021 00:17:21.113,1.26253,1.26242,1,1.22
18.08.2021 00:17:22.337,1.2625700000000002,1.2624600000000001,1,1
18.08.2021 00:17:22.438,1.2625600000000001,1.26244,1,1.22
18.08.2021 00:17:28.116,1.26254,1.26245,1,1.22
18.08.2021 00:17:28.167,1.26255,1.26243,1,1.1
18.08.2021 00:17:28.268,1.26255,1.2624600000000001,1,2.3
18.08.2021 00:17:28.319,1.26259,1.2624900000000001,1.1,1
18.08.2021 00:17:28.370,1.26261,1.2624900000000001,1,1
18.08.2021 00:17:28.471,1.26259,1.2625,1,1
18.08.2021 00:17:30.164,1.26261,1.2624900000000001,1,1.1
18.08.2021 00:17:41.818,1.26261,1.2624900000000001,1,1.22
18.08.2021 00:18:01.956,1.26261,1.26251,1,1
18.08.2021 00:18:02.007,1.26262,1.26253,1,1
18.08.2021 00:18:02.108,1.26262,1.26251,1.5,1.22
18.08.2021 00:18:02.209,1.26262,1.2625,1.5,1.1
18.08.2021 00:18:02.310,1.2626000000000002,1.2625,1,1.6
18.08.2021 00:18:02.421,1.26261,1.2624900000000001,1,1.2
18.08.2021 00:18:18.377,1.26261,1.2624900000000001,1.5,2.42
18.08.2021 00:18:18.478,1.2626000000000002,1.2625,1,2.4
18.08.2021 00:18:23.287,1.2625600000000001,1.26248,1,2.15
18.08.2021 00:18:23.389,1.26254,1.26248,1,1.2
18.08.2021 00:18:23.490,1.26253,1.26245,1,1.77
18.08.2021 00:18:23.592,1.26254,1.26244,1,1.27
18.08.2021 00:18:27.599,1.26253,1.26242,1,1.65
18.08.2021 00:18:36.044,1.26251,1.26241,1,4.35
18.08.2021 00:18:36.145,1.26251,1.26241,1.5,4.35
18.08.2021 00:18:39.222,1.26252,1.2624,1,3.85
18.08.2021 00:18:48.415,1.26248,1.2624,1,5.14
18.08.2021 00:18:49.081,1.2624600000000001,1.2624,1,2.62
18.08.2021 00:18:49.131,1.2624900000000001,1.2623600000000001,1,4.35
18.08.2021 00:18:49.233,1.26245,1.2623600000000001,1,1.97
18.08.2021 00:18:53.319,1.26244,1.26235,1,1.85
18.08.2021 00:18:54.471,1.26248,1.2624,1,1.69
18.08.2021 00:18:56.198,1.26251,1.26238,1,2.7
18.08.2021 00:18:56.248,1.2624900000000001,1.26238,1,1.87
18.08.2021 00:18:56.518,1.26245,1.2623600000000001,1,3.01
18.08.2021 00:18:57.381,1.26245,1.26234,1,2.54
18.08.2021 00:18:58.167,1.26245,1.26233,1,3.66
18.08.2021 00:19:00.506,1.26244,1.26234,1,3.64
18.08.2021 00:19:00.981,1.26245,1.26233,1,2.97
18.08.2021 00:19:01.659,1.2624,1.26233,1,4.54
18.08.2021 00:19:01.861,1.26241,1.26232,1,4.39
18.08.2021 00:19:03.932,1.2623700000000002,1.26231,1,1.2
18.08.2021 00:19:04.197,1.2623900000000001,1.2622700000000002,1,1.85
18.08.2021 00:19:04.697,1.2624,1.26225,1,2.35
18.08.2021 00:19:04.798,1.26234,1.26225,1,1.85
18.08.2021 00:19:09.109,1.26233,1.26224,1,4.87
18.08.2021 00:19:10.152,1.26232,1.26224,1,1.12
18.08.2021 00:19:13.418,1.26231,1.26223,1,1.1
18.08.2021 00:19:13.519,1.26231,1.26225,1,1
18.08.2021 00:19:15.395,1.26233,1.2622,1,2.26
18.08.2021 00:19:15.597,1.26228,1.2621700000000002,1,2.35
18.08.2021 00:19:15.817,1.2622700000000002,1.2621700000000002,1,1.85
18.08.2021 00:19:15.919,1.2622600000000002,1.2621600000000002,1,7.6
18.08.2021 00:19:16.423,1.2622700000000002,1.2621600000000002,1,7.6
18.08.2021 00:19:16.765,1.2622600000000002,1.2621600000000002,1,4.91
18.08.2021 00:19:19.188,1.2622600000000002,1.2621600000000002,1,5.85
18.08.2021 00:19:20.118,1.26232,1.26224,1,1.69
18.08.2021 00:19:20.677,1.26233,1.26224,1,1.79
18.08.2021 00:19:20.982,1.26233,1.26223,1,1.77
18.08.2021 00:19:21.084,1.26231,1.26224,1,1.77
18.08.2021 00:19:21.754,1.2623600000000001,1.26225,1,1.76
18.08.2021 00:19:25.900,1.26232,1.26224,1,2.17
18.08.2021 00:19:28.988,1.26231,1.26224,1,1.9
18.08.2021 00:19:29.047,1.2623700000000002,1.26223,1,1.9
18.08.2021 00:19:31.069,1.26234,1.26224,1,2.05
18.08.2021 00:19:33.136,1.26235,1.26224,1,2.05
18.08.2021 00:19:36.355,1.26233,1.26224,1,2.17
18.08.2021 00:19:44.679,1.26234,1.26224,1,2.17
18.08.2021 00:19:47.817,1.26234,1.26224,1,2.17
18.08.2021 00:19:50.625,1.26234,1.26224,1,2.17
18.08.2021 00:19:51.583,1.26232,1.26225,1,2.17
18.08.2021 00:19:52.475,1.26235,1.26224,1,1.4
18.08.2021 00:19:52.526,1.26233,1.26223,1,1.85
18.08.2021 00:19:52.728,1.26234,1.26223,1,2.22
18.08.2021 00:19:52.981,1.26233,1.26225,1,2.35
18.08.2021 00:19:57.096,1.26234,1.26224,1,2.1
18.08.2021 00:20:01.254,1.26235,1.26224,1,2.1
18.08.2021 00:20:03.138,1.2623600000000001,1.26224,1,2.1
18.08.2021 00:20:16.621,1.2623700000000002,1.26224,3.19,1.95
18.08.2021 00:20:16.672,1.26231,1.26224,1,2
18.08.2021 00:20:16.824,1.26231,1.26223,1,1.87
18.08.2021 00:20:23.293,1.2623,1.26223,1,2.25
18.08.2021 00:20:23.394,1.2622700000000002,1.26218,1,1.5
18.08.2021 00:20:28.080,1.2622700000000002,1.2621600000000002,1,6.1
18.08.2021 00:20:32.071,1.2622700000000002,1.2621600000000002,1,5.85
18.08.2021 00:20:32.172,1.26228,1.2621600000000002,1,6.79
18.08.2021 00:20:32.937,1.26228,1.2622,1,1
18.08.2021 00:20:32.988,1.26233,1.26223,1,1.1
18.08.2021 00:20:33.089,1.26233,1.26223,1,1.1
18.08.2021 00:20:33.241,1.26233,1.26223,1,1.6
18.08.2021 00:20:35.767,1.26234,1.26223,1,1.6
18.08.2021 00:20:37.502,1.26234,1.26224,1,1.22
18.08.2021 00:20:37.604,1.26235,1.26224,1,2.72
18.08.2021 00:20:37.705,1.26235,1.26224,1,2.85
18.08.2021 00:20:38.120,1.2623600000000001,1.26224,1,2.85
18.08.2021 00:20:38.327,1.26233,1.26224,1,2.1
18.08.2021 00:20:58.074,1.26235,1.26224,1,2.1
18.08.2021 00:20:58.334,1.26234,1.26225,1,2.1
18.08.2021 00:21:03.293,1.26235,1.26225,1,2.1
18.08.2021 00:21:03.674,1.2623600000000001,1.26223,1,3.79
18.08.2021 00:21:04.003,1.26235,1.26223,1,2.85
18.08.2021 00:21:07.861,1.2623600000000001,1.26224,1,1.97
18.08.2021 00:21:08.013,1.2623600000000001,1.26224,1,1.97
18.08.2021 00:21:18.815,1.2623600000000001,1.26224,1,2.1
18.08.2021 00:21:19.435,1.2623600000000001,1.26224,1,2.1
18.08.2021 00:21:21.637,1.2623600000000001,1.2622600000000002,1,1.22
18.08.2021 00:21:22.344,1.2623600000000001,1.26224,1,2.1
18.08.2021 00:21:31.012,1.2623600000000001,1.26223,1,2.85
18.08.2021 00:21:33.431,1.26235,1.26223,1,2.1
18.08.2021 00:21:40.026,1.26235,1.26225,1,2.1
18.08.2021 00:21:40.178,1.2623600000000001,1.26224,1,3.6
18.08.2021 00:21:40.331,1.2623600000000001,1.26224,1,2.1
18.08.2021 00:21:42.397,1.26235,1.26223,1,2.85
18.08.2021 00:21:59.408,1.2623600000000001,1.26224,1,1.97
18.08.2021 00:21:59.510,1.2623600000000001,1.26224,1,1.97
18.08.2021 00:22:00.643,1.2624,1.26232,1.5,1.69
18.08.2021 00:22:00.745,1.26241,1.2622900000000001,1,1.6
18.08.2021 00:22:00.846,1.2624,1.26228,1,1.6
18.08.2021 00:22:01.972,1.2623900000000001,1.2622600000000002,1,2.29
18.08.2021 00:22:02.466,1.26238,1.2622700000000002,1,2.29
18.08.2021 00:22:02.736,1.26238,1.2622600000000002,1,2.29
18.08.2021 00:22:03.665,1.2623600000000001,1.2622700000000002,1,1.6
18.08.2021 00:22:03.766,1.2623600000000001,1.26224,1,4.35
18.08.2021 00:22:06.271,1.26235,1.26224,1,2.1
18.08.2021 00:22:06.535,1.26235,1.26224,1,1.97
18.08.2021 00:22:06.636,1.26235,1.26224,1,1.95
18.08.2021 00:22:09.255,1.26233,1.26225,1,1.95
18.08.2021 00:22:22.225,1.26235,1.26224,1,1.95
18.08.2021 00:22:24.886,1.26234,1.26224,1,1.95
18.08.2021 00:22:26.277,1.26234,1.26225,1,1.95
18.08.2021 00:22:26.378,1.26234,1.26224,1,1.95
18.08.2021 00:22:30.122,1.26235,1.26224,1,1.95
18.08.2021 00:22:40.551,1.26235,1.26224,1,2.07
18.08.2021 00:22:43.649,1.26235,1.26224,1,2.07
18.08.2021 00:22:57.601,1.26235,1.26225,1,3.6
18.08.2021 00:23:01.523,1.2623600000000001,1.26228,1,1.1
18.08.2021 00:23:01.624,1.2623700000000002,1.26224,1,5.1
18.08.2021 00:23:01.725,1.2623700000000002,1.26224,1,3.6
18.08.2021 00:23:06.848,1.26238,1.26225,1,1.6
18.08.2021 00:23:24.717,1.26238,1.2622900000000001,1,1
18.08.2021 00:23:24.819,1.26248,1.2623600000000001,2.75,1.35
18.08.2021 00:23:24.920,1.26251,1.2623900000000001,1,1.95
18.08.2021 00:23:25.021,1.26251,1.2623900000000001,1,1.1
18.08.2021 00:23:26.493,1.26251,1.26241,1,2.72
18.08.2021 00:23:28.718,1.26253,1.2624,1,2.85
18.08.2021 00:23:28.831,1.26253,1.2624,1,2.85
18.08.2021 00:23:31.770,1.26252,1.2624,1,1.6
18.08.2021 00:23:32.198,1.26252,1.2624,1,2.1
18.08.2021 00:23:33.466,1.26254,1.26244,1,1.12
18.08.2021 00:23:35.092,1.26253,1.26243,1,2.29
18.08.2021 00:23:36.692,1.26254,1.26243,1,2.1
18.08.2021 00:24:05.650,1.26258,1.26248,1.57,1.5
18.08.2021 00:24:05.802,1.2626000000000002,1.2624700000000002,1.6,2.75
18.08.2021 00:24:05.904,1.2626000000000002,1.2624700000000002,1,2.75
18.08.2021 00:24:06.085,1.26259,1.2624700000000002,1,1.5
18.08.2021 00:24:06.186,1.2626000000000002,1.2624700000000002,1,2
18.08.2021 00:24:07.167,1.26259,1.2624700000000002,1,2
18.08.2021 00:24:07.268,1.2625600000000001,1.26243,1.5,1.6
18.08.2021 00:24:07.420,1.26255,1.26242,1,2.26
18.08.2021 00:24:07.526,1.26253,1.26242,1,1.51
18.08.2021 00:24:07.627,1.26253,1.26241,1,1.51
18.08.2021 00:24:09.344,1.26253,1.26242,1,1.51
18.08.2021 00:24:12.649,1.26252,1.26242,1,1.5
18.08.2021 00:24:12.856,1.26252,1.26242,1,1.12
18.08.2021 00:24:25.187,1.26252,1.2624,1,2.75
18.08.2021 00:24:27.499,1.26252,1.2624,1,2.62
18.08.2021 00:24:28.815,1.2625,1.2624,1,1
18.08.2021 00:24:28.866,1.2624900000000001,1.26238,1,1.1
18.08.2021 00:24:30.999,1.26248,1.26238,1,1
18.08.2021 00:24:31.297,1.26248,1.26235,1,1.6
18.08.2021 00:24:31.449,1.2624600000000001,1.26234,1,1.5
18.08.2021 00:24:31.600,1.2624600000000001,1.26235,1.5,1.5
18.08.2021 00:24:31.741,1.2624700000000002,1.26234,1.5,1
18.08.2021 00:24:32.539,1.2624600000000001,1.26234,1,1
18.08.2021 00:24:32.742,1.2624600000000001,1.26235,1.5,1
18.08.2021 00:24:35.637,1.2624600000000001,1.26234,1,1
18.08.2021 00:24:35.788,1.2624700000000002,1.26234,1.5,1
18.08.2021 00:24:38.876,1.2624600000000001,1.26234,1,1
18.08.2021 00:24:41.086,1.2624600000000001,1.26233,1.5,1.12
18.08.2021 00:24:41.693,1.2624600000000001,1.26234,1.5,1
18.08.2021 00:24:42.293,1.2624700000000002,1.26235,1.5,1.12
18.08.2021 00:24:45.577,1.2624700000000002,1.26234,1.5,1.31
18.08.2021 00:24:48.748,1.2624700000000002,1.26235,1,1
18.08.2021 00:24:48.849,1.2624700000000002,1.2623600000000001,1.5,1
18.08.2021 00:24:49.284,1.2624600000000001,1.2623600000000001,1.5,1
18.08.2021 00:24:51.444,1.2624700000000002,1.2623600000000001,1.5,1
18.08.2021 00:24:52.508,1.2624700000000002,1.26235,1,1
18.08.2021 00:24:52.762,1.2624700000000002,1.26234,1.5,1.31
18.08.2021 00:24:54.026,1.2625,1.2623900000000001,1,1
18.08.2021 00:24:54.127,1.26251,1.2623900000000001,1.95,1.5
18.08.2021 00:24:58.696,1.26252,1.2624,1.5,1
18.08.2021 00:25:00.179,1.26251,1.26241,1.5,1.5
18.08.2021 00:25:00.431,1.26252,1.2624,1.5,1
18.08.2021 00:25:02.465,1.26251,1.26242,1,1
18.08.2021 00:25:04.722,1.26254,1.26242,1,1
18.08.2021 00:25:06.292,1.26254,1.26241,1.5,1
18.08.2021 00:25:08.976,1.26254,1.26242,1.5,1
18.08.2021 00:25:15.431,1.26254,1.26243,1,1
18.08.2021 00:25:18.334,1.26255,1.26243,1.5,1
18.08.2021 00:25:18.435,1.2625600000000001,1.26245,1,1.87
18.08.2021 00:25:24.071,1.26255,1.26245,1,1
18.08.2021 00:25:24.173,1.26254,1.26244,1,1.1
18.08.2021 00:25:24.275,1.26254,1.26243,1,1.1
18.08.2021 00:25:26.122,1.26254,1.26244,1,1.1
18.08.2021 00:25:31.412,1.26253,1.26244,1,1.1
18.08.2021 00:25:36.575,1.26254,1.26243,1,1.1
18.08.2021 00:25:38.283,1.26253,1.26244,1,1.1
18.08.2021 00:25:40.238,1.26254,1.26243,1,1.1
18.08.2021 00:25:41.165,1.26254,1.26243,1,1.1
18.08.2021 00:25:41.266,1.26254,1.26243,1,1.1
18.08.2021 00:25:48.876,1.2625600000000001,1.26243,1.5,1.22
18.08.2021 00:25:56.760,1.26254,1.26243,1,1.22
18.08.2021 00:25:56.861,1.26254,1.26242,1,1.1
18.08.2021 00:26:00.795,1.26254,1.26242,1.5,1.1
18.08.2021 00:26:01.810,1.26254,1.26242,1,1.1
18.08.2021 00:26:03.374,1.26254,1.26242,1,1.1
18.08.2021 00:26:12.077,1.26253,1.26242,1.5,1.2
18.08.2021 00:26:13.235,1.26253,1.26241,1,1.12
18.08.2021 00:26:13.387,1.26251,1.26241,1,1
18.08.2021 00:26:13.438,1.2625,1.2623900000000001,1,1.12
18.08.2021 00:26:13.539,1.26248,1.2623900000000001,1,1.5
18.08.2021 00:26:13.640,1.2624700000000002,1.26238,1,1
18.08.2021 00:26:13.910,1.2624900000000001,1.2623700000000002,1,1
18.08.2021 00:26:35.909,1.26248,1.2623700000000002,1,1
18.08.2021 00:26:36.113,1.2624900000000001,1.2623700000000002,1.5,1
18.08.2021 00:26:39.460,1.2624700000000002,1.26238,1,1
18.08.2021 00:26:39.562,1.2624700000000002,1.2623700000000002,1,1
18.08.2021 00:26:42.256,1.2624900000000001,1.2623600000000001,1.5,1
18.08.2021 00:26:42.964,1.26248,1.2623600000000001,1,1
18.08.2021 00:26:44.728,1.2624900000000001,1.2624,1.1,1.5
18.08.2021 00:26:44.829,1.26251,1.26241,1.6,1
18.08.2021 00:26:44.930,1.26252,1.2624,1,1.1
18.08.2021 00:26:47.461,1.26252,1.26241,1,1.1
18.08.2021 00:26:55.293,1.2625,1.2624,1.5,1
18.08.2021 00:26:55.394,1.2625,1.26238,1,1.12
18.08.2021 00:26:55.495,1.26248,1.2623700000000002,1,1
18.08.2021 00:27:06.001,1.2624900000000001,1.2623900000000001,1.5,1
18.08.2021 00:27:07.257,1.2624900000000001,1.2623700000000002,1.5,1
18.08.2021 00:27:11.376,1.2625,1.2623700000000002,1.12,1
18.08.2021 00:27:16.900,1.2625,1.26238,1.5,1
18.08.2021 00:27:26.628,1.26248,1.26238,1.5,1
18.08.2021 00:27:31.858,1.26248,1.2623700000000002,1.5,1
18.08.2021 00:27:35.659,1.2624900000000001,1.2623700000000002,1.5,1
18.08.2021 00:27:37.060,1.2624700000000002,1.26238,1,1
18.08.2021 00:27:39.813,1.2624900000000001,1.2623700000000002,1.5,1
18.08.2021 00:27:39.914,1.26248,1.2623700000000002,1,1
18.08.2021 00:27:40.664,1.2624900000000001,1.2623700000000002,1.5,1
18.08.2021 00:27:50.447,1.2624700000000002,1.26238,1,1
18.08.2021 00:27:50.551,1.26248,1.2623600000000001,1,2.25
18.08.2021 00:28:19.778,1.26248,1.2623700000000002,1,1
18.08.2021 00:28:40.697,1.26248,1.26238,1.5,1
18.08.2021 00:28:45.243,1.26251,1.2623900000000001,1,1.57
18.08.2021 00:28:45.344,1.2625,1.26238,1,1.95
18.08.2021 00:28:46.583,1.2624900000000001,1.2623700000000002,1,1.01
18.08.2021 00:28:46.829,1.2624900000000001,1.2624,1,1
18.08.2021 00:28:46.930,1.26251,1.2624,1,1
18.08.2021 00:28:52.891,1.2624900000000001,1.2623700000000002,1.5,2.07
18.08.2021 00:28:52.993,1.2624700000000002,1.2623600000000001,1,1.6
18.08.2021 00:28:53.095,1.2624600000000001,1.2623700000000002,1,1.1
18.08.2021 00:28:59.773,1.2624600000000001,1.2623600000000001,1,1.12
18.08.2021 00:28:59.874,1.26245,1.26233,1,4.22
18.08.2021 00:29:02.590,1.2624600000000001,1.26235,1,1
18.08.2021 00:29:05.462,1.2624700000000002,1.26235,1,1.1
18.08.2021 00:29:09.079,1.2624600000000001,1.2623700000000002,1,1
18.08.2021 00:29:18.285,1.26248,1.2623600000000001,1,1
18.08.2021 00:29:18.929,1.2624700000000002,1.2623600000000001,1,1
18.08.2021 00:29:31.535,1.26248,1.2623600000000001,1,2.72
18.08.2021 00:29:31.636,1.26251,1.2623900000000001,1,2.35
18.08.2021 00:29:31.737,1.26253,1.26241,1,1.1
18.08.2021 00:29:33.029,1.26252,1.26243,1,1
18.08.2021 00:29:38.874,1.26253,1.26243,1,1.57
18.08.2021 00:29:56.324,1.26253,1.26241,1,1.2
18.08.2021 00:29:57.769,1.26251,1.2623900000000001,1,1.6
18.08.2021 00:29:57.870,1.2624900000000001,1.2623700000000002,1,1.6
18.08.2021 00:29:57.920,1.2624900000000001,1.2623700000000002,1,1.1
18.08.2021 00:29:59.901,1.2624700000000002,1.2623700000000002,1,1.22
18.08.2021 00:30:00.002,1.2624700000000002,1.2623700000000002,1,1.22
18.08.2021 00:30:00.284,1.26252,1.2623900000000001,1,1.57
18.08.2021 00:30:00.386,1.26252,1.2624,1,1.1
18.08.2021 00:30:02.572,1.26251,1.2623900000000001,1,1.1
18.08.2021 00:30:02.673,1.2624900000000001,1.2623600000000001,1,1.22
18.08.2021 00:30:02.774,1.26248,1.2623600000000001,1,1.1
18.08.2021 00:30:03.335,1.2624600000000001,1.2623600000000001,1,1.1
18.08.2021 00:30:04.059,1.2624700000000002,1.2623700000000002,1,1
18.08.2021 00:30:04.110,1.2625,1.26238,1,1.1
18.08.2021 00:30:04.555,1.2624900000000001,1.2623700000000002,1,1.1
18.08.2021 00:30:06.793,1.26252,1.2623900000000001,1,1.57
18.08.2021 00:30:06.894,1.26252,1.2623900000000001,1,1.6
18.08.2021 00:30:10.809,1.26251,1.26241,1,1.22
18.08.2021 00:30:10.910,1.26251,1.26241,1,1.22
18.08.2021 00:30:11.314,1.26252,1.2624,1,1.22
18.08.2021 00:30:16.891,1.26251,1.26241,1,1.2
18.08.2021 00:30:25.437,1.26253,1.26241,1,1.1
18.08.2021 00:30:26.025,1.26252,1.26242,1,1.1
18.08.2021 00:30:26.694,1.26253,1.26241,1,1.1
18.08.2021 00:30:31.871,1.26251,1.26241,1,1.2
18.08.2021 00:30:43.349,1.26251,1.26241,1,1.22
18.08.2021 00:30:43.450,1.26252,1.2624,1,1.2
18.08.2021 00:30:50.903,1.2625,1.26238,1,1.95
18.08.2021 00:30:51.005,1.26248,1.2623600000000001,1,1.22
18.08.2021 00:30:51.107,1.2624700000000002,1.2623700000000002,1,1.2
18.08.2021 00:30:51.465,1.2624700000000002,1.2623600000000001,1.5,1.01
18.08.2021 00:30:55.900,1.2624700000000002,1.26235,1,1.1
18.08.2021 00:31:01.932,1.26248,1.2623600000000001,1,1.57
18.08.2021 00:31:02.033,1.2624700000000002,1.26235,1,1.2
18.08.2021 00:31:07.895,1.26248,1.26235,1,1.01
18.08.2021 00:31:16.080,1.2624700000000002,1.2623700000000002,1,1
18.08.2021 00:31:20.917,1.2624700000000002,1.26235,1,1.01
18.08.2021 00:31:45.307,1.26248,1.26235,1.1,1
18.08.2021 00:31:47.337,1.26248,1.2623700000000002,1,3.94
18.08.2021 00:31:47.438,1.26251,1.2623900000000001,1.6,1.57
18.08.2021 00:31:47.539,1.26251,1.26241,1,1.1
18.08.2021 00:31:52.899,1.26252,1.26242,1,1.1
18.08.2021 00:32:01.496,1.26252,1.26242,1,1.1
18.08.2021 00:32:01.597,1.26253,1.26241,1,1.1
18.08.2021 00:32:07.430,1.26254,1.26241,1,1.1
18.08.2021 00:32:30.879,1.26252,1.26242,1,1
18.08.2021 00:32:34.842,1.26254,1.26241,1,1.1
18.08.2021 00:32:40.911,1.26253,1.26241,1,1
18.08.2021 00:32:43.569,1.26253,1.26243,1,1.87
18.08.2021 00:32:43.805,1.26255,1.26243,1,1
18.08.2021 00:32:43.907,1.2625600000000001,1.26243,1,1.1
18.08.2021 00:32:47.126,1.2625600000000001,1.26244,1,1
18.08.2021 00:32:47.228,1.26259,1.2624700000000002,1,1
18.08.2021 00:32:47.429,1.2625700000000002,1.2624600000000001,1,1.85
18.08.2021 00:32:47.548,1.2625700000000002,1.2624600000000001,1,1.41
18.08.2021 00:32:47.649,1.26258,1.26245,1,1.39
18.08.2021 00:32:54.591,1.2626000000000002,1.26248,1,1.1
18.08.2021 00:32:54.693,1.26261,1.2625,1,1.39
18.08.2021 00:32:54.795,1.26262,1.26251,1,1.12
18.08.2021 00:32:54.897,1.26262,1.26252,1,1
18.08.2021 00:32:56.786,1.26264,1.26252,1,1
18.08.2021 00:32:56.837,1.2626600000000001,1.2625600000000001,1.57,1.25
18.08.2021 00:32:56.938,1.2626700000000002,1.2625700000000002,1.72,1
18.08.2021 00:32:57.040,1.26268,1.2625600000000001,1,1
18.08.2021 00:33:09.908,1.26268,1.26255,1,1.2
18.08.2021 00:33:11.327,1.26265,1.26253,1,1.39
18.08.2021 00:33:24.631,1.26264,1.26251,1,2.07
18.08.2021 00:33:24.733,1.26262,1.2624900000000001,1,1.2
18.08.2021 00:33:24.834,1.26263,1.2625,1,1.1
18.08.2021 00:33:24.986,1.26258,1.26248,1,1.22
18.08.2021 00:33:25.088,1.26258,1.26248,1,1.12
18.08.2021 00:33:25.444,1.26259,1.2624600000000001,1.57,1.12
18.08.2021 00:33:29.710,1.26258,1.26245,1,1.12
18.08.2021 00:33:31.564,1.26255,1.26243,1,1.1
18.08.2021 00:33:31.666,1.2625600000000001,1.26243,1,1.1
18.08.2021 00:33:33.444,1.26255,1.26243,1,1
18.08.2021 00:33:35.296,1.26254,1.26242,1,1.1
18.08.2021 00:33:35.796,1.26255,1.26242,1,1.5
18.08.2021 00:33:35.897,1.2625600000000001,1.26243,1,1.1
18.08.2021 00:33:40.145,1.2625600000000001,1.26244,1,1.5
18.08.2021 00:33:40.247,1.2625700000000002,1.26244,1,1.2
18.08.2021 00:33:44.226,1.2625600000000001,1.26243,1,3.6
18.08.2021 00:33:48.069,1.26254,1.26244,1,1.1
18.08.2021 00:33:52.877,1.26258,1.26245,1,3.82
18.08.2021 00:33:53.082,1.2625700000000002,1.2624600000000001,1,4.32
18.08.2021 00:33:53.183,1.2625700000000002,1.26245,1,1.51
18.08.2021 00:33:53.284,1.2625700000000002,1.26245,1,1.01
18.08.2021 00:34:02.816,1.26255,1.26245,1,1.85
18.08.2021 00:34:09.780,1.2625600000000001,1.26244,1,1.39
18.08.2021 00:34:18.769,1.2625600000000001,1.26245,1,1.39
18.08.2021 00:34:22.730,1.2625600000000001,1.26243,1,3.1
18.08.2021 00:34:51.830,1.26254,1.26243,1,1.95
18.08.2021 00:34:51.931,1.26253,1.2624,1,1.5
18.08.2021 00:34:52.032,1.26252,1.2623900000000001,1,1.1
18.08.2021 00:35:10.260,1.2624900000000001,1.2624,1,1
18.08.2021 00:35:10.563,1.2625,1.2623700000000002,1,2.07
18.08.2021 00:35:14.806,1.2624900000000001,1.2623600000000001,1.5,2.62
18.08.2021 00:35:45.652,1.2624700000000002,1.26235,1,1.6
18.08.2021 00:35:45.753,1.2624600000000001,1.2623600000000001,1,1.12
18.08.2021 00:35:49.267,1.26248,1.26235,1,2.7
18.08.2021 00:35:52.437,1.26244,1.26233,1.5,1.5
18.08.2021 00:35:52.539,1.2624,1.26231,1,1.87
18.08.2021 00:35:56.096,1.26241,1.2622900000000001,1,1.39
18.08.2021 00:36:23.296,1.26243,1.26233,1.5,1.76
18.08.2021 00:36:23.397,1.26245,1.26234,1.1,1.87
18.08.2021 00:36:23.500,1.2624600000000001,1.26234,1,2.91
18.08.2021 00:36:23.887,1.2624600000000001,1.26234,1,2.89
18.08.2021 00:36:23.997,1.2624600000000001,1.26235,1,3.04
18.08.2021 00:36:24.844,1.2624900000000001,1.2623600000000001,1.12,1.1
18.08.2021 00:36:25.046,1.26248,1.26235,1,1.22
18.08.2021 00:36:25.198,1.26248,1.26235,1,1.2
18.08.2021 00:36:25.371,1.2624700000000002,1.26234,1,1.39
18.08.2021 00:36:25.472,1.2624600000000001,1.26235,1,2.16
18.08.2021 00:36:25.858,1.26245,1.26235,1,2.16
18.08.2021 00:36:25.973,1.2624600000000001,1.26234,1,2.14
18.08.2021 00:36:26.075,1.2624600000000001,1.26234,1,2.16
18.08.2021 00:36:27.582,1.2624700000000002,1.26234,1,3.04
18.08.2021 00:36:28.281,1.26248,1.26235,1,1.2
18.08.2021 00:36:35.092,1.2624700000000002,1.2623600000000001,1,2.07
18.08.2021 00:36:47.596,1.2624700000000002,1.26235,1,1.2
18.08.2021 00:36:48.904,1.2624600000000001,1.26233,1,2.7
18.08.2021 00:36:50.678,1.26245,1.26234,1,1.97
18.08.2021 00:36:52.731,1.2624700000000002,1.26234,1.12,1.1
18.08.2021 00:37:04.962,1.2624600000000001,1.26233,1,2.07
18.08.2021 00:37:06.596,1.2624600000000001,1.26233,1,1.2
18.08.2021 00:37:17.454,1.2624600000000001,1.26235,1,2.7
18.08.2021 00:37:17.555,1.2624600000000001,1.26235,1,2.72
18.08.2021 00:37:18.766,1.2624700000000002,1.2623600000000001,1,1.1
18.08.2021 00:37:27.212,1.26248,1.26235,1,1.1
18.08.2021 00:37:28.523,1.26248,1.2623600000000001,1,1.6
18.08.2021 00:37:40.497,1.2624700000000002,1.26235,1,1.1
18.08.2021 00:37:40.599,1.2624700000000002,1.2623600000000001,1,1.57
18.08.2021 00:37:43.047,1.26248,1.2623600000000001,1,1.95
18.08.2021 00:37:43.148,1.2625,1.2623600000000001,1.2,1
18.08.2021 00:37:43.311,1.2624700000000002,1.2623600000000001,1,1.95
18.08.2021 00:37:44.838,1.2624600000000001,1.26235,1,2.82
18.08.2021 00:37:45.149,1.2624700000000002,1.26235,1,3.6
18.08.2021 00:37:47.009,1.26248,1.26234,1,3.04
18.08.2021 00:37:54.775,1.2624900000000001,1.2623600000000001,1,1.1
18.08.2021 00:38:00.996,1.2624900000000001,1.26235,1,1.2
18.08.2021 00:38:01.098,1.2624700000000002,1.26234,1,2.1
18.08.2021 00:38:01.249,1.2624700000000002,1.26234,1,1.57
18.08.2021 00:38:14.742,1.2624700000000002,1.26234,1,1.97
18.08.2021 00:38:15.093,1.2624700000000002,1.2623600000000001,1,1
18.08.2021 00:38:16.162,1.2624700000000002,1.2623700000000002,1,1
18.08.2021 00:38:16.404,1.2624700000000002,1.2623600000000001,1,1.5
18.08.2021 00:38:19.107,1.2624700000000002,1.26235,1,1.57
18.08.2021 00:38:19.268,1.2624700000000002,1.2623600000000001,1,1.5
18.08.2021 00:38:19.419,1.2624600000000001,1.2623600000000001,1,1.5
18.08.2021 00:38:19.520,1.2624700000000002,1.2623600000000001,1,1.5
18.08.2021 00:38:19.818,1.2624700000000002,1.26238,1,1.5
18.08.2021 00:38:20.048,1.2624700000000002,1.2623700000000002,1,1.5
18.08.2021 00:38:20.547,1.2624700000000002,1.26238,1,1
18.08.2021 00:38:20.649,1.26248,1.2623900000000001,1,1
18.08.2021 00:38:20.750,1.26248,1.26238,1,1.5
18.08.2021 00:38:21.139,1.26248,1.2623700000000002,1,1.5
18.08.2021 00:38:21.257,1.26248,1.26238,1,1.5
18.08.2021 00:38:25.113,1.26248,1.2623700000000002,1,1.5
18.08.2021 00:38:25.254,1.26248,1.26238,1,1.5
18.08.2021 00:38:25.409,1.26248,1.2623900000000001,1,1
18.08.2021 00:38:25.510,1.26252,1.26242,1.95,1
18.08.2021 00:38:25.611,1.26251,1.26242,1.2,1.87
18.08.2021 00:38:25.897,1.26251,1.26243,1,1
18.08.2021 00:38:26.371,1.26254,1.26243,1,1.5
18.08.2021 00:38:26.472,1.26254,1.26244,1,1
18.08.2021 00:38:26.574,1.26254,1.26243,1,1.5
18.08.2021 00:38:29.683,1.26254,1.26242,1,1.95
18.08.2021 00:38:29.784,1.26254,1.26243,1,1
18.08.2021 00:38:29.885,1.26253,1.26243,1,1.95
18.08.2021 00:38:30.065,1.26254,1.26243,1,1
18.08.2021 00:38:30.267,1.26253,1.26245,1,1.5
18.08.2021 00:38:30.620,1.26254,1.26243,1,1.57
18.08.2021 00:38:30.790,1.26254,1.26244,1,1
18.08.2021 00:38:30.942,1.26255,1.26244,1,1.5
18.08.2021 00:38:31.599,1.26255,1.26243,1,1.95
18.08.2021 00:38:31.751,1.26255,1.26242,1,2.7
18.08.2021 00:38:31.902,1.26254,1.26242,1,1.95
18.08.2021 00:38:32.117,1.26253,1.26244,1,1.5
18.08.2021 00:38:32.218,1.26255,1.26243,1,1.57
18.08.2021 00:38:32.319,1.26255,1.26244,1,1.5
18.08.2021 00:38:35.915,1.26255,1.26243,1,1.57
18.08.2021 00:38:37.346,1.26254,1.26245,1,1
18.08.2021 00:38:39.110,1.26255,1.26243,1,1.57
18.08.2021 00:38:41.529,1.26254,1.26245,1,1.69
18.08.2021 00:38:44.651,1.26254,1.2624600000000001,1,1
18.08.2021 00:38:44.756,1.26255,1.26244,1,1.5
18.08.2021 00:38:45.222,1.26255,1.26245,1,1
18.08.2021 00:38:45.323,1.26255,1.2624600000000001,1,1.5
18.08.2021 00:38:45.425,1.26255,1.26245,1,1.5
18.08.2021 00:38:47.064,1.26255,1.26244,1,1.5
18.08.2021 00:38:47.221,1.26255,1.26245,1,1
18.08.2021 00:38:47.376,1.26255,1.26244,1,1.5
18.08.2021 00:38:48.159,1.26254,1.2624600000000001,1,1.5
18.08.2021 00:38:48.874,1.26255,1.26244,1,1.5
18.08.2021 00:38:50.046,1.26254,1.26244,1,1.5
18.08.2021 00:38:51.108,1.26255,1.26244,1,1.5
18.08.2021 00:38:52.205,1.26255,1.26243,1,1.5
18.08.2021 00:38:52.357,1.26255,1.26244,1,1
18.08.2021 00:38:52.458,1.26255,1.26243,1,1.5
18.08.2021 00:38:54.761,1.26255,1.26242,1,1.95
18.08.2021 00:38:54.862,1.26253,1.26241,1,1.95
18.08.2021 00:38:55.014,1.26252,1.26243,1,1.5
18.08.2021 00:38:55.266,1.26253,1.26241,1,1.95
18.08.2021 00:38:55.417,1.26253,1.26242,1,1
18.08.2021 00:38:55.969,1.26252,1.26242,1,1.95
18.08.2021 00:39:15.710,1.26253,1.26242,1,1
18.08.2021 00:39:16.337,1.26253,1.26241,1,1.95
18.08.2021 00:39:16.503,1.2625,1.2623700000000002,1,1.95
18.08.2021 00:39:16.604,1.2624700000000002,1.26234,1,2.29
18.08.2021 00:39:16.705,1.2624600000000001,1.26235,1.12,3.07
18.08.2021 00:39:17.723,1.2624700000000002,1.26235,1.12,1
18.08.2021 00:39:17.875,1.2624700000000002,1.26234,1.12,2.32
18.08.2021 00:39:20.926,1.2624700000000002,1.26235,1,1
18.08.2021 00:39:23.642,1.2624600000000001,1.2623700000000002,1,1
18.08.2021 00:39:23.743,1.2624700000000002,1.26235,1,1.57
18.08.2021 00:39:24.019,1.2624700000000002,1.26234,1,2.89
18.08.2021 00:39:24.809,1.2624700000000002,1.26235,1,1
18.08.2021 00:39:24.910,1.2624600000000001,1.26235,1,1.5
18.08.2021 00:39:25.011,1.26245,1.2623700000000002,1,1.5
18.08.2021 00:39:25.127,1.2624600000000001,1.2623700000000002,1,1.5
18.08.2021 00:39:25.899,1.2624700000000002,1.26235,1,1.57
18.08.2021 00:39:32.071,1.2624700000000002,1.2623600000000001,1,1.5
18.08.2021 00:39:33.392,1.26248,1.26235,1.12,2.51
18.08.2021 00:39:33.442,1.2624600000000001,1.26235,1,1.69
18.08.2021 00:39:33.544,1.26245,1.2623700000000002,1,1.69
18.08.2021 00:39:33.645,1.2624600000000001,1.26235,1,1.69
18.08.2021 00:39:33.796,1.26245,1.2623700000000002,1,1.5
18.08.2021 00:39:33.972,1.2624700000000002,1.2623700000000002,1,1.5
18.08.2021 00:39:34.237,1.2624700000000002,1.2623600000000001,1,1.5
18.08.2021 00:39:35.287,1.2624700000000002,1.2623700000000002,1,1
18.08.2021 00:39:41.115,1.2624600000000001,1.2623900000000001,1,1
18.08.2021 00:39:41.266,1.2624700000000002,1.2623700000000002,1,1.5
18.08.2021 00:39:42.252,1.2624700000000002,1.2623600000000001,1,1.5
18.08.2021 00:39:48.248,1.2624600000000001,1.2623600000000001,1,1.95
18.08.2021 00:39:49.078,1.2624700000000002,1.2623600000000001,1,1
18.08.2021 00:39:49.505,1.2624700000000002,1.2623700000000002,1,1
18.08.2021 00:39:59.955,1.2624600000000001,1.2623700000000002,1,1.5
18.08.2021 00:40:00.355,1.2624700000000002,1.26234,1,2.7
18.08.2021 00:40:00.610,1.2624600000000001,1.2623600000000001,1,1.5
18.08.2021 00:40:00.767,1.2624700000000002,1.2623600000000001,1,1.5
18.08.2021 00:40:02.389,1.2624700000000002,1.26235,1,1.5
18.08.2021 00:40:02.490,1.2624700000000002,1.26234,1,2.14
18.08.2021 00:40:03.140,1.2624700000000002,1.26235,1,1
18.08.2021 00:40:03.610,1.2624700000000002,1.26234,1,1.95
18.08.2021 00:40:03.797,1.2624700000000002,1.26235,1,1
18.08.2021 00:40:04.007,1.2624600000000001,1.26235,1,1.95
18.08.2021 00:40:04.108,1.2624700000000002,1.2623600000000001,1,1
18.08.2021 00:40:09.485,1.2624600000000001,1.26238,1,1
18.08.2021 00:40:19.672,1.26248,1.2623700000000002,1.12,1
18.08.2021 00:40:22.205,1.26248,1.26238,1.12,1.5
18.08.2021 00:40:22.306,1.26248,1.2623700000000002,1.12,1.5
18.08.2021 00:40:23.399,1.2624700000000002,1.2623700000000002,1,1
18.08.2021 00:40:23.652,1.26248,1.2623700000000002,1.12,1.5
18.08.2021 00:40:26.525,1.2624700000000002,1.2623700000000002,1.12,1
18.08.2021 00:40:26.778,1.2624700000000002,1.2623600000000001,1,1
18.08.2021 00:40:28.521,1.2624700000000002,1.26235,1,1.57
18.08.2021 00:40:28.724,1.2624600000000001,1.2623700000000002,1,1
18.08.2021 00:40:31.899,1.2624600000000001,1.2623600000000001,1,1.5
18.08.2021 00:40:32.606,1.2624700000000002,1.2623700000000002,1,1.5
18.08.2021 00:40:32.881,1.2624700000000002,1.2623600000000001,1,1.5
18.08.2021 00:40:33.084,1.2624600000000001,1.26238,1,1
18.08.2021 00:40:34.859,1.2624700000000002,1.2623600000000001,1,1
18.08.2021 00:40:37.541,1.2624600000000001,1.26238,1,1
18.08.2021 00:40:37.642,1.2624600000000001,1.2623700000000002,1,1.5
18.08.2021 00:40:37.744,1.2624600000000001,1.26238,1,1
18.08.2021 00:40:41.310,1.26248,1.26238,1,1
18.08.2021 00:40:41.598,1.26248,1.2624,1,1.5
18.08.2021 00:40:41.700,1.26248,1.2623900000000001,1,1.5
18.08.2021 00:40:45.236,1.26248,1.2624,1,1
18.08.2021 00:40:47.595,1.26251,1.26241,1.5,1.5
18.08.2021 00:40:47.696,1.26252,1.26241,1,1
18.08.2021 00:40:47.798,1.26252,1.26242,1,1
18.08.2021 00:40:51.317,1.26251,1.26244,1,1
18.08.2021 00:40:52.419,1.26251,1.26243,1,1
18.08.2021 00:41:00.998,1.26252,1.26244,1,1
18.08.2021 00:41:04.549,1.26253,1.26242,1,1
18.08.2021 00:41:06.163,1.26252,1.26244,1,1
18.08.2021 00:41:07.840,1.26252,1.2624600000000001,1,1
18.08.2021 00:41:10.623,1.26254,1.26245,1,1
18.08.2021 00:41:11.865,1.26255,1.2624600000000001,1,1
18.08.2021 00:41:13.666,1.26254,1.2624600000000001,1,1
18.08.2021 00:41:13.817,1.26254,1.2624700000000002,1,1
18.08.2021 00:41:14.074,1.26255,1.26245,1,1
18.08.2021 00:41:14.280,1.26254,1.2624700000000002,1,1
18.08.2021 00:41:16.283,1.26254,1.2624600000000001,1,1
18.08.2021 00:41:16.384,1.26254,1.2624700000000002,1,1
18.08.2021 00:41:21.538,1.26254,1.26248,1,1
18.08.2021 00:41:21.639,1.26255,1.2624600000000001,1,1
18.08.2021 00:41:30.810,1.26254,1.2624600000000001,1,1
18.08.2021 00:41:30.962,1.26254,1.2624700000000002,1,1
18.08.2021 00:41:36.852,1.2625600000000001,1.2624600000000001,1.12,1
18.08.2021 00:41:41.731,1.26258,1.26248,1.12,1
18.08.2021 00:41:42.815,1.2625700000000002,1.2625,1.12,1
18.08.2021 00:41:42.916,1.2625700000000002,1.2624900000000001,1.12,1
18.08.2021 00:41:43.182,1.26258,1.2624900000000001,1.12,1
18.08.2021 00:41:43.339,1.2626000000000002,1.2625,1.5,1
18.08.2021 00:41:43.440,1.26259,1.26251,1,1
18.08.2021 00:41:52.601,1.26259,1.26252,1,1
18.08.2021 00:41:55.014,1.26259,1.26253,1,1
18.08.2021 00:41:56.204,1.26261,1.26252,1,1
18.08.2021 00:41:57.325,1.26261,1.26253,1,1
18.08.2021 00:41:57.376,1.26263,1.26253,1,1
18.08.2021 00:41:57.477,1.26262,1.26253,1,1
18.08.2021 00:41:57.730,1.26262,1.26254,1,1
18.08.2021 00:41:57.831,1.26263,1.26254,1,1
18.08.2021 00:41:58.135,1.26263,1.26253,1,1
18.08.2021 00:41:59.192,1.26263,1.26255,1,1
18.08.2021 00:42:02.773,1.26262,1.26254,1,1
18.08.2021 00:42:02.986,1.26261,1.26252,1,1
18.08.2021 00:42:03.087,1.26261,1.26251,1,1
18.08.2021 00:42:03.188,1.26261,1.2624900000000001,1,1.6
18.08.2021 00:42:04.791,1.26259,1.2625,1,1.6
18.08.2021 00:42:07.956,1.26261,1.26251,1,1
18.08.2021 00:42:08.878,1.26264,1.26253,1.12,2.25
18.08.2021 00:42:08.980,1.2626600000000001,1.26254,1.7,1
18.08.2021 00:42:09.081,1.2626600000000001,1.26254,1.12,1
18.08.2021 00:42:09.183,1.26265,1.2625700000000002,1.12,1
18.08.2021 00:42:09.887,1.26265,1.26258,1,1
18.08.2021 00:42:09.988,1.2626600000000001,1.2625600000000001,1,1
18.08.2021 00:42:11.517,1.26265,1.26258,1,1
18.08.2021 00:42:11.618,1.2626600000000001,1.2625600000000001,1,1
18.08.2021 00:42:13.899,1.2626700000000002,1.2625600000000001,1,1
18.08.2021 00:42:14.853,1.26268,1.2625600000000001,1.12,1
18.08.2021 00:42:20.663,1.26268,1.2625700000000002,1.12,1
18.08.2021 00:42:23.152,1.26268,1.26259,1.12,1
18.08.2021 00:42:25.490,1.26268,1.2625600000000001,1.12,1
18.08.2021 00:42:29.151,1.2626700000000002,1.2625600000000001,1.12,1.5
18.08.2021 00:42:29.342,1.26268,1.26255,1.5,1.5
18.08.2021 00:42:35.871,1.26268,1.2625600000000001,1.12,1
18.08.2021 00:42:38.063,1.26265,1.26254,1,1
18.08.2021 00:42:38.165,1.26263,1.26254,1,1.12
18.08.2021 00:42:38.266,1.26265,1.26253,1,1.87
18.08.2021 00:42:38.542,1.26265,1.26254,1,1
18.08.2021 00:42:38.854,1.26264,1.2625600000000001,1,1
18.08.2021 00:42:38.955,1.26265,1.2625600000000001,1,1
18.08.2021 00:42:51.520,1.26265,1.26255,1,1
18.08.2021 00:42:54.499,1.26265,1.2625600000000001,1,1
18.08.2021 00:43:04.574,1.26263,1.26255,1,1
18.08.2021 00:43:04.625,1.26263,1.26251,1,1.7
18.08.2021 00:43:04.726,1.26261,1.2624900000000001,1,2.07
18.08.2021 00:43:04.776,1.26261,1.2624900000000001,1,1.87
18.08.2021 00:43:06.497,1.2626000000000002,1.26251,1,1
18.08.2021 00:43:07.520,1.2626000000000002,1.2625,1,1.12
18.08.2021 00:43:10.208,1.26261,1.2625,1,1
18.08.2021 00:43:10.310,1.26261,1.2624900000000001,1,2.7
18.08.2021 00:43:17.205,1.26263,1.26252,1,1
18.08.2021 00:43:17.306,1.26263,1.26251,1,1
18.08.2021 00:43:17.407,1.26263,1.2625,1,2.62
18.08.2021 00:43:17.508,1.26262,1.2625,1,1.12
18.08.2021 00:43:19.333,1.2626000000000002,1.2625,1,1.8
18.08.2021 00:43:21.046,1.26261,1.2624900000000001,1,1.2
18.08.2021 00:43:22.624,1.26259,1.26248,1,3.87
18.08.2021 00:43:28.638,1.26261,1.2624900000000001,1,1.5
18.08.2021 00:43:28.739,1.26262,1.26251,1.87,2.44
18.08.2021 00:43:28.840,1.26262,1.2625,1,2.25
18.08.2021 00:43:28.941,1.26263,1.26251,1,1
18.08.2021 00:43:29.043,1.26262,1.2625,1,2.62
18.08.2021 00:43:30.107,1.26261,1.26251,1,2.26
18.08.2021 00:43:30.209,1.26262,1.2625,1,2.62
18.08.2021 00:43:30.310,1.26262,1.2625,1,2.26
18.08.2021 00:43:31.544,1.26263,1.26251,1.5,1.5
18.08.2021 00:43:31.646,1.26262,1.2625,1,2.81
18.08.2021 00:43:31.747,1.26263,1.2625,1,2.62
18.08.2021 00:43:31.849,1.26263,1.26251,1,1
18.08.2021 00:43:31.950,1.26262,1.2625,1,2.7
18.08.2021 00:43:32.202,1.26261,1.2624900000000001,1,2.27
18.08.2021 00:43:32.881,1.26262,1.2625,1,1.2
18.08.2021 00:43:34.830,1.26262,1.2624900000000001,1,2.7
18.08.2021 00:43:35.154,1.26261,1.2624900000000001,1,1.35
18.08.2021 00:43:40.833,1.26263,1.26251,1.12,1
18.08.2021 00:43:41.471,1.26263,1.26252,1.12,1
18.08.2021 00:43:42.123,1.26264,1.26252,1.12,1
18.08.2021 00:43:42.225,1.26263,1.26252,1.12,1
18.08.2021 00:43:42.326,1.26264,1.26251,1.5,1
18.08.2021 00:44:02.033,1.26263,1.2625,1.87,1
18.08.2021 00:44:07.236,1.2626000000000002,1.2624700000000002,1.87,1
18.08.2021 00:44:12.105,1.26259,1.2624900000000001,1.12,2.25
18.08.2021 00:44:12.737,1.26262,1.2625,1.5,1.2
18.08.2021 00:44:12.889,1.26262,1.2625,1.12,1.2
18.08.2021 00:44:23.092,1.26263,1.2625,1.87,1
18.08.2021 00:44:26.116,1.26261,1.2625,1,1.8
18.08.2021 00:44:27.457,1.26263,1.26251,1,1
18.08.2021 00:44:28.273,1.26264,1.26251,1.87,1
18.08.2021 00:44:29.110,1.26263,1.2625,1,1.27
18.08.2021 00:44:30.136,1.26263,1.26252,1.95,1
18.08.2021 00:44:31.095,1.26261,1.26251,1,1.2
18.08.2021 00:44:38.582,1.26261,1.2625,1,1.35
18.08.2021 00:44:42.857,1.26261,1.2624900000000001,1,1.2
18.08.2021 00:44:55.752,1.26263,1.2625,1.87,2.25
18.08.2021 00:44:57.179,1.26262,1.2624900000000001,1,1.8
18.08.2021 00:44:57.281,1.26261,1.26248,1,1.8
18.08.2021 00:44:58.922,1.26261,1.26248,1,2.27
18.08.2021 00:45:01.370,1.26261,1.26252,1,1
18.08.2021 00:45:01.420,1.26263,1.26252,1.12,1
18.08.2021 00:45:03.527,1.26263,1.26251,1.12,1.5
18.08.2021 00:45:07.976,1.26263,1.26252,1.12,1
18.08.2021 00:45:08.235,1.26262,1.26252,1.12,1.5
18.08.2021 00:45:08.437,1.26262,1.26253,1.12,1
18.08.2021 00:45:08.589,1.26262,1.26252,1.12,1.5
18.08.2021 00:45:08.690,1.26262,1.2625,1,1
18.08.2021 00:45:08.791,1.26262,1.26251,1.87,1
18.08.2021 00:45:09.825,1.26262,1.2625,1,1
18.08.2021 00:45:10.125,1.26262,1.2624900000000001,1,2.7
18.08.2021 00:45:10.226,1.26262,1.2625,1,1
18.08.2021 00:45:11.313,1.26263,1.2625,1.87,1.5
18.08.2021 00:45:13.283,1.26262,1.2625,1,1.5
18.08.2021 00:45:15.624,1.26262,1.2624900000000001,1,1.27
18.08.2021 00:45:16.394,1.26262,1.2625,1,1
18.08.2021 00:45:16.495,1.26262,1.2624900000000001,1,1.87
18.08.2021 00:45:16.596,1.26261,1.26251,1,1
18.08.2021 00:45:17.616,1.26262,1.2624900000000001,1,2.62
18.08.2021 00:45:18.059,1.26262,1.2625,1,1
18.08.2021 00:45:18.210,1.26262,1.2624900000000001,1,2.62
18.08.2021 00:45:18.312,1.26262,1.2625,1,1.5
18.08.2021 00:45:18.913,1.26261,1.2625,1,2.62
18.08.2021 00:45:19.064,1.26262,1.2624900000000001,1,1.32
18.08.2021 00:45:19.754,1.2626000000000002,1.2625,1,1.32
18.08.2021 00:45:19.855,1.26262,1.2624900000000001,1,2.07
18.08.2021 00:45:20.157,1.2626000000000002,1.2625,1,1.32
18.08.2021 00:45:20.258,1.26262,1.2624900000000001,1,2.07
18.08.2021 00:45:25.438,1.2626000000000002,1.2625,1,1.32
18.08.2021 00:45:25.981,1.26262,1.2624900000000001,1,2.07
18.08.2021 00:45:27.925,1.2626000000000002,1.2625,1,1.4
18.08.2021 00:45:29.024,1.26261,1.2624900000000001,1,1.95
18.08.2021 00:45:29.965,1.26261,1.2625,1,2.7
18.08.2021 00:45:30.224,1.26262,1.26251,1,1
18.08.2021 00:45:30.345,1.26262,1.26252,1.87,1
18.08.2021 00:45:32.375,1.26262,1.26251,1,1
18.08.2021 00:45:32.491,1.26263,1.26251,1.87,1
18.08.2021 00:45:33.492,1.26262,1.26251,1.87,1.57
18.08.2021 00:45:33.593,1.26263,1.26251,1.87,1.5
18.08.2021 00:45:34.646,1.26263,1.2625,1.87,2.25
18.08.2021 00:45:34.747,1.26263,1.26251,1.87,1
18.08.2021 00:45:34.950,1.26263,1.2625,1.87,2.25
18.08.2021 00:45:35.051,1.26263,1.26251,1.87,1
18.08.2021 00:45:35.305,1.26262,1.26251,1,1
18.08.2021 00:45:35.406,1.26263,1.26251,1.87,1.5
18.08.2021 00:45:36.504,1.26262,1.26251,1,1
18.08.2021 00:45:36.655,1.26263,1.26251,1.87,1
18.08.2021 00:45:37.914,1.26262,1.26251,1,1
18.08.2021 00:45:38.015,1.26263,1.26251,1.87,1
18.08.2021 00:45:40.486,1.26263,1.2625,1.87,1.57
18.08.2021 00:45:40.588,1.26262,1.26251,1,1
18.08.2021 00:45:40.740,1.26263,1.26251,1.87,1
18.08.2021 00:45:40.844,1.26262,1.26251,1,1
18.08.2021 00:45:40.946,1.26262,1.26252,1.87,1
18.08.2021 00:45:41.199,1.26262,1.26251,1,1
18.08.2021 00:45:41.301,1.26263,1.2625,1.87,1.5
18.08.2021 00:45:41.402,1.26262,1.26251,1,1
18.08.2021 00:45:41.554,1.26263,1.26251,1.87,1
18.08.2021 00:45:41.756,1.26261,1.26251,1,1
18.08.2021 00:45:41.857,1.26263,1.26252,1.87,1
18.08.2021 00:45:41.908,1.26261,1.26251,1,1
18.08.2021 00:45:42.009,1.26263,1.26252,1.87,1
18.08.2021 00:45:42.110,1.26262,1.26251,1,1.5
18.08.2021 00:45:42.262,1.26263,1.26252,1.12,1
18.08.2021 00:45:42.363,1.26261,1.26252,1,1
18.08.2021 00:45:42.866,1.26262,1.26253,1.12,1
18.08.2021 00:45:43.018,1.2626600000000001,1.26255,1.5,1.25
18.08.2021 00:45:43.119,1.2626600000000001,1.26254,1.5,1.5
18.08.2021 00:45:43.220,1.2626700000000002,1.26255,1.5,1
18.08.2021 00:45:43.321,1.2626700000000002,1.2625600000000001,1,1
18.08.2021 00:45:45.137,1.26268,1.26255,2,1.5
18.08.2021 00:45:45.238,1.2626600000000001,1.2625700000000002,1.12,1
18.08.2021 00:45:45.390,1.26269,1.2625600000000001,1,2.62
18.08.2021 00:45:45.491,1.2627000000000002,1.26258,1.12,1
18.08.2021 00:45:45.798,1.26271,1.26259,2,1
18.08.2021 00:45:46.100,1.2627000000000002,1.26258,1.12,1
18.08.2021 00:45:46.387,1.2627000000000002,1.26259,1.12,1
18.08.2021 00:45:46.488,1.2627000000000002,1.26258,1.12,1
18.08.2021 00:45:46.825,1.26269,1.26258,1.12,1.1
18.08.2021 00:45:51.790,1.2627000000000002,1.26258,1,1
18.08.2021 00:45:52.750,1.26269,1.26258,1.12,1
18.08.2021 00:45:52.851,1.26264,1.26252,1,2.82
18.08.2021 00:45:52.952,1.26264,1.26252,1,1.2
18.08.2021 00:45:53.331,1.26265,1.26253,1.12,1
18.08.2021 00:45:53.733,1.26264,1.26252,1,1.2
18.08.2021 00:45:53.834,1.26265,1.26252,1.87,1.2
18.08.2021 00:45:54.235,1.26264,1.26254,1,1.2
18.08.2021 00:45:54.510,1.26265,1.26253,1,1.2
18.08.2021 00:45:56.419,1.26265,1.26253,1,1.2
18.08.2021 00:46:00.254,1.26264,1.26252,1,1.27
18.08.2021 00:46:00.304,1.26264,1.26255,1,1
18.08.2021 00:46:00.406,1.26265,1.26255,1.87,1
18.08.2021 00:46:00.508,1.26265,1.26254,1,1
18.08.2021 00:46:01.216,1.26263,1.26255,1,1
18.08.2021 00:46:01.267,1.26268,1.2625600000000001,2.07,1.2
18.08.2021 00:46:01.368,1.26268,1.2625700000000002,1.7,1
18.08.2021 00:46:01.470,1.26269,1.26259,2,1.5
18.08.2021 00:46:01.571,1.2627000000000002,1.26259,1.5,1
18.08.2021 00:46:01.673,1.26269,1.2626000000000002,1,1
18.08.2021 00:46:01.774,1.2627000000000002,1.26258,1,1.5
18.08.2021 00:46:05.666,1.26269,1.26258,1,1
18.08.2021 00:46:06.088,1.2626700000000002,1.26258,1.5,1
18.08.2021 00:46:06.190,1.26265,1.26259,1,1
18.08.2021 00:46:06.292,1.26265,1.2625700000000002,1,1
18.08.2021 00:46:06.393,1.26264,1.2625600000000001,1,1.5
18.08.2021 00:46:06.494,1.26265,1.2625600000000001,1.5,1
18.08.2021 00:46:06.596,1.26265,1.26255,1.5,1.5
18.08.2021 00:46:06.748,1.26264,1.26252,1,4.32
18.08.2021 00:46:13.674,1.26262,1.26252,1,2.9
18.08.2021 00:46:13.775,1.26261,1.26251,1,1.8
18.08.2021 00:46:13.876,1.26261,1.2624900000000001,1,1.4
18.08.2021 00:46:14.484,1.26261,1.2624900000000001,1,1.35
18.08.2021 00:46:18.532,1.26259,1.26248,1,1.5
18.08.2021 00:46:18.633,1.2625600000000001,1.26245,1,1.5
18.08.2021 00:46:18.735,1.26255,1.26243,1,3.09
18.08.2021 00:46:19.370,1.26252,1.26242,1,2.3
18.08.2021 00:46:22.832,1.26252,1.26241,1,2.07
18.08.2021 00:46:24.245,1.2625,1.26241,1,2.07
18.08.2021 00:46:25.646,1.2624900000000001,1.2624,1,2.25
18.08.2021 00:46:25.797,1.2625,1.26238,1,2.62
18.08.2021 00:46:27.216,1.2624900000000001,1.26238,1,1.87
18.08.2021 00:46:29.985,1.2624900000000001,1.2623700000000002,1,4.2
18.08.2021 00:46:30.248,1.2624900000000001,1.2624,1,1
18.08.2021 00:46:30.299,1.26251,1.2624,1.12,1
18.08.2021 00:46:30.400,1.26251,1.2623900000000001,1.12,1
18.08.2021 00:46:30.501,1.2624900000000001,1.2624,1,1
18.08.2021 00:46:30.882,1.2624700000000002,1.2623900000000001,1,1
18.08.2021 00:46:31.134,1.2624600000000001,1.2623900000000001,1,1
18.08.2021 00:46:31.235,1.2624700000000002,1.2623900000000001,1,1
18.08.2021 00:46:31.387,1.26248,1.2623900000000001,1.12,1
18.08.2021 00:46:31.538,1.26248,1.2623900000000001,1,1
18.08.2021 00:46:31.639,1.2624700000000002,1.26238,1,1
18.08.2021 00:46:31.740,1.26248,1.26238,1,1.5
18.08.2021 00:46:31.892,1.2624700000000002,1.26238,1.12,1
18.08.2021 00:46:32.044,1.2624700000000002,1.26235,1,1.5
18.08.2021 00:46:32.145,1.2624600000000001,1.2623600000000001,1,1
18.08.2021 00:46:32.456,1.2624700000000002,1.2623600000000001,1,1
18.08.2021 00:46:32.609,1.26248,1.2623600000000001,1.12,1.5
18.08.2021 00:46:32.811,1.2624700000000002,1.2623600000000001,1,1
18.08.2021 00:46:37.853,1.2624700000000002,1.26235,1,2.25
18.08.2021 00:46:37.954,1.2624700000000002,1.2623600000000001,1,1.57
18.08.2021 00:46:41.936,1.2624700000000002,1.2623700000000002,1,1.5
18.08.2021 00:46:42.037,1.2624700000000002,1.26238,1,1.5
18.08.2021 00:46:42.138,1.2624700000000002,1.2623700000000002,1,1.57
18.08.2021 00:46:42.240,1.26248,1.26238,1,2.4
18.08.2021 00:46:42.341,1.2624900000000001,1.26238,1,1
18.08.2021 00:46:42.809,1.26248,1.26238,1,1.65
18.08.2021 00:46:44.753,1.2624700000000002,1.26238,1,1.65
18.08.2021 00:46:44.854,1.2624900000000001,1.2623700000000002,1,1.57
18.08.2021 00:46:44.956,1.26248,1.26238,1,1
18.08.2021 00:46:45.060,1.26248,1.2623900000000001,1,1
18.08.2021 00:46:45.162,1.26248,1.2623700000000002,1,1
18.08.2021 00:46:46.184,1.2624900000000001,1.2623700000000002,1,1.57
18.08.2021 00:46:48.366,1.2624700000000002,1.2623700000000002,1,1
18.08.2021 00:46:48.417,1.2624900000000001,1.2623700000000002,1,1.5
18.08.2021 00:46:55.515,1.2624700000000002,1.26238,1,1.5
18.08.2021 00:46:56.375,1.26251,1.2623900000000001,1.7,3.79
18.08.2021 00:46:56.577,1.26252,1.26242,2,1.57
18.08.2021 00:46:56.715,1.26253,1.26241,1.12,1.57
18.08.2021 00:46:57.064,1.26253,1.26241,1.12,1.1
18.08.2021 00:46:58.634,1.26253,1.26241,1.12,1
18.08.2021 00:46:58.735,1.26253,1.26242,1.12,1
18.08.2021 00:46:58.836,1.26252,1.26242,1.12,1.1
18.08.2021 00:47:00.292,1.26252,1.26243,1,1
18.08.2021 00:47:00.393,1.26254,1.26242,1.87,1.5
18.08.2021 00:47:00.646,1.26253,1.26244,1.5,1
18.08.2021 00:47:00.948,1.26254,1.26242,1.5,1.5
18.08.2021 00:47:02.435,1.26254,1.26242,1.5,1.1
18.08.2021 00:47:02.536,1.26254,1.26243,1.5,1.1
18.08.2021 00:47:02.687,1.26254,1.26242,1,1.67
18.08.2021 00:47:02.788,1.26254,1.26245,1.87,1.1
18.08.2021 00:47:05.311,1.26255,1.26243,1,1.1
18.08.2021 00:47:05.413,1.26255,1.2624600000000001,1.12,1.1
18.08.2021 00:47:05.615,1.26255,1.26245,1,1.1
18.08.2021 00:47:05.716,1.2625600000000001,1.26245,1.12,1.1
18.08.2021 00:47:06.775,1.26255,1.26245,1.12,1.1
18.08.2021 00:47:07.396,1.26255,1.2624600000000001,1.12,1.1
18.08.2021 00:47:07.928,1.2625700000000002,1.26245,1.12,3.17
18.08.2021 00:47:08.030,1.2625600000000001,1.26248,1.12,1
18.08.2021 00:47:08.131,1.26254,1.2624600000000001,1,1
18.08.2021 00:47:08.232,1.26253,1.2624600000000001,1,1
18.08.2021 00:47:08.334,1.26255,1.26244,1,1.5
18.08.2021 00:47:08.436,1.26253,1.26244,1,1.57
18.08.2021 00:47:08.537,1.26253,1.26243,1,1.95
18.08.2021 00:47:09.205,1.26253,1.26242,1,1.2
18.08.2021 00:47:09.306,1.26254,1.26242,1,1.95
18.08.2021 00:47:10.139,1.26254,1.26243,1,1
18.08.2021 00:47:10.795,1.26253,1.26243,1,1
18.08.2021 00:47:10.908,1.26254,1.26243,1,1.5
18.08.2021 00:47:11.846,1.26254,1.26244,1,1
18.08.2021 00:47:12.372,1.26255,1.26244,1,1
18.08.2021 00:47:12.975,1.26255,1.26243,1,2.32
18.08.2021 00:47:13.077,1.26254,1.26243,1,1.57
18.08.2021 00:47:13.458,1.26254,1.26245,1,1.35
18.08.2021 00:47:13.559,1.26254,1.26244,1,1.1
18.08.2021 00:47:13.660,1.26255,1.26244,1,1.57
18.08.2021 00:47:13.761,1.2625600000000001,1.26245,1.87,1
18.08.2021 00:47:14.165,1.26254,1.26245,1,1.1
18.08.2021 00:47:14.215,1.2625600000000001,1.26245,1.87,1.1
18.08.2021 00:47:15.165,1.26254,1.26245,1,1
18.08.2021 00:47:15.215,1.26255,1.2624600000000001,1.87,1
18.08.2021 00:47:17.041,1.2625600000000001,1.26244,1.87,1.1
18.08.2021 00:47:17.142,1.2625600000000001,1.26245,1.87,1
18.08.2021 00:47:17.574,1.26254,1.26244,1,1.1
18.08.2021 00:47:17.675,1.26255,1.26244,1,1.57
18.08.2021 00:47:19.019,1.2625600000000001,1.26244,1.87,2.32
18.08.2021 00:47:19.120,1.2625600000000001,1.26245,1.87,1.1
18.08.2021 00:47:20.594,1.26255,1.26244,1,1.57
18.08.2021 00:47:21.696,1.2625600000000001,1.26244,1.87,1.5
18.08.2021 00:47:21.848,1.2625600000000001,1.26245,1.87,1.5
18.08.2021 00:47:22.580,1.2625600000000001,1.26245,2,1.5
18.08.2021 00:47:23.545,1.2625600000000001,1.2624600000000001,1.12,1.57
18.08.2021 00:47:23.647,1.2625600000000001,1.2624700000000002,1.12,1
18.08.2021 00:47:25.880,1.2625700000000002,1.26245,1.12,1.57
18.08.2021 00:47:27.987,1.2625700000000002,1.26245,1.12,1.1
18.08.2021 00:47:29.540,1.26255,1.2624600000000001,1,1.1
18.08.2021 00:47:29.641,1.2625600000000001,1.2624600000000001,1.12,1.1
18.08.2021 00:47:29.692,1.26255,1.26244,1,1.6
18.08.2021 00:47:29.743,1.2625600000000001,1.2624600000000001,1.12,1.1
18.08.2021 00:47:30.661,1.2625600000000001,1.2624600000000001,1.12,1.57
18.08.2021 00:47:30.780,1.2625600000000001,1.2624700000000002,1.12,1
18.08.2021 00:47:31.507,1.2625700000000002,1.26245,1.12,1.57
18.08.2021 00:47:31.608,1.2625600000000001,1.2624700000000002,1.12,1
18.08.2021 00:47:34.965,1.26255,1.2624700000000002,1,1
18.08.2021 00:47:35.066,1.26255,1.26245,1.12,1
18.08.2021 00:47:35.168,1.2625600000000001,1.26244,2.07,1.5
18.08.2021 00:47:36.842,1.26253,1.26243,1,1
18.08.2021 00:47:36.893,1.26255,1.26243,1.12,1.5
18.08.2021 00:47:36.994,1.26254,1.26243,1,1
18.08.2021 00:47:39.430,1.26255,1.26243,1.12,1
18.08.2021 00:47:40.555,1.26255,1.26244,1.12,1
18.08.2021 00:47:42.540,1.26253,1.26244,1,1.5
18.08.2021 00:47:42.641,1.26255,1.26244,1.12,1
18.08.2021 00:47:43.553,1.26254,1.26243,1,1.5
18.08.2021 00:47:44.591,1.26254,1.26245,1.12,1
18.08.2021 00:47:45.587,1.26255,1.26243,1.12,1.5
18.08.2021 00:47:45.738,1.26252,1.26244,1,1
18.08.2021 00:47:45.789,1.26255,1.26243,1.12,1.5
18.08.2021 00:47:47.885,1.26254,1.26243,1,1.5
18.08.2021 00:47:47.987,1.26254,1.26244,1.12,1.5
18.08.2021 00:47:50.103,1.26253,1.26242,1,1.5
18.08.2021 00:47:50.254,1.26255,1.26244,1,1.75
18.08.2021 00:47:50.355,1.26258,1.2624900000000001,1.5,1.5
18.08.2021 00:47:50.456,1.26261,1.2625,1.12,1.1
18.08.2021 00:47:50.658,1.2626000000000002,1.2624900000000001,1,1.1
18.08.2021 00:47:51.017,1.26261,1.2625,1.12,1.1
18.08.2021 00:48:02.895,1.26261,1.2625,1,1.1
18.08.2021 00:48:03.342,1.26263,1.26251,1,1.57
18.08.2021 00:48:03.461,1.26262,1.26253,1,1
18.08.2021 00:48:06.731,1.26263,1.26253,1.76,1.5
18.08.2021 00:48:07.043,1.26262,1.26252,1,1.1
18.08.2021 00:48:07.692,1.26263,1.26251,1,1.1
18.08.2021 00:48:08.232,1.26264,1.26252,1,1.1
18.08.2021 00:48:08.283,1.26265,1.26254,1,1.1
18.08.2021 00:48:08.384,1.26264,1.26254,1,2.32
18.08.2021 00:48:08.435,1.26263,1.26252,1,1.1
18.08.2021 00:48:08.486,1.26265,1.26254,1,1.1
18.08.2021 00:48:12.904,1.26264,1.26254,1,1.1
18.08.2021 00:48:13.005,1.26265,1.26254,1,1
18.08.2021 00:48:14.570,1.26264,1.26253,1,1.1
18.08.2021 00:48:14.682,1.26264,1.26254,1,1.1
18.08.2021 00:48:15.620,1.26265,1.2625600000000001,1.57,1.1
18.08.2021 00:48:15.722,1.26268,1.2625700000000002,1,1.1
18.08.2021 00:48:15.824,1.2627000000000002,1.26258,1,1.1
18.08.2021 00:48:18.081,1.26271,1.26259,1.5,1.1
18.08.2021 00:48:20.935,1.26271,1.26259,1.5,1.1
18.08.2021 00:48:21.036,1.2627000000000002,1.26258,1,1.1
18.08.2021 00:48:21.137,1.26271,1.26259,1.5,1.1
18.08.2021 00:48:21.238,1.2627000000000002,1.26259,1,1.1
18.08.2021 00:48:22.285,1.2627000000000002,1.26259,1,1.1
18.08.2021 00:48:23.235,1.26271,1.26259,1.5,1.1
18.08.2021 00:48:26.178,1.26265,1.26255,1.5,1
18.08.2021 00:48:26.229,1.26264,1.26253,1,1.12
18.08.2021 00:48:26.330,1.26263,1.26253,1,1.12
18.08.2021 00:48:26.431,1.26263,1.26251,1,1.97
18.08.2021 00:48:26.734,1.26262,1.26255,1,1
18.08.2021 00:48:26.885,1.26262,1.26254,1,1
18.08.2021 00:48:26.987,1.26262,1.26253,1,1
18.08.2021 00:48:27.037,1.26261,1.26252,1,1.57
18.08.2021 00:48:27.138,1.26261,1.26253,1,1.1
18.08.2021 00:48:27.189,1.26264,1.26252,1.1,1.57
18.08.2021 00:48:27.290,1.26263,1.26251,1,2.25
18.08.2021 00:48:27.430,1.26262,1.26251,1,1.57
18.08.2021 00:48:28.291,1.26262,1.26252,1,1.5
18.08.2021 00:48:28.493,1.26262,1.2625,1,1.97
18.08.2021 00:48:31.566,1.26262,1.2625,1,2.35
18.08.2021 00:48:31.900,1.26262,1.2625,1,1.22
18.08.2021 00:48:37.976,1.26262,1.2625,1,1.1
18.08.2021 00:48:42.954,1.26265,1.26253,1.57,1.79
18.08.2021 00:48:43.055,1.2626600000000001,1.2625700000000002,1.87,1.1
18.08.2021 00:48:50.068,1.2626600000000001,1.26259,1.5,1
18.08.2021 00:48:50.169,1.26268,1.2625600000000001,1,1.1
18.08.2021 00:48:51.142,1.2626600000000001,1.26255,1.25,1
18.08.2021 00:48:51.243,1.26262,1.26251,1,2.4
18.08.2021 00:48:54.021,1.26262,1.26251,1,1.1
18.08.2021 00:48:54.122,1.26262,1.26251,1,1.6
18.08.2021 00:48:54.334,1.26262,1.26253,1,1.1
18.08.2021 00:48:54.435,1.26264,1.26253,1,1.1
18.08.2021 00:48:57.317,1.26264,1.26253,1,1.1
18.08.2021 00:49:00.425,1.26263,1.26251,1,1.2
18.08.2021 00:49:00.678,1.26262,1.26252,1,1.1
18.08.2021 00:49:02.667,1.26262,1.2625,1,1.1
18.08.2021 00:49:04.063,1.26261,1.2624900000000001,1,1
18.08.2021 00:49:09.527,1.26261,1.26251,1,1
18.08.2021 00:49:25.171,1.26264,1.26252,1.57,1
18.08.2021 00:49:27.286,1.26263,1.26251,1,1
18.08.2021 00:49:27.648,1.26263,1.26253,1.5,1
18.08.2021 00:49:28.523,1.26265,1.26254,1,1
18.08.2021 00:49:28.625,1.26264,1.26255,1,1.2
18.08.2021 00:49:28.675,1.2626700000000002,1.26255,1.12,1.6
18.08.2021 00:49:28.776,1.2626600000000001,1.26255,1,1.1
18.08.2021 00:49:28.928,1.2626600000000001,1.26254,1,1
18.08.2021 00:49:29.030,1.26265,1.26253,1,1
18.08.2021 00:49:29.131,1.26264,1.26252,1,1.1
18.08.2021 00:49:29.384,1.26263,1.26251,1,1.1
18.08.2021 00:49:29.500,1.26263,1.26251,1,1.1
18.08.2021 00:49:32.981,1.26263,1.26251,1,1.6
18.08.2021 00:49:33.183,1.26265,1.26254,1,1.35
18.08.2021 00:49:33.234,1.2626600000000001,1.2625600000000001,1.12,1.1
18.08.2021 00:49:33.436,1.2626700000000002,1.26255,1,1.1
18.08.2021 00:49:33.537,1.26268,1.2625600000000001,1,1.1
18.08.2021 00:49:33.816,1.26269,1.2625700000000002,1,1.1
18.08.2021 00:49:33.917,1.2627000000000002,1.26258,1,1.1
18.08.2021 00:49:34.187,1.26269,1.2625700000000002,1,1.1
18.08.2021 00:49:34.288,1.2627000000000002,1.26258,1,1.1
18.08.2021 00:49:35.023,1.26269,1.26259,1,1.1
18.08.2021 00:49:35.124,1.26269,1.2625700000000002,1,1.1
18.08.2021 00:49:35.175,1.26271,1.26259,1,1.1
18.08.2021 00:49:38.295,1.2627000000000002,1.26258,1,1.1
18.08.2021 00:49:38.423,1.26271,1.26259,1,1
18.08.2021 00:49:38.864,1.2627000000000002,1.26258,1,1.1
18.08.2021 00:49:39.200,1.2627000000000002,1.2626000000000002,1,1
18.08.2021 00:49:39.750,1.2627000000000002,1.2626000000000002,1,1.1
18.08.2021 00:49:40.789,1.26269,1.26259,1,1.1
18.08.2021 00:49:43.926,1.2627000000000002,1.2626000000000002,1,1.1
18.08.2021 00:49:46.851,1.26272,1.2626000000000002,1,1.1
18.08.2021 00:49:47.153,1.26271,1.26259,1,1.6
18.08.2021 00:49:48.373,1.2627000000000002,1.2626000000000002,1,1.1
18.08.2021 00:49:49.161,1.26272,1.2626000000000002,1,1.1
18.08.2021 00:49:53.124,1.26271,1.26264,1,1.35
18.08.2021 00:49:53.226,1.26276,1.26264,1,1.1
18.08.2021 00:49:53.327,1.26275,1.26263,1,1.97
18.08.2021 00:49:53.378,1.26272,1.26263,1,1.6
18.08.2021 00:49:53.530,1.26272,1.2626000000000002,1,1.1
18.08.2021 00:49:54.755,1.26272,1.2626000000000002,1,1.35
18.08.2021 00:49:54.984,1.26271,1.26261,1,1.79
18.08.2021 00:49:55.085,1.26272,1.2626000000000002,1,1.79
18.08.2021 00:49:57.649,1.26271,1.26261,1,1.1
18.08.2021 00:49:58.899,1.26273,1.26261,1,1.1
18.08.2021 00:49:59.837,1.26271,1.26261,1,1.1
18.08.2021 00:50:03.542,1.26271,1.26261,1,1
18.08.2021 00:50:12.150,1.26272,1.26264,1,1
18.08.2021 00:50:12.352,1.26271,1.26262,1,1
18.08.2021 00:50:12.453,1.26272,1.2626000000000002,1,1
18.08.2021 00:50:12.770,1.26271,1.26262,1,1.5
18.08.2021 00:50:12.820,1.26273,1.26263,1,2.25
18.08.2021 00:50:12.871,1.26276,1.26264,1,1
18.08.2021 00:50:12.972,1.26274,1.26265,1,1.5
18.08.2021 00:50:13.074,1.26273,1.26263,1,1.5
18.08.2021 00:50:13.125,1.26272,1.2626000000000002,1,2.45
18.08.2021 00:50:13.226,1.26272,1.2626000000000002,1,1
18.08.2021 00:50:17.210,1.26271,1.2626000000000002,1,1
18.08.2021 00:50:24.149,1.26271,1.26263,1,1
18.08.2021 00:50:24.199,1.26272,1.2626000000000002,1,1.1
18.08.2021 00:50:28.030,1.26271,1.26262,1,2.32
18.08.2021 00:50:28.507,1.2627700000000002,1.2627000000000002,1.5,1
18.08.2021 00:50:28.558,1.26276,1.26268,1.5,3.26
18.08.2021 00:50:28.609,1.26275,1.2626700000000002,1,1.1
18.08.2021 00:50:28.660,1.26278,1.26269,1,1.5
18.08.2021 00:50:28.761,1.2627700000000002,1.2626600000000001,1,1.12
18.08.2021 00:50:31.362,1.2627700000000002,1.2626700000000002,1,1.1
18.08.2021 00:50:36.137,1.26278,1.2626700000000002,1,1
18.08.2021 00:50:36.238,1.26279,1.26268,1,1
18.08.2021 00:50:36.390,1.2627700000000002,1.2626700000000002,1,1.1
18.08.2021 00:50:36.441,1.26279,1.26268,1,1
18.08.2021 00:50:36.542,1.26279,1.26269,1,1
18.08.2021 00:50:36.693,1.26278,1.2626700000000002,1,1.1
18.08.2021 00:50:40.914,1.26278,1.2626600000000001,1,1.1
18.08.2021 00:50:41.066,1.26272,1.26263,1,1.85
18.08.2021 00:50:41.118,1.26273,1.26261,1,2.05
18.08.2021 00:50:41.219,1.26273,1.26261,1,1.1
18.08.2021 00:50:43.102,1.26272,1.26261,1,1
18.08.2021 00:50:48.177,1.26272,1.26263,1,1
18.08.2021 00:50:48.228,1.26271,1.26262,1,1
18.08.2021 00:50:48.478,1.26271,1.26261,1,1
18.08.2021 00:50:58.872,1.26272,1.26261,1,1
18.08.2021 00:51:00.166,1.26272,1.26263,1,1
18.08.2021 00:51:01.476,1.26275,1.26263,1,1.5
18.08.2021 00:51:01.577,1.26275,1.26264,1,1
18.08.2021 00:51:01.678,1.26276,1.26264,1,1.57
18.08.2021 00:51:01.779,1.26276,1.26265,1,1
18.08.2021 00:51:01.981,1.26273,1.26265,1,1
18.08.2021 00:51:02.082,1.26274,1.26265,1,1.5
18.08.2021 00:51:02.183,1.26275,1.26264,1,1.5
18.08.2021 00:51:02.402,1.26275,1.26265,1,1
18.08.2021 00:51:02.503,1.26274,1.26265,1,1
18.08.2021 00:51:03.987,1.26273,1.26265,1,1
18.08.2021 00:51:04.089,1.26273,1.26264,1,1
18.08.2021 00:51:04.190,1.26273,1.26263,1,1.5
18.08.2021 00:51:04.443,1.26272,1.26263,1,1
18.08.2021 00:51:06.501,1.26275,1.26263,1,1.1
18.08.2021 00:51:08.601,1.26276,1.26265,1,1
18.08.2021 00:51:08.705,1.26275,1.26264,1,1.57
18.08.2021 00:51:09.019,1.26275,1.2626600000000001,1,1.1
18.08.2021 00:51:09.178,1.26275,1.26264,1,1.1
18.08.2021 00:51:09.931,1.26275,1.26264,1,1.1
18.08.2021 00:51:11.128,1.26273,1.26261,1,3.47
18.08.2021 00:51:11.280,1.26273,1.26261,1,1.2
18.08.2021 00:51:11.871,1.26274,1.2626600000000001,1,1
18.08.2021 00:51:11.973,1.26275,1.2626600000000001,1,1.1
18.08.2021 00:51:12.376,1.26276,1.2626700000000002,1,1
18.08.2021 00:51:12.478,1.26278,1.2626700000000002,1.62,1.5
18.08.2021 00:51:12.579,1.26278,1.2626600000000001,1,1.1
18.08.2021 00:51:12.895,1.26278,1.2626600000000001,1,1.1
18.08.2021 00:51:13.539,1.26274,1.26265,1,1.6
18.08.2021 00:51:13.640,1.26274,1.26264,1,1.1
18.08.2021 00:51:13.691,1.2627700000000002,1.26265,1,1
18.08.2021 00:51:13.742,1.26274,1.26263,1,1.1
18.08.2021 00:51:13.793,1.26272,1.26262,1,1.35
18.08.2021 00:51:13.944,1.26272,1.26262,1,1.01
18.08.2021 00:51:24.098,1.26272,1.26261,1,1.01
18.08.2021 00:51:28.129,1.26271,1.2626000000000002,1,1.1
18.08.2021 00:51:30.223,1.2627000000000002,1.26259,1,1.01
18.08.2021 00:51:30.345,1.2627000000000002,1.26259,1,1.35
18.08.2021 00:51:36.446,1.2627000000000002,1.26261,1,1.1
18.08.2021 00:51:38.664,1.26271,1.26261,1,1.5
18.08.2021 00:51:38.817,1.26272,1.26261,1,2.32
18.08.2021 00:51:44.218,1.26271,1.26262,1,3.32
18.08.2021 00:51:44.319,1.26271,1.26262,1,2.51
18.08.2021 00:51:47.033,1.26272,1.26263,1,2.51
18.08.2021 00:51:47.084,1.26275,1.2626600000000001,1,1.1
18.08.2021 00:51:47.185,1.26275,1.2626600000000001,1,1.1
18.08.2021 00:51:48.446,1.26279,1.26268,1,1
18.08.2021 00:51:48.607,1.26279,1.2627000000000002,1.5,1
18.08.2021 00:51:49.189,1.26278,1.26268,1,1
18.08.2021 00:51:49.812,1.26279,1.2627000000000002,1,1
18.08.2021 00:51:51.138,1.26278,1.26269,1,1
18.08.2021 00:51:51.290,1.26278,1.2627000000000002,1,1
18.08.2021 00:51:52.820,1.26279,1.26268,1,1
18.08.2021 00:51:52.921,1.26278,1.26269,1,1
18.08.2021 00:51:53.022,1.26278,1.2626700000000002,1,1.1
18.08.2021 00:51:56.476,1.2627700000000002,1.2626600000000001,1,1.1
18.08.2021 00:51:57.596,1.2627700000000002,1.2626600000000001,1,1.1
18.08.2021 00:51:57.647,1.26274,1.26265,1,1.25
18.08.2021 00:51:57.748,1.26278,1.2626700000000002,1,1
18.08.2021 00:52:00.125,1.26276,1.26265,1,1.1
18.08.2021 00:52:00.226,1.26276,1.2626700000000002,1,1.1
18.08.2021 00:52:00.378,1.26278,1.2626700000000002,1,1
18.08.2021 00:52:00.479,1.2627700000000002,1.2627000000000002,1,1
18.08.2021 00:52:01.868,1.2627700000000002,1.26269,1,1
18.08.2021 00:52:01.971,1.26278,1.2626700000000002,1,1.1
18.08.2021 00:52:03.461,1.26279,1.2627000000000002,1,1.1
18.08.2021 00:52:07.764,1.26279,1.26268,1,1.35
18.08.2021 00:52:07.966,1.2628000000000001,1.26269,1,1.1
18.08.2021 00:52:08.168,1.26279,1.26268,1,1.1
18.08.2021 00:52:08.420,1.26279,1.26268,1,1.1
18.08.2021 00:52:09.130,1.26279,1.26269,1,1.1
18.08.2021 00:52:10.702,1.2628000000000001,1.26269,1,1.57
18.08.2021 00:52:12.550,1.2628000000000001,1.26271,1,1
18.08.2021 00:52:12.652,1.26281,1.26273,1,1
18.08.2021 00:52:12.753,1.26281,1.26272,1,1.5
18.08.2021 00:52:13.058,1.2628000000000001,1.26269,1,2.34
18.08.2021 00:52:13.160,1.26283,1.26272,1.5,1
18.08.2021 00:52:13.210,1.26281,1.26271,1,1
18.08.2021 00:52:13.311,1.26282,1.26271,1,1
18.08.2021 00:52:13.413,1.26279,1.26271,1,1
18.08.2021 00:52:13.514,1.2628000000000001,1.26271,1,1.5
18.08.2021 00:52:13.818,1.26279,1.2627000000000002,1,1.5
18.08.2021 00:52:14.071,1.26282,1.2627000000000002,1.5,1
18.08.2021 00:52:14.223,1.2628000000000001,1.26271,1,1
18.08.2021 00:52:14.324,1.2628000000000001,1.26269,1,1.5
18.08.2021 00:52:15.692,1.26282,1.2627000000000002,1,1.5
18.08.2021 00:52:15.843,1.2628000000000001,1.26271,1,1.5
18.08.2021 00:52:16.052,1.26281,1.26271,1,1.6
18.08.2021 00:52:18.677,1.26281,1.2627000000000002,1,1.6
18.08.2021 00:52:18.778,1.26281,1.26271,1,1.6
18.08.2021 00:52:19.531,1.26281,1.26275,1,1
18.08.2021 00:52:19.582,1.26285,1.26274,1,1.87
18.08.2021 00:52:19.683,1.26285,1.26273,1,1.5
18.08.2021 00:52:19.784,1.26285,1.26274,1,1
18.08.2021 00:52:22.269,1.26286,1.26275,1,1
18.08.2021 00:52:22.423,1.26285,1.26273,1,1.76
18.08.2021 00:52:22.528,1.26285,1.26274,1,1
18.08.2021 00:52:22.629,1.26286,1.26274,1,1
18.08.2021 00:52:23.975,1.26285,1.26274,1,1
18.08.2021 00:52:24.079,1.26285,1.26275,1,1
18.08.2021 00:52:24.706,1.26285,1.26276,1,1
18.08.2021 00:52:24.811,1.2628700000000002,1.26275,1,1.5
18.08.2021 00:52:25.453,1.26286,1.2627700000000002,1,1
18.08.2021 00:52:25.604,1.26288,1.26276,1,1.5
18.08.2021 00:52:25.861,1.2628700000000002,1.26276,1,1.5
18.08.2021 00:52:25.963,1.26288,1.2627700000000002,1,1.5
18.08.2021 00:52:27.936,1.26285,1.26278,1,1
18.08.2021 00:52:28.977,1.26288,1.2627700000000002,1,1.5
18.08.2021 00:52:29.931,1.26286,1.2627700000000002,1,1
18.08.2021 00:52:29.982,1.26288,1.2627700000000002,1,1.5
18.08.2021 00:52:31.948,1.2628700000000002,1.2627700000000002,1,1
18.08.2021 00:52:32.049,1.26288,1.2627700000000002,1,1.5
18.08.2021 00:52:32.953,1.26285,1.26278,1,1
18.08.2021 00:52:33.527,1.2628700000000002,1.26278,1,1.5
18.08.2021 00:52:33.863,1.26286,1.26276,1,1.57
18.08.2021 00:52:33.965,1.26285,1.26275,1,1
18.08.2021 00:52:34.674,1.2628700000000002,1.26275,1,1.5
18.08.2021 00:52:35.048,1.2628700000000002,1.26276,1,1
18.08.2021 00:52:35.098,1.26288,1.26279,1,1.57
18.08.2021 00:52:35.149,1.2629299999999999,1.26282,1.5,1.5
18.08.2021 00:52:35.250,1.26289,1.26279,1,1.12
18.08.2021 00:52:35.351,1.26288,1.26278,1,1.1
18.08.2021 00:52:36.706,1.2629000000000001,1.26279,1,1
18.08.2021 00:52:36.757,1.2628700000000002,1.26279,1,1.1
18.08.2021 00:52:36.909,1.26288,1.2628000000000001,1,1
18.08.2021 00:52:36.959,1.2628700000000002,1.26279,1,1.1
18.08.2021 00:52:37.759,1.2628700000000002,1.26278,1,1
18.08.2021 00:52:46.752,1.2628700000000002,1.2627700000000002,1,1
18.08.2021 00:52:47.686,1.26288,1.2627700000000002,1,1.5
18.08.2021 00:52:53.413,1.26288,1.26278,1,1
18.08.2021 00:52:53.565,1.26289,1.2628000000000001,1,1.1
18.08.2021 00:52:53.666,1.2629000000000001,1.26281,1,1
18.08.2021 00:52:55.619,1.2629000000000001,1.26282,1,1
18.08.2021 00:52:56.826,1.2629100000000002,1.26283,1,2.66
18.08.2021 00:52:56.927,1.26294,1.26285,1,1
18.08.2021 00:52:57.028,1.2629299999999999,1.26284,1,1
18.08.2021 00:52:58.036,1.26294,1.26284,1,1
18.08.2021 00:53:00.668,1.26294,1.26286,1,1
18.08.2021 00:53:00.871,1.26294,1.26285,1,1
18.08.2021 00:53:00.972,1.26294,1.26286,1,1
18.08.2021 00:53:01.201,1.2629299999999999,1.26285,1,1
18.08.2021 00:53:04.631,1.2629299999999999,1.26284,1,1
18.08.2021 00:53:06.281,1.26294,1.26284,1,1
18.08.2021 00:53:07.108,1.26296,1.26285,1,1.82
18.08.2021 00:53:08.879,1.26296,1.2628700000000002,1,1
18.08.2021 00:53:08.929,1.2629700000000001,1.26289,1,1.57
18.08.2021 00:53:10.705,1.26299,1.26289,1,1.5
18.08.2021 00:53:11.324,1.2630100000000002,1.2629299999999999,1,1.1
18.08.2021 00:53:12.634,1.2630100000000002,1.26295,1,1
18.08.2021 00:53:12.801,1.2630100000000002,1.2629299999999999,1,1.1
18.08.2021 00:53:16.463,1.26306,1.26299,1,1.1
18.08.2021 00:53:16.514,1.26308,1.26298,1.5,1.1
18.08.2021 00:53:16.565,1.26303,1.26296,1,1
18.08.2021 00:53:16.667,1.2629700000000001,1.2629100000000002,1,1
18.08.2021 00:53:16.768,1.2629700000000001,1.26288,1,3.6
18.08.2021 00:53:16.869,1.2629700000000001,1.26288,1,1
18.08.2021 00:53:17.678,1.2629700000000001,1.26286,1,1.5
18.08.2021 00:53:19.446,1.26296,1.26288,1,2.25
18.08.2021 00:53:19.497,1.2630100000000002,1.26295,1,1
18.08.2021 00:53:19.599,1.26302,1.26294,1,4.01
18.08.2021 00:53:19.802,1.2630000000000001,1.2629100000000002,1,2.47
18.08.2021 00:53:19.903,1.2630000000000001,1.2629100000000002,1,1
18.08.2021 00:53:21.083,1.2630000000000001,1.2629000000000001,1,1
18.08.2021 00:53:21.184,1.26299,1.26289,1,1
18.08.2021 00:53:24.007,1.2629700000000001,1.2629000000000001,1,2.7
18.08.2021 00:53:24.058,1.2630100000000002,1.2629299999999999,1,1
18.08.2021 00:53:24.416,1.2630100000000002,1.26292,1,1.5
18.08.2021 00:53:24.574,1.26302,1.26292,1,1
18.08.2021 00:53:24.675,1.26302,1.2629100000000002,1,1.5
18.08.2021 00:53:25.141,1.2630100000000002,1.2629100000000002,1,1
18.08.2021 00:53:26.373,1.2630000000000001,1.2629299999999999,1,1
