Gmt time,Ask,Bid,AskVolume,BidVolume
30.08.2021 00:00:00.128,0.91151,0.9114000000000001,1,1
30.08.2021 00:00:00.868,0.91151,0.9113700000000001,1,1.87
30.08.2021 00:00:02.719,0.91153,0.9113600000000001,2.25,1.12
30.08.2021 00:00:02.856,0.91151,0.9113700000000001,1,1.12
30.08.2021 00:00:03.272,0.9115200000000001,0.9113700000000001,3,1
30.08.2021 00:00:03.729,0.91151,0.9113700000000001,1,1
30.08.2021 00:00:04.966,0.91151,0.9114000000000001,1.5,1
30.08.2021 00:00:05.326,0.9115200000000001,0.9114000000000001,3,1
30.08.2021 00:00:05.427,0.9115200000000001,0.91139,1.5,1
30.08.2021 00:00:07.169,0.91151,0.91139,1.6,1
30.08.2021 00:00:26.319,0.91151,0.91138,3.1,1.1
30.08.2021 00:00:35.486,0.91151,0.91135,3.51,3.66
30.08.2021 00:00:35.588,0.9114500000000001,0.91134,4,1.1
30.08.2021 00:00:35.689,0.9114500000000001,0.9113200000000001,2.89,2.6
30.08.2021 00:00:36.282,0.9114500000000001,0.9113200000000001,2.91,2.57
30.08.2021 00:00:39.607,0.9114500000000001,0.9113200000000001,1.47,1.57
30.08.2021 00:00:39.709,0.91143,0.9113,2.2,2.1
30.08.2021 00:00:43.998,0.9114200000000001,0.91129,1.01,1.79
30.08.2021 00:01:00.049,0.91141,0.9113,1,1.1
30.08.2021 00:01:00.150,0.9114000000000001,0.91128,1.5,1
30.08.2021 00:01:00.252,0.91138,0.9112600000000001,1.25,1.1
30.08.2021 00:01:00.403,0.9114000000000001,0.91125,3.72,1
30.08.2021 00:01:00.504,0.91138,0.91125,6.72,1
30.08.2021 00:01:00.907,0.9113600000000001,0.91123,1.2,1.39
30.08.2021 00:01:01.571,0.91135,0.91123,1,1.1
30.08.2021 00:01:02.025,0.9113600000000001,0.9112200000000001,1.5,1.1
30.08.2021 00:01:03.110,0.91134,0.9112200000000001,1.12,1.1
30.08.2021 00:01:03.211,0.91135,0.9112200000000001,5.07,1.1
30.08.2021 00:01:04.480,0.91134,0.9112200000000001,1.31,1.1
30.08.2021 00:01:06.414,0.91135,0.9112200000000001,2.14,1.1
30.08.2021 00:01:07.603,0.91135,0.9112200000000001,3.01,1.1
30.08.2021 00:01:07.805,0.91134,0.9112200000000001,1.37,1.1
30.08.2021 00:01:13.435,0.91134,0.9112200000000001,1.69,1.1
30.08.2021 00:01:13.891,0.91133,0.9112200000000001,1,1.1
30.08.2021 00:01:16.372,0.91134,0.9112200000000001,1.69,1.1
30.08.2021 00:01:17.480,0.91134,0.9112100000000001,1,1.1
30.08.2021 00:01:29.175,0.91134,0.9112200000000001,1.69,1.1
30.08.2021 00:01:29.276,0.91135,0.91123,2.57,1
30.08.2021 00:01:31.500,0.9113600000000001,0.91124,1.45,1
30.08.2021 00:01:39.574,0.9113600000000001,0.91123,2.95,1.1
30.08.2021 00:01:42.166,0.91138,0.9112700000000001,1,3.25
30.08.2021 00:01:42.268,0.91141,0.9112700000000001,1.25,1.01
30.08.2021 00:01:42.369,0.91143,0.91128,2.97,1.25
30.08.2021 00:01:42.621,0.91143,0.9113,2.32,1.1
30.08.2021 00:01:45.147,0.9114500000000001,0.9113,3.07,1.57
30.08.2021 00:01:45.248,0.9114500000000001,0.91133,2.95,1
30.08.2021 00:01:45.349,0.9114500000000001,0.9113200000000001,2.95,1.1
30.08.2021 00:01:46.286,0.91144,0.9113,1.25,1.57
30.08.2021 00:01:46.388,0.91143,0.9113100000000001,1.94,1.1
30.08.2021 00:01:47.252,0.91144,0.9113100000000001,2.76,1.1
30.08.2021 00:01:47.719,0.91143,0.9113,1.82,1.1
30.08.2021 00:01:49.088,0.9114200000000001,0.9113,1.31,1.1
30.08.2021 00:01:51.523,0.91144,0.9113100000000001,2.2,1.1
30.08.2021 00:01:52.556,0.91144,0.9113100000000001,2.01,1.1
30.08.2021 00:01:54.820,0.9114500000000001,0.9113200000000001,3.07,1.57
30.08.2021 00:01:54.922,0.9114500000000001,0.91133,2.81,1.1
30.08.2021 00:01:56.406,0.91146,0.91133,4.57,1.1
30.08.2021 00:01:56.508,0.9114500000000001,0.91134,1,1
30.08.2021 00:01:56.659,0.9114700000000001,0.91134,3.35,1.57
30.08.2021 00:01:56.810,0.91146,0.91133,1.01,1.01
30.08.2021 00:01:56.917,0.91146,0.91133,1.25,1.35
30.08.2021 00:01:56.967,0.91148,0.9113600000000001,1.89,2.7
30.08.2021 00:01:57.069,0.91149,0.9113600000000001,1.39,4.79
30.08.2021 00:01:57.170,0.9115000000000001,0.9113700000000001,4.26,1.1
30.08.2021 00:01:58.729,0.91149,0.9113600000000001,1,1.1
30.08.2021 00:01:58.780,0.91146,0.9113200000000001,3.44,1.1
30.08.2021 00:01:58.881,0.91144,0.9113100000000001,1.35,1.6
30.08.2021 00:01:59.033,0.91144,0.9113100000000001,3.16,1.1
30.08.2021 00:01:59.524,0.91144,0.9113,2.39,1.1
30.08.2021 00:01:59.625,0.9114200000000001,0.9113,1.35,1.1
30.08.2021 00:02:04.225,0.91143,0.9113,2.32,1.79
30.08.2021 00:02:04.528,0.9114200000000001,0.9113,1.75,1.1
30.08.2021 00:02:04.579,0.91141,0.91129,3.51,1
30.08.2021 00:02:13.887,0.91141,0.91128,1.25,1
30.08.2021 00:02:13.989,0.9114000000000001,0.91128,1.5,1.1
30.08.2021 00:02:18.362,0.9114000000000001,0.9112700000000001,3.1,1.1
30.08.2021 00:02:21.399,0.91138,0.9112600000000001,1.51,1
30.08.2021 00:02:21.804,0.91138,0.91125,6.1,1.1
30.08.2021 00:02:26.030,0.91139,0.9112600000000001,2.95,1
30.08.2021 00:02:26.132,0.9114200000000001,0.91129,4.47,1.1
30.08.2021 00:02:26.284,0.91143,0.9113100000000001,1.01,1.1
30.08.2021 00:02:26.436,0.91144,0.9113100000000001,1.39,1.6
30.08.2021 00:02:26.537,0.91144,0.9113100000000001,1.35,1.6
30.08.2021 00:02:26.688,0.91144,0.9113100000000001,1.01,1.6
30.08.2021 00:02:28.128,0.91144,0.9113100000000001,1.26,1.6
30.08.2021 00:02:28.229,0.91144,0.9113100000000001,1.01,1.6
30.08.2021 00:02:40.007,0.91144,0.9113100000000001,2.14,1.57
30.08.2021 00:02:40.108,0.91144,0.9113100000000001,2.06,1.6
30.08.2021 00:03:01.165,0.9114500000000001,0.9113200000000001,1.39,1
30.08.2021 00:03:01.947,0.91144,0.91133,2.22,1
30.08.2021 00:03:02.048,0.91144,0.9113200000000001,2.35,1
30.08.2021 00:03:03.455,0.91143,0.9113200000000001,2.57,1
30.08.2021 00:03:04.599,0.91143,0.91133,1.76,1
30.08.2021 00:03:04.851,0.9114500000000001,0.91133,3.1,1
30.08.2021 00:03:05.864,0.9114500000000001,0.91133,3.85,1
30.08.2021 00:03:35.853,0.9114500000000001,0.91133,2.97,1
30.08.2021 00:03:45.337,0.91146,0.9113600000000001,6.1,1
30.08.2021 00:03:45.389,0.91148,0.91138,1.1,1
30.08.2021 00:03:45.490,0.91151,0.91139,1.85,1
30.08.2021 00:03:45.642,0.9115200000000001,0.9114000000000001,5.35,1
30.08.2021 00:03:48.677,0.9115200000000001,0.9114000000000001,1.41,1.01
30.08.2021 00:03:48.829,0.9115200000000001,0.91141,1.39,1.1
30.08.2021 00:04:02.917,0.91153,0.9114000000000001,5.22,1.01
30.08.2021 00:04:04.968,0.91153,0.91141,4.22,1
30.08.2021 00:04:05.069,0.91151,0.91141,2.01,1
30.08.2021 00:04:05.220,0.91149,0.91141,1.25,1
30.08.2021 00:04:08.763,0.91146,0.91135,1.45,1.1
30.08.2021 00:04:08.916,0.91146,0.91135,1.25,1.1
30.08.2021 00:04:10.473,0.9114700000000001,0.9113600000000001,1.01,1.1
30.08.2021 00:04:10.675,0.91151,0.9114000000000001,3.1,1
30.08.2021 00:04:10.726,0.91151,0.9114000000000001,2.04,1
30.08.2021 00:04:10.827,0.91151,0.91141,1.01,1
30.08.2021 00:04:12.234,0.91151,0.9114200000000001,1.01,1
30.08.2021 00:04:16.593,0.91153,0.91144,1.39,1
30.08.2021 00:04:16.695,0.9115500000000001,0.91146,1.31,1
30.08.2021 00:04:16.846,0.9115500000000001,0.9114700000000001,1.25,1
30.08.2021 00:04:17.149,0.9115500000000001,0.91146,1.25,1
30.08.2021 00:04:17.250,0.91154,0.91146,1.01,1
30.08.2021 00:04:17.351,0.9115500000000001,0.91144,1.01,1
30.08.2021 00:04:17.590,0.91154,0.91144,1.01,1
30.08.2021 00:04:21.802,0.91153,0.91143,1.35,1
30.08.2021 00:04:26.815,0.91153,0.91144,1.01,1
30.08.2021 00:04:36.084,0.9115500000000001,0.91146,1.25,1
30.08.2021 00:04:36.185,0.91154,0.9114500000000001,1.25,1
30.08.2021 00:04:51.184,0.91154,0.91143,1.35,1
30.08.2021 00:04:51.386,0.91154,0.91143,1.25,1
30.08.2021 00:05:00.369,0.91153,0.91143,1.25,1
30.08.2021 00:05:01.233,0.91153,0.9114500000000001,1.25,1
30.08.2021 00:05:06.110,0.91154,0.9114500000000001,1.01,1
30.08.2021 00:05:06.211,0.9115500000000001,0.9114500000000001,1.01,1
30.08.2021 00:05:20.782,0.91154,0.9114500000000001,1.01,1
30.08.2021 00:05:34.834,0.91156,0.91148,1.01,1
30.08.2021 00:05:34.985,0.9115700000000001,0.91148,1.01,1
30.08.2021 00:05:48.513,0.9115700000000001,0.9114700000000001,1.25,1.1
30.08.2021 00:05:48.614,0.9116000000000001,0.9115000000000001,1.35,1
30.08.2021 00:05:48.716,0.9116200000000001,0.91154,1.25,1
30.08.2021 00:05:48.817,0.91164,0.91154,1.25,1.1
30.08.2021 00:05:53.290,0.9116799999999999,0.91159,1.25,1
30.08.2021 00:05:53.391,0.91169,0.91159,1.01,1
30.08.2021 00:05:54.232,0.91169,0.9115700000000001,1.85,1.1
30.08.2021 00:05:54.333,0.91169,0.9115700000000001,2.6,1
30.08.2021 00:05:56.563,0.91169,0.9115700000000001,2.6,1.1
30.08.2021 00:06:01.176,0.91169,0.9115700000000001,4.1,1
30.08.2021 00:06:12.137,0.9116700000000001,0.91156,3.35,1
30.08.2021 00:06:12.188,0.9116200000000001,0.91154,1.1,1
30.08.2021 00:06:12.239,0.91161,0.91151,2.5,1.5
30.08.2021 00:06:12.341,0.91158,0.9115000000000001,1.25,1.5
30.08.2021 00:06:14.382,0.91158,0.91149,1.25,1
30.08.2021 00:06:25.552,0.91159,0.9115000000000001,1.35,1
30.08.2021 00:06:25.603,0.9116000000000001,0.9115000000000001,1.01,1
30.08.2021 00:06:25.704,0.9116200000000001,0.9115200000000001,2.01,1
30.08.2021 00:06:25.805,0.9116200000000001,0.91154,1.25,1
30.08.2021 00:06:25.856,0.91164,0.91154,2.1,1
30.08.2021 00:06:35.398,0.9116200000000001,0.91154,1,1
30.08.2021 00:06:50.995,0.9116200000000001,0.9115200000000001,2.01,1
30.08.2021 00:07:03.800,0.91159,0.9115000000000001,1.25,1
30.08.2021 00:07:03.901,0.91158,0.9115000000000001,1.25,1
30.08.2021 00:07:05.321,0.91158,0.9115000000000001,1.75,1
30.08.2021 00:07:05.632,0.91158,0.91149,1.75,1
30.08.2021 00:07:28.602,0.91158,0.91148,1.75,1.5
30.08.2021 00:07:31.753,0.91158,0.91149,1.75,1
30.08.2021 00:07:31.854,0.91158,0.9115000000000001,1.75,1
30.08.2021 00:07:59.120,0.91158,0.91149,1.75,1
30.08.2021 00:08:05.392,0.91159,0.91148,1,1
30.08.2021 00:08:18.817,0.91159,0.91149,1.69,1.5
30.08.2021 00:08:23.638,0.91158,0.91149,1.25,1.5
30.08.2021 00:08:24.238,0.9116000000000001,0.91149,1.76,1
30.08.2021 00:08:34.668,0.91158,0.91149,1,1
30.08.2021 00:09:02.675,0.9116000000000001,0.9115000000000001,1.1,1
30.08.2021 00:09:05.302,0.91159,0.91149,1,1
30.08.2021 00:09:13.091,0.91161,0.91149,2.54,1
30.08.2021 00:09:19.567,0.91159,0.91149,1,1.5
30.08.2021 00:09:31.802,0.91159,0.91149,1.35,1
30.08.2021 00:09:32.976,0.91159,0.91149,1.1,1.5
30.08.2021 00:09:39.982,0.91159,0.9115000000000001,1.1,1
30.08.2021 00:09:42.337,0.91159,0.91149,1,1.5
30.08.2021 00:11:09.565,0.91158,0.91149,1,1
30.08.2021 00:11:32.471,0.91158,0.9115000000000001,1,1
30.08.2021 00:11:37.235,0.91159,0.91148,1,1
30.08.2021 00:11:39.587,0.9115700000000001,0.91148,1,1
30.08.2021 00:11:39.839,0.91156,0.91148,1,1
30.08.2021 00:11:46.267,0.91153,0.91144,1,2.19
30.08.2021 00:11:46.368,0.91153,0.91144,1,1
30.08.2021 00:11:46.995,0.91154,0.9114500000000001,1,1
30.08.2021 00:11:47.096,0.9115700000000001,0.91148,1.1,1
30.08.2021 00:11:47.248,0.91156,0.91148,1,1
30.08.2021 00:11:56.716,0.91156,0.91146,1,1.5
30.08.2021 00:12:00.092,0.9115500000000001,0.91146,1,1
30.08.2021 00:12:00.193,0.9115500000000001,0.9114500000000001,1,1
30.08.2021 00:12:46.916,0.9115500000000001,0.91144,1.1,1.5
30.08.2021 00:12:52.968,0.91154,0.91144,1.1,1
30.08.2021 00:13:15.636,0.91154,0.91143,1.57,1.5
30.08.2021 00:13:27.246,0.91154,0.91144,1.1,1
30.08.2021 00:13:27.405,0.91154,0.91144,1.1,1
30.08.2021 00:13:27.507,0.9115200000000001,0.91144,1,1
30.08.2021 00:13:31.802,0.9115200000000001,0.91143,1,1
30.08.2021 00:13:44.531,0.91154,0.91144,1.1,1.5
30.08.2021 00:13:56.348,0.91153,0.91144,1,1
30.08.2021 00:14:11.047,0.91154,0.91144,1.1,1.5
30.08.2021 00:14:11.249,0.91154,0.9114500000000001,1,1
30.08.2021 00:14:13.353,0.91156,0.91148,1,1
30.08.2021 00:14:13.454,0.9115700000000001,0.91148,1,1
30.08.2021 00:14:19.459,0.9115500000000001,0.91148,1,1
30.08.2021 00:14:20.133,0.9115500000000001,0.9114700000000001,1,1
30.08.2021 00:14:20.335,0.9115500000000001,0.91143,1.1,1.5
30.08.2021 00:14:20.436,0.91153,0.91144,1,1
30.08.2021 00:14:20.537,0.91153,0.91143,1,1.69
30.08.2021 00:14:21.535,0.9115200000000001,0.9114000000000001,1.1,1
30.08.2021 00:14:21.636,0.91151,0.9114000000000001,1.1,2.44
30.08.2021 00:14:22.056,0.9115000000000001,0.9114000000000001,1.1,1.69
30.08.2021 00:14:35.843,0.9115200000000001,0.9114000000000001,1.1,1.5
30.08.2021 00:15:01.694,0.91151,0.9114200000000001,1,1
30.08.2021 00:15:26.417,0.9115000000000001,0.91141,1,1
30.08.2021 00:15:35.982,0.91151,0.91141,1.1,1.5
30.08.2021 00:15:48.551,0.91151,0.9114200000000001,1.1,1
30.08.2021 00:15:52.049,0.91151,0.91141,1.1,1.5
30.08.2021 00:15:55.751,0.91151,0.9114200000000001,1.1,1
30.08.2021 00:16:00.161,0.91151,0.91141,1.1,1.5
30.08.2021 00:16:04.753,0.91151,0.9114200000000001,1.1,1
30.08.2021 00:16:05.993,0.91151,0.91141,1.1,1.5
30.08.2021 00:16:08.439,0.9115000000000001,0.9114000000000001,1.1,1.5
30.08.2021 00:16:09.543,0.9115000000000001,0.91139,1,1
30.08.2021 00:16:13.763,0.91148,0.9113700000000001,1.76,1.5
30.08.2021 00:16:14.512,0.9114700000000001,0.9113700000000001,1,1.5
30.08.2021 00:16:14.563,0.9114500000000001,0.91135,1.5,1
30.08.2021 00:16:14.664,0.9114500000000001,0.91135,1.79,1
30.08.2021 00:16:17.145,0.91144,0.91134,1.1,1.5
30.08.2021 00:16:17.708,0.9115000000000001,0.91138,2.72,1
30.08.2021 00:16:17.809,0.91149,0.91139,1.1,1.5
30.08.2021 00:16:24.483,0.91149,0.9114000000000001,1.1,1
30.08.2021 00:16:40.807,0.91149,0.91139,1.1,1.5
30.08.2021 00:16:49.660,0.91149,0.9114000000000001,1,1
30.08.2021 00:16:58.578,0.91146,0.9113700000000001,1,1.25
30.08.2021 00:16:58.680,0.91146,0.9113600000000001,1,1.5
30.08.2021 00:17:00.064,0.91146,0.9113600000000001,1.35,1.5
30.08.2021 00:17:00.165,0.91146,0.9113600000000001,1.01,1.5
30.08.2021 00:17:08.155,0.91144,0.91134,1.1,1.5
30.08.2021 00:17:08.256,0.91143,0.91133,1.57,1
30.08.2021 00:17:08.357,0.9114200000000001,0.9113200000000001,1.01,1.5
30.08.2021 00:17:27.653,0.9114200000000001,0.91133,1.1,1
30.08.2021 00:17:33.132,0.9114200000000001,0.9113200000000001,1.1,1.5
30.08.2021 00:17:33.233,0.91143,0.9113200000000001,1,1
30.08.2021 00:17:33.335,0.91143,0.9113100000000001,1,1.5
30.08.2021 00:17:33.537,0.91143,0.91133,1.1,1
30.08.2021 00:17:49.638,0.9114200000000001,0.9113200000000001,1,1.5
30.08.2021 00:18:01.053,0.91141,0.9113200000000001,1,1
30.08.2021 00:18:13.130,0.91141,0.9113100000000001,1,1.5
30.08.2021 00:18:43.941,0.9114000000000001,0.9113,1.1,1.5
30.08.2021 00:18:44.092,0.9113700000000001,0.91128,2.06,1
30.08.2021 00:18:44.193,0.9113600000000001,0.9112600000000001,1.1,1
30.08.2021 00:18:44.294,0.9113600000000001,0.9112600000000001,2.54,1
30.08.2021 00:18:44.396,0.9113600000000001,0.9112600000000001,3.29,1
30.08.2021 00:18:44.497,0.9113700000000001,0.91125,3.29,1
30.08.2021 00:18:48.101,0.91135,0.91125,1.1,1.5
30.08.2021 00:18:48.202,0.91135,0.91125,1.1,1.5
30.08.2021 00:19:02.287,0.91134,0.91124,1.1,1.5
30.08.2021 00:19:14.578,0.9113200000000001,0.91123,1,1
30.08.2021 00:19:16.010,0.9113100000000001,0.91123,1,1
30.08.2021 00:19:16.061,0.9113,0.9112100000000001,2.25,1
30.08.2021 00:19:16.163,0.9113,0.9112,2.25,1.5
30.08.2021 00:19:16.264,0.9113100000000001,0.9112100000000001,1.57,1
30.08.2021 00:19:27.316,0.9113200000000001,0.9112200000000001,1.1,1
30.08.2021 00:19:27.417,0.91133,0.91123,1,1
30.08.2021 00:19:56.966,0.91134,0.91124,1.79,1
30.08.2021 00:20:08.505,0.91134,0.91124,1.76,1
30.08.2021 00:20:08.855,0.91134,0.91125,1.01,1
30.08.2021 00:20:28.912,0.91135,0.91125,1.76,1
30.08.2021 00:20:29.675,0.91135,0.91125,1.79,1
30.08.2021 00:20:30.805,0.91135,0.91125,1.76,1
30.08.2021 00:20:30.907,0.91135,0.91125,1.79,1
30.08.2021 00:20:31.756,0.91135,0.91125,1.76,1
30.08.2021 00:20:32.569,0.9113600000000001,0.91124,1.79,1
30.08.2021 00:20:33.309,0.91135,0.91125,1.76,1
30.08.2021 00:20:43.679,0.91135,0.91125,1.79,1
30.08.2021 00:20:48.350,0.91134,0.91124,1.01,1
30.08.2021 00:20:53.545,0.9113,0.9112100000000001,1.5,1.87
30.08.2021 00:20:54.222,0.91129,0.9112,1,1
30.08.2021 00:20:54.273,0.9113100000000001,0.9112200000000001,1.12,1
30.08.2021 00:20:54.374,0.9113,0.9112200000000001,1,1
30.08.2021 00:20:54.627,0.9113,0.9112100000000001,1,1
30.08.2021 00:21:01.109,0.9113,0.9112200000000001,1,1
30.08.2021 00:21:08.761,0.91128,0.91119,1.6,1
30.08.2021 00:21:08.862,0.9112700000000001,0.9111700000000001,1.35,1
30.08.2021 00:21:08.963,0.9112600000000001,0.9111600000000001,1.1,1
30.08.2021 00:21:12.298,0.9112600000000001,0.91115,1.79,1.5
30.08.2021 00:22:01.249,0.91123,0.91115,1,1
30.08.2021 00:22:10.171,0.91124,0.91115,1,1
30.08.2021 00:22:24.535,0.9112600000000001,0.91115,2.54,1.5
30.08.2021 00:22:33.934,0.91124,0.91115,1,1
30.08.2021 00:23:14.711,0.91124,0.9111400000000001,1,1.5
30.08.2021 00:23:16.522,0.91123,0.9111400000000001,1,1
30.08.2021 00:23:16.623,0.9112200000000001,0.91113,1,1
30.08.2021 00:23:16.775,0.91123,0.9111100000000001,1.57,1.5
30.08.2021 00:23:16.876,0.91119,0.91109,1,1.5
30.08.2021 00:23:17.186,0.9112,0.9111,2.51,1
30.08.2021 00:23:18.784,0.9112200000000001,0.9111200000000002,1.6,1.5
30.08.2021 00:23:18.885,0.91123,0.91113,1.57,1
30.08.2021 00:23:19.936,0.91123,0.9111400000000001,1.1,1
30.08.2021 00:23:20.087,0.91124,0.9111400000000001,1.1,1.5
30.08.2021 00:23:43.673,0.9112200000000001,0.9111200000000002,2.32,1
30.08.2021 00:23:43.774,0.9112100000000001,0.9111100000000001,1.1,1
30.08.2021 00:23:56.924,0.9112200000000001,0.9111200000000002,1.69,1
30.08.2021 00:23:57.726,0.91123,0.9111200000000002,1.57,1.69
30.08.2021 00:24:01.752,0.91123,0.91113,1,1
30.08.2021 00:24:13.043,0.9112100000000001,0.91113,1,1
30.08.2021 00:24:13.094,0.91119,0.91109,1.1,1.5
30.08.2021 00:24:16.095,0.91119,0.91109,1.1,1.5
30.08.2021 00:24:23.205,0.91119,0.91109,1.2,1.5
30.08.2021 00:24:31.155,0.91123,0.91113,1.1,1.25
30.08.2021 00:24:31.257,0.91124,0.91115,1,1
30.08.2021 00:24:31.358,0.91125,0.91115,2.14,1.5
30.08.2021 00:24:32.829,0.91125,0.91115,3.35,1
30.08.2021 00:24:33.281,0.91124,0.9111400000000001,1.01,1
30.08.2021 00:24:34.919,0.91123,0.9111400000000001,1,1
30.08.2021 00:24:35.071,0.9112600000000001,0.9111400000000001,1.76,1
30.08.2021 00:24:46.451,0.9112200000000001,0.91115,1,1
30.08.2021 00:24:46.502,0.9112200000000001,0.9111200000000002,1.57,1.87
30.08.2021 00:24:46.603,0.91124,0.9111200000000002,1.1,1
30.08.2021 00:24:46.704,0.91124,0.9111400000000001,1.01,1
30.08.2021 00:24:55.158,0.9112,0.9111200000000002,1,1.5
30.08.2021 00:24:55.209,0.9112,0.9111,1,2.14
30.08.2021 00:24:55.310,0.9112100000000001,0.9111200000000002,1.1,1
30.08.2021 00:24:56.008,0.9112200000000001,0.9111200000000002,2.44,1
30.08.2021 00:24:59.100,0.9112,0.9111200000000002,1.1,1
30.08.2021 00:24:59.252,0.9112200000000001,0.9111200000000002,2.6,1
30.08.2021 00:25:00.300,0.9112200000000001,0.9111200000000002,1.5,1.5
30.08.2021 00:25:08.701,0.9112200000000001,0.91113,1,1
30.08.2021 00:25:17.021,0.91123,0.9111400000000001,1,1
30.08.2021 00:25:17.146,0.91123,0.91115,1,1
30.08.2021 00:25:22.262,0.91124,0.91115,1,1
30.08.2021 00:25:22.583,0.91125,0.91113,1,1.5
30.08.2021 00:25:22.685,0.91119,0.9111,1,1.12
30.08.2021 00:25:27.209,0.91119,0.91109,1.01,1.5
30.08.2021 00:25:28.505,0.91119,0.91109,2.54,1.5
30.08.2021 00:25:28.986,0.91118,0.91108,1.1,1.5
30.08.2021 00:25:29.087,0.9111700000000001,0.91108,1.1,1.5
30.08.2021 00:25:29.188,0.9111700000000001,0.9110700000000002,1.7,1.87
30.08.2021 00:25:32.013,0.9111600000000001,0.9110700000000002,1,1.87
30.08.2021 00:25:34.338,0.9111400000000001,0.9110700000000002,1,1.12
30.08.2021 00:25:34.389,0.9111200000000002,0.91103,2.19,1
30.08.2021 00:25:34.490,0.9111100000000001,0.9110100000000001,1.39,1
30.08.2021 00:25:37.802,0.9111100000000001,0.9110100000000001,1.35,1
30.08.2021 00:25:46.947,0.9111100000000001,0.9110100000000001,1.1,1
30.08.2021 00:25:48.773,0.9111200000000002,0.9110200000000002,3.29,1
30.08.2021 00:25:48.925,0.91113,0.91103,3.07,1
30.08.2021 00:25:48.975,0.9111400000000001,0.91105,1.31,1
30.08.2021 00:25:49.426,0.91115,0.91105,1,1.5
30.08.2021 00:25:52.761,0.91115,0.9110600000000001,1,1
30.08.2021 00:26:03.983,0.9111600000000001,0.9110600000000001,1.1,1.5
30.08.2021 00:26:04.135,0.9111600000000001,0.9110700000000002,1,1
30.08.2021 00:26:04.236,0.9111600000000001,0.91108,1,1
30.08.2021 00:26:09.513,0.9111700000000001,0.91108,1,1
30.08.2021 00:26:28.036,0.9112100000000001,0.9111200000000002,1.37,1
30.08.2021 00:26:28.137,0.9112,0.9111,1,1.5
30.08.2021 00:26:43.065,0.9112100000000001,0.9111100000000001,3.29,1
30.08.2021 00:26:43.167,0.9112100000000001,0.9111100000000001,3.26,1
30.08.2021 00:26:44.317,0.9112200000000001,0.9111200000000002,1,1.5
30.08.2021 00:26:44.418,0.91125,0.91113,3.26,1
30.08.2021 00:26:53.012,0.91125,0.91115,4.07,1
30.08.2021 00:26:54.478,0.91125,0.91115,2.51,1
30.08.2021 00:27:09.547,0.91123,0.9111400000000001,1.25,1
30.08.2021 00:27:09.648,0.9112200000000001,0.9111400000000001,1,1
30.08.2021 00:27:09.749,0.91124,0.9111400000000001,3.7,1
30.08.2021 00:27:10.823,0.91124,0.9111400000000001,2.51,1
30.08.2021 00:27:16.803,0.91124,0.9111400000000001,3.32,1
30.08.2021 00:27:19.123,0.91124,0.9111400000000001,2.14,1
30.08.2021 00:27:19.275,0.91124,0.9111400000000001,3.7,1
30.08.2021 00:27:19.377,0.91125,0.91113,2.89,1
30.08.2021 00:27:25.174,0.91124,0.9111400000000001,3.32,1
30.08.2021 00:27:25.302,0.9112200000000001,0.9111400000000001,1,1
30.08.2021 00:27:34.665,0.91124,0.9111400000000001,2.51,1
30.08.2021 00:27:40.742,0.91124,0.9111400000000001,3.35,1
30.08.2021 00:27:40.854,0.9112200000000001,0.9111400000000001,1,1
30.08.2021 00:27:42.193,0.91123,0.91115,1,1
30.08.2021 00:28:11.201,0.91125,0.91115,2.35,1.5
30.08.2021 00:28:26.611,0.91125,0.9111600000000001,1.6,1
30.08.2021 00:28:35.958,0.91125,0.9111600000000001,1.1,1
30.08.2021 00:29:21.033,0.91129,0.91118,2.35,1.5
30.08.2021 00:29:21.184,0.9112700000000001,0.91118,1,1
30.08.2021 00:29:28.193,0.9112700000000001,0.91118,1.1,1
30.08.2021 00:29:30.775,0.9112700000000001,0.9111600000000001,1.1,1
30.08.2021 00:29:43.442,0.91125,0.9111600000000001,1.1,1
30.08.2021 00:29:45.390,0.91124,0.9111600000000001,1,1
30.08.2021 00:29:45.491,0.91124,0.91115,1,1
30.08.2021 00:30:04.435,0.9112700000000001,0.91115,1.6,1.5
30.08.2021 00:30:18.906,0.91125,0.91115,1.35,1.5
30.08.2021 00:30:26.462,0.91123,0.91113,1.1,1.1
30.08.2021 00:30:26.564,0.9112200000000001,0.9111200000000002,1.5,1
30.08.2021 00:30:27.043,0.91119,0.91109,2.35,1
30.08.2021 00:30:27.144,0.9111600000000001,0.91108,1,1
30.08.2021 00:30:27.296,0.9111600000000001,0.9110700000000002,1,1.1
30.08.2021 00:30:29.488,0.9111700000000001,0.91105,1.1,1.57
30.08.2021 00:30:36.397,0.91115,0.9110600000000001,1,1.1
30.08.2021 00:30:40.718,0.9111600000000001,0.9110600000000001,1.01,1.5
30.08.2021 00:30:47.664,0.9111700000000001,0.9110700000000002,1.57,1
30.08.2021 00:30:54.704,0.91118,0.9110700000000002,2.51,1.5
30.08.2021 00:30:54.905,0.91118,0.9110700000000002,2.54,1.5
30.08.2021 00:30:55.027,0.91118,0.9110700000000002,2.51,1.5
30.08.2021 00:30:57.696,0.91118,0.91108,1,1
30.08.2021 00:30:57.849,0.91119,0.91109,1.57,1
30.08.2021 00:30:57.950,0.9112100000000001,0.91109,1.57,1.5
30.08.2021 00:30:58.051,0.9112,0.9111100000000001,1,1
30.08.2021 00:31:00.997,0.9112,0.9111,1,1.5
30.08.2021 00:31:37.132,0.9112100000000001,0.9111100000000001,1.76,1
30.08.2021 00:32:05.042,0.9112100000000001,0.9111,1.1,1
30.08.2021 00:32:05.093,0.91119,0.91108,3.26,2
30.08.2021 00:32:05.198,0.9111600000000001,0.9110700000000002,1,1
30.08.2021 00:32:10.793,0.9111700000000001,0.91105,1.1,1.5
30.08.2021 00:32:28.105,0.9111700000000001,0.9110700000000002,1.1,1
30.08.2021 00:32:28.206,0.91119,0.91109,1.6,1
30.08.2021 00:32:28.308,0.91119,0.91109,1.6,1.5
30.08.2021 00:32:29.534,0.91118,0.91108,1.1,1.5
30.08.2021 00:32:31.151,0.91118,0.9110700000000002,2.54,2.25
30.08.2021 00:33:13.719,0.91118,0.91108,1.1,1
30.08.2021 00:33:31.319,0.91118,0.91108,1,1
30.08.2021 00:34:36.519,0.91118,0.91109,1,1
30.08.2021 00:34:36.671,0.91119,0.91109,1.5,1
30.08.2021 00:34:52.901,0.91119,0.91109,1,1.6
30.08.2021 00:34:52.953,0.91123,0.91115,2.25,1
30.08.2021 00:34:53.055,0.91125,0.91115,2.44,1.5
30.08.2021 00:34:53.156,0.9112600000000001,0.9111600000000001,2.57,1
30.08.2021 00:34:53.308,0.9112600000000001,0.9111600000000001,1.76,1
30.08.2021 00:35:02.316,0.91124,0.9111600000000001,1.25,1
30.08.2021 00:35:05.671,0.91124,0.91115,1.25,1
30.08.2021 00:35:14.385,0.91123,0.91113,1.31,1
30.08.2021 00:35:14.486,0.91123,0.9111400000000001,1,1
30.08.2021 00:35:14.587,0.91123,0.91115,1,1
30.08.2021 00:35:14.738,0.91124,0.91115,1,1
30.08.2021 00:35:15.895,0.91124,0.9111400000000001,1,1.87
30.08.2021 00:35:16.909,0.91124,0.91115,1,1
30.08.2021 00:35:41.452,0.91123,0.91113,1.69,1.5
30.08.2021 00:35:46.853,0.91123,0.91113,2.57,1
30.08.2021 00:35:51.347,0.91123,0.91113,1.57,1
30.08.2021 00:36:17.378,0.91124,0.9111400000000001,1.25,1.87
30.08.2021 00:36:17.479,0.91125,0.91115,1.01,1.5
30.08.2021 00:36:29.269,0.9112600000000001,0.91115,1,1
30.08.2021 00:36:46.657,0.91125,0.91115,1,1.87
30.08.2021 00:36:56.745,0.91124,0.9111400000000001,1,1.5
30.08.2021 00:36:59.889,0.9112,0.9111,4.31,1.5
30.08.2021 00:36:59.990,0.9112100000000001,0.91113,1.25,1
30.08.2021 00:37:00.041,0.91123,0.9111,2.32,3.37
30.08.2021 00:37:00.142,0.9112100000000001,0.9111100000000001,1.01,1.12
30.08.2021 00:37:00.293,0.91125,0.9111600000000001,1.1,1
30.08.2021 00:37:00.394,0.9112600000000001,0.9111600000000001,3.26,1
30.08.2021 00:37:00.660,0.91125,0.91115,1,1.87
30.08.2021 00:37:23.734,0.9112700000000001,0.91115,1.1,1.5
30.08.2021 00:37:25.313,0.9113100000000001,0.9112200000000001,1.5,1
30.08.2021 00:37:25.414,0.9113100000000001,0.9112200000000001,1,1
30.08.2021 00:37:25.515,0.9113100000000001,0.9112100000000001,1,1.87
30.08.2021 00:37:25.566,0.91133,0.9112200000000001,1.76,1.87
30.08.2021 00:37:30.379,0.91133,0.91123,1.01,1
30.08.2021 00:37:30.480,0.91133,0.91123,1.25,1.5
30.08.2021 00:37:39.989,0.91134,0.91124,1.25,1.87
30.08.2021 00:37:43.753,0.91134,0.91125,1,1
30.08.2021 00:38:49.871,0.91133,0.91125,1,1
30.08.2021 00:38:50.338,0.91133,0.91124,1,1.12
30.08.2021 00:39:54.089,0.91134,0.91124,1,1.87
30.08.2021 00:39:54.190,0.91135,0.91125,1.57,1
30.08.2021 00:40:02.066,0.91135,0.9112600000000001,1,1
30.08.2021 00:40:07.753,0.91135,0.91125,1.76,1.5
30.08.2021 00:40:08.269,0.91134,0.91125,1,1
30.08.2021 00:40:21.061,0.91134,0.91124,1,1.5
30.08.2021 00:40:30.722,0.91133,0.91124,1,1
30.08.2021 00:40:36.023,0.91134,0.91124,2.51,1
30.08.2021 00:40:44.153,0.91133,0.91124,1,1
30.08.2021 00:40:52.299,0.91128,0.91119,1.5,1.62
30.08.2021 00:40:52.400,0.9112700000000001,0.9111700000000001,1,2.7
30.08.2021 00:40:52.501,0.9112600000000001,0.9111700000000001,1,1
30.08.2021 00:40:52.704,0.9112600000000001,0.9111600000000001,1.79,1
30.08.2021 00:40:57.867,0.91125,0.91115,1,1
30.08.2021 00:41:00.465,0.91124,0.91115,1,1.12
30.08.2021 00:41:01.439,0.91123,0.91115,1,1.12
30.08.2021 00:41:20.711,0.91124,0.91115,1.1,1.12
30.08.2021 00:41:32.525,0.91125,0.9111600000000001,1.1,1
30.08.2021 00:41:40.730,0.91124,0.91115,1,1.12
30.08.2021 00:41:41.804,0.91124,0.9111600000000001,1,1
30.08.2021 00:41:43.214,0.91125,0.9111600000000001,1,1
30.08.2021 00:42:03.237,0.9112700000000001,0.9111600000000001,1.1,1
30.08.2021 00:42:33.889,0.91125,0.9111600000000001,1.1,1.12
30.08.2021 00:42:35.865,0.91125,0.91115,1,1
30.08.2021 00:42:42.391,0.91125,0.9111600000000001,1.1,1
30.08.2021 00:43:32.073,0.91125,0.91115,1.1,1.87
30.08.2021 00:43:32.225,0.91124,0.91115,1,1.12
30.08.2021 00:44:05.017,0.91123,0.91115,1,1
30.08.2021 00:44:05.119,0.91123,0.9111400000000001,1,1
30.08.2021 00:44:06.126,0.91123,0.9111200000000002,1.69,1.5
30.08.2021 00:44:10.075,0.9112200000000001,0.9111200000000002,1,1
30.08.2021 00:44:11.975,0.91123,0.9111400000000001,1,1
30.08.2021 00:44:12.126,0.91123,0.91113,1,1
30.08.2021 00:44:41.564,0.91123,0.9111400000000001,1,1
30.08.2021 00:44:51.259,0.9112200000000001,0.9111400000000001,1,1
30.08.2021 00:44:51.360,0.9112,0.9111,1.5,1.62
30.08.2021 00:44:51.411,0.91119,0.91109,1,1.12
30.08.2021 00:44:51.984,0.91118,0.91108,1,1
30.08.2021 00:44:52.034,0.9111600000000001,0.91108,1,1
30.08.2021 00:44:54.464,0.9111600000000001,0.9110700000000002,1,1
30.08.2021 00:45:03.233,0.91115,0.9110700000000002,1,1
30.08.2021 00:45:07.753,0.9111600000000001,0.91105,1,1
30.08.2021 00:45:22.605,0.91115,0.91105,1,1.5
30.08.2021 00:45:22.707,0.9111400000000001,0.91105,1,1
30.08.2021 00:45:40.095,0.9111600000000001,0.9110700000000002,1.25,1
30.08.2021 00:45:40.246,0.9111700000000001,0.9110700000000002,1,1.5
30.08.2021 00:45:40.557,0.91119,0.91108,1.57,1
30.08.2021 00:45:42.008,0.91119,0.91109,1,1
30.08.2021 00:45:42.109,0.9112,0.9111,1.25,1
30.08.2021 00:45:45.835,0.9112100000000001,0.9111100000000001,1.01,1
30.08.2021 00:45:46.797,0.9112,0.91109,2.54,1.5
30.08.2021 00:45:46.898,0.9111700000000001,0.9110700000000002,1,1.87
30.08.2021 00:45:55.304,0.9111600000000001,0.91105,1,1.87
30.08.2021 00:46:15.236,0.9111600000000001,0.9110600000000001,1,1
30.08.2021 00:46:26.792,0.9111600000000001,0.91105,1.5,2.25
30.08.2021 00:46:55.066,0.9111200000000002,0.91104,2.62,1
30.08.2021 00:46:55.167,0.9111100000000001,0.911,2.57,2
30.08.2021 00:46:55.268,0.91109,0.91099,1,2.75
30.08.2021 00:46:55.370,0.91108,0.91098,1.25,2
30.08.2021 00:46:55.471,0.91108,0.91098,1.25,1.87
30.08.2021 00:47:05.809,0.9111,0.91099,1.69,1.87
30.08.2021 00:47:18.874,0.9111,0.91099,2.54,1.12
30.08.2021 00:47:19.026,0.91109,0.91098,1.01,1.5
30.08.2021 00:47:34.685,0.9110700000000002,0.9109700000000002,1,1.87
30.08.2021 00:47:37.976,0.9110700000000002,0.91098,1,1
30.08.2021 00:47:40.880,0.9110600000000001,0.91098,1,1
30.08.2021 00:47:47.518,0.9110600000000001,0.9109600000000001,1,1.5
30.08.2021 00:47:54.279,0.9110600000000001,0.9109700000000002,1,1
30.08.2021 00:47:54.430,0.9110600000000001,0.91098,1,1
30.08.2021 00:47:54.531,0.9110700000000002,0.91098,1,1
30.08.2021 00:47:55.099,0.91108,0.91099,1,1
30.08.2021 00:47:58.692,0.9111,0.911,1.1,1
30.08.2021 00:47:58.945,0.9111,0.911,1.35,1
30.08.2021 00:47:59.046,0.9111,0.911,1.01,1
30.08.2021 00:48:00.112,0.9111,0.911,1.35,1
30.08.2021 00:48:24.657,0.9111,0.911,1.5,1
30.08.2021 00:48:26.039,0.91109,0.91099,1.79,1
30.08.2021 00:48:26.141,0.91109,0.9109600000000001,1.5,2.06
30.08.2021 00:48:31.798,0.91109,0.9109700000000002,1,1
30.08.2021 00:48:38.076,0.91109,0.9109600000000001,1.57,1.69
30.08.2021 00:48:38.182,0.91108,0.9109600000000001,1.1,1
30.08.2021 00:48:38.283,0.9110600000000001,0.9109600000000001,1,1.5
30.08.2021 00:48:58.691,0.91103,0.91095,1,1
30.08.2021 00:48:58.792,0.91103,0.91093,1,1
30.08.2021 00:49:00.174,0.91104,0.91094,1.76,1
30.08.2021 00:49:00.275,0.91104,0.91094,1,1.5
30.08.2021 00:49:09.414,0.91103,0.91093,2.32,1.5
30.08.2021 00:49:09.465,0.91103,0.91093,2.51,1.12
30.08.2021 00:49:09.515,0.9110100000000001,0.9109100000000001,1,1.5
30.08.2021 00:49:13.732,0.9109700000000002,0.91089,3,1.12
30.08.2021 00:49:13.834,0.91098,0.91088,1,1
30.08.2021 00:49:16.824,0.9109700000000002,0.91088,1,1
30.08.2021 00:49:19.803,0.91098,0.91088,1,2.07
30.08.2021 00:49:19.904,0.911,0.91089,1.69,1.2
30.08.2021 00:49:29.776,0.911,0.91089,1,2.07
30.08.2021 00:50:05.082,0.9110100000000001,0.9109100000000001,1,1.5
30.08.2021 00:50:05.234,0.9110200000000002,0.9109200000000001,1.57,1
30.08.2021 00:50:10.441,0.9110100000000001,0.9109100000000001,1,1
30.08.2021 00:52:00.453,0.9110100000000001,0.9109,1.25,2.25
30.08.2021 00:52:03.713,0.91098,0.91088,1,1.87
30.08.2021 00:52:03.814,0.91095,0.91085,2.44,1
30.08.2021 00:52:03.915,0.91094,0.9108299999999999,1,2.94
30.08.2021 00:52:11.615,0.91095,0.91085,1,1
30.08.2021 00:52:11.883,0.91095,0.91085,3.29,1
30.08.2021 00:52:13.645,0.91095,0.91085,1.76,1
30.08.2021 00:52:14.055,0.91094,0.91085,1.01,1
30.08.2021 00:52:17.059,0.91093,0.9108299999999999,1.1,2
30.08.2021 00:52:17.161,0.91093,0.9108299999999999,1.1,1
30.08.2021 00:52:32.845,0.91093,0.9108100000000001,2.35,1
30.08.2021 00:52:32.947,0.9109100000000001,0.9108100000000001,1.1,1.5
30.08.2021 00:52:35.094,0.9109200000000001,0.9108200000000001,1,1
30.08.2021 00:52:35.257,0.9109100000000001,0.9108100000000001,1,1.57
30.08.2021 00:52:35.510,0.9109,0.9108,1,2.06
30.08.2021 00:52:37.596,0.9108700000000001,0.9107700000000001,1,2
30.08.2021 00:52:37.646,0.9108600000000001,0.9107600000000001,1.57,1
30.08.2021 00:52:37.748,0.91085,0.9107500000000001,1.1,1.5
30.08.2021 00:52:43.883,0.9108200000000001,0.91074,1.5,1.12
30.08.2021 00:52:43.934,0.9108,0.9107100000000001,1,1
30.08.2021 00:52:44.086,0.91079,0.9107100000000001,1,1
30.08.2021 00:52:44.189,0.9107700000000001,0.91069,1,1
30.08.2021 00:52:47.604,0.9107700000000001,0.9106799999999999,1,1
30.08.2021 00:52:50.209,0.9107200000000001,0.9106299999999999,1,1.5
30.08.2021 00:52:50.259,0.9107299999999999,0.91061,1.69,1.87
30.08.2021 00:52:50.411,0.9107100000000001,0.91061,1,1.5
30.08.2021 00:52:50.562,0.9107000000000001,0.91061,1,1
30.08.2021 00:52:50.663,0.9107000000000001,0.9106000000000001,1,1.2
30.08.2021 00:52:55.330,0.9107000000000001,0.91061,1,1
30.08.2021 00:52:56.098,0.91069,0.9106000000000001,2.5,1
30.08.2021 00:52:56.200,0.91069,0.91061,1,1
30.08.2021 00:52:56.301,0.9107100000000001,0.9106000000000001,1,1
30.08.2021 00:53:01.756,0.9107000000000001,0.9106200000000001,1,1
30.08.2021 00:53:02.567,0.9107000000000001,0.9106000000000001,1.1,1
30.08.2021 00:53:02.668,0.9106799999999999,0.91059,1,1.12
30.08.2021 00:53:03.224,0.9107000000000001,0.9106000000000001,1.5,1.12
30.08.2021 00:53:03.325,0.9107000000000001,0.91061,1,1
30.08.2021 00:53:03.426,0.9107000000000001,0.91059,1.5,2.26
30.08.2021 00:53:09.659,0.91069,0.9106000000000001,1,1.12
30.08.2021 00:53:09.710,0.9106700000000001,0.91058,1,1.12
30.08.2021 00:53:38.534,0.9106799999999999,0.91058,1,2.06
30.08.2021 00:53:42.949,0.9106700000000001,0.91058,1,1.12
30.08.2021 00:53:43.365,0.91069,0.91059,1.57,1
30.08.2021 00:53:43.466,0.9106799999999999,0.91058,1,2.06
30.08.2021 00:54:03.853,0.9106799999999999,0.91059,1,1
30.08.2021 00:54:07.615,0.9106799999999999,0.91058,1,1.87
30.08.2021 00:54:08.329,0.9106700000000001,0.91058,1,1
30.08.2021 00:54:09.218,0.9106500000000001,0.91056,3.01,1.41
30.08.2021 00:54:09.323,0.9106299999999999,0.9105500000000001,1,1
30.08.2021 00:54:09.424,0.91064,0.91054,2.44,1.87
30.08.2021 00:54:09.476,0.9106799999999999,0.91056,1.95,1.5
30.08.2021 00:54:09.577,0.9106500000000001,0.9105700000000001,1,1
30.08.2021 00:54:09.830,0.9106700000000001,0.91059,1.25,1
30.08.2021 00:54:09.931,0.91069,0.9106000000000001,1.1,1
30.08.2021 00:54:10.083,0.9107100000000001,0.9106299999999999,1.1,1
30.08.2021 00:54:10.235,0.9107200000000001,0.91064,1,1
30.08.2021 00:54:15.191,0.9107600000000001,0.9106700000000001,1.1,1
30.08.2021 00:54:16.970,0.9107500000000001,0.9106700000000001,1,1
30.08.2021 00:54:21.799,0.9107700000000001,0.9106799999999999,1.1,1
30.08.2021 00:54:21.901,0.9107600000000001,0.9106799999999999,1,1
30.08.2021 00:54:25.100,0.9107799999999999,0.9107100000000001,1,1
30.08.2021 00:54:25.253,0.9107799999999999,0.9107200000000001,1.5,1
30.08.2021 00:54:25.608,0.9108,0.9107200000000001,1.1,1
30.08.2021 00:54:25.710,0.91079,0.9107200000000001,1,1
30.08.2021 00:54:30.709,0.9108200000000001,0.9107299999999999,1.1,1
30.08.2021 00:54:30.860,0.9108200000000001,0.91074,1.1,1
30.08.2021 00:54:37.791,0.9108200000000001,0.9107500000000001,1,1
30.08.2021 00:54:45.262,0.91085,0.9107600000000001,1.1,1
30.08.2021 00:54:45.363,0.9108299999999999,0.9107600000000001,1,1
30.08.2021 00:54:52.453,0.9108700000000001,0.9107799999999999,1.85,1
30.08.2021 00:54:52.605,0.91088,0.9107799999999999,1.01,1
30.08.2021 00:54:52.706,0.91088,0.9107700000000001,1,1
30.08.2021 00:54:54.222,0.91088,0.9107799999999999,1,1
30.08.2021 00:54:54.272,0.9109,0.9108200000000001,1.01,1
30.08.2021 00:54:54.695,0.91089,0.9108100000000001,1.01,1
30.08.2021 00:54:54.796,0.91089,0.91079,1.01,1
30.08.2021 00:54:55.199,0.91089,0.9108200000000001,1,1
30.08.2021 00:54:55.881,0.91089,0.9108100000000001,1,1
30.08.2021 00:54:55.982,0.91089,0.9108,1.25,1
30.08.2021 00:54:57.052,0.9109100000000001,0.9108200000000001,1.25,1
30.08.2021 00:54:57.203,0.9109,0.9108200000000001,1,1
30.08.2021 00:55:00.139,0.9109100000000001,0.9108200000000001,1,1
30.08.2021 00:55:00.795,0.91089,0.9108200000000001,1,1
30.08.2021 00:55:04.661,0.9109100000000001,0.9108200000000001,1,1
30.08.2021 00:55:21.935,0.91088,0.9108100000000001,1,1
30.08.2021 00:55:21.986,0.9108700000000001,0.9107700000000001,3.37,1
30.08.2021 00:55:22.087,0.9108700000000001,0.9107700000000001,2.95,1
30.08.2021 00:55:22.188,0.91085,0.9107600000000001,1.12,1
30.08.2021 00:55:30.256,0.91085,0.9107500000000001,2.06,1.5
30.08.2021 00:55:30.357,0.91084,0.9107500000000001,1,1
30.08.2021 00:55:34.763,0.91084,0.91074,1,1.57
30.08.2021 00:55:39.806,0.91084,0.91074,3.01,1
30.08.2021 00:55:42.938,0.91084,0.91074,1.12,1.5
30.08.2021 00:55:50.565,0.9108299999999999,0.91074,1,1
30.08.2021 00:55:50.666,0.9108299999999999,0.9107299999999999,1.95,1.5
30.08.2021 00:55:53.762,0.9108299999999999,0.91074,1.1,1
30.08.2021 00:55:58.753,0.9108299999999999,0.9107299999999999,1.2,1.5
30.08.2021 00:56:15.590,0.91084,0.91074,1.5,1
30.08.2021 00:56:16.708,0.9108700000000001,0.91079,1.5,1
30.08.2021 00:56:16.759,0.9108700000000001,0.91079,1,1
30.08.2021 00:56:16.910,0.9108700000000001,0.9108,1,1
30.08.2021 00:56:19.548,0.9108700000000001,0.91079,1,1
30.08.2021 00:56:19.599,0.9108600000000001,0.9107600000000001,1.5,1
30.08.2021 00:56:19.750,0.91085,0.9107500000000001,1,2.25
30.08.2021 00:56:31.586,0.9108600000000001,0.9107600000000001,1.87,1
30.08.2021 00:56:32.591,0.91085,0.9107500000000001,1,1.57
30.08.2021 00:56:43.805,0.9108700000000001,0.9107500000000001,1.87,1
30.08.2021 00:56:44.929,0.91085,0.9107500000000001,1,1.57
30.08.2021 00:56:50.733,0.91084,0.9107299999999999,1.5,2.51
30.08.2021 00:56:50.834,0.9108200000000001,0.9107299999999999,1,1.1
30.08.2021 00:56:55.753,0.9108200000000001,0.9107200000000001,1,1.76
30.08.2021 00:57:07.322,0.91084,0.9107299999999999,1.5,1.76
30.08.2021 00:57:12.750,0.91084,0.91074,1,1.01
30.08.2021 00:57:16.779,0.9108600000000001,0.9107299999999999,1.5,1.76
30.08.2021 00:57:23.050,0.91084,0.91074,1,1
30.08.2021 00:57:23.152,0.9108200000000001,0.9107299999999999,1,1.1
30.08.2021 00:57:25.624,0.91079,0.91069,1.5,1.2
30.08.2021 00:57:25.776,0.9108,0.9107000000000001,1.5,1.25
30.08.2021 00:57:37.893,0.9108,0.91069,1,1.76
30.08.2021 00:57:48.649,0.91079,0.91069,1,1.01
30.08.2021 00:57:50.519,0.91079,0.9107000000000001,1,1
30.08.2021 00:57:52.004,0.9107799999999999,0.9107000000000001,1,1
30.08.2021 00:57:52.055,0.9107799999999999,0.9106799999999999,1.5,1.01
30.08.2021 00:57:52.987,0.9107700000000001,0.9106799999999999,1,1.1
30.08.2021 00:57:53.088,0.9107700000000001,0.9106700000000001,1.5,1.1
30.08.2021 00:57:53.189,0.9107600000000001,0.9106700000000001,1,1.1
30.08.2021 00:57:53.498,0.9107700000000001,0.9106500000000001,1.5,1.1
30.08.2021 00:57:53.801,0.9107500000000001,0.9106299999999999,1,1.01
30.08.2021 00:57:58.149,0.91074,0.9106500000000001,1,1
30.08.2021 00:58:49.481,0.91074,0.9106299999999999,1,2.6
30.08.2021 00:58:53.873,0.91074,0.9106200000000001,1,1.35
30.08.2021 00:58:53.977,0.9107299999999999,0.9106299999999999,1,1.01
30.08.2021 00:58:58.422,0.9107299999999999,0.91064,1,1
30.08.2021 00:59:19.355,0.9107299999999999,0.9106500000000001,1,1
30.08.2021 00:59:28.209,0.9107299999999999,0.91061,1.5,1.85
30.08.2021 00:59:28.360,0.9107100000000001,0.91061,1,1.22
30.08.2021 00:59:32.642,0.9107000000000001,0.91059,1,1
30.08.2021 00:59:33.528,0.9106799999999999,0.91059,1,1.12
30.08.2021 00:59:43.314,0.9106799999999999,0.91058,1,1.12
30.08.2021 01:00:00.641,0.9107100000000001,0.91061,1.5,2.07
30.08.2021 01:00:00.798,0.9107200000000001,0.9106200000000001,1.5,1.2
30.08.2021 01:00:01.575,0.91069,0.91059,1,1.22
30.08.2021 01:00:01.676,0.91069,0.91059,1,1.12
30.08.2021 01:00:02.575,0.9106799999999999,0.91058,1.5,1.12
30.08.2021 01:00:07.946,0.91069,0.9106000000000001,1,1.1
30.08.2021 01:00:08.048,0.9107100000000001,0.91061,1.5,1.12
30.08.2021 01:00:09.797,0.91069,0.9106000000000001,1,1.5
30.08.2021 01:00:09.898,0.91069,0.9106000000000001,1,1
30.08.2021 01:00:09.999,0.9106799999999999,0.9106000000000001,1,1
30.08.2021 01:00:11.168,0.91069,0.91058,1.5,1.69
30.08.2021 01:00:11.320,0.9106799999999999,0.91058,1,1
30.08.2021 01:00:12.265,0.9106799999999999,0.91058,1,1.75
30.08.2021 01:00:13.833,0.91069,0.91058,1.5,2.94
30.08.2021 01:00:16.761,0.9106700000000001,0.91058,1,1.31
30.08.2021 01:00:22.752,0.9106799999999999,0.91058,1,1
30.08.2021 01:00:24.844,0.9106700000000001,0.91058,1,1
30.08.2021 01:00:27.375,0.9106700000000001,0.9105700000000001,1.5,1.01
30.08.2021 01:00:37.267,0.9106700000000001,0.9105500000000001,1,1.95
30.08.2021 01:00:41.764,0.91066,0.9105700000000001,1,1
30.08.2021 01:00:42.887,0.9106700000000001,0.9105500000000001,1,1.95
30.08.2021 01:00:52.751,0.9106700000000001,0.9105700000000001,1,1.5
30.08.2021 01:00:52.903,0.9106700000000001,0.91058,1,1
30.08.2021 01:00:53.698,0.9106700000000001,0.91059,1,1
30.08.2021 01:00:53.900,0.91069,0.91059,1,1
30.08.2021 01:00:54.001,0.9107200000000001,0.9106200000000001,2,1
30.08.2021 01:00:54.102,0.9107200000000001,0.9106200000000001,1,1
30.08.2021 01:00:55.452,0.9107200000000001,0.9106299999999999,1,1
30.08.2021 01:00:57.059,0.9107200000000001,0.9106299999999999,1.1,1
30.08.2021 01:01:03.631,0.9107200000000001,0.9106200000000001,1.1,1
30.08.2021 01:01:07.753,0.9107200000000001,0.91061,1.6,2.06
30.08.2021 01:01:14.220,0.9107200000000001,0.91061,1.6,2.06
30.08.2021 01:01:15.500,0.91069,0.91059,1.6,1.31
30.08.2021 01:01:15.651,0.9107000000000001,0.91058,1.6,1
30.08.2021 01:01:17.632,0.91069,0.91059,1.6,1.12
30.08.2021 01:01:22.118,0.9107100000000001,0.9106200000000001,1.1,1
30.08.2021 01:01:22.219,0.9107299999999999,0.9106299999999999,1.5,1.69
30.08.2021 01:01:22.320,0.91074,0.91064,1.5,1
30.08.2021 01:01:25.532,0.9107299999999999,0.9106299999999999,1,2.25
30.08.2021 01:01:27.045,0.9107200000000001,0.9106200000000001,1,1.57
30.08.2021 01:01:44.586,0.9107200000000001,0.91061,1.5,2.51
30.08.2021 01:02:01.155,0.9107200000000001,0.9106200000000001,1.5,1
30.08.2021 01:02:15.559,0.9107299999999999,0.9106200000000001,1.5,2.16
30.08.2021 01:02:17.882,0.9107200000000001,0.91061,4.76,1.6
30.08.2021 01:02:18.186,0.9107299999999999,0.91061,1,1.01
30.08.2021 01:02:29.334,0.9107100000000001,0.91061,1,1.22
30.08.2021 01:02:29.435,0.9107100000000001,0.91061,1,1.12
30.08.2021 01:02:29.600,0.9107200000000001,0.91059,1.5,1.95
30.08.2021 01:02:30.106,0.91069,0.91059,1,1
30.08.2021 01:02:30.207,0.9106799999999999,0.91058,1,1.5
30.08.2021 01:02:30.583,0.91069,0.91059,1.5,1.39
30.08.2021 01:02:31.953,0.9107000000000001,0.91058,1,2.16
30.08.2021 01:02:55.069,0.9107100000000001,0.91059,1,1.1
30.08.2021 01:03:01.534,0.91069,0.91059,1.5,1.31
30.08.2021 01:03:13.546,0.9106799999999999,0.91058,1,1.5
30.08.2021 01:03:13.697,0.9106700000000001,0.9105700000000001,1,1.5
30.08.2021 01:03:19.388,0.91066,0.9105500000000001,1,1.69
30.08.2021 01:03:28.956,0.91066,0.91056,1,1
30.08.2021 01:03:29.058,0.9106700000000001,0.91058,1,1
30.08.2021 01:03:29.217,0.91069,0.9105700000000001,1.5,1
30.08.2021 01:03:30.624,0.91069,0.91059,1.5,1
30.08.2021 01:03:33.122,0.9107200000000001,0.9106200000000001,1.5,1
30.08.2021 01:03:33.173,0.9107200000000001,0.9106200000000001,1,1
30.08.2021 01:03:33.224,0.9107299999999999,0.91064,1,1
30.08.2021 01:03:36.046,0.9107500000000001,0.9106500000000001,1.5,1
30.08.2021 01:03:49.807,0.91074,0.91064,1,1.76
30.08.2021 01:04:02.335,0.9107600000000001,0.91064,1.5,1
30.08.2021 01:04:04.718,0.9107600000000001,0.9106700000000001,1.12,1
30.08.2021 01:04:04.819,0.9107799999999999,0.9106700000000001,1.57,1.31
30.08.2021 01:04:04.935,0.9107600000000001,0.91066,1,3.07
30.08.2021 01:04:11.166,0.9107600000000001,0.91066,1,1.76
30.08.2021 01:04:14.329,0.9107500000000001,0.9106500000000001,1,1.69
30.08.2021 01:04:37.011,0.9107600000000001,0.91066,1.5,1
30.08.2021 01:04:51.124,0.9107500000000001,0.9106500000000001,1,1
30.08.2021 01:05:09.725,0.91074,0.91064,1,1.57
30.08.2021 01:05:15.852,0.9107500000000001,0.9106500000000001,1,1
30.08.2021 01:05:20.814,0.9107600000000001,0.91066,1.57,1
30.08.2021 01:05:26.631,0.9107500000000001,0.9106500000000001,1,1.69
30.08.2021 01:05:35.686,0.91074,0.91064,1,1.5
30.08.2021 01:05:40.929,0.9107500000000001,0.9106500000000001,1.5,1
30.08.2021 01:06:06.080,0.9107299999999999,0.9106500000000001,1,1
30.08.2021 01:06:06.131,0.9107299999999999,0.9106299999999999,1.1,1.87
30.08.2021 01:06:06.183,0.91069,0.91061,1,1
30.08.2021 01:06:06.284,0.91069,0.9106000000000001,1,1
30.08.2021 01:06:06.537,0.9106799999999999,0.91059,1,1
30.08.2021 01:06:07.158,0.9106799999999999,0.91058,1,1.1
30.08.2021 01:06:10.128,0.91069,0.91058,1.57,1.57
30.08.2021 01:06:16.260,0.9106799999999999,0.91058,1.1,1
30.08.2021 01:06:16.361,0.9106700000000001,0.9105700000000001,1,1.95
30.08.2021 01:06:16.563,0.91066,0.9105700000000001,1,1
30.08.2021 01:06:20.112,0.91066,0.9105500000000001,1.5,2.16
30.08.2021 01:06:22.830,0.91066,0.9105500000000001,1.5,2.97
30.08.2021 01:06:22.986,0.91066,0.9105500000000001,1.5,2.97
30.08.2021 01:06:27.060,0.91066,0.91056,1,1.35
30.08.2021 01:06:27.161,0.91066,0.91056,1,1.01
30.08.2021 01:06:58.804,0.91066,0.9105500000000001,1.5,2.14
30.08.2021 01:07:03.491,0.9106500000000001,0.9105500000000001,1,1.12
30.08.2021 01:07:08.966,0.9106500000000001,0.91054,1.57,2.06
30.08.2021 01:07:16.801,0.91064,0.91054,1.1,1.31
30.08.2021 01:07:16.902,0.9106299999999999,0.91053,1.5,1
30.08.2021 01:07:22.021,0.9106299999999999,0.91054,1,1
30.08.2021 01:07:23.650,0.91064,0.91054,1,1.5
30.08.2021 01:07:23.802,0.9106500000000001,0.9105500000000001,1.5,1
30.08.2021 01:07:58.875,0.9106299999999999,0.91053,1,1.12
30.08.2021 01:07:58.976,0.9106299999999999,0.9105200000000001,1.76,1.87
30.08.2021 01:08:06.364,0.91064,0.91051,1.5,2.64
30.08.2021 01:08:06.467,0.91064,0.91054,1.5,1
30.08.2021 01:08:06.573,0.91064,0.9105500000000001,1,1
30.08.2021 01:08:10.753,0.9106500000000001,0.9105500000000001,1.57,1
30.08.2021 01:08:34.749,0.9106200000000001,0.91053,1.1,1
30.08.2021 01:08:34.851,0.91061,0.9105200000000001,1,1
30.08.2021 01:08:34.953,0.91061,0.91051,1.57,1
30.08.2021 01:08:38.064,0.91061,0.91051,1.6,1
30.08.2021 01:08:38.620,0.91061,0.91051,1.57,1
30.08.2021 01:09:08.281,0.91061,0.91051,1.79,1
30.08.2021 01:09:09.827,0.91061,0.91051,1.57,1
30.08.2021 01:09:34.412,0.91061,0.91051,1.1,1
30.08.2021 01:09:36.310,0.91061,0.91051,1.1,1
30.08.2021 01:09:46.406,0.91061,0.91051,1.1,1
30.08.2021 01:10:25.445,0.91059,0.91049,1.57,1
30.08.2021 01:10:25.598,0.91059,0.9105000000000001,1.1,1
30.08.2021 01:11:00.163,0.9106000000000001,0.9105000000000001,1.76,1
30.08.2021 01:11:05.156,0.9106000000000001,0.91051,1.01,1
30.08.2021 01:11:10.057,0.91061,0.91051,1.57,1
30.08.2021 01:11:20.466,0.91061,0.91051,1.6,1
30.08.2021 01:11:24.508,0.91059,0.91049,1,1.57
30.08.2021 01:11:24.610,0.9106000000000001,0.9105000000000001,1.1,1
30.08.2021 01:11:26.816,0.91059,0.9105000000000001,1,1
30.08.2021 01:11:28.057,0.91058,0.9105000000000001,1,1
30.08.2021 01:11:31.062,0.91059,0.9105000000000001,1,1
30.08.2021 01:11:47.633,0.91064,0.91053,1,1.1
30.08.2021 01:11:47.734,0.91064,0.91054,1.5,1.97
30.08.2021 01:11:53.902,0.9106200000000001,0.91054,1,1
30.08.2021 01:11:54.003,0.9106200000000001,0.9105200000000001,1,1.35
30.08.2021 01:11:54.104,0.9106299999999999,0.91054,1.1,1
30.08.2021 01:11:54.205,0.9106200000000001,0.91054,1,1
30.08.2021 01:12:02.053,0.91061,0.91054,1,1
30.08.2021 01:12:02.104,0.91059,0.9105000000000001,1,1.1
30.08.2021 01:12:02.205,0.91058,0.9105000000000001,1,1
30.08.2021 01:12:06.849,0.91053,0.91048,1,1.25
30.08.2021 01:12:06.900,0.91054,0.91046,1,1.01
30.08.2021 01:12:07.001,0.91056,0.91049,1,1
30.08.2021 01:12:07.209,0.91056,0.91046,1,2.95
30.08.2021 01:12:07.260,0.91056,0.91049,1,1
30.08.2021 01:12:13.022,0.9105700000000001,0.91049,1,1
30.08.2021 01:12:13.123,0.91059,0.91051,1.12,1
30.08.2021 01:12:13.225,0.9106000000000001,0.91051,1,1.69
30.08.2021 01:12:13.326,0.9106000000000001,0.9105200000000001,1,1
30.08.2021 01:12:15.645,0.91059,0.9105000000000001,1,1.69
30.08.2021 01:12:16.176,0.91058,0.9105000000000001,1,1
30.08.2021 01:12:17.783,0.91059,0.9105000000000001,1,1
30.08.2021 01:12:17.935,0.91059,0.91049,1.5,2.44
30.08.2021 01:12:17.986,0.91059,0.91051,1,1
30.08.2021 01:12:18.113,0.91058,0.91049,1,1
30.08.2021 01:12:18.214,0.91059,0.91051,1,1
30.08.2021 01:12:40.951,0.91058,0.91048,1.5,4.01
30.08.2021 01:12:41.052,0.91059,0.91049,1,1
30.08.2021 01:13:32.304,0.91059,0.9105000000000001,1,1
30.08.2021 01:13:35.885,0.91058,0.9105000000000001,1,1
30.08.2021 01:13:45.910,0.91059,0.9105000000000001,1,1
30.08.2021 01:14:15.305,0.91058,0.91049,1,1
30.08.2021 01:14:18.963,0.9106000000000001,0.91048,1.5,1.5
30.08.2021 01:14:19.065,0.91059,0.9105000000000001,1,1
30.08.2021 01:14:42.277,0.91059,0.91049,1,1
30.08.2021 01:14:43.284,0.91059,0.9105200000000001,1,1
30.08.2021 01:14:43.336,0.9106500000000001,0.9105500000000001,1.5,2.06
30.08.2021 01:14:46.194,0.9106500000000001,0.91053,1.12,1
30.08.2021 01:14:46.295,0.9106299999999999,0.91053,1,1
30.08.2021 01:14:48.947,0.9106500000000001,0.91054,2.07,1
30.08.2021 01:14:48.998,0.91061,0.91051,1,3.5
30.08.2021 01:14:49.099,0.9106000000000001,0.9105000000000001,1,1
30.08.2021 01:14:49.251,0.91061,0.91051,1,1
30.08.2021 01:14:49.352,0.9106200000000001,0.9105200000000001,1.2,1
30.08.2021 01:15:02.284,0.9106500000000001,0.9105500000000001,1.87,1
30.08.2021 01:15:27.003,0.9106500000000001,0.91054,1.2,2.14
30.08.2021 01:15:47.968,0.91061,0.91051,1.5,2.81
30.08.2021 01:15:48.069,0.91059,0.9105000000000001,1,1
30.08.2021 01:16:15.294,0.91059,0.91051,1,1
30.08.2021 01:17:01.228,0.91061,0.91053,1.5,3.5
30.08.2021 01:17:01.279,0.9106299999999999,0.91053,1.95,4.44
30.08.2021 01:17:01.380,0.91064,0.91054,1.95,2.87
30.08.2021 01:17:01.481,0.9106200000000001,0.91054,1.22,1
30.08.2021 01:17:01.532,0.91061,0.9105200000000001,1.57,1
30.08.2021 01:17:01.583,0.91059,0.9105200000000001,1,1
30.08.2021 01:17:01.634,0.91061,0.91053,1,1.5
30.08.2021 01:17:01.735,0.9106200000000001,0.91053,1.5,1.5
30.08.2021 01:17:31.876,0.9106200000000001,0.9105200000000001,1.5,2.44
30.08.2021 01:17:32.079,0.9106299999999999,0.9105200000000001,1,1
30.08.2021 01:17:58.292,0.91059,0.9105200000000001,1,1
30.08.2021 01:17:58.393,0.91059,0.91051,1.1,1
30.08.2021 01:18:08.166,0.91059,0.9105000000000001,1.1,1
30.08.2021 01:18:17.079,0.91059,0.91049,1.57,1.69
30.08.2021 01:18:17.180,0.91059,0.9105000000000001,1.1,1
30.08.2021 01:18:17.309,0.91059,0.91051,1.1,1
30.08.2021 01:18:22.775,0.91058,0.91051,1,1
30.08.2021 01:18:28.288,0.91059,0.91051,1.1,1
30.08.2021 01:18:41.860,0.91059,0.9105000000000001,1,1
30.08.2021 01:18:42.885,0.91058,0.9105000000000001,1,1
30.08.2021 01:18:42.986,0.91059,0.9105000000000001,1.1,1
30.08.2021 01:18:57.377,0.91059,0.91049,2.44,1
30.08.2021 01:18:57.478,0.91059,0.9105000000000001,1,1
30.08.2021 01:18:58.165,0.91059,0.91049,2.44,1
30.08.2021 01:18:58.266,0.91059,0.9105000000000001,1,1
30.08.2021 01:18:59.601,0.9105500000000001,0.91049,2,1
30.08.2021 01:18:59.652,0.9105500000000001,0.9104700000000001,1.25,1
30.08.2021 01:18:59.703,0.91054,0.9104500000000001,1.5,1.5
30.08.2021 01:18:59.804,0.9105700000000001,0.9104700000000001,1.2,1
30.08.2021 01:19:01.616,0.9105500000000001,0.9104700000000001,2.25,1
30.08.2021 01:19:01.768,0.9105700000000001,0.91046,2.51,1.5
30.08.2021 01:19:02.092,0.9105500000000001,0.9104700000000001,1.1,1
30.08.2021 01:19:02.205,0.91056,0.91048,2.51,1
30.08.2021 01:19:06.220,0.91058,0.91048,2.94,1.5
30.08.2021 01:19:06.271,0.91059,0.91049,1.87,1.5
30.08.2021 01:19:06.474,0.91059,0.9105000000000001,1,1
30.08.2021 01:19:24.488,0.91059,0.91051,1,1
30.08.2021 01:19:24.539,0.91061,0.91053,1.25,3
30.08.2021 01:19:24.590,0.9106299999999999,0.91053,2.25,2.25
30.08.2021 01:19:38.554,0.9106200000000001,0.91053,1.5,1
30.08.2021 01:19:38.655,0.9106000000000001,0.9105200000000001,1,1
30.08.2021 01:19:38.756,0.91059,0.9105200000000001,1,1
30.08.2021 01:19:38.857,0.91059,0.9105000000000001,1,1.01
30.08.2021 01:19:47.647,0.9106200000000001,0.91051,1,1
30.08.2021 01:19:52.789,0.9106200000000001,0.9105200000000001,1.5,1.57
30.08.2021 01:19:52.921,0.9106200000000001,0.91053,1,1
30.08.2021 01:20:11.123,0.9106200000000001,0.91054,1,1
30.08.2021 01:20:27.350,0.91064,0.9105500000000001,1.12,1
30.08.2021 01:20:38.366,0.9106299999999999,0.91054,1,1.5
30.08.2021 01:20:49.518,0.91064,0.9105500000000001,1.5,1
30.08.2021 01:20:55.751,0.9106299999999999,0.9105500000000001,1,1
30.08.2021 01:20:56.169,0.91064,0.9105500000000001,1,1.87
30.08.2021 01:20:56.371,0.91064,0.91054,1,1
30.08.2021 01:21:44.709,0.9106299999999999,0.91054,1,1.1
30.08.2021 01:22:03.919,0.91064,0.9105500000000001,1,1.12
30.08.2021 01:22:07.769,0.9106299999999999,0.9105500000000001,1,1
30.08.2021 01:22:14.673,0.91064,0.9105500000000001,1,1
30.08.2021 01:22:14.825,0.91064,0.9105700000000001,1,1
30.08.2021 01:22:24.087,0.9106299999999999,0.9105500000000001,1,1.87
30.08.2021 01:22:29.171,0.9106299999999999,0.91054,1,1
30.08.2021 01:22:50.069,0.9106299999999999,0.91053,2.44,1.1
30.08.2021 01:22:55.260,0.91061,0.9105200000000001,1.76,1
30.08.2021 01:22:58.752,0.9106000000000001,0.9105200000000001,1,1
30.08.2021 01:23:06.788,0.9106000000000001,0.9105000000000001,1,1
30.08.2021 01:23:17.325,0.91058,0.91051,1,1
30.08.2021 01:23:55.333,0.91059,0.91051,1,1
30.08.2021 01:23:56.198,0.9106000000000001,0.9105200000000001,1,1
30.08.2021 01:24:16.109,0.91061,0.9105200000000001,1,1
30.08.2021 01:24:19.768,0.9106000000000001,0.9105200000000001,1,1
30.08.2021 01:24:26.860,0.91061,0.9105200000000001,1.69,1
30.08.2021 01:24:30.252,0.9106200000000001,0.91053,1.1,1
30.08.2021 01:24:52.990,0.91061,0.91051,1.57,2.62
30.08.2021 01:24:53.092,0.9106000000000001,0.9105000000000001,2.44,1.57
30.08.2021 01:24:53.297,0.9106000000000001,0.9105200000000001,1.69,1
30.08.2021 01:25:06.660,0.91059,0.9105200000000001,1,1
30.08.2021 01:25:09.632,0.91059,0.91051,1.69,1
30.08.2021 01:26:02.149,0.9106000000000001,0.91051,1.1,1
30.08.2021 01:26:03.436,0.9106200000000001,0.9105000000000001,1.57,1
30.08.2021 01:26:04.616,0.91061,0.9105200000000001,1.1,1
30.08.2021 01:26:06.672,0.9106000000000001,0.9105200000000001,1,1
30.08.2021 01:26:59.585,0.9106000000000001,0.91051,1.1,1
30.08.2021 01:27:21.853,0.91059,0.9105000000000001,1,1
30.08.2021 01:27:21.954,0.91059,0.91049,1.5,1.5
30.08.2021 01:27:22.055,0.91059,0.91051,1,1
30.08.2021 01:27:59.224,0.91059,0.91049,1.5,2.25
30.08.2021 01:27:59.325,0.91059,0.9105000000000001,1,1
30.08.2021 01:28:08.651,0.9106000000000001,0.9105000000000001,1,1
30.08.2021 01:28:28.261,0.91059,0.9105000000000001,1,1
30.08.2021 01:28:51.631,0.91058,0.91048,1.5,2.25
30.08.2021 01:28:51.732,0.91058,0.91051,1,1
30.08.2021 01:29:09.604,0.91059,0.91051,1,1
30.08.2021 01:29:10.096,0.91059,0.91049,1.5,1.25
30.08.2021 01:29:10.146,0.91059,0.91051,1,1
30.08.2021 01:29:16.049,0.91058,0.91051,1,1
30.08.2021 01:29:43.408,0.91059,0.91051,1,1
30.08.2021 01:29:43.954,0.91059,0.91049,1.5,1
30.08.2021 01:29:44.114,0.91059,0.91051,1,1
30.08.2021 01:30:01.163,0.9106000000000001,0.91051,1,1
30.08.2021 01:30:31.451,0.91059,0.91051,1,1
30.08.2021 01:31:21.908,0.9106000000000001,0.91051,1.1,1
30.08.2021 01:31:40.802,0.91061,0.91051,1.1,1.5
30.08.2021 01:32:02.077,0.91061,0.9105200000000001,1.1,1
30.08.2021 01:32:02.673,0.91061,0.9105200000000001,1.1,1
30.08.2021 01:32:02.921,0.91061,0.9105200000000001,1.1,1
30.08.2021 01:32:03.060,0.9106200000000001,0.91051,1.1,1
30.08.2021 01:32:07.776,0.91061,0.91051,1.1,2.81
30.08.2021 01:32:19.890,0.91059,0.91051,1,1
30.08.2021 01:34:32.333,0.9106000000000001,0.91049,1,1.5
30.08.2021 01:34:32.434,0.91059,0.91051,1,1
30.08.2021 01:35:11.941,0.91058,0.91051,1,1
30.08.2021 01:35:15.349,0.91059,0.91051,1.1,1
30.08.2021 01:35:46.450,0.91059,0.91049,1.57,1.5
30.08.2021 01:35:46.560,0.91059,0.91051,1.1,1
30.08.2021 01:36:16.156,0.91058,0.91049,1,1
30.08.2021 01:36:16.206,0.91058,0.91051,1,1
30.08.2021 01:36:20.121,0.9105500000000001,0.91046,2.25,1.5
30.08.2021 01:36:20.223,0.9105700000000001,0.91049,1.1,1
30.08.2021 01:36:20.274,0.91056,0.9104700000000001,1.57,1
30.08.2021 01:36:20.540,0.9105700000000001,0.91049,1,1
30.08.2021 01:36:20.591,0.91058,0.9105000000000001,1.1,1
30.08.2021 01:36:34.853,0.91059,0.9105000000000001,1.1,1.87
30.08.2021 01:36:49.400,0.91059,0.91051,1.1,1
30.08.2021 01:36:49.611,0.9106000000000001,0.91051,1.1,1.12
30.08.2021 01:36:52.273,0.9106000000000001,0.9105000000000001,1.1,3
30.08.2021 01:36:52.578,0.9106000000000001,0.9105000000000001,1.1,2.62
30.08.2021 01:37:01.270,0.9106000000000001,0.9105200000000001,1.1,1
30.08.2021 01:37:15.849,0.9106000000000001,0.9105200000000001,1.72,1
30.08.2021 01:37:19.406,0.9106000000000001,0.9105200000000001,1.1,1
30.08.2021 01:37:19.507,0.91059,0.9105000000000001,1.1,1
30.08.2021 01:37:19.608,0.9106000000000001,0.91051,1.1,1
30.08.2021 01:37:31.597,0.91061,0.9105000000000001,1.1,1
30.08.2021 01:37:37.934,0.9106000000000001,0.91051,1.1,1
30.08.2021 01:38:17.511,0.91059,0.9105000000000001,1.1,1
30.08.2021 01:38:17.613,0.9106000000000001,0.91051,1.35,1
30.08.2021 01:38:42.053,0.9105700000000001,0.91049,1.1,1
30.08.2021 01:38:42.154,0.91059,0.91051,1.1,1
30.08.2021 01:39:42.118,0.9106000000000001,0.91051,1,1
30.08.2021 01:39:42.270,0.9106000000000001,0.9105200000000001,1.1,1
30.08.2021 01:39:43.013,0.9106000000000001,0.9105200000000001,1.1,1
30.08.2021 01:39:48.511,0.9106000000000001,0.9105200000000001,1.1,1
30.08.2021 01:39:48.763,0.9106000000000001,0.9105200000000001,1.1,1
30.08.2021 01:39:49.285,0.9106000000000001,0.9105200000000001,1.1,1
30.08.2021 01:39:49.488,0.9106000000000001,0.9105200000000001,1.1,1
30.08.2021 01:39:56.170,0.9106000000000001,0.9105200000000001,1.1,1
30.08.2021 01:39:56.272,0.9106000000000001,0.9105200000000001,1.1,1
30.08.2021 01:40:00.418,0.9106000000000001,0.9105200000000001,1.1,1
30.08.2021 01:40:00.620,0.9106000000000001,0.9105200000000001,1.1,1
30.08.2021 01:40:11.762,0.9106000000000001,0.9105200000000001,1.1,1
30.08.2021 01:40:12.609,0.9106000000000001,0.9105200000000001,1.1,1
30.08.2021 01:40:15.573,0.9106000000000001,0.9105200000000001,1.1,1
30.08.2021 01:40:16.310,0.9106000000000001,0.9105200000000001,1.1,1
30.08.2021 01:40:17.033,0.9106000000000001,0.9105200000000001,1.1,1
30.08.2021 01:40:17.134,0.91059,0.9105200000000001,1,1
30.08.2021 01:40:21.302,0.9106000000000001,0.9105200000000001,1.1,1
30.08.2021 01:40:37.247,0.9106000000000001,0.91051,1.1,1
30.08.2021 01:40:43.810,0.91061,0.91051,1.1,2.81
30.08.2021 01:40:43.911,0.91061,0.91051,1.1,3.19
30.08.2021 01:40:44.012,0.9106000000000001,0.9105200000000001,1.1,1
30.08.2021 01:40:44.315,0.91061,0.9105200000000001,1.57,1
30.08.2021 01:40:44.417,0.91061,0.9105200000000001,1.6,1
30.08.2021 01:40:44.618,0.91059,0.9105200000000001,1,1
30.08.2021 01:40:44.719,0.91059,0.9105000000000001,1,1.25
30.08.2021 01:40:44.770,0.91059,0.9105200000000001,1,1
30.08.2021 01:41:22.374,0.91059,0.91051,1.1,1
30.08.2021 01:43:40.154,0.91059,0.91049,1,2.81
30.08.2021 01:43:47.218,0.91059,0.91051,1,1
30.08.2021 01:44:30.199,0.9106000000000001,0.91051,1,1
30.08.2021 01:44:34.754,0.91059,0.91051,1,1
30.08.2021 01:44:41.729,0.9106000000000001,0.91051,1,1
30.08.2021 01:44:43.629,0.9106000000000001,0.9105000000000001,1,1
30.08.2021 01:44:53.417,0.9106000000000001,0.91051,1,1
30.08.2021 01:45:12.280,0.91061,0.91051,1.25,1
30.08.2021 01:45:22.733,0.91061,0.91051,1.35,1
30.08.2021 01:45:59.582,0.9106200000000001,0.91051,2.91,1
30.08.2021 01:46:02.117,0.9106200000000001,0.91053,1.35,1
30.08.2021 01:46:06.304,0.9106200000000001,0.9105000000000001,1.79,1.25
30.08.2021 01:46:12.309,0.9106200000000001,0.9105000000000001,1.69,1.25
30.08.2021 01:46:12.617,0.9106200000000001,0.9105200000000001,2.44,1
30.08.2021 01:46:30.529,0.9106200000000001,0.9105200000000001,3.25,1
30.08.2021 01:46:34.984,0.9106200000000001,0.9105200000000001,1.69,1
30.08.2021 01:46:55.811,0.9106200000000001,0.91053,1.69,1
30.08.2021 01:46:56.403,0.9106200000000001,0.9105200000000001,2.44,1
30.08.2021 01:47:51.402,0.9106200000000001,0.91051,1.5,1
30.08.2021 01:48:18.154,0.9106000000000001,0.91051,1,1
30.08.2021 01:48:21.611,0.9106200000000001,0.91051,1.5,1
30.08.2021 01:48:22.988,0.9106200000000001,0.91051,2.91,1
30.08.2021 01:48:24.000,0.9106200000000001,0.91051,2.91,1
30.08.2021 01:48:46.374,0.9106200000000001,0.9105200000000001,1.79,1
30.08.2021 01:49:31.481,0.9106200000000001,0.9105200000000001,3.56,1
30.08.2021 01:49:41.375,0.9106200000000001,0.91051,4.31,1
30.08.2021 01:49:51.953,0.91059,0.91051,1,1
30.08.2021 01:49:56.035,0.9106200000000001,0.91051,4.06,1
30.08.2021 01:50:03.132,0.9106200000000001,0.91051,4.16,1
30.08.2021 01:50:10.458,0.9106200000000001,0.91051,4.91,1
30.08.2021 01:50:43.814,0.91061,0.91051,2.91,1
30.08.2021 01:50:49.545,0.91061,0.91051,1.2,1
30.08.2021 01:51:25.758,0.91061,0.91051,1.7,1
30.08.2021 01:51:27.760,0.91061,0.91051,1.2,1
30.08.2021 01:51:40.823,0.91061,0.91051,1.22,1
30.08.2021 01:51:44.539,0.9106000000000001,0.91051,1.1,1
30.08.2021 01:51:48.541,0.91061,0.91051,1.1,1
30.08.2021 01:51:48.642,0.9106000000000001,0.91048,1.1,1
30.08.2021 01:51:48.798,0.9106000000000001,0.9105000000000001,2.91,1
30.08.2021 01:51:49.111,0.9106000000000001,0.9105000000000001,2.91,1
30.08.2021 01:51:50.700,0.91059,0.9105000000000001,1.35,1
30.08.2021 01:51:52.763,0.91061,0.91051,2.29,1
30.08.2021 01:53:05.047,0.9106000000000001,0.9104700000000001,2.16,1
30.08.2021 01:53:05.381,0.9106000000000001,0.91049,1.41,1
30.08.2021 01:53:06.247,0.9106000000000001,0.9105000000000001,1.22,1
30.08.2021 01:53:43.834,0.91061,0.91051,1.85,1
30.08.2021 01:53:50.402,0.91061,0.91051,1.85,1
30.08.2021 01:54:21.348,0.9106000000000001,0.91051,1.35,1
30.08.2021 01:54:22.179,0.91061,0.91051,1.79,1
30.08.2021 01:54:52.099,0.91061,0.91051,2.66,1
30.08.2021 01:54:52.581,0.91061,0.9105200000000001,1.91,1
30.08.2021 01:54:53.520,0.91061,0.9105200000000001,1.22,1
30.08.2021 01:54:55.992,0.9106200000000001,0.9105200000000001,1.79,1
30.08.2021 01:54:56.144,0.9106200000000001,0.9105200000000001,1.79,1
30.08.2021 01:55:29.172,0.91061,0.91051,1.35,1
30.08.2021 01:55:45.706,0.9106000000000001,0.9105000000000001,1,1
30.08.2021 01:55:46.183,0.9106000000000001,0.91051,1.1,1
30.08.2021 01:55:47.135,0.9106000000000001,0.91051,1.1,1
30.08.2021 01:55:49.749,0.91061,0.91051,1.35,1
30.08.2021 01:55:54.454,0.9106299999999999,0.91051,4.1,1
30.08.2021 01:55:56.142,0.9106200000000001,0.9105200000000001,4,1
30.08.2021 01:55:56.360,0.9106200000000001,0.9105200000000001,3,1
30.08.2021 01:55:57.053,0.9106000000000001,0.9104700000000001,1.1,2.44
30.08.2021 01:55:57.154,0.9106000000000001,0.91051,1.35,1
30.08.2021 01:56:48.779,0.9106200000000001,0.9105200000000001,6.35,1
30.08.2021 01:56:57.121,0.9106200000000001,0.9105200000000001,5.5,1
30.08.2021 01:57:21.635,0.91059,0.9105200000000001,1,1
30.08.2021 01:57:22.499,0.9106200000000001,0.9105200000000001,5.87,1
30.08.2021 01:57:27.151,0.9106200000000001,0.9105200000000001,4.5,1
30.08.2021 01:57:27.873,0.9106299999999999,0.91051,4.6,1
30.08.2021 01:57:29.904,0.9105500000000001,0.91046,2.25,3
30.08.2021 01:57:29.955,0.91056,0.91046,1,1.57
30.08.2021 01:57:30.056,0.9105700000000001,0.9105000000000001,1.1,1
30.08.2021 01:57:31.904,0.9105700000000001,0.9104700000000001,1.57,1
30.08.2021 01:57:31.955,0.91058,0.91049,1.1,1
30.08.2021 01:57:33.053,0.91056,0.91044,4.57,2.25
30.08.2021 01:57:33.104,0.9105700000000001,0.91049,1.1,1
30.08.2021 01:57:33.154,0.91056,0.91044,1.1,2.25
30.08.2021 01:57:33.359,0.9105700000000001,0.91049,1.6,1
30.08.2021 01:57:38.078,0.9105500000000001,0.91046,1.5,1.12
30.08.2021 01:57:38.128,0.9105500000000001,0.91049,1.5,1
30.08.2021 01:57:38.230,0.9105700000000001,0.91049,1.6,1
30.08.2021 01:57:39.200,0.91058,0.91049,2.16,1
30.08.2021 01:57:43.413,0.91056,0.91046,2.51,1
30.08.2021 01:57:43.514,0.9105500000000001,0.91049,1.5,1
30.08.2021 01:57:43.666,0.9105700000000001,0.91049,3.1,1
30.08.2021 01:57:44.215,0.91059,0.91049,3.79,1
30.08.2021 01:57:44.316,0.91059,0.9105000000000001,2.91,1
30.08.2021 01:57:48.945,0.91056,0.9104700000000001,1.57,1
30.08.2021 01:57:49.046,0.9105500000000001,0.9104500000000001,2.32,3.94
30.08.2021 01:57:49.097,0.91056,0.9104700000000001,1.57,1
30.08.2021 01:57:49.198,0.91058,0.9104700000000001,1.6,1
30.08.2021 01:57:49.786,0.91059,0.91048,4.79,1
30.08.2021 01:57:49.987,0.9105500000000001,0.9104500000000001,2.7,2.62
30.08.2021 01:57:50.139,0.9105500000000001,0.91049,2.7,1
30.08.2021 01:57:56.175,0.91059,0.91049,2.97,1
30.08.2021 01:57:56.276,0.9106000000000001,0.9105000000000001,4.41,1
30.08.2021 01:58:03.457,0.91056,0.9105000000000001,1,1
30.08.2021 01:58:03.508,0.9105700000000001,0.91048,1.1,1.69
30.08.2021 01:58:03.558,0.91058,0.9105000000000001,1.1,1
30.08.2021 01:58:06.163,0.9105700000000001,0.9105000000000001,1.1,1
30.08.2021 01:58:06.264,0.91059,0.91049,2.72,1
30.08.2021 01:58:14.229,0.91056,0.91048,1,1.5
30.08.2021 01:58:14.381,0.91058,0.91049,2.6,1
30.08.2021 01:58:23.711,0.91059,0.91049,1.6,1
30.08.2021 01:58:23.816,0.9106000000000001,0.9105000000000001,1.22,1
30.08.2021 01:58:41.839,0.91061,0.91049,1.22,1
30.08.2021 01:59:18.753,0.9106000000000001,0.9105000000000001,1.22,1
30.08.2021 01:59:26.263,0.9105700000000001,0.91048,1,1.5
30.08.2021 01:59:26.364,0.9106000000000001,0.9105000000000001,3.66,1
30.08.2021 01:59:43.888,0.91061,0.91049,2.54,1
30.08.2021 01:59:55.543,0.91061,0.9105000000000001,1.1,1
30.08.2021 01:59:58.943,0.91058,0.91051,1,1
30.08.2021 02:00:00.183,0.9106000000000001,0.91051,1.1,1
30.08.2021 02:00:03.927,0.91061,0.91051,1.79,1
30.08.2021 02:00:03.978,0.9106200000000001,0.9105200000000001,1.76,1
30.08.2021 02:00:11.197,0.91059,0.91049,1.1,1
30.08.2021 02:00:11.450,0.9106299999999999,0.9105000000000001,1.35,1
30.08.2021 02:00:19.960,0.9106200000000001,0.91051,6.47,1
30.08.2021 02:00:36.728,0.91058,0.91048,1,2.25
30.08.2021 02:00:36.778,0.9106000000000001,0.9105000000000001,1.35,1
30.08.2021 02:00:58.563,0.91058,0.91046,1.1,1.5
30.08.2021 02:00:58.664,0.91059,0.91049,1.35,1
30.08.2021 02:01:09.560,0.9105500000000001,0.91049,1,1
30.08.2021 02:01:09.762,0.9105700000000001,0.91049,1.1,1
30.08.2021 02:01:20.546,0.91058,0.9105000000000001,1.35,1
30.08.2021 02:01:38.609,0.91058,0.9105000000000001,1.01,1
30.08.2021 02:01:38.956,0.91058,0.91048,1.35,1
30.08.2021 02:01:49.217,0.91058,0.9105000000000001,1.35,1
30.08.2021 02:02:00.928,0.91059,0.9105000000000001,1.1,1
30.08.2021 02:02:24.403,0.9105500000000001,0.9104700000000001,3.75,1
30.08.2021 02:02:24.504,0.91054,0.9104500000000001,1.5,3.75
30.08.2021 02:02:24.656,0.9105500000000001,0.9104500000000001,3.75,3.75
30.08.2021 02:02:24.706,0.9105500000000001,0.91048,3,1
30.08.2021 02:02:25.447,0.91056,0.91048,1.5,1
30.08.2021 02:02:25.498,0.91059,0.91049,2.29,1
30.08.2021 02:02:39.790,0.9105500000000001,0.91048,1,1
30.08.2021 02:02:39.840,0.91054,0.9104500000000001,2.25,1.5
30.08.2021 02:02:39.941,0.91054,0.9104700000000001,2.62,1
30.08.2021 02:02:53.216,0.91054,0.91048,2.25,1
30.08.2021 02:03:01.981,0.9105700000000001,0.91048,1.1,1
30.08.2021 02:03:02.082,0.91058,0.91049,1.1,1
30.08.2021 02:03:02.637,0.91058,0.91049,1.1,1
30.08.2021 02:03:12.930,0.91059,0.91048,1.6,1
30.08.2021 02:03:26.307,0.91054,0.91046,2.25,1.12
30.08.2021 02:03:26.408,0.91054,0.9104500000000001,2.25,1.5
30.08.2021 02:03:26.577,0.9105500000000001,0.91046,2.25,1
30.08.2021 02:03:34.810,0.91056,0.91046,2.32,1
30.08.2021 02:03:34.912,0.9105500000000001,0.91049,2.25,1
30.08.2021 02:03:35.013,0.9105700000000001,0.91049,1.6,1
30.08.2021 02:03:36.619,0.91058,0.91049,1.1,1
30.08.2021 02:03:36.721,0.9106000000000001,0.91048,1.57,1
30.08.2021 02:03:36.823,0.91059,0.9105000000000001,1.1,1
30.08.2021 02:03:41.868,0.9106000000000001,0.9105000000000001,1.1,1
30.08.2021 02:03:44.315,0.9106000000000001,0.91051,1.1,1
30.08.2021 02:03:47.906,0.9106000000000001,0.9105000000000001,1.1,2.25
30.08.2021 02:03:53.393,0.9106000000000001,0.9105000000000001,1.1,2
30.08.2021 02:04:07.497,0.91061,0.91049,1.1,1.87
30.08.2021 02:04:18.316,0.91061,0.91051,1.79,1
30.08.2021 02:04:29.472,0.91061,0.9105200000000001,1.1,1
30.08.2021 02:04:30.661,0.91061,0.91051,1.1,2.25
30.08.2021 02:04:41.848,0.91061,0.91051,1,1
30.08.2021 02:04:46.717,0.91059,0.91051,1,1
30.08.2021 02:04:50.736,0.91061,0.91051,1,2.25
30.08.2021 02:05:31.695,0.9106000000000001,0.91051,1.1,1
30.08.2021 02:05:47.087,0.91061,0.9105000000000001,2.16,1
30.08.2021 02:06:12.142,0.91059,0.91048,1,4.44
30.08.2021 02:06:12.243,0.9106000000000001,0.9105000000000001,1.76,1
30.08.2021 02:06:25.300,0.91058,0.9105000000000001,1,1
30.08.2021 02:06:29.344,0.91061,0.91049,1.1,1
30.08.2021 02:07:00.460,0.91059,0.91048,1,3.94
30.08.2021 02:07:00.511,0.9106000000000001,0.9105000000000001,2.44,1
30.08.2021 02:07:12.691,0.91054,0.91046,2.32,1
30.08.2021 02:07:12.793,0.91058,0.91049,1.57,1
30.08.2021 02:07:12.844,0.91056,0.9104500000000001,1,3.94
30.08.2021 02:07:12.895,0.9105700000000001,0.91048,1.1,1
30.08.2021 02:07:13.047,0.9105500000000001,0.9104500000000001,2.25,2.25
30.08.2021 02:07:13.098,0.9105500000000001,0.91048,1.5,1
30.08.2021 02:07:13.199,0.9105700000000001,0.91048,3.26,1
30.08.2021 02:07:13.300,0.9105700000000001,0.91048,3.01,1
30.08.2021 02:07:16.140,0.9105700000000001,0.91048,3.26,1
30.08.2021 02:07:20.433,0.91054,0.9104500000000001,2.62,1.5
30.08.2021 02:07:20.636,0.9105700000000001,0.9104700000000001,2.32,1
30.08.2021 02:07:20.737,0.9105700000000001,0.91048,1.57,1
30.08.2021 02:07:26.560,0.91058,0.91048,1.76,1
30.08.2021 02:07:33.819,0.91059,0.9105000000000001,1.1,1
30.08.2021 02:07:50.598,0.9106000000000001,0.9105000000000001,1.1,1
30.08.2021 02:08:04.248,0.91058,0.9105000000000001,1,1
30.08.2021 02:08:08.280,0.9106000000000001,0.9105000000000001,1.1,1
30.08.2021 02:08:11.842,0.9106000000000001,0.9105000000000001,1.1,1
30.08.2021 02:08:46.936,0.91061,0.9105000000000001,2.54,1
30.08.2021 02:09:18.113,0.91058,0.91049,1,1.5
30.08.2021 02:09:18.164,0.9106000000000001,0.9105000000000001,1.76,1
30.08.2021 02:09:26.634,0.91058,0.91048,1,3.19
30.08.2021 02:09:26.736,0.9106000000000001,0.9105000000000001,1.76,1
30.08.2021 02:09:27.872,0.9106000000000001,0.9105000000000001,1.35,1
30.08.2021 02:09:36.048,0.9106000000000001,0.9105000000000001,1.01,1
30.08.2021 02:09:43.172,0.9105700000000001,0.9105000000000001,1,1
30.08.2021 02:09:45.571,0.9105700000000001,0.91048,1.5,1.5
30.08.2021 02:09:45.673,0.91058,0.91048,1,1
30.08.2021 02:09:47.214,0.91059,0.91049,3.85,1
30.08.2021 02:10:28.888,0.91059,0.91049,1.01,1
30.08.2021 02:10:29.039,0.9106000000000001,0.9105000000000001,1.35,1
30.08.2021 02:10:29.839,0.9106000000000001,0.9105000000000001,1.1,1
30.08.2021 02:10:37.351,0.91058,0.91048,1,2.44
30.08.2021 02:10:37.452,0.9106000000000001,0.9105000000000001,4.01,1
30.08.2021 02:10:40.079,0.9106000000000001,0.9105000000000001,4.07,1
30.08.2021 02:10:57.053,0.91058,0.9105000000000001,1,1
30.08.2021 02:10:57.104,0.9105700000000001,0.91048,1,1
30.08.2021 02:10:57.205,0.91059,0.91049,2.32,1
30.08.2021 02:11:18.795,0.9106000000000001,0.91049,2.91,1
30.08.2021 02:11:22.096,0.91058,0.91049,1,1.87
30.08.2021 02:11:24.002,0.91058,0.9105000000000001,1,1
30.08.2021 02:11:26.135,0.91061,0.91049,1.35,1
30.08.2021 02:11:26.236,0.91061,0.9105000000000001,2.22,1
30.08.2021 02:11:33.427,0.91058,0.91048,1,2.62
30.08.2021 02:11:33.528,0.9106000000000001,0.9105000000000001,3.72,1
30.08.2021 02:11:42.826,0.9105700000000001,0.91048,1,1.5
30.08.2021 02:11:42.927,0.91059,0.91049,1.45,1
30.08.2021 02:11:55.243,0.91059,0.91049,1.1,1
30.08.2021 02:12:01.504,0.9105700000000001,0.9104700000000001,1,1.5
30.08.2021 02:12:01.606,0.91058,0.91049,2.51,1
30.08.2021 02:12:02.224,0.91059,0.91049,2.51,1
30.08.2021 02:12:02.980,0.91056,0.91048,1,1.5
30.08.2021 02:12:03.031,0.91059,0.91048,1.69,1
30.08.2021 02:12:58.044,0.91059,0.9105000000000001,1.35,1
30.08.2021 02:13:01.015,0.9105700000000001,0.9105000000000001,1,1
30.08.2021 02:13:05.094,0.9106000000000001,0.9105000000000001,3.04,1
30.08.2021 02:13:29.285,0.9106000000000001,0.9105000000000001,3.56,1
30.08.2021 02:13:31.373,0.9106000000000001,0.9105000000000001,2.56,1
30.08.2021 02:13:41.508,0.9106000000000001,0.9105000000000001,4.31,1
30.08.2021 02:13:43.254,0.9106000000000001,0.91049,2.25,1
30.08.2021 02:13:59.345,0.9106000000000001,0.9105000000000001,4.31,1
30.08.2021 02:14:06.158,0.9105700000000001,0.91048,1,1.5
30.08.2021 02:14:06.259,0.91059,0.91049,2.25,1
30.08.2021 02:14:39.929,0.9105700000000001,0.91048,1,1
30.08.2021 02:14:43.970,0.9106000000000001,0.91049,3.56,1
30.08.2021 02:14:44.021,0.91059,0.91049,1.75,1
30.08.2021 02:15:22.799,0.9105700000000001,0.91049,1,1
30.08.2021 02:15:22.900,0.91058,0.91049,2.51,1
30.08.2021 02:16:22.093,0.91058,0.91048,1,1
30.08.2021 02:16:23.144,0.91056,0.9104700000000001,1,1.12
30.08.2021 02:16:23.245,0.9105700000000001,0.91049,1,1
30.08.2021 02:16:24.100,0.91056,0.91049,1,1
30.08.2021 02:16:26.130,0.9105500000000001,0.91049,1,1
30.08.2021 02:16:26.181,0.91059,0.91049,2.06,1
30.08.2021 02:16:32.273,0.9105500000000001,0.9104500000000001,3,2.19
30.08.2021 02:16:32.374,0.9105500000000001,0.91049,1.5,1
30.08.2021 02:16:32.425,0.91058,0.91049,4.54,1
30.08.2021 02:16:33.620,0.91058,0.91049,1.01,1
30.08.2021 02:16:49.108,0.91056,0.91048,1,1.5
30.08.2021 02:16:49.209,0.91058,0.91049,2.16,1
30.08.2021 02:16:51.410,0.91059,0.91048,1.95,1
30.08.2021 02:17:07.160,0.91054,0.9104500000000001,1.97,2.44
30.08.2021 02:17:07.261,0.9105500000000001,0.91048,3.45,1
30.08.2021 02:17:07.362,0.91054,0.91048,1.12,1
30.08.2021 02:17:07.463,0.9105500000000001,0.91048,3.45,1
30.08.2021 02:17:07.564,0.91054,0.91048,1.5,1
30.08.2021 02:17:13.377,0.9105500000000001,0.91048,3.45,1
30.08.2021 02:17:13.429,0.91058,0.91048,3.45,2.25
30.08.2021 02:17:13.530,0.91058,0.91049,1.1,1
30.08.2021 02:17:15.607,0.91059,0.91049,1.1,1
30.08.2021 02:17:33.102,0.9105700000000001,0.91049,1,1
30.08.2021 02:17:33.153,0.9105500000000001,0.9104500000000001,1,3.94
30.08.2021 02:17:33.355,0.9105700000000001,0.91048,3.85,1
30.08.2021 02:17:40.202,0.91053,0.91043,2.25,3.04
30.08.2021 02:17:40.252,0.91049,0.91041,1.1,1.5
30.08.2021 02:17:40.354,0.91046,0.9104000000000001,1.1,1
30.08.2021 02:17:40.404,0.91043,0.91033,1.1,1.62
30.08.2021 02:17:40.505,0.9104200000000001,0.9103200000000001,1.1,1.25
30.08.2021 02:17:40.606,0.91041,0.9103100000000001,1.1,1
30.08.2021 02:17:40.707,0.91041,0.9103100000000001,1.1,1
30.08.2021 02:17:40.960,0.91039,0.91029,1.1,1
30.08.2021 02:17:41.061,0.91039,0.91029,2.35,1
30.08.2021 02:17:41.806,0.91039,0.91029,1.1,1
30.08.2021 02:17:44.227,0.9103700000000001,0.9102700000000001,1.1,1.5
30.08.2021 02:17:44.278,0.9103600000000001,0.91025,1.1,1.2
30.08.2021 02:17:44.429,0.91033,0.91023,1,3.26
30.08.2021 02:17:46.576,0.91034,0.9102200000000001,1.1,1
30.08.2021 02:17:46.677,0.91033,0.91023,1.79,1
30.08.2021 02:17:46.728,0.9103,0.9102,1.1,1.5
30.08.2021 02:17:46.829,0.91033,0.9102,2.54,1
30.08.2021 02:17:46.930,0.9102600000000001,0.9101700000000001,1,1
30.08.2021 02:17:47.031,0.9102600000000001,0.9101600000000001,1,1.5
30.08.2021 02:17:47.132,0.91029,0.91019,1.6,1
30.08.2021 02:17:47.234,0.91028,0.91018,1.1,1
30.08.2021 02:17:47.385,0.9102700000000001,0.9101700000000001,1,1
30.08.2021 02:17:48.691,0.9102700000000001,0.9101700000000001,1.1,1
30.08.2021 02:17:56.723,0.9102600000000001,0.9101400000000001,1.1,1
30.08.2021 02:17:56.825,0.91024,0.9101400000000001,1.1,1
30.08.2021 02:18:01.247,0.91024,0.9101400000000001,1.1,1
30.08.2021 02:18:01.579,0.91023,0.91013,1.1,1.25
30.08.2021 02:18:02.727,0.91025,0.91015,1.12,1.25
30.08.2021 02:18:03.342,0.91024,0.9101400000000001,1,1
30.08.2021 02:18:16.786,0.91023,0.91013,1,1
30.08.2021 02:18:27.790,0.9102200000000001,0.9101200000000002,2.35,1
30.08.2021 02:18:27.891,0.9102,0.9101,1,1.1
30.08.2021 02:18:28.637,0.9102100000000001,0.9101100000000001,1.01,1
30.08.2021 02:19:02.366,0.9102200000000001,0.9101200000000002,1,1.5
30.08.2021 02:19:02.467,0.91024,0.91013,1.1,1
30.08.2021 02:19:27.674,0.91025,0.9101400000000001,1.01,1
30.08.2021 02:20:22.668,0.91025,0.91015,1,1
30.08.2021 02:20:56.813,0.9102700000000001,0.91013,3.72,2.12
30.08.2021 02:21:05.718,0.91025,0.91015,1.1,1
30.08.2021 02:21:17.745,0.9103100000000001,0.91019,2.1,1.5
30.08.2021 02:21:17.847,0.9103,0.9102,1.1,1
30.08.2021 02:21:17.948,0.9103,0.9102,1,1
30.08.2021 02:21:19.858,0.91033,0.9102200000000001,2.29,1
30.08.2021 02:21:19.960,0.91034,0.91023,2.66,1
30.08.2021 02:21:20.111,0.9103200000000001,0.9102200000000001,1.1,1.12
30.08.2021 02:21:21.835,0.91034,0.91024,1.1,1
30.08.2021 02:21:21.936,0.91034,0.9102200000000001,1.1,1.12
30.08.2021 02:21:23.732,0.91034,0.9102200000000001,1.1,1
30.08.2021 02:21:32.532,0.9103100000000001,0.9102100000000001,1,1.2
30.08.2021 02:21:32.633,0.91029,0.91019,1,1.12
30.08.2021 02:21:32.735,0.91028,0.91018,1.35,1.5
30.08.2021 02:21:32.837,0.91028,0.91018,1.1,1.12
30.08.2021 02:21:36.602,0.91028,0.91018,1.1,1
30.08.2021 02:21:36.754,0.9102700000000001,0.9101700000000001,1.1,1
30.08.2021 02:21:36.855,0.9102600000000001,0.9101600000000001,1.1,1
30.08.2021 02:21:36.956,0.9102600000000001,0.9101600000000001,1.1,1
30.08.2021 02:21:41.716,0.9102600000000001,0.9101600000000001,1,1
30.08.2021 02:21:44.302,0.9102600000000001,0.9101600000000001,1.1,1
30.08.2021 02:21:47.348,0.9102600000000001,0.9101600000000001,1,1
30.08.2021 02:21:52.528,0.9102600000000001,0.9101600000000001,1.1,1
30.08.2021 02:21:53.611,0.9102600000000001,0.9101600000000001,1,1
30.08.2021 02:21:53.964,0.9103,0.9101700000000001,1.79,1
30.08.2021 02:22:00.017,0.91029,0.91018,2.04,1
30.08.2021 02:22:00.068,0.91029,0.91018,2.04,1
30.08.2021 02:22:00.829,0.9103,0.9102,1.1,1
30.08.2021 02:22:00.930,0.9103100000000001,0.9102100000000001,1.1,1
30.08.2021 02:22:01.082,0.9103200000000001,0.9102,1.35,1
30.08.2021 02:22:01.183,0.9103100000000001,0.9102100000000001,1.01,1
30.08.2021 02:22:04.249,0.9103200000000001,0.9102200000000001,1.1,1
30.08.2021 02:22:16.867,0.91033,0.91023,1.1,1
30.08.2021 02:22:26.081,0.91035,0.91024,2.54,1
30.08.2021 02:23:24.206,0.91035,0.91023,1.1,1
30.08.2021 02:23:24.307,0.91034,0.91024,1.1,1
30.08.2021 02:23:24.409,0.91034,0.91024,1.1,1
30.08.2021 02:23:24.648,0.91034,0.91024,1.1,1
30.08.2021 02:23:24.800,0.91034,0.91024,1.1,1
30.08.2021 02:23:24.901,0.91034,0.91024,1.1,1
30.08.2021 02:23:55.863,0.91034,0.91024,1.1,1
30.08.2021 02:23:55.964,0.91034,0.91024,1.1,1
30.08.2021 02:24:01.375,0.91034,0.91024,1.35,1
30.08.2021 02:24:16.072,0.91034,0.91023,1.35,1
30.08.2021 02:24:17.556,0.91033,0.9102200000000001,1.1,1.2
30.08.2021 02:24:20.393,0.91033,0.9102200000000001,1.1,1.12
30.08.2021 02:24:25.701,0.91033,0.9102200000000001,1.1,1.12
30.08.2021 02:24:25.802,0.91033,0.9102200000000001,1.35,1
30.08.2021 02:24:48.246,0.91034,0.91023,1.01,1
30.08.2021 02:24:48.905,0.91035,0.91024,1.79,1
30.08.2021 02:24:57.744,0.91035,0.91024,1.01,1
30.08.2021 02:25:04.288,0.91039,0.91029,3.04,1
30.08.2021 02:25:04.389,0.91039,0.91029,1.1,1
30.08.2021 02:25:06.315,0.91041,0.9103100000000001,1.1,1
30.08.2021 02:25:06.467,0.9104000000000001,0.9103,1.1,1.12
30.08.2021 02:25:11.876,0.91041,0.9103100000000001,1,1
30.08.2021 02:25:12.231,0.9104200000000001,0.9103200000000001,1,1
30.08.2021 02:25:13.060,0.9104200000000001,0.9103600000000001,1,1.5
30.08.2021 02:25:13.111,0.91046,0.9103600000000001,1.41,2.25
30.08.2021 02:25:13.327,0.91046,0.9103600000000001,1.1,2.25
30.08.2021 02:25:13.629,0.91046,0.9103600000000001,1.1,2.25
30.08.2021 02:25:21.912,0.91046,0.9103600000000001,1.01,2.25
30.08.2021 02:25:22.683,0.91046,0.9103600000000001,1.35,2.25
30.08.2021 02:25:23.060,0.9104700000000001,0.91035,1.01,2.25
30.08.2021 02:25:23.166,0.91046,0.9103600000000001,1.35,2.25
30.08.2021 02:25:38.536,0.9104500000000001,0.91035,1.1,1
30.08.2021 02:25:45.776,0.9104500000000001,0.91035,1.1,1
30.08.2021 02:25:46.080,0.9104500000000001,0.91035,1.79,1
30.08.2021 02:25:46.131,0.91044,0.91033,1.1,1
30.08.2021 02:25:54.755,0.9104500000000001,0.9103200000000001,1.1,1
30.08.2021 02:25:54.857,0.91043,0.9103200000000001,1.35,1
30.08.2021 02:25:54.958,0.91041,0.9103100000000001,1.1,1.25
30.08.2021 02:26:00.442,0.9104200000000001,0.9103200000000001,1.1,1
30.08.2021 02:26:18.049,0.91044,0.91033,1.6,1
30.08.2021 02:26:18.201,0.91044,0.91033,1.1,1.31
30.08.2021 02:26:46.234,0.91044,0.91033,1.79,1
30.08.2021 02:26:46.335,0.91041,0.9103100000000001,1,1.1
30.08.2021 02:26:57.998,0.9104000000000001,0.9103,1,2.51
30.08.2021 02:27:21.512,0.91043,0.9103200000000001,1.1,1.69
30.08.2021 02:27:21.613,0.91043,0.9103200000000001,1.57,1.85
30.08.2021 02:27:21.714,0.91046,0.9103600000000001,1,4.79
30.08.2021 02:27:21.815,0.9104700000000001,0.9103700000000001,1,1.1
30.08.2021 02:27:22.119,0.91048,0.91038,2.51,1.57
30.08.2021 02:27:25.017,0.91048,0.91038,1,1.6
30.08.2021 02:27:35.877,0.9105000000000001,0.91039,1.6,1.1
30.08.2021 02:27:56.527,0.9104700000000001,0.9103700000000001,2.32,3.26
30.08.2021 02:28:02.081,0.9104700000000001,0.9103700000000001,3.1,1.12
30.08.2021 02:28:04.780,0.9104700000000001,0.9103700000000001,1.57,1.39
30.08.2021 02:28:04.881,0.9104700000000001,0.91038,1,1.1
30.08.2021 02:28:04.982,0.91048,0.91038,1,1.6
30.08.2021 02:28:25.979,0.91048,0.91038,1,1.76
30.08.2021 02:28:31.063,0.91049,0.91039,1.1,1
30.08.2021 02:28:51.162,0.91049,0.91039,1.1,1
30.08.2021 02:28:52.829,0.91048,0.91038,1.1,1.76
30.08.2021 02:28:54.957,0.91048,0.91038,1,1.79
30.08.2021 02:28:55.405,0.91048,0.91038,1.1,1.76
30.08.2021 02:28:57.047,0.91048,0.91038,1,1.79
30.08.2021 02:29:00.159,0.91048,0.91038,1.1,1.76
30.08.2021 02:29:00.310,0.91048,0.91038,1,1.79
30.08.2021 02:29:00.412,0.91048,0.91038,1.1,1.76
30.08.2021 02:29:00.665,0.91048,0.91038,1,1.79
30.08.2021 02:29:05.756,0.91049,0.91039,1.1,1.1
30.08.2021 02:29:08.519,0.91049,0.91039,1.1,1
30.08.2021 02:29:09.597,0.91049,0.91039,1.1,1.1
30.08.2021 02:29:15.386,0.91049,0.91039,1.1,1
30.08.2021 02:29:16.136,0.91049,0.91039,1.1,1.1
30.08.2021 02:29:16.346,0.91049,0.91039,1.1,1
30.08.2021 02:29:17.256,0.91049,0.91039,1.1,1.1
30.08.2021 02:29:29.034,0.91049,0.91039,1,1.1
30.08.2021 02:29:31.670,0.91049,0.91039,1.1,1.1
30.08.2021 02:29:43.241,0.91049,0.91039,1,1.1
30.08.2021 02:29:43.920,0.91049,0.91039,1.1,1.1
30.08.2021 02:29:45.556,0.91048,0.91038,1.1,1
30.08.2021 02:29:59.732,0.91048,0.91038,1.35,1
30.08.2021 02:30:01.233,0.91048,0.91038,1.01,1
30.08.2021 02:30:02.295,0.91049,0.9103700000000001,1.35,1
30.08.2021 02:30:02.868,0.91046,0.91035,1.1,3.26
30.08.2021 02:30:03.401,0.91046,0.9103600000000001,1.1,1.5
30.08.2021 02:30:03.502,0.91046,0.91035,1.1,3.26
30.08.2021 02:30:16.411,0.9104700000000001,0.9103600000000001,1.1,1
30.08.2021 02:30:25.204,0.9104500000000001,0.91035,1.1,1.5
30.08.2021 02:30:25.305,0.91044,0.91035,1,1.5
30.08.2021 02:30:28.109,0.91043,0.91033,1,1.62
30.08.2021 02:30:28.211,0.9104200000000001,0.9103200000000001,1,1
30.08.2021 02:30:28.313,0.9104200000000001,0.9103100000000001,1.1,1
30.08.2021 02:30:28.363,0.9104000000000001,0.9103,1,2.7
30.08.2021 02:30:28.515,0.91041,0.9103100000000001,1,1
30.08.2021 02:30:38.811,0.9104000000000001,0.9103,1,1.57
30.08.2021 02:31:06.311,0.91041,0.9103200000000001,1,1
30.08.2021 02:31:09.497,0.91043,0.9103200000000001,1.1,2.06
30.08.2021 02:31:24.527,0.9104200000000001,0.9103100000000001,1,2.51
30.08.2021 02:31:53.512,0.9104200000000001,0.9103100000000001,1,2.26
30.08.2021 02:31:55.235,0.91043,0.9103200000000001,1.1,1.12
30.08.2021 02:32:21.140,0.9104700000000001,0.9103700000000001,1.1,1.25
30.08.2021 02:32:21.342,0.9104700000000001,0.9103700000000001,1,1.85
30.08.2021 02:32:31.517,0.9104700000000001,0.9103700000000001,1,1.2
30.08.2021 02:32:45.867,0.91046,0.9103700000000001,1,1
30.08.2021 02:32:45.968,0.91043,0.91033,1,1.5
30.08.2021 02:32:59.430,0.91044,0.91034,1.1,1.25
30.08.2021 02:33:00.675,0.91046,0.9103600000000001,1,2.25
30.08.2021 02:33:00.779,0.91048,0.91035,1.01,3
30.08.2021 02:33:02.794,0.9104700000000001,0.9103600000000001,1,3.76
30.08.2021 02:33:30.851,0.91048,0.91035,1.1,1.12
30.08.2021 02:33:30.972,0.91046,0.91035,1,2.51
30.08.2021 02:33:35.176,0.91046,0.91035,1,2.79
30.08.2021 02:33:42.332,0.9104700000000001,0.9103700000000001,1,1
30.08.2021 02:33:52.338,0.91046,0.91034,1,1.76
30.08.2021 02:33:58.465,0.91046,0.9103600000000001,1,1
30.08.2021 02:33:59.761,0.91049,0.9103600000000001,1.1,1.25
30.08.2021 02:33:59.862,0.91049,0.9103600000000001,1,2.57
30.08.2021 02:34:09.412,0.91048,0.9103700000000001,1,1.76
30.08.2021 02:34:24.758,0.91048,0.91038,1,1.25
30.08.2021 02:34:27.257,0.91048,0.9103700000000001,1,2.51
30.08.2021 02:34:54.763,0.91048,0.91035,1,1.51
30.08.2021 02:35:00.160,0.9104700000000001,0.9103600000000001,1,1.01
30.08.2021 02:35:10.810,0.91044,0.91034,1.1,1.75
30.08.2021 02:35:10.911,0.91044,0.91034,1.1,1
30.08.2021 02:35:20.558,0.91044,0.91034,1,3.32
30.08.2021 02:35:20.660,0.91046,0.91035,1,1.69
30.08.2021 02:35:20.862,0.91046,0.91035,1,2.19
30.08.2021 02:35:23.437,0.91048,0.91035,1,1.31
30.08.2021 02:35:32.515,0.91046,0.91035,1,1.89
30.08.2021 02:35:32.629,0.91046,0.91035,1,2.14
30.08.2021 02:35:36.601,0.91044,0.91034,1.1,1
30.08.2021 02:35:36.702,0.91044,0.9103200000000001,1.1,1
30.08.2021 02:35:37.304,0.91044,0.91034,1.1,1
30.08.2021 02:35:37.406,0.91044,0.91034,1,1.31
30.08.2021 02:35:57.873,0.91043,0.91033,1.1,1.39
30.08.2021 02:35:58.900,0.91044,0.91034,1,1.25
30.08.2021 02:36:08.614,0.91043,0.91033,1,1.69
30.08.2021 02:36:10.772,0.91043,0.91033,1,2.5
30.08.2021 02:36:13.171,0.91043,0.91033,1,1.25
30.08.2021 02:36:13.384,0.9104200000000001,0.9103200000000001,1,1.41
30.08.2021 02:36:22.806,0.9104200000000001,0.9103200000000001,1,1
30.08.2021 02:36:23.192,0.91041,0.9103100000000001,1,1.25
30.08.2021 02:36:47.649,0.91043,0.9103200000000001,1.1,1.12
30.08.2021 02:36:49.812,0.9104200000000001,0.9103100000000001,1,1.31
30.08.2021 02:36:50.287,0.9104200000000001,0.9103100000000001,1,1.41
30.08.2021 02:36:50.820,0.9104200000000001,0.9103100000000001,1,1.31
30.08.2021 02:36:59.416,0.91043,0.9103200000000001,1.1,1.25
30.08.2021 02:36:59.523,0.9104200000000001,0.9103100000000001,1,2.57
30.08.2021 02:37:24.845,0.91044,0.91034,1.1,1.1
30.08.2021 02:37:24.947,0.9104500000000001,0.91033,1,1.35
30.08.2021 02:37:25.048,0.91043,0.91033,1,2.54
30.08.2021 02:37:29.368,0.91043,0.91033,1.1,1.01
30.08.2021 02:37:48.725,0.9104200000000001,0.9103200000000001,1,1.22
30.08.2021 02:37:59.249,0.91044,0.91033,1,1.76
30.08.2021 02:37:59.300,0.9104500000000001,0.9103200000000001,1,5.29
30.08.2021 02:38:00.034,0.9104500000000001,0.91034,1.1,1.72
30.08.2021 02:38:01.267,0.91046,0.9103600000000001,1,2.91
30.08.2021 02:38:01.548,0.9104500000000001,0.9103600000000001,1,2.16
30.08.2021 02:38:30.646,0.9104700000000001,0.9103700000000001,1,1.41
30.08.2021 02:38:30.769,0.91046,0.9103600000000001,1,4.6
30.08.2021 02:38:32.894,0.91049,0.91038,1,2.89
30.08.2021 02:38:32.995,0.91049,0.91038,1,2.66
30.08.2021 02:38:33.096,0.91049,0.91038,1,2.66
30.08.2021 02:38:33.236,0.91049,0.91038,1,2.66
30.08.2021 02:38:34.247,0.91051,0.91041,1.1,1.1
30.08.2021 02:38:51.025,0.91051,0.91039,1,1.2
30.08.2021 02:39:37.661,0.91049,0.91039,1,1.1
30.08.2021 02:39:55.346,0.91049,0.91039,1,1.1
30.08.2021 02:40:00.522,0.91049,0.91039,1,2.54
30.08.2021 02:40:04.496,0.9105000000000001,0.91038,1,2.54
30.08.2021 02:40:04.606,0.91049,0.91039,1,2.54
30.08.2021 02:40:09.231,0.91049,0.91039,1,1.22
30.08.2021 02:41:09.365,0.91049,0.91038,1,1.5
30.08.2021 02:41:09.912,0.91046,0.9103700000000001,1,1.1
30.08.2021 02:41:10.013,0.9104500000000001,0.91035,1,3.29
30.08.2021 02:41:12.097,0.9104500000000001,0.91035,1.1,1.1
30.08.2021 02:41:14.630,0.91044,0.91034,1.1,1.1
30.08.2021 02:41:15.707,0.9104700000000001,0.91034,1.01,1.1
30.08.2021 02:41:26.477,0.91044,0.91034,1,1.2
30.08.2021 02:41:26.628,0.91046,0.91035,1.35,1
30.08.2021 02:41:26.730,0.91046,0.91035,1,1.76
30.08.2021 02:41:26.931,0.91046,0.91035,1,1.51
30.08.2021 02:41:27.155,0.91046,0.91035,1,1.76
30.08.2021 02:41:32.852,0.9104500000000001,0.91034,1.79,1.2
30.08.2021 02:41:32.953,0.91043,0.91033,1,1.41
30.08.2021 02:41:33.505,0.91046,0.9103600000000001,1.1,1.57
30.08.2021 02:41:33.656,0.91046,0.9103600000000001,1,1.6
30.08.2021 02:41:40.970,0.9104700000000001,0.9103600000000001,1.1,3.79
30.08.2021 02:41:45.444,0.91044,0.91034,1.1,1.5
30.08.2021 02:41:45.545,0.91044,0.91034,1.1,1
30.08.2021 02:41:45.646,0.91044,0.9103200000000001,1.1,1
30.08.2021 02:41:45.747,0.9104200000000001,0.9103200000000001,1,1.1
30.08.2021 02:42:40.696,0.91041,0.9103100000000001,1,1.79
30.08.2021 02:42:51.030,0.9104200000000001,0.9103200000000001,1,1.1
30.08.2021 02:43:04.342,0.9104200000000001,0.9103200000000001,1,4
30.08.2021 02:43:04.443,0.91043,0.91033,1,1.25
30.08.2021 02:43:05.530,0.91043,0.91033,1,1.82
30.08.2021 02:43:08.794,0.91048,0.91038,1.1,1
30.08.2021 02:43:08.895,0.91048,0.91038,1,1.35
30.08.2021 02:43:18.215,0.91049,0.91039,1.1,1.1
30.08.2021 02:43:26.143,0.91049,0.91039,1,1.35
30.08.2021 02:43:29.260,0.91049,0.91039,1.1,1.1
30.08.2021 02:43:46.127,0.91049,0.91039,1,1.79
30.08.2021 02:44:13.232,0.9105000000000001,0.9104000000000001,1,1.1
30.08.2021 02:45:40.212,0.91049,0.91039,1,1.79
30.08.2021 02:46:17.508,0.91049,0.91039,1,1.69
30.08.2021 02:47:49.229,0.91044,0.91035,1,1.1
30.08.2021 02:47:49.331,0.91044,0.91034,1.35,1
30.08.2021 02:47:49.432,0.91043,0.91033,1.1,1.1
30.08.2021 02:47:59.735,0.91043,0.9103200000000001,1.1,1.25
30.08.2021 02:48:15.877,0.9104200000000001,0.9103100000000001,1,1.2
30.08.2021 02:49:03.961,0.91044,0.91034,1.2,1.1
30.08.2021 02:49:04.063,0.91044,0.91034,1,2.16
30.08.2021 02:49:04.164,0.9104500000000001,0.91035,1,1.2
30.08.2021 02:49:06.254,0.9104500000000001,0.91035,1,1.82
30.08.2021 02:49:06.355,0.9104700000000001,0.91035,1,1.01
30.08.2021 02:49:07.117,0.91048,0.91038,1.1,1.1
30.08.2021 02:49:07.218,0.91048,0.91038,1,1.1
30.08.2021 02:49:11.193,0.91051,0.91038,1.1,1.2
30.08.2021 02:49:18.129,0.9105000000000001,0.91039,1.1,2.26
30.08.2021 02:49:19.049,0.9105000000000001,0.91039,1.1,2.14
30.08.2021 02:49:21.205,0.9105000000000001,0.91039,1,2.14
30.08.2021 02:49:21.659,0.9105000000000001,0.91039,1,2.26
30.08.2021 02:49:21.810,0.9105000000000001,0.91039,1,2.14
30.08.2021 02:50:14.336,0.91049,0.91038,1,2.29
30.08.2021 02:50:38.459,0.9105000000000001,0.9104000000000001,1,1
30.08.2021 02:51:33.469,0.9105000000000001,0.91039,1,1.12
30.08.2021 02:51:47.510,0.9105200000000001,0.91039,1,1.12
30.08.2021 02:52:12.372,0.9105000000000001,0.91039,1,1.87
30.08.2021 02:52:19.375,0.9105000000000001,0.91039,1,2.56
30.08.2021 02:52:31.723,0.9105200000000001,0.91039,1,1.87
30.08.2021 02:52:31.926,0.91056,0.9104700000000001,2.75,1
30.08.2021 02:52:31.977,0.9105700000000001,0.9104700000000001,2.32,1
30.08.2021 02:52:32.079,0.91059,0.91048,1.97,1
30.08.2021 02:52:32.180,0.9105700000000001,0.9104700000000001,1,1.2
30.08.2021 02:52:35.763,0.9105200000000001,0.91043,1,2.26
30.08.2021 02:52:35.865,0.9105200000000001,0.9104200000000001,1.1,1.5
30.08.2021 02:52:35.966,0.91051,0.9104200000000001,1,1
30.08.2021 02:52:36.117,0.91051,0.91041,1,1.1
30.08.2021 02:53:27.291,0.9105000000000001,0.9104000000000001,1,1.2
30.08.2021 02:53:46.996,0.91051,0.91039,1,1.22
30.08.2021 02:53:54.315,0.9105000000000001,0.9104000000000001,1,1.2
30.08.2021 02:53:54.416,0.9105000000000001,0.9104000000000001,1,1.22
30.08.2021 02:53:55.094,0.9105000000000001,0.9104000000000001,1,1.2
30.08.2021 02:53:55.195,0.9105000000000001,0.9104000000000001,1,1.22
30.08.2021 02:53:55.606,0.9105000000000001,0.9104000000000001,1,1.2
30.08.2021 02:53:56.120,0.91051,0.91039,1,1.22
30.08.2021 02:53:56.221,0.9105000000000001,0.9104000000000001,1,1.2
30.08.2021 02:53:56.542,0.9105000000000001,0.9104000000000001,1,1.22
30.08.2021 02:53:58.779,0.9105000000000001,0.9104000000000001,1,1.2
30.08.2021 02:54:28.284,0.9105000000000001,0.9104000000000001,1,1.1
30.08.2021 02:54:51.346,0.91053,0.91043,1.95,1
30.08.2021 02:54:51.548,0.91054,0.91044,1,2.54
30.08.2021 02:54:51.649,0.9105500000000001,0.9104500000000001,1,1.1
30.08.2021 02:54:58.948,0.91054,0.9104500000000001,1,1.1
30.08.2021 02:54:58.998,0.91053,0.91043,1,1.1
30.08.2021 02:55:00.340,0.91054,0.9104200000000001,1,1.79
30.08.2021 02:55:05.485,0.91054,0.91044,1,1.1
30.08.2021 02:55:06.385,0.9105700000000001,0.9104700000000001,1,1.1
30.08.2021 02:55:06.486,0.91058,0.91048,1.57,1.1
30.08.2021 02:55:06.840,0.91058,0.91048,1,1.1
30.08.2021 02:55:14.145,0.91058,0.91048,1.1,1.1
30.08.2021 02:55:20.866,0.91058,0.91048,1,1.1
30.08.2021 02:55:45.186,0.91059,0.91049,1.57,1.1
30.08.2021 02:55:55.375,0.91058,0.91048,1.1,1.1
30.08.2021 02:55:59.398,0.9105700000000001,0.9104700000000001,1,1.6
30.08.2021 02:56:16.582,0.9105700000000001,0.9104700000000001,1.1,1.57
30.08.2021 02:56:18.387,0.91056,0.9104700000000001,1,1.1
30.08.2021 02:56:21.824,0.9105700000000001,0.9104700000000001,1,1.6
30.08.2021 02:56:36.590,0.91058,0.91048,1.1,1.1
30.08.2021 02:56:46.050,0.91058,0.91048,1,2.16
30.08.2021 02:56:53.432,0.91059,0.91049,1.1,1.1
30.08.2021 02:57:46.163,0.9106000000000001,0.91049,1.5,1
30.08.2021 02:57:48.419,0.91059,0.91049,1,1
30.08.2021 02:58:43.424,0.9106000000000001,0.9105000000000001,1.5,1
30.08.2021 02:58:44.905,0.91059,0.91048,1,1.87
30.08.2021 02:58:45.057,0.9106000000000001,0.9105000000000001,1.5,1
30.08.2021 02:59:40.054,0.9106000000000001,0.91049,1.5,1.25
30.08.2021 03:00:06.960,0.9106000000000001,0.9105000000000001,1.5,1
30.08.2021 03:00:07.061,0.9106299999999999,0.91053,1.1,1.76
30.08.2021 03:00:07.163,0.91064,0.91053,1.1,3.29
30.08.2021 03:00:07.264,0.9106500000000001,0.9105500000000001,1.01,1.1
30.08.2021 03:00:07.366,0.9106700000000001,0.9105500000000001,1.1,1.1
30.08.2021 03:00:09.511,0.9106700000000001,0.9105700000000001,1.57,1.1
30.08.2021 03:00:21.508,0.9106799999999999,0.91056,1,2.16
30.08.2021 03:00:21.718,0.9106799999999999,0.91058,1.1,1.1
30.08.2021 03:00:28.907,0.9107200000000001,0.9106299999999999,1.1,1
30.08.2021 03:00:28.958,0.9107299999999999,0.9106299999999999,1.1,1.1
30.08.2021 03:00:29.059,0.9107500000000001,0.9106299999999999,1.57,1.1
30.08.2021 03:00:47.275,0.9107600000000001,0.9106500000000001,1.1,3.29
30.08.2021 03:00:47.426,0.9107700000000001,0.9106700000000001,1.1,1
30.08.2021 03:00:51.225,0.9107600000000001,0.9106500000000001,1.01,1.1
30.08.2021 03:00:53.502,0.9108,0.9107000000000001,1.87,1.69
30.08.2021 03:00:53.603,0.9108,0.9107100000000001,1.1,1.25
30.08.2021 03:00:54.006,0.9108,0.9107000000000001,1.1,2.06
30.08.2021 03:00:58.042,0.9108,0.9107000000000001,1.1,2.12
30.08.2021 03:00:58.093,0.9108200000000001,0.9107200000000001,1.1,1.69
30.08.2021 03:00:58.194,0.9108299999999999,0.91074,1.1,1.25
30.08.2021 03:00:58.396,0.9108600000000001,0.9107299999999999,1.1,1.69
30.08.2021 03:01:01.187,0.9108299999999999,0.9107299999999999,1,1.76
30.08.2021 03:01:04.381,0.9108200000000001,0.9107200000000001,1,2.14
30.08.2021 03:01:05.882,0.91079,0.9107000000000001,1,1.57
30.08.2021 03:01:05.983,0.9107799999999999,0.91069,1,1.01
30.08.2021 03:01:08.463,0.9107799999999999,0.9107000000000001,1,1.25
30.08.2021 03:01:08.716,0.9108100000000001,0.9107100000000001,1.1,1.69
30.08.2021 03:01:08.818,0.9108100000000001,0.9107200000000001,1.1,1.25
30.08.2021 03:01:08.970,0.9108,0.9107100000000001,1,1.01
30.08.2021 03:01:09.377,0.9108100000000001,0.9107200000000001,1.1,1.25
30.08.2021 03:01:11.085,0.9108299999999999,0.9107200000000001,1.1,1.25
30.08.2021 03:01:11.745,0.9108299999999999,0.9107299999999999,1,1.69
30.08.2021 03:01:21.283,0.9108200000000001,0.9107100000000001,1,1.6
30.08.2021 03:01:27.606,0.91084,0.9107100000000001,1,1.2
30.08.2021 03:01:40.305,0.9108100000000001,0.9107100000000001,1,1.1
30.08.2021 03:01:46.829,0.9108100000000001,0.9107100000000001,1,1.6
30.08.2021 03:01:47.030,0.9108200000000001,0.9107000000000001,1,1.1
30.08.2021 03:01:47.188,0.9108,0.9107000000000001,1,1.79
30.08.2021 03:01:47.290,0.9107799999999999,0.9106799999999999,1,1.79
30.08.2021 03:01:50.886,0.9107799999999999,0.9106799999999999,1,1
30.08.2021 03:02:00.677,0.9107700000000001,0.9106700000000001,1.35,1
30.08.2021 03:02:00.879,0.9107600000000001,0.91066,1.1,1.1
30.08.2021 03:02:04.617,0.9107600000000001,0.91066,1,1.1
30.08.2021 03:02:11.229,0.9108100000000001,0.9107200000000001,1.39,1
30.08.2021 03:02:11.381,0.9108200000000001,0.9107200000000001,2.32,1.1
30.08.2021 03:02:14.331,0.91084,0.9107299999999999,1.01,1
30.08.2021 03:02:26.292,0.91085,0.9107500000000001,1.1,1
30.08.2021 03:02:28.869,0.91084,0.91074,1,1.01
30.08.2021 03:02:36.831,0.91085,0.9107500000000001,1,1
30.08.2021 03:02:36.932,0.91088,0.9107799999999999,1.1,1.1
30.08.2021 03:02:37.033,0.91089,0.91079,1,1
30.08.2021 03:02:38.563,0.91088,0.9107799999999999,1,1.1
30.08.2021 03:02:39.396,0.9108700000000001,0.9107700000000001,1,1.12
30.08.2021 03:02:59.740,0.91088,0.9107799999999999,1,1
30.08.2021 03:02:59.841,0.91089,0.91079,1,1.57
30.08.2021 03:03:02.298,0.91088,0.9107799999999999,1,1.31
30.08.2021 03:03:16.768,0.91089,0.9107700000000001,1,1.75
30.08.2021 03:03:16.929,0.91088,0.9107799999999999,1,1.25
30.08.2021 03:03:17.071,0.91088,0.9107799999999999,1,1.75
30.08.2021 03:03:17.219,0.91088,0.9107799999999999,1,1.25
30.08.2021 03:03:20.256,0.9108700000000001,0.9107600000000001,1.1,1.37
30.08.2021 03:03:20.307,0.9108600000000001,0.9107600000000001,1.1,1
30.08.2021 03:03:20.408,0.9108600000000001,0.9107600000000001,1.1,1
30.08.2021 03:03:21.819,0.91085,0.91074,1.1,1.76
30.08.2021 03:03:27.727,0.9108299999999999,0.9107299999999999,1,1
30.08.2021 03:03:31.742,0.9108200000000001,0.9107200000000001,1,1.31
30.08.2021 03:03:44.025,0.9108100000000001,0.9107000000000001,1,1.25
30.08.2021 03:03:46.900,0.91079,0.91069,1.1,1
30.08.2021 03:04:05.582,0.9108,0.9106799999999999,1,1.75
30.08.2021 03:04:29.000,0.9108200000000001,0.9107200000000001,1.1,1.25
30.08.2021 03:04:29.051,0.91084,0.91074,1.1,1.69
30.08.2021 03:04:29.203,0.91085,0.9107500000000001,1.1,1.69
30.08.2021 03:04:36.392,0.91085,0.9107600000000001,1,1.25
30.08.2021 03:04:41.415,0.91085,0.9107500000000001,1,1.69
30.08.2021 03:04:42.424,0.91085,0.9107799999999999,1,1
30.08.2021 03:04:42.475,0.91088,0.9107799999999999,1,1.25
30.08.2021 03:04:45.758,0.91088,0.91079,1,1.25
30.08.2021 03:04:45.809,0.91089,0.9108,1,1.75
30.08.2021 03:04:45.910,0.9109,0.9108,1,2.31
30.08.2021 03:04:46.011,0.9109100000000001,0.9108100000000001,1,1.75
30.08.2021 03:04:46.264,0.9109100000000001,0.9108100000000001,1,1.25
30.08.2021 03:04:59.530,0.9108700000000001,0.9107799999999999,1,1.75
30.08.2021 03:04:59.581,0.9108700000000001,0.9107700000000001,1,1.12
30.08.2021 03:05:08.735,0.9108600000000001,0.9107500000000001,1.1,1.69
30.08.2021 03:05:10.776,0.9108600000000001,0.9107600000000001,1.1,1.25
30.08.2021 03:05:12.684,0.9108700000000001,0.9107700000000001,1.1,1
30.08.2021 03:05:13.226,0.9108700000000001,0.9107500000000001,1.1,1.25
30.08.2021 03:05:13.378,0.9108600000000001,0.9107500000000001,1.1,1.69
30.08.2021 03:05:17.981,0.9108600000000001,0.9107500000000001,1.1,1.69
30.08.2021 03:05:18.193,0.9108600000000001,0.9107500000000001,1.1,1.69
30.08.2021 03:05:20.260,0.9108600000000001,0.9107500000000001,1.6,1.69
30.08.2021 03:05:20.419,0.9108600000000001,0.9107500000000001,1.1,1.69
30.08.2021 03:05:20.583,0.9108700000000001,0.91074,1.6,1.69
30.08.2021 03:05:20.782,0.9108600000000001,0.9107500000000001,1.1,1.69
30.08.2021 03:05:20.900,0.9108600000000001,0.9107500000000001,1.6,1.69
30.08.2021 03:05:21.044,0.9108600000000001,0.9107500000000001,1.1,1.69
30.08.2021 03:05:21.180,0.9108600000000001,0.9107500000000001,1.6,1.69
30.08.2021 03:05:21.374,0.9108600000000001,0.9107500000000001,1.1,1.69
30.08.2021 03:05:21.531,0.9108700000000001,0.91074,1.6,1.69
30.08.2021 03:05:21.654,0.9108600000000001,0.9107500000000001,1.1,1.69
30.08.2021 03:05:22.713,0.91088,0.9107799999999999,1.2,1.69
30.08.2021 03:05:22.814,0.91088,0.91079,1.1,1.25
30.08.2021 03:05:23.116,0.91089,0.9108,1,1.25
30.08.2021 03:05:23.268,0.91089,0.9108100000000001,1,1.25
30.08.2021 03:05:23.368,0.9109100000000001,0.9108100000000001,1.1,1.25
30.08.2021 03:05:47.180,0.9109100000000001,0.9108100000000001,1.1,1.25
30.08.2021 03:05:51.702,0.91089,0.91079,1,2.25
30.08.2021 03:05:56.372,0.91089,0.91079,1.1,1.69
30.08.2021 03:05:57.032,0.9109,0.9107799999999999,1.1,1.69
30.08.2021 03:05:57.647,0.91089,0.9108,1.1,1.25
30.08.2021 03:06:09.180,0.9109100000000001,0.9108,1.6,1.69
30.08.2021 03:06:14.588,0.9109100000000001,0.9108100000000001,1.1,1.25
30.08.2021 03:06:20.552,0.9109200000000001,0.9108100000000001,1.57,1.69
30.08.2021 03:07:03.259,0.9109200000000001,0.9108100000000001,2.07,1.69
30.08.2021 03:07:03.399,0.9109200000000001,0.9108100000000001,1.57,1.69
30.08.2021 03:07:03.502,0.9109200000000001,0.9108100000000001,2.07,1.69
30.08.2021 03:07:03.738,0.9109200000000001,0.9108100000000001,1.57,1.69
30.08.2021 03:07:14.607,0.9109200000000001,0.9108200000000001,1.1,1
30.08.2021 03:08:00.418,0.9109200000000001,0.9108200000000001,1.6,1
30.08.2021 03:08:01.763,0.9109200000000001,0.9108200000000001,1.1,1
30.08.2021 03:08:01.864,0.9109200000000001,0.9108200000000001,1.1,1
