Gmt time,Ask,Bid,AskVolume,BidVolume
05.08.2021 00:00:07.669,0.9066700000000001,0.90659,1,1
05.08.2021 00:00:09.555,0.9066700000000001,0.9065799999999999,1,1
05.08.2021 00:00:24.291,0.9066700000000001,0.9065799999999999,1,1.5
05.08.2021 00:00:24.496,0.9066700000000001,0.9065799999999999,1,1
05.08.2021 00:00:27.460,0.9066799999999999,0.9065799999999999,1.25,1.5
05.08.2021 00:00:28.177,0.90664,0.90656,1,1
05.08.2021 00:00:28.624,0.90664,0.90654,1,1.5
05.08.2021 00:00:33.427,0.9066299999999999,0.9065500000000001,1,2
05.08.2021 00:00:33.609,0.9066299999999999,0.9065500000000001,1,1.5
05.08.2021 00:00:40.489,0.9066299999999999,0.90654,1,1.5
05.08.2021 00:01:00.326,0.9066299999999999,0.90653,1,1
05.08.2021 00:01:08.425,0.9066200000000001,0.90653,1,1.57
05.08.2021 00:01:09.019,0.9066299999999999,0.90653,1,1
05.08.2021 00:01:13.040,0.90664,0.90653,1,1
05.08.2021 00:01:16.897,0.90664,0.90654,1.5,1.57
05.08.2021 00:01:24.370,0.90664,0.9065500000000001,1.5,1.1
05.08.2021 00:01:31.995,0.9066500000000001,0.9065500000000001,1.5,1.57
05.08.2021 00:01:32.102,0.9066500000000001,0.90656,1,1
05.08.2021 00:01:33.046,0.9066500000000001,0.9065700000000001,1,1.87
05.08.2021 00:01:33.148,0.9066500000000001,0.9065500000000001,1.5,1.1
05.08.2021 00:01:33.249,0.90664,0.9065500000000001,1,1.1
05.08.2021 00:01:38.287,0.9066299999999999,0.9065500000000001,1,1
05.08.2021 00:01:56.483,0.9066299999999999,0.90654,1,1.5
05.08.2021 00:02:23.706,0.9066299999999999,0.9065500000000001,1,1
05.08.2021 00:02:26.263,0.90664,0.9065500000000001,2.44,1
05.08.2021 00:02:56.170,0.9066500000000001,0.90656,1,1
05.08.2021 00:03:11.564,0.9066600000000001,0.90656,1,1
05.08.2021 00:03:42.462,0.9066600000000001,0.9065700000000001,1,1.12
05.08.2021 00:03:46.485,0.9066600000000001,0.9065700000000001,1,1.5
05.08.2021 00:03:46.802,0.9067000000000001,0.9066000000000001,1.5,1.12
05.08.2021 00:03:46.904,0.9067000000000001,0.9066000000000001,1.5,1.6
05.08.2021 00:03:48.864,0.9067100000000001,0.90661,1.5,1.2
05.08.2021 00:03:59.049,0.9067200000000001,0.90661,1,1
05.08.2021 00:04:00.968,0.9067200000000001,0.9066200000000001,1.69,1
05.08.2021 00:04:20.730,0.9067200000000001,0.9066200000000001,1.82,1
05.08.2021 00:04:29.798,0.9067200000000001,0.9066200000000001,1.76,1
05.08.2021 00:04:54.075,0.9067100000000001,0.90661,1,2.07
05.08.2021 00:05:16.172,0.9067299999999999,0.9066299999999999,1,1.1
05.08.2021 00:05:19.177,0.9067200000000001,0.9066200000000001,1.1,1.87
05.08.2021 00:05:19.561,0.9067200000000001,0.9066200000000001,1.5,1.6
05.08.2021 00:05:21.546,0.9067299999999999,0.9066299999999999,1,1.2
05.08.2021 00:05:23.361,0.9067200000000001,0.9066200000000001,1.1,1.12
05.08.2021 00:05:25.359,0.9067200000000001,0.90661,1,1
05.08.2021 00:05:25.410,0.9067299999999999,0.9066200000000001,1.5,2.1
05.08.2021 00:05:25.511,0.90674,0.9066299999999999,1,1
05.08.2021 00:05:30.164,0.9067299999999999,0.90661,1,1.6
05.08.2021 00:05:30.265,0.9067100000000001,0.90661,1.25,2.07
05.08.2021 00:06:02.771,0.9066700000000001,0.90659,2.25,1.5
05.08.2021 00:06:02.872,0.9066600000000001,0.9065500000000001,1.57,2.06
05.08.2021 00:06:02.974,0.9066600000000001,0.90654,1,1.12
05.08.2021 00:06:03.992,0.90664,0.90654,1.76,1.5
05.08.2021 00:06:34.976,0.9066500000000001,0.90653,2.26,1.5
05.08.2021 00:06:35.129,0.90664,0.90654,1.76,1.5
05.08.2021 00:07:39.123,0.90664,0.90654,1.76,1.87
05.08.2021 00:07:54.022,0.90664,0.9065500000000001,1,1
05.08.2021 00:08:04.375,0.9066500000000001,0.9065500000000001,2.51,1
05.08.2021 00:08:49.019,0.9066500000000001,0.90654,2.44,1.95
05.08.2021 00:09:22.217,0.90664,0.90654,1.76,1.87
05.08.2021 00:09:22.794,0.90664,0.90653,1,1.12
05.08.2021 00:09:23.440,0.90664,0.90654,1,1.95
05.08.2021 00:09:29.335,0.90664,0.90654,1,2.64
05.08.2021 00:09:35.415,0.9066600000000001,0.9065700000000001,1,1.1
05.08.2021 00:09:35.517,0.9066700000000001,0.9065799999999999,1,1
05.08.2021 00:09:38.140,0.90669,0.90659,1.69,1.95
05.08.2021 00:09:38.260,0.90669,0.90659,1.69,2.07
05.08.2021 00:09:38.626,0.90669,0.9066000000000001,1,1.5
05.08.2021 00:09:38.777,0.9067000000000001,0.9066000000000001,1.69,2.1
05.08.2021 00:10:28.667,0.9066500000000001,0.90656,1,2.7
05.08.2021 00:10:28.768,0.9066600000000001,0.90656,1.25,1.87
05.08.2021 00:10:28.870,0.9066500000000001,0.9065500000000001,1.69,1.5
05.08.2021 00:10:40.373,0.9066799999999999,0.9065799999999999,1.76,1.1
05.08.2021 00:10:40.474,0.9066700000000001,0.9065700000000001,1.01,2.07
05.08.2021 00:10:40.575,0.9066700000000001,0.9065700000000001,1.01,1.57
05.08.2021 00:10:45.382,0.9066700000000001,0.90659,1.1,1
05.08.2021 00:10:45.433,0.90669,0.9066000000000001,1,1.2
05.08.2021 00:10:45.584,0.90669,0.9066000000000001,1,1.6
05.08.2021 00:10:46.113,0.9067000000000001,0.9066000000000001,1.76,2.07
05.08.2021 00:11:25.307,0.90664,0.90656,1,1.25
05.08.2021 00:11:25.409,0.90664,0.90654,1.57,1.87
05.08.2021 00:11:35.836,0.90664,0.9065500000000001,1,1
05.08.2021 00:11:48.561,0.9066500000000001,0.90653,1,2.14
05.08.2021 00:11:59.720,0.9066500000000001,0.9065500000000001,1.76,1
05.08.2021 00:12:23.935,0.9066700000000001,0.9065700000000001,2.51,1.57
05.08.2021 00:12:24.037,0.9066700000000001,0.9065799999999999,1.25,1.5
05.08.2021 00:12:24.188,0.9066799999999999,0.9065799999999999,1.69,2.07
05.08.2021 00:12:24.554,0.9066799999999999,0.9065799999999999,1.69,1.57
05.08.2021 00:12:28.875,0.9066799999999999,0.90659,1.25,1
05.08.2021 00:12:29.983,0.9066799999999999,0.9065799999999999,1.25,1.57
05.08.2021 00:12:55.000,0.9066799999999999,0.90659,1.25,1
05.08.2021 00:13:16.452,0.90669,0.90659,1.25,1.87
05.08.2021 00:13:32.344,0.9067100000000001,0.90661,1,1.87
05.08.2021 00:13:32.497,0.9067200000000001,0.90661,1,1
05.08.2021 00:13:36.775,0.9067100000000001,0.90661,1.25,1.87
05.08.2021 00:13:37.113,0.9067200000000001,0.90661,1.25,1
05.08.2021 00:14:05.438,0.9067200000000001,0.9066000000000001,1.25,1.87
05.08.2021 00:14:05.589,0.9067000000000001,0.90661,1,1
05.08.2021 00:14:10.875,0.9067000000000001,0.9066000000000001,1,1.87
05.08.2021 00:14:11.495,0.9067000000000001,0.9066000000000001,1.25,2
05.08.2021 00:14:13.607,0.9067100000000001,0.90661,1.25,1.87
05.08.2021 00:14:28.916,0.9067299999999999,0.90661,1.69,1
05.08.2021 00:14:29.228,0.9067200000000001,0.9066200000000001,1.5,1.5
05.08.2021 00:15:00.561,0.9067200000000001,0.9066200000000001,1.69,1
05.08.2021 00:15:00.663,0.9067100000000001,0.90661,1,1.5
05.08.2021 00:15:01.628,0.90669,0.9066000000000001,1.25,1.12
05.08.2021 00:15:01.729,0.90669,0.90659,1.69,1.1
05.08.2021 00:15:02.829,0.9067000000000001,0.90661,1.25,1.12
05.08.2021 00:15:08.296,0.9067200000000001,0.9066200000000001,1,1.95
05.08.2021 00:15:08.776,0.9067200000000001,0.9066200000000001,1,2.07
05.08.2021 00:15:11.285,0.9067299999999999,0.90661,1.01,1.87
05.08.2021 00:15:20.500,0.9067200000000001,0.9066200000000001,1.51,1.87
05.08.2021 00:15:20.702,0.9067200000000001,0.9066200000000001,1.01,1.87
05.08.2021 00:15:37.715,0.9067299999999999,0.9066200000000001,1.01,1
05.08.2021 00:16:18.480,0.90674,0.9066200000000001,1,1
05.08.2021 00:16:18.581,0.90674,0.90664,1.95,1
05.08.2021 00:16:18.834,0.90674,0.90664,1,2
05.08.2021 00:16:19.125,0.90674,0.9066600000000001,1,1
05.08.2021 00:16:45.293,0.90674,0.9066500000000001,1,1.12
05.08.2021 00:16:55.703,0.9067500000000001,0.90664,1.37,1
05.08.2021 00:16:55.754,0.9067200000000001,0.9066299999999999,1,1.12
05.08.2021 00:17:36.604,0.9067299999999999,0.90661,1.25,1.5
05.08.2021 00:18:00.590,0.9067299999999999,0.9066200000000001,1.76,1.5
05.08.2021 00:18:22.780,0.9067299999999999,0.9066200000000001,1.76,2
05.08.2021 00:18:23.034,0.9067299999999999,0.9066200000000001,1.76,1.5
05.08.2021 00:18:55.780,0.9067299999999999,0.9066200000000001,1.69,2.07
05.08.2021 00:19:08.362,0.90674,0.9066799999999999,1.25,1
05.08.2021 00:19:08.464,0.9067799999999999,0.9066700000000001,1,1.87
05.08.2021 00:19:08.515,0.90679,0.90669,1.39,1
05.08.2021 00:19:08.566,0.9067799999999999,0.9066700000000001,1.69,1.12
05.08.2021 00:19:10.446,0.9068,0.90669,2.89,1.5
05.08.2021 00:19:10.548,0.90679,0.90669,1,1
05.08.2021 00:19:10.649,0.9067799999999999,0.9066799999999999,1.69,1.87
05.08.2021 00:19:22.135,0.90679,0.90669,1.5,1.5
05.08.2021 00:19:22.236,0.90679,0.9067000000000001,1,1
05.08.2021 00:19:23.492,0.9068100000000001,0.9067000000000001,1.76,1.5
05.08.2021 00:19:57.588,0.9068,0.9067000000000001,1,1
05.08.2021 00:19:57.922,0.90679,0.90669,1,1
05.08.2021 00:20:03.035,0.9067799999999999,0.9067000000000001,1,1.5
05.08.2021 00:20:03.237,0.9067799999999999,0.9067000000000001,1,1
05.08.2021 00:20:03.752,0.9067700000000001,0.9066700000000001,1,2.64
05.08.2021 00:20:03.854,0.9067700000000001,0.9066799999999999,1,1.5
05.08.2021 00:20:03.955,0.9067799999999999,0.90669,1,1.12
05.08.2021 00:20:07.135,0.9068,0.90669,2.44,1.12
05.08.2021 00:20:13.634,0.9068,0.9067000000000001,1.69,1
05.08.2021 00:20:16.266,0.90679,0.9067000000000001,1,1
05.08.2021 00:20:42.527,0.90679,0.9067000000000001,1,1.5
05.08.2021 00:20:42.730,0.90679,0.9067000000000001,1,1
05.08.2021 00:20:53.152,0.9068,0.9067000000000001,1,1.87
05.08.2021 00:21:23.463,0.90683,0.90674,1.5,2.07
05.08.2021 00:21:23.515,0.90685,0.9067600000000001,1.31,1
05.08.2021 00:21:23.616,0.9068600000000001,0.9067700000000001,1.12,1.2
05.08.2021 00:21:23.718,0.9068600000000001,0.9067799999999999,1.12,1
05.08.2021 00:21:24.307,0.90688,0.9067799999999999,2.64,1
05.08.2021 00:21:24.409,0.90688,0.9067799999999999,1.76,1
05.08.2021 00:21:28.098,0.90688,0.9067799999999999,2.26,1
05.08.2021 00:21:28.300,0.90688,0.9067799999999999,1.76,1
05.08.2021 00:21:31.826,0.90688,0.90679,1,1
05.08.2021 00:21:31.928,0.90689,0.90679,1.25,1.2
05.08.2021 00:21:32.576,0.90689,0.9068100000000001,1,1
05.08.2021 00:21:32.627,0.9069100000000001,0.9068200000000001,1,1
05.08.2021 00:21:32.729,0.9069200000000002,0.9068200000000001,1.2,1.5
05.08.2021 00:21:34.607,0.9069,0.9068,1.57,2.19
05.08.2021 00:21:34.658,0.9069,0.9068,1.57,1.69
05.08.2021 00:22:08.566,0.9069,0.9068,1.6,1
05.08.2021 00:22:09.038,0.9069100000000001,0.9068100000000001,2,1
05.08.2021 00:22:09.485,0.9069100000000001,0.9068100000000001,1.5,1
05.08.2021 00:22:12.720,0.9069,0.90679,1.57,2.14
05.08.2021 00:22:13.392,0.9069,0.90679,2.45,2.14
05.08.2021 00:22:16.707,0.9069,0.90679,2.45,2.64
05.08.2021 00:22:16.924,0.9069,0.90679,2.45,2.14
05.08.2021 00:22:19.101,0.90689,0.90679,1.7,1.12
05.08.2021 00:22:19.499,0.90689,0.9068,1.1,1
05.08.2021 00:22:20.057,0.9069,0.9068,2.47,1
05.08.2021 00:22:20.594,0.90689,0.90679,1.2,1.31
05.08.2021 00:22:34.353,0.9069,0.9068,2.07,1
05.08.2021 00:22:34.504,0.9069,0.90679,2.07,2.14
05.08.2021 00:22:53.325,0.9069,0.90679,1.95,2.14
05.08.2021 00:23:27.366,0.90689,0.90679,1,1.5
05.08.2021 00:24:01.239,0.90688,0.90679,1,1.12
05.08.2021 00:24:03.540,0.90688,0.9067799999999999,2.14,1.12
05.08.2021 00:24:03.868,0.90688,0.9067799999999999,2.64,1
05.08.2021 00:24:09.994,0.9068700000000001,0.9067700000000001,1.5,1.2
05.08.2021 00:24:11.740,0.9068700000000001,0.9067700000000001,2.37,1.2
05.08.2021 00:24:12.476,0.9068700000000001,0.9067700000000001,1.5,1.2
05.08.2021 00:24:39.186,0.90688,0.9067799999999999,2.14,1.5
05.08.2021 00:24:44.126,0.9068700000000001,0.9067700000000001,1,1.57
05.08.2021 00:24:48.606,0.9068700000000001,0.9067700000000001,1.5,2.07
05.08.2021 00:24:48.809,0.9068700000000001,0.9067700000000001,1.5,1.57
05.08.2021 00:24:59.975,0.90688,0.9067700000000001,1,1
05.08.2021 00:25:00.316,0.9068700000000001,0.9067700000000001,1.69,1.57
05.08.2021 00:25:02.330,0.9068700000000001,0.9067799999999999,1,1
05.08.2021 00:25:02.451,0.9068700000000001,0.9067700000000001,1.5,1.57
05.08.2021 00:25:09.139,0.90688,0.9067700000000001,1.25,1
05.08.2021 00:25:14.882,0.90689,0.9067799999999999,1.12,1.12
05.08.2021 00:25:16.452,0.90688,0.9067799999999999,1,1.87
05.08.2021 00:25:50.971,0.90688,0.9067799999999999,1.7,1.5
05.08.2021 00:25:52.967,0.90688,0.9067799999999999,1.57,1.5
05.08.2021 00:25:53.989,0.90688,0.9067799999999999,1.7,1.5
05.08.2021 00:25:55.035,0.90688,0.9067799999999999,1.57,1.5
05.08.2021 00:25:56.026,0.90688,0.9067799999999999,1.7,1.5
05.08.2021 00:25:57.017,0.90688,0.9067799999999999,1.57,1.5
05.08.2021 00:25:58.007,0.90688,0.9067799999999999,1.7,1.5
05.08.2021 00:25:59.785,0.9068700000000001,0.9067700000000001,1,1.87
05.08.2021 00:25:59.987,0.90688,0.9067600000000001,1.7,1.5
05.08.2021 00:26:00.038,0.90684,0.90674,1.5,1.5
05.08.2021 00:26:00.139,0.90684,0.90674,3.39,1.87
05.08.2021 00:26:00.838,0.90684,0.90674,2.14,1.87
05.08.2021 00:26:05.450,0.9068700000000001,0.9067700000000001,1.7,2
05.08.2021 00:26:05.551,0.9068700000000001,0.9067700000000001,1.62,2
05.08.2021 00:26:05.805,0.9068700000000001,0.9067700000000001,1.12,2
05.08.2021 00:26:20.934,0.90688,0.90679,1,1
05.08.2021 00:26:21.035,0.90689,0.90679,1.57,1
05.08.2021 00:26:21.301,0.90689,0.90679,2.45,1
05.08.2021 00:26:48.249,0.90688,0.9067799999999999,1,1.2
05.08.2021 00:26:48.868,0.90688,0.9067799999999999,1,1.2
05.08.2021 00:26:54.553,0.90689,0.9067799999999999,1.01,1.2
05.08.2021 00:26:54.705,0.90688,0.9067799999999999,1,1.2
05.08.2021 00:27:15.570,0.90689,0.9067799999999999,1.76,1.95
05.08.2021 00:27:15.721,0.90689,0.9067799999999999,2.64,1.95
05.08.2021 00:27:28.144,0.9068700000000001,0.9067799999999999,1,1.2
05.08.2021 00:27:56.687,0.9068700000000001,0.9067799999999999,1.5,1.12
05.08.2021 00:28:19.326,0.9068700000000001,0.9067700000000001,1,2.07
05.08.2021 00:28:28.871,0.9068700000000001,0.9067700000000001,1,1.57
05.08.2021 00:28:43.031,0.90688,0.9067799999999999,1.87,1.2
05.08.2021 00:28:48.781,0.9069,0.90679,1.79,1
05.08.2021 00:28:58.957,0.90688,0.90679,1,1
05.08.2021 00:29:43.195,0.90689,0.90679,1,1
05.08.2021 00:29:43.246,0.9069100000000001,0.9068,1,1
05.08.2021 00:29:45.565,0.9069100000000001,0.9068100000000001,1.69,1
05.08.2021 00:29:50.772,0.9069,0.9068100000000001,1,1
05.08.2021 00:30:02.816,0.90689,0.9067799999999999,1,3.1
05.08.2021 00:30:02.968,0.90689,0.9067799999999999,1.5,2.29
05.08.2021 00:30:04.512,0.9069,0.90679,1.51,1.6
05.08.2021 00:30:04.982,0.90689,0.9067799999999999,1.12,2.66
05.08.2021 00:30:17.681,0.9069,0.9068100000000001,1.1,1
05.08.2021 00:30:45.273,0.90693,0.90683,2.25,2.25
05.08.2021 00:30:45.374,0.90693,0.90684,1.5,1
05.08.2021 00:30:45.526,0.90693,0.9068600000000001,1,1
05.08.2021 00:30:45.627,0.90693,0.90685,1,1
05.08.2021 00:30:46.507,0.9069100000000001,0.9068100000000001,1.87,2
05.08.2021 00:31:20.964,0.9069200000000002,0.9068200000000001,2.37,2.12
05.08.2021 00:31:22.072,0.9069200000000002,0.9068200000000001,2.37,1.31
05.08.2021 00:31:31.054,0.90693,0.90683,1,4.31
05.08.2021 00:31:35.549,0.90694,0.90684,1,1.5
05.08.2021 00:31:35.701,0.90693,0.90683,1.12,4.06
05.08.2021 00:31:44.674,0.90694,0.90685,1.89,1
05.08.2021 00:31:56.969,0.90694,0.90685,1.01,1
05.08.2021 00:31:57.106,0.90694,0.90684,1.76,1.12
05.08.2021 00:31:58.592,0.90698,0.90688,1.5,3.37
05.08.2021 00:31:58.695,0.9069600000000001,0.9069,1.25,1.25
05.08.2021 00:31:58.796,0.90695,0.9068700000000001,1.25,1
05.08.2021 00:31:58.847,0.90694,0.90685,1.25,1
05.08.2021 00:31:59.066,0.90694,0.90684,2.57,1.5
05.08.2021 00:31:59.590,0.90695,0.9068700000000001,1.25,1
05.08.2021 00:31:59.641,0.90695,0.90685,3.25,1.57
05.08.2021 00:31:59.807,0.90694,0.90684,1.69,1.95
05.08.2021 00:31:59.908,0.90694,0.90684,2.57,1.87
05.08.2021 00:32:04.534,0.9069200000000002,0.9068200000000001,1.5,2.45
05.08.2021 00:32:04.635,0.90693,0.90683,1.69,3.45
05.08.2021 00:32:05.420,0.90693,0.90684,1,1.01
05.08.2021 00:32:10.873,0.90695,0.90683,1.01,1.5
05.08.2021 00:32:19.483,0.90695,0.9068600000000001,3.44,1
05.08.2021 00:32:19.534,0.90694,0.90684,1.25,1.95
05.08.2021 00:32:45.711,0.90693,0.90684,1,1.12
05.08.2021 00:32:52.886,0.90693,0.90683,1.69,1.95
05.08.2021 00:33:46.366,0.90693,0.90683,1.5,2.45
05.08.2021 00:33:46.579,0.90693,0.90683,1.5,1.95
05.08.2021 00:33:47.888,0.90693,0.90684,1,1
05.08.2021 00:34:54.465,0.90694,0.9068600000000001,1,1.12
05.08.2021 00:34:54.930,0.90695,0.9068600000000001,1.57,1.12
05.08.2021 00:35:23.914,0.907,0.9069100000000001,3.07,1
05.08.2021 00:35:24.015,0.9070200000000002,0.90693,1.1,1.5
05.08.2021 00:35:24.116,0.9070200000000002,0.90694,1,1.12
05.08.2021 00:35:24.918,0.907,0.90694,1,1.12
05.08.2021 00:35:29.600,0.9070100000000001,0.90694,1,1.12
05.08.2021 00:35:34.441,0.9070100000000001,0.90694,1,1.12
05.08.2021 00:35:50.212,0.907,0.9069200000000002,1,1.12
05.08.2021 00:35:50.543,0.9069700000000002,0.90689,1,1.5
05.08.2021 00:35:50.645,0.9069700000000002,0.90688,1.5,1
05.08.2021 00:35:50.770,0.9069700000000002,0.9068700000000001,1.57,1.5
05.08.2021 00:35:51.872,0.9069600000000001,0.9068700000000001,1,1.5
05.08.2021 00:36:00.843,0.9069600000000001,0.9068600000000001,2.06,1.95
05.08.2021 00:36:08.970,0.90698,0.9068700000000001,1.01,1
05.08.2021 00:36:09.122,0.9069700000000002,0.9068700000000001,1.76,1.5
05.08.2021 00:36:09.274,0.9069700000000002,0.9068700000000001,2.95,1.5
05.08.2021 00:36:39.683,0.9069700000000002,0.9068700000000001,1.57,1.5
05.08.2021 00:36:56.262,0.9069700000000002,0.9068700000000001,2.19,1
05.08.2021 00:37:01.852,0.9069700000000002,0.9068700000000001,2.06,1.5
05.08.2021 00:38:28.174,0.90703,0.9069200000000002,3.01,1
05.08.2021 00:38:28.225,0.9070200000000002,0.90693,1.76,1
05.08.2021 00:38:28.427,0.90703,0.90693,1.01,1.87
05.08.2021 00:38:30.936,0.90703,0.90694,1.01,1
05.08.2021 00:38:35.018,0.90703,0.90693,1.01,1.87
05.08.2021 00:38:36.006,0.90704,0.90694,1.69,1
05.08.2021 00:39:04.829,0.90703,0.90693,1,1.95
05.08.2021 00:39:11.662,0.907,0.9069100000000001,1.5,1
05.08.2021 00:39:16.894,0.907,0.9069,1,1
05.08.2021 00:39:20.469,0.907,0.9069100000000001,1.01,1
05.08.2021 00:39:25.924,0.9070100000000001,0.9069100000000001,1.69,1
05.08.2021 00:39:27.072,0.9070200000000002,0.9069200000000002,1,1.95
05.08.2021 00:39:27.174,0.9070200000000002,0.90693,1,1
05.08.2021 00:39:32.880,0.90703,0.90693,1.01,1.5
05.08.2021 00:40:09.018,0.90704,0.90694,1.5,1
05.08.2021 00:40:59.242,0.90705,0.90695,1.5,1
05.08.2021 00:40:59.394,0.90704,0.90695,1,1
05.08.2021 00:41:15.970,0.90703,0.90693,1,2
05.08.2021 00:41:34.399,0.90704,0.90694,1.25,1.12
05.08.2021 00:42:09.442,0.90703,0.90693,1.25,1
05.08.2021 00:42:09.543,0.90703,0.90693,1.75,1
05.08.2021 00:42:32.127,0.9070200000000002,0.9069200000000002,1.25,1.95
05.08.2021 00:42:32.329,0.9070100000000001,0.9069100000000001,1.25,1.5
05.08.2021 00:42:42.394,0.907,0.9069,1,1.5
05.08.2021 00:42:42.648,0.90699,0.90689,1,1.87
05.08.2021 00:42:58.088,0.90698,0.90688,1,1.87
05.08.2021 00:43:12.288,0.9069700000000002,0.90688,1,1
05.08.2021 00:43:14.060,0.9069600000000001,0.9068700000000001,1,1
05.08.2021 00:43:20.779,0.90698,0.90688,1,1.87
05.08.2021 00:43:21.490,0.90698,0.90689,1,1
05.08.2021 00:43:30.175,0.9069700000000002,0.9068600000000001,1.5,1.51
05.08.2021 00:43:30.276,0.9069700000000002,0.9068600000000001,1.76,1.12
05.08.2021 00:43:33.278,0.9069700000000002,0.9068600000000001,2.2,1.12
05.08.2021 00:44:12.122,0.9069700000000002,0.9068600000000001,1.76,1.12
05.08.2021 00:44:14.823,0.9069600000000001,0.9068600000000001,1,1.12
05.08.2021 00:44:23.689,0.90695,0.90685,1,1.6
05.08.2021 00:44:33.426,0.90695,0.9068600000000001,1,1
05.08.2021 00:44:33.628,0.90695,0.90685,1,2
05.08.2021 00:44:34.759,0.9069700000000002,0.9068700000000001,1,1
05.08.2021 00:44:34.860,0.9069700000000002,0.9068600000000001,1.5,1.12
05.08.2021 00:44:36.422,0.9069600000000001,0.9068600000000001,1,1.12
05.08.2021 00:44:40.099,0.90699,0.90689,1.76,1
05.08.2021 00:44:40.243,0.90698,0.90688,1,1.12
05.08.2021 00:44:43.700,0.90699,0.90689,1.76,1
05.08.2021 00:45:38.701,0.90698,0.90688,1,1.87
05.08.2021 00:45:45.223,0.9069700000000002,0.9068700000000001,1.25,1
05.08.2021 00:45:55.697,0.9069600000000001,0.9068600000000001,1,1.12
05.08.2021 00:46:05.433,0.9069600000000001,0.9068600000000001,1.25,1.12
05.08.2021 00:46:10.430,0.9069600000000001,0.9068600000000001,1,1.12
05.08.2021 00:46:15.059,0.90698,0.9068600000000001,1.01,1
05.08.2021 00:46:20.457,0.9069600000000001,0.9068600000000001,1,1.12
05.08.2021 00:46:37.983,0.9069600000000001,0.9068600000000001,1,1.62
05.08.2021 00:46:38.186,0.9069600000000001,0.9068600000000001,1,1.12
05.08.2021 00:46:56.252,0.90695,0.90685,1,1.5
05.08.2021 00:46:57.481,0.90695,0.90685,1,1
05.08.2021 00:47:27.636,0.90694,0.90684,1,1.2
05.08.2021 00:47:27.737,0.90694,0.90684,1,1.5
05.08.2021 00:47:27.788,0.9069200000000002,0.9068200000000001,2.44,1
05.08.2021 00:47:27.939,0.9069100000000001,0.9068200000000001,1,1
05.08.2021 00:47:37.144,0.90693,0.90683,1,2.07
05.08.2021 00:47:37.346,0.90694,0.90684,1.25,1.5
05.08.2021 00:47:47.253,0.90693,0.90683,1,2.1
05.08.2021 00:47:57.668,0.90693,0.90683,1,2.07
05.08.2021 00:47:57.770,0.9069200000000002,0.90683,1,1.6
05.08.2021 00:47:57.871,0.90693,0.90683,1,2.07
05.08.2021 00:48:17.942,0.90693,0.90683,1,2.07
05.08.2021 00:48:42.118,0.9069200000000002,0.9068200000000001,1,1.6
05.08.2021 00:48:42.170,0.9069200000000002,0.9068200000000001,1,1.2
05.08.2021 00:49:10.175,0.9069100000000001,0.9068,1,2.1
05.08.2021 00:49:18.189,0.9069100000000001,0.9068,1.25,1.95
05.08.2021 00:49:18.453,0.9069,0.9067799999999999,1,2.07
05.08.2021 00:49:28.711,0.9069,0.9067799999999999,1,1.2
05.08.2021 00:49:31.529,0.90689,0.90679,1,2.07
05.08.2021 00:49:36.495,0.90689,0.9068,1,1.5
05.08.2021 00:49:37.244,0.90689,0.90679,1,2.07
05.08.2021 00:49:55.271,0.90688,0.9067799999999999,1,2
05.08.2021 00:49:55.321,0.90688,0.9067799999999999,1,1.87
05.08.2021 00:50:06.930,0.90689,0.90679,1.25,1
05.08.2021 00:50:07.237,0.9069200000000002,0.9068200000000001,1.5,1.12
05.08.2021 00:50:07.338,0.9069100000000001,0.9068100000000001,1.25,2.62
05.08.2021 00:50:07.440,0.9069,0.9068,1.25,1.5
05.08.2021 00:50:11.561,0.90689,0.9067799999999999,1.31,2.7
05.08.2021 00:50:12.153,0.9068700000000001,0.9067799999999999,1,1
05.08.2021 00:50:23.310,0.9068700000000001,0.9067700000000001,1,1.12
05.08.2021 00:50:23.411,0.9068600000000001,0.9067600000000001,1,1.12
05.08.2021 00:50:48.310,0.90685,0.9067500000000001,1,1.75
05.08.2021 00:50:48.412,0.90685,0.9067500000000001,1,1.31
05.08.2021 00:51:01.108,0.9068600000000001,0.9067600000000001,1.5,1
05.08.2021 00:51:11.029,0.9068700000000001,0.9067799999999999,1,1
05.08.2021 00:51:11.132,0.90688,0.9067799999999999,1.25,1
05.08.2021 00:51:11.860,0.90688,0.9067700000000001,1.5,1.31
05.08.2021 00:51:23.152,0.90688,0.90679,1,1
05.08.2021 00:51:23.685,0.90689,0.90679,1.76,1
05.08.2021 00:51:23.921,0.9069,0.9068,2.97,1
05.08.2021 00:51:29.239,0.9069,0.9068,1.76,1
05.08.2021 00:51:42.222,0.9069100000000001,0.9068100000000001,1.57,1
05.08.2021 00:51:43.353,0.9069100000000001,0.9068100000000001,1.57,1.5
05.08.2021 00:51:43.405,0.90694,0.90683,2.51,1.12
05.08.2021 00:51:43.507,0.90695,0.9068200000000001,1,2.37
05.08.2021 00:51:45.800,0.90694,0.90683,1,2.37
05.08.2021 00:51:45.902,0.90695,0.90685,1.57,1.12
05.08.2021 00:51:47.859,0.90698,0.90689,1,2.25
05.08.2021 00:51:47.961,0.90699,0.90689,1.5,2.62
05.08.2021 00:51:48.062,0.90698,0.90689,1,1.12
05.08.2021 00:51:55.310,0.907,0.9069,1,1.5
05.08.2021 00:51:55.411,0.907,0.9069,1.25,1.12
05.08.2021 00:51:55.512,0.90699,0.90689,1.5,1
05.08.2021 00:51:59.155,0.90699,0.90689,2.57,1
05.08.2021 00:52:00.486,0.9070200000000002,0.9069200000000002,1.1,1
05.08.2021 00:52:00.587,0.90703,0.9069200000000002,1.76,1
05.08.2021 00:52:00.882,0.9070100000000001,0.9069100000000001,1.5,1.12
05.08.2021 00:52:00.988,0.9070100000000001,0.90689,3,1.5
05.08.2021 00:52:01.090,0.907,0.9069,3.19,1.12
05.08.2021 00:52:22.570,0.907,0.9069,1,1.6
05.08.2021 00:52:22.859,0.907,0.9069,1,1.2
05.08.2021 00:52:23.972,0.9070200000000002,0.9069200000000002,1,1.12
05.08.2021 00:52:32.414,0.90703,0.9069200000000002,1.69,1.2
05.08.2021 00:53:18.956,0.90703,0.90693,1,1
05.08.2021 00:53:26.214,0.90705,0.90693,1,1
05.08.2021 00:53:26.366,0.9070700000000002,0.907,1.87,1
05.08.2021 00:53:26.467,0.9070700000000002,0.9070100000000001,1,1
05.08.2021 00:53:26.518,0.90709,0.9070200000000002,1,1
05.08.2021 00:53:26.569,0.9071200000000001,0.9070200000000002,1.5,1.5
05.08.2021 00:53:26.670,0.9071400000000001,0.9070200000000002,3.35,1
05.08.2021 00:53:26.771,0.90713,0.9070100000000001,2.57,1.95
05.08.2021 00:53:26.872,0.90713,0.9070200000000002,1.82,1
05.08.2021 00:53:30.324,0.9071400000000001,0.9070200000000002,3.85,1
05.08.2021 00:53:30.476,0.90715,0.90703,2.89,2.81
05.08.2021 00:53:30.577,0.9071400000000001,0.90703,1,1.69
05.08.2021 00:53:30.684,0.9071400000000001,0.90704,1,1
05.08.2021 00:53:32.933,0.9071400000000001,0.90703,1.57,1.69
05.08.2021 00:53:34.867,0.90713,0.9070200000000002,1,1.5
05.08.2021 00:53:36.752,0.90713,0.9070200000000002,3.51,1
05.08.2021 00:53:36.954,0.9071100000000001,0.9070200000000002,1,1
05.08.2021 00:53:46.388,0.90713,0.9070200000000002,1.79,1.5
05.08.2021 00:53:46.489,0.90713,0.90703,1.6,1
05.08.2021 00:53:46.590,0.9071400000000001,0.90704,1.1,1
05.08.2021 00:53:46.705,0.90713,0.90703,1.1,1.5
05.08.2021 00:53:49.087,0.9071600000000001,0.90703,1.6,1
05.08.2021 00:53:49.188,0.9071400000000001,0.90703,1.1,2.06
05.08.2021 00:53:55.567,0.9071400000000001,0.90703,1.1,2.19
05.08.2021 00:53:55.978,0.9071400000000001,0.90703,1.6,1.25
05.08.2021 00:53:58.388,0.9071400000000001,0.90703,1,2.06
05.08.2021 00:54:01.540,0.9071400000000001,0.90704,1,1.12
05.08.2021 00:54:03.203,0.90715,0.90705,1,1
05.08.2021 00:54:06.500,0.9071400000000001,0.90703,1,1.95
05.08.2021 00:54:07.547,0.9071400000000001,0.90703,1,2
05.08.2021 00:54:07.741,0.9071400000000001,0.90703,1.5,1.87
05.08.2021 00:54:08.706,0.9071400000000001,0.90703,1,2
05.08.2021 00:54:12.334,0.90713,0.9070200000000002,1,1.87
05.08.2021 00:54:13.726,0.9071400000000001,0.90703,1.1,1.69
05.08.2021 00:54:29.192,0.90715,0.9070100000000001,1.01,1.39
05.08.2021 00:54:29.294,0.9071400000000001,0.9070200000000002,1.35,1.31
05.08.2021 00:54:29.947,0.90713,0.90703,1.1,1
05.08.2021 00:54:34.569,0.90713,0.90703,1,2.19
05.08.2021 00:54:34.721,0.9071400000000001,0.90704,1,1.12
05.08.2021 00:54:36.465,0.9071600000000001,0.90704,2.6,1
05.08.2021 00:54:36.754,0.9071400000000001,0.90703,1.1,1.25
05.08.2021 00:54:37.938,0.90713,0.90703,1,1.25
05.08.2021 00:54:44.166,0.9071400000000001,0.90705,1,1
05.08.2021 00:54:44.318,0.90718,0.90708,1,1.5
05.08.2021 00:54:44.419,0.90719,0.90709,1,1.5
05.08.2021 00:54:45.262,0.90719,0.9071100000000001,1,1
05.08.2021 00:54:46.157,0.9072100000000001,0.9071200000000001,1.1,1
05.08.2021 00:54:46.259,0.9072,0.9071200000000001,1,1
05.08.2021 00:54:47.008,0.90723,0.9071200000000001,2.6,1
05.08.2021 00:54:47.109,0.9072200000000001,0.9071200000000001,1.79,1
05.08.2021 00:54:47.210,0.9072200000000001,0.9071100000000001,1.79,1
05.08.2021 00:54:47.361,0.9072200000000001,0.9071,2.54,1.31
05.08.2021 00:54:49.018,0.90723,0.9071200000000001,2.32,1
05.08.2021 00:54:50.988,0.90725,0.9071400000000001,1.1,2.44
05.08.2021 00:54:51.089,0.9072600000000001,0.90715,1.1,1
05.08.2021 00:54:51.292,0.9072700000000001,0.9071600000000001,2.54,1
05.08.2021 00:54:51.815,0.90728,0.9071700000000001,3.26,1
05.08.2021 00:54:51.917,0.90728,0.9071700000000001,1.82,1
05.08.2021 00:54:52.019,0.90728,0.9071700000000001,1.1,1
05.08.2021 00:54:52.121,0.9073,0.90718,2.54,1
05.08.2021 00:54:52.432,0.90729,0.90719,1.1,1
05.08.2021 00:54:52.634,0.90729,0.90718,1.1,1
05.08.2021 00:54:52.735,0.9072700000000001,0.9071700000000001,1,1.12
05.08.2021 00:54:52.836,0.9072700000000001,0.90715,1.25,1
05.08.2021 00:54:53.089,0.90723,0.90713,1.57,1.5
05.08.2021 00:54:53.190,0.90723,0.90713,1.1,1
05.08.2021 00:54:54.011,0.90723,0.90713,1.1,1
05.08.2021 00:54:54.361,0.90723,0.9071200000000001,2.35,1.12
05.08.2021 00:54:54.565,0.90723,0.9071200000000001,1.1,1.62
05.08.2021 00:54:54.615,0.9072600000000001,0.90715,2.47,1
05.08.2021 00:54:54.717,0.90725,0.90715,1.25,1
05.08.2021 00:54:54.768,0.9072600000000001,0.90715,2.14,1
05.08.2021 00:54:54.869,0.90725,0.9071600000000001,1.01,1
05.08.2021 00:54:54.970,0.90725,0.90715,1.76,1
05.08.2021 00:54:57.064,0.90725,0.9071400000000001,1,1
05.08.2021 00:54:58.667,0.90724,0.9071400000000001,1,1
05.08.2021 00:54:59.025,0.90723,0.90713,1,1
05.08.2021 00:54:59.076,0.9072100000000001,0.9071200000000001,1,1
05.08.2021 00:54:59.178,0.9072100000000001,0.90715,1,1
05.08.2021 00:54:59.228,0.90723,0.9071600000000001,1,1
05.08.2021 00:54:59.279,0.90723,0.9071400000000001,1,2.14
05.08.2021 00:54:59.381,0.90725,0.90715,1.1,1
05.08.2021 00:54:59.533,0.90723,0.90715,1,1
05.08.2021 00:54:59.831,0.90723,0.9071400000000001,1,1
05.08.2021 00:54:59.933,0.9072200000000001,0.9071400000000001,1,1
05.08.2021 00:54:59.984,0.9072600000000001,0.9071600000000001,3.26,1
05.08.2021 00:55:00.035,0.9072700000000001,0.9071700000000001,1.1,2.5
05.08.2021 00:55:00.136,0.90729,0.90719,1.1,1.5
05.08.2021 00:55:00.237,0.9072200000000001,0.9071400000000001,1,1
05.08.2021 00:55:00.339,0.90724,0.9071200000000001,1.57,1.5
05.08.2021 00:55:00.440,0.9072200000000001,0.90713,1.1,1
05.08.2021 00:55:00.541,0.9072200000000001,0.9071200000000001,1.1,1.5
05.08.2021 00:55:00.744,0.90719,0.90709,1,1.6
05.08.2021 00:55:00.795,0.9072100000000001,0.90709,1,1.2
05.08.2021 00:55:01.251,0.9072,0.90709,1.25,2.62
05.08.2021 00:55:01.403,0.90719,0.90709,1,1
05.08.2021 00:55:02.521,0.9072,0.90709,1.25,1
05.08.2021 00:55:05.110,0.9072100000000001,0.90709,2.51,1.25
05.08.2021 00:55:05.565,0.90719,0.90709,1,1.69
05.08.2021 00:55:11.916,0.9072100000000001,0.90709,2.14,1
05.08.2021 00:55:18.310,0.9072200000000001,0.90709,2.14,1
05.08.2021 00:55:18.936,0.90718,0.90708,1.1,1
05.08.2021 00:55:19.037,0.9071700000000001,0.9070600000000001,1,1
05.08.2021 00:55:19.240,0.90718,0.9070700000000002,1.57,1
05.08.2021 00:55:19.341,0.90719,0.9070700000000002,1.1,1
05.08.2021 00:55:19.442,0.90718,0.9070700000000002,1.1,1.1
05.08.2021 00:55:19.950,0.9071700000000001,0.9070700000000002,1,1.1
05.08.2021 00:55:36.202,0.90719,0.90708,1.6,1
05.08.2021 00:55:36.303,0.9071700000000001,0.90708,1,1
05.08.2021 00:55:38.008,0.9072,0.90709,1.01,1.5
05.08.2021 00:55:38.109,0.90719,0.90709,1,1
05.08.2021 00:55:47.687,0.90719,0.90709,1,2.69
05.08.2021 00:55:58.928,0.9072,0.9071,1.1,1.69
05.08.2021 00:55:59.029,0.9072200000000001,0.9071100000000001,2.32,1.25
05.08.2021 00:55:59.080,0.90725,0.90715,1.2,1
05.08.2021 00:55:59.181,0.90725,0.9071600000000001,1,1
05.08.2021 00:56:03.486,0.90728,0.9071700000000001,1.5,1.69
05.08.2021 00:56:03.588,0.90728,0.9071700000000001,1,2.5
05.08.2021 00:56:11.887,0.9072600000000001,0.9071700000000001,1,1.69
05.08.2021 00:56:16.874,0.9072600000000001,0.9071600000000001,1,2.89
05.08.2021 00:56:19.449,0.90724,0.9071400000000001,1,2.81
05.08.2021 00:56:19.550,0.90724,0.90715,1,1
05.08.2021 00:56:19.652,0.90724,0.9071400000000001,1,2.44
05.08.2021 00:56:24.092,0.90724,0.9071200000000001,1,2.89
05.08.2021 00:56:28.633,0.90723,0.9071400000000001,1,1
05.08.2021 00:56:31.619,0.9072200000000001,0.9071400000000001,1,1
05.08.2021 00:56:35.134,0.9072200000000001,0.9071200000000001,1.1,1
05.08.2021 00:56:37.555,0.9072100000000001,0.9071100000000001,1,1.69
05.08.2021 00:56:40.885,0.90723,0.9071200000000001,2.7,1
05.08.2021 00:56:40.935,0.9072200000000001,0.9071100000000001,1,1.25
05.08.2021 00:56:47.373,0.9072100000000001,0.9071100000000001,1.1,2.44
05.08.2021 00:57:19.120,0.9072,0.9071100000000001,1,1.25
05.08.2021 00:57:20.975,0.90719,0.9071,1,1.25
05.08.2021 00:57:22.363,0.90718,0.90709,1,1.12
05.08.2021 00:57:22.464,0.90718,0.90708,1,1.25
05.08.2021 00:57:22.566,0.9071700000000001,0.9070700000000002,1,1.69
05.08.2021 00:57:28.766,0.90715,0.9070600000000001,1,1.76
05.08.2021 00:57:30.110,0.90715,0.9070700000000002,1,1
05.08.2021 00:57:30.211,0.90715,0.9070600000000001,1,1.69
05.08.2021 00:57:34.205,0.9071600000000001,0.9070600000000001,1,2.44
05.08.2021 00:57:35.058,0.90719,0.9071,1.12,2.44
05.08.2021 00:57:35.160,0.9072,0.9071100000000001,1.1,1.69
05.08.2021 00:57:48.956,0.9072,0.9071200000000001,1,1.25
05.08.2021 00:57:49.006,0.90723,0.9071200000000001,2.72,1.69
05.08.2021 00:57:49.108,0.9072100000000001,0.9071200000000001,1,1.25
05.08.2021 00:57:49.890,0.9072100000000001,0.9071100000000001,1.1,2.44
05.08.2021 00:59:08.460,0.90723,0.90713,1,2.51
05.08.2021 00:59:08.562,0.9072700000000001,0.9071700000000001,1.57,2.5
05.08.2021 00:59:08.663,0.90729,0.90719,1.2,1
05.08.2021 00:59:08.916,0.9072700000000001,0.90718,1,1.01
05.08.2021 00:59:18.081,0.9072600000000001,0.9071700000000001,1.1,1.25
05.08.2021 00:59:18.182,0.90725,0.9071700000000001,1,1
05.08.2021 00:59:18.284,0.90725,0.9071600000000001,1,1
05.08.2021 00:59:21.872,0.90725,0.9071700000000001,1,1
05.08.2021 00:59:25.372,0.90728,0.9071600000000001,1.57,2.44
05.08.2021 00:59:25.423,0.90725,0.9071700000000001,1,1.69
05.08.2021 00:59:28.357,0.90725,0.90718,1,1
05.08.2021 00:59:29.440,0.90728,0.90718,1,2.51
05.08.2021 00:59:29.592,0.90729,0.9072100000000001,1,1
05.08.2021 00:59:29.705,0.90729,0.9072,1,1.25
05.08.2021 00:59:32.905,0.90728,0.9072,1,1
05.08.2021 00:59:38.740,0.90728,0.9072100000000001,1,1
05.08.2021 00:59:39.396,0.90728,0.9072,1,1.69
05.08.2021 00:59:45.563,0.9073100000000001,0.9072100000000001,1.1,1.69
05.08.2021 00:59:45.665,0.90729,0.9072100000000001,1,1.25
05.08.2021 00:59:49.261,0.90735,0.90725,4.41,1
05.08.2021 00:59:49.363,0.90735,0.90725,1.1,1.25
05.08.2021 00:59:49.515,0.90736,0.9072600000000001,3.6,1
05.08.2021 00:59:49.617,0.90734,0.90725,1,1.69
05.08.2021 00:59:50.233,0.90738,0.90728,1.1,2.44
05.08.2021 00:59:50.334,0.90735,0.9072600000000001,1,1.76
05.08.2021 00:59:50.435,0.9073200000000001,0.90725,1,1.69
05.08.2021 00:59:50.689,0.9073200000000001,0.90724,1,1.69
05.08.2021 00:59:51.044,0.9073100000000001,0.90723,1,1.69
05.08.2021 00:59:52.062,0.9073100000000001,0.90724,1,1
05.08.2021 00:59:55.789,0.90735,0.90725,1.87,1.76
05.08.2021 00:59:55.991,0.90733,0.90725,1,1.69
05.08.2021 00:59:59.602,0.90734,0.9072600000000001,1,1
05.08.2021 01:00:00.548,0.90734,0.90725,1,2.06
05.08.2021 01:00:00.675,0.9073200000000001,0.90724,1,1.25
05.08.2021 01:00:00.777,0.9073100000000001,0.9072200000000001,1,1.75
05.08.2021 01:00:00.878,0.9073100000000001,0.9072200000000001,1,1
05.08.2021 01:00:01.031,0.9073100000000001,0.9072100000000001,1,1.76
05.08.2021 01:00:01.881,0.9073100000000001,0.9072100000000001,1.12,2.5
05.08.2021 01:00:01.982,0.9073100000000001,0.9072100000000001,1.12,1.69
05.08.2021 01:00:02.115,0.9073100000000001,0.9072100000000001,1.12,2.5
05.08.2021 01:00:03.139,0.9073100000000001,0.9072100000000001,1.1,1.69
05.08.2021 01:00:03.540,0.9073200000000001,0.9072200000000001,3.6,1.25
05.08.2021 01:00:04.094,0.90729,0.90719,1,2.5
05.08.2021 01:00:04.196,0.90729,0.90719,1,1.69
05.08.2021 01:00:04.298,0.90728,0.90719,1,1.25
05.08.2021 01:00:05.166,0.90728,0.90718,1,2.44
05.08.2021 01:00:05.268,0.9072700000000001,0.90718,1,1.69
05.08.2021 01:00:05.652,0.9072700000000001,0.90718,1,1.75
05.08.2021 01:00:17.978,0.9072700000000001,0.90718,1,1.25
05.08.2021 01:00:23.476,0.90724,0.90715,1,1.25
05.08.2021 01:00:23.578,0.90723,0.9071400000000001,1,3.25
05.08.2021 01:00:24.635,0.90723,0.9071400000000001,1,1.25
05.08.2021 01:00:34.011,0.90723,0.90713,2.25,1.25
05.08.2021 01:00:34.112,0.9072100000000001,0.9071100000000001,1.5,2.5
05.08.2021 01:00:34.214,0.9072100000000001,0.9071100000000001,2.32,1.69
05.08.2021 01:00:36.832,0.9072,0.9071100000000001,1,1.25
05.08.2021 01:00:36.934,0.9072,0.9071,1,3.19
05.08.2021 01:00:37.394,0.9072,0.9071100000000001,1,1
05.08.2021 01:00:37.495,0.9072100000000001,0.9071100000000001,1.1,2.44
05.08.2021 01:00:54.061,0.9072200000000001,0.9071100000000001,2.7,3.19
05.08.2021 01:00:55.774,0.9072200000000001,0.9071100000000001,2.72,3.19
05.08.2021 01:01:03.182,0.90724,0.9071400000000001,1.57,2.5
05.08.2021 01:01:03.284,0.90725,0.90715,3.07,1.25
05.08.2021 01:01:05.504,0.9072700000000001,0.9071700000000001,1.57,2.51
05.08.2021 01:01:05.605,0.9072700000000001,0.90718,1.1,1
05.08.2021 01:01:07.877,0.90729,0.90719,1.57,1
05.08.2021 01:01:13.085,0.90728,0.90718,1,1.69
05.08.2021 01:01:41.724,0.90729,0.90719,1.69,1
05.08.2021 01:01:44.644,0.9073200000000001,0.90719,2.14,1
05.08.2021 01:01:44.745,0.90729,0.90719,1,1.76
05.08.2021 01:01:47.780,0.90729,0.9072,1,1
05.08.2021 01:01:47.881,0.90729,0.90719,1,1.57
05.08.2021 01:01:49.069,0.90729,0.9072,1,1
05.08.2021 01:01:49.221,0.90729,0.90719,1,2.32
05.08.2021 01:01:53.467,0.9073100000000001,0.9072,1.95,1.5
05.08.2021 01:01:53.518,0.90729,0.9072,1,1
05.08.2021 01:01:58.900,0.90729,0.90719,1,1.87
05.08.2021 01:02:05.922,0.9073100000000001,0.9072100000000001,1.57,1
05.08.2021 01:02:06.024,0.9073,0.9072,1,1.5
05.08.2021 01:02:14.606,0.9073200000000001,0.9072100000000001,2.89,1.5
05.08.2021 01:02:14.708,0.9073100000000001,0.9072100000000001,1,1
05.08.2021 01:02:22.812,0.9073100000000001,0.9072100000000001,1.5,1
05.08.2021 01:02:23.007,0.9073100000000001,0.9072100000000001,1,1
05.08.2021 01:02:23.717,0.9073,0.9072,1,1
05.08.2021 01:02:23.920,0.9073100000000001,0.9072,1.57,1
05.08.2021 01:02:26.055,0.9073,0.9072,1,1
05.08.2021 01:02:27.695,0.90729,0.90719,1,1.87
05.08.2021 01:02:40.372,0.90728,0.90718,1,1.87
05.08.2021 01:02:40.473,0.90728,0.9071600000000001,1,1.2
05.08.2021 01:02:53.638,0.90724,0.9071400000000001,3.07,1.25
05.08.2021 01:02:53.739,0.9072200000000001,0.90713,1,1
05.08.2021 01:02:53.842,0.9072200000000001,0.9071,1,1.95
05.08.2021 01:02:57.526,0.90723,0.90713,1.57,1
05.08.2021 01:02:57.629,0.9072200000000001,0.9071200000000001,1,1.95
05.08.2021 01:02:59.898,0.90724,0.9071400000000001,1.5,1
05.08.2021 01:02:59.999,0.90723,0.90713,1,1.87
05.08.2021 01:03:00.893,0.90723,0.9071100000000001,1.57,1.12
05.08.2021 01:03:00.995,0.9072100000000001,0.9071200000000001,1,1
05.08.2021 01:03:05.889,0.9072100000000001,0.9071,1.69,1.87
05.08.2021 01:03:08.361,0.9072,0.9071,1,1.12
05.08.2021 01:03:22.419,0.9072100000000001,0.9071,1.69,1.12
05.08.2021 01:03:24.802,0.9072100000000001,0.9071,1.5,1.41
05.08.2021 01:03:25.054,0.90724,0.9071400000000001,2.51,2.25
05.08.2021 01:03:29.628,0.9072600000000001,0.9071400000000001,2.32,1
05.08.2021 01:03:32.319,0.90724,0.90715,1,1
05.08.2021 01:03:32.888,0.90724,0.9071400000000001,1.57,1
05.08.2021 01:03:38.565,0.9072100000000001,0.9071100000000001,1,1.6
05.08.2021 01:03:38.667,0.9072200000000001,0.9071,1.1,1
05.08.2021 01:03:50.828,0.90723,0.90713,1.5,1.1
05.08.2021 01:03:50.929,0.90725,0.90715,1.79,1
05.08.2021 01:03:51.031,0.90725,0.90715,1.69,1
05.08.2021 01:03:51.233,0.90724,0.9071400000000001,1,1.5
05.08.2021 01:03:55.753,0.90724,0.90715,1,1
05.08.2021 01:03:55.804,0.9072700000000001,0.9071700000000001,1.57,1
05.08.2021 01:04:00.168,0.9072600000000001,0.90715,1.57,1.76
05.08.2021 01:04:00.269,0.90725,0.90715,1,1.01
05.08.2021 01:04:04.634,0.9072600000000001,0.90715,1.76,1.95
05.08.2021 01:04:12.472,0.90725,0.90715,1,1.5
05.08.2021 01:04:16.672,0.90724,0.9071400000000001,1,1
05.08.2021 01:04:16.773,0.90724,0.90713,1.5,1.5
05.08.2021 01:04:25.052,0.9072100000000001,0.9071200000000001,1,1
05.08.2021 01:04:25.162,0.9072100000000001,0.9071100000000001,1.5,1.57
05.08.2021 01:05:15.191,0.9072,0.9071100000000001,1,1
05.08.2021 01:05:15.434,0.9072,0.9071,1.69,1.1
05.08.2021 01:05:18.086,0.90719,0.9071,1,1.1
05.08.2021 01:05:22.205,0.9071700000000001,0.90708,1,1.12
05.08.2021 01:05:22.357,0.9071700000000001,0.9070700000000002,1.5,1.1
05.08.2021 01:05:24.353,0.9071700000000001,0.90708,1,1
05.08.2021 01:05:24.455,0.9072,0.90708,2.25,1.1
05.08.2021 01:05:32.435,0.9071700000000001,0.90708,1.12,1.25
05.08.2021 01:05:32.537,0.9071400000000001,0.90704,1.87,1.1
05.08.2021 01:05:32.638,0.90713,0.90704,1.5,1
05.08.2021 01:05:33.489,0.9071200000000001,0.90704,1,1
05.08.2021 01:05:34.088,0.90713,0.90704,1.5,1
05.08.2021 01:05:38.660,0.9071200000000001,0.90704,1,1
05.08.2021 01:05:49.971,0.90713,0.90704,1.5,1.1
05.08.2021 01:05:50.072,0.9071400000000001,0.90704,1.5,1.1
05.08.2021 01:05:50.174,0.90713,0.90704,1,1
05.08.2021 01:05:53.711,0.9071200000000001,0.9070200000000002,1.5,1.39
05.08.2021 01:05:54.028,0.9071100000000001,0.9070200000000002,1,1
05.08.2021 01:05:54.289,0.9071200000000001,0.9070200000000002,1.5,1
05.08.2021 01:06:04.586,0.9071200000000001,0.90703,1,1
05.08.2021 01:06:15.963,0.9071200000000001,0.9070200000000002,1.5,1.1
05.08.2021 01:07:06.894,0.9071400000000001,0.90705,1,1
05.08.2021 01:07:06.995,0.90715,0.90705,1.1,1
05.08.2021 01:07:09.580,0.9071400000000001,0.90704,1.57,1
05.08.2021 01:07:15.509,0.90715,0.9070600000000001,1,1.5
05.08.2021 01:07:15.610,0.9071600000000001,0.9070600000000001,1,2.25
05.08.2021 01:07:26.575,0.90715,0.90705,1.5,1.25
05.08.2021 01:08:08.843,0.90715,0.9070600000000001,1,1.25
05.08.2021 01:08:08.944,0.90718,0.90708,1.5,1
05.08.2021 01:08:09.045,0.90719,0.90709,1.95,1
05.08.2021 01:08:10.538,0.90719,0.9070700000000002,1,2.81
05.08.2021 01:08:12.044,0.90718,0.90708,1,1.79
05.08.2021 01:08:13.966,0.9072,0.9071,1.76,1
05.08.2021 01:08:14.067,0.90719,0.90709,1,1.57
05.08.2021 01:08:15.324,0.9072,0.90708,1,1.97
05.08.2021 01:08:17.694,0.9072200000000001,0.9071,1,1.1
05.08.2021 01:08:19.826,0.9072100000000001,0.9071,1.5,1
05.08.2021 01:08:26.478,0.9072100000000001,0.9071,2.5,1
05.08.2021 01:08:26.580,0.90719,0.9071,1,1
05.08.2021 01:08:26.682,0.9072,0.9071,1.76,1
05.08.2021 01:08:34.493,0.9072,0.90709,2.51,1.1
05.08.2021 01:08:43.794,0.9072,0.90709,1,2.72
05.08.2021 01:09:13.920,0.9072100000000001,0.9071,2.51,1.1
05.08.2021 01:09:14.025,0.9072100000000001,0.9071,1.5,1.1
05.08.2021 01:09:14.127,0.9072200000000001,0.9071200000000001,1.57,1
05.08.2021 01:09:14.229,0.9072100000000001,0.9071100000000001,1,1.1
05.08.2021 01:09:21.286,0.90724,0.9071400000000001,2.51,2.25
05.08.2021 01:09:36.432,0.90723,0.9071200000000001,1,2.7
05.08.2021 01:09:38.615,0.9072100000000001,0.9071100000000001,1.5,1.2
05.08.2021 01:09:45.406,0.9072,0.9071100000000001,1,1
05.08.2021 01:09:45.742,0.9072,0.9071,1.5,1
05.08.2021 01:09:48.298,0.9072,0.9071,1,2.72
05.08.2021 01:09:48.531,0.9072,0.9071,1,2.7
05.08.2021 01:09:48.682,0.9072,0.9071,1,2.72
05.08.2021 01:09:48.799,0.9072100000000001,0.90709,1,2.7
05.08.2021 01:09:55.924,0.9072,0.9071,1,2.72
05.08.2021 01:10:01.822,0.9072,0.9071,1,2.32
05.08.2021 01:10:01.994,0.9072,0.9071,1,2.35
05.08.2021 01:10:02.100,0.9072,0.9071,1,2.32
05.08.2021 01:10:03.441,0.9072,0.9071,1,2.35
05.08.2021 01:10:03.637,0.9072,0.9071,1,2.32
05.08.2021 01:10:04.481,0.9072,0.9071,1,2.35
05.08.2021 01:10:05.604,0.9072,0.9071,1,2.32
05.08.2021 01:10:09.661,0.9072100000000001,0.9071100000000001,1.5,1.1
05.08.2021 01:10:43.262,0.9072,0.9071,1,1
05.08.2021 01:10:57.180,0.90719,0.90709,1,1.5
05.08.2021 01:10:58.158,0.9071700000000001,0.9070700000000002,3.07,1
05.08.2021 01:10:58.259,0.9071600000000001,0.90705,1.5,1.87
05.08.2021 01:10:58.953,0.9071400000000001,0.90704,1.5,1.25
05.08.2021 01:10:59.105,0.90713,0.90703,1.5,1
05.08.2021 01:11:00.127,0.9071400000000001,0.90704,1.5,1.31
05.08.2021 01:11:00.279,0.9071600000000001,0.90704,1,1
05.08.2021 01:11:02.383,0.9071400000000001,0.90704,1.57,1
05.08.2021 01:11:02.484,0.9071400000000001,0.90703,1,1
05.08.2021 01:11:02.586,0.9071200000000001,0.90704,1,1
05.08.2021 01:11:02.687,0.9071200000000001,0.90703,1,1
05.08.2021 01:11:07.123,0.90713,0.9070100000000001,1.5,1
05.08.2021 01:11:24.205,0.9071100000000001,0.9070100000000001,1.5,1.12
05.08.2021 01:11:26.884,0.9071100000000001,0.9070100000000001,1,1.22
05.08.2021 01:11:34.110,0.9071200000000001,0.9070200000000002,1.5,1.1
05.08.2021 01:11:38.793,0.9071200000000001,0.9070200000000002,2,1.5
05.08.2021 01:11:38.958,0.9071200000000001,0.9070200000000002,1.5,1.5
05.08.2021 01:11:48.122,0.9071200000000001,0.9070200000000002,1,1.6
05.08.2021 01:11:59.812,0.90713,0.9070100000000001,1,1.12
05.08.2021 01:12:00.570,0.9071200000000001,0.9070200000000002,1.5,1.7
05.08.2021 01:12:11.882,0.90715,0.9070600000000001,1.25,2.25
05.08.2021 01:12:11.933,0.9071600000000001,0.9070600000000001,1,2.32
05.08.2021 01:12:12.034,0.9071700000000001,0.9070700000000002,1.1,1.5
05.08.2021 01:12:12.874,0.9071600000000001,0.9070700000000002,1,1.5
05.08.2021 01:12:12.925,0.9071400000000001,0.90705,1,2.37
05.08.2021 01:12:13.712,0.9071400000000001,0.90704,1.76,1.12
05.08.2021 01:12:17.609,0.90715,0.90705,2.51,1
05.08.2021 01:12:17.711,0.90715,0.90705,2.54,1
05.08.2021 01:12:17.812,0.90715,0.90705,2.51,1
05.08.2021 01:12:17.964,0.9071600000000001,0.90704,2.51,2
05.08.2021 01:12:18.014,0.90718,0.90709,2.32,1
05.08.2021 01:12:18.116,0.90719,0.90709,1,2.45
05.08.2021 01:12:18.319,0.9072,0.9071,2.32,1.12
05.08.2021 01:12:31.019,0.90719,0.90709,1,2.32
05.08.2021 01:12:37.805,0.9072,0.90709,1.57,1.95
05.08.2021 01:12:40.259,0.9072,0.90709,1.57,2.45
05.08.2021 01:13:14.126,0.9072100000000001,0.9071100000000001,2.32,1
05.08.2021 01:13:14.508,0.9072100000000001,0.9071100000000001,2.35,1
05.08.2021 01:13:16.177,0.9072,0.90709,1.1,3.39
05.08.2021 01:13:16.671,0.9072,0.90709,1.1,2.89
05.08.2021 01:13:26.900,0.9072,0.90709,1.5,2.54
05.08.2021 01:13:27.001,0.9072100000000001,0.90709,1.57,1
05.08.2021 01:13:31.628,0.9072,0.90709,1.57,3.76
05.08.2021 01:13:32.629,0.9072,0.90709,1.57,4.01
05.08.2021 01:13:33.280,0.9072,0.90709,1.5,4.04
05.08.2021 01:13:33.777,0.9072,0.90709,1.57,4.01
05.08.2021 01:13:34.208,0.9072,0.90709,1.5,4.04
05.08.2021 01:13:36.462,0.9072100000000001,0.9071100000000001,1,1.7
05.08.2021 01:13:37.043,0.9072100000000001,0.9071100000000001,1.1,1
05.08.2021 01:13:37.195,0.9072,0.9071,1,1.57
05.08.2021 01:14:14.389,0.9072,0.9071,1.5,1.7
05.08.2021 01:14:15.390,0.9072,0.9071,1,1.51
05.08.2021 01:14:19.924,0.9072,0.9071,1,1.89
05.08.2021 01:14:20.129,0.9072100000000001,0.9071100000000001,1.57,1.31
05.08.2021 01:14:29.445,0.9072100000000001,0.9071100000000001,1,4.47
05.08.2021 01:14:30.350,0.90723,0.9071100000000001,1,1.39
05.08.2021 01:14:32.303,0.90724,0.90713,1.57,2.64
05.08.2021 01:14:33.261,0.90724,0.90715,1.57,1
05.08.2021 01:14:34.218,0.90724,0.90713,1.5,2.29
05.08.2021 01:14:37.206,0.90724,0.90713,1,2.16
05.08.2021 01:14:41.247,0.90723,0.90713,2.32,1.31
05.08.2021 01:14:41.500,0.90723,0.9071200000000001,1.1,1.76
05.08.2021 01:14:45.216,0.90723,0.9071200000000001,1.5,1.35
05.08.2021 01:14:45.317,0.90723,0.9071100000000001,3.07,4.47
05.08.2021 01:14:45.468,0.90723,0.9071100000000001,1.5,4.85
05.08.2021 01:14:46.153,0.90723,0.9071200000000001,1,5.22
05.08.2021 01:14:46.254,0.90724,0.90713,1,3.35
05.08.2021 01:14:47.305,0.9072600000000001,0.9071400000000001,1.35,1.76
05.08.2021 01:14:48.443,0.9072600000000001,0.9071400000000001,1.01,2.16
05.08.2021 01:14:56.157,0.9072700000000001,0.90713,1,2.06
05.08.2021 01:15:07.173,0.9072600000000001,0.9071400000000001,1,2.91
05.08.2021 01:15:10.094,0.9072600000000001,0.90715,1,1.6
05.08.2021 01:15:10.543,0.9072600000000001,0.9071600000000001,1,1.1
05.08.2021 01:15:12.324,0.9072600000000001,0.90715,1,2.54
05.08.2021 01:15:14.489,0.9072600000000001,0.90715,1,1.31
05.08.2021 01:15:15.785,0.9072600000000001,0.9071400000000001,1,3.26
05.08.2021 01:15:17.959,0.90725,0.9071400000000001,1,2.89
05.08.2021 01:15:18.211,0.9072600000000001,0.9071200000000001,1.25,1.57
05.08.2021 01:15:18.313,0.9072100000000001,0.9071100000000001,1,1.1
05.08.2021 01:15:41.819,0.9072,0.90709,1,3.72
05.08.2021 01:15:41.921,0.9072,0.90709,1,3.29
05.08.2021 01:15:56.305,0.9072100000000001,0.9071,1.5,1.2
05.08.2021 01:16:02.855,0.9072100000000001,0.9071,1.5,1.41
05.08.2021 01:16:03.284,0.9072100000000001,0.9071,1.5,1.39
05.08.2021 01:16:03.449,0.9072100000000001,0.9071,1.5,1.41
05.08.2021 01:16:03.675,0.9072200000000001,0.9071,1,1.35
05.08.2021 01:16:03.776,0.9072100000000001,0.9071200000000001,1,1
05.08.2021 01:16:04.643,0.90723,0.9071100000000001,1,1.62
05.08.2021 01:16:05.985,0.9072100000000001,0.9071200000000001,1,1.62
05.08.2021 01:16:06.348,0.9072200000000001,0.9071200000000001,1.5,1
05.08.2021 01:16:06.726,0.9072200000000001,0.9071200000000001,1.5,1
05.08.2021 01:16:09.236,0.9072200000000001,0.9071100000000001,1.5,1.1
05.08.2021 01:16:09.337,0.9072100000000001,0.9071100000000001,1,1.1
05.08.2021 01:16:11.399,0.9072100000000001,0.90709,1.5,1.7
05.08.2021 01:16:12.351,0.9072,0.9071,1.5,1.57
05.08.2021 01:16:43.796,0.9072,0.9071,1.5,1.7
05.08.2021 01:16:44.605,0.9072100000000001,0.90709,1.5,1.1
05.08.2021 01:17:44.300,0.9072,0.9071,1.5,1.7
05.08.2021 01:17:46.843,0.9072,0.9071,1.5,1.1
05.08.2021 01:18:04.132,0.90719,0.90709,1,2.32
05.08.2021 01:18:05.685,0.9071400000000001,0.90705,2.25,3.37
05.08.2021 01:18:05.735,0.9071400000000001,0.90705,2.25,1.5
05.08.2021 01:18:05.786,0.9071400000000001,0.90705,2.25,1
05.08.2021 01:18:06.250,0.9071400000000001,0.90704,1.5,1
05.08.2021 01:18:10.876,0.90713,0.90704,1,1
05.08.2021 01:18:40.884,0.9071600000000001,0.90708,1,1
05.08.2021 01:18:40.985,0.90718,0.90708,1.5,1.1
05.08.2021 01:18:41.087,0.90718,0.90708,1,2.72
05.08.2021 01:18:41.301,0.90718,0.90708,1,2.7
05.08.2021 01:18:41.402,0.90718,0.90709,1,1.1
05.08.2021 01:18:44.623,0.90718,0.90708,1,3.07
05.08.2021 01:19:01.856,0.9071700000000001,0.9070600000000001,1.5,2.85
05.08.2021 01:19:02.637,0.9071700000000001,0.9070600000000001,1.5,1.95
05.08.2021 01:19:07.139,0.9071600000000001,0.9070600000000001,1,1.1
05.08.2021 01:19:07.240,0.9071600000000001,0.9070600000000001,1,1.1
05.08.2021 01:19:07.341,0.9071600000000001,0.9070600000000001,1,1.1
05.08.2021 01:19:21.401,0.9071700000000001,0.9070600000000001,2.32,1.1
05.08.2021 01:19:26.765,0.9071700000000001,0.9070600000000001,2.25,1.79
05.08.2021 01:19:26.888,0.9071700000000001,0.9070600000000001,2.32,1.76
05.08.2021 01:19:27.265,0.9071700000000001,0.9070600000000001,2.25,1.79
05.08.2021 01:19:32.239,0.9071700000000001,0.9070600000000001,2.32,2.14
05.08.2021 01:19:41.252,0.9071,0.90704,1,1.75
05.08.2021 01:19:41.355,0.9070700000000002,0.9070100000000001,1,1.25
05.08.2021 01:19:41.406,0.9070600000000001,0.90699,1,1
05.08.2021 01:19:41.610,0.90705,0.9069600000000001,1.5,1.25
05.08.2021 01:19:44.186,0.90704,0.90694,1,2.51
05.08.2021 01:20:00.915,0.90703,0.90694,1,1
05.08.2021 01:20:03.257,0.90705,0.90694,1.57,1.57
05.08.2021 01:20:03.307,0.90703,0.90694,1,1.1
05.08.2021 01:20:10.258,0.90703,0.90694,1,2.54
05.08.2021 01:20:10.309,0.90705,0.90694,1.5,3.29
05.08.2021 01:20:11.768,0.90705,0.90695,1.5,1.22
05.08.2021 01:20:11.869,0.90705,0.90695,1.5,2.14
05.08.2021 01:20:12.910,0.90705,0.90695,1.5,2.64
05.08.2021 01:20:37.606,0.90709,0.90699,1.5,2.7
05.08.2021 01:20:37.707,0.9071,0.907,1,1.1
05.08.2021 01:20:37.963,0.90709,0.90699,1,4.97
05.08.2021 01:21:47.726,0.9070600000000001,0.9069600000000001,1.5,2.75
05.08.2021 01:21:47.928,0.90705,0.90695,1.5,1.6
05.08.2021 01:21:47.979,0.90705,0.90695,1.5,1.1
05.08.2021 01:21:48.136,0.90704,0.90694,1.5,2.06
05.08.2021 01:21:50.526,0.9070700000000002,0.9069700000000002,2.35,1.5
05.08.2021 01:21:50.629,0.9070700000000002,0.90698,1,1.1
05.08.2021 01:21:50.731,0.90708,0.90698,1.1,1.57
05.08.2021 01:21:50.861,0.9070700000000002,0.90698,1,1.1
05.08.2021 01:21:57.060,0.9070700000000002,0.9069700000000002,1.5,1.12
05.08.2021 01:21:57.162,0.9070600000000001,0.9069600000000001,1,2.07
05.08.2021 01:22:00.878,0.9070600000000001,0.9069600000000001,1.5,1.12
05.08.2021 01:22:20.553,0.90705,0.9069600000000001,1.95,1
05.08.2021 01:22:20.654,0.90703,0.90693,1,2.72
05.08.2021 01:22:24.657,0.90704,0.90694,1.57,2.32
05.08.2021 01:22:25.609,0.90704,0.90695,1.57,1
05.08.2021 01:22:25.911,0.90709,0.907,1.1,1
05.08.2021 01:22:26.012,0.9071,0.907,1,2.51
05.08.2021 01:22:26.113,0.9071100000000001,0.907,3.45,3.26
05.08.2021 01:22:26.265,0.90709,0.907,1,1.76
05.08.2021 01:22:35.883,0.9070700000000002,0.907,1,1.1
05.08.2021 01:22:35.984,0.90709,0.907,1,1.1
05.08.2021 01:23:51.065,0.90709,0.9070100000000001,1,1.1
05.08.2021 01:23:54.001,0.90709,0.907,1,2.29
05.08.2021 01:23:54.167,0.90709,0.907,1,1.79
05.08.2021 01:23:58.382,0.9070700000000002,0.907,1,1.79
05.08.2021 01:23:58.484,0.90709,0.907,1,1.76
05.08.2021 01:24:11.652,0.9070700000000002,0.90699,1,1.25
05.08.2021 01:24:11.754,0.90705,0.9069700000000002,1,1.69
05.08.2021 01:24:14.598,0.9070600000000001,0.9069700000000002,1,1.25
05.08.2021 01:24:16.849,0.9070600000000001,0.90698,1,1.25
05.08.2021 01:24:20.673,0.9070600000000001,0.9069700000000002,1,1
05.08.2021 01:24:21.172,0.9070700000000002,0.90698,1.1,1.25
05.08.2021 01:24:21.274,0.9070600000000001,0.9069600000000001,2.25,1.76
05.08.2021 01:24:22.208,0.9070600000000001,0.9069700000000002,1.5,1
05.08.2021 01:24:22.309,0.90705,0.9069600000000001,1,1.76
05.08.2021 01:24:22.958,0.9070600000000001,0.9069700000000002,1.5,1
05.08.2021 01:24:23.060,0.90705,0.9069600000000001,1,1.76
05.08.2021 01:24:24.592,0.9070600000000001,0.9069700000000002,1,1.69
05.08.2021 01:24:30.413,0.9070600000000001,0.90698,1,1.25
05.08.2021 01:24:31.022,0.9070600000000001,0.9069700000000002,1,1.69
05.08.2021 01:24:33.568,0.90705,0.9069600000000001,1,1.69
05.08.2021 01:24:36.272,0.90705,0.90695,2.32,2.44
05.08.2021 01:24:36.373,0.90704,0.90695,1,1.69
05.08.2021 01:24:46.059,0.90704,0.90694,1,2.51
05.08.2021 01:24:53.067,0.90704,0.90693,1.5,1.25
05.08.2021 01:24:53.169,0.90703,0.90693,1.57,2.81
05.08.2021 01:24:54.711,0.90703,0.90693,1.57,2.94
05.08.2021 01:24:54.953,0.90703,0.90693,1.57,2.44
05.08.2021 01:24:57.608,0.90703,0.90694,1,1.69
05.08.2021 01:25:02.305,0.90703,0.90693,1.57,1.69
05.08.2021 01:25:06.330,0.9070200000000002,0.90693,1,1.25
05.08.2021 01:25:06.431,0.9070200000000002,0.9069200000000002,1.5,1.76
05.08.2021 01:25:14.136,0.9070200000000002,0.90693,1,2.51
05.08.2021 01:25:14.237,0.9070200000000002,0.90694,1,1.25
05.08.2021 01:25:14.288,0.90704,0.90695,1,1
05.08.2021 01:25:14.592,0.90705,0.90695,1.57,2.44
05.08.2021 01:25:14.693,0.90704,0.90695,1,1.69
05.08.2021 01:25:14.744,0.90705,0.9069700000000002,1,1.25
05.08.2021 01:25:14.795,0.90708,0.90698,1.57,2.44
05.08.2021 01:25:14.896,0.90709,0.90699,2.32,2.44
05.08.2021 01:25:15.098,0.9070700000000002,0.90699,1,1.69
05.08.2021 01:25:15.532,0.9071,0.907,3.07,1.69
05.08.2021 01:25:15.634,0.90708,0.907,1,1.25
05.08.2021 01:25:16.725,0.9070700000000002,0.90699,1,1.25
05.08.2021 01:25:16.827,0.9070700000000002,0.90698,2.25,1
05.08.2021 01:25:16.932,0.9070600000000001,0.90698,1,1
05.08.2021 01:25:17.189,0.9070700000000002,0.90698,1,1
05.08.2021 01:25:28.051,0.9071100000000001,0.907,1.5,1
05.08.2021 01:25:28.204,0.90709,0.907,1,2.14
05.08.2021 01:25:29.053,0.9071,0.907,1,1
05.08.2021 01:25:36.015,0.90709,0.907,1,2.14
05.08.2021 01:25:37.195,0.90709,0.907,1,2.64
05.08.2021 01:25:37.246,0.9071100000000001,0.907,3.37,2.64
05.08.2021 01:25:38.196,0.9071100000000001,0.907,3.37,2.14
05.08.2021 01:25:39.234,0.9071100000000001,0.907,3.37,2.64
05.08.2021 01:25:41.198,0.9071100000000001,0.907,3.37,2.14
05.08.2021 01:25:43.748,0.90709,0.90699,1,1.69
05.08.2021 01:25:43.900,0.90708,0.90699,1,1
05.08.2021 01:25:46.430,0.9070700000000002,0.90699,1,1
05.08.2021 01:25:53.713,0.9070600000000001,0.90698,1,1.25
05.08.2021 01:25:53.815,0.9070600000000001,0.9069700000000002,1,1.1
05.08.2021 01:25:54.694,0.9070700000000002,0.9069700000000002,1,3.26
05.08.2021 01:25:54.795,0.9070600000000001,0.9069700000000002,1,2.51
05.08.2021 01:25:54.946,0.9070600000000001,0.90698,1,1
05.08.2021 01:25:58.020,0.9070600000000001,0.9069700000000002,1,1
05.08.2021 01:25:58.275,0.90704,0.90695,1,2.51
05.08.2021 01:25:58.434,0.90703,0.90695,1,1.69
05.08.2021 01:26:07.902,0.90708,0.90698,2.32,1
05.08.2021 01:26:08.155,0.9070700000000002,0.90698,1,1.01
05.08.2021 01:26:31.494,0.90708,0.9069600000000001,3.75,1.76
05.08.2021 01:26:31.596,0.9070700000000002,0.9069600000000001,1,1.01
05.08.2021 01:26:36.636,0.9070700000000002,0.90698,1,1.69
05.08.2021 01:26:36.737,0.9070600000000001,0.90698,1,1.25
05.08.2021 01:26:43.583,0.9070600000000001,0.9069700000000002,1,2.7
05.08.2021 01:27:14.770,0.9070700000000002,0.90695,1.5,1.5
05.08.2021 01:27:14.872,0.9070600000000001,0.9069700000000002,1.5,1.25
05.08.2021 01:27:14.975,0.9070600000000001,0.9069600000000001,1.5,2.44
05.08.2021 01:27:16.531,0.9070600000000001,0.9069700000000002,1.5,1.25
05.08.2021 01:27:31.639,0.90705,0.9069600000000001,1,1.79
05.08.2021 01:27:31.759,0.90705,0.9069600000000001,1.5,1.25
05.08.2021 01:27:57.026,0.90705,0.9069600000000001,1.5,1.25
05.08.2021 01:27:57.194,0.90705,0.9069600000000001,1,1.25
05.08.2021 01:27:59.815,0.90705,0.9069600000000001,1,1.79
05.08.2021 01:28:13.216,0.9070700000000002,0.9069700000000002,1.5,1.76
05.08.2021 01:28:13.317,0.9070600000000001,0.9069600000000001,1,2.54
05.08.2021 01:28:13.696,0.90709,0.90699,1.25,3.26
05.08.2021 01:28:13.798,0.9071,0.907,1.5,1.69
05.08.2021 01:28:22.679,0.90709,0.907,1,1.76
05.08.2021 01:28:40.613,0.90709,0.907,1,1.79
05.08.2021 01:28:40.714,0.90709,0.907,1,1.76
05.08.2021 01:28:43.583,0.90708,0.90699,3,1.31
05.08.2021 01:28:43.685,0.90708,0.9069700000000002,1,1.01
05.08.2021 01:28:43.786,0.9070600000000001,0.9069700000000002,1,1.76
05.08.2021 01:28:43.887,0.9070600000000001,0.9069600000000001,1.5,1.01
05.08.2021 01:28:44.243,0.9070600000000001,0.9069700000000002,1.5,1
05.08.2021 01:28:44.576,0.9070600000000001,0.9069600000000001,1.5,1.01
05.08.2021 01:28:44.904,0.9070600000000001,0.9069700000000002,1.5,1
05.08.2021 01:28:45.156,0.9070600000000001,0.9069600000000001,1.5,1.01
05.08.2021 01:28:45.646,0.9070600000000001,0.9069700000000002,1.5,1
05.08.2021 01:28:49.796,0.9070600000000001,0.9069600000000001,1.5,1.76
05.08.2021 01:28:52.545,0.9070600000000001,0.9069600000000001,1,1.79
05.08.2021 01:28:56.041,0.9070600000000001,0.9069700000000002,1,1.79
05.08.2021 01:29:00.412,0.9070600000000001,0.9069700000000002,1,1.1
05.08.2021 01:29:21.745,0.9070600000000001,0.90698,1,1
05.08.2021 01:29:22.025,0.9070600000000001,0.9069700000000002,1,1.1
05.08.2021 01:29:43.189,0.9070600000000001,0.90698,1,1
05.08.2021 01:29:43.290,0.9070600000000001,0.9069700000000002,1,1.1
05.08.2021 01:29:43.392,0.9070600000000001,0.9069600000000001,1,1.5
05.08.2021 01:29:46.178,0.9070600000000001,0.9069700000000002,1,1
05.08.2021 01:29:50.453,0.90705,0.90695,1.5,1.76
05.08.2021 01:30:01.237,0.9070700000000002,0.907,1.5,1
05.08.2021 01:30:01.339,0.9070700000000002,0.90699,1.5,3.37
05.08.2021 01:30:01.442,0.90709,0.907,1.5,1
05.08.2021 01:30:01.544,0.90708,0.907,1,1.25
05.08.2021 01:30:01.697,0.90709,0.9070100000000001,1,1
05.08.2021 01:30:01.798,0.90708,0.907,1,1.25
05.08.2021 01:30:03.225,0.9070700000000002,0.90699,1,2.44
05.08.2021 01:30:03.326,0.90708,0.90699,1,3.56
05.08.2021 01:30:04.189,0.9070700000000002,0.90698,1,1.12
05.08.2021 01:30:04.290,0.9070600000000001,0.9069700000000002,1,1
05.08.2021 01:30:22.861,0.9070600000000001,0.9069700000000002,1,1.1
05.08.2021 01:30:23.144,0.9070600000000001,0.9069700000000002,1,1.1
05.08.2021 01:30:25.682,0.9070600000000001,0.9069700000000002,1,1.1
05.08.2021 01:30:26.351,0.9070600000000001,0.9069700000000002,1,1.1
05.08.2021 01:30:26.861,0.9070600000000001,0.9069700000000002,1,1.1
05.08.2021 01:30:28.405,0.9070600000000001,0.9069700000000002,1,1.1
05.08.2021 01:30:28.787,0.9070600000000001,0.9069700000000002,1,1.1
05.08.2021 01:30:29.387,0.9070600000000001,0.9069700000000002,1,1.1
05.08.2021 01:30:29.691,0.9070600000000001,0.9069700000000002,1,1.1
05.08.2021 01:30:31.069,0.9070600000000001,0.9069700000000002,1,1.1
05.08.2021 01:30:31.955,0.9070600000000001,0.9069700000000002,1,1.1
05.08.2021 01:30:32.057,0.9070600000000001,0.9069700000000002,1,1.1
05.08.2021 01:30:32.201,0.9070600000000001,0.9069700000000002,1,1.1
05.08.2021 01:30:33.104,0.9070600000000001,0.9069700000000002,1,1.1
05.08.2021 01:30:33.750,0.9070600000000001,0.9069700000000002,1,1.1
05.08.2021 01:30:34.839,0.9070600000000001,0.9069700000000002,1,1.57
05.08.2021 01:30:36.542,0.9070600000000001,0.90698,1,1
05.08.2021 01:30:36.827,0.9070600000000001,0.9069700000000002,1,1.1
05.08.2021 01:30:42.159,0.9070600000000001,0.9069700000000002,1,1.1
05.08.2021 01:30:50.126,0.90708,0.90699,1,1.1
05.08.2021 01:30:57.016,0.9070700000000002,0.90699,1,1.1
05.08.2021 01:31:00.157,0.9070700000000002,0.90699,1,1.1
05.08.2021 01:31:00.259,0.9070700000000002,0.90699,1,1.1
05.08.2021 01:31:04.181,0.9071100000000001,0.907,3.82,1.79
05.08.2021 01:31:04.383,0.90709,0.907,1,1.79
05.08.2021 01:31:09.570,0.90708,0.907,1,1.1
05.08.2021 01:31:09.722,0.9070700000000002,0.907,1,1
05.08.2021 01:31:09.825,0.9070700000000002,0.90699,1,1.25
05.08.2021 01:31:09.926,0.9070700000000002,0.90698,1,1.01
05.08.2021 01:31:10.027,0.9070700000000002,0.90699,1,1
05.08.2021 01:31:25.572,0.9070700000000002,0.90699,1,1.1
05.08.2021 01:31:40.320,0.90708,0.9069600000000001,1,2.97
05.08.2021 01:31:40.421,0.9070700000000002,0.9069600000000001,1,2.04
05.08.2021 01:31:40.787,0.9070600000000001,0.9069600000000001,1,2.54
05.08.2021 01:31:45.811,0.90705,0.9069600000000001,1,1.79
05.08.2021 01:31:47.674,0.90705,0.90695,1.57,1.5
05.08.2021 01:31:48.919,0.90705,0.90694,1,1
05.08.2021 01:31:50.737,0.90704,0.90694,1.57,2.44
05.08.2021 01:31:50.839,0.90703,0.90693,1.5,1.82
05.08.2021 01:31:53.579,0.90703,0.90693,3,1.1
05.08.2021 01:31:53.680,0.9070200000000002,0.9069100000000001,1.5,4.6
05.08.2021 01:32:00.156,0.9070100000000001,0.90689,1,5.35
05.08.2021 01:32:00.308,0.90698,0.90689,1,3.26
05.08.2021 01:32:00.510,0.90698,0.90688,1.57,1.69
05.08.2021 01:32:00.611,0.9069700000000002,0.90688,1,1.25
05.08.2021 01:32:09.696,0.90695,0.9068700000000001,1,1.69
05.08.2021 01:32:09.797,0.90695,0.9068600000000001,1,1.76
05.08.2021 01:32:09.899,0.90695,0.9068700000000001,1,1.25
05.08.2021 01:32:12.704,0.9069600000000001,0.9068700000000001,1,1.76
05.08.2021 01:32:12.906,0.90698,0.90688,1,2.51
05.08.2021 01:32:13.008,0.9069700000000002,0.90688,1,1.25
05.08.2021 01:32:15.243,0.907,0.9069100000000001,1.5,1.69
05.08.2021 01:32:15.344,0.907,0.9069,3,2.89
05.08.2021 01:32:15.596,0.90699,0.9069,1,1.76
05.08.2021 01:32:15.697,0.907,0.9069,3,2.51
05.08.2021 01:32:15.799,0.90699,0.9069,1,1.76
05.08.2021 01:32:15.900,0.907,0.9069,3,2.51
05.08.2021 01:32:16.001,0.90699,0.9069,1,1.76
05.08.2021 01:32:16.103,0.907,0.9069,3,2.51
05.08.2021 01:32:16.385,0.90699,0.9069,1,1.76
05.08.2021 01:32:16.486,0.907,0.9069,3,2.51
05.08.2021 01:32:16.637,0.90699,0.9069,1,1.69
05.08.2021 01:32:16.789,0.90699,0.90689,1.5,2.14
05.08.2021 01:32:16.890,0.90698,0.90689,1,1.25
05.08.2021 01:32:16.992,0.9069700000000002,0.90689,1,1.25
05.08.2021 01:32:17.314,0.9069700000000002,0.90688,1,1.25
05.08.2021 01:32:18.238,0.9069600000000001,0.90688,1,1.25
05.08.2021 01:32:22.132,0.9069600000000001,0.9068700000000001,1,2.44
05.08.2021 01:32:26.183,0.90699,0.90689,1,2.62
05.08.2021 01:32:27.242,0.9070200000000002,0.9069200000000002,2.12,1
05.08.2021 01:32:27.350,0.9070200000000002,0.9069200000000002,1.87,1
05.08.2021 01:32:27.452,0.9070200000000002,0.90693,1.12,1
05.08.2021 01:32:27.553,0.9070100000000001,0.9069100000000001,1,2.89
05.08.2021 01:32:32.058,0.9070100000000001,0.9069100000000001,1,2.91
05.08.2021 01:32:32.404,0.9070100000000001,0.9069100000000001,1.5,2.89
05.08.2021 01:32:32.606,0.9070100000000001,0.9069200000000002,1,1.57
05.08.2021 01:32:33.570,0.90704,0.90693,2.25,1
05.08.2021 01:32:33.671,0.90703,0.9069100000000001,1,3.29
05.08.2021 01:32:34.098,0.90703,0.90695,2.25,1
05.08.2021 01:32:34.199,0.90703,0.90693,3,2.51
05.08.2021 01:32:39.487,0.9070200000000002,0.9069200000000002,1,3.39
05.08.2021 01:32:39.588,0.9070200000000002,0.9069200000000002,1,3.26
05.08.2021 01:32:41.929,0.9070200000000002,0.9069200000000002,1,3.29
05.08.2021 01:32:47.032,0.90704,0.90694,1.25,1.1
05.08.2021 01:32:47.134,0.9070600000000001,0.9069600000000001,1.5,1.76
05.08.2021 01:32:47.235,0.9070700000000002,0.9069700000000002,2.25,2.51
05.08.2021 01:32:47.337,0.9070700000000002,0.90698,1,1.25
05.08.2021 01:32:47.438,0.9070600000000001,0.90698,1,1.25
05.08.2021 01:32:48.048,0.90705,0.9069700000000002,1,1.69
05.08.2021 01:32:48.678,0.9070600000000001,0.90695,1.5,1.76
05.08.2021 01:32:54.767,0.90704,0.90695,1.5,1.25
05.08.2021 01:32:54.869,0.90703,0.90693,1.5,3.79
05.08.2021 01:32:54.971,0.90705,0.90694,1.5,1.25
05.08.2021 01:32:59.643,0.90704,0.90694,1,1.25
05.08.2021 01:32:59.694,0.90703,0.90693,3,2.51
05.08.2021 01:33:01.885,0.90705,0.90694,1,1
05.08.2021 01:33:01.986,0.90705,0.90695,1.57,1.5
05.08.2021 01:33:02.087,0.90704,0.90695,1,1
05.08.2021 01:33:13.415,0.90703,0.90694,1,2.06
05.08.2021 01:33:13.567,0.9070200000000002,0.90693,1,1.1
05.08.2021 01:33:24.877,0.90703,0.90693,3,1.1
05.08.2021 01:33:30.054,0.9070200000000002,0.9069200000000002,2.25,1.1
05.08.2021 01:33:31.141,0.9070100000000001,0.9069200000000002,1,1.1
05.08.2021 01:33:53.230,0.9070200000000002,0.9069200000000002,1,1.1
05.08.2021 01:34:06.601,0.907,0.9069200000000002,1,1.76
05.08.2021 01:34:10.776,0.907,0.9069100000000001,1,1.76
05.08.2021 01:34:11.281,0.907,0.9069100000000001,1,2.64
05.08.2021 01:34:15.960,0.9070100000000001,0.9069,2.25,1.1
05.08.2021 01:34:16.061,0.907,0.9069200000000002,1.5,1.25
05.08.2021 01:34:16.163,0.907,0.9069100000000001,1,1.76
05.08.2021 01:34:16.365,0.9069700000000002,0.90689,1,1
05.08.2021 01:34:16.517,0.9069700000000002,0.90688,1.57,1.25
05.08.2021 01:34:16.618,0.9069700000000002,0.9068700000000001,1.5,1.25
05.08.2021 01:34:18.944,0.9069700000000002,0.9069,1,1.69
05.08.2021 01:34:18.995,0.9070100000000001,0.90689,3.1,2.25
05.08.2021 01:34:19.097,0.907,0.9069,3.07,2.32
05.08.2021 01:34:19.198,0.90699,0.9069,1,1.57
05.08.2021 01:34:23.494,0.9069700000000002,0.9069,1,1
05.08.2021 01:34:23.595,0.9069700000000002,0.90689,1,1
05.08.2021 01:34:23.696,0.9069600000000001,0.9068700000000001,1,1.76
05.08.2021 01:34:23.798,0.90695,0.9068700000000001,1,1.76
05.08.2021 01:34:24.837,0.9069600000000001,0.9068700000000001,1.1,1.69
05.08.2021 01:34:31.970,0.90698,0.90688,1.6,1
05.08.2021 01:34:34.017,0.9069600000000001,0.90688,1,1.5
05.08.2021 01:34:36.862,0.9069700000000002,0.90688,1.1,1.5
05.08.2021 01:34:37.417,0.9069600000000001,0.90688,1,1.5
05.08.2021 01:34:38.458,0.9069600000000001,0.90689,1,1
05.08.2021 01:34:39.457,0.9069600000000001,0.90688,1,1.5
05.08.2021 01:34:40.492,0.9069600000000001,0.90688,1,1.62
05.08.2021 01:34:41.481,0.9069600000000001,0.90688,1,1.5
05.08.2021 01:34:55.015,0.9069600000000001,0.9068700000000001,1,2.51
05.08.2021 01:34:59.473,0.9069700000000002,0.9068700000000001,1.57,1
05.08.2021 01:35:02.310,0.9069700000000002,0.9068700000000001,2.07,1
05.08.2021 01:35:02.563,0.9069700000000002,0.9068700000000001,1.57,1
05.08.2021 01:35:02.665,0.90698,0.9068600000000001,1.6,1
05.08.2021 01:35:02.766,0.9069600000000001,0.9068600000000001,1.1,1.69
05.08.2021 01:35:03.019,0.9069700000000002,0.9068700000000001,2.32,1
05.08.2021 01:35:07.452,0.90695,0.9068700000000001,1,1
05.08.2021 01:35:11.462,0.9069600000000001,0.90685,1,1.69
05.08.2021 01:35:17.288,0.90694,0.9068600000000001,1,1
05.08.2021 01:35:22.088,0.9069600000000001,0.9068600000000001,1.1,4.76
05.08.2021 01:35:22.240,0.90695,0.9068600000000001,1,4.01
05.08.2021 01:35:30.468,0.90695,0.9068700000000001,1.1,1
05.08.2021 01:35:31.871,0.90695,0.9068600000000001,1.1,1.69
05.08.2021 01:35:44.364,0.9069600000000001,0.9068600000000001,1.57,2.44
05.08.2021 01:35:44.465,0.90695,0.9068600000000001,1,1.69
05.08.2021 01:35:45.061,0.90695,0.9068700000000001,1,1
05.08.2021 01:35:46.385,0.90695,0.90688,1,1
05.08.2021 01:35:52.874,0.90695,0.9068700000000001,1.1,1
05.08.2021 01:36:04.978,0.90695,0.90688,1,1
05.08.2021 01:36:05.251,0.90695,0.9068700000000001,1,3
05.08.2021 01:36:05.414,0.90695,0.90688,1,1
05.08.2021 01:36:06.209,0.90695,0.9068700000000001,1.1,1
05.08.2021 01:36:49.499,0.9069700000000002,0.9068700000000001,1.57,2.51
05.08.2021 01:36:49.600,0.9069600000000001,0.9068700000000001,1,1.76
05.08.2021 01:36:51.075,0.9069700000000002,0.9069,1.5,1
05.08.2021 01:36:51.228,0.9069700000000002,0.90688,1.57,1
05.08.2021 01:36:51.330,0.9069700000000002,0.90689,1.57,1
05.08.2021 01:36:51.432,0.90698,0.9068700000000001,1.57,1
05.08.2021 01:36:51.590,0.9069700000000002,0.90689,1.5,1
05.08.2021 01:36:52.552,0.90699,0.90688,1.1,3.94
05.08.2021 01:36:52.654,0.90698,0.9069,1,1
05.08.2021 01:36:52.755,0.90699,0.9069100000000001,1,1
05.08.2021 01:36:53.719,0.90699,0.9069,1,1
05.08.2021 01:36:56.559,0.90698,0.9069,1,1
05.08.2021 01:37:04.164,0.907,0.90693,1.5,1
05.08.2021 01:37:04.265,0.907,0.9069200000000002,1.5,1.5
05.08.2021 01:37:04.316,0.90703,0.90693,2.33,2.44
05.08.2021 01:37:04.418,0.907,0.90694,1.5,1
05.08.2021 01:37:04.468,0.907,0.9069200000000002,1.5,1
05.08.2021 01:37:05.206,0.907,0.90693,1.5,1
05.08.2021 01:37:06.294,0.9070100000000001,0.90693,1,1.5
05.08.2021 01:37:10.873,0.9070100000000001,0.90694,1,1
05.08.2021 01:37:14.163,0.9070200000000002,0.90695,1,1.69
05.08.2021 01:37:14.215,0.9070600000000001,0.9069600000000001,2.32,1.76
05.08.2021 01:37:14.317,0.9070600000000001,0.9069700000000002,1.1,1
05.08.2021 01:37:14.418,0.9070600000000001,0.90698,1.1,1
05.08.2021 01:37:14.519,0.90705,0.90698,1,1
05.08.2021 01:37:14.620,0.9070600000000001,0.9069600000000001,1.1,1
05.08.2021 01:37:17.620,0.90705,0.90698,1,1
05.08.2021 01:37:31.920,0.9070600000000001,0.90698,1,1
05.08.2021 01:37:31.971,0.90709,0.9070100000000001,1.5,1
05.08.2021 01:37:32.021,0.9071100000000001,0.9070200000000002,4.2,1
05.08.2021 01:37:32.275,0.9071,0.9070200000000002,1,1
05.08.2021 01:37:32.638,0.9071100000000001,0.9070200000000002,1.1,1
05.08.2021 01:37:32.798,0.9071100000000001,0.90703,1.1,1
05.08.2021 01:37:32.900,0.9071200000000001,0.90703,1,1.5
05.08.2021 01:37:33.756,0.9071200000000001,0.90704,1,2.25
05.08.2021 01:37:34.694,0.9071400000000001,0.90704,2.91,3
05.08.2021 01:37:40.026,0.90715,0.90705,5.6,1
05.08.2021 01:37:40.077,0.90715,0.9070700000000002,5.54,2.25
05.08.2021 01:37:40.128,0.9071600000000001,0.90708,1.1,1
05.08.2021 01:37:40.229,0.9071700000000001,0.9071100000000001,1.1,1
05.08.2021 01:37:40.826,0.9071700000000001,0.9070700000000002,1,4.5
05.08.2021 01:37:40.978,0.90718,0.90709,1.22,1
05.08.2021 01:37:41.253,0.9072,0.90713,1.1,1
05.08.2021 01:37:41.354,0.9072200000000001,0.90713,2.35,1
05.08.2021 01:37:42.267,0.9072200000000001,0.9071200000000001,2.72,1.5
05.08.2021 01:37:53.639,0.90719,0.9071200000000001,1,1
05.08.2021 01:37:54.581,0.9072100000000001,0.9071200000000001,1.1,1
05.08.2021 01:37:54.683,0.9072100000000001,0.9071200000000001,1.1,1
05.08.2021 01:37:54.784,0.9072100000000001,0.90713,1,1
05.08.2021 01:37:54.885,0.9072200000000001,0.90713,1.1,1
05.08.2021 01:37:55.562,0.9072200000000001,0.9071400000000001,1.1,1
05.08.2021 01:37:58.744,0.9072200000000001,0.90713,1.1,1.5
05.08.2021 01:38:00.162,0.9072200000000001,0.9071400000000001,1.1,1
05.08.2021 01:38:02.190,0.90723,0.9071100000000001,1.95,2.25
05.08.2021 01:38:09.588,0.9072100000000001,0.9071200000000001,1,1.5
05.08.2021 01:38:14.296,0.9072100000000001,0.9071400000000001,1,1
05.08.2021 01:38:15.132,0.9072,0.9071400000000001,1,1
05.08.2021 01:38:15.284,0.90718,0.90709,1,1
05.08.2021 01:38:15.385,0.90718,0.9071100000000001,1,1
05.08.2021 01:38:17.329,0.90718,0.90709,1,1
05.08.2021 01:38:19.107,0.9071700000000001,0.90709,1,1
05.08.2021 01:38:25.030,0.90715,0.90708,3.1,1.25
05.08.2021 01:38:25.082,0.90715,0.9070600000000001,2.72,1.5
05.08.2021 01:38:34.305,0.90718,0.90709,1.25,1.1
05.08.2021 01:38:34.407,0.9072100000000001,0.9071,1,1
05.08.2021 01:38:34.609,0.9072100000000001,0.9071100000000001,1.57,1.5
05.08.2021 01:38:35.285,0.9072100000000001,0.9071200000000001,1.5,1
05.08.2021 01:38:35.758,0.9072100000000001,0.90713,1.5,1
05.08.2021 01:38:41.830,0.9072100000000001,0.9071400000000001,1.5,1
05.08.2021 01:38:42.830,0.9072100000000001,0.90713,1.5,1
05.08.2021 01:38:44.071,0.9072100000000001,0.9071400000000001,1.5,1
05.08.2021 01:38:45.061,0.9072100000000001,0.90713,1,1
05.08.2021 01:38:56.258,0.9072200000000001,0.90713,1.57,1.5
05.08.2021 01:38:56.498,0.9072200000000001,0.9071400000000001,1.57,1
05.08.2021 01:38:57.279,0.90723,0.9071200000000001,1.57,1
05.08.2021 01:39:07.479,0.9071700000000001,0.9071100000000001,1.5,1.5
05.08.2021 01:39:07.530,0.90718,0.9070700000000002,1.5,1.69
05.08.2021 01:39:07.681,0.9071700000000001,0.9070700000000002,2.32,3.19
05.08.2021 01:39:08.522,0.9071700000000001,0.90708,3.07,1
05.08.2021 01:39:12.792,0.90718,0.90708,1,3.26
05.08.2021 01:39:12.893,0.90718,0.90709,1,1
05.08.2021 01:39:14.531,0.90719,0.90709,1.5,1
05.08.2021 01:39:16.976,0.9071600000000001,0.90708,1,1
05.08.2021 01:39:17.077,0.9071700000000001,0.90709,1,1
05.08.2021 01:39:17.128,0.90719,0.90709,1.69,1
05.08.2021 01:39:17.605,0.90719,0.9071100000000001,1.5,1
05.08.2021 01:39:19.605,0.90719,0.9071,1.5,1
05.08.2021 01:39:19.776,0.90719,0.9071100000000001,1,1
05.08.2021 01:39:20.079,0.90719,0.9071200000000001,1,2.25
05.08.2021 01:39:24.770,0.90719,0.9071100000000001,1,1
05.08.2021 01:39:25.240,0.90719,0.90713,1,1
05.08.2021 01:39:28.290,0.90719,0.9071200000000001,1,2.25
05.08.2021 01:39:35.246,0.90719,0.90713,1,2.25
05.08.2021 01:39:40.220,0.90719,0.9071100000000001,1,1.5
05.08.2021 01:39:41.176,0.90719,0.90713,1,1
05.08.2021 01:39:43.874,0.9072,0.90713,1,1
05.08.2021 01:39:44.153,0.9072,0.9071200000000001,1,1
05.08.2021 01:39:45.150,0.9072,0.9071100000000001,1,1.5
05.08.2021 01:39:54.169,0.9072,0.90713,1,1
05.08.2021 01:39:59.269,0.9072,0.9071100000000001,1,1.25
05.08.2021 01:40:00.670,0.9072,0.90713,1,1
05.08.2021 01:40:01.659,0.9072100000000001,0.9071100000000001,1,1
05.08.2021 01:40:03.677,0.9072,0.9071,1.5,1.76
05.08.2021 01:40:05.476,0.9072,0.9071100000000001,1,1
05.08.2021 01:40:36.689,0.9072,0.9071200000000001,1,1
05.08.2021 01:40:39.769,0.9072,0.9071100000000001,1,1
05.08.2021 01:41:00.448,0.9072,0.9071,1.5,1.69
05.08.2021 01:41:08.521,0.90719,0.9071100000000001,1,1
05.08.2021 01:41:09.500,0.9071400000000001,0.90708,2.25,1
05.08.2021 01:41:09.602,0.90713,0.90705,1,1
05.08.2021 01:41:09.703,0.90713,0.90704,1,2.25
05.08.2021 01:41:35.843,0.9071100000000001,0.90703,1,2.25
05.08.2021 01:41:42.664,0.9071100000000001,0.9070200000000002,1.57,1
05.08.2021 01:41:42.765,0.9071,0.9070100000000001,1.5,1
05.08.2021 01:41:42.866,0.90709,0.9070100000000001,1,1
05.08.2021 01:41:46.874,0.90709,0.907,1,2.25
05.08.2021 01:41:47.285,0.90709,0.9070100000000001,1,1
05.08.2021 01:41:48.639,0.90709,0.9070200000000002,1,1
05.08.2021 01:41:50.592,0.9071,0.907,1,1
05.08.2021 01:41:53.003,0.90709,0.907,1,1.5
05.08.2021 01:41:58.582,0.90705,0.90698,1,1
05.08.2021 01:41:59.032,0.90705,0.9069700000000002,1,1
05.08.2021 01:42:07.631,0.90705,0.9069700000000002,1.5,1
05.08.2021 01:42:07.834,0.90705,0.9069700000000002,1,1
05.08.2021 01:42:22.660,0.90705,0.9069600000000001,1.1,2.25
05.08.2021 01:42:44.024,0.90705,0.9069700000000002,1.57,1
05.08.2021 01:42:44.931,0.9070600000000001,0.90695,1.57,1.5
05.08.2021 01:42:52.016,0.90705,0.9069700000000002,1.1,2.25
05.08.2021 01:43:00.589,0.90705,0.90698,1.1,1
05.08.2021 01:43:07.825,0.90705,0.9069600000000001,1.1,3
05.08.2021 01:43:23.349,0.90704,0.90695,1,2.25
05.08.2021 01:43:29.664,0.90704,0.90695,1,2.75
05.08.2021 01:43:29.859,0.90704,0.90695,1,2.25
05.08.2021 01:43:55.106,0.90705,0.90695,1.5,1
05.08.2021 01:43:56.127,0.90704,0.90695,1.5,2.25
05.08.2021 01:43:58.437,0.90704,0.9069600000000001,1.5,1
05.08.2021 01:43:59.437,0.90704,0.90695,1.5,2.25
05.08.2021 01:44:06.783,0.90704,0.9069700000000002,1,2.25
05.08.2021 01:44:46.572,0.90704,0.9069600000000001,1,1
05.08.2021 01:44:52.572,0.90704,0.90695,1,3
05.08.2021 01:44:53.801,0.90705,0.90695,1.57,2.25
05.08.2021 01:45:00.626,0.90705,0.9069600000000001,1.57,1
05.08.2021 01:45:02.597,0.90705,0.90695,1.57,2.25
05.08.2021 01:45:05.353,0.90705,0.9069600000000001,1.57,1
05.08.2021 01:45:06.375,0.90705,0.90695,1.57,2.25
05.08.2021 01:45:07.379,0.90705,0.9069600000000001,1.5,1
05.08.2021 01:45:09.380,0.90705,0.90695,1.5,2.25
05.08.2021 01:45:18.355,0.90705,0.9069600000000001,1.5,1
05.08.2021 01:45:19.814,0.90705,0.90695,1.5,2.25
05.08.2021 01:45:20.804,0.90705,0.9069600000000001,1.5,1
05.08.2021 01:45:24.664,0.90705,0.9069700000000002,1.5,1
05.08.2021 01:45:26.632,0.90705,0.9069600000000001,1.5,1
05.08.2021 01:45:28.344,0.9070600000000001,0.9069600000000001,1.57,1
05.08.2021 01:45:30.360,0.90705,0.9069600000000001,1.57,1
05.08.2021 01:45:45.569,0.90705,0.90695,1.57,2.25
05.08.2021 01:45:47.563,0.90705,0.9069600000000001,1.57,1
05.08.2021 01:45:49.416,0.90705,0.90695,1.57,2.25
05.08.2021 01:45:50.416,0.90705,0.9069600000000001,1.57,1
05.08.2021 01:46:07.397,0.90705,0.90695,1.1,2.25
05.08.2021 01:46:08.350,0.90705,0.9069600000000001,1.1,1
05.08.2021 01:46:11.660,0.90705,0.9069700000000002,1.1,2.25
05.08.2021 01:46:23.977,0.90705,0.9069600000000001,1.1,1
05.08.2021 01:46:45.617,0.90705,0.90695,1,2.25
05.08.2021 01:46:51.397,0.90705,0.9069600000000001,1,1
05.08.2021 01:46:58.501,0.90705,0.90695,1,2.44
05.08.2021 01:46:59.929,0.90705,0.9069600000000001,1,1
05.08.2021 01:47:17.029,0.90705,0.90695,1,2.25
05.08.2021 01:47:26.664,0.90705,0.90695,1.5,2.25
05.08.2021 01:47:26.867,0.90705,0.90695,1,2.25
05.08.2021 01:47:46.178,0.90705,0.9069600000000001,1,1
05.08.2021 01:47:46.927,0.90705,0.9069700000000002,1,2.25
05.08.2021 01:47:48.590,0.90705,0.90698,1,1
05.08.2021 01:47:51.688,0.90705,0.9069700000000002,1,2.25
05.08.2021 01:47:56.378,0.90705,0.9069600000000001,1,1
05.08.2021 01:47:59.350,0.90705,0.9069700000000002,1,1
05.08.2021 01:48:00.061,0.90705,0.90695,1,1.25
05.08.2021 01:48:06.942,0.90705,0.9069600000000001,1,1
05.08.2021 01:48:08.922,0.90705,0.9069700000000002,1,1
05.08.2021 01:48:10.952,0.90705,0.9069600000000001,1.1,1
05.08.2021 01:49:00.613,0.90705,0.90698,1.1,1
05.08.2021 01:49:02.500,0.90705,0.9069700000000002,1.1,1
05.08.2021 01:49:03.654,0.90705,0.90695,1.1,1.5
05.08.2021 01:49:04.001,0.90705,0.90695,1.1,2
05.08.2021 01:49:05.786,0.9070600000000001,0.90694,1.1,1.5
05.08.2021 01:49:32.076,0.90704,0.90695,1,1
05.08.2021 01:49:32.177,0.90704,0.90694,1,2.51
05.08.2021 01:49:35.596,0.907,0.90694,1,1.57
05.08.2021 01:49:35.698,0.90705,0.90698,1.57,2.25
05.08.2021 01:49:40.529,0.9070600000000001,0.90698,1.57,1
05.08.2021 01:49:46.390,0.9070600000000001,0.9069700000000002,1.1,2.25
05.08.2021 01:49:46.940,0.9070600000000001,0.9069600000000001,1.1,1.25
05.08.2021 01:49:54.112,0.9070600000000001,0.90698,1.57,1
05.08.2021 01:50:07.469,0.9070600000000001,0.90699,1.1,3
05.08.2021 01:50:07.520,0.9071,0.9070100000000001,1.12,1.01
05.08.2021 01:50:07.621,0.9071200000000001,0.90705,1.6,1
05.08.2021 01:50:07.672,0.90713,0.90705,1.95,1
05.08.2021 01:50:09.033,0.9071400000000001,0.90705,1.1,2.25
05.08.2021 01:50:09.235,0.9071600000000001,0.9070700000000002,1,1
05.08.2021 01:50:09.340,0.90718,0.90708,1.1,1.69
05.08.2021 01:50:09.391,0.9072,0.9071,1.57,1
05.08.2021 01:50:11.654,0.9072100000000001,0.9071100000000001,1.95,1
05.08.2021 01:50:13.270,0.9072100000000001,0.9071200000000001,1.1,1.25
05.08.2021 01:50:16.787,0.9071600000000001,0.90709,1.95,1.25
05.08.2021 01:50:16.838,0.9071400000000001,0.90705,1.1,1.64
05.08.2021 01:50:16.889,0.90713,0.90704,1,1.57
05.08.2021 01:50:17.092,0.90713,0.90703,1,2.44
05.08.2021 01:50:27.629,0.9071400000000001,0.90704,1.57,1
05.08.2021 01:50:27.955,0.90713,0.90703,1.57,1
05.08.2021 01:50:32.385,0.9071200000000001,0.9070200000000002,1,1.12
05.08.2021 01:50:32.537,0.9071200000000001,0.90703,1,1
05.08.2021 01:50:35.068,0.9071200000000001,0.9070200000000002,1,1.25
05.08.2021 01:50:35.387,0.9070700000000002,0.9070100000000001,1.5,1
05.08.2021 01:50:35.493,0.9070600000000001,0.9069600000000001,1.57,3.19
05.08.2021 01:50:50.028,0.90705,0.90695,1,2.06
05.08.2021 01:50:52.306,0.9070700000000002,0.90695,1.57,1.25
05.08.2021 01:50:52.357,0.9070600000000001,0.9069700000000002,1.57,1
05.08.2021 01:50:52.837,0.9070600000000001,0.9069600000000001,1.57,1.25
05.08.2021 01:50:55.874,0.90705,0.9069600000000001,1,1.25
05.08.2021 01:51:01.475,0.9070600000000001,0.9069600000000001,1.57,1.25
05.08.2021 01:51:14.914,0.9070600000000001,0.90699,1.5,1.72
05.08.2021 01:51:14.965,0.9071,0.907,1,1.1
05.08.2021 01:51:15.066,0.9071,0.90703,1,1
05.08.2021 01:51:15.117,0.9071200000000001,0.90703,1.57,1
05.08.2021 01:51:15.369,0.90713,0.9070200000000002,2.35,2.51
05.08.2021 01:51:16.133,0.90713,0.9070200000000002,2.35,3.39
05.08.2021 01:51:17.134,0.90713,0.9070200000000002,2.35,2.89
05.08.2021 01:51:21.713,0.90713,0.9070200000000002,2.35,3.39
05.08.2021 01:51:31.403,0.90715,0.90708,1.1,1
05.08.2021 01:51:31.657,0.9071400000000001,0.9070600000000001,1.1,1
05.08.2021 01:51:31.759,0.90718,0.90708,2.35,1.5
05.08.2021 01:51:31.861,0.90718,0.90709,1,1.25
05.08.2021 01:51:41.129,0.9072,0.9071,1,1
05.08.2021 01:51:41.281,0.9072,0.9071200000000001,1,1
05.08.2021 01:51:45.279,0.9072,0.9071,1,1
05.08.2021 01:51:49.331,0.90715,0.90705,3,1.25
05.08.2021 01:51:49.433,0.90713,0.90704,1,1.12
05.08.2021 01:51:49.534,0.9071200000000001,0.90703,1,3.31
05.08.2021 01:51:50.128,0.9071200000000001,0.90703,1,2.44
05.08.2021 01:51:58.796,0.9071200000000001,0.90704,1,1.25
05.08.2021 01:52:22.775,0.9071200000000001,0.90703,1,2.81
05.08.2021 01:52:24.356,0.9071200000000001,0.90704,1,1.25
05.08.2021 01:52:24.558,0.9071200000000001,0.90703,1,2.44
05.08.2021 01:52:36.385,0.9071200000000001,0.90704,1,1.25
05.08.2021 01:52:36.662,0.9071200000000001,0.90703,1,3.19
05.08.2021 01:52:54.875,0.9071200000000001,0.90705,1,1
05.08.2021 01:52:57.974,0.9071200000000001,0.90703,1,1.5
05.08.2021 01:54:08.510,0.9071200000000001,0.90705,1,1
05.08.2021 01:54:08.718,0.9071200000000001,0.90703,1,2
05.08.2021 01:54:08.967,0.90713,0.9070200000000002,1,1.5
05.08.2021 01:54:47.990,0.9071200000000001,0.9070200000000002,1.1,1.5
05.08.2021 01:55:25.898,0.9071100000000001,0.9070200000000002,1,1
05.08.2021 01:55:39.776,0.9071100000000001,0.9070100000000001,1,1.5
05.08.2021 01:55:47.562,0.9071200000000001,0.9070200000000002,1,1.25
05.08.2021 01:55:47.663,0.9071200000000001,0.9070200000000002,1,1.81
05.08.2021 01:55:51.886,0.90713,0.90705,1,1
05.08.2021 01:55:53.874,0.9071400000000001,0.90705,1.1,1.12
05.08.2021 01:55:55.342,0.9071700000000001,0.9070700000000002,1.95,1.69
05.08.2021 01:55:55.443,0.90718,0.90708,1.5,2.44
05.08.2021 01:55:55.934,0.90718,0.90709,1,1
05.08.2021 01:56:06.396,0.90718,0.9071,1,1
05.08.2021 01:56:06.596,0.90718,0.90709,1,1.12
05.08.2021 01:56:47.605,0.90719,0.9071,1,1
05.08.2021 01:56:47.707,0.9072200000000001,0.90709,1.6,2.44
05.08.2021 01:56:48.801,0.9072100000000001,0.9071200000000001,1.22,1
05.08.2021 01:56:48.953,0.9072100000000001,0.9071200000000001,1.2,1
05.08.2021 01:56:50.552,0.9072100000000001,0.90713,1.2,1
05.08.2021 01:56:53.638,0.9072100000000001,0.9071200000000001,1.1,1
05.08.2021 01:57:00.498,0.9072200000000001,0.90713,1,1.12
05.08.2021 01:57:00.600,0.90723,0.90713,1.95,1.87
05.08.2021 01:57:00.701,0.90725,0.90715,1.57,1.5
05.08.2021 01:57:01.157,0.90725,0.9071600000000001,1,1
05.08.2021 01:57:04.304,0.9072700000000001,0.9071700000000001,1.12,1.69
05.08.2021 01:57:15.360,0.90728,0.90718,1.5,1.87
05.08.2021 01:57:15.462,0.90728,0.90719,1,1
05.08.2021 01:57:15.563,0.90729,0.90719,1.5,1.69
05.08.2021 01:57:26.912,0.90729,0.90718,1,1.25
05.08.2021 01:57:27.307,0.90728,0.90718,1,1
05.08.2021 01:57:27.409,0.90728,0.9071700000000001,1.2,1
05.08.2021 01:57:30.347,0.90728,0.90718,1,1
05.08.2021 01:57:37.846,0.90728,0.90719,1.57,3.75
05.08.2021 01:57:38.845,0.90729,0.90719,1.22,1
05.08.2021 01:57:40.806,0.90729,0.90719,1.22,1
05.08.2021 01:57:41.386,0.90729,0.90719,1.2,1
05.08.2021 01:57:42.697,0.90729,0.90719,1.22,1
05.08.2021 01:57:43.993,0.90729,0.90719,1.2,1
05.08.2021 01:57:44.499,0.90729,0.90719,1.22,1
05.08.2021 01:57:44.841,0.90729,0.90718,1.22,1.5
05.08.2021 01:57:56.193,0.90724,0.90715,2.25,1
05.08.2021 01:57:56.294,0.90723,0.90715,2.32,1
05.08.2021 01:57:56.547,0.90723,0.90715,2.72,1
05.08.2021 01:57:57.046,0.90723,0.90713,1.22,2.25
05.08.2021 01:57:58.071,0.90723,0.9071400000000001,1.22,1
05.08.2021 01:57:59.280,0.90723,0.9071400000000001,1.2,1
05.08.2021 01:57:59.538,0.90725,0.90719,1.31,4.69
05.08.2021 01:57:59.589,0.9073,0.90718,1.1,5.25
05.08.2021 01:57:59.690,0.90729,0.9072,1.12,1
05.08.2021 01:58:00.147,0.9073,0.9072,1,1
05.08.2021 01:58:01.146,0.90729,0.9072,1,1.5
05.08.2021 01:58:04.184,0.90729,0.9072100000000001,1,1
05.08.2021 01:58:04.384,0.9073,0.9072100000000001,1.95,1
05.08.2021 01:58:04.537,0.9073,0.9072200000000001,1.2,1
05.08.2021 01:58:10.475,0.9073,0.9072100000000001,1.2,4.5
05.08.2021 01:58:32.615,0.9073100000000001,0.9072200000000001,1.95,3.75
05.08.2021 01:58:37.666,0.9073100000000001,0.90723,1.2,2.25
05.08.2021 01:58:38.666,0.9073100000000001,0.9072200000000001,1.95,3.75
05.08.2021 01:58:39.681,0.9073100000000001,0.90723,1.2,2.25
05.08.2021 01:58:40.667,0.9073100000000001,0.9072200000000001,1.95,3.75
05.08.2021 01:58:45.669,0.9073200000000001,0.9072,1.95,2.25
05.08.2021 01:58:48.680,0.9073100000000001,0.9072200000000001,1.95,1
05.08.2021 01:58:49.719,0.9073100000000001,0.90723,1.95,1
05.08.2021 01:58:50.671,0.9073200000000001,0.9072100000000001,1.95,1
05.08.2021 01:58:53.707,0.9073100000000001,0.90723,1.2,1
05.08.2021 01:58:54.417,0.9073200000000001,0.90723,1.2,1
05.08.2021 01:58:54.518,0.9073100000000001,0.90723,1.2,1.5
05.08.2021 01:58:54.721,0.9073100000000001,0.9072200000000001,1.2,4.5
05.08.2021 01:58:59.917,0.9073200000000001,0.90723,2.29,1
05.08.2021 01:59:00.918,0.9073200000000001,0.9072200000000001,2.29,1.5
05.08.2021 01:59:01.247,0.90733,0.90724,1,1
05.08.2021 01:59:01.348,0.90735,0.9072600000000001,1.1,1
05.08.2021 01:59:01.860,0.9073200000000001,0.90723,1.5,1.62
05.08.2021 01:59:01.911,0.9073100000000001,0.9072200000000001,1.5,3.75
05.08.2021 01:59:02.421,0.9073100000000001,0.9072100000000001,3.47,1
05.08.2021 01:59:02.523,0.9073100000000001,0.9072,3.47,1.5
05.08.2021 01:59:02.625,0.90729,0.9072,1,1
05.08.2021 01:59:17.839,0.90729,0.9072100000000001,1,1
05.08.2021 01:59:20.957,0.90729,0.9072,1,1.5
05.08.2021 01:59:33.010,0.9073100000000001,0.9072100000000001,2.7,1.25
05.08.2021 01:59:33.112,0.9073100000000001,0.9072200000000001,2.7,1
05.08.2021 01:59:34.374,0.9073100000000001,0.9072200000000001,2.72,1
05.08.2021 01:59:37.873,0.9073,0.9072100000000001,1.2,1.12
05.08.2021 01:59:43.182,0.9073,0.9072,1.2,1.12
05.08.2021 01:59:48.855,0.9073,0.9072,1.2,1.62
05.08.2021 01:59:49.855,0.9073,0.9072,1.2,1.5
05.08.2021 01:59:55.194,0.9073,0.9072100000000001,1.2,1
05.08.2021 02:00:08.368,0.9073,0.9072,1.95,1
05.08.2021 02:00:17.446,0.9073,0.9072100000000001,1.57,1
05.08.2021 02:00:18.142,0.9073,0.90723,1,1
05.08.2021 02:00:18.243,0.9073100000000001,0.90723,1.57,1
05.08.2021 02:00:19.136,0.9073100000000001,0.9072200000000001,1.57,1
05.08.2021 02:00:22.167,0.9073100000000001,0.90723,1,3.75
05.08.2021 02:00:23.316,0.9073100000000001,0.90723,1,3.87
05.08.2021 02:00:23.417,0.9073200000000001,0.90723,1.1,4.62
05.08.2021 02:00:23.518,0.90735,0.90724,1.6,1.87
05.08.2021 02:00:23.619,0.90735,0.90724,1.1,1.87
05.08.2021 02:00:23.723,0.90735,0.90725,1.1,1
05.08.2021 02:00:28.821,0.90736,0.90728,1,1
05.08.2021 02:00:28.973,0.9073700000000001,0.90728,1.1,1
05.08.2021 02:00:31.620,0.9073700000000001,0.9072700000000001,1,1
05.08.2021 02:00:32.596,0.9073700000000001,0.90728,1,1
05.08.2021 02:00:36.665,0.90736,0.90728,1,1
05.08.2021 02:00:57.742,0.90738,0.9072700000000001,1,1
05.08.2021 02:01:02.652,0.9073700000000001,0.9073,1,1
05.08.2021 02:01:02.909,0.9073700000000001,0.90728,1,1.5
05.08.2021 02:01:22.523,0.9073700000000001,0.90729,1,1
05.08.2021 02:01:23.525,0.9073700000000001,0.90728,1,1.5
05.08.2021 02:01:30.036,0.9073700000000001,0.9072700000000001,1,1
05.08.2021 02:01:43.352,0.90736,0.9072600000000001,1,1
05.08.2021 02:01:43.454,0.90734,0.9072700000000001,1,1
05.08.2021 02:01:43.555,0.90734,0.9072600000000001,1,1
05.08.2021 02:01:44.006,0.90736,0.9072600000000001,1.1,2.25
05.08.2021 02:01:44.057,0.90734,0.9072600000000001,1,1.5
05.08.2021 02:01:45.805,0.90733,0.9072600000000001,1,1
05.08.2021 02:01:48.590,0.90733,0.9072700000000001,1,1
05.08.2021 02:01:49.452,0.90735,0.9072700000000001,1,1
05.08.2021 02:01:49.664,0.90734,0.9072700000000001,1,1
05.08.2021 02:01:51.723,0.90734,0.9072600000000001,1,1
05.08.2021 02:01:53.648,0.90736,0.9072600000000001,1.1,1
05.08.2021 02:01:53.749,0.90734,0.9072600000000001,1,1
05.08.2021 02:01:55.688,0.90736,0.9072600000000001,1.2,1.5
05.08.2021 02:01:55.739,0.90734,0.9072600000000001,1,1.5
05.08.2021 02:01:56.925,0.90736,0.9072600000000001,1.2,1
05.08.2021 02:01:56.976,0.90734,0.9072600000000001,1,1
05.08.2021 02:02:04.975,0.90734,0.90725,1,1
05.08.2021 02:02:06.039,0.90733,0.90725,1,1
05.08.2021 02:02:06.141,0.9073200000000001,0.9072,2.32,1
05.08.2021 02:02:07.911,0.9073100000000001,0.9072100000000001,2.72,1
05.08.2021 02:02:10.811,0.9073100000000001,0.9072100000000001,2.7,1
05.08.2021 02:02:10.913,0.9073100000000001,0.9072,1,1
05.08.2021 02:02:44.165,0.9073100000000001,0.9072100000000001,1,1
05.08.2021 02:02:44.266,0.9073100000000001,0.9072200000000001,2.32,1
05.08.2021 02:02:44.953,0.9073100000000001,0.9072200000000001,2.35,1
05.08.2021 02:02:45.111,0.9073100000000001,0.9072100000000001,2.35,1.5
05.08.2021 02:03:04.615,0.9073,0.9072200000000001,1.1,1
05.08.2021 02:03:07.718,0.9073,0.9072100000000001,1.2,1
05.08.2021 02:03:11.081,0.90729,0.9072100000000001,1,1
05.08.2021 02:03:17.750,0.9073200000000001,0.90723,1.1,1
05.08.2021 02:03:17.852,0.90733,0.90724,1.1,1
05.08.2021 02:03:18.004,0.90734,0.9072600000000001,1,1.5
05.08.2021 02:03:18.105,0.90735,0.90728,1,1
05.08.2021 02:03:18.206,0.9073700000000001,0.9072700000000001,1.1,1
05.08.2021 02:03:18.409,0.90736,0.9072700000000001,1,1
05.08.2021 02:03:19.824,0.90736,0.90728,1.1,1
05.08.2021 02:03:19.925,0.90735,0.90728,1,1
05.08.2021 02:03:32.438,0.90736,0.9072600000000001,1,1
05.08.2021 02:03:38.368,0.90734,0.9072600000000001,1,1
05.08.2021 02:03:38.469,0.90734,0.90725,1,1
05.08.2021 02:03:38.570,0.90733,0.90725,1,1
05.08.2021 02:03:45.222,0.90733,0.90724,1,1
05.08.2021 02:04:20.621,0.90733,0.90725,1,1
05.08.2021 02:04:23.030,0.90733,0.90724,1,1.5
05.08.2021 02:04:24.161,0.9073200000000001,0.90724,1,1.5
05.08.2021 02:04:27.370,0.9073,0.9072100000000001,1,1.5
05.08.2021 02:04:32.305,0.90729,0.9072100000000001,1,1
05.08.2021 02:04:32.407,0.90729,0.9072,1,1.5
05.08.2021 02:04:32.832,0.90728,0.9072,1,1
05.08.2021 02:04:34.092,0.90728,0.90719,1,1
05.08.2021 02:04:34.193,0.9072700000000001,0.90719,1,1
05.08.2021 02:04:34.406,0.9072700000000001,0.90718,1,1
05.08.2021 02:04:44.187,0.90728,0.9071700000000001,1.57,1.5
05.08.2021 02:04:44.238,0.9072600000000001,0.90718,1,1
05.08.2021 02:05:02.875,0.90728,0.90719,1,1
05.08.2021 02:05:05.414,0.90728,0.9072,1,1
05.08.2021 02:05:07.192,0.90729,0.9072,1.5,1
05.08.2021 02:05:07.293,0.90729,0.9072100000000001,1,2.25
05.08.2021 02:05:12.309,0.9073,0.9072100000000001,1,1
05.08.2021 02:05:13.268,0.90729,0.9072100000000001,1,2.25
05.08.2021 02:05:15.673,0.9073,0.9072100000000001,1.57,1
05.08.2021 02:05:16.281,0.9073,0.9072,1.57,2.25
05.08.2021 02:05:20.102,0.9073,0.9072100000000001,1.95,1
05.08.2021 02:05:21.133,0.9073,0.9072,1.95,2.25
05.08.2021 02:05:36.643,0.9073,0.9072200000000001,1.95,1
05.08.2021 02:05:37.890,0.9073,0.9072,1.95,2.25
05.08.2021 02:05:45.398,0.9073,0.9072100000000001,1.95,1
05.08.2021 02:05:46.351,0.9073,0.9072,1.95,2.25
05.08.2021 02:05:47.352,0.9073,0.9072100000000001,1.95,1
05.08.2021 02:05:48.353,0.9073100000000001,0.90719,1.95,2.25
05.08.2021 02:05:48.609,0.9073,0.90719,1,1.5
05.08.2021 02:05:49.268,0.9073,0.9072100000000001,1.1,1
05.08.2021 02:05:55.356,0.9073,0.9072,1.57,1.5
05.08.2021 02:05:57.065,0.9073,0.9072100000000001,1.57,1
05.08.2021 02:05:58.055,0.9073,0.9072,1.57,1.5
05.08.2021 02:05:59.068,0.9073,0.9072100000000001,1.57,1
05.08.2021 02:06:03.035,0.9073,0.9072,1.57,1.5
05.08.2021 02:06:05.180,0.9073,0.9072100000000001,1.57,1
05.08.2021 02:06:07.177,0.9073,0.9072,1.57,1.5
05.08.2021 02:06:08.177,0.9073,0.9072100000000001,1.57,1
05.08.2021 02:06:09.178,0.9073,0.9072,1.57,1.5
05.08.2021 02:06:13.754,0.9073,0.9072200000000001,1.57,1
05.08.2021 02:06:39.495,0.9073,0.90723,1.1,1
05.08.2021 02:06:40.489,0.9073,0.9072200000000001,1,3
05.08.2021 02:06:41.710,0.9073100000000001,0.9072200000000001,1.95,1.5
05.08.2021 02:06:42.241,0.9073100000000001,0.90723,1.95,2.25
05.08.2021 02:06:53.471,0.90735,0.9072700000000001,1.12,1
05.08.2021 02:06:53.572,0.9073700000000001,0.90728,1,1.5
05.08.2021 02:06:53.674,0.9073700000000001,0.90729,1,1
05.08.2021 02:06:54.679,0.90738,0.9072700000000001,1,1.5
05.08.2021 02:06:55.397,0.9073700000000001,0.9073,1,1
05.08.2021 02:06:56.853,0.9073700000000001,0.90728,1,1.5
05.08.2021 02:06:58.872,0.9073700000000001,0.90729,1,1
05.08.2021 02:07:06.262,0.90738,0.90729,1,1
05.08.2021 02:07:06.313,0.9073700000000001,0.9073,1,1
05.08.2021 02:07:07.158,0.9073700000000001,0.90729,1,1.5
05.08.2021 02:07:13.878,0.90739,0.90729,1.95,1
05.08.2021 02:07:13.929,0.9073700000000001,0.90729,1,1
05.08.2021 02:07:34.487,0.90738,0.90729,1,1.5
05.08.2021 02:07:34.588,0.90739,0.9073,1.57,1
05.08.2021 02:07:35.659,0.90738,0.9073,1,1
05.08.2021 02:07:36.608,0.90739,0.90728,1,1.5
05.08.2021 02:07:37.620,0.90738,0.9073,1,1
05.08.2021 02:07:38.610,0.90738,0.90729,1,1.5
05.08.2021 02:07:39.610,0.90738,0.9073,1,1
05.08.2021 02:07:41.610,0.90738,0.90729,1,1
05.08.2021 02:07:45.637,0.90738,0.9073,1,1
05.08.2021 02:07:46.643,0.90738,0.9073100000000001,1,1
05.08.2021 02:07:47.594,0.90738,0.9073,1,1
05.08.2021 02:07:50.829,0.90738,0.9073100000000001,1.5,1
05.08.2021 02:07:51.850,0.90738,0.9073,1.5,1
05.08.2021 02:07:59.643,0.90738,0.90728,1.5,1.57
05.08.2021 02:08:06.351,0.9073700000000001,0.90728,1,1
05.08.2021 02:08:08.654,0.9073700000000001,0.9073100000000001,1,1
05.08.2021 02:08:12.697,0.9073700000000001,0.90728,1,1
05.08.2021 02:08:33.431,0.9073700000000001,0.90728,1,2
05.08.2021 02:08:33.532,0.90738,0.90728,1,2.94
05.08.2021 02:08:34.430,0.90738,0.9073,1,1
05.08.2021 02:08:35.430,0.90738,0.90728,1,2.37
05.08.2021 02:08:36.431,0.90738,0.90728,1,1.87
05.08.2021 02:08:37.431,0.90738,0.90729,1,1
05.08.2021 02:08:37.646,0.90738,0.9073,1,1
05.08.2021 02:08:39.443,0.90738,0.9073,1,1.62
05.08.2021 02:08:51.785,0.90738,0.90729,1,1.25
05.08.2021 02:09:10.493,0.90738,0.90729,1,1.81
05.08.2021 02:09:11.493,0.90739,0.90729,1,1
05.08.2021 02:09:13.450,0.90738,0.9073,1,1
05.08.2021 02:09:17.454,0.90738,0.9073,1,1
05.08.2021 02:09:19.472,0.90738,0.90729,1,1.25
05.08.2021 02:09:24.689,0.90738,0.9073100000000001,1,1
05.08.2021 02:09:28.765,0.9074000000000001,0.90733,1,1.5
05.08.2021 02:09:28.816,0.90743,0.90735,1.1,1
05.08.2021 02:09:28.918,0.90744,0.90736,1,1
05.08.2021 02:09:29.020,0.9074500000000001,0.90736,1,1
05.08.2021 02:10:00.612,0.90746,0.90736,1.57,2.44
05.08.2021 02:10:15.425,0.90746,0.9073700000000001,1.57,1
05.08.2021 02:10:42.475,0.90746,0.90738,1.5,1
05.08.2021 02:10:44.914,0.9074700000000001,0.90736,1.5,1.12
05.08.2021 02:10:59.100,0.90746,0.90736,1.5,1.5
05.08.2021 02:11:08.277,0.90739,0.9073100000000001,1,1.87
05.08.2021 02:11:08.378,0.90739,0.9073,1.5,1.87
05.08.2021 02:11:08.479,0.90738,0.9073,1,1.5
05.08.2021 02:11:18.331,0.90739,0.9073,1.57,1
05.08.2021 02:11:34.662,0.90739,0.9073100000000001,1.5,1
05.08.2021 02:11:37.808,0.90739,0.9073,1.5,1.5
05.08.2021 02:12:05.064,0.90739,0.9073,1,1
05.08.2021 02:12:08.305,0.90739,0.9073,1,1
05.08.2021 02:12:08.661,0.90739,0.90729,2.32,1.5
05.08.2021 02:12:12.553,0.90738,0.90728,1.1,1.87
05.08.2021 02:12:23.667,0.90739,0.90729,2.32,1
05.08.2021 02:12:24.073,0.90739,0.90729,2.32,1.62
05.08.2021 02:12:28.694,0.90739,0.90729,2.32,1.5
05.08.2021 02:12:31.772,0.90739,0.90729,2.32,1.62
05.08.2021 02:12:33.525,0.90739,0.90729,2.32,1
05.08.2021 02:12:51.850,0.90738,0.90729,1.1,1
05.08.2021 02:12:53.746,0.90739,0.9073100000000001,1.97,1
05.08.2021 02:12:54.193,0.90739,0.9073100000000001,1.95,1
05.08.2021 02:12:57.270,0.90739,0.90729,1.95,1
05.08.2021 02:13:05.250,0.9073700000000001,0.90729,1,1
05.08.2021 02:13:07.940,0.90738,0.90729,1.1,1
05.08.2021 02:14:12.832,0.90739,0.9073,1,1
05.08.2021 02:14:16.912,0.90738,0.90729,1,1
05.08.2021 02:15:31.936,0.90738,0.9073100000000001,1,1
05.08.2021 02:15:33.994,0.90738,0.90729,1,1
05.08.2021 02:15:34.634,0.9073700000000001,0.90729,1,1
05.08.2021 02:15:39.931,0.9073700000000001,0.9073,1,1
05.08.2021 02:15:47.784,0.9073700000000001,0.9073100000000001,1,1
05.08.2021 02:15:49.249,0.9073700000000001,0.9073,1,1
05.08.2021 02:16:10.811,0.9073700000000001,0.90729,1,1
05.08.2021 02:16:13.556,0.90739,0.90729,1.57,1
05.08.2021 02:16:13.708,0.9074000000000001,0.9073100000000001,1.57,1.5
05.08.2021 02:16:13.809,0.90743,0.90736,1,1
05.08.2021 02:16:13.860,0.9074000000000001,0.9073100000000001,1.1,2.25
05.08.2021 02:16:15.658,0.90741,0.90733,1.57,1
05.08.2021 02:16:15.761,0.9074200000000001,0.90733,1.1,1
05.08.2021 02:16:15.862,0.9074200000000001,0.90734,1.1,1
05.08.2021 02:16:29.589,0.9074200000000001,0.90733,1,1.12
05.08.2021 02:16:51.285,0.90743,0.90733,1.1,3
05.08.2021 02:16:51.386,0.90744,0.9073700000000001,1,1
05.08.2021 02:16:51.487,0.9074500000000001,0.9073700000000001,1,1
05.08.2021 02:16:55.469,0.90746,0.9073700000000001,1.1,1
05.08.2021 02:17:06.863,0.90746,0.9074000000000001,1.1,1
05.08.2021 02:17:07.079,0.90746,0.9073700000000001,1.1,1.5
05.08.2021 02:17:24.870,0.9074700000000001,0.90738,1.1,1
05.08.2021 02:17:35.618,0.90748,0.90739,1,1.12
05.08.2021 02:17:36.371,0.90748,0.90739,1,2.37
05.08.2021 02:17:37.362,0.90748,0.90739,1,2.06
05.08.2021 02:17:37.463,0.90751,0.90738,1.5,2.87
05.08.2021 02:17:38.510,0.9075000000000001,0.90744,1,1
05.08.2021 02:17:40.526,0.9075000000000001,0.90741,1,1
05.08.2021 02:17:41.956,0.9075000000000001,0.90744,1,1
05.08.2021 02:17:45.979,0.9075000000000001,0.90741,1,1
05.08.2021 02:18:00.537,0.90748,0.90738,1,1
05.08.2021 02:18:00.638,0.9074700000000001,0.90738,1,1.12
05.08.2021 02:18:18.315,0.9074700000000001,0.9073700000000001,1.1,1.5
05.08.2021 02:18:30.741,0.90748,0.9073700000000001,1.1,1
05.08.2021 02:18:35.574,0.9074700000000001,0.9073700000000001,1.1,1.5
05.08.2021 02:18:38.297,0.90748,0.90738,2.16,1
05.08.2021 02:18:39.972,0.90748,0.90738,2.16,1.62
05.08.2021 02:18:41.635,0.90748,0.90738,2.16,1.5
05.08.2021 02:18:42.613,0.90748,0.90738,2.16,1.62
05.08.2021 02:18:55.305,0.90748,0.90738,2.16,1.5
05.08.2021 02:19:00.659,0.90748,0.90738,1.87,1.5
05.08.2021 02:19:16.865,0.90748,0.9074000000000001,2.25,1
05.08.2021 02:19:17.080,0.90748,0.90738,2.25,1
05.08.2021 02:19:24.825,0.90749,0.90739,1.1,1.5
05.08.2021 02:19:24.926,0.90749,0.9074000000000001,1,1.5
05.08.2021 02:19:25.129,0.90749,0.90741,1,1
05.08.2021 02:19:30.056,0.9075000000000001,0.90741,1,1
05.08.2021 02:19:32.696,0.9075000000000001,0.90744,1,1
05.08.2021 02:19:36.742,0.9075000000000001,0.90741,1,1
05.08.2021 02:20:17.458,0.9074700000000001,0.90738,1,1.62
05.08.2021 02:20:17.559,0.90746,0.90738,1,1
05.08.2021 02:20:17.660,0.9074700000000001,0.90738,1.1,1
05.08.2021 02:20:18.142,0.9074700000000001,0.9073700000000001,1.1,1.12
05.08.2021 02:20:40.076,0.90746,0.90736,1,1
05.08.2021 02:20:54.400,0.90746,0.90739,1,1
05.08.2021 02:20:54.665,0.90746,0.90736,1,1
05.08.2021 02:21:06.017,0.90746,0.90736,1,1.62
05.08.2021 02:21:06.217,0.90746,0.90736,1,1
05.08.2021 02:21:19.895,0.9074700000000001,0.9073700000000001,1.1,1
05.08.2021 02:21:22.565,0.9074700000000001,0.90739,1.1,1
05.08.2021 02:21:25.698,0.9074700000000001,0.9073700000000001,1.1,1
05.08.2021 02:21:25.749,0.9075000000000001,0.90741,1.22,1
05.08.2021 02:21:25.800,0.90751,0.9074200000000001,1,1
05.08.2021 02:21:25.851,0.90753,0.90743,1.6,2.37
05.08.2021 02:21:25.952,0.90753,0.90743,1.1,2.75
05.08.2021 02:21:32.252,0.90753,0.90743,1.01,1.87
05.08.2021 02:21:34.187,0.90753,0.90744,1.01,1
05.08.2021 02:21:37.121,0.90753,0.90743,1.01,1.87
05.08.2021 02:21:56.191,0.90753,0.90743,2.51,4.25
05.08.2021 02:22:02.462,0.90753,0.90743,2.51,1.87
05.08.2021 02:22:03.106,0.9075500000000001,0.9074500000000001,3.64,1.12
05.08.2021 02:22:03.512,0.9075500000000001,0.90744,3.47,2.56
05.08.2021 02:22:45.426,0.90756,0.9074500000000001,3.66,1
05.08.2021 02:22:48.613,0.90756,0.90744,4.04,1
05.08.2021 02:22:57.355,0.90753,0.9074500000000001,1,1
05.08.2021 02:22:58.162,0.90753,0.90744,1,1.12
05.08.2021 02:23:16.463,0.90754,0.90744,1,1
05.08.2021 02:23:19.412,0.90754,0.90743,1,1.5
05.08.2021 02:23:24.522,0.90753,0.90744,1,1.62
05.08.2021 02:23:52.381,0.90754,0.90744,1.95,2.37
05.08.2021 02:23:57.952,0.90753,0.90744,1,2.37
05.08.2021 02:23:58.369,0.90754,0.90744,1.95,2.37
05.08.2021 02:24:00.871,0.90753,0.90744,1,2.37
05.08.2021 02:24:01.255,0.90754,0.90744,1.57,2.37
05.08.2021 02:24:04.114,0.90754,0.90743,1.5,1.62
05.08.2021 02:24:04.503,0.90754,0.90744,1.57,1.62
05.08.2021 02:24:05.764,0.90753,0.90744,1,1.62
05.08.2021 02:24:06.853,0.90754,0.90744,1.57,1.62
05.08.2021 02:24:11.371,0.9075500000000001,0.90743,1.57,1.5
05.08.2021 02:24:11.579,0.90753,0.90744,1.5,1.5
05.08.2021 02:24:17.093,0.90754,0.90744,1.57,1.5
05.08.2021 02:24:18.924,0.90753,0.90744,1,1.5
05.08.2021 02:24:21.477,0.90754,0.90744,1.57,1.5
05.08.2021 02:24:24.938,0.90753,0.90744,1.5,1
05.08.2021 02:24:32.746,0.90754,0.90744,1.5,1
