Gmt time,Ask,Bid,AskVolume,BidVolume
04.08.2021 00:00:00.138,0.9039200000000002,0.9038200000000001,1,2.72
04.08.2021 00:00:00.391,0.9039200000000002,0.9038100000000001,1,1.1
04.08.2021 00:00:00.492,0.9039100000000001,0.9038200000000001,1,1.22
04.08.2021 00:00:00.593,0.9039,0.9038200000000001,1,1.1
04.08.2021 00:00:00.958,0.90393,0.9038100000000001,1,1.1
04.08.2021 00:00:01.198,0.9039200000000002,0.9038200000000001,1,1.1
04.08.2021 00:00:01.299,0.9039200000000002,0.9038200000000001,1,1.1
04.08.2021 00:00:04.058,0.9039200000000002,0.9038200000000001,1,1.1
04.08.2021 00:00:04.159,0.9039200000000002,0.9038200000000001,1,1.1
04.08.2021 00:00:05.031,0.9039,0.9038200000000001,1,1.1
04.08.2021 00:00:06.493,0.9039100000000001,0.90383,1,1.1
04.08.2021 00:00:06.696,0.9039100000000001,0.90383,1,1.1
04.08.2021 00:00:07.255,0.9039100000000001,0.90383,1,1.1
04.08.2021 00:00:08.317,0.9039200000000002,0.90383,1,1.1
04.08.2021 00:00:10.421,0.9039100000000001,0.90383,1,1.1
04.08.2021 00:00:14.329,0.9039200000000002,0.9038,1,1.22
04.08.2021 00:00:17.799,0.9039200000000002,0.9038100000000001,1.5,1.22
04.08.2021 00:00:24.560,0.9039200000000002,0.9038,1,1.22
04.08.2021 00:00:41.242,0.90389,0.90379,1,1.6
04.08.2021 00:00:41.344,0.90389,0.90379,1,1.1
04.08.2021 00:00:41.445,0.90389,0.90379,1.62,1.1
04.08.2021 00:00:41.648,0.90389,0.9038,1,1.1
04.08.2021 00:00:42.104,0.90389,0.9038,1,1.1
04.08.2021 00:00:45.705,0.9039,0.9038,2.06,1.1
04.08.2021 00:00:47.048,0.9039,0.9038,2.19,1.1
04.08.2021 00:00:48.048,0.9039,0.9038,2.06,1.1
04.08.2021 00:00:49.434,0.9039,0.9037799999999999,1.12,1.1
04.08.2021 00:01:10.205,0.90389,0.90379,1,1.1
04.08.2021 00:01:20.108,0.9039,0.9037799999999999,1.12,1.1
04.08.2021 00:01:24.825,0.9038700000000001,0.90379,1,1
04.08.2021 00:01:24.926,0.9038600000000001,0.9037600000000001,1.12,1.6
04.08.2021 00:01:27.384,0.9038600000000001,0.9037600000000001,2.44,1.1
04.08.2021 00:01:27.853,0.90385,0.90375,1,1.6
04.08.2021 00:01:37.925,0.90388,0.90379,1.12,1.1
04.08.2021 00:01:38.026,0.90389,0.90379,1.87,1.1
04.08.2021 00:01:38.127,0.9039,0.9038,2.37,1.1
04.08.2021 00:01:38.778,0.9039,0.9038,1.12,1.1
04.08.2021 00:01:39.583,0.9039100000000001,0.9038100000000001,3.12,1.1
04.08.2021 00:01:43.117,0.9039100000000001,0.9038100000000001,1.87,1.35
04.08.2021 00:01:58.103,0.9039100000000001,0.9038100000000001,1,1.6
04.08.2021 00:01:58.352,0.9039100000000001,0.9038100000000001,1,1.6
04.08.2021 00:02:08.904,0.9039,0.9038100000000001,1,1.6
04.08.2021 00:02:10.161,0.9039100000000001,0.9038200000000001,1.5,1.1
04.08.2021 00:02:23.094,0.9039200000000002,0.90383,1.12,1.1
04.08.2021 00:02:23.397,0.9039200000000002,0.9038200000000001,1.12,1.1
04.08.2021 00:02:23.498,0.9039100000000001,0.9038100000000001,1,2.35
04.08.2021 00:02:24.182,0.9039100000000001,0.9038100000000001,1,1.6
04.08.2021 00:02:24.284,0.9039100000000001,0.9038100000000001,1,1.6
04.08.2021 00:02:42.346,0.9039200000000002,0.9038200000000001,1,1.6
04.08.2021 00:02:42.448,0.90393,0.9038200000000001,1,2.85
04.08.2021 00:02:42.553,0.90394,0.90384,1,1.1
04.08.2021 00:02:46.094,0.90395,0.90385,2.06,1.1
04.08.2021 00:02:46.398,0.90395,0.90385,1,5.54
04.08.2021 00:02:46.499,0.9039600000000001,0.9038600000000001,1,1.1
04.08.2021 00:03:00.069,0.9039600000000001,0.9038600000000001,1.5,1.2
04.08.2021 00:03:02.205,0.9039600000000001,0.9038600000000001,1.62,1.2
04.08.2021 00:03:03.193,0.9039600000000001,0.9038600000000001,2.37,1.1
04.08.2021 00:03:06.776,0.9039600000000001,0.9038600000000001,2.37,1.1
04.08.2021 00:03:07.319,0.9039600000000001,0.9038600000000001,1.5,1.1
04.08.2021 00:03:07.907,0.9039600000000001,0.9038600000000001,2.37,1.1
04.08.2021 00:03:10.606,0.9039600000000001,0.90384,2.25,1.1
04.08.2021 00:03:10.707,0.90394,0.90384,1,1.1
04.08.2021 00:03:10.859,0.90394,0.90384,1,1.1
04.08.2021 00:03:12.082,0.90394,0.90384,1,1.1
04.08.2021 00:03:12.820,0.90394,0.90384,1,1.6
04.08.2021 00:03:13.591,0.90394,0.90384,1,1.1
04.08.2021 00:03:13.793,0.90394,0.90384,1,1.1
04.08.2021 00:03:14.097,0.90395,0.90385,1.5,1.1
04.08.2021 00:03:14.199,0.90395,0.90385,1.5,1.1
04.08.2021 00:03:14.301,0.90395,0.90385,1.5,1.1
04.08.2021 00:03:16.020,0.90395,0.90385,1.5,2.35
04.08.2021 00:03:16.323,0.9039600000000001,0.9038600000000001,2.25,1.95
04.08.2021 00:03:18.357,0.9039600000000001,0.9038700000000001,2.25,1
04.08.2021 00:03:18.840,0.9039600000000001,0.9038600000000001,2.25,2.32
04.08.2021 00:03:25.892,0.90395,0.9038600000000001,1,1
04.08.2021 00:03:33.892,0.90395,0.9038700000000001,1,1
04.08.2021 00:03:33.943,0.90398,0.90388,1,1.35
04.08.2021 00:03:34.044,0.90398,0.9038700000000001,1.5,1.35
04.08.2021 00:03:34.146,0.90399,0.90389,1.5,1.1
04.08.2021 00:03:34.247,0.90399,0.90389,1,1.1
04.08.2021 00:03:54.461,0.904,0.9039,1.5,1.1
04.08.2021 00:04:04.405,0.904,0.9039100000000001,1,1.1
04.08.2021 00:04:04.456,0.90403,0.90393,2.25,3.32
04.08.2021 00:04:05.436,0.90403,0.90393,2.25,1.1
04.08.2021 00:04:05.588,0.9040200000000002,0.9039200000000002,1.5,1.1
04.08.2021 00:04:05.690,0.9040200000000002,0.9039,1,1.1
04.08.2021 00:04:14.446,0.9040100000000001,0.9039,1,1.1
04.08.2021 00:04:46.135,0.9040100000000001,0.9039100000000001,2.25,1.01
04.08.2021 00:04:46.237,0.9040100000000001,0.9039200000000002,1,1.1
04.08.2021 00:04:46.775,0.9040100000000001,0.9039100000000001,2.25,1.1
04.08.2021 00:04:47.965,0.9040100000000001,0.9039,1,1.1
04.08.2021 00:04:50.437,0.9040200000000002,0.9039,2.25,1.1
04.08.2021 00:04:57.288,0.9040100000000001,0.9039100000000001,1.5,1.85
04.08.2021 00:04:57.389,0.9040100000000001,0.9039200000000002,1,1.35
04.08.2021 00:04:59.145,0.9040100000000001,0.9039200000000002,1,1.1
04.08.2021 00:05:00.733,0.9040200000000002,0.9039200000000002,1.5,1.1
04.08.2021 00:05:01.298,0.90403,0.90393,1,1.35
04.08.2021 00:05:04.978,0.90404,0.90395,1.5,1.87
04.08.2021 00:05:05.080,0.90408,0.9039700000000002,1.5,1.85
04.08.2021 00:05:05.181,0.90408,0.90398,1,1.41
04.08.2021 00:05:06.905,0.9041,0.9039700000000002,2.25,1.1
04.08.2021 00:05:12.756,0.90408,0.90398,1,1.1
04.08.2021 00:05:12.807,0.9040600000000001,0.90398,1,1
04.08.2021 00:05:12.908,0.90408,0.90398,1.5,1.6
04.08.2021 00:05:22.224,0.9040900000000001,0.90399,1.5,1.1
04.08.2021 00:05:22.326,0.9041,0.90398,1.5,1.1
04.08.2021 00:05:27.216,0.9040900000000001,0.90399,1,2.54
04.08.2021 00:05:27.267,0.9041100000000001,0.904,2.62,1.22
04.08.2021 00:05:31.644,0.9041100000000001,0.90399,1,1.1
04.08.2021 00:05:31.746,0.9040900000000001,0.90399,1,1.6
04.08.2021 00:05:35.901,0.9041,0.904,1,1.1
04.08.2021 00:05:37.483,0.9041,0.904,1.5,1.1
04.08.2021 00:06:15.469,0.90413,0.90404,1,1.1
04.08.2021 00:06:15.570,0.90414,0.90404,1,1.6
04.08.2021 00:06:15.671,0.90415,0.90405,1,2.1
04.08.2021 00:06:18.553,0.90415,0.90405,1,2.1
04.08.2021 00:06:18.654,0.90415,0.90405,1.25,1.1
04.08.2021 00:06:18.756,0.90414,0.90404,1.5,1.1
04.08.2021 00:06:18.861,0.90414,0.90404,1.5,1.22
04.08.2021 00:06:19.463,0.90414,0.90404,1,1.22
04.08.2021 00:06:28.870,0.90415,0.9040600000000001,1,1.1
04.08.2021 00:06:28.972,0.9041600000000001,0.9040700000000002,1,1.1
04.08.2021 00:06:29.074,0.9041600000000001,0.9040700000000002,1,1.1
04.08.2021 00:06:39.270,0.9041700000000001,0.9040700000000002,1,1.1
04.08.2021 00:06:59.178,0.90415,0.90405,1,2.29
04.08.2021 00:06:59.279,0.90415,0.90405,1,1.97
04.08.2021 00:07:03.154,0.90414,0.90404,1,1.6
04.08.2021 00:07:03.922,0.90414,0.90404,1,1.22
04.08.2021 00:07:08.385,0.9041200000000001,0.9040200000000002,1,1.85
04.08.2021 00:07:08.486,0.9041200000000001,0.9040100000000001,1.5,1.41
04.08.2021 00:07:08.638,0.9041200000000001,0.9040100000000001,1.5,1.41
04.08.2021 00:07:08.739,0.9041200000000001,0.9040100000000001,1.5,1.41
04.08.2021 00:07:11.685,0.9041200000000001,0.9040100000000001,1.69,1.22
04.08.2021 00:07:11.887,0.9041,0.904,1.5,1.6
04.08.2021 00:07:11.988,0.9041,0.904,1.5,1.1
04.08.2021 00:07:22.790,0.9041,0.904,1.5,1.1
04.08.2021 00:07:45.725,0.9041200000000001,0.9040200000000002,1,1.35
04.08.2021 00:07:45.826,0.90415,0.9040200000000002,1,1.41
04.08.2021 00:07:45.878,0.90414,0.90403,1,4.16
04.08.2021 00:07:46.030,0.90415,0.90405,1.5,1.6
04.08.2021 00:07:52.666,0.90415,0.90405,1,1.6
04.08.2021 00:08:01.847,0.9041600000000001,0.9040600000000001,1.25,1.22
04.08.2021 00:08:27.212,0.9041600000000001,0.9040600000000001,1,1.6
04.08.2021 00:08:27.716,0.90418,0.9040600000000001,1.5,1.22
04.08.2021 00:08:28.174,0.9041700000000001,0.9040700000000002,1.5,1.72
04.08.2021 00:08:28.275,0.9042200000000001,0.90413,1,1.22
04.08.2021 00:08:28.377,0.90425,0.90413,1.5,1.22
04.08.2021 00:08:47.745,0.90423,0.9041200000000001,1,2.29
04.08.2021 00:08:47.897,0.90423,0.9041200000000001,1.5,1.6
04.08.2021 00:08:47.999,0.90423,0.9041200000000001,1,2.1
04.08.2021 00:08:48.463,0.90425,0.9041200000000001,1.69,1.6
04.08.2021 00:09:00.508,0.9042200000000001,0.9041200000000001,1,1.6
04.08.2021 00:09:00.812,0.90423,0.90413,1,1.6
04.08.2021 00:09:01.541,0.90424,0.90413,1.5,1.6
04.08.2021 00:09:03.428,0.90419,0.9041100000000001,1,1.6
04.08.2021 00:09:03.529,0.90419,0.9041,1,1.1
04.08.2021 00:09:03.631,0.90419,0.9040900000000001,1.5,1.22
04.08.2021 00:09:07.721,0.90418,0.9040900000000001,1,1.22
04.08.2021 00:09:07.984,0.90418,0.9040900000000001,1,1.2
04.08.2021 00:09:10.542,0.9041700000000001,0.90405,1.5,1.85
04.08.2021 00:09:10.644,0.9041600000000001,0.9040600000000001,1.5,1.6
04.08.2021 00:09:10.746,0.9041600000000001,0.9040600000000001,1.5,1.6
04.08.2021 00:09:10.879,0.9041600000000001,0.9040600000000001,1.5,1.6
04.08.2021 00:09:14.258,0.9041600000000001,0.9040600000000001,1.5,1.6
04.08.2021 00:09:19.927,0.9041600000000001,0.90404,1,1.85
04.08.2021 00:09:43.835,0.90414,0.90404,1,2.1
04.08.2021 00:09:52.548,0.90414,0.9040700000000002,1,1
04.08.2021 00:09:55.236,0.9041100000000001,0.90403,1,1.57
04.08.2021 00:09:55.338,0.9041,0.9040200000000002,1,1.6
04.08.2021 00:09:55.440,0.9041,0.9040200000000002,1,1.1
04.08.2021 00:09:56.029,0.9041100000000001,0.9040100000000001,1,1.6
04.08.2021 00:10:02.321,0.9041100000000001,0.9040100000000001,2.62,1.1
04.08.2021 00:10:02.423,0.9041,0.904,1.5,1.1
04.08.2021 00:10:38.873,0.9041,0.904,1.87,1.1
04.08.2021 00:10:42.920,0.9040900000000001,0.90399,1,1.1
04.08.2021 00:11:01.143,0.90408,0.90398,1,2.16
04.08.2021 00:11:01.245,0.90408,0.90398,1.25,1.1
04.08.2021 00:11:01.347,0.9040700000000002,0.9039700000000002,1,1.97
04.08.2021 00:11:03.315,0.90408,0.90398,1.69,1.1
04.08.2021 00:11:43.265,0.9040900000000001,0.9039700000000002,1.25,1.41
04.08.2021 00:11:45.942,0.90408,0.90398,1,1.1
04.08.2021 00:12:01.261,0.90408,0.90398,1,1
04.08.2021 00:12:02.661,0.90408,0.90398,1,1.1
04.08.2021 00:12:06.147,0.9041,0.90399,2.44,1.1
04.08.2021 00:12:21.553,0.90408,0.90398,1,1.1
04.08.2021 00:12:21.806,0.90408,0.90398,1.5,1.1
04.08.2021 00:12:25.746,0.9040700000000002,0.9039700000000002,1,1.1
04.08.2021 00:12:30.336,0.9040700000000002,0.9039700000000002,1,1.6
04.08.2021 00:12:36.579,0.9040900000000001,0.9039600000000001,1.25,3.41
04.08.2021 00:12:43.868,0.90408,0.9039700000000002,1,1.6
04.08.2021 00:12:47.460,0.90408,0.9039700000000002,1,1.6
04.08.2021 00:12:53.045,0.90408,0.9039700000000002,1,1.6
04.08.2021 00:12:53.247,0.90408,0.9039700000000002,1,1.6
04.08.2021 00:12:58.148,0.90408,0.9039700000000002,1,1.6
04.08.2021 00:13:01.204,0.90408,0.9039700000000002,1,1.6
04.08.2021 00:13:06.670,0.90408,0.9039700000000002,1.25,1.22
04.08.2021 00:13:08.821,0.90408,0.9039700000000002,1.25,1.6
04.08.2021 00:13:09.197,0.90408,0.9039700000000002,1,1.6
04.08.2021 00:13:14.785,0.9040600000000001,0.9039600000000001,1.12,1.6
04.08.2021 00:13:15.661,0.9040600000000001,0.9039600000000001,1.5,1.1
04.08.2021 00:13:15.778,0.90405,0.90395,1,1.1
04.08.2021 00:13:23.830,0.9040600000000001,0.9039600000000001,1.5,1.1
04.08.2021 00:13:30.988,0.90408,0.9039700000000002,2.25,1.1
04.08.2021 00:13:31.089,0.90408,0.9039700000000002,2.06,1.22
04.08.2021 00:13:41.744,0.90408,0.9039700000000002,2.44,1.1
04.08.2021 00:13:46.592,0.9040900000000001,0.9039600000000001,1.69,1.57
04.08.2021 00:14:01.620,0.90408,0.9039700000000002,1.69,1.6
04.08.2021 00:14:20.680,0.9040900000000001,0.90398,1.69,1.1
04.08.2021 00:15:00.930,0.9040900000000001,0.90398,3.62,1.1
04.08.2021 00:15:01.190,0.9040900000000001,0.90398,3.56,1.1
04.08.2021 00:15:15.702,0.90408,0.90398,1,1
04.08.2021 00:15:20.561,0.90408,0.9039600000000001,1,1.2
04.08.2021 00:15:20.663,0.9040600000000001,0.9039600000000001,1,1.1
04.08.2021 00:15:20.765,0.9040700000000002,0.9039700000000002,1.69,1
04.08.2021 00:15:20.867,0.9040700000000002,0.9039700000000002,1,1.1
04.08.2021 00:15:25.528,0.9040600000000001,0.9039600000000001,1.5,1.2
04.08.2021 00:15:25.629,0.9040600000000001,0.9039600000000001,1,1.1
04.08.2021 00:15:25.740,0.9040600000000001,0.9039600000000001,1,1.22
04.08.2021 00:15:25.943,0.90408,0.9039600000000001,1,1.22
04.08.2021 00:15:26.745,0.90408,0.90398,1.5,1.2
04.08.2021 00:15:27.565,0.9040700000000002,0.9039700000000002,1,1.1
04.08.2021 00:15:34.116,0.90408,0.90398,1.5,1.1
04.08.2021 00:15:35.999,0.9040700000000002,0.9039700000000002,1,1.1
04.08.2021 00:15:49.898,0.9040700000000002,0.9039700000000002,1.31,1.12
04.08.2021 00:15:50.055,0.9040600000000001,0.9039600000000001,1,1.1
04.08.2021 00:15:51.170,0.9040700000000002,0.9039700000000002,1.12,1.2
04.08.2021 00:15:51.272,0.9040700000000002,0.9039700000000002,1.12,1.22
04.08.2021 00:15:52.151,0.9040700000000002,0.9039700000000002,1.5,1.22
04.08.2021 00:15:57.014,0.9040700000000002,0.9039700000000002,1.12,1.97
04.08.2021 00:15:57.407,0.90408,0.90398,1,1.2
04.08.2021 00:16:26.405,0.90408,0.90398,1,1.22
04.08.2021 00:16:26.827,0.9041,0.90398,1,1.1
04.08.2021 00:16:44.233,0.90408,0.90398,1,1.22
04.08.2021 00:16:58.263,0.90408,0.90398,1.25,1.2
04.08.2021 00:16:59.403,0.9040700000000002,0.9039700000000002,1,1.1
04.08.2021 00:17:07.895,0.9040700000000002,0.9039700000000002,1,1.1
04.08.2021 00:17:07.996,0.9040600000000001,0.9039600000000001,1,1.1
04.08.2021 00:17:09.590,0.90408,0.9039600000000001,1,1.1
04.08.2021 00:17:09.886,0.90408,0.90398,1.12,1.1
04.08.2021 00:17:15.442,0.90408,0.90398,1,1.1
04.08.2021 00:17:15.779,0.90408,0.90398,1,1.1
04.08.2021 00:17:15.880,0.90408,0.90398,1,1.1
04.08.2021 00:17:20.011,0.90408,0.90398,1,1.1
04.08.2021 00:17:20.112,0.9040900000000001,0.9039700000000002,1,1.1
04.08.2021 00:17:20.214,0.9040900000000001,0.9039700000000002,1,1.1
04.08.2021 00:17:20.315,0.90408,0.90398,1,1.1
04.08.2021 00:17:20.416,0.9040900000000001,0.9039700000000002,1,1.1
04.08.2021 00:17:20.984,0.90408,0.90398,1,1.1
04.08.2021 00:17:21.086,0.90408,0.90398,1,1.1
04.08.2021 00:17:21.242,0.90408,0.90398,1,1.1
04.08.2021 00:17:21.349,0.90408,0.90398,1,1.1
04.08.2021 00:17:22.109,0.9040900000000001,0.9039700000000002,1,1.1
04.08.2021 00:17:22.211,0.90408,0.90398,1,1.1
04.08.2021 00:17:22.324,0.90408,0.90398,1,1.1
04.08.2021 00:17:22.477,0.90408,0.90398,1,1.1
04.08.2021 00:17:23.992,0.90408,0.90398,1,1.1
04.08.2021 00:17:24.144,0.90408,0.90398,1,1.1
04.08.2021 00:17:24.502,0.9040700000000002,0.9039600000000001,1,1.41
04.08.2021 00:17:25.711,0.9040700000000002,0.9039600000000001,1.5,1.41
04.08.2021 00:17:28.767,0.9040700000000002,0.9039600000000001,2.19,1.1
04.08.2021 00:17:32.339,0.90405,0.90395,1.12,1.35
04.08.2021 00:17:58.976,0.9040200000000002,0.9039200000000002,1,1.6
04.08.2021 00:17:59.078,0.9040200000000002,0.9039200000000002,1,1.6
04.08.2021 00:17:59.179,0.9040200000000002,0.9039200000000002,1.5,1.1
04.08.2021 00:18:06.780,0.9040100000000001,0.9039100000000001,1,1.1
04.08.2021 00:18:59.192,0.9040100000000001,0.9039100000000001,1,1
04.08.2021 00:19:01.778,0.9040200000000002,0.9039200000000002,2.44,1
04.08.2021 00:19:05.718,0.9040200000000002,0.90395,1,1.57
04.08.2021 00:19:05.769,0.90405,0.90395,1,3.47
04.08.2021 00:19:05.820,0.9040700000000002,0.9039600000000001,1.5,1.22
04.08.2021 00:19:05.921,0.9040700000000002,0.9039600000000001,1.5,1.6
04.08.2021 00:19:20.638,0.90408,0.90398,1.5,1.1
04.08.2021 00:19:23.090,0.90408,0.90398,1,1.22
04.08.2021 00:19:23.314,0.9040900000000001,0.90399,1.5,1.1
04.08.2021 00:19:25.167,0.90408,0.90398,1,1.22
04.08.2021 00:19:37.993,0.90408,0.90398,1.5,1.2
04.08.2021 00:19:49.195,0.90408,0.90398,1,1.22
04.08.2021 00:20:11.864,0.9040600000000001,0.9039600000000001,1,1.6
04.08.2021 00:20:11.966,0.9040700000000002,0.9039700000000002,1.25,1.6
04.08.2021 00:20:49.883,0.90408,0.90398,1.69,1.2
04.08.2021 00:20:53.048,0.9040900000000001,0.9039700000000002,1,1.22
04.08.2021 00:21:08.349,0.90408,0.90398,1,1.1
04.08.2021 00:21:08.652,0.90408,0.90398,2,1.1
04.08.2021 00:21:09.653,0.90408,0.90398,1.87,1.1
04.08.2021 00:21:20.714,0.9040900000000001,0.9039700000000002,1,1.35
04.08.2021 00:21:36.300,0.9040900000000001,0.90399,1.5,1.1
04.08.2021 00:21:38.025,0.9040900000000001,0.90399,1,1.6
04.08.2021 00:21:49.896,0.9041,0.904,2.44,1.1
04.08.2021 00:22:17.252,0.9041200000000001,0.90403,2.5,1.1
04.08.2021 00:22:17.304,0.90414,0.90404,1.5,1.1
04.08.2021 00:22:17.456,0.90415,0.90405,1,1.1
04.08.2021 00:22:32.606,0.90413,0.90403,1.5,1.22
04.08.2021 00:22:32.707,0.90413,0.9040100000000001,1,1.97
04.08.2021 00:23:06.075,0.90413,0.90403,1.5,1.97
04.08.2021 00:23:06.176,0.90414,0.90404,1,1.22
04.08.2021 00:23:17.279,0.90415,0.90404,1.69,1.22
04.08.2021 00:23:23.486,0.90413,0.90404,1.5,1.1
04.08.2021 00:23:30.321,0.90415,0.90405,2.81,1.1
04.08.2021 00:23:31.691,0.90415,0.90405,2.44,1.1
04.08.2021 00:23:32.649,0.9041600000000001,0.90405,1.25,1.1
04.08.2021 00:23:32.750,0.9041600000000001,0.9040700000000002,1.5,1.1
04.08.2021 00:23:44.614,0.9041600000000001,0.9040900000000001,1,1
04.08.2021 00:23:44.816,0.90415,0.9040900000000001,1,1
04.08.2021 00:23:44.918,0.9041600000000001,0.9040900000000001,1,1
04.08.2021 00:23:45.019,0.9041700000000001,0.90408,1.62,1
04.08.2021 00:23:45.834,0.9041600000000001,0.9040900000000001,1,1
04.08.2021 00:24:09.531,0.9041600000000001,0.90408,2.06,1
04.08.2021 00:24:10.528,0.9041600000000001,0.9040600000000001,2.06,1.6
04.08.2021 00:24:28.976,0.9041700000000001,0.9040700000000002,1.69,1.1
04.08.2021 00:24:31.260,0.90415,0.9040600000000001,1,1.1
04.08.2021 00:24:32.101,0.9041700000000001,0.9040600000000001,2.06,1.6
04.08.2021 00:24:44.875,0.9041700000000001,0.9040600000000001,1.5,1.5
04.08.2021 00:25:03.402,0.9041700000000001,0.9040700000000002,1,1.1
04.08.2021 00:25:08.696,0.90418,0.90408,2.06,1.1
04.08.2021 00:25:20.207,0.9041600000000001,0.9040700000000002,1,1.1
04.08.2021 00:25:20.635,0.9041700000000001,0.90405,1.5,1.1
04.08.2021 00:25:22.057,0.9041700000000001,0.9040700000000002,1.5,1.1
04.08.2021 00:25:39.417,0.9041600000000001,0.9040700000000002,1,1.1
04.08.2021 00:25:39.519,0.9041600000000001,0.9040600000000001,1.5,1.1
04.08.2021 00:26:31.450,0.9041600000000001,0.9040600000000001,2.25,1.1
04.08.2021 00:26:40.822,0.90415,0.90404,1,2.97
04.08.2021 00:26:40.923,0.9041700000000001,0.90405,2.44,1.1
04.08.2021 00:26:46.533,0.9041600000000001,0.9040600000000001,2.25,1.1
04.08.2021 00:27:04.285,0.9041700000000001,0.9040700000000002,1.87,1.1
04.08.2021 00:27:12.117,0.90415,0.90405,1,1.6
04.08.2021 00:27:12.319,0.9041700000000001,0.9040600000000001,2.5,1.1
04.08.2021 00:27:22.621,0.9041700000000001,0.9040600000000001,1.87,1.1
04.08.2021 00:27:38.785,0.9041600000000001,0.90405,1.25,1.97
04.08.2021 00:28:37.284,0.9041600000000001,0.90403,1,2.16
04.08.2021 00:28:38.955,0.90415,0.90404,1,2.06
04.08.2021 00:28:48.292,0.90415,0.90404,1.5,1.1
04.08.2021 00:28:48.393,0.9041100000000001,0.9040100000000001,1,2.35
04.08.2021 00:28:48.849,0.90413,0.90403,3.56,1.1
04.08.2021 00:28:49.902,0.90413,0.90403,3.56,1.1
04.08.2021 00:28:52.876,0.9041200000000001,0.90403,1,1.1
04.08.2021 00:28:59.542,0.9041,0.904,1.5,1.1
04.08.2021 00:29:19.685,0.9041100000000001,0.90399,1.69,1.1
04.08.2021 00:29:27.384,0.9041,0.904,1.69,1.6
04.08.2021 00:29:27.587,0.9041,0.904,1.69,1.1
04.08.2021 00:29:51.049,0.9041200000000001,0.90403,1.75,1.1
04.08.2021 00:29:51.100,0.90413,0.90403,1.87,1.1
04.08.2021 00:29:51.441,0.90413,0.90403,1,1.1
04.08.2021 00:29:59.487,0.9041,0.904,1,2.29
04.08.2021 00:29:59.589,0.9041100000000001,0.9040100000000001,1,1.1
04.08.2021 00:30:22.313,0.9040900000000001,0.90399,1,1.1
04.08.2021 00:30:57.986,0.9040900000000001,0.90399,1.5,1.1
04.08.2021 00:31:58.021,0.9040900000000001,0.90399,1,1
04.08.2021 00:31:58.976,0.9041100000000001,0.90399,1.87,1
04.08.2021 00:32:00.254,0.9041,0.904,1,1.1
04.08.2021 00:32:00.355,0.9041,0.904,1,1.1
04.08.2021 00:32:01.131,0.90414,0.90404,1.12,1.1
04.08.2021 00:32:01.233,0.90414,0.90404,1,1.1
04.08.2021 00:32:01.334,0.90415,0.90405,1,1.1
04.08.2021 00:32:13.823,0.90415,0.90405,1,1.1
04.08.2021 00:32:26.287,0.9041700000000001,0.90405,1.5,1.1
04.08.2021 00:32:26.388,0.9041600000000001,0.9040600000000001,1.5,1.1
04.08.2021 00:32:26.841,0.9041600000000001,0.9040600000000001,1.5,1.1
04.08.2021 00:32:34.367,0.90415,0.90405,1,1.35
04.08.2021 00:32:49.363,0.9041200000000001,0.9040200000000002,1,2.35
04.08.2021 00:32:50.096,0.9041200000000001,0.9040200000000002,2.37,1.1
04.08.2021 00:32:50.197,0.9041200000000001,0.9040200000000002,2.37,1.1
04.08.2021 00:32:50.380,0.9041200000000001,0.9040200000000002,1.5,1.1
04.08.2021 00:32:50.902,0.9041200000000001,0.9040200000000002,1.5,1.1
04.08.2021 00:32:51.021,0.9041200000000001,0.9040200000000002,1.5,1.1
04.08.2021 00:32:55.795,0.9041200000000001,0.9040200000000002,1,1.1
04.08.2021 00:33:10.919,0.9041200000000001,0.9040200000000002,1.5,1.1
04.08.2021 00:33:11.021,0.9041,0.904,1.5,1.1
04.08.2021 00:33:11.246,0.9041,0.904,1.87,1.1
04.08.2021 00:33:11.872,0.9040700000000002,0.90398,1,1.1
04.08.2021 00:33:11.973,0.9040700000000002,0.9039700000000002,1,3.29
04.08.2021 00:33:17.360,0.9040900000000001,0.90398,1,1.1
04.08.2021 00:33:17.461,0.9040900000000001,0.90398,1,1.1
04.08.2021 00:33:17.944,0.9040900000000001,0.90398,1.5,1.1
04.08.2021 00:33:18.045,0.9041,0.9039700000000002,1,1.1
04.08.2021 00:33:21.651,0.9040900000000001,0.90398,1,1.6
04.08.2021 00:33:21.803,0.9041,0.90399,1.5,1.1
04.08.2021 00:33:38.911,0.9040900000000001,0.90399,1,3.29
04.08.2021 00:33:39.452,0.9041,0.90399,1,3.29
04.08.2021 00:34:04.509,0.9041100000000001,0.9040100000000001,1.69,1.1
04.08.2021 00:34:04.660,0.9041100000000001,0.90403,1.69,1
04.08.2021 00:34:04.711,0.90415,0.90404,1,1.79
04.08.2021 00:34:04.813,0.90415,0.90405,1,1.1
04.08.2021 00:34:04.914,0.90415,0.90405,1,1.6
04.08.2021 00:34:12.330,0.9041600000000001,0.90405,1,2.35
04.08.2021 00:34:12.432,0.90415,0.90403,1,1.6
04.08.2021 00:34:23.473,0.90414,0.90404,1,1.6
04.08.2021 00:34:45.463,0.90413,0.90403,1,1.6
04.08.2021 00:34:45.564,0.90413,0.90403,1,1.6
04.08.2021 00:34:45.716,0.9041200000000001,0.90403,1,1.6
04.08.2021 00:35:02.918,0.9041100000000001,0.9040100000000001,1,1.1
04.08.2021 00:35:03.019,0.9041100000000001,0.9040100000000001,2.62,1.1
04.08.2021 00:35:03.120,0.9041,0.904,1,1.1
04.08.2021 00:35:17.951,0.90408,0.90398,1,2.35
04.08.2021 00:35:51.259,0.90408,0.90398,1,1.6
04.08.2021 00:35:51.361,0.9040900000000001,0.90399,1,1.1
04.08.2021 00:35:57.704,0.9040900000000001,0.90399,1,1.1
04.08.2021 00:36:03.353,0.9040900000000001,0.90399,1,1.1
04.08.2021 00:36:03.617,0.9040900000000001,0.90399,1,1.1
04.08.2021 00:36:25.225,0.9041100000000001,0.90398,3.31,1.79
04.08.2021 00:36:32.833,0.9041,0.90398,1.12,1.79
04.08.2021 00:36:35.662,0.9040900000000001,0.90399,1,1.1
04.08.2021 00:36:52.819,0.9041,0.90398,1.12,1.79
04.08.2021 00:37:01.664,0.9040900000000001,0.90399,1,1.1
04.08.2021 00:37:10.133,0.9041,0.90398,1.12,1.1
04.08.2021 00:37:15.219,0.9040900000000001,0.90399,1,1.1
04.08.2021 00:37:17.274,0.9040900000000001,0.9039700000000002,1,2.35
04.08.2021 00:37:30.902,0.90405,0.9039600000000001,2.25,1.82
04.08.2021 00:37:31.004,0.90404,0.90394,1,1.47
04.08.2021 00:37:34.622,0.90405,0.90395,1,4.04
04.08.2021 00:37:34.780,0.9040600000000001,0.90395,1,1.1
04.08.2021 00:37:34.990,0.9040700000000002,0.9039600000000001,1.12,1.6
04.08.2021 00:37:36.345,0.9040900000000001,0.9039700000000002,1.12,1.1
04.08.2021 00:37:57.759,0.90408,0.90398,1,1.79
04.08.2021 00:37:57.860,0.9040900000000001,0.90399,1,1.1
04.08.2021 00:38:28.984,0.9041100000000001,0.90399,1.12,1.6
04.08.2021 00:38:29.086,0.9041,0.9040100000000001,1,1.1
04.08.2021 00:39:17.898,0.9041,0.904,1,1.35
04.08.2021 00:39:17.999,0.9041,0.90398,1,1.6
04.08.2021 00:40:01.492,0.9040900000000001,0.90399,1,1.79
04.08.2021 00:40:12.929,0.9041,0.904,1,1.1
04.08.2021 00:40:26.981,0.9041,0.904,1.5,1.1
04.08.2021 00:41:05.448,0.9041100000000001,0.9040200000000002,1,1.01
04.08.2021 00:41:11.933,0.9041200000000001,0.9040200000000002,1.5,1.35
04.08.2021 00:41:20.087,0.9041200000000001,0.9040200000000002,1.5,1.1
04.08.2021 00:41:21.027,0.9041200000000001,0.9040200000000002,1.5,1.1
04.08.2021 00:41:59.834,0.9041,0.904,1.5,1.35
04.08.2021 00:41:59.936,0.9041,0.904,1.5,1.41
04.08.2021 00:42:07.875,0.9040900000000001,0.904,1,1.1
04.08.2021 00:42:09.258,0.9040900000000001,0.904,1,1.1
04.08.2021 00:42:18.827,0.90408,0.9039600000000001,1.5,1.97
04.08.2021 00:42:20.846,0.90408,0.9039600000000001,1.5,1.1
04.08.2021 00:42:36.076,0.9040700000000002,0.9039600000000001,1,1.1
04.08.2021 00:42:38.096,0.90408,0.90398,1.5,1.1
04.08.2021 00:43:21.150,0.9040700000000002,0.90398,1,1.1
04.08.2021 00:43:32.877,0.90408,0.90398,1,1.1
04.08.2021 00:43:38.225,0.90408,0.90398,1.25,1
04.08.2021 00:44:25.865,0.90408,0.90399,1.69,1
04.08.2021 00:44:27.885,0.9040700000000002,0.90399,1,1
04.08.2021 00:46:03.188,0.9040700000000002,0.90398,1.25,1.1
04.08.2021 00:46:06.211,0.9040700000000002,0.90398,1,1.1
04.08.2021 00:46:08.104,0.9040700000000002,0.90398,1,1.1
04.08.2021 00:46:16.007,0.9040700000000002,0.90398,1,1.1
04.08.2021 00:46:16.113,0.90408,0.90398,1,1.6
04.08.2021 00:47:02.684,0.9041,0.90399,2.69,1.1
04.08.2021 00:47:02.785,0.9041,0.90399,1.25,2.35
04.08.2021 00:47:02.937,0.9041200000000001,0.9040200000000002,2.44,1.1
04.08.2021 00:47:11.502,0.9041100000000001,0.904,3.25,1.1
04.08.2021 00:47:14.008,0.9040900000000001,0.90399,1,1.1
04.08.2021 00:47:54.071,0.9040900000000001,0.90399,1,1.1
04.08.2021 00:47:54.273,0.9040900000000001,0.90399,1,1.97
04.08.2021 00:47:54.583,0.9040900000000001,0.90399,1,1.97
04.08.2021 00:47:54.684,0.9040900000000001,0.90399,1,1.97
04.08.2021 00:47:54.976,0.9041,0.90398,1,1.97
04.08.2021 00:47:55.384,0.9040900000000001,0.90399,1,1.97
04.08.2021 00:48:33.598,0.9040900000000001,0.90399,1.25,1.1
04.08.2021 00:48:34.434,0.9041,0.90398,1.25,1.1
04.08.2021 00:48:54.121,0.9040900000000001,0.90399,1.25,1.1
04.08.2021 00:48:54.342,0.9040900000000001,0.90399,1.25,1.1
04.08.2021 00:48:57.313,0.9040900000000001,0.90399,1.25,1.1
04.08.2021 00:49:04.488,0.9040900000000001,0.904,1.25,1.1
04.08.2021 00:49:08.393,0.9041100000000001,0.9040100000000001,1,3.1
04.08.2021 00:49:08.646,0.90413,0.9040100000000001,1.69,1.1
04.08.2021 00:49:20.995,0.9041200000000001,0.9040200000000002,1.69,1.1
04.08.2021 00:49:36.400,0.90413,0.9040100000000001,1,1.1
04.08.2021 00:49:36.551,0.9041200000000001,0.9040200000000002,1,1.1
04.08.2021 00:49:56.538,0.9041100000000001,0.9040100000000001,1.69,1.1
04.08.2021 00:50:06.935,0.9041,0.904,1,1.6
04.08.2021 00:50:11.231,0.9041200000000001,0.9040200000000002,1.69,1.1
04.08.2021 00:50:32.453,0.90413,0.90403,2.44,1.1
04.08.2021 00:50:36.025,0.90415,0.90405,1.69,1.1
04.08.2021 00:50:36.127,0.90415,0.9040600000000001,1.25,1.6
04.08.2021 00:50:36.228,0.9041600000000001,0.9040600000000001,1.25,1.6
04.08.2021 00:51:14.448,0.9041600000000001,0.9040700000000002,1.25,1.1
04.08.2021 00:51:18.297,0.90418,0.9040600000000001,1,1.6
04.08.2021 00:51:23.260,0.9041700000000001,0.9040700000000002,1.75,1.6
04.08.2021 00:51:24.081,0.9041700000000001,0.9040700000000002,1.25,1.6
04.08.2021 00:51:24.771,0.9041700000000001,0.9040700000000002,1.75,1.6
04.08.2021 00:51:31.014,0.9041700000000001,0.9040700000000002,1.25,1.6
04.08.2021 00:51:32.818,0.9041700000000001,0.9040700000000002,1.75,1.6
04.08.2021 00:51:38.607,0.9041700000000001,0.9040700000000002,1.25,1.6
04.08.2021 00:51:39.816,0.9041700000000001,0.9040700000000002,1.94,1.6
04.08.2021 00:51:40.180,0.90418,0.9040600000000001,1.25,1.6
04.08.2021 00:51:44.200,0.9041700000000001,0.9040700000000002,1.94,1.1
04.08.2021 00:51:44.463,0.9041700000000001,0.9040700000000002,1.25,1.1
04.08.2021 00:51:47.620,0.9041700000000001,0.9040700000000002,1.25,1.1
04.08.2021 00:51:47.912,0.9041700000000001,0.9040700000000002,1.25,1.2
04.08.2021 00:51:51.694,0.9041700000000001,0.9040700000000002,1.75,1.2
04.08.2021 00:51:53.315,0.9041700000000001,0.9040700000000002,1.75,1.2
04.08.2021 00:51:53.417,0.90418,0.9040600000000001,1.75,1.2
04.08.2021 00:51:57.093,0.9041600000000001,0.9040600000000001,1.75,2.05
04.08.2021 00:51:59.226,0.9041600000000001,0.9040600000000001,1.25,2.07
04.08.2021 00:52:12.607,0.9041600000000001,0.9040600000000001,1.75,2.2
04.08.2021 00:52:19.494,0.9041600000000001,0.9040600000000001,1.25,2.2
04.08.2021 00:52:30.536,0.90418,0.9040600000000001,2.5,1.7
04.08.2021 00:52:30.796,0.90423,0.9041200000000001,3.5,1.57
04.08.2021 00:52:30.897,0.90424,0.90415,1.25,1
04.08.2021 00:52:32.802,0.90425,0.90415,1.25,1.95
04.08.2021 00:52:34.118,0.9042600000000001,0.90415,1.25,1
04.08.2021 00:52:37.988,0.9042600000000001,0.9041700000000001,1.12,1.1
04.08.2021 00:52:38.090,0.9042700000000001,0.9041700000000001,1.25,1.97
04.08.2021 00:52:38.191,0.9042600000000001,0.9041700000000001,1.25,1.1
04.08.2021 00:52:42.135,0.9042700000000001,0.90418,1.25,1.1
04.08.2021 00:52:42.237,0.9042600000000001,0.90418,1.25,1.1
04.08.2021 00:52:42.552,0.90424,0.9041600000000001,1.25,1.1
04.08.2021 00:52:43.640,0.90425,0.9041600000000001,1.12,1.1
04.08.2021 00:52:45.273,0.9042600000000001,0.9041600000000001,1.25,1.1
04.08.2021 00:52:51.682,0.90425,0.9041600000000001,1.25,1.1
04.08.2021 00:52:51.783,0.90425,0.90415,1.69,1.97
04.08.2021 00:53:04.897,0.90424,0.90414,1.69,1.22
04.08.2021 00:53:46.512,0.90425,0.90415,1.25,1.1
04.08.2021 00:53:46.614,0.9042600000000001,0.9041600000000001,1.25,1.1
04.08.2021 00:54:01.357,0.9042600000000001,0.9041600000000001,1.75,1
04.08.2021 00:54:16.994,0.90428,0.90418,1.5,1.57
04.08.2021 00:54:17.095,0.90428,0.90418,1,3.07
04.08.2021 00:54:17.196,0.90429,0.90419,1.25,1.1
04.08.2021 00:54:17.407,0.90428,0.90419,1.25,1
04.08.2021 00:54:17.509,0.90428,0.9041700000000001,2.51,1.2
04.08.2021 00:54:19.136,0.90429,0.9041700000000001,1,1.1
04.08.2021 00:54:19.187,0.9043,0.90419,1.69,1.1
04.08.2021 00:54:31.811,0.9043,0.90419,1.25,1.95
04.08.2021 00:54:32.812,0.9043,0.9041700000000001,1.25,1.6
04.08.2021 00:54:32.914,0.90429,0.90418,1.25,1.6
04.08.2021 00:54:33.790,0.90429,0.90418,1.25,1.6
04.08.2021 00:54:33.892,0.90429,0.90418,1.25,1.6
04.08.2021 00:54:33.995,0.90428,0.90418,1,1.1
04.08.2021 00:54:34.097,0.90428,0.90418,1,1.1
04.08.2021 00:54:34.199,0.90429,0.90418,1.69,1.1
04.08.2021 00:54:35.414,0.90428,0.90419,1,1
04.08.2021 00:54:35.515,0.90429,0.90419,1.69,1
04.08.2021 00:54:36.550,0.90429,0.90419,1.75,1
04.08.2021 00:54:36.652,0.90429,0.90419,1.69,1
04.08.2021 00:54:36.997,0.90429,0.90419,1.75,1
04.08.2021 00:54:37.687,0.90429,0.90419,2.44,1
04.08.2021 00:54:39.115,0.90428,0.90419,1,1
04.08.2021 00:54:39.520,0.90429,0.90419,2.44,1
04.08.2021 00:54:40.647,0.9043,0.90423,1,1
04.08.2021 00:54:40.799,0.9043100000000001,0.90423,1.69,1
04.08.2021 00:54:41.859,0.9043200000000001,0.90424,1,1
04.08.2021 00:54:42.352,0.90433,0.9042200000000001,1.69,1.1
04.08.2021 00:54:42.617,0.90433,0.90423,1.25,1
04.08.2021 00:54:42.719,0.90434,0.90424,1.25,1
04.08.2021 00:54:43.627,0.90433,0.9042200000000001,1.25,2.7
04.08.2021 00:54:44.275,0.90433,0.9042200000000001,1.25,2.35
04.08.2021 00:54:44.427,0.90434,0.90424,1.69,1
04.08.2021 00:54:44.579,0.90434,0.90424,1.75,1
04.08.2021 00:54:44.680,0.90433,0.9042200000000001,1.25,3.1
04.08.2021 00:54:49.228,0.90433,0.90423,1,1.6
04.08.2021 00:54:50.510,0.9043500000000001,0.90424,1.25,1.1
04.08.2021 00:54:51.119,0.9043500000000001,0.90424,2.31,1.1
04.08.2021 00:54:51.220,0.90433,0.90423,1.25,1.57
04.08.2021 00:54:52.377,0.9043200000000001,0.9042200000000001,2.12,1.1
04.08.2021 00:54:53.700,0.9043100000000001,0.9042100000000001,2.12,1.1
04.08.2021 00:54:53.801,0.9043100000000001,0.9042100000000001,2.06,1.1
04.08.2021 00:54:55.061,0.9043100000000001,0.9042100000000001,1,1.1
04.08.2021 00:54:55.163,0.90428,0.90418,3.06,1.2
04.08.2021 00:54:55.264,0.9042600000000001,0.90419,1,2.25
04.08.2021 00:54:55.315,0.90428,0.90419,1,3.07
04.08.2021 00:54:55.366,0.9043,0.9042,1.25,1.1
04.08.2021 00:54:55.467,0.90429,0.90418,1,1.1
04.08.2021 00:54:55.598,0.9043,0.90419,2.5,1.57
04.08.2021 00:54:56.931,0.90429,0.90419,1.75,1
04.08.2021 00:54:59.149,0.90423,0.90415,1,1.22
04.08.2021 00:54:59.251,0.9042700000000001,0.90418,2.12,1.5
04.08.2021 00:54:59.353,0.90428,0.90415,1.69,1.1
04.08.2021 00:54:59.504,0.9042700000000001,0.9041600000000001,2.87,1.1
04.08.2021 00:54:59.961,0.90425,0.90415,1.25,1
04.08.2021 00:55:00.415,0.90425,0.9041600000000001,1,1
04.08.2021 00:55:00.668,0.90428,0.90418,3.7,1
04.08.2021 00:55:00.769,0.90429,0.90418,2.51,1.1
04.08.2021 00:55:00.871,0.9042700000000001,0.90418,1.25,2.25
04.08.2021 00:55:00.972,0.9042700000000001,0.9041700000000001,1.25,1.57
04.08.2021 00:55:01.367,0.9042700000000001,0.90415,1.25,1
04.08.2021 00:55:01.620,0.90425,0.90415,1.25,1.57
04.08.2021 00:55:03.090,0.90424,0.90415,1,2.32
04.08.2021 00:55:03.855,0.90425,0.90415,1,2.32
04.08.2021 00:55:03.956,0.9042600000000001,0.9041600000000001,2.44,1
04.08.2021 00:55:04.007,0.9042700000000001,0.90418,1.12,1.5
04.08.2021 00:55:04.109,0.90428,0.90419,1.25,1.57
04.08.2021 00:55:04.210,0.90428,0.90419,1,1.57
04.08.2021 00:55:09.269,0.90429,0.9042,1,1
04.08.2021 00:55:10.336,0.90428,0.90418,1,1.57
04.08.2021 00:55:12.673,0.9043,0.9041700000000001,2.44,1.57
04.08.2021 00:55:13.606,0.90429,0.90418,2.56,1.57
04.08.2021 00:55:14.616,0.90429,0.90418,2.06,1.57
04.08.2021 00:55:15.607,0.90429,0.90418,2.56,1.57
04.08.2021 00:55:18.609,0.90429,0.90418,2.44,1.57
04.08.2021 00:55:50.746,0.90428,0.90418,1,2.32
04.08.2021 00:56:05.350,0.90429,0.90418,1,1
04.08.2021 00:56:07.826,0.9042700000000001,0.90419,1,1
04.08.2021 00:56:21.245,0.9042700000000001,0.90418,1,1.57
04.08.2021 00:56:31.150,0.9042700000000001,0.9041600000000001,1,2.25
04.08.2021 00:56:31.403,0.9042600000000001,0.9041600000000001,1,2.25
04.08.2021 00:56:37.926,0.90424,0.9041700000000001,1,1
04.08.2021 00:56:51.331,0.90424,0.9041600000000001,1,1
04.08.2021 00:57:07.118,0.90424,0.90415,1,1.5
04.08.2021 00:57:24.939,0.90423,0.90415,1.5,1
04.08.2021 00:57:49.983,0.90424,0.90414,1.25,1.1
04.08.2021 00:58:05.121,0.90423,0.90413,1,1.87
04.08.2021 00:58:05.273,0.90423,0.90413,1.25,2.07
04.08.2021 00:58:16.775,0.90424,0.90414,1.25,1.2
04.08.2021 00:58:27.890,0.90424,0.90414,1,1.6
04.08.2021 00:58:49.137,0.90425,0.90415,1.25,1.12
04.08.2021 00:59:38.997,0.90424,0.90414,1,2.07
04.08.2021 00:59:45.157,0.90425,0.90415,1.25,1.12
04.08.2021 00:59:58.633,0.90425,0.90415,1.75,1
04.08.2021 00:59:59.649,0.90424,0.90414,1.25,1.2
04.08.2021 00:59:59.751,0.90424,0.90414,1.25,1.12
04.08.2021 01:00:10.587,0.9042100000000001,0.9041100000000001,1.25,1.2
04.08.2021 01:00:10.741,0.90419,0.9040900000000001,1,1.12
04.08.2021 01:00:14.661,0.90419,0.9040900000000001,1,1.5
04.08.2021 01:00:14.713,0.9042100000000001,0.9041100000000001,1.69,1
04.08.2021 01:00:16.579,0.90419,0.9040900000000001,1.5,1
04.08.2021 01:00:18.132,0.90418,0.9040700000000002,1,1.27
04.08.2021 01:00:20.504,0.9041700000000001,0.9040700000000002,1,1.1
04.08.2021 01:00:22.036,0.90418,0.9040700000000002,1.69,1.6
04.08.2021 01:00:22.188,0.90418,0.9040700000000002,1.69,1.1
04.08.2021 01:00:27.715,0.90418,0.9040700000000002,3.51,1
04.08.2021 01:00:30.363,0.9041700000000001,0.9040700000000002,1.56,1
04.08.2021 01:00:30.465,0.9041600000000001,0.9040600000000001,1.25,1.27
04.08.2021 01:00:33.833,0.9041600000000001,0.9040600000000001,1,1.6
04.08.2021 01:00:34.177,0.9041600000000001,0.9040600000000001,1,1.2
04.08.2021 01:00:43.061,0.9041600000000001,0.9040600000000001,1.25,1.7
04.08.2021 01:00:43.162,0.9041700000000001,0.9040700000000002,1.25,1
04.08.2021 01:00:43.565,0.9041600000000001,0.9040600000000001,1,2.02
04.08.2021 01:00:43.673,0.9041700000000001,0.90405,1,1.7
04.08.2021 01:00:49.691,0.9041700000000001,0.9040700000000002,1.25,1.27
04.08.2021 01:01:00.394,0.9041700000000001,0.9040700000000002,1.25,1.2
04.08.2021 01:01:01.159,0.9041700000000001,0.9040700000000002,1.25,1.1
04.08.2021 01:01:11.286,0.9041700000000001,0.9040700000000002,1.35,1.1
04.08.2021 01:01:13.224,0.9041700000000001,0.9040700000000002,1,1.2
04.08.2021 01:01:13.783,0.9041600000000001,0.9040600000000001,1,2.2
04.08.2021 01:01:16.545,0.9041600000000001,0.9040600000000001,1,2.2
04.08.2021 01:01:16.646,0.9041600000000001,0.9040600000000001,1,2.07
04.08.2021 01:01:16.757,0.9041600000000001,0.9040600000000001,1,2.2
04.08.2021 01:01:17.019,0.9041600000000001,0.9040600000000001,1,2.2
04.08.2021 01:01:17.120,0.9041600000000001,0.9040600000000001,1,2.2
04.08.2021 01:01:17.721,0.9041600000000001,0.9040600000000001,1,2.07
04.08.2021 01:01:18.032,0.9041600000000001,0.9040600000000001,1,2.2
04.08.2021 01:01:18.510,0.9041600000000001,0.9040600000000001,1,2.07
04.08.2021 01:01:19.070,0.9041600000000001,0.9040600000000001,1,2.2
04.08.2021 01:01:20.541,0.90419,0.9040600000000001,1.01,1.7
04.08.2021 01:01:28.739,0.90418,0.9040700000000002,1.82,1.7
04.08.2021 01:01:37.679,0.9041700000000001,0.9040600000000001,1.01,1.3
04.08.2021 01:01:37.793,0.9041700000000001,0.9040600000000001,1.35,1.3
04.08.2021 01:01:38.593,0.9041700000000001,0.9040600000000001,1.01,1.3
04.08.2021 01:01:43.341,0.9041700000000001,0.9040600000000001,1.35,1.3
04.08.2021 01:01:43.762,0.9041700000000001,0.9040600000000001,1.01,1.3
04.08.2021 01:01:49.750,0.9041700000000001,0.9040600000000001,1.35,1.3
04.08.2021 01:01:50.632,0.9041700000000001,0.9040600000000001,1.01,1.3
04.08.2021 01:01:59.533,0.9041700000000001,0.9040600000000001,1.35,1.3
04.08.2021 01:02:11.569,0.90415,0.90405,1,2.2
04.08.2021 01:02:24.852,0.9041600000000001,0.9040600000000001,1.25,1.27
04.08.2021 01:02:24.954,0.9041600000000001,0.9040600000000001,1.25,1.7
04.08.2021 01:02:27.280,0.9041600000000001,0.9040600000000001,1.25,1.27
04.08.2021 01:02:34.557,0.9041600000000001,0.9040600000000001,1,2.45
04.08.2021 01:02:34.658,0.9041700000000001,0.9040700000000002,1,1.2
04.08.2021 01:02:40.013,0.9041700000000001,0.9040700000000002,1,1.3
04.08.2021 01:02:40.115,0.9041600000000001,0.9040600000000001,1,2.2
04.08.2021 01:02:47.029,0.9041600000000001,0.9040600000000001,1,1.27
04.08.2021 01:02:47.667,0.9041600000000001,0.9040600000000001,1,1.3
04.08.2021 01:03:35.069,0.9041700000000001,0.9040600000000001,1.01,1.67
04.08.2021 01:03:35.403,0.90418,0.9040700000000002,1.01,1.65
04.08.2021 01:03:35.753,0.90418,0.9040700000000002,1.01,2.05
04.08.2021 01:03:35.855,0.90418,0.9040700000000002,1.35,1.67
04.08.2021 01:04:10.625,0.9041600000000001,0.9040600000000001,1.25,2.45
04.08.2021 01:04:32.572,0.9041600000000001,0.9040600000000001,1.25,1.65
04.08.2021 01:05:29.366,0.9041600000000001,0.9040600000000001,1,1.6
04.08.2021 01:05:39.923,0.9041600000000001,0.9040600000000001,1.25,1.7
04.08.2021 01:05:40.221,0.9041600000000001,0.9040600000000001,1.25,1.7
04.08.2021 01:05:44.969,0.9041700000000001,0.90405,1.25,1.7
04.08.2021 01:05:46.024,0.9041600000000001,0.9040600000000001,1.25,1.6
04.08.2021 01:06:01.615,0.9041200000000001,0.90405,1.57,1.12
04.08.2021 01:06:01.666,0.9041100000000001,0.9040100000000001,1.5,2.8
04.08.2021 01:06:01.768,0.9041,0.9040100000000001,1,1.2
04.08.2021 01:06:05.428,0.9041100000000001,0.9040200000000002,1.25,1
04.08.2021 01:06:05.530,0.9041200000000001,0.9040200000000002,1,2.42
04.08.2021 01:06:05.833,0.9041200000000001,0.9040200000000002,1,2.4
04.08.2021 01:06:05.934,0.9041100000000001,0.9040200000000002,1,1.1
04.08.2021 01:06:06.417,0.9041100000000001,0.9040200000000002,1,1.2
04.08.2021 01:06:07.197,0.9041100000000001,0.9040200000000002,1,1.2
04.08.2021 01:06:07.299,0.9041,0.90399,1.69,2.4
04.08.2021 01:06:07.349,0.9041,0.90399,3.25,1.65
04.08.2021 01:06:09.805,0.90408,0.904,1.25,1
04.08.2021 01:06:10.007,0.9041,0.90399,1,1
04.08.2021 01:06:22.509,0.90408,0.904,1,1
04.08.2021 01:06:27.312,0.9041,0.90399,1.25,1.2
04.08.2021 01:06:29.520,0.9041,0.90399,1.25,1.2
04.08.2021 01:06:29.622,0.9041,0.90399,1.25,1.2
04.08.2021 01:06:37.098,0.9041,0.90399,1.25,1.2
04.08.2021 01:06:37.199,0.9041,0.90399,1.25,1.2
04.08.2021 01:06:53.778,0.9041,0.90399,1.25,1.2
04.08.2021 01:06:53.931,0.90408,0.90398,1.25,1.97
04.08.2021 01:06:54.032,0.90408,0.90398,1.25,1.95
04.08.2021 01:06:57.013,0.90408,0.90398,1.25,1.95
04.08.2021 01:07:44.551,0.9040900000000001,0.90399,1.25,1.1
04.08.2021 01:07:44.653,0.9040900000000001,0.90399,1,1.2
04.08.2021 01:08:02.377,0.9041,0.904,1.25,1.2
04.08.2021 01:08:08.176,0.9041,0.90398,1,1.2
04.08.2021 01:08:23.572,0.9040900000000001,0.90399,1,1.2
04.08.2021 01:09:08.837,0.9040900000000001,0.90399,1.5,1.2
04.08.2021 01:09:08.938,0.9041,0.90398,1.5,1.2
04.08.2021 01:10:24.037,0.9040900000000001,0.90399,1.5,1.1
04.08.2021 01:10:34.457,0.90408,0.90398,1,1.2
04.08.2021 01:10:34.558,0.90408,0.90398,1,1.2
04.08.2021 01:11:11.243,0.90408,0.90398,1,1.2
04.08.2021 01:11:11.344,0.9040900000000001,0.90399,1,1.2
04.08.2021 01:11:12.862,0.9041,0.904,1,1.1
04.08.2021 01:11:37.723,0.90413,0.90403,2.5,1.57
04.08.2021 01:11:37.774,0.90414,0.90404,1,2.32
04.08.2021 01:11:37.876,0.90414,0.90405,1,1.5
04.08.2021 01:11:37.978,0.90415,0.90405,1.25,2.1
04.08.2021 01:12:31.363,0.9041600000000001,0.9040600000000001,1.25,1.3
04.08.2021 01:13:26.320,0.9041700000000001,0.9040600000000001,1,1.7
04.08.2021 01:13:30.692,0.90418,0.90408,1,1.7
04.08.2021 01:13:30.794,0.90418,0.90408,1,1.27
04.08.2021 01:13:30.895,0.9041700000000001,0.9040700000000002,1,1.2
04.08.2021 01:13:33.660,0.9041700000000001,0.9040700000000002,1,1.2
04.08.2021 01:14:09.847,0.9041700000000001,0.9040700000000002,1.25,1.2
04.08.2021 01:14:16.439,0.9041600000000001,0.9040600000000001,1.25,2.82
04.08.2021 01:14:45.714,0.90418,0.9040600000000001,2.69,1.3
04.08.2021 01:14:56.139,0.90418,0.9040600000000001,2.69,1.2
04.08.2021 01:15:02.240,0.90418,0.9040600000000001,2.69,1.22
04.08.2021 01:15:03.271,0.90418,0.9040600000000001,2.69,1.22
04.08.2021 01:15:04.675,0.90418,0.9040600000000001,1.25,1.97
04.08.2021 01:15:05.303,0.90419,0.9040600000000001,2.81,1.97
04.08.2021 01:15:06.632,0.90418,0.9040600000000001,1.5,1.97
04.08.2021 01:15:07.146,0.90418,0.9040600000000001,1.5,2.07
04.08.2021 01:15:12.115,0.90418,0.9040600000000001,1.94,2.05
04.08.2021 01:15:20.063,0.90418,0.9040600000000001,1.25,2.05
04.08.2021 01:15:22.081,0.90418,0.9040600000000001,1.25,2.05
04.08.2021 01:15:22.333,0.90418,0.9040600000000001,4.19,1.2
04.08.2021 01:15:24.850,0.90418,0.9040600000000001,4.64,1.2
04.08.2021 01:15:26.892,0.90418,0.9040600000000001,5.57,1.2
04.08.2021 01:15:28.822,0.90418,0.9040600000000001,5.57,1.2
04.08.2021 01:15:29.148,0.90418,0.9040600000000001,5.57,1.2
04.08.2021 01:15:50.159,0.9041600000000001,0.9040600000000001,1.25,1.2
04.08.2021 01:15:51.591,0.9041600000000001,0.90405,1.25,2.77
04.08.2021 01:15:51.692,0.9041200000000001,0.9040100000000001,1.5,3.39
04.08.2021 01:15:51.794,0.9041200000000001,0.9040100000000001,1.69,3.2
04.08.2021 01:15:52.216,0.9041200000000001,0.9040100000000001,1.5,1.89
04.08.2021 01:15:52.318,0.90413,0.904,1.5,1.89
04.08.2021 01:16:00.309,0.90414,0.90405,1.25,1.1
04.08.2021 01:16:00.411,0.90414,0.9040600000000001,1,1.1
04.08.2021 01:16:00.529,0.9041600000000001,0.90405,1.25,1.1
04.08.2021 01:16:06.437,0.9041600000000001,0.9040600000000001,1,1.67
04.08.2021 01:16:25.390,0.9041600000000001,0.9040700000000002,1,1.22
04.08.2021 01:16:25.491,0.9042,0.9040900000000001,1,2.32
04.08.2021 01:16:25.593,0.9042,0.9041100000000001,1,1.1
04.08.2021 01:16:27.306,0.9042,0.9041,1,1.57
04.08.2021 01:16:27.408,0.9042,0.9041,1,1.6
04.08.2021 01:16:32.467,0.9042,0.9041,1,1.57
04.08.2021 01:16:32.569,0.9042,0.9041,1,1.6
04.08.2021 01:16:38.533,0.9042,0.9041,1,1.57
04.08.2021 01:17:04.423,0.90419,0.9041,1,1.1
04.08.2021 01:17:10.971,0.90419,0.9041,1,1.1
04.08.2021 01:17:11.073,0.9042,0.9041,1,1.6
04.08.2021 01:17:15.111,0.9042100000000001,0.9040900000000001,1,2.32
04.08.2021 01:17:15.513,0.90419,0.9041,1,1.57
04.08.2021 01:17:19.153,0.90419,0.9041100000000001,1.5,1
04.08.2021 01:17:33.166,0.90418,0.9041,1.69,1
04.08.2021 01:18:04.057,0.90418,0.9041,1.75,1
04.08.2021 01:18:14.194,0.9041700000000001,0.9041,1.25,1
04.08.2021 01:18:19.229,0.9041700000000001,0.9040900000000001,1.75,1
04.08.2021 01:18:19.330,0.90415,0.9040900000000001,1,1
04.08.2021 01:18:19.381,0.90415,0.9040700000000002,1.5,1.5
04.08.2021 01:18:20.430,0.90414,0.9040700000000002,1,1
04.08.2021 01:18:34.863,0.90415,0.9040700000000002,1.25,1
04.08.2021 01:19:07.041,0.90414,0.9040700000000002,1,1
04.08.2021 01:19:07.243,0.90413,0.90405,1,1.2
04.08.2021 01:19:30.034,0.90414,0.9040700000000002,1,1
04.08.2021 01:19:38.338,0.90413,0.90405,1,1.65
04.08.2021 01:19:40.933,0.90414,0.9040600000000001,1.5,1.1
04.08.2021 01:20:07.854,0.90413,0.90405,1,1.2
04.08.2021 01:20:08.747,0.9041200000000001,0.90404,1.5,1.1
04.08.2021 01:20:10.544,0.9041,0.9040200000000002,1,1
04.08.2021 01:20:11.269,0.9040900000000001,0.9040100000000001,1,1.65
04.08.2021 01:20:54.086,0.90408,0.9040100000000001,1.25,1
04.08.2021 01:20:58.156,0.90408,0.904,1.69,1
04.08.2021 01:21:06.386,0.9040600000000001,0.90398,1,1.1
04.08.2021 01:21:09.271,0.90405,0.9039600000000001,1,1.67
04.08.2021 01:21:09.323,0.90404,0.90394,3.19,1.2
04.08.2021 01:21:09.425,0.9040200000000002,0.90393,1,1.1
04.08.2021 01:21:10.499,0.90404,0.90394,1.5,2.35
04.08.2021 01:21:10.600,0.90404,0.90395,1,1.1
04.08.2021 01:21:12.142,0.90403,0.9039200000000002,1.5,1.67
04.08.2021 01:21:13.652,0.9040200000000002,0.9039200000000002,1,1.2
04.08.2021 01:21:22.194,0.9040200000000002,0.9039200000000002,1.25,1.2
04.08.2021 01:21:22.346,0.9040100000000001,0.9039200000000002,1,1.1
04.08.2021 01:21:31.056,0.90399,0.90389,1.25,1.67
04.08.2021 01:21:40.750,0.90399,0.9039,1,1.1
04.08.2021 01:21:45.796,0.9040100000000001,0.90389,1.69,1.6
04.08.2021 01:21:46.859,0.90399,0.9039100000000001,1,1.1
04.08.2021 01:22:06.297,0.904,0.9039200000000002,1.5,1
04.08.2021 01:22:24.633,0.90399,0.9039,1,1.57
04.08.2021 01:22:29.839,0.90399,0.9039,1,1.6
04.08.2021 01:22:35.393,0.904,0.9039200000000002,1.5,1
04.08.2021 01:22:52.993,0.90399,0.9039,1,1.57
04.08.2021 01:23:00.771,0.90398,0.9039,1,1
04.08.2021 01:23:00.928,0.90394,0.9038600000000001,1,1.95
04.08.2021 01:23:01.029,0.90393,0.90385,1,1.1
04.08.2021 01:23:01.131,0.9039200000000002,0.90384,1,1.57
04.08.2021 01:23:03.138,0.90395,0.9038700000000001,1,1.1
04.08.2021 01:23:03.239,0.90395,0.9038700000000001,1,1.6
04.08.2021 01:23:03.290,0.90395,0.9038600000000001,1,1.57
04.08.2021 01:23:10.496,0.90395,0.9038700000000001,1,1
04.08.2021 01:23:10.598,0.9039600000000001,0.9038700000000001,1.5,1.1
04.08.2021 01:23:17.569,0.90394,0.9038600000000001,1,1.1
04.08.2021 01:23:17.670,0.90393,0.9038600000000001,1,1.1
04.08.2021 01:23:18.566,0.90394,0.90384,1,1.1
04.08.2021 01:23:49.399,0.9039200000000002,0.90384,1.69,1
04.08.2021 01:24:15.491,0.9039200000000002,0.90383,1.69,1
04.08.2021 01:25:41.618,0.9039200000000002,0.90383,1,1.6
04.08.2021 01:25:41.720,0.90394,0.90384,1,1.6
04.08.2021 01:25:41.821,0.9039600000000001,0.9038700000000001,1.69,1.1
04.08.2021 01:25:46.685,0.90395,0.90385,1,1.6
04.08.2021 01:25:47.536,0.90394,0.90384,1,1.1
04.08.2021 01:25:51.266,0.90394,0.90383,1,1.57
04.08.2021 01:25:58.826,0.9039200000000002,0.90383,1,1.57
04.08.2021 01:27:19.924,0.9039100000000001,0.90383,1.25,1
04.08.2021 01:27:30.545,0.9039200000000002,0.90383,1.69,1
04.08.2021 01:27:39.018,0.9039200000000002,0.90383,2.5,1
04.08.2021 01:27:39.147,0.9039100000000001,0.9038200000000001,1.25,1.57
04.08.2021 01:27:42.761,0.9039,0.9038,1,2.35
04.08.2021 01:28:17.582,0.90388,0.9038,1,1
04.08.2021 01:28:17.684,0.90388,0.90379,1.25,1.57
04.08.2021 01:28:17.804,0.90388,0.9037799999999999,1.5,2.32
04.08.2021 01:28:21.705,0.9038600000000001,0.9037600000000001,1,2.32
04.08.2021 01:28:22.217,0.9038600000000001,0.9037700000000001,1,1.1
04.08.2021 01:28:22.319,0.9038600000000001,0.9037799999999999,1,1
04.08.2021 01:28:22.370,0.90388,0.9037799999999999,1.69,1.57
04.08.2021 01:28:22.727,0.90388,0.90379,1,1
04.08.2021 01:28:39.117,0.90389,0.90379,1,1
04.08.2021 01:28:43.791,0.9039,0.9037799999999999,3.81,1
04.08.2021 01:28:46.082,0.90389,0.90379,2.06,1
04.08.2021 01:29:08.478,0.90388,0.9037799999999999,1,1.57
04.08.2021 01:29:10.600,0.9038700000000001,0.9037700000000001,1.5,1
04.08.2021 01:29:13.273,0.9038700000000001,0.9037700000000001,3.62,1
04.08.2021 01:29:14.972,0.9038600000000001,0.90375,1.25,1.95
04.08.2021 01:29:32.289,0.9038600000000001,0.90375,3.06,1.12
04.08.2021 01:29:38.492,0.90383,0.9037299999999999,1,2.1
04.08.2021 01:29:38.594,0.90383,0.9037299999999999,1,2.07
04.08.2021 01:29:40.608,0.90383,0.9037299999999999,1,1.95
04.08.2021 01:29:43.518,0.90383,0.9037299999999999,1,1.6
04.08.2021 01:29:53.584,0.90385,0.90374,1.69,1.2
04.08.2021 01:29:54.327,0.9038600000000001,0.9037299999999999,2.69,1.2
04.08.2021 01:29:55.219,0.90385,0.90374,1.69,1.2
04.08.2021 01:30:05.750,0.90385,0.90375,1.25,1
04.08.2021 01:30:05.801,0.90388,0.9038,1,1
04.08.2021 01:30:05.853,0.9039,0.9038,4.19,1
04.08.2021 01:30:05.955,0.9039100000000001,0.9038100000000001,1.25,2.62
04.08.2021 01:30:06.158,0.9039200000000002,0.9038200000000001,1.25,1.5
04.08.2021 01:30:10.399,0.90395,0.90384,2.06,1.1
04.08.2021 01:30:10.500,0.90394,0.90383,1.5,1.76
04.08.2021 01:30:11.882,0.90393,0.9038200000000001,1.94,1.2
04.08.2021 01:30:14.894,0.90393,0.9038200000000001,3.81,1.2
04.08.2021 01:30:25.728,0.9039200000000002,0.9038200000000001,1.25,1.12
04.08.2021 01:30:25.959,0.9039200000000002,0.9038200000000001,1.25,1.12
04.08.2021 01:30:27.695,0.9039200000000002,0.9038200000000001,1.25,1.12
04.08.2021 01:30:28.867,0.9039200000000002,0.9038200000000001,1.25,1.12
04.08.2021 01:30:33.820,0.9039200000000002,0.9038200000000001,1.25,1.12
04.08.2021 01:30:39.902,0.9039200000000002,0.9038200000000001,1.25,1.12
04.08.2021 01:30:41.195,0.90393,0.9038100000000001,1.25,1.12
04.08.2021 01:30:45.748,0.9039200000000002,0.9038200000000001,1.25,1.12
04.08.2021 01:30:51.058,0.9039100000000001,0.9038100000000001,1.25,1.2
04.08.2021 01:30:51.262,0.9039,0.9038,1,1.57
04.08.2021 01:30:56.859,0.9039,0.9038,1,1.6
04.08.2021 01:31:01.908,0.9039,0.9038,1,1.57
04.08.2021 01:31:07.092,0.9039,0.9038,1,2.35
04.08.2021 01:31:09.103,0.9039,0.9038,1,1.57
04.08.2021 01:31:18.298,0.9039,0.9038,1,1.6
04.08.2021 01:31:18.399,0.9039100000000001,0.9038100000000001,1.25,1.1
04.08.2021 01:31:47.092,0.9039100000000001,0.9038100000000001,1,1.97
04.08.2021 01:31:47.243,0.90393,0.9038200000000001,1.25,1.2
04.08.2021 01:31:48.099,0.90393,0.9038200000000001,1.25,1.57
04.08.2021 01:31:51.428,0.90393,0.9038200000000001,1.25,1.57
04.08.2021 01:31:59.937,0.90393,0.9038200000000001,1.25,1.95
04.08.2021 01:32:00.050,0.9039200000000002,0.9038200000000001,1.25,1.12
04.08.2021 01:32:00.152,0.9039200000000002,0.9038100000000001,1.75,1.57
04.08.2021 01:32:20.737,0.9039200000000002,0.9038100000000001,1.25,1.95
04.08.2021 01:32:21.544,0.9039200000000002,0.9038100000000001,1,3.2
04.08.2021 01:32:21.651,0.90393,0.9038200000000001,1.39,1.12
04.08.2021 01:32:29.882,0.90393,0.9038200000000001,2.31,1.95
04.08.2021 01:32:30.134,0.90393,0.9038200000000001,1.31,1.2
04.08.2021 01:32:30.620,0.90393,0.9038200000000001,2.31,1.2
04.08.2021 01:32:31.540,0.9039200000000002,0.9038100000000001,1.25,2.7
04.08.2021 01:32:35.493,0.9039200000000002,0.9038100000000001,1,2.72
04.08.2021 01:32:37.173,0.90393,0.90383,1.69,1
04.08.2021 01:32:42.258,0.9039200000000002,0.9038100000000001,1,2.72
04.08.2021 01:32:42.359,0.9039200000000002,0.9038100000000001,1,2.7
04.08.2021 01:32:47.785,0.9039200000000002,0.9038100000000001,1,2.72
04.08.2021 01:32:47.887,0.90393,0.90383,1.69,1
04.08.2021 01:33:11.121,0.90393,0.90383,1.75,1
04.08.2021 01:33:11.487,0.90393,0.90383,1.69,1
04.08.2021 01:33:17.949,0.90393,0.90383,1.75,1
04.08.2021 01:33:18.905,0.90393,0.90383,1.69,1
04.08.2021 01:33:42.178,0.90393,0.90384,1,1
04.08.2021 01:33:43.591,0.90394,0.9038200000000001,1.69,1
04.08.2021 01:33:47.641,0.90393,0.90384,1,1
04.08.2021 01:33:47.996,0.90393,0.90383,1.69,1.1
04.08.2021 01:34:07.519,0.90393,0.90384,1,1
04.08.2021 01:34:07.569,0.9039600000000001,0.9038600000000001,1.69,1.57
04.08.2021 01:34:07.671,0.9039700000000002,0.9038700000000001,1.25,1.1
04.08.2021 01:34:07.772,0.9039700000000002,0.90388,1.25,1
04.08.2021 01:34:08.603,0.9039700000000002,0.90388,1.25,1
04.08.2021 01:34:18.433,0.90395,0.90385,1.25,2.07
04.08.2021 01:34:18.535,0.9039600000000001,0.90384,1.69,1.12
04.08.2021 01:34:22.580,0.90395,0.90385,2.5,1
04.08.2021 01:34:22.683,0.90393,0.90383,1.25,2.35
04.08.2021 01:34:23.112,0.90395,0.90383,1,1.1
04.08.2021 01:34:23.354,0.90394,0.90384,1.75,1.1
04.08.2021 01:34:23.560,0.90394,0.90384,1.25,1.1
04.08.2021 01:34:23.767,0.90394,0.90384,1.75,1.1
04.08.2021 01:34:27.047,0.90395,0.90383,1.25,1.1
04.08.2021 01:34:27.199,0.90394,0.90384,1.75,1.1
04.08.2021 01:34:28.606,0.90394,0.90384,1.25,1.1
04.08.2021 01:34:43.416,0.90393,0.90383,1.25,1.57
04.08.2021 01:34:43.567,0.90393,0.9038200000000001,1.69,2.32
04.08.2021 01:34:43.668,0.90393,0.9038200000000001,1.25,2.35
04.08.2021 01:34:44.774,0.90393,0.9038200000000001,1.25,2.32
04.08.2021 01:34:45.471,0.90393,0.9038200000000001,1.25,2.35
04.08.2021 01:34:45.960,0.90393,0.9038200000000001,1.25,2.32
04.08.2021 01:34:46.061,0.90393,0.9038200000000001,1.25,2.35
04.08.2021 01:34:56.896,0.90393,0.9038200000000001,1.25,2.32
04.08.2021 01:34:57.304,0.9039200000000002,0.9038200000000001,1.25,1.57
04.08.2021 01:35:41.669,0.90393,0.9038200000000001,1.69,1.1
04.08.2021 01:35:41.854,0.90393,0.9038200000000001,1.69,1.6
04.08.2021 01:35:46.979,0.90393,0.90384,1,1
04.08.2021 01:35:47.236,0.90394,0.90384,2.06,1
04.08.2021 01:36:21.556,0.90393,0.9038200000000001,1.69,2.32
04.08.2021 01:36:21.657,0.90393,0.9038200000000001,1.25,2.35
04.08.2021 01:36:21.759,0.90393,0.9038200000000001,1.25,2.32
04.08.2021 01:36:21.860,0.90393,0.9038200000000001,1.25,2.35
04.08.2021 01:36:26.547,0.90393,0.9038200000000001,1.25,3.07
04.08.2021 01:36:26.757,0.90394,0.9038100000000001,1.25,3.1
04.08.2021 01:36:27.096,0.9039200000000002,0.9038200000000001,1,1.95
04.08.2021 01:36:27.198,0.90393,0.90383,1.25,1
04.08.2021 01:36:29.385,0.90393,0.90383,1.94,1
04.08.2021 01:36:29.486,0.90393,0.90383,1.25,1
04.08.2021 01:36:30.626,0.90393,0.90383,1.94,1
04.08.2021 01:36:30.927,0.90393,0.90383,1.25,1
04.08.2021 01:36:55.867,0.9039200000000002,0.9038200000000001,1.25,1
04.08.2021 01:36:55.969,0.9039200000000002,0.9038200000000001,2.12,1
04.08.2021 01:36:56.070,0.9039100000000001,0.9038100000000001,1.75,1.57
04.08.2021 01:37:03.002,0.9039100000000001,0.9038100000000001,1.25,1.57
04.08.2021 01:37:03.104,0.9039100000000001,0.9038100000000001,1.25,1.6
04.08.2021 01:37:03.251,0.9039100000000001,0.9038100000000001,1.25,1.57
04.08.2021 01:37:04.844,0.9039100000000001,0.9038100000000001,1,1.1
04.08.2021 01:37:11.320,0.9039100000000001,0.9038100000000001,1.69,1.57
04.08.2021 01:37:30.245,0.9038700000000001,0.9037700000000001,1,1.6
04.08.2021 01:37:30.397,0.9038700000000001,0.9037700000000001,1.25,1.2
04.08.2021 01:37:34.907,0.9038600000000001,0.9037700000000001,1,1.2
04.08.2021 01:37:36.853,0.9038700000000001,0.9037700000000001,1.25,1.2
04.08.2021 01:37:57.088,0.9038700000000001,0.9037700000000001,1,1.22
04.08.2021 01:38:00.889,0.90388,0.9037700000000001,1.69,1.22
04.08.2021 01:38:07.025,0.90388,0.9037700000000001,1.69,1.1
04.08.2021 01:38:15.985,0.9038700000000001,0.9037700000000001,1,1.1
04.08.2021 01:38:30.150,0.9038600000000001,0.9037700000000001,1.25,1
04.08.2021 01:38:30.251,0.9038600000000001,0.90375,2.5,1.1
04.08.2021 01:38:30.454,0.9038700000000001,0.90374,2.44,1.1
04.08.2021 01:38:30.606,0.9038600000000001,0.9037700000000001,1,1
04.08.2021 01:38:31.829,0.9038700000000001,0.9037700000000001,1,1.2
04.08.2021 01:39:06.025,0.9038600000000001,0.9037600000000001,1.69,1.1
04.08.2021 01:39:06.127,0.9038600000000001,0.9037600000000001,2.5,1
04.08.2021 01:39:06.178,0.90384,0.90374,1,1.1
04.08.2021 01:39:21.970,0.90383,0.9037299999999999,1.25,1.2
04.08.2021 01:39:26.348,0.9038100000000001,0.9037200000000001,1,1.6
04.08.2021 01:39:26.450,0.9038100000000001,0.9037100000000001,1.75,1.1
04.08.2021 01:39:26.603,0.9038,0.9037000000000001,1.25,1.2
04.08.2021 01:39:29.254,0.90379,0.9037100000000001,1,1
04.08.2021 01:39:51.243,0.9038,0.9037100000000001,2.44,1
04.08.2021 01:39:58.521,0.9038,0.9037000000000001,1.25,1
04.08.2021 01:39:59.124,0.9038,0.9037100000000001,1.69,1
04.08.2021 01:39:59.276,0.9038,0.9037100000000001,2.5,1
04.08.2021 01:40:06.828,0.9038,0.9037100000000001,1.69,1
04.08.2021 01:40:23.037,0.9038100000000001,0.90369,1.69,1.1
04.08.2021 01:40:26.494,0.9038,0.9037000000000001,2.5,1.1
04.08.2021 01:40:26.595,0.9038,0.9037000000000001,1.69,1
04.08.2021 01:40:27.321,0.9038100000000001,0.90369,2.5,1
04.08.2021 01:40:27.424,0.9038,0.9037000000000001,1.69,1
04.08.2021 01:40:27.889,0.9038,0.9037000000000001,2.5,1
04.08.2021 01:40:28.827,0.9038,0.9037000000000001,1.69,1
04.08.2021 01:40:29.166,0.9038,0.9037000000000001,2.5,1
04.08.2021 01:40:30.472,0.9038,0.9037000000000001,1.69,1
04.08.2021 01:40:30.879,0.9038,0.9037000000000001,2.5,1
04.08.2021 01:40:32.385,0.9038,0.9037000000000001,1.69,1
04.08.2021 01:40:35.638,0.9038200000000001,0.9037200000000001,3.25,1
04.08.2021 01:40:35.740,0.90383,0.9037100000000001,2.44,1
04.08.2021 01:40:41.680,0.9038100000000001,0.9037100000000001,1.69,1
04.08.2021 01:40:41.782,0.9038,0.9037100000000001,1.25,1
04.08.2021 01:40:41.883,0.9038,0.9037000000000001,1.69,1.5
04.08.2021 01:40:42.253,0.9038,0.9037000000000001,1.69,1.6
04.08.2021 01:40:45.005,0.9038,0.9037000000000001,1.69,1.57
04.08.2021 01:40:47.953,0.9038,0.9037000000000001,1.69,1.6
04.08.2021 01:40:51.510,0.9038,0.9037000000000001,1.25,1.57
04.08.2021 01:40:51.611,0.9038,0.9037000000000001,1.25,1.6
04.08.2021 01:40:51.788,0.90379,0.9037000000000001,1.25,1.57
04.08.2021 01:40:55.671,0.9038,0.9037000000000001,2.44,1.6
04.08.2021 01:41:06.364,0.9038200000000001,0.9037000000000001,1.69,1.6
04.08.2021 01:41:06.522,0.9038200000000001,0.9037200000000001,2.44,1.1
04.08.2021 01:41:06.724,0.9038200000000001,0.9037299999999999,1.69,1.1
04.08.2021 01:41:07.359,0.90384,0.9037299999999999,1.69,1.1
04.08.2021 01:41:08.461,0.90385,0.9037299999999999,2.44,1.57
04.08.2021 01:41:08.563,0.90384,0.90375,1.69,1.1
04.08.2021 01:41:09.639,0.90384,0.9037600000000001,1.69,1
04.08.2021 01:41:16.761,0.9038700000000001,0.9037700000000001,1,1
04.08.2021 01:41:16.863,0.9038700000000001,0.9037799999999999,1.5,1
04.08.2021 01:41:31.024,0.90389,0.90379,1.5,1
04.08.2021 01:41:31.126,0.90389,0.9038100000000001,1.25,1
04.08.2021 01:41:31.632,0.90388,0.9038,1,1
04.08.2021 01:41:33.200,0.90389,0.90379,1.69,1.1
04.08.2021 01:41:38.946,0.90388,0.9037799999999999,1,1.57
04.08.2021 01:41:48.467,0.9039,0.90379,1.25,1.57
04.08.2021 01:41:48.569,0.9039,0.90379,1.69,1.97
04.08.2021 01:41:50.473,0.9039,0.90379,1.69,1.57
04.08.2021 01:41:50.577,0.9039,0.90379,1.69,1.6
04.08.2021 01:42:02.682,0.9039100000000001,0.9038,3.19,1.1
04.08.2021 01:42:02.784,0.9039100000000001,0.9038100000000001,1.25,1.57
04.08.2021 01:42:43.484,0.9039,0.9038100000000001,1.25,1
04.08.2021 01:42:43.636,0.9039,0.9038,1.69,1.1
04.08.2021 01:42:58.485,0.9039100000000001,0.9038100000000001,2.44,1
04.08.2021 01:42:58.586,0.9039100000000001,0.9038100000000001,2.5,1
04.08.2021 01:43:36.532,0.9039200000000002,0.9038,1.25,1.1
04.08.2021 01:43:52.263,0.9039100000000001,0.9038100000000001,1.75,1.57
04.08.2021 01:43:53.621,0.9039100000000001,0.9038100000000001,1.25,1.57
04.08.2021 01:43:57.117,0.9039100000000001,0.9038100000000001,1.75,1.57
04.08.2021 01:44:00.256,0.9039100000000001,0.9038100000000001,1.69,1.5
04.08.2021 01:44:00.357,0.9039100000000001,0.9038100000000001,1.75,1.5
04.08.2021 01:44:02.809,0.9039100000000001,0.9038100000000001,2.44,1
04.08.2021 01:44:05.052,0.9039,0.9038100000000001,1.25,1
04.08.2021 01:44:17.746,0.90388,0.9038,3,1.5
04.08.2021 01:44:17.797,0.9038700000000001,0.9037700000000001,1.69,1.57
04.08.2021 01:44:30.130,0.90388,0.9037799999999999,1.25,1
04.08.2021 01:44:50.667,0.90389,0.9038,1,1.1
04.08.2021 01:44:56.958,0.9039,0.9038100000000001,1.25,1.1
04.08.2021 01:44:57.060,0.9039200000000002,0.9038200000000001,1,1.1
04.08.2021 01:45:02.900,0.9039200000000002,0.90383,1,1
04.08.2021 01:45:02.952,0.90395,0.9038600000000001,2.5,1
04.08.2021 01:45:03.002,0.9039600000000001,0.9038600000000001,1.69,1
04.08.2021 01:45:03.104,0.9039700000000002,0.9038700000000001,1.31,1.1
04.08.2021 01:45:05.279,0.9039700000000002,0.9038600000000001,2.06,1
04.08.2021 01:45:05.661,0.90393,0.9038200000000001,1.25,2.05
04.08.2021 01:45:05.763,0.90393,0.9038200000000001,1.69,1.1
04.08.2021 01:45:05.865,0.9039100000000001,0.9038100000000001,1.25,1.1
04.08.2021 01:45:06.069,0.9039200000000002,0.9038200000000001,1.5,1
04.08.2021 01:45:06.828,0.9039100000000001,0.9038100000000001,2.06,1
04.08.2021 01:45:07.986,0.9039,0.9038100000000001,1,1
04.08.2021 01:45:08.372,0.9039,0.9038,1.69,1
04.08.2021 01:45:09.513,0.90389,0.9038,1,1
04.08.2021 01:45:09.615,0.90389,0.90379,1.69,1
04.08.2021 01:45:16.885,0.9038600000000001,0.90375,1.69,1.57
04.08.2021 01:45:17.316,0.9038600000000001,0.9037700000000001,2.06,1
04.08.2021 01:45:17.366,0.90389,0.90379,1.5,1
04.08.2021 01:45:24.921,0.90388,0.9037799999999999,3,1
04.08.2021 01:45:25.022,0.90388,0.9037700000000001,1.25,1
04.08.2021 01:45:25.124,0.90388,0.9037799999999999,1.69,1
04.08.2021 01:45:29.202,0.90385,0.90375,1,1.95
04.08.2021 01:45:35.694,0.90385,0.90375,2.5,1
04.08.2021 01:45:36.409,0.90384,0.9037299999999999,1.69,1.6
04.08.2021 01:45:40.837,0.90384,0.9037299999999999,1.69,1.57
04.08.2021 01:46:03.153,0.90384,0.9037299999999999,1.69,1.6
04.08.2021 01:46:07.441,0.90385,0.90375,1.69,1.1
04.08.2021 01:46:28.985,0.90385,0.9037799999999999,1.87,1
04.08.2021 01:46:29.086,0.9039100000000001,0.9038100000000001,2.44,1
04.08.2021 01:46:40.477,0.9039200000000002,0.9038200000000001,1.69,1.1
04.08.2021 01:46:40.583,0.90393,0.90383,1,1.1
04.08.2021 01:46:40.833,0.90393,0.90383,1.69,1.1
04.08.2021 01:46:50.260,0.9039200000000002,0.9038200000000001,1.25,1.1
04.08.2021 01:47:28.486,0.9039100000000001,0.9038100000000001,1.5,1.1
04.08.2021 01:47:51.822,0.9039,0.9038,1,1.1
04.08.2021 01:47:51.968,0.9038600000000001,0.9037600000000001,1.75,1.6
04.08.2021 01:47:52.019,0.90384,0.90374,1,1.1
04.08.2021 01:48:08.349,0.9038600000000001,0.9037700000000001,1,1.57
04.08.2021 01:48:08.450,0.9038700000000001,0.9037700000000001,1,3.07
04.08.2021 01:48:08.589,0.9038700000000001,0.9037700000000001,1,3.1
04.08.2021 01:48:12.803,0.90388,0.9037799999999999,1.69,1.1
04.08.2021 01:48:13.009,0.9038700000000001,0.9037700000000001,1.69,1.1
04.08.2021 01:48:13.111,0.90388,0.9037799999999999,1.69,1.1
04.08.2021 01:48:13.267,0.90388,0.9037799999999999,1.69,1.1
04.08.2021 01:48:13.576,0.90388,0.9037799999999999,1.69,1.1
04.08.2021 01:48:14.017,0.90388,0.9037600000000001,2.06,1.35
04.08.2021 01:48:14.417,0.9038700000000001,0.90375,1.25,2.54
04.08.2021 01:48:14.821,0.90388,0.90374,1.25,2.54
04.08.2021 01:48:14.928,0.9038700000000001,0.90375,1.25,1.79
04.08.2021 01:48:16.055,0.9038700000000001,0.90375,1.31,2.91
04.08.2021 01:48:16.199,0.90388,0.90375,1.31,2.91
04.08.2021 01:48:17.798,0.90389,0.9037700000000001,1.31,1.97
04.08.2021 01:48:18.152,0.90388,0.9037600000000001,1,3.79
04.08.2021 01:48:26.341,0.90389,0.90379,1,1.22
04.08.2021 01:48:26.644,0.90389,0.90379,1.25,1.1
04.08.2021 01:48:28.664,0.90389,0.90379,1.69,1.1
04.08.2021 01:48:36.265,0.90389,0.90379,1.69,1.1
04.08.2021 01:48:36.467,0.90388,0.90379,1,1
04.08.2021 01:48:42.480,0.90388,0.9037799999999999,2.06,1.1
04.08.2021 01:48:45.391,0.90388,0.9037799999999999,1.5,1.1
04.08.2021 01:48:47.404,0.90389,0.9037700000000001,1.5,1.1
04.08.2021 01:48:47.852,0.90388,0.9037799999999999,1.5,1.1
04.08.2021 01:48:50.134,0.90388,0.9037799999999999,1.5,1.1
04.08.2021 01:49:15.390,0.9038700000000001,0.9037600000000001,1.25,1
04.08.2021 01:49:15.492,0.90385,0.9037600000000001,1,1.1
04.08.2021 01:49:16.923,0.90385,0.90375,2.44,1.1
04.08.2021 01:49:27.765,0.90384,0.90375,1.25,1
04.08.2021 01:49:28.067,0.90384,0.90374,2.44,1.1
04.08.2021 01:49:54.906,0.90383,0.90374,1,1.2
04.08.2021 01:49:55.007,0.9038200000000001,0.9037200000000001,1.25,1.72
04.08.2021 01:49:55.363,0.90384,0.9037200000000001,1.69,1.6
04.08.2021 01:50:14.358,0.90384,0.90374,1.25,1.2
04.08.2021 01:51:45.102,0.90385,0.9037299999999999,2.5,1.6
04.08.2021 01:52:00.231,0.90383,0.9037200000000001,1.25,1.6
04.08.2021 01:52:28.655,0.9038200000000001,0.9037200000000001,1,1.6
04.08.2021 01:52:34.239,0.90383,0.9037100000000001,1,1.6
04.08.2021 01:52:40.202,0.90383,0.9037100000000001,1,1.6
04.08.2021 01:52:40.354,0.9038200000000001,0.9037200000000001,1,1.6
04.08.2021 01:52:53.244,0.9037700000000001,0.90369,1,1.1
04.08.2021 01:52:53.346,0.9037700000000001,0.9036700000000001,1.5,1.6
04.08.2021 01:52:53.447,0.9037600000000001,0.9036700000000001,1,1.1
04.08.2021 01:52:55.886,0.9037600000000001,0.9036600000000001,2.44,1.1
04.08.2021 01:52:58.260,0.90375,0.9036600000000001,1.25,1.1
04.08.2021 01:52:58.362,0.90375,0.9036500000000001,2.44,1.2
04.08.2021 01:52:58.463,0.90375,0.9036500000000001,2.44,1.22
04.08.2021 01:53:00.181,0.9037600000000001,0.90364,1.5,1.2
04.08.2021 01:53:07.292,0.90375,0.9036500000000001,1.69,1.6
04.08.2021 01:53:08.092,0.90375,0.9036500000000001,1.5,1.1
04.08.2021 01:53:20.429,0.9037700000000001,0.9036299999999999,1,2.91
04.08.2021 01:53:22.584,0.9037600000000001,0.90364,1.75,2.72
04.08.2021 01:53:29.447,0.90375,0.9036500000000001,1.25,1.1
04.08.2021 01:53:36.259,0.90375,0.9036500000000001,1.25,1.1
04.08.2021 01:53:38.282,0.9037200000000001,0.90364,1.25,1.1
04.08.2021 01:53:38.433,0.9037299999999999,0.9036299999999999,1.75,1.2
04.08.2021 01:53:38.838,0.90374,0.9036200000000001,1,1.22
04.08.2021 01:53:40.780,0.90374,0.90364,1.69,1.22
04.08.2021 01:53:41.049,0.90374,0.90364,1.69,1.2
04.08.2021 01:53:41.251,0.90374,0.90364,1.69,1.22
04.08.2021 01:53:41.829,0.90374,0.90364,1.69,1.2
04.08.2021 01:53:58.844,0.90374,0.90364,1,1.41
04.08.2021 01:53:58.945,0.90375,0.9036500000000001,1.5,1.2
04.08.2021 01:54:28.441,0.90375,0.9036500000000001,2.5,1.12
04.08.2021 01:54:36.196,0.90375,0.9036600000000001,1,1
04.08.2021 01:54:37.878,0.9037600000000001,0.9036600000000001,1.5,1.1
04.08.2021 01:54:47.665,0.9037600000000001,0.9036600000000001,1,1.1
04.08.2021 01:54:52.080,0.9037600000000001,0.9036600000000001,1,1.1
04.08.2021 01:54:52.181,0.9037600000000001,0.9036600000000001,1,1.1
04.08.2021 01:54:55.335,0.9037600000000001,0.9036600000000001,1.25,1.1
04.08.2021 01:54:55.438,0.9037600000000001,0.9036600000000001,1.25,1.1
04.08.2021 01:54:58.228,0.9037700000000001,0.9036500000000001,1.25,1.41
04.08.2021 01:54:59.383,0.9037700000000001,0.9036500000000001,1.25,1.41
04.08.2021 01:54:59.839,0.9037700000000001,0.9036500000000001,1.25,1.41
04.08.2021 01:55:00.397,0.9037700000000001,0.9036500000000001,1.75,1.22
04.08.2021 01:55:01.579,0.9037799999999999,0.90364,1.25,1.41
04.08.2021 01:55:02.041,0.9037700000000001,0.9036500000000001,1.75,1.22
04.08.2021 01:55:03.291,0.9037799999999999,0.90364,1.25,1.41
04.08.2021 01:55:03.578,0.9037700000000001,0.9036500000000001,1.75,1.22
04.08.2021 01:55:07.373,0.9037700000000001,0.9036500000000001,1.25,1.41
04.08.2021 01:55:10.318,0.9037700000000001,0.9036500000000001,1.75,1.22
04.08.2021 01:55:10.470,0.9037700000000001,0.9036500000000001,1.25,1.41
04.08.2021 01:55:11.168,0.9037700000000001,0.9036500000000001,1.75,1.22
04.08.2021 01:55:11.626,0.9037700000000001,0.9036500000000001,1.25,1.41
04.08.2021 01:55:11.828,0.9037700000000001,0.9036500000000001,1.75,1.22
04.08.2021 01:55:12.583,0.9037700000000001,0.9036500000000001,1.25,1.41
04.08.2021 01:55:13.088,0.9037700000000001,0.9036500000000001,1.75,1.22
04.08.2021 01:55:18.869,0.90375,0.9036500000000001,1.25,1.22
04.08.2021 01:55:23.673,0.90375,0.9036500000000001,1.25,1.2
04.08.2021 01:55:31.904,0.9037799999999999,0.90369,1,1.87
04.08.2021 01:55:36.168,0.9038,0.90369,1.69,3.45
04.08.2021 01:55:36.458,0.90379,0.90369,1.25,3.45
04.08.2021 01:55:38.132,0.9038,0.90369,1.69,3.45
04.08.2021 01:55:38.450,0.90379,0.90369,1.25,1.2
04.08.2021 01:55:38.501,0.9037700000000001,0.9036700000000001,1.25,1.2
04.08.2021 01:55:38.602,0.9037600000000001,0.9036600000000001,1,2.07
04.08.2021 01:55:38.703,0.9037600000000001,0.9036600000000001,1.69,1.1
04.08.2021 01:55:38.819,0.90375,0.9036500000000001,1,1.97
04.08.2021 01:55:40.037,0.90375,0.9036500000000001,1,1.95
04.08.2021 01:55:50.000,0.9037600000000001,0.9036600000000001,1.69,1
04.08.2021 01:56:02.265,0.9037600000000001,0.90364,1,1.2
04.08.2021 01:56:09.946,0.9037600000000001,0.9036600000000001,2.44,1
04.08.2021 01:56:12.556,0.9037600000000001,0.90364,1,1.2
04.08.2021 01:56:13.764,0.90374,0.9036500000000001,1.25,1.12
04.08.2021 01:56:15.350,0.90375,0.9036500000000001,1.69,1.2
04.08.2021 01:56:15.451,0.90375,0.9036500000000001,1,1.6
04.08.2021 01:56:15.553,0.9037600000000001,0.9036600000000001,1.5,1.2
04.08.2021 01:56:15.654,0.9037700000000001,0.9036700000000001,1.25,1
04.08.2021 01:56:16.432,0.9037700000000001,0.9036700000000001,1.75,1
04.08.2021 01:56:16.597,0.9037700000000001,0.9036700000000001,1.25,1
04.08.2021 01:56:27.860,0.9037799999999999,0.9036600000000001,1.75,1
04.08.2021 01:56:28.071,0.9037700000000001,0.9036700000000001,1.25,1.2
04.08.2021 01:56:34.740,0.9037700000000001,0.9036700000000001,1.75,1
04.08.2021 01:56:34.845,0.90375,0.9036500000000001,1.25,1.6
04.08.2021 01:56:35.217,0.9037600000000001,0.9036600000000001,1.69,1.2
04.08.2021 01:56:35.775,0.90375,0.9036500000000001,1.25,1.6
04.08.2021 01:56:36.551,0.9037600000000001,0.90364,1.25,1.2
04.08.2021 01:56:41.380,0.9037600000000001,0.9036600000000001,1.69,1.1
04.08.2021 01:56:50.283,0.90375,0.9036500000000001,1.25,1.2
04.08.2021 01:56:53.382,0.90375,0.9036500000000001,2.5,1.12
04.08.2021 01:56:53.610,0.90375,0.9036500000000001,1.25,1.2
04.08.2021 01:56:53.934,0.90375,0.9036500000000001,1,1.6
04.08.2021 01:56:54.035,0.9037600000000001,0.9036600000000001,1.69,1.2
04.08.2021 01:57:26.353,0.90375,0.9036500000000001,1.25,1.12
04.08.2021 01:57:34.962,0.90374,0.9036500000000001,1.25,1.12
04.08.2021 01:57:41.963,0.90374,0.90364,1.69,1.12
04.08.2021 01:57:42.064,0.9037299999999999,0.9036200000000001,2.5,1.6
04.08.2021 01:57:42.166,0.9037299999999999,0.9036200000000001,2.69,1.2
04.08.2021 01:57:42.267,0.9037100000000001,0.90361,1,1.6
04.08.2021 01:57:44.039,0.9037200000000001,0.9036200000000001,1.25,1.12
04.08.2021 01:57:51.803,0.9037299999999999,0.90361,1,1.72
04.08.2021 01:57:52.056,0.9037200000000001,0.9036299999999999,1,1.1
04.08.2021 01:57:52.414,0.9037200000000001,0.9036299999999999,1,1.1
04.08.2021 01:57:52.517,0.90374,0.9036299999999999,1.5,1.7
04.08.2021 01:57:53.839,0.90374,0.9036299999999999,1.5,1.2
04.08.2021 01:57:53.953,0.90374,0.9036299999999999,1.5,1.6
04.08.2021 01:57:55.075,0.90374,0.9036299999999999,1.5,1.95
04.08.2021 01:57:56.675,0.90374,0.9036299999999999,1.5,1.6
04.08.2021 01:57:56.780,0.90374,0.9036299999999999,1.5,1.2
04.08.2021 01:57:58.193,0.90374,0.9036299999999999,1.5,1.6
04.08.2021 01:57:58.295,0.90374,0.9036299999999999,1.5,1.2
04.08.2021 01:57:58.397,0.9037100000000001,0.90361,1,1.2
04.08.2021 01:57:58.739,0.9037000000000001,0.90361,1.31,1
04.08.2021 01:57:58.840,0.9037000000000001,0.9036000000000001,1.69,1
04.08.2021 01:57:59.045,0.9037000000000001,0.9036000000000001,2.5,1
04.08.2021 01:58:00.704,0.90369,0.9035700000000001,1.25,1.2
04.08.2021 01:58:00.940,0.9036700000000001,0.9035700000000001,1,1.6
04.08.2021 01:58:01.142,0.9036700000000001,0.9035700000000001,1,1.1
04.08.2021 01:58:03.612,0.9036700000000001,0.9035700000000001,2.57,1
04.08.2021 01:58:05.232,0.9036700000000001,0.9035700000000001,1.25,1.1
04.08.2021 01:58:05.512,0.9036799999999999,0.9035799999999999,1.69,1.2
04.08.2021 01:58:05.823,0.90369,0.9035700000000001,2.57,1
04.08.2021 01:58:06.429,0.9036799999999999,0.9035799999999999,2.51,1
04.08.2021 01:58:14.358,0.9036700000000001,0.9035700000000001,1,1.2
04.08.2021 01:58:18.826,0.9036700000000001,0.9035700000000001,1,1.97
04.08.2021 01:58:23.227,0.9036600000000001,0.90356,1,2.1
04.08.2021 01:58:23.429,0.9036799999999999,0.9035700000000001,1.69,1.1
04.08.2021 01:58:23.531,0.9036799999999999,0.9035700000000001,2.69,1.1
04.08.2021 01:58:25.874,0.9036799999999999,0.9035700000000001,1.69,1.1
04.08.2021 01:58:26.777,0.9036799999999999,0.9035700000000001,2.69,1.1
04.08.2021 01:58:26.878,0.9036799999999999,0.9035700000000001,1.69,1.95
04.08.2021 01:58:27.261,0.9036799999999999,0.9035700000000001,2.69,1.95
04.08.2021 01:58:28.146,0.9036799999999999,0.9035700000000001,1.69,1.95
04.08.2021 01:58:33.033,0.9036799999999999,0.9035799999999999,1,1.2
04.08.2021 01:58:33.084,0.9037000000000001,0.90361,1.25,1.5
04.08.2021 01:58:33.236,0.9037100000000001,0.90361,1.75,2.35
04.08.2021 01:58:33.719,0.9037299999999999,0.9036200000000001,1.75,1.95
04.08.2021 01:58:33.770,0.9037299999999999,0.9036200000000001,1.75,3.22
04.08.2021 01:58:34.486,0.9037299999999999,0.9036200000000001,1.75,1.95
04.08.2021 01:58:35.276,0.9037299999999999,0.9036200000000001,1.75,2.72
04.08.2021 01:58:38.056,0.9037299999999999,0.9036200000000001,1.75,1.1
04.08.2021 01:58:38.422,0.9037299999999999,0.9036200000000001,1.75,1.97
04.08.2021 01:58:39.169,0.9037299999999999,0.9036200000000001,1.25,1.97
04.08.2021 01:58:40.681,0.90374,0.9036299999999999,1.25,1.57
04.08.2021 01:58:40.883,0.90374,0.9036299999999999,1.25,1.6
04.08.2021 01:58:41.035,0.90374,0.9036299999999999,1.25,1.57
04.08.2021 01:58:41.237,0.90374,0.9036299999999999,1.25,1.6
04.08.2021 01:58:41.339,0.90374,0.9036299999999999,1.25,1.57
04.08.2021 01:58:41.538,0.90374,0.9036299999999999,1.25,1.6
04.08.2021 01:58:41.639,0.90374,0.9036299999999999,1.25,1.57
04.08.2021 01:58:41.741,0.90374,0.9036299999999999,1.25,1.6
04.08.2021 01:58:41.943,0.9037299999999999,0.9036500000000001,1,1
04.08.2021 01:58:44.800,0.9037299999999999,0.90364,1,1
04.08.2021 01:58:44.901,0.90374,0.9036500000000001,1.69,1
04.08.2021 01:58:50.575,0.9037200000000001,0.9036299999999999,1.5,1
04.08.2021 01:58:52.142,0.9037200000000001,0.90364,1,1
04.08.2021 01:58:53.156,0.9037299999999999,0.90364,1.5,1
04.08.2021 01:58:56.572,0.9037299999999999,0.9036500000000001,1,1
04.08.2021 01:59:00.017,0.90374,0.9036500000000001,1,1
04.08.2021 01:59:32.957,0.90374,0.90364,2.44,1.57
04.08.2021 01:59:33.059,0.9037299999999999,0.90364,1.25,1
04.08.2021 01:59:33.161,0.9037299999999999,0.90364,1.75,1
04.08.2021 01:59:33.263,0.9037299999999999,0.90364,1,1
04.08.2021 01:59:33.549,0.9037299999999999,0.90364,1.75,1
04.08.2021 01:59:33.789,0.9037299999999999,0.90364,1.25,1
04.08.2021 01:59:36.379,0.9037299999999999,0.90364,1.75,1
04.08.2021 01:59:48.529,0.9037299999999999,0.9036500000000001,1,1
04.08.2021 01:59:49.140,0.90374,0.9036600000000001,1,1
04.08.2021 01:59:49.360,0.90375,0.9036600000000001,2.44,1
04.08.2021 02:00:00.866,0.9037299999999999,0.9036299999999999,1.75,1.57
04.08.2021 02:00:00.967,0.90369,0.90359,2.44,1.1
04.08.2021 02:00:01.220,0.9036799999999999,0.9035799999999999,1,1.5
04.08.2021 02:00:20.101,0.9036700000000001,0.9035799999999999,1.25,1
04.08.2021 02:00:20.203,0.9036700000000001,0.90356,1.69,1.6
04.08.2021 02:00:21.696,0.9036700000000001,0.90356,1.69,1.1
04.08.2021 02:00:21.798,0.9036700000000001,0.90356,1.69,1.1
04.08.2021 02:00:21.899,0.9036700000000001,0.90356,1.69,1.1
04.08.2021 02:00:22.546,0.9036700000000001,0.90356,1.25,1.1
04.08.2021 02:00:22.700,0.9036700000000001,0.90356,1.25,1.1
04.08.2021 02:00:22.802,0.9036700000000001,0.90356,1.25,1.1
04.08.2021 02:00:22.953,0.9036700000000001,0.90356,1.25,1.1
04.08.2021 02:00:23.054,0.9036700000000001,0.90356,1.25,1.1
04.08.2021 02:00:23.156,0.9036700000000001,0.90356,1.25,1.1
04.08.2021 02:00:23.881,0.9036700000000001,0.90356,1.25,1.1
04.08.2021 02:00:25.335,0.9036600000000001,0.9035500000000001,1.69,1.1
04.08.2021 02:00:25.436,0.90364,0.90354,1,1.1
04.08.2021 02:00:31.685,0.9036299999999999,0.9035299999999999,1.25,1.6
04.08.2021 02:00:31.828,0.9036299999999999,0.9035299999999999,1.25,1.57
04.08.2021 02:00:32.031,0.90364,0.9035200000000001,1.76,1.57
04.08.2021 02:00:35.356,0.9036299999999999,0.90351,1,2.32
04.08.2021 02:00:35.576,0.9036200000000001,0.9035200000000001,1,2.35
04.08.2021 02:00:40.804,0.9036000000000001,0.9035200000000001,1,1
04.08.2021 02:00:40.906,0.9036000000000001,0.90351,1,1
04.08.2021 02:01:01.838,0.9036000000000001,0.9035000000000001,1.69,1
04.08.2021 02:01:02.292,0.90359,0.90348,1.69,1.57
04.08.2021 02:01:02.393,0.90359,0.90348,1.75,1.57
04.08.2021 02:01:02.495,0.90359,0.90348,1.69,1.57
04.08.2021 02:01:05.735,0.90359,0.90349,1.69,1
04.08.2021 02:01:13.309,0.9036000000000001,0.9035000000000001,2.44,1
04.08.2021 02:01:25.570,0.90361,0.90351,3.19,1
04.08.2021 02:01:25.620,0.9036600000000001,0.90356,2.81,1.5
04.08.2021 02:01:25.671,0.9036700000000001,0.9035500000000001,2.06,1.5
04.08.2021 02:01:25.773,0.9036700000000001,0.9035700000000001,2.5,1.1
04.08.2021 02:01:25.874,0.9036700000000001,0.9035700000000001,1.69,1.57
04.08.2021 02:01:32.778,0.9036700000000001,0.9035700000000001,2.5,1.5
04.08.2021 02:01:38.602,0.9036700000000001,0.9035500000000001,1.25,1
04.08.2021 02:01:38.703,0.9036600000000001,0.90356,1.75,1
04.08.2021 02:01:38.805,0.9036500000000001,0.9035500000000001,1.75,1
04.08.2021 02:01:43.193,0.90364,0.90354,1.25,2.32
04.08.2021 02:01:47.266,0.9036299999999999,0.90354,1,1
04.08.2021 02:01:47.372,0.90364,0.90354,1.69,1
04.08.2021 02:01:48.570,0.9036299999999999,0.90354,1,1
04.08.2021 02:01:51.638,0.9036299999999999,0.90354,1.25,1
04.08.2021 02:01:51.893,0.9036299999999999,0.90354,1.25,1
04.08.2021 02:01:52.279,0.90361,0.90351,1.57,1.5
04.08.2021 02:01:52.381,0.90361,0.90351,2.54,1
04.08.2021 02:01:52.979,0.90361,0.90351,2.51,1
04.08.2021 02:02:10.033,0.9036000000000001,0.90351,1,1
04.08.2021 02:02:21.746,0.90361,0.9035000000000001,1.75,1
04.08.2021 02:02:21.848,0.9036000000000001,0.90351,1.25,1
04.08.2021 02:02:50.355,0.9036200000000001,0.90354,2.12,1
04.08.2021 02:02:50.406,0.90364,0.9035500000000001,1.25,1
04.08.2021 02:02:50.507,0.9036600000000001,0.9035500000000001,1,1
04.08.2021 02:02:50.609,0.9036600000000001,0.90356,1.69,1.1
04.08.2021 02:02:50.711,0.9036600000000001,0.9035700000000001,1.25,1.5
04.08.2021 02:02:50.914,0.9036700000000001,0.9035700000000001,1.69,1.57
04.08.2021 02:02:54.699,0.9036799999999999,0.90359,1,1
04.08.2021 02:02:54.801,0.90369,0.90359,1.69,1
04.08.2021 02:02:55.160,0.90369,0.90359,2.5,1
04.08.2021 02:02:55.999,0.90369,0.90359,1.69,1
04.08.2021 02:02:59.212,0.90369,0.90359,3.25,1
04.08.2021 02:03:01.451,0.90369,0.90359,2.44,1
04.08.2021 02:03:05.965,0.90369,0.90359,2.76,1
04.08.2021 02:03:06.066,0.9036799999999999,0.9035799999999999,1.25,2.25
04.08.2021 02:03:24.882,0.9036700000000001,0.9035700000000001,1.25,1
04.08.2021 02:03:33.899,0.9036799999999999,0.9035799999999999,1.69,1
04.08.2021 02:03:36.286,0.9036799999999999,0.9035799999999999,1.75,1
04.08.2021 02:03:36.468,0.9036799999999999,0.9035799999999999,1.69,1
04.08.2021 02:03:36.569,0.90369,0.9035700000000001,1.75,1
04.08.2021 02:03:36.670,0.9036799999999999,0.9035799999999999,1.69,1
04.08.2021 02:03:38.362,0.90369,0.9035700000000001,1.75,1
04.08.2021 02:03:45.560,0.9036600000000001,0.90356,1,2.7
04.08.2021 02:03:57.460,0.9036200000000001,0.9035299999999999,1.12,1
04.08.2021 02:03:57.562,0.9036200000000001,0.9035200000000001,1.87,1
04.08.2021 02:03:57.663,0.90361,0.9035200000000001,1,1
04.08.2021 02:03:57.764,0.90361,0.90351,1.69,1
04.08.2021 02:04:06.483,0.90361,0.90349,1,1
04.08.2021 02:04:19.888,0.90361,0.90351,1.69,1
04.08.2021 02:04:25.548,0.90361,0.9035299999999999,1.25,2.16
04.08.2021 02:04:25.600,0.90364,0.9035500000000001,1.25,1
04.08.2021 02:04:25.651,0.9036500000000001,0.90356,1.25,1
04.08.2021 02:04:25.854,0.9036600000000001,0.90356,1.69,1.5
04.08.2021 02:04:26.210,0.9036600000000001,0.90356,1.75,1
04.08.2021 02:04:27.679,0.9036600000000001,0.90356,1,1.1
04.08.2021 02:04:31.468,0.9036700000000001,0.9035700000000001,1.69,1
04.08.2021 02:04:48.530,0.9036799999999999,0.9035799999999999,1.69,1
04.08.2021 02:04:54.535,0.9036799999999999,0.9035799999999999,1.75,1
04.08.2021 02:04:54.687,0.9036799999999999,0.9035799999999999,1.69,1
04.08.2021 02:05:53.124,0.9037000000000001,0.9035700000000001,1.5,1.2
04.08.2021 02:05:53.225,0.90369,0.9035799999999999,1.5,1.22
04.08.2021 02:05:53.515,0.90369,0.9035799999999999,1.5,1.2
04.08.2021 02:05:58.159,0.9037000000000001,0.90359,2.44,1
04.08.2021 02:05:58.275,0.9037000000000001,0.90359,2.5,1
04.08.2021 02:06:09.298,0.9036799999999999,0.9035799999999999,1.25,1
04.08.2021 02:06:34.097,0.9036799999999999,0.90359,1,1
04.08.2021 02:06:34.286,0.90369,0.90359,1.5,1.5
04.08.2021 02:06:34.437,0.90369,0.90361,1.5,1
04.08.2021 02:06:43.947,0.90369,0.90359,1.25,1.5
04.08.2021 02:06:49.763,0.90369,0.90359,3.25,1
04.08.2021 02:06:49.915,0.9036799999999999,0.9035799999999999,1.69,1.5
04.08.2021 02:07:05.068,0.9036799999999999,0.90359,1,1
04.08.2021 02:07:07.412,0.90369,0.9036000000000001,1.5,1
04.08.2021 02:07:07.666,0.9037000000000001,0.9036000000000001,1.5,1.57
04.08.2021 02:07:08.375,0.9037200000000001,0.9036299999999999,1,1.1
04.08.2021 02:07:08.476,0.90374,0.9036500000000001,1,1
04.08.2021 02:07:08.628,0.90375,0.9036500000000001,2.44,1.57
04.08.2021 02:07:17.924,0.90374,0.9036500000000001,1.25,1
04.08.2021 02:07:18.351,0.90375,0.9036500000000001,2.81,1.5
04.08.2021 02:07:18.452,0.90375,0.9036500000000001,3.25,1.5
04.08.2021 02:07:21.579,0.90375,0.9036500000000001,2.44,1.5
04.08.2021 02:07:21.681,0.90375,0.9036500000000001,3.25,1
04.08.2021 02:07:31.133,0.90375,0.9036500000000001,2.44,1.57
04.08.2021 02:07:31.235,0.90375,0.9036500000000001,3.25,1.5
04.08.2021 02:07:31.601,0.9037600000000001,0.90364,2.44,1.57
04.08.2021 02:07:46.507,0.90375,0.9036600000000001,1.25,1
04.08.2021 02:07:57.779,0.90375,0.9036600000000001,1.25,1.5
04.08.2021 02:07:57.930,0.9037600000000001,0.9036600000000001,3.25,1.5
04.08.2021 02:08:16.242,0.9037299999999999,0.90364,1,1.5
04.08.2021 02:08:16.394,0.9037299999999999,0.9036299999999999,1.5,1.57
04.08.2021 02:08:16.696,0.9037299999999999,0.90364,1,1
04.08.2021 02:08:17.978,0.9037200000000001,0.9036299999999999,1.69,1
04.08.2021 02:08:18.079,0.9037200000000001,0.9036200000000001,2.81,1
04.08.2021 02:08:18.272,0.9037100000000001,0.9036200000000001,1,1
04.08.2021 02:08:19.263,0.90374,0.9036200000000001,1.5,1.6
04.08.2021 02:08:19.365,0.90374,0.9036500000000001,1.5,1
04.08.2021 02:08:26.531,0.90374,0.90364,1,1
04.08.2021 02:08:37.878,0.90374,0.9036500000000001,1,1.1
04.08.2021 02:08:38.627,0.90374,0.9036500000000001,1,1.1
04.08.2021 02:08:38.830,0.90375,0.90364,1,1.1
04.08.2021 02:08:38.947,0.90375,0.90364,1,1.1
04.08.2021 02:08:39.048,0.90374,0.9036500000000001,1,1.1
04.08.2021 02:08:39.287,0.90374,0.9036500000000001,1,1.1
04.08.2021 02:08:45.044,0.90374,0.9036500000000001,1,1.1
04.08.2021 02:08:45.151,0.90374,0.9036500000000001,1,1.1
04.08.2021 02:08:46.206,0.90374,0.9036500000000001,1,1.1
04.08.2021 02:08:46.357,0.9037600000000001,0.9036700000000001,1.5,1.1
04.08.2021 02:08:46.661,0.9037600000000001,0.9036600000000001,2.25,1.57
04.08.2021 02:08:46.762,0.90375,0.9036600000000001,1.25,1.1
04.08.2021 02:09:01.333,0.9037200000000001,0.90364,1.69,1
04.08.2021 02:09:01.434,0.9037200000000001,0.9036299999999999,1.69,1
04.08.2021 02:09:01.535,0.9037200000000001,0.9036200000000001,2.44,1.57
04.08.2021 02:09:02.325,0.9037100000000001,0.90361,1,2.32
04.08.2021 02:09:02.426,0.9037100000000001,0.90361,1,2.35
04.08.2021 02:09:02.931,0.9037299999999999,0.9036299999999999,1,2.35
04.08.2021 02:09:03.032,0.9037299999999999,0.9036299999999999,1,2.35
04.08.2021 02:09:03.133,0.9037299999999999,0.90364,1,1.1
04.08.2021 02:09:03.341,0.9037299999999999,0.90364,1,1.6
04.08.2021 02:09:03.745,0.9037299999999999,0.90364,1,1.57
04.08.2021 02:09:03.907,0.9037200000000001,0.9036200000000001,3.75,1.57
04.08.2021 02:09:04.008,0.9037100000000001,0.9036200000000001,1,1.1
04.08.2021 02:09:05.349,0.9037000000000001,0.9036200000000001,1,1
04.08.2021 02:09:05.474,0.9037000000000001,0.90361,1.5,1.1
04.08.2021 02:09:06.701,0.9037000000000001,0.90361,1,1.35
04.08.2021 02:09:06.803,0.9037100000000001,0.9036299999999999,1,1
04.08.2021 02:09:09.225,0.9037200000000001,0.90364,1,1.6
04.08.2021 02:09:09.276,0.90374,0.90364,1,2.35
04.08.2021 02:09:09.377,0.90375,0.9036500000000001,1.25,1.6
04.08.2021 02:09:09.680,0.9037600000000001,0.90364,1.69,1.57
04.08.2021 02:09:09.790,0.90375,0.9036500000000001,1.69,1.6
04.08.2021 02:09:10.249,0.90375,0.9036500000000001,1.69,1.57
04.08.2021 02:09:14.139,0.9037600000000001,0.90364,1.69,1.6
04.08.2021 02:09:14.241,0.90375,0.9036500000000001,1.69,1.57
04.08.2021 02:09:14.342,0.90375,0.9036500000000001,1.69,1.6
04.08.2021 02:09:14.733,0.90375,0.9036500000000001,1,2.35
04.08.2021 02:09:14.834,0.9037600000000001,0.9036600000000001,1.5,1.1
04.08.2021 02:09:23.765,0.9037600000000001,0.9036600000000001,1,1.1
04.08.2021 02:09:23.866,0.9037700000000001,0.9036600000000001,2.44,1.6
04.08.2021 02:09:23.967,0.9037600000000001,0.9036600000000001,1.25,1.1
04.08.2021 02:09:25.677,0.9037700000000001,0.9036500000000001,1.25,1.1
04.08.2021 02:09:25.785,0.9037600000000001,0.9036600000000001,1.25,1.1
04.08.2021 02:09:26.003,0.9037600000000001,0.9036600000000001,1.25,1.1
04.08.2021 02:09:26.104,0.9037600000000001,0.9036600000000001,1.25,1.1
04.08.2021 02:09:26.641,0.9037600000000001,0.9036600000000001,1.25,1.6
04.08.2021 02:09:26.895,0.9037600000000001,0.9036600000000001,1.69,1.1
04.08.2021 02:09:26.996,0.9037600000000001,0.9036600000000001,1.69,1.1
04.08.2021 02:09:27.098,0.9037600000000001,0.9036600000000001,1.69,1.1
04.08.2021 02:09:27.199,0.9037600000000001,0.9036600000000001,1.69,1.1
04.08.2021 02:09:27.350,0.9037600000000001,0.9036600000000001,1.69,1.1
04.08.2021 02:09:27.957,0.9037600000000001,0.9036600000000001,1.69,1.1
04.08.2021 02:09:28.072,0.9037600000000001,0.9036600000000001,1.69,1.1
04.08.2021 02:09:29.723,0.9037600000000001,0.9036600000000001,1.69,1.1
04.08.2021 02:09:30.031,0.9037700000000001,0.9036500000000001,1.69,1.1
04.08.2021 02:09:30.973,0.9037600000000001,0.9036600000000001,1.69,1.1
04.08.2021 02:09:31.175,0.9037600000000001,0.9036600000000001,1.69,1.1
04.08.2021 02:09:31.376,0.9037600000000001,0.9036600000000001,1.69,1.1
04.08.2021 02:09:32.523,0.9037700000000001,0.9036500000000001,1.69,1.1
04.08.2021 02:09:32.675,0.9037600000000001,0.9036600000000001,1.69,1.1
04.08.2021 02:09:32.776,0.9037600000000001,0.9036600000000001,1.69,1.1
04.08.2021 02:09:32.900,0.9037600000000001,0.9036600000000001,1.69,1.1
04.08.2021 02:09:33.175,0.9037600000000001,0.9036600000000001,1.69,1.1
04.08.2021 02:09:34.199,0.90375,0.9036500000000001,1,1.57
04.08.2021 02:09:34.300,0.90375,0.9036500000000001,1,1.6
04.08.2021 02:09:38.302,0.90375,0.9036600000000001,1,1.1
04.08.2021 02:09:38.811,0.9037600000000001,0.9036600000000001,1.69,1.6
04.08.2021 02:09:44.701,0.9037600000000001,0.9036600000000001,1.69,1.57
04.08.2021 02:09:45.034,0.9037600000000001,0.9036600000000001,1.69,1.6
04.08.2021 02:09:52.200,0.9037799999999999,0.9036799999999999,2.44,1.1
04.08.2021 02:09:57.259,0.9038200000000001,0.9037200000000001,2.44,1.1
04.08.2021 02:09:57.362,0.9038200000000001,0.9037200000000001,1.69,1.1
04.08.2021 02:10:00.638,0.9038200000000001,0.9037200000000001,1.69,1.1
04.08.2021 02:10:03.650,0.9038200000000001,0.9037200000000001,1.69,1.6
04.08.2021 02:10:04.767,0.9038200000000001,0.9037200000000001,1.69,1.1
04.08.2021 02:10:04.969,0.90383,0.9037100000000001,1.69,1.1
04.08.2021 02:10:06.252,0.9038200000000001,0.9037200000000001,1.69,1.1
04.08.2021 02:10:06.354,0.9038200000000001,0.9037200000000001,1.25,2.35
04.08.2021 02:10:15.380,0.9038200000000001,0.9037299999999999,1.25,1.1
04.08.2021 02:10:21.611,0.90383,0.90374,1.69,1.1
04.08.2021 02:10:24.323,0.90383,0.90374,2.5,1.1
04.08.2021 02:10:27.749,0.90384,0.9037200000000001,3.25,1.57
04.08.2021 02:10:33.442,0.9038200000000001,0.9037200000000001,1.69,1.57
04.08.2021 02:10:33.593,0.9038200000000001,0.9037200000000001,1.69,1.6
04.08.2021 02:10:33.694,0.9038200000000001,0.9037200000000001,1.69,1.57
04.08.2021 02:10:33.796,0.9038200000000001,0.9037200000000001,1.69,1.6
04.08.2021 02:10:45.729,0.9038200000000001,0.9037200000000001,1.69,1.57
04.08.2021 02:10:45.830,0.9038200000000001,0.9037200000000001,1.69,1.6
04.08.2021 02:10:45.931,0.9038,0.9037200000000001,1.5,1
04.08.2021 02:10:46.032,0.9038,0.9037000000000001,1.5,1.57
04.08.2021 02:10:46.936,0.90379,0.9037000000000001,1,1.1
04.08.2021 02:10:47.522,0.9038200000000001,0.9037000000000001,2.25,1.1
04.08.2021 02:10:47.674,0.9038200000000001,0.9037200000000001,1.5,1.1
04.08.2021 02:10:52.531,0.90383,0.9037299999999999,2.44,1.1
04.08.2021 02:10:54.690,0.90383,0.90374,1,1.6
04.08.2021 02:10:54.858,0.90383,0.90374,1,1.57
04.08.2021 02:10:58.902,0.90384,0.90375,1,1.1
04.08.2021 02:10:59.053,0.90384,0.9037600000000001,1,1
04.08.2021 02:10:59.155,0.90385,0.9037600000000001,1.5,1
04.08.2021 02:11:05.205,0.90384,0.9037600000000001,1,1
04.08.2021 02:11:06.353,0.90385,0.9037600000000001,1,1
04.08.2021 02:11:11.889,0.9038600000000001,0.9037600000000001,1.5,1
04.08.2021 02:11:11.990,0.9038600000000001,0.90375,1,1.76
04.08.2021 02:11:22.123,0.9038600000000001,0.9037600000000001,1,1
04.08.2021 02:11:39.354,0.9038600000000001,0.90375,2.7,1.25
04.08.2021 02:11:45.156,0.90384,0.90375,1,1
04.08.2021 02:11:45.257,0.9038200000000001,0.9037200000000001,1,2.1
04.08.2021 02:11:45.988,0.90383,0.9037299999999999,1.5,1.2
04.08.2021 02:12:01.313,0.90383,0.9037000000000001,1.57,1.1
04.08.2021 02:12:04.893,0.9038100000000001,0.9037100000000001,1,1
04.08.2021 02:12:09.730,0.90383,0.9037299999999999,1.25,1
04.08.2021 02:12:29.264,0.90384,0.90374,1.69,1.1
04.08.2021 02:12:47.970,0.90384,0.9037299999999999,1.69,1.2
04.08.2021 02:13:04.931,0.90385,0.9037299999999999,2.5,1
04.08.2021 02:13:05.033,0.90384,0.90374,1.69,1
04.08.2021 02:13:17.289,0.90384,0.90375,1,1
04.08.2021 02:13:27.883,0.9038600000000001,0.9037600000000001,1.5,1
04.08.2021 02:13:30.903,0.90384,0.90374,1,2.32
04.08.2021 02:13:30.954,0.9038600000000001,0.90375,3,1
04.08.2021 02:13:33.652,0.90384,0.90374,1,1.2
04.08.2021 02:13:33.753,0.9038600000000001,0.90374,1.5,1
04.08.2021 02:14:13.262,0.90385,0.90375,1,1.1
04.08.2021 02:14:13.472,0.90385,0.90375,1,1.1
04.08.2021 02:14:26.769,0.90384,0.90375,1,1
04.08.2021 02:14:29.719,0.90384,0.9037299999999999,2.62,1.1
04.08.2021 02:14:33.596,0.90384,0.9037299999999999,3.06,1.1
04.08.2021 02:14:33.748,0.9038200000000001,0.9037200000000001,1,1.97
04.08.2021 02:14:33.850,0.90383,0.9037299999999999,1.25,1.1
04.08.2021 02:14:47.721,0.90384,0.9037299999999999,1.69,1.1
04.08.2021 02:14:47.882,0.90384,0.9037200000000001,1,1.1
04.08.2021 02:14:53.156,0.90384,0.9037299999999999,1.69,1.1
04.08.2021 02:14:59.468,0.90384,0.9037299999999999,3.06,1.1
04.08.2021 02:15:00.594,0.90385,0.9037200000000001,1.69,1.1
04.08.2021 02:15:00.695,0.90384,0.9037299999999999,2.69,1.1
04.08.2021 02:15:00.890,0.90384,0.9037299999999999,1.87,1.1
04.08.2021 02:15:29.693,0.90384,0.9037299999999999,1.69,1.1
04.08.2021 02:15:39.326,0.90384,0.90375,1.25,1
04.08.2021 02:15:48.899,0.90384,0.90374,2.5,1.1
04.08.2021 02:15:49.001,0.90383,0.9037299999999999,1.25,1.95
04.08.2021 02:15:52.246,0.90384,0.90374,2.5,1
04.08.2021 02:16:08.209,0.9038200000000001,0.9037000000000001,1.87,2.26
04.08.2021 02:16:08.259,0.9038,0.9037100000000001,1.5,1.1
04.08.2021 02:16:08.361,0.9038,0.9037000000000001,4.12,1.1
04.08.2021 02:16:08.854,0.90379,0.90369,2.25,1.1
04.08.2021 02:16:20.499,0.9037799999999999,0.90369,1,1
04.08.2021 02:16:20.700,0.9037700000000001,0.9036700000000001,1,1.1
04.08.2021 02:16:22.481,0.9037799999999999,0.9036799999999999,2.06,1.1
04.08.2021 02:16:23.089,0.9037700000000001,0.9036600000000001,2.25,1.1
04.08.2021 02:16:23.192,0.9037600000000001,0.9036600000000001,1,1.1
04.08.2021 02:16:23.293,0.9037700000000001,0.9036700000000001,2.44,1
04.08.2021 02:16:27.074,0.9037799999999999,0.9036700000000001,1.25,1
04.08.2021 02:17:20.376,0.90375,0.9036500000000001,1,2.07
04.08.2021 02:17:20.478,0.90374,0.90364,1,1.97
04.08.2021 02:17:20.579,0.90375,0.9036500000000001,1.69,1
04.08.2021 02:17:20.731,0.9037600000000001,0.90364,2.5,1
04.08.2021 02:17:21.320,0.9037600000000001,0.90364,1.69,1
04.08.2021 02:17:21.422,0.90375,0.9036500000000001,2.5,1
04.08.2021 02:17:22.896,0.90375,0.9036500000000001,1.25,1
04.08.2021 02:17:28.508,0.9037600000000001,0.9036600000000001,1.25,1.1
04.08.2021 02:17:49.309,0.9037700000000001,0.9036799999999999,1.25,1
04.08.2021 02:18:13.173,0.9037700000000001,0.9036700000000001,2.44,1
04.08.2021 02:18:16.986,0.9037600000000001,0.9036700000000001,1,1
04.08.2021 02:18:17.037,0.90375,0.9036500000000001,1,2.7
04.08.2021 02:18:17.088,0.9037700000000001,0.9036600000000001,1.25,1
04.08.2021 02:18:25.417,0.9037700000000001,0.9036700000000001,2.81,1
04.08.2021 02:18:26.664,0.9037600000000001,0.9036700000000001,1.25,1
04.08.2021 02:18:26.765,0.90375,0.9036500000000001,1,2.32
04.08.2021 02:18:31.506,0.9037600000000001,0.9036700000000001,1,1
04.08.2021 02:18:31.607,0.9037700000000001,0.9036700000000001,2.7,1
04.08.2021 02:18:41.548,0.9037700000000001,0.9036700000000001,2.45,1
04.08.2021 02:19:21.700,0.9037700000000001,0.9036700000000001,3.56,1
04.08.2021 02:19:26.994,0.90379,0.90369,3.37,1
04.08.2021 02:19:27.146,0.9037799999999999,0.90369,1.31,1
04.08.2021 02:19:27.247,0.90379,0.9036700000000001,2.81,1
04.08.2021 02:19:27.399,0.9037700000000001,0.9036700000000001,1,1.5
04.08.2021 02:19:27.512,0.9037700000000001,0.9036600000000001,2.44,1.57
04.08.2021 02:19:27.613,0.9037600000000001,0.9036600000000001,1,1.57
04.08.2021 02:19:31.584,0.90375,0.9036500000000001,1.25,1.1
04.08.2021 02:19:31.686,0.9037700000000001,0.9036500000000001,4.37,1
04.08.2021 02:19:32.623,0.9037600000000001,0.9036600000000001,1.25,1
04.08.2021 02:19:36.252,0.9037600000000001,0.9036600000000001,1.75,1
04.08.2021 02:19:39.721,0.9037600000000001,0.9036600000000001,1.25,1
04.08.2021 02:19:50.218,0.9037700000000001,0.9036700000000001,1.25,1
04.08.2021 02:19:54.801,0.9037600000000001,0.9036600000000001,1.25,1.57
04.08.2021 02:20:22.235,0.9037700000000001,0.9036700000000001,1.76,1
04.08.2021 02:20:25.154,0.9037700000000001,0.9036700000000001,1.82,1
04.08.2021 02:20:33.421,0.9037600000000001,0.9036600000000001,2.57,1
04.08.2021 02:20:33.523,0.90375,0.90364,2.69,1.57
04.08.2021 02:20:33.624,0.90375,0.90364,1.69,1.57
04.08.2021 02:20:33.726,0.90375,0.90364,2.69,1.57
04.08.2021 02:20:39.069,0.90375,0.90364,1.25,1.57
04.08.2021 02:20:39.648,0.90375,0.90364,1.94,1.57
04.08.2021 02:20:40.294,0.90375,0.90364,1.25,1.57
04.08.2021 02:20:48.229,0.90375,0.90364,2.69,1.57
04.08.2021 02:20:51.824,0.90375,0.90364,1.69,1.57
04.08.2021 02:20:58.033,0.90375,0.90364,2.69,1.57
04.08.2021 02:20:58.921,0.90375,0.90364,1.69,1.57
04.08.2021 02:21:00.719,0.90375,0.90364,2.69,1.57
04.08.2021 02:21:08.527,0.90375,0.90364,1.69,1.57
04.08.2021 02:21:08.688,0.90375,0.9036500000000001,1.25,1.1
04.08.2021 02:21:08.789,0.9037600000000001,0.9036600000000001,2.69,1
04.08.2021 02:21:08.890,0.9037600000000001,0.9036600000000001,1.69,1.1
04.08.2021 02:21:09.042,0.9037700000000001,0.9036700000000001,3.25,1
04.08.2021 02:21:09.143,0.9037700000000001,0.9036700000000001,1.69,1
04.08.2021 02:21:09.295,0.9037799999999999,0.9036799999999999,3.62,1
04.08.2021 02:21:27.162,0.9037799999999999,0.9036799999999999,2.81,1
04.08.2021 02:21:27.365,0.9037799999999999,0.9036700000000001,2.06,1.1
04.08.2021 02:21:28.111,0.90379,0.9037000000000001,2.32,1
04.08.2021 02:21:28.161,0.90383,0.9037200000000001,2.32,1.75
04.08.2021 02:21:28.263,0.90385,0.9037200000000001,1.5,1.01
04.08.2021 02:21:28.364,0.90385,0.9037299999999999,2.89,1.39
04.08.2021 02:21:34.210,0.9038600000000001,0.9037200000000001,2.44,1.41
04.08.2021 02:21:34.543,0.90385,0.9037299999999999,2.51,1.39
04.08.2021 02:21:35.880,0.9038600000000001,0.9037299999999999,1.25,1.1
04.08.2021 02:21:36.082,0.90385,0.90374,1,1.51
04.08.2021 02:21:36.233,0.9038600000000001,0.90374,2.89,1.51
04.08.2021 02:21:36.870,0.90385,0.90375,1,1.12
04.08.2021 02:21:48.457,0.90385,0.9037600000000001,1,1.25
04.08.2021 02:21:48.710,0.9038700000000001,0.9037600000000001,2.32,1.25
04.08.2021 02:21:50.947,0.90385,0.9037600000000001,1,1.25
04.08.2021 02:21:59.411,0.9039,0.9038,1,1.69
04.08.2021 02:21:59.512,0.9039,0.9038100000000001,1,1
04.08.2021 02:21:59.619,0.9039200000000002,0.9038100000000001,1,1
04.08.2021 02:22:18.810,0.90393,0.90383,1.25,1
04.08.2021 02:22:30.894,0.90393,0.90383,4.14,1
04.08.2021 02:22:33.000,0.90393,0.90383,2.89,1
04.08.2021 02:22:35.486,0.9039200000000002,0.9038100000000001,1,2.14
04.08.2021 02:22:49.628,0.9039200000000002,0.9038100000000001,1,2.6
04.08.2021 02:22:53.979,0.9039200000000002,0.9038100000000001,1,2.14
04.08.2021 02:22:55.213,0.9039200000000002,0.9038100000000001,1,2.95
04.08.2021 02:22:59.212,0.9039100000000001,0.9038100000000001,1,2.87
04.08.2021 02:22:59.313,0.9039200000000002,0.9038100000000001,2.89,1.5
04.08.2021 02:22:59.364,0.9039,0.9038,1,2.14
04.08.2021 02:22:59.818,0.9039,0.9038,1,2.95
04.08.2021 02:23:00.853,0.9039200000000002,0.9038100000000001,1.5,1.39
04.08.2021 02:23:01.492,0.9039200000000002,0.9038100000000001,1.5,2.2
04.08.2021 02:23:01.594,0.90393,0.9038200000000001,1.5,1.39
04.08.2021 02:23:35.676,0.90393,0.9038200000000001,1.6,1.25
04.08.2021 02:23:36.929,0.90393,0.9038200000000001,1.57,1.01
04.08.2021 02:23:37.176,0.90393,0.9038200000000001,1.6,1.25
04.08.2021 02:23:38.250,0.90393,0.9038200000000001,1.57,1.01
04.08.2021 02:23:38.580,0.90393,0.9038200000000001,1.6,1.25
04.08.2021 02:23:50.166,0.9039100000000001,0.9038100000000001,1,2.14
04.08.2021 02:23:54.441,0.9039200000000002,0.9038200000000001,1.1,1
04.08.2021 02:24:00.826,0.90394,0.9038200000000001,1,1
04.08.2021 02:24:02.001,0.9039200000000002,0.9038200000000001,1,1.2
04.08.2021 02:24:02.203,0.90394,0.9038100000000001,1,1.95
04.08.2021 02:24:06.494,0.9039,0.9038100000000001,1.1,1.5
04.08.2021 02:24:06.595,0.90388,0.90379,2.62,1.75
04.08.2021 02:24:06.646,0.9038700000000001,0.9037799999999999,1,1
04.08.2021 02:24:06.747,0.90388,0.9037700000000001,4.95,1.25
04.08.2021 02:24:06.849,0.90388,0.9037700000000001,5.72,1.25
04.08.2021 02:24:10.081,0.9038600000000001,0.9037600000000001,1.2,1.75
04.08.2021 02:24:10.182,0.9038600000000001,0.9037600000000001,1,1
04.08.2021 02:24:13.717,0.90385,0.90375,1,1.76
04.08.2021 02:24:14.349,0.90385,0.9037600000000001,1,1
04.08.2021 02:24:15.915,0.9038700000000001,0.9037600000000001,2.7,1.69
04.08.2021 02:24:17.714,0.90388,0.9037799999999999,6.1,1
04.08.2021 02:24:18.017,0.9038600000000001,0.9037600000000001,1,1.5
04.08.2021 02:24:20.016,0.9038700000000001,0.9037700000000001,1.57,1
04.08.2021 02:24:22.693,0.9038600000000001,0.9037600000000001,1,1.69
04.08.2021 02:24:25.740,0.90388,0.9037700000000001,5.26,1
04.08.2021 02:24:28.872,0.90388,0.90379,2.25,1
04.08.2021 02:24:29.572,0.90389,0.90379,2.7,1
04.08.2021 02:24:29.682,0.90389,0.90379,2.72,1
04.08.2021 02:24:29.799,0.90389,0.90379,2.7,1
04.08.2021 02:24:42.088,0.9039,0.90379,1.12,1.25
04.08.2021 02:24:42.189,0.9039,0.9038,1.95,1
04.08.2021 02:24:42.291,0.9039100000000001,0.9038200000000001,1,1
04.08.2021 02:24:42.393,0.9039200000000002,0.9038200000000001,1,1.5
04.08.2021 02:25:04.203,0.9039100000000001,0.9038200000000001,1,1
04.08.2021 02:25:04.305,0.9039100000000001,0.9038100000000001,1,1.57
04.08.2021 02:25:15.888,0.90389,0.9038,1,1.31
04.08.2021 02:25:15.989,0.90389,0.90379,1.25,1
04.08.2021 02:25:16.090,0.90389,0.9037799999999999,1.12,1.76
04.08.2021 02:25:16.343,0.90388,0.9037700000000001,1,1
04.08.2021 02:25:16.394,0.90389,0.90379,1.39,1
04.08.2021 02:25:17.382,0.9038700000000001,0.9037799999999999,1,1
04.08.2021 02:25:17.432,0.90389,0.90379,1.2,1
04.08.2021 02:25:17.887,0.9039,0.9038,2.62,1
04.08.2021 02:25:21.783,0.9039,0.9038100000000001,1,1
04.08.2021 02:25:21.885,0.9039100000000001,0.9038100000000001,1,1.57
04.08.2021 02:25:27.601,0.90393,0.90383,3.64,1
04.08.2021 02:25:28.292,0.9039200000000002,0.9038200000000001,1.25,1.5
04.08.2021 02:25:29.228,0.9039200000000002,0.9038200000000001,1.31,1
04.08.2021 02:25:32.174,0.9039200000000002,0.9038200000000001,1.37,1
04.08.2021 02:25:32.528,0.9039200000000002,0.9038100000000001,2.32,1.5
04.08.2021 02:25:32.629,0.9039,0.9038100000000001,1,1
