Gmt time,Ask,Bid,AskVolume,BidVolume
27.08.2021 00:00:00.083,0.91805,0.9179600000000001,1,1.1
27.08.2021 00:00:04.270,0.91803,0.91795,1.5,1
27.08.2021 00:00:04.422,0.9180200000000002,0.91793,1.5,1
27.08.2021 00:00:04.473,0.91799,0.9179100000000001,1,1
27.08.2021 00:00:04.574,0.91798,0.91789,1,1.5
27.08.2021 00:00:04.883,0.9179700000000001,0.9178799999999999,1,1
27.08.2021 00:00:15.294,0.91798,0.9178799999999999,1.5,1
27.08.2021 00:00:36.370,0.918,0.9178799999999999,1,3.85
27.08.2021 00:00:36.472,0.918,0.9179,1,1.1
27.08.2021 00:00:39.753,0.918,0.9179,1,2.35
27.08.2021 00:00:39.854,0.918,0.9179,1,2.32
27.08.2021 00:00:41.216,0.918,0.9179,1,2.35
27.08.2021 00:00:42.433,0.9180200000000002,0.9179100000000001,1.5,1.1
27.08.2021 00:00:43.935,0.9180200000000002,0.91793,1,1
27.08.2021 00:00:44.037,0.91804,0.9179600000000001,1,1
27.08.2021 00:00:44.138,0.9180600000000001,0.91795,1,1.5
27.08.2021 00:00:45.496,0.9180600000000001,0.9179600000000001,1.5,1.5
27.08.2021 00:00:52.026,0.9180700000000002,0.9179700000000001,1,1.95
27.08.2021 00:00:52.128,0.91808,0.91799,1,1
27.08.2021 00:00:52.281,0.91808,0.918,1,1
27.08.2021 00:00:52.332,0.91808,0.91798,1,1.1
27.08.2021 00:00:53.164,0.9180700000000002,0.9179700000000001,2.75,1
27.08.2021 00:00:53.266,0.9180600000000001,0.91795,2.19,1.1
27.08.2021 00:00:53.372,0.9180600000000001,0.91795,2.19,1
27.08.2021 00:00:55.454,0.91803,0.91793,1.5,1.1
27.08.2021 00:00:55.757,0.91804,0.91794,3.12,1
27.08.2021 00:00:56.801,0.91803,0.91793,1.5,1
27.08.2021 00:01:01.617,0.9180200000000002,0.9179200000000001,1.75,1.1
27.08.2021 00:01:01.718,0.91803,0.91793,2.75,1
27.08.2021 00:01:02.332,0.9180200000000002,0.9179200000000001,1.5,1
27.08.2021 00:01:08.050,0.9180200000000002,0.9179200000000001,1,1
27.08.2021 00:01:11.220,0.9180100000000001,0.9179,1,1.1
27.08.2021 00:01:11.270,0.9179600000000001,0.9178600000000001,1,4.01
27.08.2021 00:01:11.321,0.9179600000000001,0.9178600000000001,1,1.57
27.08.2021 00:01:11.372,0.91795,0.9178600000000001,1.5,1
27.08.2021 00:01:11.423,0.91795,0.91784,1.62,1.01
27.08.2021 00:01:11.575,0.91794,0.9178200000000001,1.75,2.16
27.08.2021 00:01:12.029,0.91794,0.9178200000000001,1.75,1.79
27.08.2021 00:01:13.484,0.91795,0.9178299999999999,1,3.85
27.08.2021 00:01:22.120,0.91794,0.91784,1.12,1.1
27.08.2021 00:01:27.750,0.91794,0.91784,1.75,1.1
27.08.2021 00:01:32.626,0.91793,0.9178299999999999,1.31,1.57
27.08.2021 00:01:33.722,0.91795,0.91785,3.75,1
27.08.2021 00:01:33.825,0.91795,0.9178299999999999,1.75,1
27.08.2021 00:01:45.809,0.91794,0.91784,1.12,1.1
27.08.2021 00:01:47.564,0.91795,0.91785,1.12,1.1
27.08.2021 00:01:47.665,0.9179700000000001,0.9178700000000001,2.94,1
27.08.2021 00:01:50.320,0.9179700000000001,0.9178700000000001,2.81,1
27.08.2021 00:01:51.179,0.9179700000000001,0.9178700000000001,2.94,1
27.08.2021 00:01:51.321,0.9179700000000001,0.9178700000000001,2.81,1
27.08.2021 00:01:51.715,0.9179700000000001,0.9178700000000001,2.94,1
27.08.2021 00:01:51.847,0.9179700000000001,0.9178700000000001,2.81,1
27.08.2021 00:01:52.455,0.9179700000000001,0.9178700000000001,2.19,1
27.08.2021 00:01:54.690,0.91798,0.9178799999999999,3.87,1
27.08.2021 00:01:54.792,0.91798,0.9178799999999999,2.06,1
27.08.2021 00:01:55.264,0.91798,0.9178799999999999,1.69,2.35
27.08.2021 00:01:55.367,0.91798,0.9178799999999999,1.69,2.32
27.08.2021 00:02:03.161,0.91798,0.9178799999999999,1.5,1
27.08.2021 00:02:03.262,0.9179700000000001,0.9178700000000001,1.12,1.1
27.08.2021 00:02:03.465,0.9179700000000001,0.9178700000000001,1.75,1.1
27.08.2021 00:02:10.737,0.9179700000000001,0.9178700000000001,1.31,1
27.08.2021 00:02:10.838,0.91798,0.91789,1,3.45
27.08.2021 00:02:10.940,0.91799,0.9179,1,1.1
27.08.2021 00:02:11.042,0.918,0.9178799999999999,1.12,1.1
27.08.2021 00:02:11.143,0.91799,0.9178700000000001,1.31,1.1
27.08.2021 00:02:11.245,0.91798,0.9178799999999999,1.75,1
27.08.2021 00:02:11.346,0.91798,0.9178799999999999,1,1.1
27.08.2021 00:02:13.646,0.9179700000000001,0.9178700000000001,1.31,1.1
27.08.2021 00:02:13.748,0.91794,0.91784,1.31,1.6
27.08.2021 00:02:13.850,0.91794,0.91784,1.12,1.1
27.08.2021 00:02:23.935,0.91794,0.91784,1.12,1.1
27.08.2021 00:02:30.404,0.91794,0.91784,1.12,1.1
27.08.2021 00:02:40.678,0.9179600000000001,0.9178600000000001,1.25,1.1
27.08.2021 00:02:40.829,0.9179700000000001,0.9178700000000001,2.81,1
27.08.2021 00:02:51.801,0.9179700000000001,0.9178700000000001,2.19,1
27.08.2021 00:02:59.629,0.91799,0.91789,1.31,3.07
27.08.2021 00:02:59.731,0.918,0.9179,1,1.1
27.08.2021 00:03:00.089,0.9180100000000001,0.9179100000000001,1.31,1
27.08.2021 00:03:00.190,0.91803,0.9179200000000001,2.19,1
27.08.2021 00:03:02.831,0.9180100000000001,0.9179,1.25,2.72
27.08.2021 00:03:08.551,0.9180100000000001,0.9179,2.12,2.35
27.08.2021 00:03:08.703,0.9180100000000001,0.9179,2.12,1.57
27.08.2021 00:03:08.858,0.91799,0.91789,3,1
27.08.2021 00:03:08.960,0.91798,0.9178700000000001,3.56,1.1
27.08.2021 00:03:09.011,0.9179700000000001,0.9178700000000001,1.75,1.1
27.08.2021 00:03:09.112,0.9179600000000001,0.9178600000000001,1.31,1.1
27.08.2021 00:03:09.330,0.9179600000000001,0.9178600000000001,1.75,1.1
27.08.2021 00:03:32.203,0.9179600000000001,0.9178600000000001,1.31,1.1
27.08.2021 00:03:33.709,0.91798,0.9178700000000001,2.25,1
27.08.2021 00:03:52.547,0.91798,0.9178700000000001,2.12,1.22
27.08.2021 00:04:23.042,0.91799,0.91789,1.25,3.07
27.08.2021 00:04:23.143,0.918,0.9179,1.31,1.95
27.08.2021 00:04:23.772,0.91803,0.9179,2.81,1.1
27.08.2021 00:04:24.387,0.9180100000000001,0.9179100000000001,1.31,1.1
27.08.2021 00:04:26.684,0.9180100000000001,0.9179100000000001,1.31,1.1
27.08.2021 00:04:29.943,0.9180200000000002,0.9179100000000001,2.06,1.1
27.08.2021 00:04:30.538,0.9180100000000001,0.9179100000000001,1.31,1.1
27.08.2021 00:04:42.476,0.9180100000000001,0.9179,2.12,3.47
27.08.2021 00:04:42.782,0.9180200000000002,0.9179200000000001,1.31,1.1
27.08.2021 00:04:44.463,0.918,0.9179,1.25,2.35
27.08.2021 00:04:50.657,0.9180100000000001,0.91789,3,1
27.08.2021 00:04:50.759,0.91799,0.91789,3,1
27.08.2021 00:04:52.267,0.91798,0.9178799999999999,1.75,1.1
27.08.2021 00:04:57.720,0.91798,0.91789,1.69,1
27.08.2021 00:04:57.872,0.9179600000000001,0.9178600000000001,2.06,1.22
27.08.2021 00:05:03.132,0.9179700000000001,0.9178700000000001,1.31,1.1
27.08.2021 00:05:27.022,0.918,0.91789,3.44,1.1
27.08.2021 00:05:27.123,0.918,0.91789,2.87,1.22
27.08.2021 00:05:27.275,0.918,0.91789,3,1.1
27.08.2021 00:05:27.426,0.91799,0.9178700000000001,1.31,1.1
27.08.2021 00:05:29.011,0.91798,0.9178799999999999,1.75,1.1
27.08.2021 00:05:29.114,0.91798,0.9178799999999999,1.31,1.1
27.08.2021 00:05:32.881,0.91798,0.9178799999999999,1.69,1.1
27.08.2021 00:05:33.083,0.91798,0.9178799999999999,1.69,1.1
27.08.2021 00:05:50.611,0.91798,0.9178799999999999,1,2.35
27.08.2021 00:05:50.713,0.918,0.91789,1.94,1.22
27.08.2021 00:05:50.814,0.918,0.9179,1.5,1.1
27.08.2021 00:05:53.041,0.918,0.9179,1.5,1.1
27.08.2021 00:05:55.307,0.918,0.9179,1.25,1.1
27.08.2021 00:05:56.546,0.918,0.9179100000000001,1.25,1
27.08.2021 00:05:56.800,0.918,0.9179,1,1
27.08.2021 00:05:57.003,0.918,0.9179100000000001,1.25,1
27.08.2021 00:05:57.106,0.918,0.9179100000000001,1.75,1
27.08.2021 00:05:57.208,0.918,0.9179100000000001,1.69,1
27.08.2021 00:05:58.895,0.91799,0.91789,1.69,1.5
27.08.2021 00:05:58.997,0.91798,0.9178799999999999,1.69,1.5
27.08.2021 00:06:44.103,0.91798,0.91789,1,1.1
27.08.2021 00:06:44.205,0.91799,0.91789,1.69,1.57
27.08.2021 00:06:44.357,0.918,0.9178799999999999,1.69,3.1
27.08.2021 00:06:45.472,0.91799,0.91789,1.69,1.57
27.08.2021 00:06:50.146,0.91798,0.9178799999999999,1.69,1
27.08.2021 00:06:54.590,0.9179700000000001,0.9178700000000001,1.69,1
27.08.2021 00:07:15.902,0.91799,0.9179,1.25,1
27.08.2021 00:07:15.953,0.91798,0.9178799999999999,1,1.1
27.08.2021 00:07:16.207,0.91799,0.91789,1.69,1
27.08.2021 00:07:16.317,0.91798,0.9178799999999999,1,1.1
27.08.2021 00:07:26.106,0.9179700000000001,0.9178799999999999,1.25,1
27.08.2021 00:07:26.208,0.9179700000000001,0.9178700000000001,2.44,1
27.08.2021 00:07:38.111,0.91798,0.9178799999999999,1.69,1.7
27.08.2021 00:07:38.212,0.91798,0.9178799999999999,1.25,1.1
27.08.2021 00:07:47.313,0.9179700000000001,0.9178700000000001,1.25,1
27.08.2021 00:07:56.285,0.91799,0.9179,1.25,1
27.08.2021 00:07:56.386,0.918,0.9179,2.44,1
27.08.2021 00:07:56.947,0.91799,0.91789,1.69,1
27.08.2021 00:07:58.095,0.91798,0.91789,1,1
27.08.2021 00:07:58.197,0.91799,0.91789,1.25,1
27.08.2021 00:07:58.399,0.91798,0.91789,1,1
27.08.2021 00:08:00.798,0.91799,0.91789,1.25,1
27.08.2021 00:08:03.711,0.9180100000000001,0.9179100000000001,1.69,1
27.08.2021 00:08:09.599,0.918,0.9179100000000001,1.25,1
27.08.2021 00:08:12.101,0.918,0.9179,2.44,1
27.08.2021 00:08:12.151,0.91799,0.9178799999999999,1.69,1
27.08.2021 00:08:12.252,0.91799,0.9178700000000001,1.75,1
27.08.2021 00:08:12.362,0.9179700000000001,0.9178700000000001,1.25,1
27.08.2021 00:08:20.863,0.91795,0.91785,1.69,1
27.08.2021 00:08:21.016,0.91794,0.91785,1.25,1
27.08.2021 00:08:23.130,0.91795,0.9178600000000001,1.25,1
27.08.2021 00:08:31.045,0.9179600000000001,0.9178600000000001,1.25,1
27.08.2021 00:08:33.316,0.9179700000000001,0.9178700000000001,2.5,1
27.08.2021 00:08:41.380,0.9179600000000001,0.91784,2.44,1
27.08.2021 00:08:50.272,0.91795,0.91784,1.25,1
27.08.2021 00:08:52.312,0.91795,0.91785,2.44,1
27.08.2021 00:09:08.998,0.9179600000000001,0.9178600000000001,1.69,1
27.08.2021 00:09:09.150,0.9179700000000001,0.9178700000000001,1.69,1.12
27.08.2021 00:10:29.604,0.9179700000000001,0.9178700000000001,2,1
27.08.2021 00:11:54.125,0.9179700000000001,0.9178700000000001,1,1
27.08.2021 00:12:23.128,0.91799,0.9179100000000001,1.12,1.5
27.08.2021 00:12:23.230,0.918,0.9179200000000001,1.69,1
27.08.2021 00:12:24.561,0.91799,0.9179100000000001,1.75,1
27.08.2021 00:12:45.042,0.91799,0.9179100000000001,1,1.1
27.08.2021 00:12:45.093,0.9180100000000001,0.9179200000000001,2.81,1
27.08.2021 00:12:46.677,0.9180100000000001,0.9179200000000001,2.87,1.1
27.08.2021 00:12:57.004,0.9180100000000001,0.9179200000000001,2.06,1
27.08.2021 00:13:05.288,0.9180100000000001,0.91793,1.12,1
27.08.2021 00:13:10.872,0.9180200000000002,0.91793,1.31,1.5
27.08.2021 00:13:11.126,0.91803,0.91794,1.12,1
27.08.2021 00:13:37.262,0.9180200000000002,0.9179600000000001,1,1
27.08.2021 00:13:37.364,0.91803,0.9179600000000001,1.12,1
27.08.2021 00:13:37.516,0.91804,0.9179700000000001,1.5,1.12
27.08.2021 00:13:37.567,0.91808,0.91799,3.56,1.1
27.08.2021 00:13:37.668,0.91808,0.91798,1.25,1
27.08.2021 00:13:47.714,0.91808,0.91799,2.06,1
27.08.2021 00:13:48.917,0.9180700000000002,0.91799,1.25,1
27.08.2021 00:13:55.405,0.91808,0.91799,2.06,1
27.08.2021 00:13:57.122,0.9181,0.9180100000000001,1.75,1.5
27.08.2021 00:13:57.223,0.9181,0.9180200000000002,1.12,1
27.08.2021 00:14:01.077,0.9181200000000002,0.9180200000000002,3.19,1.5
27.08.2021 00:14:01.178,0.9181200000000002,0.91804,1.12,1
27.08.2021 00:14:02.181,0.9180600000000001,0.9180100000000001,1,1
27.08.2021 00:14:02.233,0.9180600000000001,0.91798,1,1
27.08.2021 00:14:02.334,0.9180700000000002,0.91799,1,1
27.08.2021 00:14:04.378,0.91808,0.91799,1.12,1.5
27.08.2021 00:14:04.479,0.91809,0.918,1.25,1
27.08.2021 00:14:04.581,0.9181,0.918,1,1
27.08.2021 00:14:05.419,0.91809,0.918,1,1
27.08.2021 00:14:11.226,0.9181,0.9180100000000001,1.31,1
27.08.2021 00:14:14.783,0.9181,0.9180100000000001,1.31,1.1
27.08.2021 00:14:17.051,0.9181,0.9180100000000001,1.31,1
27.08.2021 00:14:20.253,0.9181,0.9180200000000002,1.12,1.1
27.08.2021 00:14:20.304,0.9181700000000002,0.9180700000000002,1.25,1.1
27.08.2021 00:14:20.354,0.9182,0.9181100000000001,1,1
27.08.2021 00:14:20.405,0.9182600000000001,0.9181600000000001,1.31,1.1
27.08.2021 00:14:20.558,0.9182600000000001,0.9181700000000002,1.12,1
27.08.2021 00:14:20.659,0.9181900000000001,0.9181,1,2.33
27.08.2021 00:14:20.760,0.9181900000000001,0.91809,1,1
27.08.2021 00:14:21.162,0.9181900000000001,0.91808,1.1,1
27.08.2021 00:14:21.264,0.91818,0.91808,1,1
27.08.2021 00:14:25.805,0.9181700000000002,0.9180600000000001,1.87,1
27.08.2021 00:14:26.099,0.9181600000000001,0.9180600000000001,1,1
27.08.2021 00:14:26.330,0.91815,0.91804,1,1
27.08.2021 00:14:26.432,0.91814,0.91803,1,1.57
27.08.2021 00:14:29.470,0.91814,0.91804,1,1
27.08.2021 00:14:40.251,0.9181600000000001,0.9180600000000001,1,1
27.08.2021 00:14:40.353,0.9181700000000002,0.9180700000000002,1.12,1
27.08.2021 00:14:40.490,0.91818,0.91809,2,1
27.08.2021 00:14:40.591,0.91818,0.91809,1.5,1
27.08.2021 00:14:40.693,0.91818,0.91808,2.25,1
27.08.2021 00:14:41.456,0.9181700000000002,0.9180600000000001,1.87,1.5
27.08.2021 00:14:41.608,0.9181600000000001,0.9180600000000001,1,1
27.08.2021 00:14:41.709,0.9181600000000001,0.91805,1.5,1.5
27.08.2021 00:14:43.726,0.91815,0.91805,1.5,1
27.08.2021 00:14:43.827,0.91815,0.91804,2.62,1.5
27.08.2021 00:14:52.504,0.9181100000000001,0.9180100000000001,1,1.57
27.08.2021 00:14:52.606,0.9181100000000001,0.9180100000000001,1.1,1
27.08.2021 00:14:52.708,0.9180600000000001,0.9179600000000001,1.25,1.5
27.08.2021 00:14:52.759,0.9180600000000001,0.91794,1.25,1.5
27.08.2021 00:14:52.810,0.91805,0.91793,2.5,1
27.08.2021 00:14:52.912,0.91805,0.9179200000000001,2.6,1.5
27.08.2021 00:14:53.021,0.91805,0.9179200000000001,2.6,1.5
27.08.2021 00:14:53.493,0.91803,0.9179200000000001,1,1.5
27.08.2021 00:14:54.851,0.91804,0.9179200000000001,1,1.5
27.08.2021 00:14:54.952,0.91805,0.9179200000000001,1.25,1.87
27.08.2021 00:14:56.099,0.91805,0.91793,1.25,1
27.08.2021 00:15:05.566,0.91805,0.9179200000000001,1.69,1.95
27.08.2021 00:15:08.381,0.91804,0.9179,1.87,1.1
27.08.2021 00:15:10.828,0.91803,0.9179100000000001,1.12,1.1
27.08.2021 00:15:40.104,0.91805,0.91789,2.45,1.22
27.08.2021 00:15:41.163,0.91804,0.9179,2.37,1.22
27.08.2021 00:15:51.063,0.91804,0.9179100000000001,1.87,1.22
27.08.2021 00:16:18.475,0.91804,0.9179100000000001,1.5,1.22
27.08.2021 00:16:22.063,0.91809,0.9179700000000001,1.62,1.12
27.08.2021 00:16:22.164,0.91809,0.9179700000000001,1,1.6
27.08.2021 00:16:22.266,0.91809,0.9179700000000001,1,1.2
27.08.2021 00:16:22.367,0.91808,0.91795,1,1.12
27.08.2021 00:16:22.792,0.9180700000000002,0.91795,1,1.12
27.08.2021 00:16:27.491,0.91805,0.91794,1,1.6
27.08.2021 00:16:27.624,0.91809,0.9179700000000001,1,1.6
27.08.2021 00:16:27.826,0.9180700000000002,0.9179700000000001,1,1.5
27.08.2021 00:16:31.329,0.9180700000000002,0.9179700000000001,1,1.12
27.08.2021 00:16:33.113,0.9181,0.9179700000000001,1.12,1.5
27.08.2021 00:16:33.164,0.91808,0.9179700000000001,1,1.5
27.08.2021 00:16:44.756,0.9180700000000002,0.9179700000000001,1,1.5
27.08.2021 00:16:48.829,0.91805,0.9179200000000001,1.12,1.22
27.08.2021 00:16:48.930,0.91805,0.9179200000000001,1.5,1.12
27.08.2021 00:16:53.246,0.91804,0.9179200000000001,1,1.1
27.08.2021 00:16:53.472,0.91804,0.9179200000000001,1,1.1
27.08.2021 00:17:11.058,0.9180700000000002,0.9179600000000001,1.5,1.5
27.08.2021 00:17:11.109,0.9180700000000002,0.91794,1.5,1.1
27.08.2021 00:17:11.160,0.91809,0.91795,1,1
27.08.2021 00:17:11.261,0.9180600000000001,0.91794,1,1.6
27.08.2021 00:17:11.413,0.9180600000000001,0.91794,1,1.6
27.08.2021 00:17:11.464,0.9180600000000001,0.9179200000000001,1.87,1.5
27.08.2021 00:17:11.515,0.91809,0.9179600000000001,2.85,1
27.08.2021 00:17:11.919,0.91808,0.91794,1.1,1.12
27.08.2021 00:17:12.292,0.9180700000000002,0.91795,1.1,1.5
27.08.2021 00:17:12.393,0.9180700000000002,0.91793,1,1
27.08.2021 00:17:13.569,0.9180600000000001,0.9179600000000001,1,1
27.08.2021 00:17:13.671,0.91808,0.9179600000000001,1,1
27.08.2021 00:17:13.873,0.91808,0.91795,1.1,1.12
27.08.2021 00:17:14.230,0.91808,0.91794,1.97,1.12
27.08.2021 00:17:14.281,0.91809,0.91793,1.95,1.5
27.08.2021 00:17:14.432,0.9180600000000001,0.91793,1,1.5
27.08.2021 00:17:14.533,0.9180700000000002,0.91793,1,1.5
27.08.2021 00:17:14.786,0.9180600000000001,0.91793,1,1.12
27.08.2021 00:17:17.681,0.91805,0.9179200000000001,1.5,1.12
27.08.2021 00:17:24.941,0.91804,0.9179100000000001,1.12,1.2
27.08.2021 00:17:26.018,0.91805,0.9179200000000001,1.12,1.1
27.08.2021 00:17:26.120,0.9180600000000001,0.91795,1,1
27.08.2021 00:17:26.271,0.9180700000000002,0.9179600000000001,1,1
27.08.2021 00:17:30.483,0.9181,0.918,1,1
27.08.2021 00:17:32.320,0.9181,0.918,1,1
27.08.2021 00:17:32.371,0.91808,0.91798,1.12,1.1
27.08.2021 00:17:32.472,0.91808,0.9179700000000001,1,1
27.08.2021 00:17:33.045,0.9181200000000002,0.91798,1.62,1.22
27.08.2021 00:17:33.147,0.91813,0.9180200000000002,1.5,1
27.08.2021 00:17:49.740,0.9181200000000002,0.918,1.12,1.97
27.08.2021 00:17:50.128,0.9181200000000002,0.918,1.12,1.57
27.08.2021 00:18:00.499,0.9181200000000002,0.918,1.5,1.57
27.08.2021 00:18:02.626,0.9181200000000002,0.918,1.12,1.95
27.08.2021 00:18:08.516,0.9181200000000002,0.9180100000000001,1,1
27.08.2021 00:18:14.711,0.91813,0.9180200000000002,1.5,1
27.08.2021 00:18:15.497,0.91813,0.9180200000000002,1.12,1
27.08.2021 00:18:15.719,0.91813,0.9180200000000002,1.5,1
27.08.2021 00:18:15.888,0.91813,0.9180200000000002,1.12,1
27.08.2021 00:18:32.382,0.91814,0.91803,2,1
27.08.2021 00:18:32.534,0.91814,0.918,1.12,1.1
27.08.2021 00:18:48.530,0.91813,0.9180100000000001,1.5,1.1
27.08.2021 00:18:49.074,0.91814,0.918,1.12,1.1
27.08.2021 00:18:49.532,0.91813,0.9180100000000001,1.5,1.1
27.08.2021 00:18:50.000,0.91813,0.9180100000000001,1.12,1.1
27.08.2021 00:19:08.080,0.9181200000000002,0.918,1,1.1
27.08.2021 00:19:30.275,0.91813,0.9180200000000002,1.12,1
27.08.2021 00:19:56.762,0.91815,0.91803,1.5,1
27.08.2021 00:19:58.122,0.91813,0.9180200000000002,1,1.1
27.08.2021 00:19:59.030,0.91814,0.91803,1.12,1
27.08.2021 00:20:16.882,0.91813,0.9180200000000002,1,1
27.08.2021 00:20:17.138,0.91813,0.9180200000000002,1.5,1
27.08.2021 00:20:17.239,0.91813,0.9180200000000002,1.12,1
27.08.2021 00:20:33.667,0.91814,0.91803,2.45,1
27.08.2021 00:20:52.055,0.9181,0.91798,1.12,1.22
27.08.2021 00:20:52.160,0.9181,0.91798,1.12,1.12
27.08.2021 00:20:52.211,0.9181,0.91798,1.62,1.12
27.08.2021 00:20:52.585,0.9181,0.91798,1.62,1.12
27.08.2021 00:20:52.752,0.91808,0.9179700000000001,1,1.7
27.08.2021 00:20:58.522,0.9181100000000001,0.9179700000000001,1.5,1.2
27.08.2021 00:21:00.601,0.9181,0.91798,1.5,1.2
27.08.2021 00:21:38.690,0.9181,0.91798,1.5,1.2
27.08.2021 00:21:51.545,0.9181,0.91798,1.5,1.2
27.08.2021 00:21:51.949,0.9181,0.91798,1.5,1.2
27.08.2021 00:21:53.150,0.9181,0.91798,1.5,1.2
27.08.2021 00:22:15.773,0.91804,0.91793,1.5,1.6
27.08.2021 00:22:15.875,0.91803,0.91793,2,1
27.08.2021 00:22:16.086,0.918,0.91793,1,1
27.08.2021 00:22:16.137,0.9180100000000001,0.9179,1.12,1
27.08.2021 00:22:16.289,0.918,0.91789,1.5,1.2
27.08.2021 00:22:24.598,0.918,0.91789,1.12,1.6
27.08.2021 00:22:32.332,0.91804,0.91794,1.62,1.12
27.08.2021 00:22:32.383,0.91805,0.9179600000000001,1.5,1.5
27.08.2021 00:22:32.434,0.9180600000000001,0.9179600000000001,1,1.5
27.08.2021 00:22:32.536,0.91808,0.91795,1.12,1.5
27.08.2021 00:22:41.114,0.91808,0.9179600000000001,1.87,1.69
27.08.2021 00:22:41.354,0.91808,0.9179600000000001,2.25,2.56
27.08.2021 00:22:43.456,0.91808,0.9179600000000001,2.25,1.12
27.08.2021 00:22:43.557,0.9180600000000001,0.9179600000000001,2.64,1.12
27.08.2021 00:22:43.608,0.91803,0.9179200000000001,1,1.57
27.08.2021 00:22:43.709,0.91804,0.91793,1.62,1
27.08.2021 00:22:47.401,0.9180200000000002,0.9179100000000001,2,1
27.08.2021 00:22:54.128,0.91804,0.91794,1,1.12
27.08.2021 00:22:54.230,0.91805,0.91794,1,1.31
27.08.2021 00:22:55.153,0.91805,0.91794,1,1.75
27.08.2021 00:22:55.365,0.9180600000000001,0.91795,1.12,1.5
27.08.2021 00:23:08.198,0.91808,0.91794,1.87,1.89
27.08.2021 00:23:08.576,0.9180700000000002,0.91795,1.87,1.76
27.08.2021 00:23:13.429,0.9180600000000001,0.91795,1,1.5
27.08.2021 00:23:15.539,0.9180700000000002,0.91795,2.25,1
27.08.2021 00:23:24.847,0.91805,0.91794,1,1.89
27.08.2021 00:23:25.188,0.91805,0.91794,1,1.1
27.08.2021 00:23:49.101,0.91804,0.91794,1.12,1
27.08.2021 00:24:14.671,0.91803,0.9179200000000001,1.12,1
27.08.2021 00:24:14.772,0.91803,0.9179100000000001,2.37,1.25
27.08.2021 00:24:20.947,0.9180200000000002,0.9179100000000001,1,1.5
27.08.2021 00:24:24.343,0.9180200000000002,0.9179100000000001,1.12,1
27.08.2021 00:24:36.872,0.9180100000000001,0.9179,1,1.31
27.08.2021 00:24:39.973,0.9180100000000001,0.9178799999999999,1.12,1
27.08.2021 00:24:45.491,0.918,0.91789,1.12,1.79
27.08.2021 00:24:46.176,0.91798,0.9178799999999999,1.5,1.57
27.08.2021 00:24:46.278,0.91798,0.9178700000000001,3.56,1.5
27.08.2021 00:24:47.771,0.9179700000000001,0.9178700000000001,1.12,1
27.08.2021 00:24:52.943,0.91798,0.91784,2.06,1.01
27.08.2021 00:24:57.748,0.9179700000000001,0.91785,2.06,1.41
27.08.2021 00:25:07.565,0.91798,0.9178700000000001,1.31,1
27.08.2021 00:25:07.717,0.91799,0.9178600000000001,1.12,1.75
27.08.2021 00:25:14.570,0.9180100000000001,0.91789,1.62,1.39
27.08.2021 00:25:24.712,0.9180200000000002,0.9179,2,1.51
27.08.2021 00:25:24.763,0.9180200000000002,0.9179,2,1.51
27.08.2021 00:25:24.864,0.91803,0.91789,1.12,2.26
27.08.2021 00:25:25.708,0.9180200000000002,0.9179,1.12,1.76
27.08.2021 00:25:50.830,0.9180200000000002,0.9179100000000001,1.12,1
27.08.2021 00:25:50.931,0.91803,0.9179100000000001,2.06,1.2
27.08.2021 00:25:51.032,0.91803,0.9179100000000001,2.19,1.1
27.08.2021 00:26:05.624,0.9180200000000002,0.9179,2.44,1.1
27.08.2021 00:26:08.520,0.9180200000000002,0.9179,1.87,1.6
27.08.2021 00:26:10.482,0.9180200000000002,0.9179,2.06,1.2
27.08.2021 00:26:10.534,0.9179700000000001,0.9178600000000001,1,2.97
27.08.2021 00:26:10.584,0.9179700000000001,0.9178600000000001,1,1.57
27.08.2021 00:26:10.686,0.9179700000000001,0.9178600000000001,2.19,1.12
27.08.2021 00:26:51.897,0.9179700000000001,0.9178600000000001,1.5,1
27.08.2021 00:26:53.044,0.9179600000000001,0.9178600000000001,1,1
27.08.2021 00:26:55.958,0.9179700000000001,0.9178600000000001,1.5,1
27.08.2021 00:27:05.708,0.9179700000000001,0.91785,1.5,1.57
27.08.2021 00:27:10.120,0.9179700000000001,0.91785,1,1.97
27.08.2021 00:27:10.323,0.91798,0.9178700000000001,1.12,1
27.08.2021 00:27:12.603,0.9179700000000001,0.9178600000000001,1,1.95
27.08.2021 00:27:26.667,0.91798,0.9178700000000001,1.12,1
27.08.2021 00:28:25.360,0.91798,0.9178700000000001,2.19,1
27.08.2021 00:28:25.512,0.9179600000000001,0.9178700000000001,1.69,1
27.08.2021 00:28:25.563,0.91795,0.9178299999999999,2.37,2.07
27.08.2021 00:28:25.664,0.91794,0.9178299999999999,1.12,1
27.08.2021 00:28:29.621,0.91794,0.9178200000000001,1.87,1.1
27.08.2021 00:28:56.224,0.91794,0.9178299999999999,1.5,1
27.08.2021 00:29:26.088,0.91794,0.9178200000000001,1.5,1.5
27.08.2021 00:29:26.189,0.91794,0.9178200000000001,1.75,1
27.08.2021 00:29:36.017,0.91794,0.9178299999999999,1.75,1
27.08.2021 00:29:53.750,0.91794,0.9178299999999999,1.31,1
27.08.2021 00:29:55.630,0.91794,0.9178299999999999,1.94,1
27.08.2021 00:30:00.258,0.91795,0.9178299999999999,1.69,4.95
27.08.2021 00:30:00.360,0.9179600000000001,0.91784,3.75,1.1
27.08.2021 00:30:00.462,0.9179600000000001,0.91784,3.75,1.1
27.08.2021 00:30:00.579,0.9179600000000001,0.9178600000000001,3.75,1
27.08.2021 00:30:00.782,0.9179600000000001,0.9178600000000001,2,1
27.08.2021 00:30:00.884,0.9179600000000001,0.9178600000000001,1.87,1
27.08.2021 00:30:01.771,0.9179700000000001,0.9178299999999999,1.87,1.57
27.08.2021 00:30:04.248,0.9179600000000001,0.9178700000000001,1,1.5
27.08.2021 00:30:04.350,0.9179700000000001,0.9178700000000001,1,1.5
27.08.2021 00:30:09.062,0.9179700000000001,0.91785,1.25,1.2
27.08.2021 00:30:09.270,0.91798,0.9178799999999999,1.25,1.87
27.08.2021 00:30:09.372,0.91799,0.9178700000000001,2.12,3.37
27.08.2021 00:30:28.583,0.9179700000000001,0.9178600000000001,1,1
27.08.2021 00:30:38.097,0.91794,0.91785,1,1
27.08.2021 00:30:38.250,0.9179600000000001,0.91785,2.62,1
27.08.2021 00:30:46.601,0.91795,0.91785,1.12,1
27.08.2021 00:30:46.703,0.91794,0.91785,1,1
27.08.2021 00:30:46.755,0.9179600000000001,0.91785,1.87,1
27.08.2021 00:30:48.653,0.9179600000000001,0.9178600000000001,1.12,1
27.08.2021 00:30:52.436,0.9179700000000001,0.9178700000000001,1,1
27.08.2021 00:30:52.537,0.9179700000000001,0.9178700000000001,1,1
27.08.2021 00:30:58.144,0.9179700000000001,0.91789,1,1
27.08.2021 00:31:02.671,0.91799,0.9179,1,1
27.08.2021 00:31:02.773,0.91799,0.9179100000000001,1,1
27.08.2021 00:31:02.925,0.918,0.9179200000000001,1,1
27.08.2021 00:31:25.063,0.91803,0.9179200000000001,2.44,1
27.08.2021 00:31:25.165,0.9180200000000002,0.9179200000000001,1,1
27.08.2021 00:31:25.998,0.918,0.9179200000000001,1,1.5
27.08.2021 00:31:35.119,0.9180100000000001,0.9179200000000001,1.25,1
27.08.2021 00:31:46.248,0.9180200000000002,0.9179100000000001,1.75,1
27.08.2021 00:31:48.830,0.91799,0.9178799999999999,1.5,2
27.08.2021 00:31:48.933,0.91798,0.9178799999999999,1.5,1.12
27.08.2021 00:31:49.034,0.91798,0.9178700000000001,1.5,2.14
27.08.2021 00:31:51.914,0.91798,0.9178600000000001,3.94,2.14
27.08.2021 00:31:52.016,0.91798,0.9178600000000001,4.06,2.14
27.08.2021 00:32:01.033,0.918,0.91789,1.25,1.95
27.08.2021 00:32:01.235,0.9180100000000001,0.91789,1.82,2
27.08.2021 00:32:01.437,0.91799,0.9178799999999999,1.25,1.2
27.08.2021 00:32:04.944,0.9179700000000001,0.9178799999999999,1,1.5
27.08.2021 00:32:10.549,0.91798,0.9178799999999999,1,1
27.08.2021 00:32:15.782,0.918,0.9178700000000001,2.81,1
27.08.2021 00:32:21.433,0.9180100000000001,0.9178700000000001,1.25,4.7
27.08.2021 00:32:21.585,0.918,0.9178799999999999,3.06,1.5
27.08.2021 00:32:21.686,0.918,0.9178799999999999,3.06,1
27.08.2021 00:32:28.867,0.91799,0.9178700000000001,2.81,1.5
27.08.2021 00:32:34.163,0.9180100000000001,0.91789,2.64,2.32
27.08.2021 00:32:34.265,0.9180100000000001,0.91789,2.14,2.07
27.08.2021 00:32:35.030,0.9180100000000001,0.91789,2.39,1.6
27.08.2021 00:32:35.132,0.918,0.9178799999999999,2.51,1.2
27.08.2021 00:32:36.583,0.918,0.9178799999999999,3.14,1.2
27.08.2021 00:32:37.850,0.9180100000000001,0.9179,1.41,1.12
27.08.2021 00:32:37.952,0.9180100000000001,0.9179,1.25,1.12
27.08.2021 00:32:41.628,0.9180200000000002,0.9179,1,1
27.08.2021 00:32:42.558,0.9180200000000002,0.9179200000000001,1.25,1
27.08.2021 00:32:43.961,0.9180100000000001,0.9179200000000001,1,1.5
27.08.2021 00:33:02.407,0.91803,0.9179200000000001,2.81,1.87
27.08.2021 00:33:02.786,0.9180600000000001,0.9179600000000001,2.12,1.5
27.08.2021 00:33:02.887,0.9180700000000002,0.9179600000000001,2.44,1.5
27.08.2021 00:33:04.106,0.91808,0.91799,1,1
27.08.2021 00:33:04.157,0.9181,0.918,1.12,1
27.08.2021 00:33:09.146,0.9181100000000001,0.918,1.87,1
27.08.2021 00:33:22.972,0.91809,0.918,1,1.5
27.08.2021 00:33:30.783,0.9181100000000001,0.9180100000000001,1.5,1
27.08.2021 00:33:30.834,0.9181200000000002,0.91803,1,1.1
27.08.2021 00:33:30.941,0.91813,0.91803,1,1.5
27.08.2021 00:33:32.716,0.91814,0.91803,1.25,2.25
27.08.2021 00:33:32.844,0.91815,0.91804,2.5,1
27.08.2021 00:33:32.945,0.9181700000000002,0.9180700000000002,1,1
27.08.2021 00:33:33.046,0.91818,0.91808,1.25,1.5
27.08.2021 00:33:38.777,0.9181600000000001,0.91805,1.25,1.57
27.08.2021 00:33:38.879,0.91815,0.91803,1.69,2.72
27.08.2021 00:33:52.163,0.9181600000000001,0.91805,2.06,1.57
27.08.2021 00:33:52.265,0.9181600000000001,0.91804,2.06,1.57
27.08.2021 00:33:52.659,0.9181600000000001,0.91805,1.5,1.57
27.08.2021 00:33:52.761,0.9181700000000002,0.9180600000000001,1.25,1.5
27.08.2021 00:33:52.811,0.91815,0.91804,1.25,2.45
27.08.2021 00:33:52.913,0.91814,0.91803,1.25,3.07
27.08.2021 00:33:53.064,0.91815,0.91804,1.25,1
27.08.2021 00:33:55.518,0.91813,0.91805,1,1
27.08.2021 00:34:04.257,0.9181200000000002,0.9180100000000001,2.06,2.75
27.08.2021 00:34:04.359,0.9181100000000001,0.9180100000000001,1,1
27.08.2021 00:34:04.562,0.9181100000000001,0.9180200000000002,1,1.12
27.08.2021 00:34:04.613,0.91813,0.9180200000000002,1,1.2
27.08.2021 00:34:04.714,0.91814,0.91804,2.12,1
27.08.2021 00:34:04.866,0.91814,0.91804,1.25,1
27.08.2021 00:34:10.645,0.91815,0.91804,1.69,1.12
27.08.2021 00:34:16.618,0.9181600000000001,0.91805,1,4.22
27.08.2021 00:34:16.719,0.9181700000000002,0.9180600000000001,1,3.2
27.08.2021 00:34:17.628,0.91818,0.9180700000000002,1.25,1.2
27.08.2021 00:34:34.853,0.9181700000000002,0.91809,1,1
27.08.2021 00:35:01.548,0.9181900000000001,0.9181,1,1
27.08.2021 00:35:03.412,0.9182,0.91809,1.69,1.6
27.08.2021 00:35:10.747,0.9182,0.91809,1.25,1.2
27.08.2021 00:35:11.142,0.9182,0.91809,1.25,1.6
27.08.2021 00:35:12.054,0.9182100000000001,0.91808,1.25,1.2
27.08.2021 00:35:33.451,0.9181900000000001,0.9181,1,1
27.08.2021 00:36:18.663,0.9182100000000001,0.9181,1.87,1
27.08.2021 00:37:01.415,0.9182,0.9181,1,1.12
27.08.2021 00:37:07.610,0.9182200000000001,0.91809,1.69,1
27.08.2021 00:37:17.982,0.9182100000000001,0.9181200000000002,1.25,1
27.08.2021 00:37:19.406,0.9182200000000001,0.9181200000000002,1.87,1
27.08.2021 00:37:30.470,0.9182100000000001,0.9181100000000001,3,1
27.08.2021 00:37:31.205,0.9182200000000001,0.9181,1.69,1
27.08.2021 00:37:42.936,0.9182,0.9181100000000001,1,1
27.08.2021 00:37:47.723,0.9182100000000001,0.9181100000000001,1.69,1
27.08.2021 00:37:51.288,0.9182,0.9181100000000001,1,1
27.08.2021 00:37:51.389,0.9182100000000001,0.9181100000000001,1.69,1
27.08.2021 00:37:51.545,0.9182400000000001,0.91813,2.69,1
27.08.2021 00:37:51.646,0.9182400000000001,0.91813,1.25,1.12
27.08.2021 00:37:59.670,0.9182600000000001,0.9181600000000001,1.25,1
27.08.2021 00:37:59.822,0.9182700000000001,0.9181700000000002,1.25,1
27.08.2021 00:38:02.133,0.9182600000000001,0.91815,1,1.6
27.08.2021 00:38:02.234,0.9182600000000001,0.91815,1,1.2
27.08.2021 00:38:17.050,0.9182700000000001,0.9181600000000001,1.25,1.5
27.08.2021 00:38:33.284,0.91825,0.91815,1,1.12
27.08.2021 00:38:40.878,0.9182700000000001,0.91815,1.25,1
27.08.2021 00:39:08.205,0.9182700000000001,0.9181600000000001,2.44,1
27.08.2021 00:39:09.056,0.9182700000000001,0.9181700000000002,1,1
27.08.2021 00:39:09.325,0.9182600000000001,0.9181600000000001,1,1.1
27.08.2021 00:39:09.426,0.91828,0.9181600000000001,1.69,1
27.08.2021 00:39:16.614,0.9182600000000001,0.9181600000000001,1,1
27.08.2021 00:39:35.171,0.9182700000000001,0.9181700000000002,1.69,1
27.08.2021 00:39:44.655,0.9183100000000001,0.9182100000000001,1,2.25
27.08.2021 00:39:44.758,0.91829,0.9182,1.25,1
27.08.2021 00:39:44.809,0.9183100000000001,0.9182100000000001,1.25,2.32
27.08.2021 00:39:48.850,0.91833,0.9182100000000001,2.25,1
27.08.2021 00:39:53.346,0.9183100000000001,0.9182200000000001,1.25,1
27.08.2021 00:39:53.773,0.9183200000000001,0.9182200000000001,1.69,1.12
27.08.2021 00:39:55.678,0.9183200000000001,0.91823,1,1
27.08.2021 00:39:55.729,0.91835,0.9182400000000001,3.44,1.12
27.08.2021 00:39:59.340,0.91835,0.9182400000000001,1.12,1.12
27.08.2021 00:40:08.154,0.91835,0.9182400000000001,1.25,1.57
27.08.2021 00:40:12.684,0.91833,0.9182400000000001,1.25,1
27.08.2021 00:40:12.735,0.9183200000000001,0.9182200000000001,1.25,1.87
27.08.2021 00:40:12.836,0.91833,0.91823,2.12,1
27.08.2021 00:40:24.256,0.9183200000000001,0.9182200000000001,1.25,1.12
27.08.2021 00:40:35.226,0.9183600000000001,0.9182600000000001,4.25,1
27.08.2021 00:40:35.277,0.9183700000000001,0.91825,2.06,1
27.08.2021 00:40:43.352,0.91838,0.91828,2.69,1
27.08.2021 00:40:43.454,0.9183700000000001,0.9182700000000001,1,1
27.08.2021 00:40:43.555,0.91838,0.91828,2.81,1
27.08.2021 00:40:46.653,0.9183700000000001,0.9182700000000001,1.25,1
27.08.2021 00:40:54.456,0.91839,0.91829,1.25,1
27.08.2021 00:41:00.304,0.91838,0.91828,1.25,1.12
27.08.2021 00:41:00.406,0.91838,0.9182700000000001,1,1
27.08.2021 00:41:06.994,0.9183700000000001,0.9182600000000001,2.06,1.5
27.08.2021 00:41:07.044,0.9183700000000001,0.9182400000000001,1.25,1.2
27.08.2021 00:41:12.783,0.9183600000000001,0.91825,2.31,1
27.08.2021 00:41:12.935,0.91834,0.9182400000000001,1,1.12
27.08.2021 00:41:20.524,0.9183200000000001,0.9182200000000001,1,1.6
27.08.2021 00:41:20.777,0.91833,0.91823,1.25,1.12
27.08.2021 00:41:25.221,0.9183200000000001,0.91823,1.25,1
27.08.2021 00:42:08.649,0.91835,0.91823,1,1
27.08.2021 00:42:08.750,0.91835,0.91825,2.44,1.12
27.08.2021 00:42:11.023,0.9183600000000001,0.9182600000000001,1,1
27.08.2021 00:42:11.124,0.9183700000000001,0.9182600000000001,2.44,1.12
27.08.2021 00:42:16.501,0.9183600000000001,0.9182600000000001,1.25,1
27.08.2021 00:42:16.602,0.91838,0.91825,2.44,1
27.08.2021 00:42:23.854,0.9183600000000001,0.9182600000000001,1.25,1
27.08.2021 00:42:25.248,0.91838,0.91825,2.44,1
27.08.2021 00:42:40.841,0.9183600000000001,0.9182600000000001,1.25,1
27.08.2021 00:42:40.942,0.9183600000000001,0.9182400000000001,1.69,1.12
27.08.2021 00:43:16.523,0.91834,0.9182400000000001,1.69,1.12
27.08.2021 00:43:16.624,0.9183200000000001,0.9182200000000001,1.69,1.2
27.08.2021 00:43:16.725,0.9183100000000001,0.9182200000000001,1.25,1
27.08.2021 00:43:16.827,0.9183100000000001,0.9182100000000001,1.69,1.12
27.08.2021 00:43:16.978,0.9183100000000001,0.9182100000000001,1,2.07
27.08.2021 00:43:18.276,0.9183,0.9182100000000001,1.25,1
27.08.2021 00:43:18.445,0.9183,0.9182,1.69,1.12
27.08.2021 00:43:20.083,0.91829,0.9182,1.31,1
27.08.2021 00:43:20.591,0.9183100000000001,0.9182200000000001,1,1
27.08.2021 00:43:20.693,0.91835,0.9182400000000001,2.57,1.12
27.08.2021 00:43:20.744,0.91835,0.9182400000000001,1.75,1.5
27.08.2021 00:43:21.233,0.91834,0.9182400000000001,1.25,1.5
27.08.2021 00:43:21.821,0.91833,0.9182400000000001,1.25,1
27.08.2021 00:43:21.923,0.91833,0.91823,1.75,1.12
27.08.2021 00:43:22.025,0.91833,0.91823,1.75,1.5
27.08.2021 00:43:22.126,0.91833,0.91823,1.75,1.12
27.08.2021 00:43:22.227,0.9183200000000001,0.9182200000000001,1.75,1.12
27.08.2021 00:43:44.470,0.91833,0.91823,1.25,1.2
27.08.2021 00:43:44.521,0.91835,0.9182200000000001,1.87,1.7
27.08.2021 00:43:48.661,0.91834,0.91823,1.69,1.7
27.08.2021 00:43:48.772,0.91834,0.91823,1.69,1.95
27.08.2021 00:43:48.873,0.91835,0.9182600000000001,1.25,1
27.08.2021 00:43:48.974,0.9183700000000001,0.91825,2.44,1
27.08.2021 00:43:49.849,0.91835,0.9182600000000001,1.25,1
27.08.2021 00:43:49.950,0.91835,0.9182400000000001,1.69,1.57
27.08.2021 00:43:53.695,0.91835,0.9182400000000001,1.69,1.6
27.08.2021 00:44:03.295,0.9183600000000001,0.91823,1.69,1.5
27.08.2021 00:44:11.745,0.91834,0.9182400000000001,1.25,1.5
27.08.2021 00:44:15.337,0.91834,0.9182400000000001,1.25,1.5
27.08.2021 00:44:15.951,0.91834,0.9182400000000001,1.25,1.5
27.08.2021 00:44:16.164,0.91834,0.9182400000000001,1.25,1.5
27.08.2021 00:44:16.351,0.91834,0.9182400000000001,1.25,1.5
27.08.2021 00:44:19.148,0.91835,0.9182400000000001,1.69,1.6
27.08.2021 00:44:22.472,0.91834,0.91825,1.25,1
27.08.2021 00:44:24.620,0.91834,0.9182400000000001,1.25,1.57
27.08.2021 00:44:33.254,0.91833,0.9182400000000001,1.25,1.5
27.08.2021 00:44:33.357,0.9183200000000001,0.91823,1.25,1.12
27.08.2021 00:44:33.459,0.9183200000000001,0.9182200000000001,1.75,1.5
27.08.2021 00:44:33.570,0.9183200000000001,0.9182200000000001,1.75,1.5
27.08.2021 00:44:43.383,0.9183200000000001,0.9182200000000001,1.25,1.2
27.08.2021 00:44:52.578,0.9183200000000001,0.9182200000000001,1.25,1.6
27.08.2021 00:44:54.309,0.9183200000000001,0.9182200000000001,1.25,1.57
27.08.2021 00:45:17.884,0.9183100000000001,0.9182100000000001,2.81,1
27.08.2021 00:45:17.986,0.9183100000000001,0.9182,1.25,1
27.08.2021 00:45:28.473,0.9183,0.9182100000000001,2.19,1
27.08.2021 00:45:29.705,0.91829,0.9181900000000001,2.56,1
27.08.2021 00:45:29.907,0.91828,0.91818,1.37,1.1
27.08.2021 00:46:03.986,0.91829,0.9182,2.62,1
27.08.2021 00:46:04.087,0.9183100000000001,0.9182100000000001,2.25,2.32
27.08.2021 00:46:04.138,0.91833,0.91823,3.31,1.1
27.08.2021 00:46:04.239,0.91833,0.91823,1.81,1.1
27.08.2021 00:46:04.341,0.91833,0.9182400000000001,1.31,1.1
27.08.2021 00:46:04.593,0.9183200000000001,0.9182200000000001,1.69,1.1
27.08.2021 00:46:04.694,0.9183200000000001,0.9182200000000001,1.69,1.1
27.08.2021 00:46:21.526,0.91833,0.9182400000000001,1.31,1.1
27.08.2021 00:47:02.037,0.9183200000000001,0.9182200000000001,1.69,1.12
27.08.2021 00:47:02.139,0.9183100000000001,0.9182100000000001,2.06,1
27.08.2021 00:47:02.241,0.9183100000000001,0.9182100000000001,2.56,1
27.08.2021 00:47:02.414,0.9183100000000001,0.9182100000000001,2.56,1
27.08.2021 00:47:02.864,0.9183100000000001,0.9182100000000001,2.44,1
27.08.2021 00:47:04.151,0.9183,0.9182,2.44,1
27.08.2021 00:47:18.530,0.9183,0.9182100000000001,1.69,1
27.08.2021 00:47:18.631,0.9183200000000001,0.9182200000000001,1.12,1.95
27.08.2021 00:47:18.783,0.9183200000000001,0.9182200000000001,1.75,1
27.08.2021 00:48:04.771,0.91834,0.9182400000000001,1.5,1
27.08.2021 00:48:04.873,0.91834,0.9182400000000001,1,1
27.08.2021 00:48:10.206,0.91835,0.91825,2.81,1
27.08.2021 00:48:27.908,0.91835,0.9182400000000001,1.69,1
27.08.2021 00:48:32.528,0.91834,0.91823,1.69,1.97
27.08.2021 00:48:32.785,0.91835,0.9182200000000001,2.56,1.97
27.08.2021 00:48:32.946,0.91833,0.9182200000000001,2.87,1.1
27.08.2021 00:48:37.833,0.91834,0.9182400000000001,2.06,1
27.08.2021 00:48:44.147,0.9183200000000001,0.9182200000000001,1.25,1.1
27.08.2021 00:48:44.249,0.9183100000000001,0.9182100000000001,2.06,1.1
27.08.2021 00:48:47.144,0.9183100000000001,0.9182100000000001,2.06,1.1
27.08.2021 00:48:51.478,0.91833,0.91823,2.5,1.1
27.08.2021 00:48:55.932,0.91833,0.91823,1.75,1.1
27.08.2021 00:49:07.436,0.91833,0.91823,1.25,1.1
27.08.2021 00:49:14.697,0.9183200000000001,0.9182200000000001,3.56,1
27.08.2021 00:49:14.799,0.9183100000000001,0.9182100000000001,2.06,1
27.08.2021 00:50:00.544,0.91829,0.9181900000000001,1.81,1
27.08.2021 00:50:00.659,0.91828,0.91818,1.31,1
27.08.2021 00:50:00.760,0.91828,0.91818,1.81,1
27.08.2021 00:50:08.467,0.9182700000000001,0.9181700000000002,1.31,1
27.08.2021 00:51:03.467,0.91828,0.91818,3.26,1
27.08.2021 00:51:03.678,0.91828,0.91818,3.32,1
27.08.2021 00:51:34.818,0.91828,0.91818,2.44,1
27.08.2021 00:51:58.447,0.91828,0.9181700000000002,2.81,1
27.08.2021 00:51:59.211,0.91828,0.9181700000000002,2.87,1
27.08.2021 00:52:33.390,0.9182700000000001,0.9181600000000001,1.69,1.5
27.08.2021 00:52:37.123,0.9182700000000001,0.9181700000000002,2.44,1
27.08.2021 00:53:10.078,0.9182400000000001,0.9181600000000001,2.25,1
27.08.2021 00:53:10.179,0.9182200000000001,0.91814,1.25,1
27.08.2021 00:53:10.554,0.9182100000000001,0.9181200000000002,1,1.5
27.08.2021 00:53:21.864,0.9181900000000001,0.9181100000000001,1,1
27.08.2021 00:53:21.965,0.9181700000000002,0.9181,1,1
27.08.2021 00:53:22.067,0.9181700000000002,0.91809,1,1.5
27.08.2021 00:53:39.937,0.91814,0.9180700000000002,1.25,1
27.08.2021 00:53:39.988,0.91815,0.91805,3.62,1.87
27.08.2021 00:53:48.615,0.91813,0.91803,1,2.07
27.08.2021 00:53:48.716,0.91813,0.91803,1,1.87
27.08.2021 00:53:48.817,0.91814,0.91804,1.25,1
27.08.2021 00:54:00.312,0.91814,0.91804,1,1.5
27.08.2021 00:54:00.363,0.9181600000000001,0.91808,1.12,1
27.08.2021 00:54:00.464,0.9181700000000002,0.9180700000000002,1.5,1
27.08.2021 00:54:10.985,0.9181600000000001,0.91805,1.5,1.95
27.08.2021 00:54:15.300,0.9181600000000001,0.9180700000000002,1,1
27.08.2021 00:54:15.351,0.91818,0.91808,1.69,1
27.08.2021 00:54:18.212,0.91818,0.91809,1,1
27.08.2021 00:54:26.199,0.9182100000000001,0.91813,1.87,1
27.08.2021 00:54:27.456,0.9182400000000001,0.91815,1,1
27.08.2021 00:54:27.557,0.91825,0.91815,1.69,1.5
27.08.2021 00:54:29.906,0.91825,0.9181600000000001,1,1
27.08.2021 00:54:31.534,0.9182700000000001,0.9181700000000002,1.87,1
27.08.2021 00:54:31.635,0.91828,0.9181700000000002,1,1
27.08.2021 00:54:33.596,0.91828,0.9181900000000001,2.62,1
27.08.2021 00:54:33.698,0.91828,0.91818,2.25,1.5
27.08.2021 00:54:34.122,0.9182700000000001,0.9181700000000002,2.56,1
27.08.2021 00:54:37.126,0.9182700000000001,0.91818,1.5,1
27.08.2021 00:54:37.231,0.91828,0.91818,3.19,1
27.08.2021 00:54:40.116,0.91828,0.91818,3.25,1
27.08.2021 00:54:40.578,0.91828,0.91818,3.19,1
27.08.2021 00:54:40.680,0.91828,0.9181700000000002,1,1
27.08.2021 00:54:41.294,0.9182600000000001,0.9181600000000001,1.25,1.87
27.08.2021 00:54:44.059,0.9182700000000001,0.9181700000000002,2.62,1
27.08.2021 00:54:45.724,0.9182600000000001,0.9181600000000001,1.25,1.5
27.08.2021 00:54:47.548,0.9182700000000001,0.9181700000000002,1.69,1
27.08.2021 00:54:54.623,0.91828,0.9181700000000002,1,1
27.08.2021 00:54:54.724,0.91828,0.91818,2.25,1
27.08.2021 00:54:55.941,0.9182700000000001,0.91818,1,1
27.08.2021 00:54:56.093,0.9182700000000001,0.9181700000000002,1,1.5
27.08.2021 00:54:58.025,0.9182700000000001,0.9181900000000001,1,1
27.08.2021 00:55:00.055,0.9182600000000001,0.9181600000000001,1.69,1.5
27.08.2021 00:55:00.156,0.9182600000000001,0.9181700000000002,1,1
27.08.2021 00:55:00.395,0.9182700000000001,0.91818,1.5,1
27.08.2021 00:55:00.496,0.91828,0.91818,2.44,1
27.08.2021 00:55:00.597,0.91828,0.91818,3.44,1
27.08.2021 00:55:00.867,0.91828,0.91818,2.44,1
27.08.2021 00:55:01.496,0.91829,0.9181700000000002,3.44,1
27.08.2021 00:55:01.597,0.9182600000000001,0.9181700000000002,1,1
27.08.2021 00:55:02.227,0.9182600000000001,0.9181600000000001,1.5,1.1
27.08.2021 00:55:02.277,0.91825,0.91815,3.44,1.5
27.08.2021 00:55:02.379,0.91823,0.91813,1,1
27.08.2021 00:55:02.480,0.9182200000000001,0.91813,1,1
27.08.2021 00:55:02.601,0.9182200000000001,0.9181200000000002,2.25,1
27.08.2021 00:55:02.702,0.9182200000000001,0.91813,1.5,1
27.08.2021 00:55:02.884,0.9182200000000001,0.9181200000000002,2.25,1
27.08.2021 00:55:16.979,0.91823,0.91813,1.31,1
27.08.2021 00:55:18.330,0.9182400000000001,0.9181200000000002,1,1.5
27.08.2021 00:55:18.458,0.91825,0.91814,1.25,1.95
27.08.2021 00:55:18.660,0.91825,0.91814,1.25,2.07
27.08.2021 00:55:34.077,0.9182600000000001,0.9181600000000001,2.06,1
27.08.2021 00:55:36.919,0.9182600000000001,0.9181600000000001,4.12,1
27.08.2021 00:55:37.020,0.91825,0.91815,2.81,1.12
27.08.2021 00:55:37.121,0.9182400000000001,0.91813,1.12,1.2
27.08.2021 00:55:38.649,0.9182400000000001,0.91813,1.62,1.2
27.08.2021 00:55:40.495,0.9182200000000001,0.9181200000000002,1,1.12
27.08.2021 00:56:19.420,0.91823,0.91815,1.12,1
27.08.2021 00:56:19.521,0.9182400000000001,0.91814,1.25,1.5
27.08.2021 00:56:19.726,0.9182400000000001,0.91814,1,2.07
27.08.2021 00:56:19.930,0.91825,0.91815,1.25,1.87
27.08.2021 00:56:21.719,0.9182600000000001,0.91814,1.25,2.07
27.08.2021 00:56:22.241,0.91825,0.91815,1.25,1.87
27.08.2021 00:56:25.650,0.9182600000000001,0.91814,1.25,2
27.08.2021 00:56:32.643,0.91825,0.91815,1,2.32
27.08.2021 00:56:48.206,0.91825,0.9181600000000001,1,1.6
27.08.2021 00:56:48.307,0.9182700000000001,0.91815,1,1.6
27.08.2021 00:56:48.734,0.9182600000000001,0.9181600000000001,1,1.57
27.08.2021 00:56:49.042,0.9182600000000001,0.9181600000000001,1,1.6
27.08.2021 00:56:49.737,0.9182600000000001,0.9181600000000001,1,1.2
27.08.2021 00:56:49.972,0.91828,0.9181600000000001,1,1
27.08.2021 00:56:50.074,0.9183,0.9182100000000001,1.69,1
27.08.2021 00:56:52.613,0.91833,0.9182400000000001,1.25,1
27.08.2021 00:56:54.487,0.91835,0.91823,1.25,1.87
27.08.2021 00:56:54.639,0.91835,0.91825,1,1
27.08.2021 00:57:05.784,0.91835,0.91825,1,1.6
27.08.2021 00:57:05.886,0.9183700000000001,0.9182600000000001,2.06,1.1
27.08.2021 00:57:05.987,0.9183700000000001,0.9182600000000001,1.69,1.1
27.08.2021 00:57:06.088,0.9183700000000001,0.9182600000000001,1.69,1.1
27.08.2021 00:57:08.305,0.9183700000000001,0.91828,1,1
27.08.2021 00:57:21.920,0.9183600000000001,0.9182600000000001,1,1.1
27.08.2021 00:57:30.058,0.9183600000000001,0.9182600000000001,1.35,1
27.08.2021 00:57:50.437,0.9183600000000001,0.9182600000000001,1.79,1
27.08.2021 00:57:50.538,0.91835,0.91825,1.1,1
27.08.2021 00:58:03.098,0.91835,0.91825,1,1
27.08.2021 00:58:03.149,0.91835,0.91825,1.1,1
27.08.2021 00:58:22.584,0.91834,0.9182400000000001,1.1,1.5
27.08.2021 00:58:22.686,0.91834,0.9182400000000001,1.1,1.5
27.08.2021 00:58:30.949,0.9183200000000001,0.91823,1.35,2
27.08.2021 00:58:31.000,0.9183200000000001,0.9182200000000001,1.35,1.87
27.08.2021 00:58:31.289,0.91833,0.9182400000000001,4.1,1
27.08.2021 00:58:31.391,0.91833,0.91823,4.85,1
27.08.2021 00:58:31.890,0.91833,0.91825,1.1,1
27.08.2021 00:58:31.991,0.91833,0.9182600000000001,1.1,1
27.08.2021 00:58:32.042,0.9183100000000001,0.9182200000000001,1.85,1
27.08.2021 00:58:32.143,0.9183100000000001,0.9182100000000001,2.6,1
27.08.2021 00:58:36.048,0.9183,0.9182100000000001,1.25,1
27.08.2021 00:58:36.149,0.9183,0.9182100000000001,1.35,1
27.08.2021 00:59:07.095,0.91828,0.91818,1.79,1
27.08.2021 00:59:08.154,0.91828,0.91818,1.25,1
27.08.2021 00:59:08.255,0.91828,0.91818,1.35,1
27.08.2021 00:59:09.283,0.91829,0.9181700000000002,1.25,1
27.08.2021 00:59:09.395,0.91828,0.91818,1.35,1
27.08.2021 00:59:15.463,0.91828,0.91818,1.41,1
27.08.2021 00:59:17.197,0.9182700000000001,0.9181600000000001,2.04,1
27.08.2021 00:59:18.528,0.91825,0.91815,1.1,1.12
27.08.2021 00:59:18.630,0.9182400000000001,0.91814,1.35,1.12
27.08.2021 00:59:18.731,0.91823,0.91813,1.41,1
27.08.2021 00:59:32.773,0.9182600000000001,0.91815,2.22,1
27.08.2021 00:59:32.874,0.9182600000000001,0.91815,2.04,1.12
27.08.2021 00:59:32.975,0.9182600000000001,0.91815,2.04,1.5
27.08.2021 00:59:34.824,0.9182600000000001,0.91815,2.04,1
27.08.2021 00:59:38.479,0.9182700000000001,0.9181700000000002,1.35,1
27.08.2021 00:59:38.682,0.9183,0.9182100000000001,1.22,1.5
27.08.2021 00:59:38.835,0.9183200000000001,0.91823,4.54,1
27.08.2021 00:59:38.987,0.9183200000000001,0.91823,4.04,1
27.08.2021 00:59:40.097,0.91829,0.9182200000000001,1.82,1
27.08.2021 00:59:40.148,0.9183,0.9181900000000001,1.85,1
27.08.2021 00:59:40.251,0.91829,0.9181900000000001,1.85,1
27.08.2021 00:59:40.352,0.91828,0.9181700000000002,1.35,2
27.08.2021 00:59:41.146,0.91829,0.91818,2.2,1.2
27.08.2021 00:59:41.247,0.91829,0.91818,2.22,1.12
27.08.2021 00:59:42.294,0.91829,0.91818,2.2,1.2
27.08.2021 00:59:42.396,0.91829,0.91818,2.22,1.12
27.08.2021 00:59:45.400,0.91829,0.91818,2.97,1
27.08.2021 00:59:56.156,0.9182700000000001,0.9181700000000002,2.22,1
27.08.2021 00:59:56.257,0.9182700000000001,0.9181700000000002,2.22,1
27.08.2021 00:59:58.976,0.9182600000000001,0.9181600000000001,1.85,1
27.08.2021 00:59:59.077,0.9182600000000001,0.9181600000000001,1.85,1
27.08.2021 00:59:59.128,0.91823,0.9181200000000002,1.35,1.12
27.08.2021 01:00:00.481,0.9182200000000001,0.9181200000000002,2.6,1
27.08.2021 01:00:03.510,0.91823,0.9181100000000001,2.16,1
27.08.2021 01:00:10.352,0.9182100000000001,0.9181100000000001,1.1,1
27.08.2021 01:00:11.035,0.91818,0.9180700000000002,2.6,1
27.08.2021 01:00:11.136,0.91818,0.9180700000000002,2.6,1
27.08.2021 01:00:12.039,0.91818,0.91808,1.85,1
27.08.2021 01:00:12.141,0.9181700000000002,0.9180700000000002,2.79,1.5
27.08.2021 01:00:12.398,0.9181700000000002,0.91809,1.79,1
27.08.2021 01:00:13.179,0.91818,0.91808,1.5,1
27.08.2021 01:00:13.281,0.9181700000000002,0.91809,1.6,1
27.08.2021 01:00:15.053,0.9181700000000002,0.91809,1.5,1
27.08.2021 01:00:15.154,0.9181700000000002,0.91809,1.6,1
27.08.2021 01:00:21.046,0.91815,0.9180600000000001,1.1,1.5
27.08.2021 01:00:21.147,0.91814,0.91805,1.1,1.5
27.08.2021 01:00:23.592,0.91814,0.91805,1.1,1.5
27.08.2021 01:00:32.624,0.9181700000000002,0.91809,1.97,1
27.08.2021 01:00:34.337,0.9181700000000002,0.91809,1.1,1
27.08.2021 01:00:45.048,0.9181700000000002,0.91809,2.5,1
27.08.2021 01:00:45.099,0.9181700000000002,0.91805,1.79,1
27.08.2021 01:00:45.200,0.9181600000000001,0.9180700000000002,1.35,1
27.08.2021 01:00:46.146,0.91818,0.9180600000000001,2.57,1.5
27.08.2021 01:00:46.248,0.9181700000000002,0.9180700000000002,2.6,1.5
27.08.2021 01:00:48.064,0.9181700000000002,0.9180700000000002,2.57,1.5
27.08.2021 01:00:48.165,0.9181700000000002,0.9180700000000002,2.6,1.5
27.08.2021 01:00:49.931,0.9181700000000002,0.9180700000000002,1.6,1.5
27.08.2021 01:01:06.473,0.9181600000000001,0.9180700000000002,1.1,1
27.08.2021 01:01:08.584,0.9181700000000002,0.9180700000000002,1.6,1
27.08.2021 01:01:09.149,0.9181700000000002,0.91808,1.1,1
27.08.2021 01:01:13.797,0.91818,0.9180600000000001,1.6,1
27.08.2021 01:01:21.123,0.9181700000000002,0.9180700000000002,1.5,1.1
27.08.2021 01:01:21.224,0.9181700000000002,0.9180700000000002,1.6,1
27.08.2021 01:01:48.093,0.91813,0.91803,1.1,2.25
27.08.2021 01:01:48.194,0.91814,0.91805,1.1,1
27.08.2021 01:01:49.189,0.91813,0.91805,1,1
27.08.2021 01:01:49.291,0.91814,0.91804,1.1,1
27.08.2021 01:01:49.442,0.9181200000000002,0.91803,1.1,1
27.08.2021 01:01:49.544,0.9181200000000002,0.9180200000000002,1.6,1
27.08.2021 01:01:53.083,0.91813,0.9180100000000001,1.5,1.1
27.08.2021 01:01:53.196,0.9181200000000002,0.9180200000000002,1.6,1
27.08.2021 01:01:55.293,0.9181,0.9180100000000001,1.1,1
27.08.2021 01:01:55.445,0.9181,0.9180100000000001,1.1,1
27.08.2021 01:01:55.546,0.9181,0.9180100000000001,1.1,1
27.08.2021 01:01:56.623,0.9181,0.9180100000000001,1.1,1
27.08.2021 01:02:02.111,0.9181,0.9180100000000001,1.1,1.5
27.08.2021 01:02:06.580,0.9181,0.9180100000000001,1.1,1.5
27.08.2021 01:02:08.076,0.9181,0.9180100000000001,1.1,1.5
27.08.2021 01:02:09.543,0.9181,0.9180100000000001,1.1,1.5
27.08.2021 01:02:15.699,0.91809,0.918,1.1,1.5
27.08.2021 01:02:16.918,0.91809,0.918,1.1,1
27.08.2021 01:02:24.077,0.9181,0.918,1.5,1.57
27.08.2021 01:02:24.178,0.9181,0.9180100000000001,1.6,1
27.08.2021 01:02:28.200,0.91809,0.918,1.1,1.5
27.08.2021 01:02:28.251,0.91808,0.91798,1.6,2.25
27.08.2021 01:02:30.041,0.91808,0.918,1.6,1
27.08.2021 01:02:30.142,0.9180700000000002,0.91799,1.1,1
27.08.2021 01:02:30.398,0.91808,0.918,1.1,1
27.08.2021 01:02:47.794,0.91809,0.9180100000000001,1.1,1.5
27.08.2021 01:02:47.896,0.9181200000000002,0.9180200000000002,1.1,1
27.08.2021 01:02:47.947,0.91813,0.91805,1.1,1
27.08.2021 01:02:48.048,0.91814,0.9180600000000001,1.1,1
27.08.2021 01:02:50.965,0.91813,0.91805,1.1,1
27.08.2021 01:03:00.057,0.91814,0.9180600000000001,1.69,1
27.08.2021 01:03:00.209,0.91815,0.9180700000000002,1,1
27.08.2021 01:03:00.750,0.91818,0.9181,1.12,1
27.08.2021 01:03:06.016,0.9181700000000002,0.91809,1,1
27.08.2021 01:03:32.584,0.91815,0.91809,1,1
27.08.2021 01:03:32.635,0.91813,0.91805,1,3
27.08.2021 01:03:32.737,0.9181,0.91803,1,1
27.08.2021 01:03:32.838,0.9181100000000001,0.9180100000000001,1,2.25
27.08.2021 01:04:14.164,0.9181100000000001,0.91803,1,1
27.08.2021 01:04:14.316,0.9181200000000002,0.9180600000000001,1,1
27.08.2021 01:04:14.830,0.91814,0.9180600000000001,1,2.25
27.08.2021 01:04:14.931,0.91813,0.91805,1,1.5
27.08.2021 01:04:15.032,0.91814,0.91804,3.35,1
27.08.2021 01:04:16.716,0.9181200000000002,0.91804,1,1
27.08.2021 01:04:24.089,0.91815,0.91805,6.32,3
27.08.2021 01:04:24.140,0.9181700000000002,0.91808,2.45,1
27.08.2021 01:04:24.241,0.9182,0.91808,2.7,1
27.08.2021 01:04:26.464,0.91818,0.91808,1.75,1.5
27.08.2021 01:04:27.132,0.91815,0.9180600000000001,1.57,1.5
27.08.2021 01:04:27.183,0.91815,0.91805,1.57,1.5
27.08.2021 01:04:27.284,0.91814,0.91804,1.1,1.87
27.08.2021 01:04:30.362,0.91815,0.9180700000000002,1,1
27.08.2021 01:04:30.463,0.91818,0.91808,1.87,1
27.08.2021 01:04:30.514,0.91818,0.9181,1.87,1
27.08.2021 01:04:30.565,0.91818,0.91808,1,1
27.08.2021 01:04:32.004,0.91818,0.91809,1,1
27.08.2021 01:04:33.356,0.9182200000000001,0.91813,2,1.5
27.08.2021 01:04:33.457,0.91823,0.91813,1,3
27.08.2021 01:04:39.062,0.9182,0.9181,1.57,1.51
27.08.2021 01:04:39.163,0.9182,0.9181,2.32,1.1
27.08.2021 01:04:42.613,0.9181900000000001,0.91809,1.5,1.5
27.08.2021 01:04:50.560,0.9182,0.9181,1.1,2.45
27.08.2021 01:04:50.663,0.9182,0.9181,2.32,1
27.08.2021 01:04:50.764,0.9181900000000001,0.91809,1,1.5
27.08.2021 01:04:51.076,0.9182,0.9181,1.95,1
27.08.2021 01:05:36.248,0.9182100000000001,0.9181100000000001,1,1
27.08.2021 01:06:03.103,0.9182,0.9181,1,1
27.08.2021 01:06:03.205,0.9182,0.91808,1,1
27.08.2021 01:06:03.356,0.9182,0.9181,1,1.5
27.08.2021 01:06:03.458,0.9182200000000001,0.9181100000000001,2.54,1
27.08.2021 01:06:03.762,0.9182,0.9181,1,1.5
27.08.2021 01:06:08.445,0.9182100000000001,0.9181100000000001,2.25,1
27.08.2021 01:06:11.884,0.91823,0.91813,1,1.95
27.08.2021 01:06:11.986,0.9182600000000001,0.91815,2.7,1.5
27.08.2021 01:06:22.320,0.9182400000000001,0.91815,1.1,1
27.08.2021 01:06:22.421,0.91823,0.91814,1.1,1
27.08.2021 01:06:23.232,0.91823,0.91813,1.57,1
27.08.2021 01:07:16.098,0.91823,0.91813,2.76,1
27.08.2021 01:07:18.198,0.91823,0.9181200000000002,2.39,1.12
27.08.2021 01:07:34.923,0.9182400000000001,0.91813,3.14,1
27.08.2021 01:07:35.024,0.9182400000000001,0.91813,2.51,1
27.08.2021 01:07:45.368,0.9182200000000001,0.9181200000000002,1,1.87
27.08.2021 01:08:34.826,0.91823,0.91813,1,1
27.08.2021 01:08:43.682,0.91825,0.91815,1,1
27.08.2021 01:09:03.048,0.9182400000000001,0.91815,1.1,1
27.08.2021 01:09:03.149,0.9182400000000001,0.91814,2.32,1
27.08.2021 01:09:03.301,0.9182400000000001,0.91814,2.35,1
27.08.2021 01:09:03.982,0.91823,0.91813,1.1,1.25
27.08.2021 01:09:04.828,0.9182200000000001,0.91813,1,1
27.08.2021 01:09:04.929,0.9182100000000001,0.9181100000000001,1.1,1
27.08.2021 01:10:02.220,0.9182100000000001,0.9181200000000002,1,1
27.08.2021 01:10:03.199,0.91823,0.91813,2.32,1
27.08.2021 01:10:03.351,0.91823,0.91814,1,1
27.08.2021 01:10:07.199,0.91823,0.91813,1.5,1.57
27.08.2021 01:10:13.045,0.91825,0.91813,1.5,1.57
27.08.2021 01:10:27.294,0.91823,0.9181200000000002,1.2,1.25
27.08.2021 01:10:27.497,0.91823,0.91814,1,1
27.08.2021 01:10:27.598,0.9182400000000001,0.91814,1.57,1
27.08.2021 01:10:34.331,0.91825,0.91814,1,1
27.08.2021 01:11:02.448,0.9182400000000001,0.91814,1.76,1.5
27.08.2021 01:11:18.179,0.9182400000000001,0.91815,1,1
27.08.2021 01:11:38.056,0.9182400000000001,0.91814,2.51,1.5
27.08.2021 01:11:49.590,0.91823,0.91813,1.57,1.87
27.08.2021 01:11:56.154,0.9182200000000001,0.91813,1,1
27.08.2021 01:11:56.306,0.9182200000000001,0.9181200000000002,1.57,1
27.08.2021 01:12:33.425,0.9182100000000001,0.91809,2.25,1
27.08.2021 01:12:53.600,0.9182,0.91808,1.57,1
27.08.2021 01:12:53.805,0.91818,0.91808,1,1.87
27.08.2021 01:13:48.820,0.9181700000000002,0.9180700000000002,1,1.1
27.08.2021 01:14:01.213,0.9181700000000002,0.9180700000000002,1,1.97
27.08.2021 01:14:01.314,0.9181700000000002,0.9180700000000002,1,2.32
27.08.2021 01:14:02.263,0.9181700000000002,0.9180700000000002,1,1.97
27.08.2021 01:14:05.322,0.9181700000000002,0.9180700000000002,1,1.95
27.08.2021 01:14:07.505,0.91818,0.91808,1.1,1
27.08.2021 01:14:08.539,0.91813,0.91803,1,1.2
27.08.2021 01:14:08.640,0.91814,0.91805,1,1
27.08.2021 01:14:09.347,0.9181600000000001,0.9180600000000001,1,1.2
27.08.2021 01:14:09.449,0.9181600000000001,0.9180600000000001,1,1.22
27.08.2021 01:14:09.551,0.91818,0.9180600000000001,1.5,1.1
27.08.2021 01:14:15.580,0.9181600000000001,0.9180600000000001,1,1.22
27.08.2021 01:14:15.733,0.9181600000000001,0.9180600000000001,1.57,1
27.08.2021 01:14:18.129,0.91815,0.9180600000000001,1,1
27.08.2021 01:14:24.472,0.91815,0.91805,3.26,1
27.08.2021 01:14:24.573,0.91814,0.91805,1.1,1
27.08.2021 01:14:27.286,0.91813,0.91805,1,1
27.08.2021 01:14:27.337,0.9181200000000002,0.9180200000000002,1.1,1
27.08.2021 01:14:27.438,0.9181100000000001,0.9180100000000001,1.57,1
27.08.2021 01:14:28.996,0.9181100000000001,0.9180200000000002,1.1,1
27.08.2021 01:14:29.702,0.9181200000000002,0.91803,1,1
27.08.2021 01:14:29.803,0.91813,0.91805,1,1
27.08.2021 01:14:29.904,0.91815,0.91805,1.57,1
27.08.2021 01:14:30.006,0.91815,0.9180600000000001,1.1,1
27.08.2021 01:14:32.584,0.9181700000000002,0.9180700000000002,1.5,1.1
27.08.2021 01:14:32.635,0.91815,0.9180700000000002,2.25,1
27.08.2021 01:14:32.839,0.91815,0.9180600000000001,1.5,1
27.08.2021 01:14:34.068,0.9181600000000001,0.91805,1.25,1.22
27.08.2021 01:14:40.518,0.91818,0.9180600000000001,1.57,1.79
27.08.2021 01:14:40.620,0.9181700000000002,0.9180600000000001,1,2.16
27.08.2021 01:14:40.721,0.9181600000000001,0.91804,1.25,3.79
27.08.2021 01:14:43.201,0.9181600000000001,0.91805,1.25,1.6
27.08.2021 01:14:49.436,0.9181600000000001,0.91805,1,1
27.08.2021 01:15:00.912,0.9181700000000002,0.91805,1.69,1.12
27.08.2021 01:15:03.572,0.9181900000000001,0.9180700000000002,2.81,1
27.08.2021 01:15:03.674,0.9181900000000001,0.9180700000000002,1.69,1.5
27.08.2021 01:15:03.725,0.91818,0.9180600000000001,1,1.87
27.08.2021 01:15:06.674,0.9181700000000002,0.9180600000000001,1,1
27.08.2021 01:15:07.190,0.9181700000000002,0.91805,1.5,1.5
27.08.2021 01:15:11.628,0.9181600000000001,0.91805,1,1.12
27.08.2021 01:15:12.694,0.91814,0.91803,1,1.5
27.08.2021 01:15:17.610,0.9181100000000001,0.918,1,1.76
27.08.2021 01:15:24.577,0.9181100000000001,0.91799,1.1,1.39
27.08.2021 01:15:32.122,0.9181100000000001,0.91799,1.5,2.57
27.08.2021 01:15:42.319,0.9181100000000001,0.91799,1.57,2.25
27.08.2021 01:15:42.730,0.9181,0.91799,1,1.87
27.08.2021 01:16:01.984,0.9181100000000001,0.918,1,2.95
27.08.2021 01:16:02.085,0.9181200000000002,0.9180200000000002,1,1.25
27.08.2021 01:16:02.186,0.91813,0.9180200000000002,1,2.19
27.08.2021 01:16:02.435,0.91814,0.9180100000000001,1,2.44
27.08.2021 01:16:07.296,0.9181100000000001,0.918,1,1.62
27.08.2021 01:16:07.397,0.9181100000000001,0.91799,1.5,4.57
27.08.2021 01:16:17.247,0.9181,0.91799,1,2.51
27.08.2021 01:16:17.812,0.9181,0.91799,1,3.32
27.08.2021 01:16:21.899,0.9181100000000001,0.918,1.5,1.01
27.08.2021 01:16:27.953,0.9181100000000001,0.9180100000000001,1,1.01
27.08.2021 01:16:28.054,0.9181100000000001,0.9180100000000001,1,1.89
27.08.2021 01:16:28.105,0.91814,0.9180200000000002,1.5,5.66
27.08.2021 01:16:28.307,0.91814,0.91803,1,2.26
27.08.2021 01:16:28.514,0.91814,0.91803,1,2.14
27.08.2021 01:16:33.916,0.91815,0.91803,1.57,2.89
27.08.2021 01:16:51.409,0.91814,0.91803,1,2.06
27.08.2021 01:17:05.475,0.91814,0.91803,1,2.19
27.08.2021 01:17:11.705,0.91815,0.91803,1.57,2.94
27.08.2021 01:17:12.401,0.9181600000000001,0.9180200000000002,1.57,3.19
27.08.2021 01:17:13.333,0.91815,0.91803,1.5,3.01
27.08.2021 01:17:13.741,0.91818,0.91805,1,2.95
27.08.2021 01:17:13.842,0.9181900000000001,0.9180700000000002,1.2,4.31
27.08.2021 01:17:13.943,0.9181900000000001,0.9180700000000002,1.76,2.75
27.08.2021 01:17:14.402,0.9181900000000001,0.91808,1.76,1
27.08.2021 01:17:23.029,0.91818,0.9180700000000002,1,2
27.08.2021 01:17:48.350,0.91818,0.91808,2.54,1
27.08.2021 01:17:48.401,0.9181700000000002,0.91805,1.76,1
27.08.2021 01:17:48.603,0.91815,0.91805,1.57,1
27.08.2021 01:17:49.728,0.91815,0.9180600000000001,1,1
27.08.2021 01:18:04.469,0.91813,0.9180600000000001,1,1
27.08.2021 01:18:04.520,0.9181200000000002,0.91803,1,1
27.08.2021 01:18:04.673,0.9181100000000001,0.9180200000000002,1,1
27.08.2021 01:18:12.048,0.9181100000000001,0.91803,1,1
27.08.2021 01:18:18.607,0.9181200000000002,0.91803,1,1
27.08.2021 01:18:19.521,0.91814,0.91803,1,1
27.08.2021 01:18:57.342,0.91813,0.91803,1.79,1
27.08.2021 01:18:57.444,0.9181100000000001,0.9180100000000001,1,2.82
27.08.2021 01:18:57.495,0.9181,0.918,1,1.95
27.08.2021 01:18:57.697,0.9181,0.9180100000000001,1,1
27.08.2021 01:19:05.205,0.9181200000000002,0.9180200000000002,1.95,1
27.08.2021 01:19:05.358,0.91813,0.91804,1.1,1.12
27.08.2021 01:19:05.511,0.91814,0.91804,2.51,1
27.08.2021 01:19:05.918,0.91813,0.91804,1.01,1
27.08.2021 01:19:06.517,0.91814,0.91804,3.07,1
27.08.2021 01:19:09.483,0.91814,0.91804,2.72,1
27.08.2021 01:19:10.170,0.91814,0.91804,2.7,1
27.08.2021 01:19:10.274,0.91814,0.91804,2.72,1
27.08.2021 01:19:10.553,0.91815,0.91803,2.7,1
27.08.2021 01:19:11.950,0.91814,0.91804,2.72,1
27.08.2021 01:19:15.167,0.91814,0.91804,2.7,1
27.08.2021 01:19:15.269,0.91814,0.91804,2.72,1
27.08.2021 01:19:26.293,0.91813,0.91803,1.01,1
27.08.2021 01:19:26.394,0.91813,0.91803,1.35,1
27.08.2021 01:19:33.172,0.91813,0.91803,1,1
27.08.2021 01:19:33.273,0.91814,0.91803,2.51,1.1
27.08.2021 01:19:36.533,0.91814,0.91803,2.54,1
27.08.2021 01:19:36.713,0.91814,0.91803,2.51,1.1
27.08.2021 01:19:36.909,0.91814,0.91803,4.41,1
27.08.2021 01:19:48.022,0.91813,0.91805,1,1
27.08.2021 01:19:50.438,0.91813,0.91803,1.76,1
27.08.2021 01:19:50.642,0.91813,0.91804,1.1,1
27.08.2021 01:20:01.158,0.9181100000000001,0.9180100000000001,1.1,2.25
27.08.2021 01:20:01.260,0.9181200000000002,0.9180200000000002,1.01,1
27.08.2021 01:20:05.418,0.9181100000000001,0.9180200000000002,1,1
27.08.2021 01:20:28.953,0.9181,0.9180100000000001,1,1
27.08.2021 01:20:29.054,0.9181,0.918,1.1,1.5
27.08.2021 01:20:49.362,0.9180700000000002,0.9179700000000001,3.07,1.81
27.08.2021 01:20:49.413,0.9180700000000002,0.9179700000000001,3.07,1.5
27.08.2021 01:20:49.514,0.9180700000000002,0.91795,1.57,1
27.08.2021 01:20:53.337,0.9180700000000002,0.9179700000000001,1.57,1
27.08.2021 01:20:53.489,0.91808,0.91798,1,1.87
27.08.2021 01:20:53.594,0.9181100000000001,0.91798,2.54,1.5
27.08.2021 01:20:53.696,0.9181,0.91799,2.16,2
27.08.2021 01:20:53.797,0.9181,0.91799,2.14,2
27.08.2021 01:20:53.898,0.9181,0.91799,2.16,2
27.08.2021 01:20:53.999,0.9181,0.91799,2.14,2
27.08.2021 01:20:54.520,0.9181,0.91799,1.76,1.87
27.08.2021 01:20:57.210,0.9181100000000001,0.91798,1.79,1.87
27.08.2021 01:20:57.311,0.9181,0.91799,1.76,1.87
27.08.2021 01:20:59.556,0.9181,0.91799,1.79,1.87
27.08.2021 01:20:59.707,0.9181,0.91799,1.76,1.87
27.08.2021 01:21:01.565,0.9181,0.918,1.01,1
27.08.2021 01:21:03.798,0.9181100000000001,0.918,2.14,1
27.08.2021 01:21:04.051,0.9181100000000001,0.918,2.16,1.12
27.08.2021 01:21:04.735,0.9181100000000001,0.918,1.76,1.12
27.08.2021 01:21:05.493,0.9181100000000001,0.9180200000000002,1.1,1
27.08.2021 01:21:08.139,0.9181,0.918,1,1.12
27.08.2021 01:21:08.240,0.9181100000000001,0.9180200000000002,1.01,1
27.08.2021 01:21:09.374,0.9181100000000001,0.91803,1,1
27.08.2021 01:21:10.706,0.9181200000000002,0.91803,1.1,1
27.08.2021 01:21:10.909,0.9181200000000002,0.9180200000000002,1.01,1
27.08.2021 01:21:31.778,0.9181100000000001,0.9180100000000001,1.1,1.12
27.08.2021 01:21:31.880,0.9181200000000002,0.9180200000000002,1.1,1
27.08.2021 01:21:32.733,0.9181200000000002,0.91803,1,1
27.08.2021 01:21:40.222,0.91813,0.91803,1.57,1
27.08.2021 01:21:45.153,0.91813,0.91804,1.1,1
27.08.2021 01:21:45.254,0.9181700000000002,0.9180700000000002,1.57,1
27.08.2021 01:21:45.356,0.9181900000000001,0.9180700000000002,1,1.87
27.08.2021 01:21:45.457,0.9181900000000001,0.91808,1.76,1.87
27.08.2021 01:21:47.952,0.9182,0.91808,1.01,1
27.08.2021 01:21:48.054,0.9182,0.9181,3.72,1
27.08.2021 01:21:50.397,0.9182100000000001,0.91809,3.72,1
27.08.2021 01:21:54.710,0.9181600000000001,0.9180700000000002,1,1.12
27.08.2021 01:21:54.811,0.9181600000000001,0.9180600000000001,1.25,1.87
27.08.2021 01:21:54.913,0.9181700000000002,0.9180700000000002,1.01,1
27.08.2021 01:21:58.941,0.91818,0.9180700000000002,1.76,1.5
27.08.2021 01:22:04.251,0.91818,0.9180700000000002,1.79,1.5
27.08.2021 01:22:04.353,0.9181600000000001,0.9180600000000001,1,1.87
27.08.2021 01:22:04.520,0.91818,0.9180600000000001,1.01,1
27.08.2021 01:22:07.085,0.91818,0.91808,1.57,1.87
27.08.2021 01:22:07.186,0.91818,0.91809,1,1
27.08.2021 01:22:27.145,0.9181900000000001,0.91809,1,2.25
27.08.2021 01:22:38.905,0.91818,0.91809,1.01,1.5
27.08.2021 01:22:46.174,0.9182,0.9181,2.32,1
27.08.2021 01:22:51.509,0.9182,0.9181100000000001,1.57,1
27.08.2021 01:22:52.133,0.9181900000000001,0.91809,1,2.25
27.08.2021 01:22:52.234,0.9182,0.9181100000000001,1.57,1
27.08.2021 01:22:57.673,0.9181900000000001,0.91809,1,2.25
27.08.2021 01:22:57.774,0.9182,0.9181,2.51,1
27.08.2021 01:23:00.202,0.9182,0.9181,2.54,1
27.08.2021 01:23:00.479,0.9182,0.9181,2.51,1
27.08.2021 01:23:00.809,0.9182100000000001,0.91809,2.54,1
27.08.2021 01:23:02.629,0.9182,0.9181,2.89,1
27.08.2021 01:23:02.928,0.9182,0.9181,2.91,1
27.08.2021 01:23:06.734,0.9181900000000001,0.91809,2.51,1
27.08.2021 01:23:06.835,0.9181900000000001,0.91809,2.54,1
27.08.2021 01:23:08.111,0.9182,0.91808,1.57,1
27.08.2021 01:23:13.414,0.9181900000000001,0.9181,1.1,1
27.08.2021 01:23:22.354,0.91818,0.91808,1.01,1
27.08.2021 01:23:22.462,0.9181900000000001,0.91809,5.6,1
27.08.2021 01:23:48.495,0.9181900000000001,0.91809,1.57,1
27.08.2021 01:23:48.596,0.9181900000000001,0.9181,1.1,1
27.08.2021 01:23:52.564,0.9182,0.9181100000000001,1.57,1
27.08.2021 01:23:56.139,0.9182,0.9181,1,1.5
27.08.2021 01:23:56.447,0.9181900000000001,0.9181200000000002,1,1
27.08.2021 01:23:56.650,0.9182,0.9181200000000002,1,1.5
27.08.2021 01:23:56.903,0.9182,0.91813,1,1.12
27.08.2021 01:23:59.043,0.9182,0.91813,1,1.5
27.08.2021 01:23:59.094,0.91823,0.91815,1.5,1
27.08.2021 01:24:02.493,0.91823,0.9181600000000001,1,1
27.08.2021 01:24:02.594,0.9182400000000001,0.9181600000000001,2.32,1.5
27.08.2021 01:24:25.438,0.91823,0.9181600000000001,1,1
27.08.2021 01:24:39.697,0.9182400000000001,0.9181700000000002,1,1
27.08.2021 01:24:39.799,0.9182600000000001,0.91818,1.5,2.25
27.08.2021 01:24:40.160,0.91828,0.9181900000000001,2.25,1
27.08.2021 01:24:40.734,0.9182600000000001,0.91818,1,1
27.08.2021 01:24:40.835,0.91825,0.9181700000000002,1,1
27.08.2021 01:24:59.930,0.9182400000000001,0.9181700000000002,1,1
27.08.2021 01:25:00.776,0.91825,0.9181700000000002,1,1.5
27.08.2021 01:25:00.892,0.9182600000000001,0.91818,1.5,1
27.08.2021 01:25:03.113,0.91825,0.9181600000000001,1,1.5
27.08.2021 01:25:10.324,0.9182400000000001,0.9181600000000001,1,1
27.08.2021 01:25:10.426,0.91823,0.91815,1,1
27.08.2021 01:25:41.591,0.91823,0.91814,1.1,1.5
27.08.2021 01:26:02.603,0.9182100000000001,0.9181200000000002,1,1.5
27.08.2021 01:26:02.705,0.9182,0.9181100000000001,1,1.5
27.08.2021 01:26:33.585,0.9182,0.9181100000000001,2.54,1
27.08.2021 01:26:33.687,0.9182,0.9181100000000001,2.51,1
27.08.2021 01:26:33.788,0.9182,0.9181100000000001,2.54,1
27.08.2021 01:26:34.491,0.9182,0.9181100000000001,2.51,1
27.08.2021 01:26:34.736,0.9182,0.9181100000000001,2.54,1
27.08.2021 01:26:34.837,0.9182,0.9181100000000001,2.51,1
27.08.2021 01:26:34.945,0.9182,0.9181100000000001,2.54,1
27.08.2021 01:26:35.046,0.9182100000000001,0.9181,2.51,1
27.08.2021 01:26:35.574,0.9182,0.9181100000000001,2.54,1
27.08.2021 01:26:35.779,0.9182,0.9181100000000001,2.51,1
27.08.2021 01:26:35.881,0.9182,0.9181100000000001,2.54,1
27.08.2021 01:26:35.984,0.9182,0.9181100000000001,2.51,1
27.08.2021 01:26:36.145,0.9182,0.9181100000000001,2.54,1
27.08.2021 01:26:36.673,0.9182,0.9181100000000001,2.51,1
27.08.2021 01:26:36.775,0.9182,0.9181100000000001,2.54,1
27.08.2021 01:26:37.378,0.9182,0.9181100000000001,2.51,1
27.08.2021 01:26:37.479,0.9182,0.9181100000000001,2.54,1
27.08.2021 01:26:37.855,0.9182,0.9181100000000001,2.51,1
27.08.2021 01:26:43.354,0.9182,0.91809,1,1.1
27.08.2021 01:27:13.027,0.9181900000000001,0.9181100000000001,1,1
27.08.2021 01:27:22.834,0.9181900000000001,0.9181200000000002,1,1
27.08.2021 01:27:22.935,0.9182,0.9181200000000002,1,1
27.08.2021 01:27:23.036,0.9182100000000001,0.9181200000000002,1,1.5
27.08.2021 01:27:24.070,0.9182100000000001,0.91813,1,1
27.08.2021 01:27:32.586,0.9182200000000001,0.91813,1,1
27.08.2021 01:27:32.687,0.9182400000000001,0.91813,1.1,1
27.08.2021 01:27:54.191,0.91825,0.91813,1.1,1.5
27.08.2021 01:28:00.682,0.9182400000000001,0.91815,1,1
27.08.2021 01:28:00.834,0.91825,0.9181600000000001,1,2.32
27.08.2021 01:28:00.936,0.9182700000000001,0.9181700000000002,2.32,1.5
27.08.2021 01:28:01.189,0.9182700000000001,0.91815,1.1,1.87
27.08.2021 01:28:01.290,0.91825,0.9181600000000001,1,1.5
27.08.2021 01:28:01.401,0.91825,0.91815,1.1,1.5
27.08.2021 01:28:01.802,0.9182400000000001,0.91815,1,1.5
27.08.2021 01:28:01.903,0.9182400000000001,0.9181600000000001,1,1
27.08.2021 01:28:39.920,0.91823,0.91815,1,1
27.08.2021 01:28:41.730,0.91823,0.91814,1,1.5
27.08.2021 01:28:49.732,0.9182400000000001,0.91814,3.26,1.5
27.08.2021 01:29:01.286,0.91823,0.91814,1,1.5
27.08.2021 01:29:02.826,0.9182400000000001,0.91814,1.57,1.5
27.08.2021 01:29:19.518,0.91823,0.91814,1.1,1
27.08.2021 01:29:19.620,0.91823,0.91813,2.91,1
27.08.2021 01:29:40.897,0.9182100000000001,0.9181,2.54,1.87
27.08.2021 01:29:40.999,0.9181900000000001,0.9181,1.1,1
27.08.2021 01:29:41.101,0.9181900000000001,0.91809,1.5,2.32
27.08.2021 01:29:41.202,0.9181900000000001,0.9181,1,1
27.08.2021 01:29:44.442,0.9182100000000001,0.9181100000000001,1.5,1.1
27.08.2021 01:29:45.861,0.9182,0.9181100000000001,1,1
27.08.2021 01:29:46.114,0.9182100000000001,0.9181200000000002,1,1
27.08.2021 01:29:47.470,0.9182,0.9181,1.76,2
27.08.2021 01:29:47.571,0.9182,0.9181,1.76,1.87
27.08.2021 01:29:47.622,0.9182,0.9181200000000002,1.1,1
27.08.2021 01:29:52.719,0.9181900000000001,0.9181,1,1.12
27.08.2021 01:29:52.921,0.9182,0.9181,1.76,1.87
27.08.2021 01:29:58.047,0.91818,0.9181,1,1.12
27.08.2021 01:29:58.148,0.91818,0.9181200000000002,1,1
27.08.2021 01:30:00.658,0.9182,0.9181200000000002,1,1
27.08.2021 01:30:02.435,0.9181900000000001,0.9181200000000002,1,1
27.08.2021 01:30:02.739,0.9182100000000001,0.9181200000000002,1,1.5
27.08.2021 01:30:02.840,0.9182,0.9181200000000002,1,1
27.08.2021 01:30:16.373,0.9182,0.9181100000000001,1.5,1
27.08.2021 01:30:16.475,0.9182,0.9181200000000002,1,1
27.08.2021 01:30:24.569,0.9182100000000001,0.9181200000000002,1,1.5
27.08.2021 01:30:24.670,0.9182100000000001,0.91813,1,1
27.08.2021 01:30:28.968,0.9182,0.91813,1,1
27.08.2021 01:30:29.069,0.9182100000000001,0.91813,1,1
27.08.2021 01:30:38.641,0.9182200000000001,0.91813,1,1.5
27.08.2021 01:30:38.743,0.9182200000000001,0.91814,1,1
27.08.2021 01:30:39.374,0.9182200000000001,0.91815,1,1
27.08.2021 01:30:39.425,0.91825,0.91814,1.1,1.5
27.08.2021 01:30:43.095,0.9182400000000001,0.91815,1.1,1.5
27.08.2021 01:30:44.069,0.9182400000000001,0.91815,1.1,1.5
27.08.2021 01:30:44.854,0.9182400000000001,0.91815,1.1,1.5
27.08.2021 01:30:50.828,0.9182400000000001,0.91815,1.1,1.5
27.08.2021 01:31:02.458,0.9182200000000001,0.91815,1,1
27.08.2021 01:31:02.512,0.9182200000000001,0.9181200000000002,1.5,2.32
27.08.2021 01:31:02.614,0.9182,0.9181100000000001,1,1.39
27.08.2021 01:31:03.702,0.9182100000000001,0.9181100000000001,1.5,2.51
27.08.2021 01:31:06.291,0.9182100000000001,0.9181200000000002,1,1
27.08.2021 01:31:11.885,0.91823,0.91813,1.76,1
27.08.2021 01:31:12.088,0.91823,0.91814,1,1
27.08.2021 01:31:15.574,0.91823,0.91813,1,2.51
27.08.2021 01:31:17.912,0.91823,0.91814,1,1
27.08.2021 01:31:29.679,0.9182400000000001,0.91814,1.01,1.5
27.08.2021 01:31:43.738,0.9182200000000001,0.9181200000000002,1.95,1.12
27.08.2021 01:31:43.839,0.9182200000000001,0.9181,1.6,1
27.08.2021 01:31:43.940,0.9181900000000001,0.9181,1,1.5
27.08.2021 01:31:44.250,0.9181900000000001,0.91809,1,2.7
27.08.2021 01:31:46.186,0.9182,0.9181,1,1.1
27.08.2021 01:31:47.081,0.9181900000000001,0.91809,1,2.82
27.08.2021 01:31:47.183,0.9182,0.9181,1.1,1.12
27.08.2021 01:31:52.606,0.9182,0.9181,1.1,2
27.08.2021 01:31:52.870,0.9182,0.9181,1.1,1.5
27.08.2021 01:32:05.327,0.9181900000000001,0.9181,1,1
27.08.2021 01:32:05.485,0.9182,0.9181,2.51,1.5
27.08.2021 01:32:11.302,0.9182,0.9181,2.54,1
27.08.2021 01:32:17.862,0.9182,0.9181,1.57,1
27.08.2021 01:33:13.675,0.9182100000000001,0.9181100000000001,1.79,1
27.08.2021 01:33:38.452,0.91818,0.91809,1,1
27.08.2021 01:33:38.554,0.91818,0.91808,1,1.87
27.08.2021 01:33:40.645,0.91815,0.9180700000000002,1.5,1.5
27.08.2021 01:33:40.695,0.91815,0.91804,1,1.5
27.08.2021 01:33:46.351,0.9181600000000001,0.91805,1.76,1
27.08.2021 01:33:48.413,0.9181700000000002,0.9180600000000001,2.54,1
27.08.2021 01:33:50.550,0.9181700000000002,0.9180600000000001,1.76,1.5
27.08.2021 01:33:50.752,0.9181700000000002,0.9180600000000001,1.1,2.19
27.08.2021 01:33:50.954,0.91818,0.91808,1.6,1
27.08.2021 01:33:51.079,0.91818,0.91808,1.57,1
27.08.2021 01:33:51.260,0.91818,0.91808,1.6,1
27.08.2021 01:34:03.314,0.9181700000000002,0.9180700000000002,1.1,1
27.08.2021 01:34:03.415,0.9181700000000002,0.9180700000000002,1.1,1
27.08.2021 01:34:08.381,0.9181700000000002,0.9180700000000002,1.1,1
27.08.2021 01:34:23.686,0.91818,0.91808,1.57,1
27.08.2021 01:34:26.408,0.9181900000000001,0.91809,1,1
27.08.2021 01:34:28.169,0.91818,0.91809,1,1.12
27.08.2021 01:34:28.276,0.9181900000000001,0.91809,1,1.87
27.08.2021 01:34:32.971,0.9181900000000001,0.91809,2.16,1.5
27.08.2021 01:34:35.239,0.9181900000000001,0.9180700000000002,1.76,1
27.08.2021 01:34:35.342,0.9181600000000001,0.9180600000000001,1,2
27.08.2021 01:34:36.856,0.91815,0.9180700000000002,1,1
27.08.2021 01:34:36.957,0.9181600000000001,0.9180700000000002,1.1,1
27.08.2021 01:34:42.022,0.91815,0.9180700000000002,1,1
27.08.2021 01:34:42.124,0.9181600000000001,0.9180600000000001,1.76,1
27.08.2021 01:34:42.538,0.9181600000000001,0.9180600000000001,1.79,1
27.08.2021 01:34:42.640,0.9181600000000001,0.9180600000000001,2.14,1
27.08.2021 01:34:43.631,0.9181600000000001,0.91804,4.6,1
27.08.2021 01:34:43.682,0.91813,0.9180200000000002,1.01,2.37
27.08.2021 01:34:43.783,0.9181200000000002,0.9180200000000002,1.1,1.5
27.08.2021 01:34:43.887,0.9181200000000002,0.9180200000000002,1.1,1
27.08.2021 01:34:46.973,0.91813,0.9180200000000002,1.79,1.5
27.08.2021 01:34:47.281,0.91813,0.9180200000000002,1.79,1
27.08.2021 01:34:49.999,0.91813,0.9180200000000002,1.79,1
27.08.2021 01:34:52.093,0.9181100000000001,0.9180100000000001,1.1,1.87
27.08.2021 01:34:52.245,0.9181100000000001,0.9180100000000001,1.1,1
27.08.2021 01:34:52.666,0.9181100000000001,0.9180100000000001,1.1,1
27.08.2021 01:35:00.641,0.9181100000000001,0.9180100000000001,2.35,1
27.08.2021 01:35:06.662,0.91809,0.918,1,1
27.08.2021 01:35:06.763,0.9181,0.918,1.01,1.5
27.08.2021 01:35:11.678,0.9181,0.918,1.35,1
27.08.2021 01:35:13.578,0.9181,0.918,1.1,1
27.08.2021 01:35:15.056,0.9181,0.918,1.35,1
27.08.2021 01:35:37.225,0.9181,0.918,1.01,1
27.08.2021 01:35:38.352,0.9181,0.918,1.35,1
27.08.2021 01:35:41.430,0.9181,0.918,1.1,1
27.08.2021 01:35:42.523,0.9181100000000001,0.91799,1.1,1
27.08.2021 01:35:44.112,0.9181,0.918,1.1,1
27.08.2021 01:35:44.214,0.9181100000000001,0.91799,1.1,1
27.08.2021 01:35:52.361,0.91809,0.91799,1.1,1.87
27.08.2021 01:35:58.000,0.91809,0.91799,1.1,1.87
27.08.2021 01:35:59.231,0.9181,0.918,1.35,1
27.08.2021 01:36:16.787,0.9181,0.918,1.79,1
27.08.2021 01:36:23.076,0.9181,0.918,1.79,1
27.08.2021 01:36:28.799,0.9181,0.918,2.54,1
27.08.2021 01:36:37.367,0.9181,0.918,2.54,1
27.08.2021 01:36:49.784,0.9181,0.918,1.1,1
27.08.2021 01:36:56.639,0.91804,0.91795,1.1,1.31
27.08.2021 01:36:56.741,0.91803,0.91793,1.1,1
27.08.2021 01:36:56.842,0.91803,0.91793,1.1,1
27.08.2021 01:36:57.094,0.91804,0.91794,1.22,1
27.08.2021 01:37:02.790,0.91804,0.91794,1.1,1
27.08.2021 01:37:04.942,0.9180200000000002,0.91793,1,1
27.08.2021 01:37:05.044,0.91803,0.91793,1.1,1.5
27.08.2021 01:37:39.152,0.9180100000000001,0.91793,1,1.5
27.08.2021 01:37:39.354,0.91803,0.91793,1.79,2.25
27.08.2021 01:37:39.768,0.91803,0.91793,2.51,2.25
27.08.2021 01:37:42.588,0.9180200000000002,0.91793,1.1,1.5
27.08.2021 01:37:42.689,0.9180200000000002,0.9179200000000001,1.76,1.5
27.08.2021 01:37:45.081,0.91803,0.91793,3.29,1
27.08.2021 01:37:45.542,0.91803,0.91793,3.29,1
27.08.2021 01:37:45.644,0.91803,0.91793,3.29,1
27.08.2021 01:38:04.755,0.91803,0.91793,2.32,1
27.08.2021 01:38:04.958,0.91804,0.91794,2.7,2.06
27.08.2021 01:38:05.059,0.91804,0.91794,2.35,2.06
27.08.2021 01:38:05.160,0.91804,0.91794,2.32,2.06
27.08.2021 01:38:06.493,0.91804,0.91794,2.35,1
27.08.2021 01:38:06.594,0.91804,0.91794,2.32,1
27.08.2021 01:38:06.746,0.91804,0.91794,2.35,1
27.08.2021 01:38:10.137,0.91804,0.91794,1.57,1
27.08.2021 01:38:10.238,0.91804,0.91794,1.6,1
27.08.2021 01:38:11.669,0.91804,0.91794,1.57,1
27.08.2021 01:38:11.770,0.91805,0.91793,1.6,1
27.08.2021 01:38:12.156,0.91804,0.91794,1.57,1
27.08.2021 01:38:13.194,0.91804,0.91794,1.6,1
27.08.2021 01:38:14.678,0.91804,0.91794,1.57,1
27.08.2021 01:38:16.606,0.91804,0.91794,1.6,1
27.08.2021 01:38:16.808,0.91804,0.91794,1.57,1
27.08.2021 01:38:17.095,0.91804,0.91794,1.6,1
27.08.2021 01:38:17.196,0.91804,0.91794,1.57,1
27.08.2021 01:38:17.297,0.91804,0.91794,1.6,1
27.08.2021 01:38:17.398,0.91804,0.91794,1.57,1
27.08.2021 01:38:18.619,0.91804,0.91794,1.6,1
27.08.2021 01:38:19.366,0.91804,0.91794,1.57,1
27.08.2021 01:38:19.610,0.91804,0.91794,1.6,1
27.08.2021 01:38:20.063,0.91804,0.91794,1.57,1
27.08.2021 01:38:20.164,0.91804,0.91794,1.6,1
27.08.2021 01:38:23.743,0.91804,0.91794,1.57,1
27.08.2021 01:38:25.927,0.91804,0.91794,1.6,1
27.08.2021 01:38:26.453,0.91804,0.91794,1.57,1
27.08.2021 01:38:27.034,0.91804,0.91794,1.6,1
27.08.2021 01:38:29.027,0.91804,0.91794,1.57,1
27.08.2021 01:38:29.130,0.91804,0.91794,1.6,1
27.08.2021 01:38:29.231,0.91804,0.91794,1.57,1.69
27.08.2021 01:38:32.042,0.9180600000000001,0.91795,1,3.19
27.08.2021 01:38:32.143,0.9180700000000002,0.9179600000000001,1,1.25
27.08.2021 01:38:32.244,0.9180700000000002,0.91799,1.1,1.25
27.08.2021 01:39:03.569,0.91808,0.91799,2.32,1.25
27.08.2021 01:39:03.949,0.91809,0.91798,2.35,1.25
27.08.2021 01:39:04.623,0.91808,0.91799,2.32,1.25
27.08.2021 01:39:04.724,0.91809,0.91798,2.35,1.25
27.08.2021 01:39:06.305,0.91808,0.91799,2.32,1.25
27.08.2021 01:39:06.800,0.91808,0.91799,2.35,1.25
27.08.2021 01:39:06.901,0.91808,0.91799,2.32,1.25
27.08.2021 01:39:07.561,0.91808,0.91799,2.35,1.25
27.08.2021 01:39:08.750,0.91808,0.91799,2.32,1.25
27.08.2021 01:39:08.903,0.91808,0.91799,2.35,1.25
27.08.2021 01:39:09.129,0.91808,0.91799,2.32,1.25
27.08.2021 01:39:10.116,0.91808,0.91799,2.35,1.25
27.08.2021 01:39:12.732,0.91808,0.91799,2.32,1.25
27.08.2021 01:39:12.884,0.91808,0.91799,2.35,1.25
27.08.2021 01:39:14.132,0.91808,0.91799,2.32,1.25
27.08.2021 01:39:14.805,0.91808,0.91799,2.35,1.25
27.08.2021 01:39:30.363,0.9180600000000001,0.9179700000000001,1.1,1
27.08.2021 01:39:30.464,0.9180600000000001,0.9179600000000001,1.1,2.44
27.08.2021 01:39:30.565,0.91805,0.9179600000000001,1,1.69
27.08.2021 01:39:30.717,0.9180700000000002,0.9179700000000001,3.1,1
27.08.2021 01:39:33.094,0.9180700000000002,0.9179700000000001,3.07,1
27.08.2021 01:39:45.166,0.9180700000000002,0.9179700000000001,1.22,1.25
27.08.2021 01:39:45.368,0.91804,0.91794,1.1,1.94
27.08.2021 01:39:45.470,0.91804,0.91794,1.57,1.69
27.08.2021 01:39:45.571,0.9180100000000001,0.91793,1,1
27.08.2021 01:39:45.672,0.9180100000000001,0.9179200000000001,1,1
27.08.2021 01:39:45.825,0.91803,0.9179100000000001,1,1.5
27.08.2021 01:39:59.431,0.918,0.9179,1.1,2.81
27.08.2021 01:40:00.162,0.91799,0.9179,1,2.44
27.08.2021 01:40:10.052,0.918,0.9179,1,2.44
27.08.2021 01:40:24.206,0.918,0.9179,1.6,1
27.08.2021 01:40:24.308,0.9180100000000001,0.91789,1.57,1
27.08.2021 01:40:34.794,0.918,0.9179100000000001,1,1.25
27.08.2021 01:40:35.622,0.9180100000000001,0.9179100000000001,1,1.69
27.08.2021 01:40:35.724,0.9180200000000002,0.9179100000000001,2.62,2.44
27.08.2021 01:40:35.826,0.9180200000000002,0.9179200000000001,1.57,1.25
27.08.2021 01:40:35.978,0.9180200000000002,0.9179100000000001,1.57,3.56
27.08.2021 01:40:36.220,0.9180200000000002,0.9179200000000001,1,1.25
27.08.2021 01:40:55.709,0.91803,0.91793,1.12,2.5
27.08.2021 01:40:56.945,0.91803,0.91793,1.1,2.44
27.08.2021 01:41:09.179,0.9180100000000001,0.9179200000000001,1,1
27.08.2021 01:41:14.686,0.9180200000000002,0.9179200000000001,1,1.57
27.08.2021 01:41:20.005,0.9180200000000002,0.9179200000000001,1,2.54
27.08.2021 01:41:20.107,0.9180200000000002,0.91793,1,1.82
27.08.2021 01:41:22.921,0.91803,0.91793,1,2.6
27.08.2021 01:41:32.593,0.91804,0.9179200000000001,1,2.51
27.08.2021 01:42:08.424,0.91803,0.91794,1,1.25
27.08.2021 01:42:08.576,0.91804,0.91794,1.5,1.76
27.08.2021 01:42:18.568,0.91804,0.91795,1,1.76
27.08.2021 01:42:18.620,0.91808,0.9179600000000001,3.37,1
27.08.2021 01:42:18.773,0.91808,0.91798,1.5,1.69
27.08.2021 01:42:22.700,0.91809,0.91799,1.5,1.25
27.08.2021 01:42:34.020,0.9181,0.918,1.5,1.1
27.08.2021 01:42:35.029,0.9181,0.918,1,1.79
27.08.2021 01:42:35.240,0.9181,0.918,1,1.76
27.08.2021 01:42:36.598,0.9181200000000002,0.918,2.25,1
27.08.2021 01:42:48.268,0.9181100000000001,0.91799,1,2.51
27.08.2021 01:42:54.511,0.91808,0.918,1,1.25
27.08.2021 01:42:54.612,0.91809,0.91798,1,1.25
27.08.2021 01:42:54.715,0.9180700000000002,0.9179700000000001,1,1.76
27.08.2021 01:42:54.867,0.91808,0.91798,2.25,1
27.08.2021 01:42:58.106,0.91808,0.91799,1,1.25
27.08.2021 01:43:05.818,0.91808,0.91798,1,2.7
27.08.2021 01:43:10.282,0.91808,0.91799,1,1.25
27.08.2021 01:43:10.624,0.91809,0.9179700000000001,1,2.44
27.08.2021 01:43:18.241,0.9180700000000002,0.91798,1,1.69
27.08.2021 01:43:18.292,0.9180600000000001,0.9179600000000001,2.25,1.25
27.08.2021 01:43:18.394,0.9180600000000001,0.91795,1.5,3.26
27.08.2021 01:43:18.496,0.9180600000000001,0.9179600000000001,1.5,1.25
27.08.2021 01:43:40.833,0.9180700000000002,0.9179600000000001,2.32,1.25
27.08.2021 01:43:47.165,0.9180700000000002,0.9179600000000001,1.5,2.76
27.08.2021 01:43:47.317,0.9180700000000002,0.9179600000000001,1.5,1.76
27.08.2021 01:44:04.367,0.9180700000000002,0.9179600000000001,1,2.5
27.08.2021 01:44:19.226,0.91808,0.91798,1.5,1
27.08.2021 01:44:22.024,0.91808,0.91799,1,1.25
27.08.2021 01:44:22.125,0.91809,0.91799,1.87,1.69
27.08.2021 01:44:31.272,0.91809,0.91799,1,3.29
27.08.2021 01:44:31.374,0.91809,0.9180100000000001,1,1.25
27.08.2021 01:44:31.985,0.91809,0.91799,1,2.81
27.08.2021 01:45:00.713,0.91809,0.91798,1.2,1
27.08.2021 01:45:00.815,0.9180700000000002,0.9179600000000001,1,1.25
27.08.2021 01:45:00.917,0.9180700000000002,0.9179700000000001,1.1,1
27.08.2021 01:45:07.125,0.9180700000000002,0.9179700000000001,1.22,1
27.08.2021 01:45:10.653,0.91804,0.91794,1,1.76
27.08.2021 01:45:14.321,0.9180200000000002,0.9179200000000001,1,2.07
27.08.2021 01:45:14.422,0.9180200000000002,0.9179,1,2.6
27.08.2021 01:45:14.473,0.91803,0.91793,1.95,1
27.08.2021 01:45:14.575,0.91803,0.91793,1.6,1
27.08.2021 01:45:21.211,0.918,0.9179,1,2.57
27.08.2021 01:45:25.533,0.918,0.9179,1.1,2.44
27.08.2021 01:45:32.931,0.9180100000000001,0.9179100000000001,1.57,1.69
27.08.2021 01:45:33.082,0.9180100000000001,0.9179100000000001,1,1.79
27.08.2021 01:45:33.184,0.91804,0.91793,4.7,1.76
27.08.2021 01:45:33.285,0.91804,0.91793,1.95,1.76
27.08.2021 01:45:33.386,0.91805,0.91794,1.12,1
27.08.2021 01:45:33.538,0.91805,0.91795,1.95,1
27.08.2021 01:45:34.250,0.91805,0.91795,2.72,1
27.08.2021 01:45:37.424,0.91805,0.91795,1.95,1
27.08.2021 01:45:37.525,0.91805,0.91795,2.72,1
27.08.2021 01:45:37.626,0.91803,0.91794,1,1.25
27.08.2021 01:45:37.907,0.91805,0.91794,1.97,1.69
27.08.2021 01:45:43.590,0.9180200000000002,0.91794,1,1.25
27.08.2021 01:45:43.693,0.91803,0.91794,1.1,1
27.08.2021 01:45:46.486,0.91803,0.91793,1.57,1
27.08.2021 01:45:46.587,0.91804,0.9179200000000001,2.35,1
27.08.2021 01:45:46.689,0.9180100000000001,0.9179100000000001,1.1,2.44
27.08.2021 01:45:46.790,0.918,0.9179,1.1,1.25
27.08.2021 01:45:47.172,0.918,0.91789,1.1,2.51
27.08.2021 01:45:47.813,0.918,0.91789,1.6,1.69
27.08.2021 01:45:47.915,0.918,0.91789,1.95,1.76
27.08.2021 01:45:48.016,0.918,0.91789,1.97,1.69
27.08.2021 01:45:48.183,0.918,0.91789,1.95,1.76
27.08.2021 01:45:48.439,0.918,0.91789,1.97,1.69
27.08.2021 01:45:48.797,0.91799,0.9178799999999999,1.1,2.51
27.08.2021 01:45:54.083,0.91799,0.9178799999999999,1.5,2.54
27.08.2021 01:45:54.184,0.91799,0.9178799999999999,1.57,2.51
27.08.2021 01:45:59.821,0.91799,0.9178799999999999,1,2.54
27.08.2021 01:46:00.526,0.91799,0.9179,1,1.25
27.08.2021 01:46:09.321,0.91799,0.9178700000000001,1,1.76
27.08.2021 01:46:09.422,0.91799,0.91789,1.57,1
27.08.2021 01:46:12.346,0.91799,0.9179,1,1.25
27.08.2021 01:46:12.447,0.91799,0.91789,1.57,1
27.08.2021 01:46:19.665,0.91799,0.91789,1.6,1
27.08.2021 01:46:19.766,0.91799,0.91789,1.1,1
27.08.2021 01:46:19.867,0.91799,0.91789,1.1,1
27.08.2021 01:46:19.968,0.91799,0.91789,1.1,1
27.08.2021 01:46:22.691,0.91799,0.91789,1.6,1
27.08.2021 01:46:23.282,0.91799,0.91789,1.57,1
27.08.2021 01:46:23.383,0.91799,0.91789,1.6,1
27.08.2021 01:46:25.595,0.9179600000000001,0.9178600000000001,1,1.76
27.08.2021 01:46:25.696,0.91795,0.91785,1.95,1.69
27.08.2021 01:46:31.485,0.91794,0.91784,1.57,1.25
27.08.2021 01:46:31.536,0.9179200000000001,0.9178299999999999,1,1.76
27.08.2021 01:46:31.738,0.91794,0.91784,1.95,1
27.08.2021 01:46:31.841,0.91794,0.91785,1.12,1.01
27.08.2021 01:46:32.044,0.91795,0.91785,1,1.25
27.08.2021 01:46:32.147,0.91795,0.9178600000000001,1.87,1.01
27.08.2021 01:46:46.082,0.91795,0.9178600000000001,1.97,1.25
27.08.2021 01:46:46.184,0.91793,0.9178299999999999,1,2.57
27.08.2021 01:46:46.286,0.91794,0.91784,1.1,1.69
27.08.2021 01:46:57.797,0.9179200000000001,0.91784,1,1.69
27.08.2021 01:46:58.352,0.91794,0.91784,1.2,2.44
27.08.2021 01:46:59.668,0.91794,0.91785,1,1.25
27.08.2021 01:47:00.099,0.91794,0.91784,1.1,2.44
27.08.2021 01:47:00.150,0.91794,0.9178299999999999,1,2.44
27.08.2021 01:47:00.839,0.91794,0.91784,1.1,2.44
27.08.2021 01:47:24.322,0.91794,0.91785,1,1.76
27.08.2021 01:47:24.423,0.9179600000000001,0.9178600000000001,2.45,1.25
27.08.2021 01:47:25.766,0.9179600000000001,0.91785,2.85,1.69
27.08.2021 01:47:40.726,0.91795,0.91785,1.1,1.69
27.08.2021 01:47:40.830,0.9179600000000001,0.91785,2.47,1.69
27.08.2021 01:47:42.468,0.9179600000000001,0.91785,2.47,1.69
27.08.2021 01:47:43.013,0.9179700000000001,0.91784,2.47,1.69
27.08.2021 01:47:43.740,0.9179600000000001,0.91785,2.47,1.69
27.08.2021 01:47:44.932,0.9179600000000001,0.91785,2.47,1.69
27.08.2021 01:47:45.033,0.9179600000000001,0.9178600000000001,2.07,1.25
27.08.2021 01:47:45.135,0.9179600000000001,0.9178600000000001,1.95,1.25
27.08.2021 01:47:45.407,0.9179700000000001,0.9178600000000001,1.2,1
27.08.2021 01:47:52.433,0.9179600000000001,0.9178700000000001,1.22,1
27.08.2021 01:47:52.663,0.9179600000000001,0.9178700000000001,1.2,1
27.08.2021 01:47:52.764,0.9179600000000001,0.9178700000000001,1.22,1
27.08.2021 01:48:20.075,0.9179600000000001,0.9178700000000001,1.2,1
27.08.2021 01:48:20.227,0.9179600000000001,0.9178700000000001,1.22,1
27.08.2021 01:48:21.686,0.9179600000000001,0.9178700000000001,1.2,1
27.08.2021 01:48:22.397,0.9179600000000001,0.9178700000000001,1.22,1
27.08.2021 01:48:22.498,0.9179600000000001,0.9178700000000001,1.2,1
27.08.2021 01:48:25.000,0.9179600000000001,0.9178700000000001,1.1,1.69
27.08.2021 01:48:25.102,0.9179700000000001,0.9178700000000001,2.72,1.69
27.08.2021 01:48:30.300,0.9179600000000001,0.9178700000000001,1.22,1
27.08.2021 01:48:30.453,0.91794,0.91785,1,1.25
27.08.2021 01:48:30.554,0.9179600000000001,0.9178700000000001,1.2,1.25
27.08.2021 01:48:30.706,0.9179600000000001,0.9178600000000001,1.1,1
27.08.2021 01:48:30.808,0.91794,0.91784,1,2.51
27.08.2021 01:48:30.909,0.91795,0.91785,1.95,1
27.08.2021 01:48:34.251,0.91795,0.91785,1.97,1
27.08.2021 01:48:34.353,0.91795,0.91785,1.95,1
27.08.2021 01:48:50.348,0.91795,0.9178700000000001,1.12,1.25
27.08.2021 01:48:51.851,0.9179700000000001,0.9178600000000001,1.2,1.25
27.08.2021 01:48:57.117,0.9179700000000001,0.91785,1.2,2.44
27.08.2021 01:49:02.137,0.9179600000000001,0.9178600000000001,2.35,1.69
27.08.2021 01:49:02.239,0.91794,0.91785,1,1.69
27.08.2021 01:49:04.054,0.91793,0.9178299999999999,1,2.7
27.08.2021 01:49:10.971,0.91793,0.9178299999999999,1.1,2.44
27.08.2021 01:49:12.871,0.9179200000000001,0.9178200000000001,1.57,2.44
27.08.2021 01:49:26.172,0.9178700000000001,0.9178000000000001,1,1.5
27.08.2021 01:49:26.223,0.9178799999999999,0.9177700000000001,1,1.69
27.08.2021 01:49:26.324,0.9178700000000001,0.9177700000000001,1.57,1.69
27.08.2021 01:49:31.956,0.9178600000000001,0.9177700000000001,1,1.69
27.08.2021 01:49:35.678,0.9178600000000001,0.9177600000000001,1.95,1.25
27.08.2021 01:49:35.780,0.9178600000000001,0.9177500000000001,1.12,1.25
27.08.2021 01:49:36.090,0.91785,0.9177500000000001,1.87,1.01
27.08.2021 01:49:36.577,0.91785,0.9177600000000001,1.12,1.69
27.08.2021 01:49:38.012,0.91784,0.91774,1,1.76
27.08.2021 01:49:38.266,0.9178299999999999,0.91774,1,1.25
27.08.2021 01:50:03.625,0.9178000000000001,0.9177000000000001,3.07,1.31
27.08.2021 01:50:03.727,0.91779,0.9177000000000001,1.2,1.31
27.08.2021 01:50:08.260,0.91779,0.91769,1.95,1.25
27.08.2021 01:50:08.361,0.9177799999999999,0.91769,1,1.25
27.08.2021 01:50:11.917,0.9177200000000001,0.9176500000000001,3,1
27.08.2021 01:50:12.018,0.9177299999999999,0.91763,2.32,1.76
27.08.2021 01:50:12.120,0.9177200000000001,0.9176200000000001,1,2.57
27.08.2021 01:50:12.273,0.9177200000000001,0.91763,1,1.35
27.08.2021 01:50:12.425,0.9177299999999999,0.91764,1,1.25
27.08.2021 01:50:25.871,0.9177299999999999,0.91763,1.1,2.62
27.08.2021 01:50:25.972,0.9177200000000001,0.91763,1,1.01
27.08.2021 01:50:26.074,0.9177200000000001,0.9176200000000001,1,1.76
27.08.2021 01:50:26.276,0.9177200000000001,0.9176200000000001,1,2.57
27.08.2021 01:50:27.286,0.9177200000000001,0.9176200000000001,1,1.76
27.08.2021 01:50:29.319,0.9177200000000001,0.9176200000000001,1,2.76
27.08.2021 01:50:30.082,0.9177200000000001,0.9176200000000001,1,1.76
27.08.2021 01:50:38.128,0.9177200000000001,0.9176200000000001,1,2.76
27.08.2021 01:50:38.229,0.9177299999999999,0.91761,1,1.76
27.08.2021 01:50:39.156,0.9177200000000001,0.9176200000000001,1,2.57
27.08.2021 01:50:39.762,0.9177200000000001,0.9176200000000001,1,1.76
27.08.2021 01:50:40.224,0.9177200000000001,0.9176200000000001,1,2.76
27.08.2021 01:50:40.325,0.9177200000000001,0.9176200000000001,1,1.76
27.08.2021 01:50:40.426,0.9177200000000001,0.91763,1,1.25
27.08.2021 01:50:56.770,0.9177200000000001,0.9176200000000001,1,1.57
27.08.2021 01:50:57.761,0.9177200000000001,0.9176200000000001,1,1.6
27.08.2021 01:50:57.963,0.9177200000000001,0.91764,1,1
27.08.2021 01:51:07.552,0.9177200000000001,0.9176500000000001,1,1
27.08.2021 01:51:07.653,0.9177200000000001,0.91764,1,1.1
27.08.2021 01:51:16.511,0.9177500000000001,0.9176500000000001,1,1.35
27.08.2021 01:51:16.714,0.9177500000000001,0.91766,1,1.1
27.08.2021 01:51:16.815,0.9177500000000001,0.91766,1,1.1
27.08.2021 01:51:16.916,0.9177500000000001,0.91766,1,1.1
27.08.2021 01:51:18.108,0.9177600000000001,0.9176700000000001,1,1.1
27.08.2021 01:51:19.641,0.9177500000000001,0.9176500000000001,1,1.1
27.08.2021 01:51:19.742,0.9177299999999999,0.91764,1,1.1
27.08.2021 01:51:19.894,0.9177299999999999,0.91764,1,1.1
27.08.2021 01:51:19.995,0.9177299999999999,0.91764,1,1.1
27.08.2021 01:51:23.386,0.9177299999999999,0.91764,1,1.1
27.08.2021 01:51:23.487,0.9177299999999999,0.91764,1,1.1
27.08.2021 01:51:24.536,0.9177299999999999,0.91763,1,2.32
27.08.2021 01:51:24.738,0.9177299999999999,0.91763,1,2.35
27.08.2021 01:51:25.858,0.9177299999999999,0.91763,1,2.32
27.08.2021 01:51:26.892,0.91774,0.91764,1,1
27.08.2021 01:51:27.112,0.9177299999999999,0.91763,1,1.95
27.08.2021 01:51:27.371,0.91774,0.91764,1,1
27.08.2021 01:51:27.598,0.9177299999999999,0.91763,1,1.6
27.08.2021 01:51:27.797,0.9177299999999999,0.9176500000000001,1,1
27.08.2021 01:51:28.032,0.9177299999999999,0.91763,1,1.97
27.08.2021 01:51:28.240,0.9177299999999999,0.9176500000000001,1,1
27.08.2021 01:51:28.461,0.9177299999999999,0.91763,1,1.97
27.08.2021 01:51:29.065,0.9177299999999999,0.91763,1,1.57
27.08.2021 01:51:29.167,0.9177299999999999,0.91763,1,1.6
27.08.2021 01:51:30.028,0.9177299999999999,0.91763,1,1.57
27.08.2021 01:51:30.180,0.9177299999999999,0.91763,1,1.6
27.08.2021 01:51:30.282,0.9177299999999999,0.91763,1,1.57
27.08.2021 01:51:30.399,0.9177299999999999,0.91763,1,1.6
27.08.2021 01:51:30.500,0.9177299999999999,0.91763,1.5,1.57
27.08.2021 01:51:30.702,0.9177299999999999,0.91763,1.5,1.6
27.08.2021 01:51:31.308,0.9177299999999999,0.91763,1,1.57
27.08.2021 01:51:32.896,0.9177299999999999,0.91763,1,1.6
27.08.2021 01:51:35.106,0.9177299999999999,0.91763,1,1.57
27.08.2021 01:51:38.160,0.91774,0.9176200000000001,1,1.6
27.08.2021 01:51:38.261,0.9177299999999999,0.91763,1,1.57
27.08.2021 01:51:40.226,0.9177299999999999,0.91763,1,1.6
27.08.2021 01:51:40.492,0.9177299999999999,0.91763,1,1.57
27.08.2021 01:51:40.793,0.9177299999999999,0.91763,1,1.6
27.08.2021 01:51:40.894,0.9177299999999999,0.91763,1,1.57
27.08.2021 01:51:40.995,0.9177299999999999,0.91763,1,1.6
27.08.2021 01:51:41.096,0.9177299999999999,0.91763,1,1.57
27.08.2021 01:51:42.050,0.9177299999999999,0.91763,1,1.6
27.08.2021 01:51:45.343,0.91774,0.9176200000000001,1,1.57
27.08.2021 01:51:46.175,0.9177299999999999,0.91763,1,1.6
27.08.2021 01:51:46.333,0.9177299999999999,0.91763,1,1.57
27.08.2021 01:51:47.348,0.9177299999999999,0.91763,1,1.6
27.08.2021 01:51:47.449,0.9177299999999999,0.91763,1,1.57
27.08.2021 01:51:48.047,0.9177299999999999,0.91763,1,1.6
27.08.2021 01:51:49.167,0.9177299999999999,0.91763,1,1.57
27.08.2021 01:51:53.584,0.9177299999999999,0.91763,1,1.6
27.08.2021 01:51:55.426,0.9177299999999999,0.91763,1,1.57
27.08.2021 01:51:56.365,0.9177299999999999,0.91763,1,1.6
27.08.2021 01:51:56.466,0.91774,0.9176200000000001,1,1.57
27.08.2021 01:51:58.328,0.9177299999999999,0.91763,1,1.6
27.08.2021 01:51:58.429,0.9177299999999999,0.91763,1,1.57
27.08.2021 01:52:01.116,0.9177299999999999,0.91763,1,1.6
27.08.2021 01:52:01.489,0.9177299999999999,0.91763,1,1.57
27.08.2021 01:52:01.590,0.9177299999999999,0.91763,1,1.6
27.08.2021 01:52:01.945,0.9177299999999999,0.91763,1,1.57
27.08.2021 01:52:02.336,0.9177299999999999,0.91763,1,1.6
27.08.2021 01:52:02.448,0.91774,0.9176200000000001,1,1.57
27.08.2021 01:52:02.675,0.9177299999999999,0.91763,1,1.6
27.08.2021 01:52:02.877,0.9177299999999999,0.91763,1,1.57
27.08.2021 01:52:03.028,0.9177299999999999,0.91763,1,1.6
27.08.2021 01:52:04.000,0.9177299999999999,0.91763,1,1.57
27.08.2021 01:52:04.165,0.91774,0.9176200000000001,1,1.6
27.08.2021 01:52:04.850,0.9177299999999999,0.91763,1,1.57
27.08.2021 01:52:06.236,0.9177299999999999,0.91763,1,1.6
27.08.2021 01:52:07.147,0.9177299999999999,0.91763,1,1.57
27.08.2021 01:52:07.249,0.9177299999999999,0.91763,1,1.6
27.08.2021 01:52:07.659,0.9177299999999999,0.91763,1,1.57
27.08.2021 01:52:10.290,0.9177299999999999,0.91763,1,1.6
27.08.2021 01:52:12.576,0.9177299999999999,0.91763,1,1.57
27.08.2021 01:52:12.678,0.9177299999999999,0.91763,1,1.6
27.08.2021 01:52:15.838,0.91774,0.9176500000000001,1,1.1
27.08.2021 01:52:15.939,0.91774,0.9176500000000001,1,1.1
27.08.2021 01:52:16.041,0.91774,0.9176500000000001,1,1.1
27.08.2021 01:52:16.160,0.91774,0.9176500000000001,1,1.1
27.08.2021 01:52:16.540,0.91774,0.9176500000000001,1,1.1
27.08.2021 01:52:17.383,0.91774,0.91764,1,1.57
27.08.2021 01:52:17.486,0.91774,0.9176200000000001,1,1.41
27.08.2021 01:52:17.588,0.9177299999999999,0.91763,1,1
27.08.2021 01:52:30.390,0.9177200000000001,0.91763,1,1
27.08.2021 01:52:31.693,0.9177200000000001,0.9176200000000001,1,2.51
27.08.2021 01:52:36.373,0.9177200000000001,0.91763,1,1
27.08.2021 01:52:49.319,0.9177200000000001,0.91764,1,1
27.08.2021 01:53:00.691,0.9177200000000001,0.91764,1,1.1
27.08.2021 01:53:00.792,0.9177200000000001,0.91764,1,1.1
27.08.2021 01:53:02.367,0.9177299999999999,0.91764,1,1.1
27.08.2021 01:53:13.077,0.9177500000000001,0.9176500000000001,1,1.1
27.08.2021 01:53:16.418,0.91774,0.9176500000000001,1,1.1
27.08.2021 01:53:16.519,0.91774,0.91764,1.5,1.1
27.08.2021 01:53:16.621,0.9177299999999999,0.91763,1,1.79
27.08.2021 01:53:20.256,0.9177299999999999,0.9176500000000001,1,1.1
27.08.2021 01:53:20.357,0.91774,0.9176500000000001,1,1.1
27.08.2021 01:53:20.458,0.91774,0.9176500000000001,1,1.1
27.08.2021 01:53:20.559,0.91774,0.9176500000000001,1,1.1
27.08.2021 01:53:24.251,0.91774,0.9176500000000001,1,1.1
27.08.2021 01:53:24.355,0.91774,0.9176500000000001,1,1.1
27.08.2021 01:53:35.759,0.91774,0.91764,1.5,1
27.08.2021 01:53:35.860,0.9177299999999999,0.91763,1,1.76
27.08.2021 01:53:35.962,0.9177299999999999,0.91763,1,2.54
27.08.2021 01:53:43.453,0.9177299999999999,0.91763,1,2.32
27.08.2021 01:53:47.215,0.9177299999999999,0.91764,1,1.1
27.08.2021 01:53:49.162,0.9177299999999999,0.91763,1,2.51
27.08.2021 01:53:49.263,0.9177299999999999,0.91763,1,2.54
27.08.2021 01:53:53.537,0.9177299999999999,0.91763,1,2.51
27.08.2021 01:53:55.614,0.9177299999999999,0.91763,1,2.54
27.08.2021 01:53:58.964,0.9177299999999999,0.91764,1,1.6
27.08.2021 01:53:59.268,0.9177299999999999,0.91764,1,1.57
27.08.2021 01:54:02.263,0.9177299999999999,0.91764,1,1.6
27.08.2021 01:54:02.365,0.9177299999999999,0.91764,1,1.57
27.08.2021 01:54:06.452,0.9177299999999999,0.91764,1,1.79
27.08.2021 01:54:06.553,0.91774,0.9176500000000001,1,1.1
27.08.2021 01:54:06.655,0.91774,0.9176500000000001,1,1.1
27.08.2021 01:54:06.756,0.91774,0.91764,1,2.51
27.08.2021 01:54:07.558,0.9177500000000001,0.91763,1,2.35
27.08.2021 01:54:08.357,0.91774,0.91764,1,2.51
27.08.2021 01:54:25.902,0.9177299999999999,0.91764,1,1
27.08.2021 01:54:27.493,0.9177299999999999,0.91763,1,2.32
27.08.2021 01:54:39.051,0.9177299999999999,0.91763,1,3.29
27.08.2021 01:54:39.304,0.9177299999999999,0.91763,1,3.26
27.08.2021 01:54:48.203,0.91774,0.9176200000000001,1,3.29
27.08.2021 01:54:48.304,0.9177299999999999,0.91763,1,3.26
27.08.2021 01:54:49.093,0.9177299999999999,0.91763,1,3.29
27.08.2021 01:54:49.195,0.9177299999999999,0.91763,1,3.26
27.08.2021 01:54:52.117,0.9177299999999999,0.91763,1,3.29
27.08.2021 01:54:52.723,0.9177299999999999,0.91763,1,3.26
27.08.2021 01:54:53.122,0.9177299999999999,0.91763,1,3.29
27.08.2021 01:55:01.517,0.9177600000000001,0.9176500000000001,1.5,4.47
27.08.2021 01:55:01.619,0.9177600000000001,0.9176700000000001,1.62,1.01
27.08.2021 01:55:01.980,0.9177600000000001,0.9176700000000001,1,1.79
27.08.2021 01:55:02.030,0.9177700000000001,0.9176700000000001,1.5,1.76
27.08.2021 01:55:02.489,0.9177700000000001,0.9176700000000001,1,2.6
27.08.2021 01:55:07.617,0.9177799999999999,0.9176799999999999,1.5,1.25
27.08.2021 01:55:08.858,0.91779,0.9177000000000001,1,3.26
27.08.2021 01:55:08.909,0.9178100000000001,0.91771,1.12,1.25
27.08.2021 01:55:12.851,0.9178000000000001,0.91771,1,1.5
27.08.2021 01:55:17.830,0.9178000000000001,0.9177000000000001,1.5,1.76
27.08.2021 01:55:20.221,0.9178000000000001,0.9177000000000001,1.5,1.79
27.08.2021 01:55:21.583,0.9178000000000001,0.9177000000000001,1.5,1.57
27.08.2021 01:55:22.335,0.9178000000000001,0.9177000000000001,1.5,1.79
27.08.2021 01:55:26.576,0.9178000000000001,0.91771,1.5,1.1
27.08.2021 01:55:26.677,0.9178000000000001,0.91771,1.5,1.1
27.08.2021 01:55:28.143,0.9178000000000001,0.91771,1.5,1.1
27.08.2021 01:55:28.347,0.9178000000000001,0.91771,1,1.57
27.08.2021 01:55:28.530,0.9178299999999999,0.91774,1,1
27.08.2021 01:55:28.581,0.91785,0.9177500000000001,1.69,1.5
27.08.2021 01:55:33.930,0.91785,0.9177500000000001,2.37,1.5
27.08.2021 01:55:34.881,0.91785,0.9177500000000001,2.25,1.5
27.08.2021 01:55:36.206,0.91784,0.9177500000000001,1,1
27.08.2021 01:55:39.028,0.91784,0.91774,1.5,1.5
27.08.2021 01:55:43.144,0.91779,0.9177000000000001,1,2.12
27.08.2021 01:55:43.195,0.91779,0.91769,1.5,2.25
27.08.2021 01:55:43.297,0.9177799999999999,0.91769,1,1
27.08.2021 01:55:43.398,0.9177700000000001,0.9176799999999999,1,1
27.08.2021 01:56:05.042,0.91779,0.91771,1.5,1
27.08.2021 01:56:05.144,0.9178000000000001,0.91771,1,1.5
27.08.2021 01:56:20.665,0.91779,0.9177000000000001,1,1.5
27.08.2021 01:56:35.352,0.91779,0.9176799999999999,1.5,1
27.08.2021 01:56:35.453,0.9177700000000001,0.9176799999999999,1,2.25
27.08.2021 01:57:13.548,0.9177700000000001,0.9176700000000001,2.44,1
27.08.2021 01:57:14.605,0.9177600000000001,0.91766,1,1
27.08.2021 01:57:26.315,0.9177600000000001,0.9176500000000001,1.5,2.32
27.08.2021 01:57:55.458,0.9177500000000001,0.9176500000000001,1,2.25
27.08.2021 01:57:59.493,0.9177600000000001,0.9176500000000001,1.69,2.25
27.08.2021 01:58:02.677,0.9177600000000001,0.91766,1,1
27.08.2021 01:58:09.421,0.9177600000000001,0.9176500000000001,1,2.51
27.08.2021 01:58:30.512,0.9177600000000001,0.91766,1,1
27.08.2021 01:58:31.988,0.9177700000000001,0.91766,2.81,1.5
27.08.2021 01:58:35.101,0.9177500000000001,0.91766,1,1
27.08.2021 01:58:39.910,0.9177500000000001,0.9176500000000001,1,2.51
27.08.2021 01:59:02.282,0.9177500000000001,0.9176500000000001,1,3.7
27.08.2021 01:59:02.384,0.9177600000000001,0.91766,1,1.25
27.08.2021 01:59:02.485,0.9177700000000001,0.9176500000000001,1,2.57
27.08.2021 01:59:02.536,0.9177799999999999,0.9176799999999999,2.25,1
27.08.2021 01:59:04.676,0.9177700000000001,0.9176700000000001,1,1
27.08.2021 01:59:10.917,0.9177700000000001,0.9176799999999999,1,1.25
27.08.2021 01:59:11.018,0.9177799999999999,0.9176799999999999,1,1.69
27.08.2021 01:59:15.590,0.9177799999999999,0.9176799999999999,1.1,1
27.08.2021 01:59:15.698,0.9177700000000001,0.9176700000000001,1.1,1.76
27.08.2021 01:59:51.658,0.9177600000000001,0.91766,1,1.6
27.08.2021 02:00:08.201,0.9177700000000001,0.9176700000000001,1.1,1.1
27.08.2021 02:00:11.725,0.9177600000000001,0.91766,1,1.6
27.08.2021 02:00:12.314,0.9177600000000001,0.91766,1.1,1.57
27.08.2021 02:00:21.566,0.9177500000000001,0.9176500000000001,1.1,2.32
27.08.2021 02:00:40.804,0.91774,0.9176500000000001,1,1.57
27.08.2021 02:00:40.855,0.9177000000000001,0.9176000000000001,1,2.32
27.08.2021 02:00:45.098,0.91771,0.91761,1.1,1
27.08.2021 02:00:48.014,0.9177200000000001,0.91761,1.57,1.57
27.08.2021 02:00:56.627,0.9177200000000001,0.91761,1.6,1.5
27.08.2021 02:00:56.728,0.9177000000000001,0.91761,1.1,1
27.08.2021 02:00:56.830,0.91769,0.9176000000000001,1,1.5
27.08.2021 02:01:50.664,0.9176799999999999,0.91759,1.5,1
27.08.2021 02:01:50.816,0.9176700000000001,0.91759,1.1,1
27.08.2021 02:01:50.918,0.91766,0.9175700000000001,1,1.5
27.08.2021 02:01:51.491,0.91763,0.91754,1,1.57
