Gmt time,Ask,Bid,AskVolume,BidVolume
17.08.2021 00:00:00.148,6.476450000000001,6.47573,1,1
17.08.2021 00:00:00.249,6.476450000000001,6.475790000000001,1,1
17.08.2021 00:00:00.299,6.47652,6.475840000000001,1,1
17.08.2021 00:00:00.751,6.476540000000001,6.47583,1,1
17.08.2021 00:00:00.852,6.47653,6.47585,1,1
17.08.2021 00:00:00.902,6.476540000000001,6.475890000000001,1,1
17.08.2021 00:00:01.404,6.476540000000001,6.4758700000000005,1,1
17.08.2021 00:00:01.751,6.47653,6.47582,1,1.25
17.08.2021 00:00:01.801,6.4765500000000005,6.47586,1,1.25
17.08.2021 00:00:02.235,6.47657,6.4758700000000005,1,1.25
17.08.2021 00:00:02.355,6.47658,6.47586,1,1
17.08.2021 00:00:02.681,6.47653,6.47585,1,1
17.08.2021 00:00:02.782,6.476500000000001,6.47582,1,1
17.08.2021 00:00:03.174,6.4764800000000005,6.475790000000001,1,1
17.08.2021 00:00:03.299,6.47651,6.47582,1,1.25
17.08.2021 00:00:03.400,6.47644,6.47577,1,1.25
17.08.2021 00:00:03.450,6.476450000000001,6.475790000000001,1,1
17.08.2021 00:00:03.551,6.476450000000001,6.47581,1,1
17.08.2021 00:00:03.602,6.4764800000000005,6.47583,1,1
17.08.2021 00:00:03.703,6.47653,6.4758700000000005,1,1
17.08.2021 00:00:04.096,6.4765500000000005,6.47591,1,1
17.08.2021 00:00:06.808,6.47649,6.4758700000000005,1,1
17.08.2021 00:00:07.114,6.47649,6.47586,1,1
17.08.2021 00:00:13.621,6.47646,6.47582,1,1
17.08.2021 00:00:14.951,6.47646,6.47585,1,1
17.08.2021 00:00:15.451,6.47647,6.47581,1,1
17.08.2021 00:00:16.178,6.47646,6.47581,1,1.5
17.08.2021 00:00:16.676,6.4764800000000005,6.475750000000001,1,1.5
17.08.2021 00:00:27.452,6.4764,6.47567,1,1
17.08.2021 00:00:28.382,6.47626,6.4756,1,1.1
17.08.2021 00:00:28.498,6.47625,6.4756,1,1.1
17.08.2021 00:00:28.549,6.47631,6.47559,1,1.1
17.08.2021 00:00:28.746,6.4763,6.47559,1,1.1
17.08.2021 00:00:28.796,6.476230000000001,6.4756,1,1.1
17.08.2021 00:00:29.286,6.4762,6.4756,1,1.1
17.08.2021 00:00:30.637,6.47625,6.4756,1,1.1
17.08.2021 00:00:31.587,6.476240000000001,6.47559,1,1.1
17.08.2021 00:00:32.087,6.47618,6.4756,1,1.1
17.08.2021 00:00:33.286,6.47622,6.4756,1,1.1
17.08.2021 00:00:33.402,6.47622,6.4756100000000005,1,1.1
17.08.2021 00:00:34.659,6.476230000000001,6.4756100000000005,1,1.1
17.08.2021 00:00:35.239,6.476190000000001,6.47562,1,1.1
17.08.2021 00:00:35.651,6.47622,6.47562,1,1.1
17.08.2021 00:00:39.875,6.4762,6.4756100000000005,1,1.1
17.08.2021 00:00:45.211,6.47616,6.4756100000000005,1,1.1
17.08.2021 00:00:47.799,6.47611,6.47562,1,1.1
17.08.2021 00:00:48.029,6.47617,6.47562,1,1.1
17.08.2021 00:00:48.302,6.476140000000001,6.47562,1,1.1
17.08.2021 00:00:49.537,6.47618,6.47562,1,1.1
17.08.2021 00:00:50.037,6.47612,6.47562,1,1.1
17.08.2021 00:00:50.281,6.47607,6.47562,1,1.1
17.08.2021 00:00:54.129,6.476030000000001,6.47562,1,1.1
17.08.2021 00:01:16.163,6.476050000000001,6.47562,1,1.1
17.08.2021 00:01:18.983,6.47609,6.47562,1,1.1
17.08.2021 00:01:30.063,6.47613,6.47562,1,1.1
17.08.2021 00:01:30.362,6.47616,6.47562,1,1.1
17.08.2021 00:01:30.413,6.47613,6.4756100000000005,1,1.1
17.08.2021 00:01:48.738,6.47612,6.475630000000001,1,1.1
17.08.2021 00:01:55.903,6.47609,6.475630000000001,1,1.1
17.08.2021 00:01:58.002,6.476100000000001,6.475630000000001,1,1.1
17.08.2021 00:02:10.552,6.476050000000001,6.475630000000001,1,1.1
17.08.2021 00:02:15.742,6.47609,6.475630000000001,1,1.1
17.08.2021 00:02:21.533,6.4761500000000005,6.47564,1,1.1
17.08.2021 00:02:21.635,6.47617,6.47564,1,1.1
17.08.2021 00:02:22.327,6.47617,6.47573,1,1.1
17.08.2021 00:02:25.964,6.476140000000001,6.47565,1,1.1
17.08.2021 00:02:26.065,6.47613,6.47565,1,1.1
17.08.2021 00:02:26.180,6.476100000000001,6.47564,1,1.1
17.08.2021 00:02:26.281,6.47606,6.47564,1,1.1
17.08.2021 00:02:28.774,6.476100000000001,6.47565,1,1.1
17.08.2021 00:02:32.450,6.476100000000001,6.47564,1,1.1
17.08.2021 00:02:36.136,6.47612,6.47565,1,1.1
17.08.2021 00:02:36.237,6.47616,6.47565,1,1.1
17.08.2021 00:02:38.349,6.47612,6.47565,1,1.1
17.08.2021 00:02:46.863,6.47616,6.47564,1,1.1
17.08.2021 00:02:47.088,6.47616,6.47565,1,1.1
17.08.2021 00:02:47.226,6.47618,6.47564,1,1.1
17.08.2021 00:02:48.175,6.47617,6.47574,1,1.1
17.08.2021 00:02:50.262,6.47618,6.47574,1.5,1.1
17.08.2021 00:02:51.049,6.47622,6.47574,1,1.1
17.08.2021 00:02:51.257,6.476230000000001,6.47574,1,1.1
17.08.2021 00:02:51.501,6.476240000000001,6.47574,1,1.1
17.08.2021 00:02:52.178,6.47625,6.475790000000001,1,1
17.08.2021 00:02:53.572,6.476240000000001,6.47574,1,1.1
17.08.2021 00:02:55.708,6.47626,6.47574,1.57,1.57
17.08.2021 00:02:56.605,6.47627,6.47577,1.57,1
17.08.2021 00:02:58.387,6.47626,6.47582,1.1,1
17.08.2021 00:02:58.489,6.47642,6.4759400000000005,1,1.5
17.08.2021 00:02:58.539,6.476500000000001,6.475980000000001,1.5,1
17.08.2021 00:02:58.640,6.476540000000001,6.476030000000001,1,1
17.08.2021 00:02:59.757,6.47653,6.476100000000001,1,1.1
17.08.2021 00:03:00.768,6.476540000000001,6.47612,1,1.1
17.08.2021 00:03:01.187,6.47653,6.476100000000001,1,1.1
17.08.2021 00:03:01.863,6.47653,6.47613,1,1.1
17.08.2021 00:03:03.586,6.4765500000000005,6.47613,1,1.1
17.08.2021 00:03:05.509,6.476680000000001,6.47634,1,1
17.08.2021 00:03:05.559,6.47662,6.4762,1,1
17.08.2021 00:03:05.610,6.47679,6.4762900000000005,1,1.5
17.08.2021 00:03:05.661,6.47695,6.47649,1.2,1
17.08.2021 00:03:05.762,6.477,6.476450000000001,1.2,1.5
17.08.2021 00:03:06.569,6.477080000000001,6.476500000000001,1,2
17.08.2021 00:03:06.669,6.47707,6.47657,1,1
17.08.2021 00:03:06.770,6.47707,6.47657,1,1.5
17.08.2021 00:03:07.116,6.477030000000001,6.47649,1,2
17.08.2021 00:03:07.217,6.47705,6.47634,1,1
17.08.2021 00:03:07.317,6.47695,6.47621,1,1
17.08.2021 00:03:07.368,6.476850000000001,6.476100000000001,1,1
17.08.2021 00:03:07.469,6.47687,6.475930000000001,1.5,1.5
17.08.2021 00:03:07.570,6.47681,6.47613,1,1
17.08.2021 00:03:09.714,6.47684,6.47606,1,1
17.08.2021 00:03:09.815,6.47692,6.47606,1,1
17.08.2021 00:03:09.969,6.47696,6.476050000000001,1,1
17.08.2021 00:03:10.077,6.47696,6.47613,1,1
17.08.2021 00:03:10.228,6.47697,6.47609,1,1
17.08.2021 00:03:11.079,6.477040000000001,6.47609,1,1
17.08.2021 00:03:12.464,6.477040000000001,6.47613,1,1
17.08.2021 00:03:13.109,6.477040000000001,6.475980000000001,1,1.05
17.08.2021 00:03:13.412,6.47701,6.475980000000001,1,1.05
17.08.2021 00:03:17.512,6.47701,6.47618,1,1
17.08.2021 00:03:17.629,6.47701,6.476230000000001,1,1
17.08.2021 00:03:17.948,6.47702,6.476230000000001,1,1
17.08.2021 00:03:17.999,6.47705,6.476240000000001,1,1
17.08.2021 00:03:20.160,6.47706,6.476240000000001,1,1
17.08.2021 00:03:25.036,6.477030000000001,6.476230000000001,1,1
17.08.2021 00:03:25.324,6.477030000000001,6.476240000000001,1,1
17.08.2021 00:03:27.930,6.477030000000001,6.47609,1,1.05
17.08.2021 00:03:30.355,6.477030000000001,6.476240000000001,1,1
17.08.2021 00:03:31.254,6.477030000000001,6.47609,1,1.05
17.08.2021 00:03:31.305,6.47696,6.47613,1,1
17.08.2021 00:03:31.564,6.477030000000001,6.476140000000001,1,1
17.08.2021 00:03:32.301,6.477040000000001,6.4760800000000005,1,1.05
17.08.2021 00:03:33.192,6.477030000000001,6.47611,1,1
17.08.2021 00:03:33.242,6.47696,6.476100000000001,1,1
17.08.2021 00:03:39.102,6.47696,6.4760800000000005,1,1.05
17.08.2021 00:03:39.203,6.47701,6.476240000000001,1,1
17.08.2021 00:03:44.119,6.47701,6.47609,1,1.15
17.08.2021 00:03:44.169,6.47695,6.4761500000000005,1,1
17.08.2021 00:03:44.499,6.47696,6.47616,1,1
17.08.2021 00:03:44.550,6.47696,6.47611,1,1
17.08.2021 00:03:45.532,6.47696,6.4761500000000005,1,1
17.08.2021 00:03:46.182,6.47696,6.476140000000001,1,1
17.08.2021 00:03:46.889,6.47697,6.4761500000000005,1.5,1
17.08.2021 00:03:47.510,6.47696,6.476140000000001,1.5,1
17.08.2021 00:03:47.789,6.47696,6.47609,1.5,1.05
17.08.2021 00:03:47.840,6.47697,6.4761500000000005,1.5,1
17.08.2021 00:03:48.162,6.47696,6.47609,1.5,1.05
17.08.2021 00:03:50.753,6.47697,6.4761500000000005,1.5,1
17.08.2021 00:03:54.096,6.47696,6.47609,1.5,1.55
17.08.2021 00:03:54.310,6.47696,6.47616,1.5,1
17.08.2021 00:03:55.131,6.47697,6.47616,1,1
17.08.2021 00:03:55.582,6.47696,6.47609,1,1.55
17.08.2021 00:03:55.725,6.47697,6.47616,1,1
17.08.2021 00:04:02.471,6.47696,6.47609,1.5,1.55
17.08.2021 00:04:06.603,6.47696,6.47609,1.05,1.55
17.08.2021 00:04:07.129,6.47697,6.4761500000000005,1.05,1
17.08.2021 00:04:09.856,6.47687,6.4761500000000005,1,1
17.08.2021 00:04:09.956,6.47686,6.47609,1,1.55
17.08.2021 00:04:13.664,6.47689,6.47604,1.05,1.5
17.08.2021 00:04:14.403,6.47687,6.476030000000001,1.05,1.5
17.08.2021 00:04:14.454,6.47687,6.476030000000001,1.05,1
17.08.2021 00:04:14.504,6.47681,6.47602,1.1,1
17.08.2021 00:04:14.705,6.47679,6.47602,1,1
17.08.2021 00:04:14.756,6.476640000000001,6.47571,1,1.05
17.08.2021 00:04:14.806,6.47656,6.47583,1,1
17.08.2021 00:04:14.907,6.4767600000000005,6.47591,1,1
17.08.2021 00:04:15.515,6.47677,6.47591,1.05,1
17.08.2021 00:04:16.096,6.47677,6.4759,1,1
17.08.2021 00:04:16.587,6.47677,6.4759,1.1,1
17.08.2021 00:04:18.175,6.4767600000000005,6.4759400000000005,1.1,1
17.08.2021 00:04:18.276,6.4768,6.4761500000000005,1,1
17.08.2021 00:04:18.537,6.476780000000001,6.47582,1,1.55
17.08.2021 00:04:18.587,6.47681,6.475980000000001,1.1,1
17.08.2021 00:04:18.758,6.47682,6.47597,1.15,1
17.08.2021 00:04:19.037,6.47681,6.47582,1.15,1.55
17.08.2021 00:04:19.339,6.47682,6.475930000000001,1.15,1
17.08.2021 00:04:19.390,6.47665,6.47585,1,1
17.08.2021 00:04:22.935,6.47682,6.47585,1.15,1
17.08.2021 00:04:23.063,6.47682,6.476030000000001,1.15,1
17.08.2021 00:04:23.503,6.47677,6.476030000000001,1,1
17.08.2021 00:04:23.553,6.4767600000000005,6.475890000000001,1,1
17.08.2021 00:04:23.890,6.47677,6.475880000000001,1.1,1
17.08.2021 00:04:23.947,6.47677,6.47585,1.1,1
17.08.2021 00:04:23.998,6.47672,6.47586,1,1
17.08.2021 00:04:24.442,6.476630000000001,6.47595,1,1
17.08.2021 00:04:24.993,6.4767600000000005,6.47592,1.1,1
17.08.2021 00:04:25.044,6.47677,6.47585,1,1
17.08.2021 00:04:25.874,6.47677,6.4760100000000005,1,1
17.08.2021 00:04:26.134,6.4767600000000005,6.4758700000000005,1,1
17.08.2021 00:04:26.184,6.47665,6.47586,1,1
17.08.2021 00:04:29.278,6.47681,6.47586,1.15,1
17.08.2021 00:04:29.328,6.47682,6.4758700000000005,1.15,1
17.08.2021 00:04:30.146,6.4767600000000005,6.475880000000001,1,1
17.08.2021 00:04:30.267,6.47675,6.475890000000001,1,1
17.08.2021 00:04:30.318,6.47675,6.47585,1,1
17.08.2021 00:04:30.893,6.47674,6.47591,1,1
17.08.2021 00:04:31.751,6.47682,6.475930000000001,1.15,1
17.08.2021 00:04:31.852,6.47681,6.4759400000000005,1.15,1
17.08.2021 00:04:33.487,6.47682,6.475930000000001,1.15,1
17.08.2021 00:04:33.905,6.47677,6.4759400000000005,1,1
17.08.2021 00:04:36.153,6.47677,6.47582,1,1.17
17.08.2021 00:04:37.198,6.47677,6.47582,1.1,1.05
17.08.2021 00:04:37.527,6.47681,6.47581,1.15,1.05
17.08.2021 00:04:37.685,6.47681,6.47581,1.1,1.05
17.08.2021 00:04:37.736,6.47679,6.47582,1,1
17.08.2021 00:04:37.786,6.47667,6.47582,1,1
17.08.2021 00:04:37.836,6.47666,6.47586,1,1
17.08.2021 00:04:42.160,6.47681,6.47585,1.15,1
17.08.2021 00:04:42.210,6.47681,6.47585,1.15,1
17.08.2021 00:04:42.261,6.4768,6.475880000000001,1.05,1
17.08.2021 00:04:42.311,6.4768,6.475960000000001,1.15,1
17.08.2021 00:04:43.246,6.47681,6.47595,1.15,1
17.08.2021 00:04:48.771,6.4768,6.475960000000001,1.15,1
17.08.2021 00:04:49.527,6.476780000000001,6.47595,1,1
17.08.2021 00:04:49.632,6.476730000000001,6.47595,1,1
17.08.2021 00:04:50.941,6.476730000000001,6.47595,1.1,1
17.08.2021 00:04:51.101,6.47672,6.475960000000001,1,1
17.08.2021 00:04:51.683,6.476730000000001,6.47595,1.1,1
17.08.2021 00:04:58.095,6.47672,6.47582,1.1,1.55
17.08.2021 00:04:58.607,6.476730000000001,6.47595,1.1,1
17.08.2021 00:05:08.200,6.47672,6.475960000000001,1,1
17.08.2021 00:05:09.257,6.476730000000001,6.47581,1,1.55
17.08.2021 00:05:09.307,6.47672,6.475960000000001,1,1
17.08.2021 00:05:12.989,6.47672,6.47582,1.5,1.05
17.08.2021 00:05:13.268,6.47672,6.475960000000001,1.5,1
17.08.2021 00:05:21.695,6.476730000000001,6.47581,1,1.55
17.08.2021 00:05:22.542,6.47672,6.475960000000001,1,1
17.08.2021 00:05:28.576,6.476730000000001,6.47581,1,1.55
17.08.2021 00:05:28.722,6.476730000000001,6.47581,1,1.55
17.08.2021 00:05:35.942,6.4767600000000005,6.47582,1,1.55
17.08.2021 00:05:36.430,6.47677,6.475840000000001,1,1.05
17.08.2021 00:05:40.259,6.4767600000000005,6.47583,1,1.05
17.08.2021 00:05:41.676,6.47677,6.4759400000000005,1,1
17.08.2021 00:05:45.087,6.47677,6.4759400000000005,1.05,1
17.08.2021 00:05:50.860,6.4768,6.47586,1.05,1.05
17.08.2021 00:05:52.021,6.47686,6.475960000000001,1.05,1
17.08.2021 00:05:56.873,6.47681,6.47592,1,1.05
17.08.2021 00:05:56.974,6.476850000000001,6.475960000000001,1.05,1
17.08.2021 00:05:57.025,6.47684,6.476030000000001,1.05,1
17.08.2021 00:05:57.126,6.47681,6.476050000000001,1,1
17.08.2021 00:06:02.730,6.47684,6.47606,1,1
17.08.2021 00:06:04.170,6.47679,6.47606,1,1
17.08.2021 00:06:05.342,6.47679,6.47592,1,1.05
17.08.2021 00:06:05.392,6.4768,6.47606,1,1
17.08.2021 00:06:05.657,6.47679,6.47606,1,1
17.08.2021 00:06:06.027,6.47686,6.47606,1,1
17.08.2021 00:06:06.665,6.47687,6.4759400000000005,1,1.05
17.08.2021 00:06:06.716,6.47679,6.4759400000000005,1,1.5
17.08.2021 00:06:07.030,6.476780000000001,6.475960000000001,1,1
17.08.2021 00:06:08.200,6.476780000000001,6.4760100000000005,1,1
17.08.2021 00:06:09.211,6.476780000000001,6.47604,1,1
17.08.2021 00:06:09.312,6.47688,6.476240000000001,1,1
17.08.2021 00:06:09.362,6.47693,6.476240000000001,1,1
17.08.2021 00:06:09.551,6.476940000000001,6.4762,1,1
17.08.2021 00:06:09.602,6.47693,6.476,1.1,1.5
17.08.2021 00:06:09.886,6.47695,6.476050000000001,1.1,1.05
17.08.2021 00:06:10.254,6.47696,6.476100000000001,1.1,1
17.08.2021 00:06:13.568,6.47697,6.47611,1.15,1
17.08.2021 00:06:13.873,6.47681,6.47613,1,1
17.08.2021 00:06:15.145,6.47686,6.4760800000000005,1,1
17.08.2021 00:06:15.389,6.47687,6.47607,1.1,1
17.08.2021 00:06:15.556,6.47691,6.47607,1.15,1
17.08.2021 00:06:15.806,6.47689,6.476050000000001,1.15,1.5
17.08.2021 00:06:15.857,6.4768300000000005,6.476100000000001,1,1
17.08.2021 00:06:16.119,6.47687,6.47609,1.6,1
17.08.2021 00:06:20.094,6.47686,6.476100000000001,1,1
17.08.2021 00:06:20.145,6.476940000000001,6.476100000000001,1.6,1
17.08.2021 00:06:20.195,6.47697,6.47613,1.15,1
17.08.2021 00:06:20.345,6.47697,6.476190000000001,1.15,1
17.08.2021 00:06:20.396,6.47696,6.4760800000000005,1.15,1.05
17.08.2021 00:06:20.449,6.47697,6.476230000000001,1.15,1
17.08.2021 00:06:23.215,6.47697,6.476240000000001,1.05,1
17.08.2021 00:06:29.820,6.47697,6.476240000000001,1.05,1
17.08.2021 00:06:53.365,6.47698,6.476230000000001,1.05,1
17.08.2021 00:06:58.571,6.477030000000001,6.476230000000001,1.05,1
17.08.2021 00:06:58.685,6.47692,6.476240000000001,1,1
17.08.2021 00:06:58.786,6.4769000000000005,6.476240000000001,1,1
17.08.2021 00:06:58.836,6.47698,6.476230000000001,3,1
17.08.2021 00:06:58.887,6.476940000000001,6.476240000000001,1,1
17.08.2021 00:06:58.937,6.47698,6.476230000000001,1,1
17.08.2021 00:06:59.006,6.47698,6.476230000000001,1,1.1
17.08.2021 00:06:59.157,6.477030000000001,6.476430000000001,1.1,1
17.08.2021 00:06:59.384,6.477040000000001,6.476430000000001,1.1,1
17.08.2021 00:07:00.182,6.477030000000001,6.476430000000001,1.1,1
17.08.2021 00:07:00.233,6.477030000000001,6.47639,1.1,1
17.08.2021 00:07:00.384,6.477130000000001,6.4763,1.1,1.6
17.08.2021 00:07:05.586,6.477200000000001,6.4763,1.15,1.6
17.08.2021 00:07:06.266,6.477130000000001,6.47625,1.1,2.1
17.08.2021 00:07:07.951,6.477130000000001,6.4763,1.1,1.6
17.08.2021 00:07:21.251,6.477200000000001,6.47637,1.6,1
17.08.2021 00:07:24.039,6.4770900000000005,6.47631,1,1.6
17.08.2021 00:07:25.111,6.4771,6.4764,1,1
17.08.2021 00:07:25.795,6.4771,6.4764,1,1.1
17.08.2021 00:07:26.029,6.47717,6.4764100000000004,1,1.1
17.08.2021 00:07:26.080,6.4773000000000005,6.4764100000000004,1.27,1.1
17.08.2021 00:07:26.306,6.47731,6.476330000000001,1.15,2.15
17.08.2021 00:07:28.757,6.47724,6.47637,1.15,1.65
17.08.2021 00:07:28.967,6.47722,6.476360000000001,1,1.65
17.08.2021 00:07:29.017,6.47717,6.476360000000001,1,1.65
17.08.2021 00:07:30.108,6.477180000000001,6.476380000000001,1,1.55
17.08.2021 00:07:30.159,6.4772300000000005,6.476380000000001,1.15,1.65
17.08.2021 00:07:30.209,6.477200000000001,6.476380000000001,1,1.65
17.08.2021 00:07:30.266,6.47722,6.476380000000001,1,1.65
17.08.2021 00:07:33.228,6.47732,6.476360000000001,1.15,1.65
17.08.2021 00:07:38.574,6.47731,6.47637,1.15,1.65
17.08.2021 00:07:40.216,6.477200000000001,6.476380000000001,1,1.65
17.08.2021 00:07:41.236,6.4772300000000005,6.47637,1,1.65
17.08.2021 00:07:46.983,6.4772300000000005,6.476380000000001,1.15,1.65
17.08.2021 00:07:47.386,6.4772300000000005,6.476380000000001,1.15,1.65
17.08.2021 00:07:47.505,6.4772300000000005,6.4764,1.1,1.65
17.08.2021 00:07:48.135,6.477290000000001,6.47637,1.1,1.65
17.08.2021 00:07:48.435,6.47732,6.47653,1.1,1
17.08.2021 00:07:48.536,6.4772300000000005,6.4766,1.1,1
17.08.2021 00:07:48.587,6.47731,6.476540000000001,1.1,1
17.08.2021 00:07:48.789,6.47732,6.47653,1.1,1.1
17.08.2021 00:07:49.251,6.47731,6.476540000000001,1.1,1.1
17.08.2021 00:07:49.877,6.47733,6.47677,1.1,1
17.08.2021 00:07:50.885,6.47745,6.476590000000001,1.6,1.1
17.08.2021 00:07:55.213,6.4774400000000005,6.47658,1.1,1.1
17.08.2021 00:08:02.480,6.477430000000001,6.476640000000001,1.1,1
17.08.2021 00:08:06.660,6.477430000000001,6.47661,1.1,1.1
17.08.2021 00:08:06.711,6.477430000000001,6.47661,1,1.1
17.08.2021 00:08:07.113,6.47775,6.4769000000000005,1.2,1
17.08.2021 00:08:07.214,6.477650000000001,6.4769000000000005,1,1
17.08.2021 00:08:07.545,6.47767,6.4769000000000005,1,1
17.08.2021 00:08:08.150,6.47756,6.476780000000001,1,1.6
17.08.2021 00:08:11.518,6.47756,6.476780000000001,1,1
17.08.2021 00:08:12.273,6.47752,6.476780000000001,1,1
17.08.2021 00:08:12.374,6.47752,6.47677,1,1
17.08.2021 00:08:12.475,6.4775,6.476780000000001,1,1
17.08.2021 00:08:12.685,6.47747,6.47677,1,1
17.08.2021 00:08:12.799,6.47746,6.47674,1,1.12
17.08.2021 00:08:13.234,6.47747,6.47675,1,1
17.08.2021 00:08:13.538,6.47747,6.476730000000001,1,1
17.08.2021 00:08:13.820,6.47747,6.47675,1,1
17.08.2021 00:08:20.768,6.47752,6.4767600000000005,1,1
17.08.2021 00:08:23.959,6.47752,6.4767600000000005,1.05,1
17.08.2021 00:08:25.233,6.477530000000001,6.47675,1.05,1.1
17.08.2021 00:08:33.145,6.47752,6.47674,1.05,1.05
17.08.2021 00:08:35.635,6.47752,6.47674,1.05,1.05
17.08.2021 00:08:41.921,6.47747,6.47674,1,1.05
17.08.2021 00:08:41.972,6.47745,6.47674,1,1
17.08.2021 00:08:42.073,6.4774400000000005,6.47666,1,1
17.08.2021 00:08:42.124,6.477380000000001,6.47657,1,1
17.08.2021 00:08:42.174,6.47735,6.47657,1,1
17.08.2021 00:08:42.275,6.477380000000001,6.476540000000001,1,1.22
17.08.2021 00:08:42.326,6.47714,6.476540000000001,1,1.5
17.08.2021 00:08:42.426,6.477180000000001,6.47653,2.25,2
17.08.2021 00:08:42.477,6.4773000000000005,6.4765500000000005,1,1.5
17.08.2021 00:08:42.647,6.47732,6.4765500000000005,1,2.25
17.08.2021 00:08:42.698,6.47737,6.4765500000000005,1.5,2.62
17.08.2021 00:08:42.815,6.47737,6.4765500000000005,1.5,2.72
17.08.2021 00:08:43.658,6.47737,6.4765500000000005,1.5,2.85
17.08.2021 00:08:46.996,6.47737,6.4765500000000005,1.05,2.85
17.08.2021 00:08:47.919,6.47737,6.4765500000000005,1.5,2.85
17.08.2021 00:08:47.979,6.47736,6.47662,1,1
17.08.2021 00:08:48.129,6.47737,6.476680000000001,1,1.5
17.08.2021 00:08:48.180,6.477600000000001,6.476730000000001,1.15,1
17.08.2021 00:08:48.457,6.47749,6.47674,1,1.1
17.08.2021 00:08:48.608,6.4775,6.4766900000000005,1,1.1
17.08.2021 00:08:49.120,6.47749,6.47674,1,1
17.08.2021 00:08:49.171,6.47768,6.4766900000000005,1.2,1.1
17.08.2021 00:08:49.221,6.47768,6.4766900000000005,1.3,1.1
17.08.2021 00:08:49.412,6.47767,6.476780000000001,1.2,1
17.08.2021 00:08:49.463,6.47767,6.476780000000001,1.2,1.1
17.08.2021 00:08:49.729,6.47761,6.47677,1,1
17.08.2021 00:08:51.740,6.47757,6.47677,1,1
17.08.2021 00:08:57.818,6.47756,6.47675,1,1.27
17.08.2021 00:08:57.868,6.47757,6.47674,1,1.16
17.08.2021 00:09:00.212,6.47756,6.47675,1,1.15
17.08.2021 00:09:01.431,6.47761,6.47675,1.05,1.15
17.08.2021 00:09:01.481,6.47762,6.47674,1.05,1.05
17.08.2021 00:09:02.225,6.47747,6.47666,1,1.65
17.08.2021 00:09:03.585,6.47747,6.47666,1,1.15
17.08.2021 00:09:04.990,6.47747,6.47666,1.5,1.1
17.08.2021 00:09:09.223,6.47746,6.47667,1.5,1.15
17.08.2021 00:09:11.045,6.47747,6.47666,1.5,1.05
17.08.2021 00:09:11.096,6.4774400000000005,6.47666,1,1.05
17.08.2021 00:09:11.391,6.477430000000001,6.47667,1,1
17.08.2021 00:09:11.492,6.47747,6.47667,1.5,1
17.08.2021 00:09:11.888,6.47745,6.476680000000001,1,1
17.08.2021 00:09:11.988,6.47747,6.476680000000001,1.5,1
17.08.2021 00:09:17.022,6.47746,6.4766900000000005,1.05,1
17.08.2021 00:09:18.545,6.4774400000000005,6.4766900000000005,1.05,1
17.08.2021 00:09:18.595,6.47745,6.47666,1.05,1.5
17.08.2021 00:09:19.150,6.4774,6.47656,1.05,1.65
17.08.2021 00:09:19.201,6.47735,6.4764800000000005,1,2.15
17.08.2021 00:09:19.302,6.4773000000000005,6.4765500000000005,1,1
17.08.2021 00:09:20.216,6.4773000000000005,6.47647,1,1.65
17.08.2021 00:09:20.267,6.4773000000000005,6.47647,1,1.55
17.08.2021 00:09:20.371,6.4772300000000005,6.47646,1,2
17.08.2021 00:09:21.229,6.47722,6.47647,1,1.5
17.08.2021 00:09:27.850,6.4773000000000005,6.47647,1.05,1.5
17.08.2021 00:09:28.055,6.47722,6.47647,1,1.5
17.08.2021 00:09:28.106,6.47731,6.476500000000001,1.55,1
17.08.2021 00:09:28.650,6.47731,6.476500000000001,1.55,1
17.08.2021 00:09:28.757,6.47726,6.47651,1.05,1
17.08.2021 00:09:28.807,6.47726,6.47649,1.05,1
17.08.2021 00:09:29.599,6.477290000000001,6.47651,1.05,1
17.08.2021 00:09:33.335,6.47726,6.476500000000001,1.05,1
17.08.2021 00:09:38.225,6.477290000000001,6.47651,1.05,1.1
17.08.2021 00:09:39.225,6.4773000000000005,6.476500000000001,1.05,1
17.08.2021 00:09:39.400,6.477290000000001,6.476540000000001,1.05,1
17.08.2021 00:09:39.451,6.4773000000000005,6.47653,1.05,1
17.08.2021 00:09:39.786,6.47731,6.476540000000001,1.5,1
17.08.2021 00:09:40.411,6.47732,6.47653,1,1.5
17.08.2021 00:09:41.410,6.47731,6.476540000000001,1,1.5
17.08.2021 00:09:41.630,6.47732,6.47653,1,1.6
17.08.2021 00:09:43.142,6.47732,6.47653,1.05,1.6
17.08.2021 00:09:43.725,6.47731,6.476540000000001,1.05,1.6
17.08.2021 00:09:43.887,6.477340000000001,6.47665,1,1.1
17.08.2021 00:09:44.237,6.47752,6.47667,1.05,1.1
17.08.2021 00:09:44.337,6.4774400000000005,6.4766900000000005,1,1.1
17.08.2021 00:09:44.531,6.47745,6.4766900000000005,1,1.1
17.08.2021 00:09:44.922,6.47756,6.4767,1.05,1.1
17.08.2021 00:09:44.972,6.4774400000000005,6.4767,1,1.1
17.08.2021 00:09:45.210,6.47767,6.4768300000000005,1.55,1
17.08.2021 00:09:45.261,6.47766,6.476780000000001,1.05,1.1
17.08.2021 00:09:45.412,6.477580000000001,6.47674,1.05,1.1
17.08.2021 00:09:45.463,6.47755,6.47674,1,1
17.08.2021 00:09:45.614,6.47741,6.47662,1,2.1
17.08.2021 00:09:45.739,6.47733,6.47666,1,1.6
17.08.2021 00:09:46.478,6.47733,6.47666,1,1.1
17.08.2021 00:09:48.323,6.47741,6.476640000000001,1.05,1.1
17.08.2021 00:09:57.018,6.47741,6.476640000000001,1.05,1
17.08.2021 00:09:57.328,6.47741,6.476640000000001,1.05,1
17.08.2021 00:09:57.872,6.47741,6.476640000000001,1.05,1.05
17.08.2021 00:10:05.083,6.47733,6.47667,1,1
17.08.2021 00:10:08.660,6.47724,6.47666,1,1
17.08.2021 00:10:08.711,6.47724,6.47642,1,2.15
17.08.2021 00:10:08.761,6.47715,6.47651,1,1.5
17.08.2021 00:10:09.553,6.47714,6.47652,1,1.5
17.08.2021 00:10:09.704,6.477130000000001,6.476430000000001,1,1.55
17.08.2021 00:10:11.578,6.477130000000001,6.476430000000001,1,1.55
17.08.2021 00:10:13.531,6.477130000000001,6.47644,1.05,1.5
17.08.2021 00:10:13.582,6.477110000000001,6.4764800000000005,1,1.12
17.08.2021 00:10:20.296,6.47714,6.4764800000000005,1,1
17.08.2021 00:10:20.716,6.477200000000001,6.476450000000001,1,1.5
17.08.2021 00:10:22.590,6.477110000000001,6.476450000000001,1,1.6
17.08.2021 00:10:22.691,6.47692,6.47639,1,1.5
17.08.2021 00:10:22.742,6.47712,6.47635,1,1.1
17.08.2021 00:10:22.792,6.47705,6.47634,1,1.6
17.08.2021 00:10:22.893,6.47698,6.47634,2.25,1.97
17.08.2021 00:10:22.994,6.47715,6.47634,1.05,1.22
17.08.2021 00:10:23.095,6.4770900000000005,6.47637,1.05,1.1
17.08.2021 00:10:23.202,6.47714,6.47637,1.05,1.1
17.08.2021 00:10:23.353,6.47714,6.47634,1.05,1.6
17.08.2021 00:10:23.602,6.47715,6.47635,1.05,1.1
17.08.2021 00:10:23.887,6.47715,6.47635,1.05,1.1
17.08.2021 00:10:24.161,6.47727,6.476360000000001,1.05,1.6
17.08.2021 00:10:24.725,6.477290000000001,6.4763,1.05,1.65
17.08.2021 00:10:29.232,6.47727,6.47646,1.05,1.1
17.08.2021 00:10:29.282,6.47727,6.47646,1.05,1.6
17.08.2021 00:10:29.475,6.47728,6.476450000000001,1.05,1.6
17.08.2021 00:10:34.148,6.47727,6.47646,1.05,2.1
17.08.2021 00:10:36.923,6.47727,6.47646,1.05,1.6
17.08.2021 00:10:40.594,6.47728,6.476450000000001,1.05,1.6
17.08.2021 00:10:45.162,6.47727,6.47646,1.05,1.6
17.08.2021 00:10:48.463,6.47727,6.47646,1.05,1.22
17.08.2021 00:11:06.149,6.47728,6.476450000000001,1.05,1
17.08.2021 00:11:07.294,6.47728,6.476450000000001,1.05,1.5
17.08.2021 00:11:11.320,6.47727,6.47646,1.05,1.6
17.08.2021 00:11:11.594,6.47732,6.47651,1.05,1
17.08.2021 00:11:11.694,6.47732,6.4766,1.05,1
17.08.2021 00:11:11.795,6.477530000000001,6.47667,1.15,1
17.08.2021 00:11:11.896,6.4775,6.476680000000001,1.05,1
17.08.2021 00:11:12.100,6.47755,6.4766900000000005,1.15,1
17.08.2021 00:11:13.121,6.477530000000001,6.47667,1.15,1
17.08.2021 00:11:13.222,6.477380000000001,6.47665,1,1
17.08.2021 00:11:13.345,6.477380000000001,6.47662,1,1.12
17.08.2021 00:11:13.501,6.477380000000001,6.47662,1.1,1.12
17.08.2021 00:11:14.217,6.477380000000001,6.47662,1.1,1.5
17.08.2021 00:11:17.452,6.477340000000001,6.476590000000001,1,1.5
17.08.2021 00:11:18.241,6.47733,6.47657,1,1.5
17.08.2021 00:11:22.806,6.47736,6.47657,1,1.5
17.08.2021 00:11:22.945,6.477380000000001,6.47656,1,1.5
17.08.2021 00:11:23.174,6.47737,6.476640000000001,1,1
17.08.2021 00:11:23.670,6.477380000000001,6.47646,1,1.65
17.08.2021 00:11:27.884,6.477380000000001,6.4764800000000005,1,1.65
17.08.2021 00:11:28.528,6.47737,6.47649,1,1.65
17.08.2021 00:11:28.767,6.47732,6.476590000000001,1,1
17.08.2021 00:11:31.741,6.47731,6.476640000000001,1,1
17.08.2021 00:11:32.062,6.47731,6.4766,1,1
17.08.2021 00:11:34.604,6.47736,6.4766,1,1
17.08.2021 00:11:36.161,6.47737,6.4764800000000005,1,1.55
17.08.2021 00:11:36.508,6.47732,6.4764800000000005,1,1.55
17.08.2021 00:11:37.140,6.477290000000001,6.47662,1,1
17.08.2021 00:11:37.924,6.47732,6.4764800000000005,1.05,1.55
17.08.2021 00:11:39.100,6.47732,6.476590000000001,1.5,1
17.08.2021 00:11:41.368,6.477250000000001,6.4766,1,1
17.08.2021 00:11:41.441,6.477250000000001,6.47649,1,1.65
17.08.2021 00:11:41.491,6.47721,6.4764800000000005,1,1.65
17.08.2021 00:11:43.543,6.47721,6.4764800000000005,1,1.55
17.08.2021 00:11:46.742,6.47724,6.47649,1,1.65
17.08.2021 00:11:47.214,6.477250000000001,6.476590000000001,1,1
17.08.2021 00:12:05.626,6.477200000000001,6.476590000000001,1,1
17.08.2021 00:12:05.727,6.477110000000001,6.476590000000001,1,1
17.08.2021 00:12:05.778,6.47712,6.47649,1,1.12
17.08.2021 00:12:05.879,6.4771,6.476500000000001,1,1.12
17.08.2021 00:12:06.496,6.477040000000001,6.476500000000001,1,1.12
17.08.2021 00:12:06.776,6.477040000000001,6.47651,1,1.1
17.08.2021 00:12:07.495,6.477040000000001,6.476500000000001,1,1.57
17.08.2021 00:12:07.596,6.477040000000001,6.476500000000001,1,2.07
17.08.2021 00:12:10.606,6.47701,6.476500000000001,1,1.6
17.08.2021 00:12:10.910,6.47705,6.47646,1,1.6
17.08.2021 00:12:14.594,6.47707,6.47647,1,1.6
17.08.2021 00:12:15.541,6.47707,6.47647,1,1.6
17.08.2021 00:12:17.280,6.477040000000001,6.47646,1,1.6
17.08.2021 00:12:17.551,6.477,6.47646,1.5,1.6
17.08.2021 00:12:18.193,6.47701,6.47646,1,1.6
17.08.2021 00:12:18.584,6.477,6.47647,1,1.6
17.08.2021 00:12:22.755,6.47701,6.47651,1,1.1
17.08.2021 00:12:25.338,6.47701,6.47653,1,1.1
17.08.2021 00:12:28.657,6.47701,6.476500000000001,1,1.17
17.08.2021 00:12:32.670,6.47705,6.476500000000001,1,1.17
17.08.2021 00:12:32.720,6.47701,6.476500000000001,1,1.17
17.08.2021 00:12:44.025,6.477,6.47658,1,1.1
17.08.2021 00:12:50.219,6.47695,6.47657,1,1.1
17.08.2021 00:12:51.253,6.47695,6.4766,1,1
17.08.2021 00:12:52.097,6.47695,6.47657,1,1.1
17.08.2021 00:12:53.639,6.47698,6.476630000000001,1,1
17.08.2021 00:12:57.364,6.476990000000001,6.47657,1,1.1
17.08.2021 00:12:59.097,6.477,6.47657,1,1.1
17.08.2021 00:12:59.148,6.47697,6.47658,1,1.1
17.08.2021 00:12:59.463,6.476940000000001,6.47658,1,1.1
17.08.2021 00:13:06.285,6.47692,6.47657,1,1.1
17.08.2021 00:13:06.823,6.47692,6.4765500000000005,1,1.1
17.08.2021 00:13:10.352,6.47692,6.47656,1,1.1
17.08.2021 00:13:28.109,6.47691,6.47656,1,1.1
17.08.2021 00:13:33.164,6.47691,6.47658,1,1.1
17.08.2021 00:13:44.809,6.47691,6.47662,1,1.1
17.08.2021 00:13:47.039,6.47692,6.47662,1,1.1
17.08.2021 00:13:47.140,6.47695,6.47661,1,1.1
17.08.2021 00:13:47.638,6.477,6.47661,1,1.1
17.08.2021 00:13:47.738,6.47702,6.47661,1,1.1
17.08.2021 00:13:47.839,6.477,6.47662,1,1.1
17.08.2021 00:13:48.327,6.47697,6.47661,1,1.1
17.08.2021 00:14:04.675,6.47696,6.476590000000001,1,1.1
17.08.2021 00:14:18.890,6.47696,6.47661,1,1.1
17.08.2021 00:14:44.380,6.47696,6.47665,1,1.1
17.08.2021 00:14:44.957,6.47696,6.47666,1,1.1
17.08.2021 00:14:47.523,6.47701,6.47666,1,1.1
17.08.2021 00:14:47.632,6.47702,6.4766900000000005,1,1.1
17.08.2021 00:14:47.787,6.47705,6.4766900000000005,1,1.1
17.08.2021 00:14:48.032,6.47705,6.4767,1,1.1
17.08.2021 00:14:48.981,6.477080000000001,6.4767,1.12,1.1
17.08.2021 00:14:50.068,6.477080000000001,6.476730000000001,1,1.1
17.08.2021 00:14:50.275,6.47714,6.47672,1,1.1
17.08.2021 00:14:50.326,6.477200000000001,6.47672,1,1.1
17.08.2021 00:14:50.713,6.477200000000001,6.47674,1,1
17.08.2021 00:15:01.722,6.477200000000001,6.47675,1,1
17.08.2021 00:15:01.823,6.477200000000001,6.47674,1,1
17.08.2021 00:15:02.025,6.47717,6.47671,1,1
17.08.2021 00:15:02.134,6.4771600000000005,6.47672,1,1.05
17.08.2021 00:15:02.363,6.477200000000001,6.47672,1,1.05
17.08.2021 00:15:09.179,6.477200000000001,6.47672,1,1.05
17.08.2021 00:15:15.226,6.47724,6.47672,1,1.05
17.08.2021 00:15:15.327,6.47728,6.47672,1,1.15
17.08.2021 00:15:15.478,6.47726,6.4767600000000005,1,1.05
17.08.2021 00:15:16.649,6.477290000000001,6.47677,1,1.05
17.08.2021 00:15:16.750,6.477340000000001,6.476780000000001,1,1.15
17.08.2021 00:15:16.801,6.47736,6.47677,1,1.05
17.08.2021 00:15:16.901,6.47736,6.47687,1,1
17.08.2021 00:15:17.002,6.47737,6.47687,1,1
17.08.2021 00:15:17.406,6.47737,6.4768,1,1.1
17.08.2021 00:15:17.669,6.47737,6.4768,1,1
17.08.2021 00:15:18.996,6.477430000000001,6.47681,1.5,1
17.08.2021 00:15:19.233,6.4774400000000005,6.4768,1.5,1.1
17.08.2021 00:15:21.501,6.477340000000001,6.47681,1,1.1
17.08.2021 00:15:22.761,6.47735,6.4768,1,1
17.08.2021 00:15:23.632,6.47735,6.4768,1,1.1
17.08.2021 00:15:35.230,6.4773000000000005,6.47677,1,1.15
17.08.2021 00:15:38.554,6.47731,6.4767600000000005,1,1.62
17.08.2021 00:15:38.930,6.4773000000000005,6.47677,1,1.65
17.08.2021 00:15:39.539,6.47731,6.4767600000000005,1,1.62
17.08.2021 00:15:40.390,6.4773000000000005,6.47677,1,1.65
17.08.2021 00:15:42.701,6.4773000000000005,6.47677,1,1.15
17.08.2021 00:15:42.752,6.47728,6.476730000000001,1,2.05
17.08.2021 00:15:42.853,6.477200000000001,6.476730000000001,1,1.5
17.08.2021 00:15:43.206,6.47721,6.476730000000001,1,1
17.08.2021 00:15:43.377,6.477200000000001,6.47667,1,1
17.08.2021 00:15:43.758,6.477180000000001,6.47666,1,1.1
17.08.2021 00:15:44.123,6.477250000000001,6.4766900000000005,1,1.1
17.08.2021 00:15:44.173,6.477250000000001,6.47675,1,1.1
17.08.2021 00:15:44.224,6.47733,6.476780000000001,1.12,1
17.08.2021 00:15:44.274,6.47732,6.47679,1.12,1.1
17.08.2021 00:15:44.375,6.47732,6.476850000000001,1.12,1
17.08.2021 00:15:44.476,6.47736,6.47684,1,1
17.08.2021 00:15:44.650,6.47735,6.4768,1,1.1
17.08.2021 00:15:44.801,6.47733,6.47679,1,1.1
17.08.2021 00:15:52.814,6.477340000000001,6.47689,1,1
17.08.2021 00:15:52.864,6.47741,6.47688,1.12,1
17.08.2021 00:16:00.260,6.4774,6.47691,1,1
17.08.2021 00:16:01.315,6.47742,6.47691,1,1
17.08.2021 00:16:02.215,6.477430000000001,6.47698,1,1.5
17.08.2021 00:16:02.266,6.47752,6.476990000000001,1.5,1
17.08.2021 00:16:02.389,6.477530000000001,6.4770900000000005,1.5,1
17.08.2021 00:16:02.439,6.477530000000001,6.47695,1.5,1.15
17.08.2021 00:16:02.490,6.477530000000001,6.47695,1,1.15
17.08.2021 00:16:06.058,6.47755,6.477,1,1.6
17.08.2021 00:16:27.500,6.47755,6.477,1,1.15
17.08.2021 00:16:32.872,6.47754,6.47701,1,1.15
17.08.2021 00:16:34.100,6.47755,6.477,1,1.15
17.08.2021 00:16:34.151,6.47755,6.477,1,1.15
17.08.2021 00:16:35.431,6.47755,6.477,1,1.15
17.08.2021 00:16:48.921,6.477580000000001,6.477040000000001,1,1.1
17.08.2021 00:16:55.980,6.477580000000001,6.47707,1,1
17.08.2021 00:16:59.028,6.47761,6.477080000000001,1.5,1
17.08.2021 00:16:59.079,6.47761,6.477080000000001,1,1.1
17.08.2021 00:17:02.969,6.47767,6.4771600000000005,2.1,1.5
17.08.2021 00:17:03.120,6.47772,6.4771600000000005,1.1,1.5
17.08.2021 00:17:03.480,6.47771,6.47717,1.1,1.6
17.08.2021 00:17:05.540,6.47768,6.4771600000000005,1,1.6
17.08.2021 00:17:05.889,6.47767,6.47717,1,1.6
17.08.2021 00:17:05.940,6.477650000000001,6.47717,1,1.5
17.08.2021 00:17:06.092,6.47763,6.4771600000000005,1,1
17.08.2021 00:17:06.142,6.47763,6.477130000000001,1,1.1
17.08.2021 00:17:06.193,6.47762,6.4770900000000005,1,1.1
17.08.2021 00:17:06.244,6.47763,6.477080000000001,1,1
17.08.2021 00:17:06.516,6.47763,6.477080000000001,1.1,1
17.08.2021 00:17:10.826,6.47759,6.4770900000000005,1,1
17.08.2021 00:17:10.954,6.47757,6.47705,1,1
17.08.2021 00:17:15.720,6.477600000000001,6.47715,1.22,1
17.08.2021 00:17:20.912,6.47761,6.4771600000000005,1.1,1
17.08.2021 00:17:21.187,6.47762,6.47714,1.1,1
17.08.2021 00:17:21.238,6.47759,6.47715,1.1,1
17.08.2021 00:17:22.032,6.47756,6.47705,1.01,1
17.08.2021 00:17:22.083,6.47754,6.47705,1,1
17.08.2021 00:17:22.405,6.47756,6.4771,1.1,1
17.08.2021 00:17:28.349,6.47757,6.47707,1.1,1
17.08.2021 00:17:36.811,6.47757,6.47707,1.1,1
17.08.2021 00:17:36.963,6.477530000000001,6.4771,1.2,1
17.08.2021 00:17:37.119,6.477530000000001,6.477080000000001,1.2,1
17.08.2021 00:17:37.834,6.477530000000001,6.477080000000001,1.1,1
17.08.2021 00:17:40.305,6.47757,6.47707,1.67,1
17.08.2021 00:17:40.356,6.47757,6.4771,1.65,1
17.08.2021 00:17:49.703,6.47762,6.47714,1.15,1
17.08.2021 00:17:49.870,6.47762,6.477180000000001,1.15,1
17.08.2021 00:17:50.718,6.47763,6.47719,1.05,1
17.08.2021 00:17:54.957,6.47764,6.477130000000001,1.05,1
17.08.2021 00:17:56.461,6.47763,6.47714,1.55,1
17.08.2021 00:17:57.467,6.47763,6.47714,1.55,1
17.08.2021 00:18:06.591,6.47763,6.47717,1.55,1
17.08.2021 00:18:12.025,6.47763,6.47715,1.17,1
17.08.2021 00:18:12.200,6.47761,6.47714,1.1,1
17.08.2021 00:18:12.264,6.477530000000001,6.47715,1,1
17.08.2021 00:18:12.723,6.477530000000001,6.477110000000001,1,1.1
17.08.2021 00:18:13.601,6.4775100000000005,6.4771,1.1,1.1
17.08.2021 00:18:13.776,6.4775,6.4771,1.1,1
17.08.2021 00:18:14.917,6.47746,6.477110000000001,1.1,1
17.08.2021 00:18:15.780,6.47747,6.477030000000001,1.1,1
17.08.2021 00:18:16.034,6.47746,6.477030000000001,1.1,1
17.08.2021 00:18:16.150,6.47747,6.47702,1.1,1.05
17.08.2021 00:18:16.271,6.47747,6.47702,1.1,1
17.08.2021 00:18:16.785,6.47747,6.47702,1.1,1.05
17.08.2021 00:18:23.864,6.47746,6.477030000000001,1.1,1
17.08.2021 00:18:24.086,6.47747,6.476990000000001,1.1,1.1
17.08.2021 00:18:24.376,6.47746,6.477,1.1,1.15
17.08.2021 00:18:29.804,6.47745,6.477030000000001,1.1,1
17.08.2021 00:18:33.654,6.4774400000000005,6.477030000000001,1.1,1
17.08.2021 00:18:34.106,6.47745,6.476990000000001,1.1,1.1
17.08.2021 00:18:34.157,6.47742,6.477,1.1,1.1
17.08.2021 00:18:34.312,6.477430000000001,6.476990000000001,1.1,1.1
17.08.2021 00:18:34.363,6.477430000000001,6.47695,1.1,1.1
17.08.2021 00:18:34.533,6.47742,6.47696,1.1,1.1
17.08.2021 00:18:34.634,6.477430000000001,6.47697,1.1,1.1
17.08.2021 00:18:35.089,6.477430000000001,6.47697,1.1,1.1
17.08.2021 00:18:36.576,6.477390000000001,6.47698,1.1,1.1
17.08.2021 00:18:40.711,6.477390000000001,6.47698,1.1,1.1
17.08.2021 00:18:41.518,6.477390000000001,6.47697,1.1,1.1
17.08.2021 00:18:46.837,6.47741,6.47698,1.1,1.1
17.08.2021 00:18:48.078,6.4774,6.476990000000001,1.1,1.15
17.08.2021 00:18:49.065,6.4774,6.47697,1.1,1.15
17.08.2021 00:18:49.130,6.47741,6.47698,1.1,1.15
17.08.2021 00:18:51.213,6.4774,6.47697,1,1.15
17.08.2021 00:18:52.300,6.477380000000001,6.47695,1.1,1.15
17.08.2021 00:18:55.514,6.477390000000001,6.47691,1.1,1
17.08.2021 00:18:55.615,6.477380000000001,6.47696,1.57,1
17.08.2021 00:18:55.969,6.47736,6.47695,1.1,1
17.08.2021 00:19:04.195,6.47731,6.47696,1.1,1
17.08.2021 00:19:04.296,6.47732,6.47692,1.1,1
17.08.2021 00:19:04.405,6.47731,6.47692,1.1,1
17.08.2021 00:19:04.795,6.4773000000000005,6.4769000000000005,1.1,1
17.08.2021 00:19:05.505,6.477250000000001,6.4769000000000005,1.1,1
17.08.2021 00:19:06.563,6.47728,6.47689,1.1,1
17.08.2021 00:19:07.733,6.47724,6.4769000000000005,1.1,1
17.08.2021 00:19:08.291,6.47736,6.47689,1,1
17.08.2021 00:19:12.323,6.4774,6.4769000000000005,2,1
17.08.2021 00:19:12.559,6.4774,6.4769000000000005,1.87,1
17.08.2021 00:19:22.877,6.47741,6.476940000000001,1.87,1
17.08.2021 00:19:23.794,6.4774,6.47691,1.5,1
17.08.2021 00:19:37.135,6.47752,6.47695,1.65,1
17.08.2021 00:19:37.264,6.47756,6.47701,1.65,1
17.08.2021 00:19:38.264,6.4775,6.47701,1.6,1
17.08.2021 00:19:39.265,6.47756,6.477,1.6,1
17.08.2021 00:19:39.324,6.47756,6.47705,1.6,1
17.08.2021 00:19:40.267,6.47756,6.47705,1.6,1
17.08.2021 00:19:41.270,6.47756,6.47705,1.6,1
17.08.2021 00:19:42.635,6.47745,6.47705,1,1
17.08.2021 00:19:43.180,6.47745,6.47701,1,1
17.08.2021 00:19:43.475,6.477430000000001,6.47696,1,1
17.08.2021 00:19:43.525,6.477380000000001,6.47697,1,1
17.08.2021 00:19:43.641,6.477390000000001,6.47691,1,1.1
17.08.2021 00:19:44.776,6.477390000000001,6.47688,1,1.1
17.08.2021 00:20:13.322,6.477380000000001,6.47689,1,1
17.08.2021 00:20:25.135,6.477390000000001,6.47689,1,1
17.08.2021 00:20:25.388,6.47735,6.47689,1,1
17.08.2021 00:20:26.021,6.47735,6.47688,1,1.1
17.08.2021 00:20:27.352,6.477390000000001,6.47688,1.1,1.1
17.08.2021 00:20:51.123,6.477380000000001,6.47689,1,1
17.08.2021 00:21:22.682,6.4774,6.47689,1.62,1
17.08.2021 00:21:47.441,6.47745,6.47689,1.5,1
17.08.2021 00:21:48.748,6.47745,6.47689,1.5,1
17.08.2021 00:21:51.776,6.4774400000000005,6.4769000000000005,1.5,1
17.08.2021 00:21:52.431,6.47736,6.4769000000000005,1,1
17.08.2021 00:22:00.613,6.47735,6.4769000000000005,1,1
17.08.2021 00:22:04.451,6.47737,6.47689,1.5,1
17.08.2021 00:22:09.634,6.47742,6.47692,1.6,1
17.08.2021 00:22:09.684,6.477430000000001,6.476940000000001,1.5,1
17.08.2021 00:22:09.821,6.47749,6.47695,1.65,1
17.08.2021 00:22:09.927,6.47749,6.47701,1.6,1
17.08.2021 00:22:10.128,6.4774400000000005,6.477,1,1
17.08.2021 00:22:12.304,6.4774400000000005,6.47698,1,1
17.08.2021 00:22:21.653,6.477340000000001,6.47698,1,1
17.08.2021 00:22:33.710,6.47741,6.47698,1,1
17.08.2021 00:22:49.724,6.477480000000001,6.476990000000001,1.05,1
17.08.2021 00:22:49.774,6.47747,6.477040000000001,1.05,1
17.08.2021 00:22:49.875,6.47755,6.477080000000001,1.5,1
17.08.2021 00:22:50.680,6.47745,6.477030000000001,1,1
17.08.2021 00:22:54.530,6.47745,6.477,1.05,1
17.08.2021 00:22:58.291,6.4774400000000005,6.476990000000001,1,1
17.08.2021 00:22:58.758,6.477430000000001,6.476990000000001,1,1
17.08.2021 00:23:07.295,6.477430000000001,6.47697,1,1
17.08.2021 00:23:11.812,6.47737,6.47696,1,1
17.08.2021 00:23:59.409,6.47733,6.47696,1,1
17.08.2021 00:24:10.209,6.47733,6.47691,1,1
17.08.2021 00:24:10.749,6.47732,6.47689,1.5,1.1
17.08.2021 00:24:17.939,6.47732,6.47688,1.5,1
17.08.2021 00:24:31.353,6.4773000000000005,6.47681,1,1.15
17.08.2021 00:25:10.559,6.4773000000000005,6.47681,1,1.15
17.08.2021 00:25:10.660,6.4773000000000005,6.47684,1,1.2
17.08.2021 00:25:28.553,6.47731,6.476850000000001,1,1.1
17.08.2021 00:25:36.504,6.4773000000000005,6.47688,1,1.1
17.08.2021 00:25:44.648,6.47731,6.47684,1,1.1
17.08.2021 00:25:48.178,6.4773000000000005,6.47684,1,1.1
17.08.2021 00:25:48.573,6.4773000000000005,6.47688,1,1.1
17.08.2021 00:25:49.573,6.47731,6.47689,1,1.1
17.08.2021 00:25:54.754,6.47728,6.47689,1,1.1
17.08.2021 00:25:55.290,6.47728,6.47686,1,1.1
17.08.2021 00:25:55.442,6.4773000000000005,6.47687,1,1.1
17.08.2021 00:25:56.395,6.47731,6.47689,1,1.1
17.08.2021 00:26:00.889,6.4773000000000005,6.47691,1,1.1
17.08.2021 00:26:01.404,6.4773000000000005,6.476940000000001,1,1.1
17.08.2021 00:26:01.811,6.47732,6.476940000000001,1,1.1
17.08.2021 00:26:01.920,6.47733,6.47695,1,1.1
17.08.2021 00:26:10.812,6.47732,6.47693,1,1.1
17.08.2021 00:26:10.913,6.47735,6.476940000000001,1,1.1
17.08.2021 00:26:11.565,6.47736,6.47696,1,1.1
17.08.2021 00:26:12.534,6.47736,6.47698,1,1.1
17.08.2021 00:26:17.666,6.47736,6.47696,1,1.1
17.08.2021 00:26:17.767,6.47736,6.47693,1,1.1
17.08.2021 00:26:21.699,6.47735,6.47692,1,1.1
17.08.2021 00:26:25.001,6.47735,6.47691,1,1.1
17.08.2021 00:26:28.308,6.47736,6.47692,1,1.1
17.08.2021 00:26:38.682,6.4774,6.47693,1,1.1
17.08.2021 00:26:39.116,6.47736,6.476940000000001,1,1.1
17.08.2021 00:26:39.218,6.477290000000001,6.47691,1,1.1
17.08.2021 00:26:39.268,6.477290000000001,6.47691,1,1.1
17.08.2021 00:26:39.369,6.477290000000001,6.47688,1,1.2
17.08.2021 00:26:40.257,6.4773000000000005,6.47691,1,1.1
17.08.2021 00:26:42.735,6.4773000000000005,6.47687,1,1.1
17.08.2021 00:26:42.835,6.47728,6.47687,1,1.1
17.08.2021 00:26:43.871,6.47728,6.47689,1,1.1
17.08.2021 00:26:47.290,6.4773000000000005,6.47689,1.5,1.1
17.08.2021 00:26:47.702,6.47731,6.4769000000000005,1,1.1
17.08.2021 00:26:48.603,6.477340000000001,6.4769000000000005,1,1.1
17.08.2021 00:26:48.886,6.477340000000001,6.47696,1,1.1
17.08.2021 00:26:52.717,6.477340000000001,6.47697,1,1.1
17.08.2021 00:26:57.114,6.477340000000001,6.47686,1,1.1
17.08.2021 00:27:03.527,6.47733,6.47692,1,1
17.08.2021 00:27:03.578,6.47737,6.47692,1.12,1
17.08.2021 00:27:04.267,6.477380000000001,6.47688,1.12,1.1
17.08.2021 00:27:10.679,6.47737,6.47687,1,1.1
17.08.2021 00:27:18.684,6.47737,6.47691,1,1
17.08.2021 00:27:18.785,6.47737,6.47692,1,1
17.08.2021 00:27:27.540,6.47737,6.476940000000001,1.5,1.1
17.08.2021 00:27:27.747,6.47737,6.47696,1.5,1
17.08.2021 00:27:31.901,6.47737,6.47692,1,1.6
17.08.2021 00:27:31.952,6.47737,6.477,1,1
17.08.2021 00:27:32.053,6.47745,6.47697,1,1
17.08.2021 00:27:32.103,6.47749,6.47705,1,1
17.08.2021 00:27:32.154,6.47752,6.477040000000001,1.5,1
17.08.2021 00:27:40.556,6.47745,6.477030000000001,1,1
17.08.2021 00:27:47.321,6.4774400000000005,6.477040000000001,1,1.1
17.08.2021 00:27:47.422,6.4774400000000005,6.47695,1,2.1
17.08.2021 00:27:47.523,6.4774400000000005,6.476940000000001,1,1.6
17.08.2021 00:27:47.624,6.477430000000001,6.47695,1,1.6
17.08.2021 00:27:47.724,6.4774400000000005,6.476940000000001,1,1.2
17.08.2021 00:27:47.775,6.4774,6.476940000000001,1,1.12
17.08.2021 00:27:48.490,6.47735,6.47695,1,1.12
17.08.2021 00:27:48.623,6.47736,6.47688,1,1.2
17.08.2021 00:27:56.101,6.47736,6.47692,1,1.1
17.08.2021 00:28:00.549,6.47736,6.476940000000001,1,1.1
17.08.2021 00:28:03.006,6.47736,6.47692,1,1.1
17.08.2021 00:28:03.426,6.47736,6.4769000000000005,1,1.2
17.08.2021 00:28:03.477,6.47731,6.47681,1,1.7
17.08.2021 00:28:03.527,6.47732,6.4768,1,1.7
17.08.2021 00:28:03.638,6.47732,6.4768,1,1.2
17.08.2021 00:28:03.892,6.47732,6.4768,1,1.2
17.08.2021 00:28:03.943,6.477290000000001,6.4768,1,1.2
17.08.2021 00:28:04.393,6.47728,6.476780000000001,1,1.7
17.08.2021 00:28:05.277,6.47728,6.476780000000001,1,1.3
17.08.2021 00:28:10.462,6.47728,6.47677,1,1.7
17.08.2021 00:28:10.721,6.477290000000001,6.4767600000000005,1,1.7
17.08.2021 00:28:16.423,6.47728,6.47677,1,1.7
17.08.2021 00:28:26.084,6.4772300000000005,6.4767600000000005,1,1.7
17.08.2021 00:28:26.358,6.47724,6.476780000000001,1,1.27
17.08.2021 00:28:33.677,6.4772300000000005,6.47682,1,1.1
17.08.2021 00:28:46.637,6.4772300000000005,6.47671,1,1.65
17.08.2021 00:29:04.091,6.4772300000000005,6.476680000000001,1,1.65
17.08.2021 00:29:04.859,6.47724,6.47667,1,1.65
17.08.2021 00:29:09.374,6.47719,6.476680000000001,1,1.65
17.08.2021 00:29:13.748,6.477200000000001,6.47667,1,1.65
17.08.2021 00:29:17.659,6.477200000000001,6.47666,1,1.65
17.08.2021 00:29:20.361,6.477200000000001,6.47667,1,1.65
17.08.2021 00:29:26.072,6.4772300000000005,6.47667,1,1.65
17.08.2021 00:29:26.842,6.47722,6.476680000000001,1,1.65
17.08.2021 00:29:54.015,6.47722,6.47667,1,2.15
17.08.2021 00:29:55.066,6.47717,6.47667,1,1.65
17.08.2021 00:29:56.798,6.477180000000001,6.47666,1,1.65
17.08.2021 00:30:00.300,6.477200000000001,6.4767600000000005,1,1.15
17.08.2021 00:30:04.173,6.477200000000001,6.47666,1,1.65
17.08.2021 00:30:04.475,6.4772300000000005,6.47665,1,1.65
17.08.2021 00:30:04.526,6.47696,6.476630000000001,1,1.5
17.08.2021 00:30:04.627,6.47675,6.47637,1,1
17.08.2021 00:30:04.678,6.4767600000000005,6.47632,1,2.25
17.08.2021 00:30:04.779,6.476850000000001,6.47631,1,1
17.08.2021 00:30:04.829,6.47677,6.4762900000000005,1,1.54
17.08.2021 00:30:04.880,6.47688,6.4762900000000005,1,1.54
17.08.2021 00:30:05.167,6.47684,6.476360000000001,1,1
17.08.2021 00:30:05.268,6.47684,6.47639,1,1
17.08.2021 00:30:06.863,6.47687,6.476380000000001,1,1
17.08.2021 00:30:08.335,6.47688,6.47639,1,1
17.08.2021 00:30:08.436,6.47689,6.476450000000001,1,1
17.08.2021 00:30:09.368,6.47688,6.47639,1,1.5
17.08.2021 00:30:19.766,6.47689,6.476330000000001,1,1.5
17.08.2021 00:30:19.916,6.47689,6.476330000000001,1,1
17.08.2021 00:30:20.006,6.47686,6.476330000000001,1,1
17.08.2021 00:30:22.211,6.47686,6.476330000000001,1,1.1
17.08.2021 00:30:32.015,6.476780000000001,6.47631,1,1.22
17.08.2021 00:30:32.184,6.476780000000001,6.4763,1,1.6
17.08.2021 00:30:32.587,6.4768,6.47631,1,1.6
17.08.2021 00:30:37.204,6.47686,6.476330000000001,1,1.1
17.08.2021 00:30:37.255,6.47691,6.476380000000001,1.05,1.1
17.08.2021 00:30:37.305,6.4769000000000005,6.4764100000000004,1.05,1.1
17.08.2021 00:30:37.356,6.47691,6.4764800000000005,1,1
17.08.2021 00:30:37.658,6.476940000000001,6.4764800000000005,1,1
17.08.2021 00:30:37.946,6.47698,6.4764800000000005,1,1.1
17.08.2021 00:30:37.997,6.47707,6.4766,1,1
17.08.2021 00:30:38.098,6.477110000000001,6.4766,1,1
17.08.2021 00:30:38.254,6.477110000000001,6.47661,1.5,1
17.08.2021 00:30:38.408,6.477110000000001,6.47666,1,1
17.08.2021 00:30:38.655,6.477130000000001,6.476680000000001,1,1
17.08.2021 00:30:38.705,6.4771600000000005,6.4766900000000005,1,1
17.08.2021 00:30:38.756,6.47717,6.47661,1,1.1
17.08.2021 00:30:38.806,6.4771,6.47661,1,1.1
17.08.2021 00:30:38.958,6.47705,6.47662,1,1
17.08.2021 00:30:39.058,6.47706,6.47656,1,1.1
17.08.2021 00:30:39.218,6.47705,6.47656,1,1
17.08.2021 00:30:39.903,6.47701,6.47656,1,1
17.08.2021 00:30:42.625,6.47701,6.47656,1,1.05
17.08.2021 00:30:43.453,6.47695,6.4765500000000005,1,1.1
17.08.2021 00:30:43.504,6.47696,6.47649,1,1.15
17.08.2021 00:30:46.436,6.47696,6.47649,1,1.05
17.08.2021 00:30:47.184,6.47701,6.4766,1,1
17.08.2021 00:30:47.235,6.47705,6.4766,1,1
17.08.2021 00:30:47.336,6.4771,6.4766,1,1
17.08.2021 00:30:47.462,6.4771,6.4766,1,1.1
17.08.2021 00:30:47.788,6.4771,6.476640000000001,1,1.1
17.08.2021 00:30:48.270,6.47714,6.47665,1,1.1
17.08.2021 00:30:48.371,6.477180000000001,6.476680000000001,1.5,1.1
17.08.2021 00:30:48.624,6.47721,6.4767,1,1
17.08.2021 00:30:48.775,6.47719,6.4766900000000005,1,1
17.08.2021 00:30:48.877,6.4771600000000005,6.4766900000000005,1,1
17.08.2021 00:30:48.978,6.47715,6.47671,1,1.1
17.08.2021 00:30:49.981,6.4771,6.47671,1,1.1
17.08.2021 00:30:58.985,6.47715,6.47671,1,1.1
17.08.2021 00:30:59.503,6.47717,6.47672,1,1.1
17.08.2021 00:31:03.620,6.47719,6.47671,1,1.1
17.08.2021 00:31:05.159,6.47719,6.4767,1,1.57
17.08.2021 00:31:28.111,6.477180000000001,6.47672,1,1.1
17.08.2021 00:31:35.599,6.477110000000001,6.47672,1,1.1
17.08.2021 00:31:41.777,6.47706,6.47672,1,1.1
17.08.2021 00:31:43.829,6.477110000000001,6.47671,1,1.1
17.08.2021 00:31:48.895,6.47712,6.47672,1,1.1
17.08.2021 00:31:56.113,6.47712,6.4766900000000005,1,1.1
17.08.2021 00:32:00.347,6.477130000000001,6.47671,1,1.1
17.08.2021 00:32:04.999,6.477130000000001,6.47674,1,1.1
17.08.2021 00:32:05.150,6.47712,6.476780000000001,1,1
17.08.2021 00:32:05.201,6.4771600000000005,6.476780000000001,1,1
17.08.2021 00:32:05.302,6.47719,6.476780000000001,1,1
17.08.2021 00:32:05.403,6.47722,6.47677,1,1.1
17.08.2021 00:32:06.562,6.47721,6.4768300000000005,1,1.1
17.08.2021 00:32:22.874,6.47727,6.47682,1,1.1
17.08.2021 00:32:22.925,6.4773000000000005,6.47682,1,1.1
17.08.2021 00:32:23.771,6.477290000000001,6.47686,1,1.1
17.08.2021 00:32:24.740,6.47726,6.47686,1,1.1
17.08.2021 00:32:27.847,6.47726,6.47684,1,1.1
17.08.2021 00:32:27.898,6.47732,6.4768300000000005,1,1.1
17.08.2021 00:32:27.999,6.47726,6.47684,1,1.1
17.08.2021 00:32:28.050,6.4772300000000005,6.4767,1,1.5
17.08.2021 00:32:28.151,6.47715,6.476640000000001,1,2
17.08.2021 00:32:29.173,6.47714,6.47665,1,1.12
17.08.2021 00:32:34.174,6.47714,6.476640000000001,1,1.17
17.08.2021 00:32:38.171,6.4771600000000005,6.47671,1,1.05
17.08.2021 00:32:38.322,6.477180000000001,6.4767,1,1.05
17.08.2021 00:32:38.423,6.47722,6.47671,1,1.05
17.08.2021 00:32:38.474,6.47722,6.47671,1,1.15
17.08.2021 00:32:38.525,6.47726,6.476780000000001,1.05,1
17.08.2021 00:32:38.576,6.47733,6.4768,1,1
17.08.2021 00:32:38.627,6.47733,6.4768,1,1.6
17.08.2021 00:32:38.729,6.47737,6.47688,1,1
17.08.2021 00:32:38.779,6.47737,6.47682,1,1
17.08.2021 00:32:38.830,6.47736,6.47686,1,1
17.08.2021 00:32:38.984,6.47731,6.47682,1,1.1
17.08.2021 00:32:39.086,6.47731,6.47681,1.05,1.1
17.08.2021 00:32:42.095,6.47731,6.4768,1.05,1.1
17.08.2021 00:32:44.204,6.47727,6.4768,1.05,1.2
17.08.2021 00:32:44.473,6.47732,6.4768,1.05,1.1
17.08.2021 00:32:44.637,6.47732,6.4768,1.05,1.1
17.08.2021 00:32:44.803,6.47732,6.4768,1.05,1.1
17.08.2021 00:32:44.912,6.47736,6.47682,1.05,1.1
17.08.2021 00:32:44.963,6.47735,6.4768300000000005,1,1.1
17.08.2021 00:32:45.177,6.47736,6.476850000000001,1,1.1
17.08.2021 00:32:45.414,6.47736,6.47692,1,1.1
17.08.2021 00:32:45.999,6.47736,6.47693,1,1.1
17.08.2021 00:32:46.438,6.47736,6.47698,1,1.1
17.08.2021 00:32:48.108,6.47735,6.477030000000001,1,1.1
17.08.2021 00:32:48.159,6.4774,6.47702,1,1.1
17.08.2021 00:32:48.260,6.477430000000001,6.47702,1,1.1
17.08.2021 00:32:48.361,6.47745,6.477030000000001,1.12,1.1
17.08.2021 00:32:48.412,6.47746,6.47705,1.12,1.1
17.08.2021 00:32:48.564,6.47745,6.477080000000001,1.12,1.1
17.08.2021 00:32:49.711,6.47746,6.4771,1,1.1
17.08.2021 00:33:01.679,6.47747,6.4771,1,1.1
17.08.2021 00:33:10.496,6.47746,6.477130000000001,1,1.1
17.08.2021 00:33:26.824,6.47749,6.47712,1,1.1
17.08.2021 00:33:27.055,6.4775,6.47712,1,1.1
17.08.2021 00:33:27.920,6.4775,6.47714,1,1.1
17.08.2021 00:33:31.240,6.477530000000001,6.4771600000000005,1,1.1
17.08.2021 00:33:32.431,6.47754,6.47717,1,1.1
17.08.2021 00:33:36.173,6.477650000000001,6.477250000000001,1,1.1
17.08.2021 00:33:36.224,6.4777000000000005,6.47735,1,1
17.08.2021 00:33:36.325,6.47776,6.477340000000001,1,1
17.08.2021 00:33:36.476,6.477780000000001,6.477380000000001,1,1.1
17.08.2021 00:33:36.526,6.477830000000001,6.47742,1,1
17.08.2021 00:33:36.627,6.4778400000000005,6.47742,1,1
17.08.2021 00:33:36.912,6.477830000000001,6.47746,1,1.1
17.08.2021 00:33:37.164,6.47785,6.47745,1,1.1
17.08.2021 00:33:37.562,6.4778400000000005,6.4775100000000005,1,1.1
17.08.2021 00:33:37.887,6.4778400000000005,6.477530000000001,1,1.1
17.08.2021 00:33:38.134,6.47787,6.477430000000001,1,1.1
17.08.2021 00:33:38.184,6.477880000000001,6.4775,1,1.1
17.08.2021 00:33:38.235,6.478000000000001,6.477530000000001,1,1.1
17.08.2021 00:33:38.336,6.4781,6.47762,1.5,1
17.08.2021 00:33:38.437,6.47806,6.47755,1,1.1
17.08.2021 00:33:38.538,6.47804,6.47756,1,1.1
17.08.2021 00:33:38.692,6.4779800000000005,6.477530000000001,1,1.6
17.08.2021 00:33:38.847,6.47801,6.477530000000001,1,1.6
17.08.2021 00:33:39.721,6.47801,6.477530000000001,1,1.22
17.08.2021 00:33:39.822,6.477930000000001,6.477480000000001,1,1.6
17.08.2021 00:33:39.941,6.47796,6.477480000000001,1,1.6
17.08.2021 00:33:40.153,6.47796,6.4775100000000005,1,1.6
17.08.2021 00:33:41.315,6.47796,6.4775100000000005,1,1.5
17.08.2021 00:33:41.666,6.47796,6.4775100000000005,1,1
17.08.2021 00:33:45.777,6.47796,6.4775100000000005,1,1.1
17.08.2021 00:33:46.489,6.47795,6.4775100000000005,1,1
17.08.2021 00:33:51.016,6.47795,6.47747,1,1.1
17.08.2021 00:33:51.067,6.4779100000000005,6.47746,1,1.1
17.08.2021 00:33:51.168,6.47786,6.47746,1,1.1
17.08.2021 00:33:51.320,6.47782,6.47747,1,1.1
17.08.2021 00:33:51.827,6.47771,6.477340000000001,1,1
17.08.2021 00:33:51.929,6.4777000000000005,6.47721,1,1.1
17.08.2021 00:33:52.030,6.47771,6.477200000000001,1,1.1
17.08.2021 00:33:52.140,6.4777000000000005,6.47721,1,1.1
17.08.2021 00:33:52.894,6.4777000000000005,6.477250000000001,1,1.2
17.08.2021 00:33:53.363,6.4777000000000005,6.47724,1.1,1.2
17.08.2021 00:33:53.499,6.47767,6.477250000000001,1,1.2
17.08.2021 00:33:54.331,6.47766,6.47724,1.1,1.2
17.08.2021 00:33:56.361,6.477650000000001,6.47722,1.1,1.2
17.08.2021 00:33:58.140,6.47767,6.477250000000001,1.57,1.2
17.08.2021 00:33:58.865,6.47767,6.477250000000001,1.57,1.2
17.08.2021 00:34:02.475,6.47766,6.4772300000000005,1.1,1.2
17.08.2021 00:34:02.620,6.477650000000001,6.47721,1.1,1.1
17.08.2021 00:34:02.670,6.47766,6.47719,1.57,1.1
17.08.2021 00:34:02.721,6.477650000000001,6.477180000000001,1.57,1.2
17.08.2021 00:34:02.822,6.47766,6.47717,1.57,1.2
17.08.2021 00:34:02.873,6.47762,6.47714,1,1.2
17.08.2021 00:34:02.924,6.477600000000001,6.47715,1,1.2
17.08.2021 00:34:03.076,6.47756,6.47715,1,1.2
17.08.2021 00:34:03.177,6.47757,6.47714,1,1.2
17.08.2021 00:34:15.890,6.47757,6.477110000000001,1,1.05
17.08.2021 00:34:23.044,6.47756,6.47712,1.57,1.05
17.08.2021 00:34:24.864,6.47757,6.477110000000001,1.57,1.1
17.08.2021 00:34:28.486,6.47756,6.47712,1.57,1.05
17.08.2021 00:34:34.421,6.477600000000001,6.47721,1,1
17.08.2021 00:34:34.826,6.47764,6.477200000000001,1,1.1
17.08.2021 00:34:35.530,6.47763,6.4772300000000005,1,1.1
17.08.2021 00:34:39.324,6.47763,6.477250000000001,1,1.1
17.08.2021 00:34:43.819,6.47764,6.47722,1,1.1
17.08.2021 00:34:47.476,6.47763,6.47721,1.57,1.65
17.08.2021 00:34:49.061,6.47762,6.47721,1.1,1
17.08.2021 00:34:51.479,6.47763,6.47721,1.1,1.57
17.08.2021 00:34:55.645,6.477650000000001,6.47722,1,1.1
17.08.2021 00:34:55.696,6.47766,6.47722,1.1,1.2
17.08.2021 00:34:55.797,6.47771,6.47733,1,1
17.08.2021 00:34:55.848,6.47775,6.47732,1,1
17.08.2021 00:35:01.187,6.47775,6.477340000000001,1,1.1
17.08.2021 00:35:02.028,6.477740000000001,6.47736,1,1.1
17.08.2021 00:35:12.059,6.47775,6.477340000000001,1,1.1
17.08.2021 00:35:14.335,6.47773,6.47735,1,1.1
17.08.2021 00:35:14.983,6.477690000000001,6.47727,1,1.1
17.08.2021 00:35:15.275,6.477650000000001,6.4772300000000005,1,1.2
17.08.2021 00:35:15.708,6.477650000000001,6.4772300000000005,1,1.2
17.08.2021 00:35:19.301,6.47766,6.47722,1.57,1.2
17.08.2021 00:35:20.277,6.47764,6.47717,1.1,1.67
17.08.2021 00:35:20.379,6.47762,6.477180000000001,1.1,1.1
17.08.2021 00:35:21.256,6.47762,6.47717,1.1,1.1
17.08.2021 00:35:21.357,6.47759,6.47717,1.1,1.1
17.08.2021 00:35:21.732,6.477580000000001,6.47717,1.1,1.1
17.08.2021 00:35:22.337,6.477580000000001,6.4771600000000005,1.1,1.1
17.08.2021 00:35:23.329,6.47757,6.47717,1.1,1.1
17.08.2021 00:35:24.363,6.47756,6.4771600000000005,1.1,1.1
17.08.2021 00:35:26.030,6.47757,6.47717,1.1,1.1
17.08.2021 00:35:26.299,6.477580000000001,6.4771600000000005,1.1,1.1
17.08.2021 00:35:30.962,6.47762,6.47717,1,1.1
17.08.2021 00:35:37.209,6.47763,6.4771600000000005,1,1.15
17.08.2021 00:35:38.297,6.47759,6.4771600000000005,1,1.15
17.08.2021 00:36:06.616,6.47755,6.47712,1,1.15
17.08.2021 00:36:23.661,6.47755,6.477080000000001,1,2.1
17.08.2021 00:36:23.762,6.47755,6.477080000000001,1,1.5
17.08.2021 00:36:24.500,6.47756,6.47707,1,1
17.08.2021 00:36:24.711,6.47755,6.477080000000001,1,1.6
17.08.2021 00:36:35.436,6.47755,6.477080000000001,1,1.6
17.08.2021 00:36:35.597,6.47756,6.47707,1,1.6
17.08.2021 00:36:40.278,6.47756,6.47707,1,1.6
17.08.2021 00:36:45.174,6.47756,6.47707,1,1.6
17.08.2021 00:36:47.983,6.47759,6.477130000000001,1,1.1
17.08.2021 00:37:11.149,6.47759,6.47724,1,1
17.08.2021 00:37:11.250,6.47763,6.4772300000000005,1,1
17.08.2021 00:37:11.350,6.477650000000001,6.47724,1,1.57
17.08.2021 00:37:11.451,6.477650000000001,6.47724,1,1.1
17.08.2021 00:37:11.552,6.47766,6.4772300000000005,1,1.1
17.08.2021 00:37:13.401,6.47766,6.4772300000000005,1,1.1
17.08.2021 00:37:15.605,6.477650000000001,6.477250000000001,1,1.1
17.08.2021 00:37:15.656,6.47768,6.477430000000001,1,1
17.08.2021 00:37:15.706,6.47777,6.477430000000001,1,1
17.08.2021 00:37:15.807,6.47787,6.47754,1.5,1.5
17.08.2021 00:37:15.908,6.477930000000001,6.47756,1,1.1
17.08.2021 00:37:16.150,6.477930000000001,6.47755,1,1
17.08.2021 00:37:16.272,6.47794,6.477530000000001,1,1
17.08.2021 00:37:16.666,6.47794,6.477650000000001,1,1
17.08.2021 00:37:17.876,6.477930000000001,6.47761,1.5,1
17.08.2021 00:37:18.104,6.477930000000001,6.477580000000001,1.5,1
17.08.2021 00:37:18.373,6.477880000000001,6.47755,1,1
17.08.2021 00:37:18.424,6.47785,6.477480000000001,1,1
17.08.2021 00:37:18.575,6.477740000000001,6.47745,1,1
17.08.2021 00:37:18.625,6.477830000000001,6.47737,1,1.5
17.08.2021 00:37:18.676,6.47777,6.47741,1,1
17.08.2021 00:37:18.777,6.47781,6.4774,2.25,1
17.08.2021 00:37:23.027,6.477790000000001,6.47741,1,1
17.08.2021 00:37:23.128,6.4778,6.47741,1.5,1
17.08.2021 00:37:23.228,6.477830000000001,6.4774,1,1
17.08.2021 00:37:23.279,6.47782,6.47745,1,1
17.08.2021 00:37:23.329,6.47787,6.477480000000001,3.37,1
17.08.2021 00:37:23.380,6.47787,6.4775,3.37,1
17.08.2021 00:37:23.828,6.477880000000001,6.4775,1,1
17.08.2021 00:37:25.315,6.477930000000001,6.4775100000000005,2,1
17.08.2021 00:37:25.416,6.47794,6.4775,1.5,1
17.08.2021 00:37:30.903,6.47794,6.47754,1.5,1
17.08.2021 00:37:35.084,6.477930000000001,6.47759,1,1
17.08.2021 00:37:35.185,6.47799,6.47757,1,1
17.08.2021 00:37:35.336,6.47804,6.47757,1.5,1
17.08.2021 00:37:35.466,6.47794,6.47756,1,1
17.08.2021 00:37:46.832,6.47794,6.477580000000001,1,1
17.08.2021 00:38:01.576,6.47803,6.47759,1.5,1
17.08.2021 00:38:01.626,6.47803,6.47766,1.5,1
17.08.2021 00:38:01.948,6.4781,6.47766,1.12,1
17.08.2021 00:38:02.216,6.47811,6.47767,1.12,1
17.08.2021 00:38:03.463,6.47804,6.47768,1,1
17.08.2021 00:38:03.513,6.47804,6.47766,1,1
17.08.2021 00:38:03.664,6.47807,6.47766,1,1
17.08.2021 00:38:03.815,6.4781,6.47766,1,1
17.08.2021 00:38:03.932,6.47804,6.47767,1,1
17.08.2021 00:38:04.033,6.4780500000000005,6.477650000000001,1,1
17.08.2021 00:38:04.084,6.47808,6.477650000000001,1,1
17.08.2021 00:38:04.185,6.4781,6.47766,1.5,1
17.08.2021 00:38:04.288,6.47811,6.47766,1.5,1
17.08.2021 00:38:05.115,6.4780500000000005,6.47766,1,1
17.08.2021 00:38:05.488,6.478000000000001,6.47767,1,1
17.08.2021 00:38:05.657,6.478000000000001,6.47766,1,1
17.08.2021 00:38:13.949,6.47804,6.47766,1.05,1
17.08.2021 00:38:14.568,6.4780500000000005,6.477650000000001,1,1
17.08.2021 00:38:14.769,6.47804,6.477650000000001,1.5,1
17.08.2021 00:38:14.932,6.47799,6.477650000000001,1,1
17.08.2021 00:38:20.902,6.4780500000000005,6.47764,1.05,1
17.08.2021 00:38:20.953,6.4779800000000005,6.477650000000001,1,1
17.08.2021 00:38:21.066,6.4779800000000005,6.477600000000001,1,1.1
17.08.2021 00:38:21.167,6.4779800000000005,6.47759,1,1.1
17.08.2021 00:38:21.232,6.47795,6.47759,1,1.1
17.08.2021 00:38:21.332,6.47799,6.47757,1.55,1
17.08.2021 00:38:21.465,6.4779800000000005,6.477580000000001,2.25,1
17.08.2021 00:38:22.335,6.47799,6.47759,1.05,1.1
17.08.2021 00:38:22.803,6.4779800000000005,6.477600000000001,1.05,1.1
17.08.2021 00:38:23.005,6.47799,6.47759,1.05,1.1
17.08.2021 00:38:23.106,6.47799,6.47759,1.05,1.1
17.08.2021 00:38:23.354,6.4779800000000005,6.477600000000001,1.05,1.1
17.08.2021 00:38:29.040,6.4780500000000005,6.47759,1.5,1.1
17.08.2021 00:38:29.091,6.47804,6.47764,1.5,1
17.08.2021 00:38:31.910,6.47804,6.47767,1,1
17.08.2021 00:38:32.011,6.47808,6.4777000000000005,1,1
17.08.2021 00:38:32.112,6.47807,6.47776,1,1
17.08.2021 00:38:32.213,6.47807,6.4778,1,1
17.08.2021 00:38:35.338,6.47815,6.4778,1.1,1
17.08.2021 00:38:36.511,6.4782,6.4778,1.5,1
17.08.2021 00:38:36.792,6.47821,6.477790000000001,1.5,1
17.08.2021 00:38:51.126,6.478180000000001,6.4778,1,1
17.08.2021 00:38:57.126,6.47822,6.4778,1.5,1
17.08.2021 00:39:06.901,6.478190000000001,6.4778,1,1
17.08.2021 00:39:15.996,6.478190000000001,6.47776,1,1
17.08.2021 00:39:27.641,6.47822,6.47776,1.5,1
17.08.2021 00:39:27.742,6.47822,6.4778,1.5,1
17.08.2021 00:39:28.275,6.47822,6.4778,1.5,1
17.08.2021 00:39:50.144,6.47824,6.477790000000001,1.5,1
17.08.2021 00:39:51.443,6.4783800000000005,6.47812,1,1
17.08.2021 00:39:51.494,6.47837,6.47801,1,1
17.08.2021 00:39:51.545,6.47855,6.47811,2,1
17.08.2021 00:39:51.596,6.478540000000001,6.4783,1.5,1
17.08.2021 00:39:51.697,6.478530000000001,6.478280000000001,1,1.1
17.08.2021 00:39:51.747,6.47885,6.4783800000000005,1,1
17.08.2021 00:39:51.798,6.478840000000001,6.4784500000000005,1,1
17.08.2021 00:39:51.899,6.47872,6.47832,1,1
17.08.2021 00:39:51.950,6.47867,6.47824,1,1.5
17.08.2021 00:39:53.483,6.478580000000001,6.47824,1,1.5
17.08.2021 00:39:58.119,6.47846,6.478180000000001,1,1
17.08.2021 00:40:14.185,6.47847,6.47811,1.5,1.1
17.08.2021 00:40:14.459,6.47846,6.47817,1.5,1
17.08.2021 00:40:16.041,6.478440000000001,6.47817,1,1
17.08.2021 00:40:16.142,6.4784500000000005,6.47812,1,1
17.08.2021 00:40:17.889,6.478440000000001,6.47801,1.57,1
17.08.2021 00:40:17.939,6.478350000000001,6.478000000000001,1,1
17.08.2021 00:40:18.141,6.47834,6.47797,1,1
17.08.2021 00:40:29.939,6.47834,6.47795,1,1
17.08.2021 00:40:30.320,6.47832,6.47795,1.1,1
17.08.2021 00:40:37.341,6.478350000000001,6.47794,1.57,1
17.08.2021 00:40:49.146,6.4783800000000005,6.47796,1,1.5
17.08.2021 00:40:49.197,6.4783800000000005,6.47804,1,1
17.08.2021 00:40:49.247,6.478490000000001,6.47804,1.5,1
17.08.2021 00:40:49.298,6.47848,6.47806,1,1
17.08.2021 00:40:49.449,6.47847,6.4780500000000005,1,1
17.08.2021 00:40:49.851,6.478490000000001,6.47806,1.5,1
17.08.2021 00:41:09.648,6.478490000000001,6.4781,1.5,1
17.08.2021 00:41:52.124,6.478490000000001,6.47808,1.5,1
17.08.2021 00:41:57.564,6.47847,6.47812,1,1
17.08.2021 00:42:00.381,6.47848,6.47808,1.5,1
17.08.2021 00:42:00.431,6.47847,6.478090000000001,1.5,1
17.08.2021 00:42:06.847,6.47846,6.4780500000000005,1.05,1
17.08.2021 00:42:22.270,6.4783800000000005,6.478000000000001,1,1.6
17.08.2021 00:42:24.410,6.4783800000000005,6.47804,1,1
17.08.2021 00:42:24.511,6.47847,6.47806,2.85,1
17.08.2021 00:42:24.953,6.47848,6.4780500000000005,2.82,1
17.08.2021 00:42:26.432,6.47847,6.47806,2.75,1
17.08.2021 00:42:37.290,6.47847,6.47807,1.62,1
17.08.2021 00:42:41.060,6.47848,6.478090000000001,1.62,1
17.08.2021 00:42:41.969,6.4785,6.478090000000001,1.05,1
17.08.2021 00:42:47.244,6.478490000000001,6.47808,1.5,1
17.08.2021 00:43:14.105,6.47846,6.47808,1,1
17.08.2021 00:43:24.077,6.47848,6.47807,1,1
17.08.2021 00:43:24.228,6.47847,6.4781,1,1
17.08.2021 00:43:24.524,6.47847,6.47808,1,1
17.08.2021 00:43:30.004,6.47848,6.47811,1,1
17.08.2021 00:44:12.300,6.478530000000001,6.478090000000001,1.05,1.1
17.08.2021 00:44:30.541,6.47848,6.47806,1.55,1.1
17.08.2021 00:44:38.886,6.478490000000001,6.47806,1.55,1.1
17.08.2021 00:44:44.579,6.47848,6.4780500000000005,1,1
17.08.2021 00:44:47.705,6.47847,6.47806,1,1.1
17.08.2021 00:44:51.103,6.47848,6.4780500000000005,1,1.5
17.08.2021 00:45:00.925,6.47848,6.478090000000001,1,1
17.08.2021 00:45:01.333,6.478490000000001,6.47806,1.05,1
17.08.2021 00:45:27.795,6.4785,6.4781,1,1
17.08.2021 00:45:27.896,6.4785,6.478190000000001,1,1
17.08.2021 00:45:27.946,6.47857,6.478190000000001,1.7,1
17.08.2021 00:45:27.997,6.47857,6.47821,1.7,1
17.08.2021 00:45:28.048,6.478680000000001,6.47817,1.65,1
17.08.2021 00:45:28.845,6.47857,6.478180000000001,1,1
17.08.2021 00:45:29.806,6.4785900000000005,6.47817,1.5,1
17.08.2021 00:45:29.907,6.478580000000001,6.47815,1.6,1
17.08.2021 00:45:30.049,6.478580000000001,6.47817,1.6,1
17.08.2021 00:45:31.337,6.4785900000000005,6.47816,1.12,1
17.08.2021 00:45:32.884,6.4785900000000005,6.47816,1.5,1
17.08.2021 00:45:32.934,6.478580000000001,6.478140000000001,1.6,1
17.08.2021 00:45:33.077,6.478580000000001,6.47817,1.5,1
17.08.2021 00:45:33.945,6.478580000000001,6.47817,1.12,1
17.08.2021 00:45:36.563,6.478580000000001,6.47815,1.12,1
17.08.2021 00:45:36.715,6.4785900000000005,6.47817,1.12,1
17.08.2021 00:45:36.901,6.478580000000001,6.47817,1.12,1
17.08.2021 00:45:37.114,6.4785900000000005,6.47817,1.12,1
17.08.2021 00:45:38.563,6.478580000000001,6.47816,1,1
17.08.2021 00:45:38.714,6.478580000000001,6.47817,1,1
17.08.2021 00:45:39.557,6.478580000000001,6.47815,1,1
17.08.2021 00:45:39.608,6.47857,6.478140000000001,1,1
17.08.2021 00:45:39.658,6.47857,6.47812,1,1.1
17.08.2021 00:45:40.212,6.47857,6.47813,1.12,1
17.08.2021 00:45:43.840,6.47856,6.47812,1.12,1.1
17.08.2021 00:45:45.657,6.47856,6.47812,1.5,1.1
17.08.2021 00:45:47.318,6.47857,6.47811,1.5,1.1
17.08.2021 00:45:47.921,6.47857,6.47813,1,1.1
17.08.2021 00:45:48.022,6.4785900000000005,6.47813,1.5,1.1
17.08.2021 00:45:48.450,6.478580000000001,6.478180000000001,1.5,1
17.08.2021 00:45:48.967,6.4785900000000005,6.47817,1,1
17.08.2021 00:45:50.554,6.4785900000000005,6.478140000000001,1,1
17.08.2021 00:45:50.950,6.4786600000000005,6.478180000000001,1.5,1
17.08.2021 00:45:51.058,6.4785900000000005,6.47817,1,1
17.08.2021 00:45:51.417,6.478580000000001,6.478140000000001,1,1.1
17.08.2021 00:45:51.619,6.4785900000000005,6.47816,1,1
17.08.2021 00:45:51.847,6.478580000000001,6.47817,1.5,1
17.08.2021 00:45:56.320,6.478580000000001,6.4782,1,1
17.08.2021 00:46:02.562,6.47857,6.47824,1,1
17.08.2021 00:46:18.559,6.47857,6.478260000000001,1,1
17.08.2021 00:46:19.192,6.47867,6.478280000000001,1,1
17.08.2021 00:46:19.293,6.47879,6.478330000000001,1.15,1
17.08.2021 00:46:19.344,6.47879,6.47836,1.15,1
17.08.2021 00:46:19.445,6.47878,6.478400000000001,1,1
17.08.2021 00:46:19.596,6.47879,6.47843,1,1
17.08.2021 00:46:20.916,6.478840000000001,6.47848,1.5,1
17.08.2021 00:46:22.487,6.4789200000000005,6.478530000000001,1.5,1
17.08.2021 00:46:22.588,6.478930000000001,6.47852,1,1
17.08.2021 00:46:22.689,6.478940000000001,6.47856,1.12,1
17.08.2021 00:46:22.790,6.478930000000001,6.478680000000001,1,1
17.08.2021 00:46:22.891,6.47887,6.47874,1,1
17.08.2021 00:46:22.992,6.47904,6.4787300000000005,1,1
17.08.2021 00:46:23.315,6.479030000000001,6.47878,1,1
17.08.2021 00:46:23.366,6.47912,6.47878,1.41,1
17.08.2021 00:46:23.416,6.479150000000001,6.478800000000001,1.41,1
17.08.2021 00:46:23.467,6.47914,6.47881,1.2,1
17.08.2021 00:46:24.810,6.4791300000000005,6.478840000000001,1,1
17.08.2021 00:46:24.912,6.479150000000001,6.478840000000001,1.1,1
17.08.2021 00:46:25.248,6.47917,6.47885,1.1,1
17.08.2021 00:46:25.378,6.47923,6.47885,3.9,1
17.08.2021 00:46:26.621,6.479190000000001,6.47882,1,1
17.08.2021 00:46:26.754,6.47914,6.47877,1,1
17.08.2021 00:46:31.883,6.47909,6.47877,1.1,1
17.08.2021 00:46:37.941,6.47909,6.478750000000001,1.1,1
17.08.2021 00:46:38.051,6.479080000000001,6.478750000000001,1.1,1
17.08.2021 00:46:39.000,6.47907,6.47874,1.1,1
17.08.2021 00:46:39.806,6.479080000000001,6.478750000000001,1.1,1
17.08.2021 00:46:40.718,6.479100000000001,6.47874,1.5,1
17.08.2021 00:46:41.230,6.47909,6.47876,1,1
17.08.2021 00:46:41.332,6.479100000000001,6.47876,1,1
17.08.2021 00:46:41.984,6.47911,6.47874,1,1
17.08.2021 00:46:42.916,6.47909,6.47872,1,1.6
17.08.2021 00:46:44.865,6.47909,6.47871,1,1.1
17.08.2021 00:46:44.967,6.47907,6.4786600000000005,1,1.9
17.08.2021 00:46:45.068,6.479080000000001,6.47871,1,1.1
17.08.2021 00:46:45.447,6.47904,6.47865,1,1.1
17.08.2021 00:46:45.548,6.47907,6.478680000000001,1.5,1.1
17.08.2021 00:46:45.598,6.47911,6.47872,1,1
17.08.2021 00:46:45.700,6.479150000000001,6.47876,1,1
17.08.2021 00:46:45.750,6.47923,6.47879,1.1,1
17.08.2021 00:46:45.801,6.47935,6.478940000000001,1.6,1
17.08.2021 00:46:45.851,6.47937,6.478980000000001,1.1,1
17.08.2021 00:46:45.902,6.47936,6.4789,1,1.1
17.08.2021 00:46:45.953,6.47936,6.4789,1,1.1
17.08.2021 00:46:46.401,6.47936,6.4789,1,1.1
17.08.2021 00:46:46.452,6.4794,6.4789,1,1.1
17.08.2021 00:46:46.654,6.47939,6.47891,1,1.1
17.08.2021 00:46:46.828,6.47939,6.47891,1,1.1
17.08.2021 00:46:47.867,6.47939,6.4789900000000005,1,1
17.08.2021 00:46:50.909,6.47945,6.478980000000001,1,1
17.08.2021 00:46:51.010,6.47945,6.47902,1,1
17.08.2021 00:46:51.060,6.47951,6.479030000000001,1.6,1
17.08.2021 00:46:51.111,6.4795300000000005,6.47907,1.5,1
17.08.2021 00:46:51.161,6.4795300000000005,6.47909,1,1.1
17.08.2021 00:46:51.212,6.47956,6.4791300000000005,1.1,1
17.08.2021 00:46:51.454,6.479590000000001,6.479190000000001,1.1,1
17.08.2021 00:46:51.938,6.479590000000001,6.4791300000000005,1.1,1
17.08.2021 00:46:51.988,6.47958,6.47916,1.1,1
17.08.2021 00:46:52.185,6.47958,6.47916,1,1.1
17.08.2021 00:46:52.634,6.479590000000001,6.479150000000001,1,1.9
17.08.2021 00:46:52.814,6.47958,6.479240000000001,1,1
17.08.2021 00:46:52.865,6.479640000000001,6.479240000000001,1.5,1
17.08.2021 00:46:52.966,6.479730000000001,6.479280000000001,1.22,1
17.08.2021 00:46:53.016,6.4797,6.479280000000001,1,1
17.08.2021 00:46:53.117,6.47986,6.479330000000001,1.87,1.5
17.08.2021 00:46:53.218,6.47986,6.4793400000000005,1.12,1
17.08.2021 00:46:53.268,6.479780000000001,6.479330000000001,1,1
17.08.2021 00:46:53.369,6.47976,6.479330000000001,1.1,1
17.08.2021 00:46:53.470,6.479690000000001,6.47927,1,1.12
17.08.2021 00:46:53.842,6.479690000000001,6.479240000000001,1,1
17.08.2021 00:46:54.343,6.479690000000001,6.4792000000000005,1,1.1
17.08.2021 00:46:54.574,6.47966,6.4792000000000005,1.1,1.1
17.08.2021 00:46:55.276,6.47962,6.4792000000000005,1.1,1.1
17.08.2021 00:46:55.391,6.47961,6.4792000000000005,1.1,1.1
17.08.2021 00:46:55.442,6.479590000000001,6.479190000000001,1,1.1
17.08.2021 00:46:55.493,6.479590000000001,6.479190000000001,1,1.1
17.08.2021 00:46:55.644,6.4796000000000005,6.479150000000001,1,1.1
17.08.2021 00:46:55.695,6.47944,6.4791300000000005,1,1.1
17.08.2021 00:46:55.745,6.47944,6.47912,1,1.1
17.08.2021 00:46:55.848,6.47944,6.47912,1,1.1
17.08.2021 00:46:57.609,6.479430000000001,6.47911,1,1.1
17.08.2021 00:46:58.846,6.479430000000001,6.47911,1,1.1
17.08.2021 00:46:59.151,6.47944,6.479080000000001,1,1
17.08.2021 00:46:59.202,6.479430000000001,6.4790600000000005,1,1
17.08.2021 00:46:59.261,6.47944,6.47905,1,1.1
17.08.2021 00:46:59.393,6.479430000000001,6.4790600000000005,1,1.1
17.08.2021 00:47:00.481,6.479430000000001,6.4790600000000005,1,1.1
17.08.2021 00:47:00.583,6.47944,6.479030000000001,1.5,1.1
17.08.2021 00:47:01.293,6.47944,6.479030000000001,1,1.1
17.08.2021 00:47:01.394,6.479430000000001,6.479010000000001,1,1.1
17.08.2021 00:47:01.495,6.4794,6.478980000000001,1,1.6
17.08.2021 00:47:01.628,6.4794,6.47897,1,1.43
17.08.2021 00:47:01.679,6.47944,6.47895,1,1.6
17.08.2021 00:47:02.015,6.47944,6.47895,1,1.1
17.08.2021 00:47:04.366,6.47936,6.478980000000001,1,1.1
17.08.2021 00:47:04.467,6.479430000000001,6.478980000000001,1,1.1
17.08.2021 00:47:08.575,6.4793400000000005,6.47897,1,1.5
17.08.2021 00:47:08.963,6.4793400000000005,6.47891,1,1.5
17.08.2021 00:47:09.063,6.479380000000001,6.4789200000000005,1.1,1.1
17.08.2021 00:47:09.164,6.479380000000001,6.4789200000000005,1,1.1
17.08.2021 00:47:10.060,6.47939,6.4789200000000005,1.57,1.15
17.08.2021 00:47:10.952,6.47936,6.4789200000000005,1.1,1.15
17.08.2021 00:47:12.075,6.47942,6.4789900000000005,1.5,1.1
17.08.2021 00:47:12.226,6.47944,6.479,1,1
17.08.2021 00:47:12.327,6.479430000000001,6.47911,1,1
17.08.2021 00:47:12.478,6.47944,6.47909,1,1
17.08.2021 00:47:12.629,6.47949,6.47909,1,1
17.08.2021 00:47:12.741,6.479500000000001,6.479080000000001,1,1.1
17.08.2021 00:47:12.892,6.479430000000001,6.4790600000000005,1,1.1
17.08.2021 00:47:12.994,6.479430000000001,6.4790600000000005,1,1.1
17.08.2021 00:47:13.458,6.479480000000001,6.47907,1,1.1
17.08.2021 00:47:14.356,6.479480000000001,6.47907,1,1.1
17.08.2021 00:47:14.872,6.47949,6.479010000000001,1,1.1
17.08.2021 00:47:14.922,6.47945,6.479,1,1
17.08.2021 00:47:15.023,6.479410000000001,6.479,1,1.1
17.08.2021 00:47:15.225,6.479410000000001,6.479,1,1.1
17.08.2021 00:47:17.205,6.4794,6.47897,1,1.2
17.08.2021 00:47:17.255,6.479410000000001,6.47896,1,1.2
17.08.2021 00:47:17.770,6.479410000000001,6.47896,1,1.2
17.08.2021 00:47:18.081,6.479410000000001,6.4789900000000005,1,1.1
17.08.2021 00:47:18.960,6.4794,6.4789900000000005,1,1.1
17.08.2021 00:47:19.206,6.47939,6.47897,1,1.1
17.08.2021 00:47:19.309,6.4794,6.47897,1,1.1
17.08.2021 00:47:19.359,6.479380000000001,6.478930000000001,1,1.6
17.08.2021 00:47:19.410,6.479380000000001,6.478930000000001,1,1.6
17.08.2021 00:47:19.512,6.47939,6.4789200000000005,1,1.1
17.08.2021 00:47:19.663,6.479380000000001,6.478890000000001,1.57,1.65
17.08.2021 00:47:20.127,6.47936,6.4789200000000005,1.1,1.2
17.08.2021 00:47:20.278,6.479410000000001,6.4789200000000005,1.57,1.65
17.08.2021 00:47:20.578,6.47942,6.478940000000001,1,1.1
17.08.2021 00:47:20.628,6.47942,6.478930000000001,1.1,1.65
17.08.2021 00:47:20.929,6.47942,6.478930000000001,1.1,1.67
17.08.2021 00:47:21.180,6.479380000000001,6.4789200000000005,1.1,1.6
17.08.2021 00:47:21.281,6.47937,6.478980000000001,1.1,1
17.08.2021 00:47:21.677,6.479410000000001,6.47895,1.1,1.2
17.08.2021 00:47:22.331,6.47942,6.47897,1.1,1.1
17.08.2021 00:47:24.485,6.479430000000001,6.4789900000000005,1.1,1.2
17.08.2021 00:47:25.342,6.47942,6.47897,1.1,1.1
17.08.2021 00:47:25.844,6.47942,6.47897,1.1,1
17.08.2021 00:47:25.950,6.479380000000001,6.47897,1,1.2
17.08.2021 00:47:26.900,6.47937,6.478940000000001,1.1,1.1
17.08.2021 00:47:28.248,6.4793400000000005,6.47895,1.1,1.1
17.08.2021 00:47:28.703,6.47935,6.4789200000000005,1.1,1.64
17.08.2021 00:47:29.237,6.47931,6.4789200000000005,1,1.6
17.08.2021 00:47:31.331,6.4793,6.478930000000001,1,1.6
17.08.2021 00:47:32.127,6.47931,6.4789200000000005,1,1.6
17.08.2021 00:47:32.365,6.47931,6.478930000000001,1.1,1.64
17.08.2021 00:47:36.567,6.47931,6.478930000000001,1.1,1.6
17.08.2021 00:47:36.719,6.47931,6.478980000000001,1.1,1
17.08.2021 00:47:37.061,6.4793,6.47897,1.1,1
17.08.2021 00:47:38.586,6.47926,6.478980000000001,1.1,1
17.08.2021 00:47:39.263,6.47935,6.47897,1.1,1
17.08.2021 00:47:39.364,6.47937,6.47897,1,1
17.08.2021 00:47:39.415,6.4793400000000005,6.478980000000001,1,1
17.08.2021 00:47:39.516,6.47942,6.479010000000001,1.1,1.1
17.08.2021 00:47:39.617,6.47951,6.479150000000001,1,1.5
17.08.2021 00:47:39.922,6.479410000000001,6.47911,1,1.6
17.08.2021 00:47:40.022,6.47946,6.47912,1,1.1
17.08.2021 00:47:40.274,6.47946,6.47907,1,1.1
17.08.2021 00:47:40.325,6.47947,6.4790600000000005,1,1.1
17.08.2021 00:47:40.426,6.47947,6.479150000000001,1,1.5
17.08.2021 00:47:41.397,6.47946,6.479240000000001,1,1
17.08.2021 00:47:41.591,6.47946,6.479190000000001,1,1.5
17.08.2021 00:47:41.692,6.47947,6.47923,1,1
17.08.2021 00:47:42.404,6.47952,6.47923,1,1
17.08.2021 00:47:45.452,6.479380000000001,6.47917,1,1.5
17.08.2021 00:47:45.502,6.47944,6.47917,1,1.5
17.08.2021 00:47:45.815,6.479480000000001,6.479190000000001,1,1.1
17.08.2021 00:47:48.353,6.47951,6.47918,1,1.3
17.08.2021 00:47:49.086,6.47949,6.479190000000001,1,1.3
17.08.2021 00:47:50.165,6.47947,6.47911,1,1.3
17.08.2021 00:47:50.215,6.47946,6.47905,1,1
17.08.2021 00:47:50.316,6.47947,6.47905,1,1.1
17.08.2021 00:47:50.367,6.47945,6.47905,1,1
17.08.2021 00:47:50.674,6.47946,6.479080000000001,1,1
17.08.2021 00:47:52.706,6.47925,6.4789900000000005,1,1
17.08.2021 00:47:52.807,6.4793,6.4789900000000005,1,1
17.08.2021 00:47:52.858,6.47926,6.478980000000001,1,1
17.08.2021 00:47:52.908,6.4793,6.478980000000001,1.1,1
17.08.2021 00:47:52.959,6.47923,6.47888,1,1
17.08.2021 00:47:53.059,6.47912,6.47882,1,1.5
17.08.2021 00:47:53.110,6.47917,6.47882,1,1
17.08.2021 00:47:53.161,6.47916,6.47877,1,1
17.08.2021 00:47:53.274,6.47916,6.47876,1,1
17.08.2021 00:47:54.340,6.47912,6.47876,1.1,1
17.08.2021 00:47:54.726,6.4791300000000005,6.47879,1.1,1
17.08.2021 00:47:54.776,6.47925,6.47883,1.57,1
17.08.2021 00:47:55.826,6.47923,6.478840000000001,1.1,1
17.08.2021 00:47:57.896,6.47923,6.478840000000001,1.1,1.1
17.08.2021 00:47:58.803,6.479240000000001,6.47881,1.1,1.1
17.08.2021 00:48:00.386,6.479240000000001,6.47882,1,1.1
17.08.2021 00:48:00.437,6.47925,6.47885,1,1.6
17.08.2021 00:48:01.125,6.47925,6.47885,1,1.57
17.08.2021 00:48:06.462,6.479240000000001,6.478890000000001,1,1
17.08.2021 00:48:12.276,6.4793,6.47888,2.25,1
17.08.2021 00:48:13.325,6.479290000000001,6.47891,2.25,1.1
17.08.2021 00:48:17.697,6.4793,6.47888,1,1.57
17.08.2021 00:48:22.645,6.4793,6.4789200000000005,1,1
17.08.2021 00:48:22.764,6.4793400000000005,6.478940000000001,1.5,1.5
17.08.2021 00:48:22.865,6.4793400000000005,6.47896,1,1
17.08.2021 00:48:22.966,6.47939,6.479,1,1
17.08.2021 00:48:23.305,6.47939,6.47897,1,1
17.08.2021 00:48:23.448,6.4794,6.478980000000001,1.1,1
17.08.2021 00:48:23.904,6.47939,6.478980000000001,1,1
17.08.2021 00:48:26.610,6.47937,6.4789900000000005,1.1,1
17.08.2021 00:48:27.596,6.479380000000001,6.4789900000000005,1.1,1
17.08.2021 00:48:27.745,6.4794,6.4789900000000005,1,1
17.08.2021 00:48:27.846,6.47942,6.4790600000000005,1,1
17.08.2021 00:48:27.947,6.479500000000001,6.4792000000000005,1,1
17.08.2021 00:48:28.048,6.479500000000001,6.4792000000000005,1,1.5
17.08.2021 00:48:30.701,6.479500000000001,6.47925,1,1
17.08.2021 00:48:38.119,6.479500000000001,6.47922,1,1.12
17.08.2021 00:48:42.791,6.479590000000001,6.47926,1,1.1
17.08.2021 00:48:42.892,6.479680000000001,6.47926,1.57,1.1
17.08.2021 00:48:42.942,6.4797400000000005,6.4793,1,1.6
17.08.2021 00:48:43.043,6.47984,6.47945,1,1.1
17.08.2021 00:48:43.145,6.47985,6.479480000000001,1,1.1
17.08.2021 00:48:43.454,6.47985,6.47949,1,1.1
17.08.2021 00:48:43.558,6.47984,6.479500000000001,1,1.1
17.08.2021 00:48:45.568,6.479900000000001,6.47949,1,1.57
17.08.2021 00:48:45.669,6.47987,6.47949,1,1.57
17.08.2021 00:48:48.882,6.47985,6.47949,1.1,1
17.08.2021 00:48:48.983,6.47982,6.47947,1,1
17.08.2021 00:48:49.185,6.47976,6.479480000000001,1,1
17.08.2021 00:48:49.921,6.47977,6.47944,1,1
17.08.2021 00:48:49.972,6.47976,6.479410000000001,1,1.6
17.08.2021 00:48:50.073,6.47975,6.47932,1,1.65
17.08.2021 00:48:50.183,6.47975,6.47932,1,1.65
17.08.2021 00:48:50.284,6.4797400000000005,6.47932,1,1.15
17.08.2021 00:48:50.739,6.47961,6.47916,1.5,1.5
17.08.2021 00:48:50.790,6.47965,6.47914,1.5,1.12
17.08.2021 00:48:50.840,6.47954,6.47912,1,1.91
17.08.2021 00:48:50.891,6.479590000000001,6.4791300000000005,1.5,1.1
17.08.2021 00:48:50.942,6.479590000000001,6.4791300000000005,1.5,1.1
17.08.2021 00:48:51.043,6.4796000000000005,6.4792000000000005,1,1
17.08.2021 00:48:51.093,6.479590000000001,6.47916,1,1
17.08.2021 00:48:51.345,6.4796000000000005,6.47921,1,1
17.08.2021 00:48:51.466,6.4795300000000005,6.4792000000000005,1,1
17.08.2021 00:48:51.517,6.4796000000000005,6.479150000000001,1,1.5
17.08.2021 00:48:51.567,6.47962,6.47918,1,1.1
17.08.2021 00:48:51.668,6.47956,6.479280000000001,1,1
17.08.2021 00:48:51.719,6.47956,6.47922,1,1
17.08.2021 00:48:52.749,6.47962,6.47922,1,1
17.08.2021 00:48:52.800,6.47965,6.47922,1.12,1
17.08.2021 00:48:52.951,6.47966,6.47916,1.12,1.1
17.08.2021 00:48:53.229,6.47965,6.47917,1.12,1.1
17.08.2021 00:48:53.384,6.47965,6.47917,1.12,1.1
17.08.2021 00:48:53.729,6.47965,6.47916,1,1.1
17.08.2021 00:48:56.331,6.47966,6.47916,1,1.1
17.08.2021 00:48:56.678,6.47965,6.47916,1,1.1
17.08.2021 00:49:01.387,6.47956,6.47916,1,1.1
17.08.2021 00:49:01.686,6.479550000000001,6.47917,1,1.1
17.08.2021 00:49:01.892,6.47962,6.47916,1,1.57
17.08.2021 00:49:01.976,6.47962,6.47916,1,1.6
17.08.2021 00:49:02.167,6.47961,6.47921,1,1
17.08.2021 00:49:02.268,6.47961,6.47923,1,1
17.08.2021 00:49:02.369,6.479640000000001,6.47923,1.1,1
17.08.2021 00:49:02.522,6.479730000000001,6.47922,1,1
17.08.2021 00:49:02.623,6.47966,6.479240000000001,1,1
17.08.2021 00:49:03.507,6.4797400000000005,6.479240000000001,1.5,1
17.08.2021 00:49:05.174,6.47967,6.479240000000001,1,1
17.08.2021 00:49:06.402,6.47967,6.4792000000000005,1,1
17.08.2021 00:49:06.452,6.479590000000001,6.47916,1,2.82
17.08.2021 00:49:06.553,6.47958,6.47916,1,1.7
17.08.2021 00:49:06.655,6.47958,6.47916,1,1.6
17.08.2021 00:49:07.245,6.47958,6.47914,1,1.12
17.08.2021 00:49:08.592,6.479590000000001,6.47912,1,1.2
17.08.2021 00:49:08.642,6.47956,6.479100000000001,1,1.22
17.08.2021 00:49:08.743,6.479500000000001,6.479100000000001,1,1.12
17.08.2021 00:49:09.479,6.479500000000001,6.47911,1,1
17.08.2021 00:49:09.580,6.47951,6.47912,1,1
17.08.2021 00:49:11.105,6.47956,6.4791300000000005,1,1
17.08.2021 00:49:11.215,6.479550000000001,6.47912,1,1
17.08.2021 00:49:15.247,6.47956,6.4791300000000005,1,1
17.08.2021 00:49:18.833,6.47957,6.47914,1,1
17.08.2021 00:49:20.285,6.47951,6.47912,1,1
17.08.2021 00:49:20.386,6.47951,6.479080000000001,1,1
17.08.2021 00:49:20.487,6.479550000000001,6.479080000000001,1,1
17.08.2021 00:49:20.537,6.47954,6.47911,1,1
17.08.2021 00:49:21.545,6.47945,6.47911,1.1,1
17.08.2021 00:49:23.176,6.47944,6.479100000000001,1.1,1
17.08.2021 00:49:26.035,6.479550000000001,6.479100000000001,1,1
17.08.2021 00:49:26.136,6.47956,6.479290000000001,1,1
17.08.2021 00:49:26.187,6.47957,6.479240000000001,1,1
17.08.2021 00:49:26.287,6.47967,6.47925,1,1.5
17.08.2021 00:49:26.338,6.479690000000001,6.479290000000001,1,1
17.08.2021 00:49:26.388,6.4798,6.479280000000001,1.6,1
17.08.2021 00:49:26.439,6.4797400000000005,6.47936,1,1
17.08.2021 00:49:26.540,6.47979,6.47949,1.57,1
17.08.2021 00:49:26.641,6.479780000000001,6.479480000000001,1,1
17.08.2021 00:49:27.334,6.47976,6.47942,1,1.2
17.08.2021 00:49:27.586,6.47976,6.47935,1,1
17.08.2021 00:49:28.076,6.4797400000000005,6.47935,1,1
17.08.2021 00:49:28.177,6.4797,6.47931,1,1
17.08.2021 00:49:28.278,6.47956,6.47925,1,1
17.08.2021 00:49:29.626,6.47957,6.4792000000000005,1,1
17.08.2021 00:49:29.855,6.47956,6.479150000000001,1.5,1
17.08.2021 00:49:29.956,6.479550000000001,6.47914,1.1,1
17.08.2021 00:49:30.106,6.47951,6.479150000000001,1.1,1
17.08.2021 00:49:31.108,6.47947,6.47914,1.1,1
17.08.2021 00:49:31.334,6.47945,6.47912,1.1,1
17.08.2021 00:49:32.127,6.479430000000001,6.47912,1.1,1
17.08.2021 00:49:38.153,6.47947,6.47911,1.1,1
17.08.2021 00:49:38.883,6.47947,6.47912,1.1,1
17.08.2021 00:49:45.434,6.479480000000001,6.4791300000000005,1.1,1
17.08.2021 00:49:51.220,6.47936,6.4791300000000005,1,1
17.08.2021 00:49:51.271,6.47937,6.479080000000001,1,1
17.08.2021 00:49:51.422,6.47936,6.47907,1,1
17.08.2021 00:49:51.554,6.47937,6.47904,1,1
17.08.2021 00:49:51.655,6.47937,6.479030000000001,1,1
17.08.2021 00:49:51.705,6.47937,6.479010000000001,1.5,1
17.08.2021 00:49:56.624,6.479430000000001,6.47902,1.1,1
17.08.2021 00:49:56.725,6.47936,6.47902,1,1
17.08.2021 00:49:58.357,6.47937,6.47896,1,1
17.08.2021 00:50:08.131,6.47936,6.4789900000000005,1,1
17.08.2021 00:50:13.349,6.47936,6.47896,1,1
17.08.2021 00:50:21.447,6.47936,6.47895,1,1
17.08.2021 00:50:40.655,6.47936,6.4789900000000005,1,1
17.08.2021 00:50:42.275,6.47937,6.478930000000001,1,1.1
17.08.2021 00:50:42.485,6.47937,6.4789200000000005,1,1
17.08.2021 00:50:51.265,6.47937,6.47895,1.1,1
17.08.2021 00:50:55.526,6.47936,6.478930000000001,1.1,1
17.08.2021 00:51:02.985,6.4793400000000005,6.478930000000001,1,1
17.08.2021 00:51:03.371,6.47935,6.478890000000001,1,1
17.08.2021 00:51:03.522,6.47931,6.478890000000001,1,1
17.08.2021 00:51:04.216,6.4793400000000005,6.4789,1,1
17.08.2021 00:51:08.671,6.47937,6.478890000000001,1.6,1
17.08.2021 00:51:08.782,6.47935,6.478890000000001,1,1
17.08.2021 00:51:09.527,6.47936,6.4789,1.5,1
17.08.2021 00:51:10.016,6.47939,6.478940000000001,1.1,1
17.08.2021 00:51:10.867,6.4794,6.478940000000001,1.6,1
17.08.2021 00:51:11.189,6.479410000000001,6.47895,1.1,1
17.08.2021 00:51:14.329,6.47937,6.47895,1,1
17.08.2021 00:51:15.169,6.4793400000000005,6.47896,1,1
17.08.2021 00:51:15.332,6.479330000000001,6.47895,1,1
17.08.2021 00:51:15.963,6.479330000000001,6.4789200000000005,1,1
17.08.2021 00:51:16.207,6.479240000000001,6.4789200000000005,1,1
17.08.2021 00:51:17.251,6.479240000000001,6.478890000000001,1,1
17.08.2021 00:51:22.214,6.47923,6.47887,1,1
17.08.2021 00:51:23.466,6.479290000000001,6.47891,1,1
17.08.2021 00:51:23.517,6.4794,6.478940000000001,1.6,1
17.08.2021 00:51:23.617,6.4794,6.478980000000001,1.6,1
17.08.2021 00:51:23.718,6.47942,6.47897,1.6,1
17.08.2021 00:51:24.159,6.47942,6.47902,1.1,1
17.08.2021 00:51:24.260,6.47937,6.47905,1,1
17.08.2021 00:51:24.411,6.479380000000001,6.479,1.1,1
17.08.2021 00:51:24.462,6.479380000000001,6.478980000000001,1.1,1
17.08.2021 00:51:24.623,6.47936,6.47896,1,1
17.08.2021 00:51:24.784,6.47937,6.4789200000000005,1.1,1
17.08.2021 00:51:24.920,6.47937,6.47891,1.1,1
17.08.2021 00:51:30.794,6.4793400000000005,6.4789,1,1
17.08.2021 00:51:31.386,6.47935,6.478930000000001,1,1
17.08.2021 00:51:31.537,6.47937,6.47896,1,1
17.08.2021 00:51:32.057,6.479380000000001,6.47897,1,1
17.08.2021 00:51:32.264,6.47937,6.479,1,1
17.08.2021 00:51:32.874,6.47942,6.4789900000000005,1.6,1
17.08.2021 00:51:32.945,6.47937,6.4789900000000005,1,1
17.08.2021 00:51:33.070,6.47942,6.4789900000000005,1.1,1
17.08.2021 00:51:33.120,6.47944,6.47904,1,1
17.08.2021 00:51:38.848,6.479480000000001,6.47905,1,1
17.08.2021 00:51:39.126,6.47949,6.47905,1,1
17.08.2021 00:52:29.960,6.47946,6.4790600000000005,1,1
17.08.2021 00:52:34.327,6.47949,6.47905,1,1
17.08.2021 00:52:34.377,6.47949,6.47907,1,1
17.08.2021 00:52:35.151,6.47949,6.479080000000001,1,1
17.08.2021 00:52:39.265,6.47949,6.47907,1,1
17.08.2021 00:52:42.538,6.479500000000001,6.47907,1,1
17.08.2021 00:53:04.965,6.479410000000001,6.47907,1,1
17.08.2021 00:53:35.238,6.47946,6.479080000000001,1,1
17.08.2021 00:54:12.175,6.47926,6.47902,1,1
17.08.2021 00:54:12.226,6.47927,6.47897,1,1
17.08.2021 00:54:16.437,6.479330000000001,6.47897,1,1
17.08.2021 00:54:16.557,6.47939,6.47897,1,1.1
17.08.2021 00:54:16.607,6.47939,6.47902,1,1
17.08.2021 00:54:16.894,6.479380000000001,6.47907,1,1
17.08.2021 00:54:25.708,6.47944,6.47907,1,1
17.08.2021 00:54:50.913,6.47945,6.479080000000001,1,1
17.08.2021 00:54:51.311,6.47944,6.47912,1,1
17.08.2021 00:54:51.706,6.47951,6.47912,1.05,1
17.08.2021 00:54:58.170,6.479480000000001,6.47909,1,1
17.08.2021 00:54:58.221,6.47946,6.479080000000001,1,1
17.08.2021 00:54:58.323,6.479380000000001,6.479080000000001,1,1
17.08.2021 00:55:00.261,6.47944,6.47907,1,1
17.08.2021 00:55:06.306,6.47942,6.47907,1,1
17.08.2021 00:55:06.833,6.47944,6.47907,1,1
17.08.2021 00:55:08.808,6.479430000000001,6.4790600000000005,1,1
17.08.2021 00:55:14.807,6.47944,6.479030000000001,1,1
17.08.2021 00:55:20.229,6.479430000000001,6.4790600000000005,1,1
17.08.2021 00:55:20.330,6.47944,6.47909,1,1
17.08.2021 00:55:20.724,6.479430000000001,6.479080000000001,1,1
17.08.2021 00:55:25.975,6.47944,6.47905,1,1
17.08.2021 00:55:37.620,6.47947,6.4790600000000005,1,1
17.08.2021 00:55:40.677,6.47947,6.4790600000000005,1,1.6
17.08.2021 00:55:40.727,6.479480000000001,6.47909,1,1
17.08.2021 00:55:41.184,6.479480000000001,6.47905,1.5,1.5
17.08.2021 00:55:49.285,6.47947,6.47905,1,1.5
17.08.2021 00:56:02.004,6.47965,6.47927,1,1
17.08.2021 00:56:02.054,6.47961,6.47918,1,2.25
17.08.2021 00:56:02.105,6.479640000000001,6.47918,1,2.25
17.08.2021 00:56:02.155,6.47965,6.479290000000001,1,1.1
17.08.2021 00:56:02.206,6.47966,6.479240000000001,1,1.5
17.08.2021 00:56:02.257,6.47965,6.479280000000001,1,1.1
17.08.2021 00:56:02.358,6.47966,6.479240000000001,1,1
17.08.2021 00:56:02.409,6.47965,6.479290000000001,1,1
17.08.2021 00:56:02.510,6.47965,6.479330000000001,1,1.57
17.08.2021 00:56:02.715,6.4797,6.479330000000001,1,1.57
17.08.2021 00:56:02.908,6.4797,6.4794,1,1
17.08.2021 00:56:02.959,6.479780000000001,6.47942,1,1
17.08.2021 00:56:03.060,6.47975,6.479430000000001,1,1.5
17.08.2021 00:56:03.262,6.47976,6.47944,1,1
17.08.2021 00:56:10.425,6.47966,6.47944,1,1
17.08.2021 00:56:21.697,6.4797400000000005,6.47944,1,1
17.08.2021 00:56:21.757,6.479730000000001,6.47947,1,1
17.08.2021 00:56:22.881,6.47984,6.47946,1.5,1
17.08.2021 00:56:22.982,6.479830000000001,6.479500000000001,1,1
17.08.2021 00:56:23.204,6.47976,6.479500000000001,1,1
17.08.2021 00:56:25.609,6.47976,6.479480000000001,1,1
17.08.2021 00:56:25.719,6.47976,6.47949,1,1
17.08.2021 00:56:27.547,6.47985,6.47952,1,1.1
17.08.2021 00:56:27.598,6.47989,6.4795300000000005,1,1
17.08.2021 00:56:27.648,6.47987,6.47952,1,1
17.08.2021 00:56:27.749,6.4798800000000005,6.47951,1,1
17.08.2021 00:56:27.850,6.479900000000001,6.47956,1,1.1
17.08.2021 00:56:28.607,6.47994,6.47958,1,1
17.08.2021 00:56:28.956,6.4799500000000005,6.47962,1,1
17.08.2021 00:56:29.241,6.48001,6.47963,1,1
17.08.2021 00:56:29.292,6.48002,6.47965,1,1
17.08.2021 00:56:29.556,6.48001,6.47966,1,1.6
17.08.2021 00:56:29.736,6.48001,6.479690000000001,1,1
17.08.2021 00:56:33.401,6.48012,6.47976,1,1
17.08.2021 00:56:33.501,6.48006,6.47977,1,1
17.08.2021 00:56:33.602,6.480130000000001,6.479830000000001,1,1
17.08.2021 00:56:33.703,6.48019,6.47987,1,1
17.08.2021 00:56:33.754,6.4803500000000005,6.47989,1,1
17.08.2021 00:56:33.855,6.480340000000001,6.47991,1,1
17.08.2021 00:56:34.442,6.4803500000000005,6.4799500000000005,1,1
17.08.2021 00:56:36.985,6.4803500000000005,6.47996,1,1
17.08.2021 00:56:37.888,6.480340000000001,6.479990000000001,1,1
17.08.2021 00:56:37.989,6.4803500000000005,6.48001,1,1
17.08.2021 00:56:38.454,6.480340000000001,6.48003,1,1
17.08.2021 00:56:38.765,6.4803500000000005,6.48001,1,1
17.08.2021 00:56:39.013,6.4803500000000005,6.47998,1,1
17.08.2021 00:56:39.114,6.480340000000001,6.47998,1,1
17.08.2021 00:56:39.215,6.480340000000001,6.47997,1,1
17.08.2021 00:56:39.947,6.4803500000000005,6.47991,1,1.1
17.08.2021 00:56:40.523,6.4803500000000005,6.47991,1.5,1.1
17.08.2021 00:56:44.109,6.4803500000000005,6.47993,1.5,1
17.08.2021 00:56:44.210,6.480340000000001,6.47986,1.5,2
17.08.2021 00:56:44.261,6.4803500000000005,6.47992,1.5,1.1
17.08.2021 00:56:44.362,6.48024,6.47993,1.5,1.1
17.08.2021 00:56:44.875,6.480250000000001,6.47987,1.5,1.1
17.08.2021 00:56:48.180,6.480250000000001,6.47982,1,1
17.08.2021 00:56:48.281,6.480250000000001,6.479780000000001,1,1
17.08.2021 00:56:48.332,6.48027,6.47976,1,1
17.08.2021 00:56:48.383,6.480250000000001,6.479690000000001,1,1
17.08.2021 00:56:48.434,6.4802800000000005,6.47967,1,1.54
17.08.2021 00:56:48.484,6.48027,6.47972,1,1
17.08.2021 00:56:48.585,6.4802800000000005,6.47975,1,1
17.08.2021 00:56:48.636,6.48026,6.4797,1,1
17.08.2021 00:56:49.085,6.480230000000001,6.479680000000001,1,1
17.08.2021 00:56:49.238,6.480250000000001,6.4797,1,1
17.08.2021 00:56:49.668,6.48029,6.4797,1,1
17.08.2021 00:56:49.718,6.48029,6.4797400000000005,1,1
17.08.2021 00:56:50.376,6.48032,6.47971,1,1.5
17.08.2021 00:56:50.427,6.48037,6.4797,1.5,1
17.08.2021 00:56:51.180,6.48037,6.4797,1.5,1.1
17.08.2021 00:56:52.183,6.48036,6.47971,1.5,1.1
17.08.2021 00:56:52.723,6.48031,6.4797400000000005,1,1
17.08.2021 00:56:52.832,6.48027,6.479730000000001,1,1.1
17.08.2021 00:56:54.083,6.48024,6.479690000000001,1,1.1
17.08.2021 00:56:55.401,6.48019,6.4797,1,1.1
17.08.2021 00:56:55.502,6.480160000000001,6.479690000000001,1,1
17.08.2021 00:56:55.602,6.480160000000001,6.47965,1,1
17.08.2021 00:56:55.653,6.48012,6.47966,1,1
17.08.2021 00:56:55.704,6.48015,6.47967,1,1
17.08.2021 00:56:55.855,6.480160000000001,6.47967,1,1
17.08.2021 00:56:55.905,6.48017,6.47966,1,1.05
17.08.2021 00:56:56.177,6.4802100000000005,6.47966,1,1.62
17.08.2021 00:56:56.278,6.48017,6.47966,1,1.15
17.08.2021 00:56:56.412,6.48017,6.47966,1,1.1
17.08.2021 00:56:56.513,6.48012,6.47966,1,1.1
17.08.2021 00:56:56.564,6.480160000000001,6.47967,1,1.1
17.08.2021 00:56:56.913,6.48017,6.47966,1,1.15
17.08.2021 00:56:57.337,6.480160000000001,6.47967,1,1.1
17.08.2021 00:56:59.599,6.48017,6.47966,1,1.1
17.08.2021 00:56:59.649,6.48015,6.47962,1,1.6
17.08.2021 00:56:59.815,6.48011,6.479590000000001,1,1.6
17.08.2021 00:56:59.917,6.48007,6.4795300000000005,1,1.6
17.08.2021 00:56:59.967,6.48006,6.47956,1,1.1
17.08.2021 00:57:00.119,6.48011,6.47957,1,1
17.08.2021 00:57:00.332,6.4801400000000005,6.47958,1,1
17.08.2021 00:57:00.686,6.480080000000001,6.47957,1,1
17.08.2021 00:57:00.787,6.48007,6.47958,1,1.1
17.08.2021 00:57:00.939,6.48007,6.47958,1,1.1
17.08.2021 00:57:01.040,6.480080000000001,6.4796000000000005,1,1
17.08.2021 00:57:01.192,6.480130000000001,6.4796000000000005,1,1
17.08.2021 00:57:01.292,6.48017,6.47967,1,1
17.08.2021 00:57:01.404,6.48012,6.47967,1,1
17.08.2021 00:57:01.665,6.48015,6.479680000000001,1,1
17.08.2021 00:57:02.683,6.48012,6.47967,1,1
17.08.2021 00:57:02.734,6.48012,6.47962,1,1
17.08.2021 00:57:03.260,6.48017,6.47963,1,1
17.08.2021 00:57:03.361,6.4802,6.479640000000001,1.5,1
17.08.2021 00:57:03.562,6.48017,6.47965,1,1
17.08.2021 00:57:03.663,6.48017,6.47967,1,1
17.08.2021 00:57:11.285,6.48019,6.479680000000001,1,1.1
17.08.2021 00:57:11.484,6.4802,6.479680000000001,1,1
17.08.2021 00:57:11.585,6.4802,6.479680000000001,1,1.1
17.08.2021 00:57:13.618,6.4802,6.479680000000001,1,1
17.08.2021 00:57:15.385,6.480160000000001,6.47967,1,1.12
17.08.2021 00:57:15.657,6.480130000000001,6.47962,1,1.6
17.08.2021 00:57:16.236,6.480130000000001,6.47962,1,1.1
17.08.2021 00:57:20.399,6.48012,6.47962,1,1.1
17.08.2021 00:57:20.449,6.480130000000001,6.47961,1,1.6
17.08.2021 00:57:21.904,6.480130000000001,6.4796000000000005,1,1.5
17.08.2021 00:57:21.955,6.480130000000001,6.4796000000000005,1.05,1.5
17.08.2021 00:57:22.423,6.480130000000001,6.4796000000000005,1.05,1
17.08.2021 00:57:22.538,6.48012,6.47961,1,1
17.08.2021 00:57:22.589,6.48012,6.47963,1,1
17.08.2021 00:57:23.144,6.480130000000001,6.47962,1.05,1
17.08.2021 00:57:23.707,6.48012,6.47963,1,1
17.08.2021 00:57:23.911,6.48017,6.479640000000001,1,1
17.08.2021 00:57:26.758,6.48019,6.479680000000001,1,1
17.08.2021 00:57:27.123,6.4802,6.479640000000001,1,1
17.08.2021 00:57:27.335,6.48019,6.479730000000001,1,1
17.08.2021 00:57:27.436,6.4802,6.479730000000001,1,1
17.08.2021 00:57:27.538,6.48026,6.479730000000001,1.05,1
17.08.2021 00:57:28.022,6.480250000000001,6.479730000000001,1,1
17.08.2021 00:57:28.733,6.48026,6.4797,1,1
17.08.2021 00:57:28.846,6.48026,6.479690000000001,1,1
17.08.2021 00:57:28.936,6.480300000000001,6.479690000000001,1,1.5
17.08.2021 00:57:29.257,6.480300000000001,6.479690000000001,1,2
17.08.2021 00:57:30.263,6.48029,6.4797,1,1.5
17.08.2021 00:57:30.465,6.480250000000001,6.4797,1,1.5
17.08.2021 00:57:32.347,6.48024,6.47971,1,1.5
17.08.2021 00:57:32.937,6.48029,6.479690000000001,1,1.5
17.08.2021 00:57:37.371,6.48029,6.4797,1,1.5
17.08.2021 00:57:42.247,6.480300000000001,6.47975,1,1
17.08.2021 00:57:53.107,6.48029,6.4798100000000005,1,1
17.08.2021 00:57:53.838,6.48029,6.479780000000001,1,1
17.08.2021 00:57:53.939,6.48032,6.47979,1,1
17.08.2021 00:57:53.990,6.48031,6.47977,1,1
17.08.2021 00:57:54.096,6.48031,6.47976,1,1.12
17.08.2021 00:57:58.121,6.48026,6.4797400000000005,1,1.5
17.08.2021 00:57:58.222,6.48017,6.479730000000001,1,1.5
17.08.2021 00:57:59.152,6.48017,6.47971,1,1.6
17.08.2021 00:58:01.961,6.480130000000001,6.47971,1,1.6
17.08.2021 00:58:02.012,6.48017,6.47971,1,1.6
17.08.2021 00:58:08.846,6.480180000000001,6.479680000000001,1,1
17.08.2021 00:58:12.850,6.480180000000001,6.479680000000001,1.05,1
17.08.2021 00:58:14.201,6.48017,6.479690000000001,1,1
17.08.2021 00:58:14.967,6.48017,6.47971,1,1
17.08.2021 00:58:17.343,6.48017,6.47971,1,1.05
17.08.2021 00:58:17.999,6.480180000000001,6.4797,1,1.05
17.08.2021 00:58:18.568,6.480180000000001,6.479680000000001,1.05,1
17.08.2021 00:58:22.201,6.48017,6.4797400000000005,1,1
17.08.2021 00:58:22.302,6.48015,6.479730000000001,1,1
17.08.2021 00:58:22.403,6.48015,6.479680000000001,1,1
17.08.2021 00:58:22.696,6.4801400000000005,6.479690000000001,1.05,1
17.08.2021 00:58:29.146,6.47996,6.47962,1,1
17.08.2021 00:58:29.247,6.479830000000001,6.479430000000001,1,1.1
17.08.2021 00:58:29.348,6.479830000000001,6.479380000000001,2.25,1.5
17.08.2021 00:58:29.398,6.47985,6.47946,1,1
17.08.2021 00:58:29.499,6.47987,6.479480000000001,1.5,1.1
17.08.2021 00:58:31.554,6.47987,6.47961,1,1
17.08.2021 00:58:31.655,6.47987,6.47946,1,1.22
17.08.2021 00:58:31.756,6.47984,6.47942,1,2.1
17.08.2021 00:58:31.857,6.47984,6.47956,1,1.5
17.08.2021 00:58:31.907,6.47987,6.47951,1.5,1
17.08.2021 00:58:32.008,6.47987,6.47951,1.5,1.5
17.08.2021 00:58:32.235,6.47984,6.479480000000001,1,1.5
17.08.2021 00:58:32.286,6.47984,6.47947,1,1.5
17.08.2021 00:58:33.044,6.47982,6.47946,1,1.5
17.08.2021 00:58:33.190,6.479780000000001,6.47947,1.74,1
17.08.2021 00:58:33.240,6.479780000000001,6.4794,1.74,1
17.08.2021 00:58:33.291,6.479730000000001,6.47936,1,1.5
17.08.2021 00:58:33.392,6.479730000000001,6.47936,1,1
17.08.2021 00:58:36.370,6.479690000000001,6.47937,1,1
17.08.2021 00:58:45.632,6.47966,6.47926,1,1.55
17.08.2021 00:58:45.733,6.479680000000001,6.479280000000001,1,1.5
17.08.2021 00:58:45.948,6.479690000000001,6.47935,1,1
17.08.2021 00:58:47.642,6.479690000000001,6.47927,1,1
17.08.2021 00:58:47.692,6.47966,6.47926,1,1.5
17.08.2021 00:58:47.794,6.47966,6.47927,1,1
17.08.2021 00:58:47.945,6.47961,6.47921,1,1.6
17.08.2021 00:58:48.046,6.47952,6.479100000000001,1,1.6
17.08.2021 00:58:48.197,6.479550000000001,6.47921,1,1
17.08.2021 00:58:48.298,6.47956,6.4792000000000005,1,1.1
17.08.2021 00:58:48.775,6.47956,6.4792000000000005,1,1.1
17.08.2021 00:58:49.710,6.4795300000000005,6.479190000000001,1,1
17.08.2021 00:58:49.811,6.47947,6.47911,1,1.5
17.08.2021 00:58:50.422,6.479480000000001,6.479100000000001,1,1
17.08.2021 00:59:00.746,6.479480000000001,6.47895,1,1.65
17.08.2021 00:59:00.866,6.479430000000001,6.47904,1,1.1
17.08.2021 00:59:00.917,6.47944,6.47905,1,1.1
17.08.2021 00:59:03.934,6.47944,6.479030000000001,1,1.1
17.08.2021 00:59:04.688,6.47944,6.479010000000001,1,1.1
17.08.2021 00:59:12.911,6.47945,6.478980000000001,1,1.1
17.08.2021 00:59:17.147,6.47944,6.47897,1,1.2
17.08.2021 00:59:33.507,6.47944,6.47896,1,1.12
17.08.2021 00:59:33.983,6.47946,6.47896,1,1.12
17.08.2021 00:59:34.958,6.47947,6.47897,1,1.1
17.08.2021 00:59:35.765,6.47949,6.4791300000000005,1,1
17.08.2021 00:59:35.816,6.47952,6.47914,1,1
17.08.2021 00:59:35.916,6.47958,6.47914,1,1.1
17.08.2021 00:59:36.017,6.47963,6.4791300000000005,1,1.1
17.08.2021 00:59:36.068,6.479590000000001,6.47914,1,1.1
17.08.2021 00:59:44.416,6.479590000000001,6.47914,1,1.6
17.08.2021 00:59:46.736,6.4796000000000005,6.47912,1,1.6
17.08.2021 00:59:46.837,6.47954,6.4791300000000005,1,1.6
17.08.2021 00:59:57.352,6.47954,6.479190000000001,1,1
17.08.2021 00:59:57.497,6.47957,6.4793,1,1
17.08.2021 00:59:57.598,6.47963,6.479290000000001,1,1.5
17.08.2021 00:59:57.699,6.479640000000001,6.479290000000001,2.25,1.5
17.08.2021 00:59:57.800,6.479640000000001,6.4793,1.5,1.1
17.08.2021 00:59:57.951,6.479640000000001,6.479380000000001,1.5,1
17.08.2021 00:59:58.646,6.47963,6.479330000000001,1,1
17.08.2021 00:59:58.747,6.47963,6.4793,1,1
17.08.2021 00:59:58.797,6.479590000000001,6.479290000000001,1,1
17.08.2021 00:59:58.848,6.479590000000001,6.479240000000001,1,1.1
17.08.2021 00:59:58.949,6.479590000000001,6.47921,1,1.1
17.08.2021 00:59:59.398,6.4796000000000005,6.4792000000000005,1,1.1
17.08.2021 01:00:00.172,6.4796000000000005,6.4792000000000005,1,1.1
17.08.2021 01:00:00.983,6.4796000000000005,6.4792000000000005,1,1.1
17.08.2021 01:00:01.135,6.4796000000000005,6.479190000000001,1,1.1
17.08.2021 01:00:01.235,6.4795300000000005,6.47909,1,1
17.08.2021 01:00:01.286,6.47945,6.479080000000001,1,1
17.08.2021 01:00:01.337,6.47949,6.47909,1,1
17.08.2021 01:00:01.488,6.479500000000001,6.47904,1,1
17.08.2021 01:00:01.589,6.479380000000001,6.479030000000001,1,1.26
17.08.2021 01:00:01.639,6.47945,6.47896,1.12,1.86
17.08.2021 01:00:01.690,6.47945,6.47912,1.12,1
17.08.2021 01:00:01.740,6.47947,6.479080000000001,1,1
17.08.2021 01:00:01.791,6.47944,6.47907,1,1
17.08.2021 01:00:01.841,6.479480000000001,6.47907,1,1
17.08.2021 01:00:02.043,6.47946,6.479030000000001,1,1.42
17.08.2021 01:00:02.093,6.4793400000000005,6.479030000000001,1,1.36
17.08.2021 01:00:02.143,6.47939,6.47902,1,1.26
17.08.2021 01:00:02.244,6.47939,6.479,1,1.46
17.08.2021 01:00:02.386,6.47935,6.4789900000000005,1,1.46
17.08.2021 01:00:02.487,6.47932,6.47895,1,1.38
17.08.2021 01:00:02.537,6.47935,6.47895,1,1.26
17.08.2021 01:00:02.588,6.47935,6.47895,1,1
17.08.2021 01:00:02.697,6.479240000000001,6.47896,1,1
17.08.2021 01:00:02.747,6.47925,6.47895,1,1.12
17.08.2021 01:00:02.798,6.479330000000001,6.47895,1,1.12
17.08.2021 01:00:02.911,6.4793400000000005,6.47896,1,1.87
17.08.2021 01:00:02.961,6.479330000000001,6.47895,1,1.87
17.08.2021 01:00:03.669,6.47931,6.47895,1,1
17.08.2021 01:00:03.770,6.479280000000001,6.47895,1,1
17.08.2021 01:00:03.972,6.4793400000000005,6.47895,1,1
17.08.2021 01:00:04.121,6.47914,6.47896,1,1
17.08.2021 01:00:04.172,6.47912,6.478890000000001,1,1
17.08.2021 01:00:04.273,6.47914,6.4789,1,1
